|j|☆PolishFemboi
|j|☆reiiji
|t:|1760399903
|gametype|singles
|player|p1|PolishFemboi|266|1027
|player|p2|reiiji|266|1001
|gen|9
|tier|[Gen 9] OU
|rated|
|rule|HP Percentage Mod: HP is shown in percentages
|rule|Endless Battle Clause: Forcing endless battles is banned
|rule|Species Clause: Limit one of each Pokémon
|rule|OHKO Clause: OHKO moves are banned
|rule|Evasion Items Clause: Evasion items are banned
|rule|Evasion Moves Clause: Evasion moves are banned
|rule|Evasion Abilities Clause: Evasion abilities are banned
|rule|Sleep Moves Clause: Sleep-inducing moves are banned
|clearpoke
|poke|p1|Azumarill, M|
|poke|p1|Dusclops, M|
|poke|p1|Sandy Shocks|
|poke|p1|Darkrai|
|poke|p1|Latios, M|
|poke|p1|Whimsicott, M|
|poke|p2|Torterra, M|
|poke|p2|Samurott-Hisui, M|
|poke|p2|Iron Moth|
|poke|p2|Slither Wing|
|poke|p2|Iron Thorns|
|poke|p2|Dragapult, F|
|teampreview
|
|t:|1760399913
|teamsize|p1|6
|teamsize|p2|6
|start
|switch|p1a: Dusclops|Dusclops, M|100/100
|switch|p2a: Samurott|Samurott-Hisui, M|100/100
|-ability|p1a: Dusclops|Pressure
|turn|1
|j| Motobug in a Kart
|inactive|Battle timer is ON: inactive players will automatically lose when time's up. (requested by reiiji)
|
|t:|1760399925
|switch|p2a: Dragapult|Dragapult, F|100/100
|move|p1a: Dusclops|Will-O-Wisp|p2a: Dragapult
|-status|p2a: Dragapult|brn
|
|-damage|p2a: Dragapult|95/100 brn|[from] brn
|upkeep
|turn|2
|
|t:|1760399933
|move|p2a: Dragapult|Shadow Ball|p1a: Dusclops
|-supereffective|p1a: Dusclops
|-damage|p1a: Dusclops|52/100
|move|p1a: Dusclops|Trick Room|p1a: Dusclops
|-fieldstart|move: Trick Room|[of] p1a: Dusclops
|
|-damage|p2a: Dragapult|89/100 brn|[from] brn
|upkeep
|turn|3
|
|t:|1760399953
|move|p1a: Dusclops|Memento|p2a: Dragapult
|-unboost|p2a: Dragapult|atk|2
|-unboost|p2a: Dragapult|spa|2
|faint|p1a: Dusclops
|move|p2a: Dragapult|Shadow Ball|p1: Dusclops|[notarget]
|-fail|p2a: Dragapult
|
|-damage|p2a: Dragapult|83/100 brn|[from] brn
|upkeep
|
|t:|1760399961
|switch|p1a: Azumarill|Azumarill, M|100/100
|turn|4
|
|t:|1760399974
|move|p1a: Azumarill|Belly Drum|p1a: Azumarill
|-damage|p1a: Azumarill|50/100
|-setboost|p1a: Azumarill|atk|6|[from] move: Belly Drum
|-enditem|p1a: Azumarill|Sitrus Berry|[eat]
|-heal|p1a: Azumarill|75/100|[from] item: Sitrus Berry
|move|p2a: Dragapult|Shadow Ball|p1a: Azumarill
|-damage|p1a: Azumarill|48/100
|
|-damage|p2a: Dragapult|77/100 brn|[from] brn
|upkeep
|turn|5
|
|t:|1760399984
|move|p1a: Azumarill|Play Rough|p2a: Dragapult
|-supereffective|p2a: Dragapult
|-damage|p2a: Dragapult|0 fnt
|faint|p2a: Dragapult
|
|upkeep
|
|t:|1760399987
|switch|p2a: Samurott|Samurott-Hisui, M|100/100
|turn|6
|
|t:|1760399996
|-terastallize|p2a: Samurott|Poison
|move|p1a: Azumarill|Play Rough|p2a: Samurott
|-resisted|p2a: Samurott
|-enditem|p2a: Samurott|Focus Sash
|-damage|p2a: Samurott|1/100
|move|p2a: Samurott|Tera Blast|p1a: Azumarill|[anim] Tera Blast Poison
|-supereffective|p1a: Azumarill
|-damage|p1a: Azumarill|0 fnt
|faint|p1a: Azumarill
|
|-fieldend|move: Trick Room
|upkeep
|
|t:|1760400012
|switch|p1a: Sandy Shocks|Sandy Shocks|100/100
|-enditem|p1a: Sandy Shocks|Booster Energy
|-activate|p1a: Sandy Shocks|ability: Protosynthesis|[fromitem]
|-start|p1a: Sandy Shocks|protosynthesisspe
|turn|7
|
|t:|1760400024
|move|p2a: Samurott|Aqua Jet|p1a: Sandy Shocks
|-supereffective|p1a: Sandy Shocks
|-crit|p1a: Sandy Shocks
|-damage|p1a: Sandy Shocks|40/100
|move|p1a: Sandy Shocks|Thunderbolt|p2a: Samurott
|-damage|p2a: Samurott|0 fnt
|faint|p2a: Samurott
|
|upkeep
|
|t:|1760400028
|switch|p2a: Torterra|Torterra, M|100/100
|turn|8
|
|t:|1760400039
|move|p1a: Sandy Shocks|Stealth Rock|p2a: Torterra
|-sidestart|p2: reiiji|move: Stealth Rock
|move|p2a: Torterra|Shell Smash|p2a: Torterra
|-unboost|p2a: Torterra|def|1
|-unboost|p2a: Torterra|spd|1
|-boost|p2a: Torterra|atk|2
|-boost|p2a: Torterra|spa|2
|-boost|p2a: Torterra|spe|2
|
|upkeep
|turn|9
|inactive|PolishFemboi has 120 seconds left.
|inactive|reiiji has 120 seconds left.
|
|t:|1760400074
|-end|p1a: Sandy Shocks|Protosynthesis|[silent]
|switch|p1a: Latios|Latios, M|100/100
|move|p2a: Torterra|Bullet Seed|p1a: Latios
|-resisted|p1a: Latios
|-damage|p1a: Latios|84/100
|-resisted|p1a: Latios
|-damage|p1a: Latios|65/100
|-resisted|p1a: Latios
|-damage|p1a: Latios|48/100
|-resisted|p1a: Latios
|-damage|p1a: Latios|29/100
|-resisted|p1a: Latios
|-damage|p1a: Latios|12/100
|-hitcount|p1a: Latios|5
|
|upkeep
|turn|10
|inactive|PolishFemboi has 120 seconds left.
|inactive|reiiji has 120 seconds left.
|
|t:|1760400086
|move|p1a: Latios|Draco Meteor|p2a: Torterra
|-damage|p2a: Torterra|0 fnt
|-unboost|p1a: Latios|spa|2
|faint|p2a: Torterra
|
|upkeep
|inactive|reiiji has 120 seconds left.
|
|t:|1760400091
|switch|p2a: Iron Moth|Iron Moth|100/100
|-damage|p2a: Iron Moth|76/100|[from] Stealth Rock
|-enditem|p2a: Iron Moth|Booster Energy
|-activate|p2a: Iron Moth|ability: Quark Drive|[fromitem]
|-start|p2a: Iron Moth|quarkdrivespe
|turn|11
|
|t:|1760400099
|switch|p1a: Sandy Shocks|Sandy Shocks|40/100
|move|p2a: Iron Moth|Dazzling Gleam|p1a: Sandy Shocks
|-damage|p1a: Sandy Shocks|11/100
|
|upkeep
|turn|12
|
|t:|1760400111
|move|p2a: Iron Moth|Energy Ball|p1a: Sandy Shocks
|-supereffective|p1a: Sandy Shocks
|-damage|p1a: Sandy Shocks|0 fnt
|faint|p1a: Sandy Shocks
|-end|p1a: Sandy Shocks|Protosynthesis|[silent]
|
|upkeep
|
|t:|1760400121
|switch|p1a: Latios|Latios, M|12/100
|turn|13
|
|t:|1760400128
|move|p1a: Latios|Psychic|p2a: Iron Moth
|-supereffective|p2a: Iron Moth
|-damage|p2a: Iron Moth|0 fnt
|faint|p2a: Iron Moth
|-end|p2a: Iron Moth|Quark Drive|[silent]
|
|upkeep
|
|t:|1760400144
|switch|p2a: Iron Thorns|Iron Thorns, shiny|100/100
|-damage|p2a: Iron Thorns|88/100|[from] Stealth Rock
|-enditem|p2a: Iron Thorns|Booster Energy
|-activate|p2a: Iron Thorns|ability: Quark Drive|[fromitem]
|-start|p2a: Iron Thorns|quarkdrivedef
|turn|14
|
|t:|1760400151
|switch|p1a: Whimsicott|Whimsicott, M|100/100
|move|p2a: Iron Thorns|Rock Slide|p1a: Whimsicott
|-damage|p1a: Whimsicott|70/100
|
|upkeep
|turn|15
|
|t:|1760400157
|move|p1a: Whimsicott|Cotton Guard|p1a: Whimsicott
|-boost|p1a: Whimsicott|def|3
|move|p2a: Iron Thorns|Dragon Dance|p2a: Iron Thorns
|-boost|p2a: Iron Thorns|atk|1
|-boost|p2a: Iron Thorns|spe|1
|
|upkeep
|turn|16
|
|t:|1760400164
|move|p2a: Iron Thorns|Rock Slide|p1a: Whimsicott
|-crit|p1a: Whimsicott
|-damage|p1a: Whimsicott|5/100
|move|p1a: Whimsicott|Giga Drain|p2a: Iron Thorns
|-supereffective|p2a: Iron Thorns
|-damage|p2a: Iron Thorns|41/100
|-heal|p1a: Whimsicott|30/100|[from] drain|[of] p2a: Iron Thorns
|
|upkeep
|turn|17
|
|t:|1760400173
|move|p1a: Whimsicott|Leech Seed|p2a: Iron Thorns
|-start|p2a: Iron Thorns|move: Leech Seed
|move|p2a: Iron Thorns|Rock Slide|p1a: Whimsicott
|-damage|p1a: Whimsicott|13/100
|
|-damage|p2a: Iron Thorns|28/100|[from] Leech Seed|[of] p1a: Whimsicott
|-heal|p1a: Whimsicott|26/100|[silent]
|upkeep
|turn|18
|
|t:|1760400181
|move|p1a: Whimsicott|Cotton Guard|p1a: Whimsicott
|-boost|p1a: Whimsicott|def|3
|move|p2a: Iron Thorns|Rock Slide|p1a: Whimsicott
|-damage|p1a: Whimsicott|15/100
|
|-damage|p2a: Iron Thorns|16/100|[from] Leech Seed|[of] p1a: Whimsicott
|-heal|p1a: Whimsicott|28/100|[silent]
|upkeep
|turn|19
|
|t:|1760400191
|move|p2a: Iron Thorns|Rock Slide|p1a: Whimsicott
|-damage|p1a: Whimsicott|17/100
|cant|p1a: Whimsicott|flinch
|
|-damage|p2a: Iron Thorns|4/100|[from] Leech Seed|[of] p1a: Whimsicott
|-heal|p1a: Whimsicott|30/100|[silent]
|upkeep
|turn|20
|
|t:|1760400217
|move|p2a: Iron Thorns|Rock Slide|p1a: Whimsicott
|-damage|p1a: Whimsicott|20/100
|move|p1a: Whimsicott|Moonblast|p2a: Iron Thorns
|-damage|p2a: Iron Thorns|0 fnt
|faint|p2a: Iron Thorns
|-end|p2a: Iron Thorns|Quark Drive|[silent]
|
|upkeep
|
|t:|1760400220
|switch|p2a: Slither Wing|Slither Wing|100/100
|-damage|p2a: Slither Wing|88/100|[from] Stealth Rock
|turn|21
|
|t:|1760400234
|move|p1a: Whimsicott|Leech Seed|p2a: Slither Wing
|-start|p2a: Slither Wing|move: Leech Seed
|move|p2a: Slither Wing|U-turn|p1a: Whimsicott
|-damage|p1a: Whimsicott|11/100
|
|-damage|p2a: Slither Wing|76/100|[from] Leech Seed|[of] p1a: Whimsicott
|-heal|p1a: Whimsicott|23/100|[silent]
|upkeep
|turn|22
|
|t:|1760400245
|move|p2a: Slither Wing|U-turn|p1a: Whimsicott
|-damage|p1a: Whimsicott|15/100
|move|p1a: Whimsicott|Moonblast|p2a: Slither Wing
|-supereffective|p2a: Slither Wing
|-damage|p2a: Slither Wing|27/100
|
|-damage|p2a: Slither Wing|15/100|[from] Leech Seed|[of] p1a: Whimsicott
|-heal|p1a: Whimsicott|27/100|[silent]
|upkeep
|turn|23
|
|t:|1760400258
|move|p2a: Slither Wing|U-turn|p1a: Whimsicott
|-damage|p1a: Whimsicott|19/100
|move|p1a: Whimsicott|Moonblast|p2a: Slither Wing
|-supereffective|p2a: Slither Wing
|-damage|p2a: Slither Wing|0 fnt
|faint|p2a: Slither Wing
|-end|p2a: Slither Wing|Protosynthesis|[silent]
|
|win|PolishFemboi
|raw|PolishFemboi's rating: 1027 &rarr; <strong>1060</strong><br />(+33 for winning)
|raw|reiiji's rating: 1000 &rarr; <strong>1000</strong><br />(+0 for losing)
|l|☆reiiji
|player|p2|
|l|☆PolishFemboi
|player|p1|
