|j|☆MoisesGuedes
|j|☆baisangk4
|t:|1760436562
|gametype|singles
|player|p1|MoisesGuedes|265|1422
|player|p2|baisangk4|jogger|1484
|gen|9
|tier|[Gen 9] OU
|rated|
|rule|HP Percentage Mod: HP is shown in percentages
|rule|Endless Battle Clause: Forcing endless battles is banned
|rule|Species Clause: Limit one of each Pokémon
|rule|OHKO Clause: OHKO moves are banned
|rule|Evasion Items Clause: Evasion items are banned
|rule|Evasion Moves Clause: Evasion moves are banned
|rule|Evasion Abilities Clause: Evasion abilities are banned
|rule|Sleep Moves Clause: Sleep-inducing moves are banned
|clearpoke
|poke|p1|Kyurem|
|poke|p1|Iron Moth|
|poke|p1|Kingambit, M|
|poke|p1|Great Tusk|
|poke|p1|Hatterene, F|
|poke|p1|Zamazenta-*|
|poke|p2|Zamazenta-*|
|poke|p2|Meowscarada, M|
|poke|p2|Moltres|
|poke|p2|Slowking, F|
|poke|p2|Iron Treads|
|poke|p2|Raging Bolt|
|teampreview
|inactive|Battle timer is ON: inactive players will automatically lose when time's up. (requested by MoisesGuedes)
|
|t:|1760436588
|teamsize|p1|6
|teamsize|p2|6
|start
|switch|p1a: Great Tusk|Great Tusk|100/100
|switch|p2a: Meowscarada|Meowscarada, M|100/100
|turn|1
|
|t:|1760436606
|-end|p1a: Great Tusk|Protosynthesis|[silent]
|switch|p1a: Kyurem|Kyurem|100/100
|-ability|p1a: Kyurem|Pressure
|move|p2a: Meowscarada|Triple Axel|p1a: Kyurem
|-start|p2a: Meowscarada|typechange|Ice|[from] ability: Protean
|-damage|p1a: Kyurem|91/100
|-damage|p1a: Kyurem|74/100
|-damage|p1a: Kyurem|47/100
|-hitcount|p1a: Kyurem|3
|
|upkeep
|turn|2
|
|t:|1760436623
|move|p2a: Meowscarada|Triple Axel|p1a: Kyurem
|-damage|p1a: Kyurem|39/100
|-crit|p1a: Kyurem
|-damage|p1a: Kyurem|9/100
|-damage|p1a: Kyurem|0 fnt
|faint|p1a: Kyurem
|-hitcount|p1: Kyurem|3
|
|upkeep
|
|t:|1760436634
|switch|p1a: Kingambit|Kingambit, M|100/100
|-activate|p1a: Kingambit|ability: Supreme Overlord
|-start|p1a: Kingambit|fallen1|[silent]
|turn|3
|
|t:|1760436638
|switch|p2a: Moltres|Moltres|100/100
|move|p1a: Kingambit|Iron Head|p2a: Moltres
|-resisted|p2a: Moltres
|-damage|p2a: Moltres|82/100
|-status|p1a: Kingambit|brn|[from] ability: Flame Body|[of] p2a: Moltres
|
|-damage|p1a: Kingambit|94/100 brn|[from] brn
|upkeep
|turn|4
|
|t:|1760436654
|-end|p1a: Kingambit|fallen1|[silent]
|switch|p1a: Great Tusk|Great Tusk|100/100
|move|p2a: Moltres|Flamethrower|p1a: Great Tusk
|-damage|p1a: Great Tusk|38/100
|
|upkeep
|turn|5
|
|t:|1760436663
|move|p1a: Great Tusk|Stealth Rock|p2a: Moltres
|-sidestart|p2: baisangk4|move: Stealth Rock
|move|p2a: Moltres|Flamethrower|p1a: Great Tusk
|-damage|p1a: Great Tusk|0 fnt
|faint|p1a: Great Tusk
|-end|p1a: Great Tusk|Protosynthesis|[silent]
|
|upkeep
|
|t:|1760436674
|switch|p1a: Hatterene|Hatterene, F|100/100
|turn|6
|
|t:|1760436685
|switch|p1a: Iron Moth|Iron Moth|100/100
|-enditem|p1a: Iron Moth|Booster Energy
|-activate|p1a: Iron Moth|ability: Quark Drive|[fromitem]
|-start|p1a: Iron Moth|quarkdrivespe
|move|p2a: Moltres|Roar|p1a: Iron Moth
|-end|p1a: Iron Moth|Quark Drive|[silent]
|drag|p1a: Hatterene|Hatterene, F|100/100
|
|upkeep
|turn|7
|
|t:|1760436695
|move|p2a: Moltres|Flamethrower|p1a: Hatterene
|-damage|p1a: Hatterene|58/100
|move|p1a: Hatterene|Nuzzle|p2a: Moltres
|-supereffective|p2a: Moltres
|-damage|p2a: Moltres|76/100
|-status|p2a: Moltres|par
|
|upkeep
|turn|8
|
|t:|1760436710
|switch|p1a: Iron Moth|Iron Moth|100/100
|move|p2a: Moltres|Flamethrower|p1a: Iron Moth
|-resisted|p1a: Iron Moth
|-damage|p1a: Iron Moth|82/100
|
|upkeep
|turn|9
|
|t:|1760436717
|move|p1a: Iron Moth|Fiery Dance|p2a: Moltres
|-resisted|p2a: Moltres
|-damage|p2a: Moltres|55/100 par
|cant|p2a: Moltres|par
|
|upkeep
|turn|10
|
|t:|1760436724
|switch|p2a: Slowking|Slowking, F|100/100
|-damage|p2a: Slowking|88/100|[from] Stealth Rock
|move|p1a: Iron Moth|Fiery Dance|p2a: Slowking
|-resisted|p2a: Slowking
|-damage|p2a: Slowking|71/100
|-boost|p1a: Iron Moth|spa|1
|
|upkeep
|turn|11
|
|t:|1760436733
|-terastallize|p1a: Iron Moth|Grass
|move|p1a: Iron Moth|Energy Ball|p2a: Slowking
|-supereffective|p2a: Slowking
|-damage|p2a: Slowking|0 fnt
|faint|p2a: Slowking
|
|upkeep
|
|t:|1760436739
|switch|p2a: Moltres|Moltres|55/100 par
|turn|12
|
|t:|1760436743
|move|p1a: Iron Moth|Sludge Wave|p2a: Moltres
|-damage|p2a: Moltres|0 fnt
|faint|p2a: Moltres
|
|upkeep
|
|t:|1760436749
|switch|p2a: Meowscarada|Meowscarada, M|100/100
|-damage|p2a: Meowscarada|88/100|[from] Stealth Rock
|turn|13
|
|t:|1760436754
|move|p2a: Meowscarada|Triple Axel|p1a: Iron Moth
|-start|p2a: Meowscarada|typechange|Ice|[from] ability: Protean
|-supereffective|p1a: Iron Moth
|-crit|p1a: Iron Moth
|-damage|p1a: Iron Moth|38/100
|-supereffective|p1a: Iron Moth
|-damage|p1a: Iron Moth|0 fnt
|faint|p1a: Iron Moth
|-end|p1a: Iron Moth|Quark Drive|[silent]
|-hitcount|p1: Iron Moth|2
|
|upkeep
|
|t:|1760436768
|switch|p1a: Zamazenta|Zamazenta|100/100
|-ability|p1a: Zamazenta|Dauntless Shield|boost
|-boost|p1a: Zamazenta|def|1
|turn|14
|
|t:|1760436774
|switch|p2a: Zamazenta|Zamazenta|100/100
|-damage|p2a: Zamazenta|94/100|[from] Stealth Rock
|-ability|p2a: Zamazenta|Dauntless Shield|boost
|-boost|p2a: Zamazenta|def|1
|move|p1a: Zamazenta|Iron Defense|p1a: Zamazenta
|-boost|p1a: Zamazenta|def|2
|
|-heal|p2a: Zamazenta|100/100|[from] item: Leftovers
|upkeep
|turn|15
|
|t:|1760436784
|move|p1a: Zamazenta|Iron Defense|p1a: Zamazenta
|-boost|p1a: Zamazenta|def|2
|move|p2a: Zamazenta|Iron Defense|p2a: Zamazenta
|-boost|p2a: Zamazenta|def|2
|
|upkeep
|turn|16
|
|t:|1760436790
|move|p1a: Zamazenta|Body Press|p2a: Zamazenta
|-damage|p2a: Zamazenta|57/100
|move|p2a: Zamazenta|Iron Defense|p2a: Zamazenta
|-boost|p2a: Zamazenta|def|2
|
|-heal|p2a: Zamazenta|63/100|[from] item: Leftovers
|upkeep
|turn|17
|
|t:|1760436799
|move|p1a: Zamazenta|Substitute|p1a: Zamazenta
|-start|p1a: Zamazenta|Substitute
|-damage|p1a: Zamazenta|76/100
|move|p2a: Zamazenta|Body Press|p1a: Zamazenta
|-end|p1a: Zamazenta|Substitute
|
|-heal|p1a: Zamazenta|82/100|[from] item: Leftovers
|-heal|p2a: Zamazenta|69/100|[from] item: Leftovers
|upkeep
|turn|18
|
|t:|1760436808
|move|p1a: Zamazenta|Body Press|p2a: Zamazenta
|-damage|p2a: Zamazenta|41/100
|move|p2a: Zamazenta|Body Press|p1a: Zamazenta
|-damage|p1a: Zamazenta|57/100
|
|-heal|p1a: Zamazenta|63/100|[from] item: Leftovers
|-heal|p2a: Zamazenta|47/100|[from] item: Leftovers
|upkeep
|turn|19
|
|t:|1760436817
|move|p1a: Zamazenta|Body Press|p2a: Zamazenta
|-damage|p2a: Zamazenta|18/100
|move|p2a: Zamazenta|Body Press|p1a: Zamazenta
|-damage|p1a: Zamazenta|39/100
|
|-heal|p1a: Zamazenta|45/100|[from] item: Leftovers
|-heal|p2a: Zamazenta|24/100|[from] item: Leftovers
|upkeep
|turn|20
|
|t:|1760436826
|move|p1a: Zamazenta|Body Press|p2a: Zamazenta
|-damage|p2a: Zamazenta|0 fnt
|faint|p2a: Zamazenta
|
|-heal|p1a: Zamazenta|51/100|[from] item: Leftovers
|upkeep
|
|t:|1760436838
|switch|p2a: Raging Bolt|Raging Bolt|100/100
|-damage|p2a: Raging Bolt|88/100|[from] Stealth Rock
|-enditem|p2a: Raging Bolt|Booster Energy
|-activate|p2a: Raging Bolt|ability: Protosynthesis|[fromitem]
|-start|p2a: Raging Bolt|protosynthesisspa
|turn|21
|
|t:|1760436845
|-terastallize|p2a: Raging Bolt|Fairy
|move|p1a: Zamazenta|Substitute|p1a: Zamazenta
|-start|p1a: Zamazenta|Substitute
|-damage|p1a: Zamazenta|26/100
|move|p2a: Raging Bolt|Thunderbolt|p1a: Zamazenta
|-end|p1a: Zamazenta|Substitute
|
|-heal|p1a: Zamazenta|32/100|[from] item: Leftovers
|upkeep
|turn|22
|
|t:|1760436856
|switch|p1a: Hatterene|Hatterene, F|58/100
|move|p2a: Raging Bolt|Thunderbolt|p1a: Hatterene
|-damage|p1a: Hatterene|0 fnt
|faint|p1a: Hatterene
|
|upkeep
|
|t:|1760436865
|switch|p1a: Kingambit|Kingambit, M|94/100 brn
|-activate|p1a: Kingambit|ability: Supreme Overlord
|-start|p1a: Kingambit|fallen4|[silent]
|turn|23
|
|t:|1760436873
|move|p2a: Raging Bolt|Thunderclap|p1a: Kingambit
|-damage|p1a: Kingambit|38/100 brn
|move|p1a: Kingambit|Iron Head|p2a: Raging Bolt
|-supereffective|p2a: Raging Bolt
|-damage|p2a: Raging Bolt|23/100
|
|-heal|p1a: Kingambit|44/100 brn|[from] item: Leftovers
|-damage|p1a: Kingambit|38/100 brn|[from] brn
|upkeep
|turn|24
|
|t:|1760436888
|move|p2a: Raging Bolt|Thunderclap||[still]
|-fail|p2a: Raging Bolt
|move|p1a: Kingambit|Swords Dance|p1a: Kingambit
|-boost|p1a: Kingambit|atk|2
|
|-heal|p1a: Kingambit|44/100 brn|[from] item: Leftovers
|-damage|p1a: Kingambit|38/100 brn|[from] brn
|upkeep
|turn|25
|
|t:|1760436898
|move|p2a: Raging Bolt|Thunderclap|p1a: Kingambit
|-damage|p1a: Kingambit|0 fnt
|faint|p1a: Kingambit
|-end|p1a: Kingambit|fallen4|[silent]
|
|upkeep
|
|t:|1760436903
|switch|p1a: Zamazenta|Zamazenta|32/100
|turn|26
|
|t:|1760436909
|move|p1a: Zamazenta|Substitute|p1a: Zamazenta
|-start|p1a: Zamazenta|Substitute
|-damage|p1a: Zamazenta|7/100
|move|p2a: Raging Bolt|Thunderbolt|p1a: Zamazenta
|-end|p1a: Zamazenta|Substitute
|
|-heal|p1a: Zamazenta|13/100|[from] item: Leftovers
|upkeep
|turn|27
|
|t:|1760436917
|move|p1a: Zamazenta|Body Press|p2a: Raging Bolt
|-resisted|p2a: Raging Bolt
|-damage|p2a: Raging Bolt|6/100
|move|p2a: Raging Bolt|Thunderbolt|p1a: Zamazenta
|-damage|p1a: Zamazenta|0 fnt
|faint|p1a: Zamazenta
|
|win|baisangk4
|raw|MoisesGuedes's rating: 1422 &rarr; <strong>1406</strong><br />(-16 for losing)
|raw|baisangk4's rating: 1484 &rarr; <strong>1500</strong><br />(+16 for winning)
|c|☆baisangk4|ez
|l|☆MoisesGuedes
|player|p1|
