|j|☆Swankentora
|j|☆AlmightyHD
|t:|1760388465
|gametype|singles
|player|p1|Swankentora|n|1453
|player|p2|AlmightyHD|acetrainerf-gen4dp|1381
|gen|9
|tier|[Gen 9] OU
|rated|
|rule|HP Percentage Mod: HP is shown in percentages
|rule|Endless Battle Clause: Forcing endless battles is banned
|rule|Species Clause: Limit one of each Pokémon
|rule|OHKO Clause: OHKO moves are banned
|rule|Evasion Items Clause: Evasion items are banned
|rule|Evasion Moves Clause: Evasion moves are banned
|rule|Evasion Abilities Clause: Evasion abilities are banned
|rule|Sleep Moves Clause: Sleep-inducing moves are banned
|clearpoke
|poke|p1|Kingambit, M|
|poke|p1|Deoxys-Speed|
|poke|p1|Great Tusk|
|poke|p1|Dragonite, M|
|poke|p1|Iron Moth|
|poke|p1|Primarina, M|
|poke|p2|Kyurem|
|poke|p2|Walking Wake|
|poke|p2|Excadrill, F|
|poke|p2|Slowking-Galar, M|
|poke|p2|Tornadus-Therian, M|
|poke|p2|Chesnaught, F|
|teampreview
|
|t:|1760388476
|teamsize|p1|6
|teamsize|p2|6
|start
|switch|p1a: Deoxys|Deoxys-Speed|100/100
|switch|p2a: Excadrill|Excadrill, F|100/100
|-ability|p1a: Deoxys|Pressure
|-ability|p2a: Excadrill|Mold Breaker
|turn|1
|
|t:|1760388483
|move|p1a: Deoxys|Focus Blast|p2a: Excadrill|[miss]
|-miss|p1a: Deoxys|p2a: Excadrill
|move|p2a: Excadrill|Earthquake|p1a: Deoxys
|-damage|p1a: Deoxys|25/100
|
|upkeep
|turn|2
|
|t:|1760388490
|switch|p2a: Slowking|Slowking-Galar, M|100/100
|move|p1a: Deoxys|Focus Blast|p2a: Slowking
|-resisted|p2a: Slowking
|-damage|p2a: Slowking|94/100
|-damage|p1a: Deoxys|16/100|[from] item: Life Orb
|
|upkeep
|turn|3
|
|t:|1760388496
|move|p1a: Deoxys|Psycho Boost|p2a: Slowking
|-damage|p2a: Slowking|49/100
|-unboost|p1a: Deoxys|spa|2
|-damage|p1a: Deoxys|6/100|[from] item: Life Orb
|move|p2a: Slowking|Sludge Bomb|p1a: Deoxys
|-damage|p1a: Deoxys|0 fnt
|faint|p1a: Deoxys
|
|upkeep
|
|t:|1760388501
|switch|p1a: Kingambit|Kingambit, M|100/100
|-activate|p1a: Kingambit|ability: Supreme Overlord
|-start|p1a: Kingambit|fallen1|[silent]
|turn|4
|
|t:|1760388507
|switch|p2a: Chesnaught|Chesnaught, F, shiny|100/100
|move|p1a: Kingambit|Swords Dance|p1a: Kingambit
|-boost|p1a: Kingambit|atk|2
|
|upkeep
|turn|5
|
|t:|1760388513
|-terastallize|p1a: Kingambit|Ghost
|move|p1a: Kingambit|Iron Head|p2a: Chesnaught
|-crit|p2a: Chesnaught
|-damage|p2a: Chesnaught|8/100
|-damage|p1a: Kingambit|84/100|[from] item: Rocky Helmet|[of] p2a: Chesnaught
|cant|p2a: Chesnaught|flinch
|
|-heal|p1a: Kingambit|90/100|[from] item: Leftovers
|upkeep
|turn|6
|
|t:|1760388529
|move|p1a: Kingambit|Iron Head|p2a: Chesnaught
|-damage|p2a: Chesnaught|0 fnt
|-damage|p1a: Kingambit|74/100|[from] item: Rocky Helmet|[of] p2a: Chesnaught
|faint|p2a: Chesnaught
|
|-heal|p1a: Kingambit|80/100|[from] item: Leftovers
|upkeep
|
|t:|1760388537
|switch|p2a: Walking Wake|Walking Wake|100/100
|turn|7
|
|t:|1760388542
|move|p1a: Kingambit|Sucker Punch|p2a: Walking Wake
|-damage|p2a: Walking Wake|1/100
|move|p2a: Walking Wake|Surf|p1a: Kingambit
|-damage|p1a: Kingambit|36/100
|
|-heal|p1a: Kingambit|42/100|[from] item: Leftovers
|upkeep
|turn|8
|
|t:|1760388548
|move|p1a: Kingambit|Sucker Punch|p2a: Walking Wake
|-damage|p2a: Walking Wake|0 fnt
|faint|p2a: Walking Wake
|-end|p2a: Walking Wake|Protosynthesis|[silent]
|
|-heal|p1a: Kingambit|48/100|[from] item: Leftovers
|upkeep
|
|t:|1760388551
|switch|p2a: Kyurem|Kyurem, shiny|100/100
|-ability|p2a: Kyurem|Pressure
|turn|9
|
|t:|1760388557
|-terastallize|p2a: Kyurem|Fairy
|move|p2a: Kyurem|Draco Meteor|p1a: Kingambit
|-damage|p1a: Kingambit|0 fnt
|-unboost|p2a: Kyurem|spa|2
|faint|p1a: Kingambit
|-end|p1a: Kingambit|fallen1|[silent]
|
|upkeep
|
|t:|1760388564
|switch|p1a: Iron Moth|Iron Moth|100/100
|-enditem|p1a: Iron Moth|Booster Energy
|-activate|p1a: Iron Moth|ability: Quark Drive|[fromitem]
|-start|p1a: Iron Moth|quarkdrivespe
|turn|10
|
|t:|1760388577
|switch|p2a: Slowking|Slowking-Galar, M|82/100
|move|p1a: Iron Moth|Sludge Wave|p2a: Slowking
|-resisted|p2a: Slowking
|-damage|p2a: Slowking|68/100
|
|upkeep
|turn|11
|
|t:|1760388589
|-end|p1a: Iron Moth|Quark Drive|[silent]
|switch|p1a: Great Tusk|Great Tusk|100/100
|-enditem|p1a: Great Tusk|Booster Energy
|-activate|p1a: Great Tusk|ability: Protosynthesis|[fromitem]
|-start|p1a: Great Tusk|protosynthesisatk
|move|p2a: Slowking|Earthquake|p1a: Great Tusk
|-damage|p1a: Great Tusk|89/100
|
|upkeep
|turn|12
|
|t:|1760388598
|move|p1a: Great Tusk|Rapid Spin|p2a: Slowking
|-damage|p2a: Slowking|44/100
|-boost|p1a: Great Tusk|spe|1
|move|p2a: Slowking|Psychic Noise|p1a: Great Tusk
|-supereffective|p1a: Great Tusk
|-damage|p1a: Great Tusk|9/100
|-start|p1a: Great Tusk|move: Heal Block
|
|upkeep
|turn|13
|
|t:|1760388636
|move|p1a: Great Tusk|Headlong Rush|p2a: Slowking
|-supereffective|p2a: Slowking
|-damage|p2a: Slowking|0 fnt
|-unboost|p1a: Great Tusk|def|1
|-unboost|p1a: Great Tusk|spd|1
|faint|p2a: Slowking
|
|-end|p1a: Great Tusk|move: Heal Block
|upkeep
|
|t:|1760388640
|switch|p2a: Tornadus|Tornadus-Therian, M|100/100
|turn|14
|
|t:|1760388643
|move|p1a: Great Tusk|Ice Spinner|p2a: Tornadus
|-supereffective|p2a: Tornadus
|-damage|p2a: Tornadus|0 fnt
|faint|p2a: Tornadus
|
|upkeep
|-message|AlmightyHD forfeited.
|
|win|Swankentora
|raw|Swankentora's rating: 1453 &rarr; <strong>1469</strong><br />(+16 for winning)
|raw|AlmightyHD's rating: 1381 &rarr; <strong>1365</strong><br />(-16 for losing)
|l|☆AlmightyHD
|player|p2|
|l|☆Swankentora
|player|p1|
