|j|☆ayyyyyyuhsucconme
|j|☆necrohearts
|t:|1760460898
|gametype|singles
|player|p1|ayyyyyyuhsucconme|linebacker|1200
|player|p2|necrohearts|jupiter|1169
|gen|9
|tier|[Gen 9] OU
|rated|
|rule|HP Percentage Mod: HP is shown in percentages
|rule|Endless Battle Clause: Forcing endless battles is banned
|rule|Species Clause: Limit one of each Pokémon
|rule|OHKO Clause: OHKO moves are banned
|rule|Evasion Items Clause: Evasion items are banned
|rule|Evasion Moves Clause: Evasion moves are banned
|rule|Evasion Abilities Clause: Evasion abilities are banned
|rule|Sleep Moves Clause: Sleep-inducing moves are banned
|clearpoke
|poke|p1|Gholdengo|
|poke|p1|Clodsire, M|
|poke|p1|Skarmory, M|
|poke|p1|Scizor, F|
|poke|p1|Hariyama, M|
|poke|p1|Goodra-Hisui, M|
|poke|p2|Darkrai|
|poke|p2|Great Tusk|
|poke|p2|Dragonite, M|
|poke|p2|Cinderace, F|
|poke|p2|Corviknight, F|
|poke|p2|Primarina, F|
|teampreview
|
|t:|1760460934
|teamsize|p1|6
|teamsize|p2|6
|start
|switch|p1a: Clodsire|Clodsire, M, shiny|100/100
|switch|p2a: Deuce|Great Tusk|100/100
|turn|1
|
|t:|1760460943
|switch|p1a: Skarmory|Skarmory, M|100/100
|move|p2a: Deuce|Knock Off|p1a: Skarmory
|-damage|p1a: Skarmory|83/100
|-damage|p2a: Deuce|84/100|[from] item: Rocky Helmet|[of] p1a: Skarmory
|-enditem|p1a: Skarmory|Rocky Helmet|[from] move: Knock Off|[of] p2a: Deuce
|
|upkeep
|turn|2
|
|t:|1760460956
|-end|p2a: Deuce|Protosynthesis|[silent]
|switch|p2a: Sow|Corviknight, F|100/100
|-ability|p2a: Sow|Pressure
|move|p1a: Skarmory|Spikes|p2a: Sow
|-sidestart|p2: necrohearts|Spikes
|
|upkeep
|turn|3
|
|t:|1760460999
|move|p1a: Skarmory|Spikes|p2a: Sow
|-sidestart|p2: necrohearts|Spikes
|move|p2a: Sow|U-turn|p1a: Skarmory
|-resisted|p1a: Skarmory
|-damage|p1a: Skarmory|81/100
|
|t:|1760461004
|switch|p2a: Sear|Cinderace, F|100/100|[from] U-turn
|
|upkeep
|turn|4
|
|t:|1760461013
|switch|p1a: Hariyama|Hariyama, M|100/100
|move|p2a: Sear|Will-O-Wisp|p1a: Hariyama
|-status|p1a: Hariyama|brn
|
|-damage|p1a: Hariyama|94/100 brn|[from] brn
|upkeep
|turn|5
|
|t:|1760461021
|move|p2a: Sear|U-turn|p1a: Hariyama
|-start|p2a: Sear|typechange|Bug|[from] ability: Libero
|-resisted|p1a: Hariyama
|-damage|p1a: Hariyama|76/100 brn
|
|t:|1760461026
|switch|p2a: Sow|Corviknight, F|100/100|[from] U-turn
|-ability|p2a: Sow|Pressure
|move|p1a: Hariyama|Heavy Slam|p2a: Sow
|-resisted|p2a: Sow
|-damage|p2a: Sow|97/100
|-damage|p1a: Hariyama|59/100 brn|[from] item: Rocky Helmet|[of] p2a: Sow
|
|-damage|p1a: Hariyama|53/100 brn|[from] brn
|upkeep
|turn|6
|
|t:|1760461067
|move|p2a: Sow|Defog|p1a: Hariyama
|-unboost|p1a: Hariyama|evasion|1
|-sideend|p2: necrohearts|Spikes|[from] move: Defog|[of] p2a: Sow
|move|p1a: Hariyama|Drain Punch|p2a: Sow
|-crit|p2a: Sow
|-damage|p2a: Sow|84/100
|-heal|p1a: Hariyama|58/100 brn|[from] drain|[of] p2a: Sow
|-damage|p1a: Hariyama|42/100 brn|[from] item: Rocky Helmet|[of] p2a: Sow
|
|-damage|p1a: Hariyama|36/100 brn|[from] brn
|upkeep
|turn|7
|-message|ayyyyyyuhsucconme forfeited.
|
|win|necrohearts
|raw|ayyyyyyuhsucconme's rating: 1200 &rarr; <strong>1173</strong><br />(-27 for losing)
|raw|necrohearts's rating: 1169 &rarr; <strong>1196</strong><br />(+27 for winning)
|l|☆ayyyyyyuhsucconme
|player|p1|
|l|☆necrohearts
|player|p2|
