|j|☆airgoile2001
|j|☆Rokan2
|t:|1760346775
|gametype|singles
|player|p1|airgoile2001|266|1084
|player|p2|Rokan2|169|1103
|gen|9
|tier|[Gen 9] OU
|rated|
|rule|HP Percentage Mod: HP is shown in percentages
|rule|Endless Battle Clause: Forcing endless battles is banned
|rule|Species Clause: Limit one of each Pokémon
|rule|OHKO Clause: OHKO moves are banned
|rule|Evasion Items Clause: Evasion items are banned
|rule|Evasion Moves Clause: Evasion moves are banned
|rule|Evasion Abilities Clause: Evasion abilities are banned
|rule|Sleep Moves Clause: Sleep-inducing moves are banned
|clearpoke
|poke|p1|Zamazenta-*|
|poke|p1|Ninetales-Alola, M|
|poke|p1|Darkrai|
|poke|p1|Ceruledge, M|
|poke|p1|Gliscor, M|
|poke|p1|Hatterene, F|
|poke|p2|Dragalge, M|
|poke|p2|Great Tusk|
|poke|p2|Charjabug, M|
|poke|p2|Kingambit, M|
|poke|p2|Gholdengo|
|poke|p2|Clefable, F|
|teampreview
|
|t:|1760346781
|teamsize|p1|6
|teamsize|p2|6
|start
|switch|p1a: Ninetales|Ninetales-Alola, M|100/100
|switch|p2a: Clefable|Clefable, F|100/100
|-weather|Snowscape|[from] ability: Snow Warning|[of] p1a: Ninetales
|turn|1
|
|t:|1760346790
|move|p1a: Ninetales|Aurora Veil|p1a: Ninetales
|-sidestart|p1: airgoile2001|move: Aurora Veil
|move|p2a: Clefable|Stealth Rock|p1a: Ninetales
|-sidestart|p1: airgoile2001|move: Stealth Rock
|
|-weather|Snowscape|[upkeep]
|upkeep
|turn|2
|
|t:|1760346797
|move|p1a: Ninetales|Encore|p2a: Clefable
|-start|p2a: Clefable|Encore
|move|p2a: Clefable|Stealth Rock||[still]
|-fail|p2a: Clefable
|
|-weather|Snowscape|[upkeep]
|upkeep
|turn|3
|inactive|Battle timer is ON: inactive players will automatically lose when time's up. (requested by airgoile2001)
|
|t:|1760346824
|switch|p1a: Gliscor|Gliscor, M, shiny|100/100
|-damage|p1a: Gliscor|88/100|[from] Stealth Rock
|switch|p2a: Great Tusk|Great Tusk|100/100
|-enditem|p2a: Great Tusk|Booster Energy
|-activate|p2a: Great Tusk|ability: Protosynthesis|[fromitem]
|-start|p2a: Great Tusk|protosynthesisatk
|
|-weather|Snowscape|[upkeep]
|-status|p1a: Gliscor|tox|[from] item: Toxic Orb
|upkeep
|turn|4
|
|t:|1760346854
|move|p2a: Great Tusk|Close Combat|p1a: Gliscor
|-resisted|p1a: Gliscor
|-damage|p1a: Gliscor|72/100 tox
|-unboost|p2a: Great Tusk|def|1
|-unboost|p2a: Great Tusk|spd|1
|move|p1a: Gliscor|Swords Dance|p1a: Gliscor
|-boost|p1a: Gliscor|atk|2
|
|-weather|Snowscape|[upkeep]
|-heal|p1a: Gliscor|85/100 tox|[from] ability: Poison Heal
|upkeep
|turn|5
|
|t:|1760346882
|-end|p2a: Great Tusk|Protosynthesis|[silent]
|switch|p2a: Gholdengo|Gholdengo|100/100
|-item|p2a: Gholdengo|Air Balloon
|move|p1a: Gliscor|Swords Dance|p1a: Gliscor
|-boost|p1a: Gliscor|atk|2
|
|-weather|none
|-heal|p1a: Gliscor|97/100 tox|[from] ability: Poison Heal
|upkeep
|turn|6
|
|t:|1760346894
|move|p1a: Gliscor|Knock Off|p2a: Gholdengo
|-supereffective|p2a: Gholdengo
|-damage|p2a: Gholdengo|0 fnt
|-enditem|p2a: Gholdengo|Air Balloon
|faint|p2a: Gholdengo
|
|-heal|p1a: Gliscor|100/100 tox|[from] ability: Poison Heal
|upkeep
|
|t:|1760346904
|switch|p2a: Clefable|Clefable, F|100/100
|turn|7
|
|t:|1760346910
|-terastallize|p1a: Gliscor|Normal
|move|p1a: Gliscor|Facade|p2a: Clefable
|-damage|p2a: Clefable|0 fnt
|faint|p2a: Clefable
|
|upkeep
|
|t:|1760346918
|switch|p2a: Charjabug|Charjabug, M|100/100
|turn|8
|
|t:|1760346923
|move|p1a: Gliscor|Earthquake|p2a: Charjabug
|-damage|p2a: Charjabug|0 fnt
|faint|p2a: Charjabug
|
|-sideend|p1: airgoile2001|move: Aurora Veil
|upkeep
|
|t:|1760346930
|switch|p2a: Great Tusk|Great Tusk|100/100
|turn|9
|
|t:|1760346934
|move|p2a: Great Tusk|Close Combat|p1a: Gliscor
|-supereffective|p1a: Gliscor
|-damage|p1a: Gliscor|10/100 tox
|-unboost|p2a: Great Tusk|def|1
|-unboost|p2a: Great Tusk|spd|1
|move|p1a: Gliscor|Earthquake|p2a: Great Tusk
|-damage|p2a: Great Tusk|0 fnt
|faint|p2a: Great Tusk
|-end|p2a: Great Tusk|Protosynthesis|[silent]
|
|-heal|p1a: Gliscor|22/100 tox|[from] ability: Poison Heal
|upkeep
|
|t:|1760346947
|switch|p2a: Dragalge|Dragalge, M|100/100
|turn|10
|
|t:|1760346955
|move|p1a: Gliscor|Earthquake|p2a: Dragalge
|-supereffective|p2a: Dragalge
|-damage|p2a: Dragalge|0 fnt
|faint|p2a: Dragalge
|
|-heal|p1a: Gliscor|35/100 tox|[from] ability: Poison Heal
|upkeep
|
|t:|1760346963
|switch|p2a: Kingambit|Kingambit, M|100/100
|-activate|p2a: Kingambit|ability: Supreme Overlord
|-start|p2a: Kingambit|fallen5|[silent]
|turn|11
|
|t:|1760346968
|move|p2a: Kingambit|Sucker Punch|p1a: Gliscor
|-damage|p1a: Gliscor|0 fnt
|faint|p1a: Gliscor
|
|upkeep
|
|t:|1760346973
|switch|p1a: Ceruledge|Ceruledge, M|100/100
|-damage|p1a: Ceruledge|76/100|[from] Stealth Rock
|turn|12
|
|t:|1760346983
|move|p1a: Ceruledge|Bitter Blade|p2a: Kingambit
|-supereffective|p2a: Kingambit
|-damage|p2a: Kingambit|38/100
|-heal|p1a: Ceruledge|100/100|[from] drain|[of] p2a: Kingambit
|move|p2a: Kingambit|Kowtow Cleave|p1a: Ceruledge
|-supereffective|p1a: Ceruledge
|-damage|p1a: Ceruledge|0 fnt
|faint|p1a: Ceruledge
|
|upkeep
|
|t:|1760346992
|switch|p1a: Darkrai|Darkrai|100/100
|-damage|p1a: Darkrai|88/100|[from] Stealth Rock
|turn|13
|
|t:|1760346997
|move|p2a: Kingambit|Sucker Punch|p1a: Darkrai
|-resisted|p1a: Darkrai
|-damage|p1a: Darkrai|39/100
|move|p1a: Darkrai|Psyshock|p2a: Kingambit
|-immune|p2a: Kingambit
|
|-heal|p1a: Darkrai|45/100|[from] item: Leftovers
|upkeep
|turn|14
|
|t:|1760347009
|move|p1a: Darkrai|Focus Blast|p2a: Kingambit|[miss]
|-miss|p1a: Darkrai|p2a: Kingambit
|move|p2a: Kingambit|Kowtow Cleave|p1a: Darkrai
|-resisted|p1a: Darkrai
|-damage|p1a: Darkrai|0 fnt
|faint|p1a: Darkrai
|
|upkeep
|
|t:|1760347016
|switch|p1a: Zamazenta|Zamazenta|100/100
|-damage|p1a: Zamazenta|94/100|[from] Stealth Rock
|-ability|p1a: Zamazenta|Dauntless Shield|boost
|-boost|p1a: Zamazenta|def|1
|turn|15
|
|t:|1760347025
|move|p2a: Kingambit|Sucker Punch|p1a: Zamazenta
|-resisted|p1a: Zamazenta
|-crit|p1a: Zamazenta
|-damage|p1a: Zamazenta|48/100
|move|p1a: Zamazenta|Body Press|p2a: Kingambit
|-supereffective|p2a: Kingambit
|-damage|p2a: Kingambit|0 fnt
|faint|p2a: Kingambit
|-end|p2a: Kingambit|fallen5|[silent]
|
|win|airgoile2001
|raw|airgoile2001's rating: 1084 &rarr; <strong>1113</strong><br />(+29 for winning)
|raw|Rokan2's rating: 1103 &rarr; <strong>1077</strong><br />(-26 for losing)
|l|☆airgoile2001
|player|p1|
|l|☆Rokan2
|player|p2|
