|j|☆Mesnaj
|j|☆OryTheCharisker
|t:|1760458590
|gametype|singles
|player|p1|Mesnaj|shadowtriad|1163
|player|p2|OryTheCharisker|iono|1151
|gen|9
|tier|[Gen 9] OU
|rated|
|rule|HP Percentage Mod: HP is shown in percentages
|rule|Endless Battle Clause: Forcing endless battles is banned
|rule|Species Clause: Limit one of each Pokémon
|rule|OHKO Clause: OHKO moves are banned
|rule|Evasion Items Clause: Evasion items are banned
|rule|Evasion Moves Clause: Evasion moves are banned
|rule|Evasion Abilities Clause: Evasion abilities are banned
|rule|Sleep Moves Clause: Sleep-inducing moves are banned
|clearpoke
|poke|p1|Bisharp, M|
|poke|p1|Gholdengo|
|poke|p1|Zebstrika, M|
|poke|p1|Araquanid, M|
|poke|p1|Drifblim, M|
|poke|p1|Armarouge, M|
|poke|p2|Leafeon, F|
|poke|p2|Flareon, F|
|poke|p2|Espeon, F|
|poke|p2|Vaporeon, F|
|poke|p2|Umbreon, M|
|poke|p2|Jolteon, M|
|teampreview
|c|☆OryTheCharisker|glhf
|inactive|Battle timer is ON: inactive players will automatically lose when time's up. (requested by Mesnaj)
|
|t:|1760458639
|teamsize|p1|6
|teamsize|p2|6
|start
|switch|p1a: Fourze-Eletrick|Zebstrika, M|100/100
|switch|p2a: Killua|Jolteon, M|100/100
|turn|1
|
|t:|1760458652
|move|p2a: Killua|Shadow Ball|p1a: Fourze-Eletrick
|-damage|p1a: Fourze-Eletrick|54/100
|move|p1a: Fourze-Eletrick|High Horsepower|p2a: Killua
|-supereffective|p2a: Killua
|-damage|p2a: Killua|0 fnt
|faint|p2a: Killua
|-damage|p1a: Fourze-Eletrick|44/100|[from] item: Life Orb
|
|upkeep
|
|t:|1760458659
|switch|p2a: Izuku|Leafeon, F, shiny|100/100
|turn|2
|
|t:|1760458664
|move|p1a: Fourze-Eletrick|Overheat|p2a: Izuku
|-supereffective|p2a: Izuku
|-damage|p2a: Izuku|0 fnt
|-unboost|p1a: Fourze-Eletrick|spa|2
|faint|p2a: Izuku
|-damage|p1a: Fourze-Eletrick|35/100|[from] item: Life Orb
|
|upkeep
|
|t:|1760458685
|switch|p2a: Adam|Umbreon, M, shiny|100/100
|turn|3
|
|t:|1760458688
|move|p1a: Fourze-Eletrick|Volt Switch|p2a: Adam
|-damage|p2a: Adam|94/100
|-damage|p1a: Fourze-Eletrick|25/100|[from] item: Life Orb
|
|t:|1760458694
|switch|p1a: Ghost|Drifblim, M|100/100|[from] Volt Switch
|move|p2a: Adam|Foul Play|p1a: Ghost
|-supereffective|p1a: Ghost
|-damage|p1a: Ghost|43/100
|-damage|p2a: Adam|77/100|[from] item: Rocky Helmet|[of] p1a: Ghost
|
|-heal|p2a: Adam|83/100|[from] item: Leftovers
|upkeep
|turn|4
|
|t:|1760458703
|move|p1a: Ghost|Destiny Bond|p1a: Ghost
|-singlemove|p1a: Ghost|Destiny Bond
|move|p2a: Adam|Foul Play|p1a: Ghost
|-supereffective|p1a: Ghost
|-damage|p1a: Ghost|0 fnt
|-damage|p2a: Adam|58/100|[from] ability: Aftermath|[of] p1a: Ghost
|-damage|p2a: Adam|42/100|[from] item: Rocky Helmet|[of] p1a: Ghost
|faint|p1a: Ghost
|-activate|p1a: Ghost|move: Destiny Bond
|faint|p2a: Adam
|
|upkeep
|
|t:|1760458718
|switch|p1a: Fourze-Eletrick|Zebstrika, M|25/100
|switch|p2a: Lespeon|Espeon, F|100/100
|turn|5
|
|t:|1760458735
|move|p1a: Fourze-Eletrick|Supercell Slam|p2a: Lespeon
|-damage|p2a: Lespeon|0 fnt
|faint|p2a: Lespeon
|-damage|p1a: Fourze-Eletrick|15/100|[from] item: Life Orb
|
|upkeep
|
|t:|1760458739
|switch|p2a: La comadreja|Flareon, F|100/100
|turn|6
|
|t:|1760458743
|move|p1a: Fourze-Eletrick|High Horsepower|p2a: La comadreja
|-supereffective|p2a: La comadreja
|-damage|p2a: La comadreja|0 fnt
|faint|p2a: La comadreja
|-damage|p1a: Fourze-Eletrick|5/100|[from] item: Life Orb
|
|upkeep
|
|t:|1760458745
|switch|p2a: El pescao'|Vaporeon, F, shiny|100/100
|turn|7
|
|t:|1760458748
|move|p1a: Fourze-Eletrick|Supercell Slam|p2a: El pescao'
|-supereffective|p2a: El pescao'
|-damage|p2a: El pescao'|0 fnt
|faint|p2a: El pescao'
|-damage|p1a: Fourze-Eletrick|0 fnt|[from] item: Life Orb
|faint|p1a: Fourze-Eletrick
|
|win|Mesnaj
|raw|Mesnaj's rating: 1163 &rarr; <strong>1187</strong><br />(+24 for winning)
|raw|OryTheCharisker's rating: 1151 &rarr; <strong>1127</strong><br />(-24 for losing)
|c|☆Mesnaj|Gg
|c|☆OryTheCharisker|gg
|l|☆OryTheCharisker
|player|p2|
|l|☆Mesnaj
|player|p1|
