|j|☆wgfwagarg
|j|☆Charle_phate
|t:|1760331147
|gametype|singles
|player|p1|wgfwagarg|170|1147
|player|p2|Charle_phate|blue|1180
|gen|9
|tier|[Gen 9] OU
|rated|
|rule|HP Percentage Mod: HP is shown in percentages
|rule|Endless Battle Clause: Forcing endless battles is banned
|rule|Species Clause: Limit one of each Pokémon
|rule|OHKO Clause: OHKO moves are banned
|rule|Evasion Items Clause: Evasion items are banned
|rule|Evasion Moves Clause: Evasion moves are banned
|rule|Evasion Abilities Clause: Evasion abilities are banned
|rule|Sleep Moves Clause: Sleep-inducing moves are banned
|clearpoke
|poke|p1|Dragapult, F|
|poke|p1|Hatterene, F|
|poke|p1|Haxorus, F|
|poke|p1|Greninja-*, F|
|poke|p1|Ursaluna, F|
|poke|p1|Arcanine, F|
|poke|p2|Serperior, F|
|poke|p2|Rotom-Wash|
|poke|p2|Zapdos|
|poke|p2|Heatran, F|
|poke|p2|Clefable, M|
|poke|p2|Landorus-Therian, M|
|teampreview
|
|t:|1760331158
|teamsize|p1|6
|teamsize|p2|6
|start
|switch|p1a: Dragapult|Dragapult, F|100/100
|switch|p2a: Rotom|Rotom-Wash|100/100
|turn|1
|inactive|Battle timer is ON: inactive players will automatically lose when time's up. (requested by Charle_phate)
|
|t:|1760331171
|switch|p1a: Hatterene|Hatterene, F|100/100
|switch|p2a: Heatran|Heatran, F|100/100
|
|upkeep
|turn|2
|
|t:|1760331183
|switch|p1a: Arcanine|Arcanine, F|100/100
|-ability|p1a: Arcanine|Intimidate|boost
|-unboost|p2a: Heatran|atk|1
|move|p2a: Heatran|Substitute|p2a: Heatran
|-start|p2a: Heatran|Substitute
|-damage|p2a: Heatran|76/100
|
|-heal|p2a: Heatran|82/100|[from] item: Leftovers
|upkeep
|turn|3
|
|t:|1760331193
|switch|p1a: Hatterene|Hatterene, F|100/100
|move|p2a: Heatran|Ancient Power|p1a: Hatterene
|-damage|p1a: Hatterene|89/100
|
|-heal|p2a: Heatran|88/100|[from] item: Leftovers
|upkeep
|turn|4
|
|t:|1760331202
|switch|p1a: Arcanine|Arcanine, F|100/100
|-ability|p1a: Arcanine|Intimidate|boost
|-immune|p2a: Heatran
|move|p2a: Heatran|Ancient Power|p1a: Arcanine
|-supereffective|p1a: Arcanine
|-damage|p1a: Arcanine|61/100
|
|-heal|p2a: Heatran|94/100|[from] item: Leftovers
|upkeep
|turn|5
|
|t:|1760331213
|move|p1a: Arcanine|Close Combat|p2a: Heatran
|-supereffective|p2a: Heatran
|-end|p2a: Heatran|Substitute
|-unboost|p1a: Arcanine|def|1
|-unboost|p1a: Arcanine|spd|1
|move|p2a: Heatran|Ancient Power|p1a: Arcanine
|-supereffective|p1a: Arcanine
|-damage|p1a: Arcanine|1/100
|
|-heal|p2a: Heatran|100/100|[from] item: Leftovers
|upkeep
|turn|6
|
|t:|1760331225
|switch|p2a: Zapdos|Zapdos|100/100
|move|p1a: Arcanine|Close Combat|p2a: Zapdos
|-resisted|p2a: Zapdos
|-damage|p2a: Zapdos|74/100
|-unboost|p1a: Arcanine|def|1
|-unboost|p1a: Arcanine|spd|1
|
|upkeep
|turn|7
|
|t:|1760331246
|switch|p1a: Ursaluna|Ursaluna, F|100/100
|move|p2a: Zapdos|Ancient Power|p1a: Ursaluna
|-resisted|p1a: Ursaluna
|-crit|p1a: Ursaluna
|-damage|p1a: Ursaluna|86/100
|
|-status|p1a: Ursaluna|brn|[from] item: Flame Orb
|upkeep
|turn|8
|
|t:|1760331262
|switch|p2a: Rotom|Rotom-Wash|100/100
|move|p1a: Ursaluna|Facade|p2a: Rotom
|-damage|p2a: Rotom|0 fnt
|faint|p2a: Rotom
|
|-damage|p1a: Ursaluna|80/100 brn|[from] brn
|upkeep
|
|t:|1760331275
|switch|p2a: Serperior|Serperior, F|100/100
|turn|9
|
|t:|1760331300
|switch|p1a: Arcanine|Arcanine, F|1/100
|-ability|p1a: Arcanine|Intimidate|boost
|-boost|p2a: Serperior|atk|1
|move|p2a: Serperior|Substitute|p2a: Serperior
|-start|p2a: Serperior|Substitute
|-damage|p2a: Serperior|75/100
|
|-heal|p2a: Serperior|82/100|[from] item: Leftovers
|upkeep
|turn|10
|
|t:|1760331314
|move|p1a: Arcanine|Extreme Speed|p2a: Serperior
|-end|p2a: Serperior|Substitute
|move|p2a: Serperior|Leaf Storm|p1a: Arcanine
|-resisted|p1a: Arcanine
|-damage|p1a: Arcanine|0 fnt
|-boost|p2a: Serperior|spa|2
|faint|p1a: Arcanine
|
|-heal|p2a: Serperior|88/100|[from] item: Leftovers
|upkeep
|inactive|wgfwagarg has 120 seconds left.
|
|t:|1760331331
|switch|p1a: Greninja|Greninja, F|100/100
|turn|11
|
|t:|1760331346
|-terastallize|p2a: Serperior|Fire
|move|p1a: Greninja|Ice Beam|p2a: Serperior
|-start|p1a: Greninja|typechange|Ice|[from] ability: Protean
|-resisted|p2a: Serperior
|-damage|p2a: Serperior|65/100
|move|p2a: Serperior|Glare|p1a: Greninja
|-status|p1a: Greninja|par
|
|-heal|p2a: Serperior|71/100|[from] item: Leftovers
|upkeep
|turn|12
|inactive|wgfwagarg has 120 seconds left.
|
|t:|1760331366
|move|p1a: Greninja|Water Shuriken|p2a: Serperior
|-supereffective|p2a: Serperior
|-damage|p2a: Serperior|60/100
|-supereffective|p2a: Serperior
|-damage|p2a: Serperior|49/100
|-supereffective|p2a: Serperior
|-damage|p2a: Serperior|36/100
|-hitcount|p2a: Serperior|3
|move|p2a: Serperior|Substitute|p2a: Serperior
|-start|p2a: Serperior|Substitute
|-damage|p2a: Serperior|11/100
|
|-heal|p2a: Serperior|18/100|[from] item: Leftovers
|upkeep
|turn|13
|inactive|wgfwagarg has 120 seconds left.
|
|t:|1760331380
|move|p1a: Greninja|Water Shuriken|p2a: Serperior
|-supereffective|p2a: Serperior
|-crit|p2a: Serperior
|-activate|p2a: Serperior|move: Substitute|[damage]
|-supereffective|p2a: Serperior
|-end|p2a: Serperior|Substitute
|-supereffective|p2a: Serperior
|-damage|p2a: Serperior|5/100
|-hitcount|p2a: Serperior|3
|move|p2a: Serperior|Leech Seed|p1a: Greninja
|-start|p1a: Greninja|move: Leech Seed
|
|-heal|p2a: Serperior|11/100|[from] item: Leftovers
|-damage|p1a: Greninja|88/100 par|[from] Leech Seed|[of] p2a: Serperior
|-heal|p2a: Serperior|23/100|[silent]
|upkeep
|turn|14
|inactive|wgfwagarg has 120 seconds left.
|
|t:|1760331397
|move|p1a: Greninja|Water Shuriken|p2a: Serperior
|-supereffective|p2a: Serperior
|-damage|p2a: Serperior|12/100
|-supereffective|p2a: Serperior
|-damage|p2a: Serperior|0 fnt
|faint|p2a: Serperior
|-hitcount|p2: Serperior|2
|
|upkeep
|inactive|Charle_phate has 120 seconds left.
|
|t:|1760331416
|switch|p2a: Clefable|Clefable, M|100/100
|turn|15
|inactive|Charle_phate has 120 seconds left.
|inactive|wgfwagarg has 120 seconds left.
|
|t:|1760331456
|switch|p1a: Hatterene|Hatterene, F|89/100
|move|p2a: Clefable|Calm Mind|p2a: Clefable
|-boost|p2a: Clefable|spa|1
|-boost|p2a: Clefable|spd|1
|
|upkeep
|turn|16
|
|t:|1760331464
|move|p2a: Clefable|Defense Curl|p2a: Clefable
|-boost|p2a: Clefable|def|1
|move|p1a: Hatterene|Mystical Fire|p2a: Clefable
|-damage|p2a: Clefable|81/100
|-unboost|p2a: Clefable|spa|1
|
|-heal|p2a: Clefable|87/100|[from] item: Leftovers
|upkeep
|turn|17
|
|t:|1760331474
|move|p2a: Clefable|Defense Curl|p2a: Clefable
|-boost|p2a: Clefable|def|1
|move|p1a: Hatterene|Mystical Fire|p2a: Clefable
|-damage|p2a: Clefable|67/100
|-unboost|p2a: Clefable|spa|1
|
|-heal|p2a: Clefable|73/100|[from] item: Leftovers
|upkeep
|turn|18
|inactive|Charle_phate has 120 seconds left.
|
|t:|1760331484
|switch|p1a: Ursaluna|Ursaluna, F|80/100 brn
|move|p2a: Clefable|Calm Mind|p2a: Clefable
|-boost|p2a: Clefable|spa|1
|-boost|p2a: Clefable|spd|1
|
|-heal|p2a: Clefable|79/100|[from] item: Leftovers
|-damage|p1a: Ursaluna|74/100 brn|[from] brn
|upkeep
|turn|19
|inactive|Charle_phate has 120 seconds left.
|
|t:|1760331505
|move|p2a: Clefable|Draining Kiss|p1a: Ursaluna
|-damage|p1a: Ursaluna|59/100 brn
|-heal|p2a: Clefable|92/100|[from] drain|[of] p1a: Ursaluna
|move|p1a: Ursaluna|Facade|p2a: Clefable
|-damage|p2a: Clefable|47/100
|
|-heal|p2a: Clefable|53/100|[from] item: Leftovers
|-damage|p1a: Ursaluna|53/100 brn|[from] brn
|upkeep
|turn|20
|inactive|wgfwagarg has 120 seconds left.
|
|t:|1760331525
|move|p2a: Clefable|Stored Power|p1a: Ursaluna
|-damage|p1a: Ursaluna|32/100 brn
|move|p1a: Ursaluna|Facade|p2a: Clefable
|-damage|p2a: Clefable|6/100
|
|-heal|p2a: Clefable|12/100|[from] item: Leftovers
|-damage|p1a: Ursaluna|26/100 brn|[from] brn
|upkeep
|turn|21
|
|t:|1760331543
|switch|p1a: Greninja|Greninja, F|88/100 par
|move|p2a: Clefable|Stored Power|p1a: Greninja
|-immune|p1a: Greninja
|
|-heal|p2a: Clefable|18/100|[from] item: Leftovers
|upkeep
|turn|22
|
|t:|1760331553
|cant|p1a: Greninja|par
|move|p2a: Clefable|Draining Kiss|p1a: Greninja
|-supereffective|p1a: Greninja
|-damage|p1a: Greninja|33/100 par
|-heal|p2a: Clefable|48/100|[from] drain|[of] p1a: Greninja
|
|-heal|p2a: Clefable|54/100|[from] item: Leftovers
|upkeep
|turn|23
|inactive|wgfwagarg has 120 seconds left.
|-message|wgfwagarg forfeited.
|
|win|Charle_phate
|raw|wgfwagarg's rating: 1147 &rarr; <strong>1126</strong><br />(-21 for losing)
|raw|Charle_phate's rating: 1203 &rarr; <strong>1224</strong><br />(+21 for winning)
|l|☆wgfwagarg
|player|p1|
|l|☆Charle_phate
|player|p2|
