|j|‽universe mon
|j|‽OehtWasHere
|t:|1760375706
|gametype|singles
|player|p1|universe mon|li|1725
|player|p2|OehtWasHere|chase|1711
|gen|9
|tier|[Gen 9] OU
|rated|
|rule|HP Percentage Mod: HP is shown in percentages
|rule|Endless Battle Clause: Forcing endless battles is banned
|rule|Species Clause: Limit one of each Pokémon
|rule|OHKO Clause: OHKO moves are banned
|rule|Evasion Items Clause: Evasion items are banned
|rule|Evasion Moves Clause: Evasion moves are banned
|rule|Evasion Abilities Clause: Evasion abilities are banned
|rule|Sleep Moves Clause: Sleep-inducing moves are banned
|clearpoke
|poke|p1|Ninetales-Alola, F|
|poke|p1|Klefki, F|
|poke|p1|Latias, F|
|poke|p1|Maushold-Four|
|poke|p1|Ogerpon-Wellspring, F|
|poke|p1|Necrozma|
|poke|p2|Ninetales-Alola, M|
|poke|p2|Dragonite, F|
|poke|p2|Ceruledge, F|
|poke|p2|Great Tusk|
|poke|p2|Glimmora, F|
|poke|p2|Hatterene, F|
|teampreview
|inactive|Battle timer is ON: inactive players will automatically lose when time's up. (requested by OehtWasHere)
|
|t:|1760375709
|teamsize|p1|6
|teamsize|p2|6
|start
|switch|p1a: Ninetales|Ninetales-Alola, F|100/100
|switch|p2a: Ninetales|Ninetales-Alola, M|100/100
|-weather|Snowscape|[from] ability: Snow Warning|[of] p1a: Ninetales
|turn|1
|
|t:|1760375711
|move|p2a: Ninetales|Aurora Veil|p2a: Ninetales
|-sidestart|p2: OehtWasHere|move: Aurora Veil
|move|p1a: Ninetales|Aurora Veil|p1a: Ninetales
|-sidestart|p1: universe mon|move: Aurora Veil
|
|-weather|Snowscape|[upkeep]
|upkeep
|turn|2
|
|t:|1760375716
|switch|p1a: Maushold|Maushold-Four|100/100
|switch|p2a: Glimmora|Glimmora, F|100/100
|
|-weather|Snowscape|[upkeep]
|upkeep
|turn|3
|
|t:|1760375722
|move|p2a: Glimmora|Stealth Rock|p1a: Maushold
|-sidestart|p1: universe mon|move: Stealth Rock
|move|p1a: Maushold|Tidy Up|p1a: Maushold
|-sideend|p1: universe mon|Stealth Rock
|-activate|p1a: Maushold|move: Tidy Up
|-boost|p1a: Maushold|atk|1
|-boost|p1a: Maushold|spe|1
|
|-weather|Snowscape|[upkeep]
|upkeep
|turn|4
|
|t:|1760375727
|move|p1a: Maushold|Encore|p2a: Glimmora
|-start|p2a: Glimmora|Encore
|move|p2a: Glimmora|Stealth Rock|p1a: Maushold
|-sidestart|p1: universe mon|move: Stealth Rock
|
|-weather|Snowscape|[upkeep]
|upkeep
|turn|5
|
|t:|1760375734
|switch|p2a: Ceruledge|Ceruledge, F|100/100
|move|p1a: Maushold|Tidy Up|p1a: Maushold
|-sideend|p1: universe mon|Stealth Rock
|-activate|p1a: Maushold|move: Tidy Up
|-boost|p1a: Maushold|atk|1
|-boost|p1a: Maushold|spe|1
|
|-weather|none
|upkeep
|turn|6
|
|t:|1760375743
|move|p1a: Maushold|Tidy Up|p1a: Maushold
|-boost|p1a: Maushold|atk|1
|-boost|p1a: Maushold|spe|1
|move|p2a: Ceruledge|Bitter Blade|p1a: Maushold
|-damage|p1a: Maushold|66/100
|
|upkeep
|turn|7
|
|t:|1760375748
|move|p1a: Maushold|Bite|p2a: Ceruledge
|-supereffective|p2a: Ceruledge
|-damage|p2a: Ceruledge|21/100
|move|p2a: Ceruledge|Bitter Blade|p1a: Maushold
|-damage|p1a: Maushold|30/100
|-heal|p2a: Ceruledge|39/100|[from] drain|[of] p1a: Maushold
|
|upkeep
|turn|8
|
|t:|1760375758
|move|p1a: Maushold|Bite|p2a: Ceruledge
|-supereffective|p2a: Ceruledge
|-damage|p2a: Ceruledge|0 fnt
|faint|p2a: Ceruledge
|
|-sideend|p1: universe mon|move: Aurora Veil
|-sideend|p2: OehtWasHere|move: Aurora Veil
|upkeep
|
|t:|1760375765
|switch|p2a: Glimmora|Glimmora, F|100/100
|turn|9
|
|t:|1760375769
|-terastallize|p2a: Glimmora|Ghost
|move|p1a: Maushold|Bite|p2a: Glimmora
|-supereffective|p2a: Glimmora
|-damage|p2a: Glimmora|0 fnt
|-activate|p2a: Glimmora|ability: Toxic Debris
|-sidestart|p1: universe mon|move: Toxic Spikes
|faint|p2a: Glimmora
|
|upkeep
|
|t:|1760375775
|switch|p2a: Great Tusk|Great Tusk|100/100
|-enditem|p2a: Great Tusk|Booster Energy
|-activate|p2a: Great Tusk|ability: Protosynthesis|[fromitem]
|-start|p2a: Great Tusk|protosynthesisspe
|turn|10
|
|t:|1760375778
|move|p1a: Maushold|Population Bomb|p2a: Great Tusk
|-crit|p2a: Great Tusk
|-damage|p2a: Great Tusk|75/100
|-damage|p2a: Great Tusk|55/100
|-damage|p2a: Great Tusk|36/100
|-damage|p2a: Great Tusk|16/100
|-damage|p2a: Great Tusk|0 fnt
|faint|p2a: Great Tusk
|-end|p2a: Great Tusk|Protosynthesis|[silent]
|-hitcount|p2: Great Tusk|5
|
|upkeep
|-message|OehtWasHere forfeited.
|
|win|universe mon
|raw|universe mon's rating: 1725 &rarr; <strong>1744</strong><br />(+19 for winning)
|raw|OehtWasHere's rating: 1711 &rarr; <strong>1692</strong><br />(-19 for losing)
|l|‽OehtWasHere
|player|p2|
|l|‽universe mon
|player|p1|
