|j|☆remlanzon
|j|☆Joshiboy10
|t:|1760344866
|gametype|singles
|player|p1|remlanzon|waiter|1095
|player|p2|Joshiboy10|ethan|1076
|gen|9
|tier|[Gen 9] OU
|rated|
|rule|HP Percentage Mod: HP is shown in percentages
|rule|Endless Battle Clause: Forcing endless battles is banned
|rule|Species Clause: Limit one of each Pokémon
|rule|OHKO Clause: OHKO moves are banned
|rule|Evasion Items Clause: Evasion items are banned
|rule|Evasion Moves Clause: Evasion moves are banned
|rule|Evasion Abilities Clause: Evasion abilities are banned
|rule|Sleep Moves Clause: Sleep-inducing moves are banned
|clearpoke
|poke|p1|Ogerpon-Wellspring, F|
|poke|p1|Dragapult, F|
|poke|p1|Iron Valiant|
|poke|p1|Glimmora, M|
|poke|p1|Galvantula, F|
|poke|p1|Dragonite, F|
|poke|p2|Greninja-*, M|
|poke|p2|Reuniclus, M|
|poke|p2|Ampharos, F|
|poke|p2|Talonflame, M|
|poke|p2|Noivern, M|
|poke|p2|Garchomp, M|
|teampreview
|
|t:|1760344886
|teamsize|p1|6
|teamsize|p2|6
|start
|switch|p1a: Galvantula|Galvantula, F|100/100
|switch|p2a: Batman|Noivern, M|100/100
|turn|1
|
|t:|1760344894
|move|p2a: Batman|Air Slash|p1a: Galvantula
|-crit|p1a: Galvantula
|-enditem|p1a: Galvantula|Focus Sash
|-damage|p1a: Galvantula|1/100
|-damage|p2a: Batman|91/100|[from] item: Life Orb
|move|p1a: Galvantula|Sticky Web|p2a: Batman
|-sidestart|p2: Joshiboy10|move: Sticky Web
|
|upkeep
|turn|2
|
|t:|1760344903
|move|p2a: Batman|Air Slash|p1a: Galvantula
|-damage|p1a: Galvantula|0 fnt
|faint|p1a: Galvantula
|-damage|p2a: Batman|81/100|[from] item: Life Orb
|
|upkeep
|
|t:|1760344915
|switch|p1a: Dragapult|Dragapult, F|100/100
|turn|3
|
|t:|1760344941
|move|p1a: Dragapult|Light Screen|p1a: Dragapult
|-sidestart|p1: remlanzon|move: Light Screen
|move|p2a: Batman|Dragon Pulse|p1a: Dragapult
|-supereffective|p1a: Dragapult
|-damage|p1a: Dragapult|7/100
|-start|p2a: Batman|Disable|Dragon Pulse|[from] ability: Cursed Body|[of] p1a: Dragapult
|-damage|p2a: Batman|71/100|[from] item: Life Orb
|
|upkeep
|turn|4
|
|t:|1760344951
|move|p1a: Dragapult|Reflect|p1a: Dragapult
|-sidestart|p1: remlanzon|Reflect
|move|p2a: Batman|Air Slash|p1a: Dragapult
|-crit|p1a: Dragapult
|-damage|p1a: Dragapult|0 fnt
|faint|p1a: Dragapult
|-damage|p2a: Batman|61/100|[from] item: Life Orb
|
|upkeep
|
|t:|1760344960
|switch|p1a: Dragonite|Dragonite, F|100/100
|turn|5
|
|t:|1760344979
|move|p2a: Batman|Draco Meteor|p1a: Dragonite
|-supereffective|p1a: Dragonite
|-damage|p1a: Dragonite|22/100
|-unboost|p2a: Batman|spa|2
|-damage|p2a: Batman|51/100|[from] item: Life Orb
|move|p1a: Dragonite|Dragon Claw|p2a: Batman
|-supereffective|p2a: Batman
|-damage|p2a: Batman|0 fnt
|faint|p2a: Batman
|
|-heal|p1a: Dragonite|28/100|[from] item: Leftovers
|upkeep
|
|t:|1760344991
|switch|p2a: Atom-Bomb|Garchomp, M|100/100
|-activate|p2a: Atom-Bomb|move: Sticky Web
|-unboost|p2a: Atom-Bomb|spe|1
|turn|6
|
|t:|1760344996
|move|p1a: Dragonite|Dragon Claw|p2a: Atom-Bomb
|-supereffective|p2a: Atom-Bomb
|-damage|p2a: Atom-Bomb|8/100
|-damage|p1a: Dragonite|15/100|[from] ability: Rough Skin|[of] p2a: Atom-Bomb
|-damage|p1a: Dragonite|0 fnt|[from] item: Rocky Helmet|[of] p2a: Atom-Bomb
|faint|p1a: Dragonite
|move|p2a: Atom-Bomb|Dragon Claw|p1: Dragonite|[notarget]
|-fail|p2a: Atom-Bomb
|
|upkeep
|
|t:|1760345003
|switch|p1a: Ogerpon|Ogerpon-Wellspring, F|100/100
|turn|7
|
|t:|1760345018
|switch|p1a: Glimmora|Glimmora, M|100/100
|move|p2a: Atom-Bomb|Earthquake|p1a: Glimmora
|-supereffective|p1a: Glimmora
|-damage|p1a: Glimmora|29/100
|-activate|p1a: Glimmora|ability: Toxic Debris
|-sidestart|p2: Joshiboy10|move: Toxic Spikes
|
|-heal|p1a: Glimmora|35/100|[from] item: Leftovers
|upkeep
|turn|8
|
|t:|1760345031
|move|p2a: Atom-Bomb|Earthquake|p1a: Glimmora
|-supereffective|p1a: Glimmora
|-damage|p1a: Glimmora|0 fnt
|-activate|p1a: Glimmora|ability: Toxic Debris
|-sidestart|p2: Joshiboy10|move: Toxic Spikes
|faint|p1a: Glimmora
|
|upkeep
|
|t:|1760345037
|switch|p1a: Ogerpon|Ogerpon-Wellspring, F|100/100
|turn|9
|
|t:|1760345041
|-terastallize|p1a: Ogerpon|Water
|detailschange|p1a: Ogerpon|Ogerpon-Wellspring-Tera, F, tera:Water
|-ability|p1a: Ogerpon|Embody Aspect (Wellspring)|boost
|-boost|p1a: Ogerpon|spd|1
|move|p1a: Ogerpon|Trailblaze|p2a: Atom-Bomb
|-damage|p2a: Atom-Bomb|0 fnt
|-boost|p1a: Ogerpon|spe|1
|-damage|p1a: Ogerpon|88/100|[from] ability: Rough Skin|[of] p2a: Atom-Bomb
|-damage|p1a: Ogerpon|72/100|[from] item: Rocky Helmet|[of] p2a: Atom-Bomb
|faint|p2a: Atom-Bomb
|
|upkeep
|
|t:|1760345054
|switch|p2a: Cleopatra|Ampharos, F|100/100
|-activate|p2a: Cleopatra|move: Sticky Web
|-unboost|p2a: Cleopatra|spe|1
|-status|p2a: Cleopatra|tox
|turn|10
|
|t:|1760345063
|move|p1a: Ogerpon|Ivy Cudgel|p2a: Cleopatra|[anim] Ivy Cudgel Water
|-damage|p2a: Cleopatra|11/100 tox
|move|p2a: Cleopatra|Thunderbolt|p1a: Ogerpon
|-supereffective|p1a: Ogerpon
|-damage|p1a: Ogerpon|37/100
|
|-heal|p2a: Cleopatra|17/100 tox|[from] item: Leftovers
|-damage|p2a: Cleopatra|11/100 tox|[from] psn
|-sideend|p1: remlanzon|move: Light Screen
|upkeep
|turn|11
|
|t:|1760345077
|move|p1a: Ogerpon|Trailblaze|p2a: Cleopatra
|-damage|p2a: Cleopatra|0 fnt
|-boost|p1a: Ogerpon|spe|1
|faint|p2a: Cleopatra
|
|-sideend|p1: remlanzon|Reflect
|upkeep
|
|t:|1760345093
|switch|p2a: Booger|Reuniclus, M|100/100
|-activate|p2a: Booger|move: Sticky Web
|-unboost|p2a: Booger|spe|1
|-status|p2a: Booger|tox
|turn|12
|
|t:|1760345101
|move|p1a: Ogerpon|Horn Leech|p2a: Booger
|-damage|p2a: Booger|50/100 tox
|-heal|p1a: Ogerpon|73/100|[from] drain|[of] p2a: Booger
|move|p2a: Booger|Trick Room|p2a: Booger
|-fieldstart|move: Trick Room|[of] p2a: Booger
|
|-damage|p2a: Booger|44/100 tox|[from] psn
|upkeep
|turn|13
|
|t:|1760345114
|move|p2a: Booger|Psychic|p1a: Ogerpon
|-damage|p1a: Ogerpon|17/100
|-damage|p2a: Booger|34/100 tox|[from] item: Life Orb
|move|p1a: Ogerpon|Horn Leech|p2a: Booger
|-damage|p2a: Booger|0 fnt
|-heal|p1a: Ogerpon|41/100|[from] drain|[of] p2a: Booger
|faint|p2a: Booger
|
|upkeep
|
|t:|1760345123
|switch|p2a: Froaks|Greninja, M|100/100
|-activate|p2a: Froaks|move: Sticky Web
|-unboost|p2a: Froaks|spe|1
|-status|p2a: Froaks|tox
|turn|14
|
|t:|1760345141
|move|p2a: Froaks|Dark Pulse|p1a: Ogerpon
|-start|p2a: Froaks|typechange|Dark|[from] ability: Protean
|-damage|p1a: Ogerpon|11/100
|move|p1a: Ogerpon|Horn Leech|p2a: Froaks
|-damage|p2a: Froaks|13/100 tox
|-heal|p1a: Ogerpon|53/100|[from] drain|[of] p2a: Froaks
|
|-damage|p2a: Froaks|7/100 tox|[from] psn
|upkeep
|turn|15
|
|t:|1760345156
|move|p2a: Froaks|Dark Pulse|p1a: Ogerpon
|-damage|p1a: Ogerpon|28/100
|move|p1a: Ogerpon|Horn Leech|p2a: Froaks
|-damage|p2a: Froaks|0 fnt
|-heal|p1a: Ogerpon|31/100|[from] drain|[of] p2a: Froaks
|faint|p2a: Froaks
|
|upkeep
|
|t:|1760345163
|switch|p2a: Phoenix|Talonflame, M|100/100
|turn|16
|
|t:|1760345171
|move|p2a: Phoenix|Brave Bird|p1a: Ogerpon
|-damage|p1a: Ogerpon|0 fnt
|faint|p1a: Ogerpon
|detailschange|p1: Ogerpon|Ogerpon-Wellspring, F|[silent]
|-damage|p2a: Phoenix|90/100|[from] Recoil
|
|-fieldend|move: Trick Room
|upkeep
|
|t:|1760345175
|switch|p1a: Iron Valiant|Iron Valiant|100/100
|-enditem|p1a: Iron Valiant|Booster Energy
|-activate|p1a: Iron Valiant|ability: Quark Drive|[fromitem]
|-start|p1a: Iron Valiant|quarkdriveatk
|turn|17
|
|t:|1760345186
|move|p2a: Phoenix|Brave Bird|p1a: Iron Valiant
|-supereffective|p1a: Iron Valiant
|-damage|p1a: Iron Valiant|0 fnt
|faint|p1a: Iron Valiant
|-end|p1a: Iron Valiant|Quark Drive|[silent]
|-damage|p2a: Phoenix|58/100|[from] Recoil
|
|win|Joshiboy10
|raw|remlanzon's rating: 1095 &rarr; <strong>1069</strong><br />(-26 for losing)
|raw|Joshiboy10's rating: 1076 &rarr; <strong>1106</strong><br />(+30 for winning)
|c|☆Joshiboy10|gg
|l|☆remlanzon
|player|p1|
|l|☆Joshiboy10
|player|p2|
