|j|☆Voltaris33
|j|☆vghhjg
|t:|1760308692
|gametype|singles
|player|p1|Voltaris33|unknown|1489
|player|p2|vghhjg|2|1650
|gen|9
|tier|[Gen 9] OU
|rated|
|rule|HP Percentage Mod: HP is shown in percentages
|rule|Endless Battle Clause: Forcing endless battles is banned
|rule|Species Clause: Limit one of each Pokémon
|rule|OHKO Clause: OHKO moves are banned
|rule|Evasion Items Clause: Evasion items are banned
|rule|Evasion Moves Clause: Evasion moves are banned
|rule|Evasion Abilities Clause: Evasion abilities are banned
|rule|Sleep Moves Clause: Sleep-inducing moves are banned
|clearpoke
|poke|p1|Garchomp, M|
|poke|p1|Moltres-Galar|
|poke|p1|Tyranitar, F|
|poke|p1|Noivern, M|
|poke|p1|Ceruledge, F|
|poke|p1|Zapdos|
|poke|p2|Ribombee, M|
|poke|p2|Gholdengo|
|poke|p2|Dragonite, F|
|poke|p2|Oricorio-Sensu, M|
|poke|p2|Primarina, M|
|poke|p2|Iron Treads|
|teampreview
|inactive|Battle timer is ON: inactive players will automatically lose when time's up. (requested by Voltaris33)
|inactive|vghhjg has 120 seconds left.
|
|t:|1760308728
|teamsize|p1|6
|teamsize|p2|6
|start
|switch|p1a: Ceruledge|Ceruledge, F|100/100
|switch|p2a: Ribombee|Ribombee, M|100/100
|turn|1
|
|t:|1760308737
|move|p2a: Ribombee|Sticky Web|p1a: Ceruledge
|-sidestart|p1: Voltaris33|move: Sticky Web
|move|p1a: Ceruledge|Bitter Blade|p2a: Ribombee
|-supereffective|p2a: Ribombee
|-enditem|p2a: Ribombee|Focus Sash
|-damage|p2a: Ribombee|1/100
|
|upkeep
|turn|2
|
|t:|1760308751
|move|p1a: Ceruledge|Shadow Sneak|p2a: Ribombee
|-damage|p2a: Ribombee|0 fnt
|faint|p2a: Ribombee
|
|upkeep
|
|t:|1760308756
|switch|p2a: Iron Treads|Iron Treads|100/100
|turn|3
|
|t:|1760308760
|move|p2a: Iron Treads|Stealth Rock|p1a: Ceruledge
|-sidestart|p1: Voltaris33|move: Stealth Rock
|move|p1a: Ceruledge|Swords Dance|p1a: Ceruledge
|-boost|p1a: Ceruledge|atk|2
|
|upkeep
|turn|4
|
|t:|1760308770
|move|p2a: Iron Treads|Earthquake|p1a: Ceruledge
|-supereffective|p1a: Ceruledge
|-enditem|p1a: Ceruledge|Focus Sash
|-damage|p1a: Ceruledge|1/100
|-ability|p1a: Ceruledge|Weak Armor|boost
|-unboost|p1a: Ceruledge|def|1
|-boost|p1a: Ceruledge|spe|2
|move|p1a: Ceruledge|Bitter Blade|p2a: Iron Treads
|-supereffective|p2a: Iron Treads
|-enditem|p2a: Iron Treads|Focus Sash
|-damage|p2a: Iron Treads|1/100
|-heal|p1a: Ceruledge|56/100|[from] drain|[of] p2a: Iron Treads
|
|upkeep
|turn|5
|
|t:|1760308777
|move|p1a: Ceruledge|Bitter Blade|p2a: Iron Treads
|-supereffective|p2a: Iron Treads
|-damage|p2a: Iron Treads|0 fnt
|-heal|p1a: Ceruledge|56/100|[from] drain|[of] p2a: Iron Treads
|faint|p2a: Iron Treads
|-end|p2a: Iron Treads|Quark Drive|[silent]
|
|upkeep
|
|t:|1760308782
|switch|p2a: Dragonite|Dragonite, F, shiny|100/100
|turn|6
|
|t:|1760308786
|move|p1a: Ceruledge|Dragon Claw|p2a: Dragonite
|-supereffective|p2a: Dragonite
|-damage|p2a: Dragonite|41/100
|move|p2a: Dragonite|Earthquake|p1a: Ceruledge
|-supereffective|p1a: Ceruledge
|-damage|p1a: Ceruledge|0 fnt
|faint|p1a: Ceruledge
|
|-heal|p2a: Dragonite|47/100|[from] item: Leftovers
|upkeep
|
|t:|1760308789
|switch|p1a: Noivern|Noivern, M|100/100
|turn|7
|
|t:|1760308797
|move|p1a: Noivern|Defog|p2a: Dragonite
|-unboost|p2a: Dragonite|evasion|1
|-sideend|p1: Voltaris33|Stealth Rock|[from] move: Defog|[of] p1a: Noivern
|-sideend|p1: Voltaris33|Sticky Web|[from] move: Defog|[of] p1a: Noivern
|move|p2a: Dragonite|Dragon Dance|p2a: Dragonite
|-boost|p2a: Dragonite|atk|1
|-boost|p2a: Dragonite|spe|1
|
|-heal|p2a: Dragonite|53/100|[from] item: Leftovers
|upkeep
|turn|8
|
|t:|1760308803
|move|p2a: Dragonite|Encore|p1a: Noivern
|-start|p1a: Noivern|Encore
|move|p1a: Noivern|Defog|p2a: Dragonite
|-unboost|p2a: Dragonite|evasion|1
|
|-heal|p2a: Dragonite|59/100|[from] item: Leftovers
|upkeep
|turn|9
|
|t:|1760308809
|switch|p1a: Zapdos|Zapdos|100/100
|move|p2a: Dragonite|Dragon Dance|p2a: Dragonite
|-boost|p2a: Dragonite|atk|1
|-boost|p2a: Dragonite|spe|1
|
|-heal|p2a: Dragonite|66/100|[from] item: Leftovers
|upkeep
|turn|10
|
|t:|1760308820
|move|p2a: Dragonite|Dragon Dance|p2a: Dragonite
|-boost|p2a: Dragonite|atk|1
|-boost|p2a: Dragonite|spe|1
|move|p1a: Zapdos|Thunder Wave|p2a: Dragonite
|-status|p2a: Dragonite|par
|
|-heal|p2a: Dragonite|72/100 par|[from] item: Leftovers
|upkeep
|turn|11
|
|t:|1760308831
|move|p2a: Dragonite|Encore|p1a: Zapdos
|-start|p1a: Zapdos|Encore
|move|p1a: Zapdos|Thunder Wave|p2a: Dragonite
|-fail|p2a: Dragonite|par
|
|-heal|p2a: Dragonite|78/100 par|[from] item: Leftovers
|upkeep
|turn|12
|
|t:|1760308834
|switch|p1a: Noivern|Noivern, M|100/100
|move|p2a: Dragonite|Dragon Dance|p2a: Dragonite
|-boost|p2a: Dragonite|atk|1
|-boost|p2a: Dragonite|spe|1
|
|-heal|p2a: Dragonite|84/100 par|[from] item: Leftovers
|upkeep
|turn|13
|
|t:|1760308843
|-terastallize|p2a: Dragonite|Flying
|move|p2a: Dragonite|Tera Blast|p1a: Noivern|[anim] Tera Blast Flying
|-damage|p1a: Noivern|0 fnt
|faint|p1a: Noivern
|
|-heal|p2a: Dragonite|90/100 par|[from] item: Leftovers
|upkeep
|
|t:|1760308846
|switch|p1a: Zapdos|Zapdos|100/100
|turn|14
|
|t:|1760308851
|move|p2a: Dragonite|Tera Blast|p1a: Zapdos|[anim] Tera Blast Flying
|-resisted|p1a: Zapdos
|-damage|p1a: Zapdos|2/100
|move|p1a: Zapdos|Volt Switch|p2a: Dragonite
|-supereffective|p2a: Dragonite
|-damage|p2a: Dragonite|0 fnt
|faint|p2a: Dragonite
|
|t:|1760308855
|switch|p1a: Garchomp|Garchomp, M|100/100|[from] Volt Switch
|
|upkeep
|
|t:|1760308861
|switch|p2a: Primarina|Primarina, M|100/100
|turn|15
|
|t:|1760308872
|move|p1a: Garchomp|Earthquake|p2a: Primarina
|-damage|p2a: Primarina|21/100
|move|p2a: Primarina|Moonblast|p1a: Garchomp
|-supereffective|p1a: Garchomp
|-damage|p1a: Garchomp|0 fnt
|faint|p1a: Garchomp
|
|-heal|p2a: Primarina|27/100|[from] item: Leftovers
|upkeep
|
|t:|1760308874
|switch|p1a: Zapdos|Zapdos|2/100
|turn|16
|
|t:|1760308880
|switch|p2a: Gholdengo|Gholdengo|100/100
|-item|p2a: Gholdengo|Air Balloon
|move|p1a: Zapdos|Volt Switch|p2a: Gholdengo
|-damage|p2a: Gholdengo|47/100
|-enditem|p2a: Gholdengo|Air Balloon
|
|t:|1760308882
|switch|p1a: Moltres|Moltres-Galar|100/100|[from] Volt Switch
|
|upkeep
|turn|17
|
|t:|1760308885
|move|p2a: Gholdengo|Dazzling Gleam|p1a: Moltres
|-supereffective|p1a: Moltres
|-damage|p1a: Moltres|51/100
|-enditem|p1a: Moltres|Weakness Policy
|-boost|p1a: Moltres|atk|2|[from] item: Weakness Policy
|-boost|p1a: Moltres|spa|2|[from] item: Weakness Policy
|move|p1a: Moltres|Agility|p1a: Moltres
|-boost|p1a: Moltres|spe|2
|
|upkeep
|turn|18
|
|t:|1760308888
|move|p1a: Moltres|Fiery Wrath|p2a: Gholdengo
|-supereffective|p2a: Gholdengo
|-damage|p2a: Gholdengo|0 fnt
|faint|p2a: Gholdengo
|
|upkeep
|c|☆vghhjg|gg
|-message|vghhjg forfeited.
|
|win|Voltaris33
|raw|Voltaris33's rating: 1489 &rarr; <strong>1518</strong><br />(+29 for winning)
|raw|vghhjg's rating: 1650 &rarr; <strong>1621</strong><br />(-29 for losing)
|l|☆vghhjg
|player|p2|
|l|☆Voltaris33
|player|p1|
