|j|☆NapedCrusader
|j|☆OP Earthquakes
|t:|1760405607
|gametype|singles
|player|p1|NapedCrusader|flint|
|player|p2|OP Earthquakes|giovanni-masters|
|gen|9
|tier|[Gen 9] OU
|rule|HP Percentage Mod: HP is shown in percentages
|rule|Endless Battle Clause: Forcing endless battles is banned
|rule|Species Clause: Limit one of each Pokémon
|rule|OHKO Clause: OHKO moves are banned
|rule|Evasion Items Clause: Evasion items are banned
|rule|Evasion Moves Clause: Evasion moves are banned
|rule|Evasion Abilities Clause: Evasion abilities are banned
|rule|Sleep Moves Clause: Sleep-inducing moves are banned
|clearpoke
|poke|p1|Kyurem|
|poke|p1|Ninetales-Alola, M|
|poke|p1|Necrozma|
|poke|p1|Hawlucha, M|
|poke|p1|Scizor, F|
|poke|p1|Alomomola, M|
|poke|p2|Landorus-Therian, M|
|poke|p2|Hawlucha, M|
|poke|p2|Araquanid, M|
|poke|p2|Sinistcha-Masterpiece|
|poke|p2|Volcanion|
|poke|p2|Enamorus, F|
|teampreview
|inactive|Battle timer is ON: inactive players will automatically lose when time's up. (requested by OP Earthquakes)
|c|☆OP Earthquakes|Hf
|c|☆OP Earthquakes|HF GL
|c|☆NapedCrusader|u2
|c|☆OP Earthquakes|GL
|c|☆OP Earthquakes|;D
|
|t:|1760405636
|teamsize|p1|6
|teamsize|p2|6
|start
|switch|p1a: Itachi|Hawlucha, M, shiny|100/100
|switch|p2a: Araquanid|Araquanid, M, shiny|100/100
|-ability|p1a: Itachi|Mold Breaker
|turn|1
|
|t:|1760405647
|move|p1a: Itachi|Brave Bird|p2a: Araquanid
|-supereffective|p2a: Araquanid
|-damage|p2a: Araquanid|8/100
|-damage|p1a: Itachi|71/100|[from] Recoil
|move|p2a: Araquanid|Sticky Web|p1a: Itachi
|-sidestart|p1: NapedCrusader|move: Sticky Web
|
|upkeep
|turn|2
|-enditem|p2a: Araquanid|Custap Berry|[eat]
|-activate|p2a: Araquanid|item: Custap Berry|[consumed]
|
|t:|1760405655
|move|p2a: Araquanid|Liquidation|p1a: Itachi
|-damage|p1a: Itachi|0 fnt
|faint|p1a: Itachi
|
|upkeep
|c|☆NapedCrusader|oopsie
|c|☆OP Earthquakes|muwhaha
|
|t:|1760405664
|switch|p1a: Scizor|Scizor, F|100/100
|-activate|p1a: Scizor|move: Sticky Web
|-unboost|p1a: Scizor|spe|1
|turn|3
|
|t:|1760405671
|switch|p2a: Volcanion|Volcanion|100/100
|move|p1a: Scizor|Bullet Punch|p2a: Volcanion
|-resisted|p2a: Volcanion
|-damage|p2a: Volcanion|94/100
|
|upkeep
|turn|4
|
|t:|1760405681
|switch|p1a: Alomomola|Alomomola, M, shiny|100/100
|-activate|p1a: Alomomola|move: Sticky Web
|-unboost|p1a: Alomomola|spe|1
|move|p2a: Volcanion|Flamethrower|p1a: Alomomola
|-resisted|p1a: Alomomola
|-damage|p1a: Alomomola|72/100
|
|upkeep
|turn|5
|
|t:|1760405692
|switch|p2a: Sinistcha|Sinistcha-Masterpiece, shiny|100/100
|move|p1a: Alomomola|Misty Terrain|p1a: Alomomola
|-fieldstart|move: Misty Terrain
|
|upkeep
|turn|6
|
|t:|1760405701
|switch|p1a: Scizor|Scizor, F|100/100
|-activate|p1a: Scizor|move: Sticky Web
|-unboost|p1a: Scizor|spe|1
|move|p2a: Sinistcha|Calm Mind|p2a: Sinistcha
|-boost|p2a: Sinistcha|spa|1
|-boost|p2a: Sinistcha|spd|1
|
|upkeep
|turn|7
|c|☆OP Earthquakes|noice
|
|t:|1760405715
|move|p2a: Sinistcha|Shadow Ball|p1a: Scizor
|-damage|p1a: Scizor|60/100
|move|p1a: Scizor|Knock Off|p2a: Sinistcha
|-supereffective|p2a: Sinistcha
|-damage|p2a: Sinistcha|46/100
|-enditem|p2a: Sinistcha|Big Root|[from] move: Knock Off|[of] p1a: Scizor
|
|upkeep
|turn|8
|
|t:|1760405728
|switch|p1a: Ninetales|Ninetales-Alola, M|100/100
|-activate|p1a: Ninetales|move: Sticky Web
|-unboost|p1a: Ninetales|spe|1
|-weather|Snowscape|[from] ability: Snow Warning|[of] p1a: Ninetales
|move|p2a: Sinistcha|Strength Sap|p1a: Ninetales
|-unboost|p1a: Ninetales|atk|1
|-heal|p2a: Sinistcha|90/100
|
|-weather|Snowscape|[upkeep]
|upkeep
|turn|9
|
|t:|1760405749
|move|p1a: Ninetales|Aurora Veil|p1a: Ninetales
|-sidestart|p1: NapedCrusader|move: Aurora Veil
|move|p2a: Sinistcha|Calm Mind|p2a: Sinistcha
|-boost|p2a: Sinistcha|spa|1
|-boost|p2a: Sinistcha|spd|1
|
|-weather|Snowscape|[upkeep]
|-fieldend|Misty Terrain
|upkeep
|turn|10
|
|t:|1760405754
|move|p1a: Ninetales|Encore|p2a: Sinistcha
|-start|p2a: Sinistcha|Encore
|move|p2a: Sinistcha|Calm Mind|p2a: Sinistcha
|-boost|p2a: Sinistcha|spa|1
|-boost|p2a: Sinistcha|spd|1
|
|-weather|Snowscape|[upkeep]
|upkeep
|turn|11
|c|☆OP Earthquakes|darn
|
|t:|1760405771
|switch|p1a: Scizor|Scizor, F|60/100
|-activate|p1a: Scizor|move: Sticky Web
|-unboost|p1a: Scizor|spe|1
|move|p2a: Sinistcha|Calm Mind|p2a: Sinistcha
|-boost|p2a: Sinistcha|spa|1
|-boost|p2a: Sinistcha|spd|1
|
|-weather|Snowscape|[upkeep]
|upkeep
|turn|12
|
|t:|1760405786
|switch|p2a: Araquanid|Araquanid, M, shiny|8/100
|move|p1a: Scizor|U-turn|p2a: Araquanid
|-damage|p2a: Araquanid|0 fnt
|faint|p2a: Araquanid
|
|t:|1760405790
|switch|p1a: Alomomola|Alomomola, M, shiny|100/100|[from] U-turn
|-activate|p1a: Alomomola|move: Sticky Web
|-unboost|p1a: Alomomola|spe|1
|
|-weather|none
|upkeep
|inactive|OP Earthquakes has 270 seconds left.
|
|t:|1760405822
|switch|p2a: Enamorus|Enamorus, F|100/100
|turn|13
|
|t:|1760405828
|move|p2a: Enamorus|Superpower|p1a: Alomomola
|-damage|p1a: Alomomola|88/100
|-boost|p2a: Enamorus|atk|1
|-boost|p2a: Enamorus|def|1
|-damage|p2a: Enamorus|84/100|[from] item: Rocky Helmet|[of] p1a: Alomomola
|move|p1a: Alomomola|Misty Terrain|p1a: Alomomola
|-fieldstart|move: Misty Terrain
|
|upkeep
|turn|14
|
|t:|1760405835
|move|p2a: Enamorus|Superpower|p1a: Alomomola
|-damage|p1a: Alomomola|70/100
|-boost|p2a: Enamorus|atk|1
|-boost|p2a: Enamorus|def|1
|-damage|p2a: Enamorus|67/100|[from] item: Rocky Helmet|[of] p1a: Alomomola
|move|p1a: Alomomola|Flip Turn|p2a: Enamorus
|-damage|p2a: Enamorus|54/100
|
|t:|1760405843
|switch|p1a: Necrozma|Necrozma, shiny|100/100|[from] Flip Turn
|-activate|p1a: Necrozma|move: Sticky Web
|-unboost|p1a: Necrozma|spe|1
|-enditem|p1a: Necrozma|Misty Seed
|-boost|p1a: Necrozma|spd|1|[from] item: Misty Seed
|
|upkeep
|turn|15
|
|t:|1760405853
|switch|p2a: Hawlucha|Hawlucha, M|100/100
|-ability|p2a: Hawlucha|Mold Breaker
|move|p1a: Necrozma|Dragon Dance|p1a: Necrozma
|-boost|p1a: Necrozma|atk|1
|-boost|p1a: Necrozma|spe|1
|
|upkeep
|turn|16
|
|t:|1760405861
|switch|p1a: Alomomola|Alomomola, M, shiny|100/100
|-activate|p1a: Alomomola|move: Sticky Web
|-unboost|p1a: Alomomola|spe|1
|move|p2a: Hawlucha|Encore||[still]
|-fail|p2a: Hawlucha
|
|-sideend|p1: NapedCrusader|move: Aurora Veil
|upkeep
|turn|17
|
|t:|1760405880
|switch|p2a: Volcanion|Volcanion|94/100
|move|p1a: Alomomola|Flip Turn|p2a: Volcanion
|-heal|p2a: Volcanion|100/100|[from] ability: Water Absorb|[of] p1a: Alomomola
|
|-fieldend|Misty Terrain
|upkeep
|turn|18
|
|t:|1760405887
|move|p2a: Volcanion|Sludge Bomb|p1a: Alomomola
|-damage|p1a: Alomomola|61/100
|move|p1a: Alomomola|Misty Terrain|p1a: Alomomola
|-fieldstart|move: Misty Terrain
|
|upkeep
|turn|19
|c|☆OP Earthquakes|lol
|
|t:|1760405904
|switch|p2a: OP|Landorus-Therian, M, shiny|100/100
|-ability|p2a: OP|Intimidate|boost
|-unboost|p1a: Alomomola|atk|1
|switch|p1a: Frieza|Kyurem, shiny|100/100
|-activate|p1a: Frieza|move: Sticky Web
|-unboost|p1a: Frieza|spe|1
|-ability|p1a: Frieza|Pressure
|
|upkeep
|turn|20
|c|☆OP Earthquakes|ur good with that team
|c|☆NapedCrusader|hehe thank u
|c|☆NapedCrusader|the webs are cooking me
|inactive|OP Earthquakes has 270 seconds left.
|
|t:|1760405936
|switch|p2a: Volcanion|Volcanion|100/100
|move|p1a: Frieza|Freeze-Dry|p2a: Volcanion
|-damage|p2a: Volcanion|53/100
|
|upkeep
|turn|21
|inactive|OP Earthquakes has 270 seconds left.
|
|t:|1760405949
|move|p2a: Volcanion|Flamethrower|p1a: Frieza
|-damage|p1a: Frieza|33/100
|move|p1a: Frieza|Earth Power|p2a: Volcanion
|-supereffective|p2a: Volcanion
|-damage|p2a: Volcanion|0 fnt
|faint|p2a: Volcanion
|
|upkeep
|inactive|OP Earthquakes has 270 seconds left.
|
|t:|1760405955
|switch|p2a: OP|Landorus-Therian, M, shiny|100/100
|-ability|p2a: OP|Intimidate|boost
|-unboost|p1a: Frieza|atk|1
|turn|22
|
|t:|1760405958
|switch|p1a: Alomomola|Alomomola, M, shiny|94/100
|-activate|p1a: Alomomola|move: Sticky Web
|-unboost|p1a: Alomomola|spe|1
|move|p2a: OP|Earthquake|p1a: Alomomola
|-damage|p1a: Alomomola|49/100
|
|-fieldend|Misty Terrain
|upkeep
|turn|23
|
|t:|1760405972
|move|p2a: OP|Swords Dance|p2a: OP
|-boost|p2a: OP|atk|2
|move|p1a: Alomomola|Flip Turn|p2a: OP
|-supereffective|p2a: OP
|-damage|p2a: OP|65/100
|
|t:|1760405979
|switch|p1a: Ninetales|Ninetales-Alola, M|100/100|[from] Flip Turn
|-activate|p1a: Ninetales|move: Sticky Web
|-unboost|p1a: Ninetales|spe|1
|-weather|Snowscape|[from] ability: Snow Warning|[of] p1a: Ninetales
|
|-weather|Snowscape|[upkeep]
|upkeep
|turn|24
|
|t:|1760406004
|move|p2a: OP|Earthquake|p1a: Ninetales
|-damage|p1a: Ninetales|0 fnt
|faint|p1a: Ninetales
|
|-weather|Snowscape|[upkeep]
|upkeep
|
|t:|1760406016
|switch|p1a: Alomomola|Alomomola, M, shiny|82/100
|-activate|p1a: Alomomola|move: Sticky Web
|-unboost|p1a: Alomomola|spe|1
|turn|25
|
|t:|1760406031
|-terastallize|p1a: Alomomola|Flying
|move|p2a: OP|Earthquake|p1a: Alomomola
|-immune|p1a: Alomomola
|move|p1a: Alomomola|Flip Turn|p2a: OP
|-supereffective|p2a: OP
|-damage|p2a: OP|29/100
|
|t:|1760406034
|switch|p1a: Scizor|Scizor, F|60/100|[from] Flip Turn
|-activate|p1a: Scizor|move: Sticky Web
|-unboost|p1a: Scizor|spe|1
|
|-weather|Snowscape|[upkeep]
|upkeep
|turn|26
|
|t:|1760406047
|switch|p2a: Sinistcha|Sinistcha-Masterpiece, shiny|90/100
|move|p1a: Scizor|Bullet Punch|p2a: Sinistcha
|-damage|p2a: Sinistcha|65/100
|
|-weather|Snowscape|[upkeep]
|upkeep
|turn|27
|
|t:|1760406057
|move|p2a: Sinistcha|Strength Sap|p1a: Scizor
|-unboost|p1a: Scizor|atk|1
|-heal|p2a: Sinistcha|100/100
|move|p1a: Scizor|Dual Wingbeat|p2a: Sinistcha
|-supereffective|p2a: Sinistcha
|-damage|p2a: Sinistcha|78/100
|-supereffective|p2a: Sinistcha
|-damage|p2a: Sinistcha|56/100
|-hitcount|p2a: Sinistcha|2
|
|-weather|none
|upkeep
|turn|28
|
|t:|1760406065
|move|p2a: Sinistcha|Strength Sap|p1a: Scizor
|-unboost|p1a: Scizor|atk|1
|-heal|p2a: Sinistcha|100/100
|move|p1a: Scizor|U-turn|p2a: Sinistcha
|-damage|p2a: Sinistcha|87/100
|
|t:|1760406070
|switch|p1a: Frieza|Kyurem, shiny|33/100|[from] U-turn
|-activate|p1a: Frieza|move: Sticky Web
|-unboost|p1a: Frieza|spe|1
|-ability|p1a: Frieza|Pressure
|
|upkeep
|turn|29
|
|t:|1760406090
|move|p2a: Sinistcha|Shadow Ball|p1a: Frieza
|-damage|p1a: Frieza|2/100
|move|p1a: Frieza|Freeze-Dry|p2a: Sinistcha
|-supereffective|p2a: Sinistcha
|-damage|p2a: Sinistcha|0 fnt
|faint|p2a: Sinistcha
|
|upkeep
|c|☆OP Earthquakes|crazy
|c|☆OP Earthquakes|lmfao
|c|☆NapedCrusader|yuhhh
|inactive|OP Earthquakes has 270 seconds left.
|
|t:|1760406111
|switch|p2a: Hawlucha|Hawlucha, M|100/100
|-ability|p2a: Hawlucha|Mold Breaker
|turn|30
|inactive|OP Earthquakes has 270 seconds left.
|
|t:|1760406117
|move|p2a: Hawlucha|Brave Bird|p1a: Frieza
|-damage|p1a: Frieza|0 fnt
|faint|p1a: Frieza
|-damage|p2a: Hawlucha|99/100|[from] Recoil
|
|upkeep
|
|t:|1760406121
|switch|p1a: Necrozma|Necrozma, shiny|100/100
|-activate|p1a: Necrozma|move: Sticky Web
|-unboost|p1a: Necrozma|spe|1
|turn|31
|
|t:|1760406130
|move|p2a: Hawlucha|Swords Dance|p2a: Hawlucha
|-boost|p2a: Hawlucha|atk|2
|move|p1a: Necrozma|Photon Geyser|p2a: Hawlucha
|-supereffective|p2a: Hawlucha
|-damage|p2a: Hawlucha|0 fnt
|faint|p2a: Hawlucha
|
|upkeep
|
|t:|1760406140
|switch|p2a: Enamorus|Enamorus, F|54/100
|turn|32
|
|t:|1760406145
|move|p2a: Enamorus|Healing Wish|p2a: Enamorus
|faint|p2a: Enamorus
|move|p1a: Necrozma|Photon Geyser|p2: Enamorus|[notarget]
|-fail|p1a: Necrozma
|
|upkeep
|
|t:|1760406149
|switch|p2a: OP|Landorus-Therian, M, shiny|29/100
|-heal|p2a: OP|100/100|[from] move: Healing Wish
|-ability|p2a: OP|Intimidate|boost
|-unboost|p1a: Necrozma|atk|1
|turn|33
|c|☆NapedCrusader|uh oh
|
|t:|1760406161
|move|p2a: OP|Swords Dance|p2a: OP
|-boost|p2a: OP|atk|2
|move|p1a: Necrozma|Photon Geyser|p2a: OP
|-damage|p2a: OP|54/100
|
|upkeep
|turn|34
|c|☆NapedCrusader|dayum that did nothing
|
|t:|1760406180
|move|p2a: OP|Earthquake|p1a: Necrozma
|-damage|p1a: Necrozma|0 fnt
|faint|p1a: Necrozma
|
|upkeep
|
|t:|1760406182
|switch|p1a: Alomomola|Alomomola, M, shiny, tera:Flying|100/100
|turn|35
|
|t:|1760406199
|-terastallize|p2a: OP|Flying
|move|p2a: OP|Tera Blast|p1a: Alomomola|[anim] Tera Blast Flying
|-damage|p1a: Alomomola|19/100
|move|p1a: Alomomola|Flip Turn|p2a: OP
|-damage|p2a: OP|36/100
|
|t:|1760406203
|switch|p1a: Scizor|Scizor, F|60/100|[from] Flip Turn
|-activate|p1a: Scizor|move: Sticky Web
|-unboost|p1a: Scizor|spe|1
|
|upkeep
|turn|36
|
|t:|1760406212
|move|p1a: Scizor|Bullet Punch|p2a: OP
|-damage|p2a: OP|3/100
|move|p2a: OP|Tera Blast|p1a: Scizor|[anim] Tera Blast Flying
|-damage|p1a: Scizor|0 fnt
|faint|p1a: Scizor
|
|upkeep
|
|t:|1760406214
|switch|p1a: Alomomola|Alomomola, M, shiny, tera:Flying|52/100
|turn|37
|c|☆OP Earthquakes|YASS
|c|☆OP Earthquakes|PHEW
|c|☆OP Earthquakes|LOL
|c|☆NapedCrusader|ggs haha
|
|t:|1760406223
|move|p1a: Alomomola|Protect|p1a: Alomomola
|-singleturn|p1a: Alomomola|Protect
|move|p2a: OP|Tera Blast|p1a: Alomomola|[anim] Tera Blast Flying
|-activate|p1a: Alomomola|move: Protect
|
|upkeep
|turn|38
|c|☆NapedCrusader|twas fun
|c|☆OP Earthquakes|real
|c|☆NapedCrusader|should i try it on the ladder?
|
|t:|1760406232
|move|p2a: OP|Tera Blast|p1a: Alomomola|[anim] Tera Blast Flying
|-damage|p1a: Alomomola|0 fnt
|faint|p1a: Alomomola
|
|win|OP Earthquakes
|c|☆OP Earthquakes|I would
|c|☆OP Earthquakes|I made it
|c|☆OP Earthquakes|LOL
|c|☆OP Earthquakes|1900 brain
|c|☆NapedCrusader|ok bet
|c|☆NapedCrusader|join my game
|c|☆OP Earthquakes|this was with moon in game too
|c|☆OP Earthquakes|yeah fs
|c|☆NapedCrusader|https://play.pokemonshowdown.com/battle-gen9ou-2461195626
