|j|‽The_Atigasgas
|j|☆astterio
|t:|1760449772
|gametype|singles
|player|p1|The_Atigasgas|2|1096
|player|p2|astterio|eusine|1145
|gen|9
|tier|[Gen 9] OU
|rated|
|rule|HP Percentage Mod: HP is shown in percentages
|rule|Endless Battle Clause: Forcing endless battles is banned
|rule|Species Clause: Limit one of each Pokémon
|rule|OHKO Clause: OHKO moves are banned
|rule|Evasion Items Clause: Evasion items are banned
|rule|Evasion Moves Clause: Evasion moves are banned
|rule|Evasion Abilities Clause: Evasion abilities are banned
|rule|Sleep Moves Clause: Sleep-inducing moves are banned
|clearpoke
|poke|p1|Klefki, F|
|poke|p1|Arcanine, M|
|poke|p1|Azumarill, F|
|poke|p1|Golurk|
|poke|p1|Electivire, M|
|poke|p1|Latias, F|
|poke|p2|Weezing-Galar, M|
|poke|p2|Ceruledge, F|
|poke|p2|Ting-Lu|
|poke|p2|Zapdos|
|poke|p2|Ogerpon-Wellspring, F|
|poke|p2|Iron Valiant|
|teampreview
|inactive|Battle timer is ON: inactive players will automatically lose when time's up. (requested by astterio)
|
|t:|1760449778
|teamsize|p1|6
|teamsize|p2|6
|start
|switch|p1a: Golurk|Golurk|100/100
|switch|p2a: Zapdos|Zapdos|100/100
|-ability|p2a: Zapdos|Pressure
|turn|1
|
|t:|1760449785
|switch|p2a: Ogerpon|Ogerpon-Wellspring, F|100/100
|move|p1a: Golurk|Stealth Rock|p2a: Ogerpon
|-sidestart|p2: astterio|move: Stealth Rock
|
|upkeep
|turn|2
|l|‽The_Atigasgas
|inactive|The_Atigasgas disconnected and has a minute to reconnect!
|player|p1|
|j|‽The_Atigasgas
|inactive|The_Atigasgas reconnected and has 145 seconds left.
|player|p1|The_Atigasgas|2|
|n|‽The_Atigasgas|theatigasgas
|l|‽The_Atigasgas
|inactive|The_Atigasgas disconnected and has a minute to reconnect!
|player|p1|
|inactive|The_Atigasgas has 30 seconds to reconnect!
|inactive|The_Atigasgas has 20 seconds to reconnect!
|j|☆The_Atigasgas
|inactive|The_Atigasgas reconnected and has 95 seconds left.
|player|p1|The_Atigasgas|2|
|inactive|The_Atigasgas has 90 seconds left.
|
|t:|1760449852
|switch|p1a: Electivire|Electivire, M|100/100
|-item|p1a: Electivire|Air Balloon
|move|p2a: Ogerpon|Knock Off|p1a: Electivire
|-damage|p1a: Electivire|41/100
|-enditem|p1a: Electivire|Air Balloon
|
|upkeep
|turn|3
|inactive|The_Atigasgas has 90 seconds left.
|
|t:|1760449861
|move|p2a: Ogerpon|Ivy Cudgel|p1a: Electivire|[anim] Ivy Cudgel Water
|-damage|p1a: Electivire|0 fnt
|faint|p1a: Electivire
|
|upkeep
|inactive|The_Atigasgas has 90 seconds left.
|
|t:|1760449868
|switch|p1a: Latias|Latias, F|100/100
|turn|4
|
|t:|1760449873
|move|p2a: Ogerpon|U-turn|p1a: Latias
|-supereffective|p1a: Latias
|-damage|p1a: Latias|58/100
|
|t:|1760449877
|switch|p2a: Iron Valiant|Iron Valiant|100/100|[from] U-turn
|-damage|p2a: Iron Valiant|94/100|[from] Stealth Rock
|move|p1a: Latias|Psychic|p2a: Iron Valiant
|-supereffective|p2a: Iron Valiant
|-damage|p2a: Iron Valiant|0 fnt
|faint|p2a: Iron Valiant
|-end|p2a: Iron Valiant|Quark Drive|[silent]
|-damage|p1a: Latias|48/100|[from] item: Life Orb
|
|upkeep
|
|t:|1760449880
|switch|p2a: Ogerpon|Ogerpon-Wellspring, F|100/100
|-damage|p2a: Ogerpon|88/100|[from] Stealth Rock
|turn|5
|
|t:|1760449891
|move|p2a: Ogerpon|Knock Off|p1a: Latias
|-supereffective|p1a: Latias
|-crit|p1a: Latias
|-damage|p1a: Latias|0 fnt
|-enditem|p1a: Latias|Life Orb|[from] move: Knock Off|[of] p2a: Ogerpon
|faint|p1a: Latias
|
|upkeep
|
|t:|1760449903
|switch|p1a: Klefki|Klefki, F, shiny|100/100
|turn|6
|
|t:|1760449907
|-terastallize|p2a: Ogerpon|Water
|detailschange|p2a: Ogerpon|Ogerpon-Wellspring-Tera, F, tera:Water
|-ability|p2a: Ogerpon|Embody Aspect (Wellspring)|boost
|-boost|p2a: Ogerpon|spd|1
|move|p1a: Klefki|Thunder Wave|p2a: Ogerpon
|-status|p2a: Ogerpon|par
|move|p2a: Ogerpon|Ivy Cudgel|p1a: Klefki|[anim] Ivy Cudgel Water
|-damage|p1a: Klefki|6/100
|
|-heal|p1a: Klefki|12/100|[from] item: Leftovers
|upkeep
|turn|7
|
|t:|1760449919
|move|p1a: Klefki|Draining Kiss|p2a: Ogerpon
|-damage|p2a: Ogerpon|72/100 par
|-heal|p1a: Klefki|23/100|[from] drain|[of] p2a: Ogerpon
|move|p2a: Ogerpon|U-turn|p1a: Klefki
|-resisted|p1a: Klefki
|-damage|p1a: Klefki|16/100
|
|t:|1760449922
|switch|p2a: Weezing|Weezing-Galar, M|100/100|[from] U-turn
|
|-heal|p1a: Klefki|22/100|[from] item: Leftovers
|upkeep
|turn|8
|inactive|The_Atigasgas has 120 seconds left.
|
|t:|1760449932
|switch|p1a: Golurk|Golurk|100/100
|move|p2a: Weezing|Defog|p1a: Golurk
|-unboost|p1a: Golurk|evasion|1
|-sideend|p2: astterio|Stealth Rock|[from] move: Defog|[of] p2a: Weezing
|
|upkeep
|turn|9
|inactive|The_Atigasgas has 120 seconds left.
|
|t:|1760449939
|move|p2a: Weezing|Will-O-Wisp|p1a: Golurk
|-status|p1a: Golurk|brn
|move|p1a: Golurk|Shadow Punch|p2a: Weezing
|-damage|p2a: Weezing|88/100
|
|-damage|p1a: Golurk|94/100 brn|[from] brn
|upkeep
|turn|10
|
|t:|1760449947
|move|p2a: Weezing|Strange Steam|p1a: Golurk
|-damage|p1a: Golurk|63/100 brn
|move|p1a: Golurk|Earthquake|p2a: Weezing
|-immune|p2a: Weezing|[from] ability: Levitate
|
|-damage|p1a: Golurk|57/100 brn|[from] brn
|upkeep
|turn|11
|-message|The_Atigasgas forfeited.
|
|win|astterio
|raw|The_Atigasgas's rating: 1123 &rarr; <strong>1100</strong><br />(-23 for losing)
|raw|astterio's rating: 1145 &rarr; <strong>1168</strong><br />(+23 for winning)
|l|☆The_Atigasgas
|player|p1|
|l|☆astterio
|player|p2|
