|j|☆3r34t45
|j|☆dishes_ttv
|t:|1760352366
|gametype|singles
|player|p1|3r34t45|170|1401
|player|p2|dishes_ttv|1|1424
|gen|9
|tier|[Gen 9] OU
|rated|
|rule|HP Percentage Mod: HP is shown in percentages
|rule|Endless Battle Clause: Forcing endless battles is banned
|rule|Species Clause: Limit one of each Pokémon
|rule|OHKO Clause: OHKO moves are banned
|rule|Evasion Items Clause: Evasion items are banned
|rule|Evasion Moves Clause: Evasion moves are banned
|rule|Evasion Abilities Clause: Evasion abilities are banned
|rule|Sleep Moves Clause: Sleep-inducing moves are banned
|clearpoke
|poke|p1|Greninja-*, F|
|poke|p1|Great Tusk|
|poke|p1|Mew|
|poke|p1|Rotom-Frost|
|poke|p1|Hydrapple, F|
|poke|p1|Slowking-Galar, M|
|poke|p2|Gholdengo|
|poke|p2|Dragonite, F|
|poke|p2|Clefable, M|
|poke|p2|Arcanine-Hisui, F|
|poke|p2|Araquanid, M|
|poke|p2|Iron Treads|
|teampreview
|inactive|Battle timer is ON: inactive players will automatically lose when time's up. (requested by 3r34t45)
|
|t:|1760352375
|teamsize|p1|6
|teamsize|p2|6
|start
|switch|p1a: Mew|Mew|100/100
|switch|p2a: Araquanid|Araquanid, M|100/100
|turn|1
|
|t:|1760352380
|move|p1a: Mew|Stealth Rock|p2a: Araquanid
|-sidestart|p2: dishes_ttv|move: Stealth Rock
|move|p2a: Araquanid|Liquidation|p1a: Mew
|-damage|p1a: Mew|54/100
|-unboost|p1a: Mew|def|1
|
|-heal|p1a: Mew|61/100|[from] item: Leftovers
|upkeep
|turn|2
|
|t:|1760352385
|move|p1a: Mew|Psychic|p2a: Araquanid
|-damage|p2a: Araquanid|76/100
|move|p2a: Araquanid|Sticky Web|p1a: Mew
|-sidestart|p1: 3r34t45|move: Sticky Web
|
|-heal|p1a: Mew|67/100|[from] item: Leftovers
|upkeep
|turn|3
|
|t:|1760352388
|move|p1a: Mew|Psychic|p2a: Araquanid
|-damage|p2a: Araquanid|51/100
|move|p2a: Araquanid|Liquidation|p1a: Mew
|-damage|p1a: Mew|0 fnt
|faint|p1a: Mew
|
|upkeep
|
|t:|1760352395
|switch|p1a: Hydrapple|Hydrapple, F|100/100
|-activate|p1a: Hydrapple|move: Sticky Web
|-unboost|p1a: Hydrapple|spe|1
|turn|4
|
|t:|1760352399
|move|p2a: Araquanid|Endeavor|p1a: Hydrapple
|-damage|p1a: Hydrapple|42/100
|move|p1a: Hydrapple|Nasty Plot|p1a: Hydrapple
|-boost|p1a: Hydrapple|spa|2
|
|-heal|p1a: Hydrapple|48/100|[from] item: Leftovers
|upkeep
|turn|5
|
|t:|1760352406
|move|p2a: Araquanid|Endure|p2a: Araquanid
|-singleturn|p2a: Araquanid|move: Endure
|move|p1a: Hydrapple|Giga Drain|p2a: Araquanid
|-activate|p2a: Araquanid|move: Endure
|-damage|p2a: Araquanid|1/100
|-heal|p1a: Hydrapple|68/100|[from] drain|[of] p2a: Araquanid
|
|-heal|p1a: Hydrapple|75/100|[from] item: Leftovers
|upkeep
|turn|6
|-enditem|p2a: Araquanid|Custap Berry|[eat]
|-activate|p2a: Araquanid|item: Custap Berry|[consumed]
|
|t:|1760352410
|move|p2a: Araquanid|Endeavor|p1a: Hydrapple
|-damage|p1a: Hydrapple|1/100
|move|p1a: Hydrapple|Giga Drain|p2a: Araquanid
|-crit|p2a: Araquanid
|-damage|p2a: Araquanid|0 fnt
|-heal|p1a: Hydrapple|1/100|[from] drain|[of] p2a: Araquanid
|faint|p2a: Araquanid
|
|-heal|p1a: Hydrapple|7/100|[from] item: Leftovers
|upkeep
|
|t:|1760352415
|switch|p2a: Iron Treads|Iron Treads|100/100
|-damage|p2a: Iron Treads|97/100|[from] Stealth Rock
|turn|7
|
|t:|1760352418
|switch|p1a: Great Tusk|Great Tusk|100/100
|-activate|p1a: Great Tusk|move: Sticky Web
|-unboost|p1a: Great Tusk|spe|1
|move|p2a: Iron Treads|Rapid Spin|p1a: Great Tusk
|-damage|p1a: Great Tusk|91/100
|-boost|p2a: Iron Treads|spe|1
|-sideend|p2: dishes_ttv|Stealth Rock|[from] move: Rapid Spin|[of] p2a: Iron Treads
|
|-heal|p2a: Iron Treads|100/100|[from] item: Leftovers
|-heal|p1a: Great Tusk|97/100|[from] item: Leftovers
|upkeep
|turn|8
|
|t:|1760352424
|-end|p2a: Iron Treads|Quark Drive|[silent]
|switch|p2a: Clefable|Clefable, M|100/100
|move|p1a: Great Tusk|Rapid Spin|p2a: Clefable
|-damage|p2a: Clefable|88/100
|-boost|p1a: Great Tusk|spe|1
|-sideend|p1: 3r34t45|Sticky Web|[from] move: Rapid Spin|[of] p1a: Great Tusk
|
|-heal|p1a: Great Tusk|100/100|[from] item: Leftovers
|-heal|p2a: Clefable|94/100|[from] item: Leftovers
|upkeep
|turn|9
|
|t:|1760352431
|-end|p1a: Great Tusk|Protosynthesis|[silent]
|switch|p1a: Rotom|Rotom-Frost|100/100
|move|p2a: Clefable|Thunder Wave|p1a: Rotom
|-immune|p1a: Rotom
|
|-heal|p2a: Clefable|99/100|[from] item: Leftovers
|upkeep
|turn|10
|
|t:|1760352437
|move|p1a: Rotom|Trick|p2a: Clefable
|-activate|p1a: Rotom|move: Trick|[of] p2a: Clefable
|-item|p2a: Clefable|Choice Scarf|[from] move: Trick
|-item|p1a: Rotom|Leftovers|[from] move: Trick
|move|p2a: Clefable|Moonblast|p1a: Rotom
|-damage|p1a: Rotom|56/100
|
|-heal|p1a: Rotom|62/100|[from] item: Leftovers
|upkeep
|turn|11
|
|t:|1760352443
|move|p1a: Rotom|Volt Switch|p2a: Clefable
|-damage|p2a: Clefable|69/100
|
|t:|1760352444
|switch|p1a: Slowking|Slowking-Galar, M|100/100|[from] Volt Switch
|move|p2a: Clefable|Moonblast|p1a: Slowking
|-resisted|p1a: Slowking
|-damage|p1a: Slowking|91/100
|
|-heal|p1a: Slowking|97/100|[from] item: Leftovers
|upkeep
|turn|12
|
|t:|1760352450
|switch|p2a: Arcanine|Arcanine-Hisui, F|100/100
|-prepare|p1a: Slowking|Chilly Reception|[premajor]
|move|p1a: Slowking|Chilly Reception|p1a: Slowking
|-weather|Snowscape
|
|t:|1760352453
|switch|p1a: Greninja|Greninja, F|100/100|[from] Chilly Reception
|
|-weather|Snowscape|[upkeep]
|upkeep
|turn|13
|
|t:|1760352460
|switch|p2a: Dragonite|Dragonite, F|100/100
|move|p1a: Greninja|Surf|p2a: Dragonite
|-start|p1a: Greninja|typechange|Water|[from] ability: Protean
|-resisted|p2a: Dragonite
|-damage|p2a: Dragonite|86/100
|
|-weather|Snowscape|[upkeep]
|upkeep
|turn|14
|
|t:|1760352469
|switch|p1a: Rotom|Rotom-Frost|62/100
|move|p2a: Dragonite|Dragon Dance|p2a: Dragonite
|-boost|p2a: Dragonite|atk|1
|-boost|p2a: Dragonite|spe|1
|
|-weather|Snowscape|[upkeep]
|-heal|p1a: Rotom|68/100|[from] item: Leftovers
|upkeep
|turn|15
|
|t:|1760352481
|-terastallize|p2a: Dragonite|Fairy
|move|p2a: Dragonite|Dragon Dance|p2a: Dragonite
|-boost|p2a: Dragonite|atk|1
|-boost|p2a: Dragonite|spe|1
|move|p1a: Rotom|Blizzard|p2a: Dragonite
|-damage|p2a: Dragonite|35/100
|
|-weather|Snowscape|[upkeep]
|-heal|p1a: Rotom|74/100|[from] item: Leftovers
|upkeep
|turn|16
|
|t:|1760352489
|move|p2a: Dragonite|Roost|p2a: Dragonite
|-heal|p2a: Dragonite|86/100
|move|p1a: Rotom|Blizzard|p2a: Dragonite
|-damage|p2a: Dragonite|32/100
|-status|p2a: Dragonite|frz
|
|-weather|none
|-heal|p1a: Rotom|81/100|[from] item: Leftovers
|upkeep
|turn|17
|
|t:|1760352497
|cant|p2a: Dragonite|frz
|move|p1a: Rotom|Thunderbolt|p2a: Dragonite
|-damage|p2a: Dragonite|0 fnt
|faint|p2a: Dragonite
|
|-heal|p1a: Rotom|87/100|[from] item: Leftovers
|upkeep
|
|t:|1760352502
|switch|p2a: Arcanine|Arcanine-Hisui, F|100/100
|turn|18
|
|t:|1760352505
|switch|p1a: Great Tusk|Great Tusk|100/100
|move|p2a: Arcanine|Flare Blitz|p1a: Great Tusk
|-damage|p1a: Great Tusk|34/100
|-status|p1a: Great Tusk|brn
|
|-heal|p1a: Great Tusk|40/100 brn|[from] item: Leftovers
|-damage|p1a: Great Tusk|34/100 brn|[from] brn
|upkeep
|turn|19
|
|t:|1760352510
|move|p2a: Arcanine|Flare Blitz|p1a: Great Tusk
|-damage|p1a: Great Tusk|0 fnt
|faint|p1a: Great Tusk
|-end|p1a: Great Tusk|Protosynthesis|[silent]
|
|upkeep
|
|t:|1760352512
|switch|p1a: Greninja|Greninja, F|100/100
|turn|20
|
|t:|1760352515
|switch|p2a: Clefable|Clefable, M|69/100
|-terastallize|p1a: Greninja|Water
|move|p1a: Greninja|Surf|p2a: Clefable
|-damage|p2a: Clefable|0 fnt
|faint|p2a: Clefable
|
|upkeep
|
|t:|1760352521
|switch|p2a: Gholdengo|Gholdengo|100/100
|turn|21
|
|t:|1760352528
|switch|p1a: Hydrapple|Hydrapple, F|40/100
|move|p2a: Gholdengo|Shadow Ball|p1a: Hydrapple
|-damage|p1a: Hydrapple|0 fnt
|faint|p1a: Hydrapple
|
|upkeep
|
|t:|1760352530
|switch|p1a: Rotom|Rotom-Frost|87/100
|turn|22
|
|t:|1760352534
|switch|p2a: Iron Treads|Iron Treads|100/100
|move|p1a: Rotom|Thunderbolt|p2a: Iron Treads
|-immune|p2a: Iron Treads
|
|-heal|p1a: Rotom|93/100|[from] item: Leftovers
|upkeep
|turn|23
|
|t:|1760352540
|move|p1a: Rotom|Blizzard|p2a: Iron Treads
|-damage|p2a: Iron Treads|62/100
|move|p2a: Iron Treads|Knock Off|p1a: Rotom
|-damage|p1a: Rotom|61/100
|-enditem|p1a: Rotom|Leftovers|[from] move: Knock Off|[of] p2a: Iron Treads
|
|-heal|p2a: Iron Treads|68/100|[from] item: Leftovers
|upkeep
|turn|24
|
|t:|1760352545
|move|p1a: Rotom|Blizzard|p2a: Iron Treads
|-damage|p2a: Iron Treads|30/100
|move|p2a: Iron Treads|Knock Off|p1a: Rotom
|-damage|p1a: Rotom|39/100
|
|-heal|p2a: Iron Treads|36/100|[from] item: Leftovers
|upkeep
|turn|25
|
|t:|1760352551
|move|p1a: Rotom|Blizzard|p2a: Iron Treads|[miss]
|-miss|p1a: Rotom|p2a: Iron Treads
|move|p2a: Iron Treads|Knock Off|p1a: Rotom
|-damage|p1a: Rotom|16/100
|
|-heal|p2a: Iron Treads|42/100|[from] item: Leftovers
|upkeep
|turn|26
|
|t:|1760352554
|move|p1a: Rotom|Blizzard|p2a: Iron Treads
|-damage|p2a: Iron Treads|0 fnt
|faint|p2a: Iron Treads
|-end|p2a: Iron Treads|Quark Drive|[silent]
|
|upkeep
|
|t:|1760352556
|switch|p2a: Gholdengo|Gholdengo|100/100
|turn|27
|
|t:|1760352558
|move|p2a: Gholdengo|Shadow Ball|p1a: Rotom
|-damage|p1a: Rotom|0 fnt
|faint|p1a: Rotom
|
|upkeep
|
|t:|1760352561
|switch|p1a: Greninja|Greninja, F, tera:Water|100/100
|turn|28
|
|t:|1760352571
|move|p2a: Gholdengo|Shadow Ball|p1a: Greninja
|-damage|p1a: Greninja|29/100
|move|p1a: Greninja|Dark Pulse|p2a: Gholdengo
|-supereffective|p2a: Gholdengo
|-crit|p2a: Gholdengo
|-damage|p2a: Gholdengo|0 fnt
|faint|p2a: Gholdengo
|
|upkeep
|
|t:|1760352577
|switch|p2a: Arcanine|Arcanine-Hisui, F|100/100
|turn|29
|
|t:|1760352581
|switch|p1a: Slowking|Slowking-Galar, M|100/100
|move|p2a: Arcanine|Extreme Speed|p1a: Slowking
|-damage|p1a: Slowking|58/100
|
|-heal|p1a: Slowking|64/100|[from] item: Leftovers
|upkeep
|turn|30
|
|t:|1760352587
|move|p2a: Arcanine|Extreme Speed|p1a: Slowking
|-damage|p1a: Slowking|25/100
|move|p1a: Slowking|Slack Off|p1a: Slowking
|-heal|p1a: Slowking|75/100
|
|-heal|p1a: Slowking|81/100|[from] item: Leftovers
|upkeep
|turn|31
|
|t:|1760352592
|move|p2a: Arcanine|Extreme Speed|p1a: Slowking
|-damage|p1a: Slowking|44/100
|move|p1a: Slowking|Slack Off|p1a: Slowking
|-heal|p1a: Slowking|94/100
|
|-heal|p1a: Slowking|99/100|[from] item: Leftovers
|upkeep
|turn|32
|
|t:|1760352600
|move|p2a: Arcanine|Extreme Speed|p1a: Slowking
|-damage|p1a: Slowking|57/100
|move|p1a: Slowking|Psychic|p2a: Arcanine
|-damage|p2a: Arcanine|55/100
|
|-heal|p1a: Slowking|63/100|[from] item: Leftovers
|upkeep
|turn|33
|
|t:|1760352605
|move|p2a: Arcanine|Extreme Speed|p1a: Slowking
|-damage|p1a: Slowking|20/100
|move|p1a: Slowking|Slack Off|p1a: Slowking
|-heal|p1a: Slowking|70/100
|
|-heal|p1a: Slowking|76/100|[from] item: Leftovers
|upkeep
|turn|34
|
|t:|1760352608
|move|p2a: Arcanine|Extreme Speed|p1a: Slowking
|-damage|p1a: Slowking|39/100
|move|p1a: Slowking|Slack Off|p1a: Slowking
|-heal|p1a: Slowking|89/100
|
|-heal|p1a: Slowking|95/100|[from] item: Leftovers
|upkeep
|turn|35
|
|t:|1760352613
|move|p2a: Arcanine|Extreme Speed|p1a: Slowking
|-damage|p1a: Slowking|54/100
|move|p1a: Slowking|Slack Off|p1a: Slowking
|-heal|p1a: Slowking|100/100
|
|upkeep
|turn|36
|
|t:|1760352617
|move|p2a: Arcanine|Extreme Speed|p1a: Slowking
|-damage|p1a: Slowking|60/100
|move|p1a: Slowking|Slack Off|p1a: Slowking
|-heal|p1a: Slowking|100/100
|
|upkeep
|turn|37
|
|t:|1760352619
|-activate|p2a: Arcanine|move: Struggle
|move|p2a: Arcanine|Struggle|p1a: Slowking
|-damage|p1a: Slowking|75/100
|-damage|p2a: Arcanine|30/100|[from] recoil
|move|p1a: Slowking|Psychic|p2a: Arcanine
|-damage|p2a: Arcanine|0 fnt
|faint|p2a: Arcanine
|
|win|3r34t45
|raw|3r34t45's rating: 1401 &rarr; <strong>1422</strong><br />(+21 for winning)
|raw|dishes_ttv's rating: 1424 &rarr; <strong>1403</strong><br />(-21 for losing)
|l|☆3r34t45
|player|p1|
|l|☆dishes_ttv
|player|p2|
