|j|‽Settleslugger
|j|☆bakpakzak
|t:|1760331290
|gametype|singles
|player|p1|Settleslugger|2|1401
|player|p2|bakpakzak|cynthia|1449
|gen|9
|tier|[Gen 9] OU
|rated|
|rule|HP Percentage Mod: HP is shown in percentages
|rule|Endless Battle Clause: Forcing endless battles is banned
|rule|Species Clause: Limit one of each Pokémon
|rule|OHKO Clause: OHKO moves are banned
|rule|Evasion Items Clause: Evasion items are banned
|rule|Evasion Moves Clause: Evasion moves are banned
|rule|Evasion Abilities Clause: Evasion abilities are banned
|rule|Sleep Moves Clause: Sleep-inducing moves are banned
|clearpoke
|poke|p1|Blissey, F|
|poke|p1|Corviknight, M|
|poke|p1|Dragonite, M|
|poke|p1|Enamorus, F|
|poke|p1|Goodra-Hisui, F|
|poke|p1|Kingambit, M|
|poke|p2|Raging Bolt|
|poke|p2|Ogerpon-Wellspring, F|
|poke|p2|Zamazenta-*|
|poke|p2|Iron Crown|
|poke|p2|Landorus-Therian, M|
|poke|p2|Araquanid, M|
|teampreview
|inactive|Battle timer is ON: inactive players will automatically lose when time's up. (requested by Settleslugger)
|inactive|bakpakzak has 120 seconds left.
|
|t:|1760331342
|teamsize|p1|6
|teamsize|p2|6
|start
|switch|p1a: Goodra|Goodra-Hisui, F|100/100
|switch|p2a: Iron Crown|Iron Crown|100/100
|turn|1
|
|t:|1760331347
|move|p2a: Iron Crown|Volt Switch|p1a: Goodra
|-resisted|p1a: Goodra
|-damage|p1a: Goodra|92/100
|
|t:|1760331349
|-end|p2a: Iron Crown|Quark Drive|[silent]
|switch|p2a: Landorus|Landorus-Therian, M|100/100|[from] Volt Switch
|-ability|p2a: Landorus|Intimidate|boost
|-unboost|p1a: Goodra|atk|1
|move|p1a: Goodra|Acid Armor|p1a: Goodra
|-boost|p1a: Goodra|def|2
|
|-heal|p1a: Goodra|98/100|[from] item: Leftovers
|upkeep
|turn|2
|
|t:|1760331359
|switch|p2a: Zamazenta|Zamazenta|100/100
|-ability|p2a: Zamazenta|Dauntless Shield|boost
|-boost|p2a: Zamazenta|def|1
|move|p1a: Goodra|Acid Armor|p1a: Goodra
|-boost|p1a: Goodra|def|2
|
|-heal|p1a: Goodra|100/100|[from] item: Leftovers
|upkeep
|turn|3
|
|t:|1760331364
|move|p2a: Zamazenta|Roar|p1a: Goodra
|drag|p1a: Dragonite|Dragonite, M|100/100
|
|upkeep
|turn|4
|
|t:|1760331369
|switch|p1a: Corviknight|Corviknight, M|100/100
|-ability|p1a: Corviknight|Pressure
|move|p2a: Zamazenta|Iron Defense|p2a: Zamazenta
|-boost|p2a: Zamazenta|def|2
|
|upkeep
|turn|5
|
|t:|1760331374
|move|p2a: Zamazenta|Iron Defense|p2a: Zamazenta
|-boost|p2a: Zamazenta|def|2
|move|p1a: Corviknight|U-turn|p2a: Zamazenta
|-resisted|p2a: Zamazenta
|-damage|p2a: Zamazenta|99/100
|
|t:|1760331377
|switch|p1a: Enamorus|Enamorus, F|100/100|[from] U-turn
|
|-heal|p2a: Zamazenta|100/100|[from] item: Leftovers
|upkeep
|turn|6
|inactive|bakpakzak has 120 seconds left.
|
|t:|1760331410
|move|p1a: Enamorus|Moonblast|p2a: Zamazenta
|-supereffective|p2a: Zamazenta
|-damage|p2a: Zamazenta|18/100
|-unboost|p2a: Zamazenta|spa|1
|move|p2a: Zamazenta|Body Press|p1a: Enamorus
|-resisted|p1a: Enamorus
|-damage|p1a: Enamorus|52/100
|
|-heal|p2a: Zamazenta|24/100|[from] item: Leftovers
|upkeep
|turn|7
|
|t:|1760331419
|switch|p2a: Iron Crown|Iron Crown|100/100
|move|p1a: Enamorus|Moonblast|p2a: Iron Crown
|-resisted|p2a: Iron Crown
|-damage|p2a: Iron Crown|81/100
|-unboost|p2a: Iron Crown|spa|1
|
|upkeep
|turn|8
|
|t:|1760331425
|switch|p1a: Blissey|Blissey, F|100/100
|move|p2a: Iron Crown|Tachyon Cutter|p1a: Blissey
|-damage|p1a: Blissey|96/100
|-damage|p1a: Blissey|91/100
|-hitcount|p1a: Blissey|2
|
|-heal|p1a: Blissey|97/100|[from] item: Leftovers
|upkeep
|turn|9
|
|t:|1760331433
|move|p2a: Iron Crown|Volt Switch|p1a: Blissey
|-damage|p1a: Blissey|92/100
|
|t:|1760331438
|-end|p2a: Iron Crown|Quark Drive|[silent]
|switch|p2a: Araquanid|Araquanid, M|100/100|[from] Volt Switch
|move|p1a: Blissey|Stealth Rock|p2a: Araquanid
|-sidestart|p2: bakpakzak|move: Stealth Rock
|
|-heal|p1a: Blissey|98/100|[from] item: Leftovers
|upkeep
|turn|10
|
|t:|1760331444
|switch|p1a: Goodra|Goodra-Hisui, F|100/100
|move|p2a: Araquanid|Sticky Web|p1a: Goodra
|-sidestart|p1: Settleslugger|move: Sticky Web
|
|upkeep
|turn|11
|
|t:|1760331450
|move|p2a: Araquanid|Liquidation|p1a: Goodra
|-resisted|p1a: Goodra
|-crit|p1a: Goodra
|-damage|p1a: Goodra|43/100
|move|p1a: Goodra|Dragon Tail|p2a: Araquanid
|-damage|p2a: Araquanid|70/100
|drag|p2a: Iron Crown|Iron Crown|81/100
|-damage|p2a: Iron Crown|74/100|[from] Stealth Rock
|
|-heal|p1a: Goodra|49/100|[from] item: Leftovers
|upkeep
|turn|12
|
|t:|1760331460
|move|p2a: Iron Crown|Volt Switch|p1a: Goodra
|-resisted|p1a: Goodra
|-damage|p1a: Goodra|42/100
|
|t:|1760331464
|-end|p2a: Iron Crown|Quark Drive|[silent]
|switch|p2a: Zamazenta|Zamazenta|24/100|[from] Volt Switch
|-damage|p2a: Zamazenta|18/100|[from] Stealth Rock
|move|p1a: Goodra|Dragon Tail|p2a: Zamazenta
|-damage|p2a: Zamazenta|0 fnt
|faint|p2a: Zamazenta
|
|-heal|p1a: Goodra|48/100|[from] item: Leftovers
|upkeep
|
|t:|1760331468
|switch|p2a: Landorus|Landorus-Therian, M|100/100
|-damage|p2a: Landorus|88/100|[from] Stealth Rock
|-ability|p2a: Landorus|Intimidate|boost
|-unboost|p1a: Goodra|atk|1
|turn|13
|
|t:|1760331473
|switch|p1a: Corviknight|Corviknight, M|100/100
|-ability|p1a: Corviknight|Pressure
|move|p2a: Landorus|Earthquake|p1a: Corviknight
|-immune|p1a: Corviknight
|
|upkeep
|turn|14
|
|t:|1760331480
|switch|p2a: Iron Crown|Iron Crown|74/100
|-damage|p2a: Iron Crown|68/100|[from] Stealth Rock
|move|p1a: Corviknight|Defog|p2a: Iron Crown
|-unboost|p2a: Iron Crown|evasion|1
|-sideend|p2: bakpakzak|Stealth Rock|[from] move: Defog|[of] p1a: Corviknight
|-sideend|p1: Settleslugger|Sticky Web|[from] move: Defog|[of] p1a: Corviknight
|
|upkeep
|turn|15
|
|t:|1760331486
|switch|p1a: Blissey|Blissey, F|98/100
|move|p2a: Iron Crown|Volt Switch|p1a: Blissey
|-damage|p1a: Blissey|91/100
|
|t:|1760331488
|-end|p2a: Iron Crown|Quark Drive|[silent]
|switch|p2a: Araquanid|Araquanid, M|70/100|[from] Volt Switch
|
|-heal|p1a: Blissey|97/100|[from] item: Leftovers
|upkeep
|turn|16
|
|t:|1760331491
|switch|p1a: Corviknight|Corviknight, M|100/100
|-ability|p1a: Corviknight|Pressure
|move|p2a: Araquanid|Liquidation|p1a: Corviknight
|-damage|p1a: Corviknight|57/100
|-damage|p2a: Araquanid|53/100|[from] item: Rocky Helmet|[of] p1a: Corviknight
|
|upkeep
|turn|17
|
|t:|1760331498
|move|p1a: Corviknight|Roost|p1a: Corviknight
|-heal|p1a: Corviknight|100/100
|-singleturn|p1a: Corviknight|move: Roost
|move|p2a: Araquanid|Sticky Web|p1a: Corviknight
|-sidestart|p1: Settleslugger|move: Sticky Web
|
|upkeep
|turn|18
|
|t:|1760331501
|move|p1a: Corviknight|Defog|p2a: Araquanid
|-unboost|p2a: Araquanid|evasion|1
|-sideend|p1: Settleslugger|Sticky Web|[from] move: Defog|[of] p1a: Corviknight
|move|p2a: Araquanid|Liquidation|p1a: Corviknight
|-damage|p1a: Corviknight|56/100
|-damage|p2a: Araquanid|37/100|[from] item: Rocky Helmet|[of] p1a: Corviknight
|
|upkeep
|turn|19
|
|t:|1760331503
|move|p1a: Corviknight|Roost|p1a: Corviknight
|-heal|p1a: Corviknight|100/100
|-singleturn|p1a: Corviknight|move: Roost
|move|p2a: Araquanid|Liquidation|p1a: Corviknight
|-damage|p1a: Corviknight|57/100
|-damage|p2a: Araquanid|20/100|[from] item: Rocky Helmet|[of] p1a: Corviknight
|
|upkeep
|turn|20
|
|t:|1760331507
|move|p1a: Corviknight|Roost|p1a: Corviknight
|-heal|p1a: Corviknight|100/100
|-singleturn|p1a: Corviknight|move: Roost
|move|p2a: Araquanid|Sticky Web|p1a: Corviknight
|-sidestart|p1: Settleslugger|move: Sticky Web
|
|upkeep
|turn|21
|
|t:|1760331511
|move|p1a: Corviknight|Defog|p2a: Araquanid
|-unboost|p2a: Araquanid|evasion|1
|-sideend|p1: Settleslugger|Sticky Web|[from] move: Defog|[of] p1a: Corviknight
|move|p2a: Araquanid|Liquidation|p1a: Corviknight
|-damage|p1a: Corviknight|54/100
|-damage|p2a: Araquanid|4/100|[from] item: Rocky Helmet|[of] p1a: Corviknight
|
|upkeep
|turn|22
|
|t:|1760331513
|move|p1a: Corviknight|Roost|p1a: Corviknight
|-heal|p1a: Corviknight|100/100
|-singleturn|p1a: Corviknight|move: Roost
|move|p2a: Araquanid|Sticky Web|p1a: Corviknight
|-sidestart|p1: Settleslugger|move: Sticky Web
|
|upkeep
|turn|23
|
|t:|1760331516
|move|p1a: Corviknight|Defog|p2a: Araquanid
|-unboost|p2a: Araquanid|evasion|1
|-sideend|p1: Settleslugger|Sticky Web|[from] move: Defog|[of] p1a: Corviknight
|move|p2a: Araquanid|Liquidation|p1a: Corviknight
|-damage|p1a: Corviknight|54/100
|-damage|p2a: Araquanid|0 fnt|[from] item: Rocky Helmet|[of] p1a: Corviknight
|faint|p2a: Araquanid
|
|upkeep
|
|t:|1760331523
|switch|p2a: Raging Bolt|Raging Bolt|100/100
|-enditem|p2a: Raging Bolt|Booster Energy
|-activate|p2a: Raging Bolt|ability: Protosynthesis|[fromitem]
|-start|p2a: Raging Bolt|protosynthesisspa
|turn|24
|
|t:|1760331528
|switch|p1a: Goodra|Goodra-Hisui, F|48/100
|move|p2a: Raging Bolt|Calm Mind|p2a: Raging Bolt
|-boost|p2a: Raging Bolt|spa|1
|-boost|p2a: Raging Bolt|spd|1
|
|-heal|p1a: Goodra|54/100|[from] item: Leftovers
|upkeep
|turn|25
|inactive|bakpakzak has 120 seconds left.
|
|t:|1760331569
|-terastallize|p2a: Raging Bolt|Fairy
|move|p2a: Raging Bolt|Calm Mind|p2a: Raging Bolt
|-boost|p2a: Raging Bolt|spa|1
|-boost|p2a: Raging Bolt|spd|1
|move|p1a: Goodra|Dragon Tail|p2a: Raging Bolt
|-immune|p2a: Raging Bolt
|
|-heal|p1a: Goodra|60/100|[from] item: Leftovers
|upkeep
|turn|26
|
|t:|1760331575
|move|p2a: Raging Bolt|Thunderbolt|p1a: Goodra
|-resisted|p1a: Goodra
|-crit|p1a: Goodra
|-damage|p1a: Goodra|0 fnt
|faint|p1a: Goodra
|
|upkeep
|
|t:|1760331582
|switch|p1a: Kingambit|Kingambit, M|100/100
|-activate|p1a: Kingambit|ability: Supreme Overlord
|-start|p1a: Kingambit|fallen1|[silent]
|turn|27
|
|t:|1760331588
|move|p2a: Raging Bolt|Thunderclap|p1a: Kingambit
|-damage|p1a: Kingambit|0 fnt
|faint|p1a: Kingambit
|-end|p1a: Kingambit|fallen1|[silent]
|
|upkeep
|
|t:|1760331594
|switch|p1a: Blissey|Blissey, F|97/100
|turn|28
|
|t:|1760331602
|move|p2a: Raging Bolt|Calm Mind|p2a: Raging Bolt
|-boost|p2a: Raging Bolt|spa|1
|-boost|p2a: Raging Bolt|spd|1
|move|p1a: Blissey|Seismic Toss|p2a: Raging Bolt
|-damage|p2a: Raging Bolt|75/100
|
|-heal|p1a: Blissey|100/100|[from] item: Leftovers
|upkeep
|turn|29
|
|t:|1760331607
|move|p2a: Raging Bolt|Thunderbolt|p1a: Blissey
|-damage|p1a: Blissey|52/100
|move|p1a: Blissey|Seismic Toss|p2a: Raging Bolt
|-damage|p2a: Raging Bolt|49/100
|
|-heal|p1a: Blissey|58/100|[from] item: Leftovers
|upkeep
|turn|30
|
|t:|1760331612
|move|p2a: Raging Bolt|Calm Mind|p2a: Raging Bolt
|-boost|p2a: Raging Bolt|spa|1
|-boost|p2a: Raging Bolt|spd|1
|move|p1a: Blissey|Seismic Toss|p2a: Raging Bolt
|-damage|p2a: Raging Bolt|24/100
|
|-heal|p1a: Blissey|64/100|[from] item: Leftovers
|upkeep
|turn|31
|
|t:|1760331613
|move|p2a: Raging Bolt|Thunderbolt|p1a: Blissey
|-damage|p1a: Blissey|0 fnt
|faint|p1a: Blissey
|
|upkeep
|
|t:|1760331618
|switch|p1a: Dragonite|Dragonite, M|100/100
|turn|32
|
|t:|1760331626
|move|p1a: Dragonite|Extreme Speed|p2a: Raging Bolt
|-damage|p2a: Raging Bolt|0 fnt
|faint|p2a: Raging Bolt
|-end|p2a: Raging Bolt|Protosynthesis|[silent]
|
|upkeep
|
|t:|1760331642
|switch|p2a: Iron Crown|Iron Crown|68/100
|turn|33
|
|t:|1760331646
|move|p2a: Iron Crown|Tachyon Cutter|p1a: Dragonite
|-damage|p1a: Dragonite|87/100
|-damage|p1a: Dragonite|60/100
|-hitcount|p1a: Dragonite|2
|move|p1a: Dragonite|Dragon Dance|p1a: Dragonite
|-boost|p1a: Dragonite|atk|1
|-boost|p1a: Dragonite|spe|1
|
|upkeep
|turn|34
|
|t:|1760331653
|move|p1a: Dragonite|Earthquake|p2a: Iron Crown
|-supereffective|p2a: Iron Crown
|-damage|p2a: Iron Crown|0 fnt
|faint|p2a: Iron Crown
|-end|p2a: Iron Crown|Quark Drive|[silent]
|
|upkeep
|
|t:|1760331656
|switch|p2a: Landorus|Landorus-Therian, M|88/100
|-ability|p2a: Landorus|Intimidate|boost
|-unboost|p1a: Dragonite|atk|1
|turn|35
|
|t:|1760331660
|move|p2a: Landorus|Stone Edge|p1a: Dragonite
|-supereffective|p1a: Dragonite
|-damage|p1a: Dragonite|0 fnt
|faint|p1a: Dragonite
|
|upkeep
|
|t:|1760331665
|switch|p1a: Corviknight|Corviknight, M|54/100
|-ability|p1a: Corviknight|Pressure
|turn|36
|
|t:|1760331683
|switch|p2a: Ogerpon|Ogerpon-Wellspring, F|100/100
|move|p1a: Corviknight|Roost|p1a: Corviknight
|-heal|p1a: Corviknight|100/100
|-singleturn|p1a: Corviknight|move: Roost
|
|upkeep
|turn|37
|
|t:|1760331687
|move|p2a: Ogerpon|Taunt|p1a: Corviknight
|-start|p1a: Corviknight|move: Taunt
|move|p1a: Corviknight|U-turn|p2a: Ogerpon
|-supereffective|p2a: Ogerpon
|-damage|p2a: Ogerpon|65/100
|
|t:|1760331690
|switch|p1a: Enamorus|Enamorus, F|52/100|[from] U-turn
|
|upkeep
|turn|38
|
|t:|1760331697
|-terastallize|p1a: Enamorus|Stellar
|move|p1a: Enamorus|Tera Blast|p2a: Ogerpon|[anim] Tera Blast Stellar
|-damage|p2a: Ogerpon|9/100
|-boost|p1a: Enamorus|atk|1
|-boost|p1a: Enamorus|spa|1
|move|p2a: Ogerpon|Ivy Cudgel|p1a: Enamorus|[anim] Ivy Cudgel Water
|-damage|p1a: Enamorus|0 fnt
|faint|p1a: Enamorus
|
|upkeep
|
|t:|1760331702
|switch|p1a: Corviknight|Corviknight, M|100/100
|-ability|p1a: Corviknight|Pressure
|turn|39
|
|t:|1760331720
|move|p2a: Ogerpon|Ivy Cudgel|p1a: Corviknight|[anim] Ivy Cudgel Water
|-damage|p1a: Corviknight|67/100
|move|p1a: Corviknight|U-turn|p2a: Ogerpon
|-supereffective|p2a: Ogerpon
|-damage|p2a: Ogerpon|0 fnt
|faint|p2a: Ogerpon
|
|upkeep
|
|t:|1760331724
|switch|p2a: Landorus|Landorus-Therian, M|88/100
|-ability|p2a: Landorus|Intimidate|boost
|-unboost|p1a: Corviknight|atk|1
|turn|40
|
|t:|1760331728
|move|p2a: Landorus|Stone Edge|p1a: Corviknight|[miss]
|-miss|p2a: Landorus|p1a: Corviknight
|move|p1a: Corviknight|Iron Head|p2a: Landorus
|-damage|p2a: Landorus|69/100
|
|upkeep
|turn|41
|
|t:|1760331742
|move|p2a: Landorus|Stone Edge|p1a: Corviknight|[miss]
|-miss|p2a: Landorus|p1a: Corviknight
|move|p1a: Corviknight|Roost|p1a: Corviknight
|-heal|p1a: Corviknight|100/100
|-singleturn|p1a: Corviknight|move: Roost
|
|upkeep
|turn|42
|
|t:|1760331744
|move|p2a: Landorus|Stone Edge|p1a: Corviknight
|-damage|p1a: Corviknight|76/100
|move|p1a: Corviknight|Iron Head|p2a: Landorus
|-damage|p2a: Landorus|48/100
|
|upkeep
|turn|43
|l|☆bakpakzak
|inactive|bakpakzak disconnected and has a minute to reconnect!
|player|p2|
|inactive|bakpakzak has 30 seconds to reconnect!
|inactive|bakpakzak has 20 seconds to reconnect!
|inactive|bakpakzak has 15 seconds to reconnect!
|inactive|bakpakzak has 10 seconds to reconnect!
|inactive|bakpakzak has 5 seconds to reconnect!
|-message|bakpakzak lost due to inactivity.
|
|win|Settleslugger
|raw|Settleslugger's rating: 1401 &rarr; <strong>1424</strong><br />(+23 for winning)
|raw|bakpakzak's rating: 1449 &rarr; <strong>1426</strong><br />(-23 for losing)
