|j|☆Darkgorim
|j|☆sandking64
|t:|1760302029
|gametype|singles
|player|p1|Darkgorim|169|1317
|player|p2|sandking64|dragontamer|1253
|gen|9
|tier|[Gen 9] OU
|rated|
|rule|HP Percentage Mod: HP is shown in percentages
|rule|Endless Battle Clause: Forcing endless battles is banned
|rule|Species Clause: Limit one of each Pokémon
|rule|OHKO Clause: OHKO moves are banned
|rule|Evasion Items Clause: Evasion items are banned
|rule|Evasion Moves Clause: Evasion moves are banned
|rule|Evasion Abilities Clause: Evasion abilities are banned
|rule|Sleep Moves Clause: Sleep-inducing moves are banned
|clearpoke
|poke|p1|Tyranitar, M|
|poke|p1|Garchomp, M|
|poke|p1|Weezing, F|
|poke|p1|Excadrill, M|
|poke|p1|Sylveon, F|
|poke|p1|Walking Wake|
|poke|p2|Primarina, M|
|poke|p2|Great Tusk|
|poke|p2|Raging Bolt|
|poke|p2|Meowscarada, M|
|poke|p2|Pecharunt|
|poke|p2|Scizor, M|
|teampreview
|
|t:|1760302054
|teamsize|p1|6
|teamsize|p2|6
|start
|switch|p1a: Weezing|Weezing, F|100/100
|switch|p2a: Scizor|Scizor, M, shiny|100/100
|turn|1
|
|t:|1760302067
|move|p2a: Scizor|U-turn|p1a: Weezing
|-resisted|p1a: Weezing
|-damage|p1a: Weezing|80/100
|inactive|Battle timer is ON: inactive players will automatically lose when time's up. (requested by sandking64)
|
|t:|1760302078
|switch|p2a: Raging Bolt|Raging Bolt|100/100|[from] U-turn
|move|p1a: Weezing|Pain Split|p2a: Raging Bolt
|-sethp|p2a: Raging Bolt|82/100|[from] move: Pain Split|[silent]
|-sethp|p1a: Weezing|100/100|[from] move: Pain Split
|
|upkeep
|turn|2
|
|t:|1760302087
|switch|p1a: Sylveon|Sylveon, F|100/100
|move|p2a: Raging Bolt|Draco Meteor|p1a: Sylveon
|-immune|p1a: Sylveon
|
|upkeep
|turn|3
|
|t:|1760302099
|-end|p2a: Raging Bolt|Protosynthesis|[silent]
|switch|p2a: Scizor|Scizor, M, shiny|100/100
|move|p1a: Sylveon|Hyper Voice|p2a: Scizor
|-resisted|p2a: Scizor
|-damage|p2a: Scizor|72/100
|
|upkeep
|turn|4
|
|t:|1760302107
|switch|p1a: Weezing|Weezing, F|100/100
|move|p2a: Scizor|U-turn|p1a: Weezing
|-resisted|p1a: Weezing
|-damage|p1a: Weezing|83/100
|
|t:|1760302113
|switch|p2a: Raging Bolt|Raging Bolt|82/100|[from] U-turn
|
|-heal|p1a: Weezing|89/100|[from] item: Black Sludge
|upkeep
|turn|5
|
|t:|1760302125
|switch|p1a: Sylveon|Sylveon, F|100/100
|move|p2a: Raging Bolt|Draco Meteor|p1a: Sylveon
|-immune|p1a: Sylveon
|
|upkeep
|turn|6
|
|t:|1760302133
|-end|p2a: Raging Bolt|Protosynthesis|[silent]
|switch|p2a: Primarina|Primarina, M|100/100
|move|p1a: Sylveon|Hyper Voice|p2a: Primarina
|-damage|p2a: Primarina|78/100
|
|upkeep
|turn|7
|
|t:|1760302142
|move|p1a: Sylveon|Calm Mind|p1a: Sylveon
|-boost|p1a: Sylveon|spa|1
|-boost|p1a: Sylveon|spd|1
|move|p2a: Primarina|Whirlpool|p1a: Sylveon
|-damage|p1a: Sylveon|93/100
|-activate|p1a: Sylveon|move: Whirlpool|[of] p2a: Primarina
|
|-heal|p1a: Sylveon|99/100|[from] item: Leftovers
|-damage|p1a: Sylveon|87/100|[from] move: Whirlpool|[partiallytrapped]
|upkeep
|turn|8
|
|t:|1760302154
|move|p2a: Primarina|Psychic Noise|p1a: Sylveon
|-damage|p1a: Sylveon|72/100
|-start|p1a: Sylveon|move: Heal Block
|move|p1a: Sylveon|Hyper Voice|p2a: Primarina
|-damage|p2a: Primarina|48/100
|
|-damage|p1a: Sylveon|59/100|[from] move: Whirlpool|[partiallytrapped]
|upkeep
|turn|9
|
|t:|1760302166
|move|p2a: Primarina|Moonblast|p1a: Sylveon
|-damage|p1a: Sylveon|42/100
|-unboost|p1a: Sylveon|spa|1
|move|p1a: Sylveon|Hyper Voice|p2a: Primarina
|-damage|p2a: Primarina|26/100
|
|-damage|p1a: Sylveon|30/100|[from] move: Whirlpool|[partiallytrapped]
|-end|p1a: Sylveon|move: Heal Block
|upkeep
|turn|10
|
|t:|1760302177
|move|p1a: Sylveon|Wish|p1a: Sylveon
|move|p2a: Primarina|Moonblast|p1a: Sylveon
|-damage|p1a: Sylveon|10/100
|
|-heal|p1a: Sylveon|16/100|[from] item: Leftovers
|-damage|p1a: Sylveon|4/100|[from] move: Whirlpool|[partiallytrapped]
|upkeep
|turn|11
|
|t:|1760302192
|switch|p2a: Pecharunt|Pecharunt|100/100
|-item|p2a: Pecharunt|Air Balloon
|move|p1a: Sylveon|Protect||[still]
|-fail|p1a: Sylveon
|
|-heal|p1a: Sylveon|54/100|[from] move: Wish|[wisher] Sylveon
|-heal|p1a: Sylveon|60/100|[from] item: Leftovers
|-end|p1a: Sylveon|Whirlpool|[partiallytrapped]
|upkeep
|turn|12
|
|t:|1760302215
|-terastallize|p1a: Sylveon|Steel
|move|p2a: Pecharunt|Parting Shot|p1a: Sylveon
|-unboost|p1a: Sylveon|atk|1
|-unboost|p1a: Sylveon|spa|1
|
|t:|1760302221
|switch|p2a: Primarina|Primarina, M|26/100|[from] Parting Shot
|move|p1a: Sylveon|Hyper Voice|p2a: Primarina
|-damage|p2a: Primarina|10/100
|
|-heal|p1a: Sylveon|66/100|[from] item: Leftovers
|upkeep
|turn|13
|
|t:|1760302230
|move|p2a: Primarina|Psychic Noise|p1a: Sylveon
|-damage|p1a: Sylveon|50/100
|-start|p1a: Sylveon|move: Heal Block
|move|p1a: Sylveon|Hyper Voice|p2a: Primarina
|-damage|p2a: Primarina|0 fnt
|faint|p2a: Primarina
|
|upkeep
|
|t:|1760302247
|switch|p2a: Raging Bolt|Raging Bolt|82/100
|turn|14
|
|t:|1760302263
|move|p2a: Raging Bolt|Volt Switch|p1a: Sylveon
|-damage|p1a: Sylveon|27/100
|
|t:|1760302267
|-end|p2a: Raging Bolt|Protosynthesis|[silent]
|switch|p2a: Great Tusk|Great Tusk|100/100|[from] Volt Switch
|move|p1a: Sylveon|Calm Mind|p1a: Sylveon
|-boost|p1a: Sylveon|spa|1
|-boost|p1a: Sylveon|spd|1
|
|-end|p1a: Sylveon|move: Heal Block
|upkeep
|turn|15
|
|t:|1760302280
|switch|p1a: Weezing|Weezing, F|89/100
|move|p2a: Great Tusk|Headlong Rush|p1a: Weezing
|-immune|p1a: Weezing|[from] ability: Levitate
|
|-heal|p1a: Weezing|95/100|[from] item: Black Sludge
|upkeep
|turn|16
|
|t:|1760302289
|move|p2a: Great Tusk|Stealth Rock|p1a: Weezing
|-sidestart|p1: Darkgorim|move: Stealth Rock
|move|p1a: Weezing|Toxic|p2a: Great Tusk
|-status|p2a: Great Tusk|tox
|
|-heal|p1a: Weezing|100/100|[from] item: Black Sludge
|-damage|p2a: Great Tusk|94/100 tox|[from] psn
|upkeep
|turn|17
|
|t:|1760302302
|-end|p2a: Great Tusk|Protosynthesis|[silent]
|switch|p2a: Raging Bolt|Raging Bolt|82/100
|move|p1a: Weezing|Sludge Bomb|p2a: Raging Bolt
|-damage|p2a: Raging Bolt|56/100
|
|upkeep
|turn|18
|
|t:|1760302310
|move|p2a: Raging Bolt|Volt Switch|p1a: Weezing
|-damage|p1a: Weezing|13/100
|
|t:|1760302314
|-end|p2a: Raging Bolt|Protosynthesis|[silent]
|switch|p2a: Great Tusk|Great Tusk|94/100 tox|[from] Volt Switch
|move|p1a: Weezing|Toxic|p2a: Great Tusk
|-fail|p2a: Great Tusk|tox
|
|-heal|p1a: Weezing|19/100|[from] item: Black Sludge
|-damage|p2a: Great Tusk|88/100 tox|[from] psn
|upkeep
|turn|19
|
|t:|1760302325
|move|p2a: Great Tusk|Ice Spinner|p1a: Weezing
|-damage|p1a: Weezing|1/100
|move|p1a: Weezing|Pain Split|p2a: Great Tusk
|-sethp|p2a: Great Tusk|45/100 tox|[from] move: Pain Split|[silent]
|-sethp|p1a: Weezing|50/100|[from] move: Pain Split
|
|-heal|p1a: Weezing|56/100|[from] item: Black Sludge
|-damage|p2a: Great Tusk|32/100 tox|[from] psn
|upkeep
|turn|20
|
|t:|1760302343
|move|p2a: Great Tusk|Ice Spinner|p1a: Weezing
|-damage|p1a: Weezing|38/100
|move|p1a: Weezing|Sludge Bomb|p2a: Great Tusk
|-resisted|p2a: Great Tusk
|-damage|p2a: Great Tusk|12/100 tox
|
|-heal|p1a: Weezing|44/100|[from] item: Black Sludge
|-damage|p2a: Great Tusk|0 fnt|[from] psn
|faint|p2a: Great Tusk
|-end|p2a: Great Tusk|Protosynthesis|[silent]
|upkeep
|
|t:|1760302346
|switch|p2a: Raging Bolt|Raging Bolt|56/100
|turn|21
|-message|sandking64 forfeited.
|
|win|Darkgorim
|raw|Darkgorim's rating: 1317 &rarr; <strong>1333</strong><br />(+16 for winning)
|raw|sandking64's rating: 1253 &rarr; <strong>1233</strong><br />(-20 for losing)
|l|☆sandking64
|player|p2|
|l|☆Darkgorim
|player|p1|
