|j|☆sonicsfgh
|j|☆rsw333
|t:|1760330707
|gametype|singles
|player|p1|sonicsfgh|170|1133
|player|p2|rsw333|169|1183
|gen|9
|tier|[Gen 9] OU
|rated|
|rule|HP Percentage Mod: HP is shown in percentages
|rule|Endless Battle Clause: Forcing endless battles is banned
|rule|Species Clause: Limit one of each Pokémon
|rule|OHKO Clause: OHKO moves are banned
|rule|Evasion Items Clause: Evasion items are banned
|rule|Evasion Moves Clause: Evasion moves are banned
|rule|Evasion Abilities Clause: Evasion abilities are banned
|rule|Sleep Moves Clause: Sleep-inducing moves are banned
|clearpoke
|poke|p1|Pelipper, M|
|poke|p1|Greninja-*, M|
|poke|p1|Iron Treads|
|poke|p1|Azumarill, F|
|poke|p1|Basculegion, M|
|poke|p1|Raging Bolt|
|poke|p2|Greninja-*, M|
|poke|p2|Incineroar, F|
|poke|p2|Dragonite, F|
|poke|p2|Gengar, F|
|poke|p2|Great Tusk|
|poke|p2|Dragapult, M|
|teampreview
|
|t:|1760330720
|teamsize|p1|6
|teamsize|p2|6
|start
|switch|p1a: Pelipper|Pelipper, M|100/100
|switch|p2a: Dragonite|Dragonite, F|100/100
|-weather|RainDance|[from] ability: Drizzle|[of] p1a: Pelipper
|turn|1
|inactive|Battle timer is ON: inactive players will automatically lose when time's up. (requested by rsw333)
|
|t:|1760330734
|switch|p1a: Basculegion|Basculegion, M|100/100
|move|p2a: Dragonite|Dragon Dance|p2a: Dragonite
|-boost|p2a: Dragonite|atk|1
|-boost|p2a: Dragonite|spe|1
|
|-weather|RainDance|[upkeep]
|upkeep
|turn|2
|
|t:|1760330745
|-terastallize|p1a: Basculegion|Fairy
|move|p1a: Basculegion|Ice Fang|p2a: Dragonite
|-supereffective|p2a: Dragonite
|-damage|p2a: Dragonite|33/100
|move|p2a: Dragonite|Earthquake|p1a: Basculegion
|-damage|p1a: Basculegion|30/100
|
|-weather|RainDance|[upkeep]
|upkeep
|turn|3
|
|t:|1760330757
|move|p2a: Dragonite|Extreme Speed|p1a: Basculegion
|-damage|p1a: Basculegion|0 fnt
|faint|p1a: Basculegion
|
|-weather|RainDance|[upkeep]
|upkeep
|
|t:|1760330764
|switch|p1a: Raging Bolt|Raging Bolt|100/100
|turn|4
|
|t:|1760330771
|move|p2a: Dragonite|Extreme Speed|p1a: Raging Bolt
|-damage|p1a: Raging Bolt|60/100
|move|p1a: Raging Bolt|Thunderclap||[still]
|-fail|p1a: Raging Bolt
|
|-weather|RainDance|[upkeep]
|upkeep
|turn|5
|
|t:|1760330779
|move|p1a: Raging Bolt|Thunderclap|p2a: Dragonite
|-damage|p2a: Dragonite|0 fnt
|faint|p2a: Dragonite
|
|-weather|RainDance|[upkeep]
|upkeep
|
|t:|1760330788
|switch|p2a: Great Tusk|Great Tusk|100/100
|-enditem|p2a: Great Tusk|Booster Energy
|-activate|p2a: Great Tusk|ability: Protosynthesis|[fromitem]
|-start|p2a: Great Tusk|protosynthesisspe
|turn|6
|
|t:|1760330803
|-end|p1a: Raging Bolt|Protosynthesis|[silent]
|switch|p1a: Azumarill|Azumarill, F|100/100
|move|p2a: Great Tusk|Stealth Rock|p1a: Azumarill
|-sidestart|p1: sonicsfgh|move: Stealth Rock
|
|-weather|RainDance|[upkeep]
|upkeep
|turn|7
|
|t:|1760330817
|-end|p2a: Great Tusk|Protosynthesis|[silent]
|switch|p2a: Gengar|Gengar, F|100/100
|move|p1a: Azumarill|Liquidation|p2a: Gengar
|-enditem|p2a: Gengar|Focus Sash
|-damage|p2a: Gengar|1/100
|
|-weather|RainDance|[upkeep]
|upkeep
|turn|8
|
|t:|1760330827
|move|p2a: Gengar|Destiny Bond|p2a: Gengar
|-singlemove|p2a: Gengar|Destiny Bond
|move|p1a: Azumarill|Liquidation|p2a: Gengar
|-damage|p2a: Gengar|0 fnt
|-start|p1a: Azumarill|Disable|Liquidation|[from] ability: Cursed Body|[of] p2a: Gengar
|faint|p2a: Gengar
|-activate|p2a: Gengar|move: Destiny Bond
|faint|p1a: Azumarill
|
|-weather|none
|upkeep
|
|t:|1760330852
|switch|p2a: Dragapult|Dragapult, M|100/100
|switch|p1a: Pelipper|Pelipper, M|100/100
|-damage|p1a: Pelipper|76/100|[from] Stealth Rock
|-weather|RainDance|[from] ability: Drizzle|[of] p1a: Pelipper
|turn|9
|
|t:|1760330863
|move|p2a: Dragapult|Shadow Ball|p1a: Pelipper
|-damage|p1a: Pelipper|32/100
|-damage|p2a: Dragapult|91/100|[from] item: Life Orb
|move|p1a: Pelipper|Hurricane|p2a: Dragapult
|-damage|p2a: Dragapult|43/100
|-start|p2a: Dragapult|confusion
|
|-weather|RainDance|[upkeep]
|upkeep
|turn|10
|
|t:|1760330874
|-activate|p2a: Dragapult|confusion
|move|p2a: Dragapult|Shadow Ball|p1a: Pelipper
|-damage|p1a: Pelipper|0 fnt
|faint|p1a: Pelipper
|-damage|p2a: Dragapult|34/100|[from] item: Life Orb
|
|-weather|RainDance|[upkeep]
|upkeep
|
|t:|1760330881
|switch|p1a: Greninja|Greninja, M|100/100
|-damage|p1a: Greninja|88/100|[from] Stealth Rock
|turn|11
|
|t:|1760330891
|move|p1a: Greninja|Water Shuriken|p2a: Dragapult
|-resisted|p2a: Dragapult
|-damage|p2a: Dragapult|24/100
|-resisted|p2a: Dragapult
|-crit|p2a: Dragapult
|-damage|p2a: Dragapult|10/100
|-resisted|p2a: Dragapult
|-damage|p2a: Dragapult|1/100
|-hitcount|p2a: Dragapult|3
|-damage|p1a: Greninja|78/100|[from] item: Life Orb
|-activate|p2a: Dragapult|confusion
|-damage|p2a: Dragapult|0 fnt|[from] confusion
|faint|p2a: Dragapult
|
|-weather|RainDance|[upkeep]
|upkeep
|inactive|rsw333 has 120 seconds left.
|
|t:|1760330906
|switch|p2a: Incineroar|Incineroar, F|100/100
|-ability|p2a: Incineroar|Intimidate|boost
|-unboost|p1a: Greninja|atk|1
|turn|12
|
|t:|1760330912
|move|p2a: Incineroar|Fake Out|p1a: Greninja
|-damage|p1a: Greninja|58/100
|cant|p1a: Greninja|flinch
|
|-weather|RainDance|[upkeep]
|upkeep
|turn|13
|inactive|rsw333 has 120 seconds left.
|
|t:|1760330929
|move|p1a: Greninja|Surf|p2a: Incineroar
|-supereffective|p2a: Incineroar
|-crit|p2a: Incineroar
|-damage|p2a: Incineroar|0 fnt
|faint|p2a: Incineroar
|-ability|p1a: Greninja|Battle Bond|boost
|-boost|p1a: Greninja|atk|1
|-boost|p1a: Greninja|spa|1
|-boost|p1a: Greninja|spe|1
|-activate|p1a: Greninja|ability: Battle Bond
|-damage|p1a: Greninja|48/100|[from] item: Life Orb
|
|-weather|RainDance|[upkeep]
|upkeep
|inactive|rsw333 has 120 seconds left.
|
|t:|1760330942
|switch|p2a: Greninja|Greninja, M|100/100
|turn|14
|inactive|rsw333 has 120 seconds left.
|
|t:|1760330951
|-terastallize|p2a: Greninja|Poison
|move|p1a: Greninja|Sludge Wave|p2a: Greninja
|-resisted|p2a: Greninja
|-damage|p2a: Greninja|58/100
|-damage|p1a: Greninja|38/100|[from] item: Life Orb
|move|p2a: Greninja|Sludge Wave|p1a: Greninja
|-damage|p1a: Greninja|0 fnt
|faint|p1a: Greninja
|-ability|p2a: Greninja|Battle Bond|boost
|-boost|p2a: Greninja|atk|1
|-boost|p2a: Greninja|spa|1
|-boost|p2a: Greninja|spe|1
|-activate|p2a: Greninja|ability: Battle Bond
|
|-weather|RainDance|[upkeep]
|upkeep
|
|t:|1760330963
|switch|p1a: Raging Bolt|Raging Bolt|60/100
|-damage|p1a: Raging Bolt|48/100|[from] Stealth Rock
|turn|15
|
|t:|1760330974
|move|p2a: Greninja|Water Shuriken|p1a: Raging Bolt
|-resisted|p1a: Raging Bolt
|-damage|p1a: Raging Bolt|41/100
|-resisted|p1a: Raging Bolt
|-damage|p1a: Raging Bolt|35/100
|-resisted|p1a: Raging Bolt
|-damage|p1a: Raging Bolt|28/100
|-resisted|p1a: Raging Bolt
|-damage|p1a: Raging Bolt|21/100
|-hitcount|p1a: Raging Bolt|4
|move|p1a: Raging Bolt|Draco Meteor|p2a: Greninja
|-damage|p2a: Greninja|0 fnt
|-unboost|p1a: Raging Bolt|spa|2
|faint|p2a: Greninja
|
|-weather|RainDance|[upkeep]
|upkeep
|inactive|rsw333 has 120 seconds left.
|
|t:|1760330990
|switch|p2a: Great Tusk|Great Tusk|100/100
|turn|16
|inactive|rsw333 has 120 seconds left.
|
|t:|1760330996
|move|p2a: Great Tusk|Rapid Spin|p1a: Raging Bolt
|-damage|p1a: Raging Bolt|6/100
|-boost|p2a: Great Tusk|spe|1
|move|p1a: Raging Bolt|Draco Meteor|p2a: Great Tusk
|-damage|p2a: Great Tusk|18/100
|-unboost|p1a: Raging Bolt|spa|2
|
|-weather|none
|upkeep
|turn|17
|inactive|rsw333 has 120 seconds left.
|
|t:|1760331007
|move|p2a: Great Tusk|Earthquake|p1a: Raging Bolt
|-supereffective|p1a: Raging Bolt
|-damage|p1a: Raging Bolt|0 fnt
|faint|p1a: Raging Bolt
|-end|p1a: Raging Bolt|Protosynthesis|[silent]
|
|upkeep
|
|t:|1760331012
|switch|p1a: Iron Treads|Iron Treads|100/100
|-damage|p1a: Iron Treads|97/100|[from] Stealth Rock
|-enditem|p1a: Iron Treads|Booster Energy
|-activate|p1a: Iron Treads|ability: Quark Drive|[fromitem]
|-start|p1a: Iron Treads|quarkdrivespe
|turn|18
|
|t:|1760331019
|move|p1a: Iron Treads|Ice Spinner|p2a: Great Tusk
|-supereffective|p2a: Great Tusk
|-damage|p2a: Great Tusk|0 fnt
|faint|p2a: Great Tusk
|-end|p2a: Great Tusk|Protosynthesis|[silent]
|
|win|sonicsfgh
|raw|sonicsfgh's rating: 1133 &rarr; <strong>1162</strong><br />(+29 for winning)
|raw|rsw333's rating: 1183 &rarr; <strong>1154</strong><br />(-29 for losing)
|l|☆rsw333
|player|p2|
|l|☆sonicsfgh
|player|p1|
