|j|☆sly_skip
|j|‽tasty sardine 408
|t:|1760307316
|gametype|singles
|player|p1|sly_skip|1|1731
|player|p2|tasty sardine 408|harlequin|1658
|gen|9
|tier|[Gen 9] OU
|rated|
|rule|HP Percentage Mod: HP is shown in percentages
|rule|Endless Battle Clause: Forcing endless battles is banned
|rule|Species Clause: Limit one of each Pokémon
|rule|OHKO Clause: OHKO moves are banned
|rule|Evasion Items Clause: Evasion items are banned
|rule|Evasion Moves Clause: Evasion moves are banned
|rule|Evasion Abilities Clause: Evasion abilities are banned
|rule|Sleep Moves Clause: Sleep-inducing moves are banned
|clearpoke
|poke|p1|Great Tusk|
|poke|p1|Darkrai|
|poke|p1|Garganacl, M|
|poke|p1|Kyurem|
|poke|p1|Zamazenta-*|
|poke|p1|Slowking-Galar, F|
|poke|p2|Umbreon, F|
|poke|p2|Serperior, F|
|poke|p2|Cresselia, F|
|poke|p2|Revavroom, F|
|poke|p2|Skeledirge, F|
|poke|p2|Manaphy|
|teampreview
|inactive|Battle timer is ON: inactive players will automatically lose when time's up. (requested by sly_skip)
|
|t:|1760307341
|teamsize|p1|6
|teamsize|p2|6
|start
|switch|p1a: Slowking|Slowking-Galar, F|100/100
|switch|p2a: Umbreon|Umbreon, F, shiny|100/100
|turn|1
|
|t:|1760307345
|move|p2a: Umbreon|Foul Play|p1a: Slowking
|-supereffective|p1a: Slowking
|-crit|p1a: Slowking
|-damage|p1a: Slowking|47/100
|move|p1a: Slowking|Toxic|p2a: Umbreon
|-status|p2a: Umbreon|tox
|-activate|p2a: Umbreon|ability: Synchronize
|-immune|p1a: Slowking
|
|-damage|p2a: Umbreon|94/100 tox|[from] psn
|upkeep
|turn|2
|
|t:|1760307354
|switch|p1a: Great Tusk|Great Tusk|100/100
|move|p2a: Umbreon|Foul Play|p1a: Great Tusk
|-resisted|p1a: Great Tusk
|-damage|p1a: Great Tusk|82/100
|
|-heal|p2a: Umbreon|100/100 tox|[from] item: Leftovers
|-damage|p2a: Umbreon|88/100 tox|[from] psn
|upkeep
|turn|3
|
|t:|1760307359
|move|p1a: Great Tusk|Knock Off|p2a: Umbreon
|-resisted|p2a: Umbreon
|-damage|p2a: Umbreon|76/100 tox
|-enditem|p2a: Umbreon|Leftovers|[from] move: Knock Off|[of] p1a: Great Tusk
|move|p2a: Umbreon|Toxic|p1a: Great Tusk
|-status|p1a: Great Tusk|tox
|
|-damage|p1a: Great Tusk|76/100 tox|[from] psn
|-damage|p2a: Umbreon|58/100 tox|[from] psn
|upkeep
|turn|4
|
|t:|1760307379
|move|p1a: Great Tusk|Earthquake|p2a: Umbreon
|-damage|p2a: Umbreon|25/100 tox
|move|p2a: Umbreon|Foul Play|p1a: Great Tusk
|-resisted|p1a: Great Tusk
|-damage|p1a: Great Tusk|59/100 tox
|
|-damage|p1a: Great Tusk|47/100 tox|[from] psn
|-damage|p2a: Umbreon|0 fnt|[from] psn
|faint|p2a: Umbreon
|upkeep
|
|t:|1760307388
|switch|p2a: Serperior|Serperior, F, shiny|100/100
|turn|5
|
|t:|1760307393
|move|p2a: Serperior|Leaf Storm|p1a: Great Tusk|[miss]
|-miss|p2a: Serperior|p1a: Great Tusk
|move|p1a: Great Tusk|Ice Spinner|p2a: Serperior
|-supereffective|p2a: Serperior
|-damage|p2a: Serperior|43/100
|
|-heal|p2a: Serperior|50/100|[from] item: Leftovers
|-damage|p1a: Great Tusk|28/100 tox|[from] psn
|upkeep
|turn|6
|
|t:|1760307401
|-end|p1a: Great Tusk|Protosynthesis|[silent]
|switch|p1a: Kyurem|Kyurem|100/100
|-ability|p1a: Kyurem|Pressure
|move|p2a: Serperior|Leaf Storm|p1a: Kyurem
|-resisted|p1a: Kyurem
|-damage|p1a: Kyurem|82/100
|-boost|p2a: Serperior|spa|2
|
|-heal|p2a: Serperior|56/100|[from] item: Leftovers
|upkeep
|turn|7
|
|t:|1760307409
|-terastallize|p2a: Serperior|Electric
|move|p2a: Serperior|Glare|p1a: Kyurem
|-status|p1a: Kyurem|par
|move|p1a: Kyurem|Icicle Spear|p2a: Serperior
|-damage|p2a: Serperior|43/100
|-damage|p2a: Serperior|29/100
|-hitcount|p2a: Serperior|2
|
|-heal|p2a: Serperior|36/100|[from] item: Leftovers
|upkeep
|turn|8
|
|t:|1760307418
|move|p2a: Serperior|Synthesis|p2a: Serperior
|-heal|p2a: Serperior|86/100
|move|p1a: Kyurem|Icicle Spear|p2a: Serperior
|-damage|p2a: Serperior|73/100
|-damage|p2a: Serperior|60/100
|-damage|p2a: Serperior|48/100
|-hitcount|p2a: Serperior|3
|
|-heal|p2a: Serperior|54/100|[from] item: Leftovers
|upkeep
|turn|9
|
|t:|1760307421
|move|p2a: Serperior|Leaf Storm|p1a: Kyurem
|-resisted|p1a: Kyurem
|-damage|p1a: Kyurem|50/100 par
|-boost|p2a: Serperior|spa|2
|cant|p1a: Kyurem|par
|
|-heal|p2a: Serperior|60/100|[from] item: Leftovers
|upkeep
|turn|10
|
|t:|1760307425
|move|p2a: Serperior|Leaf Storm|p1a: Kyurem
|-resisted|p1a: Kyurem
|-damage|p1a: Kyurem|0 fnt
|-boost|p2a: Serperior|spa|2
|faint|p1a: Kyurem
|
|-heal|p2a: Serperior|66/100|[from] item: Leftovers
|upkeep
|
|t:|1760307432
|switch|p1a: Zamazenta|Zamazenta|100/100
|-ability|p1a: Zamazenta|Dauntless Shield|boost
|-boost|p1a: Zamazenta|def|1
|turn|11
|
|t:|1760307436
|move|p1a: Zamazenta|Body Press|p2a: Serperior
|-damage|p2a: Serperior|8/100
|move|p2a: Serperior|Glare|p1a: Zamazenta
|-status|p1a: Zamazenta|par
|
|-heal|p2a: Serperior|14/100|[from] item: Leftovers
|upkeep
|turn|12
|
|t:|1760307440
|move|p2a: Serperior|Synthesis|p2a: Serperior
|-heal|p2a: Serperior|64/100
|move|p1a: Zamazenta|Body Press|p2a: Serperior
|-damage|p2a: Serperior|3/100
|
|-heal|p2a: Serperior|10/100|[from] item: Leftovers
|upkeep
|turn|13
|
|t:|1760307445
|move|p2a: Serperior|Leaf Storm|p1a: Zamazenta
|-damage|p1a: Zamazenta|0 fnt
|faint|p1a: Zamazenta
|
|-heal|p2a: Serperior|16/100|[from] item: Leftovers
|upkeep
|
|t:|1760307448
|switch|p1a: Darkrai|Darkrai|100/100
|turn|14
|
|t:|1760307459
|switch|p2a: Skeledirge|Skeledirge, F, shiny|100/100
|move|p1a: Darkrai|Dark Pulse|p2a: Skeledirge
|-supereffective|p2a: Skeledirge
|-damage|p2a: Skeledirge|35/100
|
|upkeep
|turn|15
|
|t:|1760307463
|move|p1a: Darkrai|Dark Pulse|p2a: Skeledirge
|-supereffective|p2a: Skeledirge
|-damage|p2a: Skeledirge|0 fnt
|faint|p2a: Skeledirge
|
|upkeep
|
|t:|1760307466
|switch|p2a: Revavroom|Revavroom, F, shiny|100/100
|-item|p2a: Revavroom|Air Balloon
|turn|16
|
|t:|1760307478
|move|p1a: Darkrai|Dark Pulse|p2a: Revavroom
|-damage|p2a: Revavroom|52/100
|-enditem|p2a: Revavroom|Air Balloon
|move|p2a: Revavroom|Shift Gear|p2a: Revavroom
|-boost|p2a: Revavroom|spe|2
|-boost|p2a: Revavroom|atk|1
|
|upkeep
|turn|17
|
|t:|1760307489
|switch|p1a: Great Tusk|Great Tusk|28/100 tox
|move|p2a: Revavroom|Iron Head|p1a: Great Tusk
|-damage|p1a: Great Tusk|0 fnt
|faint|p1a: Great Tusk
|-end|p1a: Great Tusk|Protosynthesis|[silent]
|
|upkeep
|
|t:|1760307492
|switch|p1a: Garganacl|Garganacl, M|100/100
|turn|18
|
|t:|1760307497
|-terastallize|p1a: Garganacl|Water
|move|p2a: Revavroom|Iron Head|p1a: Garganacl
|-resisted|p1a: Garganacl
|-damage|p1a: Garganacl|80/100
|move|p1a: Garganacl|Earthquake|p2a: Revavroom
|-supereffective|p2a: Revavroom
|-damage|p2a: Revavroom|0 fnt
|faint|p2a: Revavroom
|
|-heal|p1a: Garganacl|87/100|[from] item: Leftovers
|upkeep
|
|t:|1760307506
|switch|p2a: Cresselia|Cresselia, F, shiny|100/100
|turn|19
|
|t:|1760307513
|move|p2a: Cresselia|Calm Mind|p2a: Cresselia
|-boost|p2a: Cresselia|spa|1
|-boost|p2a: Cresselia|spd|1
|move|p1a: Garganacl|Salt Cure|p2a: Cresselia
|-damage|p2a: Cresselia|93/100
|-start|p2a: Cresselia|Salt Cure
|
|-heal|p2a: Cresselia|99/100|[from] item: Leftovers
|-heal|p1a: Garganacl|93/100|[from] item: Leftovers
|-damage|p2a: Cresselia|87/100|[from] Salt Cure
|upkeep
|turn|20
|
|t:|1760307515
|switch|p1a: Slowking|Slowking-Galar, F|80/100
|move|p2a: Cresselia|Calm Mind|p2a: Cresselia
|-boost|p2a: Cresselia|spa|1
|-boost|p2a: Cresselia|spd|1
|
|-heal|p2a: Cresselia|93/100|[from] item: Leftovers
|-damage|p2a: Cresselia|80/100|[from] Salt Cure
|upkeep
|turn|21
|
|t:|1760307518
|move|p2a: Cresselia|Calm Mind|p2a: Cresselia
|-boost|p2a: Cresselia|spa|1
|-boost|p2a: Cresselia|spd|1
|move|p1a: Slowking|Toxic|p2a: Cresselia
|-status|p2a: Cresselia|tox
|
|-heal|p2a: Cresselia|86/100 tox|[from] item: Leftovers
|-damage|p2a: Cresselia|80/100 tox|[from] psn
|-damage|p2a: Cresselia|68/100 tox|[from] Salt Cure
|upkeep
|turn|22
|
|t:|1760307524
|move|p2a: Cresselia|Moonblast|p1a: Slowking
|-resisted|p1a: Slowking
|-damage|p1a: Slowking|69/100
|-unboost|p1a: Slowking|spa|1
|-prepare|p1a: Slowking|Chilly Reception|[premajor]
|move|p1a: Slowking|Chilly Reception|p1a: Slowking
|-weather|Snowscape
|
|t:|1760307535
|switch|p1a: Darkrai|Darkrai|100/100|[from] Chilly Reception
|
|-weather|Snowscape|[upkeep]
|-heal|p2a: Cresselia|74/100 tox|[from] item: Leftovers
|-damage|p2a: Cresselia|62/100 tox|[from] psn
|-damage|p2a: Cresselia|49/100 tox|[from] Salt Cure
|upkeep
|turn|23
|inactive|sly_skip has 120 seconds left.
|
|t:|1760307571
|move|p1a: Darkrai|Knock Off|p2a: Cresselia
|-supereffective|p2a: Cresselia
|-damage|p2a: Cresselia|19/100 tox
|-enditem|p2a: Cresselia|Leftovers|[from] move: Knock Off|[of] p1a: Darkrai
|move|p2a: Cresselia|Moonblast|p1a: Darkrai
|-supereffective|p1a: Darkrai
|-damage|p1a: Darkrai|0 fnt
|faint|p1a: Darkrai
|
|-weather|Snowscape|[upkeep]
|-damage|p2a: Cresselia|1/100 tox|[from] psn
|-damage|p2a: Cresselia|0 fnt|[from] Salt Cure
|faint|p2a: Cresselia
|upkeep
|
|t:|1760307581
|switch|p1a: Slowking|Slowking-Galar, F|100/100
|switch|p2a: Serperior|Serperior, F, shiny, tera:Electric|16/100
|turn|24
|inactive|sly_skip has 120 seconds left.
|
|t:|1760307594
|move|p2a: Serperior|Glare|p1a: Slowking
|-status|p1a: Slowking|par
|move|p1a: Slowking|Psychic|p2a: Serperior
|-damage|p2a: Serperior|0 fnt
|faint|p2a: Serperior
|
|-weather|Snowscape|[upkeep]
|upkeep
|
|t:|1760307596
|switch|p2a: Manaphy|Manaphy, shiny|100/100
|turn|25
|
|t:|1760307601
|switch|p1a: Garganacl|Garganacl, M, tera:Water|93/100
|move|p2a: Manaphy|Take Heart|p2a: Manaphy
|-boost|p2a: Manaphy|spa|1
|-boost|p2a: Manaphy|spd|1
|
|-weather|Snowscape|[upkeep]
|-heal|p1a: Garganacl|99/100|[from] item: Leftovers
|upkeep
|turn|26
|
|t:|1760307604
|move|p2a: Manaphy|Acid Armor|p2a: Manaphy
|-boost|p2a: Manaphy|def|2
|move|p1a: Garganacl|Salt Cure|p2a: Manaphy
|-damage|p2a: Manaphy|95/100
|-start|p2a: Manaphy|Salt Cure
|
|-weather|none
|-heal|p2a: Manaphy|100/100|[from] item: Leftovers
|-heal|p1a: Garganacl|100/100|[from] item: Leftovers
|-damage|p2a: Manaphy|75/100|[from] Salt Cure
|upkeep
|turn|27
|
|t:|1760307618
|switch|p1a: Slowking|Slowking-Galar, F|100/100 par
|move|p2a: Manaphy|Take Heart|p2a: Manaphy
|-boost|p2a: Manaphy|spa|1
|-boost|p2a: Manaphy|spd|1
|
|-heal|p2a: Manaphy|82/100|[from] item: Leftovers
|-damage|p2a: Manaphy|57/100|[from] Salt Cure
|upkeep
|turn|28
|
|t:|1760307623
|move|p2a: Manaphy|Take Heart|p2a: Manaphy
|-boost|p2a: Manaphy|spa|1
|-boost|p2a: Manaphy|spd|1
|move|p1a: Slowking|Psychic|p2a: Manaphy
|-damage|p2a: Manaphy|46/100
|
|-heal|p2a: Manaphy|52/100|[from] item: Leftovers
|-damage|p2a: Manaphy|27/100|[from] Salt Cure
|upkeep
|turn|29
|
|t:|1760307628
|move|p2a: Manaphy|Stored Power|p1a: Slowking
|-damage|p1a: Slowking|41/100 par
|move|p1a: Slowking|Psychic|p2a: Manaphy
|-damage|p2a: Manaphy|15/100
|
|-heal|p2a: Manaphy|21/100|[from] item: Leftovers
|-damage|p2a: Manaphy|0 fnt|[from] Salt Cure
|faint|p2a: Manaphy
|
|win|sly_skip
|raw|sly_skip's rating: 1731 &rarr; <strong>1747</strong><br />(+16 for winning)
|raw|tasty sardine 408's rating: 1658 &rarr; <strong>1642</strong><br />(-16 for losing)
|l|‽tasty sardine 408
|player|p2|
|l|☆sly_skip
|player|p1|
