|j|☆JustForFunOne
|j|☆devansh361
|t:|1760346008
|gametype|singles
|player|p1|JustForFunOne|scientist|1085
|player|p2|devansh361|2|1099
|gen|9
|tier|[Gen 9] OU
|rated|
|rule|HP Percentage Mod: HP is shown in percentages
|rule|Endless Battle Clause: Forcing endless battles is banned
|rule|Species Clause: Limit one of each Pokémon
|rule|OHKO Clause: OHKO moves are banned
|rule|Evasion Items Clause: Evasion items are banned
|rule|Evasion Moves Clause: Evasion moves are banned
|rule|Evasion Abilities Clause: Evasion abilities are banned
|rule|Sleep Moves Clause: Sleep-inducing moves are banned
|clearpoke
|poke|p1|Cryogonal|
|poke|p1|Charizard, M|
|poke|p1|Gengar, M|
|poke|p1|Dragonite, M|
|poke|p1|Mightyena, M|
|poke|p1|Espeon, F|
|poke|p2|Hatterene, F|
|poke|p2|Polteageist|
|poke|p2|Weavile, F|
|poke|p2|Pawmot, M|
|poke|p2|Rabsca, F|
|poke|p2|Ceruledge, M|
|teampreview
|inactive|Battle timer is ON: inactive players will automatically lose when time's up. (requested by JustForFunOne)
|
|t:|1760346020
|teamsize|p1|6
|teamsize|p2|6
|start
|switch|p1a: alakazam 8(|Espeon, F|100/100
|switch|p2a: Weavile|Weavile, F|100/100
|turn|1
|
|t:|1760346030
|switch|p1a: best doggo|Mightyena, M|100/100
|-ability|p1a: best doggo|Intimidate|boost
|-unboost|p2a: Weavile|atk|1
|move|p2a: Weavile|Swords Dance|p2a: Weavile
|-boost|p2a: Weavile|atk|2
|
|upkeep
|turn|2
|
|t:|1760346039
|move|p2a: Weavile|Low Kick|p1a: best doggo
|-supereffective|p1a: best doggo
|-damage|p1a: best doggo|0 fnt
|faint|p1a: best doggo
|
|upkeep
|
|t:|1760346045
|switch|p1a: my starter|Charizard, M|100/100
|turn|3
|
|t:|1760346053
|move|p2a: Weavile|Triple Axel|p1a: my starter
|-damage|p1a: my starter|78/100
|-crit|p1a: my starter
|-damage|p1a: my starter|17/100
|-damage|p1a: my starter|0 fnt
|faint|p1a: my starter
|-hitcount|p1: my starter|3
|
|upkeep
|
|t:|1760346060
|switch|p1a: Ngheh ngheh|Gengar, M|100/100
|turn|4
|
|t:|1760346065
|move|p1a: Ngheh ngheh|Destiny Bond|p1a: Ngheh ngheh
|-singlemove|p1a: Ngheh ngheh|Destiny Bond
|move|p2a: Weavile|Knock Off|p1a: Ngheh ngheh
|-supereffective|p1a: Ngheh ngheh
|-damage|p1a: Ngheh ngheh|0 fnt
|-enditem|p1a: Ngheh ngheh|Choice Scarf|[from] move: Knock Off|[of] p2a: Weavile
|faint|p1a: Ngheh ngheh
|-activate|p1a: Ngheh ngheh|move: Destiny Bond
|faint|p2a: Weavile
|
|upkeep
|c|☆JustForFunOne|8(
|
|t:|1760346082
|switch|p2a: Pawmot|Pawmot, M|100/100
|switch|p1a: alakazam 8(|Espeon, F|100/100
|turn|5
|
|t:|1760346089
|move|p1a: alakazam 8(|Substitute|p1a: alakazam 8(
|-start|p1a: alakazam 8(|Substitute
|-damage|p1a: alakazam 8(|76/100
|move|p2a: Pawmot|Revival Blessing|p2a: Pawmot
|-enditem|p2a: Pawmot|Leppa Berry|[eat]
|-activate|p2a: Pawmot|item: Leppa Berry|Revival Blessing|[consumed]
|
|t:|1760346098
|-heal|p2: Weavile|50/100|[from] move: Revival Blessing
|
|upkeep
|turn|6
|
|t:|1760346106
|move|p1a: alakazam 8(|Psyshock|p2a: Pawmot
|-supereffective|p2a: Pawmot
|-damage|p2a: Pawmot|0 fnt
|faint|p2a: Pawmot
|-damage|p1a: alakazam 8(|66/100|[from] item: Life Orb
|
|upkeep
|
|t:|1760346114
|switch|p2a: Polteageist|Polteageist|100/100
|turn|7
|
|t:|1760346120
|move|p1a: alakazam 8(|Shadow Ball|p2a: Polteageist
|-supereffective|p2a: Polteageist
|-damage|p2a: Polteageist|10/100
|-damage|p1a: alakazam 8(|56/100|[from] item: Life Orb
|move|p2a: Polteageist|Shell Smash|p2a: Polteageist
|-unboost|p2a: Polteageist|def|1
|-unboost|p2a: Polteageist|spd|1
|-boost|p2a: Polteageist|atk|2
|-boost|p2a: Polteageist|spa|2
|-boost|p2a: Polteageist|spe|2
|-enditem|p2a: Polteageist|White Herb
|-clearnegativeboost|p2a: Polteageist|[silent]
|
|upkeep
|turn|8
|
|t:|1760346134
|move|p2a: Polteageist|Shadow Ball|p1a: alakazam 8(
|-supereffective|p1a: alakazam 8(
|-end|p1a: alakazam 8(|Substitute
|move|p1a: alakazam 8(|Shadow Ball|p2a: Polteageist
|-supereffective|p2a: Polteageist
|-damage|p2a: Polteageist|0 fnt
|faint|p2a: Polteageist
|-damage|p1a: alakazam 8(|46/100|[from] item: Life Orb
|
|upkeep
|
|t:|1760346146
|switch|p2a: Hatterene|Hatterene, F|100/100
|turn|9
|
|t:|1760346153
|move|p1a: alakazam 8(|Shadow Ball|p2a: Hatterene
|-supereffective|p2a: Hatterene
|-damage|p2a: Hatterene|49/100
|-damage|p1a: alakazam 8(|36/100|[from] item: Life Orb
|move|p2a: Hatterene|Nuzzle|p1a: alakazam 8(
|-damage|p1a: alakazam 8(|29/100
|-status|p1a: alakazam 8(|par
|
|upkeep
|turn|10
|
|t:|1760346162
|move|p1a: alakazam 8(|Shadow Ball|p2a: Hatterene
|-supereffective|p2a: Hatterene
|-damage|p2a: Hatterene|0 fnt
|faint|p2a: Hatterene
|-damage|p1a: alakazam 8(|19/100 par|[from] item: Life Orb
|
|upkeep
|
|t:|1760346168
|switch|p2a: Rabsca|Rabsca, F|100/100
|turn|11
|
|t:|1760346174
|-terastallize|p2a: Rabsca|Bug
|move|p2a: Rabsca|Bug Buzz|p1a: alakazam 8(
|-supereffective|p1a: alakazam 8(
|-damage|p1a: alakazam 8(|0 fnt
|faint|p1a: alakazam 8(
|
|upkeep
|
|t:|1760346182
|switch|p1a: IZZA DRAGONAIT|Dragonite, M|100/100
|turn|12
|
|t:|1760346191
|-terastallize|p1a: IZZA DRAGONAIT|Steel
|move|p1a: IZZA DRAGONAIT|Tera Blast|p2a: Rabsca|[anim] Tera Blast Steel
|-damage|p2a: Rabsca|24/100
|-damage|p1a: IZZA DRAGONAIT|91/100|[from] item: Life Orb
|move|p2a: Rabsca|Revival Blessing|p2a: Rabsca
|-enditem|p2a: Rabsca|Leppa Berry|[eat]
|-activate|p2a: Rabsca|item: Leppa Berry|Revival Blessing|[consumed]
|
|t:|1760346200
|-heal|p2: Polteageist|50/100|[from] move: Revival Blessing
|
|upkeep
|turn|13
|
|t:|1760346206
|move|p1a: IZZA DRAGONAIT|Extreme Speed|p2a: Rabsca
|-damage|p2a: Rabsca|0 fnt
|faint|p2a: Rabsca
|-damage|p1a: IZZA DRAGONAIT|81/100|[from] item: Life Orb
|
|upkeep
|
|t:|1760346212
|switch|p2a: Polteageist|Polteageist|50/100
|turn|14
|
|t:|1760346219
|move|p1a: IZZA DRAGONAIT|Tera Blast|p2a: Polteageist|[anim] Tera Blast Steel
|-damage|p2a: Polteageist|0 fnt
|faint|p2a: Polteageist
|-damage|p1a: IZZA DRAGONAIT|71/100|[from] item: Life Orb
|
|upkeep
|
|t:|1760346224
|switch|p2a: Ceruledge|Ceruledge, M|100/100
|turn|15
|
|t:|1760346227
|move|p2a: Ceruledge|Swords Dance|p2a: Ceruledge
|-boost|p2a: Ceruledge|atk|2
|move|p1a: IZZA DRAGONAIT|Earthquake|p2a: Ceruledge
|-supereffective|p2a: Ceruledge
|-enditem|p2a: Ceruledge|Focus Sash
|-damage|p2a: Ceruledge|1/100
|-ability|p2a: Ceruledge|Weak Armor|boost
|-unboost|p2a: Ceruledge|def|1
|-boost|p2a: Ceruledge|spe|2
|-damage|p1a: IZZA DRAGONAIT|61/100|[from] item: Life Orb
|
|upkeep
|turn|16
|c|☆JustForFunOne|uh
|c|☆devansh361|Lol bro
|c|☆JustForFunOne|big problem here
|
|t:|1760346256
|move|p2a: Ceruledge|Bitter Blade|p1a: IZZA DRAGONAIT
|-supereffective|p1a: IZZA DRAGONAIT
|-damage|p1a: IZZA DRAGONAIT|0 fnt
|-heal|p2a: Ceruledge|35/100|[from] drain|[of] p1a: IZZA DRAGONAIT
|faint|p1a: IZZA DRAGONAIT
|
|upkeep
|inactive|JustForFunOne has 120 seconds left.
|c|☆devansh361|Ik
|c|☆JustForFunOne|those absurdly op new pokés with their absurdly op new moves lol
|
|t:|1760346280
|switch|p1a: Best poké evah|Cryogonal|100/100
|turn|17
|c|☆devansh361|Lol
|c|☆JustForFunOne|THIS CRYOGONAL USED TO HAVE A WATER MOVE BUT TE PROGRAM CANCELED IT
|c|☆devansh361|I just noticed something
|inactive|JustForFunOne has 90 seconds left.
|c|☆JustForFunOne|everytime i change movesets this game makes me lose it ç.ç
|c|☆JustForFunOne|what have u noticed
|c|☆devansh361|You don't even have a single gen 9 pokemon
|c|☆JustForFunOne|tell me tell me
|c|☆JustForFunOne|i dont even knoe gen 9 pokés names
|c|☆devansh361|Bro these new pokemons asr absurdly strong
|inactive|JustForFunOne has 60 seconds left.
|c|☆JustForFunOne|i use my fav ones from old gens
|c|☆devansh361|Ohh
|
|t:|1760346346
|move|p2a: Ceruledge|Bitter Blade|p1a: Best poké evah
|-supereffective|p1a: Best poké evah
|-damage|p1a: Best poké evah|0 fnt
|-heal|p2a: Ceruledge|86/100|[from] drain|[of] p1a: Best poké evah
|faint|p1a: Best poké evah
|
|win|devansh361
|raw|JustForFunOne's rating: 1085 &rarr; <strong>1063</strong><br />(-22 for losing)
|raw|devansh361's rating: 1099 &rarr; <strong>1123</strong><br />(+24 for winning)
|l|☆devansh361
|player|p2|
|c|☆JustForFunOne|gg anyway
|l|☆JustForFunOne
|player|p1|
