|j|☆PLoblem
|j|☆tytjejejeo
|t:|1760314392
|gametype|singles
|player|p1|PLoblem|crasherwake|1449
|player|p2|tytjejejeo|265|1469
|gen|9
|tier|[Gen 9] OU
|rated|
|rule|HP Percentage Mod: HP is shown in percentages
|rule|Endless Battle Clause: Forcing endless battles is banned
|rule|Species Clause: Limit one of each Pokémon
|rule|OHKO Clause: OHKO moves are banned
|rule|Evasion Items Clause: Evasion items are banned
|rule|Evasion Moves Clause: Evasion moves are banned
|rule|Evasion Abilities Clause: Evasion abilities are banned
|rule|Sleep Moves Clause: Sleep-inducing moves are banned
|clearpoke
|poke|p1|Raging Bolt|
|poke|p1|Ogerpon-Wellspring, F|
|poke|p1|Hatterene, F|
|poke|p1|Landorus-Therian, M|
|poke|p1|Kingambit, M|
|poke|p1|Zamazenta-*|
|poke|p2|Gyarados, F|
|poke|p2|Moltres|
|poke|p2|Corviknight, M|
|poke|p2|Latias, F|
|poke|p2|Gliscor, M|
|poke|p2|Arbok, F|
|teampreview
|
|t:|1760314396
|teamsize|p1|6
|teamsize|p2|6
|start
|switch|p1a: Raging Bolt|Raging Bolt|100/100
|switch|p2a: Arbok|Arbok, F|100/100
|-ability|p2a: Arbok|Intimidate|boost
|-unboost|p1a: Raging Bolt|atk|1
|turn|1
|
|t:|1760314409
|move|p1a: Raging Bolt|Draco Meteor|p2a: Arbok
|-damage|p2a: Arbok|0 fnt
|-unboost|p1a: Raging Bolt|spa|2
|faint|p2a: Arbok
|
|upkeep
|
|t:|1760314415
|switch|p2a: Gyarados|Gyarados, F|100/100
|turn|2
|
|t:|1760314423
|-end|p1a: Raging Bolt|Protosynthesis|[silent]
|switch|p1a: Zamazenta|Zamazenta|100/100
|-ability|p1a: Zamazenta|Dauntless Shield|boost
|-boost|p1a: Zamazenta|def|1
|move|p2a: Gyarados|Dragon Dance|p2a: Gyarados
|-boost|p2a: Gyarados|atk|1
|-boost|p2a: Gyarados|spe|1
|
|upkeep
|turn|3
|
|t:|1760314431
|move|p2a: Gyarados|Dragon Dance|p2a: Gyarados
|-boost|p2a: Gyarados|atk|1
|-boost|p2a: Gyarados|spe|1
|move|p1a: Zamazenta|Roar|p2a: Gyarados
|drag|p2a: Gliscor|Gliscor, M|100/100
|
|-status|p2a: Gliscor|tox|[from] item: Toxic Orb
|upkeep
|turn|4
|
|t:|1760314444
|move|p1a: Zamazenta|Iron Defense|p1a: Zamazenta
|-boost|p1a: Zamazenta|def|2
|move|p2a: Gliscor|Toxic|p1a: Zamazenta
|-status|p1a: Zamazenta|tox
|
|-damage|p1a: Zamazenta|94/100 tox|[from] psn
|upkeep
|turn|5
|
|t:|1760314453
|move|p1a: Zamazenta|Body Press|p2a: Gliscor
|-resisted|p2a: Gliscor
|-damage|p2a: Gliscor|73/100 tox
|move|p2a: Gliscor|Earthquake|p1a: Zamazenta
|-damage|p1a: Zamazenta|84/100 tox
|
|-heal|p1a: Zamazenta|90/100 tox|[from] item: Leftovers
|-damage|p1a: Zamazenta|78/100 tox|[from] psn
|-heal|p2a: Gliscor|85/100 tox|[from] ability: Poison Heal
|upkeep
|turn|6
|
|t:|1760314467
|move|p2a: Gliscor|U-turn|p1a: Zamazenta
|-resisted|p1a: Zamazenta
|-damage|p1a: Zamazenta|75/100 tox
|
|t:|1760314474
|switch|p2a: Corviknight|Corviknight, M|100/100|[from] U-turn
|-ability|p2a: Corviknight|Pressure
|move|p1a: Zamazenta|Roar|p2a: Corviknight
|drag|p2a: Gliscor|Gliscor, M|85/100 tox
|
|-heal|p1a: Zamazenta|82/100 tox|[from] item: Leftovers
|-damage|p1a: Zamazenta|63/100 tox|[from] psn
|-heal|p2a: Gliscor|97/100 tox|[from] ability: Poison Heal
|upkeep
|turn|7
|
|t:|1760314496
|switch|p1a: Ogerpon|Ogerpon-Wellspring, F|100/100
|move|p2a: Gliscor|Toxic|p1a: Ogerpon
|-status|p1a: Ogerpon|tox
|
|-damage|p1a: Ogerpon|95/100 tox|[from] psn
|-heal|p2a: Gliscor|100/100 tox|[from] ability: Poison Heal
|upkeep
|turn|8
|
|t:|1760314508
|switch|p2a: Latias|Latias, F|100/100
|move|p1a: Ogerpon|Ivy Cudgel|p2a: Latias|[anim] Ivy Cudgel Water
|-resisted|p2a: Latias
|-damage|p2a: Latias|75/100
|-enditem|p2a: Latias|Kee Berry|[eat]
|-boost|p2a: Latias|def|1|[from] item: Kee Berry
|
|-damage|p1a: Ogerpon|83/100 tox|[from] psn
|upkeep
|turn|9
|
|t:|1760314520
|move|p1a: Ogerpon|U-turn|p2a: Latias
|-supereffective|p2a: Latias
|-damage|p2a: Latias|45/100
|
|t:|1760314527
|switch|p1a: Kingambit|Kingambit, M|100/100|[from] U-turn
|move|p2a: Latias|Calm Mind|p2a: Latias
|-boost|p2a: Latias|spa|1
|-boost|p2a: Latias|spd|1
|
|upkeep
|turn|10
|
|t:|1760314537
|-terastallize|p2a: Latias|Poison
|-terastallize|p1a: Kingambit|Fairy
|move|p2a: Latias|Recover|p2a: Latias
|-heal|p2a: Latias|95/100
|move|p1a: Kingambit|Tera Blast|p2a: Latias|[anim] Tera Blast Fairy
|-resisted|p2a: Latias
|-damage|p2a: Latias|82/100
|
|upkeep
|turn|11
|
|t:|1760314557
|-end|p1a: Kingambit|fallenundefined|[silent]
|switch|p1a: Hatterene|Hatterene, F|100/100
|move|p2a: Latias|Calm Mind|p2a: Latias
|-boost|p2a: Latias|spa|1
|-boost|p2a: Latias|spd|1
|
|upkeep
|turn|12
|
|t:|1760314565
|move|p2a: Latias|Calm Mind|p2a: Latias
|-boost|p2a: Latias|spa|1
|-boost|p2a: Latias|spd|1
|move|p1a: Hatterene|Psyshock|p2a: Latias
|-supereffective|p2a: Latias
|-damage|p2a: Latias|36/100
|
|upkeep
|turn|13
|
|t:|1760314572
|move|p2a: Latias|Recover|p2a: Latias
|-heal|p2a: Latias|86/100
|move|p1a: Hatterene|Nuzzle|p2a: Latias
|-damage|p2a: Latias|83/100
|-status|p2a: Latias|par
|
|upkeep
|turn|14
|
|t:|1760314581
|cant|p2a: Latias|par
|move|p1a: Hatterene|Psyshock|p2a: Latias
|-supereffective|p2a: Latias
|-damage|p2a: Latias|37/100 par
|
|upkeep
|turn|15
|
|t:|1760314587
|move|p2a: Latias|Stored Power|p1a: Hatterene
|-resisted|p1a: Hatterene
|-damage|p1a: Hatterene|56/100
|move|p1a: Hatterene|Psyshock|p2a: Latias
|-supereffective|p2a: Latias
|-crit|p2a: Latias
|-damage|p2a: Latias|0 fnt
|faint|p2a: Latias
|
|upkeep
|
|t:|1760314591
|switch|p2a: Gyarados|Gyarados, F|100/100
|turn|16
|
|t:|1760314600
|switch|p1a: Landorus|Landorus-Therian, M|100/100
|-ability|p1a: Landorus|Intimidate|boost
|-unboost|p2a: Gyarados|atk|1
|move|p2a: Gyarados|Dragon Dance|p2a: Gyarados
|-boost|p2a: Gyarados|atk|1
|-boost|p2a: Gyarados|spe|1
|
|upkeep
|turn|17
|
|t:|1760314611
|move|p2a: Gyarados|Dragon Dance|p2a: Gyarados
|-boost|p2a: Gyarados|atk|1
|-boost|p2a: Gyarados|spe|1
|move|p1a: Landorus|U-turn|p2a: Gyarados
|-resisted|p2a: Gyarados
|-damage|p2a: Gyarados|88/100
|
|t:|1760314617
|switch|p1a: Raging Bolt|Raging Bolt|100/100|[from] U-turn
|
|upkeep
|turn|18
|
|t:|1760314622
|move|p1a: Raging Bolt|Thunderclap|p2a: Gyarados
|-supereffective|p2a: Gyarados
|-damage|p2a: Gyarados|0 fnt
|faint|p2a: Gyarados
|
|upkeep
|-message|tytjejejeo forfeited.
|
|win|PLoblem
|raw|PLoblem's rating: 1449 &rarr; <strong>1470</strong><br />(+21 for winning)
|raw|tytjejejeo's rating: 1469 &rarr; <strong>1448</strong><br />(-21 for losing)
|l|☆tytjejejeo
|player|p2|
|l|☆PLoblem
|player|p1|
