|j|☆qinglan
|j|☆softhaze
|t:|1760329283
|gametype|singles
|player|p1|qinglan|cynthia-masters3|1314
|player|p2|softhaze|170|1281
|gen|9
|tier|[Gen 9] OU
|rated|
|rule|HP Percentage Mod: HP is shown in percentages
|rule|Endless Battle Clause: Forcing endless battles is banned
|rule|Species Clause: Limit one of each Pokémon
|rule|OHKO Clause: OHKO moves are banned
|rule|Evasion Items Clause: Evasion items are banned
|rule|Evasion Moves Clause: Evasion moves are banned
|rule|Evasion Abilities Clause: Evasion abilities are banned
|rule|Sleep Moves Clause: Sleep-inducing moves are banned
|clearpoke
|poke|p1|Kingambit, F|
|poke|p1|Cinderace, F|
|poke|p1|Landorus-Therian, M|
|poke|p1|Iron Valiant|
|poke|p1|Kyurem|
|poke|p1|Slowking-Galar, M|
|poke|p2|Gholdengo|
|poke|p2|Grimmsnarl, M|
|poke|p2|Iron Valiant|
|poke|p2|Hatterene, F|
|poke|p2|Rillaboom, M|
|poke|p2|Great Tusk|
|teampreview
|
|t:|1760329298
|teamsize|p1|6
|teamsize|p2|6
|start
|switch|p1a: Kristine|Cinderace, F, shiny|100/100
|switch|p2a: Grimmsnarl|Grimmsnarl, M|100/100
|turn|1
|
|t:|1760329307
|switch|p1a: Daenerys|Kingambit, F|100/100
|move|p2a: Grimmsnarl|Taunt|p1a: Daenerys
|-hint|Since gen 7, Dark is immune to Prankster moves.
|-immune|p1a: Daenerys
|
|upkeep
|turn|2
|
|t:|1760329314
|move|p2a: Grimmsnarl|Reflect|p2a: Grimmsnarl
|-sidestart|p2: softhaze|Reflect
|move|p1a: Daenerys|Iron Head|p2a: Grimmsnarl
|-supereffective|p2a: Grimmsnarl
|-damage|p2a: Grimmsnarl|62/100
|
|upkeep
|turn|3
|
|t:|1760329321
|move|p2a: Grimmsnarl|Light Screen|p2a: Grimmsnarl
|-sidestart|p2: softhaze|move: Light Screen
|move|p1a: Daenerys|Iron Head|p2a: Grimmsnarl
|-supereffective|p2a: Grimmsnarl
|-damage|p2a: Grimmsnarl|26/100
|
|upkeep
|turn|4
|
|t:|1760329335
|switch|p2a: Iron Valiant|Iron Valiant|100/100
|-enditem|p2a: Iron Valiant|Booster Energy
|-activate|p2a: Iron Valiant|ability: Quark Drive|[fromitem]
|-start|p2a: Iron Valiant|quarkdrivespe
|move|p1a: Daenerys|Swords Dance|p1a: Daenerys
|-boost|p1a: Daenerys|atk|2
|
|upkeep
|turn|5
|
|t:|1760329341
|-end|p1a: Daenerys|fallenundefined|[silent]
|switch|p1a: Chillionaire|Slowking-Galar, M, shiny|100/100
|move|p2a: Iron Valiant|Calm Mind|p2a: Iron Valiant
|-boost|p2a: Iron Valiant|spa|1
|-boost|p2a: Iron Valiant|spd|1
|
|upkeep
|turn|6
|
|t:|1760329349
|move|p2a: Iron Valiant|Calm Mind|p2a: Iron Valiant
|-boost|p2a: Iron Valiant|spa|1
|-boost|p2a: Iron Valiant|spd|1
|move|p1a: Chillionaire|Thunder Wave|p2a: Iron Valiant
|-status|p2a: Iron Valiant|par
|
|upkeep
|turn|7
|
|t:|1760329355
|move|p2a: Iron Valiant|Shadow Ball|p1a: Chillionaire
|-supereffective|p1a: Chillionaire
|-damage|p1a: Chillionaire|44/100
|-prepare|p1a: Chillionaire|Chilly Reception|[premajor]
|move|p1a: Chillionaire|Chilly Reception|p1a: Chillionaire
|-weather|Snowscape
|
|t:|1760329369
|switch|p1a: Daenerys|Kingambit, F|100/100|[from] Chilly Reception
|
|-weather|Snowscape|[upkeep]
|upkeep
|turn|8
|
|t:|1760329372
|-terastallize|p2a: Iron Valiant|Fighting
|move|p2a: Iron Valiant|Tera Blast|p1a: Daenerys|[anim] Tera Blast Fighting
|-supereffective|p1a: Daenerys
|-damage|p1a: Daenerys|0 fnt
|faint|p1a: Daenerys
|-end|p1a: Daenerys|fallenundefined|[silent]
|
|-weather|Snowscape|[upkeep]
|upkeep
|
|t:|1760329379
|switch|p1a: WALL-Y|Iron Valiant|100/100
|-enditem|p1a: WALL-Y|Booster Energy
|-activate|p1a: WALL-Y|ability: Quark Drive|[fromitem]
|-start|p1a: WALL-Y|quarkdrivespe
|turn|9
|
|t:|1760329384
|-terastallize|p1a: WALL-Y|Ghost
|move|p1a: WALL-Y|Encore|p2a: Iron Valiant
|-start|p2a: Iron Valiant|Encore
|move|p2a: Iron Valiant|Tera Blast|p1a: WALL-Y|[anim] Tera Blast Fighting
|-immune|p1a: WALL-Y
|
|-weather|Snowscape|[upkeep]
|-sideend|p2: softhaze|Reflect
|upkeep
|turn|10
|
|t:|1760329389
|-end|p2a: Iron Valiant|Quark Drive|[silent]
|switch|p2a: Gholdengo|Gholdengo|100/100
|move|p1a: WALL-Y|Calm Mind|p1a: WALL-Y
|-boost|p1a: WALL-Y|spa|1
|-boost|p1a: WALL-Y|spd|1
|
|-weather|Snowscape|[upkeep]
|-sideend|p2: softhaze|move: Light Screen
|upkeep
|turn|11
|
|t:|1760329392
|move|p1a: WALL-Y|Shadow Ball|p2a: Gholdengo
|-supereffective|p2a: Gholdengo
|-damage|p2a: Gholdengo|0 fnt
|faint|p2a: Gholdengo
|
|-weather|none
|upkeep
|
|t:|1760329398
|switch|p2a: Rillaboom|Rillaboom, M|100/100
|-fieldstart|move: Grassy Terrain|[from] ability: Grassy Surge|[of] p2a: Rillaboom
|turn|12
|
|t:|1760329402
|move|p1a: WALL-Y|Moonblast|p2a: Rillaboom
|-damage|p2a: Rillaboom|22/100
|move|p2a: Rillaboom|Knock Off|p1a: WALL-Y
|-supereffective|p1a: WALL-Y
|-damage|p1a: WALL-Y|21/100
|-damage|p2a: Rillaboom|12/100|[from] item: Life Orb
|
|-heal|p1a: WALL-Y|27/100|[from] Grassy Terrain
|-heal|p2a: Rillaboom|18/100|[from] Grassy Terrain
|upkeep
|turn|13
|
|t:|1760329409
|-end|p1a: WALL-Y|Quark Drive|[silent]
|switch|p1a: Homelandor|Landorus-Therian, M, shiny|100/100
|-ability|p1a: Homelandor|Intimidate|boost
|-unboost|p2a: Rillaboom|atk|1
|move|p2a: Rillaboom|Grassy Glide|p1a: Homelandor
|-damage|p1a: Homelandor|66/100
|-damage|p2a: Rillaboom|1/100|[from] item: Rocky Helmet|[of] p1a: Homelandor
|-damage|p2a: Rillaboom|0 fnt|[from] item: Life Orb
|faint|p2a: Rillaboom
|
|upkeep
|
|t:|1760329413
|switch|p2a: Grimmsnarl|Grimmsnarl, M|26/100
|turn|14
|
|t:|1760329418
|move|p2a: Grimmsnarl|Reflect|p2a: Grimmsnarl
|-sidestart|p2: softhaze|Reflect
|move|p1a: Homelandor|Stealth Rock|p2a: Grimmsnarl
|-sidestart|p2: softhaze|move: Stealth Rock
|
|-heal|p2a: Grimmsnarl|32/100|[from] Grassy Terrain
|upkeep
|turn|15
|
|t:|1760329422
|move|p2a: Grimmsnarl|Parting Shot|p1a: Homelandor
|-unboost|p1a: Homelandor|atk|1
|-unboost|p1a: Homelandor|spa|1
|
|t:|1760329426
|switch|p2a: Hatterene|Hatterene, F|100/100|[from] Parting Shot
|-damage|p2a: Hatterene|88/100|[from] Stealth Rock
|move|p1a: Homelandor|U-turn|p2a: Hatterene
|-crit|p2a: Hatterene
|-damage|p2a: Hatterene|60/100
|
|t:|1760329432
|switch|p1a: Chillionaire|Slowking-Galar, M, shiny|77/100|[from] U-turn
|
|-heal|p2a: Hatterene|66/100|[from] Grassy Terrain
|-heal|p1a: Chillionaire|83/100|[from] Grassy Terrain
|upkeep
|turn|16
|
|t:|1760329438
|move|p2a: Hatterene|Calm Mind|p2a: Hatterene
|-boost|p2a: Hatterene|spa|1
|-boost|p2a: Hatterene|spd|1
|-prepare|p1a: Chillionaire|Chilly Reception|[premajor]
|move|p1a: Chillionaire|Chilly Reception|p1a: Chillionaire
|-weather|Snowscape
|
|t:|1760329452
|switch|p1a: Homelandor|Landorus-Therian, M, shiny|66/100|[from] Chilly Reception
|-ability|p1a: Homelandor|Intimidate|boost
|-unboost|p2a: Hatterene|atk|1
|
|-weather|Snowscape|[upkeep]
|-heal|p2a: Hatterene|72/100|[from] Grassy Terrain
|-fieldend|move: Grassy Terrain
|upkeep
|turn|17
|
|t:|1760329459
|move|p1a: Homelandor|U-turn|p2a: Hatterene
|-damage|p2a: Hatterene|63/100
|
|t:|1760329461
|switch|p1a: Chillionaire|Slowking-Galar, M, shiny|100/100|[from] U-turn
|move|p2a: Hatterene|Calm Mind|p2a: Hatterene
|-boost|p2a: Hatterene|spa|1
|-boost|p2a: Hatterene|spd|1
|
|-weather|Snowscape|[upkeep]
|upkeep
|turn|18
|
|t:|1760329465
|move|p2a: Hatterene|Psychic|p1a: Chillionaire
|-damage|p1a: Chillionaire|50/100
|move|p1a: Chillionaire|Sludge Bomb|p2a: Hatterene
|-supereffective|p2a: Hatterene
|-damage|p2a: Hatterene|28/100
|
|-weather|Snowscape|[upkeep]
|upkeep
|turn|19
|
|t:|1760329473
|move|p2a: Hatterene|Psychic|p1a: Chillionaire
|-damage|p1a: Chillionaire|2/100
|move|p1a: Chillionaire|Sludge Bomb|p2a: Hatterene
|-supereffective|p2a: Hatterene
|-damage|p2a: Hatterene|0 fnt
|faint|p2a: Hatterene
|
|-weather|Snowscape|[upkeep]
|upkeep
|
|t:|1760329477
|switch|p2a: Great Tusk|Great Tusk|100/100
|turn|20
|
|t:|1760329484
|move|p2a: Great Tusk|Rapid Spin|p1a: Chillionaire
|-crit|p1a: Chillionaire
|-damage|p1a: Chillionaire|0 fnt
|-boost|p2a: Great Tusk|spe|1
|-sideend|p2: softhaze|Stealth Rock|[from] move: Rapid Spin|[of] p2a: Great Tusk
|faint|p1a: Chillionaire
|
|-weather|none
|upkeep
|
|t:|1760329494
|switch|p1a: Mr. Freeze|Kyurem, shiny|100/100
|-ability|p1a: Mr. Freeze|Pressure
|turn|21
|
|t:|1760329501
|move|p2a: Great Tusk|Ice Spinner|p1a: Mr. Freeze
|-crit|p1a: Mr. Freeze
|-damage|p1a: Mr. Freeze|59/100
|move|p1a: Mr. Freeze|Freeze-Dry|p2a: Great Tusk
|-supereffective|p2a: Great Tusk
|-damage|p2a: Great Tusk|0 fnt
|faint|p2a: Great Tusk
|-end|p2a: Great Tusk|Protosynthesis|[silent]
|
|-heal|p1a: Mr. Freeze|65/100|[from] item: Leftovers
|-sideend|p2: softhaze|Reflect
|upkeep
|
|t:|1760329509
|switch|p2a: Iron Valiant|Iron Valiant, tera:Fighting|100/100 par
|turn|22
|
|t:|1760329521
|move|p1a: Mr. Freeze|Substitute|p1a: Mr. Freeze
|-start|p1a: Mr. Freeze|Substitute
|-damage|p1a: Mr. Freeze|40/100
|move|p2a: Iron Valiant|Moonblast|p1a: Mr. Freeze
|-supereffective|p1a: Mr. Freeze
|-end|p1a: Mr. Freeze|Substitute
|
|-heal|p1a: Mr. Freeze|47/100|[from] item: Leftovers
|upkeep
|turn|23
|
|t:|1760329528
|switch|p1a: Kristine|Cinderace, F, shiny|100/100
|move|p2a: Iron Valiant|Moonblast|p1a: Kristine
|-resisted|p1a: Kristine
|-damage|p1a: Kristine|72/100
|
|upkeep
|turn|24
|
|t:|1760329533
|move|p1a: Kristine|Pyro Ball|p2a: Iron Valiant|[miss]
|-miss|p1a: Kristine|p2a: Iron Valiant
|cant|p2a: Iron Valiant|par
|
|upkeep
|turn|25
|
|t:|1760329538
|move|p1a: Kristine|Pyro Ball|p2a: Iron Valiant
|-damage|p2a: Iron Valiant|36/100 par
|cant|p2a: Iron Valiant|par
|
|upkeep
|turn|26
|-message|softhaze forfeited.
|
|win|qinglan
|raw|qinglan's rating: 1314 &rarr; <strong>1332</strong><br />(+18 for winning)
|raw|softhaze's rating: 1281 &rarr; <strong>1258</strong><br />(-23 for losing)
|l|☆softhaze
|player|p2|
|l|☆qinglan
|player|p1|
