|inactive|Battle timer is ON: inactive players will automatically lose when time's up.
|badge|p1|bronze|gen9randombattle|100-7
|uhtml|medal-msg|<div class="broadcast-blue">Curious what those medals under the avatar are? PS now has Ladder Seasons! For more information, check out the <a href="https://www.smogon.com/forums/threads/3740067/">thread on Smogon.</a></div>
|t:|1760455195
|gametype|singles
|player|p1|Separation|acetrainerf-gen4dp|
|player|p2|dorapult|dawn|
|gen|9
|tier|[Gen 9] OU
|rule|HP Percentage Mod: HP is shown in percentages
|rule|Endless Battle Clause: Forcing endless battles is banned
|rule|Species Clause: Limit one of each Pokémon
|rule|OHKO Clause: OHKO moves are banned
|rule|Evasion Items Clause: Evasion items are banned
|rule|Evasion Moves Clause: Evasion moves are banned
|rule|Evasion Abilities Clause: Evasion abilities are banned
|rule|Sleep Moves Clause: Sleep-inducing moves are banned
|clearpoke
|poke|p1|Garganacl, F|
|poke|p1|Hatterene, F|
|poke|p1|Dragonite, F|
|poke|p1|Iron Treads|
|poke|p1|Ogerpon-Wellspring, F|
|poke|p1|Zamazenta-*|
|poke|p2|Pecharunt|
|poke|p2|Heatran, F|
|poke|p2|Ogerpon-Wellspring, F|
|poke|p2|Great Tusk|
|poke|p2|Raging Bolt|
|poke|p2|Moltres|
|teampreview
|c|☆dorapult|hf
|c|☆Separation|hf
|inactive|Separation has 270 seconds left.
|inactive|dorapult has 270 seconds left.
|inactive|dorapult has 240 seconds left.
|
|t:|1760455282
|teamsize|p1|6
|teamsize|p2|6
|start
|switch|p1a: Ogerpon|Ogerpon-Wellspring, F|100/100
|switch|p2a: Pecharunt|Pecharunt|100/100
|turn|1
|inactive|dorapult has 270 seconds left.
|
|t:|1760455300
|switch|p1a: Garganacl|Garganacl, F|100/100
|move|p2a: Pecharunt|Malignant Chain|p1a: Garganacl
|-resisted|p1a: Garganacl
|-damage|p1a: Garganacl|89/100
|
|-heal|p1a: Garganacl|95/100|[from] item: Leftovers
|upkeep
|turn|2
|
|t:|1760455317
|move|p2a: Pecharunt|Nasty Plot|p2a: Pecharunt
|-boost|p2a: Pecharunt|spa|2
|move|p1a: Garganacl|Salt Cure|p2a: Pecharunt
|-damage|p2a: Pecharunt|92/100
|
|-heal|p1a: Garganacl|100/100|[from] item: Leftovers
|upkeep
|turn|3
|
|t:|1760455325
|switch|p1a: Iron Treads|Iron Treads|100/100
|move|p2a: Pecharunt|Shadow Ball|p1a: Iron Treads
|-damage|p1a: Iron Treads|71/100
|-unboost|p1a: Iron Treads|spd|1
|
|upkeep
|turn|4
|inactive|dorapult has 270 seconds left.
|inactive|dorapult has 240 seconds left.
|inactive|dorapult has 210 seconds left.
|
|t:|1760455406
|move|p2a: Pecharunt|Shadow Ball|p1a: Iron Treads
|-damage|p1a: Iron Treads|25/100
|move|p1a: Iron Treads|Knock Off|p2a: Pecharunt
|-supereffective|p2a: Pecharunt
|-damage|p2a: Pecharunt|60/100
|-enditem|p2a: Pecharunt|Covert Cloak|[from] move: Knock Off|[of] p1a: Iron Treads
|
|upkeep
|turn|5
|inactive|dorapult has 210 seconds left.
|
|t:|1760455425
|switch|p2a: Ogerpon|Ogerpon-Wellspring, F|100/100
|-end|p1a: Iron Treads|Quark Drive|[silent]
|switch|p1a: Garganacl|Garganacl, F|100/100
|
|upkeep
|turn|6
|inactive|dorapult has 210 seconds left.
|
|t:|1760455433
|switch|p1a: Dragonite|Dragonite, F|100/100
|move|p2a: Ogerpon|Knock Off|p1a: Dragonite
|-damage|p1a: Dragonite|81/100
|-damage|p2a: Ogerpon|84/100|[from] item: Rocky Helmet|[of] p1a: Dragonite
|-enditem|p1a: Dragonite|Rocky Helmet|[from] move: Knock Off|[of] p2a: Ogerpon
|
|upkeep
|turn|7
|inactive|dorapult has 210 seconds left.
|
|t:|1760455452
|switch|p2a: Moltres|Moltres|100/100
|move|p1a: Dragonite|Roost|p1a: Dragonite
|-heal|p1a: Dragonite|100/100
|-singleturn|p1a: Dragonite|move: Roost
|
|upkeep
|turn|8
|
|t:|1760455464
|switch|p1a: Garganacl|Garganacl, F|100/100
|move|p2a: Moltres|U-turn|p1a: Garganacl
|-damage|p1a: Garganacl|91/100
|inactive|dorapult has 210 seconds left.
|
|t:|1760455478
|switch|p2a: Heatran|Heatran, F|100/100|[from] U-turn
|
|-heal|p1a: Garganacl|97/100|[from] item: Leftovers
|upkeep
|turn|9
|
|t:|1760455493
|move|p2a: Heatran|Magma Storm|p1a: Garganacl|[miss]
|-miss|p2a: Heatran|p1a: Garganacl
|move|p1a: Garganacl|Salt Cure|p2a: Heatran
|-damage|p2a: Heatran|89/100
|-start|p2a: Heatran|Salt Cure
|
|-heal|p2a: Heatran|95/100|[from] item: Leftovers
|-heal|p1a: Garganacl|100/100|[from] item: Leftovers
|-damage|p2a: Heatran|70/100|[from] Salt Cure
|upkeep
|turn|10
|
|t:|1760455501
|switch|p2a: Ogerpon|Ogerpon-Wellspring, F|84/100
|move|p1a: Garganacl|Stealth Rock|p2a: Ogerpon
|-sidestart|p2: dorapult|move: Stealth Rock
|
|upkeep
|turn|11
|
|t:|1760455520
|switch|p1a: Dragonite|Dragonite, F|100/100
|move|p2a: Ogerpon|Ivy Cudgel|p1a: Dragonite|[anim] Ivy Cudgel Water
|-resisted|p1a: Dragonite
|-damage|p1a: Dragonite|86/100
|
|upkeep
|turn|12
|
|t:|1760455531
|switch|p2a: Great Tusk|Great Tusk|100/100
|-damage|p2a: Great Tusk|98/100|[from] Stealth Rock
|move|p1a: Dragonite|Dragon Dance|p1a: Dragonite
|-boost|p1a: Dragonite|atk|1
|-boost|p1a: Dragonite|spe|1
|
|upkeep
|turn|13
|
|t:|1760455548
|switch|p1a: Ogerpon|Ogerpon-Wellspring, F|100/100
|move|p2a: Great Tusk|Rapid Spin|p1a: Ogerpon
|-damage|p1a: Ogerpon|76/100
|-boost|p2a: Great Tusk|spe|1
|-sideend|p2: dorapult|Stealth Rock|[from] move: Rapid Spin|[of] p2a: Great Tusk
|
|upkeep
|turn|14
|inactive|dorapult has 210 seconds left.
|
|t:|1760455582
|-end|p2a: Great Tusk|Protosynthesis|[silent]
|switch|p2a: Raging Bolt|Raging Bolt|100/100
|move|p1a: Ogerpon|Spikes|p2a: Raging Bolt
|-sidestart|p2: dorapult|Spikes
|
|upkeep
|turn|15
|inactive|dorapult has 210 seconds left.
|
|t:|1760455597
|move|p1a: Ogerpon|Knock Off|p2a: Raging Bolt
|-damage|p2a: Raging Bolt|68/100
|-enditem|p2a: Raging Bolt|Leftovers|[from] move: Knock Off|[of] p1a: Ogerpon
|move|p2a: Raging Bolt|Dragon Pulse|p1a: Ogerpon
|-damage|p1a: Ogerpon|18/100
|
|upkeep
|turn|16
|inactive|dorapult has 210 seconds left.
|
|t:|1760455611
|switch|p1a: Garganacl|Garganacl, F|100/100
|move|p2a: Raging Bolt|Dragon Pulse|p1a: Garganacl
|-crit|p1a: Garganacl
|-damage|p1a: Garganacl|53/100
|
|-heal|p1a: Garganacl|60/100|[from] item: Leftovers
|upkeep
|turn|17
|inactive|dorapult has 210 seconds left.
|
|t:|1760455621
|move|p2a: Raging Bolt|Calm Mind|p2a: Raging Bolt
|-boost|p2a: Raging Bolt|spa|1
|-boost|p2a: Raging Bolt|spd|1
|move|p1a: Garganacl|Salt Cure|p2a: Raging Bolt
|-damage|p2a: Raging Bolt|56/100
|-start|p2a: Raging Bolt|Salt Cure
|
|-heal|p1a: Garganacl|66/100|[from] item: Leftovers
|-damage|p2a: Raging Bolt|44/100|[from] Salt Cure
|upkeep
|turn|18
|inactive|dorapult has 210 seconds left.
|inactive|dorapult has 180 seconds left.
|inactive|dorapult has 150 seconds left.
|
|t:|1760455699
|move|p2a: Raging Bolt|Thunderbolt|p1a: Garganacl
|-damage|p1a: Garganacl|15/100
|move|p1a: Garganacl|Recover|p1a: Garganacl
|-heal|p1a: Garganacl|65/100
|
|-heal|p1a: Garganacl|71/100|[from] item: Leftovers
|-damage|p2a: Raging Bolt|31/100|[from] Salt Cure
|upkeep
|turn|19
|
|t:|1760455710
|move|p2a: Raging Bolt|Thunderbolt|p1a: Garganacl
|-damage|p1a: Garganacl|20/100
|move|p1a: Garganacl|Recover|p1a: Garganacl
|-heal|p1a: Garganacl|70/100
|
|-heal|p1a: Garganacl|76/100|[from] item: Leftovers
|-damage|p2a: Raging Bolt|19/100|[from] Salt Cure
|upkeep
|turn|20
|
|t:|1760455726
|-end|p2a: Raging Bolt|Protosynthesis|[silent]
|switch|p2a: Ogerpon|Ogerpon-Wellspring, F|84/100
|-damage|p2a: Ogerpon|72/100|[from] Spikes
|move|p1a: Garganacl|Salt Cure|p2a: Ogerpon
|-crit|p2a: Ogerpon
|-damage|p2a: Ogerpon|45/100
|-start|p2a: Ogerpon|Salt Cure
|
|-heal|p1a: Garganacl|83/100|[from] item: Leftovers
|-damage|p2a: Ogerpon|20/100|[from] Salt Cure
|upkeep
|turn|21
|
|t:|1760455744
|switch|p1a: Hatterene|Hatterene, F|100/100
|move|p2a: Ogerpon|Synthesis|p2a: Ogerpon
|-heal|p2a: Ogerpon|70/100
|
|-damage|p2a: Ogerpon|45/100|[from] Salt Cure
|upkeep
|turn|22
|
|t:|1760455758
|switch|p2a: Heatran|Heatran, F|70/100
|-damage|p2a: Heatran|58/100|[from] Spikes
|move|p1a: Hatterene|Nuzzle|p2a: Heatran
|-damage|p2a: Heatran|54/100
|-status|p2a: Heatran|par
|
|-heal|p2a: Heatran|60/100 par|[from] item: Leftovers
|upkeep
|turn|23
|inactive|dorapult has 180 seconds left.
|inactive|Separation has 270 seconds left.
|
|t:|1760455791
|switch|p1a: Garganacl|Garganacl, F|83/100
|cant|p2a: Heatran|par
|
|-heal|p1a: Garganacl|89/100|[from] item: Leftovers
|-heal|p2a: Heatran|67/100 par|[from] item: Leftovers
|upkeep
|turn|24
|inactive|dorapult has 150 seconds left.
|inactive|dorapult has 120 seconds left.
|
|t:|1760455844
|switch|p2a: Great Tusk|Great Tusk|98/100
|-damage|p2a: Great Tusk|85/100|[from] Spikes
|move|p1a: Garganacl|Salt Cure|p2a: Great Tusk
|-resisted|p2a: Great Tusk
|-crit|p2a: Great Tusk
|-damage|p2a: Great Tusk|82/100
|-start|p2a: Great Tusk|Salt Cure
|
|-heal|p1a: Garganacl|95/100|[from] item: Leftovers
|-damage|p2a: Great Tusk|69/100|[from] Salt Cure
|upkeep
|turn|25
|inactive|dorapult has 120 seconds left.
|
|t:|1760455852
|move|p1a: Garganacl|Protect|p1a: Garganacl
|-singleturn|p1a: Garganacl|Protect
|move|p2a: Great Tusk|Rapid Spin|p1a: Garganacl
|-activate|p1a: Garganacl|move: Protect
|
|-heal|p1a: Garganacl|100/100|[from] item: Leftovers
|-damage|p2a: Great Tusk|57/100|[from] Salt Cure
|upkeep
|turn|26
|
|t:|1760455862
|move|p2a: Great Tusk|Rapid Spin|p1a: Garganacl
|-resisted|p1a: Garganacl
|-damage|p1a: Garganacl|95/100
|-boost|p2a: Great Tusk|spe|1
|-sideend|p2: dorapult|Spikes|[from] move: Rapid Spin|[of] p2a: Great Tusk
|move|p1a: Garganacl|Stealth Rock|p2a: Great Tusk
|-sidestart|p2: dorapult|move: Stealth Rock
|
|-heal|p1a: Garganacl|100/100|[from] item: Leftovers
|-damage|p2a: Great Tusk|44/100|[from] Salt Cure
|upkeep
|turn|27
|inactive|dorapult has 120 seconds left.
|
|t:|1760455893
|-end|p2a: Great Tusk|Protosynthesis|[silent]
|switch|p2a: Pecharunt|Pecharunt|60/100
|-damage|p2a: Pecharunt|48/100|[from] Stealth Rock
|move|p1a: Garganacl|Salt Cure|p2a: Pecharunt
|-damage|p2a: Pecharunt|39/100
|-start|p2a: Pecharunt|Salt Cure
|
|-damage|p2a: Pecharunt|26/100|[from] Salt Cure
|upkeep
|turn|28
|inactive|Separation has 270 seconds left.
|inactive|Separation has 240 seconds left.
|
|t:|1760455958
|move|p2a: Pecharunt|Recover|p2a: Pecharunt
|-heal|p2a: Pecharunt|76/100
|move|p1a: Garganacl|Salt Cure|p2a: Pecharunt
|-damage|p2a: Pecharunt|67/100
|
|-damage|p2a: Pecharunt|55/100|[from] Salt Cure
|upkeep
|turn|29
|inactive|Separation has 240 seconds left.
|inactive|dorapult has 120 seconds left.
|
|t:|1760455978
|switch|p1a: Ogerpon|Ogerpon-Wellspring, F|18/100
|move|p2a: Pecharunt|Nasty Plot|p2a: Pecharunt
|-boost|p2a: Pecharunt|spa|2
|
|-damage|p2a: Pecharunt|42/100|[from] Salt Cure
|upkeep
|turn|30
|inactive|dorapult has 120 seconds left.
|inactive|Separation has 240 seconds left.
|
|t:|1760455999
|switch|p2a: Raging Bolt|Raging Bolt|19/100
|-damage|p2a: Raging Bolt|6/100|[from] Stealth Rock
|move|p1a: Ogerpon|Spikes|p2a: Raging Bolt
|-sidestart|p2: dorapult|Spikes
|
|upkeep
|turn|31
|inactive|dorapult has 120 seconds left.
|
|t:|1760456021
|switch|p1a: Iron Treads|Iron Treads|25/100
|move|p2a: Raging Bolt|Dragon Pulse|p1a: Iron Treads
|-resisted|p1a: Iron Treads
|-damage|p1a: Iron Treads|12/100
|
|upkeep
|turn|32
|inactive|dorapult has 120 seconds left.
|
|t:|1760456033
|move|p1a: Iron Treads|Rapid Spin|p2a: Raging Bolt
|-damage|p2a: Raging Bolt|0 fnt
|-boost|p1a: Iron Treads|spe|1
|faint|p2a: Raging Bolt
|-end|p2a: Raging Bolt|Protosynthesis|[silent]
|
|upkeep
|
|t:|1760456040
|switch|p2a: Moltres|Moltres|100/100
|turn|33
|
|t:|1760456045
|move|p1a: Iron Treads|Knock Off|p2a: Moltres
|-damage|p2a: Moltres|76/100
|-enditem|p2a: Moltres|Heavy-Duty Boots|[from] move: Knock Off|[of] p1a: Iron Treads
|move|p2a: Moltres|Flamethrower|p1a: Iron Treads
|-supereffective|p1a: Iron Treads
|-damage|p1a: Iron Treads|0 fnt
|faint|p1a: Iron Treads
|-end|p1a: Iron Treads|Quark Drive|[silent]
|
|upkeep
|
|t:|1760456052
|switch|p1a: Garganacl|Garganacl, F|100/100
|turn|34
|
|t:|1760456072
|switch|p2a: Heatran|Heatran, F|67/100 par
|-damage|p2a: Heatran|54/100 par|[from] Stealth Rock
|-damage|p2a: Heatran|42/100 par|[from] Spikes
|move|p1a: Garganacl|Salt Cure|p2a: Heatran
|-damage|p2a: Heatran|30/100 par
|-start|p2a: Heatran|Salt Cure
|
|-heal|p2a: Heatran|36/100 par|[from] item: Leftovers
|-damage|p2a: Heatran|11/100 par|[from] Salt Cure
|upkeep
|turn|35
|
|t:|1760456078
|move|p1a: Garganacl|Salt Cure|p2a: Heatran
|-damage|p2a: Heatran|0 fnt
|faint|p2a: Heatran
|
|upkeep
|
|t:|1760456082
|switch|p2a: Great Tusk|Great Tusk|44/100
|-damage|p2a: Great Tusk|41/100|[from] Stealth Rock
|-damage|p2a: Great Tusk|29/100|[from] Spikes
|turn|36
|
|t:|1760456090
|move|p1a: Garganacl|Protect|p1a: Garganacl
|-singleturn|p1a: Garganacl|Protect
|move|p2a: Great Tusk|Ice Spinner|p1a: Garganacl
|-activate|p1a: Garganacl|move: Protect
|
|upkeep
|turn|37
|inactive|dorapult has 120 seconds left.
|
|t:|1760456139
|-end|p2a: Great Tusk|Protosynthesis|[silent]
|switch|p2a: Moltres|Moltres|76/100
|-damage|p2a: Moltres|27/100|[from] Stealth Rock
|move|p1a: Garganacl|Salt Cure|p2a: Moltres
|-supereffective|p2a: Moltres
|-damage|p2a: Moltres|0 fnt
|faint|p2a: Moltres
|
|upkeep
|
|t:|1760456141
|switch|p2a: Pecharunt|Pecharunt|42/100
|-damage|p2a: Pecharunt|30/100|[from] Stealth Rock
|-damage|p2a: Pecharunt|17/100|[from] Spikes
|turn|38
|inactive|Separation has 270 seconds left.
|
|t:|1760456157
|move|p2a: Pecharunt|Recover|p2a: Pecharunt
|-heal|p2a: Pecharunt|67/100
|move|p1a: Garganacl|Salt Cure|p2a: Pecharunt
|-damage|p2a: Pecharunt|58/100
|-start|p2a: Pecharunt|Salt Cure
|
|-damage|p2a: Pecharunt|46/100|[from] Salt Cure
|upkeep
|turn|39
|
|t:|1760456164
|switch|p1a: Hatterene|Hatterene, F|100/100
|move|p2a: Pecharunt|Recover|p2a: Pecharunt
|-heal|p2a: Pecharunt|96/100
|
|-damage|p2a: Pecharunt|83/100|[from] Salt Cure
|upkeep
|turn|40
|
|t:|1760456177
|switch|p2a: Great Tusk|Great Tusk|29/100
|-damage|p2a: Great Tusk|26/100|[from] Stealth Rock
|-damage|p2a: Great Tusk|14/100|[from] Spikes
|move|p1a: Hatterene|Psychic Noise|p2a: Great Tusk
|-supereffective|p2a: Great Tusk
|-damage|p2a: Great Tusk|0 fnt
|faint|p2a: Great Tusk
|-end|p2a: Great Tusk|Protosynthesis|[silent]
|
|upkeep
|
|t:|1760456179
|switch|p2a: Ogerpon|Ogerpon-Wellspring, F|45/100
|-damage|p2a: Ogerpon|33/100|[from] Stealth Rock
|-damage|p2a: Ogerpon|21/100|[from] Spikes
|turn|41
|
|t:|1760456197
|switch|p1a: Dragonite|Dragonite, F|86/100
|move|p2a: Ogerpon|Power Whip|p1a: Dragonite
|-resisted|p1a: Dragonite
|-damage|p1a: Dragonite|71/100
|
|upkeep
|turn|42
|
|t:|1760456202
|switch|p2a: Pecharunt|Pecharunt|83/100
|-damage|p2a: Pecharunt|71/100|[from] Stealth Rock
|-damage|p2a: Pecharunt|58/100|[from] Spikes
|move|p1a: Dragonite|Dragon Dance|p1a: Dragonite
|-boost|p1a: Dragonite|atk|1
|-boost|p1a: Dragonite|spe|1
|
|upkeep
|turn|43
|inactive|dorapult has 150 seconds left.
|
|t:|1760456210
|-terastallize|p2a: Pecharunt|Water
|move|p2a: Pecharunt|Recover|p2a: Pecharunt
|-heal|p2a: Pecharunt|100/100
|move|p1a: Dragonite|Earthquake|p2a: Pecharunt
|-damage|p2a: Pecharunt|60/100
|
|upkeep
|turn|44
|-message|dorapult forfeited.
|
|win|Separation
|c|☆dorapult|gg
|player|p2|
|c|☆Separation|ggs mb for g1
