|j|☆frazybalkany
|j|‽JinMammah
|t:|1760354656
|gametype|singles
|player|p1|frazybalkany|265|1415
|player|p2|JinMammah|rocketgruntf|1404
|gen|9
|tier|[Gen 9] OU
|rated|
|rule|HP Percentage Mod: HP is shown in percentages
|rule|Endless Battle Clause: Forcing endless battles is banned
|rule|Species Clause: Limit one of each Pokémon
|rule|OHKO Clause: OHKO moves are banned
|rule|Evasion Items Clause: Evasion items are banned
|rule|Evasion Moves Clause: Evasion moves are banned
|rule|Evasion Abilities Clause: Evasion abilities are banned
|rule|Sleep Moves Clause: Sleep-inducing moves are banned
|clearpoke
|poke|p1|Torkoal, M|
|poke|p1|Dragapult, F|
|poke|p1|Iron Moth|
|poke|p1|Kingambit, M|
|poke|p1|Ceruledge, F|
|poke|p1|Staraptor, M|
|poke|p2|Suicune|
|poke|p2|Landorus-Therian, M|
|poke|p2|Garchomp, M|
|poke|p2|Heatran, M|
|poke|p2|Muk-Alola, M|
|poke|p2|Piloswine, M|
|teampreview
|inactive|Battle timer is ON: inactive players will automatically lose when time's up. (requested by frazybalkany)
|
|t:|1760354666
|teamsize|p1|6
|teamsize|p2|6
|start
|switch|p1a: Staraptor|Staraptor, M|100/100
|switch|p2a: Heatran|Heatran, M|100/100
|-item|p2a: Heatran|Air Balloon
|turn|1
|
|t:|1760354670
|move|p1a: Staraptor|Final Gambit|p2a: Heatran
|-damage|p2a: Heatran|4/100
|-enditem|p2a: Heatran|Air Balloon
|faint|p1a: Staraptor
|move|p2a: Heatran|Magma Storm|p1: Staraptor|[notarget]
|-fail|p2a: Heatran
|
|upkeep
|
|t:|1760354693
|switch|p1a: Dragapult|Dragapult, F|100/100
|turn|2
|
|t:|1760354701
|switch|p2a: Muk|Muk-Alola, M|100/100
|move|p1a: Dragapult|Dragon Darts|p2a: Muk
|-damage|p2a: Muk|71/100
|-anim|p1a: Dragapult|Dragon Darts|p2a: Muk
|-damage|p2a: Muk|42/100
|
|upkeep
|turn|3
|
|t:|1760354708
|move|p2a: Muk|Shadow Sneak|p1a: Dragapult
|-supereffective|p1a: Dragapult
|-damage|p1a: Dragapult|68/100
|-status|p1a: Dragapult|psn|[from] ability: Poison Touch|[of] p2a: Muk
|move|p1a: Dragapult|Dragon Darts|p2a: Muk
|-damage|p2a: Muk|13/100
|-anim|p1a: Dragapult|Dragon Darts|p2a: Muk
|-damage|p2a: Muk|0 fnt
|faint|p2a: Muk
|
|-heal|p1a: Dragapult|74/100 psn|[from] item: Leftovers
|-damage|p1a: Dragapult|61/100 psn|[from] psn
|upkeep
|
|t:|1760354718
|switch|p2a: Garchomp|Garchomp, M|100/100
|turn|4
|
|t:|1760354723
|move|p2a: Garchomp|Earthquake|p1a: Dragapult
|-damage|p1a: Dragapult|0 fnt
|faint|p1a: Dragapult
|
|upkeep
|
|t:|1760354732
|switch|p1a: Ceruledge|Ceruledge, F|100/100
|turn|5
|
|t:|1760354735
|-terastallize|p1a: Ceruledge|Grass
|move|p2a: Garchomp|Earthquake|p1a: Ceruledge
|-resisted|p1a: Ceruledge
|-damage|p1a: Ceruledge|65/100
|-ability|p1a: Ceruledge|Weak Armor|boost
|-unboost|p1a: Ceruledge|def|1
|-boost|p1a: Ceruledge|spe|2
|move|p1a: Ceruledge|Swords Dance|p1a: Ceruledge
|-boost|p1a: Ceruledge|atk|2
|
|upkeep
|turn|6
|
|t:|1760354748
|switch|p2a: Heatran|Heatran, M|4/100
|move|p1a: Ceruledge|Swords Dance|p1a: Ceruledge
|-boost|p1a: Ceruledge|atk|2
|
|upkeep
|turn|7
|
|t:|1760354756
|switch|p1a: Torkoal|Torkoal, M|100/100
|-weather|SunnyDay|[from] ability: Drought|[of] p1a: Torkoal
|move|p2a: Heatran|Magma Storm|p1a: Torkoal|[miss]
|-miss|p2a: Heatran|p1a: Torkoal
|
|-weather|SunnyDay|[upkeep]
|upkeep
|turn|8
|
|t:|1760354761
|move|p2a: Heatran|Taunt|p1a: Torkoal
|-start|p1a: Torkoal|move: Taunt
|move|p1a: Torkoal|Rapid Spin|p2a: Heatran
|-resisted|p2a: Heatran
|-damage|p2a: Heatran|0 fnt
|-boost|p1a: Torkoal|spe|1
|faint|p2a: Heatran
|
|-weather|SunnyDay|[upkeep]
|upkeep
|
|t:|1760354774
|switch|p2a: Landorus|Landorus-Therian, M|100/100
|-ability|p2a: Landorus|Intimidate|boost
|-unboost|p1a: Torkoal|atk|1
|turn|9
|
|t:|1760354777
|move|p2a: Landorus|Earthquake|p1a: Torkoal
|-supereffective|p1a: Torkoal
|-damage|p1a: Torkoal|0 fnt
|faint|p1a: Torkoal
|
|-weather|SunnyDay|[upkeep]
|upkeep
|
|t:|1760354785
|switch|p1a: Ceruledge|Ceruledge, F, tera:Grass|65/100
|turn|10
|
|t:|1760354789
|move|p2a: Landorus|U-turn|p1a: Ceruledge
|-supereffective|p1a: Ceruledge
|-damage|p1a: Ceruledge|0 fnt
|faint|p1a: Ceruledge
|
|t:|1760354795
|switch|p2a: Garchomp|Garchomp, M|100/100|[from] U-turn
|
|-weather|SunnyDay|[upkeep]
|upkeep
|
|t:|1760354803
|switch|p1a: Kingambit|Kingambit, M|100/100
|-activate|p1a: Kingambit|ability: Supreme Overlord
|-start|p1a: Kingambit|fallen4|[silent]
|turn|11
|
|t:|1760354819
|move|p2a: Garchomp|Earthquake|p1a: Kingambit
|-supereffective|p1a: Kingambit
|-enditem|p1a: Kingambit|Focus Sash
|-damage|p1a: Kingambit|1/100
|move|p1a: Kingambit|Iron Head|p2a: Garchomp
|-damage|p2a: Garchomp|36/100
|-damage|p1a: Kingambit|0 fnt|[from] ability: Rough Skin|[of] p2a: Garchomp
|faint|p1a: Kingambit
|-end|p1a: Kingambit|fallen4|[silent]
|
|-weather|none
|upkeep
|
|t:|1760354827
|switch|p1a: Iron Moth|Iron Moth|100/100
|-enditem|p1a: Iron Moth|Booster Energy
|-activate|p1a: Iron Moth|ability: Quark Drive|[fromitem]
|-start|p1a: Iron Moth|quarkdrivespe
|turn|12
|
|t:|1760354847
|move|p1a: Iron Moth|Fiery Dance|p2a: Garchomp
|-resisted|p2a: Garchomp
|-damage|p2a: Garchomp|12/100
|move|p2a: Garchomp|Earthquake|p1a: Iron Moth
|-supereffective|p1a: Iron Moth
|-damage|p1a: Iron Moth|0 fnt
|faint|p1a: Iron Moth
|-end|p1a: Iron Moth|Quark Drive|[silent]
|
|win|JinMammah
|raw|frazybalkany's rating: 1415 &rarr; <strong>1394</strong><br />(-21 for losing)
|raw|JinMammah's rating: 1404 &rarr; <strong>1425</strong><br />(+21 for winning)
|l|‽JinMammah
|player|p2|
|l|☆frazybalkany
|player|p1|
