|j|☆Moxie2
|j|☆Winter escape
|t:|1760327377
|gametype|singles
|player|p1|Moxie2|jogger|1317
|player|p2|Winter escape|unknown|1311
|gen|9
|tier|[Gen 9] OU
|rated|
|rule|HP Percentage Mod: HP is shown in percentages
|rule|Endless Battle Clause: Forcing endless battles is banned
|rule|Species Clause: Limit one of each Pokémon
|rule|OHKO Clause: OHKO moves are banned
|rule|Evasion Items Clause: Evasion items are banned
|rule|Evasion Moves Clause: Evasion moves are banned
|rule|Evasion Abilities Clause: Evasion abilities are banned
|rule|Sleep Moves Clause: Sleep-inducing moves are banned
|clearpoke
|poke|p1|Ursaluna, M|
|poke|p1|Rillaboom, M|
|poke|p1|Iron Crown|
|poke|p1|Walking Wake|
|poke|p1|Sandaconda, M|
|poke|p1|Cinderace, M|
|poke|p2|Meowscarada, M|
|poke|p2|Rillaboom, M|
|poke|p2|Iron Crown|
|poke|p2|Ceruledge, M|
|poke|p2|Primarina, F|
|poke|p2|Corviknight, M|
|teampreview
|inactive|Battle timer is ON: inactive players will automatically lose when time's up. (requested by Winter escape)
|
|t:|1760327387
|teamsize|p1|6
|teamsize|p2|6
|start
|switch|p1a: Cinderace|Cinderace, M|100/100
|switch|p2a: Meowscarada|Meowscarada, M|100/100
|turn|1
|
|t:|1760327403
|move|p2a: Meowscarada|U-turn|p1a: Cinderace
|-start|p2a: Meowscarada|typechange|Bug|[from] ability: Protean
|-resisted|p1a: Cinderace
|-damage|p1a: Cinderace|75/100
|
|t:|1760327408
|switch|p2a: Primarina|Primarina, F|100/100|[from] U-turn
|move|p1a: Cinderace|Pyro Ball|p2a: Primarina
|-resisted|p2a: Primarina
|-damage|p2a: Primarina|63/100
|-status|p2a: Primarina|brn
|
|-damage|p2a: Primarina|57/100 brn|[from] brn
|upkeep
|turn|2
|
|t:|1760327422
|switch|p1a: Iron Crown|Iron Crown|100/100
|move|p2a: Primarina|Hyper Voice|p1a: Iron Crown
|-damage|p1a: Iron Crown|69/100
|
|-damage|p2a: Primarina|51/100 brn|[from] brn
|upkeep
|turn|3
|
|t:|1760327432
|move|p1a: Iron Crown|Volt Switch|p2a: Primarina
|-supereffective|p2a: Primarina
|-damage|p2a: Primarina|26/100 brn
|
|t:|1760327437
|-end|p1a: Iron Crown|Quark Drive|[silent]
|switch|p1a: Rillaboom|Rillaboom, M|100/100|[from] Volt Switch
|-fieldstart|move: Grassy Terrain|[from] ability: Grassy Surge|[of] p1a: Rillaboom
|move|p2a: Primarina|Flip Turn|p1a: Rillaboom
|-resisted|p1a: Rillaboom
|-damage|p1a: Rillaboom|96/100
|
|t:|1760327452
|switch|p2a: Meowscarada|Meowscarada, M|100/100|[from] Flip Turn
|
|-heal|p1a: Rillaboom|100/100|[from] Grassy Terrain
|upkeep
|turn|4
|
|t:|1760327464
|move|p2a: Meowscarada|U-turn|p1a: Rillaboom
|-start|p2a: Meowscarada|typechange|Bug|[from] ability: Protean
|-supereffective|p1a: Rillaboom
|-damage|p1a: Rillaboom|23/100
|
|t:|1760327469
|switch|p2a: Iron Crown|Iron Crown|100/100|[from] U-turn
|move|p1a: Rillaboom|Knock Off|p2a: Iron Crown
|-supereffective|p2a: Iron Crown
|-damage|p2a: Iron Crown|1/100
|-enditem|p2a: Iron Crown|Choice Specs|[from] move: Knock Off|[of] p1a: Rillaboom
|-damage|p1a: Rillaboom|13/100|[from] item: Life Orb
|
|-heal|p2a: Iron Crown|7/100|[from] Grassy Terrain
|-heal|p1a: Rillaboom|19/100|[from] Grassy Terrain
|upkeep
|turn|5
|
|t:|1760327484
|-end|p2a: Iron Crown|Quark Drive|[silent]
|switch|p2a: Corviknight|Corviknight, M|100/100
|move|p1a: Rillaboom|Grassy Glide|p2a: Corviknight
|-resisted|p2a: Corviknight
|-damage|p2a: Corviknight|93/100
|-damage|p1a: Rillaboom|3/100|[from] item: Rocky Helmet|[of] p2a: Corviknight
|-damage|p1a: Rillaboom|0 fnt|[from] item: Life Orb
|faint|p1a: Rillaboom
|
|upkeep
|
|t:|1760327493
|switch|p1a: Iron Crown|Iron Crown|69/100
|turn|6
|
|t:|1760327505
|switch|p2a: Primarina|Primarina, F|26/100 brn
|move|p1a: Iron Crown|Psychic Noise|p2a: Primarina
|-damage|p2a: Primarina|5/100 brn
|-start|p2a: Primarina|move: Heal Block
|
|-heal|p1a: Iron Crown|76/100|[from] Grassy Terrain
|-damage|p2a: Primarina|0 fnt|[from] brn
|faint|p2a: Primarina
|upkeep
|
|t:|1760327516
|switch|p2a: Iron Crown|Iron Crown|7/100
|turn|7
|
|t:|1760327520
|move|p1a: Iron Crown|Tachyon Cutter|p2a: Iron Crown
|-resisted|p2a: Iron Crown
|-damage|p2a: Iron Crown|0 fnt
|faint|p2a: Iron Crown
|-end|p2a: Iron Crown|Quark Drive|[silent]
|-hitcount|p2: Iron Crown|1
|
|-heal|p1a: Iron Crown|82/100|[from] Grassy Terrain
|-fieldend|move: Grassy Terrain
|upkeep
|
|t:|1760327528
|switch|p2a: Meowscarada|Meowscarada, M|100/100
|turn|8
|
|t:|1760327533
|-end|p1a: Iron Crown|Quark Drive|[silent]
|switch|p1a: Sandaconda|Sandaconda, M, shiny|100/100
|move|p2a: Meowscarada|Knock Off|p1a: Sandaconda
|-start|p2a: Meowscarada|typechange|Dark|[from] ability: Protean
|-damage|p1a: Sandaconda|61/100
|-damage|p2a: Meowscarada|84/100|[from] item: Rocky Helmet|[of] p1a: Sandaconda
|-weather|Sandstorm|[from] ability: Sand Spit|[of] p1a: Sandaconda
|-enditem|p1a: Sandaconda|Rocky Helmet|[from] move: Knock Off|[of] p2a: Meowscarada
|
|-weather|Sandstorm|[upkeep]
|-damage|p2a: Meowscarada|78/100|[from] Sandstorm
|upkeep
|turn|9
|
|t:|1760327547
|move|p2a: Meowscarada|Flower Trick|p1a: Sandaconda
|-supereffective|p1a: Sandaconda
|-crit|p1a: Sandaconda
|-damage|p1a: Sandaconda|9/100
|move|p1a: Sandaconda|Glare|p2a: Meowscarada
|-status|p2a: Meowscarada|par
|
|-weather|Sandstorm|[upkeep]
|-damage|p2a: Meowscarada|72/100 par|[from] Sandstorm
|upkeep
|turn|10
|
|t:|1760327557
|cant|p2a: Meowscarada|par
|move|p1a: Sandaconda|Stealth Rock|p2a: Meowscarada
|-sidestart|p2: Winter escape|move: Stealth Rock
|
|-weather|Sandstorm|[upkeep]
|-damage|p2a: Meowscarada|66/100 par|[from] Sandstorm
|upkeep
|turn|11
|
|t:|1760327563
|move|p2a: Meowscarada|Flower Trick|p1a: Sandaconda
|-supereffective|p1a: Sandaconda
|-crit|p1a: Sandaconda
|-damage|p1a: Sandaconda|0 fnt
|faint|p1a: Sandaconda
|
|-weather|Sandstorm|[upkeep]
|-damage|p2a: Meowscarada|60/100 par|[from] Sandstorm
|upkeep
|
|t:|1760327567
|switch|p1a: Cinderace|Cinderace, M|75/100
|turn|12
|
|t:|1760327576
|move|p1a: Cinderace|Pyro Ball|p2a: Meowscarada
|-damage|p2a: Meowscarada|0 fnt
|faint|p2a: Meowscarada
|
|-weather|none
|upkeep
|-message|Winter escape forfeited.
|
|win|Moxie2
|raw|Moxie2's rating: 1317 &rarr; <strong>1337</strong><br />(+20 for winning)
|raw|Winter escape's rating: 1311 &rarr; <strong>1291</strong><br />(-20 for losing)
|l|☆Winter escape
|player|p2|
