|j|‽flinchirator
|j|☆Scoops4822
|t:|1760403695
|gametype|singles
|player|p1|flinchirator|miku-ice|1424
|player|p2|Scoops4822|artist-gen4|1452
|gen|9
|tier|[Gen 9] OU
|rated|
|rule|HP Percentage Mod: HP is shown in percentages
|rule|Endless Battle Clause: Forcing endless battles is banned
|rule|Species Clause: Limit one of each Pokémon
|rule|OHKO Clause: OHKO moves are banned
|rule|Evasion Items Clause: Evasion items are banned
|rule|Evasion Moves Clause: Evasion moves are banned
|rule|Evasion Abilities Clause: Evasion abilities are banned
|rule|Sleep Moves Clause: Sleep-inducing moves are banned
|clearpoke
|poke|p1|Carbink, L1|
|poke|p1|Braviary-Hisui, M|
|poke|p1|Ursaluna, M|
|poke|p1|Kingambit, M|
|poke|p1|Iron Hands|
|poke|p1|Hatterene, F|
|poke|p2|Hoopa-Unbound|
|poke|p2|Hydrapple, M|
|poke|p2|Gliscor, F|
|poke|p2|Cinderace, M|
|poke|p2|Alomomola, F|
|poke|p2|Gholdengo|
|teampreview
|inactive|Battle timer is ON: inactive players will automatically lose when time's up. (requested by flinchirator)
|inactive|flinchirator has 120 seconds left.
|inactive|Scoops4822 has 120 seconds left.
|
|t:|1760403751
|teamsize|p1|6
|teamsize|p2|6
|start
|switch|p1a: Carbink|Carbink, L1, shiny|100/100
|switch|p2a: Cinderace|Cinderace, M|100/100
|turn|1
|
|t:|1760403768
|move|p2a: Cinderace|Will-O-Wisp|p1a: Carbink
|-status|p1a: Carbink|brn
|move|p1a: Carbink|Trick Room|p1a: Carbink
|-fieldstart|move: Trick Room|[of] p1a: Carbink
|
|-damage|p1a: Carbink|92/100 brn|[from] item: Black Sludge
|-damage|p1a: Carbink|84/100 brn|[from] brn
|upkeep
|turn|2
|
|t:|1760403777
|move|p1a: Carbink|Endeavor|p2a: Cinderace
|-damage|p2a: Cinderace|3/100
|move|p2a: Cinderace|Pyro Ball|p1a: Carbink|[miss]
|-miss|p2a: Cinderace|p1a: Carbink
|
|-damage|p1a: Carbink|75/100 brn|[from] item: Black Sludge
|-damage|p1a: Carbink|67/100 brn|[from] brn
|upkeep
|turn|3
|
|t:|1760403786
|move|p1a: Carbink|Stealth Rock|p2a: Cinderace
|-sidestart|p2: Scoops4822|move: Stealth Rock
|move|p2a: Cinderace|Pyro Ball|p1a: Carbink|[miss]
|-miss|p2a: Cinderace|p1a: Carbink
|
|-damage|p1a: Carbink|59/100 brn|[from] item: Black Sludge
|-damage|p1a: Carbink|50/100 brn|[from] brn
|upkeep
|turn|4
|
|t:|1760403796
|move|p1a: Carbink|Spikes|p2a: Cinderace
|-sidestart|p2: Scoops4822|Spikes
|move|p2a: Cinderace|Court Change|p2a: Cinderace
|-swapsideconditions
|-activate|p2a: Cinderace|move: Court Change
|
|-damage|p1a: Carbink|42/100 brn|[from] item: Black Sludge
|-damage|p1a: Carbink|34/100 brn|[from] brn
|upkeep
|turn|5
|
|t:|1760403806
|move|p1a: Carbink|Stealth Rock|p2a: Cinderace
|-sidestart|p2: Scoops4822|move: Stealth Rock
|move|p2a: Cinderace|Pyro Ball|p1a: Carbink
|-resisted|p1a: Carbink
|-damage|p1a: Carbink|0 fnt
|faint|p1a: Carbink
|
|-fieldend|move: Trick Room
|upkeep
|inactive|flinchirator has 120 seconds left.
|
|t:|1760403841
|switch|p1a: Ursaluna|Ursaluna, M|100/100
|-damage|p1a: Ursaluna|94/100|[from] Stealth Rock
|-damage|p1a: Ursaluna|82/100|[from] Spikes
|turn|6
|
|t:|1760403849
|move|p2a: Cinderace|Pyro Ball|p1a: Ursaluna|[miss]
|-miss|p2a: Cinderace|p1a: Ursaluna
|move|p1a: Ursaluna|Crunch|p2a: Cinderace
|-damage|p2a: Cinderace|0 fnt
|faint|p2a: Cinderace
|
|-status|p1a: Ursaluna|brn|[from] item: Flame Orb
|upkeep
|inactive|Scoops4822 has 120 seconds left.
|
|t:|1760403880
|switch|p2a: Gholdengo|Gholdengo|100/100
|-damage|p2a: Gholdengo|94/100|[from] Stealth Rock
|-item|p2a: Gholdengo|Air Balloon
|turn|7
|inactive|Scoops4822 has 120 seconds left.
|
|t:|1760403895
|move|p2a: Gholdengo|Make It Rain|p1a: Ursaluna
|-damage|p1a: Ursaluna|35/100 brn
|-unboost|p2a: Gholdengo|spa|1
|move|p1a: Ursaluna|Crunch|p2a: Gholdengo
|-supereffective|p2a: Gholdengo
|-damage|p2a: Gholdengo|25/100
|-enditem|p2a: Gholdengo|Air Balloon
|
|-damage|p1a: Ursaluna|29/100 brn|[from] brn
|upkeep
|turn|8
|
|t:|1760403905
|move|p2a: Gholdengo|Make It Rain|p1a: Ursaluna
|-damage|p1a: Ursaluna|0 fnt
|-unboost|p2a: Gholdengo|spa|1
|faint|p1a: Ursaluna
|
|upkeep
|inactive|flinchirator has 120 seconds left.
|
|t:|1760403924
|switch|p1a: Kingambit|Kingambit, M|100/100
|-damage|p1a: Kingambit|94/100|[from] Stealth Rock
|-damage|p1a: Kingambit|82/100|[from] Spikes
|-activate|p1a: Kingambit|ability: Supreme Overlord
|-start|p1a: Kingambit|fallen2|[silent]
|turn|9
|
|t:|1760403930
|move|p2a: Gholdengo|Thunder Wave|p1a: Kingambit
|-status|p1a: Kingambit|par
|move|p1a: Kingambit|Swords Dance|p1a: Kingambit
|-boost|p1a: Kingambit|atk|2
|
|upkeep
|turn|10
|
|t:|1760403947
|move|p1a: Kingambit|Sucker Punch||[still]
|-fail|p1a: Kingambit
|move|p2a: Gholdengo|Recover|p2a: Gholdengo
|-heal|p2a: Gholdengo|75/100
|
|upkeep
|turn|11
|
|t:|1760403957
|switch|p2a: Alomomola|Alomomola, F|100/100
|-damage|p2a: Alomomola|88/100|[from] Stealth Rock
|move|p1a: Kingambit|Kowtow Cleave|p2a: Alomomola
|-damage|p2a: Alomomola|0 fnt
|faint|p2a: Alomomola
|
|upkeep
|
|t:|1760403977
|switch|p2a: Gliscor|Gliscor, F|100/100
|-damage|p2a: Gliscor|88/100|[from] Stealth Rock
|turn|12
|
|t:|1760403983
|-terastallize|p1a: Kingambit|Dark
|move|p2a: Gliscor|Earthquake|p1a: Kingambit
|-damage|p1a: Kingambit|56/100 par
|move|p1a: Kingambit|Kowtow Cleave|p2a: Gliscor
|-damage|p2a: Gliscor|0 fnt
|faint|p2a: Gliscor
|
|upkeep
|
|t:|1760403996
|switch|p2a: Gholdengo|Gholdengo|75/100
|-damage|p2a: Gholdengo|69/100|[from] Stealth Rock
|turn|13
|
|t:|1760404019
|-terastallize|p2a: Gholdengo|Fairy
|cant|p1a: Kingambit|par
|move|p2a: Gholdengo|Make It Rain|p1a: Kingambit
|-damage|p1a: Kingambit|7/100 par
|-unboost|p2a: Gholdengo|spa|1
|
|upkeep
|turn|14
|
|t:|1760404028
|move|p2a: Gholdengo|Hex|p1a: Kingambit
|-resisted|p1a: Kingambit
|-damage|p1a: Kingambit|0 fnt
|faint|p1a: Kingambit
|-end|p1a: Kingambit|fallen2|[silent]
|
|upkeep
|
|t:|1760404046
|switch|p1a: Braviary|Braviary-Hisui, M, shiny|100/100
|-damage|p1a: Braviary|76/100|[from] Stealth Rock
|turn|15
|
|t:|1760404055
|move|p2a: Gholdengo|Thunder Wave|p1a: Braviary
|-status|p1a: Braviary|par
|cant|p1a: Braviary|par
|
|upkeep
|turn|16
|
|t:|1760404063
|move|p2a: Gholdengo|Make It Rain|p1a: Braviary
|-damage|p1a: Braviary|36/100 par
|-unboost|p2a: Gholdengo|spa|1
|cant|p1a: Braviary|par
|
|upkeep
|turn|17
|
|t:|1760404080
|move|p2a: Gholdengo|Make It Rain|p1a: Braviary
|-damage|p1a: Braviary|10/100 par
|-unboost|p2a: Gholdengo|spa|1
|cant|p1a: Braviary|par
|
|upkeep
|turn|18
|
|t:|1760404087
|move|p2a: Gholdengo|Hex|p1a: Braviary
|-supereffective|p1a: Braviary
|-damage|p1a: Braviary|0 fnt
|faint|p1a: Braviary
|
|upkeep
|-message|flinchirator forfeited.
|
|win|Scoops4822
|raw|flinchirator's rating: 1424 &rarr; <strong>1406</strong><br />(-18 for losing)
|raw|Scoops4822's rating: 1452 &rarr; <strong>1470</strong><br />(+18 for winning)
|l|‽flinchirator
|player|p1|
|l|☆Scoops4822
|player|p2|
