|j|☆Megumin's Husband
|j|☆bigtestsofbig
|t:|1760379506
|gametype|singles
|player|p1|Megumin's Husband|alder|1550
|player|p2|bigtestsofbig|1|1512
|gen|9
|tier|[Gen 9] OU
|rated|
|rule|HP Percentage Mod: HP is shown in percentages
|rule|Endless Battle Clause: Forcing endless battles is banned
|rule|Species Clause: Limit one of each Pokémon
|rule|OHKO Clause: OHKO moves are banned
|rule|Evasion Items Clause: Evasion items are banned
|rule|Evasion Moves Clause: Evasion moves are banned
|rule|Evasion Abilities Clause: Evasion abilities are banned
|rule|Sleep Moves Clause: Sleep-inducing moves are banned
|clearpoke
|poke|p1|Pecharunt|
|poke|p1|Primarina, F|
|poke|p1|Heatran, M|
|poke|p1|Great Tusk|
|poke|p1|Weavile, F|
|poke|p1|Ogerpon, F|
|poke|p2|Lucario, F|
|poke|p2|Corviknight, M|
|poke|p2|Raging Bolt|
|poke|p2|Landorus-Therian, M|
|poke|p2|Hatterene, F|
|poke|p2|Rillaboom, F|
|teampreview
|inactive|Battle timer is ON: inactive players will automatically lose when time's up. (requested by bigtestsofbig)
|
|t:|1760379514
|teamsize|p1|6
|teamsize|p2|6
|start
|switch|p1a: Yamawaro|Ogerpon, F|100/100
|switch|p2a: Lucario|Lucario, F|100/100
|turn|1
|
|t:|1760379523
|switch|p2a: Landorus|Landorus-Therian, M|100/100
|-ability|p2a: Landorus|Intimidate|boost
|-unboost|p1a: Yamawaro|atk|1
|-ability|p1a: Yamawaro|Defiant|boost
|-boost|p1a: Yamawaro|atk|2
|move|p1a: Yamawaro|U-turn|p2a: Landorus
|-resisted|p2a: Landorus
|-damage|p2a: Landorus|76/100
|-damage|p1a: Yamawaro|84/100|[from] item: Rocky Helmet|[of] p2a: Landorus
|
|t:|1760379529
|switch|p1a: Chomusuke|Weavile, F|100/100|[from] U-turn
|-ability|p1a: Chomusuke|Pressure
|
|upkeep
|turn|2
|
|t:|1760379537
|switch|p2a: Lucario|Lucario, F|100/100
|move|p1a: Chomusuke|Triple Axel|p2a: Lucario
|-resisted|p2a: Lucario
|-damage|p2a: Lucario|91/100
|-resisted|p2a: Lucario
|-damage|p2a: Lucario|73/100
|-resisted|p2a: Lucario
|-damage|p2a: Lucario|42/100
|-hitcount|p2a: Lucario|3
|
|upkeep
|turn|3
|
|t:|1760379548
|switch|p1a: Pecharunt|Pecharunt|100/100
|switch|p2a: Corviknight|Corviknight, M|100/100
|-ability|p2a: Corviknight|Pressure
|
|upkeep
|turn|4
|
|t:|1760379562
|move|p1a: Pecharunt|Shadow Ball|p2a: Corviknight
|-damage|p2a: Corviknight|77/100
|move|p2a: Corviknight|U-turn|p1a: Pecharunt
|-resisted|p1a: Pecharunt
|-damage|p1a: Pecharunt|99/100
|-damage|p2a: Corviknight|61/100|[from] item: Rocky Helmet|[of] p1a: Pecharunt
|
|t:|1760379570
|switch|p2a: Raging Bolt|Raging Bolt|100/100|[from] U-turn
|
|upkeep
|turn|5
|
|t:|1760379576
|switch|p1a: Primarina|Primarina, F|100/100
|move|p2a: Raging Bolt|Volt Switch|p1a: Primarina
|-supereffective|p1a: Primarina
|-damage|p1a: Primarina|57/100
|
|t:|1760379592
|-end|p2a: Raging Bolt|Protosynthesis|[silent]
|switch|p2a: Rillaboom|Rillaboom, F|100/100|[from] Volt Switch
|-fieldstart|move: Grassy Terrain|[from] ability: Grassy Surge|[of] p2a: Rillaboom
|
|-heal|p1a: Primarina|63/100|[from] Grassy Terrain
|upkeep
|turn|6
|
|t:|1760379606
|switch|p2a: Landorus|Landorus-Therian, M|76/100
|-ability|p2a: Landorus|Intimidate|boost
|-unboost|p1a: Primarina|atk|1
|switch|p1a: Pecharunt|Pecharunt|99/100
|
|-heal|p1a: Pecharunt|100/100|[from] Grassy Terrain
|upkeep
|turn|7
|
|t:|1760379610
|switch|p1a: Chomusuke|Weavile, F|100/100
|-ability|p1a: Chomusuke|Pressure
|move|p2a: Landorus|Sandsear Storm|p1a: Chomusuke|[miss]
|-miss|p2a: Landorus|p1a: Chomusuke
|
|upkeep
|turn|8
|
|t:|1760379623
|move|p1a: Chomusuke|Triple Axel|p2a: Landorus
|-supereffective|p2a: Landorus
|-damage|p2a: Landorus|18/100
|-damage|p1a: Chomusuke|84/100|[from] item: Rocky Helmet|[of] p2a: Landorus
|-supereffective|p2a: Landorus
|-damage|p2a: Landorus|0 fnt
|-damage|p1a: Chomusuke|68/100|[from] item: Rocky Helmet|[of] p2a: Landorus
|faint|p2a: Landorus
|-hitcount|p2: Landorus|2
|
|-heal|p1a: Chomusuke|74/100|[from] Grassy Terrain
|upkeep
|
|t:|1760379628
|switch|p2a: Lucario|Lucario, F|42/100
|-enditem|p2a: Lucario|Grassy Seed
|-boost|p2a: Lucario|def|1|[from] item: Grassy Seed
|turn|9
|
|t:|1760379648
|switch|p1a: Pecharunt|Pecharunt|100/100
|move|p2a: Lucario|Swords Dance|p2a: Lucario
|-boost|p2a: Lucario|atk|2
|
|-heal|p2a: Lucario|48/100|[from] Grassy Terrain
|-fieldend|move: Grassy Terrain
|upkeep
|turn|10
|
|t:|1760379654
|move|p2a: Lucario|Crunch|p1a: Pecharunt
|-supereffective|p1a: Pecharunt
|-damage|p1a: Pecharunt|51/100
|-unboost|p1a: Pecharunt|def|1
|-damage|p2a: Lucario|31/100|[from] item: Rocky Helmet|[of] p1a: Pecharunt
|move|p1a: Pecharunt|Shadow Ball|p2a: Lucario
|-damage|p2a: Lucario|0 fnt
|faint|p2a: Lucario
|
|upkeep
|
|t:|1760379667
|switch|p2a: Raging Bolt|Raging Bolt|100/100
|turn|11
|
|t:|1760379669
|switch|p1a: Primarina|Primarina, F|63/100
|move|p2a: Raging Bolt|Draco Meteor|p1a: Primarina
|-immune|p1a: Primarina
|
|upkeep
|turn|12
|
|t:|1760379672
|move|p2a: Raging Bolt|Volt Switch|p1a: Primarina
|-supereffective|p1a: Primarina
|-damage|p1a: Primarina|20/100
|
|t:|1760379675
|-end|p2a: Raging Bolt|Protosynthesis|[silent]
|switch|p2a: Rillaboom|Rillaboom, F|100/100|[from] Volt Switch
|-fieldstart|move: Grassy Terrain|[from] ability: Grassy Surge|[of] p2a: Rillaboom
|move|p1a: Primarina|Flip Turn|p2a: Rillaboom
|-resisted|p2a: Rillaboom
|-damage|p2a: Rillaboom|89/100
|
|t:|1760379703
|switch|p1a: Chomusuke|Weavile, F|74/100|[from] Flip Turn
|-ability|p1a: Chomusuke|Pressure
|
|-heal|p1a: Chomusuke|80/100|[from] Grassy Terrain
|-heal|p2a: Rillaboom|95/100|[from] Grassy Terrain
|upkeep
|turn|13
|
|t:|1760379716
|switch|p1a: Pecharunt|Pecharunt|51/100
|move|p2a: Rillaboom|Grassy Glide|p1a: Pecharunt
|-resisted|p1a: Pecharunt
|-damage|p1a: Pecharunt|39/100
|-damage|p2a: Rillaboom|79/100|[from] item: Rocky Helmet|[of] p1a: Pecharunt
|
|-heal|p2a: Rillaboom|85/100|[from] Grassy Terrain
|-heal|p1a: Pecharunt|45/100|[from] Grassy Terrain
|upkeep
|turn|14
|
|t:|1760379722
|switch|p2a: Raging Bolt|Raging Bolt|100/100
|move|p1a: Pecharunt|Recover|p1a: Pecharunt
|-heal|p1a: Pecharunt|95/100
|
|-heal|p1a: Pecharunt|100/100|[from] Grassy Terrain
|upkeep
|turn|15
|
|t:|1760379727
|switch|p1a: Primarina|Primarina, F|20/100
|move|p2a: Raging Bolt|Draco Meteor|p1a: Primarina
|-immune|p1a: Primarina
|
|-heal|p1a: Primarina|26/100|[from] Grassy Terrain
|upkeep
|turn|16
|
|t:|1760379735
|move|p2a: Raging Bolt|Draco Meteor|p1a: Primarina
|-immune|p1a: Primarina
|move|p1a: Primarina|Moonblast|p2a: Raging Bolt
|-supereffective|p2a: Raging Bolt
|-damage|p2a: Raging Bolt|18/100
|
|-heal|p2a: Raging Bolt|24/100|[from] Grassy Terrain
|-heal|p1a: Primarina|32/100|[from] Grassy Terrain
|-fieldend|move: Grassy Terrain
|upkeep
|turn|17
|
|t:|1760379740
|switch|p1a: Great Tusk|Great Tusk|100/100
|move|p2a: Raging Bolt|Draco Meteor|p1a: Great Tusk
|-damage|p1a: Great Tusk|0 fnt
|-unboost|p2a: Raging Bolt|spa|2
|faint|p1a: Great Tusk
|-end|p1a: Great Tusk|Protosynthesis|[silent]
|
|upkeep
|
|t:|1760379742
|switch|p1a: Chomusuke|Weavile, F|80/100
|-ability|p1a: Chomusuke|Pressure
|turn|18
|
|t:|1760379765
|-end|p2a: Raging Bolt|Protosynthesis|[silent]
|switch|p2a: Rillaboom|Rillaboom, F|85/100
|-fieldstart|move: Grassy Terrain|[from] ability: Grassy Surge|[of] p2a: Rillaboom
|move|p1a: Chomusuke|Triple Axel|p2a: Rillaboom
|-supereffective|p2a: Rillaboom
|-damage|p2a: Rillaboom|53/100
|-supereffective|p2a: Rillaboom
|-damage|p2a: Rillaboom|0 fnt
|faint|p2a: Rillaboom
|-hitcount|p2: Rillaboom|2
|
|-heal|p1a: Chomusuke|86/100|[from] Grassy Terrain
|upkeep
|
|t:|1760379771
|switch|p2a: Corviknight|Corviknight, M|61/100
|-ability|p2a: Corviknight|Pressure
|turn|19
|
|t:|1760379778
|switch|p1a: Pecharunt|Pecharunt|100/100
|move|p2a: Corviknight|Roost|p2a: Corviknight
|-heal|p2a: Corviknight|100/100
|-singleturn|p2a: Corviknight|move: Roost
|
|upkeep
|turn|20
|
|t:|1760379783
|move|p1a: Pecharunt|Shadow Ball|p2a: Corviknight
|-damage|p2a: Corviknight|80/100
|move|p2a: Corviknight|U-turn|p1a: Pecharunt
|-resisted|p1a: Pecharunt
|-damage|p1a: Pecharunt|99/100
|-damage|p2a: Corviknight|64/100|[from] item: Rocky Helmet|[of] p1a: Pecharunt
|
|t:|1760379789
|switch|p2a: Hatterene|Hatterene, F|100/100|[from] U-turn
|
|-heal|p1a: Pecharunt|100/100|[from] Grassy Terrain
|upkeep
|turn|21
|
|t:|1760379800
|move|p1a: Pecharunt|Parting Shot|p2a: Hatterene
|move|p2a: Hatterene|Parting Shot|p1a: Pecharunt|[from] ability: Magic Bounce
|-unboost|p1a: Pecharunt|atk|1
|-unboost|p1a: Pecharunt|spa|1
|
|t:|1760379810
|switch|p2a: Raging Bolt|Raging Bolt|24/100|[from] Parting Shot
|
|-heal|p2a: Raging Bolt|30/100|[from] Grassy Terrain
|upkeep
|turn|22
|
|t:|1760379822
|switch|p1a: Primarina|Primarina, F|32/100
|move|p2a: Raging Bolt|Thunderbolt|p1a: Primarina
|-supereffective|p1a: Primarina
|-damage|p1a: Primarina|0 fnt
|faint|p1a: Primarina
|
|-heal|p2a: Raging Bolt|37/100|[from] Grassy Terrain
|-fieldend|move: Grassy Terrain
|upkeep
|
|t:|1760379825
|switch|p1a: Chomusuke|Weavile, F|86/100
|-ability|p1a: Chomusuke|Pressure
|turn|23
|
|t:|1760379845
|-end|p2a: Raging Bolt|Protosynthesis|[silent]
|switch|p2a: Hatterene|Hatterene, F|100/100
|move|p1a: Chomusuke|Triple Axel|p2a: Hatterene
|-damage|p2a: Hatterene|85/100
|-damage|p2a: Hatterene|54/100
|-damage|p2a: Hatterene|8/100
|-hitcount|p2a: Hatterene|3
|
|upkeep
|turn|24
|
|t:|1760379847
|move|p1a: Chomusuke|Triple Axel|p2a: Hatterene|[miss]
|-miss|p1a: Chomusuke|p2a: Hatterene
|move|p2a: Hatterene|Healing Wish|p2a: Hatterene
|faint|p2a: Hatterene
|
|upkeep
|
|t:|1760379862
|switch|p2a: Raging Bolt|Raging Bolt|37/100
|-heal|p2a: Raging Bolt|100/100|[from] move: Healing Wish
|turn|25
|
|t:|1760379888
|-terastallize|p2a: Raging Bolt|Fairy
|move|p1a: Chomusuke|Triple Axel|p2a: Raging Bolt
|-damage|p2a: Raging Bolt|90/100
|-damage|p2a: Raging Bolt|64/100
|-damage|p2a: Raging Bolt|31/100
|-hitcount|p2a: Raging Bolt|3
|move|p2a: Raging Bolt|Draco Meteor|p1a: Chomusuke
|-crit|p1a: Chomusuke
|-damage|p1a: Chomusuke|0 fnt
|-unboost|p2a: Raging Bolt|spa|2
|faint|p1a: Chomusuke
|
|upkeep
|
|t:|1760379902
|switch|p1a: Pecharunt|Pecharunt|100/100
|turn|26
|
|t:|1760379906
|move|p1a: Pecharunt|Shadow Ball|p2a: Raging Bolt
|-damage|p2a: Raging Bolt|11/100
|move|p2a: Raging Bolt|Volt Switch|p1a: Pecharunt
|-damage|p1a: Pecharunt|82/100
|
|t:|1760379910
|-end|p2a: Raging Bolt|Protosynthesis|[silent]
|switch|p2a: Corviknight|Corviknight, M|64/100|[from] Volt Switch
|-ability|p2a: Corviknight|Pressure
|
|-heal|p2a: Corviknight|70/100|[from] item: Leftovers
|upkeep
|turn|27
|
|t:|1760379913
|move|p1a: Pecharunt|Shadow Ball|p2a: Corviknight
|-damage|p2a: Corviknight|47/100
|move|p2a: Corviknight|Roost|p2a: Corviknight
|-heal|p2a: Corviknight|97/100
|-singleturn|p2a: Corviknight|move: Roost
|
|-heal|p2a: Corviknight|100/100|[from] item: Leftovers
|upkeep
|turn|28
|
|t:|1760379919
|move|p1a: Pecharunt|Shadow Ball|p2a: Corviknight
|-damage|p2a: Corviknight|78/100
|move|p2a: Corviknight|U-turn|p1a: Pecharunt
|-resisted|p1a: Pecharunt
|-damage|p1a: Pecharunt|80/100
|-damage|p2a: Corviknight|61/100|[from] item: Rocky Helmet|[of] p1a: Pecharunt
|
|t:|1760379921
|switch|p2a: Raging Bolt|Raging Bolt, tera:Fairy|11/100|[from] U-turn
|
|upkeep
|turn|29
|
|t:|1760379924
|move|p1a: Pecharunt|Shadow Ball|p2a: Raging Bolt
|-damage|p2a: Raging Bolt|0 fnt
|faint|p2a: Raging Bolt
|-end|p2a: Raging Bolt|Protosynthesis|[silent]
|
|upkeep
|
|t:|1760379928
|switch|p2a: Corviknight|Corviknight, M|61/100
|-ability|p2a: Corviknight|Pressure
|turn|30
|
|t:|1760379932
|move|p1a: Pecharunt|Parting Shot|p2a: Corviknight
|-unboost|p2a: Corviknight|atk|1
|-unboost|p2a: Corviknight|spa|1
|
|t:|1760379939
|switch|p1a: Heatran|Heatran, M, shiny|100/100|[from] Parting Shot
|-item|p1a: Heatran|Air Balloon
|move|p2a: Corviknight|Body Press|p1a: Heatran
|-supereffective|p1a: Heatran
|-damage|p1a: Heatran|62/100
|-enditem|p1a: Heatran|Air Balloon
|
|-heal|p2a: Corviknight|68/100|[from] item: Leftovers
|upkeep
|turn|31
|
|t:|1760379945
|move|p1a: Heatran|Lava Plume|p2a: Corviknight
|-supereffective|p2a: Corviknight
|-damage|p2a: Corviknight|4/100
|move|p2a: Corviknight|Body Press|p1a: Heatran
|-supereffective|p1a: Heatran
|-damage|p1a: Heatran|18/100
|
|-heal|p2a: Corviknight|10/100|[from] item: Leftovers
|upkeep
|turn|32
|
|t:|1760379951
|move|p1a: Heatran|Lava Plume|p2a: Corviknight
|-supereffective|p2a: Corviknight
|-damage|p2a: Corviknight|0 fnt
|faint|p2a: Corviknight
|
|win|Megumin's Husband
|raw|Megumin&apos;s Husband's rating: 1550 &rarr; <strong>1567</strong><br />(+17 for winning)
|raw|bigtestsofbig's rating: 1490 &rarr; <strong>1473</strong><br />(-17 for losing)
|l|☆bigtestsofbig
|player|p2|
|l|☆Megumin's Husband
|player|p1|
