|j|☆m0seny
|j|☆update124
|t:|1760321696
|gametype|singles
|player|p1|m0seny|102|1109
|player|p2|update124|n|1109
|gen|9
|tier|[Gen 9] OU
|rated|
|rule|HP Percentage Mod: HP is shown in percentages
|rule|Endless Battle Clause: Forcing endless battles is banned
|rule|Species Clause: Limit one of each Pokémon
|rule|OHKO Clause: OHKO moves are banned
|rule|Evasion Items Clause: Evasion items are banned
|rule|Evasion Moves Clause: Evasion moves are banned
|rule|Evasion Abilities Clause: Evasion abilities are banned
|rule|Sleep Moves Clause: Sleep-inducing moves are banned
|clearpoke
|poke|p1|Dragonite, M|
|poke|p1|Glimmora, M|
|poke|p1|Gholdengo|
|poke|p1|Suicune|
|poke|p1|Ceruledge, M|
|poke|p1|Iron Treads|
|poke|p2|Tinkaton, F|
|poke|p2|Garganacl, M|
|poke|p2|Pelipper, M|
|poke|p2|Barraskewda, M|
|poke|p2|Kommo-o, M|
|poke|p2|Scizor, F|
|teampreview
|inactive|Battle timer is ON: inactive players will automatically lose when time's up. (requested by m0seny)
|
|t:|1760321712
|teamsize|p1|6
|teamsize|p2|6
|start
|switch|p1a: Glimmora|Glimmora, M|100/100
|switch|p2a: Betty|Tinkaton, F|100/100
|-item|p2a: Betty|Air Balloon
|turn|1
|
|t:|1760321723
|move|p2a: Betty|Thunder Wave|p1a: Glimmora
|-status|p1a: Glimmora|par
|move|p1a: Glimmora|Stealth Rock|p2a: Betty
|-sidestart|p2: update124|move: Stealth Rock
|
|upkeep
|turn|2
|
|t:|1760321734
|switch|p1a: Gholdengo|Gholdengo|100/100
|-item|p1a: Gholdengo|Air Balloon
|move|p2a: Betty|Encore|p1a: Gholdengo
|-immune|p1a: Gholdengo|[from] ability: Good as Gold
|
|upkeep
|turn|3
|
|t:|1760321743
|switch|p2a: Bang-O-Rang|Kommo-o, M|100/100
|-damage|p2a: Bang-O-Rang|94/100|[from] Stealth Rock
|move|p1a: Gholdengo|Nasty Plot|p1a: Gholdengo
|-boost|p1a: Gholdengo|spa|2
|
|upkeep
|turn|4
|
|t:|1760321753
|-terastallize|p1a: Gholdengo|Fairy
|move|p2a: Bang-O-Rang|Flamethrower|p1a: Gholdengo
|-damage|p1a: Gholdengo|76/100
|-enditem|p1a: Gholdengo|Air Balloon
|move|p1a: Gholdengo|Nasty Plot|p1a: Gholdengo
|-boost|p1a: Gholdengo|spa|2
|
|upkeep
|turn|5
|
|t:|1760321767
|-terastallize|p2a: Bang-O-Rang|Normal
|move|p2a: Bang-O-Rang|Clangorous Soul|p2a: Bang-O-Rang
|-boost|p2a: Bang-O-Rang|atk|1
|-boost|p2a: Bang-O-Rang|def|1
|-boost|p2a: Bang-O-Rang|spa|1
|-boost|p2a: Bang-O-Rang|spd|1
|-boost|p2a: Bang-O-Rang|spe|1
|-damage|p2a: Bang-O-Rang|61/100
|move|p1a: Gholdengo|Shadow Ball|p2a: Bang-O-Rang
|-immune|p2a: Bang-O-Rang
|
|upkeep
|turn|6
|
|t:|1760321781
|move|p2a: Bang-O-Rang|Flamethrower|p1a: Gholdengo
|-damage|p1a: Gholdengo|37/100
|move|p1a: Gholdengo|Make It Rain|p2a: Bang-O-Rang
|-damage|p2a: Bang-O-Rang|0 fnt
|-unboost|p1a: Gholdengo|spa|1
|faint|p2a: Bang-O-Rang
|
|upkeep
|
|t:|1760321785
|switch|p2a: DJ Drizz|Pelipper, M|100/100
|-damage|p2a: DJ Drizz|76/100|[from] Stealth Rock
|-weather|RainDance|[from] ability: Drizzle|[of] p2a: DJ Drizz
|turn|7
|
|t:|1760321797
|move|p1a: Gholdengo|Shadow Ball|p2a: DJ Drizz
|-damage|p2a: DJ Drizz|0 fnt
|faint|p2a: DJ Drizz
|
|-weather|RainDance|[upkeep]
|upkeep
|
|t:|1760321799
|switch|p2a: Willy|Barraskewda, M|100/100
|-damage|p2a: Willy|88/100|[from] Stealth Rock
|turn|8
|
|t:|1760321807
|move|p2a: Willy|Liquidation|p1a: Gholdengo
|-damage|p1a: Gholdengo|0 fnt
|faint|p1a: Gholdengo
|
|-weather|RainDance|[upkeep]
|upkeep
|
|t:|1760321814
|switch|p1a: Suicune|Suicune|100/100
|-ability|p1a: Suicune|Pressure
|turn|9
|
|t:|1760321824
|move|p2a: Willy|Liquidation|p1a: Suicune
|-resisted|p1a: Suicune
|-damage|p1a: Suicune|65/100
|move|p1a: Suicune|Substitute|p1a: Suicune
|-start|p1a: Suicune|Substitute
|-damage|p1a: Suicune|40/100
|
|-weather|RainDance|[upkeep]
|-heal|p1a: Suicune|46/100|[from] item: Leftovers
|upkeep
|turn|10
|
|t:|1760321848
|move|p1a: Suicune|Protect|p1a: Suicune
|-singleturn|p1a: Suicune|Protect
|move|p2a: Willy|Liquidation|p1a: Suicune
|-activate|p1a: Suicune|move: Protect
|
|-weather|RainDance|[upkeep]
|-heal|p1a: Suicune|52/100|[from] item: Leftovers
|upkeep
|turn|11
|
|t:|1760321857
|move|p2a: Willy|Liquidation|p1a: Suicune
|-resisted|p1a: Suicune
|-end|p1a: Suicune|Substitute
|move|p1a: Suicune|Scald|p2a: Willy
|-resisted|p2a: Willy
|-damage|p2a: Willy|47/100
|-status|p2a: Willy|brn
|
|-weather|RainDance|[upkeep]
|-heal|p1a: Suicune|59/100|[from] item: Leftovers
|-damage|p2a: Willy|41/100 brn|[from] brn
|upkeep
|turn|12
|
|t:|1760321869
|move|p2a: Willy|Liquidation|p1a: Suicune
|-resisted|p1a: Suicune
|-damage|p1a: Suicune|41/100
|-unboost|p1a: Suicune|def|1
|move|p1a: Suicune|Substitute|p1a: Suicune
|-start|p1a: Suicune|Substitute
|-damage|p1a: Suicune|16/100
|
|-weather|RainDance|[upkeep]
|-heal|p1a: Suicune|23/100|[from] item: Leftovers
|-damage|p2a: Willy|35/100 brn|[from] brn
|upkeep
|turn|13
|
|t:|1760321883
|move|p1a: Suicune|Protect|p1a: Suicune
|-singleturn|p1a: Suicune|Protect
|move|p2a: Willy|Liquidation|p1a: Suicune
|-activate|p1a: Suicune|move: Protect
|
|-weather|RainDance|[upkeep]
|-heal|p1a: Suicune|29/100|[from] item: Leftovers
|-damage|p2a: Willy|29/100 brn|[from] brn
|upkeep
|turn|14
|
|t:|1760321904
|move|p2a: Willy|Liquidation|p1a: Suicune
|-resisted|p1a: Suicune
|-end|p1a: Suicune|Substitute
|move|p1a: Suicune|Calm Mind|p1a: Suicune
|-boost|p1a: Suicune|spa|1
|-boost|p1a: Suicune|spd|1
|
|-weather|none
|-heal|p1a: Suicune|35/100|[from] item: Leftovers
|-damage|p2a: Willy|23/100 brn|[from] brn
|upkeep
|turn|15
|
|t:|1760321921
|move|p1a: Suicune|Protect|p1a: Suicune
|-singleturn|p1a: Suicune|Protect
|move|p2a: Willy|Liquidation|p1a: Suicune
|-activate|p1a: Suicune|move: Protect
|
|-heal|p1a: Suicune|41/100|[from] item: Leftovers
|-damage|p2a: Willy|17/100 brn|[from] brn
|upkeep
|turn|16
|
|t:|1760321937
|switch|p1a: Glimmora|Glimmora, M|100/100 par
|move|p2a: Willy|Liquidation|p1a: Glimmora
|-supereffective|p1a: Glimmora
|-damage|p1a: Glimmora|16/100 par
|-activate|p1a: Glimmora|ability: Toxic Debris
|-sidestart|p2: update124|move: Toxic Spikes
|
|-damage|p2a: Willy|11/100 brn|[from] brn
|upkeep
|turn|17
|
|t:|1760321967
|-activate|p2a: Willy|move: Struggle
|move|p2a: Willy|Struggle|p1a: Glimmora
|-crit|p1a: Glimmora
|-damage|p1a: Glimmora|0 fnt
|-activate|p1a: Glimmora|ability: Toxic Debris
|-sidestart|p2: update124|move: Toxic Spikes
|faint|p1a: Glimmora
|-damage|p2a: Willy|0 fnt|[from] recoil
|faint|p2a: Willy
|
|upkeep
|inactive|m0seny has 120 seconds left.
|inactive|update124 has 120 seconds left.
|
|t:|1760321983
|switch|p2a: Saltine|Garganacl, M|100/100
|switch|p1a: Ceruledge|Ceruledge, M|100/100
|-damage|p2a: Saltine|88/100|[from] Stealth Rock
|turn|18
|inactive|m0seny has 120 seconds left.
|
|t:|1760321992
|move|p1a: Ceruledge|Close Combat|p2a: Saltine
|-supereffective|p2a: Saltine
|-damage|p2a: Saltine|40/100
|-unboost|p1a: Ceruledge|def|1
|-unboost|p1a: Ceruledge|spd|1
|move|p2a: Saltine|Salt Cure|p1a: Ceruledge
|-supereffective|p1a: Ceruledge
|-damage|p1a: Ceruledge|41/100
|-start|p1a: Ceruledge|Salt Cure
|-ability|p1a: Ceruledge|Weak Armor|boost
|-unboost|p1a: Ceruledge|def|1
|-boost|p1a: Ceruledge|spe|2
|
|-heal|p2a: Saltine|46/100|[from] item: Leftovers
|-damage|p1a: Ceruledge|28/100|[from] Salt Cure
|upkeep
|turn|19
|inactive|m0seny has 120 seconds left.
|inactive|update124 has 120 seconds left.
|
|t:|1760322009
|move|p2a: Saltine|Protect|p2a: Saltine
|-singleturn|p2a: Saltine|Protect
|move|p1a: Ceruledge|Close Combat|p2a: Saltine
|-activate|p2a: Saltine|move: Protect
|
|-heal|p2a: Saltine|52/100|[from] item: Leftovers
|-damage|p1a: Ceruledge|16/100|[from] Salt Cure
|upkeep
|turn|20
|
|t:|1760322019
|move|p2a: Saltine|Protect||[still]
|-fail|p2a: Saltine
|move|p1a: Ceruledge|Close Combat|p2a: Saltine
|-supereffective|p2a: Saltine
|-damage|p2a: Saltine|1/100
|-unboost|p1a: Ceruledge|def|1
|-unboost|p1a: Ceruledge|spd|1
|
|-heal|p2a: Saltine|8/100|[from] item: Leftovers
|-damage|p1a: Ceruledge|4/100|[from] Salt Cure
|upkeep
|turn|21
|
|t:|1760322037
|switch|p1a: Suicune|Suicune|41/100
|-ability|p1a: Suicune|Pressure
|move|p2a: Saltine|Salt Cure|p1a: Suicune
|-damage|p1a: Suicune|32/100
|-start|p1a: Suicune|Salt Cure
|
|-heal|p1a: Suicune|38/100|[from] item: Leftovers
|-heal|p2a: Saltine|14/100|[from] item: Leftovers
|-damage|p1a: Suicune|13/100|[from] Salt Cure
|upkeep
|turn|22
|
|t:|1760322049
|move|p2a: Saltine|Protect|p2a: Saltine
|-singleturn|p2a: Saltine|Protect
|move|p1a: Suicune|Scald|p2a: Saltine
|-activate|p2a: Saltine|move: Protect
|
|-heal|p1a: Suicune|19/100|[from] item: Leftovers
|-heal|p2a: Saltine|20/100|[from] item: Leftovers
|-damage|p1a: Suicune|0 fnt|[from] Salt Cure
|faint|p1a: Suicune
|upkeep
|inactive|m0seny has 120 seconds left.
|
|t:|1760322064
|switch|p1a: Dragonite|Dragonite, M, shiny|100/100
|turn|23
|inactive|m0seny has 120 seconds left.
|
|t:|1760322073
|move|p1a: Dragonite|Earthquake|p2a: Saltine
|-supereffective|p2a: Saltine
|-damage|p2a: Saltine|0 fnt
|faint|p2a: Saltine
|
|upkeep
|
|t:|1760322077
|switch|p2a: Betty|Tinkaton, F|100/100
|-damage|p2a: Betty|94/100|[from] Stealth Rock
|-item|p2a: Betty|Air Balloon
|turn|24
|
|t:|1760322084
|switch|p1a: Ceruledge|Ceruledge, M|4/100
|move|p2a: Betty|Thunder Wave|p1a: Ceruledge
|-status|p1a: Ceruledge|par
|
|upkeep
|turn|25
|
|t:|1760322092
|move|p2a: Betty|Stealth Rock|p1a: Ceruledge
|-sidestart|p1: m0seny|move: Stealth Rock
|move|p1a: Ceruledge|Bitter Blade|p2a: Betty
|-supereffective|p2a: Betty
|-damage|p2a: Betty|0 fnt
|-heal|p1a: Ceruledge|64/100 par|[from] drain|[of] p2a: Betty
|-enditem|p2a: Betty|Air Balloon
|faint|p2a: Betty
|
|upkeep
|
|t:|1760322103
|switch|p2a: Chop|Scizor, F|100/100
|-damage|p2a: Chop|88/100|[from] Stealth Rock
|turn|26
|
|t:|1760322117
|move|p2a: Chop|Bullet Punch|p1a: Ceruledge
|-resisted|p1a: Ceruledge
|-damage|p1a: Ceruledge|28/100 par
|-ability|p1a: Ceruledge|Weak Armor|boost
|-unboost|p1a: Ceruledge|def|1
|-boost|p1a: Ceruledge|spe|2
|cant|p1a: Ceruledge|par
|
|upkeep
|turn|27
|
|t:|1760322126
|move|p2a: Chop|Bullet Punch|p1a: Ceruledge
|-resisted|p1a: Ceruledge
|-crit|p1a: Ceruledge
|-damage|p1a: Ceruledge|0 fnt
|faint|p1a: Ceruledge
|
|upkeep
|
|t:|1760322134
|switch|p1a: Dragonite|Dragonite, M, shiny|100/100
|-damage|p1a: Dragonite|76/100|[from] Stealth Rock
|turn|28
|
|t:|1760322148
|move|p2a: Chop|Bullet Punch|p1a: Dragonite
|-damage|p1a: Dragonite|16/100
|move|p1a: Dragonite|Fire Punch|p2a: Chop
|-supereffective|p2a: Chop
|-damage|p2a: Chop|0 fnt
|faint|p2a: Chop
|
|win|m0seny
|raw|m0seny's rating: 1109 &rarr; <strong>1134</strong><br />(+25 for winning)
|raw|update124's rating: 1109 &rarr; <strong>1084</strong><br />(-25 for losing)
|c|☆update124|Gg
|l|☆update124
|player|p2|
