|j|☆24iomxx
|j|☆werkacct
|t:|1760461836
|gametype|singles
|player|p1|24iomxx|hilbert-masters|1155
|player|p2|werkacct|2|1169
|gen|9
|tier|[Gen 9] OU
|rated|
|rule|HP Percentage Mod: HP is shown in percentages
|rule|Endless Battle Clause: Forcing endless battles is banned
|rule|Species Clause: Limit one of each Pokémon
|rule|OHKO Clause: OHKO moves are banned
|rule|Evasion Items Clause: Evasion items are banned
|rule|Evasion Moves Clause: Evasion moves are banned
|rule|Evasion Abilities Clause: Evasion abilities are banned
|rule|Sleep Moves Clause: Sleep-inducing moves are banned
|clearpoke
|poke|p1|Hydreigon, M|
|poke|p1|Excadrill, F|
|poke|p1|Galvantula, M|
|poke|p1|Chandelure, M|
|poke|p1|Amoonguss, M|
|poke|p1|Braviary, M|
|poke|p2|Pelipper, F|
|poke|p2|Kingdra, M|
|poke|p2|Primarina, M|
|poke|p2|Great Tusk|
|poke|p2|Raging Bolt|
|poke|p2|Ogerpon-Wellspring, F|
|teampreview
|
|t:|1760461848
|teamsize|p1|6
|teamsize|p2|6
|start
|switch|p1a: Galvantula|Galvantula, M|100/100
|switch|p2a: Great Tusk|Great Tusk|100/100
|turn|1
|
|t:|1760461852
|switch|p1a: Amoonguss|Amoonguss, M|100/100
|move|p2a: Great Tusk|Rapid Spin|p1a: Amoonguss
|-damage|p1a: Amoonguss|90/100
|-boost|p2a: Great Tusk|spe|1
|
|-heal|p1a: Amoonguss|96/100|[from] item: Leftovers
|upkeep
|turn|2
|
|t:|1760461868
|-end|p2a: Great Tusk|Protosynthesis|[silent]
|switch|p2a: Raging Bolt|Raging Bolt|100/100
|move|p1a: Amoonguss|Giga Drain|p2a: Raging Bolt
|-resisted|p2a: Raging Bolt
|-damage|p2a: Raging Bolt|90/100
|-heal|p1a: Amoonguss|100/100|[from] drain|[of] p2a: Raging Bolt
|
|upkeep
|turn|3
|inactive|Battle timer is ON: inactive players will automatically lose when time's up. (requested by werkacct)
|
|t:|1760461878
|move|p2a: Raging Bolt|Draco Meteor|p1a: Amoonguss
|-damage|p1a: Amoonguss|0 fnt
|-unboost|p2a: Raging Bolt|spa|2
|faint|p1a: Amoonguss
|
|upkeep
|
|t:|1760461885
|switch|p1a: Hydreigon|Hydreigon, M|100/100
|turn|4
|
|t:|1760461889
|-terastallize|p2a: Raging Bolt|Fairy
|move|p1a: Hydreigon|Substitute|p1a: Hydreigon
|-start|p1a: Hydreigon|Substitute
|-damage|p1a: Hydreigon|76/100
|move|p2a: Raging Bolt|Draco Meteor|p1a: Hydreigon
|-supereffective|p1a: Hydreigon
|-end|p1a: Hydreigon|Substitute
|-unboost|p2a: Raging Bolt|spa|2
|
|-heal|p1a: Hydreigon|82/100|[from] item: Leftovers
|upkeep
|turn|5
|
|t:|1760461898
|switch|p1a: Excadrill|Excadrill, F|100/100
|-ability|p1a: Excadrill|Mold Breaker
|-item|p1a: Excadrill|Air Balloon
|move|p2a: Raging Bolt|Draco Meteor|p1a: Excadrill
|-resisted|p1a: Excadrill
|-damage|p1a: Excadrill|72/100
|-unboost|p2a: Raging Bolt|spa|2
|-enditem|p1a: Excadrill|Air Balloon
|
|upkeep
|turn|6
|
|t:|1760461903
|-end|p2a: Raging Bolt|Protosynthesis|[silent]
|switch|p2a: Pelipper|Pelipper, F|100/100
|-weather|RainDance|[from] ability: Drizzle|[of] p2a: Pelipper
|move|p1a: Excadrill|Iron Head|p2a: Pelipper
|-resisted|p2a: Pelipper
|-damage|p2a: Pelipper|85/100
|
|-weather|RainDance|[upkeep]
|upkeep
|turn|7
|
|t:|1760461906
|switch|p1a: Galvantula|Galvantula, M|100/100
|move|p2a: Pelipper|U-turn|p1a: Galvantula
|-damage|p1a: Galvantula|85/100
|
|t:|1760461909
|switch|p2a: Kingdra|Kingdra, M|100/100|[from] U-turn
|
|-weather|RainDance|[upkeep]
|upkeep
|turn|8
|
|t:|1760461911
|move|p2a: Kingdra|Weather Ball|p1a: Galvantula
|-damage|p1a: Galvantula|0 fnt
|faint|p1a: Galvantula
|
|-weather|RainDance|[upkeep]
|upkeep
|
|t:|1760461916
|switch|p1a: Braviary|Braviary, M|100/100
|turn|9
|
|t:|1760461918
|move|p2a: Kingdra|Weather Ball|p1a: Braviary
|-damage|p1a: Braviary|0 fnt
|faint|p1a: Braviary
|
|-weather|RainDance|[upkeep]
|upkeep
|
|t:|1760461925
|switch|p1a: Chandelure|Chandelure, M|100/100
|turn|10
|
|t:|1760461928
|-terastallize|p1a: Chandelure|Grass
|move|p2a: Kingdra|Weather Ball|p1a: Chandelure
|-resisted|p1a: Chandelure
|-damage|p1a: Chandelure|38/100
|move|p1a: Chandelure|Energy Ball|p2a: Kingdra
|-damage|p2a: Kingdra|33/100
|-unboost|p2a: Kingdra|spd|1
|
|-weather|RainDance|[upkeep]
|upkeep
|turn|11
|
|t:|1760461937
|move|p2a: Kingdra|Weather Ball|p1a: Chandelure
|-resisted|p1a: Chandelure
|-damage|p1a: Chandelure|0 fnt
|faint|p1a: Chandelure
|
|-weather|RainDance|[upkeep]
|upkeep
|
|t:|1760461939
|switch|p1a: Hydreigon|Hydreigon, M|82/100
|turn|12
|
|t:|1760461944
|move|p2a: Kingdra|Weather Ball|p1a: Hydreigon
|-resisted|p1a: Hydreigon
|-damage|p1a: Hydreigon|26/100
|move|p1a: Hydreigon|Flash Cannon|p2a: Kingdra
|-resisted|p2a: Kingdra
|-damage|p2a: Kingdra|7/100
|
|-weather|RainDance|[upkeep]
|-heal|p1a: Hydreigon|32/100|[from] item: Leftovers
|upkeep
|turn|13
|
|t:|1760461948
|move|p2a: Kingdra|Weather Ball|p1a: Hydreigon
|-resisted|p1a: Hydreigon
|-damage|p1a: Hydreigon|0 fnt
|faint|p1a: Hydreigon
|
|-weather|none
|upkeep
|-message|24iomxx forfeited.
|
|win|werkacct
|raw|24iomxx's rating: 1155 &rarr; <strong>1131</strong><br />(-24 for losing)
|raw|werkacct's rating: 1169 &rarr; <strong>1193</strong><br />(+24 for winning)
|l|☆24iomxx
|player|p1|
