|j|☆kimbapson
|j|☆daisyx3
|t:|1760387097
|gametype|singles
|player|p1|kimbapson|265|1190
|player|p2|daisyx3|beauty-gen4dp|1150
|gen|9
|tier|[Gen 9] OU
|rated|
|rule|HP Percentage Mod: HP is shown in percentages
|rule|Endless Battle Clause: Forcing endless battles is banned
|rule|Species Clause: Limit one of each Pokémon
|rule|OHKO Clause: OHKO moves are banned
|rule|Evasion Items Clause: Evasion items are banned
|rule|Evasion Moves Clause: Evasion moves are banned
|rule|Evasion Abilities Clause: Evasion abilities are banned
|rule|Sleep Moves Clause: Sleep-inducing moves are banned
|clearpoke
|poke|p1|Gyarados, F|
|poke|p1|Mudsdale, M|
|poke|p1|Venusaur, F|
|poke|p1|Goodra, F|
|poke|p1|Moltres-Galar|
|poke|p1|Garganacl, F|
|poke|p2|Cinderace, F|
|poke|p2|Dragapult, F|
|poke|p2|Scizor, F|
|poke|p2|Gliscor, F|
|poke|p2|Primarina, F|
|poke|p2|Zapdos|
|teampreview
|c|☆kimbapson|Gl hf
|
|t:|1760387106
|teamsize|p1|6
|teamsize|p2|6
|start
|switch|p1a: Garganacl|Garganacl, F|100/100
|switch|p2a: Glinda|Gliscor, F|100/100
|turn|1
|
|t:|1760387112
|move|p2a: Glinda|Stealth Rock|p1a: Garganacl
|-sidestart|p1: kimbapson|move: Stealth Rock
|move|p1a: Garganacl|Salt Cure|p2a: Glinda
|-damage|p2a: Glinda|90/100
|-start|p2a: Glinda|Salt Cure
|
|-damage|p2a: Glinda|78/100|[from] Salt Cure
|-status|p2a: Glinda|tox|[from] item: Toxic Orb
|upkeep
|turn|2
|
|t:|1760387122
|move|p2a: Glinda|Earthquake|p1a: Garganacl
|-supereffective|p1a: Garganacl
|-damage|p1a: Garganacl|62/100
|move|p1a: Garganacl|Substitute|p1a: Garganacl
|-start|p1a: Garganacl|Substitute
|-damage|p1a: Garganacl|37/100
|
|-heal|p1a: Garganacl|43/100|[from] item: Leftovers
|-heal|p2a: Glinda|90/100 tox|[from] ability: Poison Heal
|-damage|p2a: Glinda|78/100 tox|[from] Salt Cure
|upkeep
|turn|3
|
|t:|1760387150
|move|p2a: Glinda|U-turn|p1a: Garganacl
|-activate|p1a: Garganacl|move: Substitute|[damage]
|
|t:|1760387153
|switch|p2a: Priya|Primarina, F|100/100|[from] U-turn
|move|p1a: Garganacl|Salt Cure|p2a: Priya
|-damage|p2a: Priya|85/100
|-start|p2a: Priya|Salt Cure
|
|-heal|p2a: Priya|91/100|[from] item: Leftovers
|-heal|p1a: Garganacl|49/100|[from] item: Leftovers
|-damage|p2a: Priya|67/100|[from] Salt Cure
|upkeep
|turn|4
|
|t:|1760387168
|move|p2a: Priya|Psychic Noise|p1a: Garganacl
|-supereffective|p1a: Garganacl
|-damage|p1a: Garganacl|0 fnt
|faint|p1a: Garganacl
|
|-heal|p2a: Priya|73/100|[from] item: Leftovers
|-damage|p2a: Priya|48/100|[from] Salt Cure
|upkeep
|
|t:|1760387181
|switch|p1a: Venusaur|Venusaur, F|100/100
|-damage|p1a: Venusaur|88/100|[from] Stealth Rock
|turn|5
|
|t:|1760387195
|switch|p2a: Ziggy|Zapdos, shiny|100/100
|-terastallize|p1a: Venusaur|Water
|move|p1a: Venusaur|Substitute|p1a: Venusaur
|-start|p1a: Venusaur|Substitute
|-damage|p1a: Venusaur|63/100
|
|-heal|p1a: Venusaur|69/100|[from] item: Leftovers
|upkeep
|turn|6
|
|t:|1760387205
|move|p1a: Venusaur|Leech Seed|p2a: Ziggy
|-start|p2a: Ziggy|move: Leech Seed
|move|p2a: Ziggy|Thunder Wave||[still]
|-fail|p2a: Ziggy
|
|-heal|p1a: Venusaur|75/100|[from] item: Leftovers
|-damage|p2a: Ziggy|88/100|[from] Leech Seed|[of] p1a: Venusaur
|-heal|p1a: Venusaur|91/100|[silent]
|upkeep
|turn|7
|
|t:|1760387219
|move|p1a: Venusaur|Sludge Bomb|p2a: Ziggy
|-damage|p2a: Ziggy|61/100
|move|p2a: Ziggy|Volt Switch|p1a: Venusaur
|-supereffective|p1a: Venusaur
|-end|p1a: Venusaur|Substitute
|
|t:|1760387231
|switch|p2a: Sally|Scizor, F|100/100|[from] Volt Switch
|
|-heal|p1a: Venusaur|97/100|[from] item: Leftovers
|upkeep
|turn|8
|
|t:|1760387241
|switch|p1a: Mudsdale|Mudsdale, M|100/100
|-damage|p1a: Mudsdale|94/100|[from] Stealth Rock
|move|p2a: Sally|Knock Off|p1a: Mudsdale
|-damage|p1a: Mudsdale|63/100
|-ability|p1a: Mudsdale|Stamina|boost
|-boost|p1a: Mudsdale|def|1
|-enditem|p1a: Mudsdale|Leftovers|[from] move: Knock Off|[of] p2a: Sally
|
|upkeep
|turn|9
|
|t:|1760387254
|move|p2a: Sally|U-turn|p1a: Mudsdale
|-damage|p1a: Mudsdale|41/100
|-ability|p1a: Mudsdale|Stamina|boost
|-boost|p1a: Mudsdale|def|1
|
|t:|1760387259
|switch|p2a: Priya|Primarina, F|48/100|[from] U-turn
|move|p1a: Mudsdale|Stealth Rock|p2a: Priya
|-sidestart|p2: daisyx3|move: Stealth Rock
|
|-heal|p2a: Priya|54/100|[from] item: Leftovers
|upkeep
|turn|10
|
|t:|1760387287
|switch|p1a: Venusaur|Venusaur, F, tera:Water|97/100
|-damage|p1a: Venusaur|85/100|[from] Stealth Rock
|move|p2a: Priya|Psychic Noise|p1a: Venusaur
|-resisted|p1a: Venusaur
|-damage|p1a: Venusaur|68/100
|-start|p1a: Venusaur|move: Heal Block
|
|-heal|p2a: Priya|60/100|[from] item: Leftovers
|upkeep
|turn|11
|
|t:|1760387308
|-terastallize|p2a: Priya|Poison
|move|p1a: Venusaur|Sludge Bomb|p2a: Priya
|-resisted|p2a: Priya
|-damage|p2a: Priya|47/100
|move|p2a: Priya|Moonblast|p1a: Venusaur
|-damage|p1a: Venusaur|22/100
|
|-heal|p2a: Priya|53/100|[from] item: Leftovers
|-end|p1a: Venusaur|move: Heal Block
|upkeep
|turn|12
|
|t:|1760387321
|move|p1a: Venusaur|Earth Power|p2a: Priya
|-supereffective|p2a: Priya
|-damage|p2a: Priya|12/100
|move|p2a: Priya|Moonblast|p1a: Venusaur
|-damage|p1a: Venusaur|0 fnt
|faint|p1a: Venusaur
|
|-heal|p2a: Priya|19/100|[from] item: Leftovers
|upkeep
|
|t:|1760387336
|switch|p1a: Gyarados|Gyarados, F|100/100
|-damage|p1a: Gyarados|75/100|[from] Stealth Rock
|turn|13
|
|t:|1760387343
|switch|p2a: Ziggy|Zapdos, shiny|61/100
|move|p1a: Gyarados|Dragon Dance|p1a: Gyarados
|-boost|p1a: Gyarados|atk|1
|-boost|p1a: Gyarados|spe|1
|
|-heal|p1a: Gyarados|82/100|[from] item: Leftovers
|upkeep
|turn|14
|
|t:|1760387355
|move|p1a: Gyarados|Ice Fang|p2a: Ziggy
|-supereffective|p2a: Ziggy
|-damage|p2a: Ziggy|5/100
|move|p2a: Ziggy|Roost|p2a: Ziggy
|-heal|p2a: Ziggy|55/100
|-singleturn|p2a: Ziggy|move: Roost
|
|-heal|p1a: Gyarados|88/100|[from] item: Leftovers
|upkeep
|turn|15
|
|t:|1760387391
|move|p1a: Gyarados|Ice Fang|p2a: Ziggy
|-supereffective|p2a: Ziggy
|-damage|p2a: Ziggy|0 fnt
|-status|p1a: Gyarados|par|[from] ability: Static|[of] p2a: Ziggy
|faint|p2a: Ziggy
|-ability|p1a: Gyarados|Moxie|boost
|-boost|p1a: Gyarados|atk|1
|
|-heal|p1a: Gyarados|94/100 par|[from] item: Leftovers
|upkeep
|
|t:|1760387410
|switch|p2a: Cindy|Cinderace, F|100/100
|turn|16
|
|t:|1760387421
|move|p2a: Cindy|Sucker Punch|p1a: Gyarados
|-start|p2a: Cindy|typechange|Dark|[from] ability: Libero
|-damage|p1a: Gyarados|54/100 par
|move|p1a: Gyarados|Waterfall|p2a: Cindy
|-damage|p2a: Cindy|0 fnt
|faint|p2a: Cindy
|-ability|p1a: Gyarados|Moxie|boost
|-boost|p1a: Gyarados|atk|1
|
|-heal|p1a: Gyarados|60/100 par|[from] item: Leftovers
|upkeep
|
|t:|1760387433
|switch|p2a: Priya|Primarina, F, tera:Poison|19/100
|-damage|p2a: Priya|6/100|[from] Stealth Rock
|turn|17
|
|t:|1760387442
|cant|p1a: Gyarados|par
|move|p2a: Priya|Moonblast|p1a: Gyarados
|-damage|p1a: Gyarados|2/100 par
|-unboost|p1a: Gyarados|spa|1
|
|-heal|p1a: Gyarados|8/100 par|[from] item: Leftovers
|-heal|p2a: Priya|12/100|[from] item: Leftovers
|upkeep
|turn|18
|
|t:|1760387454
|move|p1a: Gyarados|Earthquake|p2a: Priya
|-supereffective|p2a: Priya
|-damage|p2a: Priya|0 fnt
|faint|p2a: Priya
|-ability|p1a: Gyarados|Moxie|boost
|-boost|p1a: Gyarados|atk|1
|
|-heal|p1a: Gyarados|14/100 par|[from] item: Leftovers
|upkeep
|
|t:|1760387462
|switch|p2a: Sally|Scizor, F|100/100
|turn|19
|
|t:|1760387468
|move|p2a: Sally|Bullet Punch|p1a: Gyarados
|-resisted|p1a: Gyarados
|-damage|p1a: Gyarados|0 fnt
|faint|p1a: Gyarados
|
|upkeep
|
|t:|1760387476
|switch|p1a: Mudsdale|Mudsdale, M|41/100
|-damage|p1a: Mudsdale|35/100|[from] Stealth Rock
|turn|20
|
|t:|1760387485
|move|p2a: Sally|Dual Wingbeat|p1a: Mudsdale
|-damage|p1a: Mudsdale|16/100
|-ability|p1a: Mudsdale|Stamina|boost
|-boost|p1a: Mudsdale|def|1
|-damage|p1a: Mudsdale|5/100
|-ability|p1a: Mudsdale|Stamina|boost
|-boost|p1a: Mudsdale|def|1
|-hitcount|p1a: Mudsdale|2
|move|p1a: Mudsdale|Roar|p2a: Sally
|drag|p2a: Dierdre|Dragapult, F|100/100
|
|upkeep
|turn|21
|
|t:|1760387500
|move|p2a: Dierdre|Hex|p1a: Mudsdale
|-damage|p1a: Mudsdale|0 fnt
|faint|p1a: Mudsdale
|
|upkeep
|
|t:|1760387506
|switch|p1a: Goodra|Goodra, F|100/100
|-damage|p1a: Goodra|88/100|[from] Stealth Rock
|turn|22
|
|t:|1760387515
|move|p2a: Dierdre|Will-O-Wisp|p1a: Goodra
|-status|p1a: Goodra|brn
|move|p1a: Goodra|Knock Off|p2a: Dierdre
|-supereffective|p2a: Dierdre
|-damage|p2a: Dierdre|71/100
|-enditem|p2a: Dierdre|Heavy-Duty Boots|[from] move: Knock Off|[of] p1a: Goodra
|
|-damage|p1a: Goodra|82/100 brn|[from] brn
|upkeep
|turn|23
|
|t:|1760387539
|move|p2a: Dierdre|Draco Meteor|p1a: Goodra
|-supereffective|p1a: Goodra
|-damage|p1a: Goodra|32/100 brn
|-unboost|p2a: Dierdre|spa|2
|move|p1a: Goodra|Draco Meteor|p2a: Dierdre
|-supereffective|p2a: Dierdre
|-damage|p2a: Dierdre|0 fnt
|-unboost|p1a: Goodra|spa|2
|faint|p2a: Dierdre
|
|-damage|p1a: Goodra|25/100 brn|[from] brn
|upkeep
|
|t:|1760387552
|switch|p2a: Sally|Scizor, F|100/100
|turn|24
|
|t:|1760387562
|move|p2a: Sally|Bullet Punch|p1a: Goodra
|-damage|p1a: Goodra|0 fnt
|faint|p1a: Goodra
|
|upkeep
|
|t:|1760387565
|switch|p1a: Moltres|Moltres-Galar|100/100
|-damage|p1a: Moltres|76/100|[from] Stealth Rock
|turn|25
|
|t:|1760387575
|move|p1a: Moltres|Agility|p1a: Moltres
|-boost|p1a: Moltres|spe|2
|move|p2a: Sally|Knock Off|p1a: Moltres
|-resisted|p1a: Moltres
|-damage|p1a: Moltres|58/100
|-enditem|p1a: Moltres|Leftovers|[from] move: Knock Off|[of] p2a: Sally
|
|upkeep
|turn|26
|
|t:|1760387586
|move|p1a: Moltres|Ancient Power|p2a: Sally
|-damage|p2a: Sally|82/100
|move|p2a: Sally|U-turn|p1a: Moltres
|-damage|p1a: Moltres|19/100
|-ability|p1a: Moltres|Berserk|boost
|-boost|p1a: Moltres|spa|1
|
|t:|1760387592
|switch|p2a: Glinda|Gliscor, F|78/100 tox|[from] U-turn
|-damage|p2a: Glinda|65/100 tox|[from] Stealth Rock
|
|-heal|p2a: Glinda|78/100 tox|[from] ability: Poison Heal
|upkeep
|turn|27
|
|t:|1760387600
|move|p1a: Moltres|Fiery Wrath|p2a: Glinda
|-damage|p2a: Glinda|25/100 tox
|move|p2a: Glinda|Toxic|p1a: Moltres
|-status|p1a: Moltres|tox
|
|-damage|p1a: Moltres|12/100 tox|[from] psn
|-heal|p2a: Glinda|37/100 tox|[from] ability: Poison Heal
|upkeep
|turn|28
|
|t:|1760387615
|move|p1a: Moltres|Fiery Wrath|p2a: Glinda
|-damage|p2a: Glinda|0 fnt
|faint|p2a: Glinda
|
|-damage|p1a: Moltres|0 fnt|[from] psn
|faint|p1a: Moltres
|
|win|daisyx3
|raw|kimbapson's rating: 1190 &rarr; <strong>1162</strong><br />(-28 for losing)
|raw|daisyx3's rating: 1150 &rarr; <strong>1178</strong><br />(+28 for winning)
|c|☆kimbapson|G
|l|☆kimbapson
|player|p1|
