|j|☆CDCD1 Abreu00
|j|☆i may be rezz
|t:|1760403255
|gametype|singles
|player|p1|CDCD1 Abreu00|lusamine-nihilego|1317
|player|p2|i may be rezz|266|1353
|gen|9
|tier|[Gen 9] OU
|rated|
|rule|HP Percentage Mod: HP is shown in percentages
|rule|Endless Battle Clause: Forcing endless battles is banned
|rule|Species Clause: Limit one of each Pokémon
|rule|OHKO Clause: OHKO moves are banned
|rule|Evasion Items Clause: Evasion items are banned
|rule|Evasion Moves Clause: Evasion moves are banned
|rule|Evasion Abilities Clause: Evasion abilities are banned
|rule|Sleep Moves Clause: Sleep-inducing moves are banned
|clearpoke
|poke|p1|Clefable, M|
|poke|p1|Dondozo, M|
|poke|p1|Blissey, F|
|poke|p1|Clodsire, F|
|poke|p1|Corviknight, M|
|poke|p1|Gliscor, F|
|poke|p2|Kyurem|
|poke|p2|Garganacl, M|
|poke|p2|Landorus-Therian, M|
|poke|p2|Gholdengo|
|poke|p2|Zamazenta-*|
|poke|p2|Weezing-Galar, M|
|teampreview
|
|t:|1760403287
|teamsize|p1|6
|teamsize|p2|6
|start
|switch|p1a: Clefable|Clefable, M|100/100
|switch|p2a: murakami|Gholdengo, shiny|100/100
|turn|1
|
|t:|1760403294
|switch|p1a: Clodsire|Clodsire, F|100/100
|move|p2a: murakami|Nasty Plot|p2a: murakami
|-boost|p2a: murakami|spa|2
|
|upkeep
|turn|2
|
|t:|1760403303
|switch|p2a: comme des garcon|Landorus-Therian, M, shiny|100/100
|-ability|p2a: comme des garcon|Intimidate|boost
|-unboost|p1a: Clodsire|atk|1
|move|p1a: Clodsire|Amnesia|p1a: Clodsire
|-boost|p1a: Clodsire|spd|2
|
|upkeep
|turn|3
|
|t:|1760403312
|switch|p1a: Gliscor|Gliscor, F|100/100
|move|p2a: comme des garcon|Earthquake|p1a: Gliscor
|-immune|p1a: Gliscor
|
|-status|p1a: Gliscor|tox|[from] item: Toxic Orb
|upkeep
|turn|4
|
|t:|1760403323
|switch|p2a: goyard|Kyurem, shiny|100/100
|-ability|p2a: goyard|Pressure
|move|p1a: Gliscor|Toxic|p2a: goyard
|-status|p2a: goyard|tox
|
|-damage|p2a: goyard|94/100 tox|[from] psn
|upkeep
|turn|5
|
|t:|1760403333
|switch|p2a: balenciaga|Zamazenta, shiny|100/100
|-ability|p2a: balenciaga|Dauntless Shield|boost
|-boost|p2a: balenciaga|def|1
|switch|p1a: Blissey|Blissey, F|100/100
|
|upkeep
|turn|6
|
|t:|1760403344
|switch|p1a: Dondozo|Dondozo, M|100/100
|move|p2a: balenciaga|Iron Defense|p2a: balenciaga
|-boost|p2a: balenciaga|def|2
|
|upkeep
|turn|7
|
|t:|1760403353
|move|p1a: Dondozo|Waterfall|p2a: balenciaga
|-damage|p2a: balenciaga|78/100
|cant|p2a: balenciaga|flinch
|
|upkeep
|turn|8
|
|t:|1760403362
|move|p1a: Dondozo|Waterfall|p2a: balenciaga
|-damage|p2a: balenciaga|58/100
|move|p2a: balenciaga|Roar|p1a: Dondozo
|drag|p1a: Gliscor|Gliscor, F|100/100 tox
|
|upkeep
|turn|9
|
|t:|1760403372
|move|p1a: Gliscor|Protect|p1a: Gliscor
|-singleturn|p1a: Gliscor|Protect
|move|p2a: balenciaga|Body Press|p1a: Gliscor
|-activate|p1a: Gliscor|move: Protect
|
|upkeep
|turn|10
|
|t:|1760403394
|switch|p1a: Clodsire|Clodsire, F|100/100
|move|p2a: balenciaga|Body Press|p1a: Clodsire
|-resisted|p1a: Clodsire
|-damage|p1a: Clodsire|85/100
|
|upkeep
|turn|11
|
|t:|1760403408
|switch|p2a: enfants riches|Weezing-Galar, M, shiny|100/100
|-ability|p2a: enfants riches|Neutralizing Gas
|move|p1a: Clodsire|Poison Jab|p2a: enfants riches
|-damage|p2a: enfants riches|86/100
|
|upkeep
|turn|12
|
|t:|1760403432
|switch|p1a: Blissey|Blissey, F|100/100
|move|p2a: enfants riches|Will-O-Wisp|p1a: Blissey
|-status|p1a: Blissey|brn
|
|-damage|p1a: Blissey|94/100 brn|[from] brn
|upkeep
|turn|13
|
|t:|1760403443
|-end|p2a: enfants riches|ability: Neutralizing Gas
|switch|p2a: murakami|Gholdengo, shiny|100/100
|move|p1a: Blissey|Shadow Ball|p2a: murakami
|-supereffective|p2a: murakami
|-crit|p2a: murakami
|-damage|p2a: murakami|53/100
|
|-damage|p1a: Blissey|88/100 brn|[from] brn
|upkeep
|turn|14
|
|t:|1760403453
|-curestatus|p1a: Blissey|brn|[from] ability: Natural Cure
|switch|p1a: Gliscor|Gliscor, F|100/100 tox
|move|p2a: murakami|Make It Rain|p1a: Gliscor
|-damage|p1a: Gliscor|14/100 tox
|-unboost|p2a: murakami|spa|1
|
|-heal|p1a: Gliscor|27/100 tox|[from] ability: Poison Heal
|upkeep
|turn|15
|
|t:|1760403470
|switch|p2a: number(nine)|Garganacl, M, shiny|100/100
|move|p1a: Gliscor|Protect||[still]
|-fail|p1a: Gliscor
|
|-heal|p1a: Gliscor|39/100 tox|[from] ability: Poison Heal
|upkeep
|turn|16
|
|t:|1760403475
|move|p1a: Gliscor|Protect|p1a: Gliscor
|-singleturn|p1a: Gliscor|Protect
|move|p2a: number(nine)|Stealth Rock|p1a: Gliscor
|-sidestart|p1: CDCD1 Abreu00|move: Stealth Rock
|
|-heal|p1a: Gliscor|52/100 tox|[from] ability: Poison Heal
|upkeep
|turn|17
|
|t:|1760403485
|switch|p1a: Corviknight|Corviknight, M|100/100
|-damage|p1a: Corviknight|88/100|[from] Stealth Rock
|-ability|p1a: Corviknight|Pressure
|move|p2a: number(nine)|Salt Cure|p1a: Corviknight
|-damage|p1a: Corviknight|79/100
|-start|p1a: Corviknight|Salt Cure
|
|-damage|p1a: Corviknight|54/100|[from] Salt Cure
|upkeep
|turn|18
|
|t:|1760403500
|move|p2a: number(nine)|Protect|p2a: number(nine)
|-singleturn|p2a: number(nine)|Protect
|move|p1a: Corviknight|Roost|p1a: Corviknight
|-heal|p1a: Corviknight|100/100
|-singleturn|p1a: Corviknight|move: Roost
|
|-damage|p1a: Corviknight|75/100|[from] Salt Cure
|upkeep
|turn|19
|
|t:|1760403505
|switch|p2a: murakami|Gholdengo, shiny|53/100
|move|p1a: Corviknight|Iron Defense|p1a: Corviknight
|-boost|p1a: Corviknight|def|2
|
|-damage|p1a: Corviknight|50/100|[from] Salt Cure
|upkeep
|turn|20
|
|t:|1760403527
|switch|p1a: Blissey|Blissey, F|88/100
|move|p2a: murakami|Shadow Ball|p1a: Blissey
|-immune|p1a: Blissey
|
|upkeep
|turn|21
|
|t:|1760403537
|switch|p2a: number(nine)|Garganacl, M, shiny|100/100
|move|p1a: Blissey|Calm Mind|p1a: Blissey
|-boost|p1a: Blissey|spa|1
|-boost|p1a: Blissey|spd|1
|
|upkeep
|turn|22
|
|t:|1760403556
|switch|p1a: Dondozo|Dondozo, M|100/100
|move|p2a: number(nine)|Salt Cure|p1a: Dondozo
|-damage|p1a: Dondozo|95/100
|-start|p1a: Dondozo|Salt Cure
|
|-damage|p1a: Dondozo|70/100|[from] Salt Cure
|upkeep
|turn|23
|
|t:|1760403563
|move|p2a: number(nine)|Protect|p2a: number(nine)
|-singleturn|p2a: number(nine)|Protect
|move|p1a: Dondozo|Waterfall|p2a: number(nine)
|-activate|p2a: number(nine)|move: Protect
|
|-damage|p1a: Dondozo|45/100|[from] Salt Cure
|upkeep
|turn|24
|
|t:|1760403571
|switch|p2a: goyard|Kyurem, shiny|94/100 tox
|-ability|p2a: goyard|Pressure
|move|p1a: Dondozo|Rest|p1a: Dondozo
|-status|p1a: Dondozo|slp|[from] move: Rest
|-heal|p1a: Dondozo|100/100 slp|[silent]
|
|-heal|p2a: goyard|100/100 tox|[from] item: Leftovers
|-damage|p2a: goyard|94/100 tox|[from] psn
|-damage|p1a: Dondozo|75/100 slp|[from] Salt Cure
|upkeep
|turn|25
|
|t:|1760403579
|switch|p1a: Blissey|Blissey, F|88/100
|move|p2a: goyard|Freeze-Dry|p1a: Blissey
|-damage|p1a: Blissey|77/100
|
|-heal|p2a: goyard|100/100 tox|[from] item: Leftovers
|-damage|p2a: goyard|88/100 tox|[from] psn
|upkeep
|turn|26
|
|t:|1760403602
|switch|p2a: number(nine)|Garganacl, M, shiny|100/100
|move|p1a: Blissey|Shadow Ball|p2a: number(nine)
|-damage|p2a: number(nine)|95/100
|
|-heal|p2a: number(nine)|100/100|[from] item: Leftovers
|upkeep
|turn|27
|
|t:|1760403619
|switch|p1a: Clefable|Clefable, M|100/100
|move|p2a: number(nine)|Salt Cure|p1a: Clefable
|-damage|p1a: Clefable|91/100
|-start|p1a: Clefable|Salt Cure
|
|-heal|p1a: Clefable|97/100|[from] item: Leftovers
|upkeep
|turn|28
|
|t:|1760403637
|switch|p2a: murakami|Gholdengo, shiny|53/100
|move|p1a: Clefable|Stealth Rock|p2a: murakami
|-sidestart|p2: i may be rezz|move: Stealth Rock
|
|-heal|p1a: Clefable|100/100|[from] item: Leftovers
|upkeep
|turn|29
|
|t:|1760403644
|switch|p1a: Blissey|Blissey, F|77/100
|move|p2a: murakami|Make It Rain|p1a: Blissey
|-damage|p1a: Blissey|52/100
|-unboost|p2a: murakami|spa|1
|
|upkeep
|turn|30
|
|t:|1760403658
|switch|p2a: number(nine)|Garganacl, M, shiny|100/100
|-damage|p2a: number(nine)|88/100|[from] Stealth Rock
|move|p1a: Blissey|Soft-Boiled|p1a: Blissey
|-heal|p1a: Blissey|100/100
|
|-heal|p2a: number(nine)|94/100|[from] item: Leftovers
|upkeep
|turn|31
|
|t:|1760403665
|switch|p1a: Clefable|Clefable, M|100/100
|move|p2a: number(nine)|Salt Cure|p1a: Clefable
|-damage|p1a: Clefable|90/100
|-start|p1a: Clefable|Salt Cure
|
|-heal|p1a: Clefable|96/100|[from] item: Leftovers
|-heal|p2a: number(nine)|100/100|[from] item: Leftovers
|upkeep
|turn|32
|
|t:|1760403674
|move|p2a: number(nine)|Protect|p2a: number(nine)
|-singleturn|p2a: number(nine)|Protect
|move|p1a: Clefable|Moonblast|p2a: number(nine)
|-activate|p2a: number(nine)|move: Protect
|
|-heal|p1a: Clefable|100/100|[from] item: Leftovers
|upkeep
|turn|33
|
|t:|1760403685
|switch|p2a: enfants riches|Weezing-Galar, M, shiny|86/100
|-ability|p2a: enfants riches|Neutralizing Gas
|move|p1a: Clefable|Knock Off|p2a: enfants riches
|-resisted|p2a: enfants riches
|-damage|p2a: enfants riches|81/100
|-enditem|p2a: enfants riches|Heavy-Duty Boots|[from] move: Knock Off|[of] p1a: Clefable
|
|-damage|p1a: Clefable|88/100|[from] Salt Cure
|upkeep
|turn|34
|
|t:|1760403703
|switch|p1a: Blissey|Blissey, F|100/100
|move|p2a: enfants riches|Defog|p1a: Blissey
|-unboost|p1a: Blissey|evasion|1
|-sideend|p1: CDCD1 Abreu00|Stealth Rock|[from] move: Defog|[of] p2a: enfants riches
|-sideend|p2: i may be rezz|Stealth Rock|[from] move: Defog|[of] p2a: enfants riches
|
|upkeep
|turn|35
|
|t:|1760403714
|-end|p2a: enfants riches|ability: Neutralizing Gas
|switch|p2a: number(nine)|Garganacl, M, shiny|100/100
|move|p1a: Blissey|Seismic Toss|p2a: number(nine)
|-damage|p2a: number(nine)|76/100
|
|-heal|p2a: number(nine)|82/100|[from] item: Leftovers
|upkeep
|turn|36
|
|t:|1760403720
|switch|p1a: Clefable|Clefable, M|88/100
|move|p2a: number(nine)|Stealth Rock|p1a: Clefable
|-sidestart|p1: CDCD1 Abreu00|move: Stealth Rock
|
|-heal|p1a: Clefable|94/100|[from] item: Leftovers
|-heal|p2a: number(nine)|88/100|[from] item: Leftovers
|upkeep
|turn|37
|
|t:|1760403730
|switch|p2a: enfants riches|Weezing-Galar, M, shiny|81/100
|-ability|p2a: enfants riches|Neutralizing Gas
|move|p1a: Clefable|Stealth Rock|p2a: enfants riches
|-sidestart|p2: i may be rezz|move: Stealth Rock
|
|-heal|p1a: Clefable|99/100|[from] item: Leftovers
|upkeep
|turn|38
|
|t:|1760403741
|switch|p1a: Dondozo|Dondozo, M|75/100 slp
|move|p2a: enfants riches|Defog|p1a: Dondozo
|-unboost|p1a: Dondozo|evasion|1
|-sideend|p1: CDCD1 Abreu00|Stealth Rock|[from] move: Defog|[of] p2a: enfants riches
|-sideend|p2: i may be rezz|Stealth Rock|[from] move: Defog|[of] p2a: enfants riches
|
|upkeep
|turn|39
|
|t:|1760403747
|move|p2a: enfants riches|Sludge Bomb|p1a: Dondozo
|-damage|p1a: Dondozo|48/100 slp
|cant|p1a: Dondozo|slp
|move|p1a: Dondozo|Sleep Talk|p1a: Dondozo
|move|p1a: Dondozo|Rest||[from] move: Sleep Talk|[still]
|-fail|p1a: Dondozo
|
|upkeep
|turn|40
|
|t:|1760403757
|-end|p2a: enfants riches|ability: Neutralizing Gas
|switch|p2a: goyard|Kyurem, shiny|88/100 tox
|-ability|p2a: goyard|Pressure
|cant|p1a: Dondozo|slp
|
|-heal|p2a: goyard|94/100 tox|[from] item: Leftovers
|-damage|p2a: goyard|88/100 tox|[from] psn
|upkeep
|turn|41
|
|t:|1760403767
|switch|p2a: balenciaga|Zamazenta, shiny|58/100
|switch|p1a: Blissey|Blissey, F|100/100
|
|upkeep
|turn|42
|
|t:|1760403772
|switch|p1a: Clodsire|Clodsire, F|85/100
|move|p2a: balenciaga|Body Press|p1a: Clodsire
|-resisted|p1a: Clodsire
|-damage|p1a: Clodsire|66/100
|
|upkeep
|turn|43
|
|t:|1760403782
|switch|p2a: comme des garcon|Landorus-Therian, M, shiny|100/100
|-ability|p2a: comme des garcon|Intimidate|boost
|-unboost|p1a: Clodsire|atk|1
|move|p1a: Clodsire|Poison Jab|p2a: comme des garcon
|-resisted|p2a: comme des garcon
|-damage|p2a: comme des garcon|93/100
|
|upkeep
|turn|44
|
|t:|1760403791
|switch|p1a: Corviknight|Corviknight, M|50/100
|-ability|p1a: Corviknight|Pressure
|move|p2a: comme des garcon|U-turn|p1a: Corviknight
|-resisted|p1a: Corviknight
|-damage|p1a: Corviknight|47/100
|-damage|p2a: comme des garcon|76/100|[from] item: Rocky Helmet|[of] p1a: Corviknight
|
|t:|1760403798
|switch|p2a: murakami|Gholdengo, shiny|53/100|[from] U-turn
|
|upkeep
|turn|45
|
|t:|1760403810
|switch|p1a: Blissey|Blissey, F|100/100
|move|p2a: murakami|Thunderbolt|p1a: Blissey
|-damage|p1a: Blissey|91/100
|
|upkeep
|turn|46
|
|t:|1760403827
|switch|p2a: number(nine)|Garganacl, M, shiny|88/100
|switch|p1a: Dondozo|Dondozo, M|48/100 slp
|
|-heal|p2a: number(nine)|94/100|[from] item: Leftovers
|upkeep
|turn|47
|
|t:|1760403834
|-curestatus|p1a: Dondozo|slp|[msg]
|move|p1a: Dondozo|Rest|p1a: Dondozo
|-status|p1a: Dondozo|slp|[from] move: Rest
|-heal|p1a: Dondozo|100/100 slp|[silent]
|move|p2a: number(nine)|Salt Cure|p1a: Dondozo
|-damage|p1a: Dondozo|94/100 slp
|-start|p1a: Dondozo|Salt Cure
|
|-heal|p2a: number(nine)|100/100|[from] item: Leftovers
|-damage|p1a: Dondozo|69/100 slp|[from] Salt Cure
|upkeep
|turn|48
|
|t:|1760403847
|switch|p1a: Clefable|Clefable, M|99/100
|switch|p2a: goyard|Kyurem, shiny|88/100 tox
|-ability|p2a: goyard|Pressure
|
|-heal|p2a: goyard|94/100 tox|[from] item: Leftovers
|-heal|p1a: Clefable|100/100|[from] item: Leftovers
|-damage|p2a: goyard|88/100 tox|[from] psn
|upkeep
|turn|49
|
|t:|1760403856
|move|p2a: goyard|Flash Cannon|p1a: Clefable
|-supereffective|p1a: Clefable
|-damage|p1a: Clefable|52/100
|move|p1a: Clefable|Stealth Rock|p2a: goyard
|-sidestart|p2: i may be rezz|move: Stealth Rock
|
|-heal|p2a: goyard|94/100 tox|[from] item: Leftovers
|-heal|p1a: Clefable|58/100|[from] item: Leftovers
|-damage|p2a: goyard|82/100 tox|[from] psn
|upkeep
|turn|50
|
|t:|1760403870
|switch|p2a: murakami|Gholdengo, shiny|53/100
|-damage|p2a: murakami|47/100|[from] Stealth Rock
|move|p1a: Clefable|Moonlight|p1a: Clefable
|-heal|p1a: Clefable|100/100
|
|upkeep
|turn|51
|
|t:|1760403882
|switch|p1a: Clodsire|Clodsire, F|66/100
|move|p2a: murakami|Make It Rain|p1a: Clodsire
|-damage|p1a: Clodsire|28/100
|-unboost|p2a: murakami|spa|1
|
|upkeep
|turn|52
|
|t:|1760403891
|move|p2a: murakami|Make It Rain|p1a: Clodsire
|-damage|p1a: Clodsire|0 fnt
|-unboost|p2a: murakami|spa|1
|faint|p1a: Clodsire
|
|upkeep
|
|t:|1760403900
|switch|p1a: Corviknight|Corviknight, M|47/100
|-ability|p1a: Corviknight|Pressure
|turn|53
|
|t:|1760403906
|move|p2a: murakami|Nasty Plot|p2a: murakami
|-boost|p2a: murakami|spa|2
|move|p1a: Corviknight|Roost|p1a: Corviknight
|-heal|p1a: Corviknight|97/100
|-singleturn|p1a: Corviknight|move: Roost
|
|upkeep
|turn|54
|
|t:|1760403917
|switch|p1a: Dondozo|Dondozo, M|69/100 slp
|move|p2a: murakami|Nasty Plot|p2a: murakami
|-boost|p2a: murakami|spa|2
|
|upkeep
|turn|55
|
|t:|1760403924
|move|p2a: murakami|Shadow Ball|p1a: Dondozo
|-damage|p1a: Dondozo|30/100 slp
|-unboost|p1a: Dondozo|spd|1
|cant|p1a: Dondozo|slp
|move|p1a: Dondozo|Sleep Talk|p1a: Dondozo
|move|p1a: Dondozo|Curse|p1a: Dondozo|[from] move: Sleep Talk
|-unboost|p1a: Dondozo|spe|1
|-boost|p1a: Dondozo|atk|1
|-boost|p1a: Dondozo|def|1
|
|upkeep
|turn|56
|
|t:|1760403936
|switch|p1a: Blissey|Blissey, F|91/100
|move|p2a: murakami|Make It Rain|p1a: Blissey
|-damage|p1a: Blissey|42/100
|-unboost|p2a: murakami|spa|1
|
|upkeep
|turn|57
|
|t:|1760403942
|move|p2a: murakami|Nasty Plot|p2a: murakami
|-boost|p2a: murakami|spa|2
|move|p1a: Blissey|Soft-Boiled|p1a: Blissey
|-heal|p1a: Blissey|92/100
|
|upkeep
|turn|58
|
|t:|1760403952
|-terastallize|p2a: murakami|Steel
|move|p2a: murakami|Nasty Plot|p2a: murakami
|-boost|p2a: murakami|spa|2
|move|p1a: Blissey|Shadow Ball|p2a: murakami
|-damage|p2a: murakami|30/100
|
|upkeep
|turn|59
|
|t:|1760403968
|move|p2a: murakami|Make It Rain|p1a: Blissey
|-damage|p1a: Blissey|0 fnt
|-unboost|p2a: murakami|spa|1
|faint|p1a: Blissey
|
|upkeep
|
|t:|1760403974
|switch|p1a: Gliscor|Gliscor, F|52/100 tox
|turn|60
|
|t:|1760403980
|move|p2a: murakami|Shadow Ball|p1a: Gliscor
|-damage|p1a: Gliscor|0 fnt
|faint|p1a: Gliscor
|
|upkeep
|-message|CDCD1 Abreu00 forfeited.
|
|win|i may be rezz
|raw|CDCD1 Abreu00's rating: 1317 &rarr; <strong>1300</strong><br />(-17 for losing)
|raw|i may be rezz's rating: 1373 &rarr; <strong>1390</strong><br />(+17 for winning)
|c|☆i may be rezz|lolololol
|c|☆i may be rezz|u suck
|c|☆i may be rezz|stall suer
|c|☆i may be rezz|get out
|c|☆i may be rezz|sit down
|l|☆CDCD1 Abreu00
|player|p1|
