|j|☆jxrx
|j|☆isi_isi_isi_isi
|t:|1760383552
|gametype|singles
|player|p1|jxrx|norman|1381
|player|p2|isi_isi_isi_isi|169|1365
|gen|9
|tier|[Gen 9] OU
|rated|
|rule|HP Percentage Mod: HP is shown in percentages
|rule|Endless Battle Clause: Forcing endless battles is banned
|rule|Species Clause: Limit one of each Pokémon
|rule|OHKO Clause: OHKO moves are banned
|rule|Evasion Items Clause: Evasion items are banned
|rule|Evasion Moves Clause: Evasion moves are banned
|rule|Evasion Abilities Clause: Evasion abilities are banned
|rule|Sleep Moves Clause: Sleep-inducing moves are banned
|clearpoke
|poke|p1|Sableye, M|
|poke|p1|Rillaboom, M|
|poke|p1|Dragapult, M|
|poke|p1|Empoleon, M|
|poke|p1|Noctowl, M|
|poke|p1|Heatran, M|
|poke|p2|Gliscor, M|
|poke|p2|Ninetales, M|
|poke|p2|Cinderace, F|
|poke|p2|Walking Wake|
|poke|p2|Hatterene, F|
|poke|p2|Enamorus, F|
|teampreview
|
|t:|1760383564
|teamsize|p1|6
|teamsize|p2|6
|start
|switch|p1a: Heatran|Heatran, M|100/100
|switch|p2a: Ninetales|Ninetales, M|100/100
|-weather|SunnyDay|[from] ability: Drought|[of] p2a: Ninetales
|turn|1
|inactive|Battle timer is ON: inactive players will automatically lose when time's up. (requested by jxrx)
|
|t:|1760383570
|switch|p2a: Gliscor|Gliscor, M|100/100
|move|p1a: Heatran|Earth Power|p2a: Gliscor
|-immune|p2a: Gliscor
|
|-weather|SunnyDay|[upkeep]
|-status|p2a: Gliscor|tox|[from] item: Toxic Orb
|upkeep
|turn|2
|
|t:|1760383576
|move|p1a: Heatran|Protect|p1a: Heatran
|-singleturn|p1a: Heatran|Protect
|move|p2a: Gliscor|Spikes|p1a: Heatran
|-sidestart|p1: jxrx|Spikes
|
|-weather|SunnyDay|[upkeep]
|upkeep
|turn|3
|
|t:|1760383581
|move|p2a: Gliscor|Knock Off|p1a: Heatran
|-damage|p1a: Heatran|85/100
|-enditem|p1a: Heatran|Leftovers|[from] move: Knock Off|[of] p2a: Gliscor
|move|p1a: Heatran|Lava Plume|p2a: Gliscor
|-damage|p2a: Gliscor|54/100 tox
|
|-weather|SunnyDay|[upkeep]
|-heal|p2a: Gliscor|66/100 tox|[from] ability: Poison Heal
|upkeep
|turn|4
|
|t:|1760383588
|switch|p1a: Noctowl|Noctowl, M|100/100
|move|p2a: Gliscor|Protect||[still]
|-fail|p2a: Gliscor
|
|-weather|SunnyDay|[upkeep]
|-heal|p2a: Gliscor|79/100 tox|[from] ability: Poison Heal
|upkeep
|turn|5
|
|t:|1760383596
|move|p2a: Gliscor|Toxic|p1a: Noctowl|[miss]
|-miss|p2a: Gliscor|p1a: Noctowl
|move|p1a: Noctowl|Heat Wave|p2a: Gliscor
|-damage|p2a: Gliscor|46/100 tox
|-damage|p1a: Noctowl|91/100|[from] item: Life Orb
|
|-weather|SunnyDay|[upkeep]
|-heal|p2a: Gliscor|58/100 tox|[from] ability: Poison Heal
|upkeep
|turn|6
|
|t:|1760383609
|switch|p1a: Empoleon|Empoleon, M|100/100
|-damage|p1a: Empoleon|88/100|[from] Spikes
|move|p2a: Gliscor|Protect||[still]
|-fail|p2a: Gliscor
|
|-weather|SunnyDay|[upkeep]
|-heal|p1a: Empoleon|94/100|[from] item: Leftovers
|-heal|p2a: Gliscor|71/100 tox|[from] ability: Poison Heal
|upkeep
|turn|7
|
|t:|1760383622
|move|p2a: Gliscor|Protect|p2a: Gliscor
|-singleturn|p2a: Gliscor|Protect
|move|p1a: Empoleon|Ice Beam|p2a: Gliscor
|-activate|p2a: Gliscor|move: Protect
|
|-weather|SunnyDay|[upkeep]
|-heal|p1a: Empoleon|99/100|[from] item: Leftovers
|-heal|p2a: Gliscor|83/100 tox|[from] ability: Poison Heal
|upkeep
|turn|8
|
|t:|1760383628
|switch|p2a: Cinderace|Cinderace, F|100/100
|move|p1a: Empoleon|Agility|p1a: Empoleon
|-boost|p1a: Empoleon|spe|2
|
|-weather|none
|-heal|p1a: Empoleon|100/100|[from] item: Leftovers
|upkeep
|turn|9
|
|t:|1760383637
|switch|p2a: Walking Wake|Walking Wake|100/100
|move|p1a: Empoleon|Surf|p2a: Walking Wake
|-resisted|p2a: Walking Wake
|-damage|p2a: Walking Wake|87/100
|
|upkeep
|turn|10
|
|t:|1760383649
|move|p1a: Empoleon|Ice Beam|p2a: Walking Wake
|-damage|p2a: Walking Wake|53/100
|-status|p2a: Walking Wake|frz
|cant|p2a: Walking Wake|frz
|
|upkeep
|turn|11
|
|t:|1760383669
|move|p1a: Empoleon|Ice Beam|p2a: Walking Wake
|-damage|p2a: Walking Wake|14/100 frz
|-curestatus|p2a: Walking Wake|frz|[from] move: Hydro Steam
|move|p2a: Walking Wake|Hydro Steam|p1a: Empoleon
|-resisted|p1a: Empoleon
|-damage|p1a: Empoleon|67/100
|
|-heal|p1a: Empoleon|73/100|[from] item: Leftovers
|upkeep
|turn|12
|
|t:|1760383676
|-end|p2a: Walking Wake|Protosynthesis|[silent]
|switch|p2a: Hatterene|Hatterene, F|100/100
|move|p1a: Empoleon|Surf|p2a: Hatterene
|-damage|p2a: Hatterene|54/100
|-enditem|p2a: Hatterene|Eject Button
|
|t:|1760383679
|switch|p2a: Enamorus|Enamorus, F|100/100
|
|-heal|p1a: Empoleon|78/100|[from] item: Leftovers
|upkeep
|turn|13
|
|t:|1760383688
|-terastallize|p2a: Enamorus|Ground
|move|p2a: Enamorus|Earth Power|p1a: Empoleon
|-supereffective|p1a: Empoleon
|-damage|p1a: Empoleon|0 fnt
|faint|p1a: Empoleon
|
|upkeep
|
|t:|1760383693
|switch|p1a: Noctowl|Noctowl, M|91/100
|turn|14
|
|t:|1760383696
|switch|p2a: Ninetales|Ninetales, M|100/100
|-weather|SunnyDay|[from] ability: Drought|[of] p2a: Ninetales
|move|p1a: Noctowl|Defog|p2a: Ninetales
|-unboost|p2a: Ninetales|evasion|1
|-sideend|p1: jxrx|Spikes|[from] move: Defog|[of] p1a: Noctowl
|
|-weather|SunnyDay|[upkeep]
|upkeep
|turn|15
|
|t:|1760383700
|switch|p2a: Cinderace|Cinderace, F|100/100
|switch|p1a: Heatran|Heatran, M|85/100
|
|-weather|SunnyDay|[upkeep]
|upkeep
|turn|16
|
|t:|1760383708
|move|p2a: Cinderace|Pyro Ball|p1a: Heatran
|-damage|p1a: Heatran|0 fnt
|faint|p1a: Heatran
|
|-weather|SunnyDay|[upkeep]
|upkeep
|
|t:|1760383716
|switch|p1a: Dragapult|Dragapult, M|100/100
|turn|17
|
|t:|1760383726
|switch|p2a: Gliscor|Gliscor, M|83/100 tox
|move|p1a: Dragapult|Substitute|p1a: Dragapult
|-start|p1a: Dragapult|Substitute
|-damage|p1a: Dragapult|76/100
|
|-weather|SunnyDay|[upkeep]
|-heal|p1a: Dragapult|82/100|[from] item: Leftovers
|-heal|p2a: Gliscor|96/100 tox|[from] ability: Poison Heal
|upkeep
|turn|18
|
|t:|1760383735
|move|p1a: Dragapult|Dragon Dance|p1a: Dragapult
|-boost|p1a: Dragapult|atk|1
|-boost|p1a: Dragapult|spe|1
|move|p2a: Gliscor|Knock Off|p1a: Dragapult
|-supereffective|p1a: Dragapult
|-end|p1a: Dragapult|Substitute
|
|-weather|SunnyDay|[upkeep]
|-heal|p1a: Dragapult|88/100|[from] item: Leftovers
|-heal|p2a: Gliscor|100/100 tox|[from] ability: Poison Heal
|upkeep
|turn|19
|
|t:|1760383739
|move|p1a: Dragapult|Substitute|p1a: Dragapult
|-start|p1a: Dragapult|Substitute
|-damage|p1a: Dragapult|63/100
|move|p2a: Gliscor|Knock Off|p1a: Dragapult
|-supereffective|p1a: Dragapult
|-end|p1a: Dragapult|Substitute
|
|-weather|SunnyDay|[upkeep]
|-heal|p1a: Dragapult|69/100|[from] item: Leftovers
|upkeep
|turn|20
|
|t:|1760383746
|-terastallize|p1a: Dragapult|Dragon
|move|p1a: Dragapult|Substitute|p1a: Dragapult
|-start|p1a: Dragapult|Substitute
|-damage|p1a: Dragapult|44/100
|move|p2a: Gliscor|Knock Off|p1a: Dragapult
|-end|p1a: Dragapult|Substitute
|
|-weather|SunnyDay|[upkeep]
|-heal|p1a: Dragapult|50/100|[from] item: Leftovers
|upkeep
|turn|21
|
|t:|1760383752
|move|p1a: Dragapult|Dragon Darts|p2a: Gliscor
|-damage|p2a: Gliscor|62/100 tox
|-anim|p1a: Dragapult|Dragon Darts|p2a: Gliscor
|-damage|p2a: Gliscor|25/100 tox
|move|p2a: Gliscor|Knock Off|p1a: Dragapult
|-damage|p1a: Dragapult|21/100
|-enditem|p1a: Dragapult|Leftovers|[from] move: Knock Off|[of] p2a: Gliscor
|
|-weather|none
|-heal|p2a: Gliscor|37/100 tox|[from] ability: Poison Heal
|upkeep
|turn|22
|
|t:|1760383761
|move|p2a: Gliscor|Protect|p2a: Gliscor
|-singleturn|p2a: Gliscor|Protect
|move|p1a: Dragapult|Dragon Dance|p1a: Dragapult
|-boost|p1a: Dragapult|atk|1
|-boost|p1a: Dragapult|spe|1
|
|-heal|p2a: Gliscor|50/100 tox|[from] ability: Poison Heal
|upkeep
|turn|23
|
|t:|1760383766
|switch|p2a: Hatterene|Hatterene, F|54/100
|move|p1a: Dragapult|Dragon Darts|p2a: Hatterene
|-immune|p2a: Hatterene
|
|upkeep
|turn|24
|
|t:|1760383773
|move|p1a: Dragapult|Phantom Force||[still]
|-prepare|p1a: Dragapult|Phantom Force
|move|p2a: Hatterene|Draining Kiss|p1a: Dragapult|[miss]
|-miss|p2a: Hatterene|p1a: Dragapult
|
|upkeep
|turn|25
|inactive|jxrx has 120 seconds left.
|inactive|jxrx has 90 seconds left.
|
|t:|1760383863
|move|p1a: Dragapult|Phantom Force|p2a: Hatterene|[from] lockedmove
|-supereffective|p2a: Hatterene
|-damage|p2a: Hatterene|0 fnt
|faint|p2a: Hatterene
|
|upkeep
|
|t:|1760383880
|switch|p2a: Gliscor|Gliscor, M|50/100 tox
|turn|26
|inactive|jxrx has 60 seconds left.
|
|t:|1760383917
|move|p2a: Gliscor|Protect|p2a: Gliscor
|-singleturn|p2a: Gliscor|Protect
|move|p1a: Dragapult|Dragon Darts|p2a: Gliscor
|-activate|p2a: Gliscor|move: Protect
|
|-heal|p2a: Gliscor|62/100 tox|[from] ability: Poison Heal
|upkeep
|turn|27
|
|t:|1760383925
|switch|p2a: Walking Wake|Walking Wake|14/100
|move|p1a: Dragapult|Dragon Darts|p2a: Walking Wake
|-supereffective|p2a: Walking Wake
|-damage|p2a: Walking Wake|0 fnt
|faint|p2a: Walking Wake
|-end|p2a: Walking Wake|Protosynthesis|[silent]
|
|upkeep
|
|t:|1760383932
|switch|p2a: Cinderace|Cinderace, F|100/100
|turn|28
|inactive|jxrx has 60 seconds left.
|
|t:|1760383956
|move|p2a: Cinderace|Sucker Punch||[still]
|-fail|p2a: Cinderace
|move|p1a: Dragapult|Dragon Dance|p1a: Dragapult
|-boost|p1a: Dragapult|atk|1
|-boost|p1a: Dragapult|spe|1
|
|upkeep
|turn|29
|
|t:|1760383962
|move|p2a: Cinderace|Sucker Punch||[still]
|-fail|p2a: Cinderace
|move|p1a: Dragapult|Dragon Dance|p1a: Dragapult
|-boost|p1a: Dragapult|atk|1
|-boost|p1a: Dragapult|spe|1
|
|upkeep
|turn|30
|
|t:|1760383964
|move|p2a: Cinderace|Sucker Punch||[still]
|-fail|p2a: Cinderace
|move|p1a: Dragapult|Dragon Dance|p1a: Dragapult
|-boost|p1a: Dragapult|atk|1
|-boost|p1a: Dragapult|spe|1
|
|upkeep
|turn|31
|
|t:|1760383966
|move|p2a: Cinderace|Sucker Punch||[still]
|-fail|p2a: Cinderace
|move|p1a: Dragapult|Dragon Dance|p1a: Dragapult
|-boost|p1a: Dragapult|atk|1
|-boost|p1a: Dragapult|spe|1
|
|upkeep
|turn|32
|
|t:|1760383969
|move|p2a: Cinderace|Sucker Punch||[still]
|-fail|p2a: Cinderace
|move|p1a: Dragapult|Dragon Dance|p1a: Dragapult
|-boost|p1a: Dragapult|atk|0
|-boost|p1a: Dragapult|spe|0
|
|upkeep
|turn|33
|
|t:|1760383972
|switch|p2a: Ninetales|Ninetales, M|100/100
|-weather|SunnyDay|[from] ability: Drought|[of] p2a: Ninetales
|move|p1a: Dragapult|Dragon Dance|p1a: Dragapult
|-boost|p1a: Dragapult|atk|0
|-boost|p1a: Dragapult|spe|0
|
|-weather|SunnyDay|[upkeep]
|upkeep
|turn|34
|
|t:|1760383976
|move|p1a: Dragapult|Dragon Darts|p2a: Ninetales
|-damage|p2a: Ninetales|0 fnt
|faint|p2a: Ninetales
|
|-weather|SunnyDay|[upkeep]
|upkeep
|
|t:|1760383979
|switch|p2a: Cinderace|Cinderace, F|100/100
|turn|35
|
|t:|1760383980
|move|p1a: Dragapult|Dragon Dance|p1a: Dragapult
|-boost|p1a: Dragapult|atk|0
|-boost|p1a: Dragapult|spe|0
|move|p2a: Cinderace|U-turn|p1a: Dragapult
|-start|p2a: Cinderace|typechange|Bug|[from] ability: Libero
|-crit|p1a: Dragapult
|-damage|p1a: Dragapult|0 fnt
|faint|p1a: Dragapult
|
|t:|1760383985
|switch|p2a: Gliscor|Gliscor, M|62/100 tox|[from] U-turn
|
|-weather|SunnyDay|[upkeep]
|-heal|p2a: Gliscor|75/100 tox|[from] ability: Poison Heal
|upkeep
|
|t:|1760383990
|switch|p1a: Sableye|Sableye, M|100/100
|turn|36
|
|t:|1760383997
|move|p2a: Gliscor|Toxic|p1a: Sableye
|-status|p1a: Sableye|tox
|move|p1a: Sableye|Knock Off|p2a: Gliscor
|-damage|p2a: Gliscor|55/100 tox
|-enditem|p2a: Gliscor|Toxic Orb|[from] move: Knock Off|[of] p1a: Sableye
|
|-weather|SunnyDay|[upkeep]
|-heal|p2a: Gliscor|68/100 tox|[from] ability: Poison Heal
|-damage|p1a: Sableye|94/100 tox|[from] psn
|upkeep
|turn|37
|
|t:|1760384002
|move|p2a: Gliscor|Knock Off|p1a: Sableye
|-damage|p1a: Sableye|72/100 tox
|-damage|p2a: Gliscor|51/100 tox|[from] item: Rocky Helmet|[of] p1a: Sableye
|-enditem|p1a: Sableye|Rocky Helmet|[from] move: Knock Off|[of] p2a: Gliscor
|move|p1a: Sableye|Knock Off|p2a: Gliscor
|-damage|p2a: Gliscor|38/100 tox
|
|-weather|SunnyDay|[upkeep]
|-heal|p2a: Gliscor|50/100 tox|[from] ability: Poison Heal
|-damage|p1a: Sableye|59/100 tox|[from] psn
|upkeep
|turn|38
|
|t:|1760384007
|move|p2a: Gliscor|Protect|p2a: Gliscor
|-singleturn|p2a: Gliscor|Protect
|move|p1a: Sableye|Recover|p1a: Sableye
|-heal|p1a: Sableye|100/100 tox
|
|-weather|SunnyDay|[upkeep]
|-heal|p2a: Gliscor|63/100 tox|[from] ability: Poison Heal
|-damage|p1a: Sableye|82/100 tox|[from] psn
|upkeep
|turn|39
|
|t:|1760384009
|move|p1a: Sableye|Encore|p2a: Gliscor
|-start|p2a: Gliscor|Encore
|move|p2a: Gliscor|Protect||[still]
|-fail|p2a: Gliscor
|
|-weather|SunnyDay|[upkeep]
|-heal|p2a: Gliscor|75/100 tox|[from] ability: Poison Heal
|-damage|p1a: Sableye|57/100 tox|[from] psn
|upkeep
|turn|40
|
|t:|1760384012
|switch|p2a: Cinderace|Cinderace, F|100/100
|switch|p1a: Rillaboom|Rillaboom, M|100/100
|-fieldstart|move: Grassy Terrain|[from] ability: Grassy Surge|[of] p1a: Rillaboom
|
|-weather|none
|upkeep
|turn|41
|
|t:|1760384018
|switch|p1a: Sableye|Sableye, M|57/100 tox
|move|p2a: Cinderace|U-turn|p1a: Sableye
|-start|p2a: Cinderace|typechange|Bug|[from] ability: Libero
|-damage|p1a: Sableye|7/100 tox
|-message|jxrx forfeited.
|
|win|isi_isi_isi_isi
|raw|jxrx's rating: 1381 &rarr; <strong>1360</strong><br />(-21 for losing)
|raw|isi_isi_isi_isi's rating: 1365 &rarr; <strong>1386</strong><br />(+21 for winning)
|l|☆jxrx
|player|p1|
|l|☆isi_isi_isi_isi
|player|p2|
