|j|☆vuopuer
|j|☆EriCadalzo
|t:|1760330333
|gametype|singles
|player|p1|vuopuer|may-masters2|1540
|player|p2|EriCadalzo|cynthia-gen7|1450
|gen|9
|tier|[Gen 9] OU
|rated|
|rule|HP Percentage Mod: HP is shown in percentages
|rule|Endless Battle Clause: Forcing endless battles is banned
|rule|Species Clause: Limit one of each Pokémon
|rule|OHKO Clause: OHKO moves are banned
|rule|Evasion Items Clause: Evasion items are banned
|rule|Evasion Moves Clause: Evasion moves are banned
|rule|Evasion Abilities Clause: Evasion abilities are banned
|rule|Sleep Moves Clause: Sleep-inducing moves are banned
|clearpoke
|poke|p1|Blaziken, M|
|poke|p1|Kingambit, M|
|poke|p1|Ting-Lu|
|poke|p1|Pecharunt|
|poke|p1|Ogerpon-Wellspring, F|
|poke|p1|Hatterene, F|
|poke|p2|Gholdengo|
|poke|p2|Darkrai|
|poke|p2|Ting-Lu|
|poke|p2|Zapdos|
|poke|p2|Primarina, M|
|poke|p2|Gliscor, M|
|teampreview
|inactive|Battle timer is ON: inactive players will automatically lose when time's up. (requested by EriCadalzo)
|
|t:|1760330345
|teamsize|p1|6
|teamsize|p2|6
|start
|switch|p1a: Hatterene|Hatterene, F|100/100
|switch|p2a: Zapdos|Zapdos|100/100
|turn|1
|
|t:|1760330364
|move|p2a: Zapdos|Volt Switch|p1a: Hatterene
|-damage|p1a: Hatterene|76/100
|-enditem|p1a: Hatterene|Eject Button
|
|t:|1760330367
|switch|p1a: Ting-Lu|Ting-Lu|100/100
|-ability|p1a: Ting-Lu|Vessel of Ruin
|
|upkeep
|turn|2
|
|t:|1760330383
|switch|p2a: Gliscor|Gliscor, M|100/100
|move|p1a: Ting-Lu|Stealth Rock|p2a: Gliscor
|-sidestart|p2: EriCadalzo|move: Stealth Rock
|
|-status|p2a: Gliscor|tox|[from] item: Toxic Orb
|upkeep
|turn|3
|
|t:|1760330396
|move|p2a: Gliscor|Knock Off|p1a: Ting-Lu
|-resisted|p1a: Ting-Lu
|-damage|p1a: Ting-Lu|94/100
|-enditem|p1a: Ting-Lu|Leftovers|[from] move: Knock Off|[of] p2a: Gliscor
|move|p1a: Ting-Lu|Whirlwind|p2a: Gliscor
|drag|p2a: Gholdengo|Gholdengo|100/100
|-damage|p2a: Gholdengo|94/100|[from] Stealth Rock
|
|upkeep
|turn|4
|
|t:|1760330422
|switch|p2a: Gliscor|Gliscor, M|100/100 tox
|-damage|p2a: Gliscor|88/100 tox|[from] Stealth Rock
|move|p1a: Ting-Lu|Whirlwind|p2a: Gliscor
|drag|p2a: Gholdengo|Gholdengo|94/100
|-damage|p2a: Gholdengo|88/100|[from] Stealth Rock
|
|upkeep
|turn|5
|
|t:|1760330430
|move|p2a: Gholdengo|Make It Rain|p1a: Ting-Lu
|-damage|p1a: Ting-Lu|68/100
|-unboost|p2a: Gholdengo|spa|1
|move|p1a: Ting-Lu|Earthquake|p2a: Gholdengo
|-supereffective|p2a: Gholdengo
|-enditem|p2a: Gholdengo|Shuca Berry|[eat]
|-enditem|p2a: Gholdengo|Shuca Berry|[weaken]
|-damage|p2a: Gholdengo|51/100
|
|upkeep
|turn|6
|
|t:|1760330453
|switch|p2a: Zapdos|Zapdos|100/100
|switch|p1a: Ogerpon|Ogerpon-Wellspring, F|100/100
|
|upkeep
|turn|7
|
|t:|1760330467
|move|p1a: Ogerpon|Ivy Cudgel|p2a: Zapdos|[anim] Ivy Cudgel Water
|-damage|p2a: Zapdos|57/100
|move|p2a: Zapdos|Hurricane|p1a: Ogerpon
|-supereffective|p1a: Ogerpon
|-damage|p1a: Ogerpon|0 fnt
|faint|p1a: Ogerpon
|
|upkeep
|
|t:|1760330475
|switch|p1a: Kingambit|Kingambit, M|100/100
|-activate|p1a: Kingambit|ability: Supreme Overlord
|-start|p1a: Kingambit|fallen1|[silent]
|turn|8
|
|t:|1760330483
|move|p2a: Zapdos|Volt Switch|p1a: Kingambit
|-damage|p1a: Kingambit|66/100
|
|t:|1760330497
|switch|p2a: Ting-Lu|Ting-Lu|100/100|[from] Volt Switch
|-damage|p2a: Ting-Lu|94/100|[from] Stealth Rock
|-ability|p2a: Ting-Lu|Vessel of Ruin
|move|p1a: Kingambit|Swords Dance|p1a: Kingambit
|-boost|p1a: Kingambit|atk|2
|
|upkeep
|turn|9
|
|t:|1760330501
|move|p1a: Kingambit|Low Kick|p2a: Ting-Lu
|-supereffective|p2a: Ting-Lu
|-damage|p2a: Ting-Lu|0 fnt
|-damage|p1a: Kingambit|50/100|[from] item: Rocky Helmet|[of] p2a: Ting-Lu
|faint|p2a: Ting-Lu
|
|upkeep
|
|t:|1760330515
|switch|p2a: Primarina|Primarina, M|100/100
|turn|10
|
|t:|1760330529
|move|p2a: Primarina|Surf|p1a: Kingambit
|-damage|p1a: Kingambit|0 fnt
|faint|p1a: Kingambit
|-end|p1a: Kingambit|fallen1|[silent]
|
|upkeep
|
|t:|1760330534
|switch|p1a: Hatterene|Hatterene, F|76/100
|turn|11
|
|t:|1760330541
|move|p2a: Primarina|Moonblast|p1a: Hatterene
|-damage|p1a: Hatterene|36/100
|move|p1a: Hatterene|Psychic Noise|p2a: Primarina
|-crit|p2a: Primarina
|-damage|p2a: Primarina|52/100
|-start|p2a: Primarina|move: Heal Block
|
|upkeep
|turn|12
|
|t:|1760330551
|move|p2a: Primarina|Moonblast|p1a: Hatterene
|-damage|p1a: Hatterene|0 fnt
|faint|p1a: Hatterene
|
|-end|p2a: Primarina|move: Heal Block
|upkeep
|
|t:|1760330555
|switch|p1a: Pecharunt|Pecharunt|100/100
|-item|p1a: Pecharunt|Air Balloon
|turn|13
|
|t:|1760330561
|switch|p2a: Gliscor|Gliscor, M|88/100 tox
|-damage|p2a: Gliscor|75/100 tox|[from] Stealth Rock
|move|p1a: Pecharunt|Malignant Chain|p2a: Gliscor
|-resisted|p2a: Gliscor
|-damage|p2a: Gliscor|62/100 tox
|
|-heal|p2a: Gliscor|74/100 tox|[from] ability: Poison Heal
|upkeep
|turn|14
|
|t:|1760330566
|move|p2a: Gliscor|Knock Off|p1a: Pecharunt
|-supereffective|p1a: Pecharunt
|-damage|p1a: Pecharunt|80/100
|-enditem|p1a: Pecharunt|Air Balloon
|move|p1a: Pecharunt|Hex|p2a: Gliscor
|-damage|p2a: Gliscor|34/100 tox
|
|-heal|p2a: Gliscor|47/100 tox|[from] ability: Poison Heal
|upkeep
|turn|15
|
|t:|1760330577
|switch|p2a: Darkrai|Darkrai|100/100
|move|p1a: Pecharunt|Hex|p2a: Darkrai
|-resisted|p2a: Darkrai
|-damage|p2a: Darkrai|87/100
|
|upkeep
|turn|16
|
|t:|1760330581
|switch|p1a: Ting-Lu|Ting-Lu|68/100
|-ability|p1a: Ting-Lu|Vessel of Ruin
|move|p2a: Darkrai|Dark Pulse|p1a: Ting-Lu
|-resisted|p1a: Ting-Lu
|-damage|p1a: Ting-Lu|59/100
|
|upkeep
|turn|17
|
|t:|1760330593
|move|p2a: Darkrai|Will-O-Wisp|p1a: Ting-Lu|[miss]
|-miss|p2a: Darkrai|p1a: Ting-Lu
|move|p1a: Ting-Lu|Whirlwind|p2a: Darkrai
|drag|p2a: Primarina|Primarina, M|52/100
|
|upkeep
|turn|18
|
|t:|1760330601
|move|p2a: Primarina|Flip Turn|p1a: Ting-Lu
|-supereffective|p1a: Ting-Lu
|-damage|p1a: Ting-Lu|45/100
|
|t:|1760330608
|switch|p2a: Gliscor|Gliscor, M|47/100 tox|[from] Flip Turn
|-damage|p2a: Gliscor|34/100 tox|[from] Stealth Rock
|move|p1a: Ting-Lu|Earthquake|p2a: Gliscor
|-immune|p2a: Gliscor
|
|-heal|p2a: Gliscor|47/100 tox|[from] ability: Poison Heal
|upkeep
|turn|19
|
|t:|1760330615
|move|p2a: Gliscor|Facade|p1a: Ting-Lu
|-damage|p1a: Ting-Lu|29/100
|move|p1a: Ting-Lu|Whirlwind|p2a: Gliscor
|drag|p2a: Primarina|Primarina, M|52/100
|
|upkeep
|turn|20
|
|t:|1760330633
|move|p2a: Primarina|Surf|p1a: Ting-Lu
|-supereffective|p1a: Ting-Lu
|-damage|p1a: Ting-Lu|0 fnt
|faint|p1a: Ting-Lu
|
|upkeep
|
|t:|1760330635
|switch|p1a: Pecharunt|Pecharunt|80/100
|turn|21
|
|t:|1760330653
|switch|p2a: Gholdengo|Gholdengo|51/100
|-damage|p2a: Gholdengo|45/100|[from] Stealth Rock
|move|p1a: Pecharunt|Parting Shot|p2a: Gholdengo
|-immune|p2a: Gholdengo|[from] ability: Good as Gold
|
|upkeep
|turn|22
|
|t:|1760330665
|move|p2a: Gholdengo|Shadow Ball|p1a: Pecharunt
|-supereffective|p1a: Pecharunt
|-crit|p1a: Pecharunt
|-damage|p1a: Pecharunt|0 fnt
|faint|p1a: Pecharunt
|
|upkeep
|
|t:|1760330667
|switch|p1a: Blaziken|Blaziken, M, shiny|100/100
|turn|23
|
|t:|1760330673
|move|p1a: Blaziken|Focus Energy|p1a: Blaziken
|-start|p1a: Blaziken|move: Focus Energy
|move|p2a: Gholdengo|Shadow Ball|p1a: Blaziken
|-damage|p1a: Blaziken|30/100
|-unboost|p1a: Blaziken|spd|1
|
|-ability|p1a: Blaziken|Speed Boost|boost
|-boost|p1a: Blaziken|spe|1
|upkeep
|turn|24
|
|t:|1760330687
|move|p1a: Blaziken|Overheat|p2a: Gholdengo
|-supereffective|p2a: Gholdengo
|-crit|p2a: Gholdengo
|-damage|p2a: Gholdengo|0 fnt
|-unboost|p1a: Blaziken|spa|2
|faint|p2a: Gholdengo
|
|-ability|p1a: Blaziken|Speed Boost|boost
|-boost|p1a: Blaziken|spe|1
|upkeep
|
|t:|1760330696
|switch|p2a: Primarina|Primarina, M|52/100
|turn|25
|
|t:|1760330722
|-terastallize|p1a: Blaziken|Fire
|move|p1a: Blaziken|Overheat|p2a: Primarina
|-resisted|p2a: Primarina
|-crit|p2a: Primarina
|-damage|p2a: Primarina|0 fnt
|-unboost|p1a: Blaziken|spa|2
|faint|p2a: Primarina
|
|-ability|p1a: Blaziken|Speed Boost|boost
|-boost|p1a: Blaziken|spe|1
|upkeep
|inactive|EriCadalzo has 120 seconds left.
|inactive|EriCadalzo has 90 seconds left.
|inactive|EriCadalzo has 60 seconds left.
|
|t:|1760330802
|switch|p2a: Gliscor|Gliscor, M|47/100 tox
|-damage|p2a: Gliscor|34/100 tox|[from] Stealth Rock
|turn|26
|l|☆vuopuer
|inactive|vuopuer disconnected and has a minute to reconnect!
|player|p1|
|inactive|EriCadalzo has 60 seconds left.
|j|☆vuopuer
|inactive|vuopuer reconnected and has 145 seconds left.
|player|p1|vuopuer|may-masters2|
|
|t:|1760330812
|move|p2a: Gliscor|Protect|p2a: Gliscor
|-singleturn|p2a: Gliscor|Protect
|move|p1a: Blaziken|Overheat|p2a: Gliscor
|-activate|p2a: Gliscor|move: Protect
|
|-heal|p2a: Gliscor|47/100 tox|[from] ability: Poison Heal
|-ability|p1a: Blaziken|Speed Boost|boost
|-boost|p1a: Blaziken|spe|1
|upkeep
|turn|27
|inactive|EriCadalzo has 60 seconds left.
|
|t:|1760330839
|move|p2a: Gliscor|Protect|p2a: Gliscor
|-singleturn|p2a: Gliscor|Protect
|move|p1a: Blaziken|Overheat|p2a: Gliscor
|-activate|p2a: Gliscor|move: Protect
|
|-heal|p2a: Gliscor|59/100 tox|[from] ability: Poison Heal
|-ability|p1a: Blaziken|Speed Boost|boost
|-boost|p1a: Blaziken|spe|1
|upkeep
|turn|28
|
|t:|1760330858
|switch|p2a: Darkrai|Darkrai|87/100
|move|p1a: Blaziken|Overheat|p2a: Darkrai
|-crit|p2a: Darkrai
|-damage|p2a: Darkrai|0 fnt
|-unboost|p1a: Blaziken|spa|2
|faint|p2a: Darkrai
|
|-ability|p1a: Blaziken|Speed Boost|boost
|-boost|p1a: Blaziken|spe|1
|upkeep
|
|t:|1760330869
|switch|p2a: Gliscor|Gliscor, M|59/100 tox
|-damage|p2a: Gliscor|47/100 tox|[from] Stealth Rock
|turn|29
|
|t:|1760330873
|move|p2a: Gliscor|Protect|p2a: Gliscor
|-singleturn|p2a: Gliscor|Protect
|move|p1a: Blaziken|Overheat|p2a: Gliscor
|-activate|p2a: Gliscor|move: Protect
|
|-heal|p2a: Gliscor|59/100 tox|[from] ability: Poison Heal
|upkeep
|turn|30
|
|t:|1760330881
|move|p2a: Gliscor|Protect||[still]
|-fail|p2a: Gliscor
|move|p1a: Blaziken|Overheat|p2a: Gliscor
|-crit|p2a: Gliscor
|-damage|p2a: Gliscor|0 fnt
|faint|p2a: Gliscor
|
|upkeep
|
|t:|1760330886
|switch|p2a: Zapdos|Zapdos|57/100
|turn|31
|
|t:|1760330891
|-terastallize|p2a: Zapdos|Dragon
|move|p1a: Blaziken|Overheat|p2a: Zapdos|[miss]
|-miss|p1a: Blaziken|p2a: Zapdos
|move|p2a: Zapdos|Volt Switch|p1a: Blaziken
|-damage|p1a: Blaziken|0 fnt
|faint|p1a: Blaziken
|
|win|EriCadalzo
|raw|vuopuer's rating: 1540 &rarr; <strong>1515</strong><br />(-25 for losing)
|raw|EriCadalzo's rating: 1450 &rarr; <strong>1475</strong><br />(+25 for winning)
|c|☆EriCadalzo|damn
|c|☆vuopuer|？
|c|☆EriCadalzo|gg
|c|☆vuopuer|？
|c|☆vuopuer|？
|c|☆EriCadalzo|?
|l|☆vuopuer
|player|p1|
