|j|☆hj7
|j|☆Titanosaurus
|t:|1760372883
|gametype|singles
|player|p1|hj7|2|1229
|player|p2|Titanosaurus|byron|1256
|gen|9
|tier|[Gen 9] OU
|rated|
|rule|HP Percentage Mod: HP is shown in percentages
|rule|Endless Battle Clause: Forcing endless battles is banned
|rule|Species Clause: Limit one of each Pokémon
|rule|OHKO Clause: OHKO moves are banned
|rule|Evasion Items Clause: Evasion items are banned
|rule|Evasion Moves Clause: Evasion moves are banned
|rule|Evasion Abilities Clause: Evasion abilities are banned
|rule|Sleep Moves Clause: Sleep-inducing moves are banned
|clearpoke
|poke|p1|Dragapult, M|
|poke|p1|Araquanid, F|
|poke|p1|Serperior, F|
|poke|p1|Samurott-Hisui, F|
|poke|p1|Landorus-Therian, M|
|poke|p1|Iron Moth|
|poke|p2|Torkoal, M|
|poke|p2|Lilligant, F|
|poke|p2|Cinderace, F|
|poke|p2|Sandy Shocks|
|poke|p2|Skeledirge, M|
|poke|p2|Brute Bonnet|
|teampreview
|inactive|Battle timer is ON: inactive players will automatically lose when time's up. (requested by Titanosaurus)
|
|t:|1760372892
|teamsize|p1|6
|teamsize|p2|6
|start
|switch|p1a: Landorus|Landorus-Therian, M|100/100
|switch|p2a: Sandy Shocks|Sandy Shocks|100/100
|-ability|p1a: Landorus|Intimidate|boost
|-unboost|p2a: Sandy Shocks|atk|1
|turn|1
|
|t:|1760372903
|-terastallize|p2a: Sandy Shocks|Ice
|move|p2a: Sandy Shocks|Tera Blast|p1a: Landorus|[anim] Tera Blast Ice
|-supereffective|p1a: Landorus
|-damage|p1a: Landorus|0 fnt
|faint|p1a: Landorus
|
|upkeep
|
|t:|1760372912
|switch|p1a: Samurott|Samurott-Hisui, F|100/100
|turn|2
|
|t:|1760372918
|-end|p2a: Sandy Shocks|Protosynthesis|[silent]
|switch|p2a: Torkoal|Torkoal, M|100/100
|-weather|SunnyDay|[from] ability: Drought|[of] p2a: Torkoal
|-terastallize|p1a: Samurott|Fighting
|move|p1a: Samurott|Ceaseless Edge|p2a: Torkoal
|-damage|p2a: Torkoal|77/100
|-sidestart|p2: Titanosaurus|Spikes
|
|-weather|SunnyDay|[upkeep]
|upkeep
|turn|3
|
|t:|1760372927
|move|p1a: Samurott|Ceaseless Edge|p2a: Torkoal
|-crit|p2a: Torkoal
|-damage|p2a: Torkoal|40/100
|-sidestart|p2: Titanosaurus|Spikes
|move|p2a: Torkoal|Rapid Spin|p1a: Samurott
|-damage|p1a: Samurott|89/100
|-boost|p2a: Torkoal|spe|1
|-sideend|p2: Titanosaurus|Spikes|[from] move: Rapid Spin|[of] p2a: Torkoal
|
|-weather|SunnyDay|[upkeep]
|-heal|p1a: Samurott|95/100|[from] item: Leftovers
|upkeep
|turn|4
|
|t:|1760372936
|switch|p2a: Brute Bonnet|Brute Bonnet|100/100
|-activate|p2a: Brute Bonnet|ability: Protosynthesis
|-start|p2a: Brute Bonnet|protosynthesisatk
|move|p1a: Samurott|Ceaseless Edge|p2a: Brute Bonnet
|-resisted|p2a: Brute Bonnet
|-damage|p2a: Brute Bonnet|86/100
|-sidestart|p2: Titanosaurus|Spikes
|
|-weather|SunnyDay|[upkeep]
|-heal|p1a: Samurott|100/100|[from] item: Leftovers
|upkeep
|turn|5
|
|t:|1760372945
|move|p1a: Samurott|Sacred Sword|p2a: Brute Bonnet
|-supereffective|p2a: Brute Bonnet
|-damage|p2a: Brute Bonnet|0 fnt
|faint|p2a: Brute Bonnet
|-end|p2a: Brute Bonnet|Protosynthesis|[silent]
|
|-weather|SunnyDay|[upkeep]
|upkeep
|
|t:|1760372955
|switch|p2a: Lilligant|Lilligant, F|100/100
|-damage|p2a: Lilligant|88/100|[from] Spikes
|turn|6
|
|t:|1760372963
|move|p2a: Lilligant|Weather Ball|p1a: Samurott
|-damage|p1a: Samurott|0 fnt
|faint|p1a: Samurott
|
|-weather|SunnyDay|[upkeep]
|upkeep
|
|t:|1760372970
|switch|p1a: Iron Moth|Iron Moth|100/100
|-enditem|p1a: Iron Moth|Booster Energy
|-activate|p1a: Iron Moth|ability: Quark Drive|[fromitem]
|-start|p1a: Iron Moth|quarkdrivespa
|turn|7
|
|t:|1760372983
|move|p2a: Lilligant|Weather Ball|p1a: Iron Moth
|-resisted|p1a: Iron Moth
|-damage|p1a: Iron Moth|63/100
|move|p1a: Iron Moth|Fiery Dance|p2a: Lilligant
|-supereffective|p2a: Lilligant
|-damage|p2a: Lilligant|0 fnt
|faint|p2a: Lilligant
|
|-weather|SunnyDay|[upkeep]
|upkeep
|
|t:|1760372987
|switch|p2a: Sandy Shocks|Sandy Shocks, tera:Ice|100/100
|-damage|p2a: Sandy Shocks|88/100|[from] Spikes
|-activate|p2a: Sandy Shocks|ability: Protosynthesis
|-start|p2a: Sandy Shocks|protosynthesisspa
|turn|8
|
|t:|1760372995
|move|p2a: Sandy Shocks|Thunderbolt|p1a: Iron Moth
|-damage|p1a: Iron Moth|0 fnt
|faint|p1a: Iron Moth
|-end|p1a: Iron Moth|Quark Drive|[silent]
|
|-weather|SunnyDay|[upkeep]
|upkeep
|
|t:|1760373003
|switch|p1a: Dragapult|Dragapult, M|100/100
|turn|9
|
|t:|1760373008
|-end|p2a: Sandy Shocks|Protosynthesis|[silent]
|switch|p2a: Torkoal|Torkoal, M|40/100
|-damage|p2a: Torkoal|28/100|[from] Spikes
|move|p1a: Dragapult|Fire Blast|p2a: Torkoal
|-resisted|p2a: Torkoal
|-damage|p2a: Torkoal|0 fnt
|faint|p2a: Torkoal
|
|-weather|none
|upkeep
|
|t:|1760373013
|switch|p2a: Cinderace|Cinderace, F|100/100
|turn|10
|
|t:|1760373022
|switch|p1a: Serperior|Serperior, F|100/100
|move|p2a: Cinderace|Court Change|p2a: Cinderace
|-start|p2a: Cinderace|typechange|Normal|[from] ability: Libero
|-swapsideconditions
|-activate|p2a: Cinderace|move: Court Change
|
|upkeep
|turn|11
|
|t:|1760373029
|move|p2a: Cinderace|Pyro Ball|p1a: Serperior
|-supereffective|p1a: Serperior
|-damage|p1a: Serperior|20/100
|move|p1a: Serperior|Leaf Storm|p2a: Cinderace
|-damage|p2a: Cinderace|26/100
|-boost|p1a: Serperior|spa|2
|-damage|p1a: Serperior|10/100|[from] item: Life Orb
|
|upkeep
|turn|12
|
|t:|1760373037
|move|p2a: Cinderace|U-turn|p1a: Serperior
|-supereffective|p1a: Serperior
|-damage|p1a: Serperior|0 fnt
|faint|p1a: Serperior
|
|t:|1760373044
|switch|p2a: Sandy Shocks|Sandy Shocks, tera:Ice|88/100|[from] U-turn
|
|upkeep
|
|t:|1760373050
|switch|p1a: Araquanid|Araquanid, F|100/100
|turn|13
|
|t:|1760373055
|move|p2a: Sandy Shocks|Volt Switch|p1a: Araquanid
|-supereffective|p1a: Araquanid
|-damage|p1a: Araquanid|56/100
|
|t:|1760373059
|-end|p2a: Sandy Shocks|Protosynthesis|[silent]
|switch|p2a: Cinderace|Cinderace, F|26/100|[from] Volt Switch
|move|p1a: Araquanid|Hydro Pump|p2a: Cinderace
|-supereffective|p2a: Cinderace
|-damage|p2a: Cinderace|0 fnt
|faint|p2a: Cinderace
|
|upkeep
|
|t:|1760373065
|switch|p2a: Sandy Shocks|Sandy Shocks, tera:Ice|88/100
|turn|14
|
|t:|1760373069
|move|p2a: Sandy Shocks|Thunderbolt|p1a: Araquanid
|-supereffective|p1a: Araquanid
|-damage|p1a: Araquanid|0 fnt
|faint|p1a: Araquanid
|
|upkeep
|
|t:|1760373073
|switch|p1a: Dragapult|Dragapult, M|100/100
|-damage|p1a: Dragapult|88/100|[from] Spikes
|turn|15
|
|t:|1760373077
|-end|p2a: Sandy Shocks|Protosynthesis|[silent]
|switch|p2a: Skeledirge|Skeledirge, M|100/100
|move|p1a: Dragapult|Shadow Ball|p2a: Skeledirge
|-supereffective|p2a: Skeledirge
|-damage|p2a: Skeledirge|0 fnt
|faint|p2a: Skeledirge
|
|upkeep
|
|t:|1760373082
|switch|p2a: Sandy Shocks|Sandy Shocks, tera:Ice|88/100
|turn|16
|
|t:|1760373086
|move|p2a: Sandy Shocks|Tera Blast|p1a: Dragapult|[anim] Tera Blast Ice
|-supereffective|p1a: Dragapult
|-damage|p1a: Dragapult|0 fnt
|faint|p1a: Dragapult
|
|win|Titanosaurus
|raw|hj7's rating: 1229 &rarr; <strong>1206</strong><br />(-23 for losing)
|raw|Titanosaurus's rating: 1256 &rarr; <strong>1279</strong><br />(+23 for winning)
|l|☆hj7
|player|p1|
|l|☆Titanosaurus
|player|p2|
