|j|☆trig777
|j|☆apex9498
|t:|1760400325
|gametype|singles
|player|p1|trig777|ghetsis-gen5bw|1063
|player|p2|apex9498|102|1012
|gen|9
|tier|[Gen 9] OU
|rated|
|rule|HP Percentage Mod: HP is shown in percentages
|rule|Endless Battle Clause: Forcing endless battles is banned
|rule|Species Clause: Limit one of each Pokémon
|rule|OHKO Clause: OHKO moves are banned
|rule|Evasion Items Clause: Evasion items are banned
|rule|Evasion Moves Clause: Evasion moves are banned
|rule|Evasion Abilities Clause: Evasion abilities are banned
|rule|Sleep Moves Clause: Sleep-inducing moves are banned
|clearpoke
|poke|p1|Gengar, F|
|poke|p1|Gyarados, M|
|poke|p1|Landorus-Therian, M|
|poke|p1|Latios, M|
|poke|p1|Umbreon, F|
|poke|p1|Metagross|
|poke|p2|Darkrai|
|poke|p2|Great Tusk|
|poke|p2|Gholdengo|
|poke|p2|Kingambit, M|
|poke|p2|Glimmora, M|
|poke|p2|Dragonite, M|
|teampreview
|inactive|Battle timer is ON: inactive players will automatically lose when time's up. (requested by trig777)
|
|t:|1760400332
|teamsize|p1|6
|teamsize|p2|6
|start
|switch|p1a: Landorus|Landorus-Therian, M, shiny|100/100
|switch|p2a: Glimmora|Glimmora, M, shiny|100/100
|-ability|p1a: Landorus|Intimidate|boost
|-unboost|p2a: Glimmora|atk|1
|turn|1
|
|t:|1760400341
|switch|p2a: Gholdengo|Gholdengo, shiny|100/100
|-item|p2a: Gholdengo|Air Balloon
|move|p1a: Landorus|Earthquake|p2a: Gholdengo
|-immune|p2a: Gholdengo
|
|upkeep
|turn|2
|
|t:|1760400351
|switch|p1a: Umbreon|Umbreon, F, shiny|100/100
|move|p2a: Gholdengo|Make It Rain|p1a: Umbreon
|-damage|p1a: Umbreon|57/100
|-unboost|p2a: Gholdengo|spa|1
|
|-heal|p1a: Umbreon|63/100|[from] item: Leftovers
|upkeep
|turn|3
|
|t:|1760400361
|move|p2a: Gholdengo|Nasty Plot|p2a: Gholdengo
|-boost|p2a: Gholdengo|spa|2
|move|p1a: Umbreon|Foul Play|p2a: Gholdengo
|-supereffective|p2a: Gholdengo
|-damage|p2a: Gholdengo|64/100
|-enditem|p2a: Gholdengo|Air Balloon
|
|-heal|p1a: Umbreon|69/100|[from] item: Leftovers
|upkeep
|turn|4
|
|t:|1760400369
|move|p2a: Gholdengo|Dazzling Gleam|p1a: Umbreon
|-supereffective|p1a: Umbreon
|-damage|p1a: Umbreon|13/100
|move|p1a: Umbreon|Roar|p2a: Gholdengo
|-immune|p2a: Gholdengo|[from] ability: Good as Gold
|
|-heal|p1a: Umbreon|19/100|[from] item: Leftovers
|upkeep
|turn|5
|
|t:|1760400389
|switch|p1a: Metagross|Metagross, shiny|100/100
|move|p2a: Gholdengo|Dazzling Gleam|p1a: Metagross
|-resisted|p1a: Metagross
|-damage|p1a: Metagross|82/100
|
|upkeep
|turn|6
|
|t:|1760400395
|move|p2a: Gholdengo|Shadow Ball|p1a: Metagross
|-supereffective|p1a: Metagross
|-damage|p1a: Metagross|0 fnt
|faint|p1a: Metagross
|
|upkeep
|
|t:|1760400400
|switch|p1a: Gengar|Gengar, F, shiny|100/100
|turn|7
|
|t:|1760400404
|-terastallize|p2a: Gholdengo|Fairy
|move|p1a: Gengar|Shadow Ball|p2a: Gholdengo
|-damage|p2a: Gholdengo|9/100
|move|p2a: Gholdengo|Shadow Ball|p1a: Gengar
|-supereffective|p1a: Gengar
|-damage|p1a: Gengar|0 fnt
|faint|p1a: Gengar
|
|upkeep
|
|t:|1760400414
|switch|p1a: Umbreon|Umbreon, F, shiny|19/100
|turn|8
|
|t:|1760400417
|move|p2a: Gholdengo|Dazzling Gleam|p1a: Umbreon
|-supereffective|p1a: Umbreon
|-damage|p1a: Umbreon|0 fnt
|faint|p1a: Umbreon
|
|upkeep
|
|t:|1760400426
|switch|p1a: Gyarados|Gyarados, M, shiny|100/100
|turn|9
|inactive|apex9498 has 120 seconds left.
|
|t:|1760400460
|move|p2a: Gholdengo|Dazzling Gleam|p1a: Gyarados
|-damage|p1a: Gyarados|33/100
|move|p1a: Gyarados|Waterfall|p2a: Gholdengo
|-damage|p2a: Gholdengo|0 fnt
|faint|p2a: Gholdengo
|-ability|p1a: Gyarados|Moxie|boost
|-boost|p1a: Gyarados|atk|1
|
|upkeep
|inactive|apex9498 has 120 seconds left.
|
|t:|1760400468
|switch|p2a: Glimmora|Glimmora, M, shiny|100/100
|turn|10
|
|t:|1760400471
|move|p2a: Glimmora|Meteor Beam||[still]
|-prepare|p2a: Glimmora|Meteor Beam
|-boost|p2a: Glimmora|spa|1
|-enditem|p2a: Glimmora|Power Herb
|-anim|p2a: Glimmora|Meteor Beam|p1a: Gyarados
|-supereffective|p1a: Gyarados
|-damage|p1a: Gyarados|0 fnt
|faint|p1a: Gyarados
|
|upkeep
|
|t:|1760400479
|switch|p1a: Landorus|Landorus-Therian, M, shiny|100/100
|-ability|p1a: Landorus|Intimidate|boost
|-unboost|p2a: Glimmora|atk|1
|turn|11
|
|t:|1760400486
|switch|p2a: Dragonite|Dragonite, M, shiny|100/100
|move|p1a: Landorus|U-turn|p2a: Dragonite
|-resisted|p2a: Dragonite
|-damage|p2a: Dragonite|90/100
|
|t:|1760400490
|switch|p1a: Latios|Latios, M, shiny|100/100|[from] U-turn
|
|upkeep
|turn|12
|
|t:|1760400499
|switch|p2a: Glimmora|Glimmora, M, shiny|100/100
|move|p1a: Latios|Ice Beam|p2a: Glimmora
|-damage|p2a: Glimmora|34/100
|
|upkeep
|turn|13
|
|t:|1760400504
|move|p1a: Latios|Ice Beam|p2a: Glimmora
|-damage|p2a: Glimmora|0 fnt
|faint|p2a: Glimmora
|
|upkeep
|
|t:|1760400509
|switch|p2a: Darkrai|Darkrai, shiny|100/100
|turn|14
|
|t:|1760400513
|switch|p1a: Landorus|Landorus-Therian, M, shiny|100/100
|-ability|p1a: Landorus|Intimidate|boost
|-unboost|p2a: Darkrai|atk|1
|move|p2a: Darkrai|Dark Pulse|p1a: Landorus
|-crit|p1a: Landorus
|-damage|p1a: Landorus|17/100
|
|upkeep
|turn|15
|
|t:|1760400523
|move|p2a: Darkrai|Ice Beam|p1a: Landorus
|-supereffective|p1a: Landorus
|-damage|p1a: Landorus|0 fnt
|faint|p1a: Landorus
|
|upkeep
|
|t:|1760400527
|switch|p1a: Latios|Latios, M, shiny|100/100
|turn|16
|
|t:|1760400533
|move|p2a: Darkrai|Dark Pulse|p1a: Latios
|-supereffective|p1a: Latios
|-damage|p1a: Latios|0 fnt
|faint|p1a: Latios
|
|win|apex9498
|raw|trig777's rating: 1063 &rarr; <strong>1041</strong><br />(-22 for losing)
|raw|apex9498's rating: 1012 &rarr; <strong>1056</strong><br />(+44 for winning)
|l|☆trig777
|player|p1|
