|j|☆Obito 2001
|j|☆vghhjg
|t:|1760306698
|gametype|singles
|player|p1|Obito 2001|blue-gen3two|1612
|player|p2|vghhjg|2|1550
|gen|9
|tier|[Gen 9] OU
|rated|
|rule|HP Percentage Mod: HP is shown in percentages
|rule|Endless Battle Clause: Forcing endless battles is banned
|rule|Species Clause: Limit one of each Pokémon
|rule|OHKO Clause: OHKO moves are banned
|rule|Evasion Items Clause: Evasion items are banned
|rule|Evasion Moves Clause: Evasion moves are banned
|rule|Evasion Abilities Clause: Evasion abilities are banned
|rule|Sleep Moves Clause: Sleep-inducing moves are banned
|clearpoke
|poke|p1|Ogerpon-Wellspring, F|
|poke|p1|Toxapex, F|
|poke|p1|Gliscor, M|
|poke|p1|Blissey, F|
|poke|p1|Corviknight, F|
|poke|p1|Hoopa-Unbound|
|poke|p2|Ribombee, M|
|poke|p2|Gholdengo|
|poke|p2|Dragonite, M|
|poke|p2|Oricorio-Sensu, F|
|poke|p2|Primarina, M|
|poke|p2|Iron Treads|
|teampreview
|inactive|Battle timer is ON: inactive players will automatically lose when time's up. (requested by Obito 2001)
|
|t:|1760306707
|teamsize|p1|6
|teamsize|p2|6
|start
|switch|p1a: Uber level|Gliscor, M|100/100
|switch|p2a: Ribombee|Ribombee, M|100/100
|turn|1
|
|t:|1760306711
|move|p1a: Uber level|Protect|p1a: Uber level
|-singleturn|p1a: Uber level|Protect
|move|p2a: Ribombee|Stun Spore|p1a: Uber level
|-activate|p1a: Uber level|move: Protect
|
|-status|p1a: Uber level|tox|[from] item: Toxic Orb
|upkeep
|turn|2
|
|t:|1760306722
|move|p2a: Ribombee|Sticky Web|p1a: Uber level
|-sidestart|p1: Obito 2001|move: Sticky Web
|move|p1a: Uber level|Facade|p2a: Ribombee
|-damage|p2a: Ribombee|35/100
|
|upkeep
|turn|3
|
|t:|1760306730
|switch|p1a: Stall Machine|Toxapex, F|100/100
|-activate|p1a: Stall Machine|move: Sticky Web
|-unboost|p1a: Stall Machine|spe|1
|move|p2a: Ribombee|Skill Swap|p1a: Stall Machine
|-activate|p2a: Ribombee|move: Skill Swap|Regenerator|Shield Dust|[of] p1a: Stall Machine
|
|upkeep
|turn|4
|
|t:|1760306737
|switch|p2a: Iron Treads|Iron Treads|100/100
|move|p1a: Stall Machine|Toxic Spikes|p2a: Iron Treads
|-sidestart|p2: vghhjg|move: Toxic Spikes
|
|upkeep
|turn|5
|
|t:|1760306741
|switch|p1a: Sting|Corviknight, F, shiny|100/100
|-ability|p1a: Sting|Pressure
|move|p2a: Iron Treads|Stealth Rock|p1a: Sting
|-sidestart|p1: Obito 2001|move: Stealth Rock
|
|upkeep
|turn|6
|
|t:|1760306745
|move|p2a: Iron Treads|Knock Off|p1a: Sting
|-damage|p1a: Sting|84/100
|-damage|p2a: Iron Treads|84/100|[from] item: Rocky Helmet|[of] p1a: Sting
|-enditem|p1a: Sting|Rocky Helmet|[from] move: Knock Off|[of] p2a: Iron Treads
|move|p1a: Sting|Defog|p2a: Iron Treads
|-unboost|p2a: Iron Treads|evasion|1
|-sideend|p2: vghhjg|Toxic Spikes|[from] move: Defog|[of] p1a: Sting
|-sideend|p1: Obito 2001|Stealth Rock|[from] move: Defog|[of] p1a: Sting
|-sideend|p1: Obito 2001|Sticky Web|[from] move: Defog|[of] p1a: Sting
|
|upkeep
|turn|7
|
|t:|1760306756
|switch|p1a: 🎭|Ogerpon-Wellspring, F|100/100
|move|p2a: Iron Treads|Stealth Rock|p1a: 🎭
|-sidestart|p1: Obito 2001|move: Stealth Rock
|
|upkeep
|turn|8
|
|t:|1760306767
|move|p2a: Iron Treads|Earthquake|p1a: 🎭
|-resisted|p1a: 🎭
|-damage|p1a: 🎭|67/100
|move|p1a: 🎭|Trailblaze|p2a: Iron Treads
|-damage|p2a: Iron Treads|55/100
|-boost|p1a: 🎭|spe|1
|
|upkeep
|turn|9
|
|t:|1760306771
|move|p1a: 🎭|Ivy Cudgel|p2a: Iron Treads|[anim] Ivy Cudgel Water
|-supereffective|p2a: Iron Treads
|-damage|p2a: Iron Treads|0 fnt
|faint|p2a: Iron Treads
|-end|p2a: Iron Treads|Quark Drive|[silent]
|
|upkeep
|
|t:|1760306785
|switch|p2a: Dragonite|Dragonite, M, shiny|100/100
|turn|10
|
|t:|1760306788
|-terastallize|p2a: Dragonite|Flying
|move|p1a: 🎭|Ivy Cudgel|p2a: Dragonite|[anim] Ivy Cudgel Water
|-damage|p2a: Dragonite|68/100
|move|p2a: Dragonite|Tera Blast|p1a: 🎭|[anim] Tera Blast Flying
|-supereffective|p1a: 🎭
|-damage|p1a: 🎭|0 fnt
|faint|p1a: 🎭
|
|-heal|p2a: Dragonite|74/100|[from] item: Leftovers
|upkeep
|
|t:|1760306799
|switch|p1a: Sting|Corviknight, F, shiny|84/100
|-damage|p1a: Sting|71/100|[from] Stealth Rock
|-ability|p1a: Sting|Pressure
|turn|11
|
|t:|1760306804
|switch|p2a: Gholdengo|Gholdengo|100/100
|-item|p2a: Gholdengo|Air Balloon
|move|p1a: Sting|Defog|p2a: Gholdengo
|-immune|p2a: Gholdengo|[from] ability: Good as Gold
|
|upkeep
|turn|12
|
|t:|1760306811
|switch|p2a: Ribombee|Ribombee, M|68/100
|move|p1a: Sting|U-turn|p2a: Ribombee
|-resisted|p2a: Ribombee
|-damage|p2a: Ribombee|53/100
|
|t:|1760306814
|switch|p1a: Ruby Chan|Blissey, F|100/100|[from] U-turn
|-damage|p1a: Ruby Chan|88/100|[from] Stealth Rock
|
|-heal|p1a: Ruby Chan|94/100|[from] item: Leftovers
|upkeep
|turn|13
|
|t:|1760306817
|move|p2a: Ribombee|Sticky Web|p1a: Ruby Chan
|-sidestart|p1: Obito 2001|move: Sticky Web
|move|p1a: Ruby Chan|Stealth Rock|p2a: Ribombee
|-sidestart|p2: vghhjg|move: Stealth Rock
|
|-heal|p1a: Ruby Chan|99/100|[from] item: Leftovers
|upkeep
|turn|14
|j| yuy
|
|t:|1760306831
|switch|p1a: Sting|Corviknight, F, shiny|71/100
|-damage|p1a: Sting|59/100|[from] Stealth Rock
|-ability|p1a: Sting|Pressure
|move|p2a: Ribombee|Stun Spore|p1a: Sting
|-status|p1a: Sting|par
|
|upkeep
|turn|15
|
|t:|1760306844
|move|p2a: Ribombee|Psychic Noise|p1a: Sting
|-resisted|p1a: Sting
|-damage|p1a: Sting|50/100 par
|-start|p1a: Sting|move: Heal Block
|cant|p1a: Sting|move: Heal Block|Roost
|
|upkeep
|turn|16
|
|t:|1760306850
|switch|p1a: Stall Machine|Toxapex, F|100/100
|-damage|p1a: Stall Machine|88/100|[from] Stealth Rock
|-activate|p1a: Stall Machine|move: Sticky Web
|-unboost|p1a: Stall Machine|spe|1
|move|p2a: Ribombee|Psychic Noise|p1a: Stall Machine
|-supereffective|p1a: Stall Machine
|-damage|p1a: Stall Machine|54/100
|-start|p1a: Stall Machine|move: Heal Block
|
|upkeep
|turn|17
|
|t:|1760306859
|move|p2a: Ribombee|Stun Spore|p1a: Stall Machine
|-status|p1a: Stall Machine|par
|move|p1a: Stall Machine|Toxic Spikes|p2a: Ribombee
|-sidestart|p2: vghhjg|move: Toxic Spikes
|
|-end|p1a: Stall Machine|move: Heal Block
|upkeep
|turn|18
|
|t:|1760306867
|move|p2a: Ribombee|Psychic Noise|p1a: Stall Machine
|-supereffective|p1a: Stall Machine
|-damage|p1a: Stall Machine|22/100 par
|-start|p1a: Stall Machine|move: Heal Block
|move|p1a: Stall Machine|Toxic Spikes|p2a: Ribombee
|-sidestart|p2: vghhjg|move: Toxic Spikes
|
|upkeep
|turn|19
|
|t:|1760306875
|switch|p1a: Ruby Chan|Blissey, F|99/100
|-damage|p1a: Ruby Chan|88/100|[from] Stealth Rock
|-activate|p1a: Ruby Chan|move: Sticky Web
|-unboost|p1a: Ruby Chan|spe|1
|move|p2a: Ribombee|Psychic Noise|p1a: Ruby Chan
|-damage|p1a: Ruby Chan|82/100
|-start|p1a: Ruby Chan|move: Heal Block
|
|upkeep
|turn|20
|
|t:|1760306883
|move|p2a: Ribombee|Psychic Noise|p1a: Ruby Chan
|-damage|p1a: Ruby Chan|77/100
|move|p1a: Ruby Chan|Seismic Toss|p2a: Ribombee
|-damage|p2a: Ribombee|15/100
|
|-end|p1a: Ruby Chan|move: Heal Block
|upkeep
|turn|21
|
|t:|1760306890
|move|p2a: Ribombee|Stun Spore|p1a: Ruby Chan
|-status|p1a: Ruby Chan|par
|move|p1a: Ruby Chan|Seismic Toss|p2a: Ribombee
|-damage|p2a: Ribombee|0 fnt
|faint|p2a: Ribombee
|
|-heal|p1a: Ruby Chan|83/100 par|[from] item: Leftovers
|upkeep
|
|t:|1760306897
|switch|p2a: Oricorio|Oricorio-Sensu, F|100/100
|-damage|p2a: Oricorio|75/100|[from] Stealth Rock
|turn|22
|
|t:|1760306903
|-curestatus|p1a: Ruby Chan|par|[from] ability: Natural Cure
|switch|p1a: Djin of demise|Hoopa-Unbound|100/100
|-damage|p1a: Djin of demise|88/100|[from] Stealth Rock
|-activate|p1a: Djin of demise|move: Sticky Web
|-unboost|p1a: Djin of demise|spe|1
|move|p2a: Oricorio|Quiver Dance|p2a: Oricorio
|-boost|p2a: Oricorio|spa|1
|-boost|p2a: Oricorio|spd|1
|-boost|p2a: Oricorio|spe|1
|
|-heal|p2a: Oricorio|82/100|[from] item: Leftovers
|-heal|p1a: Djin of demise|94/100|[from] item: Leftovers
|upkeep
|turn|23
|inactive|vghhjg has 120 seconds left.
|
|t:|1760306935
|move|p2a: Oricorio|Revelation Dance|p1a: Djin of demise
|-damage|p1a: Djin of demise|46/100
|move|p1a: Djin of demise|Knock Off|p2a: Oricorio
|-supereffective|p2a: Oricorio
|-damage|p2a: Oricorio|0 fnt
|-enditem|p2a: Oricorio|Leftovers|[from] move: Knock Off|[of] p1a: Djin of demise
|faint|p2a: Oricorio
|
|-heal|p1a: Djin of demise|52/100|[from] item: Leftovers
|upkeep
|inactive|vghhjg has 120 seconds left.
|
|t:|1760306942
|switch|p2a: Primarina|Primarina, M|100/100
|-damage|p2a: Primarina|88/100|[from] Stealth Rock
|-status|p2a: Primarina|tox
|turn|24
|inactive|vghhjg has 120 seconds left.
|
|t:|1760306954
|switch|p1a: Stall Machine|Toxapex, F|55/100 par
|-damage|p1a: Stall Machine|42/100 par|[from] Stealth Rock
|-activate|p1a: Stall Machine|move: Sticky Web
|-unboost|p1a: Stall Machine|spe|1
|move|p2a: Primarina|Calm Mind|p2a: Primarina
|-boost|p2a: Primarina|spa|1
|-boost|p2a: Primarina|spd|1
|
|-heal|p2a: Primarina|94/100 tox|[from] item: Leftovers
|-heal|p1a: Stall Machine|49/100 par|[from] item: Leftovers
|-damage|p2a: Primarina|88/100 tox|[from] psn
|upkeep
|turn|25
|
|t:|1760306957
|switch|p1a: Ruby Chan|Blissey, F|83/100
|-damage|p1a: Ruby Chan|70/100|[from] Stealth Rock
|-activate|p1a: Ruby Chan|move: Sticky Web
|-unboost|p1a: Ruby Chan|spe|1
|move|p2a: Primarina|Surf|p1a: Ruby Chan
|-damage|p1a: Ruby Chan|51/100
|
|-heal|p2a: Primarina|94/100 tox|[from] item: Leftovers
|-heal|p1a: Ruby Chan|57/100|[from] item: Leftovers
|-damage|p2a: Primarina|82/100 tox|[from] psn
|upkeep
|turn|26
|
|t:|1760306962
|move|p2a: Primarina|Calm Mind|p2a: Primarina
|-boost|p2a: Primarina|spa|1
|-boost|p2a: Primarina|spd|1
|move|p1a: Ruby Chan|Calm Mind|p1a: Ruby Chan
|-boost|p1a: Ruby Chan|spa|1
|-boost|p1a: Ruby Chan|spd|1
|
|-heal|p2a: Primarina|88/100 tox|[from] item: Leftovers
|-heal|p1a: Ruby Chan|63/100|[from] item: Leftovers
|-damage|p2a: Primarina|70/100 tox|[from] psn
|upkeep
|turn|27
|
|t:|1760306965
|move|p2a: Primarina|Surf|p1a: Ruby Chan
|-damage|p1a: Ruby Chan|44/100
|move|p1a: Ruby Chan|Seismic Toss|p2a: Primarina
|-damage|p2a: Primarina|37/100 tox
|
|-heal|p2a: Primarina|43/100 tox|[from] item: Leftovers
|-heal|p1a: Ruby Chan|51/100|[from] item: Leftovers
|-damage|p2a: Primarina|19/100 tox|[from] psn
|upkeep
|turn|28
|
|t:|1760306968
|move|p2a: Primarina|Moonblast|p1a: Ruby Chan
|-crit|p1a: Ruby Chan
|-damage|p1a: Ruby Chan|9/100
|move|p1a: Ruby Chan|Soft-Boiled|p1a: Ruby Chan
|-heal|p1a: Ruby Chan|59/100
|
|-heal|p2a: Primarina|25/100 tox|[from] item: Leftovers
|-heal|p1a: Ruby Chan|65/100|[from] item: Leftovers
|-damage|p2a: Primarina|0 fnt|[from] psn
|faint|p2a: Primarina
|upkeep
|
|t:|1760306970
|switch|p2a: Dragonite|Dragonite, M, shiny, tera:Flying|74/100
|-damage|p2a: Dragonite|49/100|[from] Stealth Rock
|turn|29
|
|t:|1760306975
|switch|p1a: Uber level|Gliscor, M|100/100 tox
|-damage|p1a: Uber level|88/100 tox|[from] Stealth Rock
|move|p2a: Dragonite|Encore||[still]
|-fail|p2a: Dragonite
|
|-heal|p2a: Dragonite|56/100|[from] item: Leftovers
|-heal|p1a: Uber level|100/100 tox|[from] ability: Poison Heal
|upkeep
|turn|30
|
|t:|1760306979
|move|p2a: Dragonite|Dragon Dance|p2a: Dragonite
|-boost|p2a: Dragonite|atk|1
|-boost|p2a: Dragonite|spe|1
|move|p1a: Uber level|Facade|p2a: Dragonite
|-damage|p2a: Dragonite|18/100
|
|-heal|p2a: Dragonite|24/100|[from] item: Leftovers
|upkeep
|turn|31
|
|t:|1760306985
|-terastallize|p1a: Uber level|Normal
|move|p2a: Dragonite|Encore|p1a: Uber level
|-start|p1a: Uber level|Encore
|move|p1a: Uber level|Facade|p2a: Dragonite
|-damage|p2a: Dragonite|0 fnt
|faint|p2a: Dragonite
|
|upkeep
|
|t:|1760306990
|switch|p2a: Gholdengo|Gholdengo|100/100
|-damage|p2a: Gholdengo|94/100|[from] Stealth Rock
|-item|p2a: Gholdengo|Air Balloon
|turn|32
|
|t:|1760306996
|switch|p1a: Djin of demise|Hoopa-Unbound|52/100
|-damage|p1a: Djin of demise|40/100|[from] Stealth Rock
|-activate|p1a: Djin of demise|move: Sticky Web
|-unboost|p1a: Djin of demise|spe|1
|move|p2a: Gholdengo|Nasty Plot|p2a: Gholdengo
|-boost|p2a: Gholdengo|spa|2
|
|-heal|p1a: Djin of demise|46/100|[from] item: Leftovers
|upkeep
|turn|33
|
|t:|1760306999
|switch|p1a: Sting|Corviknight, F, shiny|50/100 par
|-damage|p1a: Sting|37/100 par|[from] Stealth Rock
|-ability|p1a: Sting|Pressure
|move|p2a: Gholdengo|Dazzling Gleam|p1a: Sting
|-resisted|p1a: Sting
|-damage|p1a: Sting|12/100 par
|
|upkeep
|turn|34
|
|t:|1760307015
|move|p2a: Gholdengo|Nasty Plot|p2a: Gholdengo
|-boost|p2a: Gholdengo|spa|2
|move|p1a: Sting|U-turn|p2a: Gholdengo
|-resisted|p2a: Gholdengo
|-damage|p2a: Gholdengo|90/100
|-enditem|p2a: Gholdengo|Air Balloon
|
|t:|1760307017
|switch|p1a: Ruby Chan|Blissey, F|65/100|[from] U-turn
|-damage|p1a: Ruby Chan|53/100|[from] Stealth Rock
|-activate|p1a: Ruby Chan|move: Sticky Web
|-unboost|p1a: Ruby Chan|spe|1
|
|-heal|p1a: Ruby Chan|59/100|[from] item: Leftovers
|upkeep
|turn|35
|
|t:|1760307027
|switch|p1a: Sting|Corviknight, F, shiny|12/100 par
|-damage|p1a: Sting|0 fnt|[from] Stealth Rock
|faint|p1a: Sting
|move|p2a: Gholdengo|Psyshock|p1: Sting|[notarget]
|-fail|p2a: Gholdengo
|
|upkeep
|
|t:|1760307041
|switch|p1a: Uber level|Gliscor, M, tera:Normal|100/100 tox
|-damage|p1a: Uber level|88/100 tox|[from] Stealth Rock
|-activate|p1a: Uber level|move: Sticky Web
|-unboost|p1a: Uber level|spe|1
|turn|36
|
|t:|1760307045
|move|p1a: Uber level|Protect|p1a: Uber level
|-singleturn|p1a: Uber level|Protect
|move|p2a: Gholdengo|Dazzling Gleam|p1a: Uber level
|-activate|p1a: Uber level|move: Protect
|
|-heal|p1a: Uber level|100/100 tox|[from] ability: Poison Heal
|upkeep
|turn|37
|
|t:|1760307050
|move|p2a: Gholdengo|Dazzling Gleam|p1a: Uber level
|-damage|p1a: Uber level|0 fnt
|faint|p1a: Uber level
|
|upkeep
|-message|Obito 2001 forfeited.
|
|win|vghhjg
|raw|Obito 2001's rating: 1612 &rarr; <strong>1589</strong><br />(-23 for losing)
|raw|vghhjg's rating: 1568 &rarr; <strong>1591</strong><br />(+23 for winning)
|l|☆Obito 2001
|player|p1|
|l|☆vghhjg
|player|p2|
