|j|☆Yelo_Galaxy
|j|☆Des4
|t:|1760397757
|gametype|singles
|player|p1|Yelo_Galaxy|2|1466
|player|p2|Des4|caitlin|1444
|gen|9
|tier|[Gen 9] OU
|rated|
|rule|HP Percentage Mod: HP is shown in percentages
|rule|Endless Battle Clause: Forcing endless battles is banned
|rule|Species Clause: Limit one of each Pokémon
|rule|OHKO Clause: OHKO moves are banned
|rule|Evasion Items Clause: Evasion items are banned
|rule|Evasion Moves Clause: Evasion moves are banned
|rule|Evasion Abilities Clause: Evasion abilities are banned
|rule|Sleep Moves Clause: Sleep-inducing moves are banned
|clearpoke
|poke|p1|Torkoal, M|
|poke|p1|Hatterene, F|
|poke|p1|Raging Bolt|
|poke|p1|Slither Wing|
|poke|p1|Venusaur, F|
|poke|p1|Walking Wake|
|poke|p2|Articuno|
|poke|p2|Slowking-Galar, F|
|poke|p2|Iron Treads|
|poke|p2|Primarina, F|
|poke|p2|Mandibuzz, F|
|poke|p2|Dragapult, M|
|teampreview
|inactive|Battle timer is ON: inactive players will automatically lose when time's up. (requested by Des4)
|
|t:|1760397775
|teamsize|p1|6
|teamsize|p2|6
|start
|switch|p1a: Slither Wing|Slither Wing|100/100
|switch|p2a: Articuno|Articuno|100/100
|-ability|p2a: Articuno|Pressure
|turn|1
|
|t:|1760397780
|move|p2a: Articuno|Substitute|p2a: Articuno
|-start|p2a: Articuno|Substitute
|-damage|p2a: Articuno|76/100
|move|p1a: Slither Wing|U-turn|p2a: Articuno
|-resisted|p2a: Articuno
|-activate|p2a: Articuno|move: Substitute|[damage]
|
|t:|1760397790
|-end|p1a: Slither Wing|Protosynthesis|[silent]
|switch|p1a: Raging Bolt|Raging Bolt|100/100|[from] U-turn
|
|-heal|p2a: Articuno|82/100|[from] item: Leftovers
|upkeep
|turn|2
|
|t:|1760397793
|move|p2a: Articuno|Freeze-Dry|p1a: Raging Bolt
|-supereffective|p1a: Raging Bolt
|-damage|p1a: Raging Bolt|48/100
|move|p1a: Raging Bolt|Dragon Pulse|p2a: Articuno
|-end|p2a: Articuno|Substitute
|-damage|p1a: Raging Bolt|38/100|[from] item: Life Orb
|
|-heal|p2a: Articuno|88/100|[from] item: Leftovers
|upkeep
|turn|3
|
|t:|1760397804
|-end|p1a: Raging Bolt|Protosynthesis|[silent]
|switch|p1a: Torkoal|Torkoal, M|100/100
|-weather|SunnyDay|[from] ability: Drought|[of] p1a: Torkoal
|-terastallize|p2a: Articuno|Ground
|move|p2a: Articuno|Substitute|p2a: Articuno
|-start|p2a: Articuno|Substitute
|-damage|p2a: Articuno|63/100
|
|-weather|SunnyDay|[upkeep]
|-heal|p2a: Articuno|69/100|[from] item: Leftovers
|upkeep
|turn|4
|
|t:|1760397808
|move|p2a: Articuno|Tera Blast|p1a: Torkoal|[anim] Tera Blast Ground
|-supereffective|p1a: Torkoal
|-damage|p1a: Torkoal|12/100
|move|p1a: Torkoal|Eruption|p2a: Articuno
|-activate|p2a: Articuno|move: Substitute|[damage]
|
|-weather|SunnyDay|[upkeep]
|-heal|p2a: Articuno|76/100|[from] item: Leftovers
|upkeep
|turn|5
|
|t:|1760397816
|switch|p1a: Hatterene|Hatterene, F|100/100
|-item|p1a: Hatterene|Air Balloon
|move|p2a: Articuno|Tera Blast|p1a: Hatterene|[anim] Tera Blast Ground
|-immune|p1a: Hatterene
|
|-weather|SunnyDay|[upkeep]
|-heal|p2a: Articuno|82/100|[from] item: Leftovers
|upkeep
|turn|6
|
|t:|1760397818
|move|p2a: Articuno|Freeze-Dry|p1a: Hatterene
|-damage|p1a: Hatterene|72/100
|-enditem|p1a: Hatterene|Air Balloon
|move|p1a: Hatterene|Psychic Noise|p2a: Articuno
|-damage|p2a: Articuno|50/100
|-start|p2a: Articuno|move: Heal Block
|
|-weather|SunnyDay|[upkeep]
|upkeep
|turn|7
|
|t:|1760397825
|move|p2a: Articuno|Freeze-Dry|p1a: Hatterene
|-damage|p1a: Hatterene|41/100
|move|p1a: Hatterene|Psychic Noise|p2a: Articuno
|-damage|p2a: Articuno|20/100
|
|-weather|SunnyDay|[upkeep]
|-end|p2a: Articuno|move: Heal Block
|upkeep
|turn|8
|
|t:|1760397829
|move|p2a: Articuno|Roost|p2a: Articuno
|-heal|p2a: Articuno|70/100
|move|p1a: Hatterene|Psychic Noise|p2a: Articuno
|-damage|p2a: Articuno|38/100
|-start|p2a: Articuno|move: Heal Block
|
|-weather|SunnyDay|[upkeep]
|upkeep
|turn|9
|
|t:|1760397833
|move|p2a: Articuno|Freeze-Dry|p1a: Hatterene
|-damage|p1a: Hatterene|12/100
|move|p1a: Hatterene|Dazzling Gleam|p2a: Articuno
|-end|p2a: Articuno|Substitute
|
|-weather|SunnyDay|[upkeep]
|-end|p2a: Articuno|move: Heal Block
|upkeep
|turn|10
|
|t:|1760397839
|move|p2a: Articuno|Freeze-Dry|p1a: Hatterene
|-damage|p1a: Hatterene|0 fnt
|faint|p1a: Hatterene
|
|-weather|none
|-heal|p2a: Articuno|44/100|[from] item: Leftovers
|upkeep
|
|t:|1760397842
|switch|p1a: Walking Wake|Walking Wake|100/100
|turn|11
|
|t:|1760397847
|switch|p2a: Primarina|Primarina, F|100/100
|move|p1a: Walking Wake|Flip Turn|p2a: Primarina
|-resisted|p2a: Primarina
|-damage|p2a: Primarina|90/100
|
|t:|1760397850
|-end|p1a: Walking Wake|Protosynthesis|[silent]
|switch|p1a: Torkoal|Torkoal, M|12/100|[from] Flip Turn
|-weather|SunnyDay|[from] ability: Drought|[of] p1a: Torkoal
|
|-weather|SunnyDay|[upkeep]
|upkeep
|turn|12
|
|t:|1760397861
|switch|p2a: Iron Treads|Iron Treads|100/100
|switch|p1a: Venusaur|Venusaur, F|100/100
|
|-weather|SunnyDay|[upkeep]
|upkeep
|turn|13
|
|t:|1760397873
|move|p1a: Venusaur|Growth|p1a: Venusaur
|-boost|p1a: Venusaur|atk|2
|-boost|p1a: Venusaur|spa|2
|move|p2a: Iron Treads|Stealth Rock|p1a: Venusaur
|-sidestart|p1: Yelo_Galaxy|move: Stealth Rock
|
|-weather|SunnyDay|[upkeep]
|upkeep
|turn|14
|
|t:|1760397876
|move|p1a: Venusaur|Weather Ball|p2a: Iron Treads
|-supereffective|p2a: Iron Treads
|-damage|p2a: Iron Treads|0 fnt
|faint|p2a: Iron Treads
|-end|p2a: Iron Treads|Quark Drive|[silent]
|-damage|p1a: Venusaur|91/100|[from] item: Life Orb
|
|-weather|SunnyDay|[upkeep]
|upkeep
|
|t:|1760397878
|switch|p2a: Slowking|Slowking-Galar, F|100/100
|turn|15
|
|t:|1760397881
|move|p1a: Venusaur|Earthquake|p2a: Slowking
|-supereffective|p2a: Slowking
|-damage|p2a: Slowking|0 fnt
|faint|p2a: Slowking
|-damage|p1a: Venusaur|81/100|[from] item: Life Orb
|
|-weather|SunnyDay|[upkeep]
|upkeep
|
|t:|1760397894
|switch|p2a: Mandibuzz|Mandibuzz, F|100/100
|turn|16
|
|t:|1760397901
|-terastallize|p1a: Venusaur|Fire
|move|p1a: Venusaur|Weather Ball|p2a: Mandibuzz
|-damage|p2a: Mandibuzz|0 fnt
|faint|p2a: Mandibuzz
|-damage|p1a: Venusaur|71/100|[from] item: Life Orb
|
|-weather|SunnyDay|[upkeep]
|upkeep
|
|t:|1760397907
|switch|p2a: Dragapult|Dragapult, M|100/100
|turn|17
|
|t:|1760397911
|move|p2a: Dragapult|Sucker Punch|p1a: Venusaur
|-damage|p1a: Venusaur|43/100
|move|p1a: Venusaur|Weather Ball|p2a: Dragapult
|-resisted|p2a: Dragapult
|-damage|p2a: Dragapult|0 fnt
|faint|p2a: Dragapult
|-damage|p1a: Venusaur|33/100|[from] item: Life Orb
|
|-weather|SunnyDay|[upkeep]
|upkeep
|
|t:|1760397915
|switch|p2a: Primarina|Primarina, F|90/100
|turn|18
|
|t:|1760397919
|move|p1a: Venusaur|Giga Drain|p2a: Primarina
|-supereffective|p2a: Primarina
|-damage|p2a: Primarina|0 fnt
|-heal|p1a: Venusaur|81/100|[from] drain|[of] p2a: Primarina
|faint|p2a: Primarina
|-damage|p1a: Venusaur|72/100|[from] item: Life Orb
|
|-weather|none
|upkeep
|
|t:|1760397920
|switch|p2a: Articuno|Articuno, tera:Ground|44/100
|-ability|p2a: Articuno|Pressure
|turn|19
|
|t:|1760397924
|move|p2a: Articuno|Tera Blast|p1a: Venusaur|[anim] Tera Blast Ground
|-supereffective|p1a: Venusaur
|-crit|p1a: Venusaur
|-damage|p1a: Venusaur|0 fnt
|faint|p1a: Venusaur
|
|-heal|p2a: Articuno|50/100|[from] item: Leftovers
|upkeep
|
|t:|1760397927
|switch|p1a: Walking Wake|Walking Wake|100/100
|-damage|p1a: Walking Wake|88/100|[from] Stealth Rock
|turn|20
|c|☆Yelo_Galaxy|That folks
|c|☆Yelo_Galaxy|is why you don’t Tera early
|
|t:|1760397936
|move|p1a: Walking Wake|Hydro Steam|p2a: Articuno
|-supereffective|p2a: Articuno
|-damage|p2a: Articuno|0 fnt
|faint|p2a: Articuno
|
|win|Yelo_Galaxy
|raw|Yelo_Galaxy's rating: 1466 &rarr; <strong>1485</strong><br />(+19 for winning)
|raw|Des4's rating: 1444 &rarr; <strong>1425</strong><br />(-19 for losing)
|c|☆Des4|unfort eq venu
|c|☆Des4|didnt think everyone ran that
|c|☆Yelo_Galaxy|I mean I have to have it lol
|c|☆Yelo_Galaxy|slowking kinda kills this team
|c|☆Des4|i mean u dont
|c|☆Des4|u dont have to
|c|☆Des4|let slowking wall u lol
|c|☆Yelo_Galaxy|Well
|c|☆Des4|i expecteed u to thunderclap articuno
|c|☆Yelo_Galaxy|then I wouldn’t have gained 19 elo 💔
|c|☆Des4|XD
|c|☆Yelo_Galaxy|U could’ve just substituted
|c|☆Yelo_Galaxy|to block tclap
|c|☆Des4|ig but i didnt get thunderbolted and have to play mindgame
|c|☆Des4|want*
|c|☆Yelo_Galaxy|Or
|c|☆Yelo_Galaxy|switch to treads
|c|☆Yelo_Galaxy|LOL
|c|☆Des4|but articuno was so goos
|c|☆Des4|ggs none the less
|l|☆Des4
|player|p2|
|c|☆Yelo_Galaxy|Yeah but when u Tera ground
|l|☆Yelo_Galaxy
|player|p1|
