|j|☆1shy9
|j|☆big monkey stall
|t:|1760386518
|gametype|singles
|player|p1|1shy9|acetrainerf-gen4|1697
|player|p2|big monkey stall|morty-masters|1604
|gen|9
|tier|[Gen 9] OU
|rated|
|rule|HP Percentage Mod: HP is shown in percentages
|rule|Endless Battle Clause: Forcing endless battles is banned
|rule|Species Clause: Limit one of each Pokémon
|rule|OHKO Clause: OHKO moves are banned
|rule|Evasion Items Clause: Evasion items are banned
|rule|Evasion Moves Clause: Evasion moves are banned
|rule|Evasion Abilities Clause: Evasion abilities are banned
|rule|Sleep Moves Clause: Sleep-inducing moves are banned
|clearpoke
|poke|p1|Iron Moth|
|poke|p1|Gholdengo|
|poke|p1|Great Tusk|
|poke|p1|Zamazenta-*|
|poke|p1|Dragonite, M|
|poke|p1|Kyurem|
|poke|p2|Politoed, F|
|poke|p2|Drednaw, F|
|poke|p2|Poliwrath, M|
|poke|p2|Dragonite, M|
|poke|p2|Clodsire, M|
|poke|p2|Hatterene, F|
|teampreview
|inactive|Battle timer is ON: inactive players will automatically lose when time's up. (requested by big monkey stall)
|
|t:|1760386530
|teamsize|p1|6
|teamsize|p2|6
|start
|switch|p1a: Kyurem|Kyurem|100/100
|switch|p2a: CROAK CROAK|Politoed, F|100/100
|-ability|p1a: Kyurem|Pressure
|-weather|RainDance|[from] ability: Drizzle|[of] p2a: CROAK CROAK
|turn|1
|
|t:|1760386534
|switch|p2a: SEA WITCH|Hatterene, F|100/100
|move|p1a: Kyurem|Dragon Dance|p1a: Kyurem
|-boost|p1a: Kyurem|atk|1
|-boost|p1a: Kyurem|spe|1
|
|-weather|RainDance|[upkeep]
|upkeep
|turn|2
|
|t:|1760386539
|move|p1a: Kyurem|Icicle Spear|p2a: SEA WITCH
|-damage|p2a: SEA WITCH|88/100
|-damage|p2a: SEA WITCH|74/100
|-damage|p2a: SEA WITCH|60/100
|-damage|p2a: SEA WITCH|45/100
|-damage|p2a: SEA WITCH|32/100
|-hitcount|p2a: SEA WITCH|5
|-enditem|p2a: SEA WITCH|Eject Button
|
|t:|1760386549
|switch|p2a: LEMME SMASH|Drednaw, F|100/100
|
|-weather|RainDance|[upkeep]
|upkeep
|turn|3
|
|t:|1760386555
|switch|p1a: Zamazenta|Zamazenta|100/100
|-ability|p1a: Zamazenta|Dauntless Shield|boost
|-boost|p1a: Zamazenta|def|1
|move|p2a: LEMME SMASH|Rock Blast|p1a: Zamazenta
|-resisted|p1a: Zamazenta
|-damage|p1a: Zamazenta|97/100
|-resisted|p1a: Zamazenta
|-damage|p1a: Zamazenta|93/100
|-resisted|p1a: Zamazenta
|-damage|p1a: Zamazenta|90/100
|-resisted|p1a: Zamazenta
|-damage|p1a: Zamazenta|86/100
|-resisted|p1a: Zamazenta
|-damage|p1a: Zamazenta|83/100
|-hitcount|p1a: Zamazenta|5
|
|-weather|RainDance|[upkeep]
|-heal|p1a: Zamazenta|89/100|[from] item: Leftovers
|upkeep
|turn|4
|
|t:|1760386565
|switch|p2a: WEATHER SIREN|Dragonite, M|100/100
|move|p1a: Zamazenta|Body Press|p2a: WEATHER SIREN
|-resisted|p2a: WEATHER SIREN
|-damage|p2a: WEATHER SIREN|85/100
|
|-weather|RainDance|[upkeep]
|-heal|p1a: Zamazenta|95/100|[from] item: Leftovers
|upkeep
|turn|5
|
|t:|1760386570
|move|p1a: Zamazenta|Stone Edge|p2a: WEATHER SIREN
|-supereffective|p2a: WEATHER SIREN
|-crit|p2a: WEATHER SIREN
|-damage|p2a: WEATHER SIREN|0 fnt
|faint|p2a: WEATHER SIREN
|
|-weather|RainDance|[upkeep]
|-heal|p1a: Zamazenta|100/100|[from] item: Leftovers
|upkeep
|
|t:|1760386583
|switch|p2a: FUCK GAMBIT|Poliwrath, M|100/100
|turn|6
|
|t:|1760386587
|move|p2a: FUCK GAMBIT|Encore|p1a: Zamazenta
|-start|p1a: Zamazenta|Encore
|move|p1a: Zamazenta|Stone Edge|p2a: FUCK GAMBIT
|-resisted|p2a: FUCK GAMBIT
|-damage|p2a: FUCK GAMBIT|83/100
|
|-weather|RainDance|[upkeep]
|upkeep
|turn|7
|inactive|1shy9 has 120 seconds left.
|
|t:|1760386624
|switch|p1a: Dragonite|Dragonite, M|100/100
|move|p2a: FUCK GAMBIT|Liquidation|p1a: Dragonite
|-resisted|p1a: Dragonite
|-crit|p1a: Dragonite
|-damage|p1a: Dragonite|77/100
|
|-weather|RainDance|[upkeep]
|upkeep
|turn|8
|inactive|1shy9 has 120 seconds left.
|
|t:|1760386637
|switch|p2a: SEA WITCH|Hatterene, F|32/100
|move|p1a: Dragonite|Dragon Dance|p1a: Dragonite
|-boost|p1a: Dragonite|atk|1
|-boost|p1a: Dragonite|spe|1
|
|-weather|none
|upkeep
|turn|9
|inactive|1shy9 has 120 seconds left.
|
|t:|1760386643
|move|p1a: Dragonite|Earthquake|p2a: SEA WITCH
|-damage|p2a: SEA WITCH|0 fnt
|faint|p2a: SEA WITCH
|
|upkeep
|
|t:|1760386645
|switch|p2a: CROAK CROAK|Politoed, F|100/100
|-weather|RainDance|[from] ability: Drizzle|[of] p2a: CROAK CROAK
|turn|10
|
|t:|1760386653
|move|p1a: Dragonite|Earthquake|p2a: CROAK CROAK
|-damage|p2a: CROAK CROAK|45/100
|move|p2a: CROAK CROAK|Ice Beam|p1a: Dragonite
|-supereffective|p1a: Dragonite
|-damage|p1a: Dragonite|2/100
|
|-weather|RainDance|[upkeep]
|upkeep
|turn|11
|
|t:|1760386664
|move|p1a: Dragonite|Roost|p1a: Dragonite
|-heal|p1a: Dragonite|52/100
|-singleturn|p1a: Dragonite|move: Roost
|move|p2a: CROAK CROAK|Ice Beam|p1a: Dragonite
|-supereffective|p1a: Dragonite
|-damage|p1a: Dragonite|13/100
|
|-weather|RainDance|[upkeep]
|upkeep
|turn|12
|
|t:|1760386674
|move|p1a: Dragonite|Roost|p1a: Dragonite
|-heal|p1a: Dragonite|63/100
|-singleturn|p1a: Dragonite|move: Roost
|move|p2a: CROAK CROAK|Encore|p1a: Dragonite
|-start|p1a: Dragonite|Encore
|
|-weather|RainDance|[upkeep]
|upkeep
|turn|13
|
|t:|1760386681
|switch|p2a: FUCK GAMBIT|Poliwrath, M|83/100
|move|p1a: Dragonite|Roost|p1a: Dragonite
|-heal|p1a: Dragonite|100/100
|-singleturn|p1a: Dragonite|move: Roost
|
|-weather|RainDance|[upkeep]
|upkeep
|turn|14
|
|t:|1760386700
|switch|p1a: Iron Moth|Iron Moth|100/100
|-enditem|p1a: Iron Moth|Booster Energy
|-activate|p1a: Iron Moth|ability: Quark Drive|[fromitem]
|-start|p1a: Iron Moth|quarkdrivespe
|move|p2a: FUCK GAMBIT|Belly Drum|p2a: FUCK GAMBIT
|-damage|p2a: FUCK GAMBIT|33/100
|-setboost|p2a: FUCK GAMBIT|atk|6|[from] move: Belly Drum
|-enditem|p2a: FUCK GAMBIT|Sitrus Berry|[eat]
|-heal|p2a: FUCK GAMBIT|58/100|[from] item: Sitrus Berry
|
|-weather|RainDance|[upkeep]
|upkeep
|turn|15
|
|t:|1760386711
|move|p1a: Iron Moth|Psychic|p2a: FUCK GAMBIT
|-supereffective|p2a: FUCK GAMBIT
|-damage|p2a: FUCK GAMBIT|0 fnt
|faint|p2a: FUCK GAMBIT
|
|-weather|RainDance|[upkeep]
|upkeep
|
|t:|1760386715
|switch|p2a: LEMME SMASH|Drednaw, F|100/100
|turn|16
|
|t:|1760386722
|-terastallize|p1a: Iron Moth|Ground
|move|p1a: Iron Moth|Tera Blast|p2a: LEMME SMASH|[anim] Tera Blast Ground
|-supereffective|p2a: LEMME SMASH
|-damage|p2a: LEMME SMASH|0 fnt
|faint|p2a: LEMME SMASH
|
|-weather|RainDance|[upkeep]
|upkeep
|-message|big monkey stall forfeited.
|
|win|1shy9
|raw|1shy9's rating: 1697 &rarr; <strong>1712</strong><br />(+15 for winning)
|raw|big monkey stall's rating: 1604 &rarr; <strong>1589</strong><br />(-15 for losing)
|l|☆big monkey stall
|player|p2|
|c|☆1shy9|zero damage
