|j|☆pcklee
|j|☆SamiFawad
|t:|1760337135
|gametype|singles
|player|p1|pcklee|1|1634
|player|p2|SamiFawad|266|1510
|gen|9
|tier|[Gen 9] OU
|rated|
|rule|HP Percentage Mod: HP is shown in percentages
|rule|Endless Battle Clause: Forcing endless battles is banned
|rule|Species Clause: Limit one of each Pokémon
|rule|OHKO Clause: OHKO moves are banned
|rule|Evasion Items Clause: Evasion items are banned
|rule|Evasion Moves Clause: Evasion moves are banned
|rule|Evasion Abilities Clause: Evasion abilities are banned
|rule|Sleep Moves Clause: Sleep-inducing moves are banned
|clearpoke
|poke|p1|Kingambit, F|
|poke|p1|Great Tusk|
|poke|p1|Dragapult, M|
|poke|p1|Iron Valiant|
|poke|p1|Heatran, F|
|poke|p1|Rillaboom, M|
|poke|p2|Conkeldurr, F|
|poke|p2|Heatran, F|
|poke|p2|Landorus-Therian, M|
|poke|p2|Ogerpon-Cornerstone, F|
|poke|p2|Clodsire, M|
|poke|p2|Great Tusk|
|teampreview
|l|☆SamiFawad
|player|p2|
|j|☆SamiFawad
|player|p2|SamiFawad|266|
|
|t:|1760337168
|teamsize|p1|6
|teamsize|p2|6
|start
|switch|p1a: Dragapult|Dragapult, M|100/100
|switch|p2a: Landorus|Landorus-Therian, M|100/100
|-ability|p2a: Landorus|Intimidate|boost
|-unboost|p1a: Dragapult|atk|1
|turn|1
|
|t:|1760337177
|move|p2a: Landorus|U-turn|p1a: Dragapult
|-resisted|p1a: Dragapult
|-damage|p1a: Dragapult|81/100
|
|t:|1760337182
|switch|p2a: Clodsire|Clodsire, M|100/100|[from] U-turn
|move|p1a: Dragapult|Will-O-Wisp|p2a: Clodsire
|-status|p2a: Clodsire|brn
|
|-damage|p2a: Clodsire|94/100 brn|[from] brn
|upkeep
|turn|2
|
|t:|1760337207
|move|p1a: Dragapult|U-turn|p2a: Clodsire
|-resisted|p2a: Clodsire
|-damage|p2a: Clodsire|88/100 brn
|
|t:|1760337210
|switch|p1a: Great Tusk|Great Tusk|100/100|[from] U-turn
|-enditem|p1a: Great Tusk|Booster Energy
|-activate|p1a: Great Tusk|ability: Protosynthesis|[fromitem]
|-start|p1a: Great Tusk|protosynthesisspe
|move|p2a: Clodsire|Toxic|p1a: Great Tusk
|-status|p1a: Great Tusk|tox
|
|-heal|p2a: Clodsire|95/100 brn|[from] item: Leftovers
|-damage|p1a: Great Tusk|94/100 tox|[from] psn
|-damage|p2a: Clodsire|88/100 brn|[from] brn
|upkeep
|turn|3
|
|t:|1760337239
|switch|p2a: Landorus|Landorus-Therian, M|100/100
|-ability|p2a: Landorus|Intimidate|boost
|-unboost|p1a: Great Tusk|atk|1
|move|p1a: Great Tusk|Ice Spinner|p2a: Landorus
|-supereffective|p2a: Landorus
|-damage|p2a: Landorus|34/100
|
|-damage|p1a: Great Tusk|82/100 tox|[from] psn
|upkeep
|turn|4
|
|t:|1760337261
|switch|p2a: Great Tusk|Great Tusk|100/100
|move|p1a: Great Tusk|Headlong Rush|p2a: Great Tusk
|-damage|p2a: Great Tusk|85/100
|-unboost|p1a: Great Tusk|def|1
|-unboost|p1a: Great Tusk|spd|1
|-damage|p1a: Great Tusk|65/100 tox|[from] item: Rocky Helmet|[of] p2a: Great Tusk
|
|-damage|p1a: Great Tusk|46/100 tox|[from] psn
|upkeep
|turn|5
|
|t:|1760337282
|-end|p1a: Great Tusk|Protosynthesis|[silent]
|switch|p1a: Rillaboom|Rillaboom, M|100/100
|-fieldstart|move: Grassy Terrain|[from] ability: Grassy Surge|[of] p1a: Rillaboom
|move|p2a: Great Tusk|Stealth Rock|p1a: Rillaboom
|-sidestart|p1: pcklee|move: Stealth Rock
|
|-heal|p2a: Great Tusk|91/100|[from] Grassy Terrain
|upkeep
|turn|6
|
|t:|1760337316
|-end|p2a: Great Tusk|Protosynthesis|[silent]
|switch|p2a: Heatran|Heatran, F|100/100
|move|p1a: Rillaboom|Knock Off|p2a: Heatran
|-crit|p2a: Heatran
|-damage|p2a: Heatran|20/100
|-enditem|p2a: Heatran|Assault Vest|[from] move: Knock Off|[of] p1a: Rillaboom
|
|-heal|p2a: Heatran|27/100|[from] Grassy Terrain
|upkeep
|turn|7
|l|☆SamiFawad
|player|p2|
|j|☆SamiFawad
|player|p2|SamiFawad|266|
|inactive|Battle timer is ON: inactive players will automatically lose when time's up. (requested by SamiFawad)
|
|t:|1760337359
|move|p2a: Heatran|Flamethrower|p1a: Rillaboom
|-supereffective|p1a: Rillaboom
|-damage|p1a: Rillaboom|0 fnt
|faint|p1a: Rillaboom
|
|-heal|p2a: Heatran|33/100|[from] Grassy Terrain
|upkeep
|l|☆SamiFawad
|inactive|SamiFawad disconnected and has a minute to reconnect!
|player|p2|
|j|☆SamiFawad
|inactive|SamiFawad reconnected.
|player|p2|SamiFawad|266|
|
|t:|1760337376
|switch|p1a: Dragapult|Dragapult, M|81/100
|turn|8
|
|t:|1760337382
|move|p1a: Dragapult|Shadow Ball|p2a: Heatran
|-damage|p2a: Heatran|0 fnt
|faint|p2a: Heatran
|
|-heal|p1a: Dragapult|87/100|[from] Grassy Terrain
|upkeep
|l|☆SamiFawad
|inactive|SamiFawad disconnected and has a minute to reconnect!
|player|p2|
|j|☆SamiFawad
|inactive|SamiFawad reconnected and has 115 seconds left.
|player|p2|SamiFawad|266|
|
|t:|1760337426
|switch|p2a: Conkeldurr|Conkeldurr, F|100/100
|turn|9
|
|t:|1760337442
|move|p1a: Dragapult|Draco Meteor|p2a: Conkeldurr
|-damage|p2a: Conkeldurr|37/100
|-unboost|p1a: Dragapult|spa|2
|move|p2a: Conkeldurr|Knock Off|p1a: Dragapult
|-supereffective|p1a: Dragapult
|-damage|p1a: Dragapult|0 fnt
|-enditem|p1a: Dragapult|Heavy-Duty Boots|[from] move: Knock Off|[of] p2a: Conkeldurr
|faint|p1a: Dragapult
|
|-heal|p2a: Conkeldurr|43/100|[from] Grassy Terrain
|-fieldend|move: Grassy Terrain
|-status|p2a: Conkeldurr|brn|[from] item: Flame Orb
|upkeep
|inactive|pcklee has 120 seconds left.
|l|☆SamiFawad
|inactive|SamiFawad disconnected and has a minute to reconnect!
|player|p2|
|
|t:|1760337492
|switch|p1a: Great Tusk|Great Tusk|46/100 tox
|-damage|p1a: Great Tusk|43/100 tox|[from] Stealth Rock
|turn|10
|inactive|pcklee has 90 seconds left.
|j|☆SamiFawad
|inactive|SamiFawad reconnected and has 125 seconds left.
|player|p2|SamiFawad|266|
|
|t:|1760337513
|switch|p2a: Great Tusk|Great Tusk|91/100
|move|p1a: Great Tusk|Close Combat|p2a: Great Tusk
|-damage|p2a: Great Tusk|66/100
|-unboost|p1a: Great Tusk|def|1
|-unboost|p1a: Great Tusk|spd|1
|-damage|p1a: Great Tusk|27/100 tox|[from] item: Rocky Helmet|[of] p2a: Great Tusk
|
|-damage|p1a: Great Tusk|21/100 tox|[from] psn
|upkeep
|turn|11
|inactive|pcklee has 90 seconds left.
|
|t:|1760337523
|move|p1a: Great Tusk|Rapid Spin|p2a: Great Tusk
|-damage|p2a: Great Tusk|59/100
|-boost|p1a: Great Tusk|spe|1
|-damage|p1a: Great Tusk|4/100 tox|[from] item: Rocky Helmet|[of] p2a: Great Tusk
|-sideend|p1: pcklee|Stealth Rock|[from] move: Rapid Spin|[of] p1a: Great Tusk
|move|p2a: Great Tusk|Stealth Rock|p1a: Great Tusk
|-sidestart|p1: pcklee|move: Stealth Rock
|
|-damage|p1a: Great Tusk|0 fnt|[from] psn
|faint|p1a: Great Tusk
|-end|p1a: Great Tusk|Protosynthesis|[silent]
|upkeep
|inactive|pcklee has 90 seconds left.
|
|t:|1760337541
|switch|p1a: Iron Valiant|Iron Valiant|100/100
|-damage|p1a: Iron Valiant|94/100|[from] Stealth Rock
|-enditem|p1a: Iron Valiant|Booster Energy
|-activate|p1a: Iron Valiant|ability: Quark Drive|[fromitem]
|-start|p1a: Iron Valiant|quarkdrivespe
|turn|12
|
|t:|1760337549
|-end|p2a: Great Tusk|Protosynthesis|[silent]
|switch|p2a: Clodsire|Clodsire, M|88/100 brn
|move|p1a: Iron Valiant|Calm Mind|p1a: Iron Valiant
|-boost|p1a: Iron Valiant|spa|1
|-boost|p1a: Iron Valiant|spd|1
|
|-heal|p2a: Clodsire|95/100 brn|[from] item: Leftovers
|-damage|p2a: Clodsire|88/100 brn|[from] brn
|upkeep
|turn|13
|inactive|pcklee has 90 seconds left.
|c|☆pcklee|ahh now i understand
|c|☆pcklee|ggs
|-message|pcklee forfeited.
|
|win|SamiFawad
|raw|pcklee's rating: 1634 &rarr; <strong>1607</strong><br />(-27 for losing)
|raw|SamiFawad's rating: 1510 &rarr; <strong>1537</strong><br />(+27 for winning)
|l|☆pcklee
|player|p1|
|l|☆SamiFawad
|player|p2|
