|j|☆Assyrian Leappanic
|j|☆Crystal Celesse
|t:|1760414522
|gametype|singles
|player|p1|Assyrian Leappanic|fantina|1369
|player|p2|Crystal Celesse|cynthia-gen4|1434
|gen|9
|tier|[Gen 9] OU
|rated|
|rule|HP Percentage Mod: HP is shown in percentages
|rule|Endless Battle Clause: Forcing endless battles is banned
|rule|Species Clause: Limit one of each Pokémon
|rule|OHKO Clause: OHKO moves are banned
|rule|Evasion Items Clause: Evasion items are banned
|rule|Evasion Moves Clause: Evasion moves are banned
|rule|Evasion Abilities Clause: Evasion abilities are banned
|rule|Sleep Moves Clause: Sleep-inducing moves are banned
|clearpoke
|poke|p1|Cresselia, F|
|poke|p1|Iron Valiant|
|poke|p1|Heatran, F|
|poke|p1|Scizor, F|
|poke|p1|Ogerpon-Wellspring, F|
|poke|p1|Ting-Lu|
|poke|p2|Jolteon, M|
|poke|p2|Slowking-Galar, F|
|poke|p2|Great Tusk|
|poke|p2|Moltres|
|poke|p2|Kingambit, F|
|poke|p2|Hydrapple, M|
|teampreview
|inactive|Battle timer is ON: inactive players will automatically lose when time's up. (requested by Assyrian Leappanic)
|
|t:|1760414537
|teamsize|p1|6
|teamsize|p2|6
|start
|switch|p1a: Heatran|Heatran, F|100/100
|switch|p2a: Zeus|Jolteon, M, shiny|100/100
|turn|1
|
|t:|1760414541
|move|p2a: Zeus|Volt Switch|p1a: Heatran
|-crit|p1a: Heatran
|-damage|p1a: Heatran|69/100
|
|t:|1760414547
|switch|p2a: Moltres|Moltres|100/100|[from] Volt Switch
|move|p1a: Heatran|Earth Power|p2a: Moltres
|-immune|p2a: Moltres
|
|-heal|p1a: Heatran|76/100|[from] item: Leftovers
|upkeep
|turn|2
|
|t:|1760414557
|move|p2a: Moltres|Scorching Sands|p1a: Heatran
|-supereffective|p1a: Heatran
|-damage|p1a: Heatran|25/100
|move|p1a: Heatran|Stealth Rock|p2a: Moltres
|-sidestart|p2: Crystal Celesse|move: Stealth Rock
|
|-heal|p1a: Heatran|31/100|[from] item: Leftovers
|upkeep
|turn|3
|
|t:|1760414571
|switch|p1a: Cresselia|Cresselia, F|100/100
|move|p2a: Moltres|Flamethrower|p1a: Cresselia
|-damage|p1a: Cresselia|71/100
|
|upkeep
|turn|4
|
|t:|1760414579
|move|p1a: Cresselia|Psyshock|p2a: Moltres
|-damage|p2a: Moltres|66/100
|-damage|p1a: Cresselia|61/100|[from] item: Life Orb
|move|p2a: Moltres|Will-O-Wisp|p1a: Cresselia
|-status|p1a: Cresselia|brn
|
|-damage|p1a: Cresselia|55/100 brn|[from] brn
|upkeep
|turn|5
|
|t:|1760414587
|move|p1a: Cresselia|Lunar Blessing|p1a: Cresselia
|-heal|p1a: Cresselia|80/100 brn
|-curestatus|p1a: Cresselia|brn|[msg]
|move|p2a: Moltres|Roost|p2a: Moltres
|-heal|p2a: Moltres|100/100
|-singleturn|p2a: Moltres|move: Roost
|
|upkeep
|turn|6
|
|t:|1760414596
|switch|p1a: Heatran|Heatran, F|31/100
|move|p2a: Moltres|Flamethrower|p1a: Heatran
|-start|p1a: Heatran|ability: Flash Fire
|
|-heal|p1a: Heatran|37/100|[from] item: Leftovers
|upkeep
|turn|7
|
|t:|1760414602
|-end|p1a: Heatran|ability: Flash Fire|[silent]
|switch|p1a: Cresselia|Cresselia, F|80/100
|move|p2a: Moltres|Scorching Sands|p1a: Cresselia
|-immune|p1a: Cresselia|[from] ability: Levitate
|
|upkeep
|turn|8
|
|t:|1760414605
|switch|p1a: Heatran|Heatran, F|37/100
|move|p2a: Moltres|Will-O-Wisp|p1a: Heatran
|-start|p1a: Heatran|ability: Flash Fire
|
|-heal|p1a: Heatran|44/100|[from] item: Leftovers
|upkeep
|turn|9
|
|t:|1760414612
|-end|p1a: Heatran|ability: Flash Fire|[silent]
|switch|p1a: Cresselia|Cresselia, F|80/100
|move|p2a: Moltres|Scorching Sands|p1a: Cresselia
|-immune|p1a: Cresselia|[from] ability: Levitate
|
|upkeep
|turn|10
|
|t:|1760414620
|move|p1a: Cresselia|Psyshock|p2a: Moltres
|-damage|p2a: Moltres|65/100
|-damage|p1a: Cresselia|70/100|[from] item: Life Orb
|move|p2a: Moltres|Scorching Sands|p1a: Cresselia
|-immune|p1a: Cresselia|[from] ability: Levitate
|
|upkeep
|turn|11
|
|t:|1760414627
|move|p1a: Cresselia|Ice Beam|p2a: Moltres
|-damage|p2a: Moltres|39/100
|-damage|p1a: Cresselia|60/100|[from] item: Life Orb
|move|p2a: Moltres|Scorching Sands|p1a: Cresselia
|-immune|p1a: Cresselia|[from] ability: Levitate
|
|upkeep
|turn|12
|
|t:|1760414636
|switch|p1a: Ogerpon|Ogerpon-Wellspring, F|100/100
|move|p2a: Moltres|Roost|p2a: Moltres
|-heal|p2a: Moltres|89/100
|-singleturn|p2a: Moltres|move: Roost
|
|upkeep
|turn|13
|
|t:|1760414646
|switch|p1a: Scizor|Scizor, F|100/100
|switch|p2a: Hydrapple|Hydrapple, M, shiny|100/100
|
|upkeep
|turn|14
|
|t:|1760414654
|switch|p2a: Moltres|Moltres|89/100
|move|p1a: Scizor|Knock Off|p2a: Moltres
|-damage|p2a: Moltres|59/100
|-enditem|p2a: Moltres|Heavy-Duty Boots|[from] move: Knock Off|[of] p1a: Scizor
|
|upkeep
|turn|15
|
|t:|1760414665
|switch|p1a: Heatran|Heatran, F|44/100
|move|p2a: Moltres|Scorching Sands|p1a: Heatran
|-supereffective|p1a: Heatran
|-damage|p1a: Heatran|0 fnt
|faint|p1a: Heatran
|
|upkeep
|
|t:|1760414668
|switch|p1a: Ogerpon|Ogerpon-Wellspring, F|100/100
|turn|16
|
|t:|1760414674
|switch|p1a: Scizor|Scizor, F|100/100
|switch|p2a: Hydrapple|Hydrapple, M, shiny|100/100
|
|upkeep
|turn|17
|
|t:|1760414686
|switch|p2a: Great Tusk|Great Tusk|100/100
|-damage|p2a: Great Tusk|98/100|[from] Stealth Rock
|move|p1a: Scizor|Knock Off|p2a: Great Tusk
|-resisted|p2a: Great Tusk
|-damage|p2a: Great Tusk|89/100
|-damage|p1a: Scizor|84/100|[from] item: Rocky Helmet|[of] p2a: Great Tusk
|-enditem|p2a: Great Tusk|Rocky Helmet|[from] move: Knock Off|[of] p1a: Scizor
|
|upkeep
|turn|18
|
|t:|1760414693
|switch|p1a: Cresselia|Cresselia, F|60/100
|move|p2a: Great Tusk|Rapid Spin|p1a: Cresselia
|-damage|p1a: Cresselia|48/100
|-boost|p2a: Great Tusk|spe|1
|-sideend|p2: Crystal Celesse|Stealth Rock|[from] move: Rapid Spin|[of] p2a: Great Tusk
|
|upkeep
|turn|19
|
|t:|1760414705
|-end|p2a: Great Tusk|Protosynthesis|[silent]
|switch|p2a: Slowking|Slowking-Galar, F|100/100
|move|p1a: Cresselia|Moonblast|p2a: Slowking
|-resisted|p2a: Slowking
|-damage|p2a: Slowking|93/100
|-damage|p1a: Cresselia|38/100|[from] item: Life Orb
|
|upkeep
|turn|20
|
|t:|1760414718
|move|p1a: Cresselia|Psyshock|p2a: Slowking
|-crit|p2a: Slowking
|-damage|p2a: Slowking|33/100
|-damage|p1a: Cresselia|28/100|[from] item: Life Orb
|move|p2a: Slowking|Sludge Bomb|p1a: Cresselia
|-damage|p1a: Cresselia|0 fnt
|faint|p1a: Cresselia
|
|upkeep
|
|t:|1760414725
|switch|p1a: Ogerpon|Ogerpon-Wellspring, F|100/100
|turn|21
|-message|Assyrian Leappanic forfeited.
|
|win|Crystal Celesse
|raw|Assyrian Leappanic's rating: 1369 &rarr; <strong>1353</strong><br />(-16 for losing)
|raw|Crystal Celesse's rating: 1434 &rarr; <strong>1450</strong><br />(+16 for winning)
|c|☆Assyrian Leappanic|Gg
|l|☆Assyrian Leappanic
|player|p1|
|c|☆Crystal Celesse|Gg
|l|☆Crystal Celesse
|player|p2|
