|badge|p2|bronze|gen9ou|100-7
|uhtml|medal-msg|<div class="broadcast-blue">Curious what those medals under the avatar are? PS now has Ladder Seasons! For more information, check out the <a href="https://www.smogon.com/forums/threads/3740067/">thread on Smogon.</a></div>
|j|☆drop a baby
|j|☆Swiscool
|t:|1760449816
|gametype|singles
|player|p1|drop a baby|chase|1815
|player|p2|Swiscool|2|1832
|gen|9
|tier|[Gen 9] OU
|rated|
|rule|HP Percentage Mod: HP is shown in percentages
|rule|Endless Battle Clause: Forcing endless battles is banned
|rule|Species Clause: Limit one of each Pokémon
|rule|OHKO Clause: OHKO moves are banned
|rule|Evasion Items Clause: Evasion items are banned
|rule|Evasion Moves Clause: Evasion moves are banned
|rule|Evasion Abilities Clause: Evasion abilities are banned
|rule|Sleep Moves Clause: Sleep-inducing moves are banned
|clearpoke
|poke|p1|Ting-Lu|
|poke|p1|Ogerpon-Wellspring, F|
|poke|p1|Iron Crown|
|poke|p1|Pecharunt|
|poke|p1|Dragonite, M|
|poke|p1|Zamazenta-*|
|poke|p2|Kingambit, M|
|poke|p2|Landorus-Therian, M|
|poke|p2|Darkrai|
|poke|p2|Ogerpon-Wellspring, F|
|poke|p2|Slowking-Galar, F|
|poke|p2|Enamorus, F|
|teampreview
|inactive|Battle timer is ON: inactive players will automatically lose when time's up. (requested by drop a baby)
|c|☆drop a baby|hf
|c|☆drop a baby|love ur team
|inactive|drop a baby has 120 seconds left.
|inactive|Swiscool has 120 seconds left.
|j| weigh666
|
|t:|1760449857
|teamsize|p1|6
|teamsize|p2|6
|start
|switch|p1a: Zamazenta|Zamazenta|100/100
|switch|p2a: Ogerpon|Ogerpon-Wellspring, F|100/100
|-ability|p1a: Zamazenta|Dauntless Shield|boost
|-boost|p1a: Zamazenta|def|1
|turn|1
|c|☆Swiscool|Thanks
|
|t:|1760449866
|switch|p1a: Iron Crown|Iron Crown|100/100
|switch|p2a: Landorus|Landorus-Therian, M|100/100
|-ability|p2a: Landorus|Intimidate|boost
|-unboost|p1a: Iron Crown|atk|1
|
|upkeep
|turn|2
|
|t:|1760449871
|move|p1a: Iron Crown|Tachyon Cutter|p2a: Landorus
|-damage|p2a: Landorus|60/100
|-damage|p2a: Landorus|18/100
|-hitcount|p2a: Landorus|2
|move|p2a: Landorus|Stealth Rock|p1a: Iron Crown
|-sidestart|p1: drop a baby|move: Stealth Rock
|
|upkeep
|turn|3
|
|t:|1760449878
|switch|p2a: Slowking|Slowking-Galar, F|100/100
|move|p1a: Iron Crown|Tachyon Cutter|p2a: Slowking
|-damage|p2a: Slowking|78/100
|-damage|p2a: Slowking|56/100
|-hitcount|p2a: Slowking|2
|
|upkeep
|turn|4
|
|t:|1760449884
|move|p1a: Iron Crown|Tachyon Cutter|p2a: Slowking
|-damage|p2a: Slowking|35/100
|-damage|p2a: Slowking|14/100
|-hitcount|p2a: Slowking|2
|-prepare|p2a: Slowking|Chilly Reception|[premajor]
|move|p2a: Slowking|Chilly Reception|p2a: Slowking
|-weather|Snowscape
|
|t:|1760449886
|switch|p2a: Darkrai|Darkrai|100/100|[from] Chilly Reception
|
|-weather|Snowscape|[upkeep]
|upkeep
|turn|5
|
|t:|1760449892
|-terastallize|p1a: Iron Crown|Steel
|move|p2a: Darkrai|Ice Beam|p1a: Iron Crown
|-resisted|p1a: Iron Crown
|-damage|p1a: Iron Crown|76/100
|move|p1a: Iron Crown|Tachyon Cutter|p2a: Darkrai
|-crit|p2a: Darkrai
|-damage|p2a: Darkrai|9/100
|-damage|p2a: Darkrai|0 fnt
|faint|p2a: Darkrai
|-hitcount|p2: Darkrai|2
|
|-weather|Snowscape|[upkeep]
|upkeep
|
|t:|1760449901
|switch|p2a: Ogerpon|Ogerpon-Wellspring, F|100/100
|turn|6
|
|t:|1760449904
|-end|p1a: Iron Crown|Quark Drive|[silent]
|switch|p1a: Pecharunt|Pecharunt|100/100
|move|p2a: Ogerpon|Ivy Cudgel|p1a: Pecharunt|[anim] Ivy Cudgel Water
|-damage|p1a: Pecharunt|72/100
|
|-weather|Snowscape|[upkeep]
|upkeep
|turn|7
|
|t:|1760449909
|move|p2a: Ogerpon|Knock Off|p1a: Pecharunt
|-supereffective|p1a: Pecharunt
|-damage|p1a: Pecharunt|38/100
|-enditem|p1a: Pecharunt|Heavy-Duty Boots|[from] move: Knock Off|[of] p2a: Ogerpon
|move|p1a: Pecharunt|Parting Shot|p2a: Ogerpon
|-unboost|p2a: Ogerpon|atk|1
|-unboost|p2a: Ogerpon|spa|1
|
|t:|1760449914
|switch|p1a: Zamazenta|Zamazenta|100/100|[from] Parting Shot
|
|-weather|Snowscape|[upkeep]
|upkeep
|turn|8
|
|t:|1760449917
|switch|p1a: Iron Crown|Iron Crown, tera:Steel|76/100
|-damage|p1a: Iron Crown|70/100|[from] Stealth Rock
|switch|p2a: Landorus|Landorus-Therian, M|18/100
|-ability|p2a: Landorus|Intimidate|boost
|-unboost|p1a: Iron Crown|atk|1
|
|-weather|none
|upkeep
|turn|9
|l| weigh666
|
|t:|1760449921
|move|p1a: Iron Crown|Tachyon Cutter|p2a: Landorus
|-damage|p2a: Landorus|0 fnt
|faint|p2a: Landorus
|-hitcount|p2: Landorus|1
|
|upkeep
|
|t:|1760449923
|switch|p2a: Ogerpon|Ogerpon-Wellspring, F|100/100
|turn|10
|
|t:|1760449927
|-end|p1a: Iron Crown|Quark Drive|[silent]
|switch|p1a: Ogerpon|Ogerpon-Wellspring, F|100/100
|-damage|p1a: Ogerpon|88/100|[from] Stealth Rock
|move|p2a: Ogerpon|Ivy Cudgel|p1a: Ogerpon|[anim] Ivy Cudgel Water
|-heal|p1a: Ogerpon|100/100|[from] ability: Water Absorb|[of] p2a: Ogerpon
|
|upkeep
|turn|11
|
|t:|1760449931
|move|p2a: Ogerpon|Horn Leech|p1a: Ogerpon
|-damage|p1a: Ogerpon|42/100
|move|p1a: Ogerpon|Swords Dance|p1a: Ogerpon
|-boost|p1a: Ogerpon|atk|2
|
|upkeep
|turn|12
|
|t:|1760449936
|move|p1a: Ogerpon|Horn Leech|p2a: Ogerpon
|-damage|p2a: Ogerpon|0 fnt
|-heal|p1a: Ogerpon|92/100|[from] drain|[of] p2a: Ogerpon
|faint|p2a: Ogerpon
|
|upkeep
|
|t:|1760449944
|switch|p2a: Enamorus|Enamorus, F|100/100
|turn|13
|
|t:|1760449948
|move|p2a: Enamorus|Moonblast|p1a: Ogerpon
|-damage|p1a: Ogerpon|21/100
|-unboost|p1a: Ogerpon|spa|1
|move|p1a: Ogerpon|Ivy Cudgel|p2a: Enamorus|[anim] Ivy Cudgel Water
|-damage|p2a: Enamorus|0 fnt
|faint|p2a: Enamorus
|
|upkeep
|
|t:|1760449953
|switch|p2a: Kingambit|Kingambit, M|100/100
|-activate|p2a: Kingambit|ability: Supreme Overlord
|-start|p2a: Kingambit|fallen4|[silent]
|-item|p2a: Kingambit|Air Balloon
|turn|14
|
|t:|1760449956
|switch|p1a: Zamazenta|Zamazenta|100/100
|move|p2a: Kingambit|Sucker Punch||[still]
|-fail|p2a: Kingambit
|
|upkeep
|turn|15
|
|t:|1760449963
|-end|p2a: Kingambit|fallen4|[silent]
|switch|p2a: Slowking|Slowking-Galar, F|47/100
|move|p1a: Zamazenta|Crunch|p2a: Slowking
|-supereffective|p2a: Slowking
|-damage|p2a: Slowking|0 fnt
|faint|p2a: Slowking
|
|upkeep
|
|t:|1760449966
|switch|p2a: Kingambit|Kingambit, M|100/100
|-activate|p2a: Kingambit|ability: Supreme Overlord
|-start|p2a: Kingambit|fallen5|[silent]
|-item|p2a: Kingambit|Air Balloon
|turn|16
|
|t:|1760449970
|switch|p1a: Dragonite|Dragonite, M|100/100
|-terastallize|p2a: Kingambit|Fire
|move|p2a: Kingambit|Swords Dance|p2a: Kingambit
|-boost|p2a: Kingambit|atk|2
|
|upkeep
|turn|17
|
|t:|1760449973
|move|p1a: Dragonite|Encore|p2a: Kingambit
|-start|p2a: Kingambit|Encore
|move|p2a: Kingambit|Swords Dance|p2a: Kingambit
|-boost|p2a: Kingambit|atk|2
|
|upkeep
|turn|18
|-message|Swiscool forfeited.
|
|win|drop a baby
|raw|drop a baby's rating: 1815 &rarr; <strong>1836</strong><br />(+21 for winning)
|raw|Swiscool's rating: 1832 &rarr; <strong>1811</strong><br />(-21 for losing)
|l|☆Swiscool
|player|p2|
|l|☆drop a baby
|player|p1|
