|j|☆nastqisbetteratpkm
|j|☆nknown
|t:|1760415866
|gametype|singles
|player|p1|nastqisbetteratpkm|170|1253
|player|p2|nknown|archer|1235
|gen|9
|tier|[Gen 9] OU
|rated|
|rule|HP Percentage Mod: HP is shown in percentages
|rule|Endless Battle Clause: Forcing endless battles is banned
|rule|Species Clause: Limit one of each Pokémon
|rule|OHKO Clause: OHKO moves are banned
|rule|Evasion Items Clause: Evasion items are banned
|rule|Evasion Moves Clause: Evasion moves are banned
|rule|Evasion Abilities Clause: Evasion abilities are banned
|rule|Sleep Moves Clause: Sleep-inducing moves are banned
|clearpoke
|poke|p1|Goodra-Hisui, M|
|poke|p1|Alomomola, F|
|poke|p1|Clefable, M|
|poke|p1|Lokix, F|
|poke|p1|Dragapult, F|
|poke|p1|Cinderace, M|
|poke|p2|Salamence, M|
|poke|p2|Hoopa-Unbound|
|poke|p2|Hatterene, F|
|poke|p2|Zamazenta-*|
|poke|p2|Iron Treads|
|poke|p2|Glimmora, F|
|teampreview
|inactive|Battle timer is ON: inactive players will automatically lose when time's up. (requested by nknown)
|
|t:|1760415881
|teamsize|p1|6
|teamsize|p2|6
|start
|switch|p1a: Cinderace|Cinderace, M|100/100
|switch|p2a: Glimmora|Glimmora, F|100/100
|turn|1
|
|t:|1760415888
|move|p1a: Cinderace|U-turn|p2a: Glimmora
|-start|p1a: Cinderace|typechange|Bug|[from] ability: Libero
|-resisted|p2a: Glimmora
|-damage|p2a: Glimmora|80/100
|-activate|p2a: Glimmora|ability: Toxic Debris
|-sidestart|p1: nastqisbetteratpkm|move: Toxic Spikes
|
|t:|1760415898
|switch|p1a: Goodra|Goodra-Hisui, M|100/100|[from] U-turn
|move|p2a: Glimmora|Meteor Beam||[still]
|-prepare|p2a: Glimmora|Meteor Beam
|-boost|p2a: Glimmora|spa|1
|-enditem|p2a: Glimmora|Power Herb
|-anim|p2a: Glimmora|Meteor Beam|p1a: Goodra
|-resisted|p1a: Goodra
|-damage|p1a: Goodra|81/100
|
|upkeep
|turn|2
|
|t:|1760415907
|move|p2a: Glimmora|Earth Power|p1a: Goodra
|-supereffective|p1a: Goodra
|-damage|p1a: Goodra|40/100
|move|p1a: Goodra|Flash Cannon|p2a: Glimmora
|-supereffective|p2a: Glimmora
|-damage|p2a: Glimmora|0 fnt
|faint|p2a: Glimmora
|
|upkeep
|
|t:|1760415917
|switch|p2a: Hoopa|Hoopa-Unbound|100/100
|turn|3
|
|t:|1760415939
|switch|p1a: Alomomola|Alomomola, F|100/100
|move|p2a: Hoopa|Knock Off|p1a: Alomomola
|-damage|p1a: Alomomola|71/100
|-enditem|p1a: Alomomola|Heavy-Duty Boots|[from] move: Knock Off|[of] p2a: Hoopa
|
|upkeep
|turn|4
|
|t:|1760415948
|move|p2a: Hoopa|Thunderbolt|p1a: Alomomola
|-supereffective|p1a: Alomomola
|-damage|p1a: Alomomola|0 fnt
|faint|p1a: Alomomola
|
|upkeep
|
|t:|1760415954
|switch|p1a: Lokix|Lokix, F|100/100
|-status|p1a: Lokix|psn
|turn|5
|
|t:|1760415959
|switch|p2a: Salamence|Salamence, M|100/100
|-ability|p2a: Salamence|Intimidate|boost
|-unboost|p1a: Lokix|atk|1
|move|p1a: Lokix|U-turn|p2a: Salamence
|-resisted|p2a: Salamence
|-damage|p2a: Salamence|75/100
|
|t:|1760415969
|switch|p1a: Dragapult|Dragapult, F|100/100|[from] U-turn
|
|upkeep
|turn|6
|
|t:|1760415974
|move|p1a: Dragapult|U-turn|p2a: Salamence
|-resisted|p2a: Salamence
|-damage|p2a: Salamence|68/100
|
|t:|1760415982
|switch|p1a: Clefable|Clefable, M|100/100|[from] U-turn
|-status|p1a: Clefable|psn
|move|p2a: Salamence|Dragon Tail|p1a: Clefable
|-immune|p1a: Clefable
|
|upkeep
|turn|7
|
|t:|1760415997
|switch|p2a: Hoopa|Hoopa-Unbound|100/100
|move|p1a: Clefable|Thunder Wave|p2a: Hoopa
|-status|p2a: Hoopa|par
|
|upkeep
|turn|8
|
|t:|1760416005
|move|p1a: Clefable|Moonblast|p2a: Hoopa
|-supereffective|p2a: Hoopa
|-damage|p2a: Hoopa|69/100 par
|cant|p2a: Hoopa|par
|
|upkeep
|turn|9
|
|t:|1760416013
|move|p1a: Clefable|Stealth Rock|p2a: Hoopa
|-sidestart|p2: nknown|move: Stealth Rock
|move|p2a: Hoopa|Knock Off|p1a: Clefable
|-resisted|p1a: Clefable
|-damage|p1a: Clefable|82/100 psn
|-enditem|p1a: Clefable|Leftovers|[from] move: Knock Off|[of] p2a: Hoopa
|
|upkeep
|turn|10
|
|t:|1760416020
|move|p1a: Clefable|Moonblast|p2a: Hoopa
|-supereffective|p2a: Hoopa
|-damage|p2a: Hoopa|34/100 par
|-unboost|p2a: Hoopa|spa|1
|move|p2a: Hoopa|Psychic Noise|p1a: Clefable
|-damage|p1a: Clefable|51/100 psn
|-start|p1a: Clefable|move: Heal Block
|
|upkeep
|turn|11
|
|t:|1760416031
|move|p1a: Clefable|Moonblast|p2a: Hoopa
|-supereffective|p2a: Hoopa
|-damage|p2a: Hoopa|1/100 par
|-unboost|p2a: Hoopa|spa|1
|move|p2a: Hoopa|Psychic Noise|p1a: Clefable
|-damage|p1a: Clefable|28/100 psn
|
|-end|p1a: Clefable|move: Heal Block
|upkeep
|turn|12
|
|t:|1760416042
|move|p1a: Clefable|Moonblast|p2a: Hoopa
|-supereffective|p2a: Hoopa
|-damage|p2a: Hoopa|0 fnt
|faint|p2a: Hoopa
|
|upkeep
|
|t:|1760416052
|switch|p2a: Zamazenta|Zamazenta|100/100
|-damage|p2a: Zamazenta|94/100|[from] Stealth Rock
|-ability|p2a: Zamazenta|Dauntless Shield|boost
|-boost|p2a: Zamazenta|def|1
|turn|13
|
|t:|1760416069
|move|p2a: Zamazenta|Heavy Slam|p1a: Clefable
|-supereffective|p1a: Clefable
|-damage|p1a: Clefable|0 fnt
|faint|p1a: Clefable
|-damage|p2a: Zamazenta|84/100|[from] item: Life Orb
|
|upkeep
|
|t:|1760416078
|switch|p1a: Dragapult|Dragapult, F|100/100
|turn|14
|
|t:|1760416082
|switch|p2a: Hatterene|Hatterene, F|100/100
|-damage|p2a: Hatterene|88/100|[from] Stealth Rock
|move|p1a: Dragapult|Will-O-Wisp|p2a: Hatterene
|move|p2a: Hatterene|Will-O-Wisp|p1a: Dragapult|[from] ability: Magic Bounce
|-status|p1a: Dragapult|brn
|
|-damage|p1a: Dragapult|95/100 brn|[from] brn
|upkeep
|turn|15
|
|t:|1760416095
|move|p1a: Dragapult|U-turn|p2a: Hatterene
|-damage|p2a: Hatterene|78/100
|-damage|p1a: Dragapult|78/100 brn|[from] item: Rocky Helmet|[of] p2a: Hatterene
|
|t:|1760416100
|switch|p1a: Cinderace|Cinderace, M|100/100|[from] U-turn
|move|p2a: Hatterene|Psychic Noise|p1a: Cinderace
|-damage|p1a: Cinderace|36/100
|-start|p1a: Cinderace|move: Heal Block
|
|upkeep
|turn|16
|
|t:|1760416111
|move|p1a: Cinderace|Pyro Ball|p2a: Hatterene|[miss]
|-miss|p1a: Cinderace|p2a: Hatterene
|move|p2a: Hatterene|Psychic Noise|p1a: Cinderace
|-damage|p1a: Cinderace|0 fnt
|faint|p1a: Cinderace
|
|upkeep
|
|t:|1760416120
|switch|p1a: Lokix|Lokix, F|100/100 psn
|turn|17
|
|t:|1760416124
|switch|p2a: Salamence|Salamence, M|68/100
|-ability|p2a: Salamence|Intimidate|boost
|-unboost|p1a: Lokix|atk|1
|move|p1a: Lokix|U-turn|p2a: Salamence
|-resisted|p2a: Salamence
|-damage|p2a: Salamence|44/100
|
|t:|1760416138
|switch|p1a: Dragapult|Dragapult, F|78/100 brn|[from] U-turn
|
|-damage|p1a: Dragapult|72/100 brn|[from] brn
|upkeep
|turn|18
|
|t:|1760416156
|-terastallize|p2a: Salamence|Fire
|move|p1a: Dragapult|Draco Meteor|p2a: Salamence
|-damage|p2a: Salamence|0 fnt
|-unboost|p1a: Dragapult|spa|2
|faint|p2a: Salamence
|
|-damage|p1a: Dragapult|66/100 brn|[from] brn
|upkeep
|
|t:|1760416166
|switch|p2a: Iron Treads|Iron Treads|100/100
|-damage|p2a: Iron Treads|97/100|[from] Stealth Rock
|-item|p2a: Iron Treads|Air Balloon
|turn|19
|
|t:|1760416180
|move|p1a: Dragapult|Will-O-Wisp|p2a: Iron Treads
|-status|p2a: Iron Treads|brn
|move|p2a: Iron Treads|Stealth Rock|p1a: Dragapult
|-sidestart|p1: nastqisbetteratpkm|move: Stealth Rock
|
|-damage|p1a: Dragapult|60/100 brn|[from] brn
|-damage|p2a: Iron Treads|91/100 brn|[from] brn
|upkeep
|turn|20
|
|t:|1760416189
|move|p1a: Dragapult|U-turn|p2a: Iron Treads
|-resisted|p2a: Iron Treads
|-damage|p2a: Iron Treads|87/100 brn
|-enditem|p2a: Iron Treads|Air Balloon
|
|t:|1760416209
|switch|p1a: Lokix|Lokix, F|100/100 psn|[from] U-turn
|-damage|p1a: Lokix|76/100 psn|[from] Stealth Rock
|move|p2a: Iron Treads|Knock Off|p1a: Lokix
|-resisted|p1a: Lokix
|-crit|p1a: Lokix
|-damage|p1a: Lokix|58/100 psn
|-enditem|p1a: Lokix|Choice Band|[from] move: Knock Off|[of] p2a: Iron Treads
|
|-damage|p1a: Lokix|46/100 psn|[from] psn
|-damage|p2a: Iron Treads|81/100 brn|[from] brn
|upkeep
|turn|21
|
|t:|1760416222
|move|p2a: Iron Treads|Rapid Spin|p1a: Lokix
|-damage|p1a: Lokix|34/100 psn
|-boost|p2a: Iron Treads|spe|1
|-sideend|p2: nknown|Stealth Rock|[from] move: Rapid Spin|[of] p2a: Iron Treads
|move|p1a: Lokix|Leech Life|p2a: Iron Treads
|-resisted|p2a: Iron Treads
|-damage|p2a: Iron Treads|44/100 brn
|-heal|p1a: Lokix|55/100 psn|[from] drain|[of] p2a: Iron Treads
|
|-damage|p1a: Lokix|43/100 psn|[from] psn
|-damage|p2a: Iron Treads|38/100 brn|[from] brn
|upkeep
|turn|22
|
|t:|1760416235
|move|p2a: Iron Treads|Earthquake|p1a: Lokix
|-resisted|p1a: Lokix
|-damage|p1a: Lokix|25/100 psn
|move|p1a: Lokix|Leech Life|p2a: Iron Treads
|-resisted|p2a: Iron Treads
|-damage|p2a: Iron Treads|2/100 brn
|-heal|p1a: Lokix|45/100 psn|[from] drain|[of] p2a: Iron Treads
|
|-damage|p1a: Lokix|33/100 psn|[from] psn
|-damage|p2a: Iron Treads|0 fnt|[from] brn
|faint|p2a: Iron Treads
|-end|p2a: Iron Treads|Quark Drive|[silent]
|upkeep
|
|t:|1760416245
|switch|p2a: Zamazenta|Zamazenta|84/100
|turn|23
|
|t:|1760416250
|switch|p1a: Goodra|Goodra-Hisui, M|40/100
|-damage|p1a: Goodra|34/100|[from] Stealth Rock
|move|p2a: Zamazenta|Crunch|p1a: Goodra
|-damage|p1a: Goodra|1/100
|-damage|p2a: Zamazenta|75/100|[from] item: Life Orb
|
|upkeep
|turn|24
|
|t:|1760416261
|move|p2a: Zamazenta|Ice Fang|p1a: Goodra
|-damage|p1a: Goodra|0 fnt
|faint|p1a: Goodra
|-damage|p2a: Zamazenta|65/100|[from] item: Life Orb
|
|upkeep
|
|t:|1760416267
|switch|p1a: Dragapult|Dragapult, F|60/100 brn
|turn|25
|
|t:|1760416271
|switch|p2a: Hatterene|Hatterene, F|78/100
|move|p1a: Dragapult|Hex|p2a: Hatterene
|-supereffective|p2a: Hatterene
|-damage|p2a: Hatterene|23/100
|
|-damage|p1a: Dragapult|54/100 brn|[from] brn
|upkeep
|turn|26
|
|t:|1760416280
|move|p1a: Dragapult|Hex|p2a: Hatterene
|-supereffective|p2a: Hatterene
|-damage|p2a: Hatterene|0 fnt
|faint|p2a: Hatterene
|
|-damage|p1a: Dragapult|48/100 brn|[from] brn
|upkeep
|
|t:|1760416286
|switch|p2a: Zamazenta|Zamazenta|65/100
|turn|27
|
|t:|1760416298
|move|p1a: Dragapult|Draco Meteor|p2a: Zamazenta
|-damage|p2a: Zamazenta|12/100
|-unboost|p1a: Dragapult|spa|2
|move|p2a: Zamazenta|Crunch|p1a: Dragapult
|-supereffective|p1a: Dragapult
|-crit|p1a: Dragapult
|-damage|p1a: Dragapult|0 fnt
|faint|p1a: Dragapult
|-damage|p2a: Zamazenta|2/100|[from] item: Life Orb
|
|upkeep
|-message|nknown forfeited.
|
|win|nastqisbetteratpkm
|raw|nastqisbetteratpkm's rating: 1253 &rarr; <strong>1277</strong><br />(+24 for winning)
|raw|nknown's rating: 1235 &rarr; <strong>1211</strong><br />(-24 for losing)
|l|☆nknown
|player|p2|
|l|☆nastqisbetteratpkm
|player|p1|
