|j|☆SHEWILLBETRAYu_067
|j|☆pikapikabetis
|t:|1760345542
|gametype|singles
|player|p1|SHEWILLBETRAYu_067|265|1325
|player|p2|pikapikabetis|266|1209
|gen|9
|tier|[Gen 9] OU
|rated|
|rule|HP Percentage Mod: HP is shown in percentages
|rule|Endless Battle Clause: Forcing endless battles is banned
|rule|Species Clause: Limit one of each Pokémon
|rule|OHKO Clause: OHKO moves are banned
|rule|Evasion Items Clause: Evasion items are banned
|rule|Evasion Moves Clause: Evasion moves are banned
|rule|Evasion Abilities Clause: Evasion abilities are banned
|rule|Sleep Moves Clause: Sleep-inducing moves are banned
|clearpoke
|poke|p1|Scizor, M|
|poke|p1|Ting-Lu|
|poke|p1|Primarina, M|
|poke|p1|Iron Moth|
|poke|p1|Dragonite, F|
|poke|p1|Gholdengo|
|poke|p2|Heatran, F|
|poke|p2|Tauros-Paldea-Blaze, M|
|poke|p2|Garganacl, M|
|poke|p2|Polteageist|
|poke|p2|Slowking-Galar, F|
|poke|p2|Alomomola, F|
|teampreview
|
|t:|1760345575
|teamsize|p1|6
|teamsize|p2|6
|start
|switch|p1a: Gholdengo|Gholdengo|100/100
|switch|p2a: Polteageist|Polteageist|100/100
|-item|p1a: Gholdengo|Air Balloon
|turn|1
|inactive|Battle timer is ON: inactive players will automatically lose when time's up. (requested by pikapikabetis)
|
|t:|1760345595
|switch|p2a: Heatran|Heatran, F|100/100
|-item|p2a: Heatran|Air Balloon
|move|p1a: Gholdengo|Shadow Ball|p2a: Heatran
|-damage|p2a: Heatran|64/100
|-enditem|p2a: Heatran|Air Balloon
|
|upkeep
|turn|2
|
|t:|1760345605
|move|p1a: Gholdengo|Focus Blast|p2a: Heatran|[miss]
|-miss|p1a: Gholdengo|p2a: Heatran
|move|p2a: Heatran|Magma Storm|p1a: Gholdengo
|-supereffective|p1a: Gholdengo
|-damage|p1a: Gholdengo|0 fnt
|-enditem|p1a: Gholdengo|Air Balloon
|faint|p1a: Gholdengo
|
|upkeep
|
|t:|1760345619
|switch|p1a: Primarina|Primarina, M|100/100
|turn|3
|
|t:|1760345627
|switch|p2a: Slowking|Slowking-Galar, F|100/100
|move|p1a: Primarina|Calm Mind|p1a: Primarina
|-boost|p1a: Primarina|spa|1
|-boost|p1a: Primarina|spd|1
|
|upkeep
|turn|4
|
|t:|1760345635
|-terastallize|p1a: Primarina|Poison
|move|p1a: Primarina|Calm Mind|p1a: Primarina
|-boost|p1a: Primarina|spa|1
|-boost|p1a: Primarina|spd|1
|move|p2a: Slowking|Sludge Wave|p1a: Primarina
|-resisted|p1a: Primarina
|-damage|p1a: Primarina|92/100
|
|-heal|p1a: Primarina|98/100|[from] item: Leftovers
|upkeep
|turn|5
|
|t:|1760345646
|move|p1a: Primarina|Hyper Voice|p2a: Slowking
|-damage|p2a: Slowking|55/100
|move|p2a: Slowking|Eerie Spell|p1a: Primarina
|-supereffective|p1a: Primarina
|-damage|p1a: Primarina|73/100
|-activate|p1a: Primarina|move: Eerie Spell|Hyper Voice|3
|
|-heal|p1a: Primarina|79/100|[from] item: Leftovers
|-heal|p2a: Slowking|61/100|[from] item: Black Sludge
|upkeep
|turn|6
|
|t:|1760345657
|move|p1a: Primarina|Psychic|p2a: Slowking
|-damage|p2a: Slowking|31/100
|move|p2a: Slowking|Slack Off|p2a: Slowking
|-heal|p2a: Slowking|81/100
|
|-heal|p1a: Primarina|85/100|[from] item: Leftovers
|-heal|p2a: Slowking|88/100|[from] item: Black Sludge
|upkeep
|turn|7
|
|t:|1760345666
|move|p1a: Primarina|Calm Mind|p1a: Primarina
|-boost|p1a: Primarina|spa|1
|-boost|p1a: Primarina|spd|1
|move|p2a: Slowking|Eerie Spell|p1a: Primarina
|-supereffective|p1a: Primarina
|-damage|p1a: Primarina|65/100
|-activate|p1a: Primarina|move: Eerie Spell|Calm Mind|3
|
|-heal|p1a: Primarina|71/100|[from] item: Leftovers
|-heal|p2a: Slowking|94/100|[from] item: Black Sludge
|upkeep
|turn|8
|
|t:|1760345677
|move|p1a: Primarina|Calm Mind|p1a: Primarina
|-boost|p1a: Primarina|spa|1
|-boost|p1a: Primarina|spd|1
|move|p2a: Slowking|Eerie Spell|p1a: Primarina
|-supereffective|p1a: Primarina
|-damage|p1a: Primarina|55/100
|-activate|p1a: Primarina|move: Eerie Spell|Calm Mind|3
|
|-heal|p1a: Primarina|61/100|[from] item: Leftovers
|-heal|p2a: Slowking|99/100|[from] item: Black Sludge
|upkeep
|turn|9
|
|t:|1760345687
|move|p1a: Primarina|Draining Kiss|p2a: Slowking
|-resisted|p2a: Slowking
|-damage|p2a: Slowking|80/100
|-heal|p1a: Primarina|77/100|[from] drain|[of] p2a: Slowking
|move|p2a: Slowking|Eerie Spell|p1a: Primarina
|-supereffective|p1a: Primarina
|-damage|p1a: Primarina|60/100
|-activate|p1a: Primarina|move: Eerie Spell|Draining Kiss|3
|
|-heal|p1a: Primarina|66/100|[from] item: Leftovers
|-heal|p2a: Slowking|86/100|[from] item: Black Sludge
|upkeep
|turn|10
|
|t:|1760345700
|move|p1a: Primarina|Calm Mind|p1a: Primarina
|-boost|p1a: Primarina|spa|1
|-boost|p1a: Primarina|spd|1
|move|p2a: Slowking|Eerie Spell|p1a: Primarina
|-supereffective|p1a: Primarina
|-damage|p1a: Primarina|51/100
|-activate|p1a: Primarina|move: Eerie Spell|Calm Mind|3
|
|-heal|p1a: Primarina|57/100|[from] item: Leftovers
|-heal|p2a: Slowking|92/100|[from] item: Black Sludge
|upkeep
|turn|11
|
|t:|1760345724
|move|p1a: Primarina|Draining Kiss|p2a: Slowking
|-resisted|p2a: Slowking
|-damage|p2a: Slowking|70/100
|-heal|p1a: Primarina|76/100|[from] drain|[of] p2a: Slowking
|move|p2a: Slowking|Eerie Spell|p1a: Primarina
|-supereffective|p1a: Primarina
|-damage|p1a: Primarina|60/100
|-activate|p1a: Primarina|move: Eerie Spell|Draining Kiss|3
|
|-heal|p1a: Primarina|66/100|[from] item: Leftovers
|-heal|p2a: Slowking|76/100|[from] item: Black Sludge
|upkeep
|turn|12
|
|t:|1760345735
|move|p2a: Slowking|Protect|p2a: Slowking
|-singleturn|p2a: Slowking|Protect
|move|p1a: Primarina|Hyper Voice|p2a: Slowking
|-activate|p2a: Slowking|move: Protect
|
|-heal|p1a: Primarina|72/100|[from] item: Leftovers
|-heal|p2a: Slowking|82/100|[from] item: Black Sludge
|upkeep
|turn|13
|
|t:|1760345750
|move|p1a: Primarina|Hyper Voice|p2a: Slowking
|-damage|p2a: Slowking|3/100
|move|p2a: Slowking|Sludge Wave|p1a: Primarina
|-resisted|p1a: Primarina
|-damage|p1a: Primarina|68/100
|
|-heal|p1a: Primarina|74/100|[from] item: Leftovers
|-heal|p2a: Slowking|9/100|[from] item: Black Sludge
|upkeep
|turn|14
|l|☆pikapikabetis
|inactive|pikapikabetis disconnected and has a minute to reconnect!
|player|p2|
|j|☆pikapikabetis
|inactive|pikapikabetis reconnected and has 120 seconds left.
|player|p2|pikapikabetis|266|
|
|t:|1760345777
|move|p1a: Primarina|Draining Kiss|p2a: Slowking
|-resisted|p2a: Slowking
|-damage|p2a: Slowking|0 fnt
|-heal|p1a: Primarina|81/100|[from] drain|[of] p2a: Slowking
|faint|p2a: Slowking
|
|-heal|p1a: Primarina|87/100|[from] item: Leftovers
|upkeep
|
|t:|1760345787
|switch|p2a: Tauros|Tauros-Paldea-Blaze, M|100/100
|-ability|p2a: Tauros|Intimidate|boost
|-unboost|p1a: Primarina|atk|1
|turn|15
|
|t:|1760345793
|move|p2a: Tauros|Earthquake|p1a: Primarina
|-supereffective|p1a: Primarina
|-damage|p1a: Primarina|33/100
|move|p1a: Primarina|Draining Kiss|p2a: Tauros
|-damage|p2a: Tauros|0 fnt
|-heal|p1a: Primarina|93/100|[from] drain|[of] p2a: Tauros
|faint|p2a: Tauros
|
|-heal|p1a: Primarina|99/100|[from] item: Leftovers
|upkeep
|
|t:|1760345804
|switch|p2a: Heatran|Heatran, F|64/100
|turn|16
|
|t:|1760345810
|move|p2a: Heatran|Flash Cannon|p1a: Primarina
|-damage|p1a: Primarina|87/100
|-unboost|p1a: Primarina|spd|1
|move|p1a: Primarina|Hyper Voice|p2a: Heatran
|-supereffective|p2a: Heatran
|-damage|p2a: Heatran|0 fnt
|faint|p2a: Heatran
|
|-heal|p1a: Primarina|93/100|[from] item: Leftovers
|upkeep
|
|t:|1760345823
|switch|p2a: Polteageist|Polteageist|100/100
|turn|17
|
|t:|1760345829
|move|p2a: Polteageist|Hex|p1a: Primarina
|-damage|p1a: Primarina|82/100
|move|p1a: Primarina|Hyper Voice|p2a: Polteageist
|-damage|p2a: Polteageist|0 fnt
|faint|p2a: Polteageist
|
|-heal|p1a: Primarina|88/100|[from] item: Leftovers
|upkeep
|
|t:|1760345840
|switch|p2a: Garganacl|Garganacl, M|100/100
|turn|18
|
|t:|1760345843
|move|p1a: Primarina|Hyper Voice|p2a: Garganacl
|-supereffective|p2a: Garganacl
|-damage|p2a: Garganacl|0 fnt
|faint|p2a: Garganacl
|
|-heal|p1a: Primarina|94/100|[from] item: Leftovers
|upkeep
|inactive|pikapikabetis has 120 seconds left.
|
|t:|1760345852
|switch|p2a: Alomomola|Alomomola, F|100/100
|turn|19
|
|t:|1760345856
|move|p1a: Primarina|Draining Kiss|p2a: Alomomola
|-crit|p2a: Alomomola
|-damage|p2a: Alomomola|0 fnt
|-heal|p1a: Primarina|100/100|[from] drain|[of] p2a: Alomomola
|-damage|p1a: Primarina|84/100|[from] item: Rocky Helmet|[of] p2a: Alomomola
|faint|p2a: Alomomola
|
|win|SHEWILLBETRAYu_067
|raw|SHEWILLBETRAYu_067's rating: 1325 &rarr; <strong>1339</strong><br />(+14 for winning)
|raw|pikapikabetis's rating: 1209 &rarr; <strong>1192</strong><br />(-17 for losing)
|l|☆SHEWILLBETRAYu_067
|player|p1|
|l|☆pikapikabetis
|player|p2|
