|j|☆foxxet
|j|☆mercadocentral
|t:|1760454943
|gametype|singles
|player|p1|foxxet|psychic|1266
|player|p2|mercadocentral|cynthia|1248
|gen|9
|tier|[Gen 9] OU
|rated|
|rule|HP Percentage Mod: HP is shown in percentages
|rule|Endless Battle Clause: Forcing endless battles is banned
|rule|Species Clause: Limit one of each Pokémon
|rule|OHKO Clause: OHKO moves are banned
|rule|Evasion Items Clause: Evasion items are banned
|rule|Evasion Moves Clause: Evasion moves are banned
|rule|Evasion Abilities Clause: Evasion abilities are banned
|rule|Sleep Moves Clause: Sleep-inducing moves are banned
|clearpoke
|poke|p1|Garganacl, F|
|poke|p1|Gholdengo|
|poke|p1|Landorus-Therian, M|
|poke|p1|Ogerpon-Wellspring, F|
|poke|p1|Goodra-Hisui, M|
|poke|p1|Corviknight, M|
|poke|p2|Carbink, L1|
|poke|p2|Braviary-Hisui, M|
|poke|p2|Ursaluna, M|
|poke|p2|Kingambit, M|
|poke|p2|Iron Hands|
|poke|p2|Hatterene, F|
|teampreview
|
|t:|1760454963
|teamsize|p1|6
|teamsize|p2|6
|start
|switch|p1a: Gholdengo|Gholdengo|100/100
|switch|p2a: Carbink|Carbink, L1, shiny|100/100
|turn|1
|
|t:|1760454977
|move|p1a: Gholdengo|Make It Rain|p2a: Carbink
|-supereffective|p2a: Carbink
|-ability|p2a: Carbink|Sturdy
|-damage|p2a: Carbink|9/100
|-unboost|p1a: Gholdengo|spa|1
|move|p2a: Carbink|Trick Room|p2a: Carbink
|-fieldstart|move: Trick Room|[of] p2a: Carbink
|
|-damage|p2a: Carbink|0 fnt|[from] item: Black Sludge
|faint|p2a: Carbink
|upkeep
|
|t:|1760454991
|switch|p2a: Iron Hands|Iron Hands|100/100
|-enditem|p2a: Iron Hands|Booster Energy
|-activate|p2a: Iron Hands|ability: Quark Drive|[fromitem]
|-start|p2a: Iron Hands|quarkdriveatk
|turn|2
|
|t:|1760455016
|switch|p1a: Corviknight|Corviknight, M|100/100
|move|p2a: Iron Hands|Swords Dance|p2a: Iron Hands
|-boost|p2a: Iron Hands|atk|2
|
|upkeep
|turn|3
|
|t:|1760455022
|switch|p1a: Landorus|Landorus-Therian, M, shiny|100/100
|-ability|p1a: Landorus|Intimidate|boost
|-unboost|p2a: Iron Hands|atk|1
|move|p2a: Iron Hands|Thunder Punch|p1a: Landorus
|-immune|p1a: Landorus
|
|upkeep
|turn|4
|
|t:|1760455032
|switch|p1a: Corviknight|Corviknight, M|100/100
|move|p2a: Iron Hands|Ice Punch|p1a: Corviknight
|-damage|p1a: Corviknight|64/100
|-status|p1a: Corviknight|frz
|-damage|p2a: Iron Hands|84/100|[from] item: Rocky Helmet|[of] p1a: Corviknight
|
|upkeep
|turn|5
|
|t:|1760455040
|move|p2a: Iron Hands|Drain Punch|p1a: Corviknight
|-damage|p1a: Corviknight|12/100 frz
|-heal|p2a: Iron Hands|100/100|[from] drain|[of] p1a: Corviknight
|-damage|p2a: Iron Hands|84/100|[from] item: Rocky Helmet|[of] p1a: Corviknight
|cant|p1a: Corviknight|frz
|
|-fieldend|move: Trick Room
|upkeep
|turn|6
|
|t:|1760455049
|cant|p1a: Corviknight|frz
|move|p2a: Iron Hands|Ice Punch|p1a: Corviknight
|-damage|p1a: Corviknight|0 fnt
|-damage|p2a: Iron Hands|67/100|[from] item: Rocky Helmet|[of] p1a: Corviknight
|faint|p1a: Corviknight
|
|upkeep
|
|t:|1760455053
|switch|p1a: Landorus|Landorus-Therian, M, shiny|100/100
|-ability|p1a: Landorus|Intimidate|boost
|-unboost|p2a: Iron Hands|atk|1
|turn|7
|
|t:|1760455059
|move|p1a: Landorus|Earthquake|p2a: Iron Hands
|-supereffective|p2a: Iron Hands
|-damage|p2a: Iron Hands|0 fnt
|faint|p2a: Iron Hands
|-end|p2a: Iron Hands|Quark Drive|[silent]
|
|upkeep
|
|t:|1760455070
|switch|p2a: Braviary|Braviary-Hisui, M, shiny|100/100
|turn|8
|
|t:|1760455083
|switch|p1a: Gholdengo|Gholdengo|100/100
|move|p2a: Braviary|Psychic|p1a: Gholdengo
|-resisted|p1a: Gholdengo
|-damage|p1a: Gholdengo|51/100
|
|upkeep
|turn|9
|
|t:|1760455093
|switch|p2a: Kingambit|Kingambit, M|100/100
|-activate|p2a: Kingambit|ability: Supreme Overlord
|-start|p2a: Kingambit|fallen2|[silent]
|move|p1a: Gholdengo|Thunder|p2a: Kingambit
|-damage|p2a: Kingambit|57/100
|
|upkeep
|turn|10
|
|t:|1760455105
|move|p2a: Kingambit|Sucker Punch|p1a: Gholdengo
|-supereffective|p1a: Gholdengo
|-damage|p1a: Gholdengo|0 fnt
|faint|p1a: Gholdengo
|
|upkeep
|
|t:|1760455108
|switch|p1a: Landorus|Landorus-Therian, M, shiny|100/100
|-ability|p1a: Landorus|Intimidate|boost
|-unboost|p2a: Kingambit|atk|1
|turn|11
|
|t:|1760455115
|move|p1a: Landorus|U-turn|p2a: Kingambit
|-damage|p2a: Kingambit|28/100
|
|t:|1760455122
|switch|p1a: Garganacl|Garganacl, F, shiny|100/100|[from] U-turn
|move|p2a: Kingambit|Swords Dance|p2a: Kingambit
|-boost|p2a: Kingambit|atk|2
|
|upkeep
|turn|12
|
|t:|1760455128
|-terastallize|p1a: Garganacl|Flying
|move|p1a: Garganacl|Iron Defense|p1a: Garganacl
|-boost|p1a: Garganacl|def|2
|move|p2a: Kingambit|Iron Head|p1a: Garganacl
|-damage|p1a: Garganacl|80/100
|
|-heal|p1a: Garganacl|87/100|[from] item: Leftovers
|upkeep
|turn|13
|
|t:|1760455140
|-end|p2a: Kingambit|fallen2|[silent]
|switch|p2a: Hatterene|Hatterene, F|100/100
|move|p1a: Garganacl|Salt Cure|p2a: Hatterene
|-damage|p2a: Hatterene|84/100
|-start|p2a: Hatterene|Salt Cure
|
|-heal|p1a: Garganacl|93/100|[from] item: Leftovers
|-damage|p2a: Hatterene|72/100|[from] Salt Cure
|upkeep
|turn|14
|
|t:|1760455152
|switch|p1a: Goodra|Goodra-Hisui, M|100/100
|move|p2a: Hatterene|Psychic Noise|p1a: Goodra
|-resisted|p1a: Goodra
|-damage|p1a: Goodra|92/100
|-start|p1a: Goodra|move: Heal Block
|
|-damage|p2a: Hatterene|60/100|[from] Salt Cure
|upkeep
|turn|15
|
|t:|1760455161
|switch|p2a: Ursaluna|Ursaluna, M|100/100
|move|p1a: Goodra|Iron Head|p2a: Ursaluna
|-damage|p2a: Ursaluna|77/100
|
|-end|p1a: Goodra|move: Heal Block
|-status|p2a: Ursaluna|brn|[from] item: Flame Orb
|upkeep
|turn|16
|
|t:|1760455173
|switch|p1a: Landorus|Landorus-Therian, M, shiny|100/100
|-ability|p1a: Landorus|Intimidate|boost
|-unboost|p2a: Ursaluna|atk|1
|move|p2a: Ursaluna|Swords Dance|p2a: Ursaluna
|-boost|p2a: Ursaluna|atk|2
|
|-damage|p2a: Ursaluna|70/100 brn|[from] brn
|upkeep
|turn|17
|
|t:|1760455185
|move|p1a: Landorus|Earthquake|p2a: Ursaluna
|-damage|p2a: Ursaluna|5/100 brn
|move|p2a: Ursaluna|Facade|p1a: Landorus
|-damage|p1a: Landorus|0 fnt
|faint|p1a: Landorus
|
|-damage|p2a: Ursaluna|0 fnt|[from] brn
|faint|p2a: Ursaluna
|upkeep
|
|t:|1760455205
|switch|p1a: Garganacl|Garganacl, F, shiny, tera:Flying|93/100
|switch|p2a: Braviary|Braviary-Hisui, M, shiny|100/100
|turn|18
|
|t:|1760455217
|switch|p1a: Goodra|Goodra-Hisui, M|92/100
|move|p2a: Braviary|Psychic|p1a: Goodra
|-resisted|p1a: Goodra
|-damage|p1a: Goodra|78/100
|
|upkeep
|turn|19
|
|t:|1760455252
|-terastallize|p2a: Braviary|Fighting
|move|p2a: Braviary|Vacuum Wave|p1a: Goodra
|-supereffective|p1a: Goodra
|-damage|p1a: Goodra|56/100
|-damage|p2a: Braviary|91/100|[from] item: Life Orb
|move|p1a: Goodra|Iron Head|p2a: Braviary
|-damage|p2a: Braviary|59/100
|
|upkeep
|turn|20
|
|t:|1760455264
|move|p2a: Braviary|Vacuum Wave|p1a: Goodra
|-supereffective|p1a: Goodra
|-damage|p1a: Goodra|36/100
|-damage|p2a: Braviary|49/100|[from] item: Life Orb
|move|p1a: Goodra|Draco Meteor|p2a: Braviary
|-damage|p2a: Braviary|2/100
|-unboost|p1a: Goodra|spa|2
|
|upkeep
|turn|21
|
|t:|1760455292
|move|p2a: Braviary|Vacuum Wave|p1a: Goodra
|-supereffective|p1a: Goodra
|-damage|p1a: Goodra|15/100
|-damage|p2a: Braviary|0 fnt|[from] item: Life Orb
|faint|p2a: Braviary
|move|p1a: Goodra|Dragon Tail|p2: Braviary|[notarget]
|-fail|p1a: Goodra
|
|upkeep
|
|t:|1760455304
|switch|p2a: Kingambit|Kingambit, M|28/100
|-activate|p2a: Kingambit|ability: Supreme Overlord
|-start|p2a: Kingambit|fallen4|[silent]
|turn|22
|
|t:|1760455335
|move|p1a: Goodra|Earthquake|p2a: Kingambit
|-supereffective|p2a: Kingambit
|-damage|p2a: Kingambit|0 fnt
|faint|p2a: Kingambit
|-end|p2a: Kingambit|fallen4|[silent]
|
|upkeep
|-message|mercadocentral forfeited.
|
|win|foxxet
|raw|foxxet's rating: 1266 &rarr; <strong>1290</strong><br />(+24 for winning)
|raw|mercadocentral's rating: 1248 &rarr; <strong>1224</strong><br />(-24 for losing)
|l|☆mercadocentral
|player|p2|
|l|☆foxxet
|player|p1|
