|j|☆chinchilla1010x
|j|☆iron bisaya
|t:|1760354381
|gametype|singles
|player|p1|chinchilla1010x|266|1295
|player|p2|iron bisaya|cynthia-gen4|1337
|gen|9
|tier|[Gen 9] OU
|rated|
|rule|HP Percentage Mod: HP is shown in percentages
|rule|Endless Battle Clause: Forcing endless battles is banned
|rule|Species Clause: Limit one of each Pokémon
|rule|OHKO Clause: OHKO moves are banned
|rule|Evasion Items Clause: Evasion items are banned
|rule|Evasion Moves Clause: Evasion moves are banned
|rule|Evasion Abilities Clause: Evasion abilities are banned
|rule|Sleep Moves Clause: Sleep-inducing moves are banned
|clearpoke
|poke|p1|Glimmora, M|
|poke|p1|Dragapult, M|
|poke|p1|Charizard, F|
|poke|p1|Comfey, M|
|poke|p1|Araquanid, F|
|poke|p1|Frosmoth, M|
|poke|p2|Darkrai|
|poke|p2|Great Tusk|
|poke|p2|Gholdengo|
|poke|p2|Kingambit, M|
|poke|p2|Glimmora, M|
|poke|p2|Dragonite, M|
|teampreview
|inactive|Battle timer is ON: inactive players will automatically lose when time's up. (requested by chinchilla1010x)
|
|t:|1760354417
|teamsize|p1|6
|teamsize|p2|6
|start
|switch|p1a: Araquanid|Araquanid, F|100/100
|switch|p2a: Glimmora|Glimmora, M, shiny|100/100
|turn|1
|
|t:|1760354423
|move|p2a: Glimmora|Stealth Rock|p1a: Araquanid
|-sidestart|p1: chinchilla1010x|move: Stealth Rock
|move|p1a: Araquanid|Liquidation|p2a: Glimmora
|-supereffective|p2a: Glimmora
|-damage|p2a: Glimmora|0 fnt
|-activate|p2a: Glimmora|ability: Toxic Debris
|-sidestart|p1: chinchilla1010x|move: Toxic Spikes
|faint|p2a: Glimmora
|
|upkeep
|
|t:|1760354429
|switch|p2a: Great Tusk|Great Tusk, shiny|100/100
|-enditem|p2a: Great Tusk|Booster Energy
|-activate|p2a: Great Tusk|ability: Protosynthesis|[fromitem]
|-start|p2a: Great Tusk|protosynthesisspe
|turn|2
|
|t:|1760354434
|move|p2a: Great Tusk|Head Smash|p1a: Araquanid
|-supereffective|p1a: Araquanid
|-damage|p1a: Araquanid|14/100
|-damage|p2a: Great Tusk|67/100|[from] Recoil
|move|p1a: Araquanid|Liquidation|p2a: Great Tusk
|-supereffective|p2a: Great Tusk
|-damage|p2a: Great Tusk|0 fnt
|faint|p2a: Great Tusk
|-end|p2a: Great Tusk|Protosynthesis|[silent]
|
|-heal|p1a: Araquanid|20/100|[from] item: Leftovers
|upkeep
|
|t:|1760354446
|switch|p2a: Darkrai|Darkrai, shiny|100/100
|turn|3
|
|t:|1760354449
|move|p2a: Darkrai|Knock Off|p1a: Araquanid
|-damage|p1a: Araquanid|0 fnt
|-enditem|p1a: Araquanid|Leftovers|[from] move: Knock Off|[of] p2a: Darkrai
|faint|p1a: Araquanid
|
|upkeep
|
|t:|1760354453
|switch|p1a: Glimmora|Glimmora, M|100/100
|-sideend|p1: chinchilla1010x|move: Toxic Spikes|[of] p1a: Glimmora
|turn|4
|
|t:|1760354457
|switch|p2a: Gholdengo|Gholdengo, shiny|100/100
|-item|p2a: Gholdengo|Air Balloon
|move|p1a: Glimmora|Mortal Spin|p2a: Gholdengo
|-immune|p2a: Gholdengo
|
|upkeep
|turn|5
|
|t:|1760354465
|move|p2a: Gholdengo|Make It Rain|p1a: Glimmora
|-supereffective|p1a: Glimmora
|-damage|p1a: Glimmora|0 fnt
|-unboost|p2a: Gholdengo|spa|1
|faint|p1a: Glimmora
|
|upkeep
|
|t:|1760354473
|switch|p1a: Frosmoth|Frosmoth, M|100/100
|-damage|p1a: Frosmoth|51/100|[from] Stealth Rock
|turn|6
|
|t:|1760354479
|-terastallize|p1a: Frosmoth|Ground
|move|p2a: Gholdengo|Make It Rain|p1a: Frosmoth
|-damage|p1a: Frosmoth|24/100
|-unboost|p2a: Gholdengo|spa|1
|move|p1a: Frosmoth|Quiver Dance|p1a: Frosmoth
|-boost|p1a: Frosmoth|spa|1
|-boost|p1a: Frosmoth|spd|1
|-boost|p1a: Frosmoth|spe|1
|
|-heal|p1a: Frosmoth|30/100|[from] item: Leftovers
|upkeep
|turn|7
|
|t:|1760354488
|switch|p2a: Darkrai|Darkrai, shiny|100/100
|move|p1a: Frosmoth|Tera Blast|p2a: Darkrai|[anim] Tera Blast Ground
|-damage|p2a: Darkrai|8/100
|
|-heal|p1a: Frosmoth|36/100|[from] item: Leftovers
|upkeep
|turn|8
|
|t:|1760354491
|move|p2a: Darkrai|Knock Off|p1a: Frosmoth
|-damage|p1a: Frosmoth|0 fnt
|-enditem|p1a: Frosmoth|Leftovers|[from] move: Knock Off|[of] p2a: Darkrai
|faint|p1a: Frosmoth
|
|upkeep
|
|t:|1760354495
|switch|p1a: Dragapult|Dragapult, M|100/100
|-damage|p1a: Dragapult|88/100|[from] Stealth Rock
|turn|9
|
|t:|1760354502
|move|p2a: Darkrai|Sucker Punch|p1a: Dragapult
|-supereffective|p1a: Dragapult
|-damage|p1a: Dragapult|3/100
|move|p1a: Dragapult|Dragon Darts|p2a: Darkrai
|-damage|p2a: Darkrai|0 fnt
|faint|p2a: Darkrai
|
|upkeep
|
|t:|1760354519
|switch|p2a: Dragonite|Dragonite, M, shiny|100/100
|turn|10
|
|t:|1760354524
|-terastallize|p2a: Dragonite|Fairy
|move|p1a: Dragapult|Dragon Darts|p2a: Dragonite
|-immune|p2a: Dragonite
|move|p2a: Dragonite|Dragon Dance|p2a: Dragonite
|-boost|p2a: Dragonite|atk|1
|-boost|p2a: Dragonite|spe|1
|
|upkeep
|turn|11
|-message|chinchilla1010x forfeited.
|
|win|iron bisaya
|raw|chinchilla1010x's rating: 1295 &rarr; <strong>1273</strong><br />(-22 for losing)
|raw|iron bisaya's rating: 1337 &rarr; <strong>1355</strong><br />(+18 for winning)
|l|☆chinchilla1010x
|player|p1|
|l|☆iron bisaya
|player|p2|
