|j|☆m3t30rch4mpi0n1in
|j|☆yodimjay
|t:|1760348196
|gametype|singles
|player|p1|m3t30rch4mpi0n1in|zinzolin|1363
|player|p2|yodimjay|hugh|1323
|gen|9
|tier|[Gen 9] OU
|rated|
|rule|HP Percentage Mod: HP is shown in percentages
|rule|Endless Battle Clause: Forcing endless battles is banned
|rule|Species Clause: Limit one of each Pokémon
|rule|OHKO Clause: OHKO moves are banned
|rule|Evasion Items Clause: Evasion items are banned
|rule|Evasion Moves Clause: Evasion moves are banned
|rule|Evasion Abilities Clause: Evasion abilities are banned
|rule|Sleep Moves Clause: Sleep-inducing moves are banned
|clearpoke
|poke|p1|Dondozo, M|
|poke|p1|Blissey, F|
|poke|p1|Corviknight, F|
|poke|p1|Weezing-Galar, F|
|poke|p1|Gliscor, F|
|poke|p1|Toxapex, M|
|poke|p2|Cinderace, F|
|poke|p2|Meowscarada, F|
|poke|p2|Scizor, F|
|poke|p2|Dragalge, F|
|poke|p2|Hatterene, F|
|poke|p2|Darkrai|
|teampreview
|inactive|Battle timer is ON: inactive players will automatically lose when time's up. (requested by yodimjay)
|inactive|m3t30rch4mpi0n1in also wants the timer to be on.
|
|t:|1760348207
|teamsize|p1|6
|teamsize|p2|6
|start
|switch|p1a: Gliscor|Gliscor, F|100/100
|switch|p2a: Mystery|Dragalge, F|100/100
|turn|1
|
|t:|1760348215
|move|p1a: Gliscor|Knock Off|p2a: Mystery
|-damage|p2a: Mystery|79/100
|-enditem|p2a: Mystery|Assault Vest|[from] move: Knock Off|[of] p1a: Gliscor
|move|p2a: Mystery|Sludge Wave|p1a: Gliscor
|-resisted|p1a: Gliscor
|-damage|p1a: Gliscor|75/100
|
|-status|p1a: Gliscor|tox|[from] item: Toxic Orb
|upkeep
|turn|2
|
|t:|1760348230
|move|p1a: Gliscor|Spikes|p2a: Mystery
|-sidestart|p2: yodimjay|Spikes
|move|p2a: Mystery|Draco Meteor|p1a: Gliscor
|-damage|p1a: Gliscor|3/100 tox
|-unboost|p2a: Mystery|spa|2
|
|-heal|p1a: Gliscor|15/100 tox|[from] ability: Poison Heal
|upkeep
|turn|3
|
|t:|1760348239
|move|p1a: Gliscor|Protect|p1a: Gliscor
|-singleturn|p1a: Gliscor|Protect
|move|p2a: Mystery|Flip Turn|p1a: Gliscor
|-activate|p1a: Gliscor|move: Protect
|
|-heal|p1a: Gliscor|28/100 tox|[from] ability: Poison Heal
|upkeep
|turn|4
|
|t:|1760348248
|switch|p1a: Toxapex|Toxapex, M|100/100
|move|p2a: Mystery|Draco Meteor|p1a: Toxapex
|-damage|p1a: Toxapex|73/100
|-unboost|p2a: Mystery|spa|2
|
|-heal|p1a: Toxapex|79/100|[from] item: Leftovers
|upkeep
|turn|5
|
|t:|1760348258
|move|p2a: Mystery|Flip Turn|p1a: Toxapex
|-resisted|p1a: Toxapex
|-damage|p1a: Toxapex|75/100
|
|t:|1760348265
|switch|p2a: Darkrai|Darkrai|100/100|[from] Flip Turn
|move|p1a: Toxapex|Toxic|p2a: Darkrai
|-status|p2a: Darkrai|tox
|
|-heal|p1a: Toxapex|82/100|[from] item: Leftovers
|-damage|p2a: Darkrai|94/100 tox|[from] psn
|upkeep
|turn|6
|
|t:|1760348277
|switch|p1a: Blissey|Blissey, F|100/100
|move|p2a: Darkrai|Nasty Plot|p2a: Darkrai
|-boost|p2a: Darkrai|spa|2
|
|-damage|p2a: Darkrai|82/100 tox|[from] psn
|upkeep
|turn|7
|
|t:|1760348285
|move|p2a: Darkrai|Dark Pulse|p1a: Blissey
|-damage|p1a: Blissey|76/100
|cant|p1a: Blissey|flinch
|
|-heal|p1a: Blissey|82/100|[from] item: Leftovers
|-damage|p2a: Darkrai|64/100 tox|[from] psn
|upkeep
|turn|8
|
|t:|1760348294
|switch|p2a: Nina|Scizor, F|100/100
|move|p1a: Blissey|Calm Mind|p1a: Blissey
|-boost|p1a: Blissey|spa|1
|-boost|p1a: Blissey|spd|1
|
|-heal|p1a: Blissey|89/100|[from] item: Leftovers
|upkeep
|turn|9
|-message|yodimjay forfeited.
|
|win|m3t30rch4mpi0n1in
|raw|m3t30rch4mpi0n1in's rating: 1363 &rarr; <strong>1381</strong><br />(+18 for winning)
|raw|yodimjay's rating: 1323 &rarr; <strong>1305</strong><br />(-18 for losing)
|l|☆yodimjay
|player|p2|
|l|☆m3t30rch4mpi0n1in
|player|p1|
