|j|☆julipabl
|j|☆buraneo
|t:|1760299122
|gametype|singles
|player|p1|julipabl|youngster-gen4dp|1098
|player|p2|buraneo|hoopster|1067
|gen|9
|tier|[Gen 9] OU
|rated|
|rule|HP Percentage Mod: HP is shown in percentages
|rule|Endless Battle Clause: Forcing endless battles is banned
|rule|Species Clause: Limit one of each Pokémon
|rule|OHKO Clause: OHKO moves are banned
|rule|Evasion Items Clause: Evasion items are banned
|rule|Evasion Moves Clause: Evasion moves are banned
|rule|Evasion Abilities Clause: Evasion abilities are banned
|rule|Sleep Moves Clause: Sleep-inducing moves are banned
|clearpoke
|poke|p1|Torterra, M|
|poke|p1|Magcargo, M|
|poke|p1|Conkeldurr, F|
|poke|p1|Krookodile, M|
|poke|p1|Magnezone|
|poke|p1|Porygon-Z|
|poke|p2|Skarmory, F|
|poke|p2|Iron Valiant|
|poke|p2|Dragapult, F|
|poke|p2|Grimmsnarl, M|
|poke|p2|Iron Moth|
|poke|p2|Garchomp, F|
|teampreview
|inactive|Battle timer is ON: inactive players will automatically lose when time's up. (requested by buraneo)
|
|t:|1760299127
|teamsize|p1|6
|teamsize|p2|6
|start
|switch|p1a: Conkeldurr|Conkeldurr, F|100/100
|switch|p2a: Grimmsnarl|Grimmsnarl, M|100/100
|turn|1
|
|t:|1760299139
|switch|p1a: Magcargo|Magcargo, M|100/100
|move|p2a: Grimmsnarl|Reflect|p2a: Grimmsnarl
|-sidestart|p2: buraneo|Reflect
|
|upkeep
|turn|2
|
|t:|1760299148
|move|p2a: Grimmsnarl|Light Screen|p2a: Grimmsnarl
|-sidestart|p2: buraneo|move: Light Screen
|move|p1a: Magcargo|Stealth Rock|p2a: Grimmsnarl
|-sidestart|p2: buraneo|move: Stealth Rock
|
|upkeep
|turn|3
|
|t:|1760299157
|move|p2a: Grimmsnarl|Parting Shot|p1a: Magcargo
|-unboost|p1a: Magcargo|atk|1
|-unboost|p1a: Magcargo|spa|1
|
|t:|1760299161
|switch|p2a: Garchomp|Garchomp, F|100/100|[from] Parting Shot
|-damage|p2a: Garchomp|94/100|[from] Stealth Rock
|move|p1a: Magcargo|Stockpile|p1a: Magcargo
|-start|p1a: Magcargo|stockpile1
|-boost|p1a: Magcargo|def|1
|-boost|p1a: Magcargo|spd|1
|
|upkeep
|turn|4
|
|t:|1760299175
|-terastallize|p1a: Magcargo|Fire
|move|p2a: Garchomp|Earthquake|p1a: Magcargo
|-supereffective|p1a: Magcargo
|-damage|p1a: Magcargo|42/100
|-enditem|p1a: Magcargo|Sitrus Berry|[eat]
|-heal|p1a: Magcargo|67/100|[from] item: Sitrus Berry
|move|p1a: Magcargo|Ancient Power|p2a: Garchomp
|-resisted|p2a: Garchomp
|-damage|p2a: Garchomp|91/100
|
|upkeep
|turn|5
|
|t:|1760299189
|switch|p1a: Torterra|Torterra, M|100/100
|move|p2a: Garchomp|Earthquake|p1a: Torterra
|-resisted|p1a: Torterra
|-damage|p1a: Torterra|80/100
|
|-heal|p1a: Torterra|86/100|[from] item: Leftovers
|upkeep
|turn|6
|
|t:|1760299198
|switch|p2a: Dragapult|Dragapult, F|100/100
|move|p1a: Torterra|Leech Seed|p2a: Dragapult
|-start|p2a: Dragapult|move: Leech Seed
|
|-heal|p1a: Torterra|92/100|[from] item: Leftovers
|-damage|p2a: Dragapult|88/100|[from] Leech Seed|[of] p1a: Torterra
|-heal|p1a: Torterra|100/100|[silent]
|upkeep
|turn|7
|
|t:|1760299208
|switch|p1a: Magcargo|Magcargo, M, tera:Fire|67/100
|move|p2a: Dragapult|U-turn|p1a: Magcargo
|-resisted|p1a: Magcargo
|-damage|p1a: Magcargo|61/100
|-status|p2a: Dragapult|brn|[from] ability: Flame Body|[of] p1a: Magcargo
|
|t:|1760299217
|switch|p2a: Grimmsnarl|Grimmsnarl, M|100/100|[from] U-turn
|-damage|p2a: Grimmsnarl|88/100|[from] Stealth Rock
|
|upkeep
|turn|8
|
|t:|1760299226
|move|p2a: Grimmsnarl|Taunt|p1a: Magcargo
|-start|p1a: Magcargo|move: Taunt
|move|p1a: Magcargo|Lava Plume|p2a: Grimmsnarl
|-damage|p2a: Grimmsnarl|73/100
|-status|p2a: Grimmsnarl|brn
|
|-damage|p2a: Grimmsnarl|67/100 brn|[from] brn
|-sideend|p2: buraneo|Reflect
|upkeep
|turn|9
|
|t:|1760299236
|move|p2a: Grimmsnarl|Parting Shot|p1a: Magcargo
|-unboost|p1a: Magcargo|atk|1
|-unboost|p1a: Magcargo|spa|1
|
|t:|1760299241
|switch|p2a: Garchomp|Garchomp, F|91/100|[from] Parting Shot
|-damage|p2a: Garchomp|85/100|[from] Stealth Rock
|move|p1a: Magcargo|Ancient Power|p2a: Garchomp
|-resisted|p2a: Garchomp
|-damage|p2a: Garchomp|81/100
|
|-sideend|p2: buraneo|move: Light Screen
|upkeep
|turn|10
|
|t:|1760299251
|switch|p1a: Torterra|Torterra, M|100/100
|move|p2a: Garchomp|Earthquake|p1a: Torterra
|-resisted|p1a: Torterra
|-damage|p1a: Torterra|81/100
|
|-heal|p1a: Torterra|87/100|[from] item: Leftovers
|upkeep
|turn|11
|
|t:|1760299261
|move|p2a: Garchomp|Earthquake|p1a: Torterra
|-resisted|p1a: Torterra
|-damage|p1a: Torterra|67/100
|move|p1a: Torterra|Leech Seed|p2a: Garchomp
|-start|p2a: Garchomp|move: Leech Seed
|
|-heal|p1a: Torterra|73/100|[from] item: Leftovers
|-damage|p2a: Garchomp|69/100|[from] Leech Seed|[of] p1a: Torterra
|-heal|p1a: Torterra|84/100|[silent]
|upkeep
|turn|12
|
|t:|1760299271
|switch|p2a: Skarmory|Skarmory, F|100/100
|-damage|p2a: Skarmory|88/100|[from] Stealth Rock
|move|p1a: Torterra|Leech Seed|p2a: Skarmory
|-start|p2a: Skarmory|move: Leech Seed
|
|-heal|p1a: Torterra|90/100|[from] item: Leftovers
|-damage|p2a: Skarmory|76/100|[from] Leech Seed|[of] p1a: Torterra
|-heal|p1a: Torterra|98/100|[silent]
|upkeep
|turn|13
|
|t:|1760299283
|switch|p1a: Magcargo|Magcargo, M, tera:Fire|61/100
|move|p2a: Skarmory|Swords Dance|p2a: Skarmory
|-boost|p2a: Skarmory|atk|2
|
|-damage|p2a: Skarmory|64/100|[from] Leech Seed|[of] p1a: Magcargo
|-heal|p1a: Magcargo|71/100|[silent]
|upkeep
|turn|14
|
|t:|1760299295
|switch|p2a: Grimmsnarl|Grimmsnarl, M|67/100 brn
|-damage|p2a: Grimmsnarl|54/100 brn|[from] Stealth Rock
|move|p1a: Magcargo|Lava Plume|p2a: Grimmsnarl
|-damage|p2a: Grimmsnarl|22/100 brn
|
|-damage|p2a: Grimmsnarl|16/100 brn|[from] brn
|upkeep
|turn|15
|
|t:|1760299315
|switch|p1a: Torterra|Torterra, M|98/100
|move|p2a: Grimmsnarl|Light Screen|p2a: Grimmsnarl
|-sidestart|p2: buraneo|move: Light Screen
|
|-heal|p1a: Torterra|100/100|[from] item: Leftovers
|-damage|p2a: Grimmsnarl|10/100 brn|[from] brn
|upkeep
|turn|16
|
|t:|1760299324
|move|p2a: Grimmsnarl|Taunt|p1a: Torterra
|-start|p1a: Torterra|move: Taunt
|move|p1a: Torterra|Bulldoze|p2a: Grimmsnarl
|-damage|p2a: Grimmsnarl|0 fnt
|faint|p2a: Grimmsnarl
|
|upkeep
|
|t:|1760299332
|switch|p2a: Skarmory|Skarmory, F|64/100
|-damage|p2a: Skarmory|52/100|[from] Stealth Rock
|turn|17
|
|t:|1760299342
|switch|p1a: Magcargo|Magcargo, M, tera:Fire|71/100
|move|p2a: Skarmory|Brave Bird|p1a: Magcargo
|-damage|p1a: Magcargo|34/100
|-damage|p2a: Skarmory|37/100|[from] Recoil
|
|upkeep
|turn|18
|
|t:|1760299352
|switch|p2a: Garchomp|Garchomp, F|69/100
|-damage|p2a: Garchomp|63/100|[from] Stealth Rock
|move|p1a: Magcargo|Lava Plume|p2a: Garchomp
|-resisted|p2a: Garchomp
|-damage|p2a: Garchomp|53/100
|
|upkeep
|turn|19
|
|t:|1760299364
|switch|p1a: Torterra|Torterra, M|100/100
|move|p2a: Garchomp|Dragon Claw|p1a: Torterra
|-damage|p1a: Torterra|72/100
|
|-heal|p1a: Torterra|78/100|[from] item: Leftovers
|upkeep
|turn|20
|
|t:|1760299373
|move|p2a: Garchomp|Dragon Claw|p1a: Torterra
|-damage|p1a: Torterra|45/100
|move|p1a: Torterra|Leech Seed|p2a: Garchomp
|-start|p2a: Garchomp|move: Leech Seed
|
|-heal|p1a: Torterra|51/100|[from] item: Leftovers
|-damage|p2a: Garchomp|41/100|[from] Leech Seed|[of] p1a: Torterra
|-heal|p1a: Torterra|62/100|[silent]
|upkeep
|turn|21
|
|t:|1760299385
|switch|p2a: Iron Moth|Iron Moth|100/100
|-damage|p2a: Iron Moth|75/100|[from] Stealth Rock
|-enditem|p2a: Iron Moth|Booster Energy
|-activate|p2a: Iron Moth|ability: Quark Drive|[fromitem]
|-start|p2a: Iron Moth|quarkdrivespe
|move|p1a: Torterra|Synthesis|p1a: Torterra
|-heal|p1a: Torterra|100/100
|
|upkeep
|turn|22
|
|t:|1760299397
|move|p2a: Iron Moth|Fiery Dance|p1a: Torterra
|-supereffective|p1a: Torterra
|-damage|p1a: Torterra|30/100
|-boost|p2a: Iron Moth|spa|1
|move|p1a: Torterra|Leech Seed|p2a: Iron Moth
|-start|p2a: Iron Moth|move: Leech Seed
|
|-heal|p1a: Torterra|37/100|[from] item: Leftovers
|-damage|p2a: Iron Moth|63/100|[from] Leech Seed|[of] p1a: Torterra
|-heal|p1a: Torterra|47/100|[silent]
|-sideend|p2: buraneo|move: Light Screen
|upkeep
|turn|23
|
|t:|1760299409
|switch|p1a: Magcargo|Magcargo, M, tera:Fire|34/100
|move|p2a: Iron Moth|Fiery Dance|p1a: Magcargo
|-resisted|p1a: Magcargo
|-damage|p1a: Magcargo|5/100
|
|-damage|p2a: Iron Moth|51/100|[from] Leech Seed|[of] p1a: Magcargo
|-heal|p1a: Magcargo|18/100|[silent]
|upkeep
|turn|24
|
|t:|1760299430
|move|p2a: Iron Moth|Sludge Wave|p1a: Magcargo
|-damage|p1a: Magcargo|0 fnt
|faint|p1a: Magcargo
|
|upkeep
|
|t:|1760299442
|switch|p1a: Conkeldurr|Conkeldurr, F|100/100
|turn|25
|
|t:|1760299455
|-end|p2a: Iron Moth|Quark Drive|[silent]
|switch|p2a: Skarmory|Skarmory, F|37/100
|-damage|p2a: Skarmory|25/100|[from] Stealth Rock
|move|p1a: Conkeldurr|Drain Punch|p2a: Skarmory
|-crit|p2a: Skarmory
|-damage|p2a: Skarmory|0 fnt
|-damage|p1a: Conkeldurr|84/100|[from] item: Rocky Helmet|[of] p2a: Skarmory
|faint|p2a: Skarmory
|
|upkeep
|
|t:|1760299465
|switch|p2a: Iron Valiant|Iron Valiant|100/100
|-damage|p2a: Iron Valiant|94/100|[from] Stealth Rock
|-enditem|p2a: Iron Valiant|Booster Energy
|-activate|p2a: Iron Valiant|ability: Quark Drive|[fromitem]
|-start|p2a: Iron Valiant|quarkdrivespe
|turn|26
|
|t:|1760299473
|switch|p1a: Torterra|Torterra, M|47/100
|move|p2a: Iron Valiant|Spirit Break|p1a: Torterra
|-damage|p1a: Torterra|18/100
|-unboost|p1a: Torterra|spa|1
|
|-heal|p1a: Torterra|24/100|[from] item: Leftovers
|upkeep
|turn|27
|
|t:|1760299483
|move|p2a: Iron Valiant|Ice Punch|p1a: Torterra
|-supereffective|p1a: Torterra
|-damage|p1a: Torterra|0 fnt
|faint|p1a: Torterra
|
|upkeep
|
|t:|1760299493
|switch|p1a: Magnezone|Magnezone|100/100
|-item|p1a: Magnezone|Air Balloon
|turn|28
|
|t:|1760299499
|move|p2a: Iron Valiant|Close Combat|p1a: Magnezone
|-supereffective|p1a: Magnezone
|-ability|p1a: Magnezone|Sturdy
|-damage|p1a: Magnezone|1/100
|-unboost|p2a: Iron Valiant|def|1
|-unboost|p2a: Iron Valiant|spd|1
|-enditem|p1a: Magnezone|Air Balloon
|move|p1a: Magnezone|Flash Cannon|p2a: Iron Valiant
|-supereffective|p2a: Iron Valiant
|-damage|p2a: Iron Valiant|0 fnt
|faint|p2a: Iron Valiant
|-end|p2a: Iron Valiant|Quark Drive|[silent]
|
|upkeep
|
|t:|1760299512
|switch|p2a: Garchomp|Garchomp, F|41/100
|-damage|p2a: Garchomp|34/100|[from] Stealth Rock
|turn|29
|
|t:|1760299521
|move|p2a: Garchomp|Iron Head|p1a: Magnezone
|-resisted|p1a: Magnezone
|-damage|p1a: Magnezone|0 fnt
|faint|p1a: Magnezone
|
|upkeep
|
|t:|1760299544
|switch|p1a: Krookodile|Krookodile, M|100/100
|turn|30
|
|t:|1760299549
|move|p2a: Garchomp|Iron Head|p1a: Krookodile
|-damage|p1a: Krookodile|65/100
|move|p1a: Krookodile|Knock Off|p2a: Garchomp
|-damage|p2a: Garchomp|0 fnt
|-damage|p1a: Krookodile|52/100|[from] ability: Rough Skin|[of] p2a: Garchomp
|-enditem|p2a: Garchomp|Choice Scarf|[from] move: Knock Off|[of] p1a: Krookodile
|faint|p2a: Garchomp
|-ability|p1a: Krookodile|Moxie|boost
|-boost|p1a: Krookodile|atk|1
|
|upkeep
|
|t:|1760299562
|switch|p2a: Iron Moth|Iron Moth|51/100
|-damage|p2a: Iron Moth|26/100|[from] Stealth Rock
|turn|31
|
|t:|1760299567
|move|p1a: Krookodile|Knock Off|p2a: Iron Moth
|-damage|p2a: Iron Moth|0 fnt
|faint|p2a: Iron Moth
|-end|p2a: Iron Moth|Quark Drive|[silent]
|-ability|p1a: Krookodile|Moxie|boost
|-boost|p1a: Krookodile|atk|1
|
|upkeep
|
|t:|1760299573
|switch|p2a: Dragapult|Dragapult, F|88/100 brn
|turn|32
|
|t:|1760299579
|move|p1a: Krookodile|Knock Off|p2a: Dragapult
|-supereffective|p2a: Dragapult
|-damage|p2a: Dragapult|0 fnt
|-enditem|p2a: Dragapult|Heavy-Duty Boots|[from] move: Knock Off|[of] p1a: Krookodile
|faint|p2a: Dragapult
|
|win|julipabl
|raw|julipabl's rating: 1098 &rarr; <strong>1121</strong><br />(+23 for winning)
|raw|buraneo's rating: 1067 &rarr; <strong>1049</strong><br />(-18 for losing)
|l|☆buraneo
|player|p2|
|l|☆julipabl
|player|p1|
