|j|☆Ozypondias
|j|☆gang696969
|t:|1760415301
|gametype|singles
|player|p1|Ozypondias|veteranf|1446
|player|p2|gang696969|170|1504
|gen|9
|tier|[Gen 9] OU
|rated|
|rule|HP Percentage Mod: HP is shown in percentages
|rule|Endless Battle Clause: Forcing endless battles is banned
|rule|Species Clause: Limit one of each Pokémon
|rule|OHKO Clause: OHKO moves are banned
|rule|Evasion Items Clause: Evasion items are banned
|rule|Evasion Moves Clause: Evasion moves are banned
|rule|Evasion Abilities Clause: Evasion abilities are banned
|rule|Sleep Moves Clause: Sleep-inducing moves are banned
|clearpoke
|poke|p1|Gholdengo|
|poke|p1|Landorus-Therian, M|
|poke|p1|Ogerpon-Wellspring, F|
|poke|p1|Great Tusk|
|poke|p1|Iron Moth|
|poke|p1|Primarina, M|
|poke|p2|Ceruledge, M|
|poke|p2|Walking Wake|
|poke|p2|Dragonite, F|
|poke|p2|Torkoal, F|
|poke|p2|Venusaur, F|
|poke|p2|Kingambit, M|
|teampreview
|
|t:|1760415317
|teamsize|p1|6
|teamsize|p2|6
|start
|switch|p1a: Primarina|Primarina, M|100/100
|switch|p2a: Ceruledge|Ceruledge, M|100/100
|turn|1
|inactive|Battle timer is ON: inactive players will automatically lose when time's up. (requested by Ozypondias)
|
|t:|1760415329
|move|p2a: Ceruledge|Poltergeist|p1a: Primarina
|-activate|p1a: Primarina|move: Poltergeist|Choice Specs
|-damage|p1a: Primarina|25/100
|move|p1a: Primarina|Sparkling Aria|p2a: Ceruledge
|-supereffective|p2a: Ceruledge
|-enditem|p2a: Ceruledge|Focus Sash
|-damage|p2a: Ceruledge|1/100
|
|upkeep
|turn|2
|
|t:|1760415338
|switch|p1a: Landorus|Landorus-Therian, M|100/100
|-ability|p1a: Landorus|Intimidate|boost
|-unboost|p2a: Ceruledge|atk|1
|move|p2a: Ceruledge|Shadow Sneak|p1a: Landorus
|-damage|p1a: Landorus|81/100
|
|upkeep
|turn|3
|
|t:|1760415357
|move|p2a: Ceruledge|Shadow Sneak|p1a: Landorus
|-damage|p1a: Landorus|64/100
|move|p1a: Landorus|U-turn|p2a: Ceruledge
|-resisted|p2a: Ceruledge
|-damage|p2a: Ceruledge|0 fnt
|faint|p2a: Ceruledge
|
|t:|1760415367
|switch|p1a: Gholdengo|Gholdengo|100/100|[from] U-turn
|
|upkeep
|
|t:|1760415374
|switch|p2a: Torkoal|Torkoal, F|100/100
|-weather|SunnyDay|[from] ability: Drought|[of] p2a: Torkoal
|turn|4
|
|t:|1760415383
|switch|p1a: Primarina|Primarina, M|25/100
|move|p2a: Torkoal|Eruption|p1a: Primarina
|-resisted|p1a: Primarina
|-damage|p1a: Primarina|0 fnt
|faint|p1a: Primarina
|
|-weather|SunnyDay|[upkeep]
|upkeep
|
|t:|1760415399
|switch|p1a: Iron Moth|Iron Moth|100/100
|-enditem|p1a: Iron Moth|Booster Energy
|-activate|p1a: Iron Moth|ability: Quark Drive|[fromitem]
|-start|p1a: Iron Moth|quarkdrivespe
|turn|5
|
|t:|1760415410
|move|p1a: Iron Moth|Fiery Dance|p2a: Torkoal
|-resisted|p2a: Torkoal
|-damage|p2a: Torkoal|63/100
|move|p2a: Torkoal|Overheat|p1a: Iron Moth
|-resisted|p1a: Iron Moth
|-damage|p1a: Iron Moth|60/100
|-unboost|p2a: Torkoal|spa|2
|
|-weather|SunnyDay|[upkeep]
|upkeep
|turn|6
|
|t:|1760415427
|move|p1a: Iron Moth|Fiery Dance|p2a: Torkoal
|-resisted|p2a: Torkoal
|-damage|p2a: Torkoal|21/100
|move|p2a: Torkoal|Overheat|p1a: Iron Moth
|-resisted|p1a: Iron Moth
|-damage|p1a: Iron Moth|39/100
|-unboost|p2a: Torkoal|spa|2
|
|-weather|SunnyDay|[upkeep]
|upkeep
|turn|7
|
|t:|1760415450
|move|p1a: Iron Moth|Fiery Dance|p2a: Torkoal
|-resisted|p2a: Torkoal
|-damage|p2a: Torkoal|0 fnt
|faint|p2a: Torkoal
|
|-weather|SunnyDay|[upkeep]
|upkeep
|inactive|gang696969 has 120 seconds left.
|
|t:|1760415465
|switch|p2a: Walking Wake|Walking Wake|100/100
|-activate|p2a: Walking Wake|ability: Protosynthesis
|-start|p2a: Walking Wake|protosynthesisspe
|turn|8
|inactive|gang696969 has 120 seconds left.
|
|t:|1760415471
|move|p1a: Iron Moth|Sludge Wave|p2a: Walking Wake
|-damage|p2a: Walking Wake|46/100
|move|p2a: Walking Wake|Dragon Pulse|p1a: Iron Moth
|-damage|p1a: Iron Moth|1/100
|
|-weather|SunnyDay|[upkeep]
|-heal|p2a: Walking Wake|52/100|[from] item: Leftovers
|upkeep
|turn|9
|inactive|gang696969 has 120 seconds left.
|
|t:|1760415500
|-end|p2a: Walking Wake|Protosynthesis|[silent]
|switch|p2a: Kingambit|Kingambit, M|100/100
|-activate|p2a: Kingambit|ability: Supreme Overlord
|-start|p2a: Kingambit|fallen2|[silent]
|move|p1a: Iron Moth|Sludge Wave|p2a: Kingambit
|-immune|p2a: Kingambit
|
|-weather|SunnyDay|[upkeep]
|upkeep
|turn|10
|
|t:|1760415508
|move|p2a: Kingambit|Sucker Punch||[still]
|-fail|p2a: Kingambit
|move|p1a: Iron Moth|Substitute|p1a: Iron Moth
|-fail|p1a: Iron Moth|move: Substitute|[weak]
|
|-weather|SunnyDay|[upkeep]
|upkeep
|turn|11
|
|t:|1760415514
|move|p2a: Kingambit|Sucker Punch||[still]
|-fail|p2a: Kingambit
|move|p1a: Iron Moth|Substitute|p1a: Iron Moth
|-fail|p1a: Iron Moth|move: Substitute|[weak]
|
|-weather|none
|upkeep
|turn|12
|inactive|gang696969 has 120 seconds left.
|
|t:|1760415520
|move|p2a: Kingambit|Sucker Punch||[still]
|-fail|p2a: Kingambit
|move|p1a: Iron Moth|Substitute|p1a: Iron Moth
|-fail|p1a: Iron Moth|move: Substitute|[weak]
|
|upkeep
|turn|13
|
|t:|1760415525
|move|p1a: Iron Moth|Substitute|p1a: Iron Moth
|-fail|p1a: Iron Moth|move: Substitute|[weak]
|move|p2a: Kingambit|Kowtow Cleave|p1a: Iron Moth
|-crit|p1a: Iron Moth
|-damage|p1a: Iron Moth|0 fnt
|faint|p1a: Iron Moth
|-end|p1a: Iron Moth|Quark Drive|[silent]
|
|upkeep
|
|t:|1760415528
|switch|p1a: Great Tusk|Great Tusk|100/100
|turn|14
|inactive|gang696969 has 120 seconds left.
|
|t:|1760415548
|-end|p2a: Kingambit|fallen2|[silent]
|switch|p2a: Dragonite|Dragonite, F|100/100
|move|p1a: Great Tusk|Rapid Spin|p2a: Dragonite
|-damage|p2a: Dragonite|92/100
|-boost|p1a: Great Tusk|spe|1
|
|upkeep
|turn|15
|inactive|gang696969 has 120 seconds left.
|
|t:|1760415560
|move|p1a: Great Tusk|Bulk Up|p1a: Great Tusk
|-boost|p1a: Great Tusk|atk|1
|-boost|p1a: Great Tusk|def|1
|move|p2a: Dragonite|Ice Spinner|p1a: Great Tusk
|-supereffective|p1a: Great Tusk
|-damage|p1a: Great Tusk|71/100
|
|-heal|p1a: Great Tusk|77/100|[from] item: Leftovers
|upkeep
|turn|16
|inactive|gang696969 has 120 seconds left.
|
|t:|1760415582
|switch|p2a: Walking Wake|Walking Wake|52/100
|move|p1a: Great Tusk|Bulk Up|p1a: Great Tusk
|-boost|p1a: Great Tusk|atk|1
|-boost|p1a: Great Tusk|def|1
|
|-heal|p1a: Great Tusk|83/100|[from] item: Leftovers
|-heal|p2a: Walking Wake|58/100|[from] item: Leftovers
|upkeep
|turn|17
|
|t:|1760415598
|move|p1a: Great Tusk|Headlong Rush|p2a: Walking Wake
|-damage|p2a: Walking Wake|0 fnt
|-unboost|p1a: Great Tusk|def|1
|-unboost|p1a: Great Tusk|spd|1
|faint|p2a: Walking Wake
|-end|p2a: Walking Wake|Protosynthesis|[silent]
|
|-heal|p1a: Great Tusk|89/100|[from] item: Leftovers
|upkeep
|
|t:|1760415611
|switch|p2a: Venusaur|Venusaur, F|100/100
|turn|18
|
|t:|1760415626
|-terastallize|p2a: Venusaur|Grass
|move|p1a: Great Tusk|Headlong Rush|p2a: Venusaur
|-resisted|p2a: Venusaur
|-crit|p2a: Venusaur
|-damage|p2a: Venusaur|0 fnt
|-unboost|p1a: Great Tusk|def|1
|-unboost|p1a: Great Tusk|spd|1
|faint|p2a: Venusaur
|
|-heal|p1a: Great Tusk|96/100|[from] item: Leftovers
|upkeep
|
|t:|1760415636
|switch|p2a: Dragonite|Dragonite, F|92/100
|turn|19
|
|t:|1760415641
|move|p1a: Great Tusk|Knock Off|p2a: Dragonite
|-damage|p2a: Dragonite|33/100
|-enditem|p2a: Dragonite|Heavy-Duty Boots|[from] move: Knock Off|[of] p1a: Great Tusk
|move|p2a: Dragonite|Earthquake|p1a: Great Tusk
|-damage|p1a: Great Tusk|71/100
|
|-heal|p1a: Great Tusk|77/100|[from] item: Leftovers
|upkeep
|turn|20
|
|t:|1760415650
|move|p2a: Dragonite|Extreme Speed|p1a: Great Tusk
|-damage|p1a: Great Tusk|55/100
|move|p1a: Great Tusk|Knock Off|p2a: Dragonite
|-damage|p2a: Dragonite|0 fnt
|faint|p2a: Dragonite
|
|-heal|p1a: Great Tusk|62/100|[from] item: Leftovers
|upkeep
|
|t:|1760415658
|switch|p2a: Kingambit|Kingambit, M|100/100
|-activate|p2a: Kingambit|ability: Supreme Overlord
|-start|p2a: Kingambit|fallen5|[silent]
|turn|21
|
|t:|1760415662
|move|p2a: Kingambit|Sucker Punch|p1a: Great Tusk
|-resisted|p1a: Great Tusk
|-damage|p1a: Great Tusk|39/100
|move|p1a: Great Tusk|Headlong Rush|p2a: Kingambit
|-supereffective|p2a: Kingambit
|-damage|p2a: Kingambit|0 fnt
|-unboost|p1a: Great Tusk|def|1
|-unboost|p1a: Great Tusk|spd|1
|faint|p2a: Kingambit
|-end|p2a: Kingambit|fallen5|[silent]
|
|win|Ozypondias
|raw|Ozypondias's rating: 1446 &rarr; <strong>1469</strong><br />(+23 for winning)
|raw|gang696969's rating: 1504 &rarr; <strong>1481</strong><br />(-23 for losing)
|l|☆Ozypondias
|player|p1|
|l|☆gang696969
|player|p2|
