|j|☆Battlebot998
|j|☆Chillmaxxer
|t:|1760310517
|gametype|singles
|player|p1|Battlebot998|kabu|1334
|player|p2|Chillmaxxer|scientist-gen4|1352
|gen|9
|tier|[Gen 9] OU
|rated|
|rule|HP Percentage Mod: HP is shown in percentages
|rule|Endless Battle Clause: Forcing endless battles is banned
|rule|Species Clause: Limit one of each Pokémon
|rule|OHKO Clause: OHKO moves are banned
|rule|Evasion Items Clause: Evasion items are banned
|rule|Evasion Moves Clause: Evasion moves are banned
|rule|Evasion Abilities Clause: Evasion abilities are banned
|rule|Sleep Moves Clause: Sleep-inducing moves are banned
|clearpoke
|poke|p1|Furret, F|
|poke|p1|Heatran, M|
|poke|p1|Great Tusk|
|poke|p1|Tornadus-Therian, M|
|poke|p1|Sandy Shocks|
|poke|p1|Feraligatr, M|
|poke|p2|Rabsca, M|
|poke|p2|Ursaluna, F|
|poke|p2|Deoxys-Defense|
|poke|p2|Breloom, F|
|poke|p2|Braviary-Hisui, M|
|poke|p2|Hoopa-Unbound|
|teampreview
|j| DLC GAMING LOL
|c| DLC GAMING LOL|Hey Y'all
|c| DLC GAMING LOL|How are you
|c| DLC GAMING LOL|I am here to interveiw you on the recent kingambit scandal
|inactive|Battle timer is ON: inactive players will automatically lose when time's up. (requested by Battlebot998)
|
|t:|1760310578
|teamsize|p1|6
|teamsize|p2|6
|start
|switch|p1a: Heatran|Heatran, M|100/100
|switch|p2a: Deoxys|Deoxys-Defense|100/100
|-ability|p2a: Deoxys|Pressure
|turn|1
|
|t:|1760310582
|move|p1a: Heatran|Stealth Rock|p2a: Deoxys
|-sidestart|p2: Chillmaxxer|move: Stealth Rock
|move|p2a: Deoxys|Trick Room|p2a: Deoxys
|-fieldstart|move: Trick Room|[of] p2a: Deoxys
|
|upkeep
|turn|2
|
|t:|1760310585
|move|p1a: Heatran|Magma Storm|p2a: Deoxys
|-damage|p2a: Deoxys|69/100
|-activate|p2a: Deoxys|move: Magma Storm|[of] p1a: Heatran
|move|p2a: Deoxys|Teleport|p2a: Deoxys
|
|t:|1760310596
|switch|p2a: Ursaluna|Ursaluna, F|100/100|[from] Teleport
|-damage|p2a: Ursaluna|94/100|[from] Stealth Rock
|
|-status|p2a: Ursaluna|brn|[from] item: Flame Orb
|upkeep
|turn|3
|
|t:|1760310605
|move|p2a: Ursaluna|Swords Dance|p2a: Ursaluna
|-boost|p2a: Ursaluna|atk|2
|move|p1a: Heatran|Magma Storm|p2a: Ursaluna|[miss]
|-miss|p1a: Heatran|p2a: Ursaluna
|
|-damage|p2a: Ursaluna|88/100 brn|[from] brn
|upkeep
|turn|4
|l| DLC GAMING LOL
|inactive|Battlebot998 has 120 seconds left.
|
|t:|1760310655
|switch|p1a: Tornadus|Tornadus-Therian, M|100/100
|move|p2a: Ursaluna|Headlong Rush|p1a: Tornadus
|-immune|p1a: Tornadus
|
|-damage|p2a: Ursaluna|82/100 brn|[from] brn
|upkeep
|turn|5
|
|t:|1760310662
|move|p2a: Ursaluna|Facade|p1a: Tornadus
|-damage|p1a: Tornadus|0 fnt
|faint|p1a: Tornadus
|
|-damage|p2a: Ursaluna|75/100 brn|[from] brn
|-fieldend|move: Trick Room
|upkeep
|
|t:|1760310669
|switch|p1a: Sandy Shocks|Sandy Shocks|100/100
|-enditem|p1a: Sandy Shocks|Booster Energy
|-activate|p1a: Sandy Shocks|ability: Protosynthesis|[fromitem]
|-start|p1a: Sandy Shocks|protosynthesisspa
|turn|6
|
|t:|1760310672
|-terastallize|p1a: Sandy Shocks|Ice
|move|p1a: Sandy Shocks|Tera Blast|p2a: Ursaluna|[anim] Tera Blast Ice
|-supereffective|p2a: Ursaluna
|-damage|p2a: Ursaluna|0 fnt
|faint|p2a: Ursaluna
|
|upkeep
|
|t:|1760310676
|switch|p2a: Rabsca|Rabsca, M|100/100
|-damage|p2a: Rabsca|76/100|[from] Stealth Rock
|turn|7
|
|t:|1760310680
|move|p1a: Sandy Shocks|Power Gem|p2a: Rabsca
|-supereffective|p2a: Rabsca
|-damage|p2a: Rabsca|26/100
|move|p2a: Rabsca|Trick Room|p2a: Rabsca
|-fieldstart|move: Trick Room|[of] p2a: Rabsca
|
|upkeep
|turn|8
|
|t:|1760310686
|move|p2a: Rabsca|Revival Blessing|p2a: Rabsca
|-enditem|p2a: Rabsca|Leppa Berry|[eat]
|-activate|p2a: Rabsca|item: Leppa Berry|Revival Blessing|[consumed]
|
|t:|1760310688
|-heal|p2: Ursaluna|50/100|[from] move: Revival Blessing
|move|p1a: Sandy Shocks|Thunderbolt|p2a: Rabsca
|-damage|p2a: Rabsca|0 fnt
|faint|p2a: Rabsca
|
|upkeep
|
|t:|1760310697
|switch|p2a: Braviary|Braviary-Hisui, M|100/100
|-damage|p2a: Braviary|75/100|[from] Stealth Rock
|turn|9
|
|t:|1760310708
|-terastallize|p2a: Braviary|Psychic
|move|p2a: Braviary|Psychic|p1a: Sandy Shocks
|-damage|p1a: Sandy Shocks|0 fnt
|faint|p1a: Sandy Shocks
|-end|p1a: Sandy Shocks|Protosynthesis|[silent]
|
|upkeep
|
|t:|1760310712
|switch|p1a: Heatran|Heatran, M|100/100
|turn|10
|
|t:|1760310720
|switch|p2a: Deoxys|Deoxys-Defense|69/100
|-damage|p2a: Deoxys|56/100|[from] Stealth Rock
|-ability|p2a: Deoxys|Pressure
|move|p1a: Heatran|Magma Storm|p2a: Deoxys|[miss]
|-miss|p1a: Heatran|p2a: Deoxys
|
|upkeep
|turn|11
|
|t:|1760310723
|move|p1a: Heatran|Magma Storm|p2a: Deoxys
|-damage|p2a: Deoxys|23/100
|-activate|p2a: Deoxys|move: Magma Storm|[of] p1a: Heatran
|move|p2a: Deoxys|Recover|p2a: Deoxys
|-heal|p2a: Deoxys|73/100
|
|-damage|p2a: Deoxys|61/100|[from] move: Magma Storm|[partiallytrapped]
|-fieldend|move: Trick Room
|upkeep
|turn|12
|
|t:|1760310728
|move|p2a: Deoxys|Recover|p2a: Deoxys
|-heal|p2a: Deoxys|100/100
|move|p1a: Heatran|Flash Cannon|p2a: Deoxys
|-damage|p2a: Deoxys|75/100
|-unboost|p2a: Deoxys|spd|1
|
|-damage|p2a: Deoxys|62/100|[from] move: Magma Storm|[partiallytrapped]
|upkeep
|turn|13
|
|t:|1760310733
|move|p1a: Heatran|Magma Storm|p2a: Deoxys
|-damage|p2a: Deoxys|17/100
|move|p2a: Deoxys|Trick Room|p2a: Deoxys
|-fieldstart|move: Trick Room|[of] p2a: Deoxys
|
|-damage|p2a: Deoxys|4/100|[from] move: Magma Storm|[partiallytrapped]
|upkeep
|turn|14
|
|t:|1760310746
|move|p1a: Heatran|Flash Cannon|p2a: Deoxys
|-damage|p2a: Deoxys|0 fnt
|faint|p2a: Deoxys
|
|upkeep
|inactive|Chillmaxxer has 120 seconds left.
|
|t:|1760310778
|switch|p2a: Breloom|Breloom, F|100/100
|-damage|p2a: Breloom|94/100|[from] Stealth Rock
|turn|15
|
|t:|1760310782
|move|p2a: Breloom|Close Combat|p1a: Heatran
|-supereffective|p1a: Heatran
|-crit|p1a: Heatran
|-damage|p1a: Heatran|0 fnt
|-unboost|p2a: Breloom|def|1
|-unboost|p2a: Breloom|spd|1
|faint|p1a: Heatran
|
|upkeep
|
|t:|1760310784
|switch|p1a: Furret|Furret, F, shiny|100/100
|-item|p2a: Breloom|Choice Band|[from] ability: Frisk|[of] p1a: Furret
|turn|16
|
|t:|1760310786
|move|p2a: Breloom|Close Combat|p1a: Furret
|-supereffective|p1a: Furret
|-enditem|p1a: Furret|Focus Sash
|-damage|p1a: Furret|1/100
|-unboost|p2a: Breloom|def|1
|-unboost|p2a: Breloom|spd|1
|move|p1a: Furret|Endeavor|p2a: Breloom
|-damage|p2a: Breloom|1/100
|
|upkeep
|turn|17
|
|t:|1760310789
|move|p1a: Furret|Quick Attack|p2a: Breloom
|-damage|p2a: Breloom|0 fnt
|faint|p2a: Breloom
|
|-fieldend|move: Trick Room
|upkeep
|
|t:|1760310797
|switch|p2a: Braviary|Braviary-Hisui, M, tera:Psychic|75/100
|-damage|p2a: Braviary|63/100|[from] Stealth Rock
|turn|18
|
|t:|1760310799
|move|p2a: Braviary|Vacuum Wave|p1a: Furret
|-supereffective|p1a: Furret
|-damage|p1a: Furret|0 fnt
|faint|p1a: Furret
|
|upkeep
|
|t:|1760310803
|switch|p1a: Feraligatr|Feraligatr, M|100/100
|turn|19
|
|t:|1760310808
|switch|p2a: Hoopa|Hoopa-Unbound|100/100
|-damage|p2a: Hoopa|88/100|[from] Stealth Rock
|move|p1a: Feraligatr|Dragon Dance|p1a: Feraligatr
|-boost|p1a: Feraligatr|atk|1
|-boost|p1a: Feraligatr|spe|1
|
|upkeep
|turn|20
|
|t:|1760310811
|move|p1a: Feraligatr|Liquidation|p2a: Hoopa
|-damage|p2a: Hoopa|0 fnt
|faint|p2a: Hoopa
|
|upkeep
|
|t:|1760310814
|switch|p2a: Braviary|Braviary-Hisui, M, tera:Psychic|63/100
|-damage|p2a: Braviary|50/100|[from] Stealth Rock
|turn|21
|
|t:|1760310816
|move|p1a: Feraligatr|Liquidation|p2a: Braviary
|-damage|p2a: Braviary|0 fnt
|faint|p2a: Braviary
|
|upkeep
|-message|Chillmaxxer forfeited.
|
|win|Battlebot998
|raw|Battlebot998's rating: 1334 &rarr; <strong>1355</strong><br />(+21 for winning)
|raw|Chillmaxxer's rating: 1352 &rarr; <strong>1331</strong><br />(-21 for losing)
|l|☆Chillmaxxer
|player|p2|
|l|☆Battlebot998
|player|p1|
