|j|☆EGmiau
|j|☆Jus4funsies
|t:|1760330372
|gametype|singles
|player|p1|EGmiau|bianca|1563
|player|p2|Jus4funsies|teamrocket|1696
|gen|9
|tier|[Gen 9] OU
|rated|
|rule|HP Percentage Mod: HP is shown in percentages
|rule|Endless Battle Clause: Forcing endless battles is banned
|rule|Species Clause: Limit one of each Pokémon
|rule|OHKO Clause: OHKO moves are banned
|rule|Evasion Items Clause: Evasion items are banned
|rule|Evasion Moves Clause: Evasion moves are banned
|rule|Evasion Abilities Clause: Evasion abilities are banned
|rule|Sleep Moves Clause: Sleep-inducing moves are banned
|clearpoke
|poke|p1|Dragapult, F|
|poke|p1|Gliscor, F|
|poke|p1|Meowscarada, M|
|poke|p1|Dragonite, F|
|poke|p1|Slowking-Galar, F|
|poke|p1|Corviknight, F|
|poke|p2|Samurott-Hisui, M|
|poke|p2|Gholdengo|
|poke|p2|Great Tusk|
|poke|p2|Raging Bolt|
|poke|p2|Dragonite, M|
|poke|p2|Kingambit, F|
|teampreview
|c|☆EGmiau|glhf
|
|t:|1760330382
|teamsize|p1|6
|teamsize|p2|6
|start
|switch|p1a: Meowscarada|Meowscarada, M|100/100
|switch|p2a: Samurott|Samurott-Hisui, M|100/100
|turn|1
|
|t:|1760330384
|move|p1a: Meowscarada|U-turn|p2a: Samurott
|-start|p1a: Meowscarada|typechange|Bug|[from] ability: Protean
|-supereffective|p2a: Samurott
|-crit|p2a: Samurott
|-enditem|p2a: Samurott|Focus Sash
|-damage|p2a: Samurott|1/100
|
|t:|1760330389
|switch|p1a: Corviknight|Corviknight, F|100/100|[from] U-turn
|-ability|p1a: Corviknight|Pressure
|move|p2a: Samurott|Ceaseless Edge|p1a: Corviknight|[miss]
|-miss|p2a: Samurott|p1a: Corviknight
|
|upkeep
|turn|2
|
|t:|1760330398
|move|p2a: Samurott|Razor Shell|p1a: Corviknight
|-damage|p1a: Corviknight|68/100
|-damage|p2a: Samurott|0 fnt|[from] item: Rocky Helmet|[of] p1a: Corviknight
|faint|p2a: Samurott
|move|p1a: Corviknight|U-turn|p2: Samurott|[notarget]
|-fail|p1a: Corviknight
|
|upkeep
|
|t:|1760330409
|switch|p2a: Raging Bolt|Raging Bolt|100/100
|-enditem|p2a: Raging Bolt|Booster Energy
|-activate|p2a: Raging Bolt|ability: Protosynthesis|[fromitem]
|-start|p2a: Raging Bolt|protosynthesisspa
|turn|3
|
|t:|1760330412
|switch|p1a: Gliscor|Gliscor, F|100/100
|move|p2a: Raging Bolt|Dragon Pulse|p1a: Gliscor
|-damage|p1a: Gliscor|23/100
|
|-status|p1a: Gliscor|tox|[from] item: Toxic Orb
|upkeep
|turn|4
|
|t:|1760330419
|move|p2a: Raging Bolt|Dragon Pulse|p1a: Gliscor
|-damage|p1a: Gliscor|0 fnt
|faint|p1a: Gliscor
|
|upkeep
|
|t:|1760330427
|switch|p1a: Dragonite|Dragonite, F|100/100
|turn|5
|
|t:|1760330431
|-terastallize|p1a: Dragonite|Normal
|move|p2a: Raging Bolt|Dragon Pulse|p1a: Dragonite
|-damage|p1a: Dragonite|70/100
|move|p1a: Dragonite|Earthquake|p2a: Raging Bolt
|-supereffective|p2a: Raging Bolt
|-damage|p2a: Raging Bolt|22/100
|
|upkeep
|turn|6
|
|t:|1760330439
|move|p1a: Dragonite|Extreme Speed|p2a: Raging Bolt
|-damage|p2a: Raging Bolt|0 fnt
|faint|p2a: Raging Bolt
|-end|p2a: Raging Bolt|Protosynthesis|[silent]
|
|upkeep
|
|t:|1760330442
|switch|p2a: Great Tusk|Great Tusk|100/100
|turn|7
|
|t:|1760330446
|switch|p1a: Corviknight|Corviknight, F|68/100
|-ability|p1a: Corviknight|Pressure
|move|p2a: Great Tusk|Headlong Rush|p1a: Corviknight
|-immune|p1a: Corviknight
|
|upkeep
|turn|8
|
|t:|1760330449
|move|p2a: Great Tusk|Stealth Rock|p1a: Corviknight
|-sidestart|p1: EGmiau|move: Stealth Rock
|move|p1a: Corviknight|Roost|p1a: Corviknight
|-heal|p1a: Corviknight|100/100
|-singleturn|p1a: Corviknight|move: Roost
|
|upkeep
|turn|9
|
|t:|1760330454
|move|p2a: Great Tusk|Rapid Spin|p1a: Corviknight
|-resisted|p1a: Corviknight
|-damage|p1a: Corviknight|95/100
|-boost|p2a: Great Tusk|spe|1
|-damage|p2a: Great Tusk|84/100|[from] item: Rocky Helmet|[of] p1a: Corviknight
|move|p1a: Corviknight|Brave Bird|p2a: Great Tusk
|-supereffective|p2a: Great Tusk
|-damage|p2a: Great Tusk|31/100
|-damage|p1a: Corviknight|79/100|[from] Recoil
|
|upkeep
|turn|10
|
|t:|1760330463
|-end|p2a: Great Tusk|Protosynthesis|[silent]
|switch|p2a: Gholdengo|Gholdengo, shiny|100/100
|-item|p2a: Gholdengo|Air Balloon
|move|p1a: Corviknight|U-turn|p2a: Gholdengo
|-resisted|p2a: Gholdengo
|-damage|p2a: Gholdengo|97/100
|-enditem|p2a: Gholdengo|Air Balloon
|
|t:|1760330475
|switch|p1a: Dragonite|Dragonite, F, tera:Normal|70/100|[from] U-turn
|
|upkeep
|turn|11
|
|t:|1760330490
|move|p2a: Gholdengo|Make It Rain|p1a: Dragonite
|-damage|p1a: Dragonite|18/100
|-unboost|p2a: Gholdengo|spa|1
|move|p1a: Dragonite|Roost|p1a: Dragonite
|-heal|p1a: Dragonite|68/100
|
|upkeep
|turn|12
|
|t:|1760330496
|switch|p2a: Great Tusk|Great Tusk|31/100
|move|p1a: Dragonite|Roost|p1a: Dragonite
|-heal|p1a: Dragonite|100/100
|
|upkeep
|turn|13
|
|t:|1760330502
|move|p1a: Dragonite|Extreme Speed|p2a: Great Tusk
|-damage|p2a: Great Tusk|0 fnt
|faint|p2a: Great Tusk
|-end|p2a: Great Tusk|Protosynthesis|[silent]
|
|upkeep
|
|t:|1760330505
|switch|p2a: Gholdengo|Gholdengo, shiny|97/100
|turn|14
|-message|Jus4funsies forfeited.
|
|win|EGmiau
|raw|EGmiau's rating: 1563 &rarr; <strong>1590</strong><br />(+27 for winning)
|raw|Jus4funsies's rating: 1696 &rarr; <strong>1669</strong><br />(-27 for losing)
|l|☆Jus4funsies
|player|p2|
|l|☆EGmiau
|player|p1|
