|j|☆iminclasscanttype
|j|☆adrianmalarcon
|t:|1760377576
|gametype|singles
|player|p1|iminclasscanttype|169|1211
|player|p2|adrianmalarcon|fisherman-gen4|1169
|gen|9
|tier|[Gen 9] OU
|rated|
|rule|HP Percentage Mod: HP is shown in percentages
|rule|Endless Battle Clause: Forcing endless battles is banned
|rule|Species Clause: Limit one of each Pokémon
|rule|OHKO Clause: OHKO moves are banned
|rule|Evasion Items Clause: Evasion items are banned
|rule|Evasion Moves Clause: Evasion moves are banned
|rule|Evasion Abilities Clause: Evasion abilities are banned
|rule|Sleep Moves Clause: Sleep-inducing moves are banned
|clearpoke
|poke|p1|Garganacl, M|
|poke|p1|Hippowdon, M|
|poke|p1|Hydrapple, M|
|poke|p1|Slowking-Galar, M|
|poke|p1|Samurott-Hisui, M|
|poke|p1|Excadrill, M|
|poke|p2|Grafaiai, F|
|poke|p2|Incineroar, M|
|poke|p2|Ursaluna, F|
|poke|p2|Raging Bolt|
|poke|p2|Glimmora, M|
|poke|p2|Sinistcha|
|teampreview
|
|t:|1760377587
|teamsize|p1|6
|teamsize|p2|6
|start
|switch|p1a: Hippowdon|Hippowdon, M, shiny|100/100
|switch|p2a: Grafaiai|Grafaiai, F|100/100
|-weather|Sandstorm|[from] ability: Sand Stream|[of] p1a: Hippowdon
|turn|1
|
|t:|1760377595
|move|p2a: Grafaiai|Toxic|p1a: Hippowdon
|-status|p1a: Hippowdon|tox
|move|p1a: Hippowdon|Scorching Sands|p2a: Grafaiai
|-supereffective|p2a: Grafaiai
|-damage|p2a: Grafaiai|67/100
|
|-weather|Sandstorm|[upkeep]
|-damage|p2a: Grafaiai|61/100|[from] Sandstorm
|-heal|p2a: Grafaiai|67/100|[from] item: Black Sludge
|-damage|p1a: Hippowdon|94/100 tox|[from] psn
|upkeep
|turn|2
|
|t:|1760377613
|move|p2a: Grafaiai|Protect|p2a: Grafaiai
|-singleturn|p2a: Grafaiai|Protect
|move|p1a: Hippowdon|Stealth Rock|p2a: Grafaiai
|-sidestart|p2: adrianmalarcon|move: Stealth Rock
|
|-weather|Sandstorm|[upkeep]
|-damage|p2a: Grafaiai|61/100|[from] Sandstorm
|-heal|p2a: Grafaiai|67/100|[from] item: Black Sludge
|-damage|p1a: Hippowdon|82/100 tox|[from] psn
|upkeep
|turn|3
|
|t:|1760377623
|switch|p2a: Ursaluna|Ursaluna, F|100/100
|-damage|p2a: Ursaluna|94/100|[from] Stealth Rock
|move|p1a: Hippowdon|Scorching Sands|p2a: Ursaluna
|-damage|p2a: Ursaluna|80/100
|
|-weather|Sandstorm|[upkeep]
|-damage|p1a: Hippowdon|63/100 tox|[from] psn
|-status|p2a: Ursaluna|brn|[from] item: Flame Orb
|upkeep
|turn|4
|inactive|Battle timer is ON: inactive players will automatically lose when time's up. (requested by adrianmalarcon)
|
|t:|1760377648
|switch|p1a: Hydrapple|Hydrapple, M, shiny|100/100
|move|p2a: Ursaluna|Swords Dance|p2a: Ursaluna
|-boost|p2a: Ursaluna|atk|2
|
|-weather|Sandstorm|[upkeep]
|-damage|p1a: Hydrapple|94/100|[from] Sandstorm
|-damage|p2a: Ursaluna|74/100 brn|[from] brn
|upkeep
|turn|5
|
|t:|1760377659
|move|p2a: Ursaluna|Facade|p1a: Hydrapple
|-damage|p1a: Hydrapple|0 fnt
|faint|p1a: Hydrapple
|
|-weather|none
|-damage|p2a: Ursaluna|67/100 brn|[from] brn
|upkeep
|
|t:|1760377665
|switch|p1a: Samurott|Samurott-Hisui, M, shiny|100/100
|turn|6
|
|t:|1760377674
|move|p1a: Samurott|Ceaseless Edge|p2a: Ursaluna|[miss]
|-miss|p1a: Samurott|p2a: Ursaluna
|move|p2a: Ursaluna|Drain Punch|p1a: Samurott
|-supereffective|p1a: Samurott
|-damage|p1a: Samurott|0 fnt
|-heal|p2a: Ursaluna|100/100 brn|[from] drain|[of] p1a: Samurott
|faint|p1a: Samurott
|
|-damage|p2a: Ursaluna|94/100 brn|[from] brn
|upkeep
|-message|iminclasscanttype forfeited.
|
|win|adrianmalarcon
|raw|iminclasscanttype's rating: 1211 &rarr; <strong>1183</strong><br />(-28 for losing)
|raw|adrianmalarcon's rating: 1169 &rarr; <strong>1197</strong><br />(+28 for winning)
|l|☆iminclasscanttype
|player|p1|
|l|☆adrianmalarcon
|player|p2|
