|j|☆G0ldenRose
|j|☆drew1750
|t:|1760374713
|gametype|singles
|player|p1|G0ldenRose|richboy|1142
|player|p2|drew1750|101|1126
|gen|9
|tier|[Gen 9] OU
|rated|
|rule|HP Percentage Mod: HP is shown in percentages
|rule|Endless Battle Clause: Forcing endless battles is banned
|rule|Species Clause: Limit one of each Pokémon
|rule|OHKO Clause: OHKO moves are banned
|rule|Evasion Items Clause: Evasion items are banned
|rule|Evasion Moves Clause: Evasion moves are banned
|rule|Evasion Abilities Clause: Evasion abilities are banned
|rule|Sleep Moves Clause: Sleep-inducing moves are banned
|clearpoke
|poke|p1|Torkoal, F|
|poke|p1|Walking Wake|
|poke|p1|Raging Bolt|
|poke|p1|Goodra-Hisui, M|
|poke|p1|Great Tusk|
|poke|p1|Slowking-Galar, F|
|poke|p2|Pecharunt|
|poke|p2|Appletun, M|
|poke|p2|Kommo-o, M|
|poke|p2|Moltres-Galar|
|poke|p2|Kleavor, F|
|poke|p2|Dondozo, M|
|teampreview
|inactive|Battle timer is ON: inactive players will automatically lose when time's up. (requested by G0ldenRose)
|
|t:|1760374719
|teamsize|p1|6
|teamsize|p2|6
|start
|switch|p1a: Torkoal|Torkoal, F, shiny|100/100
|switch|p2a: Kleavor|Kleavor, F|100/100
|-weather|SunnyDay|[from] ability: Drought|[of] p1a: Torkoal
|turn|1
|inactive|G0ldenRose has 120 seconds left.
|
|t:|1760374760
|switch|p1a: Great Tusk|Great Tusk|100/100
|-activate|p1a: Great Tusk|ability: Protosynthesis
|-start|p1a: Great Tusk|protosynthesisatk
|move|p2a: Kleavor|Stone Axe|p1a: Great Tusk
|-resisted|p1a: Great Tusk
|-damage|p1a: Great Tusk|90/100
|-sidestart|p1: G0ldenRose|move: Stealth Rock
|
|-weather|SunnyDay|[upkeep]
|upkeep
|turn|2
|
|t:|1760374772
|switch|p2a: Appletun|Appletun, M|100/100
|move|p1a: Great Tusk|Ice Spinner|p2a: Appletun
|-supereffective|p2a: Appletun
|-damage|p2a: Appletun|33/100
|
|-weather|SunnyDay|[upkeep]
|-heal|p2a: Appletun|39/100|[from] item: Leftovers
|upkeep
|turn|3
|
|t:|1760374783
|move|p1a: Great Tusk|Rapid Spin|p2a: Appletun
|-damage|p2a: Appletun|17/100
|-boost|p1a: Great Tusk|spe|1
|-sideend|p1: G0ldenRose|Stealth Rock|[from] move: Rapid Spin|[of] p1a: Great Tusk
|move|p2a: Appletun|Apple Acid|p1a: Great Tusk
|-supereffective|p1a: Great Tusk
|-damage|p1a: Great Tusk|10/100
|-unboost|p1a: Great Tusk|spd|1
|
|-weather|SunnyDay|[upkeep]
|-heal|p2a: Appletun|23/100|[from] item: Leftovers
|upkeep
|turn|4
|inactive|G0ldenRose has 120 seconds left.
|
|t:|1760374797
|move|p1a: Great Tusk|Ice Spinner|p2a: Appletun
|-supereffective|p2a: Appletun
|-damage|p2a: Appletun|0 fnt
|faint|p2a: Appletun
|
|-weather|SunnyDay|[upkeep]
|upkeep
|
|t:|1760374813
|switch|p2a: Kleavor|Kleavor, F|100/100
|turn|5
|
|t:|1760374822
|move|p2a: Kleavor|Quick Attack|p1a: Great Tusk
|-damage|p1a: Great Tusk|0 fnt
|faint|p1a: Great Tusk
|-end|p1a: Great Tusk|Protosynthesis|[silent]
|
|-weather|SunnyDay|[upkeep]
|upkeep
|inactive|G0ldenRose has 120 seconds left.
|
|t:|1760374833
|switch|p1a: Walking Wake|Walking Wake|100/100
|-activate|p1a: Walking Wake|ability: Protosynthesis
|-start|p1a: Walking Wake|protosynthesisspa
|turn|6
|
|t:|1760374853
|switch|p2a: Dondozo|Dondozo, M|100/100
|move|p1a: Walking Wake|Hydro Steam|p2a: Dondozo
|-resisted|p2a: Dondozo
|-damage|p2a: Dondozo|58/100
|-damage|p1a: Walking Wake|91/100|[from] item: Life Orb
|
|-weather|SunnyDay|[upkeep]
|-heal|p2a: Dondozo|64/100|[from] item: Leftovers
|upkeep
|turn|7
|
|t:|1760374867
|move|p1a: Walking Wake|Dragon Pulse|p2a: Dondozo
|-damage|p2a: Dondozo|6/100
|-damage|p1a: Walking Wake|81/100|[from] item: Life Orb
|move|p2a: Dondozo|Rest|p2a: Dondozo
|-status|p2a: Dondozo|slp|[from] move: Rest
|-heal|p2a: Dondozo|100/100 slp|[silent]
|
|-weather|SunnyDay|[upkeep]
|upkeep
|turn|8
|
|t:|1760374884
|move|p1a: Walking Wake|Dragon Pulse|p2a: Dondozo
|-damage|p2a: Dondozo|39/100 slp
|-damage|p1a: Walking Wake|71/100|[from] item: Life Orb
|cant|p2a: Dondozo|slp
|move|p2a: Dondozo|Sleep Talk|p2a: Dondozo
|move|p2a: Dondozo|Liquidation|p1a: Walking Wake|[from] move: Sleep Talk
|-resisted|p1a: Walking Wake
|-damage|p1a: Walking Wake|67/100
|
|-weather|none
|-end|p1a: Walking Wake|Protosynthesis
|-heal|p2a: Dondozo|45/100 slp|[from] item: Leftovers
|upkeep
|turn|9
|
|t:|1760374896
|switch|p2a: Pecharunt|Pecharunt|100/100
|move|p1a: Walking Wake|Dragon Pulse|p2a: Pecharunt
|-damage|p2a: Pecharunt|46/100
|-damage|p1a: Walking Wake|57/100|[from] item: Life Orb
|
|-heal|p2a: Pecharunt|52/100|[from] item: Leftovers
|upkeep
|turn|10
|
|t:|1760374910
|move|p2a: Pecharunt|Protect|p2a: Pecharunt
|-singleturn|p2a: Pecharunt|Protect
|move|p1a: Walking Wake|Dragon Pulse|p2a: Pecharunt
|-activate|p2a: Pecharunt|move: Protect
|
|-heal|p2a: Pecharunt|58/100|[from] item: Leftovers
|upkeep
|turn|11
|
|t:|1760374925
|-end|p1a: Walking Wake|Protosynthesis|[silent]
|switch|p1a: Goodra|Goodra-Hisui, M|100/100
|move|p2a: Pecharunt|Malignant Chain|p1a: Goodra
|-immune|p1a: Goodra
|
|-heal|p2a: Pecharunt|64/100|[from] item: Leftovers
|upkeep
|turn|12
|
|t:|1760374935
|move|p2a: Pecharunt|Protect|p2a: Pecharunt
|-singleturn|p2a: Pecharunt|Protect
|move|p1a: Goodra|Sunny Day|p1a: Goodra
|-weather|SunnyDay
|
|-weather|SunnyDay|[upkeep]
|-heal|p2a: Pecharunt|70/100|[from] item: Leftovers
|upkeep
|turn|13
|
|t:|1760374947
|move|p2a: Pecharunt|Parting Shot|p1a: Goodra
|-unboost|p1a: Goodra|atk|1
|-unboost|p1a: Goodra|spa|1
|
|t:|1760374953
|switch|p2a: Kleavor|Kleavor, F|100/100|[from] Parting Shot
|move|p1a: Goodra|Heavy Slam|p2a: Kleavor
|-supereffective|p2a: Kleavor
|-damage|p2a: Kleavor|52/100
|
|-weather|SunnyDay|[upkeep]
|upkeep
|turn|14
|
|t:|1760374962
|move|p1a: Goodra|Protect|p1a: Goodra
|-singleturn|p1a: Goodra|Protect
|move|p2a: Kleavor|Stone Axe|p1a: Goodra
|-activate|p1a: Goodra|move: Protect
|
|-weather|SunnyDay|[upkeep]
|upkeep
|turn|15
|inactive|G0ldenRose has 120 seconds left.
|
|t:|1760374997
|move|p2a: Kleavor|Stone Axe|p1a: Goodra
|-resisted|p1a: Goodra
|-damage|p1a: Goodra|73/100
|-ability|p1a: Goodra|Gooey
|-unboost|p2a: Kleavor|spe|1
|-sidestart|p1: G0ldenRose|move: Stealth Rock
|move|p1a: Goodra|Heavy Slam|p2a: Kleavor
|-supereffective|p2a: Kleavor
|-damage|p2a: Kleavor|5/100
|
|-weather|SunnyDay|[upkeep]
|-heal|p1a: Goodra|79/100|[from] item: Leftovers
|upkeep
|turn|16
|inactive|G0ldenRose has 120 seconds left.
|
|t:|1760375018
|move|p2a: Kleavor|Stone Axe|p1a: Goodra
|-resisted|p1a: Goodra
|-damage|p1a: Goodra|52/100
|-ability|p1a: Goodra|Gooey
|-unboost|p2a: Kleavor|spe|1
|move|p1a: Goodra|Dragon Tail|p2a: Kleavor
|-damage|p2a: Kleavor|0 fnt
|faint|p2a: Kleavor
|
|-weather|none
|-heal|p1a: Goodra|58/100|[from] item: Leftovers
|upkeep
|
|t:|1760375024
|switch|p2a: Pecharunt|Pecharunt|70/100
|turn|17
|
|t:|1760375032
|move|p2a: Pecharunt|Parting Shot|p1a: Goodra
|-unboost|p1a: Goodra|atk|1
|-unboost|p1a: Goodra|spa|1
|inactive|drew1750 has 120 seconds left.
|
|t:|1760375059
|switch|p2a: Moltres|Moltres-Galar|100/100|[from] Parting Shot
|move|p1a: Goodra|Heavy Slam|p2a: Moltres
|-damage|p2a: Moltres|78/100
|
|-heal|p1a: Goodra|65/100|[from] item: Leftovers
|upkeep
|turn|18
|
|t:|1760375066
|move|p2a: Moltres|Nasty Plot|p2a: Moltres
|-boost|p2a: Moltres|spa|2
|move|p1a: Goodra|Sunny Day|p1a: Goodra
|-weather|SunnyDay
|
|-weather|SunnyDay|[upkeep]
|-heal|p1a: Goodra|71/100|[from] item: Leftovers
|upkeep
|turn|19
|
|t:|1760375074
|move|p2a: Moltres|Fiery Wrath|p1a: Goodra
|-damage|p1a: Goodra|23/100
|move|p1a: Goodra|Dragon Tail|p2a: Moltres
|-damage|p2a: Moltres|68/100
|drag|p2a: Kommo-o|Kommo-o, M|100/100
|
|-weather|SunnyDay|[upkeep]
|-heal|p1a: Goodra|29/100|[from] item: Leftovers
|upkeep
|turn|20
|
|t:|1760375083
|switch|p1a: Slowking|Slowking-Galar, F, shiny|100/100
|-damage|p1a: Slowking|88/100|[from] Stealth Rock
|move|p2a: Kommo-o|Substitute|p2a: Kommo-o
|-start|p2a: Kommo-o|Substitute
|-damage|p2a: Kommo-o|75/100
|
|-weather|SunnyDay|[upkeep]
|upkeep
|turn|21
|
|t:|1760375098
|move|p2a: Kommo-o|Belly Drum|p2a: Kommo-o
|-damage|p2a: Kommo-o|25/100
|-setboost|p2a: Kommo-o|atk|6|[from] move: Belly Drum
|-enditem|p2a: Kommo-o|Salac Berry|[eat]
|-boost|p2a: Kommo-o|spe|1|[from] item: Salac Berry
|move|p1a: Slowking|Future Sight|p2a: Kommo-o
|-start|p1a: Slowking|move: Future Sight
|
|-weather|SunnyDay|[upkeep]
|upkeep
|turn|22
|
|t:|1760375124
|move|p2a: Kommo-o|Thunder Punch|p1a: Slowking
|-damage|p1a: Slowking|12/100
|-damage|p2a: Kommo-o|9/100|[from] item: Rocky Helmet|[of] p1a: Slowking
|move|p1a: Slowking|Chilling Water|p2a: Kommo-o
|-resisted|p2a: Kommo-o
|-activate|p2a: Kommo-o|move: Substitute|[damage]
|
|-weather|none
|upkeep
|turn|23
|
|t:|1760375134
|move|p2a: Kommo-o|Thunder Punch|p1a: Slowking
|-damage|p1a: Slowking|0 fnt
|-damage|p2a: Kommo-o|0 fnt|[from] item: Rocky Helmet|[of] p1a: Slowking
|faint|p1a: Slowking
|faint|p2a: Kommo-o
|
|-hint|Future Sight did not hit because the target is fainted.
|upkeep
|inactive|drew1750 has 120 seconds left.
|
|t:|1760375158
|switch|p2a: Pecharunt|Pecharunt|70/100
|switch|p1a: Torkoal|Torkoal, F, shiny|100/100
|-damage|p1a: Torkoal|75/100|[from] Stealth Rock
|-weather|SunnyDay|[from] ability: Drought|[of] p1a: Torkoal
|turn|24
|
|t:|1760375168
|move|p2a: Pecharunt|Malignant Chain|p1a: Torkoal
|-damage|p1a: Torkoal|35/100
|-status|p1a: Torkoal|tox
|-start|p1a: Torkoal|confusion|[from] ability: Poison Puppeteer|[of] p2a: Pecharunt
|-activate|p1a: Torkoal|confusion
|-damage|p1a: Torkoal|30/100 tox|[from] confusion
|
|-weather|SunnyDay|[upkeep]
|-heal|p2a: Pecharunt|76/100|[from] item: Leftovers
|-damage|p1a: Torkoal|24/100 tox|[from] psn
|upkeep
|turn|25
|inactive|drew1750 has 120 seconds left.
|
|t:|1760375210
|move|p2a: Pecharunt|Protect|p2a: Pecharunt
|-singleturn|p2a: Pecharunt|Protect
|-activate|p1a: Torkoal|confusion
|-damage|p1a: Torkoal|19/100 tox|[from] confusion
|
|-weather|SunnyDay|[upkeep]
|-heal|p2a: Pecharunt|82/100|[from] item: Leftovers
|-damage|p1a: Torkoal|7/100 tox|[from] psn
|upkeep
|turn|26
|
|t:|1760375220
|move|p2a: Pecharunt|Malignant Chain|p1a: Torkoal
|-damage|p1a: Torkoal|0 fnt
|faint|p1a: Torkoal
|
|-weather|SunnyDay|[upkeep]
|-heal|p2a: Pecharunt|88/100|[from] item: Leftovers
|upkeep
|
|t:|1760375239
|switch|p1a: Walking Wake|Walking Wake|57/100
|-damage|p1a: Walking Wake|45/100|[from] Stealth Rock
|-activate|p1a: Walking Wake|ability: Protosynthesis
|-start|p1a: Walking Wake|protosynthesisspa
|turn|27
|
|t:|1760375260
|move|p2a: Pecharunt|Protect|p2a: Pecharunt
|-singleturn|p2a: Pecharunt|Protect
|move|p1a: Walking Wake|Hydro Steam|p2a: Pecharunt
|-activate|p2a: Pecharunt|move: Protect
|
|-weather|SunnyDay|[upkeep]
|-heal|p2a: Pecharunt|94/100|[from] item: Leftovers
|upkeep
|turn|28
|
|t:|1760375268
|move|p1a: Walking Wake|Dragon Pulse|p2a: Pecharunt
|-crit|p2a: Pecharunt
|-damage|p2a: Pecharunt|0 fnt
|faint|p2a: Pecharunt
|-damage|p1a: Walking Wake|35/100|[from] item: Life Orb
|
|-weather|SunnyDay|[upkeep]
|upkeep
|
|t:|1760375276
|switch|p2a: Moltres|Moltres-Galar|68/100
|turn|29
|
|t:|1760375281
|move|p1a: Walking Wake|Hydro Steam|p2a: Moltres
|-damage|p2a: Moltres|0 fnt
|faint|p2a: Moltres
|-damage|p1a: Walking Wake|26/100|[from] item: Life Orb
|
|-weather|SunnyDay|[upkeep]
|upkeep
|
|t:|1760375284
|switch|p2a: Dondozo|Dondozo, M|45/100 slp
|turn|30
|
|t:|1760375289
|move|p1a: Walking Wake|Dragon Pulse|p2a: Dondozo
|-damage|p2a: Dondozo|0 fnt
|faint|p2a: Dondozo
|-damage|p1a: Walking Wake|16/100|[from] item: Life Orb
|
|win|G0ldenRose
|raw|G0ldenRose's rating: 1142 &rarr; <strong>1166</strong><br />(+24 for winning)
|raw|drew1750's rating: 1126 &rarr; <strong>1102</strong><br />(-24 for losing)
|l|☆G0ldenRose
|player|p1|
|l|☆drew1750
|player|p2|
