|j|‽Lucid Coffee
|j|☆Galladeyaoi
|t:|1760414970
|gametype|singles
|player|p1|Lucid Coffee|blue|1367
|player|p2|Galladeyaoi|pokefanf-gen2|1390
|gen|9
|tier|[Gen 9] OU
|rated|
|rule|HP Percentage Mod: HP is shown in percentages
|rule|Endless Battle Clause: Forcing endless battles is banned
|rule|Species Clause: Limit one of each Pokémon
|rule|OHKO Clause: OHKO moves are banned
|rule|Evasion Items Clause: Evasion items are banned
|rule|Evasion Moves Clause: Evasion moves are banned
|rule|Evasion Abilities Clause: Evasion abilities are banned
|rule|Sleep Moves Clause: Sleep-inducing moves are banned
|clearpoke
|poke|p1|Garganacl, F|
|poke|p1|Ogerpon-Wellspring, F|
|poke|p1|Weezing-Galar, F|
|poke|p1|Iron Treads|
|poke|p1|Kyurem|
|poke|p1|Slither Wing|
|poke|p2|Thundurus, M|
|poke|p2|Iron Leaves|
|poke|p2|Iron Moth|
|poke|p2|Iron Treads|
|poke|p2|Iron Crown|
|poke|p2|Raging Bolt|
|teampreview
|inactive|Battle timer is ON: inactive players will automatically lose when time's up. (requested by Galladeyaoi)
|
|t:|1760414998
|teamsize|p1|6
|teamsize|p2|6
|start
|switch|p1a: Ogerpon|Ogerpon-Wellspring, F|100/100
|switch|p2a: Iron Crown|Iron Crown|100/100
|turn|1
|
|t:|1760415012
|move|p1a: Ogerpon|Knock Off|p2a: Iron Crown
|-supereffective|p2a: Iron Crown
|-damage|p2a: Iron Crown|25/100
|-enditem|p2a: Iron Crown|Choice Specs|[from] move: Knock Off|[of] p1a: Ogerpon
|move|p2a: Iron Crown|Volt Switch|p1a: Ogerpon
|-damage|p1a: Ogerpon|74/100
|
|t:|1760415020
|-end|p2a: Iron Crown|Quark Drive|[silent]
|switch|p2a: Thundurus|Thundurus, M|100/100|[from] Volt Switch
|
|upkeep
|turn|2
|
|t:|1760415026
|switch|p1a: Iron Treads|Iron Treads|100/100
|move|p2a: Thundurus|Electric Terrain|p2a: Thundurus
|-fieldstart|move: Electric Terrain
|-activate|p1a: Iron Treads|ability: Quark Drive
|-start|p1a: Iron Treads|quarkdrivespe
|
|upkeep
|turn|3
|
|t:|1760415035
|move|p1a: Iron Treads|Knock Off|p2a: Thundurus
|-damage|p2a: Thundurus|78/100
|-enditem|p2a: Thundurus|Terrain Extender|[from] move: Knock Off|[of] p1a: Iron Treads
|move|p2a: Thundurus|U-turn|p1a: Iron Treads
|-resisted|p1a: Iron Treads
|-damage|p1a: Iron Treads|94/100
|
|t:|1760415043
|switch|p2a: Iron Moth|Iron Moth|100/100|[from] U-turn
|-activate|p2a: Iron Moth|ability: Quark Drive
|-start|p2a: Iron Moth|quarkdrivespe
|
|upkeep
|turn|4
|inactive|Lucid Coffee has 120 seconds left.
|
|t:|1760415079
|-end|p1a: Iron Treads|Quark Drive|[silent]
|switch|p1a: Garganacl|Garganacl, F|100/100
|move|p2a: Iron Moth|Fiery Dance|p1a: Garganacl
|-resisted|p1a: Garganacl
|-damage|p1a: Garganacl|86/100
|-boost|p2a: Iron Moth|spa|1
|
|-heal|p1a: Garganacl|92/100|[from] item: Leftovers
|upkeep
|turn|5
|inactive|Lucid Coffee has 120 seconds left.
|
|t:|1760415100
|-terastallize|p2a: Iron Moth|Grass
|move|p2a: Iron Moth|Energy Ball|p1a: Garganacl
|-supereffective|p1a: Garganacl
|-crit|p1a: Garganacl
|-damage|p1a: Garganacl|0 fnt
|faint|p1a: Garganacl
|
|upkeep
|inactive|Lucid Coffee has 120 seconds left.
|
|t:|1760415105
|switch|p1a: Slither Wing|Slither Wing|100/100
|turn|6
|
|t:|1760415112
|-end|p2a: Iron Moth|Quark Drive|[silent]
|switch|p2a: Iron Treads|Iron Treads|100/100
|-activate|p2a: Iron Treads|ability: Quark Drive
|-start|p2a: Iron Treads|quarkdrivedef
|move|p1a: Slither Wing|First Impression|p2a: Iron Treads
|-resisted|p2a: Iron Treads
|-damage|p2a: Iron Treads|92/100
|-damage|p1a: Slither Wing|84/100|[from] item: Rocky Helmet|[of] p2a: Iron Treads
|
|upkeep
|turn|7
|
|t:|1760415129
|-end|p2a: Iron Treads|Quark Drive|[silent]
|switch|p2a: Iron Moth|Iron Moth, tera:Grass|100/100
|-activate|p2a: Iron Moth|ability: Quark Drive
|-start|p2a: Iron Moth|quarkdrivespe
|-end|p1a: Slither Wing|Protosynthesis|[silent]
|switch|p1a: Ogerpon|Ogerpon-Wellspring, F|74/100
|
|upkeep
|turn|8
|
|t:|1760415142
|switch|p1a: Iron Treads|Iron Treads|94/100
|-activate|p1a: Iron Treads|ability: Quark Drive
|-start|p1a: Iron Treads|quarkdrivespe
|move|p2a: Iron Moth|Meteor Beam||[still]
|-prepare|p2a: Iron Moth|Meteor Beam
|-boost|p2a: Iron Moth|spa|1
|-enditem|p2a: Iron Moth|Power Herb
|-anim|p2a: Iron Moth|Meteor Beam|p1a: Iron Treads
|-resisted|p1a: Iron Treads
|-damage|p1a: Iron Treads|84/100
|
|upkeep
|turn|9
|
|t:|1760415154
|move|p2a: Iron Moth|Fiery Dance|p1a: Iron Treads
|-supereffective|p1a: Iron Treads
|-damage|p1a: Iron Treads|7/100
|move|p1a: Iron Treads|Iron Head|p2a: Iron Moth
|-damage|p2a: Iron Moth|49/100
|
|-fieldend|move: Electric Terrain
|-end|p2a: Iron Moth|Quark Drive
|-end|p1a: Iron Treads|Quark Drive
|upkeep
|turn|10
|
|t:|1760415171
|move|p2a: Iron Moth|Energy Ball|p1a: Iron Treads
|-damage|p1a: Iron Treads|0 fnt
|faint|p1a: Iron Treads
|-end|p1a: Iron Treads|Quark Drive|[silent]
|
|upkeep
|
|t:|1760415175
|switch|p1a: Slither Wing|Slither Wing|84/100
|turn|11
|
|t:|1760415185
|-end|p2a: Iron Moth|Quark Drive|[silent]
|switch|p2a: Thundurus|Thundurus, M|78/100
|move|p1a: Slither Wing|U-turn|p2a: Thundurus
|-resisted|p2a: Thundurus
|-damage|p2a: Thundurus|63/100
|
|t:|1760415193
|-end|p1a: Slither Wing|Protosynthesis|[silent]
|switch|p1a: Kyurem|Kyurem|100/100|[from] U-turn
|-ability|p1a: Kyurem|Pressure
|
|upkeep
|turn|12
|
|t:|1760415205
|move|p2a: Thundurus|Thunder Wave|p1a: Kyurem
|-status|p1a: Kyurem|par
|cant|p1a: Kyurem|par
|
|upkeep
|turn|13
|
|t:|1760415211
|move|p2a: Thundurus|Electric Terrain|p2a: Thundurus
|-fieldstart|move: Electric Terrain
|cant|p1a: Kyurem|par
|
|upkeep
|turn|14
|
|t:|1760415216
|move|p2a: Thundurus|U-turn|p1a: Kyurem
|-damage|p1a: Kyurem|82/100 par
|
|t:|1760415221
|switch|p2a: Iron Crown|Iron Crown|25/100|[from] U-turn
|-activate|p2a: Iron Crown|ability: Quark Drive
|-start|p2a: Iron Crown|quarkdrivespa
|move|p1a: Kyurem|Substitute|p1a: Kyurem
|-start|p1a: Kyurem|Substitute
|-damage|p1a: Kyurem|57/100 par
|
|-heal|p1a: Kyurem|64/100 par|[from] item: Leftovers
|upkeep
|turn|15
|
|t:|1760415232
|move|p1a: Kyurem|Protect|p1a: Kyurem
|-singleturn|p1a: Kyurem|Protect
|move|p2a: Iron Crown|Tachyon Cutter|p1a: Kyurem
|-activate|p1a: Kyurem|move: Protect
|
|-heal|p1a: Kyurem|70/100 par|[from] item: Leftovers
|upkeep
|turn|16
|
|t:|1760415250
|move|p2a: Iron Crown|Tachyon Cutter|p1a: Kyurem
|-supereffective|p1a: Kyurem
|-end|p1a: Kyurem|Substitute
|-supereffective|p1a: Kyurem
|-damage|p1a: Kyurem|6/100 par
|-hitcount|p1a: Kyurem|2
|move|p1a: Kyurem|Earth Power|p2a: Iron Crown
|-supereffective|p2a: Iron Crown
|-damage|p2a: Iron Crown|0 fnt
|faint|p2a: Iron Crown
|-end|p2a: Iron Crown|Quark Drive|[silent]
|
|-heal|p1a: Kyurem|12/100 par|[from] item: Leftovers
|upkeep
|
|t:|1760415263
|switch|p2a: Iron Leaves|Iron Leaves|100/100
|-activate|p2a: Iron Leaves|ability: Quark Drive
|-start|p2a: Iron Leaves|quarkdrivespe
|turn|17
|
|t:|1760415268
|move|p2a: Iron Leaves|Close Combat|p1a: Kyurem
|-supereffective|p1a: Kyurem
|-damage|p1a: Kyurem|0 fnt
|-unboost|p2a: Iron Leaves|def|1
|-unboost|p2a: Iron Leaves|spd|1
|faint|p1a: Kyurem
|-enditem|p2a: Iron Leaves|Eject Pack
|
|t:|1760415275
|-end|p2a: Iron Leaves|Quark Drive|[silent]
|switch|p2a: Thundurus|Thundurus, M|63/100
|
|-fieldend|move: Electric Terrain
|upkeep
|
|t:|1760415281
|switch|p1a: Weezing|Weezing-Galar, F|100/100
|-ability|p1a: Weezing|Neutralizing Gas
|turn|18
|
|t:|1760415287
|move|p2a: Thundurus|Thunder Wave|p1a: Weezing
|-status|p1a: Weezing|par
|move|p1a: Weezing|Defog|p2a: Thundurus
|-unboost|p2a: Thundurus|evasion|1
|
|upkeep
|turn|19
|
|t:|1760415296
|move|p2a: Thundurus|Taunt|p1a: Weezing
|-start|p1a: Weezing|move: Taunt
|cant|p1a: Weezing|par
|
|upkeep
|turn|20
|
|t:|1760415301
|move|p2a: Thundurus|Electric Terrain|p2a: Thundurus
|-fieldstart|move: Electric Terrain
|move|p1a: Weezing|Sludge Bomb|p2a: Thundurus
|-crit|p2a: Thundurus
|-damage|p2a: Thundurus|16/100
|
|upkeep
|turn|21
|
|t:|1760415328
|-end|p1a: Weezing|ability: Neutralizing Gas
|switch|p1a: Slither Wing|Slither Wing|84/100
|move|p2a: Thundurus|U-turn|p1a: Slither Wing
|-resisted|p1a: Slither Wing
|-damage|p1a: Slither Wing|76/100
|
|t:|1760415346
|switch|p2a: Raging Bolt|Raging Bolt|100/100|[from] U-turn
|
|upkeep
|turn|22
|
|t:|1760415355
|move|p1a: Slither Wing|U-turn|p2a: Raging Bolt
|-damage|p2a: Raging Bolt|75/100
|
|t:|1760415360
|-end|p1a: Slither Wing|Protosynthesis|[silent]
|switch|p1a: Weezing|Weezing-Galar, F|100/100 par|[from] U-turn
|-ability|p1a: Weezing|Neutralizing Gas
|move|p2a: Raging Bolt|Rising Voltage|p1a: Weezing
|-hint|Rising Voltage's BP doubled on grounded target.
|-damage|p1a: Weezing|0 fnt
|faint|p1a: Weezing
|-end|p1a: Weezing|ability: Neutralizing Gas
|
|upkeep
|
|t:|1760415367
|switch|p1a: Ogerpon|Ogerpon-Wellspring, F|74/100
|turn|23
|
|t:|1760415373
|-terastallize|p1a: Ogerpon|Water
|detailschange|p1a: Ogerpon|Ogerpon-Wellspring-Tera, F, tera:Water
|-ability|p1a: Ogerpon|Embody Aspect (Wellspring)|boost
|-boost|p1a: Ogerpon|spd|1
|move|p1a: Ogerpon|Ivy Cudgel|p2a: Raging Bolt|[anim] Ivy Cudgel Water
|-resisted|p2a: Raging Bolt
|-damage|p2a: Raging Bolt|45/100
|move|p2a: Raging Bolt|Rising Voltage|p1a: Ogerpon
|-hint|Rising Voltage's BP doubled on grounded target.
|-supereffective|p1a: Ogerpon
|-damage|p1a: Ogerpon|0 fnt
|faint|p1a: Ogerpon
|detailschange|p1: Ogerpon|Ogerpon-Wellspring, F|[silent]
|
|upkeep
|-message|Lucid Coffee forfeited.
|
|win|Galladeyaoi
|raw|Lucid Coffee's rating: 1367 &rarr; <strong>1348</strong><br />(-19 for losing)
|raw|Galladeyaoi's rating: 1390 &rarr; <strong>1409</strong><br />(+19 for winning)
|l|‽Lucid Coffee
|player|p1|
|l|☆Galladeyaoi
|player|p2|
