|j|☆Vazaltur
|j|☆jakkuza
|t:|1760344939
|gametype|singles
|player|p1|Vazaltur|steven|1219
|player|p2|jakkuza|dawn|1271
|gen|9
|tier|[Gen 9] OU
|rated|
|rule|HP Percentage Mod: HP is shown in percentages
|rule|Endless Battle Clause: Forcing endless battles is banned
|rule|Species Clause: Limit one of each Pokémon
|rule|OHKO Clause: OHKO moves are banned
|rule|Evasion Items Clause: Evasion items are banned
|rule|Evasion Moves Clause: Evasion moves are banned
|rule|Evasion Abilities Clause: Evasion abilities are banned
|rule|Sleep Moves Clause: Sleep-inducing moves are banned
|clearpoke
|poke|p1|Cloyster, F|
|poke|p1|Drednaw, F|
|poke|p1|Magcargo, M|
|poke|p1|Minior|
|poke|p1|Polteageist-Antique|
|poke|p1|Torterra, M|
|poke|p2|Garganacl, F|
|poke|p2|Pecharunt|
|poke|p2|Clefable, M|
|poke|p2|Torterra, F|
|poke|p2|Zamazenta-*|
|poke|p2|Ditto|
|teampreview
|
|t:|1760344967
|teamsize|p1|6
|teamsize|p2|6
|start
|switch|p1a: Polteageist|Polteageist-Antique, shiny|100/100
|switch|p2a: Holy Cancer|Pecharunt|100/100
|turn|1
|l|☆jakkuza
|player|p2|
|inactive|Battle timer is ON: inactive players will automatically lose when time's up. (requested by Vazaltur)
|j|☆jakkuza
|inactive|jakkuza reconnected and has 150 seconds left.
|player|p2|jakkuza|dawn|
|
|t:|1760344996
|-terastallize|p2a: Holy Cancer|Poison
|move|p2a: Holy Cancer|Malignant Chain|p1a: Polteageist
|-resisted|p1a: Polteageist
|-damage|p1a: Polteageist|59/100
|-status|p1a: Polteageist|tox
|-start|p1a: Polteageist|confusion|[from] ability: Poison Puppeteer|[of] p2a: Holy Cancer
|-damage|p2a: Holy Cancer|91/100|[from] item: Life Orb
|-activate|p1a: Polteageist|confusion
|move|p1a: Polteageist|Shell Smash|p1a: Polteageist
|-unboost|p1a: Polteageist|def|1
|-unboost|p1a: Polteageist|spd|1
|-boost|p1a: Polteageist|atk|2
|-boost|p1a: Polteageist|spa|2
|-boost|p1a: Polteageist|spe|2
|
|-damage|p1a: Polteageist|53/100 tox|[from] psn
|upkeep
|turn|2
|
|t:|1760345025
|-activate|p1a: Polteageist|confusion
|move|p1a: Polteageist|Stored Power|p2a: Holy Cancer
|-supereffective|p2a: Holy Cancer
|-damage|p2a: Holy Cancer|0 fnt
|faint|p2a: Holy Cancer
|
|-damage|p1a: Polteageist|40/100 tox|[from] psn
|upkeep
|
|t:|1760345037
|switch|p2a: Holy Copycat|Ditto|100/100
|-transform|p2a: Holy Copycat|p1a: Polteageist|[from] ability: Imposter
|turn|3
|
|t:|1760345045
|move|p2a: Holy Copycat|Shadow Ball|p1a: Polteageist
|-supereffective|p1a: Polteageist
|-damage|p1a: Polteageist|0 fnt
|faint|p1a: Polteageist
|
|upkeep
|
|t:|1760345063
|switch|p1a: Drednaw|Drednaw, F, shiny|100/100
|turn|4
|
|t:|1760345068
|move|p2a: Holy Copycat|Shadow Ball|p1a: Drednaw
|-damage|p1a: Drednaw|0 fnt
|faint|p1a: Drednaw
|
|upkeep
|
|t:|1760345074
|switch|p1a: Magcargo|Magcargo, M, shiny|100/100
|turn|5
|
|t:|1760345080
|move|p2a: Holy Copycat|Shadow Ball|p1a: Magcargo
|-enditem|p1a: Magcargo|Focus Sash
|-damage|p1a: Magcargo|1/100
|move|p1a: Magcargo|Lava Plume|p2a: Holy Copycat
|-damage|p2a: Holy Copycat|48/100
|
|upkeep
|turn|6
|-message|Vazaltur forfeited.
|
|win|jakkuza
|raw|Vazaltur's rating: 1219 &rarr; <strong>1198</strong><br />(-21 for losing)
|raw|jakkuza's rating: 1271 &rarr; <strong>1292</strong><br />(+21 for winning)
|l|☆Vazaltur
|player|p1|
|l|☆jakkuza
|player|p2|
