|j|☆xzhshidabenbi
|j|☆Dew123
|t:|1760439414
|gametype|singles
|player|p1|xzhshidabenbi|266|1045
|player|p2|Dew123|biker-gen4|1091
|gen|9
|tier|[Gen 9] OU
|rated|
|rule|HP Percentage Mod: HP is shown in percentages
|rule|Endless Battle Clause: Forcing endless battles is banned
|rule|Species Clause: Limit one of each Pokémon
|rule|OHKO Clause: OHKO moves are banned
|rule|Evasion Items Clause: Evasion items are banned
|rule|Evasion Moves Clause: Evasion moves are banned
|rule|Evasion Abilities Clause: Evasion abilities are banned
|rule|Sleep Moves Clause: Sleep-inducing moves are banned
|clearpoke
|poke|p1|Garchomp, M|
|poke|p1|Araquanid, F|
|poke|p1|Ogerpon-Wellspring, F|
|poke|p1|Cinccino, M|
|poke|p1|Darkrai|
|poke|p1|Landorus-Therian, M|
|poke|p2|Feraligatr, F|
|poke|p2|Chesnaught, F|
|poke|p2|Chandelure, M|
|poke|p2|Excadrill, F|
|poke|p2|Malamar, F|
|poke|p2|Clefable, F|
|teampreview
|inactive|Battle timer is ON: inactive players will automatically lose when time's up. (requested by Dew123)
|
|t:|1760439426
|teamsize|p1|6
|teamsize|p2|6
|start
|switch|p1a: Araquanid|Araquanid, F|100/100
|switch|p2a: MegaFeraligatr|Feraligatr, F|100/100
|turn|1
|
|t:|1760439434
|move|p2a: MegaFeraligatr|Dragon Dance|p2a: MegaFeraligatr
|-boost|p2a: MegaFeraligatr|atk|1
|-boost|p2a: MegaFeraligatr|spe|1
|move|p1a: Araquanid|Sticky Web|p2a: MegaFeraligatr
|-sidestart|p2: Dew123|move: Sticky Web
|
|upkeep
|turn|2
|
|t:|1760439444
|move|p2a: MegaFeraligatr|Dragon Dance|p2a: MegaFeraligatr
|-boost|p2a: MegaFeraligatr|atk|1
|-boost|p2a: MegaFeraligatr|spe|1
|move|p1a: Araquanid|Endeavor|p2a: MegaFeraligatr
|-immune|p2a: MegaFeraligatr
|
|upkeep
|turn|3
|
|t:|1760439453
|move|p2a: MegaFeraligatr|Outrage|p1a: Araquanid
|-enditem|p1a: Araquanid|Focus Sash
|-damage|p1a: Araquanid|1/100
|-damage|p2a: MegaFeraligatr|91/100|[from] item: Life Orb
|move|p1a: Araquanid|Endeavor|p2a: MegaFeraligatr
|-damage|p2a: MegaFeraligatr|1/100
|
|upkeep
|turn|4
|
|t:|1760439467
|move|p2a: MegaFeraligatr|Outrage|p1a: Araquanid|[from] lockedmove
|-damage|p1a: Araquanid|0 fnt
|faint|p1a: Araquanid
|-damage|p2a: MegaFeraligatr|0 fnt|[from] item: Life Orb
|faint|p2a: MegaFeraligatr
|
|upkeep
|
|t:|1760439478
|switch|p2a: MegaExcadrill|Excadrill, F|100/100
|switch|p1a: Cinccino|Cinccino, M|100/100
|-activate|p2a: MegaExcadrill|move: Sticky Web
|-unboost|p2a: MegaExcadrill|spe|1
|-ability|p2a: MegaExcadrill|Mold Breaker
|turn|5
|
|t:|1760439487
|move|p1a: Cinccino|Bullet Seed|p2a: MegaExcadrill
|-damage|p2a: MegaExcadrill|86/100
|-damage|p2a: MegaExcadrill|72/100
|-damage|p2a: MegaExcadrill|58/100
|-crit|p2a: MegaExcadrill
|-damage|p2a: MegaExcadrill|36/100
|-damage|p2a: MegaExcadrill|22/100
|-hitcount|p2a: MegaExcadrill|5
|move|p2a: MegaExcadrill|Rapid Spin|p1a: Cinccino
|-damage|p1a: Cinccino|70/100
|-boost|p2a: MegaExcadrill|spe|1
|-sideend|p2: Dew123|Sticky Web|[from] move: Rapid Spin|[of] p2a: MegaExcadrill
|
|upkeep
|turn|6
|
|t:|1760439500
|switch|p2a: MegaChesnaught|Chesnaught, F|100/100
|move|p1a: Cinccino|Bullet Seed|p2a: MegaChesnaught
|-immune|p2a: MegaChesnaught|[from] ability: Bulletproof
|
|upkeep
|turn|7
|
|t:|1760439515
|move|p1a: Cinccino|U-turn|p2a: MegaChesnaught
|-damage|p2a: MegaChesnaught|86/100
|
|t:|1760439523
|switch|p1a: Landorus|Landorus-Therian, M|100/100|[from] U-turn
|-ability|p1a: Landorus|Intimidate|boost
|-unboost|p2a: MegaChesnaught|atk|1
|move|p2a: MegaChesnaught|Leech Seed|p1a: Landorus
|-start|p1a: Landorus|move: Leech Seed
|
|-heal|p2a: MegaChesnaught|92/100|[from] item: Leftovers
|-damage|p1a: Landorus|88/100|[from] Leech Seed|[of] p2a: MegaChesnaught
|-heal|p2a: MegaChesnaught|100/100|[silent]
|upkeep
|turn|8
|
|t:|1760439535
|move|p2a: MegaChesnaught|Spiky Shield|p2a: MegaChesnaught
|-singleturn|p2a: MegaChesnaught|move: Protect
|move|p1a: Landorus|U-turn|p2a: MegaChesnaught
|-activate|p2a: MegaChesnaught|move: Protect
|-damage|p1a: Landorus|75/100|[from] Spiky Shield|[of] p2a: MegaChesnaught
|
|-heal|p1a: Landorus|82/100|[from] item: Leftovers
|-damage|p1a: Landorus|69/100|[from] Leech Seed|[of] p2a: MegaChesnaught
|upkeep
|turn|9
|
|t:|1760439547
|switch|p1a: Darkrai|Darkrai|100/100
|move|p2a: MegaChesnaught|Leech Seed|p1a: Darkrai
|-start|p1a: Darkrai|move: Leech Seed
|
|-damage|p1a: Darkrai|88/100|[from] Leech Seed|[of] p2a: MegaChesnaught
|upkeep
|turn|10
|
|t:|1760439556
|switch|p2a: MegaExcadrill|Excadrill, F|22/100
|-ability|p2a: MegaExcadrill|Mold Breaker
|move|p1a: Darkrai|Ice Beam|p2a: MegaExcadrill
|-crit|p2a: MegaExcadrill
|-damage|p2a: MegaExcadrill|0 fnt
|faint|p2a: MegaExcadrill
|
|upkeep
|
|t:|1760439563
|switch|p2a: Megachandelure|Chandelure, M|100/100
|turn|11
|
|t:|1760439572
|switch|p1a: Landorus|Landorus-Therian, M|69/100
|-ability|p1a: Landorus|Intimidate|boost
|-unboost|p2a: Megachandelure|atk|1
|-terastallize|p2a: Megachandelure|Ghost
|move|p2a: Megachandelure|Calm Mind|p2a: Megachandelure
|-boost|p2a: Megachandelure|spa|1
|-boost|p2a: Megachandelure|spd|1
|
|-heal|p1a: Landorus|75/100|[from] item: Leftovers
|upkeep
|turn|12
|
|t:|1760439586
|move|p1a: Landorus|Stealth Rock|p2a: Megachandelure
|-sidestart|p2: Dew123|move: Stealth Rock
|move|p2a: Megachandelure|Shadow Ball|p1a: Landorus
|-damage|p1a: Landorus|0 fnt
|faint|p1a: Landorus
|
|upkeep
|
|t:|1760439601
|switch|p1a: Darkrai|Darkrai|88/100
|turn|13
|
|t:|1760439609
|switch|p2a: MegaClefable|Clefable, F|100/100
|move|p1a: Darkrai|Dark Pulse|p2a: MegaClefable
|-resisted|p2a: MegaClefable
|-damage|p2a: MegaClefable|81/100
|
|-heal|p2a: MegaClefable|87/100|[from] item: Leftovers
|upkeep
|turn|14
|
|t:|1760439621
|switch|p1a: Garchomp|Garchomp, M|100/100
|move|p2a: MegaClefable|Calm Mind|p2a: MegaClefable
|-boost|p2a: MegaClefable|spa|1
|-boost|p2a: MegaClefable|spd|1
|
|-heal|p2a: MegaClefable|93/100|[from] item: Leftovers
|upkeep
|turn|15
|
|t:|1760439632
|move|p1a: Garchomp|Spikes|p2a: MegaClefable
|-sidestart|p2: Dew123|Spikes
|move|p2a: MegaClefable|Moonblast|p1a: Garchomp
|-supereffective|p1a: Garchomp
|-damage|p1a: Garchomp|2/100
|
|-heal|p2a: MegaClefable|99/100|[from] item: Leftovers
|upkeep
|turn|16
|
|t:|1760439641
|move|p1a: Garchomp|Spikes|p2a: MegaClefable
|-sidestart|p2: Dew123|Spikes
|move|p2a: MegaClefable|Calm Mind|p2a: MegaClefable
|-boost|p2a: MegaClefable|spa|1
|-boost|p2a: MegaClefable|spd|1
|
|-heal|p2a: MegaClefable|100/100|[from] item: Leftovers
|upkeep
|turn|17
|
|t:|1760439649
|move|p1a: Garchomp|Spikes|p2a: MegaClefable
|-sidestart|p2: Dew123|Spikes
|move|p2a: MegaClefable|Tera Blast|p1a: Garchomp
|-damage|p1a: Garchomp|0 fnt
|faint|p1a: Garchomp
|
|upkeep
|
|t:|1760439659
|switch|p1a: Ogerpon|Ogerpon-Wellspring, F|100/100
|turn|18
|
|t:|1760439666
|move|p1a: Ogerpon|Swords Dance|p1a: Ogerpon
|-boost|p1a: Ogerpon|atk|2
|move|p2a: MegaClefable|Moonblast|p1a: Ogerpon
|-crit|p1a: Ogerpon
|-damage|p1a: Ogerpon|0 fnt
|faint|p1a: Ogerpon
|
|upkeep
|
|t:|1760439683
|switch|p1a: Darkrai|Darkrai|88/100
|turn|19
|
|t:|1760439688
|move|p1a: Darkrai|Psychic|p2a: MegaClefable
|-damage|p2a: MegaClefable|84/100
|move|p2a: MegaClefable|Moonblast|p1a: Darkrai
|-supereffective|p1a: Darkrai
|-damage|p1a: Darkrai|0 fnt
|faint|p1a: Darkrai
|
|-heal|p2a: MegaClefable|90/100|[from] item: Leftovers
|upkeep
|
|t:|1760439698
|switch|p1a: Cinccino|Cinccino, M|70/100
|turn|20
|
|t:|1760439704
|move|p1a: Cinccino|Tail Slap|p2a: MegaClefable
|-damage|p2a: MegaClefable|79/100
|-damage|p2a: MegaClefable|66/100
|-damage|p2a: MegaClefable|55/100
|-damage|p2a: MegaClefable|43/100
|-hitcount|p2a: MegaClefable|4
|move|p2a: MegaClefable|Moonblast|p1a: Cinccino
|-damage|p1a: Cinccino|0 fnt
|faint|p1a: Cinccino
|
|win|Dew123
|raw|xzhshidabenbi's rating: 1045 &rarr; <strong>1030</strong><br />(-15 for losing)
|raw|Dew123's rating: 1091 &rarr; <strong>1114</strong><br />(+23 for winning)
