|j|☆ryansindoors
|j|☆Shattersong
|t:|1760414518
|gametype|singles
|player|p1|ryansindoors|blue|1322
|player|p2|Shattersong|102|1270
|gen|9
|tier|[Gen 9] OU
|rated|
|rule|HP Percentage Mod: HP is shown in percentages
|rule|Endless Battle Clause: Forcing endless battles is banned
|rule|Species Clause: Limit one of each Pokémon
|rule|OHKO Clause: OHKO moves are banned
|rule|Evasion Items Clause: Evasion items are banned
|rule|Evasion Moves Clause: Evasion moves are banned
|rule|Evasion Abilities Clause: Evasion abilities are banned
|rule|Sleep Moves Clause: Sleep-inducing moves are banned
|clearpoke
|poke|p1|Ceruledge, F|
|poke|p1|Chesnaught, M|
|poke|p1|Latias, F|
|poke|p1|Great Tusk|
|poke|p1|Gholdengo|
|poke|p1|Moltres|
|poke|p2|Ceruledge, F|
|poke|p2|Araquanid, M|
|poke|p2|Weezing-Galar, M|
|poke|p2|Garganacl, M|
|poke|p2|Skeledirge, F|
|poke|p2|Weavile, F|
|teampreview
|inactive|Battle timer is ON: inactive players will automatically lose when time's up. (requested by ryansindoors)
|
|t:|1760414536
|teamsize|p1|6
|teamsize|p2|6
|start
|switch|p1a: Great Tusk|Great Tusk|100/100
|switch|p2a: Guy|Araquanid, M, shiny|100/100
|turn|1
|
|t:|1760414547
|-end|p1a: Great Tusk|Protosynthesis|[silent]
|switch|p1a: Chesnaught|Chesnaught, M|100/100
|move|p2a: Guy|Liquidation|p1a: Chesnaught
|-resisted|p1a: Chesnaught
|-damage|p1a: Chesnaught|84/100
|-damage|p2a: Guy|84/100|[from] item: Rocky Helmet|[of] p1a: Chesnaught
|
|upkeep
|turn|2
|
|t:|1760414556
|move|p1a: Chesnaught|Knock Off|p2a: Guy
|-damage|p2a: Guy|60/100
|-enditem|p2a: Guy|Custap Berry|[from] move: Knock Off|[of] p1a: Chesnaught
|move|p2a: Guy|Sticky Web|p1a: Chesnaught
|-sidestart|p1: ryansindoors|move: Sticky Web
|
|upkeep
|turn|3
|
|t:|1760414562
|move|p1a: Chesnaught|Spikes|p2a: Guy
|-sidestart|p2: Shattersong|Spikes
|move|p2a: Guy|Lunge|p1a: Chesnaught
|-damage|p1a: Chesnaught|67/100
|-unboost|p1a: Chesnaught|atk|1
|-damage|p2a: Guy|43/100|[from] item: Rocky Helmet|[of] p1a: Chesnaught
|
|upkeep
|turn|4
|
|t:|1760414570
|switch|p2a: Rose|Weezing-Galar, M|100/100
|-damage|p2a: Rose|88/100|[from] Spikes
|-fieldstart|move: Misty Terrain|[from] ability: Misty Surge|[of] p2a: Rose
|move|p1a: Chesnaught|Spikes|p2a: Rose
|-sidestart|p2: Shattersong|Spikes
|
|upkeep
|turn|5
|
|t:|1760414578
|switch|p1a: Gholdengo|Gholdengo|100/100
|-activate|p1a: Gholdengo|move: Sticky Web
|-unboost|p1a: Gholdengo|spe|1
|move|p2a: Rose|Sludge Wave|p1a: Gholdengo
|-immune|p1a: Gholdengo
|
|upkeep
|turn|6
|
|t:|1760414591
|move|p1a: Gholdengo|Make It Rain|p2a: Rose
|-supereffective|p2a: Rose
|-damage|p2a: Rose|0 fnt
|-unboost|p1a: Gholdengo|spa|1
|faint|p2a: Rose
|
|upkeep
|
|t:|1760414598
|switch|p2a: Jalapeño|Skeledirge, F|100/100
|-damage|p2a: Jalapeño|84/100|[from] Spikes
|turn|7
|
|t:|1760414603
|switch|p1a: Ceruledge|Ceruledge, F|100/100
|-activate|p1a: Ceruledge|move: Sticky Web
|-unboost|p1a: Ceruledge|spe|1
|move|p2a: Jalapeño|Torch Song|p1a: Ceruledge
|-start|p1a: Ceruledge|ability: Flash Fire
|
|-heal|p2a: Jalapeño|90/100|[from] item: Leftovers
|upkeep
|turn|8
|
|t:|1760414616
|move|p1a: Ceruledge|Poltergeist|p2a: Jalapeño
|-activate|p2a: Jalapeño|move: Poltergeist|Leftovers
|-supereffective|p2a: Jalapeño
|-damage|p2a: Jalapeño|0 fnt
|faint|p2a: Jalapeño
|
|-fieldend|Misty Terrain
|upkeep
|
|t:|1760414622
|switch|p2a: Blitz|Weavile, F|100/100
|-damage|p2a: Blitz|84/100|[from] Spikes
|-ability|p2a: Blitz|Pressure
|turn|9
|
|t:|1760414633
|-end|p1a: Ceruledge|ability: Flash Fire|[silent]
|switch|p1a: Chesnaught|Chesnaught, M|67/100
|-activate|p1a: Chesnaught|move: Sticky Web
|-unboost|p1a: Chesnaught|spe|1
|move|p2a: Blitz|Knock Off|p1a: Chesnaught
|-resisted|p1a: Chesnaught
|-damage|p1a: Chesnaught|54/100
|-damage|p2a: Blitz|68/100|[from] item: Rocky Helmet|[of] p1a: Chesnaught
|-enditem|p1a: Chesnaught|Rocky Helmet|[from] move: Knock Off|[of] p2a: Blitz
|
|upkeep
|turn|10
|
|t:|1760414646
|move|p2a: Blitz|Ice Spinner|p1a: Chesnaught
|-supereffective|p1a: Chesnaught
|-damage|p1a: Chesnaught|11/100
|move|p1a: Chesnaught|Synthesis|p1a: Chesnaught
|-heal|p1a: Chesnaught|61/100
|
|upkeep
|turn|11
|
|t:|1760414653
|move|p2a: Blitz|Poison Jab|p1a: Chesnaught
|-supereffective|p1a: Chesnaught
|-damage|p1a: Chesnaught|32/100
|-status|p1a: Chesnaught|psn
|move|p1a: Chesnaught|Synthesis|p1a: Chesnaught
|-heal|p1a: Chesnaught|82/100 psn
|
|-damage|p1a: Chesnaught|70/100 psn|[from] psn
|upkeep
|turn|12
|
|t:|1760414663
|switch|p2a: Nova|Ceruledge, F|100/100
|-damage|p2a: Nova|84/100|[from] Spikes
|move|p1a: Chesnaught|Body Press|p2a: Nova
|-immune|p2a: Nova
|
|-damage|p1a: Chesnaught|58/100 psn|[from] psn
|upkeep
|turn|13
|
|t:|1760414675
|move|p2a: Nova|Bulk Up|p2a: Nova
|-boost|p2a: Nova|atk|1
|-boost|p2a: Nova|def|1
|move|p1a: Chesnaught|Knock Off|p2a: Nova
|-supereffective|p2a: Nova
|-damage|p2a: Nova|42/100
|-enditem|p2a: Nova|Covert Cloak|[from] move: Knock Off|[of] p1a: Chesnaught
|
|-damage|p1a: Chesnaught|45/100 psn|[from] psn
|upkeep
|turn|14
|
|t:|1760414685
|switch|p1a: Ceruledge|Ceruledge, F|100/100
|-activate|p1a: Ceruledge|move: Sticky Web
|-unboost|p1a: Ceruledge|spe|1
|-terastallize|p2a: Nova|Bug
|move|p2a: Nova|Bulk Up|p2a: Nova
|-boost|p2a: Nova|atk|1
|-boost|p2a: Nova|def|1
|
|upkeep
|turn|15
|
|t:|1760414696
|move|p2a: Nova|Poltergeist|p1a: Ceruledge
|-activate|p1a: Ceruledge|move: Poltergeist|Choice Band
|-supereffective|p1a: Ceruledge
|-damage|p1a: Ceruledge|0 fnt
|faint|p1a: Ceruledge
|
|upkeep
|
|t:|1760414703
|switch|p1a: Moltres|Moltres|100/100
|turn|16
|
|t:|1760414712
|move|p2a: Nova|Poltergeist|p1a: Moltres
|-activate|p1a: Moltres|move: Poltergeist|Heavy-Duty Boots
|-damage|p1a: Moltres|0 fnt
|faint|p1a: Moltres
|
|upkeep
|
|t:|1760414720
|switch|p1a: Great Tusk|Great Tusk|100/100
|-activate|p1a: Great Tusk|move: Sticky Web
|-unboost|p1a: Great Tusk|spe|1
|turn|17
|
|t:|1760414727
|-terastallize|p1a: Great Tusk|Water
|move|p2a: Nova|Bitter Blade|p1a: Great Tusk
|-resisted|p1a: Great Tusk
|-damage|p1a: Great Tusk|80/100
|-heal|p2a: Nova|58/100|[from] drain|[of] p1a: Great Tusk
|move|p1a: Great Tusk|Rapid Spin|p2a: Nova
|-damage|p2a: Nova|47/100
|-boost|p1a: Great Tusk|spe|1
|-sideend|p1: ryansindoors|Sticky Web|[from] move: Rapid Spin|[of] p1a: Great Tusk
|
|-heal|p1a: Great Tusk|86/100|[from] item: Leftovers
|upkeep
|turn|18
|inactive|ryansindoors has 120 seconds left.
|
|t:|1760414774
|move|p2a: Nova|Poltergeist|p1a: Great Tusk
|-activate|p1a: Great Tusk|move: Poltergeist|Leftovers
|-damage|p1a: Great Tusk|34/100
|move|p1a: Great Tusk|Rapid Spin|p2a: Nova
|-damage|p2a: Nova|37/100
|-boost|p1a: Great Tusk|spe|1
|
|-heal|p1a: Great Tusk|40/100|[from] item: Leftovers
|upkeep
|turn|19
|
|t:|1760414784
|move|p1a: Great Tusk|Knock Off|p2a: Nova
|-damage|p2a: Nova|24/100
|move|p2a: Nova|X-Scissor|p1a: Great Tusk
|-damage|p1a: Great Tusk|1/100
|
|-heal|p1a: Great Tusk|7/100|[from] item: Leftovers
|upkeep
|turn|20
|
|t:|1760414793
|move|p1a: Great Tusk|Earthquake|p2a: Nova
|-resisted|p2a: Nova
|-damage|p2a: Nova|9/100
|move|p2a: Nova|Bitter Blade|p1a: Great Tusk
|-resisted|p1a: Great Tusk
|-damage|p1a: Great Tusk|0 fnt
|-heal|p2a: Nova|15/100|[from] drain|[of] p1a: Great Tusk
|faint|p1a: Great Tusk
|-end|p1a: Great Tusk|Protosynthesis|[silent]
|
|upkeep
|
|t:|1760414809
|switch|p1a: Gholdengo|Gholdengo|100/100
|turn|21
|
|t:|1760414813
|move|p1a: Gholdengo|Shadow Ball|p2a: Nova
|-damage|p2a: Nova|0 fnt
|faint|p2a: Nova
|
|upkeep
|
|t:|1760414818
|switch|p2a: Blitz|Weavile, F|68/100
|-damage|p2a: Blitz|51/100|[from] Spikes
|-ability|p2a: Blitz|Pressure
|turn|22
|
|t:|1760414824
|move|p1a: Gholdengo|Shadow Ball|p2a: Blitz
|-resisted|p2a: Blitz
|-damage|p2a: Blitz|31/100
|move|p2a: Blitz|Knock Off|p1a: Gholdengo
|-supereffective|p1a: Gholdengo
|-damage|p1a: Gholdengo|0 fnt
|-enditem|p1a: Gholdengo|Choice Scarf|[from] move: Knock Off|[of] p2a: Blitz
|faint|p1a: Gholdengo
|
|upkeep
|
|t:|1760414833
|switch|p1a: Latias|Latias, F|100/100
|turn|23
|
|t:|1760414839
|move|p2a: Blitz|Knock Off|p1a: Latias
|-supereffective|p1a: Latias
|-damage|p1a: Latias|16/100
|-enditem|p1a: Latias|Weakness Policy
|-boost|p1a: Latias|atk|2|[from] item: Weakness Policy
|-boost|p1a: Latias|spa|2|[from] item: Weakness Policy
|move|p1a: Latias|Agility|p1a: Latias
|-boost|p1a: Latias|spe|2
|
|upkeep
|turn|24
|
|t:|1760414847
|move|p1a: Latias|Draining Kiss|p2a: Blitz
|-supereffective|p2a: Blitz
|-damage|p2a: Blitz|0 fnt
|-heal|p1a: Latias|34/100|[from] drain|[of] p2a: Blitz
|faint|p2a: Blitz
|
|upkeep
|
|t:|1760414853
|switch|p2a: Guy|Araquanid, M, shiny|43/100
|-damage|p2a: Guy|27/100|[from] Spikes
|turn|25
|
|t:|1760414860
|move|p1a: Latias|Draining Kiss|p2a: Guy
|-damage|p2a: Guy|4/100
|-heal|p1a: Latias|49/100|[from] drain|[of] p2a: Guy
|move|p2a: Guy|Lunge|p1a: Latias
|-supereffective|p1a: Latias
|-damage|p1a: Latias|0 fnt
|faint|p1a: Latias
|
|upkeep
|-message|ryansindoors forfeited.
|
|win|Shattersong
|raw|ryansindoors's rating: 1322 &rarr; <strong>1299</strong><br />(-23 for losing)
|raw|Shattersong's rating: 1270 &rarr; <strong>1299</strong><br />(+29 for winning)
|l|☆ryansindoors
|player|p1|
|l|☆Shattersong
|player|p2|
