|j|☆Swagataka
|j|☆WeR#4Hay!
|t:|1760460946
|gametype|singles
|player|p1|Swagataka|byron|1642
|player|p2|WeR#4Hay!|1|1620
|gen|9
|tier|[Gen 9] OU
|rated|
|rule|HP Percentage Mod: HP is shown in percentages
|rule|Endless Battle Clause: Forcing endless battles is banned
|rule|Species Clause: Limit one of each Pokémon
|rule|OHKO Clause: OHKO moves are banned
|rule|Evasion Items Clause: Evasion items are banned
|rule|Evasion Moves Clause: Evasion moves are banned
|rule|Evasion Abilities Clause: Evasion abilities are banned
|rule|Sleep Moves Clause: Sleep-inducing moves are banned
|clearpoke
|poke|p1|Kingambit, F|
|poke|p1|Regigigas|
|poke|p1|Zoroark-Hisui, M|
|poke|p1|Great Tusk|
|poke|p1|Pecharunt|
|poke|p1|Quaquaval, M|
|poke|p2|Lycanroc-Dusk, F|
|poke|p2|Volcanion|
|poke|p2|Corviknight, F|
|poke|p2|Great Tusk|
|poke|p2|Slowking-Galar, F|
|poke|p2|Darkrai|
|teampreview
|
|t:|1760460965
|teamsize|p1|6
|teamsize|p2|6
|start
|switch|p1a: Irönhead|Kingambit, F|100/100
|switch|p2a: Kagami Hiiragi|Volcanion|100/100
|-item|p1a: Irönhead|Air Balloon
|turn|1
|
|t:|1760460974
|switch|p1a: R.E.G.R.E.M.I.X|Regigigas, shiny|100/100
|-start|p1a: R.E.G.R.E.M.I.X|ability: Slow Start
|move|p2a: Kagami Hiiragi|Steam Eruption|p1a: R.E.G.R.E.M.I.X
|-damage|p1a: R.E.G.R.E.M.I.X|54/100
|
|upkeep
|turn|2
|j| dilf huntr
|
|t:|1760460992
|switch|p2a: Miyuki Takara|Corviknight, F|100/100
|-ability|p2a: Miyuki Takara|Pressure
|move|p1a: R.E.G.R.E.M.I.X|Thunderbolt|p2a: Miyuki Takara
|-supereffective|p2a: Miyuki Takara
|-damage|p2a: Miyuki Takara|27/100
|
|upkeep
|turn|3
|
|t:|1760461004
|switch|p1a: Quack Sabbath|Quaquaval, M|100/100
|move|p2a: Miyuki Takara|U-turn|p1a: Quack Sabbath
|-resisted|p1a: Quack Sabbath
|-damage|p1a: Quack Sabbath|94/100
|
|t:|1760461031
|switch|p2a: Konata Izumi|Slowking-Galar, F|100/100|[from] U-turn
|
|-heal|p1a: Quack Sabbath|99/100|[from] item: Leftovers
|upkeep
|turn|4
|
|t:|1760461038
|switch|p1a: R.E.G.R.E.M.I.X|Regigigas, shiny|54/100
|-start|p1a: R.E.G.R.E.M.I.X|ability: Slow Start
|move|p2a: Konata Izumi|Psychic Noise|p1a: R.E.G.R.E.M.I.X
|-damage|p1a: R.E.G.R.E.M.I.X|32/100
|-start|p1a: R.E.G.R.E.M.I.X|move: Heal Block
|
|upkeep
|turn|5
|
|t:|1760461070
|move|p2a: Konata Izumi|Sludge Bomb|p1a: R.E.G.R.E.M.I.X
|-damage|p1a: R.E.G.R.E.M.I.X|8/100
|move|p1a: R.E.G.R.E.M.I.X|Knock Off|p2a: Konata Izumi
|-supereffective|p2a: Konata Izumi
|-damage|p2a: Konata Izumi|77/100
|-enditem|p2a: Konata Izumi|Assault Vest|[from] move: Knock Off|[of] p1a: R.E.G.R.E.M.I.X
|
|-end|p1a: R.E.G.R.E.M.I.X|move: Heal Block
|upkeep
|turn|6
|
|t:|1760461078
|move|p2a: Konata Izumi|Flamethrower|p1a: R.E.G.R.E.M.I.X
|-damage|p1a: R.E.G.R.E.M.I.X|0 fnt
|faint|p1a: R.E.G.R.E.M.I.X
|
|upkeep
|
|t:|1760461087
|switch|p1a: Irönhead|Kingambit, F|100/100
|-item|p1a: Irönhead|Air Balloon
|turn|7
|
|t:|1760461093
|switch|p2a: Miyuki Takara|Corviknight, F|27/100
|-ability|p2a: Miyuki Takara|Pressure
|move|p1a: Irönhead|Stealth Rock|p2a: Miyuki Takara
|-sidestart|p2: WeR#4Hay!|move: Stealth Rock
|
|upkeep
|turn|8
|
|t:|1760461097
|switch|p1a: Quack Sabbath|Quaquaval, M|99/100
|move|p2a: Miyuki Takara|Roost|p2a: Miyuki Takara
|-heal|p2a: Miyuki Takara|77/100
|-singleturn|p2a: Miyuki Takara|move: Roost
|
|-heal|p1a: Quack Sabbath|100/100|[from] item: Leftovers
|upkeep
|turn|9
|
|t:|1760461111
|switch|p2a: Konata Izumi|Slowking-Galar, F|100/100
|-damage|p2a: Konata Izumi|88/100|[from] Stealth Rock
|move|p1a: Quack Sabbath|Encore||[still]
|-fail|p1a: Quack Sabbath
|
|upkeep
|turn|10
|
|t:|1760461120
|switch|p1a: Irönhead|Kingambit, F|100/100
|-item|p1a: Irönhead|Air Balloon
|move|p2a: Konata Izumi|Psychic Noise|p1a: Irönhead
|-immune|p1a: Irönhead
|
|upkeep
|turn|11
|
|t:|1760461145
|switch|p1a: Quack Sabbath|Quaquaval, M|100/100
|-item|p1a: Quack Sabbath|Air Balloon
|switch|p2a: Miyuki Takara|Corviknight, F|77/100
|-damage|p2a: Miyuki Takara|65/100|[from] Stealth Rock
|-ability|p2a: Miyuki Takara|Pressure
|
|upkeep
|turn|12
|j| Le Bouquetin
|
|t:|1760461165
|switch|p2a: Tsukasa Hiiragi|Darkrai|100/100
|-damage|p2a: Tsukasa Hiiragi|88/100|[from] Stealth Rock
|move|p1a: Quack Sabbath|Nasty Plot|p1a: Quack Sabbath
|-boost|p1a: Quack Sabbath|spa|2
|
|upkeep
|turn|13
|
|t:|1760461171
|switch|p1a: Irönhead|Kingambit, F|100/100
|-item|p1a: Irönhead|Air Balloon
|move|p2a: Tsukasa Hiiragi|Dark Pulse|p1a: Irönhead
|-resisted|p1a: Irönhead
|-damage|p1a: Irönhead|79/100
|-enditem|p1a: Irönhead|Air Balloon
|
|upkeep
|turn|14
|
|t:|1760461187
|switch|p2a: Miyuki Takara|Corviknight, F|65/100
|-damage|p2a: Miyuki Takara|53/100|[from] Stealth Rock
|-ability|p2a: Miyuki Takara|Pressure
|move|p1a: Irönhead|Thief|p2a: Miyuki Takara
|-damage|p2a: Miyuki Takara|31/100
|-damage|p1a: Irönhead|62/100|[from] item: Rocky Helmet|[of] p2a: Miyuki Takara
|-enditem|p2a: Miyuki Takara|Rocky Helmet|[silent]|[from] move: Thief|[of] p1a: Irönhead
|-item|p1a: Irönhead|Rocky Helmet|[from] move: Thief|[of] p2a: Miyuki Takara
|
|upkeep
|turn|15
|
|t:|1760461199
|switch|p1a: Quack Sabbath|Quaquaval, M|100/100
|move|p2a: Miyuki Takara|Roost|p2a: Miyuki Takara
|-heal|p2a: Miyuki Takara|81/100
|-singleturn|p2a: Miyuki Takara|move: Roost
|
|upkeep
|turn|16
|
|t:|1760461205
|switch|p2a: Konata Izumi|Slowking-Galar, F|100/100
|-damage|p2a: Konata Izumi|88/100|[from] Stealth Rock
|move|p1a: Quack Sabbath|Aqua Step|p2a: Konata Izumi
|-damage|p2a: Konata Izumi|58/100
|-boost|p1a: Quack Sabbath|spe|1
|
|upkeep
|turn|17
|
|t:|1760461211
|switch|p1a: Irönhead|Kingambit, F|62/100
|move|p2a: Konata Izumi|Psychic Noise|p1a: Irönhead
|-immune|p1a: Irönhead
|
|upkeep
|turn|18
|
|t:|1760461223
|switch|p2a: Minoru Shiraishi|Great Tusk|100/100
|move|p1a: Irönhead|Iron Head|p2a: Minoru Shiraishi
|-crit|p2a: Minoru Shiraishi
|-damage|p2a: Minoru Shiraishi|51/100
|
|upkeep
|turn|19
|
|t:|1760461232
|switch|p1a: Quack Sabbath|Quaquaval, M|100/100
|-item|p1a: Quack Sabbath|Air Balloon
|move|p2a: Minoru Shiraishi|Ice Spinner|p1a: Quack Sabbath
|-damage|p1a: Quack Sabbath|47/100
|replace|p1a: Linkin Zark|Zoroark-Hisui, M, shiny
|-end|p1a: Linkin Zark|Illusion
|-enditem|p1a: Linkin Zark|Air Balloon
|
|upkeep
|turn|20
|
|t:|1760461249
|-end|p2a: Minoru Shiraishi|Protosynthesis|[silent]
|switch|p2a: Akira Kogami|Lycanroc-Dusk, F|100/100
|-damage|p2a: Akira Kogami|88/100|[from] Stealth Rock
|move|p1a: Linkin Zark|Tera Blast|p2a: Akira Kogami
|-resisted|p2a: Akira Kogami
|-damage|p2a: Akira Kogami|52/100
|
|upkeep
|turn|21
|
|t:|1760461256
|switch|p1a: Steely Don|Great Tusk|100/100
|move|p2a: Akira Kogami|Accelerock|p1a: Steely Don
|-resisted|p1a: Steely Don
|-damage|p1a: Steely Don|92/100
|
|upkeep
|turn|22
|
|t:|1760461267
|switch|p2a: Miyuki Takara|Corviknight, F|81/100
|-damage|p2a: Miyuki Takara|69/100|[from] Stealth Rock
|-ability|p2a: Miyuki Takara|Pressure
|-end|p1a: Steely Don|Protosynthesis|[silent]
|switch|p1a: Irönhead|Kingambit, F|62/100
|
|upkeep
|turn|23
|
|t:|1760461289
|move|p2a: Miyuki Takara|Roost|p2a: Miyuki Takara
|-heal|p2a: Miyuki Takara|100/100
|-singleturn|p2a: Miyuki Takara|move: Roost
|move|p1a: Irönhead|Stealth Rock||[still]
|-fail|p1a: Irönhead
|
|upkeep
|turn|24
|
|t:|1760461293
|move|p2a: Miyuki Takara|Body Press|p1a: Irönhead
|-supereffective|p1a: Irönhead
|-damage|p1a: Irönhead|0 fnt
|-damage|p2a: Miyuki Takara|84/100|[from] item: Rocky Helmet|[of] p1a: Irönhead
|faint|p1a: Irönhead
|
|upkeep
|
|t:|1760461299
|switch|p1a: Quack Sabbath|Quaquaval, M|47/100
|turn|25
|
|t:|1760461395
|move|p1a: Quack Sabbath|Shadow Ball|p2a: Miyuki Takara
|-damage|p2a: Miyuki Takara|45/100
|move|p2a: Miyuki Takara|Brave Bird|p1a: Quack Sabbath
|-crit|p1a: Quack Sabbath
|-damage|p1a: Quack Sabbath|0 fnt
|replace|p1a: Linkin Zark|Zoroark-Hisui, M, shiny
|-end|p1a: Linkin Zark|Illusion
|faint|p1a: Linkin Zark
|-damage|p2a: Miyuki Takara|36/100|[from] Recoil
|
|upkeep
|
|t:|1760461411
|switch|p1a: Apacherunt|Pecharunt|100/100
|turn|26
|l| Le Bouquetin
|
|t:|1760461516
|move|p1a: Apacherunt|Parting Shot|p2a: Miyuki Takara
|-unboost|p2a: Miyuki Takara|atk|1
|-unboost|p2a: Miyuki Takara|spa|1
|
|t:|1760461523
|switch|p1a: Quack Sabbath|Quaquaval, M|100/100|[from] Parting Shot
|move|p2a: Miyuki Takara|Roost|p2a: Miyuki Takara
|-heal|p2a: Miyuki Takara|86/100
|-singleturn|p2a: Miyuki Takara|move: Roost
|
|upkeep
|turn|27
|
|t:|1760461530
|switch|p2a: Kagami Hiiragi|Volcanion|100/100
|move|p1a: Quack Sabbath|Bulk Up|p1a: Quack Sabbath
|-boost|p1a: Quack Sabbath|atk|1
|-boost|p1a: Quack Sabbath|def|1
|
|upkeep
|turn|28
|
|t:|1760461539
|move|p1a: Quack Sabbath|Bulk Up|p1a: Quack Sabbath
|-boost|p1a: Quack Sabbath|atk|1
|-boost|p1a: Quack Sabbath|def|1
|move|p2a: Kagami Hiiragi|Steam Eruption|p1a: Quack Sabbath
|-resisted|p1a: Quack Sabbath
|-damage|p1a: Quack Sabbath|61/100
|
|-heal|p1a: Quack Sabbath|67/100|[from] item: Leftovers
|upkeep
|turn|29
|
|t:|1760461541
|move|p1a: Quack Sabbath|Close Combat|p2a: Kagami Hiiragi
|-damage|p2a: Kagami Hiiragi|8/100
|-unboost|p1a: Quack Sabbath|def|1
|-unboost|p1a: Quack Sabbath|spd|1
|move|p2a: Kagami Hiiragi|Steam Eruption|p1a: Quack Sabbath
|-resisted|p1a: Quack Sabbath
|-damage|p1a: Quack Sabbath|3/100
|
|-heal|p1a: Quack Sabbath|9/100|[from] item: Leftovers
|upkeep
|turn|30
|
|t:|1760461553
|move|p1a: Quack Sabbath|Close Combat|p2a: Kagami Hiiragi
|-damage|p2a: Kagami Hiiragi|0 fnt
|-unboost|p1a: Quack Sabbath|def|1
|-unboost|p1a: Quack Sabbath|spd|1
|faint|p2a: Kagami Hiiragi
|-ability|p1a: Quack Sabbath|Moxie|boost
|-boost|p1a: Quack Sabbath|atk|1
|
|-heal|p1a: Quack Sabbath|15/100|[from] item: Leftovers
|upkeep
|
|t:|1760461555
|switch|p2a: Akira Kogami|Lycanroc-Dusk, F|52/100
|-damage|p2a: Akira Kogami|39/100|[from] Stealth Rock
|turn|31
|
|t:|1760461560
|switch|p1a: Steely Don|Great Tusk|92/100
|move|p2a: Akira Kogami|Accelerock|p1a: Steely Don
|-resisted|p1a: Steely Don
|-damage|p1a: Steely Don|85/100
|
|upkeep
|turn|32
|
|t:|1760461567
|switch|p2a: Miyuki Takara|Corviknight, F|86/100
|-damage|p2a: Miyuki Takara|74/100|[from] Stealth Rock
|-ability|p2a: Miyuki Takara|Pressure
|-end|p1a: Steely Don|Protosynthesis|[silent]
|switch|p1a: Apacherunt|Pecharunt|100/100
|
|upkeep
|turn|33
|
|t:|1760461575
|move|p1a: Apacherunt|Shadow Ball|p2a: Miyuki Takara
|-damage|p2a: Miyuki Takara|49/100
|move|p2a: Miyuki Takara|U-turn|p1a: Apacherunt
|-resisted|p1a: Apacherunt
|-damage|p1a: Apacherunt|99/100
|
|t:|1760461579
|switch|p2a: Tsukasa Hiiragi|Darkrai|88/100|[from] U-turn
|-damage|p2a: Tsukasa Hiiragi|76/100|[from] Stealth Rock
|
|upkeep
|turn|34
|
|t:|1760461581
|-terastallize|p1a: Apacherunt|Dark
|move|p2a: Tsukasa Hiiragi|Dark Pulse|p1a: Apacherunt
|-resisted|p1a: Apacherunt
|-damage|p1a: Apacherunt|77/100
|move|p1a: Apacherunt|Toxic|p2a: Tsukasa Hiiragi
|-status|p2a: Tsukasa Hiiragi|tox
|-start|p2a: Tsukasa Hiiragi|confusion|[from] ability: Poison Puppeteer|[of] p1a: Apacherunt
|
|-damage|p2a: Tsukasa Hiiragi|70/100 tox|[from] psn
|upkeep
|turn|35
|
|t:|1760461589
|switch|p2a: Minoru Shiraishi|Great Tusk|51/100
|move|p1a: Apacherunt|Parting Shot|p2a: Minoru Shiraishi
|-unboost|p2a: Minoru Shiraishi|atk|1
|-unboost|p2a: Minoru Shiraishi|spa|1
|
|t:|1760461593
|switch|p1a: Quack Sabbath|Quaquaval, M|15/100|[from] Parting Shot
|
|-heal|p1a: Quack Sabbath|21/100|[from] item: Leftovers
|upkeep
|turn|36
|
|t:|1760461605
|switch|p1a: Steely Don|Great Tusk|85/100
|move|p2a: Minoru Shiraishi|Headlong Rush|p1a: Steely Don
|-damage|p1a: Steely Don|55/100
|-unboost|p2a: Minoru Shiraishi|def|1
|-unboost|p2a: Minoru Shiraishi|spd|1
|
|upkeep
|turn|37
|
|t:|1760461620
|move|p1a: Steely Don|Headlong Rush|p2a: Minoru Shiraishi
|-damage|p2a: Minoru Shiraishi|0 fnt
|-unboost|p1a: Steely Don|def|1
|-unboost|p1a: Steely Don|spd|1
|faint|p2a: Minoru Shiraishi
|-end|p2a: Minoru Shiraishi|Protosynthesis|[silent]
|
|upkeep
|
|t:|1760461683
|switch|p2a: Miyuki Takara|Corviknight, F|49/100
|-damage|p2a: Miyuki Takara|36/100|[from] Stealth Rock
|-ability|p2a: Miyuki Takara|Pressure
|turn|38
|
|t:|1760461691
|-end|p1a: Steely Don|Protosynthesis|[silent]
|switch|p1a: Quack Sabbath|Quaquaval, M|21/100
|move|p2a: Miyuki Takara|Roost|p2a: Miyuki Takara
|-heal|p2a: Miyuki Takara|86/100
|-singleturn|p2a: Miyuki Takara|move: Roost
|
|-heal|p1a: Quack Sabbath|28/100|[from] item: Leftovers
|upkeep
|turn|39
|
|t:|1760461701
|switch|p2a: Konata Izumi|Slowking-Galar, F|92/100
|-damage|p2a: Konata Izumi|79/100|[from] Stealth Rock
|move|p1a: Quack Sabbath|Encore||[still]
|-fail|p1a: Quack Sabbath
|
|-heal|p1a: Quack Sabbath|34/100|[from] item: Leftovers
|upkeep
|turn|40
|
|t:|1760461709
|switch|p1a: Apacherunt|Pecharunt, tera:Dark|77/100
|move|p2a: Konata Izumi|Sludge Bomb|p1a: Apacherunt
|-damage|p1a: Apacherunt|41/100
|
|upkeep
|turn|41
|
|t:|1760461718
|switch|p2a: Tsukasa Hiiragi|Darkrai|70/100 tox
|-damage|p2a: Tsukasa Hiiragi|57/100 tox|[from] Stealth Rock
|move|p1a: Apacherunt|Parting Shot|p2a: Tsukasa Hiiragi
|-unboost|p2a: Tsukasa Hiiragi|atk|1
|-unboost|p2a: Tsukasa Hiiragi|spa|1
|
|t:|1760461721
|switch|p1a: Quack Sabbath|Quaquaval, M|34/100|[from] Parting Shot
|
|-heal|p1a: Quack Sabbath|40/100|[from] item: Leftovers
|-damage|p2a: Tsukasa Hiiragi|51/100 tox|[from] psn
|upkeep
|turn|42
|
|t:|1760461731
|switch|p1a: Steely Don|Great Tusk|55/100
|move|p2a: Tsukasa Hiiragi|Trick|p1a: Steely Don
|-activate|p2a: Tsukasa Hiiragi|move: Trick|[of] p1a: Steely Don
|-item|p1a: Steely Don|Choice Scarf|[from] move: Trick
|-item|p2a: Tsukasa Hiiragi|Heavy-Duty Boots|[from] move: Trick
|
|-damage|p2a: Tsukasa Hiiragi|39/100 tox|[from] psn
|upkeep
|turn|43
|
|t:|1760461741
|-end|p1a: Steely Don|Protosynthesis|[silent]
|switch|p1a: Apacherunt|Pecharunt, tera:Dark|41/100
|switch|p2a: Miyuki Takara|Corviknight, F|86/100
|-damage|p2a: Miyuki Takara|74/100|[from] Stealth Rock
|-ability|p2a: Miyuki Takara|Pressure
|
|upkeep
|turn|44
|
|t:|1760461745
|move|p1a: Apacherunt|Recover|p1a: Apacherunt
|-heal|p1a: Apacherunt|91/100
|move|p2a: Miyuki Takara|U-turn|p1a: Apacherunt
|-supereffective|p1a: Apacherunt
|-damage|p1a: Apacherunt|79/100
|
|t:|1760461747
|switch|p2a: Akira Kogami|Lycanroc-Dusk, F|39/100|[from] U-turn
|-damage|p2a: Akira Kogami|27/100|[from] Stealth Rock
|
|upkeep
|turn|45
|
|t:|1760461754
|move|p2a: Akira Kogami|Close Combat|p1a: Apacherunt
|-supereffective|p1a: Apacherunt
|-damage|p1a: Apacherunt|7/100
|-unboost|p2a: Akira Kogami|def|1
|-unboost|p2a: Akira Kogami|spd|1
|move|p1a: Apacherunt|Shadow Ball|p2a: Akira Kogami
|-damage|p2a: Akira Kogami|0 fnt
|faint|p2a: Akira Kogami
|
|upkeep
|
|t:|1760461761
|switch|p2a: Tsukasa Hiiragi|Darkrai|39/100 tox
|turn|46
|
|t:|1760461766
|switch|p1a: Steely Don|Great Tusk|55/100
|move|p2a: Tsukasa Hiiragi|Ice Beam|p1a: Steely Don
|-supereffective|p1a: Steely Don
|-damage|p1a: Steely Don|0 fnt
|faint|p1a: Steely Don
|-end|p1a: Steely Don|Protosynthesis|[silent]
|
|-damage|p2a: Tsukasa Hiiragi|33/100 tox|[from] psn
|upkeep
|
|t:|1760461771
|switch|p1a: Quack Sabbath|Quaquaval, M|40/100
|turn|47
|
|t:|1760461786
|move|p2a: Tsukasa Hiiragi|Will-O-Wisp|p1a: Quack Sabbath
|-status|p1a: Quack Sabbath|brn
|move|p1a: Quack Sabbath|Aqua Step|p2a: Tsukasa Hiiragi
|-damage|p2a: Tsukasa Hiiragi|7/100 tox
|-boost|p1a: Quack Sabbath|spe|1
|
|-heal|p1a: Quack Sabbath|46/100 brn|[from] item: Leftovers
|-damage|p2a: Tsukasa Hiiragi|0 fnt|[from] psn
|faint|p2a: Tsukasa Hiiragi
|-damage|p1a: Quack Sabbath|40/100 brn|[from] brn
|upkeep
|
|t:|1760461797
|switch|p2a: Konata Izumi|Slowking-Galar, F|100/100
|-damage|p2a: Konata Izumi|88/100|[from] Stealth Rock
|turn|48
|
|t:|1760461809
|move|p1a: Quack Sabbath|Aqua Step|p2a: Konata Izumi
|-damage|p2a: Konata Izumi|75/100
|-boost|p1a: Quack Sabbath|spe|1
|move|p2a: Konata Izumi|Sludge Bomb|p1a: Quack Sabbath
|-damage|p1a: Quack Sabbath|0 fnt
|faint|p1a: Quack Sabbath
|
|upkeep
|
|t:|1760461814
|switch|p1a: Apacherunt|Pecharunt, tera:Dark|7/100
|turn|49
|
|t:|1760461816
|move|p1a: Apacherunt|Recover|p1a: Apacherunt
|-heal|p1a: Apacherunt|57/100
|move|p2a: Konata Izumi|Sludge Bomb|p1a: Apacherunt
|-damage|p1a: Apacherunt|25/100
|-status|p1a: Apacherunt|psn
|
|-damage|p1a: Apacherunt|13/100 psn|[from] psn
|upkeep
|turn|50
|-message|Swagataka forfeited.
|
|win|WeR#4Hay!
|raw|Swagataka's rating: 1642 &rarr; <strong>1620</strong><br />(-22 for losing)
|raw|WeR#4Hay!'s rating: 1601 &rarr; <strong>1623</strong><br />(+22 for winning)
|l|☆Swagataka
|player|p1|
