|j|☆Toastey one
|j|☆shxrtii
|t:|1760449763
|gametype|singles
|player|p1|Toastey one|102|1095
|player|p2|shxrtii|volkner|1133
|gen|9
|tier|[Gen 9] OU
|rated|
|rule|HP Percentage Mod: HP is shown in percentages
|rule|Endless Battle Clause: Forcing endless battles is banned
|rule|Species Clause: Limit one of each Pokémon
|rule|OHKO Clause: OHKO moves are banned
|rule|Evasion Items Clause: Evasion items are banned
|rule|Evasion Moves Clause: Evasion moves are banned
|rule|Evasion Abilities Clause: Evasion abilities are banned
|rule|Sleep Moves Clause: Sleep-inducing moves are banned
|clearpoke
|poke|p1|Darkrai|
|poke|p1|Gholdengo|
|poke|p1|Golem, M|
|poke|p1|Scyther, F|
|poke|p1|Dondozo, F|
|poke|p1|Noivern, M|
|poke|p2|Gliscor, F|
|poke|p2|Gholdengo|
|poke|p2|Ceruledge, M|
|poke|p2|Ogerpon-Wellspring, F|
|poke|p2|Darkrai|
|poke|p2|Clefable, F|
|teampreview
|inactive|Battle timer is ON: inactive players will automatically lose when time's up. (requested by shxrtii)
|
|t:|1760449780
|teamsize|p1|6
|teamsize|p2|6
|start
|switch|p1a: Darkrai|Darkrai|100/100
|switch|p2a: Gliscor|Gliscor, F|100/100
|turn|1
|
|t:|1760449788
|move|p2a: Gliscor|Protect|p2a: Gliscor
|-singleturn|p2a: Gliscor|Protect
|move|p1a: Darkrai|Will-O-Wisp|p2a: Gliscor
|-activate|p2a: Gliscor|move: Protect
|
|-status|p2a: Gliscor|tox|[from] item: Toxic Orb
|upkeep
|turn|2
|
|t:|1760449801
|switch|p1a: Noivern|Noivern, M|100/100
|move|p2a: Gliscor|Fling|p1a: Noivern
|-damage|p1a: Noivern|89/100
|-status|p1a: Noivern|tox
|-enditem|p2a: Gliscor|Toxic Orb|[from] move: Fling
|
|-damage|p1a: Noivern|83/100 tox|[from] psn
|upkeep
|turn|3
|
|t:|1760449813
|move|p1a: Noivern|Dragon Pulse|p2a: Gliscor
|-damage|p2a: Gliscor|50/100 tox
|move|p2a: Gliscor|Acrobatics|p1a: Noivern
|-damage|p1a: Noivern|22/100 tox
|
|-damage|p1a: Noivern|10/100 tox|[from] psn
|-heal|p2a: Gliscor|62/100 tox|[from] ability: Poison Heal
|upkeep
|turn|4
|
|t:|1760449820
|move|p2a: Gliscor|Protect|p2a: Gliscor
|-singleturn|p2a: Gliscor|Protect
|move|p1a: Noivern|Roost|p1a: Noivern
|-heal|p1a: Noivern|60/100 tox
|-singleturn|p1a: Noivern|move: Roost
|
|-damage|p1a: Noivern|42/100 tox|[from] psn
|-heal|p2a: Gliscor|74/100 tox|[from] ability: Poison Heal
|upkeep
|turn|5
|
|t:|1760449825
|move|p1a: Noivern|Dragon Pulse|p2a: Gliscor
|-damage|p2a: Gliscor|18/100 tox
|move|p2a: Gliscor|Acrobatics|p1a: Noivern
|-damage|p1a: Noivern|0 fnt
|faint|p1a: Noivern
|
|-heal|p2a: Gliscor|31/100 tox|[from] ability: Poison Heal
|upkeep
|
|t:|1760449829
|switch|p1a: Golem|Golem, M|100/100
|turn|6
|
|t:|1760449834
|move|p2a: Gliscor|Earthquake|p1a: Golem
|-supereffective|p1a: Golem
|-damage|p1a: Golem|41/100
|move|p1a: Golem|Stealth Rock|p2a: Gliscor
|-sidestart|p2: shxrtii|move: Stealth Rock
|
|-heal|p2a: Gliscor|43/100 tox|[from] ability: Poison Heal
|upkeep
|turn|7
|
|t:|1760449840
|move|p2a: Gliscor|Earthquake|p1a: Golem
|-supereffective|p1a: Golem
|-damage|p1a: Golem|0 fnt
|faint|p1a: Golem
|
|-heal|p2a: Gliscor|55/100 tox|[from] ability: Poison Heal
|upkeep
|
|t:|1760449844
|switch|p1a: Darkrai|Darkrai|100/100
|turn|8
|
|t:|1760449852
|move|p1a: Darkrai|Nasty Plot|p1a: Darkrai
|-boost|p1a: Darkrai|spa|2
|move|p2a: Gliscor|Acrobatics|p1a: Darkrai
|-damage|p1a: Darkrai|42/100
|
|-heal|p2a: Gliscor|68/100 tox|[from] ability: Poison Heal
|upkeep
|turn|9
|
|t:|1760449859
|move|p1a: Darkrai|Dark Pulse|p2a: Gliscor
|-damage|p2a: Gliscor|0 fnt
|faint|p2a: Gliscor
|
|upkeep
|
|t:|1760449864
|switch|p2a: Clefable|Clefable, F|100/100
|-damage|p2a: Clefable|88/100|[from] Stealth Rock
|turn|10
|
|t:|1760449869
|-terastallize|p1a: Darkrai|Poison
|move|p1a: Darkrai|Sludge Bomb|p2a: Clefable
|-supereffective|p2a: Clefable
|-damage|p2a: Clefable|0 fnt
|faint|p2a: Clefable
|
|upkeep
|
|t:|1760449874
|switch|p2a: Gholdengo|Gholdengo|100/100
|-damage|p2a: Gholdengo|94/100|[from] Stealth Rock
|turn|11
|
|t:|1760449880
|move|p2a: Gholdengo|Thunder Wave|p1a: Darkrai
|-status|p1a: Darkrai|par
|move|p1a: Darkrai|Dark Pulse|p2a: Gholdengo
|-supereffective|p2a: Gholdengo
|-damage|p2a: Gholdengo|0 fnt
|faint|p2a: Gholdengo
|
|upkeep
|
|t:|1760449888
|switch|p2a: Darkrai|Darkrai|100/100
|-damage|p2a: Darkrai|88/100|[from] Stealth Rock
|turn|12
|
|t:|1760449893
|move|p2a: Darkrai|Dark Pulse|p1a: Darkrai
|-damage|p1a: Darkrai|0 fnt
|faint|p1a: Darkrai
|-damage|p2a: Darkrai|78/100|[from] item: Life Orb
|
|upkeep
|
|t:|1760449906
|switch|p1a: Gholdengo|Gholdengo|100/100
|turn|13
|
|t:|1760449914
|move|p2a: Darkrai|Hex|p1a: Gholdengo
|-supereffective|p1a: Gholdengo
|-damage|p1a: Gholdengo|45/100
|-damage|p2a: Darkrai|68/100|[from] item: Life Orb
|move|p1a: Gholdengo|Thunder Wave|p2a: Darkrai
|-status|p2a: Darkrai|par
|
|-heal|p1a: Gholdengo|52/100|[from] item: Leftovers
|upkeep
|turn|14
|
|t:|1760449938
|move|p1a: Gholdengo|Recover|p1a: Gholdengo
|-heal|p1a: Gholdengo|100/100
|move|p2a: Darkrai|Dark Pulse|p1a: Gholdengo
|-supereffective|p1a: Gholdengo
|-damage|p1a: Gholdengo|9/100
|-damage|p2a: Darkrai|58/100 par|[from] item: Life Orb
|
|-heal|p1a: Gholdengo|15/100|[from] item: Leftovers
|upkeep
|turn|15
|
|t:|1760449948
|move|p1a: Gholdengo|Make It Rain|p2a: Darkrai
|-damage|p2a: Darkrai|0 fnt
|-unboost|p1a: Gholdengo|spa|1
|faint|p2a: Darkrai
|
|-heal|p1a: Gholdengo|21/100|[from] item: Leftovers
|upkeep
|
|t:|1760449953
|switch|p2a: Ceruledge|Ceruledge, M|100/100
|-damage|p2a: Ceruledge|76/100|[from] Stealth Rock
|turn|16
|
|t:|1760449961
|move|p2a: Ceruledge|Bitter Blade|p1a: Gholdengo
|-supereffective|p1a: Gholdengo
|-damage|p1a: Gholdengo|0 fnt
|-heal|p2a: Ceruledge|89/100|[from] drain|[of] p1a: Gholdengo
|faint|p1a: Gholdengo
|
|upkeep
|
|t:|1760449967
|switch|p1a: Scyther|Scyther, F|100/100
|turn|17
|
|t:|1760449973
|move|p1a: Scyther|Dual Wingbeat|p2a: Ceruledge
|-damage|p2a: Ceruledge|57/100
|-ability|p2a: Ceruledge|Weak Armor|boost
|-unboost|p2a: Ceruledge|def|1
|-boost|p2a: Ceruledge|spe|2
|-damage|p2a: Ceruledge|11/100
|-ability|p2a: Ceruledge|Weak Armor|boost
|-unboost|p2a: Ceruledge|def|1
|-boost|p2a: Ceruledge|spe|2
|-hitcount|p2a: Ceruledge|2
|move|p2a: Ceruledge|Bulk Up|p2a: Ceruledge
|-boost|p2a: Ceruledge|atk|1
|-boost|p2a: Ceruledge|def|1
|
|upkeep
|turn|18
|
|t:|1760449985
|switch|p1a: Dondozo|Dondozo, F|100/100
|move|p2a: Ceruledge|Bitter Blade|p1a: Dondozo
|-resisted|p1a: Dondozo
|-damage|p1a: Dondozo|88/100
|-heal|p2a: Ceruledge|22/100|[from] drain|[of] p1a: Dondozo
|
|-heal|p1a: Dondozo|95/100|[from] item: Leftovers
|upkeep
|turn|19
|
|t:|1760449991
|move|p2a: Ceruledge|Poltergeist|p1a: Dondozo
|-activate|p1a: Dondozo|move: Poltergeist|Leftovers
|-damage|p1a: Dondozo|66/100
|move|p1a: Dondozo|Earthquake|p2a: Ceruledge
|-supereffective|p2a: Ceruledge
|-damage|p2a: Ceruledge|0 fnt
|faint|p2a: Ceruledge
|
|-heal|p1a: Dondozo|72/100|[from] item: Leftovers
|upkeep
|
|t:|1760449997
|switch|p2a: Ogerpon|Ogerpon-Wellspring, F|100/100
|-damage|p2a: Ogerpon|88/100|[from] Stealth Rock
|turn|20
|
|t:|1760450001
|move|p2a: Ogerpon|Swords Dance|p2a: Ogerpon
|-boost|p2a: Ogerpon|atk|2
|move|p1a: Dondozo|Curse|p1a: Dondozo
|-unboost|p1a: Dondozo|spe|1
|-boost|p1a: Dondozo|atk|1
|-boost|p1a: Dondozo|def|1
|
|-heal|p1a: Dondozo|78/100|[from] item: Leftovers
|upkeep
|turn|21
|
|t:|1760450006
|move|p2a: Ogerpon|Horn Leech|p1a: Dondozo
|-supereffective|p1a: Dondozo
|-damage|p1a: Dondozo|46/100
|-heal|p2a: Ogerpon|100/100|[from] drain|[of] p1a: Dondozo
|move|p1a: Dondozo|Earthquake|p2a: Ogerpon
|-resisted|p2a: Ogerpon
|-damage|p2a: Ogerpon|76/100
|
|-heal|p1a: Dondozo|52/100|[from] item: Leftovers
|upkeep
|turn|22
|
|t:|1760450012
|move|p2a: Ogerpon|Horn Leech|p1a: Dondozo
|-supereffective|p1a: Dondozo
|-damage|p1a: Dondozo|17/100
|-heal|p2a: Ogerpon|100/100|[from] drain|[of] p1a: Dondozo
|move|p1a: Dondozo|Curse|p1a: Dondozo
|-unboost|p1a: Dondozo|spe|1
|-boost|p1a: Dondozo|atk|1
|-boost|p1a: Dondozo|def|1
|
|-heal|p1a: Dondozo|23/100|[from] item: Leftovers
|upkeep
|turn|23
|
|t:|1760450019
|move|p2a: Ogerpon|Knock Off|p1a: Dondozo
|-damage|p1a: Dondozo|11/100
|-enditem|p1a: Dondozo|Leftovers|[from] move: Knock Off|[of] p2a: Ogerpon
|move|p1a: Dondozo|Earthquake|p2a: Ogerpon
|-resisted|p2a: Ogerpon
|-damage|p2a: Ogerpon|71/100
|
|upkeep
|turn|24
|
|t:|1760450026
|move|p2a: Ogerpon|Horn Leech|p1a: Dondozo
|-supereffective|p1a: Dondozo
|-damage|p1a: Dondozo|0 fnt
|-heal|p2a: Ogerpon|80/100|[from] drain|[of] p1a: Dondozo
|faint|p1a: Dondozo
|
|upkeep
|
|t:|1760450029
|switch|p1a: Scyther|Scyther, F|100/100
|turn|25
|
|t:|1760450033
|-terastallize|p2a: Ogerpon|Water
|detailschange|p2a: Ogerpon|Ogerpon-Wellspring-Tera, F, tera:Water
|-ability|p2a: Ogerpon|Embody Aspect (Wellspring)|boost
|-boost|p2a: Ogerpon|spd|1
|move|p2a: Ogerpon|Ivy Cudgel|p1a: Scyther|[anim] Ivy Cudgel Water
|-damage|p1a: Scyther|0 fnt
|faint|p1a: Scyther
|
|win|shxrtii
|raw|Toastey one's rating: 1095 &rarr; <strong>1073</strong><br />(-22 for losing)
|raw|shxrtii's rating: 1133 &rarr; <strong>1155</strong><br />(+22 for winning)
|l|☆Toastey one
|player|p1|
|l|☆shxrtii
|player|p2|
