|j|☆St. Godsend
|j|☆RocketGruntLudwig
|t:|1760456943
|gametype|singles
|player|p1|St. Godsend|elesa-masters2|1298
|player|p2|RocketGruntLudwig|rocketgrunt|1306
|gen|9
|tier|[Gen 9] OU
|rated|
|rule|HP Percentage Mod: HP is shown in percentages
|rule|Endless Battle Clause: Forcing endless battles is banned
|rule|Species Clause: Limit one of each Pokémon
|rule|OHKO Clause: OHKO moves are banned
|rule|Evasion Items Clause: Evasion items are banned
|rule|Evasion Moves Clause: Evasion moves are banned
|rule|Evasion Abilities Clause: Evasion abilities are banned
|rule|Sleep Moves Clause: Sleep-inducing moves are banned
|clearpoke
|poke|p1|Ogerpon, F|
|poke|p1|Walking Wake|
|poke|p1|Blissey, F|
|poke|p1|Gliscor, M|
|poke|p1|Corviknight, F|
|poke|p1|Pecharunt|
|poke|p2|Ting-Lu|
|poke|p2|Gholdengo|
|poke|p2|Ribombee, F|
|poke|p2|Zoroark-Hisui, F|
|poke|p2|Garganacl, M|
|poke|p2|Glimmora, F|
|teampreview
|inactive|Battle timer is ON: inactive players will automatically lose when time's up. (requested by St. Godsend)
|
|t:|1760456958
|teamsize|p1|6
|teamsize|p2|6
|start
|switch|p1a: Hero of Hell|Gliscor, M|100/100
|switch|p2a: Glimm|Glimmora, F|100/100
|turn|1
|
|t:|1760456961
|move|p1a: Hero of Hell|Protect|p1a: Hero of Hell
|-singleturn|p1a: Hero of Hell|Protect
|move|p2a: Glimm|Knock Off|p1a: Hero of Hell
|-activate|p1a: Hero of Hell|move: Protect
|
|-status|p1a: Hero of Hell|tox|[from] item: Toxic Orb
|upkeep
|turn|2
|c|☆RocketGruntLudwig|...
|c|☆RocketGruntLudwig|good call.
|
|t:|1760456978
|move|p2a: Glimm|U-turn|p1a: Hero of Hell
|-resisted|p1a: Hero of Hell
|-damage|p1a: Hero of Hell|91/100 tox
|-damage|p2a: Glimm|91/100|[from] item: Life Orb
|
|t:|1760456981
|switch|p2a: Vi|Ribombee, F|100/100|[from] U-turn
|move|p1a: Hero of Hell|Spikes|p2a: Vi
|-sidestart|p2: RocketGruntLudwig|Spikes
|
|-heal|p1a: Hero of Hell|100/100 tox|[from] ability: Poison Heal
|upkeep
|turn|3
|
|t:|1760456990
|move|p2a: Vi|Sticky Web|p1a: Hero of Hell
|-sidestart|p1: St. Godsend|move: Sticky Web
|move|p1a: Hero of Hell|Toxic|p2a: Vi
|-status|p2a: Vi|tox
|
|-damage|p2a: Vi|94/100 tox|[from] psn
|upkeep
|turn|4
|
|t:|1760456993
|move|p2a: Vi|Moonblast|p1a: Hero of Hell
|-damage|p1a: Hero of Hell|63/100 tox
|move|p1a: Hero of Hell|Spikes|p2a: Vi
|-sidestart|p2: RocketGruntLudwig|Spikes
|
|-damage|p2a: Vi|82/100 tox|[from] psn
|-heal|p1a: Hero of Hell|75/100 tox|[from] ability: Poison Heal
|upkeep
|turn|5
|
|t:|1760457000
|move|p1a: Hero of Hell|Protect|p1a: Hero of Hell
|-singleturn|p1a: Hero of Hell|Protect
|move|p2a: Vi|Psychic Noise|p1a: Hero of Hell
|-activate|p1a: Hero of Hell|move: Protect
|
|-damage|p2a: Vi|64/100 tox|[from] psn
|-heal|p1a: Hero of Hell|88/100 tox|[from] ability: Poison Heal
|upkeep
|turn|6
|
|t:|1760457006
|switch|p2a: Salt DK|Garganacl, M|100/100
|-damage|p2a: Salt DK|84/100|[from] Spikes
|switch|p1a: Angel Devil|Blissey, F|100/100
|
|-heal|p2a: Salt DK|90/100|[from] item: Leftovers
|upkeep
|turn|7
|
|t:|1760457009
|move|p1a: Angel Devil|Stealth Rock|p2a: Salt DK
|-sidestart|p2: RocketGruntLudwig|move: Stealth Rock
|move|p2a: Salt DK|Stealth Rock|p1a: Angel Devil
|-sidestart|p1: St. Godsend|move: Stealth Rock
|
|-heal|p2a: Salt DK|96/100|[from] item: Leftovers
|upkeep
|turn|8
|
|t:|1760457017
|move|p1a: Angel Devil|Seismic Toss|p2a: Salt DK
|-damage|p2a: Salt DK|72/100
|move|p2a: Salt DK|Salt Cure|p1a: Angel Devil
|-damage|p1a: Angel Devil|86/100
|-start|p1a: Angel Devil|Salt Cure
|
|-heal|p2a: Salt DK|78/100|[from] item: Leftovers
|-damage|p1a: Angel Devil|74/100|[from] Salt Cure
|upkeep
|turn|9
|
|t:|1760457022
|move|p1a: Angel Devil|Seismic Toss|p2a: Salt DK
|-damage|p2a: Salt DK|53/100
|move|p2a: Salt DK|Salt Cure|p1a: Angel Devil
|-damage|p1a: Angel Devil|59/100
|
|-heal|p2a: Salt DK|59/100|[from] item: Leftovers
|-damage|p1a: Angel Devil|47/100|[from] Salt Cure
|upkeep
|turn|10
|
|t:|1760457027
|switch|p1a: Closure|Walking Wake|100/100
|move|p2a: Salt DK|Recover|p2a: Salt DK
|-heal|p2a: Salt DK|100/100
|
|upkeep
|turn|11
|
|t:|1760457031
|move|p1a: Closure|Substitute|p1a: Closure
|-start|p1a: Closure|Substitute
|-damage|p1a: Closure|76/100
|move|p2a: Salt DK|Salt Cure|p1a: Closure
|-activate|p1a: Closure|move: Substitute|[damage]
|
|upkeep
|turn|12
|c|☆RocketGruntLudwig|wait
|c|☆RocketGruntLudwig|are they all boots
|
|t:|1760457048
|move|p1a: Closure|Knock Off|p2a: Salt DK
|-damage|p2a: Salt DK|90/100
|-enditem|p2a: Salt DK|Leftovers|[from] move: Knock Off|[of] p1a: Closure
|move|p2a: Salt DK|Salt Cure|p1a: Closure
|-end|p1a: Closure|Substitute
|
|upkeep
|turn|13
|
|t:|1760457055
|switch|p2a: Vi|Ribombee, F|64/100 tox
|move|p1a: Closure|Substitute|p1a: Closure
|-start|p1a: Closure|Substitute
|-damage|p1a: Closure|51/100
|
|-damage|p2a: Vi|58/100 tox|[from] psn
|upkeep
|turn|14
|
|t:|1760457058
|move|p2a: Vi|Psychic Noise|p1a: Closure
|-damage|p1a: Closure|26/100
|-start|p1a: Closure|move: Heal Block
|move|p1a: Closure|Surf|p2a: Vi
|-damage|p2a: Vi|0 fnt
|faint|p2a: Vi
|
|upkeep
|
|t:|1760457075
|switch|p2a: Ling-2|Ting-Lu|100/100
|-damage|p2a: Ling-2|84/100|[from] Spikes
|-damage|p2a: Ling-2|78/100|[from] Stealth Rock
|-ability|p2a: Ling-2|Vessel of Ruin
|turn|15
|
|t:|1760457079
|move|p1a: Closure|Surf|p2a: Ling-2
|-supereffective|p2a: Ling-2
|-damage|p2a: Ling-2|19/100
|move|p2a: Ling-2|Whirlwind|p1a: Closure
|-end|p1a: Closure|Protosynthesis|[silent]
|drag|p1a: Hero of Hell|Gliscor, M|88/100 tox
|-damage|p1a: Hero of Hell|75/100 tox|[from] Stealth Rock
|
|-heal|p2a: Ling-2|25/100|[from] item: Leftovers
|-heal|p1a: Hero of Hell|88/100 tox|[from] ability: Poison Heal
|upkeep
|turn|16
|
|t:|1760457087
|move|p2a: Ling-2|Protect|p2a: Ling-2
|-singleturn|p2a: Ling-2|Protect
|move|p1a: Hero of Hell|Toxic|p2a: Ling-2
|-activate|p2a: Ling-2|move: Protect
|
|-heal|p2a: Ling-2|32/100|[from] item: Leftovers
|-heal|p1a: Hero of Hell|99/100 tox|[from] ability: Poison Heal
|upkeep
|turn|17
|
|t:|1760457092
|move|p1a: Hero of Hell|Toxic|p2a: Ling-2
|-status|p2a: Ling-2|tox
|move|p2a: Ling-2|Spikes|p1a: Hero of Hell
|-sidestart|p1: St. Godsend|Spikes
|
|-heal|p2a: Ling-2|38/100 tox|[from] item: Leftovers
|-heal|p1a: Hero of Hell|100/100 tox|[from] ability: Poison Heal
|-damage|p2a: Ling-2|32/100 tox|[from] psn
|upkeep
|turn|18
|
|t:|1760457097
|move|p1a: Hero of Hell|Spikes|p2a: Ling-2
|-sidestart|p2: RocketGruntLudwig|Spikes
|move|p2a: Ling-2|Spikes|p1a: Hero of Hell
|-sidestart|p1: St. Godsend|Spikes
|
|-heal|p2a: Ling-2|38/100 tox|[from] item: Leftovers
|-damage|p2a: Ling-2|25/100 tox|[from] psn
|upkeep
|turn|19
|
|t:|1760457100
|move|p1a: Hero of Hell|Earthquake|p2a: Ling-2
|-damage|p2a: Ling-2|12/100 tox
|move|p2a: Ling-2|Spikes|p1a: Hero of Hell
|-sidestart|p1: St. Godsend|Spikes
|
|-heal|p2a: Ling-2|18/100 tox|[from] item: Leftovers
|-damage|p2a: Ling-2|0 fnt|[from] psn
|faint|p2a: Ling-2
|upkeep
|
|t:|1760457107
|switch|p2a: Glimm|Glimmora, F|100/100
|-damage|p2a: Glimm|76/100|[from] Spikes
|-damage|p2a: Glimm|63/100|[from] Stealth Rock
|turn|20
|
|t:|1760457111
|move|p2a: Glimm|Endure|p2a: Glimm
|-singleturn|p2a: Glimm|move: Endure
|move|p1a: Hero of Hell|Protect||[still]
|-fail|p1a: Hero of Hell
|
|upkeep
|turn|21
|
|t:|1760457120
|switch|p1a: Steel Tears|Corviknight, F|100/100
|-ability|p1a: Steel Tears|Pressure
|-terastallize|p2a: Glimm|Flying
|move|p2a: Glimm|Mortal Spin|p1a: Steel Tears
|-immune|p1a: Steel Tears
|
|upkeep
|turn|22
|
|t:|1760457129
|move|p2a: Glimm|Toxic Spikes|p1a: Steel Tears
|-sidestart|p1: St. Godsend|move: Toxic Spikes
|move|p1a: Steel Tears|U-turn|p2a: Glimm
|-resisted|p2a: Glimm
|-crit|p2a: Glimm
|-damage|p2a: Glimm|53/100
|-activate|p2a: Glimm|ability: Toxic Debris
|-sidestart|p1: St. Godsend|move: Toxic Spikes
|
|t:|1760457142
|switch|p1a: Closure|Walking Wake|26/100|[from] U-turn
|
|upkeep
|turn|23
|
|t:|1760457146
|move|p1a: Closure|Draco Meteor|p2a: Glimm
|-damage|p2a: Glimm|0 fnt
|-unboost|p1a: Closure|spa|2
|faint|p2a: Glimm
|
|upkeep
|
|t:|1760457147
|switch|p2a: Salt DK|Garganacl, M|91/100
|-damage|p2a: Salt DK|66/100|[from] Spikes
|-damage|p2a: Salt DK|53/100|[from] Stealth Rock
|turn|24
|
|t:|1760457153
|-end|p1a: Closure|Protosynthesis|[silent]
|switch|p1a: Angel Devil|Blissey, F|47/100
|move|p2a: Salt DK|Knock Off|p1a: Angel Devil
|-damage|p1a: Angel Devil|7/100
|-enditem|p1a: Angel Devil|Heavy-Duty Boots|[from] move: Knock Off|[of] p2a: Salt DK
|-damage|p2a: Salt DK|44/100|[from] item: Life Orb
|
|upkeep
|turn|25
|
|t:|1760457160
|switch|p1a: Hero of Hell|Gliscor, M|100/100 tox
|-damage|p1a: Hero of Hell|88/100 tox|[from] Stealth Rock
|move|p2a: Salt DK|Knock Off|p1a: Hero of Hell
|-damage|p1a: Hero of Hell|60/100 tox
|-enditem|p1a: Hero of Hell|Toxic Orb|[from] move: Knock Off|[of] p2a: Salt DK
|-damage|p2a: Salt DK|34/100|[from] item: Life Orb
|
|-heal|p1a: Hero of Hell|72/100 tox|[from] ability: Poison Heal
|upkeep
|turn|26
|
|t:|1760457174
|move|p2a: Salt DK|Flamethrower|p1a: Hero of Hell
|-damage|p1a: Hero of Hell|43/100 tox
|-damage|p2a: Salt DK|24/100|[from] item: Life Orb
|move|p1a: Hero of Hell|Earthquake|p2a: Salt DK
|-damage|p2a: Salt DK|0 fnt
|replace|p2a: Complex White Girl|Zoroark-Hisui, F
|-end|p2a: Complex White Girl|Illusion
|faint|p2a: Complex White Girl
|
|-heal|p1a: Hero of Hell|55/100 tox|[from] ability: Poison Heal
|upkeep
|
|t:|1760457178
|switch|p2a: Salt DK|Garganacl, M|90/100
|-damage|p2a: Salt DK|65/100|[from] Spikes
|-damage|p2a: Salt DK|52/100|[from] Stealth Rock
|turn|27
|
|t:|1760457182
|move|p1a: Hero of Hell|Earthquake|p2a: Salt DK
|-supereffective|p2a: Salt DK
|-damage|p2a: Salt DK|9/100
|move|p2a: Salt DK|Recover|p2a: Salt DK
|-heal|p2a: Salt DK|59/100
|
|-heal|p1a: Hero of Hell|68/100 tox|[from] ability: Poison Heal
|upkeep
|turn|28
|
|t:|1760457186
|move|p1a: Hero of Hell|Earthquake|p2a: Salt DK
|-supereffective|p2a: Salt DK
|-damage|p2a: Salt DK|15/100
|move|p2a: Salt DK|Salt Cure|p1a: Hero of Hell
|-damage|p1a: Hero of Hell|56/100 tox
|-start|p1a: Hero of Hell|Salt Cure
|
|-heal|p1a: Hero of Hell|68/100 tox|[from] ability: Poison Heal
|-damage|p1a: Hero of Hell|56/100 tox|[from] Salt Cure
|upkeep
|turn|29
|
|t:|1760457191
|move|p2a: Salt DK|Protect|p2a: Salt DK
|-singleturn|p2a: Salt DK|Protect
|move|p1a: Hero of Hell|Earthquake|p2a: Salt DK
|-activate|p2a: Salt DK|move: Protect
|
|-heal|p1a: Hero of Hell|68/100 tox|[from] ability: Poison Heal
|-damage|p1a: Hero of Hell|56/100 tox|[from] Salt Cure
|upkeep
|turn|30
|
|t:|1760457194
|move|p1a: Hero of Hell|Earthquake|p2a: Salt DK
|-supereffective|p2a: Salt DK
|-damage|p2a: Salt DK|0 fnt
|faint|p2a: Salt DK
|
|-heal|p1a: Hero of Hell|68/100 tox|[from] ability: Poison Heal
|-damage|p1a: Hero of Hell|56/100 tox|[from] Salt Cure
|upkeep
|
|t:|1760457195
|switch|p2a: Crapitalism|Gholdengo|100/100
|-damage|p2a: Crapitalism|76/100|[from] Spikes
|-damage|p2a: Crapitalism|70/100|[from] Stealth Rock
|turn|31
|
|t:|1760457198
|move|p1a: Hero of Hell|Earthquake|p2a: Crapitalism
|-supereffective|p2a: Crapitalism
|-damage|p2a: Crapitalism|24/100
|move|p2a: Crapitalism|Shadow Ball|p1a: Hero of Hell
|-damage|p1a: Hero of Hell|28/100 tox
|
|-heal|p2a: Crapitalism|30/100|[from] item: Leftovers
|-heal|p1a: Hero of Hell|40/100 tox|[from] ability: Poison Heal
|-damage|p1a: Hero of Hell|28/100 tox|[from] Salt Cure
|upkeep
|turn|32
|
|t:|1760457204
|move|p1a: Hero of Hell|Earthquake|p2a: Crapitalism
|-supereffective|p2a: Crapitalism
|-damage|p2a: Crapitalism|0 fnt
|faint|p2a: Crapitalism
|
|win|St. Godsend
|raw|St. Godsend's rating: 1298 &rarr; <strong>1324</strong><br />(+26 for winning)
|raw|RocketGruntLudwig's rating: 1306 &rarr; <strong>1286</strong><br />(-20 for losing)
|c|☆RocketGruntLudwig|moo
