|j|☆SemperMamba
|j|☆himal_ad321
|t:|1760443507
|gametype|singles
|player|p1|SemperMamba|blackbelt-gen4dp|1269
|player|p2|himal_ad321|dragontamer|1299
|gen|9
|tier|[Gen 9] OU
|rated|
|rule|HP Percentage Mod: HP is shown in percentages
|rule|Endless Battle Clause: Forcing endless battles is banned
|rule|Species Clause: Limit one of each Pokémon
|rule|OHKO Clause: OHKO moves are banned
|rule|Evasion Items Clause: Evasion items are banned
|rule|Evasion Moves Clause: Evasion moves are banned
|rule|Evasion Abilities Clause: Evasion abilities are banned
|rule|Sleep Moves Clause: Sleep-inducing moves are banned
|clearpoke
|poke|p1|Meowscarada, F|
|poke|p1|Moltres|
|poke|p1|Blissey, F|
|poke|p1|Landorus-Therian, M|
|poke|p1|Iron Treads|
|poke|p1|Azumarill, F|
|poke|p2|Ogerpon-Wellspring, F|
|poke|p2|Kingambit, M|
|poke|p2|Landorus-Therian, M|
|poke|p2|Glimmora, M|
|poke|p2|Dragapult, M|
|poke|p2|Iron Valiant|
|teampreview
|inactive|Battle timer is ON: inactive players will automatically lose when time's up. (requested by himal_ad321)
|
|t:|1760443515
|teamsize|p1|6
|teamsize|p2|6
|start
|switch|p1a: Landorus|Landorus-Therian, M|100/100
|switch|p2a: Dragapult|Dragapult, M|100/100
|-ability|p1a: Landorus|Intimidate|boost
|-fail|p2a: Dragapult|unboost|[from] ability: Clear Body|[of] p2a: Dragapult
|turn|1
|inactive|himal_ad321 has 120 seconds left.
|
|t:|1760443555
|switch|p1a: Iron Treads|Iron Treads|100/100
|move|p2a: Dragapult|Draco Meteor|p1a: Iron Treads
|-resisted|p1a: Iron Treads
|-damage|p1a: Iron Treads|71/100
|-unboost|p2a: Dragapult|spa|2
|
|upkeep
|turn|2
|inactive|himal_ad321 has 120 seconds left.
|
|t:|1760443573
|switch|p2a: Landorus|Landorus-Therian, M|100/100
|-ability|p2a: Landorus|Intimidate|boost
|-unboost|p1a: Iron Treads|atk|1
|move|p1a: Iron Treads|Ice Spinner|p2a: Landorus
|-supereffective|p2a: Landorus
|-damage|p2a: Landorus|41/100
|-damage|p1a: Iron Treads|54/100|[from] item: Rocky Helmet|[of] p2a: Landorus
|
|upkeep
|turn|3
|inactive|SemperMamba has 120 seconds left.
|
|t:|1760443597
|switch|p2a: Ogerpon|Ogerpon-Wellspring, F|100/100
|move|p1a: Iron Treads|Ice Spinner|p2a: Ogerpon
|-damage|p2a: Ogerpon|82/100
|
|upkeep
|turn|4
|inactive|SemperMamba has 120 seconds left.
|inactive|himal_ad321 has 90 seconds left.
|
|t:|1760443618
|-end|p1a: Iron Treads|Quark Drive|[silent]
|switch|p1a: Meowscarada|Meowscarada, F|100/100
|move|p2a: Ogerpon|Ivy Cudgel|p1a: Meowscarada|[anim] Ivy Cudgel Water
|-resisted|p1a: Meowscarada
|-damage|p1a: Meowscarada|58/100
|
|upkeep
|turn|5
|inactive|SemperMamba has 120 seconds left.
|inactive|himal_ad321 has 90 seconds left.
|
|t:|1760443647
|switch|p2a: Kingambit|Kingambit, M|100/100
|move|p1a: Meowscarada|Flower Trick|p2a: Kingambit
|-start|p1a: Meowscarada|typechange|Grass|[from] ability: Protean
|-resisted|p2a: Kingambit
|-crit|p2a: Kingambit
|-damage|p2a: Kingambit|73/100
|
|-heal|p2a: Kingambit|79/100|[from] item: Leftovers
|upkeep
|turn|6
|
|t:|1760443665
|switch|p1a: Moltres|Moltres|100/100
|move|p2a: Kingambit|Iron Head|p1a: Moltres
|-resisted|p1a: Moltres
|-damage|p1a: Moltres|83/100
|
|-heal|p2a: Kingambit|85/100|[from] item: Leftovers
|upkeep
|turn|7
|inactive|himal_ad321 has 60 seconds left.
|
|t:|1760443698
|-end|p2a: Kingambit|fallenundefined|[silent]
|switch|p2a: Ogerpon|Ogerpon-Wellspring, F|82/100
|move|p1a: Moltres|U-turn|p2a: Ogerpon
|-supereffective|p2a: Ogerpon
|-damage|p2a: Ogerpon|43/100
|
|t:|1760443705
|switch|p1a: Landorus|Landorus-Therian, M|100/100|[from] U-turn
|-ability|p1a: Landorus|Intimidate|boost
|-unboost|p2a: Ogerpon|atk|1
|
|upkeep
|turn|8
|inactive|himal_ad321 has 60 seconds left.
|
|t:|1760443724
|switch|p2a: Glimmora|Glimmora, M|100/100
|move|p1a: Landorus|U-turn|p2a: Glimmora
|-resisted|p2a: Glimmora
|-damage|p2a: Glimmora|87/100
|-activate|p2a: Glimmora|ability: Toxic Debris
|-sidestart|p1: SemperMamba|move: Toxic Spikes
|
|t:|1760443734
|switch|p1a: Meowscarada|Meowscarada, F|58/100|[from] U-turn
|-status|p1a: Meowscarada|psn
|
|-damage|p1a: Meowscarada|46/100 psn|[from] psn
|upkeep
|turn|9
|inactive|himal_ad321 has 60 seconds left.
|
|t:|1760443760
|move|p1a: Meowscarada|Thunder Punch|p2a: Glimmora
|-start|p1a: Meowscarada|typechange|Electric|[from] ability: Protean
|-damage|p2a: Glimmora|19/100
|-activate|p2a: Glimmora|ability: Toxic Debris
|-sidestart|p1: SemperMamba|move: Toxic Spikes
|move|p2a: Glimmora|Meteor Beam||[still]
|-prepare|p2a: Glimmora|Meteor Beam
|-boost|p2a: Glimmora|spa|1
|-enditem|p2a: Glimmora|Power Herb
|-anim|p2a: Glimmora|Meteor Beam|p1a: Meowscarada
|-damage|p1a: Meowscarada|0 fnt
|faint|p1a: Meowscarada
|
|upkeep
|inactive|SemperMamba has 90 seconds left.
|
|t:|1760443788
|switch|p1a: Azumarill|Azumarill, F|100/100
|-status|p1a: Azumarill|tox
|turn|10
|
|t:|1760443813
|-terastallize|p1a: Azumarill|Poison
|move|p2a: Glimmora|Spikes|p1a: Azumarill
|-sidestart|p1: SemperMamba|Spikes
|move|p1a: Azumarill|Ice Spinner|p2a: Glimmora
|-damage|p2a: Glimmora|0 fnt
|faint|p2a: Glimmora
|
|-damage|p1a: Azumarill|94/100 tox|[from] psn
|upkeep
|inactive|himal_ad321 has 30 seconds left.
|
|t:|1760443829
|switch|p2a: Ogerpon|Ogerpon-Wellspring, F|43/100
|turn|11
|inactive|SemperMamba has 60 seconds left.
|
|t:|1760443855
|switch|p1a: Landorus|Landorus-Therian, M|100/100
|-ability|p1a: Landorus|Intimidate|boost
|-unboost|p2a: Ogerpon|atk|1
|move|p2a: Ogerpon|Ivy Cudgel|p1a: Landorus|[anim] Ivy Cudgel Water
|-supereffective|p1a: Landorus
|-damage|p1a: Landorus|16/100
|
|upkeep
|turn|12
|inactive|SemperMamba has 60 seconds left.
|
|t:|1760443871
|move|p1a: Landorus|Stealth Rock|p2a: Ogerpon
|-sidestart|p2: himal_ad321|move: Stealth Rock
|move|p2a: Ogerpon|Ivy Cudgel|p1a: Landorus|[anim] Ivy Cudgel Water
|-supereffective|p1a: Landorus
|-damage|p1a: Landorus|0 fnt
|faint|p1a: Landorus
|
|upkeep
|
|t:|1760443876
|switch|p1a: Iron Treads|Iron Treads|54/100
|-damage|p1a: Iron Treads|42/100|[from] Spikes
|turn|13
|inactive|SemperMamba has 60 seconds left.
|
|t:|1760443900
|move|p2a: Ogerpon|Ivy Cudgel|p1a: Iron Treads|[anim] Ivy Cudgel Water
|-supereffective|p1a: Iron Treads
|-damage|p1a: Iron Treads|0 fnt
|faint|p1a: Iron Treads
|-end|p1a: Iron Treads|Quark Drive|[silent]
|
|upkeep
|
|t:|1760443903
|switch|p1a: Azumarill|Azumarill, F, tera:Poison|94/100 tox
|-sideend|p1: SemperMamba|move: Toxic Spikes|[of] p1a: Azumarill
|-damage|p1a: Azumarill|82/100 tox|[from] Spikes
|turn|14
|
|t:|1760443916
|switch|p2a: Kingambit|Kingambit, M|85/100
|-damage|p2a: Kingambit|79/100|[from] Stealth Rock
|-activate|p2a: Kingambit|ability: Supreme Overlord
|-start|p2a: Kingambit|fallen1|[silent]
|move|p1a: Azumarill|Ice Spinner|p2a: Kingambit
|-resisted|p2a: Kingambit
|-damage|p2a: Kingambit|69/100
|
|-heal|p1a: Azumarill|88/100 tox|[from] item: Leftovers
|-heal|p2a: Kingambit|75/100|[from] item: Leftovers
|-damage|p1a: Azumarill|82/100 tox|[from] psn
|upkeep
|turn|15
|
|t:|1760443929
|switch|p1a: Moltres|Moltres|83/100
|move|p2a: Kingambit|Swords Dance|p2a: Kingambit
|-boost|p2a: Kingambit|atk|2
|
|-heal|p2a: Kingambit|82/100|[from] item: Leftovers
|upkeep
|turn|16
|
|t:|1760443948
|-terastallize|p2a: Kingambit|Ghost
|move|p1a: Moltres|Flamethrower|p2a: Kingambit
|-damage|p2a: Kingambit|45/100
|move|p2a: Kingambit|Kowtow Cleave|p1a: Moltres
|-damage|p1a: Moltres|2/100
|
|-heal|p2a: Kingambit|51/100|[from] item: Leftovers
|upkeep
|turn|17
|inactive|SemperMamba has 60 seconds left.
|
|t:|1760443982
|move|p2a: Kingambit|Sucker Punch||[still]
|-fail|p2a: Kingambit
|move|p1a: Moltres|Roar|p2a: Kingambit
|-end|p2a: Kingambit|fallen1|[silent]
|drag|p2a: Dragapult|Dragapult, M|100/100
|-damage|p2a: Dragapult|88/100|[from] Stealth Rock
|
|upkeep
|turn|18
|
|t:|1760443993
|switch|p1a: Blissey|Blissey, F|100/100
|-damage|p1a: Blissey|88/100|[from] Spikes
|move|p2a: Dragapult|U-turn|p1a: Blissey
|-damage|p1a: Blissey|68/100
|
|t:|1760444003
|switch|p2a: Landorus|Landorus-Therian, M|41/100|[from] U-turn
|-damage|p2a: Landorus|28/100|[from] Stealth Rock
|-ability|p2a: Landorus|Intimidate|boost
|-unboost|p1a: Blissey|atk|1
|
|-heal|p1a: Blissey|74/100|[from] item: Leftovers
|upkeep
|turn|19
|inactive|SemperMamba has 60 seconds left.
|
|t:|1760444025
|move|p2a: Landorus|Taunt|p1a: Blissey
|-start|p1a: Blissey|move: Taunt
|cant|p1a: Blissey|move: Taunt|Heal Bell
|
|-heal|p1a: Blissey|80/100|[from] item: Leftovers
|upkeep
|turn|20
|-message|SemperMamba forfeited.
|
|win|himal_ad321
|raw|SemperMamba's rating: 1269 &rarr; <strong>1246</strong><br />(-23 for losing)
|raw|himal_ad321's rating: 1299 &rarr; <strong>1322</strong><br />(+23 for winning)
|l|☆SemperMamba
|player|p1|
|l|☆himal_ad321
|player|p2|
