|j|☆mandude476
|j|☆killbot18
|t:|1760413365
|gametype|singles
|player|p1|mandude476|ghetsis|1302
|player|p2|killbot18|n|1327
|gen|9
|tier|[Gen 9] OU
|rated|
|rule|HP Percentage Mod: HP is shown in percentages
|rule|Endless Battle Clause: Forcing endless battles is banned
|rule|Species Clause: Limit one of each Pokémon
|rule|OHKO Clause: OHKO moves are banned
|rule|Evasion Items Clause: Evasion items are banned
|rule|Evasion Moves Clause: Evasion moves are banned
|rule|Evasion Abilities Clause: Evasion abilities are banned
|rule|Sleep Moves Clause: Sleep-inducing moves are banned
|clearpoke
|poke|p1|Ribombee, M|
|poke|p1|Gliscor, M|
|poke|p1|Gholdengo|
|poke|p1|Arcanine-Hisui, F|
|poke|p1|Samurott-Hisui, M|
|poke|p1|Slowking-Galar, F|
|poke|p2|Gliscor, F|
|poke|p2|Heatran, M|
|poke|p2|Scizor, F|
|poke|p2|Raging Bolt|
|poke|p2|Alomomola, F|
|poke|p2|Zamazenta-*|
|teampreview
|
|t:|1760413370
|teamsize|p1|6
|teamsize|p2|6
|start
|switch|p1a: Ribombee|Ribombee, M|100/100
|switch|p2a: Heatran|Heatran, M|100/100
|-item|p2a: Heatran|Air Balloon
|turn|1
|
|t:|1760413375
|move|p1a: Ribombee|Sticky Web|p2a: Heatran
|-sidestart|p2: killbot18|move: Sticky Web
|move|p2a: Heatran|Magma Storm|p1a: Ribombee
|-supereffective|p1a: Ribombee
|-enditem|p1a: Ribombee|Focus Sash
|-damage|p1a: Ribombee|1/100
|-activate|p1a: Ribombee|move: Magma Storm|[of] p2a: Heatran
|
|-damage|p1a: Ribombee|0 fnt|[from] move: Magma Storm|[partiallytrapped]
|faint|p1a: Ribombee
|upkeep
|
|t:|1760413382
|switch|p1a: Samurott|Samurott-Hisui, M|100/100
|turn|2
|
|t:|1760413391
|switch|p2a: Zamazenta|Zamazenta|100/100
|-activate|p2a: Zamazenta|move: Sticky Web
|-unboost|p2a: Zamazenta|spe|1
|-ability|p2a: Zamazenta|Dauntless Shield|boost
|-boost|p2a: Zamazenta|def|1
|move|p1a: Samurott|Aqua Cutter|p2a: Zamazenta
|-damage|p2a: Zamazenta|77/100
|
|-heal|p2a: Zamazenta|83/100|[from] item: Leftovers
|upkeep
|turn|3
|
|t:|1760413395
|switch|p1a: Gholdengo|Gholdengo|100/100
|move|p2a: Zamazenta|Body Press|p1a: Gholdengo
|-immune|p1a: Gholdengo
|
|-heal|p2a: Zamazenta|89/100|[from] item: Leftovers
|upkeep
|turn|4
|
|t:|1760413400
|move|p1a: Gholdengo|Trick|p2a: Zamazenta
|-activate|p1a: Gholdengo|move: Trick|[of] p2a: Zamazenta
|-item|p2a: Zamazenta|Choice Scarf|[from] move: Trick
|-item|p1a: Gholdengo|Leftovers|[from] move: Trick
|move|p2a: Zamazenta|Crunch|p1a: Gholdengo
|-supereffective|p1a: Gholdengo
|-damage|p1a: Gholdengo|52/100
|
|-heal|p1a: Gholdengo|58/100|[from] item: Leftovers
|upkeep
|turn|5
|
|t:|1760413411
|switch|p2a: Gliscor|Gliscor, F|100/100
|switch|p1a: Gliscor|Gliscor, M|100/100
|
|-status|p2a: Gliscor|tox|[from] item: Toxic Orb
|-status|p1a: Gliscor|tox|[from] item: Toxic Orb
|upkeep
|turn|6
|
|t:|1760413420
|switch|p2a: Alomomola|Alomomola, F|100/100
|move|p1a: Gliscor|Stealth Rock|p2a: Alomomola
|-sidestart|p2: killbot18|move: Stealth Rock
|
|upkeep
|turn|7
|
|t:|1760413425
|move|p1a: Gliscor|U-turn|p2a: Alomomola
|-damage|p2a: Alomomola|91/100
|
|t:|1760413429
|switch|p1a: Samurott|Samurott-Hisui, M|100/100|[from] U-turn
|move|p2a: Alomomola|Flip Turn|p1a: Samurott
|-resisted|p1a: Samurott
|-damage|p1a: Samurott|90/100
|
|t:|1760413432
|switch|p2a: Raging Bolt|Raging Bolt|100/100|[from] Flip Turn
|
|upkeep
|turn|8
|
|t:|1760413438
|switch|p1a: Slowking|Slowking-Galar, F|100/100
|move|p2a: Raging Bolt|Dragon Pulse|p1a: Slowking
|-damage|p1a: Slowking|73/100
|
|upkeep
|turn|9
|
|t:|1760413441
|move|p2a: Raging Bolt|Volt Switch|p1a: Slowking
|-damage|p1a: Slowking|48/100
|
|t:|1760413446
|-end|p2a: Raging Bolt|Protosynthesis|[silent]
|switch|p2a: Gliscor|Gliscor, F|100/100 tox|[from] Volt Switch
|-damage|p2a: Gliscor|88/100 tox|[from] Stealth Rock
|-prepare|p1a: Slowking|Chilly Reception|[premajor]
|move|p1a: Slowking|Chilly Reception|p1a: Slowking
|-weather|Snowscape
|
|t:|1760413449
|switch|p1a: Samurott|Samurott-Hisui, M|90/100|[from] Chilly Reception
|
|-weather|Snowscape|[upkeep]
|-heal|p2a: Gliscor|100/100 tox|[from] ability: Poison Heal
|upkeep
|turn|10
|
|t:|1760413458
|move|p2a: Gliscor|Protect|p2a: Gliscor
|-singleturn|p2a: Gliscor|Protect
|move|p1a: Samurott|Ceaseless Edge|p2a: Gliscor
|-activate|p2a: Gliscor|move: Protect
|
|-weather|Snowscape|[upkeep]
|upkeep
|turn|11
|
|t:|1760413465
|switch|p1a: Gliscor|Gliscor, M|100/100 tox
|move|p2a: Gliscor|Spikes|p1a: Gliscor
|-sidestart|p1: mandude476|Spikes
|
|-weather|Snowscape|[upkeep]
|upkeep
|turn|12
|inactive|Battle timer is ON: inactive players will automatically lose when time's up. (requested by killbot18)
|inactive|mandude476 has 120 seconds left.
|
|t:|1760413543
|move|p1a: Gliscor|U-turn|p2a: Gliscor
|-resisted|p2a: Gliscor
|-damage|p2a: Gliscor|95/100 tox
|
|t:|1760413544
|switch|p1a: Samurott|Samurott-Hisui, M|90/100|[from] U-turn
|-damage|p1a: Samurott|77/100|[from] Spikes
|move|p2a: Gliscor|Spikes|p1a: Samurott
|-sidestart|p1: mandude476|Spikes
|
|-weather|Snowscape|[upkeep]
|-heal|p2a: Gliscor|100/100 tox|[from] ability: Poison Heal
|upkeep
|turn|13
|
|t:|1760413549
|move|p2a: Gliscor|Protect|p2a: Gliscor
|-singleturn|p2a: Gliscor|Protect
|move|p1a: Samurott|Ceaseless Edge|p2a: Gliscor
|-activate|p2a: Gliscor|move: Protect
|
|-weather|none
|upkeep
|turn|14
|
|t:|1760413553
|move|p1a: Samurott|Ceaseless Edge|p2a: Gliscor
|-damage|p2a: Gliscor|63/100 tox
|-sidestart|p2: killbot18|Spikes
|move|p2a: Gliscor|Spikes|p1a: Samurott
|-sidestart|p1: mandude476|Spikes
|
|-heal|p2a: Gliscor|75/100 tox|[from] ability: Poison Heal
|upkeep
|turn|15
|
|t:|1760413558
|move|p2a: Gliscor|Protect|p2a: Gliscor
|-singleturn|p2a: Gliscor|Protect
|move|p1a: Samurott|Ceaseless Edge|p2a: Gliscor
|-activate|p2a: Gliscor|move: Protect
|
|-heal|p2a: Gliscor|88/100 tox|[from] ability: Poison Heal
|upkeep
|turn|16
|
|t:|1760413560
|move|p1a: Samurott|Ceaseless Edge|p2a: Gliscor|[miss]
|-miss|p1a: Samurott|p2a: Gliscor
|move|p2a: Gliscor|Earthquake|p1a: Samurott
|-damage|p1a: Samurott|33/100
|
|-heal|p2a: Gliscor|100/100 tox|[from] ability: Poison Heal
|upkeep
|turn|17
|
|t:|1760413566
|move|p1a: Samurott|Ceaseless Edge|p2a: Gliscor|[miss]
|-miss|p1a: Samurott|p2a: Gliscor
|move|p2a: Gliscor|Earthquake|p1a: Samurott
|-damage|p1a: Samurott|0 fnt
|faint|p1a: Samurott
|
|upkeep
|c|☆killbot18|oof
|-message|mandude476 forfeited.
|
|win|killbot18
|raw|mandude476's rating: 1302 &rarr; <strong>1283</strong><br />(-19 for losing)
|raw|killbot18's rating: 1327 &rarr; <strong>1346</strong><br />(+19 for winning)
|l|☆mandude476
|player|p1|
