|j|☆Potential Man
|j|☆hoons
|t:|1760382731
|gametype|singles
|player|p1|Potential Man|brock-gen2|1566
|player|p2|hoons|266|1633
|gen|9
|tier|[Gen 9] OU
|rated|
|rule|HP Percentage Mod: HP is shown in percentages
|rule|Endless Battle Clause: Forcing endless battles is banned
|rule|Species Clause: Limit one of each Pokémon
|rule|OHKO Clause: OHKO moves are banned
|rule|Evasion Items Clause: Evasion items are banned
|rule|Evasion Moves Clause: Evasion moves are banned
|rule|Evasion Abilities Clause: Evasion abilities are banned
|rule|Sleep Moves Clause: Sleep-inducing moves are banned
|clearpoke
|poke|p1|Toxtricity, M|
|poke|p1|Landorus-Therian, M|
|poke|p1|Kingambit, M|
|poke|p1|Dragonite, M|
|poke|p1|Primarina, F|
|poke|p1|Iron Treads|
|poke|p2|Zamazenta-*|
|poke|p2|Raging Bolt|
|poke|p2|Ogerpon-Cornerstone, F|
|poke|p2|Cinderace, F|
|poke|p2|Enamorus, F|
|poke|p2|Kingambit, F|
|teampreview
|inactive|Battle timer is ON: inactive players will automatically lose when time's up. (requested by Potential Man)
|
|t:|1760382766
|teamsize|p1|6
|teamsize|p2|6
|start
|switch|p1a: Bad Amp|Toxtricity, M, shiny|100/100
|switch|p2a: Enamorus|Enamorus, F|100/100
|turn|1
|
|t:|1760382781
|switch|p2a: Ogerpon|Ogerpon-Cornerstone, F|100/100
|move|p1a: Bad Amp|Boomburst|p2a: Ogerpon
|-resisted|p2a: Ogerpon
|-damage|p2a: Ogerpon|43/100
|
|upkeep
|turn|2
|
|t:|1760382787
|switch|p1a: T.M. Opera O|Landorus-Therian, M|100/100
|-ability|p1a: T.M. Opera O|Intimidate|boost
|-unboost|p2a: Ogerpon|atk|1
|move|p2a: Ogerpon|Ivy Cudgel|p1a: T.M. Opera O|[anim] Ivy Cudgel Rock
|-crit|p1a: T.M. Opera O
|-damage|p1a: T.M. Opera O|6/100
|
|upkeep
|turn|3
|
|t:|1760382791
|move|p1a: T.M. Opera O|U-turn|p2a: Ogerpon
|-supereffective|p2a: Ogerpon
|-damage|p2a: Ogerpon|0 fnt
|faint|p2a: Ogerpon
|
|t:|1760382802
|switch|p1a: Primarina|Primarina, F|100/100|[from] U-turn
|
|upkeep
|inactive|hoons has 120 seconds left.
|
|t:|1760382841
|switch|p2a: Raging Bolt|Raging Bolt|100/100
|turn|4
|
|t:|1760382846
|switch|p1a: Iron Treads|Iron Treads|100/100
|move|p2a: Raging Bolt|Thunderbolt|p1a: Iron Treads
|-immune|p1a: Iron Treads
|
|upkeep
|turn|5
|
|t:|1760382853
|-end|p2a: Raging Bolt|Protosynthesis|[silent]
|switch|p2a: Zamazenta|Zamazenta, shiny|100/100
|-ability|p2a: Zamazenta|Dauntless Shield|boost
|-boost|p2a: Zamazenta|def|1
|move|p1a: Iron Treads|Knock Off|p2a: Zamazenta
|-resisted|p2a: Zamazenta
|-damage|p2a: Zamazenta|91/100
|-enditem|p2a: Zamazenta|Assault Vest|[from] move: Knock Off|[of] p1a: Iron Treads
|
|upkeep
|turn|6
|
|t:|1760382866
|-end|p1a: Iron Treads|Quark Drive|[silent]
|switch|p1a: Primarina|Primarina, F|100/100
|move|p2a: Zamazenta|Close Combat|p1a: Primarina
|-resisted|p1a: Primarina
|-damage|p1a: Primarina|60/100
|-unboost|p2a: Zamazenta|def|1
|-unboost|p2a: Zamazenta|spd|1
|
|upkeep
|turn|7
|
|t:|1760382879
|move|p2a: Zamazenta|Heavy Slam|p1a: Primarina
|-damage|p1a: Primarina|16/100
|move|p1a: Primarina|Moonblast|p2a: Zamazenta
|-supereffective|p2a: Zamazenta
|-damage|p2a: Zamazenta|0 fnt
|faint|p2a: Zamazenta
|
|upkeep
|inactive|hoons has 120 seconds left.
|
|t:|1760382920
|switch|p2a: Kingambit|Kingambit, F|100/100
|-activate|p2a: Kingambit|ability: Supreme Overlord
|-start|p2a: Kingambit|fallen2|[silent]
|-item|p2a: Kingambit|Air Balloon
|turn|8
|
|t:|1760382924
|switch|p1a: T.M. Opera O|Landorus-Therian, M|6/100
|-ability|p1a: T.M. Opera O|Intimidate|boost
|-unboost|p2a: Kingambit|atk|1
|move|p2a: Kingambit|Sucker Punch||[still]
|-fail|p2a: Kingambit
|
|upkeep
|turn|9
|inactive|hoons has 120 seconds left.
|
|t:|1760382932
|switch|p1a: Dragonite|Dragonite, M|100/100
|-end|p2a: Kingambit|fallen2|[silent]
|switch|p2a: Cinderace|Cinderace, F|100/100
|
|upkeep
|turn|10
|
|t:|1760382935
|move|p2a: Cinderace|U-turn|p1a: Dragonite
|-start|p2a: Cinderace|typechange|Bug|[from] ability: Libero
|-resisted|p1a: Dragonite
|-damage|p1a: Dragonite|93/100
|
|t:|1760382943
|switch|p2a: Enamorus|Enamorus, F|100/100|[from] U-turn
|move|p1a: Dragonite|Dragon Dance|p1a: Dragonite
|-boost|p1a: Dragonite|atk|1
|-boost|p1a: Dragonite|spe|1
|
|upkeep
|turn|11
|
|t:|1760382950
|-terastallize|p1a: Dragonite|Normal
|move|p1a: Dragonite|Extreme Speed|p2a: Enamorus
|-damage|p2a: Enamorus|0 fnt
|faint|p2a: Enamorus
|
|upkeep
|
|t:|1760382955
|switch|p2a: Kingambit|Kingambit, F|100/100
|-activate|p2a: Kingambit|ability: Supreme Overlord
|-start|p2a: Kingambit|fallen3|[silent]
|-item|p2a: Kingambit|Air Balloon
|turn|12
|
|t:|1760382958
|move|p1a: Dragonite|Extreme Speed|p2a: Kingambit
|-resisted|p2a: Kingambit
|-damage|p2a: Kingambit|72/100
|-enditem|p2a: Kingambit|Air Balloon
|move|p2a: Kingambit|Low Kick|p1a: Dragonite
|-supereffective|p1a: Dragonite
|-damage|p1a: Dragonite|0 fnt
|faint|p1a: Dragonite
|
|upkeep
|
|t:|1760382964
|switch|p1a: T.M. Opera O|Landorus-Therian, M|6/100
|-ability|p1a: T.M. Opera O|Intimidate|boost
|-unboost|p2a: Kingambit|atk|1
|turn|13
|
|t:|1760382972
|move|p2a: Kingambit|Sucker Punch|p1a: T.M. Opera O
|-damage|p1a: T.M. Opera O|0 fnt
|faint|p1a: T.M. Opera O
|
|upkeep
|
|t:|1760382974
|switch|p1a: Bad Amp|Toxtricity, M, shiny|100/100
|turn|14
|
|t:|1760382986
|-end|p2a: Kingambit|fallen3|[silent]
|switch|p2a: Cinderace|Cinderace, F|100/100
|move|p1a: Bad Amp|Overdrive|p2a: Cinderace
|-damage|p2a: Cinderace|0 fnt
|faint|p2a: Cinderace
|
|upkeep
|
|t:|1760382992
|switch|p2a: Raging Bolt|Raging Bolt|100/100
|turn|15
|
|t:|1760382995
|switch|p1a: Iron Treads|Iron Treads|100/100
|move|p2a: Raging Bolt|Calm Mind|p2a: Raging Bolt
|-boost|p2a: Raging Bolt|spa|1
|-boost|p2a: Raging Bolt|spd|1
|
|upkeep
|turn|16
|
|t:|1760382999
|-terastallize|p2a: Raging Bolt|Bug
|move|p1a: Iron Treads|Knock Off|p2a: Raging Bolt
|-damage|p2a: Raging Bolt|81/100
|-enditem|p2a: Raging Bolt|Leftovers|[from] move: Knock Off|[of] p1a: Iron Treads
|move|p2a: Raging Bolt|Calm Mind|p2a: Raging Bolt
|-boost|p2a: Raging Bolt|spa|1
|-boost|p2a: Raging Bolt|spd|1
|
|upkeep
|turn|17
|
|t:|1760383008
|move|p1a: Iron Treads|Earthquake|p2a: Raging Bolt
|-resisted|p2a: Raging Bolt
|-damage|p2a: Raging Bolt|63/100
|move|p2a: Raging Bolt|Dragon Pulse|p1a: Iron Treads
|-resisted|p1a: Iron Treads
|-damage|p1a: Iron Treads|42/100
|
|-heal|p1a: Iron Treads|48/100|[from] item: Leftovers
|upkeep
|turn|18
|
|t:|1760383014
|move|p1a: Iron Treads|Earthquake|p2a: Raging Bolt
|-resisted|p2a: Raging Bolt
|-crit|p2a: Raging Bolt
|-damage|p2a: Raging Bolt|36/100
|move|p2a: Raging Bolt|Dragon Pulse|p1a: Iron Treads
|-resisted|p1a: Iron Treads
|-damage|p1a: Iron Treads|0 fnt
|faint|p1a: Iron Treads
|-end|p1a: Iron Treads|Quark Drive|[silent]
|
|upkeep
|
|t:|1760383029
|switch|p1a: Bad Amp|Toxtricity, M, shiny|100/100
|turn|19
|
|t:|1760383038
|move|p1a: Bad Amp|Overdrive|p2a: Raging Bolt
|-damage|p2a: Raging Bolt|2/100
|move|p2a: Raging Bolt|Dragon Pulse|p1a: Bad Amp
|-damage|p1a: Bad Amp|0 fnt
|faint|p1a: Bad Amp
|
|upkeep
|
|t:|1760383041
|switch|p1a: Kingambit|Kingambit, M|100/100
|-activate|p1a: Kingambit|ability: Supreme Overlord
|-start|p1a: Kingambit|fallen4|[silent]
|turn|20
|
|t:|1760383048
|move|p2a: Raging Bolt|Thunderbolt|p1a: Kingambit
|-damage|p1a: Kingambit|11/100
|move|p1a: Kingambit|Swords Dance|p1a: Kingambit
|-boost|p1a: Kingambit|atk|2
|
|upkeep
|turn|21
|
|t:|1760383053
|move|p2a: Raging Bolt|Thunderclap|p1a: Kingambit
|-damage|p1a: Kingambit|0 fnt
|faint|p1a: Kingambit
|-end|p1a: Kingambit|fallen4|[silent]
|
|upkeep
|
|t:|1760383064
|switch|p1a: Primarina|Primarina, F|16/100
|turn|22
|inactive|hoons has 120 seconds left.
|
|t:|1760383094
|move|p2a: Raging Bolt|Thunderclap|p1a: Primarina
|-supereffective|p1a: Primarina
|-damage|p1a: Primarina|0 fnt
|faint|p1a: Primarina
|
|win|hoons
|raw|Potential Man's rating: 1566 &rarr; <strong>1550</strong><br />(-16 for losing)
|raw|hoons's rating: 1633 &rarr; <strong>1649</strong><br />(+16 for winning)
|l|☆hoons
|player|p2|
