|j|☆Person435
|j|☆V_run658
|t:|1760389095
|gametype|singles
|player|p1|Person435|dancer|1353
|player|p2|V_run658|hugh|1362
|gen|9
|tier|[Gen 9] OU
|rated|
|rule|HP Percentage Mod: HP is shown in percentages
|rule|Endless Battle Clause: Forcing endless battles is banned
|rule|Species Clause: Limit one of each Pokémon
|rule|OHKO Clause: OHKO moves are banned
|rule|Evasion Items Clause: Evasion items are banned
|rule|Evasion Moves Clause: Evasion moves are banned
|rule|Evasion Abilities Clause: Evasion abilities are banned
|rule|Sleep Moves Clause: Sleep-inducing moves are banned
|clearpoke
|poke|p1|Polteageist|
|poke|p1|Indeedee-F, F|
|poke|p1|Zapdos|
|poke|p1|Great Tusk|
|poke|p1|Ogerpon-Wellspring, F|
|poke|p1|Hatterene, F|
|poke|p2|Greninja-*, M|
|poke|p2|Slowking-Galar, F|
|poke|p2|Conkeldurr, F|
|poke|p2|Garchomp, F|
|poke|p2|Rillaboom, M|
|poke|p2|Skeledirge, F|
|teampreview
|inactive|Battle timer is ON: inactive players will automatically lose when time's up. (requested by Person435)
|
|t:|1760389105
|teamsize|p1|6
|teamsize|p2|6
|start
|switch|p1a: Indeedee|Indeedee-F, F|100/100
|switch|p2a: Slowking|Slowking-Galar, F|100/100
|-fieldstart|move: Psychic Terrain|[from] ability: Psychic Surge|[of] p1a: Indeedee
|turn|1
|
|t:|1760389119
|move|p1a: Indeedee|Psyshock|p2a: Slowking
|-damage|p2a: Slowking|70/100
|move|p2a: Slowking|Future Sight|p1a: Indeedee
|-start|p2a: Slowking|move: Future Sight
|
|upkeep
|turn|2
|
|t:|1760389126
|move|p1a: Indeedee|Light Screen|p1a: Indeedee
|-sidestart|p1: Person435|move: Light Screen
|move|p2a: Slowking|Sludge Bomb|p1a: Indeedee
|-damage|p1a: Indeedee|86/100
|
|upkeep
|turn|3
|
|t:|1760389132
|move|p1a: Indeedee|Reflect|p1a: Indeedee
|-sidestart|p1: Person435|Reflect
|move|p2a: Slowking|Sludge Bomb|p1a: Indeedee
|-damage|p1a: Indeedee|71/100
|-status|p1a: Indeedee|psn
|
|-end|p1a: Indeedee|move: Future Sight
|-resisted|p1a: Indeedee
|-damage|p1a: Indeedee|59/100 psn
|-damage|p1a: Indeedee|47/100 psn|[from] psn
|upkeep
|turn|4
|
|t:|1760389136
|switch|p1a: Great Tusk|Great Tusk|100/100
|move|p2a: Slowking|Future Sight|p1a: Great Tusk
|-start|p2a: Slowking|move: Future Sight
|
|upkeep
|turn|5
|
|t:|1760389142
|switch|p2a: Rillaboom|Rillaboom, M|100/100
|-fieldstart|move: Grassy Terrain|[from] ability: Grassy Surge|[of] p2a: Rillaboom
|move|p1a: Great Tusk|Rapid Spin|p2a: Rillaboom
|-damage|p2a: Rillaboom|80/100
|-boost|p1a: Great Tusk|spe|1
|
|-heal|p2a: Rillaboom|86/100|[from] Grassy Terrain
|upkeep
|turn|6
|
|t:|1760389144
|move|p2a: Rillaboom|Fake Out|p1a: Great Tusk
|-damage|p1a: Great Tusk|94/100
|-damage|p2a: Rillaboom|76/100|[from] item: Life Orb
|cant|p1a: Great Tusk|flinch
|
|-end|p1a: Great Tusk|move: Future Sight
|-supereffective|p1a: Great Tusk
|-damage|p1a: Great Tusk|0 fnt
|faint|p1a: Great Tusk
|-end|p1a: Great Tusk|Protosynthesis|[silent]
|-heal|p2a: Rillaboom|82/100|[from] Grassy Terrain
|-sideend|p1: Person435|move: Light Screen
|upkeep
|
|t:|1760389164
|switch|p1a: Zapdos|Zapdos|100/100
|turn|7
|
|t:|1760389167
|switch|p2a: Slowking|Slowking-Galar, F|100/100
|move|p1a: Zapdos|Heat Wave|p2a: Slowking
|-damage|p2a: Slowking|86/100
|
|-heal|p2a: Slowking|92/100|[from] Grassy Terrain
|-sideend|p1: Person435|Reflect
|upkeep
|turn|8
|
|t:|1760389171
|move|p1a: Zapdos|U-turn|p2a: Slowking
|-crit|p2a: Slowking
|-damage|p2a: Slowking|73/100
|
|t:|1760389173
|switch|p1a: Indeedee|Indeedee-F, F|47/100 psn|[from] U-turn
|-fieldstart|move: Psychic Terrain|[from] ability: Psychic Surge|[of] p1a: Indeedee
|move|p2a: Slowking|Future Sight|p1a: Indeedee
|-start|p2a: Slowking|move: Future Sight
|
|-damage|p1a: Indeedee|34/100 psn|[from] psn
|upkeep
|turn|9
|
|t:|1760389184
|switch|p1a: Polteageist|Polteageist|100/100
|move|p2a: Slowking|Sludge Bomb|p1a: Polteageist
|-resisted|p1a: Polteageist
|-damage|p1a: Polteageist|75/100
|
|upkeep
|turn|10
|
|t:|1760389190
|switch|p1a: Indeedee|Indeedee-F, F|34/100 psn
|move|p2a: Slowking|Ice Beam|p1a: Indeedee
|-damage|p1a: Indeedee|15/100 psn
|
|-end|p1a: Indeedee|move: Future Sight
|-resisted|p1a: Indeedee
|-damage|p1a: Indeedee|0 fnt
|faint|p1a: Indeedee
|upkeep
|
|t:|1760389192
|switch|p1a: Polteageist|Polteageist|75/100
|turn|11
|
|t:|1760389194
|move|p1a: Polteageist|Shell Smash|p1a: Polteageist
|-unboost|p1a: Polteageist|def|1
|-unboost|p1a: Polteageist|spd|1
|-boost|p1a: Polteageist|atk|2
|-boost|p1a: Polteageist|spa|2
|-boost|p1a: Polteageist|spe|2
|move|p2a: Slowking|Future Sight|p1a: Polteageist
|-start|p2a: Slowking|move: Future Sight
|
|upkeep
|turn|12
|
|t:|1760389197
|move|p1a: Polteageist|Shadow Ball|p2a: Slowking
|-supereffective|p2a: Slowking
|-damage|p2a: Slowking|0 fnt
|faint|p2a: Slowking
|
|upkeep
|
|t:|1760389199
|switch|p2a: Skeledirge|Skeledirge, F|100/100
|turn|13
|
|t:|1760389204
|switch|p1a: Ogerpon|Ogerpon-Wellspring, F|100/100
|-terastallize|p2a: Skeledirge|Water
|move|p2a: Skeledirge|Hex|p1a: Ogerpon
|-damage|p1a: Ogerpon|74/100
|
|-end|p1a: Ogerpon|move: Future Sight
|-damage|p1a: Ogerpon|0 fnt
|faint|p1a: Ogerpon
|upkeep
|
|t:|1760389207
|switch|p1a: Zapdos|Zapdos|100/100
|turn|14
|
|t:|1760389210
|switch|p2a: Garchomp|Garchomp, F|100/100
|move|p1a: Zapdos|U-turn|p2a: Garchomp
|-damage|p2a: Garchomp|86/100
|-damage|p1a: Zapdos|88/100|[from] ability: Rough Skin|[of] p2a: Garchomp
|
|t:|1760389217
|switch|p1a: Polteageist|Polteageist|75/100|[from] U-turn
|
|upkeep
|turn|15
|
|t:|1760389222
|move|p2a: Garchomp|Scale Shot|p1a: Polteageist
|-damage|p1a: Polteageist|49/100
|-ability|p1a: Polteageist|Weak Armor|boost
|-unboost|p1a: Polteageist|def|1
|-boost|p1a: Polteageist|spe|2
|-damage|p1a: Polteageist|12/100
|-ability|p1a: Polteageist|Weak Armor|boost
|-unboost|p1a: Polteageist|def|1
|-boost|p1a: Polteageist|spe|2
|-crit|p1a: Polteageist
|-damage|p1a: Polteageist|0 fnt
|faint|p1a: Polteageist
|-hitcount|p1: Polteageist|3
|-unboost|p2a: Garchomp|def|1
|-boost|p2a: Garchomp|spe|1
|
|-fieldend|move: Psychic Terrain
|upkeep
|-message|Person435 forfeited.
|
|win|V_run658
|raw|Person435's rating: 1353 &rarr; <strong>1334</strong><br />(-19 for losing)
|raw|V_run658's rating: 1362 &rarr; <strong>1381</strong><br />(+19 for winning)
|l|☆Person435
|player|p1|
|l|☆V_run658
|player|p2|
