|j|☆Blackheart1979
|j|☆Iconic_stardust
|t:|1760372578
|gametype|singles
|player|p1|Blackheart1979|266|1309
|player|p2|Iconic_stardust|palmer|1302
|gen|9
|tier|[Gen 9] OU
|rated|
|rule|HP Percentage Mod: HP is shown in percentages
|rule|Endless Battle Clause: Forcing endless battles is banned
|rule|Species Clause: Limit one of each Pokémon
|rule|OHKO Clause: OHKO moves are banned
|rule|Evasion Items Clause: Evasion items are banned
|rule|Evasion Moves Clause: Evasion moves are banned
|rule|Evasion Abilities Clause: Evasion abilities are banned
|rule|Sleep Moves Clause: Sleep-inducing moves are banned
|clearpoke
|poke|p1|Torterra, M|
|poke|p1|Raging Bolt|
|poke|p1|Samurott-Hisui, M|
|poke|p1|Comfey, M|
|poke|p1|Pecharunt|
|poke|p1|Corviknight, F|
|poke|p2|Ceruledge, M|
|poke|p2|Darkrai|
|poke|p2|Raging Bolt|
|poke|p2|Scizor, M|
|poke|p2|Landorus-Therian, M|
|poke|p2|Glimmora, M|
|teampreview
|
|t:|1760372597
|teamsize|p1|6
|teamsize|p2|6
|start
|switch|p1a: Samurott|Samurott-Hisui, M, shiny|100/100
|switch|p2a: Glimmora|Glimmora, M|100/100
|turn|1
|
|t:|1760372605
|move|p1a: Samurott|Razor Shell|p2a: Glimmora
|-supereffective|p2a: Glimmora
|-enditem|p2a: Glimmora|Focus Sash
|-damage|p2a: Glimmora|1/100
|-unboost|p2a: Glimmora|def|1
|-activate|p2a: Glimmora|ability: Toxic Debris
|-sidestart|p1: Blackheart1979|move: Toxic Spikes
|move|p2a: Glimmora|Stealth Rock|p1a: Samurott
|-sidestart|p1: Blackheart1979|move: Stealth Rock
|
|upkeep
|turn|2
|
|t:|1760372617
|move|p1a: Samurott|Razor Shell|p2a: Glimmora
|-supereffective|p2a: Glimmora
|-damage|p2a: Glimmora|0 fnt
|-activate|p2a: Glimmora|ability: Toxic Debris
|-sidestart|p1: Blackheart1979|move: Toxic Spikes
|faint|p2a: Glimmora
|
|upkeep
|
|t:|1760372622
|switch|p2a: Raging Bolt|Raging Bolt|100/100
|turn|3
|
|t:|1760372630
|switch|p1a: Pecharunt|Pecharunt|100/100
|-sideend|p1: Blackheart1979|move: Toxic Spikes|[of] p1a: Pecharunt
|-damage|p1a: Pecharunt|88/100|[from] Stealth Rock
|move|p2a: Raging Bolt|Dragon Pulse|p1a: Pecharunt
|-damage|p1a: Pecharunt|37/100
|
|-heal|p1a: Pecharunt|43/100|[from] item: Leftovers
|upkeep
|turn|4
|
|t:|1760372639
|switch|p1a: Corviknight|Corviknight, F|100/100
|-damage|p1a: Corviknight|88/100|[from] Stealth Rock
|move|p2a: Raging Bolt|Volt Switch|p1a: Corviknight
|-supereffective|p1a: Corviknight
|-damage|p1a: Corviknight|33/100
|
|t:|1760372644
|-end|p2a: Raging Bolt|Protosynthesis|[silent]
|switch|p2a: Darkrai|Darkrai|100/100|[from] Volt Switch
|
|-heal|p1a: Corviknight|40/100|[from] item: Leftovers
|upkeep
|turn|5
|
|t:|1760372651
|move|p2a: Darkrai|Dark Pulse|p1a: Corviknight
|-damage|p1a: Corviknight|10/100
|move|p1a: Corviknight|Roost|p1a: Corviknight
|-heal|p1a: Corviknight|60/100
|-singleturn|p1a: Corviknight|move: Roost
|
|-heal|p1a: Corviknight|66/100|[from] item: Leftovers
|upkeep
|turn|6
|
|t:|1760372660
|move|p2a: Darkrai|Dark Pulse|p1a: Corviknight
|-damage|p1a: Corviknight|36/100
|move|p1a: Corviknight|Defog|p2a: Darkrai
|-unboost|p2a: Darkrai|evasion|1
|-sideend|p1: Blackheart1979|Stealth Rock|[from] move: Defog|[of] p1a: Corviknight
|
|-heal|p1a: Corviknight|42/100|[from] item: Leftovers
|upkeep
|turn|7
|
|t:|1760372668
|move|p2a: Darkrai|Will-O-Wisp|p1a: Corviknight
|-status|p1a: Corviknight|brn
|move|p1a: Corviknight|Roost|p1a: Corviknight
|-heal|p1a: Corviknight|92/100 brn
|-singleturn|p1a: Corviknight|move: Roost
|
|-heal|p1a: Corviknight|99/100 brn|[from] item: Leftovers
|-damage|p1a: Corviknight|92/100 brn|[from] brn
|upkeep
|turn|8
|
|t:|1760372682
|move|p2a: Darkrai|Dark Pulse|p1a: Corviknight
|-damage|p1a: Corviknight|61/100 brn
|move|p1a: Corviknight|Body Press|p2a: Darkrai
|-supereffective|p2a: Darkrai
|-damage|p2a: Darkrai|74/100
|
|-heal|p1a: Corviknight|68/100 brn|[from] item: Leftovers
|-damage|p1a: Corviknight|61/100 brn|[from] brn
|upkeep
|turn|9
|
|t:|1760372697
|switch|p2a: Ceruledge|Ceruledge, M|100/100
|switch|p1a: Comfey|Comfey, M|100/100
|
|upkeep
|turn|10
|
|t:|1760372712
|switch|p1a: Samurott|Samurott-Hisui, M, shiny|100/100
|move|p2a: Ceruledge|Swords Dance|p2a: Ceruledge
|-boost|p2a: Ceruledge|atk|2
|
|upkeep
|turn|11
|
|t:|1760372723
|move|p1a: Samurott|Ceaseless Edge|p2a: Ceruledge|[miss]
|-miss|p1a: Samurott|p2a: Ceruledge
|move|p2a: Ceruledge|Bitter Blade|p1a: Samurott
|-resisted|p1a: Samurott
|-damage|p1a: Samurott|46/100
|
|upkeep
|turn|12
|
|t:|1760372732
|move|p1a: Samurott|Ceaseless Edge|p2a: Ceruledge
|-supereffective|p2a: Ceruledge
|-enditem|p2a: Ceruledge|Focus Sash
|-damage|p2a: Ceruledge|1/100
|-ability|p2a: Ceruledge|Weak Armor|boost
|-unboost|p2a: Ceruledge|def|1
|-boost|p2a: Ceruledge|spe|2
|-sidestart|p2: Iconic_stardust|Spikes
|move|p2a: Ceruledge|Bitter Blade|p1a: Samurott
|-resisted|p1a: Samurott
|-damage|p1a: Samurott|0 fnt
|-heal|p2a: Ceruledge|26/100|[from] drain|[of] p1a: Samurott
|faint|p1a: Samurott
|
|upkeep
|inactive|Battle timer is ON: inactive players will automatically lose when time's up. (requested by Iconic_stardust)
|
|t:|1760372752
|switch|p1a: Raging Bolt|Raging Bolt|100/100
|turn|13
|
|t:|1760372756
|move|p2a: Ceruledge|Shadow Sneak|p1a: Raging Bolt
|-damage|p1a: Raging Bolt|59/100
|move|p1a: Raging Bolt|Thunderclap||[still]
|-fail|p1a: Raging Bolt
|
|upkeep
|turn|14
|
|t:|1760372776
|-end|p1a: Raging Bolt|Protosynthesis|[silent]
|switch|p1a: Comfey|Comfey, M|100/100
|move|p2a: Ceruledge|Poltergeist|p1a: Comfey
|-activate|p1a: Comfey|move: Poltergeist|Life Orb
|-damage|p1a: Comfey|0 fnt
|faint|p1a: Comfey
|
|upkeep
|
|t:|1760372786
|switch|p1a: Raging Bolt|Raging Bolt|59/100
|turn|15
|
|t:|1760372791
|move|p2a: Ceruledge|Shadow Sneak|p1a: Raging Bolt
|-damage|p1a: Raging Bolt|18/100
|move|p1a: Raging Bolt|Thunderbolt|p2a: Ceruledge
|-damage|p2a: Ceruledge|0 fnt
|faint|p2a: Ceruledge
|
|upkeep
|
|t:|1760372795
|switch|p2a: Scizor|Scizor, M|100/100
|-damage|p2a: Scizor|88/100|[from] Spikes
|turn|16
|
|t:|1760372803
|-end|p1a: Raging Bolt|Protosynthesis|[silent]
|switch|p1a: Corviknight|Corviknight, F|61/100 brn
|move|p2a: Scizor|Bullet Punch|p1a: Corviknight
|-resisted|p1a: Corviknight
|-damage|p1a: Corviknight|39/100 brn
|
|-heal|p1a: Corviknight|45/100 brn|[from] item: Leftovers
|-damage|p1a: Corviknight|39/100 brn|[from] brn
|upkeep
|turn|17
|
|t:|1760372819
|switch|p2a: Raging Bolt|Raging Bolt|100/100
|move|p1a: Corviknight|Iron Defense|p1a: Corviknight
|-boost|p1a: Corviknight|def|2
|
|-heal|p1a: Corviknight|45/100 brn|[from] item: Leftovers
|-damage|p1a: Corviknight|39/100 brn|[from] brn
|upkeep
|turn|18
|
|t:|1760372828
|move|p2a: Raging Bolt|Thunderbolt|p1a: Corviknight
|-supereffective|p1a: Corviknight
|-damage|p1a: Corviknight|0 fnt
|faint|p1a: Corviknight
|
|upkeep
|
|t:|1760372836
|switch|p1a: Torterra|Torterra, M, shiny|100/100
|turn|19
|
|t:|1760372843
|move|p2a: Raging Bolt|Dragon Pulse|p1a: Torterra
|-damage|p1a: Torterra|44/100
|move|p1a: Torterra|Shell Smash|p1a: Torterra
|-unboost|p1a: Torterra|def|1
|-unboost|p1a: Torterra|spd|1
|-boost|p1a: Torterra|atk|2
|-boost|p1a: Torterra|spa|2
|-boost|p1a: Torterra|spe|2
|
|upkeep
|turn|20
|
|t:|1760372863
|-end|p2a: Raging Bolt|Protosynthesis|[silent]
|switch|p2a: Landorus|Landorus-Therian, M|100/100
|-ability|p2a: Landorus|Intimidate|boost
|-unboost|p1a: Torterra|atk|1
|-terastallize|p1a: Torterra|Steel
|move|p1a: Torterra|Rock Blast|p2a: Landorus
|-damage|p2a: Landorus|88/100
|-damage|p2a: Landorus|74/100
|-damage|p2a: Landorus|61/100
|-damage|p2a: Landorus|48/100
|-crit|p2a: Landorus
|-damage|p2a: Landorus|27/100
|-hitcount|p2a: Landorus|5
|
|upkeep
|turn|21
|
|t:|1760372879
|move|p1a: Torterra|Rock Blast|p2a: Landorus
|-damage|p2a: Landorus|13/100
|-damage|p2a: Landorus|0 fnt
|faint|p2a: Landorus
|-hitcount|p2: Landorus|2
|
|upkeep
|
|t:|1760372884
|switch|p2a: Raging Bolt|Raging Bolt|100/100
|turn|22
|
|t:|1760372888
|move|p2a: Raging Bolt|Thunderclap|p1a: Torterra
|-damage|p1a: Torterra|0 fnt
|faint|p1a: Torterra
|
|upkeep
|-message|Blackheart1979 forfeited.
|
|win|Iconic_stardust
|raw|Blackheart1979's rating: 1309 &rarr; <strong>1289</strong><br />(-20 for losing)
|raw|Iconic_stardust's rating: 1302 &rarr; <strong>1322</strong><br />(+20 for winning)
|l|☆Blackheart1979
|player|p1|
|l|☆Iconic_stardust
|player|p2|
