|j|☆elite four jesus
|j|☆exo444
|t:|1760452012
|gametype|singles
|player|p1|elite four jesus|musician|1109
|player|p2|exo444|bruno|1122
|gen|9
|tier|[Gen 9] OU
|rated|
|rule|HP Percentage Mod: HP is shown in percentages
|rule|Endless Battle Clause: Forcing endless battles is banned
|rule|Species Clause: Limit one of each Pokémon
|rule|OHKO Clause: OHKO moves are banned
|rule|Evasion Items Clause: Evasion items are banned
|rule|Evasion Moves Clause: Evasion moves are banned
|rule|Evasion Abilities Clause: Evasion abilities are banned
|rule|Sleep Moves Clause: Sleep-inducing moves are banned
|clearpoke
|poke|p1|Kyurem|
|poke|p1|Slowking-Galar, M|
|poke|p1|Ogerpon-Wellspring, F|
|poke|p1|Kingambit, F|
|poke|p1|Persian, F|
|poke|p1|Great Tusk|
|poke|p2|Hoopa-Unbound|
|poke|p2|Alomomola, F|
|poke|p2|Weezing-Galar, F|
|poke|p2|Gliscor, F|
|poke|p2|Kingambit, F|
|poke|p2|Dragapult, M|
|teampreview
|
|t:|1760452019
|teamsize|p1|6
|teamsize|p2|6
|start
|switch|p1a: pokemon isnt dead|Persian, F, shiny|100/100
|switch|p2a: Dragapult|Dragapult, M|100/100
|turn|1
|
|t:|1760452032
|move|p2a: Dragapult|Will-O-Wisp|p1a: pokemon isnt dead
|-status|p1a: pokemon isnt dead|brn
|move|p1a: pokemon isnt dead|Knock Off|p2a: Dragapult
|-supereffective|p2a: Dragapult
|-damage|p2a: Dragapult|71/100
|-enditem|p2a: Dragapult|Heavy-Duty Boots|[from] move: Knock Off|[of] p1a: pokemon isnt dead
|
|-damage|p1a: pokemon isnt dead|95/100 brn|[from] brn
|upkeep
|turn|2
|
|t:|1760452048
|switch|p1a: POKEMON IS D3AD|Slowking-Galar, M|100/100
|move|p2a: Dragapult|U-turn|p1a: POKEMON IS D3AD
|-damage|p1a: POKEMON IS D3AD|79/100
|
|t:|1760452067
|switch|p2a: Weezing|Weezing-Galar, F|100/100|[from] U-turn
|-ability|p2a: Weezing|Neutralizing Gas
|
|upkeep
|turn|3
|
|t:|1760452084
|move|p2a: Weezing|Will-O-Wisp|p1a: POKEMON IS D3AD
|-status|p1a: POKEMON IS D3AD|brn
|move|p1a: POKEMON IS D3AD|Future Sight|p2a: Weezing
|-start|p1a: POKEMON IS D3AD|move: Future Sight
|
|-damage|p1a: POKEMON IS D3AD|73/100 brn|[from] brn
|upkeep
|turn|4
|
|t:|1760452091
|move|p2a: Weezing|Strange Steam|p1a: POKEMON IS D3AD
|-resisted|p1a: POKEMON IS D3AD
|-damage|p1a: POKEMON IS D3AD|62/100 brn
|-prepare|p1a: POKEMON IS D3AD|Chilly Reception|[premajor]
|move|p1a: POKEMON IS D3AD|Chilly Reception|p1a: POKEMON IS D3AD
|-weather|Snowscape
|
|t:|1760452097
|switch|p1a: PHO-KEMON IS DEAD|Kyurem, shiny|100/100|[from] Chilly Reception
|
|-weather|Snowscape|[upkeep]
|upkeep
|turn|5
|
|t:|1760452108
|move|p1a: PHO-KEMON IS DEAD|Substitute|p1a: PHO-KEMON IS DEAD
|-start|p1a: PHO-KEMON IS DEAD|Substitute
|-damage|p1a: PHO-KEMON IS DEAD|76/100
|move|p2a: Weezing|Strange Steam|p1a: PHO-KEMON IS DEAD
|-supereffective|p1a: PHO-KEMON IS DEAD
|-end|p1a: PHO-KEMON IS DEAD|Substitute
|
|-weather|Snowscape|[upkeep]
|-end|p2a: Weezing|move: Future Sight
|-supereffective|p2a: Weezing
|-damage|p2a: Weezing|0 fnt
|faint|p2a: Weezing
|-end|p2a: Weezing|ability: Neutralizing Gas
|-ability|p1a: PHO-KEMON IS DEAD|Pressure
|upkeep
|
|t:|1760452140
|switch|p2a: Kingambit|Kingambit, F|100/100
|-activate|p2a: Kingambit|ability: Supreme Overlord
|-start|p2a: Kingambit|fallen1|[silent]
|turn|6
|
|t:|1760452147
|move|p1a: PHO-KEMON IS DEAD|Earth Power|p2a: Kingambit
|-supereffective|p2a: Kingambit
|-damage|p2a: Kingambit|35/100
|move|p2a: Kingambit|Swords Dance|p2a: Kingambit
|-boost|p2a: Kingambit|atk|2
|
|-weather|Snowscape|[upkeep]
|-heal|p2a: Kingambit|41/100|[from] item: Leftovers
|upkeep
|turn|7
|
|t:|1760452175
|move|p2a: Kingambit|Sucker Punch|p1a: PHO-KEMON IS DEAD
|-damage|p1a: PHO-KEMON IS DEAD|15/100
|move|p1a: PHO-KEMON IS DEAD|Earth Power|p2a: Kingambit
|-supereffective|p2a: Kingambit
|-damage|p2a: Kingambit|0 fnt
|faint|p2a: Kingambit
|-end|p2a: Kingambit|fallen1|[silent]
|
|-weather|Snowscape|[upkeep]
|upkeep
|
|t:|1760452188
|switch|p2a: Dragapult|Dragapult, M|71/100
|turn|8
|
|t:|1760452201
|switch|p1a: POKEMON IS D3AD|Slowking-Galar, M|62/100 brn
|move|p2a: Dragapult|Dragon Darts|p1a: POKEMON IS D3AD
|-crit|p1a: POKEMON IS D3AD
|-damage|p1a: POKEMON IS D3AD|26/100 brn
|-anim|p2a: Dragapult|Dragon Darts|p1a: POKEMON IS D3AD
|-damage|p1a: POKEMON IS D3AD|5/100 brn
|
|-weather|none
|-damage|p1a: POKEMON IS D3AD|0 fnt|[from] brn
|faint|p1a: POKEMON IS D3AD
|upkeep
|
|t:|1760452212
|switch|p1a: POKEMON IS DEAD|Ogerpon-Wellspring, F|100/100
|turn|9
|
|t:|1760452221
|move|p2a: Dragapult|U-turn|p1a: POKEMON IS DEAD
|-supereffective|p1a: POKEMON IS DEAD
|-damage|p1a: POKEMON IS DEAD|52/100
|
|t:|1760452228
|switch|p2a: Alomomola|Alomomola, F|100/100|[from] U-turn
|move|p1a: POKEMON IS DEAD|Ivy Cudgel|p2a: Alomomola|[anim] Ivy Cudgel Water
|-resisted|p2a: Alomomola
|-damage|p2a: Alomomola|81/100
|
|upkeep
|turn|10
|
|t:|1760452250
|move|p1a: POKEMON IS DEAD|Horn Leech|p2a: Alomomola
|-supereffective|p2a: Alomomola
|-damage|p2a: Alomomola|29/100
|-heal|p1a: POKEMON IS DEAD|93/100|[from] drain|[of] p2a: Alomomola
|-damage|p1a: POKEMON IS DEAD|76/100|[from] item: Rocky Helmet|[of] p2a: Alomomola
|move|p2a: Alomomola|Tickle|p1a: POKEMON IS DEAD
|-unboost|p1a: POKEMON IS DEAD|atk|1
|-unboost|p1a: POKEMON IS DEAD|def|1
|
|upkeep
|turn|11
|
|t:|1760452270
|switch|p2a: Hoopa|Hoopa-Unbound|100/100
|move|p1a: POKEMON IS DEAD|U-turn|p2a: Hoopa
|-supereffective|p2a: Hoopa
|-damage|p2a: Hoopa|0 fnt
|faint|p2a: Hoopa
|
|t:|1760452287
|switch|p1a: pokemon isnt dead|Persian, F, shiny|95/100 brn|[from] U-turn
|
|-damage|p1a: pokemon isnt dead|89/100 brn|[from] brn
|upkeep
|
|t:|1760452295
|switch|p2a: Gliscor|Gliscor, F|100/100
|turn|12
|
|t:|1760452300
|move|p1a: pokemon isnt dead|Knock Off|p2a: Gliscor
|-damage|p2a: Gliscor|92/100
|-enditem|p2a: Gliscor|Toxic Orb|[from] move: Knock Off|[of] p1a: pokemon isnt dead
|move|p2a: Gliscor|Swords Dance|p2a: Gliscor
|-boost|p2a: Gliscor|atk|2
|
|-damage|p1a: pokemon isnt dead|83/100 brn|[from] brn
|upkeep
|turn|13
|-message|exo444 forfeited.
|
|win|elite four jesus
|raw|elite four jesus's rating: 1109 &rarr; <strong>1135</strong><br />(+26 for winning)
|raw|exo444's rating: 1122 &rarr; <strong>1096</strong><br />(-26 for losing)
|l|☆exo444
|player|p2|
|l|☆elite four jesus
|player|p1|
