|j|☆jakkuza
|j|☆Gsa7
|t:|1760330867
|gametype|singles
|player|p1|jakkuza|dawn|1264
|player|p2|Gsa7|collector|1385
|gen|9
|tier|[Gen 9] OU
|rated|
|rule|HP Percentage Mod: HP is shown in percentages
|rule|Endless Battle Clause: Forcing endless battles is banned
|rule|Species Clause: Limit one of each Pokémon
|rule|OHKO Clause: OHKO moves are banned
|rule|Evasion Items Clause: Evasion items are banned
|rule|Evasion Moves Clause: Evasion moves are banned
|rule|Evasion Abilities Clause: Evasion abilities are banned
|rule|Sleep Moves Clause: Sleep-inducing moves are banned
|clearpoke
|poke|p1|Garganacl, F|
|poke|p1|Polteageist|
|poke|p1|Clefable, M|
|poke|p1|Rillaboom, M|
|poke|p1|Zamazenta-*|
|poke|p1|Ditto|
|poke|p2|Hatterene, F|
|poke|p2|Rotom-Wash|
|poke|p2|Ceruledge, M|
|poke|p2|Hippowdon, F|
|poke|p2|Goodra-Hisui, M|
|poke|p2|Hawlucha, M|
|teampreview
|inactive|Battle timer is ON: inactive players will automatically lose when time's up. (requested by jakkuza)
|
|t:|1760330880
|teamsize|p1|6
|teamsize|p2|6
|start
|switch|p1a: Zamazenta|Zamazenta|100/100
|switch|p2a: Rotom|Rotom-Wash|100/100
|-ability|p1a: Zamazenta|Dauntless Shield|boost
|-boost|p1a: Zamazenta|def|1
|turn|1
|
|t:|1760330901
|switch|p1a: Garganacl|Garganacl, F|100/100
|move|p2a: Rotom|Volt Switch|p1a: Garganacl
|-damage|p1a: Garganacl|82/100
|
|t:|1760330907
|switch|p2a: Hawlucha|Hawlucha, M, shiny|100/100|[from] Volt Switch
|
|-heal|p1a: Garganacl|88/100|[from] item: Leftovers
|upkeep
|turn|2
|
|t:|1760330921
|switch|p2a: Hippowdon|Hippowdon, F|100/100
|-weather|Sandstorm|[from] ability: Sand Stream|[of] p2a: Hippowdon
|-terastallize|p1a: Garganacl|Electric
|move|p1a: Garganacl|Iron Defense|p1a: Garganacl
|-boost|p1a: Garganacl|def|2
|
|-weather|Sandstorm|[upkeep]
|-damage|p1a: Garganacl|82/100|[from] Sandstorm
|-heal|p1a: Garganacl|88/100|[from] item: Leftovers
|upkeep
|turn|3
|
|t:|1760330934
|move|p2a: Hippowdon|Stealth Rock|p1a: Garganacl
|-sidestart|p1: jakkuza|move: Stealth Rock
|move|p1a: Garganacl|Salt Cure|p2a: Hippowdon
|-resisted|p2a: Hippowdon
|-damage|p2a: Hippowdon|97/100
|-start|p2a: Hippowdon|Salt Cure
|
|-weather|Sandstorm|[upkeep]
|-damage|p1a: Garganacl|82/100|[from] Sandstorm
|-heal|p1a: Garganacl|88/100|[from] item: Leftovers
|-damage|p2a: Hippowdon|85/100|[from] Salt Cure
|upkeep
|turn|4
|
|t:|1760330945
|move|p1a: Garganacl|Iron Defense|p1a: Garganacl
|-boost|p1a: Garganacl|def|2
|move|p2a: Hippowdon|Roar|p1a: Garganacl
|drag|p1a: Rillaboom|Rillaboom, M|100/100
|-damage|p1a: Rillaboom|88/100|[from] Stealth Rock
|-fieldstart|move: Grassy Terrain|[from] ability: Grassy Surge|[of] p1a: Rillaboom
|
|-weather|Sandstorm|[upkeep]
|-damage|p1a: Rillaboom|82/100|[from] Sandstorm
|-heal|p1a: Rillaboom|88/100|[from] Grassy Terrain
|-heal|p2a: Hippowdon|91/100|[from] Grassy Terrain
|-damage|p2a: Hippowdon|78/100|[from] Salt Cure
|upkeep
|turn|5
|
|t:|1760330962
|switch|p2a: Goodra|Goodra-Hisui, M|100/100
|move|p1a: Rillaboom|Wood Hammer|p2a: Goodra
|-ability|p2a: Goodra|Sap Sipper|boost
|-boost|p2a: Goodra|atk|1
|
|-weather|Sandstorm|[upkeep]
|-damage|p1a: Rillaboom|82/100|[from] Sandstorm
|-heal|p1a: Rillaboom|88/100|[from] Grassy Terrain
|upkeep
|turn|6
|
|t:|1760330972
|switch|p1a: Ditto|Ditto|100/100
|-damage|p1a: Ditto|88/100|[from] Stealth Rock
|-transform|p1a: Ditto|p2a: Goodra|[from] ability: Imposter
|move|p2a: Goodra|Flamethrower|p1a: Ditto
|-damage|p1a: Ditto|64/100
|
|-weather|none
|-heal|p1a: Ditto|70/100|[from] Grassy Terrain
|upkeep
|turn|7
|
|t:|1760330990
|move|p1a: Ditto|Dragon Pulse|p2a: Goodra
|-damage|p2a: Goodra|81/100
|move|p2a: Goodra|Dragon Pulse|p1a: Ditto
|-damage|p1a: Ditto|35/100
|
|-heal|p1a: Ditto|41/100|[from] Grassy Terrain
|-heal|p2a: Goodra|87/100|[from] Grassy Terrain
|upkeep
|turn|8
|
|t:|1760331006
|switch|p1a: Clefable|Clefable, M|100/100
|move|p2a: Goodra|Flash Cannon|p1a: Clefable
|-supereffective|p1a: Clefable
|-damage|p1a: Clefable|28/100
|
|-heal|p1a: Clefable|35/100|[from] Grassy Terrain
|-heal|p2a: Goodra|93/100|[from] Grassy Terrain
|-heal|p1a: Clefable|41/100|[from] item: Leftovers
|-fieldend|move: Grassy Terrain
|upkeep
|turn|9
|inactive|jakkuza has 120 seconds left.
|
|t:|1760331042
|switch|p1a: Rillaboom|Rillaboom, M|88/100
|-damage|p1a: Rillaboom|76/100|[from] Stealth Rock
|-fieldstart|move: Grassy Terrain|[from] ability: Grassy Surge|[of] p1a: Rillaboom
|move|p2a: Goodra|Flash Cannon|p1a: Rillaboom
|-damage|p1a: Rillaboom|26/100
|
|-heal|p1a: Rillaboom|32/100|[from] Grassy Terrain
|-heal|p2a: Goodra|99/100|[from] Grassy Terrain
|upkeep
|turn|10
|
|t:|1760331053
|move|p1a: Rillaboom|Earthquake|p2a: Goodra
|-supereffective|p2a: Goodra
|-damage|p2a: Goodra|50/100
|move|p2a: Goodra|Dragon Pulse|p1a: Rillaboom
|-damage|p1a: Rillaboom|0 fnt
|faint|p1a: Rillaboom
|
|-heal|p2a: Goodra|57/100|[from] Grassy Terrain
|upkeep
|
|t:|1760331075
|switch|p1a: Garganacl|Garganacl, F, tera:Electric|88/100
|-damage|p1a: Garganacl|75/100|[from] Stealth Rock
|turn|11
|
|t:|1760331084
|switch|p2a: Hippowdon|Hippowdon, F|78/100
|-weather|Sandstorm|[from] ability: Sand Stream|[of] p2a: Hippowdon
|move|p1a: Garganacl|Salt Cure|p2a: Hippowdon
|-resisted|p2a: Hippowdon
|-damage|p2a: Hippowdon|75/100
|-start|p2a: Hippowdon|Salt Cure
|
|-weather|Sandstorm|[upkeep]
|-damage|p1a: Garganacl|69/100|[from] Sandstorm
|-heal|p2a: Hippowdon|81/100|[from] Grassy Terrain
|-heal|p1a: Garganacl|75/100|[from] Grassy Terrain
|-heal|p1a: Garganacl|82/100|[from] item: Leftovers
|-damage|p2a: Hippowdon|69/100|[from] Salt Cure
|upkeep
|turn|12
|
|t:|1760331099
|switch|p1a: Ditto|Ditto|41/100
|-damage|p1a: Ditto|28/100|[from] Stealth Rock
|-transform|p1a: Ditto|p2a: Hippowdon|[from] ability: Imposter
|move|p2a: Hippowdon|Slack Off|p2a: Hippowdon
|-heal|p2a: Hippowdon|100/100
|
|-weather|Sandstorm|[upkeep]
|-heal|p1a: Ditto|34/100|[from] Grassy Terrain
|-damage|p2a: Hippowdon|88/100|[from] Salt Cure
|upkeep
|turn|13
|
|t:|1760331113
|switch|p2a: Hatterene|Hatterene, F|100/100
|move|p1a: Ditto|Stealth Rock|p2a: Hatterene
|move|p2a: Hatterene|Stealth Rock||[from] ability: Magic Bounce|[still]
|-fail|p2a: Hatterene
|
|-weather|Sandstorm|[upkeep]
|-damage|p2a: Hatterene|95/100|[from] Sandstorm
|-heal|p1a: Ditto|40/100|[from] Grassy Terrain
|-heal|p2a: Hatterene|100/100|[from] Grassy Terrain
|-fieldend|move: Grassy Terrain
|upkeep
|turn|14
|
|t:|1760331131
|switch|p1a: Zamazenta|Zamazenta|100/100
|-damage|p1a: Zamazenta|94/100|[from] Stealth Rock
|move|p2a: Hatterene|Calm Mind|p2a: Hatterene
|-boost|p2a: Hatterene|spa|1
|-boost|p2a: Hatterene|spd|1
|
|-weather|Sandstorm|[upkeep]
|-damage|p1a: Zamazenta|88/100|[from] Sandstorm
|-damage|p2a: Hatterene|95/100|[from] Sandstorm
|-heal|p2a: Hatterene|100/100|[from] item: Leftovers
|upkeep
|turn|15
|
|t:|1760331142
|move|p1a: Zamazenta|Heavy Slam|p2a: Hatterene
|-supereffective|p2a: Hatterene
|-damage|p2a: Hatterene|29/100
|move|p2a: Hatterene|Draining Kiss|p1a: Zamazenta
|-supereffective|p1a: Zamazenta
|-damage|p1a: Zamazenta|31/100
|-heal|p2a: Hatterene|73/100|[from] drain|[of] p1a: Zamazenta
|
|-weather|none
|-heal|p2a: Hatterene|79/100|[from] item: Leftovers
|upkeep
|turn|16
|
|t:|1760331155
|switch|p2a: Hippowdon|Hippowdon, F|88/100
|-weather|Sandstorm|[from] ability: Sand Stream|[of] p2a: Hippowdon
|move|p1a: Zamazenta|Heavy Slam|p2a: Hippowdon
|-damage|p2a: Hippowdon|81/100
|-damage|p1a: Zamazenta|14/100|[from] item: Rocky Helmet|[of] p2a: Hippowdon
|
|-weather|Sandstorm|[upkeep]
|-damage|p1a: Zamazenta|8/100|[from] Sandstorm
|upkeep
|turn|17
|
|t:|1760331166
|move|p1a: Zamazenta|Ice Fang|p2a: Hippowdon
|-supereffective|p2a: Hippowdon
|-damage|p2a: Hippowdon|55/100
|-status|p2a: Hippowdon|frz
|-damage|p1a: Zamazenta|0 fnt|[from] item: Rocky Helmet|[of] p2a: Hippowdon
|faint|p1a: Zamazenta
|cant|p2a: Hippowdon|frz
|
|-weather|Sandstorm|[upkeep]
|upkeep
|inactive|jakkuza has 120 seconds left.
|
|t:|1760331180
|switch|p1a: Polteageist|Polteageist|100/100
|-damage|p1a: Polteageist|88/100|[from] Stealth Rock
|turn|18
|
|t:|1760331190
|switch|p2a: Goodra|Goodra-Hisui, M|57/100
|move|p1a: Polteageist|Shell Smash|p1a: Polteageist
|-unboost|p1a: Polteageist|def|1
|-unboost|p1a: Polteageist|spd|1
|-boost|p1a: Polteageist|atk|2
|-boost|p1a: Polteageist|spa|2
|-boost|p1a: Polteageist|spe|2
|-enditem|p1a: Polteageist|White Herb
|-clearnegativeboost|p1a: Polteageist|[silent]
|
|-weather|Sandstorm|[upkeep]
|-damage|p1a: Polteageist|82/100|[from] Sandstorm
|upkeep
|turn|19
|
|t:|1760331202
|move|p1a: Polteageist|Shadow Ball|p2a: Goodra
|-crit|p2a: Goodra
|-damage|p2a: Goodra|0 fnt
|faint|p2a: Goodra
|
|-weather|Sandstorm|[upkeep]
|-damage|p1a: Polteageist|76/100|[from] Sandstorm
|upkeep
|
|t:|1760331211
|switch|p2a: Ceruledge|Ceruledge, M|100/100
|turn|20
|
|t:|1760331218
|move|p1a: Polteageist|Shadow Ball|p2a: Ceruledge
|-supereffective|p2a: Ceruledge
|-enditem|p2a: Ceruledge|Focus Sash
|-damage|p2a: Ceruledge|1/100
|move|p2a: Ceruledge|Swords Dance|p2a: Ceruledge
|-boost|p2a: Ceruledge|atk|2
|
|-weather|none
|upkeep
|turn|21
|
|t:|1760331232
|switch|p1a: Garganacl|Garganacl, F, tera:Electric|82/100
|-damage|p1a: Garganacl|69/100|[from] Stealth Rock
|move|p2a: Ceruledge|Shadow Sneak|p1a: Garganacl
|-damage|p1a: Garganacl|55/100
|
|-heal|p1a: Garganacl|61/100|[from] item: Leftovers
|upkeep
|turn|22
|
|t:|1760331243
|move|p2a: Ceruledge|Poltergeist|p1a: Garganacl
|-activate|p1a: Garganacl|move: Poltergeist|Leftovers
|-damage|p1a: Garganacl|22/100
|move|p1a: Garganacl|Salt Cure|p2a: Ceruledge
|-supereffective|p2a: Ceruledge
|-damage|p2a: Ceruledge|0 fnt
|faint|p2a: Ceruledge
|
|-heal|p1a: Garganacl|28/100|[from] item: Leftovers
|upkeep
|
|t:|1760331255
|switch|p2a: Hawlucha|Hawlucha, M, shiny|100/100
|turn|23
|
|t:|1760331260
|move|p2a: Hawlucha|Close Combat|p1a: Garganacl
|-damage|p1a: Garganacl|0 fnt
|-unboost|p2a: Hawlucha|def|1
|-unboost|p2a: Hawlucha|spd|1
|faint|p1a: Garganacl
|
|upkeep
|
|t:|1760331266
|switch|p1a: Ditto|Ditto|40/100
|-damage|p1a: Ditto|28/100|[from] Stealth Rock
|-transform|p1a: Ditto|p2a: Hawlucha|[from] ability: Imposter
|turn|24
|
|t:|1760331295
|switch|p2a: Hippowdon|Hippowdon, F|55/100 frz
|-weather|Sandstorm|[from] ability: Sand Stream|[of] p2a: Hippowdon
|move|p1a: Ditto|Sky Attack||[still]
|-prepare|p1a: Ditto|Sky Attack
|
|-weather|Sandstorm|[upkeep]
|-damage|p1a: Ditto|22/100|[from] Sandstorm
|upkeep
|turn|25
|
|t:|1760331303
|move|p1a: Ditto|Sky Attack|p2a: Hippowdon|[from] lockedmove
|-damage|p2a: Hippowdon|25/100 frz
|-curestatus|p2a: Hippowdon|frz|[msg]
|cant|p2a: Hippowdon|flinch
|
|-weather|Sandstorm|[upkeep]
|-damage|p1a: Ditto|16/100|[from] Sandstorm
|upkeep
|turn|26
|
|t:|1760331313
|move|p1a: Ditto|Sky Attack||[still]
|-prepare|p1a: Ditto|Sky Attack
|move|p2a: Hippowdon|Slack Off|p2a: Hippowdon
|-heal|p2a: Hippowdon|75/100
|
|-weather|Sandstorm|[upkeep]
|-damage|p1a: Ditto|10/100|[from] Sandstorm
|upkeep
|turn|27
|
|t:|1760331321
|move|p1a: Ditto|Sky Attack|p2a: Hippowdon|[from] lockedmove
|-damage|p2a: Hippowdon|44/100
|move|p2a: Hippowdon|Slack Off|p2a: Hippowdon
|-heal|p2a: Hippowdon|94/100
|
|-weather|Sandstorm|[upkeep]
|-damage|p1a: Ditto|4/100|[from] Sandstorm
|upkeep
|turn|28
|
|t:|1760331330
|move|p1a: Ditto|Sky Attack||[still]
|-prepare|p1a: Ditto|Sky Attack
|move|p2a: Hippowdon|Roar|p1a: Ditto
|drag|p1a: Clefable|Clefable, M|41/100
|
|-weather|none
|-heal|p1a: Clefable|47/100|[from] item: Leftovers
|upkeep
|turn|29
|
|t:|1760331341
|move|p1a: Clefable|Moonlight|p1a: Clefable
|-heal|p1a: Clefable|97/100
|move|p2a: Hippowdon|Earthquake|p1a: Clefable
|-damage|p1a: Clefable|62/100
|
|-heal|p1a: Clefable|68/100|[from] item: Leftovers
|upkeep
|turn|30
|
|t:|1760331350
|switch|p2a: Rotom|Rotom-Wash|100/100
|move|p1a: Clefable|Cosmic Power|p1a: Clefable
|-boost|p1a: Clefable|def|1
|-boost|p1a: Clefable|spd|1
|
|-heal|p1a: Clefable|74/100|[from] item: Leftovers
|upkeep
|turn|31
|
|t:|1760331359
|move|p2a: Rotom|Trick|p1a: Clefable
|-activate|p2a: Rotom|move: Trick|[of] p1a: Clefable
|-item|p1a: Clefable|Choice Scarf|[from] move: Trick
|-item|p2a: Rotom|Leftovers|[from] move: Trick
|move|p1a: Clefable|Cosmic Power|p1a: Clefable
|-boost|p1a: Clefable|def|1
|-boost|p1a: Clefable|spd|1
|
|upkeep
|turn|32
|-message|jakkuza forfeited.
|
|win|Gsa7
|raw|jakkuza's rating: 1264 &rarr; <strong>1247</strong><br />(-17 for losing)
|raw|Gsa7's rating: 1385 &rarr; <strong>1398</strong><br />(+13 for winning)
|l|☆jakkuza
|player|p1|
|l|☆Gsa7
|player|p2|
