|j|☆lllongtoudishu
|j|☆Leirbag14b
|t:|1760368390
|gametype|singles
|player|p1|lllongtoudishu|roxie|1126
|player|p2|Leirbag14b|n|1078
|gen|9
|tier|[Gen 9] OU
|rated|
|rule|HP Percentage Mod: HP is shown in percentages
|rule|Endless Battle Clause: Forcing endless battles is banned
|rule|Species Clause: Limit one of each Pokémon
|rule|OHKO Clause: OHKO moves are banned
|rule|Evasion Items Clause: Evasion items are banned
|rule|Evasion Moves Clause: Evasion moves are banned
|rule|Evasion Abilities Clause: Evasion abilities are banned
|rule|Sleep Moves Clause: Sleep-inducing moves are banned
|clearpoke
|poke|p1|Araquanid, M|
|poke|p1|Gholdengo|
|poke|p1|Iron Treads|
|poke|p1|Raging Bolt|
|poke|p1|Iron Valiant|
|poke|p1|Dragonite, F|
|poke|p2|Vigoroth, M|
|poke|p2|Incineroar, M|
|poke|p2|Hydreigon, F|
|poke|p2|Shiftry, F|
|poke|p2|Squawkabilly-Blue, F|
|poke|p2|Banette, M|
|teampreview
|
|t:|1760368404
|teamsize|p1|6
|teamsize|p2|6
|start
|switch|p1a: Araquanid|Araquanid, M|100/100
|switch|p2a: Shiftry|Shiftry, F, shiny|100/100
|turn|1
|inactive|Battle timer is ON: inactive players will automatically lose when time's up. (requested by Leirbag14b)
|c|☆Leirbag14b|good luck
|
|t:|1760368415
|switch|p1a: Dragonite|Dragonite, F|100/100
|move|p2a: Shiftry|Toxic Spikes|p1a: Dragonite
|-sidestart|p1: lllongtoudishu|move: Toxic Spikes
|
|upkeep
|turn|2
|
|t:|1760368422
|move|p1a: Dragonite|Fire Punch|p2a: Shiftry
|-supereffective|p2a: Shiftry
|-damage|p2a: Shiftry|39/100
|move|p2a: Shiftry|Toxic Spikes|p1a: Dragonite
|-sidestart|p1: lllongtoudishu|move: Toxic Spikes
|
|-heal|p2a: Shiftry|45/100|[from] item: Leftovers
|upkeep
|turn|3
|
|t:|1760368436
|-terastallize|p2a: Shiftry|Ground
|move|p1a: Dragonite|Dragon Dance|p1a: Dragonite
|-boost|p1a: Dragonite|atk|1
|-boost|p1a: Dragonite|spe|1
|move|p2a: Shiftry|Tailwind|p2a: Shiftry
|-sidestart|p2: Leirbag14b|move: Tailwind
|-ability|p2a: Shiftry|Wind Rider|boost
|-boost|p2a: Shiftry|atk|1
|
|-heal|p2a: Shiftry|51/100|[from] item: Leftovers
|upkeep
|turn|4
|
|t:|1760368447
|move|p1a: Dragonite|Scale Shot|p2a: Shiftry
|-damage|p2a: Shiftry|24/100
|-damage|p2a: Shiftry|0 fnt
|faint|p2a: Shiftry
|-hitcount|p2: Shiftry|2
|-unboost|p1a: Dragonite|def|1
|-boost|p1a: Dragonite|spe|1
|
|upkeep
|
|t:|1760368467
|switch|p2a: Hydreigon|Hydreigon, F, shiny|100/100
|turn|5
|
|t:|1760368481
|move|p2a: Hydreigon|Draco Meteor|p1a: Dragonite
|-supereffective|p1a: Dragonite
|-damage|p1a: Dragonite|4/100
|-unboost|p2a: Hydreigon|spa|2
|-damage|p2a: Hydreigon|91/100|[from] item: Life Orb
|move|p1a: Dragonite|Scale Shot|p2a: Hydreigon
|-supereffective|p2a: Hydreigon
|-damage|p2a: Hydreigon|41/100
|-supereffective|p2a: Hydreigon
|-damage|p2a: Hydreigon|0 fnt
|faint|p2a: Hydreigon
|-hitcount|p2: Hydreigon|2
|-unboost|p1a: Dragonite|def|1
|-boost|p1a: Dragonite|spe|1
|
|upkeep
|inactive|Leirbag14b has 120 seconds left.
|
|t:|1760368496
|switch|p2a: Banette|Banette, M, shiny|100/100
|turn|6
|
|t:|1760368504
|move|p2a: Banette|Shadow Sneak|p1a: Dragonite
|-crit|p1a: Dragonite
|-damage|p1a: Dragonite|0 fnt
|faint|p1a: Dragonite
|-damage|p2a: Banette|91/100|[from] item: Life Orb
|
|-sideend|p2: Leirbag14b|move: Tailwind
|upkeep
|
|t:|1760368515
|switch|p1a: Raging Bolt|Raging Bolt|100/100
|-status|p1a: Raging Bolt|tox
|-enditem|p1a: Raging Bolt|Booster Energy
|-activate|p1a: Raging Bolt|ability: Protosynthesis|[fromitem]
|-start|p1a: Raging Bolt|protosynthesisspa
|turn|7
|
|t:|1760368532
|move|p1a: Raging Bolt|Thunderclap|p2a: Banette
|-damage|p2a: Banette|5/100
|move|p2a: Banette|Poltergeist||[still]
|-fail|p2a: Banette
|
|-damage|p1a: Raging Bolt|94/100 tox|[from] psn
|upkeep
|turn|8
|
|t:|1760368540
|move|p1a: Raging Bolt|Dragon Pulse|p2a: Banette
|-damage|p2a: Banette|0 fnt
|faint|p2a: Banette
|
|-damage|p1a: Raging Bolt|82/100 tox|[from] psn
|upkeep
|
|t:|1760368551
|switch|p2a: Incineroar|Incineroar, M, shiny|100/100
|-ability|p2a: Incineroar|Intimidate|boost
|-unboost|p1a: Raging Bolt|atk|1
|turn|9
|
|t:|1760368556
|move|p2a: Incineroar|Fake Out|p1a: Raging Bolt
|-damage|p1a: Raging Bolt|70/100 tox
|cant|p1a: Raging Bolt|flinch
|
|-damage|p1a: Raging Bolt|51/100 tox|[from] psn
|upkeep
|turn|10
|
|t:|1760368564
|move|p1a: Raging Bolt|Draco Meteor|p2a: Incineroar
|-damage|p2a: Incineroar|36/100
|-unboost|p1a: Raging Bolt|spa|2
|move|p2a: Incineroar|U-turn|p1a: Raging Bolt
|-damage|p1a: Raging Bolt|27/100 tox
|
|t:|1760368574
|switch|p2a: Squawkabilly|Squawkabilly-Blue, F, shiny|100/100|[from] U-turn
|-ability|p2a: Squawkabilly|Intimidate|boost
|-unboost|p1a: Raging Bolt|atk|1
|
|-damage|p1a: Raging Bolt|3/100 tox|[from] psn
|upkeep
|turn|11
|
|t:|1760368584
|move|p1a: Raging Bolt|Thunderclap|p2a: Squawkabilly
|-supereffective|p2a: Squawkabilly
|-damage|p2a: Squawkabilly|0 fnt
|faint|p2a: Squawkabilly
|
|-damage|p1a: Raging Bolt|0 fnt|[from] psn
|faint|p1a: Raging Bolt
|-end|p1a: Raging Bolt|Protosynthesis|[silent]
|upkeep
|-message|Leirbag14b forfeited.
|
|win|lllongtoudishu
|raw|lllongtoudishu's rating: 1126 &rarr; <strong>1148</strong><br />(+22 for winning)
|raw|Leirbag14b's rating: 1078 &rarr; <strong>1059</strong><br />(-19 for losing)
|l|☆Leirbag14b
|player|p2|
|l|☆lllongtoudishu
|player|p1|
