|j|☆franzua
|j|☆we2022
|t:|1760433993
|gametype|singles
|player|p1|franzua|2|1136
|player|p2|we2022|1|1099
|gen|9
|tier|[Gen 9] OU
|rated|
|rule|HP Percentage Mod: HP is shown in percentages
|rule|Endless Battle Clause: Forcing endless battles is banned
|rule|Species Clause: Limit one of each Pokémon
|rule|OHKO Clause: OHKO moves are banned
|rule|Evasion Items Clause: Evasion items are banned
|rule|Evasion Moves Clause: Evasion moves are banned
|rule|Evasion Abilities Clause: Evasion abilities are banned
|rule|Sleep Moves Clause: Sleep-inducing moves are banned
|clearpoke
|poke|p1|Blaziken, F|
|poke|p1|Raichu, F|
|poke|p1|Dragonite, M|
|poke|p1|Metagross|
|poke|p1|Venusaur, F|
|poke|p1|Gengar, F|
|poke|p2|Ceruledge, F|
|poke|p2|Ogerpon-Wellspring, F|
|poke|p2|Dragapult, M|
|poke|p2|Great Tusk|
|poke|p2|Glimmora, F|
|poke|p2|Landorus-Therian, M|
|teampreview
|
|t:|1760434018
|teamsize|p1|6
|teamsize|p2|6
|start
|switch|p1a: Blaziken|Blaziken, F|100/100
|switch|p2a: Ogerpon|Ogerpon-Wellspring, F|100/100
|turn|1
|
|t:|1760434030
|-terastallize|p2a: Ogerpon|Water
|detailschange|p2a: Ogerpon|Ogerpon-Wellspring-Tera, F, tera:Water
|-ability|p2a: Ogerpon|Embody Aspect (Wellspring)|boost
|-boost|p2a: Ogerpon|spd|1
|move|p2a: Ogerpon|Ivy Cudgel|p1a: Blaziken|[anim] Ivy Cudgel Water
|-supereffective|p1a: Blaziken
|-crit|p1a: Blaziken
|-enditem|p1a: Blaziken|Focus Sash
|-damage|p1a: Blaziken|1/100
|move|p1a: Blaziken|Brave Bird|p2a: Ogerpon
|-damage|p2a: Ogerpon|40/100
|-damage|p1a: Blaziken|0 fnt|[from] Recoil
|faint|p1a: Blaziken
|
|upkeep
|
|t:|1760434055
|switch|p1a: Dragonite|Dragonite, M|100/100
|turn|2
|
|t:|1760434070
|switch|p2a: Dragapult|Dragapult, M|100/100
|move|p1a: Dragonite|Dragon Dance|p1a: Dragonite
|-boost|p1a: Dragonite|atk|1
|-boost|p1a: Dragonite|spe|1
|
|upkeep
|turn|3
|
|t:|1760434081
|move|p2a: Dragapult|Dragon Darts|p1a: Dragonite
|-supereffective|p1a: Dragonite
|-damage|p1a: Dragonite|79/100
|-anim|p2a: Dragapult|Dragon Darts|p1a: Dragonite
|-supereffective|p1a: Dragonite
|-damage|p1a: Dragonite|36/100
|move|p1a: Dragonite|Outrage|p2a: Dragapult
|-supereffective|p2a: Dragapult
|-damage|p2a: Dragapult|0 fnt
|faint|p2a: Dragapult
|
|upkeep
|
|t:|1760434093
|switch|p2a: Glimmora|Glimmora, F|100/100
|turn|4
|
|t:|1760434096
|move|p1a: Dragonite|Outrage|p2a: Glimmora|[from] lockedmove
|-enditem|p2a: Glimmora|Focus Sash
|-damage|p2a: Glimmora|1/100
|-activate|p2a: Glimmora|ability: Toxic Debris
|-sidestart|p1: franzua|move: Toxic Spikes
|move|p2a: Glimmora|Power Gem|p1a: Dragonite
|-supereffective|p1a: Dragonite
|-damage|p1a: Dragonite|0 fnt
|faint|p1a: Dragonite
|
|upkeep
|
|t:|1760434109
|switch|p1a: Metagross|Metagross|100/100
|turn|5
|
|t:|1760434116
|move|p2a: Glimmora|Spikes|p1a: Metagross
|-sidestart|p1: franzua|Spikes
|move|p1a: Metagross|Meteor Mash|p2a: Glimmora
|-supereffective|p2a: Glimmora
|-damage|p2a: Glimmora|0 fnt
|-activate|p2a: Glimmora|ability: Toxic Debris
|-sidestart|p1: franzua|move: Toxic Spikes
|faint|p2a: Glimmora
|
|upkeep
|
|t:|1760434130
|switch|p2a: Ogerpon|Ogerpon-Wellspring-Tera, F, tera:Water|40/100
|-ability|p2a: Ogerpon|Embody Aspect (Wellspring)|boost
|-boost|p2a: Ogerpon|spd|1
|turn|6
|
|t:|1760434139
|move|p2a: Ogerpon|Ivy Cudgel|p1a: Metagross|[anim] Ivy Cudgel Water
|-damage|p1a: Metagross|39/100
|move|p1a: Metagross|Meteor Mash|p2a: Ogerpon
|-resisted|p2a: Ogerpon
|-damage|p2a: Ogerpon|6/100
|
|upkeep
|turn|7
|
|t:|1760434147
|move|p2a: Ogerpon|Ivy Cudgel|p1a: Metagross|[anim] Ivy Cudgel Water
|-damage|p1a: Metagross|0 fnt
|faint|p1a: Metagross
|
|upkeep
|
|t:|1760434154
|switch|p1a: Venusaur|Venusaur, F|100/100
|-sideend|p1: franzua|move: Toxic Spikes|[of] p1a: Venusaur
|-damage|p1a: Venusaur|88/100|[from] Spikes
|turn|8
|
|t:|1760434167
|move|p2a: Ogerpon|U-turn|p1a: Venusaur
|-damage|p1a: Venusaur|54/100
|
|t:|1760434170
|switch|p2a: Landorus|Landorus-Therian, M|100/100|[from] U-turn
|-ability|p2a: Landorus|Intimidate|boost
|-unboost|p1a: Venusaur|atk|1
|move|p1a: Venusaur|Giga Drain|p2a: Landorus
|-crit|p2a: Landorus
|-damage|p2a: Landorus|37/100
|-heal|p1a: Venusaur|95/100|[from] drain|[of] p2a: Landorus
|
|upkeep
|turn|9
|
|t:|1760434179
|move|p2a: Landorus|Taunt|p1a: Venusaur
|-start|p1a: Venusaur|move: Taunt
|move|p1a: Venusaur|Giga Drain|p2a: Landorus
|-damage|p2a: Landorus|0 fnt
|-heal|p1a: Venusaur|100/100|[from] drain|[of] p2a: Landorus
|faint|p2a: Landorus
|
|upkeep
|
|t:|1760434186
|switch|p2a: Ceruledge|Ceruledge, F|100/100
|turn|10
|
|t:|1760434193
|move|p2a: Ceruledge|Swords Dance|p2a: Ceruledge
|-boost|p2a: Ceruledge|atk|2
|move|p1a: Venusaur|Sludge Bomb|p2a: Ceruledge
|-resisted|p2a: Ceruledge
|-damage|p2a: Ceruledge|75/100
|
|upkeep
|turn|11
|
|t:|1760434200
|move|p2a: Ceruledge|Bitter Blade|p1a: Venusaur
|-supereffective|p1a: Venusaur
|-damage|p1a: Venusaur|0 fnt
|-heal|p2a: Ceruledge|100/100|[from] drain|[of] p1a: Venusaur
|faint|p1a: Venusaur
|
|upkeep
|
|t:|1760434207
|switch|p1a: Gengar|Gengar, F|100/100
|-damage|p1a: Gengar|88/100|[from] Spikes
|turn|12
|
|t:|1760434216
|move|p1a: Gengar|Dark Pulse|p2a: Ceruledge
|-supereffective|p2a: Ceruledge
|-damage|p2a: Ceruledge|28/100
|move|p2a: Ceruledge|Swords Dance|p2a: Ceruledge
|-boost|p2a: Ceruledge|atk|2
|
|upkeep
|turn|13
|
|t:|1760434225
|move|p2a: Ceruledge|Shadow Sneak|p1a: Gengar
|-supereffective|p1a: Gengar
|-damage|p1a: Gengar|0 fnt
|faint|p1a: Gengar
|
|upkeep
|
|t:|1760434229
|switch|p1a: Raichu|Raichu, F|100/100
|-damage|p1a: Raichu|88/100|[from] Spikes
|turn|14
|
|t:|1760434234
|move|p2a: Ceruledge|Shadow Sneak|p1a: Raichu
|-damage|p1a: Raichu|0 fnt
|faint|p1a: Raichu
|
|win|we2022
|raw|franzua's rating: 1136 &rarr; <strong>1108</strong><br />(-28 for losing)
|raw|we2022's rating: 1099 &rarr; <strong>1127</strong><br />(+28 for winning)
|l|☆franzua
|player|p1|
|l|☆we2022
|player|p2|
