|j|☆Quantumry
|j|☆lovingscookpupil
|t:|1760405902
|gametype|singles
|player|p1|Quantumry|steven|1125
|player|p2|lovingscookpupil|1|1114
|gen|9
|tier|[Gen 9] OU
|rated|
|rule|HP Percentage Mod: HP is shown in percentages
|rule|Endless Battle Clause: Forcing endless battles is banned
|rule|Species Clause: Limit one of each Pokémon
|rule|OHKO Clause: OHKO moves are banned
|rule|Evasion Items Clause: Evasion items are banned
|rule|Evasion Moves Clause: Evasion moves are banned
|rule|Evasion Abilities Clause: Evasion abilities are banned
|rule|Sleep Moves Clause: Sleep-inducing moves are banned
|clearpoke
|poke|p1|Corviknight, F|
|poke|p1|Kyurem|
|poke|p1|Lokix, F|
|poke|p1|Metagross|
|poke|p1|Garganacl, F|
|poke|p1|Samurott-Hisui, M|
|poke|p2|Garganacl, F|
|poke|p2|Rillaboom, F|
|poke|p2|Weavile, F|
|poke|p2|Gholdengo|
|poke|p2|Zapdos|
|poke|p2|Slowking-Galar, M|
|teampreview
|inactive|Battle timer is ON: inactive players will automatically lose when time's up. (requested by lovingscookpupil)
|
|t:|1760405924
|teamsize|p1|6
|teamsize|p2|6
|start
|switch|p1a: Samurott|Samurott-Hisui, M|100/100
|switch|p2a: Zapdos|Zapdos|100/100
|turn|1
|
|t:|1760405931
|-terastallize|p1a: Samurott|Water
|move|p1a: Samurott|Ceaseless Edge|p2a: Zapdos
|-damage|p2a: Zapdos|67/100
|-sidestart|p2: lovingscookpupil|Spikes
|move|p2a: Zapdos|Volt Switch|p1a: Samurott
|-supereffective|p1a: Samurott
|-damage|p1a: Samurott|5/100
|
|t:|1760405940
|switch|p2a: Rillaboom|Rillaboom, F|100/100|[from] Volt Switch
|-damage|p2a: Rillaboom|88/100|[from] Spikes
|-fieldstart|move: Grassy Terrain|[from] ability: Grassy Surge|[of] p2a: Rillaboom
|
|-heal|p1a: Samurott|11/100|[from] Grassy Terrain
|-heal|p2a: Rillaboom|94/100|[from] Grassy Terrain
|upkeep
|turn|2
|c|☆Quantumry|oops i forgot to change terra
|
|t:|1760405957
|switch|p1a: Corviknight|Corviknight, F|100/100
|-ability|p1a: Corviknight|Pressure
|move|p2a: Rillaboom|U-turn|p1a: Corviknight
|-resisted|p1a: Corviknight
|-damage|p1a: Corviknight|95/100
|-damage|p2a: Rillaboom|78/100|[from] item: Rocky Helmet|[of] p1a: Corviknight
|c|☆lovingscookpupil|Lol
|
|t:|1760405965
|switch|p2a: Garganacl|Garganacl, F|100/100|[from] U-turn
|-damage|p2a: Garganacl|88/100|[from] Spikes
|
|-heal|p2a: Garganacl|94/100|[from] Grassy Terrain
|-heal|p2a: Garganacl|100/100|[from] item: Leftovers
|upkeep
|turn|3
|
|t:|1760405973
|move|p1a: Corviknight|U-turn|p2a: Garganacl
|-damage|p2a: Garganacl|91/100
|
|t:|1760405976
|switch|p1a: Metagross|Metagross|100/100|[from] U-turn
|move|p2a: Garganacl|Stealth Rock|p1a: Metagross
|-sidestart|p1: Quantumry|move: Stealth Rock
|
|-heal|p2a: Garganacl|97/100|[from] Grassy Terrain
|-heal|p2a: Garganacl|100/100|[from] item: Leftovers
|upkeep
|turn|4
|
|t:|1760405984
|-terastallize|p2a: Garganacl|Water
|move|p1a: Metagross|Knock Off|p2a: Garganacl
|-damage|p2a: Garganacl|83/100
|-enditem|p2a: Garganacl|Leftovers|[from] move: Knock Off|[of] p1a: Metagross
|move|p2a: Garganacl|Salt Cure|p1a: Metagross
|-resisted|p1a: Metagross
|-damage|p1a: Metagross|96/100
|-start|p1a: Metagross|Salt Cure
|
|-heal|p1a: Metagross|100/100|[from] Grassy Terrain
|-heal|p2a: Garganacl|89/100|[from] Grassy Terrain
|-damage|p1a: Metagross|76/100|[from] Salt Cure
|upkeep
|turn|5
|
|t:|1760405996
|switch|p1a: Corviknight|Corviknight, F|95/100
|-damage|p1a: Corviknight|83/100|[from] Stealth Rock
|-ability|p1a: Corviknight|Pressure
|move|p2a: Garganacl|Salt Cure|p1a: Corviknight
|-damage|p1a: Corviknight|75/100
|-start|p1a: Corviknight|Salt Cure
|
|-heal|p2a: Garganacl|96/100|[from] Grassy Terrain
|-damage|p1a: Corviknight|50/100|[from] Salt Cure
|-fieldend|move: Grassy Terrain
|upkeep
|turn|6
|
|t:|1760406007
|move|p2a: Garganacl|Protect|p2a: Garganacl
|-singleturn|p2a: Garganacl|Protect
|move|p1a: Corviknight|Defog|p2a: Garganacl
|-activate|p2a: Garganacl|move: Protect
|
|-damage|p1a: Corviknight|25/100|[from] Salt Cure
|upkeep
|turn|7
|
|t:|1760406015
|switch|p2a: Gholdengo|Gholdengo|100/100
|-item|p2a: Gholdengo|Air Balloon
|move|p1a: Corviknight|Defog|p2a: Gholdengo
|-immune|p2a: Gholdengo|[from] ability: Good as Gold
|
|-damage|p1a: Corviknight|0 fnt|[from] Salt Cure
|faint|p1a: Corviknight
|upkeep
|-message|Quantumry forfeited.
|
|win|lovingscookpupil
|raw|Quantumry's rating: 1125 &rarr; <strong>1099</strong><br />(-26 for losing)
|raw|lovingscookpupil's rating: 1114 &rarr; <strong>1140</strong><br />(+26 for winning)
|l|☆Quantumry
|player|p1|
|c|☆lovingscookpupil|gg
