|j|☆Moxie2
|j|☆Tangela_Merkel7
|t:|1760411565
|gametype|singles
|player|p1|Moxie2|jogger|1350
|player|p2|Tangela_Merkel7|musician|1418
|gen|9
|tier|[Gen 9] OU
|rated|
|rule|HP Percentage Mod: HP is shown in percentages
|rule|Endless Battle Clause: Forcing endless battles is banned
|rule|Species Clause: Limit one of each Pokémon
|rule|OHKO Clause: OHKO moves are banned
|rule|Evasion Items Clause: Evasion items are banned
|rule|Evasion Moves Clause: Evasion moves are banned
|rule|Evasion Abilities Clause: Evasion abilities are banned
|rule|Sleep Moves Clause: Sleep-inducing moves are banned
|clearpoke
|poke|p1|Glimmora, F|
|poke|p1|Great Tusk|
|poke|p1|Rillaboom, F|
|poke|p1|Gholdengo|
|poke|p1|Raging Bolt|
|poke|p1|Moltres|
|poke|p2|Latios, M|
|poke|p2|Kingambit, M|
|poke|p2|Zapdos|
|poke|p2|Zamazenta-*|
|poke|p2|Slowking-Galar, F|
|poke|p2|Great Tusk|
|teampreview
|inactive|Battle timer is ON: inactive players will automatically lose when time's up. (requested by Tangela_Merkel7)
|
|t:|1760411584
|teamsize|p1|6
|teamsize|p2|6
|start
|switch|p1a: Gholdengo|Gholdengo|100/100
|switch|p2a: Great Tusk|Great Tusk|100/100
|turn|1
|
|t:|1760411594
|move|p2a: Great Tusk|Knock Off|p1a: Gholdengo
|-supereffective|p1a: Gholdengo
|-damage|p1a: Gholdengo|52/100
|-enditem|p1a: Gholdengo|Covert Cloak|[from] move: Knock Off|[of] p2a: Great Tusk
|move|p1a: Gholdengo|Make It Rain|p2a: Great Tusk
|-damage|p2a: Great Tusk|23/100
|-unboost|p1a: Gholdengo|spa|1
|
|upkeep
|turn|2
|inactive|Tangela_Merkel7 has 120 seconds left.
|
|t:|1760411628
|-end|p2a: Great Tusk|Protosynthesis|[silent]
|switch|p2a: Zapdos|Zapdos|100/100
|switch|p1a: Rillaboom|Rillaboom, F|100/100
|-fieldstart|move: Grassy Terrain|[from] ability: Grassy Surge|[of] p1a: Rillaboom
|
|upkeep
|turn|3
|
|t:|1760411637
|switch|p1a: Raging Bolt|Raging Bolt|100/100
|move|p2a: Zapdos|Hurricane|p1a: Raging Bolt|[miss]
|-miss|p2a: Zapdos|p1a: Raging Bolt
|
|upkeep
|turn|4
|
|t:|1760411651
|switch|p2a: Slowking|Slowking-Galar, F|100/100
|move|p1a: Raging Bolt|Draco Meteor|p2a: Slowking
|-damage|p2a: Slowking|58/100
|-unboost|p1a: Raging Bolt|spa|2
|
|-heal|p2a: Slowking|64/100|[from] Grassy Terrain
|upkeep
|turn|5
|
|t:|1760411664
|-end|p1a: Raging Bolt|Protosynthesis|[silent]
|switch|p1a: Glimmora|Glimmora, F|100/100
|move|p2a: Slowking|Future Sight|p1a: Glimmora
|-start|p2a: Slowking|move: Future Sight
|
|-heal|p2a: Slowking|70/100|[from] Grassy Terrain
|upkeep
|turn|6
|
|t:|1760411676
|move|p1a: Glimmora|Toxic|p2a: Slowking
|-status|p2a: Slowking|tox
|-prepare|p2a: Slowking|Chilly Reception|[premajor]
|move|p2a: Slowking|Chilly Reception|p2a: Slowking
|-weather|Snowscape
|inactive|Tangela_Merkel7 has 120 seconds left.
|
|t:|1760411689
|switch|p2a: Great Tusk|Great Tusk|23/100|[from] Chilly Reception
|
|-weather|Snowscape|[upkeep]
|-heal|p2a: Great Tusk|29/100|[from] Grassy Terrain
|upkeep
|turn|7
|inactive|Tangela_Merkel7 has 120 seconds left.
|
|t:|1760411702
|switch|p1a: Gholdengo|Gholdengo|52/100
|move|p2a: Great Tusk|Knock Off|p1a: Gholdengo
|-supereffective|p1a: Gholdengo
|-damage|p1a: Gholdengo|21/100
|
|-weather|Snowscape|[upkeep]
|-end|p1a: Gholdengo|move: Future Sight
|-resisted|p1a: Gholdengo
|-damage|p1a: Gholdengo|0 fnt
|faint|p1a: Gholdengo
|-heal|p2a: Great Tusk|35/100|[from] Grassy Terrain
|upkeep
|
|t:|1760411712
|switch|p1a: Great Tusk|Great Tusk|100/100
|turn|8
|inactive|Tangela_Merkel7 has 120 seconds left.
|
|t:|1760411730
|move|p2a: Great Tusk|Ice Spinner|p1a: Great Tusk
|-supereffective|p1a: Great Tusk
|-damage|p1a: Great Tusk|61/100
|-fieldend|move: Grassy Terrain
|move|p1a: Great Tusk|Earthquake|p2a: Great Tusk
|-damage|p2a: Great Tusk|0 fnt
|faint|p2a: Great Tusk
|-end|p2a: Great Tusk|Protosynthesis|[silent]
|
|-weather|Snowscape|[upkeep]
|upkeep
|inactive|Tangela_Merkel7 has 120 seconds left.
|
|t:|1760411745
|switch|p2a: Zapdos|Zapdos|100/100
|turn|9
|
|t:|1760411749
|-end|p1a: Great Tusk|Protosynthesis|[silent]
|switch|p1a: Raging Bolt|Raging Bolt|100/100
|move|p2a: Zapdos|Hurricane|p1a: Raging Bolt
|-resisted|p1a: Raging Bolt
|-damage|p1a: Raging Bolt|87/100
|
|-weather|Snowscape|[upkeep]
|upkeep
|turn|10
|
|t:|1760411760
|switch|p2a: Slowking|Slowking-Galar, F|100/100 tox
|move|p1a: Raging Bolt|Volt Switch|p2a: Slowking
|-damage|p2a: Slowking|74/100 tox
|
|t:|1760411764
|-end|p1a: Raging Bolt|Protosynthesis|[silent]
|switch|p1a: Glimmora|Glimmora, F|100/100|[from] Volt Switch
|
|-weather|none
|-damage|p2a: Slowking|68/100 tox|[from] psn
|upkeep
|turn|11
|
|t:|1760411771
|move|p1a: Glimmora|Stealth Rock|p2a: Slowking
|-sidestart|p2: Tangela_Merkel7|move: Stealth Rock
|move|p2a: Slowking|Future Sight|p1a: Glimmora
|-start|p2a: Slowking|move: Future Sight
|
|-damage|p2a: Slowking|55/100 tox|[from] psn
|upkeep
|turn|12
|
|t:|1760411786
|switch|p1a: Rillaboom|Rillaboom, F|100/100
|-fieldstart|move: Grassy Terrain|[from] ability: Grassy Surge|[of] p1a: Rillaboom
|move|p2a: Slowking|Sludge Bomb|p1a: Rillaboom
|-supereffective|p1a: Rillaboom
|-damage|p1a: Rillaboom|18/100
|
|-heal|p1a: Rillaboom|24/100|[from] Grassy Terrain
|-heal|p2a: Slowking|62/100 tox|[from] Grassy Terrain
|-damage|p2a: Slowking|43/100 tox|[from] psn
|upkeep
|turn|13
|
|t:|1760411798
|move|p1a: Rillaboom|U-turn|p2a: Slowking
|-damage|p2a: Slowking|16/100 tox
|
|t:|1760411801
|switch|p1a: Moltres|Moltres|100/100|[from] U-turn
|move|p2a: Slowking|Sludge Bomb|p1a: Moltres
|-damage|p1a: Moltres|78/100
|
|-end|p1a: Moltres|move: Future Sight
|-damage|p1a: Moltres|46/100
|-heal|p2a: Slowking|22/100 tox|[from] Grassy Terrain
|-damage|p2a: Slowking|0 fnt|[from] psn
|faint|p2a: Slowking
|upkeep
|inactive|Tangela_Merkel7 has 120 seconds left.
|
|t:|1760411829
|switch|p2a: Latios|Latios, M|100/100
|-damage|p2a: Latios|88/100|[from] Stealth Rock
|turn|14
|
|t:|1760411835
|switch|p1a: Rillaboom|Rillaboom, F|24/100
|move|p2a: Latios|Draco Meteor|p1a: Rillaboom
|-damage|p1a: Rillaboom|0 fnt
|-unboost|p2a: Latios|spa|2
|faint|p1a: Rillaboom
|
|upkeep
|
|t:|1760411856
|switch|p1a: Glimmora|Glimmora, F|100/100
|turn|15
|
|t:|1760411872
|move|p2a: Latios|Draco Meteor|p1a: Glimmora
|-damage|p1a: Glimmora|40/100
|-unboost|p2a: Latios|spa|2
|move|p1a: Glimmora|Toxic|p2a: Latios
|-status|p2a: Latios|tox
|
|-heal|p1a: Glimmora|47/100|[from] Grassy Terrain
|-damage|p2a: Latios|82/100 tox|[from] psn
|upkeep
|turn|16
|inactive|Tangela_Merkel7 has 120 seconds left.
|
|t:|1760411894
|switch|p2a: Kingambit|Kingambit, M|100/100
|-damage|p2a: Kingambit|94/100|[from] Stealth Rock
|-activate|p2a: Kingambit|ability: Supreme Overlord
|-start|p2a: Kingambit|fallen2|[silent]
|switch|p1a: Moltres|Moltres|46/100
|
|-heal|p2a: Kingambit|100/100|[from] Grassy Terrain
|upkeep
|turn|17
|inactive|Tangela_Merkel7 has 120 seconds left.
|
|t:|1760411907
|move|p1a: Moltres|Will-O-Wisp|p2a: Kingambit
|-status|p2a: Kingambit|brn
|move|p2a: Kingambit|Kowtow Cleave|p1a: Moltres
|-damage|p1a: Moltres|8/100
|
|-damage|p2a: Kingambit|94/100 brn|[from] brn
|upkeep
|turn|18
|
|t:|1760411917
|move|p2a: Kingambit|Sucker Punch||[still]
|-fail|p2a: Kingambit
|move|p1a: Moltres|Roost|p1a: Moltres
|-heal|p1a: Moltres|58/100
|-singleturn|p1a: Moltres|move: Roost
|
|-heal|p1a: Moltres|64/100|[from] Grassy Terrain
|-heal|p2a: Kingambit|100/100 brn|[from] Grassy Terrain
|-damage|p2a: Kingambit|94/100 brn|[from] brn
|upkeep
|turn|19
|
|t:|1760411931
|-end|p2a: Kingambit|fallen2|[silent]
|switch|p2a: Zapdos|Zapdos|100/100
|move|p1a: Moltres|Flamethrower|p2a: Zapdos
|-damage|p2a: Zapdos|67/100
|
|-fieldend|move: Grassy Terrain
|upkeep
|turn|20
|
|t:|1760411940
|switch|p1a: Raging Bolt|Raging Bolt|87/100
|move|p2a: Zapdos|Roost|p2a: Zapdos
|-heal|p2a: Zapdos|100/100
|-singleturn|p2a: Zapdos|move: Roost
|
|upkeep
|turn|21
|
|t:|1760411947
|switch|p2a: Kingambit|Kingambit, M|94/100 brn
|-damage|p2a: Kingambit|88/100 brn|[from] Stealth Rock
|-activate|p2a: Kingambit|ability: Supreme Overlord
|-start|p2a: Kingambit|fallen2|[silent]
|move|p1a: Raging Bolt|Volt Switch|p2a: Kingambit
|-damage|p2a: Kingambit|44/100 brn
|
|t:|1760411950
|-end|p1a: Raging Bolt|Protosynthesis|[silent]
|switch|p1a: Moltres|Moltres|64/100|[from] Volt Switch
|
|-damage|p2a: Kingambit|38/100 brn|[from] brn
|upkeep
|turn|22
|inactive|Tangela_Merkel7 has 120 seconds left.
|
|t:|1760411981
|move|p2a: Kingambit|Sucker Punch||[still]
|-fail|p2a: Kingambit
|move|p1a: Moltres|Will-O-Wisp|p2a: Kingambit
|-fail|p2a: Kingambit|brn
|
|-damage|p2a: Kingambit|32/100 brn|[from] brn
|upkeep
|turn|23
|inactive|Tangela_Merkel7 has 120 seconds left.
|
|t:|1760411992
|move|p1a: Moltres|Roost|p1a: Moltres
|-heal|p1a: Moltres|100/100
|-singleturn|p1a: Moltres|move: Roost
|move|p2a: Kingambit|Swords Dance|p2a: Kingambit
|-boost|p2a: Kingambit|atk|2
|
|-damage|p2a: Kingambit|25/100 brn|[from] brn
|upkeep
|turn|24
|
|t:|1760412002
|move|p2a: Kingambit|Sucker Punch|p1a: Moltres
|-damage|p1a: Moltres|38/100
|move|p1a: Moltres|Flamethrower|p2a: Kingambit
|-supereffective|p2a: Kingambit
|-damage|p2a: Kingambit|0 fnt
|faint|p2a: Kingambit
|-end|p2a: Kingambit|fallen2|[silent]
|
|upkeep
|inactive|Tangela_Merkel7 has 120 seconds left.
|
|t:|1760412020
|switch|p2a: Zamazenta|Zamazenta|100/100
|-damage|p2a: Zamazenta|94/100|[from] Stealth Rock
|-ability|p2a: Zamazenta|Dauntless Shield|boost
|-boost|p2a: Zamazenta|def|1
|turn|25
|inactive|Tangela_Merkel7 has 120 seconds left.
|
|t:|1760412034
|move|p2a: Zamazenta|Close Combat|p1a: Moltres
|-resisted|p1a: Moltres
|-damage|p1a: Moltres|0 fnt
|-unboost|p2a: Zamazenta|def|1
|-unboost|p2a: Zamazenta|spd|1
|faint|p1a: Moltres
|
|upkeep
|
|t:|1760412041
|switch|p1a: Glimmora|Glimmora, F|47/100
|turn|26
|
|t:|1760412046
|-terastallize|p1a: Glimmora|Ghost
|move|p2a: Zamazenta|Close Combat|p1a: Glimmora
|-immune|p1a: Glimmora
|move|p1a: Glimmora|Toxic|p2a: Zamazenta
|-status|p2a: Zamazenta|tox
|
|-damage|p2a: Zamazenta|88/100 tox|[from] psn
|upkeep
|turn|27
|
|t:|1760412062
|switch|p2a: Zapdos|Zapdos|100/100
|move|p1a: Glimmora|Power Gem|p2a: Zapdos
|-supereffective|p2a: Zapdos
|-damage|p2a: Zapdos|39/100
|
|upkeep
|turn|28
|
|t:|1760412071
|switch|p1a: Raging Bolt|Raging Bolt|87/100
|move|p2a: Zapdos|Discharge|p1a: Raging Bolt
|-resisted|p1a: Raging Bolt
|-damage|p1a: Raging Bolt|82/100
|
|upkeep
|turn|29
|
|t:|1760412082
|move|p2a: Zapdos|Hurricane|p1a: Raging Bolt|[miss]
|-miss|p2a: Zapdos|p1a: Raging Bolt
|move|p1a: Raging Bolt|Draco Meteor|p2a: Zapdos
|-damage|p2a: Zapdos|0 fnt
|-unboost|p1a: Raging Bolt|spa|2
|faint|p2a: Zapdos
|
|upkeep
|
|t:|1760412091
|switch|p2a: Latios|Latios, M|82/100 tox
|-damage|p2a: Latios|70/100 tox|[from] Stealth Rock
|turn|30
|
|t:|1760412112
|-end|p1a: Raging Bolt|Protosynthesis|[silent]
|switch|p1a: Glimmora|Glimmora, F, tera:Ghost|47/100
|move|p2a: Latios|Luster Purge|p1a: Glimmora
|-damage|p1a: Glimmora|0 fnt
|faint|p1a: Glimmora
|
|-damage|p2a: Latios|64/100 tox|[from] psn
|upkeep
|
|t:|1760412118
|switch|p1a: Raging Bolt|Raging Bolt|82/100
|turn|31
|
|t:|1760412124
|-terastallize|p2a: Latios|Steel
|move|p2a: Latios|Luster Purge|p1a: Raging Bolt
|-damage|p1a: Raging Bolt|34/100
|-unboost|p1a: Raging Bolt|spd|1
|move|p1a: Raging Bolt|Draco Meteor|p2a: Latios
|-resisted|p2a: Latios
|-damage|p2a: Latios|21/100 tox
|-unboost|p1a: Raging Bolt|spa|2
|
|-damage|p2a: Latios|9/100 tox|[from] psn
|upkeep
|turn|32
|
|t:|1760412140
|-end|p1a: Raging Bolt|Protosynthesis|[silent]
|switch|p1a: Great Tusk|Great Tusk|61/100
|move|p2a: Latios|Luster Purge|p1a: Great Tusk
|-supereffective|p1a: Great Tusk
|-damage|p1a: Great Tusk|0 fnt
|faint|p1a: Great Tusk
|-end|p1a: Great Tusk|Protosynthesis|[silent]
|
|-damage|p2a: Latios|0 fnt|[from] psn
|faint|p2a: Latios
|upkeep
|
|t:|1760412149
|switch|p2a: Zamazenta|Zamazenta|88/100 tox
|switch|p1a: Raging Bolt|Raging Bolt|34/100
|-damage|p2a: Zamazenta|82/100 tox|[from] Stealth Rock
|turn|33
|
|t:|1760412158
|move|p1a: Raging Bolt|Thunderclap|p2a: Zamazenta
|-damage|p2a: Zamazenta|43/100 tox
|move|p2a: Zamazenta|Close Combat|p1a: Raging Bolt
|-damage|p1a: Raging Bolt|0 fnt
|-unboost|p2a: Zamazenta|def|1
|-unboost|p2a: Zamazenta|spd|1
|faint|p1a: Raging Bolt
|-end|p1a: Raging Bolt|Protosynthesis|[silent]
|
|win|Tangela_Merkel7
|raw|Moxie2's rating: 1350 &rarr; <strong>1334</strong><br />(-16 for losing)
|raw|Tangela_Merkel7's rating: 1418 &rarr; <strong>1434</strong><br />(+16 for winning)
|l|☆Moxie2
|player|p1|
