|j|☆ayyyyyyuhsucconme
|j|☆Lil Spodie
|t:|1760461200
|gametype|singles
|player|p1|ayyyyyyuhsucconme|linebacker|1173
|player|p2|Lil Spodie|266|1181
|gen|9
|tier|[Gen 9] OU
|rated|
|rule|HP Percentage Mod: HP is shown in percentages
|rule|Endless Battle Clause: Forcing endless battles is banned
|rule|Species Clause: Limit one of each Pokémon
|rule|OHKO Clause: OHKO moves are banned
|rule|Evasion Items Clause: Evasion items are banned
|rule|Evasion Moves Clause: Evasion moves are banned
|rule|Evasion Abilities Clause: Evasion abilities are banned
|rule|Sleep Moves Clause: Sleep-inducing moves are banned
|clearpoke
|poke|p1|Gholdengo|
|poke|p1|Clodsire, M|
|poke|p1|Skarmory, F|
|poke|p1|Scizor, F|
|poke|p1|Hariyama, M|
|poke|p1|Goodra-Hisui, F|
|poke|p2|Kingambit, F|
|poke|p2|Cinderace, F|
|poke|p2|Landorus-Therian, M|
|poke|p2|Iron Valiant|
|poke|p2|Kyurem|
|poke|p2|Slowking-Galar, M|
|teampreview
|inactive|Battle timer is ON: inactive players will automatically lose when time's up. (requested by Lil Spodie)
|
|t:|1760461236
|teamsize|p1|6
|teamsize|p2|6
|start
|switch|p1a: Clodsire|Clodsire, M, shiny|100/100
|switch|p2a: Cinderace|Cinderace, F, shiny|100/100
|turn|1
|
|t:|1760461245
|move|p2a: Cinderace|Will-O-Wisp|p1a: Clodsire
|-status|p1a: Clodsire|brn
|move|p1a: Clodsire|Earthquake|p2a: Cinderace
|-supereffective|p2a: Cinderace
|-damage|p2a: Cinderace|70/100
|
|-damage|p1a: Clodsire|94/100 brn|[from] brn
|upkeep
|turn|2
|
|t:|1760461251
|move|p2a: Cinderace|U-turn|p1a: Clodsire
|-resisted|p1a: Clodsire
|-damage|p1a: Clodsire|84/100 brn
|
|t:|1760461254
|switch|p2a: Slowking|Slowking-Galar, M, shiny|100/100|[from] U-turn
|move|p1a: Clodsire|Toxic|p2a: Slowking
|-immune|p2a: Slowking
|
|-damage|p1a: Clodsire|78/100 brn|[from] brn
|upkeep
|turn|3
|
|t:|1760461267
|move|p1a: Clodsire|Stealth Rock|p2a: Slowking
|-sidestart|p2: Lil Spodie|move: Stealth Rock
|-prepare|p2a: Slowking|Chilly Reception|[premajor]
|move|p2a: Slowking|Chilly Reception|p2a: Slowking
|-weather|Snowscape
|
|t:|1760461275
|switch|p2a: Kyurem|Kyurem, shiny|100/100|[from] Chilly Reception
|-damage|p2a: Kyurem|76/100|[from] Stealth Rock
|-ability|p2a: Kyurem|Pressure
|
|-weather|Snowscape|[upkeep]
|-heal|p2a: Kyurem|82/100|[from] item: Leftovers
|-damage|p1a: Clodsire|71/100 brn|[from] brn
|upkeep
|turn|4
|
|t:|1760461278
|switch|p1a: Hariyama|Hariyama, M|100/100
|move|p2a: Kyurem|Substitute|p2a: Kyurem
|-start|p2a: Kyurem|Substitute
|-damage|p2a: Kyurem|57/100
|
|-weather|Snowscape|[upkeep]
|-heal|p2a: Kyurem|63/100|[from] item: Leftovers
|upkeep
|turn|5
|
|t:|1760461283
|move|p2a: Kyurem|Protect|p2a: Kyurem
|-singleturn|p2a: Kyurem|Protect
|move|p1a: Hariyama|Drain Punch|p2a: Kyurem
|-activate|p2a: Kyurem|move: Protect
|
|-weather|Snowscape|[upkeep]
|-heal|p2a: Kyurem|69/100|[from] item: Leftovers
|upkeep
|turn|6
|
|t:|1760461290
|move|p2a: Kyurem|Earth Power|p1a: Hariyama
|-damage|p1a: Hariyama|85/100
|move|p1a: Hariyama|Drain Punch|p2a: Kyurem
|-supereffective|p2a: Kyurem
|-end|p2a: Kyurem|Substitute
|-heal|p1a: Hariyama|95/100|[from] drain|[of] p2a: Kyurem
|
|-weather|Snowscape|[upkeep]
|-heal|p2a: Kyurem|75/100|[from] item: Leftovers
|upkeep
|turn|7
|
|t:|1760461301
|switch|p2a: Landorus|Landorus-Therian, M, shiny|100/100
|-damage|p2a: Landorus|88/100|[from] Stealth Rock
|-ability|p2a: Landorus|Intimidate|boost
|-unboost|p1a: Hariyama|atk|1
|move|p1a: Hariyama|Drain Punch|p2a: Landorus
|-resisted|p2a: Landorus
|-crit|p2a: Landorus
|-damage|p2a: Landorus|64/100
|-heal|p1a: Hariyama|100/100|[from] drain|[of] p2a: Landorus
|-damage|p1a: Hariyama|84/100|[from] item: Rocky Helmet|[of] p2a: Landorus
|
|-weather|none
|upkeep
|turn|8
|
|t:|1760461314
|switch|p1a: Skarmory|Skarmory, F|100/100
|move|p2a: Landorus|U-turn|p1a: Skarmory
|-resisted|p1a: Skarmory
|-damage|p1a: Skarmory|97/100
|-damage|p2a: Landorus|48/100|[from] item: Rocky Helmet|[of] p1a: Skarmory
|
|t:|1760461323
|switch|p2a: Cinderace|Cinderace, F, shiny|70/100|[from] U-turn
|
|upkeep
|turn|9
|
|t:|1760461332
|switch|p1a: Scizor|Scizor, F|100/100
|move|p2a: Cinderace|Will-O-Wisp|p1a: Scizor
|-status|p1a: Scizor|brn
|
|-damage|p1a: Scizor|94/100 brn|[from] brn
|upkeep
|turn|10
|
|t:|1760461341
|move|p2a: Cinderace|Court Change|p2a: Cinderace
|-swapsideconditions
|-activate|p2a: Cinderace|move: Court Change
|move|p1a: Scizor|Knock Off|p2a: Cinderace
|-damage|p2a: Cinderace|50/100
|-enditem|p2a: Cinderace|Heavy-Duty Boots|[from] move: Knock Off|[of] p1a: Scizor
|
|-damage|p1a: Scizor|88/100 brn|[from] brn
|upkeep
|turn|11
|
|t:|1760461358
|move|p2a: Cinderace|U-turn|p1a: Scizor
|-resisted|p1a: Scizor
|-damage|p1a: Scizor|79/100 brn
|inactive|Lil Spodie has 120 seconds left.
|
|t:|1760461392
|switch|p2a: Landorus|Landorus-Therian, M, shiny|48/100|[from] U-turn
|-ability|p2a: Landorus|Intimidate|boost
|-unboost|p1a: Scizor|atk|1
|move|p1a: Scizor|Knock Off|p2a: Landorus
|-damage|p2a: Landorus|37/100
|-damage|p1a: Scizor|62/100 brn|[from] item: Rocky Helmet|[of] p2a: Landorus
|-enditem|p2a: Landorus|Rocky Helmet|[from] move: Knock Off|[of] p1a: Scizor
|
|-damage|p1a: Scizor|56/100 brn|[from] brn
|upkeep
|turn|12
|inactive|Lil Spodie has 120 seconds left.
|
|t:|1760461405
|switch|p1a: Skarmory|Skarmory, F|97/100
|-damage|p1a: Skarmory|85/100|[from] Stealth Rock
|move|p2a: Landorus|Taunt|p1a: Skarmory
|-start|p1a: Skarmory|move: Taunt
|
|upkeep
|turn|13
|
|t:|1760461413
|move|p2a: Landorus|Rock Tomb|p1a: Skarmory
|-damage|p1a: Skarmory|73/100
|-unboost|p1a: Skarmory|spe|1
|move|p1a: Skarmory|Brave Bird|p2a: Landorus
|-damage|p2a: Landorus|6/100
|-damage|p1a: Skarmory|63/100|[from] Recoil
|
|upkeep
|turn|14
|
|t:|1760461426
|switch|p2a: Slowking|Slowking-Galar, M, shiny|100/100
|move|p1a: Skarmory|Brave Bird|p2a: Slowking
|-damage|p2a: Slowking|67/100
|-damage|p1a: Skarmory|50/100|[from] Recoil
|
|-end|p1a: Skarmory|move: Taunt
|upkeep
|turn|15
|
|t:|1760461438
|switch|p1a: Clodsire|Clodsire, M, shiny|71/100 brn
|-prepare|p2a: Slowking|Chilly Reception|[premajor]
|move|p2a: Slowking|Chilly Reception|p2a: Slowking
|-weather|Snowscape
|inactive|Lil Spodie has 120 seconds left.
|
|t:|1760461452
|switch|p2a: Kyurem|Kyurem, shiny|75/100|[from] Chilly Reception
|-ability|p2a: Kyurem|Pressure
|
|-weather|Snowscape|[upkeep]
|-heal|p2a: Kyurem|81/100|[from] item: Leftovers
|-damage|p1a: Clodsire|65/100 brn|[from] brn
|upkeep
|turn|16
|
|t:|1760461462
|switch|p1a: Hariyama|Hariyama, M|84/100
|-damage|p1a: Hariyama|78/100|[from] Stealth Rock
|move|p2a: Kyurem|Freeze-Dry|p1a: Hariyama
|-damage|p1a: Hariyama|68/100
|
|-weather|Snowscape|[upkeep]
|-heal|p2a: Kyurem|88/100|[from] item: Leftovers
|upkeep
|turn|17
|
|t:|1760461473
|move|p2a: Kyurem|Protect|p2a: Kyurem
|-singleturn|p2a: Kyurem|Protect
|move|p1a: Hariyama|Drain Punch|p2a: Kyurem
|-activate|p2a: Kyurem|move: Protect
|
|-weather|Snowscape|[upkeep]
|-heal|p2a: Kyurem|94/100|[from] item: Leftovers
|upkeep
|turn|18
|
|t:|1760461486
|switch|p2a: Landorus|Landorus-Therian, M, shiny|6/100
|-ability|p2a: Landorus|Intimidate|boost
|-unboost|p1a: Hariyama|atk|1
|move|p1a: Hariyama|Drain Punch|p2a: Landorus
|-resisted|p2a: Landorus
|-damage|p2a: Landorus|0 fnt
|-heal|p1a: Hariyama|70/100|[from] drain|[of] p2a: Landorus
|faint|p2a: Landorus
|
|-weather|Snowscape|[upkeep]
|upkeep
|
|t:|1760461494
|switch|p2a: Iron Valiant|Iron Valiant|100/100
|-enditem|p2a: Iron Valiant|Booster Energy
|-activate|p2a: Iron Valiant|ability: Quark Drive|[fromitem]
|-start|p2a: Iron Valiant|quarkdrivespe
|turn|19
|
|t:|1760461508
|switch|p1a: Clodsire|Clodsire, M, shiny|65/100 brn
|move|p2a: Iron Valiant|Calm Mind|p2a: Iron Valiant
|-boost|p2a: Iron Valiant|spa|1
|-boost|p2a: Iron Valiant|spd|1
|
|-weather|none
|-damage|p1a: Clodsire|59/100 brn|[from] brn
|upkeep
|turn|20
|
|t:|1760461516
|-terastallize|p2a: Iron Valiant|Ghost
|move|p2a: Iron Valiant|Shadow Ball|p1a: Clodsire
|-damage|p1a: Clodsire|27/100 brn
|move|p1a: Clodsire|Toxic|p2a: Iron Valiant
|-status|p2a: Iron Valiant|tox
|
|-damage|p2a: Iron Valiant|94/100 tox|[from] psn
|-damage|p1a: Clodsire|20/100 brn|[from] brn
|upkeep
|turn|21
|
|t:|1760461525
|move|p2a: Iron Valiant|Shadow Ball|p1a: Clodsire
|-damage|p1a: Clodsire|0 fnt
|faint|p1a: Clodsire
|
|-damage|p2a: Iron Valiant|82/100 tox|[from] psn
|upkeep
|
|t:|1760461529
|switch|p1a: Goodra|Goodra-Hisui, F|100/100
|turn|22
|
|t:|1760461536
|move|p2a: Iron Valiant|Shadow Ball|p1a: Goodra
|-damage|p1a: Goodra|68/100
|-unboost|p1a: Goodra|spd|1
|move|p1a: Goodra|Dragon Tail|p2a: Iron Valiant
|-damage|p2a: Iron Valiant|53/100 tox
|-end|p2a: Iron Valiant|Quark Drive|[silent]
|drag|p2a: Slowking|Slowking-Galar, M, shiny|100/100
|
|upkeep
|turn|23
|
|t:|1760461545
|move|p1a: Goodra|Knock Off|p2a: Slowking
|-supereffective|p2a: Slowking
|-damage|p2a: Slowking|57/100
|-enditem|p2a: Slowking|Heavy-Duty Boots|[from] move: Knock Off|[of] p1a: Goodra
|-prepare|p2a: Slowking|Chilly Reception|[premajor]
|move|p2a: Slowking|Chilly Reception|p2a: Slowking
|-weather|Snowscape
|
|t:|1760461561
|switch|p2a: Kyurem|Kyurem, shiny|94/100|[from] Chilly Reception
|-ability|p2a: Kyurem|Pressure
|
|-weather|Snowscape|[upkeep]
|-heal|p2a: Kyurem|99/100|[from] item: Leftovers
|upkeep
|turn|24
|
|t:|1760461567
|move|p2a: Kyurem|Earth Power|p1a: Goodra
|-supereffective|p1a: Goodra
|-damage|p1a: Goodra|24/100
|move|p1a: Goodra|Dragon Tail|p2a: Kyurem
|-supereffective|p2a: Kyurem
|-damage|p2a: Kyurem|75/100
|drag|p2a: Kingambit|Kingambit, F|100/100
|-activate|p2a: Kingambit|ability: Supreme Overlord
|-start|p2a: Kingambit|fallen1|[silent]
|
|-weather|Snowscape|[upkeep]
|upkeep
|turn|25
|
|t:|1760461591
|switch|p1a: Skarmory|Skarmory, F|50/100
|-damage|p1a: Skarmory|38/100|[from] Stealth Rock
|move|p2a: Kingambit|Kowtow Cleave|p1a: Skarmory
|-damage|p1a: Skarmory|7/100
|-damage|p2a: Kingambit|84/100|[from] item: Rocky Helmet|[of] p1a: Skarmory
|
|-weather|Snowscape|[upkeep]
|-heal|p2a: Kingambit|90/100|[from] item: Leftovers
|upkeep
|turn|26
|
|t:|1760461598
|move|p1a: Skarmory|Roost|p1a: Skarmory
|-heal|p1a: Skarmory|57/100
|-singleturn|p1a: Skarmory|move: Roost
|move|p2a: Kingambit|Swords Dance|p2a: Kingambit
|-boost|p2a: Kingambit|atk|2
|
|-weather|Snowscape|[upkeep]
|-heal|p2a: Kingambit|96/100|[from] item: Leftovers
|upkeep
|turn|27
|
|t:|1760461606
|move|p1a: Skarmory|Roost|p1a: Skarmory
|-heal|p1a: Skarmory|100/100
|-singleturn|p1a: Skarmory|move: Roost
|move|p2a: Kingambit|Kowtow Cleave|p1a: Skarmory
|-damage|p1a: Skarmory|32/100
|-damage|p2a: Kingambit|80/100|[from] item: Rocky Helmet|[of] p1a: Skarmory
|
|-weather|none
|-heal|p2a: Kingambit|86/100|[from] item: Leftovers
|upkeep
|turn|28
|
|t:|1760461620
|move|p2a: Kingambit|Kowtow Cleave|p1a: Skarmory
|-damage|p1a: Skarmory|0 fnt
|-damage|p2a: Kingambit|70/100|[from] item: Rocky Helmet|[of] p1a: Skarmory
|faint|p1a: Skarmory
|
|-heal|p2a: Kingambit|76/100|[from] item: Leftovers
|upkeep
|
|t:|1760461625
|switch|p1a: Scizor|Scizor, F|56/100 brn
|turn|29
|
|t:|1760461648
|move|p2a: Kingambit|Sucker Punch|p1a: Scizor
|-damage|p1a: Scizor|0 fnt
|faint|p1a: Scizor
|
|-heal|p2a: Kingambit|82/100|[from] item: Leftovers
|upkeep
|
|t:|1760461655
|switch|p1a: Hariyama|Hariyama, M|70/100
|-damage|p1a: Hariyama|64/100|[from] Stealth Rock
|turn|30
|
|t:|1760461666
|-end|p2a: Kingambit|fallen1|[silent]
|switch|p2a: Iron Valiant|Iron Valiant, tera:Ghost|53/100 tox
|move|p1a: Hariyama|Drain Punch|p2a: Iron Valiant
|-immune|p2a: Iron Valiant
|
|-damage|p2a: Iron Valiant|47/100 tox|[from] psn
|upkeep
|turn|31
|
|t:|1760461673
|switch|p1a: Goodra|Goodra-Hisui, F|24/100
|move|p2a: Iron Valiant|Moonblast|p1a: Goodra
|-damage|p1a: Goodra|2/100
|
|-damage|p2a: Iron Valiant|35/100 tox|[from] psn
|upkeep
|turn|32
|
|t:|1760461681
|move|p2a: Iron Valiant|Shadow Ball|p1a: Goodra
|-damage|p1a: Goodra|0 fnt
|faint|p1a: Goodra
|
|-damage|p2a: Iron Valiant|16/100 tox|[from] psn
|upkeep
|
|t:|1760461684
|switch|p1a: Gholdengo|Gholdengo|100/100
|-damage|p1a: Gholdengo|94/100|[from] Stealth Rock
|-item|p1a: Gholdengo|Air Balloon
|turn|33
|
|t:|1760461695
|-end|p2a: Iron Valiant|Quark Drive|[silent]
|switch|p2a: Kyurem|Kyurem, shiny|75/100
|-ability|p2a: Kyurem|Pressure
|-terastallize|p1a: Gholdengo|Flying
|move|p1a: Gholdengo|Recover|p1a: Gholdengo
|-heal|p1a: Gholdengo|100/100
|
|-heal|p2a: Kyurem|81/100|[from] item: Leftovers
|upkeep
|turn|34
|inactive|Lil Spodie has 120 seconds left.
|
|t:|1760461735
|switch|p1a: Hariyama|Hariyama, M|64/100
|-damage|p1a: Hariyama|58/100|[from] Stealth Rock
|move|p2a: Kyurem|Freeze-Dry|p1a: Hariyama
|-damage|p1a: Hariyama|49/100
|-status|p1a: Hariyama|frz
|
|-heal|p2a: Kyurem|87/100|[from] item: Leftovers
|upkeep
|turn|35
|c|☆ayyyyyyuhsucconme|lel
|
|t:|1760461756
|switch|p2a: Iron Valiant|Iron Valiant, tera:Ghost|16/100 tox
|-curestatus|p1a: Hariyama|frz|[msg]
|move|p1a: Hariyama|Heavy Slam|p2a: Iron Valiant
|-damage|p2a: Iron Valiant|0 fnt
|faint|p2a: Iron Valiant
|-end|p2a: Iron Valiant|Quark Drive|[silent]
|
|upkeep
|
|t:|1760461778
|switch|p2a: Slowking|Slowking-Galar, M, shiny|90/100
|turn|36
|
|t:|1760461798
|move|p1a: Hariyama|Heavy Slam|p2a: Slowking
|-damage|p2a: Slowking|65/100
|move|p2a: Slowking|Thunder Wave|p1a: Hariyama
|-status|p1a: Hariyama|par
|
|upkeep
|turn|37
|
|t:|1760461813
|move|p1a: Hariyama|Drain Punch|p2a: Slowking
|-resisted|p2a: Slowking
|-damage|p2a: Slowking|56/100
|-heal|p1a: Hariyama|53/100 par|[from] drain|[of] p2a: Slowking
|move|p2a: Slowking|Psychic Noise|p1a: Hariyama
|-supereffective|p1a: Hariyama
|-damage|p1a: Hariyama|25/100 par
|-start|p1a: Hariyama|move: Heal Block
|
|upkeep
|turn|38
|
|t:|1760461828
|switch|p1a: Gholdengo|Gholdengo, tera:Flying|100/100
|-damage|p1a: Gholdengo|76/100|[from] Stealth Rock
|-item|p1a: Gholdengo|Air Balloon
|move|p2a: Slowking|Psychic Noise|p1a: Gholdengo
|-damage|p1a: Gholdengo|47/100
|-start|p1a: Gholdengo|move: Heal Block
|-enditem|p1a: Gholdengo|Air Balloon
|
|upkeep
|turn|39
|
|t:|1760461834
|switch|p2a: Cinderace|Cinderace, F, shiny|50/100
|move|p1a: Gholdengo|Nasty Plot|p1a: Gholdengo
|-boost|p1a: Gholdengo|spa|2
|
|-end|p1a: Gholdengo|move: Heal Block
|upkeep
|turn|40
|
|t:|1760461845
|move|p2a: Cinderace|Pyro Ball|p1a: Gholdengo
|-damage|p1a: Gholdengo|4/100
|move|p1a: Gholdengo|Shadow Ball|p2a: Cinderace
|-damage|p2a: Cinderace|0 fnt
|faint|p2a: Cinderace
|
|upkeep
|
|t:|1760461848
|switch|p2a: Kingambit|Kingambit, F|82/100
|-activate|p2a: Kingambit|ability: Supreme Overlord
|-start|p2a: Kingambit|fallen3|[silent]
|turn|41
|
|t:|1760461852
|move|p2a: Kingambit|Sucker Punch||[still]
|-fail|p2a: Kingambit
|move|p1a: Gholdengo|Recover|p1a: Gholdengo
|-heal|p1a: Gholdengo|54/100
|
|-heal|p2a: Kingambit|88/100|[from] item: Leftovers
|upkeep
|turn|42
|inactive|Lil Spodie has 120 seconds left.
|
|t:|1760461860
|move|p2a: Kingambit|Sucker Punch||[still]
|-fail|p2a: Kingambit
|move|p1a: Gholdengo|Recover|p1a: Gholdengo
|-heal|p1a: Gholdengo|100/100
|
|-heal|p2a: Kingambit|95/100|[from] item: Leftovers
|upkeep
|turn|43
|
|t:|1760461867
|move|p2a: Kingambit|Sucker Punch|p1a: Gholdengo
|-damage|p1a: Gholdengo|51/100
|move|p1a: Gholdengo|Shadow Ball|p2a: Kingambit
|-resisted|p2a: Kingambit
|-damage|p2a: Kingambit|46/100
|
|-heal|p2a: Kingambit|52/100|[from] item: Leftovers
|upkeep
|turn|44
|
|t:|1760461871
|move|p1a: Gholdengo|Recover|p1a: Gholdengo
|-heal|p1a: Gholdengo|100/100
|move|p2a: Kingambit|Swords Dance|p2a: Kingambit
|-boost|p2a: Kingambit|atk|2
|
|-heal|p2a: Kingambit|58/100|[from] item: Leftovers
|upkeep
|turn|45
|
|t:|1760461876
|move|p2a: Kingambit|Sucker Punch|p1a: Gholdengo
|-damage|p1a: Gholdengo|0 fnt
|faint|p1a: Gholdengo
|
|-heal|p2a: Kingambit|64/100|[from] item: Leftovers
|upkeep
|
|t:|1760461881
|switch|p1a: Hariyama|Hariyama, M|25/100 par
|-damage|p1a: Hariyama|19/100 par|[from] Stealth Rock
|turn|46
|
|t:|1760461887
|move|p2a: Kingambit|Kowtow Cleave|p1a: Hariyama
|-resisted|p1a: Hariyama
|-damage|p1a: Hariyama|0 fnt
|faint|p1a: Hariyama
|
|win|Lil Spodie
|raw|ayyyyyyuhsucconme's rating: 1173 &rarr; <strong>1149</strong><br />(-24 for losing)
|raw|Lil Spodie's rating: 1181 &rarr; <strong>1205</strong><br />(+24 for winning)
|l|☆Lil Spodie
|player|p2|
|l|☆ayyyyyyuhsucconme
|player|p1|
