|j|☆Beurs
|j|☆flagfrog
|t:|1760410375
|gametype|singles
|player|p1|Beurs|101|1362
|player|p2|flagfrog|2|1431
|gen|9
|tier|[Gen 9] OU
|rated|
|rule|HP Percentage Mod: HP is shown in percentages
|rule|Endless Battle Clause: Forcing endless battles is banned
|rule|Species Clause: Limit one of each Pokémon
|rule|OHKO Clause: OHKO moves are banned
|rule|Evasion Items Clause: Evasion items are banned
|rule|Evasion Moves Clause: Evasion moves are banned
|rule|Evasion Abilities Clause: Evasion abilities are banned
|rule|Sleep Moves Clause: Sleep-inducing moves are banned
|clearpoke
|poke|p1|Corviknight, M|
|poke|p1|Moltres-Galar|
|poke|p1|Ceruledge, M|
|poke|p1|Walking Wake|
|poke|p1|Ogerpon-Cornerstone, F|
|poke|p1|Iron Hands|
|poke|p2|Zamazenta-*|
|poke|p2|Slowking-Galar, M|
|poke|p2|Kingambit, F|
|poke|p2|Clefable, F|
|poke|p2|Gliscor, F|
|poke|p2|Pecharunt|
|teampreview
|inactive|Battle timer is ON: inactive players will automatically lose when time's up. (requested by flagfrog)
|
|t:|1760410395
|teamsize|p1|6
|teamsize|p2|6
|start
|switch|p1a: Ogerpon|Ogerpon-Cornerstone, F|100/100
|switch|p2a: 蝠翼侠蝎|Gliscor, F, shiny|100/100
|turn|1
|
|t:|1760410401
|switch|p2a: 牵丝孽果|Pecharunt|100/100
|-item|p2a: 牵丝孽果|Air Balloon
|move|p1a: Ogerpon|Swords Dance|p1a: Ogerpon
|-boost|p1a: Ogerpon|atk|2
|
|upkeep
|turn|2
|
|t:|1760410408
|move|p1a: Ogerpon|Ivy Cudgel|p2a: 牵丝孽果|[anim] Ivy Cudgel Rock
|-damage|p2a: 牵丝孽果|45/100
|-enditem|p2a: 牵丝孽果|Air Balloon
|move|p2a: 牵丝孽果|Malignant Chain|p1a: Ogerpon
|-damage|p1a: Ogerpon|67/100
|
|upkeep
|turn|3
|
|t:|1760410416
|switch|p2a: 先兆巡卫|Zamazenta|100/100
|-ability|p2a: 先兆巡卫|Dauntless Shield|boost
|-boost|p2a: 先兆巡卫|def|1
|move|p1a: Ogerpon|Ivy Cudgel|p2a: 先兆巡卫|[anim] Ivy Cudgel Rock
|-resisted|p2a: 先兆巡卫
|-damage|p2a: 先兆巡卫|61/100
|
|upkeep
|turn|4
|
|t:|1760410423
|move|p2a: 先兆巡卫|Close Combat|p1a: Ogerpon
|-supereffective|p1a: Ogerpon
|-damage|p1a: Ogerpon|0 fnt
|-unboost|p2a: 先兆巡卫|def|1
|-unboost|p2a: 先兆巡卫|spd|1
|faint|p1a: Ogerpon
|
|upkeep
|
|t:|1760410434
|switch|p1a: Corviknight|Corviknight, M|100/100
|turn|5
|
|t:|1760410438
|switch|p2a: 寒言卜策|Slowking-Galar, M|100/100
|move|p1a: Corviknight|Brave Bird|p2a: 寒言卜策
|-damage|p2a: 寒言卜策|65/100
|-damage|p1a: Corviknight|89/100|[from] Recoil
|
|-heal|p1a: Corviknight|95/100|[from] item: Leftovers
|upkeep
|turn|6
|
|t:|1760410443
|move|p1a: Corviknight|Brave Bird|p2a: 寒言卜策
|-damage|p2a: 寒言卜策|27/100
|-damage|p1a: Corviknight|82/100|[from] Recoil
|-prepare|p2a: 寒言卜策|Chilly Reception|[premajor]
|move|p2a: 寒言卜策|Chilly Reception|p2a: 寒言卜策
|-weather|Snowscape
|
|t:|1760410452
|switch|p2a: 蝠翼侠蝎|Gliscor, F, shiny|100/100|[from] Chilly Reception
|
|-weather|Snowscape|[upkeep]
|-heal|p1a: Corviknight|88/100|[from] item: Leftovers
|-status|p2a: 蝠翼侠蝎|tox|[from] item: Toxic Orb
|upkeep
|turn|7
|
|t:|1760410459
|move|p2a: 蝠翼侠蝎|Spikes|p1a: Corviknight
|-sidestart|p1: Beurs|Spikes
|move|p1a: Corviknight|U-turn|p2a: 蝠翼侠蝎
|-resisted|p2a: 蝠翼侠蝎
|-damage|p2a: 蝠翼侠蝎|95/100 tox
|
|t:|1760410462
|switch|p1a: Walking Wake|Walking Wake|100/100|[from] U-turn
|-damage|p1a: Walking Wake|88/100|[from] Spikes
|-enditem|p1a: Walking Wake|Booster Energy
|-activate|p1a: Walking Wake|ability: Protosynthesis|[fromitem]
|-start|p1a: Walking Wake|protosynthesisspe
|
|-weather|Snowscape|[upkeep]
|-heal|p2a: 蝠翼侠蝎|100/100 tox|[from] ability: Poison Heal
|upkeep
|turn|8
|
|t:|1760410468
|move|p2a: 蝠翼侠蝎|Protect|p2a: 蝠翼侠蝎
|-singleturn|p2a: 蝠翼侠蝎|Protect
|move|p1a: Walking Wake|Substitute|p1a: Walking Wake
|-start|p1a: Walking Wake|Substitute
|-damage|p1a: Walking Wake|63/100
|
|-weather|Snowscape|[upkeep]
|upkeep
|turn|9
|
|t:|1760410486
|move|p1a: Walking Wake|Scald|p2a: 蝠翼侠蝎
|-supereffective|p2a: 蝠翼侠蝎
|-crit|p2a: 蝠翼侠蝎
|-damage|p2a: 蝠翼侠蝎|0 fnt
|faint|p2a: 蝠翼侠蝎
|
|-weather|Snowscape|[upkeep]
|upkeep
|
|t:|1760410491
|switch|p2a: 寒言卜策|Slowking-Galar, M|61/100
|turn|10
|
|t:|1760410494
|move|p1a: Walking Wake|Scald|p2a: 寒言卜策
|-damage|p2a: 寒言卜策|36/100
|move|p2a: 寒言卜策|Future Sight|p1a: Walking Wake
|-start|p2a: 寒言卜策|move: Future Sight
|
|-weather|none
|upkeep
|turn|11
|
|t:|1760410501
|move|p1a: Walking Wake|Scald|p2a: 寒言卜策
|-damage|p2a: 寒言卜策|12/100
|-prepare|p2a: 寒言卜策|Chilly Reception|[premajor]
|move|p2a: 寒言卜策|Chilly Reception|p2a: 寒言卜策
|-weather|Snowscape
|
|t:|1760410511
|switch|p2a: 牵丝孽果|Pecharunt|45/100|[from] Chilly Reception
|
|-weather|Snowscape|[upkeep]
|upkeep
|turn|12
|
|t:|1760410515
|move|p1a: Walking Wake|Dragon Pulse|p2a: 牵丝孽果
|-crit|p2a: 牵丝孽果
|-damage|p2a: 牵丝孽果|0 fnt
|faint|p2a: 牵丝孽果
|
|-weather|Snowscape|[upkeep]
|-end|p1a: Walking Wake|move: Future Sight
|-end|p1a: Walking Wake|Substitute
|upkeep
|
|t:|1760410523
|switch|p2a: 先兆巡卫|Zamazenta|61/100
|turn|13
|
|t:|1760410525
|move|p1a: Walking Wake|Scald|p2a: 先兆巡卫
|-damage|p2a: 先兆巡卫|23/100
|move|p2a: 先兆巡卫|Close Combat|p1a: Walking Wake
|-damage|p1a: Walking Wake|0 fnt
|-unboost|p2a: 先兆巡卫|def|1
|-unboost|p2a: 先兆巡卫|spd|1
|faint|p1a: Walking Wake
|-end|p1a: Walking Wake|Protosynthesis|[silent]
|
|-weather|Snowscape|[upkeep]
|upkeep
|
|t:|1760410531
|switch|p1a: Ceruledge|Ceruledge, M|100/100
|turn|14
|
|t:|1760410539
|switch|p2a: 最终兵器|Kingambit, F|100/100
|-activate|p2a: 最终兵器|ability: Supreme Overlord
|-start|p2a: 最终兵器|fallen2|[silent]
|move|p1a: Ceruledge|Bulk Up|p1a: Ceruledge
|-boost|p1a: Ceruledge|atk|1
|-boost|p1a: Ceruledge|def|1
|
|-weather|Snowscape|[upkeep]
|upkeep
|turn|15
|
|t:|1760410549
|-terastallize|p1a: Ceruledge|Fighting
|-terastallize|p2a: 最终兵器|Fairy
|move|p1a: Ceruledge|Bulk Up|p1a: Ceruledge
|-boost|p1a: Ceruledge|atk|1
|-boost|p1a: Ceruledge|def|1
|move|p2a: 最终兵器|Kowtow Cleave|p1a: Ceruledge
|-resisted|p1a: Ceruledge
|-damage|p1a: Ceruledge|79/100
|-ability|p1a: Ceruledge|Weak Armor|boost
|-unboost|p1a: Ceruledge|def|1
|-boost|p1a: Ceruledge|spe|2
|
|-weather|none
|upkeep
|turn|16
|
|t:|1760410557
|move|p1a: Ceruledge|Bitter Blade|p2a: 最终兵器
|-damage|p2a: 最终兵器|32/100
|-heal|p1a: Ceruledge|100/100|[from] drain|[of] p2a: 最终兵器
|move|p2a: 最终兵器|Tera Blast|p1a: Ceruledge|[anim] Tera Blast Fairy
|-supereffective|p1a: Ceruledge
|-crit|p1a: Ceruledge
|-damage|p1a: Ceruledge|0 fnt
|faint|p1a: Ceruledge
|
|upkeep
|
|t:|1760410568
|switch|p1a: Corviknight|Corviknight, M|88/100
|turn|17
|
|t:|1760410579
|-end|p2a: 最终兵器|fallen2|[silent]
|switch|p2a: 寒言卜策|Slowking-Galar, M|45/100
|move|p1a: Corviknight|Brave Bird|p2a: 寒言卜策
|-damage|p2a: 寒言卜策|10/100
|-damage|p1a: Corviknight|77/100|[from] Recoil
|
|-heal|p1a: Corviknight|83/100|[from] item: Leftovers
|upkeep
|turn|18
|
|t:|1760410587
|move|p1a: Corviknight|Defog|p2a: 寒言卜策
|-unboost|p2a: 寒言卜策|evasion|1
|-sideend|p1: Beurs|Spikes|[from] move: Defog|[of] p1a: Corviknight
|move|p2a: 寒言卜策|Flamethrower|p1a: Corviknight
|-supereffective|p1a: Corviknight
|-damage|p1a: Corviknight|41/100
|
|-heal|p1a: Corviknight|47/100|[from] item: Leftovers
|upkeep
|turn|19
|
|t:|1760410594
|move|p1a: Corviknight|Brave Bird|p2a: 寒言卜策
|-damage|p2a: 寒言卜策|0 fnt
|faint|p2a: 寒言卜策
|-damage|p1a: Corviknight|44/100|[from] Recoil
|
|-heal|p1a: Corviknight|50/100|[from] item: Leftovers
|upkeep
|
|t:|1760410599
|switch|p2a: 先兆巡卫|Zamazenta|23/100
|turn|20
|
|t:|1760410602
|move|p2a: 先兆巡卫|Close Combat|p1a: Corviknight
|-damage|p1a: Corviknight|0 fnt
|-unboost|p2a: 先兆巡卫|def|1
|-unboost|p2a: 先兆巡卫|spd|1
|faint|p1a: Corviknight
|
|upkeep
|
|t:|1760410608
|switch|p1a: Moltres|Moltres-Galar|100/100
|turn|21
|
|t:|1760410610
|move|p2a: 先兆巡卫|Close Combat|p1a: Moltres
|-damage|p1a: Moltres|5/100
|-unboost|p2a: 先兆巡卫|def|1
|-unboost|p2a: 先兆巡卫|spd|1
|-ability|p1a: Moltres|Berserk|boost
|-boost|p1a: Moltres|spa|1
|move|p1a: Moltres|Agility|p1a: Moltres
|-boost|p1a: Moltres|spe|2
|
|upkeep
|turn|22
|
|t:|1760410618
|move|p1a: Moltres|Tera Blast|p2a: 先兆巡卫
|-damage|p2a: 先兆巡卫|0 fnt
|faint|p2a: 先兆巡卫
|
|upkeep
|
|t:|1760410620
|switch|p2a: 最终兵器|Kingambit, F, tera:Fairy|32/100
|-activate|p2a: 最终兵器|ability: Supreme Overlord
|-start|p2a: 最终兵器|fallen4|[silent]
|turn|23
|
|t:|1760410624
|move|p2a: 最终兵器|Sucker Punch||[still]
|-fail|p2a: 最终兵器
|move|p1a: Moltres|Rest|p1a: Moltres
|-status|p1a: Moltres|slp|[from] move: Rest
|-heal|p1a: Moltres|100/100 slp|[silent]
|-enditem|p1a: Moltres|Chesto Berry|[eat]
|-curestatus|p1a: Moltres|slp|[msg]
|
|upkeep
|turn|24
|
|t:|1760410629
|move|p1a: Moltres|Tera Blast|p2a: 最终兵器
|-damage|p2a: 最终兵器|8/100
|move|p2a: 最终兵器|Tera Blast|p1a: Moltres|[anim] Tera Blast Fairy
|-supereffective|p1a: Moltres
|-damage|p1a: Moltres|0 fnt
|faint|p1a: Moltres
|
|upkeep
|
|t:|1760410634
|switch|p1a: Iron Hands|Iron Hands|100/100
|turn|25
|
|t:|1760410637
|move|p1a: Iron Hands|Wild Charge|p2a: 最终兵器
|-damage|p2a: 最终兵器|0 fnt
|faint|p2a: 最终兵器
|-end|p2a: 最终兵器|fallen4|[silent]
|-damage|p1a: Iron Hands|99/100|[from] Recoil
|
|upkeep
|
|t:|1760410639
|switch|p2a: 皎月祈光|Clefable, F|100/100
|turn|26
|
|t:|1760410644
|move|p2a: 皎月祈光|Cosmic Power|p2a: 皎月祈光
|-boost|p2a: 皎月祈光|def|1
|-boost|p2a: 皎月祈光|spd|1
|move|p1a: Iron Hands|Wild Charge|p2a: 皎月祈光
|-damage|p2a: 皎月祈光|75/100
|-damage|p1a: Iron Hands|94/100|[from] Recoil
|
|upkeep
|turn|27
|
|t:|1760410650
|move|p2a: 皎月祈光|Cosmic Power|p2a: 皎月祈光
|-boost|p2a: 皎月祈光|def|1
|-boost|p2a: 皎月祈光|spd|1
|move|p1a: Iron Hands|Ice Punch|p2a: 皎月祈光
|-crit|p2a: 皎月祈光
|-damage|p2a: 皎月祈光|38/100
|
|upkeep
|turn|28
|
|t:|1760410656
|move|p2a: 皎月祈光|Moonlight|p2a: 皎月祈光
|-heal|p2a: 皎月祈光|88/100
|move|p1a: Iron Hands|Ice Punch|p2a: 皎月祈光
|-damage|p2a: 皎月祈光|74/100
|
|upkeep
|turn|29
|
|t:|1760410659
|move|p2a: 皎月祈光|Cosmic Power|p2a: 皎月祈光
|-boost|p2a: 皎月祈光|def|1
|-boost|p2a: 皎月祈光|spd|1
|move|p1a: Iron Hands|Ice Punch|p2a: 皎月祈光
|-damage|p2a: 皎月祈光|62/100
|
|upkeep
|turn|30
|
|t:|1760410661
|move|p2a: 皎月祈光|Moonlight|p2a: 皎月祈光
|-heal|p2a: 皎月祈光|100/100
|move|p1a: Iron Hands|Ice Punch|p2a: 皎月祈光
|-damage|p2a: 皎月祈光|89/100
|
|upkeep
|turn|31
|
|t:|1760410663
|move|p2a: 皎月祈光|Stored Power|p1a: Iron Hands
|-supereffective|p1a: Iron Hands
|-damage|p1a: Iron Hands|43/100
|move|p1a: Iron Hands|Ice Punch|p2a: 皎月祈光
|-damage|p2a: 皎月祈光|79/100
|
|upkeep
|turn|32
|
|t:|1760410665
|move|p2a: 皎月祈光|Stored Power|p1a: Iron Hands
|-supereffective|p1a: Iron Hands
|-damage|p1a: Iron Hands|0 fnt
|faint|p1a: Iron Hands
|-end|p1a: Iron Hands|Quark Drive|[silent]
|
|win|flagfrog
|raw|Beurs's rating: 1362 &rarr; <strong>1346</strong><br />(-16 for losing)
|raw|flagfrog's rating: 1431 &rarr; <strong>1447</strong><br />(+16 for winning)
|c|☆Beurs|gg
|c|☆flagfrog|gg
|l|☆Beurs
|player|p1|
