|j|☆firecharmander004
|j|☆birdra
|t:|1760447349
|gametype|singles
|player|p1|firecharmander004|266|1451
|player|p2|birdra|dawn|1423
|gen|9
|tier|[Gen 9] OU
|rated|
|rule|HP Percentage Mod: HP is shown in percentages
|rule|Endless Battle Clause: Forcing endless battles is banned
|rule|Species Clause: Limit one of each Pokémon
|rule|OHKO Clause: OHKO moves are banned
|rule|Evasion Items Clause: Evasion items are banned
|rule|Evasion Moves Clause: Evasion moves are banned
|rule|Evasion Abilities Clause: Evasion abilities are banned
|rule|Sleep Moves Clause: Sleep-inducing moves are banned
|clearpoke
|poke|p1|Iron Treads|
|poke|p1|Ogerpon-Wellspring, F|
|poke|p1|Kingambit, M|
|poke|p1|Arcanine-Hisui, M|
|poke|p1|Iron Valiant|
|poke|p1|Dragapult, M|
|poke|p2|Meloetta|
|poke|p2|Weezing-Galar, F|
|poke|p2|Magnezone|
|poke|p2|Rillaboom, F|
|poke|p2|Cobalion|
|poke|p2|Kyurem|
|teampreview
|inactive|Battle timer is ON: inactive players will automatically lose when time's up. (requested by firecharmander004)
|
|t:|1760447361
|teamsize|p1|6
|teamsize|p2|6
|start
|switch|p1a: Iron Treads|Iron Treads|100/100
|switch|p2a: Meloetta|Meloetta|100/100
|-enditem|p1a: Iron Treads|Booster Energy
|-activate|p1a: Iron Treads|ability: Quark Drive|[fromitem]
|-start|p1a: Iron Treads|quarkdrivespe
|turn|1
|
|t:|1760447367
|move|p1a: Iron Treads|Stealth Rock|p2a: Meloetta
|-sidestart|p2: birdra|move: Stealth Rock
|move|p2a: Meloetta|Relic Song|p1a: Iron Treads
|-resisted|p1a: Iron Treads
|-damage|p1a: Iron Treads|79/100
|-formechange|p2a: Meloetta|Meloetta-Pirouette|[msg]
|
|upkeep
|turn|2
|
|t:|1760447377
|move|p1a: Iron Treads|Steel Beam|p2a: Meloetta
|-damage|p2a: Meloetta|41/100
|-damage|p1a: Iron Treads|29/100|[from] steelbeam
|move|p2a: Meloetta|Close Combat|p1a: Iron Treads
|-supereffective|p1a: Iron Treads
|-damage|p1a: Iron Treads|0 fnt
|-unboost|p2a: Meloetta|def|1
|-unboost|p2a: Meloetta|spd|1
|faint|p1a: Iron Treads
|-end|p1a: Iron Treads|Quark Drive|[silent]
|
|-heal|p2a: Meloetta|48/100|[from] item: Leftovers
|upkeep
|
|t:|1760447401
|switch|p1a: Dragapult|Dragapult, M|100/100
|turn|3
|
|t:|1760447404
|switch|p2a: Weezing|Weezing-Galar, F|100/100
|-fieldstart|move: Misty Terrain|[from] ability: Misty Surge|[of] p2a: Weezing
|move|p1a: Dragapult|Flamethrower|p2a: Weezing
|-damage|p2a: Weezing|64/100
|
|upkeep
|turn|4
|
|t:|1760447409
|switch|p1a: Arcanine|Arcanine-Hisui, M|100/100
|move|p2a: Weezing|Toxic Spikes|p1a: Arcanine
|-sidestart|p1: firecharmander004|move: Toxic Spikes
|
|upkeep
|turn|5
|
|t:|1760447424
|move|p1a: Arcanine|Flare Blitz|p2a: Weezing
|-damage|p2a: Weezing|0 fnt
|faint|p2a: Weezing
|
|upkeep
|
|t:|1760447439
|switch|p2a: Rillaboom|Rillaboom, F|100/100
|-damage|p2a: Rillaboom|88/100|[from] Stealth Rock
|-fieldstart|move: Grassy Terrain|[from] ability: Grassy Surge|[of] p2a: Rillaboom
|turn|6
|
|t:|1760447444
|-terastallize|p2a: Rillaboom|Dragon
|move|p1a: Arcanine|Flare Blitz|p2a: Rillaboom
|-resisted|p2a: Rillaboom
|-damage|p2a: Rillaboom|50/100
|move|p2a: Rillaboom|High Horsepower|p1a: Arcanine
|-supereffective|p1a: Arcanine
|-damage|p1a: Arcanine|0 fnt
|faint|p1a: Arcanine
|
|-heal|p2a: Rillaboom|56/100|[from] Grassy Terrain
|upkeep
|
|t:|1760447464
|switch|p1a: Iron Valiant|Iron Valiant|100/100
|-status|p1a: Iron Valiant|psn
|-enditem|p1a: Iron Valiant|Booster Energy
|-activate|p1a: Iron Valiant|ability: Quark Drive|[fromitem]
|-start|p1a: Iron Valiant|quarkdrivespe
|turn|7
|
|t:|1760447469
|move|p1a: Iron Valiant|Moonblast|p2a: Rillaboom
|-supereffective|p2a: Rillaboom
|-damage|p2a: Rillaboom|0 fnt
|faint|p2a: Rillaboom
|
|-damage|p1a: Iron Valiant|88/100 psn|[from] psn
|upkeep
|
|t:|1760447475
|switch|p2a: Magnezone|Magnezone|100/100
|-damage|p2a: Magnezone|94/100|[from] Stealth Rock
|turn|8
|
|t:|1760447480
|move|p1a: Iron Valiant|Close Combat|p2a: Magnezone
|-supereffective|p2a: Magnezone
|-damage|p2a: Magnezone|0 fnt
|-unboost|p1a: Iron Valiant|def|1
|-unboost|p1a: Iron Valiant|spd|1
|faint|p2a: Magnezone
|
|-heal|p1a: Iron Valiant|94/100 psn|[from] Grassy Terrain
|-damage|p1a: Iron Valiant|82/100 psn|[from] psn
|upkeep
|
|t:|1760447488
|switch|p2a: Cobalion|Cobalion|100/100
|-damage|p2a: Cobalion|97/100|[from] Stealth Rock
|turn|9
|
|t:|1760447491
|-end|p1a: Iron Valiant|Quark Drive|[silent]
|switch|p1a: Dragapult|Dragapult, M|100/100
|-status|p1a: Dragapult|psn
|move|p2a: Cobalion|Iron Head|p1a: Dragapult
|-damage|p1a: Dragapult|63/100 psn
|
|-heal|p1a: Dragapult|69/100 psn|[from] Grassy Terrain
|-heal|p2a: Cobalion|100/100|[from] Grassy Terrain
|-damage|p1a: Dragapult|57/100 psn|[from] psn
|upkeep
|turn|10
|
|t:|1760447505
|-terastallize|p1a: Dragapult|Ghost
|move|p1a: Dragapult|Shadow Ball|p2a: Cobalion
|-crit|p2a: Cobalion
|-damage|p2a: Cobalion|0 fnt
|faint|p2a: Cobalion
|
|-heal|p1a: Dragapult|63/100 psn|[from] Grassy Terrain
|-damage|p1a: Dragapult|51/100 psn|[from] psn
|upkeep
|
|t:|1760447510
|switch|p2a: Meloetta|Meloetta|48/100
|-damage|p2a: Meloetta|35/100|[from] Stealth Rock
|turn|11
|
|t:|1760447516
|switch|p1a: Ogerpon|Ogerpon-Wellspring, F|100/100
|-status|p1a: Ogerpon|psn
|move|p2a: Meloetta|Relic Song|p1a: Ogerpon
|-damage|p1a: Ogerpon|67/100 psn
|-formechange|p2a: Meloetta|Meloetta-Pirouette|[msg]
|
|-heal|p2a: Meloetta|41/100|[from] Grassy Terrain
|-heal|p2a: Meloetta|48/100|[from] item: Leftovers
|-heal|p1a: Ogerpon|73/100 psn|[from] Grassy Terrain
|-damage|p1a: Ogerpon|60/100 psn|[from] psn
|upkeep
|turn|12
|
|t:|1760447527
|move|p2a: Meloetta|Zen Headbutt|p1a: Ogerpon
|-damage|p1a: Ogerpon|24/100 psn
|move|p1a: Ogerpon|Ivy Cudgel|p2a: Meloetta|[anim] Ivy Cudgel Water
|-damage|p2a: Meloetta|0 fnt
|faint|p2a: Meloetta
|
|-heal|p1a: Ogerpon|30/100 psn|[from] Grassy Terrain
|-damage|p1a: Ogerpon|18/100 psn|[from] psn
|upkeep
|
|t:|1760447532
|switch|p2a: Kyurem|Kyurem|100/100
|-damage|p2a: Kyurem|75/100|[from] Stealth Rock
|-ability|p2a: Kyurem|Pressure
|turn|13
|
|t:|1760447535
|move|p2a: Kyurem|Protect|p2a: Kyurem
|-singleturn|p2a: Kyurem|Protect
|move|p1a: Ogerpon|Play Rough|p2a: Kyurem
|-activate|p2a: Kyurem|move: Protect
|
|-heal|p1a: Ogerpon|24/100 psn|[from] Grassy Terrain
|-heal|p2a: Kyurem|82/100|[from] Grassy Terrain
|-heal|p2a: Kyurem|88/100|[from] item: Leftovers
|-damage|p1a: Ogerpon|11/100 psn|[from] psn
|-fieldend|move: Grassy Terrain
|upkeep
|turn|14
|
|t:|1760447541
|move|p2a: Kyurem|Protect||[still]
|-fail|p2a: Kyurem
|move|p1a: Ogerpon|Play Rough|p2a: Kyurem
|-supereffective|p2a: Kyurem
|-damage|p2a: Kyurem|20/100
|
|-heal|p2a: Kyurem|26/100|[from] item: Leftovers
|-damage|p1a: Ogerpon|0 fnt|[from] psn
|faint|p1a: Ogerpon
|upkeep
|
|t:|1760447543
|switch|p1a: Dragapult|Dragapult, M, tera:Ghost|51/100 psn
|turn|15
|
|t:|1760447547
|move|p1a: Dragapult|Shadow Ball|p2a: Kyurem
|-damage|p2a: Kyurem|0 fnt
|faint|p2a: Kyurem
|
|win|firecharmander004
|raw|firecharmander004's rating: 1451 &rarr; <strong>1469</strong><br />(+18 for winning)
|raw|birdra's rating: 1423 &rarr; <strong>1405</strong><br />(-18 for losing)
|l|☆birdra
|player|p2|
