|j|☆animeGametestteam
|j|☆ColeQAQ
|t:|1760329284
|gametype|singles
|player|p1|animeGametestteam|acetrainer-gen4dp|1193
|player|p2|ColeQAQ|266|1179
|gen|9
|tier|[Gen 9] OU
|rated|
|rule|HP Percentage Mod: HP is shown in percentages
|rule|Endless Battle Clause: Forcing endless battles is banned
|rule|Species Clause: Limit one of each Pokémon
|rule|OHKO Clause: OHKO moves are banned
|rule|Evasion Items Clause: Evasion items are banned
|rule|Evasion Moves Clause: Evasion moves are banned
|rule|Evasion Abilities Clause: Evasion abilities are banned
|rule|Sleep Moves Clause: Sleep-inducing moves are banned
|clearpoke
|poke|p1|Tsareena, F|
|poke|p1|Incineroar, M|
|poke|p1|Toxapex, M|
|poke|p1|Kommo-o, M|
|poke|p1|Mimikyu, M|
|poke|p1|Lycanroc, M|
|poke|p2|Zapdos|
|poke|p2|Cinderace, F|
|poke|p2|Pecharunt|
|poke|p2|Keldeo-Resolute|
|poke|p2|Blissey, F|
|poke|p2|Kingambit, M|
|teampreview
|
|t:|1760329298
|teamsize|p1|6
|teamsize|p2|6
|start
|switch|p1a: Incineroar|Incineroar, M|100/100
|switch|p2a: Keldeo|Keldeo-Resolute|100/100
|-ability|p1a: Incineroar|Intimidate|boost
|-unboost|p2a: Keldeo|atk|1
|turn|1
|
|t:|1760329323
|move|p2a: Keldeo|Calm Mind|p2a: Keldeo
|-boost|p2a: Keldeo|spa|1
|-boost|p2a: Keldeo|spd|1
|move|p1a: Incineroar|Earthquake|p2a: Keldeo
|-damage|p2a: Keldeo|64/100
|
|-heal|p2a: Keldeo|70/100|[from] item: Leftovers
|upkeep
|turn|2
|
|t:|1760329332
|switch|p1a: Toxapex|Toxapex, M|100/100
|move|p2a: Keldeo|Secret Sword|p1a: Toxapex
|-resisted|p1a: Toxapex
|-damage|p1a: Toxapex|81/100
|
|-heal|p2a: Keldeo|77/100|[from] item: Leftovers
|upkeep
|turn|3
|
|t:|1760329345
|switch|p1a: Mimikyu|Mimikyu, M|100/100
|-terastallize|p2a: Keldeo|Steel
|move|p2a: Keldeo|Calm Mind|p2a: Keldeo
|-boost|p2a: Keldeo|spa|1
|-boost|p2a: Keldeo|spd|1
|
|-heal|p2a: Keldeo|83/100|[from] item: Leftovers
|upkeep
|turn|4
|
|t:|1760329358
|move|p2a: Keldeo|Surf|p1a: Mimikyu
|-activate|p1a: Mimikyu|ability: Disguise
|-damage|p1a: Mimikyu|100/100
|detailschange|p1a: Mimikyu|Mimikyu-Busted, M
|-damage|p1a: Mimikyu|88/100|[from] pokemon: Mimikyu-Busted
|move|p1a: Mimikyu|Drain Punch|p2a: Keldeo
|-supereffective|p2a: Keldeo
|-damage|p2a: Keldeo|22/100
|-heal|p1a: Mimikyu|100/100|[from] drain|[of] p2a: Keldeo
|-damage|p1a: Mimikyu|91/100|[from] item: Life Orb
|
|-heal|p2a: Keldeo|29/100|[from] item: Leftovers
|upkeep
|turn|5
|
|t:|1760329373
|move|p1a: Mimikyu|Shadow Sneak|p2a: Keldeo
|-crit|p2a: Keldeo
|-damage|p2a: Keldeo|0 fnt
|faint|p2a: Keldeo
|-damage|p1a: Mimikyu|81/100|[from] item: Life Orb
|
|upkeep
|
|t:|1760329381
|switch|p2a: Pecharunt|Pecharunt|100/100
|turn|6
|
|t:|1760329385
|switch|p1a: Toxapex|Toxapex, M|100/100
|move|p2a: Pecharunt|Malignant Chain|p1a: Toxapex
|-resisted|p1a: Toxapex
|-damage|p1a: Toxapex|84/100
|
|upkeep
|turn|7
|
|t:|1760329408
|move|p2a: Pecharunt|Shadow Ball|p1a: Toxapex
|-damage|p1a: Toxapex|55/100
|move|p1a: Toxapex|Chilling Water|p2a: Pecharunt
|-damage|p2a: Pecharunt|90/100
|-unboost|p2a: Pecharunt|atk|1
|
|-heal|p2a: Pecharunt|96/100|[from] item: Leftovers
|upkeep
|turn|8
|
|t:|1760329418
|move|p2a: Pecharunt|Shadow Ball|p1a: Toxapex
|-damage|p1a: Toxapex|28/100
|-unboost|p1a: Toxapex|spd|1
|move|p1a: Toxapex|Recover|p1a: Toxapex
|-heal|p1a: Toxapex|78/100
|
|-heal|p2a: Pecharunt|100/100|[from] item: Leftovers
|upkeep
|turn|9
|
|t:|1760329431
|switch|p1a: Kommo-o|Kommo-o, M|100/100
|move|p2a: Pecharunt|Shadow Ball|p1a: Kommo-o
|-damage|p1a: Kommo-o|60/100
|-unboost|p1a: Kommo-o|spd|1
|
|upkeep
|turn|10
|
|t:|1760329443
|switch|p1a: Toxapex|Toxapex, M|100/100
|move|p2a: Pecharunt|Shadow Ball|p1a: Toxapex
|-damage|p1a: Toxapex|71/100
|-unboost|p1a: Toxapex|spd|1
|
|upkeep
|turn|11
|inactive|Battle timer is ON: inactive players will automatically lose when time's up. (requested by animeGametestteam)
|inactive|ColeQAQ has 120 seconds left.
|inactive|ColeQAQ has 90 seconds left.
|inactive|ColeQAQ has 60 seconds left.
|inactive|ColeQAQ has 30 seconds left.
|inactive|ColeQAQ has 20 seconds left.
|inactive|ColeQAQ has 15 seconds left.
|inactive|ColeQAQ has 10 seconds left.
|inactive|ColeQAQ has 5 seconds left.
|-message|ColeQAQ lost due to inactivity.
|
|win|animeGametestteam
|raw|animeGametestteam's rating: 1193 &rarr; <strong>1217</strong><br />(+24 for winning)
|raw|ColeQAQ's rating: 1179 &rarr; <strong>1155</strong><br />(-24 for losing)
|l|☆animeGametestteam
|player|p1|
|l|☆ColeQAQ
|player|p2|
