|j|☆BakelitePharaoh
|j|☆fujizen
|t:|1760312977
|gametype|singles
|player|p1|BakelitePharaoh|ethan|1158
|player|p2|fujizen|lance-gen1|1179
|gen|9
|tier|[Gen 9] OU
|rated|
|rule|HP Percentage Mod: HP is shown in percentages
|rule|Endless Battle Clause: Forcing endless battles is banned
|rule|Species Clause: Limit one of each Pokémon
|rule|OHKO Clause: OHKO moves are banned
|rule|Evasion Items Clause: Evasion items are banned
|rule|Evasion Moves Clause: Evasion moves are banned
|rule|Evasion Abilities Clause: Evasion abilities are banned
|rule|Sleep Moves Clause: Sleep-inducing moves are banned
|clearpoke
|poke|p1|Landorus-Therian, M|
|poke|p1|Alomomola, F|
|poke|p1|Raging Bolt|
|poke|p1|Scizor, F|
|poke|p1|Dragapult, M|
|poke|p1|Heatran, M|
|poke|p2|Salazzle, F|
|poke|p2|Skarmory, F|
|poke|p2|Blissey, F|
|poke|p2|Gliscor, M|
|poke|p2|Zoroark, M|
|poke|p2|Mandibuzz, F|
|teampreview
|c|☆fujizen|can somone insert cell theme
|c|☆fujizen|I don't want to be spoil either
|c|☆fujizen|did you guys know that arceus himself bow to the sheer aura of my goat bidoof
|c|☆fujizen|Any news on an empoleon mega?
|inactive|Battle timer is ON: inactive players will automatically lose when time's up. (requested by BakelitePharaoh)
|c|☆fujizen|budew rivals the powers of the pokemon god bidoof
|c|☆BakelitePharaoh|Bro shut up
|
|t:|1760313016
|teamsize|p1|6
|teamsize|p2|6
|start
|switch|p1a: Dragapult|Dragapult, M|100/100
|switch|p2a: ʕʘʘ̲̅ʔ|Mandibuzz, F|100/100
|turn|1
|c|☆fujizen|I’m gonna rank every Pokémon once I get bored
|c|☆fujizen|im bored
|c|☆fujizen|I came back to it recently only to find everyone just sits on top of mountains with sniper rifles. So its basically just PUBG but anime now
|c|☆fujizen|i considered hopping on fortnite when they added miku but remembered im shit at shooters
|
|t:|1760313046
|move|p2a: ʕʘʘ̲̅ʔ|Knock Off|p1a: Dragapult
|-supereffective|p1a: Dragapult
|-crit|p1a: Dragapult
|-damage|p1a: Dragapult|0 fnt
|-enditem|p1a: Dragapult|Choice Specs|[from] move: Knock Off|[of] p2a: ʕʘʘ̲̅ʔ
|faint|p1a: Dragapult
|
|upkeep
|
|t:|1760313053
|switch|p1a: Raging Bolt|Raging Bolt|100/100
|-enditem|p1a: Raging Bolt|Booster Energy
|-activate|p1a: Raging Bolt|ability: Protosynthesis|[fromitem]
|-start|p1a: Raging Bolt|protosynthesisspa
|turn|2
|c|☆fujizen|looser
|c|☆fujizen|looser
|c|☆fujizen|Fortnite addiction is worse than heroin some people report
|c|☆fujizen|that's why I dont play it
|
|t:|1760313076
|switch|p2a: 凸(⊙▂⊙✖ )|Gliscor, M|100/100
|move|p1a: Raging Bolt|Calm Mind|p1a: Raging Bolt
|-boost|p1a: Raging Bolt|spa|1
|-boost|p1a: Raging Bolt|spd|1
|
|-status|p2a: 凸(⊙▂⊙✖ )|tox|[from] item: Toxic Orb
|upkeep
|turn|3
|
|t:|1760313085
|move|p1a: Raging Bolt|Draco Meteor|p2a: 凸(⊙▂⊙✖ )
|-damage|p2a: 凸(⊙▂⊙✖ )|0 fnt
|-unboost|p1a: Raging Bolt|spa|2
|faint|p2a: 凸(⊙▂⊙✖ )
|
|upkeep
|
|t:|1760313088
|switch|p2a: ٩(◕‿◕)۶|Blissey, F|100/100
|turn|4
|
|t:|1760313097
|move|p1a: Raging Bolt|Calm Mind|p1a: Raging Bolt
|-boost|p1a: Raging Bolt|spa|1
|-boost|p1a: Raging Bolt|spd|1
|move|p2a: ٩(◕‿◕)۶|Stealth Rock|p1a: Raging Bolt
|-sidestart|p1: BakelitePharaoh|move: Stealth Rock
|
|upkeep
|turn|5
|inactive|fujizen has 120 seconds left.
|
|t:|1760313149
|move|p1a: Raging Bolt|Calm Mind|p1a: Raging Bolt
|-boost|p1a: Raging Bolt|spa|1
|-boost|p1a: Raging Bolt|spd|1
|move|p2a: ٩(◕‿◕)۶|Seismic Toss|p1a: Raging Bolt
|-damage|p1a: Raging Bolt|75/100
|
|upkeep
|turn|6
|
|t:|1760313163
|move|p1a: Raging Bolt|Thunderbolt|p2a: ٩(◕‿◕)۶
|-damage|p2a: ٩(◕‿◕)۶|72/100
|move|p2a: ٩(◕‿◕)۶|Seismic Toss|p1a: Raging Bolt
|-damage|p1a: Raging Bolt|49/100
|
|upkeep
|turn|7
|
|t:|1760313187
|move|p1a: Raging Bolt|Draco Meteor|p2a: ٩(◕‿◕)۶
|-damage|p2a: ٩(◕‿◕)۶|33/100
|-unboost|p1a: Raging Bolt|spa|2
|move|p2a: ٩(◕‿◕)۶|Seismic Toss|p1a: Raging Bolt
|-damage|p1a: Raging Bolt|24/100
|
|upkeep
|turn|8
|c|☆fujizen|ヽ༼ ͠° ͟ ͜ʖ ͡° ༽ﾉ
|
|t:|1760313198
|move|p1a: Raging Bolt|Thunderclap||[still]
|-fail|p1a: Raging Bolt
|move|p2a: ٩(◕‿◕)۶|Soft-Boiled|p2a: ٩(◕‿◕)۶
|-heal|p2a: ٩(◕‿◕)۶|83/100
|
|upkeep
|turn|9
|c|☆fujizen|╭∩╮(ಠ۝ಠ)╭∩╮
|c|☆fujizen|ಠ෴ಠ
|inactive|fujizen has 90 seconds left.
|c|☆fujizen|̿̿ ̿̿ ̿̿ ̿'̿'\\з= ( ▀ ͜͞ʖ▀) =ε//’̿’̿ ̿ ̿̿ ̿̿ ̿̿
|c|☆fujizen|̿̿ ̿̿ ̿̿ ̿'̿'\\з= ( ▀ ͜͞ʖ▀) =ε//’̿’̿ ̿ ̿̿ ̿̿ ̿̿
|c|☆fujizen|̿̿ ̿̿ ̿̿ ̿'̿'\\з= ( ▀ ͜͞ʖ▀) =ε//’̿’̿ ̿ ̿̿ ̿̿ ̿̿
|c|☆fujizen|̿̿ ̿̿ ̿̿ ̿'̿'\\з= ( ▀ ͜͞ʖ▀) =ε//’̿’̿ ̿ ̿̿ ̿̿ ̿̿
|c|☆fujizen|̿̿ ̿̿ ̿̿ ̿'̿'\\з= ( ▀ ͜͞ʖ▀) =ε//’̿’̿ ̿ ̿̿ ̿̿ ̿̿
|c|☆fujizen|̿̿ ̿̿ ̿̿ ̿'̿'\\з= ( ▀ ͜͞ʖ▀) =ε//’̿’̿ ̿ ̿̿ ̿̿ ̿̿
|inactive|fujizen has 60 seconds left.
|c|☆fujizen|̿̿ ̿̿ ̿̿ ̿'̿'\\з= ( ▀ ͜͞ʖ▀) =ε//’̿’̿ ̿ ̿̿ ̿̿ ̿̿
|
|t:|1760313261
|move|p1a: Raging Bolt|Draco Meteor|p2a: ٩(◕‿◕)۶
|-damage|p2a: ٩(◕‿◕)۶|64/100
|-unboost|p1a: Raging Bolt|spa|2
|move|p2a: ٩(◕‿◕)۶|Seismic Toss|p1a: Raging Bolt
|-damage|p1a: Raging Bolt|0 fnt
|faint|p1a: Raging Bolt
|-end|p1a: Raging Bolt|Protosynthesis|[silent]
|
|upkeep
|c|☆fujizen|̿̿ ̿̿ ̿̿ ̿'̿'\\з= ( ▀ ͜͞ʖ▀) =ε//’̿’̿ ̿ ̿̿ ̿̿ ̿̿
|inactive|BakelitePharaoh has 120 seconds left.
|
|t:|1760313272
|switch|p1a: Landorus|Landorus-Therian, M|100/100
|-damage|p1a: Landorus|88/100|[from] Stealth Rock
|-ability|p1a: Landorus|Intimidate|boost
|-unboost|p2a: ٩(◕‿◕)۶|atk|1
|turn|10
|c|☆fujizen|And its not little money either its like twelve million dollars or something to upgrade a card to max
|c|☆fujizen|Cold take clash royale is a shit game and supercell is a shit developer
|c|☆fujizen|which is still a while away, since I’m still working toward Silksong true ending
|inactive|fujizen has 60 seconds left.
|c|☆fujizen|but info from THE leak has its own dedicated room in case some people wanted to go into the game spoiler free
|
|t:|1760313296
|switch|p2a: ╭∩╮( ͡° ͜ʖ ͡° )╭∩╮|Skarmory, F|100/100
|move|p1a: Landorus|Taunt|p2a: ╭∩╮( ͡° ͜ʖ ͡° )╭∩╮
|-start|p2a: ╭∩╮( ͡° ͜ʖ ͡° )╭∩╮|move: Taunt
|
|upkeep
|turn|11
|inactive|fujizen has 60 seconds left.
|
|t:|1760313302
|switch|p2a: ʕʘʘ̲̅ʔ|Mandibuzz, F|100/100
|move|p1a: Landorus|U-turn|p2a: ʕʘʘ̲̅ʔ
|-supereffective|p2a: ʕʘʘ̲̅ʔ
|-damage|p2a: ʕʘʘ̲̅ʔ|25/100
|replace|p2a: (✦థ ｪ థ)╭∩╮|Zoroark, M
|-end|p2a: (✦థ ｪ థ)╭∩╮|Illusion
|
|t:|1760313315
|switch|p1a: Scizor|Scizor, F|100/100|[from] U-turn
|
|upkeep
|turn|12
|
|t:|1760313326
|move|p1a: Scizor|Bullet Punch|p2a: (✦థ ｪ థ)╭∩╮
|-damage|p2a: (✦థ ｪ థ)╭∩╮|0 fnt
|faint|p2a: (✦థ ｪ థ)╭∩╮
|
|upkeep
|
|t:|1760313329
|switch|p2a: ╭∩╮( ͡⚆ ͜ʖ ͡⚆)╭∩╮|Salazzle, F|100/100
|turn|13
|
|t:|1760313337
|switch|p1a: Heatran|Heatran, M|100/100
|-damage|p1a: Heatran|88/100|[from] Stealth Rock
|-item|p1a: Heatran|Air Balloon
|move|p2a: ╭∩╮( ͡⚆ ͜ʖ ͡⚆)╭∩╮|Toxic|p1a: Heatran
|-status|p1a: Heatran|tox
|
|-damage|p1a: Heatran|82/100 tox|[from] psn
|upkeep
|turn|14
|
|t:|1760313366
|move|p2a: ╭∩╮( ͡⚆ ͜ʖ ͡⚆)╭∩╮|Protect|p2a: ╭∩╮( ͡⚆ ͜ʖ ͡⚆)╭∩╮
|-singleturn|p2a: ╭∩╮( ͡⚆ ͜ʖ ͡⚆)╭∩╮|Protect
|move|p1a: Heatran|Earth Power|p2a: ╭∩╮( ͡⚆ ͜ʖ ͡⚆)╭∩╮
|-activate|p2a: ╭∩╮( ͡⚆ ͜ʖ ͡⚆)╭∩╮|move: Protect
|
|-damage|p1a: Heatran|70/100 tox|[from] psn
|upkeep
|turn|15
|inactive|fujizen has 90 seconds left.
|
|t:|1760313393
|switch|p2a: ╭∩╮( ͡° ͜ʖ ͡° )╭∩╮|Skarmory, F|100/100
|move|p1a: Heatran|Taunt|p2a: ╭∩╮( ͡° ͜ʖ ͡° )╭∩╮
|-start|p2a: ╭∩╮( ͡° ͜ʖ ͡° )╭∩╮|move: Taunt
|
|-damage|p1a: Heatran|51/100 tox|[from] psn
|upkeep
|turn|16
|
|t:|1760313401
|switch|p2a: ٩(◕‿◕)۶|Blissey, F|64/100
|move|p1a: Heatran|Magma Storm|p2a: ٩(◕‿◕)۶|[miss]
|-miss|p1a: Heatran|p2a: ٩(◕‿◕)۶
|
|-damage|p1a: Heatran|26/100 tox|[from] psn
|upkeep
|turn|17
|
|t:|1760313414
|switch|p1a: Alomomola|Alomomola, F|100/100
|move|p2a: ٩(◕‿◕)۶|Protect||[still]
|-fail|p2a: ٩(◕‿◕)۶
|
|upkeep
|turn|18
|inactive|fujizen has 90 seconds left.
|c|☆fujizen|you need to work on your time
|c|☆fujizen|its way inferior to play
|c|☆fujizen|very mediocre
|c|☆fujizen|what metagame allows mega galar slowbro?
|c|☆fujizen|Before you could actually upgrade stuff for free
|c|☆fujizen|so fun fact: in hackmons you can mega evolve from mmx to mmy and mmy to mmx
|inactive|fujizen has 60 seconds left.
|
|t:|1760313450
|move|p1a: Alomomola|Scald|p2a: ٩(◕‿◕)۶
|-damage|p2a: ٩(◕‿◕)۶|60/100
|move|p2a: ٩(◕‿◕)۶|Seismic Toss|p1a: Alomomola
|-damage|p1a: Alomomola|82/100
|
|upkeep
|turn|19
|c|☆BakelitePharaoh|Take it easy on the crack lil bro
|
|t:|1760313467
|move|p1a: Alomomola|Scald|p2a: ٩(◕‿◕)۶
|-damage|p2a: ٩(◕‿◕)۶|56/100
|move|p2a: ٩(◕‿◕)۶|Soft-Boiled|p2a: ٩(◕‿◕)۶
|-heal|p2a: ٩(◕‿◕)۶|100/100
|
|upkeep
|turn|20
|c|☆fujizen|how do you know it doesnt mega evolve... are you discussing leaks '-'
|c|☆fujizen|and everybody wanted to check how bad it was for themsevles
|c|☆fujizen|I love to play with noobs like bakelite
|inactive|fujizen has 60 seconds left.
|c|☆fujizen|now is an awful time to play
|c|☆fujizen|yea thats my bad i misunderstood you
|c|☆fujizen|even logically speaking, why would Galar Slowbro evolve via the Slowbronite
|
|t:|1760313506
|move|p1a: Alomomola|Scald|p2a: ٩(◕‿◕)۶
|-damage|p2a: ٩(◕‿◕)۶|96/100
|move|p2a: ٩(◕‿◕)۶|Seismic Toss|p1a: Alomomola
|-damage|p1a: Alomomola|63/100
|
|upkeep
|turn|21
|
|t:|1760313512
|switch|p2a: ╭∩╮( ͡⚆ ͜ʖ ͡⚆)╭∩╮|Salazzle, F|100/100
|move|p1a: Alomomola|Scald|p2a: ╭∩╮( ͡⚆ ͜ʖ ͡⚆)╭∩╮
|-supereffective|p2a: ╭∩╮( ͡⚆ ͜ʖ ͡⚆)╭∩╮
|-damage|p2a: ╭∩╮( ͡⚆ ͜ʖ ͡⚆)╭∩╮|60/100
|
|upkeep
|turn|22
|inactive|fujizen has 60 seconds left.
|
|t:|1760313527
|move|p2a: ╭∩╮( ͡⚆ ͜ʖ ͡⚆)╭∩╮|Toxic|p1a: Alomomola
|-status|p1a: Alomomola|tox
|move|p1a: Alomomola|Scald|p2a: ╭∩╮( ͡⚆ ͜ʖ ͡⚆)╭∩╮
|-supereffective|p2a: ╭∩╮( ͡⚆ ͜ʖ ͡⚆)╭∩╮
|-damage|p2a: ╭∩╮( ͡⚆ ͜ʖ ͡⚆)╭∩╮|18/100
|
|-damage|p1a: Alomomola|57/100 tox|[from] psn
|upkeep
|turn|23
|
|t:|1760313536
|move|p2a: ╭∩╮( ͡⚆ ͜ʖ ͡⚆)╭∩╮|Protect|p2a: ╭∩╮( ͡⚆ ͜ʖ ͡⚆)╭∩╮
|-singleturn|p2a: ╭∩╮( ͡⚆ ͜ʖ ͡⚆)╭∩╮|Protect
|move|p1a: Alomomola|Flip Turn|p2a: ╭∩╮( ͡⚆ ͜ʖ ͡⚆)╭∩╮
|-activate|p2a: ╭∩╮( ͡⚆ ͜ʖ ͡⚆)╭∩╮|move: Protect
|
|-damage|p1a: Alomomola|45/100 tox|[from] psn
|upkeep
|turn|24
|
|t:|1760313544
|switch|p2a: ╭∩╮( ͡° ͜ʖ ͡° )╭∩╮|Skarmory, F|100/100
|move|p1a: Alomomola|Flip Turn|p2a: ╭∩╮( ͡° ͜ʖ ͡° )╭∩╮
|-damage|p2a: ╭∩╮( ͡° ͜ʖ ͡° )╭∩╮|92/100
|
|t:|1760313550
|switch|p1a: Scizor|Scizor, F|100/100|[from] Flip Turn
|
|-heal|p2a: ╭∩╮( ͡° ͜ʖ ͡° )╭∩╮|98/100|[from] item: Leftovers
|upkeep
|turn|25
|c|☆fujizen|natdex tier guys arent the brightest bunch anyways so ig they can have their fake tier
|c|☆fujizen|leaks entirely are banned in lobby
|c|☆fujizen|╭∩╮(▀̿ĺ̯▀̿ ̿)ᕗ
|
|t:|1760313568
|move|p2a: ╭∩╮( ͡° ͜ʖ ͡° )╭∩╮|Body Press|p1a: Scizor
|-damage|p1a: Scizor|66/100
|move|p1a: Scizor|Knock Off|p2a: ╭∩╮( ͡° ͜ʖ ͡° )╭∩╮
|-damage|p2a: ╭∩╮( ͡° ͜ʖ ͡° )╭∩╮|74/100
|-enditem|p2a: ╭∩╮( ͡° ͜ʖ ͡° )╭∩╮|Leftovers|[from] move: Knock Off|[of] p1a: Scizor
|
|upkeep
|turn|26
|
|t:|1760313579
|move|p2a: ╭∩╮( ͡° ͜ʖ ͡° )╭∩╮|Body Press|p1a: Scizor
|-damage|p1a: Scizor|31/100
|move|p1a: Scizor|Defog|p2a: ╭∩╮( ͡° ͜ʖ ͡° )╭∩╮
|-unboost|p2a: ╭∩╮( ͡° ͜ʖ ͡° )╭∩╮|evasion|1
|-sideend|p1: BakelitePharaoh|Stealth Rock|[from] move: Defog|[of] p1a: Scizor
|
|upkeep
|turn|27
|
|t:|1760313589
|switch|p1a: Landorus|Landorus-Therian, M|88/100
|-ability|p1a: Landorus|Intimidate|boost
|-unboost|p2a: ╭∩╮( ͡° ͜ʖ ͡° )╭∩╮|atk|1
|move|p2a: ╭∩╮( ͡° ͜ʖ ͡° )╭∩╮|Body Press|p1a: Landorus
|-resisted|p1a: Landorus
|-damage|p1a: Landorus|72/100
|-damage|p2a: ╭∩╮( ͡° ͜ʖ ͡° )╭∩╮|57/100|[from] item: Rocky Helmet|[of] p1a: Landorus
|
|upkeep
|turn|28
|
|t:|1760313608
|switch|p2a: ʕʘʘ̲̅ʔ|Mandibuzz, F|100/100
|move|p1a: Landorus|U-turn|p2a: ʕʘʘ̲̅ʔ
|-damage|p2a: ʕʘʘ̲̅ʔ|88/100
|
|t:|1760313617
|switch|p1a: Alomomola|Alomomola, F|78/100 tox|[from] U-turn
|
|-heal|p2a: ʕʘʘ̲̅ʔ|94/100|[from] item: Leftovers
|-damage|p1a: Alomomola|72/100 tox|[from] psn
|upkeep
|turn|29
|inactive|fujizen has 90 seconds left.
|c|☆fujizen|You know, when I woke up this morning, and after I’d got up and washed, I suddenly felt as if everything in the
|c|☆fujizen|world had become clear to me, and I knew the way I ought to live. I know it all now, my dear Ivan Romanych.
|c|☆fujizen|Man must work by the sweat of his brow whatever
|
|t:|1760313664
|move|p2a: ʕʘʘ̲̅ʔ|Knock Off|p1a: Alomomola
|-damage|p1a: Alomomola|59/100 tox
|-enditem|p1a: Alomomola|Heavy-Duty Boots|[from] move: Knock Off|[of] p2a: ʕʘʘ̲̅ʔ
|move|p1a: Alomomola|Wish|p1a: Alomomola
|
|-heal|p2a: ʕʘʘ̲̅ʔ|99/100|[from] item: Leftovers
|-damage|p1a: Alomomola|47/100 tox|[from] psn
|upkeep
|turn|30
|
|t:|1760313676
|move|p2a: ʕʘʘ̲̅ʔ|Knock Off|p1a: Alomomola
|-crit|p1a: Alomomola
|-damage|p1a: Alomomola|34/100 tox
|move|p1a: Alomomola|Flip Turn|p2a: ʕʘʘ̲̅ʔ
|-damage|p2a: ʕʘʘ̲̅ʔ|90/100
|
|t:|1760313689
|switch|p1a: Heatran|Heatran, M|26/100 tox|[from] Flip Turn
|-item|p1a: Heatran|Air Balloon
|
|-heal|p1a: Heatran|100/100 tox|[from] move: Wish|[wisher] Alomomola
|-heal|p2a: ʕʘʘ̲̅ʔ|96/100|[from] item: Leftovers
|-damage|p1a: Heatran|94/100 tox|[from] psn
|upkeep
|turn|31
|c|☆fujizen|I lay awake and I go over the things I’ve said. Confidently. The things I’ve said confidently and they—
|c|☆fujizen|they fall to pieces. [Beat.] And where there were words there is now just—
|inactive|fujizen has 60 seconds left.
|
|t:|1760313709
|switch|p2a: ٩(◕‿◕)۶|Blissey, F|96/100
|move|p1a: Heatran|Will-O-Wisp|p2a: ٩(◕‿◕)۶|[miss]
|-miss|p1a: Heatran|p2a: ٩(◕‿◕)۶
|
|-damage|p1a: Heatran|82/100 tox|[from] psn
|upkeep
|turn|32
|
|t:|1760313723
|move|p1a: Heatran|Will-O-Wisp|p2a: ٩(◕‿◕)۶|[miss]
|-miss|p1a: Heatran|p2a: ٩(◕‿◕)۶
|move|p2a: ٩(◕‿◕)۶|Stealth Rock|p1a: Heatran
|-sidestart|p1: BakelitePharaoh|move: Stealth Rock
|
|-damage|p1a: Heatran|63/100 tox|[from] psn
|upkeep
|turn|33
|c|☆fujizen|WHO’S AFRAID OF THE WORKING CLASS BY CHRISTOS TSIOLKAS, PATRICIA CORNELIUS, MELISSA
|c|☆fujizen|REEVES !!!!!!!!!!!!!!!!!!!!! HAHAHAHAA
|inactive|fujizen has 60 seconds left.
|
|t:|1760313748
|move|p1a: Heatran|Will-O-Wisp|p2a: ٩(◕‿◕)۶
|-status|p2a: ٩(◕‿◕)۶|brn
|move|p2a: ٩(◕‿◕)۶|Seismic Toss|p1a: Heatran
|-damage|p1a: Heatran|32/100 tox
|-enditem|p1a: Heatran|Air Balloon
|
|-damage|p1a: Heatran|8/100 tox|[from] psn
|-damage|p2a: ٩(◕‿◕)۶|90/100 brn|[from] brn
|upkeep
|turn|34
|inactive|fujizen has 60 seconds left.
|
|t:|1760313761
|switch|p1a: Scizor|Scizor, F|31/100
|-curestatus|p2a: ٩(◕‿◕)۶|brn|[from] ability: Natural Cure
|switch|p2a: ╭∩╮( ͡⚆ ͜ʖ ͡⚆)╭∩╮|Salazzle, F|18/100
|
|upkeep
|turn|35
|
|t:|1760313769
|move|p1a: Scizor|Bullet Punch|p2a: ╭∩╮( ͡⚆ ͜ʖ ͡⚆)╭∩╮
|-resisted|p2a: ╭∩╮( ͡⚆ ͜ʖ ͡⚆)╭∩╮
|-damage|p2a: ╭∩╮( ͡⚆ ͜ʖ ͡⚆)╭∩╮|0 fnt
|faint|p2a: ╭∩╮( ͡⚆ ͜ʖ ͡⚆)╭∩╮
|
|upkeep
|
|t:|1760313775
|switch|p2a: ʕʘʘ̲̅ʔ|Mandibuzz, F|96/100
|turn|36
|
|t:|1760313779
|move|p2a: ʕʘʘ̲̅ʔ|Knock Off|p1a: Scizor
|-damage|p1a: Scizor|7/100
|-enditem|p1a: Scizor|Heavy-Duty Boots|[from] move: Knock Off|[of] p2a: ʕʘʘ̲̅ʔ
|move|p1a: Scizor|Defog|p2a: ʕʘʘ̲̅ʔ
|-unboost|p2a: ʕʘʘ̲̅ʔ|evasion|1
|-sideend|p1: BakelitePharaoh|Stealth Rock|[from] move: Defog|[of] p1a: Scizor
|
|-heal|p2a: ʕʘʘ̲̅ʔ|100/100|[from] item: Leftovers
|upkeep
|turn|37
|
|t:|1760313791
|switch|p1a: Landorus|Landorus-Therian, M|72/100
|-ability|p1a: Landorus|Intimidate|boost
|-unboost|p2a: ʕʘʘ̲̅ʔ|atk|1
|move|p2a: ʕʘʘ̲̅ʔ|Knock Off|p1a: Landorus
|-damage|p1a: Landorus|56/100
|-damage|p2a: ʕʘʘ̲̅ʔ|84/100|[from] item: Rocky Helmet|[of] p1a: Landorus
|-enditem|p1a: Landorus|Rocky Helmet|[from] move: Knock Off|[of] p2a: ʕʘʘ̲̅ʔ
|
|-heal|p2a: ʕʘʘ̲̅ʔ|90/100|[from] item: Leftovers
|upkeep
|turn|38
|c|☆fujizen|But she doesn’t get it, Family Services don’t get it, but it’s how I am. It’s my life and I like having a man
|c|☆fujizen|around. So I’ve had a few. They don’t stick around
|c|☆fujizen|Stacey’s probably been picked up shoplifting orsomething
|c|☆fujizen|STACEY!!!
|c|☆fujizen|!!!!!!!!
|c|☆fujizen|WHY
|
|t:|1760313819
|move|p1a: Landorus|Stealth Rock|p2a: ʕʘʘ̲̅ʔ
|-sidestart|p2: fujizen|move: Stealth Rock
|move|p2a: ʕʘʘ̲̅ʔ|Toxic|p1a: Landorus|[miss]
|-miss|p2a: ʕʘʘ̲̅ʔ|p1a: Landorus
|
|-heal|p2a: ʕʘʘ̲̅ʔ|96/100|[from] item: Leftovers
|upkeep
|turn|39
|
|t:|1760313826
|move|p1a: Landorus|U-turn|p2a: ʕʘʘ̲̅ʔ
|-damage|p2a: ʕʘʘ̲̅ʔ|83/100
|
|t:|1760313829
|switch|p1a: Alomomola|Alomomola, F|67/100 tox|[from] U-turn
|move|p2a: ʕʘʘ̲̅ʔ|Toxic|p1a: Alomomola
|-fail|p1a: Alomomola|tox
|
|-heal|p2a: ʕʘʘ̲̅ʔ|89/100|[from] item: Leftovers
|-damage|p1a: Alomomola|61/100 tox|[from] psn
|upkeep
|turn|40
|
|t:|1760313837
|switch|p2a: ╭∩╮( ͡° ͜ʖ ͡° )╭∩╮|Skarmory, F|57/100
|-damage|p2a: ╭∩╮( ͡° ͜ʖ ͡° )╭∩╮|45/100|[from] Stealth Rock
|move|p1a: Alomomola|Wish|p1a: Alomomola
|
|-damage|p1a: Alomomola|48/100 tox|[from] psn
|upkeep
|turn|41
|
|t:|1760313843
|move|p2a: ╭∩╮( ͡° ͜ʖ ͡° )╭∩╮|Roost|p2a: ╭∩╮( ͡° ͜ʖ ͡° )╭∩╮
|-heal|p2a: ╭∩╮( ͡° ͜ʖ ͡° )╭∩╮|95/100
|-singleturn|p2a: ╭∩╮( ͡° ͜ʖ ͡° )╭∩╮|move: Roost
|move|p1a: Alomomola|Flip Turn|p2a: ╭∩╮( ͡° ͜ʖ ͡° )╭∩╮
|-damage|p2a: ╭∩╮( ͡° ͜ʖ ͡° )╭∩╮|86/100
|
|t:|1760313850
|switch|p1a: Heatran|Heatran, M|8/100 tox|[from] Flip Turn
|
|-heal|p1a: Heatran|90/100 tox|[from] move: Wish|[wisher] Alomomola
|-damage|p1a: Heatran|84/100 tox|[from] psn
|upkeep
|turn|42
|
|t:|1760313856
|move|p2a: ╭∩╮( ͡° ͜ʖ ͡° )╭∩╮|Protect|p2a: ╭∩╮( ͡° ͜ʖ ͡° )╭∩╮
|-singleturn|p2a: ╭∩╮( ͡° ͜ʖ ͡° )╭∩╮|Protect
|move|p1a: Heatran|Magma Storm|p2a: ╭∩╮( ͡° ͜ʖ ͡° )╭∩╮
|-activate|p2a: ╭∩╮( ͡° ͜ʖ ͡° )╭∩╮|move: Protect
|
|-damage|p1a: Heatran|72/100 tox|[from] psn
|upkeep
|turn|43
|
|t:|1760313864
|switch|p2a: ٩(◕‿◕)۶|Blissey, F|90/100
|move|p1a: Heatran|Magma Storm|p2a: ٩(◕‿◕)۶
|-damage|p2a: ٩(◕‿◕)۶|75/100
|-activate|p2a: ٩(◕‿◕)۶|move: Magma Storm|[of] p1a: Heatran
|
|-damage|p1a: Heatran|53/100 tox|[from] psn
|-damage|p2a: ٩(◕‿◕)۶|62/100|[from] move: Magma Storm|[partiallytrapped]
|upkeep
|turn|44
|
|t:|1760313879
|move|p1a: Heatran|Taunt|p2a: ٩(◕‿◕)۶
|-start|p2a: ٩(◕‿◕)۶|move: Taunt
|cant|p2a: ٩(◕‿◕)۶|move: Taunt|Stealth Rock
|
|-damage|p1a: Heatran|28/100 tox|[from] psn
|-damage|p2a: ٩(◕‿◕)۶|50/100|[from] move: Magma Storm|[partiallytrapped]
|upkeep
|turn|45
|c|☆fujizen|you can't just challenge auth and then take their rank as being staff isn't at all linked to battles
|inactive|fujizen has 120 seconds left.
|c|☆fujizen|i dont play doubles ou tho so rip af
|
|t:|1760313890
|switch|p1a: Alomomola|Alomomola, F|82/100 tox
|move|p2a: ٩(◕‿◕)۶|Seismic Toss|p1a: Alomomola
|-damage|p1a: Alomomola|63/100 tox
|
|-damage|p1a: Alomomola|57/100 tox|[from] psn
|-end|p2a: ٩(◕‿◕)۶|Magma Storm|[partiallytrapped]|[silent]
|upkeep
|turn|46
|inactive|fujizen has 120 seconds left.
|
|t:|1760313904
|move|p1a: Alomomola|Scald|p2a: ٩(◕‿◕)۶
|-damage|p2a: ٩(◕‿◕)۶|46/100
|move|p2a: ٩(◕‿◕)۶|Seismic Toss|p1a: Alomomola
|-damage|p1a: Alomomola|38/100 tox
|
|-damage|p1a: Alomomola|26/100 tox|[from] psn
|-end|p2a: ٩(◕‿◕)۶|move: Taunt
|upkeep
|turn|47
|
|t:|1760313912
|move|p1a: Alomomola|Wish|p1a: Alomomola
|move|p2a: ٩(◕‿◕)۶|Soft-Boiled|p2a: ٩(◕‿◕)۶
|-heal|p2a: ٩(◕‿◕)۶|96/100
|
|-damage|p1a: Alomomola|7/100 tox|[from] psn
|upkeep
|turn|48
|
|t:|1760313927
|move|p1a: Alomomola|Protect|p1a: Alomomola
|-singleturn|p1a: Alomomola|Protect
|move|p2a: ٩(◕‿◕)۶|Seismic Toss|p1a: Alomomola
|-activate|p1a: Alomomola|move: Protect
|
|-heal|p1a: Alomomola|57/100 tox|[from] move: Wish|[wisher] Alomomola
|-damage|p1a: Alomomola|33/100 tox|[from] psn
|upkeep
|turn|49
|
|t:|1760313940
|switch|p1a: Landorus|Landorus-Therian, M|56/100
|-ability|p1a: Landorus|Intimidate|boost
|-unboost|p2a: ٩(◕‿◕)۶|atk|1
|move|p2a: ٩(◕‿◕)۶|Stealth Rock|p1a: Landorus
|-sidestart|p1: BakelitePharaoh|move: Stealth Rock
|
|upkeep
|turn|50
|c|☆fujizen|i didn't like get the ability to do cool voice things bc i like battled someone i just wasn't a dick to ppl and was good
|
|t:|1760313953
|switch|p2a: ╭∩╮( ͡° ͜ʖ ͡° )╭∩╮|Skarmory, F|86/100
|-damage|p2a: ╭∩╮( ͡° ͜ʖ ͡° )╭∩╮|73/100|[from] Stealth Rock
|move|p1a: Landorus|Earth Power|p2a: ╭∩╮( ͡° ͜ʖ ͡° )╭∩╮
|-immune|p2a: ╭∩╮( ͡° ͜ʖ ͡° )╭∩╮
|
|upkeep
|turn|51
|
|t:|1760313961
|move|p1a: Landorus|U-turn|p2a: ╭∩╮( ͡° ͜ʖ ͡° )╭∩╮
|-resisted|p2a: ╭∩╮( ͡° ͜ʖ ͡° )╭∩╮
|-damage|p2a: ╭∩╮( ͡° ͜ʖ ͡° )╭∩╮|70/100
|
|t:|1760313965
|switch|p1a: Scizor|Scizor, F|7/100|[from] U-turn
|-damage|p1a: Scizor|0 fnt|[from] Stealth Rock
|faint|p1a: Scizor
|move|p2a: ╭∩╮( ͡° ͜ʖ ͡° )╭∩╮|Roar|p1: Scizor|[notarget]
|-fail|p2a: ╭∩╮( ͡° ͜ʖ ͡° )╭∩╮
|
|upkeep
|
|t:|1760313975
|switch|p1a: Alomomola|Alomomola, F|66/100 tox
|-damage|p1a: Alomomola|53/100 tox|[from] Stealth Rock
|turn|52
|
|t:|1760313984
|move|p1a: Alomomola|Scald|p2a: ╭∩╮( ͡° ͜ʖ ͡° )╭∩╮
|-damage|p2a: ╭∩╮( ͡° ͜ʖ ͡° )╭∩╮|52/100
|move|p2a: ╭∩╮( ͡° ͜ʖ ͡° )╭∩╮|Roar|p1a: Alomomola
|drag|p1a: Landorus|Landorus-Therian, M|56/100
|-damage|p1a: Landorus|44/100|[from] Stealth Rock
|-ability|p1a: Landorus|Intimidate|boost
|-unboost|p2a: ╭∩╮( ͡° ͜ʖ ͡° )╭∩╮|atk|1
|
|upkeep
|turn|53
|
|t:|1760313997
|move|p1a: Landorus|Earth Power|p2a: ╭∩╮( ͡° ͜ʖ ͡° )╭∩╮
|-immune|p2a: ╭∩╮( ͡° ͜ʖ ͡° )╭∩╮
|move|p2a: ╭∩╮( ͡° ͜ʖ ͡° )╭∩╮|Roost|p2a: ╭∩╮( ͡° ͜ʖ ͡° )╭∩╮
|-heal|p2a: ╭∩╮( ͡° ͜ʖ ͡° )╭∩╮|100/100
|-singleturn|p2a: ╭∩╮( ͡° ͜ʖ ͡° )╭∩╮|move: Roost
|
|upkeep
|turn|54
|c|☆fujizen|IM A CRACKHEAD AND U LOOSE
|c|☆fujizen|UR BRAIN IS BAD
|c|☆fujizen|HAHAHAA
|c|☆fujizen|MARTY WAS RIGHT
|n|!BakelitePharaoh|bakelitepharaoh
|c|☆fujizen|IAM NOT ONLY THE FRIDGE
|inactive|fujizen has 120 seconds left.
|c|☆fujizen|did you remember to remove mega camerupt this time?
|c|☆fujizen|TripleTrevenant joined the tournament; Arkbuildr left the tournament.
|
|t:|1760314040
|move|p1a: Landorus|U-turn|p2a: ╭∩╮( ͡° ͜ʖ ͡° )╭∩╮
|-resisted|p2a: ╭∩╮( ͡° ͜ʖ ͡° )╭∩╮
|-damage|p2a: ╭∩╮( ͡° ͜ʖ ͡° )╭∩╮|98/100
|-message|BakelitePharaoh forfeited.
|
|win|fujizen
