|j|☆rawbraines
|j|☆wanna go home pls
|t:|1760450627
|gametype|singles
|player|p1|rawbraines|smasher|1141
|player|p2|wanna go home pls|cynthia-gen4|1178
|gen|9
|tier|[Gen 9] OU
|rated|
|rule|HP Percentage Mod: HP is shown in percentages
|rule|Endless Battle Clause: Forcing endless battles is banned
|rule|Species Clause: Limit one of each Pokémon
|rule|OHKO Clause: OHKO moves are banned
|rule|Evasion Items Clause: Evasion items are banned
|rule|Evasion Moves Clause: Evasion moves are banned
|rule|Evasion Abilities Clause: Evasion abilities are banned
|rule|Sleep Moves Clause: Sleep-inducing moves are banned
|clearpoke
|poke|p1|Weezing, M|
|poke|p1|Avalugg-Hisui, M|
|poke|p1|Latias, F|
|poke|p1|Meowscarada, F|
|poke|p1|Suicune|
|poke|p1|Klefki, M|
|poke|p2|Garchomp, M|
|poke|p2|Tyranitar, F|
|poke|p2|Excadrill, M|
|poke|p2|Rotom-Wash|
|poke|p2|Pecharunt|
|poke|p2|Kingambit, M|
|teampreview
|
|t:|1760450639
|teamsize|p1|6
|teamsize|p2|6
|start
|switch|p1a: Avalugg|Avalugg-Hisui, M|100/100
|switch|p2a: Tyranitar|Tyranitar, F|100/100
|-weather|Sandstorm|[from] ability: Sand Stream|[of] p2a: Tyranitar
|turn|1
|inactive|Battle timer is ON: inactive players will automatically lose when time's up. (requested by wanna go home pls)
|
|t:|1760450645
|-terastallize|p1a: Avalugg|Fairy
|move|p2a: Tyranitar|Knock Off|p1a: Avalugg
|-resisted|p1a: Avalugg
|-damage|p1a: Avalugg|91/100
|-enditem|p1a: Avalugg|Heavy-Duty Boots|[from] move: Knock Off|[of] p2a: Tyranitar
|move|p1a: Avalugg|Stealth Rock|p2a: Tyranitar
|-sidestart|p2: wanna go home pls|move: Stealth Rock
|
|-weather|Sandstorm|[upkeep]
|-damage|p1a: Avalugg|85/100|[from] Sandstorm
|upkeep
|turn|2
|
|t:|1760450652
|move|p2a: Tyranitar|Thunder Wave|p1a: Avalugg
|-status|p1a: Avalugg|par
|move|p1a: Avalugg|Tera Blast|p2a: Tyranitar|[anim] Tera Blast Fairy
|-supereffective|p2a: Tyranitar
|-damage|p2a: Tyranitar|59/100
|
|-weather|Sandstorm|[upkeep]
|-damage|p1a: Avalugg|79/100 par|[from] Sandstorm
|upkeep
|turn|3
|
|t:|1760450664
|move|p2a: Tyranitar|Stealth Rock|p1a: Avalugg
|-sidestart|p1: rawbraines|move: Stealth Rock
|move|p1a: Avalugg|Tera Blast|p2a: Tyranitar|[anim] Tera Blast Fairy
|-supereffective|p2a: Tyranitar
|-damage|p2a: Tyranitar|17/100
|
|-weather|Sandstorm|[upkeep]
|-damage|p1a: Avalugg|73/100 par|[from] Sandstorm
|upkeep
|turn|4
|
|t:|1760450673
|move|p2a: Tyranitar|Ice Beam|p1a: Avalugg
|-damage|p1a: Avalugg|34/100 par
|move|p1a: Avalugg|Rapid Spin|p2a: Tyranitar
|-resisted|p2a: Tyranitar
|-damage|p2a: Tyranitar|12/100
|-boost|p1a: Avalugg|spe|1
|-sideend|p1: rawbraines|Stealth Rock|[from] move: Rapid Spin|[of] p1a: Avalugg
|
|-weather|Sandstorm|[upkeep]
|-damage|p1a: Avalugg|28/100 par|[from] Sandstorm
|upkeep
|turn|5
|
|t:|1760450691
|switch|p2a: Excadrill|Excadrill, M|100/100
|-damage|p2a: Excadrill|97/100|[from] Stealth Rock
|switch|p1a: Suicune|Suicune|100/100
|-ability|p1a: Suicune|Pressure
|
|-weather|Sandstorm|[upkeep]
|-damage|p1a: Suicune|94/100|[from] Sandstorm
|-heal|p1a: Suicune|100/100|[from] item: Leftovers
|upkeep
|turn|6
|
|t:|1760450706
|move|p2a: Excadrill|Swords Dance|p2a: Excadrill
|-boost|p2a: Excadrill|atk|2
|move|p1a: Suicune|Ice Beam|p2a: Excadrill
|-damage|p2a: Excadrill|74/100
|-status|p2a: Excadrill|frz
|
|-weather|Sandstorm|[upkeep]
|-damage|p1a: Suicune|94/100|[from] Sandstorm
|-heal|p1a: Suicune|100/100|[from] item: Leftovers
|upkeep
|turn|7
|
|t:|1760450717
|switch|p1a: Klefki|Klefki, M|100/100
|cant|p2a: Excadrill|frz
|
|-weather|Sandstorm|[upkeep]
|upkeep
|turn|8
|
|t:|1760450722
|move|p1a: Klefki|Switcheroo|p2a: Excadrill
|-activate|p1a: Klefki|move: Trick|[of] p2a: Excadrill
|-item|p2a: Excadrill|Toxic Orb|[from] move: Switcheroo
|-item|p1a: Klefki|Life Orb|[from] move: Switcheroo
|cant|p2a: Excadrill|frz
|
|-weather|none
|upkeep
|turn|9
|
|t:|1760450732
|move|p1a: Klefki|Spikes|p2a: Excadrill
|-sidestart|p2: wanna go home pls|Spikes
|cant|p2a: Excadrill|frz
|
|upkeep
|turn|10
|
|t:|1760450746
|switch|p1a: Meowscarada|Meowscarada, F|100/100
|-curestatus|p2a: Excadrill|frz|[msg]
|move|p2a: Excadrill|Earthquake|p1a: Meowscarada
|-resisted|p1a: Meowscarada
|-damage|p1a: Meowscarada|6/100
|
|upkeep
|turn|11
|
|t:|1760450754
|move|p1a: Meowscarada|Triple Axel|p2a: Excadrill
|-start|p1a: Meowscarada|typechange|Ice|[from] ability: Protean
|-damage|p2a: Excadrill|59/100
|-hitcount|p2a: Excadrill|1
|move|p2a: Excadrill|Rapid Spin|p1a: Meowscarada
|-damage|p1a: Meowscarada|0 fnt
|-boost|p2a: Excadrill|spe|1
|-sideend|p2: wanna go home pls|Spikes|[from] move: Rapid Spin|[of] p2a: Excadrill
|-sideend|p2: wanna go home pls|Stealth Rock|[from] move: Rapid Spin|[of] p2a: Excadrill
|faint|p1a: Meowscarada
|
|upkeep
|-message|rawbraines forfeited.
|
|win|wanna go home pls
|raw|rawbraines's rating: 1141 &rarr; <strong>1119</strong><br />(-22 for losing)
|raw|wanna go home pls's rating: 1178 &rarr; <strong>1200</strong><br />(+22 for winning)
|l|☆rawbraines
|player|p1|
|l|☆wanna go home pls
|player|p2|
