|j|☆megachamp100
|j|☆xXenithL4z3r$t0rm
|t:|1760393332
|gametype|singles
|player|p1|megachamp100|marshal|1198
|player|p2|xXenithL4z3r$t0rm|xerosic|1212
|gen|9
|tier|[Gen 9] OU
|rated|
|rule|HP Percentage Mod: HP is shown in percentages
|rule|Endless Battle Clause: Forcing endless battles is banned
|rule|Species Clause: Limit one of each Pokémon
|rule|OHKO Clause: OHKO moves are banned
|rule|Evasion Items Clause: Evasion items are banned
|rule|Evasion Moves Clause: Evasion moves are banned
|rule|Evasion Abilities Clause: Evasion abilities are banned
|rule|Sleep Moves Clause: Sleep-inducing moves are banned
|clearpoke
|poke|p1|Slither Wing|
|poke|p1|Thundurus-Therian, M|
|poke|p1|Forretress, F|
|poke|p1|Heatran, M|
|poke|p1|Primarina, M|
|poke|p1|Slowking-Galar, M|
|poke|p2|Crabominable, F|
|poke|p2|Deoxys-Speed|
|poke|p2|Slowbro, F|
|poke|p2|Porygon2|
|poke|p2|Ursaluna, F|
|poke|p2|Dusclops, F|
|teampreview
|
|t:|1760393346
|teamsize|p1|6
|teamsize|p2|6
|start
|switch|p1a: Slither Wing|Slither Wing|100/100
|switch|p2a: Biclops|Dusclops, F, shiny|100/100
|-item|p1a: Slither Wing|Choice Scarf|[from] ability: Frisk|[of] p2a: Biclops
|turn|1
|
|t:|1760393353
|move|p1a: Slither Wing|U-turn|p2a: Biclops
|-resisted|p2a: Biclops
|-damage|p2a: Biclops|90/100
|
|t:|1760393360
|-end|p1a: Slither Wing|Protosynthesis|[silent]
|switch|p1a: Heatran|Heatran, M|100/100|[from] U-turn
|move|p2a: Biclops|Bind|p1a: Heatran
|-resisted|p1a: Heatran
|-damage|p1a: Heatran|99/100
|-activate|p1a: Heatran|move: Bind|[of] p2a: Biclops
|
|-heal|p1a: Heatran|100/100|[from] item: Leftovers
|-damage|p1a: Heatran|88/100|[from] move: Bind|[partiallytrapped]
|upkeep
|turn|2
|
|t:|1760393370
|move|p1a: Heatran|Stealth Rock|p2a: Biclops
|-sidestart|p2: xXenithL4z3r$t0rm|move: Stealth Rock
|move|p2a: Biclops|Curse|p1a: Heatran
|-start|p1a: Heatran|Curse|[of] p2a: Biclops
|-damage|p2a: Biclops|40/100
|
|-heal|p1a: Heatran|94/100|[from] item: Leftovers
|-damage|p1a: Heatran|69/100|[from] Curse
|-damage|p1a: Heatran|57/100|[from] move: Bind|[partiallytrapped]
|upkeep
|turn|3
|
|t:|1760393380
|move|p2a: Biclops|Protect|p2a: Biclops
|-singleturn|p2a: Biclops|Protect
|move|p1a: Heatran|Magma Storm|p2a: Biclops
|-activate|p2a: Biclops|move: Protect
|
|-heal|p1a: Heatran|63/100|[from] item: Leftovers
|-damage|p1a: Heatran|38/100|[from] Curse
|-damage|p1a: Heatran|26/100|[from] move: Bind|[partiallytrapped]
|upkeep
|turn|4
|
|t:|1760393395
|move|p1a: Heatran|Magma Storm|p2a: Biclops|[miss]
|-miss|p1a: Heatran|p2a: Biclops
|move|p2a: Biclops|Pain Split|p1a: Heatran
|-sethp|p1a: Heatran|28/100|[from] move: Pain Split|[silent]
|-sethp|p2a: Biclops|37/100|[from] move: Pain Split
|
|-heal|p1a: Heatran|34/100|[from] item: Leftovers
|-damage|p1a: Heatran|9/100|[from] Curse
|-damage|p1a: Heatran|0 fnt|[from] move: Bind|[partiallytrapped]
|faint|p1a: Heatran
|upkeep
|
|t:|1760393419
|switch|p1a: Thundurus|Thundurus-Therian, M|100/100
|turn|5
|
|t:|1760393434
|-terastallize|p2a: Biclops|Steel
|move|p1a: Thundurus|Volt Switch|p2a: Biclops
|-damage|p2a: Biclops|13/100
|
|t:|1760393439
|switch|p1a: Forretress|Forretress, F|100/100|[from] Volt Switch
|move|p2a: Biclops|Pain Split|p1a: Forretress
|-sethp|p1a: Forretress|56/100|[from] move: Pain Split|[silent]
|-sethp|p2a: Biclops|69/100|[from] move: Pain Split
|
|-heal|p1a: Forretress|62/100|[from] item: Leftovers
|upkeep
|turn|6
|
|t:|1760393450
|switch|p2a: Slowbro|Slowbro, F, shiny|100/100
|-damage|p2a: Slowbro|88/100|[from] Stealth Rock
|move|p1a: Forretress|Thunder Wave|p2a: Slowbro
|-status|p2a: Slowbro|par
|
|-heal|p1a: Forretress|68/100|[from] item: Leftovers
|upkeep
|turn|7
|
|t:|1760393459
|move|p1a: Forretress|Volt Switch|p2a: Slowbro
|-supereffective|p2a: Slowbro
|-damage|p2a: Slowbro|70/100 par
|
|t:|1760393468
|switch|p1a: Slowking|Slowking-Galar, M|100/100|[from] Volt Switch
|move|p2a: Slowbro|Trick Room|p2a: Slowbro
|-fieldstart|move: Trick Room|[of] p2a: Slowbro
|
|upkeep
|turn|8
|
|t:|1760393483
|cant|p2a: Slowbro|par
|move|p1a: Slowking|Future Sight|p2a: Slowbro
|-start|p1a: Slowking|move: Future Sight
|
|upkeep
|turn|9
|
|t:|1760393490
|move|p2a: Slowbro|Psychic|p1a: Slowking
|-damage|p1a: Slowking|69/100
|-damage|p2a: Slowbro|60/100 par|[from] item: Life Orb
|move|p1a: Slowking|Sludge Bomb|p2a: Slowbro
|-damage|p2a: Slowbro|28/100 par
|
|upkeep
|turn|10
|
|t:|1760393502
|cant|p2a: Slowbro|par
|move|p1a: Slowking|Sludge Bomb|p2a: Slowbro
|-damage|p2a: Slowbro|0 fnt
|faint|p2a: Slowbro
|
|-hint|Future Sight did not hit because the target is fainted.
|upkeep
|
|t:|1760393509
|switch|p2a: Biclops|Dusclops, F, shiny, tera:Steel|69/100
|-damage|p2a: Biclops|63/100|[from] Stealth Rock
|-item|p1a: Slowking|Icy Rock|[from] ability: Frisk|[of] p2a: Biclops
|turn|11
|
|t:|1760393519
|switch|p1a: Forretress|Forretress, F|68/100
|move|p2a: Biclops|Bind|p1a: Forretress
|-resisted|p1a: Forretress
|-damage|p1a: Forretress|67/100
|-activate|p1a: Forretress|move: Bind|[of] p2a: Biclops
|
|-heal|p1a: Forretress|73/100|[from] item: Leftovers
|-damage|p1a: Forretress|61/100|[from] move: Bind|[partiallytrapped]
|-fieldend|move: Trick Room
|upkeep
|turn|12
|
|t:|1760393534
|move|p1a: Forretress|Thunder Wave|p2a: Biclops|[miss]
|-miss|p1a: Forretress|p2a: Biclops
|move|p2a: Biclops|Bind|p1a: Forretress
|-resisted|p1a: Forretress
|-damage|p1a: Forretress|60/100
|
|-heal|p1a: Forretress|66/100|[from] item: Leftovers
|-damage|p1a: Forretress|54/100|[from] move: Bind|[partiallytrapped]
|upkeep
|turn|13
|
|t:|1760393544
|move|p2a: Biclops|Protect|p2a: Biclops
|-singleturn|p2a: Biclops|Protect
|move|p1a: Forretress|Thunder Wave|p2a: Biclops
|-activate|p2a: Biclops|move: Protect
|
|-heal|p1a: Forretress|60/100|[from] item: Leftovers
|-damage|p1a: Forretress|48/100|[from] move: Bind|[partiallytrapped]
|upkeep
|turn|14
|
|t:|1760393553
|switch|p2a: Pedobear|Ursaluna, F, shiny|100/100
|-damage|p2a: Pedobear|94/100|[from] Stealth Rock
|move|p1a: Forretress|Thunder Wave|p2a: Pedobear
|-immune|p2a: Pedobear
|
|-heal|p1a: Forretress|54/100|[from] item: Leftovers
|-end|p1a: Forretress|Bind|[partiallytrapped]|[silent]
|-status|p2a: Pedobear|brn|[from] item: Flame Orb
|upkeep
|turn|15
|
|t:|1760393562
|move|p2a: Pedobear|Facade|p1a: Forretress
|-resisted|p1a: Forretress
|-damage|p1a: Forretress|22/100
|move|p1a: Forretress|Body Press|p2a: Pedobear
|-supereffective|p2a: Pedobear
|-damage|p2a: Pedobear|45/100 brn
|
|-heal|p1a: Forretress|28/100|[from] item: Leftovers
|-damage|p2a: Pedobear|39/100 brn|[from] brn
|upkeep
|turn|16
|inactive|Battle timer is ON: inactive players will automatically lose when time's up. (requested by xXenithL4z3r$t0rm)
|
|t:|1760393607
|move|p2a: Pedobear|Facade|p1a: Forretress
|-resisted|p1a: Forretress
|-damage|p1a: Forretress|0 fnt
|faint|p1a: Forretress
|
|-damage|p2a: Pedobear|33/100 brn|[from] brn
|upkeep
|
|t:|1760393631
|switch|p1a: Thundurus|Thundurus-Therian, M|100/100
|turn|17
|
|t:|1760393637
|switch|p2a: quackerzz|Porygon2, shiny|100/100
|-damage|p2a: quackerzz|88/100|[from] Stealth Rock
|-ability|p2a: quackerzz|Download|boost
|-boost|p2a: quackerzz|atk|1
|-terastallize|p1a: Thundurus|Ground
|move|p1a: Thundurus|Tera Blast|p2a: quackerzz|[anim] Tera Blast Ground
|-damage|p2a: quackerzz|60/100
|
|upkeep
|turn|18
|
|t:|1760393648
|move|p1a: Thundurus|Volt Switch|p2a: quackerzz
|-damage|p2a: quackerzz|38/100
|
|t:|1760393653
|switch|p1a: Primarina|Primarina, M|100/100|[from] Volt Switch
|move|p2a: quackerzz|Trick Room|p2a: quackerzz
|-fieldstart|move: Trick Room|[of] p2a: quackerzz
|
|upkeep
|turn|19
|
|t:|1760393663
|move|p2a: quackerzz|Recover|p2a: quackerzz
|-heal|p2a: quackerzz|88/100
|move|p1a: Primarina|Moonblast|p2a: quackerzz
|-damage|p2a: quackerzz|59/100
|
|upkeep
|turn|20
|
|t:|1760393670
|move|p2a: quackerzz|Recover|p2a: quackerzz
|-heal|p2a: quackerzz|100/100
|move|p1a: Primarina|Psychic Noise|p2a: quackerzz
|-damage|p2a: quackerzz|85/100
|-start|p2a: quackerzz|move: Heal Block
|
|upkeep
|turn|21
|
|t:|1760393678
|move|p2a: quackerzz|Tri Attack|p1a: Primarina
|-damage|p1a: Primarina|84/100
|move|p1a: Primarina|Moonblast|p2a: quackerzz
|-damage|p2a: quackerzz|58/100
|
|-end|p2a: quackerzz|move: Heal Block
|upkeep
|turn|22
|
|t:|1760393688
|move|p2a: quackerzz|Recover|p2a: quackerzz
|-heal|p2a: quackerzz|100/100
|move|p1a: Primarina|Moonblast|p2a: quackerzz
|-damage|p2a: quackerzz|75/100
|
|-fieldend|move: Trick Room
|upkeep
|turn|23
|
|t:|1760393695
|move|p1a: Primarina|Psychic Noise|p2a: quackerzz
|-crit|p2a: quackerzz
|-damage|p2a: quackerzz|52/100
|-start|p2a: quackerzz|move: Heal Block
|move|p2a: quackerzz|Trick Room|p2a: quackerzz
|-fieldstart|move: Trick Room|[of] p2a: quackerzz
|
|upkeep
|turn|24
|
|t:|1760393710
|switch|p2a: Biclops|Dusclops, F, shiny, tera:Steel|63/100
|-damage|p2a: Biclops|57/100|[from] Stealth Rock
|-item|p1a: Primarina|Assault Vest|[from] ability: Frisk|[of] p2a: Biclops
|move|p1a: Primarina|Moonblast|p2a: Biclops
|-resisted|p2a: Biclops
|-damage|p2a: Biclops|45/100
|-unboost|p2a: Biclops|spa|1
|
|upkeep
|turn|25
|inactive|megachamp100 has 120 seconds left.
|
|t:|1760393741
|switch|p1a: Slowking|Slowking-Galar, M|100/100
|move|p2a: Biclops|Pain Split|p1a: Slowking
|-sethp|p1a: Slowking|66/100|[from] move: Pain Split|[silent]
|-sethp|p2a: Biclops|92/100|[from] move: Pain Split
|
|upkeep
|turn|26
|
|t:|1760393751
|move|p1a: Slowking|Thunder Wave|p2a: Biclops
|-status|p2a: Biclops|par
|move|p2a: Biclops|Bind|p1a: Slowking
|-damage|p1a: Slowking|63/100
|-activate|p1a: Slowking|move: Bind|[of] p2a: Biclops
|
|-damage|p1a: Slowking|51/100|[from] move: Bind|[partiallytrapped]
|upkeep
|turn|27
|
|t:|1760393761
|move|p2a: Biclops|Bind|p1a: Slowking
|-damage|p1a: Slowking|48/100
|-prepare|p1a: Slowking|Chilly Reception|[premajor]
|move|p1a: Slowking|Chilly Reception|p1a: Slowking
|-weather|Snowscape
|
|t:|1760393771
|switch|p1a: Thundurus|Thundurus-Therian, M, tera:Ground|100/100|[from] Chilly Reception
|
|-weather|Snowscape|[upkeep]
|-fieldend|move: Trick Room
|upkeep
|turn|28
|
|t:|1760393783
|move|p1a: Thundurus|Volt Switch|p2a: Biclops
|-damage|p2a: Biclops|69/100 par
|
|t:|1760393788
|switch|p1a: Slowking|Slowking-Galar, M|81/100|[from] Volt Switch
|cant|p2a: Biclops|par
|
|-weather|Snowscape|[upkeep]
|upkeep
|turn|29
|
|t:|1760393795
|move|p1a: Slowking|Future Sight|p2a: Biclops
|-start|p1a: Slowking|move: Future Sight
|cant|p2a: Biclops|par
|
|-weather|Snowscape|[upkeep]
|upkeep
|turn|30
|
|t:|1760393801
|-prepare|p1a: Slowking|Chilly Reception|[premajor]
|move|p1a: Slowking|Chilly Reception|p1a: Slowking
|
|t:|1760393805
|switch|p1a: Thundurus|Thundurus-Therian, M, tera:Ground|100/100|[from] Chilly Reception
|move|p2a: Biclops|Pain Split|p1a: Thundurus
|-sethp|p1a: Thundurus|83/100|[from] move: Pain Split|[silent]
|-sethp|p2a: Biclops|87/100 par|[from] move: Pain Split
|
|-weather|Snowscape|[upkeep]
|upkeep
|turn|31
|
|t:|1760393815
|switch|p2a: jhgkjghkjkg|Deoxys-Speed, shiny|100/100
|-damage|p2a: jhgkjghkjkg|88/100|[from] Stealth Rock
|-ability|p2a: jhgkjghkjkg|Pressure
|move|p1a: Thundurus|Volt Switch|p2a: jhgkjghkjkg
|-damage|p2a: jhgkjghkjkg|41/100
|
|t:|1760393822
|switch|p1a: Slowking|Slowking-Galar, M|100/100|[from] Volt Switch
|
|-weather|Snowscape|[upkeep]
|-end|p2a: jhgkjghkjkg|move: Future Sight
|-resisted|p2a: jhgkjghkjkg
|-damage|p2a: jhgkjghkjkg|12/100
|upkeep
|turn|32
|
|t:|1760393831
|move|p2a: jhgkjghkjkg|Stealth Rock|p1a: Slowking
|-sidestart|p1: megachamp100|move: Stealth Rock
|move|p1a: Slowking|Sludge Bomb|p2a: jhgkjghkjkg
|-damage|p2a: jhgkjghkjkg|0 fnt
|faint|p2a: jhgkjghkjkg
|
|-weather|Snowscape|[upkeep]
|upkeep
|
|t:|1760393840
|switch|p2a: quackerzz|Porygon2, shiny|52/100
|-damage|p2a: quackerzz|40/100|[from] Stealth Rock
|-ability|p2a: quackerzz|Download|boost
|-boost|p2a: quackerzz|atk|1
|turn|33
|
|t:|1760393846
|move|p1a: Slowking|Thunder Wave|p2a: quackerzz
|-status|p2a: quackerzz|par
|move|p2a: quackerzz|Trick Room|p2a: quackerzz
|-fieldstart|move: Trick Room|[of] p2a: quackerzz
|
|-weather|Snowscape|[upkeep]
|upkeep
|turn|34
|
|t:|1760393860
|move|p1a: Slowking|Future Sight|p2a: quackerzz
|-start|p1a: Slowking|move: Future Sight
|move|p2a: quackerzz|Recover|p2a: quackerzz
|-heal|p2a: quackerzz|90/100 par
|
|-weather|none
|upkeep
|turn|35
|
|t:|1760393871
|move|p1a: Slowking|Sludge Bomb|p2a: quackerzz
|-damage|p2a: quackerzz|70/100 par
|move|p2a: quackerzz|Tri Attack|p1a: Slowking
|-damage|p1a: Slowking|80/100
|
|upkeep
|turn|36
|
|t:|1760393881
|move|p1a: Slowking|Sludge Bomb|p2a: quackerzz
|-damage|p2a: quackerzz|48/100 par
|move|p2a: quackerzz|Tri Attack|p1a: Slowking
|-damage|p1a: Slowking|61/100
|
|-end|p2a: quackerzz|move: Future Sight
|-crit|p2a: quackerzz
|-damage|p2a: quackerzz|11/100 par
|upkeep
|turn|37
|
|t:|1760393900
|move|p1a: Slowking|Sludge Bomb|p2a: quackerzz
|-damage|p2a: quackerzz|0 fnt
|faint|p2a: quackerzz
|
|-fieldend|move: Trick Room
|upkeep
|
|t:|1760393908
|switch|p2a: crabbe|Crabominable, F|100/100
|-damage|p2a: crabbe|88/100|[from] Stealth Rock
|turn|38
|
|t:|1760393937
|switch|p1a: Slither Wing|Slither Wing|100/100
|-damage|p1a: Slither Wing|88/100|[from] Stealth Rock
|move|p2a: crabbe|Ice Punch|p1a: Slither Wing
|-damage|p1a: Slither Wing|7/100
|
|upkeep
|turn|39
|
|t:|1760393949
|switch|p2a: Biclops|Dusclops, F, shiny, tera:Steel|87/100 par
|-damage|p2a: Biclops|81/100 par|[from] Stealth Rock
|-item|p1a: Slither Wing|Choice Scarf|[from] ability: Frisk|[of] p2a: Biclops
|move|p1a: Slither Wing|Close Combat|p2a: Biclops
|-supereffective|p2a: Biclops
|-damage|p2a: Biclops|0 fnt
|-unboost|p1a: Slither Wing|def|1
|-unboost|p1a: Slither Wing|spd|1
|faint|p2a: Biclops
|
|upkeep
|
|t:|1760393961
|switch|p2a: crabbe|Crabominable, F|88/100
|-damage|p2a: crabbe|76/100|[from] Stealth Rock
|turn|40
|
|t:|1760393966
|move|p1a: Slither Wing|Close Combat|p2a: crabbe
|-supereffective|p2a: crabbe
|-damage|p2a: crabbe|0 fnt
|-unboost|p1a: Slither Wing|def|1
|-unboost|p1a: Slither Wing|spd|1
|faint|p2a: crabbe
|
|upkeep
|
|t:|1760393971
|switch|p2a: Pedobear|Ursaluna, F, shiny|33/100 brn
|-damage|p2a: Pedobear|26/100 brn|[from] Stealth Rock
|turn|41
|c|☆megachamp100|gg
|
|t:|1760393979
|move|p1a: Slither Wing|Close Combat|p2a: Pedobear
|-supereffective|p2a: Pedobear
|-damage|p2a: Pedobear|0 fnt
|-unboost|p1a: Slither Wing|def|1
|-unboost|p1a: Slither Wing|spd|1
|faint|p2a: Pedobear
|
|win|megachamp100
|raw|megachamp100's rating: 1198 &rarr; <strong>1224</strong><br />(+26 for winning)
|raw|xXenithL4z3r$t0rm's rating: 1212 &rarr; <strong>1186</strong><br />(-26 for losing)
|l|☆xXenithL4z3r$t0rm
|player|p2|
