|j|☆snowclaw2
|j|☆pokefanfdj
|t:|1760337273
|gametype|singles
|player|p1|snowclaw2|rosa|1264
|player|p2|pokefanfdj|169|1245
|gen|9
|tier|[Gen 9] OU
|rated|
|rule|HP Percentage Mod: HP is shown in percentages
|rule|Endless Battle Clause: Forcing endless battles is banned
|rule|Species Clause: Limit one of each Pokémon
|rule|OHKO Clause: OHKO moves are banned
|rule|Evasion Items Clause: Evasion items are banned
|rule|Evasion Moves Clause: Evasion moves are banned
|rule|Evasion Abilities Clause: Evasion abilities are banned
|rule|Sleep Moves Clause: Sleep-inducing moves are banned
|clearpoke
|poke|p1|Kyurem|
|poke|p1|Corviknight, M|
|poke|p1|Cinderace, F|
|poke|p1|Slowking-Galar, F|
|poke|p1|Kingambit, M|
|poke|p1|Dondozo, F|
|poke|p2|Moltres|
|poke|p2|Kleavor, F|
|poke|p2|Dondozo, M|
|poke|p2|Blissey, F|
|poke|p2|Kingambit, M|
|poke|p2|Brambleghast, F|
|teampreview
|inactive|Battle timer is ON: inactive players will automatically lose when time's up. (requested by snowclaw2)
|
|t:|1760337299
|teamsize|p1|6
|teamsize|p2|6
|start
|switch|p1a: Slowking|Slowking-Galar, F|100/100
|switch|p2a: Kleavor|Kleavor, F|100/100
|turn|1
|
|t:|1760337304
|move|p2a: Kleavor|Tailwind|p2a: Kleavor
|-sidestart|p2: pokefanfdj|move: Tailwind
|move|p1a: Slowking|Future Sight|p2a: Kleavor
|-start|p1a: Slowking|move: Future Sight
|
|upkeep
|turn|2
|
|t:|1760337309
|move|p2a: Kleavor|Stone Axe|p1a: Slowking
|-damage|p1a: Slowking|39/100
|-sidestart|p1: snowclaw2|move: Stealth Rock
|-prepare|p1a: Slowking|Chilly Reception|[premajor]
|move|p1a: Slowking|Chilly Reception|p1a: Slowking
|-weather|Snowscape
|
|t:|1760337315
|switch|p1a: Dondozo|Dondozo, F|100/100|[from] Chilly Reception
|-damage|p1a: Dondozo|88/100|[from] Stealth Rock
|
|-weather|Snowscape|[upkeep]
|-heal|p1a: Dondozo|94/100|[from] item: Leftovers
|upkeep
|turn|3
|
|t:|1760337324
|switch|p2a: Blissey|Blissey, F|100/100
|move|p1a: Dondozo|Curse|p1a: Dondozo
|-unboost|p1a: Dondozo|spe|1
|-boost|p1a: Dondozo|atk|1
|-boost|p1a: Dondozo|def|1
|
|-weather|Snowscape|[upkeep]
|-end|p2a: Blissey|move: Future Sight
|-damage|p2a: Blissey|80/100
|-heal|p2a: Blissey|86/100|[from] item: Leftovers
|-heal|p1a: Dondozo|99/100|[from] item: Leftovers
|upkeep
|turn|4
|
|t:|1760337331
|switch|p2a: Brambleghast|Brambleghast, F|100/100
|-ability|p2a: Brambleghast|Wind Rider|boost
|-boost|p2a: Brambleghast|atk|1
|move|p1a: Dondozo|Curse|p1a: Dondozo
|-unboost|p1a: Dondozo|spe|1
|-boost|p1a: Dondozo|atk|1
|-boost|p1a: Dondozo|def|1
|
|-weather|Snowscape|[upkeep]
|-heal|p1a: Dondozo|100/100|[from] item: Leftovers
|-sideend|p2: pokefanfdj|move: Tailwind
|upkeep
|turn|5
|
|t:|1760337336
|move|p2a: Brambleghast|Power Whip|p1a: Dondozo
|-supereffective|p1a: Dondozo
|-damage|p1a: Dondozo|77/100
|move|p1a: Dondozo|Curse|p1a: Dondozo
|-unboost|p1a: Dondozo|spe|1
|-boost|p1a: Dondozo|atk|1
|-boost|p1a: Dondozo|def|1
|
|-weather|Snowscape|[upkeep]
|-heal|p1a: Dondozo|84/100|[from] item: Leftovers
|upkeep
|turn|6
|
|t:|1760337342
|switch|p2a: Dondozo|Dondozo, M|100/100
|move|p1a: Dondozo|Curse|p1a: Dondozo
|-unboost|p1a: Dondozo|spe|1
|-boost|p1a: Dondozo|atk|1
|-boost|p1a: Dondozo|def|1
|
|-weather|none
|-heal|p1a: Dondozo|90/100|[from] item: Leftovers
|upkeep
|turn|7
|
|t:|1760337355
|move|p2a: Dondozo|Curse|p2a: Dondozo
|-unboost|p2a: Dondozo|spe|1
|-boost|p2a: Dondozo|atk|1
|-boost|p2a: Dondozo|def|1
|move|p1a: Dondozo|Curse|p1a: Dondozo
|-unboost|p1a: Dondozo|spe|1
|-boost|p1a: Dondozo|atk|1
|-boost|p1a: Dondozo|def|1
|
|-heal|p1a: Dondozo|96/100|[from] item: Leftovers
|upkeep
|turn|8
|
|t:|1760337360
|move|p2a: Dondozo|Curse|p2a: Dondozo
|-unboost|p2a: Dondozo|spe|1
|-boost|p2a: Dondozo|atk|1
|-boost|p2a: Dondozo|def|1
|move|p1a: Dondozo|Curse|p1a: Dondozo
|-unboost|p1a: Dondozo|spe|1
|-boost|p1a: Dondozo|atk|1
|-boost|p1a: Dondozo|def|1
|
|-heal|p1a: Dondozo|100/100|[from] item: Leftovers
|upkeep
|turn|9
|
|t:|1760337366
|move|p2a: Dondozo|Curse|p2a: Dondozo
|-unboost|p2a: Dondozo|spe|1
|-boost|p2a: Dondozo|atk|1
|-boost|p2a: Dondozo|def|1
|move|p1a: Dondozo|Wave Crash|p2a: Dondozo
|-resisted|p2a: Dondozo
|-damage|p2a: Dondozo|89/100
|-damage|p1a: Dondozo|97/100|[from] Recoil
|
|-heal|p2a: Dondozo|95/100|[from] item: Leftovers
|-heal|p1a: Dondozo|100/100|[from] item: Leftovers
|upkeep
|turn|10
|
|t:|1760337372
|move|p2a: Dondozo|Curse|p2a: Dondozo
|-unboost|p2a: Dondozo|spe|1
|-boost|p2a: Dondozo|atk|1
|-boost|p2a: Dondozo|def|1
|move|p1a: Dondozo|Wave Crash|p2a: Dondozo
|-resisted|p2a: Dondozo
|-damage|p2a: Dondozo|84/100
|-damage|p1a: Dondozo|97/100|[from] Recoil
|
|-heal|p2a: Dondozo|90/100|[from] item: Leftovers
|-heal|p1a: Dondozo|100/100|[from] item: Leftovers
|upkeep
|turn|11
|
|t:|1760337395
|switch|p1a: Kyurem|Kyurem|100/100
|-damage|p1a: Kyurem|76/100|[from] Stealth Rock
|-ability|p1a: Kyurem|Pressure
|move|p2a: Dondozo|Curse|p2a: Dondozo
|-unboost|p2a: Dondozo|spe|1
|-boost|p2a: Dondozo|atk|1
|-boost|p2a: Dondozo|def|1
|
|-heal|p2a: Dondozo|96/100|[from] item: Leftovers
|upkeep
|turn|12
|
|t:|1760337402
|-terastallize|p2a: Dondozo|Electric
|move|p1a: Kyurem|Freeze-Dry|p2a: Dondozo
|-damage|p2a: Dondozo|61/100
|move|p2a: Dondozo|Liquidation|p1a: Kyurem
|-resisted|p1a: Kyurem
|-damage|p1a: Kyurem|27/100
|
|-heal|p2a: Dondozo|67/100|[from] item: Leftovers
|upkeep
|turn|13
|
|t:|1760337420
|switch|p1a: Corviknight|Corviknight, M|100/100
|-damage|p1a: Corviknight|88/100|[from] Stealth Rock
|move|p2a: Dondozo|Liquidation|p1a: Corviknight
|-damage|p1a: Corviknight|27/100
|-ability|p1a: Corviknight|Mirror Armor
|-unboost|p2a: Dondozo|def|1
|
|-heal|p1a: Corviknight|33/100|[from] item: Leftovers
|-heal|p2a: Dondozo|73/100|[from] item: Leftovers
|upkeep
|turn|14
|
|t:|1760337426
|switch|p1a: Dondozo|Dondozo, F|100/100
|-damage|p1a: Dondozo|88/100|[from] Stealth Rock
|move|p2a: Dondozo|Liquidation|p1a: Dondozo
|-resisted|p1a: Dondozo
|-damage|p1a: Dondozo|82/100
|
|-heal|p1a: Dondozo|88/100|[from] item: Leftovers
|-heal|p2a: Dondozo|79/100|[from] item: Leftovers
|upkeep
|turn|15
|
|t:|1760337451
|switch|p2a: Brambleghast|Brambleghast, F|100/100
|move|p1a: Dondozo|Wave Crash|p2a: Brambleghast
|-resisted|p2a: Brambleghast
|-damage|p2a: Brambleghast|64/100
|-damage|p1a: Dondozo|82/100|[from] Recoil
|
|-heal|p1a: Dondozo|88/100|[from] item: Leftovers
|upkeep
|turn|16
|
|t:|1760337466
|switch|p1a: Kingambit|Kingambit, M|100/100
|-damage|p1a: Kingambit|94/100|[from] Stealth Rock
|move|p2a: Brambleghast|Power Whip|p1a: Kingambit
|-resisted|p1a: Kingambit
|-damage|p1a: Kingambit|75/100
|
|upkeep
|turn|17
|
|t:|1760337472
|switch|p2a: Dondozo|Dondozo, M, tera:Electric|79/100
|move|p1a: Kingambit|Kowtow Cleave|p2a: Dondozo
|-damage|p2a: Dondozo|51/100
|
|-heal|p2a: Dondozo|57/100|[from] item: Leftovers
|upkeep
|turn|18
|
|t:|1760337478
|move|p1a: Kingambit|Kowtow Cleave|p2a: Dondozo
|-damage|p2a: Dondozo|26/100
|move|p2a: Dondozo|Liquidation|p1a: Kingambit
|-damage|p1a: Kingambit|53/100
|-unboost|p1a: Kingambit|def|1
|
|-heal|p2a: Dondozo|32/100|[from] item: Leftovers
|upkeep
|turn|19
|
|t:|1760337486
|move|p1a: Kingambit|Kowtow Cleave|p2a: Dondozo
|-damage|p2a: Dondozo|3/100
|move|p2a: Dondozo|Rest|p2a: Dondozo
|-status|p2a: Dondozo|slp|[from] move: Rest
|-heal|p2a: Dondozo|100/100 slp|[silent]
|
|upkeep
|turn|20
|
|t:|1760337495
|-end|p1a: Kingambit|fallenundefined|[silent]
|switch|p1a: Kyurem|Kyurem|27/100
|-damage|p1a: Kyurem|2/100|[from] Stealth Rock
|-ability|p1a: Kyurem|Pressure
|cant|p2a: Dondozo|slp
|move|p2a: Dondozo|Sleep Talk|p2a: Dondozo
|move|p2a: Dondozo|Curse|p2a: Dondozo|[from] move: Sleep Talk
|-unboost|p2a: Dondozo|spe|1
|-boost|p2a: Dondozo|atk|1
|-boost|p2a: Dondozo|def|1
|
|upkeep
|turn|21
|
|t:|1760337504
|-terastallize|p1a: Kyurem|Ground
|move|p1a: Kyurem|Earth Power|p2a: Dondozo
|-supereffective|p2a: Dondozo
|-damage|p2a: Dondozo|10/100 slp
|cant|p2a: Dondozo|slp
|move|p2a: Dondozo|Sleep Talk|p2a: Dondozo
|move|p2a: Dondozo|Curse|p2a: Dondozo|[from] move: Sleep Talk
|-unboost|p2a: Dondozo|spe|1
|-boost|p2a: Dondozo|atk|1
|-boost|p2a: Dondozo|def|1
|
|-heal|p2a: Dondozo|16/100 slp|[from] item: Leftovers
|upkeep
|turn|22
|
|t:|1760337516
|switch|p2a: Blissey|Blissey, F|86/100
|move|p1a: Kyurem|Earth Power|p2a: Blissey
|-damage|p2a: Blissey|63/100
|
|-heal|p2a: Blissey|69/100|[from] item: Leftovers
|upkeep
|turn|23
|
|t:|1760337523
|switch|p1a: Cinderace|Cinderace, F|100/100
|move|p2a: Blissey|Thunder Wave|p1a: Cinderace
|-status|p1a: Cinderace|par
|
|-heal|p2a: Blissey|76/100|[from] item: Leftovers
|upkeep
|turn|24
|
|t:|1760337527
|switch|p2a: Dondozo|Dondozo, M, tera:Electric|16/100 slp
|move|p1a: Cinderace|Court Change|p1a: Cinderace
|-start|p1a: Cinderace|typechange|Normal|[from] ability: Libero
|-swapsideconditions
|-activate|p1a: Cinderace|move: Court Change
|
|-heal|p2a: Dondozo|22/100 slp|[from] item: Leftovers
|upkeep
|turn|25
|
|t:|1760337534
|move|p1a: Cinderace|Pyro Ball|p2a: Dondozo
|-damage|p2a: Dondozo|0 fnt
|faint|p2a: Dondozo
|
|upkeep
|
|t:|1760337538
|switch|p2a: Kleavor|Kleavor, F|100/100
|-damage|p2a: Kleavor|76/100|[from] Stealth Rock
|turn|26
|
|t:|1760337548
|switch|p1a: Dondozo|Dondozo, F|88/100
|move|p2a: Kleavor|Tailwind|p2a: Kleavor
|-sidestart|p2: pokefanfdj|move: Tailwind
|
|-heal|p1a: Dondozo|94/100|[from] item: Leftovers
|upkeep
|turn|27
|
|t:|1760337555
|switch|p2a: Brambleghast|Brambleghast, F|64/100
|-damage|p2a: Brambleghast|52/100|[from] Stealth Rock
|-ability|p2a: Brambleghast|Wind Rider|boost
|-boost|p2a: Brambleghast|atk|1
|move|p1a: Dondozo|Curse|p1a: Dondozo
|-unboost|p1a: Dondozo|spe|1
|-boost|p1a: Dondozo|atk|1
|-boost|p1a: Dondozo|def|1
|
|-heal|p1a: Dondozo|100/100|[from] item: Leftovers
|upkeep
|turn|28
|
|t:|1760337559
|move|p2a: Brambleghast|Power Whip|p1a: Dondozo
|-supereffective|p1a: Dondozo
|-damage|p1a: Dondozo|64/100
|move|p1a: Dondozo|Curse|p1a: Dondozo
|-unboost|p1a: Dondozo|spe|1
|-boost|p1a: Dondozo|atk|1
|-boost|p1a: Dondozo|def|1
|
|-heal|p1a: Dondozo|70/100|[from] item: Leftovers
|upkeep
|turn|29
|
|t:|1760337565
|move|p2a: Brambleghast|Power Whip|p1a: Dondozo
|-supereffective|p1a: Dondozo
|-damage|p1a: Dondozo|44/100
|move|p1a: Dondozo|Rest|p1a: Dondozo
|-status|p1a: Dondozo|slp|[from] move: Rest
|-heal|p1a: Dondozo|100/100 slp|[silent]
|
|-sideend|p2: pokefanfdj|move: Tailwind
|upkeep
|turn|30
|
|t:|1760337570
|move|p2a: Brambleghast|Rapid Spin|p1a: Dondozo
|-damage|p1a: Dondozo|97/100 slp
|-boost|p2a: Brambleghast|spe|1
|-sideend|p2: pokefanfdj|Stealth Rock|[from] move: Rapid Spin|[of] p2a: Brambleghast
|cant|p1a: Dondozo|slp
|move|p1a: Dondozo|Sleep Talk|p1a: Dondozo
|move|p1a: Dondozo|Rest||[from] move: Sleep Talk|[still]
|-fail|p1a: Dondozo
|
|-heal|p1a: Dondozo|100/100 slp|[from] item: Leftovers
|upkeep
|turn|31
|
|t:|1760337577
|move|p2a: Brambleghast|Power Whip|p1a: Dondozo
|-supereffective|p1a: Dondozo
|-damage|p1a: Dondozo|77/100 slp
|cant|p1a: Dondozo|slp
|move|p1a: Dondozo|Sleep Talk|p1a: Dondozo
|move|p1a: Dondozo|Rest||[from] move: Sleep Talk|[still]
|-fail|p1a: Dondozo
|
|-heal|p1a: Dondozo|84/100 slp|[from] item: Leftovers
|upkeep
|turn|32
|-message|pokefanfdj forfeited.
|
|win|snowclaw2
|raw|snowclaw2's rating: 1264 &rarr; <strong>1288</strong><br />(+24 for winning)
|raw|pokefanfdj's rating: 1245 &rarr; <strong>1221</strong><br />(-24 for losing)
|l|☆pokefanfdj
|player|p2|
|l|☆snowclaw2
|player|p1|
