|j|‽zippitytippity
|j|‽solascriptura1521
|t:|1760437634
|gametype|singles
|player|p1|zippitytippity|cynthia-masters3|1578
|player|p2|solascriptura1521|1|1753
|gen|9
|tier|[Gen 9] OU
|rated|
|rule|HP Percentage Mod: HP is shown in percentages
|rule|Endless Battle Clause: Forcing endless battles is banned
|rule|Species Clause: Limit one of each Pokémon
|rule|OHKO Clause: OHKO moves are banned
|rule|Evasion Items Clause: Evasion items are banned
|rule|Evasion Moves Clause: Evasion moves are banned
|rule|Evasion Abilities Clause: Evasion abilities are banned
|rule|Sleep Moves Clause: Sleep-inducing moves are banned
|clearpoke
|poke|p1|Ursaluna, M|
|poke|p1|Cresselia, F|
|poke|p1|Iron Valiant|
|poke|p1|Hatterene, F|
|poke|p1|Keldeo-Resolute|
|poke|p1|Ogerpon, F|
|poke|p2|Torkoal, F|
|poke|p2|Walking Wake|
|poke|p2|Raging Bolt|
|poke|p2|Kingambit, M|
|poke|p2|Great Tusk|
|poke|p2|Hatterene, F|
|teampreview
|inactive|Battle timer is ON: inactive players will automatically lose when time's up. (requested by zippitytippity)
|
|t:|1760437678
|teamsize|p1|6
|teamsize|p2|6
|start
|switch|p1a: Cresselia|Cresselia, F, shiny|100/100
|switch|p2a: Great Tusk|Great Tusk|100/100
|turn|1
|
|t:|1760437685
|-end|p2a: Great Tusk|Protosynthesis|[silent]
|switch|p2a: Hatterene|Hatterene, F|100/100
|move|p1a: Cresselia|Psychic|p2a: Hatterene
|-resisted|p2a: Hatterene
|-damage|p2a: Hatterene|86/100
|
|-heal|p2a: Hatterene|92/100|[from] item: Leftovers
|upkeep
|turn|2
|
|t:|1760437692
|move|p2a: Hatterene|Calm Mind|p2a: Hatterene
|-boost|p2a: Hatterene|spa|1
|-boost|p2a: Hatterene|spd|1
|move|p1a: Cresselia|Trick Room|p1a: Cresselia
|-fieldstart|move: Trick Room|[of] p1a: Cresselia
|
|-heal|p2a: Hatterene|98/100|[from] item: Leftovers
|upkeep
|turn|3
|
|t:|1760437699
|switch|p1a: Ursaluna|Ursaluna, M, shiny|100/100
|move|p2a: Hatterene|Calm Mind|p2a: Hatterene
|-boost|p2a: Hatterene|spa|1
|-boost|p2a: Hatterene|spd|1
|
|-heal|p2a: Hatterene|100/100|[from] item: Leftovers
|-status|p1a: Ursaluna|brn|[from] item: Flame Orb
|upkeep
|turn|4
|
|t:|1760437704
|move|p1a: Ursaluna|Facade|p2a: Hatterene
|-damage|p2a: Hatterene|0 fnt
|faint|p2a: Hatterene
|
|-damage|p1a: Ursaluna|94/100 brn|[from] brn
|upkeep
|
|t:|1760437708
|switch|p2a: Great Tusk|Great Tusk|100/100
|turn|5
|
|t:|1760437714
|move|p1a: Ursaluna|Ice Punch|p2a: Great Tusk
|-supereffective|p2a: Great Tusk
|-damage|p2a: Great Tusk|30/100
|move|p2a: Great Tusk|Close Combat|p1a: Ursaluna
|-supereffective|p1a: Ursaluna
|-damage|p1a: Ursaluna|8/100 brn
|-unboost|p2a: Great Tusk|def|1
|-unboost|p2a: Great Tusk|spd|1
|
|-heal|p2a: Great Tusk|36/100|[from] item: Leftovers
|-damage|p1a: Ursaluna|2/100 brn|[from] brn
|upkeep
|turn|6
|
|t:|1760437725
|switch|p1a: Cresselia|Cresselia, F, shiny|100/100
|move|p2a: Great Tusk|Close Combat|p1a: Cresselia
|-resisted|p1a: Cresselia
|-damage|p1a: Cresselia|82/100
|-unboost|p2a: Great Tusk|def|1
|-unboost|p2a: Great Tusk|spd|1
|-damage|p2a: Great Tusk|20/100|[from] item: Rocky Helmet|[of] p1a: Cresselia
|
|-heal|p2a: Great Tusk|26/100|[from] item: Leftovers
|-fieldend|move: Trick Room
|upkeep
|turn|7
|
|t:|1760437729
|-end|p2a: Great Tusk|Protosynthesis|[silent]
|switch|p2a: Kingambit|Kingambit, M|100/100
|-activate|p2a: Kingambit|ability: Supreme Overlord
|-start|p2a: Kingambit|fallen1|[silent]
|move|p1a: Cresselia|Trick Room|p1a: Cresselia
|-fieldstart|move: Trick Room|[of] p1a: Cresselia
|
|upkeep
|turn|8
|
|t:|1760437757
|switch|p1a: Keldeo|Keldeo-Resolute|100/100
|move|p2a: Kingambit|Kowtow Cleave|p1a: Keldeo
|-resisted|p1a: Keldeo
|-damage|p1a: Keldeo|61/100
|-ability|p1a: Keldeo|Justified|boost
|-boost|p1a: Keldeo|atk|1
|
|upkeep
|turn|9
|
|t:|1760437763
|-end|p2a: Kingambit|fallen1|[silent]
|switch|p2a: Raging Bolt|Raging Bolt|100/100
|move|p1a: Keldeo|Flip Turn|p2a: Raging Bolt
|-resisted|p2a: Raging Bolt
|-damage|p2a: Raging Bolt|91/100
|
|t:|1760437766
|switch|p1a: Ursaluna|Ursaluna, M, shiny|2/100 brn|[from] Flip Turn
|
|-damage|p1a: Ursaluna|0 fnt|[from] brn
|faint|p1a: Ursaluna
|upkeep
|
|t:|1760437777
|switch|p1a: Hatterene|Hatterene, F, shiny|100/100
|turn|10
|
|t:|1760437781
|-end|p2a: Raging Bolt|Protosynthesis|[silent]
|switch|p2a: Kingambit|Kingambit, M|100/100
|-activate|p2a: Kingambit|ability: Supreme Overlord
|-start|p2a: Kingambit|fallen1|[silent]
|move|p1a: Hatterene|Dazzling Gleam|p2a: Kingambit
|-damage|p2a: Kingambit|56/100
|
|upkeep
|turn|11
|
|t:|1760437792
|switch|p1a: Keldeo|Keldeo-Resolute|61/100
|move|p2a: Kingambit|Iron Head|p1a: Keldeo
|-resisted|p1a: Keldeo
|-damage|p1a: Keldeo|29/100
|
|-fieldend|move: Trick Room
|upkeep
|turn|12
|
|t:|1760437796
|move|p1a: Keldeo|Vacuum Wave|p2a: Kingambit
|-supereffective|p2a: Kingambit
|-damage|p2a: Kingambit|0 fnt
|faint|p2a: Kingambit
|-end|p2a: Kingambit|fallen1|[silent]
|
|upkeep
|
|t:|1760437798
|switch|p2a: Raging Bolt|Raging Bolt|91/100
|turn|13
|
|t:|1760437802
|switch|p1a: Ogerpon|Ogerpon, F|100/100
|move|p2a: Raging Bolt|Thunderbolt|p1a: Ogerpon
|-resisted|p1a: Ogerpon
|-crit|p1a: Ogerpon
|-damage|p1a: Ogerpon|50/100
|
|upkeep
|turn|14
|
|t:|1760437808
|move|p1a: Ogerpon|Knock Off|p2a: Raging Bolt
|-damage|p2a: Raging Bolt|52/100
|-enditem|p2a: Raging Bolt|Assault Vest|[from] move: Knock Off|[of] p1a: Ogerpon
|move|p2a: Raging Bolt|Draco Meteor|p1a: Ogerpon
|-damage|p1a: Ogerpon|0 fnt
|-unboost|p2a: Raging Bolt|spa|2
|faint|p1a: Ogerpon
|
|upkeep
|
|t:|1760437812
|switch|p1a: Iron Valiant|Iron Valiant|100/100
|-enditem|p1a: Iron Valiant|Booster Energy
|-activate|p1a: Iron Valiant|ability: Quark Drive|[fromitem]
|-start|p1a: Iron Valiant|quarkdrivespe
|turn|15
|
|t:|1760437818
|move|p1a: Iron Valiant|Close Combat|p2a: Raging Bolt
|-damage|p2a: Raging Bolt|11/100
|-unboost|p1a: Iron Valiant|def|1
|-unboost|p1a: Iron Valiant|spd|1
|move|p2a: Raging Bolt|Thunderbolt|p1a: Iron Valiant
|-damage|p1a: Iron Valiant|25/100
|
|upkeep
|turn|16
|
|t:|1760437821
|move|p2a: Raging Bolt|Thunderclap||[still]
|-fail|p2a: Raging Bolt
|move|p1a: Iron Valiant|Destiny Bond|p1a: Iron Valiant
|-singlemove|p1a: Iron Valiant|Destiny Bond
|
|upkeep
|turn|17
|j| Ctannn
|
|t:|1760437824
|move|p2a: Raging Bolt|Thunderclap||[still]
|-fail|p2a: Raging Bolt
|move|p1a: Iron Valiant|Encore|p2a: Raging Bolt
|-start|p2a: Raging Bolt|Encore
|
|upkeep
|turn|18
|
|t:|1760437831
|-end|p1a: Iron Valiant|Quark Drive|[silent]
|switch|p1a: Keldeo|Keldeo-Resolute|29/100
|move|p2a: Raging Bolt|Thunderclap||[still]
|-fail|p2a: Raging Bolt
|
|upkeep
|turn|19
|
|t:|1760437835
|-end|p2a: Raging Bolt|Protosynthesis|[silent]
|switch|p2a: Torkoal|Torkoal, F|100/100
|-weather|SunnyDay|[from] ability: Drought|[of] p2a: Torkoal
|move|p1a: Keldeo|Vacuum Wave|p2a: Torkoal
|-damage|p2a: Torkoal|68/100
|
|-weather|SunnyDay|[upkeep]
|upkeep
|turn|20
|
|t:|1760437840
|switch|p1a: Cresselia|Cresselia, F, shiny|82/100
|move|p2a: Torkoal|Lava Plume|p1a: Cresselia
|-damage|p1a: Cresselia|59/100
|-status|p1a: Cresselia|brn
|
|-weather|SunnyDay|[upkeep]
|-damage|p1a: Cresselia|53/100 brn|[from] brn
|upkeep
|turn|21
|
|t:|1760437847
|switch|p2a: Walking Wake|Walking Wake|100/100
|-activate|p2a: Walking Wake|ability: Protosynthesis
|-start|p2a: Walking Wake|protosynthesisspa
|move|p1a: Cresselia|Trick Room|p1a: Cresselia
|-fieldstart|move: Trick Room|[of] p1a: Cresselia
|
|-weather|SunnyDay|[upkeep]
|-damage|p1a: Cresselia|47/100 brn|[from] brn
|upkeep
|turn|22
|
|t:|1760437858
|move|p1a: Cresselia|Lunar Dance|p1a: Cresselia
|faint|p1a: Cresselia
|move|p2a: Walking Wake|Hydro Steam|p1: Cresselia|[notarget]
|-fail|p2a: Walking Wake
|
|-weather|SunnyDay|[upkeep]
|upkeep
|
|t:|1760437865
|switch|p1a: Keldeo|Keldeo-Resolute|29/100
|-heal|p1a: Keldeo|100/100|[from] move: Lunar Dance
|turn|23
|
|t:|1760437874
|-end|p2a: Walking Wake|Protosynthesis|[silent]
|switch|p2a: Torkoal|Torkoal, F|68/100
|move|p1a: Keldeo|Secret Sword|p2a: Torkoal
|-damage|p2a: Torkoal|16/100
|
|-weather|SunnyDay|[upkeep]
|upkeep
|turn|24
|
|t:|1760437881
|switch|p1a: Hatterene|Hatterene, F, shiny|100/100
|move|p2a: Torkoal|Lava Plume|p1a: Hatterene
|-damage|p1a: Hatterene|65/100
|-status|p1a: Hatterene|brn
|
|-weather|SunnyDay|[upkeep]
|-damage|p1a: Hatterene|59/100 brn|[from] brn
|upkeep
|turn|25
|
|t:|1760437893
|switch|p2a: Walking Wake|Walking Wake|100/100
|-activate|p2a: Walking Wake|ability: Protosynthesis
|-start|p2a: Walking Wake|protosynthesisspa
|move|p1a: Hatterene|Healing Wish|p1a: Hatterene
|faint|p1a: Hatterene
|
|-weather|SunnyDay|[upkeep]
|-fieldend|move: Trick Room
|upkeep
|
|t:|1760437898
|switch|p1a: Iron Valiant|Iron Valiant|25/100
|-heal|p1a: Iron Valiant|100/100|[from] move: Healing Wish
|turn|26
|
|t:|1760437900
|-end|p1a: Iron Valiant|Quark Drive|[silent]
|switch|p1a: Keldeo|Keldeo-Resolute|100/100
|move|p2a: Walking Wake|Hydro Steam|p1a: Keldeo
|-resisted|p1a: Keldeo
|-damage|p1a: Keldeo|28/100
|
|-weather|none
|-end|p2a: Walking Wake|Protosynthesis
|upkeep
|turn|27
|
|t:|1760437904
|move|p2a: Walking Wake|Hydro Steam|p1a: Keldeo
|-resisted|p1a: Keldeo
|-damage|p1a: Keldeo|0 fnt
|faint|p1a: Keldeo
|
|upkeep
|
|t:|1760437907
|switch|p1a: Iron Valiant|Iron Valiant|100/100
|turn|28
|
|t:|1760437910
|-terastallize|p2a: Walking Wake|Water
|move|p1a: Iron Valiant|Moonblast|p2a: Walking Wake
|-damage|p2a: Walking Wake|47/100
|move|p2a: Walking Wake|Hydro Steam|p1a: Iron Valiant
|-damage|p1a: Iron Valiant|0 fnt
|faint|p1a: Iron Valiant
|-end|p1a: Iron Valiant|Quark Drive|[silent]
|
|win|solascriptura1521
|raw|zippitytippity's rating: 1578 &rarr; <strong>1567</strong><br />(-11 for losing)
|raw|solascriptura1521's rating: 1753 &rarr; <strong>1764</strong><br />(+11 for winning)
|l|‽zippitytippity
|player|p1|
