|j|‽destined1jnp
|j|☆Galladeyaoi
|t:|1760395165
|gametype|singles
|player|p1|destined1jnp|will|1339
|player|p2|Galladeyaoi|pokefanf-gen2|1337
|gen|9
|tier|[Gen 9] OU
|rated|
|rule|HP Percentage Mod: HP is shown in percentages
|rule|Endless Battle Clause: Forcing endless battles is banned
|rule|Species Clause: Limit one of each Pokémon
|rule|OHKO Clause: OHKO moves are banned
|rule|Evasion Items Clause: Evasion items are banned
|rule|Evasion Moves Clause: Evasion moves are banned
|rule|Evasion Abilities Clause: Evasion abilities are banned
|rule|Sleep Moves Clause: Sleep-inducing moves are banned
|clearpoke
|poke|p1|Dondozo, F|
|poke|p1|Blissey, F|
|poke|p1|Corviknight, F|
|poke|p1|Weezing-Galar, M|
|poke|p1|Gliscor, M|
|poke|p1|Toxapex, F|
|poke|p2|Thundurus, M|
|poke|p2|Iron Leaves|
|poke|p2|Iron Moth|
|poke|p2|Iron Treads|
|poke|p2|Iron Crown|
|poke|p2|Raging Bolt|
|teampreview
|inactive|Battle timer is ON: inactive players will automatically lose when time's up. (requested by Galladeyaoi)
|
|t:|1760395177
|teamsize|p1|6
|teamsize|p2|6
|start
|switch|p1a: Toxapex|Toxapex, F, shiny|100/100
|switch|p2a: Thundurus|Thundurus, M|100/100
|turn|1
|
|t:|1760395186
|move|p2a: Thundurus|Taunt|p1a: Toxapex
|-start|p1a: Toxapex|move: Taunt
|cant|p1a: Toxapex|move: Taunt|Toxic
|
|upkeep
|turn|2
|
|t:|1760395192
|switch|p1a: Gliscor|Gliscor, M|100/100
|move|p2a: Thundurus|Electric Terrain|p2a: Thundurus
|-fieldstart|move: Electric Terrain
|
|-status|p1a: Gliscor|tox|[from] item: Toxic Orb
|upkeep
|turn|3
|
|t:|1760395200
|move|p2a: Thundurus|Taunt|p1a: Gliscor
|-start|p1a: Gliscor|move: Taunt
|move|p1a: Gliscor|Knock Off|p2a: Thundurus
|-damage|p2a: Thundurus|82/100
|-enditem|p2a: Thundurus|Terrain Extender|[from] move: Knock Off|[of] p1a: Gliscor
|
|upkeep
|turn|4
|
|t:|1760395221
|switch|p1a: Blissey|Blissey, F|100/100
|move|p2a: Thundurus|U-turn|p1a: Blissey
|-crit|p1a: Blissey
|-damage|p1a: Blissey|72/100
|
|t:|1760395228
|switch|p2a: Iron Crown|Iron Crown|100/100|[from] U-turn
|-activate|p2a: Iron Crown|ability: Quark Drive
|-start|p2a: Iron Crown|quarkdrivespa
|
|-heal|p1a: Blissey|79/100|[from] item: Leftovers
|upkeep
|turn|5
|inactive|destined1jnp has 120 seconds left.
|
|t:|1760395262
|switch|p1a: Gliscor|Gliscor, M|100/100 tox
|move|p2a: Iron Crown|Psychic Noise|p1a: Gliscor
|-damage|p1a: Gliscor|43/100 tox
|-start|p1a: Gliscor|move: Heal Block
|
|upkeep
|turn|6
|inactive|destined1jnp has 120 seconds left.
|
|t:|1760395275
|move|p1a: Gliscor|Protect|p1a: Gliscor
|-singleturn|p1a: Gliscor|Protect
|move|p2a: Iron Crown|Psychic Noise|p1a: Gliscor
|-activate|p1a: Gliscor|move: Protect
|
|-end|p1a: Gliscor|move: Heal Block
|upkeep
|turn|7
|inactive|destined1jnp has 120 seconds left.
|
|t:|1760395286
|switch|p1a: Blissey|Blissey, F|79/100
|move|p2a: Iron Crown|Psychic Noise|p1a: Blissey
|-damage|p1a: Blissey|57/100
|-start|p1a: Blissey|move: Heal Block
|
|upkeep
|turn|8
|
|t:|1760395294
|move|p2a: Iron Crown|Psychic Noise|p1a: Blissey
|-damage|p1a: Blissey|34/100
|move|p1a: Blissey|Calm Mind|p1a: Blissey
|-boost|p1a: Blissey|spa|1
|-boost|p1a: Blissey|spd|1
|
|-end|p1a: Blissey|move: Heal Block
|upkeep
|turn|9
|
|t:|1760395304
|move|p2a: Iron Crown|Psychic Noise|p1a: Blissey
|-damage|p1a: Blissey|20/100
|-start|p1a: Blissey|move: Heal Block
|cant|p1a: Blissey|move: Heal Block|Soft-Boiled
|
|-fieldend|move: Electric Terrain
|-end|p2a: Iron Crown|Quark Drive
|upkeep
|turn|10
|
|t:|1760395314
|-terastallize|p1a: Blissey|Dark
|move|p2a: Iron Crown|Psychic Noise|p1a: Blissey
|-immune|p1a: Blissey
|move|p1a: Blissey|Calm Mind|p1a: Blissey
|-boost|p1a: Blissey|spa|1
|-boost|p1a: Blissey|spd|1
|
|-end|p1a: Blissey|move: Heal Block
|upkeep
|turn|11
|
|t:|1760395327
|-end|p2a: Iron Crown|Quark Drive|[silent]
|switch|p2a: Iron Leaves|Iron Leaves|100/100
|move|p1a: Blissey|Soft-Boiled|p1a: Blissey
|-heal|p1a: Blissey|70/100
|
|-heal|p1a: Blissey|76/100|[from] item: Leftovers
|upkeep
|turn|12
|
|t:|1760395353
|switch|p1a: Weezing|Weezing-Galar, M, shiny|100/100
|-ability|p1a: Weezing|Neutralizing Gas
|move|p2a: Iron Leaves|Close Combat|p1a: Weezing
|-resisted|p1a: Weezing
|-crit|p1a: Weezing
|-damage|p1a: Weezing|92/100
|-unboost|p2a: Iron Leaves|def|1
|-unboost|p2a: Iron Leaves|spd|1
|-enditem|p2a: Iron Leaves|Eject Pack
|
|t:|1760395364
|-end|p2a: Iron Leaves|Quark Drive|[silent]
|switch|p2a: Iron Crown|Iron Crown|100/100
|
|upkeep
|turn|13
|
|t:|1760395368
|-end|p1a: Weezing|ability: Neutralizing Gas
|switch|p1a: Blissey|Blissey, F, tera:Dark|76/100
|move|p2a: Iron Crown|Volt Switch|p1a: Blissey
|-crit|p1a: Blissey
|-damage|p1a: Blissey|59/100
|
|t:|1760395375
|-end|p2a: Iron Crown|Quark Drive|[silent]
|switch|p2a: Iron Leaves|Iron Leaves|100/100|[from] Volt Switch
|
|-heal|p1a: Blissey|66/100|[from] item: Leftovers
|upkeep
|turn|14
|
|t:|1760395390
|switch|p1a: Weezing|Weezing-Galar, M, shiny|92/100
|-ability|p1a: Weezing|Neutralizing Gas
|move|p2a: Iron Leaves|Swords Dance|p2a: Iron Leaves
|-boost|p2a: Iron Leaves|atk|2
|
|upkeep
|turn|15
|inactive|destined1jnp has 120 seconds left.
|
|t:|1760395429
|move|p2a: Iron Leaves|Psyblade|p1a: Weezing
|-supereffective|p1a: Weezing
|-damage|p1a: Weezing|0 fnt
|faint|p1a: Weezing
|-end|p1a: Weezing|ability: Neutralizing Gas
|
|upkeep
|
|t:|1760395433
|switch|p1a: Corviknight|Corviknight, F, shiny|100/100
|-ability|p1a: Corviknight|Pressure
|turn|16
|
|t:|1760395439
|-end|p2a: Iron Leaves|Quark Drive|[silent]
|switch|p2a: Thundurus|Thundurus, M|82/100
|move|p1a: Corviknight|Iron Defense|p1a: Corviknight
|-boost|p1a: Corviknight|def|2
|
|upkeep
|turn|17
|
|t:|1760395445
|switch|p1a: Gliscor|Gliscor, M|43/100 tox
|move|p2a: Thundurus|Taunt|p1a: Gliscor
|-start|p1a: Gliscor|move: Taunt
|
|-heal|p1a: Gliscor|56/100 tox|[from] ability: Poison Heal
|upkeep
|turn|18
|
|t:|1760395454
|move|p2a: Thundurus|Electric Terrain|p2a: Thundurus
|-fieldstart|move: Electric Terrain
|move|p1a: Gliscor|Knock Off|p2a: Thundurus
|-damage|p2a: Thundurus|70/100
|
|-heal|p1a: Gliscor|68/100 tox|[from] ability: Poison Heal
|upkeep
|turn|19
|
|t:|1760395475
|move|p2a: Thundurus|U-turn|p1a: Gliscor
|-resisted|p1a: Gliscor
|-damage|p1a: Gliscor|62/100 tox
|
|t:|1760395494
|switch|p2a: Iron Leaves|Iron Leaves|100/100|[from] U-turn
|-activate|p2a: Iron Leaves|ability: Quark Drive
|-start|p2a: Iron Leaves|quarkdrivespe
|move|p1a: Gliscor|Knock Off|p2a: Iron Leaves
|-supereffective|p2a: Iron Leaves
|-damage|p2a: Iron Leaves|71/100
|
|-heal|p1a: Gliscor|74/100 tox|[from] ability: Poison Heal
|-end|p1a: Gliscor|move: Taunt
|upkeep
|turn|20
|
|t:|1760395507
|switch|p1a: Corviknight|Corviknight, F, shiny|100/100
|-ability|p1a: Corviknight|Pressure
|move|p2a: Iron Leaves|Swords Dance|p2a: Iron Leaves
|-boost|p2a: Iron Leaves|atk|2
|
|upkeep
|turn|21
|
|t:|1760395515
|-end|p2a: Iron Leaves|Quark Drive|[silent]
|switch|p2a: Iron Crown|Iron Crown|100/100
|-activate|p2a: Iron Crown|ability: Quark Drive
|-start|p2a: Iron Crown|quarkdrivespa
|move|p1a: Corviknight|Iron Defense|p1a: Corviknight
|-boost|p1a: Corviknight|def|2
|
|upkeep
|turn|22
|
|t:|1760395525
|switch|p1a: Gliscor|Gliscor, M|74/100 tox
|-terastallize|p2a: Iron Crown|Fighting
|move|p2a: Iron Crown|Focus Blast|p1a: Gliscor
|-resisted|p1a: Gliscor
|-damage|p1a: Gliscor|27/100 tox
|
|-heal|p1a: Gliscor|40/100 tox|[from] ability: Poison Heal
|-fieldend|move: Electric Terrain
|-end|p2a: Iron Crown|Quark Drive
|upkeep
|turn|23
|
|t:|1760395536
|move|p1a: Gliscor|Protect|p1a: Gliscor
|-singleturn|p1a: Gliscor|Protect
|move|p2a: Iron Crown|Focus Blast|p1a: Gliscor
|-activate|p1a: Gliscor|move: Protect
|
|-heal|p1a: Gliscor|52/100 tox|[from] ability: Poison Heal
|upkeep
|turn|24
|
|t:|1760395559
|-end|p2a: Iron Crown|Quark Drive|[silent]
|switch|p2a: Thundurus|Thundurus, M|70/100
|switch|p1a: Toxapex|Toxapex, F, shiny|100/100
|
|upkeep
|turn|25
|
|t:|1760395571
|switch|p1a: Gliscor|Gliscor, M|52/100 tox
|move|p2a: Thundurus|Taunt|p1a: Gliscor
|-start|p1a: Gliscor|move: Taunt
|
|-heal|p1a: Gliscor|65/100 tox|[from] ability: Poison Heal
|upkeep
|turn|26
|
|t:|1760395581
|move|p2a: Thundurus|Electric Terrain|p2a: Thundurus
|-fieldstart|move: Electric Terrain
|move|p1a: Gliscor|Earthquake|p2a: Thundurus
|-immune|p2a: Thundurus
|
|-heal|p1a: Gliscor|77/100 tox|[from] ability: Poison Heal
|upkeep
|turn|27
|
|t:|1760395599
|move|p2a: Thundurus|U-turn|p1a: Gliscor
|-resisted|p1a: Gliscor
|-damage|p1a: Gliscor|70/100 tox
|
|t:|1760395602
|switch|p2a: Iron Crown|Iron Crown, tera:Fighting|100/100|[from] U-turn
|-activate|p2a: Iron Crown|ability: Quark Drive
|-start|p2a: Iron Crown|quarkdrivespa
|move|p1a: Gliscor|Knock Off|p2a: Iron Crown
|-resisted|p2a: Iron Crown
|-damage|p2a: Iron Crown|90/100
|-enditem|p2a: Iron Crown|Choice Specs|[from] move: Knock Off|[of] p1a: Gliscor
|
|-heal|p1a: Gliscor|83/100 tox|[from] ability: Poison Heal
|-end|p1a: Gliscor|move: Taunt
|upkeep
|turn|28
|
|t:|1760395630
|move|p1a: Gliscor|Protect|p1a: Gliscor
|-singleturn|p1a: Gliscor|Protect
|move|p2a: Iron Crown|Psychic Noise|p1a: Gliscor
|-activate|p1a: Gliscor|move: Protect
|
|-heal|p1a: Gliscor|95/100 tox|[from] ability: Poison Heal
|upkeep
|turn|29
|
|t:|1760395643
|switch|p1a: Blissey|Blissey, F, tera:Dark|66/100
|move|p2a: Iron Crown|Focus Blast|p1a: Blissey
|-supereffective|p1a: Blissey
|-damage|p1a: Blissey|20/100
|
|-heal|p1a: Blissey|26/100|[from] item: Leftovers
|upkeep
|turn|30
|
|t:|1760395655
|switch|p1a: Gliscor|Gliscor, M|95/100 tox
|move|p2a: Iron Crown|Focus Blast|p1a: Gliscor|[miss]
|-miss|p2a: Iron Crown|p1a: Gliscor
|
|-heal|p1a: Gliscor|100/100 tox|[from] ability: Poison Heal
|-fieldend|move: Electric Terrain
|-end|p2a: Iron Crown|Quark Drive
|upkeep
|turn|31
|
|t:|1760395664
|-end|p2a: Iron Crown|Quark Drive|[silent]
|switch|p2a: Thundurus|Thundurus, M|70/100
|move|p1a: Gliscor|Earthquake|p2a: Thundurus
|-immune|p2a: Thundurus
|
|upkeep
|turn|32
|
|t:|1760395671
|move|p2a: Thundurus|U-turn|p1a: Gliscor
|-resisted|p1a: Gliscor
|-damage|p1a: Gliscor|93/100 tox
|
|t:|1760395678
|switch|p2a: Iron Leaves|Iron Leaves|71/100|[from] U-turn
|move|p1a: Gliscor|Spikes|p2a: Iron Leaves
|-sidestart|p2: Galladeyaoi|Spikes
|
|-heal|p1a: Gliscor|100/100 tox|[from] ability: Poison Heal
|upkeep
|turn|33
|
|t:|1760395692
|move|p2a: Iron Leaves|Swords Dance|p2a: Iron Leaves
|-boost|p2a: Iron Leaves|atk|2
|move|p1a: Gliscor|Knock Off|p2a: Iron Leaves
|-supereffective|p2a: Iron Leaves
|-damage|p2a: Iron Leaves|40/100
|
|upkeep
|turn|34
|
|t:|1760395699
|move|p2a: Iron Leaves|Swords Dance|p2a: Iron Leaves
|-boost|p2a: Iron Leaves|atk|2
|move|p1a: Gliscor|Knock Off|p2a: Iron Leaves
|-supereffective|p2a: Iron Leaves
|-damage|p2a: Iron Leaves|6/100
|
|upkeep
|turn|35
|
|t:|1760395708
|move|p2a: Iron Leaves|Psyblade|p1a: Gliscor
|-damage|p1a: Gliscor|3/100 tox
|move|p1a: Gliscor|Knock Off|p2a: Iron Leaves
|-supereffective|p2a: Iron Leaves
|-damage|p2a: Iron Leaves|0 fnt
|faint|p2a: Iron Leaves
|-end|p2a: Iron Leaves|Quark Drive|[silent]
|
|-heal|p1a: Gliscor|16/100 tox|[from] ability: Poison Heal
|upkeep
|
|t:|1760395717
|switch|p2a: Iron Crown|Iron Crown, tera:Fighting|90/100
|-damage|p2a: Iron Crown|77/100|[from] Spikes
|turn|36
|
|t:|1760395726
|move|p1a: Gliscor|Protect|p1a: Gliscor
|-singleturn|p1a: Gliscor|Protect
|move|p2a: Iron Crown|Tachyon Cutter|p1a: Gliscor
|-activate|p1a: Gliscor|move: Protect
|
|-heal|p1a: Gliscor|28/100 tox|[from] ability: Poison Heal
|upkeep
|turn|37
|inactive|destined1jnp has 120 seconds left.
|
|t:|1760395765
|switch|p1a: Toxapex|Toxapex, F, shiny|100/100
|move|p2a: Iron Crown|Tachyon Cutter|p1a: Toxapex
|-resisted|p1a: Toxapex
|-damage|p1a: Toxapex|93/100
|-resisted|p1a: Toxapex
|-damage|p1a: Toxapex|86/100
|-hitcount|p1a: Toxapex|2
|
|-heal|p1a: Toxapex|92/100|[from] item: Leftovers
|upkeep
|turn|38
|inactive|destined1jnp has 120 seconds left.
|
|t:|1760395779
|move|p2a: Iron Crown|Volt Switch|p1a: Toxapex
|-supereffective|p1a: Toxapex
|-damage|p1a: Toxapex|64/100
|
|t:|1760395785
|-end|p2a: Iron Crown|Quark Drive|[silent]
|switch|p2a: Iron Moth|Iron Moth|100/100|[from] Volt Switch
|-damage|p2a: Iron Moth|88/100|[from] Spikes
|move|p1a: Toxapex|Toxic|p2a: Iron Moth
|-immune|p2a: Iron Moth
|
|-heal|p1a: Toxapex|70/100|[from] item: Leftovers
|upkeep
|turn|39
|
|t:|1760395799
|switch|p1a: Gliscor|Gliscor, M|28/100 tox
|move|p2a: Iron Moth|Meteor Beam||[still]
|-prepare|p2a: Iron Moth|Meteor Beam
|-boost|p2a: Iron Moth|spa|1
|-enditem|p2a: Iron Moth|Power Herb
|-anim|p2a: Iron Moth|Meteor Beam|p1a: Gliscor
|-damage|p1a: Gliscor|0 fnt
|faint|p1a: Gliscor
|
|upkeep
|
|t:|1760395805
|switch|p1a: Blissey|Blissey, F, tera:Dark|26/100
|turn|40
|
|t:|1760395810
|move|p2a: Iron Moth|Sludge Wave|p1a: Blissey
|-damage|p1a: Blissey|6/100
|move|p1a: Blissey|Soft-Boiled|p1a: Blissey
|-heal|p1a: Blissey|56/100
|
|-heal|p1a: Blissey|62/100|[from] item: Leftovers
|upkeep
|turn|41
|
|t:|1760395819
|-end|p2a: Iron Moth|Quark Drive|[silent]
|switch|p2a: Iron Treads|Iron Treads|100/100
|-damage|p2a: Iron Treads|88/100|[from] Spikes
|move|p1a: Blissey|Stealth Rock|p2a: Iron Treads
|-sidestart|p2: Galladeyaoi|move: Stealth Rock
|
|-heal|p1a: Blissey|68/100|[from] item: Leftovers
|upkeep
|turn|42
|
|t:|1760395827
|switch|p1a: Corviknight|Corviknight, F, shiny|100/100
|-ability|p1a: Corviknight|Pressure
|move|p2a: Iron Treads|Knock Off|p1a: Corviknight
|-damage|p1a: Corviknight|86/100
|-enditem|p1a: Corviknight|Leftovers|[from] move: Knock Off|[of] p2a: Iron Treads
|
|upkeep
|turn|43
|
|t:|1760395846
|move|p2a: Iron Treads|Rapid Spin|p1a: Corviknight
|-resisted|p1a: Corviknight
|-damage|p1a: Corviknight|82/100
|-boost|p2a: Iron Treads|spe|1
|-sideend|p2: Galladeyaoi|Spikes|[from] move: Rapid Spin|[of] p2a: Iron Treads
|-sideend|p2: Galladeyaoi|Stealth Rock|[from] move: Rapid Spin|[of] p2a: Iron Treads
|move|p1a: Corviknight|Body Press|p2a: Iron Treads
|-supereffective|p2a: Iron Treads
|-damage|p2a: Iron Treads|55/100
|-damage|p1a: Corviknight|66/100|[from] item: Rocky Helmet|[of] p2a: Iron Treads
|
|upkeep
|turn|44
|
|t:|1760395856
|-end|p2a: Iron Treads|Quark Drive|[silent]
|switch|p2a: Thundurus|Thundurus, M|70/100
|move|p1a: Corviknight|Body Press|p2a: Thundurus
|-resisted|p2a: Thundurus
|-damage|p2a: Thundurus|59/100
|
|upkeep
|turn|45
|
|t:|1760395867
|switch|p1a: Blissey|Blissey, F, tera:Dark|68/100
|move|p2a: Thundurus|Taunt|p1a: Blissey
|-hint|Since gen 7, Dark is immune to Prankster moves.
|-immune|p1a: Blissey
|
|-heal|p1a: Blissey|74/100|[from] item: Leftovers
|upkeep
|turn|46
|
|t:|1760395878
|move|p2a: Thundurus|U-turn|p1a: Blissey
|-supereffective|p1a: Blissey
|-damage|p1a: Blissey|40/100
|
|t:|1760395881
|switch|p2a: Iron Treads|Iron Treads|55/100|[from] U-turn
|move|p1a: Blissey|Seismic Toss|p2a: Iron Treads
|-damage|p2a: Iron Treads|29/100
|-damage|p1a: Blissey|23/100|[from] item: Rocky Helmet|[of] p2a: Iron Treads
|
|-heal|p1a: Blissey|29/100|[from] item: Leftovers
|upkeep
|turn|47
|
|t:|1760395895
|-end|p2a: Iron Treads|Quark Drive|[silent]
|switch|p2a: Thundurus|Thundurus, M|59/100
|switch|p1a: Corviknight|Corviknight, F, shiny|66/100
|-ability|p1a: Corviknight|Pressure
|
|upkeep
|turn|48
|
|t:|1760395920
|move|p2a: Thundurus|Taunt|p1a: Corviknight
|-start|p1a: Corviknight|move: Taunt
|cant|p1a: Corviknight|move: Taunt|Iron Defense
|
|upkeep
|turn|49
|
|t:|1760395930
|switch|p1a: Toxapex|Toxapex, F, shiny|100/100
|move|p2a: Thundurus|Electric Terrain|p2a: Thundurus
|-fieldstart|move: Electric Terrain
|
|upkeep
|turn|50
|
|t:|1760395935
|move|p2a: Thundurus|Taunt|p1a: Toxapex
|-start|p1a: Toxapex|move: Taunt
|cant|p1a: Toxapex|move: Taunt|Toxic
|
|upkeep
|turn|51
|
|t:|1760395944
|switch|p1a: Corviknight|Corviknight, F, shiny|66/100
|-ability|p1a: Corviknight|Pressure
|move|p2a: Thundurus|Thunder Wave|p1a: Corviknight
|-status|p1a: Corviknight|par
|
|upkeep
|turn|52
|
|t:|1760395952
|move|p2a: Thundurus|Taunt|p1a: Corviknight
|-start|p1a: Corviknight|move: Taunt
|move|p1a: Corviknight|Body Press|p2a: Thundurus
|-resisted|p2a: Thundurus
|-damage|p2a: Thundurus|48/100
|
|upkeep
|turn|53
|
|t:|1760395960
|move|p2a: Thundurus|U-turn|p1a: Corviknight
|-resisted|p1a: Corviknight
|-damage|p1a: Corviknight|63/100 par
|
|t:|1760395977
|switch|p2a: Raging Bolt|Raging Bolt|100/100|[from] U-turn
|cant|p1a: Corviknight|par
|
|-fieldend|move: Electric Terrain
|upkeep
|turn|54
|
|t:|1760395993
|switch|p1a: Toxapex|Toxapex, F, shiny|100/100
|move|p2a: Raging Bolt|Volt Switch|p1a: Toxapex
|-supereffective|p1a: Toxapex
|-damage|p1a: Toxapex|27/100
|
|t:|1760396000
|-end|p2a: Raging Bolt|Protosynthesis|[silent]
|switch|p2a: Iron Crown|Iron Crown, tera:Fighting|77/100|[from] Volt Switch
|
|-heal|p1a: Toxapex|33/100|[from] item: Leftovers
|upkeep
|turn|55
|
|t:|1760396006
|move|p2a: Iron Crown|Volt Switch|p1a: Toxapex
|-supereffective|p1a: Toxapex
|-damage|p1a: Toxapex|1/100
|
|t:|1760396010
|-end|p2a: Iron Crown|Quark Drive|[silent]
|switch|p2a: Iron Treads|Iron Treads|29/100|[from] Volt Switch
|move|p1a: Toxapex|Recover|p1a: Toxapex
|-heal|p1a: Toxapex|51/100
|
|-heal|p1a: Toxapex|58/100|[from] item: Leftovers
|upkeep
|turn|56
|
|t:|1760396024
|-end|p2a: Iron Treads|Quark Drive|[silent]
|switch|p2a: Thundurus|Thundurus, M|48/100
|switch|p1a: Corviknight|Corviknight, F, shiny|63/100 par
|-ability|p1a: Corviknight|Pressure
|
|upkeep
|turn|57
|
|t:|1760396031
|move|p2a: Thundurus|Taunt|p1a: Corviknight
|-start|p1a: Corviknight|move: Taunt
|cant|p1a: Corviknight|par
|
|upkeep
|turn|58
|
|t:|1760396037
|move|p2a: Thundurus|Electric Terrain|p2a: Thundurus
|-fieldstart|move: Electric Terrain
|move|p1a: Corviknight|Body Press|p2a: Thundurus
|-resisted|p2a: Thundurus
|-damage|p2a: Thundurus|36/100
|
|upkeep
|turn|59
|
|t:|1760396055
|move|p2a: Thundurus|U-turn|p1a: Corviknight
|-resisted|p1a: Corviknight
|-damage|p1a: Corviknight|61/100 par
|
|t:|1760396058
|switch|p2a: Raging Bolt|Raging Bolt|100/100|[from] U-turn
|cant|p1a: Corviknight|par
|
|-end|p1a: Corviknight|move: Taunt
|upkeep
|turn|60
|
|t:|1760396078
|switch|p1a: Blissey|Blissey, F, tera:Dark|29/100
|move|p2a: Raging Bolt|Rising Voltage|p1a: Blissey
|-hint|Rising Voltage's BP doubled on grounded target.
|-damage|p1a: Blissey|0 fnt
|faint|p1a: Blissey
|
|upkeep
|
|t:|1760396090
|switch|p1a: Dondozo|Dondozo, F, shiny|100/100
|turn|61
|
|t:|1760396094
|move|p2a: Raging Bolt|Rising Voltage|p1a: Dondozo
|-hint|Rising Voltage's BP doubled on grounded target.
|-supereffective|p1a: Dondozo
|-damage|p1a: Dondozo|0 fnt
|faint|p1a: Dondozo
|
|upkeep
|
|t:|1760396097
|switch|p1a: Toxapex|Toxapex, F, shiny|91/100
|turn|62
|
|t:|1760396101
|move|p2a: Raging Bolt|Rising Voltage|p1a: Toxapex
|-hint|Rising Voltage's BP doubled on grounded target.
|-supereffective|p1a: Toxapex
|-damage|p1a: Toxapex|0 fnt
|faint|p1a: Toxapex
|
|-fieldend|move: Electric Terrain
|upkeep
|-message|destined1jnp forfeited.
|
|win|Galladeyaoi
|raw|destined1jnp's rating: 1339 &rarr; <strong>1319</strong><br />(-20 for losing)
|raw|Galladeyaoi's rating: 1337 &rarr; <strong>1357</strong><br />(+20 for winning)
|c|☆Galladeyaoi|Ggwp!
|l|‽destined1jnp
|player|p1|
