|j|☆ardaaaaaa
|j|☆PkmnMstrBob
|t:|1760372308
|gametype|singles
|player|p1|ardaaaaaa|idol|1091
|player|p2|PkmnMstrBob|266|1098
|gen|9
|tier|[Gen 9] OU
|rated|
|rule|HP Percentage Mod: HP is shown in percentages
|rule|Endless Battle Clause: Forcing endless battles is banned
|rule|Species Clause: Limit one of each Pokémon
|rule|OHKO Clause: OHKO moves are banned
|rule|Evasion Items Clause: Evasion items are banned
|rule|Evasion Moves Clause: Evasion moves are banned
|rule|Evasion Abilities Clause: Evasion abilities are banned
|rule|Sleep Moves Clause: Sleep-inducing moves are banned
|clearpoke
|poke|p1|Latias, F|
|poke|p1|Latios, M|
|poke|p1|Pachirisu, F|
|poke|p1|Ribombee, F|
|poke|p1|Shaymin|
|poke|p1|Mimikyu, F|
|poke|p2|Kyurem|
|poke|p2|Gholdengo|
|poke|p2|Skeledirge, M|
|poke|p2|Meowscarada, M|
|poke|p2|Gastrodon, F|
|poke|p2|Azumarill, M|
|teampreview
|inactive|Battle timer is ON: inactive players will automatically lose when time's up. (requested by ardaaaaaa)
|
|t:|1760372323
|teamsize|p1|6
|teamsize|p2|6
|start
|switch|p1a: Pachirisu|Pachirisu, F|100/100
|switch|p2a: Meowscarada|Meowscarada, M|100/100
|turn|1
|
|t:|1760372333
|move|p2a: Meowscarada|Knock Off|p1a: Pachirisu
|-start|p2a: Meowscarada|typechange|Dark|[from] ability: Protean
|-damage|p1a: Pachirisu|8/100
|-enditem|p1a: Pachirisu|Leftovers|[from] move: Knock Off|[of] p2a: Meowscarada
|move|p1a: Pachirisu|U-turn|p2a: Meowscarada
|-supereffective|p2a: Meowscarada
|-damage|p2a: Meowscarada|76/100
|
|t:|1760372344
|switch|p1a: Ribombee|Ribombee, F|100/100|[from] U-turn
|
|upkeep
|turn|2
|
|t:|1760372357
|switch|p2a: Azumarill|Azumarill, M|100/100
|move|p1a: Ribombee|Sticky Web|p2a: Azumarill
|-sidestart|p2: PkmnMstrBob|move: Sticky Web
|
|upkeep
|turn|3
|
|t:|1760372364
|move|p1a: Ribombee|Stun Spore|p2a: Azumarill
|-status|p2a: Azumarill|par
|move|p2a: Azumarill|Play Rough|p1a: Ribombee
|-enditem|p1a: Ribombee|Focus Sash
|-damage|p1a: Ribombee|1/100
|
|upkeep
|turn|4
|
|t:|1760372387
|move|p2a: Azumarill|Aqua Jet|p1a: Ribombee
|-damage|p1a: Ribombee|0 fnt
|faint|p1a: Ribombee
|
|upkeep
|
|t:|1760372402
|switch|p1a: Pachirisu|Pachirisu, F|8/100
|turn|5
|
|t:|1760372423
|move|p1a: Pachirisu|Protect|p1a: Pachirisu
|-singleturn|p1a: Pachirisu|Protect
|move|p2a: Azumarill|Aqua Jet|p1a: Pachirisu
|-activate|p1a: Pachirisu|move: Protect
|
|upkeep
|turn|6
|
|t:|1760372428
|cant|p2a: Azumarill|par
|move|p1a: Pachirisu|Nuzzle|p2a: Azumarill
|-supereffective|p2a: Azumarill
|-damage|p2a: Azumarill|93/100 par
|
|upkeep
|turn|7
|
|t:|1760372434
|move|p1a: Pachirisu|Protect|p1a: Pachirisu
|-singleturn|p1a: Pachirisu|Protect
|cant|p2a: Azumarill|par
|
|upkeep
|turn|8
|
|t:|1760372439
|move|p2a: Azumarill|Aqua Jet|p1a: Pachirisu
|-damage|p1a: Pachirisu|0 fnt
|faint|p1a: Pachirisu
|
|upkeep
|
|t:|1760372449
|switch|p1a: Shaymin|Shaymin|100/100
|turn|9
|inactive|PkmnMstrBob has 120 seconds left.
|
|t:|1760372488
|move|p1a: Shaymin|Seed Flare|p2a: Azumarill
|-supereffective|p2a: Azumarill
|-crit|p2a: Azumarill
|-damage|p2a: Azumarill|0 fnt
|faint|p2a: Azumarill
|
|upkeep
|
|t:|1760372494
|switch|p2a: Skeledirge|Skeledirge, M|100/100
|-activate|p2a: Skeledirge|move: Sticky Web
|-unboost|p2a: Skeledirge|spe|1
|turn|10
|
|t:|1760372502
|move|p1a: Shaymin|Earth Power|p2a: Skeledirge
|-supereffective|p2a: Skeledirge
|-damage|p2a: Skeledirge|61/100
|move|p2a: Skeledirge|Torch Song|p1a: Shaymin
|-supereffective|p1a: Shaymin
|-damage|p1a: Shaymin|44/100
|-boost|p2a: Skeledirge|spa|1
|
|-heal|p1a: Shaymin|50/100|[from] item: Leftovers
|-heal|p2a: Skeledirge|67/100|[from] item: Leftovers
|upkeep
|turn|11
|
|t:|1760372512
|-terastallize|p2a: Skeledirge|Fairy
|move|p1a: Shaymin|Earth Power|p2a: Skeledirge
|-damage|p2a: Skeledirge|48/100
|move|p2a: Skeledirge|Torch Song|p1a: Shaymin
|-supereffective|p1a: Shaymin
|-damage|p1a: Shaymin|0 fnt
|-boost|p2a: Skeledirge|spa|1
|faint|p1a: Shaymin
|
|-heal|p2a: Skeledirge|54/100|[from] item: Leftovers
|upkeep
|
|t:|1760372519
|switch|p1a: Mimikyu|Mimikyu, F|100/100
|turn|12
|
|t:|1760372525
|move|p1a: Mimikyu|Swords Dance|p1a: Mimikyu
|-boost|p1a: Mimikyu|atk|2
|move|p2a: Skeledirge|Slack Off|p2a: Skeledirge
|-heal|p2a: Skeledirge|100/100
|
|upkeep
|turn|13
|
|t:|1760372533
|move|p1a: Mimikyu|Swords Dance|p1a: Mimikyu
|-boost|p1a: Mimikyu|atk|2
|move|p2a: Skeledirge|Hex|p1a: Mimikyu
|-activate|p1a: Mimikyu|ability: Disguise
|-damage|p1a: Mimikyu|100/100
|detailschange|p1a: Mimikyu|Mimikyu-Busted, F
|-damage|p1a: Mimikyu|88/100|[from] pokemon: Mimikyu-Busted
|
|upkeep
|turn|14
|
|t:|1760372542
|move|p1a: Mimikyu|Shadow Claw|p2a: Skeledirge
|-damage|p2a: Skeledirge|71/100
|-damage|p1a: Mimikyu|78/100|[from] item: Life Orb
|move|p2a: Skeledirge|Torch Song|p1a: Mimikyu
|-damage|p1a: Mimikyu|2/100
|-boost|p2a: Skeledirge|spa|1
|
|-heal|p2a: Skeledirge|77/100|[from] item: Leftovers
|upkeep
|turn|15
|
|t:|1760372553
|move|p1a: Mimikyu|Play Rough|p2a: Skeledirge
|-damage|p2a: Skeledirge|38/100
|-damage|p1a: Mimikyu|0 fnt|[from] item: Life Orb
|faint|p1a: Mimikyu
|move|p2a: Skeledirge|Slack Off|p2a: Skeledirge
|-heal|p2a: Skeledirge|88/100
|
|-heal|p2a: Skeledirge|94/100|[from] item: Leftovers
|upkeep
|
|t:|1760372559
|switch|p1a: Latias|Latias, F|100/100
|turn|16
|
|t:|1760372569
|move|p1a: Latias|Calm Mind|p1a: Latias
|-boost|p1a: Latias|spa|1
|-boost|p1a: Latias|spd|1
|move|p2a: Skeledirge|Hex|p1a: Latias
|-supereffective|p1a: Latias
|-damage|p1a: Latias|13/100
|
|-heal|p1a: Latias|19/100|[from] item: Leftovers
|-heal|p2a: Skeledirge|99/100|[from] item: Leftovers
|upkeep
|turn|17
|
|t:|1760372580
|move|p1a: Latias|Aura Sphere|p2a: Skeledirge
|-resisted|p2a: Skeledirge
|-damage|p2a: Skeledirge|93/100
|move|p2a: Skeledirge|Torch Song|p1a: Latias
|-resisted|p1a: Latias
|-damage|p1a: Latias|0 fnt
|-boost|p2a: Skeledirge|spa|1
|faint|p1a: Latias
|
|-heal|p2a: Skeledirge|99/100|[from] item: Leftovers
|upkeep
|
|t:|1760372583
|switch|p1a: Latios|Latios, M|100/100
|turn|18
|
|t:|1760372594
|-terastallize|p1a: Latios|Fairy
|move|p1a: Latios|Psychic|p2a: Skeledirge
|-damage|p2a: Skeledirge|55/100
|move|p2a: Skeledirge|Hex|p1a: Latios
|-damage|p1a: Latios|27/100
|
|-heal|p2a: Skeledirge|62/100|[from] item: Leftovers
|upkeep
|turn|19
|
|t:|1760372602
|move|p1a: Latios|Psychic|p2a: Skeledirge
|-damage|p2a: Skeledirge|20/100
|move|p2a: Skeledirge|Torch Song|p1a: Latios
|-damage|p1a: Latios|0 fnt
|-boost|p2a: Skeledirge|spa|1
|faint|p1a: Latios
|
|win|PkmnMstrBob
|raw|ardaaaaaa's rating: 1091 &rarr; <strong>1068</strong><br />(-23 for losing)
|raw|PkmnMstrBob's rating: 1098 &rarr; <strong>1123</strong><br />(+25 for winning)
|l|☆ardaaaaaa
|player|p1|
|l|☆PkmnMstrBob
|player|p2|
