|j|‽icemelon1919
|j|☆Andrewtre
|t:|1760393153
|gametype|singles
|player|p1|icemelon1919|ghetsis|1163
|player|p2|Andrewtre|psychic|1130
|gen|9
|tier|[Gen 9] OU
|rated|
|rule|HP Percentage Mod: HP is shown in percentages
|rule|Endless Battle Clause: Forcing endless battles is banned
|rule|Species Clause: Limit one of each Pokémon
|rule|OHKO Clause: OHKO moves are banned
|rule|Evasion Items Clause: Evasion items are banned
|rule|Evasion Moves Clause: Evasion moves are banned
|rule|Evasion Abilities Clause: Evasion abilities are banned
|rule|Sleep Moves Clause: Sleep-inducing moves are banned
|clearpoke
|poke|p1|Tyranitar, F|
|poke|p1|Excadrill, F|
|poke|p1|Keldeo-Resolute|
|poke|p1|Tornadus-Therian, M|
|poke|p1|Heatran, M|
|poke|p1|Hydrapple, M|
|poke|p2|Slowking, F|
|poke|p2|Farigiraf, M|
|poke|p2|Hatterene, F|
|poke|p2|Gengar, F|
|poke|p2|Golurk|
|poke|p2|Golduck, M|
|teampreview
|inactive|Battle timer is ON: inactive players will automatically lose when time's up. (requested by Andrewtre)
|
|t:|1760393163
|teamsize|p1|6
|teamsize|p2|6
|start
|switch|p1a: Tornadus|Tornadus-Therian, M|100/100
|switch|p2a: Hatterene|Hatterene, F|100/100
|turn|1
|
|t:|1760393182
|switch|p1a: Heatran|Heatran, M|100/100
|move|p2a: Hatterene|Trick Room|p2a: Hatterene
|-fieldstart|move: Trick Room|[of] p2a: Hatterene
|
|upkeep
|turn|2
|
|t:|1760393191
|move|p2a: Hatterene|Psychic|p1a: Heatran
|-resisted|p1a: Heatran
|-damage|p1a: Heatran|83/100
|move|p1a: Heatran|Magma Storm|p2a: Hatterene
|-damage|p2a: Hatterene|57/100
|-activate|p2a: Hatterene|move: Magma Storm|[of] p1a: Heatran
|
|-heal|p1a: Heatran|90/100|[from] item: Leftovers
|-damage|p2a: Hatterene|45/100|[from] move: Magma Storm|[partiallytrapped]
|upkeep
|turn|3
|
|t:|1760393202
|move|p2a: Hatterene|Psychic|p1a: Heatran
|-resisted|p1a: Heatran
|-damage|p1a: Heatran|72/100
|move|p1a: Heatran|Earth Power|p2a: Hatterene
|-damage|p2a: Hatterene|19/100
|-unboost|p2a: Hatterene|spd|1
|
|-heal|p1a: Heatran|78/100|[from] item: Leftovers
|-damage|p2a: Hatterene|6/100|[from] move: Magma Storm|[partiallytrapped]
|upkeep
|turn|4
|
|t:|1760393216
|move|p2a: Hatterene|Draining Kiss|p1a: Heatran
|-resisted|p1a: Heatran
|-damage|p1a: Heatran|74/100
|-heal|p2a: Hatterene|11/100|[from] drain|[of] p1a: Heatran
|move|p1a: Heatran|Taunt|p2a: Hatterene
|move|p2a: Hatterene|Taunt|p1a: Heatran|[from] ability: Magic Bounce
|-start|p1a: Heatran|move: Taunt
|
|-heal|p1a: Heatran|80/100|[from] item: Leftovers
|-damage|p2a: Hatterene|0 fnt|[from] move: Magma Storm|[partiallytrapped]
|faint|p2a: Hatterene
|upkeep
|
|t:|1760393219
|switch|p2a: Golurk|Golurk|100/100
|turn|5
|
|t:|1760393230
|switch|p1a: Tornadus|Tornadus-Therian, M|100/100
|move|p2a: Golurk|Stealth Rock|p1a: Tornadus
|-sidestart|p1: icemelon1919|move: Stealth Rock
|
|-fieldend|move: Trick Room
|upkeep
|turn|6
|
|t:|1760393237
|move|p1a: Tornadus|U-turn|p2a: Golurk
|-resisted|p2a: Golurk
|-damage|p2a: Golurk|93/100
|
|t:|1760393245
|switch|p1a: Keldeo|Keldeo-Resolute|100/100|[from] U-turn
|-damage|p1a: Keldeo|94/100|[from] Stealth Rock
|move|p2a: Golurk|Poltergeist|p1a: Keldeo
|-activate|p1a: Keldeo|move: Poltergeist|Choice Specs
|-crit|p1a: Keldeo
|-damage|p1a: Keldeo|0 fnt
|faint|p1a: Keldeo
|-damage|p2a: Golurk|83/100|[from] item: Life Orb
|
|upkeep
|
|t:|1760393252
|switch|p1a: Tyranitar|Tyranitar, F|100/100
|-damage|p1a: Tyranitar|88/100|[from] Stealth Rock
|-weather|Sandstorm|[from] ability: Sand Stream|[of] p1a: Tyranitar
|turn|7
|
|t:|1760393263
|-terastallize|p1a: Tyranitar|Flying
|-terastallize|p2a: Golurk|Fighting
|move|p1a: Tyranitar|Knock Off|p2a: Golurk
|-resisted|p2a: Golurk
|-damage|p2a: Golurk|35/100
|-enditem|p2a: Golurk|Life Orb|[from] move: Knock Off|[of] p1a: Tyranitar
|move|p2a: Golurk|Dynamic Punch|p1a: Tyranitar
|-resisted|p1a: Tyranitar
|-damage|p1a: Tyranitar|65/100
|-start|p1a: Tyranitar|confusion
|
|-weather|Sandstorm|[upkeep]
|-damage|p1a: Tyranitar|59/100|[from] Sandstorm
|-damage|p2a: Golurk|29/100|[from] Sandstorm
|upkeep
|turn|8
|
|t:|1760393279
|switch|p2a: Slowking|Slowking, F|100/100
|-activate|p1a: Tyranitar|confusion
|move|p1a: Tyranitar|Knock Off|p2a: Slowking
|-supereffective|p2a: Slowking
|-damage|p2a: Slowking|0 fnt
|-enditem|p2a: Slowking|Life Orb|[from] move: Knock Off|[of] p1a: Tyranitar
|faint|p2a: Slowking
|
|-weather|Sandstorm|[upkeep]
|-damage|p1a: Tyranitar|52/100|[from] Sandstorm
|upkeep
|
|t:|1760393285
|switch|p2a: Golduck|Golduck, M, shiny|100/100
|turn|9
|
|t:|1760393291
|switch|p1a: Hydrapple|Hydrapple, M|100/100
|-damage|p1a: Hydrapple|88/100|[from] Stealth Rock
|move|p2a: Golduck|Rain Dance|p2a: Golduck
|-weather|RainDance
|
|-weather|RainDance|[upkeep]
|upkeep
|turn|10
|
|t:|1760393300
|switch|p1a: Tyranitar|Tyranitar, F, tera:Flying|52/100
|-damage|p1a: Tyranitar|27/100|[from] Stealth Rock
|-weather|Sandstorm|[from] ability: Sand Stream|[of] p1a: Tyranitar
|move|p2a: Golduck|Ice Beam|p1a: Tyranitar
|-supereffective|p1a: Tyranitar
|-damage|p1a: Tyranitar|0 fnt
|faint|p1a: Tyranitar
|
|-weather|Sandstorm|[upkeep]
|-damage|p2a: Golduck|95/100|[from] Sandstorm
|upkeep
|
|t:|1760393308
|switch|p1a: Excadrill|Excadrill, F|100/100
|-damage|p1a: Excadrill|97/100|[from] Stealth Rock
|-item|p1a: Excadrill|Air Balloon
|turn|11
|
|t:|1760393314
|move|p1a: Excadrill|Earthquake|p2a: Golduck
|-damage|p2a: Golduck|6/100
|move|p2a: Golduck|Rain Dance|p2a: Golduck
|-weather|RainDance
|
|-weather|RainDance|[upkeep]
|upkeep
|turn|12
|
|t:|1760393334
|move|p2a: Golduck|Surf|p1a: Excadrill
|-supereffective|p1a: Excadrill
|-damage|p1a: Excadrill|0 fnt
|-enditem|p1a: Excadrill|Air Balloon
|faint|p1a: Excadrill
|
|-weather|RainDance|[upkeep]
|upkeep
|
|t:|1760393340
|switch|p1a: Tornadus|Tornadus-Therian, M|100/100
|turn|13
|
|t:|1760393345
|switch|p1a: Heatran|Heatran, M|80/100
|-damage|p1a: Heatran|67/100|[from] Stealth Rock
|move|p2a: Golduck|Surf|p1a: Heatran
|-supereffective|p1a: Heatran
|-damage|p1a: Heatran|0 fnt
|faint|p1a: Heatran
|
|-weather|RainDance|[upkeep]
|upkeep
|
|t:|1760393350
|switch|p1a: Tornadus|Tornadus-Therian, M|100/100
|turn|14
|
|t:|1760393352
|move|p2a: Golduck|Ice Beam|p1a: Tornadus
|-supereffective|p1a: Tornadus
|-damage|p1a: Tornadus|40/100
|move|p1a: Tornadus|Bleakwind Storm|p2a: Golduck
|-damage|p2a: Golduck|0 fnt
|faint|p2a: Golduck
|
|-weather|RainDance|[upkeep]
|upkeep
|
|t:|1760393360
|switch|p2a: Gengar|Gengar, F, shiny|100/100
|turn|15
|
|t:|1760393367
|switch|p1a: Hydrapple|Hydrapple, M|100/100
|-damage|p1a: Hydrapple|88/100|[from] Stealth Rock
|move|p2a: Gengar|Sludge Bomb|p1a: Hydrapple
|-supereffective|p1a: Hydrapple
|-damage|p1a: Hydrapple|0 fnt
|faint|p1a: Hydrapple
|
|-weather|none
|upkeep
|
|t:|1760393373
|switch|p1a: Tornadus|Tornadus-Therian, M|73/100
|turn|16
|
|t:|1760393379
|move|p2a: Gengar|Sludge Bomb|p1a: Tornadus
|-damage|p1a: Tornadus|22/100
|move|p1a: Tornadus|Bleakwind Storm|p2a: Gengar
|-damage|p2a: Gengar|44/100
|
|upkeep
|turn|17
|
|t:|1760393388
|move|p2a: Gengar|Sludge Bomb|p1a: Tornadus
|-damage|p1a: Tornadus|0 fnt
|faint|p1a: Tornadus
|
|win|Andrewtre
|raw|icemelon1919's rating: 1163 &rarr; <strong>1136</strong><br />(-27 for losing)
|raw|Andrewtre's rating: 1130 &rarr; <strong>1157</strong><br />(+27 for winning)
|l|‽icemelon1919
|player|p1|
|l|☆Andrewtre
|player|p2|
