|j|☆Tonni stark
|j|☆goblinbastard
|t:|1760444329
|gametype|singles
|player|p1|Tonni stark|2|1422
|player|p2|goblinbastard|roxie|1365
|gen|9
|tier|[Gen 9] OU
|rated|
|rule|HP Percentage Mod: HP is shown in percentages
|rule|Endless Battle Clause: Forcing endless battles is banned
|rule|Species Clause: Limit one of each Pokémon
|rule|OHKO Clause: OHKO moves are banned
|rule|Evasion Items Clause: Evasion items are banned
|rule|Evasion Moves Clause: Evasion moves are banned
|rule|Evasion Abilities Clause: Evasion abilities are banned
|rule|Sleep Moves Clause: Sleep-inducing moves are banned
|clearpoke
|poke|p1|Pecharunt|
|poke|p1|Yanmega, M|
|poke|p1|Clefable, M|
|poke|p1|Cryogonal|
|poke|p1|Blaziken, M|
|poke|p1|Quaquaval, M|
|poke|p2|Cinderace, F|
|poke|p2|Landorus-Therian, M|
|poke|p2|Kyurem|
|poke|p2|Slowking-Galar, M|
|poke|p2|Scizor, F|
|poke|p2|Dragapult, F|
|teampreview
|inactive|Battle timer is ON: inactive players will automatically lose when time's up. (requested by Tonni stark)
|
|t:|1760444345
|teamsize|p1|6
|teamsize|p2|6
|start
|switch|p1a: Quaquaval|Quaquaval, M, shiny|100/100
|switch|p2a: Paul Gender|Landorus-Therian, M, shiny|100/100
|-ability|p2a: Paul Gender|Intimidate|boost
|-unboost|p1a: Quaquaval|atk|1
|turn|1
|
|t:|1760444352
|move|p1a: Quaquaval|Triple Axel|p2a: Paul Gender
|-supereffective|p2a: Paul Gender
|-damage|p2a: Paul Gender|83/100
|-damage|p1a: Quaquaval|84/100|[from] item: Rocky Helmet|[of] p2a: Paul Gender
|-supereffective|p2a: Paul Gender
|-damage|p2a: Paul Gender|47/100
|-damage|p1a: Quaquaval|68/100|[from] item: Rocky Helmet|[of] p2a: Paul Gender
|-supereffective|p2a: Paul Gender
|-damage|p2a: Paul Gender|0 fnt
|-damage|p1a: Quaquaval|51/100|[from] item: Rocky Helmet|[of] p2a: Paul Gender
|faint|p2a: Paul Gender
|-ability|p1a: Quaquaval|Moxie|boost
|-boost|p1a: Quaquaval|atk|1
|-hitcount|p2: Paul Gender|3
|
|upkeep
|
|t:|1760444364
|switch|p2a: Dragapult|Dragapult, F|100/100
|turn|2
|
|t:|1760444370
|move|p2a: Dragapult|Shadow Ball|p1a: Quaquaval
|-damage|p1a: Quaquaval|0 fnt
|faint|p1a: Quaquaval
|
|upkeep
|
|t:|1760444373
|switch|p1a: Cryogonal|Cryogonal|100/100
|turn|3
|
|t:|1760444380
|switch|p2a: Scizor|Scizor, F|100/100
|move|p1a: Cryogonal|Frost Breath|p2a: Scizor
|-resisted|p2a: Scizor
|-crit|p2a: Scizor
|-damage|p2a: Scizor|79/100
|
|-heal|p2a: Scizor|85/100|[from] item: Leftovers
|upkeep
|turn|4
|
|t:|1760444392
|switch|p1a: Pecharunt|Pecharunt|100/100
|move|p2a: Scizor|U-turn|p1a: Pecharunt
|-resisted|p1a: Pecharunt
|-damage|p1a: Pecharunt|94/100
|
|t:|1760444396
|switch|p2a: Dragapult|Dragapult, F|100/100|[from] U-turn
|
|-heal|p1a: Pecharunt|100/100|[from] item: Leftovers
|upkeep
|turn|5
|
|t:|1760444400
|-terastallize|p1a: Pecharunt|Normal
|move|p2a: Dragapult|Shadow Ball|p1a: Pecharunt
|-immune|p1a: Pecharunt
|move|p1a: Pecharunt|Nasty Plot|p1a: Pecharunt
|-boost|p1a: Pecharunt|spa|2
|
|upkeep
|turn|6
|
|t:|1760444419
|switch|p2a: purpo:)|Slowking-Galar, M, shiny|100/100
|move|p1a: Pecharunt|Shadow Ball|p2a: purpo:)
|-supereffective|p2a: purpo:)
|-damage|p2a: purpo:)|14/100
|-unboost|p2a: purpo:)|spd|1
|
|-heal|p2a: purpo:)|21/100|[from] item: Leftovers
|upkeep
|turn|7
|
|t:|1760444432
|move|p1a: Pecharunt|Shadow Ball|p2a: purpo:)
|-supereffective|p2a: purpo:)
|-damage|p2a: purpo:)|0 fnt
|faint|p2a: purpo:)
|
|upkeep
|
|t:|1760444438
|switch|p2a: Dragapult|Dragapult, F|100/100
|turn|8
|
|t:|1760444442
|-terastallize|p2a: Dragapult|Dragon
|move|p2a: Dragapult|Draco Meteor|p1a: Pecharunt
|-damage|p1a: Pecharunt|0 fnt
|-unboost|p2a: Dragapult|spa|2
|faint|p1a: Pecharunt
|
|upkeep
|
|t:|1760444447
|switch|p1a: Cryogonal|Cryogonal|100/100
|turn|9
|
|t:|1760444455
|switch|p2a: bwwww|Kyurem, shiny|100/100
|-ability|p2a: bwwww|Pressure
|switch|p1a: Blaziken|Blaziken, M, shiny|100/100
|
|upkeep
|turn|10
|
|t:|1760444464
|move|p2a: bwwww|Substitute|p2a: bwwww
|-start|p2a: bwwww|Substitute
|-damage|p2a: bwwww|76/100
|move|p1a: Blaziken|Aura Sphere|p2a: bwwww
|-supereffective|p2a: bwwww
|-end|p2a: bwwww|Substitute
|-damage|p1a: Blaziken|91/100|[from] item: Life Orb
|
|-heal|p2a: bwwww|82/100|[from] item: Leftovers
|-ability|p1a: Blaziken|Speed Boost|boost
|-boost|p1a: Blaziken|spe|1
|upkeep
|turn|11
|
|t:|1760444469
|move|p1a: Blaziken|Aura Sphere|p2a: bwwww
|-supereffective|p2a: bwwww
|-damage|p2a: bwwww|0 fnt
|faint|p2a: bwwww
|-damage|p1a: Blaziken|81/100|[from] item: Life Orb
|
|-ability|p1a: Blaziken|Speed Boost|boost
|-boost|p1a: Blaziken|spe|1
|upkeep
|
|t:|1760444477
|switch|p2a: Kristine|Cinderace, F, shiny|100/100
|turn|12
|
|t:|1760444480
|move|p1a: Blaziken|Aura Sphere|p2a: Kristine
|-damage|p2a: Kristine|37/100
|-damage|p1a: Blaziken|71/100|[from] item: Life Orb
|move|p2a: Kristine|High Jump Kick|p1a: Blaziken
|-start|p2a: Kristine|typechange|Fighting|[from] ability: Libero
|-damage|p1a: Blaziken|0 fnt
|faint|p1a: Blaziken
|
|upkeep
|
|t:|1760444486
|switch|p1a: Yanmega|Yanmega, M, shiny|100/100
|turn|13
|
|t:|1760444494
|move|p1a: Yanmega|Protect|p1a: Yanmega
|-singleturn|p1a: Yanmega|Protect
|move|p2a: Kristine|Pyro Ball|p1a: Yanmega
|-activate|p1a: Yanmega|move: Protect
|
|-ability|p1a: Yanmega|Speed Boost|boost
|-boost|p1a: Yanmega|spe|1
|upkeep
|turn|14
|
|t:|1760444497
|switch|p2a: Scizor|Scizor, F|85/100
|move|p1a: Yanmega|Bug Buzz|p2a: Scizor
|-resisted|p2a: Scizor
|-damage|p2a: Scizor|54/100
|-enditem|p1a: Yanmega|Throat Spray
|-boost|p1a: Yanmega|spa|1|[from] item: Throat Spray
|
|-heal|p2a: Scizor|60/100|[from] item: Leftovers
|-ability|p1a: Yanmega|Speed Boost|boost
|-boost|p1a: Yanmega|spe|1
|upkeep
|turn|15
|
|t:|1760444504
|move|p2a: Scizor|Bullet Punch|p1a: Yanmega
|-crit|p1a: Yanmega
|-damage|p1a: Yanmega|39/100
|move|p1a: Yanmega|Air Slash|p2a: Scizor
|-damage|p2a: Scizor|0 fnt
|faint|p2a: Scizor
|
|-ability|p1a: Yanmega|Speed Boost|boost
|-boost|p1a: Yanmega|spe|1
|upkeep
|
|t:|1760444510
|switch|p2a: Dragapult|Dragapult, F, tera:Dragon|100/100
|turn|16
|
|t:|1760444514
|move|p1a: Yanmega|Bug Buzz|p2a: Dragapult
|-damage|p2a: Dragapult|11/100
|move|p2a: Dragapult|Shadow Ball|p1a: Yanmega
|-damage|p1a: Yanmega|0 fnt
|faint|p1a: Yanmega
|
|upkeep
|
|t:|1760444518
|switch|p1a: Cryogonal|Cryogonal|100/100
|turn|17
|
|t:|1760444525
|switch|p2a: Kristine|Cinderace, F, shiny|37/100
|move|p1a: Cryogonal|Freeze-Dry|p2a: Kristine
|-resisted|p2a: Kristine
|-damage|p2a: Kristine|18/100
|
|upkeep
|turn|18
|
|t:|1760444531
|move|p2a: Kristine|Pyro Ball|p1a: Cryogonal
|-supereffective|p1a: Cryogonal
|-damage|p1a: Cryogonal|0 fnt
|faint|p1a: Cryogonal
|
|upkeep
|
|t:|1760444533
|switch|p1a: Clefable|Clefable, M|100/100
|turn|19
|
|t:|1760444538
|move|p2a: Kristine|U-turn|p1a: Clefable
|-start|p2a: Kristine|typechange|Bug|[from] ability: Libero
|-resisted|p1a: Clefable
|-damage|p1a: Clefable|88/100
|
|t:|1760444540
|switch|p2a: Dragapult|Dragapult, F, tera:Dragon|11/100|[from] U-turn
|move|p1a: Clefable|Moonblast|p2a: Dragapult
|-supereffective|p2a: Dragapult
|-damage|p2a: Dragapult|0 fnt
|faint|p2a: Dragapult
|
|-heal|p1a: Clefable|94/100|[from] item: Leftovers
|upkeep
|
|t:|1760444542
|switch|p2a: Kristine|Cinderace, F, shiny|18/100
|turn|20
|
|t:|1760444546
|move|p2a: Kristine|Pyro Ball|p1a: Clefable
|-damage|p1a: Clefable|48/100
|move|p1a: Clefable|Moonblast|p2a: Kristine
|-resisted|p2a: Kristine
|-damage|p2a: Kristine|0 fnt
|faint|p2a: Kristine
|
|win|Tonni stark
|raw|Tonni stark's rating: 1422 &rarr; <strong>1439</strong><br />(+17 for winning)
|raw|goblinbastard's rating: 1365 &rarr; <strong>1348</strong><br />(-17 for losing)
|l|☆goblinbastard
|player|p2|
|l|☆Tonni stark
|player|p1|
