|j|☆Stalphyr
|j|☆eech1221
|t:|1760452675
|gametype|singles
|player|p1|Stalphyr|169|1174
|player|p2|eech1221|265|1170
|gen|9
|tier|[Gen 9] OU
|rated|
|rule|HP Percentage Mod: HP is shown in percentages
|rule|Endless Battle Clause: Forcing endless battles is banned
|rule|Species Clause: Limit one of each Pokémon
|rule|OHKO Clause: OHKO moves are banned
|rule|Evasion Items Clause: Evasion items are banned
|rule|Evasion Moves Clause: Evasion moves are banned
|rule|Evasion Abilities Clause: Evasion abilities are banned
|rule|Sleep Moves Clause: Sleep-inducing moves are banned
|clearpoke
|poke|p1|Golurk|
|poke|p1|Ursaluna, F|
|poke|p1|Iron Moth|
|poke|p1|Kyurem|
|poke|p1|Scizor, M|
|poke|p1|Iron Jugulis|
|poke|p2|Mimikyu, F|
|poke|p2|Galvantula, F|
|poke|p2|Mismagius, F|
|poke|p2|Slowbro-Galar, F|
|poke|p2|Delphox, F|
|poke|p2|Malamar, F|
|teampreview
|inactive|Battle timer is ON: inactive players will automatically lose when time's up. (requested by Stalphyr)
|
|t:|1760452683
|teamsize|p1|6
|teamsize|p2|6
|start
|switch|p1a: Scizor|Scizor, M|100/100
|switch|p2a: Slowbro|Slowbro-Galar, F|100/100
|turn|1
|
|t:|1760452689
|move|p1a: Scizor|U-turn|p2a: Slowbro
|-damage|p2a: Slowbro|65/100
|
|t:|1760452693
|switch|p1a: Golurk|Golurk, shiny|100/100|[from] U-turn
|move|p2a: Slowbro|Thunder Wave|p1a: Golurk
|-immune|p1a: Golurk
|
|-heal|p2a: Slowbro|71/100|[from] item: Leftovers
|upkeep
|turn|2
|
|t:|1760452704
|move|p1a: Golurk|Poltergeist|p2a: Slowbro
|-activate|p2a: Slowbro|move: Poltergeist|Leftovers
|-supereffective|p2a: Slowbro
|-damage|p2a: Slowbro|0 fnt
|faint|p2a: Slowbro
|
|upkeep
|
|t:|1760452724
|switch|p2a: Mismagius|Mismagius, F|100/100
|turn|3
|
|t:|1760452727
|move|p2a: Mismagius|Shadow Ball|p1a: Golurk
|-supereffective|p1a: Golurk
|-damage|p1a: Golurk|40/100
|move|p1a: Golurk|Poltergeist|p2a: Mismagius
|-activate|p2a: Mismagius|move: Poltergeist|Leftovers
|-supereffective|p2a: Mismagius
|-damage|p2a: Mismagius|0 fnt
|faint|p2a: Mismagius
|
|upkeep
|
|t:|1760452742
|switch|p2a: Mimikyu|Mimikyu, F, shiny|100/100
|turn|4
|-activate|p2a: Mimikyu|item: Quick Claw
|
|t:|1760452747
|move|p2a: Mimikyu|Swords Dance|p2a: Mimikyu
|-boost|p2a: Mimikyu|atk|2
|move|p1a: Golurk|Poltergeist|p2a: Mimikyu
|-activate|p2a: Mimikyu|move: Poltergeist|Quick Claw
|-activate|p2a: Mimikyu|ability: Disguise
|-damage|p2a: Mimikyu|100/100
|detailschange|p2a: Mimikyu|Mimikyu-Busted, F, shiny
|-damage|p2a: Mimikyu|88/100|[from] pokemon: Mimikyu-Busted
|
|upkeep
|turn|5
|
|t:|1760452759
|move|p2a: Mimikyu|Shadow Sneak|p1a: Golurk
|-supereffective|p1a: Golurk
|-damage|p1a: Golurk|0 fnt
|faint|p1a: Golurk
|
|upkeep
|inactive|Stalphyr has 120 seconds left.
|
|t:|1760452793
|switch|p1a: Scizor|Scizor, M|100/100
|turn|6
|
|t:|1760452801
|-terastallize|p2a: Mimikyu|Fighting
|move|p1a: Scizor|Bullet Punch|p2a: Mimikyu
|-damage|p2a: Mimikyu|34/100
|move|p2a: Mimikyu|Drain Punch|p1a: Scizor
|-damage|p1a: Scizor|32/100
|-heal|p2a: Mimikyu|81/100|[from] drain|[of] p1a: Scizor
|
|upkeep
|turn|7
|inactive|Stalphyr has 120 seconds left.
|
|t:|1760452833
|move|p2a: Mimikyu|Shadow Sneak|p1a: Scizor
|-damage|p1a: Scizor|0 fnt
|faint|p1a: Scizor
|
|upkeep
|
|t:|1760452841
|switch|p1a: Iron Moth|Iron Moth|100/100
|-enditem|p1a: Iron Moth|Booster Energy
|-activate|p1a: Iron Moth|ability: Quark Drive|[fromitem]
|-start|p1a: Iron Moth|quarkdrivespa
|turn|8
|
|t:|1760452851
|move|p1a: Iron Moth|Dazzling Gleam|p2a: Mimikyu
|-supereffective|p2a: Mimikyu
|-damage|p2a: Mimikyu|0 fnt
|faint|p2a: Mimikyu
|
|upkeep
|
|t:|1760452862
|switch|p2a: Delphox|Delphox, F, shiny|100/100
|turn|9
|
|t:|1760452874
|-terastallize|p1a: Iron Moth|Ground
|move|p1a: Iron Moth|Tera Blast|p2a: Delphox|[anim] Tera Blast Ground
|-supereffective|p2a: Delphox
|-damage|p2a: Delphox|0 fnt
|faint|p2a: Delphox
|
|upkeep
|
|t:|1760452886
|switch|p2a: Malamar|Malamar, F|100/100
|turn|10
|
|t:|1760452910
|move|p1a: Iron Moth|Dazzling Gleam|p2a: Malamar
|-supereffective|p2a: Malamar
|-damage|p2a: Malamar|13/100
|move|p2a: Malamar|Superpower|p1a: Iron Moth
|-damage|p1a: Iron Moth|43/100
|-boost|p2a: Malamar|atk|1
|-boost|p2a: Malamar|def|1
|
|-heal|p2a: Malamar|19/100|[from] item: Leftovers
|upkeep
|turn|11
|
|t:|1760452919
|move|p1a: Iron Moth|Dazzling Gleam|p2a: Malamar
|-supereffective|p2a: Malamar
|-damage|p2a: Malamar|0 fnt
|faint|p2a: Malamar
|
|upkeep
|
|t:|1760452930
|switch|p2a: Galvantula|Galvantula, F, shiny|100/100
|turn|12
|
|t:|1760452950
|move|p1a: Iron Moth|Fiery Dance|p2a: Galvantula
|-supereffective|p2a: Galvantula
|-damage|p2a: Galvantula|0 fnt
|-boost|p1a: Iron Moth|spa|1
|faint|p2a: Galvantula
|
|win|Stalphyr
|raw|Stalphyr's rating: 1174 &rarr; <strong>1199</strong><br />(+25 for winning)
|raw|eech1221's rating: 1170 &rarr; <strong>1145</strong><br />(-25 for losing)
|l|☆Stalphyr
|player|p1|
|l|☆eech1221
|player|p2|
