|j|‽bepic223
|j|☆furkanbolukbasi
|t:|1760432685
|gametype|singles
|player|p1|bepic223|veteranf|1654
|player|p2|furkanbolukbasi|artist-gen4|1742
|gen|9
|tier|[Gen 9] OU
|rated|
|rule|HP Percentage Mod: HP is shown in percentages
|rule|Endless Battle Clause: Forcing endless battles is banned
|rule|Species Clause: Limit one of each Pokémon
|rule|OHKO Clause: OHKO moves are banned
|rule|Evasion Items Clause: Evasion items are banned
|rule|Evasion Moves Clause: Evasion moves are banned
|rule|Evasion Abilities Clause: Evasion abilities are banned
|rule|Sleep Moves Clause: Sleep-inducing moves are banned
|clearpoke
|poke|p1|Darkrai|
|poke|p1|Ogerpon-Wellspring, F|
|poke|p1|Hatterene, F|
|poke|p1|Slowking-Galar, F|
|poke|p1|Landorus-Therian, M|
|poke|p1|Kingambit, F|
|poke|p2|Gholdengo|
|poke|p2|Hatterene, F|
|poke|p2|Darkrai|
|poke|p2|Landorus-Therian, M|
|poke|p2|Dragonite, M|
|poke|p2|Zamazenta-*|
|teampreview
|inactive|Battle timer is ON: inactive players will automatically lose when time's up. (requested by bepic223)
|
|t:|1760432706
|teamsize|p1|6
|teamsize|p2|6
|start
|switch|p1a: Ogerpon|Ogerpon-Wellspring, F|100/100
|switch|p2a: Darkrai|Darkrai|100/100
|turn|1
|
|t:|1760432715
|move|p2a: Darkrai|Dark Pulse|p1a: Ogerpon
|-damage|p1a: Ogerpon|40/100
|move|p1a: Ogerpon|Ivy Cudgel|p2a: Darkrai|[anim] Ivy Cudgel Water
|-damage|p2a: Darkrai|26/100
|
|upkeep
|turn|2
|
|t:|1760432726
|switch|p1a: Kingambit|Kingambit, F|100/100
|move|p2a: Darkrai|Knock Off|p1a: Kingambit
|-resisted|p1a: Kingambit
|-damage|p1a: Kingambit|87/100
|-enditem|p1a: Kingambit|Leftovers|[from] move: Knock Off|[of] p2a: Darkrai
|
|upkeep
|turn|3
|
|t:|1760432735
|switch|p2a: Landorus|Landorus-Therian, M|100/100
|-ability|p2a: Landorus|Intimidate|boost
|-unboost|p1a: Kingambit|atk|1
|-end|p1a: Kingambit|fallenundefined|[silent]
|switch|p1a: Darkrai|Darkrai|100/100
|
|upkeep
|turn|4
|
|t:|1760432742
|switch|p2a: Hatterene|Hatterene, F|100/100
|move|p1a: Darkrai|Sludge Bomb|p2a: Hatterene
|-supereffective|p2a: Hatterene
|-damage|p2a: Hatterene|44/100
|
|upkeep
|turn|5
|
|t:|1760432751
|switch|p1a: Landorus|Landorus-Therian, M|100/100
|-ability|p1a: Landorus|Intimidate|boost
|-unboost|p2a: Hatterene|atk|1
|switch|p2a: Gholdengo|Gholdengo|100/100
|
|upkeep
|turn|6
|
|t:|1760432761
|switch|p2a: Landorus|Landorus-Therian, M|100/100
|-ability|p2a: Landorus|Intimidate|boost
|-unboost|p1a: Landorus|atk|1
|move|p1a: Landorus|U-turn|p2a: Landorus
|-resisted|p2a: Landorus
|-damage|p2a: Landorus|93/100
|-damage|p1a: Landorus|84/100|[from] item: Rocky Helmet|[of] p2a: Landorus
|
|t:|1760432771
|switch|p1a: Darkrai|Darkrai|100/100|[from] U-turn
|
|upkeep
|turn|7
|
|t:|1760432775
|switch|p2a: Hatterene|Hatterene, F|44/100
|move|p1a: Darkrai|Ice Beam|p2a: Hatterene
|-damage|p2a: Hatterene|14/100
|
|upkeep
|turn|8
|
|t:|1760432781
|move|p1a: Darkrai|Ice Beam|p2a: Hatterene
|-damage|p2a: Hatterene|0 fnt
|faint|p2a: Hatterene
|
|upkeep
|j| iamfrhaan007
|
|t:|1760432785
|switch|p2a: Gholdengo|Gholdengo|100/100
|turn|9
|
|t:|1760432793
|switch|p1a: Landorus|Landorus-Therian, M|84/100
|-ability|p1a: Landorus|Intimidate|boost
|-unboost|p2a: Gholdengo|atk|1
|move|p2a: Gholdengo|Make It Rain|p1a: Landorus
|-damage|p1a: Landorus|0 fnt
|-unboost|p2a: Gholdengo|spa|1
|faint|p1a: Landorus
|
|upkeep
|
|t:|1760432796
|switch|p1a: Darkrai|Darkrai|100/100
|turn|10
|
|t:|1760432807
|switch|p2a: Zamazenta|Zamazenta|100/100
|-ability|p2a: Zamazenta|Dauntless Shield|boost
|-boost|p2a: Zamazenta|def|1
|move|p1a: Darkrai|Dark Pulse|p2a: Zamazenta
|-resisted|p2a: Zamazenta
|-damage|p2a: Zamazenta|72/100
|
|-heal|p2a: Zamazenta|79/100|[from] item: Leftovers
|upkeep
|turn|11
|
|t:|1760432811
|switch|p2a: Landorus|Landorus-Therian, M|93/100
|-ability|p2a: Landorus|Intimidate|boost
|-unboost|p1a: Darkrai|atk|1
|switch|p1a: Hatterene|Hatterene, F|100/100
|
|upkeep
|turn|12
|
|t:|1760432821
|switch|p1a: Ogerpon|Ogerpon-Wellspring, F|40/100
|move|p2a: Landorus|Earthquake|p1a: Ogerpon
|-resisted|p1a: Ogerpon
|-damage|p1a: Ogerpon|10/100
|
|upkeep
|turn|13
|
|t:|1760432826
|switch|p2a: Zamazenta|Zamazenta|79/100
|move|p1a: Ogerpon|Ivy Cudgel|p2a: Zamazenta|[anim] Ivy Cudgel Water
|-damage|p2a: Zamazenta|35/100
|
|-heal|p2a: Zamazenta|41/100|[from] item: Leftovers
|upkeep
|turn|14
|
|t:|1760432853
|switch|p1a: Hatterene|Hatterene, F|100/100
|move|p2a: Zamazenta|Crunch|p1a: Hatterene
|-damage|p1a: Hatterene|81/100
|-damage|p2a: Zamazenta|25/100|[from] item: Rocky Helmet|[of] p1a: Hatterene
|
|-heal|p2a: Zamazenta|31/100|[from] item: Leftovers
|upkeep
|turn|15
|
|t:|1760432860
|switch|p2a: Gholdengo|Gholdengo|100/100
|move|p1a: Hatterene|Mystical Fire|p2a: Gholdengo
|-supereffective|p2a: Gholdengo
|-damage|p2a: Gholdengo|50/100
|-unboost|p2a: Gholdengo|spa|1
|
|upkeep
|turn|16
|
|t:|1760432863
|switch|p1a: Slowking|Slowking-Galar, F|100/100
|move|p2a: Gholdengo|Make It Rain|p1a: Slowking
|-damage|p1a: Slowking|74/100
|-unboost|p2a: Gholdengo|spa|1
|
|upkeep
|turn|17
|
|t:|1760432868
|move|p2a: Gholdengo|Recover|p2a: Gholdengo
|-heal|p2a: Gholdengo|100/100
|move|p1a: Slowking|Flamethrower|p2a: Gholdengo
|-supereffective|p2a: Gholdengo
|-damage|p2a: Gholdengo|42/100
|-status|p2a: Gholdengo|brn
|
|-damage|p2a: Gholdengo|35/100 brn|[from] brn
|upkeep
|turn|18
|
|t:|1760432882
|move|p2a: Gholdengo|Make It Rain|p1a: Slowking
|-damage|p1a: Slowking|55/100
|-unboost|p2a: Gholdengo|spa|1
|move|p1a: Slowking|Flamethrower|p2a: Gholdengo
|-supereffective|p2a: Gholdengo
|-damage|p2a: Gholdengo|0 fnt
|faint|p2a: Gholdengo
|
|upkeep
|
|t:|1760432890
|switch|p2a: Dragonite|Dragonite, M|100/100
|turn|19
|
|t:|1760432893
|move|p2a: Dragonite|Dragon Dance|p2a: Dragonite
|-boost|p2a: Dragonite|atk|1
|-boost|p2a: Dragonite|spe|1
|move|p1a: Slowking|Ice Beam|p2a: Dragonite
|-supereffective|p2a: Dragonite
|-damage|p2a: Dragonite|37/100
|
|upkeep
|turn|20
|
|t:|1760432908
|switch|p1a: Ogerpon|Ogerpon-Wellspring, F|10/100
|move|p2a: Dragonite|Earthquake|p1a: Ogerpon
|-resisted|p1a: Ogerpon
|-damage|p1a: Ogerpon|0 fnt
|faint|p1a: Ogerpon
|
|upkeep
|inactive|bepic223 has 120 seconds left.
|
|t:|1760432956
|switch|p1a: Hatterene|Hatterene, F|81/100
|turn|21
|
|t:|1760432972
|-terastallize|p2a: Dragonite|Flying
|move|p2a: Dragonite|Dragon Dance|p2a: Dragonite
|-boost|p2a: Dragonite|atk|1
|-boost|p2a: Dragonite|spe|1
|move|p1a: Hatterene|Draining Kiss|p2a: Dragonite
|-damage|p2a: Dragonite|14/100
|-heal|p1a: Hatterene|99/100|[from] drain|[of] p2a: Dragonite
|
|upkeep
|turn|22
|
|t:|1760432986
|move|p2a: Dragonite|Tera Blast|p1a: Hatterene|[anim] Tera Blast Flying
|-damage|p1a: Hatterene|0 fnt
|faint|p1a: Hatterene
|
|upkeep
|
|t:|1760432992
|switch|p1a: Kingambit|Kingambit, F|87/100
|-activate|p1a: Kingambit|ability: Supreme Overlord
|-start|p1a: Kingambit|fallen3|[silent]
|turn|23
|
|t:|1760433005
|move|p2a: Dragonite|Roost|p2a: Dragonite
|-heal|p2a: Dragonite|64/100
|-hint|If a Terastallized Pokemon uses Roost, it remains Flying-type.
|move|p1a: Kingambit|Iron Head|p2a: Dragonite
|-damage|p2a: Dragonite|2/100
|
|upkeep
|turn|24
|
|t:|1760433012
|move|p1a: Kingambit|Sucker Punch|p2a: Dragonite
|-crit|p2a: Dragonite
|-damage|p2a: Dragonite|0 fnt
|faint|p2a: Dragonite
|
|upkeep
|
|t:|1760433017
|switch|p2a: Landorus|Landorus-Therian, M|93/100
|-ability|p2a: Landorus|Intimidate|boost
|-unboost|p1a: Kingambit|atk|1
|turn|25
|
|t:|1760433027
|-end|p1a: Kingambit|fallen3|[silent]
|switch|p1a: Darkrai|Darkrai|100/100
|move|p2a: Landorus|Earthquake|p1a: Darkrai
|-damage|p1a: Darkrai|32/100
|
|upkeep
|turn|26
|j| 6a5s1d6qw
|
|t:|1760433036
|switch|p2a: Darkrai|Darkrai|26/100
|move|p1a: Darkrai|Ice Beam|p2a: Darkrai
|-damage|p2a: Darkrai|0 fnt
|faint|p2a: Darkrai
|
|upkeep
|
|t:|1760433037
|switch|p2a: Zamazenta|Zamazenta|31/100
|turn|27
|j| wgw2333
|
|t:|1760433043
|switch|p2a: Landorus|Landorus-Therian, M|93/100
|-ability|p2a: Landorus|Intimidate|boost
|-unboost|p1a: Darkrai|atk|1
|switch|p1a: Slowking|Slowking-Galar, F|88/100
|
|upkeep
|turn|28
|
|t:|1760433065
|switch|p1a: Kingambit|Kingambit, F|87/100
|-activate|p1a: Kingambit|ability: Supreme Overlord
|-start|p1a: Kingambit|fallen3|[silent]
|move|p2a: Landorus|Earthquake|p1a: Kingambit
|-supereffective|p1a: Kingambit
|-damage|p1a: Kingambit|22/100
|
|upkeep
|turn|29
|
|t:|1760433075
|move|p2a: Landorus|Stealth Rock|p1a: Kingambit
|-sidestart|p1: bepic223|move: Stealth Rock
|move|p1a: Kingambit|Iron Head|p2a: Landorus
|-damage|p2a: Landorus|34/100
|-damage|p1a: Kingambit|5/100|[from] item: Rocky Helmet|[of] p2a: Landorus
|
|upkeep
|turn|30
|
|t:|1760433088
|move|p2a: Landorus|Earthquake|p1a: Kingambit
|-supereffective|p1a: Kingambit
|-damage|p1a: Kingambit|0 fnt
|faint|p1a: Kingambit
|-end|p1a: Kingambit|fallen3|[silent]
|
|upkeep
|
|t:|1760433090
|switch|p1a: Darkrai|Darkrai|32/100
|-damage|p1a: Darkrai|19/100|[from] Stealth Rock
|turn|31
|
|t:|1760433101
|switch|p2a: Zamazenta|Zamazenta|31/100
|move|p1a: Darkrai|Ice Beam|p2a: Zamazenta
|-damage|p2a: Zamazenta|0 fnt
|faint|p2a: Zamazenta
|
|upkeep
|
|t:|1760433103
|switch|p2a: Landorus|Landorus-Therian, M|34/100
|-ability|p2a: Landorus|Intimidate|boost
|-unboost|p1a: Darkrai|atk|1
|turn|32
|
|t:|1760433107
|move|p1a: Darkrai|Ice Beam|p2a: Landorus
|-supereffective|p2a: Landorus
|-damage|p2a: Landorus|0 fnt
|faint|p2a: Landorus
|
|win|bepic223
|raw|bepic223's rating: 1654 &rarr; <strong>1679</strong><br />(+25 for winning)
|raw|furkanbolukbasi's rating: 1742 &rarr; <strong>1717</strong><br />(-25 for losing)
|l| iamfrhaan007
|l|☆furkanbolukbasi
|player|p2|
