|j|‽Pitoune901
|j|☆poorlittlepawn
|t:|1760380279
|gametype|singles
|player|p1|Pitoune901|lucas|1040
|player|p2|poorlittlepawn|101|1072
|gen|9
|tier|[Gen 9] OU
|rated|
|rule|HP Percentage Mod: HP is shown in percentages
|rule|Endless Battle Clause: Forcing endless battles is banned
|rule|Species Clause: Limit one of each Pokémon
|rule|OHKO Clause: OHKO moves are banned
|rule|Evasion Items Clause: Evasion items are banned
|rule|Evasion Moves Clause: Evasion moves are banned
|rule|Evasion Abilities Clause: Evasion abilities are banned
|rule|Sleep Moves Clause: Sleep-inducing moves are banned
|clearpoke
|poke|p1|Iron Crown|
|poke|p1|Samurott-Hisui, F|
|poke|p1|Zapdos|
|poke|p1|Dragapult, M|
|poke|p1|Great Tusk|
|poke|p1|Iron Boulder|
|poke|p2|Sinistcha|
|poke|p2|Ditto|
|poke|p2|Incineroar, M|
|poke|p2|Corviknight, M|
|poke|p2|Rotom-Wash|
|poke|p2|Hatterene, F|
|teampreview
|inactive|Battle timer is ON: inactive players will automatically lose when time's up. (requested by Pitoune901)
|
|t:|1760380300
|teamsize|p1|6
|teamsize|p2|6
|start
|switch|p1a: Samurott|Samurott-Hisui, F, shiny|100/100
|switch|p2a: Rotom|Rotom-Wash|100/100
|turn|1
|
|t:|1760380309
|move|p1a: Samurott|Flip Turn|p2a: Rotom
|-resisted|p2a: Rotom
|-damage|p2a: Rotom|90/100
|
|t:|1760380314
|switch|p1a: Great Tusk|Great Tusk|100/100|[from] Flip Turn
|move|p2a: Rotom|Volt Switch|p1a: Great Tusk
|-immune|p1a: Great Tusk
|
|upkeep
|turn|2
|
|t:|1760380338
|-end|p1a: Great Tusk|Protosynthesis|[silent]
|switch|p1a: Zapdos|Zapdos, shiny|100/100
|move|p2a: Rotom|Hydro Pump|p1a: Zapdos
|-damage|p1a: Zapdos|65/100
|
|upkeep
|turn|3
|inactive|poorlittlepawn has 120 seconds left.
|
|t:|1760380368
|move|p1a: Zapdos|Roost|p1a: Zapdos
|-heal|p1a: Zapdos|100/100
|-singleturn|p1a: Zapdos|move: Roost
|move|p2a: Rotom|Foul Play|p1a: Zapdos
|-damage|p1a: Zapdos|88/100
|
|upkeep
|turn|4
|inactive|Pitoune901 has 120 seconds left.
|
|t:|1760380394
|move|p1a: Zapdos|Discharge|p2a: Rotom
|-damage|p2a: Rotom|66/100
|move|p2a: Rotom|Hydro Pump|p1a: Zapdos
|-damage|p1a: Zapdos|46/100
|
|upkeep
|turn|5
|inactive|Pitoune901 has 120 seconds left.
|inactive|poorlittlepawn has 120 seconds left.
|
|t:|1760380423
|move|p1a: Zapdos|Roost|p1a: Zapdos
|-heal|p1a: Zapdos|96/100
|-singleturn|p1a: Zapdos|move: Roost
|move|p2a: Rotom|Hydro Pump|p1a: Zapdos
|-damage|p1a: Zapdos|58/100
|
|upkeep
|turn|6
|
|t:|1760380431
|move|p1a: Zapdos|U-turn|p2a: Rotom
|-damage|p2a: Rotom|56/100
|
|t:|1760380436
|switch|p1a: Samurott|Samurott-Hisui, F, shiny|100/100|[from] U-turn
|move|p2a: Rotom|Volt Switch|p1a: Samurott
|-supereffective|p1a: Samurott
|-damage|p1a: Samurott|25/100
|inactive|poorlittlepawn has 120 seconds left.
|
|t:|1760380445
|switch|p2a: Incineroar|Incineroar, M|100/100|[from] Volt Switch
|-ability|p2a: Incineroar|Intimidate|boost
|-unboost|p1a: Samurott|atk|1
|
|upkeep
|turn|7
|
|t:|1760380454
|switch|p1a: Dragapult|Dragapult, M|100/100
|move|p2a: Incineroar|Fake Out|p1a: Dragapult
|-immune|p1a: Dragapult
|
|upkeep
|turn|8
|
|t:|1760380462
|move|p1a: Dragapult|U-turn|p2a: Incineroar
|-damage|p2a: Incineroar|66/100
|-enditem|p2a: Incineroar|Red Card|[of] p1a: Dragapult
|drag|p1a: Samurott|Samurott-Hisui, F, shiny|25/100
|move|p2a: Incineroar|Knock Off|p1a: Samurott
|-resisted|p1a: Samurott
|-damage|p1a: Samurott|0 fnt
|-enditem|p1a: Samurott|Choice Scarf|[from] move: Knock Off|[of] p2a: Incineroar
|faint|p1a: Samurott
|
|upkeep
|
|t:|1760380476
|switch|p1a: Great Tusk|Great Tusk|100/100
|turn|9
|
|t:|1760380481
|switch|p2a: Rotom|Rotom-Wash|56/100
|move|p1a: Great Tusk|Stealth Rock|p2a: Rotom
|-sidestart|p2: poorlittlepawn|move: Stealth Rock
|
|upkeep
|turn|10
|
|t:|1760380491
|-end|p1a: Great Tusk|Protosynthesis|[silent]
|switch|p1a: Zapdos|Zapdos, shiny|58/100
|move|p2a: Rotom|Hydro Pump|p1a: Zapdos|[miss]
|-miss|p2a: Rotom|p1a: Zapdos
|
|upkeep
|turn|11
|
|t:|1760380505
|switch|p2a: Corviknight|Corviknight, M|100/100
|move|p1a: Zapdos|Roost|p1a: Zapdos
|-heal|p1a: Zapdos|100/100
|-singleturn|p1a: Zapdos|move: Roost
|
|upkeep
|turn|12
|
|t:|1760380518
|-terastallize|p2a: Corviknight|Ghost
|move|p1a: Zapdos|Discharge|p2a: Corviknight
|-damage|p2a: Corviknight|74/100
|move|p2a: Corviknight|Defog|p1a: Zapdos
|-unboost|p1a: Zapdos|evasion|1
|-sideend|p2: poorlittlepawn|Stealth Rock|[from] move: Defog|[of] p2a: Corviknight
|
|upkeep
|turn|13
|
|t:|1760380529
|move|p1a: Zapdos|U-turn|p2a: Corviknight
|-resisted|p2a: Corviknight
|-damage|p2a: Corviknight|69/100
|
|t:|1760380531
|switch|p1a: Dragapult|Dragapult, M|100/100|[from] U-turn
|move|p2a: Corviknight|Curse|p1a: Dragapult
|-start|p1a: Dragapult|Curse|[of] p2a: Corviknight
|-damage|p2a: Corviknight|19/100
|
|-damage|p1a: Dragapult|76/100|[from] Curse
|upkeep
|turn|14
|
|t:|1760380543
|switch|p2a: Incineroar|Incineroar, M|66/100
|-ability|p2a: Incineroar|Intimidate|boost
|-fail|p1a: Dragapult|unboost|[from] ability: Clear Body|[of] p1a: Dragapult
|move|p1a: Dragapult|U-turn|p2a: Incineroar
|-damage|p2a: Incineroar|30/100
|
|t:|1760380550
|switch|p1a: Great Tusk|Great Tusk|100/100|[from] U-turn
|
|upkeep
|turn|15
|
|t:|1760380554
|-end|p1a: Great Tusk|Protosynthesis|[silent]
|switch|p1a: Dragapult|Dragapult, M|76/100
|switch|p2a: Hatterene|Hatterene, F|100/100
|
|upkeep
|turn|16
|
|t:|1760380567
|move|p2a: Hatterene|Protect|p2a: Hatterene
|-singleturn|p2a: Hatterene|Protect
|move|p1a: Dragapult|U-turn|p2a: Hatterene
|-activate|p2a: Hatterene|move: Protect
|
|upkeep
|turn|17
|
|t:|1760380580
|switch|p2a: Corviknight|Corviknight, M, tera:Ghost|19/100
|move|p1a: Dragapult|U-turn|p2a: Corviknight
|-resisted|p2a: Corviknight
|-damage|p2a: Corviknight|5/100
|
|t:|1760380596
|switch|p1a: Iron Crown|Iron Crown|100/100|[from] U-turn
|
|upkeep
|turn|18
|
|t:|1760380601
|move|p1a: Iron Crown|Volt Switch|p2a: Corviknight
|-crit|p2a: Corviknight
|-damage|p2a: Corviknight|0 fnt
|faint|p2a: Corviknight
|
|t:|1760380604
|-end|p1a: Iron Crown|Quark Drive|[silent]
|switch|p1a: Great Tusk|Great Tusk|100/100|[from] Volt Switch
|
|upkeep
|
|t:|1760380609
|switch|p2a: Sinistcha|Sinistcha|100/100
|turn|19
|
|t:|1760380623
|-terastallize|p1a: Great Tusk|Fire
|move|p1a: Great Tusk|Ice Spinner|p2a: Sinistcha
|-supereffective|p2a: Sinistcha
|-damage|p2a: Sinistcha|48/100
|-enditem|p2a: Sinistcha|Weakness Policy
|-boost|p2a: Sinistcha|atk|2|[from] item: Weakness Policy
|-boost|p2a: Sinistcha|spa|2|[from] item: Weakness Policy
|move|p2a: Sinistcha|Trick Room|p2a: Sinistcha
|-fieldstart|move: Trick Room|[of] p2a: Sinistcha
|
|upkeep
|turn|20
|inactive|poorlittlepawn has 120 seconds left.
|
|t:|1760380659
|move|p2a: Sinistcha|Strength Sap|p1a: Great Tusk
|-unboost|p1a: Great Tusk|atk|1
|-heal|p2a: Sinistcha|100/100
|move|p1a: Great Tusk|Ice Spinner|p2a: Sinistcha
|-supereffective|p2a: Sinistcha
|-damage|p2a: Sinistcha|66/100
|
|upkeep
|turn|21
|inactive|poorlittlepawn has 120 seconds left.
|
|t:|1760380669
|-end|p1a: Great Tusk|Protosynthesis|[silent]
|switch|p1a: Zapdos|Zapdos, shiny|100/100
|move|p2a: Sinistcha|Scald|p1a: Zapdos
|-damage|p1a: Zapdos|60/100
|
|upkeep
|turn|22
|inactive|poorlittlepawn has 120 seconds left.
|
|t:|1760380680
|move|p2a: Sinistcha|Strength Sap|p1a: Zapdos
|-unboost|p1a: Zapdos|atk|1
|-heal|p2a: Sinistcha|100/100
|move|p1a: Zapdos|Hurricane|p2a: Sinistcha
|-supereffective|p2a: Sinistcha
|-damage|p2a: Sinistcha|27/100
|
|upkeep
|turn|23
|
|t:|1760380688
|move|p2a: Sinistcha|Scald|p1a: Zapdos
|-damage|p1a: Zapdos|15/100
|move|p1a: Zapdos|Roost|p1a: Zapdos
|-heal|p1a: Zapdos|66/100
|-singleturn|p1a: Zapdos|move: Roost
|
|-fieldend|move: Trick Room
|upkeep
|turn|24
|
|t:|1760380699
|move|p1a: Zapdos|Hurricane|p2a: Sinistcha|[miss]
|-miss|p1a: Zapdos|p2a: Sinistcha
|move|p2a: Sinistcha|Trick Room|p2a: Sinistcha
|-fieldstart|move: Trick Room|[of] p2a: Sinistcha
|
|upkeep
|turn|25
|
|t:|1760380705
|move|p2a: Sinistcha|Scald|p1a: Zapdos
|-damage|p1a: Zapdos|22/100
|-status|p1a: Zapdos|brn
|move|p1a: Zapdos|Roost|p1a: Zapdos
|-heal|p1a: Zapdos|72/100 brn
|-singleturn|p1a: Zapdos|move: Roost
|
|-damage|p1a: Zapdos|66/100 brn|[from] brn
|upkeep
|turn|26
|
|t:|1760380715
|move|p2a: Sinistcha|Scald|p1a: Zapdos
|-damage|p1a: Zapdos|21/100 brn
|move|p1a: Zapdos|Roost|p1a: Zapdos
|-heal|p1a: Zapdos|71/100 brn
|-singleturn|p1a: Zapdos|move: Roost
|
|-damage|p1a: Zapdos|65/100 brn|[from] brn
|upkeep
|turn|27
|
|t:|1760380724
|move|p2a: Sinistcha|Scald|p1a: Zapdos
|-damage|p1a: Zapdos|25/100 brn
|move|p1a: Zapdos|Roost|p1a: Zapdos
|-heal|p1a: Zapdos|75/100 brn
|-singleturn|p1a: Zapdos|move: Roost
|
|-damage|p1a: Zapdos|69/100 brn|[from] brn
|upkeep
|turn|28
|
|t:|1760380735
|move|p2a: Sinistcha|Strength Sap|p1a: Zapdos
|-unboost|p1a: Zapdos|atk|1
|-heal|p2a: Sinistcha|64/100
|move|p1a: Zapdos|Roost|p1a: Zapdos
|-heal|p1a: Zapdos|100/100 brn
|-singleturn|p1a: Zapdos|move: Roost
|
|-damage|p1a: Zapdos|94/100 brn|[from] brn
|-fieldend|move: Trick Room
|upkeep
|turn|29
|
|t:|1760380745
|move|p1a: Zapdos|Hurricane|p2a: Sinistcha
|-supereffective|p2a: Sinistcha
|-damage|p2a: Sinistcha|0 fnt
|faint|p2a: Sinistcha
|
|-damage|p1a: Zapdos|88/100 brn|[from] brn
|upkeep
|
|t:|1760380754
|switch|p2a: Hatterene|Hatterene, F|100/100
|turn|30
|
|t:|1760380758
|move|p1a: Zapdos|U-turn|p2a: Hatterene
|-damage|p2a: Hatterene|97/100
|
|t:|1760380787
|switch|p1a: Iron Boulder|Iron Boulder|100/100|[from] U-turn
|-enditem|p1a: Iron Boulder|Booster Energy
|-activate|p1a: Iron Boulder|ability: Quark Drive|[fromitem]
|-start|p1a: Iron Boulder|quarkdrivespe
|move|p2a: Hatterene|Future Sight|p1a: Iron Boulder
|-start|p2a: Hatterene|move: Future Sight
|
|upkeep
|turn|31
|
|t:|1760380801
|move|p2a: Hatterene|Protect|p2a: Hatterene
|-singleturn|p2a: Hatterene|Protect
|move|p1a: Iron Boulder|Swords Dance|p1a: Iron Boulder
|-boost|p1a: Iron Boulder|atk|2
|
|upkeep
|turn|32
|
|t:|1760380808
|move|p2a: Hatterene|Protect||[still]
|-fail|p2a: Hatterene
|move|p1a: Iron Boulder|Mighty Cleave|p2a: Hatterene
|-damage|p2a: Hatterene|8/100
|
|-end|p1a: Iron Boulder|move: Future Sight
|-resisted|p1a: Iron Boulder
|-damage|p1a: Iron Boulder|74/100
|upkeep
|turn|33
|
|t:|1760380818
|move|p1a: Iron Boulder|Swords Dance|p1a: Iron Boulder
|-boost|p1a: Iron Boulder|atk|2
|move|p2a: Hatterene|Draining Kiss|p1a: Iron Boulder
|-damage|p1a: Iron Boulder|53/100
|-heal|p2a: Hatterene|24/100|[from] drain|[of] p1a: Iron Boulder
|
|upkeep
|turn|34
|
|t:|1760380826
|move|p1a: Iron Boulder|Mighty Cleave|p2a: Hatterene
|-damage|p2a: Hatterene|0 fnt
|faint|p2a: Hatterene
|
|upkeep
|inactive|poorlittlepawn has 120 seconds left.
|
|t:|1760380867
|switch|p2a: Ditto|Ditto|100/100
|-transform|p2a: Ditto|p1a: Iron Boulder|[from] ability: Imposter
|turn|35
|
|t:|1760380882
|move|p1a: Iron Boulder|Mighty Cleave|p2a: Ditto
|-enditem|p2a: Ditto|Focus Sash
|-damage|p2a: Ditto|1/100
|move|p2a: Ditto|Mighty Cleave|p1a: Iron Boulder
|-damage|p1a: Iron Boulder|0 fnt
|faint|p1a: Iron Boulder
|-end|p1a: Iron Boulder|Quark Drive|[silent]
|
|upkeep
|
|t:|1760380890
|switch|p1a: Dragapult|Dragapult, M|76/100
|turn|36
|
|t:|1760380895
|-end|p2a: Ditto|Quark Drive|[silent]
|switch|p2a: Incineroar|Incineroar, M|30/100
|-ability|p2a: Incineroar|Intimidate|boost
|-fail|p1a: Dragapult|unboost|[from] ability: Clear Body|[of] p1a: Dragapult
|move|p1a: Dragapult|Dragon Darts|p2a: Incineroar
|-damage|p2a: Incineroar|0 fnt
|faint|p2a: Incineroar
|
|upkeep
|
|t:|1760380903
|switch|p2a: Ditto|Ditto|1/100
|-transform|p2a: Ditto|p1a: Dragapult|[from] ability: Imposter
|turn|37
|
|t:|1760380914
|switch|p1a: Iron Crown|Iron Crown|100/100
|move|p2a: Ditto|Sucker Punch||[still]
|-fail|p2a: Ditto
|
|upkeep
|turn|38
|
|t:|1760380925
|move|p2a: Ditto|U-turn|p1a: Iron Crown
|-damage|p1a: Iron Crown|76/100
|
|t:|1760380928
|switch|p2a: Rotom|Rotom-Wash|56/100|[from] U-turn
|move|p1a: Iron Crown|Volt Switch|p2a: Rotom
|-damage|p2a: Rotom|31/100
|
|t:|1760380934
|-end|p1a: Iron Crown|Quark Drive|[silent]
|switch|p1a: Dragapult|Dragapult, M|76/100|[from] Volt Switch
|
|upkeep
|turn|39
|
|t:|1760380940
|move|p1a: Dragapult|Dragon Darts|p2a: Rotom
|-damage|p2a: Rotom|0 fnt
|faint|p2a: Rotom
|
|upkeep
|-message|poorlittlepawn forfeited.
|
|win|Pitoune901
|raw|Pitoune901's rating: 1040 &rarr; <strong>1077</strong><br />(+37 for winning)
|raw|poorlittlepawn's rating: 1072 &rarr; <strong>1049</strong><br />(-23 for losing)
|l|☆poorlittlepawn
|player|p2|
