|j|☆thodoras edition
|j|☆MegaHitmonleeWhen
|t:|1760439737
|gametype|singles
|player|p1|thodoras edition|101|1364
|player|p2|MegaHitmonleeWhen|blackbelt|1385
|gen|9
|tier|[Gen 9] OU
|rated|
|rule|HP Percentage Mod: HP is shown in percentages
|rule|Endless Battle Clause: Forcing endless battles is banned
|rule|Species Clause: Limit one of each Pokémon
|rule|OHKO Clause: OHKO moves are banned
|rule|Evasion Items Clause: Evasion items are banned
|rule|Evasion Moves Clause: Evasion moves are banned
|rule|Evasion Abilities Clause: Evasion abilities are banned
|rule|Sleep Moves Clause: Sleep-inducing moves are banned
|clearpoke
|poke|p1|Moltres|
|poke|p1|Zamazenta-*|
|poke|p1|Darkrai|
|poke|p1|Hydrapple, M|
|poke|p1|Ting-Lu|
|poke|p1|Tinkaton, F|
|poke|p2|Magnezone|
|poke|p2|Regidrago|
|poke|p2|Great Tusk|
|poke|p2|Clodsire, F|
|poke|p2|Barraskewda, M|
|poke|p2|Iron Hands|
|teampreview
|
|t:|1760439754
|teamsize|p1|6
|teamsize|p2|6
|start
|switch|p1a: Hydrapple|Hydrapple, M|100/100
|switch|p2a: Barraskewda|Barraskewda, M|100/100
|turn|1
|
|t:|1760439761
|move|p2a: Barraskewda|Flip Turn|p1a: Hydrapple
|-resisted|p1a: Hydrapple
|-damage|p1a: Hydrapple|94/100
|inactive|Battle timer is ON: inactive players will automatically lose when time's up. (requested by thodoras edition)
|
|t:|1760439765
|switch|p2a: Clodsire|Clodsire, F|100/100|[from] Flip Turn
|move|p1a: Hydrapple|Earth Power|p2a: Clodsire
|-supereffective|p2a: Clodsire
|-crit|p2a: Clodsire
|-damage|p2a: Clodsire|62/100
|
|-heal|p2a: Clodsire|68/100|[from] item: Leftovers
|upkeep
|turn|2
|
|t:|1760439773
|switch|p1a: Tinkaton|Tinkaton, F|100/100
|-ability|p1a: Tinkaton|Mold Breaker
|-item|p1a: Tinkaton|Air Balloon
|move|p2a: Clodsire|Toxic|p1a: Tinkaton
|-immune|p1a: Tinkaton
|
|-heal|p2a: Clodsire|74/100|[from] item: Leftovers
|upkeep
|turn|3
|
|t:|1760439779
|switch|p2a: Magnezone|Magnezone|100/100
|move|p1a: Tinkaton|Stealth Rock|p2a: Magnezone
|-sidestart|p2: MegaHitmonleeWhen|move: Stealth Rock
|
|upkeep
|turn|4
|
|t:|1760439783
|move|p2a: Magnezone|Volt Switch|p1a: Tinkaton
|-damage|p1a: Tinkaton|67/100
|-enditem|p1a: Tinkaton|Air Balloon
|
|t:|1760439788
|switch|p2a: Great Tusk|Great Tusk|100/100|[from] Volt Switch
|-damage|p2a: Great Tusk|98/100|[from] Stealth Rock
|move|p1a: Tinkaton|Gigaton Hammer|p2a: Great Tusk
|-damage|p2a: Great Tusk|76/100
|
|upkeep
|turn|5
|
|t:|1760439792
|switch|p1a: Moltres|Moltres|100/100
|move|p2a: Great Tusk|Rapid Spin|p1a: Moltres
|-damage|p1a: Moltres|90/100
|-boost|p2a: Great Tusk|spe|1
|-status|p2a: Great Tusk|brn|[from] ability: Flame Body|[of] p1a: Moltres
|-sideend|p2: MegaHitmonleeWhen|Stealth Rock|[from] move: Rapid Spin|[of] p2a: Great Tusk
|
|-damage|p2a: Great Tusk|70/100 brn|[from] brn
|upkeep
|turn|6
|
|t:|1760439800
|move|p2a: Great Tusk|Stealth Rock|p1a: Moltres
|-sidestart|p1: thodoras edition|move: Stealth Rock
|move|p1a: Moltres|U-turn|p2a: Great Tusk
|-resisted|p2a: Great Tusk
|-damage|p2a: Great Tusk|66/100 brn
|-damage|p1a: Moltres|73/100|[from] item: Rocky Helmet|[of] p2a: Great Tusk
|
|t:|1760439809
|switch|p1a: Hydrapple|Hydrapple, M|100/100|[from] U-turn
|
|-damage|p2a: Great Tusk|60/100 brn|[from] brn
|upkeep
|turn|7
|
|t:|1760439821
|-end|p2a: Great Tusk|Protosynthesis|[silent]
|switch|p2a: Clodsire|Clodsire, F|74/100
|move|p1a: Hydrapple|Earth Power|p2a: Clodsire
|-supereffective|p2a: Clodsire
|-damage|p2a: Clodsire|48/100
|
|-heal|p2a: Clodsire|54/100|[from] item: Leftovers
|upkeep
|turn|8
|
|t:|1760439832
|switch|p1a: Tinkaton|Tinkaton, F|67/100
|-damage|p1a: Tinkaton|61/100|[from] Stealth Rock
|-ability|p1a: Tinkaton|Mold Breaker
|move|p2a: Clodsire|Spikes|p1a: Tinkaton
|-sidestart|p1: thodoras edition|Spikes
|
|-heal|p2a: Clodsire|60/100|[from] item: Leftovers
|upkeep
|turn|9
|
|t:|1760439842
|switch|p2a: Great Tusk|Great Tusk|60/100 brn
|move|p1a: Tinkaton|Stealth Rock|p2a: Great Tusk
|-sidestart|p2: MegaHitmonleeWhen|move: Stealth Rock
|
|-damage|p2a: Great Tusk|53/100 brn|[from] brn
|upkeep
|turn|10
|
|t:|1760439848
|move|p1a: Tinkaton|Gigaton Hammer|p2a: Great Tusk
|-damage|p2a: Great Tusk|31/100 brn
|move|p2a: Great Tusk|Rapid Spin|p1a: Tinkaton
|-resisted|p1a: Tinkaton
|-damage|p1a: Tinkaton|57/100
|-boost|p2a: Great Tusk|spe|1
|-sideend|p2: MegaHitmonleeWhen|Stealth Rock|[from] move: Rapid Spin|[of] p2a: Great Tusk
|
|-damage|p2a: Great Tusk|25/100 brn|[from] brn
|upkeep
|turn|11
|
|t:|1760439855
|move|p2a: Great Tusk|Body Press|p1a: Tinkaton
|-damage|p1a: Tinkaton|34/100
|move|p1a: Tinkaton|Stealth Rock|p2a: Great Tusk
|-sidestart|p2: MegaHitmonleeWhen|move: Stealth Rock
|
|-damage|p2a: Great Tusk|19/100 brn|[from] brn
|upkeep
|turn|12
|
|t:|1760439862
|move|p2a: Great Tusk|Rapid Spin|p1a: Tinkaton
|-resisted|p1a: Tinkaton
|-damage|p1a: Tinkaton|30/100
|-boost|p2a: Great Tusk|spe|1
|-sideend|p2: MegaHitmonleeWhen|Stealth Rock|[from] move: Rapid Spin|[of] p2a: Great Tusk
|move|p1a: Tinkaton|Encore|p2a: Great Tusk
|-start|p2a: Great Tusk|Encore
|
|-damage|p2a: Great Tusk|13/100 brn|[from] brn
|upkeep
|turn|13
|
|t:|1760439869
|move|p2a: Great Tusk|Rapid Spin|p1a: Tinkaton
|-resisted|p1a: Tinkaton
|-damage|p1a: Tinkaton|26/100
|-boost|p2a: Great Tusk|spe|1
|move|p1a: Tinkaton|Stealth Rock|p2a: Great Tusk
|-sidestart|p2: MegaHitmonleeWhen|move: Stealth Rock
|
|-damage|p2a: Great Tusk|6/100 brn|[from] brn
|upkeep
|turn|14
|
|t:|1760439874
|move|p2a: Great Tusk|Rapid Spin|p1a: Tinkaton
|-resisted|p1a: Tinkaton
|-damage|p1a: Tinkaton|21/100
|-boost|p2a: Great Tusk|spe|1
|-sideend|p2: MegaHitmonleeWhen|Stealth Rock|[from] move: Rapid Spin|[of] p2a: Great Tusk
|move|p1a: Tinkaton|Stealth Rock|p2a: Great Tusk
|-sidestart|p2: MegaHitmonleeWhen|move: Stealth Rock
|
|-damage|p2a: Great Tusk|0 fnt|[from] brn
|faint|p2a: Great Tusk
|-end|p2a: Great Tusk|Protosynthesis|[silent]
|upkeep
|
|t:|1760439879
|switch|p2a: Barraskewda|Barraskewda, M|100/100
|-damage|p2a: Barraskewda|88/100|[from] Stealth Rock
|turn|15
|
|t:|1760439886
|switch|p1a: Hydrapple|Hydrapple, M|100/100
|move|p2a: Barraskewda|Flip Turn|p1a: Hydrapple
|-resisted|p1a: Hydrapple
|-damage|p1a: Hydrapple|94/100
|
|t:|1760439893
|switch|p2a: Clodsire|Clodsire, F|60/100|[from] Flip Turn
|-damage|p2a: Clodsire|54/100|[from] Stealth Rock
|
|-heal|p2a: Clodsire|60/100|[from] item: Leftovers
|upkeep
|turn|16
|
|t:|1760439901
|switch|p1a: Tinkaton|Tinkaton, F|21/100
|-damage|p1a: Tinkaton|15/100|[from] Stealth Rock
|-damage|p1a: Tinkaton|3/100|[from] Spikes
|-ability|p1a: Tinkaton|Mold Breaker
|move|p2a: Clodsire|Earthquake|p1a: Tinkaton
|-supereffective|p1a: Tinkaton
|-damage|p1a: Tinkaton|0 fnt
|faint|p1a: Tinkaton
|
|-heal|p2a: Clodsire|67/100|[from] item: Leftovers
|upkeep
|
|t:|1760439917
|switch|p1a: Ting-Lu|Ting-Lu|100/100
|-damage|p1a: Ting-Lu|94/100|[from] Stealth Rock
|-damage|p1a: Ting-Lu|82/100|[from] Spikes
|-ability|p1a: Ting-Lu|Vessel of Ruin
|turn|17
|
|t:|1760439923
|move|p1a: Ting-Lu|Spikes|p2a: Clodsire
|-sidestart|p2: MegaHitmonleeWhen|Spikes
|move|p2a: Clodsire|Toxic|p1a: Ting-Lu
|-status|p1a: Ting-Lu|tox
|
|-heal|p1a: Ting-Lu|88/100 tox|[from] item: Leftovers
|-heal|p2a: Clodsire|73/100|[from] item: Leftovers
|-damage|p1a: Ting-Lu|82/100 tox|[from] psn
|upkeep
|turn|18
|
|t:|1760439938
|move|p1a: Ting-Lu|Earthquake|p2a: Clodsire
|-supereffective|p2a: Clodsire
|-damage|p2a: Clodsire|0 fnt
|faint|p2a: Clodsire
|
|-heal|p1a: Ting-Lu|88/100 tox|[from] item: Leftovers
|-damage|p1a: Ting-Lu|76/100 tox|[from] psn
|upkeep
|
|t:|1760439944
|switch|p2a: Barraskewda|Barraskewda, M|88/100
|-damage|p2a: Barraskewda|76/100|[from] Stealth Rock
|-damage|p2a: Barraskewda|64/100|[from] Spikes
|turn|19
|
|t:|1760439949
|switch|p1a: Hydrapple|Hydrapple, M|100/100
|move|p2a: Barraskewda|Flip Turn|p1a: Hydrapple
|-resisted|p1a: Hydrapple
|-damage|p1a: Hydrapple|93/100
|
|t:|1760439954
|switch|p2a: Regidrago|Regidrago|100/100|[from] Flip Turn
|-damage|p2a: Regidrago|88/100|[from] Stealth Rock
|-damage|p2a: Regidrago|76/100|[from] Spikes
|
|upkeep
|turn|20
|
|t:|1760439974
|switch|p1a: Ting-Lu|Ting-Lu|76/100 tox
|-damage|p1a: Ting-Lu|69/100 tox|[from] Stealth Rock
|-damage|p1a: Ting-Lu|57/100 tox|[from] Spikes
|-ability|p1a: Ting-Lu|Vessel of Ruin
|move|p2a: Regidrago|Dragon Energy|p1a: Ting-Lu
|-damage|p1a: Ting-Lu|26/100 tox
|
|-heal|p1a: Ting-Lu|32/100 tox|[from] item: Leftovers
|-damage|p1a: Ting-Lu|26/100 tox|[from] psn
|upkeep
|turn|21
|
|t:|1760439983
|move|p2a: Regidrago|Dragon Energy|p1a: Ting-Lu
|-damage|p1a: Ting-Lu|0 fnt
|faint|p1a: Ting-Lu
|
|upkeep
|
|t:|1760439988
|switch|p1a: Darkrai|Darkrai, shiny|100/100
|turn|22
|
|t:|1760439995
|-terastallize|p2a: Regidrago|Dragon
|move|p2a: Regidrago|Dragon Energy|p1a: Darkrai
|-damage|p1a: Darkrai|0 fnt
|faint|p1a: Darkrai
|
|upkeep
|
|t:|1760440002
|switch|p1a: Zamazenta|Zamazenta|100/100
|-ability|p1a: Zamazenta|Dauntless Shield|boost
|-boost|p1a: Zamazenta|def|1
|turn|23
|c|☆MegaHitmonleeWhen|Palag
|
|t:|1760440016
|switch|p2a: Iron Hands|Iron Hands|100/100
|-damage|p2a: Iron Hands|94/100|[from] Stealth Rock
|-damage|p2a: Iron Hands|82/100|[from] Spikes
|move|p1a: Zamazenta|Ice Fang|p2a: Iron Hands
|-damage|p2a: Iron Hands|69/100
|
|-heal|p2a: Iron Hands|75/100|[from] item: Leftovers
|upkeep
|turn|24
|
|t:|1760440028
|move|p1a: Zamazenta|Stone Edge|p2a: Iron Hands
|-resisted|p2a: Iron Hands
|-damage|p2a: Iron Hands|65/100
|move|p2a: Iron Hands|Swords Dance|p2a: Iron Hands
|-boost|p2a: Iron Hands|atk|2
|
|-heal|p2a: Iron Hands|71/100|[from] item: Leftovers
|upkeep
|turn|25
|
|t:|1760440032
|switch|p1a: Moltres|Moltres|73/100
|move|p2a: Iron Hands|Supercell Slam|p1a: Moltres
|-supereffective|p1a: Moltres
|-damage|p1a: Moltres|0 fnt
|faint|p1a: Moltres
|
|-heal|p2a: Iron Hands|77/100|[from] item: Leftovers
|upkeep
|
|t:|1760440034
|switch|p1a: Hydrapple|Hydrapple, M|100/100
|turn|26
|
|t:|1760440039
|move|p2a: Iron Hands|Ice Punch|p1a: Hydrapple
|-supereffective|p1a: Hydrapple
|-damage|p1a: Hydrapple|0 fnt
|faint|p1a: Hydrapple
|
|-heal|p2a: Iron Hands|83/100|[from] item: Leftovers
|upkeep
|-message|thodoras edition forfeited.
|
|win|MegaHitmonleeWhen
|raw|thodoras edition's rating: 1383 &rarr; <strong>1363</strong><br />(-20 for losing)
|raw|MegaHitmonleeWhen's rating: 1385 &rarr; <strong>1405</strong><br />(+20 for winning)
|l|☆thodoras edition
|player|p1|
|l|☆MegaHitmonleeWhen
|player|p2|
