|j|☆Bluubull
|j|☆Ugo1531355
|t:|1760436809
|gametype|singles
|player|p1|Bluubull|1|1318
|player|p2|Ugo1531355|fisherman-gen4|1395
|gen|9
|tier|[Gen 9] OU
|rated|
|rule|HP Percentage Mod: HP is shown in percentages
|rule|Endless Battle Clause: Forcing endless battles is banned
|rule|Species Clause: Limit one of each Pokémon
|rule|OHKO Clause: OHKO moves are banned
|rule|Evasion Items Clause: Evasion items are banned
|rule|Evasion Moves Clause: Evasion moves are banned
|rule|Evasion Abilities Clause: Evasion abilities are banned
|rule|Sleep Moves Clause: Sleep-inducing moves are banned
|clearpoke
|poke|p1|Iron Treads|
|poke|p1|Pelipper, F|
|poke|p1|Kingdra, F|
|poke|p1|Rillaboom, F|
|poke|p1|Basculegion, M|
|poke|p1|Raging Bolt|
|poke|p2|Ceruledge, F|
|poke|p2|Great Tusk|
|poke|p2|Hatterene, F|
|poke|p2|Glimmora, F|
|poke|p2|Rillaboom, F|
|poke|p2|Raging Bolt|
|teampreview
|c|☆Ugo1531355|glhf
|c|☆Bluubull|u2
|inactive|Battle timer is ON: inactive players will automatically lose when time's up. (requested by Ugo1531355)
|
|t:|1760436849
|teamsize|p1|6
|teamsize|p2|6
|start
|switch|p1a: Iron Treads|Iron Treads|100/100
|switch|p2a: Glimmora|Glimmora, F|100/100
|-enditem|p1a: Iron Treads|Booster Energy
|-activate|p1a: Iron Treads|ability: Quark Drive|[fromitem]
|-start|p1a: Iron Treads|quarkdrivespe
|turn|1
|inactive|Bluubull has 120 seconds left.
|
|t:|1760436904
|move|p1a: Iron Treads|Earth Power|p2a: Glimmora
|-supereffective|p2a: Glimmora
|-crit|p2a: Glimmora
|-enditem|p2a: Glimmora|Focus Sash
|-damage|p2a: Glimmora|1/100
|move|p2a: Glimmora|Earth Power|p1a: Iron Treads
|-supereffective|p1a: Iron Treads
|-damage|p1a: Iron Treads|7/100
|
|upkeep
|turn|2
|inactive|Bluubull has 90 seconds left.
|
|t:|1760436922
|switch|p2a: Rillaboom|Rillaboom, F|100/100
|-fieldstart|move: Grassy Terrain|[from] ability: Grassy Surge|[of] p2a: Rillaboom
|move|p1a: Iron Treads|Rapid Spin|p2a: Rillaboom
|-damage|p2a: Rillaboom|90/100
|-boost|p1a: Iron Treads|spe|1
|
|-heal|p1a: Iron Treads|13/100|[from] Grassy Terrain
|-heal|p2a: Rillaboom|96/100|[from] Grassy Terrain
|upkeep
|turn|3
|inactive|Bluubull has 90 seconds left.
|
|t:|1760436932
|-end|p1a: Iron Treads|Quark Drive|[silent]
|switch|p1a: Rillaboom|Rillaboom, F|100/100
|move|p2a: Rillaboom|Grassy Glide|p1a: Rillaboom
|-resisted|p1a: Rillaboom
|-damage|p1a: Rillaboom|81/100
|
|-heal|p2a: Rillaboom|100/100|[from] Grassy Terrain
|-heal|p1a: Rillaboom|87/100|[from] Grassy Terrain
|upkeep
|turn|4
|inactive|Bluubull has 90 seconds left.
|
|t:|1760436943
|move|p2a: Rillaboom|U-turn|p1a: Rillaboom
|-supereffective|p1a: Rillaboom
|-damage|p1a: Rillaboom|37/100
|
|t:|1760436948
|switch|p2a: Glimmora|Glimmora, F|1/100|[from] U-turn
|move|p1a: Rillaboom|Knock Off|p2a: Glimmora
|-damage|p2a: Glimmora|0 fnt
|-activate|p2a: Glimmora|ability: Toxic Debris
|-sidestart|p1: Bluubull|move: Toxic Spikes
|faint|p2a: Glimmora
|
|-heal|p1a: Rillaboom|43/100|[from] Grassy Terrain
|upkeep
|inactive|Ugo1531355 has 120 seconds left.
|
|t:|1760436978
|switch|p2a: Hatterene|Hatterene, F|100/100
|-enditem|p2a: Hatterene|Grassy Seed
|-boost|p2a: Hatterene|def|1|[from] item: Grassy Seed
|turn|5
|
|t:|1760436995
|move|p1a: Rillaboom|Wood Hammer|p2a: Hatterene
|-damage|p2a: Hatterene|54/100
|-damage|p1a: Rillaboom|31/100|[from] Recoil
|move|p2a: Hatterene|Calm Mind|p2a: Hatterene
|-boost|p2a: Hatterene|spa|1
|-boost|p2a: Hatterene|spd|1
|
|-heal|p1a: Rillaboom|37/100|[from] Grassy Terrain
|-heal|p2a: Hatterene|60/100|[from] Grassy Terrain
|upkeep
|turn|6
|
|t:|1760437004
|move|p1a: Rillaboom|Wood Hammer|p2a: Hatterene
|-damage|p2a: Hatterene|10/100
|-damage|p1a: Rillaboom|24/100|[from] Recoil
|move|p2a: Hatterene|Draining Kiss|p1a: Rillaboom
|-damage|p1a: Rillaboom|0 fnt
|-heal|p2a: Hatterene|32/100|[from] drain|[of] p1a: Rillaboom
|faint|p1a: Rillaboom
|
|-heal|p2a: Hatterene|38/100|[from] Grassy Terrain
|-fieldend|move: Grassy Terrain
|upkeep
|
|t:|1760437016
|switch|p1a: Iron Treads|Iron Treads|13/100
|turn|7
|
|t:|1760437027
|switch|p2a: Ceruledge|Ceruledge, F|100/100
|move|p1a: Iron Treads|Earth Power|p2a: Ceruledge
|-supereffective|p2a: Ceruledge
|-damage|p2a: Ceruledge|30/100
|
|upkeep
|turn|8
|
|t:|1760437035
|move|p2a: Ceruledge|Shadow Sneak|p1a: Iron Treads
|-damage|p1a: Iron Treads|0 fnt
|faint|p1a: Iron Treads
|-end|p1a: Iron Treads|Quark Drive|[silent]
|
|upkeep
|
|t:|1760437039
|switch|p1a: Pelipper|Pelipper, F|100/100
|-weather|RainDance|[from] ability: Drizzle|[of] p1a: Pelipper
|turn|9
|
|t:|1760437049
|switch|p2a: Hatterene|Hatterene, F|38/100
|move|p1a: Pelipper|U-turn|p2a: Hatterene
|-damage|p2a: Hatterene|31/100
|
|t:|1760437059
|switch|p1a: Basculegion|Basculegion, M|100/100|[from] U-turn
|-status|p1a: Basculegion|psn
|
|-weather|RainDance|[upkeep]
|-damage|p1a: Basculegion|88/100 psn|[from] psn
|upkeep
|turn|10
|
|t:|1760437066
|move|p1a: Basculegion|Flip Turn|p2a: Hatterene
|-damage|p2a: Hatterene|0 fnt
|faint|p2a: Hatterene
|
|t:|1760437071
|switch|p1a: Kingdra|Kingdra, F|100/100|[from] Flip Turn
|-status|p1a: Kingdra|psn
|
|-weather|RainDance|[upkeep]
|-damage|p1a: Kingdra|88/100 psn|[from] psn
|upkeep
|
|t:|1760437096
|switch|p2a: Rillaboom|Rillaboom, F|100/100
|-fieldstart|move: Grassy Terrain|[from] ability: Grassy Surge|[of] p2a: Rillaboom
|turn|11
|
|t:|1760437107
|-terastallize|p1a: Kingdra|Flying
|-terastallize|p2a: Rillaboom|Grass
|move|p2a: Rillaboom|Grassy Glide|p1a: Kingdra
|-resisted|p1a: Kingdra
|-damage|p1a: Kingdra|56/100 psn
|move|p1a: Kingdra|Hurricane|p2a: Rillaboom
|-supereffective|p2a: Rillaboom
|-crit|p2a: Rillaboom
|-damage|p2a: Rillaboom|0 fnt
|faint|p2a: Rillaboom
|-damage|p1a: Kingdra|46/100 psn|[from] item: Life Orb
|
|-weather|RainDance|[upkeep]
|-damage|p1a: Kingdra|33/100 psn|[from] psn
|upkeep
|
|t:|1760437118
|switch|p2a: Raging Bolt|Raging Bolt|100/100
|turn|12
|
|t:|1760437134
|switch|p1a: Raging Bolt|Raging Bolt|100/100
|-status|p1a: Raging Bolt|psn
|move|p2a: Raging Bolt|Draco Meteor|p1a: Raging Bolt
|-supereffective|p1a: Raging Bolt
|-damage|p1a: Raging Bolt|0 fnt
|-unboost|p2a: Raging Bolt|spa|2
|faint|p1a: Raging Bolt
|-end|p1a: Raging Bolt|Protosynthesis|[silent]
|
|-weather|RainDance|[upkeep]
|upkeep
|
|t:|1760437155
|switch|p1a: Basculegion|Basculegion, M|88/100 psn
|turn|13
|
|t:|1760437161
|-end|p2a: Raging Bolt|Protosynthesis|[silent]
|switch|p2a: Great Tusk|Great Tusk|100/100
|-enditem|p2a: Great Tusk|Booster Energy
|-activate|p2a: Great Tusk|ability: Protosynthesis|[fromitem]
|-start|p2a: Great Tusk|protosynthesisspe
|move|p1a: Basculegion|Wave Crash|p2a: Great Tusk
|-supereffective|p2a: Great Tusk
|-damage|p2a: Great Tusk|0 fnt
|faint|p2a: Great Tusk
|-end|p2a: Great Tusk|Protosynthesis|[silent]
|-damage|p1a: Basculegion|51/100 psn|[from] Recoil
|
|-weather|RainDance|[upkeep]
|-heal|p1a: Basculegion|57/100 psn|[from] Grassy Terrain
|-damage|p1a: Basculegion|44/100 psn|[from] psn
|upkeep
|
|t:|1760437164
|switch|p2a: Ceruledge|Ceruledge, F|30/100
|turn|14
|
|t:|1760437181
|switch|p1a: Kingdra|Kingdra, F, tera:Flying|33/100 psn
|move|p2a: Ceruledge|Shadow Sneak|p1a: Kingdra
|-damage|p1a: Kingdra|5/100 psn
|
|-weather|RainDance|[upkeep]
|-heal|p2a: Ceruledge|36/100|[from] Grassy Terrain
|-damage|p1a: Kingdra|0 fnt|[from] psn
|faint|p1a: Kingdra
|upkeep
|
|t:|1760437195
|switch|p1a: Pelipper|Pelipper, F|100/100
|turn|15
|
|t:|1760437203
|switch|p2a: Raging Bolt|Raging Bolt|100/100
|move|p1a: Pelipper|Weather Ball|p2a: Raging Bolt
|-resisted|p2a: Raging Bolt
|-damage|p2a: Raging Bolt|77/100
|
|-weather|RainDance|[upkeep]
|-heal|p2a: Raging Bolt|84/100|[from] Grassy Terrain
|-fieldend|move: Grassy Terrain
|upkeep
|turn|16
|
|t:|1760437212
|move|p2a: Raging Bolt|Volt Switch|p1a: Pelipper
|-supereffective|p1a: Pelipper
|-damage|p1a: Pelipper|0 fnt
|faint|p1a: Pelipper
|
|t:|1760437214
|-end|p2a: Raging Bolt|Protosynthesis|[silent]
|switch|p2a: Ceruledge|Ceruledge, F|36/100|[from] Volt Switch
|
|-weather|none
|upkeep
|-message|Bluubull forfeited.
|
|win|Ugo1531355
|raw|Bluubull's rating: 1318 &rarr; <strong>1302</strong><br />(-16 for losing)
|raw|Ugo1531355's rating: 1395 &rarr; <strong>1411</strong><br />(+16 for winning)
|l|☆Bluubull
|player|p1|
|l|☆Ugo1531355
|player|p2|
