|j|☆SprigatitoSwift
|j|☆belphegorr
|t:|1760440856
|gametype|singles
|player|p1|SprigatitoSwift|cheryl|1302
|player|p2|belphegorr|hoopster|1332
|gen|9
|tier|[Gen 9] OU
|rated|
|rule|HP Percentage Mod: HP is shown in percentages
|rule|Endless Battle Clause: Forcing endless battles is banned
|rule|Species Clause: Limit one of each Pokémon
|rule|OHKO Clause: OHKO moves are banned
|rule|Evasion Items Clause: Evasion items are banned
|rule|Evasion Moves Clause: Evasion moves are banned
|rule|Evasion Abilities Clause: Evasion abilities are banned
|rule|Sleep Moves Clause: Sleep-inducing moves are banned
|clearpoke
|poke|p1|Torkoal, M|
|poke|p1|Mandibuzz, F|
|poke|p1|Lilligant-Hisui, F|
|poke|p1|Slither Wing|
|poke|p1|Walking Wake|
|poke|p1|Iron Moth|
|poke|p2|Samurott-Hisui, F|
|poke|p2|Coalossal, F|
|poke|p2|Scyther, M|
|poke|p2|Ogerpon, F|
|poke|p2|Weavile, M|
|poke|p2|Gengar, F|
|teampreview
|
|t:|1760440862
|teamsize|p1|6
|teamsize|p2|6
|start
|switch|p1a: Torkoal|Torkoal, M|100/100
|switch|p2a: Samurott|Samurott-Hisui, F, shiny|100/100
|-weather|SunnyDay|[from] ability: Drought|[of] p1a: Torkoal
|turn|1
|inactive|Battle timer is ON: inactive players will automatically lose when time's up. (requested by belphegorr)
|
|t:|1760440880
|switch|p1a: Lilligant|Lilligant-Hisui, F|100/100
|move|p2a: Samurott|Ceaseless Edge|p1a: Lilligant
|-resisted|p1a: Lilligant
|-damage|p1a: Lilligant|64/100
|-sidestart|p1: SprigatitoSwift|Spikes
|
|-weather|SunnyDay|[upkeep]
|upkeep
|turn|2
|
|t:|1760440892
|move|p1a: Lilligant|Victory Dance|p1a: Lilligant
|-boost|p1a: Lilligant|atk|1
|-boost|p1a: Lilligant|def|1
|-boost|p1a: Lilligant|spe|1
|move|p2a: Samurott|Ceaseless Edge|p1a: Lilligant
|-resisted|p1a: Lilligant
|-damage|p1a: Lilligant|38/100
|-sidestart|p1: SprigatitoSwift|Spikes
|
|-weather|SunnyDay|[upkeep]
|upkeep
|turn|3
|
|t:|1760440900
|move|p1a: Lilligant|Solar Blade||[still]
|-prepare|p1a: Lilligant|Solar Blade
|-anim|p1a: Lilligant|Solar Blade|p2a: Samurott
|-supereffective|p2a: Samurott
|-enditem|p2a: Samurott|Focus Sash
|-damage|p2a: Samurott|1/100
|-damage|p1a: Lilligant|28/100|[from] item: Life Orb
|move|p2a: Samurott|Sacred Sword|p1a: Lilligant
|-damage|p1a: Lilligant|0 fnt
|faint|p1a: Lilligant
|
|-weather|SunnyDay|[upkeep]
|upkeep
|
|t:|1760440911
|switch|p1a: Mandibuzz|Mandibuzz, F|100/100
|turn|4
|
|t:|1760440921
|move|p2a: Samurott|Aqua Cutter|p1a: Mandibuzz
|-damage|p1a: Mandibuzz|86/100
|move|p1a: Mandibuzz|Defog|p2a: Samurott
|-unboost|p2a: Samurott|evasion|1
|-sideend|p1: SprigatitoSwift|Spikes|[from] move: Defog|[of] p1a: Mandibuzz
|
|-weather|SunnyDay|[upkeep]
|upkeep
|turn|5
|
|t:|1760440933
|move|p2a: Samurott|Ceaseless Edge|p1a: Mandibuzz
|-resisted|p1a: Mandibuzz
|-damage|p1a: Mandibuzz|70/100
|-sidestart|p1: SprigatitoSwift|Spikes
|move|p1a: Mandibuzz|U-turn|p2a: Samurott
|-supereffective|p2a: Samurott
|-damage|p2a: Samurott|0 fnt
|faint|p2a: Samurott
|
|t:|1760440945
|switch|p1a: Walking Wake|Walking Wake|100/100|[from] U-turn
|-damage|p1a: Walking Wake|88/100|[from] Spikes
|-activate|p1a: Walking Wake|ability: Protosynthesis
|-start|p1a: Walking Wake|protosynthesisspe
|
|-weather|SunnyDay|[upkeep]
|upkeep
|
|t:|1760440962
|switch|p2a: Gengar|Gengar, F|100/100
|turn|6
|
|t:|1760440977
|move|p1a: Walking Wake|Hydro Steam|p2a: Gengar
|-enditem|p2a: Gengar|Focus Sash
|-damage|p2a: Gengar|1/100
|-damage|p1a: Walking Wake|78/100|[from] item: Life Orb
|move|p2a: Gengar|Sludge Wave|p1a: Walking Wake
|-damage|p1a: Walking Wake|19/100
|
|-weather|SunnyDay|[upkeep]
|upkeep
|turn|7
|
|t:|1760440990
|move|p1a: Walking Wake|Hydro Steam|p2a: Gengar
|-crit|p2a: Gengar
|-damage|p2a: Gengar|0 fnt
|-start|p1a: Walking Wake|Disable|Hydro Steam|[from] ability: Cursed Body|[of] p2a: Gengar
|faint|p2a: Gengar
|-damage|p1a: Walking Wake|9/100|[from] item: Life Orb
|
|-weather|SunnyDay|[upkeep]
|upkeep
|
|t:|1760441009
|switch|p2a: Weavile|Weavile, M|100/100
|turn|8
|
|t:|1760441017
|move|p1a: Walking Wake|Weather Ball|p2a: Weavile
|-supereffective|p2a: Weavile
|-enditem|p2a: Weavile|Focus Sash
|-damage|p2a: Weavile|1/100
|-damage|p1a: Walking Wake|0 fnt|[from] item: Life Orb
|faint|p1a: Walking Wake
|-end|p1a: Walking Wake|Protosynthesis|[silent]
|move|p2a: Weavile|Hone Claws|p2a: Weavile
|-boost|p2a: Weavile|atk|1
|-boost|p2a: Weavile|accuracy|1
|
|-weather|none
|upkeep
|
|t:|1760441026
|switch|p1a: Slither Wing|Slither Wing|100/100
|-damage|p1a: Slither Wing|88/100|[from] Spikes
|turn|9
|
|t:|1760441030
|switch|p2a: Coalossal|Coalossal, F|100/100
|move|p1a: Slither Wing|First Impression|p2a: Coalossal
|-resisted|p2a: Coalossal
|-damage|p2a: Coalossal|82/100
|-damage|p1a: Slither Wing|72/100|[from] item: Rocky Helmet|[of] p2a: Coalossal
|
|upkeep
|turn|10
|
|t:|1760441040
|-end|p1a: Slither Wing|Protosynthesis|[silent]
|switch|p1a: Mandibuzz|Mandibuzz, F|70/100
|move|p2a: Coalossal|Stealth Rock|p1a: Mandibuzz
|-sidestart|p1: SprigatitoSwift|move: Stealth Rock
|
|upkeep
|turn|11
|
|t:|1760441044
|move|p1a: Mandibuzz|Defog|p2a: Coalossal
|-unboost|p2a: Coalossal|evasion|1
|-sideend|p1: SprigatitoSwift|Spikes|[from] move: Defog|[of] p1a: Mandibuzz
|-sideend|p1: SprigatitoSwift|Stealth Rock|[from] move: Defog|[of] p1a: Mandibuzz
|move|p2a: Coalossal|Fire Spin|p1a: Mandibuzz
|-damage|p1a: Mandibuzz|63/100
|-activate|p1a: Mandibuzz|move: Fire Spin|[of] p2a: Coalossal
|
|-damage|p1a: Mandibuzz|51/100|[from] move: Fire Spin|[partiallytrapped]
|upkeep
|turn|12
|
|t:|1760441054
|move|p1a: Mandibuzz|U-turn|p2a: Coalossal
|-resisted|p2a: Coalossal
|-damage|p2a: Coalossal|79/100
|-damage|p1a: Mandibuzz|34/100|[from] item: Rocky Helmet|[of] p2a: Coalossal
|-status|p1a: Mandibuzz|brn|[from] ability: Flame Body|[of] p2a: Coalossal
|
|t:|1760441067
|switch|p1a: Slither Wing|Slither Wing|72/100|[from] U-turn
|move|p2a: Coalossal|Stealth Rock|p1a: Slither Wing
|-sidestart|p1: SprigatitoSwift|move: Stealth Rock
|
|upkeep
|turn|13
|
|t:|1760441074
|switch|p2a: Weavile|Weavile, M|1/100
|move|p1a: Slither Wing|Close Combat|p2a: Weavile
|-supereffective|p2a: Weavile
|-damage|p2a: Weavile|0 fnt
|-unboost|p1a: Slither Wing|def|1
|-unboost|p1a: Slither Wing|spd|1
|faint|p2a: Weavile
|
|upkeep
|
|t:|1760441079
|switch|p2a: Scyther|Scyther, M, shiny|100/100
|turn|14
|
|t:|1760441082
|-end|p1a: Slither Wing|Protosynthesis|[silent]
|switch|p1a: Mandibuzz|Mandibuzz, F|34/100 brn
|move|p2a: Scyther|Swords Dance|p2a: Scyther
|-boost|p2a: Scyther|atk|2
|
|-damage|p1a: Mandibuzz|28/100 brn|[from] brn
|upkeep
|turn|15
|
|t:|1760441090
|move|p2a: Scyther|Aerial Ace|p1a: Mandibuzz
|-damage|p1a: Mandibuzz|0 fnt
|faint|p1a: Mandibuzz
|
|upkeep
|
|t:|1760441100
|switch|p1a: Iron Moth|Iron Moth|100/100
|-damage|p1a: Iron Moth|76/100|[from] Stealth Rock
|-enditem|p1a: Iron Moth|Booster Energy
|-activate|p1a: Iron Moth|ability: Quark Drive|[fromitem]
|-start|p1a: Iron Moth|quarkdrivespe
|turn|16
|
|t:|1760441110
|move|p1a: Iron Moth|Fiery Dance|p2a: Scyther
|-supereffective|p2a: Scyther
|-damage|p2a: Scyther|15/100
|move|p2a: Scyther|Aerial Ace|p1a: Iron Moth
|-damage|p1a: Iron Moth|0 fnt
|faint|p1a: Iron Moth
|-end|p1a: Iron Moth|Quark Drive|[silent]
|
|upkeep
|
|t:|1760441125
|switch|p1a: Torkoal|Torkoal, M|100/100
|-damage|p1a: Torkoal|75/100|[from] Stealth Rock
|-weather|SunnyDay|[from] ability: Drought|[of] p1a: Torkoal
|turn|17
|
|t:|1760441132
|move|p2a: Scyther|Aerial Ace|p1a: Torkoal
|-damage|p1a: Torkoal|30/100
|move|p1a: Torkoal|Weather Ball|p2a: Scyther
|-supereffective|p2a: Scyther
|-damage|p2a: Scyther|0 fnt
|faint|p2a: Scyther
|
|-weather|SunnyDay|[upkeep]
|upkeep
|
|t:|1760441139
|switch|p2a: Ogerpon|Ogerpon, F|100/100
|turn|18
|
|t:|1760441149
|move|p2a: Ogerpon|Rock Tomb|p1a: Torkoal
|-supereffective|p1a: Torkoal
|-damage|p1a: Torkoal|9/100
|-unboost|p1a: Torkoal|spe|1
|move|p1a: Torkoal|Weather Ball|p2a: Ogerpon
|-supereffective|p2a: Ogerpon
|-damage|p2a: Ogerpon|4/100
|
|-weather|SunnyDay|[upkeep]
|upkeep
|turn|19
|
|t:|1760441163
|move|p2a: Ogerpon|Ivy Cudgel|p1a: Torkoal
|-resisted|p1a: Torkoal
|-crit|p1a: Torkoal
|-damage|p1a: Torkoal|0 fnt
|faint|p1a: Torkoal
|
|-weather|SunnyDay|[upkeep]
|upkeep
|
|t:|1760441167
|switch|p1a: Slither Wing|Slither Wing|72/100
|-damage|p1a: Slither Wing|60/100|[from] Stealth Rock
|-activate|p1a: Slither Wing|ability: Protosynthesis
|-start|p1a: Slither Wing|protosynthesisatk
|turn|20
|
|t:|1760441175
|switch|p2a: Coalossal|Coalossal, F|79/100
|-terastallize|p1a: Slither Wing|Fire
|move|p1a: Slither Wing|Close Combat|p2a: Coalossal
|-supereffective|p2a: Coalossal
|-damage|p2a: Coalossal|0 fnt
|-unboost|p1a: Slither Wing|def|1
|-unboost|p1a: Slither Wing|spd|1
|-damage|p1a: Slither Wing|43/100|[from] item: Rocky Helmet|[of] p2a: Coalossal
|faint|p2a: Coalossal
|
|-weather|SunnyDay|[upkeep]
|upkeep
|
|t:|1760441193
|switch|p2a: Ogerpon|Ogerpon, F|4/100
|turn|21
|
|t:|1760441210
|move|p2a: Ogerpon|Rock Tomb|p1a: Slither Wing
|-supereffective|p1a: Slither Wing
|-damage|p1a: Slither Wing|0 fnt
|faint|p1a: Slither Wing
|-end|p1a: Slither Wing|Protosynthesis|[silent]
|
|win|belphegorr
|raw|SprigatitoSwift's rating: 1302 &rarr; <strong>1284</strong><br />(-18 for losing)
|raw|belphegorr's rating: 1332 &rarr; <strong>1350</strong><br />(+18 for winning)
|l|☆SprigatitoSwift
|player|p1|
|l|☆belphegorr
|player|p2|
