|badge|p2|bronze|gen9ubers|100-7
|uhtml|medal-msg|<div class="broadcast-blue">Curious what those medals under the avatar are? PS now has Ladder Seasons! For more information, check out the <a href="https://www.smogon.com/forums/threads/3740067/">thread on Smogon.</a></div>
|j|☆ScarfyX_X
|j|☆Nikator98
|t:|1760367585
|gametype|singles
|player|p1|ScarfyX_X|miku-psychic|1587
|player|p2|Nikator98|giovanni|1677
|gen|9
|tier|[Gen 9] OU
|rated|
|rule|HP Percentage Mod: HP is shown in percentages
|rule|Endless Battle Clause: Forcing endless battles is banned
|rule|Species Clause: Limit one of each Pokémon
|rule|OHKO Clause: OHKO moves are banned
|rule|Evasion Items Clause: Evasion items are banned
|rule|Evasion Moves Clause: Evasion moves are banned
|rule|Evasion Abilities Clause: Evasion abilities are banned
|rule|Sleep Moves Clause: Sleep-inducing moves are banned
|clearpoke
|poke|p1|Samurott-Hisui, F|
|poke|p1|Indeedee, M|
|poke|p1|Corviknight, M|
|poke|p1|Ninetales-Alola, F|
|poke|p1|Ceruledge, M|
|poke|p1|Zamazenta-*|
|poke|p2|Metagross|
|poke|p2|Great Tusk|
|poke|p2|Haxorus, M|
|poke|p2|Iron Moth|
|poke|p2|Zoroark-Hisui, M|
|poke|p2|Ninetales-Alola, F|
|teampreview
|inactive|Battle timer is ON: inactive players will automatically lose when time's up. (requested by ScarfyX_X)
|
|t:|1760367605
|teamsize|p1|6
|teamsize|p2|6
|start
|switch|p1a: Indeedee|Indeedee, M|100/100
|switch|p2a: Arquillian Sentry|Metagross|100/100
|-fieldstart|move: Psychic Terrain|[from] ability: Psychic Surge|[of] p1a: Indeedee
|turn|1
|
|t:|1760367621
|move|p1a: Indeedee|Trick|p2a: Arquillian Sentry
|-activate|p1a: Indeedee|move: Trick|[of] p2a: Arquillian Sentry
|-item|p2a: Arquillian Sentry|Choice Scarf|[from] move: Trick
|-item|p1a: Indeedee|Custap Berry|[from] move: Trick
|move|p2a: Arquillian Sentry|Stealth Rock|p1a: Indeedee
|-sidestart|p1: ScarfyX_X|move: Stealth Rock
|
|upkeep
|turn|2
|
|t:|1760367640
|move|p1a: Indeedee|Expanding Force|p2a: Arquillian Sentry
|-resisted|p2a: Arquillian Sentry
|-damage|p2a: Arquillian Sentry|82/100
|move|p2a: Arquillian Sentry|Stealth Rock||[still]
|-fail|p2a: Arquillian Sentry
|
|upkeep
|turn|3
|
|t:|1760367647
|move|p1a: Indeedee|Expanding Force|p2a: Arquillian Sentry
|-resisted|p2a: Arquillian Sentry
|-damage|p2a: Arquillian Sentry|61/100
|move|p2a: Arquillian Sentry|Stealth Rock||[still]
|-fail|p2a: Arquillian Sentry
|
|upkeep
|turn|4
|
|t:|1760367652
|move|p1a: Indeedee|Expanding Force|p2a: Arquillian Sentry
|-resisted|p2a: Arquillian Sentry
|-damage|p2a: Arquillian Sentry|43/100
|move|p2a: Arquillian Sentry|Stealth Rock||[still]
|-fail|p2a: Arquillian Sentry
|
|upkeep
|turn|5
|
|t:|1760367662
|move|p1a: Indeedee|Expanding Force|p2a: Arquillian Sentry
|-resisted|p2a: Arquillian Sentry
|-damage|p2a: Arquillian Sentry|23/100
|move|p2a: Arquillian Sentry|Stealth Rock||[still]
|-fail|p2a: Arquillian Sentry
|
|-fieldend|move: Psychic Terrain
|upkeep
|turn|6
|
|t:|1760367671
|switch|p2a: Asfaloth|Ninetales-Alola, F, shiny|100/100
|-weather|Snowscape|[from] ability: Snow Warning|[of] p2a: Asfaloth
|move|p1a: Indeedee|Expanding Force|p2a: Asfaloth
|-damage|p2a: Asfaloth|57/100
|
|-weather|Snowscape|[upkeep]
|upkeep
|turn|7
|
|t:|1760367678
|move|p2a: Asfaloth|Aurora Veil|p2a: Asfaloth
|-sidestart|p2: Nikator98|move: Aurora Veil
|move|p1a: Indeedee|Trick|p2a: Asfaloth
|-activate|p1a: Indeedee|move: Trick|[of] p2a: Asfaloth
|-item|p2a: Asfaloth|Custap Berry|[from] move: Trick
|-item|p1a: Indeedee|Light Clay|[from] move: Trick
|
|-weather|Snowscape|[upkeep]
|upkeep
|turn|8
|
|t:|1760367706
|switch|p2a: Asfaloth|Ninetales-Alola, F, shiny|100/100
|switch|p1a: Corviknight|Corviknight, M|100/100
|-damage|p1a: Corviknight|88/100|[from] Stealth Rock
|
|-weather|Snowscape|[upkeep]
|upkeep
|turn|9
|
|t:|1760367714
|move|p2a: Asfaloth|Flamethrower|p1a: Corviknight
|-supereffective|p1a: Corviknight
|-damage|p1a: Corviknight|1/100
|move|p1a: Corviknight|Defog|p2a: Asfaloth
|-unboost|p2a: Asfaloth|evasion|1
|-sideend|p2: Nikator98|move: Aurora Veil
|-sideend|p1: ScarfyX_X|Stealth Rock|[from] move: Defog|[of] p1a: Corviknight
|
|-weather|Snowscape|[upkeep]
|upkeep
|turn|10
|
|t:|1760367721
|move|p2a: Asfaloth|Flamethrower|p1a: Corviknight
|-supereffective|p1a: Corviknight
|-damage|p1a: Corviknight|0 fnt
|faint|p1a: Corviknight
|
|-weather|none
|upkeep
|
|t:|1760367726
|switch|p1a: Samurott|Samurott-Hisui, F|100/100
|turn|11
|
|t:|1760367729
|switch|p2a: Asfaloth|Ninetales-Alola, F, shiny|57/100
|-weather|Snowscape|[from] ability: Snow Warning|[of] p2a: Asfaloth
|move|p1a: Samurott|Razor Shell|p2a: Asfaloth
|-damage|p2a: Asfaloth|12/100
|
|-weather|Snowscape|[upkeep]
|upkeep
|turn|12
|-enditem|p2a: Asfaloth|Custap Berry|[eat]
|-activate|p2a: Asfaloth|item: Custap Berry|[consumed]
|
|t:|1760367742
|switch|p1a: Ninetales|Ninetales-Alola, F|100/100
|move|p2a: Asfaloth|Moonblast|p1a: Ninetales
|-damage|p1a: Ninetales|60/100
|-unboost|p1a: Ninetales|spa|1
|
|-weather|Snowscape|[upkeep]
|upkeep
|turn|13
|
|t:|1760367753
|move|p2a: Asfaloth|Aurora Veil|p2a: Asfaloth
|-sidestart|p2: Nikator98|move: Aurora Veil
|move|p1a: Ninetales|Aurora Veil|p1a: Ninetales
|-sidestart|p1: ScarfyX_X|move: Aurora Veil
|
|-weather|Snowscape|[upkeep]
|upkeep
|turn|14
|
|t:|1760367761
|switch|p2a: Arquillian Sentry|Metagross|23/100
|move|p1a: Ninetales|Blizzard|p2a: Arquillian Sentry
|-resisted|p2a: Arquillian Sentry
|-damage|p2a: Arquillian Sentry|16/100
|
|-weather|Snowscape|[upkeep]
|upkeep
|turn|15
|
|t:|1760367770
|switch|p1a: Ceruledge|Ceruledge, M|100/100
|move|p2a: Arquillian Sentry|Stealth Rock|p1a: Ceruledge
|-sidestart|p1: ScarfyX_X|move: Stealth Rock
|
|-weather|none
|upkeep
|turn|16
|
|t:|1760367786
|switch|p2a: Arquillian Sentry|Metagross|100/100
|move|p1a: Ceruledge|Swords Dance|p1a: Ceruledge
|-boost|p1a: Ceruledge|atk|2
|
|upkeep
|turn|17
|
|t:|1760367800
|-terastallize|p1a: Ceruledge|Fire
|move|p2a: Arquillian Sentry|Bitter Malice|p1a: Ceruledge
|-damage|p1a: Ceruledge|66/100
|-unboost|p1a: Ceruledge|atk|1
|move|p1a: Ceruledge|Bitter Blade|p2a: Arquillian Sentry
|-damage|p2a: Arquillian Sentry|3/100
|-heal|p1a: Ceruledge|100/100|[from] drain|[of] p2a: Arquillian Sentry
|replace|p2a: Van Helsing|Zoroark-Hisui, M, shiny
|-end|p2a: Van Helsing|Illusion
|
|-sideend|p2: Nikator98|move: Aurora Veil
|upkeep
|turn|18
|
|t:|1760367812
|switch|p1a: Indeedee|Indeedee, M|100/100
|-damage|p1a: Indeedee|88/100|[from] Stealth Rock
|-fieldstart|move: Psychic Terrain|[from] ability: Psychic Surge|[of] p1a: Indeedee
|move|p2a: Van Helsing|Bitter Malice|p1a: Indeedee
|-immune|p1a: Indeedee
|
|upkeep
|turn|19
|
|t:|1760367822
|move|p2a: Van Helsing|Bitter Malice|p1a: Indeedee
|-immune|p1a: Indeedee
|move|p1a: Indeedee|Expanding Force|p2a: Van Helsing
|-damage|p2a: Van Helsing|0 fnt
|faint|p2a: Van Helsing
|
|upkeep
|
|t:|1760367831
|switch|p2a: Arquillian Sentry|Metagross|16/100
|turn|20
|
|t:|1760367835
|move|p1a: Indeedee|Expanding Force|p2a: Arquillian Sentry
|-resisted|p2a: Arquillian Sentry
|-damage|p2a: Arquillian Sentry|0 fnt
|faint|p2a: Arquillian Sentry
|
|-sideend|p1: ScarfyX_X|move: Aurora Veil
|upkeep
|
|t:|1760367855
|switch|p2a: Asfaloth|Ninetales-Alola, F, shiny|12/100
|-weather|Snowscape|[from] ability: Snow Warning|[of] p2a: Asfaloth
|turn|21
|
|t:|1760367861
|move|p2a: Asfaloth|Aurora Veil|p2a: Asfaloth
|-sidestart|p2: Nikator98|move: Aurora Veil
|move|p1a: Indeedee|Expanding Force|p2a: Asfaloth
|-damage|p2a: Asfaloth|0 fnt
|faint|p2a: Asfaloth
|
|-weather|Snowscape|[upkeep]
|upkeep
|
|t:|1760367874
|switch|p2a: Lacelle|Haxorus, M|100/100
|-ability|p2a: Lacelle|Mold Breaker
|turn|22
|
|t:|1760367880
|-terastallize|p2a: Lacelle|Steel
|move|p2a: Lacelle|Swords Dance|p2a: Lacelle
|-boost|p2a: Lacelle|atk|2
|move|p1a: Indeedee|Expanding Force|p2a: Lacelle
|-resisted|p2a: Lacelle
|-damage|p2a: Lacelle|74/100
|
|-weather|Snowscape|[upkeep]
|-fieldend|move: Psychic Terrain
|upkeep
|turn|23
|
|t:|1760367897
|switch|p1a: Ninetales|Ninetales-Alola, F|60/100
|-damage|p1a: Ninetales|35/100|[from] Stealth Rock
|move|p2a: Lacelle|Scale Shot|p1a: Ninetales
|-immune|p1a: Ninetales
|
|-weather|Snowscape|[upkeep]
|upkeep
|turn|24
|
|t:|1760367910
|switch|p2a: Gothmog|Iron Moth|100/100
|-enditem|p2a: Gothmog|Booster Energy
|-activate|p2a: Gothmog|ability: Quark Drive|[fromitem]
|-start|p2a: Gothmog|quarkdrivespe
|move|p1a: Ninetales|Aurora Veil|p1a: Ninetales
|-sidestart|p1: ScarfyX_X|move: Aurora Veil
|
|-weather|Snowscape|[upkeep]
|upkeep
|turn|25
|
|t:|1760367919
|move|p2a: Gothmog|Fiery Dance|p1a: Ninetales
|-supereffective|p1a: Ninetales
|-damage|p1a: Ninetales|0 fnt
|faint|p1a: Ninetales
|
|-weather|none
|-sideend|p2: Nikator98|move: Aurora Veil
|upkeep
|
|t:|1760367928
|switch|p1a: Samurott|Samurott-Hisui, F|100/100
|-damage|p1a: Samurott|88/100|[from] Stealth Rock
|turn|26
|
|t:|1760367946
|move|p2a: Gothmog|Energy Ball|p1a: Samurott
|-supereffective|p1a: Samurott
|-damage|p1a: Samurott|58/100
|-unboost|p1a: Samurott|spd|1
|move|p1a: Samurott|Razor Shell|p2a: Gothmog
|-supereffective|p2a: Gothmog
|-damage|p2a: Gothmog|0 fnt
|faint|p2a: Gothmog
|-end|p2a: Gothmog|Quark Drive|[silent]
|
|upkeep
|
|t:|1760367955
|switch|p2a: Lacelle|Haxorus, M, tera:Steel|74/100
|-ability|p2a: Lacelle|Mold Breaker
|turn|27
|
|t:|1760367964
|move|p2a: Lacelle|Scale Shot|p1a: Samurott
|-damage|p1a: Samurott|49/100
|-crit|p1a: Samurott
|-damage|p1a: Samurott|22/100
|-damage|p1a: Samurott|14/100
|-damage|p1a: Samurott|4/100
|-damage|p1a: Samurott|0 fnt
|faint|p1a: Samurott
|-hitcount|p1: Samurott|5
|-unboost|p2a: Lacelle|def|1
|-boost|p2a: Lacelle|spe|1
|
|upkeep
|
|t:|1760367972
|switch|p1a: Zamazenta|Zamazenta|100/100
|-damage|p1a: Zamazenta|94/100|[from] Stealth Rock
|-ability|p1a: Zamazenta|Dauntless Shield|boost
|-boost|p1a: Zamazenta|def|1
|turn|28
|
|t:|1760367988
|move|p2a: Lacelle|Iron Head|p1a: Zamazenta
|-damage|p1a: Zamazenta|81/100
|cant|p1a: Zamazenta|flinch
|
|upkeep
|turn|29
|
|t:|1760367997
|move|p2a: Lacelle|Iron Head|p1a: Zamazenta
|-damage|p1a: Zamazenta|66/100
|cant|p1a: Zamazenta|flinch
|
|upkeep
|turn|30
|
|t:|1760368003
|move|p2a: Lacelle|Iron Head|p1a: Zamazenta
|-damage|p1a: Zamazenta|52/100
|move|p1a: Zamazenta|Body Press|p2a: Lacelle
|-supereffective|p2a: Lacelle
|-damage|p2a: Lacelle|0 fnt
|faint|p2a: Lacelle
|
|upkeep
|
|t:|1760368010
|switch|p2a: Kumaryia|Great Tusk, shiny|100/100
|turn|31
|
|t:|1760368016
|switch|p1a: Indeedee|Indeedee, M|88/100
|-damage|p1a: Indeedee|76/100|[from] Stealth Rock
|-fieldstart|move: Psychic Terrain|[from] ability: Psychic Surge|[of] p1a: Indeedee
|move|p2a: Kumaryia|Rapid Spin|p1a: Indeedee
|-damage|p1a: Indeedee|58/100
|-boost|p2a: Kumaryia|spe|1
|
|-sideend|p1: ScarfyX_X|move: Aurora Veil
|upkeep
|turn|32
|
|t:|1760368025
|move|p2a: Kumaryia|Knock Off|p1a: Indeedee
|-supereffective|p1a: Indeedee
|-damage|p1a: Indeedee|0 fnt
|-enditem|p1a: Indeedee|Light Clay|[from] move: Knock Off|[of] p2a: Kumaryia
|faint|p1a: Indeedee
|
|upkeep
|
|t:|1760368028
|switch|p1a: Ceruledge|Ceruledge, M, tera:Fire|100/100
|-damage|p1a: Ceruledge|76/100|[from] Stealth Rock
|turn|33
|
|t:|1760368034
|move|p2a: Kumaryia|Headlong Rush|p1a: Ceruledge
|-supereffective|p1a: Ceruledge
|-damage|p1a: Ceruledge|0 fnt
|-unboost|p2a: Kumaryia|def|1
|-unboost|p2a: Kumaryia|spd|1
|faint|p1a: Ceruledge
|
|upkeep
|-message|ScarfyX_X forfeited.
|
|win|Nikator98
|raw|ScarfyX_X's rating: 1587 &rarr; <strong>1572</strong><br />(-15 for losing)
|raw|Nikator98's rating: 1677 &rarr; <strong>1692</strong><br />(+15 for winning)
|l|☆ScarfyX_X
|player|p1|
