|j|☆Vary Aries
|j|☆spongeon
|t:|1760374683
|gametype|singles
|player|p1|Vary Aries|gambler|1386
|player|p2|spongeon|170|1357
|gen|9
|tier|[Gen 9] OU
|rated|
|rule|HP Percentage Mod: HP is shown in percentages
|rule|Endless Battle Clause: Forcing endless battles is banned
|rule|Species Clause: Limit one of each Pokémon
|rule|OHKO Clause: OHKO moves are banned
|rule|Evasion Items Clause: Evasion items are banned
|rule|Evasion Moves Clause: Evasion moves are banned
|rule|Evasion Abilities Clause: Evasion abilities are banned
|rule|Sleep Moves Clause: Sleep-inducing moves are banned
|clearpoke
|poke|p1|Tornadus-Therian, M|
|poke|p1|Heatran, M|
|poke|p1|Hatterene, F|
|poke|p1|Rillaboom, M|
|poke|p1|Dragonite, F|
|poke|p1|Great Tusk|
|poke|p2|Zamazenta-*|
|poke|p2|Zapdos|
|poke|p2|Maushold|
|poke|p2|Comfey, F|
|poke|p2|Sandslash-Alola, F|
|poke|p2|Slowking-Galar, M|
|teampreview
|inactive|Battle timer is ON: inactive players will automatically lose when time's up. (requested by Vary Aries)
|inactive|Vary Aries has 120 seconds left.
|inactive|Vary Aries has 90 seconds left.
|
|t:|1760374760
|teamsize|p1|6
|teamsize|p2|6
|start
|switch|p1a: Tornadus|Tornadus-Therian, M|100/100
|switch|p2a: Zapdos|Zapdos|100/100
|turn|1
|inactive|Vary Aries has 120 seconds left.
|
|t:|1760374789
|move|p1a: Tornadus|Knock Off|p2a: Zapdos
|-damage|p2a: Zapdos|76/100
|-status|p1a: Tornadus|par|[from] ability: Static|[of] p2a: Zapdos
|-enditem|p2a: Zapdos|Life Orb|[from] move: Knock Off|[of] p1a: Tornadus
|move|p2a: Zapdos|Hurricane|p1a: Tornadus
|-damage|p1a: Tornadus|65/100 par
|-start|p1a: Tornadus|confusion
|
|upkeep
|turn|2
|inactive|Vary Aries has 120 seconds left.
|
|t:|1760374802
|switch|p1a: Heatran|Heatran, M|100/100
|move|p2a: Zapdos|Volt Switch|p1a: Heatran
|-damage|p1a: Heatran|63/100
|
|t:|1760374811
|switch|p2a: Zamazenta|Zamazenta|100/100|[from] Volt Switch
|-ability|p2a: Zamazenta|Dauntless Shield|boost
|-boost|p2a: Zamazenta|def|1
|
|-heal|p1a: Heatran|69/100|[from] item: Leftovers
|upkeep
|turn|3
|
|t:|1760374815
|switch|p1a: Hatterene|Hatterene, F|100/100
|move|p2a: Zamazenta|Iron Defense|p2a: Zamazenta
|-boost|p2a: Zamazenta|def|2
|
|upkeep
|turn|4
|
|t:|1760374825
|move|p2a: Zamazenta|Iron Defense|p2a: Zamazenta
|-boost|p2a: Zamazenta|def|2
|move|p1a: Hatterene|Draining Kiss|p2a: Zamazenta
|-supereffective|p2a: Zamazenta
|-damage|p2a: Zamazenta|58/100
|
|upkeep
|turn|5
|
|t:|1760374832
|-terastallize|p2a: Zamazenta|Steel
|move|p2a: Zamazenta|Body Press|p1a: Hatterene
|-resisted|p1a: Hatterene
|-damage|p1a: Hatterene|71/100
|move|p1a: Hatterene|Draining Kiss|p2a: Zamazenta
|-resisted|p2a: Zamazenta
|-damage|p2a: Zamazenta|48/100
|-heal|p1a: Hatterene|79/100|[from] drain|[of] p2a: Zamazenta
|
|upkeep
|turn|6
|
|t:|1760374843
|move|p2a: Zamazenta|Body Press|p1a: Hatterene
|-resisted|p1a: Hatterene
|-damage|p1a: Hatterene|49/100
|move|p1a: Hatterene|Mystical Fire|p2a: Zamazenta
|-supereffective|p2a: Zamazenta
|-damage|p2a: Zamazenta|3/100
|-unboost|p2a: Zamazenta|spa|1
|
|upkeep
|turn|7
|
|t:|1760374850
|move|p2a: Zamazenta|Rest|p2a: Zamazenta
|-status|p2a: Zamazenta|slp|[from] move: Rest
|-heal|p2a: Zamazenta|100/100 slp|[silent]
|-enditem|p2a: Zamazenta|Chesto Berry|[eat]
|-curestatus|p2a: Zamazenta|slp|[msg]
|move|p1a: Hatterene|Draining Kiss|p2a: Zamazenta
|-resisted|p2a: Zamazenta
|-crit|p2a: Zamazenta
|-damage|p2a: Zamazenta|85/100
|-heal|p1a: Hatterene|61/100|[from] drain|[of] p2a: Zamazenta
|
|upkeep
|turn|8
|
|t:|1760374860
|move|p2a: Zamazenta|Body Press|p1a: Hatterene
|-resisted|p1a: Hatterene
|-damage|p1a: Hatterene|28/100
|move|p1a: Hatterene|Mystical Fire|p2a: Zamazenta
|-supereffective|p2a: Zamazenta
|-damage|p2a: Zamazenta|46/100
|-unboost|p2a: Zamazenta|spa|1
|
|upkeep
|turn|9
|
|t:|1760374877
|move|p2a: Zamazenta|Body Press|p1a: Hatterene
|-resisted|p1a: Hatterene
|-damage|p1a: Hatterene|0 fnt
|faint|p1a: Hatterene
|
|upkeep
|
|t:|1760374888
|switch|p1a: Tornadus|Tornadus-Therian, M|99/100 par
|turn|10
|
|t:|1760374891
|move|p2a: Zamazenta|Body Press|p1a: Tornadus
|-resisted|p1a: Tornadus
|-damage|p1a: Tornadus|10/100 par
|move|p1a: Tornadus|Heat Wave|p2a: Zamazenta
|-supereffective|p2a: Zamazenta
|-damage|p2a: Zamazenta|2/100
|
|upkeep
|turn|11
|
|t:|1760374910
|move|p2a: Zamazenta|Body Press|p1a: Tornadus
|-resisted|p1a: Tornadus
|-damage|p1a: Tornadus|0 fnt
|faint|p1a: Tornadus
|
|upkeep
|
|t:|1760374922
|switch|p1a: Great Tusk|Great Tusk|100/100
|-enditem|p1a: Great Tusk|Booster Energy
|-activate|p1a: Great Tusk|ability: Protosynthesis|[fromitem]
|-start|p1a: Great Tusk|protosynthesisspe
|turn|12
|l|☆Vary Aries
|inactive|Vary Aries disconnected and has a minute to reconnect!
|player|p1|
|j|☆Vary Aries
|inactive|Vary Aries reconnected and has 130 seconds left.
|player|p1|Vary Aries|gambler|
|inactive|Vary Aries has 120 seconds left.
|
|t:|1760374948
|move|p1a: Great Tusk|Ice Spinner|p2a: Zamazenta
|-resisted|p2a: Zamazenta
|-damage|p2a: Zamazenta|0 fnt
|faint|p2a: Zamazenta
|
|upkeep
|
|t:|1760374964
|switch|p2a: Slowking|Slowking-Galar, M|100/100
|turn|13
|inactive|Vary Aries has 120 seconds left.
|
|t:|1760374986
|-terastallize|p1a: Great Tusk|Steel
|move|p1a: Great Tusk|Bulk Up|p1a: Great Tusk
|-boost|p1a: Great Tusk|atk|1
|-boost|p1a: Great Tusk|def|1
|-prepare|p2a: Slowking|Chilly Reception|[premajor]
|move|p2a: Slowking|Chilly Reception|p2a: Slowking
|-weather|Snowscape
|
|t:|1760375007
|switch|p2a: Sandslash|Sandslash-Alola, F|100/100|[from] Chilly Reception
|
|-weather|Snowscape|[upkeep]
|upkeep
|turn|14
|inactive|Vary Aries has 120 seconds left.
|inactive|Vary Aries has 90 seconds left.
|
|t:|1760375043
|move|p1a: Great Tusk|Bulk Up|p1a: Great Tusk
|-boost|p1a: Great Tusk|atk|1
|-boost|p1a: Great Tusk|def|1
|move|p2a: Sandslash|Earthquake|p1a: Great Tusk
|-supereffective|p1a: Great Tusk
|-damage|p1a: Great Tusk|77/100
|
|-weather|Snowscape|[upkeep]
|upkeep
|turn|15
|
|t:|1760375058
|move|p1a: Great Tusk|Headlong Rush|p2a: Sandslash
|-supereffective|p2a: Sandslash
|-damage|p2a: Sandslash|0 fnt
|-unboost|p1a: Great Tusk|def|1
|-unboost|p1a: Great Tusk|spd|1
|faint|p2a: Sandslash
|
|-weather|Snowscape|[upkeep]
|upkeep
|
|t:|1760375067
|switch|p2a: Zapdos|Zapdos|76/100
|turn|16
|
|t:|1760375073
|move|p1a: Great Tusk|Ice Spinner|p2a: Zapdos
|-supereffective|p2a: Zapdos
|-damage|p2a: Zapdos|0 fnt
|faint|p2a: Zapdos
|
|-weather|Snowscape|[upkeep]
|upkeep
|
|t:|1760375075
|switch|p2a: Maushold|Maushold|100/100
|turn|17
|
|t:|1760375081
|move|p1a: Great Tusk|Headlong Rush|p2a: Maushold
|-damage|p2a: Maushold|0 fnt
|-unboost|p1a: Great Tusk|def|1
|-unboost|p1a: Great Tusk|spd|1
|faint|p2a: Maushold
|
|-weather|Snowscape|[upkeep]
|upkeep
|
|t:|1760375084
|switch|p2a: Comfey|Comfey, F|100/100
|turn|18
|
|t:|1760375091
|move|p2a: Comfey|Draining Kiss|p1a: Great Tusk
|-resisted|p1a: Great Tusk
|-damage|p1a: Great Tusk|49/100
|move|p1a: Great Tusk|Headlong Rush|p2a: Comfey
|-damage|p2a: Comfey|0 fnt
|-unboost|p1a: Great Tusk|def|1
|-unboost|p1a: Great Tusk|spd|1
|faint|p2a: Comfey
|
|-weather|Snowscape|[upkeep]
|upkeep
|
|t:|1760375096
|switch|p2a: Slowking|Slowking-Galar, M|100/100
|turn|19
|
|t:|1760375098
|move|p1a: Great Tusk|Headlong Rush|p2a: Slowking
|-supereffective|p2a: Slowking
|-damage|p2a: Slowking|0 fnt
|-unboost|p1a: Great Tusk|def|1
|-unboost|p1a: Great Tusk|spd|1
|faint|p2a: Slowking
|
|win|Vary Aries
|raw|Vary Aries's rating: 1386 &rarr; <strong>1404</strong><br />(+18 for winning)
|raw|spongeon's rating: 1357 &rarr; <strong>1339</strong><br />(-18 for losing)
|l|☆Vary Aries
|player|p1|
|l|☆spongeon
|player|p2|
