|j|☆Moonlit TCG
|j|☆ggjjhj
|t:|1760367415
|gametype|singles
|player|p1|Moonlit TCG|hilbert-wonderlauncher|1140
|player|p2|ggjjhj|170|1175
|gen|9
|tier|[Gen 9] OU
|rated|
|rule|HP Percentage Mod: HP is shown in percentages
|rule|Endless Battle Clause: Forcing endless battles is banned
|rule|Species Clause: Limit one of each Pokémon
|rule|OHKO Clause: OHKO moves are banned
|rule|Evasion Items Clause: Evasion items are banned
|rule|Evasion Moves Clause: Evasion moves are banned
|rule|Evasion Abilities Clause: Evasion abilities are banned
|rule|Sleep Moves Clause: Sleep-inducing moves are banned
|clearpoke
|poke|p1|Serperior, F|
|poke|p1|Iron Treads|
|poke|p1|Alomomola, F|
|poke|p1|Heatran, M|
|poke|p1|Umbreon, F|
|poke|p1|Ariados, M|
|poke|p2|Ninetales, M|
|poke|p2|Hatterene, F|
|poke|p2|Walking Wake|
|poke|p2|Landorus-Therian, M|
|poke|p2|Raging Bolt|
|poke|p2|Iron Moth|
|teampreview
|inactive|Battle timer is ON: inactive players will automatically lose when time's up. (requested by Moonlit TCG)
|
|t:|1760367429
|teamsize|p1|6
|teamsize|p2|6
|start
|switch|p1a: Deception|Ariados, M, shiny|100/100
|switch|p2a: Landorus|Landorus-Therian, M|100/100
|-ability|p2a: Landorus|Intimidate|boost
|-unboost|p1a: Deception|atk|1
|turn|1
|
|t:|1760367441
|move|p2a: Landorus|U-turn|p1a: Deception
|-resisted|p1a: Deception
|-damage|p1a: Deception|83/100
|
|t:|1760367446
|switch|p2a: Hatterene|Hatterene, F|100/100|[from] U-turn
|move|p1a: Deception|Sticky Web|p2a: Hatterene
|move|p2a: Hatterene|Sticky Web|p1a: Deception|[from] ability: Magic Bounce
|-sidestart|p1: Moonlit TCG|move: Sticky Web
|
|upkeep
|turn|2
|
|t:|1760367457
|move|p1a: Deception|Megahorn|p2a: Hatterene
|-damage|p2a: Hatterene|58/100
|-enditem|p2a: Hatterene|Red Card|[of] p1a: Deception
|drag|p1a: Lizard...Lizard|Serperior, F, shiny|100/100
|move|p2a: Hatterene|Future Sight|p1a: Lizard...Lizard
|-start|p2a: Hatterene|move: Future Sight
|
|upkeep
|turn|3
|
|t:|1760367469
|-terastallize|p1a: Lizard...Lizard|Grass
|-terastallize|p2a: Hatterene|Steel
|move|p1a: Lizard...Lizard|Leaf Storm|p2a: Hatterene
|-resisted|p2a: Hatterene
|-damage|p2a: Hatterene|27/100
|-boost|p1a: Lizard...Lizard|spa|2
|move|p2a: Hatterene|Draining Kiss|p1a: Lizard...Lizard
|-damage|p1a: Lizard...Lizard|65/100
|-heal|p2a: Hatterene|51/100|[from] drain|[of] p1a: Lizard...Lizard
|
|upkeep
|turn|4
|
|t:|1760367481
|move|p1a: Lizard...Lizard|Leaf Storm|p2a: Hatterene
|-resisted|p2a: Hatterene
|-damage|p2a: Hatterene|0 fnt
|-boost|p1a: Lizard...Lizard|spa|2
|faint|p2a: Hatterene
|
|-end|p1a: Lizard...Lizard|move: Future Sight
|-damage|p1a: Lizard...Lizard|0 fnt
|faint|p1a: Lizard...Lizard
|upkeep
|
|t:|1760367493
|switch|p1a: Deception|Ariados, M, shiny|83/100
|switch|p2a: Landorus|Landorus-Therian, M|100/100
|-ability|p2a: Landorus|Intimidate|boost
|-unboost|p1a: Deception|atk|1
|-activate|p1a: Deception|move: Sticky Web
|-unboost|p1a: Deception|spe|1
|turn|5
|
|t:|1760367502
|move|p2a: Landorus|Taunt|p1a: Deception
|-start|p1a: Deception|move: Taunt
|cant|p1a: Deception|move: Taunt|Sticky Web
|
|upkeep
|turn|6
|
|t:|1760367507
|move|p2a: Landorus|Stealth Rock|p1a: Deception
|-sidestart|p1: Moonlit TCG|move: Stealth Rock
|move|p1a: Deception|Megahorn|p2a: Landorus
|-resisted|p2a: Landorus
|-damage|p2a: Landorus|79/100
|-damage|p1a: Deception|66/100|[from] item: Rocky Helmet|[of] p2a: Landorus
|
|upkeep
|turn|7
|
|t:|1760367514
|move|p2a: Landorus|Earthquake|p1a: Deception
|-damage|p1a: Deception|0 fnt
|faint|p1a: Deception
|
|upkeep
|
|t:|1760367519
|switch|p1a: Iron Treads|Iron Treads|100/100
|-activate|p1a: Iron Treads|move: Sticky Web
|-unboost|p1a: Iron Treads|spe|1
|-damage|p1a: Iron Treads|97/100|[from] Stealth Rock
|turn|8
|
|t:|1760367525
|move|p2a: Landorus|Earthquake|p1a: Iron Treads
|-supereffective|p1a: Iron Treads
|-damage|p1a: Iron Treads|0 fnt
|faint|p1a: Iron Treads
|-end|p1a: Iron Treads|Quark Drive|[silent]
|
|upkeep
|-message|Moonlit TCG forfeited.
|
|win|ggjjhj
|raw|Moonlit TCG's rating: 1140 &rarr; <strong>1118</strong><br />(-22 for losing)
|raw|ggjjhj's rating: 1175 &rarr; <strong>1197</strong><br />(+22 for winning)
|l|☆Moonlit TCG
|player|p1|
|l|☆ggjjhj
|player|p2|
