|j|☆1stant1
|j|☆uwontwinprobably
|t:|1760340757
|gametype|singles
|player|p1|1stant1|266|1364
|player|p2|uwontwinprobably|acetrainer-gen4dp|1326
|gen|9
|tier|[Gen 9] OU
|rated|
|rule|HP Percentage Mod: HP is shown in percentages
|rule|Endless Battle Clause: Forcing endless battles is banned
|rule|Species Clause: Limit one of each Pokémon
|rule|OHKO Clause: OHKO moves are banned
|rule|Evasion Items Clause: Evasion items are banned
|rule|Evasion Moves Clause: Evasion moves are banned
|rule|Evasion Abilities Clause: Evasion abilities are banned
|rule|Sleep Moves Clause: Sleep-inducing moves are banned
|clearpoke
|poke|p1|Ogerpon-Cornerstone, F|
|poke|p1|Gholdengo|
|poke|p1|Dragonite, F|
|poke|p1|Iron Valiant|
|poke|p1|Zamazenta-*|
|poke|p1|Primarina, F|
|poke|p2|Garganacl, M|
|poke|p2|Enamorus, F|
|poke|p2|Glimmora, F|
|poke|p2|Iron Crown|
|poke|p2|Dragapult, F|
|poke|p2|Ogerpon-Wellspring, F|
|teampreview
|inactive|Battle timer is ON: inactive players will automatically lose when time's up. (requested by uwontwinprobably)
|
|t:|1760340791
|teamsize|p1|6
|teamsize|p2|6
|start
|switch|p1a: MIGUEL|Ogerpon-Cornerstone, F|100/100
|switch|p2a: Iron Crown|Iron Crown|100/100
|turn|1
|
|t:|1760340812
|move|p2a: Iron Crown|Tachyon Cutter|p1a: MIGUEL
|-supereffective|p1a: MIGUEL
|-damage|p1a: MIGUEL|33/100
|-supereffective|p1a: MIGUEL
|-damage|p1a: MIGUEL|0 fnt
|faint|p1a: MIGUEL
|-hitcount|p1: MIGUEL|2
|
|upkeep
|inactive|1stant1 has 120 seconds left.
|
|t:|1760340840
|switch|p1a: Elon Musk "Toy"|Iron Valiant, shiny|100/100
|-enditem|p1a: Elon Musk "Toy"|Booster Energy
|-activate|p1a: Elon Musk "Toy"|ability: Quark Drive|[fromitem]
|-start|p1a: Elon Musk "Toy"|quarkdrivespe
|turn|2
|inactive|1stant1 has 120 seconds left.
|
|t:|1760340846
|move|p1a: Elon Musk "Toy"|Knock Off|p2a: Iron Crown
|-supereffective|p2a: Iron Crown
|-damage|p2a: Iron Crown|32/100
|-enditem|p2a: Iron Crown|Choice Scarf|[from] move: Knock Off|[of] p1a: Elon Musk "Toy"
|move|p2a: Iron Crown|Tachyon Cutter|p1a: Elon Musk "Toy"
|-supereffective|p1a: Elon Musk "Toy"
|-damage|p1a: Elon Musk "Toy"|0 fnt
|faint|p1a: Elon Musk "Toy"
|-end|p1a: Elon Musk "Toy"|Quark Drive|[silent]
|-hitcount|p1: Elon Musk "Toy"|1
|
|upkeep
|inactive|1stant1 has 120 seconds left.
|
|t:|1760340870
|switch|p1a: Draco but bigger|Dragonite, F|100/100
|turn|3
|
|t:|1760340874
|move|p2a: Iron Crown|Tachyon Cutter|p1a: Draco but bigger
|-damage|p1a: Draco but bigger|87/100
|-damage|p1a: Draco but bigger|58/100
|-hitcount|p1a: Draco but bigger|2
|move|p1a: Draco but bigger|Earthquake|p2a: Iron Crown
|-supereffective|p2a: Iron Crown
|-damage|p2a: Iron Crown|0 fnt
|faint|p2a: Iron Crown
|-end|p2a: Iron Crown|Quark Drive|[silent]
|
|upkeep
|
|t:|1760340892
|switch|p2a: Enamorus|Enamorus, F|100/100
|turn|4
|
|t:|1760340900
|move|p2a: Enamorus|Moonblast|p1a: Draco but bigger
|-supereffective|p1a: Draco but bigger
|-damage|p1a: Draco but bigger|0 fnt
|faint|p1a: Draco but bigger
|
|upkeep
|
|t:|1760340908
|switch|p1a: Richer ghost|Gholdengo|100/100
|-item|p1a: Richer ghost|Air Balloon
|turn|5
|
|t:|1760340933
|switch|p2a: Ogerpon|Ogerpon-Wellspring, F|100/100
|move|p1a: Richer ghost|Thunder Wave|p2a: Ogerpon
|-status|p2a: Ogerpon|par
|
|upkeep
|turn|6
|
|t:|1760340940
|move|p1a: Richer ghost|Hex|p2a: Ogerpon
|-damage|p2a: Ogerpon|36/100 par
|move|p2a: Ogerpon|Ivy Cudgel|p1a: Richer ghost|[anim] Ivy Cudgel Water
|-crit|p1a: Richer ghost
|-damage|p1a: Richer ghost|39/100
|-enditem|p1a: Richer ghost|Air Balloon
|
|upkeep
|turn|7
|
|t:|1760340949
|move|p1a: Richer ghost|Recover|p1a: Richer ghost
|-heal|p1a: Richer ghost|89/100
|cant|p2a: Ogerpon|par
|
|upkeep
|turn|8
|
|t:|1760340954
|move|p1a: Richer ghost|Hex|p2a: Ogerpon
|-damage|p2a: Ogerpon|0 fnt
|faint|p2a: Ogerpon
|
|upkeep
|
|t:|1760340965
|switch|p2a: Enamorus|Enamorus, F|100/100
|turn|9
|
|t:|1760340974
|move|p2a: Enamorus|Mystical Fire|p1a: Richer ghost
|-supereffective|p1a: Richer ghost
|-damage|p1a: Richer ghost|0 fnt
|faint|p1a: Richer ghost
|
|upkeep
|
|t:|1760340979
|switch|p1a: Il est lent...|Primarina, F, shiny|100/100
|turn|10
|inactive|uwontwinprobably has 120 seconds left.
|inactive|uwontwinprobably has 90 seconds left.
|
|t:|1760341045
|switch|p2a: Glimmora|Glimmora, F|100/100
|move|p1a: Il est lent...|Surf|p2a: Glimmora
|-supereffective|p2a: Glimmora
|-damage|p2a: Glimmora|0 fnt
|faint|p2a: Glimmora
|
|upkeep
|
|t:|1760341053
|switch|p2a: Garganacl|Garganacl, M|100/100
|turn|11
|
|t:|1760341060
|-terastallize|p2a: Garganacl|Water
|move|p1a: Il est lent...|Flip Turn|p2a: Garganacl
|-resisted|p2a: Garganacl
|-damage|p2a: Garganacl|96/100
|
|t:|1760341066
|switch|p1a: Sif but no shield|Zamazenta|100/100|[from] Flip Turn
|-ability|p1a: Sif but no shield|Dauntless Shield|boost
|-boost|p1a: Sif but no shield|def|1
|move|p2a: Garganacl|Iron Defense|p2a: Garganacl
|-boost|p2a: Garganacl|def|2
|
|-heal|p2a: Garganacl|100/100|[from] item: Leftovers
|upkeep
|turn|12
|
|t:|1760341094
|move|p1a: Sif but no shield|Crunch|p2a: Garganacl
|-damage|p2a: Garganacl|93/100
|-unboost|p2a: Garganacl|def|1
|move|p2a: Garganacl|Iron Defense|p2a: Garganacl
|-boost|p2a: Garganacl|def|2
|
|-heal|p2a: Garganacl|99/100|[from] item: Leftovers
|upkeep
|turn|13
|
|t:|1760341103
|switch|p1a: Il est lent...|Primarina, F, shiny|100/100
|move|p2a: Garganacl|Iron Defense|p2a: Garganacl
|-boost|p2a: Garganacl|def|2
|
|-heal|p2a: Garganacl|100/100|[from] item: Leftovers
|upkeep
|turn|14
|
|t:|1760341111
|move|p1a: Il est lent...|Moonblast|p2a: Garganacl
|-damage|p2a: Garganacl|49/100
|move|p2a: Garganacl|Body Press|p1a: Il est lent...
|-resisted|p1a: Il est lent...
|-damage|p1a: Il est lent...|33/100
|
|-heal|p2a: Garganacl|55/100|[from] item: Leftovers
|upkeep
|turn|15
|
|t:|1760341119
|move|p1a: Il est lent...|Moonblast|p2a: Garganacl
|-damage|p2a: Garganacl|7/100
|move|p2a: Garganacl|Recover|p2a: Garganacl
|-heal|p2a: Garganacl|57/100
|
|-heal|p2a: Garganacl|64/100|[from] item: Leftovers
|upkeep
|turn|16
|
|t:|1760341126
|move|p1a: Il est lent...|Moonblast|p2a: Garganacl
|-damage|p2a: Garganacl|18/100
|move|p2a: Garganacl|Recover|p2a: Garganacl
|-heal|p2a: Garganacl|68/100
|
|-heal|p2a: Garganacl|75/100|[from] item: Leftovers
|upkeep
|turn|17
|
|t:|1760341133
|move|p1a: Il est lent...|Moonblast|p2a: Garganacl
|-damage|p2a: Garganacl|29/100
|move|p2a: Garganacl|Recover|p2a: Garganacl
|-heal|p2a: Garganacl|79/100
|
|-heal|p2a: Garganacl|85/100|[from] item: Leftovers
|upkeep
|turn|18
|
|t:|1760341142
|move|p1a: Il est lent...|Psychic Noise|p2a: Garganacl
|-damage|p2a: Garganacl|60/100
|-start|p2a: Garganacl|move: Heal Block
|cant|p2a: Garganacl|move: Heal Block|Recover
|
|upkeep
|turn|19
|
|t:|1760341149
|move|p1a: Il est lent...|Moonblast|p2a: Garganacl
|-crit|p2a: Garganacl
|-damage|p2a: Garganacl|0 fnt
|faint|p2a: Garganacl
|
|upkeep
|
|t:|1760341166
|switch|p2a: Enamorus|Enamorus, F|100/100
|turn|20
|c|☆1stant1|Thanks god to crit now
|
|t:|1760341183
|-terastallize|p1a: Il est lent...|Steel
|move|p2a: Enamorus|Moonblast|p1a: Il est lent...
|-resisted|p1a: Il est lent...
|-damage|p1a: Il est lent...|5/100
|-unboost|p1a: Il est lent...|spa|1
|move|p1a: Il est lent...|Surf|p2a: Enamorus
|-damage|p2a: Enamorus|29/100
|
|upkeep
|turn|21
|
|t:|1760341191
|move|p2a: Enamorus|Moonblast|p1a: Il est lent...
|-resisted|p1a: Il est lent...
|-damage|p1a: Il est lent...|0 fnt
|faint|p1a: Il est lent...
|
|upkeep
|
|t:|1760341196
|switch|p1a: Sif but no shield|Zamazenta|100/100
|turn|22
|
|t:|1760341201
|move|p1a: Sif but no shield|Heavy Slam|p2a: Enamorus
|-supereffective|p2a: Enamorus
|-damage|p2a: Enamorus|0 fnt
|faint|p2a: Enamorus
|
|upkeep
|
|t:|1760341204
|switch|p2a: Dragapult|Dragapult, F|100/100
|turn|23
|
|t:|1760341209
|move|p1a: Sif but no shield|Crunch|p2a: Dragapult
|-supereffective|p2a: Dragapult
|-damage|p2a: Dragapult|24/100
|move|p2a: Dragapult|Dragon Darts|p1a: Sif but no shield
|-damage|p1a: Sif but no shield|65/100
|-anim|p2a: Dragapult|Dragon Darts|p1a: Sif but no shield
|-damage|p1a: Sif but no shield|30/100
|
|-heal|p1a: Sif but no shield|36/100|[from] item: Leftovers
|upkeep
|turn|24
|
|t:|1760341218
|move|p1a: Sif but no shield|Crunch|p2a: Dragapult
|-supereffective|p2a: Dragapult
|-damage|p2a: Dragapult|0 fnt
|faint|p2a: Dragapult
|
|win|1stant1
|raw|1stant1's rating: 1364 &rarr; <strong>1382</strong><br />(+18 for winning)
|raw|uwontwinprobably's rating: 1326 &rarr; <strong>1308</strong><br />(-18 for losing)
|l|☆uwontwinprobably
|player|p2|
|c|☆1stant1|gg
