|j|‽bepic223
|j|‽solascriptura1521
|t:|1760436726
|gametype|singles
|player|p1|bepic223|veteranf|1673
|player|p2|solascriptura1521|1|1796
|gen|9
|tier|[Gen 9] OU
|rated|
|rule|HP Percentage Mod: HP is shown in percentages
|rule|Endless Battle Clause: Forcing endless battles is banned
|rule|Species Clause: Limit one of each Pokémon
|rule|OHKO Clause: OHKO moves are banned
|rule|Evasion Items Clause: Evasion items are banned
|rule|Evasion Moves Clause: Evasion moves are banned
|rule|Evasion Abilities Clause: Evasion abilities are banned
|rule|Sleep Moves Clause: Sleep-inducing moves are banned
|clearpoke
|poke|p1|Darkrai|
|poke|p1|Ogerpon-Wellspring, F|
|poke|p1|Hatterene, F|
|poke|p1|Slowking-Galar, M|
|poke|p1|Landorus-Therian, M|
|poke|p1|Kingambit, F|
|poke|p2|Torkoal, F|
|poke|p2|Walking Wake|
|poke|p2|Raging Bolt|
|poke|p2|Kingambit, F|
|poke|p2|Great Tusk|
|poke|p2|Hatterene, F|
|teampreview
|inactive|Battle timer is ON: inactive players will automatically lose when time's up. (requested by bepic223)
|
|t:|1760436738
|teamsize|p1|6
|teamsize|p2|6
|start
|switch|p1a: Darkrai|Darkrai|100/100
|switch|p2a: Great Tusk|Great Tusk|100/100
|turn|1
|
|t:|1760436744
|-end|p2a: Great Tusk|Protosynthesis|[silent]
|switch|p2a: Hatterene|Hatterene, F|100/100
|move|p1a: Darkrai|Ice Beam|p2a: Hatterene
|-damage|p2a: Hatterene|52/100
|
|-heal|p2a: Hatterene|58/100|[from] item: Leftovers
|upkeep
|turn|2
|
|t:|1760436774
|switch|p1a: Landorus|Landorus-Therian, M|100/100
|-ability|p1a: Landorus|Intimidate|boost
|-unboost|p2a: Hatterene|atk|1
|move|p2a: Hatterene|Draining Kiss|p1a: Landorus
|-damage|p1a: Landorus|77/100
|-heal|p2a: Hatterene|79/100|[from] drain|[of] p1a: Landorus
|-damage|p2a: Hatterene|62/100|[from] item: Rocky Helmet|[of] p1a: Landorus
|
|-heal|p2a: Hatterene|68/100|[from] item: Leftovers
|upkeep
|turn|3
|
|t:|1760436779
|move|p1a: Landorus|Earthquake|p2a: Hatterene
|-damage|p2a: Hatterene|28/100
|move|p2a: Hatterene|Calm Mind|p2a: Hatterene
|-boost|p2a: Hatterene|spa|1
|-boost|p2a: Hatterene|spd|1
|
|-heal|p2a: Hatterene|34/100|[from] item: Leftovers
|upkeep
|turn|4
|
|t:|1760436786
|move|p1a: Landorus|Earthquake|p2a: Hatterene
|-damage|p2a: Hatterene|0 fnt
|faint|p2a: Hatterene
|
|upkeep
|
|t:|1760436788
|switch|p2a: Walking Wake|Walking Wake|100/100
|turn|5
|
|t:|1760436791
|switch|p1a: Slowking|Slowking-Galar, M|100/100
|move|p2a: Walking Wake|Draco Meteor|p1a: Slowking
|-damage|p1a: Slowking|50/100
|-unboost|p2a: Walking Wake|spa|2
|
|upkeep
|turn|6
|
|t:|1760436800
|-end|p2a: Walking Wake|Protosynthesis|[silent]
|switch|p2a: Torkoal|Torkoal, F|100/100
|-weather|SunnyDay|[from] ability: Drought|[of] p2a: Torkoal
|switch|p1a: Hatterene|Hatterene, F|100/100
|
|-weather|SunnyDay|[upkeep]
|upkeep
|turn|7
|
|t:|1760436807
|switch|p2a: Kingambit|Kingambit, F|100/100
|-activate|p2a: Kingambit|ability: Supreme Overlord
|-start|p2a: Kingambit|fallen1|[silent]
|move|p1a: Hatterene|Mystical Fire|p2a: Kingambit
|-supereffective|p2a: Kingambit
|-damage|p2a: Kingambit|37/100
|-unboost|p2a: Kingambit|spa|1
|
|-weather|SunnyDay|[upkeep]
|upkeep
|turn|8
|
|t:|1760436813
|switch|p1a: Kingambit|Kingambit, F|100/100
|move|p2a: Kingambit|Iron Head|p1a: Kingambit
|-resisted|p1a: Kingambit
|-damage|p1a: Kingambit|83/100
|
|-weather|SunnyDay|[upkeep]
|-heal|p1a: Kingambit|89/100|[from] item: Leftovers
|upkeep
|turn|9
|
|t:|1760436816
|-end|p2a: Kingambit|fallen1|[silent]
|switch|p2a: Great Tusk|Great Tusk|100/100
|-activate|p2a: Great Tusk|ability: Protosynthesis
|-start|p2a: Great Tusk|protosynthesisatk
|move|p1a: Kingambit|Low Kick|p2a: Great Tusk
|-damage|p2a: Great Tusk|69/100
|
|-weather|SunnyDay|[upkeep]
|-heal|p2a: Great Tusk|75/100|[from] item: Leftovers
|-heal|p1a: Kingambit|95/100|[from] item: Leftovers
|upkeep
|turn|10
|
|t:|1760436827
|-end|p1a: Kingambit|fallenundefined|[silent]
|switch|p1a: Landorus|Landorus-Therian, M|77/100
|-ability|p1a: Landorus|Intimidate|boost
|-unboost|p2a: Great Tusk|atk|1
|move|p2a: Great Tusk|Rapid Spin|p1a: Landorus
|-damage|p1a: Landorus|61/100
|-boost|p2a: Great Tusk|spe|1
|-damage|p2a: Great Tusk|59/100|[from] item: Rocky Helmet|[of] p1a: Landorus
|
|-weather|SunnyDay|[upkeep]
|-heal|p2a: Great Tusk|65/100|[from] item: Leftovers
|upkeep
|turn|11
|
|t:|1760436837
|switch|p1a: Hatterene|Hatterene, F|100/100
|move|p2a: Great Tusk|Bulk Up|p2a: Great Tusk
|-boost|p2a: Great Tusk|atk|1
|-boost|p2a: Great Tusk|def|1
|
|-weather|SunnyDay|[upkeep]
|-heal|p2a: Great Tusk|71/100|[from] item: Leftovers
|upkeep
|turn|12
|
|t:|1760436842
|-terastallize|p2a: Great Tusk|Ground
|move|p2a: Great Tusk|Headlong Rush|p1a: Hatterene
|-damage|p1a: Hatterene|7/100
|-unboost|p2a: Great Tusk|def|1
|-unboost|p2a: Great Tusk|spd|1
|-damage|p2a: Great Tusk|54/100|[from] item: Rocky Helmet|[of] p1a: Hatterene
|move|p1a: Hatterene|Draining Kiss|p2a: Great Tusk
|-damage|p2a: Great Tusk|3/100
|-heal|p1a: Hatterene|52/100|[from] drain|[of] p2a: Great Tusk
|
|-weather|SunnyDay|[upkeep]
|-heal|p2a: Great Tusk|9/100|[from] item: Leftovers
|upkeep
|turn|13
|
|t:|1760436856
|move|p2a: Great Tusk|Headlong Rush|p1a: Hatterene
|-damage|p1a: Hatterene|0 fnt
|-unboost|p2a: Great Tusk|def|1
|-unboost|p2a: Great Tusk|spd|1
|-damage|p2a: Great Tusk|0 fnt|[from] item: Rocky Helmet|[of] p1a: Hatterene
|faint|p1a: Hatterene
|faint|p2a: Great Tusk
|-end|p2a: Great Tusk|Protosynthesis|[silent]
|
|-weather|none
|upkeep
|
|t:|1760436863
|switch|p2a: Walking Wake|Walking Wake|100/100
|switch|p1a: Darkrai|Darkrai|100/100
|turn|14
|
|t:|1760436866
|move|p1a: Darkrai|Dark Pulse|p2a: Walking Wake
|-damage|p2a: Walking Wake|27/100
|move|p2a: Walking Wake|Draco Meteor|p1a: Darkrai
|-damage|p1a: Darkrai|0 fnt
|-unboost|p2a: Walking Wake|spa|2
|faint|p1a: Darkrai
|
|upkeep
|
|t:|1760436877
|switch|p1a: Kingambit|Kingambit, F|95/100
|-activate|p1a: Kingambit|ability: Supreme Overlord
|-start|p1a: Kingambit|fallen2|[silent]
|turn|15
|
|t:|1760436880
|-end|p2a: Walking Wake|Protosynthesis|[silent]
|switch|p2a: Torkoal|Torkoal, F|100/100
|-weather|SunnyDay|[from] ability: Drought|[of] p2a: Torkoal
|move|p1a: Kingambit|Swords Dance|p1a: Kingambit
|-boost|p1a: Kingambit|atk|2
|
|-weather|SunnyDay|[upkeep]
|-heal|p1a: Kingambit|100/100|[from] item: Leftovers
|upkeep
|turn|16
|
|t:|1760436889
|-terastallize|p1a: Kingambit|Fire
|move|p1a: Kingambit|Swords Dance|p1a: Kingambit
|-boost|p1a: Kingambit|atk|2
|move|p2a: Torkoal|Lava Plume|p1a: Kingambit
|-resisted|p1a: Kingambit
|-damage|p1a: Kingambit|83/100
|
|-weather|SunnyDay|[upkeep]
|-heal|p1a: Kingambit|89/100|[from] item: Leftovers
|upkeep
|turn|17
|
|t:|1760436894
|move|p1a: Kingambit|Low Kick|p2a: Torkoal
|-damage|p2a: Torkoal|19/100
|move|p2a: Torkoal|Earthquake|p1a: Kingambit
|-supereffective|p1a: Kingambit
|-damage|p1a: Kingambit|61/100
|
|-weather|SunnyDay|[upkeep]
|-heal|p1a: Kingambit|67/100|[from] item: Leftovers
|upkeep
|turn|18
|
|t:|1760436903
|move|p1a: Kingambit|Low Kick|p2a: Torkoal
|-damage|p2a: Torkoal|0 fnt
|faint|p2a: Torkoal
|
|-weather|SunnyDay|[upkeep]
|-heal|p1a: Kingambit|73/100|[from] item: Leftovers
|upkeep
|
|t:|1760436906
|switch|p2a: Kingambit|Kingambit, F|37/100
|-activate|p2a: Kingambit|ability: Supreme Overlord
|-start|p2a: Kingambit|fallen3|[silent]
|turn|19
|
|t:|1760436915
|move|p1a: Kingambit|Sucker Punch|p2a: Kingambit
|-resisted|p2a: Kingambit
|-crit|p2a: Kingambit
|-damage|p2a: Kingambit|0 fnt
|faint|p2a: Kingambit
|-end|p2a: Kingambit|fallen3|[silent]
|
|-weather|SunnyDay|[upkeep]
|-heal|p1a: Kingambit|79/100|[from] item: Leftovers
|upkeep
|
|t:|1760436920
|switch|p2a: Raging Bolt|Raging Bolt|100/100
|-activate|p2a: Raging Bolt|ability: Protosynthesis
|-start|p2a: Raging Bolt|protosynthesisspa
|turn|20
|
|t:|1760436925
|move|p2a: Raging Bolt|Draco Meteor|p1a: Kingambit
|-damage|p1a: Kingambit|0 fnt
|-unboost|p2a: Raging Bolt|spa|2
|faint|p1a: Kingambit
|-end|p1a: Kingambit|fallen2|[silent]
|
|-weather|SunnyDay|[upkeep]
|upkeep
|
|t:|1760436932
|switch|p1a: Landorus|Landorus-Therian, M|61/100
|-ability|p1a: Landorus|Intimidate|boost
|-unboost|p2a: Raging Bolt|atk|1
|turn|21
|
|t:|1760436937
|move|p1a: Landorus|Earthquake|p2a: Raging Bolt
|-supereffective|p2a: Raging Bolt
|-damage|p2a: Raging Bolt|22/100
|move|p2a: Raging Bolt|Draco Meteor|p1a: Landorus
|-damage|p1a: Landorus|8/100
|-unboost|p2a: Raging Bolt|spa|2
|
|-weather|SunnyDay|[upkeep]
|upkeep
|turn|22
|
|t:|1760436940
|-end|p2a: Raging Bolt|Protosynthesis|[silent]
|switch|p2a: Walking Wake|Walking Wake|27/100
|-activate|p2a: Walking Wake|ability: Protosynthesis
|-start|p2a: Walking Wake|protosynthesisspa
|move|p1a: Landorus|Earthquake|p2a: Walking Wake
|-damage|p2a: Walking Wake|0 fnt
|faint|p2a: Walking Wake
|-end|p2a: Walking Wake|Protosynthesis|[silent]
|
|-weather|none
|upkeep
|-message|solascriptura1521 forfeited.
|
|win|bepic223
|raw|bepic223's rating: 1673 &rarr; <strong>1700</strong><br />(+27 for winning)
|raw|solascriptura1521's rating: 1796 &rarr; <strong>1769</strong><br />(-27 for losing)
|l|‽solascriptura1521
|player|p2|
|l|‽bepic223
|player|p1|
