|j|☆gorgeoues g
|j|☆BIGFISHFISHH
|t:|1760335402
|gametype|singles
|player|p1|gorgeoues g|artist-gen4|1260
|player|p2|BIGFISHFISHH|swimmer|1162
|gen|9
|tier|[Gen 9] OU
|rated|
|rule|HP Percentage Mod: HP is shown in percentages
|rule|Endless Battle Clause: Forcing endless battles is banned
|rule|Species Clause: Limit one of each Pokémon
|rule|OHKO Clause: OHKO moves are banned
|rule|Evasion Items Clause: Evasion items are banned
|rule|Evasion Moves Clause: Evasion moves are banned
|rule|Evasion Abilities Clause: Evasion abilities are banned
|rule|Sleep Moves Clause: Sleep-inducing moves are banned
|clearpoke
|poke|p1|Raging Bolt|
|poke|p1|Serperior, F|
|poke|p1|Ribombee, M|
|poke|p1|Great Tusk|
|poke|p1|Gholdengo|
|poke|p1|Iron Valiant|
|poke|p2|Ribombee, F|
|poke|p2|Okidogi, M|
|poke|p2|Volcanion|
|poke|p2|Thundurus, M|
|poke|p2|Abomasnow, M|
|poke|p2|Dragapult, M|
|teampreview
|
|t:|1760335407
|teamsize|p1|6
|teamsize|p2|6
|start
|switch|p1a: Ribombee|Ribombee, M, shiny|100/100
|switch|p2a: Ribombee|Ribombee, F|100/100
|turn|1
|inactive|Battle timer is ON: inactive players will automatically lose when time's up. (requested by gorgeoues g)
|
|t:|1760335423
|move|p2a: Ribombee|Sticky Web|p1a: Ribombee
|-sidestart|p1: gorgeoues g|move: Sticky Web
|move|p1a: Ribombee|Sticky Web|p2a: Ribombee
|-sidestart|p2: BIGFISHFISHH|move: Sticky Web
|
|upkeep
|turn|2
|
|t:|1760335429
|move|p2a: Ribombee|U-turn|p1a: Ribombee
|-resisted|p1a: Ribombee
|-damage|p1a: Ribombee|88/100
|
|t:|1760335433
|switch|p2a: Volcanion|Volcanion|100/100|[from] U-turn
|-activate|p2a: Volcanion|move: Sticky Web
|-unboost|p2a: Volcanion|spe|1
|move|p1a: Ribombee|Quiver Dance|p1a: Ribombee
|-boost|p1a: Ribombee|spa|1
|-boost|p1a: Ribombee|spd|1
|-boost|p1a: Ribombee|spe|1
|
|upkeep
|turn|3
|
|t:|1760335442
|move|p1a: Ribombee|Hyper Beam|p2a: Volcanion
|-damage|p2a: Volcanion|35/100
|-mustrecharge|p1a: Ribombee
|move|p2a: Volcanion|Fire Blast|p1a: Ribombee
|-supereffective|p1a: Ribombee
|-damage|p1a: Ribombee|0 fnt
|faint|p1a: Ribombee
|
|-heal|p2a: Volcanion|41/100|[from] item: Leftovers
|upkeep
|
|t:|1760335451
|switch|p1a: Serperior|Serperior, F|100/100
|-activate|p1a: Serperior|move: Sticky Web
|-boost|p1a: Serperior|spe|1
|turn|4
|
|t:|1760335459
|-terastallize|p1a: Serperior|Electric
|move|p1a: Serperior|Leaf Storm|p2a: Volcanion
|-damage|p2a: Volcanion|0 fnt
|-boost|p1a: Serperior|spa|2
|faint|p2a: Volcanion
|
|upkeep
|
|t:|1760335468
|switch|p2a: Abomasnow|Abomasnow, M|100/100
|-activate|p2a: Abomasnow|move: Sticky Web
|-unboost|p2a: Abomasnow|spe|1
|-weather|Snowscape|[from] ability: Snow Warning|[of] p2a: Abomasnow
|turn|5
|
|t:|1760335475
|move|p1a: Serperior|Leaf Storm|p2a: Abomasnow
|-resisted|p2a: Abomasnow
|-damage|p2a: Abomasnow|35/100
|-boost|p1a: Serperior|spa|2
|move|p2a: Abomasnow|Aurora Veil|p2a: Abomasnow
|-sidestart|p2: BIGFISHFISHH|move: Aurora Veil
|
|-weather|Snowscape|[upkeep]
|upkeep
|turn|6
|
|t:|1760335485
|move|p1a: Serperior|Leaf Storm|p2a: Abomasnow
|-resisted|p2a: Abomasnow
|-damage|p2a: Abomasnow|0 fnt
|-boost|p1a: Serperior|spa|2
|faint|p2a: Abomasnow
|
|-weather|Snowscape|[upkeep]
|upkeep
|
|t:|1760335504
|switch|p2a: Dragapult|Dragapult, M|100/100
|-activate|p2a: Dragapult|move: Sticky Web
|-fail|p2a: Dragapult|unboost|[from] ability: Clear Body|[of] p2a: Dragapult
|turn|7
|
|t:|1760335516
|move|p1a: Serperior|Leaf Storm|p2a: Dragapult
|-resisted|p2a: Dragapult
|-damage|p2a: Dragapult|1/100
|move|p2a: Dragapult|Dragon Darts|p1a: Serperior
|-damage|p1a: Serperior|71/100
|-anim|p2a: Dragapult|Dragon Darts|p1a: Serperior
|-damage|p1a: Serperior|41/100
|
|-weather|Snowscape|[upkeep]
|upkeep
|turn|8
|
|t:|1760335529
|move|p1a: Serperior|Leaf Storm|p2a: Dragapult
|-resisted|p2a: Dragapult
|-damage|p2a: Dragapult|0 fnt
|faint|p2a: Dragapult
|
|-weather|Snowscape|[upkeep]
|upkeep
|
|t:|1760335537
|switch|p2a: Okidogi|Okidogi, M|100/100
|-activate|p2a: Okidogi|move: Sticky Web
|-unboost|p2a: Okidogi|spe|1
|turn|9
|
|t:|1760335546
|move|p1a: Serperior|Leaf Storm|p2a: Okidogi
|-resisted|p2a: Okidogi
|-damage|p2a: Okidogi|30/100
|move|p2a: Okidogi|Drain Punch|p1a: Serperior
|-damage|p1a: Serperior|0 fnt
|-heal|p2a: Okidogi|49/100|[from] drain|[of] p1a: Serperior
|faint|p1a: Serperior
|
|-weather|none
|-sideend|p2: BIGFISHFISHH|move: Aurora Veil
|upkeep
|
|t:|1760335554
|switch|p1a: Iron Valiant|Iron Valiant, shiny|100/100
|turn|10
|
|t:|1760335562
|move|p1a: Iron Valiant|Liquidation|p2a: Okidogi
|-damage|p2a: Okidogi|24/100
|-unboost|p2a: Okidogi|def|1
|move|p2a: Okidogi|Drain Punch|p1a: Iron Valiant
|-resisted|p1a: Iron Valiant
|-damage|p1a: Iron Valiant|76/100
|-heal|p2a: Okidogi|36/100|[from] drain|[of] p1a: Iron Valiant
|
|upkeep
|turn|11
|
|t:|1760335579
|move|p1a: Iron Valiant|Swords Dance|p1a: Iron Valiant
|-boost|p1a: Iron Valiant|atk|2
|move|p2a: Okidogi|Drain Punch|p1a: Iron Valiant
|-resisted|p1a: Iron Valiant
|-damage|p1a: Iron Valiant|50/100
|-heal|p2a: Okidogi|48/100|[from] drain|[of] p1a: Iron Valiant
|-status|p1a: Iron Valiant|tox|[from] ability: Toxic Chain|[of] p2a: Okidogi
|
|-damage|p1a: Iron Valiant|44/100 tox|[from] psn
|upkeep
|turn|12
|
|t:|1760335589
|move|p1a: Iron Valiant|Liquidation|p2a: Okidogi
|-damage|p2a: Okidogi|0 fnt
|faint|p2a: Okidogi
|
|-damage|p1a: Iron Valiant|32/100 tox|[from] psn
|upkeep
|
|t:|1760335599
|switch|p2a: Thundurus|Thundurus, M, shiny|100/100
|turn|13
|
|t:|1760335610
|move|p1a: Iron Valiant|Poison Jab|p2a: Thundurus
|-damage|p2a: Thundurus|23/100
|-status|p2a: Thundurus|psn
|move|p2a: Thundurus|Supercell Slam|p1a: Iron Valiant
|-damage|p1a: Iron Valiant|0 fnt
|faint|p1a: Iron Valiant
|-end|p1a: Iron Valiant|Quark Drive|[silent]
|
|-damage|p2a: Thundurus|10/100 psn|[from] psn
|upkeep
|
|t:|1760335620
|switch|p1a: Raging Bolt|Raging Bolt|100/100
|-activate|p1a: Raging Bolt|move: Sticky Web
|-unboost|p1a: Raging Bolt|spe|1
|-enditem|p1a: Raging Bolt|Booster Energy
|-activate|p1a: Raging Bolt|ability: Protosynthesis|[fromitem]
|-start|p1a: Raging Bolt|protosynthesisspa
|turn|14
|
|t:|1760335632
|move|p2a: Thundurus|Smart Strike|p1a: Raging Bolt
|-resisted|p1a: Raging Bolt
|-damage|p1a: Raging Bolt|91/100
|move|p1a: Raging Bolt|Calm Mind|p1a: Raging Bolt
|-boost|p1a: Raging Bolt|spa|1
|-boost|p1a: Raging Bolt|spd|1
|
|-damage|p2a: Thundurus|0 fnt|[from] psn
|faint|p2a: Thundurus
|upkeep
|
|t:|1760335640
|switch|p2a: Ribombee|Ribombee, F|100/100
|-activate|p2a: Ribombee|move: Sticky Web
|-unboost|p2a: Ribombee|spe|1
|turn|15
|
|t:|1760335648
|move|p2a: Ribombee|Moonblast|p1a: Raging Bolt
|-supereffective|p1a: Raging Bolt
|-damage|p1a: Raging Bolt|44/100
|move|p1a: Raging Bolt|Thunderbolt|p2a: Ribombee
|-crit|p2a: Ribombee
|-enditem|p2a: Ribombee|Focus Sash
|-damage|p2a: Ribombee|1/100
|
|upkeep
|turn|16
|
|t:|1760335656
|move|p1a: Raging Bolt|Thunderclap|p2a: Ribombee
|-damage|p2a: Ribombee|0 fnt
|faint|p2a: Ribombee
|
|win|gorgeoues g
|raw|gorgeoues g's rating: 1260 &rarr; <strong>1278</strong><br />(+18 for winning)
|raw|BIGFISHFISHH's rating: 1162 &rarr; <strong>1144</strong><br />(-18 for losing)
|l|☆BIGFISHFISHH
|player|p2|
|l|☆gorgeoues g
|player|p1|
