|j|☆ChessDennis
|j|☆never_win_true
|t:|1760334526
|gametype|singles
|player|p1|ChessDennis|170|1305
|player|p2|never_win_true|unknown|1326
|gen|9
|tier|[Gen 9] OU
|rated|
|rule|HP Percentage Mod: HP is shown in percentages
|rule|Endless Battle Clause: Forcing endless battles is banned
|rule|Species Clause: Limit one of each Pokémon
|rule|OHKO Clause: OHKO moves are banned
|rule|Evasion Items Clause: Evasion items are banned
|rule|Evasion Moves Clause: Evasion moves are banned
|rule|Evasion Abilities Clause: Evasion abilities are banned
|rule|Sleep Moves Clause: Sleep-inducing moves are banned
|clearpoke
|poke|p1|Walking Wake|
|poke|p1|Thundurus-Therian, M|
|poke|p1|Amoonguss, M|
|poke|p1|Gardevoir, M|
|poke|p1|Torkoal, M|
|poke|p1|Kingambit, F|
|poke|p2|Kingambit, M|
|poke|p2|Hatterene, F|
|poke|p2|Rillaboom, M|
|poke|p2|Raging Bolt|
|poke|p2|Iron Valiant|
|poke|p2|Deoxys-Speed|
|teampreview
|
|t:|1760334539
|teamsize|p1|6
|teamsize|p2|6
|start
|switch|p1a: Gardevoir|Gardevoir, M|100/100
|switch|p2a: Deoxys|Deoxys-Speed|100/100
|-ability|p2a: Deoxys|Pressure
|-ability|p1a: Gardevoir|Pressure|Trace|[from] ability: Trace|[of] p2a: Deoxys
|-ability|p1a: Gardevoir|Pressure
|turn|1
|
|t:|1760334550
|move|p2a: Deoxys|Stealth Rock|p1a: Gardevoir
|-sidestart|p1: ChessDennis|move: Stealth Rock
|move|p1a: Gardevoir|Psychic Noise|p2a: Deoxys
|-resisted|p2a: Deoxys
|-damage|p2a: Deoxys|67/100
|-start|p2a: Deoxys|move: Heal Block
|-enditem|p1a: Gardevoir|Throat Spray
|-boost|p1a: Gardevoir|spa|1|[from] item: Throat Spray
|
|upkeep
|turn|2
|
|t:|1760334559
|move|p2a: Deoxys|Thunder Wave|p1a: Gardevoir
|-status|p1a: Gardevoir|par
|move|p1a: Gardevoir|Trick Room|p1a: Gardevoir
|-fieldstart|move: Trick Room|[of] p1a: Gardevoir
|
|-end|p2a: Deoxys|move: Heal Block
|upkeep
|turn|3
|
|t:|1760334577
|switch|p2a: Kingambit|Kingambit, M|100/100
|cant|p1a: Gardevoir|par
|
|upkeep
|turn|4
|
|t:|1760334587
|move|p1a: Gardevoir|Moonblast|p2a: Kingambit
|-damage|p2a: Kingambit|23/100
|move|p2a: Kingambit|Iron Head|p1a: Gardevoir
|-supereffective|p1a: Gardevoir
|-damage|p1a: Gardevoir|0 fnt
|faint|p1a: Gardevoir
|
|upkeep
|
|t:|1760334590
|switch|p1a: Torkoal|Torkoal, M|100/100
|-weather|SunnyDay|[from] ability: Drought|[of] p1a: Torkoal
|turn|5
|
|t:|1760334599
|move|p2a: Kingambit|Sucker Punch|p1a: Torkoal
|-damage|p1a: Torkoal|62/100
|move|p1a: Torkoal|Eruption|p2a: Kingambit
|-supereffective|p2a: Kingambit
|-damage|p2a: Kingambit|0 fnt
|faint|p2a: Kingambit
|-end|p2a: Kingambit|fallenundefined|[silent]
|
|-weather|SunnyDay|[upkeep]
|upkeep
|
|t:|1760334608
|switch|p2a: Raging Bolt|Raging Bolt|100/100
|-activate|p2a: Raging Bolt|ability: Protosynthesis
|-start|p2a: Raging Bolt|protosynthesisspa
|turn|6
|
|t:|1760334616
|move|p1a: Torkoal|Stealth Rock|p2a: Raging Bolt
|-sidestart|p2: never_win_true|move: Stealth Rock
|move|p2a: Raging Bolt|Calm Mind|p2a: Raging Bolt
|-boost|p2a: Raging Bolt|spa|1
|-boost|p2a: Raging Bolt|spd|1
|
|-weather|SunnyDay|[upkeep]
|-fieldend|move: Trick Room
|upkeep
|turn|7
|
|t:|1760334623
|move|p2a: Raging Bolt|Dragon Pulse|p1a: Torkoal
|-damage|p1a: Torkoal|0 fnt
|faint|p1a: Torkoal
|
|-weather|SunnyDay|[upkeep]
|upkeep
|
|t:|1760334627
|switch|p1a: Thundurus|Thundurus-Therian, M|100/100
|-damage|p1a: Thundurus|76/100|[from] Stealth Rock
|turn|8
|
|t:|1760334635
|-terastallize|p1a: Thundurus|Fairy
|-terastallize|p2a: Raging Bolt|Bug
|move|p1a: Thundurus|Tera Blast|p2a: Raging Bolt|[anim] Tera Blast Fairy
|-damage|p2a: Raging Bolt|73/100
|move|p2a: Raging Bolt|Dragon Pulse|p1a: Thundurus
|-immune|p1a: Thundurus
|
|-weather|SunnyDay|[upkeep]
|upkeep
|turn|9
|
|t:|1760334651
|switch|p1a: Amoonguss|Amoonguss, M|100/100
|-damage|p1a: Amoonguss|88/100|[from] Stealth Rock
|-end|p2a: Raging Bolt|Protosynthesis|[silent]
|switch|p2a: Deoxys|Deoxys-Speed|67/100
|-damage|p2a: Deoxys|55/100|[from] Stealth Rock
|-ability|p2a: Deoxys|Pressure
|
|-weather|none
|upkeep
|turn|10
|
|t:|1760334660
|move|p2a: Deoxys|Thunder Wave|p1a: Amoonguss
|-status|p1a: Amoonguss|par
|move|p1a: Amoonguss|Leaf Storm|p2a: Deoxys
|-damage|p2a: Deoxys|0 fnt
|-unboost|p1a: Amoonguss|spa|2
|faint|p2a: Deoxys
|-damage|p1a: Amoonguss|78/100 par|[from] item: Life Orb
|
|upkeep
|
|t:|1760334676
|switch|p2a: Rillaboom|Rillaboom, M|100/100
|-damage|p2a: Rillaboom|88/100|[from] Stealth Rock
|-fieldstart|move: Grassy Terrain|[from] ability: Grassy Surge|[of] p2a: Rillaboom
|turn|11
|
|t:|1760334685
|move|p2a: Rillaboom|U-turn|p1a: Amoonguss
|-damage|p1a: Amoonguss|33/100 par
|
|t:|1760334690
|switch|p2a: Hatterene|Hatterene, F|100/100|[from] U-turn
|-damage|p2a: Hatterene|88/100|[from] Stealth Rock
|-enditem|p2a: Hatterene|Grassy Seed
|-boost|p2a: Hatterene|def|1|[from] item: Grassy Seed
|move|p1a: Amoonguss|Sludge Bomb|p2a: Hatterene
|-supereffective|p2a: Hatterene
|-damage|p2a: Hatterene|43/100
|-damage|p1a: Amoonguss|24/100 par|[from] item: Life Orb
|
|-heal|p2a: Hatterene|49/100|[from] Grassy Terrain
|-heal|p1a: Amoonguss|30/100 par|[from] Grassy Terrain
|upkeep
|turn|12
|
|t:|1760334703
|switch|p1a: Kingambit|Kingambit, F|100/100
|-damage|p1a: Kingambit|94/100|[from] Stealth Rock
|-activate|p1a: Kingambit|ability: Supreme Overlord
|-start|p1a: Kingambit|fallen2|[silent]
|move|p2a: Hatterene|Calm Mind|p2a: Hatterene
|-boost|p2a: Hatterene|spa|1
|-boost|p2a: Hatterene|spd|1
|
|-heal|p1a: Kingambit|100/100|[from] Grassy Terrain
|-heal|p2a: Hatterene|55/100|[from] Grassy Terrain
|upkeep
|turn|13
|
|t:|1760334712
|move|p1a: Kingambit|Iron Head|p2a: Hatterene
|-supereffective|p2a: Hatterene
|-crit|p2a: Hatterene
|-damage|p2a: Hatterene|0 fnt
|faint|p2a: Hatterene
|
|upkeep
|-message|never_win_true forfeited.
|
|win|ChessDennis
|raw|ChessDennis's rating: 1305 &rarr; <strong>1326</strong><br />(+21 for winning)
|raw|never_win_true's rating: 1326 &rarr; <strong>1305</strong><br />(-21 for losing)
|l|☆never_win_true
|player|p2|
|l|☆ChessDennis
|player|p1|
