|j|☆jalenbumson
|j|☆Shironae
|t:|1760447821
|gametype|singles
|player|p1|jalenbumson|mars|1401
|player|p2|Shironae|n|1414
|gen|9
|tier|[Gen 9] OU
|rated|
|rule|HP Percentage Mod: HP is shown in percentages
|rule|Endless Battle Clause: Forcing endless battles is banned
|rule|Species Clause: Limit one of each Pokémon
|rule|OHKO Clause: OHKO moves are banned
|rule|Evasion Items Clause: Evasion items are banned
|rule|Evasion Moves Clause: Evasion moves are banned
|rule|Evasion Abilities Clause: Evasion abilities are banned
|rule|Sleep Moves Clause: Sleep-inducing moves are banned
|clearpoke
|poke|p1|Glimmora, M|
|poke|p1|Gholdengo|
|poke|p1|Ursaluna, F|
|poke|p1|Cinderace, F|
|poke|p1|Rillaboom, M|
|poke|p1|Kyurem|
|poke|p2|Cinderace, M|
|poke|p2|Enamorus, F|
|poke|p2|Dragapult, M|
|poke|p2|Gholdengo|
|poke|p2|Vikavolt, M|
|poke|p2|Swampert, M|
|teampreview
|inactive|Battle timer is ON: inactive players will automatically lose when time's up. (requested by Shironae)
|
|t:|1760447844
|teamsize|p1|6
|teamsize|p2|6
|start
|switch|p1a: Mega Glimmora|Glimmora, M|100/100
|switch|p2a: GBU-43 MOAB|Enamorus, F|100/100
|turn|1
|
|t:|1760447856
|switch|p1a: Rillaboom|Rillaboom, M|100/100
|-fieldstart|move: Grassy Terrain|[from] ability: Grassy Surge|[of] p1a: Rillaboom
|move|p2a: GBU-43 MOAB|Earth Power|p1a: Rillaboom
|-resisted|p1a: Rillaboom
|-damage|p1a: Rillaboom|68/100
|-unboost|p1a: Rillaboom|spd|1
|
|-heal|p1a: Rillaboom|74/100|[from] Grassy Terrain
|upkeep
|turn|2
|
|t:|1760447863
|move|p2a: GBU-43 MOAB|Earth Power|p1a: Rillaboom
|-resisted|p1a: Rillaboom
|-damage|p1a: Rillaboom|26/100
|move|p1a: Rillaboom|Knock Off|p2a: GBU-43 MOAB
|-resisted|p2a: GBU-43 MOAB
|-damage|p2a: GBU-43 MOAB|70/100
|-enditem|p2a: GBU-43 MOAB|Choice Specs|[from] move: Knock Off|[of] p1a: Rillaboom
|
|-heal|p1a: Rillaboom|32/100|[from] Grassy Terrain
|upkeep
|turn|3
|
|t:|1760447870
|switch|p1a: Cinderace|Cinderace, F|100/100
|move|p2a: GBU-43 MOAB|Moonblast|p1a: Cinderace
|-resisted|p1a: Cinderace
|-damage|p1a: Cinderace|57/100
|-unboost|p1a: Cinderace|spa|1
|
|-heal|p1a: Cinderace|63/100|[from] Grassy Terrain
|upkeep
|turn|4
|
|t:|1760447876
|move|p1a: Cinderace|Pyro Ball|p2a: GBU-43 MOAB
|-damage|p2a: GBU-43 MOAB|0 fnt
|faint|p2a: GBU-43 MOAB
|
|-heal|p1a: Cinderace|69/100|[from] Grassy Terrain
|upkeep
|
|t:|1760447884
|switch|p2a: B52 Stratofortress|Dragapult, M|100/100
|turn|5
|
|t:|1760447887
|move|p1a: Cinderace|Sucker Punch|p2a: B52 Stratofortress
|-start|p1a: Cinderace|typechange|Dark|[from] ability: Libero
|-supereffective|p2a: B52 Stratofortress
|-damage|p2a: B52 Stratofortress|10/100
|move|p2a: B52 Stratofortress|Dragon Darts|p1a: Cinderace
|-damage|p1a: Cinderace|13/100
|-anim|p2a: B52 Stratofortress|Dragon Darts|p1a: Cinderace
|-damage|p1a: Cinderace|0 fnt
|faint|p1a: Cinderace
|
|-heal|p2a: B52 Stratofortress|16/100|[from] Grassy Terrain
|-fieldend|move: Grassy Terrain
|upkeep
|
|t:|1760447890
|switch|p1a: Mega Glimmora|Glimmora, M|100/100
|turn|6
|
|t:|1760447894
|move|p2a: B52 Stratofortress|Dragon Darts|p1a: Mega Glimmora
|-damage|p1a: Mega Glimmora|54/100
|-activate|p1a: Mega Glimmora|ability: Toxic Debris
|-sidestart|p2: Shironae|move: Toxic Spikes
|-anim|p2a: B52 Stratofortress|Dragon Darts|p1a: Mega Glimmora
|-damage|p1a: Mega Glimmora|3/100
|-activate|p1a: Mega Glimmora|ability: Toxic Debris
|-sidestart|p2: Shironae|move: Toxic Spikes
|move|p1a: Mega Glimmora|Meteor Beam||[still]
|-prepare|p1a: Mega Glimmora|Meteor Beam
|-boost|p1a: Mega Glimmora|spa|1
|-enditem|p1a: Mega Glimmora|Power Herb
|-anim|p1a: Mega Glimmora|Meteor Beam|p2a: B52 Stratofortress
|-damage|p2a: B52 Stratofortress|0 fnt
|faint|p2a: B52 Stratofortress
|
|upkeep
|
|t:|1760447910
|switch|p2a: Colt. 45|Gholdengo|100/100
|turn|7
|
|t:|1760447915
|move|p1a: Mega Glimmora|Earth Power|p2a: Colt. 45
|-supereffective|p2a: Colt. 45
|-crit|p2a: Colt. 45
|-damage|p2a: Colt. 45|0 fnt
|faint|p2a: Colt. 45
|
|upkeep
|
|t:|1760447922
|switch|p2a: EMG-02 Arc-Cannon|Vikavolt, M|100/100
|turn|8
|
|t:|1760447929
|switch|p1a: Ursaluna|Ursaluna, F|100/100
|move|p2a: EMG-02 Arc-Cannon|Energy Ball|p1a: Ursaluna
|-supereffective|p1a: Ursaluna
|-damage|p1a: Ursaluna|49/100
|
|-heal|p1a: Ursaluna|55/100|[from] item: Leftovers
|upkeep
|turn|9
|
|t:|1760447947
|move|p1a: Ursaluna|Drain Punch|p2a: EMG-02 Arc-Cannon
|-resisted|p2a: EMG-02 Arc-Cannon
|-damage|p2a: EMG-02 Arc-Cannon|89/100
|-heal|p1a: Ursaluna|59/100|[from] drain|[of] p2a: EMG-02 Arc-Cannon
|move|p2a: EMG-02 Arc-Cannon|Energy Ball|p1a: Ursaluna
|-supereffective|p1a: Ursaluna
|-damage|p1a: Ursaluna|10/100
|
|-heal|p1a: Ursaluna|16/100|[from] item: Leftovers
|upkeep
|turn|10
|
|t:|1760447953
|move|p1a: Ursaluna|Ice Punch|p2a: EMG-02 Arc-Cannon
|-damage|p2a: EMG-02 Arc-Cannon|63/100
|move|p2a: EMG-02 Arc-Cannon|Energy Ball|p1a: Ursaluna
|-supereffective|p1a: Ursaluna
|-damage|p1a: Ursaluna|0 fnt
|faint|p1a: Ursaluna
|
|upkeep
|
|t:|1760447958
|switch|p1a: Kyurem|Kyurem|100/100
|-ability|p1a: Kyurem|Pressure
|turn|11
|
|t:|1760447961
|move|p1a: Kyurem|Scale Shot|p2a: EMG-02 Arc-Cannon
|-damage|p2a: EMG-02 Arc-Cannon|49/100
|-damage|p2a: EMG-02 Arc-Cannon|32/100
|-damage|p2a: EMG-02 Arc-Cannon|16/100
|-damage|p2a: EMG-02 Arc-Cannon|2/100
|-hitcount|p2a: EMG-02 Arc-Cannon|4
|-unboost|p1a: Kyurem|def|1
|-boost|p1a: Kyurem|spe|1
|move|p2a: EMG-02 Arc-Cannon|Thunder Wave|p1a: Kyurem
|-status|p1a: Kyurem|par
|
|upkeep
|turn|12
|
|t:|1760447977
|move|p1a: Kyurem|Dragon Dance|p1a: Kyurem
|-boost|p1a: Kyurem|atk|1
|-boost|p1a: Kyurem|spe|1
|move|p2a: EMG-02 Arc-Cannon|Volt Switch|p1a: Kyurem
|-resisted|p1a: Kyurem
|-damage|p1a: Kyurem|79/100 par
|
|t:|1760447983
|switch|p2a: IB-30 Superflamer|Cinderace, M|100/100|[from] Volt Switch
|
|upkeep
|turn|13
|inactive|jalenbumson has 120 seconds left.
|
|t:|1760448017
|move|p2a: IB-30 Superflamer|Pyro Ball|p1a: Kyurem
|-damage|p1a: Kyurem|7/100 par
|move|p1a: Kyurem|Scale Shot|p2a: IB-30 Superflamer|[miss]
|-miss|p1a: Kyurem|p2a: IB-30 Superflamer
|
|upkeep
|turn|14
|
|t:|1760448022
|move|p2a: IB-30 Superflamer|Pyro Ball|p1a: Kyurem
|-damage|p1a: Kyurem|0 fnt
|faint|p1a: Kyurem
|
|upkeep
|
|t:|1760448031
|switch|p1a: Rillaboom|Rillaboom, M|32/100
|-fieldstart|move: Grassy Terrain|[from] ability: Grassy Surge|[of] p1a: Rillaboom
|turn|15
|
|t:|1760448034
|move|p2a: IB-30 Superflamer|Pyro Ball|p1a: Rillaboom
|-supereffective|p1a: Rillaboom
|-crit|p1a: Rillaboom
|-damage|p1a: Rillaboom|0 fnt
|faint|p1a: Rillaboom
|
|upkeep
|
|t:|1760448036
|switch|p1a: Gholdengo|Gholdengo|100/100
|-enditem|p1a: Gholdengo|Grassy Seed
|-boost|p1a: Gholdengo|def|1|[from] item: Grassy Seed
|turn|16
|
|t:|1760448040
|-terastallize|p1a: Gholdengo|Fairy
|move|p2a: IB-30 Superflamer|Pyro Ball|p1a: Gholdengo
|-damage|p1a: Gholdengo|76/100
|move|p1a: Gholdengo|Nasty Plot|p1a: Gholdengo
|-boost|p1a: Gholdengo|spa|2
|
|-heal|p1a: Gholdengo|82/100|[from] Grassy Terrain
|upkeep
|turn|17
|
|t:|1760448052
|move|p2a: IB-30 Superflamer|U-turn|p1a: Gholdengo
|-resisted|p1a: Gholdengo
|-damage|p1a: Gholdengo|77/100
|
|t:|1760448055
|switch|p2a: M-93 HORNET|Swampert, M|100/100|[from] U-turn
|-status|p2a: M-93 HORNET|tox
|move|p1a: Gholdengo|Shadow Ball|p2a: M-93 HORNET
|-damage|p2a: M-93 HORNET|58/100 tox
|
|-heal|p1a: Gholdengo|83/100|[from] Grassy Terrain
|-heal|p2a: M-93 HORNET|64/100 tox|[from] Grassy Terrain
|-damage|p2a: M-93 HORNET|58/100 tox|[from] psn
|upkeep
|turn|18
|
|t:|1760448064
|-terastallize|p2a: M-93 HORNET|Poison
|move|p1a: Gholdengo|Nasty Plot|p1a: Gholdengo
|-boost|p1a: Gholdengo|spa|2
|move|p2a: M-93 HORNET|Poison Jab|p1a: Gholdengo
|-supereffective|p1a: Gholdengo
|-damage|p1a: Gholdengo|50/100
|
|-heal|p1a: Gholdengo|56/100|[from] Grassy Terrain
|-heal|p2a: M-93 HORNET|64/100 tox|[from] Grassy Terrain
|-damage|p2a: M-93 HORNET|52/100 tox|[from] psn
|upkeep
|turn|19
|
|t:|1760448073
|move|p1a: Gholdengo|Shadow Ball|p2a: M-93 HORNET
|-damage|p2a: M-93 HORNET|0 fnt
|faint|p2a: M-93 HORNET
|
|-heal|p1a: Gholdengo|62/100|[from] Grassy Terrain
|-fieldend|move: Grassy Terrain
|upkeep
|
|t:|1760448085
|switch|p2a: EMG-02 Arc-Cannon|Vikavolt, M|2/100
|turn|20
|
|t:|1760448088
|move|p1a: Gholdengo|Shadow Ball|p2a: EMG-02 Arc-Cannon
|-damage|p2a: EMG-02 Arc-Cannon|0 fnt
|faint|p2a: EMG-02 Arc-Cannon
|
|upkeep
|
|t:|1760448090
|switch|p2a: IB-30 Superflamer|Cinderace, M|100/100
|turn|21
|
|t:|1760448097
|move|p2a: IB-30 Superflamer|Pyro Ball|p1a: Gholdengo
|-damage|p1a: Gholdengo|37/100
|move|p1a: Gholdengo|Shadow Ball|p2a: IB-30 Superflamer
|-damage|p2a: IB-30 Superflamer|0 fnt
|faint|p2a: IB-30 Superflamer
|
|win|jalenbumson
|raw|jalenbumson's rating: 1401 &rarr; <strong>1422</strong><br />(+21 for winning)
|raw|Shironae's rating: 1414 &rarr; <strong>1393</strong><br />(-21 for losing)
|l|☆Shironae
|player|p2|
|l|☆jalenbumson
|player|p1|
