|j|☆suprya
|j|☆SlimyTime
|t:|1760408014
|gametype|singles
|player|p1|suprya|preschooler|1782
|player|p2|SlimyTime|ltsurge|1717
|gen|9
|tier|[Gen 9] OU
|rated|
|rule|HP Percentage Mod: HP is shown in percentages
|rule|Endless Battle Clause: Forcing endless battles is banned
|rule|Species Clause: Limit one of each Pokémon
|rule|OHKO Clause: OHKO moves are banned
|rule|Evasion Items Clause: Evasion items are banned
|rule|Evasion Moves Clause: Evasion moves are banned
|rule|Evasion Abilities Clause: Evasion abilities are banned
|rule|Sleep Moves Clause: Sleep-inducing moves are banned
|clearpoke
|poke|p1|Duraludon, F|
|poke|p1|Great Tusk|
|poke|p1|Ogerpon-Wellspring, F|
|poke|p1|Dragapult, F|
|poke|p1|Moltres|
|poke|p1|Slowking-Galar, M|
|poke|p2|Ninetales-Alola, M|
|poke|p2|Rillaboom, M|
|poke|p2|Hatterene, F|
|poke|p2|Glimmora, F|
|poke|p2|Kingambit, F|
|poke|p2|Dragapult, M|
|teampreview
|inactive|Battle timer is ON: inactive players will automatically lose when time's up. (requested by suprya)
|j| mowmowpow
|inactive|suprya has 120 seconds left.
|
|t:|1760408047
|teamsize|p1|6
|teamsize|p2|6
|start
|switch|p1a: Durbonkadon|Duraludon, F|100/100
|switch|p2a: Glimmora|Glimmora, F|100/100
|turn|1
|
|t:|1760408059
|switch|p2a: Dragapult|Dragapult, M|100/100
|move|p1a: Durbonkadon|Stealth Rock|p2a: Dragapult
|-sidestart|p2: SlimyTime|move: Stealth Rock
|
|upkeep
|turn|2
|
|t:|1760408065
|move|p2a: Dragapult|U-turn|p1a: Durbonkadon
|-resisted|p1a: Durbonkadon
|-damage|p1a: Durbonkadon|94/100
|-damage|p2a: Dragapult|91/100|[from] item: Life Orb
|
|t:|1760408069
|switch|p2a: Ninetales|Ninetales-Alola, M|100/100|[from] U-turn
|-damage|p2a: Ninetales|76/100|[from] Stealth Rock
|-weather|Snowscape|[from] ability: Snow Warning|[of] p2a: Ninetales
|move|p1a: Durbonkadon|Draco Meteor|p2a: Ninetales
|-immune|p2a: Ninetales
|
|-weather|Snowscape|[upkeep]
|upkeep
|turn|3
|
|t:|1760408074
|move|p2a: Ninetales|Encore|p1a: Durbonkadon
|-start|p1a: Durbonkadon|Encore
|move|p1a: Durbonkadon|Draco Meteor|p2a: Ninetales
|-immune|p2a: Ninetales
|
|-weather|Snowscape|[upkeep]
|upkeep
|turn|4
|
|t:|1760408079
|switch|p1a: Bonking-Gabonk|Slowking-Galar, M|100/100
|move|p2a: Ninetales|Aurora Veil|p2a: Ninetales
|-sidestart|p2: SlimyTime|move: Aurora Veil
|
|-weather|Snowscape|[upkeep]
|upkeep
|turn|5
|l| mowmowpow
|
|t:|1760408092
|switch|p2a: Glimmora|Glimmora, F|100/100
|-damage|p2a: Glimmora|88/100|[from] Stealth Rock
|-prepare|p1a: Bonking-Gabonk|Chilly Reception|[premajor]
|move|p1a: Bonking-Gabonk|Chilly Reception|p1a: Bonking-Gabonk
|inactive|suprya has 120 seconds left.
|
|t:|1760408142
|switch|p1a: Durbonkadon|Duraludon, F|94/100|[from] Chilly Reception
|
|-weather|Snowscape|[upkeep]
|upkeep
|turn|6
|
|t:|1760408161
|move|p2a: Glimmora|Earth Power|p1a: Durbonkadon
|-supereffective|p1a: Durbonkadon
|-damage|p1a: Durbonkadon|18/100
|-unboost|p1a: Durbonkadon|spd|1
|move|p1a: Durbonkadon|Thunder Wave|p2a: Glimmora
|-status|p2a: Glimmora|par
|
|-weather|none
|upkeep
|turn|7
|
|t:|1760408174
|move|p1a: Durbonkadon|Draco Meteor|p2a: Glimmora
|-damage|p2a: Glimmora|53/100 par
|-unboost|p1a: Durbonkadon|spa|2
|cant|p2a: Glimmora|par
|
|upkeep
|turn|8
|j| wgw2333
|
|t:|1760408182
|move|p1a: Durbonkadon|Draco Meteor|p2a: Glimmora
|-damage|p2a: Glimmora|36/100 par
|-unboost|p1a: Durbonkadon|spa|2
|move|p2a: Glimmora|Earth Power|p1a: Durbonkadon
|-supereffective|p1a: Durbonkadon
|-damage|p1a: Durbonkadon|0 fnt
|faint|p1a: Durbonkadon
|
|upkeep
|
|t:|1760408187
|switch|p1a: Ogerpon-Bonkspring|Ogerpon-Wellspring, F|100/100
|turn|9
|
|t:|1760408191
|switch|p2a: Rillaboom|Rillaboom, M|100/100
|-damage|p2a: Rillaboom|88/100|[from] Stealth Rock
|-fieldstart|move: Grassy Terrain|[from] ability: Grassy Surge|[of] p2a: Rillaboom
|move|p1a: Ogerpon-Bonkspring|Ivy Cudgel|p2a: Rillaboom|[anim] Ivy Cudgel Water
|-resisted|p2a: Rillaboom
|-crit|p2a: Rillaboom
|-damage|p2a: Rillaboom|49/100
|
|-heal|p2a: Rillaboom|55/100|[from] Grassy Terrain
|upkeep
|turn|10
|
|t:|1760408206
|switch|p1a: Bonkapult|Dragapult, F|100/100
|switch|p2a: Glimmora|Glimmora, F|36/100 par
|-damage|p2a: Glimmora|24/100 par|[from] Stealth Rock
|
|-heal|p2a: Glimmora|30/100 par|[from] Grassy Terrain
|upkeep
|turn|11
|
|t:|1760408220
|move|p1a: Bonkapult|Draco Meteor|p2a: Glimmora
|-damage|p2a: Glimmora|0 fnt
|-unboost|p1a: Bonkapult|spa|2
|faint|p2a: Glimmora
|
|-sideend|p2: SlimyTime|move: Aurora Veil
|upkeep
|
|t:|1760408224
|switch|p2a: Dragapult|Dragapult, M|91/100
|-damage|p2a: Dragapult|78/100|[from] Stealth Rock
|turn|12
|
|t:|1760408240
|move|p1a: Bonkapult|Draco Meteor|p2a: Dragapult
|-supereffective|p2a: Dragapult
|-crit|p2a: Dragapult
|-damage|p2a: Dragapult|0 fnt
|-unboost|p1a: Bonkapult|spa|2
|faint|p2a: Dragapult
|
|upkeep
|
|t:|1760408246
|switch|p2a: Ninetales|Ninetales-Alola, M|76/100
|-damage|p2a: Ninetales|51/100|[from] Stealth Rock
|-weather|Snowscape|[from] ability: Snow Warning|[of] p2a: Ninetales
|turn|13
|inactive|suprya has 120 seconds left.
|
|t:|1760408273
|switch|p1a: Bonking-Gabonk|Slowking-Galar, M|100/100
|move|p2a: Ninetales|Aurora Veil|p2a: Ninetales
|-sidestart|p2: SlimyTime|move: Aurora Veil
|
|-weather|Snowscape|[upkeep]
|-heal|p2a: Ninetales|57/100|[from] Grassy Terrain
|upkeep
|turn|14
|j| theviolator3000
|
|t:|1760408281
|switch|p2a: Rillaboom|Rillaboom, M|55/100
|-damage|p2a: Rillaboom|43/100|[from] Stealth Rock
|-prepare|p1a: Bonking-Gabonk|Chilly Reception|[premajor]
|move|p1a: Bonking-Gabonk|Chilly Reception|p1a: Bonking-Gabonk
|
|t:|1760408287
|switch|p1a: Bonktres|Moltres|100/100|[from] Chilly Reception
|-ability|p1a: Bonktres|Pressure
|
|-weather|Snowscape|[upkeep]
|-heal|p2a: Rillaboom|49/100|[from] Grassy Terrain
|upkeep
|turn|15
|
|t:|1760408291
|move|p2a: Rillaboom|U-turn|p1a: Bonktres
|-resisted|p1a: Bonktres
|-damage|p1a: Bonktres|94/100
|
|t:|1760408293
|switch|p2a: Hatterene|Hatterene, F|100/100|[from] U-turn
|-damage|p2a: Hatterene|88/100|[from] Stealth Rock
|-enditem|p2a: Hatterene|Grassy Seed
|-boost|p2a: Hatterene|def|1|[from] item: Grassy Seed
|move|p1a: Bonktres|Flamethrower|p2a: Hatterene
|-damage|p2a: Hatterene|64/100
|-status|p2a: Hatterene|brn
|
|-weather|Snowscape|[upkeep]
|-heal|p2a: Hatterene|70/100 brn|[from] Grassy Terrain
|-damage|p2a: Hatterene|64/100 brn|[from] brn
|upkeep
|turn|16
|l| theviolator3000
|
|t:|1760408310
|switch|p1a: Bonking-Gabonk|Slowking-Galar, M|100/100
|move|p2a: Hatterene|Agility|p2a: Hatterene
|-boost|p2a: Hatterene|spe|2
|
|-weather|Snowscape|[upkeep]
|-heal|p2a: Hatterene|70/100 brn|[from] Grassy Terrain
|-damage|p2a: Hatterene|64/100 brn|[from] brn
|-fieldend|move: Grassy Terrain
|upkeep
|turn|17
|j| Dreamper
|
|t:|1760408320
|-terastallize|p2a: Hatterene|Steel
|move|p2a: Hatterene|Agility|p2a: Hatterene
|-boost|p2a: Hatterene|spe|2
|move|p1a: Bonking-Gabonk|Sludge Bomb|p2a: Hatterene
|-immune|p2a: Hatterene
|
|-weather|none
|-damage|p2a: Hatterene|58/100 brn|[from] brn
|upkeep
|turn|18
|
|t:|1760408328
|move|p2a: Hatterene|Calm Mind|p2a: Hatterene
|-boost|p2a: Hatterene|spa|1
|-boost|p2a: Hatterene|spd|1
|move|p1a: Bonking-Gabonk|Psychic Noise|p2a: Hatterene
|-resisted|p2a: Hatterene
|-damage|p2a: Hatterene|54/100 brn
|-start|p2a: Hatterene|move: Heal Block
|
|-damage|p2a: Hatterene|48/100 brn|[from] brn
|upkeep
|turn|19
|l| Dreamper
|
|t:|1760408358
|move|p2a: Hatterene|Calm Mind|p2a: Hatterene
|-boost|p2a: Hatterene|spa|1
|-boost|p2a: Hatterene|spd|1
|-prepare|p1a: Bonking-Gabonk|Chilly Reception|[premajor]
|move|p1a: Bonking-Gabonk|Chilly Reception|p1a: Bonking-Gabonk
|-weather|Snowscape
|
|t:|1760408360
|switch|p1a: Bonktres|Moltres|94/100|[from] Chilly Reception
|-ability|p1a: Bonktres|Pressure
|
|-weather|Snowscape|[upkeep]
|-damage|p2a: Hatterene|42/100 brn|[from] brn
|-end|p2a: Hatterene|move: Heal Block
|upkeep
|turn|20
|
|t:|1760408363
|move|p2a: Hatterene|Stored Power|p1a: Bonktres
|-damage|p1a: Bonktres|0 fnt
|faint|p1a: Bonktres
|
|-weather|Snowscape|[upkeep]
|-damage|p2a: Hatterene|36/100 brn|[from] brn
|-sideend|p2: SlimyTime|move: Aurora Veil
|upkeep
|
|t:|1760408369
|switch|p1a: Bonkapult|Dragapult, F|100/100
|turn|21
|
|t:|1760408372
|move|p2a: Hatterene|Draining Kiss|p1a: Bonkapult
|-supereffective|p1a: Bonkapult
|-damage|p1a: Bonkapult|0 fnt
|-heal|p2a: Hatterene|100/100 brn|[from] drain|[of] p1a: Bonkapult
|faint|p1a: Bonkapult
|
|-weather|Snowscape|[upkeep]
|-damage|p2a: Hatterene|95/100 brn|[from] brn
|upkeep
|-message|suprya forfeited.
|
|win|SlimyTime
|raw|suprya's rating: 1782 &rarr; <strong>1759</strong><br />(-23 for losing)
|raw|SlimyTime's rating: 1733 &rarr; <strong>1756</strong><br />(+23 for winning)
|l|☆suprya
|player|p1|
|l|☆SlimyTime
|player|p2|
