|j|☆Opjbb
|j|☆Barronmaster
|t:|1760354082
|gametype|singles
|player|p1|Opjbb|cheryl|1553
|player|p2|Barronmaster|palmer|1628
|gen|9
|tier|[Gen 9] OU
|rated|
|rule|HP Percentage Mod: HP is shown in percentages
|rule|Endless Battle Clause: Forcing endless battles is banned
|rule|Species Clause: Limit one of each Pokémon
|rule|OHKO Clause: OHKO moves are banned
|rule|Evasion Items Clause: Evasion items are banned
|rule|Evasion Moves Clause: Evasion moves are banned
|rule|Evasion Abilities Clause: Evasion abilities are banned
|rule|Sleep Moves Clause: Sleep-inducing moves are banned
|clearpoke
|poke|p1|Enamorus, F|
|poke|p1|Primarina, M|
|poke|p1|Raging Bolt|
|poke|p1|Heatran, M|
|poke|p1|Landorus-Therian, M|
|poke|p1|Corviknight, F|
|poke|p2|Hoopa-Unbound|
|poke|p2|Ninetales-Alola, F|
|poke|p2|Slowking-Galar, M|
|poke|p2|Cloyster, M|
|poke|p2|Zoroark, F|
|poke|p2|Indeedee, M|
|teampreview
|inactive|Battle timer is ON: inactive players will automatically lose when time's up. (requested by Opjbb)
|
|t:|1760354101
|teamsize|p1|6
|teamsize|p2|6
|start
|switch|p1a: Heatran|Heatran, M|100/100
|switch|p2a: Hoopa|Hoopa-Unbound|100/100
|turn|1
|
|t:|1760354111
|switch|p1a: Corviknight|Corviknight, F|100/100
|-ability|p1a: Corviknight|Pressure
|move|p2a: Hoopa|Drain Punch|p1a: Corviknight
|-damage|p1a: Corviknight|82/100
|-damage|p2a: Hoopa|84/100|[from] item: Rocky Helmet|[of] p1a: Corviknight
|
|upkeep
|turn|2
|
|t:|1760354118
|-terastallize|p2a: Hoopa|Fighting
|move|p2a: Hoopa|Future Sight|p1a: Corviknight
|-start|p2a: Hoopa|move: Future Sight
|move|p1a: Corviknight|U-turn|p2a: Hoopa
|-resisted|p2a: Hoopa
|-damage|p2a: Hoopa|73/100
|
|t:|1760354125
|switch|p1a: Enamorus|Enamorus, F|100/100|[from] U-turn
|
|upkeep
|turn|3
|
|t:|1760354133
|switch|p1a: Landorus|Landorus-Therian, M|100/100
|-ability|p1a: Landorus|Intimidate|boost
|-unboost|p2a: Hoopa|atk|1
|switch|p2a: Slowking|Slowking-Galar, M|100/100
|
|upkeep
|turn|4
|
|t:|1760354147
|switch|p2a: Ninetales|Ninetales-Alola, F|100/100
|-weather|Snowscape|[from] ability: Snow Warning|[of] p2a: Ninetales
|move|p1a: Landorus|Earthquake|p2a: Ninetales
|-damage|p2a: Ninetales|29/100
|
|-weather|Snowscape|[upkeep]
|-end|p1a: Landorus|move: Future Sight
|-damage|p1a: Landorus|6/100
|upkeep
|turn|5
|
|t:|1760354158
|switch|p1a: Heatran|Heatran, M|100/100
|move|p2a: Ninetales|Aurora Veil|p2a: Ninetales
|-sidestart|p2: Barronmaster|move: Aurora Veil
|
|-weather|Snowscape|[upkeep]
|upkeep
|turn|6
|
|t:|1760354163
|switch|p2a: Hoopa|Hoopa-Unbound, tera:Fighting|73/100
|move|p1a: Heatran|Stealth Rock|p2a: Hoopa
|-sidestart|p2: Barronmaster|move: Stealth Rock
|
|-weather|Snowscape|[upkeep]
|upkeep
|turn|7
|
|t:|1760354185
|switch|p1a: Corviknight|Corviknight, F|82/100
|-ability|p1a: Corviknight|Pressure
|move|p2a: Hoopa|Psychic Noise|p1a: Corviknight
|-resisted|p1a: Corviknight
|-damage|p1a: Corviknight|58/100
|-start|p1a: Corviknight|move: Heal Block
|
|-weather|Snowscape|[upkeep]
|upkeep
|turn|8
|
|t:|1760354191
|move|p2a: Hoopa|Drain Punch|p1a: Corviknight
|-damage|p1a: Corviknight|34/100
|-heal|p2a: Hoopa|88/100|[from] drain|[of] p1a: Corviknight
|-damage|p2a: Hoopa|72/100|[from] item: Rocky Helmet|[of] p1a: Corviknight
|move|p1a: Corviknight|Brave Bird|p2a: Hoopa
|-supereffective|p2a: Hoopa
|-damage|p2a: Hoopa|8/100
|-damage|p1a: Corviknight|17/100|[from] Recoil
|
|-weather|none
|-end|p1a: Corviknight|move: Heal Block
|upkeep
|turn|9
|
|t:|1760354211
|move|p2a: Hoopa|Future Sight|p1a: Corviknight
|-start|p2a: Hoopa|move: Future Sight
|move|p1a: Corviknight|Roost|p1a: Corviknight
|-heal|p1a: Corviknight|67/100
|-singleturn|p1a: Corviknight|move: Roost
|
|upkeep
|turn|10
|
|t:|1760354222
|move|p2a: Hoopa|Psychic Noise|p1a: Corviknight
|-resisted|p1a: Corviknight
|-damage|p1a: Corviknight|42/100
|-start|p1a: Corviknight|move: Heal Block
|move|p1a: Corviknight|Brave Bird|p2a: Hoopa
|-supereffective|p2a: Hoopa
|-damage|p2a: Hoopa|0 fnt
|faint|p2a: Hoopa
|-damage|p1a: Corviknight|40/100|[from] Recoil
|
|upkeep
|l|☆Opjbb
|inactive|Opjbb disconnected and has a minute to reconnect!
|player|p1|
|inactive|Barronmaster has 120 seconds left.
|j|☆Opjbb
|inactive|Opjbb reconnected.
|player|p1|Opjbb|cheryl|
|
|t:|1760354258
|switch|p2a: Slowking|Slowking-Galar, M|100/100
|-damage|p2a: Slowking|88/100|[from] Stealth Rock
|turn|11
|
|t:|1760354266
|move|p1a: Corviknight|Brave Bird|p2a: Slowking
|-damage|p2a: Slowking|68/100
|-damage|p1a: Corviknight|34/100|[from] Recoil
|move|p2a: Slowking|Nasty Plot|p2a: Slowking
|-boost|p2a: Slowking|spa|2
|
|-end|p1a: Corviknight|move: Future Sight
|-resisted|p1a: Corviknight
|-damage|p1a: Corviknight|0 fnt
|faint|p1a: Corviknight
|-heal|p2a: Slowking|74/100|[from] item: Leftovers
|upkeep
|
|t:|1760354271
|switch|p1a: Landorus|Landorus-Therian, M|6/100
|-ability|p1a: Landorus|Intimidate|boost
|-unboost|p2a: Slowking|atk|1
|turn|12
|
|t:|1760354273
|move|p1a: Landorus|Earthquake|p2a: Slowking
|-supereffective|p2a: Slowking
|-damage|p2a: Slowking|0 fnt
|faint|p2a: Slowking
|
|-sideend|p2: Barronmaster|move: Aurora Veil
|upkeep
|
|t:|1760354277
|switch|p2a: Ninetales|Ninetales-Alola, F|29/100
|-damage|p2a: Ninetales|4/100|[from] Stealth Rock
|-weather|Snowscape|[from] ability: Snow Warning|[of] p2a: Ninetales
|turn|13
|
|t:|1760354292
|move|p2a: Ninetales|Blizzard|p1a: Landorus
|-supereffective|p1a: Landorus
|-damage|p1a: Landorus|0 fnt
|faint|p1a: Landorus
|
|-weather|Snowscape|[upkeep]
|upkeep
|
|t:|1760354294
|switch|p1a: Enamorus|Enamorus, F|100/100
|turn|14
|
|t:|1760354307
|switch|p2a: Cloyster|Cloyster, M|100/100
|-damage|p2a: Cloyster|88/100|[from] Stealth Rock
|move|p1a: Enamorus|Moonblast|p2a: Cloyster
|-supereffective|p2a: Cloyster
|-damage|p2a: Cloyster|0 fnt
|replace|p2a: Zoroark|Zoroark, F
|-end|p2a: Zoroark|Illusion
|faint|p2a: Zoroark
|
|-weather|Snowscape|[upkeep]
|upkeep
|
|t:|1760354310
|switch|p2a: Indeedee|Indeedee, M|100/100
|-damage|p2a: Indeedee|88/100|[from] Stealth Rock
|-fieldstart|move: Psychic Terrain|[from] ability: Psychic Surge|[of] p2a: Indeedee
|turn|15
|inactive|Barronmaster has 120 seconds left.
|
|t:|1760354339
|switch|p1a: Heatran|Heatran, M|100/100
|move|p2a: Indeedee|Healing Wish|p2a: Indeedee
|faint|p2a: Indeedee
|
|-weather|Snowscape|[upkeep]
|upkeep
|
|t:|1760354341
|switch|p2a: Ninetales|Ninetales-Alola, F|4/100
|-heal|p2a: Ninetales|100/100|[from] move: Healing Wish
|-damage|p2a: Ninetales|75/100|[from] Stealth Rock
|turn|16
|
|t:|1760354346
|move|p2a: Ninetales|Aurora Veil|p2a: Ninetales
|-sidestart|p2: Barronmaster|move: Aurora Veil
|move|p1a: Heatran|Magma Storm|p2a: Ninetales|[miss]
|-miss|p1a: Heatran|p2a: Ninetales
|
|-weather|Snowscape|[upkeep]
|upkeep
|turn|17
|
|t:|1760354354
|move|p2a: Ninetales|Moonblast|p1a: Heatran
|-resisted|p1a: Heatran
|-damage|p1a: Heatran|95/100
|move|p1a: Heatran|Magma Storm|p2a: Ninetales|[miss]
|-miss|p1a: Heatran|p2a: Ninetales
|
|-weather|none
|-heal|p1a: Heatran|100/100|[from] item: Leftovers
|upkeep
|turn|18
|
|t:|1760354358
|move|p2a: Ninetales|Moonblast|p1a: Heatran
|-resisted|p1a: Heatran
|-damage|p1a: Heatran|95/100
|-unboost|p1a: Heatran|spa|1
|move|p1a: Heatran|Earth Power|p2a: Ninetales
|-damage|p2a: Ninetales|66/100
|
|-heal|p1a: Heatran|100/100|[from] item: Leftovers
|upkeep
|turn|19
|
|t:|1760354365
|move|p2a: Ninetales|Moonblast|p1a: Heatran
|-resisted|p1a: Heatran
|-damage|p1a: Heatran|95/100
|-unboost|p1a: Heatran|spa|1
|move|p1a: Heatran|Taunt|p2a: Ninetales
|-start|p2a: Ninetales|move: Taunt
|
|-heal|p1a: Heatran|100/100|[from] item: Leftovers
|-fieldend|move: Psychic Terrain
|upkeep
|turn|20
|
|t:|1760354380
|move|p2a: Ninetales|Moonblast|p1a: Heatran
|-resisted|p1a: Heatran
|-damage|p1a: Heatran|95/100
|move|p1a: Heatran|Taunt||[still]
|-fail|p1a: Heatran
|
|-heal|p1a: Heatran|100/100|[from] item: Leftovers
|upkeep
|turn|21
|
|t:|1760354386
|switch|p2a: Cloyster|Cloyster, M|100/100
|move|p1a: Heatran|Taunt|p2a: Cloyster
|-start|p2a: Cloyster|move: Taunt
|
|upkeep
|turn|22
|
|t:|1760354398
|switch|p2a: Ninetales|Ninetales-Alola, F|66/100
|-damage|p2a: Ninetales|41/100|[from] Stealth Rock
|-weather|Snowscape|[from] ability: Snow Warning|[of] p2a: Ninetales
|switch|p1a: Raging Bolt|Raging Bolt|100/100
|
|-weather|Snowscape|[upkeep]
|upkeep
|turn|23
|
|t:|1760354407
|move|p2a: Ninetales|Blizzard|p1a: Raging Bolt
|-supereffective|p1a: Raging Bolt
|-damage|p1a: Raging Bolt|25/100
|move|p1a: Raging Bolt|Thunderbolt|p2a: Ninetales
|-damage|p2a: Ninetales|0 fnt
|faint|p2a: Ninetales
|
|-weather|Snowscape|[upkeep]
|-sideend|p2: Barronmaster|move: Aurora Veil
|upkeep
|
|t:|1760354409
|switch|p2a: Cloyster|Cloyster, M|100/100
|turn|24
|
|t:|1760354412
|move|p2a: Cloyster|Ice Shard|p1a: Raging Bolt
|-supereffective|p1a: Raging Bolt
|-damage|p1a: Raging Bolt|0 fnt
|faint|p1a: Raging Bolt
|-end|p1a: Raging Bolt|Protosynthesis|[silent]
|
|-weather|Snowscape|[upkeep]
|upkeep
|-message|Barronmaster forfeited.
|
|win|Opjbb
|raw|Opjbb's rating: 1553 &rarr; <strong>1577</strong><br />(+24 for winning)
|raw|Barronmaster's rating: 1628 &rarr; <strong>1604</strong><br />(-24 for losing)
|l|☆Barronmaster
|player|p2|
|l|☆Opjbb
|player|p1|
