|j|☆igorcda
|j|☆TrentMercer
|t:|1760395676
|gametype|singles
|player|p1|igorcda|richboy-gen4|1605
|player|p2|TrentMercer|n|1535
|gen|9
|tier|[Gen 9] OU
|rated|
|rule|HP Percentage Mod: HP is shown in percentages
|rule|Endless Battle Clause: Forcing endless battles is banned
|rule|Species Clause: Limit one of each Pokémon
|rule|OHKO Clause: OHKO moves are banned
|rule|Evasion Items Clause: Evasion items are banned
|rule|Evasion Moves Clause: Evasion moves are banned
|rule|Evasion Abilities Clause: Evasion abilities are banned
|rule|Sleep Moves Clause: Sleep-inducing moves are banned
|clearpoke
|poke|p1|Dragapult, M|
|poke|p1|Pawmot, M|
|poke|p1|Empoleon, M|
|poke|p1|Ursaluna, M|
|poke|p1|Lokix, M|
|poke|p1|Landorus-Therian, M|
|poke|p2|Great Tusk|
|poke|p2|Slowking-Galar, M|
|poke|p2|Zapdos|
|poke|p2|Crawdaunt, F|
|poke|p2|Chandelure, M|
|poke|p2|Scizor, M|
|teampreview
|inactive|Battle timer is ON: inactive players will automatically lose when time's up. (requested by TrentMercer)
|
|t:|1760395688
|teamsize|p1|6
|teamsize|p2|6
|start
|switch|p1a: Landorus|Landorus-Therian, M, shiny|100/100
|switch|p2a: Chandelure|Chandelure, M, shiny|100/100
|-ability|p1a: Landorus|Intimidate|boost
|-unboost|p2a: Chandelure|atk|1
|turn|1
|
|t:|1760395693
|switch|p2a: Great Tusk|Great Tusk|100/100
|-enditem|p2a: Great Tusk|Booster Energy
|-activate|p2a: Great Tusk|ability: Protosynthesis|[fromitem]
|-start|p2a: Great Tusk|protosynthesisatk
|move|p1a: Landorus|Earthquake|p2a: Great Tusk
|-damage|p2a: Great Tusk|62/100
|
|upkeep
|turn|2
|
|t:|1760395696
|move|p1a: Landorus|Earth Power|p2a: Great Tusk
|-damage|p2a: Great Tusk|10/100
|move|p2a: Great Tusk|Ice Spinner|p1a: Landorus
|-supereffective|p1a: Landorus
|-damage|p1a: Landorus|0 fnt
|faint|p1a: Landorus
|
|upkeep
|
|t:|1760395710
|switch|p1a: Lokix|Lokix, M, shiny|100/100
|turn|3
|
|t:|1760395714
|move|p1a: Lokix|U-turn|p2a: Great Tusk
|-resisted|p2a: Great Tusk
|-damage|p2a: Great Tusk|0 fnt
|faint|p2a: Great Tusk
|-end|p2a: Great Tusk|Protosynthesis|[silent]
|
|t:|1760395718
|switch|p1a: Ursaluno|Ursaluna, M, shiny|100/100|[from] U-turn
|
|-status|p1a: Ursaluno|brn|[from] item: Flame Orb
|upkeep
|
|t:|1760395724
|switch|p2a: Crawdaunt|Crawdaunt, F|100/100
|turn|4
|
|t:|1760395728
|move|p2a: Crawdaunt|Crabhammer|p1a: Ursaluno
|-supereffective|p1a: Ursaluno
|-damage|p1a: Ursaluno|0 fnt
|faint|p1a: Ursaluno
|
|upkeep
|
|t:|1760395731
|switch|p1a: Lokix|Lokix, M, shiny|100/100
|turn|5
|
|t:|1760395734
|switch|p2a: Zapdos|Zapdos|100/100
|move|p1a: Lokix|Swords Dance|p1a: Lokix
|-boost|p1a: Lokix|atk|2
|
|upkeep
|turn|6
|
|t:|1760395739
|move|p1a: Lokix|Knock Off|p2a: Zapdos
|-damage|p2a: Zapdos|43/100
|-enditem|p2a: Zapdos|Heavy-Duty Boots|[from] move: Knock Off|[of] p1a: Lokix
|move|p2a: Zapdos|Hurricane|p1a: Lokix
|-supereffective|p1a: Lokix
|-damage|p1a: Lokix|0 fnt
|faint|p1a: Lokix
|
|upkeep
|
|t:|1760395745
|switch|p1a: Cataputa|Dragapult, M|100/100
|turn|7
|
|t:|1760395753
|move|p1a: Cataputa|Dragon Darts|p2a: Zapdos
|-damage|p2a: Zapdos|18/100
|-anim|p1a: Cataputa|Dragon Darts|p2a: Zapdos
|-damage|p2a: Zapdos|0 fnt
|faint|p2a: Zapdos
|-damage|p1a: Cataputa|91/100|[from] item: Life Orb
|
|upkeep
|
|t:|1760395757
|switch|p2a: Chandelure|Chandelure, M, shiny|100/100
|turn|8
|
|t:|1760395760
|move|p2a: Chandelure|Shadow Ball|p1a: Cataputa
|-supereffective|p1a: Cataputa
|-damage|p1a: Cataputa|0 fnt
|faint|p1a: Cataputa
|
|upkeep
|
|t:|1760395763
|switch|p1a: Kingpoleon|Empoleon, M, shiny|100/100
|turn|9
|
|t:|1760395767
|switch|p2a: Crawdaunt|Crawdaunt, F|100/100
|move|p1a: Kingpoleon|Hydro Pump|p2a: Crawdaunt
|-resisted|p2a: Crawdaunt
|-damage|p2a: Crawdaunt|40/100
|
|upkeep
|turn|10
|
|t:|1760395770
|move|p1a: Kingpoleon|Vacuum Wave|p2a: Crawdaunt
|-supereffective|p2a: Crawdaunt
|-damage|p2a: Crawdaunt|0 fnt
|faint|p2a: Crawdaunt
|
|upkeep
|
|t:|1760395774
|switch|p2a: Scizor|Scizor, M|100/100
|turn|11
|
|t:|1760395780
|move|p2a: Scizor|Close Combat|p1a: Kingpoleon
|-supereffective|p1a: Kingpoleon
|-damage|p1a: Kingpoleon|0 fnt
|-unboost|p2a: Scizor|def|1
|-unboost|p2a: Scizor|spd|1
|faint|p1a: Kingpoleon
|-damage|p2a: Scizor|91/100|[from] item: Life Orb
|
|upkeep
|
|t:|1760395782
|switch|p1a: PaulMot|Pawmot, M|100/100
|turn|12
|
|t:|1760395788
|move|p1a: PaulMot|Revival Blessing|p1a: PaulMot
|-enditem|p1a: PaulMot|Leppa Berry|[eat]
|-activate|p1a: PaulMot|item: Leppa Berry|Revival Blessing|[consumed]
|
|t:|1760395793
|-heal|p1: Landorus|50/100|[from] move: Revival Blessing
|move|p2a: Scizor|Knock Off|p1a: PaulMot
|-resisted|p1a: PaulMot
|-crit|p1a: PaulMot
|-damage|p1a: PaulMot|58/100
|-damage|p2a: Scizor|81/100|[from] item: Life Orb
|
|upkeep
|turn|13
|
|t:|1760395805
|switch|p2a: Slowking|Slowking-Galar, M|100/100
|move|p1a: PaulMot|Revival Blessing|p1a: PaulMot
|
|t:|1760395810
|-heal|p1: Cataputa|50/100|[from] move: Revival Blessing
|
|upkeep
|turn|14
|
|t:|1760395819
|move|p1a: PaulMot|Double Shock|p2a: Slowking
|-damage|p2a: Slowking|33/100
|-start|p1a: PaulMot|typechange|???/Fighting|[from] move: Double Shock
|move|p2a: Slowking|Psyshock|p1a: PaulMot
|-supereffective|p1a: PaulMot
|-damage|p1a: PaulMot|0 fnt
|faint|p1a: PaulMot
|
|upkeep
|
|t:|1760395830
|switch|p1a: Landorus|Landorus-Therian, M, shiny|50/100
|-ability|p1a: Landorus|Intimidate|boost
|-unboost|p2a: Slowking|atk|1
|turn|15
|
|t:|1760395836
|move|p1a: Landorus|Earthquake|p2a: Slowking
|-supereffective|p2a: Slowking
|-damage|p2a: Slowking|0 fnt
|faint|p2a: Slowking
|
|upkeep
|
|t:|1760395840
|switch|p2a: Scizor|Scizor, M|81/100
|turn|16
|
|t:|1760395845
|move|p2a: Scizor|Bullet Punch|p1a: Landorus
|-damage|p1a: Landorus|2/100
|-damage|p2a: Scizor|71/100|[from] item: Life Orb
|move|p1a: Landorus|Earthquake|p2a: Scizor
|-damage|p2a: Scizor|13/100
|
|upkeep
|turn|17
|
|t:|1760395848
|move|p2a: Scizor|Bullet Punch|p1a: Landorus
|-damage|p1a: Landorus|0 fnt
|faint|p1a: Landorus
|-damage|p2a: Scizor|3/100|[from] item: Life Orb
|
|upkeep
|
|t:|1760395852
|switch|p1a: Cataputa|Dragapult, M|50/100
|turn|18
|
|t:|1760395856
|move|p1a: Cataputa|Sucker Punch|p2a: Scizor
|-damage|p2a: Scizor|0 fnt
|faint|p2a: Scizor
|-damage|p1a: Cataputa|41/100|[from] item: Life Orb
|
|upkeep
|
|t:|1760395859
|switch|p2a: Chandelure|Chandelure, M, shiny|100/100
|turn|19
|
|t:|1760395864
|-terastallize|p2a: Chandelure|Grass
|-terastallize|p1a: Cataputa|Stellar
|move|p1a: Cataputa|Sucker Punch|p2a: Chandelure
|-damage|p2a: Chandelure|43/100
|-damage|p1a: Cataputa|31/100|[from] item: Life Orb
|move|p2a: Chandelure|Shadow Ball|p1a: Cataputa
|-supereffective|p1a: Cataputa
|-damage|p1a: Cataputa|0 fnt
|faint|p1a: Cataputa
|
|win|TrentMercer
|raw|igorcda's rating: 1605 &rarr; <strong>1581</strong><br />(-24 for losing)
|raw|TrentMercer's rating: 1535 &rarr; <strong>1559</strong><br />(+24 for winning)
|l|☆igorcda
|player|p1|
|l|☆TrentMercer
|player|p2|
