|j|☆UltraGodGreninja
|j|☆nnnn5555
|t:|1760414324
|gametype|singles
|player|p1|UltraGodGreninja|skyla|1492
|player|p2|nnnn5555|giovanni|1476
|gen|9
|tier|[Gen 9] OU
|rated|
|rule|HP Percentage Mod: HP is shown in percentages
|rule|Endless Battle Clause: Forcing endless battles is banned
|rule|Species Clause: Limit one of each Pokémon
|rule|OHKO Clause: OHKO moves are banned
|rule|Evasion Items Clause: Evasion items are banned
|rule|Evasion Moves Clause: Evasion moves are banned
|rule|Evasion Abilities Clause: Evasion abilities are banned
|rule|Sleep Moves Clause: Sleep-inducing moves are banned
|clearpoke
|poke|p1|Greninja-*, M|
|poke|p1|Great Tusk|
|poke|p1|Lokix, M|
|poke|p1|Slowking-Galar, F|
|poke|p1|Heatran, F|
|poke|p1|Zapdos|
|poke|p2|Slowking-Galar, M|
|poke|p2|Kyurem|
|poke|p2|Samurott-Hisui, M|
|poke|p2|Tornadus-Therian, M|
|poke|p2|Iron Treads|
|poke|p2|Dragapult, M|
|teampreview
|
|t:|1760414339
|teamsize|p1|6
|teamsize|p2|6
|start
|switch|p1a: Zapdos|Zapdos|100/100
|switch|p2a: Big Bird|Tornadus-Therian, M, shiny|100/100
|turn|1
|
|t:|1760414346
|switch|p2a: Iron Treads|Iron Treads, shiny|100/100
|move|p1a: Zapdos|U-turn|p2a: Iron Treads
|-resisted|p2a: Iron Treads
|-damage|p2a: Iron Treads|95/100
|
|t:|1760414351
|switch|p1a: Greninja|Greninja, M|100/100|[from] U-turn
|
|-heal|p2a: Iron Treads|100/100|[from] item: Leftovers
|upkeep
|turn|2
|
|t:|1760414359
|-end|p2a: Iron Treads|Quark Drive|[silent]
|switch|p2a: Giyu|Samurott-Hisui, M|100/100
|move|p1a: Greninja|Hydro Pump|p2a: Giyu
|-start|p1a: Greninja|typechange|Water|[from] ability: Protean
|-resisted|p2a: Giyu
|-damage|p2a: Giyu|68/100
|
|upkeep
|turn|3
|
|t:|1760414367
|switch|p1a: Zapdos|Zapdos|100/100
|move|p2a: Giyu|Ceaseless Edge|p1a: Zapdos|[miss]
|-miss|p2a: Giyu|p1a: Zapdos
|
|upkeep
|turn|4
|
|t:|1760414378
|switch|p2a: Iron Treads|Iron Treads, shiny|100/100
|move|p1a: Zapdos|U-turn|p2a: Iron Treads
|-resisted|p2a: Iron Treads
|-damage|p2a: Iron Treads|96/100
|
|t:|1760414382
|switch|p1a: Greninja|Greninja, M|100/100|[from] U-turn
|
|-heal|p2a: Iron Treads|100/100|[from] item: Leftovers
|upkeep
|turn|5
|
|t:|1760414398
|switch|p1a: Lokix|Lokix, M|100/100
|-end|p2a: Iron Treads|Quark Drive|[silent]
|switch|p2a: Dark Oracle|Slowking-Galar, M, shiny|100/100
|
|upkeep
|turn|6
|
|t:|1760414405
|switch|p2a: Big Bird|Tornadus-Therian, M, shiny|100/100
|move|p1a: Lokix|Knock Off|p2a: Big Bird
|-crit|p2a: Big Bird
|-damage|p2a: Big Bird|0 fnt
|-enditem|p2a: Big Bird|Assault Vest|[from] move: Knock Off|[of] p1a: Lokix
|faint|p2a: Big Bird
|
|upkeep
|
|t:|1760414412
|switch|p2a: B-2 Bomber|Dragapult, M, shiny|100/100
|turn|7
|
|t:|1760414416
|switch|p2a: Giyu|Samurott-Hisui, M|68/100
|switch|p1a: Heatran|Heatran, F|100/100
|
|upkeep
|turn|8
|
|t:|1760414431
|switch|p1a: Zapdos|Zapdos|100/100
|move|p2a: Giyu|Ceaseless Edge|p1a: Zapdos
|-damage|p1a: Zapdos|68/100
|-status|p2a: Giyu|par|[from] ability: Static|[of] p1a: Zapdos
|-sidestart|p1: UltraGodGreninja|Spikes
|
|upkeep
|turn|9
|
|t:|1760414442
|move|p1a: Zapdos|U-turn|p2a: Giyu
|-supereffective|p2a: Giyu
|-damage|p2a: Giyu|40/100 par
|
|t:|1760414445
|switch|p1a: Great Tusk|Great Tusk|100/100|[from] U-turn
|cant|p2a: Giyu|par
|
|upkeep
|turn|10
|
|t:|1760414450
|move|p1a: Great Tusk|Headlong Rush|p2a: Giyu
|-damage|p2a: Giyu|0 fnt
|-unboost|p1a: Great Tusk|def|1
|-unboost|p1a: Great Tusk|spd|1
|faint|p2a: Giyu
|
|upkeep
|
|t:|1760414458
|switch|p2a: Absolute Zero|Kyurem, shiny|100/100
|-ability|p2a: Absolute Zero|Pressure
|turn|11
|
|t:|1760414464
|-end|p1a: Great Tusk|Protosynthesis|[silent]
|switch|p1a: Slowking|Slowking-Galar, F|100/100
|move|p2a: Absolute Zero|Earth Power|p1a: Slowking
|-supereffective|p1a: Slowking
|-damage|p1a: Slowking|46/100
|
|upkeep
|turn|12
|
|t:|1760414471
|switch|p2a: Iron Treads|Iron Treads, shiny|100/100
|switch|p1a: Zapdos|Zapdos|68/100
|
|upkeep
|turn|13
|
|t:|1760414479
|move|p2a: Iron Treads|Stealth Rock|p1a: Zapdos
|-sidestart|p1: UltraGodGreninja|move: Stealth Rock
|move|p1a: Zapdos|U-turn|p2a: Iron Treads
|-resisted|p2a: Iron Treads
|-damage|p2a: Iron Treads|95/100
|
|t:|1760414482
|switch|p1a: Great Tusk|Great Tusk|100/100|[from] U-turn
|
|-heal|p2a: Iron Treads|100/100|[from] item: Leftovers
|upkeep
|turn|14
|
|t:|1760414491
|move|p2a: Iron Treads|Knock Off|p1a: Great Tusk
|-resisted|p1a: Great Tusk
|-damage|p1a: Great Tusk|92/100
|-enditem|p1a: Great Tusk|Heavy-Duty Boots|[from] move: Knock Off|[of] p2a: Iron Treads
|move|p1a: Great Tusk|Headlong Rush|p2a: Iron Treads
|-supereffective|p2a: Iron Treads
|-damage|p2a: Iron Treads|5/100
|-unboost|p1a: Great Tusk|def|1
|-unboost|p1a: Great Tusk|spd|1
|
|-heal|p2a: Iron Treads|11/100|[from] item: Leftovers
|upkeep
|turn|15
|
|t:|1760414505
|-end|p2a: Iron Treads|Quark Drive|[silent]
|switch|p2a: B-2 Bomber|Dragapult, M, shiny|100/100
|move|p1a: Great Tusk|Rapid Spin|p2a: B-2 Bomber
|-immune|p2a: B-2 Bomber
|
|upkeep
|turn|16
|
|t:|1760414514
|-end|p1a: Great Tusk|Protosynthesis|[silent]
|switch|p1a: Heatran|Heatran, F|100/100
|-damage|p1a: Heatran|88/100|[from] Spikes
|-damage|p1a: Heatran|76/100|[from] Stealth Rock
|move|p2a: B-2 Bomber|Will-O-Wisp|p1a: Heatran
|-start|p1a: Heatran|ability: Flash Fire
|
|-heal|p1a: Heatran|82/100|[from] item: Leftovers
|upkeep
|turn|17
|
|t:|1760414533
|switch|p2a: Iron Treads|Iron Treads, shiny|11/100
|move|p1a: Heatran|Lava Plume|p2a: Iron Treads
|-supereffective|p2a: Iron Treads
|-damage|p2a: Iron Treads|0 fnt
|faint|p2a: Iron Treads
|-end|p2a: Iron Treads|Quark Drive|[silent]
|
|-heal|p1a: Heatran|88/100|[from] item: Leftovers
|upkeep
|
|t:|1760414545
|switch|p2a: Absolute Zero|Kyurem, shiny|100/100
|-ability|p2a: Absolute Zero|Pressure
|turn|18
|
|t:|1760414550
|-end|p1a: Heatran|ability: Flash Fire|[silent]
|switch|p1a: Slowking|Slowking-Galar, F|79/100
|move|p2a: Absolute Zero|Blizzard|p1a: Slowking
|-damage|p1a: Slowking|26/100
|
|upkeep
|turn|19
|
|t:|1760414556
|switch|p1a: Heatran|Heatran, F|88/100
|-damage|p1a: Heatran|76/100|[from] Spikes
|-damage|p1a: Heatran|63/100|[from] Stealth Rock
|move|p2a: Absolute Zero|Blizzard|p1a: Heatran|[miss]
|-miss|p2a: Absolute Zero|p1a: Heatran
|
|-heal|p1a: Heatran|69/100|[from] item: Leftovers
|upkeep
|turn|20
|
|t:|1760414568
|switch|p2a: Dark Oracle|Slowking-Galar, M, shiny|100/100
|switch|p1a: Zapdos|Zapdos|68/100
|
|upkeep
|turn|21
|
|t:|1760414574
|move|p1a: Zapdos|U-turn|p2a: Dark Oracle
|-damage|p2a: Dark Oracle|87/100
|
|t:|1760414575
|switch|p1a: Great Tusk|Great Tusk|92/100|[from] U-turn
|-damage|p1a: Great Tusk|79/100|[from] Spikes
|-damage|p1a: Great Tusk|76/100|[from] Stealth Rock
|-prepare|p2a: Dark Oracle|Chilly Reception|[premajor]
|move|p2a: Dark Oracle|Chilly Reception|p2a: Dark Oracle
|-weather|Snowscape
|
|t:|1760414583
|switch|p2a: Absolute Zero|Kyurem, shiny|100/100|[from] Chilly Reception
|-ability|p2a: Absolute Zero|Pressure
|
|-weather|Snowscape|[upkeep]
|upkeep
|turn|22
|
|t:|1760414590
|-end|p1a: Great Tusk|Protosynthesis|[silent]
|switch|p1a: Zapdos|Zapdos|68/100
|move|p2a: Absolute Zero|Earth Power|p1a: Zapdos
|-immune|p1a: Zapdos
|
|-weather|Snowscape|[upkeep]
|upkeep
|turn|23
|
|t:|1760414596
|switch|p2a: Dark Oracle|Slowking-Galar, M, shiny|100/100
|move|p1a: Zapdos|U-turn|p2a: Dark Oracle
|-damage|p2a: Dark Oracle|86/100
|
|t:|1760414603
|switch|p1a: Great Tusk|Great Tusk|76/100|[from] U-turn
|-damage|p1a: Great Tusk|64/100|[from] Spikes
|-damage|p1a: Great Tusk|61/100|[from] Stealth Rock
|
|-weather|Snowscape|[upkeep]
|upkeep
|turn|24
|
|t:|1760414613
|switch|p2a: B-2 Bomber|Dragapult, M, shiny|100/100
|move|p1a: Great Tusk|Headlong Rush|p2a: B-2 Bomber
|-damage|p2a: B-2 Bomber|16/100
|-unboost|p1a: Great Tusk|def|1
|-unboost|p1a: Great Tusk|spd|1
|
|-weather|Snowscape|[upkeep]
|upkeep
|turn|25
|
|t:|1760414622
|-end|p1a: Great Tusk|Protosynthesis|[silent]
|switch|p1a: Heatran|Heatran, F|69/100
|-damage|p1a: Heatran|57/100|[from] Spikes
|-damage|p1a: Heatran|45/100|[from] Stealth Rock
|move|p2a: B-2 Bomber|U-turn|p1a: Heatran
|-resisted|p1a: Heatran
|-damage|p1a: Heatran|40/100
|inactive|Battle timer is ON: inactive players will automatically lose when time's up. (requested by UltraGodGreninja)
|
|t:|1760414629
|switch|p2a: Absolute Zero|Kyurem, shiny|100/100|[from] U-turn
|-ability|p2a: Absolute Zero|Pressure
|
|-weather|none
|-heal|p1a: Heatran|46/100|[from] item: Leftovers
|upkeep
|turn|26
|
|t:|1760414636
|switch|p1a: Zapdos|Zapdos|68/100
|move|p2a: Absolute Zero|Freeze-Dry|p1a: Zapdos
|-supereffective|p1a: Zapdos
|-damage|p1a: Zapdos|0 fnt
|faint|p1a: Zapdos
|
|upkeep
|
|t:|1760414639
|switch|p1a: Greninja|Greninja, M|100/100
|-damage|p1a: Greninja|88/100|[from] Spikes
|-damage|p1a: Greninja|76/100|[from] Stealth Rock
|turn|27
|
|t:|1760414649
|move|p1a: Greninja|Dark Pulse|p2a: Absolute Zero
|-start|p1a: Greninja|typechange|Dark|[from] ability: Protean
|-damage|p2a: Absolute Zero|52/100
|move|p2a: Absolute Zero|Freeze-Dry|p1a: Greninja
|-damage|p1a: Greninja|0 fnt
|faint|p1a: Greninja
|
|upkeep
|
|t:|1760414657
|switch|p1a: Lokix|Lokix, M|100/100
|-damage|p1a: Lokix|88/100|[from] Spikes
|-damage|p1a: Lokix|63/100|[from] Stealth Rock
|turn|28
|
|t:|1760414667
|switch|p2a: B-2 Bomber|Dragapult, M, shiny|16/100
|move|p1a: Lokix|First Impression|p2a: B-2 Bomber
|-resisted|p2a: B-2 Bomber
|-damage|p2a: B-2 Bomber|0 fnt
|faint|p2a: B-2 Bomber
|
|upkeep
|
|t:|1760414676
|switch|p2a: Dark Oracle|Slowking-Galar, M, shiny|100/100
|turn|29
|
|t:|1760414682
|switch|p1a: Slowking|Slowking-Galar, F|60/100
|-prepare|p2a: Dark Oracle|Chilly Reception|[premajor]
|move|p2a: Dark Oracle|Chilly Reception|p2a: Dark Oracle
|-weather|Snowscape
|
|t:|1760414689
|switch|p2a: Absolute Zero|Kyurem, shiny|52/100|[from] Chilly Reception
|-ability|p2a: Absolute Zero|Pressure
|
|-weather|Snowscape|[upkeep]
|upkeep
|turn|30
|
|t:|1760414715
|switch|p1a: Heatran|Heatran, F|46/100
|-damage|p1a: Heatran|34/100|[from] Spikes
|-damage|p1a: Heatran|21/100|[from] Stealth Rock
|move|p2a: Absolute Zero|Earth Power|p1a: Heatran
|-supereffective|p1a: Heatran
|-damage|p1a: Heatran|0 fnt
|faint|p1a: Heatran
|
|-weather|Snowscape|[upkeep]
|upkeep
|
|t:|1760414728
|switch|p1a: Slowking|Slowking-Galar, F|93/100
|turn|31
|
|t:|1760414735
|switch|p2a: Dark Oracle|Slowking-Galar, M, shiny|100/100
|move|p1a: Slowking|Thunder Wave|p2a: Dark Oracle
|-status|p2a: Dark Oracle|par
|
|-weather|Snowscape|[upkeep]
|upkeep
|turn|32
|
|t:|1760414743
|move|p1a: Slowking|Flamethrower|p2a: Dark Oracle
|-damage|p2a: Dark Oracle|86/100 par
|move|p2a: Dark Oracle|Future Sight|p1a: Slowking
|-start|p2a: Dark Oracle|move: Future Sight
|
|-weather|Snowscape|[upkeep]
|upkeep
|turn|33
|
|t:|1760414751
|move|p1a: Slowking|Flamethrower|p2a: Dark Oracle
|-damage|p2a: Dark Oracle|73/100 par
|move|p2a: Dark Oracle|Flamethrower|p1a: Slowking
|-damage|p1a: Slowking|80/100
|
|-weather|none
|upkeep
|turn|34
|
|t:|1760414760
|move|p1a: Slowking|Psychic Noise|p2a: Dark Oracle
|-damage|p2a: Dark Oracle|57/100 par
|-start|p2a: Dark Oracle|move: Heal Block
|move|p2a: Dark Oracle|Flamethrower|p1a: Slowking
|-damage|p1a: Slowking|66/100
|
|-end|p1a: Slowking|move: Future Sight
|-damage|p1a: Slowking|40/100
|upkeep
|turn|35
|
|t:|1760414772
|-prepare|p1a: Slowking|Chilly Reception|[premajor]
|move|p1a: Slowking|Chilly Reception|p1a: Slowking
|-weather|Snowscape
|
|t:|1760414773
|switch|p1a: Great Tusk|Great Tusk|61/100|[from] Chilly Reception
|-damage|p1a: Great Tusk|48/100|[from] Spikes
|-damage|p1a: Great Tusk|46/100|[from] Stealth Rock
|cant|p2a: Dark Oracle|par
|
|-weather|Snowscape|[upkeep]
|-end|p2a: Dark Oracle|move: Heal Block
|upkeep
|turn|36
|
|t:|1760414792
|move|p1a: Great Tusk|Rapid Spin|p2a: Dark Oracle
|-damage|p2a: Dark Oracle|40/100 par
|-boost|p1a: Great Tusk|spe|1
|-sideend|p1: UltraGodGreninja|Spikes|[from] move: Rapid Spin|[of] p1a: Great Tusk
|-sideend|p1: UltraGodGreninja|Stealth Rock|[from] move: Rapid Spin|[of] p1a: Great Tusk
|move|p2a: Dark Oracle|Flamethrower|p1a: Great Tusk
|-damage|p1a: Great Tusk|13/100
|
|-weather|Snowscape|[upkeep]
|upkeep
|turn|37
|
|t:|1760414800
|move|p1a: Great Tusk|Headlong Rush|p2a: Dark Oracle
|-supereffective|p2a: Dark Oracle
|-damage|p2a: Dark Oracle|0 fnt
|-unboost|p1a: Great Tusk|def|1
|-unboost|p1a: Great Tusk|spd|1
|faint|p2a: Dark Oracle
|
|-weather|Snowscape|[upkeep]
|upkeep
|-message|nnnn5555 forfeited.
|
|win|UltraGodGreninja
|raw|UltraGodGreninja's rating: 1492 &rarr; <strong>1511</strong><br />(+19 for winning)
|raw|nnnn5555's rating: 1476 &rarr; <strong>1457</strong><br />(-19 for losing)
|l|☆nnnn5555
|player|p2|
|l|☆UltraGodGreninja
|player|p1|
