|j|☆IcePhoenix1
|j|☆Supa Dupa Hoopa
|t:|1760401852
|gametype|singles
|player|p1|IcePhoenix1|ghetsis-gen5bw|1451
|player|p2|Supa Dupa Hoopa|169|1429
|gen|9
|tier|[Gen 9] OU
|rated|
|rule|HP Percentage Mod: HP is shown in percentages
|rule|Endless Battle Clause: Forcing endless battles is banned
|rule|Species Clause: Limit one of each Pokémon
|rule|OHKO Clause: OHKO moves are banned
|rule|Evasion Items Clause: Evasion items are banned
|rule|Evasion Moves Clause: Evasion moves are banned
|rule|Evasion Abilities Clause: Evasion abilities are banned
|rule|Sleep Moves Clause: Sleep-inducing moves are banned
|clearpoke
|poke|p1|Raging Bolt|
|poke|p1|Gholdengo|
|poke|p1|Great Tusk|
|poke|p1|Alomomola, F|
|poke|p1|Dragonite, M|
|poke|p1|Garganacl, F|
|poke|p2|Samurott-Hisui, F|
|poke|p2|Dragapult, F|
|poke|p2|Corviknight, F|
|poke|p2|Clodsire, M|
|poke|p2|Meowscarada, M|
|poke|p2|Toxtricity-Low-Key, F|
|teampreview
|
|t:|1760401856
|teamsize|p1|6
|teamsize|p2|6
|start
|switch|p1a: Raging Bolt|Raging Bolt|100/100
|switch|p2a: Samurott|Samurott-Hisui, F|100/100
|turn|1
|
|t:|1760401862
|switch|p2a: Clodsire|Clodsire, M|100/100
|move|p1a: Raging Bolt|Draco Meteor|p2a: Clodsire|[miss]
|-miss|p1a: Raging Bolt|p2a: Clodsire
|
|upkeep
|turn|2
|
|t:|1760401868
|-end|p1a: Raging Bolt|Protosynthesis|[silent]
|switch|p1a: Gholdengo|Gholdengo|100/100
|move|p2a: Clodsire|Toxic|p1a: Gholdengo
|-immune|p1a: Gholdengo|[from] ability: Good as Gold
|
|upkeep
|turn|3
|
|t:|1760401876
|switch|p2a: Samurott|Samurott-Hisui, F|100/100
|move|p1a: Gholdengo|Trick|p2a: Samurott
|-activate|p1a: Gholdengo|move: Trick|[of] p2a: Samurott
|-item|p2a: Samurott|Choice Scarf|[from] move: Trick
|-item|p1a: Gholdengo|Choice Band|[from] move: Trick
|
|upkeep
|turn|4
|
|t:|1760401891
|switch|p1a: Alomomola|Alomomola, F|100/100
|move|p2a: Samurott|Ceaseless Edge|p1a: Alomomola
|-damage|p1a: Alomomola|72/100
|-sidestart|p1: IcePhoenix1|Spikes
|
|upkeep
|turn|5
|
|t:|1760401898
|switch|p2a: Clodsire|Clodsire, M|100/100
|move|p1a: Alomomola|Flip Turn|p2a: Clodsire
|-immune|p2a: Clodsire|[from] ability: Water Absorb
|
|upkeep
|turn|6
|
|t:|1760401907
|switch|p1a: Gholdengo|Gholdengo|100/100
|-damage|p1a: Gholdengo|88/100|[from] Spikes
|move|p2a: Clodsire|Stealth Rock|p1a: Gholdengo
|-sidestart|p1: IcePhoenix1|move: Stealth Rock
|
|upkeep
|turn|7
|
|t:|1760401920
|switch|p1a: Great Tusk|Great Tusk|100/100
|switch|p2a: Samurott|Samurott-Hisui, F|100/100
|
|upkeep
|turn|8
|
|t:|1760401928
|move|p2a: Samurott|Flip Turn|p1a: Great Tusk
|-supereffective|p1a: Great Tusk
|-damage|p1a: Great Tusk|60/100
|
|t:|1760401931
|switch|p2a: Dragapult|Dragapult, F|100/100|[from] Flip Turn
|move|p1a: Great Tusk|Rapid Spin|p2a: Dragapult
|-immune|p2a: Dragapult
|
|upkeep
|turn|9
|
|t:|1760401938
|-end|p1a: Great Tusk|Protosynthesis|[silent]
|switch|p1a: Alomomola|Alomomola, F|100/100
|move|p2a: Dragapult|Shadow Ball|p1a: Alomomola
|-damage|p1a: Alomomola|51/100
|
|upkeep
|turn|10
|
|t:|1760401946
|move|p2a: Dragapult|Shadow Ball|p1a: Alomomola
|-damage|p1a: Alomomola|7/100
|move|p1a: Alomomola|Flip Turn|p2a: Dragapult
|-resisted|p2a: Dragapult
|-damage|p2a: Dragapult|90/100
|
|t:|1760401953
|switch|p1a: Garganacl|Garganacl, F|100/100|[from] Flip Turn
|-damage|p1a: Garganacl|88/100|[from] Spikes
|-damage|p1a: Garganacl|76/100|[from] Stealth Rock
|
|-heal|p1a: Garganacl|82/100|[from] item: Leftovers
|upkeep
|turn|11
|
|t:|1760401961
|switch|p2a: Samurott|Samurott-Hisui, F|100/100
|move|p1a: Garganacl|Salt Cure|p2a: Samurott
|-damage|p2a: Samurott|84/100
|-start|p2a: Samurott|Salt Cure
|
|-heal|p1a: Garganacl|88/100|[from] item: Leftovers
|-damage|p2a: Samurott|59/100|[from] Salt Cure
|upkeep
|turn|12
|
|t:|1760401971
|switch|p2a: Meowscarada|Meowscarada, M|100/100
|move|p1a: Garganacl|Protect||[still]
|-fail|p1a: Garganacl
|
|-heal|p1a: Garganacl|94/100|[from] item: Leftovers
|upkeep
|turn|13
|
|t:|1760401980
|switch|p2a: Clodsire|Clodsire, M|100/100
|move|p1a: Garganacl|Protect||[still]
|-fail|p1a: Garganacl
|
|-heal|p1a: Garganacl|100/100|[from] item: Leftovers
|upkeep
|turn|14
|
|t:|1760401987
|move|p1a: Garganacl|Salt Cure|p2a: Clodsire
|-resisted|p2a: Clodsire
|-damage|p2a: Clodsire|93/100
|-start|p2a: Clodsire|Salt Cure
|move|p2a: Clodsire|Earthquake|p1a: Garganacl
|-supereffective|p1a: Garganacl
|-damage|p1a: Garganacl|63/100
|
|-heal|p1a: Garganacl|69/100|[from] item: Leftovers
|-heal|p2a: Clodsire|99/100|[from] item: Leftovers
|-damage|p2a: Clodsire|86/100|[from] Salt Cure
|upkeep
|turn|15
|
|t:|1760401997
|switch|p2a: Toxtricity|Toxtricity-Low-Key, F|100/100
|move|p1a: Garganacl|Stealth Rock|p2a: Toxtricity
|-sidestart|p2: Supa Dupa Hoopa|move: Stealth Rock
|
|-heal|p1a: Garganacl|76/100|[from] item: Leftovers
|upkeep
|turn|16
|
|t:|1760402004
|move|p1a: Garganacl|Protect|p1a: Garganacl
|-singleturn|p1a: Garganacl|Protect
|move|p2a: Toxtricity|Volt Switch|p1a: Garganacl
|-activate|p1a: Garganacl|move: Protect
|
|-heal|p1a: Garganacl|82/100|[from] item: Leftovers
|upkeep
|turn|17
|
|t:|1760402013
|switch|p2a: Dragapult|Dragapult, F|90/100
|-damage|p2a: Dragapult|78/100|[from] Stealth Rock
|switch|p1a: Great Tusk|Great Tusk|60/100
|
|upkeep
|turn|18
|
|t:|1760402022
|-end|p1a: Great Tusk|Protosynthesis|[silent]
|switch|p1a: Garganacl|Garganacl, F|82/100
|-damage|p1a: Garganacl|69/100|[from] Spikes
|-damage|p1a: Garganacl|57/100|[from] Stealth Rock
|move|p2a: Dragapult|Draco Meteor|p1a: Garganacl
|-crit|p1a: Garganacl
|-damage|p1a: Garganacl|0 fnt
|-unboost|p2a: Dragapult|spa|2
|faint|p1a: Garganacl
|
|upkeep
|
|t:|1760402033
|switch|p1a: Raging Bolt|Raging Bolt|100/100
|-damage|p1a: Raging Bolt|88/100|[from] Spikes
|-damage|p1a: Raging Bolt|76/100|[from] Stealth Rock
|turn|19
|
|t:|1760402037
|move|p2a: Dragapult|Draco Meteor|p1a: Raging Bolt
|-supereffective|p1a: Raging Bolt
|-damage|p1a: Raging Bolt|0 fnt
|-unboost|p2a: Dragapult|spa|2
|faint|p1a: Raging Bolt
|-end|p1a: Raging Bolt|Protosynthesis|[silent]
|
|upkeep
|-message|IcePhoenix1 forfeited.
|
|win|Supa Dupa Hoopa
|raw|IcePhoenix1's rating: 1451 &rarr; <strong>1430</strong><br />(-21 for losing)
|raw|Supa Dupa Hoopa's rating: 1429 &rarr; <strong>1450</strong><br />(+21 for winning)
|l|☆IcePhoenix1
|player|p1|
