|j|☆0ne5quared
|j|☆YOHZZI
|t:|1760433185
|gametype|singles
|player|p1|0ne5quared|266|1198
|player|p2|YOHZZI|teamrocket|1285
|gen|9
|tier|[Gen 9] OU
|rated|
|rule|HP Percentage Mod: HP is shown in percentages
|rule|Endless Battle Clause: Forcing endless battles is banned
|rule|Species Clause: Limit one of each Pokémon
|rule|OHKO Clause: OHKO moves are banned
|rule|Evasion Items Clause: Evasion items are banned
|rule|Evasion Moves Clause: Evasion moves are banned
|rule|Evasion Abilities Clause: Evasion abilities are banned
|rule|Sleep Moves Clause: Sleep-inducing moves are banned
|clearpoke
|poke|p1|Excadrill, M|
|poke|p1|Alomomola, F|
|poke|p1|Raging Bolt|
|poke|p1|Weezing-Galar, M|
|poke|p1|Slowking-Galar, M|
|poke|p1|Garganacl, F|
|poke|p2|Pelipper, F|
|poke|p2|Iron Treads|
|poke|p2|Toxicroak, M|
|poke|p2|Corviknight, M|
|poke|p2|Zapdos|
|poke|p2|Barraskewda, M|
|teampreview
|
|t:|1760433213
|teamsize|p1|6
|teamsize|p2|6
|start
|switch|p1a: Slowking|Slowking-Galar, M|100/100
|switch|p2a: Barraskewda|Barraskewda, M, shiny|100/100
|turn|1
|
|t:|1760433232
|move|p2a: Barraskewda|Flip Turn|p1a: Slowking
|-damage|p1a: Slowking|49/100
|
|t:|1760433246
|switch|p2a: Toxicroak|Toxicroak, M, shiny|100/100|[from] Flip Turn
|-prepare|p1a: Slowking|Chilly Reception|[premajor]
|move|p1a: Slowking|Chilly Reception|p1a: Slowking
|-weather|Snowscape
|inactive|Battle timer is ON: inactive players will automatically lose when time's up. (requested by YOHZZI)
|
|t:|1760433280
|switch|p1a: Weezing|Weezing-Galar, M|100/100|[from] Chilly Reception
|
|-weather|Snowscape|[upkeep]
|upkeep
|turn|2
|inactive|YOHZZI has 120 seconds left.
|inactive|YOHZZI has 90 seconds left.
|
|t:|1760433344
|switch|p2a: Pelipper|Pelipper, F|100/100
|-weather|RainDance|[from] ability: Drizzle|[of] p2a: Pelipper
|move|p1a: Weezing|Will-O-Wisp|p2a: Pelipper
|-status|p2a: Pelipper|brn
|
|-weather|RainDance|[upkeep]
|-damage|p2a: Pelipper|94/100 brn|[from] brn
|upkeep
|turn|3
|inactive|YOHZZI has 90 seconds left.
|inactive|YOHZZI has 60 seconds left.
|
|t:|1760433402
|switch|p1a: Raging Bolt|Raging Bolt|100/100
|move|p2a: Pelipper|U-turn|p1a: Raging Bolt
|-damage|p1a: Raging Bolt|96/100
|
|t:|1760433416
|switch|p2a: Iron Treads|Iron Treads, shiny|100/100|[from] U-turn
|
|-weather|RainDance|[upkeep]
|upkeep
|turn|4
|
|t:|1760433427
|-end|p1a: Raging Bolt|Protosynthesis|[silent]
|switch|p1a: Weezing|Weezing-Galar, M|100/100
|move|p2a: Iron Treads|Rapid Spin|p1a: Weezing
|-damage|p1a: Weezing|92/100
|-boost|p2a: Iron Treads|spe|1
|
|-weather|RainDance|[upkeep]
|upkeep
|turn|5
|
|t:|1760433436
|move|p2a: Iron Treads|Volt Switch|p1a: Weezing
|-damage|p1a: Weezing|77/100
|
|t:|1760433456
|-end|p2a: Iron Treads|Quark Drive|[silent]
|switch|p2a: Pelipper|Pelipper, F|94/100 brn|[from] Volt Switch
|move|p1a: Weezing|Will-O-Wisp|p2a: Pelipper
|-fail|p2a: Pelipper|brn
|
|-weather|RainDance|[upkeep]
|-damage|p2a: Pelipper|88/100 brn|[from] brn
|upkeep
|turn|6
|
|t:|1760433479
|switch|p1a: Raging Bolt|Raging Bolt|96/100
|move|p2a: Pelipper|Hurricane|p1a: Raging Bolt
|-resisted|p1a: Raging Bolt
|-damage|p1a: Raging Bolt|77/100
|
|-weather|RainDance|[upkeep]
|-damage|p2a: Pelipper|82/100 brn|[from] brn
|upkeep
|turn|7
|
|t:|1760433492
|switch|p2a: Iron Treads|Iron Treads, shiny|100/100
|move|p1a: Raging Bolt|Dragon Pulse|p2a: Iron Treads
|-resisted|p2a: Iron Treads
|-damage|p2a: Iron Treads|79/100
|
|-weather|RainDance|[upkeep]
|-heal|p2a: Iron Treads|85/100|[from] item: Leftovers
|upkeep
|turn|8
|inactive|0ne5quared has 120 seconds left.
|
|t:|1760433538
|-end|p1a: Raging Bolt|Protosynthesis|[silent]
|switch|p1a: Alomomola|Alomomola, F|100/100
|move|p2a: Iron Treads|Rapid Spin|p1a: Alomomola
|-damage|p1a: Alomomola|93/100
|-boost|p2a: Iron Treads|spe|1
|
|-weather|RainDance|[upkeep]
|-heal|p2a: Iron Treads|91/100|[from] item: Leftovers
|upkeep
|turn|9
|inactive|YOHZZI has 60 seconds left.
|
|t:|1760433552
|move|p2a: Iron Treads|Stealth Rock|p1a: Alomomola
|-sidestart|p1: 0ne5quared|move: Stealth Rock
|move|p1a: Alomomola|Flip Turn|p2a: Iron Treads
|-supereffective|p2a: Iron Treads
|-crit|p2a: Iron Treads
|-damage|p2a: Iron Treads|44/100
|
|t:|1760433557
|switch|p1a: Weezing|Weezing-Galar, M|77/100|[from] Flip Turn
|-damage|p1a: Weezing|65/100|[from] Stealth Rock
|
|-weather|none
|-heal|p2a: Iron Treads|50/100|[from] item: Leftovers
|upkeep
|turn|10
|inactive|YOHZZI has 60 seconds left.
|
|t:|1760433584
|move|p2a: Iron Treads|Stealth Rock||[still]
|-fail|p2a: Iron Treads
|move|p1a: Weezing|Defog|p2a: Iron Treads
|-unboost|p2a: Iron Treads|evasion|1
|-sideend|p1: 0ne5quared|Stealth Rock|[from] move: Defog|[of] p1a: Weezing
|
|-heal|p2a: Iron Treads|56/100|[from] item: Leftovers
|upkeep
|turn|11
|
|t:|1760433590
|move|p2a: Iron Treads|Volt Switch|p1a: Weezing
|-damage|p1a: Weezing|50/100
|
|t:|1760433597
|-end|p2a: Iron Treads|Quark Drive|[silent]
|switch|p2a: Pelipper|Pelipper, F|82/100 brn|[from] Volt Switch
|-weather|RainDance|[from] ability: Drizzle|[of] p2a: Pelipper
|move|p1a: Weezing|Will-O-Wisp|p2a: Pelipper
|-fail|p2a: Pelipper|brn
|
|-weather|RainDance|[upkeep]
|-damage|p2a: Pelipper|76/100 brn|[from] brn
|upkeep
|turn|12
|
|t:|1760433602
|switch|p1a: Raging Bolt|Raging Bolt|77/100
|move|p2a: Pelipper|Knock Off|p1a: Raging Bolt
|-damage|p1a: Raging Bolt|73/100
|
|-weather|RainDance|[upkeep]
|-damage|p2a: Pelipper|70/100 brn|[from] brn
|upkeep
|turn|13
|inactive|YOHZZI has 60 seconds left.
|inactive|YOHZZI has 30 seconds left.
|
|t:|1760433642
|switch|p2a: Iron Treads|Iron Treads, shiny|56/100
|move|p1a: Raging Bolt|Dragon Pulse|p2a: Iron Treads
|-resisted|p2a: Iron Treads
|-crit|p2a: Iron Treads
|-damage|p2a: Iron Treads|25/100
|
|-weather|RainDance|[upkeep]
|-heal|p2a: Iron Treads|31/100|[from] item: Leftovers
|upkeep
|turn|14
|inactive|YOHZZI has 30 seconds left.
|inactive|0ne5quared has 120 seconds left.
|inactive|0ne5quared has 90 seconds left.
|
|t:|1760433693
|-end|p1a: Raging Bolt|Protosynthesis|[silent]
|switch|p1a: Alomomola|Alomomola, F|100/100
|move|p2a: Iron Treads|Volt Switch|p1a: Alomomola
|-supereffective|p1a: Alomomola
|-damage|p1a: Alomomola|75/100
|inactive|YOHZZI has 30 seconds left this turn.
|
|t:|1760433699
|-end|p2a: Iron Treads|Quark Drive|[silent]
|switch|p2a: Zapdos|Zapdos, shiny|100/100|[from] Volt Switch
|
|-weather|RainDance|[upkeep]
|upkeep
|turn|15
|inactive|0ne5quared has 90 seconds left.
|
|t:|1760433712
|switch|p1a: Garganacl|Garganacl, F|100/100
|move|p2a: Zapdos|Weather Ball|p1a: Garganacl
|-supereffective|p1a: Garganacl
|-crit|p1a: Garganacl
|-damage|p1a: Garganacl|0 fnt
|faint|p1a: Garganacl
|
|-weather|RainDance|[upkeep]
|upkeep
|inactive|0ne5quared has 90 seconds left.
|
|t:|1760433723
|switch|p1a: Raging Bolt|Raging Bolt|73/100
|turn|16
|inactive|0ne5quared has 90 seconds left.
|
|t:|1760433732
|switch|p2a: Iron Treads|Iron Treads, shiny|31/100
|move|p1a: Raging Bolt|Dragon Pulse|p2a: Iron Treads
|-resisted|p2a: Iron Treads
|-damage|p2a: Iron Treads|11/100
|
|-weather|RainDance|[upkeep]
|-heal|p2a: Iron Treads|17/100|[from] item: Leftovers
|upkeep
|turn|17
|inactive|0ne5quared has 90 seconds left.
|
|t:|1760433746
|-end|p1a: Raging Bolt|Protosynthesis|[silent]
|switch|p1a: Excadrill|Excadrill, M|100/100
|-ability|p1a: Excadrill|Mold Breaker
|move|p2a: Iron Treads|Stealth Rock|p1a: Excadrill
|-sidestart|p1: 0ne5quared|move: Stealth Rock
|
|-weather|RainDance|[upkeep]
|-heal|p2a: Iron Treads|23/100|[from] item: Leftovers
|upkeep
|turn|18
|inactive|0ne5quared has 90 seconds left.
|
|t:|1760433757
|-end|p2a: Iron Treads|Quark Drive|[silent]
|switch|p2a: Pelipper|Pelipper, F|70/100 brn
|move|p1a: Excadrill|Earthquake|p2a: Pelipper
|-immune|p2a: Pelipper
|
|-weather|none
|-damage|p2a: Pelipper|63/100 brn|[from] brn
|upkeep
|turn|19
|inactive|0ne5quared has 90 seconds left.
|
|t:|1760433783
|switch|p1a: Alomomola|Alomomola, F|100/100
|-damage|p1a: Alomomola|88/100|[from] Stealth Rock
|switch|p2a: Corviknight|Corviknight, M|100/100
|-ability|p2a: Corviknight|Pressure
|
|upkeep
|turn|20
|
|t:|1760433792
|move|p2a: Corviknight|U-turn|p1a: Alomomola
|-damage|p1a: Alomomola|80/100
|
|t:|1760433798
|switch|p2a: Toxicroak|Toxicroak, M, shiny|100/100|[from] U-turn
|move|p1a: Alomomola|Wish|p1a: Alomomola
|
|upkeep
|turn|21
|inactive|0ne5quared has 90 seconds left.
|
|t:|1760433819
|switch|p1a: Weezing|Weezing-Galar, M|50/100
|-damage|p1a: Weezing|38/100|[from] Stealth Rock
|move|p2a: Toxicroak|Knock Off|p1a: Weezing
|-resisted|p1a: Weezing
|-damage|p1a: Weezing|33/100
|
|-heal|p1a: Weezing|100/100|[from] move: Wish|[wisher] Alomomola
|upkeep
|turn|22
|inactive|0ne5quared has 90 seconds left.
|
|t:|1760433834
|switch|p2a: Pelipper|Pelipper, F|63/100 brn
|-weather|RainDance|[from] ability: Drizzle|[of] p2a: Pelipper
|move|p1a: Weezing|Sludge Bomb|p2a: Pelipper
|-damage|p2a: Pelipper|36/100 brn
|
|-weather|RainDance|[upkeep]
|-damage|p2a: Pelipper|30/100 brn|[from] brn
|upkeep
|turn|23
|inactive|0ne5quared has 90 seconds left.
|
|t:|1760433847
|move|p1a: Weezing|Sludge Bomb|p2a: Pelipper
|-damage|p2a: Pelipper|5/100 brn
|move|p2a: Pelipper|Roost|p2a: Pelipper
|-heal|p2a: Pelipper|55/100 brn
|-singleturn|p2a: Pelipper|move: Roost
|
|-weather|RainDance|[upkeep]
|-damage|p2a: Pelipper|49/100 brn|[from] brn
|upkeep
|turn|24
|inactive|0ne5quared has 90 seconds left.
|
|t:|1760433867
|move|p1a: Weezing|Sludge Bomb|p2a: Pelipper
|-damage|p2a: Pelipper|22/100 brn
|move|p2a: Pelipper|Roost|p2a: Pelipper
|-heal|p2a: Pelipper|72/100 brn
|-singleturn|p2a: Pelipper|move: Roost
|
|-weather|RainDance|[upkeep]
|-damage|p2a: Pelipper|66/100 brn|[from] brn
|upkeep
|turn|25
|
|t:|1760433881
|move|p1a: Weezing|Sludge Bomb|p2a: Pelipper
|-damage|p2a: Pelipper|42/100 brn
|move|p2a: Pelipper|Roost|p2a: Pelipper
|-heal|p2a: Pelipper|92/100 brn
|-singleturn|p2a: Pelipper|move: Roost
|
|-weather|RainDance|[upkeep]
|-damage|p2a: Pelipper|86/100 brn|[from] brn
|upkeep
|turn|26
|inactive|YOHZZI has 60 seconds left.
|
|t:|1760433906
|move|p1a: Weezing|Sludge Bomb|p2a: Pelipper
|-damage|p2a: Pelipper|62/100 brn
|move|p2a: Pelipper|Hurricane|p1a: Weezing
|-damage|p1a: Weezing|55/100
|
|-weather|RainDance|[upkeep]
|-damage|p2a: Pelipper|56/100 brn|[from] brn
|upkeep
|turn|27
|inactive|YOHZZI has 60 seconds left.
|
|t:|1760433917
|switch|p1a: Slowking|Slowking-Galar, M|83/100
|-damage|p1a: Slowking|70/100|[from] Stealth Rock
|switch|p2a: Iron Treads|Iron Treads, shiny|23/100
|
|-weather|RainDance|[upkeep]
|-heal|p2a: Iron Treads|29/100|[from] item: Leftovers
|upkeep
|turn|28
|
|t:|1760433927
|switch|p1a: Alomomola|Alomomola, F|100/100
|-damage|p1a: Alomomola|88/100|[from] Stealth Rock
|move|p2a: Iron Treads|Earthquake|p1a: Alomomola
|-damage|p1a: Alomomola|67/100
|
|-weather|RainDance|[upkeep]
|-heal|p2a: Iron Treads|35/100|[from] item: Leftovers
|upkeep
|turn|29
|
|t:|1760433933
|move|p2a: Iron Treads|Volt Switch|p1a: Alomomola
|-supereffective|p1a: Alomomola
|-crit|p1a: Alomomola
|-damage|p1a: Alomomola|25/100
|inactive|YOHZZI has 60 seconds left.
|
|t:|1760433954
|-end|p2a: Iron Treads|Quark Drive|[silent]
|switch|p2a: Barraskewda|Barraskewda, M, shiny|100/100|[from] Volt Switch
|move|p1a: Alomomola|Wish|p1a: Alomomola
|
|-weather|none
|upkeep
|turn|30
|inactive|YOHZZI has 60 seconds left.
|
|t:|1760433966
|switch|p1a: Weezing|Weezing-Galar, M|55/100
|-damage|p1a: Weezing|42/100|[from] Stealth Rock
|move|p2a: Barraskewda|Psychic Fangs|p1a: Weezing
|-supereffective|p1a: Weezing
|-damage|p1a: Weezing|0 fnt
|faint|p1a: Weezing
|
|upkeep
|inactive|0ne5quared has 60 seconds left.
|
|t:|1760434000
|switch|p1a: Excadrill|Excadrill, M|100/100
|-damage|p1a: Excadrill|97/100|[from] Stealth Rock
|-ability|p1a: Excadrill|Mold Breaker
|turn|31
|inactive|0ne5quared has 60 seconds left.
|inactive|YOHZZI has 60 seconds left.
|
|t:|1760434023
|switch|p2a: Corviknight|Corviknight, M|100/100
|-ability|p2a: Corviknight|Pressure
|move|p1a: Excadrill|Earthquake|p2a: Corviknight
|-immune|p2a: Corviknight
|
|upkeep
|turn|32
|inactive|YOHZZI has 60 seconds left.
|inactive|0ne5quared has 60 seconds left.
|
|t:|1760434041
|switch|p1a: Raging Bolt|Raging Bolt|73/100
|-damage|p1a: Raging Bolt|61/100|[from] Stealth Rock
|move|p2a: Corviknight|U-turn|p1a: Raging Bolt
|-damage|p1a: Raging Bolt|46/100
|inactive|YOHZZI has 60 seconds left.
|
|t:|1760434055
|switch|p2a: Pelipper|Pelipper, F|56/100 brn|[from] U-turn
|-weather|RainDance|[from] ability: Drizzle|[of] p2a: Pelipper
|
|-weather|RainDance|[upkeep]
|-damage|p2a: Pelipper|50/100 brn|[from] brn
|upkeep
|turn|33
|inactive|YOHZZI has 60 seconds left.
|inactive|0ne5quared has 60 seconds left.
|
|t:|1760434076
|-end|p1a: Raging Bolt|Protosynthesis|[silent]
|switch|p1a: Alomomola|Alomomola, F|58/100
|-damage|p1a: Alomomola|46/100|[from] Stealth Rock
|switch|p2a: Iron Treads|Iron Treads, shiny|35/100
|
|-weather|RainDance|[upkeep]
|-heal|p2a: Iron Treads|41/100|[from] item: Leftovers
|upkeep
|turn|34
|
|t:|1760434087
|move|p2a: Iron Treads|Volt Switch|p1a: Alomomola
|-supereffective|p1a: Alomomola
|-damage|p1a: Alomomola|21/100
|
|t:|1760434102
|-end|p2a: Iron Treads|Quark Drive|[silent]
|switch|p2a: Toxicroak|Toxicroak, M, shiny|100/100|[from] Volt Switch
|move|p1a: Alomomola|Wish|p1a: Alomomola
|
|-weather|RainDance|[upkeep]
|upkeep
|turn|35
|
|t:|1760434112
|move|p1a: Alomomola|Protect|p1a: Alomomola
|-singleturn|p1a: Alomomola|Protect
|move|p2a: Toxicroak|Toxic|p1a: Alomomola
|-activate|p1a: Alomomola|move: Protect
|
|-weather|RainDance|[upkeep]
|-heal|p1a: Alomomola|71/100|[from] move: Wish|[wisher] Alomomola
|upkeep
|turn|36
|inactive|0ne5quared has 60 seconds left.
|
|t:|1760434141
|switch|p1a: Slowking|Slowking-Galar, M|100/100
|-damage|p1a: Slowking|88/100|[from] Stealth Rock
|move|p2a: Toxicroak|Knock Off|p1a: Slowking
|-supereffective|p1a: Slowking
|-damage|p1a: Slowking|57/100
|
|-weather|RainDance|[upkeep]
|upkeep
|turn|37
|inactive|0ne5quared has 60 seconds left.
|inactive|YOHZZI has 60 seconds left.
|
|t:|1760434166
|switch|p2a: Iron Treads|Iron Treads, shiny|41/100
|-prepare|p1a: Slowking|Chilly Reception|[premajor]
|move|p1a: Slowking|Chilly Reception|p1a: Slowking
|-weather|Snowscape
|
|t:|1760434173
|switch|p1a: Alomomola|Alomomola, F|100/100|[from] Chilly Reception
|-damage|p1a: Alomomola|88/100|[from] Stealth Rock
|
|-weather|Snowscape|[upkeep]
|-heal|p2a: Iron Treads|47/100|[from] item: Leftovers
|upkeep
|turn|38
|
|t:|1760434179
|move|p2a: Iron Treads|Volt Switch|p1a: Alomomola
|-supereffective|p1a: Alomomola
|-damage|p1a: Alomomola|60/100
|
|t:|1760434190
|-end|p2a: Iron Treads|Quark Drive|[silent]
|switch|p2a: Toxicroak|Toxicroak, M, shiny|100/100|[from] Volt Switch
|move|p1a: Alomomola|Flip Turn|p2a: Toxicroak
|-immune|p2a: Toxicroak|[from] ability: Dry Skin
|
|-weather|Snowscape|[upkeep]
|upkeep
|turn|39
|inactive|0ne5quared has 60 seconds left.
|
|t:|1760434217
|switch|p1a: Slowking|Slowking-Galar, M|90/100
|-damage|p1a: Slowking|78/100|[from] Stealth Rock
|move|p2a: Toxicroak|Knock Off|p1a: Slowking
|-supereffective|p1a: Slowking
|-damage|p1a: Slowking|47/100
|
|-weather|Snowscape|[upkeep]
|upkeep
|turn|40
|
|t:|1760434225
|move|p2a: Toxicroak|Knock Off|p1a: Slowking
|-supereffective|p1a: Slowking
|-crit|p1a: Slowking
|-damage|p1a: Slowking|0 fnt
|faint|p1a: Slowking
|
|-weather|Snowscape|[upkeep]
|upkeep
|-message|0ne5quared forfeited.
|
|win|YOHZZI
|raw|0ne5quared's rating: 1198 &rarr; <strong>1179</strong><br />(-19 for losing)
|raw|YOHZZI's rating: 1285 &rarr; <strong>1304</strong><br />(+19 for winning)
|l|☆0ne5quared
|player|p1|
|l|☆YOHZZI
|player|p2|
