|j|☆pickleball rick
|j|☆AAA grade effort
|t:|1760345262
|gametype|singles
|player|p1|pickleball rick|101|1429
|player|p2|AAA grade effort|twins|1431
|gen|9
|tier|[Gen 9] OU
|rated|
|rule|HP Percentage Mod: HP is shown in percentages
|rule|Endless Battle Clause: Forcing endless battles is banned
|rule|Species Clause: Limit one of each Pokémon
|rule|OHKO Clause: OHKO moves are banned
|rule|Evasion Items Clause: Evasion items are banned
|rule|Evasion Moves Clause: Evasion moves are banned
|rule|Evasion Abilities Clause: Evasion abilities are banned
|rule|Sleep Moves Clause: Sleep-inducing moves are banned
|clearpoke
|poke|p1|Dragonite, M|
|poke|p1|Ting-Lu|
|poke|p1|Iron Moth|
|poke|p1|Iron Valiant|
|poke|p1|Kyurem|
|poke|p1|Gholdengo|
|poke|p2|Jolteon, F|
|poke|p2|Darkrai|
|poke|p2|Gliscor, F|
|poke|p2|Rillaboom, F|
|poke|p2|Iron Crown|
|poke|p2|Quaquaval, F|
|teampreview
|
|t:|1760345274
|teamsize|p1|6
|teamsize|p2|6
|start
|switch|p1a: Gholdengo|Gholdengo|100/100
|switch|p2a: Rillaboom|Rillaboom, F|100/100
|-fieldstart|move: Grassy Terrain|[from] ability: Grassy Surge|[of] p2a: Rillaboom
|turn|1
|inactive|Battle timer is ON: inactive players will automatically lose when time's up. (requested by pickleball rick)
|
|t:|1760345286
|switch|p2a: Iron Crown|Iron Crown|100/100
|move|p1a: Gholdengo|Shadow Ball|p2a: Iron Crown
|-supereffective|p2a: Iron Crown
|-damage|p2a: Iron Crown|39/100
|
|-heal|p2a: Iron Crown|45/100|[from] Grassy Terrain
|upkeep
|turn|2
|
|t:|1760345293
|-end|p2a: Iron Crown|Quark Drive|[silent]
|switch|p2a: Darkrai|Darkrai|100/100
|move|p1a: Gholdengo|Shadow Ball|p2a: Darkrai
|-resisted|p2a: Darkrai
|-damage|p2a: Darkrai|72/100
|-unboost|p2a: Darkrai|spd|1
|
|-heal|p2a: Darkrai|78/100|[from] Grassy Terrain
|upkeep
|turn|3
|
|t:|1760345299
|switch|p1a: Ting-Lu|Ting-Lu|100/100
|-ability|p1a: Ting-Lu|Vessel of Ruin
|move|p2a: Darkrai|Knock Off|p1a: Ting-Lu
|-resisted|p1a: Ting-Lu
|-damage|p1a: Ting-Lu|92/100
|-damage|p2a: Darkrai|61/100|[from] item: Rocky Helmet|[of] p1a: Ting-Lu
|-enditem|p1a: Ting-Lu|Rocky Helmet|[from] move: Knock Off|[of] p2a: Darkrai
|
|-heal|p2a: Darkrai|67/100|[from] Grassy Terrain
|-heal|p1a: Ting-Lu|98/100|[from] Grassy Terrain
|upkeep
|turn|4
|
|t:|1760345307
|switch|p2a: Quaquaval|Quaquaval, F|100/100
|move|p1a: Ting-Lu|Stealth Rock|p2a: Quaquaval
|-sidestart|p2: AAA grade effort|move: Stealth Rock
|
|-heal|p1a: Ting-Lu|100/100|[from] Grassy Terrain
|upkeep
|turn|5
|
|t:|1760345316
|move|p1a: Ting-Lu|Taunt|p2a: Quaquaval
|-start|p2a: Quaquaval|move: Taunt
|cant|p2a: Quaquaval|move: Taunt|Swords Dance
|
|-fieldend|move: Grassy Terrain
|upkeep
|turn|6
|
|t:|1760345324
|move|p1a: Ting-Lu|Earthquake|p2a: Quaquaval
|-crit|p2a: Quaquaval
|-damage|p2a: Quaquaval|52/100
|move|p2a: Quaquaval|Aqua Step|p1a: Ting-Lu
|-supereffective|p1a: Ting-Lu
|-damage|p1a: Ting-Lu|66/100
|-boost|p2a: Quaquaval|spe|1
|
|upkeep
|turn|7
|
|t:|1760345331
|move|p2a: Quaquaval|Rapid Spin|p1a: Ting-Lu
|-damage|p1a: Ting-Lu|59/100
|-boost|p2a: Quaquaval|spe|1
|-sideend|p2: AAA grade effort|Stealth Rock|[from] move: Rapid Spin|[of] p2a: Quaquaval
|move|p1a: Ting-Lu|Earthquake|p2a: Quaquaval
|-damage|p2a: Quaquaval|22/100
|
|-end|p2a: Quaquaval|move: Taunt
|upkeep
|turn|8
|
|t:|1760345336
|move|p2a: Quaquaval|Roost|p2a: Quaquaval
|-heal|p2a: Quaquaval|72/100
|-singleturn|p2a: Quaquaval|move: Roost
|move|p1a: Ting-Lu|Earthquake|p2a: Quaquaval
|-damage|p2a: Quaquaval|39/100
|
|upkeep
|turn|9
|
|t:|1760345343
|move|p2a: Quaquaval|Roost|p2a: Quaquaval
|-heal|p2a: Quaquaval|89/100
|-singleturn|p2a: Quaquaval|move: Roost
|move|p1a: Ting-Lu|Earthquake|p2a: Quaquaval
|-damage|p2a: Quaquaval|61/100
|
|upkeep
|turn|10
|
|t:|1760345349
|move|p2a: Quaquaval|Swords Dance|p2a: Quaquaval
|-boost|p2a: Quaquaval|atk|2
|move|p1a: Ting-Lu|Ruination|p2a: Quaquaval
|-damage|p2a: Quaquaval|31/100
|
|upkeep
|turn|11
|
|t:|1760345358
|move|p2a: Quaquaval|Roost|p2a: Quaquaval
|-heal|p2a: Quaquaval|81/100
|-singleturn|p2a: Quaquaval|move: Roost
|move|p1a: Ting-Lu|Earthquake|p2a: Quaquaval
|-damage|p2a: Quaquaval|53/100
|
|upkeep
|turn|12
|
|t:|1760345363
|move|p2a: Quaquaval|Aqua Step|p1a: Ting-Lu
|-supereffective|p1a: Ting-Lu
|-damage|p1a: Ting-Lu|0 fnt
|-boost|p2a: Quaquaval|spe|1
|faint|p1a: Ting-Lu
|-ability|p2a: Quaquaval|Moxie|boost
|-boost|p2a: Quaquaval|atk|1
|
|upkeep
|
|t:|1760345372
|switch|p1a: Kyurem|Kyurem|100/100
|-ability|p1a: Kyurem|Pressure
|turn|13
|
|t:|1760345382
|move|p2a: Quaquaval|Aqua Step|p1a: Kyurem
|-resisted|p1a: Kyurem
|-damage|p1a: Kyurem|65/100
|-boost|p2a: Quaquaval|spe|1
|move|p1a: Kyurem|Scale Shot|p2a: Quaquaval
|-damage|p2a: Quaquaval|43/100
|-damage|p2a: Quaquaval|32/100
|-damage|p2a: Quaquaval|20/100
|-damage|p2a: Quaquaval|9/100
|-damage|p2a: Quaquaval|0 fnt
|faint|p2a: Quaquaval
|-hitcount|p2: Quaquaval|5
|-unboost|p1a: Kyurem|def|1
|-boost|p1a: Kyurem|spe|1
|
|upkeep
|
|t:|1760345390
|switch|p2a: Rillaboom|Rillaboom, F|100/100
|-fieldstart|move: Grassy Terrain|[from] ability: Grassy Surge|[of] p2a: Rillaboom
|turn|14
|
|t:|1760345393
|-terastallize|p2a: Rillaboom|Grass
|move|p2a: Rillaboom|Grassy Glide|p1a: Kyurem
|-resisted|p1a: Kyurem
|-damage|p1a: Kyurem|12/100
|move|p1a: Kyurem|Icicle Spear|p2a: Rillaboom
|-supereffective|p2a: Rillaboom
|-damage|p2a: Rillaboom|69/100
|-supereffective|p2a: Rillaboom
|-damage|p2a: Rillaboom|35/100
|-supereffective|p2a: Rillaboom
|-damage|p2a: Rillaboom|5/100
|-supereffective|p2a: Rillaboom
|-damage|p2a: Rillaboom|0 fnt
|faint|p2a: Rillaboom
|-hitcount|p2: Rillaboom|4
|
|-heal|p1a: Kyurem|18/100|[from] Grassy Terrain
|upkeep
|
|t:|1760345410
|switch|p2a: Jolteon|Jolteon, F|100/100
|turn|15
|
|t:|1760345414
|move|p1a: Kyurem|Icicle Spear|p2a: Jolteon
|-damage|p2a: Jolteon|74/100
|-damage|p2a: Jolteon|46/100
|-damage|p2a: Jolteon|18/100
|-damage|p2a: Jolteon|0 fnt
|faint|p2a: Jolteon
|-hitcount|p2: Jolteon|4
|
|-heal|p1a: Kyurem|24/100|[from] Grassy Terrain
|upkeep
|
|t:|1760345419
|switch|p2a: Iron Crown|Iron Crown|45/100
|turn|16
|
|t:|1760345430
|move|p1a: Kyurem|Scale Shot|p2a: Iron Crown
|-resisted|p2a: Iron Crown
|-damage|p2a: Iron Crown|37/100
|-resisted|p2a: Iron Crown
|-damage|p2a: Iron Crown|29/100
|-resisted|p2a: Iron Crown
|-damage|p2a: Iron Crown|22/100
|-resisted|p2a: Iron Crown
|-damage|p2a: Iron Crown|13/100
|-hitcount|p2a: Iron Crown|4
|-unboost|p1a: Kyurem|def|1
|-boost|p1a: Kyurem|spe|1
|move|p2a: Iron Crown|Tachyon Cutter|p1a: Kyurem
|-supereffective|p1a: Kyurem
|-damage|p1a: Kyurem|0 fnt
|faint|p1a: Kyurem
|-hitcount|p1: Kyurem|1
|
|-heal|p2a: Iron Crown|20/100|[from] Grassy Terrain
|upkeep
|
|t:|1760345433
|switch|p1a: Iron Moth|Iron Moth|100/100
|-enditem|p1a: Iron Moth|Booster Energy
|-activate|p1a: Iron Moth|ability: Quark Drive|[fromitem]
|-start|p1a: Iron Moth|quarkdrivespe
|turn|17
|
|t:|1760345443
|move|p1a: Iron Moth|Fiery Dance|p2a: Iron Crown
|-supereffective|p2a: Iron Crown
|-damage|p2a: Iron Crown|0 fnt
|-boost|p1a: Iron Moth|spa|1
|faint|p2a: Iron Crown
|-end|p2a: Iron Crown|Quark Drive|[silent]
|
|upkeep
|
|t:|1760345447
|switch|p2a: Gliscor|Gliscor, F|100/100
|turn|18
|
|t:|1760345451
|move|p1a: Iron Moth|Fiery Dance|p2a: Gliscor
|-damage|p2a: Gliscor|44/100
|-boost|p1a: Iron Moth|spa|1
|move|p2a: Gliscor|High Horsepower|p1a: Iron Moth
|-supereffective|p1a: Iron Moth
|-damage|p1a: Iron Moth|0 fnt
|faint|p1a: Iron Moth
|-end|p1a: Iron Moth|Quark Drive|[silent]
|
|-fieldend|move: Grassy Terrain
|-status|p2a: Gliscor|tox|[from] item: Toxic Orb
|upkeep
|
|t:|1760345463
|switch|p1a: Dragonite|Dragonite, M|100/100
|turn|19
|
|t:|1760345467
|move|p1a: Dragonite|Ice Spinner|p2a: Gliscor
|-supereffective|p2a: Gliscor
|-damage|p2a: Gliscor|0 fnt
|faint|p2a: Gliscor
|
|upkeep
|
|t:|1760345469
|switch|p2a: Darkrai|Darkrai|67/100
|turn|20
|
|t:|1760345473
|move|p2a: Darkrai|Ice Beam|p1a: Dragonite
|-supereffective|p1a: Dragonite
|-damage|p1a: Dragonite|29/100
|move|p1a: Dragonite|Earthquake|p2a: Darkrai
|-damage|p2a: Darkrai|24/100
|
|upkeep
|turn|21
|
|t:|1760345482
|move|p1a: Dragonite|Extreme Speed|p2a: Darkrai
|-damage|p2a: Darkrai|0 fnt
|faint|p2a: Darkrai
|
|win|pickleball rick
|raw|pickleball rick's rating: 1429 &rarr; <strong>1448</strong><br />(+19 for winning)
|raw|AAA grade effort's rating: 1410 &rarr; <strong>1391</strong><br />(-19 for losing)
|l|☆AAA grade effort
|player|p2|
|l|☆pickleball rick
|player|p1|
