|j|☆Hillboy
|j|☆rowlet13tb
|t:|1760386962
|gametype|singles
|player|p1|Hillboy|marlon|1227
|player|p2|rowlet13tb|alder|1154
|gen|9
|tier|[Gen 9] OU
|rated|
|rule|HP Percentage Mod: HP is shown in percentages
|rule|Endless Battle Clause: Forcing endless battles is banned
|rule|Species Clause: Limit one of each Pokémon
|rule|OHKO Clause: OHKO moves are banned
|rule|Evasion Items Clause: Evasion items are banned
|rule|Evasion Moves Clause: Evasion moves are banned
|rule|Evasion Abilities Clause: Evasion abilities are banned
|rule|Sleep Moves Clause: Sleep-inducing moves are banned
|clearpoke
|poke|p1|Landorus-Therian, M|
|poke|p1|Samurott-Hisui, F|
|poke|p1|Pecharunt|
|poke|p1|Scizor, M|
|poke|p1|Latios, M|
|poke|p1|Zamazenta-*|
|poke|p2|Alcremie, F|
|poke|p2|Great Tusk|
|poke|p2|Sinistcha-Masterpiece|
|poke|p2|Greninja-*, M|
|poke|p2|Talonflame, M|
|poke|p2|Scizor, F|
|teampreview
|inactive|Battle timer is ON: inactive players will automatically lose when time's up. (requested by Hillboy)
|
|t:|1760386970
|teamsize|p1|6
|teamsize|p2|6
|start
|switch|p1a: Pecharunt|Pecharunt|100/100
|switch|p2a: Greninja|Greninja, M|100/100
|turn|1
|
|t:|1760386981
|move|p2a: Greninja|Dark Pulse|p1a: Pecharunt
|-supereffective|p1a: Pecharunt
|-damage|p1a: Pecharunt|6/100
|-damage|p2a: Greninja|91/100|[from] item: Life Orb
|move|p1a: Pecharunt|Malignant Chain|p2a: Greninja
|-damage|p2a: Greninja|45/100
|
|upkeep
|turn|2
|
|t:|1760386996
|switch|p1a: Samurott|Samurott-Hisui, F|100/100
|move|p2a: Greninja|Ice Beam|p1a: Samurott
|-resisted|p1a: Samurott
|-damage|p1a: Samurott|85/100
|-damage|p2a: Greninja|36/100|[from] item: Life Orb
|
|upkeep
|turn|3
|
|t:|1760387008
|switch|p2a: Scizor|Scizor, F|100/100
|move|p1a: Samurott|Ceaseless Edge|p2a: Scizor
|-damage|p2a: Scizor|51/100
|-sidestart|p2: rowlet13tb|Spikes
|
|upkeep
|turn|4
|
|t:|1760387028
|move|p1a: Samurott|Razor Shell|p2a: Scizor
|-damage|p2a: Scizor|0 fnt
|faint|p2a: Scizor
|
|upkeep
|
|t:|1760387038
|switch|p2a: Talonflame|Talonflame, M|100/100
|turn|5
|
|t:|1760387048
|switch|p1a: Landorus|Landorus-Therian, M|100/100
|-ability|p1a: Landorus|Intimidate|boost
|-unboost|p2a: Talonflame|atk|1
|move|p2a: Talonflame|Swords Dance|p2a: Talonflame
|-boost|p2a: Talonflame|atk|2
|
|upkeep
|turn|6
|
|t:|1760387055
|move|p2a: Talonflame|Swords Dance|p2a: Talonflame
|-boost|p2a: Talonflame|atk|2
|move|p1a: Landorus|Smack Down|p2a: Talonflame
|-supereffective|p2a: Talonflame
|-damage|p2a: Talonflame|0 fnt
|faint|p2a: Talonflame
|
|upkeep
|
|t:|1760387063
|switch|p2a: Great Tusk|Great Tusk|100/100
|-damage|p2a: Great Tusk|88/100|[from] Spikes
|turn|7
|
|t:|1760387076
|switch|p1a: Zamazenta|Zamazenta|100/100
|-ability|p1a: Zamazenta|Dauntless Shield|boost
|-boost|p1a: Zamazenta|def|1
|move|p2a: Great Tusk|Rapid Spin|p1a: Zamazenta
|-damage|p1a: Zamazenta|91/100
|-boost|p2a: Great Tusk|spe|1
|-sideend|p2: rowlet13tb|Spikes|[from] move: Rapid Spin|[of] p2a: Great Tusk
|
|-heal|p1a: Zamazenta|97/100|[from] item: Leftovers
|-heal|p2a: Great Tusk|94/100|[from] item: Leftovers
|upkeep
|turn|8
|
|t:|1760387087
|move|p1a: Zamazenta|Iron Defense|p1a: Zamazenta
|-boost|p1a: Zamazenta|def|2
|move|p2a: Great Tusk|Bulk Up|p2a: Great Tusk
|-boost|p2a: Great Tusk|atk|1
|-boost|p2a: Great Tusk|def|1
|
|-heal|p1a: Zamazenta|100/100|[from] item: Leftovers
|-heal|p2a: Great Tusk|100/100|[from] item: Leftovers
|upkeep
|turn|9
|
|t:|1760387096
|move|p1a: Zamazenta|Iron Defense|p1a: Zamazenta
|-boost|p1a: Zamazenta|def|2
|move|p2a: Great Tusk|Rapid Spin|p1a: Zamazenta
|-damage|p1a: Zamazenta|94/100
|-boost|p2a: Great Tusk|spe|1
|
|-heal|p1a: Zamazenta|99/100|[from] item: Leftovers
|upkeep
|turn|10
|
|t:|1760387105
|move|p2a: Great Tusk|Bulk Up|p2a: Great Tusk
|-boost|p2a: Great Tusk|atk|1
|-boost|p2a: Great Tusk|def|1
|move|p1a: Zamazenta|Roar|p2a: Great Tusk
|-end|p2a: Great Tusk|Protosynthesis|[silent]
|drag|p2a: Sinistcha|Sinistcha-Masterpiece|100/100
|
|-heal|p1a: Zamazenta|100/100|[from] item: Leftovers
|upkeep
|turn|11
|
|t:|1760387116
|move|p1a: Zamazenta|Crunch|p2a: Sinistcha
|-supereffective|p2a: Sinistcha
|-damage|p2a: Sinistcha|59/100
|move|p2a: Sinistcha|Strength Sap|p1a: Zamazenta
|-unboost|p1a: Zamazenta|atk|1
|-heal|p2a: Sinistcha|100/100
|
|upkeep
|turn|12
|
|t:|1760387131
|switch|p1a: Scizor|Scizor, M|100/100
|move|p2a: Sinistcha|Matcha Gotcha|p1a: Scizor
|-resisted|p1a: Scizor
|-damage|p1a: Scizor|83/100
|-status|p1a: Scizor|brn
|
|-damage|p1a: Scizor|77/100 brn|[from] brn
|upkeep
|turn|13
|
|t:|1760387143
|move|p1a: Scizor|Knock Off|p2a: Sinistcha
|-supereffective|p2a: Sinistcha
|-damage|p2a: Sinistcha|66/100
|-enditem|p2a: Sinistcha|Leftovers|[from] move: Knock Off|[of] p1a: Scizor
|move|p2a: Sinistcha|Strength Sap|p1a: Scizor
|-unboost|p1a: Scizor|atk|1
|-heal|p2a: Sinistcha|100/100
|
|-damage|p1a: Scizor|71/100 brn|[from] brn
|upkeep
|turn|14
|
|t:|1760387155
|move|p1a: Scizor|Swords Dance|p1a: Scizor
|-boost|p1a: Scizor|atk|2
|move|p2a: Sinistcha|Calm Mind|p2a: Sinistcha
|-boost|p2a: Sinistcha|spa|1
|-boost|p2a: Sinistcha|spd|1
|
|-damage|p1a: Scizor|65/100 brn|[from] brn
|upkeep
|turn|15
|
|t:|1760387165
|move|p1a: Scizor|Swords Dance|p1a: Scizor
|-boost|p1a: Scizor|atk|2
|move|p2a: Sinistcha|Strength Sap|p1a: Scizor
|-unboost|p1a: Scizor|atk|1
|
|-damage|p1a: Scizor|59/100 brn|[from] brn
|upkeep
|turn|16
|
|t:|1760387174
|move|p1a: Scizor|Swords Dance|p1a: Scizor
|-boost|p1a: Scizor|atk|2
|move|p2a: Sinistcha|Shadow Ball|p1a: Scizor
|-damage|p1a: Scizor|0 fnt
|faint|p1a: Scizor
|
|upkeep
|
|t:|1760387191
|switch|p1a: Zamazenta|Zamazenta|100/100
|turn|17
|
|t:|1760387199
|move|p2a: Sinistcha|Strength Sap|p1a: Zamazenta
|-unboost|p1a: Zamazenta|atk|1
|move|p1a: Zamazenta|Roar|p2a: Sinistcha
|drag|p2a: Alcremie|Alcremie, F|100/100
|
|upkeep
|turn|18
|
|t:|1760387217
|switch|p1a: Landorus|Landorus-Therian, M|100/100
|-ability|p1a: Landorus|Intimidate|boost
|-unboost|p2a: Alcremie|atk|1
|move|p2a: Alcremie|Calm Mind|p2a: Alcremie
|-boost|p2a: Alcremie|spa|1
|-boost|p2a: Alcremie|spd|1
|
|upkeep
|turn|19
|
|t:|1760387225
|move|p1a: Landorus|Stealth Rock|p2a: Alcremie
|-sidestart|p2: rowlet13tb|move: Stealth Rock
|move|p2a: Alcremie|Acid Armor|p2a: Alcremie
|-boost|p2a: Alcremie|def|2
|
|upkeep
|turn|20
|
|t:|1760387232
|move|p1a: Landorus|Earthquake|p2a: Alcremie
|-damage|p2a: Alcremie|75/100
|move|p2a: Alcremie|Calm Mind|p2a: Alcremie
|-boost|p2a: Alcremie|spa|1
|-boost|p2a: Alcremie|spd|1
|
|-heal|p2a: Alcremie|81/100|[from] item: Leftovers
|upkeep
|turn|21
|
|t:|1760387242
|move|p1a: Landorus|Earthquake|p2a: Alcremie
|-damage|p2a: Alcremie|59/100
|move|p2a: Alcremie|Draining Kiss|p1a: Landorus
|-damage|p1a: Landorus|58/100
|-heal|p2a: Alcremie|95/100|[from] drain|[of] p1a: Landorus
|-damage|p2a: Alcremie|79/100|[from] item: Rocky Helmet|[of] p1a: Landorus
|
|-heal|p2a: Alcremie|85/100|[from] item: Leftovers
|upkeep
|turn|22
|
|t:|1760387254
|move|p1a: Landorus|Earthquake|p2a: Alcremie
|-damage|p2a: Alcremie|63/100
|move|p2a: Alcremie|Acid Armor|p2a: Alcremie
|-boost|p2a: Alcremie|def|2
|
|-heal|p2a: Alcremie|69/100|[from] item: Leftovers
|upkeep
|turn|23
|
|t:|1760387264
|move|p1a: Landorus|Earthquake|p2a: Alcremie
|-damage|p2a: Alcremie|53/100
|move|p2a: Alcremie|Calm Mind|p2a: Alcremie
|-boost|p2a: Alcremie|spa|1
|-boost|p2a: Alcremie|spd|1
|
|-heal|p2a: Alcremie|59/100|[from] item: Leftovers
|upkeep
|turn|24
|
|t:|1760387273
|move|p1a: Landorus|Earthquake|p2a: Alcremie
|-damage|p2a: Alcremie|43/100
|move|p2a: Alcremie|Acid Armor|p2a: Alcremie
|-boost|p2a: Alcremie|def|2
|
|-heal|p2a: Alcremie|49/100|[from] item: Leftovers
|upkeep
|turn|25
|
|t:|1760387282
|move|p1a: Landorus|Earthquake|p2a: Alcremie
|-damage|p2a: Alcremie|37/100
|move|p2a: Alcremie|Calm Mind|p2a: Alcremie
|-boost|p2a: Alcremie|spa|1
|-boost|p2a: Alcremie|spd|1
|
|-heal|p2a: Alcremie|43/100|[from] item: Leftovers
|upkeep
|turn|26
|
|t:|1760387291
|move|p1a: Landorus|Earthquake|p2a: Alcremie
|-damage|p2a: Alcremie|31/100
|move|p2a: Alcremie|Draining Kiss|p1a: Landorus
|-damage|p1a: Landorus|0 fnt
|-heal|p2a: Alcremie|80/100|[from] drain|[of] p1a: Landorus
|-damage|p2a: Alcremie|64/100|[from] item: Rocky Helmet|[of] p1a: Landorus
|faint|p1a: Landorus
|
|-heal|p2a: Alcremie|70/100|[from] item: Leftovers
|upkeep
|
|t:|1760387316
|switch|p1a: Latios|Latios, M|100/100
|turn|27
|
|t:|1760387325
|-terastallize|p1a: Latios|Steel
|move|p1a: Latios|Calm Mind|p1a: Latios
|-boost|p1a: Latios|spa|1
|-boost|p1a: Latios|spd|1
|move|p2a: Alcremie|Draining Kiss|p1a: Latios
|-resisted|p1a: Latios
|-damage|p1a: Latios|78/100
|-heal|p2a: Alcremie|85/100|[from] drain|[of] p1a: Latios
|
|-heal|p2a: Alcremie|91/100|[from] item: Leftovers
|upkeep
|turn|28
|
|t:|1760387336
|move|p1a: Latios|Calm Mind|p1a: Latios
|-boost|p1a: Latios|spa|1
|-boost|p1a: Latios|spd|1
|move|p2a: Alcremie|Calm Mind|p2a: Alcremie
|-boost|p2a: Alcremie|spa|1
|-boost|p2a: Alcremie|spd|1
|
|-heal|p2a: Alcremie|97/100|[from] item: Leftovers
|upkeep
|turn|29
|
|t:|1760387345
|move|p1a: Latios|Psychic Noise|p2a: Alcremie
|-damage|p2a: Alcremie|74/100
|-block|p2a: Alcremie|ability: Aroma Veil|[of] p2a: Alcremie
|move|p2a: Alcremie|Calm Mind|p2a: Alcremie
|-boost|p2a: Alcremie|spa|1
|-boost|p2a: Alcremie|spd|1
|
|-heal|p2a: Alcremie|80/100|[from] item: Leftovers
|upkeep
|turn|30
|
|t:|1760387358
|-terastallize|p2a: Alcremie|Psychic
|move|p1a: Latios|Calm Mind|p1a: Latios
|-boost|p1a: Latios|spa|1
|-boost|p1a: Latios|spd|1
|move|p2a: Alcremie|Stored Power|p1a: Latios
|-resisted|p1a: Latios
|-damage|p1a: Latios|0 fnt
|faint|p1a: Latios
|
|-heal|p2a: Alcremie|86/100|[from] item: Leftovers
|upkeep
|-message|Hillboy forfeited.
|
|win|rowlet13tb
|raw|Hillboy's rating: 1227 &rarr; <strong>1197</strong><br />(-30 for losing)
|raw|rowlet13tb's rating: 1154 &rarr; <strong>1184</strong><br />(+30 for winning)
|l|☆rowlet13tb
|player|p2|
