|j|☆Swaglord03
|j|☆Ravingtomb
|t:|1760373364
|gametype|singles
|player|p1|Swaglord03|brock|1320
|player|p2|Ravingtomb|medium|1338
|gen|9
|tier|[Gen 9] OU
|rated|
|rule|HP Percentage Mod: HP is shown in percentages
|rule|Endless Battle Clause: Forcing endless battles is banned
|rule|Species Clause: Limit one of each Pokémon
|rule|OHKO Clause: OHKO moves are banned
|rule|Evasion Items Clause: Evasion items are banned
|rule|Evasion Moves Clause: Evasion moves are banned
|rule|Evasion Abilities Clause: Evasion abilities are banned
|rule|Sleep Moves Clause: Sleep-inducing moves are banned
|clearpoke
|poke|p1|Alcremie-Ruby-Cream, F|
|poke|p1|Grimmsnarl, M|
|poke|p1|Great Tusk|
|poke|p1|Corviknight, F|
|poke|p1|Electrode-Hisui|
|poke|p1|Kommo-o, M|
|poke|p2|Cramorant, M|
|poke|p2|Great Tusk|
|poke|p2|Lokix, F|
|poke|p2|Garganacl, F|
|poke|p2|Tinkaton, F|
|poke|p2|Zoroark-Hisui, M|
|teampreview
|inactive|Battle timer is ON: inactive players will automatically lose when time's up. (requested by Swaglord03)
|
|t:|1760373386
|teamsize|p1|6
|teamsize|p2|6
|start
|switch|p1a: Electrode|Electrode-Hisui|100/100
|switch|p2a: Cramorant|Cramorant, M, shiny|100/100
|turn|1
|
|t:|1760373391
|switch|p2a: Tinkaton|Tinkaton, F|100/100
|-ability|p2a: Tinkaton|Mold Breaker
|-item|p2a: Tinkaton|Air Balloon
|move|p1a: Electrode|Volt Switch|p2a: Tinkaton
|-damage|p2a: Tinkaton|75/100
|-enditem|p2a: Tinkaton|Air Balloon
|
|t:|1760373403
|switch|p1a: Great Tusk|Great Tusk|100/100|[from] Volt Switch
|-enditem|p1a: Great Tusk|Booster Energy
|-activate|p1a: Great Tusk|ability: Protosynthesis|[fromitem]
|-start|p1a: Great Tusk|protosynthesisspe
|
|upkeep
|turn|2
|
|t:|1760373415
|-end|p1a: Great Tusk|Protosynthesis|[silent]
|switch|p1a: Electrode|Electrode-Hisui|100/100
|switch|p2a: Cramorant|Cramorant, M, shiny|100/100
|
|upkeep
|turn|3
|
|t:|1760373422
|-terastallize|p2a: Cramorant|Ground
|move|p1a: Electrode|Energy Ball|p2a: Cramorant
|-supereffective|p2a: Cramorant
|-enditem|p2a: Cramorant|Focus Sash
|-damage|p2a: Cramorant|1/100
|-unboost|p2a: Cramorant|spd|1
|move|p2a: Cramorant|Hurricane|p1a: Electrode
|-damage|p1a: Electrode|23/100
|-start|p1a: Electrode|confusion
|
|upkeep
|turn|4
|
|t:|1760373434
|-activate|p1a: Electrode|confusion
|move|p1a: Electrode|Energy Ball|p2a: Cramorant
|-supereffective|p2a: Cramorant
|-damage|p2a: Cramorant|0 fnt
|faint|p2a: Cramorant
|
|upkeep
|
|t:|1760373438
|switch|p2a: Lokix|Lokix, F, shiny|100/100
|turn|5
|
|t:|1760373441
|switch|p1a: Corviknight|Corviknight, F|100/100
|-ability|p1a: Corviknight|Pressure
|move|p2a: Lokix|First Impression|p1a: Corviknight
|-resisted|p1a: Corviknight
|-damage|p1a: Corviknight|86/100
|-damage|p2a: Lokix|84/100|[from] item: Rocky Helmet|[of] p1a: Corviknight
|
|upkeep
|turn|6
|
|t:|1760373450
|switch|p2a: Garganacl|Garganacl, F|100/100
|move|p1a: Corviknight|U-turn|p2a: Garganacl
|-damage|p2a: Garganacl|93/100
|
|t:|1760373457
|switch|p1a: Electrode|Electrode-Hisui|23/100|[from] U-turn
|
|-heal|p2a: Garganacl|99/100|[from] item: Leftovers
|upkeep
|turn|7
|
|t:|1760373463
|move|p1a: Electrode|Energy Ball|p2a: Garganacl
|-supereffective|p2a: Garganacl
|-damage|p2a: Garganacl|13/100
|move|p2a: Garganacl|Salt Cure|p1a: Electrode
|-damage|p1a: Electrode|0 fnt
|faint|p1a: Electrode
|
|-heal|p2a: Garganacl|19/100|[from] item: Leftovers
|upkeep
|
|t:|1760373473
|switch|p1a: Kommo-o|Kommo-o, M|100/100
|turn|8
|
|t:|1760373480
|move|p1a: Kommo-o|Earthquake|p2a: Garganacl
|-supereffective|p2a: Garganacl
|-damage|p2a: Garganacl|0 fnt
|faint|p2a: Garganacl
|
|upkeep
|
|t:|1760373487
|switch|p2a: Tinkaton|Tinkaton, F|100/100
|turn|9
|
|t:|1760373496
|move|p2a: Tinkaton|Trick|p1a: Kommo-o
|-activate|p2a: Tinkaton|move: Trick|[of] p1a: Kommo-o
|-item|p1a: Kommo-o|Choice Specs|[from] move: Trick
|-item|p2a: Tinkaton|Assault Vest|[from] move: Trick
|move|p1a: Kommo-o|Draco Meteor|p2a: Tinkaton
|-damage|p2a: Tinkaton|13/100
|-unboost|p1a: Kommo-o|spa|2
|replace|p2a: Zoroark|Zoroark-Hisui, M, shiny
|-end|p2a: Zoroark|Illusion
|
|upkeep
|turn|10
|
|t:|1760373503
|switch|p2a: Tinkaton|Tinkaton, F|75/100
|-ability|p2a: Tinkaton|Mold Breaker
|switch|p1a: Corviknight|Corviknight, F|86/100
|-ability|p1a: Corviknight|Pressure
|
|upkeep
|turn|11
|
|t:|1760373510
|switch|p1a: Great Tusk|Great Tusk|100/100
|move|p2a: Tinkaton|Thunder Wave|p1a: Great Tusk
|-immune|p1a: Great Tusk
|
|upkeep
|turn|12
|
|t:|1760373517
|switch|p2a: Great Tusk|Great Tusk|100/100
|move|p1a: Great Tusk|Headlong Rush|p2a: Great Tusk
|-damage|p2a: Great Tusk|75/100
|-unboost|p1a: Great Tusk|def|1
|-unboost|p1a: Great Tusk|spd|1
|
|-heal|p2a: Great Tusk|81/100|[from] item: Leftovers
|upkeep
|turn|13
|
|t:|1760373531
|-end|p1a: Great Tusk|Protosynthesis|[silent]
|switch|p1a: Corviknight|Corviknight, F|86/100
|-ability|p1a: Corviknight|Pressure
|move|p2a: Great Tusk|Ice Spinner|p1a: Corviknight
|-damage|p1a: Corviknight|71/100
|-damage|p2a: Great Tusk|65/100|[from] item: Rocky Helmet|[of] p1a: Corviknight
|
|-heal|p2a: Great Tusk|71/100|[from] item: Leftovers
|upkeep
|turn|14
|
|t:|1760373535
|move|p2a: Great Tusk|Knock Off|p1a: Corviknight
|-damage|p1a: Corviknight|55/100
|-damage|p2a: Great Tusk|54/100|[from] item: Rocky Helmet|[of] p1a: Corviknight
|-enditem|p1a: Corviknight|Rocky Helmet|[from] move: Knock Off|[of] p2a: Great Tusk
|move|p1a: Corviknight|U-turn|p2a: Great Tusk
|-resisted|p2a: Great Tusk
|-damage|p2a: Great Tusk|51/100
|
|t:|1760373549
|switch|p1a: Grimmsnarl|Grimmsnarl, M|100/100|[from] U-turn
|
|-heal|p2a: Great Tusk|57/100|[from] item: Leftovers
|upkeep
|turn|15
|
|t:|1760373559
|-end|p2a: Great Tusk|Protosynthesis|[silent]
|switch|p2a: Tinkaton|Tinkaton, F|75/100
|-ability|p2a: Tinkaton|Mold Breaker
|move|p1a: Grimmsnarl|Light Screen|p1a: Grimmsnarl
|-sidestart|p1: Swaglord03|move: Light Screen
|
|upkeep
|turn|16
|
|t:|1760373568
|switch|p2a: Lokix|Lokix, F, shiny|84/100
|move|p1a: Grimmsnarl|Reflect|p1a: Grimmsnarl
|-sidestart|p1: Swaglord03|Reflect
|
|upkeep
|turn|17
|
|t:|1760373577
|move|p2a: Lokix|First Impression|p1a: Grimmsnarl
|-damage|p1a: Grimmsnarl|70/100
|move|p1a: Grimmsnarl|Spirit Break|p2a: Lokix
|-supereffective|p2a: Lokix
|-damage|p2a: Lokix|0 fnt
|faint|p2a: Lokix
|
|upkeep
|
|t:|1760373585
|switch|p2a: Tinkaton|Tinkaton, F|75/100
|-ability|p2a: Tinkaton|Mold Breaker
|turn|18
|
|t:|1760373591
|move|p1a: Grimmsnarl|Parting Shot|p2a: Tinkaton
|-unboost|p2a: Tinkaton|atk|1
|-unboost|p2a: Tinkaton|spa|1
|
|t:|1760373593
|switch|p1a: Great Tusk|Great Tusk|100/100|[from] Parting Shot
|move|p2a: Tinkaton|Stealth Rock|p1a: Great Tusk
|-sidestart|p1: Swaglord03|move: Stealth Rock
|
|upkeep
|turn|19
|
|t:|1760373602
|switch|p2a: Tinkaton|Tinkaton, F|13/100
|move|p1a: Great Tusk|Bulk Up|p1a: Great Tusk
|-boost|p1a: Great Tusk|atk|1
|-boost|p1a: Great Tusk|def|1
|
|upkeep
|turn|20
|
|t:|1760373606
|move|p2a: Tinkaton|Shadow Ball|p1a: Great Tusk
|-damage|p1a: Great Tusk|76/100
|move|p1a: Great Tusk|Ice Spinner|p2a: Tinkaton
|-damage|p2a: Tinkaton|0 fnt
|replace|p2a: Zoroark|Zoroark-Hisui, M, shiny
|-end|p2a: Zoroark|Illusion
|faint|p2a: Zoroark
|
|upkeep
|
|t:|1760373610
|switch|p2a: Great Tusk|Great Tusk|57/100
|turn|21
|
|t:|1760373614
|move|p1a: Great Tusk|Bulk Up|p1a: Great Tusk
|-boost|p1a: Great Tusk|atk|1
|-boost|p1a: Great Tusk|def|1
|move|p2a: Great Tusk|Ice Spinner|p1a: Great Tusk
|-supereffective|p1a: Great Tusk
|-damage|p1a: Great Tusk|69/100
|
|-heal|p2a: Great Tusk|63/100|[from] item: Leftovers
|upkeep
|turn|22
|
|t:|1760373623
|-end|p2a: Great Tusk|Protosynthesis|[silent]
|switch|p2a: Tinkaton|Tinkaton, F|75/100
|-ability|p2a: Tinkaton|Mold Breaker
|move|p1a: Great Tusk|Ice Spinner|p2a: Tinkaton
|-resisted|p2a: Tinkaton
|-damage|p2a: Tinkaton|48/100
|
|-sideend|p1: Swaglord03|move: Light Screen
|upkeep
|turn|23
|
|t:|1760373628
|move|p1a: Great Tusk|Rapid Spin|p2a: Tinkaton
|-resisted|p2a: Tinkaton
|-damage|p2a: Tinkaton|33/100
|-boost|p1a: Great Tusk|spe|1
|-sideend|p1: Swaglord03|Stealth Rock|[from] move: Rapid Spin|[of] p1a: Great Tusk
|move|p2a: Tinkaton|Encore|p1a: Great Tusk
|-start|p1a: Great Tusk|Encore
|
|-sideend|p1: Swaglord03|Reflect
|upkeep
|turn|24
|
|t:|1760373632
|switch|p2a: Great Tusk|Great Tusk|63/100
|move|p1a: Great Tusk|Rapid Spin|p2a: Great Tusk
|-damage|p2a: Great Tusk|48/100
|-boost|p1a: Great Tusk|spe|1
|
|-heal|p2a: Great Tusk|54/100|[from] item: Leftovers
|upkeep
|turn|25
|
|t:|1760373641
|move|p1a: Great Tusk|Rapid Spin|p2a: Great Tusk
|-damage|p2a: Great Tusk|41/100
|-boost|p1a: Great Tusk|spe|1
|move|p2a: Great Tusk|Ice Spinner|p1a: Great Tusk
|-supereffective|p1a: Great Tusk
|-damage|p1a: Great Tusk|54/100
|
|-heal|p2a: Great Tusk|48/100|[from] item: Leftovers
|upkeep
|turn|26
|-message|Ravingtomb forfeited.
|
|win|Swaglord03
|raw|Swaglord03's rating: 1320 &rarr; <strong>1341</strong><br />(+21 for winning)
|raw|Ravingtomb's rating: 1338 &rarr; <strong>1317</strong><br />(-21 for losing)
|l|☆Ravingtomb
|player|p2|
|l|☆Swaglord03
|player|p1|
