|badge|p1|bronze|gen9ou|100-7
|uhtml|medal-msg|<div class="broadcast-blue">Curious what those medals under the avatar are? PS now has Ladder Seasons! For more information, check out the <a href="https://www.smogon.com/forums/threads/3740067/">thread on Smogon.</a></div>
|badge|p2|bronze|gen9ou|100-7
|uhtml|medal-msg|<div class="broadcast-blue">Curious what those medals under the avatar are? PS now has Ladder Seasons! For more information, check out the <a href="https://www.smogon.com/forums/threads/3740067/">thread on Smogon.</a></div>
|j|☆Vitoran
|j|☆MooFarmer
|t:|1760302144
|gametype|singles
|player|p1|Vitoran|#rbyplvmightymagmars|1866
|player|p2|MooFarmer|2|1860
|gen|9
|tier|[Gen 9] OU
|rated|
|rule|HP Percentage Mod: HP is shown in percentages
|rule|Endless Battle Clause: Forcing endless battles is banned
|rule|Species Clause: Limit one of each Pokémon
|rule|OHKO Clause: OHKO moves are banned
|rule|Evasion Items Clause: Evasion items are banned
|rule|Evasion Moves Clause: Evasion moves are banned
|rule|Evasion Abilities Clause: Evasion abilities are banned
|rule|Sleep Moves Clause: Sleep-inducing moves are banned
|clearpoke
|poke|p1|Weavile, F|
|poke|p1|Samurott-Hisui, M|
|poke|p1|Gholdengo|
|poke|p1|Great Tusk|
|poke|p1|Pecharunt|
|poke|p1|Kingambit, F|
|poke|p2|Kyurem|
|poke|p2|Corviknight, F|
|poke|p2|Ting-Lu|
|poke|p2|Dondozo, M|
|poke|p2|Slowking-Galar, L99, M|
|poke|p2|Cinderace, M|
|teampreview
|inactive|Battle timer is ON: inactive players will automatically lose when time's up. (requested by Vitoran)
|c|☆Vitoran|GLHF
|c|☆Vitoran|oops sorry caps
|inactive|MooFarmer has 120 seconds left.
|
|t:|1760302191
|teamsize|p1|6
|teamsize|p2|6
|start
|switch|p1a: Weavile|Weavile, F|100/100
|switch|p2a: Kyurem|Kyurem|100/100
|-ability|p1a: Weavile|Pressure
|-ability|p2a: Kyurem|Pressure
|turn|1
|inactive|MooFarmer also wants the timer to be on.
|inactive|Vitoran has 120 seconds left.
|inactive|MooFarmer has 120 seconds left.
|
|t:|1760302243
|move|p2a: Kyurem|Protect|p2a: Kyurem
|-singleturn|p2a: Kyurem|Protect
|move|p1a: Weavile|Knock Off|p2a: Kyurem
|-activate|p2a: Kyurem|move: Protect
|
|upkeep
|turn|2
|inactive|MooFarmer has 90 seconds left.
|
|t:|1760302287
|switch|p2a: Corviknight|Corviknight, F|100/100
|-ability|p2a: Corviknight|Pressure
|move|p1a: Weavile|Knock Off|p2a: Corviknight
|-damage|p2a: Corviknight|58/100
|-damage|p1a: Weavile|84/100|[from] item: Rocky Helmet|[of] p2a: Corviknight
|-enditem|p2a: Corviknight|Rocky Helmet|[from] move: Knock Off|[of] p1a: Weavile
|
|upkeep
|turn|3
|j| Ctannn
|inactive|MooFarmer has 60 seconds left.
|
|t:|1760302333
|switch|p1a: Gholdengo|Gholdengo|100/100
|move|p2a: Corviknight|Roost|p2a: Corviknight
|-heal|p2a: Corviknight|100/100
|-singleturn|p2a: Corviknight|move: Roost
|
|upkeep
|turn|4
|inactive|MooFarmer has 30 seconds left.
|j| Duerky12
|inactive|MooFarmer has 20 seconds left.
|inactive|MooFarmer has 15 seconds left.
|
|t:|1760302379
|switch|p2a: Ting-Lu|Ting-Lu|100/100
|-ability|p2a: Ting-Lu|Vessel of Ruin
|move|p1a: Gholdengo|Trick|p2a: Ting-Lu
|-activate|p1a: Gholdengo|move: Trick|[of] p2a: Ting-Lu
|-item|p2a: Ting-Lu|Choice Scarf|[from] move: Trick
|-item|p1a: Gholdengo|Leftovers|[from] move: Trick
|
|upkeep
|turn|5
|inactive|MooFarmer has 25 seconds left this turn.
|inactive|MooFarmer has 20 seconds left.
|
|t:|1760302388
|switch|p1a: Samurott|Samurott-Hisui, M|100/100
|move|p2a: Ting-Lu|Earthquake|p1a: Samurott
|-damage|p1a: Samurott|57/100
|
|upkeep
|turn|6
|inactive|MooFarmer has 30 seconds left this turn.
|
|t:|1760302397
|move|p1a: Samurott|Razor Shell|p2a: Ting-Lu
|-supereffective|p2a: Ting-Lu
|-damage|p2a: Ting-Lu|36/100
|move|p2a: Ting-Lu|Earthquake|p1a: Samurott
|-damage|p1a: Samurott|11/100
|
|upkeep
|turn|7
|inactive|MooFarmer has 30 seconds left.
|
|t:|1760302406
|move|p1a: Samurott|Razor Shell|p2a: Ting-Lu
|-supereffective|p2a: Ting-Lu
|-damage|p2a: Ting-Lu|0 fnt
|faint|p2a: Ting-Lu
|
|upkeep
|inactive|MooFarmer has 30 seconds left.
|
|t:|1760302415
|switch|p2a: Kyurem|Kyurem|100/100
|-ability|p2a: Kyurem|Pressure
|turn|8
|
|t:|1760302423
|switch|p1a: Weavile|Weavile, F|84/100
|-ability|p1a: Weavile|Pressure
|move|p2a: Kyurem|Earth Power|p1a: Weavile
|-damage|p1a: Weavile|44/100
|
|upkeep
|turn|9
|
|t:|1760302438
|-terastallize|p1a: Weavile|Ice
|move|p2a: Kyurem|Protect|p2a: Kyurem
|-singleturn|p2a: Kyurem|Protect
|move|p1a: Weavile|Triple Axel|p2a: Kyurem
|-activate|p2a: Kyurem|move: Protect
|
|upkeep
|turn|10
|
|t:|1760302446
|switch|p2a: Dondozo|Dondozo, M|100/100
|move|p1a: Weavile|Triple Axel|p2a: Dondozo
|-resisted|p2a: Dondozo
|-damage|p2a: Dondozo|96/100
|-resisted|p2a: Dondozo
|-damage|p2a: Dondozo|88/100
|-resisted|p2a: Dondozo
|-damage|p2a: Dondozo|74/100
|-hitcount|p2a: Dondozo|3
|
|-heal|p2a: Dondozo|80/100|[from] item: Leftovers
|upkeep
|turn|11
|
|t:|1760302454
|switch|p1a: Pecharunt|Pecharunt|100/100
|-item|p1a: Pecharunt|Air Balloon
|move|p2a: Dondozo|Waterfall|p1a: Pecharunt
|-crit|p1a: Pecharunt
|-damage|p1a: Pecharunt|82/100
|-enditem|p1a: Pecharunt|Air Balloon
|
|-heal|p2a: Dondozo|86/100|[from] item: Leftovers
|upkeep
|turn|12
|
|t:|1760302464
|switch|p2a: Corviknight|Corviknight, F|100/100
|-ability|p2a: Corviknight|Pressure
|move|p1a: Pecharunt|Parting Shot|p2a: Corviknight
|-unboost|p2a: Corviknight|atk|1
|-unboost|p2a: Corviknight|spa|1
|
|t:|1760302472
|switch|p1a: Gholdengo|Gholdengo|100/100|[from] Parting Shot
|
|upkeep
|turn|13
|j| drumpfcore
|
|t:|1760302480
|move|p1a: Gholdengo|Shadow Ball|p2a: Corviknight
|-damage|p2a: Corviknight|59/100
|move|p2a: Corviknight|U-turn|p1a: Gholdengo
|-resisted|p1a: Gholdengo
|-damage|p1a: Gholdengo|98/100
|
|t:|1760302490
|switch|p2a: Kyurem|Kyurem|100/100|[from] U-turn
|-ability|p2a: Kyurem|Pressure
|
|-heal|p1a: Gholdengo|100/100|[from] item: Leftovers
|upkeep
|turn|14
|
|t:|1760302499
|move|p2a: Kyurem|Substitute|p2a: Kyurem
|-start|p2a: Kyurem|Substitute
|-damage|p2a: Kyurem|75/100
|move|p1a: Gholdengo|Shadow Ball|p2a: Kyurem
|-end|p2a: Kyurem|Substitute
|
|-heal|p2a: Kyurem|82/100|[from] item: Leftovers
|upkeep
|turn|15
|
|t:|1760302507
|switch|p1a: Weavile|Weavile, F, tera:Ice|44/100
|-ability|p1a: Weavile|Pressure
|-terastallize|p2a: Kyurem|Ground
|move|p2a: Kyurem|Earth Power|p1a: Weavile
|-damage|p1a: Weavile|0 fnt
|faint|p1a: Weavile
|
|-heal|p2a: Kyurem|88/100|[from] item: Leftovers
|upkeep
|inactive|Vitoran has 120 seconds left.
|
|t:|1760302543
|switch|p1a: Great Tusk|Great Tusk|100/100
|-enditem|p1a: Great Tusk|Booster Energy
|-activate|p1a: Great Tusk|ability: Protosynthesis|[fromitem]
|-start|p1a: Great Tusk|protosynthesisspe
|turn|16
|inactive|Vitoran has 120 seconds left.
|
|t:|1760302552
|move|p1a: Great Tusk|Ice Spinner|p2a: Kyurem
|-supereffective|p2a: Kyurem
|-damage|p2a: Kyurem|41/100
|move|p2a: Kyurem|Freeze-Dry|p1a: Great Tusk
|-supereffective|p1a: Great Tusk
|-crit|p1a: Great Tusk
|-damage|p1a: Great Tusk|0 fnt
|faint|p1a: Great Tusk
|-end|p1a: Great Tusk|Protosynthesis|[silent]
|
|-heal|p2a: Kyurem|48/100|[from] item: Leftovers
|upkeep
|inactive|Vitoran has 120 seconds left.
|c|☆Vitoran|awww
|c|☆Vitoran|unforto
|
|t:|1760302580
|switch|p1a: Samurott|Samurott-Hisui, M|11/100
|turn|17
|inactive|MooFarmer has 90 seconds left.
|inactive|MooFarmer has 60 seconds left.
|
|t:|1760302626
|move|p2a: Kyurem|Protect|p2a: Kyurem
|-singleturn|p2a: Kyurem|Protect
|move|p1a: Samurott|Aqua Jet|p2a: Kyurem
|-activate|p2a: Kyurem|move: Protect
|
|-heal|p2a: Kyurem|54/100|[from] item: Leftovers
|upkeep
|turn|18
|inactive|MooFarmer has 60 seconds left.
|inactive|MooFarmer has 30 seconds left.
|inactive|MooFarmer has 20 seconds left.
|
|t:|1760302672
|move|p1a: Samurott|Aqua Jet|p2a: Kyurem
|-supereffective|p2a: Kyurem
|-damage|p2a: Kyurem|20/100
|move|p2a: Kyurem|Earth Power|p1a: Samurott
|-damage|p1a: Samurott|0 fnt
|faint|p1a: Samurott
|
|-heal|p2a: Kyurem|26/100|[from] item: Leftovers
|upkeep
|c|☆Vitoran|bro is playing clash of clans on the side
|c|☆Vitoran|whats taking so long
|
|t:|1760302699
|switch|p1a: Kingambit|Kingambit, F|100/100
|-activate|p1a: Kingambit|ability: Supreme Overlord
|-start|p1a: Kingambit|fallen3|[silent]
|turn|19
|inactive|MooFarmer has 30 seconds left.
|
|t:|1760302714
|move|p2a: Kyurem|Earth Power|p1a: Kingambit
|-supereffective|p1a: Kingambit
|-damage|p1a: Kingambit|0 fnt
|faint|p1a: Kingambit
|-end|p1a: Kingambit|fallen3|[silent]
|
|-heal|p2a: Kyurem|32/100|[from] item: Leftovers
|upkeep
|
|t:|1760302718
|switch|p1a: Gholdengo|Gholdengo|100/100
|turn|20
|
|t:|1760302726
|move|p2a: Kyurem|Earth Power|p1a: Gholdengo
|-supereffective|p1a: Gholdengo
|-damage|p1a: Gholdengo|0 fnt
|faint|p1a: Gholdengo
|
|-heal|p2a: Kyurem|38/100|[from] item: Leftovers
|upkeep
|
|t:|1760302730
|switch|p1a: Pecharunt|Pecharunt|82/100
|turn|21
|c|☆Vitoran|you fond the difficult line
|inactive|Vitoran has 120 seconds left.
|c|☆Vitoran|gg
|
|t:|1760302736
|move|p2a: Kyurem|Earth Power|p1a: Pecharunt
|-supereffective|p1a: Pecharunt
|-damage|p1a: Pecharunt|0 fnt
|faint|p1a: Pecharunt
|
|win|MooFarmer
|raw|Vitoran's rating: 1866 &rarr; <strong>1846</strong><br />(-20 for losing)
|raw|MooFarmer's rating: 1860 &rarr; <strong>1880</strong><br />(+20 for winning)
|l|☆MooFarmer
|player|p2|
|l|☆Vitoran
|player|p1|
|l| Ctannn
