|j|☆N00676918
|j|☆hrt boymoder
|t:|1760299442
|gametype|singles
|player|p1|N00676918|1|1674
|player|p2|hrt boymoder|elaine|1634
|gen|9
|tier|[Gen 9] OU
|rated|
|rule|HP Percentage Mod: HP is shown in percentages
|rule|Endless Battle Clause: Forcing endless battles is banned
|rule|Species Clause: Limit one of each Pokémon
|rule|OHKO Clause: OHKO moves are banned
|rule|Evasion Items Clause: Evasion items are banned
|rule|Evasion Moves Clause: Evasion moves are banned
|rule|Evasion Abilities Clause: Evasion abilities are banned
|rule|Sleep Moves Clause: Sleep-inducing moves are banned
|clearpoke
|poke|p1|Slowking-Galar, M|
|poke|p1|Tornadus-Therian, M|
|poke|p1|Iron Boulder|
|poke|p1|Great Tusk|
|poke|p1|Hydrapple, F|
|poke|p1|Kingambit, F|
|poke|p2|Slowking-Galar, M|
|poke|p2|Cinderace, F|
|poke|p2|Landorus-Therian, M|
|poke|p2|Iron Valiant|
|poke|p2|Kyurem|
|poke|p2|Kingambit, F|
|teampreview
|inactive|Battle timer is ON: inactive players will automatically lose when time's up. (requested by hrt boymoder)
|
|t:|1760299459
|teamsize|p1|6
|teamsize|p2|6
|start
|switch|p1a: Slowking|Slowking-Galar, M|100/100
|switch|p2a: Acolyte|Kyurem|100/100
|-ability|p2a: Acolyte|Pressure
|turn|1
|
|t:|1760299464
|move|p2a: Acolyte|Substitute|p2a: Acolyte
|-start|p2a: Acolyte|Substitute
|-damage|p2a: Acolyte|76/100
|move|p1a: Slowking|Future Sight|p2a: Acolyte
|-start|p1a: Slowking|move: Future Sight
|
|-heal|p2a: Acolyte|82/100|[from] item: Leftovers
|upkeep
|turn|2
|
|t:|1760299468
|move|p2a: Acolyte|Earth Power|p1a: Slowking
|-supereffective|p1a: Slowking
|-damage|p1a: Slowking|60/100
|move|p1a: Slowking|Ice Beam|p2a: Acolyte
|-activate|p2a: Acolyte|move: Substitute|[damage]
|
|-heal|p2a: Acolyte|88/100|[from] item: Leftovers
|upkeep
|turn|3
|
|t:|1760299477
|move|p2a: Acolyte|Protect|p2a: Acolyte
|-singleturn|p2a: Acolyte|Protect
|move|p1a: Slowking|Ice Beam|p2a: Acolyte
|-activate|p2a: Acolyte|move: Protect
|
|-end|p2a: Acolyte|move: Future Sight
|-end|p2a: Acolyte|Substitute
|-heal|p2a: Acolyte|94/100|[from] item: Leftovers
|upkeep
|turn|4
|
|t:|1760299484
|move|p2a: Acolyte|Earth Power|p1a: Slowking
|-supereffective|p1a: Slowking
|-damage|p1a: Slowking|19/100
|move|p1a: Slowking|Future Sight|p2a: Acolyte
|-start|p1a: Slowking|move: Future Sight
|
|-heal|p2a: Acolyte|99/100|[from] item: Leftovers
|upkeep
|turn|5
|
|t:|1760299492
|switch|p1a: Iron Boulder|Iron Boulder|100/100
|move|p2a: Acolyte|Substitute|p2a: Acolyte
|-start|p2a: Acolyte|Substitute
|-damage|p2a: Acolyte|75/100
|
|-heal|p2a: Acolyte|81/100|[from] item: Leftovers
|upkeep
|turn|6
|
|t:|1760299509
|-end|p1a: Iron Boulder|Quark Drive|[silent]
|switch|p1a: Hydrapple|Hydrapple, F|100/100
|move|p2a: Acolyte|Protect||[still]
|-fail|p2a: Acolyte
|
|-end|p2a: Acolyte|move: Future Sight
|-end|p2a: Acolyte|Substitute
|-heal|p2a: Acolyte|88/100|[from] item: Leftovers
|upkeep
|turn|7
|
|t:|1760299525
|switch|p1a: Kingambit|Kingambit, F|100/100
|move|p2a: Acolyte|Freeze-Dry|p1a: Kingambit
|-resisted|p1a: Kingambit
|-damage|p1a: Kingambit|83/100
|
|-heal|p2a: Acolyte|94/100|[from] item: Leftovers
|-heal|p1a: Kingambit|90/100|[from] item: Leftovers
|upkeep
|turn|8
|
|t:|1760299529
|switch|p2a: Float Away|Landorus-Therian, M|100/100
|-ability|p2a: Float Away|Intimidate|boost
|-unboost|p1a: Kingambit|atk|1
|move|p1a: Kingambit|Iron Head|p2a: Float Away
|-damage|p2a: Float Away|68/100
|-damage|p1a: Kingambit|73/100|[from] item: Rocky Helmet|[of] p2a: Float Away
|
|-heal|p1a: Kingambit|79/100|[from] item: Leftovers
|upkeep
|turn|9
|
|t:|1760299545
|-end|p1a: Kingambit|fallenundefined|[silent]
|switch|p1a: Tornadus|Tornadus-Therian, M|100/100
|move|p2a: Float Away|U-turn|p1a: Tornadus
|-resisted|p1a: Tornadus
|-damage|p1a: Tornadus|84/100
|
|t:|1760299548
|switch|p2a: Acolyte|Kyurem|94/100|[from] U-turn
|-ability|p2a: Acolyte|Pressure
|
|-heal|p2a: Acolyte|99/100|[from] item: Leftovers
|upkeep
|turn|10
|
|t:|1760299569
|move|p1a: Tornadus|Bleakwind Storm|p2a: Acolyte
|-damage|p2a: Acolyte|55/100
|move|p2a: Acolyte|Freeze-Dry|p1a: Tornadus
|-supereffective|p1a: Tornadus
|-damage|p1a: Tornadus|4/100
|
|-heal|p2a: Acolyte|61/100|[from] item: Leftovers
|upkeep
|turn|11
|
|t:|1760299579
|switch|p1a: Kingambit|Kingambit, F|79/100
|move|p2a: Acolyte|Protect||[still]
|-fail|p2a: Acolyte
|
|-heal|p2a: Acolyte|67/100|[from] item: Leftovers
|-heal|p1a: Kingambit|85/100|[from] item: Leftovers
|upkeep
|turn|12
|
|t:|1760299584
|switch|p2a: Float Away|Landorus-Therian, M|68/100
|-ability|p2a: Float Away|Intimidate|boost
|-unboost|p1a: Kingambit|atk|1
|move|p1a: Kingambit|Iron Head|p2a: Float Away
|-damage|p2a: Float Away|37/100
|-damage|p1a: Kingambit|69/100|[from] item: Rocky Helmet|[of] p2a: Float Away
|
|-heal|p1a: Kingambit|75/100|[from] item: Leftovers
|upkeep
|turn|13
|
|t:|1760299595
|-end|p1a: Kingambit|fallenundefined|[silent]
|switch|p1a: Great Tusk|Great Tusk|100/100
|move|p2a: Float Away|Earthquake|p1a: Great Tusk
|-damage|p1a: Great Tusk|70/100
|
|-heal|p1a: Great Tusk|77/100|[from] item: Leftovers
|upkeep
|turn|14
|inactive|hrt boymoder has 120 seconds left.
|
|t:|1760299627
|move|p2a: Float Away|Grass Knot|p1a: Great Tusk
|-supereffective|p1a: Great Tusk
|-damage|p1a: Great Tusk|17/100
|move|p1a: Great Tusk|Rapid Spin|p2a: Float Away
|-crit|p2a: Float Away
|-damage|p2a: Float Away|13/100
|-boost|p1a: Great Tusk|spe|1
|-damage|p1a: Great Tusk|1/100|[from] item: Rocky Helmet|[of] p2a: Float Away
|
|-heal|p1a: Great Tusk|7/100|[from] item: Leftovers
|upkeep
|turn|15
|inactive|hrt boymoder has 120 seconds left.
|
|t:|1760299640
|move|p1a: Great Tusk|Ice Spinner|p2a: Float Away
|-supereffective|p2a: Float Away
|-damage|p2a: Float Away|0 fnt
|-damage|p1a: Great Tusk|0 fnt|[from] item: Rocky Helmet|[of] p2a: Float Away
|faint|p2a: Float Away
|faint|p1a: Great Tusk
|-end|p1a: Great Tusk|Protosynthesis|[silent]
|
|upkeep
|inactive|hrt boymoder has 120 seconds left.
|
|t:|1760299663
|switch|p2a: Map of the Stars|Iron Valiant|100/100
|switch|p1a: Iron Boulder|Iron Boulder|100/100
|-enditem|p2a: Map of the Stars|Booster Energy
|-activate|p2a: Map of the Stars|ability: Quark Drive|[fromitem]
|-start|p2a: Map of the Stars|quarkdrivespe
|turn|16
|
|t:|1760299673
|-terastallize|p2a: Map of the Stars|Ghost
|move|p2a: Map of the Stars|Knock Off|p1a: Iron Boulder
|-supereffective|p1a: Iron Boulder
|-damage|p1a: Iron Boulder|20/100
|-enditem|p1a: Iron Boulder|Choice Band|[from] move: Knock Off|[of] p2a: Map of the Stars
|move|p1a: Iron Boulder|Psycho Cut|p2a: Map of the Stars
|-damage|p2a: Map of the Stars|56/100
|
|upkeep
|turn|17
|
|t:|1760299693
|move|p2a: Map of the Stars|Moonblast|p1a: Iron Boulder
|-damage|p1a: Iron Boulder|0 fnt
|faint|p1a: Iron Boulder
|-end|p1a: Iron Boulder|Quark Drive|[silent]
|
|upkeep
|
|t:|1760299695
|switch|p1a: Slowking|Slowking-Galar, M|53/100
|turn|18
|inactive|hrt boymoder has 120 seconds left.
|
|t:|1760299707
|-end|p2a: Map of the Stars|Quark Drive|[silent]
|switch|p2a: Black Oak|Kingambit, F|100/100
|-activate|p2a: Black Oak|ability: Supreme Overlord
|-start|p2a: Black Oak|fallen1|[silent]
|move|p1a: Slowking|Future Sight|p2a: Black Oak
|-start|p1a: Slowking|move: Future Sight
|
|upkeep
|turn|19
|
|t:|1760299713
|switch|p1a: Hydrapple|Hydrapple, F|100/100
|move|p2a: Black Oak|Kowtow Cleave|p1a: Hydrapple
|-damage|p1a: Hydrapple|65/100
|-damage|p2a: Black Oak|84/100|[from] item: Rocky Helmet|[of] p1a: Hydrapple
|
|-heal|p2a: Black Oak|90/100|[from] item: Leftovers
|upkeep
|turn|20
|
|t:|1760299717
|move|p2a: Black Oak|Swords Dance|p2a: Black Oak
|-boost|p2a: Black Oak|atk|2
|move|p1a: Hydrapple|Earth Power|p2a: Black Oak
|-supereffective|p2a: Black Oak
|-damage|p2a: Black Oak|38/100
|-unboost|p2a: Black Oak|spd|1
|
|-end|p2a: Black Oak|move: Future Sight
|-immune|p2a: Black Oak
|-heal|p2a: Black Oak|44/100|[from] item: Leftovers
|upkeep
|turn|21
|
|t:|1760299724
|move|p2a: Black Oak|Kowtow Cleave|p1a: Hydrapple
|-damage|p1a: Hydrapple|1/100
|-damage|p2a: Black Oak|27/100|[from] item: Rocky Helmet|[of] p1a: Hydrapple
|move|p1a: Hydrapple|Earth Power|p2a: Black Oak
|-supereffective|p2a: Black Oak
|-damage|p2a: Black Oak|0 fnt
|faint|p2a: Black Oak
|-end|p2a: Black Oak|fallen1|[silent]
|
|upkeep
|
|t:|1760299729
|switch|p2a: Acolyte|Kyurem|67/100
|-ability|p2a: Acolyte|Pressure
|turn|22
|
|t:|1760299740
|move|p2a: Acolyte|Freeze-Dry|p1a: Hydrapple
|-supereffective|p1a: Hydrapple
|-damage|p1a: Hydrapple|0 fnt
|faint|p1a: Hydrapple
|
|-heal|p2a: Acolyte|73/100|[from] item: Leftovers
|upkeep
|
|t:|1760299744
|switch|p1a: Kingambit|Kingambit, F|75/100
|-activate|p1a: Kingambit|ability: Supreme Overlord
|-start|p1a: Kingambit|fallen3|[silent]
|turn|23
|
|t:|1760299749
|move|p2a: Acolyte|Earth Power|p1a: Kingambit
|-supereffective|p1a: Kingambit
|-damage|p1a: Kingambit|12/100
|move|p1a: Kingambit|Iron Head|p2a: Acolyte
|-supereffective|p2a: Acolyte
|-damage|p2a: Acolyte|0 fnt
|faint|p2a: Acolyte
|
|-heal|p1a: Kingambit|18/100|[from] item: Leftovers
|upkeep
|
|t:|1760299779
|switch|p2a: Phoenix|Cinderace, F|100/100
|turn|24
|
|t:|1760299786
|move|p1a: Kingambit|Sucker Punch|p2a: Phoenix
|-damage|p2a: Phoenix|37/100
|move|p2a: Phoenix|Pyro Ball|p1a: Kingambit
|-supereffective|p1a: Kingambit
|-damage|p1a: Kingambit|0 fnt
|faint|p1a: Kingambit
|-end|p1a: Kingambit|fallen3|[silent]
|
|upkeep
|
|t:|1760299794
|switch|p1a: Tornadus|Tornadus-Therian, M|37/100
|turn|25
|
|t:|1760299807
|switch|p2a: Strange Weather|Slowking-Galar, M|100/100
|-terastallize|p1a: Tornadus|Ground
|move|p1a: Tornadus|Tera Blast|p2a: Strange Weather|[anim] Tera Blast Ground
|-supereffective|p2a: Strange Weather
|-damage|p2a: Strange Weather|59/100
|
|upkeep
|turn|26
|
|t:|1760299816
|switch|p1a: Slowking|Slowking-Galar, M|86/100
|move|p2a: Strange Weather|Psychic Noise|p1a: Slowking
|-damage|p1a: Slowking|66/100
|-start|p1a: Slowking|move: Heal Block
|
|upkeep
|turn|27
|
|t:|1760299821
|move|p1a: Slowking|Future Sight|p2a: Strange Weather
|-start|p1a: Slowking|move: Future Sight
|-prepare|p2a: Strange Weather|Chilly Reception|[premajor]
|move|p2a: Strange Weather|Chilly Reception|p2a: Strange Weather
|-weather|Snowscape
|
|t:|1760299822
|switch|p2a: Phoenix|Cinderace, F|37/100|[from] Chilly Reception
|
|-weather|Snowscape|[upkeep]
|-end|p1a: Slowking|move: Heal Block
|upkeep
|turn|28
|
|t:|1760299825
|move|p2a: Phoenix|Pyro Ball|p1a: Slowking
|-damage|p1a: Slowking|29/100
|-prepare|p1a: Slowking|Chilly Reception|[premajor]
|move|p1a: Slowking|Chilly Reception|p1a: Slowking
|
|t:|1760299830
|switch|p1a: Tornadus|Tornadus-Therian, M, tera:Ground|70/100|[from] Chilly Reception
|
|-weather|Snowscape|[upkeep]
|upkeep
|turn|29
|
|t:|1760299836
|switch|p1a: Slowking|Slowking-Galar, M|62/100
|move|p2a: Phoenix|Pyro Ball|p1a: Slowking
|-damage|p1a: Slowking|21/100
|
|-weather|Snowscape|[upkeep]
|-end|p2a: Phoenix|move: Future Sight
|-damage|p2a: Phoenix|0 fnt
|faint|p2a: Phoenix
|upkeep
|
|t:|1760299838
|switch|p2a: Map of the Stars|Iron Valiant, tera:Ghost|56/100
|turn|30
|
|t:|1760299850
|move|p2a: Map of the Stars|Knock Off|p1a: Slowking
|-supereffective|p1a: Slowking
|-enditem|p1a: Slowking|Colbur Berry|[eat]
|-enditem|p1a: Slowking|Colbur Berry|[weaken]
|-damage|p1a: Slowking|0 fnt
|faint|p1a: Slowking
|
|-weather|Snowscape|[upkeep]
|upkeep
|
|t:|1760299854
|switch|p1a: Tornadus|Tornadus-Therian, M, tera:Ground|100/100
|turn|31
|
|t:|1760299859
|move|p1a: Tornadus|Dark Pulse|p2a: Map of the Stars
|-supereffective|p2a: Map of the Stars
|-damage|p2a: Map of the Stars|0 fnt
|faint|p2a: Map of the Stars
|-end|p2a: Map of the Stars|Quark Drive|[silent]
|
|-weather|none
|upkeep
|
|t:|1760299861
|switch|p2a: Strange Weather|Slowking-Galar, M|93/100
|turn|32
|
|t:|1760299864
|move|p1a: Tornadus|Dark Pulse|p2a: Strange Weather
|-supereffective|p2a: Strange Weather
|-damage|p2a: Strange Weather|61/100
|move|p2a: Strange Weather|Psychic Noise|p1a: Tornadus
|-damage|p1a: Tornadus|62/100
|-start|p1a: Tornadus|move: Heal Block
|
|upkeep
|turn|33
|
|t:|1760299870
|move|p1a: Tornadus|Dark Pulse|p2a: Strange Weather
|-supereffective|p2a: Strange Weather
|-damage|p2a: Strange Weather|31/100
|move|p2a: Strange Weather|Psychic Noise|p1a: Tornadus
|-damage|p1a: Tornadus|25/100
|
|-end|p1a: Tornadus|move: Heal Block
|upkeep
|turn|34
|
|t:|1760299874
|move|p1a: Tornadus|Dark Pulse|p2a: Strange Weather
|-supereffective|p2a: Strange Weather
|-damage|p2a: Strange Weather|0 fnt
|faint|p2a: Strange Weather
|
|win|N00676918
|raw|N00676918's rating: 1674 &rarr; <strong>1692</strong><br />(+18 for winning)
|raw|hrt boymoder's rating: 1634 &rarr; <strong>1616</strong><br />(-18 for losing)
|l|☆hrt boymoder
|player|p2|
|l|☆N00676918
|player|p1|
