|j|☆darkthrillz
|j|☆ichoseyoupoppo
|t:|1760441691
|gametype|singles
|player|p1|darkthrillz|shadowtriad|1250
|player|p2|ichoseyoupoppo|101|1177
|gen|9
|tier|[Gen 9] OU
|rated|
|rule|HP Percentage Mod: HP is shown in percentages
|rule|Endless Battle Clause: Forcing endless battles is banned
|rule|Species Clause: Limit one of each Pokémon
|rule|OHKO Clause: OHKO moves are banned
|rule|Evasion Items Clause: Evasion items are banned
|rule|Evasion Moves Clause: Evasion moves are banned
|rule|Evasion Abilities Clause: Evasion abilities are banned
|rule|Sleep Moves Clause: Sleep-inducing moves are banned
|clearpoke
|poke|p1|Milotic, M|
|poke|p1|Ceruledge, M|
|poke|p1|Tauros-Paldea-Blaze, M|
|poke|p1|Tornadus-Therian, M|
|poke|p1|Toxtricity-Low-Key, F|
|poke|p1|Espeon, F|
|poke|p2|Hippowdon, F|
|poke|p2|Latios, M|
|poke|p2|Excadrill, M|
|poke|p2|Primarina, F|
|poke|p2|Skarmory, F|
|poke|p2|Weavile, M|
|teampreview
|
|t:|1760441707
|teamsize|p1|6
|teamsize|p2|6
|start
|switch|p1a: Tauros|Tauros-Paldea-Blaze, M|100/100
|switch|p2a: Primarina|Primarina, F|100/100
|-ability|p1a: Tauros|Intimidate|boost
|-unboost|p2a: Primarina|atk|1
|turn|1
|
|t:|1760441718
|switch|p1a: Lotic|Milotic, M, shiny|100/100
|move|p2a: Primarina|Surf|p1a: Lotic
|-resisted|p1a: Lotic
|-damage|p1a: Lotic|88/100
|
|-heal|p1a: Lotic|94/100|[from] item: Leftovers
|upkeep
|turn|2
|
|t:|1760441722
|move|p1a: Lotic|Scald|p2a: Primarina
|-resisted|p2a: Primarina
|-damage|p2a: Primarina|92/100
|move|p2a: Primarina|Flip Turn|p1a: Lotic
|-resisted|p1a: Lotic
|-damage|p1a: Lotic|89/100
|
|t:|1760441732
|switch|p2a: Latios|Latios, M|100/100|[from] Flip Turn
|
|-heal|p1a: Lotic|95/100|[from] item: Leftovers
|upkeep
|turn|3
|
|t:|1760441734
|-terastallize|p1a: Lotic|Fairy
|move|p2a: Latios|Thunderbolt|p1a: Lotic
|-damage|p1a: Lotic|71/100
|move|p1a: Lotic|Draining Kiss|p2a: Latios
|-supereffective|p2a: Latios
|-damage|p2a: Latios|55/100
|-heal|p1a: Lotic|97/100|[from] drain|[of] p2a: Latios
|
|-heal|p1a: Lotic|100/100|[from] item: Leftovers
|upkeep
|turn|4
|
|t:|1760441783
|switch|p2a: Excadrill|Excadrill, M|100/100
|-item|p2a: Excadrill|Air Balloon
|move|p1a: Lotic|Draining Kiss|p2a: Excadrill
|-resisted|p2a: Excadrill
|-damage|p2a: Excadrill|87/100
|-enditem|p2a: Excadrill|Air Balloon
|
|upkeep
|turn|5
|
|t:|1760441792
|switch|p1a: Tauros|Tauros-Paldea-Blaze, M|100/100
|-ability|p1a: Tauros|Intimidate|boost
|-unboost|p2a: Excadrill|atk|1
|move|p2a: Excadrill|Iron Head|p1a: Tauros
|-resisted|p1a: Tauros
|-damage|p1a: Tauros|91/100
|
|upkeep
|turn|6
|
|t:|1760441800
|switch|p2a: Hippowdon|Hippowdon, F|100/100
|-weather|Sandstorm|[from] ability: Sand Stream|[of] p2a: Hippowdon
|move|p1a: Tauros|Will-O-Wisp|p2a: Hippowdon
|-status|p2a: Hippowdon|brn
|
|-weather|Sandstorm|[upkeep]
|-damage|p1a: Tauros|85/100|[from] Sandstorm
|-damage|p2a: Hippowdon|94/100 brn|[from] brn
|upkeep
|turn|7
|
|t:|1760441807
|switch|p1a: Ion|Espeon, F|100/100
|move|p2a: Hippowdon|Stealth Rock|p1a: Ion
|move|p1a: Ion|Stealth Rock|p2a: Hippowdon|[from] ability: Magic Bounce
|-sidestart|p2: ichoseyoupoppo|move: Stealth Rock
|
|-weather|Sandstorm|[upkeep]
|-damage|p1a: Ion|95/100|[from] Sandstorm
|-heal|p2a: Hippowdon|100/100 brn|[from] item: Leftovers
|-damage|p2a: Hippowdon|94/100 brn|[from] brn
|upkeep
|turn|8
|-message|ichoseyoupoppo forfeited.
|
|win|darkthrillz
|raw|darkthrillz's rating: 1250 &rarr; <strong>1271</strong><br />(+21 for winning)
|raw|ichoseyoupoppo's rating: 1198 &rarr; <strong>1177</strong><br />(-21 for losing)
|l|☆ichoseyoupoppo
|player|p2|
|l|☆darkthrillz
|player|p1|
