|j|☆Rj yoip
|j|☆Kaleor
|t:|1760445023
|gametype|singles
|player|p1|Rj yoip|caitlin-masters|1710
|player|p2|Kaleor|swimmer-gen4dp|1687
|gen|9
|tier|[Gen 9] OU
|rated|
|rule|HP Percentage Mod: HP is shown in percentages
|rule|Endless Battle Clause: Forcing endless battles is banned
|rule|Species Clause: Limit one of each Pokémon
|rule|OHKO Clause: OHKO moves are banned
|rule|Evasion Items Clause: Evasion items are banned
|rule|Evasion Moves Clause: Evasion moves are banned
|rule|Evasion Abilities Clause: Evasion abilities are banned
|rule|Sleep Moves Clause: Sleep-inducing moves are banned
|clearpoke
|poke|p1|Iron Treads|
|poke|p1|Landorus-Therian, M|
|poke|p1|Iron Valiant|
|poke|p1|Kingambit, F|
|poke|p1|Zamazenta-*|
|poke|p1|Primarina, M|
|poke|p2|Garchomp, F|
|poke|p2|Zapdos|
|poke|p2|Darkrai|
|poke|p2|Ceruledge, F|
|poke|p2|Enamorus, F|
|poke|p2|Great Tusk|
|teampreview
|inactive|Battle timer is ON: inactive players will automatically lose when time's up. (requested by Kaleor)
|inactive|Kaleor has 120 seconds left.
|
|t:|1760445079
|teamsize|p1|6
|teamsize|p2|6
|start
|switch|p1a: Landorus|Landorus-Therian, M|100/100
|switch|p2a: Darkrai|Darkrai|100/100
|-ability|p1a: Landorus|Intimidate|boost
|-unboost|p2a: Darkrai|atk|1
|turn|1
|
|t:|1760445084
|move|p2a: Darkrai|Ice Beam|p1a: Landorus
|-supereffective|p1a: Landorus
|-damage|p1a: Landorus|0 fnt
|faint|p1a: Landorus
|
|upkeep
|
|t:|1760445085
|switch|p1a: Primarina|Primarina, M|100/100
|turn|2
|
|t:|1760445087
|switch|p2a: Zapdos|Zapdos|100/100
|move|p1a: Primarina|Moonblast|p2a: Zapdos
|-damage|p2a: Zapdos|36/100
|
|upkeep
|turn|3
|
|t:|1760445091
|move|p2a: Zapdos|Volt Switch|p1a: Primarina
|-supereffective|p1a: Primarina
|-damage|p1a: Primarina|56/100
|
|t:|1760445094
|switch|p2a: Enamorus|Enamorus, F|100/100|[from] Volt Switch
|move|p1a: Primarina|Moonblast|p2a: Enamorus
|-damage|p2a: Enamorus|29/100
|
|upkeep
|turn|4
|
|t:|1760445098
|move|p2a: Enamorus|Moonblast|p1a: Primarina
|-damage|p1a: Primarina|6/100
|-unboost|p1a: Primarina|spa|1
|move|p1a: Primarina|Moonblast|p2a: Enamorus
|-crit|p2a: Enamorus
|-damage|p2a: Enamorus|0 fnt
|faint|p2a: Enamorus
|
|upkeep
|
|t:|1760445106
|switch|p2a: Garchomp|Garchomp, F|100/100
|turn|5
|
|t:|1760445108
|move|p2a: Garchomp|Earthquake|p1a: Primarina
|-damage|p1a: Primarina|0 fnt
|faint|p1a: Primarina
|
|upkeep
|
|t:|1760445110
|switch|p1a: Iron Valiant|Iron Valiant|100/100
|turn|6
|
|t:|1760445116
|switch|p2a: Zapdos|Zapdos|36/100
|move|p1a: Iron Valiant|Moonblast|p2a: Zapdos
|-damage|p2a: Zapdos|0 fnt
|faint|p2a: Zapdos
|
|upkeep
|
|t:|1760445119
|switch|p2a: Darkrai|Darkrai|100/100
|turn|7
|
|t:|1760445122
|-end|p1a: Iron Valiant|Quark Drive|[silent]
|switch|p1a: Iron Treads|Iron Treads|100/100
|-enditem|p1a: Iron Treads|Booster Energy
|-activate|p1a: Iron Treads|ability: Quark Drive|[fromitem]
|-start|p1a: Iron Treads|quarkdrivespe
|move|p2a: Darkrai|Trick|p1a: Iron Treads
|-activate|p2a: Darkrai|move: Trick|[of] p1a: Iron Treads
|-item|p1a: Iron Treads|Choice Scarf|[from] move: Trick
|-enditem|p2a: Darkrai|Choice Scarf|[silent]|[from] move: Trick
|
|upkeep
|turn|8
|
|t:|1760445129
|switch|p2a: Great Tusk|Great Tusk|100/100
|move|p1a: Iron Treads|Earthquake|p2a: Great Tusk
|-damage|p2a: Great Tusk|71/100
|
|-heal|p2a: Great Tusk|77/100|[from] item: Leftovers
|upkeep
|turn|9
|
|t:|1760445132
|-end|p1a: Iron Treads|Quark Drive|[silent]
|switch|p1a: Iron Valiant|Iron Valiant|100/100
|move|p2a: Great Tusk|Rapid Spin|p1a: Iron Valiant
|-damage|p1a: Iron Valiant|80/100
|-boost|p2a: Great Tusk|spe|1
|
|-heal|p2a: Great Tusk|83/100|[from] item: Leftovers
|upkeep
|turn|10
|
|t:|1760445136
|move|p2a: Great Tusk|Headlong Rush|p1a: Iron Valiant
|-damage|p1a: Iron Valiant|7/100
|-unboost|p2a: Great Tusk|def|1
|-unboost|p2a: Great Tusk|spd|1
|move|p1a: Iron Valiant|Moonblast|p2a: Great Tusk
|-supereffective|p2a: Great Tusk
|-crit|p2a: Great Tusk
|-damage|p2a: Great Tusk|0 fnt
|faint|p2a: Great Tusk
|-end|p2a: Great Tusk|Protosynthesis|[silent]
|
|upkeep
|
|t:|1760445146
|switch|p2a: Darkrai|Darkrai|100/100
|turn|11
|
|t:|1760445150
|-end|p1a: Iron Valiant|Quark Drive|[silent]
|switch|p1a: Iron Treads|Iron Treads|100/100
|move|p2a: Darkrai|Dark Pulse|p1a: Iron Treads
|-damage|p1a: Iron Treads|42/100
|
|upkeep
|turn|12
|
|t:|1760445156
|switch|p2a: Ceruledge|Ceruledge, F|100/100
|move|p1a: Iron Treads|Earthquake|p2a: Ceruledge
|-supereffective|p2a: Ceruledge
|-enditem|p2a: Ceruledge|Focus Sash
|-damage|p2a: Ceruledge|1/100
|-ability|p2a: Ceruledge|Weak Armor|boost
|-unboost|p2a: Ceruledge|def|1
|-boost|p2a: Ceruledge|spe|2
|
|upkeep
|turn|13
|
|t:|1760445159
|move|p2a: Ceruledge|Bitter Blade|p1a: Iron Treads
|-supereffective|p1a: Iron Treads
|-damage|p1a: Iron Treads|0 fnt
|-heal|p2a: Ceruledge|24/100|[from] drain|[of] p1a: Iron Treads
|faint|p1a: Iron Treads
|-end|p1a: Iron Treads|Quark Drive|[silent]
|
|upkeep
|
|t:|1760445161
|switch|p1a: Zamazenta|Zamazenta|100/100
|-ability|p1a: Zamazenta|Dauntless Shield|boost
|-boost|p1a: Zamazenta|def|1
|turn|14
|j| bloodhound q50
|
|t:|1760445173
|move|p2a: Ceruledge|Poltergeist|p1a: Zamazenta
|-activate|p1a: Zamazenta|move: Poltergeist|Leftovers
|-damage|p1a: Zamazenta|72/100
|move|p1a: Zamazenta|Crunch|p2a: Ceruledge
|-supereffective|p2a: Ceruledge
|-damage|p2a: Ceruledge|0 fnt
|faint|p2a: Ceruledge
|
|-heal|p1a: Zamazenta|79/100|[from] item: Leftovers
|upkeep
|
|t:|1760445174
|switch|p2a: Garchomp|Garchomp, F|100/100
|turn|15
|
|t:|1760445176
|move|p2a: Garchomp|Stealth Rock|p1a: Zamazenta
|-sidestart|p1: Rj yoip|move: Stealth Rock
|move|p1a: Zamazenta|Roar|p2a: Garchomp
|drag|p2a: Darkrai|Darkrai|100/100
|
|-heal|p1a: Zamazenta|85/100|[from] item: Leftovers
|upkeep
|turn|16
|
|t:|1760445181
|-terastallize|p2a: Darkrai|Poison
|move|p1a: Zamazenta|Iron Defense|p1a: Zamazenta
|-boost|p1a: Zamazenta|def|2
|move|p2a: Darkrai|Sludge Bomb|p1a: Zamazenta
|-damage|p1a: Zamazenta|48/100
|
|-heal|p1a: Zamazenta|54/100|[from] item: Leftovers
|upkeep
|turn|17
|
|t:|1760445192
|move|p1a: Zamazenta|Body Press|p2a: Darkrai
|-resisted|p2a: Darkrai
|-damage|p2a: Darkrai|42/100
|move|p2a: Darkrai|Sludge Bomb|p1a: Zamazenta
|-damage|p1a: Zamazenta|14/100
|
|-heal|p1a: Zamazenta|20/100|[from] item: Leftovers
|upkeep
|turn|18
|
|t:|1760445200
|switch|p2a: Garchomp|Garchomp, F|100/100
|move|p1a: Zamazenta|Body Press|p2a: Garchomp
|-damage|p2a: Garchomp|48/100
|-damage|p1a: Zamazenta|8/100|[from] ability: Rough Skin|[of] p2a: Garchomp
|-damage|p1a: Zamazenta|0 fnt|[from] item: Rocky Helmet|[of] p2a: Garchomp
|faint|p1a: Zamazenta
|
|upkeep
|
|t:|1760445203
|switch|p1a: Iron Valiant|Iron Valiant|7/100
|-damage|p1a: Iron Valiant|1/100|[from] Stealth Rock
|turn|19
|
|t:|1760445208
|move|p1a: Iron Valiant|Moonblast|p2a: Garchomp
|-supereffective|p2a: Garchomp
|-damage|p2a: Garchomp|0 fnt
|faint|p2a: Garchomp
|
|upkeep
|
|t:|1760445209
|switch|p2a: Darkrai|Darkrai, tera:Poison|42/100
|turn|20
|
|t:|1760445213
|move|p2a: Darkrai|Ice Beam|p1a: Iron Valiant
|-damage|p1a: Iron Valiant|0 fnt
|faint|p1a: Iron Valiant
|-end|p1a: Iron Valiant|Quark Drive|[silent]
|
|upkeep
|
|t:|1760445214
|switch|p1a: Kingambit|Kingambit, F|100/100
|-damage|p1a: Kingambit|94/100|[from] Stealth Rock
|-activate|p1a: Kingambit|ability: Supreme Overlord
|-start|p1a: Kingambit|fallen5|[silent]
|turn|21
|
|t:|1760445218
|move|p2a: Darkrai|Trick|p1a: Kingambit
|-activate|p2a: Darkrai|move: Trick|[of] p1a: Kingambit
|-enditem|p1a: Kingambit|Leftovers|[silent]|[from] move: Trick
|-item|p2a: Darkrai|Leftovers|[from] move: Trick
|move|p1a: Kingambit|Kowtow Cleave|p2a: Darkrai
|-crit|p2a: Darkrai
|-damage|p2a: Darkrai|0 fnt
|faint|p2a: Darkrai
|
|win|Rj yoip
|raw|Rj yoip's rating: 1710 &rarr; <strong>1729</strong><br />(+19 for winning)
|raw|Kaleor's rating: 1687 &rarr; <strong>1668</strong><br />(-19 for losing)
|l|☆Kaleor
|player|p2|
|l|☆Rj yoip
|player|p1|
|l| bloodhound q50
