|j|☆cl_naruke
|j|☆lizzolicious
|t:|1760350504
|gametype|singles
|player|p1|cl_naruke|marshal|1332
|player|p2|lizzolicious|marshal|1344
|gen|9
|tier|[Gen 9] OU
|rated|
|rule|HP Percentage Mod: HP is shown in percentages
|rule|Endless Battle Clause: Forcing endless battles is banned
|rule|Species Clause: Limit one of each Pokémon
|rule|OHKO Clause: OHKO moves are banned
|rule|Evasion Items Clause: Evasion items are banned
|rule|Evasion Moves Clause: Evasion moves are banned
|rule|Evasion Abilities Clause: Evasion abilities are banned
|rule|Sleep Moves Clause: Sleep-inducing moves are banned
|clearpoke
|poke|p1|Gholdengo|
|poke|p1|Torkoal, M|
|poke|p1|Walking Wake|
|poke|p1|Galvantula, M|
|poke|p1|Ceruledge, M|
|poke|p1|Great Tusk|
|poke|p2|Iron Treads|
|poke|p2|Ninetales-Alola, F|
|poke|p2|Dragonite, F|
|poke|p2|Latias, F|
|poke|p2|Kingambit, M|
|poke|p2|Primarina, F|
|teampreview
|inactive|Battle timer is ON: inactive players will automatically lose when time's up. (requested by cl_naruke)
|
|t:|1760350512
|teamsize|p1|6
|teamsize|p2|6
|start
|switch|p1a: Galvantula|Galvantula, M|100/100
|switch|p2a: Iron Treads|Iron Treads|100/100
|-enditem|p2a: Iron Treads|Booster Energy
|-activate|p2a: Iron Treads|ability: Quark Drive|[fromitem]
|-start|p2a: Iron Treads|quarkdrivespe
|turn|1
|
|t:|1760350518
|switch|p1a: Ceruledge|Ceruledge, M|100/100
|move|p2a: Iron Treads|Stealth Rock|p1a: Ceruledge
|-sidestart|p1: cl_naruke|move: Stealth Rock
|
|upkeep
|turn|2
|
|t:|1760350525
|-end|p2a: Iron Treads|Quark Drive|[silent]
|switch|p2a: Ninetales|Ninetales-Alola, F|100/100
|-weather|Snowscape|[from] ability: Snow Warning|[of] p2a: Ninetales
|move|p1a: Ceruledge|Swords Dance|p1a: Ceruledge
|-boost|p1a: Ceruledge|atk|2
|
|-weather|Snowscape|[upkeep]
|upkeep
|turn|3
|
|t:|1760350533
|move|p2a: Ninetales|Encore|p1a: Ceruledge
|-start|p1a: Ceruledge|Encore
|move|p1a: Ceruledge|Swords Dance|p1a: Ceruledge
|-boost|p1a: Ceruledge|atk|2
|
|-weather|Snowscape|[upkeep]
|upkeep
|turn|4
|
|t:|1760350537
|move|p2a: Ninetales|Aurora Veil|p2a: Ninetales
|-sidestart|p2: lizzolicious|move: Aurora Veil
|move|p1a: Ceruledge|Swords Dance|p1a: Ceruledge
|-boost|p1a: Ceruledge|atk|2
|
|-weather|Snowscape|[upkeep]
|upkeep
|turn|5
|
|t:|1760350543
|move|p1a: Ceruledge|Swords Dance|p1a: Ceruledge
|-boost|p1a: Ceruledge|atk|0
|move|p2a: Ninetales|Roar|p1a: Ceruledge
|drag|p1a: Torkoal|Torkoal, M|100/100
|-damage|p1a: Torkoal|76/100|[from] Stealth Rock
|-weather|SunnyDay|[from] ability: Drought|[of] p1a: Torkoal
|
|-weather|SunnyDay|[upkeep]
|upkeep
|turn|6
|
|t:|1760350565
|switch|p2a: Latias|Latias, F|100/100
|move|p1a: Torkoal|Overheat|p2a: Latias
|-resisted|p2a: Latias
|-damage|p2a: Latias|89/100
|-unboost|p1a: Torkoal|spa|2
|
|-weather|SunnyDay|[upkeep]
|upkeep
|turn|7
|
|t:|1760350576
|switch|p1a: Galvantula|Galvantula, M|100/100
|-damage|p1a: Galvantula|76/100|[from] Stealth Rock
|move|p2a: Latias|Agility|p2a: Latias
|-boost|p2a: Latias|spe|2
|
|-weather|SunnyDay|[upkeep]
|upkeep
|turn|8
|inactive|lizzolicious has 120 seconds left.
|
|t:|1760350607
|move|p2a: Latias|Calm Mind|p2a: Latias
|-boost|p2a: Latias|spa|1
|-boost|p2a: Latias|spd|1
|move|p1a: Galvantula|Bug Buzz|p2a: Latias
|-supereffective|p2a: Latias
|-damage|p2a: Latias|69/100
|-enditem|p2a: Latias|Weakness Policy
|-boost|p2a: Latias|atk|2|[from] item: Weakness Policy
|-boost|p2a: Latias|spa|2|[from] item: Weakness Policy
|
|-weather|SunnyDay|[upkeep]
|upkeep
|turn|9
|-message|cl_naruke forfeited.
|
|win|lizzolicious
|raw|cl_naruke's rating: 1332 &rarr; <strong>1313</strong><br />(-19 for losing)
|raw|lizzolicious's rating: 1344 &rarr; <strong>1363</strong><br />(+19 for winning)
|l|☆cl_naruke
|player|p1|
|l|☆lizzolicious
|player|p2|
