|badge|p2|bronze|gen9ou|100-7
|uhtml|medal-msg|<div class="broadcast-blue">Curious what those medals under the avatar are? PS now has Ladder Seasons! For more information, check out the <a href="https://www.smogon.com/forums/threads/3740067/">thread on Smogon.</a></div>
|j|☆bald wooper
|j|☆SpaceMedaFighterX
|t:|1760431191
|gametype|singles
|player|p1|bald wooper|265|1776
|player|p2|SpaceMedaFighterX|tabitha-gen3|1876
|gen|9
|tier|[Gen 9] OU
|rated|
|rule|HP Percentage Mod: HP is shown in percentages
|rule|Endless Battle Clause: Forcing endless battles is banned
|rule|Species Clause: Limit one of each Pokémon
|rule|OHKO Clause: OHKO moves are banned
|rule|Evasion Items Clause: Evasion items are banned
|rule|Evasion Moves Clause: Evasion moves are banned
|rule|Evasion Abilities Clause: Evasion abilities are banned
|rule|Sleep Moves Clause: Sleep-inducing moves are banned
|clearpoke
|poke|p1|Landorus-Therian, M|
|poke|p1|Kingambit, F|
|poke|p1|Slowking-Galar, F|
|poke|p1|Iron Treads|
|poke|p1|Volcanion|
|poke|p1|Darkrai|
|poke|p2|Iron Moth|
|poke|p2|Dudunsparce-*, F|
|poke|p2|Lokix, M|
|poke|p2|Thundurus-Therian, M|
|poke|p2|Alomomola, M|
|poke|p2|Great Tusk|
|teampreview
|inactive|Battle timer is ON: inactive players will automatically lose when time's up. (requested by bald wooper)
|j| Iceman8911
|j| BandedAI
|j| Disscratch
|inactive|SpaceMedaFighterX has 120 seconds left.
|c| BandedAI|dunsparce solos
|c| BandedAI|no diff
|c|☆SpaceMedaFighterX|dunsparce agrees
|inactive|SpaceMedaFighterX has 90 seconds left.
|
|t:|1760431271
|teamsize|p1|6
|teamsize|p2|6
|start
|switch|p1a: Landorus|Landorus-Therian, M|100/100
|switch|p2a: Dudunsparce|Dudunsparce, F, shiny|100/100
|-ability|p1a: Landorus|Intimidate|boost
|-unboost|p2a: Dudunsparce|atk|1
|-ability|p2a: Dudunsparce|Rattled|boost
|-boost|p2a: Dudunsparce|spe|1
|turn|1
|
|t:|1760431279
|move|p2a: Dudunsparce|Boomburst|p1a: Landorus
|-damage|p1a: Landorus|37/100
|move|p1a: Landorus|U-turn|p2a: Dudunsparce
|-damage|p2a: Dudunsparce|81/100
|-ability|p2a: Dudunsparce|Rattled|boost
|-boost|p2a: Dudunsparce|spe|1
|c| BandedAI|my fault dudunsparc
|
|t:|1760431285
|switch|p1a: Darkrai|Darkrai|100/100|[from] U-turn
|
|upkeep
|turn|2
|
|t:|1760431287
|move|p2a: Dudunsparce|Glare|p1a: Darkrai
|-status|p1a: Darkrai|par
|cant|p1a: Darkrai|par
|
|upkeep
|turn|3
|
|t:|1760431292
|move|p2a: Dudunsparce|Boomburst|p1a: Darkrai
|-damage|p1a: Darkrai|39/100 par
|-enditem|p1a: Darkrai|Red Card|[of] p2a: Dudunsparce
|drag|p2a: Thundurus|Thundurus-Therian, M|100/100
|cant|p1a: Darkrai|par
|
|upkeep
|turn|4
|
|t:|1760431299
|move|p2a: Thundurus|Volt Switch|p1a: Darkrai
|-damage|p1a: Darkrai|0 fnt
|faint|p1a: Darkrai
|j| Nameless Moron
|c|☆SpaceMedaFighterX|10/10 performance
|inactive|SpaceMedaFighterX has 120 seconds left.
|j| rerissohot
|c|☆bald wooper|para
|c|☆bald wooper|yellow magic
|inactive|SpaceMedaFighterX has 90 seconds left.
|
|t:|1760431359
|switch|p2a: Dudunsparce|Dudunsparce, F, shiny|81/100|[from] Volt Switch
|
|upkeep
|
|t:|1760431368
|switch|p1a: Slowking|Slowking-Galar, F|100/100
|turn|5
|
|t:|1760431372
|move|p2a: Dudunsparce|Stealth Rock|p1a: Slowking
|-sidestart|p1: bald wooper|move: Stealth Rock
|move|p1a: Slowking|Sludge Bomb|p2a: Dudunsparce
|-damage|p2a: Dudunsparce|44/100
|
|upkeep
|turn|6
|
|t:|1760431382
|switch|p2a: Alomomola|Alomomola, M|100/100
|move|p1a: Slowking|Sludge Bomb|p2a: Alomomola
|-damage|p2a: Alomomola|82/100
|-status|p2a: Alomomola|psn
|
|-damage|p2a: Alomomola|69/100 psn|[from] psn
|upkeep
|turn|7
|j| heatraniac
|c| BandedAI|dundunsparce putting in that overtime
|
|t:|1760431387
|move|p2a: Alomomola|Body Slam|p1a: Slowking
|-damage|p1a: Slowking|89/100
|-prepare|p1a: Slowking|Chilly Reception|[premajor]
|move|p1a: Slowking|Chilly Reception|p1a: Slowking
|-weather|Snowscape
|
|t:|1760431392
|switch|p1a: Iron Treads|Iron Treads|100/100|[from] Chilly Reception
|-damage|p1a: Iron Treads|97/100|[from] Stealth Rock
|
|-weather|Snowscape|[upkeep]
|-damage|p2a: Alomomola|57/100 psn|[from] psn
|upkeep
|turn|8
|inactive|SpaceMedaFighterX has 120 seconds left.
|
|t:|1760431413
|move|p1a: Iron Treads|Rapid Spin|p2a: Alomomola
|-damage|p2a: Alomomola|47/100 psn
|-boost|p1a: Iron Treads|spe|1
|-sideend|p1: bald wooper|Stealth Rock|[from] move: Rapid Spin|[of] p1a: Iron Treads
|move|p2a: Alomomola|Flip Turn|p1a: Iron Treads
|-supereffective|p1a: Iron Treads
|-damage|p1a: Iron Treads|67/100
|
|t:|1760431437
|switch|p2a: Lokix|Lokix, M|100/100|[from] Flip Turn
|
|-weather|Snowscape|[upkeep]
|upkeep
|turn|9
|j| km131517
|
|t:|1760431442
|move|p1a: Iron Treads|Volt Switch|p2a: Lokix
|-damage|p2a: Lokix|77/100
|
|t:|1760431445
|-end|p1a: Iron Treads|Quark Drive|[silent]
|switch|p1a: Landorus|Landorus-Therian, M|37/100|[from] Volt Switch
|-ability|p1a: Landorus|Intimidate|boost
|-unboost|p2a: Lokix|atk|1
|move|p2a: Lokix|U-turn|p1a: Landorus
|-resisted|p1a: Landorus
|-damage|p1a: Landorus|5/100
|-damage|p2a: Lokix|60/100|[from] item: Rocky Helmet|[of] p1a: Landorus
|
|t:|1760431456
|switch|p2a: Iron Moth|Iron Moth, shiny|100/100|[from] U-turn
|
|-weather|Snowscape|[upkeep]
|upkeep
|turn|10
|
|t:|1760431462
|switch|p1a: Slowking|Slowking-Galar, F|100/100
|move|p2a: Iron Moth|Fiery Dance|p1a: Slowking
|-damage|p1a: Slowking|65/100
|-boost|p2a: Iron Moth|spa|1
|
|-weather|Snowscape|[upkeep]
|upkeep
|turn|11
|j| henry151th
|inactive|SpaceMedaFighterX has 120 seconds left.
|
|t:|1760431472
|-terastallize|p2a: Iron Moth|Ground
|move|p2a: Iron Moth|Tera Blast|p1a: Slowking|[anim] Tera Blast Ground
|-supereffective|p1a: Slowking
|-damage|p1a: Slowking|0 fnt
|faint|p1a: Slowking
|
|-weather|none
|upkeep
|j| Puyu Paz
|
|t:|1760431479
|switch|p1a: Volcanion|Volcanion|100/100
|turn|12
|
|t:|1760431482
|-terastallize|p1a: Volcanion|Fairy
|move|p2a: Iron Moth|Sludge Wave|p1a: Volcanion
|-supereffective|p1a: Volcanion
|-damage|p1a: Volcanion|0 fnt
|faint|p1a: Volcanion
|
|upkeep
|c| BandedAI|LORD READ
|c| henry151th|Ur shiest.
|
|t:|1760431491
|switch|p1a: Iron Treads|Iron Treads|67/100
|turn|13
|
|t:|1760431494
|move|p2a: Iron Moth|Fiery Dance|p1a: Iron Treads
|-supereffective|p1a: Iron Treads
|-damage|p1a: Iron Treads|0 fnt
|-boost|p2a: Iron Moth|spa|1
|faint|p1a: Iron Treads
|-end|p1a: Iron Treads|Quark Drive|[silent]
|
|upkeep
|
|t:|1760431496
|switch|p1a: Landorus|Landorus-Therian, M|5/100
|-ability|p1a: Landorus|Intimidate|boost
|-unboost|p2a: Iron Moth|atk|1
|turn|14
|l| Disscratch
|
|t:|1760431498
|move|p2a: Iron Moth|Fiery Dance|p1a: Landorus
|-damage|p1a: Landorus|0 fnt
|faint|p1a: Landorus
|
|upkeep
|
|t:|1760431500
|switch|p1a: Kingambit|Kingambit, F|100/100
|-activate|p1a: Kingambit|ability: Supreme Overlord
|-start|p1a: Kingambit|fallen5|[silent]
|turn|15
|
|t:|1760431506
|-end|p2a: Iron Moth|Quark Drive|[silent]
|switch|p2a: Great Tusk|Great Tusk|100/100
|move|p1a: Kingambit|Sucker Punch||[still]
|-fail|p1a: Kingambit
|
|upkeep
|turn|16
|-message|bald wooper forfeited.
|
|win|SpaceMedaFighterX
|raw|bald wooper's rating: 1776 &rarr; <strong>1762</strong><br />(-14 for losing)
|raw|SpaceMedaFighterX's rating: 1876 &rarr; <strong>1890</strong><br />(+14 for winning)
|c|☆SpaceMedaFighterX|gG
|l|☆bald wooper
|player|p1|
|l| Puyu Paz
|c| rerissohot|tthat was brutal
|c| BandedAI|thats what we call the dundunsparce 6-0
|c|☆SpaceMedaFighterX|u called it
|c| BandedAI|that iron moth was actually disguised as dundunsparce
|c| BandedAI|it has illusion confirmed
|c|☆SpaceMedaFighterX|Matter of fact
|c|☆SpaceMedaFighterX|I should name all mons a variation of dudunsparce
|c| BandedAI|dundundunsparce
|c| BandedAI|dundundundunsparce
|l| heatraniac
|c|☆SpaceMedaFighterX|yh im on it
|c| BandedAI|dondonsparce
|l|☆SpaceMedaFighterX
|player|p2|
|l| BandedAI
|l| km131517
