|j|☆PriceP0tato
|j|☆ppppppz
|t:|1760334090
|gametype|singles
|player|p1|PriceP0tato|shauntal|1110
|player|p2|ppppppz|preschooler|1170
|gen|9
|tier|[Gen 9] OU
|rated|
|rule|HP Percentage Mod: HP is shown in percentages
|rule|Endless Battle Clause: Forcing endless battles is banned
|rule|Species Clause: Limit one of each Pokémon
|rule|OHKO Clause: OHKO moves are banned
|rule|Evasion Items Clause: Evasion items are banned
|rule|Evasion Moves Clause: Evasion moves are banned
|rule|Evasion Abilities Clause: Evasion abilities are banned
|rule|Sleep Moves Clause: Sleep-inducing moves are banned
|clearpoke
|poke|p1|Lycanroc-Dusk, M|
|poke|p1|Reuniclus, F|
|poke|p1|Corviknight, F|
|poke|p1|Tentacruel, F|
|poke|p1|Rotom-Heat|
|poke|p1|Flygon, F|
|poke|p2|Gliscor, M|
|poke|p2|Skarmory, F|
|poke|p2|Alomomola, M|
|poke|p2|Toxapex, M|
|poke|p2|Chansey, F|
|poke|p2|Great Tusk|
|teampreview
|
|t:|1760334116
|teamsize|p1|6
|teamsize|p2|6
|start
|switch|p1a: Rotom|Rotom-Heat|100/100
|switch|p2a: Toxapex|Toxapex, M|100/100
|turn|1
|
|t:|1760334136
|move|p1a: Rotom|Volt Switch|p2a: Toxapex
|-supereffective|p2a: Toxapex
|-damage|p2a: Toxapex|25/100
|
|t:|1760334144
|switch|p1a: Tentacruel|Tentacruel, F|100/100|[from] Volt Switch
|move|p2a: Toxapex|Toxic|p1a: Tentacruel
|-immune|p1a: Tentacruel
|
|upkeep
|turn|2
|
|t:|1760334155
|switch|p1a: Rotom|Rotom-Heat|100/100
|switch|p2a: Chansey|Chansey, F|100/100
|
|upkeep
|turn|3
|
|t:|1760334164
|move|p1a: Rotom|Volt Switch|p2a: Chansey
|-damage|p2a: Chansey|90/100
|
|t:|1760334168
|switch|p1a: Corviknight|Corviknight, F|100/100|[from] Volt Switch
|move|p2a: Chansey|Calm Mind|p2a: Chansey
|-boost|p2a: Chansey|spa|1
|-boost|p2a: Chansey|spd|1
|
|upkeep
|turn|4
|
|t:|1760334187
|switch|p2a: Skarmory|Skarmory, F|100/100
|move|p1a: Corviknight|Bulk Up|p1a: Corviknight
|-boost|p1a: Corviknight|atk|1
|-boost|p1a: Corviknight|def|1
|
|upkeep
|turn|5
|
|t:|1760334194
|switch|p1a: Rotom|Rotom-Heat|100/100
|move|p2a: Skarmory|Whirlwind|p1a: Rotom
|drag|p1a: Reuniclus|Reuniclus, F|100/100
|
|upkeep
|turn|6
|
|t:|1760334213
|switch|p1a: Rotom|Rotom-Heat|100/100
|move|p2a: Skarmory|Spikes|p1a: Rotom
|-sidestart|p1: PriceP0tato|Spikes
|
|upkeep
|turn|7
|
|t:|1760334220
|switch|p2a: Chansey|Chansey, F|90/100
|move|p1a: Rotom|Overheat|p2a: Chansey
|-damage|p2a: Chansey|70/100
|-unboost|p1a: Rotom|spa|2
|
|upkeep
|turn|8
|
|t:|1760334228
|switch|p1a: Corviknight|Corviknight, F|100/100
|move|p2a: Chansey|Seismic Toss|p1a: Corviknight
|-damage|p1a: Corviknight|71/100
|-damage|p2a: Chansey|53/100|[from] item: Rocky Helmet|[of] p1a: Corviknight
|
|upkeep
|turn|9
|
|t:|1760334238
|switch|p2a: Skarmory|Skarmory, F|100/100
|move|p1a: Corviknight|Body Press|p2a: Skarmory
|-damage|p2a: Skarmory|87/100
|-damage|p1a: Corviknight|54/100|[from] item: Rocky Helmet|[of] p2a: Skarmory
|
|upkeep
|turn|10
|
|t:|1760334246
|move|p2a: Skarmory|Spikes|p1a: Corviknight
|-sidestart|p1: PriceP0tato|Spikes
|move|p1a: Corviknight|Roost|p1a: Corviknight
|-heal|p1a: Corviknight|100/100
|-singleturn|p1a: Corviknight|move: Roost
|
|upkeep
|turn|11
|
|t:|1760334253
|switch|p1a: Rotom|Rotom-Heat|100/100
|move|p2a: Skarmory|Spikes|p1a: Rotom
|-sidestart|p1: PriceP0tato|Spikes
|
|upkeep
|turn|12
|
|t:|1760334260
|switch|p2a: Chansey|Chansey, F|53/100
|move|p1a: Rotom|Volt Switch|p2a: Chansey
|-damage|p2a: Chansey|42/100
|
|t:|1760334266
|switch|p1a: Corviknight|Corviknight, F|100/100|[from] Volt Switch
|
|upkeep
|turn|13
|
|t:|1760334287
|switch|p2a: Toxapex|Toxapex, M|58/100
|move|p1a: Corviknight|Body Press|p2a: Toxapex
|-resisted|p2a: Toxapex
|-damage|p2a: Toxapex|50/100
|-damage|p1a: Corviknight|84/100|[from] item: Rocky Helmet|[of] p2a: Toxapex
|
|upkeep
|turn|14
|
|t:|1760334301
|switch|p2a: Alomomola|Alomomola, M, shiny|100/100
|move|p1a: Corviknight|Bulk Up|p1a: Corviknight
|-boost|p1a: Corviknight|atk|1
|-boost|p1a: Corviknight|def|1
|
|upkeep
|turn|15
|
|t:|1760334318
|move|p1a: Corviknight|Bulk Up|p1a: Corviknight
|-boost|p1a: Corviknight|atk|1
|-boost|p1a: Corviknight|def|1
|move|p2a: Alomomola|Flip Turn|p1a: Corviknight
|-damage|p1a: Corviknight|77/100
|-damage|p2a: Alomomola|84/100|[from] item: Rocky Helmet|[of] p1a: Corviknight
|l|☆ppppppz
|player|p2|
|j|☆ppppppz
|player|p2|ppppppz|preschooler|
|inactive|Battle timer is ON: inactive players will automatically lose when time's up. (requested by PriceP0tato)
|
|t:|1760334342
|switch|p2a: Great Tusk|Great Tusk|100/100|[from] Flip Turn
|-enditem|p2a: Great Tusk|Booster Energy
|-activate|p2a: Great Tusk|ability: Protosynthesis|[fromitem]
|-start|p2a: Great Tusk|protosynthesisatk
|
|upkeep
|turn|16
|
|t:|1760334349
|move|p1a: Corviknight|Body Press|p2a: Great Tusk
|-damage|p2a: Great Tusk|65/100
|move|p2a: Great Tusk|Roar|p1a: Corviknight
|drag|p1a: Flygon|Flygon, F|100/100
|
|upkeep
|turn|17
|
|t:|1760334362
|move|p2a: Great Tusk|Ice Spinner|p1a: Flygon
|-supereffective|p1a: Flygon
|-enditem|p1a: Flygon|Focus Sash
|-damage|p1a: Flygon|1/100
|move|p1a: Flygon|Outrage|p2a: Great Tusk
|-damage|p2a: Great Tusk|23/100
|
|upkeep
|turn|18
|
|t:|1760334370
|move|p2a: Great Tusk|Rapid Spin|p1a: Flygon
|-damage|p1a: Flygon|0 fnt
|-boost|p2a: Great Tusk|spe|1
|faint|p1a: Flygon
|
|upkeep
|
|t:|1760334376
|switch|p1a: Corviknight|Corviknight, F|77/100
|turn|19
|
|t:|1760334382
|move|p1a: Corviknight|Iron Head|p2a: Great Tusk
|-damage|p2a: Great Tusk|0 fnt
|faint|p2a: Great Tusk
|-end|p2a: Great Tusk|Protosynthesis|[silent]
|
|upkeep
|
|t:|1760334404
|switch|p2a: Skarmory|Skarmory, F|87/100
|turn|20
|
|t:|1760334410
|move|p2a: Skarmory|Body Press|p1a: Corviknight
|-damage|p1a: Corviknight|53/100
|-damage|p2a: Skarmory|71/100|[from] item: Rocky Helmet|[of] p1a: Corviknight
|move|p1a: Corviknight|Roost|p1a: Corviknight
|-heal|p1a: Corviknight|100/100
|-singleturn|p1a: Corviknight|move: Roost
|
|upkeep
|turn|21
|
|t:|1760334420
|switch|p1a: Rotom|Rotom-Heat|100/100
|move|p2a: Skarmory|Whirlwind|p1a: Rotom
|drag|p1a: Tentacruel|Tentacruel, F|100/100
|-damage|p1a: Tentacruel|75/100|[from] Spikes
|
|-heal|p1a: Tentacruel|82/100|[from] item: Black Sludge
|upkeep
|turn|22
|
|t:|1760334433
|switch|p2a: Alomomola|Alomomola, M, shiny|100/100
|move|p1a: Tentacruel|Rapid Spin|p2a: Alomomola
|-damage|p2a: Alomomola|96/100
|-boost|p1a: Tentacruel|spe|1
|-sideend|p1: PriceP0tato|Spikes|[from] move: Rapid Spin|[of] p1a: Tentacruel
|
|-heal|p1a: Tentacruel|88/100|[from] item: Black Sludge
|upkeep
|turn|23
|
|t:|1760334447
|move|p1a: Tentacruel|Toxic|p2a: Alomomola
|-status|p2a: Alomomola|tox
|move|p2a: Alomomola|Wish|p2a: Alomomola
|
|-heal|p1a: Tentacruel|94/100|[from] item: Black Sludge
|-damage|p2a: Alomomola|90/100 tox|[from] psn
|upkeep
|turn|24
|
|t:|1760334455
|switch|p1a: Corviknight|Corviknight, F|100/100
|move|p2a: Alomomola|Flip Turn|p1a: Corviknight
|-damage|p1a: Corviknight|88/100
|-damage|p2a: Alomomola|73/100 tox|[from] item: Rocky Helmet|[of] p1a: Corviknight
|
|t:|1760334466
|switch|p2a: Skarmory|Skarmory, F|71/100|[from] Flip Turn
|
|-heal|p2a: Skarmory|100/100|[from] move: Wish|[wisher] Alomomola
|upkeep
|turn|25
|
|t:|1760334475
|move|p2a: Skarmory|Spikes|p1a: Corviknight
|-sidestart|p1: PriceP0tato|Spikes
|move|p1a: Corviknight|Body Press|p2a: Skarmory
|-damage|p2a: Skarmory|86/100
|-damage|p1a: Corviknight|71/100|[from] item: Rocky Helmet|[of] p2a: Skarmory
|
|upkeep
|turn|26
|
|t:|1760334482
|move|p2a: Skarmory|Spikes|p1a: Corviknight
|-sidestart|p1: PriceP0tato|Spikes
|move|p1a: Corviknight|Bulk Up|p1a: Corviknight
|-boost|p1a: Corviknight|atk|1
|-boost|p1a: Corviknight|def|1
|
|upkeep
|turn|27
|
|t:|1760334488
|move|p1a: Corviknight|Bulk Up|p1a: Corviknight
|-boost|p1a: Corviknight|atk|1
|-boost|p1a: Corviknight|def|1
|move|p2a: Skarmory|Whirlwind|p1a: Corviknight
|drag|p1a: Reuniclus|Reuniclus, F|100/100
|-damage|p1a: Reuniclus|84/100|[from] Spikes
|
|-heal|p1a: Reuniclus|90/100|[from] item: Leftovers
|upkeep
|turn|28
|
|t:|1760334499
|switch|p2a: Chansey|Chansey, F|42/100
|move|p1a: Reuniclus|Psychic Noise|p2a: Chansey
|-damage|p2a: Chansey|33/100
|-start|p2a: Chansey|move: Heal Block
|
|-heal|p1a: Reuniclus|96/100|[from] item: Leftovers
|upkeep
|turn|29
|
|t:|1760334513
|move|p2a: Chansey|Protect|p2a: Chansey
|-singleturn|p2a: Chansey|Protect
|move|p1a: Reuniclus|Focus Blast|p2a: Chansey
|-activate|p2a: Chansey|move: Protect
|
|-heal|p1a: Reuniclus|100/100|[from] item: Leftovers
|-end|p2a: Chansey|move: Heal Block
|upkeep
|turn|30
|
|t:|1760334522
|move|p2a: Chansey|Soft-Boiled|p2a: Chansey
|-heal|p2a: Chansey|83/100
|move|p1a: Reuniclus|Psychic Noise|p2a: Chansey
|-damage|p2a: Chansey|74/100
|-start|p2a: Chansey|move: Heal Block
|
|upkeep
|turn|31
|
|t:|1760334531
|move|p2a: Chansey|Calm Mind|p2a: Chansey
|-boost|p2a: Chansey|spa|1
|-boost|p2a: Chansey|spd|1
|move|p1a: Reuniclus|Calm Mind|p1a: Reuniclus
|-boost|p1a: Reuniclus|spa|1
|-boost|p1a: Reuniclus|spd|1
|
|-end|p2a: Chansey|move: Heal Block
|upkeep
|turn|32
|
|t:|1760334539
|switch|p1a: Corviknight|Corviknight, F|71/100
|move|p2a: Chansey|Calm Mind|p2a: Chansey
|-boost|p2a: Chansey|spa|1
|-boost|p2a: Chansey|spd|1
|
|upkeep
|turn|33
|
|t:|1760334555
|switch|p2a: Skarmory|Skarmory, F|86/100
|move|p1a: Corviknight|Roost|p1a: Corviknight
|-heal|p1a: Corviknight|100/100
|-singleturn|p1a: Corviknight|move: Roost
|
|upkeep
|turn|34
|
|t:|1760334564
|switch|p1a: Rotom|Rotom-Heat|100/100
|move|p2a: Skarmory|Whirlwind|p1a: Rotom
|drag|p1a: Reuniclus|Reuniclus, F|100/100
|-damage|p1a: Reuniclus|84/100|[from] Spikes
|
|-heal|p1a: Reuniclus|90/100|[from] item: Leftovers
|upkeep
|turn|35
|
|t:|1760334574
|switch|p2a: Chansey|Chansey, F|74/100
|move|p1a: Reuniclus|Psychic Noise|p2a: Chansey
|-damage|p2a: Chansey|64/100
|-start|p2a: Chansey|move: Heal Block
|
|-heal|p1a: Reuniclus|96/100|[from] item: Leftovers
|upkeep
|turn|36
|
|t:|1760334585
|switch|p1a: Corviknight|Corviknight, F|100/100
|move|p2a: Chansey|Calm Mind|p2a: Chansey
|-boost|p2a: Chansey|spa|1
|-boost|p2a: Chansey|spd|1
|
|-end|p2a: Chansey|move: Heal Block
|upkeep
|turn|37
|
|t:|1760334594
|switch|p2a: Skarmory|Skarmory, F|86/100
|move|p1a: Corviknight|Body Press|p2a: Skarmory
|-damage|p2a: Skarmory|73/100
|-damage|p1a: Corviknight|84/100|[from] item: Rocky Helmet|[of] p2a: Skarmory
|
|upkeep
|turn|38
|
|t:|1760334603
|switch|p1a: Rotom|Rotom-Heat|100/100
|move|p2a: Skarmory|Spikes|p1a: Rotom
|-sidestart|p1: PriceP0tato|Spikes
|
|upkeep
|turn|39
|
|t:|1760334609
|switch|p2a: Chansey|Chansey, F|64/100
|move|p1a: Rotom|Volt Switch|p2a: Chansey
|-damage|p2a: Chansey|54/100
|
|t:|1760334615
|switch|p1a: Corviknight|Corviknight, F|84/100|[from] Volt Switch
|
|upkeep
|turn|40
|
|t:|1760334620
|switch|p2a: Skarmory|Skarmory, F|73/100
|move|p1a: Corviknight|Body Press|p2a: Skarmory
|-damage|p2a: Skarmory|59/100
|-damage|p1a: Corviknight|67/100|[from] item: Rocky Helmet|[of] p2a: Skarmory
|
|upkeep
|turn|41
|
|t:|1760334630
|move|p2a: Skarmory|Roost|p2a: Skarmory
|-heal|p2a: Skarmory|100/100
|-singleturn|p2a: Skarmory|move: Roost
|move|p1a: Corviknight|Bulk Up|p1a: Corviknight
|-boost|p1a: Corviknight|atk|1
|-boost|p1a: Corviknight|def|1
|
|upkeep
|turn|42
|
|t:|1760334638
|move|p1a: Corviknight|Roost|p1a: Corviknight
|-heal|p1a: Corviknight|100/100
|-singleturn|p1a: Corviknight|move: Roost
|move|p2a: Skarmory|Whirlwind|p1a: Corviknight
|drag|p1a: Tentacruel|Tentacruel, F|94/100
|-damage|p1a: Tentacruel|69/100|[from] Spikes
|
|-heal|p1a: Tentacruel|75/100|[from] item: Black Sludge
|upkeep
|turn|43
|
|t:|1760334653
|switch|p2a: Chansey|Chansey, F|54/100
|move|p1a: Tentacruel|Rapid Spin|p2a: Chansey
|-damage|p2a: Chansey|40/100
|-boost|p1a: Tentacruel|spe|1
|-sideend|p1: PriceP0tato|Spikes|[from] move: Rapid Spin|[of] p1a: Tentacruel
|
|-heal|p1a: Tentacruel|81/100|[from] item: Black Sludge
|upkeep
|turn|44
|
|t:|1760334663
|move|p1a: Tentacruel|Toxic|p2a: Chansey
|-status|p2a: Chansey|tox
|move|p2a: Chansey|Soft-Boiled|p2a: Chansey
|-heal|p2a: Chansey|90/100 tox
|
|-heal|p1a: Tentacruel|87/100|[from] item: Black Sludge
|-damage|p2a: Chansey|83/100 tox|[from] psn
|upkeep
|turn|45
|
|t:|1760334672
|switch|p1a: Rotom|Rotom-Heat|100/100
|move|p2a: Chansey|Calm Mind|p2a: Chansey
|-boost|p2a: Chansey|spa|1
|-boost|p2a: Chansey|spd|1
|
|-damage|p2a: Chansey|71/100 tox|[from] psn
|upkeep
|turn|46
|
|t:|1760334688
|move|p1a: Rotom|Volt Switch|p2a: Chansey
|-damage|p2a: Chansey|64/100 tox
|
|t:|1760334691
|switch|p1a: Corviknight|Corviknight, F|100/100|[from] Volt Switch
|move|p2a: Chansey|Seismic Toss|p1a: Corviknight
|-damage|p1a: Corviknight|71/100
|-damage|p2a: Chansey|47/100 tox|[from] item: Rocky Helmet|[of] p1a: Corviknight
|
|-damage|p2a: Chansey|29/100 tox|[from] psn
|upkeep
|turn|47
|
|t:|1760334703
|switch|p1a: Rotom|Rotom-Heat|100/100
|-curestatus|p2a: Chansey|tox|[from] ability: Natural Cure
|switch|p2a: Skarmory|Skarmory, F|100/100
|
|upkeep
|turn|48
|
|t:|1760334713
|switch|p2a: Alomomola|Alomomola, M, shiny|100/100 tox
|move|p1a: Rotom|Volt Switch|p2a: Alomomola
|-supereffective|p2a: Alomomola
|-damage|p2a: Alomomola|0 fnt
|faint|p2a: Alomomola
|
|t:|1760334720
|switch|p1a: Corviknight|Corviknight, F|71/100|[from] Volt Switch
|
|upkeep
|
|t:|1760334725
|switch|p2a: Skarmory|Skarmory, F|100/100
|turn|49
|
|t:|1760334736
|move|p2a: Skarmory|Spikes|p1a: Corviknight
|-sidestart|p1: PriceP0tato|Spikes
|move|p1a: Corviknight|Bulk Up|p1a: Corviknight
|-boost|p1a: Corviknight|atk|1
|-boost|p1a: Corviknight|def|1
|
|upkeep
|turn|50
|
|t:|1760334742
|move|p1a: Corviknight|Bulk Up|p1a: Corviknight
|-boost|p1a: Corviknight|atk|1
|-boost|p1a: Corviknight|def|1
|move|p2a: Skarmory|Whirlwind|p1a: Corviknight
|drag|p1a: Rotom|Rotom-Heat|100/100
|
|upkeep
|turn|51
|
|t:|1760334750
|switch|p2a: Chansey|Chansey, F|29/100
|move|p1a: Rotom|Volt Switch|p2a: Chansey
|-damage|p2a: Chansey|17/100
|
|t:|1760334756
|switch|p1a: Corviknight|Corviknight, F|71/100|[from] Volt Switch
|
|upkeep
|turn|52
|
|t:|1760334766
|switch|p2a: Skarmory|Skarmory, F|100/100
|move|p1a: Corviknight|Body Press|p2a: Skarmory
|-damage|p2a: Skarmory|86/100
|-damage|p1a: Corviknight|54/100|[from] item: Rocky Helmet|[of] p2a: Skarmory
|
|upkeep
|turn|53
|
|t:|1760334775
|move|p2a: Skarmory|Spikes|p1a: Corviknight
|-sidestart|p1: PriceP0tato|Spikes
|move|p1a: Corviknight|Roost|p1a: Corviknight
|-heal|p1a: Corviknight|100/100
|-singleturn|p1a: Corviknight|move: Roost
|
|upkeep
|turn|54
|
|t:|1760334781
|move|p2a: Skarmory|Spikes|p1a: Corviknight
|-sidestart|p1: PriceP0tato|Spikes
|move|p1a: Corviknight|Bulk Up|p1a: Corviknight
|-boost|p1a: Corviknight|atk|1
|-boost|p1a: Corviknight|def|1
|
|upkeep
|turn|55
|
|t:|1760334788
|move|p1a: Corviknight|Bulk Up|p1a: Corviknight
|-boost|p1a: Corviknight|atk|1
|-boost|p1a: Corviknight|def|1
|move|p2a: Skarmory|Whirlwind|p1a: Corviknight
|drag|p1a: Lycanroc|Lycanroc-Dusk, M|100/100
|-damage|p1a: Lycanroc|75/100|[from] Spikes
|
|upkeep
|turn|56
|
|t:|1760334806
|switch|p2a: Toxapex|Toxapex, M|84/100
|move|p1a: Lycanroc|Taunt|p2a: Toxapex
|-start|p2a: Toxapex|move: Taunt
|
|upkeep
|turn|57
|
|t:|1760334816
|switch|p2a: Gliscor|Gliscor, M, shiny|100/100
|move|p1a: Lycanroc|Stealth Rock|p2a: Gliscor
|-sidestart|p2: ppppppz|move: Stealth Rock
|
|-status|p2a: Gliscor|tox|[from] item: Toxic Orb
|upkeep
|turn|58
|
|t:|1760334824
|switch|p1a: Rotom|Rotom-Heat|100/100
|move|p2a: Gliscor|Knock Off|p1a: Rotom
|-damage|p1a: Rotom|72/100
|-enditem|p1a: Rotom|Choice Specs|[from] move: Knock Off|[of] p2a: Gliscor
|
|upkeep
|turn|59
|l|☆ppppppz
|inactive|ppppppz disconnected and has a minute to reconnect!
|player|p2|
|j|☆ppppppz
|inactive|ppppppz reconnected and has 135 seconds left.
|player|p2|ppppppz|preschooler|
|inactive|ppppppz has 120 seconds left.
|
|t:|1760334857
|-terastallize|p1a: Rotom|Water
|move|p2a: Gliscor|Protect|p2a: Gliscor
|-singleturn|p2a: Gliscor|Protect
|move|p1a: Rotom|Tera Blast|p2a: Gliscor|[anim] Tera Blast Water
|-activate|p2a: Gliscor|move: Protect
|
|upkeep
|turn|60
|inactive|ppppppz has 120 seconds left.
|
|t:|1760334879
|switch|p2a: Toxapex|Toxapex, M|100/100
|-damage|p2a: Toxapex|88/100|[from] Stealth Rock
|move|p1a: Rotom|Tera Blast|p2a: Toxapex|[anim] Tera Blast Water
|-resisted|p2a: Toxapex
|-damage|p2a: Toxapex|74/100
|
|upkeep
|turn|61
|
|t:|1760334889
|move|p1a: Rotom|Thunderbolt|p2a: Toxapex
|-supereffective|p2a: Toxapex
|-damage|p2a: Toxapex|10/100
|move|p2a: Toxapex|Toxic Spikes|p1a: Rotom
|-sidestart|p1: PriceP0tato|move: Toxic Spikes
|
|upkeep
|turn|62
|
|t:|1760334896
|switch|p2a: Chansey|Chansey, F|17/100
|-damage|p2a: Chansey|4/100|[from] Stealth Rock
|move|p1a: Rotom|Tera Blast|p2a: Chansey|[anim] Tera Blast Water
|-damage|p2a: Chansey|0 fnt
|faint|p2a: Chansey
|
|upkeep
|
|t:|1760334908
|switch|p2a: Toxapex|Toxapex, M|44/100
|-damage|p2a: Toxapex|31/100|[from] Stealth Rock
|turn|63
|
|t:|1760334917
|switch|p2a: Gliscor|Gliscor, M, shiny|100/100 tox
|-damage|p2a: Gliscor|88/100 tox|[from] Stealth Rock
|move|p1a: Rotom|Thunderbolt|p2a: Gliscor
|-immune|p2a: Gliscor
|
|-heal|p2a: Gliscor|100/100 tox|[from] ability: Poison Heal
|upkeep
|turn|64
|inactive|ppppppz has 120 seconds left.
|
|t:|1760334930
|-terastallize|p2a: Gliscor|Normal
|move|p1a: Rotom|Volt Switch|p2a: Gliscor
|-damage|p2a: Gliscor|64/100 tox
|
|t:|1760334935
|switch|p1a: Corviknight|Corviknight, F|100/100|[from] Volt Switch
|move|p2a: Gliscor|Toxic|p1a: Corviknight
|-immune|p1a: Corviknight
|
|-heal|p2a: Gliscor|77/100 tox|[from] ability: Poison Heal
|upkeep
|turn|65
|inactive|ppppppz has 120 seconds left.
|
|t:|1760334948
|move|p2a: Gliscor|Knock Off|p1a: Corviknight
|-damage|p1a: Corviknight|82/100
|-damage|p2a: Gliscor|60/100 tox|[from] item: Rocky Helmet|[of] p1a: Corviknight
|-enditem|p1a: Corviknight|Rocky Helmet|[from] move: Knock Off|[of] p2a: Gliscor
|move|p1a: Corviknight|Bulk Up|p1a: Corviknight
|-boost|p1a: Corviknight|atk|1
|-boost|p1a: Corviknight|def|1
|
|-heal|p2a: Gliscor|72/100 tox|[from] ability: Poison Heal
|upkeep
|turn|66
|inactive|ppppppz has 120 seconds left.
|
|t:|1760334959
|switch|p2a: Skarmory|Skarmory, F|86/100
|-damage|p2a: Skarmory|74/100|[from] Stealth Rock
|move|p1a: Corviknight|Body Press|p2a: Skarmory
|-damage|p2a: Skarmory|54/100
|-damage|p1a: Corviknight|66/100|[from] item: Rocky Helmet|[of] p2a: Skarmory
|
|upkeep
|turn|67
|
|t:|1760334968
|move|p2a: Skarmory|Roost|p2a: Skarmory
|-heal|p2a: Skarmory|100/100
|-singleturn|p2a: Skarmory|move: Roost
|move|p1a: Corviknight|Roost|p1a: Corviknight
|-heal|p1a: Corviknight|100/100
|-singleturn|p1a: Corviknight|move: Roost
|
|upkeep
|turn|68
|
|t:|1760334976
|move|p1a: Corviknight|Body Press|p2a: Skarmory
|-damage|p2a: Skarmory|80/100
|-damage|p1a: Corviknight|84/100|[from] item: Rocky Helmet|[of] p2a: Skarmory
|move|p2a: Skarmory|Whirlwind|p1a: Corviknight
|drag|p1a: Rotom|Rotom-Heat, tera:Water|72/100
|
|upkeep
|turn|69
|
|t:|1760334994
|switch|p2a: Gliscor|Gliscor, M, shiny, tera:Normal|72/100 tox
|-damage|p2a: Gliscor|60/100 tox|[from] Stealth Rock
|move|p1a: Rotom|Tera Blast|p2a: Gliscor|[anim] Tera Blast Water
|-damage|p2a: Gliscor|13/100 tox
|
|-heal|p2a: Gliscor|26/100 tox|[from] ability: Poison Heal
|upkeep
|turn|70
|
|t:|1760335004
|move|p2a: Gliscor|Protect|p2a: Gliscor
|-singleturn|p2a: Gliscor|Protect
|move|p1a: Rotom|Volt Switch|p2a: Gliscor
|-activate|p2a: Gliscor|move: Protect
|
|-heal|p2a: Gliscor|38/100 tox|[from] ability: Poison Heal
|upkeep
|turn|71
|
|t:|1760335014
|move|p1a: Rotom|Volt Switch|p2a: Gliscor
|-damage|p2a: Gliscor|1/100 tox
|
|t:|1760335023
|switch|p1a: Corviknight|Corviknight, F|84/100|[from] Volt Switch
|move|p2a: Gliscor|Toxic|p1a: Corviknight
|-immune|p1a: Corviknight
|
|-heal|p2a: Gliscor|13/100 tox|[from] ability: Poison Heal
|upkeep
|turn|72
|
|t:|1760335033
|move|p2a: Gliscor|Protect|p2a: Gliscor
|-singleturn|p2a: Gliscor|Protect
|move|p1a: Corviknight|Body Press|p2a: Gliscor
|-activate|p2a: Gliscor|move: Protect
|
|-heal|p2a: Gliscor|25/100 tox|[from] ability: Poison Heal
|upkeep
|turn|73
|
|t:|1760335059
|switch|p2a: Toxapex|Toxapex, M|64/100
|-damage|p2a: Toxapex|52/100|[from] Stealth Rock
|move|p1a: Corviknight|Body Press|p2a: Toxapex
|-resisted|p2a: Toxapex
|-damage|p2a: Toxapex|45/100
|-damage|p1a: Corviknight|67/100|[from] item: Rocky Helmet|[of] p2a: Toxapex
|
|upkeep
|turn|74
|
|t:|1760335069
|move|p1a: Corviknight|Roost|p1a: Corviknight
|-heal|p1a: Corviknight|100/100
|-singleturn|p1a: Corviknight|move: Roost
|move|p2a: Toxapex|Toxic Spikes|p1a: Corviknight
|-sidestart|p1: PriceP0tato|move: Toxic Spikes
|
|upkeep
|turn|75
|
|t:|1760335079
|move|p1a: Corviknight|Bulk Up|p1a: Corviknight
|-boost|p1a: Corviknight|atk|1
|-boost|p1a: Corviknight|def|1
|move|p2a: Toxapex|Toxic Spikes||[still]
|-fail|p2a: Toxapex
|
|upkeep
|turn|76
|
|t:|1760335086
|switch|p2a: Skarmory|Skarmory, F|80/100
|-damage|p2a: Skarmory|68/100|[from] Stealth Rock
|move|p1a: Corviknight|Bulk Up|p1a: Corviknight
|-boost|p1a: Corviknight|atk|1
|-boost|p1a: Corviknight|def|1
|
|upkeep
|turn|77
|
|t:|1760335094
|move|p2a: Skarmory|Roost|p2a: Skarmory
|-heal|p2a: Skarmory|100/100
|-singleturn|p2a: Skarmory|move: Roost
|move|p1a: Corviknight|Body Press|p2a: Skarmory
|-supereffective|p2a: Skarmory
|-damage|p2a: Skarmory|50/100
|-damage|p1a: Corviknight|84/100|[from] item: Rocky Helmet|[of] p2a: Skarmory
|
|upkeep
|turn|78
|
|t:|1760335103
|move|p2a: Skarmory|Roost|p2a: Skarmory
|-heal|p2a: Skarmory|99/100
|-singleturn|p2a: Skarmory|move: Roost
|move|p1a: Corviknight|Body Press|p2a: Skarmory
|-supereffective|p2a: Skarmory
|-damage|p2a: Skarmory|49/100
|-damage|p1a: Corviknight|67/100|[from] item: Rocky Helmet|[of] p2a: Skarmory
|
|upkeep
|turn|79
|
|t:|1760335116
|move|p2a: Skarmory|Roost|p2a: Skarmory
|-heal|p2a: Skarmory|99/100
|-singleturn|p2a: Skarmory|move: Roost
|move|p1a: Corviknight|Body Press|p2a: Skarmory
|-supereffective|p2a: Skarmory
|-damage|p2a: Skarmory|44/100
|-damage|p1a: Corviknight|51/100|[from] item: Rocky Helmet|[of] p2a: Skarmory
|
|upkeep
|turn|80
|
|t:|1760335125
|move|p2a: Skarmory|Roost|p2a: Skarmory
|-heal|p2a: Skarmory|94/100
|-singleturn|p2a: Skarmory|move: Roost
|move|p1a: Corviknight|Roost|p1a: Corviknight
|-heal|p1a: Corviknight|100/100
|-singleturn|p1a: Corviknight|move: Roost
|
|upkeep
|turn|81
|
|t:|1760335134
|move|p1a: Corviknight|Body Press|p2a: Skarmory
|-damage|p2a: Skarmory|64/100
|-damage|p1a: Corviknight|84/100|[from] item: Rocky Helmet|[of] p2a: Skarmory
|move|p2a: Skarmory|Whirlwind|p1a: Corviknight
|drag|p1a: Rotom|Rotom-Heat, tera:Water|72/100
|
|upkeep
|turn|82
|
|t:|1760335153
|switch|p2a: Toxapex|Toxapex, M|78/100
|-damage|p2a: Toxapex|66/100|[from] Stealth Rock
|move|p1a: Rotom|Volt Switch|p2a: Toxapex
|-supereffective|p2a: Toxapex
|-damage|p2a: Toxapex|14/100
|
|t:|1760335163
|switch|p1a: Corviknight|Corviknight, F|84/100|[from] Volt Switch
|
|upkeep
|turn|83
|
|t:|1760335168
|switch|p2a: Skarmory|Skarmory, F|64/100
|-damage|p2a: Skarmory|52/100|[from] Stealth Rock
|move|p1a: Corviknight|Body Press|p2a: Skarmory
|-damage|p2a: Skarmory|37/100
|-damage|p1a: Corviknight|67/100|[from] item: Rocky Helmet|[of] p2a: Skarmory
|
|upkeep
|turn|84
|
|t:|1760335179
|switch|p1a: Rotom|Rotom-Heat, tera:Water|72/100
|move|p2a: Skarmory|Roost|p2a: Skarmory
|-heal|p2a: Skarmory|87/100
|-singleturn|p2a: Skarmory|move: Roost
|
|upkeep
|turn|85
|
|t:|1760335196
|switch|p2a: Gliscor|Gliscor, M, shiny, tera:Normal|25/100 tox
|-damage|p2a: Gliscor|13/100 tox|[from] Stealth Rock
|move|p1a: Rotom|Volt Switch|p2a: Gliscor
|-damage|p2a: Gliscor|0 fnt
|faint|p2a: Gliscor
|
|t:|1760335203
|switch|p1a: Corviknight|Corviknight, F|67/100|[from] Volt Switch
|
|upkeep
|
|t:|1760335211
|switch|p2a: Skarmory|Skarmory, F|87/100
|-damage|p2a: Skarmory|75/100|[from] Stealth Rock
|turn|86
|-message|ppppppz forfeited.
|
|win|PriceP0tato
|raw|PriceP0tato's rating: 1110 &rarr; <strong>1139</strong><br />(+29 for winning)
|raw|ppppppz's rating: 1170 &rarr; <strong>1141</strong><br />(-29 for losing)
|l|☆ppppppz
|player|p2|
|l|☆PriceP0tato
|player|p1|
