|badge|p1|bronze|gen9ubers|100-7
|uhtml|medal-msg|<div class="broadcast-blue">Curious what those medals under the avatar are? PS now has Ladder Seasons! For more information, check out the <a href="https://www.smogon.com/forums/threads/3740067/">thread on Smogon.</a></div>
|j|☆Nikator98
|j|☆avitross
|t:|1760451719
|gametype|singles
|player|p1|Nikator98|giovanni|1698
|player|p2|avitross|169|1696
|gen|9
|tier|[Gen 9] OU
|rated|
|rule|HP Percentage Mod: HP is shown in percentages
|rule|Endless Battle Clause: Forcing endless battles is banned
|rule|Species Clause: Limit one of each Pokémon
|rule|OHKO Clause: OHKO moves are banned
|rule|Evasion Items Clause: Evasion items are banned
|rule|Evasion Moves Clause: Evasion moves are banned
|rule|Evasion Abilities Clause: Evasion abilities are banned
|rule|Sleep Moves Clause: Sleep-inducing moves are banned
|clearpoke
|poke|p1|Metagross|
|poke|p1|Great Tusk|
|poke|p1|Haxorus, M|
|poke|p1|Iron Moth|
|poke|p1|Zoroark-Hisui, M|
|poke|p1|Ninetales-Alola, F|
|poke|p2|Whimsicott, M|
|poke|p2|Walking Wake|
|poke|p2|Scizor, F|
|poke|p2|Great Tusk|
|poke|p2|Torkoal, F|
|poke|p2|Lilligant-Hisui, F|
|teampreview
|inactive|Battle timer is ON: inactive players will automatically lose when time's up. (requested by Nikator98)
|
|t:|1760451758
|teamsize|p1|6
|teamsize|p2|6
|start
|switch|p1a: Arquillian Sentry|Metagross|100/100
|switch|p2a: Torkoal|Torkoal, F|100/100
|-weather|SunnyDay|[from] ability: Drought|[of] p2a: Torkoal
|turn|1
|
|t:|1760451766
|move|p1a: Arquillian Sentry|Bitter Malice|p2a: Torkoal
|-damage|p2a: Torkoal|51/100
|-unboost|p2a: Torkoal|atk|1
|move|p2a: Torkoal|Stealth Rock|p1a: Arquillian Sentry
|-sidestart|p1: Nikator98|move: Stealth Rock
|
|-weather|SunnyDay|[upkeep]
|upkeep
|turn|2
|inactive|avitross has 120 seconds left.
|
|t:|1760451801
|switch|p2a: Scizor|Scizor, F|100/100
|move|p1a: Arquillian Sentry|Bitter Malice|p2a: Scizor
|-damage|p2a: Scizor|26/100
|-unboost|p2a: Scizor|atk|1
|-enditem|p2a: Scizor|Eject Button
|j| shrek5baby
|
|t:|1760451826
|switch|p2a: Walking Wake|Walking Wake|100/100
|-activate|p2a: Walking Wake|ability: Protosynthesis
|-start|p2a: Walking Wake|protosynthesisspe
|
|-weather|SunnyDay|[upkeep]
|upkeep
|turn|3
|
|t:|1760451837
|switch|p1a: Arquillian Sentry|Metagross|100/100
|-damage|p1a: Arquillian Sentry|94/100|[from] Stealth Rock
|move|p2a: Walking Wake|Hydro Steam|p1a: Arquillian Sentry
|-damage|p1a: Arquillian Sentry|0 fnt
|faint|p1a: Arquillian Sentry
|
|-weather|SunnyDay|[upkeep]
|upkeep
|inactive|Nikator98 has 120 seconds left.
|inactive|Nikator98 has 90 seconds left.
|
|t:|1760451895
|switch|p1a: Asfaloth|Ninetales-Alola, F, shiny|100/100
|-damage|p1a: Asfaloth|76/100|[from] Stealth Rock
|-weather|Snowscape|[from] ability: Snow Warning|[of] p1a: Asfaloth
|-end|p2a: Walking Wake|Protosynthesis
|turn|4
|
|t:|1760451903
|-end|p2a: Walking Wake|Protosynthesis|[silent]
|switch|p2a: Torkoal|Torkoal, F|51/100
|-weather|SunnyDay|[from] ability: Drought|[of] p2a: Torkoal
|move|p1a: Asfaloth|Freeze-Dry|p2a: Torkoal
|-resisted|p2a: Torkoal
|-crit|p2a: Torkoal
|-damage|p2a: Torkoal|35/100
|
|-weather|SunnyDay|[upkeep]
|upkeep
|turn|5
|inactive|avitross has 120 seconds left.
|l| shrek5baby
|
|t:|1760451922
|switch|p1a: Asfaloth|Ninetales-Alola, F, shiny|100/100
|-damage|p1a: Asfaloth|88/100|[from] Stealth Rock
|switch|p2a: Scizor|Scizor, F|26/100
|
|-weather|SunnyDay|[upkeep]
|upkeep
|turn|6
|inactive|avitross has 120 seconds left.
|
|t:|1760451943
|switch|p1a: Kumaryia|Great Tusk, shiny|100/100
|-activate|p1a: Kumaryia|ability: Protosynthesis
|-start|p1a: Kumaryia|protosynthesisatk
|switch|p2a: Walking Wake|Walking Wake|100/100
|-activate|p2a: Walking Wake|ability: Protosynthesis
|-start|p2a: Walking Wake|protosynthesisspe
|
|-weather|SunnyDay|[upkeep]
|upkeep
|turn|7
|
|t:|1760451961
|-end|p1a: Kumaryia|Protosynthesis|[silent]
|switch|p1a: Asfaloth|Ninetales-Alola, F, shiny|88/100
|-damage|p1a: Asfaloth|76/100|[from] Stealth Rock
|move|p2a: Walking Wake|Hydro Steam|p1a: Asfaloth
|-damage|p1a: Asfaloth|0 fnt
|replace|p1a: Van Helsing|Zoroark-Hisui, M, shiny
|-end|p1a: Van Helsing|Illusion
|faint|p1a: Van Helsing
|
|-weather|SunnyDay|[upkeep]
|upkeep
|
|t:|1760451969
|switch|p1a: Asfaloth|Ninetales-Alola, F, shiny|76/100
|-damage|p1a: Asfaloth|51/100|[from] Stealth Rock
|-weather|Snowscape|[from] ability: Snow Warning|[of] p1a: Asfaloth
|-end|p2a: Walking Wake|Protosynthesis
|turn|8
|
|t:|1760451974
|-end|p2a: Walking Wake|Protosynthesis|[silent]
|switch|p2a: Torkoal|Torkoal, F|35/100
|-weather|SunnyDay|[from] ability: Drought|[of] p2a: Torkoal
|move|p1a: Asfaloth|Freeze-Dry|p2a: Torkoal
|-resisted|p2a: Torkoal
|-damage|p2a: Torkoal|25/100
|
|-weather|SunnyDay|[upkeep]
|upkeep
|turn|9
|
|t:|1760451985
|switch|p1a: Kumaryia|Great Tusk, shiny|100/100
|-activate|p1a: Kumaryia|ability: Protosynthesis
|-start|p1a: Kumaryia|protosynthesisatk
|switch|p2a: Scizor|Scizor, F|26/100
|
|-weather|SunnyDay|[upkeep]
|upkeep
|turn|10
|
|t:|1760451997
|switch|p2a: Walking Wake|Walking Wake|100/100
|-activate|p2a: Walking Wake|ability: Protosynthesis
|-start|p2a: Walking Wake|protosynthesisspe
|move|p1a: Kumaryia|Rapid Spin|p2a: Walking Wake
|-damage|p2a: Walking Wake|74/100
|-boost|p1a: Kumaryia|spe|1
|-sideend|p1: Nikator98|Stealth Rock|[from] move: Rapid Spin|[of] p1a: Kumaryia
|
|-weather|SunnyDay|[upkeep]
|upkeep
|turn|11
|inactive|Nikator98 has 90 seconds left.
|
|t:|1760452042
|-end|p1a: Kumaryia|Protosynthesis|[silent]
|switch|p1a: Lacelle|Haxorus, M|100/100
|-ability|p1a: Lacelle|Mold Breaker
|move|p2a: Walking Wake|Hydro Steam|p1a: Lacelle
|-resisted|p1a: Lacelle
|-damage|p1a: Lacelle|24/100
|
|-weather|SunnyDay|[upkeep]
|upkeep
|turn|12
|
|t:|1760452050
|move|p2a: Walking Wake|Hydro Steam|p1a: Lacelle
|-resisted|p1a: Lacelle
|-damage|p1a: Lacelle|0 fnt
|faint|p1a: Lacelle
|
|-weather|SunnyDay|[upkeep]
|upkeep
|
|t:|1760452056
|switch|p1a: Asfaloth|Ninetales-Alola, F, shiny|51/100
|-weather|Snowscape|[from] ability: Snow Warning|[of] p1a: Asfaloth
|-end|p2a: Walking Wake|Protosynthesis
|turn|13
|
|t:|1760452062
|-end|p2a: Walking Wake|Protosynthesis|[silent]
|switch|p2a: Scizor|Scizor, F|26/100
|move|p1a: Asfaloth|Moonblast|p2a: Scizor
|-resisted|p2a: Scizor
|-damage|p2a: Scizor|7/100
|
|-weather|Snowscape|[upkeep]
|upkeep
|turn|14
|
|t:|1760452074
|switch|p1a: Kumaryia|Great Tusk, shiny|100/100
|switch|p2a: Torkoal|Torkoal, F|25/100
|-weather|SunnyDay|[from] ability: Drought|[of] p2a: Torkoal
|-activate|p1a: Kumaryia|ability: Protosynthesis
|-start|p1a: Kumaryia|protosynthesisatk
|
|-weather|SunnyDay|[upkeep]
|upkeep
|turn|15
|
|t:|1760452088
|switch|p2a: Scizor|Scizor, F|7/100
|move|p1a: Kumaryia|Knock Off|p2a: Scizor
|-crit|p2a: Scizor
|-damage|p2a: Scizor|0 fnt
|faint|p2a: Scizor
|
|-weather|SunnyDay|[upkeep]
|upkeep
|
|t:|1760452093
|switch|p2a: Walking Wake|Walking Wake|74/100
|-activate|p2a: Walking Wake|ability: Protosynthesis
|-start|p2a: Walking Wake|protosynthesisspe
|turn|16
|
|t:|1760452104
|move|p2a: Walking Wake|Hydro Steam|p1a: Kumaryia
|-supereffective|p1a: Kumaryia
|-damage|p1a: Kumaryia|0 fnt
|faint|p1a: Kumaryia
|-end|p1a: Kumaryia|Protosynthesis|[silent]
|
|-weather|SunnyDay|[upkeep]
|upkeep
|
|t:|1760452110
|switch|p1a: Asfaloth|Ninetales-Alola, F, shiny|51/100
|-weather|Snowscape|[from] ability: Snow Warning|[of] p1a: Asfaloth
|-end|p2a: Walking Wake|Protosynthesis
|turn|17
|
|t:|1760452121
|-end|p2a: Walking Wake|Protosynthesis|[silent]
|switch|p2a: Whimsicott|Whimsicott, M|100/100
|move|p1a: Asfaloth|Moonblast|p2a: Whimsicott
|-damage|p2a: Whimsicott|52/100
|
|-weather|Snowscape|[upkeep]
|upkeep
|turn|18
|
|t:|1760452129
|switch|p2a: Torkoal|Torkoal, F|25/100
|-weather|SunnyDay|[from] ability: Drought|[of] p2a: Torkoal
|move|p1a: Asfaloth|Aurora Veil||[still]
|-fail|p1a: Asfaloth
|
|-weather|SunnyDay|[upkeep]
|upkeep
|turn|19
|inactive|Nikator98 has 120 seconds left.
|
|t:|1760452150
|move|p1a: Asfaloth|Moonblast|p2a: Torkoal
|-resisted|p2a: Torkoal
|-damage|p2a: Torkoal|10/100
|-unboost|p2a: Torkoal|spa|1
|move|p2a: Torkoal|Earthquake|p1a: Asfaloth
|-damage|p1a: Asfaloth|22/100
|
|-weather|SunnyDay|[upkeep]
|upkeep
|turn|20
|
|t:|1760452162
|switch|p2a: Whimsicott|Whimsicott, M|52/100
|move|p1a: Asfaloth|Moonblast|p2a: Whimsicott
|-damage|p2a: Whimsicott|0 fnt
|faint|p2a: Whimsicott
|
|-weather|SunnyDay|[upkeep]
|upkeep
|
|t:|1760452166
|switch|p2a: Walking Wake|Walking Wake|74/100
|-activate|p2a: Walking Wake|ability: Protosynthesis
|-start|p2a: Walking Wake|protosynthesisspe
|turn|21
|
|t:|1760452174
|move|p2a: Walking Wake|Hydro Steam|p1a: Asfaloth
|-damage|p1a: Asfaloth|0 fnt
|faint|p1a: Asfaloth
|
|-weather|SunnyDay|[upkeep]
|upkeep
|
|t:|1760452201
|switch|p1a: Gothmog|Iron Moth|100/100
|-enditem|p1a: Gothmog|Booster Energy
|-activate|p1a: Gothmog|ability: Quark Drive|[fromitem]
|-start|p1a: Gothmog|quarkdrivespe
|turn|22
|
|t:|1760452207
|-terastallize|p1a: Gothmog|Grass
|move|p1a: Gothmog|Fiery Dance|p2a: Walking Wake
|-resisted|p2a: Walking Wake
|-damage|p2a: Walking Wake|58/100
|move|p2a: Walking Wake|Hydro Steam|p1a: Gothmog
|-resisted|p1a: Gothmog
|-damage|p1a: Gothmog|52/100
|
|-weather|SunnyDay|[upkeep]
|upkeep
|turn|23
|
|t:|1760452218
|move|p1a: Gothmog|Sludge Wave|p2a: Walking Wake
|-damage|p2a: Walking Wake|0 fnt
|faint|p2a: Walking Wake
|-end|p2a: Walking Wake|Protosynthesis|[silent]
|
|-weather|SunnyDay|[upkeep]
|upkeep
|
|t:|1760452223
|switch|p2a: Lilligant|Lilligant-Hisui, F|100/100
|turn|24
|
|t:|1760452227
|move|p2a: Lilligant|Solar Blade||[still]
|-prepare|p2a: Lilligant|Solar Blade
|-anim|p2a: Lilligant|Solar Blade|p1a: Gothmog
|-resisted|p1a: Gothmog
|-damage|p1a: Gothmog|0 fnt
|faint|p1a: Gothmog
|-end|p1a: Gothmog|Quark Drive|[silent]
|-damage|p2a: Lilligant|91/100|[from] item: Life Orb
|
|win|avitross
|raw|Nikator98's rating: 1698 &rarr; <strong>1678</strong><br />(-20 for losing)
|raw|avitross's rating: 1696 &rarr; <strong>1716</strong><br />(+20 for winning)
|l|☆Nikator98
|player|p1|
|l|☆avitross
|player|p2|
