|j|☆Mazu623
|j|☆epichackergirl
|t:|1760329854
|gametype|singles
|player|p1|Mazu623|102|1125
|player|p2|epichackergirl|iris-gen5bw2|1097
|gen|9
|tier|[Gen 9] OU
|rated|
|rule|HP Percentage Mod: HP is shown in percentages
|rule|Endless Battle Clause: Forcing endless battles is banned
|rule|Species Clause: Limit one of each Pokémon
|rule|OHKO Clause: OHKO moves are banned
|rule|Evasion Items Clause: Evasion items are banned
|rule|Evasion Moves Clause: Evasion moves are banned
|rule|Evasion Abilities Clause: Evasion abilities are banned
|rule|Sleep Moves Clause: Sleep-inducing moves are banned
|clearpoke
|poke|p1|Bronzong|
|poke|p1|Toxapex, M|
|poke|p1|Ursaluna, M|
|poke|p1|Porygon2|
|poke|p1|Scizor, M|
|poke|p1|Skeledirge, M|
|poke|p2|Gliscor, F|
|poke|p2|Blissey, F|
|poke|p2|Dragonite, F|
|poke|p2|Ogerpon-Wellspring, F|
|poke|p2|Alomomola, F|
|poke|p2|Great Tusk|
|teampreview
|j| Moms Credit Card
|
|t:|1760329879
|teamsize|p1|6
|teamsize|p2|6
|start
|switch|p1a: Porygon2|Porygon2|100/100
|switch|p2a: Blissey|Blissey, F|100/100
|-ability|p1a: Porygon2|Download|boost
|-boost|p1a: Porygon2|atk|1
|turn|1
|c| Moms Credit Card|Mazu, your father and I don't appreciate what we seen on your transaction history
|c| Moms Credit Card|we don't work for that
|
|t:|1760329894
|switch|p1a: Skeledirge|Skeledirge, M|100/100
|move|p2a: Blissey|Stealth Rock|p1a: Skeledirge
|-sidestart|p1: Mazu623|move: Stealth Rock
|
|upkeep
|turn|2
|c| Moms Credit Card|spend your own money on that kind of stuff
|c|☆epichackergirl|😭
|c|☆epichackergirl|who are you
|c| Moms Credit Card|those videos are free on most sites anyways
|
|t:|1760329944
|move|p1a: Skeledirge|Will-O-Wisp|p2a: Blissey
|-status|p2a: Blissey|brn
|move|p2a: Blissey|Calm Mind|p2a: Blissey
|-boost|p2a: Blissey|spa|1
|-boost|p2a: Blissey|spd|1
|
|-damage|p2a: Blissey|94/100 brn|[from] brn
|upkeep
|turn|3
|c| Moms Credit Card|Im his mother
|
|t:|1760329988
|move|p1a: Skeledirge|Shadow Ball|p2a: Blissey
|-immune|p2a: Blissey
|move|p2a: Blissey|Calm Mind|p2a: Blissey
|-boost|p2a: Blissey|spa|1
|-boost|p2a: Blissey|spd|1
|
|-heal|p2a: Blissey|100/100 brn|[from] item: Leftovers
|-damage|p2a: Blissey|94/100 brn|[from] brn
|upkeep
|turn|4
|
|t:|1760330001
|switch|p1a: Scizor|Scizor, M|100/100
|move|p2a: Blissey|Calm Mind|p2a: Blissey
|-boost|p2a: Blissey|spa|1
|-boost|p2a: Blissey|spd|1
|
|-heal|p2a: Blissey|100/100 brn|[from] item: Leftovers
|-damage|p2a: Blissey|94/100 brn|[from] brn
|upkeep
|turn|5
|
|t:|1760330010
|move|p1a: Scizor|Knock Off|p2a: Blissey
|-damage|p2a: Blissey|33/100 brn
|-enditem|p2a: Blissey|Leftovers|[from] move: Knock Off|[of] p1a: Scizor
|move|p2a: Blissey|Seismic Toss|p1a: Scizor
|-damage|p1a: Scizor|71/100
|
|-damage|p2a: Blissey|27/100 brn|[from] brn
|upkeep
|turn|6
|c| Moms Credit Card|I have to embarrass him in front of ppl or the lesson won't sink in. He has a serious problem
|
|t:|1760330020
|-curestatus|p2a: Blissey|brn|[from] ability: Natural Cure
|switch|p2a: Alomomola|Alomomola, F|100/100
|move|p1a: Scizor|Bullet Punch|p2a: Alomomola
|-resisted|p2a: Alomomola
|-damage|p2a: Alomomola|92/100
|
|upkeep
|turn|7
|
|t:|1760330030
|move|p1a: Scizor|Defog|p2a: Alomomola
|-unboost|p2a: Alomomola|evasion|1
|-sideend|p1: Mazu623|Stealth Rock|[from] move: Defog|[of] p1a: Scizor
|move|p2a: Alomomola|Wish|p2a: Alomomola
|
|upkeep
|turn|8
|
|t:|1760330037
|move|p1a: Scizor|U-turn|p2a: Alomomola
|-damage|p2a: Alomomola|70/100
|
|t:|1760330046
|switch|p1a: Ursaluna|Ursaluna, M|100/100|[from] U-turn
|move|p2a: Alomomola|Flip Turn|p1a: Ursaluna
|-supereffective|p1a: Ursaluna
|-damage|p1a: Ursaluna|76/100
|
|t:|1760330061
|switch|p2a: Great Tusk|Great Tusk|100/100|[from] Flip Turn
|-enditem|p2a: Great Tusk|Booster Energy
|-activate|p2a: Great Tusk|ability: Protosynthesis|[fromitem]
|-start|p2a: Great Tusk|protosynthesisspe
|
|-status|p1a: Ursaluna|brn|[from] item: Flame Orb
|upkeep
|turn|9
|
|t:|1760330071
|switch|p1a: Bronzong|Bronzong|100/100
|move|p2a: Great Tusk|Ice Spinner|p1a: Bronzong
|-resisted|p1a: Bronzong
|-damage|p1a: Bronzong|89/100
|
|-heal|p1a: Bronzong|95/100|[from] item: Leftovers
|upkeep
|turn|10
|c| Moms Credit Card|he's silent because he knows hes in the wrong
|
|t:|1760330079
|move|p2a: Great Tusk|Bulk Up|p2a: Great Tusk
|-boost|p2a: Great Tusk|atk|1
|-boost|p2a: Great Tusk|def|1
|move|p1a: Bronzong|Trick Room|p1a: Bronzong
|-fieldstart|move: Trick Room|[of] p1a: Bronzong
|
|-heal|p1a: Bronzong|100/100|[from] item: Leftovers
|upkeep
|turn|11
|
|t:|1760330098
|-terastallize|p1a: Bronzong|Steel
|move|p1a: Bronzong|Gyro Ball|p2a: Great Tusk
|-damage|p2a: Great Tusk|63/100
|move|p2a: Great Tusk|Rapid Spin|p1a: Bronzong
|-resisted|p1a: Bronzong
|-damage|p1a: Bronzong|91/100
|-boost|p2a: Great Tusk|spe|1
|
|-heal|p1a: Bronzong|98/100|[from] item: Leftovers
|upkeep
|turn|12
|
|t:|1760330108
|move|p1a: Bronzong|Gyro Ball|p2a: Great Tusk
|-damage|p2a: Great Tusk|28/100
|move|p2a: Great Tusk|Ice Spinner|p1a: Bronzong
|-resisted|p1a: Bronzong
|-damage|p1a: Bronzong|81/100
|
|-heal|p1a: Bronzong|87/100|[from] item: Leftovers
|upkeep
|turn|13
|-message|epichackergirl forfeited.
|
|win|Mazu623
|raw|Mazu623's rating: 1125 &rarr; <strong>1148</strong><br />(+23 for winning)
|raw|epichackergirl's rating: 1097 &rarr; <strong>1074</strong><br />(-23 for losing)
|l|☆epichackergirl
|player|p2|
|l|☆Mazu623
|player|p1|
|l| Moms Credit Card
