|badge|p2|silver|gen9doublesou|30-7
|badge|p2|bronze|gen9ru|100-7
|uhtml|medal-msg|<div class="broadcast-blue">Curious what those medals under the avatar are? PS now has Ladder Seasons! For more information, check out the <a href="https://www.smogon.com/forums/threads/3740067/">thread on Smogon.</a></div>
|j|☆dook dookie
|j|☆3idk
|t:|1760432388
|gametype|singles
|player|p1|dook dookie|unknownf|1610
|player|p2|3idk|cynthia-masters|1683
|gen|9
|tier|[Gen 9] OU
|rated|
|rule|HP Percentage Mod: HP is shown in percentages
|rule|Endless Battle Clause: Forcing endless battles is banned
|rule|Species Clause: Limit one of each Pokémon
|rule|OHKO Clause: OHKO moves are banned
|rule|Evasion Items Clause: Evasion items are banned
|rule|Evasion Moves Clause: Evasion moves are banned
|rule|Evasion Abilities Clause: Evasion abilities are banned
|rule|Sleep Moves Clause: Sleep-inducing moves are banned
|clearpoke
|poke|p1|Tyranitar, M|
|poke|p1|Excadrill, F|
|poke|p1|Zapdos|
|poke|p1|Gholdengo|
|poke|p1|Ogerpon-Wellspring, F|
|poke|p1|Kingambit, F|
|poke|p2|Pelipper, F|
|poke|p2|Tornadus-Therian, M|
|poke|p2|Iron Treads|
|poke|p2|Decidueye-Hisui, F|
|poke|p2|Barraskewda, M|
|poke|p2|Raging Bolt|
|teampreview
|inactive|Battle timer is ON: inactive players will automatically lose when time's up. (requested by 3idk)
|
|t:|1760432407
|teamsize|p1|6
|teamsize|p2|6
|start
|switch|p1a: Zapdos|Zapdos|100/100
|switch|p2a: Tornadus|Tornadus-Therian, M|100/100
|turn|1
|
|t:|1760432418
|switch|p1a: Ogerpon|Ogerpon-Wellspring, F|100/100
|switch|p2a: Iron Treads|Iron Treads|100/100
|
|upkeep
|turn|2
|
|t:|1760432447
|switch|p1a: Gholdengo|Gholdengo, shiny|100/100
|-end|p2a: Iron Treads|Quark Drive|[silent]
|switch|p2a: Decidueye|Decidueye-Hisui, F|100/100
|
|upkeep
|turn|3
|inactive|dook dookie has 120 seconds left.
|
|t:|1760432465
|move|p1a: Gholdengo|Make It Rain|p2a: Decidueye
|-damage|p2a: Decidueye|3/100
|-unboost|p1a: Gholdengo|spa|1
|move|p2a: Decidueye|Triple Arrows|p1a: Gholdengo
|-supereffective|p1a: Gholdengo
|-crit|p1a: Gholdengo
|-damage|p1a: Gholdengo|0 fnt
|faint|p1a: Gholdengo
|
|upkeep
|inactive|dook dookie has 120 seconds left.
|
|t:|1760432478
|switch|p1a: Ogerpon|Ogerpon-Wellspring, F|100/100
|turn|4
|
|t:|1760432484
|move|p1a: Ogerpon|Trailblaze|p2a: Decidueye
|-resisted|p2a: Decidueye
|-damage|p2a: Decidueye|0 fnt
|-boost|p1a: Ogerpon|spe|1
|-damage|p1a: Ogerpon|84/100|[from] item: Rocky Helmet|[of] p2a: Decidueye
|faint|p2a: Decidueye
|
|upkeep
|
|t:|1760432498
|switch|p2a: Tornadus|Tornadus-Therian, M|100/100
|turn|5
|inactive|dook dookie has 120 seconds left.
|
|t:|1760432519
|switch|p1a: Tyranitar|Tyranitar, M, shiny|100/100
|-weather|Sandstorm|[from] ability: Sand Stream|[of] p1a: Tyranitar
|switch|p2a: Pelipper|Pelipper, F|100/100
|-weather|RainDance|[from] ability: Drizzle|[of] p2a: Pelipper
|
|-weather|RainDance|[upkeep]
|upkeep
|turn|6
|
|t:|1760432525
|switch|p2a: Iron Treads|Iron Treads|100/100
|move|p1a: Tyranitar|Stone Edge|p2a: Iron Treads
|-resisted|p2a: Iron Treads
|-damage|p2a: Iron Treads|83/100
|
|-weather|RainDance|[upkeep]
|-heal|p2a: Iron Treads|89/100|[from] item: Leftovers
|upkeep
|turn|7
|
|t:|1760432537
|-end|p2a: Iron Treads|Quark Drive|[silent]
|switch|p2a: Tornadus|Tornadus-Therian, M|100/100
|switch|p1a: Excadrill|Excadrill, F, shiny|100/100
|-item|p1a: Excadrill|Air Balloon
|
|-weather|RainDance|[upkeep]
|upkeep
|turn|8
|
|t:|1760432550
|switch|p1a: Tyranitar|Tyranitar, M, shiny|100/100
|-weather|Sandstorm|[from] ability: Sand Stream|[of] p1a: Tyranitar
|move|p2a: Tornadus|Weather Ball|p1a: Tyranitar
|-damage|p1a: Tyranitar|71/100
|
|-weather|Sandstorm|[upkeep]
|-damage|p2a: Tornadus|94/100|[from] Sandstorm
|upkeep
|turn|9
|
|t:|1760432569
|switch|p2a: Iron Treads|Iron Treads|89/100
|move|p1a: Tyranitar|Knock Off|p2a: Iron Treads
|-crit|p2a: Iron Treads
|-damage|p2a: Iron Treads|0 fnt
|-enditem|p2a: Iron Treads|Leftovers|[from] move: Knock Off|[of] p1a: Tyranitar
|faint|p2a: Iron Treads
|-end|p2a: Iron Treads|Quark Drive|[silent]
|
|-weather|Sandstorm|[upkeep]
|upkeep
|
|t:|1760432575
|switch|p2a: Barraskewda|Barraskewda, M|100/100
|turn|10
|
|t:|1760432594
|switch|p1a: Zapdos|Zapdos|100/100
|move|p2a: Barraskewda|Close Combat|p1a: Zapdos
|-resisted|p1a: Zapdos
|-damage|p1a: Zapdos|68/100
|-unboost|p2a: Barraskewda|def|1
|-unboost|p2a: Barraskewda|spd|1
|-damage|p2a: Barraskewda|91/100|[from] item: Life Orb
|
|-weather|Sandstorm|[upkeep]
|-damage|p1a: Zapdos|62/100|[from] Sandstorm
|-damage|p2a: Barraskewda|85/100|[from] Sandstorm
|upkeep
|turn|11
|
|t:|1760432603
|move|p1a: Zapdos|Volt Switch|p2a: Barraskewda
|-supereffective|p2a: Barraskewda
|-damage|p2a: Barraskewda|0 fnt
|faint|p2a: Barraskewda
|
|t:|1760432617
|switch|p1a: Kingambit|Kingambit, F|100/100|[from] Volt Switch
|-activate|p1a: Kingambit|ability: Supreme Overlord
|-start|p1a: Kingambit|fallen1|[silent]
|
|-weather|Sandstorm|[upkeep]
|upkeep
|
|t:|1760432623
|switch|p2a: Tornadus|Tornadus-Therian, M|100/100
|turn|12
|
|t:|1760432638
|move|p1a: Kingambit|Sucker Punch|p2a: Tornadus
|-damage|p2a: Tornadus|41/100
|move|p2a: Tornadus|Focus Blast|p1a: Kingambit
|-supereffective|p1a: Kingambit
|-damage|p1a: Kingambit|0 fnt
|faint|p1a: Kingambit
|-end|p1a: Kingambit|fallen1|[silent]
|
|-weather|none
|upkeep
|
|t:|1760432646
|switch|p1a: Zapdos|Zapdos|62/100
|turn|13
|
|t:|1760432651
|switch|p2a: Raging Bolt|Raging Bolt|100/100
|-enditem|p2a: Raging Bolt|Booster Energy
|-activate|p2a: Raging Bolt|ability: Protosynthesis|[fromitem]
|-start|p2a: Raging Bolt|protosynthesisspa
|move|p1a: Zapdos|Volt Switch|p2a: Raging Bolt
|-resisted|p2a: Raging Bolt
|-damage|p2a: Raging Bolt|93/100
|
|t:|1760432655
|switch|p1a: Tyranitar|Tyranitar, M, shiny|71/100|[from] Volt Switch
|-weather|Sandstorm|[from] ability: Sand Stream|[of] p1a: Tyranitar
|
|-weather|Sandstorm|[upkeep]
|-damage|p2a: Raging Bolt|87/100|[from] Sandstorm
|upkeep
|turn|14
|
|t:|1760432665
|move|p2a: Raging Bolt|Dragon Pulse|p1a: Tyranitar
|-damage|p1a: Tyranitar|27/100
|move|p1a: Tyranitar|Stone Edge|p2a: Raging Bolt
|-damage|p2a: Raging Bolt|12/100
|
|-weather|Sandstorm|[upkeep]
|-damage|p2a: Raging Bolt|6/100|[from] Sandstorm
|upkeep
|turn|15
|
|t:|1760432680
|move|p2a: Raging Bolt|Dragon Pulse|p1a: Tyranitar
|-damage|p1a: Tyranitar|0 fnt
|faint|p1a: Tyranitar
|
|-weather|Sandstorm|[upkeep]
|-damage|p2a: Raging Bolt|0 fnt|[from] Sandstorm
|faint|p2a: Raging Bolt
|-end|p2a: Raging Bolt|Protosynthesis|[silent]
|upkeep
|
|t:|1760432687
|switch|p2a: Tornadus|Tornadus-Therian, M|74/100
|switch|p1a: Zapdos|Zapdos|62/100
|turn|16
|
|t:|1760432693
|move|p1a: Zapdos|Volt Switch|p2a: Tornadus
|-supereffective|p2a: Tornadus
|-damage|p2a: Tornadus|0 fnt
|faint|p2a: Tornadus
|
|t:|1760432698
|switch|p1a: Ogerpon|Ogerpon-Wellspring, F|84/100|[from] Volt Switch
|
|-weather|Sandstorm|[upkeep]
|-damage|p1a: Ogerpon|78/100|[from] Sandstorm
|upkeep
|
|t:|1760432704
|switch|p2a: Pelipper|Pelipper, F|100/100
|-weather|RainDance|[from] ability: Drizzle|[of] p2a: Pelipper
|turn|17
|j| iamfrhaan007
|
|t:|1760432719
|switch|p1a: Excadrill|Excadrill, F, shiny|100/100
|-item|p1a: Excadrill|Air Balloon
|move|p2a: Pelipper|Hurricane|p1a: Excadrill
|-resisted|p1a: Excadrill
|-damage|p1a: Excadrill|75/100
|-enditem|p1a: Excadrill|Air Balloon
|
|-weather|RainDance|[upkeep]
|upkeep
|turn|18
|
|t:|1760432725
|move|p1a: Excadrill|Swords Dance|p1a: Excadrill
|-boost|p1a: Excadrill|atk|2
|move|p2a: Pelipper|Surf|p1a: Excadrill
|-supereffective|p1a: Excadrill
|-crit|p1a: Excadrill
|-damage|p1a: Excadrill|0 fnt
|faint|p1a: Excadrill
|
|-weather|RainDance|[upkeep]
|upkeep
|
|t:|1760432726
|switch|p1a: Zapdos|Zapdos|62/100
|turn|19
|
|t:|1760432740
|-terastallize|p2a: Pelipper|Ground
|move|p1a: Zapdos|Hurricane|p2a: Pelipper
|-damage|p2a: Pelipper|22/100
|move|p2a: Pelipper|Surf|p1a: Zapdos
|-damage|p1a: Zapdos|10/100
|
|-weather|RainDance|[upkeep]
|upkeep
|turn|20
|
|t:|1760432747
|move|p1a: Zapdos|Hurricane|p2a: Pelipper
|-damage|p2a: Pelipper|0 fnt
|faint|p2a: Pelipper
|
|win|dook dookie
|raw|dook dookie's rating: 1610 &rarr; <strong>1634</strong><br />(+24 for winning)
|raw|3idk's rating: 1683 &rarr; <strong>1659</strong><br />(-24 for losing)
|l|☆3idk
|player|p2|
|l|☆dook dookie
|player|p1|
|j|☆dook dookie
|player|p1|dook dookie|unknownf|
|l|☆dook dookie
|player|p1|
