|j|☆jonnythocolin
|j|☆zh199
|t:|1760329013
|gametype|singles
|player|p1|jonnythocolin|li|1146
|player|p2|zh199|101|1205
|gen|9
|tier|[Gen 9] OU
|rated|
|rule|HP Percentage Mod: HP is shown in percentages
|rule|Endless Battle Clause: Forcing endless battles is banned
|rule|Species Clause: Limit one of each Pokémon
|rule|OHKO Clause: OHKO moves are banned
|rule|Evasion Items Clause: Evasion items are banned
|rule|Evasion Moves Clause: Evasion moves are banned
|rule|Evasion Abilities Clause: Evasion abilities are banned
|rule|Sleep Moves Clause: Sleep-inducing moves are banned
|clearpoke
|poke|p1|Clodsire, M|
|poke|p1|Skeledirge, F|
|poke|p1|Corviknight, M|
|poke|p1|Slowking, M|
|poke|p1|Meowscarada, F|
|poke|p1|Gastrodon-East, M|
|poke|p2|Torterra, F|
|poke|p2|Ninetales-Alola, F|
|poke|p2|Dragonite, M|
|poke|p2|Weezing-Galar, F|
|poke|p2|Hatterene, F|
|poke|p2|Ceruledge, M|
|teampreview
|
|t:|1760329023
|teamsize|p1|6
|teamsize|p2|6
|start
|switch|p1a: María Juana|Meowscarada, F, shiny|100/100
|switch|p2a: Ninetales|Ninetales-Alola, F|100/100
|-weather|Snowscape|[from] ability: Snow Warning|[of] p2a: Ninetales
|turn|1
|inactive|Battle timer is ON: inactive players will automatically lose when time's up. (requested by jonnythocolin)
|
|t:|1760329030
|move|p1a: María Juana|Knock Off|p2a: Ninetales
|-start|p1a: María Juana|typechange|Dark|[from] ability: Protean
|-resisted|p2a: Ninetales
|-damage|p2a: Ninetales|79/100
|-enditem|p2a: Ninetales|Light Clay|[from] move: Knock Off|[of] p1a: María Juana
|move|p2a: Ninetales|Aurora Veil|p2a: Ninetales
|-sidestart|p2: zh199|move: Aurora Veil
|
|-weather|Snowscape|[upkeep]
|upkeep
|turn|2
|
|t:|1760329041
|switch|p2a: Torterra|Torterra, F|100/100
|move|p1a: María Juana|U-turn|p2a: Torterra
|-supereffective|p2a: Torterra
|-damage|p2a: Torterra|79/100
|
|t:|1760329047
|switch|p1a: Edgar|Corviknight, M, shiny|100/100|[from] U-turn
|
|-weather|Snowscape|[upkeep]
|upkeep
|turn|3
|
|t:|1760329054
|-terastallize|p2a: Torterra|Ice
|move|p2a: Torterra|Shell Smash|p2a: Torterra
|-unboost|p2a: Torterra|def|1
|-unboost|p2a: Torterra|spd|1
|-boost|p2a: Torterra|atk|2
|-boost|p2a: Torterra|spa|2
|-boost|p2a: Torterra|spe|2
|move|p1a: Edgar|Defog|p2a: Torterra
|-unboost|p2a: Torterra|evasion|1
|-sideend|p2: zh199|move: Aurora Veil
|
|-weather|Snowscape|[upkeep]
|upkeep
|turn|4
|
|t:|1760329067
|switch|p1a: Cenorina|Skeledirge, F|100/100
|move|p2a: Torterra|Tera Blast|p1a: Cenorina|[anim] Tera Blast Ice
|-resisted|p1a: Cenorina
|-damage|p1a: Cenorina|87/100
|
|-weather|Snowscape|[upkeep]
|upkeep
|turn|5
|
|t:|1760329076
|move|p2a: Torterra|Headlong Rush|p1a: Cenorina
|-supereffective|p1a: Cenorina
|-damage|p1a: Cenorina|17/100
|-unboost|p2a: Torterra|def|1
|-unboost|p2a: Torterra|spd|1
|move|p1a: Cenorina|Will-O-Wisp|p2a: Torterra
|-status|p2a: Torterra|brn
|
|-weather|none
|-damage|p2a: Torterra|73/100 brn|[from] brn
|upkeep
|turn|6
|
|t:|1760329090
|switch|p2a: Ninetales|Ninetales-Alola, F|79/100
|-weather|Snowscape|[from] ability: Snow Warning|[of] p2a: Ninetales
|switch|p1a: Edgar|Corviknight, M, shiny|100/100
|
|-weather|Snowscape|[upkeep]
|upkeep
|turn|7
|
|t:|1760329099
|move|p2a: Ninetales|Aurora Veil|p2a: Ninetales
|-sidestart|p2: zh199|move: Aurora Veil
|move|p1a: Edgar|Iron Head|p2a: Ninetales
|-supereffective|p2a: Ninetales
|-damage|p2a: Ninetales|32/100
|
|-weather|Snowscape|[upkeep]
|upkeep
|turn|8
|
|t:|1760329106
|switch|p2a: Hatterene|Hatterene, F|100/100
|switch|p1a: Cenorina|Skeledirge, F|17/100
|
|-weather|Snowscape|[upkeep]
|upkeep
|turn|9
|
|t:|1760329114
|move|p1a: Cenorina|Slack Off|p1a: Cenorina
|-heal|p1a: Cenorina|67/100
|move|p2a: Hatterene|Psychic Noise|p1a: Cenorina
|-damage|p1a: Cenorina|22/100
|-start|p1a: Cenorina|move: Heal Block
|
|-weather|Snowscape|[upkeep]
|upkeep
|turn|10
|
|t:|1760329126
|switch|p1a: Mojoncito|Clodsire, M|100/100
|move|p2a: Hatterene|Dazzling Gleam|p1a: Mojoncito
|-resisted|p1a: Mojoncito
|-damage|p1a: Mojoncito|88/100
|
|-weather|none
|-heal|p1a: Mojoncito|94/100|[from] item: Leftovers
|upkeep
|turn|11
|
|t:|1760329140
|-terastallize|p1a: Mojoncito|Water
|move|p2a: Hatterene|Psychic Noise|p1a: Mojoncito
|-damage|p1a: Mojoncito|69/100
|-start|p1a: Mojoncito|move: Heal Block
|move|p1a: Mojoncito|Curse|p1a: Mojoncito
|-unboost|p1a: Mojoncito|spe|1
|-boost|p1a: Mojoncito|atk|1
|-boost|p1a: Mojoncito|def|1
|
|-sideend|p2: zh199|move: Aurora Veil
|upkeep
|turn|12
|
|t:|1760329161
|switch|p2a: Ninetales|Ninetales-Alola, F|32/100
|-weather|Snowscape|[from] ability: Snow Warning|[of] p2a: Ninetales
|move|p1a: Mojoncito|Toxic|p2a: Ninetales
|-status|p2a: Ninetales|tox
|
|-weather|Snowscape|[upkeep]
|-damage|p2a: Ninetales|26/100 tox|[from] psn
|-end|p1a: Mojoncito|move: Heal Block
|upkeep
|turn|13
|
|t:|1760329171
|move|p2a: Ninetales|Aurora Veil|p2a: Ninetales
|-sidestart|p2: zh199|move: Aurora Veil
|move|p1a: Mojoncito|Curse|p1a: Mojoncito
|-unboost|p1a: Mojoncito|spe|1
|-boost|p1a: Mojoncito|atk|1
|-boost|p1a: Mojoncito|def|1
|
|-weather|Snowscape|[upkeep]
|-heal|p1a: Mojoncito|75/100|[from] item: Leftovers
|-damage|p2a: Ninetales|14/100 tox|[from] psn
|upkeep
|turn|14
|
|t:|1760329181
|move|p2a: Ninetales|Encore|p1a: Mojoncito
|-start|p1a: Mojoncito|Encore
|move|p1a: Mojoncito|Curse|p1a: Mojoncito
|-unboost|p1a: Mojoncito|spe|1
|-boost|p1a: Mojoncito|atk|1
|-boost|p1a: Mojoncito|def|1
|
|-weather|Snowscape|[upkeep]
|-heal|p1a: Mojoncito|81/100|[from] item: Leftovers
|-damage|p2a: Ninetales|0 fnt|[from] psn
|faint|p2a: Ninetales
|upkeep
|
|t:|1760329188
|switch|p2a: Weezing|Weezing-Galar, F|100/100
|-ability|p2a: Weezing|Neutralizing Gas
|turn|15
|
|t:|1760329196
|move|p2a: Weezing|Will-O-Wisp|p1a: Mojoncito|[miss]
|-miss|p2a: Weezing|p1a: Mojoncito
|move|p1a: Mojoncito|Curse|p1a: Mojoncito
|-unboost|p1a: Mojoncito|spe|1
|-boost|p1a: Mojoncito|atk|1
|-boost|p1a: Mojoncito|def|1
|
|-weather|Snowscape|[upkeep]
|-heal|p1a: Mojoncito|87/100|[from] item: Leftovers
|upkeep
|turn|16
|
|t:|1760329206
|move|p2a: Weezing|Sludge Bomb|p1a: Mojoncito
|-crit|p1a: Mojoncito
|-damage|p1a: Mojoncito|66/100
|move|p1a: Mojoncito|Curse|p1a: Mojoncito
|-unboost|p1a: Mojoncito|spe|1
|-boost|p1a: Mojoncito|atk|1
|-boost|p1a: Mojoncito|def|1
|
|-weather|none
|-heal|p1a: Mojoncito|72/100|[from] item: Leftovers
|-end|p1a: Mojoncito|Encore
|upkeep
|turn|17
|
|t:|1760329218
|move|p2a: Weezing|Will-O-Wisp|p1a: Mojoncito|[miss]
|-miss|p2a: Weezing|p1a: Mojoncito
|move|p1a: Mojoncito|Curse|p1a: Mojoncito
|-unboost|p1a: Mojoncito|spe|1
|-boost|p1a: Mojoncito|atk|1
|-boost|p1a: Mojoncito|def|1
|
|-heal|p1a: Mojoncito|78/100|[from] item: Leftovers
|-sideend|p2: zh199|move: Aurora Veil
|upkeep
|turn|18
|
|t:|1760329227
|move|p2a: Weezing|Sludge Bomb|p1a: Mojoncito
|-damage|p1a: Mojoncito|64/100
|-status|p1a: Mojoncito|psn
|move|p1a: Mojoncito|Earthquake|p2a: Weezing
|-supereffective|p2a: Weezing
|-damage|p2a: Weezing|0 fnt
|faint|p2a: Weezing
|-end|p2a: Weezing|ability: Neutralizing Gas
|
|-heal|p1a: Mojoncito|70/100 psn|[from] item: Leftovers
|-damage|p1a: Mojoncito|57/100 psn|[from] psn
|upkeep
|
|t:|1760329233
|switch|p2a: Ceruledge|Ceruledge, M|100/100
|turn|19
|
|t:|1760329242
|move|p2a: Ceruledge|Poltergeist|p1a: Mojoncito
|-activate|p1a: Mojoncito|move: Poltergeist|Leftovers
|-damage|p1a: Mojoncito|41/100 psn
|move|p1a: Mojoncito|Recover|p1a: Mojoncito
|-heal|p1a: Mojoncito|91/100 psn
|
|-heal|p1a: Mojoncito|97/100 psn|[from] item: Leftovers
|-damage|p1a: Mojoncito|85/100 psn|[from] psn
|upkeep
|turn|20
|
|t:|1760329254
|move|p2a: Ceruledge|Poltergeist|p1a: Mojoncito
|-activate|p1a: Mojoncito|move: Poltergeist|Leftovers
|-damage|p1a: Mojoncito|68/100 psn
|move|p1a: Mojoncito|Toxic|p2a: Ceruledge|[miss]
|-miss|p1a: Mojoncito|p2a: Ceruledge
|
|-heal|p1a: Mojoncito|74/100 psn|[from] item: Leftovers
|-damage|p1a: Mojoncito|61/100 psn|[from] psn
|upkeep
|turn|21
|
|t:|1760329264
|switch|p2a: Hatterene|Hatterene, F|100/100
|move|p1a: Mojoncito|Recover|p1a: Mojoncito
|-heal|p1a: Mojoncito|100/100 psn
|
|-damage|p1a: Mojoncito|88/100 psn|[from] psn
|upkeep
|turn|22
|-message|zh199 forfeited.
|
|win|jonnythocolin
|raw|jonnythocolin's rating: 1146 &rarr; <strong>1175</strong><br />(+29 for winning)
|raw|zh199's rating: 1205 &rarr; <strong>1176</strong><br />(-29 for losing)
|l|☆zh199
|player|p2|
|c|☆jonnythocolin|GG
|l|☆jonnythocolin
|player|p1|
