|j|☆BobbyAxe1
|j|☆lykatuchi
|t:|1760303114
|gametype|singles
|player|p1|BobbyAxe1|gambler|1436
|player|p2|lykatuchi|ethan|1410
|gen|9
|tier|[Gen 9] OU
|rated|
|rule|HP Percentage Mod: HP is shown in percentages
|rule|Endless Battle Clause: Forcing endless battles is banned
|rule|Species Clause: Limit one of each Pokémon
|rule|OHKO Clause: OHKO moves are banned
|rule|Evasion Items Clause: Evasion items are banned
|rule|Evasion Moves Clause: Evasion moves are banned
|rule|Evasion Abilities Clause: Evasion abilities are banned
|rule|Sleep Moves Clause: Sleep-inducing moves are banned
|clearpoke
|poke|p1|Vileplume, F|
|poke|p1|Tyranitar, M|
|poke|p1|Reuniclus, F|
|poke|p1|Spiritomb, F|
|poke|p1|Heracross, F|
|poke|p1|Zoroark-Hisui, F|
|poke|p2|Ogerpon-Wellspring, F|
|poke|p2|Dragapult, M|
|poke|p2|Zapdos|
|poke|p2|Iron Treads|
|poke|p2|Iron Valiant|
|poke|p2|Primarina, M|
|teampreview
|inactive|Battle timer is ON: inactive players will automatically lose when time's up. (requested by lykatuchi)
|
|t:|1760303152
|teamsize|p1|6
|teamsize|p2|6
|start
|switch|p1a: Spiritomb|Spiritomb, F|100/100
|switch|p2a: Iron Treads|Iron Treads|100/100
|turn|1
|
|t:|1760303159
|move|p2a: Iron Treads|Stealth Rock|p1a: Spiritomb
|-sidestart|p1: BobbyAxe1|move: Stealth Rock
|move|p1a: Spiritomb|Flamethrower|p2a: Iron Treads
|-supereffective|p2a: Iron Treads
|-damage|p2a: Iron Treads|0 fnt
|faint|p2a: Iron Treads
|-end|p2a: Iron Treads|Quark Drive|[silent]
|-damage|p1a: Spiritomb|91/100|[from] item: Life Orb
|
|upkeep
|
|t:|1760303163
|switch|p2a: Primarina|Primarina, M|100/100
|turn|2
|
|t:|1760303174
|move|p1a: Spiritomb|Poltergeist|p2a: Primarina
|-activate|p2a: Primarina|move: Poltergeist|Leftovers
|-damage|p2a: Primarina|10/100
|-damage|p1a: Spiritomb|81/100|[from] item: Life Orb
|move|p2a: Primarina|Moonblast|p1a: Spiritomb
|-crit|p1a: Spiritomb
|-damage|p1a: Spiritomb|0 fnt
|replace|p1a: Zoroark|Zoroark-Hisui, F
|-end|p1a: Zoroark|Illusion
|faint|p1a: Zoroark
|
|-heal|p2a: Primarina|16/100|[from] item: Leftovers
|upkeep
|
|t:|1760303195
|switch|p1a: Heracross|Heracross, F|100/100
|-damage|p1a: Heracross|88/100|[from] Stealth Rock
|turn|3
|
|t:|1760303203
|move|p1a: Heracross|Knock Off|p2a: Primarina
|-resisted|p2a: Primarina
|-damage|p2a: Primarina|0 fnt
|-enditem|p2a: Primarina|Leftovers|[from] move: Knock Off|[of] p1a: Heracross
|faint|p2a: Primarina
|
|-heal|p1a: Heracross|94/100|[from] item: Leftovers
|upkeep
|
|t:|1760303209
|switch|p2a: Iron Valiant|Iron Valiant|100/100
|-enditem|p2a: Iron Valiant|Booster Energy
|-activate|p2a: Iron Valiant|ability: Quark Drive|[fromitem]
|-start|p2a: Iron Valiant|quarkdrivespe
|turn|4
|
|t:|1760303216
|switch|p1a: Vileplume|Vileplume, F|100/100
|-damage|p1a: Vileplume|88/100|[from] Stealth Rock
|move|p2a: Iron Valiant|Moonblast|p1a: Vileplume
|-resisted|p1a: Vileplume
|-damage|p1a: Vileplume|69/100
|-unboost|p1a: Vileplume|spa|1
|
|-heal|p1a: Vileplume|75/100|[from] item: Black Sludge
|upkeep
|turn|5
|
|t:|1760303228
|-end|p2a: Iron Valiant|Quark Drive|[silent]
|switch|p2a: Zapdos|Zapdos|100/100
|move|p1a: Vileplume|Toxic|p2a: Zapdos
|-status|p2a: Zapdos|tox
|
|-heal|p1a: Vileplume|81/100|[from] item: Black Sludge
|-damage|p2a: Zapdos|94/100 tox|[from] psn
|upkeep
|turn|6
|
|t:|1760303238
|switch|p1a: Tyranitar|Tyranitar, M|100/100
|-damage|p1a: Tyranitar|88/100|[from] Stealth Rock
|-weather|Sandstorm|[from] ability: Sand Stream|[of] p1a: Tyranitar
|move|p2a: Zapdos|Hurricane|p1a: Tyranitar
|-resisted|p1a: Tyranitar
|-damage|p1a: Tyranitar|75/100
|
|-weather|Sandstorm|[upkeep]
|-damage|p2a: Zapdos|88/100 tox|[from] Sandstorm
|-heal|p1a: Tyranitar|81/100|[from] item: Leftovers
|-damage|p2a: Zapdos|76/100 tox|[from] psn
|upkeep
|turn|7
|
|t:|1760303255
|move|p2a: Zapdos|Volt Switch|p1a: Tyranitar
|-damage|p1a: Tyranitar|65/100
|
|t:|1760303258
|switch|p2a: Iron Valiant|Iron Valiant|100/100|[from] Volt Switch
|move|p1a: Tyranitar|Knock Off|p2a: Iron Valiant
|-resisted|p2a: Iron Valiant
|-damage|p2a: Iron Valiant|88/100
|
|-weather|Sandstorm|[upkeep]
|-damage|p2a: Iron Valiant|82/100|[from] Sandstorm
|-heal|p1a: Tyranitar|72/100|[from] item: Leftovers
|upkeep
|turn|8
|
|t:|1760303269
|switch|p1a: Vileplume|Vileplume, F|81/100
|-damage|p1a: Vileplume|69/100|[from] Stealth Rock
|move|p2a: Iron Valiant|Close Combat|p1a: Vileplume
|-resisted|p1a: Vileplume
|-damage|p1a: Vileplume|41/100
|-unboost|p2a: Iron Valiant|def|1
|-unboost|p2a: Iron Valiant|spd|1
|-status|p2a: Iron Valiant|par|[from] ability: Effect Spore|[of] p1a: Vileplume
|
|-weather|Sandstorm|[upkeep]
|-damage|p2a: Iron Valiant|76/100 par|[from] Sandstorm
|-damage|p1a: Vileplume|35/100|[from] Sandstorm
|-heal|p1a: Vileplume|41/100|[from] item: Black Sludge
|upkeep
|turn|9
|
|t:|1760303283
|cant|p2a: Iron Valiant|par
|move|p1a: Vileplume|Strength Sap|p2a: Iron Valiant
|-unboost|p2a: Iron Valiant|atk|1
|-heal|p1a: Vileplume|100/100
|
|-weather|Sandstorm|[upkeep]
|-damage|p2a: Iron Valiant|69/100 par|[from] Sandstorm
|-damage|p1a: Vileplume|94/100|[from] Sandstorm
|-heal|p1a: Vileplume|100/100|[from] item: Black Sludge
|upkeep
|turn|10
|
|t:|1760303294
|move|p2a: Iron Valiant|Encore|p1a: Vileplume
|-start|p1a: Vileplume|Encore
|move|p1a: Vileplume|Strength Sap|p2a: Iron Valiant
|-unboost|p2a: Iron Valiant|atk|1
|
|-weather|none
|upkeep
|turn|11
|
|t:|1760303308
|-end|p2a: Iron Valiant|Quark Drive|[silent]
|switch|p2a: Ogerpon|Ogerpon-Wellspring, F|100/100
|switch|p1a: Heracross|Heracross, F|94/100
|-damage|p1a: Heracross|82/100|[from] Stealth Rock
|
|-heal|p1a: Heracross|88/100|[from] item: Leftovers
|upkeep
|turn|12
|
|t:|1760303317
|move|p2a: Ogerpon|Swords Dance|p2a: Ogerpon
|-boost|p2a: Ogerpon|atk|2
|move|p1a: Heracross|Lunge|p2a: Ogerpon
|-supereffective|p2a: Ogerpon
|-crit|p2a: Ogerpon
|-damage|p2a: Ogerpon|0 fnt
|faint|p2a: Ogerpon
|
|-heal|p1a: Heracross|94/100|[from] item: Leftovers
|upkeep
|-message|lykatuchi forfeited.
|
|win|BobbyAxe1
|raw|BobbyAxe1's rating: 1436 &rarr; <strong>1455</strong><br />(+19 for winning)
|raw|lykatuchi's rating: 1410 &rarr; <strong>1391</strong><br />(-19 for losing)
|l|☆lykatuchi
|player|p2|
|l|☆BobbyAxe1
|player|p1|
