|j|☆KushTheGoat
|j|☆mickeyumbra
|t:|1760303537
|gametype|singles
|player|p1|KushTheGoat|102|1237
|player|p2|mickeyumbra|bruno|1243
|gen|9
|tier|[Gen 9] OU
|rated|
|rule|HP Percentage Mod: HP is shown in percentages
|rule|Endless Battle Clause: Forcing endless battles is banned
|rule|Species Clause: Limit one of each Pokémon
|rule|OHKO Clause: OHKO moves are banned
|rule|Evasion Items Clause: Evasion items are banned
|rule|Evasion Moves Clause: Evasion moves are banned
|rule|Evasion Abilities Clause: Evasion abilities are banned
|rule|Sleep Moves Clause: Sleep-inducing moves are banned
|clearpoke
|poke|p1|Dragonite, M|
|poke|p1|Kingambit, M|
|poke|p1|Slowking-Galar, F|
|poke|p1|Great Tusk|
|poke|p1|Iron Crown|
|poke|p1|Kyurem|
|poke|p2|Bagon, M|
|poke|p2|Psyduck, M|
|poke|p2|Quilava, M|
|poke|p2|Impidimp, M|
|poke|p2|Scraggy, F|
|poke|p2|Chansey, F|
|teampreview
|inactive|Battle timer is ON: inactive players will automatically lose when time's up. (requested by mickeyumbra)
|
|t:|1760303548
|teamsize|p1|6
|teamsize|p2|6
|start
|switch|p1a: Kyurem|Kyurem|100/100
|switch|p2a: Impidimp|Impidimp, M|100/100
|-ability|p1a: Kyurem|Pressure
|turn|1
|
|t:|1760303558
|move|p2a: Impidimp|Light Screen|p2a: Impidimp
|-sidestart|p2: mickeyumbra|move: Light Screen
|move|p1a: Kyurem|Freeze-Dry|p2a: Impidimp
|-damage|p2a: Impidimp|77/100
|
|upkeep
|turn|2
|
|t:|1760303568
|move|p1a: Kyurem|Substitute|p1a: Kyurem
|-start|p1a: Kyurem|Substitute
|-damage|p1a: Kyurem|76/100
|move|p2a: Impidimp|Dazzling Gleam|p1a: Kyurem
|-supereffective|p1a: Kyurem
|-end|p1a: Kyurem|Substitute
|
|-heal|p1a: Kyurem|82/100|[from] item: Leftovers
|upkeep
|turn|3
|
|t:|1760303575
|switch|p1a: Iron Crown|Iron Crown|100/100
|move|p2a: Impidimp|Dazzling Gleam|p1a: Iron Crown
|-resisted|p1a: Iron Crown
|-damage|p1a: Iron Crown|92/100
|
|-heal|p1a: Iron Crown|99/100|[from] item: Leftovers
|upkeep
|turn|4
|
|t:|1760303584
|move|p2a: Impidimp|Parting Shot|p1a: Iron Crown
|-unboost|p1a: Iron Crown|atk|1
|-unboost|p1a: Iron Crown|spa|1
|
|t:|1760303599
|switch|p2a: baby|Chansey, F|100/100|[from] Parting Shot
|move|p1a: Iron Crown|Calm Mind|p1a: Iron Crown
|-boost|p1a: Iron Crown|spa|1
|-boost|p1a: Iron Crown|spd|1
|
|-heal|p1a: Iron Crown|100/100|[from] item: Leftovers
|upkeep
|turn|5
|
|t:|1760303606
|move|p1a: Iron Crown|Calm Mind|p1a: Iron Crown
|-boost|p1a: Iron Crown|spa|1
|-boost|p1a: Iron Crown|spd|1
|move|p2a: baby|Seismic Toss|p1a: Iron Crown
|-damage|p1a: Iron Crown|69/100
|
|-heal|p1a: Iron Crown|76/100|[from] item: Leftovers
|upkeep
|turn|6
|
|t:|1760303615
|move|p1a: Iron Crown|Focus Blast|p2a: baby
|-supereffective|p2a: baby
|-damage|p2a: baby|71/100
|move|p2a: baby|Seismic Toss|p1a: Iron Crown
|-damage|p1a: Iron Crown|45/100
|
|-heal|p1a: Iron Crown|51/100|[from] item: Leftovers
|upkeep
|turn|7
|
|t:|1760303634
|move|p1a: Iron Crown|Focus Blast|p2a: baby|[miss]
|-miss|p1a: Iron Crown|p2a: baby
|move|p2a: baby|Seismic Toss|p1a: Iron Crown
|-damage|p1a: Iron Crown|20/100
|
|-heal|p1a: Iron Crown|26/100|[from] item: Leftovers
|upkeep
|turn|8
|
|t:|1760303641
|move|p1a: Iron Crown|Focus Blast|p2a: baby
|-supereffective|p2a: baby
|-damage|p2a: baby|46/100
|move|p2a: baby|Soft-Boiled|p2a: baby
|-heal|p2a: baby|96/100
|
|-heal|p1a: Iron Crown|32/100|[from] item: Leftovers
|-sideend|p2: mickeyumbra|move: Light Screen
|upkeep
|turn|9
|
|t:|1760303654
|switch|p2a: Impidimp|Impidimp, M|77/100
|move|p1a: Iron Crown|Focus Blast|p2a: Impidimp|[miss]
|-miss|p1a: Iron Crown|p2a: Impidimp
|
|-heal|p1a: Iron Crown|38/100|[from] item: Leftovers
|upkeep
|turn|10
|
|t:|1760303662
|move|p2a: Impidimp|Light Screen|p2a: Impidimp
|-sidestart|p2: mickeyumbra|move: Light Screen
|move|p1a: Iron Crown|Tachyon Cutter|p2a: Impidimp
|-supereffective|p2a: Impidimp
|-damage|p2a: Impidimp|22/100
|-supereffective|p2a: Impidimp
|-damage|p2a: Impidimp|0 fnt
|faint|p2a: Impidimp
|-hitcount|p2: Impidimp|2
|
|-heal|p1a: Iron Crown|45/100|[from] item: Leftovers
|upkeep
|
|t:|1760303667
|switch|p2a: baby|Chansey, F|96/100
|turn|11
|
|t:|1760303673
|move|p1a: Iron Crown|Tachyon Cutter|p2a: baby
|-damage|p2a: baby|87/100
|-damage|p2a: baby|79/100
|-hitcount|p2a: baby|2
|move|p2a: baby|Seismic Toss|p1a: Iron Crown
|-damage|p1a: Iron Crown|14/100
|
|-heal|p1a: Iron Crown|20/100|[from] item: Leftovers
|upkeep
|turn|12
|
|t:|1760303680
|move|p1a: Iron Crown|Tachyon Cutter|p2a: baby
|-damage|p2a: baby|70/100
|-damage|p2a: baby|61/100
|-hitcount|p2a: baby|2
|move|p2a: baby|Seismic Toss|p1a: Iron Crown
|-damage|p1a: Iron Crown|0 fnt
|faint|p1a: Iron Crown
|-end|p1a: Iron Crown|Quark Drive|[silent]
|
|upkeep
|
|t:|1760303688
|switch|p1a: Dragonite|Dragonite, M|100/100
|turn|13
|
|t:|1760303695
|move|p1a: Dragonite|Dragon Dance|p1a: Dragonite
|-boost|p1a: Dragonite|atk|1
|-boost|p1a: Dragonite|spe|1
|move|p2a: baby|Rain Dance|p2a: baby
|-weather|RainDance
|
|-weather|RainDance|[upkeep]
|upkeep
|turn|14
|
|t:|1760303720
|switch|p2a: Roger|Bagon, M|100/100
|move|p1a: Dragonite|Dragon Dance|p1a: Dragonite
|-boost|p1a: Dragonite|atk|1
|-boost|p1a: Dragonite|spe|1
|
|-weather|RainDance|[upkeep]
|upkeep
|turn|15
|
|t:|1760303728
|move|p1a: Dragonite|Earthquake|p2a: Roger
|-damage|p2a: Roger|0 fnt
|faint|p2a: Roger
|
|-weather|RainDance|[upkeep]
|upkeep
|
|t:|1760303732
|switch|p2a: headache|Psyduck, M|100/100
|turn|16
|
|t:|1760303741
|move|p1a: Dragonite|Earthquake|p2a: headache
|-damage|p2a: headache|0 fnt
|faint|p2a: headache
|
|-weather|RainDance|[upkeep]
|upkeep
|
|t:|1760303750
|switch|p2a: Tyrone|Scraggy, F|100/100
|turn|17
|
|t:|1760303753
|move|p1a: Dragonite|Earthquake|p2a: Tyrone
|-damage|p2a: Tyrone|7/100
|move|p2a: Tyrone|Dragon Dance|p2a: Tyrone
|-boost|p2a: Tyrone|atk|1
|-boost|p2a: Tyrone|spe|1
|
|-weather|RainDance|[upkeep]
|-sideend|p2: mickeyumbra|move: Light Screen
|upkeep
|turn|18
|
|t:|1760303760
|move|p1a: Dragonite|Earthquake|p2a: Tyrone
|-damage|p2a: Tyrone|0 fnt
|faint|p2a: Tyrone
|
|-weather|RainDance|[upkeep]
|upkeep
|-message|mickeyumbra forfeited.
|
|win|KushTheGoat
|raw|KushTheGoat's rating: 1237 &rarr; <strong>1262</strong><br />(+25 for winning)
|raw|mickeyumbra's rating: 1243 &rarr; <strong>1218</strong><br />(-25 for losing)
|l|☆mickeyumbra
|player|p2|
|l|☆KushTheGoat
|player|p1|
