|j|☆ju2508
|j|☆222888aL
|t:|1760440212
|gametype|singles
|player|p1|ju2508|1|1204
|player|p2|222888aL|cynthia|1155
|gen|9
|tier|[Gen 9] OU
|rated|
|rule|HP Percentage Mod: HP is shown in percentages
|rule|Endless Battle Clause: Forcing endless battles is banned
|rule|Species Clause: Limit one of each Pokémon
|rule|OHKO Clause: OHKO moves are banned
|rule|Evasion Items Clause: Evasion items are banned
|rule|Evasion Moves Clause: Evasion moves are banned
|rule|Evasion Abilities Clause: Evasion abilities are banned
|rule|Sleep Moves Clause: Sleep-inducing moves are banned
|clearpoke
|poke|p1|Trevenant, M|
|poke|p1|Rhyperior, M|
|poke|p1|Infernape, F|
|poke|p1|Honchkrow, M|
|poke|p1|Wigglytuff, M|
|poke|p1|Magnezone|
|poke|p2|Ribombee, M|
|poke|p2|Gholdengo|
|poke|p2|Thundurus-Therian, M|
|poke|p2|Ogerpon-Wellspring, F|
|poke|p2|Volcanion|
|poke|p2|Enamorus, F|
|teampreview
|inactive|Battle timer is ON: inactive players will automatically lose when time's up. (requested by ju2508)
|
|t:|1760440227
|teamsize|p1|6
|teamsize|p2|6
|start
|switch|p1a: Magnezone|Magnezone|100/100
|switch|p2a: Ribombee|Ribombee, M|100/100
|turn|1
|
|t:|1760440240
|move|p2a: Ribombee|Sticky Web|p1a: Magnezone
|-sidestart|p1: ju2508|move: Sticky Web
|move|p1a: Magnezone|Flash Cannon|p2a: Ribombee
|-supereffective|p2a: Ribombee
|-enditem|p2a: Ribombee|Focus Sash
|-damage|p2a: Ribombee|1/100
|
|upkeep
|turn|2
|
|t:|1760440247
|move|p2a: Ribombee|Moonblast|p1a: Magnezone
|-resisted|p1a: Magnezone
|-damage|p1a: Magnezone|79/100
|move|p1a: Magnezone|Flash Cannon|p2a: Ribombee
|-supereffective|p2a: Ribombee
|-damage|p2a: Ribombee|0 fnt
|faint|p2a: Ribombee
|
|upkeep
|
|t:|1760440265
|switch|p2a: Ogerpon|Ogerpon-Wellspring, F|100/100
|turn|3
|
|t:|1760440271
|switch|p1a: Trevenant|Trevenant, M|100/100
|-activate|p1a: Trevenant|move: Sticky Web
|-unboost|p1a: Trevenant|spe|1
|move|p2a: Ogerpon|Swords Dance|p2a: Ogerpon
|-boost|p2a: Ogerpon|atk|2
|
|upkeep
|turn|4
|
|t:|1760440282
|switch|p2a: Volcanion|Volcanion|100/100
|move|p1a: Trevenant|Will-O-Wisp|p2a: Volcanion
|-immune|p2a: Volcanion
|
|upkeep
|turn|5
|
|t:|1760440294
|switch|p1a: Wigglytuff|Wigglytuff, M|100/100
|-activate|p1a: Wigglytuff|move: Sticky Web
|-unboost|p1a: Wigglytuff|spe|1
|-ability|p1a: Wigglytuff|Competitive|boost
|-boost|p1a: Wigglytuff|spa|2
|move|p2a: Volcanion|Will-O-Wisp|p1a: Wigglytuff|[miss]
|-miss|p2a: Volcanion|p1a: Wigglytuff
|
|upkeep
|turn|6
|
|t:|1760440310
|move|p2a: Volcanion|Flamethrower|p1a: Wigglytuff
|-crit|p1a: Wigglytuff
|-damage|p1a: Wigglytuff|45/100
|move|p1a: Wigglytuff|Stealth Rock|p2a: Volcanion
|-sidestart|p2: 222888aL|move: Stealth Rock
|
|-heal|p1a: Wigglytuff|51/100|[from] item: Leftovers
|upkeep
|turn|7
|
|t:|1760440320
|move|p2a: Volcanion|Steam Eruption|p1a: Wigglytuff
|-damage|p1a: Wigglytuff|6/100
|move|p1a: Wigglytuff|Wish|p1a: Wigglytuff
|
|-heal|p1a: Wigglytuff|12/100|[from] item: Leftovers
|upkeep
|turn|8
|
|t:|1760440336
|switch|p1a: Trevenant|Trevenant, M|100/100
|-activate|p1a: Trevenant|move: Sticky Web
|-unboost|p1a: Trevenant|spe|1
|move|p2a: Volcanion|Will-O-Wisp|p1a: Trevenant
|-status|p1a: Trevenant|brn
|
|-damage|p1a: Trevenant|94/100 brn|[from] brn
|upkeep
|turn|9
|
|t:|1760440346
|move|p2a: Volcanion|Flamethrower|p1a: Trevenant
|-supereffective|p1a: Trevenant
|-damage|p1a: Trevenant|0 fnt
|faint|p1a: Trevenant
|
|upkeep
|
|t:|1760440352
|switch|p1a: Honchkrow|Honchkrow, M|100/100
|turn|10
|
|t:|1760440356
|move|p1a: Honchkrow|Brave Bird|p2a: Volcanion
|-damage|p2a: Volcanion|26/100
|-damage|p1a: Honchkrow|76/100|[from] Recoil
|-damage|p1a: Honchkrow|66/100|[from] item: Life Orb
|move|p2a: Volcanion|Will-O-Wisp|p1a: Honchkrow
|-status|p1a: Honchkrow|brn
|
|-damage|p1a: Honchkrow|60/100 brn|[from] brn
|upkeep
|turn|11
|
|t:|1760440367
|switch|p2a: Thundurus|Thundurus-Therian, M|100/100
|-damage|p2a: Thundurus|75/100|[from] Stealth Rock
|move|p1a: Honchkrow|Thunder Wave|p2a: Thundurus
|-heal|p2a: Thundurus|100/100|[from] ability: Volt Absorb|[of] p1a: Honchkrow
|
|-damage|p1a: Honchkrow|54/100 brn|[from] brn
|upkeep
|turn|12
|-message|ju2508 forfeited.
|
|win|222888aL
|raw|ju2508's rating: 1204 &rarr; <strong>1175</strong><br />(-29 for losing)
|raw|222888aL's rating: 1155 &rarr; <strong>1184</strong><br />(+29 for winning)
|l|☆ju2508
|player|p1|
|l|☆222888aL
|player|p2|
