|j|☆Fan de Jungko
|j|☆n1ckfuent3s
|t:|1760458992
|gametype|singles
|player|p1|Fan de Jungko|swimmer|1340
|player|p2|n1ckfuent3s|lucas|1360
|gen|9
|tier|[Gen 9] OU
|rated|
|rule|HP Percentage Mod: HP is shown in percentages
|rule|Endless Battle Clause: Forcing endless battles is banned
|rule|Species Clause: Limit one of each Pokémon
|rule|OHKO Clause: OHKO moves are banned
|rule|Evasion Items Clause: Evasion items are banned
|rule|Evasion Moves Clause: Evasion moves are banned
|rule|Evasion Abilities Clause: Evasion abilities are banned
|rule|Sleep Moves Clause: Sleep-inducing moves are banned
|clearpoke
|poke|p1|Iron Crown|
|poke|p1|Samurott-Hisui, F|
|poke|p1|Zapdos|
|poke|p1|Dragapult, F|
|poke|p1|Great Tusk|
|poke|p1|Iron Valiant|
|poke|p2|Ogerpon-Wellspring, F|
|poke|p2|Kingambit, F|
|poke|p2|Landorus-Therian, M|
|poke|p2|Glimmora, F|
|poke|p2|Dragapult, M|
|poke|p2|Iron Valiant|
|teampreview
|inactive|Battle timer is ON: inactive players will automatically lose when time's up. (requested by n1ckfuent3s)
|
|t:|1760459037
|teamsize|p1|6
|teamsize|p2|6
|start
|switch|p1a: Everytime We Touch|Samurott-Hisui, F|100/100
|switch|p2a: Landorus|Landorus-Therian, M|100/100
|-ability|p2a: Landorus|Intimidate|boost
|-unboost|p1a: Everytime We Touch|atk|1
|turn|1
|
|t:|1760459069
|move|p1a: Everytime We Touch|Flip Turn|p2a: Landorus
|-supereffective|p2a: Landorus
|-damage|p2a: Landorus|65/100
|-damage|p1a: Everytime We Touch|84/100|[from] item: Rocky Helmet|[of] p2a: Landorus
|
|t:|1760459073
|switch|p1a: Pump It|Great Tusk|100/100|[from] Flip Turn
|move|p2a: Landorus|U-turn|p1a: Pump It
|-resisted|p1a: Pump It
|-damage|p1a: Pump It|93/100
|inactive|n1ckfuent3s has 120 seconds left.
|
|t:|1760459100
|switch|p2a: Ogerpon|Ogerpon-Wellspring, F|100/100|[from] U-turn
|
|upkeep
|turn|2
|
|t:|1760459110
|-end|p1a: Pump It|Protosynthesis|[silent]
|switch|p1a: Hurikan|Zapdos|100/100
|move|p2a: Ogerpon|Ivy Cudgel|p1a: Hurikan|[anim] Ivy Cudgel Water
|-damage|p1a: Hurikan|60/100
|
|upkeep
|turn|3
|
|t:|1760459128
|switch|p2a: Glimmora|Glimmora, F|100/100
|move|p1a: Hurikan|Hurricane|p2a: Glimmora
|-resisted|p2a: Glimmora
|-damage|p2a: Glimmora|72/100
|-start|p2a: Glimmora|confusion
|
|upkeep
|turn|4
|
|t:|1760459137
|switch|p1a: Pump It|Great Tusk|93/100
|-activate|p2a: Glimmora|confusion
|move|p2a: Glimmora|Spikes|p1a: Pump It
|-sidestart|p1: Fan de Jungko|Spikes
|
|upkeep
|turn|5
|
|t:|1760459145
|switch|p2a: Ogerpon|Ogerpon-Wellspring, F|100/100
|move|p1a: Pump It|Headlong Rush|p2a: Ogerpon
|-resisted|p2a: Ogerpon
|-damage|p2a: Ogerpon|63/100
|-unboost|p1a: Pump It|def|1
|-unboost|p1a: Pump It|spd|1
|
|upkeep
|turn|6
|
|t:|1760459159
|-end|p1a: Pump It|Protosynthesis|[silent]
|switch|p1a: Everytime We Touch|Samurott-Hisui, F|84/100
|-damage|p1a: Everytime We Touch|72/100|[from] Spikes
|move|p2a: Ogerpon|Ivy Cudgel|p1a: Everytime We Touch|[anim] Ivy Cudgel Water
|-resisted|p1a: Everytime We Touch
|-crit|p1a: Everytime We Touch
|-damage|p1a: Everytime We Touch|15/100
|
|upkeep
|turn|7
|
|t:|1760459168
|switch|p2a: Landorus|Landorus-Therian, M|65/100
|-ability|p2a: Landorus|Intimidate|boost
|-unboost|p1a: Everytime We Touch|atk|1
|move|p1a: Everytime We Touch|Ceaseless Edge|p2a: Landorus|[miss]
|-miss|p1a: Everytime We Touch|p2a: Landorus
|
|upkeep
|turn|8
|
|t:|1760459174
|switch|p2a: Glimmora|Glimmora, F|72/100
|move|p1a: Everytime We Touch|Ceaseless Edge|p2a: Glimmora
|-damage|p2a: Glimmora|33/100
|-activate|p2a: Glimmora|ability: Toxic Debris
|-sidestart|p1: Fan de Jungko|move: Toxic Spikes
|-sidestart|p2: n1ckfuent3s|Spikes
|
|upkeep
|turn|9
|
|t:|1760459182
|move|p1a: Everytime We Touch|Ceaseless Edge|p2a: Glimmora
|-damage|p2a: Glimmora|0 fnt
|-activate|p2a: Glimmora|ability: Toxic Debris
|-sidestart|p1: Fan de Jungko|move: Toxic Spikes
|-sidestart|p2: n1ckfuent3s|Spikes
|faint|p2a: Glimmora
|
|upkeep
|
|t:|1760459194
|switch|p2a: Iron Valiant|Iron Valiant|100/100
|-damage|p2a: Iron Valiant|84/100|[from] Spikes
|-enditem|p2a: Iron Valiant|Booster Energy
|-activate|p2a: Iron Valiant|ability: Quark Drive|[fromitem]
|-start|p2a: Iron Valiant|quarkdrivespe
|turn|10
|
|t:|1760459200
|switch|p1a: Mindreader|Iron Crown|100/100
|-damage|p1a: Mindreader|88/100|[from] Spikes
|move|p2a: Iron Valiant|Swords Dance|p2a: Iron Valiant
|-boost|p2a: Iron Valiant|atk|2
|
|upkeep
|turn|11
|
|t:|1760459207
|-terastallize|p1a: Mindreader|Steel
|move|p2a: Iron Valiant|Knock Off|p1a: Mindreader
|-damage|p1a: Mindreader|22/100
|-enditem|p1a: Mindreader|Choice Specs|[from] move: Knock Off|[of] p2a: Iron Valiant
|move|p1a: Mindreader|Tachyon Cutter|p2a: Iron Valiant
|-supereffective|p2a: Iron Valiant
|-damage|p2a: Iron Valiant|0 fnt
|faint|p2a: Iron Valiant
|-end|p2a: Iron Valiant|Quark Drive|[silent]
|-hitcount|p2: Iron Valiant|1
|
|upkeep
|
|t:|1760459224
|switch|p2a: Dragapult|Dragapult, M|100/100
|-damage|p2a: Dragapult|84/100|[from] Spikes
|turn|12
|
|t:|1760459230
|move|p2a: Dragapult|Shadow Ball|p1a: Mindreader
|-damage|p1a: Mindreader|0 fnt
|faint|p1a: Mindreader
|-end|p1a: Mindreader|Quark Drive|[silent]
|
|upkeep
|
|t:|1760459234
|switch|p1a: Iron Valiant|Iron Valiant|100/100
|-damage|p1a: Iron Valiant|88/100|[from] Spikes
|-status|p1a: Iron Valiant|tox
|-enditem|p1a: Iron Valiant|Booster Energy
|-activate|p1a: Iron Valiant|ability: Quark Drive|[fromitem]
|-start|p1a: Iron Valiant|quarkdrivespe
|turn|13
|
|t:|1760459243
|switch|p2a: Landorus|Landorus-Therian, M|65/100
|-ability|p2a: Landorus|Intimidate|boost
|-unboost|p1a: Iron Valiant|atk|1
|move|p1a: Iron Valiant|Moonblast|p2a: Landorus
|-damage|p2a: Landorus|11/100
|
|-damage|p1a: Iron Valiant|82/100 tox|[from] psn
|upkeep
|turn|14
|
|t:|1760459255
|move|p1a: Iron Valiant|Moonblast|p2a: Landorus
|-crit|p2a: Landorus
|-damage|p2a: Landorus|0 fnt
|faint|p2a: Landorus
|
|-damage|p1a: Iron Valiant|69/100 tox|[from] psn
|upkeep
|
|t:|1760459260
|switch|p2a: Kingambit|Kingambit, F|100/100
|-damage|p2a: Kingambit|84/100|[from] Spikes
|-activate|p2a: Kingambit|ability: Supreme Overlord
|-start|p2a: Kingambit|fallen3|[silent]
|turn|15
|
|t:|1760459265
|move|p1a: Iron Valiant|Aura Sphere|p2a: Kingambit
|-supereffective|p2a: Kingambit
|-damage|p2a: Kingambit|0 fnt
|faint|p2a: Kingambit
|-end|p2a: Kingambit|fallen3|[silent]
|
|-damage|p1a: Iron Valiant|51/100 tox|[from] psn
|upkeep
|
|t:|1760459272
|switch|p2a: Dragapult|Dragapult, M|84/100
|-damage|p2a: Dragapult|68/100|[from] Spikes
|turn|16
|l|☆Fan de Jungko
|inactive|Fan de Jungko disconnected and has a minute to reconnect!
|player|p1|
|j|☆Fan de Jungko
|inactive|Fan de Jungko reconnected and has 145 seconds left.
|player|p1|Fan de Jungko|swimmer|
|
|t:|1760459286
|-terastallize|p2a: Dragapult|Ghost
|move|p1a: Iron Valiant|Moonblast|p2a: Dragapult
|-damage|p2a: Dragapult|0 fnt
|faint|p2a: Dragapult
|
|-damage|p1a: Iron Valiant|26/100 tox|[from] psn
|upkeep
|inactive|n1ckfuent3s has 120 seconds left.
|
|t:|1760459344
|switch|p2a: Ogerpon|Ogerpon-Wellspring, F|63/100
|-damage|p2a: Ogerpon|46/100|[from] Spikes
|turn|17
|
|t:|1760459353
|move|p1a: Iron Valiant|Moonblast|p2a: Ogerpon
|-damage|p2a: Ogerpon|0 fnt
|faint|p2a: Ogerpon
|
|win|Fan de Jungko
|raw|Fan de Jungko's rating: 1340 &rarr; <strong>1361</strong><br />(+21 for winning)
|raw|n1ckfuent3s's rating: 1360 &rarr; <strong>1339</strong><br />(-21 for losing)
|l|☆n1ckfuent3s
|player|p2|
