|j|☆theonreekgreyjoy
|j|☆CEO of open
|t:|1760348488
|gametype|singles
|player|p1|theonreekgreyjoy|266|1682
|player|p2|CEO of open|bugcatcher-gen4dp|1636
|gen|9
|tier|[Gen 9] OU
|rated|
|rule|HP Percentage Mod: HP is shown in percentages
|rule|Endless Battle Clause: Forcing endless battles is banned
|rule|Species Clause: Limit one of each Pokémon
|rule|OHKO Clause: OHKO moves are banned
|rule|Evasion Items Clause: Evasion items are banned
|rule|Evasion Moves Clause: Evasion moves are banned
|rule|Evasion Abilities Clause: Evasion abilities are banned
|rule|Sleep Moves Clause: Sleep-inducing moves are banned
|clearpoke
|poke|p1|Enamorus, F|
|poke|p1|Necrozma|
|poke|p1|Kingambit, M|
|poke|p1|Samurott-Hisui, F|
|poke|p1|Pecharunt|
|poke|p1|Iron Treads|
|poke|p2|Ceruledge, M|
|poke|p2|Breloom, F|
|poke|p2|Dragonite, M|
|poke|p2|Kingambit, F|
|poke|p2|Great Tusk|
|poke|p2|Weavile, F|
|teampreview
|inactive|Battle timer is ON: inactive players will automatically lose when time's up. (requested by CEO of open)
|
|t:|1760348514
|teamsize|p1|6
|teamsize|p2|6
|start
|switch|p1a: Iron Treads|Iron Treads|100/100
|switch|p2a: Weavile|Weavile, F|100/100
|-ability|p2a: Weavile|Pressure
|turn|1
|
|t:|1760348532
|move|p2a: Weavile|Beat Up|p1a: Iron Treads
|-damage|p1a: Iron Treads|93/100
|-damage|p1a: Iron Treads|85/100
|-damage|p1a: Iron Treads|76/100
|-damage|p1a: Iron Treads|67/100
|-damage|p1a: Iron Treads|59/100
|-damage|p1a: Iron Treads|51/100
|-hitcount|p1a: Iron Treads|6
|move|p1a: Iron Treads|Iron Head|p2a: Weavile
|-supereffective|p2a: Weavile
|-enditem|p2a: Weavile|Focus Sash
|-damage|p2a: Weavile|1/100
|
|upkeep
|turn|2
|
|t:|1760348561
|-end|p1a: Iron Treads|Quark Drive|[silent]
|switch|p1a: Samurott|Samurott-Hisui, F|100/100
|move|p2a: Weavile|Beat Up|p1a: Samurott
|-resisted|p1a: Samurott
|-damage|p1a: Samurott|95/100
|-resisted|p1a: Samurott
|-damage|p1a: Samurott|89/100
|-resisted|p1a: Samurott
|-damage|p1a: Samurott|83/100
|-resisted|p1a: Samurott
|-damage|p1a: Samurott|78/100
|-resisted|p1a: Samurott
|-damage|p1a: Samurott|71/100
|-resisted|p1a: Samurott
|-damage|p1a: Samurott|66/100
|-hitcount|p1a: Samurott|6
|
|upkeep
|turn|3
|
|t:|1760348572
|move|p1a: Samurott|Aqua Jet|p2a: Weavile
|-damage|p2a: Weavile|0 fnt
|faint|p2a: Weavile
|
|upkeep
|
|t:|1760348574
|switch|p2a: Breloom|Breloom, F|100/100
|turn|4
|
|t:|1760348586
|switch|p1a: Iron Treads|Iron Treads|51/100
|move|p2a: Breloom|Bullet Seed|p1a: Iron Treads
|-damage|p1a: Iron Treads|31/100
|-damage|p1a: Iron Treads|12/100
|-hitcount|p1a: Iron Treads|2
|
|upkeep
|turn|5
|
|t:|1760348590
|-end|p1a: Iron Treads|Quark Drive|[silent]
|switch|p1a: Pecharunt|Pecharunt|100/100
|-item|p1a: Pecharunt|Air Balloon
|move|p2a: Breloom|Mach Punch|p1a: Pecharunt
|-immune|p1a: Pecharunt
|
|upkeep
|turn|6
|
|t:|1760348599
|move|p1a: Pecharunt|Shadow Ball|p2a: Breloom
|-damage|p2a: Breloom|50/100
|move|p2a: Breloom|Rock Tomb|p1a: Pecharunt
|-damage|p1a: Pecharunt|81/100
|-unboost|p1a: Pecharunt|spe|1
|-enditem|p1a: Pecharunt|Air Balloon
|
|upkeep
|turn|7
|
|t:|1760348607
|move|p2a: Breloom|Bulldoze|p1a: Pecharunt
|-supereffective|p1a: Pecharunt
|-damage|p1a: Pecharunt|41/100
|-unboost|p1a: Pecharunt|spe|1
|move|p1a: Pecharunt|Malignant Chain|p2a: Breloom
|-supereffective|p2a: Breloom
|-damage|p2a: Breloom|0 fnt
|faint|p2a: Breloom
|
|upkeep
|
|t:|1760348609
|switch|p2a: Great Tusk|Great Tusk|100/100
|-enditem|p2a: Great Tusk|Booster Energy
|-activate|p2a: Great Tusk|ability: Protosynthesis|[fromitem]
|-start|p2a: Great Tusk|protosynthesisatk
|turn|8
|
|t:|1760348622
|move|p2a: Great Tusk|Stealth Rock|p1a: Pecharunt
|-sidestart|p1: theonreekgreyjoy|move: Stealth Rock
|move|p1a: Pecharunt|Recover|p1a: Pecharunt
|-heal|p1a: Pecharunt|91/100
|
|upkeep
|turn|9
|
|t:|1760348627
|move|p2a: Great Tusk|Rapid Spin|p1a: Pecharunt
|-immune|p1a: Pecharunt
|move|p1a: Pecharunt|Malignant Chain|p2a: Great Tusk
|-resisted|p2a: Great Tusk
|-damage|p2a: Great Tusk|75/100
|
|upkeep
|turn|10
|
|t:|1760348634
|move|p2a: Great Tusk|Headlong Rush|p1a: Pecharunt
|-supereffective|p1a: Pecharunt
|-damage|p1a: Pecharunt|0 fnt
|-unboost|p2a: Great Tusk|def|1
|-unboost|p2a: Great Tusk|spd|1
|faint|p1a: Pecharunt
|
|upkeep
|
|t:|1760348649
|switch|p1a: Iron Treads|Iron Treads|12/100
|-damage|p1a: Iron Treads|9/100|[from] Stealth Rock
|turn|11
|
|t:|1760348656
|-end|p2a: Great Tusk|Protosynthesis|[silent]
|switch|p2a: Ceruledge|Ceruledge, M|100/100
|-terastallize|p1a: Iron Treads|Ghost
|move|p1a: Iron Treads|Rapid Spin|p2a: Ceruledge
|-immune|p2a: Ceruledge
|
|upkeep
|turn|12
|
|t:|1760348660
|-end|p1a: Iron Treads|Quark Drive|[silent]
|switch|p1a: Samurott|Samurott-Hisui, F|66/100
|-damage|p1a: Samurott|54/100|[from] Stealth Rock
|move|p2a: Ceruledge|Shadow Sneak|p1a: Samurott
|-resisted|p1a: Samurott
|-damage|p1a: Samurott|41/100
|
|upkeep
|turn|13
|
|t:|1760348667
|move|p2a: Ceruledge|Bitter Blade|p1a: Samurott
|-resisted|p1a: Samurott
|-damage|p1a: Samurott|12/100
|move|p1a: Samurott|Ceaseless Edge|p2a: Ceruledge
|-supereffective|p2a: Ceruledge
|-enditem|p2a: Ceruledge|Focus Sash
|-damage|p2a: Ceruledge|1/100
|-ability|p2a: Ceruledge|Weak Armor|boost
|-unboost|p2a: Ceruledge|def|1
|-boost|p2a: Ceruledge|spe|2
|-sidestart|p2: CEO of open|Spikes
|
|upkeep
|turn|14
|
|t:|1760348686
|switch|p1a: Iron Treads|Iron Treads, tera:Ghost|9/100
|-damage|p1a: Iron Treads|0 fnt|[from] Stealth Rock
|faint|p1a: Iron Treads
|-end|p1a: Iron Treads|Quark Drive|[silent]
|move|p2a: Ceruledge|Shadow Sneak|p1: Iron Treads|[notarget]
|-fail|p2a: Ceruledge
|
|upkeep
|
|t:|1760348696
|switch|p1a: Kingambit|Kingambit, M|100/100
|-damage|p1a: Kingambit|94/100|[from] Stealth Rock
|-activate|p1a: Kingambit|ability: Supreme Overlord
|-start|p1a: Kingambit|fallen2|[silent]
|turn|15
|
|t:|1760348701
|move|p1a: Kingambit|Sucker Punch||[still]
|-fail|p1a: Kingambit
|move|p2a: Ceruledge|Destiny Bond|p2a: Ceruledge
|-singlemove|p2a: Ceruledge|Destiny Bond
|
|upkeep
|turn|16
|
|t:|1760348707
|move|p1a: Kingambit|Sucker Punch|p2a: Ceruledge
|-supereffective|p2a: Ceruledge
|-damage|p2a: Ceruledge|0 fnt
|faint|p2a: Ceruledge
|-activate|p2a: Ceruledge|move: Destiny Bond
|faint|p1a: Kingambit
|-end|p1a: Kingambit|fallen2|[silent]
|
|upkeep
|
|t:|1760348717
|switch|p2a: Great Tusk|Great Tusk|75/100
|switch|p1a: Enamorus|Enamorus, F|100/100
|-damage|p1a: Enamorus|76/100|[from] Stealth Rock
|-damage|p2a: Great Tusk|62/100|[from] Spikes
|turn|17
|
|t:|1760348741
|move|p1a: Enamorus|Moonblast|p2a: Great Tusk
|-supereffective|p2a: Great Tusk
|-damage|p2a: Great Tusk|0 fnt
|faint|p2a: Great Tusk
|-end|p2a: Great Tusk|Protosynthesis|[silent]
|
|upkeep
|
|t:|1760348743
|switch|p2a: Dragonite|Dragonite, M|100/100
|turn|18
|
|t:|1760348770
|-terastallize|p2a: Dragonite|Fire
|move|p1a: Enamorus|Moonblast|p2a: Dragonite
|-resisted|p2a: Dragonite
|-damage|p2a: Dragonite|85/100
|-unboost|p2a: Dragonite|spa|1
|move|p2a: Dragonite|Dragon Dance|p2a: Dragonite
|-boost|p2a: Dragonite|atk|1
|-boost|p2a: Dragonite|spe|1
|
|upkeep
|turn|19
|
|t:|1760348781
|switch|p1a: Samurott|Samurott-Hisui, F|12/100
|-damage|p1a: Samurott|0 fnt|[from] Stealth Rock
|faint|p1a: Samurott
|move|p2a: Dragonite|Dragon Dance|p2a: Dragonite
|-boost|p2a: Dragonite|atk|1
|-boost|p2a: Dragonite|spe|1
|
|upkeep
|
|t:|1760348783
|switch|p1a: Necrozma|Necrozma|100/100
|-damage|p1a: Necrozma|88/100|[from] Stealth Rock
|turn|20
|
|t:|1760348786
|move|p2a: Dragonite|Fire Punch|p1a: Necrozma
|-damage|p1a: Necrozma|18/100
|move|p1a: Necrozma|Trick Room|p1a: Necrozma
|-fieldstart|move: Trick Room|[of] p1a: Necrozma
|
|upkeep
|turn|21
|
|t:|1760348790
|move|p2a: Dragonite|Extreme Speed|p1a: Necrozma
|-damage|p1a: Necrozma|0 fnt
|faint|p1a: Necrozma
|
|upkeep
|-message|theonreekgreyjoy forfeited.
|
|win|CEO of open
|raw|theonreekgreyjoy's rating: 1682 &rarr; <strong>1659</strong><br />(-23 for losing)
|raw|CEO of open's rating: 1636 &rarr; <strong>1659</strong><br />(+23 for winning)
|l|☆theonreekgreyjoy
|player|p1|
|l|☆CEO of open
|player|p2|
