|j|‽Morthill
|j|☆rugudu
|t:|1760438539
|gametype|singles
|player|p1|Morthill|1|1359
|player|p2|rugudu|burglar|1367
|gen|9
|tier|[Gen 9] OU
|rated|
|rule|HP Percentage Mod: HP is shown in percentages
|rule|Endless Battle Clause: Forcing endless battles is banned
|rule|Species Clause: Limit one of each Pokémon
|rule|OHKO Clause: OHKO moves are banned
|rule|Evasion Items Clause: Evasion items are banned
|rule|Evasion Moves Clause: Evasion moves are banned
|rule|Evasion Abilities Clause: Evasion abilities are banned
|rule|Sleep Moves Clause: Sleep-inducing moves are banned
|clearpoke
|poke|p1|Slowking-Galar, M|
|poke|p1|Ninetales-Alola, M|
|poke|p1|Cetitan, M|
|poke|p1|Frosmoth, M|
|poke|p1|Avalugg, M|
|poke|p1|Kyurem|
|poke|p2|Deoxys-Speed|
|poke|p2|Gholdengo|
|poke|p2|Iron Treads|
|poke|p2|Dragonite, M|
|poke|p2|Iron Moth|
|poke|p2|Samurott-Hisui, F|
|teampreview
|inactive|Battle timer is ON: inactive players will automatically lose when time's up. (requested by Morthill)
|
|t:|1760438547
|teamsize|p1|6
|teamsize|p2|6
|start
|switch|p1a: Ninetales|Ninetales-Alola, M|100/100
|switch|p2a: Iron Treads|Iron Treads|100/100
|-weather|Snowscape|[from] ability: Snow Warning|[of] p1a: Ninetales
|-enditem|p2a: Iron Treads|Booster Energy
|-activate|p2a: Iron Treads|ability: Quark Drive|[fromitem]
|-start|p2a: Iron Treads|quarkdrivespe
|turn|1
|
|t:|1760438555
|switch|p1a: Avalugg|Avalugg, M, shiny|100/100
|move|p2a: Iron Treads|Knock Off|p1a: Avalugg
|-damage|p1a: Avalugg|94/100
|-damage|p2a: Iron Treads|84/100|[from] item: Rocky Helmet|[of] p1a: Avalugg
|-enditem|p1a: Avalugg|Rocky Helmet|[from] move: Knock Off|[of] p2a: Iron Treads
|
|-weather|Snowscape|[upkeep]
|-heal|p1a: Avalugg|99/100|[from] ability: Ice Body
|upkeep
|turn|2
|
|t:|1760438561
|move|p2a: Iron Treads|Stealth Rock|p1a: Avalugg
|-sidestart|p1: Morthill|move: Stealth Rock
|move|p1a: Avalugg|Aurora Veil|p1a: Avalugg
|-sidestart|p1: Morthill|move: Aurora Veil
|
|-weather|Snowscape|[upkeep]
|-heal|p1a: Avalugg|100/100|[from] ability: Ice Body
|upkeep
|turn|3
|
|t:|1760438569
|-end|p2a: Iron Treads|Quark Drive|[silent]
|switch|p2a: Gholdengo|Gholdengo|100/100
|-item|p2a: Gholdengo|Air Balloon
|move|p1a: Avalugg|Rapid Spin|p2a: Gholdengo
|-immune|p2a: Gholdengo
|
|-weather|Snowscape|[upkeep]
|upkeep
|turn|4
|
|t:|1760438575
|switch|p1a: Slowking|Slowking-Galar, M|100/100
|-damage|p1a: Slowking|88/100|[from] Stealth Rock
|move|p2a: Gholdengo|Nasty Plot|p2a: Gholdengo
|-boost|p2a: Gholdengo|spa|2
|
|-weather|Snowscape|[upkeep]
|upkeep
|turn|5
|
|t:|1760438580
|move|p2a: Gholdengo|Shadow Ball|p1a: Slowking
|-supereffective|p1a: Slowking
|-damage|p1a: Slowking|49/100
|move|p1a: Slowking|Flamethrower|p2a: Gholdengo
|-supereffective|p2a: Gholdengo
|-damage|p2a: Gholdengo|45/100
|-enditem|p2a: Gholdengo|Air Balloon
|
|-weather|Snowscape|[upkeep]
|upkeep
|turn|6
|
|t:|1760438588
|switch|p2a: Samurott|Samurott-Hisui, F|100/100
|move|p1a: Slowking|Flamethrower|p2a: Samurott
|-resisted|p2a: Samurott
|-damage|p2a: Samurott|78/100
|
|-weather|Snowscape|[upkeep]
|-sideend|p1: Morthill|move: Aurora Veil
|upkeep
|turn|7
|
|t:|1760438596
|switch|p1a: Avalugg|Avalugg, M, shiny|100/100
|-damage|p1a: Avalugg|76/100|[from] Stealth Rock
|move|p2a: Samurott|Ceaseless Edge|p1a: Avalugg
|-damage|p1a: Avalugg|63/100
|-sidestart|p1: Morthill|Spikes
|
|-weather|Snowscape|[upkeep]
|-heal|p1a: Avalugg|69/100|[from] ability: Ice Body
|upkeep
|turn|8
|
|t:|1760438602
|move|p2a: Samurott|Ceaseless Edge|p1a: Avalugg
|-damage|p1a: Avalugg|57/100
|-sidestart|p1: Morthill|Spikes
|move|p1a: Avalugg|Rapid Spin|p2a: Samurott
|-damage|p2a: Samurott|61/100
|-boost|p1a: Avalugg|spe|1
|-sideend|p1: Morthill|Spikes|[from] move: Rapid Spin|[of] p1a: Avalugg
|-sideend|p1: Morthill|Stealth Rock|[from] move: Rapid Spin|[of] p1a: Avalugg
|
|-weather|none
|upkeep
|turn|9
|
|t:|1760438610
|switch|p2a: Iron Treads|Iron Treads|84/100
|move|p1a: Avalugg|Body Press|p2a: Iron Treads
|-supereffective|p2a: Iron Treads
|-damage|p2a: Iron Treads|25/100
|
|upkeep
|turn|10
|
|t:|1760438614
|move|p2a: Iron Treads|Stealth Rock|p1a: Avalugg
|-sidestart|p1: Morthill|move: Stealth Rock
|move|p1a: Avalugg|Body Press|p2a: Iron Treads
|-supereffective|p2a: Iron Treads
|-damage|p2a: Iron Treads|0 fnt
|faint|p2a: Iron Treads
|-end|p2a: Iron Treads|Quark Drive|[silent]
|
|upkeep
|
|t:|1760438616
|switch|p2a: Iron Moth|Iron Moth|100/100
|-enditem|p2a: Iron Moth|Booster Energy
|-activate|p2a: Iron Moth|ability: Quark Drive|[fromitem]
|-start|p2a: Iron Moth|quarkdrivespe
|turn|11
|
|t:|1760438624
|switch|p1a: Ninetales|Ninetales-Alola, M|100/100
|-damage|p1a: Ninetales|75/100|[from] Stealth Rock
|-weather|Snowscape|[from] ability: Snow Warning|[of] p1a: Ninetales
|move|p2a: Iron Moth|Fiery Dance|p1a: Ninetales
|-supereffective|p1a: Ninetales
|-damage|p1a: Ninetales|0 fnt
|faint|p1a: Ninetales
|
|-weather|Snowscape|[upkeep]
|upkeep
|
|t:|1760438637
|switch|p1a: Frosmoth|Frosmoth, M, shiny|100/100
|turn|12
|
|t:|1760438640
|-terastallize|p1a: Frosmoth|Ground
|move|p2a: Iron Moth|Fiery Dance|p1a: Frosmoth
|-damage|p1a: Frosmoth|83/100
|move|p1a: Frosmoth|Quiver Dance|p1a: Frosmoth
|-boost|p1a: Frosmoth|spa|1
|-boost|p1a: Frosmoth|spd|1
|-boost|p1a: Frosmoth|spe|1
|
|-weather|Snowscape|[upkeep]
|upkeep
|turn|13
|
|t:|1760438646
|move|p2a: Iron Moth|Sludge Wave|p1a: Frosmoth
|-resisted|p1a: Frosmoth
|-damage|p1a: Frosmoth|76/100
|move|p1a: Frosmoth|Quiver Dance|p1a: Frosmoth
|-boost|p1a: Frosmoth|spa|1
|-boost|p1a: Frosmoth|spd|1
|-boost|p1a: Frosmoth|spe|1
|
|-weather|Snowscape|[upkeep]
|upkeep
|turn|14
|
|t:|1760438651
|move|p2a: Iron Moth|Fiery Dance|p1a: Frosmoth
|-damage|p1a: Frosmoth|66/100
|move|p1a: Frosmoth|Quiver Dance|p1a: Frosmoth
|-boost|p1a: Frosmoth|spa|1
|-boost|p1a: Frosmoth|spd|1
|-boost|p1a: Frosmoth|spe|1
|
|-weather|Snowscape|[upkeep]
|upkeep
|turn|15
|
|t:|1760438658
|move|p2a: Iron Moth|Fiery Dance|p1a: Frosmoth
|-damage|p1a: Frosmoth|59/100
|move|p1a: Frosmoth|Quiver Dance|p1a: Frosmoth
|-boost|p1a: Frosmoth|spa|1
|-boost|p1a: Frosmoth|spd|1
|-boost|p1a: Frosmoth|spe|1
|
|-weather|Snowscape|[upkeep]
|upkeep
|turn|16
|c|☆rugudu|CAN I HAVE 1 FKN BOOST
|c|☆rugudu|FFR
|
|t:|1760438667
|move|p2a: Iron Moth|Fiery Dance|p1a: Frosmoth
|-damage|p1a: Frosmoth|53/100
|-boost|p2a: Iron Moth|spa|1
|move|p1a: Frosmoth|Tera Blast|p2a: Iron Moth|[anim] Tera Blast Ground
|-supereffective|p2a: Iron Moth
|-damage|p2a: Iron Moth|0 fnt
|faint|p2a: Iron Moth
|-end|p2a: Iron Moth|Quark Drive|[silent]
|
|-weather|Snowscape|[upkeep]
|upkeep
|
|t:|1760438682
|switch|p2a: Dragonite|Dragonite, M|100/100
|turn|17
|
|t:|1760438685
|-terastallize|p2a: Dragonite|Normal
|move|p2a: Dragonite|Extreme Speed|p1a: Frosmoth
|-damage|p1a: Frosmoth|0 fnt
|faint|p1a: Frosmoth
|
|-weather|Snowscape|[upkeep]
|upkeep
|
|t:|1760438699
|switch|p1a: Cetitan|Cetitan, M, shiny|100/100
|-damage|p1a: Cetitan|76/100|[from] Stealth Rock
|turn|18
|
|t:|1760438710
|move|p1a: Cetitan|Belly Drum|p1a: Cetitan
|-damage|p1a: Cetitan|26/100
|-setboost|p1a: Cetitan|atk|6|[from] move: Belly Drum
|-enditem|p1a: Cetitan|Sitrus Berry|[eat]
|-heal|p1a: Cetitan|50/100|[from] item: Sitrus Berry
|move|p2a: Dragonite|Dragon Dance|p2a: Dragonite
|-boost|p2a: Dragonite|atk|1
|-boost|p2a: Dragonite|spe|1
|
|-weather|none
|upkeep
|turn|19
|
|t:|1760438717
|move|p2a: Dragonite|Extreme Speed|p1a: Cetitan
|-damage|p1a: Cetitan|0 fnt
|faint|p1a: Cetitan
|
|upkeep
|
|t:|1760438723
|switch|p1a: Avalugg|Avalugg, M, shiny|57/100
|-damage|p1a: Avalugg|32/100|[from] Stealth Rock
|turn|20
|
|t:|1760438729
|move|p2a: Dragonite|Extreme Speed|p1a: Avalugg
|-damage|p1a: Avalugg|8/100
|move|p1a: Avalugg|Iron Defense|p1a: Avalugg
|-boost|p1a: Avalugg|def|2
|
|upkeep
|turn|21
|
|t:|1760438732
|move|p2a: Dragonite|Extreme Speed|p1a: Avalugg
|-damage|p1a: Avalugg|0 fnt
|faint|p1a: Avalugg
|
|upkeep
|
|t:|1760438739
|switch|p1a: Kyurem|Kyurem, shiny|100/100
|-damage|p1a: Kyurem|75/100|[from] Stealth Rock
|-ability|p1a: Kyurem|Pressure
|turn|22
|
|t:|1760438743
|move|p2a: Dragonite|Extreme Speed|p1a: Kyurem
|-damage|p1a: Kyurem|17/100
|move|p1a: Kyurem|Ice Beam|p2a: Dragonite
|-damage|p2a: Dragonite|74/100
|
|upkeep
|turn|23
|
|t:|1760438750
|move|p2a: Dragonite|Extreme Speed|p1a: Kyurem
|-damage|p1a: Kyurem|0 fnt
|faint|p1a: Kyurem
|
|upkeep
|
|t:|1760438751
|switch|p1a: Slowking|Slowking-Galar, M|82/100
|-damage|p1a: Slowking|70/100|[from] Stealth Rock
|turn|24
|
|t:|1760438754
|move|p2a: Dragonite|Earthquake|p1a: Slowking
|-supereffective|p1a: Slowking
|-damage|p1a: Slowking|0 fnt
|faint|p1a: Slowking
|
|win|rugudu
|raw|Morthill's rating: 1359 &rarr; <strong>1339</strong><br />(-20 for losing)
|raw|rugudu's rating: 1367 &rarr; <strong>1387</strong><br />(+20 for winning)
|l|‽Morthill
|player|p1|
|l|☆rugudu
|player|p2|
