|j|☆FGS Kuro
|j|☆Gulpingoodra
|t:|1760358291
|gametype|singles
|player|p1|FGS Kuro|iris-gen5bw2|1233
|player|p2|Gulpingoodra|pokemaniac|1159
|gen|9
|tier|[Gen 9] OU
|rated|
|rule|HP Percentage Mod: HP is shown in percentages
|rule|Endless Battle Clause: Forcing endless battles is banned
|rule|Species Clause: Limit one of each Pokémon
|rule|OHKO Clause: OHKO moves are banned
|rule|Evasion Items Clause: Evasion items are banned
|rule|Evasion Moves Clause: Evasion moves are banned
|rule|Evasion Abilities Clause: Evasion abilities are banned
|rule|Sleep Moves Clause: Sleep-inducing moves are banned
|clearpoke
|poke|p1|Ceruledge, M|
|poke|p1|Ninetales-Alola, M|
|poke|p1|Great Tusk|
|poke|p1|Kingambit, F|
|poke|p1|Ogerpon-Wellspring, F|
|poke|p1|Iron Valiant|
|poke|p2|Kleavor, M|
|poke|p2|Gallade, M|
|poke|p2|Heatran, F|
|poke|p2|Enamorus, F|
|poke|p2|Iron Jugulis|
|poke|p2|Dusknoir, M|
|teampreview
|
|t:|1760358315
|teamsize|p1|6
|teamsize|p2|6
|start
|switch|p1a: Ninetales|Ninetales-Alola, M|100/100
|switch|p2a: Gallade|Gallade, M|100/100
|-weather|Snowscape|[from] ability: Snow Warning|[of] p1a: Ninetales
|turn|1
|
|t:|1760358321
|move|p1a: Ninetales|Aurora Veil|p1a: Ninetales
|-sidestart|p1: FGS Kuro|move: Aurora Veil
|move|p2a: Gallade|Sacred Sword|p1a: Ninetales
|-damage|p1a: Ninetales|62/100
|-damage|p2a: Gallade|91/100|[from] item: Life Orb
|
|-weather|Snowscape|[upkeep]
|upkeep
|turn|2
|
|t:|1760358331
|move|p1a: Ninetales|Moonblast|p2a: Gallade
|-supereffective|p2a: Gallade
|-damage|p2a: Gallade|27/100
|-unboost|p2a: Gallade|spa|1
|move|p2a: Gallade|Sacred Sword|p1a: Ninetales
|-damage|p1a: Ninetales|20/100
|-damage|p2a: Gallade|18/100|[from] item: Life Orb
|
|-weather|Snowscape|[upkeep]
|upkeep
|turn|3
|
|t:|1760358341
|switch|p2a: Heatran|Heatran, F|100/100
|move|p1a: Ninetales|Moonblast|p2a: Heatran
|-resisted|p2a: Heatran
|-damage|p2a: Heatran|96/100
|
|-weather|Snowscape|[upkeep]
|-heal|p2a: Heatran|100/100|[from] item: Leftovers
|upkeep
|turn|4
|
|t:|1760358355
|switch|p1a: Great Tusk|Great Tusk|100/100
|move|p2a: Heatran|Magma Storm|p1a: Great Tusk
|-damage|p1a: Great Tusk|64/100
|-activate|p1a: Great Tusk|move: Magma Storm|[of] p2a: Heatran
|
|-weather|Snowscape|[upkeep]
|-damage|p1a: Great Tusk|51/100|[from] move: Magma Storm|[partiallytrapped]
|upkeep
|turn|5
|
|t:|1760358370
|switch|p2a: Enamorus|Enamorus, F|100/100
|move|p1a: Great Tusk|Ice Spinner|p2a: Enamorus
|-supereffective|p2a: Enamorus
|-crit|p2a: Enamorus
|-damage|p2a: Enamorus|0 fnt
|faint|p2a: Enamorus
|
|-weather|none
|-end|p1a: Great Tusk|Magma Storm|[partiallytrapped]|[silent]
|upkeep
|
|t:|1760358381
|switch|p2a: Gallade|Gallade, M|18/100
|turn|6
|
|t:|1760358393
|-end|p1a: Great Tusk|Protosynthesis|[silent]
|switch|p1a: Ceruledge|Ceruledge, M|100/100
|move|p2a: Gallade|Aqua Cutter|p1a: Ceruledge
|-supereffective|p1a: Ceruledge
|-damage|p1a: Ceruledge|32/100
|-ability|p1a: Ceruledge|Weak Armor|boost
|-unboost|p1a: Ceruledge|def|1
|-boost|p1a: Ceruledge|spe|2
|-damage|p2a: Gallade|8/100|[from] item: Life Orb
|
|upkeep
|turn|7
|
|t:|1760358401
|move|p1a: Ceruledge|Bitter Blade|p2a: Gallade
|-crit|p2a: Gallade
|-damage|p2a: Gallade|0 fnt
|-heal|p1a: Ceruledge|36/100|[from] drain|[of] p2a: Gallade
|faint|p2a: Gallade
|
|upkeep
|
|t:|1760358408
|switch|p2a: Iron Jugulis|Iron Jugulis, shiny|100/100
|-enditem|p2a: Iron Jugulis|Booster Energy
|-activate|p2a: Iron Jugulis|ability: Quark Drive|[fromitem]
|-start|p2a: Iron Jugulis|quarkdrivespe
|turn|8
|
|t:|1760358414
|move|p1a: Ceruledge|Bitter Blade|p2a: Iron Jugulis
|-damage|p2a: Iron Jugulis|46/100
|-heal|p1a: Ceruledge|66/100|[from] drain|[of] p2a: Iron Jugulis
|move|p2a: Iron Jugulis|Dark Pulse|p1a: Ceruledge
|-supereffective|p1a: Ceruledge
|-damage|p1a: Ceruledge|20/100
|
|-sideend|p1: FGS Kuro|move: Aurora Veil
|upkeep
|turn|9
|
|t:|1760358428
|-terastallize|p2a: Iron Jugulis|Fire
|move|p1a: Ceruledge|Bitter Blade|p2a: Iron Jugulis
|-resisted|p2a: Iron Jugulis
|-damage|p2a: Iron Jugulis|18/100
|-heal|p1a: Ceruledge|37/100|[from] drain|[of] p2a: Iron Jugulis
|move|p2a: Iron Jugulis|Dark Pulse|p1a: Ceruledge
|-supereffective|p1a: Ceruledge
|-crit|p1a: Ceruledge
|-damage|p1a: Ceruledge|0 fnt
|faint|p1a: Ceruledge
|
|upkeep
|inactive|Battle timer is ON: inactive players will automatically lose when time's up. (requested by Gulpingoodra)
|
|t:|1760358465
|switch|p1a: Iron Valiant|Iron Valiant|100/100
|-enditem|p1a: Iron Valiant|Booster Energy
|-activate|p1a: Iron Valiant|ability: Quark Drive|[fromitem]
|-start|p1a: Iron Valiant|quarkdrivespe
|turn|10
|
|t:|1760358485
|move|p1a: Iron Valiant|Shadow Ball|p2a: Iron Jugulis
|-damage|p2a: Iron Jugulis|0 fnt
|faint|p2a: Iron Jugulis
|-end|p2a: Iron Jugulis|Quark Drive|[silent]
|
|upkeep
|
|t:|1760358495
|switch|p2a: Heatran|Heatran, F|100/100
|turn|11
|
|t:|1760358502
|-terastallize|p1a: Iron Valiant|Ghost
|move|p1a: Iron Valiant|Shadow Ball|p2a: Heatran
|-damage|p2a: Heatran|68/100
|-unboost|p2a: Heatran|spd|1
|move|p2a: Heatran|Magma Storm|p1a: Iron Valiant
|-damage|p1a: Iron Valiant|10/100
|-activate|p1a: Iron Valiant|move: Magma Storm|[of] p2a: Heatran
|
|-heal|p2a: Heatran|74/100|[from] item: Leftovers
|-damage|p1a: Iron Valiant|0 fnt|[from] move: Magma Storm|[partiallytrapped]
|faint|p1a: Iron Valiant
|-end|p1a: Iron Valiant|Quark Drive|[silent]
|upkeep
|
|t:|1760358508
|switch|p1a: Ogerpon|Ogerpon-Wellspring, F|100/100
|turn|12
|
|t:|1760358518
|switch|p2a: Dusknoir|Dusknoir, M|100/100
|-item|p1a: Ogerpon|Wellspring Mask|[from] ability: Frisk|[of] p2a: Dusknoir
|move|p1a: Ogerpon|Ivy Cudgel|p2a: Dusknoir|[anim] Ivy Cudgel Water
|-damage|p2a: Dusknoir|52/100
|
|-heal|p2a: Dusknoir|58/100|[from] item: Leftovers
|upkeep
|turn|13
|
|t:|1760358523
|switch|p1a: Kingambit|Kingambit, F|100/100
|-activate|p1a: Kingambit|ability: Supreme Overlord
|-start|p1a: Kingambit|fallen2|[silent]
|move|p2a: Dusknoir|Leech Life|p1a: Kingambit
|-damage|p1a: Kingambit|85/100
|-heal|p2a: Dusknoir|69/100|[from] drain|[of] p1a: Kingambit
|
|-heal|p1a: Kingambit|91/100|[from] item: Leftovers
|-heal|p2a: Dusknoir|75/100|[from] item: Leftovers
|upkeep
|turn|14
|
|t:|1760358535
|switch|p2a: Heatran|Heatran, F|74/100
|move|p1a: Kingambit|Kowtow Cleave|p2a: Heatran
|-damage|p2a: Heatran|23/100
|
|-heal|p2a: Heatran|29/100|[from] item: Leftovers
|-heal|p1a: Kingambit|97/100|[from] item: Leftovers
|upkeep
|turn|15
|
|t:|1760358541
|move|p1a: Kingambit|Sucker Punch|p2a: Heatran
|-damage|p2a: Heatran|0 fnt
|faint|p2a: Heatran
|
|-heal|p1a: Kingambit|100/100|[from] item: Leftovers
|upkeep
|
|t:|1760358545
|switch|p2a: Kleavor|Kleavor, M|100/100
|turn|16
|
|t:|1760358548
|move|p2a: Kleavor|X-Scissor|p1a: Kingambit
|-damage|p1a: Kingambit|38/100
|-damage|p2a: Kleavor|91/100|[from] item: Life Orb
|move|p1a: Kingambit|Iron Head|p2a: Kleavor
|-supereffective|p2a: Kleavor
|-damage|p2a: Kleavor|0 fnt
|faint|p2a: Kleavor
|
|-heal|p1a: Kingambit|44/100|[from] item: Leftovers
|upkeep
|
|t:|1760358552
|switch|p2a: Dusknoir|Dusknoir, M|75/100
|-item|p1a: Kingambit|Leftovers|[from] ability: Frisk|[of] p2a: Dusknoir
|turn|17
|
|t:|1760358555
|move|p1a: Kingambit|Sucker Punch||[still]
|-fail|p1a: Kingambit
|move|p2a: Dusknoir|Will-O-Wisp|p1a: Kingambit
|-status|p1a: Kingambit|brn
|
|-heal|p1a: Kingambit|51/100 brn|[from] item: Leftovers
|-heal|p2a: Dusknoir|81/100|[from] item: Leftovers
|-damage|p1a: Kingambit|44/100 brn|[from] brn
|upkeep
|turn|18
|
|t:|1760358564
|move|p1a: Kingambit|Sucker Punch|p2a: Dusknoir
|-supereffective|p2a: Dusknoir
|-damage|p2a: Dusknoir|32/100
|move|p2a: Dusknoir|Leech Life|p1a: Kingambit
|-damage|p1a: Kingambit|29/100 brn
|-heal|p2a: Dusknoir|43/100|[from] drain|[of] p1a: Kingambit
|
|-heal|p1a: Kingambit|35/100 brn|[from] item: Leftovers
|-heal|p2a: Dusknoir|49/100|[from] item: Leftovers
|-damage|p1a: Kingambit|29/100 brn|[from] brn
|upkeep
|turn|19
|
|t:|1760358576
|move|p1a: Kingambit|Sucker Punch|p2a: Dusknoir
|-supereffective|p2a: Dusknoir
|-damage|p2a: Dusknoir|3/100
|move|p2a: Dusknoir|Leech Life|p1a: Kingambit
|-damage|p1a: Kingambit|12/100 brn
|-heal|p2a: Dusknoir|14/100|[from] drain|[of] p1a: Kingambit
|
|-heal|p1a: Kingambit|18/100 brn|[from] item: Leftovers
|-heal|p2a: Dusknoir|20/100|[from] item: Leftovers
|-damage|p1a: Kingambit|12/100 brn|[from] brn
|upkeep
|turn|20
|
|t:|1760358589
|move|p1a: Kingambit|Kowtow Cleave|p2a: Dusknoir
|-supereffective|p2a: Dusknoir
|-damage|p2a: Dusknoir|0 fnt
|faint|p2a: Dusknoir
|
|win|FGS Kuro
|raw|FGS Kuro's rating: 1233 &rarr; <strong>1253</strong><br />(+20 for winning)
|raw|Gulpingoodra's rating: 1159 &rarr; <strong>1139</strong><br />(-20 for losing)
|l|☆Gulpingoodra
|player|p2|
|l|☆FGS Kuro
|player|p1|
