|j|☆Randomizer15
|j|☆Metafinito
|t:|1760379568
|gametype|singles
|player|p1|Randomizer15|101|1299
|player|p2|Metafinito|169|1316
|gen|9
|tier|[Gen 9] OU
|rated|
|rule|HP Percentage Mod: HP is shown in percentages
|rule|Endless Battle Clause: Forcing endless battles is banned
|rule|Species Clause: Limit one of each Pokémon
|rule|OHKO Clause: OHKO moves are banned
|rule|Evasion Items Clause: Evasion items are banned
|rule|Evasion Moves Clause: Evasion moves are banned
|rule|Evasion Abilities Clause: Evasion abilities are banned
|rule|Sleep Moves Clause: Sleep-inducing moves are banned
|clearpoke
|poke|p1|Mimikyu, M|
|poke|p1|Bellossom, M|
|poke|p1|Glimmora, F|
|poke|p1|Ting-Lu|
|poke|p1|Kingambit, F|
|poke|p1|Dragonite, F|
|poke|p2|Iron Crown|
|poke|p2|Samurott-Hisui, F|
|poke|p2|Zapdos|
|poke|p2|Dragapult, F|
|poke|p2|Great Tusk|
|poke|p2|Iron Boulder|
|teampreview
|
|t:|1760379578
|teamsize|p1|6
|teamsize|p2|6
|start
|switch|p1a: Glimmora|Glimmora, F|100/100
|switch|p2a: Iron Crown|Iron Crown|100/100
|turn|1
|
|t:|1760379582
|move|p2a: Iron Crown|Tachyon Cutter|p1a: Glimmora
|-supereffective|p1a: Glimmora
|-damage|p1a: Glimmora|21/100
|-supereffective|p1a: Glimmora
|-damage|p1a: Glimmora|0 fnt
|faint|p1a: Glimmora
|-hitcount|p1: Glimmora|2
|
|upkeep
|
|t:|1760379592
|switch|p1a: Ting-Lu|Ting-Lu|100/100
|-ability|p1a: Ting-Lu|Vessel of Ruin
|turn|2
|
|t:|1760379605
|-end|p2a: Iron Crown|Quark Drive|[silent]
|switch|p2a: Samurott|Samurott-Hisui, F|100/100
|move|p1a: Ting-Lu|Ruination|p2a: Samurott
|-damage|p2a: Samurott|51/100
|
|upkeep
|turn|3
|
|t:|1760379622
|move|p2a: Samurott|Flip Turn|p1a: Ting-Lu
|-supereffective|p1a: Ting-Lu
|-damage|p1a: Ting-Lu|78/100
|
|t:|1760379625
|switch|p2a: Zapdos|Zapdos|100/100|[from] Flip Turn
|move|p1a: Ting-Lu|Body Press|p2a: Zapdos
|-resisted|p2a: Zapdos
|-damage|p2a: Zapdos|90/100
|
|upkeep
|turn|4
|
|t:|1760379631
|move|p2a: Zapdos|U-turn|p1a: Ting-Lu
|-supereffective|p1a: Ting-Lu
|-damage|p1a: Ting-Lu|68/100
|
|t:|1760379639
|switch|p2a: Great Tusk|Great Tusk|100/100|[from] U-turn
|move|p1a: Ting-Lu|Ruination|p2a: Great Tusk
|-damage|p2a: Great Tusk|51/100
|
|upkeep
|turn|5
|
|t:|1760379648
|switch|p1a: Mimikyu|Mimikyu, M|100/100
|move|p2a: Great Tusk|Stealth Rock|p1a: Mimikyu
|-sidestart|p1: Randomizer15|move: Stealth Rock
|
|upkeep
|turn|6
|
|t:|1760379653
|-end|p2a: Great Tusk|Protosynthesis|[silent]
|switch|p2a: Iron Crown|Iron Crown|100/100
|move|p1a: Mimikyu|Swords Dance|p1a: Mimikyu
|-boost|p1a: Mimikyu|atk|2
|
|upkeep
|turn|7
|
|t:|1760379658
|-terastallize|p2a: Iron Crown|Steel
|-terastallize|p1a: Mimikyu|Ghost
|move|p1a: Mimikyu|Shadow Sneak|p2a: Iron Crown
|-damage|p2a: Iron Crown|42/100
|-damage|p1a: Mimikyu|91/100|[from] item: Life Orb
|move|p2a: Iron Crown|Tachyon Cutter|p1a: Mimikyu
|-activate|p1a: Mimikyu|ability: Disguise
|-damage|p1a: Mimikyu|91/100
|detailschange|p1a: Mimikyu|Mimikyu-Busted, M, tera:Ghost
|-damage|p1a: Mimikyu|78/100|[from] pokemon: Mimikyu-Busted
|-damage|p1a: Mimikyu|14/100
|-hitcount|p1a: Mimikyu|2
|
|upkeep
|turn|8
|
|t:|1760379678
|-end|p2a: Iron Crown|Quark Drive|[silent]
|switch|p2a: Great Tusk|Great Tusk|51/100
|move|p1a: Mimikyu|Shadow Sneak|p2a: Great Tusk
|-damage|p2a: Great Tusk|9/100
|-damage|p1a: Mimikyu|4/100|[from] item: Life Orb
|
|upkeep
|turn|9
|
|t:|1760379688
|move|p1a: Mimikyu|Shadow Sneak|p2a: Great Tusk
|-damage|p2a: Great Tusk|0 fnt
|faint|p2a: Great Tusk
|-end|p2a: Great Tusk|Protosynthesis|[silent]
|-damage|p1a: Mimikyu|0 fnt|[from] item: Life Orb
|faint|p1a: Mimikyu
|
|upkeep
|
|t:|1760379692
|switch|p1a: Bellossom|Bellossom, M|100/100
|switch|p2a: Samurott|Samurott-Hisui, F|51/100
|turn|10
|
|t:|1760379694
|move|p2a: Samurott|Ceaseless Edge|p1a: Bellossom
|-damage|p1a: Bellossom|56/100
|-sidestart|p1: Randomizer15|Spikes
|move|p1a: Bellossom|Quiver Dance|p1a: Bellossom
|-boost|p1a: Bellossom|spa|1
|-boost|p1a: Bellossom|spd|1
|-boost|p1a: Bellossom|spe|1
|
|upkeep
|turn|11
|
|t:|1760379703
|move|p2a: Samurott|Ceaseless Edge|p1a: Bellossom
|-damage|p1a: Bellossom|12/100
|-sidestart|p1: Randomizer15|Spikes
|move|p1a: Bellossom|Strength Sap|p2a: Samurott
|-unboost|p2a: Samurott|atk|1
|-heal|p1a: Bellossom|100/100
|
|upkeep
|turn|12
|
|t:|1760379710
|switch|p2a: Zapdos|Zapdos|90/100
|move|p1a: Bellossom|Quiver Dance|p1a: Bellossom
|-boost|p1a: Bellossom|spa|1
|-boost|p1a: Bellossom|spd|1
|-boost|p1a: Bellossom|spe|1
|
|upkeep
|turn|13
|
|t:|1760379719
|move|p1a: Bellossom|Sludge Bomb|p2a: Zapdos
|-damage|p2a: Zapdos|54/100
|move|p2a: Zapdos|Hurricane|p1a: Bellossom|[miss]
|-miss|p2a: Zapdos|p1a: Bellossom
|
|upkeep
|turn|14
|
|t:|1760379723
|move|p1a: Bellossom|Sludge Bomb|p2a: Zapdos
|-crit|p2a: Zapdos
|-damage|p2a: Zapdos|0 fnt
|faint|p2a: Zapdos
|
|upkeep
|
|t:|1760379727
|switch|p2a: Dragapult|Dragapult, F|100/100
|turn|15
|
|t:|1760379730
|move|p1a: Bellossom|Sludge Bomb|p2a: Dragapult
|-resisted|p2a: Dragapult
|-damage|p2a: Dragapult|73/100
|move|p2a: Dragapult|Dragon Darts|p1a: Bellossom
|-damage|p1a: Bellossom|65/100
|-anim|p2a: Dragapult|Dragon Darts|p1a: Bellossom
|-damage|p1a: Bellossom|30/100
|
|upkeep
|turn|16
|-message|Metafinito forfeited.
|
|win|Randomizer15
|raw|Randomizer15's rating: 1299 &rarr; <strong>1325</strong><br />(+26 for winning)
|raw|Metafinito's rating: 1316 &rarr; <strong>1295</strong><br />(-21 for losing)
|l|☆Metafinito
|player|p2|
|l|☆Randomizer15
|player|p1|
