|j|☆Wisaither
|j|☆fregene97
|t:|1760441463
|gametype|singles
|player|p1|Wisaither|liko|1411
|player|p2|fregene97|youngster-gen4dp|1372
|gen|9
|tier|[Gen 9] OU
|rated|
|rule|HP Percentage Mod: HP is shown in percentages
|rule|Endless Battle Clause: Forcing endless battles is banned
|rule|Species Clause: Limit one of each Pokémon
|rule|OHKO Clause: OHKO moves are banned
|rule|Evasion Items Clause: Evasion items are banned
|rule|Evasion Moves Clause: Evasion moves are banned
|rule|Evasion Abilities Clause: Evasion abilities are banned
|rule|Sleep Moves Clause: Sleep-inducing moves are banned
|clearpoke
|poke|p1|Iron Valiant|
|poke|p1|Hawlucha, F|
|poke|p1|Iron Crown|
|poke|p1|Iron Jugulis|
|poke|p1|Pincurchin, F|
|poke|p1|Raging Bolt|
|poke|p2|Darkrai|
|poke|p2|Great Tusk|
|poke|p2|Iron Moth|
|poke|p2|Rillaboom, F|
|poke|p2|Raging Bolt|
|poke|p2|Zamazenta-*|
|teampreview
|inactive|Battle timer is ON: inactive players will automatically lose when time's up. (requested by fregene97)
|
|t:|1760441474
|teamsize|p1|6
|teamsize|p2|6
|start
|switch|p1a: Chef-de-fer|Iron Crown|100/100
|switch|p2a: Iron Moth|Iron Moth|100/100
|-enditem|p2a: Iron Moth|Booster Energy
|-activate|p2a: Iron Moth|ability: Quark Drive|[fromitem]
|-start|p2a: Iron Moth|quarkdrivespe
|turn|1
|
|t:|1760441502
|-end|p1a: Chef-de-fer|Quark Drive|[silent]
|switch|p1a: Bogoss|Pincurchin, F|100/100
|-fieldstart|move: Electric Terrain|[from] ability: Electric Surge|[of] p1a: Bogoss
|-terastallize|p2a: Iron Moth|Fairy
|move|p2a: Iron Moth|Fiery Dance|p1a: Bogoss
|-damage|p1a: Bogoss|48/100
|-boost|p2a: Iron Moth|spa|1
|
|upkeep
|turn|2
|inactive|Wisaither has 120 seconds left.
|
|t:|1760441541
|switch|p1a: Têtes-de-fer|Iron Jugulis, shiny|100/100
|-activate|p1a: Têtes-de-fer|ability: Quark Drive
|-start|p1a: Têtes-de-fer|quarkdrivespe
|move|p2a: Iron Moth|Substitute|p2a: Iron Moth
|-start|p2a: Iron Moth|Substitute
|-damage|p2a: Iron Moth|76/100
|
|upkeep
|turn|3
|
|t:|1760441565
|move|p2a: Iron Moth|Dazzling Gleam|p1a: Têtes-de-fer
|-supereffective|p1a: Têtes-de-fer
|-damage|p1a: Têtes-de-fer|0 fnt
|faint|p1a: Têtes-de-fer
|-end|p1a: Têtes-de-fer|Quark Drive|[silent]
|
|upkeep
|
|t:|1760441577
|switch|p1a: Brutalibré|Hawlucha, F, shiny|100/100
|-enditem|p1a: Brutalibré|Electric Seed
|-boost|p1a: Brutalibré|def|1|[from] item: Electric Seed
|turn|4
|
|t:|1760441583
|move|p1a: Brutalibré|Acrobatics|p2a: Iron Moth
|-end|p2a: Iron Moth|Substitute
|move|p2a: Iron Moth|Dazzling Gleam|p1a: Brutalibré
|-supereffective|p1a: Brutalibré
|-damage|p1a: Brutalibré|0 fnt
|faint|p1a: Brutalibré
|
|upkeep
|
|t:|1760441591
|switch|p1a: Ire-foudre|Raging Bolt|100/100
|-enditem|p1a: Ire-foudre|Electric Seed
|-boost|p1a: Ire-foudre|def|1|[from] item: Electric Seed
|turn|5
|
|t:|1760441600
|-terastallize|p1a: Ire-foudre|Fairy
|move|p2a: Iron Moth|Substitute|p2a: Iron Moth
|-start|p2a: Iron Moth|Substitute
|-damage|p2a: Iron Moth|51/100
|move|p1a: Ire-foudre|Rising Voltage|p2a: Iron Moth
|-hint|Rising Voltage's BP doubled on grounded target.
|-end|p2a: Iron Moth|Substitute
|
|upkeep
|turn|6
|inactive|Wisaither has 120 seconds left.
|
|t:|1760441610
|move|p2a: Iron Moth|Sludge Wave|p1a: Ire-foudre
|-supereffective|p1a: Ire-foudre
|-damage|p1a: Ire-foudre|0 fnt
|faint|p1a: Ire-foudre
|-end|p1a: Ire-foudre|Protosynthesis|[silent]
|
|upkeep
|
|t:|1760441617
|switch|p1a: Garde-de-fer|Iron Valiant, shiny|100/100
|-activate|p1a: Garde-de-fer|ability: Quark Drive
|-start|p1a: Garde-de-fer|quarkdrivespe
|turn|7
|inactive|Wisaither has 120 seconds left.
|
|t:|1760441622
|move|p1a: Garde-de-fer|Moonblast|p2a: Iron Moth
|-damage|p2a: Iron Moth|1/100
|-damage|p1a: Garde-de-fer|91/100|[from] item: Life Orb
|move|p2a: Iron Moth|Sludge Wave|p1a: Garde-de-fer
|-supereffective|p1a: Garde-de-fer
|-damage|p1a: Garde-de-fer|0 fnt
|faint|p1a: Garde-de-fer
|-end|p1a: Garde-de-fer|Quark Drive|[silent]
|
|upkeep
|inactive|Wisaither has 120 seconds left.
|-message|Wisaither forfeited.
|
|win|fregene97
|raw|Wisaither's rating: 1411 &rarr; <strong>1390</strong><br />(-21 for losing)
|raw|fregene97's rating: 1390 &rarr; <strong>1411</strong><br />(+21 for winning)
|l|☆Wisaither
|player|p1|
|l|☆fregene97
|player|p2|
