|j|☆PrimeXStriker
|j|☆N_Alder
|t:|1760374647
|gametype|singles
|player|p1|PrimeXStriker|marshal|1602
|player|p2|N_Alder|shadowtriad|1687
|gen|9
|tier|[Gen 9] OU
|rated|
|rule|HP Percentage Mod: HP is shown in percentages
|rule|Endless Battle Clause: Forcing endless battles is banned
|rule|Species Clause: Limit one of each Pokémon
|rule|OHKO Clause: OHKO moves are banned
|rule|Evasion Items Clause: Evasion items are banned
|rule|Evasion Moves Clause: Evasion moves are banned
|rule|Evasion Abilities Clause: Evasion abilities are banned
|rule|Sleep Moves Clause: Sleep-inducing moves are banned
|clearpoke
|poke|p1|Zapdos-Galar|
|poke|p1|Iron Jugulis|
|poke|p1|Primarina, F|
|poke|p1|Cinderace, M|
|poke|p1|Tyranitar, F|
|poke|p1|Great Tusk|
|poke|p2|Zamazenta-*|
|poke|p2|Kyurem|
|poke|p2|Gliscor, F|
|poke|p2|Ogerpon-Wellspring, F|
|poke|p2|Slowking-Galar, M|
|poke|p2|Scizor, M|
|teampreview
|inactive|Battle timer is ON: inactive players will automatically lose when time's up. (requested by N_Alder)
|j| BlueAdvent
|
|t:|1760374671
|teamsize|p1|6
|teamsize|p2|6
|start
|switch|p1a: Iron Jugulis|Iron Jugulis|100/100
|switch|p2a: Kyurem|Kyurem, shiny|100/100
|-ability|p2a: Kyurem|Pressure
|turn|1
|
|t:|1760374678
|-end|p1a: Iron Jugulis|Quark Drive|[silent]
|switch|p1a: Tyranitar|Tyranitar, F|100/100
|-weather|Sandstorm|[from] ability: Sand Stream|[of] p1a: Tyranitar
|move|p2a: Kyurem|Freeze-Dry|p1a: Tyranitar
|-damage|p1a: Tyranitar|82/100
|
|-weather|Sandstorm|[upkeep]
|-damage|p2a: Kyurem|94/100|[from] Sandstorm
|-heal|p1a: Tyranitar|89/100|[from] item: Leftovers
|upkeep
|turn|2
|
|t:|1760374688
|switch|p2a: Scizor|Scizor, M, shiny|100/100
|move|p1a: Tyranitar|Knock Off|p2a: Scizor
|-damage|p2a: Scizor|47/100
|-enditem|p2a: Scizor|Assault Vest|[from] move: Knock Off|[of] p1a: Tyranitar
|
|-weather|Sandstorm|[upkeep]
|-heal|p1a: Tyranitar|95/100|[from] item: Leftovers
|upkeep
|turn|3
|
|t:|1760374694
|switch|p1a: Great Tusk|Great Tusk|100/100
|move|p2a: Scizor|U-turn|p1a: Great Tusk
|-resisted|p1a: Great Tusk
|-damage|p1a: Great Tusk|91/100
|-damage|p2a: Scizor|31/100|[from] item: Rocky Helmet|[of] p1a: Great Tusk
|
|t:|1760374700
|switch|p2a: Gliscor|Gliscor, F, shiny|100/100|[from] U-turn
|
|-weather|Sandstorm|[upkeep]
|-status|p2a: Gliscor|tox|[from] item: Toxic Orb
|upkeep
|turn|4
|inactive|PrimeXStriker has 120 seconds left.
|
|t:|1760374742
|move|p2a: Gliscor|Toxic|p1a: Great Tusk
|-status|p1a: Great Tusk|tox
|move|p1a: Great Tusk|Stealth Rock|p2a: Gliscor
|-sidestart|p2: N_Alder|move: Stealth Rock
|
|-weather|Sandstorm|[upkeep]
|-damage|p1a: Great Tusk|85/100 tox|[from] psn
|upkeep
|turn|5
|
|t:|1760374750
|-end|p1a: Great Tusk|Protosynthesis|[silent]
|switch|p1a: Tyranitar|Tyranitar, F|95/100
|move|p2a: Gliscor|Stealth Rock|p1a: Tyranitar
|-sidestart|p1: PrimeXStriker|move: Stealth Rock
|
|-weather|none
|-heal|p1a: Tyranitar|100/100|[from] item: Leftovers
|upkeep
|turn|6
|
|t:|1760374754
|move|p2a: Gliscor|Protect|p2a: Gliscor
|-singleturn|p2a: Gliscor|Protect
|move|p1a: Tyranitar|Ice Beam|p2a: Gliscor
|-activate|p2a: Gliscor|move: Protect
|
|upkeep
|turn|7
|
|t:|1760374761
|switch|p2a: Zamazenta|Zamazenta, shiny|100/100
|-damage|p2a: Zamazenta|94/100|[from] Stealth Rock
|-ability|p2a: Zamazenta|Dauntless Shield|boost
|-boost|p2a: Zamazenta|def|1
|move|p1a: Tyranitar|Knock Off|p2a: Zamazenta
|-resisted|p2a: Zamazenta
|-damage|p2a: Zamazenta|82/100
|-enditem|p2a: Zamazenta|Leftovers|[from] move: Knock Off|[of] p1a: Tyranitar
|
|upkeep
|turn|8
|inactive|PrimeXStriker has 120 seconds left.
|inactive|PrimeXStriker has 90 seconds left.
|
|t:|1760374844
|switch|p1a: Primarina|Primarina, F|100/100
|-damage|p1a: Primarina|88/100|[from] Stealth Rock
|move|p2a: Zamazenta|Iron Defense|p2a: Zamazenta
|-boost|p2a: Zamazenta|def|2
|
|-heal|p1a: Primarina|94/100|[from] item: Leftovers
|upkeep
|turn|9
|
|t:|1760374858
|switch|p2a: Slowking|Slowking-Galar, M, shiny|100/100
|move|p1a: Primarina|Draining Kiss|p2a: Slowking
|-resisted|p2a: Slowking
|-damage|p2a: Slowking|94/100
|-heal|p1a: Primarina|99/100|[from] drain|[of] p2a: Slowking
|
|-heal|p1a: Primarina|100/100|[from] item: Leftovers
|upkeep
|turn|10
|
|t:|1760374864
|switch|p1a: Iron Jugulis|Iron Jugulis|100/100
|-damage|p1a: Iron Jugulis|76/100|[from] Stealth Rock
|-prepare|p2a: Slowking|Chilly Reception|[premajor]
|move|p2a: Slowking|Chilly Reception|p2a: Slowking
|-weather|Snowscape
|
|t:|1760374869
|switch|p2a: Kyurem|Kyurem, shiny|94/100|[from] Chilly Reception
|-damage|p2a: Kyurem|69/100|[from] Stealth Rock
|-ability|p2a: Kyurem|Pressure
|
|-weather|Snowscape|[upkeep]
|upkeep
|turn|11
|inactive|PrimeXStriker has 90 seconds left.
|
|t:|1760374878
|-end|p1a: Iron Jugulis|Quark Drive|[silent]
|switch|p1a: Tyranitar|Tyranitar, F|100/100
|-damage|p1a: Tyranitar|88/100|[from] Stealth Rock
|-weather|Sandstorm|[from] ability: Sand Stream|[of] p1a: Tyranitar
|move|p2a: Kyurem|Ice Beam|p1a: Tyranitar
|-damage|p1a: Tyranitar|67/100
|
|-weather|Sandstorm|[upkeep]
|-damage|p2a: Kyurem|63/100|[from] Sandstorm
|-heal|p1a: Tyranitar|74/100|[from] item: Leftovers
|upkeep
|turn|12
|inactive|PrimeXStriker has 90 seconds left.
|
|t:|1760374889
|switch|p2a: Gliscor|Gliscor, F, shiny|100/100 tox
|-damage|p2a: Gliscor|88/100 tox|[from] Stealth Rock
|move|p1a: Tyranitar|Low Kick|p2a: Gliscor
|-resisted|p2a: Gliscor
|-damage|p2a: Gliscor|82/100 tox
|
|-weather|Sandstorm|[upkeep]
|-heal|p1a: Tyranitar|80/100|[from] item: Leftovers
|-heal|p2a: Gliscor|95/100 tox|[from] ability: Poison Heal
|upkeep
|turn|13
|
|t:|1760374894
|-terastallize|p2a: Gliscor|Water
|move|p2a: Gliscor|Toxic|p1a: Tyranitar
|-status|p1a: Tyranitar|tox
|move|p1a: Tyranitar|Ice Beam|p2a: Gliscor
|-resisted|p2a: Gliscor
|-damage|p2a: Gliscor|82/100 tox
|
|-weather|Sandstorm|[upkeep]
|-damage|p2a: Gliscor|76/100 tox|[from] Sandstorm
|-heal|p1a: Tyranitar|86/100 tox|[from] item: Leftovers
|-heal|p2a: Gliscor|88/100 tox|[from] ability: Poison Heal
|-damage|p1a: Tyranitar|80/100 tox|[from] psn
|upkeep
|turn|14
|
|t:|1760374907
|switch|p1a: Great Tusk|Great Tusk|85/100 tox
|-damage|p1a: Great Tusk|82/100 tox|[from] Stealth Rock
|move|p2a: Gliscor|Protect||[still]
|-fail|p2a: Gliscor
|
|-weather|Sandstorm|[upkeep]
|-damage|p2a: Gliscor|82/100 tox|[from] Sandstorm
|-heal|p2a: Gliscor|95/100 tox|[from] ability: Poison Heal
|-damage|p1a: Great Tusk|76/100 tox|[from] psn
|upkeep
|turn|15
|
|t:|1760374913
|move|p2a: Gliscor|Earthquake|p1a: Great Tusk
|-damage|p1a: Great Tusk|60/100 tox
|move|p1a: Great Tusk|Rapid Spin|p2a: Gliscor
|-damage|p2a: Gliscor|85/100 tox
|-boost|p1a: Great Tusk|spe|1
|-sideend|p1: PrimeXStriker|Stealth Rock|[from] move: Rapid Spin|[of] p1a: Great Tusk
|
|-weather|none
|-damage|p1a: Great Tusk|48/100 tox|[from] psn
|-heal|p2a: Gliscor|97/100 tox|[from] ability: Poison Heal
|upkeep
|turn|16
|
|t:|1760374928
|move|p1a: Great Tusk|Earthquake|p2a: Gliscor
|-damage|p2a: Gliscor|72/100 tox
|move|p2a: Gliscor|Toxic|p1a: Great Tusk
|-fail|p1a: Great Tusk|tox
|
|-damage|p1a: Great Tusk|29/100 tox|[from] psn
|-heal|p2a: Gliscor|84/100 tox|[from] ability: Poison Heal
|upkeep
|turn|17
|
|t:|1760374936
|-end|p1a: Great Tusk|Protosynthesis|[silent]
|switch|p1a: Zapdos|Zapdos-Galar|100/100
|move|p2a: Gliscor|Stealth Rock|p1a: Zapdos
|-sidestart|p1: PrimeXStriker|move: Stealth Rock
|
|-heal|p2a: Gliscor|97/100 tox|[from] ability: Poison Heal
|upkeep
|turn|18
|
|t:|1760374945
|move|p1a: Zapdos|Brave Bird|p2a: Gliscor
|-damage|p2a: Gliscor|41/100 tox
|-damage|p1a: Zapdos|80/100|[from] Recoil
|move|p2a: Gliscor|Toxic|p1a: Zapdos
|-status|p1a: Zapdos|tox
|
|-damage|p1a: Zapdos|74/100 tox|[from] psn
|-heal|p2a: Gliscor|53/100 tox|[from] ability: Poison Heal
|upkeep
|turn|19
|
|t:|1760374951
|move|p2a: Gliscor|Protect|p2a: Gliscor
|-singleturn|p2a: Gliscor|Protect
|move|p1a: Zapdos|Brave Bird|p2a: Gliscor
|-activate|p2a: Gliscor|move: Protect
|
|-damage|p1a: Zapdos|61/100 tox|[from] psn
|-heal|p2a: Gliscor|65/100 tox|[from] ability: Poison Heal
|upkeep
|turn|20
|
|t:|1760374962
|switch|p2a: Kyurem|Kyurem, shiny|63/100
|-damage|p2a: Kyurem|38/100|[from] Stealth Rock
|-ability|p2a: Kyurem|Pressure
|move|p1a: Zapdos|Brave Bird|p2a: Kyurem
|-damage|p2a: Kyurem|0 fnt
|faint|p2a: Kyurem
|-damage|p1a: Zapdos|46/100 tox|[from] Recoil
|
|-damage|p1a: Zapdos|27/100 tox|[from] psn
|upkeep
|
|t:|1760374969
|switch|p2a: Gliscor|Gliscor, F, shiny, tera:Water|65/100 tox
|-damage|p2a: Gliscor|53/100 tox|[from] Stealth Rock
|turn|21
|inactive|PrimeXStriker has 120 seconds left.
|
|t:|1760374999
|move|p2a: Gliscor|Protect|p2a: Gliscor
|-singleturn|p2a: Gliscor|Protect
|move|p1a: Zapdos|Brave Bird|p2a: Gliscor
|-activate|p2a: Gliscor|move: Protect
|
|-damage|p1a: Zapdos|2/100 tox|[from] psn
|-heal|p2a: Gliscor|65/100 tox|[from] ability: Poison Heal
|upkeep
|turn|22
|
|t:|1760375008
|move|p1a: Zapdos|Brave Bird|p2a: Gliscor
|-damage|p2a: Gliscor|10/100 tox
|-damage|p1a: Zapdos|0 fnt|[from] Recoil
|faint|p1a: Zapdos
|move|p2a: Gliscor|Earthquake|p1: Zapdos|[notarget]
|-fail|p2a: Gliscor
|
|-heal|p2a: Gliscor|23/100 tox|[from] ability: Poison Heal
|upkeep
|
|t:|1760375018
|switch|p1a: Primarina|Primarina, F|100/100
|-damage|p1a: Primarina|88/100|[from] Stealth Rock
|turn|23
|
|t:|1760375021
|switch|p2a: Slowking|Slowking-Galar, M, shiny|100/100
|move|p1a: Primarina|Substitute|p1a: Primarina
|-start|p1a: Primarina|Substitute
|-damage|p1a: Primarina|63/100
|
|-heal|p1a: Primarina|69/100|[from] item: Leftovers
|upkeep
|turn|24
|
|t:|1760375026
|-terastallize|p1a: Primarina|Steel
|move|p1a: Primarina|Calm Mind|p1a: Primarina
|-boost|p1a: Primarina|spa|1
|-boost|p1a: Primarina|spd|1
|move|p2a: Slowking|Future Sight|p1a: Primarina
|-start|p2a: Slowking|move: Future Sight
|
|-heal|p1a: Primarina|75/100|[from] item: Leftovers
|upkeep
|turn|25
|
|t:|1760375032
|move|p1a: Primarina|Calm Mind|p1a: Primarina
|-boost|p1a: Primarina|spa|1
|-boost|p1a: Primarina|spd|1
|-prepare|p2a: Slowking|Chilly Reception|[premajor]
|move|p2a: Slowking|Chilly Reception|p2a: Slowking
|-weather|Snowscape
|
|t:|1760375035
|switch|p2a: Scizor|Scizor, M, shiny|31/100|[from] Chilly Reception
|-damage|p2a: Scizor|18/100|[from] Stealth Rock
|
|-weather|Snowscape|[upkeep]
|-heal|p1a: Primarina|81/100|[from] item: Leftovers
|upkeep
|turn|26
|
|t:|1760375039
|move|p2a: Scizor|Close Combat|p1a: Primarina
|-supereffective|p1a: Primarina
|-end|p1a: Primarina|Substitute
|-unboost|p2a: Scizor|def|1
|-unboost|p2a: Scizor|spd|1
|move|p1a: Primarina|Psychic Noise|p2a: Scizor
|-damage|p2a: Scizor|0 fnt
|faint|p2a: Scizor
|
|-weather|Snowscape|[upkeep]
|-end|p1a: Primarina|move: Future Sight
|-resisted|p1a: Primarina
|-damage|p1a: Primarina|72/100
|-heal|p1a: Primarina|78/100|[from] item: Leftovers
|upkeep
|
|t:|1760375047
|switch|p2a: Zamazenta|Zamazenta, shiny|82/100
|-damage|p2a: Zamazenta|76/100|[from] Stealth Rock
|turn|27
|
|t:|1760375050
|move|p2a: Zamazenta|Body Press|p1a: Primarina
|-supereffective|p1a: Primarina
|-damage|p1a: Primarina|30/100
|move|p1a: Primarina|Draining Kiss|p2a: Zamazenta
|-supereffective|p2a: Zamazenta
|-damage|p2a: Zamazenta|0 fnt
|-heal|p1a: Primarina|81/100|[from] drain|[of] p2a: Zamazenta
|faint|p2a: Zamazenta
|
|-weather|Snowscape|[upkeep]
|-heal|p1a: Primarina|87/100|[from] item: Leftovers
|upkeep
|
|t:|1760375059
|switch|p2a: Ogerpon|Ogerpon-Wellspring, F|100/100
|-damage|p2a: Ogerpon|88/100|[from] Stealth Rock
|turn|28
|
|t:|1760375062
|move|p2a: Ogerpon|Swords Dance|p2a: Ogerpon
|-boost|p2a: Ogerpon|atk|2
|move|p1a: Primarina|Draining Kiss|p2a: Ogerpon
|-damage|p2a: Ogerpon|40/100
|-heal|p1a: Primarina|100/100|[from] drain|[of] p2a: Ogerpon
|
|-weather|Snowscape|[upkeep]
|upkeep
|turn|29
|
|t:|1760375067
|move|p2a: Ogerpon|Ivy Cudgel|p1a: Primarina|[anim] Ivy Cudgel Water
|-crit|p1a: Primarina
|-damage|p1a: Primarina|0 fnt
|faint|p1a: Primarina
|
|-weather|none
|upkeep
|
|t:|1760375081
|switch|p1a: Iron Jugulis|Iron Jugulis|76/100
|-damage|p1a: Iron Jugulis|51/100|[from] Stealth Rock
|turn|30
|
|t:|1760375085
|switch|p2a: Slowking|Slowking-Galar, M, shiny|100/100
|move|p1a: Iron Jugulis|Air Slash|p2a: Slowking
|-damage|p2a: Slowking|77/100
|
|upkeep
|turn|31
|
|t:|1760375099
|-end|p1a: Iron Jugulis|Quark Drive|[silent]
|switch|p1a: Great Tusk|Great Tusk|29/100 tox
|-damage|p1a: Great Tusk|26/100 tox|[from] Stealth Rock
|-prepare|p2a: Slowking|Chilly Reception|[premajor]
|move|p2a: Slowking|Chilly Reception|p2a: Slowking
|-weather|Snowscape
|
|t:|1760375106
|switch|p2a: Gliscor|Gliscor, F, shiny, tera:Water|23/100 tox|[from] Chilly Reception
|-damage|p2a: Gliscor|10/100 tox|[from] Stealth Rock
|
|-weather|Snowscape|[upkeep]
|-heal|p2a: Gliscor|23/100 tox|[from] ability: Poison Heal
|-damage|p1a: Great Tusk|20/100 tox|[from] psn
|upkeep
|turn|32
|
|t:|1760375111
|move|p2a: Gliscor|Protect|p2a: Gliscor
|-singleturn|p2a: Gliscor|Protect
|move|p1a: Great Tusk|Rapid Spin|p2a: Gliscor
|-activate|p2a: Gliscor|move: Protect
|
|-weather|Snowscape|[upkeep]
|-heal|p2a: Gliscor|35/100 tox|[from] ability: Poison Heal
|-damage|p1a: Great Tusk|7/100 tox|[from] psn
|upkeep
|turn|33
|
|t:|1760375115
|move|p2a: Gliscor|Stealth Rock||[still]
|-fail|p2a: Gliscor
|move|p1a: Great Tusk|Rapid Spin|p2a: Gliscor
|-damage|p2a: Gliscor|26/100 tox
|-boost|p1a: Great Tusk|spe|1
|-sideend|p1: PrimeXStriker|Stealth Rock|[from] move: Rapid Spin|[of] p1a: Great Tusk
|
|-weather|Snowscape|[upkeep]
|-damage|p1a: Great Tusk|0 fnt|[from] psn
|faint|p1a: Great Tusk
|-end|p1a: Great Tusk|Protosynthesis|[silent]
|-heal|p2a: Gliscor|38/100 tox|[from] ability: Poison Heal
|upkeep
|
|t:|1760375121
|switch|p1a: Iron Jugulis|Iron Jugulis|51/100
|turn|34
|
|t:|1760375124
|move|p2a: Gliscor|Protect|p2a: Gliscor
|-singleturn|p2a: Gliscor|Protect
|move|p1a: Iron Jugulis|Dark Pulse|p2a: Gliscor
|-activate|p2a: Gliscor|move: Protect
|
|-weather|Snowscape|[upkeep]
|-heal|p2a: Gliscor|50/100 tox|[from] ability: Poison Heal
|upkeep
|turn|35
|
|t:|1760375129
|switch|p2a: Slowking|Slowking-Galar, M, shiny|100/100
|move|p1a: Iron Jugulis|Dark Pulse|p2a: Slowking
|-supereffective|p2a: Slowking
|-damage|p2a: Slowking|57/100
|
|-weather|none
|upkeep
|turn|36
|
|t:|1760375133
|move|p1a: Iron Jugulis|Dark Pulse|p2a: Slowking
|-supereffective|p2a: Slowking
|-crit|p2a: Slowking
|-damage|p2a: Slowking|0 fnt
|faint|p2a: Slowking
|
|upkeep
|
|t:|1760375137
|switch|p2a: Gliscor|Gliscor, F, shiny, tera:Water|50/100 tox
|-damage|p2a: Gliscor|38/100 tox|[from] Stealth Rock
|turn|37
|
|t:|1760375146
|move|p2a: Gliscor|Protect|p2a: Gliscor
|-singleturn|p2a: Gliscor|Protect
|move|p1a: Iron Jugulis|Dark Pulse|p2a: Gliscor
|-activate|p2a: Gliscor|move: Protect
|
|-heal|p2a: Gliscor|50/100 tox|[from] ability: Poison Heal
|upkeep
|turn|38
|
|t:|1760375149
|move|p1a: Iron Jugulis|Dark Pulse|p2a: Gliscor
|-damage|p2a: Gliscor|0 fnt
|faint|p2a: Gliscor
|
|upkeep
|
|t:|1760375151
|switch|p2a: Ogerpon|Ogerpon-Wellspring, F|40/100
|-damage|p2a: Ogerpon|27/100|[from] Stealth Rock
|turn|39
|
|t:|1760375154
|move|p1a: Iron Jugulis|Dark Pulse|p2a: Ogerpon
|-damage|p2a: Ogerpon|0 fnt
|faint|p2a: Ogerpon
|
|win|PrimeXStriker
|raw|PrimeXStriker's rating: 1602 &rarr; <strong>1627</strong><br />(+25 for winning)
|raw|N_Alder's rating: 1687 &rarr; <strong>1662</strong><br />(-25 for losing)
|l|☆N_Alder
|player|p2|
|l|☆PrimeXStriker
|player|p1|
