|j|☆DIGIWAYNE123
|j|☆N0tC1evey
|t:|1760359228
|gametype|singles
|player|p1|DIGIWAYNE123|swimmerf-gen4|1441
|player|p2|N0tC1evey|pryce|1391
|gen|9
|tier|[Gen 9] OU
|rated|
|rule|HP Percentage Mod: HP is shown in percentages
|rule|Endless Battle Clause: Forcing endless battles is banned
|rule|Species Clause: Limit one of each Pokémon
|rule|OHKO Clause: OHKO moves are banned
|rule|Evasion Items Clause: Evasion items are banned
|rule|Evasion Moves Clause: Evasion moves are banned
|rule|Evasion Abilities Clause: Evasion abilities are banned
|rule|Sleep Moves Clause: Sleep-inducing moves are banned
|clearpoke
|poke|p1|Armarouge, M|
|poke|p1|Indeedee, M|
|poke|p1|Great Tusk|
|poke|p1|Hoopa-Unbound|
|poke|p1|Scream Tail|
|poke|p1|Drednaw, M|
|poke|p2|Pelipper, F|
|poke|p2|Ogerpon-Wellspring, F|
|poke|p2|Zapdos|
|poke|p2|Scizor, M|
|poke|p2|Walking Wake|
|poke|p2|Great Tusk|
|teampreview
|inactive|Battle timer is ON: inactive players will automatically lose when time's up. (requested by N0tC1evey)
|
|t:|1760359236
|teamsize|p1|6
|teamsize|p2|6
|start
|switch|p1a: Scream Tail|Scream Tail|100/100
|switch|p2a: Scizor|Scizor, M|100/100
|-enditem|p1a: Scream Tail|Booster Energy
|-activate|p1a: Scream Tail|ability: Protosynthesis|[fromitem]
|-start|p1a: Scream Tail|protosynthesisspe
|turn|1
|
|t:|1760359242
|move|p2a: Scizor|Bullet Punch|p1a: Scream Tail
|-supereffective|p1a: Scream Tail
|-damage|p1a: Scream Tail|42/100
|move|p1a: Scream Tail|Thunder Wave|p2a: Scizor
|-status|p2a: Scizor|par
|
|upkeep
|turn|2
|
|t:|1760359248
|move|p1a: Scream Tail|Stealth Rock|p2a: Scizor
|-sidestart|p2: N0tC1evey|move: Stealth Rock
|move|p2a: Scizor|U-turn|p1a: Scream Tail
|-crit|p1a: Scream Tail
|-damage|p1a: Scream Tail|0 fnt
|faint|p1a: Scream Tail
|-end|p1a: Scream Tail|Protosynthesis|[silent]
|
|t:|1760359258
|switch|p2a: Pelipper|Pelipper, F|100/100|[from] U-turn
|-damage|p2a: Pelipper|75/100|[from] Stealth Rock
|-weather|RainDance|[from] ability: Drizzle|[of] p2a: Pelipper
|
|-weather|RainDance|[upkeep]
|upkeep
|
|t:|1760359260
|switch|p1a: Indeedee|Indeedee, M|100/100
|-fieldstart|move: Psychic Terrain|[from] ability: Psychic Surge|[of] p1a: Indeedee
|turn|3
|
|t:|1760359280
|move|p1a: Indeedee|Expanding Force|p2a: Pelipper
|-damage|p2a: Pelipper|0 fnt
|faint|p2a: Pelipper
|
|-weather|RainDance|[upkeep]
|upkeep
|
|t:|1760359289
|switch|p2a: Scizor|Scizor, M|100/100 par
|-damage|p2a: Scizor|88/100 par|[from] Stealth Rock
|turn|4
|
|t:|1760359292
|switch|p1a: Great Tusk|Great Tusk|100/100
|-enditem|p1a: Great Tusk|Booster Energy
|-activate|p1a: Great Tusk|ability: Protosynthesis|[fromitem]
|-start|p1a: Great Tusk|protosynthesisspe
|move|p2a: Scizor|U-turn|p1a: Great Tusk
|-resisted|p1a: Great Tusk
|-damage|p1a: Great Tusk|87/100
|
|t:|1760359302
|switch|p2a: Walking Wake|Walking Wake|100/100|[from] U-turn
|-damage|p2a: Walking Wake|88/100|[from] Stealth Rock
|
|-weather|RainDance|[upkeep]
|upkeep
|turn|5
|
|t:|1760359308
|move|p2a: Walking Wake|Surf|p1a: Great Tusk
|-supereffective|p1a: Great Tusk
|-damage|p1a: Great Tusk|0 fnt
|faint|p1a: Great Tusk
|-end|p1a: Great Tusk|Protosynthesis|[silent]
|
|-weather|RainDance|[upkeep]
|upkeep
|
|t:|1760359310
|switch|p1a: Hoopa|Hoopa-Unbound|100/100
|turn|6
|
|t:|1760359314
|move|p2a: Walking Wake|Surf|p1a: Hoopa
|-damage|p1a: Hoopa|65/100
|move|p1a: Hoopa|Psyshock|p2a: Walking Wake
|-damage|p2a: Walking Wake|5/100
|
|-weather|RainDance|[upkeep]
|upkeep
|turn|7
|
|t:|1760359320
|move|p2a: Walking Wake|Surf|p1a: Hoopa
|-damage|p1a: Hoopa|25/100
|move|p1a: Hoopa|Dark Pulse|p2a: Walking Wake
|-damage|p2a: Walking Wake|0 fnt
|faint|p2a: Walking Wake
|-end|p2a: Walking Wake|Protosynthesis|[silent]
|
|-weather|RainDance|[upkeep]
|upkeep
|
|t:|1760359325
|switch|p2a: Ogerpon|Ogerpon-Wellspring, F|100/100
|-damage|p2a: Ogerpon|88/100|[from] Stealth Rock
|turn|8
|
|t:|1760359330
|move|p2a: Ogerpon|Trailblaze|p1a: Hoopa
|-damage|p1a: Hoopa|0 fnt
|-boost|p2a: Ogerpon|spe|1
|faint|p1a: Hoopa
|
|-weather|RainDance|[upkeep]
|upkeep
|
|t:|1760359333
|switch|p1a: Armarouge|Armarouge, M|100/100
|turn|9
|
|t:|1760359341
|move|p2a: Ogerpon|Ivy Cudgel|p1a: Armarouge|[anim] Ivy Cudgel Water
|-supereffective|p1a: Armarouge
|-enditem|p1a: Armarouge|Focus Sash
|-damage|p1a: Armarouge|1/100
|-ability|p1a: Armarouge|Weak Armor|boost
|-unboost|p1a: Armarouge|def|1
|-boost|p1a: Armarouge|spe|2
|move|p1a: Armarouge|Calm Mind|p1a: Armarouge
|-boost|p1a: Armarouge|spa|1
|-boost|p1a: Armarouge|spd|1
|
|-weather|none
|upkeep
|turn|10
|
|t:|1760359358
|move|p1a: Armarouge|Expanding Force|p2a: Ogerpon
|-damage|p2a: Ogerpon|0 fnt
|faint|p2a: Ogerpon
|
|-fieldend|move: Psychic Terrain
|upkeep
|
|t:|1760359361
|switch|p2a: Scizor|Scizor, M|88/100 par
|-damage|p2a: Scizor|76/100 par|[from] Stealth Rock
|turn|11
|
|t:|1760359365
|switch|p1a: Indeedee|Indeedee, M|100/100
|-fieldstart|move: Psychic Terrain|[from] ability: Psychic Surge|[of] p1a: Indeedee
|cant|p2a: Scizor|par
|
|upkeep
|turn|12
|
|t:|1760359379
|move|p1a: Indeedee|Expanding Force|p2a: Scizor
|-resisted|p2a: Scizor
|-damage|p2a: Scizor|36/100 par
|cant|p2a: Scizor|par
|
|upkeep
|turn|13
|
|t:|1760359405
|move|p1a: Indeedee|Expanding Force|p2a: Scizor
|-resisted|p2a: Scizor
|-crit|p2a: Scizor
|-damage|p2a: Scizor|0 fnt
|faint|p2a: Scizor
|
|upkeep
|
|t:|1760359411
|switch|p2a: Zapdos|Zapdos|100/100
|-damage|p2a: Zapdos|76/100|[from] Stealth Rock
|-ability|p2a: Zapdos|Pressure
|turn|14
|inactive|N0tC1evey has 120 seconds left.
|
|t:|1760359428
|move|p2a: Zapdos|Thunder|p1a: Indeedee
|-damage|p1a: Indeedee|0 fnt
|faint|p1a: Indeedee
|
|upkeep
|
|t:|1760359434
|switch|p1a: Drednaw|Drednaw, M|100/100
|turn|15
|
|t:|1760359438
|-terastallize|p1a: Drednaw|Ground
|move|p2a: Zapdos|Thunder|p1a: Drednaw
|-immune|p1a: Drednaw
|move|p1a: Drednaw|Shell Smash|p1a: Drednaw
|-unboost|p1a: Drednaw|def|1
|-unboost|p1a: Drednaw|spd|1
|-boost|p1a: Drednaw|atk|2
|-boost|p1a: Drednaw|spa|2
|-boost|p1a: Drednaw|spe|2
|
|upkeep
|turn|16
|
|t:|1760359443
|switch|p2a: Great Tusk|Great Tusk|100/100
|-damage|p2a: Great Tusk|98/100|[from] Stealth Rock
|-enditem|p2a: Great Tusk|Booster Energy
|-activate|p2a: Great Tusk|ability: Protosynthesis|[fromitem]
|-start|p2a: Great Tusk|protosynthesisatk
|move|p1a: Drednaw|Ice Fang|p2a: Great Tusk
|-supereffective|p2a: Great Tusk
|-damage|p2a: Great Tusk|14/100
|
|upkeep
|turn|17
|
|t:|1760359454
|move|p1a: Drednaw|Earthquake|p2a: Great Tusk
|-damage|p2a: Great Tusk|0 fnt
|faint|p2a: Great Tusk
|-end|p2a: Great Tusk|Protosynthesis|[silent]
|
|upkeep
|-message|N0tC1evey forfeited.
|
|win|DIGIWAYNE123
|raw|DIGIWAYNE123's rating: 1441 &rarr; <strong>1458</strong><br />(+17 for winning)
|raw|N0tC1evey's rating: 1391 &rarr; <strong>1374</strong><br />(-17 for losing)
|l|☆N0tC1evey
|player|p2|
|l|☆DIGIWAYNE123
|player|p1|
