|j|‽Nocturne Nugget
|j|‽Joe123445
|t:|1760379665
|gametype|singles
|player|p1|Nocturne Nugget|veteranf|
|player|p2|Joe123445|2|
|gen|9
|tier|[Gen 9] OU
|rule|HP Percentage Mod: HP is shown in percentages
|rule|Endless Battle Clause: Forcing endless battles is banned
|rule|Species Clause: Limit one of each Pokémon
|rule|OHKO Clause: OHKO moves are banned
|rule|Evasion Items Clause: Evasion items are banned
|rule|Evasion Moves Clause: Evasion moves are banned
|rule|Evasion Abilities Clause: Evasion abilities are banned
|rule|Sleep Moves Clause: Sleep-inducing moves are banned
|clearpoke
|poke|p1|Landorus-Therian, M|
|poke|p1|Ogerpon-Wellspring, F|
|poke|p1|Scizor, F|
|poke|p1|Great Tusk|
|poke|p1|Pecharunt|
|poke|p1|Moltres|
|poke|p2|Great Tusk|
|poke|p2|Heatran, M|
|poke|p2|Weavile, M|
|poke|p2|Primarina, M|
|poke|p2|Ogerpon, F|
|poke|p2|Pecharunt|
|teampreview
|
|t:|1760379703
|teamsize|p1|6
|teamsize|p2|6
|start
|switch|p1a: Landorus|Landorus-Therian, M|100/100
|switch|p2a: Heatran|Heatran, M, shiny|100/100
|-ability|p1a: Landorus|Intimidate|boost
|-unboost|p2a: Heatran|atk|1
|-item|p2a: Heatran|Air Balloon
|turn|1
|
|t:|1760379858
|move|p1a: Landorus|U-turn|p2a: Heatran
|-resisted|p2a: Heatran
|-damage|p2a: Heatran|95/100
|-enditem|p2a: Heatran|Air Balloon
|
|t:|1760379863
|switch|p1a: Great Tusk|Great Tusk|100/100|[from] U-turn
|move|p2a: Heatran|Stealth Rock|p1a: Great Tusk
|-sidestart|p1: Nocturne Nugget|move: Stealth Rock
|
|upkeep
|turn|2
|
|t:|1760379966
|switch|p2a: Pecharunt|Pecharunt|100/100
|move|p1a: Great Tusk|Rapid Spin|p2a: Pecharunt
|-immune|p2a: Pecharunt
|
|upkeep
|turn|3
|
|t:|1760380096
|move|p1a: Great Tusk|Knock Off|p2a: Pecharunt
|-supereffective|p2a: Pecharunt
|-damage|p2a: Pecharunt|68/100
|-damage|p1a: Great Tusk|84/100|[from] item: Rocky Helmet|[of] p2a: Pecharunt
|-enditem|p2a: Pecharunt|Rocky Helmet|[from] move: Knock Off|[of] p1a: Great Tusk
|move|p2a: Pecharunt|Parting Shot|p1a: Great Tusk
|-unboost|p1a: Great Tusk|atk|1
|-unboost|p1a: Great Tusk|spa|1
|
|t:|1760380106
|switch|p2a: Weavile|Weavile, M, shiny|100/100|[from] Parting Shot
|-ability|p2a: Weavile|Pressure
|
|upkeep
|turn|4
|
|t:|1760380156
|-end|p1a: Great Tusk|Protosynthesis|[silent]
|switch|p1a: Moltres|Moltres|100/100
|move|p2a: Weavile|Ice Shard|p1a: Moltres
|-crit|p1a: Moltres
|-damage|p1a: Moltres|71/100
|
|upkeep
|turn|5
|
|t:|1760380330
|switch|p2a: Primarina|Primarina, M, shiny|100/100
|move|p1a: Moltres|U-turn|p2a: Primarina
|-resisted|p2a: Primarina
|-damage|p2a: Primarina|92/100
|
|t:|1760380345
|switch|p1a: Pecharunt|Pecharunt|100/100|[from] U-turn
|
|upkeep
|turn|6
|
|t:|1760380444
|-terastallize|p2a: Primarina|Ground
|move|p1a: Pecharunt|Nasty Plot|p1a: Pecharunt
|-boost|p1a: Pecharunt|spa|2
|move|p2a: Primarina|Psychic Noise|p1a: Pecharunt
|-damage|p1a: Pecharunt|51/100
|-start|p1a: Pecharunt|move: Heal Block
|
|upkeep
|turn|7
|
|t:|1760380594
|switch|p1a: Scizor|Scizor, F|100/100
|-damage|p1a: Scizor|88/100|[from] Stealth Rock
|move|p2a: Primarina|Flip Turn|p1a: Scizor
|-damage|p1a: Scizor|73/100
|
|t:|1760380614
|switch|p2a: Heatran|Heatran, M, shiny|95/100|[from] Flip Turn
|
|upkeep
|turn|8
|
|t:|1760380824
|switch|p1a: Landorus|Landorus-Therian, M|100/100
|-damage|p1a: Landorus|88/100|[from] Stealth Rock
|-ability|p1a: Landorus|Intimidate|boost
|-unboost|p2a: Heatran|atk|1
|move|p2a: Heatran|Magma Storm|p1a: Landorus
|-damage|p1a: Landorus|36/100
|-activate|p1a: Landorus|move: Magma Storm|[of] p2a: Heatran
|
|-damage|p1a: Landorus|23/100|[from] move: Magma Storm|[partiallytrapped]
|upkeep
|turn|9
|
|t:|1760381006
|switch|p2a: Weavile|Weavile, M, shiny|100/100
|-ability|p2a: Weavile|Pressure
|move|p1a: Landorus|Stealth Rock|p2a: Weavile
|-sidestart|p2: Joe123445|move: Stealth Rock
|
|-end|p1a: Landorus|Magma Storm|[partiallytrapped]|[silent]
|upkeep
|turn|10
|
|t:|1760381090
|switch|p1a: Moltres|Moltres|71/100
|move|p2a: Weavile|Triple Axel|p1a: Moltres|[miss]
|-miss|p2a: Weavile|p1a: Moltres
|
|upkeep
|turn|11
|
|t:|1760381270
|switch|p2a: Primarina|Primarina, M, shiny, tera:Ground|92/100
|-damage|p2a: Primarina|86/100|[from] Stealth Rock
|move|p1a: Moltres|Flamethrower|p2a: Primarina
|-damage|p2a: Primarina|65/100
|
|upkeep
|turn|12
|
|t:|1760381442
|switch|p1a: Ogerpon|Ogerpon-Wellspring, F|100/100
|-damage|p1a: Ogerpon|88/100|[from] Stealth Rock
|move|p2a: Primarina|Whirlpool|p1a: Ogerpon
|-heal|p1a: Ogerpon|100/100|[from] ability: Water Absorb|[of] p2a: Primarina
|
|upkeep
|turn|13
|
|t:|1760381652
|switch|p2a: Pecharunt|Pecharunt|68/100
|-damage|p2a: Pecharunt|56/100|[from] Stealth Rock
|move|p1a: Ogerpon|Spikes|p2a: Pecharunt
|-sidestart|p2: Joe123445|Spikes
|
|upkeep
|turn|14
|
|t:|1760381720
|move|p1a: Ogerpon|Spikes|p2a: Pecharunt
|-sidestart|p2: Joe123445|Spikes
|move|p2a: Pecharunt|Malignant Chain|p1a: Ogerpon
|-supereffective|p1a: Ogerpon
|-damage|p1a: Ogerpon|27/100
|-status|p1a: Ogerpon|tox
|-start|p1a: Ogerpon|confusion|[from] ability: Poison Puppeteer|[of] p2a: Pecharunt
|
|-damage|p1a: Ogerpon|21/100 tox|[from] psn
|upkeep
|turn|15
|
|t:|1760381900
|-activate|p1a: Ogerpon|confusion
|-damage|p1a: Ogerpon|3/100 tox|[from] confusion
|move|p2a: Pecharunt|Parting Shot|p1a: Ogerpon
|-unboost|p1a: Ogerpon|atk|1
|-unboost|p1a: Ogerpon|spa|1
|
|t:|1760381906
|switch|p2a: Great Tusk|Great Tusk, shiny|100/100|[from] Parting Shot
|
|-damage|p1a: Ogerpon|0 fnt|[from] psn
|faint|p1a: Ogerpon
|upkeep
|
|t:|1760381945
|switch|p1a: Moltres|Moltres|71/100
|turn|16
|
|t:|1760382031
|move|p2a: Great Tusk|Rapid Spin|p1a: Moltres
|-damage|p1a: Moltres|59/100
|-boost|p2a: Great Tusk|spe|1
|-status|p2a: Great Tusk|brn|[from] ability: Flame Body|[of] p1a: Moltres
|-sideend|p2: Joe123445|Spikes|[from] move: Rapid Spin|[of] p2a: Great Tusk
|-sideend|p2: Joe123445|Stealth Rock|[from] move: Rapid Spin|[of] p2a: Great Tusk
|move|p1a: Moltres|Roost|p1a: Moltres
|-heal|p1a: Moltres|100/100
|-singleturn|p1a: Moltres|move: Roost
|
|-damage|p2a: Great Tusk|94/100 brn|[from] brn
|upkeep
|turn|17
|
|t:|1760382114
|-end|p2a: Great Tusk|Protosynthesis|[silent]
|switch|p2a: Primarina|Primarina, M, shiny, tera:Ground|65/100
|move|p1a: Moltres|U-turn|p2a: Primarina
|-damage|p2a: Primarina|48/100
|
|t:|1760382123
|switch|p1a: Great Tusk|Great Tusk|84/100|[from] U-turn
|
|upkeep
|turn|18
|
|t:|1760382140
|move|p1a: Great Tusk|Ice Spinner|p2a: Primarina
|-supereffective|p2a: Primarina
|-damage|p2a: Primarina|0 fnt
|faint|p2a: Primarina
|
|upkeep
|
|t:|1760382166
|switch|p2a: Ogerpon|Ogerpon, F|100/100
|turn|19
|inactive|Battle timer is ON: inactive players will automatically lose when time's up. (requested by Joe123445)
|inactiveoff|Battle timer is now OFF.
|
|t:|1760382307
|-terastallize|p1a: Great Tusk|Steel
|move|p2a: Ogerpon|Ivy Cudgel|p1a: Great Tusk
|-resisted|p1a: Great Tusk
|-damage|p1a: Great Tusk|55/100
|move|p1a: Great Tusk|Rapid Spin|p2a: Ogerpon
|-damage|p2a: Ogerpon|79/100
|-boost|p1a: Great Tusk|spe|1
|-sideend|p1: Nocturne Nugget|Stealth Rock|[from] move: Rapid Spin|[of] p1a: Great Tusk
|
|upkeep
|turn|20
|
|t:|1760382523
|switch|p2a: Heatran|Heatran, M, shiny|95/100
|move|p1a: Great Tusk|Ice Spinner|p2a: Heatran
|-resisted|p2a: Heatran
|-damage|p2a: Heatran|89/100
|
|upkeep
|turn|21
|
|t:|1760382786
|switch|p2a: Ogerpon|Ogerpon, F|79/100
|move|p1a: Great Tusk|Headlong Rush|p2a: Ogerpon
|-resisted|p2a: Ogerpon
|-crit|p2a: Ogerpon
|-damage|p2a: Ogerpon|13/100
|-unboost|p1a: Great Tusk|def|1
|-unboost|p1a: Great Tusk|spd|1
|
|upkeep
|turn|22
|
|t:|1760382821
|move|p1a: Great Tusk|Ice Spinner|p2a: Ogerpon
|-supereffective|p2a: Ogerpon
|-damage|p2a: Ogerpon|0 fnt
|faint|p2a: Ogerpon
|
|upkeep
|
|t:|1760382842
|switch|p2a: Great Tusk|Great Tusk, shiny|94/100 brn
|turn|23
|
|t:|1760382906
|-end|p1a: Great Tusk|Protosynthesis|[silent]
|switch|p1a: Landorus|Landorus-Therian, M|23/100
|-ability|p1a: Landorus|Intimidate|boost
|-unboost|p2a: Great Tusk|atk|1
|move|p2a: Great Tusk|Close Combat|p1a: Landorus
|-resisted|p1a: Landorus
|-damage|p1a: Landorus|14/100
|-unboost|p2a: Great Tusk|def|1
|-unboost|p2a: Great Tusk|spd|1
|-damage|p2a: Great Tusk|78/100 brn|[from] item: Rocky Helmet|[of] p1a: Landorus
|
|-damage|p2a: Great Tusk|72/100 brn|[from] brn
|upkeep
|turn|24
|
|t:|1760382954
|move|p1a: Landorus|Earth Power|p2a: Great Tusk
|-damage|p2a: Great Tusk|3/100 brn
|move|p2a: Great Tusk|Ice Spinner|p1a: Landorus
|-supereffective|p1a: Landorus
|-damage|p1a: Landorus|0 fnt
|-damage|p2a: Great Tusk|0 fnt|[from] item: Rocky Helmet|[of] p1a: Landorus
|faint|p1a: Landorus
|faint|p2a: Great Tusk
|-end|p2a: Great Tusk|Protosynthesis|[silent]
|
|upkeep
|
|t:|1760383037
|switch|p1a: Moltres|Moltres|100/100
|switch|p2a: Weavile|Weavile, M, shiny|100/100
|-ability|p2a: Weavile|Pressure
|turn|25
|
|t:|1760383079
|move|p2a: Weavile|Ice Shard|p1a: Moltres
|-damage|p1a: Moltres|80/100
|move|p1a: Moltres|U-turn|p2a: Weavile
|-supereffective|p2a: Weavile
|-damage|p2a: Weavile|46/100
|
|t:|1760383208
|switch|p1a: Scizor|Scizor, F|73/100|[from] U-turn
|
|upkeep
|turn|26
|
|t:|1760383221
|switch|p2a: Heatran|Heatran, M, shiny|89/100
|move|p1a: Scizor|Swords Dance|p1a: Scizor
|-boost|p1a: Scizor|atk|2
|
|upkeep
|turn|27
|
|t:|1760383234
|switch|p1a: Moltres|Moltres|80/100
|move|p2a: Heatran|Magma Storm|p1a: Moltres|[miss]
|-miss|p2a: Heatran|p1a: Moltres
|
|upkeep
|turn|28
|
|t:|1760383247
|move|p2a: Heatran|Stealth Rock|p1a: Moltres
|-sidestart|p1: Nocturne Nugget|move: Stealth Rock
|move|p1a: Moltres|Roost|p1a: Moltres
|-heal|p1a: Moltres|100/100
|-singleturn|p1a: Moltres|move: Roost
|
|upkeep
|turn|29
|
|t:|1760383254
|move|p2a: Heatran|Stealth Rock||[still]
|-fail|p2a: Heatran
|move|p1a: Moltres|U-turn|p2a: Heatran
|-resisted|p2a: Heatran
|-damage|p2a: Heatran|85/100
|
|t:|1760383265
|switch|p1a: Great Tusk|Great Tusk, tera:Steel|55/100|[from] U-turn
|
|upkeep
|turn|30
|
|t:|1760383384
|switch|p2a: Pecharunt|Pecharunt|56/100
|move|p1a: Great Tusk|Headlong Rush|p2a: Pecharunt
|-supereffective|p2a: Pecharunt
|-damage|p2a: Pecharunt|0 fnt
|-unboost|p1a: Great Tusk|def|1
|-unboost|p1a: Great Tusk|spd|1
|faint|p2a: Pecharunt
|
|upkeep
|
|t:|1760383393
|switch|p2a: Weavile|Weavile, M, shiny|46/100
|-ability|p2a: Weavile|Pressure
|turn|31
|
|t:|1760383435
|-end|p1a: Great Tusk|Protosynthesis|[silent]
|switch|p1a: Pecharunt|Pecharunt|51/100
|move|p2a: Weavile|Knock Off|p1a: Pecharunt
|-supereffective|p1a: Pecharunt
|-damage|p1a: Pecharunt|0 fnt
|-enditem|p1a: Pecharunt|Heavy-Duty Boots|[from] move: Knock Off|[of] p2a: Weavile
|faint|p1a: Pecharunt
|
|upkeep
|
|t:|1760383444
|switch|p1a: Scizor|Scizor, F|73/100
|-damage|p1a: Scizor|61/100|[from] Stealth Rock
|turn|32
|
|t:|1760383456
|switch|p2a: Heatran|Heatran, M, shiny|85/100
|move|p1a: Scizor|Bullet Punch|p2a: Heatran
|-resisted|p2a: Heatran
|-damage|p2a: Heatran|73/100
|-damage|p1a: Scizor|51/100|[from] item: Life Orb
|
|upkeep
|turn|33
|
|t:|1760383469
|switch|p1a: Moltres|Moltres|100/100
|move|p2a: Heatran|Magma Storm|p1a: Moltres
|-resisted|p1a: Moltres
|-damage|p1a: Moltres|73/100
|-activate|p1a: Moltres|move: Magma Storm|[of] p2a: Heatran
|
|-damage|p1a: Moltres|61/100|[from] move: Magma Storm|[partiallytrapped]
|upkeep
|turn|34
|
|t:|1760383502
|move|p2a: Heatran|Magma Storm|p1a: Moltres
|-resisted|p1a: Moltres
|-damage|p1a: Moltres|35/100
|move|p1a: Moltres|Roost|p1a: Moltres
|-heal|p1a: Moltres|85/100
|-singleturn|p1a: Moltres|move: Roost
|
|-damage|p1a: Moltres|73/100|[from] move: Magma Storm|[partiallytrapped]
|upkeep
|turn|35
|
|t:|1760383511
|move|p2a: Heatran|Taunt|p1a: Moltres
|-start|p1a: Moltres|move: Taunt
|move|p1a: Moltres|U-turn|p2a: Heatran
|-resisted|p2a: Heatran
|-damage|p2a: Heatran|69/100
|
|t:|1760383514
|switch|p1a: Great Tusk|Great Tusk, tera:Steel|55/100|[from] U-turn
|
|upkeep
|turn|36
|
|t:|1760383523
|switch|p2a: Weavile|Weavile, M, shiny|46/100
|-ability|p2a: Weavile|Pressure
|move|p1a: Great Tusk|Headlong Rush|p2a: Weavile
|-damage|p2a: Weavile|0 fnt
|-unboost|p1a: Great Tusk|def|1
|-unboost|p1a: Great Tusk|spd|1
|faint|p2a: Weavile
|
|upkeep
|
|t:|1760383533
|switch|p2a: Heatran|Heatran, M, shiny|69/100
|turn|37
|
|t:|1760383566
|move|p1a: Great Tusk|Headlong Rush|p2a: Heatran
|-supereffective|p2a: Heatran
|-damage|p2a: Heatran|0 fnt
|-unboost|p1a: Great Tusk|def|1
|-unboost|p1a: Great Tusk|spd|1
|faint|p2a: Heatran
|
|win|Nocturne Nugget
