|j|☆Laughable
|j|☆G00D00D
|t:|1760324439
|gametype|singles
|player|p1|Laughable|tuber|1592
|player|p2|G00D00D|2|1688
|gen|9
|tier|[Gen 9] OU
|rated|
|rule|HP Percentage Mod: HP is shown in percentages
|rule|Endless Battle Clause: Forcing endless battles is banned
|rule|Species Clause: Limit one of each Pokémon
|rule|OHKO Clause: OHKO moves are banned
|rule|Evasion Items Clause: Evasion items are banned
|rule|Evasion Moves Clause: Evasion moves are banned
|rule|Evasion Abilities Clause: Evasion abilities are banned
|rule|Sleep Moves Clause: Sleep-inducing moves are banned
|clearpoke
|poke|p1|Dragapult, M|
|poke|p1|Gliscor, F|
|poke|p1|Milotic, F|
|poke|p1|Skeledirge, F|
|poke|p1|Weezing-Galar, F|
|poke|p1|Mandibuzz, F|
|poke|p2|Alomomola, F|
|poke|p2|Darkrai|
|poke|p2|Iron Crown|
|poke|p2|Weezing-Galar, M|
|poke|p2|Lokix, M|
|poke|p2|Landorus-Therian, M|
|teampreview
|inactive|Battle timer is ON: inactive players will automatically lose when time's up. (requested by G00D00D)
|
|t:|1760324458
|teamsize|p1|6
|teamsize|p2|6
|start
|switch|p1a: Mandibuzz|Mandibuzz, F|100/100
|switch|p2a: Darkrai|Darkrai|100/100
|turn|1
|
|t:|1760324464
|switch|p2a: Weezing|Weezing-Galar, M|100/100
|-ability|p2a: Weezing|Neutralizing Gas
|switch|p1a: Milotic|Milotic, F, shiny|100/100
|
|upkeep
|turn|2
|
|t:|1760324472
|-end|p2a: Weezing|ability: Neutralizing Gas
|switch|p2a: Alomomola|Alomomola, F|100/100
|move|p1a: Milotic|Scald|p2a: Alomomola
|-resisted|p2a: Alomomola
|-damage|p2a: Alomomola|83/100
|-enditem|p2a: Alomomola|Eject Button
|
|t:|1760324479
|switch|p2a: Lokix|Lokix, M|100/100
|
|upkeep
|turn|3
|
|t:|1760324484
|switch|p1a: Weezing|Weezing-Galar, F|100/100
|-ability|p1a: Weezing|Neutralizing Gas
|-terastallize|p2a: Lokix|Bug
|move|p2a: Lokix|U-turn|p1a: Weezing
|-resisted|p1a: Weezing
|-crit|p1a: Weezing
|-damage|p1a: Weezing|85/100
|
|t:|1760324493
|switch|p2a: Iron Crown|Iron Crown|100/100|[from] U-turn
|
|-heal|p1a: Weezing|91/100|[from] item: Leftovers
|upkeep
|turn|4
|
|t:|1760324498
|-end|p1a: Weezing|ability: Neutralizing Gas
|switch|p1a: Milotic|Milotic, F, shiny|100/100
|move|p2a: Iron Crown|Volt Switch|p1a: Milotic
|-supereffective|p1a: Milotic
|-damage|p1a: Milotic|76/100
|
|t:|1760324504
|-end|p2a: Iron Crown|Quark Drive|[silent]
|switch|p2a: Lokix|Lokix, M, tera:Bug|100/100|[from] Volt Switch
|
|upkeep
|turn|5
|
|t:|1760324508
|switch|p1a: Weezing|Weezing-Galar, F|91/100
|-ability|p1a: Weezing|Neutralizing Gas
|move|p2a: Lokix|U-turn|p1a: Weezing
|-resisted|p1a: Weezing
|-damage|p1a: Weezing|80/100
|
|t:|1760324515
|switch|p2a: Iron Crown|Iron Crown|100/100|[from] U-turn
|
|-heal|p1a: Weezing|86/100|[from] item: Leftovers
|upkeep
|turn|6
|
|t:|1760324520
|-end|p1a: Weezing|ability: Neutralizing Gas
|switch|p1a: Milotic|Milotic, F, shiny|76/100
|move|p2a: Iron Crown|Tachyon Cutter|p1a: Milotic
|-resisted|p1a: Milotic
|-crit|p1a: Milotic
|-damage|p1a: Milotic|64/100
|-resisted|p1a: Milotic
|-damage|p1a: Milotic|57/100
|-hitcount|p1a: Milotic|2
|
|upkeep
|turn|7
|
|t:|1760324528
|move|p2a: Iron Crown|Volt Switch|p1a: Milotic
|-supereffective|p1a: Milotic
|-damage|p1a: Milotic|30/100
|
|t:|1760324532
|-end|p2a: Iron Crown|Quark Drive|[silent]
|switch|p2a: Alomomola|Alomomola, F|100/100|[from] Volt Switch
|move|p1a: Milotic|Mirror Coat|p2a: Alomomola
|-damage|p2a: Alomomola|61/100
|
|upkeep
|turn|8
|
|t:|1760324537
|move|p1a: Milotic|Recover|p1a: Milotic
|-heal|p1a: Milotic|80/100
|move|p2a: Alomomola|Flip Turn|p1a: Milotic
|-resisted|p1a: Milotic
|-damage|p1a: Milotic|71/100
|
|t:|1760324544
|switch|p2a: Lokix|Lokix, M, tera:Bug|100/100|[from] Flip Turn
|
|upkeep
|turn|9
|
|t:|1760324548
|move|p2a: Lokix|U-turn|p1a: Milotic
|-damage|p1a: Milotic|0 fnt
|faint|p1a: Milotic
|
|t:|1760324556
|switch|p2a: Darkrai|Darkrai|100/100|[from] U-turn
|
|upkeep
|
|t:|1760324559
|switch|p1a: Dragapult|Dragapult, M|100/100
|turn|10
|
|t:|1760324562
|move|p2a: Darkrai|Dark Pulse|p1a: Dragapult
|-supereffective|p1a: Dragapult
|-crit|p1a: Dragapult
|-damage|p1a: Dragapult|0 fnt
|faint|p1a: Dragapult
|
|upkeep
|-message|Laughable forfeited.
|
|win|G00D00D
|raw|Laughable's rating: 1592 &rarr; <strong>1577</strong><br />(-15 for losing)
|raw|G00D00D's rating: 1688 &rarr; <strong>1703</strong><br />(+15 for winning)
|l|☆Laughable
|player|p1|
|l|☆G00D00D
|player|p2|
