|j|☆RaeRae0
|j|☆TheTheyThemler
|t:|1760367062
|gametype|singles
|player|p1|RaeRae0|169|1275
|player|p2|TheTheyThemler|n|1290
|gen|9
|tier|[Gen 9] OU
|rated|
|rule|HP Percentage Mod: HP is shown in percentages
|rule|Endless Battle Clause: Forcing endless battles is banned
|rule|Species Clause: Limit one of each Pokémon
|rule|OHKO Clause: OHKO moves are banned
|rule|Evasion Items Clause: Evasion items are banned
|rule|Evasion Moves Clause: Evasion moves are banned
|rule|Evasion Abilities Clause: Evasion abilities are banned
|rule|Sleep Moves Clause: Sleep-inducing moves are banned
|clearpoke
|poke|p1|Pelipper, M|
|poke|p1|Iron Treads|
|poke|p1|Pecharunt|
|poke|p1|Barraskewda, F|
|poke|p1|Primarina, F|
|poke|p1|Ogerpon-Wellspring, F|
|poke|p2|Charjabug, F|
|poke|p2|Ceruledge, F|
|poke|p2|Gholdengo|
|poke|p2|Umbreon, F|
|poke|p2|Great Tusk|
|poke|p2|Kyurem|
|teampreview
|
|t:|1760367066
|teamsize|p1|6
|teamsize|p2|6
|start
|switch|p1a: Pelipper|Pelipper, M|100/100
|switch|p2a: 🚍|Charjabug, F, shiny|100/100
|-weather|RainDance|[from] ability: Drizzle|[of] p1a: Pelipper
|turn|1
|
|t:|1760367073
|switch|p1a: Iron Treads|Iron Treads|100/100
|move|p2a: 🚍|Sticky Web|p1a: Iron Treads
|-sidestart|p1: RaeRae0|move: Sticky Web
|
|-weather|RainDance|[upkeep]
|upkeep
|turn|2
|
|t:|1760367079
|move|p1a: Iron Treads|Rapid Spin|p2a: 🚍
|-damage|p2a: 🚍|93/100
|-boost|p1a: Iron Treads|spe|1
|-sideend|p1: RaeRae0|Sticky Web|[from] move: Rapid Spin|[of] p1a: Iron Treads
|move|p2a: 🚍|Lunge|p1a: Iron Treads
|-resisted|p1a: Iron Treads
|-damage|p1a: Iron Treads|92/100
|-unboost|p1a: Iron Treads|atk|1
|-enditem|p1a: Iron Treads|Eject Button
|
|t:|1760367087
|-end|p1a: Iron Treads|Quark Drive|[silent]
|switch|p1a: Kè-pon|Ogerpon-Wellspring, F|100/100
|
|-weather|RainDance|[upkeep]
|upkeep
|turn|3
|
|t:|1760367094
|move|p1a: Kè-pon|Ivy Cudgel|p2a: 🚍|[anim] Ivy Cudgel Water
|-damage|p2a: 🚍|42/100
|move|p2a: 🚍|Lunge|p1a: Kè-pon
|-supereffective|p1a: Kè-pon
|-damage|p1a: Kè-pon|43/100
|-unboost|p1a: Kè-pon|atk|1
|
|-weather|RainDance|[upkeep]
|upkeep
|turn|4
|
|t:|1760367106
|switch|p1a: Iron Treads|Iron Treads|92/100
|move|p2a: 🚍|Sticky Web|p1a: Iron Treads
|-sidestart|p1: RaeRae0|move: Sticky Web
|
|-weather|RainDance|[upkeep]
|upkeep
|turn|5
|
|t:|1760367118
|switch|p2a: ⚔️|Ceruledge, F, shiny|100/100
|move|p1a: Iron Treads|Rapid Spin|p2a: ⚔️
|-immune|p2a: ⚔️
|
|-weather|RainDance|[upkeep]
|upkeep
|turn|6
|
|t:|1760367133
|-terastallize|p2a: ⚔️|Bug
|move|p1a: Iron Treads|Earthquake|p2a: ⚔️
|-resisted|p2a: ⚔️
|-damage|p2a: ⚔️|73/100
|move|p2a: ⚔️|Close Combat|p1a: Iron Treads
|-supereffective|p1a: Iron Treads
|-damage|p1a: Iron Treads|21/100
|-unboost|p2a: ⚔️|def|1
|-unboost|p2a: ⚔️|spd|1
|
|-weather|RainDance|[upkeep]
|-heal|p2a: ⚔️|79/100|[from] item: Leftovers
|upkeep
|turn|7
|
|t:|1760367152
|switch|p2a: 🎩|Gholdengo|100/100
|move|p1a: Iron Treads|Stealth Rock|p2a: 🎩
|-sidestart|p2: TheTheyThemler|move: Stealth Rock
|
|-weather|RainDance|[upkeep]
|upkeep
|turn|8
|
|t:|1760367164
|switch|p2a: 🐘|Great Tusk, shiny|100/100
|-damage|p2a: 🐘|98/100|[from] Stealth Rock
|move|p1a: Iron Treads|Earthquake|p2a: 🐘
|-damage|p2a: 🐘|77/100
|
|-weather|none
|-heal|p2a: 🐘|84/100|[from] item: Leftovers
|upkeep
|turn|9
|
|t:|1760367174
|move|p1a: Iron Treads|Rapid Spin|p2a: 🐘
|-damage|p2a: 🐘|76/100
|-boost|p1a: Iron Treads|spe|1
|-sideend|p1: RaeRae0|Sticky Web|[from] move: Rapid Spin|[of] p1a: Iron Treads
|move|p2a: 🐘|Earthquake|p1a: Iron Treads
|-supereffective|p1a: Iron Treads
|-damage|p1a: Iron Treads|0 fnt
|faint|p1a: Iron Treads
|-end|p1a: Iron Treads|Quark Drive|[silent]
|
|-heal|p2a: 🐘|82/100|[from] item: Leftovers
|upkeep
|
|t:|1760367179
|switch|p1a: Kè-pon|Ogerpon-Wellspring, F|43/100
|turn|10
|
|t:|1760367183
|move|p1a: Kè-pon|Ivy Cudgel|p2a: 🐘|[anim] Ivy Cudgel Water
|-supereffective|p2a: 🐘
|-damage|p2a: 🐘|11/100
|move|p2a: 🐘|Rapid Spin|p1a: Kè-pon
|-damage|p1a: Kè-pon|22/100
|-boost|p2a: 🐘|spe|1
|-sideend|p2: TheTheyThemler|Stealth Rock|[from] move: Rapid Spin|[of] p2a: 🐘
|
|-heal|p2a: 🐘|17/100|[from] item: Leftovers
|upkeep
|turn|11
|
|t:|1760367192
|move|p2a: 🐘|Knock Off|p1a: Kè-pon
|-damage|p1a: Kè-pon|0 fnt
|faint|p1a: Kè-pon
|
|-heal|p2a: 🐘|23/100|[from] item: Leftovers
|upkeep
|
|t:|1760367195
|switch|p1a: Pelipper|Pelipper, M|100/100
|-weather|RainDance|[from] ability: Drizzle|[of] p1a: Pelipper
|turn|12
|
|t:|1760367201
|move|p2a: 🐘|Stealth Rock|p1a: Pelipper
|-sidestart|p1: RaeRae0|move: Stealth Rock
|move|p1a: Pelipper|U-turn|p2a: 🐘
|-resisted|p2a: 🐘
|-damage|p2a: 🐘|20/100
|
|t:|1760367203
|switch|p1a: Barraskewda|Barraskewda, F|100/100|[from] U-turn
|-damage|p1a: Barraskewda|88/100|[from] Stealth Rock
|
|-weather|RainDance|[upkeep]
|-heal|p2a: 🐘|27/100|[from] item: Leftovers
|upkeep
|turn|13
|
|t:|1760367217
|-terastallize|p1a: Barraskewda|Water
|move|p1a: Barraskewda|Flip Turn|p2a: 🐘
|-supereffective|p2a: 🐘
|-damage|p2a: 🐘|0 fnt
|faint|p2a: 🐘
|-end|p2a: 🐘|Protosynthesis|[silent]
|
|t:|1760367221
|switch|p1a: Primarina|Primarina, F|100/100|[from] Flip Turn
|-damage|p1a: Primarina|88/100|[from] Stealth Rock
|
|-weather|RainDance|[upkeep]
|-heal|p1a: Primarina|94/100|[from] item: Leftovers
|upkeep
|
|t:|1760367226
|switch|p2a: 🐈‍⬛|Umbreon, F, shiny|100/100
|turn|14
|
|t:|1760367229
|move|p1a: Primarina|Substitute|p1a: Primarina
|-start|p1a: Primarina|Substitute
|-damage|p1a: Primarina|69/100
|move|p2a: 🐈‍⬛|Toxic||[still]
|-fail|p2a: 🐈‍⬛
|
|-weather|RainDance|[upkeep]
|-heal|p1a: Primarina|76/100|[from] item: Leftovers
|upkeep
|turn|15
|-message|TheTheyThemler forfeited.
|
|win|RaeRae0
|raw|RaeRae0's rating: 1275 &rarr; <strong>1301</strong><br />(+26 for winning)
|raw|TheTheyThemler's rating: 1290 &rarr; <strong>1264</strong><br />(-26 for losing)
|l|☆TheTheyThemler
|player|p2|
|l|☆RaeRae0
|player|p1|
