|j|☆Ace Landon
|j|☆Mazu623
|t:|1760329109
|gametype|singles
|player|p1|Ace Landon|acetrainer-gen4dp|1078
|player|p2|Mazu623|102|1102
|gen|9
|tier|[Gen 9] OU
|rated|
|rule|HP Percentage Mod: HP is shown in percentages
|rule|Endless Battle Clause: Forcing endless battles is banned
|rule|Species Clause: Limit one of each Pokémon
|rule|OHKO Clause: OHKO moves are banned
|rule|Evasion Items Clause: Evasion items are banned
|rule|Evasion Moves Clause: Evasion moves are banned
|rule|Evasion Abilities Clause: Evasion abilities are banned
|rule|Sleep Moves Clause: Sleep-inducing moves are banned
|clearpoke
|poke|p1|Kommo-o, F|
|poke|p1|Scizor, M|
|poke|p1|Braviary-Hisui, M|
|poke|p1|Gliscor, M|
|poke|p1|Houndoom, M|
|poke|p1|Decidueye, M|
|poke|p2|Bronzong|
|poke|p2|Toxapex, M|
|poke|p2|Ursaluna, F|
|poke|p2|Porygon2|
|poke|p2|Scizor, M|
|poke|p2|Skeledirge, M|
|teampreview
|inactive|Battle timer is ON: inactive players will automatically lose when time's up. (requested by Ace Landon)
|
|t:|1760329120
|teamsize|p1|6
|teamsize|p2|6
|start
|switch|p1a: Nightcrawler|Gliscor, M|100/100
|switch|p2a: Porygon2|Porygon2|100/100
|-ability|p2a: Porygon2|Download|boost
|-boost|p2a: Porygon2|spa|1
|turn|1
|inactive|Ace Landon has 120 seconds left.
|inactive|Ace Landon has 90 seconds left.
|inactive|Ace Landon has 60 seconds left.
|
|t:|1760329211
|move|p1a: Nightcrawler|Stealth Rock|p2a: Porygon2
|-sidestart|p2: Mazu623|move: Stealth Rock
|move|p2a: Porygon2|Trick Room|p2a: Porygon2
|-fieldstart|move: Trick Room|[of] p2a: Porygon2
|
|-status|p1a: Nightcrawler|tox|[from] item: Toxic Orb
|upkeep
|turn|2
|inactive|Ace Landon has 60 seconds left.
|
|t:|1760329222
|move|p2a: Porygon2|Psyshock|p1a: Nightcrawler
|-damage|p1a: Nightcrawler|72/100 tox
|move|p1a: Nightcrawler|Facade|p2a: Porygon2
|-damage|p2a: Porygon2|80/100
|
|-heal|p1a: Nightcrawler|84/100 tox|[from] ability: Poison Heal
|upkeep
|turn|3
|
|t:|1760329243
|move|p1a: Nightcrawler|Protect|p1a: Nightcrawler
|-singleturn|p1a: Nightcrawler|Protect
|move|p2a: Porygon2|Psyshock|p1a: Nightcrawler
|-activate|p1a: Nightcrawler|move: Protect
|
|-heal|p1a: Nightcrawler|97/100 tox|[from] ability: Poison Heal
|upkeep
|turn|4
|
|t:|1760329252
|move|p2a: Porygon2|Psyshock|p1a: Nightcrawler
|-damage|p1a: Nightcrawler|63/100 tox
|move|p1a: Nightcrawler|Facade|p2a: Porygon2
|-damage|p2a: Porygon2|58/100
|
|-heal|p1a: Nightcrawler|76/100 tox|[from] ability: Poison Heal
|upkeep
|turn|5
|
|t:|1760329261
|move|p1a: Nightcrawler|Protect|p1a: Nightcrawler
|-singleturn|p1a: Nightcrawler|Protect
|move|p2a: Porygon2|Recover|p2a: Porygon2
|-heal|p2a: Porygon2|100/100
|
|-heal|p1a: Nightcrawler|88/100 tox|[from] ability: Poison Heal
|-fieldend|move: Trick Room
|upkeep
|turn|6
|
|t:|1760329271
|move|p1a: Nightcrawler|Facade|p2a: Porygon2
|-damage|p2a: Porygon2|79/100
|move|p2a: Porygon2|Trick Room|p2a: Porygon2
|-fieldstart|move: Trick Room|[of] p2a: Porygon2
|
|-heal|p1a: Nightcrawler|100/100 tox|[from] ability: Poison Heal
|upkeep
|turn|7
|
|t:|1760329282
|switch|p2a: Toxapex|Toxapex, M|100/100
|-damage|p2a: Toxapex|88/100|[from] Stealth Rock
|move|p1a: Nightcrawler|Facade|p2a: Toxapex
|-damage|p2a: Toxapex|66/100
|
|upkeep
|turn|8
|
|t:|1760329291
|move|p2a: Toxapex|Ice Beam|p1a: Nightcrawler
|-supereffective|p1a: Nightcrawler
|-damage|p1a: Nightcrawler|35/100 tox
|move|p1a: Nightcrawler|Facade|p2a: Toxapex
|-damage|p2a: Toxapex|41/100
|
|-heal|p1a: Nightcrawler|47/100 tox|[from] ability: Poison Heal
|upkeep
|turn|9
|
|t:|1760329301
|move|p1a: Nightcrawler|Protect|p1a: Nightcrawler
|-singleturn|p1a: Nightcrawler|Protect
|move|p2a: Toxapex|Ice Beam|p1a: Nightcrawler
|-activate|p1a: Nightcrawler|move: Protect
|
|-heal|p1a: Nightcrawler|60/100 tox|[from] ability: Poison Heal
|upkeep
|turn|10
|inactive|Ace Landon has 90 seconds left.
|
|t:|1760329310
|move|p1a: Nightcrawler|Protect||[still]
|-fail|p1a: Nightcrawler
|move|p2a: Toxapex|Ice Beam|p1a: Nightcrawler
|-supereffective|p1a: Nightcrawler
|-damage|p1a: Nightcrawler|0 fnt
|faint|p1a: Nightcrawler
|
|-fieldend|move: Trick Room
|upkeep
|inactive|Ace Landon has 90 seconds left.
|
|t:|1760329320
|switch|p1a: Nova|Scizor, M|100/100
|turn|11
|
|t:|1760329326
|switch|p2a: Scizor|Scizor, M|100/100
|move|p1a: Nova|Bullet Punch|p2a: Scizor
|-resisted|p2a: Scizor
|-damage|p2a: Scizor|75/100
|
|upkeep
|turn|12
|
|t:|1760329333
|move|p1a: Nova|Bullet Punch|p2a: Scizor
|-resisted|p2a: Scizor
|-damage|p2a: Scizor|47/100
|move|p2a: Scizor|Defog|p1a: Nova
|-unboost|p1a: Nova|evasion|1
|-sideend|p2: Mazu623|Stealth Rock|[from] move: Defog|[of] p2a: Scizor
|
|upkeep
|turn|13
|
|t:|1760329351
|switch|p2a: Skeledirge|Skeledirge, M|100/100
|move|p1a: Nova|Bullet Punch|p2a: Skeledirge
|-resisted|p2a: Skeledirge
|-damage|p2a: Skeledirge|78/100
|
|upkeep
|turn|14
|
|t:|1760329361
|switch|p1a: Tux|Houndoom, M|100/100
|move|p2a: Skeledirge|Torch Song|p1a: Tux
|-start|p1a: Tux|ability: Flash Fire
|
|upkeep
|turn|15
|inactive|Ace Landon has 120 seconds left.
|
|t:|1760329382
|switch|p2a: Toxapex|Toxapex, M|74/100
|move|p1a: Tux|Dark Pulse|p2a: Toxapex
|-damage|p2a: Toxapex|41/100
|
|upkeep
|turn|16
|inactive|Ace Landon has 120 seconds left.
|
|t:|1760329402
|-terastallize|p1a: Tux|Grass
|move|p1a: Tux|Dark Pulse|p2a: Toxapex
|-damage|p2a: Toxapex|13/100
|move|p2a: Toxapex|Surf|p1a: Tux
|-resisted|p1a: Tux
|-damage|p1a: Tux|81/100
|
|upkeep
|turn|17
|inactive|Mazu623 has 120 seconds left.
|
|t:|1760329439
|switch|p2a: Porygon2|Porygon2|79/100
|-ability|p2a: Porygon2|Download|boost
|-boost|p2a: Porygon2|atk|1
|move|p1a: Tux|Dark Pulse|p2a: Porygon2
|-damage|p2a: Porygon2|43/100
|
|upkeep
|turn|18
|inactive|Ace Landon has 120 seconds left.
|
|t:|1760329450
|move|p1a: Tux|Dark Pulse|p2a: Porygon2
|-damage|p2a: Porygon2|8/100
|move|p2a: Porygon2|Trick Room|p2a: Porygon2
|-fieldstart|move: Trick Room|[of] p2a: Porygon2
|
|upkeep
|turn|19
|inactive|Ace Landon has 120 seconds left.
|
|t:|1760329460
|-end|p1a: Tux|ability: Flash Fire|[silent]
|switch|p1a: Korbanth|Kommo-o, F|100/100
|move|p2a: Porygon2|Recover|p2a: Porygon2
|-heal|p2a: Porygon2|58/100
|
|upkeep
|turn|20
|inactive|Ace Landon has 120 seconds left.
|inactive|Mazu623 has 120 seconds left.
|
|t:|1760329477
|switch|p2a: Bronzong|Bronzong|100/100
|move|p1a: Korbanth|Aura Sphere|p2a: Bronzong
|-damage|p2a: Bronzong|69/100
|
|-heal|p2a: Bronzong|75/100|[from] item: Leftovers
|upkeep
|turn|21
|inactive|Ace Landon has 120 seconds left.
|inactive|Mazu623 has 120 seconds left.
|
|t:|1760329495
|move|p2a: Bronzong|Gyro Ball|p1a: Korbanth
|-damage|p1a: Korbanth|66/100
|move|p1a: Korbanth|Flamethrower|p2a: Bronzong
|-supereffective|p2a: Bronzong
|-damage|p2a: Bronzong|26/100
|
|-heal|p2a: Bronzong|32/100|[from] item: Leftovers
|upkeep
|turn|22
|
|t:|1760329512
|switch|p2a: Toxapex|Toxapex, M|46/100
|move|p1a: Korbanth|Flamethrower|p2a: Toxapex
|-resisted|p2a: Toxapex
|-damage|p2a: Toxapex|39/100
|
|-fieldend|move: Trick Room
|upkeep
|turn|23
|
|t:|1760329523
|switch|p2a: Skeledirge|Skeledirge, M|78/100
|move|p1a: Korbanth|Aura Sphere|p2a: Skeledirge
|-immune|p2a: Skeledirge
|
|upkeep
|turn|24
|
|t:|1760329538
|move|p1a: Korbanth|Clanging Scales|p2a: Skeledirge
|-damage|p2a: Skeledirge|29/100
|-unboost|p1a: Korbanth|def|1
|move|p2a: Skeledirge|Alluring Voice|p1a: Korbanth
|-supereffective|p1a: Korbanth
|-damage|p1a: Korbanth|3/100
|
|upkeep
|turn|25
|
|t:|1760329555
|switch|p2a: Scizor|Scizor, M|47/100
|move|p1a: Korbanth|Clanging Scales|p2a: Scizor
|-resisted|p2a: Scizor
|-damage|p2a: Scizor|18/100
|-unboost|p1a: Korbanth|def|1
|
|upkeep
|turn|26
|
|t:|1760329567
|move|p2a: Scizor|Bullet Punch|p1a: Korbanth
|-damage|p1a: Korbanth|0 fnt
|faint|p1a: Korbanth
|
|upkeep
|
|t:|1760329572
|switch|p1a: Nova|Scizor, M|100/100
|turn|27
|inactive|Mazu623 has 120 seconds left.
|
|t:|1760329579
|switch|p2a: Toxapex|Toxapex, M|72/100
|move|p1a: Nova|Bullet Punch|p2a: Toxapex
|-resisted|p2a: Toxapex
|-damage|p2a: Toxapex|51/100
|
|upkeep
|turn|28
|inactive|Mazu623 has 120 seconds left.
|
|t:|1760329595
|switch|p1a: Storm|Braviary-Hisui, M|100/100
|move|p2a: Toxapex|Ice Beam|p1a: Storm
|-supereffective|p1a: Storm
|-damage|p1a: Storm|49/100
|
|upkeep
|turn|29
|inactive|Mazu623 has 120 seconds left.
|
|t:|1760329606
|switch|p2a: Porygon2|Porygon2|58/100
|-ability|p2a: Porygon2|Download|boost
|-boost|p2a: Porygon2|atk|1
|move|p1a: Storm|Hurricane|p2a: Porygon2|[miss]
|-miss|p1a: Storm|p2a: Porygon2
|
|upkeep
|turn|30
|
|t:|1760329615
|move|p1a: Storm|Hurricane|p2a: Porygon2|[miss]
|-miss|p1a: Storm|p2a: Porygon2
|move|p2a: Porygon2|Trick Room|p2a: Porygon2
|-fieldstart|move: Trick Room|[of] p2a: Porygon2
|
|upkeep
|turn|31
|
|t:|1760329621
|move|p2a: Porygon2|Thunderbolt|p1a: Storm
|-supereffective|p1a: Storm
|-damage|p1a: Storm|0 fnt
|faint|p1a: Storm
|
|upkeep
|
|t:|1760329632
|switch|p1a: Nova|Scizor, M|100/100
|turn|32
|
|t:|1760329635
|move|p2a: Porygon2|Recover|p2a: Porygon2
|-heal|p2a: Porygon2|100/100
|move|p1a: Nova|U-turn|p2a: Porygon2
|-damage|p2a: Porygon2|64/100
|
|t:|1760329645
|switch|p1a: Bullseye|Decidueye, M|100/100|[from] U-turn
|
|upkeep
|turn|33
|
|t:|1760329663
|switch|p2a: Skeledirge|Skeledirge, M|29/100
|move|p1a: Bullseye|Leaf Blade|p2a: Skeledirge
|-resisted|p2a: Skeledirge
|-damage|p2a: Skeledirge|10/100
|
|upkeep
|turn|34
|
|t:|1760329676
|move|p2a: Skeledirge|Shadow Ball|p1a: Bullseye
|-supereffective|p1a: Bullseye
|-damage|p1a: Bullseye|0 fnt
|faint|p1a: Bullseye
|
|-fieldend|move: Trick Room
|upkeep
|
|t:|1760329683
|switch|p1a: Nova|Scizor, M|100/100
|turn|35
|
|t:|1760329690
|switch|p2a: Toxapex|Toxapex, M|85/100
|move|p1a: Nova|Bullet Punch|p2a: Toxapex
|-resisted|p2a: Toxapex
|-damage|p2a: Toxapex|63/100
|
|upkeep
|turn|36
|
|t:|1760329698
|move|p1a: Nova|Bullet Punch|p2a: Toxapex
|-resisted|p2a: Toxapex
|-damage|p2a: Toxapex|44/100
|move|p2a: Toxapex|Ice Beam|p1a: Nova
|-resisted|p1a: Nova
|-crit|p1a: Nova
|-damage|p1a: Nova|81/100
|
|upkeep
|turn|37
|
|t:|1760329712
|switch|p2a: Ursaluna|Ursaluna, F|100/100
|move|p1a: Nova|Bullet Punch|p2a: Ursaluna
|-damage|p2a: Ursaluna|62/100
|
|-status|p2a: Ursaluna|brn|[from] item: Flame Orb
|upkeep
|turn|38
|c|☆Ace Landon|You gotta get a life
|
|t:|1760329729
|move|p1a: Nova|Bullet Punch|p2a: Ursaluna
|-damage|p2a: Ursaluna|24/100 brn
|move|p2a: Ursaluna|Fire Punch|p1a: Nova
|-supereffective|p1a: Nova
|-damage|p1a: Nova|0 fnt
|faint|p1a: Nova
|
|-damage|p2a: Ursaluna|18/100 brn|[from] brn
|upkeep
|
|t:|1760329734
|switch|p1a: Tux|Houndoom, M, tera:Grass|81/100
|turn|39
|
|t:|1760329749
|switch|p2a: Toxapex|Toxapex, M|77/100
|move|p1a: Tux|Dark Pulse|p2a: Toxapex
|-damage|p2a: Toxapex|44/100
|
|upkeep
|turn|40
|
|t:|1760329758
|move|p1a: Tux|Dark Pulse|p2a: Toxapex
|-crit|p2a: Toxapex
|-damage|p2a: Toxapex|0 fnt
|faint|p2a: Toxapex
|
|upkeep
|
|t:|1760329764
|switch|p2a: Porygon2|Porygon2|64/100
|-ability|p2a: Porygon2|Download|boost
|-boost|p2a: Porygon2|atk|1
|turn|41
|
|t:|1760329769
|move|p1a: Tux|Dark Pulse|p2a: Porygon2
|-damage|p2a: Porygon2|30/100
|move|p2a: Porygon2|Trick Room|p2a: Porygon2
|-fieldstart|move: Trick Room|[of] p2a: Porygon2
|
|upkeep
|turn|42
|
|t:|1760329774
|move|p2a: Porygon2|Recover|p2a: Porygon2
|-heal|p2a: Porygon2|80/100
|move|p1a: Tux|Dark Pulse|p2a: Porygon2
|-damage|p2a: Porygon2|45/100
|
|upkeep
|turn|43
|-message|Ace Landon forfeited.
|
|win|Mazu623
|raw|Ace Landon's rating: 1078 &rarr; <strong>1058</strong><br />(-20 for losing)
|raw|Mazu623's rating: 1102 &rarr; <strong>1125</strong><br />(+23 for winning)
|l|☆Ace Landon
|player|p1|
|l|☆Mazu623
|player|p2|
