|j|☆StoneBlossom
|j|‽ScorgeTheDemon
|t:|1760381014
|gametype|singles
|player|p1|StoneBlossom|266|1139
|player|p2|ScorgeTheDemon|drayden|1094
|gen|9
|tier|[Gen 9] OU
|rated|
|rule|HP Percentage Mod: HP is shown in percentages
|rule|Endless Battle Clause: Forcing endless battles is banned
|rule|Species Clause: Limit one of each Pokémon
|rule|OHKO Clause: OHKO moves are banned
|rule|Evasion Items Clause: Evasion items are banned
|rule|Evasion Moves Clause: Evasion moves are banned
|rule|Evasion Abilities Clause: Evasion abilities are banned
|rule|Sleep Moves Clause: Sleep-inducing moves are banned
|clearpoke
|poke|p1|Wo-Chien|
|poke|p1|Iron Treads|
|poke|p1|Weezing-Galar, F|
|poke|p1|Blissey, F|
|poke|p1|Alomomola, M|
|poke|p1|Talonflame, M|
|poke|p2|Koffing, M|
|poke|p2|Weezing-Galar, M|
|poke|p2|Kingambit, M|
|poke|p2|Ceruledge, M|
|poke|p2|Armarouge, M|
|poke|p2|Malamar, F|
|teampreview
|inactive|Battle timer is ON: inactive players will automatically lose when time's up. (requested by StoneBlossom)
|
|t:|1760381036
|teamsize|p1|6
|teamsize|p2|6
|start
|switch|p1a: Weezing|Weezing-Galar, F|100/100
|switch|p2a: Armarouge|Armarouge, M, shiny|100/100
|turn|1
|
|t:|1760381043
|move|p2a: Armarouge|Armor Cannon|p1a: Weezing
|-damage|p1a: Weezing|7/100
|-unboost|p2a: Armarouge|def|1
|-unboost|p2a: Armarouge|spd|1
|-damage|p2a: Armarouge|91/100|[from] item: Life Orb
|move|p1a: Weezing|Toxic|p2a: Armarouge
|-status|p2a: Armarouge|tox
|
|-heal|p1a: Weezing|13/100|[from] item: Leftovers
|-damage|p2a: Armarouge|84/100 tox|[from] psn
|upkeep
|turn|2
|
|t:|1760381051
|switch|p1a: Alomomola|Alomomola, M|100/100
|move|p2a: Armarouge|Armor Cannon|p1a: Alomomola
|-resisted|p1a: Alomomola
|-damage|p1a: Alomomola|55/100
|-unboost|p2a: Armarouge|def|1
|-unboost|p2a: Armarouge|spd|1
|-damage|p2a: Armarouge|75/100 tox|[from] item: Life Orb
|
|-damage|p2a: Armarouge|62/100 tox|[from] psn
|upkeep
|turn|3
|
|t:|1760381058
|move|p2a: Armarouge|Destiny Bond|p2a: Armarouge
|-singlemove|p2a: Armarouge|Destiny Bond
|move|p1a: Alomomola|Flip Turn|p2a: Armarouge
|-supereffective|p2a: Armarouge
|-damage|p2a: Armarouge|6/100 tox
|-ability|p2a: Armarouge|Weak Armor|boost
|-unboost|p2a: Armarouge|def|1
|-boost|p2a: Armarouge|spe|2
|
|t:|1760381069
|switch|p1a: Blissey.exe|Blissey, F|100/100|[from] Flip Turn
|
|-damage|p2a: Armarouge|0 fnt|[from] psn
|faint|p2a: Armarouge
|upkeep
|
|t:|1760381073
|switch|p2a: Ceruledge|Ceruledge, M, shiny|100/100
|turn|4
|
|t:|1760381077
|switch|p1a: Alomomola|Alomomola, M|88/100
|move|p2a: Ceruledge|Bitter Blade|p1a: Alomomola
|-resisted|p1a: Alomomola
|-damage|p1a: Alomomola|67/100
|-damage|p2a: Ceruledge|84/100|[from] item: Rocky Helmet|[of] p1a: Alomomola
|-damage|p2a: Ceruledge|74/100|[from] item: Life Orb
|
|upkeep
|turn|5
|
|t:|1760381086
|move|p2a: Ceruledge|Destiny Bond|p2a: Ceruledge
|-singlemove|p2a: Ceruledge|Destiny Bond
|move|p1a: Alomomola|Wish|p1a: Alomomola
|
|upkeep
|turn|6
|
|t:|1760381090
|move|p2a: Ceruledge|Curse|p1a: Alomomola
|-start|p1a: Alomomola|Curse|[of] p2a: Ceruledge
|-damage|p2a: Ceruledge|24/100
|move|p1a: Alomomola|Flip Turn|p2a: Ceruledge
|-supereffective|p2a: Ceruledge
|-damage|p2a: Ceruledge|0 fnt
|faint|p2a: Ceruledge
|
|t:|1760381099
|switch|p1a: Weezing|Weezing-Galar, F|13/100|[from] Flip Turn
|
|-heal|p1a: Weezing|84/100|[from] move: Wish|[wisher] Alomomola
|-heal|p1a: Weezing|90/100|[from] item: Leftovers
|upkeep
|
|t:|1760381102
|switch|p2a: Koffing|Koffing, M, shiny|100/100
|turn|7
|
|t:|1760381110
|move|p2a: Koffing|Destiny Bond|p2a: Koffing
|-singlemove|p2a: Koffing|Destiny Bond
|move|p1a: Weezing|Toxic Spikes|p2a: Koffing
|-sidestart|p2: ScorgeTheDemon|move: Toxic Spikes
|
|-heal|p1a: Weezing|96/100|[from] item: Leftovers
|upkeep
|turn|8
|
|t:|1760381116
|switch|p1a: Wo-Chien|Wo-Chien|100/100
|-ability|p1a: Wo-Chien|Tablets of Ruin
|move|p2a: Koffing|Destiny Bond||[still]
|-fail|p2a: Koffing
|
|upkeep
|turn|9
|
|t:|1760381124
|move|p2a: Koffing|Destiny Bond|p2a: Koffing
|-singlemove|p2a: Koffing|Destiny Bond
|move|p1a: Wo-Chien|Leech Seed|p2a: Koffing
|-start|p2a: Koffing|move: Leech Seed
|
|-damage|p2a: Koffing|88/100|[from] Leech Seed|[of] p1a: Wo-Chien
|upkeep
|turn|10
|
|t:|1760381130
|move|p2a: Koffing|Destiny Bond||[still]
|-fail|p2a: Koffing
|move|p1a: Wo-Chien|Knock Off|p2a: Koffing
|-damage|p2a: Koffing|50/100
|-enditem|p2a: Koffing|Choice Scarf|[from] move: Knock Off|[of] p1a: Wo-Chien
|
|-damage|p2a: Koffing|38/100|[from] Leech Seed|[of] p1a: Wo-Chien
|upkeep
|turn|11
|
|t:|1760381140
|switch|p1a: Iron Treads|Iron Treads|100/100
|move|p2a: Koffing|Destiny Bond|p2a: Koffing
|-singlemove|p2a: Koffing|Destiny Bond
|
|-damage|p2a: Koffing|25/100|[from] Leech Seed|[of] p1a: Iron Treads
|upkeep
|turn|12
|
|t:|1760381147
|move|p1a: Iron Treads|Protect|p1a: Iron Treads
|-singleturn|p1a: Iron Treads|Protect
|move|p2a: Koffing|Protect||[still]
|-fail|p2a: Koffing
|
|-damage|p2a: Koffing|13/100|[from] Leech Seed|[of] p1a: Iron Treads
|upkeep
|turn|13
|
|t:|1760381152
|move|p1a: Iron Treads|Protect|p1a: Iron Treads
|-singleturn|p1a: Iron Treads|Protect
|move|p2a: Koffing|Destiny Bond|p2a: Koffing
|-singlemove|p2a: Koffing|Destiny Bond
|
|-damage|p2a: Koffing|1/100|[from] Leech Seed|[of] p1a: Iron Treads
|upkeep
|turn|14
|
|t:|1760381156
|move|p1a: Iron Treads|Protect||[still]
|-fail|p1a: Iron Treads
|move|p2a: Koffing|Protect||[still]
|-fail|p2a: Koffing
|
|-damage|p2a: Koffing|0 fnt|[from] Leech Seed|[of] p1a: Iron Treads
|faint|p2a: Koffing
|upkeep
|
|t:|1760381167
|switch|p2a: Weezing|Weezing-Galar, M|100/100
|turn|15
|
|t:|1760381177
|move|p1a: Iron Treads|Knock Off|p2a: Weezing
|-resisted|p2a: Weezing
|-damage|p2a: Weezing|90/100
|-enditem|p2a: Weezing|Black Sludge|[from] move: Knock Off|[of] p1a: Iron Treads
|move|p2a: Weezing|Clear Smog|p1a: Iron Treads
|-immune|p1a: Iron Treads
|
|upkeep
|turn|16
|
|t:|1760381189
|-end|p1a: Iron Treads|Quark Drive|[silent]
|switch|p1a: Blissey.exe|Blissey, F|100/100
|move|p2a: Weezing|Pain Split|p1a: Blissey.exe
|-sethp|p1a: Blissey.exe|74/100|[from] move: Pain Split|[silent]
|-sethp|p2a: Weezing|100/100|[from] move: Pain Split
|
|-heal|p1a: Blissey.exe|80/100|[from] item: Leftovers
|upkeep
|turn|17
|
|t:|1760381194
|move|p2a: Weezing|Clear Smog|p1a: Blissey.exe
|-damage|p1a: Blissey.exe|73/100
|-clearboost|p1a: Blissey.exe
|move|p1a: Blissey.exe|Calm Mind|p1a: Blissey.exe
|-boost|p1a: Blissey.exe|spa|1
|-boost|p1a: Blissey.exe|spd|1
|
|-heal|p1a: Blissey.exe|79/100|[from] item: Leftovers
|upkeep
|turn|18
|
|t:|1760381200
|move|p2a: Weezing|Clear Smog|p1a: Blissey.exe
|-damage|p1a: Blissey.exe|75/100
|-clearboost|p1a: Blissey.exe
|move|p1a: Blissey.exe|Calm Mind|p1a: Blissey.exe
|-boost|p1a: Blissey.exe|spa|1
|-boost|p1a: Blissey.exe|spd|1
|
|-heal|p1a: Blissey.exe|81/100|[from] item: Leftovers
|upkeep
|turn|19
|
|t:|1760381202
|move|p2a: Weezing|Clear Smog|p1a: Blissey.exe
|-damage|p1a: Blissey.exe|78/100
|-clearboost|p1a: Blissey.exe
|move|p1a: Blissey.exe|Calm Mind|p1a: Blissey.exe
|-boost|p1a: Blissey.exe|spa|1
|-boost|p1a: Blissey.exe|spd|1
|
|-heal|p1a: Blissey.exe|84/100|[from] item: Leftovers
|upkeep
|turn|20
|
|t:|1760381205
|move|p2a: Weezing|Clear Smog|p1a: Blissey.exe
|-damage|p1a: Blissey.exe|80/100
|-clearboost|p1a: Blissey.exe
|move|p1a: Blissey.exe|Flamethrower|p2a: Weezing
|-damage|p2a: Weezing|79/100
|-status|p2a: Weezing|brn
|
|-heal|p1a: Blissey.exe|86/100|[from] item: Leftovers
|-damage|p2a: Weezing|73/100 brn|[from] brn
|upkeep
|turn|21
|
|t:|1760381210
|switch|p1a: Alomomola|Alomomola, M|100/100
|move|p2a: Weezing|Clear Smog|p1a: Alomomola
|-damage|p1a: Alomomola|79/100
|-clearboost|p1a: Alomomola
|
|-damage|p2a: Weezing|67/100 brn|[from] brn
|upkeep
|turn|22
|
|t:|1760381217
|move|p2a: Weezing|Pain Split|p1a: Alomomola
|-sethp|p1a: Alomomola|63/100|[from] move: Pain Split|[silent]
|-sethp|p2a: Weezing|89/100 brn|[from] move: Pain Split
|move|p1a: Alomomola|Flip Turn|p2a: Weezing
|-damage|p2a: Weezing|76/100 brn
|
|t:|1760381221
|switch|p1a: Wo-Chien|Wo-Chien|100/100|[from] Flip Turn
|-ability|p1a: Wo-Chien|Tablets of Ruin
|
|-damage|p2a: Weezing|70/100 brn|[from] brn
|upkeep
|turn|23
|
|t:|1760381224
|move|p2a: Weezing|Pain Split|p1a: Wo-Chien
|-sethp|p1a: Wo-Chien|83/100|[from] move: Pain Split|[silent]
|-sethp|p2a: Weezing|89/100 brn|[from] move: Pain Split
|move|p1a: Wo-Chien|Leech Seed|p2a: Weezing
|-start|p2a: Weezing|move: Leech Seed
|
|-heal|p1a: Wo-Chien|89/100|[from] item: Leftovers
|-damage|p2a: Weezing|77/100 brn|[from] Leech Seed|[of] p1a: Wo-Chien
|-heal|p1a: Wo-Chien|99/100|[silent]
|-damage|p2a: Weezing|71/100 brn|[from] brn
|upkeep
|turn|24
|
|t:|1760381230
|move|p2a: Weezing|Clear Smog|p1a: Wo-Chien
|-supereffective|p1a: Wo-Chien
|-crit|p1a: Wo-Chien
|-damage|p1a: Wo-Chien|67/100
|-clearboost|p1a: Wo-Chien
|move|p1a: Wo-Chien|Foul Play|p2a: Weezing
|-resisted|p2a: Weezing
|-damage|p2a: Weezing|59/100 brn
|
|-heal|p1a: Wo-Chien|73/100|[from] item: Leftovers
|-damage|p2a: Weezing|47/100 brn|[from] Leech Seed|[of] p1a: Wo-Chien
|-heal|p1a: Wo-Chien|84/100|[silent]
|-damage|p2a: Weezing|41/100 brn|[from] brn
|upkeep
|turn|25
|
|t:|1760381237
|move|p1a: Wo-Chien|Protect|p1a: Wo-Chien
|-singleturn|p1a: Wo-Chien|Protect
|move|p2a: Weezing|Clear Smog|p1a: Wo-Chien
|-activate|p1a: Wo-Chien|move: Protect
|
|-heal|p1a: Wo-Chien|90/100|[from] item: Leftovers
|-damage|p2a: Weezing|29/100 brn|[from] Leech Seed|[of] p1a: Wo-Chien
|-heal|p1a: Wo-Chien|100/100|[silent]
|-damage|p2a: Weezing|23/100 brn|[from] brn
|upkeep
|turn|26
|
|t:|1760381244
|move|p2a: Weezing|Pain Split|p1a: Wo-Chien
|-sethp|p1a: Wo-Chien|61/100|[from] move: Pain Split|[silent]
|-sethp|p2a: Weezing|65/100 brn|[from] move: Pain Split
|move|p1a: Wo-Chien|Knock Off|p2a: Weezing
|-resisted|p2a: Weezing
|-damage|p2a: Weezing|56/100 brn
|
|-heal|p1a: Wo-Chien|67/100|[from] item: Leftovers
|-damage|p2a: Weezing|44/100 brn|[from] Leech Seed|[of] p1a: Wo-Chien
|-heal|p1a: Wo-Chien|78/100|[silent]
|-damage|p2a: Weezing|38/100 brn|[from] brn
|upkeep
|turn|27
|
|t:|1760381248
|move|p2a: Weezing|Pain Split|p1a: Wo-Chien
|-sethp|p1a: Wo-Chien|57/100|[from] move: Pain Split|[silent]
|-sethp|p2a: Weezing|61/100 brn|[from] move: Pain Split
|move|p1a: Wo-Chien|Knock Off|p2a: Weezing
|-resisted|p2a: Weezing
|-damage|p2a: Weezing|52/100 brn
|
|-heal|p1a: Wo-Chien|63/100|[from] item: Leftovers
|-damage|p2a: Weezing|40/100 brn|[from] Leech Seed|[of] p1a: Wo-Chien
|-heal|p1a: Wo-Chien|74/100|[silent]
|-damage|p2a: Weezing|34/100 brn|[from] brn
|upkeep
|turn|28
|
|t:|1760381252
|move|p2a: Weezing|Destiny Bond|p2a: Weezing
|-singlemove|p2a: Weezing|Destiny Bond
|move|p1a: Wo-Chien|Knock Off|p2a: Weezing
|-resisted|p2a: Weezing
|-damage|p2a: Weezing|25/100 brn
|
|-heal|p1a: Wo-Chien|80/100|[from] item: Leftovers
|-damage|p2a: Weezing|13/100 brn|[from] Leech Seed|[of] p1a: Wo-Chien
|-heal|p1a: Wo-Chien|92/100|[silent]
|-damage|p2a: Weezing|7/100 brn|[from] brn
|upkeep
|turn|29
|
|t:|1760381257
|move|p2a: Weezing|Pain Split|p1a: Wo-Chien
|-sethp|p1a: Wo-Chien|49/100|[from] move: Pain Split|[silent]
|-sethp|p2a: Weezing|53/100 brn|[from] move: Pain Split
|move|p1a: Wo-Chien|Knock Off|p2a: Weezing
|-resisted|p2a: Weezing
|-damage|p2a: Weezing|44/100 brn
|
|-heal|p1a: Wo-Chien|55/100|[from] item: Leftovers
|-damage|p2a: Weezing|32/100 brn|[from] Leech Seed|[of] p1a: Wo-Chien
|-heal|p1a: Wo-Chien|67/100|[silent]
|-damage|p2a: Weezing|26/100 brn|[from] brn
|upkeep
|turn|30
|
|t:|1760381260
|move|p2a: Weezing|Destiny Bond|p2a: Weezing
|-singlemove|p2a: Weezing|Destiny Bond
|move|p1a: Wo-Chien|Knock Off|p2a: Weezing
|-resisted|p2a: Weezing
|-damage|p2a: Weezing|17/100 brn
|
|-heal|p1a: Wo-Chien|73/100|[from] item: Leftovers
|-damage|p2a: Weezing|5/100 brn|[from] Leech Seed|[of] p1a: Wo-Chien
|-heal|p1a: Wo-Chien|84/100|[silent]
|-damage|p2a: Weezing|0 fnt|[from] brn
|faint|p2a: Weezing
|upkeep
|
|t:|1760381265
|switch|p2a: Malamar|Malamar, F|100/100
|-status|p2a: Malamar|psn
|turn|31
|
|t:|1760381270
|move|p2a: Malamar|Switcheroo|p1a: Wo-Chien
|-activate|p2a: Malamar|move: Trick|[of] p1a: Wo-Chien
|-item|p1a: Wo-Chien|Toxic Orb|[from] move: Switcheroo
|-item|p2a: Malamar|Leftovers|[from] move: Switcheroo
|move|p1a: Wo-Chien|Leech Seed|p2a: Malamar|[miss]
|-miss|p1a: Wo-Chien|p2a: Malamar
|
|-damage|p2a: Malamar|88/100 psn|[from] psn
|-status|p1a: Wo-Chien|tox|[from] item: Toxic Orb
|upkeep
|turn|32
|
|t:|1760381286
|move|p2a: Malamar|Disable|p1a: Wo-Chien
|-start|p1a: Wo-Chien|Disable|Leech Seed
|cant|p1a: Wo-Chien|Disable|Leech Seed
|
|-heal|p2a: Malamar|94/100 psn|[from] item: Leftovers
|-damage|p2a: Malamar|82/100 psn|[from] psn
|-damage|p1a: Wo-Chien|78/100 tox|[from] psn
|upkeep
|turn|33
|
|t:|1760381291
|move|p2a: Malamar|Protect|p2a: Malamar
|-singleturn|p2a: Malamar|Protect
|move|p1a: Wo-Chien|Knock Off|p2a: Malamar
|-activate|p2a: Malamar|move: Protect
|
|-heal|p2a: Malamar|88/100 psn|[from] item: Leftovers
|-damage|p2a: Malamar|76/100 psn|[from] psn
|-damage|p1a: Wo-Chien|66/100 tox|[from] psn
|upkeep
|turn|34
|
|t:|1760381296
|move|p2a: Malamar|Protect||[still]
|-fail|p2a: Malamar
|move|p1a: Wo-Chien|Knock Off|p2a: Malamar
|-damage|p2a: Malamar|47/100 psn
|-enditem|p2a: Malamar|Leftovers|[from] move: Knock Off|[of] p1a: Wo-Chien
|
|-damage|p2a: Malamar|35/100 psn|[from] psn
|-damage|p1a: Wo-Chien|48/100 tox|[from] psn
|upkeep
|turn|35
|
|t:|1760381303
|switch|p1a: Iron Treads|Iron Treads|100/100
|move|p2a: Malamar|Destiny Bond|p2a: Malamar
|-singlemove|p2a: Malamar|Destiny Bond
|
|-damage|p2a: Malamar|23/100 psn|[from] psn
|upkeep
|turn|36
|
|t:|1760381310
|move|p2a: Malamar|Switcheroo|p1a: Iron Treads
|-activate|p2a: Malamar|move: Trick|[of] p1a: Iron Treads
|-enditem|p1a: Iron Treads|Leftovers|[silent]|[from] move: Switcheroo
|-item|p2a: Malamar|Leftovers|[from] move: Switcheroo
|move|p1a: Iron Treads|Rapid Spin|p2a: Malamar
|-damage|p2a: Malamar|9/100 psn
|-boost|p1a: Iron Treads|spe|1
|
|-heal|p2a: Malamar|15/100 psn|[from] item: Leftovers
|-damage|p2a: Malamar|3/100 psn|[from] psn
|upkeep
|turn|37
|
|t:|1760381317
|move|p1a: Iron Treads|Protect|p1a: Iron Treads
|-singleturn|p1a: Iron Treads|Protect
|move|p2a: Malamar|Destiny Bond|p2a: Malamar
|-singlemove|p2a: Malamar|Destiny Bond
|
|-heal|p2a: Malamar|9/100 psn|[from] item: Leftovers
|-damage|p2a: Malamar|0 fnt|[from] psn
|faint|p2a: Malamar
|upkeep
|
|t:|1760381319
|switch|p2a: Kingambit|Kingambit, M, shiny|100/100
|-activate|p2a: Kingambit|ability: Supreme Overlord
|-start|p2a: Kingambit|fallen5|[silent]
|turn|38
|
|t:|1760381322
|-terastallize|p2a: Kingambit|Ghost
|move|p1a: Iron Treads|Earthquake|p2a: Kingambit
|-damage|p2a: Kingambit|71/100
|move|p2a: Kingambit|Kowtow Cleave|p1a: Iron Treads
|-damage|p1a: Iron Treads|17/100
|
|upkeep
|turn|39
|
|t:|1760381330
|move|p1a: Iron Treads|Earthquake|p2a: Kingambit
|-damage|p2a: Kingambit|36/100
|move|p2a: Kingambit|Kowtow Cleave|p1a: Iron Treads
|-damage|p1a: Iron Treads|0 fnt
|faint|p1a: Iron Treads
|-end|p1a: Iron Treads|Quark Drive|[silent]
|
|upkeep
|
|t:|1760381338
|switch|p1a: Talonflame|Talonflame, M|100/100
|turn|40
|
|t:|1760381341
|move|p1a: Talonflame|Flamethrower|p2a: Kingambit
|-damage|p2a: Kingambit|5/100
|move|p2a: Kingambit|Kowtow Cleave|p1a: Talonflame
|-damage|p1a: Talonflame|0 fnt
|-status|p2a: Kingambit|brn|[from] ability: Flame Body|[of] p1a: Talonflame
|faint|p1a: Talonflame
|
|-damage|p2a: Kingambit|0 fnt|[from] brn
|faint|p2a: Kingambit
|-end|p2a: Kingambit|fallen5|[silent]
|
|win|StoneBlossom
|raw|StoneBlossom's rating: 1139 &rarr; <strong>1161</strong><br />(+22 for winning)
|raw|ScorgeTheDemon's rating: 1094 &rarr; <strong>1073</strong><br />(-21 for losing)
|l|‽ScorgeTheDemon
|player|p2|
|l|☆StoneBlossom
|player|p1|
