|j|☆rmcarmicheal
|j|☆how play pkm
|t:|1760408229
|gametype|singles
|player|p1|rmcarmicheal|2|1649
|player|p2|how play pkm|yellow|1631
|gen|9
|tier|[Gen 9] OU
|rated|
|rule|HP Percentage Mod: HP is shown in percentages
|rule|Endless Battle Clause: Forcing endless battles is banned
|rule|Species Clause: Limit one of each Pokémon
|rule|OHKO Clause: OHKO moves are banned
|rule|Evasion Items Clause: Evasion items are banned
|rule|Evasion Moves Clause: Evasion moves are banned
|rule|Evasion Abilities Clause: Evasion abilities are banned
|rule|Sleep Moves Clause: Sleep-inducing moves are banned
|clearpoke
|poke|p1|Ditto|
|poke|p1|Gliscor, F|
|poke|p1|Blissey, F|
|poke|p1|Toxapex, M|
|poke|p1|Cinderace, F|
|poke|p1|Gholdengo|
|poke|p2|Rillaboom, F|
|poke|p2|Primarina, M|
|poke|p2|Raging Bolt|
|poke|p2|Cinderace, F|
|poke|p2|Ceruledge, M|
|poke|p2|Hoopa-Unbound|
|teampreview
|inactive|Battle timer is ON: inactive players will automatically lose when time's up. (requested by how play pkm)
|
|t:|1760408240
|teamsize|p1|6
|teamsize|p2|6
|start
|switch|p1a: Cinderace|Cinderace, F|100/100
|switch|p2a: Hoopa|Hoopa-Unbound|100/100
|turn|1
|
|t:|1760408244
|switch|p2a: Ceruledge|Ceruledge, M|100/100
|move|p1a: Cinderace|Pyro Ball|p2a: Ceruledge
|-resisted|p2a: Ceruledge
|-damage|p2a: Ceruledge|59/100
|-ability|p2a: Ceruledge|Weak Armor|boost
|-unboost|p2a: Ceruledge|def|1
|-boost|p2a: Ceruledge|spe|2
|
|upkeep
|turn|2
|
|t:|1760408248
|move|p2a: Ceruledge|Poltergeist|p1a: Cinderace
|-activate|p1a: Cinderace|move: Poltergeist|Heavy-Duty Boots
|-damage|p1a: Cinderace|0 fnt
|faint|p1a: Cinderace
|-damage|p2a: Ceruledge|49/100|[from] item: Life Orb
|
|upkeep
|j| theviolator3000
|
|t:|1760408254
|switch|p1a: Ditto|Ditto|100/100
|-transform|p1a: Ditto|p2a: Ceruledge|[from] ability: Imposter
|turn|3
|
|t:|1760408261
|switch|p2a: Rillaboom|Rillaboom, F|100/100
|-fieldstart|move: Grassy Terrain|[from] ability: Grassy Surge|[of] p2a: Rillaboom
|move|p1a: Ditto|Bitter Blade|p2a: Rillaboom
|-supereffective|p2a: Rillaboom
|-damage|p2a: Rillaboom|0 fnt
|faint|p2a: Rillaboom
|
|upkeep
|
|t:|1760408267
|switch|p2a: Raging Bolt|Raging Bolt|100/100
|-enditem|p2a: Raging Bolt|Grassy Seed
|-boost|p2a: Raging Bolt|def|1|[from] item: Grassy Seed
|turn|4
|
|t:|1760408269
|switch|p1a: Blissey|Blissey, F|100/100
|move|p2a: Raging Bolt|Calm Mind|p2a: Raging Bolt
|-boost|p2a: Raging Bolt|spa|1
|-boost|p2a: Raging Bolt|spd|1
|
|upkeep
|turn|5
|
|t:|1760408272
|move|p2a: Raging Bolt|Discharge|p1a: Blissey
|-damage|p1a: Blissey|72/100
|move|p1a: Blissey|Seismic Toss|p2a: Raging Bolt
|-damage|p2a: Raging Bolt|78/100
|
|-heal|p2a: Raging Bolt|85/100|[from] Grassy Terrain
|-heal|p1a: Blissey|78/100|[from] Grassy Terrain
|-heal|p1a: Blissey|84/100|[from] item: Leftovers
|upkeep
|turn|6
|
|t:|1760408274
|move|p2a: Raging Bolt|Discharge|p1a: Blissey
|-damage|p1a: Blissey|59/100
|move|p1a: Blissey|Seismic Toss|p2a: Raging Bolt
|-damage|p2a: Raging Bolt|63/100
|
|-heal|p2a: Raging Bolt|69/100|[from] Grassy Terrain
|-heal|p1a: Blissey|65/100|[from] Grassy Terrain
|-heal|p1a: Blissey|72/100|[from] item: Leftovers
|upkeep
|turn|7
|
|t:|1760408277
|move|p2a: Raging Bolt|Discharge|p1a: Blissey
|-damage|p1a: Blissey|43/100
|move|p1a: Blissey|Seismic Toss|p2a: Raging Bolt
|-damage|p2a: Raging Bolt|47/100
|
|-heal|p2a: Raging Bolt|53/100|[from] Grassy Terrain
|-heal|p1a: Blissey|50/100|[from] Grassy Terrain
|-heal|p1a: Blissey|56/100|[from] item: Leftovers
|-fieldend|move: Grassy Terrain
|upkeep
|turn|8
|
|t:|1760408279
|move|p2a: Raging Bolt|Discharge|p1a: Blissey
|-damage|p1a: Blissey|27/100
|-status|p1a: Blissey|par
|move|p1a: Blissey|Soft-Boiled|p1a: Blissey
|-heal|p1a: Blissey|77/100 par
|
|-heal|p1a: Blissey|83/100 par|[from] item: Leftovers
|upkeep
|turn|9
|
|t:|1760408282
|-curestatus|p1a: Blissey|par|[from] ability: Natural Cure
|switch|p1a: Gliscor|Gliscor, F|100/100
|move|p2a: Raging Bolt|Discharge|p1a: Gliscor
|-immune|p1a: Gliscor
|
|-status|p1a: Gliscor|tox|[from] item: Toxic Orb
|upkeep
|turn|10
|
|t:|1760408284
|move|p1a: Gliscor|Substitute|p1a: Gliscor
|-start|p1a: Gliscor|Substitute
|-damage|p1a: Gliscor|76/100 tox
|move|p2a: Raging Bolt|Dragon Pulse|p1a: Gliscor
|-end|p1a: Gliscor|Substitute
|
|-heal|p1a: Gliscor|88/100 tox|[from] ability: Poison Heal
|upkeep
|turn|11
|
|t:|1760408288
|move|p1a: Gliscor|Earthquake|p2a: Raging Bolt
|-supereffective|p2a: Raging Bolt
|-damage|p2a: Raging Bolt|17/100
|move|p2a: Raging Bolt|Dragon Pulse|p1a: Gliscor
|-damage|p1a: Gliscor|0 fnt
|faint|p1a: Gliscor
|
|upkeep
|
|t:|1760408291
|switch|p1a: Blissey|Blissey, F|83/100
|turn|12
|
|t:|1760408293
|move|p2a: Raging Bolt|Discharge|p1a: Blissey
|-damage|p1a: Blissey|58/100
|-status|p1a: Blissey|par
|move|p1a: Blissey|Seismic Toss|p2a: Raging Bolt
|-damage|p2a: Raging Bolt|0 fnt
|faint|p2a: Raging Bolt
|-end|p2a: Raging Bolt|Protosynthesis|[silent]
|
|-heal|p1a: Blissey|64/100 par|[from] item: Leftovers
|upkeep
|
|t:|1760408296
|switch|p2a: Ceruledge|Ceruledge, M|49/100
|turn|13
|
|t:|1760408299
|-curestatus|p1a: Blissey|par|[from] ability: Natural Cure
|switch|p1a: Toxapex|Toxapex, M|100/100
|move|p2a: Ceruledge|Poltergeist|p1a: Toxapex
|-activate|p1a: Toxapex|move: Poltergeist|Rocky Helmet
|-damage|p1a: Toxapex|50/100
|-damage|p2a: Ceruledge|39/100|[from] item: Life Orb
|
|upkeep
|turn|14
|l| theviolator3000
|
|t:|1760408303
|move|p2a: Ceruledge|Swords Dance|p2a: Ceruledge
|-boost|p2a: Ceruledge|atk|2
|move|p1a: Toxapex|Recover|p1a: Toxapex
|-heal|p1a: Toxapex|99/100
|
|upkeep
|turn|15
|
|t:|1760408307
|move|p2a: Ceruledge|Poltergeist|p1a: Toxapex
|-activate|p1a: Toxapex|move: Poltergeist|Rocky Helmet
|-damage|p1a: Toxapex|0 fnt
|faint|p1a: Toxapex
|-damage|p2a: Ceruledge|29/100|[from] item: Life Orb
|
|upkeep
|
|t:|1760408308
|switch|p1a: Ditto|Ditto|100/100
|-transform|p1a: Ditto|p2a: Ceruledge|[from] ability: Imposter
|turn|16
|
|t:|1760408311
|-terastallize|p1a: Ditto|Normal
|move|p2a: Ceruledge|Shadow Sneak|p1a: Ditto
|-immune|p1a: Ditto
|move|p1a: Ditto|Poltergeist|p2a: Ceruledge
|-activate|p2a: Ceruledge|move: Poltergeist|Life Orb
|-supereffective|p2a: Ceruledge
|-damage|p2a: Ceruledge|0 fnt
|faint|p2a: Ceruledge
|
|upkeep
|
|t:|1760408327
|switch|p2a: Hoopa|Hoopa-Unbound|100/100
|turn|17
|
|t:|1760408330
|-terastallize|p2a: Hoopa|Fighting
|move|p2a: Hoopa|Drain Punch|p1a: Ditto
|-supereffective|p1a: Ditto
|-damage|p1a: Ditto|0 fnt
|faint|p1a: Ditto
|
|upkeep
|
|t:|1760408337
|switch|p1a: Gholdengo|Gholdengo|100/100
|turn|18
|
|t:|1760408340
|switch|p2a: Cinderace|Cinderace, F|100/100
|move|p1a: Gholdengo|Make It Rain|p2a: Cinderace
|-resisted|p2a: Cinderace
|-damage|p2a: Cinderace|57/100
|-unboost|p1a: Gholdengo|spa|1
|
|upkeep
|turn|19
|l|☆rmcarmicheal
|inactive|rmcarmicheal disconnected and has a minute to reconnect!
|player|p1|
|j|☆rmcarmicheal
|inactive|rmcarmicheal reconnected and has 115 seconds left.
|player|p1|rmcarmicheal|2|
|l|☆rmcarmicheal
|inactive|rmcarmicheal disconnected and has a minute to reconnect!
|player|p1|
|j|☆rmcarmicheal
|inactive|rmcarmicheal reconnected and has 105 seconds left.
|player|p1|rmcarmicheal|2|
|inactive|rmcarmicheal has 90 seconds left.
|inactive|rmcarmicheal has 60 seconds left.
|inactive|rmcarmicheal has 30 seconds left.
|inactive|rmcarmicheal has 20 seconds left.
|inactive|rmcarmicheal has 15 seconds left.
|inactive|rmcarmicheal has 10 seconds left.
|inactive|rmcarmicheal has 5 seconds left.
|-message|rmcarmicheal lost due to inactivity.
|
|win|how play pkm
|raw|rmcarmicheal's rating: 1649 &rarr; <strong>1628</strong><br />(-21 for losing)
|raw|how play pkm's rating: 1631 &rarr; <strong>1652</strong><br />(+21 for winning)
|l|☆how play pkm
|player|p2|
|l|☆rmcarmicheal
|player|p1|
