|j|☆Crocodile E
|j|☆BlRD BOY
|t:|1760449854
|gametype|singles
|player|p1|Crocodile E|boarder|1371
|player|p2|BlRD BOY|102|1369
|gen|9
|tier|[Gen 9] OU
|rated|
|rule|HP Percentage Mod: HP is shown in percentages
|rule|Endless Battle Clause: Forcing endless battles is banned
|rule|Species Clause: Limit one of each Pokémon
|rule|OHKO Clause: OHKO moves are banned
|rule|Evasion Items Clause: Evasion items are banned
|rule|Evasion Moves Clause: Evasion moves are banned
|rule|Evasion Abilities Clause: Evasion abilities are banned
|rule|Sleep Moves Clause: Sleep-inducing moves are banned
|clearpoke
|poke|p1|Glimmora, F|
|poke|p1|Iron Treads|
|poke|p1|Polteageist-Antique|
|poke|p1|Raging Bolt|
|poke|p1|Dragonite, F|
|poke|p1|Zamazenta-*|
|poke|p2|Indeedee, M|
|poke|p2|Deoxys-Speed|
|poke|p2|Ogerpon, F|
|poke|p2|Cinderace, F|
|poke|p2|Zamazenta-*|
|poke|p2|Hitmonlee, M|
|teampreview
|inactive|Battle timer is ON: inactive players will automatically lose when time's up. (requested by Crocodile E)
|
|t:|1760449873
|teamsize|p1|6
|teamsize|p2|6
|start
|switch|p1a: Iron Treads|Iron Treads|100/100
|switch|p2a: Indeedee|Indeedee, M|100/100
|-fieldstart|move: Psychic Terrain|[from] ability: Psychic Surge|[of] p2a: Indeedee
|-enditem|p1a: Iron Treads|Booster Energy
|-activate|p1a: Iron Treads|ability: Quark Drive|[fromitem]
|-start|p1a: Iron Treads|quarkdrivespe
|turn|1
|
|t:|1760449877
|move|p1a: Iron Treads|Knock Off|p2a: Indeedee
|-supereffective|p2a: Indeedee
|-damage|p2a: Indeedee|44/100
|-enditem|p2a: Indeedee|Terrain Extender|[from] move: Knock Off|[of] p1a: Iron Treads
|move|p2a: Indeedee|Encore|p1a: Iron Treads
|-start|p1a: Iron Treads|Encore
|
|upkeep
|turn|2
|
|t:|1760449887
|switch|p2a: Hitmonlee|Hitmonlee, M|100/100
|-enditem|p2a: Hitmonlee|Psychic Seed
|-boost|p2a: Hitmonlee|spd|1|[from] item: Psychic Seed
|move|p1a: Iron Treads|Knock Off|p2a: Hitmonlee
|-resisted|p2a: Hitmonlee
|-damage|p2a: Hitmonlee|83/100
|
|upkeep
|turn|3
|
|t:|1760449896
|-end|p1a: Iron Treads|Quark Drive|[silent]
|switch|p1a: Polteageist|Polteageist-Antique|100/100
|move|p2a: Hitmonlee|Swords Dance|p2a: Hitmonlee
|-boost|p2a: Hitmonlee|atk|2
|
|upkeep
|turn|4
|
|t:|1760449900
|move|p2a: Hitmonlee|Knock Off|p1a: Polteageist
|-supereffective|p1a: Polteageist
|-enditem|p1a: Polteageist|Focus Sash
|-damage|p1a: Polteageist|1/100
|-ability|p1a: Polteageist|Weak Armor|boost
|-unboost|p1a: Polteageist|def|1
|-boost|p1a: Polteageist|spe|2
|move|p1a: Polteageist|Shell Smash|p1a: Polteageist
|-unboost|p1a: Polteageist|def|1
|-unboost|p1a: Polteageist|spd|1
|-boost|p1a: Polteageist|atk|2
|-boost|p1a: Polteageist|spa|2
|-boost|p1a: Polteageist|spe|2
|
|upkeep
|turn|5
|
|t:|1760449912
|move|p1a: Polteageist|Stored Power|p2a: Hitmonlee
|-supereffective|p2a: Hitmonlee
|-damage|p2a: Hitmonlee|0 fnt
|faint|p2a: Hitmonlee
|
|upkeep
|
|t:|1760449927
|switch|p2a: Zamazenta|Zamazenta, shiny|100/100
|-ability|p2a: Zamazenta|Dauntless Shield|boost
|-boost|p2a: Zamazenta|def|1
|turn|6
|
|t:|1760449936
|-terastallize|p2a: Zamazenta|Steel
|move|p1a: Polteageist|Stored Power|p2a: Zamazenta
|-resisted|p2a: Zamazenta
|-damage|p2a: Zamazenta|44/100
|move|p2a: Zamazenta|Crunch|p1a: Polteageist
|-supereffective|p1a: Polteageist
|-damage|p1a: Polteageist|0 fnt
|faint|p1a: Polteageist
|
|upkeep
|
|t:|1760449944
|switch|p1a: Glimmora|Glimmora, F|100/100
|turn|7
|
|t:|1760449947
|move|p1a: Glimmora|Earth Power|p2a: Zamazenta
|-supereffective|p2a: Zamazenta
|-crit|p2a: Zamazenta
|-damage|p2a: Zamazenta|0 fnt
|faint|p2a: Zamazenta
|
|upkeep
|
|t:|1760449953
|switch|p2a: Ogerpon|Ogerpon, F|100/100
|turn|8
|
|t:|1760449956
|switch|p1a: Iron Treads|Iron Treads|100/100
|move|p2a: Ogerpon|Swords Dance|p2a: Ogerpon
|-boost|p2a: Ogerpon|atk|2
|
|-fieldend|move: Psychic Terrain
|upkeep
|turn|9
|
|t:|1760449962
|move|p2a: Ogerpon|Ivy Cudgel|p1a: Iron Treads
|-damage|p1a: Iron Treads|8/100
|-damage|p2a: Ogerpon|91/100|[from] item: Life Orb
|move|p1a: Iron Treads|Knock Off|p2a: Ogerpon
|-damage|p2a: Ogerpon|60/100
|-enditem|p2a: Ogerpon|Life Orb|[from] move: Knock Off|[of] p1a: Iron Treads
|
|upkeep
|turn|10
|
|t:|1760449982
|move|p2a: Ogerpon|Knock Off|p1a: Iron Treads
|-damage|p1a: Iron Treads|0 fnt
|faint|p1a: Iron Treads
|-end|p1a: Iron Treads|Quark Drive|[silent]
|
|upkeep
|
|t:|1760449986
|switch|p1a: Glimmora|Glimmora, F|100/100
|turn|11
|
|t:|1760449993
|switch|p2a: Indeedee|Indeedee, M|44/100
|-fieldstart|move: Psychic Terrain|[from] ability: Psychic Surge|[of] p2a: Indeedee
|move|p1a: Glimmora|Sludge Wave|p2a: Indeedee
|-damage|p2a: Indeedee|0 fnt
|faint|p2a: Indeedee
|
|upkeep
|
|t:|1760449995
|switch|p2a: Deoxys|Deoxys-Speed|100/100
|-ability|p2a: Deoxys|Pressure
|turn|12
|
|t:|1760449999
|move|p2a: Deoxys|Expanding Force|p1a: Glimmora
|-supereffective|p1a: Glimmora
|-damage|p1a: Glimmora|0 fnt
|faint|p1a: Glimmora
|-damage|p2a: Deoxys|91/100|[from] item: Life Orb
|
|upkeep
|
|t:|1760450006
|switch|p1a: Dragonite|Dragonite, F|100/100
|turn|13
|inactive|BlRD BOY has 120 seconds left.
|
|t:|1760450060
|move|p2a: Deoxys|Expanding Force|p1a: Dragonite
|-damage|p1a: Dragonite|62/100
|-damage|p2a: Deoxys|81/100|[from] item: Life Orb
|move|p1a: Dragonite|Outrage|p2a: Deoxys
|-damage|p2a: Deoxys|0 fnt
|faint|p2a: Deoxys
|
|upkeep
|
|t:|1760450069
|switch|p2a: Ogerpon|Ogerpon, F|60/100
|turn|14
|
|t:|1760450072
|move|p2a: Ogerpon|Play Rough|p1a: Dragonite
|-supereffective|p1a: Dragonite
|-damage|p1a: Dragonite|4/100
|-unboost|p1a: Dragonite|atk|1
|move|p1a: Dragonite|Outrage|p2a: Ogerpon|[from] lockedmove
|-damage|p2a: Ogerpon|0 fnt
|faint|p2a: Ogerpon
|-start|p1a: Dragonite|confusion|[fatigue]
|
|upkeep
|-message|BlRD BOY forfeited.
|
|win|Crocodile E
|raw|Crocodile E's rating: 1371 &rarr; <strong>1391</strong><br />(+20 for winning)
|raw|BlRD BOY's rating: 1369 &rarr; <strong>1349</strong><br />(-20 for losing)
|l|☆BlRD BOY
|player|p2|
|l|☆Crocodile E
|player|p1|
