|j|☆iKanae
|j|☆Charming idol
|t:|1760454109
|gametype|singles
|player|p1|iKanae|101|1058
|player|p2|Charming idol|idol|1050
|gen|9
|tier|[Gen 9] OU
|rated|
|rule|HP Percentage Mod: HP is shown in percentages
|rule|Endless Battle Clause: Forcing endless battles is banned
|rule|Species Clause: Limit one of each Pokémon
|rule|OHKO Clause: OHKO moves are banned
|rule|Evasion Items Clause: Evasion items are banned
|rule|Evasion Moves Clause: Evasion moves are banned
|rule|Evasion Abilities Clause: Evasion abilities are banned
|rule|Sleep Moves Clause: Sleep-inducing moves are banned
|clearpoke
|poke|p1|Toxapex, M|
|poke|p1|Landorus-Therian, M|
|poke|p1|Enamorus, F|
|poke|p1|Scizor, M|
|poke|p1|Azumarill, M|
|poke|p1|Meowscarada, F|
|poke|p2|Primarina, F|
|poke|p2|Lurantis, F|
|poke|p2|Braixen, F|
|poke|p2|Altaria, F|
|poke|p2|Cinccino, F|
|poke|p2|Ribombee, F|
|teampreview
|
|t:|1760454120
|teamsize|p1|6
|teamsize|p2|6
|start
|switch|p1a: Toxapex|Toxapex, M|100/100
|switch|p2a: Braixen|Braixen, F|100/100
|turn|1
|
|t:|1760454127
|move|p2a: Braixen|Psychic|p1a: Toxapex
|-supereffective|p1a: Toxapex
|-damage|p1a: Toxapex|65/100
|move|p1a: Toxapex|Toxic Spikes|p2a: Braixen
|-sidestart|p2: Charming idol|move: Toxic Spikes
|
|-heal|p1a: Toxapex|71/100|[from] item: Black Sludge
|upkeep
|turn|2
|
|t:|1760454139
|move|p2a: Braixen|Psychic|p1a: Toxapex
|-supereffective|p1a: Toxapex
|-damage|p1a: Toxapex|35/100
|move|p1a: Toxapex|Toxic Spikes|p2a: Braixen
|-sidestart|p2: Charming idol|move: Toxic Spikes
|
|-heal|p1a: Toxapex|41/100|[from] item: Black Sludge
|upkeep
|turn|3
|
|t:|1760454149
|switch|p1a: Azumarill|Azumarill, M|100/100
|move|p2a: Braixen|Psychic|p1a: Azumarill
|-damage|p1a: Azumarill|70/100
|
|upkeep
|turn|4
|
|t:|1760454157
|move|p1a: Azumarill|Aqua Jet|p2a: Braixen
|-supereffective|p2a: Braixen
|-damage|p2a: Braixen|46/100
|move|p2a: Braixen|Will-O-Wisp|p1a: Azumarill
|-status|p1a: Azumarill|brn
|
|-damage|p1a: Azumarill|64/100 brn|[from] brn
|upkeep
|turn|5
|
|t:|1760454168
|switch|p2a: Primarina|Primarina, F, shiny|100/100
|move|p1a: Azumarill|Aqua Jet|p2a: Primarina
|-resisted|p2a: Primarina
|-damage|p2a: Primarina|92/100
|
|-damage|p1a: Azumarill|58/100 brn|[from] brn
|upkeep
|turn|6
|
|t:|1760454176
|switch|p1a: Meowscarada|Meowscarada, F|100/100
|move|p2a: Primarina|Hyper Voice|p1a: Meowscarada
|-resisted|p1a: Meowscarada
|-damage|p1a: Meowscarada|64/100
|
|upkeep
|turn|7
|
|t:|1760454184
|move|p1a: Meowscarada|Flower Trick|p2a: Primarina
|-start|p1a: Meowscarada|typechange|Grass|[from] ability: Protean
|-supereffective|p2a: Primarina
|-crit|p2a: Primarina
|-damage|p2a: Primarina|0 fnt
|faint|p2a: Primarina
|
|upkeep
|
|t:|1760454189
|switch|p2a: Ribombee|Ribombee, F, shiny|100/100
|turn|8
|
|t:|1760454211
|move|p1a: Meowscarada|U-turn|p2a: Ribombee
|-resisted|p2a: Ribombee
|-damage|p2a: Ribombee|78/100
|
|t:|1760454214
|switch|p1a: Scizor|Scizor, M|100/100|[from] U-turn
|move|p2a: Ribombee|Quiver Dance|p2a: Ribombee
|-boost|p2a: Ribombee|spa|1
|-boost|p2a: Ribombee|spd|1
|-boost|p2a: Ribombee|spe|1
|
|upkeep
|turn|9
|
|t:|1760454223
|-terastallize|p2a: Ribombee|Ground
|move|p1a: Scizor|Bullet Punch|p2a: Ribombee
|-damage|p2a: Ribombee|0 fnt
|faint|p2a: Ribombee
|-damage|p1a: Scizor|91/100|[from] item: Life Orb
|
|upkeep
|
|t:|1760454232
|switch|p2a: Braixen|Braixen, F|46/100
|-status|p2a: Braixen|tox
|turn|10
|
|t:|1760454237
|move|p1a: Scizor|Bullet Punch|p2a: Braixen
|-resisted|p2a: Braixen
|-damage|p2a: Braixen|19/100 tox
|-damage|p1a: Scizor|81/100|[from] item: Life Orb
|move|p2a: Braixen|Will-O-Wisp|p1a: Scizor
|-status|p1a: Scizor|brn
|
|-damage|p2a: Braixen|13/100 tox|[from] psn
|-damage|p1a: Scizor|75/100 brn|[from] brn
|upkeep
|turn|11
|
|t:|1760454248
|move|p1a: Scizor|U-turn|p2a: Braixen
|-resisted|p2a: Braixen
|-damage|p2a: Braixen|0 fnt
|faint|p2a: Braixen
|-damage|p1a: Scizor|65/100 brn|[from] item: Life Orb
|
|t:|1760454254
|switch|p1a: Enamorus|Enamorus, F|100/100|[from] U-turn
|
|upkeep
|
|t:|1760454259
|switch|p2a: Cinccino|Cinccino, F|100/100
|-status|p2a: Cinccino|tox
|turn|12
|
|t:|1760454269
|move|p1a: Enamorus|Focus Blast|p2a: Cinccino|[miss]
|-miss|p1a: Enamorus|p2a: Cinccino
|move|p2a: Cinccino|Rock Blast|p1a: Enamorus
|-supereffective|p1a: Enamorus
|-damage|p1a: Enamorus|66/100
|-supereffective|p1a: Enamorus
|-damage|p1a: Enamorus|28/100
|-supereffective|p1a: Enamorus
|-damage|p1a: Enamorus|0 fnt
|faint|p1a: Enamorus
|-hitcount|p1: Enamorus|3
|
|-damage|p2a: Cinccino|94/100 tox|[from] psn
|upkeep
|
|t:|1760454282
|switch|p1a: Scizor|Scizor, M|65/100 brn
|turn|13
|
|t:|1760454288
|move|p2a: Cinccino|Rock Blast|p1a: Scizor
|-damage|p1a: Scizor|53/100 brn
|-damage|p1a: Scizor|39/100 brn
|-damage|p1a: Scizor|26/100 brn
|-damage|p1a: Scizor|13/100 brn
|-damage|p1a: Scizor|0 fnt
|faint|p1a: Scizor
|-hitcount|p1: Scizor|5
|
|-damage|p2a: Cinccino|82/100 tox|[from] psn
|upkeep
|
|t:|1760454299
|switch|p1a: Landorus|Landorus-Therian, M|100/100
|-ability|p1a: Landorus|Intimidate|boost
|-unboost|p2a: Cinccino|atk|1
|turn|14
|
|t:|1760454307
|-terastallize|p1a: Landorus|Ground
|move|p2a: Cinccino|Rock Blast|p1a: Landorus
|-resisted|p1a: Landorus
|-damage|p1a: Landorus|96/100
|-resisted|p1a: Landorus
|-damage|p1a: Landorus|92/100
|-resisted|p1a: Landorus
|-damage|p1a: Landorus|88/100
|-resisted|p1a: Landorus
|-damage|p1a: Landorus|83/100
|-hitcount|p1a: Landorus|4
|move|p1a: Landorus|Stomping Tantrum|p2a: Cinccino
|-crit|p2a: Cinccino
|-damage|p2a: Cinccino|0 fnt
|faint|p2a: Cinccino
|
|upkeep
|
|t:|1760454314
|switch|p2a: Lurantis|Lurantis, F|100/100
|-status|p2a: Lurantis|tox
|turn|15
|
|t:|1760454334
|move|p1a: Landorus|U-turn|p2a: Lurantis
|-supereffective|p2a: Lurantis
|-damage|p2a: Lurantis|36/100 tox
|
|t:|1760454337
|switch|p1a: Toxapex|Toxapex, M|74/100|[from] U-turn
|move|p2a: Lurantis|Leaf Blade|p1a: Toxapex
|-damage|p1a: Toxapex|43/100
|
|-heal|p2a: Lurantis|42/100 tox|[from] item: Leftovers
|-heal|p1a: Toxapex|49/100|[from] item: Black Sludge
|-damage|p2a: Lurantis|36/100 tox|[from] psn
|upkeep
|turn|16
|
|t:|1760454349
|move|p2a: Lurantis|Superpower|p1a: Toxapex
|-resisted|p1a: Toxapex
|-damage|p1a: Toxapex|32/100
|-boost|p2a: Lurantis|atk|1
|-boost|p2a: Lurantis|def|1
|move|p1a: Toxapex|Recover|p1a: Toxapex
|-heal|p1a: Toxapex|82/100
|
|-heal|p2a: Lurantis|42/100 tox|[from] item: Leftovers
|-heal|p1a: Toxapex|88/100|[from] item: Black Sludge
|-damage|p2a: Lurantis|30/100 tox|[from] psn
|upkeep
|turn|17
|
|t:|1760454352
|move|p2a: Lurantis|Leaf Blade|p1a: Toxapex
|-damage|p1a: Toxapex|37/100
|move|p1a: Toxapex|Ice Beam|p2a: Lurantis
|-supereffective|p2a: Lurantis
|-damage|p2a: Lurantis|0 fnt
|faint|p2a: Lurantis
|
|-heal|p1a: Toxapex|43/100|[from] item: Black Sludge
|upkeep
|
|t:|1760454356
|switch|p2a: Altaria|Altaria, F|100/100
|-ability|p2a: Altaria|Cloud Nine
|turn|18
|
|t:|1760454361
|move|p2a: Altaria|Earthquake|p1a: Toxapex
|-supereffective|p1a: Toxapex
|-damage|p1a: Toxapex|4/100
|move|p1a: Toxapex|Ice Beam|p2a: Altaria
|-supereffective|p2a: Altaria
|-damage|p2a: Altaria|51/100
|
|-heal|p2a: Altaria|57/100|[from] item: Leftovers
|-heal|p1a: Toxapex|10/100|[from] item: Black Sludge
|upkeep
|turn|19
|
|t:|1760454365
|move|p2a: Altaria|Earthquake|p1a: Toxapex
|-supereffective|p1a: Toxapex
|-damage|p1a: Toxapex|0 fnt
|faint|p1a: Toxapex
|
|-heal|p2a: Altaria|63/100|[from] item: Leftovers
|upkeep
|
|t:|1760454368
|switch|p1a: Meowscarada|Meowscarada, F|64/100
|turn|20
|
|t:|1760454372
|move|p1a: Meowscarada|Triple Axel|p2a: Altaria
|-start|p1a: Meowscarada|typechange|Ice|[from] ability: Protean
|-supereffective|p2a: Altaria
|-damage|p2a: Altaria|18/100
|-supereffective|p2a: Altaria
|-damage|p2a: Altaria|0 fnt
|faint|p2a: Altaria
|-hitcount|p2: Altaria|2
|
|win|iKanae
|raw|iKanae's rating: 1036 &rarr; <strong>1072</strong><br />(+36 for winning)
|raw|Charming idol's rating: 1050 &rarr; <strong>1032</strong><br />(-18 for losing)
|l|☆Charming idol
|player|p2|
|l|☆iKanae
|player|p1|
