|j|☆omari p
|j|☆Mr Tpen
|t:|1760362391
|gametype|singles
|player|p1|omari p|pokemonrangerf|1775
|player|p2|Mr Tpen|170|1753
|gen|9
|tier|[Gen 9] OU
|rated|
|rule|HP Percentage Mod: HP is shown in percentages
|rule|Endless Battle Clause: Forcing endless battles is banned
|rule|Species Clause: Limit one of each Pokémon
|rule|OHKO Clause: OHKO moves are banned
|rule|Evasion Items Clause: Evasion items are banned
|rule|Evasion Moves Clause: Evasion moves are banned
|rule|Evasion Abilities Clause: Evasion abilities are banned
|rule|Sleep Moves Clause: Sleep-inducing moves are banned
|clearpoke
|poke|p1|Cinderace, F|
|poke|p1|Volcanion|
|poke|p1|Torkoal, M|
|poke|p1|Mandibuzz, F|
|poke|p1|Great Tusk|
|poke|p1|Fezandipiti, M|
|poke|p2|Enamorus, F|
|poke|p2|Kyurem|
|poke|p2|Landorus-Therian, M|
|poke|p2|Kingambit, F|
|poke|p2|Ogerpon-Wellspring, F|
|poke|p2|Glimmora, F|
|teampreview
|inactive|Battle timer is ON: inactive players will automatically lose when time's up. (requested by Mr Tpen)
|
|t:|1760362403
|teamsize|p1|6
|teamsize|p2|6
|start
|switch|p1a: Great Tusk|Great Tusk, shiny|100/100
|switch|p2a: Ogerpon|Ogerpon-Wellspring, F|100/100
|turn|1
|
|t:|1760362407
|-end|p1a: Great Tusk|Protosynthesis|[silent]
|switch|p1a: Torkoal|Torkoal, M, shiny|100/100
|-weather|SunnyDay|[from] ability: Drought|[of] p1a: Torkoal
|move|p2a: Ogerpon|Knock Off|p1a: Torkoal
|-damage|p1a: Torkoal|76/100
|-enditem|p1a: Torkoal|Heat Rock|[from] move: Knock Off|[of] p2a: Ogerpon
|
|-weather|SunnyDay|[upkeep]
|upkeep
|turn|2
|
|t:|1760362419
|move|p2a: Ogerpon|Taunt|p1a: Torkoal
|-start|p1a: Torkoal|move: Taunt
|cant|p1a: Torkoal|move: Taunt|Stealth Rock
|
|-weather|SunnyDay|[upkeep]
|upkeep
|turn|3
|
|t:|1760362423
|move|p2a: Ogerpon|Knock Off|p1a: Torkoal
|-damage|p1a: Torkoal|59/100
|move|p1a: Torkoal|Fire Blast|p2a: Ogerpon
|-damage|p2a: Ogerpon|26/100
|
|-weather|SunnyDay|[upkeep]
|upkeep
|turn|4
|
|t:|1760362426
|move|p2a: Ogerpon|U-turn|p1a: Torkoal
|-resisted|p1a: Torkoal
|-damage|p1a: Torkoal|50/100
|
|t:|1760362429
|switch|p2a: Landorus|Landorus-Therian, M|100/100|[from] U-turn
|-ability|p2a: Landorus|Intimidate|boost
|-unboost|p1a: Torkoal|atk|1
|move|p1a: Torkoal|Fire Blast|p2a: Landorus
|-damage|p2a: Landorus|33/100
|
|-weather|SunnyDay|[upkeep]
|-end|p1a: Torkoal|move: Taunt
|upkeep
|turn|5
|
|t:|1760362438
|switch|p1a: Great Tusk|Great Tusk, shiny|100/100
|-activate|p1a: Great Tusk|ability: Protosynthesis
|-start|p1a: Great Tusk|protosynthesisatk
|move|p2a: Landorus|Earthquake|p1a: Great Tusk
|-damage|p1a: Great Tusk|63/100
|
|-weather|SunnyDay|[upkeep]
|upkeep
|turn|6
|
|t:|1760362442
|switch|p2a: Glimmora|Glimmora, F|100/100
|move|p1a: Great Tusk|Ice Spinner|p2a: Glimmora
|-damage|p2a: Glimmora|71/100
|-activate|p2a: Glimmora|ability: Toxic Debris
|-sidestart|p1: omari p|move: Toxic Spikes
|-enditem|p2a: Glimmora|Red Card|[of] p1a: Great Tusk
|-end|p1a: Great Tusk|Protosynthesis|[silent]
|drag|p1a: Fezandipiti|Fezandipiti, M|100/100
|-sideend|p1: omari p|move: Toxic Spikes|[of] p1a: Fezandipiti
|
|-weather|SunnyDay|[upkeep]
|upkeep
|turn|7
|
|t:|1760362448
|switch|p1a: Great Tusk|Great Tusk, shiny|63/100
|-activate|p1a: Great Tusk|ability: Protosynthesis
|-start|p1a: Great Tusk|protosynthesisatk
|move|p2a: Glimmora|Earth Power|p1a: Great Tusk
|-damage|p1a: Great Tusk|26/100
|-unboost|p1a: Great Tusk|spd|1
|
|-weather|SunnyDay|[upkeep]
|upkeep
|turn|8
|
|t:|1760362459
|-terastallize|p2a: Glimmora|Ghost
|move|p1a: Great Tusk|Headlong Rush|p2a: Glimmora
|-damage|p2a: Glimmora|0 fnt
|-unboost|p1a: Great Tusk|def|1
|-unboost|p1a: Great Tusk|spd|1
|-activate|p2a: Glimmora|ability: Toxic Debris
|-sidestart|p1: omari p|move: Toxic Spikes
|faint|p2a: Glimmora
|
|-weather|none
|-end|p1a: Great Tusk|Protosynthesis
|upkeep
|
|t:|1760362462
|switch|p2a: Ogerpon|Ogerpon-Wellspring, F|26/100
|turn|9
|
|t:|1760362464
|move|p1a: Great Tusk|Headlong Rush|p2a: Ogerpon
|-resisted|p2a: Ogerpon
|-damage|p2a: Ogerpon|0 fnt
|-unboost|p1a: Great Tusk|def|1
|-unboost|p1a: Great Tusk|spd|1
|faint|p2a: Ogerpon
|
|upkeep
|
|t:|1760362467
|switch|p2a: Enamorus|Enamorus, F|100/100
|turn|10
|
|t:|1760362470
|-end|p1a: Great Tusk|Protosynthesis|[silent]
|switch|p1a: Fezandipiti|Fezandipiti, M|100/100
|-sideend|p1: omari p|move: Toxic Spikes|[of] p1a: Fezandipiti
|move|p2a: Enamorus|Earth Power|p1a: Fezandipiti
|-supereffective|p1a: Fezandipiti
|-damage|p1a: Fezandipiti|49/100
|
|-heal|p1a: Fezandipiti|55/100|[from] item: Leftovers
|upkeep
|turn|11
|
|t:|1760362473
|switch|p1a: Torkoal|Torkoal, M, shiny|50/100
|-weather|SunnyDay|[from] ability: Drought|[of] p1a: Torkoal
|move|p2a: Enamorus|Earth Power|p1a: Torkoal
|-supereffective|p1a: Torkoal
|-damage|p1a: Torkoal|0 fnt
|faint|p1a: Torkoal
|
|-weather|SunnyDay|[upkeep]
|upkeep
|
|t:|1760362475
|switch|p1a: Cinderace|Cinderace, F|100/100
|turn|12
|
|t:|1760362478
|switch|p2a: Landorus|Landorus-Therian, M|33/100
|-ability|p2a: Landorus|Intimidate|boost
|-unboost|p1a: Cinderace|atk|1
|switch|p1a: Mandibuzz|Mandibuzz, F, shiny|100/100
|
|-weather|SunnyDay|[upkeep]
|upkeep
|turn|13
|
|t:|1760362480
|move|p2a: Landorus|Stealth Rock|p1a: Mandibuzz
|-sidestart|p1: omari p|move: Stealth Rock
|move|p1a: Mandibuzz|Foul Play|p2a: Landorus
|-damage|p2a: Landorus|0 fnt
|-damage|p1a: Mandibuzz|84/100|[from] item: Rocky Helmet|[of] p2a: Landorus
|faint|p2a: Landorus
|
|-weather|SunnyDay|[upkeep]
|upkeep
|
|t:|1760362481
|switch|p2a: Kyurem|Kyurem|100/100
|-ability|p2a: Kyurem|Pressure
|turn|14
|
|t:|1760362485
|move|p2a: Kyurem|Ice Beam|p1a: Mandibuzz
|-supereffective|p1a: Mandibuzz
|-damage|p1a: Mandibuzz|0 fnt
|faint|p1a: Mandibuzz
|
|-weather|SunnyDay|[upkeep]
|upkeep
|
|t:|1760362487
|switch|p1a: Cinderace|Cinderace, F|100/100
|-damage|p1a: Cinderace|76/100|[from] Stealth Rock
|turn|15
|
|t:|1760362490
|switch|p2a: Enamorus|Enamorus, F|100/100
|move|p1a: Cinderace|Pyro Ball|p2a: Enamorus
|-damage|p2a: Enamorus|0 fnt
|faint|p2a: Enamorus
|
|-weather|none
|upkeep
|
|t:|1760362492
|switch|p2a: Kyurem|Kyurem|100/100
|-ability|p2a: Kyurem|Pressure
|turn|16
|
|t:|1760362493
|move|p2a: Kyurem|Earth Power|p1a: Cinderace
|-supereffective|p1a: Cinderace
|-damage|p1a: Cinderace|0 fnt
|faint|p1a: Cinderace
|
|upkeep
|
|t:|1760362500
|switch|p1a: Fezandipiti|Fezandipiti, M|55/100
|-damage|p1a: Fezandipiti|43/100|[from] Stealth Rock
|turn|17
|
|t:|1760362502
|move|p2a: Kyurem|Earth Power|p1a: Fezandipiti
|-supereffective|p1a: Fezandipiti
|-damage|p1a: Fezandipiti|0 fnt
|faint|p1a: Fezandipiti
|
|upkeep
|
|t:|1760362506
|switch|p1a: Volcanion|Volcanion|100/100
|-damage|p1a: Volcanion|76/100|[from] Stealth Rock
|turn|18
|
|t:|1760362508
|move|p2a: Kyurem|Earth Power|p1a: Volcanion
|-supereffective|p1a: Volcanion
|-damage|p1a: Volcanion|0 fnt
|faint|p1a: Volcanion
|
|upkeep
|-message|omari p forfeited.
|
|win|Mr Tpen
|raw|omari p's rating: 1775 &rarr; <strong>1754</strong><br />(-21 for losing)
|raw|Mr Tpen's rating: 1753 &rarr; <strong>1774</strong><br />(+21 for winning)
|l|☆omari p
|player|p1|
|l|☆Mr Tpen
|player|p2|
