|j|☆terrabits
|j|☆ladderingdawg
|t:|1760332434
|gametype|singles
|player|p1|terrabits|ghetsis|1125
|player|p2|ladderingdawg|266|1179
|gen|9
|tier|[Gen 9] OU
|rated|
|rule|HP Percentage Mod: HP is shown in percentages
|rule|Endless Battle Clause: Forcing endless battles is banned
|rule|Species Clause: Limit one of each Pokémon
|rule|OHKO Clause: OHKO moves are banned
|rule|Evasion Items Clause: Evasion items are banned
|rule|Evasion Moves Clause: Evasion moves are banned
|rule|Evasion Abilities Clause: Evasion abilities are banned
|rule|Sleep Moves Clause: Sleep-inducing moves are banned
|clearpoke
|poke|p1|Toxapex, F|
|poke|p1|Salamence, F|
|poke|p1|Quagsire, F|
|poke|p1|Ribombee, F|
|poke|p1|Froslass, F|
|poke|p1|Ogerpon, F|
|poke|p2|Kingambit, F|
|poke|p2|Gliscor, M|
|poke|p2|Slowking-Galar, F|
|poke|p2|Iron Valiant|
|poke|p2|Great Tusk|
|poke|p2|Rillaboom, M|
|teampreview
|
|t:|1760332447
|teamsize|p1|6
|teamsize|p2|6
|start
|switch|p1a: Ribombee|Ribombee, F, shiny|100/100
|switch|p2a: really bad joke|Slowking-Galar, F|100/100
|turn|1
|
|t:|1760332463
|move|p1a: Ribombee|Sticky Web|p2a: really bad joke
|-sidestart|p2: ladderingdawg|move: Sticky Web
|move|p2a: really bad joke|Sludge Bomb|p1a: Ribombee
|-supereffective|p1a: Ribombee
|-enditem|p1a: Ribombee|Focus Sash
|-damage|p1a: Ribombee|1/100
|
|upkeep
|turn|2
|
|t:|1760332471
|switch|p1a: Toxapex|Toxapex, F, shiny|100/100
|move|p2a: really bad joke|Future Sight|p1a: Toxapex
|-start|p2a: really bad joke|move: Future Sight
|
|upkeep
|turn|3
|
|t:|1760332481
|move|p1a: Toxapex|Icy Wind|p2a: really bad joke
|-damage|p2a: really bad joke|96/100
|-unboost|p2a: really bad joke|spe|1
|move|p2a: really bad joke|Thunder Wave|p1a: Toxapex
|-status|p1a: Toxapex|par
|
|upkeep
|turn|4
|
|t:|1760332491
|switch|p1a: Ribombee|Ribombee, F, shiny|1/100
|-prepare|p2a: really bad joke|Chilly Reception|[premajor]
|move|p2a: really bad joke|Chilly Reception|p2a: really bad joke
|-weather|Snowscape
|
|t:|1760332505
|switch|p2a: big stall|Gliscor, M|100/100|[from] Chilly Reception
|
|-weather|Snowscape|[upkeep]
|-end|p1a: Ribombee|move: Future Sight
|-damage|p1a: Ribombee|0 fnt
|faint|p1a: Ribombee
|-status|p2a: big stall|tox|[from] item: Toxic Orb
|upkeep
|
|t:|1760332511
|switch|p1a: Froslass|Froslass, F|100/100
|turn|5
|
|t:|1760332524
|move|p1a: Froslass|Triple Axel|p2a: big stall
|-supereffective|p2a: big stall
|-damage|p2a: big stall|80/100 tox
|-supereffective|p2a: big stall
|-damage|p2a: big stall|43/100 tox
|-supereffective|p2a: big stall
|-damage|p2a: big stall|0 fnt
|faint|p2a: big stall
|-hitcount|p2: big stall|3
|
|-weather|Snowscape|[upkeep]
|upkeep
|
|t:|1760332539
|switch|p2a: really bad joke|Slowking-Galar, F|100/100
|turn|6
|inactive|Battle timer is ON: inactive players will automatically lose when time's up. (requested by ladderingdawg)
|
|t:|1760332581
|move|p1a: Froslass|Poltergeist|p2a: really bad joke
|-activate|p2a: really bad joke|move: Poltergeist|Heavy-Duty Boots
|-supereffective|p2a: really bad joke
|-damage|p2a: really bad joke|11/100
|move|p2a: really bad joke|Future Sight|p1a: Froslass
|-start|p2a: really bad joke|move: Future Sight
|
|-weather|Snowscape|[upkeep]
|upkeep
|turn|7
|-message|ladderingdawg forfeited.
|
|win|terrabits
|raw|terrabits's rating: 1125 &rarr; <strong>1154</strong><br />(+29 for winning)
|raw|ladderingdawg's rating: 1179 &rarr; <strong>1150</strong><br />(-29 for losing)
|l|☆ladderingdawg
|player|p2|
|l|☆terrabits
|player|p1|
