|j|☆Paofficial
|j|‽flinchirator
|t:|1760375292
|gametype|singles
|player|p1|Paofficial|1|1412
|player|p2|flinchirator|miku-ice|1448
|gen|9
|tier|[Gen 9] OU
|rated|
|rule|HP Percentage Mod: HP is shown in percentages
|rule|Endless Battle Clause: Forcing endless battles is banned
|rule|Species Clause: Limit one of each Pokémon
|rule|OHKO Clause: OHKO moves are banned
|rule|Evasion Items Clause: Evasion items are banned
|rule|Evasion Moves Clause: Evasion moves are banned
|rule|Evasion Abilities Clause: Evasion abilities are banned
|rule|Sleep Moves Clause: Sleep-inducing moves are banned
|clearpoke
|poke|p1|Maushold-Four|
|poke|p1|Clawitzer, F|
|poke|p1|Tsareena, F|
|poke|p1|Armarouge, M|
|poke|p1|Corviknight, M|
|poke|p1|Garchomp, F|
|poke|p2|Iron Treads|
|poke|p2|Ogerpon-Wellspring, F|
|poke|p2|Iron Valiant|
|poke|p2|Dragonite, F|
|poke|p2|Dragapult, F|
|poke|p2|Zapdos|
|teampreview
|inactive|Battle timer is ON: inactive players will automatically lose when time's up. (requested by flinchirator)
|inactive|Paofficial has 120 seconds left.
|
|t:|1760375323
|teamsize|p1|6
|teamsize|p2|6
|start
|switch|p1a: Garchomp|Garchomp, F|100/100
|switch|p2a: Dragapult|Dragapult, F|100/100
|turn|1
|
|t:|1760375330
|-terastallize|p1a: Garchomp|Steel
|move|p2a: Dragapult|Draco Meteor|p1a: Garchomp
|-resisted|p1a: Garchomp
|-damage|p1a: Garchomp|62/100
|-unboost|p2a: Dragapult|spa|2
|move|p1a: Garchomp|Scale Shot|p2a: Dragapult
|-supereffective|p2a: Dragapult
|-damage|p2a: Dragapult|60/100
|-supereffective|p2a: Dragapult
|-damage|p2a: Dragapult|12/100
|-supereffective|p2a: Dragapult
|-damage|p2a: Dragapult|0 fnt
|faint|p2a: Dragapult
|-hitcount|p2: Dragapult|3
|-unboost|p1a: Garchomp|def|1
|-boost|p1a: Garchomp|spe|1
|
|upkeep
|
|t:|1760375338
|switch|p2a: Iron Valiant|Iron Valiant|100/100
|-enditem|p2a: Iron Valiant|Booster Energy
|-activate|p2a: Iron Valiant|ability: Quark Drive|[fromitem]
|-start|p2a: Iron Valiant|quarkdrivespe
|turn|2
|
|t:|1760375345
|switch|p1a: Corviknight|Corviknight, M|100/100
|move|p2a: Iron Valiant|Close Combat|p1a: Corviknight
|-damage|p1a: Corviknight|57/100
|-unboost|p2a: Iron Valiant|def|1
|-unboost|p2a: Iron Valiant|spd|1
|-damage|p2a: Iron Valiant|84/100|[from] item: Rocky Helmet|[of] p1a: Corviknight
|
|upkeep
|turn|3
|
|t:|1760375366
|move|p2a: Iron Valiant|Swords Dance|p2a: Iron Valiant
|-boost|p2a: Iron Valiant|atk|2
|move|p1a: Corviknight|Brave Bird|p2a: Iron Valiant
|-supereffective|p2a: Iron Valiant
|-damage|p2a: Iron Valiant|0 fnt
|faint|p2a: Iron Valiant
|-end|p2a: Iron Valiant|Quark Drive|[silent]
|-damage|p1a: Corviknight|37/100|[from] Recoil
|
|upkeep
|
|t:|1760375382
|switch|p2a: Ogerpon|Ogerpon-Wellspring, F|100/100
|turn|4
|
|t:|1760375387
|switch|p1a: Tsareena|Tsareena, F|100/100
|move|p2a: Ogerpon|Ivy Cudgel|p1a: Tsareena|[anim] Ivy Cudgel Water
|-resisted|p1a: Tsareena
|-damage|p1a: Tsareena|69/100
|
|upkeep
|turn|5
|
|t:|1760375398
|switch|p2a: Zapdos|Zapdos|100/100
|move|p1a: Tsareena|Knock Off|p2a: Zapdos
|-damage|p2a: Zapdos|78/100
|-enditem|p2a: Zapdos|Heavy-Duty Boots|[from] move: Knock Off|[of] p1a: Tsareena
|
|upkeep
|turn|6
|
|t:|1760375405
|switch|p1a: Garchomp|Garchomp, F, tera:Steel|62/100
|move|p2a: Zapdos|U-turn|p1a: Garchomp
|-resisted|p1a: Garchomp
|-damage|p1a: Garchomp|55/100
|-damage|p2a: Zapdos|65/100|[from] ability: Rough Skin|[of] p1a: Garchomp
|
|t:|1760375411
|switch|p2a: Ogerpon|Ogerpon-Wellspring, F|100/100|[from] U-turn
|
|upkeep
|turn|7
|
|t:|1760375423
|move|p2a: Ogerpon|Ivy Cudgel|p1a: Garchomp|[anim] Ivy Cudgel Water
|-damage|p1a: Garchomp|0 fnt
|faint|p1a: Garchomp
|
|upkeep
|
|t:|1760375428
|switch|p1a: Maushold|Maushold-Four|100/100
|turn|8
|inactive|flinchirator has 120 seconds left.
|
|t:|1760375469
|switch|p2a: Zapdos|Zapdos|65/100
|move|p1a: Maushold|Population Bomb|p2a: Zapdos
|-damage|p2a: Zapdos|57/100
|-damage|p2a: Zapdos|48/100
|-damage|p2a: Zapdos|40/100
|-damage|p2a: Zapdos|32/100
|-crit|p2a: Zapdos
|-damage|p2a: Zapdos|20/100
|-status|p1a: Maushold|par|[from] ability: Static|[of] p2a: Zapdos
|-damage|p2a: Zapdos|11/100
|-damage|p2a: Zapdos|4/100
|-damage|p2a: Zapdos|0 fnt
|faint|p2a: Zapdos
|-hitcount|p2: Zapdos|8
|
|upkeep
|
|t:|1760375489
|switch|p2a: Ogerpon|Ogerpon-Wellspring, F|100/100
|turn|9
|
|t:|1760375493
|move|p2a: Ogerpon|Swords Dance|p2a: Ogerpon
|-boost|p2a: Ogerpon|atk|2
|move|p1a: Maushold|Population Bomb|p2a: Ogerpon
|-damage|p2a: Ogerpon|87/100
|-damage|p2a: Ogerpon|73/100
|-damage|p2a: Ogerpon|59/100
|-damage|p2a: Ogerpon|43/100
|-damage|p2a: Ogerpon|29/100
|-damage|p2a: Ogerpon|14/100
|-damage|p2a: Ogerpon|0 fnt
|faint|p2a: Ogerpon
|-hitcount|p2: Ogerpon|7
|
|upkeep
|
|t:|1760375497
|switch|p2a: Dragonite|Dragonite, F|100/100
|turn|10
|
|t:|1760375506
|move|p2a: Dragonite|Dragon Dance|p2a: Dragonite
|-boost|p2a: Dragonite|atk|1
|-boost|p2a: Dragonite|spe|1
|cant|p1a: Maushold|par
|
|upkeep
|turn|11
|inactive|flinchirator has 120 seconds left.
|
|t:|1760375545
|move|p2a: Dragonite|Extreme Speed|p1a: Maushold
|-damage|p1a: Maushold|26/100 par
|move|p1a: Maushold|Population Bomb|p2a: Dragonite
|-damage|p2a: Dragonite|95/100
|-damage|p2a: Dragonite|81/100
|-damage|p2a: Dragonite|69/100
|-damage|p2a: Dragonite|57/100
|-damage|p2a: Dragonite|44/100
|-damage|p2a: Dragonite|31/100
|-damage|p2a: Dragonite|19/100
|-damage|p2a: Dragonite|7/100
|-damage|p2a: Dragonite|0 fnt
|faint|p2a: Dragonite
|-hitcount|p2: Dragonite|9
|
|upkeep
|-message|flinchirator forfeited.
|
|win|Paofficial
|raw|Paofficial's rating: 1412 &rarr; <strong>1434</strong><br />(+22 for winning)
|raw|flinchirator's rating: 1448 &rarr; <strong>1426</strong><br />(-22 for losing)
|l|‽flinchirator
|player|p2|
|l|☆Paofficial
|player|p1|
