|j|☆GateofGeass
|j|☆Myadetectiveroyal
|t:|1760396193
|gametype|singles
|player|p1|GateofGeass|bellelba|1174
|player|p2|Myadetectiveroyal|picnicker|1227
|gen|9
|tier|[Gen 9] OU
|rated|
|rule|HP Percentage Mod: HP is shown in percentages
|rule|Endless Battle Clause: Forcing endless battles is banned
|rule|Species Clause: Limit one of each Pokémon
|rule|OHKO Clause: OHKO moves are banned
|rule|Evasion Items Clause: Evasion items are banned
|rule|Evasion Moves Clause: Evasion moves are banned
|rule|Evasion Abilities Clause: Evasion abilities are banned
|rule|Sleep Moves Clause: Sleep-inducing moves are banned
|clearpoke
|poke|p1|Iron Moth|
|poke|p1|Rillaboom, M|
|poke|p1|Jolteon, M|
|poke|p1|Great Tusk|
|poke|p1|Gholdengo|
|poke|p1|Barraskewda, F|
|poke|p2|Sandslash, F|
|poke|p2|Tyranitar, F|
|poke|p2|Houndstone, F|
|poke|p2|Corviknight, F|
|poke|p2|Hydrapple, M|
|poke|p2|Fezandipiti, M|
|teampreview
|inactive|Battle timer is ON: inactive players will automatically lose when time's up. (requested by GateofGeass)
|
|t:|1760396215
|teamsize|p1|6
|teamsize|p2|6
|start
|switch|p1a: Barraskewda|Barraskewda, F|100/100
|switch|p2a: Frozis|Fezandipiti, M|100/100
|turn|1
|
|t:|1760396226
|switch|p2a: Hydre pomme|Hydrapple, M|100/100
|move|p1a: Barraskewda|Flip Turn|p2a: Hydre pomme
|-resisted|p2a: Hydre pomme
|-crit|p2a: Hydre pomme
|-damage|p2a: Hydre pomme|91/100
|
|t:|1760396234
|switch|p1a: chochito|Iron Moth, shiny|100/100|[from] Flip Turn
|-enditem|p1a: chochito|Booster Energy
|-activate|p1a: chochito|ability: Quark Drive|[fromitem]
|-start|p1a: chochito|quarkdrivespe
|
|upkeep
|turn|2
|
|t:|1760396242
|-terastallize|p2a: Hydre pomme|Steel
|move|p1a: chochito|Fiery Dance|p2a: Hydre pomme
|-supereffective|p2a: Hydre pomme
|-damage|p2a: Hydre pomme|14/100
|move|p2a: Hydre pomme|Earth Power|p1a: chochito
|-supereffective|p1a: chochito
|-damage|p1a: chochito|6/100
|
|upkeep
|turn|3
|
|t:|1760396256
|switch|p2a: Tyrakaiju|Tyranitar, F|100/100
|-weather|Sandstorm|[from] ability: Sand Stream|[of] p2a: Tyrakaiju
|move|p1a: chochito|Fiery Dance|p2a: Tyrakaiju
|-resisted|p2a: Tyrakaiju
|-damage|p2a: Tyrakaiju|90/100
|-boost|p1a: chochito|spa|1
|
|-weather|Sandstorm|[upkeep]
|-damage|p1a: chochito|0 fnt|[from] Sandstorm
|faint|p1a: chochito
|-end|p1a: chochito|Quark Drive|[silent]
|upkeep
|
|t:|1760396267
|switch|p1a: Barraskewda|Barraskewda, F|100/100
|turn|4
|
|t:|1760396279
|move|p1a: Barraskewda|Flip Turn|p2a: Tyrakaiju
|-supereffective|p2a: Tyrakaiju
|-damage|p2a: Tyrakaiju|28/100
|
|t:|1760396285
|switch|p1a: tetitas|Rillaboom, M, shiny|100/100|[from] Flip Turn
|-fieldstart|move: Grassy Terrain|[from] ability: Grassy Surge|[of] p1a: tetitas
|move|p2a: Tyrakaiju|Knock Off|p1a: tetitas
|-damage|p1a: tetitas|50/100
|-enditem|p1a: tetitas|Life Orb|[from] move: Knock Off|[of] p2a: Tyrakaiju
|
|-weather|Sandstorm|[upkeep]
|-damage|p1a: tetitas|44/100|[from] Sandstorm
|-heal|p1a: tetitas|50/100|[from] Grassy Terrain
|-heal|p2a: Tyrakaiju|34/100|[from] Grassy Terrain
|upkeep
|turn|5
|
|t:|1760396298
|switch|p2a: Piaf sasuke|Corviknight, F|100/100
|-ability|p2a: Piaf sasuke|Unnerve
|move|p1a: tetitas|Grassy Glide|p2a: Piaf sasuke
|-resisted|p2a: Piaf sasuke
|-damage|p2a: Piaf sasuke|95/100
|
|-weather|Sandstorm|[upkeep]
|-damage|p1a: tetitas|44/100|[from] Sandstorm
|-heal|p1a: tetitas|50/100|[from] Grassy Terrain
|-heal|p2a: Piaf sasuke|100/100|[from] item: Leftovers
|upkeep
|turn|6
|
|t:|1760396311
|switch|p1a: squirting|Jolteon, M, shiny|100/100
|move|p2a: Piaf sasuke|U-turn|p1a: squirting
|-damage|p1a: squirting|74/100
|
|t:|1760396319
|switch|p2a: Sandaslash|Sandslash, F|100/100|[from] U-turn
|
|-weather|Sandstorm|[upkeep]
|-damage|p1a: squirting|68/100|[from] Sandstorm
|-heal|p1a: squirting|74/100|[from] Grassy Terrain
|upkeep
|turn|7
|
|t:|1760396328
|switch|p1a: tetitas|Rillaboom, M, shiny|50/100
|move|p2a: Sandaslash|Earthquake|p1a: tetitas
|-resisted|p1a: tetitas
|-damage|p1a: tetitas|35/100
|-damage|p2a: Sandaslash|91/100|[from] item: Life Orb
|
|-weather|Sandstorm|[upkeep]
|-damage|p1a: tetitas|29/100|[from] Sandstorm
|-heal|p2a: Sandaslash|97/100|[from] Grassy Terrain
|-heal|p1a: tetitas|35/100|[from] Grassy Terrain
|upkeep
|turn|8
|
|t:|1760396341
|switch|p2a: Piaf sasuke|Corviknight, F|100/100
|-ability|p2a: Piaf sasuke|Unnerve
|switch|p1a: Barraskewda|Barraskewda, F|100/100
|
|-weather|Sandstorm|[upkeep]
|-damage|p1a: Barraskewda|94/100|[from] Sandstorm
|-heal|p1a: Barraskewda|100/100|[from] Grassy Terrain
|-fieldend|move: Grassy Terrain
|upkeep
|turn|9
|
|t:|1760396353
|move|p1a: Barraskewda|Flip Turn|p2a: Piaf sasuke
|-damage|p2a: Piaf sasuke|72/100
|
|t:|1760396357
|switch|p1a: squirting|Jolteon, M, shiny|74/100|[from] Flip Turn
|move|p2a: Piaf sasuke|U-turn|p1a: squirting
|-damage|p1a: squirting|48/100
|
|t:|1760396367
|switch|p2a: Sacrifice inutile|Houndstone, F|100/100|[from] U-turn
|
|-weather|Sandstorm|[upkeep]
|-damage|p1a: squirting|43/100|[from] Sandstorm
|upkeep
|turn|10
|
|t:|1760396375
|move|p2a: Sacrifice inutile|Poltergeist|p1a: squirting
|-activate|p1a: squirting|move: Poltergeist|Choice Specs
|-damage|p1a: squirting|0 fnt
|faint|p1a: squirting
|
|-weather|none
|upkeep
|-message|GateofGeass forfeited.
|
|win|Myadetectiveroyal
|raw|GateofGeass's rating: 1174 &rarr; <strong>1153</strong><br />(-21 for losing)
|raw|Myadetectiveroyal's rating: 1227 &rarr; <strong>1248</strong><br />(+21 for winning)
|l|☆GateofGeass
|player|p1|
