|j|☆pengu_noob
|j|☆dr.micheel morb
|t:|1760365192
|gametype|singles
|player|p1|pengu_noob|unknown|1124
|player|p2|dr.micheel morb|brycenman|1147
|gen|9
|tier|[Gen 9] OU
|rated|
|rule|HP Percentage Mod: HP is shown in percentages
|rule|Endless Battle Clause: Forcing endless battles is banned
|rule|Species Clause: Limit one of each Pokémon
|rule|OHKO Clause: OHKO moves are banned
|rule|Evasion Items Clause: Evasion items are banned
|rule|Evasion Moves Clause: Evasion moves are banned
|rule|Evasion Abilities Clause: Evasion abilities are banned
|rule|Sleep Moves Clause: Sleep-inducing moves are banned
|clearpoke
|poke|p1|Serperior, M|
|poke|p1|Weezing-Galar, F|
|poke|p1|Hitmonlee, M|
|poke|p1|Clodsire, M|
|poke|p1|Zoroark-Hisui, M|
|poke|p1|Minior-Orange|
|poke|p2|Clodsire, M|
|poke|p2|Dondozo, F|
|poke|p2|Alomomola, F|
|poke|p2|Talonflame, F|
|poke|p2|Toxapex, M|
|poke|p2|Blissey, F|
|teampreview
|inactive|Battle timer is ON: inactive players will automatically lose when time's up. (requested by dr.micheel morb)
|inactive|pengu_noob also wants the timer to be on.
|
|t:|1760365199
|teamsize|p1|6
|teamsize|p2|6
|start
|switch|p1a: Serperior|Serperior, M, shiny|100/100
|switch|p2a: HEHEHAHA|Blissey, F|100/100
|turn|1
|
|t:|1760365215
|switch|p2a: Dog|Clodsire, M|100/100
|move|p1a: Serperior|Leaf Storm|p2a: Dog
|-damage|p2a: Dog|73/100
|-boost|p1a: Serperior|spa|2
|
|upkeep
|turn|2
|
|t:|1760365223
|move|p1a: Serperior|Leaf Storm|p2a: Dog
|-damage|p2a: Dog|50/100
|-boost|p1a: Serperior|spa|2
|move|p2a: Dog|Toxic|p1a: Serperior
|-status|p1a: Serperior|tox
|
|-damage|p1a: Serperior|94/100 tox|[from] psn
|upkeep
|turn|3
|
|t:|1760365230
|move|p1a: Serperior|Leaf Storm|p2a: Dog
|-damage|p2a: Dog|26/100
|-boost|p1a: Serperior|spa|2
|move|p2a: Dog|Recover|p2a: Dog
|-heal|p2a: Dog|76/100
|
|-damage|p1a: Serperior|82/100 tox|[from] psn
|upkeep
|turn|4
|
|t:|1760365247
|move|p1a: Serperior|Leaf Storm|p2a: Dog
|-damage|p2a: Dog|51/100
|move|p2a: Dog|Recover|p2a: Dog
|-heal|p2a: Dog|100/100
|
|-damage|p1a: Serperior|63/100 tox|[from] psn
|upkeep
|turn|5
|
|t:|1760365256
|move|p1a: Serperior|Leaf Storm|p2a: Dog
|-damage|p2a: Dog|77/100
|move|p2a: Dog|Haze|p2a: Dog
|-clearallboost
|
|-damage|p1a: Serperior|39/100 tox|[from] psn
|upkeep
|turn|6
|
|t:|1760365264
|move|p1a: Serperior|Leaf Storm|p2a: Dog
|-damage|p2a: Dog|53/100
|-boost|p1a: Serperior|spa|2
|move|p2a: Dog|Earthquake|p1a: Serperior
|-resisted|p1a: Serperior
|-damage|p1a: Serperior|22/100 tox
|
|-damage|p1a: Serperior|0 fnt|[from] psn
|faint|p1a: Serperior
|upkeep
|
|t:|1760365271
|switch|p1a: Minior|Minior-Orange, shiny|100/100
|-formechange|p1a: Minior|Minior-Meteor||[from] ability: Shields Down
|turn|7
|
|t:|1760365276
|move|p1a: Minior|Shell Smash|p1a: Minior
|-unboost|p1a: Minior|def|1
|-unboost|p1a: Minior|spd|1
|-boost|p1a: Minior|atk|2
|-boost|p1a: Minior|spa|2
|-boost|p1a: Minior|spe|2
|-enditem|p1a: Minior|White Herb
|-clearnegativeboost|p1a: Minior|[silent]
|move|p2a: Dog|Toxic|p1a: Minior
|-immune|p1a: Minior|[from] ability: Shields Down
|
|upkeep
|turn|8
|
|t:|1760365284
|move|p1a: Minior|Shell Smash|p1a: Minior
|-unboost|p1a: Minior|def|1
|-unboost|p1a: Minior|spd|1
|-boost|p1a: Minior|atk|2
|-boost|p1a: Minior|spa|2
|-boost|p1a: Minior|spe|2
|move|p2a: Dog|Haze|p2a: Dog
|-clearallboost
|
|upkeep
|turn|9
|
|t:|1760365287
|move|p1a: Minior|Shell Smash|p1a: Minior
|-unboost|p1a: Minior|def|1
|-unboost|p1a: Minior|spd|1
|-boost|p1a: Minior|atk|2
|-boost|p1a: Minior|spa|2
|-boost|p1a: Minior|spe|2
|move|p2a: Dog|Recover|p2a: Dog
|-heal|p2a: Dog|100/100
|
|upkeep
|turn|10
|
|t:|1760365290
|move|p1a: Minior|Earthquake|p2a: Dog
|-supereffective|p2a: Dog
|-damage|p2a: Dog|49/100
|move|p2a: Dog|Haze|p2a: Dog
|-clearallboost
|
|upkeep
|turn|11
|
|t:|1760365294
|move|p1a: Minior|Earthquake|p2a: Dog
|-supereffective|p2a: Dog
|-damage|p2a: Dog|0 fnt
|faint|p2a: Dog
|
|upkeep
|
|t:|1760365302
|switch|p2a: Giraffe|Alomomola, F|100/100
|turn|12
|
|t:|1760365305
|move|p1a: Minior|Shell Smash|p1a: Minior
|-unboost|p1a: Minior|def|1
|-unboost|p1a: Minior|spd|1
|-boost|p1a: Minior|atk|2
|-boost|p1a: Minior|spa|2
|-boost|p1a: Minior|spe|2
|move|p2a: Giraffe|Whirlpool|p1a: Minior
|-supereffective|p1a: Minior
|-damage|p1a: Minior|79/100
|-activate|p1a: Minior|move: Whirlpool|[of] p2a: Giraffe
|
|-damage|p1a: Minior|67/100|[from] move: Whirlpool|[partiallytrapped]
|upkeep
|turn|13
|
|t:|1760365308
|move|p1a: Minior|Acrobatics|p2a: Giraffe
|-damage|p2a: Giraffe|60/100
|move|p2a: Giraffe|Chilling Water|p1a: Minior
|-supereffective|p1a: Minior
|-damage|p1a: Minior|35/100
|-unboost|p1a: Minior|atk|1
|
|-damage|p1a: Minior|23/100|[from] move: Whirlpool|[partiallytrapped]
|-formechange|p1a: Minior|Minior-Orange||[from] ability: Shields Down
|upkeep
|turn|14
|
|t:|1760365322
|move|p2a: Giraffe|Protect|p2a: Giraffe
|-singleturn|p2a: Giraffe|Protect
|move|p1a: Minior|Acrobatics|p2a: Giraffe
|-activate|p2a: Giraffe|move: Protect
|
|-damage|p1a: Minior|10/100|[from] move: Whirlpool|[partiallytrapped]
|upkeep
|turn|15
|
|t:|1760365327
|move|p1a: Minior|Acrobatics|p2a: Giraffe
|-crit|p2a: Giraffe
|-damage|p2a: Giraffe|0 fnt
|faint|p2a: Giraffe
|
|-end|p1a: Minior|Whirlpool|[partiallytrapped]|[silent]
|upkeep
|-message|dr.micheel morb forfeited.
|
|win|pengu_noob
|raw|pengu_noob's rating: 1124 &rarr; <strong>1151</strong><br />(+27 for winning)
|raw|dr.micheel morb's rating: 1147 &rarr; <strong>1120</strong><br />(-27 for losing)
|l|☆dr.micheel morb
|player|p2|
|l|☆pengu_noob
|player|p1|
