|j|☆m3rch3r
|j|☆boldenhauer
|t:|1760453540
|gametype|singles
|player|p1|m3rch3r|veteranf|1450
|player|p2|boldenhauer|169|1415
|gen|9
|tier|[Gen 9] OU
|rated|
|rule|HP Percentage Mod: HP is shown in percentages
|rule|Endless Battle Clause: Forcing endless battles is banned
|rule|Species Clause: Limit one of each Pokémon
|rule|OHKO Clause: OHKO moves are banned
|rule|Evasion Items Clause: Evasion items are banned
|rule|Evasion Moves Clause: Evasion moves are banned
|rule|Evasion Abilities Clause: Evasion abilities are banned
|rule|Sleep Moves Clause: Sleep-inducing moves are banned
|clearpoke
|poke|p1|Dragapult, M|
|poke|p1|Iron Valiant|
|poke|p1|Hoopa-Unbound|
|poke|p1|Registeel|
|poke|p1|Ogerpon-Wellspring, F|
|poke|p1|Landorus-Therian, M|
|poke|p2|Tinkaton, F|
|poke|p2|Zapdos-Galar|
|poke|p2|Kyurem|
|poke|p2|Ting-Lu|
|poke|p2|Gholdengo|
|poke|p2|Morpeko, F|
|teampreview
|inactive|Battle timer is ON: inactive players will automatically lose when time's up. (requested by m3rch3r)
|
|t:|1760453565
|teamsize|p1|6
|teamsize|p2|6
|start
|switch|p1a: Landorus|Landorus-Therian, M|100/100
|switch|p2a: Zapdos|Zapdos-Galar|100/100
|-ability|p1a: Landorus|Intimidate|boost
|-unboost|p2a: Zapdos|atk|1
|-ability|p2a: Zapdos|Defiant|boost
|-boost|p2a: Zapdos|atk|2
|turn|1
|
|t:|1760453587
|move|p1a: Landorus|U-turn|p2a: Zapdos
|-resisted|p2a: Zapdos
|-damage|p2a: Zapdos|94/100
|
|t:|1760453592
|switch|p1a: Registeel|Registeel|100/100|[from] U-turn
|move|p2a: Zapdos|Substitute|p2a: Zapdos
|-start|p2a: Zapdos|Substitute
|-damage|p2a: Zapdos|69/100
|
|-heal|p2a: Zapdos|75/100|[from] item: Leftovers
|upkeep
|turn|2
|
|t:|1760453605
|move|p2a: Zapdos|Bulk Up|p2a: Zapdos
|-boost|p2a: Zapdos|atk|1
|-boost|p2a: Zapdos|def|1
|move|p1a: Registeel|Substitute|p1a: Registeel
|-start|p1a: Registeel|Substitute
|-damage|p1a: Registeel|76/100
|
|-heal|p2a: Zapdos|81/100|[from] item: Leftovers
|upkeep
|turn|3
|
|t:|1760453618
|move|p2a: Zapdos|Bulk Up|p2a: Zapdos
|-boost|p2a: Zapdos|atk|1
|-boost|p2a: Zapdos|def|1
|move|p1a: Registeel|Iron Defense|p1a: Registeel
|-boost|p1a: Registeel|def|2
|
|-heal|p2a: Zapdos|88/100|[from] item: Leftovers
|upkeep
|turn|4
|
|t:|1760453624
|move|p2a: Zapdos|Bulk Up|p2a: Zapdos
|-boost|p2a: Zapdos|atk|1
|-boost|p2a: Zapdos|def|1
|move|p1a: Registeel|Body Press|p2a: Zapdos
|-resisted|p2a: Zapdos
|-activate|p2a: Zapdos|move: Substitute|[damage]
|
|-heal|p2a: Zapdos|94/100|[from] item: Leftovers
|upkeep
|turn|5
|
|t:|1760453635
|move|p2a: Zapdos|Bulk Up|p2a: Zapdos
|-boost|p2a: Zapdos|atk|1
|-boost|p2a: Zapdos|def|1
|move|p1a: Registeel|Iron Defense|p1a: Registeel
|-boost|p1a: Registeel|def|2
|
|-heal|p2a: Zapdos|99/100|[from] item: Leftovers
|upkeep
|turn|6
|
|t:|1760453653
|switch|p1a: Iron Valiant|Iron Valiant|100/100
|-enditem|p1a: Iron Valiant|Booster Energy
|-activate|p1a: Iron Valiant|ability: Quark Drive|[fromitem]
|-start|p1a: Iron Valiant|quarkdrivespe
|move|p2a: Zapdos|Bulk Up|p2a: Zapdos
|-boost|p2a: Zapdos|atk|1
|-boost|p2a: Zapdos|def|1
|
|-heal|p2a: Zapdos|100/100|[from] item: Leftovers
|upkeep
|turn|7
|
|t:|1760453656
|move|p1a: Iron Valiant|Encore|p2a: Zapdos
|-start|p2a: Zapdos|Encore
|move|p2a: Zapdos|Bulk Up|p2a: Zapdos
|-boost|p2a: Zapdos|atk|0
|-boost|p2a: Zapdos|def|1
|
|upkeep
|turn|8
|
|t:|1760453661
|move|p1a: Iron Valiant|Moonblast|p2a: Zapdos
|-supereffective|p2a: Zapdos
|-end|p2a: Zapdos|Substitute
|move|p2a: Zapdos|Bulk Up|p2a: Zapdos
|-boost|p2a: Zapdos|atk|0
|-boost|p2a: Zapdos|def|0
|
|upkeep
|turn|9
|
|t:|1760453664
|switch|p2a: Tinkaton|Tinkaton, F|100/100
|-ability|p2a: Tinkaton|Mold Breaker
|-item|p2a: Tinkaton|Air Balloon
|move|p1a: Iron Valiant|Moonblast|p2a: Tinkaton
|-resisted|p2a: Tinkaton
|-crit|p2a: Tinkaton
|-damage|p2a: Tinkaton|73/100
|-enditem|p2a: Tinkaton|Air Balloon
|
|upkeep
|turn|10
|
|t:|1760453676
|-end|p1a: Iron Valiant|Quark Drive|[silent]
|switch|p1a: Registeel|Registeel|76/100
|move|p2a: Tinkaton|Stealth Rock|p1a: Registeel
|-sidestart|p1: m3rch3r|move: Stealth Rock
|
|upkeep
|turn|11
|
|t:|1760453684
|switch|p2a: Ting-Lu|Ting-Lu|100/100
|-ability|p2a: Ting-Lu|Vessel of Ruin
|move|p1a: Registeel|Thunder Wave|p2a: Ting-Lu
|-immune|p2a: Ting-Lu
|
|upkeep
|turn|12
|
|t:|1760453691
|move|p1a: Registeel|Body Press|p2a: Ting-Lu
|-supereffective|p2a: Ting-Lu
|-damage|p2a: Ting-Lu|73/100
|move|p2a: Ting-Lu|Spikes|p1a: Registeel
|-sidestart|p1: m3rch3r|Spikes
|
|upkeep
|turn|13
|
|t:|1760453697
|switch|p1a: Ogerpon|Ogerpon-Wellspring, F|100/100
|-damage|p1a: Ogerpon|88/100|[from] Stealth Rock
|-damage|p1a: Ogerpon|76/100|[from] Spikes
|move|p2a: Ting-Lu|Earthquake|p1a: Ogerpon
|-resisted|p1a: Ogerpon
|-damage|p1a: Ogerpon|55/100
|
|upkeep
|turn|14
|
|t:|1760453704
|switch|p2a: Kyurem|Kyurem|100/100
|-ability|p2a: Kyurem|Pressure
|move|p1a: Ogerpon|Trailblaze|p2a: Kyurem
|-resisted|p2a: Kyurem
|-damage|p2a: Kyurem|91/100
|-boost|p1a: Ogerpon|spe|1
|
|-heal|p2a: Kyurem|97/100|[from] item: Leftovers
|upkeep
|turn|15
|
|t:|1760453718
|switch|p1a: Registeel|Registeel|76/100
|-damage|p1a: Registeel|70/100|[from] Stealth Rock
|-damage|p1a: Registeel|57/100|[from] Spikes
|move|p2a: Kyurem|Dragon Dance|p2a: Kyurem
|-boost|p2a: Kyurem|atk|1
|-boost|p2a: Kyurem|spe|1
|
|-heal|p2a: Kyurem|100/100|[from] item: Leftovers
|upkeep
|turn|16
|
|t:|1760453727
|switch|p2a: Gholdengo|Gholdengo|100/100
|-item|p2a: Gholdengo|Air Balloon
|move|p1a: Registeel|Body Press|p2a: Gholdengo
|-immune|p2a: Gholdengo
|
|upkeep
|turn|17
|
|t:|1760453734
|switch|p1a: Hoopa|Hoopa-Unbound|100/100
|-damage|p1a: Hoopa|88/100|[from] Stealth Rock
|-damage|p1a: Hoopa|76/100|[from] Spikes
|move|p2a: Gholdengo|Shadow Ball|p1a: Hoopa
|-damage|p1a: Hoopa|53/100
|
|upkeep
|turn|18
|
|t:|1760453744
|switch|p2a: Tinkaton|Tinkaton, F|73/100
|-ability|p2a: Tinkaton|Mold Breaker
|move|p1a: Hoopa|Drain Punch|p2a: Tinkaton
|-damage|p2a: Tinkaton|32/100
|-heal|p1a: Hoopa|75/100|[from] drain|[of] p2a: Tinkaton
|
|upkeep
|turn|19
|
|t:|1760453755
|switch|p1a: Landorus|Landorus-Therian, M|100/100
|-damage|p1a: Landorus|88/100|[from] Stealth Rock
|-ability|p1a: Landorus|Intimidate|boost
|-unboost|p2a: Tinkaton|atk|1
|move|p2a: Tinkaton|Thunder Wave|p1a: Landorus
|-immune|p1a: Landorus
|
|upkeep
|turn|20
|
|t:|1760453768
|move|p1a: Landorus|U-turn|p2a: Tinkaton
|-resisted|p2a: Tinkaton
|-damage|p2a: Tinkaton|23/100
|
|t:|1760453773
|switch|p1a: Registeel|Registeel|57/100|[from] U-turn
|-damage|p1a: Registeel|51/100|[from] Stealth Rock
|-damage|p1a: Registeel|39/100|[from] Spikes
|move|p2a: Tinkaton|Gigaton Hammer|p1a: Registeel
|-resisted|p1a: Registeel
|-damage|p1a: Registeel|30/100
|
|upkeep
|turn|21
|
|t:|1760453785
|switch|p1a: Landorus|Landorus-Therian, M|88/100
|-damage|p1a: Landorus|76/100|[from] Stealth Rock
|-ability|p1a: Landorus|Intimidate|boost
|-unboost|p2a: Tinkaton|atk|1
|move|p2a: Tinkaton|Thunder Wave|p1a: Landorus
|-immune|p1a: Landorus
|
|upkeep
|turn|22
|
|t:|1760453794
|switch|p2a: Zapdos|Zapdos-Galar|100/100
|move|p1a: Landorus|Earthquake|p2a: Zapdos
|-immune|p2a: Zapdos
|
|upkeep
|turn|23
|inactive|boldenhauer has 120 seconds left.
|
|t:|1760453828
|switch|p1a: Registeel|Registeel|30/100
|-damage|p1a: Registeel|24/100|[from] Stealth Rock
|-damage|p1a: Registeel|12/100|[from] Spikes
|move|p2a: Zapdos|Drill Peck|p1a: Registeel
|-resisted|p1a: Registeel
|-damage|p1a: Registeel|2/100
|-damage|p2a: Zapdos|84/100|[from] item: Rocky Helmet|[of] p1a: Registeel
|
|-heal|p2a: Zapdos|90/100|[from] item: Leftovers
|upkeep
|turn|24
|
|t:|1760453842
|move|p2a: Zapdos|Substitute|p2a: Zapdos
|-start|p2a: Zapdos|Substitute
|-damage|p2a: Zapdos|65/100
|move|p1a: Registeel|Body Press|p2a: Zapdos
|-resisted|p2a: Zapdos
|-activate|p2a: Zapdos|move: Substitute|[damage]
|
|-heal|p2a: Zapdos|71/100|[from] item: Leftovers
|upkeep
|turn|25
|
|t:|1760453849
|move|p2a: Zapdos|Drill Peck|p1a: Registeel
|-resisted|p1a: Registeel
|-damage|p1a: Registeel|0 fnt
|-damage|p2a: Zapdos|55/100|[from] item: Rocky Helmet|[of] p1a: Registeel
|faint|p1a: Registeel
|
|-heal|p2a: Zapdos|61/100|[from] item: Leftovers
|upkeep
|
|t:|1760453853
|switch|p1a: Iron Valiant|Iron Valiant|100/100
|-damage|p1a: Iron Valiant|94/100|[from] Stealth Rock
|-damage|p1a: Iron Valiant|82/100|[from] Spikes
|turn|26
|
|t:|1760453862
|-end|p1a: Iron Valiant|Quark Drive|[silent]
|switch|p1a: Landorus|Landorus-Therian, M|76/100
|-damage|p1a: Landorus|64/100|[from] Stealth Rock
|-ability|p1a: Landorus|Intimidate|boost
|-immune|p2a: Zapdos
|move|p2a: Zapdos|Drill Peck|p1a: Landorus
|-damage|p1a: Landorus|23/100
|
|-heal|p2a: Zapdos|67/100|[from] item: Leftovers
|upkeep
|turn|27
|
|t:|1760453868
|move|p1a: Landorus|U-turn|p2a: Zapdos
|-resisted|p2a: Zapdos
|-activate|p2a: Zapdos|move: Substitute|[damage]
|
|t:|1760453872
|switch|p1a: Dragapult|Dragapult, M|100/100|[from] U-turn
|-damage|p1a: Dragapult|88/100|[from] Stealth Rock
|-damage|p1a: Dragapult|76/100|[from] Spikes
|move|p2a: Zapdos|Drill Peck|p1a: Dragapult
|-damage|p1a: Dragapult|27/100
|
|-heal|p2a: Zapdos|73/100|[from] item: Leftovers
|upkeep
|turn|28
|
|t:|1760453880
|switch|p2a: Ting-Lu|Ting-Lu|73/100
|-ability|p2a: Ting-Lu|Vessel of Ruin
|move|p1a: Dragapult|Dragon Darts|p2a: Ting-Lu
|-damage|p2a: Ting-Lu|63/100
|-anim|p1a: Dragapult|Dragon Darts|p2a: Ting-Lu
|-damage|p2a: Ting-Lu|52/100
|
|upkeep
|turn|29
|
|t:|1760453884
|move|p1a: Dragapult|U-turn|p2a: Ting-Lu
|-supereffective|p2a: Ting-Lu
|-damage|p2a: Ting-Lu|31/100
|
|t:|1760453888
|switch|p1a: Ogerpon|Ogerpon-Wellspring, F|55/100|[from] U-turn
|-damage|p1a: Ogerpon|42/100|[from] Stealth Rock
|-damage|p1a: Ogerpon|30/100|[from] Spikes
|move|p2a: Ting-Lu|Whirlwind|p1a: Ogerpon
|drag|p1a: Landorus|Landorus-Therian, M|23/100
|-damage|p1a: Landorus|11/100|[from] Stealth Rock
|-ability|p1a: Landorus|Intimidate|boost
|-unboost|p2a: Ting-Lu|atk|1
|
|upkeep
|turn|30
|
|t:|1760453896
|move|p1a: Landorus|Earthquake|p2a: Ting-Lu
|-damage|p2a: Ting-Lu|7/100
|move|p2a: Ting-Lu|Spikes|p1a: Landorus
|-sidestart|p1: m3rch3r|Spikes
|
|upkeep
|turn|31
|
|t:|1760453899
|move|p1a: Landorus|Earthquake|p2a: Ting-Lu
|-damage|p2a: Ting-Lu|0 fnt
|faint|p2a: Ting-Lu
|
|upkeep
|
|t:|1760453908
|switch|p2a: Zapdos|Zapdos-Galar|73/100
|turn|32
|
|t:|1760453914
|switch|p1a: Iron Valiant|Iron Valiant|82/100
|-damage|p1a: Iron Valiant|76/100|[from] Stealth Rock
|-damage|p1a: Iron Valiant|60/100|[from] Spikes
|move|p2a: Zapdos|Drill Peck|p1a: Iron Valiant
|-supereffective|p1a: Iron Valiant
|-damage|p1a: Iron Valiant|0 fnt
|faint|p1a: Iron Valiant
|-end|p1a: Iron Valiant|Quark Drive|[silent]
|
|-heal|p2a: Zapdos|80/100|[from] item: Leftovers
|upkeep
|
|t:|1760453916
|switch|p1a: Ogerpon|Ogerpon-Wellspring, F|30/100
|-damage|p1a: Ogerpon|18/100|[from] Stealth Rock
|-damage|p1a: Ogerpon|1/100|[from] Spikes
|turn|33
|
|t:|1760453921
|move|p1a: Ogerpon|Ivy Cudgel|p2a: Zapdos|[anim] Ivy Cudgel Water
|-crit|p2a: Zapdos
|-damage|p2a: Zapdos|9/100
|move|p2a: Zapdos|Drill Peck|p1a: Ogerpon
|-supereffective|p1a: Ogerpon
|-damage|p1a: Ogerpon|0 fnt
|faint|p1a: Ogerpon
|
|-heal|p2a: Zapdos|15/100|[from] item: Leftovers
|upkeep
|
|t:|1760453927
|switch|p1a: Dragapult|Dragapult, M|27/100
|-damage|p1a: Dragapult|14/100|[from] Stealth Rock
|-damage|p1a: Dragapult|0 fnt|[from] Spikes
|faint|p1a: Dragapult
|
|t:|1760453929
|switch|p1a: Hoopa|Hoopa-Unbound|75/100
|-damage|p1a: Hoopa|63/100|[from] Stealth Rock
|-damage|p1a: Hoopa|47/100|[from] Spikes
|turn|34
|
|t:|1760453938
|-terastallize|p1a: Hoopa|Poison
|move|p2a: Zapdos|Thunderous Kick|p1a: Hoopa
|-resisted|p1a: Hoopa
|-damage|p1a: Hoopa|12/100
|-unboost|p1a: Hoopa|def|1
|move|p1a: Hoopa|Psychic|p2a: Zapdos
|-supereffective|p2a: Zapdos
|-damage|p2a: Zapdos|0 fnt
|faint|p2a: Zapdos
|
|upkeep
|
|t:|1760453941
|switch|p2a: Morpeko|Morpeko, F|100/100
|turn|35
|
|t:|1760453944
|move|p2a: Morpeko|Aura Wheel|p1a: Hoopa
|-damage|p1a: Hoopa|0 fnt
|-boost|p2a: Morpeko|spe|1
|faint|p1a: Hoopa
|
|-formechange|p2a: Morpeko|Morpeko-Hangry||[from] ability: Hunger Switch
|upkeep
|
|t:|1760453946
|switch|p1a: Landorus|Landorus-Therian, M|11/100
|-damage|p1a: Landorus|0 fnt|[from] Stealth Rock
|faint|p1a: Landorus
|
|win|boldenhauer
|raw|m3rch3r's rating: 1450 &rarr; <strong>1427</strong><br />(-23 for losing)
|raw|boldenhauer's rating: 1398 &rarr; <strong>1421</strong><br />(+23 for winning)
|l|☆boldenhauer
|player|p2|
