|j|☆bmove
|j|‽Ehrenpabbykappa
|t:|1760364322
|gametype|singles
|player|p1|bmove|170|1221
|player|p2|Ehrenpabbykappa|169|1227
|gen|9
|tier|[Gen 9] OU
|rated|
|rule|HP Percentage Mod: HP is shown in percentages
|rule|Endless Battle Clause: Forcing endless battles is banned
|rule|Species Clause: Limit one of each Pokémon
|rule|OHKO Clause: OHKO moves are banned
|rule|Evasion Items Clause: Evasion items are banned
|rule|Evasion Moves Clause: Evasion moves are banned
|rule|Evasion Abilities Clause: Evasion abilities are banned
|rule|Sleep Moves Clause: Sleep-inducing moves are banned
|clearpoke
|poke|p1|Deoxys-Speed|
|poke|p1|Indeedee, M|
|poke|p1|Armarouge, M|
|poke|p1|Hawlucha, M|
|poke|p1|Great Tusk|
|poke|p1|Primarina, F|
|poke|p2|Gliscor, F|
|poke|p2|Ditto|
|poke|p2|Salazzle, F|
|poke|p2|Gengar, F|
|poke|p2|Clodsire, M|
|poke|p2|Kingambit, M|
|teampreview
|inactive|Battle timer is ON: inactive players will automatically lose when time's up. (requested by Ehrenpabbykappa)
|
|t:|1760364336
|teamsize|p1|6
|teamsize|p2|6
|start
|switch|p1a: Great Tusk|Great Tusk|100/100
|switch|p2a: Gliscor|Gliscor, F|100/100
|turn|1
|
|t:|1760364343
|move|p2a: Gliscor|Protect|p2a: Gliscor
|-singleturn|p2a: Gliscor|Protect
|move|p1a: Great Tusk|Knock Off|p2a: Gliscor
|-activate|p2a: Gliscor|move: Protect
|
|-status|p2a: Gliscor|tox|[from] item: Toxic Orb
|upkeep
|turn|2
|
|t:|1760364349
|-terastallize|p2a: Gliscor|Ground
|move|p2a: Gliscor|Swords Dance|p2a: Gliscor
|-boost|p2a: Gliscor|atk|2
|move|p1a: Great Tusk|Stealth Rock|p2a: Gliscor
|-sidestart|p2: Ehrenpabbykappa|move: Stealth Rock
|
|upkeep
|turn|3
|
|t:|1760364357
|move|p2a: Gliscor|Earthquake|p1a: Great Tusk
|-damage|p1a: Great Tusk|48/100
|move|p1a: Great Tusk|Body Press|p2a: Gliscor
|-damage|p2a: Gliscor|54/100 tox
|
|-heal|p2a: Gliscor|66/100 tox|[from] ability: Poison Heal
|upkeep
|turn|4
|
|t:|1760364362
|-end|p1a: Great Tusk|Protosynthesis|[silent]
|switch|p1a: Hawlucha|Hawlucha, M|100/100
|move|p2a: Gliscor|Earthquake|p1a: Hawlucha
|-immune|p1a: Hawlucha
|
|-heal|p2a: Gliscor|79/100 tox|[from] ability: Poison Heal
|upkeep
|turn|5
|
|t:|1760364377
|switch|p1a: Indeedee|Indeedee, M|100/100
|-fieldstart|move: Psychic Terrain|[from] ability: Psychic Surge|[of] p1a: Indeedee
|move|p2a: Gliscor|Knock Off|p1a: Indeedee
|-supereffective|p1a: Indeedee
|-damage|p1a: Indeedee|0 fnt
|-enditem|p1a: Indeedee|Choice Scarf|[from] move: Knock Off|[of] p2a: Gliscor
|faint|p1a: Indeedee
|
|-heal|p2a: Gliscor|91/100 tox|[from] ability: Poison Heal
|upkeep
|
|t:|1760364395
|switch|p1a: Hawlucha|Hawlucha, M|100/100
|-enditem|p1a: Hawlucha|Psychic Seed
|-boost|p1a: Hawlucha|spd|1|[from] item: Psychic Seed
|turn|6
|
|t:|1760364412
|move|p1a: Hawlucha|Swords Dance|p1a: Hawlucha
|-boost|p1a: Hawlucha|atk|2
|move|p2a: Gliscor|Knock Off|p1a: Hawlucha
|-resisted|p1a: Hawlucha
|-damage|p1a: Hawlucha|73/100
|
|-heal|p2a: Gliscor|100/100 tox|[from] ability: Poison Heal
|upkeep
|turn|7
|
|t:|1760364424
|move|p2a: Gliscor|Protect|p2a: Gliscor
|-singleturn|p2a: Gliscor|Protect
|move|p1a: Hawlucha|Swords Dance|p1a: Hawlucha
|-boost|p1a: Hawlucha|atk|2
|
|upkeep
|turn|8
|
|t:|1760364428
|move|p1a: Hawlucha|Acrobatics|p2a: Gliscor
|-damage|p2a: Gliscor|0 fnt
|faint|p2a: Gliscor
|
|upkeep
|
|t:|1760364431
|switch|p2a: Ditto|Ditto|100/100
|-damage|p2a: Ditto|88/100|[from] Stealth Rock
|-transform|p2a: Ditto|p1a: Hawlucha|[from] ability: Imposter
|turn|9
|
|t:|1760364435
|move|p1a: Hawlucha|Acrobatics|p2a: Ditto
|-supereffective|p2a: Ditto
|-damage|p2a: Ditto|0 fnt
|faint|p2a: Ditto
|
|-fieldend|move: Psychic Terrain
|upkeep
|
|t:|1760364441
|switch|p2a: Clodsire|Clodsire, M|100/100
|-damage|p2a: Clodsire|94/100|[from] Stealth Rock
|turn|10
|
|t:|1760364449
|move|p1a: Hawlucha|Acrobatics|p2a: Clodsire
|-damage|p2a: Clodsire|0 fnt
|faint|p2a: Clodsire
|
|upkeep
|
|t:|1760364455
|switch|p2a: Salazzle|Salazzle, F|100/100
|-damage|p2a: Salazzle|76/100|[from] Stealth Rock
|turn|11
|
|t:|1760364459
|move|p2a: Salazzle|Protect|p2a: Salazzle
|-singleturn|p2a: Salazzle|Protect
|move|p1a: Hawlucha|Acrobatics|p2a: Salazzle
|-activate|p2a: Salazzle|move: Protect
|
|-heal|p2a: Salazzle|82/100|[from] item: Leftovers
|upkeep
|turn|12
|
|t:|1760364469
|move|p1a: Hawlucha|Acrobatics|p2a: Salazzle
|-damage|p2a: Salazzle|0 fnt
|faint|p2a: Salazzle
|
|upkeep
|
|t:|1760364474
|switch|p2a: Gengar|Gengar, F|100/100
|-damage|p2a: Gengar|88/100|[from] Stealth Rock
|turn|13
|
|t:|1760364477
|move|p1a: Hawlucha|Acrobatics|p2a: Gengar
|-damage|p2a: Gengar|0 fnt
|faint|p2a: Gengar
|
|upkeep
|
|t:|1760364479
|switch|p2a: Kingambit|Kingambit, M|100/100
|-activate|p2a: Kingambit|ability: Supreme Overlord
|-start|p2a: Kingambit|fallen5|[silent]
|turn|14
|
|t:|1760364483
|move|p1a: Hawlucha|Close Combat|p2a: Kingambit
|-supereffective|p2a: Kingambit
|-damage|p2a: Kingambit|0 fnt
|-unboost|p1a: Hawlucha|def|1
|-unboost|p1a: Hawlucha|spd|1
|faint|p2a: Kingambit
|-end|p2a: Kingambit|fallen5|[silent]
|
|win|bmove
|raw|bmove's rating: 1221 &rarr; <strong>1246</strong><br />(+25 for winning)
|raw|Ehrenpabbykappa's rating: 1227 &rarr; <strong>1202</strong><br />(-25 for losing)
|l|‽Ehrenpabbykappa
|player|p2|
