|j|☆ydkmdenji
|j|☆GreninjaGlazer53
|t:|1760379719
|gametype|singles
|player|p1|ydkmdenji|miku-ghost|1234
|player|p2|GreninjaGlazer53|firebreather|1308
|gen|9
|tier|[Gen 9] OU
|rated|
|rule|HP Percentage Mod: HP is shown in percentages
|rule|Endless Battle Clause: Forcing endless battles is banned
|rule|Species Clause: Limit one of each Pokémon
|rule|OHKO Clause: OHKO moves are banned
|rule|Evasion Items Clause: Evasion items are banned
|rule|Evasion Moves Clause: Evasion moves are banned
|rule|Evasion Abilities Clause: Evasion abilities are banned
|rule|Sleep Moves Clause: Sleep-inducing moves are banned
|clearpoke
|poke|p1|Ninetales-Alola, F|
|poke|p1|Cetitan, M|
|poke|p1|Slowking, M|
|poke|p1|Avalugg, F|
|poke|p1|Cinderace, F|
|poke|p1|Scizor, F|
|poke|p2|Rillaboom, M|
|poke|p2|Great Tusk|
|poke|p2|Garganacl, F|
|poke|p2|Hatterene, F|
|poke|p2|Ting-Lu|
|poke|p2|Dragonite, F|
|teampreview
|inactive|Battle timer is ON: inactive players will automatically lose when time's up. (requested by GreninjaGlazer53)
|
|t:|1760379802
|teamsize|p1|6
|teamsize|p2|6
|start
|switch|p1a: Scizor|Scizor, F|100/100
|switch|p2a: Garganacl|Garganacl, F|100/100
|turn|1
|
|t:|1760379810
|switch|p2a: Great Tusk|Great Tusk|100/100
|-enditem|p2a: Great Tusk|Booster Energy
|-activate|p2a: Great Tusk|ability: Protosynthesis|[fromitem]
|-start|p2a: Great Tusk|protosynthesisspe
|move|p1a: Scizor|Bullet Punch|p2a: Great Tusk
|-damage|p2a: Great Tusk|80/100
|
|upkeep
|turn|2
|
|t:|1760379815
|move|p2a: Great Tusk|Bulk Up|p2a: Great Tusk
|-boost|p2a: Great Tusk|atk|1
|-boost|p2a: Great Tusk|def|1
|move|p1a: Scizor|U-turn|p2a: Great Tusk
|-resisted|p2a: Great Tusk
|-damage|p2a: Great Tusk|71/100
|
|t:|1760379831
|switch|p1a: Ninetales|Ninetales-Alola, F, shiny|100/100|[from] U-turn
|-weather|Snowscape|[from] ability: Snow Warning|[of] p1a: Ninetales
|
|-weather|Snowscape|[upkeep]
|upkeep
|turn|3
|
|t:|1760379838
|move|p2a: Great Tusk|Headlong Rush|p1a: Ninetales
|-damage|p1a: Ninetales|38/100
|-unboost|p2a: Great Tusk|def|1
|-unboost|p2a: Great Tusk|spd|1
|move|p1a: Ninetales|Aurora Veil|p1a: Ninetales
|-sidestart|p1: ydkmdenji|move: Aurora Veil
|
|-weather|Snowscape|[upkeep]
|upkeep
|turn|4
|
|t:|1760379848
|switch|p1a: Avalugg|Avalugg, F|100/100
|move|p2a: Great Tusk|Headlong Rush|p1a: Avalugg
|-damage|p1a: Avalugg|91/100
|-unboost|p2a: Great Tusk|def|1
|-unboost|p2a: Great Tusk|spd|1
|-damage|p2a: Great Tusk|55/100|[from] item: Rocky Helmet|[of] p1a: Avalugg
|
|-weather|Snowscape|[upkeep]
|-heal|p1a: Avalugg|97/100|[from] ability: Ice Body
|upkeep
|turn|5
|
|t:|1760379860
|-end|p2a: Great Tusk|Protosynthesis|[silent]
|switch|p2a: Garganacl|Garganacl, F|100/100
|move|p1a: Avalugg|Iron Defense|p1a: Avalugg
|-boost|p1a: Avalugg|def|2
|
|-weather|Snowscape|[upkeep]
|-heal|p1a: Avalugg|100/100|[from] ability: Ice Body
|upkeep
|turn|6
|
|t:|1760379869
|-terastallize|p2a: Garganacl|Water
|move|p2a: Garganacl|Salt Cure|p1a: Avalugg
|-supereffective|p1a: Avalugg
|-damage|p1a: Avalugg|98/100
|-start|p1a: Avalugg|Salt Cure
|move|p1a: Avalugg|Body Press|p2a: Garganacl
|-damage|p2a: Garganacl|51/100
|
|-weather|none
|-heal|p2a: Garganacl|58/100|[from] item: Leftovers
|-damage|p1a: Avalugg|86/100|[from] Salt Cure
|upkeep
|turn|7
|
|t:|1760379879
|move|p2a: Garganacl|Recover|p2a: Garganacl
|-heal|p2a: Garganacl|100/100
|move|p1a: Avalugg|Iron Defense|p1a: Avalugg
|-boost|p1a: Avalugg|def|2
|
|-damage|p1a: Avalugg|73/100|[from] Salt Cure
|upkeep
|turn|8
|
|t:|1760379888
|move|p2a: Garganacl|Protect|p2a: Garganacl
|-singleturn|p2a: Garganacl|Protect
|move|p1a: Avalugg|Snowscape|p1a: Avalugg
|-weather|Snowscape
|
|-weather|Snowscape|[upkeep]
|-heal|p1a: Avalugg|79/100|[from] ability: Ice Body
|-damage|p1a: Avalugg|67/100|[from] Salt Cure
|upkeep
|turn|9
|
|t:|1760379911
|move|p2a: Garganacl|Protect||[still]
|-fail|p2a: Garganacl
|move|p1a: Avalugg|Body Press|p2a: Garganacl
|-damage|p2a: Garganacl|17/100
|
|-weather|Snowscape|[upkeep]
|-heal|p1a: Avalugg|73/100|[from] ability: Ice Body
|-heal|p2a: Garganacl|24/100|[from] item: Leftovers
|-damage|p1a: Avalugg|61/100|[from] Salt Cure
|upkeep
|turn|10
|
|t:|1760379920
|switch|p2a: Dragonite|Dragonite, F|100/100
|move|p1a: Avalugg|Iron Defense|p1a: Avalugg
|-boost|p1a: Avalugg|def|2
|
|-weather|Snowscape|[upkeep]
|-heal|p1a: Avalugg|67/100|[from] ability: Ice Body
|-damage|p1a: Avalugg|54/100|[from] Salt Cure
|-sideend|p1: ydkmdenji|move: Aurora Veil
|upkeep
|turn|11
|
|t:|1760379926
|move|p2a: Dragonite|Encore|p1a: Avalugg
|-start|p1a: Avalugg|Encore
|move|p1a: Avalugg|Iron Defense|p1a: Avalugg
|-boost|p1a: Avalugg|def|0
|
|-weather|Snowscape|[upkeep]
|-heal|p1a: Avalugg|60/100|[from] ability: Ice Body
|-damage|p1a: Avalugg|48/100|[from] Salt Cure
|upkeep
|turn|12
|
|t:|1760379939
|switch|p1a: Ninetales|Ninetales-Alola, F, shiny|38/100
|move|p2a: Dragonite|Tera Blast|p1a: Ninetales
|-damage|p1a: Ninetales|22/100
|
|-weather|none
|upkeep
|turn|13
|
|t:|1760379946
|move|p1a: Ninetales|Moonblast|p2a: Dragonite
|-supereffective|p2a: Dragonite
|-damage|p2a: Dragonite|70/100
|-unboost|p2a: Dragonite|spa|1
|move|p2a: Dragonite|Earthquake|p1a: Ninetales
|-damage|p1a: Ninetales|0 fnt
|faint|p1a: Ninetales
|
|upkeep
|
|t:|1760379954
|switch|p1a: Slowking|Slowking, M|100/100
|turn|14
|
|t:|1760379961
|move|p2a: Dragonite|Dragon Dance|p2a: Dragonite
|-boost|p2a: Dragonite|atk|1
|-boost|p2a: Dragonite|spe|1
|-prepare|p1a: Slowking|Chilly Reception|[premajor]
|move|p1a: Slowking|Chilly Reception|p1a: Slowking
|-weather|Snowscape
|
|t:|1760379968
|switch|p1a: Cetitan|Cetitan, M, shiny|100/100|[from] Chilly Reception
|
|-weather|Snowscape|[upkeep]
|upkeep
|turn|15
|
|t:|1760379991
|move|p1a: Cetitan|Ice Shard|p2a: Dragonite
|-supereffective|p2a: Dragonite
|-damage|p2a: Dragonite|0 fnt
|faint|p2a: Dragonite
|
|-weather|Snowscape|[upkeep]
|upkeep
|
|t:|1760380000
|switch|p2a: Garganacl|Garganacl, F, tera:Water|24/100
|turn|16
|
|t:|1760380009
|switch|p1a: Avalugg|Avalugg, F|48/100
|move|p2a: Garganacl|Recover|p2a: Garganacl
|-heal|p2a: Garganacl|74/100
|
|-weather|Snowscape|[upkeep]
|-heal|p1a: Avalugg|54/100|[from] ability: Ice Body
|-heal|p2a: Garganacl|80/100|[from] item: Leftovers
|upkeep
|turn|17
|
|t:|1760380026
|switch|p1a: Scizor|Scizor, F|100/100
|move|p2a: Garganacl|Salt Cure|p1a: Scizor
|-damage|p1a: Scizor|87/100
|-start|p1a: Scizor|Salt Cure
|
|-weather|Snowscape|[upkeep]
|-heal|p2a: Garganacl|86/100|[from] item: Leftovers
|-damage|p1a: Scizor|63/100|[from] Salt Cure
|upkeep
|turn|18
|
|t:|1760380033
|move|p1a: Scizor|Knock Off|p2a: Garganacl
|-damage|p2a: Garganacl|62/100
|-enditem|p2a: Garganacl|Leftovers|[from] move: Knock Off|[of] p1a: Scizor
|move|p2a: Garganacl|Curse|p2a: Garganacl
|-unboost|p2a: Garganacl|spe|1
|-boost|p2a: Garganacl|atk|1
|-boost|p2a: Garganacl|def|1
|
|-weather|none
|-damage|p1a: Scizor|38/100|[from] Salt Cure
|upkeep
|-enditem|p1a: Scizor|Sitrus Berry|[eat]
|-heal|p1a: Scizor|63/100|[from] item: Sitrus Berry
|turn|19
|
|t:|1760380039
|move|p1a: Scizor|U-turn|p2a: Garganacl
|-damage|p2a: Garganacl|45/100
|
|t:|1760380044
|switch|p1a: Slowking|Slowking, M|100/100|[from] U-turn
|move|p2a: Garganacl|Salt Cure|p1a: Slowking
|-damage|p1a: Slowking|80/100
|-start|p1a: Slowking|Salt Cure
|
|-damage|p1a: Slowking|56/100|[from] Salt Cure
|upkeep
|turn|20
|
|t:|1760380052
|move|p2a: Garganacl|Recover|p2a: Garganacl
|-heal|p2a: Garganacl|95/100
|-prepare|p1a: Slowking|Chilly Reception|[premajor]
|move|p1a: Slowking|Chilly Reception|p1a: Slowking
|-weather|Snowscape
|
|t:|1760380057
|switch|p1a: Cetitan|Cetitan, M, shiny|100/100|[from] Chilly Reception
|
|-weather|Snowscape|[upkeep]
|upkeep
|turn|21
|
|t:|1760380064
|-terastallize|p1a: Cetitan|Electric
|move|p1a: Cetitan|Tera Blast|p2a: Garganacl|[anim] Tera Blast Electric
|-supereffective|p2a: Garganacl
|-damage|p2a: Garganacl|44/100
|move|p2a: Garganacl|Salt Cure|p1a: Cetitan
|-damage|p1a: Cetitan|83/100
|-start|p1a: Cetitan|Salt Cure
|
|-weather|Snowscape|[upkeep]
|-damage|p1a: Cetitan|70/100|[from] Salt Cure
|upkeep
|turn|22
|
|t:|1760380072
|move|p2a: Garganacl|Protect|p2a: Garganacl
|-singleturn|p2a: Garganacl|Protect
|move|p1a: Cetitan|Tera Blast|p2a: Garganacl|[anim] Tera Blast Electric
|-activate|p2a: Garganacl|move: Protect
|
|-weather|Snowscape|[upkeep]
|-damage|p1a: Cetitan|58/100|[from] Salt Cure
|upkeep
|turn|23
|
|t:|1760380077
|switch|p1a: Avalugg|Avalugg, F|54/100
|switch|p2a: Rillaboom|Rillaboom, M|100/100
|-fieldstart|move: Grassy Terrain|[from] ability: Grassy Surge|[of] p2a: Rillaboom
|
|-weather|Snowscape|[upkeep]
|-heal|p1a: Avalugg|60/100|[from] ability: Ice Body
|-heal|p1a: Avalugg|66/100|[from] Grassy Terrain
|upkeep
|turn|24
|
|t:|1760380093
|move|p2a: Rillaboom|U-turn|p1a: Avalugg
|-damage|p1a: Avalugg|57/100
|-damage|p2a: Rillaboom|84/100|[from] item: Rocky Helmet|[of] p1a: Avalugg
|
|t:|1760380094
|switch|p2a: Hatterene|Hatterene, F|100/100|[from] U-turn
|move|p1a: Avalugg|Iron Defense|p1a: Avalugg
|-boost|p1a: Avalugg|def|2
|
|-weather|none
|-heal|p1a: Avalugg|63/100|[from] Grassy Terrain
|upkeep
|turn|25
|
|t:|1760380103
|switch|p1a: Slowking|Slowking, M|89/100
|move|p2a: Hatterene|Mystical Fire|p1a: Slowking
|-resisted|p1a: Slowking
|-damage|p1a: Slowking|81/100
|-unboost|p1a: Slowking|spa|1
|
|-heal|p1a: Slowking|87/100|[from] Grassy Terrain
|upkeep
|turn|26
|
|t:|1760380115
|move|p2a: Hatterene|Draining Kiss|p1a: Slowking
|-damage|p1a: Slowking|70/100
|move|p1a: Slowking|Future Sight|p2a: Hatterene
|-start|p1a: Slowking|move: Future Sight
|
|-heal|p1a: Slowking|76/100|[from] Grassy Terrain
|upkeep
|turn|27
|
|t:|1760380125
|move|p2a: Hatterene|Draining Kiss|p1a: Slowking
|-damage|p1a: Slowking|60/100
|-prepare|p1a: Slowking|Chilly Reception|[premajor]
|move|p1a: Slowking|Chilly Reception|p1a: Slowking
|-weather|Snowscape
|
|t:|1760380137
|switch|p1a: Cetitan|Cetitan, M, shiny, tera:Electric|58/100|[from] Chilly Reception
|
|-weather|Snowscape|[upkeep]
|-heal|p1a: Cetitan|64/100|[from] Grassy Terrain
|-fieldend|move: Grassy Terrain
|upkeep
|turn|28
|
|t:|1760380145
|move|p1a: Cetitan|Icicle Crash|p2a: Hatterene
|-damage|p2a: Hatterene|37/100
|move|p2a: Hatterene|Draining Kiss|p1a: Cetitan
|-damage|p1a: Cetitan|37/100
|-heal|p2a: Hatterene|72/100|[from] drain|[of] p1a: Cetitan
|
|-weather|Snowscape|[upkeep]
|-end|p2a: Hatterene|move: Future Sight
|-resisted|p2a: Hatterene
|-damage|p2a: Hatterene|59/100
|upkeep
|turn|29
|
|t:|1760380155
|move|p1a: Cetitan|Icicle Crash|p2a: Hatterene
|-damage|p2a: Hatterene|0 fnt
|faint|p2a: Hatterene
|
|-weather|Snowscape|[upkeep]
|upkeep
|
|t:|1760380159
|switch|p2a: Rillaboom|Rillaboom, M|84/100
|-fieldstart|move: Grassy Terrain|[from] ability: Grassy Surge|[of] p2a: Rillaboom
|turn|30
|
|t:|1760380172
|move|p2a: Rillaboom|Grassy Glide|p1a: Cetitan
|-damage|p1a: Cetitan|0 fnt
|faint|p1a: Cetitan
|
|-weather|Snowscape|[upkeep]
|-heal|p2a: Rillaboom|90/100|[from] Grassy Terrain
|upkeep
|
|t:|1760380189
|switch|p1a: Avalugg|Avalugg, F|63/100
|turn|31
|
|t:|1760380194
|switch|p2a: Garganacl|Garganacl, F, tera:Water|44/100
|move|p1a: Avalugg|Iron Defense|p1a: Avalugg
|-boost|p1a: Avalugg|def|2
|
|-weather|none
|-heal|p2a: Garganacl|50/100|[from] Grassy Terrain
|-heal|p1a: Avalugg|69/100|[from] Grassy Terrain
|upkeep
|turn|32
|
|t:|1760380203
|move|p2a: Garganacl|Protect|p2a: Garganacl
|-singleturn|p2a: Garganacl|Protect
|move|p1a: Avalugg|Snowscape|p1a: Avalugg
|-weather|Snowscape
|
|-weather|Snowscape|[upkeep]
|-heal|p1a: Avalugg|75/100|[from] ability: Ice Body
|-heal|p2a: Garganacl|56/100|[from] Grassy Terrain
|-heal|p1a: Avalugg|81/100|[from] Grassy Terrain
|upkeep
|turn|33
|
|t:|1760380215
|move|p2a: Garganacl|Recover|p2a: Garganacl
|-heal|p2a: Garganacl|100/100
|move|p1a: Avalugg|Body Press|p2a: Garganacl
|-damage|p2a: Garganacl|50/100
|
|-weather|Snowscape|[upkeep]
|-heal|p1a: Avalugg|87/100|[from] ability: Ice Body
|-heal|p2a: Garganacl|56/100|[from] Grassy Terrain
|-heal|p1a: Avalugg|93/100|[from] Grassy Terrain
|upkeep
|turn|34
|
|t:|1760380221
|move|p2a: Garganacl|Salt Cure|p1a: Avalugg
|-supereffective|p1a: Avalugg
|-damage|p1a: Avalugg|89/100
|-start|p1a: Avalugg|Salt Cure
|move|p1a: Avalugg|Iron Defense|p1a: Avalugg
|-boost|p1a: Avalugg|def|2
|
|-weather|Snowscape|[upkeep]
|-heal|p1a: Avalugg|95/100|[from] ability: Ice Body
|-heal|p2a: Garganacl|62/100|[from] Grassy Terrain
|-heal|p1a: Avalugg|100/100|[from] Grassy Terrain
|-damage|p1a: Avalugg|88/100|[from] Salt Cure
|-fieldend|move: Grassy Terrain
|upkeep
|turn|35
|
|t:|1760380228
|move|p2a: Garganacl|Recover|p2a: Garganacl
|-heal|p2a: Garganacl|100/100
|move|p1a: Avalugg|Iron Defense|p1a: Avalugg
|-boost|p1a: Avalugg|def|2
|
|-weather|Snowscape|[upkeep]
|-heal|p1a: Avalugg|94/100|[from] ability: Ice Body
|-damage|p1a: Avalugg|82/100|[from] Salt Cure
|upkeep
|turn|36
|
|t:|1760380239
|move|p2a: Garganacl|Protect|p2a: Garganacl
|-singleturn|p2a: Garganacl|Protect
|move|p1a: Avalugg|Rapid Spin|p2a: Garganacl
|-activate|p2a: Garganacl|move: Protect
|
|-weather|none
|-damage|p1a: Avalugg|69/100|[from] Salt Cure
|upkeep
|turn|37
|
|t:|1760380259
|move|p2a: Garganacl|Salt Cure|p1a: Avalugg
|-supereffective|p1a: Avalugg
|-damage|p1a: Avalugg|66/100
|move|p1a: Avalugg|Body Press|p2a: Garganacl
|-damage|p2a: Garganacl|0 fnt
|faint|p2a: Garganacl
|
|-damage|p1a: Avalugg|54/100|[from] Salt Cure
|upkeep
|
|t:|1760380270
|switch|p2a: Ting-Lu|Ting-Lu|100/100
|-ability|p2a: Ting-Lu|Vessel of Ruin
|turn|38
|
|t:|1760380278
|move|p2a: Ting-Lu|Ruination|p1a: Avalugg
|-damage|p1a: Avalugg|27/100
|move|p1a: Avalugg|Snowscape|p1a: Avalugg
|-weather|Snowscape
|
|-weather|Snowscape|[upkeep]
|-heal|p1a: Avalugg|33/100|[from] ability: Ice Body
|-damage|p1a: Avalugg|21/100|[from] Salt Cure
|upkeep
|turn|39
|
|t:|1760380286
|move|p1a: Avalugg|Body Press|p2a: Ting-Lu
|-supereffective|p2a: Ting-Lu
|-damage|p2a: Ting-Lu|0 fnt
|faint|p2a: Ting-Lu
|
|-weather|Snowscape|[upkeep]
|-heal|p1a: Avalugg|27/100|[from] ability: Ice Body
|-damage|p1a: Avalugg|14/100|[from] Salt Cure
|upkeep
|
|t:|1760380306
|switch|p2a: Great Tusk|Great Tusk|55/100
|turn|40
|
|t:|1760380310
|move|p2a: Great Tusk|Headlong Rush|p1a: Avalugg
|-damage|p1a: Avalugg|11/100
|-unboost|p2a: Great Tusk|def|1
|-unboost|p2a: Great Tusk|spd|1
|-damage|p2a: Great Tusk|38/100|[from] item: Rocky Helmet|[of] p1a: Avalugg
|move|p1a: Avalugg|Body Press|p2a: Great Tusk
|-damage|p2a: Great Tusk|0 fnt
|faint|p2a: Great Tusk
|-end|p2a: Great Tusk|Protosynthesis|[silent]
|
|-weather|Snowscape|[upkeep]
|-heal|p1a: Avalugg|17/100|[from] ability: Ice Body
|-damage|p1a: Avalugg|5/100|[from] Salt Cure
|upkeep
|
|t:|1760380315
|switch|p2a: Rillaboom|Rillaboom, M|90/100
|-fieldstart|move: Grassy Terrain|[from] ability: Grassy Surge|[of] p2a: Rillaboom
|turn|41
|
|t:|1760380328
|move|p2a: Rillaboom|Wood Hammer|p1a: Avalugg
|-damage|p1a: Avalugg|0 fnt
|-damage|p2a: Rillaboom|74/100|[from] item: Rocky Helmet|[of] p1a: Avalugg
|faint|p1a: Avalugg
|-damage|p2a: Rillaboom|72/100|[from] Recoil
|
|-weather|Snowscape|[upkeep]
|-heal|p2a: Rillaboom|78/100|[from] Grassy Terrain
|upkeep
|
|t:|1760380335
|switch|p1a: Cinderace|Cinderace, F|100/100
|turn|42
|
|t:|1760380339
|move|p1a: Cinderace|U-turn|p2a: Rillaboom
|-start|p1a: Cinderace|typechange|Bug|[from] ability: Libero
|-supereffective|p2a: Rillaboom
|-damage|p2a: Rillaboom|5/100
|
|t:|1760380343
|switch|p1a: Scizor|Scizor, F|63/100|[from] U-turn
|move|p2a: Rillaboom|Wood Hammer|p1a: Scizor
|-resisted|p1a: Scizor
|-damage|p1a: Scizor|35/100
|-damage|p2a: Rillaboom|0 fnt|[from] Recoil
|faint|p2a: Rillaboom
|
|win|ydkmdenji
|raw|ydkmdenji's rating: 1234 &rarr; <strong>1264</strong><br />(+30 for winning)
|raw|GreninjaGlazer53's rating: 1308 &rarr; <strong>1284</strong><br />(-24 for losing)
|l|☆ydkmdenji
|player|p1|
