|j|☆Minytank
|j|☆xen769
|t:|1760320087
|gametype|singles
|player|p1|Minytank|170|1430
|player|p2|xen769|medium|1383
|gen|9
|tier|[Gen 9] OU
|rated|
|rule|HP Percentage Mod: HP is shown in percentages
|rule|Endless Battle Clause: Forcing endless battles is banned
|rule|Species Clause: Limit one of each Pokémon
|rule|OHKO Clause: OHKO moves are banned
|rule|Evasion Items Clause: Evasion items are banned
|rule|Evasion Moves Clause: Evasion moves are banned
|rule|Evasion Abilities Clause: Evasion abilities are banned
|rule|Sleep Moves Clause: Sleep-inducing moves are banned
|clearpoke
|poke|p1|Alomomola, M|
|poke|p1|Garganacl, F|
|poke|p1|Goodra-Hisui, M|
|poke|p1|Landorus-Therian, M|
|poke|p1|Corviknight, M|
|poke|p1|Florges, F|
|poke|p2|Torkoal, M|
|poke|p2|Walking Wake|
|poke|p2|Cresselia, F|
|poke|p2|Great Tusk|
|poke|p2|Venusaur, F|
|poke|p2|Sandy Shocks|
|teampreview
|inactive|Battle timer is ON: inactive players will automatically lose when time's up. (requested by Minytank)
|
|t:|1760320094
|teamsize|p1|6
|teamsize|p2|6
|start
|switch|p1a: Landorus|Landorus-Therian, M|100/100
|switch|p2a: Torkoal|Torkoal, M|100/100
|-ability|p1a: Landorus|Intimidate|boost
|-unboost|p2a: Torkoal|atk|1
|-weather|SunnyDay|[from] ability: Drought|[of] p2a: Torkoal
|turn|1
|
|t:|1760320103
|switch|p2a: Cresselia|Cresselia, F|100/100
|move|p1a: Landorus|Earthquake|p2a: Cresselia
|-immune|p2a: Cresselia|[from] ability: Levitate
|
|-weather|SunnyDay|[upkeep]
|upkeep
|turn|2
|
|t:|1760320109
|switch|p1a: Goodra|Goodra-Hisui, M|100/100
|move|p2a: Cresselia|Calm Mind|p2a: Cresselia
|-boost|p2a: Cresselia|spa|1
|-boost|p2a: Cresselia|spd|1
|
|-weather|SunnyDay|[upkeep]
|upkeep
|turn|3
|
|t:|1760320115
|move|p2a: Cresselia|Moonblast|p1a: Goodra
|-damage|p1a: Goodra|90/100
|move|p1a: Goodra|Knock Off|p2a: Cresselia
|-supereffective|p2a: Cresselia
|-damage|p2a: Cresselia|74/100
|-enditem|p2a: Cresselia|Weakness Policy
|-boost|p2a: Cresselia|atk|2|[from] item: Weakness Policy
|-boost|p2a: Cresselia|spa|2|[from] item: Weakness Policy
|
|-weather|SunnyDay|[upkeep]
|upkeep
|turn|4
|
|t:|1760320120
|move|p2a: Cresselia|Stored Power|p1a: Goodra
|-resisted|p1a: Goodra
|-damage|p1a: Goodra|70/100
|move|p1a: Goodra|Dragon Tail|p2a: Cresselia
|-damage|p2a: Cresselia|62/100
|drag|p2a: Venusaur|Venusaur, F|100/100
|
|-weather|SunnyDay|[upkeep]
|upkeep
|turn|5
|
|t:|1760320132
|move|p2a: Venusaur|Earth Power|p1a: Goodra
|-supereffective|p1a: Goodra
|-damage|p1a: Goodra|50/100
|move|p1a: Goodra|Knock Off|p2a: Venusaur
|-damage|p2a: Venusaur|67/100
|-enditem|p2a: Venusaur|Focus Sash|[from] move: Knock Off|[of] p1a: Goodra
|
|-weather|SunnyDay|[upkeep]
|upkeep
|turn|6
|
|t:|1760320140
|move|p2a: Venusaur|Growth|p2a: Venusaur
|-boost|p2a: Venusaur|atk|2
|-boost|p2a: Venusaur|spa|2
|move|p1a: Goodra|Draco Meteor|p2a: Venusaur|[miss]
|-miss|p1a: Goodra|p2a: Venusaur
|
|-weather|SunnyDay|[upkeep]
|upkeep
|turn|7
|
|t:|1760320145
|switch|p1a: Florges|Florges, F|100/100
|move|p2a: Venusaur|Earth Power|p1a: Florges
|-damage|p1a: Florges|74/100
|-unboost|p1a: Florges|spd|1
|
|-weather|SunnyDay|[upkeep]
|-heal|p1a: Florges|80/100|[from] item: Leftovers
|upkeep
|turn|8
|
|t:|1760320153
|move|p2a: Venusaur|Giga Drain|p1a: Florges
|-damage|p1a: Florges|24/100
|-heal|p2a: Venusaur|99/100|[from] drain|[of] p1a: Florges
|move|p1a: Florges|Wish|p1a: Florges
|
|-weather|none
|-heal|p1a: Florges|30/100|[from] item: Leftovers
|upkeep
|turn|9
|
|t:|1760320160
|switch|p1a: Goodra|Goodra-Hisui, M|50/100
|move|p2a: Venusaur|Growth|p2a: Venusaur
|-boost|p2a: Venusaur|atk|1
|-boost|p2a: Venusaur|spa|1
|
|-heal|p1a: Goodra|99/100|[from] move: Wish|[wisher] Florges
|upkeep
|turn|10
|
|t:|1760320165
|move|p2a: Venusaur|Earth Power|p1a: Goodra
|-supereffective|p1a: Goodra
|-damage|p1a: Goodra|52/100
|move|p1a: Goodra|Dragon Tail|p2a: Venusaur
|-damage|p2a: Venusaur|68/100
|drag|p2a: Sandy Shocks|Sandy Shocks|100/100
|-item|p2a: Sandy Shocks|Air Balloon
|
|upkeep
|turn|11
|
|t:|1760320171
|switch|p1a: Landorus|Landorus-Therian, M|100/100
|-ability|p1a: Landorus|Intimidate|boost
|-unboost|p2a: Sandy Shocks|atk|1
|move|p2a: Sandy Shocks|Sunny Day|p2a: Sandy Shocks
|-weather|SunnyDay
|-activate|p2a: Sandy Shocks|ability: Protosynthesis
|-start|p2a: Sandy Shocks|protosynthesisspa
|
|-weather|SunnyDay|[upkeep]
|upkeep
|turn|12
|
|t:|1760320194
|-terastallize|p2a: Sandy Shocks|Ice
|move|p2a: Sandy Shocks|Tera Blast|p1a: Landorus|[anim] Tera Blast Ice
|-supereffective|p1a: Landorus
|-damage|p1a: Landorus|0 fnt
|faint|p1a: Landorus
|
|-weather|SunnyDay|[upkeep]
|upkeep
|
|t:|1760320206
|switch|p1a: Goodra|Goodra-Hisui, M|52/100
|turn|13
|
|t:|1760320210
|move|p2a: Sandy Shocks|Earth Power|p1a: Goodra
|-supereffective|p1a: Goodra
|-damage|p1a: Goodra|9/100
|move|p1a: Goodra|Heavy Slam|p2a: Sandy Shocks
|-supereffective|p2a: Sandy Shocks
|-damage|p2a: Sandy Shocks|6/100
|-enditem|p2a: Sandy Shocks|Air Balloon
|
|-weather|SunnyDay|[upkeep]
|upkeep
|turn|14
|
|t:|1760320219
|switch|p1a: Corviknight|Corviknight, M|100/100
|-ability|p1a: Corviknight|Pressure
|move|p2a: Sandy Shocks|Tera Blast|p1a: Corviknight|[anim] Tera Blast Ice
|-damage|p1a: Corviknight|47/100
|
|-weather|SunnyDay|[upkeep]
|upkeep
|turn|15
|
|t:|1760320228
|move|p2a: Sandy Shocks|Tera Blast|p1a: Corviknight|[anim] Tera Blast Ice
|-crit|p1a: Corviknight
|-damage|p1a: Corviknight|0 fnt
|faint|p1a: Corviknight
|
|-weather|none
|-end|p2a: Sandy Shocks|Protosynthesis
|upkeep
|
|t:|1760320230
|switch|p1a: Garganacl|Garganacl, F|100/100
|turn|16
|
|t:|1760320243
|move|p2a: Sandy Shocks|Sunny Day|p2a: Sandy Shocks
|-weather|SunnyDay
|-activate|p2a: Sandy Shocks|ability: Protosynthesis
|-start|p2a: Sandy Shocks|protosynthesisspa
|move|p1a: Garganacl|Salt Cure|p2a: Sandy Shocks
|-supereffective|p2a: Sandy Shocks
|-damage|p2a: Sandy Shocks|0 fnt
|faint|p2a: Sandy Shocks
|-end|p2a: Sandy Shocks|Protosynthesis|[silent]
|
|-weather|SunnyDay|[upkeep]
|upkeep
|
|t:|1760320246
|switch|p2a: Walking Wake|Walking Wake|100/100
|-activate|p2a: Walking Wake|ability: Protosynthesis
|-start|p2a: Walking Wake|protosynthesisspe
|turn|17
|
|t:|1760320254
|switch|p1a: Alomomola|Alomomola, M|100/100
|move|p2a: Walking Wake|Hydro Steam|p1a: Alomomola
|-resisted|p1a: Alomomola
|-damage|p1a: Alomomola|48/100
|
|-weather|SunnyDay|[upkeep]
|-heal|p1a: Alomomola|54/100|[from] item: Leftovers
|upkeep
|turn|18
|
|t:|1760320256
|move|p2a: Walking Wake|Hydro Steam|p1a: Alomomola
|-resisted|p1a: Alomomola
|-damage|p1a: Alomomola|2/100
|move|p1a: Alomomola|Wish|p1a: Alomomola
|
|-weather|SunnyDay|[upkeep]
|-heal|p1a: Alomomola|8/100|[from] item: Leftovers
|upkeep
|turn|19
|
|t:|1760320261
|move|p1a: Alomomola|Protect|p1a: Alomomola
|-singleturn|p1a: Alomomola|Protect
|move|p2a: Walking Wake|Hydro Steam|p1a: Alomomola
|-activate|p1a: Alomomola|move: Protect
|
|-weather|SunnyDay|[upkeep]
|-heal|p1a: Alomomola|58/100|[from] move: Wish|[wisher] Alomomola
|-heal|p1a: Alomomola|64/100|[from] item: Leftovers
|upkeep
|turn|20
|
|t:|1760320262
|move|p2a: Walking Wake|Hydro Steam|p1a: Alomomola
|-resisted|p1a: Alomomola
|-damage|p1a: Alomomola|11/100
|move|p1a: Alomomola|Wish|p1a: Alomomola
|
|-weather|none
|-end|p2a: Walking Wake|Protosynthesis
|-heal|p1a: Alomomola|17/100|[from] item: Leftovers
|upkeep
|turn|21
|
|t:|1760320267
|-end|p2a: Walking Wake|Protosynthesis|[silent]
|switch|p2a: Torkoal|Torkoal, M|100/100
|-weather|SunnyDay|[from] ability: Drought|[of] p2a: Torkoal
|switch|p1a: Florges|Florges, F|30/100
|
|-weather|SunnyDay|[upkeep]
|-heal|p1a: Florges|100/100|[from] move: Wish|[wisher] Alomomola
|upkeep
|turn|22
|
|t:|1760320283
|move|p1a: Florges|Calm Mind|p1a: Florges
|-boost|p1a: Florges|spa|1
|-boost|p1a: Florges|spd|1
|move|p2a: Torkoal|Stealth Rock|p1a: Florges
|-sidestart|p1: Minytank|move: Stealth Rock
|
|-weather|SunnyDay|[upkeep]
|upkeep
|turn|23
|
|t:|1760320289
|switch|p2a: Great Tusk|Great Tusk|100/100
|-activate|p2a: Great Tusk|ability: Protosynthesis
|-start|p2a: Great Tusk|protosynthesisatk
|move|p1a: Florges|Tera Blast|p2a: Great Tusk
|-damage|p2a: Great Tusk|57/100
|
|-weather|SunnyDay|[upkeep]
|upkeep
|turn|24
|
|t:|1760320296
|move|p2a: Great Tusk|Headlong Rush|p1a: Florges
|-damage|p1a: Florges|0 fnt
|-unboost|p2a: Great Tusk|def|1
|-unboost|p2a: Great Tusk|spd|1
|faint|p1a: Florges
|
|-weather|SunnyDay|[upkeep]
|upkeep
|
|t:|1760320300
|switch|p1a: Alomomola|Alomomola, M|50/100
|-damage|p1a: Alomomola|38/100|[from] Stealth Rock
|turn|25
|
|t:|1760320305
|move|p1a: Alomomola|Protect|p1a: Alomomola
|-singleturn|p1a: Alomomola|Protect
|move|p2a: Great Tusk|Headlong Rush|p1a: Alomomola
|-activate|p1a: Alomomola|move: Protect
|
|-weather|SunnyDay|[upkeep]
|-heal|p1a: Alomomola|44/100|[from] item: Leftovers
|upkeep
|turn|26
|
|t:|1760320309
|move|p2a: Great Tusk|Headlong Rush|p1a: Alomomola
|-damage|p1a: Alomomola|0 fnt
|-unboost|p2a: Great Tusk|def|1
|-unboost|p2a: Great Tusk|spd|1
|faint|p1a: Alomomola
|
|-weather|SunnyDay|[upkeep]
|upkeep
|-message|Minytank forfeited.
|
|win|xen769
|raw|Minytank's rating: 1430 &rarr; <strong>1407</strong><br />(-23 for losing)
|raw|xen769's rating: 1383 &rarr; <strong>1406</strong><br />(+23 for winning)
|l|☆Minytank
|player|p1|
