|j|☆AMFQ
|j|☆A man named Derp
|t:|1760344750
|gametype|singles
|player|p1|AMFQ|102|1107
|player|p2|A man named Derp|whitney|1134
|gen|9
|tier|[Gen 9] OU
|rated|
|rule|HP Percentage Mod: HP is shown in percentages
|rule|Endless Battle Clause: Forcing endless battles is banned
|rule|Species Clause: Limit one of each Pokémon
|rule|OHKO Clause: OHKO moves are banned
|rule|Evasion Items Clause: Evasion items are banned
|rule|Evasion Moves Clause: Evasion moves are banned
|rule|Evasion Abilities Clause: Evasion abilities are banned
|rule|Sleep Moves Clause: Sleep-inducing moves are banned
|clearpoke
|poke|p1|Ninetales, M|
|poke|p1|Sunflora, F|
|poke|p1|Hatterene, F|
|poke|p1|Klefki, F|
|poke|p1|Indeedee, M|
|poke|p1|Walking Wake|
|poke|p2|Iron Treads|
|poke|p2|Zarude|
|poke|p2|Iron Moth|
|poke|p2|Iron Valiant|
|poke|p2|Zapdos|
|poke|p2|Slowking-Galar, F|
|teampreview
|
|t:|1760344773
|teamsize|p1|6
|teamsize|p2|6
|start
|switch|p1a: Ninetales|Ninetales, M|100/100
|switch|p2a: Iron Moth|Iron Moth|100/100
|-weather|SunnyDay|[from] ability: Drought|[of] p1a: Ninetales
|-enditem|p2a: Iron Moth|Booster Energy
|-activate|p2a: Iron Moth|ability: Quark Drive|[fromitem]
|-start|p2a: Iron Moth|quarkdrivespa
|turn|1
|inactive|Battle timer is ON: inactive players will automatically lose when time's up. (requested by A man named Derp)
|
|t:|1760344797
|switch|p1a: Sunflora|Sunflora, F|100/100
|move|p2a: Iron Moth|Sludge Wave|p1a: Sunflora
|-supereffective|p1a: Sunflora
|-damage|p1a: Sunflora|0 fnt
|faint|p1a: Sunflora
|
|-weather|SunnyDay|[upkeep]
|upkeep
|
|t:|1760344803
|switch|p1a: Klefki|Klefki, F, shiny|100/100
|turn|2
|
|t:|1760344809
|move|p1a: Klefki|Light Screen|p1a: Klefki
|-sidestart|p1: AMFQ|move: Light Screen
|move|p2a: Iron Moth|Fiery Dance|p1a: Klefki
|-supereffective|p1a: Klefki
|-damage|p1a: Klefki|0 fnt
|faint|p1a: Klefki
|
|-weather|SunnyDay|[upkeep]
|upkeep
|
|t:|1760344815
|switch|p1a: Indeedee|Indeedee, M, shiny|100/100
|-fieldstart|move: Psychic Terrain|[from] ability: Psychic Surge|[of] p1a: Indeedee
|turn|3
|
|t:|1760344827
|-end|p2a: Iron Moth|Quark Drive|[silent]
|switch|p2a: Iron Treads|Iron Treads|100/100
|move|p1a: Indeedee|Fake Out|p2a: Iron Treads
|-activate|p2a: Iron Treads|move: Psychic Terrain
|
|-weather|SunnyDay|[upkeep]
|upkeep
|turn|4
|
|t:|1760344841
|switch|p1a: Hatterene|Hatterene, F|100/100
|move|p2a: Iron Treads|Stealth Rock|p1a: Hatterene
|move|p1a: Hatterene|Stealth Rock|p2a: Iron Treads|[from] ability: Magic Bounce
|-sidestart|p2: A man named Derp|move: Stealth Rock
|
|-weather|SunnyDay|[upkeep]
|upkeep
|turn|5
|inactive|AMFQ has 120 seconds left.
|c|☆A man named Derp|Ez
|
|t:|1760344887
|move|p2a: Iron Treads|Rapid Spin|p1a: Hatterene
|-damage|p1a: Hatterene|81/100
|-boost|p2a: Iron Treads|spe|1
|-sideend|p2: A man named Derp|Stealth Rock|[from] move: Rapid Spin|[of] p2a: Iron Treads
|move|p1a: Hatterene|Nuzzle|p2a: Iron Treads
|-immune|p2a: Iron Treads
|
|-weather|SunnyDay|[upkeep]
|upkeep
|turn|6
|c|☆AMFQ|aw
|c|☆AMFQ|dont gotta be toxic man
|
|t:|1760344905
|switch|p1a: Ninetales|Ninetales, M|100/100
|move|p2a: Iron Treads|Earthquake|p1a: Ninetales
|-supereffective|p1a: Ninetales
|-damage|p1a: Ninetales|0 fnt
|faint|p1a: Ninetales
|
|-weather|SunnyDay|[upkeep]
|-sideend|p1: AMFQ|move: Light Screen
|upkeep
|
|t:|1760344910
|switch|p1a: Hatterene|Hatterene, F|81/100
|turn|7
|c|☆A man named Derp|I’m just trying to hasten the gameplay
|
|t:|1760344926
|move|p2a: Iron Treads|Earthquake|p1a: Hatterene
|-damage|p1a: Hatterene|16/100
|move|p1a: Hatterene|Dazzling Gleam|p2a: Iron Treads
|-resisted|p2a: Iron Treads
|-damage|p2a: Iron Treads|71/100
|
|-weather|SunnyDay|[upkeep]
|-heal|p2a: Iron Treads|77/100|[from] item: Leftovers
|-fieldend|move: Psychic Terrain
|upkeep
|turn|8
|c|☆AMFQ|sorry im at school
|
|t:|1760344942
|switch|p1a: Indeedee|Indeedee, M, shiny|100/100
|-fieldstart|move: Psychic Terrain|[from] ability: Psychic Surge|[of] p1a: Indeedee
|move|p2a: Iron Treads|Earthquake|p1a: Indeedee
|-damage|p1a: Indeedee|0 fnt
|faint|p1a: Indeedee
|
|-weather|none
|-heal|p2a: Iron Treads|84/100|[from] item: Leftovers
|upkeep
|c|☆A man named Derp|So I gotta suffer
|c|☆AMFQ|Sorry man
|
|t:|1760344951
|switch|p1a: Walking Wake|Walking Wake|100/100
|turn|9
|c|☆AMFQ|you'll win anyway
|
|t:|1760344962
|move|p2a: Iron Treads|Earthquake|p1a: Walking Wake
|-damage|p1a: Walking Wake|49/100
|move|p1a: Walking Wake|Hydro Steam|p2a: Iron Treads
|-supereffective|p2a: Iron Treads
|-damage|p2a: Iron Treads|0 fnt
|faint|p2a: Iron Treads
|-end|p2a: Iron Treads|Quark Drive|[silent]
|
|upkeep
|
|t:|1760344965
|switch|p2a: Slowking|Slowking-Galar, F|100/100
|turn|10
|c|☆A man named Derp|I know
|
|t:|1760344976
|move|p1a: Walking Wake|Hydro Steam|p2a: Slowking
|-damage|p2a: Slowking|84/100
|move|p2a: Slowking|Sludge Bomb|p1a: Walking Wake
|-damage|p1a: Walking Wake|7/100
|
|upkeep
|turn|11
|
|t:|1760344986
|-terastallize|p1a: Walking Wake|Poison
|move|p1a: Walking Wake|Draco Meteor|p2a: Slowking
|-damage|p2a: Slowking|60/100
|-unboost|p1a: Walking Wake|spa|2
|move|p2a: Slowking|Sludge Bomb|p1a: Walking Wake
|-resisted|p1a: Walking Wake
|-damage|p1a: Walking Wake|0 fnt
|faint|p1a: Walking Wake
|-end|p1a: Walking Wake|Protosynthesis|[silent]
|
|upkeep
|
|t:|1760344995
|switch|p1a: Hatterene|Hatterene, F|16/100
|turn|12
|inactive|AMFQ has 120 seconds left.
|
|t:|1760345001
|move|p2a: Slowking|Sludge Bomb|p1a: Hatterene
|-supereffective|p1a: Hatterene
|-damage|p1a: Hatterene|0 fnt
|faint|p1a: Hatterene
|
|win|A man named Derp
|raw|AMFQ's rating: 1107 &rarr; <strong>1084</strong><br />(-23 for losing)
|raw|A man named Derp's rating: 1134 &rarr; <strong>1157</strong><br />(+23 for winning)
|c|☆AMFQ|gg
|l|☆A man named Derp
|player|p2|
|l|☆AMFQ
|player|p1|
