|j|☆Crogenius2
|j|☆intelPearl
|t:|1760459955
|gametype|singles
|player|p1|Crogenius2|wattson|1639
|player|p2|intelPearl|bellelba|1624
|gen|9
|tier|[Gen 9] OU
|rated|
|rule|HP Percentage Mod: HP is shown in percentages
|rule|Endless Battle Clause: Forcing endless battles is banned
|rule|Species Clause: Limit one of each Pokémon
|rule|OHKO Clause: OHKO moves are banned
|rule|Evasion Items Clause: Evasion items are banned
|rule|Evasion Moves Clause: Evasion moves are banned
|rule|Evasion Abilities Clause: Evasion abilities are banned
|rule|Sleep Moves Clause: Sleep-inducing moves are banned
|clearpoke
|poke|p1|Vaporeon, F|
|poke|p1|Garchomp, M|
|poke|p1|Gholdengo|
|poke|p1|Darkrai|
|poke|p1|Scizor, F|
|poke|p1|Great Tusk|
|poke|p2|Torterra, M|
|poke|p2|Slowking-Galar, F|
|poke|p2|Corviknight, F|
|poke|p2|Samurott-Hisui, M|
|poke|p2|Landorus-Therian, M|
|poke|p2|Kyurem|
|teampreview
|inactive|Battle timer is ON: inactive players will automatically lose when time's up. (requested by Crogenius2)
|
|t:|1760459971
|teamsize|p1|6
|teamsize|p2|6
|start
|switch|p1a: Scizor|Scizor, F|100/100
|switch|p2a: Samurott|Samurott-Hisui, M|100/100
|turn|1
|
|t:|1760459975
|switch|p2a: Corviknight|Corviknight, F|100/100
|-ability|p2a: Corviknight|Pressure
|move|p1a: Scizor|U-turn|p2a: Corviknight
|-resisted|p2a: Corviknight
|-damage|p2a: Corviknight|91/100
|-damage|p1a: Scizor|84/100|[from] item: Rocky Helmet|[of] p2a: Corviknight
|
|t:|1760459977
|switch|p1a: Gholdengo|Gholdengo|100/100|[from] U-turn
|
|upkeep
|turn|2
|
|t:|1760459980
|move|p1a: Gholdengo|Trick|p2a: Corviknight
|-activate|p1a: Gholdengo|move: Trick|[of] p2a: Corviknight
|-item|p2a: Corviknight|Choice Scarf|[from] move: Trick
|-item|p1a: Gholdengo|Rocky Helmet|[from] move: Trick
|move|p2a: Corviknight|U-turn|p1a: Gholdengo
|-resisted|p1a: Gholdengo
|-damage|p1a: Gholdengo|97/100
|-damage|p2a: Corviknight|75/100|[from] item: Rocky Helmet|[of] p1a: Gholdengo
|
|t:|1760459983
|switch|p2a: Samurott|Samurott-Hisui, M|100/100|[from] U-turn
|
|upkeep
|turn|3
|
|t:|1760459986
|switch|p1a: Garchomp|Garchomp, M|100/100
|move|p2a: Samurott|Ceaseless Edge|p1a: Garchomp
|-damage|p1a: Garchomp|76/100
|-damage|p2a: Samurott|88/100|[from] ability: Rough Skin|[of] p1a: Garchomp
|-damage|p2a: Samurott|72/100|[from] item: Rocky Helmet|[of] p1a: Garchomp
|-sidestart|p1: Crogenius2|Spikes
|
|upkeep
|turn|4
|
|t:|1760459995
|switch|p2a: Kyurem|Kyurem|100/100
|-ability|p2a: Kyurem|Pressure
|move|p1a: Garchomp|Stealth Rock|p2a: Kyurem
|-sidestart|p2: intelPearl|move: Stealth Rock
|
|upkeep
|turn|5
|
|t:|1760460001
|switch|p1a: Scizor|Scizor, F|84/100
|-damage|p1a: Scizor|72/100|[from] Spikes
|move|p2a: Kyurem|Draco Meteor|p1a: Scizor
|-resisted|p1a: Scizor
|-damage|p1a: Scizor|33/100
|-unboost|p2a: Kyurem|spa|2
|
|upkeep
|turn|6
|
|t:|1760460005
|switch|p2a: Corviknight|Corviknight, F|75/100
|-damage|p2a: Corviknight|63/100|[from] Stealth Rock
|-ability|p2a: Corviknight|Pressure
|move|p1a: Scizor|U-turn|p2a: Corviknight
|-resisted|p2a: Corviknight
|-damage|p2a: Corviknight|54/100
|
|t:|1760460008
|switch|p1a: Darkrai|Darkrai|100/100|[from] U-turn
|-damage|p1a: Darkrai|88/100|[from] Spikes
|
|upkeep
|turn|7
|
|t:|1760460011
|move|p1a: Darkrai|Dark Pulse|p2a: Corviknight
|-damage|p2a: Corviknight|0 fnt
|faint|p2a: Corviknight
|
|upkeep
|
|t:|1760460016
|switch|p2a: Samurott|Samurott-Hisui, M|72/100
|-damage|p2a: Samurott|60/100|[from] Stealth Rock
|turn|8
|
|t:|1760460019
|switch|p1a: Garchomp|Garchomp, M|76/100
|-damage|p1a: Garchomp|64/100|[from] Spikes
|move|p2a: Samurott|Flip Turn|p1a: Garchomp
|-damage|p1a: Garchomp|48/100
|-damage|p2a: Samurott|47/100|[from] ability: Rough Skin|[of] p1a: Garchomp
|-damage|p2a: Samurott|31/100|[from] item: Rocky Helmet|[of] p1a: Garchomp
|
|t:|1760460029
|switch|p2a: Landorus|Landorus-Therian, M|100/100|[from] Flip Turn
|-damage|p2a: Landorus|88/100|[from] Stealth Rock
|-ability|p2a: Landorus|Intimidate|boost
|-unboost|p1a: Garchomp|atk|1
|
|-heal|p2a: Landorus|94/100|[from] item: Leftovers
|upkeep
|turn|9
|
|t:|1760460032
|move|p2a: Landorus|Stealth Rock|p1a: Garchomp
|-sidestart|p1: Crogenius2|move: Stealth Rock
|move|p1a: Garchomp|Spikes|p2a: Landorus
|-sidestart|p2: intelPearl|Spikes
|
|-heal|p2a: Landorus|100/100|[from] item: Leftovers
|upkeep
|turn|10
|
|t:|1760460035
|move|p2a: Landorus|Earthquake|p1a: Garchomp
|-damage|p1a: Garchomp|12/100
|move|p1a: Garchomp|Spikes|p2a: Landorus
|-sidestart|p2: intelPearl|Spikes
|
|upkeep
|turn|11
|
|t:|1760460037
|move|p2a: Landorus|Earthquake|p1a: Garchomp
|-damage|p1a: Garchomp|0 fnt
|faint|p1a: Garchomp
|
|upkeep
|
|t:|1760460038
|switch|p1a: Great Tusk|Great Tusk|100/100
|turn|12
|
|t:|1760460043
|-terastallize|p2a: Landorus|Flying
|move|p1a: Great Tusk|Rapid Spin|p2a: Landorus
|-damage|p2a: Landorus|80/100
|-boost|p1a: Great Tusk|spe|1
|-sideend|p1: Crogenius2|Spikes|[from] move: Rapid Spin|[of] p1a: Great Tusk
|-sideend|p1: Crogenius2|Stealth Rock|[from] move: Rapid Spin|[of] p1a: Great Tusk
|move|p2a: Landorus|Tera Blast|p1a: Great Tusk|[anim] Tera Blast Flying
|-supereffective|p1a: Great Tusk
|-damage|p1a: Great Tusk|0 fnt
|faint|p1a: Great Tusk
|-end|p1a: Great Tusk|Protosynthesis|[silent]
|
|-heal|p2a: Landorus|86/100|[from] item: Leftovers
|upkeep
|
|t:|1760460047
|switch|p1a: Darkrai|Darkrai|88/100
|turn|13
|
|t:|1760460052
|switch|p2a: Samurott|Samurott-Hisui, M|31/100
|-damage|p2a: Samurott|19/100|[from] Stealth Rock
|-damage|p2a: Samurott|2/100|[from] Spikes
|-terastallize|p1a: Darkrai|Dark
|move|p1a: Darkrai|Dark Pulse|p2a: Samurott
|-resisted|p2a: Samurott
|-damage|p2a: Samurott|0 fnt
|faint|p2a: Samurott
|
|upkeep
|
|t:|1760460060
|switch|p2a: Kyurem|Kyurem|100/100
|-damage|p2a: Kyurem|76/100|[from] Stealth Rock
|-damage|p2a: Kyurem|59/100|[from] Spikes
|-ability|p2a: Kyurem|Pressure
|turn|14
|
|t:|1760460063
|switch|p1a: Vaporeon|Vaporeon, F|100/100
|move|p2a: Kyurem|Draco Meteor|p1a: Vaporeon
|-damage|p1a: Vaporeon|63/100
|-unboost|p2a: Kyurem|spa|2
|
|-heal|p1a: Vaporeon|69/100|[from] item: Leftovers
|upkeep
|turn|15
|
|t:|1760460068
|switch|p2a: Slowking|Slowking-Galar, F|100/100
|switch|p1a: Darkrai|Darkrai, tera:Dark|88/100
|
|upkeep
|turn|16
|
|t:|1760460074
|switch|p2a: Landorus|Landorus-Therian, M, tera:Flying|86/100
|-damage|p2a: Landorus|61/100|[from] Stealth Rock
|-ability|p2a: Landorus|Intimidate|boost
|-unboost|p1a: Darkrai|atk|1
|move|p1a: Darkrai|Dark Pulse|p2a: Landorus
|-damage|p2a: Landorus|0 fnt
|faint|p2a: Landorus
|
|upkeep
|
|t:|1760460078
|switch|p2a: Kyurem|Kyurem|59/100
|-damage|p2a: Kyurem|34/100|[from] Stealth Rock
|-damage|p2a: Kyurem|18/100|[from] Spikes
|-ability|p2a: Kyurem|Pressure
|turn|17
|
|t:|1760460082
|switch|p2a: Torterra|Torterra, M|100/100
|-damage|p2a: Torterra|94/100|[from] Stealth Rock
|-damage|p2a: Torterra|78/100|[from] Spikes
|switch|p1a: Vaporeon|Vaporeon, F|69/100
|
|-heal|p1a: Vaporeon|75/100|[from] item: Leftovers
|upkeep
|turn|18
|
|t:|1760460084
|move|p2a: Torterra|Shell Smash|p2a: Torterra
|-unboost|p2a: Torterra|def|1
|-unboost|p2a: Torterra|spd|1
|-boost|p2a: Torterra|atk|2
|-boost|p2a: Torterra|spa|2
|-boost|p2a: Torterra|spe|2
|move|p1a: Vaporeon|Scald|p2a: Torterra
|-damage|p2a: Torterra|27/100
|
|-heal|p1a: Vaporeon|82/100|[from] item: Leftovers
|upkeep
|turn|19
|
|t:|1760460089
|move|p2a: Torterra|Bullet Seed|p1a: Vaporeon
|-supereffective|p1a: Vaporeon
|-damage|p1a: Vaporeon|8/100
|-supereffective|p1a: Vaporeon
|-damage|p1a: Vaporeon|0 fnt
|faint|p1a: Vaporeon
|-hitcount|p1: Vaporeon|2
|
|upkeep
|
|t:|1760460092
|switch|p1a: Scizor|Scizor, F|33/100
|turn|20
|
|t:|1760460094
|switch|p2a: Kyurem|Kyurem|18/100
|-damage|p2a: Kyurem|0 fnt|[from] Stealth Rock
|faint|p2a: Kyurem
|move|p1a: Scizor|Bullet Punch|p2: Kyurem|[notarget]
|-fail|p1a: Scizor
|
|upkeep
|-message|intelPearl forfeited.
|
|win|Crogenius2
|raw|Crogenius2's rating: 1639 &rarr; <strong>1658</strong><br />(+19 for winning)
|raw|intelPearl's rating: 1624 &rarr; <strong>1605</strong><br />(-19 for losing)
|l|☆intelPearl
|player|p2|
|l|☆Crogenius2
|player|p1|
