|j|☆l'agent_yoshimbo
|j|☆wenayardewey2
|t:|1760368415
|gametype|singles
|player|p1|l'agent_yoshimbo|102|1141
|player|p2|wenayardewey2|nate|1129
|gen|9
|tier|[Gen 9] OU
|rated|
|rule|HP Percentage Mod: HP is shown in percentages
|rule|Endless Battle Clause: Forcing endless battles is banned
|rule|Species Clause: Limit one of each Pokémon
|rule|OHKO Clause: OHKO moves are banned
|rule|Evasion Items Clause: Evasion items are banned
|rule|Evasion Moves Clause: Evasion moves are banned
|rule|Evasion Abilities Clause: Evasion abilities are banned
|rule|Sleep Moves Clause: Sleep-inducing moves are banned
|clearpoke
|poke|p1|Bellossom, F|
|poke|p1|Incineroar, F|
|poke|p1|Weezing-Galar, M|
|poke|p1|Landorus-Therian, M|
|poke|p1|Samurott-Hisui, M|
|poke|p1|Minior|
|poke|p2|Ursaluna, M|
|poke|p2|Dragapult, F|
|poke|p2|Glimmora, M|
|poke|p2|Clefable, F|
|teampreview
|
|t:|1760368429
|teamsize|p1|6
|teamsize|p2|4
|start
|switch|p1a: Samurott|Samurott-Hisui, M|100/100
|switch|p2a: Glimmora|Glimmora, M|100/100
|turn|1
|
|t:|1760368442
|-terastallize|p2a: Glimmora|Flying
|move|p1a: Samurott|Swords Dance|p1a: Samurott
|-boost|p1a: Samurott|atk|2
|move|p2a: Glimmora|Spikes|p1a: Samurott
|-sidestart|p1: l'agent_yoshimbo|Spikes
|
|upkeep
|turn|2
|
|t:|1760368451
|-terastallize|p1a: Samurott|Bug
|move|p1a: Samurott|Fury Cutter|p2a: Glimmora
|-resisted|p2a: Glimmora
|-damage|p2a: Glimmora|75/100
|-activate|p2a: Glimmora|ability: Toxic Debris
|-sidestart|p1: l'agent_yoshimbo|move: Toxic Spikes
|move|p2a: Glimmora|Spikes|p1a: Samurott
|-sidestart|p1: l'agent_yoshimbo|Spikes
|
|upkeep
|turn|3
|
|t:|1760368462
|move|p1a: Samurott|Fury Cutter|p2a: Glimmora
|-resisted|p2a: Glimmora
|-damage|p2a: Glimmora|11/100
|-activate|p2a: Glimmora|ability: Toxic Debris
|-sidestart|p1: l'agent_yoshimbo|move: Toxic Spikes
|move|p2a: Glimmora|Spikes|p1a: Samurott
|-sidestart|p1: l'agent_yoshimbo|Spikes
|
|upkeep
|turn|4
|
|t:|1760368471
|move|p1a: Samurott|Fury Cutter|p2a: Glimmora
|-resisted|p2a: Glimmora
|-crit|p2a: Glimmora
|-damage|p2a: Glimmora|0 fnt
|faint|p2a: Glimmora
|
|upkeep
|
|t:|1760368480
|switch|p2a: Clefable|Clefable, F|100/100
|turn|5
|
|t:|1760368484
|move|p1a: Samurott|Fury Cutter|p2a: Clefable
|-resisted|p2a: Clefable
|-damage|p2a: Clefable|33/100
|move|p2a: Clefable|Light Screen|p2a: Clefable
|-sidestart|p2: wenayardewey2|move: Light Screen
|
|-heal|p2a: Clefable|40/100|[from] item: Leftovers
|upkeep
|turn|6
|
|t:|1760368487
|move|p1a: Samurott|Fury Cutter|p2a: Clefable|[miss]
|-miss|p1a: Samurott|p2a: Clefable
|move|p2a: Clefable|Wish|p2a: Clefable
|
|-heal|p2a: Clefable|46/100|[from] item: Leftovers
|upkeep
|turn|7
|
|t:|1760368493
|move|p1a: Samurott|Ceaseless Edge|p2a: Clefable
|-resisted|p2a: Clefable
|-damage|p2a: Clefable|27/100
|-sidestart|p2: wenayardewey2|Spikes
|move|p2a: Clefable|Cosmic Power|p2a: Clefable
|-boost|p2a: Clefable|def|1
|-boost|p2a: Clefable|spd|1
|
|-heal|p2a: Clefable|77/100|[from] move: Wish|[wisher] Clefable
|-heal|p2a: Clefable|83/100|[from] item: Leftovers
|upkeep
|turn|8
|
|t:|1760368503
|switch|p1a: Weezing|Weezing-Galar, M|100/100
|-ability|p1a: Weezing|Neutralizing Gas
|-damage|p1a: Weezing|76/100|[from] Spikes
|-sideend|p1: l'agent_yoshimbo|move: Toxic Spikes|[of] p1a: Weezing
|move|p2a: Clefable|Wish|p2a: Clefable
|
|-heal|p2a: Clefable|90/100|[from] item: Leftovers
|upkeep
|turn|9
|
|t:|1760368512
|move|p1a: Weezing|Clear Smog|p2a: Clefable
|-supereffective|p2a: Clefable
|-damage|p2a: Clefable|80/100
|-clearboost|p2a: Clefable
|move|p2a: Clefable|Cosmic Power|p2a: Clefable
|-boost|p2a: Clefable|def|1
|-boost|p2a: Clefable|spd|1
|
|-heal|p2a: Clefable|100/100|[from] move: Wish|[wisher] Clefable
|-sideend|p2: wenayardewey2|move: Light Screen
|upkeep
|turn|10
|
|t:|1760368522
|move|p1a: Weezing|Clear Smog|p2a: Clefable
|-supereffective|p2a: Clefable
|-damage|p2a: Clefable|80/100
|-clearboost|p2a: Clefable
|move|p2a: Clefable|Moonblast|p1a: Weezing
|-resisted|p1a: Weezing
|-damage|p1a: Weezing|62/100
|-unboost|p1a: Weezing|spa|1
|-enditem|p1a: Weezing|Red Card|[of] p2a: Clefable
|drag|p2a: Ursaluna|Ursaluna, M, shiny|100/100
|-damage|p2a: Ursaluna|88/100|[from] Spikes
|
|-status|p2a: Ursaluna|brn|[from] item: Flame Orb
|upkeep
|turn|11
|
|t:|1760368536
|move|p2a: Ursaluna|Earthquake|p1a: Weezing
|-supereffective|p1a: Weezing
|-damage|p1a: Weezing|12/100
|move|p1a: Weezing|Memento|p2a: Ursaluna
|-unboost|p2a: Ursaluna|atk|2
|-unboost|p2a: Ursaluna|spa|2
|faint|p1a: Weezing
|-end|p1a: Weezing|ability: Neutralizing Gas
|
|-damage|p2a: Ursaluna|82/100 brn|[from] brn
|upkeep
|
|t:|1760368543
|switch|p1a: Bellossom|Bellossom, F|100/100
|-damage|p1a: Bellossom|75/100|[from] Spikes
|turn|12
|
|t:|1760368547
|move|p2a: Ursaluna|Fire Punch|p1a: Bellossom
|-supereffective|p1a: Bellossom
|-damage|p1a: Bellossom|29/100
|move|p1a: Bellossom|Quiver Dance|p1a: Bellossom
|-boost|p1a: Bellossom|spa|1
|-boost|p1a: Bellossom|spd|1
|-boost|p1a: Bellossom|spe|1
|
|-heal|p1a: Bellossom|35/100|[from] item: Leftovers
|-damage|p2a: Ursaluna|76/100 brn|[from] brn
|upkeep
|turn|13
|
|t:|1760368556
|move|p1a: Bellossom|Strength Sap|p2a: Ursaluna
|-unboost|p2a: Ursaluna|atk|1
|-heal|p1a: Bellossom|100/100
|move|p2a: Ursaluna|Fire Punch|p1a: Bellossom
|-supereffective|p1a: Bellossom
|-damage|p1a: Bellossom|61/100
|
|-heal|p1a: Bellossom|68/100|[from] item: Leftovers
|-damage|p2a: Ursaluna|70/100 brn|[from] brn
|upkeep
|turn|14
|
|t:|1760368566
|move|p1a: Bellossom|Quiver Dance|p1a: Bellossom
|-boost|p1a: Bellossom|spa|1
|-boost|p1a: Bellossom|spd|1
|-boost|p1a: Bellossom|spe|1
|move|p2a: Ursaluna|Swords Dance|p2a: Ursaluna
|-boost|p2a: Ursaluna|atk|2
|
|-heal|p1a: Bellossom|74/100|[from] item: Leftovers
|-damage|p2a: Ursaluna|64/100 brn|[from] brn
|upkeep
|turn|15
|
|t:|1760368578
|move|p1a: Bellossom|Moonblast|p2a: Ursaluna
|-damage|p2a: Ursaluna|14/100 brn
|-unboost|p2a: Ursaluna|spa|1
|move|p2a: Ursaluna|Swords Dance|p2a: Ursaluna
|-boost|p2a: Ursaluna|atk|2
|
|-heal|p1a: Bellossom|80/100|[from] item: Leftovers
|-damage|p2a: Ursaluna|8/100 brn|[from] brn
|upkeep
|turn|16
|
|t:|1760368584
|move|p1a: Bellossom|Moonblast|p2a: Ursaluna
|-damage|p2a: Ursaluna|0 fnt
|faint|p2a: Ursaluna
|
|-heal|p1a: Bellossom|86/100|[from] item: Leftovers
|upkeep
|
|t:|1760368586
|switch|p2a: Dragapult|Dragapult, F, shiny|100/100
|-damage|p2a: Dragapult|88/100|[from] Spikes
|turn|17
|
|t:|1760368590
|move|p2a: Dragapult|U-turn|p1a: Bellossom
|-supereffective|p1a: Bellossom
|-damage|p1a: Bellossom|37/100
|
|t:|1760368593
|switch|p2a: Clefable|Clefable, F|80/100|[from] U-turn
|-damage|p2a: Clefable|68/100|[from] Spikes
|move|p1a: Bellossom|Moonblast|p2a: Clefable
|-damage|p2a: Clefable|43/100
|
|-heal|p1a: Bellossom|44/100|[from] item: Leftovers
|-heal|p2a: Clefable|49/100|[from] item: Leftovers
|upkeep
|turn|18
|
|t:|1760368601
|move|p1a: Bellossom|Acid Spray|p2a: Clefable
|-supereffective|p2a: Clefable
|-damage|p2a: Clefable|25/100
|-unboost|p2a: Clefable|spd|2
|move|p2a: Clefable|Wish|p2a: Clefable
|
|-heal|p1a: Bellossom|50/100|[from] item: Leftovers
|-heal|p2a: Clefable|31/100|[from] item: Leftovers
|upkeep
|turn|19
|
|t:|1760368609
|move|p1a: Bellossom|Quiver Dance|p1a: Bellossom
|-boost|p1a: Bellossom|spa|1
|-boost|p1a: Bellossom|spd|1
|-boost|p1a: Bellossom|spe|1
|move|p2a: Clefable|Light Screen|p2a: Clefable
|-sidestart|p2: wenayardewey2|move: Light Screen
|
|-heal|p2a: Clefable|81/100|[from] move: Wish|[wisher] Clefable
|-heal|p1a: Bellossom|56/100|[from] item: Leftovers
|-heal|p2a: Clefable|87/100|[from] item: Leftovers
|upkeep
|turn|20
|
|t:|1760368617
|move|p1a: Bellossom|Quiver Dance|p1a: Bellossom
|-boost|p1a: Bellossom|spa|1
|-boost|p1a: Bellossom|spd|1
|-boost|p1a: Bellossom|spe|1
|move|p2a: Clefable|Cosmic Power|p2a: Clefable
|-boost|p2a: Clefable|def|1
|-boost|p2a: Clefable|spd|1
|
|-heal|p1a: Bellossom|62/100|[from] item: Leftovers
|-heal|p2a: Clefable|93/100|[from] item: Leftovers
|upkeep
|turn|21
|
|t:|1760368625
|move|p1a: Bellossom|Quiver Dance|p1a: Bellossom
|-boost|p1a: Bellossom|spa|1
|-boost|p1a: Bellossom|spd|1
|-boost|p1a: Bellossom|spe|1
|move|p2a: Clefable|Cosmic Power|p2a: Clefable
|-boost|p2a: Clefable|def|1
|-boost|p2a: Clefable|spd|1
|
|-heal|p1a: Bellossom|68/100|[from] item: Leftovers
|-heal|p2a: Clefable|99/100|[from] item: Leftovers
|upkeep
|turn|22
|
|t:|1760368628
|move|p1a: Bellossom|Quiver Dance|p1a: Bellossom
|-boost|p1a: Bellossom|spa|1
|-boost|p1a: Bellossom|spd|1
|-boost|p1a: Bellossom|spe|1
|move|p2a: Clefable|Cosmic Power|p2a: Clefable
|-boost|p2a: Clefable|def|1
|-boost|p2a: Clefable|spd|1
|
|-heal|p1a: Bellossom|74/100|[from] item: Leftovers
|-heal|p2a: Clefable|100/100|[from] item: Leftovers
|upkeep
|turn|23
|
|t:|1760368631
|move|p1a: Bellossom|Acid Spray|p2a: Clefable
|-supereffective|p2a: Clefable
|-damage|p2a: Clefable|93/100
|-unboost|p2a: Clefable|spd|2
|move|p2a: Clefable|Cosmic Power|p2a: Clefable
|-boost|p2a: Clefable|def|1
|-boost|p2a: Clefable|spd|1
|
|-heal|p1a: Bellossom|81/100|[from] item: Leftovers
|-heal|p2a: Clefable|99/100|[from] item: Leftovers
|-sideend|p2: wenayardewey2|move: Light Screen
|upkeep
|turn|24
|
|t:|1760368633
|move|p1a: Bellossom|Acid Spray|p2a: Clefable
|-supereffective|p2a: Clefable
|-damage|p2a: Clefable|75/100
|-unboost|p2a: Clefable|spd|2
|move|p2a: Clefable|Cosmic Power|p2a: Clefable
|-boost|p2a: Clefable|def|1
|-boost|p2a: Clefable|spd|1
|
|-heal|p1a: Bellossom|87/100|[from] item: Leftovers
|-heal|p2a: Clefable|81/100|[from] item: Leftovers
|upkeep
|turn|25
|
|t:|1760368636
|move|p1a: Bellossom|Acid Spray|p2a: Clefable
|-supereffective|p2a: Clefable
|-damage|p2a: Clefable|47/100
|-unboost|p2a: Clefable|spd|2
|move|p2a: Clefable|Wish|p2a: Clefable
|
|-heal|p1a: Bellossom|93/100|[from] item: Leftovers
|-heal|p2a: Clefable|53/100|[from] item: Leftovers
|upkeep
|turn|26
|
|t:|1760368638
|move|p1a: Bellossom|Acid Spray|p2a: Clefable
|-supereffective|p2a: Clefable
|-damage|p2a: Clefable|2/100
|-unboost|p2a: Clefable|spd|2
|move|p2a: Clefable|Light Screen|p2a: Clefable
|-sidestart|p2: wenayardewey2|move: Light Screen
|
|-heal|p2a: Clefable|52/100|[from] move: Wish|[wisher] Clefable
|-heal|p1a: Bellossom|99/100|[from] item: Leftovers
|-heal|p2a: Clefable|58/100|[from] item: Leftovers
|upkeep
|turn|27
|
|t:|1760368640
|move|p1a: Bellossom|Acid Spray|p2a: Clefable
|-supereffective|p2a: Clefable
|-damage|p2a: Clefable|16/100
|-unboost|p2a: Clefable|spd|1
|move|p2a: Clefable|Wish|p2a: Clefable
|
|-heal|p1a: Bellossom|100/100|[from] item: Leftovers
|-heal|p2a: Clefable|22/100|[from] item: Leftovers
|upkeep
|turn|28
|
|t:|1760368644
|move|p1a: Bellossom|Acid Spray|p2a: Clefable
|-supereffective|p2a: Clefable
|-damage|p2a: Clefable|0 fnt
|faint|p2a: Clefable
|
|upkeep
|
|t:|1760368646
|switch|p2a: Dragapult|Dragapult, F, shiny|88/100
|-damage|p2a: Dragapult|76/100|[from] Spikes
|turn|29
|
|t:|1760368651
|move|p1a: Bellossom|Moonblast|p2a: Dragapult
|-supereffective|p2a: Dragapult
|-damage|p2a: Dragapult|0 fnt
|faint|p2a: Dragapult
|
|win|l'agent_yoshimbo
|raw|l&apos;agent_yoshimbo's rating: 1141 &rarr; <strong>1165</strong><br />(+24 for winning)
|raw|wenayardewey2's rating: 1129 &rarr; <strong>1105</strong><br />(-24 for losing)
|l|☆wenayardewey2
|player|p2|
|l|☆l'agent_yoshimbo
|player|p1|
