|j|☆Dew123
|j|☆Scoobenvonduben
|t:|1760318786
|gametype|singles
|player|p1|Dew123|biker-gen4|1346
|player|p2|Scoobenvonduben|brawly|1316
|gen|9
|tier|[Gen 9] OU
|rated|
|rule|HP Percentage Mod: HP is shown in percentages
|rule|Endless Battle Clause: Forcing endless battles is banned
|rule|Species Clause: Limit one of each Pokémon
|rule|OHKO Clause: OHKO moves are banned
|rule|Evasion Items Clause: Evasion items are banned
|rule|Evasion Moves Clause: Evasion moves are banned
|rule|Evasion Abilities Clause: Evasion abilities are banned
|rule|Sleep Moves Clause: Sleep-inducing moves are banned
|clearpoke
|poke|p1|Dragonite, F|
|poke|p1|Moltres|
|poke|p1|Iron Valiant|
|poke|p1|Great Tusk|
|poke|p1|Ribombee, F|
|poke|p1|Ogerpon-Wellspring, F|
|poke|p2|Blissey, F|
|poke|p2|Skeledirge, M|
|poke|p2|Gliscor, M|
|poke|p2|Gyarados, F|
|poke|p2|Corviknight, F|
|poke|p2|Grafaiai, M|
|teampreview
|inactive|Battle timer is ON: inactive players will automatically lose when time's up. (requested by Dew123)
|
|t:|1760318801
|teamsize|p1|6
|teamsize|p2|6
|start
|switch|p1a: Ribombee|Ribombee, F|100/100
|switch|p2a: Gliscor|Gliscor, M, shiny|100/100
|turn|1
|
|t:|1760318804
|move|p1a: Ribombee|Stun Spore|p2a: Gliscor|[miss]
|-miss|p1a: Ribombee|p2a: Gliscor
|move|p2a: Gliscor|Toxic|p1a: Ribombee
|-status|p1a: Ribombee|tox
|
|-damage|p1a: Ribombee|94/100 tox|[from] psn
|-status|p2a: Gliscor|tox|[from] item: Toxic Orb
|upkeep
|turn|2
|
|t:|1760318808
|move|p1a: Ribombee|Sticky Web|p2a: Gliscor
|-sidestart|p2: Scoobenvonduben|move: Sticky Web
|move|p2a: Gliscor|Spikes|p1a: Ribombee
|-sidestart|p1: Dew123|Spikes
|
|-damage|p1a: Ribombee|82/100 tox|[from] psn
|upkeep
|turn|3
|
|t:|1760318810
|move|p1a: Ribombee|Quiver Dance|p1a: Ribombee
|-boost|p1a: Ribombee|spa|1
|-boost|p1a: Ribombee|spd|1
|-boost|p1a: Ribombee|spe|1
|move|p2a: Gliscor|Spikes|p1a: Ribombee
|-sidestart|p1: Dew123|Spikes
|
|-damage|p1a: Ribombee|64/100 tox|[from] psn
|upkeep
|turn|4
|
|t:|1760318812
|switch|p2a: Grafaiai|Grafaiai, M|100/100
|-activate|p2a: Grafaiai|move: Sticky Web
|-unboost|p2a: Grafaiai|spe|1
|move|p1a: Ribombee|Quiver Dance|p1a: Ribombee
|-boost|p1a: Ribombee|spa|1
|-boost|p1a: Ribombee|spd|1
|-boost|p1a: Ribombee|spe|1
|
|-damage|p1a: Ribombee|39/100 tox|[from] psn
|upkeep
|turn|5
|
|t:|1760318815
|move|p2a: Grafaiai|Encore|p1a: Ribombee
|-start|p1a: Ribombee|Encore
|move|p1a: Ribombee|Quiver Dance|p1a: Ribombee
|-boost|p1a: Ribombee|spa|1
|-boost|p1a: Ribombee|spd|1
|-boost|p1a: Ribombee|spe|1
|
|-damage|p1a: Ribombee|9/100 tox|[from] psn
|upkeep
|turn|6
|
|t:|1760318818
|move|p1a: Ribombee|Quiver Dance|p1a: Ribombee
|-boost|p1a: Ribombee|spa|1
|-boost|p1a: Ribombee|spd|1
|-boost|p1a: Ribombee|spe|1
|move|p2a: Grafaiai|Knock Off|p1a: Ribombee
|-resisted|p1a: Ribombee
|-damage|p1a: Ribombee|0 fnt
|-enditem|p1a: Ribombee|Focus Sash|[from] move: Knock Off|[of] p2a: Grafaiai
|faint|p1a: Ribombee
|
|upkeep
|
|t:|1760318820
|switch|p1a: Great Tusk|Great Tusk|100/100
|-damage|p1a: Great Tusk|84/100|[from] Spikes
|turn|7
|
|t:|1760318822
|move|p2a: Grafaiai|Toxic|p1a: Great Tusk
|-status|p1a: Great Tusk|tox
|move|p1a: Great Tusk|Rapid Spin|p2a: Grafaiai
|-damage|p2a: Grafaiai|80/100
|-boost|p1a: Great Tusk|spe|1
|-sideend|p1: Dew123|Spikes|[from] move: Rapid Spin|[of] p1a: Great Tusk
|
|-heal|p2a: Grafaiai|87/100|[from] item: Leftovers
|-damage|p1a: Great Tusk|78/100 tox|[from] psn
|upkeep
|turn|8
|
|t:|1760318825
|move|p2a: Grafaiai|Encore|p1a: Great Tusk
|-start|p1a: Great Tusk|Encore
|move|p1a: Great Tusk|Rapid Spin|p2a: Grafaiai
|-crit|p2a: Grafaiai
|-damage|p2a: Grafaiai|53/100
|-boost|p1a: Great Tusk|spe|1
|
|-heal|p2a: Grafaiai|59/100|[from] item: Leftovers
|-damage|p1a: Great Tusk|65/100 tox|[from] psn
|upkeep
|turn|9
|
|t:|1760318827
|move|p1a: Great Tusk|Rapid Spin|p2a: Grafaiai
|-damage|p2a: Grafaiai|38/100
|-boost|p1a: Great Tusk|spe|1
|move|p2a: Grafaiai|Knock Off|p1a: Great Tusk
|-resisted|p1a: Great Tusk
|-damage|p1a: Great Tusk|59/100 tox
|-damage|p2a: Grafaiai|21/100|[from] item: Rocky Helmet|[of] p1a: Great Tusk
|-enditem|p1a: Great Tusk|Rocky Helmet|[from] move: Knock Off|[of] p2a: Grafaiai
|
|-heal|p2a: Grafaiai|27/100|[from] item: Leftovers
|-damage|p1a: Great Tusk|40/100 tox|[from] psn
|upkeep
|turn|10
|
|t:|1760318830
|move|p2a: Grafaiai|Protect|p2a: Grafaiai
|-singleturn|p2a: Grafaiai|Protect
|move|p1a: Great Tusk|Rapid Spin|p2a: Grafaiai
|-activate|p2a: Grafaiai|move: Protect
|
|-heal|p2a: Grafaiai|33/100|[from] item: Leftovers
|-damage|p1a: Great Tusk|15/100 tox|[from] psn
|-end|p1a: Great Tusk|Encore
|upkeep
|turn|11
|
|t:|1760318841
|switch|p2a: Gyarados|Gyarados, F, shiny|100/100
|-ability|p2a: Gyarados|Intimidate|boost
|-unboost|p1a: Great Tusk|atk|1
|move|p1a: Great Tusk|Stealth Rock|p2a: Gyarados
|-sidestart|p2: Scoobenvonduben|move: Stealth Rock
|
|-damage|p1a: Great Tusk|0 fnt|[from] psn
|faint|p1a: Great Tusk
|-end|p1a: Great Tusk|Protosynthesis|[silent]
|upkeep
|
|t:|1760318845
|switch|p1a: Moltres|Moltres|100/100
|turn|12
|
|t:|1760318851
|switch|p2a: Blissey|Blissey, F|100/100
|-activate|p2a: Blissey|move: Sticky Web
|-unboost|p2a: Blissey|spe|1
|-damage|p2a: Blissey|88/100|[from] Stealth Rock
|-terastallize|p1a: Moltres|Fairy
|move|p1a: Moltres|Will-O-Wisp|p2a: Blissey|[miss]
|-miss|p1a: Moltres|p2a: Blissey
|
|-heal|p2a: Blissey|94/100|[from] item: Leftovers
|upkeep
|turn|13
|
|t:|1760318858
|switch|p1a: Dragonite|Dragonite, F|100/100
|move|p2a: Blissey|Thunder Wave|p1a: Dragonite
|-status|p1a: Dragonite|par
|
|-heal|p2a: Blissey|99/100|[from] item: Leftovers
|upkeep
|turn|14
|
|t:|1760318860
|move|p1a: Dragonite|Dragon Dance|p1a: Dragonite
|-boost|p1a: Dragonite|atk|1
|-boost|p1a: Dragonite|spe|1
|move|p2a: Blissey|Stealth Rock|p1a: Dragonite
|-sidestart|p1: Dew123|move: Stealth Rock
|
|-heal|p2a: Blissey|100/100|[from] item: Leftovers
|upkeep
|turn|15
|
|t:|1760318863
|switch|p2a: Grafaiai|Grafaiai, M|33/100
|-activate|p2a: Grafaiai|move: Sticky Web
|-unboost|p2a: Grafaiai|spe|1
|-damage|p2a: Grafaiai|21/100|[from] Stealth Rock
|move|p1a: Dragonite|Dragon Dance|p1a: Dragonite
|-boost|p1a: Dragonite|atk|1
|-boost|p1a: Dragonite|spe|1
|
|-heal|p2a: Grafaiai|27/100|[from] item: Leftovers
|upkeep
|turn|16
|
|t:|1760318866
|cant|p1a: Dragonite|par
|move|p2a: Grafaiai|Encore|p1a: Dragonite
|-start|p1a: Dragonite|Encore
|
|-heal|p2a: Grafaiai|33/100|[from] item: Leftovers
|upkeep
|turn|17
|
|t:|1760318869
|move|p1a: Dragonite|Dragon Dance|p1a: Dragonite
|-boost|p1a: Dragonite|atk|1
|-boost|p1a: Dragonite|spe|1
|move|p2a: Grafaiai|Knock Off|p1a: Dragonite
|-crit|p1a: Dragonite
|-damage|p1a: Dragonite|83/100 par
|-enditem|p1a: Dragonite|Heavy-Duty Boots|[from] move: Knock Off|[of] p2a: Grafaiai
|
|-heal|p2a: Grafaiai|39/100|[from] item: Leftovers
|upkeep
|turn|18
|
|t:|1760318875
|switch|p2a: Skeledirge|Skeledirge, M|100/100
|-activate|p2a: Skeledirge|move: Sticky Web
|-unboost|p2a: Skeledirge|spe|1
|-damage|p2a: Skeledirge|76/100|[from] Stealth Rock
|move|p1a: Dragonite|Dragon Dance|p1a: Dragonite
|-boost|p1a: Dragonite|atk|1
|-boost|p1a: Dragonite|spe|1
|
|-heal|p2a: Skeledirge|82/100|[from] item: Leftovers
|upkeep
|turn|19
|
|t:|1760318880
|move|p1a: Dragonite|Dragon Dance|p1a: Dragonite
|-boost|p1a: Dragonite|atk|1
|-boost|p1a: Dragonite|spe|1
|move|p2a: Skeledirge|Hex|p1a: Dragonite
|-damage|p1a: Dragonite|30/100 par
|
|-heal|p2a: Skeledirge|88/100|[from] item: Leftovers
|-end|p1a: Dragonite|Encore
|upkeep
|turn|20
|
|t:|1760318889
|-terastallize|p2a: Skeledirge|Fairy
|move|p1a: Dragonite|Earthquake|p2a: Skeledirge
|-damage|p2a: Skeledirge|58/100
|move|p2a: Skeledirge|Hex|p1a: Dragonite
|-damage|p1a: Dragonite|0 fnt
|faint|p1a: Dragonite
|
|-heal|p2a: Skeledirge|64/100|[from] item: Leftovers
|upkeep
|
|t:|1760318899
|switch|p1a: Ogerpon|Ogerpon-Wellspring, F|100/100
|-damage|p1a: Ogerpon|88/100|[from] Stealth Rock
|turn|21
|
|t:|1760318903
|move|p1a: Ogerpon|Swords Dance|p1a: Ogerpon
|-boost|p1a: Ogerpon|atk|2
|move|p2a: Skeledirge|Will-O-Wisp|p1a: Ogerpon
|-status|p1a: Ogerpon|brn
|
|-heal|p2a: Skeledirge|70/100|[from] item: Leftovers
|-damage|p1a: Ogerpon|82/100 brn|[from] brn
|upkeep
|turn|22
|
|t:|1760318907
|move|p1a: Ogerpon|Ivy Cudgel|p2a: Skeledirge|[anim] Ivy Cudgel Water
|-damage|p2a: Skeledirge|44/100
|move|p2a: Skeledirge|Hex|p1a: Ogerpon
|-damage|p1a: Ogerpon|26/100 brn
|
|-heal|p2a: Skeledirge|50/100|[from] item: Leftovers
|-damage|p1a: Ogerpon|20/100 brn|[from] brn
|upkeep
|turn|23
|
|t:|1760318911
|move|p1a: Ogerpon|Power Whip|p2a: Skeledirge
|-damage|p2a: Skeledirge|22/100
|move|p2a: Skeledirge|Slack Off|p2a: Skeledirge
|-heal|p2a: Skeledirge|72/100
|
|-heal|p2a: Skeledirge|78/100|[from] item: Leftovers
|-damage|p1a: Ogerpon|14/100 brn|[from] brn
|upkeep
|turn|24
|
|t:|1760318915
|move|p1a: Ogerpon|Swords Dance|p1a: Ogerpon
|-boost|p1a: Ogerpon|atk|2
|move|p2a: Skeledirge|Slack Off|p2a: Skeledirge
|-heal|p2a: Skeledirge|100/100
|
|-damage|p1a: Ogerpon|8/100 brn|[from] brn
|upkeep
|turn|25
|
|t:|1760318918
|move|p1a: Ogerpon|Power Whip|p2a: Skeledirge
|-damage|p2a: Skeledirge|70/100
|move|p2a: Skeledirge|Slack Off|p2a: Skeledirge
|-heal|p2a: Skeledirge|100/100
|
|-damage|p1a: Ogerpon|2/100 brn|[from] brn
|upkeep
|turn|26
|
|t:|1760318920
|move|p1a: Ogerpon|Ivy Cudgel|p2a: Skeledirge|[anim] Ivy Cudgel Water
|-damage|p2a: Skeledirge|76/100
|move|p2a: Skeledirge|Slack Off|p2a: Skeledirge
|-heal|p2a: Skeledirge|100/100
|
|-damage|p1a: Ogerpon|0 fnt|[from] brn
|faint|p1a: Ogerpon
|upkeep
|
|t:|1760318922
|switch|p1a: Iron Valiant|Iron Valiant|100/100
|-damage|p1a: Iron Valiant|94/100|[from] Stealth Rock
|-enditem|p1a: Iron Valiant|Booster Energy
|-activate|p1a: Iron Valiant|ability: Quark Drive|[fromitem]
|-start|p1a: Iron Valiant|quarkdrivespa
|turn|27
|
|t:|1760318927
|move|p1a: Iron Valiant|Moonblast|p2a: Skeledirge
|-damage|p2a: Skeledirge|56/100
|move|p2a: Skeledirge|Will-O-Wisp|p1a: Iron Valiant
|-status|p1a: Iron Valiant|brn
|
|-heal|p2a: Skeledirge|62/100|[from] item: Leftovers
|-damage|p1a: Iron Valiant|88/100 brn|[from] brn
|upkeep
|turn|28
|
|t:|1760318932
|move|p1a: Iron Valiant|Moonblast|p2a: Skeledirge
|-damage|p2a: Skeledirge|18/100
|move|p2a: Skeledirge|Slack Off|p2a: Skeledirge
|-heal|p2a: Skeledirge|68/100
|
|-heal|p2a: Skeledirge|74/100|[from] item: Leftovers
|-damage|p1a: Iron Valiant|82/100 brn|[from] brn
|upkeep
|turn|29
|
|t:|1760318936
|move|p1a: Iron Valiant|Moonblast|p2a: Skeledirge
|-damage|p2a: Skeledirge|28/100
|move|p2a: Skeledirge|Slack Off|p2a: Skeledirge
|-heal|p2a: Skeledirge|78/100
|
|-heal|p2a: Skeledirge|84/100|[from] item: Leftovers
|-damage|p1a: Iron Valiant|76/100 brn|[from] brn
|upkeep
|turn|30
|
|t:|1760318938
|move|p1a: Iron Valiant|Thunderbolt|p2a: Skeledirge
|-damage|p2a: Skeledirge|55/100
|move|p2a: Skeledirge|Hex|p1a: Iron Valiant
|-damage|p1a: Iron Valiant|0 fnt
|faint|p1a: Iron Valiant
|-end|p1a: Iron Valiant|Quark Drive|[silent]
|
|-heal|p2a: Skeledirge|61/100|[from] item: Leftovers
|upkeep
|
|t:|1760318939
|switch|p1a: Moltres|Moltres, tera:Fairy|100/100
|turn|31
|
|t:|1760318943
|move|p1a: Moltres|Air Slash|p2a: Skeledirge
|-damage|p2a: Skeledirge|35/100
|move|p2a: Skeledirge|Will-O-Wisp|p1a: Moltres
|-status|p1a: Moltres|brn
|
|-heal|p2a: Skeledirge|41/100|[from] item: Leftovers
|-damage|p1a: Moltres|94/100 brn|[from] brn
|upkeep
|turn|32
|
|t:|1760318945
|move|p1a: Moltres|Air Slash|p2a: Skeledirge
|-damage|p2a: Skeledirge|14/100
|move|p2a: Skeledirge|Slack Off|p2a: Skeledirge
|-heal|p2a: Skeledirge|64/100
|
|-heal|p2a: Skeledirge|71/100|[from] item: Leftovers
|-damage|p1a: Moltres|88/100 brn|[from] brn
|upkeep
|turn|33
|
|t:|1760318948
|move|p1a: Moltres|Flamethrower|p2a: Skeledirge
|-damage|p2a: Skeledirge|36/100
|move|p2a: Skeledirge|Hex|p1a: Moltres
|-damage|p1a: Moltres|40/100 brn
|
|-heal|p2a: Skeledirge|42/100|[from] item: Leftovers
|-damage|p1a: Moltres|34/100 brn|[from] brn
|upkeep
|turn|34
|
|t:|1760318950
|move|p1a: Moltres|Flamethrower|p2a: Skeledirge
|-damage|p2a: Skeledirge|9/100
|move|p2a: Skeledirge|Slack Off|p2a: Skeledirge
|-heal|p2a: Skeledirge|59/100
|
|-heal|p2a: Skeledirge|65/100|[from] item: Leftovers
|-damage|p1a: Moltres|28/100 brn|[from] brn
|upkeep
|turn|35
|
|t:|1760318952
|move|p1a: Moltres|Roost|p1a: Moltres
|-heal|p1a: Moltres|78/100 brn
|move|p2a: Skeledirge|Hex|p1a: Moltres
|-damage|p1a: Moltres|32/100 brn
|
|-heal|p2a: Skeledirge|72/100|[from] item: Leftovers
|-damage|p1a: Moltres|26/100 brn|[from] brn
|upkeep
|turn|36
|
|t:|1760318954
|move|p1a: Moltres|Flamethrower|p2a: Skeledirge
|-damage|p2a: Skeledirge|41/100
|move|p2a: Skeledirge|Hex|p1a: Moltres
|-damage|p1a: Moltres|0 fnt
|faint|p1a: Moltres
|
|win|Scoobenvonduben
|raw|Dew123's rating: 1346 &rarr; <strong>1324</strong><br />(-22 for losing)
|raw|Scoobenvonduben's rating: 1316 &rarr; <strong>1338</strong><br />(+22 for winning)
|l|☆Dew123
|player|p1|
|l|☆Scoobenvonduben
|player|p2|
