|j|☆MegaHitmonleeWhen
|j|☆godliestwalrus
|t:|1760352127
|gametype|singles
|player|p1|MegaHitmonleeWhen|blackbelt|1356
|player|p2|godliestwalrus|acerola|1389
|gen|9
|tier|[Gen 9] OU
|rated|
|rule|HP Percentage Mod: HP is shown in percentages
|rule|Endless Battle Clause: Forcing endless battles is banned
|rule|Species Clause: Limit one of each Pokémon
|rule|OHKO Clause: OHKO moves are banned
|rule|Evasion Items Clause: Evasion items are banned
|rule|Evasion Moves Clause: Evasion moves are banned
|rule|Evasion Abilities Clause: Evasion abilities are banned
|rule|Sleep Moves Clause: Sleep-inducing moves are banned
|clearpoke
|poke|p1|Magnezone|
|poke|p1|Regidrago|
|poke|p1|Great Tusk|
|poke|p1|Clodsire, M|
|poke|p1|Barraskewda, F|
|poke|p1|Iron Hands|
|poke|p2|Primarina, F|
|poke|p2|Ceruledge, F|
|poke|p2|Corviknight, F|
|poke|p2|Gliscor, F|
|poke|p2|Iron Crown|
|poke|p2|Meowscarada, M|
|teampreview
|inactive|Battle timer is ON: inactive players will automatically lose when time's up. (requested by godliestwalrus)
|c|☆MegaHitmonleeWhen|Gl
|inactive|godliestwalrus has 120 seconds left.
|
|t:|1760352163
|teamsize|p1|6
|teamsize|p2|6
|start
|switch|p1a: Barraskewda|Barraskewda, F|100/100
|switch|p2a: Primarina|Primarina, F|100/100
|turn|1
|
|t:|1760352170
|switch|p2a: Corviknight|Corviknight, F|100/100
|-ability|p2a: Corviknight|Pressure
|move|p1a: Barraskewda|Flip Turn|p2a: Corviknight
|-damage|p2a: Corviknight|75/100
|-damage|p1a: Barraskewda|84/100|[from] item: Rocky Helmet|[of] p2a: Corviknight
|
|t:|1760352179
|switch|p1a: Magnezone|Magnezone|100/100|[from] Flip Turn
|
|upkeep
|turn|2
|
|t:|1760352186
|move|p1a: Magnezone|Thunderbolt|p2a: Corviknight
|-supereffective|p2a: Corviknight
|-damage|p2a: Corviknight|0 fnt
|faint|p2a: Corviknight
|
|upkeep
|
|t:|1760352187
|switch|p2a: Gliscor|Gliscor, F|100/100
|turn|3
|
|t:|1760352195
|switch|p1a: Clodsire|Clodsire, M|100/100
|move|p2a: Gliscor|Toxic|p1a: Clodsire
|-immune|p1a: Clodsire
|
|-status|p2a: Gliscor|tox|[from] item: Toxic Orb
|upkeep
|turn|4
|
|t:|1760352202
|switch|p1a: Great Tusk|Great Tusk|100/100
|move|p2a: Gliscor|Earthquake|p1a: Great Tusk
|-damage|p1a: Great Tusk|85/100
|
|upkeep
|turn|5
|
|t:|1760352208
|switch|p2a: Iron Crown|Iron Crown|100/100
|move|p1a: Great Tusk|Stealth Rock|p2a: Iron Crown
|-sidestart|p2: godliestwalrus|move: Stealth Rock
|
|upkeep
|turn|6
|
|t:|1760352215
|-end|p1a: Great Tusk|Protosynthesis|[silent]
|switch|p1a: Clodsire|Clodsire, M|100/100
|move|p2a: Iron Crown|Psychic Noise|p1a: Clodsire
|-supereffective|p1a: Clodsire
|-damage|p1a: Clodsire|61/100
|-start|p1a: Clodsire|move: Heal Block
|
|upkeep
|turn|7
|
|t:|1760352220
|move|p2a: Iron Crown|Psychic Noise|p1a: Clodsire
|-supereffective|p1a: Clodsire
|-damage|p1a: Clodsire|18/100
|move|p1a: Clodsire|Earthquake|p2a: Iron Crown
|-supereffective|p2a: Iron Crown
|-damage|p2a: Iron Crown|42/100
|
|-end|p1a: Clodsire|move: Heal Block
|upkeep
|turn|8
|
|t:|1760352231
|-end|p2a: Iron Crown|Quark Drive|[silent]
|switch|p2a: Gliscor|Gliscor, F|100/100 tox
|-damage|p2a: Gliscor|88/100 tox|[from] Stealth Rock
|switch|p1a: Magnezone|Magnezone|100/100
|
|-heal|p2a: Gliscor|100/100 tox|[from] ability: Poison Heal
|upkeep
|turn|9
|
|t:|1760352239
|switch|p1a: Clodsire|Clodsire, M|18/100
|move|p2a: Gliscor|Stealth Rock|p1a: Clodsire
|-sidestart|p1: MegaHitmonleeWhen|move: Stealth Rock
|
|-heal|p1a: Clodsire|24/100|[from] item: Leftovers
|upkeep
|turn|10
|
|t:|1760352244
|switch|p1a: Great Tusk|Great Tusk|85/100
|-damage|p1a: Great Tusk|82/100|[from] Stealth Rock
|move|p2a: Gliscor|Earthquake|p1a: Great Tusk
|-damage|p1a: Great Tusk|64/100
|
|upkeep
|turn|11
|
|t:|1760352248
|move|p2a: Gliscor|Toxic|p1a: Great Tusk
|-status|p1a: Great Tusk|tox
|move|p1a: Great Tusk|Rapid Spin|p2a: Gliscor
|-damage|p2a: Gliscor|88/100 tox
|-boost|p1a: Great Tusk|spe|1
|-sideend|p1: MegaHitmonleeWhen|Stealth Rock|[from] move: Rapid Spin|[of] p1a: Great Tusk
|
|-damage|p1a: Great Tusk|58/100 tox|[from] psn
|-heal|p2a: Gliscor|99/100 tox|[from] ability: Poison Heal
|upkeep
|turn|12
|
|t:|1760352253
|-end|p1a: Great Tusk|Protosynthesis|[silent]
|switch|p1a: Regidrago|Regidrago|100/100
|move|p2a: Gliscor|Protect||[still]
|-fail|p2a: Gliscor
|
|-heal|p2a: Gliscor|100/100 tox|[from] ability: Poison Heal
|upkeep
|turn|13
|
|t:|1760352259
|switch|p1a: Magnezone|Magnezone|100/100
|move|p2a: Gliscor|Toxic|p1a: Magnezone
|-immune|p1a: Magnezone
|
|upkeep
|turn|14
|
|t:|1760352267
|switch|p1a: Great Tusk|Great Tusk|58/100 tox
|move|p2a: Gliscor|Earthquake|p1a: Great Tusk
|-damage|p1a: Great Tusk|42/100 tox
|
|-damage|p1a: Great Tusk|35/100 tox|[from] psn
|upkeep
|turn|15
|
|t:|1760352273
|-end|p1a: Great Tusk|Protosynthesis|[silent]
|switch|p1a: Barraskewda|Barraskewda, F|84/100
|move|p2a: Gliscor|Protect||[still]
|-fail|p2a: Gliscor
|
|upkeep
|turn|16
|
|t:|1760352279
|move|p2a: Gliscor|Protect|p2a: Gliscor
|-singleturn|p2a: Gliscor|Protect
|move|p1a: Barraskewda|Flip Turn|p2a: Gliscor
|-activate|p2a: Gliscor|move: Protect
|
|upkeep
|turn|17
|
|t:|1760352286
|move|p1a: Barraskewda|Flip Turn|p2a: Gliscor
|-supereffective|p2a: Gliscor
|-damage|p2a: Gliscor|22/100 tox
|
|t:|1760352300
|switch|p1a: Clodsire|Clodsire, M|24/100|[from] Flip Turn
|move|p2a: Gliscor|Stealth Rock|p1a: Clodsire
|-sidestart|p1: MegaHitmonleeWhen|move: Stealth Rock
|
|-heal|p1a: Clodsire|31/100|[from] item: Leftovers
|-heal|p2a: Gliscor|34/100 tox|[from] ability: Poison Heal
|upkeep
|turn|18
|
|t:|1760352314
|switch|p1a: Great Tusk|Great Tusk|35/100 tox
|-damage|p1a: Great Tusk|32/100 tox|[from] Stealth Rock
|move|p2a: Gliscor|Earthquake|p1a: Great Tusk
|-damage|p1a: Great Tusk|15/100 tox
|
|-heal|p2a: Gliscor|47/100 tox|[from] ability: Poison Heal
|-damage|p1a: Great Tusk|9/100 tox|[from] psn
|upkeep
|turn|19
|
|t:|1760352319
|move|p2a: Gliscor|Protect|p2a: Gliscor
|-singleturn|p2a: Gliscor|Protect
|move|p1a: Great Tusk|Rapid Spin|p2a: Gliscor
|-activate|p2a: Gliscor|move: Protect
|
|-heal|p2a: Gliscor|59/100 tox|[from] ability: Poison Heal
|-damage|p1a: Great Tusk|0 fnt|[from] psn
|faint|p1a: Great Tusk
|-end|p1a: Great Tusk|Protosynthesis|[silent]
|upkeep
|
|t:|1760352325
|switch|p1a: Regidrago|Regidrago|100/100
|-damage|p1a: Regidrago|88/100|[from] Stealth Rock
|turn|20
|
|t:|1760352328
|move|p2a: Gliscor|Protect||[still]
|-fail|p2a: Gliscor
|move|p1a: Regidrago|Dragon Energy|p2a: Gliscor
|-damage|p2a: Gliscor|0 fnt
|faint|p2a: Gliscor
|
|upkeep
|c|☆godliestwalrus|im
|c|☆godliestwalrus|legit
|c|☆godliestwalrus|a caveman
|
|t:|1760352339
|switch|p2a: Primarina|Primarina, F|100/100
|-damage|p2a: Primarina|88/100|[from] Stealth Rock
|turn|21
|c|☆MegaHitmonleeWhen|Uh
|
|t:|1760352350
|switch|p1a: Clodsire|Clodsire, M|31/100
|-damage|p1a: Clodsire|24/100|[from] Stealth Rock
|move|p2a: Primarina|Flip Turn|p1a: Clodsire
|-heal|p1a: Clodsire|49/100|[from] ability: Water Absorb|[of] p2a: Primarina
|
|-heal|p1a: Clodsire|56/100|[from] item: Leftovers
|upkeep
|turn|22
|
|t:|1760352360
|switch|p2a: Meowscarada|Meowscarada, M|100/100
|move|p1a: Clodsire|Toxic|p2a: Meowscarada
|-status|p2a: Meowscarada|tox
|
|-heal|p1a: Clodsire|62/100|[from] item: Leftovers
|-damage|p2a: Meowscarada|94/100 tox|[from] psn
|upkeep
|turn|23
|
|t:|1760352366
|switch|p1a: Iron Hands|Iron Hands|100/100
|-damage|p1a: Iron Hands|94/100|[from] Stealth Rock
|move|p2a: Meowscarada|Triple Axel|p1a: Iron Hands
|-start|p2a: Meowscarada|typechange|Ice|[from] ability: Protean
|-damage|p1a: Iron Hands|88/100
|-damage|p1a: Iron Hands|76/100
|-damage|p1a: Iron Hands|60/100
|-hitcount|p1a: Iron Hands|3
|
|-heal|p1a: Iron Hands|66/100|[from] item: Leftovers
|-damage|p2a: Meowscarada|82/100 tox|[from] psn
|upkeep
|turn|24
|
|t:|1760352376
|move|p2a: Meowscarada|U-turn|p1a: Iron Hands
|-resisted|p1a: Iron Hands
|-damage|p1a: Iron Hands|58/100
|
|t:|1760352378
|switch|p2a: Ceruledge|Ceruledge, F|100/100|[from] U-turn
|move|p1a: Iron Hands|Supercell Slam|p2a: Ceruledge
|-damage|p2a: Ceruledge|20/100
|
|-heal|p1a: Iron Hands|64/100|[from] item: Leftovers
|upkeep
|turn|25
|
|t:|1760352389
|move|p2a: Ceruledge|Bitter Blade|p1a: Iron Hands
|-damage|p1a: Iron Hands|41/100
|-heal|p2a: Ceruledge|39/100|[from] drain|[of] p1a: Iron Hands
|move|p1a: Iron Hands|Supercell Slam|p2a: Ceruledge
|-crit|p2a: Ceruledge
|-damage|p2a: Ceruledge|0 fnt
|faint|p2a: Ceruledge
|
|-heal|p1a: Iron Hands|47/100|[from] item: Leftovers
|upkeep
|
|t:|1760352393
|switch|p2a: Iron Crown|Iron Crown|42/100
|-damage|p2a: Iron Crown|36/100|[from] Stealth Rock
|turn|26
|
|t:|1760352397
|-end|p1a: Iron Hands|Quark Drive|[silent]
|switch|p1a: Magnezone|Magnezone|100/100
|-damage|p1a: Magnezone|94/100|[from] Stealth Rock
|move|p2a: Iron Crown|Focus Blast|p1a: Magnezone
|-supereffective|p1a: Magnezone
|-damage|p1a: Magnezone|0 fnt
|faint|p1a: Magnezone
|
|upkeep
|
|t:|1760352418
|switch|p1a: Barraskewda|Barraskewda, F|84/100
|-damage|p1a: Barraskewda|72/100|[from] Stealth Rock
|turn|27
|
|t:|1760352423
|-end|p2a: Iron Crown|Quark Drive|[silent]
|switch|p2a: Primarina|Primarina, F|88/100
|-damage|p2a: Primarina|76/100|[from] Stealth Rock
|move|p1a: Barraskewda|Flip Turn|p2a: Primarina
|-resisted|p2a: Primarina
|-damage|p2a: Primarina|48/100
|
|t:|1760352433
|switch|p1a: Clodsire|Clodsire, M|62/100|[from] Flip Turn
|-damage|p1a: Clodsire|56/100|[from] Stealth Rock
|
|-heal|p1a: Clodsire|62/100|[from] item: Leftovers
|upkeep
|turn|28
|
|t:|1760352437
|switch|p2a: Meowscarada|Meowscarada, M|82/100 tox
|move|p1a: Clodsire|Earthquake|p2a: Meowscarada
|-resisted|p2a: Meowscarada
|-damage|p2a: Meowscarada|62/100 tox
|
|-heal|p1a: Clodsire|68/100|[from] item: Leftovers
|-damage|p2a: Meowscarada|56/100 tox|[from] psn
|upkeep
|turn|29
|
|t:|1760352445
|switch|p1a: Iron Hands|Iron Hands|47/100
|-damage|p1a: Iron Hands|41/100|[from] Stealth Rock
|move|p2a: Meowscarada|Knock Off|p1a: Iron Hands
|-start|p2a: Meowscarada|typechange|Dark|[from] ability: Protean
|-resisted|p1a: Iron Hands
|-damage|p1a: Iron Hands|27/100
|-enditem|p1a: Iron Hands|Leftovers|[from] move: Knock Off|[of] p2a: Meowscarada
|
|-damage|p2a: Meowscarada|44/100 tox|[from] psn
|upkeep
|turn|30
|
|t:|1760352453
|move|p2a: Meowscarada|U-turn|p1a: Iron Hands
|-resisted|p1a: Iron Hands
|-damage|p1a: Iron Hands|20/100
|
|t:|1760352455
|switch|p2a: Primarina|Primarina, F|48/100|[from] U-turn
|-damage|p2a: Primarina|35/100|[from] Stealth Rock
|move|p1a: Iron Hands|Drain Punch|p2a: Primarina
|-resisted|p2a: Primarina
|-damage|p2a: Primarina|1/100
|-heal|p1a: Iron Hands|30/100|[from] drain|[of] p2a: Primarina
|
|upkeep
|turn|31
|
|t:|1760352464
|switch|p2a: Meowscarada|Meowscarada, M|44/100 tox
|-end|p1a: Iron Hands|Quark Drive|[silent]
|switch|p1a: Clodsire|Clodsire, M|68/100
|-damage|p1a: Clodsire|62/100|[from] Stealth Rock
|
|-heal|p1a: Clodsire|68/100|[from] item: Leftovers
|-damage|p2a: Meowscarada|37/100 tox|[from] psn
|upkeep
|turn|32
|
|t:|1760352481
|switch|p1a: Iron Hands|Iron Hands|30/100
|-damage|p1a: Iron Hands|24/100|[from] Stealth Rock
|move|p2a: Meowscarada|Triple Axel|p1a: Iron Hands
|-start|p2a: Meowscarada|typechange|Ice|[from] ability: Protean
|-damage|p1a: Iron Hands|18/100
|-damage|p1a: Iron Hands|6/100
|-damage|p1a: Iron Hands|0 fnt
|faint|p1a: Iron Hands
|-end|p1a: Iron Hands|Quark Drive|[silent]
|-hitcount|p1: Iron Hands|3
|
|-damage|p2a: Meowscarada|25/100 tox|[from] psn
|upkeep
|
|t:|1760352486
|switch|p1a: Barraskewda|Barraskewda, F|72/100
|-damage|p1a: Barraskewda|60/100|[from] Stealth Rock
|turn|33
|
|t:|1760352490
|switch|p2a: Primarina|Primarina, F|1/100
|-damage|p2a: Primarina|0 fnt|[from] Stealth Rock
|faint|p2a: Primarina
|move|p1a: Barraskewda|Flip Turn|p2: Primarina|[notarget]
|-fail|p1a: Barraskewda
|
|upkeep
|
|t:|1760352494
|switch|p2a: Iron Crown|Iron Crown|36/100
|-damage|p2a: Iron Crown|29/100|[from] Stealth Rock
|turn|34
|
|t:|1760352497
|move|p2a: Iron Crown|Psychic Noise|p1a: Barraskewda
|-damage|p1a: Barraskewda|0 fnt
|faint|p1a: Barraskewda
|
|upkeep
|
|t:|1760352504
|switch|p1a: Regidrago|Regidrago|88/100
|-damage|p1a: Regidrago|76/100|[from] Stealth Rock
|turn|35
|
|t:|1760352508
|move|p2a: Iron Crown|Psychic Noise|p1a: Regidrago
|-damage|p1a: Regidrago|38/100
|-start|p1a: Regidrago|move: Heal Block
|move|p1a: Regidrago|Earth Power|p2a: Iron Crown
|-supereffective|p2a: Iron Crown
|-damage|p2a: Iron Crown|0 fnt
|faint|p2a: Iron Crown
|-end|p2a: Iron Crown|Quark Drive|[silent]
|
|upkeep
|
|t:|1760352512
|switch|p2a: Meowscarada|Meowscarada, M|25/100 tox
|turn|36
|
|t:|1760352516
|switch|p1a: Clodsire|Clodsire, M|68/100
|-damage|p1a: Clodsire|62/100|[from] Stealth Rock
|move|p2a: Meowscarada|Triple Axel|p1a: Clodsire
|-start|p2a: Meowscarada|typechange|Ice|[from] ability: Protean
|-supereffective|p1a: Clodsire
|-damage|p1a: Clodsire|40/100
|-supereffective|p1a: Clodsire
|-damage|p1a: Clodsire|0 fnt
|faint|p1a: Clodsire
|-hitcount|p1: Clodsire|2
|
|-damage|p2a: Meowscarada|19/100 tox|[from] psn
|upkeep
|
|t:|1760352519
|switch|p1a: Regidrago|Regidrago|38/100
|-damage|p1a: Regidrago|26/100|[from] Stealth Rock
|turn|37
|
|t:|1760352523
|-terastallize|p1a: Regidrago|Dragon
|move|p1a: Regidrago|Dragon Pulse|p2a: Meowscarada
|-damage|p2a: Meowscarada|0 fnt
|faint|p2a: Meowscarada
|
|win|MegaHitmonleeWhen
|raw|MegaHitmonleeWhen's rating: 1356 &rarr; <strong>1378</strong><br />(+22 for winning)
|raw|godliestwalrus's rating: 1389 &rarr; <strong>1367</strong><br />(-22 for losing)
|c|☆godliestwalrus|oh
|c|☆godliestwalrus|u were
|c|☆godliestwalrus|scarf
|c|☆godliestwalrus|whole time
|c|☆godliestwalrus|xd
|c|☆godliestwalrus|gg
|c|☆MegaHitmonleeWhen|Gg
|c|☆MegaHitmonleeWhen|Lol
|l|☆godliestwalrus
|player|p2|
|l|☆MegaHitmonleeWhen
|player|p1|
