|j|☆monotyrant
|j|☆Max2milli
|t:|1760460502
|gametype|singles
|player|p1|monotyrant|266|1244
|player|p2|Max2milli|101|1212
|gen|9
|tier|[Gen 9] OU
|rated|
|rule|HP Percentage Mod: HP is shown in percentages
|rule|Endless Battle Clause: Forcing endless battles is banned
|rule|Species Clause: Limit one of each Pokémon
|rule|OHKO Clause: OHKO moves are banned
|rule|Evasion Items Clause: Evasion items are banned
|rule|Evasion Moves Clause: Evasion moves are banned
|rule|Evasion Abilities Clause: Evasion abilities are banned
|rule|Sleep Moves Clause: Sleep-inducing moves are banned
|clearpoke
|poke|p1|Dragonite, M|
|poke|p1|Garchomp, M|
|poke|p1|Muk-Alola, F|
|poke|p1|Krookodile, M|
|poke|p1|Gallade, M|
|poke|p1|Veluza, F|
|poke|p2|Basculegion, M|
|poke|p2|Politoed, M|
|poke|p2|Kingdra, M|
|poke|p2|Overqwil, F|
|poke|p2|Zapdos|
|poke|p2|Corviknight, M|
|teampreview
|
|t:|1760460520
|teamsize|p1|6
|teamsize|p2|6
|start
|switch|p1a: Muk|Muk-Alola, F, shiny|100/100
|switch|p2a: Politoed|Politoed, M, shiny|100/100
|-weather|RainDance|[from] ability: Drizzle|[of] p2a: Politoed
|turn|1
|inactive|Battle timer is ON: inactive players will automatically lose when time's up. (requested by monotyrant)
|
|t:|1760460559
|move|p2a: Politoed|Weather Ball|p1a: Muk
|-damage|p1a: Muk|77/100
|move|p1a: Muk|Knock Off|p2a: Politoed
|-damage|p2a: Politoed|53/100
|-enditem|p2a: Politoed|Damp Rock|[from] move: Knock Off|[of] p1a: Muk
|
|-weather|RainDance|[upkeep]
|upkeep
|turn|2
|
|t:|1760460574
|move|p2a: Politoed|Chilling Water|p1a: Muk
|-damage|p1a: Muk|64/100
|-unboost|p1a: Muk|atk|1
|move|p1a: Muk|Knock Off|p2a: Politoed
|-damage|p2a: Politoed|32/100
|
|-weather|RainDance|[upkeep]
|upkeep
|turn|3
|
|t:|1760460587
|switch|p2a: Overqwil|Overqwil, F|100/100
|move|p1a: Muk|Knock Off|p2a: Overqwil
|-resisted|p2a: Overqwil
|-damage|p2a: Overqwil|88/100
|-damage|p1a: Muk|47/100|[from] item: Rocky Helmet|[of] p2a: Overqwil
|-enditem|p2a: Overqwil|Rocky Helmet|[from] move: Knock Off|[of] p1a: Muk
|
|-weather|RainDance|[upkeep]
|upkeep
|turn|4
|
|t:|1760460597
|switch|p1a: Krookodile|Krookodile, M, shiny|100/100
|-ability|p1a: Krookodile|Intimidate|boost
|-unboost|p2a: Overqwil|atk|1
|move|p2a: Overqwil|Spikes|p1a: Krookodile
|-sidestart|p1: monotyrant|Spikes
|
|-weather|RainDance|[upkeep]
|upkeep
|turn|5
|
|t:|1760460611
|-terastallize|p2a: Overqwil|Grass
|move|p2a: Overqwil|Toxic Spikes|p1a: Krookodile
|-sidestart|p1: monotyrant|move: Toxic Spikes
|move|p1a: Krookodile|Stealth Rock|p2a: Overqwil
|-sidestart|p2: Max2milli|move: Stealth Rock
|
|-weather|RainDance|[upkeep]
|upkeep
|turn|6
|
|t:|1760460620
|switch|p1a: Dragonite|Dragonite, M, shiny|100/100
|move|p2a: Overqwil|Toxic Spikes|p1a: Dragonite
|-sidestart|p1: monotyrant|move: Toxic Spikes
|
|-weather|RainDance|[upkeep]
|upkeep
|turn|7
|
|t:|1760460635
|move|p2a: Overqwil|Spikes|p1a: Dragonite
|-sidestart|p1: monotyrant|Spikes
|move|p1a: Dragonite|Hurricane|p2a: Overqwil
|-supereffective|p2a: Overqwil
|-damage|p2a: Overqwil|0 fnt
|faint|p2a: Overqwil
|
|-weather|RainDance|[upkeep]
|upkeep
|
|t:|1760460645
|switch|p2a: Kingdra|Kingdra, M, shiny|100/100
|-damage|p2a: Kingdra|88/100|[from] Stealth Rock
|turn|8
|
|t:|1760460655
|move|p2a: Kingdra|Ice Beam|p1a: Dragonite
|-supereffective|p1a: Dragonite
|-damage|p1a: Dragonite|45/100
|move|p1a: Dragonite|Hurricane|p2a: Kingdra
|-damage|p2a: Kingdra|52/100
|-start|p2a: Kingdra|confusion
|
|-weather|none
|upkeep
|turn|9
|
|t:|1760460664
|-activate|p2a: Kingdra|confusion
|move|p2a: Kingdra|Ice Beam|p1a: Dragonite
|-supereffective|p1a: Dragonite
|-damage|p1a: Dragonite|0 fnt
|faint|p1a: Dragonite
|
|upkeep
|
|t:|1760460668
|switch|p1a: Muk|Muk-Alola, F, shiny|47/100
|-damage|p1a: Muk|31/100|[from] Spikes
|-sideend|p1: monotyrant|move: Toxic Spikes|[of] p1a: Muk
|turn|10
|
|t:|1760460678
|switch|p2a: Politoed|Politoed, M, shiny|32/100
|-damage|p2a: Politoed|19/100|[from] Stealth Rock
|-weather|RainDance|[from] ability: Drizzle|[of] p2a: Politoed
|move|p1a: Muk|Knock Off|p2a: Politoed
|-damage|p2a: Politoed|0 fnt
|faint|p2a: Politoed
|
|-weather|RainDance|[upkeep]
|upkeep
|
|t:|1760460689
|switch|p2a: Basculegion|Basculegion, M, shiny|100/100
|-damage|p2a: Basculegion|88/100|[from] Stealth Rock
|turn|11
|
|t:|1760460701
|switch|p1a: Krookodile|Krookodile, M, shiny|100/100
|-damage|p1a: Krookodile|84/100|[from] Spikes
|-ability|p1a: Krookodile|Intimidate|boost
|-unboost|p2a: Basculegion|atk|1
|move|p2a: Basculegion|Wave Crash|p1a: Krookodile
|-supereffective|p1a: Krookodile
|-damage|p1a: Krookodile|0 fnt
|faint|p1a: Krookodile
|-damage|p2a: Basculegion|64/100|[from] Recoil
|
|-weather|RainDance|[upkeep]
|upkeep
|
|t:|1760460708
|switch|p1a: Garchomp|Garchomp, M, shiny|100/100
|-damage|p1a: Garchomp|84/100|[from] Spikes
|turn|12
|
|t:|1760460714
|move|p2a: Basculegion|Wave Crash|p1a: Garchomp
|-damage|p1a: Garchomp|15/100
|-damage|p2a: Basculegion|52/100|[from] ability: Rough Skin|[of] p1a: Garchomp
|-damage|p2a: Basculegion|35/100|[from] item: Rocky Helmet|[of] p1a: Garchomp
|-damage|p2a: Basculegion|13/100|[from] Recoil
|move|p1a: Garchomp|Dragon Tail|p2a: Basculegion
|-crit|p2a: Basculegion
|-damage|p2a: Basculegion|0 fnt
|faint|p2a: Basculegion
|
|-weather|RainDance|[upkeep]
|upkeep
|
|t:|1760460727
|switch|p2a: Corviknight|Corviknight, M, shiny|100/100
|-damage|p2a: Corviknight|88/100|[from] Stealth Rock
|turn|13
|
|t:|1760460734
|move|p1a: Garchomp|Spikes|p2a: Corviknight
|-sidestart|p2: Max2milli|Spikes
|move|p2a: Corviknight|Body Press|p1a: Garchomp
|-damage|p1a: Garchomp|0 fnt
|-damage|p2a: Corviknight|76/100|[from] ability: Rough Skin|[of] p1a: Garchomp
|-damage|p2a: Corviknight|59/100|[from] item: Rocky Helmet|[of] p1a: Garchomp
|faint|p1a: Garchomp
|
|-weather|RainDance|[upkeep]
|-heal|p2a: Corviknight|65/100|[from] item: Leftovers
|upkeep
|
|t:|1760460745
|switch|p1a: Veluza|Veluza, F, shiny|100/100
|-damage|p1a: Veluza|84/100|[from] Spikes
|turn|14
|
|t:|1760460762
|move|p1a: Veluza|Fillet Away|p1a: Veluza
|-boost|p1a: Veluza|atk|2
|-boost|p1a: Veluza|spa|2
|-boost|p1a: Veluza|spe|2
|-damage|p1a: Veluza|34/100
|move|p2a: Corviknight|Defog|p1a: Veluza
|-unboost|p1a: Veluza|evasion|1
|-sideend|p1: monotyrant|Spikes|[from] move: Defog|[of] p2a: Corviknight
|-sideend|p2: Max2milli|Spikes|[from] move: Defog|[of] p2a: Corviknight
|-sideend|p2: Max2milli|Stealth Rock|[from] move: Defog|[of] p2a: Corviknight
|
|-weather|none
|-heal|p2a: Corviknight|72/100|[from] item: Leftovers
|upkeep
|turn|15
|
|t:|1760460776
|move|p1a: Veluza|Aqua Cutter|p2a: Corviknight
|-crit|p2a: Corviknight
|-damage|p2a: Corviknight|0 fnt
|faint|p2a: Corviknight
|
|upkeep
|
|t:|1760460791
|switch|p2a: Zapdos|Zapdos|100/100
|turn|16
|
|t:|1760460796
|-terastallize|p1a: Veluza|Normal
|move|p1a: Veluza|Slash|p2a: Zapdos
|-damage|p2a: Zapdos|0 fnt
|faint|p2a: Zapdos
|
|upkeep
|c|☆Max2milli|gg
|
|t:|1760460803
|switch|p2a: Kingdra|Kingdra, M, shiny|52/100
|turn|17
|
|t:|1760460808
|move|p1a: Veluza|Slash|p2a: Kingdra
|-damage|p2a: Kingdra|0 fnt
|faint|p2a: Kingdra
|
|win|monotyrant
|raw|monotyrant's rating: 1244 &rarr; <strong>1267</strong><br />(+23 for winning)
|raw|Max2milli's rating: 1212 &rarr; <strong>1189</strong><br />(-23 for losing)
|l|☆Max2milli
|player|p2|
