|j|☆solocosmata
|j|☆hohai
|t:|1760429701
|gametype|singles
|player|p1|solocosmata|psychic-gen4|1123
|player|p2|hohai|101|1071
|gen|9
|tier|[Gen 9] OU
|rated|
|rule|HP Percentage Mod: HP is shown in percentages
|rule|Endless Battle Clause: Forcing endless battles is banned
|rule|Species Clause: Limit one of each Pokémon
|rule|OHKO Clause: OHKO moves are banned
|rule|Evasion Items Clause: Evasion items are banned
|rule|Evasion Moves Clause: Evasion moves are banned
|rule|Evasion Abilities Clause: Evasion abilities are banned
|rule|Sleep Moves Clause: Sleep-inducing moves are banned
|clearpoke
|poke|p1|Clodsire, M|
|poke|p1|Reuniclus, M|
|poke|p1|Rillaboom, F|
|poke|p1|Ceruledge, M|
|poke|p1|Azumarill, F|
|poke|p1|Ninetales-Alola, M|
|poke|p2|Galvantula, M|
|poke|p2|Ceruledge, F|
|poke|p2|Gyarados, F|
|poke|p2|Klefki, M|
|poke|p2|Gardevoir, F|
|poke|p2|Forretress, F|
|teampreview
|
|t:|1760429722
|teamsize|p1|6
|teamsize|p2|6
|start
|switch|p1a: Mattress|Clodsire, M, shiny|100/100
|switch|p2a: Galvantula|Galvantula, M|100/100
|turn|1
|
|t:|1760429735
|move|p2a: Galvantula|Sticky Web|p1a: Mattress
|-sidestart|p1: solocosmata|move: Sticky Web
|move|p1a: Mattress|Stealth Rock|p2a: Galvantula
|-sidestart|p2: hohai|move: Stealth Rock
|
|upkeep
|turn|2
|
|t:|1760429740
|move|p2a: Galvantula|Giga Drain|p1a: Mattress
|-damage|p1a: Mattress|90/100
|move|p1a: Mattress|Toxic|p2a: Galvantula
|-status|p2a: Galvantula|tox
|
|-damage|p2a: Galvantula|94/100 tox|[from] psn
|upkeep
|turn|3
|
|t:|1760429748
|switch|p2a: Forretress|Forretress, F|100/100
|-damage|p2a: Forretress|88/100|[from] Stealth Rock
|move|p1a: Mattress|Earthquake|p2a: Forretress
|-damage|p2a: Forretress|69/100
|-enditem|p2a: Forretress|Red Card|[of] p1a: Mattress
|drag|p1a: Devas|Ceruledge, M|100/100
|-activate|p1a: Devas|move: Sticky Web
|-unboost|p1a: Devas|spe|1
|
|upkeep
|turn|4
|
|t:|1760429767
|move|p1a: Devas|Swords Dance|p1a: Devas
|-boost|p1a: Devas|atk|2
|move|p2a: Forretress|Stealth Rock|p1a: Devas
|-sidestart|p1: solocosmata|move: Stealth Rock
|
|upkeep
|turn|5
|
|t:|1760429773
|move|p1a: Devas|Bitter Blade|p2a: Forretress
|-supereffective|p2a: Forretress
|-damage|p2a: Forretress|0 fnt
|faint|p2a: Forretress
|
|upkeep
|
|t:|1760429784
|switch|p2a: Ceruledge|Ceruledge, F|100/100
|-damage|p2a: Ceruledge|76/100|[from] Stealth Rock
|turn|6
|
|t:|1760429800
|move|p2a: Ceruledge|Swords Dance|p2a: Ceruledge
|-boost|p2a: Ceruledge|atk|2
|move|p1a: Devas|Poltergeist|p2a: Ceruledge
|-activate|p2a: Ceruledge|move: Poltergeist|Muscle Band
|-supereffective|p2a: Ceruledge
|-damage|p2a: Ceruledge|0 fnt
|faint|p2a: Ceruledge
|
|upkeep
|
|t:|1760429815
|switch|p2a: Klefki|Klefki, M|100/100
|-damage|p2a: Klefki|95/100|[from] Stealth Rock
|turn|7
|
|t:|1760429822
|move|p2a: Klefki|Reflect|p2a: Klefki
|-sidestart|p2: hohai|Reflect
|move|p1a: Devas|Bitter Blade|p2a: Klefki
|-supereffective|p2a: Klefki
|-damage|p2a: Klefki|6/100
|
|upkeep
|turn|8
|
|t:|1760429831
|move|p1a: Devas|Shadow Sneak|p2a: Klefki
|-damage|p2a: Klefki|0 fnt
|faint|p2a: Klefki
|
|upkeep
|
|t:|1760429835
|switch|p2a: Gyarados|Gyarados, F|100/100
|-damage|p2a: Gyarados|76/100|[from] Stealth Rock
|-ability|p2a: Gyarados|Intimidate|boost
|-unboost|p1a: Devas|atk|1
|turn|9
|
|t:|1760429841
|move|p2a: Gyarados|Aqua Tail|p1a: Devas
|-supereffective|p1a: Devas
|-enditem|p1a: Devas|Focus Sash
|-damage|p1a: Devas|1/100
|move|p1a: Devas|Poltergeist|p2a: Gyarados
|-activate|p2a: Gyarados|move: Poltergeist|Leftovers
|-damage|p2a: Gyarados|34/100
|
|-heal|p2a: Gyarados|40/100|[from] item: Leftovers
|upkeep
|turn|10
|
|t:|1760429851
|move|p1a: Devas|Shadow Sneak|p2a: Gyarados
|-damage|p2a: Gyarados|26/100
|move|p2a: Gyarados|Aqua Tail|p1a: Devas
|-supereffective|p1a: Devas
|-crit|p1a: Devas
|-damage|p1a: Devas|0 fnt
|faint|p1a: Devas
|
|-heal|p2a: Gyarados|32/100|[from] item: Leftovers
|upkeep
|
|t:|1760429861
|switch|p1a: Sticks|Rillaboom, F|100/100
|-activate|p1a: Sticks|move: Sticky Web
|-unboost|p1a: Sticks|spe|1
|-damage|p1a: Sticks|88/100|[from] Stealth Rock
|-fieldstart|move: Grassy Terrain|[from] ability: Grassy Surge|[of] p1a: Sticks
|turn|11
|
|t:|1760429880
|move|p1a: Sticks|Grassy Glide|p2a: Gyarados
|-damage|p2a: Gyarados|5/100
|move|p2a: Gyarados|Avalanche|p1a: Sticks
|-supereffective|p1a: Sticks
|-damage|p1a: Sticks|5/100
|
|-heal|p2a: Gyarados|11/100|[from] item: Leftovers
|-heal|p1a: Sticks|12/100|[from] Grassy Terrain
|upkeep
|turn|12
|
|t:|1760429896
|switch|p2a: Galvantula|Galvantula, M|94/100 tox
|-damage|p2a: Galvantula|69/100 tox|[from] Stealth Rock
|move|p1a: Sticks|Grassy Glide|p2a: Galvantula
|-resisted|p2a: Galvantula
|-damage|p2a: Galvantula|48/100 tox
|
|-heal|p2a: Galvantula|54/100 tox|[from] Grassy Terrain
|-heal|p1a: Sticks|18/100|[from] Grassy Terrain
|-damage|p2a: Galvantula|48/100 tox|[from] psn
|upkeep
|turn|13
|
|t:|1760429920
|switch|p1a: Mattress|Clodsire, M, shiny|90/100
|move|p2a: Galvantula|Thunder Wave|p1a: Mattress
|-immune|p1a: Mattress
|
|-heal|p2a: Galvantula|54/100 tox|[from] Grassy Terrain
|-heal|p1a: Mattress|96/100|[from] Grassy Terrain
|-damage|p2a: Galvantula|42/100 tox|[from] psn
|upkeep
|turn|14
|
|t:|1760429938
|switch|p2a: Gyarados|Gyarados, F|11/100
|-damage|p2a: Gyarados|0 fnt|[from] Stealth Rock
|faint|p2a: Gyarados
|move|p1a: Mattress|Earthquake|p2: Gyarados|[notarget]
|-fail|p1a: Mattress
|
|-heal|p1a: Mattress|100/100|[from] Grassy Terrain
|-sideend|p2: hohai|Reflect
|upkeep
|-message|hohai forfeited.
|
|win|solocosmata
|raw|solocosmata's rating: 1123 &rarr; <strong>1144</strong><br />(+21 for winning)
|raw|hohai's rating: 1071 &rarr; <strong>1053</strong><br />(-18 for losing)
|l|☆hohai
|player|p2|
|l|☆solocosmata
|player|p1|
