|j|☆mir merchant
|j|☆apotato135
|t:|1760456125
|gametype|singles
|player|p1|mir merchant|102|1663
|player|p2|apotato135|swimmer-gen4dp|1722
|gen|9
|tier|[Gen 9] OU
|rated|
|rule|HP Percentage Mod: HP is shown in percentages
|rule|Endless Battle Clause: Forcing endless battles is banned
|rule|Species Clause: Limit one of each Pokémon
|rule|OHKO Clause: OHKO moves are banned
|rule|Evasion Items Clause: Evasion items are banned
|rule|Evasion Moves Clause: Evasion moves are banned
|rule|Evasion Abilities Clause: Evasion abilities are banned
|rule|Sleep Moves Clause: Sleep-inducing moves are banned
|clearpoke
|poke|p1|Raging Bolt|
|poke|p1|Iron Treads|
|poke|p1|Ting-Lu|
|poke|p1|Gholdengo|
|poke|p1|Zamazenta-*|
|poke|p1|Tornadus-Therian, M|
|poke|p2|Pelipper, F|
|poke|p2|Raging Bolt|
|poke|p2|Tauros-Paldea-Aqua, M|
|poke|p2|Primarina, F|
|poke|p2|Overqwil, F|
|poke|p2|Iron Treads|
|teampreview
|inactive|Battle timer is ON: inactive players will automatically lose when time's up. (requested by mir merchant)
|
|t:|1760456135
|teamsize|p1|6
|teamsize|p2|6
|start
|switch|p1a: Ting-Lu|Ting-Lu|100/100
|switch|p2a: Primarina|Primarina, F|100/100
|-ability|p1a: Ting-Lu|Vessel of Ruin
|turn|1
|
|t:|1760456142
|move|p2a: Primarina|Psychic Noise|p1a: Ting-Lu
|-supereffective|p1a: Ting-Lu
|-damage|p1a: Ting-Lu|54/100
|-start|p1a: Ting-Lu|move: Heal Block
|-enditem|p1a: Ting-Lu|Weakness Policy
|-boost|p1a: Ting-Lu|atk|2|[from] item: Weakness Policy
|-boost|p1a: Ting-Lu|spa|2|[from] item: Weakness Policy
|move|p1a: Ting-Lu|Earthquake|p2a: Primarina
|-damage|p2a: Primarina|0 fnt
|faint|p2a: Primarina
|
|upkeep
|
|t:|1760456152
|switch|p2a: Tauros|Tauros-Paldea-Aqua, M|100/100
|-ability|p2a: Tauros|Intimidate|boost
|-unboost|p1a: Ting-Lu|atk|1
|turn|2
|
|t:|1760456160
|-terastallize|p2a: Tauros|Water
|move|p2a: Tauros|Raging Bull|p1a: Ting-Lu
|-supereffective|p1a: Ting-Lu
|-damage|p1a: Ting-Lu|0 fnt
|faint|p1a: Ting-Lu
|
|upkeep
|
|t:|1760456166
|switch|p1a: Raging Bolt|Raging Bolt|100/100
|-enditem|p1a: Raging Bolt|Booster Energy
|-activate|p1a: Raging Bolt|ability: Protosynthesis|[fromitem]
|-start|p1a: Raging Bolt|protosynthesisspa
|turn|3
|
|t:|1760456168
|switch|p2a: Iron Treads|Iron Treads|100/100
|-enditem|p2a: Iron Treads|Booster Energy
|-activate|p2a: Iron Treads|ability: Quark Drive|[fromitem]
|-start|p2a: Iron Treads|quarkdrivespe
|move|p1a: Raging Bolt|Thunderbolt|p2a: Iron Treads
|-immune|p2a: Iron Treads
|
|upkeep
|turn|4
|
|t:|1760456173
|-end|p1a: Raging Bolt|Protosynthesis|[silent]
|switch|p1a: Tornadus|Tornadus-Therian, M|100/100
|move|p2a: Iron Treads|Stealth Rock|p1a: Tornadus
|-sidestart|p1: mir merchant|move: Stealth Rock
|
|upkeep
|turn|5
|
|t:|1760456180
|move|p2a: Iron Treads|Volt Switch|p1a: Tornadus
|-supereffective|p1a: Tornadus
|-damage|p1a: Tornadus|56/100
|
|t:|1760456183
|-end|p2a: Iron Treads|Quark Drive|[silent]
|switch|p2a: Raging Bolt|Raging Bolt|100/100|[from] Volt Switch
|move|p1a: Tornadus|Focus Blast|p2a: Raging Bolt
|-damage|p2a: Raging Bolt|55/100
|-damage|p1a: Tornadus|46/100|[from] item: Life Orb
|
|upkeep
|turn|6
|
|t:|1760456190
|-end|p2a: Raging Bolt|Protosynthesis|[silent]
|switch|p2a: Pelipper|Pelipper, F|100/100
|-weather|RainDance|[from] ability: Drizzle|[of] p2a: Pelipper
|switch|p1a: Iron Treads|Iron Treads|100/100
|-damage|p1a: Iron Treads|98/100|[from] Stealth Rock
|-enditem|p1a: Iron Treads|Booster Energy
|-activate|p1a: Iron Treads|ability: Quark Drive|[fromitem]
|-start|p1a: Iron Treads|quarkdrivespe
|
|-weather|RainDance|[upkeep]
|upkeep
|turn|7
|
|t:|1760456193
|move|p1a: Iron Treads|Rapid Spin|p2a: Pelipper
|-damage|p2a: Pelipper|87/100
|-boost|p1a: Iron Treads|spe|1
|-sideend|p1: mir merchant|Stealth Rock|[from] move: Rapid Spin|[of] p1a: Iron Treads
|move|p2a: Pelipper|Surf|p1a: Iron Treads
|-supereffective|p1a: Iron Treads
|-damage|p1a: Iron Treads|0 fnt
|faint|p1a: Iron Treads
|-end|p1a: Iron Treads|Quark Drive|[silent]
|
|-weather|RainDance|[upkeep]
|upkeep
|
|t:|1760456197
|switch|p1a: Raging Bolt|Raging Bolt|100/100
|turn|8
|
|t:|1760456202
|-end|p1a: Raging Bolt|Protosynthesis|[silent]
|switch|p1a: Tornadus|Tornadus-Therian, M|79/100
|switch|p2a: Iron Treads|Iron Treads|100/100
|
|-weather|RainDance|[upkeep]
|upkeep
|turn|9
|
|t:|1760456206
|move|p1a: Tornadus|Bleakwind Storm|p2a: Iron Treads
|-resisted|p2a: Iron Treads
|-damage|p2a: Iron Treads|55/100
|-damage|p1a: Tornadus|69/100|[from] item: Life Orb
|move|p2a: Iron Treads|Stealth Rock|p1a: Tornadus
|-sidestart|p1: mir merchant|move: Stealth Rock
|
|-weather|RainDance|[upkeep]
|upkeep
|turn|10
|
|t:|1760456210
|move|p1a: Tornadus|Focus Blast|p2a: Iron Treads|[miss]
|-miss|p1a: Tornadus|p2a: Iron Treads
|move|p2a: Iron Treads|Volt Switch|p1a: Tornadus
|-supereffective|p1a: Tornadus
|-damage|p1a: Tornadus|25/100
|
|t:|1760456214
|-end|p2a: Iron Treads|Quark Drive|[silent]
|switch|p2a: Raging Bolt|Raging Bolt|55/100|[from] Volt Switch
|
|-weather|RainDance|[upkeep]
|upkeep
|turn|11
|
|t:|1760456219
|move|p2a: Raging Bolt|Volt Switch|p1a: Tornadus
|-supereffective|p1a: Tornadus
|-damage|p1a: Tornadus|0 fnt
|faint|p1a: Tornadus
|
|t:|1760456223
|-end|p2a: Raging Bolt|Protosynthesis|[silent]
|switch|p2a: Overqwil|Overqwil, F|100/100|[from] Volt Switch
|
|-weather|RainDance|[upkeep]
|upkeep
|
|t:|1760456226
|switch|p1a: Raging Bolt|Raging Bolt|100/100
|-damage|p1a: Raging Bolt|88/100|[from] Stealth Rock
|turn|12
|
|t:|1760456231
|move|p2a: Overqwil|Gunk Shot|p1a: Raging Bolt
|-damage|p1a: Raging Bolt|28/100
|-status|p1a: Raging Bolt|psn
|-damage|p2a: Overqwil|91/100|[from] item: Life Orb
|move|p1a: Raging Bolt|Dragon Pulse|p2a: Overqwil
|-crit|p2a: Overqwil
|-damage|p2a: Overqwil|0 fnt
|faint|p2a: Overqwil
|
|-weather|RainDance|[upkeep]
|-damage|p1a: Raging Bolt|15/100 psn|[from] psn
|upkeep
|
|t:|1760456237
|switch|p2a: Iron Treads|Iron Treads|55/100
|turn|13
|
|t:|1760456240
|move|p2a: Iron Treads|Earth Power|p1a: Raging Bolt
|-supereffective|p1a: Raging Bolt
|-damage|p1a: Raging Bolt|0 fnt
|faint|p1a: Raging Bolt
|-end|p1a: Raging Bolt|Protosynthesis|[silent]
|
|-weather|none
|upkeep
|
|t:|1760456244
|switch|p1a: Zamazenta|Zamazenta|100/100
|-damage|p1a: Zamazenta|94/100|[from] Stealth Rock
|-ability|p1a: Zamazenta|Dauntless Shield|boost
|-boost|p1a: Zamazenta|def|1
|turn|14
|
|t:|1760456248
|-end|p2a: Iron Treads|Quark Drive|[silent]
|switch|p2a: Pelipper|Pelipper, F|87/100
|-weather|RainDance|[from] ability: Drizzle|[of] p2a: Pelipper
|move|p1a: Zamazenta|Iron Defense|p1a: Zamazenta
|-boost|p1a: Zamazenta|def|2
|
|-weather|RainDance|[upkeep]
|-heal|p1a: Zamazenta|100/100|[from] item: Leftovers
|upkeep
|turn|15
|
|t:|1760456252
|move|p1a: Zamazenta|Body Press|p2a: Pelipper
|-resisted|p2a: Pelipper
|-damage|p2a: Pelipper|48/100
|move|p2a: Pelipper|Hurricane|p1a: Zamazenta
|-supereffective|p1a: Zamazenta
|-damage|p1a: Zamazenta|28/100
|
|-weather|RainDance|[upkeep]
|-heal|p1a: Zamazenta|34/100|[from] item: Leftovers
|upkeep
|turn|16
|
|t:|1760456258
|move|p1a: Zamazenta|Body Press|p2a: Pelipper
|-resisted|p2a: Pelipper
|-damage|p2a: Pelipper|13/100
|move|p2a: Pelipper|Hurricane|p1a: Zamazenta
|-supereffective|p1a: Zamazenta
|-damage|p1a: Zamazenta|0 fnt
|faint|p1a: Zamazenta
|
|-weather|RainDance|[upkeep]
|upkeep
|
|t:|1760456261
|switch|p1a: Gholdengo|Gholdengo|100/100
|-damage|p1a: Gholdengo|94/100|[from] Stealth Rock
|-item|p1a: Gholdengo|Air Balloon
|turn|17
|
|t:|1760456263
|move|p1a: Gholdengo|Shadow Ball|p2a: Pelipper
|-damage|p2a: Pelipper|0 fnt
|faint|p2a: Pelipper
|
|-weather|RainDance|[upkeep]
|upkeep
|
|t:|1760456266
|switch|p2a: Raging Bolt|Raging Bolt|55/100
|turn|18
|
|t:|1760456271
|move|p2a: Raging Bolt|Thunder|p1a: Gholdengo
|-damage|p1a: Gholdengo|34/100
|-enditem|p1a: Gholdengo|Air Balloon
|move|p1a: Gholdengo|Recover|p1a: Gholdengo
|-heal|p1a: Gholdengo|84/100
|
|-weather|RainDance|[upkeep]
|upkeep
|turn|19
|
|t:|1760456278
|-end|p2a: Raging Bolt|Protosynthesis|[silent]
|switch|p2a: Iron Treads|Iron Treads|55/100
|move|p1a: Gholdengo|Recover|p1a: Gholdengo
|-heal|p1a: Gholdengo|100/100
|
|-weather|RainDance|[upkeep]
|upkeep
|turn|20
|
|t:|1760456281
|-terastallize|p1a: Gholdengo|Fairy
|move|p2a: Iron Treads|Earth Power|p1a: Gholdengo
|-damage|p1a: Gholdengo|69/100
|move|p1a: Gholdengo|Nasty Plot|p1a: Gholdengo
|-boost|p1a: Gholdengo|spa|2
|
|-weather|RainDance|[upkeep]
|upkeep
|turn|21
|
|t:|1760456286
|move|p2a: Iron Treads|Earth Power|p1a: Gholdengo
|-damage|p1a: Gholdengo|38/100
|move|p1a: Gholdengo|Recover|p1a: Gholdengo
|-heal|p1a: Gholdengo|88/100
|
|-weather|none
|upkeep
|turn|22
|
|t:|1760456289
|move|p2a: Iron Treads|Earth Power|p1a: Gholdengo
|-damage|p1a: Gholdengo|56/100
|move|p1a: Gholdengo|Recover|p1a: Gholdengo
|-heal|p1a: Gholdengo|100/100
|
|upkeep
|turn|23
|
|t:|1760456291
|move|p2a: Iron Treads|Earth Power|p1a: Gholdengo
|-damage|p1a: Gholdengo|68/100
|move|p1a: Gholdengo|Shadow Ball|p2a: Iron Treads
|-damage|p2a: Iron Treads|0 fnt
|faint|p2a: Iron Treads
|-end|p2a: Iron Treads|Quark Drive|[silent]
|
|upkeep
|
|t:|1760456294
|switch|p2a: Tauros|Tauros-Paldea-Aqua, M, tera:Water|100/100
|-ability|p2a: Tauros|Intimidate|boost
|-unboost|p1a: Gholdengo|atk|1
|turn|24
|
|t:|1760456296
|move|p2a: Tauros|Raging Bull|p1a: Gholdengo
|-damage|p1a: Gholdengo|0 fnt
|faint|p1a: Gholdengo
|
|win|apotato135
|raw|mir merchant's rating: 1663 &rarr; <strong>1646</strong><br />(-17 for losing)
|raw|apotato135's rating: 1722 &rarr; <strong>1739</strong><br />(+17 for winning)
|l|☆mir merchant
|player|p1|
|l|☆apotato135
|player|p2|
