|j|☆parthhhhh
|j|☆dawnsleftbreast
|t:|1760355415
|gametype|singles
|player|p1|parthhhhh|265|
|player|p2|dawnsleftbreast|steven|
|gen|9
|tier|[Gen 9] OU
|rule|HP Percentage Mod: HP is shown in percentages
|rule|Endless Battle Clause: Forcing endless battles is banned
|rule|Species Clause: Limit one of each Pokémon
|rule|OHKO Clause: OHKO moves are banned
|rule|Evasion Items Clause: Evasion items are banned
|rule|Evasion Moves Clause: Evasion moves are banned
|rule|Evasion Abilities Clause: Evasion abilities are banned
|rule|Sleep Moves Clause: Sleep-inducing moves are banned
|clearpoke
|poke|p1|Slowking-Galar, M|
|poke|p1|Darkrai|
|poke|p1|Iron Treads|
|poke|p1|Zamazenta-*|
|poke|p1|Primarina, M|
|poke|p1|Scizor, M|
|poke|p2|Dragonite, M|
|poke|p2|Ceruledge, M|
|poke|p2|Araquanid, F|
|poke|p2|Iron Valiant|
|poke|p2|Glimmora, F|
|poke|p2|Gholdengo|
|teampreview
|
|t:|1760355434
|teamsize|p1|6
|teamsize|p2|6
|start
|switch|p1a: Primarina|Primarina, M, shiny|100/100
|switch|p2a: Rolanda|Glimmora, F, shiny|100/100
|turn|1
|
|t:|1760355443
|move|p2a: Rolanda|Sludge Wave|p1a: Primarina
|-supereffective|p1a: Primarina
|-damage|p1a: Primarina|24/100
|move|p1a: Primarina|Hyper Voice|p2a: Rolanda
|-supereffective|p2a: Rolanda
|-enditem|p2a: Rolanda|Focus Sash
|-damage|p2a: Rolanda|1/100
|
|-heal|p1a: Primarina|30/100|[from] item: Leftovers
|upkeep
|turn|2
|
|t:|1760355465
|switch|p1a: Iron Treads|Iron Treads, shiny|100/100
|-enditem|p1a: Iron Treads|Booster Energy
|-activate|p1a: Iron Treads|ability: Quark Drive|[fromitem]
|-start|p1a: Iron Treads|quarkdrivespe
|move|p2a: Rolanda|Stealth Rock|p1a: Iron Treads
|-sidestart|p1: parthhhhh|move: Stealth Rock
|
|upkeep
|turn|3
|
|t:|1760355479
|switch|p2a: Norrin Radd|Gholdengo|100/100
|move|p1a: Iron Treads|Rapid Spin|p2a: Norrin Radd
|-immune|p2a: Norrin Radd
|
|upkeep
|turn|4
|
|t:|1760355505
|move|p1a: Iron Treads|Ice Spinner|p2a: Norrin Radd
|-resisted|p2a: Norrin Radd
|-damage|p2a: Norrin Radd|86/100
|move|p2a: Norrin Radd|Shadow Ball|p1a: Iron Treads
|-damage|p1a: Iron Treads|17/100
|
|upkeep
|turn|5
|
|t:|1760355520
|move|p1a: Iron Treads|Knock Off|p2a: Norrin Radd
|-supereffective|p2a: Norrin Radd
|-crit|p2a: Norrin Radd
|-damage|p2a: Norrin Radd|0 fnt
|-enditem|p2a: Norrin Radd|Choice Specs|[from] move: Knock Off|[of] p1a: Iron Treads
|faint|p2a: Norrin Radd
|
|upkeep
|
|t:|1760355535
|switch|p2a: Blob|Araquanid, F, shiny|100/100
|turn|6
|
|t:|1760355548
|move|p1a: Iron Treads|Rapid Spin|p2a: Blob
|-damage|p2a: Blob|84/100
|-boost|p1a: Iron Treads|spe|1
|-sideend|p1: parthhhhh|Stealth Rock|[from] move: Rapid Spin|[of] p1a: Iron Treads
|move|p2a: Blob|Liquidation|p1a: Iron Treads
|-supereffective|p1a: Iron Treads
|-damage|p1a: Iron Treads|0 fnt
|faint|p1a: Iron Treads
|-end|p1a: Iron Treads|Quark Drive|[silent]
|
|-heal|p2a: Blob|90/100|[from] item: Leftovers
|upkeep
|
|t:|1760355570
|switch|p1a: Scizor|Scizor, M, shiny|100/100
|turn|7
|
|t:|1760355576
|move|p1a: Scizor|Dual Wingbeat|p2a: Blob
|-supereffective|p2a: Blob
|-damage|p2a: Blob|25/100
|-supereffective|p2a: Blob
|-damage|p2a: Blob|0 fnt
|faint|p2a: Blob
|-hitcount|p2: Blob|2
|-damage|p1a: Scizor|91/100|[from] item: Life Orb
|
|upkeep
|
|t:|1760355584
|switch|p2a: Tsurugi|Ceruledge, M, shiny|100/100
|turn|8
|
|t:|1760355616
|-terastallize|p1a: Scizor|Fire
|move|p2a: Tsurugi|Swords Dance|p2a: Tsurugi
|-boost|p2a: Tsurugi|atk|2
|move|p1a: Scizor|Dual Wingbeat|p2a: Tsurugi
|-damage|p2a: Tsurugi|58/100
|-ability|p2a: Tsurugi|Weak Armor|boost
|-unboost|p2a: Tsurugi|def|1
|-boost|p2a: Tsurugi|spe|2
|-damage|p2a: Tsurugi|0 fnt
|faint|p2a: Tsurugi
|-hitcount|p2: Tsurugi|2
|-damage|p1a: Scizor|81/100|[from] item: Life Orb
|
|upkeep
|
|t:|1760355634
|switch|p2a: Rolanda|Glimmora, F, shiny|1/100
|turn|9
|
|t:|1760355640
|move|p2a: Rolanda|Power Gem|p1a: Scizor
|-supereffective|p1a: Scizor
|-damage|p1a: Scizor|0 fnt
|faint|p1a: Scizor
|
|upkeep
|
|t:|1760355646
|switch|p1a: Primarina|Primarina, M, shiny|30/100
|turn|10
|
|t:|1760355653
|switch|p1a: Slowking|Slowking-Galar, M, shiny|100/100
|move|p2a: Rolanda|Sludge Wave|p1a: Slowking
|-resisted|p1a: Slowking
|-damage|p1a: Slowking|82/100
|
|upkeep
|turn|11
|
|t:|1760355663
|move|p2a: Rolanda|Stealth Rock|p1a: Slowking
|-sidestart|p1: parthhhhh|move: Stealth Rock
|move|p1a: Slowking|Trick Room|p1a: Slowking
|-fieldstart|move: Trick Room|[of] p1a: Slowking
|
|upkeep
|turn|12
|
|t:|1760355670
|move|p1a: Slowking|Psychic Noise|p2a: Rolanda
|-supereffective|p2a: Rolanda
|-damage|p2a: Rolanda|0 fnt
|faint|p2a: Rolanda
|
|upkeep
|
|t:|1760355684
|switch|p2a: Pearl|Dragonite, M, shiny|100/100
|turn|13
|
|t:|1760355700
|switch|p1a: Zamazenta|Zamazenta, shiny|100/100
|-damage|p1a: Zamazenta|94/100|[from] Stealth Rock
|-ability|p1a: Zamazenta|Dauntless Shield|boost
|-boost|p1a: Zamazenta|def|1
|move|p2a: Pearl|Earthquake|p1a: Zamazenta
|-damage|p1a: Zamazenta|72/100
|
|-heal|p1a: Zamazenta|78/100|[from] item: Leftovers
|upkeep
|turn|14
|
|t:|1760355713
|switch|p2a: Julius|Iron Valiant, shiny|100/100
|-enditem|p2a: Julius|Booster Energy
|-activate|p2a: Julius|ability: Quark Drive|[fromitem]
|-start|p2a: Julius|quarkdrivespe
|move|p1a: Zamazenta|Reflect|p1a: Zamazenta
|-sidestart|p1: parthhhhh|Reflect
|
|-heal|p1a: Zamazenta|85/100|[from] item: Leftovers
|upkeep
|turn|15
|
|t:|1760355731
|switch|p1a: Slowking|Slowking-Galar, M, shiny|100/100
|-damage|p1a: Slowking|88/100|[from] Stealth Rock
|move|p2a: Julius|Moonblast|p1a: Slowking
|-resisted|p1a: Slowking
|-damage|p1a: Slowking|69/100
|
|-fieldend|move: Trick Room
|upkeep
|turn|16
|
|t:|1760355744
|move|p2a: Julius|Shadow Ball|p1a: Slowking
|-supereffective|p1a: Slowking
|-damage|p1a: Slowking|27/100
|move|p1a: Slowking|Sludge Wave|p2a: Julius
|-supereffective|p2a: Julius
|-damage|p2a: Julius|0 fnt
|faint|p2a: Julius
|-end|p2a: Julius|Quark Drive|[silent]
|
|upkeep
|
|t:|1760355751
|switch|p2a: Pearl|Dragonite, M, shiny|100/100
|turn|17
|
|t:|1760355757
|switch|p1a: Zamazenta|Zamazenta, shiny|85/100
|-damage|p1a: Zamazenta|78/100|[from] Stealth Rock
|move|p2a: Pearl|Earthquake|p1a: Zamazenta
|-crit|p1a: Zamazenta
|-damage|p1a: Zamazenta|35/100
|
|-heal|p1a: Zamazenta|41/100|[from] item: Leftovers
|upkeep
|turn|18
|
|t:|1760355769
|move|p1a: Zamazenta|Iron Head|p2a: Pearl
|-damage|p2a: Pearl|89/100
|cant|p2a: Pearl|flinch
|
|-heal|p1a: Zamazenta|48/100|[from] item: Leftovers
|-sideend|p1: parthhhhh|Reflect
|upkeep
|turn|19
|
|t:|1760355779
|move|p1a: Zamazenta|Reflect|p1a: Zamazenta
|-sidestart|p1: parthhhhh|Reflect
|move|p2a: Pearl|Dragon Dance|p2a: Pearl
|-boost|p2a: Pearl|atk|1
|-boost|p2a: Pearl|spe|1
|
|-heal|p1a: Zamazenta|54/100|[from] item: Leftovers
|upkeep
|turn|20
|
|t:|1760355787
|move|p1a: Zamazenta|Iron Defense|p1a: Zamazenta
|-boost|p1a: Zamazenta|def|2
|move|p2a: Pearl|Dragon Dance|p2a: Pearl
|-boost|p2a: Pearl|atk|1
|-boost|p2a: Pearl|spe|1
|
|-heal|p1a: Zamazenta|60/100|[from] item: Leftovers
|upkeep
|turn|21
|
|t:|1760355800
|move|p2a: Pearl|Thunder Punch|p1a: Zamazenta
|-damage|p1a: Zamazenta|48/100
|move|p1a: Zamazenta|Iron Defense|p1a: Zamazenta
|-boost|p1a: Zamazenta|def|2
|
|-heal|p1a: Zamazenta|55/100|[from] item: Leftovers
|upkeep
|turn|22
|
|t:|1760355815
|move|p2a: Pearl|Thunder Punch|p1a: Zamazenta
|-damage|p1a: Zamazenta|47/100
|move|p1a: Zamazenta|Iron Defense|p1a: Zamazenta
|-boost|p1a: Zamazenta|def|2
|
|-heal|p1a: Zamazenta|54/100|[from] item: Leftovers
|upkeep
|turn|23
|
|t:|1760355823
|move|p2a: Pearl|Thunder Punch|p1a: Zamazenta
|-damage|p1a: Zamazenta|48/100
|move|p1a: Zamazenta|Body Press|p2a: Pearl
|-resisted|p2a: Pearl
|-damage|p2a: Pearl|18/100
|
|-heal|p1a: Zamazenta|54/100|[from] item: Leftovers
|-sideend|p1: parthhhhh|Reflect
|upkeep
|turn|24
|
|t:|1760355833
|-terastallize|p2a: Pearl|Ground
|move|p2a: Pearl|Earthquake|p1a: Zamazenta
|-damage|p1a: Zamazenta|32/100
|move|p1a: Zamazenta|Body Press|p2a: Pearl
|-damage|p2a: Pearl|0 fnt
|faint|p2a: Pearl
|
|win|parthhhhh
|l|☆parthhhhh
|player|p1|
|l|☆dawnsleftbreast
|player|p2|
|j|☆parthhhhh
|player|p1|parthhhhh|265|
