|j|☆BigBadKii
|j|☆gang696969
|t:|1760414405
|gametype|singles
|player|p1|BigBadKii|102|1457
|player|p2|gang696969|170|1508
|gen|9
|tier|[Gen 9] OU
|rated|
|rule|HP Percentage Mod: HP is shown in percentages
|rule|Endless Battle Clause: Forcing endless battles is banned
|rule|Species Clause: Limit one of each Pokémon
|rule|OHKO Clause: OHKO moves are banned
|rule|Evasion Items Clause: Evasion items are banned
|rule|Evasion Moves Clause: Evasion moves are banned
|rule|Evasion Abilities Clause: Evasion abilities are banned
|rule|Sleep Moves Clause: Sleep-inducing moves are banned
|clearpoke
|poke|p1|Hatterene, F|
|poke|p1|Landorus-Therian, M|
|poke|p1|Dragonite, M|
|poke|p1|Kyurem|
|poke|p1|Iron Valiant|
|poke|p1|Ogerpon-Wellspring, F|
|poke|p2|Ceruledge, M|
|poke|p2|Walking Wake|
|poke|p2|Dragonite, M|
|poke|p2|Torkoal, M|
|poke|p2|Venusaur, M|
|poke|p2|Kingambit, F|
|teampreview
|
|t:|1760414435
|teamsize|p1|6
|teamsize|p2|6
|start
|switch|p1a: Landorus|Landorus-Therian, M|100/100
|switch|p2a: Torkoal|Torkoal, M|100/100
|-ability|p1a: Landorus|Intimidate|boost
|-unboost|p2a: Torkoal|atk|1
|-weather|SunnyDay|[from] ability: Drought|[of] p2a: Torkoal
|turn|1
|
|t:|1760414447
|-terastallize|p2a: Torkoal|Flying
|move|p1a: Landorus|Stealth Rock|p2a: Torkoal
|-sidestart|p2: gang696969|move: Stealth Rock
|move|p2a: Torkoal|Eruption|p1a: Landorus
|-damage|p1a: Landorus|3/100
|
|-weather|SunnyDay|[upkeep]
|upkeep
|turn|2
|
|t:|1760414458
|move|p1a: Landorus|Taunt|p2a: Torkoal
|-start|p2a: Torkoal|move: Taunt
|move|p2a: Torkoal|Rapid Spin|p1a: Landorus
|-damage|p1a: Landorus|0 fnt
|-boost|p2a: Torkoal|spe|1
|-damage|p2a: Torkoal|84/100|[from] item: Rocky Helmet|[of] p1a: Landorus
|-sideend|p2: gang696969|Stealth Rock|[from] move: Rapid Spin|[of] p2a: Torkoal
|faint|p1a: Landorus
|
|-weather|SunnyDay|[upkeep]
|upkeep
|
|t:|1760414469
|switch|p1a: Kyurem|Kyurem|100/100
|-ability|p1a: Kyurem|Pressure
|turn|3
|
|t:|1760414479
|switch|p2a: Kingambit|Kingambit, F|100/100
|move|p1a: Kyurem|Icicle Spear|p2a: Kingambit
|-resisted|p2a: Kingambit
|-damage|p2a: Kingambit|96/100
|-resisted|p2a: Kingambit
|-damage|p2a: Kingambit|91/100
|-resisted|p2a: Kingambit
|-damage|p2a: Kingambit|86/100
|-resisted|p2a: Kingambit
|-damage|p2a: Kingambit|82/100
|-hitcount|p2a: Kingambit|4
|
|-weather|SunnyDay|[upkeep]
|upkeep
|turn|4
|inactive|Battle timer is ON: inactive players will automatically lose when time's up. (requested by BigBadKii)
|
|t:|1760414496
|-terastallize|p1a: Kyurem|Fire
|move|p1a: Kyurem|Tera Blast|p2a: Kingambit|[anim] Tera Blast Fire
|-supereffective|p2a: Kingambit
|-damage|p2a: Kingambit|0 fnt
|faint|p2a: Kingambit
|-end|p2a: Kingambit|fallenundefined|[silent]
|
|-weather|SunnyDay|[upkeep]
|upkeep
|
|t:|1760414504
|switch|p2a: Walking Wake|Walking Wake|100/100
|-activate|p2a: Walking Wake|ability: Protosynthesis
|-start|p2a: Walking Wake|protosynthesisspe
|turn|5
|
|t:|1760414512
|switch|p1a: Ogerpon|Ogerpon-Wellspring, F|100/100
|move|p2a: Walking Wake|Hydro Steam|p1a: Ogerpon
|-immune|p1a: Ogerpon|[from] ability: Water Absorb
|
|-weather|SunnyDay|[upkeep]
|upkeep
|turn|6
|
|t:|1760414528
|-end|p2a: Walking Wake|Protosynthesis|[silent]
|switch|p2a: Venusaur|Venusaur, M|100/100
|move|p1a: Ogerpon|Play Rough|p2a: Venusaur
|-resisted|p2a: Venusaur
|-damage|p2a: Venusaur|77/100
|
|-weather|SunnyDay|[upkeep]
|upkeep
|turn|7
|
|t:|1760414540
|switch|p1a: Hatterene|Hatterene, F|100/100
|move|p2a: Venusaur|Sludge Bomb|p1a: Hatterene
|-supereffective|p1a: Hatterene
|-damage|p1a: Hatterene|26/100
|-damage|p2a: Venusaur|67/100|[from] item: Life Orb
|
|-weather|SunnyDay|[upkeep]
|upkeep
|turn|8
|
|t:|1760414547
|move|p2a: Venusaur|Sludge Bomb|p1a: Hatterene
|-supereffective|p1a: Hatterene
|-crit|p1a: Hatterene
|-damage|p1a: Hatterene|0 fnt
|faint|p1a: Hatterene
|-damage|p2a: Venusaur|57/100|[from] item: Life Orb
|
|-weather|none
|upkeep
|
|t:|1760414552
|switch|p1a: Kyurem|Kyurem, tera:Fire|100/100
|-ability|p1a: Kyurem|Pressure
|turn|9
|
|t:|1760414569
|switch|p2a: Torkoal|Torkoal, M, tera:Flying|84/100
|-weather|SunnyDay|[from] ability: Drought|[of] p2a: Torkoal
|move|p1a: Kyurem|Dragon Dance|p1a: Kyurem
|-boost|p1a: Kyurem|atk|1
|-boost|p1a: Kyurem|spe|1
|
|-weather|SunnyDay|[upkeep]
|upkeep
|turn|10
|
|t:|1760414583
|switch|p2a: Ceruledge|Ceruledge, M|100/100
|move|p1a: Kyurem|Dragon Dance|p1a: Kyurem
|-boost|p1a: Kyurem|atk|1
|-boost|p1a: Kyurem|spe|1
|
|-weather|SunnyDay|[upkeep]
|upkeep
|turn|11
|
|t:|1760414593
|move|p1a: Kyurem|Scale Shot|p2a: Ceruledge
|-damage|p2a: Ceruledge|62/100
|-ability|p2a: Ceruledge|Weak Armor|boost
|-unboost|p2a: Ceruledge|def|1
|-boost|p2a: Ceruledge|spe|2
|-damage|p2a: Ceruledge|5/100
|-ability|p2a: Ceruledge|Weak Armor|boost
|-unboost|p2a: Ceruledge|def|1
|-boost|p2a: Ceruledge|spe|2
|-damage|p2a: Ceruledge|0 fnt
|faint|p2a: Ceruledge
|-hitcount|p2: Ceruledge|3
|-unboost|p1a: Kyurem|def|1
|-boost|p1a: Kyurem|spe|1
|
|-weather|SunnyDay|[upkeep]
|upkeep
|inactive|gang696969 has 120 seconds left.
|
|t:|1760414631
|switch|p2a: Dragonite|Dragonite, M|100/100
|turn|12
|
|t:|1760414659
|move|p2a: Dragonite|Extreme Speed|p1a: Kyurem
|-damage|p1a: Kyurem|54/100
|move|p1a: Kyurem|Icicle Spear|p2a: Dragonite
|-supereffective|p2a: Dragonite
|-damage|p2a: Dragonite|55/100
|-supereffective|p2a: Dragonite
|-damage|p2a: Dragonite|0 fnt
|faint|p2a: Dragonite
|-hitcount|p2: Dragonite|2
|
|-weather|SunnyDay|[upkeep]
|upkeep
|
|t:|1760414672
|switch|p2a: Walking Wake|Walking Wake|100/100
|-activate|p2a: Walking Wake|ability: Protosynthesis
|-start|p2a: Walking Wake|protosynthesisspe
|turn|13
|inactive|BigBadKii has 120 seconds left.
|inactive|BigBadKii has 90 seconds left.
|
|t:|1760414726
|move|p1a: Kyurem|Icicle Spear|p2a: Walking Wake
|-damage|p2a: Walking Wake|74/100
|-damage|p2a: Walking Wake|46/100
|-damage|p2a: Walking Wake|18/100
|-damage|p2a: Walking Wake|0 fnt
|faint|p2a: Walking Wake
|-end|p2a: Walking Wake|Protosynthesis|[silent]
|-hitcount|p2: Walking Wake|4
|
|-weather|SunnyDay|[upkeep]
|upkeep
|
|t:|1760414736
|switch|p2a: Venusaur|Venusaur, M|57/100
|turn|14
|inactive|gang696969 has 120 seconds left.
|
|t:|1760414744
|move|p1a: Kyurem|Icicle Spear|p2a: Venusaur
|-supereffective|p2a: Venusaur
|-damage|p2a: Venusaur|0 fnt
|faint|p2a: Venusaur
|-hitcount|p2: Venusaur|1
|
|-weather|SunnyDay|[upkeep]
|upkeep
|inactive|gang696969 has 120 seconds left.
|
|t:|1760414750
|switch|p2a: Torkoal|Torkoal, M, tera:Flying|84/100
|turn|15
|
|t:|1760414774
|move|p1a: Kyurem|Icicle Spear|p2a: Torkoal
|-supereffective|p2a: Torkoal
|-damage|p2a: Torkoal|47/100
|-supereffective|p2a: Torkoal
|-damage|p2a: Torkoal|7/100
|-supereffective|p2a: Torkoal
|-damage|p2a: Torkoal|0 fnt
|faint|p2a: Torkoal
|-hitcount|p2: Torkoal|3
|
|win|BigBadKii
|raw|BigBadKii's rating: 1457 &rarr; <strong>1480</strong><br />(+23 for winning)
|raw|gang696969's rating: 1508 &rarr; <strong>1485</strong><br />(-23 for losing)
|l|☆BigBadKii
|player|p1|
|l|☆gang696969
|player|p2|
