|j|☆didijjb
|j|☆seethemalldie
|t:|1760439734
|gametype|singles
|player|p1|didijjb|1|1305
|player|p2|seethemalldie|unknown|1274
|gen|9
|tier|[Gen 9] OU
|rated|
|rule|HP Percentage Mod: HP is shown in percentages
|rule|Endless Battle Clause: Forcing endless battles is banned
|rule|Species Clause: Limit one of each Pokémon
|rule|OHKO Clause: OHKO moves are banned
|rule|Evasion Items Clause: Evasion items are banned
|rule|Evasion Moves Clause: Evasion moves are banned
|rule|Evasion Abilities Clause: Evasion abilities are banned
|rule|Sleep Moves Clause: Sleep-inducing moves are banned
|clearpoke
|poke|p1|Heatran, M|
|poke|p1|Kingambit, M|
|poke|p1|Pecharunt|
|poke|p1|Raging Bolt|
|poke|p1|Iron Treads|
|poke|p1|Samurott-Hisui, M|
|poke|p2|Scizor, M|
|poke|p2|Toxtricity-Low-Key, M|
|poke|p2|Hydreigon, F|
|poke|p2|Iron Valiant|
|poke|p2|Ogerpon-Wellspring, F|
|poke|p2|Arcanine-Hisui, M|
|teampreview
|inactive|Battle timer is ON: inactive players will automatically lose when time's up. (requested by seethemalldie)
|inactive|didijjb also wants the timer to be on.
|inactive|seethemalldie has 120 seconds left.
|
|t:|1760439769
|teamsize|p1|6
|teamsize|p2|6
|start
|switch|p1a: Samurott|Samurott-Hisui, M|100/100
|switch|p2a: Solid|Scizor, M|100/100
|turn|1
|
|t:|1760439774
|move|p1a: Samurott|Ceaseless Edge|p2a: Solid
|-damage|p2a: Solid|62/100
|-sidestart|p2: seethemalldie|Spikes
|move|p2a: Solid|U-turn|p1a: Samurott
|-supereffective|p1a: Samurott
|-damage|p1a: Samurott|3/100
|
|t:|1760439788
|switch|p2a: Trip|Hydreigon, F, shiny|100/100|[from] U-turn
|
|upkeep
|turn|2
|
|t:|1760439799
|switch|p1a: Heatran|Heatran, M|100/100
|move|p2a: Trip|Tailwind|p2a: Trip
|-sidestart|p2: seethemalldie|move: Tailwind
|
|upkeep
|turn|3
|
|t:|1760439804
|move|p2a: Trip|Earth Power|p1a: Heatran
|-supereffective|p1a: Heatran
|-damage|p1a: Heatran|22/100
|move|p1a: Heatran|Magma Storm|p2a: Trip
|-resisted|p2a: Trip
|-damage|p2a: Trip|75/100
|-activate|p2a: Trip|move: Magma Storm|[of] p1a: Heatran
|
|-heal|p1a: Heatran|28/100|[from] item: Leftovers
|-damage|p2a: Trip|62/100|[from] move: Magma Storm|[partiallytrapped]
|upkeep
|turn|4
|
|t:|1760439818
|switch|p1a: Kingambit|Kingambit, M, shiny|100/100
|-item|p1a: Kingambit|Air Balloon
|move|p2a: Trip|Earth Power|p1a: Kingambit
|-immune|p1a: Kingambit
|
|-end|p2a: Trip|Magma Storm|[partiallytrapped]|[silent]
|upkeep
|turn|5
|
|t:|1760439830
|move|p2a: Trip|Taunt|p1a: Kingambit
|-start|p1a: Kingambit|move: Taunt
|move|p1a: Kingambit|Low Kick|p2a: Trip
|-supereffective|p2a: Trip
|-damage|p2a: Trip|0 fnt
|faint|p2a: Trip
|
|-sideend|p2: seethemalldie|move: Tailwind
|upkeep
|
|t:|1760439841
|switch|p2a: Solid|Scizor, M|62/100
|turn|6
|
|t:|1760439855
|-end|p1a: Kingambit|fallenundefined|[silent]
|switch|p1a: Heatran|Heatran, M|28/100
|move|p2a: Solid|Defog|p1a: Heatran
|-unboost|p1a: Heatran|evasion|1
|-sideend|p2: seethemalldie|Spikes|[from] move: Defog|[of] p2a: Solid
|
|-heal|p1a: Heatran|34/100|[from] item: Leftovers
|upkeep
|turn|7
|
|t:|1760439863
|move|p1a: Heatran|Magma Storm|p2a: Solid
|-supereffective|p2a: Solid
|-damage|p2a: Solid|0 fnt
|faint|p2a: Solid
|
|-heal|p1a: Heatran|40/100|[from] item: Leftovers
|upkeep
|
|t:|1760439888
|switch|p2a: Chili|Toxtricity-Low-Key, M|100/100
|turn|8
|
|t:|1760439893
|-terastallize|p1a: Heatran|Grass
|move|p2a: Chili|Boomburst|p1a: Heatran
|-damage|p1a: Heatran|0 fnt
|faint|p1a: Heatran
|
|upkeep
|
|t:|1760439902
|switch|p1a: Iron Treads|Iron Treads|100/100
|-enditem|p1a: Iron Treads|Booster Energy
|-activate|p1a: Iron Treads|ability: Quark Drive|[fromitem]
|-start|p1a: Iron Treads|quarkdrivespe
|turn|9
|
|t:|1760439908
|-terastallize|p2a: Chili|Normal
|move|p1a: Iron Treads|Earthquake|p2a: Chili
|-damage|p2a: Chili|28/100
|move|p2a: Chili|Boomburst|p1a: Iron Treads
|-resisted|p1a: Iron Treads
|-damage|p1a: Iron Treads|0 fnt
|faint|p1a: Iron Treads
|-end|p1a: Iron Treads|Quark Drive|[silent]
|
|upkeep
|inactive|didijjb has 120 seconds left.
|
|t:|1760439939
|switch|p1a: Raging Bolt|Raging Bolt|100/100
|turn|10
|
|t:|1760439945
|switch|p2a: Archie|Arcanine-Hisui, M|100/100
|move|p1a: Raging Bolt|Volt Switch|p2a: Archie
|-damage|p2a: Archie|64/100
|
|t:|1760439955
|-end|p1a: Raging Bolt|Protosynthesis|[silent]
|switch|p1a: Pecharunt|Pecharunt|100/100|[from] Volt Switch
|
|upkeep
|turn|11
|
|t:|1760439969
|switch|p2a: Berry|Ogerpon-Wellspring, F|100/100
|move|p1a: Pecharunt|Shadow Ball|p2a: Berry
|-damage|p2a: Berry|73/100
|
|upkeep
|turn|12
|
|t:|1760439980
|move|p2a: Berry|Knock Off|p1a: Pecharunt
|-supereffective|p1a: Pecharunt
|-damage|p1a: Pecharunt|66/100
|-enditem|p1a: Pecharunt|Heavy-Duty Boots|[from] move: Knock Off|[of] p2a: Berry
|move|p1a: Pecharunt|Malignant Chain|p2a: Berry
|-supereffective|p2a: Berry
|-damage|p2a: Berry|0 fnt
|faint|p2a: Berry
|
|upkeep
|
|t:|1760439989
|switch|p2a: Nite|Iron Valiant, shiny|100/100
|turn|13
|
|t:|1760439996
|switch|p1a: Samurott|Samurott-Hisui, M|3/100
|move|p2a: Nite|Shadow Ball|p1a: Samurott
|-resisted|p1a: Samurott
|-damage|p1a: Samurott|0 fnt
|faint|p1a: Samurott
|
|upkeep
|
|t:|1760440005
|switch|p1a: Kingambit|Kingambit, M, shiny|100/100
|-activate|p1a: Kingambit|ability: Supreme Overlord
|-start|p1a: Kingambit|fallen3|[silent]
|-item|p1a: Kingambit|Air Balloon
|turn|14
|
|t:|1760440016
|-end|p2a: Nite|Quark Drive|[silent]
|switch|p2a: Archie|Arcanine-Hisui, M|64/100
|move|p1a: Kingambit|Kowtow Cleave|p2a: Archie
|-damage|p2a: Archie|0 fnt
|faint|p2a: Archie
|
|upkeep
|
|t:|1760440024
|switch|p2a: Nite|Iron Valiant, shiny|100/100
|turn|15
|
|t:|1760440032
|move|p2a: Nite|Vacuum Wave|p1a: Kingambit
|-supereffective|p1a: Kingambit
|-damage|p1a: Kingambit|0 fnt
|-enditem|p1a: Kingambit|Air Balloon
|faint|p1a: Kingambit
|-end|p1a: Kingambit|fallen3|[silent]
|
|upkeep
|
|t:|1760440040
|switch|p1a: Pecharunt|Pecharunt|66/100
|turn|16
|
|t:|1760440044
|-end|p2a: Nite|Quark Drive|[silent]
|switch|p2a: Chili|Toxtricity-Low-Key, M, tera:Normal|28/100
|move|p1a: Pecharunt|Malignant Chain|p2a: Chili
|-damage|p2a: Chili|0 fnt
|faint|p2a: Chili
|
|upkeep
|
|t:|1760440050
|switch|p2a: Nite|Iron Valiant, shiny|100/100
|turn|17
|
|t:|1760440054
|move|p2a: Nite|Shadow Ball|p1a: Pecharunt
|-supereffective|p1a: Pecharunt
|-damage|p1a: Pecharunt|0 fnt
|faint|p1a: Pecharunt
|
|upkeep
|
|t:|1760440057
|switch|p1a: Raging Bolt|Raging Bolt|100/100
|turn|18
|
|t:|1760440064
|move|p1a: Raging Bolt|Thunderbolt|p2a: Nite
|-damage|p2a: Nite|4/100
|move|p2a: Nite|Shadow Ball|p1a: Raging Bolt
|-damage|p1a: Raging Bolt|60/100
|
|upkeep
|turn|19
|-message|seethemalldie forfeited.
|
|win|didijjb
|raw|didijjb's rating: 1305 &rarr; <strong>1323</strong><br />(+18 for winning)
|raw|seethemalldie's rating: 1274 &rarr; <strong>1251</strong><br />(-23 for losing)
|l|☆seethemalldie
|player|p2|
