|j|☆vghhjg
|j|☆kinsword
|t:|1760452023
|gametype|singles
|player|p1|vghhjg|265|1512
|player|p2|kinsword|2|1464
|gen|9
|tier|[Gen 9] OU
|rated|
|rule|HP Percentage Mod: HP is shown in percentages
|rule|Endless Battle Clause: Forcing endless battles is banned
|rule|Species Clause: Limit one of each Pokémon
|rule|OHKO Clause: OHKO moves are banned
|rule|Evasion Items Clause: Evasion items are banned
|rule|Evasion Moves Clause: Evasion moves are banned
|rule|Evasion Abilities Clause: Evasion abilities are banned
|rule|Sleep Moves Clause: Sleep-inducing moves are banned
|clearpoke
|poke|p1|Ribombee, M|
|poke|p1|Gholdengo|
|poke|p1|Cinderace, M|
|poke|p1|Primarina, M|
|poke|p1|Dragonite, F|
|poke|p1|Iron Treads|
|poke|p2|Dudunsparce-*, M|
|poke|p2|Greninja-*, M|
|poke|p2|Skarmory, M|
|poke|p2|Iron Treads|
|poke|p2|Fezandipiti, M|
|poke|p2|Haxorus, M|
|teampreview
|inactive|Battle timer is ON: inactive players will automatically lose when time's up. (requested by kinsword)
|
|t:|1760452049
|teamsize|p1|6
|teamsize|p2|6
|start
|switch|p1a: Ribombee|Ribombee, M|100/100
|switch|p2a: Fezandipiti|Fezandipiti, M|100/100
|turn|1
|inactive|vghhjg has 120 seconds left.
|inactive|vghhjg has 90 seconds left.
|
|t:|1760452119
|move|p1a: Ribombee|Sticky Web|p2a: Fezandipiti
|-sidestart|p2: kinsword|move: Sticky Web
|move|p2a: Fezandipiti|Dual Wingbeat|p1a: Ribombee
|-supereffective|p1a: Ribombee
|-damage|p1a: Ribombee|42/100
|-supereffective|p1a: Ribombee
|-damage|p1a: Ribombee|0 fnt
|faint|p1a: Ribombee
|-hitcount|p1: Ribombee|2
|
|upkeep
|
|t:|1760452124
|switch|p1a: Iron Treads|Iron Treads|100/100
|turn|2
|
|t:|1760452131
|switch|p2a: Skarmory|Skarmory, M|100/100
|move|p1a: Iron Treads|Stealth Rock|p2a: Skarmory
|-sidestart|p2: kinsword|move: Stealth Rock
|
|upkeep
|turn|3
|
|t:|1760452147
|move|p1a: Iron Treads|Knock Off|p2a: Skarmory
|-damage|p2a: Skarmory|82/100
|-damage|p1a: Iron Treads|84/100|[from] item: Rocky Helmet|[of] p2a: Skarmory
|-enditem|p2a: Skarmory|Rocky Helmet|[from] move: Knock Off|[of] p1a: Iron Treads
|move|p2a: Skarmory|Body Press|p1a: Iron Treads
|-supereffective|p1a: Iron Treads
|-damage|p1a: Iron Treads|20/100
|
|upkeep
|turn|4
|
|t:|1760452159
|-end|p1a: Iron Treads|Quark Drive|[silent]
|switch|p1a: Gholdengo|Gholdengo|100/100
|-item|p1a: Gholdengo|Air Balloon
|move|p2a: Skarmory|Body Press|p1a: Gholdengo
|-immune|p1a: Gholdengo
|
|upkeep
|turn|5
|
|t:|1760452167
|switch|p2a: Dudunsparce|Dudunsparce-Three-Segment, M|100/100
|-activate|p2a: Dudunsparce|move: Sticky Web
|-unboost|p2a: Dudunsparce|spe|1
|-damage|p2a: Dudunsparce|88/100|[from] Stealth Rock
|move|p1a: Gholdengo|Nasty Plot|p1a: Gholdengo
|-boost|p1a: Gholdengo|spa|2
|
|-heal|p2a: Dudunsparce|94/100|[from] item: Leftovers
|upkeep
|turn|6
|
|t:|1760452179
|switch|p1a: Iron Treads|Iron Treads|20/100
|move|p2a: Dudunsparce|Shadow Ball|p1a: Iron Treads
|-crit|p1a: Iron Treads
|-damage|p1a: Iron Treads|0 fnt
|faint|p1a: Iron Treads
|-end|p1a: Iron Treads|Quark Drive|[silent]
|
|-heal|p2a: Dudunsparce|100/100|[from] item: Leftovers
|upkeep
|
|t:|1760452184
|switch|p1a: Primarina|Primarina, M|100/100
|turn|7
|
|t:|1760452191
|move|p1a: Primarina|Substitute|p1a: Primarina
|-start|p1a: Primarina|Substitute
|-damage|p1a: Primarina|76/100
|move|p2a: Dudunsparce|Glare||[still]
|-fail|p2a: Dudunsparce
|
|-heal|p1a: Primarina|82/100|[from] item: Leftovers
|upkeep
|turn|8
|
|t:|1760452199
|move|p1a: Primarina|Calm Mind|p1a: Primarina
|-boost|p1a: Primarina|spa|1
|-boost|p1a: Primarina|spd|1
|move|p2a: Dudunsparce|Boomburst|p1a: Primarina
|-damage|p1a: Primarina|40/100
|
|-heal|p1a: Primarina|46/100|[from] item: Leftovers
|upkeep
|turn|9
|
|t:|1760452208
|move|p1a: Primarina|Calm Mind|p1a: Primarina
|-boost|p1a: Primarina|spa|1
|-boost|p1a: Primarina|spd|1
|move|p2a: Dudunsparce|Boomburst|p1a: Primarina
|-damage|p1a: Primarina|17/100
|
|-heal|p1a: Primarina|23/100|[from] item: Leftovers
|upkeep
|turn|10
|
|t:|1760452218
|switch|p2a: Fezandipiti|Fezandipiti, M|100/100
|-activate|p2a: Fezandipiti|move: Sticky Web
|-unboost|p2a: Fezandipiti|spe|1
|-damage|p2a: Fezandipiti|88/100|[from] Stealth Rock
|move|p1a: Primarina|Surf|p2a: Fezandipiti
|-damage|p2a: Fezandipiti|0 fnt
|faint|p2a: Fezandipiti
|
|-heal|p1a: Primarina|29/100|[from] item: Leftovers
|upkeep
|
|t:|1760452243
|switch|p2a: Greninja|Greninja, M|100/100
|-activate|p2a: Greninja|move: Sticky Web
|-unboost|p2a: Greninja|spe|1
|-damage|p2a: Greninja|88/100|[from] Stealth Rock
|turn|11
|
|t:|1760452255
|move|p2a: Greninja|Sludge Wave|p1a: Primarina
|-start|p2a: Greninja|typechange|Poison|[from] ability: Protean
|-supereffective|p1a: Primarina
|-end|p1a: Primarina|Substitute
|move|p1a: Primarina|Moonblast|p2a: Greninja
|-resisted|p2a: Greninja
|-damage|p2a: Greninja|8/100
|
|-heal|p1a: Primarina|35/100|[from] item: Leftovers
|upkeep
|turn|12
|
|t:|1760452271
|switch|p1a: Cinderace|Cinderace, M|100/100
|move|p2a: Greninja|Sludge Wave|p1a: Cinderace
|-damage|p1a: Cinderace|42/100
|
|upkeep
|turn|13
|
|t:|1760452278
|move|p2a: Greninja|Sludge Wave|p1a: Cinderace
|-damage|p1a: Cinderace|0 fnt
|faint|p1a: Cinderace
|
|upkeep
|
|t:|1760452281
|switch|p1a: Gholdengo|Gholdengo|100/100
|-item|p1a: Gholdengo|Air Balloon
|turn|14
|
|t:|1760452288
|switch|p2a: Dudunsparce|Dudunsparce-Three-Segment, M|100/100
|-activate|p2a: Dudunsparce|move: Sticky Web
|-unboost|p2a: Dudunsparce|spe|1
|-damage|p2a: Dudunsparce|88/100|[from] Stealth Rock
|move|p1a: Gholdengo|Dazzling Gleam|p2a: Dudunsparce
|-damage|p2a: Dudunsparce|65/100
|
|-heal|p2a: Dudunsparce|72/100|[from] item: Leftovers
|upkeep
|turn|15
|
|t:|1760452299
|switch|p1a: Dragonite|Dragonite, F|100/100
|move|p2a: Dudunsparce|Shadow Ball|p1a: Dragonite
|-damage|p1a: Dragonite|88/100
|-unboost|p1a: Dragonite|spd|1
|
|-heal|p2a: Dudunsparce|78/100|[from] item: Leftovers
|upkeep
|turn|16
|
|t:|1760452309
|move|p1a: Dragonite|Encore|p2a: Dudunsparce
|-start|p2a: Dudunsparce|Encore
|move|p2a: Dudunsparce|Shadow Ball|p1a: Dragonite
|-damage|p1a: Dragonite|52/100
|-unboost|p1a: Dragonite|spd|1
|
|-heal|p2a: Dudunsparce|84/100|[from] item: Leftovers
|upkeep
|turn|17
|
|t:|1760452318
|move|p1a: Dragonite|Earthquake|p2a: Dudunsparce
|-damage|p2a: Dudunsparce|46/100
|move|p2a: Dudunsparce|Shadow Ball|p1a: Dragonite
|-damage|p1a: Dragonite|6/100
|
|-heal|p2a: Dudunsparce|52/100|[from] item: Leftovers
|upkeep
|turn|18
|
|t:|1760452327
|move|p1a: Dragonite|Earthquake|p2a: Dudunsparce
|-damage|p2a: Dudunsparce|11/100
|move|p2a: Dudunsparce|Shadow Ball|p1a: Dragonite
|-damage|p1a: Dragonite|0 fnt
|faint|p1a: Dragonite
|
|-heal|p2a: Dudunsparce|17/100|[from] item: Leftovers
|-end|p2a: Dudunsparce|Encore
|upkeep
|c|☆vghhjg|dudunsparce too strong lol
|
|t:|1760452343
|switch|p1a: Primarina|Primarina, M|35/100
|turn|19
|
|t:|1760452346
|move|p1a: Primarina|Surf|p2a: Dudunsparce
|-damage|p2a: Dudunsparce|0 fnt
|faint|p2a: Dudunsparce
|
|-heal|p1a: Primarina|41/100|[from] item: Leftovers
|upkeep
|
|t:|1760452355
|switch|p2a: Iron Treads|Iron Treads|100/100
|-activate|p2a: Iron Treads|move: Sticky Web
|-unboost|p2a: Iron Treads|spe|1
|-damage|p2a: Iron Treads|97/100|[from] Stealth Rock
|turn|20
|
|t:|1760452365
|switch|p1a: Gholdengo|Gholdengo|100/100
|-item|p1a: Gholdengo|Air Balloon
|move|p2a: Iron Treads|Ice Spinner|p1a: Gholdengo
|-resisted|p1a: Gholdengo
|-damage|p1a: Gholdengo|86/100
|-enditem|p1a: Gholdengo|Air Balloon
|
|-heal|p2a: Iron Treads|100/100|[from] item: Leftovers
|upkeep
|turn|21
|
|t:|1760452375
|move|p1a: Gholdengo|Shadow Ball|p2a: Iron Treads
|-damage|p2a: Iron Treads|60/100
|move|p2a: Iron Treads|Earthquake|p1a: Gholdengo
|-supereffective|p1a: Gholdengo
|-damage|p1a: Gholdengo|0 fnt
|faint|p1a: Gholdengo
|
|-heal|p2a: Iron Treads|66/100|[from] item: Leftovers
|upkeep
|
|t:|1760452379
|switch|p1a: Primarina|Primarina, M|41/100
|turn|22
|
|t:|1760452388
|move|p1a: Primarina|Surf|p2a: Iron Treads
|-supereffective|p2a: Iron Treads
|-damage|p2a: Iron Treads|0 fnt
|faint|p2a: Iron Treads
|-end|p2a: Iron Treads|Quark Drive|[silent]
|
|-heal|p1a: Primarina|47/100|[from] item: Leftovers
|upkeep
|
|t:|1760452397
|switch|p2a: Haxorus|Haxorus, M|100/100
|-activate|p2a: Haxorus|move: Sticky Web
|-unboost|p2a: Haxorus|spe|1
|-damage|p2a: Haxorus|88/100|[from] Stealth Rock
|-ability|p2a: Haxorus|Mold Breaker
|turn|23
|
|t:|1760452405
|-terastallize|p2a: Haxorus|Fire
|move|p1a: Primarina|Moonblast|p2a: Haxorus
|-resisted|p2a: Haxorus
|-damage|p2a: Haxorus|49/100
|-unboost|p2a: Haxorus|spa|1
|move|p2a: Haxorus|Earthquake|p1a: Primarina
|-damage|p1a: Primarina|0 fnt
|faint|p1a: Primarina
|
|win|kinsword
|raw|vghhjg's rating: 1530 &rarr; <strong>1506</strong><br />(-24 for losing)
|raw|kinsword's rating: 1464 &rarr; <strong>1488</strong><br />(+24 for winning)
|l|☆vghhjg
|player|p1|
|l|☆kinsword
|player|p2|
