|j|☆bananana324
|j|☆Rener_Nobre
|t:|1760388794
|gametype|singles
|player|p1|bananana324|102|1223
|player|p2|Rener_Nobre|hilbert-wonderlauncher|1222
|gen|9
|tier|[Gen 9] OU
|rated|
|rule|HP Percentage Mod: HP is shown in percentages
|rule|Endless Battle Clause: Forcing endless battles is banned
|rule|Species Clause: Limit one of each Pokémon
|rule|OHKO Clause: OHKO moves are banned
|rule|Evasion Items Clause: Evasion items are banned
|rule|Evasion Moves Clause: Evasion moves are banned
|rule|Evasion Abilities Clause: Evasion abilities are banned
|rule|Sleep Moves Clause: Sleep-inducing moves are banned
|clearpoke
|poke|p1|Bellibolt, M|
|poke|p1|Pelipper, M|
|poke|p1|Kyurem|
|poke|p1|Kingambit, F|
|poke|p1|Qwilfish-Hisui, M|
|poke|p1|Blastoise, F|
|poke|p2|Dondozo, M|
|poke|p2|Revavroom, M|
|poke|p2|Iron Treads|
|poke|p2|Iron Moth|
|poke|p2|Moltres-Galar|
|poke|p2|Latios, M|
|teampreview
|inactive|Battle timer is ON: inactive players will automatically lose when time's up. (requested by bananana324)
|
|t:|1760388810
|teamsize|p1|6
|teamsize|p2|6
|start
|switch|p1a: Pelipper|Pelipper, M|100/100
|switch|p2a: Latios|Latios, M|100/100
|-weather|RainDance|[from] ability: Drizzle|[of] p1a: Pelipper
|turn|1
|
|t:|1760388822
|move|p2a: Latios|Draco Meteor|p1a: Pelipper
|-damage|p1a: Pelipper|0 fnt
|-unboost|p2a: Latios|spa|2
|faint|p1a: Pelipper
|
|-weather|RainDance|[upkeep]
|upkeep
|
|t:|1760388828
|switch|p1a: Qwilfish|Qwilfish-Hisui, M|100/100
|turn|2
|
|t:|1760388834
|switch|p2a: Dondozo|Dondozo, M|100/100
|move|p1a: Qwilfish|Swords Dance|p1a: Qwilfish
|-boost|p1a: Qwilfish|atk|2
|
|-weather|RainDance|[upkeep]
|upkeep
|turn|3
|
|t:|1760388843
|move|p1a: Qwilfish|Barb Barrage|p2a: Dondozo
|-damage|p2a: Dondozo|87/100
|move|p2a: Dondozo|Liquidation|p1a: Qwilfish
|-damage|p1a: Qwilfish|58/100
|
|-weather|RainDance|[upkeep]
|-heal|p2a: Dondozo|94/100|[from] item: Leftovers
|upkeep
|turn|4
|
|t:|1760388852
|move|p1a: Qwilfish|Barb Barrage|p2a: Dondozo
|-damage|p2a: Dondozo|82/100
|-status|p2a: Dondozo|psn
|move|p2a: Dondozo|Liquidation|p1a: Qwilfish
|-damage|p1a: Qwilfish|14/100
|
|-weather|RainDance|[upkeep]
|-heal|p2a: Dondozo|88/100 psn|[from] item: Leftovers
|-damage|p2a: Dondozo|75/100 psn|[from] psn
|upkeep
|turn|5
|
|t:|1760388863
|move|p1a: Qwilfish|Barb Barrage|p2a: Dondozo
|-damage|p2a: Dondozo|51/100 psn
|move|p2a: Dondozo|Liquidation|p1a: Qwilfish
|-damage|p1a: Qwilfish|0 fnt
|faint|p1a: Qwilfish
|
|-weather|RainDance|[upkeep]
|-heal|p2a: Dondozo|57/100 psn|[from] item: Leftovers
|-damage|p2a: Dondozo|45/100 psn|[from] psn
|upkeep
|
|t:|1760388872
|switch|p1a: Bellibolt|Bellibolt, M|100/100
|turn|6
|
|t:|1760388878
|switch|p2a: Iron Treads|Iron Treads|100/100
|-enditem|p2a: Iron Treads|Booster Energy
|-activate|p2a: Iron Treads|ability: Quark Drive|[fromitem]
|-start|p2a: Iron Treads|quarkdrivespe
|move|p1a: Bellibolt|Weather Ball|p2a: Iron Treads
|-supereffective|p2a: Iron Treads
|-damage|p2a: Iron Treads|0 fnt
|faint|p2a: Iron Treads
|-end|p2a: Iron Treads|Quark Drive|[silent]
|
|-weather|RainDance|[upkeep]
|upkeep
|
|t:|1760388895
|switch|p2a: Latios|Latios, M|100/100
|turn|7
|
|t:|1760388901
|move|p2a: Latios|Draco Meteor|p1a: Bellibolt
|-damage|p1a: Bellibolt|50/100
|-unboost|p2a: Latios|spa|2
|-start|p1a: Bellibolt|Charge|Draco Meteor|[from] ability: Electromorphosis
|move|p1a: Bellibolt|Acid Spray|p2a: Latios
|-damage|p2a: Latios|88/100
|-unboost|p2a: Latios|spd|2
|
|-weather|RainDance|[upkeep]
|upkeep
|turn|8
|
|t:|1760388916
|switch|p2a: Dondozo|Dondozo, M|45/100 psn
|move|p1a: Bellibolt|Parabolic Charge|p2a: Dondozo
|-supereffective|p2a: Dondozo
|-damage|p2a: Dondozo|0 fnt
|-heal|p1a: Bellibolt|76/100|[from] drain|[of] p2a: Dondozo
|faint|p2a: Dondozo
|-end|p1a: Bellibolt|Charge|[silent]
|
|-weather|none
|upkeep
|inactive|Rener_Nobre has 120 seconds left.
|
|t:|1760388941
|switch|p2a: Latios|Latios, M|88/100
|turn|9
|inactive|Rener_Nobre has 120 seconds left.
|
|t:|1760388952
|move|p2a: Latios|Luster Purge|p1a: Bellibolt
|-damage|p1a: Bellibolt|40/100
|-start|p1a: Bellibolt|Charge|Luster Purge|[from] ability: Electromorphosis
|move|p1a: Bellibolt|Parabolic Charge|p2a: Latios
|-resisted|p2a: Latios
|-damage|p2a: Latios|53/100
|-heal|p1a: Bellibolt|53/100|[from] drain|[of] p2a: Latios
|-end|p1a: Bellibolt|Charge|[silent]
|
|upkeep
|turn|10
|inactive|Rener_Nobre has 120 seconds left.
|
|t:|1760388968
|move|p2a: Latios|Luster Purge|p1a: Bellibolt
|-damage|p1a: Bellibolt|20/100
|-start|p1a: Bellibolt|Charge|Luster Purge|[from] ability: Electromorphosis
|move|p1a: Bellibolt|Acid Spray|p2a: Latios
|-damage|p2a: Latios|38/100
|-unboost|p2a: Latios|spd|2
|
|upkeep
|turn|11
|inactive|Rener_Nobre has 120 seconds left.
|
|t:|1760388979
|move|p2a: Latios|Luster Purge|p1a: Bellibolt
|-damage|p1a: Bellibolt|0 fnt
|faint|p1a: Bellibolt
|
|upkeep
|
|t:|1760388984
|switch|p1a: Kingambit|Kingambit, F|100/100
|-activate|p1a: Kingambit|ability: Supreme Overlord
|-start|p1a: Kingambit|fallen3|[silent]
|turn|12
|
|t:|1760388991
|switch|p2a: Moltres|Moltres-Galar|100/100
|move|p1a: Kingambit|Kowtow Cleave|p2a: Moltres
|-resisted|p2a: Moltres
|-damage|p2a: Moltres|63/100
|
|upkeep
|turn|13
|
|t:|1760389001
|move|p2a: Moltres|Air Slash|p1a: Kingambit
|-resisted|p1a: Kingambit
|-damage|p1a: Kingambit|83/100
|move|p1a: Kingambit|Iron Head|p2a: Moltres
|-damage|p2a: Moltres|0 fnt
|faint|p2a: Moltres
|
|upkeep
|inactive|Rener_Nobre has 120 seconds left.
|
|t:|1760389030
|switch|p2a: Latios|Latios, M|38/100
|turn|14
|
|t:|1760389037
|move|p2a: Latios|Trick|p1a: Kingambit
|-activate|p2a: Latios|move: Trick|[of] p1a: Kingambit
|-item|p1a: Kingambit|Choice Scarf|[from] move: Trick
|-item|p2a: Latios|Heavy-Duty Boots|[from] move: Trick
|move|p1a: Kingambit|Kowtow Cleave|p2a: Latios
|-supereffective|p2a: Latios
|-crit|p2a: Latios
|-damage|p2a: Latios|0 fnt
|faint|p2a: Latios
|
|upkeep
|inactive|Rener_Nobre has 120 seconds left.
|
|t:|1760389048
|switch|p2a: Iron Moth|Iron Moth|100/100
|-enditem|p2a: Iron Moth|Booster Energy
|-activate|p2a: Iron Moth|ability: Quark Drive|[fromitem]
|-start|p2a: Iron Moth|quarkdrivespe
|turn|15
|inactive|Rener_Nobre has 120 seconds left.
|
|t:|1760389056
|-terastallize|p1a: Kingambit|Dark
|move|p2a: Iron Moth|Fiery Dance|p1a: Kingambit
|-damage|p1a: Kingambit|45/100
|-boost|p2a: Iron Moth|spa|1
|move|p1a: Kingambit|Kowtow Cleave|p2a: Iron Moth
|-damage|p2a: Iron Moth|0 fnt
|faint|p2a: Iron Moth
|-end|p2a: Iron Moth|Quark Drive|[silent]
|
|upkeep
|inactive|Rener_Nobre has 120 seconds left.
|
|t:|1760389066
|switch|p2a: Revavroom|Revavroom, M|100/100
|-item|p2a: Revavroom|Air Balloon
|turn|16
|inactive|Rener_Nobre has 120 seconds left.
|
|t:|1760389078
|move|p2a: Revavroom|Shift Gear|p2a: Revavroom
|-boost|p2a: Revavroom|spe|2
|-boost|p2a: Revavroom|atk|1
|move|p1a: Kingambit|Kowtow Cleave|p2a: Revavroom
|-damage|p2a: Revavroom|0 fnt
|-enditem|p2a: Revavroom|Air Balloon
|faint|p2a: Revavroom
|
|win|bananana324
|raw|bananana324's rating: 1223 &rarr; <strong>1248</strong><br />(+25 for winning)
|raw|Rener_Nobre's rating: 1222 &rarr; <strong>1197</strong><br />(-25 for losing)
|l|☆Rener_Nobre
|player|p2|
