|j|☆Firea9zhan
|j|☆SaikoWrld
|t:|1760351458
|gametype|singles
|player|p1|Firea9zhan|red|1216
|player|p2|SaikoWrld|170|1167
|gen|9
|tier|[Gen 9] OU
|rated|
|rule|HP Percentage Mod: HP is shown in percentages
|rule|Endless Battle Clause: Forcing endless battles is banned
|rule|Species Clause: Limit one of each Pokémon
|rule|OHKO Clause: OHKO moves are banned
|rule|Evasion Items Clause: Evasion items are banned
|rule|Evasion Moves Clause: Evasion moves are banned
|rule|Evasion Abilities Clause: Evasion abilities are banned
|rule|Sleep Moves Clause: Sleep-inducing moves are banned
|clearpoke
|poke|p1|Dragonite, F|
|poke|p1|Gholdengo|
|poke|p1|Garganacl, M|
|poke|p1|Heatran, F|
|poke|p1|Grimmsnarl, M|
|poke|p1|Great Tusk|
|poke|p2|Muk-Alola, M|
|poke|p2|Orthworm, M|
|poke|p2|Landorus-Therian, M|
|poke|p2|Hatterene, F|
|poke|p2|Zapdos|
|poke|p2|Ceruledge, M|
|teampreview
|inactive|Battle timer is ON: inactive players will automatically lose when time's up. (requested by Firea9zhan)
|
|t:|1760351504
|teamsize|p1|6
|teamsize|p2|6
|start
|switch|p1a: Great Tusk|Great Tusk|100/100
|switch|p2a: Globox|Orthworm, M, shiny|100/100
|turn|1
|
|t:|1760351519
|move|p1a: Great Tusk|Close Combat|p2a: Globox
|-supereffective|p2a: Globox
|-damage|p2a: Globox|31/100
|-unboost|p1a: Great Tusk|def|1
|-unboost|p1a: Great Tusk|spd|1
|-enditem|p2a: Globox|Kee Berry|[eat]
|-boost|p2a: Globox|def|1|[from] item: Kee Berry
|move|p2a: Globox|Spikes|p1a: Great Tusk
|-sidestart|p1: Firea9zhan|Spikes
|
|upkeep
|turn|2
|
|t:|1760351532
|switch|p2a: Ceruledge|Ceruledge, M|100/100
|move|p1a: Great Tusk|Rapid Spin|p2a: Ceruledge
|-immune|p2a: Ceruledge
|
|upkeep
|turn|3
|
|t:|1760351542
|-end|p1a: Great Tusk|Protosynthesis|[silent]
|switch|p1a: Heatran|Heatran, F|100/100
|-item|p1a: Heatran|Air Balloon
|switch|p2a: Globox|Orthworm, M, shiny|31/100
|
|upkeep
|turn|4
|inactive|SaikoWrld has 120 seconds left.
|
|t:|1760351598
|switch|p2a: Landorus|Landorus-Therian, M|100/100
|-ability|p2a: Landorus|Intimidate|boost
|-unboost|p1a: Heatran|atk|1
|move|p1a: Heatran|Magma Storm|p2a: Landorus
|-damage|p2a: Landorus|26/100
|-activate|p2a: Landorus|move: Magma Storm|[of] p1a: Heatran
|
|-damage|p2a: Landorus|14/100|[from] move: Magma Storm|[partiallytrapped]
|upkeep
|turn|5
|
|t:|1760351616
|switch|p1a: Great Tusk|Great Tusk|100/100
|-damage|p1a: Great Tusk|88/100|[from] Spikes
|move|p2a: Landorus|Earthquake|p1a: Great Tusk
|-damage|p1a: Great Tusk|31/100
|-damage|p2a: Landorus|4/100|[from] item: Life Orb
|
|-end|p2a: Landorus|Magma Storm|[partiallytrapped]|[silent]
|upkeep
|turn|6
|
|t:|1760351632
|move|p2a: Landorus|Earthquake|p1a: Great Tusk
|-damage|p1a: Great Tusk|0 fnt
|faint|p1a: Great Tusk
|-end|p1a: Great Tusk|Protosynthesis|[silent]
|-damage|p2a: Landorus|0 fnt|[from] item: Life Orb
|faint|p2a: Landorus
|
|upkeep
|
|t:|1760351646
|switch|p2a: TrashDay|Muk-Alola, M, shiny|100/100
|switch|p1a: Grimmsnarl|Grimmsnarl, M|100/100
|-damage|p1a: Grimmsnarl|88/100|[from] Spikes
|turn|7
|
|t:|1760351653
|move|p1a: Grimmsnarl|Reflect|p1a: Grimmsnarl
|-sidestart|p1: Firea9zhan|Reflect
|move|p2a: TrashDay|Gunk Shot|p1a: Grimmsnarl
|-supereffective|p1a: Grimmsnarl
|-damage|p1a: Grimmsnarl|27/100
|
|-heal|p1a: Grimmsnarl|33/100|[from] item: Leftovers
|upkeep
|turn|8
|
|t:|1760351671
|move|p1a: Grimmsnarl|Light Screen|p1a: Grimmsnarl
|-sidestart|p1: Firea9zhan|move: Light Screen
|move|p2a: TrashDay|Gunk Shot|p1a: Grimmsnarl
|-supereffective|p1a: Grimmsnarl
|-damage|p1a: Grimmsnarl|0 fnt
|faint|p1a: Grimmsnarl
|
|upkeep
|
|t:|1760351682
|switch|p1a: Dragonite|Dragonite, F|100/100
|turn|9
|
|t:|1760351691
|switch|p2a: Ceruledge|Ceruledge, M|100/100
|move|p1a: Dragonite|Dragon Dance|p1a: Dragonite
|-boost|p1a: Dragonite|atk|1
|-boost|p1a: Dragonite|spe|1
|
|upkeep
|turn|10
|
|t:|1760351701
|move|p1a: Dragonite|Ice Spinner|p2a: Ceruledge
|-resisted|p2a: Ceruledge
|-damage|p2a: Ceruledge|63/100
|-ability|p2a: Ceruledge|Weak Armor|boost
|-unboost|p2a: Ceruledge|def|1
|-boost|p2a: Ceruledge|spe|2
|move|p2a: Ceruledge|Brick Break|p1a: Dragonite
|-sideend|p1: Firea9zhan|Reflect
|-sideend|p1: Firea9zhan|move: Light Screen
|-resisted|p1a: Dragonite
|-damage|p1a: Dragonite|93/100
|
|-heal|p1a: Dragonite|99/100|[from] item: Leftovers
|upkeep
|turn|11
|inactive|SaikoWrld has 120 seconds left.
|
|t:|1760351720
|move|p2a: Ceruledge|Bitter Blade|p1a: Dragonite
|-resisted|p1a: Dragonite
|-damage|p1a: Dragonite|76/100
|-heal|p2a: Ceruledge|76/100|[from] drain|[of] p1a: Dragonite
|move|p1a: Dragonite|Dragon Dance|p1a: Dragonite
|-boost|p1a: Dragonite|atk|1
|-boost|p1a: Dragonite|spe|1
|
|-heal|p1a: Dragonite|83/100|[from] item: Leftovers
|upkeep
|turn|12
|
|t:|1760351731
|move|p2a: Ceruledge|Destiny Bond|p2a: Ceruledge
|-singlemove|p2a: Ceruledge|Destiny Bond
|move|p1a: Dragonite|Dragon Dance|p1a: Dragonite
|-boost|p1a: Dragonite|atk|1
|-boost|p1a: Dragonite|spe|1
|
|-heal|p1a: Dragonite|89/100|[from] item: Leftovers
|upkeep
|turn|13
|inactive|SaikoWrld has 120 seconds left.
|
|t:|1760351756
|move|p1a: Dragonite|Dragon Dance|p1a: Dragonite
|-boost|p1a: Dragonite|atk|1
|-boost|p1a: Dragonite|spe|1
|move|p2a: Ceruledge|Bitter Blade|p1a: Dragonite
|-resisted|p1a: Dragonite
|-damage|p1a: Dragonite|61/100
|-heal|p2a: Ceruledge|91/100|[from] drain|[of] p1a: Dragonite
|
|-heal|p1a: Dragonite|68/100|[from] item: Leftovers
|upkeep
|turn|14
|
|t:|1760351766
|move|p1a: Dragonite|Ice Spinner|p2a: Ceruledge
|-resisted|p2a: Ceruledge
|-damage|p2a: Ceruledge|0 fnt
|faint|p2a: Ceruledge
|
|-heal|p1a: Dragonite|74/100|[from] item: Leftovers
|upkeep
|
|t:|1760351776
|switch|p2a: Hatterene|Hatterene, F|100/100
|turn|15
|
|t:|1760351782
|-terastallize|p1a: Dragonite|Normal
|move|p1a: Dragonite|Extreme Speed|p2a: Hatterene
|-damage|p2a: Hatterene|0 fnt
|faint|p2a: Hatterene
|
|-heal|p1a: Dragonite|80/100|[from] item: Leftovers
|upkeep
|-message|SaikoWrld forfeited.
|
|win|Firea9zhan
|raw|Firea9zhan's rating: 1216 &rarr; <strong>1237</strong><br />(+21 for winning)
|raw|SaikoWrld's rating: 1167 &rarr; <strong>1146</strong><br />(-21 for losing)
|l|☆SaikoWrld
|player|p2|
|l|☆Firea9zhan
|player|p1|
