|j|☆Bigsauuuurrr
|j|☆Pirate du Merry
|t:|1760307294
|gametype|singles
|player|p1|Bigsauuuurrr|veteran|1072
|player|p2|Pirate du Merry|aquagrunt|1086
|gen|9
|tier|[Gen 9] OU
|rated|
|rule|HP Percentage Mod: HP is shown in percentages
|rule|Endless Battle Clause: Forcing endless battles is banned
|rule|Species Clause: Limit one of each Pokémon
|rule|OHKO Clause: OHKO moves are banned
|rule|Evasion Items Clause: Evasion items are banned
|rule|Evasion Moves Clause: Evasion moves are banned
|rule|Evasion Abilities Clause: Evasion abilities are banned
|rule|Sleep Moves Clause: Sleep-inducing moves are banned
|clearpoke
|poke|p1|Dudunsparce-*, M|
|poke|p1|Victreebel, M|
|poke|p1|Qwilfish-Hisui, M|
|poke|p1|Toucannon, M|
|poke|p1|Froslass, F|
|poke|p1|Hitmonchan, M|
|poke|p2|Infernape, M|
|poke|p2|Sceptile, M|
|poke|p2|Gholdengo|
|poke|p2|Inteleon, M|
|poke|p2|Blaziken, F|
|poke|p2|Stantler, M|
|teampreview
|inactive|Battle timer is ON: inactive players will automatically lose when time's up. (requested by Bigsauuuurrr)
|c|☆Pirate du Merry|Wow
|c|☆Pirate du Merry|nice team
|
|t:|1760307306
|teamsize|p1|6
|teamsize|p2|6
|start
|switch|p1a: Dune|Dudunsparce, M, shiny|100/100
|switch|p2a: Luffy|Infernape, M|100/100
|turn|1
|c|☆Pirate du Merry|it's uncommon to see people play cool things
|
|t:|1760307324
|move|p2a: Luffy|Fake Out|p1a: Dune
|-damage|p1a: Dune|93/100
|cant|p1a: Dune|flinch
|
|-heal|p1a: Dune|99/100|[from] item: Leftovers
|upkeep
|turn|2
|
|t:|1760307330
|switch|p2a: Nami|Gholdengo|100/100
|move|p1a: Dune|Glare|p2a: Nami
|-immune|p2a: Nami|[from] ability: Good as Gold
|
|-heal|p1a: Dune|100/100|[from] item: Leftovers
|upkeep
|turn|3
|
|t:|1760307337
|move|p2a: Nami|Make It Rain|p1a: Dune
|-damage|p1a: Dune|38/100
|-unboost|p2a: Nami|spa|1
|move|p1a: Dune|Dragon Tail|p2a: Nami
|-resisted|p2a: Nami
|-damage|p2a: Nami|93/100
|drag|p2a: Usopp|Inteleon, M|100/100
|
|-heal|p1a: Dune|44/100|[from] item: Leftovers
|upkeep
|turn|4
|
|t:|1760307349
|move|p2a: Usopp|Ice Beam|p1a: Dune
|-damage|p1a: Dune|4/100
|move|p1a: Dune|Stealth Rock|p2a: Usopp
|-sidestart|p2: Pirate du Merry|move: Stealth Rock
|
|-heal|p1a: Dune|11/100|[from] item: Leftovers
|upkeep
|turn|5
|
|t:|1760307374
|switch|p1a: Puff|Qwilfish-Hisui, M, shiny|100/100
|-ability|p1a: Puff|Intimidate|boost
|-unboost|p2a: Usopp|atk|1
|move|p2a: Usopp|Ice Beam|p1a: Puff
|-damage|p1a: Puff|61/100
|
|upkeep
|turn|6
|
|t:|1760307382
|switch|p2a: Nami|Gholdengo|93/100
|-damage|p2a: Nami|87/100|[from] Stealth Rock
|move|p1a: Puff|Spikes|p2a: Nami
|-sidestart|p2: Pirate du Merry|Spikes
|
|upkeep
|turn|7
|
|t:|1760307394
|move|p2a: Nami|Hyper Beam|p1a: Puff
|-damage|p1a: Puff|17/100
|-mustrecharge|p2a: Nami
|move|p1a: Puff|Crunch|p2a: Nami
|-supereffective|p2a: Nami
|-damage|p2a: Nami|8/100
|-unboost|p2a: Nami|def|1
|
|upkeep
|turn|8
|
|t:|1760307402
|cant|p2a: Nami|recharge
|move|p1a: Puff|Fell Stinger|p2a: Nami
|-resisted|p2a: Nami
|-damage|p2a: Nami|3/100
|
|upkeep
|turn|9
|
|t:|1760307409
|move|p1a: Puff|Aqua Jet|p2a: Nami
|-damage|p2a: Nami|0 fnt
|faint|p2a: Nami
|
|upkeep
|c|☆Pirate du Merry|haha funny
|
|t:|1760307430
|switch|p2a: Zoro|Sceptile, M|100/100
|-damage|p2a: Zoro|88/100|[from] Stealth Rock
|-damage|p2a: Zoro|76/100|[from] Spikes
|turn|10
|
|t:|1760307437
|switch|p1a: Venus|Victreebel, M, shiny|100/100
|move|p2a: Zoro|Swords Dance|p2a: Zoro
|-boost|p2a: Zoro|atk|2
|
|upkeep
|turn|11
|
|t:|1760307444
|move|p2a: Zoro|Earthquake|p1a: Venus
|-damage|p1a: Venus|35/100
|-enditem|p1a: Venus|Petaya Berry|[eat]
|-boost|p1a: Venus|spa|1|[from] item: Petaya Berry
|move|p1a: Venus|Stockpile|p1a: Venus
|-start|p1a: Venus|stockpile1
|-boost|p1a: Venus|def|1
|-boost|p1a: Venus|spd|1
|
|upkeep
|turn|12
|
|t:|1760307453
|move|p2a: Zoro|Earthquake|p1a: Venus
|-damage|p1a: Venus|0 fnt
|faint|p1a: Venus
|
|upkeep
|
|t:|1760307460
|switch|p1a: Tropical|Toucannon, M, shiny|100/100
|turn|13
|
|t:|1760307467
|move|p1a: Tropical|U-turn|p2a: Zoro
|-supereffective|p2a: Zoro
|-damage|p2a: Zoro|2/100
|
|t:|1760307473
|switch|p1a: Puff|Qwilfish-Hisui, M, shiny|17/100|[from] U-turn
|-ability|p1a: Puff|Intimidate|boost
|-unboost|p2a: Zoro|atk|1
|move|p2a: Zoro|Drain Punch|p1a: Puff
|-damage|p1a: Puff|0 fnt
|-heal|p2a: Zoro|11/100|[from] drain|[of] p1a: Puff
|faint|p1a: Puff
|
|upkeep
|
|t:|1760307481
|switch|p1a: Fists|Hitmonchan, M, shiny|100/100
|turn|14
|
|t:|1760307486
|move|p1a: Fists|Mach Punch|p2a: Zoro
|-damage|p2a: Zoro|0 fnt
|faint|p2a: Zoro
|
|upkeep
|
|t:|1760307493
|switch|p2a: Luffy|Infernape, M|100/100
|-damage|p2a: Luffy|88/100|[from] Stealth Rock
|-damage|p2a: Luffy|76/100|[from] Spikes
|turn|15
|
|t:|1760307500
|switch|p1a: Destiny|Froslass, F|100/100
|move|p2a: Luffy|Stealth Rock|p1a: Destiny
|-sidestart|p1: Bigsauuuurrr|move: Stealth Rock
|
|-damage|p1a: Destiny|88/100|[from] item: Black Sludge
|-heal|p2a: Luffy|82/100|[from] item: Leftovers
|upkeep
|turn|16
|
|t:|1760307507
|switch|p2a: Chopper|Stantler, M|100/100
|-damage|p2a: Chopper|88/100|[from] Stealth Rock
|-damage|p2a: Chopper|76/100|[from] Spikes
|-ability|p2a: Chopper|Intimidate|boost
|-unboost|p1a: Destiny|atk|1
|move|p1a: Destiny|Trick|p2a: Chopper
|-activate|p1a: Destiny|move: Trick|[of] p2a: Chopper
|-item|p2a: Chopper|Black Sludge|[from] move: Trick
|-item|p1a: Destiny|Choice Band|[from] move: Trick
|
|-damage|p2a: Chopper|64/100|[from] item: Black Sludge
|upkeep
|turn|17
|
|t:|1760307525
|switch|p1a: Fists|Hitmonchan, M, shiny|100/100
|move|p2a: Chopper|Throat Chop|p1a: Fists
|-resisted|p1a: Fists
|-damage|p1a: Fists|85/100
|-start|p1a: Fists|Throat Chop|[silent]
|
|-damage|p2a: Chopper|52/100|[from] item: Black Sludge
|upkeep
|turn|18
|
|t:|1760307532
|move|p2a: Chopper|Lunge|p1a: Fists
|-resisted|p1a: Fists
|-damage|p1a: Fists|70/100
|-unboost|p1a: Fists|atk|1
|move|p1a: Fists|Rapid Spin|p2a: Chopper
|-crit|p2a: Chopper
|-damage|p2a: Chopper|11/100
|-boost|p1a: Fists|spe|1
|-sideend|p1: Bigsauuuurrr|Stealth Rock|[from] move: Rapid Spin|[of] p1a: Fists
|
|-damage|p2a: Chopper|0 fnt|[from] item: Black Sludge
|faint|p2a: Chopper
|-end|p1a: Fists|Throat Chop|[silent]
|upkeep
|
|t:|1760307546
|switch|p2a: Sanji|Blaziken, F|100/100
|turn|19
|
|t:|1760307561
|switch|p1a: Destiny|Froslass, F|88/100
|move|p2a: Sanji|Brave Bird|p1a: Destiny
|-damage|p1a: Destiny|32/100
|-damage|p2a: Sanji|80/100|[from] Recoil
|
|-ability|p2a: Sanji|Speed Boost|boost
|-boost|p2a: Sanji|spe|1
|upkeep
|turn|20
|
|t:|1760307571
|move|p2a: Sanji|Swords Dance|p2a: Sanji
|-boost|p2a: Sanji|atk|2
|move|p1a: Destiny|Destiny Bond|p1a: Destiny
|-singlemove|p1a: Destiny|Destiny Bond
|
|-ability|p2a: Sanji|Speed Boost|boost
|-boost|p2a: Sanji|spe|1
|upkeep
|turn|21
|
|t:|1760307581
|move|p2a: Sanji|Swords Dance|p2a: Sanji
|-boost|p2a: Sanji|atk|2
|move|p1a: Destiny|Destiny Bond||[still]
|-fail|p1a: Destiny
|
|-ability|p2a: Sanji|Speed Boost|boost
|-boost|p2a: Sanji|spe|1
|upkeep
|turn|22
|
|t:|1760307588
|move|p2a: Sanji|Blaze Kick|p1a: Destiny
|-supereffective|p1a: Destiny
|-damage|p1a: Destiny|0 fnt
|faint|p1a: Destiny
|
|-ability|p2a: Sanji|Speed Boost|boost
|-boost|p2a: Sanji|spe|1
|upkeep
|
|t:|1760307597
|switch|p1a: Fists|Hitmonchan, M, shiny|70/100
|turn|23
|
|t:|1760307601
|move|p1a: Fists|Mach Punch|p2a: Sanji
|-damage|p2a: Sanji|42/100
|move|p2a: Sanji|Close Combat|p1a: Fists
|-damage|p1a: Fists|0 fnt
|-unboost|p2a: Sanji|def|1
|-unboost|p2a: Sanji|spd|1
|faint|p1a: Fists
|
|-ability|p2a: Sanji|Speed Boost|boost
|-boost|p2a: Sanji|spe|1
|upkeep
|-message|Bigsauuuurrr forfeited.
|
|win|Pirate du Merry
|raw|Bigsauuuurrr's rating: 1072 &rarr; <strong>1052</strong><br />(-20 for losing)
|raw|Pirate du Merry's rating: 1086 &rarr; <strong>1112</strong><br />(+26 for winning)
|l|☆Bigsauuuurrr
|player|p1|
|l|☆Pirate du Merry
|player|p2|
