|j|☆fleshjester
|j|☆Naked Plagiarist
|t:|1760342506
|gametype|singles
|player|p1|fleshjester|hilda|1171
|player|p2|Naked Plagiarist|hiker-gen4|1168
|gen|9
|tier|[Gen 9] OU
|rated|
|rule|HP Percentage Mod: HP is shown in percentages
|rule|Endless Battle Clause: Forcing endless battles is banned
|rule|Species Clause: Limit one of each Pokémon
|rule|OHKO Clause: OHKO moves are banned
|rule|Evasion Items Clause: Evasion items are banned
|rule|Evasion Moves Clause: Evasion moves are banned
|rule|Evasion Abilities Clause: Evasion abilities are banned
|rule|Sleep Moves Clause: Sleep-inducing moves are banned
|clearpoke
|poke|p1|Dragapult, F|
|poke|p1|Incineroar, F|
|poke|p1|Landorus-Therian, M|
|poke|p1|Amoonguss, F|
|poke|p1|Ogerpon-Wellspring, F|
|poke|p1|Corviknight, M|
|poke|p2|Gyarados, M|
|poke|p2|Gengar, F|
|poke|p2|Infernape, M|
|poke|p2|Hatterene, F|
|poke|p2|Garganacl, M|
|poke|p2|Toedscruel, F|
|teampreview
|
|t:|1760342571
|teamsize|p1|6
|teamsize|p2|6
|start
|switch|p1a: glutton|Corviknight, M|100/100
|switch|p2a: Garganacl|Garganacl, M|100/100
|turn|1
|
|t:|1760342588
|-terastallize|p2a: Garganacl|Fairy
|move|p1a: glutton|Iron Head|p2a: Garganacl
|-supereffective|p2a: Garganacl
|-damage|p2a: Garganacl|69/100
|move|p2a: Garganacl|Salt Cure|p1a: glutton
|-damage|p1a: glutton|93/100
|-start|p1a: glutton|Salt Cure
|
|-heal|p2a: Garganacl|75/100|[from] item: Leftovers
|-damage|p1a: glutton|68/100|[from] Salt Cure
|upkeep
|turn|2
|
|t:|1760342599
|switch|p1a: psilly goose|Amoonguss, F|100/100
|move|p2a: Garganacl|Recover|p2a: Garganacl
|-heal|p2a: Garganacl|100/100
|
|upkeep
|turn|3
|
|t:|1760342607
|switch|p2a: Toedscruel|Toedscruel, F|100/100
|move|p1a: psilly goose|Sludge Bomb|p2a: Toedscruel
|-damage|p2a: Toedscruel|76/100
|
|-heal|p2a: Toedscruel|82/100|[from] item: Leftovers
|upkeep
|turn|4
|
|t:|1760342615
|move|p1a: psilly goose|Sludge Bomb|p2a: Toedscruel
|-damage|p2a: Toedscruel|55/100
|move|p2a: Toedscruel|Spikes|p1a: psilly goose
|-sidestart|p1: fleshjester|Spikes
|
|-heal|p2a: Toedscruel|61/100|[from] item: Leftovers
|upkeep
|turn|5
|
|t:|1760342621
|move|p2a: Toedscruel|Earth Power|p1a: psilly goose
|-damage|p1a: psilly goose|73/100
|-unboost|p1a: psilly goose|spd|1
|move|p1a: psilly goose|Sludge Bomb|p2a: Toedscruel
|-damage|p2a: Toedscruel|36/100
|
|-heal|p2a: Toedscruel|42/100|[from] item: Leftovers
|-heal|p1a: psilly goose|80/100|[from] item: Leftovers
|upkeep
|turn|6
|
|t:|1760342630
|move|p2a: Toedscruel|Earth Power|p1a: psilly goose
|-damage|p1a: psilly goose|37/100
|-unboost|p1a: psilly goose|spd|1
|move|p1a: psilly goose|Sludge Bomb|p2a: Toedscruel
|-damage|p2a: Toedscruel|16/100
|
|-heal|p2a: Toedscruel|22/100|[from] item: Leftovers
|-heal|p1a: psilly goose|43/100|[from] item: Leftovers
|upkeep
|turn|7
|
|t:|1760342650
|switch|p1a: glutton|Corviknight, M|68/100
|move|p2a: Toedscruel|Earth Power|p1a: glutton
|-immune|p1a: glutton
|
|-heal|p2a: Toedscruel|28/100|[from] item: Leftovers
|upkeep
|turn|8
|
|t:|1760342675
|switch|p2a: Infernape|Infernape, M|100/100
|move|p1a: glutton|Iron Head|p2a: Infernape
|-resisted|p2a: Infernape
|-damage|p2a: Infernape|81/100
|
|upkeep
|turn|9
|
|t:|1760342684
|switch|p1a: desert rat|Landorus-Therian, M|100/100
|-ability|p1a: desert rat|Intimidate|boost
|-unboost|p2a: Infernape|atk|1
|move|p2a: Infernape|Close Combat|p1a: desert rat
|-resisted|p1a: desert rat
|-damage|p1a: desert rat|76/100
|-unboost|p2a: Infernape|def|1
|-unboost|p2a: Infernape|spd|1
|-enditem|p1a: desert rat|Eject Button
|-damage|p2a: Infernape|71/100|[from] item: Life Orb
|
|t:|1760342697
|switch|p1a: meow-meow|Incineroar, F|100/100
|-ability|p1a: meow-meow|Intimidate|boost
|-unboost|p2a: Infernape|atk|1
|
|upkeep
|turn|10
|
|t:|1760342705
|switch|p2a: Gyarados|Gyarados, M|100/100
|-ability|p2a: Gyarados|Intimidate|boost
|-unboost|p1a: meow-meow|atk|1
|move|p1a: meow-meow|Fake Out|p2a: Gyarados
|-damage|p2a: Gyarados|89/100
|
|upkeep
|turn|11
|
|t:|1760342721
|switch|p1a: cutie|Ogerpon-Wellspring, F|100/100
|-damage|p1a: cutie|88/100|[from] Spikes
|move|p2a: Gyarados|Dragon Dance|p2a: Gyarados
|-boost|p2a: Gyarados|atk|1
|-boost|p2a: Gyarados|spe|1
|
|upkeep
|turn|12
|
|t:|1760342741
|move|p1a: cutie|Spiky Shield|p1a: cutie
|-singleturn|p1a: cutie|move: Protect
|move|p2a: Gyarados|Earthquake|p1a: cutie
|-activate|p1a: cutie|move: Protect
|
|upkeep
|turn|13
|
|t:|1760342752
|move|p2a: Gyarados|Earthquake|p1a: cutie
|-resisted|p1a: cutie
|-damage|p1a: cutie|53/100
|move|p1a: cutie|Horn Leech|p2a: Gyarados
|-damage|p2a: Gyarados|33/100
|-heal|p1a: cutie|87/100|[from] drain|[of] p2a: Gyarados
|
|upkeep
|turn|14
|
|t:|1760342760
|move|p2a: Gyarados|Ice Fang|p1a: cutie
|-damage|p1a: cutie|42/100
|move|p1a: cutie|Swords Dance|p1a: cutie
|-boost|p1a: cutie|atk|2
|
|upkeep
|turn|15
|
|t:|1760342768
|move|p1a: cutie|Spiky Shield|p1a: cutie
|-singleturn|p1a: cutie|move: Protect
|move|p2a: Gyarados|Ice Fang|p1a: cutie
|-activate|p1a: cutie|move: Protect
|-damage|p2a: Gyarados|20/100|[from] Spiky Shield|[of] p1a: cutie
|
|upkeep
|turn|16
|
|t:|1760342778
|-terastallize|p1a: cutie|Water
|detailschange|p1a: cutie|Ogerpon-Wellspring-Tera, F, tera:Water
|-ability|p1a: cutie|Embody Aspect (Wellspring)|boost
|-boost|p1a: cutie|spd|1
|move|p2a: Gyarados|Ice Fang|p1a: cutie
|-resisted|p1a: cutie
|-damage|p1a: cutie|18/100
|move|p1a: cutie|Horn Leech|p2a: Gyarados
|-damage|p2a: Gyarados|0 fnt
|-heal|p1a: cutie|30/100|[from] drain|[of] p2a: Gyarados
|faint|p2a: Gyarados
|
|upkeep
|
|t:|1760342790
|switch|p2a: Gengar|Gengar, F|100/100
|turn|17
|
|t:|1760342795
|move|p1a: cutie|Ivy Cudgel|p2a: Gengar|[anim] Ivy Cudgel Water
|-enditem|p2a: Gengar|Focus Sash
|-damage|p2a: Gengar|1/100
|move|p2a: Gengar|Sludge Bomb|p1a: cutie
|-damage|p1a: cutie|0 fnt
|faint|p1a: cutie
|detailschange|p1: cutie|Ogerpon-Wellspring, F|[silent]
|
|upkeep
|
|t:|1760342813
|switch|p1a: desert rat|Landorus-Therian, M|76/100
|-ability|p1a: desert rat|Intimidate|boost
|-unboost|p2a: Gengar|atk|1
|turn|18
|
|t:|1760342828
|move|p2a: Gengar|Shadow Ball|p1a: desert rat
|-damage|p1a: desert rat|24/100
|move|p1a: desert rat|U-turn|p2a: Gengar
|-resisted|p2a: Gengar
|-damage|p2a: Gengar|0 fnt
|faint|p2a: Gengar
|inactive|Battle timer is ON: inactive players will automatically lose when time's up. (requested by Naked Plagiarist)
|
|t:|1760342838
|switch|p1a: meow-meow|Incineroar, F|100/100|[from] U-turn
|
|upkeep
|
|t:|1760342847
|switch|p2a: Infernape|Infernape, M|71/100
|turn|19
|
|t:|1760342855
|move|p1a: meow-meow|Fake Out|p2a: Infernape
|-damage|p2a: Infernape|48/100
|cant|p2a: Infernape|flinch
|
|upkeep
|turn|20
|
|t:|1760342860
|switch|p1a: zhooom|Dragapult, F|100/100
|-damage|p1a: zhooom|88/100|[from] Spikes
|move|p2a: Infernape|U-turn|p1a: zhooom
|-resisted|p1a: zhooom
|-damage|p1a: zhooom|70/100
|-damage|p2a: Infernape|38/100|[from] item: Life Orb
|
|t:|1760342870
|switch|p2a: Hatterene|Hatterene, F|100/100|[from] U-turn
|
|upkeep
|turn|21
|
|t:|1760342876
|move|p1a: zhooom|U-turn|p2a: Hatterene
|-damage|p2a: Hatterene|79/100
|
|t:|1760342879
|switch|p1a: glutton|Corviknight, M|68/100|[from] U-turn
|move|p2a: Hatterene|Trick Room|p2a: Hatterene
|-fieldstart|move: Trick Room|[of] p2a: Hatterene
|
|-heal|p2a: Hatterene|85/100|[from] item: Leftovers
|upkeep
|turn|22
|
|t:|1760342887
|move|p2a: Hatterene|Mystical Fire|p1a: glutton
|-supereffective|p1a: glutton
|-damage|p1a: glutton|8/100
|-ability|p1a: glutton|Mirror Armor
|-unboost|p2a: Hatterene|spa|1
|move|p1a: glutton|Defog|p2a: Hatterene
|move|p2a: Hatterene|Defog|p1a: glutton|[from] ability: Magic Bounce
|-ability|p1a: glutton|Mirror Armor
|-unboost|p2a: Hatterene|evasion|1
|-sideend|p1: fleshjester|Spikes|[from] move: Defog|[of] p2a: Hatterene
|
|-heal|p2a: Hatterene|91/100|[from] item: Leftovers
|upkeep
|turn|23
|
|t:|1760342906
|switch|p1a: meow-meow|Incineroar, F|100/100
|-ability|p1a: meow-meow|Intimidate|boost
|-unboost|p2a: Hatterene|atk|1
|move|p2a: Hatterene|Mystical Fire|p1a: meow-meow
|-resisted|p1a: meow-meow
|-damage|p1a: meow-meow|92/100
|-unboost|p1a: meow-meow|spa|1
|
|-heal|p2a: Hatterene|97/100|[from] item: Leftovers
|upkeep
|turn|24
|
|t:|1760342921
|move|p2a: Hatterene|Dazzling Gleam|p1a: meow-meow
|-damage|p1a: meow-meow|60/100
|move|p1a: meow-meow|Knock Off|p2a: Hatterene
|-damage|p2a: Hatterene|44/100
|-enditem|p2a: Hatterene|Leftovers|[from] move: Knock Off|[of] p1a: meow-meow
|
|upkeep
|turn|25
|
|t:|1760342930
|switch|p2a: Garganacl|Garganacl, M, tera:Fairy|100/100
|move|p1a: meow-meow|Flare Blitz|p2a: Garganacl
|-damage|p2a: Garganacl|59/100
|-damage|p1a: meow-meow|48/100|[from] Recoil
|
|-heal|p2a: Garganacl|65/100|[from] item: Leftovers
|-fieldend|move: Trick Room
|upkeep
|turn|26
|
|t:|1760342947
|move|p1a: meow-meow|Parting Shot|p2a: Garganacl
|-unboost|p2a: Garganacl|atk|1
|-unboost|p2a: Garganacl|spa|1
|
|t:|1760342950
|switch|p1a: psilly goose|Amoonguss, F|77/100|[from] Parting Shot
|move|p2a: Garganacl|Recover|p2a: Garganacl
|-heal|p2a: Garganacl|100/100
|
|-heal|p1a: psilly goose|83/100|[from] item: Leftovers
|upkeep
|turn|27
|
|t:|1760342957
|move|p1a: psilly goose|Sludge Bomb|p2a: Garganacl
|-supereffective|p2a: Garganacl
|-damage|p2a: Garganacl|51/100
|move|p2a: Garganacl|Salt Cure|p1a: psilly goose
|-damage|p1a: psilly goose|73/100
|-start|p1a: psilly goose|Salt Cure
|
|-heal|p1a: psilly goose|79/100|[from] item: Leftovers
|-heal|p2a: Garganacl|58/100|[from] item: Leftovers
|-damage|p1a: psilly goose|67/100|[from] Salt Cure
|upkeep
|turn|28
|
|t:|1760342967
|move|p1a: psilly goose|Sludge Bomb|p2a: Garganacl
|-supereffective|p2a: Garganacl
|-damage|p2a: Garganacl|3/100
|move|p2a: Garganacl|Recover|p2a: Garganacl
|-heal|p2a: Garganacl|53/100
|
|-heal|p1a: psilly goose|73/100|[from] item: Leftovers
|-heal|p2a: Garganacl|59/100|[from] item: Leftovers
|-damage|p1a: psilly goose|61/100|[from] Salt Cure
|upkeep
|turn|29
|
|t:|1760342976
|move|p1a: psilly goose|Sludge Bomb|p2a: Garganacl
|-supereffective|p2a: Garganacl
|-damage|p2a: Garganacl|6/100
|move|p2a: Garganacl|Recover|p2a: Garganacl
|-heal|p2a: Garganacl|56/100
|
|-heal|p1a: psilly goose|67/100|[from] item: Leftovers
|-heal|p2a: Garganacl|62/100|[from] item: Leftovers
|-damage|p1a: psilly goose|54/100|[from] Salt Cure
|upkeep
|turn|30
|
|t:|1760342987
|move|p1a: psilly goose|Sludge Bomb|p2a: Garganacl
|-supereffective|p2a: Garganacl
|-damage|p2a: Garganacl|11/100
|move|p2a: Garganacl|Recover|p2a: Garganacl
|-heal|p2a: Garganacl|61/100
|
|-heal|p1a: psilly goose|61/100|[from] item: Leftovers
|-heal|p2a: Garganacl|67/100|[from] item: Leftovers
|-damage|p1a: psilly goose|48/100|[from] Salt Cure
|upkeep
|turn|31
|
|t:|1760342998
|switch|p1a: glutton|Corviknight, M|8/100
|move|p2a: Garganacl|Recover|p2a: Garganacl
|-heal|p2a: Garganacl|100/100
|
|upkeep
|turn|32
|
|t:|1760343003
|move|p1a: glutton|Roost|p1a: glutton
|-heal|p1a: glutton|58/100
|-singleturn|p1a: glutton|move: Roost
|move|p2a: Garganacl|Salt Cure|p1a: glutton
|-resisted|p1a: glutton
|-damage|p1a: glutton|55/100
|-start|p1a: glutton|Salt Cure
|
|-damage|p1a: glutton|30/100|[from] Salt Cure
|upkeep
|turn|33
|
|t:|1760343014
|switch|p1a: meow-meow|Incineroar, F|48/100
|-ability|p1a: meow-meow|Intimidate|boost
|-unboost|p2a: Garganacl|atk|1
|move|p2a: Garganacl|Iron Defense|p2a: Garganacl
|-boost|p2a: Garganacl|def|2
|
|upkeep
|turn|34
|
|t:|1760343022
|move|p1a: meow-meow|Knock Off|p2a: Garganacl
|-resisted|p2a: Garganacl
|-damage|p2a: Garganacl|92/100
|-enditem|p2a: Garganacl|Leftovers|[from] move: Knock Off|[of] p1a: meow-meow
|move|p2a: Garganacl|Body Press|p1a: meow-meow
|-supereffective|p1a: meow-meow
|-damage|p1a: meow-meow|0 fnt
|faint|p1a: meow-meow
|
|upkeep
|
|t:|1760343035
|switch|p1a: psilly goose|Amoonguss, F|82/100
|turn|35
|
|t:|1760343041
|move|p1a: psilly goose|Sludge Bomb|p2a: Garganacl
|-supereffective|p2a: Garganacl
|-damage|p2a: Garganacl|39/100
|move|p2a: Garganacl|Salt Cure|p1a: psilly goose
|-damage|p1a: psilly goose|75/100
|-start|p1a: psilly goose|Salt Cure
|
|-heal|p1a: psilly goose|81/100|[from] item: Leftovers
|-damage|p1a: psilly goose|68/100|[from] Salt Cure
|upkeep
|turn|36
|
|t:|1760343050
|switch|p2a: Toedscruel|Toedscruel, F|28/100
|move|p1a: psilly goose|Sludge Bomb|p2a: Toedscruel
|-crit|p2a: Toedscruel
|-damage|p2a: Toedscruel|0 fnt
|faint|p2a: Toedscruel
|
|-heal|p1a: psilly goose|75/100|[from] item: Leftovers
|-damage|p1a: psilly goose|62/100|[from] Salt Cure
|upkeep
|
|t:|1760343052
|switch|p2a: Infernape|Infernape, M|38/100
|turn|37
|
|t:|1760343061
|switch|p1a: desert rat|Landorus-Therian, M|24/100
|-ability|p1a: desert rat|Intimidate|boost
|-unboost|p2a: Infernape|atk|1
|move|p2a: Infernape|U-turn|p1a: desert rat
|-resisted|p1a: desert rat
|-damage|p1a: desert rat|14/100
|-damage|p2a: Infernape|28/100|[from] item: Life Orb
|
|t:|1760343071
|switch|p2a: Garganacl|Garganacl, M, tera:Fairy|39/100|[from] U-turn
|
|upkeep
|turn|38
|
|t:|1760343077
|move|p1a: desert rat|Earthquake|p2a: Garganacl
|-damage|p2a: Garganacl|5/100
|move|p2a: Garganacl|Recover|p2a: Garganacl
|-heal|p2a: Garganacl|55/100
|
|upkeep
|turn|39
|
|t:|1760343083
|move|p1a: desert rat|Rock Slide|p2a: Garganacl
|-damage|p2a: Garganacl|39/100
|move|p2a: Garganacl|Recover|p2a: Garganacl
|-heal|p2a: Garganacl|89/100
|
|upkeep
|turn|40
|
|t:|1760343090
|move|p1a: desert rat|Swords Dance|p1a: desert rat
|-boost|p1a: desert rat|atk|2
|move|p2a: Garganacl|Salt Cure|p1a: desert rat
|-damage|p1a: desert rat|0 fnt
|faint|p1a: desert rat
|
|upkeep
|-message|fleshjester forfeited.
|
|win|Naked Plagiarist
|raw|fleshjester's rating: 1171 &rarr; <strong>1146</strong><br />(-25 for losing)
|raw|Naked Plagiarist's rating: 1168 &rarr; <strong>1193</strong><br />(+25 for winning)
|l|☆fleshjester
|player|p1|
|l|☆Naked Plagiarist
|player|p2|
