|j|☆Raclette73
|j|☆LDJohnson
|t:|1760432786
|gametype|singles
|player|p1|Raclette73|rocketgruntf|1318
|player|p2|LDJohnson|1|1282
|gen|9
|tier|[Gen 9] OU
|rated|
|rule|HP Percentage Mod: HP is shown in percentages
|rule|Endless Battle Clause: Forcing endless battles is banned
|rule|Species Clause: Limit one of each Pokémon
|rule|OHKO Clause: OHKO moves are banned
|rule|Evasion Items Clause: Evasion items are banned
|rule|Evasion Moves Clause: Evasion moves are banned
|rule|Evasion Abilities Clause: Evasion abilities are banned
|rule|Sleep Moves Clause: Sleep-inducing moves are banned
|clearpoke
|poke|p1|Tyranitar, F|
|poke|p1|Excadrill, F|
|poke|p1|Keldeo-Resolute|
|poke|p1|Tornadus-Therian, M|
|poke|p1|Heatran, M|
|poke|p1|Hydrapple, M|
|poke|p2|Dragapult, F|
|poke|p2|Darkrai|
|poke|p2|Iron Valiant|
|poke|p2|Scizor, F|
|poke|p2|Slowking-Galar, F|
|poke|p2|Great Tusk|
|teampreview
|inactive|Battle timer is ON: inactive players will automatically lose when time's up. (requested by Raclette73)
|
|t:|1760432815
|teamsize|p1|6
|teamsize|p2|6
|start
|switch|p1a: Heatran|Heatran, M|100/100
|switch|p2a: Great Tusk|Great Tusk|100/100
|turn|1
|
|t:|1760432824
|move|p2a: Great Tusk|Rapid Spin|p1a: Heatran
|-resisted|p1a: Heatran
|-crit|p1a: Heatran
|-damage|p1a: Heatran|91/100
|-boost|p2a: Great Tusk|spe|1
|move|p1a: Heatran|Stealth Rock|p2a: Great Tusk
|-sidestart|p2: LDJohnson|move: Stealth Rock
|
|-heal|p1a: Heatran|97/100|[from] item: Leftovers
|upkeep
|turn|2
|
|t:|1760432838
|switch|p1a: Tornadus|Tornadus-Therian, M|100/100
|move|p2a: Great Tusk|Rapid Spin|p1a: Tornadus
|-damage|p1a: Tornadus|82/100
|-boost|p2a: Great Tusk|spe|1
|-sideend|p2: LDJohnson|Stealth Rock|[from] move: Rapid Spin|[of] p2a: Great Tusk
|
|upkeep
|turn|3
|
|t:|1760432850
|-end|p2a: Great Tusk|Protosynthesis|[silent]
|switch|p2a: Slowking|Slowking-Galar, F, shiny|100/100
|move|p1a: Tornadus|Bleakwind Storm|p2a: Slowking|[miss]
|-miss|p1a: Tornadus|p2a: Slowking
|
|upkeep
|turn|4
|
|t:|1760432858
|move|p1a: Tornadus|Taunt|p2a: Slowking
|-start|p2a: Slowking|move: Taunt
|cant|p2a: Slowking|move: Taunt|Toxic Spikes
|
|upkeep
|turn|5
|
|t:|1760432873
|switch|p2a: Dragapult|Dragapult, F, shiny|100/100
|move|p1a: Tornadus|U-turn|p2a: Dragapult
|-resisted|p2a: Dragapult
|-damage|p2a: Dragapult|90/100
|
|t:|1760432881
|switch|p1a: Tyranitar|Tyranitar, F|100/100|[from] U-turn
|-weather|Sandstorm|[from] ability: Sand Stream|[of] p1a: Tyranitar
|
|-weather|Sandstorm|[upkeep]
|-damage|p2a: Dragapult|84/100|[from] Sandstorm
|upkeep
|turn|6
|
|t:|1760432889
|move|p2a: Dragapult|U-turn|p1a: Tyranitar
|-supereffective|p1a: Tyranitar
|-damage|p1a: Tyranitar|69/100
|
|t:|1760432897
|switch|p2a: Scizor|Scizor, F, shiny|100/100|[from] U-turn
|move|p1a: Tyranitar|Knock Off|p2a: Scizor
|-damage|p2a: Scizor|7/100
|-enditem|p2a: Scizor|Choice Band|[from] move: Knock Off|[of] p1a: Tyranitar
|
|-weather|Sandstorm|[upkeep]
|upkeep
|turn|7
|
|t:|1760432907
|switch|p1a: Hydrapple|Hydrapple, M|100/100
|move|p2a: Scizor|Bullet Punch|p1a: Hydrapple
|-damage|p1a: Hydrapple|82/100
|-damage|p2a: Scizor|0 fnt|[from] item: Rocky Helmet|[of] p1a: Hydrapple
|faint|p2a: Scizor
|
|-weather|Sandstorm|[upkeep]
|-damage|p1a: Hydrapple|76/100|[from] Sandstorm
|upkeep
|
|t:|1760432922
|switch|p2a: Darkrai|Darkrai, shiny|100/100
|turn|8
|
|t:|1760432931
|switch|p1a: Heatran|Heatran, M|97/100
|move|p2a: Darkrai|Ice Beam|p1a: Heatran
|-resisted|p1a: Heatran
|-damage|p1a: Heatran|90/100
|-damage|p2a: Darkrai|91/100|[from] item: Life Orb
|
|-weather|Sandstorm|[upkeep]
|-damage|p2a: Darkrai|85/100|[from] Sandstorm
|-heal|p1a: Heatran|96/100|[from] item: Leftovers
|upkeep
|turn|9
|
|t:|1760432947
|switch|p2a: Slowking|Slowking-Galar, F, shiny|100/100
|move|p1a: Heatran|Stealth Rock|p2a: Slowking
|-sidestart|p2: LDJohnson|move: Stealth Rock
|
|-weather|none
|-heal|p1a: Heatran|100/100|[from] item: Leftovers
|upkeep
|turn|10
|
|t:|1760432955
|switch|p1a: Excadrill|Excadrill, F|100/100
|-item|p1a: Excadrill|Air Balloon
|move|p2a: Slowking|Trick|p1a: Excadrill
|-activate|p2a: Slowking|move: Trick|[of] p1a: Excadrill
|-item|p1a: Excadrill|Black Sludge|[from] move: Trick
|-item|p2a: Slowking|Air Balloon
|-item|p2a: Slowking|Air Balloon|[from] move: Trick
|
|-damage|p1a: Excadrill|88/100|[from] item: Black Sludge
|upkeep
|turn|11
|
|t:|1760432971
|move|p1a: Excadrill|Iron Head|p2a: Slowking
|-damage|p2a: Slowking|60/100
|-enditem|p2a: Slowking|Air Balloon
|-prepare|p2a: Slowking|Chilly Reception|[premajor]
|move|p2a: Slowking|Chilly Reception|p2a: Slowking
|-weather|Snowscape
|
|t:|1760432981
|switch|p2a: Great Tusk|Great Tusk|100/100|[from] Chilly Reception
|
|-weather|Snowscape|[upkeep]
|-damage|p1a: Excadrill|76/100|[from] item: Black Sludge
|upkeep
|turn|12
|
|t:|1760432984
|switch|p1a: Tornadus|Tornadus-Therian, M|100/100
|move|p2a: Great Tusk|Rapid Spin|p1a: Tornadus
|-damage|p1a: Tornadus|84/100
|-boost|p2a: Great Tusk|spe|1
|-sideend|p2: LDJohnson|Stealth Rock|[from] move: Rapid Spin|[of] p2a: Great Tusk
|
|-weather|Snowscape|[upkeep]
|upkeep
|turn|13
|
|t:|1760432990
|-end|p2a: Great Tusk|Protosynthesis|[silent]
|switch|p2a: Slowking|Slowking-Galar, F, shiny|93/100
|move|p1a: Tornadus|Bleakwind Storm|p2a: Slowking
|-damage|p2a: Slowking|69/100
|
|-weather|Snowscape|[upkeep]
|upkeep
|turn|14
|
|t:|1760433003
|switch|p2a: Dragapult|Dragapult, F, shiny|84/100
|move|p1a: Tornadus|Taunt|p2a: Dragapult
|-start|p2a: Dragapult|move: Taunt
|
|-weather|Snowscape|[upkeep]
|upkeep
|turn|15
|
|t:|1760433011
|move|p2a: Dragapult|Shadow Ball|p1a: Tornadus
|-damage|p1a: Tornadus|50/100
|-unboost|p1a: Tornadus|spd|1
|move|p1a: Tornadus|U-turn|p2a: Dragapult
|-resisted|p2a: Dragapult
|-damage|p2a: Dragapult|75/100
|
|t:|1760433019
|switch|p1a: Tyranitar|Tyranitar, F|69/100|[from] U-turn
|-weather|Sandstorm|[from] ability: Sand Stream|[of] p1a: Tyranitar
|
|-weather|Sandstorm|[upkeep]
|-damage|p2a: Dragapult|69/100|[from] Sandstorm
|upkeep
|turn|16
|
|t:|1760433036
|move|p2a: Dragapult|U-turn|p1a: Tyranitar
|-supereffective|p1a: Tyranitar
|-damage|p1a: Tyranitar|38/100
|
|t:|1760433039
|switch|p2a: Great Tusk|Great Tusk|100/100|[from] U-turn
|move|p1a: Tyranitar|Knock Off|p2a: Great Tusk
|-resisted|p2a: Great Tusk
|-crit|p2a: Great Tusk
|-damage|p2a: Great Tusk|66/100
|-enditem|p2a: Great Tusk|Heavy-Duty Boots|[from] move: Knock Off|[of] p1a: Tyranitar
|
|-weather|Sandstorm|[upkeep]
|upkeep
|turn|17
|
|t:|1760433051
|switch|p1a: Tornadus|Tornadus-Therian, M|83/100
|move|p2a: Great Tusk|Headlong Rush|p1a: Tornadus
|-immune|p1a: Tornadus
|
|-weather|Sandstorm|[upkeep]
|-damage|p1a: Tornadus|77/100|[from] Sandstorm
|upkeep
|turn|18
|
|t:|1760433058
|-end|p2a: Great Tusk|Protosynthesis|[silent]
|switch|p2a: Slowking|Slowking-Galar, F, shiny|100/100
|move|p1a: Tornadus|U-turn|p2a: Slowking
|-damage|p2a: Slowking|88/100
|
|t:|1760433066
|switch|p1a: Excadrill|Excadrill, F|76/100|[from] U-turn
|
|-weather|Sandstorm|[upkeep]
|-damage|p2a: Slowking|82/100|[from] Sandstorm
|-damage|p1a: Excadrill|63/100|[from] item: Black Sludge
|upkeep
|turn|19
|
|t:|1760433076
|switch|p2a: Great Tusk|Great Tusk|66/100
|move|p1a: Excadrill|Earthquake|p2a: Great Tusk
|-damage|p2a: Great Tusk|38/100
|
|-weather|none
|-damage|p1a: Excadrill|51/100|[from] item: Black Sludge
|upkeep
|turn|20
|
|t:|1760433084
|switch|p1a: Tornadus|Tornadus-Therian, M|100/100
|move|p2a: Great Tusk|Knock Off|p1a: Tornadus
|-damage|p1a: Tornadus|68/100
|-enditem|p1a: Tornadus|Heavy-Duty Boots|[from] move: Knock Off|[of] p2a: Great Tusk
|
|upkeep
|turn|21
|
|t:|1760433094
|-end|p2a: Great Tusk|Protosynthesis|[silent]
|switch|p2a: Slowking|Slowking-Galar, F, shiny|100/100
|move|p1a: Tornadus|Bleakwind Storm|p2a: Slowking
|-damage|p2a: Slowking|78/100
|
|upkeep
|turn|22
|
|t:|1760433101
|move|p1a: Tornadus|Taunt|p2a: Slowking
|-start|p2a: Slowking|move: Taunt
|cant|p2a: Slowking|move: Taunt|Toxic Spikes
|
|upkeep
|turn|23
|
|t:|1760433118
|switch|p2a: Dragapult|Dragapult, F, shiny|69/100
|move|p1a: Tornadus|U-turn|p2a: Dragapult
|-resisted|p2a: Dragapult
|-damage|p2a: Dragapult|58/100
|
|t:|1760433121
|switch|p1a: Heatran|Heatran, M|100/100|[from] U-turn
|
|upkeep
|turn|24
|
|t:|1760433126
|move|p2a: Dragapult|U-turn|p1a: Heatran
|-resisted|p1a: Heatran
|-damage|p1a: Heatran|97/100
|
|t:|1760433129
|switch|p2a: Slowking|Slowking-Galar, F, shiny|100/100|[from] U-turn
|move|p1a: Heatran|Stealth Rock|p2a: Slowking
|-sidestart|p2: LDJohnson|move: Stealth Rock
|
|-heal|p1a: Heatran|100/100|[from] item: Leftovers
|upkeep
|turn|25
|
|t:|1760433137
|move|p1a: Heatran|Earth Power|p2a: Slowking
|-supereffective|p2a: Slowking
|-damage|p2a: Slowking|68/100
|move|p2a: Slowking|Toxic Spikes|p1a: Heatran
|-sidestart|p1: Raclette73|move: Toxic Spikes
|
|upkeep
|turn|26
|
|t:|1760433143
|switch|p1a: Excadrill|Excadrill, F|51/100
|-prepare|p2a: Slowking|Chilly Reception|[premajor]
|move|p2a: Slowking|Chilly Reception|p2a: Slowking
|-weather|Snowscape
|
|t:|1760433155
|switch|p2a: Dragapult|Dragapult, F, shiny|58/100|[from] Chilly Reception
|
|-weather|Snowscape|[upkeep]
|-damage|p1a: Excadrill|38/100|[from] item: Black Sludge
|upkeep
|turn|27
|
|t:|1760433166
|move|p2a: Dragapult|Shadow Ball|p1a: Excadrill
|-damage|p1a: Excadrill|0 fnt
|faint|p1a: Excadrill
|
|-weather|Snowscape|[upkeep]
|upkeep
|
|t:|1760433170
|switch|p1a: Heatran|Heatran, M|100/100
|turn|28
|
|t:|1760433183
|move|p2a: Dragapult|U-turn|p1a: Heatran
|-resisted|p1a: Heatran
|-damage|p1a: Heatran|97/100
|
|t:|1760433187
|switch|p2a: Slowking|Slowking-Galar, F, shiny|100/100|[from] U-turn
|-damage|p2a: Slowking|88/100|[from] Stealth Rock
|move|p1a: Heatran|Magma Storm|p2a: Slowking
|-damage|p2a: Slowking|59/100
|-activate|p2a: Slowking|move: Magma Storm|[of] p1a: Heatran
|
|-weather|Snowscape|[upkeep]
|-heal|p1a: Heatran|100/100|[from] item: Leftovers
|-damage|p2a: Slowking|46/100|[from] move: Magma Storm|[partiallytrapped]
|upkeep
|turn|29
|
|t:|1760433193
|move|p1a: Heatran|Taunt|p2a: Slowking
|-start|p2a: Slowking|move: Taunt
|cant|p2a: Slowking|move: Taunt|Trick
|
|-weather|Snowscape|[upkeep]
|-damage|p2a: Slowking|34/100|[from] move: Magma Storm|[partiallytrapped]
|upkeep
|turn|30
|
|t:|1760433199
|move|p1a: Heatran|Earth Power|p2a: Slowking
|-supereffective|p2a: Slowking
|-damage|p2a: Slowking|3/100
|-activate|p2a: Slowking|move: Struggle
|move|p2a: Slowking|Struggle|p1a: Heatran
|-damage|p1a: Heatran|95/100
|-damage|p2a: Slowking|0 fnt|[from] recoil
|faint|p2a: Slowking
|
|-weather|none
|-heal|p1a: Heatran|100/100|[from] item: Leftovers
|upkeep
|
|t:|1760433214
|switch|p2a: Great Tusk|Great Tusk|38/100
|-damage|p2a: Great Tusk|35/100|[from] Stealth Rock
|turn|31
|
|t:|1760433219
|switch|p1a: Tornadus|Tornadus-Therian, M|100/100
|move|p2a: Great Tusk|Rapid Spin|p1a: Tornadus
|-damage|p1a: Tornadus|81/100
|-boost|p2a: Great Tusk|spe|1
|-sideend|p2: LDJohnson|Stealth Rock|[from] move: Rapid Spin|[of] p2a: Great Tusk
|
|upkeep
|turn|32
|
|t:|1760433225
|move|p1a: Tornadus|Bleakwind Storm|p2a: Great Tusk
|-supereffective|p2a: Great Tusk
|-damage|p2a: Great Tusk|0 fnt
|faint|p2a: Great Tusk
|-end|p2a: Great Tusk|Protosynthesis|[silent]
|
|upkeep
|
|t:|1760433247
|switch|p2a: Iron Valiant|Iron Valiant, shiny|100/100
|-enditem|p2a: Iron Valiant|Booster Energy
|-activate|p2a: Iron Valiant|ability: Quark Drive|[fromitem]
|-start|p2a: Iron Valiant|quarkdrivespe
|turn|33
|
|t:|1760433253
|-terastallize|p2a: Iron Valiant|Electric
|-terastallize|p1a: Tornadus|Steel
|move|p2a: Iron Valiant|Calm Mind|p2a: Iron Valiant
|-boost|p2a: Iron Valiant|spa|1
|-boost|p2a: Iron Valiant|spd|1
|move|p1a: Tornadus|Bleakwind Storm|p2a: Iron Valiant|[miss]
|-miss|p1a: Tornadus|p2a: Iron Valiant
|
|upkeep
|turn|34
|
|t:|1760433268
|move|p2a: Iron Valiant|Calm Mind|p2a: Iron Valiant
|-boost|p2a: Iron Valiant|spa|1
|-boost|p2a: Iron Valiant|spd|1
|move|p1a: Tornadus|Taunt|p2a: Iron Valiant
|-start|p2a: Iron Valiant|move: Taunt
|
|upkeep
|turn|35
|
|t:|1760433275
|move|p2a: Iron Valiant|Vacuum Wave|p1a: Tornadus
|-supereffective|p1a: Tornadus
|-damage|p1a: Tornadus|0 fnt
|faint|p1a: Tornadus
|
|upkeep
|
|t:|1760433285
|switch|p1a: Tyranitar|Tyranitar, F|38/100
|-status|p1a: Tyranitar|psn
|-weather|Sandstorm|[from] ability: Sand Stream|[of] p1a: Tyranitar
|turn|36
|
|t:|1760433292
|move|p2a: Iron Valiant|Vacuum Wave|p1a: Tyranitar
|-supereffective|p1a: Tyranitar
|-damage|p1a: Tyranitar|0 fnt
|faint|p1a: Tyranitar
|
|-weather|Sandstorm|[upkeep]
|-damage|p2a: Iron Valiant|94/100|[from] Sandstorm
|upkeep
|
|t:|1760433296
|switch|p1a: Keldeo|Keldeo-Resolute|100/100
|-status|p1a: Keldeo|psn
|turn|37
|
|t:|1760433306
|move|p2a: Iron Valiant|Thunderbolt|p1a: Keldeo
|-supereffective|p1a: Keldeo
|-damage|p1a: Keldeo|0 fnt
|faint|p1a: Keldeo
|
|-weather|Sandstorm|[upkeep]
|-damage|p2a: Iron Valiant|88/100|[from] Sandstorm
|-end|p2a: Iron Valiant|move: Taunt
|upkeep
|-message|Raclette73 forfeited.
|
|win|LDJohnson
|raw|Raclette73's rating: 1318 &rarr; <strong>1296</strong><br />(-22 for losing)
|raw|LDJohnson's rating: 1282 &rarr; <strong>1310</strong><br />(+28 for winning)
|l|☆Raclette73
|player|p1|
|l|☆LDJohnson
|player|p2|
