|j|☆bubzki
|j|☆driderwebs
|t:|1760389909
|gametype|singles
|player|p1|bubzki|ethan|1611
|player|p2|driderwebs|169|1683
|gen|9
|tier|[Gen 9] OU
|rated|
|rule|HP Percentage Mod: HP is shown in percentages
|rule|Endless Battle Clause: Forcing endless battles is banned
|rule|Species Clause: Limit one of each Pokémon
|rule|OHKO Clause: OHKO moves are banned
|rule|Evasion Items Clause: Evasion items are banned
|rule|Evasion Moves Clause: Evasion moves are banned
|rule|Evasion Abilities Clause: Evasion abilities are banned
|rule|Sleep Moves Clause: Sleep-inducing moves are banned
|clearpoke
|poke|p1|Zapdos-Galar|
|poke|p1|Arcanine-Hisui, M|
|poke|p1|Dragapult, F|
|poke|p1|Great Tusk|
|poke|p1|Hatterene, F|
|poke|p1|Slowking-Galar, M|
|poke|p2|Iron Valiant|
|poke|p2|Garganacl, F|
|poke|p2|Moltres|
|poke|p2|Iron Treads|
|poke|p2|Meowscarada, M|
|poke|p2|Araquanid, F|
|teampreview
|
|t:|1760389924
|teamsize|p1|6
|teamsize|p2|6
|start
|switch|p1a: Zapdos|Zapdos-Galar|100/100
|switch|p2a: Meowscarada|Meowscarada, M|100/100
|turn|1
|
|t:|1760389940
|move|p1a: Zapdos|U-turn|p2a: Meowscarada
|-supereffective|p2a: Meowscarada
|-damage|p2a: Meowscarada|0 fnt
|faint|p2a: Meowscarada
|
|t:|1760389950
|switch|p1a: Arcanine|Arcanine-Hisui, M|100/100|[from] U-turn
|
|upkeep
|
|t:|1760389960
|switch|p2a: Garganacl|Garganacl, F|100/100
|turn|2
|
|t:|1760389967
|switch|p1a: Slowking|Slowking-Galar, M|100/100
|move|p2a: Garganacl|Salt Cure|p1a: Slowking
|-damage|p1a: Slowking|87/100
|-start|p1a: Slowking|Salt Cure
|
|-damage|p1a: Slowking|74/100|[from] Salt Cure
|upkeep
|turn|3
|
|t:|1760389970
|switch|p2a: Iron Treads|Iron Treads|100/100
|switch|p1a: Great Tusk|Great Tusk|100/100
|
|upkeep
|turn|4
|
|t:|1760389975
|-end|p2a: Iron Treads|Quark Drive|[silent]
|switch|p2a: Moltres|Moltres|100/100
|move|p1a: Great Tusk|Stealth Rock|p2a: Moltres
|-sidestart|p2: driderwebs|move: Stealth Rock
|
|upkeep
|turn|5
|
|t:|1760389980
|-end|p1a: Great Tusk|Protosynthesis|[silent]
|switch|p1a: Arcanine|Arcanine-Hisui, M|100/100
|move|p2a: Moltres|Hurricane|p1a: Arcanine
|-resisted|p1a: Arcanine
|-damage|p1a: Arcanine|61/100
|-start|p1a: Arcanine|confusion
|
|upkeep
|turn|6
|
|t:|1760389986
|-activate|p1a: Arcanine|confusion
|move|p1a: Arcanine|Head Smash|p2a: Moltres|[miss]
|-miss|p1a: Arcanine|p2a: Moltres
|move|p2a: Moltres|U-turn|p1a: Arcanine
|-resisted|p1a: Arcanine
|-damage|p1a: Arcanine|52/100
|
|t:|1760389993
|switch|p2a: Iron Treads|Iron Treads|100/100|[from] U-turn
|
|upkeep
|turn|7
|inactive|Battle timer is ON: inactive players will automatically lose when time's up. (requested by bubzki)
|
|t:|1760390003
|move|p2a: Iron Treads|Iron Head|p1a: Arcanine
|-damage|p1a: Arcanine|7/100
|cant|p1a: Arcanine|flinch
|
|upkeep
|turn|8
|
|t:|1760390007
|move|p2a: Iron Treads|Rapid Spin|p1a: Arcanine
|-resisted|p1a: Arcanine
|-damage|p1a: Arcanine|0 fnt
|-boost|p2a: Iron Treads|spe|1
|-sideend|p2: driderwebs|Stealth Rock|[from] move: Rapid Spin|[of] p2a: Iron Treads
|faint|p1a: Arcanine
|
|upkeep
|
|t:|1760390010
|switch|p1a: Great Tusk|Great Tusk|100/100
|turn|9
|
|t:|1760390015
|-end|p2a: Iron Treads|Quark Drive|[silent]
|switch|p2a: Moltres|Moltres|100/100
|move|p1a: Great Tusk|Stealth Rock|p2a: Moltres
|-sidestart|p2: driderwebs|move: Stealth Rock
|
|upkeep
|turn|10
|
|t:|1760390024
|-end|p1a: Great Tusk|Protosynthesis|[silent]
|switch|p1a: Dragapult|Dragapult, F|100/100
|move|p2a: Moltres|Hurricane|p1a: Dragapult|[miss]
|-miss|p2a: Moltres|p1a: Dragapult
|
|upkeep
|turn|11
|
|t:|1760390029
|move|p1a: Dragapult|Draco Meteor|p2a: Moltres|[miss]
|-miss|p1a: Dragapult|p2a: Moltres
|move|p2a: Moltres|Hurricane|p1a: Dragapult
|-damage|p1a: Dragapult|21/100
|-start|p1a: Dragapult|confusion
|
|upkeep
|turn|12
|
|t:|1760390033
|-activate|p1a: Dragapult|confusion
|-damage|p1a: Dragapult|7/100|[from] confusion
|move|p2a: Moltres|Flamethrower|p1a: Dragapult
|-resisted|p1a: Dragapult
|-damage|p1a: Dragapult|0 fnt
|faint|p1a: Dragapult
|
|upkeep
|
|t:|1760390038
|switch|p1a: Zapdos|Zapdos-Galar|100/100
|turn|13
|
|t:|1760390042
|move|p1a: Zapdos|Knock Off|p2a: Moltres
|-damage|p2a: Moltres|71/100
|-status|p1a: Zapdos|brn|[from] ability: Flame Body|[of] p2a: Moltres
|-enditem|p2a: Moltres|Heavy-Duty Boots|[from] move: Knock Off|[of] p1a: Zapdos
|move|p2a: Moltres|Hurricane|p1a: Zapdos
|-supereffective|p1a: Zapdos
|-damage|p1a: Zapdos|0 fnt
|faint|p1a: Zapdos
|
|upkeep
|
|t:|1760390045
|switch|p1a: Slowking|Slowking-Galar, M|100/100
|turn|14
|
|t:|1760390050
|move|p2a: Moltres|U-turn|p1a: Slowking
|-damage|p1a: Slowking|84/100
|
|t:|1760390052
|switch|p2a: Iron Treads|Iron Treads|100/100|[from] U-turn
|move|p1a: Slowking|Flamethrower|p2a: Iron Treads
|-supereffective|p2a: Iron Treads
|-damage|p2a: Iron Treads|16/100
|
|upkeep
|turn|15
|
|t:|1760390062
|switch|p1a: Great Tusk|Great Tusk|100/100
|move|p2a: Iron Treads|Earthquake|p1a: Great Tusk
|-damage|p1a: Great Tusk|67/100
|
|upkeep
|turn|16
|
|t:|1760390080
|-end|p2a: Iron Treads|Quark Drive|[silent]
|switch|p2a: Moltres|Moltres|71/100
|-damage|p2a: Moltres|21/100|[from] Stealth Rock
|move|p1a: Great Tusk|Ice Spinner|p2a: Moltres
|-damage|p2a: Moltres|0 fnt
|faint|p2a: Moltres
|
|upkeep
|
|t:|1760390084
|switch|p2a: Iron Valiant|Iron Valiant|100/100
|-damage|p2a: Iron Valiant|94/100|[from] Stealth Rock
|-enditem|p2a: Iron Valiant|Booster Energy
|-activate|p2a: Iron Valiant|ability: Quark Drive|[fromitem]
|-start|p2a: Iron Valiant|quarkdrivespe
|turn|17
|
|t:|1760390089
|-end|p2a: Iron Valiant|Quark Drive|[silent]
|switch|p2a: Araquanid|Araquanid, F|100/100
|-damage|p2a: Araquanid|76/100|[from] Stealth Rock
|-end|p1a: Great Tusk|Protosynthesis|[silent]
|switch|p1a: Slowking|Slowking-Galar, M|100/100
|
|upkeep
|turn|18
|
|t:|1760390097
|move|p2a: Araquanid|Liquidation|p1a: Slowking
|-damage|p1a: Slowking|29/100
|move|p1a: Slowking|Psyshock|p2a: Araquanid
|-damage|p2a: Araquanid|38/100
|
|upkeep
|turn|19
|
|t:|1760390107
|switch|p1a: Hatterene|Hatterene, F|100/100
|move|p2a: Araquanid|Liquidation|p1a: Hatterene
|-damage|p1a: Hatterene|50/100
|-unboost|p1a: Hatterene|def|1
|-enditem|p1a: Hatterene|Red Card|[of] p2a: Araquanid
|drag|p2a: Iron Valiant|Iron Valiant|94/100
|-damage|p2a: Iron Valiant|88/100|[from] Stealth Rock
|
|upkeep
|turn|20
|
|t:|1760390123
|move|p2a: Iron Valiant|Moonblast|p1a: Hatterene
|-damage|p1a: Hatterene|0 fnt
|faint|p1a: Hatterene
|
|upkeep
|
|t:|1760390128
|switch|p1a: Slowking|Slowking-Galar, M|62/100
|turn|21
|
|t:|1760390135
|move|p2a: Iron Valiant|Destiny Bond|p2a: Iron Valiant
|-singlemove|p2a: Iron Valiant|Destiny Bond
|move|p1a: Slowking|Sludge Bomb|p2a: Iron Valiant
|-supereffective|p2a: Iron Valiant
|-damage|p2a: Iron Valiant|0 fnt
|faint|p2a: Iron Valiant
|-activate|p2a: Iron Valiant|move: Destiny Bond
|-end|p2a: Iron Valiant|Quark Drive|[silent]
|faint|p1a: Slowking
|
|upkeep
|
|t:|1760390144
|switch|p2a: Garganacl|Garganacl, F|100/100
|switch|p1a: Great Tusk|Great Tusk|67/100
|-damage|p2a: Garganacl|88/100|[from] Stealth Rock
|turn|22
|
|t:|1760390149
|-terastallize|p2a: Garganacl|Ghost
|move|p1a: Great Tusk|Headlong Rush|p2a: Garganacl
|-damage|p2a: Garganacl|57/100
|-unboost|p1a: Great Tusk|def|1
|-unboost|p1a: Great Tusk|spd|1
|move|p2a: Garganacl|Salt Cure|p1a: Great Tusk
|-resisted|p1a: Great Tusk
|-damage|p1a: Great Tusk|63/100
|-start|p1a: Great Tusk|Salt Cure
|
|-heal|p2a: Garganacl|63/100|[from] item: Leftovers
|-damage|p1a: Great Tusk|51/100|[from] Salt Cure
|upkeep
|turn|23
|-message|bubzki forfeited.
|
|win|driderwebs
|raw|bubzki's rating: 1611 &rarr; <strong>1595</strong><br />(-16 for losing)
|raw|driderwebs's rating: 1683 &rarr; <strong>1699</strong><br />(+16 for winning)
|l|☆bubzki
|player|p1|
|l|☆driderwebs
|player|p2|
