|j|☆Kerlaga
|j|☆chinchilla1010x
|t:|1760431110
|gametype|singles
|player|p1|Kerlaga|1|1205
|player|p2|chinchilla1010x|265|1156
|gen|9
|tier|[Gen 9] OU
|rated|
|rule|HP Percentage Mod: HP is shown in percentages
|rule|Endless Battle Clause: Forcing endless battles is banned
|rule|Species Clause: Limit one of each Pokémon
|rule|OHKO Clause: OHKO moves are banned
|rule|Evasion Items Clause: Evasion items are banned
|rule|Evasion Moves Clause: Evasion moves are banned
|rule|Evasion Abilities Clause: Evasion abilities are banned
|rule|Sleep Moves Clause: Sleep-inducing moves are banned
|clearpoke
|poke|p1|Sinistcha-Masterpiece|
|poke|p1|Alomomola, F|
|poke|p1|Garganacl, F|
|poke|p1|Gliscor, M|
|poke|p1|Samurott-Hisui, F|
|poke|p1|Gholdengo|
|poke|p2|Frosmoth, M|
|poke|p2|Comfey, F|
|poke|p2|Charizard, F|
|poke|p2|Araquanid, F|
|poke|p2|Dragapult, F|
|poke|p2|Conkeldurr, F|
|teampreview
|
|t:|1760431129
|teamsize|p1|6
|teamsize|p2|6
|start
|switch|p1a: Gliscor|Gliscor, M|100/100
|switch|p2a: Araquanid|Araquanid, F|100/100
|turn|1
|
|t:|1760431137
|move|p1a: Gliscor|Protect|p1a: Gliscor
|-singleturn|p1a: Gliscor|Protect
|move|p2a: Araquanid|Sticky Web|p1a: Gliscor
|-sidestart|p1: Kerlaga|move: Sticky Web
|
|-status|p1a: Gliscor|tox|[from] item: Toxic Orb
|upkeep
|turn|2
|
|t:|1760431150
|move|p1a: Gliscor|Stealth Rock|p2a: Araquanid
|-sidestart|p2: chinchilla1010x|move: Stealth Rock
|move|p2a: Araquanid|Liquidation|p1a: Gliscor
|-supereffective|p1a: Gliscor
|-damage|p1a: Gliscor|2/100 tox
|
|-heal|p1a: Gliscor|15/100 tox|[from] ability: Poison Heal
|upkeep
|turn|3
|
|t:|1760431158
|move|p1a: Gliscor|Protect|p1a: Gliscor
|-singleturn|p1a: Gliscor|Protect
|move|p2a: Araquanid|Liquidation|p1a: Gliscor
|-activate|p1a: Gliscor|move: Protect
|
|-heal|p1a: Gliscor|27/100 tox|[from] ability: Poison Heal
|upkeep
|turn|4
|
|t:|1760431165
|move|p1a: Gliscor|U-turn|p2a: Araquanid
|-crit|p2a: Araquanid
|-damage|p2a: Araquanid|66/100
|
|t:|1760431171
|switch|p1a: Sinistcha|Sinistcha-Masterpiece|100/100|[from] U-turn
|-activate|p1a: Sinistcha|move: Sticky Web
|-unboost|p1a: Sinistcha|spe|1
|move|p2a: Araquanid|Liquidation|p1a: Sinistcha
|-resisted|p1a: Sinistcha
|-damage|p1a: Sinistcha|72/100
|
|-heal|p2a: Araquanid|72/100|[from] item: Leftovers
|-heal|p1a: Sinistcha|78/100|[from] item: Leftovers
|upkeep
|turn|5
|inactive|Battle timer is ON: inactive players will automatically lose when time's up. (requested by chinchilla1010x)
|
|t:|1760431193
|-terastallize|p1a: Sinistcha|Poison
|move|p2a: Araquanid|Leech Life|p1a: Sinistcha
|-resisted|p1a: Sinistcha
|-damage|p1a: Sinistcha|65/100
|-heal|p2a: Araquanid|79/100|[from] drain|[of] p1a: Sinistcha
|move|p1a: Sinistcha|Strength Sap|p2a: Araquanid
|-unboost|p2a: Araquanid|atk|1
|-heal|p1a: Sinistcha|100/100
|
|-heal|p2a: Araquanid|85/100|[from] item: Leftovers
|upkeep
|turn|6
|
|t:|1760431207
|move|p2a: Araquanid|Liquidation|p1a: Sinistcha
|-damage|p1a: Sinistcha|58/100
|move|p1a: Sinistcha|Calm Mind|p1a: Sinistcha
|-boost|p1a: Sinistcha|spa|1
|-boost|p1a: Sinistcha|spd|1
|
|-heal|p2a: Araquanid|91/100|[from] item: Leftovers
|-heal|p1a: Sinistcha|64/100|[from] item: Leftovers
|upkeep
|turn|7
|
|t:|1760431215
|move|p2a: Araquanid|Liquidation|p1a: Sinistcha
|-damage|p1a: Sinistcha|20/100
|move|p1a: Sinistcha|Strength Sap|p2a: Araquanid
|-unboost|p2a: Araquanid|atk|1
|-heal|p1a: Sinistcha|70/100
|
|-heal|p2a: Araquanid|97/100|[from] item: Leftovers
|-heal|p1a: Sinistcha|76/100|[from] item: Leftovers
|upkeep
|turn|8
|
|t:|1760431223
|move|p2a: Araquanid|Liquidation|p1a: Sinistcha
|-damage|p1a: Sinistcha|48/100
|move|p1a: Sinistcha|Matcha Gotcha|p2a: Araquanid
|-damage|p2a: Araquanid|53/100
|-heal|p1a: Sinistcha|70/100|[from] drain|[of] p2a: Araquanid
|
|-heal|p2a: Araquanid|59/100|[from] item: Leftovers
|-heal|p1a: Sinistcha|76/100|[from] item: Leftovers
|upkeep
|turn|9
|
|t:|1760431233
|move|p2a: Araquanid|Liquidation|p1a: Sinistcha
|-damage|p1a: Sinistcha|45/100
|-unboost|p1a: Sinistcha|def|1
|move|p1a: Sinistcha|Matcha Gotcha|p2a: Araquanid
|-damage|p2a: Araquanid|17/100
|-heal|p1a: Sinistcha|66/100|[from] drain|[of] p2a: Araquanid
|
|-heal|p2a: Araquanid|23/100|[from] item: Leftovers
|-heal|p1a: Sinistcha|72/100|[from] item: Leftovers
|upkeep
|turn|10
|
|t:|1760431244
|move|p2a: Araquanid|Liquidation|p1a: Sinistcha
|-damage|p1a: Sinistcha|25/100
|-unboost|p1a: Sinistcha|def|1
|move|p1a: Sinistcha|Matcha Gotcha|p2a: Araquanid|[miss]
|-miss|p1a: Sinistcha|p2a: Araquanid
|
|-heal|p2a: Araquanid|30/100|[from] item: Leftovers
|-heal|p1a: Sinistcha|31/100|[from] item: Leftovers
|upkeep
|turn|11
|
|t:|1760431259
|move|p2a: Araquanid|Liquidation|p1a: Sinistcha
|-damage|p1a: Sinistcha|0 fnt
|faint|p1a: Sinistcha
|
|-heal|p2a: Araquanid|36/100|[from] item: Leftovers
|upkeep
|
|t:|1760431264
|switch|p1a: Gliscor|Gliscor, M|27/100 tox
|turn|12
|
|t:|1760431268
|move|p1a: Gliscor|U-turn|p2a: Araquanid
|-damage|p2a: Araquanid|14/100
|
|t:|1760431274
|switch|p1a: Alomomola|Alomomola, F|100/100|[from] U-turn
|-activate|p1a: Alomomola|move: Sticky Web
|-unboost|p1a: Alomomola|spe|1
|move|p2a: Araquanid|Liquidation|p1a: Alomomola
|-resisted|p1a: Alomomola
|-damage|p1a: Alomomola|92/100
|-unboost|p1a: Alomomola|def|1
|-damage|p2a: Araquanid|0 fnt|[from] item: Rocky Helmet|[of] p1a: Alomomola
|faint|p2a: Araquanid
|
|upkeep
|
|t:|1760431289
|switch|p2a: Conkeldurr|Conkeldurr, F|100/100
|-damage|p2a: Conkeldurr|94/100|[from] Stealth Rock
|turn|13
|
|t:|1760431301
|move|p2a: Conkeldurr|Knock Off|p1a: Alomomola
|-damage|p1a: Alomomola|60/100
|-damage|p2a: Conkeldurr|78/100|[from] item: Rocky Helmet|[of] p1a: Alomomola
|-enditem|p1a: Alomomola|Rocky Helmet|[from] move: Knock Off|[of] p2a: Conkeldurr
|move|p1a: Alomomola|Wish|p1a: Alomomola
|
|upkeep
|turn|14
|-activate|p2a: Conkeldurr|item: Quick Claw
|
|t:|1760431310
|move|p2a: Conkeldurr|Drain Punch|p1a: Alomomola
|-damage|p1a: Alomomola|12/100
|-heal|p2a: Conkeldurr|100/100|[from] drain|[of] p1a: Alomomola
|move|p1a: Alomomola|Flip Turn|p2a: Conkeldurr
|-damage|p2a: Conkeldurr|87/100
|
|t:|1760431318
|switch|p1a: Gliscor|Gliscor, M|27/100 tox|[from] Flip Turn
|
|-heal|p1a: Gliscor|100/100 tox|[from] move: Wish|[wisher] Alomomola
|upkeep
|turn|15
|
|t:|1760431336
|switch|p2a: Dragapult|Dragapult, F|100/100
|-damage|p2a: Dragapult|88/100|[from] Stealth Rock
|move|p1a: Gliscor|Earthquake|p2a: Dragapult
|-damage|p2a: Dragapult|29/100
|
|upkeep
|turn|16
|
|t:|1760431343
|move|p2a: Dragapult|Dragon Dance|p2a: Dragapult
|-boost|p2a: Dragapult|atk|1
|-boost|p2a: Dragapult|spe|1
|move|p1a: Gliscor|Earthquake|p2a: Dragapult
|-damage|p2a: Dragapult|0 fnt
|faint|p2a: Dragapult
|
|upkeep
|
|t:|1760431349
|switch|p2a: Conkeldurr|Conkeldurr, F|87/100
|-damage|p2a: Conkeldurr|81/100|[from] Stealth Rock
|turn|17
|
|t:|1760431355
|move|p1a: Gliscor|Protect|p1a: Gliscor
|-singleturn|p1a: Gliscor|Protect
|move|p2a: Conkeldurr|Defog|p1a: Gliscor
|-activate|p1a: Gliscor|move: Protect
|
|upkeep
|turn|18
|
|t:|1760431363
|move|p1a: Gliscor|Earthquake|p2a: Conkeldurr
|-damage|p2a: Conkeldurr|47/100
|move|p2a: Conkeldurr|Defog|p1a: Gliscor
|-unboost|p1a: Gliscor|evasion|1
|-sideend|p1: Kerlaga|Sticky Web|[from] move: Defog|[of] p2a: Conkeldurr
|-sideend|p2: chinchilla1010x|Stealth Rock|[from] move: Defog|[of] p2a: Conkeldurr
|
|upkeep
|turn|19
|
|t:|1760431371
|move|p1a: Gliscor|Earthquake|p2a: Conkeldurr
|-damage|p2a: Conkeldurr|7/100
|move|p2a: Conkeldurr|Drain Punch|p1a: Gliscor
|-resisted|p1a: Gliscor
|-damage|p1a: Gliscor|78/100 tox
|-heal|p2a: Conkeldurr|17/100|[from] drain|[of] p1a: Gliscor
|
|-heal|p1a: Gliscor|90/100 tox|[from] ability: Poison Heal
|upkeep
|turn|20
|
|t:|1760431382
|switch|p2a: Frosmoth|Frosmoth, M|100/100
|move|p1a: Gliscor|Earthquake|p2a: Frosmoth
|-resisted|p2a: Frosmoth
|-damage|p2a: Frosmoth|67/100
|
|-heal|p2a: Frosmoth|73/100|[from] item: Leftovers
|-heal|p1a: Gliscor|100/100 tox|[from] ability: Poison Heal
|upkeep
|turn|21
|
|t:|1760431395
|move|p1a: Gliscor|U-turn|p2a: Frosmoth
|-damage|p2a: Frosmoth|41/100
|
|t:|1760431398
|switch|p1a: Gholdengo|Gholdengo|100/100|[from] U-turn
|move|p2a: Frosmoth|Quiver Dance|p2a: Frosmoth
|-boost|p2a: Frosmoth|spa|1
|-boost|p2a: Frosmoth|spd|1
|-boost|p2a: Frosmoth|spe|1
|
|-heal|p2a: Frosmoth|47/100|[from] item: Leftovers
|upkeep
|turn|22
|
|t:|1760431406
|-terastallize|p2a: Frosmoth|Ground
|move|p2a: Frosmoth|Tera Blast|p1a: Gholdengo|[anim] Tera Blast Ground
|-supereffective|p1a: Gholdengo
|-damage|p1a: Gholdengo|0 fnt
|faint|p1a: Gholdengo
|
|-heal|p2a: Frosmoth|53/100|[from] item: Leftovers
|upkeep
|
|t:|1760431419
|switch|p1a: Gliscor|Gliscor, M|100/100 tox
|turn|23
|
|t:|1760431422
|move|p2a: Frosmoth|Ice Beam|p1a: Gliscor
|-supereffective|p1a: Gliscor
|-damage|p1a: Gliscor|0 fnt
|faint|p1a: Gliscor
|
|-heal|p2a: Frosmoth|59/100|[from] item: Leftovers
|upkeep
|-message|Kerlaga forfeited.
|
|win|chinchilla1010x
|raw|Kerlaga's rating: 1205 &rarr; <strong>1176</strong><br />(-29 for losing)
|raw|chinchilla1010x's rating: 1156 &rarr; <strong>1185</strong><br />(+29 for winning)
|l|☆Kerlaga
|player|p1|
|l|☆chinchilla1010x
|player|p2|
