|j|☆everrave
|j|☆Dr. Sparce
|t:|1760362139
|gametype|singles
|player|p1|everrave|policeman-gen4|1399
|player|p2|Dr. Sparce|1|1483
|gen|9
|tier|[Gen 9] OU
|rated|
|rule|HP Percentage Mod: HP is shown in percentages
|rule|Endless Battle Clause: Forcing endless battles is banned
|rule|Species Clause: Limit one of each Pokémon
|rule|OHKO Clause: OHKO moves are banned
|rule|Evasion Items Clause: Evasion items are banned
|rule|Evasion Moves Clause: Evasion moves are banned
|rule|Evasion Abilities Clause: Evasion abilities are banned
|rule|Sleep Moves Clause: Sleep-inducing moves are banned
|clearpoke
|poke|p1|Goodra-Hisui, M|
|poke|p1|Rillaboom, F|
|poke|p1|Incineroar, M|
|poke|p1|Comfey, F|
|poke|p1|Great Tusk|
|poke|p1|Gengar, F|
|poke|p2|Iron Valiant|
|poke|p2|Kingambit, F|
|poke|p2|Latias, F|
|poke|p2|Ogerpon-Wellspring, F|
|poke|p2|Glimmora, F|
|poke|p2|Ninetales-Alola, M|
|teampreview
|
|t:|1760362146
|teamsize|p1|6
|teamsize|p2|6
|start
|switch|p1a: Great Tusk|Great Tusk|100/100
|switch|p2a: Glimmora|Glimmora, F|100/100
|turn|1
|
|t:|1760362171
|switch|p2a: Ogerpon|Ogerpon-Wellspring, F|100/100
|move|p1a: Great Tusk|Rapid Spin|p2a: Ogerpon
|-damage|p2a: Ogerpon|77/100
|-boost|p1a: Great Tusk|spe|1
|
|upkeep
|turn|2
|
|t:|1760362181
|-end|p1a: Great Tusk|Protosynthesis|[silent]
|switch|p1a: Rillaboom|Rillaboom, F|100/100
|-fieldstart|move: Grassy Terrain|[from] ability: Grassy Surge|[of] p1a: Rillaboom
|move|p2a: Ogerpon|Power Whip|p1a: Rillaboom
|-resisted|p1a: Rillaboom
|-damage|p1a: Rillaboom|59/100
|
|-heal|p2a: Ogerpon|83/100|[from] Grassy Terrain
|-heal|p1a: Rillaboom|65/100|[from] Grassy Terrain
|upkeep
|turn|3
|
|t:|1760362208
|move|p2a: Ogerpon|Play Rough|p1a: Rillaboom
|-damage|p1a: Rillaboom|33/100
|move|p1a: Rillaboom|U-turn|p2a: Ogerpon
|-supereffective|p2a: Ogerpon
|-damage|p2a: Ogerpon|18/100
|
|t:|1760362233
|switch|p1a: Goodra|Goodra-Hisui, M|100/100|[from] U-turn
|
|-heal|p2a: Ogerpon|24/100|[from] Grassy Terrain
|upkeep
|turn|4
|
|t:|1760362248
|switch|p2a: Glimmora|Glimmora, F|100/100
|move|p1a: Goodra|Shelter|p1a: Goodra
|-boost|p1a: Goodra|def|2
|
|upkeep
|turn|5
|
|t:|1760362259
|move|p2a: Glimmora|Stealth Rock|p1a: Goodra
|-sidestart|p1: everrave|move: Stealth Rock
|move|p1a: Goodra|Body Press|p2a: Glimmora
|-damage|p2a: Glimmora|47/100
|-activate|p2a: Glimmora|ability: Toxic Debris
|-sidestart|p1: everrave|move: Toxic Spikes
|-enditem|p2a: Glimmora|Red Card|[of] p1a: Goodra
|drag|p1a: Great Tusk|Great Tusk|100/100
|
|-heal|p2a: Glimmora|54/100|[from] Grassy Terrain
|upkeep
|turn|6
|
|t:|1760362275
|-terastallize|p2a: Glimmora|Ghost
|move|p1a: Great Tusk|Rapid Spin|p2a: Glimmora
|-immune|p2a: Glimmora
|move|p2a: Glimmora|Earth Power|p1a: Great Tusk
|-damage|p1a: Great Tusk|52/100
|
|-heal|p1a: Great Tusk|58/100|[from] Grassy Terrain
|-heal|p2a: Glimmora|60/100|[from] Grassy Terrain
|upkeep
|turn|7
|
|t:|1760362286
|move|p1a: Great Tusk|Headlong Rush|p2a: Glimmora
|-damage|p2a: Glimmora|0 fnt
|-unboost|p1a: Great Tusk|def|1
|-unboost|p1a: Great Tusk|spd|1
|-activate|p2a: Glimmora|ability: Toxic Debris
|-sidestart|p1: everrave|move: Toxic Spikes
|faint|p2a: Glimmora
|
|-heal|p1a: Great Tusk|64/100|[from] Grassy Terrain
|upkeep
|
|t:|1760362293
|switch|p2a: Ninetales|Ninetales-Alola, M|100/100
|-weather|Snowscape|[from] ability: Snow Warning|[of] p2a: Ninetales
|turn|8
|
|t:|1760362300
|-end|p1a: Great Tusk|Protosynthesis|[silent]
|switch|p1a: Gengar|Gengar, F|100/100
|-damage|p1a: Gengar|88/100|[from] Stealth Rock
|-sideend|p1: everrave|move: Toxic Spikes|[of] p1a: Gengar
|move|p2a: Ninetales|Freeze-Dry|p1a: Gengar
|-damage|p1a: Gengar|55/100
|
|-weather|Snowscape|[upkeep]
|-heal|p1a: Gengar|61/100|[from] Grassy Terrain
|upkeep
|turn|9
|
|t:|1760362311
|switch|p2a: Kingambit|Kingambit, F|100/100
|-activate|p2a: Kingambit|ability: Supreme Overlord
|-start|p2a: Kingambit|fallen1|[silent]
|move|p1a: Gengar|Trick|p2a: Kingambit
|-activate|p1a: Gengar|move: Trick|[of] p2a: Kingambit
|-item|p2a: Kingambit|Choice Scarf|[from] move: Trick
|-item|p1a: Gengar|Heavy-Duty Boots|[from] move: Trick
|
|-weather|Snowscape|[upkeep]
|-heal|p1a: Gengar|67/100|[from] Grassy Terrain
|-fieldend|move: Grassy Terrain
|upkeep
|turn|10
|
|t:|1760362324
|switch|p1a: Incineroar|Incineroar, M|100/100
|-ability|p1a: Incineroar|Intimidate|boost
|-unboost|p2a: Kingambit|atk|1
|move|p2a: Kingambit|Sucker Punch||[still]
|-fail|p2a: Kingambit
|
|-weather|Snowscape|[upkeep]
|upkeep
|turn|11
|
|t:|1760362329
|-end|p2a: Kingambit|fallen1|[silent]
|switch|p2a: Ogerpon|Ogerpon-Wellspring, F|24/100
|move|p1a: Incineroar|Will-O-Wisp|p2a: Ogerpon
|-status|p2a: Ogerpon|brn
|
|-weather|Snowscape|[upkeep]
|-damage|p2a: Ogerpon|18/100 brn|[from] brn
|upkeep
|turn|12
|
|t:|1760362338
|move|p2a: Ogerpon|Ivy Cudgel|p1a: Incineroar|[anim] Ivy Cudgel Water
|-supereffective|p1a: Incineroar
|-damage|p1a: Incineroar|40/100
|move|p1a: Incineroar|Parting Shot|p2a: Ogerpon
|-unboost|p2a: Ogerpon|atk|1
|-unboost|p2a: Ogerpon|spa|1
|
|t:|1760362345
|switch|p1a: Rillaboom|Rillaboom, F|33/100|[from] Parting Shot
|-damage|p1a: Rillaboom|20/100|[from] Stealth Rock
|-fieldstart|move: Grassy Terrain|[from] ability: Grassy Surge|[of] p1a: Rillaboom
|
|-weather|none
|-heal|p2a: Ogerpon|24/100 brn|[from] Grassy Terrain
|-heal|p1a: Rillaboom|27/100|[from] Grassy Terrain
|-damage|p2a: Ogerpon|18/100 brn|[from] brn
|upkeep
|turn|13
|
|t:|1760362350
|move|p1a: Rillaboom|Grassy Glide|p2a: Ogerpon
|-damage|p2a: Ogerpon|0 fnt
|faint|p2a: Ogerpon
|
|-heal|p1a: Rillaboom|33/100|[from] Grassy Terrain
|upkeep
|
|t:|1760362353
|switch|p2a: Ninetales|Ninetales-Alola, M|100/100
|-weather|Snowscape|[from] ability: Snow Warning|[of] p2a: Ninetales
|turn|14
|
|t:|1760362364
|switch|p1a: Goodra|Goodra-Hisui, M|100/100
|-damage|p1a: Goodra|94/100|[from] Stealth Rock
|move|p2a: Ninetales|Aurora Veil|p2a: Ninetales
|-sidestart|p2: Dr. Sparce|move: Aurora Veil
|
|-weather|Snowscape|[upkeep]
|-heal|p1a: Goodra|100/100|[from] Grassy Terrain
|upkeep
|turn|15
|
|t:|1760362373
|move|p1a: Goodra|Shelter|p1a: Goodra
|-boost|p1a: Goodra|def|2
|move|p2a: Ninetales|Roar|p1a: Goodra
|drag|p1a: Rillaboom|Rillaboom, F|33/100
|-damage|p1a: Rillaboom|20/100|[from] Stealth Rock
|
|-weather|Snowscape|[upkeep]
|-heal|p1a: Rillaboom|26/100|[from] Grassy Terrain
|upkeep
|turn|16
|
|t:|1760362383
|switch|p1a: Incineroar|Incineroar, M|40/100
|-ability|p1a: Incineroar|Intimidate|boost
|-unboost|p2a: Ninetales|atk|1
|move|p2a: Ninetales|Freeze-Dry|p1a: Incineroar
|-resisted|p1a: Incineroar
|-damage|p1a: Incineroar|32/100
|
|-weather|Snowscape|[upkeep]
|-heal|p1a: Incineroar|39/100|[from] Grassy Terrain
|upkeep
|turn|17
|
|t:|1760362393
|switch|p2a: Iron Valiant|Iron Valiant|100/100
|-enditem|p2a: Iron Valiant|Booster Energy
|-activate|p2a: Iron Valiant|ability: Quark Drive|[fromitem]
|-start|p2a: Iron Valiant|quarkdrivespe
|move|p1a: Incineroar|Will-O-Wisp|p2a: Iron Valiant
|-status|p2a: Iron Valiant|brn
|
|-weather|Snowscape|[upkeep]
|-heal|p1a: Incineroar|45/100|[from] Grassy Terrain
|-damage|p2a: Iron Valiant|94/100 brn|[from] brn
|upkeep
|turn|18
|
|t:|1760362407
|move|p2a: Iron Valiant|Moonblast|p1a: Incineroar
|-damage|p1a: Incineroar|13/100
|move|p1a: Incineroar|Roar|p2a: Iron Valiant
|-end|p2a: Iron Valiant|Quark Drive|[silent]
|drag|p2a: Ninetales|Ninetales-Alola, M|100/100
|
|-weather|none
|-heal|p1a: Incineroar|20/100|[from] Grassy Terrain
|upkeep
|turn|19
|
|t:|1760362419
|move|p1a: Incineroar|Parting Shot|p2a: Ninetales
|-unboost|p2a: Ninetales|atk|1
|-unboost|p2a: Ninetales|spa|1
|
|t:|1760362425
|switch|p1a: Goodra|Goodra-Hisui, M|100/100|[from] Parting Shot
|-damage|p1a: Goodra|94/100|[from] Stealth Rock
|move|p2a: Ninetales|Roar|p1a: Goodra
|drag|p1a: Incineroar|Incineroar, M|20/100
|-ability|p1a: Incineroar|Intimidate|boost
|-unboost|p2a: Ninetales|atk|1
|
|-heal|p1a: Incineroar|26/100|[from] Grassy Terrain
|-fieldend|move: Grassy Terrain
|upkeep
|turn|20
|
|t:|1760362439
|switch|p2a: Iron Valiant|Iron Valiant|94/100 brn
|move|p1a: Incineroar|Knock Off|p2a: Iron Valiant
|-resisted|p2a: Iron Valiant
|-damage|p2a: Iron Valiant|90/100 brn
|
|-damage|p2a: Iron Valiant|84/100 brn|[from] brn
|upkeep
|turn|21
|
|t:|1760362446
|move|p2a: Iron Valiant|Close Combat|p1a: Incineroar
|-supereffective|p1a: Incineroar
|-damage|p1a: Incineroar|0 fnt
|-unboost|p2a: Iron Valiant|def|1
|-unboost|p2a: Iron Valiant|spd|1
|faint|p1a: Incineroar
|
|-damage|p2a: Iron Valiant|78/100 brn|[from] brn
|-sideend|p2: Dr. Sparce|move: Aurora Veil
|upkeep
|
|t:|1760362454
|switch|p1a: Gengar|Gengar, F|67/100
|turn|22
|
|t:|1760362461
|move|p2a: Iron Valiant|Destiny Bond|p2a: Iron Valiant
|-singlemove|p2a: Iron Valiant|Destiny Bond
|move|p1a: Gengar|Focus Blast|p2a: Iron Valiant|[miss]
|-miss|p1a: Gengar|p2a: Iron Valiant
|
|-damage|p2a: Iron Valiant|72/100 brn|[from] brn
|upkeep
|turn|23
|
|t:|1760362469
|move|p2a: Iron Valiant|Knock Off|p1a: Gengar
|-supereffective|p1a: Gengar
|-crit|p1a: Gengar
|-damage|p1a: Gengar|0 fnt
|-enditem|p1a: Gengar|Heavy-Duty Boots|[from] move: Knock Off|[of] p2a: Iron Valiant
|faint|p1a: Gengar
|
|-damage|p2a: Iron Valiant|66/100 brn|[from] brn
|upkeep
|
|t:|1760362480
|switch|p1a: Rillaboom|Rillaboom, F|26/100
|-damage|p1a: Rillaboom|14/100|[from] Stealth Rock
|-fieldstart|move: Grassy Terrain|[from] ability: Grassy Surge|[of] p1a: Rillaboom
|turn|24
|
|t:|1760362487
|-end|p2a: Iron Valiant|Quark Drive|[silent]
|switch|p2a: Kingambit|Kingambit, F|100/100
|-activate|p2a: Kingambit|ability: Supreme Overlord
|-start|p2a: Kingambit|fallen2|[silent]
|move|p1a: Rillaboom|U-turn|p2a: Kingambit
|-damage|p2a: Kingambit|81/100
|
|t:|1760362491
|switch|p1a: Great Tusk|Great Tusk|64/100|[from] U-turn
|
|-heal|p1a: Great Tusk|70/100|[from] Grassy Terrain
|-heal|p2a: Kingambit|87/100|[from] Grassy Terrain
|upkeep
|turn|25
|
|t:|1760362497
|move|p1a: Great Tusk|Rapid Spin|p2a: Kingambit
|-resisted|p2a: Kingambit
|-damage|p2a: Kingambit|80/100
|-boost|p1a: Great Tusk|spe|1
|-sideend|p1: everrave|Stealth Rock|[from] move: Rapid Spin|[of] p1a: Great Tusk
|move|p2a: Kingambit|Zen Headbutt|p1a: Great Tusk
|-supereffective|p1a: Great Tusk
|-damage|p1a: Great Tusk|13/100
|
|-heal|p1a: Great Tusk|19/100|[from] Grassy Terrain
|-heal|p2a: Kingambit|87/100|[from] Grassy Terrain
|upkeep
|turn|26
|
|t:|1760362509
|-end|p2a: Kingambit|fallen2|[silent]
|switch|p2a: Iron Valiant|Iron Valiant|66/100 brn
|move|p1a: Great Tusk|Headlong Rush|p2a: Iron Valiant
|-damage|p2a: Iron Valiant|0 fnt
|-unboost|p1a: Great Tusk|def|1
|-unboost|p1a: Great Tusk|spd|1
|faint|p2a: Iron Valiant
|-end|p2a: Iron Valiant|Quark Drive|[silent]
|
|-heal|p1a: Great Tusk|25/100|[from] Grassy Terrain
|upkeep
|
|t:|1760362517
|switch|p2a: Ninetales|Ninetales-Alola, M|100/100
|-weather|Snowscape|[from] ability: Snow Warning|[of] p2a: Ninetales
|turn|27
|
|t:|1760362523
|move|p1a: Great Tusk|Headlong Rush|p2a: Ninetales
|-damage|p2a: Ninetales|44/100
|-unboost|p1a: Great Tusk|def|1
|-unboost|p1a: Great Tusk|spd|1
|move|p2a: Ninetales|Aurora Veil|p2a: Ninetales
|-sidestart|p2: Dr. Sparce|move: Aurora Veil
|
|-weather|Snowscape|[upkeep]
|-heal|p1a: Great Tusk|31/100|[from] Grassy Terrain
|-heal|p2a: Ninetales|50/100|[from] Grassy Terrain
|upkeep
|turn|28
|
|t:|1760362529
|-end|p1a: Great Tusk|Protosynthesis|[silent]
|switch|p1a: Goodra|Goodra-Hisui, M|94/100
|move|p2a: Ninetales|Freeze-Dry|p1a: Goodra
|-damage|p1a: Goodra|83/100
|
|-weather|Snowscape|[upkeep]
|-heal|p2a: Ninetales|56/100|[from] Grassy Terrain
|-heal|p1a: Goodra|89/100|[from] Grassy Terrain
|-heal|p1a: Goodra|95/100|[from] item: Leftovers
|upkeep
|turn|29
|
|t:|1760362545
|switch|p2a: Latias|Latias, F|100/100
|move|p1a: Goodra|Body Press|p2a: Latias
|-resisted|p2a: Latias
|-damage|p2a: Latias|96/100
|
|-weather|Snowscape|[upkeep]
|-heal|p1a: Goodra|100/100|[from] Grassy Terrain
|upkeep
|turn|30
|
|t:|1760362557
|move|p2a: Latias|Agility|p2a: Latias
|-boost|p2a: Latias|spe|2
|move|p1a: Goodra|Dragon Tail|p2a: Latias
|-supereffective|p2a: Latias
|-damage|p2a: Latias|79/100
|-enditem|p2a: Latias|Weakness Policy
|-boost|p2a: Latias|atk|2|[from] item: Weakness Policy
|-boost|p2a: Latias|spa|2|[from] item: Weakness Policy
|drag|p2a: Kingambit|Kingambit, F|87/100
|-activate|p2a: Kingambit|ability: Supreme Overlord
|-start|p2a: Kingambit|fallen3|[silent]
|
|-weather|Snowscape|[upkeep]
|-heal|p2a: Kingambit|93/100|[from] Grassy Terrain
|upkeep
|turn|31
|
|t:|1760362571
|move|p2a: Kingambit|Kowtow Cleave|p1a: Goodra
|-damage|p1a: Goodra|49/100
|move|p1a: Goodra|Shelter|p1a: Goodra
|-boost|p1a: Goodra|def|2
|
|-weather|none
|-heal|p2a: Kingambit|99/100|[from] Grassy Terrain
|-heal|p1a: Goodra|55/100|[from] Grassy Terrain
|-heal|p1a: Goodra|61/100|[from] item: Leftovers
|-fieldend|move: Grassy Terrain
|upkeep
|turn|32
|
|t:|1760362579
|-end|p2a: Kingambit|fallen3|[silent]
|switch|p2a: Ninetales|Ninetales-Alola, M|56/100
|-weather|Snowscape|[from] ability: Snow Warning|[of] p2a: Ninetales
|move|p1a: Goodra|Body Press|p2a: Ninetales
|-damage|p2a: Ninetales|36/100
|
|-weather|Snowscape|[upkeep]
|-heal|p1a: Goodra|68/100|[from] item: Leftovers
|upkeep
|turn|33
|
|t:|1760362585
|move|p2a: Ninetales|Encore|p1a: Goodra
|-start|p1a: Goodra|Encore
|move|p1a: Goodra|Body Press|p2a: Ninetales
|-damage|p2a: Ninetales|18/100
|
|-weather|Snowscape|[upkeep]
|-heal|p1a: Goodra|74/100|[from] item: Leftovers
|upkeep
|turn|34
|
|t:|1760362591
|switch|p2a: Latias|Latias, F|79/100
|move|p1a: Goodra|Body Press|p2a: Latias
|-resisted|p2a: Latias
|-damage|p2a: Latias|70/100
|
|-weather|Snowscape|[upkeep]
|-heal|p1a: Goodra|80/100|[from] item: Leftovers
|-sideend|p2: Dr. Sparce|move: Aurora Veil
|upkeep
|turn|35
|
|t:|1760362597
|move|p2a: Latias|Calm Mind|p2a: Latias
|-boost|p2a: Latias|spa|1
|-boost|p2a: Latias|spd|1
|move|p1a: Goodra|Body Press|p2a: Latias
|-resisted|p2a: Latias
|-damage|p2a: Latias|53/100
|
|-weather|Snowscape|[upkeep]
|-heal|p1a: Goodra|86/100|[from] item: Leftovers
|-end|p1a: Goodra|Encore
|upkeep
|turn|36
|
|t:|1760362606
|move|p2a: Latias|Draining Kiss|p1a: Goodra
|-damage|p1a: Goodra|75/100
|-heal|p2a: Latias|61/100|[from] drain|[of] p1a: Goodra
|move|p1a: Goodra|Dragon Tail|p2a: Latias
|-supereffective|p2a: Latias
|-damage|p2a: Latias|29/100
|drag|p2a: Kingambit|Kingambit, F|99/100
|-activate|p2a: Kingambit|ability: Supreme Overlord
|-start|p2a: Kingambit|fallen3|[silent]
|
|-weather|none
|-heal|p1a: Goodra|81/100|[from] item: Leftovers
|upkeep
|turn|37
|
|t:|1760362613
|move|p2a: Kingambit|Kowtow Cleave|p1a: Goodra
|-damage|p1a: Goodra|59/100
|move|p1a: Goodra|Body Press|p2a: Kingambit
|-supereffective|p2a: Kingambit
|-damage|p2a: Kingambit|0 fnt
|faint|p2a: Kingambit
|-end|p2a: Kingambit|fallen3|[silent]
|
|-heal|p1a: Goodra|65/100|[from] item: Leftovers
|upkeep
|-message|Dr. Sparce forfeited.
|
|win|everrave
|raw|everrave's rating: 1399 &rarr; <strong>1424</strong><br />(+25 for winning)
|raw|Dr. Sparce's rating: 1483 &rarr; <strong>1458</strong><br />(-25 for losing)
|l|☆Dr. Sparce
|player|p2|
|l|☆everrave
|player|p1|
