|j|☆Myzukin
|j|☆woshishazi
|t:|1760352601
|gametype|singles
|player|p1|Myzukin|veteran|1307
|player|p2|woshishazi|2|1320
|gen|9
|tier|[Gen 9] OU
|rated|
|rule|HP Percentage Mod: HP is shown in percentages
|rule|Endless Battle Clause: Forcing endless battles is banned
|rule|Species Clause: Limit one of each Pokémon
|rule|OHKO Clause: OHKO moves are banned
|rule|Evasion Items Clause: Evasion items are banned
|rule|Evasion Moves Clause: Evasion moves are banned
|rule|Evasion Abilities Clause: Evasion abilities are banned
|rule|Sleep Moves Clause: Sleep-inducing moves are banned
|clearpoke
|poke|p1|Great Tusk|
|poke|p1|Dragonite, F|
|poke|p1|Ogerpon-Wellspring, F|
|poke|p1|Iron Moth|
|poke|p1|Iron Valiant|
|poke|p1|Kingambit, M|
|poke|p2|Tyranitar, M|
|poke|p2|Excadrill, F|
|poke|p2|Glimmora, F|
|poke|p2|Ogerpon-Wellspring, F|
|poke|p2|Hoopa-Unbound|
|poke|p2|Skeledirge, F|
|teampreview
|
|t:|1760352609
|teamsize|p1|6
|teamsize|p2|6
|start
|switch|p1a: Jean-Marie Bigard|Great Tusk|100/100
|switch|p2a: Tyranitar|Tyranitar, M|100/100
|-weather|Sandstorm|[from] ability: Sand Stream|[of] p2a: Tyranitar
|turn|1
|
|t:|1760352621
|switch|p2a: Ogerpon|Ogerpon-Wellspring, F|100/100
|move|p1a: Jean-Marie Bigard|Headlong Rush|p2a: Ogerpon
|-resisted|p2a: Ogerpon
|-damage|p2a: Ogerpon|61/100
|-unboost|p1a: Jean-Marie Bigard|def|1
|-unboost|p1a: Jean-Marie Bigard|spd|1
|
|-weather|Sandstorm|[upkeep]
|-damage|p2a: Ogerpon|55/100|[from] Sandstorm
|upkeep
|turn|2
|
|t:|1760352629
|move|p2a: Ogerpon|Horn Leech|p1a: Jean-Marie Bigard
|-supereffective|p1a: Jean-Marie Bigard
|-crit|p1a: Jean-Marie Bigard
|-damage|p1a: Jean-Marie Bigard|0 fnt
|-heal|p2a: Ogerpon|100/100|[from] drain|[of] p1a: Jean-Marie Bigard
|-damage|p2a: Ogerpon|84/100|[from] item: Rocky Helmet|[of] p1a: Jean-Marie Bigard
|faint|p1a: Jean-Marie Bigard
|-end|p1a: Jean-Marie Bigard|Protosynthesis|[silent]
|
|-weather|Sandstorm|[upkeep]
|-damage|p2a: Ogerpon|78/100|[from] Sandstorm
|upkeep
|
|t:|1760352636
|switch|p1a: Joséphine Ange-G.|Dragonite, F|100/100
|turn|3
|
|t:|1760352649
|switch|p2a: Glimmora|Glimmora, F|100/100
|move|p1a: Joséphine Ange-G.|Dragon Dance|p1a: Joséphine Ange-G.
|-boost|p1a: Joséphine Ange-G.|atk|1
|-boost|p1a: Joséphine Ange-G.|spe|1
|
|-weather|Sandstorm|[upkeep]
|-damage|p1a: Joséphine Ange-G.|94/100|[from] Sandstorm
|upkeep
|turn|4
|
|t:|1760352657
|move|p1a: Joséphine Ange-G.|Earthquake|p2a: Glimmora
|-supereffective|p2a: Glimmora
|-crit|p2a: Glimmora
|-enditem|p2a: Glimmora|Focus Sash
|-damage|p2a: Glimmora|1/100
|-activate|p2a: Glimmora|ability: Toxic Debris
|-sidestart|p1: Myzukin|move: Toxic Spikes
|move|p2a: Glimmora|Power Gem|p1a: Joséphine Ange-G.
|-supereffective|p1a: Joséphine Ange-G.
|-damage|p1a: Joséphine Ange-G.|1/100
|
|-weather|Sandstorm|[upkeep]
|-damage|p1a: Joséphine Ange-G.|0 fnt|[from] Sandstorm
|faint|p1a: Joséphine Ange-G.
|upkeep
|
|t:|1760352662
|switch|p1a: Maya l'Abeille|Iron Moth|100/100
|-sideend|p1: Myzukin|move: Toxic Spikes|[of] p1a: Maya l'Abeille
|turn|5
|
|t:|1760352679
|move|p1a: Maya l'Abeille|Energy Ball|p2a: Glimmora
|-damage|p2a: Glimmora|0 fnt
|faint|p2a: Glimmora
|
|-weather|none
|upkeep
|
|t:|1760352683
|switch|p2a: Tyranitar|Tyranitar, M|100/100
|-weather|Sandstorm|[from] ability: Sand Stream|[of] p2a: Tyranitar
|turn|6
|l|☆woshishazi
|player|p2|
|inactive|Battle timer is ON: inactive players will automatically lose when time's up. (requested by Myzukin)
|j|☆woshishazi
|inactive|woshishazi reconnected and has 125 seconds left.
|player|p2|woshishazi|2|
|inactive|woshishazi has 120 seconds left.
|
|t:|1760352753
|-end|p1a: Maya l'Abeille|Quark Drive|[silent]
|switch|p1a: PlanQ de Gallame|Iron Valiant|100/100
|-enditem|p1a: PlanQ de Gallame|Booster Energy
|-activate|p1a: PlanQ de Gallame|ability: Quark Drive|[fromitem]
|-start|p1a: PlanQ de Gallame|quarkdrivespe
|move|p2a: Tyranitar|Earth Power|p1a: PlanQ de Gallame
|-damage|p1a: PlanQ de Gallame|54/100
|
|-weather|Sandstorm|[upkeep]
|-damage|p1a: PlanQ de Gallame|48/100|[from] Sandstorm
|upkeep
|turn|7
|
|t:|1760352770
|switch|p2a: Skeledirge|Skeledirge, F|100/100
|move|p1a: PlanQ de Gallame|Calm Mind|p1a: PlanQ de Gallame
|-boost|p1a: PlanQ de Gallame|spa|1
|-boost|p1a: PlanQ de Gallame|spd|1
|
|-weather|Sandstorm|[upkeep]
|-damage|p1a: PlanQ de Gallame|42/100|[from] Sandstorm
|-damage|p2a: Skeledirge|94/100|[from] Sandstorm
|-heal|p2a: Skeledirge|100/100|[from] item: Leftovers
|upkeep
|turn|8
|
|t:|1760352783
|-terastallize|p1a: PlanQ de Gallame|Ghost
|move|p1a: PlanQ de Gallame|Shadow Ball|p2a: Skeledirge
|-supereffective|p2a: Skeledirge
|-damage|p2a: Skeledirge|23/100
|move|p2a: Skeledirge|Torch Song|p1a: PlanQ de Gallame
|-damage|p1a: PlanQ de Gallame|0 fnt
|-boost|p2a: Skeledirge|spa|1
|faint|p1a: PlanQ de Gallame
|-end|p1a: PlanQ de Gallame|Quark Drive|[silent]
|
|-weather|Sandstorm|[upkeep]
|-damage|p2a: Skeledirge|17/100|[from] Sandstorm
|-heal|p2a: Skeledirge|23/100|[from] item: Leftovers
|upkeep
|
|t:|1760352793
|switch|p1a: Eric Zemmour|Kingambit, M|100/100
|-activate|p1a: Eric Zemmour|ability: Supreme Overlord
|-start|p1a: Eric Zemmour|fallen3|[silent]
|turn|9
|
|t:|1760352804
|move|p1a: Eric Zemmour|Kowtow Cleave|p2a: Skeledirge
|-supereffective|p2a: Skeledirge
|-damage|p2a: Skeledirge|0 fnt
|faint|p2a: Skeledirge
|
|-weather|Sandstorm|[upkeep]
|upkeep
|
|t:|1760352820
|switch|p2a: Hoopa|Hoopa-Unbound|100/100
|turn|10
|
|t:|1760352828
|-terastallize|p2a: Hoopa|Fighting
|move|p2a: Hoopa|Drain Punch|p1a: Eric Zemmour
|-supereffective|p1a: Eric Zemmour
|-damage|p1a: Eric Zemmour|0 fnt
|faint|p1a: Eric Zemmour
|-end|p1a: Eric Zemmour|fallen3|[silent]
|-damage|p2a: Hoopa|91/100|[from] item: Life Orb
|
|-weather|none
|upkeep
|
|t:|1760352832
|switch|p1a: Scarlett Johansson|Ogerpon-Wellspring, F|100/100
|turn|11
|
|t:|1760352844
|move|p1a: Scarlett Johansson|Horn Leech|p2a: Hoopa
|-damage|p2a: Hoopa|20/100
|move|p2a: Hoopa|Hyperspace Fury|p1a: Scarlett Johansson
|-damage|p1a: Scarlett Johansson|0 fnt
|-unboost|p2a: Hoopa|def|1
|faint|p1a: Scarlett Johansson
|-damage|p2a: Hoopa|10/100|[from] item: Life Orb
|
|upkeep
|
|t:|1760352853
|switch|p1a: Maya l'Abeille|Iron Moth|100/100
|turn|12
|
|t:|1760352859
|move|p1a: Maya l'Abeille|Energy Ball|p2a: Hoopa
|-damage|p2a: Hoopa|0 fnt
|faint|p2a: Hoopa
|
|upkeep
|
|t:|1760352861
|switch|p2a: Tyranitar|Tyranitar, M|100/100
|-weather|Sandstorm|[from] ability: Sand Stream|[of] p2a: Tyranitar
|turn|13
|
|t:|1760352866
|move|p1a: Maya l'Abeille|Energy Ball|p2a: Tyranitar
|-supereffective|p2a: Tyranitar
|-damage|p2a: Tyranitar|69/100
|move|p2a: Tyranitar|Earth Power|p1a: Maya l'Abeille
|-supereffective|p1a: Maya l'Abeille
|-crit|p1a: Maya l'Abeille
|-damage|p1a: Maya l'Abeille|0 fnt
|faint|p1a: Maya l'Abeille
|-end|p1a: Maya l'Abeille|Quark Drive|[silent]
|
|win|woshishazi
|raw|Myzukin's rating: 1307 &rarr; <strong>1288</strong><br />(-19 for losing)
|raw|woshishazi's rating: 1320 &rarr; <strong>1339</strong><br />(+19 for winning)
|l|☆Myzukin
|player|p1|
