|j|☆fizziesoupjr
|j|☆JayBro16
|t:|1760336608
|gametype|singles
|player|p1|fizziesoupjr|harlequin|1110
|player|p2|JayBro16|170|1082
|gen|9
|tier|[Gen 9] OU
|rated|
|rule|HP Percentage Mod: HP is shown in percentages
|rule|Endless Battle Clause: Forcing endless battles is banned
|rule|Species Clause: Limit one of each Pokémon
|rule|OHKO Clause: OHKO moves are banned
|rule|Evasion Items Clause: Evasion items are banned
|rule|Evasion Moves Clause: Evasion moves are banned
|rule|Evasion Abilities Clause: Evasion abilities are banned
|rule|Sleep Moves Clause: Sleep-inducing moves are banned
|clearpoke
|poke|p1|Regidrago|
|poke|p1|Breloom, F|
|poke|p1|Empoleon, M|
|poke|p1|Lycanroc, M|
|poke|p1|Granbull, F|
|poke|p1|Komala, F|
|poke|p2|Cinderace, M|
|poke|p2|Corviknight, M|
|poke|p2|Drednaw, M|
|poke|p2|Galvantula, M|
|poke|p2|Dragapult, F|
|poke|p2|Vileplume, M|
|teampreview
|inactive|Battle timer is ON: inactive players will automatically lose when time's up. (requested by fizziesoupjr)
|
|t:|1760336618
|teamsize|p1|6
|teamsize|p2|6
|start
|switch|p1a: Lycanroc|Lycanroc, M|100/100
|switch|p2a: Drednaw|Drednaw, M|100/100
|turn|1
|
|t:|1760336623
|move|p1a: Lycanroc|Stealth Rock|p2a: Drednaw
|-sidestart|p2: JayBro16|move: Stealth Rock
|move|p2a: Drednaw|Shell Smash|p2a: Drednaw
|-unboost|p2a: Drednaw|def|1
|-unboost|p2a: Drednaw|spd|1
|-boost|p2a: Drednaw|atk|2
|-boost|p2a: Drednaw|spa|2
|-boost|p2a: Drednaw|spe|2
|-enditem|p2a: Drednaw|White Herb
|-clearnegativeboost|p2a: Drednaw|[silent]
|
|upkeep
|turn|2
|
|t:|1760336632
|move|p2a: Drednaw|Liquidation|p1a: Lycanroc
|-supereffective|p1a: Lycanroc
|-enditem|p1a: Lycanroc|Focus Sash
|-damage|p1a: Lycanroc|1/100
|move|p1a: Lycanroc|Endeavor|p2a: Drednaw
|-damage|p2a: Drednaw|1/100
|
|upkeep
|turn|3
|
|t:|1760336639
|move|p1a: Lycanroc|Accelerock|p2a: Drednaw
|-damage|p2a: Drednaw|0 fnt
|faint|p2a: Drednaw
|
|upkeep
|
|t:|1760336654
|switch|p2a: Dragapult|Dragapult, F|100/100
|turn|4
|
|t:|1760336659
|switch|p1a: Granbull|Granbull, F|100/100
|-ability|p1a: Granbull|Intimidate|boost
|-unboost|p2a: Dragapult|atk|1
|move|p2a: Dragapult|Dragon Darts|p1a: Granbull
|-immune|p1a: Granbull
|
|upkeep
|turn|5
|
|t:|1760336668
|switch|p2a: Vileplume|Vileplume, M|100/100
|-damage|p2a: Vileplume|88/100|[from] Stealth Rock
|move|p1a: Granbull|Fire Punch|p2a: Vileplume
|-supereffective|p2a: Vileplume
|-damage|p2a: Vileplume|39/100
|-enditem|p2a: Vileplume|Sitrus Berry|[eat]
|-heal|p2a: Vileplume|63/100|[from] item: Sitrus Berry
|
|upkeep
|turn|6
|
|t:|1760336678
|switch|p1a: Komala|Komala, F|100/100
|-ability|p1a: Komala|Comatose
|move|p2a: Vileplume|Sludge Bomb|p1a: Komala
|-damage|p1a: Komala|68/100
|
|-heal|p1a: Komala|74/100|[from] item: Leftovers
|upkeep
|turn|7
|
|t:|1760336687
|move|p1a: Komala|Earthquake|p2a: Vileplume
|-damage|p2a: Vileplume|28/100
|move|p2a: Vileplume|Giga Drain|p1a: Komala
|-damage|p1a: Komala|42/100
|-heal|p2a: Vileplume|47/100|[from] drain|[of] p1a: Komala
|
|-heal|p1a: Komala|48/100|[from] item: Leftovers
|upkeep
|turn|8
|
|t:|1760336712
|move|p1a: Komala|Earthquake|p2a: Vileplume
|-damage|p2a: Vileplume|13/100
|move|p2a: Vileplume|Giga Drain|p1a: Komala
|-damage|p1a: Komala|20/100
|-heal|p2a: Vileplume|29/100|[from] drain|[of] p1a: Komala
|
|-heal|p1a: Komala|26/100|[from] item: Leftovers
|upkeep
|turn|9
|
|t:|1760336722
|move|p1a: Komala|Earthquake|p2a: Vileplume
|-damage|p2a: Vileplume|0 fnt
|faint|p2a: Vileplume
|
|-heal|p1a: Komala|32/100|[from] item: Leftovers
|upkeep
|
|t:|1760336728
|switch|p2a: Cinderace|Cinderace, M|100/100
|-damage|p2a: Cinderace|76/100|[from] Stealth Rock
|turn|10
|
|t:|1760336737
|switch|p1a: Granbull|Granbull, F|100/100
|-ability|p1a: Granbull|Intimidate|boost
|-unboost|p2a: Cinderace|atk|1
|move|p2a: Cinderace|Acrobatics|p1a: Granbull
|-start|p2a: Cinderace|typechange|Flying|[from] ability: Libero
|-damage|p1a: Granbull|69/100
|
|upkeep
|turn|11
|
|t:|1760336748
|switch|p1a: Empoleon|Empoleon, M|100/100
|move|p2a: Cinderace|Gunk Shot|p1a: Empoleon
|-immune|p1a: Empoleon
|
|upkeep
|turn|12
|
|t:|1760336756
|move|p2a: Cinderace|High Jump Kick|p1a: Empoleon
|-supereffective|p1a: Empoleon
|-damage|p1a: Empoleon|43/100
|move|p1a: Empoleon|Agility|p1a: Empoleon
|-boost|p1a: Empoleon|spe|2
|
|upkeep
|turn|13
|
|t:|1760336763
|-terastallize|p1a: Empoleon|Flying
|move|p1a: Empoleon|Metal Sound|p2a: Cinderace
|-unboost|p2a: Cinderace|spd|2
|-enditem|p1a: Empoleon|Throat Spray
|-boost|p1a: Empoleon|spa|1|[from] item: Throat Spray
|move|p2a: Cinderace|High Jump Kick|p1a: Empoleon
|-resisted|p1a: Empoleon
|-damage|p1a: Empoleon|30/100
|
|upkeep
|turn|14
|
|t:|1760336773
|move|p1a: Empoleon|Ice Beam|p2a: Cinderace
|-supereffective|p2a: Cinderace
|-damage|p2a: Cinderace|0 fnt
|faint|p2a: Cinderace
|
|upkeep
|
|t:|1760336780
|switch|p2a: Corviknight|Corviknight, M|100/100
|-damage|p2a: Corviknight|88/100|[from] Stealth Rock
|-ability|p2a: Corviknight|Pressure
|turn|15
|
|t:|1760336785
|move|p1a: Empoleon|Ice Beam|p2a: Corviknight
|-damage|p2a: Corviknight|43/100
|move|p2a: Corviknight|Iron Defense|p2a: Corviknight
|-boost|p2a: Corviknight|def|2
|
|-heal|p2a: Corviknight|49/100|[from] item: Leftovers
|upkeep
|turn|16
|
|t:|1760336792
|move|p1a: Empoleon|Ice Beam|p2a: Corviknight
|-damage|p2a: Corviknight|4/100
|move|p2a: Corviknight|Body Press|p1a: Empoleon
|-resisted|p1a: Empoleon
|-damage|p1a: Empoleon|0 fnt
|faint|p1a: Empoleon
|
|-heal|p2a: Corviknight|10/100|[from] item: Leftovers
|upkeep
|
|t:|1760336802
|switch|p1a: Regidrago|Regidrago|100/100
|turn|17
|
|t:|1760336805
|move|p1a: Regidrago|Dragon Energy|p2a: Corviknight
|-resisted|p2a: Corviknight
|-damage|p2a: Corviknight|0 fnt
|faint|p2a: Corviknight
|
|upkeep
|
|t:|1760336813
|switch|p2a: Dragapult|Dragapult, F|100/100
|turn|18
|
|t:|1760336820
|switch|p1a: Granbull|Granbull, F|69/100
|-ability|p1a: Granbull|Intimidate|boost
|-unboost|p2a: Dragapult|atk|1
|move|p2a: Dragapult|Thunder Wave|p1a: Granbull
|-status|p1a: Granbull|par
|
|upkeep
|turn|19
|
|t:|1760336829
|move|p2a: Dragapult|U-turn|p1a: Granbull
|-resisted|p1a: Granbull
|-damage|p1a: Granbull|61/100 par
|
|t:|1760336832
|switch|p2a: Galvantula|Galvantula, M|100/100|[from] U-turn
|-damage|p2a: Galvantula|76/100|[from] Stealth Rock
|move|p1a: Granbull|Play Rough|p2a: Galvantula
|-damage|p2a: Galvantula|0 fnt
|faint|p2a: Galvantula
|
|upkeep
|
|t:|1760336840
|switch|p2a: Dragapult|Dragapult, F|100/100
|turn|20
|
|t:|1760336850
|switch|p1a: Lycanroc|Lycanroc, M|1/100
|-terastallize|p2a: Dragapult|Dragon
|move|p2a: Dragapult|Hex|p1a: Lycanroc
|-damage|p1a: Lycanroc|0 fnt
|faint|p1a: Lycanroc
|
|upkeep
|
|t:|1760336853
|switch|p1a: Granbull|Granbull, F|61/100 par
|-ability|p1a: Granbull|Intimidate|boost
|-unboost|p2a: Dragapult|atk|1
|turn|21
|
|t:|1760336860
|switch|p1a: Komala|Komala, F|32/100
|-ability|p1a: Komala|Comatose
|move|p2a: Dragapult|Hex|p1a: Komala
|-immune|p1a: Komala
|
|-heal|p1a: Komala|38/100|[from] item: Leftovers
|upkeep
|turn|22
|
|t:|1760336868
|move|p2a: Dragapult|Thunder Wave|p1a: Komala
|-immune|p1a: Komala|[from] ability: Comatose
|move|p1a: Komala|Earthquake|p2a: Dragapult
|-damage|p2a: Dragapult|54/100
|
|-heal|p1a: Komala|44/100|[from] item: Leftovers
|upkeep
|turn|23
|
|t:|1760336877
|move|p2a: Dragapult|Dragon Darts|p1a: Komala
|-damage|p1a: Komala|16/100
|-anim|p2a: Dragapult|Dragon Darts|p1a: Komala
|-damage|p1a: Komala|0 fnt
|faint|p1a: Komala
|
|upkeep
|
|t:|1760336879
|switch|p1a: Granbull|Granbull, F|61/100 par
|-ability|p1a: Granbull|Intimidate|boost
|-unboost|p2a: Dragapult|atk|1
|turn|24
|
|t:|1760336885
|move|p2a: Dragapult|Hex|p1a: Granbull
|-damage|p1a: Granbull|20/100 par
|cant|p1a: Granbull|par
|
|upkeep
|turn|25
|
|t:|1760336892
|switch|p1a: Breloom|Breloom, F|100/100
|move|p2a: Dragapult|Hex|p1a: Breloom
|-damage|p1a: Breloom|58/100
|
|-status|p1a: Breloom|tox|[from] item: Toxic Orb
|upkeep
|turn|26
|
|t:|1760336898
|move|p2a: Dragapult|Hex|p1a: Breloom
|-damage|p1a: Breloom|0 fnt
|faint|p1a: Breloom
|
|upkeep
|
|t:|1760336900
|switch|p1a: Granbull|Granbull, F|20/100 par
|-ability|p1a: Granbull|Intimidate|boost
|-unboost|p2a: Dragapult|atk|1
|turn|27
|
|t:|1760336906
|move|p2a: Dragapult|Hex|p1a: Granbull
|-damage|p1a: Granbull|0 fnt
|faint|p1a: Granbull
|
|upkeep
|
|t:|1760336907
|switch|p1a: Regidrago|Regidrago|100/100
|turn|28
|
|t:|1760336911
|move|p1a: Regidrago|Dragon Energy|p2a: Dragapult
|-supereffective|p2a: Dragapult
|-damage|p2a: Dragapult|0 fnt
|faint|p2a: Dragapult
|
|win|fizziesoupjr
|raw|fizziesoupjr's rating: 1110 &rarr; <strong>1133</strong><br />(+23 for winning)
|raw|JayBro16's rating: 1082 &rarr; <strong>1061</strong><br />(-21 for losing)
|l|☆fizziesoupjr
|player|p1|
|l|☆JayBro16
|player|p2|
