|j|☆XX420STALLGOD69XX
|j|☆mr tickley
|t:|1760396423
|gametype|singles
|player|p1|XX420STALLGOD69XX|266|1705
|player|p2|mr tickley|preschooler|1735
|gen|9
|tier|[Gen 9] OU
|rated|
|rule|HP Percentage Mod: HP is shown in percentages
|rule|Endless Battle Clause: Forcing endless battles is banned
|rule|Species Clause: Limit one of each Pokémon
|rule|OHKO Clause: OHKO moves are banned
|rule|Evasion Items Clause: Evasion items are banned
|rule|Evasion Moves Clause: Evasion moves are banned
|rule|Evasion Abilities Clause: Evasion abilities are banned
|rule|Sleep Moves Clause: Sleep-inducing moves are banned
|clearpoke
|poke|p1|Rotom-Wash|
|poke|p1|Garchomp, M|
|poke|p1|Dragapult, M|
|poke|p1|Gholdengo|
|poke|p1|Iron Valiant|
|poke|p1|Kingambit, M|
|poke|p2|Duraludon, F|
|poke|p2|Great Tusk|
|poke|p2|Rillaboom, M|
|poke|p2|Dragapult, M|
|poke|p2|Samurott-Hisui, F|
|poke|p2|Slowking-Galar, M|
|teampreview
|inactive|Battle timer is ON: inactive players will automatically lose when time's up. (requested by mr tickley)
|
|t:|1760396453
|teamsize|p1|6
|teamsize|p2|6
|start
|switch|p1a: Rotom|Rotom-Wash, shiny|100/100
|switch|p2a: Dragapult|Dragapult, M|100/100
|turn|1
|
|t:|1760396460
|move|p1a: Rotom|Thunder Wave|p2a: Dragapult
|-status|p2a: Dragapult|par
|move|p2a: Dragapult|U-turn|p1a: Rotom
|-damage|p1a: Rotom|77/100
|
|t:|1760396469
|switch|p2a: Great Tusk|Great Tusk|100/100|[from] U-turn
|
|upkeep
|turn|2
|
|t:|1760396488
|switch|p1a: Garchomp|Garchomp, M, shiny|100/100
|move|p2a: Great Tusk|Bulk Up|p2a: Great Tusk
|-boost|p2a: Great Tusk|atk|1
|-boost|p2a: Great Tusk|def|1
|
|upkeep
|turn|3
|
|t:|1760396493
|move|p1a: Garchomp|Draco Meteor|p2a: Great Tusk
|-damage|p2a: Great Tusk|24/100
|-unboost|p1a: Garchomp|spa|2
|-damage|p1a: Garchomp|91/100|[from] item: Life Orb
|move|p2a: Great Tusk|Headlong Rush|p1a: Garchomp
|-damage|p1a: Garchomp|12/100
|-unboost|p2a: Great Tusk|def|1
|-unboost|p2a: Great Tusk|spd|1
|-damage|p2a: Great Tusk|11/100|[from] ability: Rough Skin|[of] p1a: Garchomp
|
|upkeep
|turn|4
|j| OU Giygas
|
|t:|1760396508
|-end|p2a: Great Tusk|Protosynthesis|[silent]
|switch|p2a: Slowking|Slowking-Galar, M|100/100
|move|p1a: Garchomp|Earthquake|p2a: Slowking
|-supereffective|p2a: Slowking
|-damage|p2a: Slowking|0 fnt
|faint|p2a: Slowking
|-damage|p1a: Garchomp|2/100|[from] item: Life Orb
|
|upkeep
|
|t:|1760396518
|switch|p2a: Rillaboom|Rillaboom, M|100/100
|-fieldstart|move: Grassy Terrain|[from] ability: Grassy Surge|[of] p2a: Rillaboom
|turn|5
|
|t:|1760396526
|switch|p1a: Gholdengo|Gholdengo|100/100
|move|p2a: Rillaboom|Grassy Glide|p1a: Gholdengo
|-resisted|p1a: Gholdengo
|-damage|p1a: Gholdengo|72/100
|-damage|p2a: Rillaboom|91/100|[from] item: Life Orb
|
|-heal|p1a: Gholdengo|78/100|[from] Grassy Terrain
|-heal|p2a: Rillaboom|97/100|[from] Grassy Terrain
|upkeep
|turn|6
|
|t:|1760396546
|move|p1a: Gholdengo|Make It Rain|p2a: Rillaboom
|-damage|p2a: Rillaboom|0 fnt
|-unboost|p1a: Gholdengo|spa|1
|faint|p2a: Rillaboom
|
|-heal|p1a: Gholdengo|84/100|[from] Grassy Terrain
|upkeep
|
|t:|1760396550
|switch|p2a: Samurott|Samurott-Hisui, F|100/100
|turn|7
|
|t:|1760396554
|switch|p1a: Garchomp|Garchomp, M, shiny|2/100
|move|p2a: Samurott|Swords Dance|p2a: Samurott
|-boost|p2a: Samurott|atk|2
|
|-heal|p1a: Garchomp|8/100|[from] Grassy Terrain
|upkeep
|turn|8
|
|t:|1760396557
|move|p2a: Samurott|Sucker Punch||[still]
|-fail|p2a: Samurott
|move|p1a: Garchomp|Stealth Rock|p2a: Samurott
|-sidestart|p2: mr tickley|move: Stealth Rock
|
|-heal|p1a: Garchomp|14/100|[from] Grassy Terrain
|upkeep
|turn|9
|
|t:|1760396562
|move|p2a: Samurott|Sucker Punch|p1a: Garchomp
|-damage|p1a: Garchomp|0 fnt
|-damage|p2a: Samurott|88/100|[from] ability: Rough Skin|[of] p1a: Garchomp
|faint|p1a: Garchomp
|
|-heal|p2a: Samurott|94/100|[from] Grassy Terrain
|-fieldend|move: Grassy Terrain
|upkeep
|
|t:|1760396572
|switch|p1a: Rotom|Rotom-Wash, shiny|77/100
|turn|10
|
|t:|1760396578
|move|p1a: Rotom|Volt Switch|p2a: Samurott
|-supereffective|p2a: Samurott
|-damage|p2a: Samurott|11/100
|
|t:|1760396586
|switch|p1a: Gholdengo|Gholdengo|84/100|[from] Volt Switch
|move|p2a: Samurott|Ceaseless Edge|p1a: Gholdengo
|-supereffective|p1a: Gholdengo
|-damage|p1a: Gholdengo|0 fnt
|-sidestart|p1: XX420STALLGOD69XX|Spikes
|faint|p1a: Gholdengo
|
|upkeep
|
|t:|1760396590
|switch|p1a: Iron Valiant|Iron Valiant, shiny|100/100
|-damage|p1a: Iron Valiant|88/100|[from] Spikes
|-enditem|p1a: Iron Valiant|Booster Energy
|-activate|p1a: Iron Valiant|ability: Quark Drive|[fromitem]
|-start|p1a: Iron Valiant|quarkdrivespe
|turn|11
|
|t:|1760396597
|move|p2a: Samurott|Sucker Punch|p1a: Iron Valiant
|-resisted|p1a: Iron Valiant
|-damage|p1a: Iron Valiant|63/100
|move|p1a: Iron Valiant|Knock Off|p2a: Samurott
|-resisted|p2a: Samurott
|-damage|p2a: Samurott|0 fnt
|-enditem|p2a: Samurott|Black Glasses|[from] move: Knock Off|[of] p1a: Iron Valiant
|faint|p2a: Samurott
|
|upkeep
|
|t:|1760396602
|switch|p2a: Duraludon|Duraludon, F|100/100
|-damage|p2a: Duraludon|94/100|[from] Stealth Rock
|turn|12
|
|t:|1760396607
|move|p1a: Iron Valiant|Close Combat|p2a: Duraludon
|-supereffective|p2a: Duraludon
|-damage|p2a: Duraludon|38/100
|-unboost|p1a: Iron Valiant|def|1
|-unboost|p1a: Iron Valiant|spd|1
|move|p2a: Duraludon|Flash Cannon|p1a: Iron Valiant
|-supereffective|p1a: Iron Valiant
|-damage|p1a: Iron Valiant|0 fnt
|faint|p1a: Iron Valiant
|-end|p1a: Iron Valiant|Quark Drive|[silent]
|
|upkeep
|
|t:|1760396613
|switch|p1a: Dragapult|Dragapult, M, shiny|100/100
|-damage|p1a: Dragapult|88/100|[from] Spikes
|turn|13
|j| hacksareus10
|
|t:|1760396631
|-terastallize|p1a: Dragapult|Ghost
|-terastallize|p2a: Duraludon|Fairy
|move|p1a: Dragapult|Tera Blast|p2a: Duraludon|[anim] Tera Blast Ghost
|-damage|p2a: Duraludon|1/100
|move|p2a: Duraludon|Thunder Wave|p1a: Dragapult
|-status|p1a: Dragapult|par
|
|upkeep
|turn|14
|
|t:|1760396640
|move|p2a: Duraludon|Flash Cannon|p1a: Dragapult
|-damage|p1a: Dragapult|50/100 par
|move|p1a: Dragapult|Tera Blast|p2a: Duraludon|[anim] Tera Blast Ghost
|-damage|p2a: Duraludon|0 fnt
|faint|p2a: Duraludon
|
|upkeep
|j| lummery
|
|t:|1760396643
|switch|p2a: Great Tusk|Great Tusk|11/100
|-damage|p2a: Great Tusk|8/100|[from] Stealth Rock
|turn|15
|
|t:|1760396647
|move|p2a: Great Tusk|Headlong Rush|p1a: Dragapult
|-damage|p1a: Dragapult|0 fnt
|-unboost|p2a: Great Tusk|def|1
|-unboost|p2a: Great Tusk|spd|1
|faint|p1a: Dragapult
|
|upkeep
|
|t:|1760396668
|switch|p1a: Rotom|Rotom-Wash, shiny|77/100
|turn|16
|
|t:|1760396672
|-end|p2a: Great Tusk|Protosynthesis|[silent]
|switch|p2a: Dragapult|Dragapult, M|100/100 par
|-damage|p2a: Dragapult|88/100 par|[from] Stealth Rock
|move|p1a: Rotom|Hydro Pump|p2a: Dragapult
|-resisted|p2a: Dragapult
|-damage|p2a: Dragapult|57/100 par
|
|upkeep
|turn|17
|
|t:|1760396686
|switch|p1a: Kingambit|Kingambit, M, shiny|100/100
|-damage|p1a: Kingambit|88/100|[from] Spikes
|-activate|p1a: Kingambit|ability: Supreme Overlord
|-start|p1a: Kingambit|fallen4|[silent]
|move|p2a: Dragapult|Draco Meteor|p1a: Kingambit
|-resisted|p1a: Kingambit
|-damage|p1a: Kingambit|43/100
|-unboost|p2a: Dragapult|spa|2
|
|upkeep
|turn|18
|
|t:|1760396698
|switch|p2a: Great Tusk|Great Tusk|8/100
|-damage|p2a: Great Tusk|5/100|[from] Stealth Rock
|move|p1a: Kingambit|Kowtow Cleave|p2a: Great Tusk
|-resisted|p2a: Great Tusk
|-damage|p2a: Great Tusk|0 fnt
|-damage|p1a: Kingambit|27/100|[from] item: Rocky Helmet|[of] p2a: Great Tusk
|faint|p2a: Great Tusk
|-end|p2a: Great Tusk|Protosynthesis|[silent]
|
|upkeep
|
|t:|1760396699
|switch|p2a: Dragapult|Dragapult, M|57/100 par
|-damage|p2a: Dragapult|45/100 par|[from] Stealth Rock
|turn|19
|
|t:|1760396707
|move|p1a: Kingambit|Sucker Punch|p2a: Dragapult
|-supereffective|p2a: Dragapult
|-damage|p2a: Dragapult|0 fnt
|faint|p2a: Dragapult
|
|win|XX420STALLGOD69XX
|raw|XX420STALLGOD69XX's rating: 1705 &rarr; <strong>1727</strong><br />(+22 for winning)
|raw|mr tickley's rating: 1735 &rarr; <strong>1713</strong><br />(-22 for losing)
|l|☆XX420STALLGOD69XX
|player|p1|
|l| lummery
|l| OU Giygas
