|j|☆lafrappedu13
|j|☆Menos jungle
|t:|1760338826
|gametype|singles
|player|p1|lafrappedu13|266|1297
|player|p2|Menos jungle|lass-gen4dp|1235
|gen|9
|tier|[Gen 9] OU
|rated|
|rule|HP Percentage Mod: HP is shown in percentages
|rule|Endless Battle Clause: Forcing endless battles is banned
|rule|Species Clause: Limit one of each Pokémon
|rule|OHKO Clause: OHKO moves are banned
|rule|Evasion Items Clause: Evasion items are banned
|rule|Evasion Moves Clause: Evasion moves are banned
|rule|Evasion Abilities Clause: Evasion abilities are banned
|rule|Sleep Moves Clause: Sleep-inducing moves are banned
|clearpoke
|poke|p1|Great Tusk|
|poke|p1|Dragonite, F|
|poke|p1|Ogerpon-Wellspring, F|
|poke|p1|Iron Moth|
|poke|p1|Iron Valiant|
|poke|p1|Kingambit, M|
|poke|p2|Ninetales, F|
|poke|p2|Espeon, M|
|poke|p2|Great Tusk|
|poke|p2|Slither Wing|
|poke|p2|Iron Moth|
|poke|p2|Raging Bolt|
|teampreview
|c|☆lafrappedu13|gl
|
|t:|1760338868
|teamsize|p1|6
|teamsize|p2|6
|start
|switch|p1a: Jean-Marie Bigard|Great Tusk|100/100
|switch|p2a: Slither Wing|Slither Wing|100/100
|turn|1
|
|t:|1760338873
|-end|p2a: Slither Wing|Protosynthesis|[silent]
|switch|p2a: Espeon|Espeon, M|100/100
|move|p1a: Jean-Marie Bigard|Stealth Rock|p2a: Espeon
|move|p2a: Espeon|Stealth Rock|p1a: Jean-Marie Bigard|[from] ability: Magic Bounce
|-sidestart|p1: lafrappedu13|move: Stealth Rock
|
|upkeep
|turn|2
|
|t:|1760338884
|-end|p1a: Jean-Marie Bigard|Protosynthesis|[silent]
|switch|p1a: goat|Kingambit, M|100/100
|-damage|p1a: goat|94/100|[from] Stealth Rock
|move|p2a: Espeon|Psychic|p1a: goat
|-immune|p1a: goat
|
|upkeep
|turn|3
|
|t:|1760338891
|switch|p2a: Great Tusk|Great Tusk|100/100
|-end|p1a: goat|fallenundefined|[silent]
|switch|p1a: Jean-Marie Bigard|Great Tusk|100/100
|-damage|p1a: Jean-Marie Bigard|98/100|[from] Stealth Rock
|
|upkeep
|turn|4
|
|t:|1760338899
|-end|p2a: Great Tusk|Protosynthesis|[silent]
|switch|p2a: Espeon|Espeon, M|100/100
|move|p1a: Jean-Marie Bigard|Stealth Rock|p2a: Espeon
|move|p2a: Espeon|Stealth Rock||[from] ability: Magic Bounce|[still]
|-fail|p2a: Espeon
|
|upkeep
|turn|5
|
|t:|1760338913
|-end|p1a: Jean-Marie Bigard|Protosynthesis|[silent]
|switch|p1a: Joséphine Ange-G.|Dragonite, F|100/100
|move|p2a: Espeon|Psychic|p1a: Joséphine Ange-G.
|-damage|p1a: Joséphine Ange-G.|78/100
|
|upkeep
|turn|6
|
|t:|1760338926
|switch|p2a: Great Tusk|Great Tusk|100/100
|move|p1a: Joséphine Ange-G.|Extreme Speed|p2a: Great Tusk
|-damage|p2a: Great Tusk|78/100
|
|upkeep
|turn|7
|
|t:|1760338937
|switch|p1a: Scarlett|Ogerpon-Wellspring, F|100/100
|-damage|p1a: Scarlett|88/100|[from] Stealth Rock
|move|p2a: Great Tusk|Close Combat|p1a: Scarlett
|-damage|p1a: Scarlett|0 fnt
|-unboost|p2a: Great Tusk|def|1
|-unboost|p2a: Great Tusk|spd|1
|faint|p1a: Scarlett
|
|upkeep
|
|t:|1760338947
|switch|p1a: Jean-Marie Bigard|Great Tusk|98/100
|-damage|p1a: Jean-Marie Bigard|95/100|[from] Stealth Rock
|turn|8
|
|t:|1760338950
|move|p2a: Great Tusk|Close Combat|p1a: Jean-Marie Bigard
|-damage|p1a: Jean-Marie Bigard|43/100
|-unboost|p2a: Great Tusk|def|1
|-unboost|p2a: Great Tusk|spd|1
|-damage|p2a: Great Tusk|61/100|[from] item: Rocky Helmet|[of] p1a: Jean-Marie Bigard
|move|p1a: Jean-Marie Bigard|Rapid Spin|p2a: Great Tusk
|-damage|p2a: Great Tusk|34/100
|-boost|p1a: Jean-Marie Bigard|spe|1
|-sideend|p1: lafrappedu13|Stealth Rock|[from] move: Rapid Spin|[of] p1a: Jean-Marie Bigard
|
|upkeep
|turn|9
|
|t:|1760338968
|-end|p2a: Great Tusk|Protosynthesis|[silent]
|switch|p2a: Espeon|Espeon, M|100/100
|move|p1a: Jean-Marie Bigard|Headlong Rush|p2a: Espeon
|-damage|p2a: Espeon|0 fnt
|-unboost|p1a: Jean-Marie Bigard|def|1
|-unboost|p1a: Jean-Marie Bigard|spd|1
|faint|p2a: Espeon
|
|upkeep
|
|t:|1760338976
|switch|p2a: Slither Wing|Slither Wing|100/100
|turn|10
|
|t:|1760338983
|-end|p1a: Jean-Marie Bigard|Protosynthesis|[silent]
|switch|p1a: Maya l'Abeille|Iron Moth|100/100
|move|p2a: Slither Wing|First Impression|p1a: Maya l'Abeille
|-resisted|p1a: Maya l'Abeille
|-damage|p1a: Maya l'Abeille|69/100
|
|upkeep
|turn|11
|
|t:|1760339000
|-end|p2a: Slither Wing|Protosynthesis|[silent]
|switch|p2a: Iron Moth|Iron Moth|100/100
|move|p1a: Maya l'Abeille|Fiery Dance|p2a: Iron Moth
|-resisted|p2a: Iron Moth
|-damage|p2a: Iron Moth|77/100
|
|upkeep
|turn|12
|
|t:|1760339008
|move|p1a: Maya l'Abeille|Fiery Dance|p2a: Iron Moth
|-resisted|p2a: Iron Moth
|-damage|p2a: Iron Moth|52/100
|-boost|p1a: Maya l'Abeille|spa|1
|move|p2a: Iron Moth|Overheat|p1a: Maya l'Abeille
|-resisted|p1a: Maya l'Abeille
|-crit|p1a: Maya l'Abeille
|-damage|p1a: Maya l'Abeille|0 fnt
|-unboost|p2a: Iron Moth|spa|2
|faint|p1a: Maya l'Abeille
|-end|p1a: Maya l'Abeille|Quark Drive|[silent]
|
|upkeep
|
|t:|1760339021
|switch|p1a: Joséphine Ange-G.|Dragonite, F|78/100
|turn|13
|
|t:|1760339026
|-end|p2a: Iron Moth|Quark Drive|[silent]
|switch|p2a: Ninetales|Ninetales, F|100/100
|-weather|SunnyDay|[from] ability: Drought|[of] p2a: Ninetales
|move|p1a: Joséphine Ange-G.|Dragon Dance|p1a: Joséphine Ange-G.
|-boost|p1a: Joséphine Ange-G.|atk|1
|-boost|p1a: Joséphine Ange-G.|spe|1
|
|-weather|SunnyDay|[upkeep]
|upkeep
|turn|14
|
|t:|1760339033
|-terastallize|p2a: Ninetales|Grass
|move|p1a: Joséphine Ange-G.|Earthquake|p2a: Ninetales
|-resisted|p2a: Ninetales
|-damage|p2a: Ninetales|70/100
|move|p2a: Ninetales|Will-O-Wisp|p1a: Joséphine Ange-G.
|-status|p1a: Joséphine Ange-G.|brn
|
|-weather|SunnyDay|[upkeep]
|-damage|p1a: Joséphine Ange-G.|71/100 brn|[from] brn
|upkeep
|turn|15
|
|t:|1760339043
|move|p1a: Joséphine Ange-G.|Ice Spinner|p2a: Ninetales
|-supereffective|p2a: Ninetales
|-damage|p2a: Ninetales|13/100
|move|p2a: Ninetales|Encore|p1a: Joséphine Ange-G.
|-start|p1a: Joséphine Ange-G.|Encore
|
|-weather|SunnyDay|[upkeep]
|-damage|p1a: Joséphine Ange-G.|65/100 brn|[from] brn
|upkeep
|turn|16
|
|t:|1760339050
|switch|p2a: Iron Moth|Iron Moth|52/100
|move|p1a: Joséphine Ange-G.|Ice Spinner|p2a: Iron Moth
|-resisted|p2a: Iron Moth
|-damage|p2a: Iron Moth|34/100
|
|-weather|SunnyDay|[upkeep]
|-damage|p1a: Joséphine Ange-G.|59/100 brn|[from] brn
|upkeep
|turn|17
|
|t:|1760339057
|move|p1a: Joséphine Ange-G.|Ice Spinner|p2a: Iron Moth
|-resisted|p2a: Iron Moth
|-damage|p2a: Iron Moth|17/100
|move|p2a: Iron Moth|Overheat|p1a: Joséphine Ange-G.
|-resisted|p1a: Joséphine Ange-G.
|-damage|p1a: Joséphine Ange-G.|0 fnt
|-unboost|p2a: Iron Moth|spa|2
|faint|p1a: Joséphine Ange-G.
|
|-weather|SunnyDay|[upkeep]
|upkeep
|
|t:|1760339066
|switch|p1a: Gallame|Iron Valiant|100/100
|-enditem|p1a: Gallame|Booster Energy
|-activate|p1a: Gallame|ability: Quark Drive|[fromitem]
|-start|p1a: Gallame|quarkdrivespe
|turn|18
|
|t:|1760339071
|move|p1a: Gallame|Calm Mind|p1a: Gallame
|-boost|p1a: Gallame|spa|1
|-boost|p1a: Gallame|spd|1
|move|p2a: Iron Moth|Overheat|p1a: Gallame|[miss]
|-miss|p2a: Iron Moth|p1a: Gallame
|
|-weather|SunnyDay|[upkeep]
|upkeep
|turn|19
|c|☆lafrappedu13|gg
|
|t:|1760339084
|-end|p2a: Iron Moth|Quark Drive|[silent]
|switch|p2a: Raging Bolt|Raging Bolt|100/100
|-activate|p2a: Raging Bolt|ability: Protosynthesis
|-start|p2a: Raging Bolt|protosynthesisspa
|move|p1a: Gallame|Vacuum Wave|p2a: Raging Bolt
|-damage|p2a: Raging Bolt|74/100
|
|-weather|SunnyDay|[upkeep]
|upkeep
|turn|20
|
|t:|1760339091
|move|p2a: Raging Bolt|Thunderclap|p1a: Gallame
|-damage|p1a: Gallame|34/100
|move|p1a: Gallame|Moonblast|p2a: Raging Bolt
|-supereffective|p2a: Raging Bolt
|-damage|p2a: Raging Bolt|0 fnt
|faint|p2a: Raging Bolt
|-end|p2a: Raging Bolt|Protosynthesis|[silent]
|
|-weather|none
|upkeep
|
|t:|1760339095
|switch|p2a: Ninetales|Ninetales, F, tera:Grass|13/100
|-weather|SunnyDay|[from] ability: Drought|[of] p2a: Ninetales
|turn|21
|
|t:|1760339113
|switch|p2a: Iron Moth|Iron Moth|17/100
|move|p1a: Gallame|Vacuum Wave|p2a: Iron Moth
|-resisted|p2a: Iron Moth
|-damage|p2a: Iron Moth|1/100
|
|-weather|SunnyDay|[upkeep]
|upkeep
|turn|22
|
|t:|1760339122
|move|p1a: Gallame|Vacuum Wave|p2a: Iron Moth
|-resisted|p2a: Iron Moth
|-damage|p2a: Iron Moth|0 fnt
|faint|p2a: Iron Moth
|-end|p2a: Iron Moth|Quark Drive|[silent]
|
|-weather|SunnyDay|[upkeep]
|upkeep
|
|t:|1760339124
|switch|p2a: Slither Wing|Slither Wing|100/100
|-activate|p2a: Slither Wing|ability: Protosynthesis
|-start|p2a: Slither Wing|protosynthesisatk
|turn|23
|
|t:|1760339135
|-end|p1a: Gallame|Quark Drive|[silent]
|switch|p1a: Jean-Marie Bigard|Great Tusk|43/100
|-activate|p1a: Jean-Marie Bigard|ability: Protosynthesis
|-start|p1a: Jean-Marie Bigard|protosynthesisatk
|move|p2a: Slither Wing|First Impression|p1a: Jean-Marie Bigard
|-resisted|p1a: Jean-Marie Bigard
|-damage|p1a: Jean-Marie Bigard|6/100
|-damage|p2a: Slither Wing|84/100|[from] item: Rocky Helmet|[of] p1a: Jean-Marie Bigard
|
|-weather|SunnyDay|[upkeep]
|upkeep
|turn|24
|
|t:|1760339146
|-end|p2a: Slither Wing|Protosynthesis|[silent]
|switch|p2a: Ninetales|Ninetales, F, tera:Grass|13/100
|move|p1a: Jean-Marie Bigard|Headlong Rush|p2a: Ninetales
|-resisted|p2a: Ninetales
|-damage|p2a: Ninetales|0 fnt
|-unboost|p1a: Jean-Marie Bigard|def|1
|-unboost|p1a: Jean-Marie Bigard|spd|1
|faint|p2a: Ninetales
|
|-weather|SunnyDay|[upkeep]
|upkeep
|
|t:|1760339149
|switch|p2a: Great Tusk|Great Tusk|34/100
|-activate|p2a: Great Tusk|ability: Protosynthesis
|-start|p2a: Great Tusk|protosynthesisatk
|turn|25
|
|t:|1760339159
|move|p2a: Great Tusk|Headlong Rush|p1a: Jean-Marie Bigard
|-damage|p1a: Jean-Marie Bigard|0 fnt
|-unboost|p2a: Great Tusk|def|1
|-unboost|p2a: Great Tusk|spd|1
|-damage|p2a: Great Tusk|17/100|[from] item: Rocky Helmet|[of] p1a: Jean-Marie Bigard
|faint|p1a: Jean-Marie Bigard
|-end|p1a: Jean-Marie Bigard|Protosynthesis|[silent]
|
|-weather|SunnyDay|[upkeep]
|upkeep
|
|t:|1760339167
|switch|p1a: Gallame|Iron Valiant|34/100
|turn|26
|
|t:|1760339173
|move|p1a: Gallame|Vacuum Wave|p2a: Great Tusk
|-damage|p2a: Great Tusk|0 fnt
|faint|p2a: Great Tusk
|-end|p2a: Great Tusk|Protosynthesis|[silent]
|
|-weather|SunnyDay|[upkeep]
|upkeep
|
|t:|1760339175
|switch|p2a: Slither Wing|Slither Wing|84/100
|-activate|p2a: Slither Wing|ability: Protosynthesis
|-start|p2a: Slither Wing|protosynthesisatk
|turn|27
|
|t:|1760339180
|move|p1a: Gallame|Vacuum Wave|p2a: Slither Wing
|-resisted|p2a: Slither Wing
|-damage|p2a: Slither Wing|73/100
|move|p2a: Slither Wing|Close Combat|p1a: Gallame
|-resisted|p1a: Gallame
|-damage|p1a: Gallame|0 fnt
|-unboost|p2a: Slither Wing|def|1
|-unboost|p2a: Slither Wing|spd|1
|faint|p1a: Gallame
|-end|p1a: Gallame|Quark Drive|[silent]
|
|-weather|SunnyDay|[upkeep]
|upkeep
|
|t:|1760339189
|switch|p1a: goat|Kingambit, M|94/100
|-activate|p1a: goat|ability: Supreme Overlord
|-start|p1a: goat|fallen5|[silent]
|turn|28
|
|t:|1760339196
|-terastallize|p1a: goat|Dark
|move|p1a: goat|Sucker Punch|p2a: Slither Wing
|-resisted|p2a: Slither Wing
|-damage|p2a: Slither Wing|0 fnt
|faint|p2a: Slither Wing
|-end|p2a: Slither Wing|Protosynthesis|[silent]
|
|win|lafrappedu13
|raw|lafrappedu13's rating: 1297 &rarr; <strong>1319</strong><br />(+22 for winning)
|raw|Menos jungle's rating: 1257 &rarr; <strong>1235</strong><br />(-22 for losing)
|l|☆Menos jungle
|player|p2|
|l|☆lafrappedu13
|player|p1|
