|j|☆Spruce101
|j|☆DeCompaniu
|t:|1760308720
|gametype|singles
|player|p1|Spruce101|lucas|1464
|player|p2|DeCompaniu|richboy|1437
|gen|9
|tier|[Gen 9] OU
|rated|
|rule|HP Percentage Mod: HP is shown in percentages
|rule|Endless Battle Clause: Forcing endless battles is banned
|rule|Species Clause: Limit one of each Pokémon
|rule|OHKO Clause: OHKO moves are banned
|rule|Evasion Items Clause: Evasion items are banned
|rule|Evasion Moves Clause: Evasion moves are banned
|rule|Evasion Abilities Clause: Evasion abilities are banned
|rule|Sleep Moves Clause: Sleep-inducing moves are banned
|clearpoke
|poke|p1|Gholdengo|
|poke|p1|Slowking-Galar, M|
|poke|p1|Landorus-Therian, M|
|poke|p1|Cinderace, M|
|poke|p1|Raging Bolt|
|poke|p1|Dragapult, F|
|poke|p2|Rillaboom, M|
|poke|p2|Serperior, M|
|poke|p2|Hawlucha, M|
|poke|p2|Ninetales-Alola, F|
|poke|p2|Glimmora, F|
|poke|p2|Chandelure, M|
|teampreview
|inactive|Battle timer is ON: inactive players will automatically lose when time's up. (requested by DeCompaniu)
|
|t:|1760308735
|teamsize|p1|6
|teamsize|p2|6
|start
|switch|p1a: Gholdengo|Gholdengo|100/100
|switch|p2a: Ninetales|Ninetales-Alola, F|100/100
|-weather|Snowscape|[from] ability: Snow Warning|[of] p2a: Ninetales
|turn|1
|
|t:|1760308744
|switch|p2a: Chandelure|Chandelure, M|100/100
|move|p1a: Gholdengo|Make It Rain|p2a: Chandelure
|-resisted|p2a: Chandelure
|-damage|p2a: Chandelure|53/100
|-unboost|p1a: Gholdengo|spa|1
|
|-weather|Snowscape|[upkeep]
|upkeep
|turn|2
|
|t:|1760308760
|switch|p1a: Raging Bolt|Raging Bolt|100/100
|move|p2a: Chandelure|Shadow Ball|p1a: Raging Bolt
|-damage|p1a: Raging Bolt|54/100
|-unboost|p1a: Raging Bolt|spd|1
|
|-weather|Snowscape|[upkeep]
|upkeep
|turn|3
|
|t:|1760308769
|switch|p2a: Ninetales|Ninetales-Alola, F|100/100
|move|p1a: Raging Bolt|Volt Switch|p2a: Ninetales
|-damage|p2a: Ninetales|26/100
|
|t:|1760308779
|-end|p1a: Raging Bolt|Protosynthesis|[silent]
|switch|p1a: Gholdengo|Gholdengo|100/100|[from] Volt Switch
|
|-weather|Snowscape|[upkeep]
|upkeep
|turn|4
|
|t:|1760308786
|move|p1a: Gholdengo|Shadow Ball|p2a: Ninetales
|-damage|p2a: Ninetales|0 fnt
|faint|p2a: Ninetales
|
|-weather|Snowscape|[upkeep]
|upkeep
|
|t:|1760308797
|switch|p2a: Rillaboom|Rillaboom, M|100/100
|-fieldstart|move: Grassy Terrain|[from] ability: Grassy Surge|[of] p2a: Rillaboom
|turn|5
|
|t:|1760308803
|switch|p1a: Landorus|Landorus-Therian, M|100/100
|-ability|p1a: Landorus|Intimidate|boost
|-unboost|p2a: Rillaboom|atk|1
|move|p2a: Rillaboom|U-turn|p1a: Landorus
|-resisted|p1a: Landorus
|-damage|p1a: Landorus|89/100
|-damage|p2a: Rillaboom|84/100|[from] item: Rocky Helmet|[of] p1a: Landorus
|
|t:|1760308812
|switch|p2a: Hawlucha|Hawlucha, M|100/100|[from] U-turn
|-enditem|p2a: Hawlucha|Grassy Seed
|-boost|p2a: Hawlucha|def|1|[from] item: Grassy Seed
|
|-weather|none
|upkeep
|turn|6
|
|t:|1760308820
|switch|p1a: Slowking|Slowking-Galar, M|100/100
|move|p2a: Hawlucha|Swords Dance|p2a: Hawlucha
|-boost|p2a: Hawlucha|atk|2
|
|upkeep
|turn|7
|
|t:|1760308827
|-terastallize|p2a: Hawlucha|Dark
|move|p2a: Hawlucha|Throat Chop|p1a: Slowking
|-supereffective|p1a: Slowking
|-damage|p1a: Slowking|0 fnt
|faint|p1a: Slowking
|
|upkeep
|
|t:|1760308831
|switch|p1a: Landorus|Landorus-Therian, M|89/100
|-ability|p1a: Landorus|Intimidate|boost
|-unboost|p2a: Hawlucha|atk|1
|turn|8
|
|t:|1760308843
|move|p2a: Hawlucha|Acrobatics|p1a: Landorus
|-damage|p1a: Landorus|16/100
|-damage|p2a: Hawlucha|84/100|[from] item: Rocky Helmet|[of] p1a: Landorus
|move|p1a: Landorus|U-turn|p2a: Hawlucha
|-supereffective|p2a: Hawlucha
|-damage|p2a: Hawlucha|39/100
|
|t:|1760308855
|switch|p1a: Raging Bolt|Raging Bolt|54/100|[from] U-turn
|
|-heal|p2a: Hawlucha|45/100|[from] Grassy Terrain
|-heal|p1a: Raging Bolt|61/100|[from] Grassy Terrain
|upkeep
|turn|9
|
|t:|1760308862
|-end|p1a: Raging Bolt|Protosynthesis|[silent]
|switch|p1a: Landorus|Landorus-Therian, M|16/100
|-ability|p1a: Landorus|Intimidate|boost
|-unboost|p2a: Hawlucha|atk|1
|move|p2a: Hawlucha|Swords Dance|p2a: Hawlucha
|-boost|p2a: Hawlucha|atk|2
|
|-heal|p2a: Hawlucha|51/100|[from] Grassy Terrain
|-fieldend|move: Grassy Terrain
|upkeep
|turn|10
|
|t:|1760308873
|move|p2a: Hawlucha|Acrobatics|p1a: Landorus
|-damage|p1a: Landorus|0 fnt
|-damage|p2a: Hawlucha|35/100|[from] item: Rocky Helmet|[of] p1a: Landorus
|faint|p1a: Landorus
|
|upkeep
|
|t:|1760308877
|switch|p1a: Raging Bolt|Raging Bolt|61/100
|turn|11
|
|t:|1760308881
|move|p2a: Hawlucha|Swords Dance|p2a: Hawlucha
|-boost|p2a: Hawlucha|atk|2
|move|p1a: Raging Bolt|Volt Switch|p2a: Hawlucha
|-damage|p2a: Hawlucha|0 fnt
|faint|p2a: Hawlucha
|
|t:|1760308887
|-end|p1a: Raging Bolt|Protosynthesis|[silent]
|switch|p1a: Cinderace|Cinderace, M|100/100|[from] Volt Switch
|
|upkeep
|
|t:|1760308895
|switch|p2a: Chandelure|Chandelure, M|53/100
|turn|12
|
|t:|1760308899
|move|p1a: Cinderace|Sucker Punch|p2a: Chandelure
|-start|p1a: Cinderace|typechange|Dark|[from] ability: Libero
|-supereffective|p2a: Chandelure
|-damage|p2a: Chandelure|0 fnt
|faint|p2a: Chandelure
|
|upkeep
|-message|DeCompaniu forfeited.
|
|win|Spruce101
|raw|Spruce101's rating: 1464 &rarr; <strong>1482</strong><br />(+18 for winning)
|raw|DeCompaniu's rating: 1437 &rarr; <strong>1419</strong><br />(-18 for losing)
|l|☆DeCompaniu
|player|p2|
|l|☆Spruce101
|player|p1|
