|j|☆yyyywwww
|j|☆StellarSW
|t:|1760380522
|gametype|singles
|player|p1|yyyywwww|266|1345
|player|p2|StellarSW|wattson|1363
|gen|9
|tier|[Gen 9] OU
|rated|
|rule|HP Percentage Mod: HP is shown in percentages
|rule|Endless Battle Clause: Forcing endless battles is banned
|rule|Species Clause: Limit one of each Pokémon
|rule|OHKO Clause: OHKO moves are banned
|rule|Evasion Items Clause: Evasion items are banned
|rule|Evasion Moves Clause: Evasion moves are banned
|rule|Evasion Abilities Clause: Evasion abilities are banned
|rule|Sleep Moves Clause: Sleep-inducing moves are banned
|clearpoke
|poke|p1|Primarina, F|
|poke|p1|Raging Bolt|
|poke|p1|Mabosstiff, F|
|poke|p1|Ogerpon-Wellspring, F|
|poke|p1|Iron Crown|
|poke|p1|Moltres|
|poke|p2|Raging Bolt|
|poke|p2|Ogerpon-Wellspring, F|
|poke|p2|Landorus-Therian, M|
|poke|p2|Slowking-Galar, F|
|poke|p2|Clefable, F|
|poke|p2|Scizor, M|
|teampreview
|inactive|Battle timer is ON: inactive players will automatically lose when time's up. (requested by yyyywwww)
|inactive|StellarSW has 120 seconds left.
|
|t:|1760380558
|teamsize|p1|6
|teamsize|p2|6
|start
|switch|p1a: Primarina|Primarina, F|100/100
|switch|p2a: Raging Bolt|Raging Bolt|100/100
|-enditem|p2a: Raging Bolt|Booster Energy
|-activate|p2a: Raging Bolt|ability: Protosynthesis|[fromitem]
|-start|p2a: Raging Bolt|protosynthesisspa
|turn|1
|
|t:|1760380571
|-terastallize|p1a: Primarina|Fairy
|move|p2a: Raging Bolt|Thunderbolt|p1a: Primarina
|-damage|p1a: Primarina|39/100
|move|p1a: Primarina|Moonblast|p2a: Raging Bolt
|-supereffective|p2a: Raging Bolt
|-damage|p2a: Raging Bolt|0 fnt
|faint|p2a: Raging Bolt
|-end|p2a: Raging Bolt|Protosynthesis|[silent]
|
|upkeep
|
|t:|1760380579
|switch|p2a: Slowking|Slowking-Galar, F|100/100
|turn|2
|
|t:|1760380586
|switch|p1a: Mabosstiff|Mabosstiff, F|100/100
|move|p2a: Slowking|Flamethrower|p1a: Mabosstiff
|-damage|p1a: Mabosstiff|65/100
|
|upkeep
|turn|3
|
|t:|1760380594
|switch|p2a: Clefable|Clefable, F|100/100
|move|p1a: Mabosstiff|Crunch|p2a: Clefable
|-resisted|p2a: Clefable
|-damage|p2a: Clefable|48/100
|
|-heal|p2a: Clefable|54/100|[from] item: Leftovers
|upkeep
|turn|4
|
|t:|1760380604
|switch|p1a: Raging Bolt|Raging Bolt|100/100
|move|p2a: Clefable|Moonblast|p1a: Raging Bolt
|-supereffective|p1a: Raging Bolt
|-damage|p1a: Raging Bolt|74/100
|-unboost|p1a: Raging Bolt|spa|1
|
|-heal|p2a: Clefable|60/100|[from] item: Leftovers
|upkeep
|turn|5
|
|t:|1760380616
|-end|p1a: Raging Bolt|Protosynthesis|[silent]
|switch|p1a: Iron Crown|Iron Crown|100/100
|move|p2a: Clefable|Wish|p2a: Clefable
|
|-heal|p2a: Clefable|66/100|[from] item: Leftovers
|upkeep
|turn|6
|
|t:|1760380623
|-terastallize|p2a: Clefable|Water
|move|p1a: Iron Crown|Tachyon Cutter|p2a: Clefable
|-resisted|p2a: Clefable
|-damage|p2a: Clefable|53/100
|-resisted|p2a: Clefable
|-damage|p2a: Clefable|41/100
|-hitcount|p2a: Clefable|2
|move|p2a: Clefable|Stealth Rock|p1a: Iron Crown
|-sidestart|p1: yyyywwww|move: Stealth Rock
|
|-heal|p2a: Clefable|91/100|[from] move: Wish|[wisher] Clefable
|-heal|p2a: Clefable|97/100|[from] item: Leftovers
|upkeep
|turn|7
|
|t:|1760380648
|-end|p1a: Iron Crown|Quark Drive|[silent]
|switch|p1a: Ogerpon|Ogerpon-Wellspring, F|100/100
|-damage|p1a: Ogerpon|88/100|[from] Stealth Rock
|move|p2a: Clefable|Knock Off|p1a: Ogerpon
|-damage|p1a: Ogerpon|76/100
|
|-heal|p2a: Clefable|100/100|[from] item: Leftovers
|upkeep
|turn|8
|
|t:|1760380658
|move|p1a: Ogerpon|U-turn|p2a: Clefable
|-damage|p2a: Clefable|81/100
|
|t:|1760380666
|switch|p1a: Iron Crown|Iron Crown|100/100|[from] U-turn
|-damage|p1a: Iron Crown|95/100|[from] Stealth Rock
|move|p2a: Clefable|Wish|p2a: Clefable
|
|-heal|p2a: Clefable|87/100|[from] item: Leftovers
|upkeep
|turn|9
|
|t:|1760380676
|move|p1a: Iron Crown|Volt Switch|p2a: Clefable
|-supereffective|p2a: Clefable
|-damage|p2a: Clefable|39/100
|
|t:|1760380682
|-end|p1a: Iron Crown|Quark Drive|[silent]
|switch|p1a: Ogerpon|Ogerpon-Wellspring, F|76/100|[from] Volt Switch
|-damage|p1a: Ogerpon|64/100|[from] Stealth Rock
|move|p2a: Clefable|Knock Off|p1a: Ogerpon
|-damage|p1a: Ogerpon|53/100
|
|-heal|p2a: Clefable|89/100|[from] move: Wish|[wisher] Clefable
|-heal|p2a: Clefable|95/100|[from] item: Leftovers
|upkeep
|turn|10
|
|t:|1760380694
|switch|p2a: Scizor|Scizor, M|100/100
|move|p1a: Ogerpon|Horn Leech|p2a: Scizor
|-resisted|p2a: Scizor
|-damage|p2a: Scizor|90/100
|-heal|p1a: Ogerpon|58/100|[from] drain|[of] p2a: Scizor
|
|upkeep
|turn|11
|
|t:|1760380703
|switch|p1a: Moltres|Moltres|100/100
|move|p2a: Scizor|Knock Off|p1a: Moltres
|-damage|p1a: Moltres|71/100
|-status|p2a: Scizor|brn|[from] ability: Flame Body|[of] p1a: Moltres
|-enditem|p1a: Moltres|Heavy-Duty Boots|[from] move: Knock Off|[of] p2a: Scizor
|
|-damage|p2a: Scizor|84/100 brn|[from] brn
|upkeep
|turn|12
|
|t:|1760380715
|switch|p2a: Slowking|Slowking-Galar, F|100/100
|move|p1a: Moltres|Will-O-Wisp|p2a: Slowking
|-status|p2a: Slowking|brn
|
|-damage|p2a: Slowking|94/100 brn|[from] brn
|upkeep
|turn|13
|
|t:|1760380724
|move|p1a: Moltres|Roost|p1a: Moltres
|-heal|p1a: Moltres|100/100
|-singleturn|p1a: Moltres|move: Roost
|move|p2a: Slowking|Flamethrower|p1a: Moltres
|-resisted|p1a: Moltres
|-damage|p1a: Moltres|88/100
|
|-damage|p2a: Slowking|88/100 brn|[from] brn
|upkeep
|turn|14
|
|t:|1760380735
|move|p1a: Moltres|Flamethrower|p2a: Slowking
|-damage|p2a: Slowking|67/100 brn
|move|p2a: Slowking|Sludge Bomb|p1a: Moltres
|-damage|p1a: Moltres|45/100
|
|-damage|p2a: Slowking|61/100 brn|[from] brn
|upkeep
|turn|15
|
|t:|1760380745
|move|p1a: Moltres|Flamethrower|p2a: Slowking
|-damage|p2a: Slowking|42/100 brn
|move|p2a: Slowking|Sludge Bomb|p1a: Moltres
|-damage|p1a: Moltres|3/100
|
|-damage|p2a: Slowking|36/100 brn|[from] brn
|upkeep
|turn|16
|
|t:|1760380755
|move|p1a: Moltres|Roost|p1a: Moltres
|-heal|p1a: Moltres|53/100
|-singleturn|p1a: Moltres|move: Roost
|move|p2a: Slowking|Sludge Bomb|p1a: Moltres
|-damage|p1a: Moltres|16/100
|
|-damage|p2a: Slowking|29/100 brn|[from] brn
|upkeep
|turn|17
|
|t:|1760380765
|switch|p2a: Ogerpon|Ogerpon-Wellspring, F|100/100
|move|p1a: Moltres|Roost|p1a: Moltres
|-heal|p1a: Moltres|66/100
|-singleturn|p1a: Moltres|move: Roost
|
|upkeep
|turn|18
|
|t:|1760380784
|switch|p1a: Ogerpon|Ogerpon-Wellspring, F|58/100
|-damage|p1a: Ogerpon|45/100|[from] Stealth Rock
|move|p2a: Ogerpon|Ivy Cudgel|p1a: Ogerpon|[anim] Ivy Cudgel Water
|-heal|p1a: Ogerpon|70/100|[from] ability: Water Absorb|[of] p2a: Ogerpon
|
|upkeep
|turn|19
|
|t:|1760380793
|move|p2a: Ogerpon|Power Whip|p1a: Ogerpon
|-damage|p1a: Ogerpon|0 fnt
|faint|p1a: Ogerpon
|
|upkeep
|
|t:|1760380805
|switch|p1a: Iron Crown|Iron Crown|95/100
|-damage|p1a: Iron Crown|89/100|[from] Stealth Rock
|turn|20
|
|t:|1760380811
|move|p1a: Iron Crown|Psychic|p2a: Ogerpon
|-damage|p2a: Ogerpon|46/100
|-unboost|p2a: Ogerpon|spd|1
|move|p2a: Ogerpon|Ivy Cudgel|p1a: Iron Crown|[anim] Ivy Cudgel Water
|-damage|p1a: Iron Crown|32/100
|
|upkeep
|turn|21
|
|t:|1760380819
|switch|p2a: Scizor|Scizor, M|84/100 brn
|move|p1a: Iron Crown|Psychic|p2a: Scizor
|-resisted|p2a: Scizor
|-damage|p2a: Scizor|57/100 brn
|
|-damage|p2a: Scizor|51/100 brn|[from] brn
|upkeep
|turn|22
|
|t:|1760380829
|-end|p1a: Iron Crown|Quark Drive|[silent]
|switch|p1a: Moltres|Moltres|66/100
|-damage|p1a: Moltres|16/100|[from] Stealth Rock
|move|p2a: Scizor|Knock Off|p1a: Moltres
|-damage|p1a: Moltres|6/100
|
|-damage|p2a: Scizor|45/100 brn|[from] brn
|upkeep
|-enditem|p2a: Scizor|Sitrus Berry|[eat]
|-heal|p2a: Scizor|70/100 brn|[from] item: Sitrus Berry
|turn|23
|
|t:|1760380841
|move|p2a: Scizor|Bullet Punch|p1a: Moltres
|-resisted|p1a: Moltres
|-damage|p1a: Moltres|0 fnt
|faint|p1a: Moltres
|
|-damage|p2a: Scizor|63/100 brn|[from] brn
|upkeep
|
|t:|1760380849
|switch|p1a: Mabosstiff|Mabosstiff, F|65/100
|-damage|p1a: Mabosstiff|53/100|[from] Stealth Rock
|turn|24
|
|t:|1760380854
|move|p1a: Mabosstiff|Crunch|p2a: Scizor
|-damage|p2a: Scizor|0 fnt
|faint|p2a: Scizor
|
|upkeep
|
|t:|1760380862
|switch|p2a: Landorus|Landorus-Therian, M|100/100
|-ability|p2a: Landorus|Intimidate|boost
|-unboost|p1a: Mabosstiff|atk|1
|turn|25
|
|t:|1760380868
|move|p2a: Landorus|U-turn|p1a: Mabosstiff
|-supereffective|p1a: Mabosstiff
|-damage|p1a: Mabosstiff|0 fnt
|faint|p1a: Mabosstiff
|-message|yyyywwww forfeited.
|
|win|StellarSW
|raw|yyyywwww's rating: 1345 &rarr; <strong>1326</strong><br />(-19 for losing)
|raw|StellarSW's rating: 1363 &rarr; <strong>1382</strong><br />(+19 for winning)
|l|☆yyyywwww
|player|p1|
