|j|☆jojosworld
|j|☆big monkey stall
|t:|1760388810
|gametype|singles
|player|p1|jojosworld|cynthia|1531
|player|p2|big monkey stall|morty-masters|1545
|gen|9
|tier|[Gen 9] OU
|rated|
|rule|HP Percentage Mod: HP is shown in percentages
|rule|Endless Battle Clause: Forcing endless battles is banned
|rule|Species Clause: Limit one of each Pokémon
|rule|OHKO Clause: OHKO moves are banned
|rule|Evasion Items Clause: Evasion items are banned
|rule|Evasion Moves Clause: Evasion moves are banned
|rule|Evasion Abilities Clause: Evasion abilities are banned
|rule|Sleep Moves Clause: Sleep-inducing moves are banned
|clearpoke
|poke|p1|Alomomola, F|
|poke|p1|Gholdengo|
|poke|p1|Incineroar, M|
|poke|p1|Clodsire, F|
|poke|p1|Weezing-Galar, F|
|poke|p1|Meowscarada, F|
|poke|p2|Garganacl, M|
|poke|p2|Great Tusk|
|poke|p2|Chesnaught, M|
|poke|p2|Dragapult, F|
|poke|p2|Moltres|
|poke|p2|Kingambit, M|
|teampreview
|inactive|Battle timer is ON: inactive players will automatically lose when time's up. (requested by jojosworld)
|inactive|big monkey stall also wants the timer to be on.
|
|t:|1760388820
|teamsize|p1|6
|teamsize|p2|6
|start
|switch|p1a: Alomomola|Alomomola, F, shiny|100/100
|switch|p2a: Garganacl|Garganacl, M|100/100
|turn|1
|
|t:|1760388825
|move|p1a: Alomomola|Flip Turn|p2a: Garganacl
|-supereffective|p2a: Garganacl
|-damage|p2a: Garganacl|78/100
|
|t:|1760388827
|switch|p1a: Weezing|Weezing-Galar, F, shiny|100/100|[from] Flip Turn
|-ability|p1a: Weezing|Neutralizing Gas
|move|p2a: Garganacl|Salt Cure|p1a: Weezing
|-damage|p1a: Weezing|91/100
|-start|p1a: Weezing|Salt Cure
|
|-heal|p2a: Garganacl|84/100|[from] item: Leftovers
|-damage|p1a: Weezing|79/100|[from] Salt Cure
|upkeep
|turn|2
|
|t:|1760388831
|move|p1a: Weezing|Toxic|p2a: Garganacl
|-status|p2a: Garganacl|tox
|move|p2a: Garganacl|Stealth Rock|p1a: Weezing
|-sidestart|p1: jojosworld|move: Stealth Rock
|
|-heal|p2a: Garganacl|91/100 tox|[from] item: Leftovers
|-damage|p2a: Garganacl|84/100 tox|[from] psn
|-damage|p1a: Weezing|67/100|[from] Salt Cure
|upkeep
|turn|3
|
|t:|1760388838
|switch|p2a: Great Tusk|Great Tusk|100/100
|move|p1a: Weezing|Defog|p2a: Great Tusk
|-unboost|p2a: Great Tusk|evasion|1
|-sideend|p1: jojosworld|Stealth Rock|[from] move: Defog|[of] p1a: Weezing
|
|-damage|p1a: Weezing|54/100|[from] Salt Cure
|upkeep
|turn|4
|
|t:|1760388842
|-end|p1a: Weezing|ability: Neutralizing Gas
|switch|p1a: Alomomola|Alomomola, F, shiny|100/100
|move|p2a: Great Tusk|Knock Off|p1a: Alomomola
|-damage|p1a: Alomomola|84/100
|-enditem|p1a: Alomomola|Heavy-Duty Boots|[from] move: Knock Off|[of] p2a: Great Tusk
|
|upkeep
|turn|5
|
|t:|1760388845
|-end|p2a: Great Tusk|Protosynthesis|[silent]
|switch|p2a: Chesnaught|Chesnaught, M|100/100
|move|p1a: Alomomola|Wish|p1a: Alomomola
|
|upkeep
|turn|6
|
|t:|1760388849
|move|p2a: Chesnaught|Spikes|p1a: Alomomola
|-sidestart|p1: jojosworld|Spikes
|move|p1a: Alomomola|Flip Turn|p2a: Chesnaught
|-resisted|p2a: Chesnaught
|-damage|p2a: Chesnaught|96/100
|-damage|p1a: Alomomola|67/100|[from] item: Rocky Helmet|[of] p2a: Chesnaught
|
|t:|1760388851
|switch|p1a: Weezing|Weezing-Galar, F, shiny|54/100|[from] Flip Turn
|-ability|p1a: Weezing|Neutralizing Gas
|
|-heal|p1a: Weezing|100/100|[from] move: Wish|[wisher] Alomomola
|upkeep
|turn|7
|
|t:|1760388855
|switch|p2a: Garganacl|Garganacl, M|84/100 tox
|move|p1a: Weezing|Defog|p2a: Garganacl
|-unboost|p2a: Garganacl|evasion|1
|-sideend|p1: jojosworld|Spikes|[from] move: Defog|[of] p1a: Weezing
|
|-heal|p2a: Garganacl|91/100 tox|[from] item: Leftovers
|-damage|p2a: Garganacl|84/100 tox|[from] psn
|upkeep
|turn|8
|
|t:|1760388858
|move|p1a: Weezing|Strange Steam|p2a: Garganacl
|-damage|p2a: Garganacl|63/100 tox
|move|p2a: Garganacl|Salt Cure|p1a: Weezing
|-damage|p1a: Weezing|91/100
|-start|p1a: Weezing|Salt Cure
|
|-heal|p2a: Garganacl|69/100 tox|[from] item: Leftovers
|-damage|p2a: Garganacl|57/100 tox|[from] psn
|-damage|p1a: Weezing|78/100|[from] Salt Cure
|upkeep
|turn|9
|
|t:|1760388860
|move|p1a: Weezing|Strange Steam|p2a: Garganacl
|-damage|p2a: Garganacl|38/100 tox
|move|p2a: Garganacl|Recover|p2a: Garganacl
|-heal|p2a: Garganacl|88/100 tox
|
|-heal|p2a: Garganacl|95/100 tox|[from] item: Leftovers
|-damage|p2a: Garganacl|76/100 tox|[from] psn
|-damage|p1a: Weezing|66/100|[from] Salt Cure
|upkeep
|turn|10
|
|t:|1760388863
|switch|p2a: Moltres|Moltres|100/100
|move|p1a: Weezing|Pain Split|p2a: Moltres
|-sethp|p2a: Moltres|79/100|[from] move: Pain Split|[silent]
|-sethp|p1a: Weezing|90/100|[from] move: Pain Split
|
|-damage|p1a: Weezing|78/100|[from] Salt Cure
|upkeep
|turn|11
|
|t:|1760388865
|-end|p1a: Weezing|ability: Neutralizing Gas
|switch|p1a: Alomomola|Alomomola, F, shiny|99/100
|move|p2a: Moltres|Flamethrower|p1a: Alomomola
|-resisted|p1a: Alomomola
|-damage|p1a: Alomomola|78/100
|
|upkeep
|turn|12
|
|t:|1760388867
|move|p2a: Moltres|U-turn|p1a: Alomomola
|-damage|p1a: Alomomola|70/100
|
|t:|1760388870
|switch|p2a: Chesnaught|Chesnaught, M|96/100|[from] U-turn
|move|p1a: Alomomola|Flip Turn|p2a: Chesnaught
|-resisted|p2a: Chesnaught
|-damage|p2a: Chesnaught|91/100
|-damage|p1a: Alomomola|54/100|[from] item: Rocky Helmet|[of] p2a: Chesnaught
|
|t:|1760388873
|switch|p1a: Weezing|Weezing-Galar, F, shiny|78/100|[from] Flip Turn
|-ability|p1a: Weezing|Neutralizing Gas
|
|upkeep
|turn|13
|
|t:|1760388876
|switch|p2a: Garganacl|Garganacl, M|76/100 tox
|move|p1a: Weezing|Toxic|p2a: Garganacl
|-fail|p2a: Garganacl|tox
|
|-heal|p2a: Garganacl|82/100 tox|[from] item: Leftovers
|-damage|p2a: Garganacl|76/100 tox|[from] psn
|upkeep
|turn|14
|
|t:|1760388880
|move|p1a: Weezing|Strange Steam|p2a: Garganacl
|-damage|p2a: Garganacl|57/100 tox
|move|p2a: Garganacl|Salt Cure|p1a: Weezing
|-damage|p1a: Weezing|68/100
|-start|p1a: Weezing|Salt Cure
|
|-heal|p2a: Garganacl|63/100 tox|[from] item: Leftovers
|-damage|p2a: Garganacl|51/100 tox|[from] psn
|-damage|p1a: Weezing|56/100|[from] Salt Cure
|upkeep
|turn|15
|
|t:|1760388882
|move|p2a: Garganacl|Protect|p2a: Garganacl
|-singleturn|p2a: Garganacl|Protect
|move|p1a: Weezing|Strange Steam|p2a: Garganacl
|-activate|p2a: Garganacl|move: Protect
|
|-heal|p2a: Garganacl|57/100 tox|[from] item: Leftovers
|-damage|p2a: Garganacl|38/100 tox|[from] psn
|-damage|p1a: Weezing|44/100|[from] Salt Cure
|upkeep
|turn|16
|
|t:|1760388886
|move|p1a: Weezing|Strange Steam|p2a: Garganacl
|-damage|p2a: Garganacl|20/100 tox
|move|p2a: Garganacl|Recover|p2a: Garganacl
|-heal|p2a: Garganacl|70/100 tox
|
|-heal|p2a: Garganacl|76/100 tox|[from] item: Leftovers
|-damage|p2a: Garganacl|51/100 tox|[from] psn
|-damage|p1a: Weezing|31/100|[from] Salt Cure
|upkeep
|turn|17
|
|t:|1760388896
|move|p1a: Weezing|Pain Split|p2a: Garganacl
|-sethp|p2a: Garganacl|38/100 tox|[from] move: Pain Split|[silent]
|-sethp|p1a: Weezing|46/100|[from] move: Pain Split
|move|p2a: Garganacl|Stealth Rock|p1a: Weezing
|-sidestart|p1: jojosworld|move: Stealth Rock
|
|-heal|p2a: Garganacl|45/100 tox|[from] item: Leftovers
|-damage|p2a: Garganacl|14/100 tox|[from] psn
|-damage|p1a: Weezing|34/100|[from] Salt Cure
|upkeep
|turn|18
|
|t:|1760388900
|move|p2a: Garganacl|Protect|p2a: Garganacl
|-singleturn|p2a: Garganacl|Protect
|move|p1a: Weezing|Strange Steam|p2a: Garganacl
|-activate|p2a: Garganacl|move: Protect
|
|-heal|p2a: Garganacl|20/100 tox|[from] item: Leftovers
|-damage|p2a: Garganacl|0 fnt|[from] psn
|faint|p2a: Garganacl
|-damage|p1a: Weezing|22/100|[from] Salt Cure
|upkeep
|
|t:|1760388904
|switch|p2a: Dragapult|Dragapult, F|100/100
|turn|19
|
|t:|1760388907
|-end|p1a: Weezing|ability: Neutralizing Gas
|switch|p1a: Incineroar|Incineroar, M, shiny|100/100
|-ability|p1a: Incineroar|Intimidate|boost
|-unboost|p2a: Dragapult|atk|1
|move|p2a: Dragapult|Will-O-Wisp|p1a: Incineroar
|-immune|p1a: Incineroar
|
|upkeep
|turn|20
|
|t:|1760388911
|move|p2a: Dragapult|U-turn|p1a: Incineroar
|-damage|p1a: Incineroar|89/100
|
|t:|1760388915
|switch|p2a: Moltres|Moltres|79/100|[from] U-turn
|move|p1a: Incineroar|Knock Off|p2a: Moltres
|-damage|p2a: Moltres|45/100
|-enditem|p2a: Moltres|Heavy-Duty Boots|[from] move: Knock Off|[of] p1a: Incineroar
|
|upkeep
|turn|21
|
|t:|1760388918
|move|p2a: Moltres|Roost|p2a: Moltres
|-heal|p2a: Moltres|95/100
|-singleturn|p2a: Moltres|move: Roost
|move|p1a: Incineroar|Parting Shot|p2a: Moltres
|-unboost|p2a: Moltres|atk|1
|-unboost|p2a: Moltres|spa|1
|
|t:|1760388919
|switch|p1a: Alomomola|Alomomola, F, shiny|87/100|[from] Parting Shot
|-damage|p1a: Alomomola|75/100|[from] Stealth Rock
|
|upkeep
|turn|22
|
|t:|1760388923
|move|p1a: Alomomola|Wish|p1a: Alomomola
|move|p2a: Moltres|Roar|p1a: Alomomola
|drag|p1a: Weezing|Weezing-Galar, F, shiny|22/100
|-ability|p1a: Weezing|Neutralizing Gas
|
|upkeep
|turn|23
|
|t:|1760388945
|-end|p1a: Weezing|ability: Neutralizing Gas
|switch|p1a: Incineroar|Incineroar, M, shiny|89/100
|-ability|p1a: Incineroar|Intimidate|boost
|-unboost|p2a: Moltres|atk|1
|move|p2a: Moltres|Flamethrower|p1a: Incineroar
|-resisted|p1a: Incineroar
|-damage|p1a: Incineroar|80/100
|
|-heal|p1a: Incineroar|100/100|[from] move: Wish|[wisher] Alomomola
|upkeep
|turn|24
|
|t:|1760388949
|move|p2a: Moltres|U-turn|p1a: Incineroar
|-damage|p1a: Incineroar|93/100
|
|t:|1760388952
|switch|p2a: Great Tusk|Great Tusk|100/100|[from] U-turn
|move|p1a: Incineroar|Parting Shot|p2a: Great Tusk
|-unboost|p2a: Great Tusk|atk|1
|-unboost|p2a: Great Tusk|spa|1
|
|t:|1760388955
|switch|p1a: Alomomola|Alomomola, F, shiny|100/100|[from] Parting Shot
|-damage|p1a: Alomomola|88/100|[from] Stealth Rock
|
|upkeep
|turn|25
|
|t:|1760388960
|-end|p2a: Great Tusk|Protosynthesis|[silent]
|switch|p2a: Moltres|Moltres|95/100
|move|p1a: Alomomola|Wish|p1a: Alomomola
|
|upkeep
|turn|26
|
|t:|1760388962
|move|p1a: Alomomola|Flip Turn|p2a: Moltres
|-supereffective|p2a: Moltres
|-damage|p2a: Moltres|64/100
|-status|p1a: Alomomola|brn|[from] ability: Flame Body|[of] p2a: Moltres
|
|t:|1760388967
|switch|p1a: Incineroar|Incineroar, M, shiny|93/100|[from] Flip Turn
|-ability|p1a: Incineroar|Intimidate|boost
|-unboost|p2a: Moltres|atk|1
|move|p2a: Moltres|Roar|p1a: Incineroar
|drag|p1a: Gholdengo|Gholdengo, shiny|100/100
|-damage|p1a: Gholdengo|94/100|[from] Stealth Rock
|
|-heal|p1a: Gholdengo|100/100|[from] move: Wish|[wisher] Alomomola
|upkeep
|turn|27
|
|t:|1760388972
|switch|p1a: Alomomola|Alomomola, F, shiny|100/100 brn
|-damage|p1a: Alomomola|88/100 brn|[from] Stealth Rock
|move|p2a: Moltres|Roost|p2a: Moltres
|-heal|p2a: Moltres|100/100
|-singleturn|p2a: Moltres|move: Roost
|
|-damage|p1a: Alomomola|82/100 brn|[from] brn
|upkeep
|turn|28
|
|t:|1760388974
|move|p1a: Alomomola|Flip Turn|p2a: Moltres
|-supereffective|p2a: Moltres
|-damage|p2a: Moltres|85/100
|
|t:|1760388976
|switch|p1a: Incineroar|Incineroar, M, shiny|93/100|[from] Flip Turn
|-ability|p1a: Incineroar|Intimidate|boost
|-unboost|p2a: Moltres|atk|1
|move|p2a: Moltres|Roar|p1a: Incineroar
|drag|p1a: Weezing|Weezing-Galar, F, shiny|22/100
|-ability|p1a: Weezing|Neutralizing Gas
|
|upkeep
|turn|29
|
|t:|1760388979
|-end|p1a: Weezing|ability: Neutralizing Gas
|switch|p1a: Alomomola|Alomomola, F, shiny|100/100 brn
|-damage|p1a: Alomomola|88/100 brn|[from] Stealth Rock
|move|p2a: Moltres|Flamethrower|p1a: Alomomola
|-resisted|p1a: Alomomola
|-damage|p1a: Alomomola|66/100 brn
|
|-damage|p1a: Alomomola|60/100 brn|[from] brn
|upkeep
|turn|30
|
|t:|1760388992
|move|p2a: Moltres|Flamethrower|p1a: Alomomola
|-resisted|p1a: Alomomola
|-damage|p1a: Alomomola|37/100 brn
|move|p1a: Alomomola|Flip Turn|p2a: Moltres
|-supereffective|p2a: Moltres
|-damage|p2a: Moltres|69/100
|
|t:|1760388995
|switch|p1a: Incineroar|Incineroar, M, shiny|93/100|[from] Flip Turn
|-ability|p1a: Incineroar|Intimidate|boost
|-unboost|p2a: Moltres|atk|1
|
|upkeep
|turn|31
|
|t:|1760388998
|move|p2a: Moltres|Roost|p2a: Moltres
|-heal|p2a: Moltres|100/100
|-singleturn|p2a: Moltres|move: Roost
|move|p1a: Incineroar|Parting Shot|p2a: Moltres
|-unboost|p2a: Moltres|atk|1
|-unboost|p2a: Moltres|spa|1
|
|t:|1760389000
|switch|p1a: Alomomola|Alomomola, F, shiny|70/100 brn|[from] Parting Shot
|-damage|p1a: Alomomola|58/100 brn|[from] Stealth Rock
|
|-damage|p1a: Alomomola|51/100 brn|[from] brn
|upkeep
|turn|32
|
|t:|1760389003
|move|p1a: Alomomola|Flip Turn|p2a: Moltres
|-supereffective|p2a: Moltres
|-damage|p2a: Moltres|85/100
|
|t:|1760389004
|switch|p1a: Incineroar|Incineroar, M, shiny|93/100|[from] Flip Turn
|-ability|p1a: Incineroar|Intimidate|boost
|-unboost|p2a: Moltres|atk|1
|move|p2a: Moltres|Roar|p1a: Incineroar
|drag|p1a: Clodsire|Clodsire, F, shiny|100/100
|-damage|p1a: Clodsire|94/100|[from] Stealth Rock
|
|upkeep
|turn|33
|
|t:|1760389007
|switch|p1a: Alomomola|Alomomola, F, shiny|85/100 brn
|-damage|p1a: Alomomola|72/100 brn|[from] Stealth Rock
|move|p2a: Moltres|U-turn|p1a: Alomomola
|-damage|p1a: Alomomola|70/100 brn
|
|t:|1760389018
|switch|p2a: Dragapult|Dragapult, F|100/100|[from] U-turn
|
|-damage|p1a: Alomomola|64/100 brn|[from] brn
|upkeep
|turn|34
|
|t:|1760389024
|switch|p1a: Incineroar|Incineroar, M, shiny|93/100
|-ability|p1a: Incineroar|Intimidate|boost
|-unboost|p2a: Dragapult|atk|1
|move|p2a: Dragapult|Draco Meteor|p1a: Incineroar
|-damage|p1a: Incineroar|54/100
|-unboost|p2a: Dragapult|spa|2
|
|upkeep
|turn|35
|
|t:|1760389027
|move|p2a: Dragapult|U-turn|p1a: Incineroar
|-damage|p1a: Incineroar|44/100
|
|t:|1760389030
|switch|p2a: Moltres|Moltres|85/100|[from] U-turn
|move|p1a: Incineroar|Parting Shot|p2a: Moltres
|-unboost|p2a: Moltres|atk|1
|-unboost|p2a: Moltres|spa|1
|
|t:|1760389033
|switch|p1a: Gholdengo|Gholdengo, shiny|100/100|[from] Parting Shot
|-damage|p1a: Gholdengo|94/100|[from] Stealth Rock
|
|upkeep
|turn|36
|
|t:|1760389038
|switch|p2a: Kingambit|Kingambit, M|100/100
|-activate|p2a: Kingambit|ability: Supreme Overlord
|-start|p2a: Kingambit|fallen1|[silent]
|move|p1a: Gholdengo|Thunder Wave|p2a: Kingambit
|-status|p2a: Kingambit|par
|
|upkeep
|turn|37
|
|t:|1760389047
|switch|p1a: Incineroar|Incineroar, M, shiny|44/100
|-ability|p1a: Incineroar|Intimidate|boost
|-unboost|p2a: Kingambit|atk|1
|move|p2a: Kingambit|Swords Dance|p2a: Kingambit
|-boost|p2a: Kingambit|atk|2
|
|upkeep
|turn|38
|
|t:|1760389065
|move|p1a: Incineroar|Parting Shot|p2a: Kingambit
|-unboost|p2a: Kingambit|atk|1
|-unboost|p2a: Kingambit|spa|1
|
|t:|1760389067
|switch|p1a: Alomomola|Alomomola, F, shiny|97/100 brn|[from] Parting Shot
|-damage|p1a: Alomomola|85/100 brn|[from] Stealth Rock
|move|p2a: Kingambit|Swords Dance|p2a: Kingambit
|-boost|p2a: Kingambit|atk|2
|
|-damage|p1a: Alomomola|79/100 brn|[from] brn
|upkeep
|turn|39
|
|t:|1760389078
|move|p1a: Alomomola|Wish|p1a: Alomomola
|cant|p2a: Kingambit|par
|
|-damage|p1a: Alomomola|72/100 brn|[from] brn
|upkeep
|turn|40
|
|t:|1760389089
|move|p1a: Alomomola|Flip Turn|p2a: Kingambit
|-damage|p2a: Kingambit|95/100 par
|
|t:|1760389091
|switch|p1a: Incineroar|Incineroar, M, shiny|44/100|[from] Flip Turn
|-ability|p1a: Incineroar|Intimidate|boost
|-unboost|p2a: Kingambit|atk|1
|move|p2a: Kingambit|Kowtow Cleave|p1a: Incineroar
|-resisted|p1a: Incineroar
|-damage|p1a: Incineroar|3/100
|
|-heal|p1a: Incineroar|71/100|[from] move: Wish|[wisher] Alomomola
|-heal|p2a: Kingambit|100/100 par|[from] item: Leftovers
|upkeep
|turn|41
|
|t:|1760389098
|move|p1a: Incineroar|Flare Blitz|p2a: Kingambit
|-supereffective|p2a: Kingambit
|-damage|p2a: Kingambit|28/100 par
|-damage|p1a: Incineroar|47/100|[from] Recoil
|cant|p2a: Kingambit|par
|
|-heal|p2a: Kingambit|35/100 par|[from] item: Leftovers
|upkeep
|turn|42
|inactive|big monkey stall has 120 seconds left.
|
|t:|1760389130
|-terastallize|p2a: Kingambit|Dark
|move|p1a: Incineroar|Parting Shot|p2a: Kingambit
|-unboost|p2a: Kingambit|atk|1
|-unboost|p2a: Kingambit|spa|1
|
|t:|1760389135
|switch|p1a: Alomomola|Alomomola, F, shiny|100/100 brn|[from] Parting Shot
|-damage|p1a: Alomomola|88/100 brn|[from] Stealth Rock
|cant|p2a: Kingambit|par
|
|-heal|p2a: Kingambit|41/100 par|[from] item: Leftovers
|-damage|p1a: Alomomola|82/100 brn|[from] brn
|upkeep
|turn|43
|
|t:|1760389139
|move|p1a: Alomomola|Wish|p1a: Alomomola
|move|p2a: Kingambit|Swords Dance|p2a: Kingambit
|-boost|p2a: Kingambit|atk|2
|
|-heal|p2a: Kingambit|47/100 par|[from] item: Leftovers
|-damage|p1a: Alomomola|76/100 brn|[from] brn
|upkeep
|turn|44
|
|t:|1760389143
|move|p1a: Alomomola|Flip Turn|p2a: Kingambit
|-damage|p2a: Kingambit|42/100 par
|
|t:|1760389144
|switch|p1a: Weezing|Weezing-Galar, F, shiny|22/100|[from] Flip Turn
|-ability|p1a: Weezing|Neutralizing Gas
|move|p2a: Kingambit|Swords Dance|p2a: Kingambit
|-boost|p2a: Kingambit|atk|2
|
|-heal|p1a: Weezing|100/100|[from] move: Wish|[wisher] Alomomola
|-heal|p2a: Kingambit|48/100 par|[from] item: Leftovers
|upkeep
|turn|45
|
|t:|1760389154
|-end|p2a: Kingambit|fallen1|[silent]
|switch|p2a: Moltres|Moltres|85/100
|move|p1a: Weezing|Strange Steam|p2a: Moltres
|-resisted|p2a: Moltres
|-damage|p2a: Moltres|75/100
|
|upkeep
|turn|46
|
|t:|1760389157
|-end|p1a: Weezing|ability: Neutralizing Gas
|switch|p1a: Alomomola|Alomomola, F, shiny|100/100 brn
|-damage|p1a: Alomomola|88/100 brn|[from] Stealth Rock
|move|p2a: Moltres|Flamethrower|p1a: Alomomola
|-resisted|p1a: Alomomola
|-damage|p1a: Alomomola|66/100 brn
|
|-damage|p1a: Alomomola|59/100 brn|[from] brn
|upkeep
|turn|47
|
|t:|1760389160
|move|p1a: Alomomola|Flip Turn|p2a: Moltres
|-supereffective|p2a: Moltres
|-damage|p2a: Moltres|59/100
|
|t:|1760389162
|switch|p1a: Incineroar|Incineroar, M, shiny|47/100|[from] Flip Turn
|-ability|p1a: Incineroar|Intimidate|boost
|-unboost|p2a: Moltres|atk|1
|move|p2a: Moltres|Roar|p1a: Incineroar
|drag|p1a: Meowscarada|Meowscarada, F, shiny|100/100
|-damage|p1a: Meowscarada|88/100|[from] Stealth Rock
|
|upkeep
|turn|48
|
|t:|1760389165
|move|p1a: Meowscarada|Triple Axel|p2a: Moltres
|-start|p1a: Meowscarada|typechange|Ice|[from] ability: Protean
|-damage|p2a: Moltres|44/100
|-damage|p2a: Moltres|17/100
|-damage|p2a: Moltres|0 fnt
|faint|p2a: Moltres
|-hitcount|p2: Moltres|3
|
|upkeep
|c|☆big monkey stall|insane
|c|☆big monkey stall|no burn on 3 hits
|-message|big monkey stall forfeited.
|
|win|jojosworld
|raw|jojosworld's rating: 1531 &rarr; <strong>1552</strong><br />(+21 for winning)
|raw|big monkey stall's rating: 1545 &rarr; <strong>1524</strong><br />(-21 for losing)
|l|☆big monkey stall
|player|p2|
|c|☆jojosworld|burn has no impact on the game
|l|☆jojosworld
|player|p1|
