|j|‽Lapauta07
|j|☆MV345abc
|t:|1760397196
|gametype|singles
|player|p1|Lapauta07|lance|1303
|player|p2|MV345abc|101|1258
|gen|9
|tier|[Gen 9] OU
|rated|
|rule|HP Percentage Mod: HP is shown in percentages
|rule|Endless Battle Clause: Forcing endless battles is banned
|rule|Species Clause: Limit one of each Pokémon
|rule|OHKO Clause: OHKO moves are banned
|rule|Evasion Items Clause: Evasion items are banned
|rule|Evasion Moves Clause: Evasion moves are banned
|rule|Evasion Abilities Clause: Evasion abilities are banned
|rule|Sleep Moves Clause: Sleep-inducing moves are banned
|clearpoke
|poke|p1|Typhlosion-Hisui, F|
|poke|p1|Dragapult, M|
|poke|p1|Metagross|
|poke|p1|Tauros-Paldea-Aqua, M|
|poke|p1|Zapdos|
|poke|p1|Hitmontop, M|
|poke|p2|Gholdengo|
|poke|p2|Iron Treads|
|poke|p2|Moltres|
|poke|p2|Samurott-Hisui, M|
|poke|p2|Sinistcha|
|poke|p2|Ting-Lu|
|teampreview
|inactive|Battle timer is ON: inactive players will automatically lose when time's up. (requested by MV345abc)
|
|t:|1760397215
|teamsize|p1|6
|teamsize|p2|6
|start
|switch|p1a: Tauros|Tauros-Paldea-Aqua, M|100/100
|switch|p2a: Samurott|Samurott-Hisui, M|100/100
|-ability|p1a: Tauros|Intimidate|boost
|-unboost|p2a: Samurott|atk|1
|turn|1
|
|t:|1760397226
|switch|p2a: Moltres|Moltres|100/100
|move|p1a: Tauros|Close Combat|p2a: Moltres
|-resisted|p2a: Moltres
|-damage|p2a: Moltres|74/100
|-unboost|p1a: Tauros|def|1
|-unboost|p1a: Tauros|spd|1
|
|upkeep
|turn|2
|
|t:|1760397240
|switch|p1a: Hitmontop|Hitmontop, M|100/100
|-ability|p1a: Hitmontop|Intimidate|boost
|-unboost|p2a: Moltres|atk|1
|switch|p2a: Sinistcha|Sinistcha|100/100
|
|upkeep
|turn|3
|
|t:|1760397251
|switch|p2a: Iron Treads|Iron Treads|100/100
|move|p1a: Hitmontop|Triple Axel|p2a: Iron Treads
|-damage|p2a: Iron Treads|96/100
|-damage|p2a: Iron Treads|87/100
|-damage|p2a: Iron Treads|74/100
|-hitcount|p2a: Iron Treads|3
|
|upkeep
|turn|4
|
|t:|1760397263
|-end|p2a: Iron Treads|Quark Drive|[silent]
|switch|p2a: Moltres|Moltres|74/100
|move|p1a: Hitmontop|Close Combat|p2a: Moltres
|-resisted|p2a: Moltres
|-damage|p2a: Moltres|56/100
|-unboost|p1a: Hitmontop|def|1
|-unboost|p1a: Hitmontop|spd|1
|-status|p1a: Hitmontop|brn|[from] ability: Flame Body|[of] p2a: Moltres
|
|-damage|p1a: Hitmontop|94/100 brn|[from] brn
|upkeep
|turn|5
|
|t:|1760397279
|switch|p1a: Tauros|Tauros-Paldea-Aqua, M|100/100
|-ability|p1a: Tauros|Intimidate|boost
|-unboost|p2a: Moltres|atk|1
|move|p2a: Moltres|Flamethrower|p1a: Tauros
|-resisted|p1a: Tauros
|-damage|p1a: Tauros|70/100
|
|upkeep
|turn|6
|
|t:|1760397292
|switch|p2a: Sinistcha|Sinistcha|100/100
|move|p1a: Tauros|Wave Crash|p2a: Sinistcha
|-resisted|p2a: Sinistcha
|-damage|p2a: Sinistcha|74/100
|-damage|p1a: Tauros|60/100|[from] Recoil
|
|upkeep
|turn|7
|
|t:|1760397303
|switch|p1a: Metagross|Metagross|100/100
|move|p2a: Sinistcha|Matcha Gotcha|p1a: Metagross|[miss]
|-miss|p2a: Sinistcha|p1a: Metagross
|
|upkeep
|turn|8
|
|t:|1760397317
|switch|p2a: Iron Treads|Iron Treads|74/100
|move|p1a: Metagross|Knock Off|p2a: Iron Treads
|-damage|p2a: Iron Treads|52/100
|-enditem|p2a: Iron Treads|Covert Cloak|[from] move: Knock Off|[of] p1a: Metagross
|
|upkeep
|turn|9
|
|t:|1760397331
|switch|p1a: Hitmontop|Hitmontop, M|94/100 brn
|-ability|p1a: Hitmontop|Intimidate|boost
|-unboost|p2a: Iron Treads|atk|1
|move|p2a: Iron Treads|Earthquake|p1a: Hitmontop
|-damage|p1a: Hitmontop|63/100 brn
|
|-damage|p1a: Hitmontop|56/100 brn|[from] brn
|upkeep
|turn|10
|
|t:|1760397353
|-end|p2a: Iron Treads|Quark Drive|[silent]
|switch|p2a: Moltres|Moltres|56/100
|move|p1a: Hitmontop|Close Combat|p2a: Moltres
|-resisted|p2a: Moltres
|-damage|p2a: Moltres|47/100
|-unboost|p1a: Hitmontop|def|1
|-unboost|p1a: Hitmontop|spd|1
|
|-damage|p1a: Hitmontop|50/100 brn|[from] brn
|upkeep
|turn|11
|
|t:|1760397367
|switch|p1a: Zapdos|Zapdos|100/100
|move|p2a: Moltres|Roost|p2a: Moltres
|-heal|p2a: Moltres|97/100
|-singleturn|p2a: Moltres|move: Roost
|
|upkeep
|turn|12
|
|t:|1760397381
|switch|p2a: Ting-Lu|Ting-Lu|100/100
|-ability|p2a: Ting-Lu|Vessel of Ruin
|move|p1a: Zapdos|Hurricane|p2a: Ting-Lu
|-damage|p2a: Ting-Lu|81/100
|
|-heal|p2a: Ting-Lu|87/100|[from] item: Leftovers
|upkeep
|turn|13
|inactive|Lapauta07 has 120 seconds left.
|
|t:|1760397398
|switch|p1a: Tauros|Tauros-Paldea-Aqua, M|60/100
|-ability|p1a: Tauros|Intimidate|boost
|-unboost|p2a: Ting-Lu|atk|1
|move|p2a: Ting-Lu|Stealth Rock|p1a: Tauros
|-sidestart|p1: Lapauta07|move: Stealth Rock
|
|-heal|p2a: Ting-Lu|93/100|[from] item: Leftovers
|upkeep
|turn|14
|inactive|Lapauta07 has 120 seconds left.
|
|t:|1760397433
|switch|p1a: Dragapult|Dragapult, M|100/100
|switch|p2a: Sinistcha|Sinistcha|74/100
|
|upkeep
|turn|15
|
|t:|1760397442
|-terastallize|p2a: Sinistcha|Poison
|move|p1a: Dragapult|Substitute|p1a: Dragapult
|-start|p1a: Dragapult|Substitute
|-damage|p1a: Dragapult|76/100
|move|p2a: Sinistcha|Shadow Ball|p1a: Dragapult
|-supereffective|p1a: Dragapult
|-end|p1a: Dragapult|Substitute
|
|upkeep
|turn|16
|inactive|Lapauta07 has 120 seconds left.
|
|t:|1760397468
|switch|p1a: Hitmontop|Hitmontop, M|50/100 brn
|-damage|p1a: Hitmontop|44/100 brn|[from] Stealth Rock
|-ability|p1a: Hitmontop|Intimidate|boost
|-unboost|p2a: Sinistcha|atk|1
|move|p2a: Sinistcha|Shadow Ball|p1a: Hitmontop
|-damage|p1a: Hitmontop|22/100 brn
|-unboost|p1a: Hitmontop|spd|1
|
|-damage|p1a: Hitmontop|16/100 brn|[from] brn
|upkeep
|turn|17
|
|t:|1760397483
|switch|p2a: Moltres|Moltres|97/100
|move|p1a: Hitmontop|Rapid Spin|p2a: Moltres
|-damage|p2a: Moltres|92/100
|-boost|p1a: Hitmontop|spe|1
|-sideend|p1: Lapauta07|Stealth Rock|[from] move: Rapid Spin|[of] p1a: Hitmontop
|
|-damage|p1a: Hitmontop|10/100 brn|[from] brn
|upkeep
|turn|18
|
|t:|1760397493
|move|p1a: Hitmontop|Triple Axel|p2a: Moltres
|-damage|p2a: Moltres|90/100
|-damage|p2a: Moltres|86/100
|-damage|p2a: Moltres|80/100
|-hitcount|p2a: Moltres|3
|move|p2a: Moltres|Will-O-Wisp|p1a: Hitmontop
|-fail|p1a: Hitmontop|brn
|
|-damage|p1a: Hitmontop|3/100 brn|[from] brn
|upkeep
|turn|19
|
|t:|1760397507
|move|p1a: Hitmontop|Triple Axel|p2a: Moltres
|-damage|p2a: Moltres|78/100
|-hitcount|p2a: Moltres|1
|move|p2a: Moltres|U-turn|p1a: Hitmontop
|-resisted|p1a: Hitmontop
|-damage|p1a: Hitmontop|0 fnt
|faint|p1a: Hitmontop
|
|t:|1760397513
|switch|p2a: Ting-Lu|Ting-Lu|93/100|[from] U-turn
|-ability|p2a: Ting-Lu|Vessel of Ruin
|
|-heal|p2a: Ting-Lu|99/100|[from] item: Leftovers
|upkeep
|inactive|Lapauta07 has 90 seconds left.
|
|t:|1760397540
|switch|p1a: Tauros|Tauros-Paldea-Aqua, M|60/100
|-ability|p1a: Tauros|Intimidate|boost
|-unboost|p2a: Ting-Lu|atk|1
|turn|20
|inactive|Lapauta07 has 90 seconds left.
|
|t:|1760397551
|switch|p1a: Metagross|Metagross|100/100
|switch|p2a: Samurott|Samurott-Hisui, M|100/100
|
|upkeep
|turn|21
|inactive|Lapauta07 has 90 seconds left.
|
|t:|1760397578
|move|p2a: Samurott|Ceaseless Edge|p1a: Metagross
|-supereffective|p1a: Metagross
|-damage|p1a: Metagross|50/100
|-sidestart|p1: Lapauta07|Spikes
|move|p1a: Metagross|Stealth Rock|p2a: Samurott
|-sidestart|p2: MV345abc|move: Stealth Rock
|
|-heal|p1a: Metagross|57/100|[from] item: Leftovers
|upkeep
|turn|22
|
|t:|1760397591
|move|p2a: Samurott|Ceaseless Edge|p1a: Metagross
|-supereffective|p1a: Metagross
|-damage|p1a: Metagross|7/100
|-sidestart|p1: Lapauta07|Spikes
|move|p1a: Metagross|Earthquake|p2a: Samurott
|-damage|p2a: Samurott|62/100
|
|-heal|p1a: Metagross|13/100|[from] item: Leftovers
|upkeep
|turn|23
|
|t:|1760397605
|move|p2a: Samurott|Ceaseless Edge|p1a: Metagross
|-supereffective|p1a: Metagross
|-crit|p1a: Metagross
|-damage|p1a: Metagross|0 fnt
|-sidestart|p1: Lapauta07|Spikes
|faint|p1a: Metagross
|
|upkeep
|
|t:|1760397624
|switch|p1a: Zapdos|Zapdos|100/100
|turn|24
|
|t:|1760397639
|switch|p2a: Iron Treads|Iron Treads|52/100
|-damage|p2a: Iron Treads|49/100|[from] Stealth Rock
|move|p1a: Zapdos|Hurricane|p2a: Iron Treads
|-resisted|p2a: Iron Treads
|-damage|p2a: Iron Treads|30/100
|
|upkeep
|turn|25
|
|t:|1760397650
|switch|p1a: Dragapult|Dragapult, M|76/100
|move|p2a: Iron Treads|Rapid Spin|p1a: Dragapult
|-immune|p1a: Dragapult
|
|upkeep
|turn|26
|
|t:|1760397662
|move|p1a: Dragapult|Hex|p2a: Iron Treads
|-damage|p2a: Iron Treads|10/100
|move|p2a: Iron Treads|Ice Spinner|p1a: Dragapult
|-supereffective|p1a: Dragapult
|-damage|p1a: Dragapult|18/100
|
|upkeep
|turn|27
|
|t:|1760397669
|move|p1a: Dragapult|Hex|p2a: Iron Treads
|-damage|p2a: Iron Treads|0 fnt
|faint|p2a: Iron Treads
|-end|p2a: Iron Treads|Quark Drive|[silent]
|
|upkeep
|
|t:|1760397678
|switch|p2a: Ting-Lu|Ting-Lu|99/100
|-damage|p2a: Ting-Lu|93/100|[from] Stealth Rock
|-ability|p2a: Ting-Lu|Vessel of Ruin
|turn|28
|
|t:|1760397700
|move|p1a: Dragapult|Dragon Darts|p2a: Ting-Lu
|-damage|p2a: Ting-Lu|81/100
|-anim|p1a: Dragapult|Dragon Darts|p2a: Ting-Lu
|-damage|p2a: Ting-Lu|68/100
|move|p2a: Ting-Lu|Earthquake|p1a: Dragapult
|-damage|p1a: Dragapult|0 fnt
|faint|p1a: Dragapult
|
|-heal|p2a: Ting-Lu|74/100|[from] item: Leftovers
|upkeep
|
|t:|1760397713
|switch|p1a: Tauros|Tauros-Paldea-Aqua, M|60/100
|-damage|p1a: Tauros|35/100|[from] Spikes
|-ability|p1a: Tauros|Intimidate|boost
|-unboost|p2a: Ting-Lu|atk|1
|turn|29
|
|t:|1760397722
|switch|p2a: Samurott|Samurott-Hisui, M|62/100
|-damage|p2a: Samurott|50/100|[from] Stealth Rock
|move|p1a: Tauros|Wave Crash|p2a: Samurott
|-resisted|p2a: Samurott
|-damage|p2a: Samurott|0 fnt
|faint|p2a: Samurott
|-damage|p1a: Tauros|17/100|[from] Recoil
|
|upkeep
|
|t:|1760397731
|switch|p2a: Gholdengo|Gholdengo|100/100
|-damage|p2a: Gholdengo|94/100|[from] Stealth Rock
|-item|p2a: Gholdengo|Air Balloon
|turn|30
|
|t:|1760397739
|move|p1a: Tauros|Wave Crash|p2a: Gholdengo
|-damage|p2a: Gholdengo|7/100
|-enditem|p2a: Gholdengo|Air Balloon
|-damage|p1a: Tauros|0 fnt|[from] Recoil
|faint|p1a: Tauros
|move|p2a: Gholdengo|Thunderbolt|p1: Tauros|[notarget]
|-fail|p2a: Gholdengo
|
|upkeep
|
|t:|1760397756
|switch|p1a: Typhlosion|Typhlosion-Hisui, F|100/100
|-damage|p1a: Typhlosion|76/100|[from] Spikes
|turn|31
|
|t:|1760397765
|move|p1a: Typhlosion|Infernal Parade|p2a: Gholdengo
|-supereffective|p2a: Gholdengo
|-damage|p2a: Gholdengo|0 fnt
|faint|p2a: Gholdengo
|
|upkeep
|
|t:|1760397769
|switch|p2a: Moltres|Moltres|78/100
|turn|32
|
|t:|1760397774
|move|p1a: Typhlosion|Infernal Parade|p2a: Moltres
|-damage|p2a: Moltres|34/100
|move|p2a: Moltres|Flamethrower|p1a: Typhlosion
|-resisted|p1a: Typhlosion
|-damage|p1a: Typhlosion|51/100
|
|upkeep
|turn|33
|
|t:|1760397781
|move|p1a: Typhlosion|Infernal Parade|p2a: Moltres
|-damage|p2a: Moltres|0 fnt
|faint|p2a: Moltres
|
|upkeep
|
|t:|1760397783
|switch|p2a: Ting-Lu|Ting-Lu|74/100
|-damage|p2a: Ting-Lu|68/100|[from] Stealth Rock
|-ability|p2a: Ting-Lu|Vessel of Ruin
|turn|34
|
|t:|1760397793
|switch|p1a: Zapdos|Zapdos|100/100
|move|p2a: Ting-Lu|Earthquake|p1a: Zapdos
|-immune|p1a: Zapdos
|
|-heal|p2a: Ting-Lu|74/100|[from] item: Leftovers
|upkeep
|turn|35
|
|t:|1760397803
|move|p1a: Zapdos|Hurricane|p2a: Ting-Lu|[miss]
|-miss|p1a: Zapdos|p2a: Ting-Lu
|move|p2a: Ting-Lu|Whirlwind|p1a: Zapdos
|drag|p1a: Typhlosion|Typhlosion-Hisui, F|51/100
|-damage|p1a: Typhlosion|27/100|[from] Spikes
|
|-heal|p2a: Ting-Lu|81/100|[from] item: Leftovers
|upkeep
|turn|36
|
|t:|1760397821
|-terastallize|p1a: Typhlosion|Ground
|move|p1a: Typhlosion|Tera Blast|p2a: Ting-Lu|[anim] Tera Blast Ground
|-damage|p2a: Ting-Lu|58/100
|move|p2a: Ting-Lu|Earthquake|p1a: Typhlosion
|-damage|p1a: Typhlosion|0 fnt
|faint|p1a: Typhlosion
|
|-heal|p2a: Ting-Lu|65/100|[from] item: Leftovers
|upkeep
|
|t:|1760397832
|switch|p1a: Zapdos|Zapdos|100/100
|turn|37
|
|t:|1760397836
|move|p1a: Zapdos|Hurricane|p2a: Ting-Lu
|-damage|p2a: Ting-Lu|45/100
|move|p2a: Ting-Lu|Ruination|p1a: Zapdos|[miss]
|-miss|p2a: Ting-Lu|p1a: Zapdos
|
|-heal|p2a: Ting-Lu|51/100|[from] item: Leftovers
|upkeep
|turn|38
|
|t:|1760397844
|move|p1a: Zapdos|Hurricane|p2a: Ting-Lu|[miss]
|-miss|p1a: Zapdos|p2a: Ting-Lu
|move|p2a: Ting-Lu|Ruination|p1a: Zapdos
|-damage|p1a: Zapdos|51/100
|
|-heal|p2a: Ting-Lu|57/100|[from] item: Leftovers
|upkeep
|turn|39
|
|t:|1760397853
|move|p1a: Zapdos|Hurricane|p2a: Ting-Lu
|-damage|p2a: Ting-Lu|39/100
|move|p2a: Ting-Lu|Ruination|p1a: Zapdos
|-damage|p1a: Zapdos|26/100
|-enditem|p1a: Zapdos|Sitrus Berry|[eat]
|-heal|p1a: Zapdos|50/100|[from] item: Sitrus Berry
|
|-heal|p2a: Ting-Lu|45/100|[from] item: Leftovers
|upkeep
|turn|40
|inactive|Lapauta07 has 120 seconds left.
|
|t:|1760397863
|move|p1a: Zapdos|Hurricane|p2a: Ting-Lu
|-damage|p2a: Ting-Lu|26/100
|-start|p2a: Ting-Lu|confusion
|-activate|p2a: Ting-Lu|confusion
|-damage|p2a: Ting-Lu|21/100|[from] confusion
|
|-heal|p2a: Ting-Lu|27/100|[from] item: Leftovers
|upkeep
|turn|41
|inactive|Lapauta07 has 120 seconds left.
|
|t:|1760397874
|switch|p2a: Sinistcha|Sinistcha, tera:Poison|74/100
|move|p1a: Zapdos|Hurricane|p2a: Sinistcha|[miss]
|-miss|p1a: Zapdos|p2a: Sinistcha
|
|upkeep
|turn|42
|
|t:|1760397884
|move|p1a: Zapdos|Thunder Wave|p2a: Sinistcha
|-status|p2a: Sinistcha|par
|cant|p2a: Sinistcha|par
|
|upkeep
|turn|43
|
|t:|1760397890
|move|p1a: Zapdos|Roost|p1a: Zapdos
|-heal|p1a: Zapdos|100/100
|-singleturn|p1a: Zapdos|move: Roost
|move|p2a: Sinistcha|Shadow Ball|p1a: Zapdos
|-crit|p1a: Zapdos
|-damage|p1a: Zapdos|55/100
|
|upkeep
|turn|44
|
|t:|1760397900
|move|p1a: Zapdos|Volt Switch|p2a: Sinistcha
|-damage|p2a: Sinistcha|39/100 par
|move|p2a: Sinistcha|Shadow Ball|p1a: Zapdos
|-damage|p1a: Zapdos|22/100
|
|upkeep
|turn|45
|
|t:|1760397916
|move|p1a: Zapdos|Hurricane|p2a: Sinistcha
|-damage|p2a: Sinistcha|0 fnt
|faint|p2a: Sinistcha
|
|upkeep
|-message|MV345abc forfeited.
|
|win|Lapauta07
|raw|Lapauta07's rating: 1303 &rarr; <strong>1320</strong><br />(+17 for winning)
|raw|MV345abc's rating: 1258 &rarr; <strong>1236</strong><br />(-22 for losing)
|l|☆MV345abc
|player|p2|
|l|‽Lapauta07
|player|p1|
