|j|☆M8420
|j|☆Cinder D Ace
|t:|1760353378
|gametype|singles
|player|p1|M8420|101|1562
|player|p2|Cinder D Ace|parasollady|1568
|gen|9
|tier|[Gen 9] OU
|rated|
|rule|HP Percentage Mod: HP is shown in percentages
|rule|Endless Battle Clause: Forcing endless battles is banned
|rule|Species Clause: Limit one of each Pokémon
|rule|OHKO Clause: OHKO moves are banned
|rule|Evasion Items Clause: Evasion items are banned
|rule|Evasion Moves Clause: Evasion moves are banned
|rule|Evasion Abilities Clause: Evasion abilities are banned
|rule|Sleep Moves Clause: Sleep-inducing moves are banned
|clearpoke
|poke|p1|Landorus-Therian, M|
|poke|p1|Pelipper, F|
|poke|p1|Toxicroak, F|
|poke|p1|Iron Treads|
|poke|p1|Barraskewda, F|
|poke|p1|Darkrai|
|poke|p2|Cinderace, M|
|poke|p2|Iron Valiant|
|poke|p2|Kingambit, F|
|poke|p2|Slowking-Galar, M|
|poke|p2|Alomomola, M|
|poke|p2|Landorus-Therian, M|
|teampreview
|inactive|Battle timer is ON: inactive players will automatically lose when time's up. (requested by Cinder D Ace)
|
|t:|1760353390
|teamsize|p1|6
|teamsize|p2|6
|start
|switch|p1a: Pelipper|Pelipper, F|100/100
|switch|p2a: Slowking|Slowking-Galar, M|100/100
|-weather|RainDance|[from] ability: Drizzle|[of] p1a: Pelipper
|turn|1
|
|t:|1760353402
|move|p1a: Pelipper|Knock Off|p2a: Slowking
|-supereffective|p2a: Slowking
|-damage|p2a: Slowking|72/100
|-enditem|p2a: Slowking|Assault Vest|[from] move: Knock Off|[of] p1a: Pelipper
|move|p2a: Slowking|Psyshock|p1a: Pelipper
|-damage|p1a: Pelipper|72/100
|
|-weather|RainDance|[upkeep]
|upkeep
|turn|2
|
|t:|1760353411
|move|p1a: Pelipper|U-turn|p2a: Slowking
|-damage|p2a: Slowking|62/100
|
|t:|1760353417
|switch|p1a: Landorus|Landorus-Therian, M|100/100|[from] U-turn
|-ability|p1a: Landorus|Intimidate|boost
|-unboost|p2a: Slowking|atk|1
|move|p2a: Slowking|Sludge Bomb|p1a: Landorus
|-resisted|p1a: Landorus
|-damage|p1a: Landorus|75/100
|-status|p1a: Landorus|psn
|
|-weather|RainDance|[upkeep]
|-damage|p1a: Landorus|63/100 psn|[from] psn
|upkeep
|turn|3
|
|t:|1760353430
|switch|p2a: Alomomola|Alomomola, M|100/100
|move|p1a: Landorus|Sandsear Storm|p2a: Alomomola
|-damage|p2a: Alomomola|38/100
|
|-weather|RainDance|[upkeep]
|-damage|p1a: Landorus|51/100 psn|[from] psn
|upkeep
|turn|4
|
|t:|1760353441
|switch|p2a: Landorus|Landorus-Therian, M|100/100
|-ability|p2a: Landorus|Intimidate|boost
|-unboost|p1a: Landorus|atk|1
|move|p1a: Landorus|U-turn|p2a: Landorus
|-resisted|p2a: Landorus
|-damage|p2a: Landorus|93/100
|
|t:|1760353448
|switch|p1a: Barraskewda|Barraskewda, F|100/100|[from] U-turn
|
|-weather|RainDance|[upkeep]
|upkeep
|turn|5
|
|t:|1760353457
|switch|p2a: Alomomola|Alomomola, M|71/100
|-terastallize|p1a: Barraskewda|Water
|move|p1a: Barraskewda|Liquidation|p2a: Alomomola
|-resisted|p2a: Alomomola
|-damage|p2a: Alomomola|36/100
|
|-weather|RainDance|[upkeep]
|upkeep
|turn|6
|
|t:|1760353467
|move|p2a: Alomomola|Protect|p2a: Alomomola
|-singleturn|p2a: Alomomola|Protect
|move|p1a: Barraskewda|Liquidation|p2a: Alomomola
|-activate|p2a: Alomomola|move: Protect
|
|-weather|RainDance|[upkeep]
|upkeep
|turn|7
|
|t:|1760353479
|switch|p2a: Landorus|Landorus-Therian, M|93/100
|-ability|p2a: Landorus|Intimidate|boost
|-unboost|p1a: Barraskewda|atk|1
|move|p1a: Barraskewda|Liquidation|p2a: Landorus
|-supereffective|p2a: Landorus
|-damage|p2a: Landorus|0 fnt
|faint|p2a: Landorus
|
|-weather|RainDance|[upkeep]
|upkeep
|
|t:|1760353481
|switch|p2a: Alomomola|Alomomola, M|69/100
|turn|8
|
|t:|1760353491
|switch|p1a: Toxicroak|Toxicroak, F|100/100
|move|p2a: Alomomola|Scald|p1a: Toxicroak
|-immune|p1a: Toxicroak|[from] ability: Dry Skin
|
|-weather|none
|upkeep
|turn|9
|
|t:|1760353499
|switch|p2a: Slowking|Slowking-Galar, M|95/100
|move|p1a: Toxicroak|Knock Off|p2a: Slowking
|-supereffective|p2a: Slowking
|-damage|p2a: Slowking|63/100
|
|upkeep
|turn|10
|
|t:|1760353508
|switch|p1a: Iron Treads|Iron Treads|100/100
|move|p2a: Slowking|Psyshock|p1a: Iron Treads
|-resisted|p1a: Iron Treads
|-damage|p1a: Iron Treads|85/100
|
|upkeep
|turn|11
|
|t:|1760353521
|switch|p2a: Alomomola|Alomomola, M|100/100
|move|p1a: Iron Treads|Earthquake|p2a: Alomomola
|-crit|p2a: Alomomola
|-damage|p2a: Alomomola|73/100
|
|upkeep
|turn|12
|
|t:|1760353526
|move|p1a: Iron Treads|Volt Switch|p2a: Alomomola
|-supereffective|p2a: Alomomola
|-damage|p2a: Alomomola|46/100
|
|t:|1760353533
|-end|p1a: Iron Treads|Quark Drive|[silent]
|switch|p1a: Toxicroak|Toxicroak, F|100/100|[from] Volt Switch
|move|p2a: Alomomola|Flip Turn|p1a: Toxicroak
|-immune|p1a: Toxicroak|[from] ability: Dry Skin
|
|upkeep
|turn|13
|
|t:|1760353548
|switch|p1a: Darkrai|Darkrai|100/100
|switch|p2a: Slowking|Slowking-Galar, M|96/100
|
|upkeep
|turn|14
|
|t:|1760353559
|switch|p2a: Kingambit|Kingambit, F|100/100
|-activate|p2a: Kingambit|ability: Supreme Overlord
|-start|p2a: Kingambit|fallen1|[silent]
|move|p1a: Darkrai|Will-O-Wisp|p2a: Kingambit
|-status|p2a: Kingambit|brn
|
|-damage|p2a: Kingambit|94/100 brn|[from] brn
|upkeep
|turn|15
|
|t:|1760353569
|switch|p1a: Pelipper|Pelipper, F|72/100
|-weather|RainDance|[from] ability: Drizzle|[of] p1a: Pelipper
|move|p2a: Kingambit|Iron Head|p1a: Pelipper
|-resisted|p1a: Pelipper
|-damage|p1a: Pelipper|62/100
|
|-weather|RainDance|[upkeep]
|-heal|p2a: Kingambit|100/100 brn|[from] item: Leftovers
|-damage|p2a: Kingambit|94/100 brn|[from] brn
|upkeep
|turn|16
|
|t:|1760353576
|-end|p2a: Kingambit|fallen1|[silent]
|switch|p2a: Slowking|Slowking-Galar, M|100/100
|move|p1a: Pelipper|U-turn|p2a: Slowking
|-damage|p2a: Slowking|91/100
|
|t:|1760353581
|switch|p1a: Landorus|Landorus-Therian, M|51/100 psn|[from] U-turn
|-ability|p1a: Landorus|Intimidate|boost
|-unboost|p2a: Slowking|atk|1
|
|-weather|RainDance|[upkeep]
|-damage|p1a: Landorus|38/100 psn|[from] psn
|upkeep
|turn|17
|
|t:|1760353589
|move|p1a: Landorus|Sandsear Storm|p2a: Slowking
|-supereffective|p2a: Slowking
|-damage|p2a: Slowking|15/100
|move|p2a: Slowking|Ice Beam|p1a: Landorus
|-supereffective|p1a: Landorus
|-damage|p1a: Landorus|0 fnt
|faint|p1a: Landorus
|
|-weather|RainDance|[upkeep]
|upkeep
|
|t:|1760353596
|switch|p1a: Barraskewda|Barraskewda, F, tera:Water|100/100
|turn|18
|
|t:|1760353609
|switch|p2a: Alomomola|Alomomola, M|79/100
|move|p1a: Barraskewda|Flip Turn|p2a: Alomomola
|-resisted|p2a: Alomomola
|-damage|p2a: Alomomola|51/100
|
|t:|1760353622
|switch|p1a: Darkrai|Darkrai|100/100|[from] Flip Turn
|
|-weather|RainDance|[upkeep]
|upkeep
|turn|19
|
|t:|1760353630
|switch|p2a: Kingambit|Kingambit, F|94/100 brn
|-activate|p2a: Kingambit|ability: Supreme Overlord
|-start|p2a: Kingambit|fallen1|[silent]
|move|p1a: Darkrai|Dark Pulse|p2a: Kingambit
|-resisted|p2a: Kingambit
|-damage|p2a: Kingambit|75/100 brn
|
|-weather|RainDance|[upkeep]
|-heal|p2a: Kingambit|81/100 brn|[from] item: Leftovers
|-damage|p2a: Kingambit|75/100 brn|[from] brn
|upkeep
|turn|20
|
|t:|1760353636
|switch|p1a: Toxicroak|Toxicroak, F|100/100
|move|p2a: Kingambit|Kowtow Cleave|p1a: Toxicroak
|-resisted|p1a: Toxicroak
|-damage|p1a: Toxicroak|87/100
|-damage|p2a: Kingambit|58/100 brn|[from] item: Rocky Helmet|[of] p1a: Toxicroak
|
|-weather|RainDance|[upkeep]
|-heal|p1a: Toxicroak|99/100|[from] ability: Dry Skin
|-heal|p2a: Kingambit|65/100 brn|[from] item: Leftovers
|-damage|p2a: Kingambit|58/100 brn|[from] brn
|upkeep
|turn|21
|
|t:|1760353652
|-end|p2a: Kingambit|fallen1|[silent]
|switch|p2a: Cinderace|Cinderace, M|100/100
|move|p1a: Toxicroak|Knock Off|p2a: Cinderace
|-damage|p2a: Cinderace|74/100
|-enditem|p2a: Cinderace|Heavy-Duty Boots|[from] move: Knock Off|[of] p1a: Toxicroak
|
|-weather|RainDance|[upkeep]
|-heal|p1a: Toxicroak|100/100|[from] ability: Dry Skin
|upkeep
|turn|22
|
|t:|1760353662
|switch|p1a: Pelipper|Pelipper, F|62/100
|move|p2a: Cinderace|Will-O-Wisp|p1a: Pelipper
|-status|p1a: Pelipper|brn
|
|-weather|none
|-damage|p1a: Pelipper|56/100 brn|[from] brn
|upkeep
|turn|23
|
|t:|1760353671
|move|p2a: Cinderace|U-turn|p1a: Pelipper
|-resisted|p1a: Pelipper
|-damage|p1a: Pelipper|48/100 brn
|
|t:|1760353673
|switch|p2a: Slowking|Slowking-Galar, M|48/100|[from] U-turn
|move|p1a: Pelipper|U-turn|p2a: Slowking
|-damage|p2a: Slowking|43/100
|
|t:|1760353688
|switch|p1a: Barraskewda|Barraskewda, F, tera:Water|100/100|[from] U-turn
|
|upkeep
|turn|24
|
|t:|1760353697
|switch|p2a: Alomomola|Alomomola, M|84/100
|move|p1a: Barraskewda|Flip Turn|p2a: Alomomola
|-resisted|p2a: Alomomola
|-damage|p2a: Alomomola|67/100
|
|t:|1760353707
|switch|p1a: Iron Treads|Iron Treads|85/100|[from] Flip Turn
|
|upkeep
|turn|25
|
|t:|1760353711
|move|p1a: Iron Treads|Volt Switch|p2a: Alomomola
|-supereffective|p2a: Alomomola
|-crit|p2a: Alomomola
|-damage|p2a: Alomomola|28/100
|
|t:|1760353716
|-end|p1a: Iron Treads|Quark Drive|[silent]
|switch|p1a: Toxicroak|Toxicroak, F|100/100|[from] Volt Switch
|move|p2a: Alomomola|Wish|p2a: Alomomola
|
|upkeep
|turn|26
|
|t:|1760353731
|switch|p1a: Pelipper|Pelipper, F|48/100 brn
|-weather|RainDance|[from] ability: Drizzle|[of] p1a: Pelipper
|switch|p2a: Slowking|Slowking-Galar, M|76/100
|
|-weather|RainDance|[upkeep]
|-heal|p2a: Slowking|100/100|[from] move: Wish|[wisher] Alomomola
|-damage|p1a: Pelipper|42/100 brn|[from] brn
|upkeep
|turn|27
|
|t:|1760353746
|switch|p1a: Iron Treads|Iron Treads|85/100
|move|p2a: Slowking|Ice Beam|p1a: Iron Treads
|-crit|p1a: Iron Treads
|-damage|p1a: Iron Treads|51/100
|
|-weather|RainDance|[upkeep]
|upkeep
|turn|28
|
|t:|1760353756
|switch|p2a: Alomomola|Alomomola, M|62/100
|move|p1a: Iron Treads|Earthquake|p2a: Alomomola
|-damage|p2a: Alomomola|41/100
|
|-weather|RainDance|[upkeep]
|upkeep
|turn|29
|
|t:|1760353763
|move|p1a: Iron Treads|Volt Switch|p2a: Alomomola
|-supereffective|p2a: Alomomola
|-crit|p2a: Alomomola
|-damage|p2a: Alomomola|1/100
|
|t:|1760353771
|-end|p1a: Iron Treads|Quark Drive|[silent]
|switch|p1a: Darkrai|Darkrai|100/100|[from] Volt Switch
|move|p2a: Alomomola|Wish|p2a: Alomomola
|
|-weather|RainDance|[upkeep]
|upkeep
|turn|30
|
|t:|1760353777
|move|p2a: Alomomola|Protect|p2a: Alomomola
|-singleturn|p2a: Alomomola|Protect
|move|p1a: Darkrai|Dark Pulse|p2a: Alomomola
|-activate|p2a: Alomomola|move: Protect
|
|-weather|RainDance|[upkeep]
|-heal|p2a: Alomomola|51/100|[from] move: Wish|[wisher] Alomomola
|upkeep
|turn|31
|
|t:|1760353786
|switch|p2a: Kingambit|Kingambit, F|58/100 brn
|-activate|p2a: Kingambit|ability: Supreme Overlord
|-start|p2a: Kingambit|fallen1|[silent]
|move|p1a: Darkrai|Dark Pulse|p2a: Kingambit
|-resisted|p2a: Kingambit
|-crit|p2a: Kingambit
|-damage|p2a: Kingambit|29/100 brn
|
|-weather|RainDance|[upkeep]
|-heal|p2a: Kingambit|36/100 brn|[from] item: Leftovers
|-damage|p2a: Kingambit|29/100 brn|[from] brn
|upkeep
|turn|32
|
|t:|1760353798
|switch|p1a: Toxicroak|Toxicroak, F|100/100
|-end|p2a: Kingambit|fallen1|[silent]
|switch|p2a: Cinderace|Cinderace, M|74/100
|
|-weather|RainDance|[upkeep]
|upkeep
|turn|33
|
|t:|1760353813
|switch|p1a: Darkrai|Darkrai|100/100
|move|p2a: Cinderace|Pyro Ball|p1a: Darkrai
|-damage|p1a: Darkrai|71/100
|
|-weather|none
|upkeep
|turn|34
|
|t:|1760353822
|switch|p1a: Pelipper|Pelipper, F|42/100 brn
|-weather|RainDance|[from] ability: Drizzle|[of] p1a: Pelipper
|move|p2a: Cinderace|U-turn|p1a: Pelipper
|-resisted|p1a: Pelipper
|-damage|p1a: Pelipper|35/100 brn
|
|t:|1760353827
|switch|p2a: Alomomola|Alomomola, M|84/100|[from] U-turn
|
|-weather|RainDance|[upkeep]
|-damage|p1a: Pelipper|29/100 brn|[from] brn
|upkeep
|turn|35
|
|t:|1760353833
|move|p2a: Alomomola|Wish|p2a: Alomomola
|move|p1a: Pelipper|Roost|p1a: Pelipper
|-heal|p1a: Pelipper|79/100 brn
|-singleturn|p1a: Pelipper|move: Roost
|
|-weather|RainDance|[upkeep]
|-damage|p1a: Pelipper|73/100 brn|[from] brn
|upkeep
|turn|36
|
|t:|1760353842
|move|p2a: Alomomola|Flip Turn|p1a: Pelipper
|-resisted|p1a: Pelipper
|-damage|p1a: Pelipper|65/100 brn
|
|t:|1760353844
|switch|p2a: Kingambit|Kingambit, F|29/100 brn|[from] Flip Turn
|-activate|p2a: Kingambit|ability: Supreme Overlord
|-start|p2a: Kingambit|fallen1|[silent]
|move|p1a: Pelipper|U-turn|p2a: Kingambit
|-damage|p2a: Kingambit|26/100 brn
|
|t:|1760353852
|switch|p1a: Iron Treads|Iron Treads|51/100|[from] U-turn
|
|-weather|RainDance|[upkeep]
|-heal|p2a: Kingambit|92/100 brn|[from] move: Wish|[wisher] Alomomola
|-heal|p2a: Kingambit|99/100 brn|[from] item: Leftovers
|-damage|p2a: Kingambit|92/100 brn|[from] brn
|upkeep
|turn|37
|
|t:|1760353868
|move|p1a: Iron Treads|Earthquake|p2a: Kingambit
|-supereffective|p2a: Kingambit
|-damage|p2a: Kingambit|39/100 brn
|move|p2a: Kingambit|Kowtow Cleave|p1a: Iron Treads
|-damage|p1a: Iron Treads|32/100
|
|-weather|RainDance|[upkeep]
|-heal|p2a: Kingambit|45/100 brn|[from] item: Leftovers
|-damage|p2a: Kingambit|39/100 brn|[from] brn
|upkeep
|turn|38
|
|t:|1760353879
|-end|p1a: Iron Treads|Quark Drive|[silent]
|switch|p1a: Toxicroak|Toxicroak, F|100/100
|-end|p2a: Kingambit|fallen1|[silent]
|switch|p2a: Alomomola|Alomomola, M|100/100
|
|-weather|RainDance|[upkeep]
|upkeep
|turn|39
|
|t:|1760353893
|switch|p1a: Darkrai|Darkrai|71/100
|switch|p2a: Slowking|Slowking-Galar, M|100/100
|
|-weather|RainDance|[upkeep]
|upkeep
|turn|40
|
|t:|1760353902
|move|p1a: Darkrai|Dark Pulse|p2a: Slowking
|-supereffective|p2a: Slowking
|-damage|p2a: Slowking|40/100
|cant|p2a: Slowking|flinch
|
|-weather|RainDance|[upkeep]
|upkeep
|turn|41
|
|t:|1760353909
|switch|p2a: Iron Valiant|Iron Valiant|100/100
|move|p1a: Darkrai|Dark Pulse|p2a: Iron Valiant
|-resisted|p2a: Iron Valiant
|-damage|p2a: Iron Valiant|79/100
|
|-weather|none
|upkeep
|turn|42
|inactive|M8420 has 120 seconds left.
|
|t:|1760353951
|switch|p1a: Iron Treads|Iron Treads|32/100
|-end|p2a: Iron Valiant|Quark Drive|[silent]
|switch|p2a: Kingambit|Kingambit, F|39/100 brn
|-activate|p2a: Kingambit|ability: Supreme Overlord
|-start|p2a: Kingambit|fallen1|[silent]
|
|-heal|p2a: Kingambit|45/100 brn|[from] item: Leftovers
|-damage|p2a: Kingambit|39/100 brn|[from] brn
|upkeep
|turn|43
|
|t:|1760353973
|-end|p2a: Kingambit|fallen1|[silent]
|switch|p2a: Alomomola|Alomomola, M|100/100
|move|p1a: Iron Treads|Earthquake|p2a: Alomomola
|-damage|p2a: Alomomola|79/100
|
|upkeep
|turn|44
|
|t:|1760353979
|move|p1a: Iron Treads|Volt Switch|p2a: Alomomola
|-supereffective|p2a: Alomomola
|-damage|p2a: Alomomola|52/100
|inactive|M8420 has 90 seconds left.
|
|t:|1760354006
|-end|p1a: Iron Treads|Quark Drive|[silent]
|switch|p1a: Toxicroak|Toxicroak, F|100/100|[from] Volt Switch
|move|p2a: Alomomola|Wish|p2a: Alomomola
|
|upkeep
|turn|45
|inactive|M8420 has 90 seconds left.
|
|t:|1760354017
|switch|p1a: Pelipper|Pelipper, F|65/100 brn
|-weather|RainDance|[from] ability: Drizzle|[of] p1a: Pelipper
|switch|p2a: Kingambit|Kingambit, F|39/100 brn
|-activate|p2a: Kingambit|ability: Supreme Overlord
|-start|p2a: Kingambit|fallen1|[silent]
|
|-weather|RainDance|[upkeep]
|-heal|p2a: Kingambit|100/100 brn|[from] move: Wish|[wisher] Alomomola
|-damage|p2a: Kingambit|94/100 brn|[from] brn
|-damage|p1a: Pelipper|58/100 brn|[from] brn
|upkeep
|turn|46
|inactive|M8420 has 90 seconds left.
|
|t:|1760354026
|-end|p2a: Kingambit|fallen1|[silent]
|switch|p2a: Alomomola|Alomomola, M|85/100
|move|p1a: Pelipper|Knock Off|p2a: Alomomola
|-damage|p2a: Alomomola|82/100
|-enditem|p2a: Alomomola|Heavy-Duty Boots|[from] move: Knock Off|[of] p1a: Pelipper
|
|-weather|RainDance|[upkeep]
|-damage|p1a: Pelipper|52/100 brn|[from] brn
|upkeep
|turn|47
|inactive|M8420 has 90 seconds left.
|
|t:|1760354039
|move|p2a: Alomomola|Wish|p2a: Alomomola
|move|p1a: Pelipper|Roost|p1a: Pelipper
|-heal|p1a: Pelipper|100/100 brn
|-singleturn|p1a: Pelipper|move: Roost
|
|-weather|RainDance|[upkeep]
|-damage|p1a: Pelipper|94/100 brn|[from] brn
|upkeep
|turn|48
|
|t:|1760354045
|move|p2a: Alomomola|Protect|p2a: Alomomola
|-singleturn|p2a: Alomomola|Protect
|move|p1a: Pelipper|U-turn|p2a: Alomomola
|-activate|p2a: Alomomola|move: Protect
|
|-weather|RainDance|[upkeep]
|-heal|p2a: Alomomola|100/100|[from] move: Wish|[wisher] Alomomola
|-damage|p1a: Pelipper|88/100 brn|[from] brn
|upkeep
|turn|49
|
|t:|1760354053
|move|p2a: Alomomola|Wish|p2a: Alomomola
|move|p1a: Pelipper|U-turn|p2a: Alomomola
|-damage|p2a: Alomomola|98/100
|
|t:|1760354066
|switch|p1a: Toxicroak|Toxicroak, F|100/100|[from] U-turn
|
|-weather|RainDance|[upkeep]
|upkeep
|turn|50
|
|t:|1760354076
|switch|p1a: Darkrai|Darkrai|71/100
|switch|p2a: Slowking|Slowking-Galar, M|73/100
|
|-weather|RainDance|[upkeep]
|-heal|p2a: Slowking|100/100|[from] move: Wish|[wisher] Alomomola
|upkeep
|turn|51
|
|t:|1760354081
|move|p1a: Darkrai|Dark Pulse|p2a: Slowking
|-supereffective|p2a: Slowking
|-damage|p2a: Slowking|41/100
|move|p2a: Slowking|Sludge Bomb|p1a: Darkrai
|-damage|p1a: Darkrai|18/100
|-status|p1a: Darkrai|psn
|
|-weather|RainDance|[upkeep]
|-damage|p1a: Darkrai|5/100 psn|[from] psn
|upkeep
|turn|52
|-message|M8420 forfeited.
|
|win|Cinder D Ace
|raw|M8420's rating: 1562 &rarr; <strong>1542</strong><br />(-20 for losing)
|raw|Cinder D Ace's rating: 1568 &rarr; <strong>1588</strong><br />(+20 for winning)
|l|☆M8420
|player|p1|
|l|☆Cinder D Ace
|player|p2|
