|j|☆Maltyy
|j|‽jhghjkhipkjnlp
|t:|1760372339
|gametype|singles
|player|p1|Maltyy|harlequin|1356
|player|p2|jhghjkhipkjnlp|170|1383
|gen|9
|tier|[Gen 9] OU
|rated|
|rule|HP Percentage Mod: HP is shown in percentages
|rule|Endless Battle Clause: Forcing endless battles is banned
|rule|Species Clause: Limit one of each Pokémon
|rule|OHKO Clause: OHKO moves are banned
|rule|Evasion Items Clause: Evasion items are banned
|rule|Evasion Moves Clause: Evasion moves are banned
|rule|Evasion Abilities Clause: Evasion abilities are banned
|rule|Sleep Moves Clause: Sleep-inducing moves are banned
|clearpoke
|poke|p1|Lokix, F|
|poke|p1|Cinderace, F|
|poke|p1|Great Tusk|
|poke|p1|Alomomola, F|
|poke|p1|Enamorus, F|
|poke|p1|Slowking-Galar, F|
|poke|p2|Ninetales, M|
|poke|p2|Hatterene, F|
|poke|p2|Walking Wake|
|poke|p2|Lilligant-Hisui, F|
|poke|p2|Ting-Lu|
|poke|p2|Primarina, M|
|teampreview
|inactive|Battle timer is ON: inactive players will automatically lose when time's up. (requested by Maltyy)
|
|t:|1760372384
|teamsize|p1|6
|teamsize|p2|6
|start
|switch|p1a: Slowking|Slowking-Galar, F|100/100
|switch|p2a: Primarina|Primarina, M|100/100
|turn|1
|
|t:|1760372393
|-terastallize|p2a: Primarina|Steel
|move|p2a: Primarina|Substitute|p2a: Primarina
|-start|p2a: Primarina|Substitute
|-damage|p2a: Primarina|76/100
|move|p1a: Slowking|Sludge Bomb|p2a: Primarina
|-immune|p2a: Primarina
|
|-heal|p2a: Primarina|82/100|[from] item: Leftovers
|upkeep
|turn|2
|inactive|Maltyy has 120 seconds left.
|
|t:|1760372423
|switch|p1a: Enamorus|Enamorus, F|100/100
|move|p2a: Primarina|Calm Mind|p2a: Primarina
|-boost|p2a: Primarina|spa|1
|-boost|p2a: Primarina|spd|1
|
|-heal|p2a: Primarina|88/100|[from] item: Leftovers
|upkeep
|turn|3
|
|t:|1760372441
|-terastallize|p1a: Enamorus|Stellar
|move|p1a: Enamorus|Tera Blast|p2a: Primarina|[anim] Tera Blast Stellar
|-supereffective|p2a: Primarina
|-crit|p2a: Primarina
|-end|p2a: Primarina|Substitute
|-boost|p1a: Enamorus|atk|1
|-boost|p1a: Enamorus|spa|1
|move|p2a: Primarina|Moonblast|p1a: Enamorus
|-damage|p1a: Enamorus|0 fnt
|faint|p1a: Enamorus
|
|-heal|p2a: Primarina|94/100|[from] item: Leftovers
|upkeep
|inactive|Maltyy has 120 seconds left.
|c|☆Maltyy|that’s kinda crazy that that killed
|
|t:|1760372463
|switch|p1a: Cinderace|Cinderace, F|100/100
|turn|4
|
|t:|1760372471
|switch|p2a: Ninetales|Ninetales, M|100/100
|-weather|SunnyDay|[from] ability: Drought|[of] p2a: Ninetales
|move|p1a: Cinderace|Pyro Ball|p2a: Ninetales
|-resisted|p2a: Ninetales
|-damage|p2a: Ninetales|57/100
|
|-weather|SunnyDay|[upkeep]
|upkeep
|turn|5
|
|t:|1760372483
|switch|p2a: Walking Wake|Walking Wake|100/100
|-activate|p2a: Walking Wake|ability: Protosynthesis
|-start|p2a: Walking Wake|protosynthesisspe
|move|p1a: Cinderace|U-turn|p2a: Walking Wake
|-damage|p2a: Walking Wake|79/100
|
|t:|1760372488
|switch|p1a: Alomomola|Alomomola, F|100/100|[from] U-turn
|
|-weather|SunnyDay|[upkeep]
|upkeep
|turn|6
|
|t:|1760372497
|move|p2a: Walking Wake|Flip Turn|p1a: Alomomola
|-resisted|p1a: Alomomola
|-damage|p1a: Alomomola|97/100
|
|t:|1760372500
|-end|p2a: Walking Wake|Protosynthesis|[silent]
|switch|p2a: Primarina|Primarina, M, tera:Steel|94/100|[from] Flip Turn
|move|p1a: Alomomola|Mirror Coat||[still]
|-fail|p1a: Alomomola
|
|-weather|SunnyDay|[upkeep]
|-heal|p2a: Primarina|99/100|[from] item: Leftovers
|upkeep
|turn|7
|
|t:|1760372507
|move|p2a: Primarina|Substitute|p2a: Primarina
|-start|p2a: Primarina|Substitute
|-damage|p2a: Primarina|75/100
|move|p1a: Alomomola|Flip Turn|p2a: Primarina
|-crit|p2a: Primarina
|-activate|p2a: Primarina|move: Substitute|[damage]
|
|t:|1760372512
|switch|p1a: Cinderace|Cinderace, F|100/100|[from] Flip Turn
|
|-weather|SunnyDay|[upkeep]
|-heal|p2a: Primarina|81/100|[from] item: Leftovers
|upkeep
|turn|8
|
|t:|1760372522
|move|p1a: Cinderace|Pyro Ball|p2a: Primarina
|-supereffective|p2a: Primarina
|-end|p2a: Primarina|Substitute
|move|p2a: Primarina|Substitute|p2a: Primarina
|-start|p2a: Primarina|Substitute
|-damage|p2a: Primarina|56/100
|
|-weather|SunnyDay|[upkeep]
|-heal|p2a: Primarina|62/100|[from] item: Leftovers
|upkeep
|turn|9
|
|t:|1760372534
|move|p1a: Cinderace|Pyro Ball|p2a: Primarina|[miss]
|-miss|p1a: Cinderace|p2a: Primarina
|move|p2a: Primarina|Psychic Noise|p1a: Cinderace
|-supereffective|p1a: Cinderace
|-damage|p1a: Cinderace|58/100
|-start|p1a: Cinderace|move: Heal Block
|
|-weather|SunnyDay|[upkeep]
|-heal|p2a: Primarina|69/100|[from] item: Leftovers
|upkeep
|turn|10
|
|t:|1760372546
|move|p1a: Cinderace|Pyro Ball|p2a: Primarina
|-supereffective|p2a: Primarina
|-end|p2a: Primarina|Substitute
|move|p2a: Primarina|Psychic Noise|p1a: Cinderace
|-supereffective|p1a: Cinderace
|-damage|p1a: Cinderace|11/100
|
|-weather|SunnyDay|[upkeep]
|-heal|p2a: Primarina|75/100|[from] item: Leftovers
|-end|p1a: Cinderace|move: Heal Block
|upkeep
|turn|11
|l|☆Maltyy
|inactive|Maltyy disconnected and has a minute to reconnect!
|player|p1|
|inactive|Maltyy has 30 seconds to reconnect!
|inactive|Maltyy has 20 seconds to reconnect!
|inactive|Maltyy has 15 seconds to reconnect!
|inactive|Maltyy has 10 seconds to reconnect!
|j|☆Maltyy
|inactive|Maltyy reconnected and has 95 seconds left.
|player|p1|Maltyy|harlequin|
|inactive|Maltyy has 90 seconds left.
|
|t:|1760372606
|switch|p2a: Walking Wake|Walking Wake|79/100
|-activate|p2a: Walking Wake|ability: Protosynthesis
|-start|p2a: Walking Wake|protosynthesisspe
|move|p1a: Cinderace|Pyro Ball|p2a: Walking Wake
|-resisted|p2a: Walking Wake
|-damage|p2a: Walking Wake|51/100
|
|-weather|none
|-end|p2a: Walking Wake|Protosynthesis
|upkeep
|turn|12
|inactive|Maltyy has 90 seconds left.
|
|t:|1760372618
|move|p1a: Cinderace|U-turn|p2a: Walking Wake
|-damage|p2a: Walking Wake|29/100
|
|t:|1760372623
|switch|p1a: Alomomola|Alomomola, F|100/100|[from] U-turn
|move|p2a: Walking Wake|Flip Turn|p1a: Alomomola
|-resisted|p1a: Alomomola
|-damage|p1a: Alomomola|94/100
|
|t:|1760372629
|-end|p2a: Walking Wake|Protosynthesis|[silent]
|switch|p2a: Primarina|Primarina, M, tera:Steel|75/100|[from] Flip Turn
|
|-heal|p2a: Primarina|81/100|[from] item: Leftovers
|upkeep
|turn|13
|
|t:|1760372640
|move|p2a: Primarina|Substitute|p2a: Primarina
|-start|p2a: Primarina|Substitute
|-damage|p2a: Primarina|56/100
|move|p1a: Alomomola|Flip Turn|p2a: Primarina
|-activate|p2a: Primarina|move: Substitute|[damage]
|
|t:|1760372654
|switch|p1a: Great Tusk|Great Tusk|100/100|[from] Flip Turn
|
|-heal|p2a: Primarina|62/100|[from] item: Leftovers
|upkeep
|turn|14
|
|t:|1760372661
|move|p1a: Great Tusk|Earthquake|p2a: Primarina
|-supereffective|p2a: Primarina
|-end|p2a: Primarina|Substitute
|move|p2a: Primarina|Moonblast|p1a: Great Tusk
|-supereffective|p1a: Great Tusk
|-damage|p1a: Great Tusk|0 fnt
|faint|p1a: Great Tusk
|-end|p1a: Great Tusk|Protosynthesis|[silent]
|
|-heal|p2a: Primarina|68/100|[from] item: Leftovers
|upkeep
|
|t:|1760372663
|switch|p1a: Cinderace|Cinderace, F|11/100
|turn|15
|
|t:|1760372681
|switch|p2a: Ninetales|Ninetales, M|57/100
|-weather|SunnyDay|[from] ability: Drought|[of] p2a: Ninetales
|move|p1a: Cinderace|U-turn|p2a: Ninetales
|-resisted|p2a: Ninetales
|-damage|p2a: Ninetales|47/100
|
|t:|1760372689
|switch|p1a: Slowking|Slowking-Galar, F|100/100|[from] U-turn
|
|-weather|SunnyDay|[upkeep]
|upkeep
|turn|16
|
|t:|1760372707
|move|p2a: Ninetales|Weather Ball|p1a: Slowking
|-damage|p1a: Slowking|68/100
|-prepare|p1a: Slowking|Chilly Reception|[premajor]
|move|p1a: Slowking|Chilly Reception|p1a: Slowking
|-weather|Snowscape
|inactive|Maltyy has 120 seconds left.
|
|t:|1760372717
|switch|p1a: Lokix|Lokix, F|100/100|[from] Chilly Reception
|
|-weather|Snowscape|[upkeep]
|upkeep
|turn|17
|
|t:|1760372733
|switch|p2a: Ting-Lu|Ting-Lu|100/100
|-ability|p2a: Ting-Lu|Vessel of Ruin
|move|p1a: Lokix|First Impression|p2a: Ting-Lu
|-supereffective|p2a: Ting-Lu
|-damage|p2a: Ting-Lu|34/100
|-enditem|p2a: Ting-Lu|Eject Button
|l|☆Maltyy
|inactive|Maltyy disconnected and has a minute to reconnect!
|player|p1|
|
|t:|1760372741
|switch|p2a: Ninetales|Ninetales, M|47/100
|-weather|SunnyDay|[from] ability: Drought|[of] p2a: Ninetales
|
|-weather|SunnyDay|[upkeep]
|upkeep
|turn|18
|j|☆Maltyy
|inactive|Maltyy reconnected and has 145 seconds left.
|player|p1|Maltyy|harlequin|
|
|t:|1760372766
|switch|p2a: Ting-Lu|Ting-Lu|34/100
|-ability|p2a: Ting-Lu|Vessel of Ruin
|switch|p1a: Alomomola|Alomomola, F|100/100
|
|-weather|SunnyDay|[upkeep]
|upkeep
|turn|19
|
|t:|1760372774
|move|p2a: Ting-Lu|Stealth Rock|p1a: Alomomola
|-sidestart|p1: Maltyy|move: Stealth Rock
|move|p1a: Alomomola|Flip Turn|p2a: Ting-Lu
|-supereffective|p2a: Ting-Lu
|-crit|p2a: Ting-Lu
|-damage|p2a: Ting-Lu|22/100
|
|t:|1760372785
|switch|p1a: Slowking|Slowking-Galar, F|100/100|[from] Flip Turn
|-damage|p1a: Slowking|88/100|[from] Stealth Rock
|
|-weather|SunnyDay|[upkeep]
|upkeep
|turn|20
|
|t:|1760372794
|move|p2a: Ting-Lu|Spikes|p1a: Slowking
|-sidestart|p1: Maltyy|Spikes
|-prepare|p1a: Slowking|Chilly Reception|[premajor]
|move|p1a: Slowking|Chilly Reception|p1a: Slowking
|-weather|Snowscape
|
|t:|1760372800
|switch|p1a: Cinderace|Cinderace, F|11/100|[from] Chilly Reception
|
|-weather|Snowscape|[upkeep]
|upkeep
|turn|21
|
|t:|1760372807
|move|p1a: Cinderace|U-turn|p2a: Ting-Lu
|-supereffective|p2a: Ting-Lu
|-damage|p2a: Ting-Lu|1/100
|
|t:|1760372812
|switch|p1a: Alomomola|Alomomola, F|100/100|[from] U-turn
|-damage|p1a: Alomomola|88/100|[from] Stealth Rock
|-damage|p1a: Alomomola|76/100|[from] Spikes
|move|p2a: Ting-Lu|Earthquake|p1a: Alomomola
|-damage|p1a: Alomomola|38/100
|
|-weather|Snowscape|[upkeep]
|upkeep
|turn|22
|
|t:|1760372824
|move|p1a: Alomomola|Aqua Jet|p2a: Ting-Lu
|-supereffective|p2a: Ting-Lu
|-damage|p2a: Ting-Lu|0 fnt
|faint|p2a: Ting-Lu
|
|-weather|Snowscape|[upkeep]
|upkeep
|
|t:|1760372830
|switch|p2a: Primarina|Primarina, M, tera:Steel|68/100
|turn|23
|
|t:|1760372837
|move|p2a: Primarina|Substitute|p2a: Primarina
|-start|p2a: Primarina|Substitute
|-damage|p2a: Primarina|43/100
|move|p1a: Alomomola|Flip Turn|p2a: Primarina
|-activate|p2a: Primarina|move: Substitute|[damage]
|
|t:|1760372844
|switch|p1a: Cinderace|Cinderace, F|11/100|[from] Flip Turn
|
|-weather|Snowscape|[upkeep]
|-heal|p2a: Primarina|49/100|[from] item: Leftovers
|upkeep
|turn|24
|
|t:|1760372856
|move|p1a: Cinderace|Court Change|p1a: Cinderace
|-swapsideconditions
|-activate|p1a: Cinderace|move: Court Change
|move|p2a: Primarina|Psychic Noise|p1a: Cinderace
|-supereffective|p1a: Cinderace
|-damage|p1a: Cinderace|0 fnt
|faint|p1a: Cinderace
|
|-weather|none
|-heal|p2a: Primarina|55/100|[from] item: Leftovers
|upkeep
|
|t:|1760372862
|switch|p1a: Lokix|Lokix, F|100/100
|turn|25
|
|t:|1760372870
|move|p1a: Lokix|U-turn|p2a: Primarina
|-resisted|p2a: Primarina
|-end|p2a: Primarina|Substitute
|
|t:|1760372873
|switch|p1a: Slowking|Slowking-Galar, F|100/100|[from] U-turn
|move|p2a: Primarina|Moonblast|p1a: Slowking
|-resisted|p1a: Slowking
|-damage|p1a: Slowking|81/100
|
|-heal|p2a: Primarina|61/100|[from] item: Leftovers
|upkeep
|turn|26
|
|t:|1760372883
|move|p2a: Primarina|Substitute|p2a: Primarina
|-start|p2a: Primarina|Substitute
|-damage|p2a: Primarina|37/100
|-prepare|p1a: Slowking|Chilly Reception|[premajor]
|move|p1a: Slowking|Chilly Reception|p1a: Slowking
|-weather|Snowscape
|
|t:|1760372885
|switch|p1a: Lokix|Lokix, F|100/100|[from] Chilly Reception
|
|-weather|Snowscape|[upkeep]
|-heal|p2a: Primarina|43/100|[from] item: Leftovers
|upkeep
|turn|27
|
|t:|1760372901
|move|p1a: Lokix|U-turn|p2a: Primarina
|-resisted|p2a: Primarina
|-end|p2a: Primarina|Substitute
|
|t:|1760372903
|switch|p1a: Slowking|Slowking-Galar, F|100/100|[from] U-turn
|move|p2a: Primarina|Psychic Noise|p1a: Slowking
|-damage|p1a: Slowking|72/100
|-start|p1a: Slowking|move: Heal Block
|
|-weather|Snowscape|[upkeep]
|-heal|p2a: Primarina|49/100|[from] item: Leftovers
|upkeep
|turn|28
|
|t:|1760372916
|move|p2a: Primarina|Substitute|p2a: Primarina
|-start|p2a: Primarina|Substitute
|-damage|p2a: Primarina|24/100
|move|p1a: Slowking|Future Sight|p2a: Primarina
|-start|p1a: Slowking|move: Future Sight
|
|-weather|Snowscape|[upkeep]
|-heal|p2a: Primarina|30/100|[from] item: Leftovers
|-end|p1a: Slowking|move: Heal Block
|upkeep
|turn|29
|
|t:|1760372937
|move|p2a: Primarina|Calm Mind|p2a: Primarina
|-boost|p2a: Primarina|spa|1
|-boost|p2a: Primarina|spd|1
|-prepare|p1a: Slowking|Chilly Reception|[premajor]
|move|p1a: Slowking|Chilly Reception|p1a: Slowking
|
|t:|1760372939
|switch|p1a: Lokix|Lokix, F|100/100|[from] Chilly Reception
|
|-weather|Snowscape|[upkeep]
|-heal|p2a: Primarina|36/100|[from] item: Leftovers
|upkeep
|turn|30
|
|t:|1760372958
|move|p1a: Lokix|U-turn|p2a: Primarina
|-resisted|p2a: Primarina
|-end|p2a: Primarina|Substitute
|
|t:|1760372962
|switch|p1a: Alomomola|Alomomola, F|71/100|[from] U-turn
|move|p2a: Primarina|Substitute|p2a: Primarina
|-start|p2a: Primarina|Substitute
|-damage|p2a: Primarina|11/100
|
|-weather|none
|-end|p2a: Primarina|move: Future Sight
|-resisted|p2a: Primarina
|-activate|p2a: Primarina|move: Substitute|[damage]
|-heal|p2a: Primarina|17/100|[from] item: Leftovers
|upkeep
|turn|31
|
|t:|1760372983
|move|p2a: Primarina|Moonblast|p1a: Alomomola
|-damage|p1a: Alomomola|38/100
|-unboost|p1a: Alomomola|spa|1
|move|p1a: Alomomola|Flip Turn|p2a: Primarina
|-end|p2a: Primarina|Substitute
|
|t:|1760372986
|switch|p1a: Lokix|Lokix, F|100/100|[from] Flip Turn
|
|-heal|p2a: Primarina|23/100|[from] item: Leftovers
|upkeep
|turn|32
|
|t:|1760372998
|switch|p2a: Ninetales|Ninetales, M|47/100
|-damage|p2a: Ninetales|22/100|[from] Stealth Rock
|-damage|p2a: Ninetales|10/100|[from] Spikes
|-weather|SunnyDay|[from] ability: Drought|[of] p2a: Ninetales
|move|p1a: Lokix|U-turn|p2a: Ninetales
|-resisted|p2a: Ninetales
|-damage|p2a: Ninetales|0 fnt
|faint|p2a: Ninetales
|
|t:|1760373003
|switch|p1a: Slowking|Slowking-Galar, F|100/100|[from] U-turn
|
|-weather|SunnyDay|[upkeep]
|upkeep
|inactive|jhghjkhipkjnlp has 120 seconds left.
|
|t:|1760373024
|switch|p2a: Hatterene|Hatterene, F|100/100
|-damage|p2a: Hatterene|88/100|[from] Stealth Rock
|-item|p2a: Hatterene|Air Balloon
|turn|33
|
|t:|1760373033
|move|p2a: Hatterene|Nuzzle|p1a: Slowking
|-damage|p1a: Slowking|98/100
|-status|p1a: Slowking|par
|-prepare|p1a: Slowking|Chilly Reception|[premajor]
|cant|p1a: Slowking|par
|
|-weather|SunnyDay|[upkeep]
|upkeep
|turn|34
|inactive|jhghjkhipkjnlp has 120 seconds left.
|
|t:|1760373064
|move|p2a: Hatterene|Healing Wish|p2a: Hatterene
|faint|p2a: Hatterene
|move|p1a: Slowking|Sludge Bomb|p2: Hatterene|[notarget]
|-fail|p1a: Slowking
|
|-weather|SunnyDay|[upkeep]
|upkeep
|
|t:|1760373071
|switch|p2a: Primarina|Primarina, M, tera:Steel|23/100
|-heal|p2a: Primarina|100/100|[from] move: Healing Wish
|-damage|p2a: Primarina|94/100|[from] Stealth Rock
|-damage|p2a: Primarina|82/100|[from] Spikes
|turn|35
|l|☆Maltyy
|inactive|Maltyy disconnected and has a minute to reconnect!
|player|p1|
|inactive|Maltyy has 30 seconds to reconnect!
|inactive|Maltyy has 20 seconds to reconnect!
|inactive|Maltyy has 15 seconds to reconnect!
|inactive|Maltyy has 10 seconds to reconnect!
|inactive|Maltyy has 5 seconds to reconnect!
|-message|Maltyy lost due to inactivity.
|
|win|jhghjkhipkjnlp
|raw|Maltyy's rating: 1356 &rarr; <strong>1338</strong><br />(-18 for losing)
|raw|jhghjkhipkjnlp's rating: 1383 &rarr; <strong>1401</strong><br />(+18 for winning)
|j|☆Maltyy
|player|p1|Maltyy|harlequin|
|l|‽jhghjkhipkjnlp
|player|p2|
|l|☆Maltyy
|player|p1|
|j|☆Maltyy
|player|p1|Maltyy|harlequin|
