|j|☆Cmayron
|j|☆dr. drake6782
|t:|1760375248
|gametype|singles
|player|p1|Cmayron|ethan|1551
|player|p2|dr. drake6782|hilbert-masters|1592
|gen|9
|tier|[Gen 9] OU
|rated|
|rule|HP Percentage Mod: HP is shown in percentages
|rule|Endless Battle Clause: Forcing endless battles is banned
|rule|Species Clause: Limit one of each Pokémon
|rule|OHKO Clause: OHKO moves are banned
|rule|Evasion Items Clause: Evasion items are banned
|rule|Evasion Moves Clause: Evasion moves are banned
|rule|Evasion Abilities Clause: Evasion abilities are banned
|rule|Sleep Moves Clause: Sleep-inducing moves are banned
|clearpoke
|poke|p1|Iron Treads|
|poke|p1|Dragapult, M|
|poke|p1|Dragonite, M|
|poke|p1|Greninja-*, M|
|poke|p1|Ceruledge, M|
|poke|p1|Hatterene, F|
|poke|p2|Pelipper, M|
|poke|p2|Tornadus-Therian, M|
|poke|p2|Iron Treads|
|poke|p2|Decidueye-Hisui, M|
|poke|p2|Barraskewda, M|
|poke|p2|Raging Bolt|
|teampreview
|inactive|Battle timer is ON: inactive players will automatically lose when time's up. (requested by dr. drake6782)
|inactive|dr. drake6782 has 120 seconds left.
|
|t:|1760375280
|teamsize|p1|6
|teamsize|p2|6
|start
|switch|p1a: Hatterene|Hatterene, F|100/100
|switch|p2a: Pelipper|Pelipper, M|100/100
|-weather|RainDance|[from] ability: Drizzle|[of] p2a: Pelipper
|turn|1
|
|t:|1760375285
|move|p2a: Pelipper|U-turn|p1a: Hatterene
|-damage|p1a: Hatterene|92/100
|
|t:|1760375297
|switch|p2a: Iron Treads|Iron Treads|100/100|[from] U-turn
|move|p1a: Hatterene|Nuzzle|p2a: Iron Treads
|-immune|p2a: Iron Treads
|
|-weather|RainDance|[upkeep]
|-heal|p1a: Hatterene|98/100|[from] item: Leftovers
|upkeep
|turn|2
|
|t:|1760375300
|move|p2a: Iron Treads|Knock Off|p1a: Hatterene
|-damage|p1a: Hatterene|77/100
|-enditem|p1a: Hatterene|Leftovers|[from] move: Knock Off|[of] p2a: Iron Treads
|move|p1a: Hatterene|Mystical Fire|p2a: Iron Treads
|-supereffective|p2a: Iron Treads
|-damage|p2a: Iron Treads|83/100
|-unboost|p2a: Iron Treads|spa|1
|
|-weather|RainDance|[upkeep]
|-heal|p2a: Iron Treads|89/100|[from] item: Leftovers
|upkeep
|turn|3
|
|t:|1760375309
|move|p2a: Iron Treads|Earthquake|p1a: Hatterene
|-crit|p1a: Hatterene
|-damage|p1a: Hatterene|28/100
|move|p1a: Hatterene|Calm Mind|p1a: Hatterene
|-boost|p1a: Hatterene|spa|1
|-boost|p1a: Hatterene|spd|1
|
|-weather|RainDance|[upkeep]
|-heal|p2a: Iron Treads|95/100|[from] item: Leftovers
|upkeep
|turn|4
|
|t:|1760375311
|move|p2a: Iron Treads|Rapid Spin|p1a: Hatterene
|-damage|p1a: Hatterene|18/100
|-boost|p2a: Iron Treads|spe|1
|move|p1a: Hatterene|Draining Kiss|p2a: Iron Treads
|-resisted|p2a: Iron Treads
|-damage|p2a: Iron Treads|82/100
|-heal|p1a: Hatterene|30/100|[from] drain|[of] p2a: Iron Treads
|
|-weather|RainDance|[upkeep]
|-heal|p2a: Iron Treads|88/100|[from] item: Leftovers
|upkeep
|turn|5
|
|t:|1760375318
|move|p2a: Iron Treads|Rapid Spin|p1a: Hatterene
|-damage|p1a: Hatterene|19/100
|-boost|p2a: Iron Treads|spe|1
|move|p1a: Hatterene|Draining Kiss|p2a: Iron Treads
|-resisted|p2a: Iron Treads
|-damage|p2a: Iron Treads|74/100
|-heal|p1a: Hatterene|32/100|[from] drain|[of] p2a: Iron Treads
|
|-weather|RainDance|[upkeep]
|-heal|p2a: Iron Treads|80/100|[from] item: Leftovers
|upkeep
|turn|6
|
|t:|1760375322
|move|p2a: Iron Treads|Earthquake|p1a: Hatterene
|-damage|p1a: Hatterene|3/100
|move|p1a: Hatterene|Draining Kiss|p2a: Iron Treads
|-resisted|p2a: Iron Treads
|-damage|p2a: Iron Treads|65/100
|-heal|p1a: Hatterene|16/100|[from] drain|[of] p2a: Iron Treads
|
|-weather|RainDance|[upkeep]
|-heal|p2a: Iron Treads|71/100|[from] item: Leftovers
|upkeep
|turn|7
|
|t:|1760375326
|move|p2a: Iron Treads|Rapid Spin|p1a: Hatterene
|-damage|p1a: Hatterene|5/100
|-boost|p2a: Iron Treads|spe|1
|move|p1a: Hatterene|Draining Kiss|p2a: Iron Treads
|-resisted|p2a: Iron Treads
|-damage|p2a: Iron Treads|58/100
|-heal|p1a: Hatterene|17/100|[from] drain|[of] p2a: Iron Treads
|
|-weather|RainDance|[upkeep]
|-heal|p2a: Iron Treads|64/100|[from] item: Leftovers
|upkeep
|turn|8
|
|t:|1760375329
|move|p2a: Iron Treads|Earthquake|p1a: Hatterene
|-damage|p1a: Hatterene|0 fnt
|faint|p1a: Hatterene
|
|-weather|none
|-heal|p2a: Iron Treads|70/100|[from] item: Leftovers
|upkeep
|
|t:|1760375331
|switch|p1a: Greninja|Greninja, M|100/100
|turn|9
|
|t:|1760375346
|move|p1a: Greninja|Water Shuriken|p2a: Iron Treads
|-supereffective|p2a: Iron Treads
|-damage|p2a: Iron Treads|57/100
|-supereffective|p2a: Iron Treads
|-damage|p2a: Iron Treads|43/100
|-hitcount|p2a: Iron Treads|2
|-damage|p1a: Greninja|91/100|[from] item: Life Orb
|move|p2a: Iron Treads|Earthquake|p1a: Greninja
|-damage|p1a: Greninja|22/100
|
|-heal|p2a: Iron Treads|49/100|[from] item: Leftovers
|upkeep
|turn|10
|
|t:|1760375353
|move|p1a: Greninja|Water Shuriken|p2a: Iron Treads
|-supereffective|p2a: Iron Treads
|-damage|p2a: Iron Treads|34/100
|-supereffective|p2a: Iron Treads
|-damage|p2a: Iron Treads|19/100
|-supereffective|p2a: Iron Treads
|-damage|p2a: Iron Treads|4/100
|-hitcount|p2a: Iron Treads|3
|-damage|p1a: Greninja|12/100|[from] item: Life Orb
|move|p2a: Iron Treads|Earthquake|p1a: Greninja
|-damage|p1a: Greninja|0 fnt
|faint|p1a: Greninja
|
|-heal|p2a: Iron Treads|10/100|[from] item: Leftovers
|upkeep
|
|t:|1760375359
|switch|p1a: Ceruledge|Ceruledge, M, shiny|100/100
|turn|11
|
|t:|1760375362
|move|p1a: Ceruledge|Shadow Sneak|p2a: Iron Treads
|-crit|p2a: Iron Treads
|-damage|p2a: Iron Treads|0 fnt
|faint|p2a: Iron Treads
|-end|p2a: Iron Treads|Quark Drive|[silent]
|
|upkeep
|
|t:|1760375363
|switch|p2a: Pelipper|Pelipper, M|100/100
|-weather|RainDance|[from] ability: Drizzle|[of] p2a: Pelipper
|turn|12
|
|t:|1760375368
|move|p1a: Ceruledge|Bulk Up|p1a: Ceruledge
|-boost|p1a: Ceruledge|atk|1
|-boost|p1a: Ceruledge|def|1
|move|p2a: Pelipper|Surf|p1a: Ceruledge
|-supereffective|p1a: Ceruledge
|-crit|p1a: Ceruledge
|-damage|p1a: Ceruledge|10/100
|
|-weather|RainDance|[upkeep]
|upkeep
|turn|13
|
|t:|1760375371
|move|p1a: Ceruledge|Shadow Sneak|p2a: Pelipper
|-damage|p2a: Pelipper|82/100
|move|p2a: Pelipper|Surf|p1a: Ceruledge
|-supereffective|p1a: Ceruledge
|-damage|p1a: Ceruledge|0 fnt
|faint|p1a: Ceruledge
|
|-weather|RainDance|[upkeep]
|upkeep
|
|t:|1760375374
|switch|p1a: Dragonite|Dragonite, M, shiny|100/100
|turn|14
|
|t:|1760375384
|move|p1a: Dragonite|Dragon Dance|p1a: Dragonite
|-boost|p1a: Dragonite|atk|1
|-boost|p1a: Dragonite|spe|1
|move|p2a: Pelipper|U-turn|p1a: Dragonite
|-resisted|p1a: Dragonite
|-damage|p1a: Dragonite|98/100
|
|t:|1760375388
|switch|p2a: Raging Bolt|Raging Bolt|100/100|[from] U-turn
|-enditem|p2a: Raging Bolt|Booster Energy
|-activate|p2a: Raging Bolt|ability: Protosynthesis|[fromitem]
|-start|p2a: Raging Bolt|protosynthesisspa
|
|-weather|RainDance|[upkeep]
|upkeep
|turn|15
|
|t:|1760375398
|-terastallize|p2a: Raging Bolt|Bug
|move|p1a: Dragonite|Scale Shot|p2a: Raging Bolt
|-damage|p2a: Raging Bolt|80/100
|-damage|p2a: Raging Bolt|62/100
|-damage|p2a: Raging Bolt|43/100
|-damage|p2a: Raging Bolt|25/100
|-damage|p2a: Raging Bolt|3/100
|-hitcount|p2a: Raging Bolt|5
|-unboost|p1a: Dragonite|def|1
|-boost|p1a: Dragonite|spe|1
|move|p2a: Raging Bolt|Thunder|p1a: Dragonite
|-damage|p1a: Dragonite|8/100
|
|-weather|RainDance|[upkeep]
|upkeep
|turn|16
|
|t:|1760375408
|move|p2a: Raging Bolt|Thunderclap||[still]
|-fail|p2a: Raging Bolt
|move|p1a: Dragonite|Encore|p2a: Raging Bolt
|-start|p2a: Raging Bolt|Encore
|
|-weather|RainDance|[upkeep]
|upkeep
|turn|17
|
|t:|1760375416
|-end|p2a: Raging Bolt|Protosynthesis|[silent]
|switch|p2a: Decidueye|Decidueye-Hisui, M, shiny|100/100
|move|p1a: Dragonite|Dragon Dance|p1a: Dragonite
|-boost|p1a: Dragonite|atk|1
|-boost|p1a: Dragonite|spe|1
|
|-weather|RainDance|[upkeep]
|upkeep
|turn|18
|
|t:|1760375422
|move|p1a: Dragonite|Scale Shot|p2a: Decidueye
|-damage|p2a: Decidueye|80/100
|-damage|p2a: Decidueye|58/100
|-damage|p2a: Decidueye|38/100
|-damage|p2a: Decidueye|15/100
|-hitcount|p2a: Decidueye|4
|-unboost|p1a: Dragonite|def|1
|-boost|p1a: Dragonite|spe|1
|move|p2a: Decidueye|Triple Arrows|p1a: Dragonite
|-resisted|p1a: Dragonite
|-damage|p1a: Dragonite|0 fnt
|faint|p1a: Dragonite
|
|-weather|RainDance|[upkeep]
|upkeep
|
|t:|1760375432
|switch|p1a: Dragapult|Dragapult, M|100/100
|turn|19
|inactive|dr. drake6782 has 120 seconds left.
|
|t:|1760375465
|move|p1a: Dragapult|Hex|p2a: Decidueye
|-damage|p2a: Decidueye|0 fnt
|faint|p2a: Decidueye
|
|-weather|none
|upkeep
|
|t:|1760375466
|switch|p2a: Pelipper|Pelipper, M|82/100
|-weather|RainDance|[from] ability: Drizzle|[of] p2a: Pelipper
|turn|20
|
|t:|1760375470
|move|p1a: Dragapult|Thunder Wave|p2a: Pelipper
|-status|p2a: Pelipper|par
|move|p2a: Pelipper|Hurricane|p1a: Dragapult
|-damage|p1a: Dragapult|52/100
|
|-weather|RainDance|[upkeep]
|upkeep
|turn|21
|
|t:|1760375474
|move|p1a: Dragapult|Hex|p2a: Pelipper
|-damage|p2a: Pelipper|5/100 par
|cant|p2a: Pelipper|par
|
|-weather|RainDance|[upkeep]
|upkeep
|turn|22
|
|t:|1760375479
|move|p1a: Dragapult|Hex|p2a: Pelipper
|-damage|p2a: Pelipper|0 fnt
|faint|p2a: Pelipper
|
|-weather|RainDance|[upkeep]
|upkeep
|
|t:|1760375483
|switch|p2a: Barraskewda|Barraskewda, M, shiny|100/100
|turn|23
|
|t:|1760375486
|move|p2a: Barraskewda|Liquidation|p1a: Dragapult
|-resisted|p1a: Dragapult
|-damage|p1a: Dragapult|0 fnt
|faint|p1a: Dragapult
|-damage|p2a: Barraskewda|91/100|[from] item: Life Orb
|
|-weather|RainDance|[upkeep]
|upkeep
|c|☆dr. drake6782|gg
|
|t:|1760375489
|switch|p1a: Iron Treads|Iron Treads|100/100
|-enditem|p1a: Iron Treads|Booster Energy
|-activate|p1a: Iron Treads|ability: Quark Drive|[fromitem]
|-start|p1a: Iron Treads|quarkdrivespe
|turn|24
|
|t:|1760375492
|move|p2a: Barraskewda|Liquidation|p1a: Iron Treads
|-supereffective|p1a: Iron Treads
|-damage|p1a: Iron Treads|0 fnt
|faint|p1a: Iron Treads
|-end|p1a: Iron Treads|Quark Drive|[silent]
|-damage|p2a: Barraskewda|81/100|[from] item: Life Orb
|
|win|dr. drake6782
|raw|Cmayron's rating: 1532 &rarr; <strong>1517</strong><br />(-15 for losing)
|raw|dr. drake6782's rating: 1612 &rarr; <strong>1627</strong><br />(+15 for winning)
