|j|☆JELLLEN
|j|☆Beelzebub235
|t:|1760364684
|gametype|singles
|player|p1|JELLLEN|backersf|1049
|player|p2|Beelzebub235|265|1083
|gen|9
|tier|[Gen 9] OU
|rated|
|rule|HP Percentage Mod: HP is shown in percentages
|rule|Endless Battle Clause: Forcing endless battles is banned
|rule|Species Clause: Limit one of each Pokémon
|rule|OHKO Clause: OHKO moves are banned
|rule|Evasion Items Clause: Evasion items are banned
|rule|Evasion Moves Clause: Evasion moves are banned
|rule|Evasion Abilities Clause: Evasion abilities are banned
|rule|Sleep Moves Clause: Sleep-inducing moves are banned
|clearpoke
|poke|p1|Toxapex, F|
|poke|p1|Gliscor, M|
|poke|p1|Talonflame, F|
|poke|p1|Blissey, F|
|poke|p1|Dondozo, F|
|poke|p1|Weezing-Galar, F|
|poke|p2|Chesnaught, F|
|poke|p2|Mandibuzz, F|
|poke|p2|Slowking-Galar, M|
|poke|p2|Tyranitar, F|
|poke|p2|Zapdos|
|poke|p2|Pelipper, M|
|teampreview
|inactive|Battle timer is ON: inactive players will automatically lose when time's up. (requested by JELLLEN)
|
|t:|1760364695
|teamsize|p1|6
|teamsize|p2|6
|start
|switch|p1a: Gliscor|Gliscor, M|100/100
|switch|p2a: Slowking|Slowking-Galar, M|100/100
|turn|1
|
|t:|1760364702
|switch|p2a: Pelipper|Pelipper, M|100/100
|-weather|RainDance|[from] ability: Drizzle|[of] p2a: Pelipper
|move|p1a: Gliscor|Earthquake|p2a: Pelipper
|-immune|p2a: Pelipper
|
|-weather|RainDance|[upkeep]
|-status|p1a: Gliscor|tox|[from] item: Toxic Orb
|upkeep
|turn|2
|
|t:|1760364709
|move|p1a: Gliscor|Protect|p1a: Gliscor
|-singleturn|p1a: Gliscor|Protect
|move|p2a: Pelipper|Surf|p1a: Gliscor
|-activate|p1a: Gliscor|move: Protect
|
|-weather|RainDance|[upkeep]
|upkeep
|turn|3
|
|t:|1760364713
|switch|p1a: Blissey|Blissey, F|100/100
|move|p2a: Pelipper|Surf|p1a: Blissey
|-damage|p1a: Blissey|74/100
|
|-weather|RainDance|[upkeep]
|-heal|p1a: Blissey|80/100|[from] item: Leftovers
|upkeep
|turn|4
|
|t:|1760364720
|switch|p2a: Tyranitar|Tyranitar, F|100/100
|-weather|Sandstorm|[from] ability: Sand Stream|[of] p2a: Tyranitar
|move|p1a: Blissey|Stealth Rock|p2a: Tyranitar
|-sidestart|p2: Beelzebub235|move: Stealth Rock
|
|-weather|Sandstorm|[upkeep]
|-damage|p1a: Blissey|74/100|[from] Sandstorm
|-heal|p1a: Blissey|80/100|[from] item: Leftovers
|upkeep
|turn|5
|
|t:|1760364727
|switch|p1a: Gliscor|Gliscor, M|100/100 tox
|move|p2a: Tyranitar|Stone Edge|p1a: Gliscor
|-damage|p1a: Gliscor|55/100 tox
|
|-weather|Sandstorm|[upkeep]
|-heal|p1a: Gliscor|68/100 tox|[from] ability: Poison Heal
|upkeep
|turn|6
|
|t:|1760364735
|switch|p2a: Mandibuzz|Mandibuzz, F|100/100
|move|p1a: Gliscor|Protect||[still]
|-fail|p1a: Gliscor
|
|-weather|Sandstorm|[upkeep]
|-heal|p1a: Gliscor|80/100 tox|[from] ability: Poison Heal
|upkeep
|turn|7
|
|t:|1760364740
|move|p1a: Gliscor|Knock Off|p2a: Mandibuzz
|-resisted|p2a: Mandibuzz
|-damage|p2a: Mandibuzz|94/100
|-enditem|p2a: Mandibuzz|Heavy-Duty Boots|[from] move: Knock Off|[of] p1a: Gliscor
|move|p2a: Mandibuzz|Defog|p1a: Gliscor
|-unboost|p1a: Gliscor|evasion|1
|-sideend|p2: Beelzebub235|Stealth Rock|[from] move: Defog|[of] p2a: Mandibuzz
|
|-weather|Sandstorm|[upkeep]
|-heal|p1a: Gliscor|93/100 tox|[from] ability: Poison Heal
|upkeep
|turn|8
|
|t:|1760364748
|move|p1a: Gliscor|Spikes|p2a: Mandibuzz
|-sidestart|p2: Beelzebub235|Spikes
|move|p2a: Mandibuzz|U-turn|p1a: Gliscor
|-resisted|p1a: Gliscor
|-damage|p1a: Gliscor|89/100 tox
|
|t:|1760364751
|switch|p2a: Pelipper|Pelipper, M|100/100|[from] U-turn
|-weather|RainDance|[from] ability: Drizzle|[of] p2a: Pelipper
|
|-weather|RainDance|[upkeep]
|-heal|p1a: Gliscor|100/100 tox|[from] ability: Poison Heal
|upkeep
|turn|9
|
|t:|1760364758
|switch|p1a: Blissey|Blissey, F|80/100
|move|p2a: Pelipper|Surf|p1a: Blissey
|-damage|p1a: Blissey|52/100
|
|-weather|RainDance|[upkeep]
|-heal|p1a: Blissey|58/100|[from] item: Leftovers
|upkeep
|turn|10
|
|t:|1760364764
|switch|p2a: Mandibuzz|Mandibuzz, F|94/100
|move|p1a: Blissey|Soft-Boiled|p1a: Blissey
|-heal|p1a: Blissey|100/100
|
|-weather|RainDance|[upkeep]
|upkeep
|turn|11
|
|t:|1760364771
|switch|p1a: Toxapex|Toxapex, F|100/100
|move|p2a: Mandibuzz|Defog|p1a: Toxapex
|-unboost|p1a: Toxapex|evasion|1
|-sideend|p2: Beelzebub235|Spikes|[from] move: Defog|[of] p2a: Mandibuzz
|
|-weather|RainDance|[upkeep]
|upkeep
|turn|12
|
|t:|1760364777
|switch|p2a: Zapdos|Zapdos|100/100
|-ability|p2a: Zapdos|Pressure
|move|p1a: Toxapex|Toxic Spikes|p2a: Zapdos
|-sidestart|p2: Beelzebub235|move: Toxic Spikes
|
|-weather|none
|upkeep
|turn|13
|
|t:|1760364781
|move|p2a: Zapdos|Volt Switch|p1a: Toxapex
|-supereffective|p1a: Toxapex
|-damage|p1a: Toxapex|34/100
|
|t:|1760364784
|switch|p2a: Slowking|Slowking-Galar, M|100/100|[from] Volt Switch
|-sideend|p2: Beelzebub235|move: Toxic Spikes|[of] p2a: Slowking
|move|p1a: Toxapex|Toxic|p2a: Slowking
|-immune|p2a: Slowking
|
|-heal|p1a: Toxapex|40/100|[from] item: Leftovers
|upkeep
|turn|14
|
|t:|1760364796
|switch|p1a: Blissey|Blissey, F|100/100
|move|p2a: Slowking|Future Sight|p1a: Blissey
|-start|p2a: Slowking|move: Future Sight
|
|upkeep
|turn|15
|
|t:|1760364805
|switch|p2a: Tyranitar|Tyranitar, F|100/100
|-weather|Sandstorm|[from] ability: Sand Stream|[of] p2a: Tyranitar
|move|p1a: Blissey|Stealth Rock|p2a: Tyranitar
|-sidestart|p2: Beelzebub235|move: Stealth Rock
|
|-weather|Sandstorm|[upkeep]
|-damage|p1a: Blissey|94/100|[from] Sandstorm
|-heal|p1a: Blissey|100/100|[from] item: Leftovers
|upkeep
|turn|16
|
|t:|1760364824
|switch|p1a: Dondozo|Dondozo, F|100/100
|move|p2a: Tyranitar|Knock Off|p1a: Dondozo
|-damage|p1a: Dondozo|65/100
|-enditem|p1a: Dondozo|Leftovers|[from] move: Knock Off|[of] p2a: Tyranitar
|
|-weather|Sandstorm|[upkeep]
|-damage|p1a: Dondozo|59/100|[from] Sandstorm
|-end|p1a: Dondozo|move: Future Sight
|-damage|p1a: Dondozo|21/100
|upkeep
|turn|17
|inactive|Beelzebub235 has 120 seconds left.
|
|t:|1760364851
|switch|p2a: Zapdos|Zapdos|100/100
|-ability|p2a: Zapdos|Pressure
|move|p1a: Dondozo|Rest|p1a: Dondozo
|-status|p1a: Dondozo|slp|[from] move: Rest
|-heal|p1a: Dondozo|100/100 slp|[silent]
|
|-weather|Sandstorm|[upkeep]
|-damage|p2a: Zapdos|94/100|[from] Sandstorm
|-damage|p1a: Dondozo|94/100 slp|[from] Sandstorm
|upkeep
|turn|18
|inactive|Beelzebub235 has 120 seconds left.
|
|t:|1760364862
|switch|p1a: Gliscor|Gliscor, M|100/100 tox
|move|p2a: Zapdos|Volt Switch|p1a: Gliscor
|-immune|p1a: Gliscor
|
|-weather|Sandstorm|[upkeep]
|-damage|p2a: Zapdos|88/100|[from] Sandstorm
|upkeep
|turn|19
|
|t:|1760364870
|switch|p2a: Mandibuzz|Mandibuzz, F|94/100
|-damage|p2a: Mandibuzz|70/100|[from] Stealth Rock
|move|p1a: Gliscor|Knock Off|p2a: Mandibuzz
|-resisted|p2a: Mandibuzz
|-damage|p2a: Mandibuzz|66/100
|
|-weather|none
|upkeep
|turn|20
|
|t:|1760364880
|switch|p1a: Toxapex|Toxapex, F|74/100
|move|p2a: Mandibuzz|Defog|p1a: Toxapex
|-unboost|p1a: Toxapex|evasion|1
|-sideend|p2: Beelzebub235|Stealth Rock|[from] move: Defog|[of] p2a: Mandibuzz
|
|-heal|p1a: Toxapex|80/100|[from] item: Leftovers
|upkeep
|turn|21
|
|t:|1760364887
|move|p2a: Mandibuzz|U-turn|p1a: Toxapex
|-resisted|p1a: Toxapex
|-damage|p1a: Toxapex|76/100
|
|t:|1760364890
|switch|p2a: Zapdos|Zapdos|88/100|[from] U-turn
|-ability|p2a: Zapdos|Pressure
|move|p1a: Toxapex|Toxic Spikes|p2a: Zapdos
|-sidestart|p2: Beelzebub235|move: Toxic Spikes
|
|-heal|p1a: Toxapex|82/100|[from] item: Leftovers
|upkeep
|turn|22
|inactive|Beelzebub235 has 120 seconds left.
|
|t:|1760364930
|switch|p1a: Gliscor|Gliscor, M|100/100 tox
|move|p2a: Zapdos|Volt Switch|p1a: Gliscor
|-immune|p1a: Gliscor
|
|upkeep
|turn|23
|
|t:|1760364940
|switch|p2a: Pelipper|Pelipper, M|100/100
|-weather|RainDance|[from] ability: Drizzle|[of] p2a: Pelipper
|move|p1a: Gliscor|Knock Off|p2a: Pelipper
|-damage|p2a: Pelipper|76/100
|-enditem|p2a: Pelipper|Choice Specs|[from] move: Knock Off|[of] p1a: Gliscor
|
|-weather|RainDance|[upkeep]
|upkeep
|turn|24
|
|t:|1760364950
|move|p1a: Gliscor|Protect|p1a: Gliscor
|-singleturn|p1a: Gliscor|Protect
|move|p2a: Pelipper|Hurricane|p1a: Gliscor
|-activate|p1a: Gliscor|move: Protect
|
|-weather|RainDance|[upkeep]
|upkeep
|turn|25
|
|t:|1760364956
|switch|p1a: Blissey|Blissey, F|100/100
|move|p2a: Pelipper|Surf|p1a: Blissey
|-damage|p1a: Blissey|80/100
|
|-weather|RainDance|[upkeep]
|-heal|p1a: Blissey|87/100|[from] item: Leftovers
|upkeep
|turn|26
|inactive|Beelzebub235 has 120 seconds left.
|
|t:|1760364985
|switch|p2a: Slowking|Slowking-Galar, M|100/100
|-sideend|p2: Beelzebub235|move: Toxic Spikes|[of] p2a: Slowking
|move|p1a: Blissey|Stealth Rock|p2a: Slowking
|-sidestart|p2: Beelzebub235|move: Stealth Rock
|
|-weather|RainDance|[upkeep]
|-heal|p1a: Blissey|93/100|[from] item: Leftovers
|upkeep
|turn|27
|inactive|Beelzebub235 has 120 seconds left.
|
|t:|1760365001
|switch|p1a: Gliscor|Gliscor, M|100/100 tox
|move|p2a: Slowking|Future Sight|p1a: Gliscor
|-start|p2a: Slowking|move: Future Sight
|
|-weather|none
|upkeep
|turn|28
|
|t:|1760365010
|switch|p2a: Mandibuzz|Mandibuzz, F|66/100
|-damage|p2a: Mandibuzz|41/100|[from] Stealth Rock
|move|p1a: Gliscor|Earthquake|p2a: Mandibuzz
|-immune|p2a: Mandibuzz
|
|upkeep
|turn|29
|
|t:|1760365016
|switch|p1a: Blissey|Blissey, F|93/100
|move|p2a: Mandibuzz|Roost|p2a: Mandibuzz
|-heal|p2a: Mandibuzz|91/100
|-singleturn|p2a: Mandibuzz|move: Roost
|
|-end|p1a: Blissey|move: Future Sight
|-damage|p1a: Blissey|75/100
|-heal|p1a: Blissey|81/100|[from] item: Leftovers
|upkeep
|turn|30
|
|t:|1760365025
|move|p2a: Mandibuzz|Defog|p1a: Blissey
|-unboost|p1a: Blissey|evasion|1
|-sideend|p2: Beelzebub235|Stealth Rock|[from] move: Defog|[of] p2a: Mandibuzz
|move|p1a: Blissey|Stealth Rock|p2a: Mandibuzz
|-sidestart|p2: Beelzebub235|move: Stealth Rock
|
|-heal|p1a: Blissey|87/100|[from] item: Leftovers
|upkeep
|turn|31
|
|t:|1760365030
|move|p2a: Mandibuzz|Defog|p1a: Blissey
|-unboost|p1a: Blissey|evasion|1
|-sideend|p2: Beelzebub235|Stealth Rock|[from] move: Defog|[of] p2a: Mandibuzz
|move|p1a: Blissey|Seismic Toss|p2a: Mandibuzz
|-damage|p2a: Mandibuzz|67/100
|
|-heal|p1a: Blissey|93/100|[from] item: Leftovers
|upkeep
|turn|32
|
|t:|1760365036
|move|p2a: Mandibuzz|Roost|p2a: Mandibuzz
|-heal|p2a: Mandibuzz|100/100
|-singleturn|p2a: Mandibuzz|move: Roost
|move|p1a: Blissey|Stealth Rock|p2a: Mandibuzz
|-sidestart|p2: Beelzebub235|move: Stealth Rock
|
|-heal|p1a: Blissey|99/100|[from] item: Leftovers
|upkeep
|turn|33
|
|t:|1760365046
|move|p2a: Mandibuzz|Defog|p1a: Blissey
|-unboost|p1a: Blissey|evasion|1
|-sideend|p2: Beelzebub235|Stealth Rock|[from] move: Defog|[of] p2a: Mandibuzz
|move|p1a: Blissey|Stealth Rock|p2a: Mandibuzz
|-sidestart|p2: Beelzebub235|move: Stealth Rock
|
|-heal|p1a: Blissey|100/100|[from] item: Leftovers
|upkeep
|turn|34
|
|t:|1760365057
|move|p2a: Mandibuzz|Defog|p1a: Blissey
|-unboost|p1a: Blissey|evasion|1
|-sideend|p2: Beelzebub235|Stealth Rock|[from] move: Defog|[of] p2a: Mandibuzz
|move|p1a: Blissey|Stealth Rock|p2a: Mandibuzz
|-sidestart|p2: Beelzebub235|move: Stealth Rock
|
|upkeep
|turn|35
|
|t:|1760365065
|move|p2a: Mandibuzz|Defog|p1a: Blissey
|-unboost|p1a: Blissey|evasion|1
|-sideend|p2: Beelzebub235|Stealth Rock|[from] move: Defog|[of] p2a: Mandibuzz
|move|p1a: Blissey|Stealth Rock|p2a: Mandibuzz
|-sidestart|p2: Beelzebub235|move: Stealth Rock
|
|upkeep
|turn|36
|
|t:|1760365070
|move|p2a: Mandibuzz|Foul Play|p1a: Blissey
|-damage|p1a: Blissey|97/100
|move|p1a: Blissey|Stealth Rock||[still]
|-fail|p1a: Blissey
|
|-heal|p1a: Blissey|100/100|[from] item: Leftovers
|upkeep
|turn|37
|
|t:|1760365073
|move|p2a: Mandibuzz|Defog|p1a: Blissey
|-unboost|p1a: Blissey|evasion|1
|-sideend|p2: Beelzebub235|Stealth Rock|[from] move: Defog|[of] p2a: Mandibuzz
|move|p1a: Blissey|Seismic Toss|p2a: Mandibuzz
|-damage|p2a: Mandibuzz|77/100
|
|upkeep
|turn|38
|
|t:|1760365078
|move|p2a: Mandibuzz|U-turn|p1a: Blissey
|-damage|p1a: Blissey|88/100
|
|t:|1760365083
|switch|p2a: Tyranitar|Tyranitar, F|100/100|[from] U-turn
|-weather|Sandstorm|[from] ability: Sand Stream|[of] p2a: Tyranitar
|move|p1a: Blissey|Stealth Rock|p2a: Tyranitar
|-sidestart|p2: Beelzebub235|move: Stealth Rock
|
|-weather|Sandstorm|[upkeep]
|-damage|p1a: Blissey|81/100|[from] Sandstorm
|-heal|p1a: Blissey|88/100|[from] item: Leftovers
|upkeep
|turn|39
|
|t:|1760365096
|switch|p1a: Gliscor|Gliscor, M|100/100 tox
|move|p2a: Tyranitar|Knock Off|p1a: Gliscor
|-damage|p1a: Gliscor|60/100 tox
|-enditem|p1a: Gliscor|Toxic Orb|[from] move: Knock Off|[of] p2a: Tyranitar
|
|-weather|Sandstorm|[upkeep]
|-heal|p1a: Gliscor|72/100 tox|[from] ability: Poison Heal
|upkeep
|turn|40
|
|t:|1760365104
|move|p1a: Gliscor|Protect|p1a: Gliscor
|-singleturn|p1a: Gliscor|Protect
|move|p2a: Tyranitar|Ice Punch|p1a: Gliscor
|-activate|p1a: Gliscor|move: Protect
|
|-weather|Sandstorm|[upkeep]
|-heal|p1a: Gliscor|85/100 tox|[from] ability: Poison Heal
|upkeep
|turn|41
|
|t:|1760365119
|-terastallize|p1a: Gliscor|Dark
|move|p1a: Gliscor|Knock Off|p2a: Tyranitar
|-resisted|p2a: Tyranitar
|-damage|p2a: Tyranitar|88/100
|-enditem|p2a: Tyranitar|Leftovers|[from] move: Knock Off|[of] p1a: Gliscor
|move|p2a: Tyranitar|Ice Punch|p1a: Gliscor
|-damage|p1a: Gliscor|61/100 tox
|
|-weather|Sandstorm|[upkeep]
|-damage|p1a: Gliscor|55/100 tox|[from] Sandstorm
|-heal|p1a: Gliscor|67/100 tox|[from] ability: Poison Heal
|upkeep
|turn|42
|inactive|Beelzebub235 has 120 seconds left.
|
|t:|1760365162
|switch|p2a: Pelipper|Pelipper, M|76/100
|-damage|p2a: Pelipper|51/100|[from] Stealth Rock
|-weather|RainDance|[from] ability: Drizzle|[of] p2a: Pelipper
|move|p1a: Gliscor|Earthquake|p2a: Pelipper
|-immune|p2a: Pelipper
|
|-weather|RainDance|[upkeep]
|-heal|p1a: Gliscor|80/100 tox|[from] ability: Poison Heal
|upkeep
|turn|43
|
|t:|1760365190
|move|p1a: Gliscor|Protect|p1a: Gliscor
|-singleturn|p1a: Gliscor|Protect
|move|p2a: Pelipper|Surf|p1a: Gliscor
|-activate|p1a: Gliscor|move: Protect
|
|-weather|RainDance|[upkeep]
|-heal|p1a: Gliscor|92/100 tox|[from] ability: Poison Heal
|upkeep
|turn|44
|
|t:|1760365197
|switch|p1a: Toxapex|Toxapex, F|100/100
|move|p2a: Pelipper|Hurricane|p1a: Toxapex
|-crit|p1a: Toxapex
|-damage|p1a: Toxapex|35/100
|
|-weather|RainDance|[upkeep]
|-heal|p1a: Toxapex|41/100|[from] item: Leftovers
|upkeep
|turn|45
|
|t:|1760365221
|switch|p1a: Blissey|Blissey, F|88/100
|move|p2a: Pelipper|Hurricane|p1a: Blissey
|-damage|p1a: Blissey|72/100
|
|-weather|RainDance|[upkeep]
|-heal|p1a: Blissey|79/100|[from] item: Leftovers
|upkeep
|turn|46
|inactive|Beelzebub235 has 90 seconds left.
|
|t:|1760365263
|move|p2a: Pelipper|U-turn|p1a: Blissey
|-damage|p1a: Blissey|69/100
|
|t:|1760365268
|switch|p2a: Chesnaught|Chesnaught, F|100/100|[from] U-turn
|-damage|p2a: Chesnaught|94/100|[from] Stealth Rock
|move|p1a: Blissey|Seismic Toss|p2a: Chesnaught
|-damage|p2a: Chesnaught|68/100
|-damage|p1a: Blissey|52/100|[from] item: Rocky Helmet|[of] p2a: Chesnaught
|
|-weather|none
|-heal|p1a: Blissey|59/100|[from] item: Leftovers
|upkeep
|turn|47
|
|t:|1760365276
|switch|p1a: Talonflame|Talonflame, F|100/100
|move|p2a: Chesnaught|Spikes|p1a: Talonflame
|-sidestart|p1: JELLLEN|Spikes
|
|upkeep
|turn|48
|
|t:|1760365281
|switch|p2a: Tyranitar|Tyranitar, F|88/100
|-damage|p2a: Tyranitar|76/100|[from] Stealth Rock
|-weather|Sandstorm|[from] ability: Sand Stream|[of] p2a: Tyranitar
|move|p1a: Talonflame|Will-O-Wisp|p2a: Tyranitar|[miss]
|-miss|p1a: Talonflame|p2a: Tyranitar
|
|-weather|Sandstorm|[upkeep]
|-damage|p1a: Talonflame|94/100|[from] Sandstorm
|upkeep
|turn|49
|
|t:|1760365290
|switch|p1a: Gliscor|Gliscor, M, tera:Dark|92/100 tox
|-damage|p1a: Gliscor|80/100 tox|[from] Spikes
|move|p2a: Tyranitar|Stone Edge|p1a: Gliscor
|-damage|p1a: Gliscor|30/100 tox
|
|-weather|Sandstorm|[upkeep]
|-damage|p1a: Gliscor|24/100 tox|[from] Sandstorm
|-heal|p1a: Gliscor|37/100 tox|[from] ability: Poison Heal
|upkeep
|turn|50
|inactive|Beelzebub235 has 90 seconds left.
|
|t:|1760365299
|move|p1a: Gliscor|Protect|p1a: Gliscor
|-singleturn|p1a: Gliscor|Protect
|move|p2a: Tyranitar|Stone Edge|p1a: Gliscor
|-activate|p1a: Gliscor|move: Protect
|
|-weather|Sandstorm|[upkeep]
|-damage|p1a: Gliscor|30/100 tox|[from] Sandstorm
|-heal|p1a: Gliscor|43/100 tox|[from] ability: Poison Heal
|upkeep
|turn|51
|
|t:|1760365307
|move|p1a: Gliscor|Earthquake|p2a: Tyranitar
|-supereffective|p2a: Tyranitar
|-damage|p2a: Tyranitar|23/100
|move|p2a: Tyranitar|Stone Edge|p1a: Gliscor|[miss]
|-miss|p2a: Tyranitar|p1a: Gliscor
|
|-weather|Sandstorm|[upkeep]
|-damage|p1a: Gliscor|37/100 tox|[from] Sandstorm
|-heal|p1a: Gliscor|49/100 tox|[from] ability: Poison Heal
|upkeep
|turn|52
|
|t:|1760365320
|switch|p2a: Mandibuzz|Mandibuzz, F|77/100
|-damage|p2a: Mandibuzz|52/100|[from] Stealth Rock
|move|p1a: Gliscor|Earthquake|p2a: Mandibuzz
|-immune|p2a: Mandibuzz
|
|-weather|none
|-heal|p1a: Gliscor|62/100 tox|[from] ability: Poison Heal
|upkeep
|turn|53
|
|t:|1760365325
|move|p1a: Gliscor|Knock Off|p2a: Mandibuzz
|-resisted|p2a: Mandibuzz
|-damage|p2a: Mandibuzz|46/100
|move|p2a: Mandibuzz|Defog|p1a: Gliscor
|-unboost|p1a: Gliscor|evasion|1
|-sideend|p1: JELLLEN|Spikes|[from] move: Defog|[of] p2a: Mandibuzz
|-sideend|p2: Beelzebub235|Stealth Rock|[from] move: Defog|[of] p2a: Mandibuzz
|
|-heal|p1a: Gliscor|74/100 tox|[from] ability: Poison Heal
|upkeep
|turn|54
|
|t:|1760365333
|switch|p1a: Blissey|Blissey, F|59/100
|move|p2a: Mandibuzz|U-turn|p1a: Blissey
|-damage|p1a: Blissey|45/100
|inactive|Beelzebub235 has 120 seconds left.
|
|t:|1760365353
|switch|p2a: Chesnaught|Chesnaught, F|68/100|[from] U-turn
|
|-heal|p1a: Blissey|52/100|[from] item: Leftovers
|upkeep
|turn|55
|
|t:|1760365371
|switch|p2a: Slowking|Slowking-Galar, M|100/100
|switch|p1a: Talonflame|Talonflame, F|94/100
|
|upkeep
|turn|56
|
|t:|1760365376
|switch|p1a: Gliscor|Gliscor, M, tera:Dark|74/100 tox
|move|p2a: Slowking|Future Sight|p1a: Gliscor
|-start|p2a: Slowking|move: Future Sight
|
|-heal|p1a: Gliscor|87/100 tox|[from] ability: Poison Heal
|upkeep
|turn|57
|
|t:|1760365384
|switch|p2a: Chesnaught|Chesnaught, F|68/100
|move|p1a: Gliscor|Knock Off|p2a: Chesnaught
|-resisted|p2a: Chesnaught
|-damage|p2a: Chesnaught|59/100
|-damage|p1a: Gliscor|70/100 tox|[from] item: Rocky Helmet|[of] p2a: Chesnaught
|-enditem|p2a: Chesnaught|Rocky Helmet|[from] move: Knock Off|[of] p1a: Gliscor
|
|-heal|p1a: Gliscor|83/100 tox|[from] ability: Poison Heal
|upkeep
|turn|58
|
|t:|1760365393
|move|p1a: Gliscor|Protect|p1a: Gliscor
|-singleturn|p1a: Gliscor|Protect
|move|p2a: Chesnaught|Spikes|p1a: Gliscor
|-sidestart|p1: JELLLEN|Spikes
|
|-end|p1a: Gliscor|move: Future Sight
|-immune|p1a: Gliscor
|-heal|p1a: Gliscor|95/100 tox|[from] ability: Poison Heal
|upkeep
|turn|59
|
|t:|1760365399
|switch|p1a: Talonflame|Talonflame, F|94/100
|move|p2a: Chesnaught|Spikes|p1a: Talonflame
|-sidestart|p1: JELLLEN|Spikes
|
|upkeep
|turn|60
|
|t:|1760365403
|switch|p2a: Tyranitar|Tyranitar, F|23/100
|-weather|Sandstorm|[from] ability: Sand Stream|[of] p2a: Tyranitar
|move|p1a: Talonflame|Defog|p2a: Tyranitar
|-unboost|p2a: Tyranitar|evasion|1
|-sideend|p1: JELLLEN|Spikes|[from] move: Defog|[of] p1a: Talonflame
|
|-weather|Sandstorm|[upkeep]
|-damage|p1a: Talonflame|88/100|[from] Sandstorm
|upkeep
|turn|61
|
|t:|1760365413
|switch|p1a: Gliscor|Gliscor, M, tera:Dark|95/100 tox
|-singleturn|p2a: Tyranitar|move: Focus Punch
|move|p2a: Tyranitar|Focus Punch|p1a: Gliscor
|-supereffective|p1a: Gliscor
|-damage|p1a: Gliscor|9/100 tox
|
|-weather|Sandstorm|[upkeep]
|-damage|p1a: Gliscor|3/100 tox|[from] Sandstorm
|-heal|p1a: Gliscor|16/100 tox|[from] ability: Poison Heal
|upkeep
|turn|62
|
|t:|1760365427
|switch|p2a: Mandibuzz|Mandibuzz, F|46/100
|move|p1a: Gliscor|Earthquake|p2a: Mandibuzz
|-immune|p2a: Mandibuzz
|
|-weather|Sandstorm|[upkeep]
|-damage|p1a: Gliscor|9/100 tox|[from] Sandstorm
|-heal|p1a: Gliscor|22/100 tox|[from] ability: Poison Heal
|upkeep
|turn|63
|
|t:|1760365432
|move|p1a: Gliscor|Protect|p1a: Gliscor
|-singleturn|p1a: Gliscor|Protect
|move|p2a: Mandibuzz|U-turn|p1a: Gliscor
|-activate|p1a: Gliscor|move: Protect
|
|-weather|Sandstorm|[upkeep]
|-damage|p1a: Gliscor|16/100 tox|[from] Sandstorm
|-heal|p1a: Gliscor|28/100 tox|[from] ability: Poison Heal
|upkeep
|turn|64
|
|t:|1760365439
|switch|p1a: Toxapex|Toxapex, F|74/100
|move|p2a: Mandibuzz|U-turn|p1a: Toxapex
|-resisted|p1a: Toxapex
|-damage|p1a: Toxapex|70/100
|
|t:|1760365441
|switch|p2a: Zapdos|Zapdos|88/100|[from] U-turn
|-ability|p2a: Zapdos|Pressure
|
|-weather|none
|-heal|p1a: Toxapex|76/100|[from] item: Leftovers
|upkeep
|turn|65
|
|t:|1760365450
|move|p2a: Zapdos|Volt Switch|p1a: Toxapex
|-supereffective|p1a: Toxapex
|-damage|p1a: Toxapex|15/100
|
|t:|1760365462
|switch|p2a: Pelipper|Pelipper, M|51/100|[from] Volt Switch
|-weather|RainDance|[from] ability: Drizzle|[of] p2a: Pelipper
|move|p1a: Toxapex|Toxic Spikes|p2a: Pelipper
|-sidestart|p2: Beelzebub235|move: Toxic Spikes
|
|-weather|RainDance|[upkeep]
|-heal|p1a: Toxapex|21/100|[from] item: Leftovers
|upkeep
|turn|66
|
|t:|1760365469
|switch|p1a: Blissey|Blissey, F|52/100
|move|p2a: Pelipper|Hurricane|p1a: Blissey
|-damage|p1a: Blissey|37/100
|
|-weather|RainDance|[upkeep]
|-heal|p1a: Blissey|43/100|[from] item: Leftovers
|upkeep
|turn|67
|
|t:|1760365474
|move|p2a: Pelipper|U-turn|p1a: Blissey
|-damage|p1a: Blissey|34/100
|
|t:|1760365476
|switch|p2a: Slowking|Slowking-Galar, M|100/100|[from] U-turn
|-sideend|p2: Beelzebub235|move: Toxic Spikes|[of] p2a: Slowking
|move|p1a: Blissey|Soft-Boiled|p1a: Blissey
|-heal|p1a: Blissey|84/100
|
|-weather|RainDance|[upkeep]
|-heal|p1a: Blissey|91/100|[from] item: Leftovers
|upkeep
|turn|68
|
|t:|1760365483
|move|p1a: Blissey|Stealth Rock|p2a: Slowking
|-sidestart|p2: Beelzebub235|move: Stealth Rock
|move|p2a: Slowking|Future Sight|p1a: Blissey
|-start|p2a: Slowking|move: Future Sight
|
|-weather|RainDance|[upkeep]
|-heal|p1a: Blissey|97/100|[from] item: Leftovers
|upkeep
|turn|69
|
|t:|1760365489
|switch|p2a: Mandibuzz|Mandibuzz, F|46/100
|-damage|p2a: Mandibuzz|21/100|[from] Stealth Rock
|move|p1a: Blissey|Seismic Toss|p2a: Mandibuzz
|-damage|p2a: Mandibuzz|0 fnt
|faint|p2a: Mandibuzz
|
|-weather|none
|-heal|p1a: Blissey|100/100|[from] item: Leftovers
|upkeep
|
|t:|1760365500
|switch|p2a: Tyranitar|Tyranitar, F|23/100
|-damage|p2a: Tyranitar|11/100|[from] Stealth Rock
|-weather|Sandstorm|[from] ability: Sand Stream|[of] p2a: Tyranitar
|turn|70
|
|t:|1760365508
|move|p2a: Tyranitar|Stone Edge|p1a: Blissey
|-damage|p1a: Blissey|40/100
|move|p1a: Blissey|Seismic Toss|p2a: Tyranitar
|-damage|p2a: Tyranitar|0 fnt
|faint|p2a: Tyranitar
|
|-weather|Sandstorm|[upkeep]
|-damage|p1a: Blissey|34/100|[from] Sandstorm
|-end|p1a: Blissey|move: Future Sight
|-damage|p1a: Blissey|17/100
|-heal|p1a: Blissey|23/100|[from] item: Leftovers
|upkeep
|
|t:|1760365521
|switch|p2a: Chesnaught|Chesnaught, F|59/100
|-damage|p2a: Chesnaught|53/100|[from] Stealth Rock
|turn|71
|
|t:|1760365526
|switch|p1a: Talonflame|Talonflame, F|88/100
|move|p2a: Chesnaught|Body Press|p1a: Talonflame
|-resisted|p1a: Talonflame
|-damage|p1a: Talonflame|67/100
|
|-weather|Sandstorm|[upkeep]
|-damage|p1a: Talonflame|61/100|[from] Sandstorm
|-damage|p2a: Chesnaught|47/100|[from] Sandstorm
|upkeep
|turn|72
|
|t:|1760365531
|move|p1a: Talonflame|Will-O-Wisp|p2a: Chesnaught
|-status|p2a: Chesnaught|brn
|move|p2a: Chesnaught|Spikes|p1a: Talonflame
|-sidestart|p1: JELLLEN|Spikes
|
|-weather|Sandstorm|[upkeep]
|-damage|p1a: Talonflame|54/100|[from] Sandstorm
|-damage|p2a: Chesnaught|41/100 brn|[from] Sandstorm
|-damage|p2a: Chesnaught|35/100 brn|[from] brn
|upkeep
|turn|73
|
|t:|1760365536
|switch|p2a: Pelipper|Pelipper, M|51/100
|-damage|p2a: Pelipper|27/100|[from] Stealth Rock
|-weather|RainDance|[from] ability: Drizzle|[of] p2a: Pelipper
|move|p1a: Talonflame|Roost|p1a: Talonflame
|-heal|p1a: Talonflame|100/100
|-singleturn|p1a: Talonflame|move: Roost
|
|-weather|RainDance|[upkeep]
|upkeep
|turn|74
|
|t:|1760365549
|switch|p1a: Weezing|Weezing-Galar, F|100/100
|-ability|p1a: Weezing|Neutralizing Gas
|move|p2a: Pelipper|Surf|p1a: Weezing
|-damage|p1a: Weezing|18/100
|
|-weather|RainDance|[upkeep]
|upkeep
|turn|75
|
|t:|1760365557
|move|p2a: Pelipper|Hurricane|p1a: Weezing
|-damage|p1a: Weezing|0 fnt
|faint|p1a: Weezing
|-end|p1a: Weezing|ability: Neutralizing Gas
|
|-weather|RainDance|[upkeep]
|upkeep
|
|t:|1760365570
|switch|p1a: Toxapex|Toxapex, F|54/100
|-damage|p1a: Toxapex|42/100|[from] Spikes
|turn|76
|
|t:|1760365574
|move|p2a: Pelipper|Hurricane|p1a: Toxapex
|-damage|p1a: Toxapex|0 fnt
|faint|p1a: Toxapex
|
|-weather|RainDance|[upkeep]
|upkeep
|
|t:|1760365582
|switch|p1a: Dondozo|Dondozo, F|94/100 slp
|-damage|p1a: Dondozo|82/100 slp|[from] Spikes
|turn|77
|
|t:|1760365601
|move|p2a: Pelipper|Hurricane|p1a: Dondozo
|-damage|p1a: Dondozo|50/100 slp
|cant|p1a: Dondozo|slp
|move|p1a: Dondozo|Sleep Talk|p1a: Dondozo
|move|p1a: Dondozo|Rest||[from] move: Sleep Talk|[still]
|-fail|p1a: Dondozo
|
|-weather|none
|upkeep
|turn|78
|
|t:|1760365606
|move|p2a: Pelipper|Hurricane|p1a: Dondozo|[miss]
|-miss|p2a: Pelipper|p1a: Dondozo
|cant|p1a: Dondozo|slp
|move|p1a: Dondozo|Sleep Talk|p1a: Dondozo
|move|p1a: Dondozo|Crunch|p2a: Pelipper|[from] move: Sleep Talk
|-damage|p2a: Pelipper|9/100
|-unboost|p2a: Pelipper|def|1
|
|upkeep
|turn|79
|
|t:|1760365610
|move|p2a: Pelipper|Hurricane|p1a: Dondozo|[miss]
|-miss|p2a: Pelipper|p1a: Dondozo
|-curestatus|p1a: Dondozo|slp|[msg]
|move|p1a: Dondozo|Rest|p1a: Dondozo
|-status|p1a: Dondozo|slp|[from] move: Rest
|-heal|p1a: Dondozo|100/100 slp|[silent]
|
|upkeep
|turn|80
|
|t:|1760365613
|move|p2a: Pelipper|Hurricane|p1a: Dondozo
|-damage|p1a: Dondozo|66/100 slp
|cant|p1a: Dondozo|slp
|move|p1a: Dondozo|Sleep Talk|p1a: Dondozo
|move|p1a: Dondozo|Crunch|p2a: Pelipper|[from] move: Sleep Talk
|-damage|p2a: Pelipper|0 fnt
|faint|p2a: Pelipper
|
|upkeep
|
|t:|1760365617
|switch|p2a: Chesnaught|Chesnaught, F|35/100 brn
|-damage|p2a: Chesnaught|29/100 brn|[from] Stealth Rock
|turn|81
|
|t:|1760365628
|switch|p1a: Talonflame|Talonflame, F|100/100
|move|p2a: Chesnaught|Synthesis|p2a: Chesnaught
|-heal|p2a: Chesnaught|79/100 brn
|
|-damage|p2a: Chesnaught|73/100 brn|[from] brn
|upkeep
|turn|82
|
|t:|1760365638
|switch|p2a: Zapdos|Zapdos|88/100
|-ability|p2a: Zapdos|Pressure
|move|p1a: Talonflame|Defog|p2a: Zapdos
|-unboost|p2a: Zapdos|evasion|1
|-sideend|p2: Beelzebub235|Stealth Rock|[from] move: Defog|[of] p1a: Talonflame
|-sideend|p1: JELLLEN|Spikes|[from] move: Defog|[of] p1a: Talonflame
|
|upkeep
|turn|83
|inactive|JELLLEN has 120 seconds left.
|
|t:|1760365674
|switch|p1a: Gliscor|Gliscor, M, tera:Dark|28/100 tox
|move|p2a: Zapdos|Volt Switch|p1a: Gliscor
|-damage|p1a: Gliscor|0 fnt
|faint|p1a: Gliscor
|
|t:|1760365701
|switch|p2a: Slowking|Slowking-Galar, M|100/100|[from] Volt Switch
|
|upkeep
|
|t:|1760365705
|switch|p1a: Blissey|Blissey, F|23/100
|turn|84
|
|t:|1760365714
|move|p1a: Blissey|Soft-Boiled|p1a: Blissey
|-heal|p1a: Blissey|73/100
|move|p2a: Slowking|Sludge Wave|p1a: Blissey
|-damage|p1a: Blissey|58/100
|
|-heal|p1a: Blissey|64/100|[from] item: Leftovers
|upkeep
|turn|85
|
|t:|1760365720
|move|p1a: Blissey|Stealth Rock|p2a: Slowking
|-sidestart|p2: Beelzebub235|move: Stealth Rock
|move|p2a: Slowking|Future Sight|p1a: Blissey
|-start|p2a: Slowking|move: Future Sight
|
|-heal|p1a: Blissey|70/100|[from] item: Leftovers
|upkeep
|turn|86
|c|☆Beelzebub235|u should let me win
|c|☆Beelzebub235|pls
|
|t:|1760365730
|switch|p2a: Chesnaught|Chesnaught, F|73/100 brn
|-damage|p2a: Chesnaught|67/100 brn|[from] Stealth Rock
|move|p1a: Blissey|Seismic Toss|p2a: Chesnaught
|-damage|p2a: Chesnaught|41/100 brn
|
|-heal|p1a: Blissey|77/100|[from] item: Leftovers
|-damage|p2a: Chesnaught|35/100 brn|[from] brn
|upkeep
|turn|87
|
|t:|1760365737
|move|p2a: Chesnaught|Synthesis|p2a: Chesnaught
|-heal|p2a: Chesnaught|85/100 brn
|move|p1a: Blissey|Seismic Toss|p2a: Chesnaught
|-damage|p2a: Chesnaught|58/100 brn
|
|-end|p1a: Blissey|move: Future Sight
|-crit|p1a: Blissey
|-damage|p1a: Blissey|47/100
|-heal|p1a: Blissey|53/100|[from] item: Leftovers
|-damage|p2a: Chesnaught|52/100 brn|[from] brn
|upkeep
|turn|88
|c|☆Beelzebub235|ur play style is so lame :(
|
|t:|1760365749
|switch|p1a: Talonflame|Talonflame, F|100/100
|move|p2a: Chesnaught|Spikes|p1a: Talonflame
|-sidestart|p1: JELLLEN|Spikes
|
|-damage|p2a: Chesnaught|46/100 brn|[from] brn
|upkeep
|turn|89
|
|t:|1760365759
|switch|p2a: Zapdos|Zapdos|88/100
|-ability|p2a: Zapdos|Pressure
|move|p1a: Talonflame|Flamethrower|p2a: Zapdos
|-damage|p2a: Zapdos|67/100
|
|upkeep
|turn|90
|
|t:|1760365767
|switch|p1a: Blissey|Blissey, F|53/100
|-damage|p1a: Blissey|40/100|[from] Spikes
|move|p2a: Zapdos|Volt Switch|p1a: Blissey
|-damage|p1a: Blissey|29/100
|
|t:|1760365773
|switch|p2a: Chesnaught|Chesnaught, F|46/100 brn|[from] Volt Switch
|-damage|p2a: Chesnaught|40/100 brn|[from] Stealth Rock
|
|-heal|p1a: Blissey|35/100|[from] item: Leftovers
|-damage|p2a: Chesnaught|34/100 brn|[from] brn
|upkeep
|turn|91
|
|t:|1760365776
|switch|p1a: Talonflame|Talonflame, F|100/100
|move|p2a: Chesnaught|Body Press|p1a: Talonflame
|-resisted|p1a: Talonflame
|-damage|p1a: Talonflame|90/100
|
|-damage|p2a: Chesnaught|28/100 brn|[from] brn
|upkeep
|turn|92
|
|t:|1760365784
|switch|p2a: Slowking|Slowking-Galar, M|100/100
|-damage|p2a: Slowking|88/100|[from] Stealth Rock
|move|p1a: Talonflame|Flamethrower|p2a: Slowking
|-damage|p2a: Slowking|74/100
|
|upkeep
|turn|93
|
|t:|1760365791
|switch|p1a: Blissey|Blissey, F|35/100
|-damage|p1a: Blissey|23/100|[from] Spikes
|move|p2a: Slowking|Future Sight|p1a: Blissey
|-start|p2a: Slowking|move: Future Sight
|
|-heal|p1a: Blissey|29/100|[from] item: Leftovers
|upkeep
|turn|94
|
|t:|1760365796
|switch|p2a: Zapdos|Zapdos|67/100
|-ability|p2a: Zapdos|Pressure
|move|p1a: Blissey|Soft-Boiled|p1a: Blissey
|-heal|p1a: Blissey|79/100
|
|-heal|p1a: Blissey|85/100|[from] item: Leftovers
|upkeep
|turn|95
|
|t:|1760365803
|move|p2a: Zapdos|Thunder Wave|p1a: Blissey
|-status|p1a: Blissey|par
|move|p1a: Blissey|Seismic Toss|p2a: Zapdos
|-damage|p2a: Zapdos|40/100
|
|-end|p1a: Blissey|move: Future Sight
|-damage|p1a: Blissey|67/100 par
|-heal|p1a: Blissey|73/100 par|[from] item: Leftovers
|upkeep
|turn|96
|
|t:|1760365808
|move|p2a: Zapdos|Roost|p2a: Zapdos
|-heal|p2a: Zapdos|91/100
|-singleturn|p2a: Zapdos|move: Roost
|move|p1a: Blissey|Seismic Toss|p2a: Zapdos
|-damage|p2a: Zapdos|64/100
|
|-heal|p1a: Blissey|79/100 par|[from] item: Leftovers
|upkeep
|turn|97
|
|t:|1760365814
|move|p2a: Zapdos|Hurricane|p1a: Blissey
|-damage|p1a: Blissey|62/100 par
|-start|p1a: Blissey|confusion
|-activate|p1a: Blissey|confusion
|-damage|p1a: Blissey|61/100 par|[from] confusion
|
|-heal|p1a: Blissey|67/100 par|[from] item: Leftovers
|upkeep
|turn|98
|
|t:|1760365821
|move|p2a: Zapdos|Hurricane|p1a: Blissey
|-damage|p1a: Blissey|47/100 par
|-activate|p1a: Blissey|confusion
|-damage|p1a: Blissey|46/100 par|[from] confusion
|
|-heal|p1a: Blissey|52/100 par|[from] item: Leftovers
|upkeep
|turn|99
|
|t:|1760365828
|move|p2a: Zapdos|Roost|p2a: Zapdos
|-heal|p2a: Zapdos|100/100
|-singleturn|p2a: Zapdos|move: Roost
|-activate|p1a: Blissey|confusion
|-damage|p1a: Blissey|51/100 par|[from] confusion
|
|-heal|p1a: Blissey|57/100 par|[from] item: Leftovers
|upkeep
|turn|100
|
|t:|1760365832
|move|p2a: Zapdos|Volt Switch|p1a: Blissey
|-damage|p1a: Blissey|46/100 par
|
|t:|1760365839
|switch|p2a: Slowking|Slowking-Galar, M|100/100|[from] Volt Switch
|-damage|p2a: Slowking|88/100|[from] Stealth Rock
|-end|p1a: Blissey|confusion
|move|p1a: Blissey|Soft-Boiled|p1a: Blissey
|-heal|p1a: Blissey|96/100 par
|
|-heal|p1a: Blissey|100/100 par|[from] item: Leftovers
|upkeep
|turn|101
|
|t:|1760365848
|move|p2a: Slowking|Future Sight|p1a: Blissey
|-start|p2a: Slowking|move: Future Sight
|move|p1a: Blissey|Seismic Toss|p2a: Slowking
|-damage|p2a: Slowking|63/100
|
|upkeep
|turn|102
|
|t:|1760365857
|switch|p2a: Zapdos|Zapdos|100/100
|-ability|p2a: Zapdos|Pressure
|move|p1a: Blissey|Seismic Toss|p2a: Zapdos
|-damage|p2a: Zapdos|74/100
|
|upkeep
|turn|103
|
|t:|1760365865
|move|p2a: Zapdos|Hurricane|p1a: Blissey
|-damage|p1a: Blissey|83/100 par
|-start|p1a: Blissey|confusion
|-activate|p1a: Blissey|confusion
|-damage|p1a: Blissey|82/100 par|[from] confusion
|
|-end|p1a: Blissey|move: Future Sight
|-damage|p1a: Blissey|63/100 par
|-heal|p1a: Blissey|69/100 par|[from] item: Leftovers
|upkeep
|turn|104
|
|t:|1760365877
|move|p2a: Zapdos|Hurricane|p1a: Blissey
|-damage|p1a: Blissey|49/100 par
|-activate|p1a: Blissey|confusion
|move|p1a: Blissey|Seismic Toss|p2a: Zapdos
|-damage|p2a: Zapdos|48/100
|
|-heal|p1a: Blissey|55/100 par|[from] item: Leftovers
|upkeep
|turn|105
|
|t:|1760365884
|move|p2a: Zapdos|Roost|p2a: Zapdos
|-heal|p2a: Zapdos|98/100
|-singleturn|p2a: Zapdos|move: Roost
|-end|p1a: Blissey|confusion
|move|p1a: Blissey|Calm Mind|p1a: Blissey
|-boost|p1a: Blissey|spa|1
|-boost|p1a: Blissey|spd|1
|
|-heal|p1a: Blissey|62/100 par|[from] item: Leftovers
|upkeep
|turn|106
|
|t:|1760365894
|move|p2a: Zapdos|Hurricane|p1a: Blissey
|-damage|p1a: Blissey|49/100 par
|move|p1a: Blissey|Seismic Toss|p2a: Zapdos
|-damage|p2a: Zapdos|72/100
|
|-heal|p1a: Blissey|55/100 par|[from] item: Leftovers
|upkeep
|turn|107
|
|t:|1760365901
|move|p2a: Zapdos|Hurricane|p1a: Blissey
|-damage|p1a: Blissey|42/100 par
|cant|p1a: Blissey|par
|
|-heal|p1a: Blissey|49/100 par|[from] item: Leftovers
|upkeep
|turn|108
|
|t:|1760365907
|move|p2a: Zapdos|Volt Switch|p1a: Blissey
|-crit|p1a: Blissey
|-damage|p1a: Blissey|30/100 par
|
|t:|1760365911
|switch|p2a: Chesnaught|Chesnaught, F|28/100 brn|[from] Volt Switch
|-damage|p2a: Chesnaught|22/100 brn|[from] Stealth Rock
|cant|p1a: Blissey|par
|
|-heal|p1a: Blissey|36/100 par|[from] item: Leftovers
|-damage|p2a: Chesnaught|16/100 brn|[from] brn
|upkeep
|turn|109
|
|t:|1760365916
|-curestatus|p1a: Blissey|par|[from] ability: Natural Cure
|switch|p1a: Talonflame|Talonflame, F|90/100
|move|p2a: Chesnaught|Synthesis|p2a: Chesnaught
|-heal|p2a: Chesnaught|66/100 brn
|
|-damage|p2a: Chesnaught|60/100 brn|[from] brn
|upkeep
|turn|110
|
|t:|1760365926
|switch|p2a: Slowking|Slowking-Galar, M|96/100
|-damage|p2a: Slowking|83/100|[from] Stealth Rock
|move|p1a: Talonflame|Defog|p2a: Slowking
|-unboost|p2a: Slowking|evasion|1
|-sideend|p2: Beelzebub235|Stealth Rock|[from] move: Defog|[of] p1a: Talonflame
|-sideend|p1: JELLLEN|Spikes|[from] move: Defog|[of] p1a: Talonflame
|
|upkeep
|turn|111
|
|t:|1760365935
|switch|p1a: Blissey|Blissey, F|36/100
|switch|p2a: Zapdos|Zapdos|72/100
|-ability|p2a: Zapdos|Pressure
|
|-heal|p1a: Blissey|42/100|[from] item: Leftovers
|upkeep
|turn|112
|
|t:|1760365940
|move|p2a: Zapdos|Thunder Wave|p1a: Blissey
|-status|p1a: Blissey|par
|cant|p1a: Blissey|par
|
|-heal|p1a: Blissey|49/100 par|[from] item: Leftovers
|upkeep
|turn|113
|
|t:|1760365946
|move|p2a: Zapdos|Volt Switch|p1a: Blissey
|-damage|p1a: Blissey|37/100 par
|
|t:|1760365948
|switch|p2a: Chesnaught|Chesnaught, F|60/100 brn|[from] Volt Switch
|move|p1a: Blissey|Soft-Boiled|p1a: Blissey
|-heal|p1a: Blissey|87/100 par
|
|-heal|p1a: Blissey|94/100 par|[from] item: Leftovers
|-damage|p2a: Chesnaught|54/100 brn|[from] brn
|upkeep
|turn|114
|
|t:|1760365954
|-curestatus|p1a: Blissey|par|[from] ability: Natural Cure
|switch|p1a: Talonflame|Talonflame, F|90/100
|move|p2a: Chesnaught|Synthesis|p2a: Chesnaught
|-heal|p2a: Chesnaught|100/100 brn
|
|-damage|p2a: Chesnaught|94/100 brn|[from] brn
|upkeep
|turn|115
|
|t:|1760365961
|switch|p1a: Blissey|Blissey, F|94/100
|switch|p2a: Slowking|Slowking-Galar, M|100/100
|
|-heal|p1a: Blissey|99/100|[from] item: Leftovers
|upkeep
|turn|116
|
|t:|1760365965
|move|p1a: Blissey|Stealth Rock|p2a: Slowking
|-sidestart|p2: Beelzebub235|move: Stealth Rock
|move|p2a: Slowking|Future Sight|p1a: Blissey
|-start|p2a: Slowking|move: Future Sight
|
|-heal|p1a: Blissey|100/100|[from] item: Leftovers
|upkeep
|turn|117
|
|t:|1760365969
|switch|p2a: Chesnaught|Chesnaught, F|94/100 brn
|-damage|p2a: Chesnaught|88/100 brn|[from] Stealth Rock
|move|p1a: Blissey|Seismic Toss|p2a: Chesnaught
|-damage|p2a: Chesnaught|62/100 brn
|
|-damage|p2a: Chesnaught|56/100 brn|[from] brn
|upkeep
|turn|118
|
|t:|1760365977
|move|p2a: Chesnaught|Spikes|p1a: Blissey
|-sidestart|p1: JELLLEN|Spikes
|move|p1a: Blissey|Seismic Toss|p2a: Chesnaught
|-damage|p2a: Chesnaught|30/100 brn
|
|-end|p1a: Blissey|move: Future Sight
|-damage|p1a: Blissey|82/100
|-heal|p1a: Blissey|89/100|[from] item: Leftovers
|-damage|p2a: Chesnaught|24/100 brn|[from] brn
|upkeep
|turn|119
|
|t:|1760365982
|move|p2a: Chesnaught|Synthesis|p2a: Chesnaught
|-heal|p2a: Chesnaught|74/100 brn
|move|p1a: Blissey|Seismic Toss|p2a: Chesnaught
|-damage|p2a: Chesnaught|47/100 brn
|
|-heal|p1a: Blissey|95/100|[from] item: Leftovers
|-damage|p2a: Chesnaught|41/100 brn|[from] brn
|upkeep
|turn|120
|
|t:|1760365987
|move|p2a: Chesnaught|Body Press|p1a: Blissey
|-supereffective|p1a: Blissey
|-damage|p1a: Blissey|47/100
|move|p1a: Blissey|Seismic Toss|p2a: Chesnaught
|-damage|p2a: Chesnaught|15/100 brn
|
|-heal|p1a: Blissey|54/100|[from] item: Leftovers
|-damage|p2a: Chesnaught|9/100 brn|[from] brn
|upkeep
|turn|121
|
|t:|1760365993
|move|p2a: Chesnaught|Synthesis|p2a: Chesnaught
|-heal|p2a: Chesnaught|59/100 brn
|move|p1a: Blissey|Seismic Toss|p2a: Chesnaught
|-damage|p2a: Chesnaught|33/100 brn
|
|-heal|p1a: Blissey|60/100|[from] item: Leftovers
|-damage|p2a: Chesnaught|27/100 brn|[from] brn
|upkeep
|turn|122
|
|t:|1760366000
|move|p2a: Chesnaught|Synthesis|p2a: Chesnaught
|-heal|p2a: Chesnaught|77/100 brn
|move|p1a: Blissey|Seismic Toss|p2a: Chesnaught
|-damage|p2a: Chesnaught|50/100 brn
|
|-heal|p1a: Blissey|66/100|[from] item: Leftovers
|-damage|p2a: Chesnaught|44/100 brn|[from] brn
|upkeep
|turn|123
|
|t:|1760366005
|switch|p1a: Talonflame|Talonflame, F|90/100
|move|p2a: Chesnaught|Body Press|p1a: Talonflame
|-resisted|p1a: Talonflame
|-damage|p1a: Talonflame|80/100
|
|-damage|p2a: Chesnaught|38/100 brn|[from] brn
|upkeep
|turn|124
|
|t:|1760366014
|switch|p2a: Zapdos|Zapdos|72/100
|-ability|p2a: Zapdos|Pressure
|move|p1a: Talonflame|Defog|p2a: Zapdos
|-unboost|p2a: Zapdos|evasion|1
|-sideend|p2: Beelzebub235|Stealth Rock|[from] move: Defog|[of] p1a: Talonflame
|-sideend|p1: JELLLEN|Spikes|[from] move: Defog|[of] p1a: Talonflame
|
|upkeep
|turn|125
|
|t:|1760366019
|switch|p1a: Blissey|Blissey, F|66/100
|move|p2a: Zapdos|Volt Switch|p1a: Blissey
|-damage|p1a: Blissey|54/100
|
|t:|1760366022
|switch|p2a: Chesnaught|Chesnaught, F|38/100 brn|[from] Volt Switch
|
|-heal|p1a: Blissey|60/100|[from] item: Leftovers
|-damage|p2a: Chesnaught|32/100 brn|[from] brn
|upkeep
|turn|126
|
|t:|1760366028
|switch|p1a: Talonflame|Talonflame, F|80/100
|move|p2a: Chesnaught|Synthesis|p2a: Chesnaught
|-heal|p2a: Chesnaught|82/100 brn
|
|-damage|p2a: Chesnaught|76/100 brn|[from] brn
|upkeep
|turn|127
|
|t:|1760366031
|switch|p2a: Zapdos|Zapdos|72/100
|-ability|p2a: Zapdos|Pressure
|move|p1a: Talonflame|Flamethrower|p2a: Zapdos
|-damage|p2a: Zapdos|50/100
|
|upkeep
|turn|128
|
|t:|1760366037
|switch|p1a: Blissey|Blissey, F|60/100
|move|p2a: Zapdos|Roost|p2a: Zapdos
|-heal|p2a: Zapdos|99/100
|-singleturn|p2a: Zapdos|move: Roost
|
|-heal|p1a: Blissey|66/100|[from] item: Leftovers
|upkeep
|turn|129
|
|t:|1760366044
|move|p2a: Zapdos|Thunder Wave|p1a: Blissey
|-status|p1a: Blissey|par
|move|p1a: Blissey|Stealth Rock|p2a: Zapdos
|-sidestart|p2: Beelzebub235|move: Stealth Rock
|
|-heal|p1a: Blissey|72/100 par|[from] item: Leftovers
|upkeep
|turn|130
|
|t:|1760366048
|move|p2a: Zapdos|Hurricane|p1a: Blissey
|-damage|p1a: Blissey|54/100 par
|move|p1a: Blissey|Seismic Toss|p2a: Zapdos
|-damage|p2a: Zapdos|74/100
|
|-heal|p1a: Blissey|61/100 par|[from] item: Leftovers
|upkeep
|turn|131
|
|t:|1760366056
|move|p2a: Zapdos|Hurricane|p1a: Blissey|[miss]
|-miss|p2a: Zapdos|p1a: Blissey
|move|p1a: Blissey|Seismic Toss|p2a: Zapdos
|-damage|p2a: Zapdos|48/100
|
|-heal|p1a: Blissey|67/100 par|[from] item: Leftovers
|upkeep
|turn|132
|
|t:|1760366062
|move|p2a: Zapdos|Hurricane|p1a: Blissey|[miss]
|-miss|p2a: Zapdos|p1a: Blissey
|cant|p1a: Blissey|par
|
|-heal|p1a: Blissey|73/100 par|[from] item: Leftovers
|upkeep
|turn|133
|
|t:|1760366065
|move|p2a: Zapdos|Hurricane|p1a: Blissey
|-damage|p1a: Blissey|53/100 par
|move|p1a: Blissey|Seismic Toss|p2a: Zapdos
|-damage|p2a: Zapdos|22/100
|
|-heal|p1a: Blissey|59/100 par|[from] item: Leftovers
|upkeep
|turn|134
|
|t:|1760366069
|move|p2a: Zapdos|Roost|p2a: Zapdos
|-heal|p2a: Zapdos|72/100
|-singleturn|p2a: Zapdos|move: Roost
|move|p1a: Blissey|Seismic Toss|p2a: Zapdos
|-damage|p2a: Zapdos|46/100
|
|-heal|p1a: Blissey|65/100 par|[from] item: Leftovers
|upkeep
|turn|135
|
|t:|1760366075
|move|p2a: Zapdos|Hurricane|p1a: Blissey
|-damage|p1a: Blissey|45/100 par
|move|p1a: Blissey|Calm Mind|p1a: Blissey
|-boost|p1a: Blissey|spa|1
|-boost|p1a: Blissey|spd|1
|
|-heal|p1a: Blissey|52/100 par|[from] item: Leftovers
|upkeep
|turn|136
|
|t:|1760366079
|move|p2a: Zapdos|Roost|p2a: Zapdos
|-heal|p2a: Zapdos|96/100
|-singleturn|p2a: Zapdos|move: Roost
|move|p1a: Blissey|Calm Mind|p1a: Blissey
|-boost|p1a: Blissey|spa|1
|-boost|p1a: Blissey|spd|1
|
|-heal|p1a: Blissey|58/100 par|[from] item: Leftovers
|upkeep
|turn|137
|
|t:|1760366082
|move|p2a: Zapdos|Hurricane|p1a: Blissey
|-damage|p1a: Blissey|48/100 par
|cant|p1a: Blissey|par
|
|-heal|p1a: Blissey|54/100 par|[from] item: Leftovers
|upkeep
|turn|138
|
|t:|1760366088
|move|p2a: Zapdos|Hurricane|p1a: Blissey
|-damage|p1a: Blissey|45/100 par
|-start|p1a: Blissey|confusion
|-activate|p1a: Blissey|confusion
|move|p1a: Blissey|Calm Mind|p1a: Blissey
|-boost|p1a: Blissey|spa|1
|-boost|p1a: Blissey|spd|1
|
|-heal|p1a: Blissey|51/100 par|[from] item: Leftovers
|upkeep
|turn|139
|
|t:|1760366094
|move|p2a: Zapdos|Volt Switch|p1a: Blissey
|-damage|p1a: Blissey|46/100 par
|
|t:|1760366096
|switch|p2a: Chesnaught|Chesnaught, F|76/100 brn|[from] Volt Switch
|-damage|p2a: Chesnaught|70/100 brn|[from] Stealth Rock
|-end|p1a: Blissey|confusion
|move|p1a: Blissey|Soft-Boiled|p1a: Blissey
|-heal|p1a: Blissey|96/100 par
|
|-heal|p1a: Blissey|100/100 par|[from] item: Leftovers
|-damage|p2a: Chesnaught|64/100 brn|[from] brn
|upkeep
|turn|140
|
|t:|1760366103
|-curestatus|p1a: Blissey|par|[from] ability: Natural Cure
|switch|p1a: Talonflame|Talonflame, F|80/100
|move|p2a: Chesnaught|Body Press|p1a: Talonflame
|-resisted|p1a: Talonflame
|-damage|p1a: Talonflame|71/100
|
|-damage|p2a: Chesnaught|58/100 brn|[from] brn
|upkeep
|turn|141
|
|t:|1760366109
|switch|p2a: Zapdos|Zapdos|96/100
|-ability|p2a: Zapdos|Pressure
|move|p1a: Talonflame|Flamethrower|p2a: Zapdos
|-damage|p2a: Zapdos|75/100
|
|upkeep
|turn|142
|
|t:|1760366115
|switch|p1a: Blissey|Blissey, F|100/100
|move|p2a: Zapdos|Thunder Wave|p1a: Blissey
|-status|p1a: Blissey|par
|
|upkeep
|turn|143
|
|t:|1760366124
|move|p2a: Zapdos|Hurricane|p1a: Blissey|[miss]
|-miss|p2a: Zapdos|p1a: Blissey
|move|p1a: Blissey|Calm Mind|p1a: Blissey
|-boost|p1a: Blissey|spa|1
|-boost|p1a: Blissey|spd|1
|
|upkeep
|turn|144
|
|t:|1760366128
|move|p2a: Zapdos|Volt Switch|p1a: Blissey
|-damage|p1a: Blissey|93/100 par
|
|t:|1760366130
|switch|p2a: Chesnaught|Chesnaught, F|58/100 brn|[from] Volt Switch
|-damage|p2a: Chesnaught|52/100 brn|[from] Stealth Rock
|move|p1a: Blissey|Calm Mind|p1a: Blissey
|-boost|p1a: Blissey|spa|1
|-boost|p1a: Blissey|spd|1
|
|-heal|p1a: Blissey|99/100 par|[from] item: Leftovers
|-damage|p2a: Chesnaught|46/100 brn|[from] brn
|upkeep
|turn|145
|
|t:|1760366138
|-curestatus|p1a: Blissey|par|[from] ability: Natural Cure
|switch|p1a: Talonflame|Talonflame, F|71/100
|move|p2a: Chesnaught|Spikes|p1a: Talonflame
|-sidestart|p1: JELLLEN|Spikes
|
|-damage|p2a: Chesnaught|40/100 brn|[from] brn
|upkeep
|turn|146
|
|t:|1760366144
|switch|p2a: Slowking|Slowking-Galar, M|100/100
|-damage|p2a: Slowking|88/100|[from] Stealth Rock
|move|p1a: Talonflame|Flamethrower|p2a: Slowking
|-damage|p2a: Slowking|75/100
|
|upkeep
|turn|147
|
|t:|1760366150
|switch|p1a: Blissey|Blissey, F|99/100
|-damage|p1a: Blissey|87/100|[from] Spikes
|move|p2a: Slowking|Ice Beam|p1a: Blissey
|-damage|p1a: Blissey|77/100
|
|-heal|p1a: Blissey|84/100|[from] item: Leftovers
|upkeep
|turn|148
|
|t:|1760366159
|move|p1a: Blissey|Calm Mind|p1a: Blissey
|-boost|p1a: Blissey|spa|1
|-boost|p1a: Blissey|spd|1
|move|p2a: Slowking|Ice Beam|p1a: Blissey
|-damage|p1a: Blissey|77/100
|
|-heal|p1a: Blissey|84/100|[from] item: Leftovers
|upkeep
|turn|149
|
|t:|1760366163
|move|p1a: Blissey|Calm Mind|p1a: Blissey
|-boost|p1a: Blissey|spa|1
|-boost|p1a: Blissey|spd|1
|move|p2a: Slowking|Ice Beam|p1a: Blissey
|-damage|p1a: Blissey|79/100
|
|-heal|p1a: Blissey|85/100|[from] item: Leftovers
|upkeep
|turn|150
|
|t:|1760366169
|move|p1a: Blissey|Calm Mind|p1a: Blissey
|-boost|p1a: Blissey|spa|1
|-boost|p1a: Blissey|spd|1
|move|p2a: Slowking|Ice Beam|p1a: Blissey
|-damage|p1a: Blissey|81/100
|
|-heal|p1a: Blissey|87/100|[from] item: Leftovers
|upkeep
|turn|151
|
|t:|1760366175
|move|p1a: Blissey|Stealth Rock||[still]
|-fail|p1a: Blissey
|move|p2a: Slowking|Ice Beam|p1a: Blissey
|-damage|p1a: Blissey|83/100
|
|-heal|p1a: Blissey|89/100|[from] item: Leftovers
|upkeep
|turn|152
|
|t:|1760366184
|move|p1a: Blissey|Stealth Rock||[still]
|-fail|p1a: Blissey
|move|p2a: Slowking|Ice Beam|p1a: Blissey
|-damage|p1a: Blissey|85/100
|
|-heal|p1a: Blissey|92/100|[from] item: Leftovers
|upkeep
|turn|153
|
|t:|1760366192
|move|p1a: Blissey|Stealth Rock||[still]
|-fail|p1a: Blissey
|move|p2a: Slowking|Ice Beam|p1a: Blissey
|-damage|p1a: Blissey|88/100
|
|-heal|p1a: Blissey|94/100|[from] item: Leftovers
|upkeep
|turn|154
|
|t:|1760366198
|move|p1a: Blissey|Stealth Rock||[still]
|-fail|p1a: Blissey
|move|p2a: Slowking|Sludge Wave|p1a: Blissey
|-damage|p1a: Blissey|88/100
|
|-heal|p1a: Blissey|94/100|[from] item: Leftovers
|upkeep
|turn|155
|
|t:|1760366201
|move|p1a: Blissey|Stealth Rock||[still]
|-fail|p1a: Blissey
|move|p2a: Slowking|Sludge Wave|p1a: Blissey
|-damage|p1a: Blissey|89/100
|
|-heal|p1a: Blissey|95/100|[from] item: Leftovers
|upkeep
|turn|156
|
|t:|1760366204
|move|p1a: Blissey|Stealth Rock||[still]
|-fail|p1a: Blissey
|move|p2a: Slowking|Sludge Wave|p1a: Blissey
|-damage|p1a: Blissey|88/100
|
|-heal|p1a: Blissey|94/100|[from] item: Leftovers
|upkeep
|turn|157
|
|t:|1760366208
|move|p1a: Blissey|Stealth Rock||[still]
|-fail|p1a: Blissey
|move|p2a: Slowking|Sludge Wave|p1a: Blissey
|-damage|p1a: Blissey|89/100
|
|-heal|p1a: Blissey|95/100|[from] item: Leftovers
|upkeep
|turn|158
|
|t:|1760366218
|move|p1a: Blissey|Calm Mind|p1a: Blissey
|-boost|p1a: Blissey|spa|1
|-boost|p1a: Blissey|spd|1
|move|p2a: Slowking|Sludge Wave|p1a: Blissey
|-damage|p1a: Blissey|90/100
|
|-heal|p1a: Blissey|96/100|[from] item: Leftovers
|upkeep
|turn|159
|
|t:|1760366223
|move|p1a: Blissey|Stealth Rock||[still]
|-fail|p1a: Blissey
|move|p2a: Slowking|Sludge Wave|p1a: Blissey
|-damage|p1a: Blissey|92/100
|
|-heal|p1a: Blissey|98/100|[from] item: Leftovers
|upkeep
|turn|160
|
|t:|1760366229
|move|p1a: Blissey|Stealth Rock||[still]
|-fail|p1a: Blissey
|move|p2a: Slowking|Sludge Wave|p1a: Blissey
|-damage|p1a: Blissey|93/100
|-status|p1a: Blissey|psn
|
|-heal|p1a: Blissey|99/100 psn|[from] item: Leftovers
|-damage|p1a: Blissey|87/100 psn|[from] psn
|upkeep
|turn|161
|c|☆Beelzebub235|YES
|
|t:|1760366234
|move|p1a: Blissey|Stealth Rock||[still]
|-fail|p1a: Blissey
|move|p2a: Slowking|Future Sight|p1a: Blissey
|-start|p2a: Slowking|move: Future Sight
|
|-heal|p1a: Blissey|93/100 psn|[from] item: Leftovers
|-damage|p1a: Blissey|80/100 psn|[from] psn
|upkeep
|turn|162
|
|t:|1760366239
|move|p1a: Blissey|Calm Mind|p1a: Blissey
|-boost|p1a: Blissey|spa|1
|-boost|p1a: Blissey|spd|1
|move|p2a: Slowking|Sludge Wave|p1a: Blissey
|-damage|p1a: Blissey|77/100 psn
|
|-heal|p1a: Blissey|83/100 psn|[from] item: Leftovers
|-damage|p1a: Blissey|70/100 psn|[from] psn
|upkeep
|turn|163
|
|t:|1760366245
|move|p1a: Blissey|Calm Mind|p1a: Blissey
|-boost|p1a: Blissey|spa|1
|-boost|p1a: Blissey|spd|1
|move|p2a: Slowking|Sludge Wave|p1a: Blissey
|-damage|p1a: Blissey|67/100 psn
|
|-end|p1a: Blissey|move: Future Sight
|-damage|p1a: Blissey|62/100 psn
|-heal|p1a: Blissey|68/100 psn|[from] item: Leftovers
|-damage|p1a: Blissey|56/100 psn|[from] psn
|upkeep
|turn|164
|
|t:|1760366254
|move|p1a: Blissey|Soft-Boiled|p1a: Blissey
|-heal|p1a: Blissey|100/100 psn
|move|p2a: Slowking|Future Sight|p1a: Blissey
|-start|p2a: Slowking|move: Future Sight
|
|-damage|p1a: Blissey|88/100 psn|[from] psn
|upkeep
|turn|165
|
|t:|1760366259
|move|p1a: Blissey|Calm Mind|p1a: Blissey
|-boost|p1a: Blissey|spa|0
|-boost|p1a: Blissey|spd|0
|move|p2a: Slowking|Sludge Wave|p1a: Blissey
|-damage|p1a: Blissey|84/100 psn
|
|-heal|p1a: Blissey|91/100 psn|[from] item: Leftovers
|-damage|p1a: Blissey|78/100 psn|[from] psn
|upkeep
|turn|166
|
|t:|1760366262
|switch|p2a: Chesnaught|Chesnaught, F|40/100 brn
|-damage|p2a: Chesnaught|34/100 brn|[from] Stealth Rock
|move|p1a: Blissey|Stealth Rock||[still]
|-fail|p1a: Blissey
|
|-end|p1a: Blissey|move: Future Sight
|-damage|p1a: Blissey|73/100 psn
|-heal|p1a: Blissey|79/100 psn|[from] item: Leftovers
|-damage|p1a: Blissey|67/100 psn|[from] psn
|-damage|p2a: Chesnaught|28/100 brn|[from] brn
|upkeep
|turn|167
|
|t:|1760366273
|switch|p2a: Zapdos|Zapdos|75/100
|-ability|p2a: Zapdos|Pressure
|-curestatus|p1a: Blissey|psn|[from] ability: Natural Cure
|switch|p1a: Dondozo|Dondozo, F|66/100 slp
|-damage|p1a: Dondozo|54/100 slp|[from] Spikes
|
|upkeep
|turn|168
|
|t:|1760366280
|switch|p1a: Blissey|Blissey, F|67/100
|-damage|p1a: Blissey|54/100|[from] Spikes
|move|p2a: Zapdos|Volt Switch|p1a: Blissey
|-damage|p1a: Blissey|44/100
|
|t:|1760366286
|switch|p2a: Slowking|Slowking-Galar, M|100/100|[from] Volt Switch
|-damage|p2a: Slowking|88/100|[from] Stealth Rock
|
|-heal|p1a: Blissey|50/100|[from] item: Leftovers
|upkeep
|turn|169
|
|t:|1760366293
|move|p1a: Blissey|Calm Mind|p1a: Blissey
|-boost|p1a: Blissey|spa|1
|-boost|p1a: Blissey|spd|1
|move|p2a: Slowking|Sludge Wave|p1a: Blissey
|-damage|p1a: Blissey|40/100
|
|-heal|p1a: Blissey|47/100|[from] item: Leftovers
|upkeep
|turn|170
|
|t:|1760366299
|move|p1a: Blissey|Calm Mind|p1a: Blissey
|-boost|p1a: Blissey|spa|1
|-boost|p1a: Blissey|spd|1
|move|p2a: Slowking|Sludge Wave|p1a: Blissey
|-damage|p1a: Blissey|39/100
|
|-heal|p1a: Blissey|45/100|[from] item: Leftovers
|upkeep
|turn|171
|
|t:|1760366303
|move|p1a: Blissey|Calm Mind|p1a: Blissey
|-boost|p1a: Blissey|spa|1
|-boost|p1a: Blissey|spd|1
|move|p2a: Slowking|Sludge Wave|p1a: Blissey
|-damage|p1a: Blissey|40/100
|
|-heal|p1a: Blissey|46/100|[from] item: Leftovers
|upkeep
|turn|172
|
|t:|1760366305
|move|p1a: Blissey|Calm Mind|p1a: Blissey
|-boost|p1a: Blissey|spa|1
|-boost|p1a: Blissey|spd|1
|move|p2a: Slowking|Sludge Wave|p1a: Blissey
|-damage|p1a: Blissey|41/100
|
|-heal|p1a: Blissey|48/100|[from] item: Leftovers
|upkeep
|turn|173
|
|t:|1760366307
|move|p1a: Blissey|Calm Mind|p1a: Blissey
|-boost|p1a: Blissey|spa|1
|-boost|p1a: Blissey|spd|1
|move|p2a: Slowking|Sludge Wave|p1a: Blissey
|-damage|p1a: Blissey|44/100
|
|-heal|p1a: Blissey|50/100|[from] item: Leftovers
|upkeep
|turn|174
|
|t:|1760366313
|move|p1a: Blissey|Stealth Rock||[still]
|-fail|p1a: Blissey
|move|p2a: Slowking|Future Sight|p1a: Blissey
|-start|p2a: Slowking|move: Future Sight
|
|-heal|p1a: Blissey|56/100|[from] item: Leftovers
|upkeep
|turn|175
|
|t:|1760366316
|switch|p2a: Chesnaught|Chesnaught, F|28/100 brn
|-damage|p2a: Chesnaught|22/100 brn|[from] Stealth Rock
|move|p1a: Blissey|Stealth Rock||[still]
|-fail|p1a: Blissey
|
|-heal|p1a: Blissey|62/100|[from] item: Leftovers
|-damage|p2a: Chesnaught|15/100 brn|[from] brn
|upkeep
|turn|176
|
|t:|1760366325
|switch|p1a: Dondozo|Dondozo, F|54/100 slp
|-damage|p1a: Dondozo|41/100 slp|[from] Spikes
|move|p2a: Chesnaught|Body Press|p1a: Dondozo
|-damage|p1a: Dondozo|27/100 slp
|
|-end|p1a: Dondozo|move: Future Sight
|-damage|p1a: Dondozo|0 fnt
|faint|p1a: Dondozo
|-damage|p2a: Chesnaught|9/100 brn|[from] brn
|upkeep
|
|t:|1760366334
|switch|p1a: Talonflame|Talonflame, F|71/100
|turn|177
|
|t:|1760366338
|move|p1a: Talonflame|Flamethrower|p2a: Chesnaught
|-supereffective|p2a: Chesnaught
|-damage|p2a: Chesnaught|0 fnt
|faint|p2a: Chesnaught
|
|upkeep
|
|t:|1760366341
|switch|p2a: Zapdos|Zapdos|75/100
|-ability|p2a: Zapdos|Pressure
|turn|178
|
|t:|1760366347
|switch|p1a: Blissey|Blissey, F|62/100
|-damage|p1a: Blissey|50/100|[from] Spikes
|move|p2a: Zapdos|Volt Switch|p1a: Blissey
|-damage|p1a: Blissey|39/100
|
|t:|1760366354
|switch|p2a: Slowking|Slowking-Galar, M|100/100|[from] Volt Switch
|-damage|p2a: Slowking|88/100|[from] Stealth Rock
|
|-heal|p1a: Blissey|45/100|[from] item: Leftovers
|upkeep
|turn|179
|
|t:|1760366357
|switch|p2a: Zapdos|Zapdos|75/100
|-ability|p2a: Zapdos|Pressure
|move|p1a: Blissey|Calm Mind|p1a: Blissey
|-boost|p1a: Blissey|spa|1
|-boost|p1a: Blissey|spd|1
|
|-heal|p1a: Blissey|51/100|[from] item: Leftovers
|upkeep
|turn|180
|
|t:|1760366361
|move|p2a: Zapdos|Thunder Wave|p1a: Blissey
|-status|p1a: Blissey|par
|move|p1a: Blissey|Stealth Rock||[still]
|-fail|p1a: Blissey
|
|-heal|p1a: Blissey|57/100 par|[from] item: Leftovers
|upkeep
|turn|181
|
|t:|1760366375
|move|p2a: Zapdos|Hurricane|p1a: Blissey
|-damage|p1a: Blissey|45/100 par
|-start|p1a: Blissey|confusion
|-activate|p1a: Blissey|confusion
|move|p1a: Blissey|Calm Mind|p1a: Blissey
|-boost|p1a: Blissey|spa|1
|-boost|p1a: Blissey|spd|1
|
|-heal|p1a: Blissey|51/100 par|[from] item: Leftovers
|upkeep
|turn|182
|
|t:|1760366381
|move|p2a: Zapdos|Hurricane|p1a: Blissey|[miss]
|-miss|p2a: Zapdos|p1a: Blissey
|-activate|p1a: Blissey|confusion
|move|p1a: Blissey|Calm Mind|p1a: Blissey
|-boost|p1a: Blissey|spa|1
|-boost|p1a: Blissey|spd|1
|
|-heal|p1a: Blissey|57/100 par|[from] item: Leftovers
|upkeep
|turn|183
|
|t:|1760366386
|move|p2a: Zapdos|Volt Switch|p1a: Blissey
|-damage|p1a: Blissey|52/100 par
|
|t:|1760366389
|switch|p2a: Slowking|Slowking-Galar, M|100/100|[from] Volt Switch
|-damage|p2a: Slowking|88/100|[from] Stealth Rock
|-activate|p1a: Blissey|confusion
|-damage|p1a: Blissey|51/100 par|[from] confusion
|
|-heal|p1a: Blissey|57/100 par|[from] item: Leftovers
|upkeep
|turn|184
|
|t:|1760366397
|move|p2a: Slowking|Grass Knot|p1a: Blissey
|-damage|p1a: Blissey|55/100 par
|-activate|p1a: Blissey|confusion
|move|p1a: Blissey|Stealth Rock||[still]
|-fail|p1a: Blissey
|
|-heal|p1a: Blissey|61/100 par|[from] item: Leftovers
|upkeep
|turn|185
|c|☆Beelzebub235|u are the most lame person
|c|☆Beelzebub235|on this whole website
|
|t:|1760366411
|-curestatus|p1a: Blissey|par|[from] ability: Natural Cure
|switch|p1a: Talonflame|Talonflame, F|71/100
|move|p2a: Slowking|Grass Knot|p1a: Talonflame
|-resisted|p1a: Talonflame
|-damage|p1a: Talonflame|66/100
|
|upkeep
|turn|186
|c|☆Beelzebub235|and you still can't win
|
|t:|1760366419
|move|p1a: Talonflame|Defog|p2a: Slowking
|-unboost|p2a: Slowking|evasion|1
|-sideend|p2: Beelzebub235|Stealth Rock|[from] move: Defog|[of] p1a: Talonflame
|-sideend|p1: JELLLEN|Spikes|[from] move: Defog|[of] p1a: Talonflame
|move|p2a: Slowking|Future Sight|p1a: Talonflame
|-start|p2a: Slowking|move: Future Sight
|
|upkeep
|turn|187
|
|t:|1760366424
|switch|p1a: Blissey|Blissey, F|61/100
|move|p2a: Slowking|Ice Beam|p1a: Blissey
|-damage|p1a: Blissey|52/100
|
|-heal|p1a: Blissey|59/100|[from] item: Leftovers
|upkeep
|turn|188
|c|☆Beelzebub235|u actually suck
|c|☆Beelzebub235|fkn dog water
|
|t:|1760366435
|move|p1a: Blissey|Calm Mind|p1a: Blissey
|-boost|p1a: Blissey|spa|1
|-boost|p1a: Blissey|spd|1
|move|p2a: Slowking|Ice Beam|p1a: Blissey
|-damage|p1a: Blissey|52/100
|
|-end|p1a: Blissey|move: Future Sight
|-damage|p1a: Blissey|40/100
|-heal|p1a: Blissey|47/100|[from] item: Leftovers
|upkeep
|turn|189
|c|☆Beelzebub235|u have 11 moves with ur fat fucking blissey
|
|t:|1760366454
|move|p1a: Blissey|Calm Mind|p1a: Blissey
|-boost|p1a: Blissey|spa|1
|-boost|p1a: Blissey|spd|1
|move|p2a: Slowking|Grass Knot|p1a: Blissey
|-damage|p1a: Blissey|43/100
|
|-heal|p1a: Blissey|49/100|[from] item: Leftovers
|upkeep
|turn|190
|c|☆Beelzebub235|then its struggle time
|c|☆Beelzebub235|and then I will murder ur talon flame
|c|☆Beelzebub235|and u will have played 200 turns
|c|☆Beelzebub235|to lose like a fkn lame ass loser
|
|t:|1760366475
|move|p1a: Blissey|Stealth Rock|p2a: Slowking
|-sidestart|p2: Beelzebub235|move: Stealth Rock
|move|p2a: Slowking|Grass Knot|p1a: Blissey
|-damage|p1a: Blissey|46/100
|
|-heal|p1a: Blissey|52/100|[from] item: Leftovers
|upkeep
|turn|191
|
|t:|1760366479
|move|p1a: Blissey|Calm Mind|p1a: Blissey
|-boost|p1a: Blissey|spa|1
|-boost|p1a: Blissey|spd|1
|move|p2a: Slowking|Grass Knot|p1a: Blissey
|-damage|p1a: Blissey|50/100
|
|-heal|p1a: Blissey|56/100|[from] item: Leftovers
|upkeep
|turn|192
|
|t:|1760366487
|switch|p1a: Talonflame|Talonflame, F|66/100
|move|p2a: Slowking|Grass Knot|p1a: Talonflame
|-resisted|p1a: Talonflame
|-damage|p1a: Talonflame|61/100
|
|upkeep
|turn|193
|
|t:|1760366493
|move|p1a: Talonflame|Will-O-Wisp|p2a: Slowking
|-status|p2a: Slowking|brn
|move|p2a: Slowking|Future Sight|p1a: Talonflame
|-start|p2a: Slowking|move: Future Sight
|
|-damage|p2a: Slowking|82/100 brn|[from] brn
|upkeep
|turn|194
|
|t:|1760366500
|switch|p1a: Blissey|Blissey, F|56/100
|move|p2a: Slowking|Ice Beam|p1a: Blissey
|-damage|p1a: Blissey|47/100
|
|-heal|p1a: Blissey|53/100|[from] item: Leftovers
|-damage|p2a: Slowking|76/100 brn|[from] brn
|upkeep
|turn|195
|
|t:|1760366504
|move|p1a: Blissey|Calm Mind|p1a: Blissey
|-boost|p1a: Blissey|spa|1
|-boost|p1a: Blissey|spd|1
|move|p2a: Slowking|Grass Knot|p1a: Blissey
|-damage|p1a: Blissey|49/100
|
|-end|p1a: Blissey|move: Future Sight
|-damage|p1a: Blissey|37/100
|-heal|p1a: Blissey|43/100|[from] item: Leftovers
|-damage|p2a: Slowking|70/100 brn|[from] brn
|upkeep
|turn|196
|
|t:|1760366511
|move|p1a: Blissey|Calm Mind|p1a: Blissey
|-boost|p1a: Blissey|spa|1
|-boost|p1a: Blissey|spd|1
|move|p2a: Slowking|Grass Knot|p1a: Blissey
|-damage|p1a: Blissey|40/100
|
|-heal|p1a: Blissey|47/100|[from] item: Leftovers
|-damage|p2a: Slowking|64/100 brn|[from] brn
|upkeep
|turn|197
|
|t:|1760366517
|move|p1a: Blissey|Calm Mind|p1a: Blissey
|-boost|p1a: Blissey|spa|1
|-boost|p1a: Blissey|spd|1
|move|p2a: Slowking|Grass Knot|p1a: Blissey
|-damage|p1a: Blissey|44/100
|
|-heal|p1a: Blissey|50/100|[from] item: Leftovers
|-damage|p2a: Slowking|58/100 brn|[from] brn
|upkeep
|turn|198
|
|t:|1760366522
|switch|p2a: Zapdos|Zapdos|75/100
|-ability|p2a: Zapdos|Pressure
|move|p1a: Blissey|Calm Mind|p1a: Blissey
|-boost|p1a: Blissey|spa|1
|-boost|p1a: Blissey|spd|1
|
|-heal|p1a: Blissey|57/100|[from] item: Leftovers
|upkeep
|turn|199
|
|t:|1760366527
|move|p2a: Zapdos|Thunder Wave|p1a: Blissey
|-status|p1a: Blissey|par
|move|p1a: Blissey|Calm Mind|p1a: Blissey
|-boost|p1a: Blissey|spa|1
|-boost|p1a: Blissey|spd|1
|
|-heal|p1a: Blissey|63/100 par|[from] item: Leftovers
|upkeep
|turn|200
|
|t:|1760366532
|move|p2a: Zapdos|Volt Switch|p1a: Blissey
|-damage|p1a: Blissey|59/100 par
|
|t:|1760366535
|switch|p2a: Slowking|Slowking-Galar, M|91/100 brn|[from] Volt Switch
|-damage|p2a: Slowking|78/100 brn|[from] Stealth Rock
|cant|p1a: Blissey|par
|
|-heal|p1a: Blissey|65/100 par|[from] item: Leftovers
|-damage|p2a: Slowking|72/100 brn|[from] brn
|upkeep
|turn|201
|
|t:|1760366539
|-curestatus|p1a: Blissey|par|[from] ability: Natural Cure
|switch|p1a: Talonflame|Talonflame, F|61/100
|move|p2a: Slowking|Grass Knot|p1a: Talonflame
|-resisted|p1a: Talonflame
|-damage|p1a: Talonflame|56/100
|
|-damage|p2a: Slowking|66/100 brn|[from] brn
|upkeep
|turn|202
|
|t:|1760366545
|move|p1a: Talonflame|Roost|p1a: Talonflame
|-heal|p1a: Talonflame|100/100
|-singleturn|p1a: Talonflame|move: Roost
|move|p2a: Slowking|Ice Beam|p1a: Talonflame
|-resisted|p1a: Talonflame
|-damage|p1a: Talonflame|79/100
|
|-damage|p2a: Slowking|60/100 brn|[from] brn
|upkeep
|turn|203
|
|t:|1760366551
|move|p1a: Talonflame|Flamethrower|p2a: Slowking
|-damage|p2a: Slowking|48/100 brn
|move|p2a: Slowking|Future Sight|p1a: Talonflame
|-start|p2a: Slowking|move: Future Sight
|
|-damage|p2a: Slowking|42/100 brn|[from] brn
|upkeep
|turn|204
|
|t:|1760366555
|move|p1a: Talonflame|Flamethrower|p2a: Slowking
|-damage|p2a: Slowking|29/100 brn
|move|p2a: Slowking|Grass Knot|p1a: Talonflame
|-resisted|p1a: Talonflame
|-damage|p1a: Talonflame|74/100
|
|-damage|p2a: Slowking|23/100 brn|[from] brn
|upkeep
|turn|205
|
|t:|1760366560
|switch|p2a: Zapdos|Zapdos|75/100
|-ability|p2a: Zapdos|Pressure
|move|p1a: Talonflame|Flamethrower|p2a: Zapdos
|-damage|p2a: Zapdos|53/100
|-status|p2a: Zapdos|brn
|
|-end|p1a: Talonflame|move: Future Sight
|-damage|p1a: Talonflame|0 fnt
|faint|p1a: Talonflame
|-damage|p2a: Zapdos|47/100 brn|[from] brn
|upkeep
|
|t:|1760366563
|switch|p1a: Blissey|Blissey, F|65/100
|turn|206
|c|☆Beelzebub235|LOLOLOL
|c|☆Beelzebub235|LOLOL
|c|☆Beelzebub235|HAHAHAHAHA
|c|☆Beelzebub235|LMAOOOOOOOOOOOOOOOOOO
|
|t:|1760366583
|move|p2a: Zapdos|Roost|p2a: Zapdos
|-heal|p2a: Zapdos|97/100 brn
|-singleturn|p2a: Zapdos|move: Roost
|move|p1a: Blissey|Calm Mind|p1a: Blissey
|-boost|p1a: Blissey|spa|1
|-boost|p1a: Blissey|spd|1
|
|-heal|p1a: Blissey|72/100|[from] item: Leftovers
|-damage|p2a: Zapdos|91/100 brn|[from] brn
|upkeep
|turn|207
|
|t:|1760366592
|move|p2a: Zapdos|Thunder Wave|p1a: Blissey
|-status|p1a: Blissey|par
|move|p1a: Blissey|Calm Mind|p1a: Blissey
|-boost|p1a: Blissey|spa|1
|-boost|p1a: Blissey|spd|1
|
|-heal|p1a: Blissey|78/100 par|[from] item: Leftovers
|-damage|p2a: Zapdos|85/100 brn|[from] brn
|upkeep
|turn|208
|c|☆Beelzebub235|HAHAHAHAHA
|
|t:|1760366604
|move|p2a: Zapdos|Volt Switch|p1a: Blissey
|-damage|p1a: Blissey|71/100 par
|
|t:|1760366607
|switch|p2a: Slowking|Slowking-Galar, M|56/100 brn|[from] Volt Switch
|-damage|p2a: Slowking|44/100 brn|[from] Stealth Rock
|move|p1a: Blissey|Calm Mind|p1a: Blissey
|-boost|p1a: Blissey|spa|1
|-boost|p1a: Blissey|spd|1
|
|-heal|p1a: Blissey|78/100 par|[from] item: Leftovers
|-damage|p2a: Slowking|38/100 brn|[from] brn
|upkeep
|turn|209
|
|t:|1760366618
|switch|p2a: Zapdos|Zapdos|85/100 brn
|-ability|p2a: Zapdos|Pressure
|cant|p1a: Blissey|par
|
|-heal|p1a: Blissey|84/100 par|[from] item: Leftovers
|-damage|p2a: Zapdos|79/100 brn|[from] brn
|upkeep
|turn|210
|inactive|Beelzebub235 has 120 seconds left.
|
|t:|1760366627
|move|p2a: Zapdos|Volt Switch|p1a: Blissey
|-damage|p1a: Blissey|79/100 par
|
|t:|1760366629
|switch|p2a: Slowking|Slowking-Galar, M|71/100 brn|[from] Volt Switch
|-damage|p2a: Slowking|58/100 brn|[from] Stealth Rock
|-activate|p1a: Blissey|move: Struggle
|move|p1a: Blissey|Struggle|p2a: Slowking
|-damage|p2a: Slowking|57/100 brn
|-damage|p1a: Blissey|54/100 par|[from] recoil
|
|-heal|p1a: Blissey|60/100 par|[from] item: Leftovers
|-damage|p2a: Slowking|51/100 brn|[from] brn
|upkeep
|turn|211
|inactive|Beelzebub235 has 120 seconds left.
|
|t:|1760366639
|switch|p2a: Zapdos|Zapdos|79/100 brn
|-ability|p2a: Zapdos|Pressure
|cant|p1a: Blissey|par
|
|-heal|p1a: Blissey|66/100 par|[from] item: Leftovers
|-damage|p2a: Zapdos|73/100 brn|[from] brn
|upkeep
|turn|212
|inactive|Beelzebub235 has 120 seconds left.
|
|t:|1760366648
|move|p2a: Zapdos|Volt Switch|p1a: Blissey
|-damage|p1a: Blissey|62/100 par
|
|t:|1760366651
|switch|p2a: Slowking|Slowking-Galar, M|84/100 brn|[from] Volt Switch
|-damage|p2a: Slowking|72/100 brn|[from] Stealth Rock
|-activate|p1a: Blissey|move: Struggle
|move|p1a: Blissey|Struggle|p2a: Slowking
|-damage|p2a: Slowking|70/100 brn
|-damage|p1a: Blissey|37/100 par|[from] recoil
|
|-heal|p1a: Blissey|43/100 par|[from] item: Leftovers
|-damage|p2a: Slowking|64/100 brn|[from] brn
|upkeep
|turn|213
|
|t:|1760366662
|move|p2a: Slowking|Future Sight|p1a: Blissey
|-start|p2a: Slowking|move: Future Sight
|-activate|p1a: Blissey|move: Struggle
|move|p1a: Blissey|Struggle|p2a: Slowking
|-damage|p2a: Slowking|63/100 brn
|-damage|p1a: Blissey|18/100 par|[from] recoil
|
|-heal|p1a: Blissey|24/100 par|[from] item: Leftovers
|-damage|p2a: Slowking|57/100 brn|[from] brn
|upkeep
|turn|214
|l|☆JELLLEN
|inactive|JELLLEN disconnected and has a minute to reconnect!
|player|p1|
|inactive|JELLLEN has 30 seconds to reconnect!
|inactive|JELLLEN has 20 seconds to reconnect!
|inactive|JELLLEN has 15 seconds to reconnect!
|inactive|JELLLEN has 10 seconds to reconnect!
|inactive|JELLLEN has 5 seconds to reconnect!
|-message|JELLLEN lost due to inactivity.
|
|win|Beelzebub235
