|j|☆sunkyunko
|j|☆Desarac
|t:|1760415592
|gametype|singles
|player|p1|sunkyunko|266|1151
|player|p2|Desarac|preschooler|1156
|gen|9
|tier|[Gen 9] OU
|rated|
|rule|HP Percentage Mod: HP is shown in percentages
|rule|Endless Battle Clause: Forcing endless battles is banned
|rule|Species Clause: Limit one of each Pokémon
|rule|OHKO Clause: OHKO moves are banned
|rule|Evasion Items Clause: Evasion items are banned
|rule|Evasion Moves Clause: Evasion moves are banned
|rule|Evasion Abilities Clause: Evasion abilities are banned
|rule|Sleep Moves Clause: Sleep-inducing moves are banned
|clearpoke
|poke|p1|Diancie|
|poke|p1|Kingambit, M|
|poke|p1|Deoxys-Speed|
|poke|p1|Moltres|
|poke|p1|Drifblim, F|
|poke|p1|Grotle, M|
|poke|p2|Metagross|
|poke|p2|Dragapult, F|
|poke|p2|Dragonite, M|
|poke|p2|Latias, F|
|poke|p2|Zapdos|
|poke|p2|Ninetales-Alola, F|
|teampreview
|inactive|Battle timer is ON: inactive players will automatically lose when time's up. (requested by Desarac)
|
|t:|1760415600
|teamsize|p1|6
|teamsize|p2|6
|start
|switch|p1a: Grotle|Grotle, M|100/100
|switch|p2a: Ninetales|Ninetales-Alola, F, shiny|100/100
|-weather|Snowscape|[from] ability: Snow Warning|[of] p2a: Ninetales
|turn|1
|
|t:|1760415609
|move|p2a: Ninetales|Aurora Veil|p2a: Ninetales
|-sidestart|p2: Desarac|move: Aurora Veil
|move|p1a: Grotle|Sand Tomb|p2a: Ninetales
|-damage|p2a: Ninetales|97/100
|-activate|p2a: Ninetales|move: Sand Tomb|[of] p1a: Grotle
|
|-weather|Snowscape|[upkeep]
|-damage|p2a: Ninetales|85/100|[from] move: Sand Tomb|[partiallytrapped]
|upkeep
|turn|2
|
|t:|1760415616
|-terastallize|p1a: Grotle|Steel
|move|p2a: Ninetales|Freeze-Dry|p1a: Grotle
|-resisted|p1a: Grotle
|-damage|p1a: Grotle|91/100
|move|p1a: Grotle|Leech Seed|p2a: Ninetales
|-start|p2a: Ninetales|move: Leech Seed
|
|-weather|Snowscape|[upkeep]
|-damage|p2a: Ninetales|73/100|[from] Leech Seed|[of] p1a: Grotle
|-heal|p1a: Grotle|100/100|[silent]
|-damage|p2a: Ninetales|60/100|[from] move: Sand Tomb|[partiallytrapped]
|upkeep
|turn|3
|
|t:|1760415626
|move|p2a: Ninetales|Encore|p1a: Grotle
|-start|p1a: Grotle|Encore
|move|p1a: Grotle|Leech Seed||[still]
|-fail|p1a: Grotle
|
|-weather|Snowscape|[upkeep]
|-damage|p2a: Ninetales|48/100|[from] Leech Seed|[of] p1a: Grotle
|-damage|p2a: Ninetales|36/100|[from] move: Sand Tomb|[partiallytrapped]
|upkeep
|turn|4
|
|t:|1760415635
|move|p2a: Ninetales|Freeze-Dry|p1a: Grotle
|-resisted|p1a: Grotle
|-damage|p1a: Grotle|92/100
|move|p1a: Grotle|Leech Seed|p2a: Ninetales|[miss]
|-miss|p1a: Grotle|p2a: Ninetales
|
|-weather|Snowscape|[upkeep]
|-damage|p2a: Ninetales|24/100|[from] Leech Seed|[of] p1a: Grotle
|-heal|p1a: Grotle|100/100|[silent]
|-damage|p2a: Ninetales|12/100|[from] move: Sand Tomb|[partiallytrapped]
|upkeep
|turn|5
|
|t:|1760415653
|move|p2a: Ninetales|Aurora Veil||[still]
|-fail|p2a: Ninetales
|move|p1a: Grotle|Leech Seed||[still]
|-fail|p1a: Grotle
|
|-weather|none
|-damage|p2a: Ninetales|0 fnt|[from] Leech Seed|[of] p1a: Grotle
|faint|p2a: Ninetales
|-end|p1a: Grotle|Encore
|upkeep
|
|t:|1760415661
|switch|p2a: Dragapult|Dragapult, F|100/100
|turn|6
|
|t:|1760415665
|move|p2a: Dragapult|Flamethrower|p1a: Grotle
|-supereffective|p1a: Grotle
|-damage|p1a: Grotle|68/100
|move|p1a: Grotle|Sand Tomb|p2a: Dragapult
|-damage|p2a: Dragapult|95/100
|-activate|p2a: Dragapult|move: Sand Tomb|[of] p1a: Grotle
|
|-damage|p2a: Dragapult|83/100|[from] move: Sand Tomb|[partiallytrapped]
|upkeep
|turn|7
|
|t:|1760415673
|move|p2a: Dragapult|U-turn|p1a: Grotle
|-resisted|p1a: Grotle
|-damage|p1a: Grotle|62/100
|
|t:|1760415689
|switch|p2a: Metagross|Metagross, shiny|100/100|[from] U-turn
|move|p1a: Grotle|Leech Seed|p2a: Metagross
|-start|p2a: Metagross|move: Leech Seed
|
|-damage|p2a: Metagross|88/100|[from] Leech Seed|[of] p1a: Grotle
|-heal|p1a: Grotle|73/100|[silent]
|upkeep
|turn|8
|
|t:|1760415696
|move|p2a: Metagross|Knock Off|p1a: Grotle
|-damage|p1a: Grotle|47/100
|-enditem|p1a: Grotle|Eviolite|[from] move: Knock Off|[of] p2a: Metagross
|move|p1a: Grotle|Sand Tomb|p2a: Metagross
|-supereffective|p2a: Metagross
|-damage|p2a: Metagross|81/100
|-activate|p2a: Metagross|move: Sand Tomb|[of] p1a: Grotle
|
|-heal|p2a: Metagross|87/100|[from] item: Leftovers
|-damage|p2a: Metagross|75/100|[from] Leech Seed|[of] p1a: Grotle
|-heal|p1a: Grotle|57/100|[silent]
|-damage|p2a: Metagross|63/100|[from] move: Sand Tomb|[partiallytrapped]
|-sideend|p2: Desarac|move: Aurora Veil
|upkeep
|turn|9
|
|t:|1760415708
|move|p1a: Grotle|Protect|p1a: Grotle
|-singleturn|p1a: Grotle|Protect
|move|p2a: Metagross|Earthquake|p1a: Grotle
|-activate|p1a: Grotle|move: Protect
|
|-heal|p2a: Metagross|69/100|[from] item: Leftovers
|-damage|p2a: Metagross|56/100|[from] Leech Seed|[of] p1a: Grotle
|-heal|p1a: Grotle|67/100|[silent]
|-damage|p2a: Metagross|44/100|[from] move: Sand Tomb|[partiallytrapped]
|upkeep
|turn|10
|
|t:|1760415717
|move|p2a: Metagross|Earthquake|p1a: Grotle
|-supereffective|p1a: Grotle
|-damage|p1a: Grotle|0 fnt
|faint|p1a: Grotle
|
|-heal|p2a: Metagross|50/100|[from] item: Leftovers
|-end|p2a: Metagross|Sand Tomb|[partiallytrapped]|[silent]
|upkeep
|
|t:|1760415727
|switch|p1a: Moltres|Moltres|100/100
|-ability|p1a: Moltres|Pressure
|turn|11
|
|t:|1760415733
|move|p2a: Metagross|Knock Off|p1a: Moltres
|-damage|p1a: Moltres|76/100
|-enditem|p1a: Moltres|Heavy-Duty Boots|[from] move: Knock Off|[of] p2a: Metagross
|move|p1a: Moltres|Will-O-Wisp|p2a: Metagross
|-status|p2a: Metagross|brn
|
|-heal|p2a: Metagross|56/100 brn|[from] item: Leftovers
|-damage|p2a: Metagross|44/100 brn|[from] Leech Seed|[of] p1a: Moltres
|-heal|p1a: Moltres|86/100|[silent]
|-damage|p2a: Metagross|38/100 brn|[from] brn
|upkeep
|turn|12
|
|t:|1760415746
|switch|p2a: Zapdos|Zapdos|100/100
|move|p1a: Moltres|U-turn|p2a: Zapdos
|-resisted|p2a: Zapdos
|-damage|p2a: Zapdos|92/100
|
|t:|1760415751
|switch|p1a: Diancie|Diancie|100/100|[from] U-turn
|
|upkeep
|turn|13
|
|t:|1760415768
|switch|p2a: Latias|Latias, F|100/100
|move|p1a: Diancie|Trick Room|p1a: Diancie
|-fieldstart|move: Trick Room|[of] p1a: Diancie
|
|upkeep
|turn|14
|
|t:|1760415773
|move|p1a: Diancie|Diamond Storm|p2a: Latias
|-damage|p2a: Latias|66/100
|move|p2a: Latias|Calm Mind|p2a: Latias
|-boost|p2a: Latias|spa|1
|-boost|p2a: Latias|spd|1
|
|-heal|p2a: Latias|72/100|[from] item: Leftovers
|upkeep
|turn|15
|
|t:|1760415781
|move|p1a: Diancie|Diamond Storm|p2a: Latias
|-damage|p2a: Latias|36/100
|move|p2a: Latias|Calm Mind|p2a: Latias
|-boost|p2a: Latias|spa|1
|-boost|p2a: Latias|spd|1
|
|-heal|p2a: Latias|42/100|[from] item: Leftovers
|upkeep
|turn|16
|
|t:|1760415794
|move|p1a: Diancie|Diamond Storm|p2a: Latias
|-damage|p2a: Latias|7/100
|move|p2a: Latias|Aura Sphere|p1a: Diancie
|-damage|p1a: Diancie|70/100
|
|-heal|p2a: Latias|13/100|[from] item: Leftovers
|upkeep
|turn|17
|
|t:|1760415803
|-terastallize|p2a: Latias|Poison
|move|p1a: Diancie|Draining Kiss|p2a: Latias
|-resisted|p2a: Latias
|-damage|p2a: Latias|9/100
|-heal|p1a: Diancie|74/100|[from] drain|[of] p2a: Latias
|move|p2a: Latias|Aura Sphere|p1a: Diancie
|-damage|p1a: Diancie|43/100
|
|-heal|p2a: Latias|15/100|[from] item: Leftovers
|-fieldend|move: Trick Room
|upkeep
|turn|18
|
|t:|1760415823
|move|p2a: Latias|Aura Sphere|p1a: Diancie
|-damage|p1a: Diancie|10/100
|move|p1a: Diancie|Trick Room|p1a: Diancie
|-fieldstart|move: Trick Room|[of] p1a: Diancie
|
|-heal|p2a: Latias|21/100|[from] item: Leftovers
|upkeep
|turn|19
|
|t:|1760415830
|move|p1a: Diancie|Diamond Storm|p2a: Latias
|-damage|p2a: Latias|0 fnt
|-boost|p1a: Diancie|def|2
|faint|p2a: Latias
|
|upkeep
|-message|Desarac forfeited.
|
|win|sunkyunko
|raw|sunkyunko's rating: 1151 &rarr; <strong>1176</strong><br />(+25 for winning)
|raw|Desarac's rating: 1156 &rarr; <strong>1131</strong><br />(-25 for losing)
|l|☆Desarac
|player|p2|
|l|☆sunkyunko
|player|p1|
