|j|☆xV001
|j|☆notmeezo
|t:|1760358821
|gametype|singles
|player|p1|xV001|102|1202
|player|p2|notmeezo|lucas|1229
|gen|9
|tier|[Gen 9] OU
|rated|
|rule|HP Percentage Mod: HP is shown in percentages
|rule|Endless Battle Clause: Forcing endless battles is banned
|rule|Species Clause: Limit one of each Pokémon
|rule|OHKO Clause: OHKO moves are banned
|rule|Evasion Items Clause: Evasion items are banned
|rule|Evasion Moves Clause: Evasion moves are banned
|rule|Evasion Abilities Clause: Evasion abilities are banned
|rule|Sleep Moves Clause: Sleep-inducing moves are banned
|clearpoke
|poke|p1|Tyranitar, F|
|poke|p1|Excadrill, F|
|poke|p1|Keldeo-Resolute|
|poke|p1|Tornadus-Therian, M|
|poke|p1|Heatran, F|
|poke|p1|Hydrapple, M|
|poke|p2|Zamazenta-*|
|poke|p2|Serperior, M|
|poke|p2|Rotom-Heat|
|poke|p2|Corviknight, M|
|poke|p2|Gliscor, M|
|poke|p2|Ogerpon-Wellspring, F|
|teampreview
|inactive|Battle timer is ON: inactive players will automatically lose when time's up. (requested by notmeezo)
|
|t:|1760358836
|teamsize|p1|6
|teamsize|p2|6
|start
|switch|p1a: Tyranitar|Tyranitar, F|100/100
|switch|p2a: Telkom|Rotom-Heat|100/100
|-weather|Sandstorm|[from] ability: Sand Stream|[of] p1a: Tyranitar
|turn|1
|
|t:|1760358840
|move|p2a: Telkom|Volt Switch|p1a: Tyranitar
|-damage|p1a: Tyranitar|79/100
|
|t:|1760358847
|switch|p2a: Shield|Zamazenta|100/100|[from] Volt Switch
|-ability|p2a: Shield|Dauntless Shield|boost
|-boost|p2a: Shield|def|1
|move|p1a: Tyranitar|Stone Edge|p2a: Shield
|-resisted|p2a: Shield
|-damage|p2a: Shield|77/100
|
|-weather|Sandstorm|[upkeep]
|-damage|p2a: Shield|71/100|[from] Sandstorm
|upkeep
|turn|2
|
|t:|1760358872
|switch|p1a: Tornadus|Tornadus-Therian, M|100/100
|move|p2a: Shield|Ice Fang|p1a: Tornadus
|-supereffective|p1a: Tornadus
|-damage|p1a: Tornadus|61/100
|
|-weather|Sandstorm|[upkeep]
|-damage|p2a: Shield|65/100|[from] Sandstorm
|-damage|p1a: Tornadus|55/100|[from] Sandstorm
|upkeep
|turn|3
|
|t:|1760358882
|move|p2a: Shield|Ice Fang|p1a: Tornadus
|-supereffective|p1a: Tornadus
|-damage|p1a: Tornadus|9/100
|move|p1a: Tornadus|Bleakwind Storm|p2a: Shield
|-supereffective|p2a: Shield
|-damage|p2a: Shield|1/100
|-unboost|p2a: Shield|spe|1
|-enditem|p2a: Shield|Aguav Berry|[eat]
|-heal|p2a: Shield|34/100|[from] item: Aguav Berry
|
|-weather|Sandstorm|[upkeep]
|-damage|p1a: Tornadus|3/100|[from] Sandstorm
|-damage|p2a: Shield|28/100|[from] Sandstorm
|upkeep
|turn|4
|
|t:|1760358888
|switch|p1a: Excadrill|Excadrill, F|100/100
|-item|p1a: Excadrill|Air Balloon
|move|p2a: Shield|Body Press|p1a: Excadrill
|-supereffective|p1a: Excadrill
|-damage|p1a: Excadrill|0 fnt
|-enditem|p1a: Excadrill|Air Balloon
|faint|p1a: Excadrill
|
|-weather|Sandstorm|[upkeep]
|-damage|p2a: Shield|22/100|[from] Sandstorm
|upkeep
|
|t:|1760358896
|switch|p1a: Keldeo|Keldeo-Resolute|100/100
|turn|5
|
|t:|1760358903
|switch|p2a: Mystic|Ogerpon-Wellspring, F|100/100
|move|p1a: Keldeo|Secret Sword|p2a: Mystic
|-crit|p2a: Mystic
|-damage|p2a: Mystic|0 fnt
|faint|p2a: Mystic
|
|-weather|none
|upkeep
|
|t:|1760358908
|switch|p2a: Telkom|Rotom-Heat|100/100
|turn|6
|inactive|xV001 has 120 seconds left.
|
|t:|1760358947
|switch|p1a: Tornadus|Tornadus-Therian, M|36/100
|move|p2a: Telkom|Volt Switch|p1a: Tornadus
|-supereffective|p1a: Tornadus
|-damage|p1a: Tornadus|0 fnt
|faint|p1a: Tornadus
|
|t:|1760358951
|switch|p2a: Fuzzy|Serperior, M|100/100|[from] Volt Switch
|
|upkeep
|inactive|xV001 has 120 seconds left.
|
|t:|1760358965
|switch|p1a: Heatran|Heatran, F|100/100
|turn|7
|inactive|notmeezo has 120 seconds left.
|
|t:|1760359007
|-terastallize|p2a: Fuzzy|Electric
|move|p2a: Fuzzy|Glare|p1a: Heatran
|-status|p1a: Heatran|par
|move|p1a: Heatran|Magma Storm|p2a: Fuzzy
|-damage|p2a: Fuzzy|52/100
|-activate|p2a: Fuzzy|move: Magma Storm|[of] p1a: Heatran
|
|-heal|p2a: Fuzzy|58/100|[from] item: Leftovers
|-damage|p2a: Fuzzy|46/100|[from] move: Magma Storm|[partiallytrapped]
|upkeep
|turn|8
|inactive|xV001 has 120 seconds left.
|
|t:|1760359027
|move|p2a: Fuzzy|Leaf Storm|p1a: Heatran
|-resisted|p1a: Heatran
|-damage|p1a: Heatran|94/100 par
|-boost|p2a: Fuzzy|spa|2
|cant|p1a: Heatran|par
|
|-heal|p2a: Fuzzy|52/100|[from] item: Leftovers
|-heal|p1a: Heatran|100/100 par|[from] item: Leftovers
|-damage|p2a: Fuzzy|39/100|[from] move: Magma Storm|[partiallytrapped]
|upkeep
|turn|9
|inactive|notmeezo has 120 seconds left.
|
|t:|1760359035
|move|p2a: Fuzzy|Tera Blast|p1a: Heatran|[anim] Tera Blast Electric
|-damage|p1a: Heatran|70/100 par
|move|p1a: Heatran|Earth Power|p2a: Fuzzy
|-supereffective|p2a: Fuzzy
|-damage|p2a: Fuzzy|0 fnt
|faint|p2a: Fuzzy
|
|-heal|p1a: Heatran|76/100 par|[from] item: Leftovers
|upkeep
|inactive|notmeezo has 120 seconds left.
|
|t:|1760359040
|switch|p2a: Pinch|Gliscor, M|100/100
|turn|10
|inactive|xV001 has 120 seconds left.
|
|t:|1760359065
|move|p2a: Pinch|Stealth Rock|p1a: Heatran
|-sidestart|p1: xV001|move: Stealth Rock
|move|p1a: Heatran|Magma Storm|p2a: Pinch
|-damage|p2a: Pinch|60/100
|-activate|p2a: Pinch|move: Magma Storm|[of] p1a: Heatran
|
|-heal|p1a: Heatran|82/100 par|[from] item: Leftovers
|-damage|p2a: Pinch|47/100|[from] move: Magma Storm|[partiallytrapped]
|-status|p2a: Pinch|tox|[from] item: Toxic Orb
|upkeep
|turn|11
|
|t:|1760359075
|move|p2a: Pinch|Earthquake|p1a: Heatran
|-supereffective|p1a: Heatran
|-damage|p1a: Heatran|0 fnt
|faint|p1a: Heatran
|
|-heal|p2a: Pinch|60/100 tox|[from] ability: Poison Heal
|-end|p2a: Pinch|Magma Storm|[partiallytrapped]|[silent]
|upkeep
|
|t:|1760359078
|switch|p1a: Keldeo|Keldeo-Resolute|100/100
|-damage|p1a: Keldeo|94/100|[from] Stealth Rock
|turn|12
|
|t:|1760359085
|-terastallize|p1a: Keldeo|Water
|move|p2a: Pinch|Protect|p2a: Pinch
|-singleturn|p2a: Pinch|Protect
|move|p1a: Keldeo|Surf|p2a: Pinch
|-activate|p2a: Pinch|move: Protect
|
|-heal|p2a: Pinch|72/100 tox|[from] ability: Poison Heal
|upkeep
|turn|13
|
|t:|1760359100
|switch|p2a: Corviknight|Corviknight, M|100/100
|move|p1a: Keldeo|Surf|p2a: Corviknight
|-damage|p2a: Corviknight|16/100
|
|upkeep
|turn|14
|
|t:|1760359105
|move|p1a: Keldeo|Surf|p2a: Corviknight
|-damage|p2a: Corviknight|0 fnt
|faint|p2a: Corviknight
|
|upkeep
|
|t:|1760359107
|switch|p2a: Telkom|Rotom-Heat|100/100
|turn|15
|
|t:|1760359111
|move|p2a: Telkom|Volt Switch|p1a: Keldeo
|-supereffective|p1a: Keldeo
|-damage|p1a: Keldeo|7/100
|
|t:|1760359124
|switch|p2a: Shield|Zamazenta|22/100|[from] Volt Switch
|move|p1a: Keldeo|Surf|p2a: Shield
|-damage|p2a: Shield|0 fnt
|faint|p2a: Shield
|
|upkeep
|
|t:|1760359128
|switch|p2a: Telkom|Rotom-Heat|100/100
|turn|16
|
|t:|1760359144
|move|p2a: Telkom|Volt Switch|p1a: Keldeo
|-supereffective|p1a: Keldeo
|-damage|p1a: Keldeo|0 fnt
|faint|p1a: Keldeo
|
|t:|1760359146
|switch|p2a: Pinch|Gliscor, M|72/100 tox|[from] Volt Switch
|
|-heal|p2a: Pinch|85/100 tox|[from] ability: Poison Heal
|upkeep
|
|t:|1760359151
|switch|p1a: Tyranitar|Tyranitar, F|79/100
|-damage|p1a: Tyranitar|67/100|[from] Stealth Rock
|-weather|Sandstorm|[from] ability: Sand Stream|[of] p1a: Tyranitar
|turn|17
|
|t:|1760359154
|move|p2a: Pinch|Earthquake|p1a: Tyranitar
|-supereffective|p1a: Tyranitar
|-damage|p1a: Tyranitar|7/100
|move|p1a: Tyranitar|Ice Punch|p2a: Pinch
|-supereffective|p2a: Pinch
|-damage|p2a: Pinch|0 fnt
|faint|p2a: Pinch
|
|-weather|Sandstorm|[upkeep]
|upkeep
|
|t:|1760359158
|switch|p2a: Telkom|Rotom-Heat|100/100
|turn|18
|
|t:|1760359167
|move|p2a: Telkom|Trick|p1a: Tyranitar
|-activate|p2a: Telkom|move: Trick|[of] p1a: Tyranitar
|-item|p1a: Tyranitar|Choice Scarf|[from] move: Trick
|-item|p2a: Telkom|Choice Band|[from] move: Trick
|move|p1a: Tyranitar|Ice Punch|p2a: Telkom
|-resisted|p2a: Telkom
|-damage|p2a: Telkom|81/100
|
|-weather|Sandstorm|[upkeep]
|-damage|p2a: Telkom|75/100|[from] Sandstorm
|upkeep
|turn|19
|
|t:|1760359186
|move|p1a: Tyranitar|Ice Punch|p2a: Telkom
|-resisted|p2a: Telkom
|-damage|p2a: Telkom|57/100
|-status|p2a: Telkom|frz
|-curestatus|p2a: Telkom|frz|[msg]
|move|p2a: Telkom|Dark Pulse|p1a: Tyranitar
|-resisted|p1a: Tyranitar
|-damage|p1a: Tyranitar|0 fnt
|faint|p1a: Tyranitar
|
|-weather|Sandstorm|[upkeep]
|-damage|p2a: Telkom|51/100|[from] Sandstorm
|upkeep
|
|t:|1760359194
|switch|p1a: Hydrapple|Hydrapple, M|100/100
|-damage|p1a: Hydrapple|88/100|[from] Stealth Rock
|turn|20
|
|t:|1760359199
|move|p2a: Telkom|Dark Pulse|p1a: Hydrapple
|-damage|p1a: Hydrapple|60/100
|cant|p1a: Hydrapple|flinch
|
|-weather|Sandstorm|[upkeep]
|-damage|p2a: Telkom|45/100|[from] Sandstorm
|-damage|p1a: Hydrapple|54/100|[from] Sandstorm
|upkeep
|turn|21
|
|t:|1760359204
|move|p2a: Telkom|Dark Pulse|p1a: Hydrapple
|-damage|p1a: Hydrapple|26/100
|move|p1a: Hydrapple|Fickle Beam|p2a: Telkom
|-damage|p2a: Telkom|2/100
|
|-weather|none
|upkeep
|turn|22
|
|t:|1760359213
|move|p2a: Telkom|Dark Pulse|p1a: Hydrapple
|-crit|p1a: Hydrapple
|-damage|p1a: Hydrapple|0 fnt
|faint|p1a: Hydrapple
|
|win|notmeezo
|raw|xV001's rating: 1174 &rarr; <strong>1153</strong><br />(-21 for losing)
|raw|notmeezo's rating: 1229 &rarr; <strong>1250</strong><br />(+21 for winning)
|c|☆notmeezo|gg
|l|☆xV001
|player|p1|
|l|☆notmeezo
|player|p2|
