|j|☆SwayzRKing
|j|☆soulstarz
|t:|1760430312
|gametype|singles
|player|p1|SwayzRKing|266|1263
|player|p2|soulstarz|102|1259
|gen|9
|tier|[Gen 9] OU
|rated|
|rule|HP Percentage Mod: HP is shown in percentages
|rule|Endless Battle Clause: Forcing endless battles is banned
|rule|Species Clause: Limit one of each Pokémon
|rule|OHKO Clause: OHKO moves are banned
|rule|Evasion Items Clause: Evasion items are banned
|rule|Evasion Moves Clause: Evasion moves are banned
|rule|Evasion Abilities Clause: Evasion abilities are banned
|rule|Sleep Moves Clause: Sleep-inducing moves are banned
|clearpoke
|poke|p1|Zamazenta-*|
|poke|p1|Ogerpon-Wellspring, F|
|poke|p1|Raging Bolt|
|poke|p1|Hatterene, F|
|poke|p1|Ceruledge, M|
|poke|p1|Glimmora, F|
|poke|p2|Primarina, M|
|poke|p2|Iron Treads|
|poke|p2|Lokix, M|
|poke|p2|Kingdra, M|
|poke|p2|Pelipper, M|
|poke|p2|Toxicroak, M|
|teampreview
|inactive|Battle timer is ON: inactive players will automatically lose when time's up. (requested by soulstarz)
|
|t:|1760430340
|teamsize|p1|6
|teamsize|p2|6
|start
|switch|p1a: Glimmora|Glimmora, F|100/100
|switch|p2a: Iron Treads|Iron Treads, shiny|100/100
|-item|p1a: Glimmora|Air Balloon
|turn|1
|
|t:|1760430349
|move|p2a: Iron Treads|Rapid Spin|p1a: Glimmora
|-resisted|p1a: Glimmora
|-damage|p1a: Glimmora|91/100
|-boost|p2a: Iron Treads|spe|1
|-activate|p1a: Glimmora|ability: Toxic Debris
|-sidestart|p2: soulstarz|move: Toxic Spikes
|-enditem|p1a: Glimmora|Air Balloon
|-sideend|p2: soulstarz|Toxic Spikes|[from] move: Rapid Spin|[of] p2a: Iron Treads
|move|p1a: Glimmora|Earth Power|p2a: Iron Treads
|-supereffective|p2a: Iron Treads
|-damage|p2a: Iron Treads|3/100
|
|upkeep
|turn|2
|
|t:|1760430361
|switch|p1a: Zamazenta|Zamazenta|100/100
|-ability|p1a: Zamazenta|Dauntless Shield|boost
|-boost|p1a: Zamazenta|def|1
|move|p2a: Iron Treads|Earthquake|p1a: Zamazenta
|-damage|p1a: Zamazenta|77/100
|
|-heal|p1a: Zamazenta|83/100|[from] item: Leftovers
|upkeep
|turn|3
|
|t:|1760430366
|move|p2a: Iron Treads|Stealth Rock|p1a: Zamazenta
|-sidestart|p1: SwayzRKing|move: Stealth Rock
|move|p1a: Zamazenta|Body Press|p2a: Iron Treads
|-supereffective|p2a: Iron Treads
|-damage|p2a: Iron Treads|0 fnt
|faint|p2a: Iron Treads
|-end|p2a: Iron Treads|Quark Drive|[silent]
|
|-heal|p1a: Zamazenta|89/100|[from] item: Leftovers
|upkeep
|
|t:|1760430375
|switch|p2a: Primarina|Primarina, M, shiny|100/100
|turn|4
|
|t:|1760430391
|switch|p1a: Glimmora|Glimmora, F|91/100
|-damage|p1a: Glimmora|78/100|[from] Stealth Rock
|move|p2a: Primarina|Moonblast|p1a: Glimmora
|-resisted|p1a: Glimmora
|-damage|p1a: Glimmora|46/100
|-unboost|p1a: Glimmora|spa|1
|
|upkeep
|turn|5
|
|t:|1760430395
|move|p1a: Glimmora|Mortal Spin|p2a: Primarina
|-supereffective|p2a: Primarina
|-damage|p2a: Primarina|83/100
|-status|p2a: Primarina|psn
|-sideend|p1: SwayzRKing|Stealth Rock|[from] move: Mortal Spin|[of] p1a: Glimmora
|move|p2a: Primarina|Psychic Noise|p1a: Glimmora
|-supereffective|p1a: Glimmora
|-damage|p1a: Glimmora|0 fnt
|faint|p1a: Glimmora
|
|-heal|p2a: Primarina|89/100 psn|[from] item: Leftovers
|-damage|p2a: Primarina|76/100 psn|[from] psn
|upkeep
|
|t:|1760430403
|switch|p1a: Raging Bolt|Raging Bolt|100/100
|-enditem|p1a: Raging Bolt|Booster Energy
|-activate|p1a: Raging Bolt|ability: Protosynthesis|[fromitem]
|-start|p1a: Raging Bolt|protosynthesisspa
|turn|6
|
|t:|1760430411
|switch|p2a: Pelipper|Pelipper, M, shiny|100/100
|-weather|RainDance|[from] ability: Drizzle|[of] p2a: Pelipper
|-terastallize|p1a: Raging Bolt|Fairy
|move|p1a: Raging Bolt|Calm Mind|p1a: Raging Bolt
|-boost|p1a: Raging Bolt|spa|1
|-boost|p1a: Raging Bolt|spd|1
|
|-weather|RainDance|[upkeep]
|upkeep
|turn|7
|
|t:|1760430421
|switch|p2a: Lokix|Lokix, M, shiny|100/100
|move|p1a: Raging Bolt|Calm Mind|p1a: Raging Bolt
|-boost|p1a: Raging Bolt|spa|1
|-boost|p1a: Raging Bolt|spd|1
|
|-weather|RainDance|[upkeep]
|upkeep
|turn|8
|
|t:|1760430434
|move|p2a: Lokix|U-turn|p1a: Raging Bolt
|-resisted|p1a: Raging Bolt
|-damage|p1a: Raging Bolt|51/100
|
|t:|1760430439
|switch|p2a: Primarina|Primarina, M, shiny|76/100 psn|[from] U-turn
|move|p1a: Raging Bolt|Dragon Pulse|p2a: Primarina
|-immune|p2a: Primarina
|
|-weather|RainDance|[upkeep]
|-heal|p2a: Primarina|82/100 psn|[from] item: Leftovers
|-damage|p2a: Primarina|70/100 psn|[from] psn
|upkeep
|turn|9
|
|t:|1760430464
|move|p1a: Raging Bolt|Thunderbolt|p2a: Primarina
|-supereffective|p2a: Primarina
|-crit|p2a: Primarina
|-damage|p2a: Primarina|0 fnt
|faint|p2a: Primarina
|
|-weather|RainDance|[upkeep]
|upkeep
|
|t:|1760430468
|switch|p2a: Lokix|Lokix, M, shiny|100/100
|turn|10
|
|t:|1760430474
|move|p2a: Lokix|First Impression|p1a: Raging Bolt
|-resisted|p1a: Raging Bolt
|-damage|p1a: Raging Bolt|0 fnt
|faint|p1a: Raging Bolt
|-end|p1a: Raging Bolt|Protosynthesis|[silent]
|
|-weather|RainDance|[upkeep]
|upkeep
|
|t:|1760430480
|switch|p1a: Hatterene|Hatterene, F|100/100
|turn|11
|
|t:|1760430487
|switch|p2a: Toxicroak|Toxicroak, M, shiny|100/100
|move|p1a: Hatterene|Draining Kiss|p2a: Toxicroak
|-damage|p2a: Toxicroak|61/100
|-damage|p1a: Hatterene|84/100|[from] item: Rocky Helmet|[of] p2a: Toxicroak
|
|-weather|RainDance|[upkeep]
|-heal|p2a: Toxicroak|73/100|[from] ability: Dry Skin
|upkeep
|turn|12
|
|t:|1760430495
|move|p2a: Toxicroak|Knock Off|p1a: Hatterene
|-damage|p1a: Hatterene|59/100
|-enditem|p1a: Hatterene|Assault Vest|[from] move: Knock Off|[of] p2a: Toxicroak
|move|p1a: Hatterene|Psyshock|p2a: Toxicroak
|-supereffective|p2a: Toxicroak
|-damage|p2a: Toxicroak|0 fnt
|faint|p2a: Toxicroak
|
|-weather|RainDance|[upkeep]
|upkeep
|
|t:|1760430502
|switch|p2a: Lokix|Lokix, M, shiny|100/100
|turn|13
|
|t:|1760430511
|move|p2a: Lokix|U-turn|p1a: Hatterene
|-damage|p1a: Hatterene|6/100
|
|t:|1760430514
|switch|p2a: Kingdra|Kingdra, M, shiny|100/100|[from] U-turn
|move|p1a: Hatterene|Draining Kiss|p2a: Kingdra
|-supereffective|p2a: Kingdra
|-damage|p2a: Kingdra|35/100
|-heal|p1a: Hatterene|52/100|[from] drain|[of] p2a: Kingdra
|
|-weather|none
|upkeep
|turn|14
|
|t:|1760430518
|switch|p2a: Pelipper|Pelipper, M, shiny|100/100
|-weather|RainDance|[from] ability: Drizzle|[of] p2a: Pelipper
|move|p1a: Hatterene|Draining Kiss|p2a: Pelipper
|-damage|p2a: Pelipper|73/100
|-heal|p1a: Hatterene|73/100|[from] drain|[of] p2a: Pelipper
|
|-weather|RainDance|[upkeep]
|upkeep
|turn|15
|
|t:|1760430525
|move|p2a: Pelipper|U-turn|p1a: Hatterene
|-damage|p1a: Hatterene|61/100
|
|t:|1760430528
|switch|p2a: Kingdra|Kingdra, M, shiny|35/100|[from] U-turn
|move|p1a: Hatterene|Draining Kiss|p2a: Kingdra
|-supereffective|p2a: Kingdra
|-damage|p2a: Kingdra|0 fnt
|-heal|p1a: Hatterene|84/100|[from] drain|[of] p2a: Kingdra
|faint|p2a: Kingdra
|
|-weather|RainDance|[upkeep]
|upkeep
|
|t:|1760430530
|switch|p2a: Lokix|Lokix, M, shiny|100/100
|turn|16
|
|t:|1760430533
|move|p2a: Lokix|First Impression|p1a: Hatterene
|-damage|p1a: Hatterene|13/100
|move|p1a: Hatterene|Draining Kiss|p2a: Lokix
|-supereffective|p2a: Lokix
|-damage|p2a: Lokix|0 fnt
|-heal|p1a: Hatterene|80/100|[from] drain|[of] p2a: Lokix
|faint|p2a: Lokix
|
|-weather|RainDance|[upkeep]
|upkeep
|-message|soulstarz forfeited.
|
|win|SwayzRKing
|raw|SwayzRKing's rating: 1263 &rarr; <strong>1288</strong><br />(+25 for winning)
|raw|soulstarz's rating: 1259 &rarr; <strong>1234</strong><br />(-25 for losing)
|l|☆soulstarz
|player|p2|
|c|☆SwayzRKing|????
|l|☆SwayzRKing
|player|p1|
