|j|☆sgt777
|j|☆NolanTheLEGGGG
|t:|1760395052
|gametype|singles
|player|p1|sgt777|cynthia-gen4|1024
|player|p2|NolanTheLEGGGG|169|1020
|gen|9
|tier|[Gen 9] OU
|rated|
|rule|HP Percentage Mod: HP is shown in percentages
|rule|Endless Battle Clause: Forcing endless battles is banned
|rule|Species Clause: Limit one of each Pokémon
|rule|OHKO Clause: OHKO moves are banned
|rule|Evasion Items Clause: Evasion items are banned
|rule|Evasion Moves Clause: Evasion moves are banned
|rule|Evasion Abilities Clause: Evasion abilities are banned
|rule|Sleep Moves Clause: Sleep-inducing moves are banned
|clearpoke
|poke|p1|Clefable, M|
|poke|p1|Ninetales-Alola, M|
|poke|p1|Dragapult, F|
|poke|p1|Indeedee, M|
|poke|p1|Jolteon, F|
|poke|p1|Porygon-Z|
|poke|p2|Squawkabilly-White, M|
|poke|p2|Hitmonlee, M|
|poke|p2|Mew|
|poke|p2|Blastoise, F|
|poke|p2|Pikachu-Original, M|
|poke|p2|Haxorus, F|
|teampreview
|
|t:|1760395056
|teamsize|p1|6
|teamsize|p2|6
|start
|switch|p1a: Dragapult|Dragapult, F|100/100
|switch|p2a: Blastoise|Blastoise, F|100/100
|turn|1
|
|t:|1760395071
|move|p1a: Dragapult|Double-Edge|p2a: Blastoise
|-enditem|p1a: Dragapult|Normal Gem|[from] gem
|-damage|p2a: Blastoise|42/100
|-damage|p1a: Dragapult|83/100|[from] Recoil
|move|p2a: Blastoise|Shell Smash|p2a: Blastoise
|-unboost|p2a: Blastoise|def|1
|-unboost|p2a: Blastoise|spd|1
|-boost|p2a: Blastoise|atk|2
|-boost|p2a: Blastoise|spa|2
|-boost|p2a: Blastoise|spe|2
|-enditem|p2a: Blastoise|White Herb
|-clearnegativeboost|p2a: Blastoise|[silent]
|
|upkeep
|turn|2
|
|t:|1760395086
|move|p1a: Dragapult|Sucker Punch|p2a: Blastoise
|-damage|p2a: Blastoise|17/100
|move|p2a: Blastoise|Hydro Pump|p1a: Dragapult|[miss]
|-miss|p2a: Blastoise|p1a: Dragapult
|
|upkeep
|turn|3
|
|t:|1760395095
|move|p1a: Dragapult|U-turn|p2a: Blastoise
|-damage|p2a: Blastoise|0 fnt
|faint|p2a: Blastoise
|c|☆NolanTheLEGGGG|bro
|
|t:|1760395099
|switch|p1a: Ninetales|Ninetales-Alola, M|100/100|[from] U-turn
|-weather|Snowscape|[from] ability: Snow Warning|[of] p1a: Ninetales
|
|-weather|Snowscape|[upkeep]
|upkeep
|
|t:|1760395105
|switch|p2a: Hitmonlee|Hitmonlee, M|100/100
|turn|4
|
|t:|1760395115
|move|p2a: Hitmonlee|Stone Edge|p1a: Ninetales
|-supereffective|p1a: Ninetales
|-damage|p1a: Ninetales|21/100
|move|p1a: Ninetales|Roar|p2a: Hitmonlee
|-enditem|p1a: Ninetales|Throat Spray
|-boost|p1a: Ninetales|spa|1|[from] item: Throat Spray
|drag|p2a: Squawkabilly|Squawkabilly-White, M|100/100
|-ability|p2a: Squawkabilly|Intimidate|boost
|-unboost|p1a: Ninetales|atk|1
|
|-weather|Snowscape|[upkeep]
|-status|p2a: Squawkabilly|brn|[from] item: Flame Orb
|upkeep
|turn|5
|
|t:|1760395130
|move|p2a: Squawkabilly|Quick Attack|p1a: Ninetales
|-damage|p1a: Ninetales|12/100
|move|p1a: Ninetales|Blizzard|p2a: Squawkabilly
|-supereffective|p2a: Squawkabilly
|-damage|p2a: Squawkabilly|0 fnt
|faint|p2a: Squawkabilly
|
|-weather|Snowscape|[upkeep]
|upkeep
|c|☆NolanTheLEGGGG|I will comeback
|
|t:|1760395144
|switch|p2a: Mew|Mew, shiny|100/100
|turn|6
|
|t:|1760395148
|move|p1a: Ninetales|Aurora Veil|p1a: Ninetales
|-sidestart|p1: sgt777|move: Aurora Veil
|move|p2a: Mew|Psychic|p1a: Ninetales
|-damage|p1a: Ninetales|0 fnt
|faint|p1a: Ninetales
|
|-weather|Snowscape|[upkeep]
|upkeep
|
|t:|1760395161
|switch|p1a: Porygon-Z|Porygon-Z|100/100
|-ability|p1a: Porygon-Z|Download|boost
|-boost|p1a: Porygon-Z|spa|1
|turn|7
|
|t:|1760395172
|-terastallize|p1a: Porygon-Z|Dark
|move|p1a: Porygon-Z|Foul Play|p2a: Mew
|-supereffective|p2a: Mew
|-damage|p2a: Mew|41/100
|move|p2a: Mew|Shadow Ball|p1a: Porygon-Z
|-resisted|p1a: Porygon-Z
|-damage|p1a: Porygon-Z|92/100
|
|-weather|none
|-heal|p2a: Mew|48/100|[from] item: Leftovers
|upkeep
|turn|8
|
|t:|1760395185
|move|p1a: Porygon-Z|Foul Play|p2a: Mew
|-supereffective|p2a: Mew
|-damage|p2a: Mew|0 fnt
|faint|p2a: Mew
|
|upkeep
|-message|NolanTheLEGGGG forfeited.
|
|win|sgt777
|raw|sgt777's rating: 1024 &rarr; <strong>1060</strong><br />(+36 for winning)
|raw|NolanTheLEGGGG's rating: 1020 &rarr; <strong>1007</strong><br />(-13 for losing)
|l|☆NolanTheLEGGGG
|player|p2|
