|j|☆burningpain
|j|☆weenux
|t:|1760314830
|gametype|singles
|player|p1|burningpain|266|1553
|player|p2|weenux|steven|1544
|gen|9
|tier|[Gen 9] OU
|rated|
|rule|HP Percentage Mod: HP is shown in percentages
|rule|Endless Battle Clause: Forcing endless battles is banned
|rule|Species Clause: Limit one of each Pokémon
|rule|OHKO Clause: OHKO moves are banned
|rule|Evasion Items Clause: Evasion items are banned
|rule|Evasion Moves Clause: Evasion moves are banned
|rule|Evasion Abilities Clause: Evasion abilities are banned
|rule|Sleep Moves Clause: Sleep-inducing moves are banned
|clearpoke
|poke|p1|Quagsire, F|
|poke|p1|Blissey, F|
|poke|p1|Toxapex, F|
|poke|p1|Weezing-Galar, F|
|poke|p1|Gliscor, M|
|poke|p1|Corviknight, F|
|poke|p2|Garchomp, M|
|poke|p2|Darkrai|
|poke|p2|Gholdengo|
|poke|p2|Ogerpon-Wellspring, F|
|poke|p2|Iron Valiant|
|poke|p2|Iron Treads|
|teampreview
|
|t:|1760314855
|teamsize|p1|6
|teamsize|p2|6
|start
|switch|p1a: Quagsire|Quagsire, F|100/100
|switch|p2a: Garchomp|Garchomp, M|100/100
|turn|1
|
|t:|1760314863
|move|p2a: Garchomp|Stealth Rock|p1a: Quagsire
|-sidestart|p1: burningpain|move: Stealth Rock
|move|p1a: Quagsire|Toxic|p2a: Garchomp
|-status|p2a: Garchomp|tox
|
|-damage|p2a: Garchomp|94/100 tox|[from] psn
|upkeep
|turn|2
|inactive|Battle timer is ON: inactive players will automatically lose when time's up. (requested by weenux)
|
|t:|1760314867
|move|p2a: Garchomp|Spikes|p1a: Quagsire
|-sidestart|p1: burningpain|Spikes
|move|p1a: Quagsire|Spikes|p2a: Garchomp
|-sidestart|p2: weenux|Spikes
|
|-damage|p2a: Garchomp|82/100 tox|[from] psn
|upkeep
|turn|3
|j| Nikator98
|
|t:|1760314875
|switch|p2a: Ogerpon|Ogerpon-Wellspring, F|100/100
|-damage|p2a: Ogerpon|88/100|[from] Spikes
|switch|p1a: Corviknight|Corviknight, F|100/100
|-damage|p1a: Corviknight|88/100|[from] Stealth Rock
|-ability|p1a: Corviknight|Pressure
|
|upkeep
|turn|4
|
|t:|1760314890
|move|p2a: Ogerpon|Swords Dance|p2a: Ogerpon
|-boost|p2a: Ogerpon|atk|2
|move|p1a: Corviknight|Body Press|p2a: Ogerpon
|-damage|p2a: Ogerpon|57/100
|
|upkeep
|turn|5
|
|t:|1760314898
|move|p2a: Ogerpon|Synthesis|p2a: Ogerpon
|-heal|p2a: Ogerpon|100/100
|move|p1a: Corviknight|Defog|p2a: Ogerpon
|-unboost|p2a: Ogerpon|evasion|1
|-sideend|p2: weenux|Spikes|[from] move: Defog|[of] p1a: Corviknight
|-sideend|p1: burningpain|Spikes|[from] move: Defog|[of] p1a: Corviknight
|-sideend|p1: burningpain|Stealth Rock|[from] move: Defog|[of] p1a: Corviknight
|
|upkeep
|turn|6
|
|t:|1760314904
|move|p2a: Ogerpon|Swords Dance|p2a: Ogerpon
|-boost|p2a: Ogerpon|atk|2
|move|p1a: Corviknight|Body Press|p2a: Ogerpon
|-damage|p2a: Ogerpon|72/100
|
|upkeep
|turn|7
|
|t:|1760314908
|switch|p1a: Toxapex|Toxapex, F|100/100
|move|p2a: Ogerpon|Swords Dance|p2a: Ogerpon
|-boost|p2a: Ogerpon|atk|2
|
|upkeep
|turn|8
|inactive|weenux has 120 seconds left.
|
|t:|1760314943
|-terastallize|p2a: Ogerpon|Water
|detailschange|p2a: Ogerpon|Ogerpon-Wellspring-Tera, F, tera:Water
|-ability|p2a: Ogerpon|Embody Aspect (Wellspring)|boost
|-boost|p2a: Ogerpon|spd|1
|move|p1a: Toxapex|Baneful Bunker|p1a: Toxapex
|-singleturn|p1a: Toxapex|move: Protect
|move|p2a: Ogerpon|Ivy Cudgel|p1a: Toxapex|[anim] Ivy Cudgel Water
|-activate|p1a: Toxapex|move: Protect
|
|upkeep
|turn|9
|
|t:|1760314965
|move|p2a: Ogerpon|Ivy Cudgel|p1a: Toxapex|[anim] Ivy Cudgel Water
|-resisted|p1a: Toxapex
|-crit|p1a: Toxapex
|-damage|p1a: Toxapex|0 fnt
|faint|p1a: Toxapex
|
|upkeep
|
|t:|1760314968
|switch|p1a: Quagsire|Quagsire, F|100/100
|turn|10
|
|t:|1760314979
|-terastallize|p1a: Quagsire|Fairy
|move|p2a: Ogerpon|Trailblaze|p1a: Quagsire
|-damage|p1a: Quagsire|81/100
|-boost|p2a: Ogerpon|spe|1
|move|p1a: Quagsire|Toxic|p2a: Ogerpon
|-status|p2a: Ogerpon|tox
|
|-heal|p1a: Quagsire|87/100|[from] item: Leftovers
|-damage|p2a: Ogerpon|66/100 tox|[from] psn
|upkeep
|turn|11
|
|t:|1760314991
|switch|p2a: Gholdengo|Gholdengo|100/100
|-item|p2a: Gholdengo|Air Balloon
|move|p1a: Quagsire|Spikes|p2a: Gholdengo
|-sidestart|p2: weenux|Spikes
|
|-heal|p1a: Quagsire|93/100|[from] item: Leftovers
|upkeep
|turn|12
|
|t:|1760315000
|switch|p2a: Iron Treads|Iron Treads|100/100
|-damage|p2a: Iron Treads|88/100|[from] Spikes
|switch|p1a: Blissey|Blissey, F|100/100
|
|-heal|p2a: Iron Treads|94/100|[from] item: Leftovers
|upkeep
|turn|13
|
|t:|1760315011
|switch|p1a: Quagsire|Quagsire, F, tera:Fairy|93/100
|move|p2a: Iron Treads|Knock Off|p1a: Quagsire
|-resisted|p1a: Quagsire
|-damage|p1a: Quagsire|85/100
|-enditem|p1a: Quagsire|Leftovers|[from] move: Knock Off|[of] p2a: Iron Treads
|
|-heal|p2a: Iron Treads|99/100|[from] item: Leftovers
|upkeep
|turn|14
|
|t:|1760315015
|-end|p2a: Iron Treads|Quark Drive|[silent]
|switch|p2a: Garchomp|Garchomp, M|82/100 tox
|-damage|p2a: Garchomp|70/100 tox|[from] Spikes
|move|p1a: Quagsire|Earthquake|p2a: Garchomp
|-damage|p2a: Garchomp|52/100 tox
|
|-damage|p2a: Garchomp|46/100 tox|[from] psn
|upkeep
|turn|15
|
|t:|1760315024
|move|p2a: Garchomp|Stealth Rock|p1a: Quagsire
|-sidestart|p1: burningpain|move: Stealth Rock
|move|p1a: Quagsire|Earthquake|p2a: Garchomp
|-crit|p2a: Garchomp
|-damage|p2a: Garchomp|16/100 tox
|
|-damage|p2a: Garchomp|4/100 tox|[from] psn
|upkeep
|turn|16
|
|t:|1760315027
|move|p2a: Garchomp|Spikes|p1a: Quagsire
|-sidestart|p1: burningpain|Spikes
|move|p1a: Quagsire|Spikes|p2a: Garchomp
|-sidestart|p2: weenux|Spikes
|
|-damage|p2a: Garchomp|0 fnt|[from] psn
|faint|p2a: Garchomp
|upkeep
|
|t:|1760315043
|switch|p2a: Darkrai|Darkrai|100/100
|turn|17
|
|t:|1760315061
|switch|p1a: Blissey|Blissey, F|100/100
|-damage|p1a: Blissey|88/100|[from] Stealth Rock
|-damage|p1a: Blissey|76/100|[from] Spikes
|move|p2a: Darkrai|Knock Off|p1a: Blissey
|-damage|p1a: Blissey|44/100
|-enditem|p1a: Blissey|Leftovers|[from] move: Knock Off|[of] p2a: Darkrai
|
|upkeep
|turn|18
|
|t:|1760315070
|switch|p2a: Iron Treads|Iron Treads|99/100
|-damage|p2a: Iron Treads|84/100|[from] Spikes
|move|p1a: Blissey|Soft-Boiled|p1a: Blissey
|-heal|p1a: Blissey|94/100
|
|-heal|p2a: Iron Treads|90/100|[from] item: Leftovers
|upkeep
|turn|19
|
|t:|1760315078
|switch|p1a: Corviknight|Corviknight, F|88/100
|-damage|p1a: Corviknight|76/100|[from] Stealth Rock
|-ability|p1a: Corviknight|Pressure
|move|p2a: Iron Treads|Rapid Spin|p1a: Corviknight
|-resisted|p1a: Corviknight
|-damage|p1a: Corviknight|71/100
|-boost|p2a: Iron Treads|spe|1
|-damage|p2a: Iron Treads|73/100|[from] item: Rocky Helmet|[of] p1a: Corviknight
|-sideend|p2: weenux|Spikes|[from] move: Rapid Spin|[of] p2a: Iron Treads
|
|-heal|p2a: Iron Treads|79/100|[from] item: Leftovers
|upkeep
|turn|20
|
|t:|1760315091
|-end|p2a: Iron Treads|Quark Drive|[silent]
|switch|p2a: Gholdengo|Gholdengo|100/100
|-item|p2a: Gholdengo|Air Balloon
|switch|p1a: Gliscor|Gliscor, M|100/100
|-damage|p1a: Gliscor|88/100|[from] Stealth Rock
|
|-status|p1a: Gliscor|tox|[from] item: Toxic Orb
|upkeep
|turn|21
|
|t:|1760315098
|move|p1a: Gliscor|Swords Dance|p1a: Gliscor
|-boost|p1a: Gliscor|atk|2
|move|p2a: Gholdengo|Hex|p1a: Gliscor
|-damage|p1a: Gliscor|20/100 tox
|
|-heal|p1a: Gliscor|32/100 tox|[from] ability: Poison Heal
|upkeep
|turn|22
|
|t:|1760315105
|move|p1a: Gliscor|Knock Off|p2a: Gholdengo
|-supereffective|p2a: Gholdengo
|-damage|p2a: Gholdengo|42/100
|-enditem|p2a: Gholdengo|Air Balloon
|move|p2a: Gholdengo|Hex|p1a: Gliscor
|-damage|p1a: Gliscor|0 fnt
|faint|p1a: Gliscor
|
|upkeep
|
|t:|1760315113
|switch|p1a: Weezing|Weezing-Galar, F|100/100
|-ability|p1a: Weezing|Neutralizing Gas
|-damage|p1a: Weezing|88/100|[from] Stealth Rock
|-damage|p1a: Weezing|76/100|[from] Spikes
|turn|23
|
|t:|1760315117
|move|p2a: Gholdengo|Make It Rain|p1a: Weezing
|-supereffective|p1a: Weezing
|-damage|p1a: Weezing|0 fnt
|-unboost|p2a: Gholdengo|spa|1
|faint|p1a: Weezing
|-end|p1a: Weezing|ability: Neutralizing Gas
|
|upkeep
|-message|burningpain forfeited.
|
|win|weenux
|raw|burningpain's rating: 1553 &rarr; <strong>1532</strong><br />(-21 for losing)
|raw|weenux's rating: 1544 &rarr; <strong>1565</strong><br />(+21 for winning)
|l|☆burningpain
|player|p1|
|l|☆weenux
|player|p2|
