|j|☆Moonlit TCG
|j|☆CircusClowns
|t:|1760367118
|gametype|singles
|player|p1|Moonlit TCG|hilbert-wonderlauncher|1115
|player|p2|CircusClowns|harlequin|1113
|gen|9
|tier|[Gen 9] OU
|rated|
|rule|HP Percentage Mod: HP is shown in percentages
|rule|Endless Battle Clause: Forcing endless battles is banned
|rule|Species Clause: Limit one of each Pokémon
|rule|OHKO Clause: OHKO moves are banned
|rule|Evasion Items Clause: Evasion items are banned
|rule|Evasion Moves Clause: Evasion moves are banned
|rule|Evasion Abilities Clause: Evasion abilities are banned
|rule|Sleep Moves Clause: Sleep-inducing moves are banned
|clearpoke
|poke|p1|Serperior, F|
|poke|p1|Iron Treads|
|poke|p1|Alomomola, M|
|poke|p1|Heatran, M|
|poke|p1|Umbreon, M|
|poke|p1|Ariados, M|
|poke|p2|Landorus-Therian, M|
|poke|p2|Toxapex, M|
|poke|p2|Weavile, F|
|poke|p2|Ceruledge, M|
|poke|p2|Corviknight, M|
|poke|p2|Weezing-Galar, M|
|teampreview
|inactive|Battle timer is ON: inactive players will automatically lose when time's up. (requested by CircusClowns)
|
|t:|1760367125
|teamsize|p1|6
|teamsize|p2|6
|start
|switch|p1a: Deception|Ariados, M, shiny|100/100
|switch|p2a: Weavile|Weavile, F|100/100
|-ability|p2a: Weavile|Pressure
|turn|1
|
|t:|1760367133
|move|p2a: Weavile|Fake Out|p1a: Deception
|-damage|p1a: Deception|76/100
|-damage|p2a: Weavile|91/100|[from] item: Life Orb
|cant|p1a: Deception|flinch
|
|upkeep
|turn|2
|
|t:|1760367139
|move|p2a: Weavile|Triple Axel|p1a: Deception
|-damage|p1a: Deception|58/100
|-hitcount|p1a: Deception|1
|-damage|p2a: Weavile|81/100|[from] item: Life Orb
|move|p1a: Deception|Megahorn|p2a: Weavile
|-supereffective|p2a: Weavile
|-damage|p2a: Weavile|0 fnt
|faint|p2a: Weavile
|
|upkeep
|c|☆CircusClowns|And we arent even 2 turns in and luck alr saving you how fun
|
|t:|1760367167
|switch|p2a: Landorus|Landorus-Therian, M|100/100
|-ability|p2a: Landorus|Intimidate|boost
|-unboost|p1a: Deception|atk|1
|turn|3
|
|t:|1760367187
|move|p1a: Deception|Sucker Punch|p2a: Landorus
|-damage|p2a: Landorus|83/100
|move|p2a: Landorus|Earthquake|p1a: Deception
|-damage|p1a: Deception|0 fnt
|faint|p1a: Deception
|
|upkeep
|
|t:|1760367195
|switch|p1a: OOOH THE BLUE|Umbreon, M, shiny|100/100
|turn|4
|
|t:|1760367198
|switch|p2a: Toxapex|Toxapex, M|100/100
|move|p1a: OOOH THE BLUE|Toxic|p2a: Toxapex
|-immune|p2a: Toxapex
|
|upkeep
|turn|5
|
|t:|1760367205
|switch|p1a: Iron Treads|Iron Treads|100/100
|move|p2a: Toxapex|Liquidation|p1a: Iron Treads
|-supereffective|p1a: Iron Treads
|-damage|p1a: Iron Treads|65/100
|-damage|p2a: Toxapex|84/100|[from] item: Rocky Helmet|[of] p1a: Iron Treads
|
|-heal|p2a: Toxapex|90/100|[from] item: Black Sludge
|upkeep
|turn|6
|
|t:|1760367219
|switch|p2a: Landorus|Landorus-Therian, M|83/100
|-ability|p2a: Landorus|Intimidate|boost
|-unboost|p1a: Iron Treads|atk|1
|move|p1a: Iron Treads|Stealth Rock|p2a: Landorus
|-sidestart|p2: CircusClowns|move: Stealth Rock
|
|upkeep
|turn|7
|
|t:|1760367233
|-end|p1a: Iron Treads|Quark Drive|[silent]
|switch|p1a: Heatran|Heatran, M, shiny|100/100
|-item|p1a: Heatran|Air Balloon
|move|p2a: Landorus|Earthquake|p1a: Heatran
|-immune|p1a: Heatran
|
|upkeep
|turn|8
|
|t:|1760367241
|switch|p2a: Toxapex|Toxapex, M|100/100
|-damage|p2a: Toxapex|88/100|[from] Stealth Rock
|move|p1a: Heatran|Lava Plume|p2a: Toxapex
|-resisted|p2a: Toxapex
|-damage|p2a: Toxapex|70/100
|-status|p2a: Toxapex|brn
|
|-heal|p2a: Toxapex|76/100 brn|[from] item: Black Sludge
|-damage|p2a: Toxapex|70/100 brn|[from] brn
|upkeep
|turn|9
|
|t:|1760367264
|switch|p1a: Iron Treads|Iron Treads|65/100
|move|p2a: Toxapex|Liquidation|p1a: Iron Treads
|-supereffective|p1a: Iron Treads
|-damage|p1a: Iron Treads|45/100
|-damage|p2a: Toxapex|53/100 brn|[from] item: Rocky Helmet|[of] p1a: Iron Treads
|
|-heal|p2a: Toxapex|60/100 brn|[from] item: Black Sludge
|-damage|p2a: Toxapex|53/100 brn|[from] brn
|upkeep
|turn|10
|
|t:|1760367274
|switch|p2a: Corviknight|Corviknight, M|100/100
|move|p1a: Iron Treads|Knock Off|p2a: Corviknight
|-damage|p2a: Corviknight|84/100
|-enditem|p2a: Corviknight|Heavy-Duty Boots|[from] move: Knock Off|[of] p1a: Iron Treads
|
|upkeep
|turn|11
|
|t:|1760367289
|move|p1a: Iron Treads|Rapid Spin|p2a: Corviknight
|-resisted|p2a: Corviknight
|-damage|p2a: Corviknight|79/100
|-boost|p1a: Iron Treads|spe|1
|move|p2a: Corviknight|Defog|p1a: Iron Treads
|-unboost|p1a: Iron Treads|evasion|1
|-sideend|p2: CircusClowns|Stealth Rock|[from] move: Defog|[of] p2a: Corviknight
|
|upkeep
|turn|12
|
|t:|1760367303
|-end|p1a: Iron Treads|Quark Drive|[silent]
|switch|p1a: Heatran|Heatran, M, shiny|100/100
|-item|p1a: Heatran|Air Balloon
|move|p2a: Corviknight|Body Press|p1a: Heatran
|-supereffective|p1a: Heatran
|-damage|p1a: Heatran|54/100
|-enditem|p1a: Heatran|Air Balloon
|
|upkeep
|turn|13
|
|t:|1760367313
|-terastallize|p1a: Heatran|Flying
|move|p1a: Heatran|Lava Plume|p2a: Corviknight
|-supereffective|p2a: Corviknight
|-damage|p2a: Corviknight|0 fnt
|faint|p2a: Corviknight
|
|upkeep
|
|t:|1760367323
|switch|p2a: Landorus|Landorus-Therian, M|83/100
|-ability|p2a: Landorus|Intimidate|boost
|-unboost|p1a: Heatran|atk|1
|turn|14
|
|t:|1760367334
|switch|p1a: Iron Treads|Iron Treads|45/100
|move|p2a: Landorus|Stone Edge|p1a: Iron Treads
|-resisted|p1a: Iron Treads
|-damage|p1a: Iron Treads|37/100
|
|upkeep
|turn|15
|
|t:|1760367342
|switch|p2a: Toxapex|Toxapex, M|87/100 brn
|move|p1a: Iron Treads|Stealth Rock|p2a: Toxapex
|-sidestart|p2: CircusClowns|move: Stealth Rock
|
|-heal|p2a: Toxapex|93/100 brn|[from] item: Black Sludge
|-damage|p2a: Toxapex|87/100 brn|[from] brn
|upkeep
|turn|16
|
|t:|1760367359
|move|p1a: Iron Treads|Knock Off|p2a: Toxapex
|-damage|p2a: Toxapex|68/100 brn
|-enditem|p2a: Toxapex|Black Sludge|[from] move: Knock Off|[of] p1a: Iron Treads
|move|p2a: Toxapex|Liquidation|p1a: Iron Treads
|-supereffective|p1a: Iron Treads
|-damage|p1a: Iron Treads|20/100
|-damage|p2a: Toxapex|52/100 brn|[from] item: Rocky Helmet|[of] p1a: Iron Treads
|
|-damage|p2a: Toxapex|46/100 brn|[from] brn
|upkeep
|turn|17
|
|t:|1760367375
|move|p1a: Iron Treads|Earthquake|p2a: Toxapex
|-supereffective|p2a: Toxapex
|-damage|p2a: Toxapex|0 fnt
|faint|p2a: Toxapex
|
|upkeep
|
|t:|1760367382
|switch|p2a: Weezing|Weezing-Galar, M|100/100
|-ability|p2a: Weezing|Neutralizing Gas
|-damage|p2a: Weezing|88/100|[from] Stealth Rock
|turn|18
|
|t:|1760367388
|-terastallize|p2a: Weezing|Flying
|move|p1a: Iron Treads|Knock Off|p2a: Weezing
|-damage|p2a: Weezing|70/100
|-enditem|p2a: Weezing|Leftovers|[from] move: Knock Off|[of] p1a: Iron Treads
|move|p2a: Weezing|Dazzling Gleam|p1a: Iron Treads
|-resisted|p1a: Iron Treads
|-damage|p1a: Iron Treads|2/100
|
|upkeep
|turn|19
|-message|CircusClowns forfeited.
|
|win|Moonlit TCG
|raw|Moonlit TCG's rating: 1115 &rarr; <strong>1140</strong><br />(+25 for winning)
|raw|CircusClowns's rating: 1113 &rarr; <strong>1088</strong><br />(-25 for losing)
|l|☆CircusClowns
|player|p2|
|l|☆Moonlit TCG
|player|p1|
