|j|☆Swaglord03
|j|☆fujizen
|t:|1760385355
|gametype|singles
|player|p1|Swaglord03|brock|1322
|player|p2|fujizen|lance-gen1|1302
|gen|9
|tier|[Gen 9] OU
|rated|
|rule|HP Percentage Mod: HP is shown in percentages
|rule|Endless Battle Clause: Forcing endless battles is banned
|rule|Species Clause: Limit one of each Pokémon
|rule|OHKO Clause: OHKO moves are banned
|rule|Evasion Items Clause: Evasion items are banned
|rule|Evasion Moves Clause: Evasion moves are banned
|rule|Evasion Abilities Clause: Evasion abilities are banned
|rule|Sleep Moves Clause: Sleep-inducing moves are banned
|clearpoke
|poke|p1|Alcremie-Ruby-Cream, F|
|poke|p1|Grimmsnarl, M|
|poke|p1|Great Tusk|
|poke|p1|Corviknight, M|
|poke|p1|Electrode-Hisui|
|poke|p1|Kommo-o, M|
|poke|p2|Pawmot, F|
|poke|p2|Corviknight, F|
|poke|p2|Blissey, F|
|poke|p2|Rabsca, F|
|poke|p2|Dragapult, F|
|poke|p2|Cresselia, F|
|teampreview
|inactive|Battle timer is ON: inactive players will automatically lose when time's up. (requested by Swaglord03)
|
|t:|1760385383
|teamsize|p1|6
|teamsize|p2|6
|start
|switch|p1a: Grimmsnarl|Grimmsnarl, M|100/100
|switch|p2a: 🟥🟥🟨🟨🟨🟨🟨|Cresselia, F|100/100
|turn|1
|
|t:|1760385388
|-terastallize|p2a: 🟥🟥🟨🟨🟨🟨🟨|Electric
|move|p1a: Grimmsnarl|Light Screen|p1a: Grimmsnarl
|-sidestart|p1: Swaglord03|move: Light Screen
|move|p2a: 🟥🟥🟨🟨🟨🟨🟨|Calm Mind|p2a: 🟥🟥🟨🟨🟨🟨🟨
|-boost|p2a: 🟥🟥🟨🟨🟨🟨🟨|spa|1
|-boost|p2a: 🟥🟥🟨🟨🟨🟨🟨|spd|1
|
|upkeep
|turn|2
|
|t:|1760385392
|move|p2a: 🟥🟥🟨🟨🟨🟨🟨|Calm Mind|p2a: 🟥🟥🟨🟨🟨🟨🟨
|-boost|p2a: 🟥🟥🟨🟨🟨🟨🟨|spa|1
|-boost|p2a: 🟥🟥🟨🟨🟨🟨🟨|spd|1
|move|p1a: Grimmsnarl|Spirit Break|p2a: 🟥🟥🟨🟨🟨🟨🟨
|-crit|p2a: 🟥🟥🟨🟨🟨🟨🟨
|-damage|p2a: 🟥🟥🟨🟨🟨🟨🟨|69/100
|-unboost|p2a: 🟥🟥🟨🟨🟨🟨🟨|spa|1
|
|-heal|p2a: 🟥🟥🟨🟨🟨🟨🟨|75/100|[from] item: Leftovers
|upkeep
|turn|3
|
|t:|1760385395
|move|p2a: 🟥🟥🟨🟨🟨🟨🟨|Calm Mind|p2a: 🟥🟥🟨🟨🟨🟨🟨
|-boost|p2a: 🟥🟥🟨🟨🟨🟨🟨|spa|1
|-boost|p2a: 🟥🟥🟨🟨🟨🟨🟨|spd|1
|move|p1a: Grimmsnarl|Spirit Break|p2a: 🟥🟥🟨🟨🟨🟨🟨
|-damage|p2a: 🟥🟥🟨🟨🟨🟨🟨|55/100
|-unboost|p2a: 🟥🟥🟨🟨🟨🟨🟨|spa|1
|
|-heal|p2a: 🟥🟥🟨🟨🟨🟨🟨|62/100|[from] item: Leftovers
|upkeep
|turn|4
|
|t:|1760385405
|move|p2a: 🟥🟥🟨🟨🟨🟨🟨|Calm Mind|p2a: 🟥🟥🟨🟨🟨🟨🟨
|-boost|p2a: 🟥🟥🟨🟨🟨🟨🟨|spa|1
|-boost|p2a: 🟥🟥🟨🟨🟨🟨🟨|spd|1
|move|p1a: Grimmsnarl|Spirit Break|p2a: 🟥🟥🟨🟨🟨🟨🟨
|-damage|p2a: 🟥🟥🟨🟨🟨🟨🟨|42/100
|-unboost|p2a: 🟥🟥🟨🟨🟨🟨🟨|spa|1
|
|-heal|p2a: 🟥🟥🟨🟨🟨🟨🟨|48/100|[from] item: Leftovers
|upkeep
|turn|5
|
|t:|1760385407
|move|p2a: 🟥🟥🟨🟨🟨🟨🟨|Moonlight|p2a: 🟥🟥🟨🟨🟨🟨🟨
|-heal|p2a: 🟥🟥🟨🟨🟨🟨🟨|98/100
|move|p1a: Grimmsnarl|Spirit Break|p2a: 🟥🟥🟨🟨🟨🟨🟨
|-damage|p2a: 🟥🟥🟨🟨🟨🟨🟨|76/100
|-unboost|p2a: 🟥🟥🟨🟨🟨🟨🟨|spa|1
|
|-heal|p2a: 🟥🟥🟨🟨🟨🟨🟨|82/100|[from] item: Leftovers
|upkeep
|turn|6
|
|t:|1760385411
|move|p2a: 🟥🟥🟨🟨🟨🟨🟨|Calm Mind|p2a: 🟥🟥🟨🟨🟨🟨🟨
|-boost|p2a: 🟥🟥🟨🟨🟨🟨🟨|spa|1
|-boost|p2a: 🟥🟥🟨🟨🟨🟨🟨|spd|1
|move|p1a: Grimmsnarl|Spirit Break|p2a: 🟥🟥🟨🟨🟨🟨🟨
|-damage|p2a: 🟥🟥🟨🟨🟨🟨🟨|61/100
|-unboost|p2a: 🟥🟥🟨🟨🟨🟨🟨|spa|1
|
|-heal|p2a: 🟥🟥🟨🟨🟨🟨🟨|67/100|[from] item: Leftovers
|upkeep
|turn|7
|
|t:|1760385416
|move|p2a: 🟥🟥🟨🟨🟨🟨🟨|Calm Mind|p2a: 🟥🟥🟨🟨🟨🟨🟨
|-boost|p2a: 🟥🟥🟨🟨🟨🟨🟨|spa|1
|-boost|p2a: 🟥🟥🟨🟨🟨🟨🟨|spd|1
|move|p1a: Grimmsnarl|Spirit Break|p2a: 🟥🟥🟨🟨🟨🟨🟨
|-damage|p2a: 🟥🟥🟨🟨🟨🟨🟨|46/100
|-unboost|p2a: 🟥🟥🟨🟨🟨🟨🟨|spa|1
|
|-heal|p2a: 🟥🟥🟨🟨🟨🟨🟨|52/100|[from] item: Leftovers
|upkeep
|turn|8
|
|t:|1760385420
|move|p2a: 🟥🟥🟨🟨🟨🟨🟨|Moonlight|p2a: 🟥🟥🟨🟨🟨🟨🟨
|-heal|p2a: 🟥🟥🟨🟨🟨🟨🟨|100/100
|move|p1a: Grimmsnarl|Spirit Break|p2a: 🟥🟥🟨🟨🟨🟨🟨
|-damage|p2a: 🟥🟥🟨🟨🟨🟨🟨|80/100
|-unboost|p2a: 🟥🟥🟨🟨🟨🟨🟨|spa|1
|
|-heal|p2a: 🟥🟥🟨🟨🟨🟨🟨|86/100|[from] item: Leftovers
|-sideend|p1: Swaglord03|move: Light Screen
|upkeep
|turn|9
|
|t:|1760385428
|move|p1a: Grimmsnarl|Light Screen|p1a: Grimmsnarl
|-sidestart|p1: Swaglord03|move: Light Screen
|move|p2a: 🟥🟥🟨🟨🟨🟨🟨|Thunderbolt|p1a: Grimmsnarl
|-damage|p1a: Grimmsnarl|93/100
|
|-heal|p2a: 🟥🟥🟨🟨🟨🟨🟨|92/100|[from] item: Leftovers
|upkeep
|turn|10
|
|t:|1760385433
|move|p2a: 🟥🟥🟨🟨🟨🟨🟨|Thunderbolt|p1a: Grimmsnarl
|-damage|p1a: Grimmsnarl|86/100
|move|p1a: Grimmsnarl|Spirit Break|p2a: 🟥🟥🟨🟨🟨🟨🟨
|-damage|p2a: 🟥🟥🟨🟨🟨🟨🟨|72/100
|-unboost|p2a: 🟥🟥🟨🟨🟨🟨🟨|spa|1
|
|-heal|p2a: 🟥🟥🟨🟨🟨🟨🟨|78/100|[from] item: Leftovers
|upkeep
|turn|11
|
|t:|1760385436
|move|p2a: 🟥🟥🟨🟨🟨🟨🟨|Thunderbolt|p1a: Grimmsnarl
|-damage|p1a: Grimmsnarl|80/100
|move|p1a: Grimmsnarl|Spirit Break|p2a: 🟥🟥🟨🟨🟨🟨🟨
|-damage|p2a: 🟥🟥🟨🟨🟨🟨🟨|59/100
|-unboost|p2a: 🟥🟥🟨🟨🟨🟨🟨|spa|1
|
|-heal|p2a: 🟥🟥🟨🟨🟨🟨🟨|65/100|[from] item: Leftovers
|upkeep
|turn|12
|inactive|Swaglord03 has 120 seconds left.
|
|t:|1760385471
|move|p1a: Grimmsnarl|Parting Shot|p2a: 🟥🟥🟨🟨🟨🟨🟨
|-unboost|p2a: 🟥🟥🟨🟨🟨🟨🟨|atk|1
|-unboost|p2a: 🟥🟥🟨🟨🟨🟨🟨|spa|1
|
|t:|1760385474
|switch|p1a: Alcremie|Alcremie-Ruby-Cream, F|100/100|[from] Parting Shot
|move|p2a: 🟥🟥🟨🟨🟨🟨🟨|Calm Mind|p2a: 🟥🟥🟨🟨🟨🟨🟨
|-boost|p2a: 🟥🟥🟨🟨🟨🟨🟨|spa|1
|-boost|p2a: 🟥🟥🟨🟨🟨🟨🟨|spd|0
|
|-heal|p2a: 🟥🟥🟨🟨🟨🟨🟨|71/100|[from] item: Leftovers
|upkeep
|turn|13
|
|t:|1760385490
|move|p2a: 🟥🟥🟨🟨🟨🟨🟨|Calm Mind|p2a: 🟥🟥🟨🟨🟨🟨🟨
|-boost|p2a: 🟥🟥🟨🟨🟨🟨🟨|spa|1
|-boost|p2a: 🟥🟥🟨🟨🟨🟨🟨|spd|0
|move|p1a: Alcremie|Calm Mind|p1a: Alcremie
|-boost|p1a: Alcremie|spa|1
|-boost|p1a: Alcremie|spd|1
|
|-heal|p2a: 🟥🟥🟨🟨🟨🟨🟨|77/100|[from] item: Leftovers
|upkeep
|turn|14
|
|t:|1760385494
|move|p2a: 🟥🟥🟨🟨🟨🟨🟨|Calm Mind|p2a: 🟥🟥🟨🟨🟨🟨🟨
|-boost|p2a: 🟥🟥🟨🟨🟨🟨🟨|spa|1
|-boost|p2a: 🟥🟥🟨🟨🟨🟨🟨|spd|0
|move|p1a: Alcremie|Calm Mind|p1a: Alcremie
|-boost|p1a: Alcremie|spa|1
|-boost|p1a: Alcremie|spd|1
|
|-heal|p2a: 🟥🟥🟨🟨🟨🟨🟨|83/100|[from] item: Leftovers
|upkeep
|turn|15
|
|t:|1760385497
|move|p2a: 🟥🟥🟨🟨🟨🟨🟨|Calm Mind|p2a: 🟥🟥🟨🟨🟨🟨🟨
|-boost|p2a: 🟥🟥🟨🟨🟨🟨🟨|spa|1
|-boost|p2a: 🟥🟥🟨🟨🟨🟨🟨|spd|0
|move|p1a: Alcremie|Calm Mind|p1a: Alcremie
|-boost|p1a: Alcremie|spa|1
|-boost|p1a: Alcremie|spd|1
|
|-heal|p2a: 🟥🟥🟨🟨🟨🟨🟨|89/100|[from] item: Leftovers
|upkeep
|turn|16
|
|t:|1760385502
|move|p2a: 🟥🟥🟨🟨🟨🟨🟨|Moonblast|p1a: Alcremie
|-damage|p1a: Alcremie|97/100
|move|p1a: Alcremie|Calm Mind|p1a: Alcremie
|-boost|p1a: Alcremie|spa|1
|-boost|p1a: Alcremie|spd|1
|
|-heal|p2a: 🟥🟥🟨🟨🟨🟨🟨|95/100|[from] item: Leftovers
|-heal|p1a: Alcremie|100/100|[from] item: Leftovers
|-sideend|p1: Swaglord03|move: Light Screen
|upkeep
|turn|17
|
|t:|1760385506
|move|p2a: 🟥🟥🟨🟨🟨🟨🟨|Calm Mind|p2a: 🟥🟥🟨🟨🟨🟨🟨
|-boost|p2a: 🟥🟥🟨🟨🟨🟨🟨|spa|1
|-boost|p2a: 🟥🟥🟨🟨🟨🟨🟨|spd|0
|move|p1a: Alcremie|Calm Mind|p1a: Alcremie
|-boost|p1a: Alcremie|spa|1
|-boost|p1a: Alcremie|spd|1
|
|-heal|p2a: 🟥🟥🟨🟨🟨🟨🟨|100/100|[from] item: Leftovers
|upkeep
|turn|18
|
|t:|1760385513
|move|p2a: 🟥🟥🟨🟨🟨🟨🟨|Thunderbolt|p1a: Alcremie
|-damage|p1a: Alcremie|89/100
|-status|p1a: Alcremie|par
|cant|p1a: Alcremie|par
|
|-heal|p1a: Alcremie|95/100 par|[from] item: Leftovers
|upkeep
|turn|19
|
|t:|1760385517
|move|p2a: 🟥🟥🟨🟨🟨🟨🟨|Moonblast|p1a: Alcremie
|-crit|p1a: Alcremie
|-damage|p1a: Alcremie|54/100 par
|move|p1a: Alcremie|Calm Mind|p1a: Alcremie
|-boost|p1a: Alcremie|spa|1
|-boost|p1a: Alcremie|spd|1
|
|-heal|p1a: Alcremie|60/100 par|[from] item: Leftovers
|upkeep
|turn|20
|
|t:|1760385523
|move|p2a: 🟥🟥🟨🟨🟨🟨🟨|Moonblast|p1a: Alcremie
|-crit|p1a: Alcremie
|-damage|p1a: Alcremie|18/100 par
|move|p1a: Alcremie|Acid Armor|p1a: Alcremie
|-boost|p1a: Alcremie|def|2
|
|-heal|p1a: Alcremie|24/100 par|[from] item: Leftovers
|upkeep
|turn|21
|
|t:|1760385528
|move|p2a: 🟥🟥🟨🟨🟨🟨🟨|Moonblast|p1a: Alcremie
|-damage|p1a: Alcremie|17/100 par
|-unboost|p1a: Alcremie|spa|1
|move|p1a: Alcremie|Draining Kiss|p2a: 🟥🟥🟨🟨🟨🟨🟨
|-damage|p2a: 🟥🟥🟨🟨🟨🟨🟨|88/100
|-heal|p1a: Alcremie|30/100 par|[from] drain|[of] p2a: 🟥🟥🟨🟨🟨🟨🟨
|
|-heal|p2a: 🟥🟥🟨🟨🟨🟨🟨|94/100|[from] item: Leftovers
|-heal|p1a: Alcremie|36/100 par|[from] item: Leftovers
|upkeep
|turn|22
|
|t:|1760385535
|move|p2a: 🟥🟥🟨🟨🟨🟨🟨|Calm Mind|p2a: 🟥🟥🟨🟨🟨🟨🟨
|-boost|p2a: 🟥🟥🟨🟨🟨🟨🟨|spa|1
|-boost|p2a: 🟥🟥🟨🟨🟨🟨🟨|spd|0
|move|p1a: Alcremie|Calm Mind|p1a: Alcremie
|-boost|p1a: Alcremie|spa|1
|-boost|p1a: Alcremie|spd|0
|
|-heal|p2a: 🟥🟥🟨🟨🟨🟨🟨|99/100|[from] item: Leftovers
|-heal|p1a: Alcremie|42/100 par|[from] item: Leftovers
|upkeep
|turn|23
|
|t:|1760385541
|move|p2a: 🟥🟥🟨🟨🟨🟨🟨|Moonblast|p1a: Alcremie
|-damage|p1a: Alcremie|33/100 par
|move|p1a: Alcremie|Draining Kiss|p2a: 🟥🟥🟨🟨🟨🟨🟨
|-crit|p2a: 🟥🟥🟨🟨🟨🟨🟨
|-damage|p2a: 🟥🟥🟨🟨🟨🟨🟨|20/100
|-heal|p1a: Alcremie|100/100 par|[from] drain|[of] p2a: 🟥🟥🟨🟨🟨🟨🟨
|
|-heal|p2a: 🟥🟥🟨🟨🟨🟨🟨|26/100|[from] item: Leftovers
|upkeep
|turn|24
|
|t:|1760385565
|move|p2a: 🟥🟥🟨🟨🟨🟨🟨|Moonlight|p2a: 🟥🟥🟨🟨🟨🟨🟨
|-heal|p2a: 🟥🟥🟨🟨🟨🟨🟨|76/100
|cant|p1a: Alcremie|par
|
|-heal|p2a: 🟥🟥🟨🟨🟨🟨🟨|82/100|[from] item: Leftovers
|upkeep
|turn|25
|
|t:|1760385573
|move|p2a: 🟥🟥🟨🟨🟨🟨🟨|Calm Mind|p2a: 🟥🟥🟨🟨🟨🟨🟨
|-boost|p2a: 🟥🟥🟨🟨🟨🟨🟨|spa|1
|-boost|p2a: 🟥🟥🟨🟨🟨🟨🟨|spd|0
|move|p1a: Alcremie|Stored Power|p2a: 🟥🟥🟨🟨🟨🟨🟨
|-damage|p2a: 🟥🟥🟨🟨🟨🟨🟨|29/100
|
|-heal|p2a: 🟥🟥🟨🟨🟨🟨🟨|35/100|[from] item: Leftovers
|upkeep
|turn|26
|
|t:|1760385580
|move|p2a: 🟥🟥🟨🟨🟨🟨🟨|Moonlight|p2a: 🟥🟥🟨🟨🟨🟨🟨
|-heal|p2a: 🟥🟥🟨🟨🟨🟨🟨|85/100
|move|p1a: Alcremie|Acid Armor|p1a: Alcremie
|-boost|p1a: Alcremie|def|2
|
|-heal|p2a: 🟥🟥🟨🟨🟨🟨🟨|91/100|[from] item: Leftovers
|upkeep
|turn|27
|
|t:|1760385590
|move|p2a: 🟥🟥🟨🟨🟨🟨🟨|Moonblast|p1a: Alcremie
|-damage|p1a: Alcremie|89/100 par
|cant|p1a: Alcremie|par
|
|-heal|p2a: 🟥🟥🟨🟨🟨🟨🟨|97/100|[from] item: Leftovers
|-heal|p1a: Alcremie|95/100 par|[from] item: Leftovers
|upkeep
|turn|28
|
|t:|1760385599
|switch|p2a: 🟩🟥🟥🟩🟥🟩|Pawmot, F|100/100
|move|p1a: Alcremie|Acid Armor|p1a: Alcremie
|-boost|p1a: Alcremie|def|2
|
|-heal|p1a: Alcremie|100/100 par|[from] item: Leftovers
|upkeep
|turn|29
|
|t:|1760385604
|move|p2a: 🟩🟥🟥🟩🟥🟩|Encore|p1a: Alcremie
|-block|p1a: Alcremie|ability: Aroma Veil|[of] p1a: Alcremie
|move|p1a: Alcremie|Stored Power|p2a: 🟩🟥🟥🟩🟥🟩
|-supereffective|p2a: 🟩🟥🟥🟩🟥🟩
|-damage|p2a: 🟩🟥🟥🟩🟥🟩|0 fnt
|faint|p2a: 🟩🟥🟥🟩🟥🟩
|
|upkeep
|inactive|fujizen has 120 seconds left.
|inactive|fujizen has 90 seconds left.
|
|t:|1760385678
|switch|p2a: 🟥🟩🟥🟩🟨🟨|Blissey, F|100/100
|turn|30
|
|t:|1760385685
|move|p2a: 🟥🟩🟥🟩🟨🟨|Seismic Toss|p1a: Alcremie
|-damage|p1a: Alcremie|71/100 par
|cant|p1a: Alcremie|par
|
|-heal|p1a: Alcremie|77/100 par|[from] item: Leftovers
|upkeep
|turn|31
|
|t:|1760385689
|move|p2a: 🟥🟩🟥🟩🟨🟨|Seismic Toss|p1a: Alcremie
|-damage|p1a: Alcremie|47/100 par
|cant|p1a: Alcremie|par
|
|-heal|p1a: Alcremie|53/100 par|[from] item: Leftovers
|upkeep
|turn|32
|
|t:|1760385692
|move|p2a: 🟥🟩🟥🟩🟨🟨|Seismic Toss|p1a: Alcremie
|-damage|p1a: Alcremie|23/100 par
|cant|p1a: Alcremie|par
|
|-heal|p1a: Alcremie|29/100 par|[from] item: Leftovers
|upkeep
|turn|33
|
|t:|1760385697
|move|p2a: 🟥🟩🟥🟩🟨🟨|Seismic Toss|p1a: Alcremie
|-damage|p1a: Alcremie|0 fnt
|faint|p1a: Alcremie
|
|upkeep
|c|☆fujizen|easy
|c|☆Swaglord03|lol
|
|t:|1760385721
|switch|p1a: Kommo-o|Kommo-o, M|100/100
|turn|34
|
|t:|1760385728
|switch|p2a: 🟥🟨🟨🟩🟨🟩|Dragapult, F|100/100
|move|p1a: Kommo-o|Draco Meteor|p2a: 🟥🟨🟨🟩🟨🟩
|-supereffective|p2a: 🟥🟨🟨🟩🟨🟩
|-damage|p2a: 🟥🟨🟨🟩🟨🟩|0 fnt
|-unboost|p1a: Kommo-o|spa|2
|faint|p2a: 🟥🟨🟨🟩🟨🟩
|
|upkeep
|
|t:|1760385733
|switch|p2a: 🟥🟥🟨🟨🟨🟨🟨|Cresselia, F, tera:Electric|97/100
|turn|35
|
|t:|1760385739
|move|p2a: 🟥🟥🟨🟨🟨🟨🟨|Calm Mind|p2a: 🟥🟥🟨🟨🟨🟨🟨
|-boost|p2a: 🟥🟥🟨🟨🟨🟨🟨|spa|1
|-boost|p2a: 🟥🟥🟨🟨🟨🟨🟨|spd|1
|move|p1a: Kommo-o|Close Combat|p2a: 🟥🟥🟨🟨🟨🟨🟨
|-damage|p2a: 🟥🟥🟨🟨🟨🟨🟨|60/100
|-unboost|p1a: Kommo-o|def|1
|-unboost|p1a: Kommo-o|spd|1
|
|-heal|p2a: 🟥🟥🟨🟨🟨🟨🟨|66/100|[from] item: Leftovers
|upkeep
|turn|36
|
|t:|1760385745
|switch|p1a: Grimmsnarl|Grimmsnarl, M|80/100
|move|p2a: 🟥🟥🟨🟨🟨🟨🟨|Calm Mind|p2a: 🟥🟥🟨🟨🟨🟨🟨
|-boost|p2a: 🟥🟥🟨🟨🟨🟨🟨|spa|1
|-boost|p2a: 🟥🟥🟨🟨🟨🟨🟨|spd|1
|
|-heal|p2a: 🟥🟥🟨🟨🟨🟨🟨|73/100|[from] item: Leftovers
|upkeep
|turn|37
|
|t:|1760385748
|move|p1a: Grimmsnarl|Light Screen|p1a: Grimmsnarl
|-sidestart|p1: Swaglord03|move: Light Screen
|move|p2a: 🟥🟥🟨🟨🟨🟨🟨|Moonblast|p1a: Grimmsnarl
|-supereffective|p1a: Grimmsnarl
|-damage|p1a: Grimmsnarl|48/100
|-unboost|p1a: Grimmsnarl|spa|1
|
|-heal|p2a: 🟥🟥🟨🟨🟨🟨🟨|79/100|[from] item: Leftovers
|upkeep
|turn|38
|
|t:|1760385760
|move|p2a: 🟥🟥🟨🟨🟨🟨🟨|Calm Mind|p2a: 🟥🟥🟨🟨🟨🟨🟨
|-boost|p2a: 🟥🟥🟨🟨🟨🟨🟨|spa|1
|-boost|p2a: 🟥🟥🟨🟨🟨🟨🟨|spd|1
|move|p1a: Grimmsnarl|Spirit Break|p2a: 🟥🟥🟨🟨🟨🟨🟨
|-damage|p2a: 🟥🟥🟨🟨🟨🟨🟨|57/100
|-unboost|p2a: 🟥🟥🟨🟨🟨🟨🟨|spa|1
|
|-heal|p2a: 🟥🟥🟨🟨🟨🟨🟨|63/100|[from] item: Leftovers
|upkeep
|turn|39
|
|t:|1760385769
|move|p2a: 🟥🟥🟨🟨🟨🟨🟨|Moonblast|p1a: Grimmsnarl
|-supereffective|p1a: Grimmsnarl
|-damage|p1a: Grimmsnarl|18/100
|move|p1a: Grimmsnarl|Spirit Break|p2a: 🟥🟥🟨🟨🟨🟨🟨
|-damage|p2a: 🟥🟥🟨🟨🟨🟨🟨|43/100
|-unboost|p2a: 🟥🟥🟨🟨🟨🟨🟨|spa|1
|
|-heal|p2a: 🟥🟥🟨🟨🟨🟨🟨|49/100|[from] item: Leftovers
|upkeep
|turn|40
|
|t:|1760385785
|move|p1a: Grimmsnarl|Parting Shot|p2a: 🟥🟥🟨🟨🟨🟨🟨
|-unboost|p2a: 🟥🟥🟨🟨🟨🟨🟨|atk|1
|-unboost|p2a: 🟥🟥🟨🟨🟨🟨🟨|spa|1
|
|t:|1760385787
|switch|p1a: Corviknight|Corviknight, M|100/100|[from] Parting Shot
|-ability|p1a: Corviknight|Pressure
|move|p2a: 🟥🟥🟨🟨🟨🟨🟨|Moonlight|p2a: 🟥🟥🟨🟨🟨🟨🟨
|-heal|p2a: 🟥🟥🟨🟨🟨🟨🟨|99/100
|
|-heal|p2a: 🟥🟥🟨🟨🟨🟨🟨|100/100|[from] item: Leftovers
|upkeep
|turn|41
|
|t:|1760385795
|switch|p1a: Great Tusk|Great Tusk|100/100
|-enditem|p1a: Great Tusk|Booster Energy
|-activate|p1a: Great Tusk|ability: Protosynthesis|[fromitem]
|-start|p1a: Great Tusk|protosynthesisspe
|move|p2a: 🟥🟥🟨🟨🟨🟨🟨|Thunderbolt|p1a: Great Tusk
|-immune|p1a: Great Tusk
|
|upkeep
|turn|42
|
|t:|1760385813
|-end|p1a: Great Tusk|Protosynthesis|[silent]
|switch|p1a: Corviknight|Corviknight, M|100/100
|-ability|p1a: Corviknight|Pressure
|move|p2a: 🟥🟥🟨🟨🟨🟨🟨|Calm Mind|p2a: 🟥🟥🟨🟨🟨🟨🟨
|-boost|p2a: 🟥🟥🟨🟨🟨🟨🟨|spa|1
|-boost|p2a: 🟥🟥🟨🟨🟨🟨🟨|spd|1
|
|upkeep
|turn|43
|
|t:|1760385821
|move|p2a: 🟥🟥🟨🟨🟨🟨🟨|Calm Mind|p2a: 🟥🟥🟨🟨🟨🟨🟨
|-boost|p2a: 🟥🟥🟨🟨🟨🟨🟨|spa|1
|-boost|p2a: 🟥🟥🟨🟨🟨🟨🟨|spd|1
|move|p1a: Corviknight|U-turn|p2a: 🟥🟥🟨🟨🟨🟨🟨
|-damage|p2a: 🟥🟥🟨🟨🟨🟨🟨|91/100
|
|t:|1760385823
|switch|p1a: Grimmsnarl|Grimmsnarl, M|18/100|[from] U-turn
|
|-heal|p2a: 🟥🟥🟨🟨🟨🟨🟨|97/100|[from] item: Leftovers
|upkeep
|turn|44
|
|t:|1760385828
|move|p1a: Grimmsnarl|Parting Shot|p2a: 🟥🟥🟨🟨🟨🟨🟨
|-unboost|p2a: 🟥🟥🟨🟨🟨🟨🟨|atk|1
|-unboost|p2a: 🟥🟥🟨🟨🟨🟨🟨|spa|1
|
|t:|1760385831
|switch|p1a: Corviknight|Corviknight, M|100/100|[from] Parting Shot
|-ability|p1a: Corviknight|Pressure
|move|p2a: 🟥🟥🟨🟨🟨🟨🟨|Moonblast|p1a: Corviknight
|-resisted|p1a: Corviknight
|-damage|p1a: Corviknight|93/100
|
|-heal|p2a: 🟥🟥🟨🟨🟨🟨🟨|100/100|[from] item: Leftovers
|-sideend|p1: Swaglord03|move: Light Screen
|upkeep
|turn|45
|
|t:|1760385838
|move|p2a: 🟥🟥🟨🟨🟨🟨🟨|Thunderbolt|p1a: Corviknight
|-supereffective|p1a: Corviknight
|-damage|p1a: Corviknight|17/100
|move|p1a: Corviknight|U-turn|p2a: 🟥🟥🟨🟨🟨🟨🟨
|-damage|p2a: 🟥🟥🟨🟨🟨🟨🟨|91/100
|
|t:|1760385841
|switch|p1a: Grimmsnarl|Grimmsnarl, M|18/100|[from] U-turn
|
|-heal|p2a: 🟥🟥🟨🟨🟨🟨🟨|98/100|[from] item: Leftovers
|upkeep
|turn|46
|
|t:|1760385847
|move|p1a: Grimmsnarl|Light Screen|p1a: Grimmsnarl
|-sidestart|p1: Swaglord03|move: Light Screen
|move|p2a: 🟥🟥🟨🟨🟨🟨🟨|Thunderbolt|p1a: Grimmsnarl
|-damage|p1a: Grimmsnarl|3/100
|
|-heal|p2a: 🟥🟥🟨🟨🟨🟨🟨|100/100|[from] item: Leftovers
|upkeep
|turn|47
|
|t:|1760385852
|move|p1a: Grimmsnarl|Parting Shot|p2a: 🟥🟥🟨🟨🟨🟨🟨
|-unboost|p2a: 🟥🟥🟨🟨🟨🟨🟨|atk|1
|-unboost|p2a: 🟥🟥🟨🟨🟨🟨🟨|spa|1
|
|t:|1760385855
|switch|p1a: Kommo-o|Kommo-o, M|100/100|[from] Parting Shot
|move|p2a: 🟥🟥🟨🟨🟨🟨🟨|Moonblast|p1a: Kommo-o
|-supereffective|p1a: Kommo-o
|-damage|p1a: Kommo-o|79/100
|
|upkeep
|turn|48
|
|t:|1760385862
|-terastallize|p1a: Kommo-o|Poison
|move|p2a: 🟥🟥🟨🟨🟨🟨🟨|Calm Mind|p2a: 🟥🟥🟨🟨🟨🟨🟨
|-boost|p2a: 🟥🟥🟨🟨🟨🟨🟨|spa|1
|-boost|p2a: 🟥🟥🟨🟨🟨🟨🟨|spd|1
|move|p1a: Kommo-o|Poison Jab|p2a: 🟥🟥🟨🟨🟨🟨🟨
|-damage|p2a: 🟥🟥🟨🟨🟨🟨🟨|75/100
|
|-heal|p2a: 🟥🟥🟨🟨🟨🟨🟨|82/100|[from] item: Leftovers
|upkeep
|turn|49
|
|t:|1760385874
|move|p2a: 🟥🟥🟨🟨🟨🟨🟨|Moonblast|p1a: Kommo-o
|-resisted|p1a: Kommo-o
|-damage|p1a: Kommo-o|75/100
|move|p1a: Kommo-o|Poison Jab|p2a: 🟥🟥🟨🟨🟨🟨🟨
|-damage|p2a: 🟥🟥🟨🟨🟨🟨🟨|56/100
|-status|p2a: 🟥🟥🟨🟨🟨🟨🟨|psn
|
|-heal|p2a: 🟥🟥🟨🟨🟨🟨🟨|62/100 psn|[from] item: Leftovers
|-damage|p2a: 🟥🟥🟨🟨🟨🟨🟨|50/100 psn|[from] psn
|upkeep
|turn|50
|
|t:|1760385883
|switch|p2a: 🟥🟩🟥🟩🟥🟥🟥|Corviknight, F|100/100
|-ability|p2a: 🟥🟩🟥🟩🟥🟥🟥|Pressure
|move|p1a: Kommo-o|Close Combat|p2a: 🟥🟩🟥🟩🟥🟥🟥
|-damage|p2a: 🟥🟩🟥🟩🟥🟥🟥|59/100
|-unboost|p1a: Kommo-o|def|1
|-unboost|p1a: Kommo-o|spd|1
|
|-heal|p2a: 🟥🟩🟥🟩🟥🟥🟥|65/100|[from] item: Leftovers
|upkeep
|turn|51
|
|t:|1760385896
|switch|p1a: Corviknight|Corviknight, M|17/100
|-ability|p1a: Corviknight|Pressure
|move|p2a: 🟥🟩🟥🟩🟥🟥🟥|Brave Bird|p1a: Corviknight
|-resisted|p1a: Corviknight
|-damage|p1a: Corviknight|3/100
|-damage|p2a: 🟥🟩🟥🟩🟥🟥🟥|49/100|[from] item: Rocky Helmet|[of] p1a: Corviknight
|-damage|p2a: 🟥🟩🟥🟩🟥🟥🟥|44/100|[from] Recoil
|
|-heal|p2a: 🟥🟩🟥🟩🟥🟥🟥|51/100|[from] item: Leftovers
|upkeep
|turn|52
|
|t:|1760385900
|move|p2a: 🟥🟩🟥🟩🟥🟥🟥|Body Press|p1a: Corviknight
|-damage|p1a: Corviknight|0 fnt
|-damage|p2a: 🟥🟩🟥🟩🟥🟥🟥|34/100|[from] item: Rocky Helmet|[of] p1a: Corviknight
|faint|p1a: Corviknight
|
|-heal|p2a: 🟥🟩🟥🟩🟥🟥🟥|40/100|[from] item: Leftovers
|upkeep
|
|t:|1760385903
|switch|p1a: Electrode|Electrode-Hisui|100/100
|turn|53
|
|t:|1760385909
|switch|p2a: 🟥🟩🟥🟩🟨🟨|Blissey, F|100/100
|move|p1a: Electrode|Volt Switch|p2a: 🟥🟩🟥🟩🟨🟨
|-damage|p2a: 🟥🟩🟥🟩🟨🟨|89/100
|
|t:|1760385911
|switch|p1a: Kommo-o|Kommo-o, M, tera:Poison|75/100|[from] Volt Switch
|
|-sideend|p1: Swaglord03|move: Light Screen
|upkeep
|turn|54
|
|t:|1760385917
|switch|p2a: 🟥🟥🟩🟥🟩🟥🟩🟥|Rabsca, F|100/100
|move|p1a: Kommo-o|Close Combat|p2a: 🟥🟥🟩🟥🟩🟥🟩🟥
|-resisted|p2a: 🟥🟥🟩🟥🟩🟥🟩🟥
|-damage|p2a: 🟥🟥🟩🟥🟩🟥🟩🟥|85/100
|-unboost|p1a: Kommo-o|def|1
|-unboost|p1a: Kommo-o|spd|1
|
|upkeep
|turn|55
|
|t:|1760385920
|move|p1a: Kommo-o|Poison Jab|p2a: 🟥🟥🟩🟥🟩🟥🟩🟥
|-damage|p2a: 🟥🟥🟩🟥🟩🟥🟩🟥|41/100
|move|p2a: 🟥🟥🟩🟥🟩🟥🟩🟥|Revival Blessing|p2a: 🟥🟥🟩🟥🟩🟥🟩🟥
|
|t:|1760385930
|-heal|p2: 🟩🟥🟥🟩🟥🟩|50/100|[from] move: Revival Blessing
|
|upkeep
|turn|56
|
|t:|1760385935
|switch|p2a: 🟥🟩🟥🟩🟥🟥🟥|Corviknight, F|40/100
|-ability|p2a: 🟥🟩🟥🟩🟥🟥🟥|Pressure
|move|p1a: Kommo-o|Poison Jab|p2a: 🟥🟩🟥🟩🟥🟥🟥
|-immune|p2a: 🟥🟩🟥🟩🟥🟥🟥
|
|-heal|p2a: 🟥🟩🟥🟩🟥🟥🟥|47/100|[from] item: Leftovers
|upkeep
|turn|57
|
|t:|1760385947
|switch|p2a: 🟥🟩🟥🟩🟨🟨|Blissey, F|89/100
|move|p1a: Kommo-o|Close Combat|p2a: 🟥🟩🟥🟩🟨🟨
|-supereffective|p2a: 🟥🟩🟥🟩🟨🟨
|-damage|p2a: 🟥🟩🟥🟩🟨🟨|0 fnt
|-unboost|p1a: Kommo-o|def|1
|-unboost|p1a: Kommo-o|spd|1
|faint|p2a: 🟥🟩🟥🟩🟨🟨
|
|upkeep
|
|t:|1760385963
|switch|p2a: 🟩🟥🟥🟩🟥🟩|Pawmot, F|50/100
|turn|58
|
|t:|1760385968
|move|p2a: 🟩🟥🟥🟩🟥🟩|Revival Blessing|p2a: 🟩🟥🟥🟩🟥🟩
|
|t:|1760385971
|-heal|p2: 🟥🟨🟨🟩🟨🟩|50/100|[from] move: Revival Blessing
|move|p1a: Kommo-o|Draco Meteor|p2a: 🟩🟥🟥🟩🟥🟩
|-crit|p2a: 🟩🟥🟥🟩🟥🟩
|-damage|p2a: 🟩🟥🟥🟩🟥🟩|0 fnt
|-unboost|p1a: Kommo-o|spa|2
|faint|p2a: 🟩🟥🟥🟩🟥🟩
|
|upkeep
|
|t:|1760385976
|switch|p2a: 🟥🟨🟨🟩🟨🟩|Dragapult, F|50/100
|turn|59
|
|t:|1760385983
|switch|p1a: Grimmsnarl|Grimmsnarl, M|3/100
|move|p2a: 🟥🟨🟨🟩🟨🟩|Psychic Fangs|p1a: Grimmsnarl
|-immune|p1a: Grimmsnarl
|
|upkeep
|turn|60
|
|t:|1760385996
|switch|p2a: 🟥🟥🟨🟨🟨🟨🟨|Cresselia, F, tera:Electric|50/100 psn
|move|p1a: Grimmsnarl|Light Screen|p1a: Grimmsnarl
|-sidestart|p1: Swaglord03|move: Light Screen
|
|-heal|p2a: 🟥🟥🟨🟨🟨🟨🟨|56/100 psn|[from] item: Leftovers
|-damage|p2a: 🟥🟥🟨🟨🟨🟨🟨|43/100 psn|[from] psn
|upkeep
|turn|61
|
|t:|1760386002
|move|p2a: 🟥🟥🟨🟨🟨🟨🟨|Moonlight|p2a: 🟥🟥🟨🟨🟨🟨🟨
|-heal|p2a: 🟥🟥🟨🟨🟨🟨🟨|93/100 psn
|move|p1a: Grimmsnarl|Spirit Break|p2a: 🟥🟥🟨🟨🟨🟨🟨
|-damage|p2a: 🟥🟥🟨🟨🟨🟨🟨|73/100 psn
|-unboost|p2a: 🟥🟥🟨🟨🟨🟨🟨|spa|1
|
|-heal|p2a: 🟥🟥🟨🟨🟨🟨🟨|79/100 psn|[from] item: Leftovers
|-damage|p2a: 🟥🟥🟨🟨🟨🟨🟨|67/100 psn|[from] psn
|upkeep
|turn|62
|
|t:|1760386008
|move|p2a: 🟥🟥🟨🟨🟨🟨🟨|Thunderbolt|p1a: Grimmsnarl
|-damage|p1a: Grimmsnarl|0 fnt
|faint|p1a: Grimmsnarl
|
|-heal|p2a: 🟥🟥🟨🟨🟨🟨🟨|73/100 psn|[from] item: Leftovers
|-damage|p2a: 🟥🟥🟨🟨🟨🟨🟨|60/100 psn|[from] psn
|upkeep
|
|t:|1760386011
|switch|p1a: Kommo-o|Kommo-o, M, tera:Poison|75/100
|turn|63
|
|t:|1760386017
|move|p2a: 🟥🟥🟨🟨🟨🟨🟨|Moonblast|p1a: Kommo-o
|-resisted|p1a: Kommo-o
|-damage|p1a: Kommo-o|73/100
|-unboost|p1a: Kommo-o|spa|1
|move|p1a: Kommo-o|Close Combat|p2a: 🟥🟥🟨🟨🟨🟨🟨
|-damage|p2a: 🟥🟥🟨🟨🟨🟨🟨|21/100 psn
|-unboost|p1a: Kommo-o|def|1
|-unboost|p1a: Kommo-o|spd|1
|
|-heal|p2a: 🟥🟥🟨🟨🟨🟨🟨|27/100 psn|[from] item: Leftovers
|-damage|p2a: 🟥🟥🟨🟨🟨🟨🟨|15/100 psn|[from] psn
|upkeep
|turn|64
|
|t:|1760386027
|move|p2a: 🟥🟥🟨🟨🟨🟨🟨|Moonlight|p2a: 🟥🟥🟨🟨🟨🟨🟨
|-heal|p2a: 🟥🟥🟨🟨🟨🟨🟨|65/100 psn
|move|p1a: Kommo-o|Poison Jab|p2a: 🟥🟥🟨🟨🟨🟨🟨
|-damage|p2a: 🟥🟥🟨🟨🟨🟨🟨|39/100 psn
|
|-heal|p2a: 🟥🟥🟨🟨🟨🟨🟨|45/100 psn|[from] item: Leftovers
|-damage|p2a: 🟥🟥🟨🟨🟨🟨🟨|33/100 psn|[from] psn
|upkeep
|turn|65
|
|t:|1760386034
|move|p2a: 🟥🟥🟨🟨🟨🟨🟨|Moonlight|p2a: 🟥🟥🟨🟨🟨🟨🟨
|-heal|p2a: 🟥🟥🟨🟨🟨🟨🟨|83/100 psn
|move|p1a: Kommo-o|Poison Jab|p2a: 🟥🟥🟨🟨🟨🟨🟨
|-damage|p2a: 🟥🟥🟨🟨🟨🟨🟨|60/100 psn
|
|-heal|p2a: 🟥🟥🟨🟨🟨🟨🟨|66/100 psn|[from] item: Leftovers
|-damage|p2a: 🟥🟥🟨🟨🟨🟨🟨|53/100 psn|[from] psn
|upkeep
|turn|66
|l|☆Swaglord03
|inactive|Swaglord03 disconnected and has a minute to reconnect!
|player|p1|
|inactive|Swaglord03 has 30 seconds to reconnect!
|inactive|Swaglord03 has 20 seconds to reconnect!
|inactive|Swaglord03 has 15 seconds to reconnect!
|inactive|Swaglord03 has 10 seconds to reconnect!
|j|☆Swaglord03
|inactive|Swaglord03 reconnected and has 80 seconds left.
|player|p1|Swaglord03|brock|
|
|t:|1760386116
|move|p2a: 🟥🟥🟨🟨🟨🟨🟨|Moonblast|p1a: Kommo-o
|-resisted|p1a: Kommo-o
|-damage|p1a: Kommo-o|71/100
|-unboost|p1a: Kommo-o|spa|1
|move|p1a: Kommo-o|Close Combat|p2a: 🟥🟥🟨🟨🟨🟨🟨
|-damage|p2a: 🟥🟥🟨🟨🟨🟨🟨|16/100 psn
|-unboost|p1a: Kommo-o|def|1
|-unboost|p1a: Kommo-o|spd|1
|
|-heal|p2a: 🟥🟥🟨🟨🟨🟨🟨|23/100 psn|[from] item: Leftovers
|-damage|p2a: 🟥🟥🟨🟨🟨🟨🟨|10/100 psn|[from] psn
|upkeep
|turn|67
|
|t:|1760386126
|move|p2a: 🟥🟥🟨🟨🟨🟨🟨|Moonblast|p1a: Kommo-o
|-resisted|p1a: Kommo-o
|-damage|p1a: Kommo-o|67/100
|move|p1a: Kommo-o|Close Combat|p2a: 🟥🟥🟨🟨🟨🟨🟨
|-damage|p2a: 🟥🟥🟨🟨🟨🟨🟨|0 fnt
|-unboost|p1a: Kommo-o|def|1
|-unboost|p1a: Kommo-o|spd|1
|faint|p2a: 🟥🟥🟨🟨🟨🟨🟨
|
|-sideend|p1: Swaglord03|move: Light Screen
|upkeep
|
|t:|1760386129
|switch|p2a: 🟥🟨🟨🟩🟨🟩|Dragapult, F|50/100
|turn|68
|
|t:|1760386138
|switch|p1a: Great Tusk|Great Tusk|100/100
|move|p2a: 🟥🟨🟨🟩🟨🟩|Dragon Darts|p1a: Great Tusk
|-damage|p1a: Great Tusk|76/100
|-anim|p2a: 🟥🟨🟨🟩🟨🟩|Dragon Darts|p1a: Great Tusk
|-damage|p1a: Great Tusk|52/100
|
|upkeep
|turn|69
|inactive|Swaglord03 has 90 seconds left.
|
|t:|1760386147
|switch|p2a: 🟥🟩🟥🟩🟥🟥🟥|Corviknight, F|47/100
|-ability|p2a: 🟥🟩🟥🟩🟥🟥🟥|Pressure
|-end|p1a: Great Tusk|Protosynthesis|[silent]
|switch|p1a: Electrode|Electrode-Hisui|100/100
|
|-heal|p2a: 🟥🟩🟥🟩🟥🟥🟥|53/100|[from] item: Leftovers
|upkeep
|turn|70
|
|t:|1760386159
|move|p1a: Electrode|Volt Switch|p2a: 🟥🟩🟥🟩🟥🟥🟥
|-supereffective|p2a: 🟥🟩🟥🟩🟥🟥🟥
|-damage|p2a: 🟥🟩🟥🟩🟥🟥🟥|0 fnt
|faint|p2a: 🟥🟩🟥🟩🟥🟥🟥
|l|☆Swaglord03
|inactive|Swaglord03 disconnected and has a minute to reconnect!
|player|p1|
|inactive|Swaglord03 has 30 seconds to reconnect!
|inactive|Swaglord03 has 20 seconds to reconnect!
|inactive|Swaglord03 has 15 seconds to reconnect!
|inactive|Swaglord03 has 10 seconds to reconnect!
|inactive|Swaglord03 has 5 seconds to reconnect!
|-message|Swaglord03 lost due to inactivity.
|
|win|fujizen
|raw|Swaglord03's rating: 1322 &rarr; <strong>1301</strong><br />(-21 for losing)
|raw|fujizen's rating: 1302 &rarr; <strong>1323</strong><br />(+21 for winning)
|l|☆fujizen
|player|p2|
