|j|☆Batman340
|j|☆ineverhaxed
|t:|1760454037
|gametype|singles
|player|p1|Batman340|102|1357
|player|p2|ineverhaxed|102|1308
|gen|9
|tier|[Gen 9] OU
|rated|
|rule|HP Percentage Mod: HP is shown in percentages
|rule|Endless Battle Clause: Forcing endless battles is banned
|rule|Species Clause: Limit one of each Pokémon
|rule|OHKO Clause: OHKO moves are banned
|rule|Evasion Items Clause: Evasion items are banned
|rule|Evasion Moves Clause: Evasion moves are banned
|rule|Evasion Abilities Clause: Evasion abilities are banned
|rule|Sleep Moves Clause: Sleep-inducing moves are banned
|clearpoke
|poke|p1|Gyarados, M|
|poke|p1|Great Tusk|
|poke|p1|Ogerpon-Wellspring, F|
|poke|p1|Pelipper, F|
|poke|p1|Tornadus-Therian, M|
|poke|p1|Garganacl, M|
|poke|p2|Electrode-Hisui|
|poke|p2|Drifblim, F|
|poke|p2|Blissey, F|
|poke|p2|Darkrai|
|poke|p2|Cinderace, M|
|poke|p2|Lokix, F|
|teampreview
|inactive|Battle timer is ON: inactive players will automatically lose when time's up. (requested by Batman340)
|
|t:|1760454047
|teamsize|p1|6
|teamsize|p2|6
|start
|switch|p1a: Pelipper|Pelipper, F, shiny|100/100
|switch|p2a: Electrode|Electrode-Hisui|100/100
|-weather|RainDance|[from] ability: Drizzle|[of] p1a: Pelipper
|turn|1
|
|t:|1760454066
|switch|p2a: Darkrai|Darkrai|100/100
|move|p1a: Pelipper|Hurricane|p2a: Darkrai
|-damage|p2a: Darkrai|36/100
|-start|p2a: Darkrai|confusion
|
|-weather|RainDance|[upkeep]
|upkeep
|turn|2
|
|t:|1760454075
|-activate|p2a: Darkrai|confusion
|move|p2a: Darkrai|Trick|p1a: Pelipper
|-activate|p2a: Darkrai|move: Trick|[of] p1a: Pelipper
|-item|p1a: Pelipper|Choice Scarf|[from] move: Trick
|-item|p2a: Darkrai|Damp Rock|[from] move: Trick
|move|p1a: Pelipper|U-turn|p2a: Darkrai
|-supereffective|p2a: Darkrai
|-damage|p2a: Darkrai|12/100
|
|t:|1760454091
|switch|p1a: Garganacl|Garganacl, M, shiny|100/100|[from] U-turn
|
|-weather|RainDance|[upkeep]
|upkeep
|turn|3
|
|t:|1760454098
|switch|p1a: Pelipper|Pelipper, F, shiny|100/100
|-activate|p2a: Darkrai|confusion
|move|p2a: Darkrai|Knock Off|p1a: Pelipper
|-damage|p1a: Pelipper|73/100
|-enditem|p1a: Pelipper|Choice Scarf|[from] move: Knock Off|[of] p2a: Darkrai
|
|-weather|RainDance|[upkeep]
|upkeep
|turn|4
|
|t:|1760454107
|-end|p2a: Darkrai|confusion
|move|p2a: Darkrai|Dark Pulse|p1a: Pelipper
|-damage|p1a: Pelipper|0 fnt
|faint|p1a: Pelipper
|
|-weather|RainDance|[upkeep]
|upkeep
|
|t:|1760454116
|switch|p1a: Gyarados|Gyarados, M, shiny|100/100
|turn|5
|
|t:|1760454130
|move|p2a: Darkrai|Dark Pulse|p1a: Gyarados
|-damage|p1a: Gyarados|48/100
|move|p1a: Gyarados|Waterfall|p2a: Darkrai
|-damage|p2a: Darkrai|0 fnt
|faint|p2a: Darkrai
|-ability|p1a: Gyarados|Moxie|boost
|-boost|p1a: Gyarados|atk|1
|
|-weather|RainDance|[upkeep]
|-heal|p1a: Gyarados|54/100|[from] item: Leftovers
|upkeep
|
|t:|1760454136
|switch|p2a: Electrode|Electrode-Hisui|100/100
|turn|6
|
|t:|1760454149
|-terastallize|p1a: Gyarados|Ground
|move|p2a: Electrode|Chloroblast|p1a: Gyarados
|-supereffective|p1a: Gyarados
|-damage|p1a: Gyarados|0 fnt
|faint|p1a: Gyarados
|-damage|p2a: Electrode|50/100|[from] Recoil
|
|-weather|RainDance|[upkeep]
|upkeep
|
|t:|1760454164
|switch|p1a: Ogerpon|Ogerpon-Wellspring, F|100/100
|turn|7
|
|t:|1760454168
|move|p2a: Electrode|Chloroblast|p1a: Ogerpon
|-damage|p1a: Ogerpon|0 fnt
|faint|p1a: Ogerpon
|-damage|p2a: Electrode|0 fnt|[from] Recoil
|faint|p2a: Electrode
|
|-weather|RainDance|[upkeep]
|upkeep
|-message|Batman340 forfeited.
|
|win|ineverhaxed
|raw|Batman340's rating: 1357 &rarr; <strong>1334</strong><br />(-23 for losing)
|raw|ineverhaxed's rating: 1308 &rarr; <strong>1331</strong><br />(+23 for winning)
|l|☆Batman340
|player|p1|
|l|☆ineverhaxed
|player|p2|
