|j|‽dxclin
|j|☆xrr rewriting
|t:|1760357413
|gametype|singles
|player|p1|dxclin|2|1454
|player|p2|xrr rewriting|169|1484
|gen|9
|tier|[Gen 9] OU
|rated|
|rule|HP Percentage Mod: HP is shown in percentages
|rule|Endless Battle Clause: Forcing endless battles is banned
|rule|Species Clause: Limit one of each Pokémon
|rule|OHKO Clause: OHKO moves are banned
|rule|Evasion Items Clause: Evasion items are banned
|rule|Evasion Moves Clause: Evasion moves are banned
|rule|Evasion Abilities Clause: Evasion abilities are banned
|rule|Sleep Moves Clause: Sleep-inducing moves are banned
|clearpoke
|poke|p1|Ninetales-Alola, M|
|poke|p1|Kyurem|
|poke|p1|Alomomola, F|
|poke|p1|Hatterene, F|
|poke|p1|Latias, F|
|poke|p1|Kingambit, M|
|poke|p2|Dragonite, F|
|poke|p2|Hatterene, F|
|poke|p2|Great Tusk|
|poke|p2|Ceruledge, F|
|poke|p2|Ting-Lu|
|poke|p2|Kyurem|
|teampreview
|inactive|Battle timer is ON: inactive players will automatically lose when time's up. (requested by xrr rewriting)
|
|t:|1760357431
|teamsize|p1|6
|teamsize|p2|6
|start
|switch|p1a: Ninetales|Ninetales-Alola, M|100/100
|switch|p2a: Hatterene|Hatterene, F|100/100
|-weather|Snowscape|[from] ability: Snow Warning|[of] p1a: Ninetales
|turn|1
|
|t:|1760357437
|move|p1a: Ninetales|Aurora Veil|p1a: Ninetales
|-sidestart|p1: dxclin|move: Aurora Veil
|move|p2a: Hatterene|Nuzzle|p1a: Ninetales
|-damage|p1a: Ninetales|99/100
|-status|p1a: Ninetales|par
|
|-weather|Snowscape|[upkeep]
|upkeep
|turn|2
|
|t:|1760357455
|switch|p1a: Kingambit|Kingambit, M|100/100
|move|p2a: Hatterene|Mystical Fire|p1a: Kingambit
|-supereffective|p1a: Kingambit
|-damage|p1a: Kingambit|73/100
|-unboost|p1a: Kingambit|spa|1
|
|-weather|Snowscape|[upkeep]
|-heal|p1a: Kingambit|79/100|[from] item: Leftovers
|upkeep
|turn|3
|
|t:|1760357464
|switch|p2a: Great Tusk|Great Tusk|100/100
|move|p1a: Kingambit|Swords Dance|p1a: Kingambit
|-boost|p1a: Kingambit|atk|2
|
|-weather|Snowscape|[upkeep]
|-heal|p1a: Kingambit|85/100|[from] item: Leftovers
|upkeep
|turn|4
|
|t:|1760357472
|move|p2a: Great Tusk|Close Combat|p1a: Kingambit
|-supereffective|p1a: Kingambit
|-crit|p1a: Kingambit
|-damage|p1a: Kingambit|0 fnt
|-unboost|p2a: Great Tusk|def|1
|-unboost|p2a: Great Tusk|spd|1
|faint|p1a: Kingambit
|-end|p1a: Kingambit|fallenundefined|[silent]
|
|-weather|Snowscape|[upkeep]
|upkeep
|
|t:|1760357482
|switch|p1a: Kyurem|Kyurem|100/100
|-ability|p1a: Kyurem|Pressure
|turn|5
|
|t:|1760357487
|-end|p2a: Great Tusk|Protosynthesis|[silent]
|switch|p2a: Hatterene|Hatterene, F|100/100
|move|p1a: Kyurem|Dragon Dance|p1a: Kyurem
|-boost|p1a: Kyurem|atk|1
|-boost|p1a: Kyurem|spe|1
|
|-weather|none
|upkeep
|turn|6
|
|t:|1760357497
|move|p1a: Kyurem|Icicle Spear|p2a: Hatterene
|-damage|p2a: Hatterene|80/100
|-damage|p2a: Hatterene|60/100
|-damage|p2a: Hatterene|42/100
|-damage|p2a: Hatterene|23/100
|-hitcount|p2a: Hatterene|4
|move|p2a: Hatterene|Nuzzle|p1a: Kyurem
|-resisted|p1a: Kyurem
|-crit|p1a: Kyurem
|-damage|p1a: Kyurem|97/100
|-status|p1a: Kyurem|par
|
|upkeep
|turn|7
|
|t:|1760357504
|move|p1a: Kyurem|Icicle Spear|p2a: Hatterene
|-damage|p2a: Hatterene|2/100
|-damage|p2a: Hatterene|0 fnt
|faint|p2a: Hatterene
|-hitcount|p2: Hatterene|2
|
|upkeep
|
|t:|1760357521
|switch|p2a: Ceruledge|Ceruledge, F|100/100
|turn|8
|
|t:|1760357526
|move|p2a: Ceruledge|Swords Dance|p2a: Ceruledge
|-boost|p2a: Ceruledge|atk|2
|cant|p1a: Kyurem|par
|
|-sideend|p1: dxclin|move: Aurora Veil
|upkeep
|turn|9
|
|t:|1760357532
|move|p2a: Ceruledge|Close Combat|p1a: Kyurem
|-supereffective|p1a: Kyurem
|-damage|p1a: Kyurem|0 fnt
|-unboost|p2a: Ceruledge|def|1
|-unboost|p2a: Ceruledge|spd|1
|faint|p1a: Kyurem
|
|upkeep
|
|t:|1760357537
|switch|p1a: Alomomola|Alomomola, F|100/100
|turn|10
|
|t:|1760357547
|move|p2a: Ceruledge|Close Combat|p1a: Alomomola
|-damage|p1a: Alomomola|60/100
|-unboost|p2a: Ceruledge|def|1
|-unboost|p2a: Ceruledge|spd|1
|move|p1a: Alomomola|Scald|p2a: Ceruledge
|-supereffective|p2a: Ceruledge
|-damage|p2a: Ceruledge|38/100
|
|upkeep
|turn|11
|
|t:|1760357567
|move|p2a: Ceruledge|Close Combat|p1a: Alomomola
|-damage|p1a: Alomomola|17/100
|-unboost|p2a: Ceruledge|def|1
|-unboost|p2a: Ceruledge|spd|1
|move|p1a: Alomomola|Scald|p2a: Ceruledge
|-supereffective|p2a: Ceruledge
|-damage|p2a: Ceruledge|0 fnt
|faint|p2a: Ceruledge
|
|upkeep
|
|t:|1760357582
|switch|p2a: Great Tusk|Great Tusk|100/100
|turn|12
|
|t:|1760357596
|move|p2a: Great Tusk|Rapid Spin|p1a: Alomomola
|-damage|p1a: Alomomola|7/100
|-boost|p2a: Great Tusk|spe|1
|move|p1a: Alomomola|Scald|p2a: Great Tusk
|-supereffective|p2a: Great Tusk
|-damage|p2a: Great Tusk|58/100
|
|upkeep
|turn|13
|
|t:|1760357603
|move|p2a: Great Tusk|Rapid Spin|p1a: Alomomola
|-damage|p1a: Alomomola|0 fnt
|-boost|p2a: Great Tusk|spe|1
|faint|p1a: Alomomola
|
|upkeep
|
|t:|1760357608
|switch|p1a: Ninetales|Ninetales-Alola, M|99/100 par
|-weather|Snowscape|[from] ability: Snow Warning|[of] p1a: Ninetales
|turn|14
|
|t:|1760357611
|move|p2a: Great Tusk|Close Combat|p1a: Ninetales
|-damage|p1a: Ninetales|47/100 par
|-unboost|p2a: Great Tusk|def|1
|-unboost|p2a: Great Tusk|spd|1
|move|p1a: Ninetales|Aurora Veil|p1a: Ninetales
|-sidestart|p1: dxclin|move: Aurora Veil
|
|-weather|Snowscape|[upkeep]
|upkeep
|turn|15
|
|t:|1760357620
|move|p2a: Great Tusk|Close Combat|p1a: Ninetales
|-damage|p1a: Ninetales|22/100 par
|-unboost|p2a: Great Tusk|def|1
|-unboost|p2a: Great Tusk|spd|1
|cant|p1a: Ninetales|par
|
|-weather|Snowscape|[upkeep]
|upkeep
|turn|16
|
|t:|1760357626
|move|p2a: Great Tusk|Close Combat|p1a: Ninetales
|-damage|p1a: Ninetales|0 fnt
|-unboost|p2a: Great Tusk|def|1
|-unboost|p2a: Great Tusk|spd|1
|faint|p1a: Ninetales
|
|-weather|Snowscape|[upkeep]
|upkeep
|
|t:|1760357629
|switch|p1a: Latias|Latias, F|100/100
|turn|17
|
|t:|1760357651
|-terastallize|p1a: Latias|Poison
|move|p2a: Great Tusk|Ice Spinner|p1a: Latias
|-damage|p1a: Latias|89/100
|move|p1a: Latias|Agility|p1a: Latias
|-boost|p1a: Latias|spe|2
|
|-weather|Snowscape|[upkeep]
|-heal|p1a: Latias|95/100|[from] item: Leftovers
|upkeep
|turn|18
|
|t:|1760357662
|move|p2a: Great Tusk|Close Combat|p1a: Latias
|-resisted|p1a: Latias
|-damage|p1a: Latias|81/100
|-unboost|p2a: Great Tusk|def|1
|-unboost|p2a: Great Tusk|spd|1
|move|p1a: Latias|Calm Mind|p1a: Latias
|-boost|p1a: Latias|spa|1
|-boost|p1a: Latias|spd|1
|
|-weather|none
|-heal|p1a: Latias|87/100|[from] item: Leftovers
|upkeep
|turn|19
|
|t:|1760357665
|move|p2a: Great Tusk|Close Combat|p1a: Latias
|-resisted|p1a: Latias
|-crit|p1a: Latias
|-damage|p1a: Latias|52/100
|-unboost|p2a: Great Tusk|def|1
|-unboost|p2a: Great Tusk|spd|1
|move|p1a: Latias|Calm Mind|p1a: Latias
|-boost|p1a: Latias|spa|1
|-boost|p1a: Latias|spd|1
|
|-heal|p1a: Latias|58/100|[from] item: Leftovers
|upkeep
|turn|20
|
|t:|1760357676
|move|p2a: Great Tusk|Close Combat|p1a: Latias
|-resisted|p1a: Latias
|-damage|p1a: Latias|45/100
|-unboost|p2a: Great Tusk|def|1
|-unboost|p2a: Great Tusk|spd|1
|move|p1a: Latias|Calm Mind|p1a: Latias
|-boost|p1a: Latias|spa|1
|-boost|p1a: Latias|spd|1
|
|-heal|p1a: Latias|51/100|[from] item: Leftovers
|upkeep
|turn|21
|
|t:|1760357678
|move|p2a: Great Tusk|Close Combat|p1a: Latias
|-resisted|p1a: Latias
|-crit|p1a: Latias
|-damage|p1a: Latias|15/100
|move|p1a: Latias|Calm Mind|p1a: Latias
|-boost|p1a: Latias|spa|1
|-boost|p1a: Latias|spd|1
|
|-heal|p1a: Latias|21/100|[from] item: Leftovers
|-sideend|p1: dxclin|move: Aurora Veil
|upkeep
|turn|22
|
|t:|1760357682
|move|p2a: Great Tusk|Ice Spinner|p1a: Latias
|-damage|p1a: Latias|0 fnt
|faint|p1a: Latias
|
|upkeep
|
|t:|1760357688
|switch|p1a: Hatterene|Hatterene, F|100/100
|turn|23
|
|t:|1760357699
|move|p2a: Great Tusk|Headlong Rush|p1a: Hatterene
|-damage|p1a: Hatterene|51/100
|move|p1a: Hatterene|Calm Mind|p1a: Hatterene
|-boost|p1a: Hatterene|spa|1
|-boost|p1a: Hatterene|spd|1
|
|-heal|p1a: Hatterene|57/100|[from] item: Leftovers
|upkeep
|turn|24
|
|t:|1760357704
|move|p2a: Great Tusk|Headlong Rush|p1a: Hatterene
|-damage|p1a: Hatterene|3/100
|move|p1a: Hatterene|Draining Kiss|p2a: Great Tusk
|-supereffective|p2a: Great Tusk
|-damage|p2a: Great Tusk|0 fnt
|-heal|p1a: Hatterene|53/100|[from] drain|[of] p2a: Great Tusk
|faint|p2a: Great Tusk
|-end|p2a: Great Tusk|Protosynthesis|[silent]
|
|-heal|p1a: Hatterene|59/100|[from] item: Leftovers
|upkeep
|
|t:|1760357709
|switch|p2a: Dragonite|Dragonite, F|100/100
|turn|25
|
|t:|1760357712
|-terastallize|p2a: Dragonite|Normal
|move|p2a: Dragonite|Extreme Speed|p1a: Hatterene
|-damage|p1a: Hatterene|6/100
|move|p1a: Hatterene|Draining Kiss|p2a: Dragonite
|-damage|p2a: Dragonite|81/100
|-heal|p1a: Hatterene|20/100|[from] drain|[of] p2a: Dragonite
|
|-heal|p1a: Hatterene|26/100|[from] item: Leftovers
|upkeep
|turn|26
|
|t:|1760357718
|move|p2a: Dragonite|Extreme Speed|p1a: Hatterene
|-damage|p1a: Hatterene|0 fnt
|faint|p1a: Hatterene
|
|win|xrr rewriting
|raw|dxclin's rating: 1454 &rarr; <strong>1436</strong><br />(-18 for losing)
|raw|xrr rewriting's rating: 1484 &rarr; <strong>1502</strong><br />(+18 for winning)
|l|‽dxclin
|player|p1|
