|j|☆g2deathscythehell
|j|☆StarterSquad.tv
|t:|1760408141
|gametype|singles
|player|p1|g2deathscythehell|lance|1245
|player|p2|StarterSquad.tv|cameraman|1276
|gen|9
|tier|[Gen 9] OU
|rated|
|rule|HP Percentage Mod: HP is shown in percentages
|rule|Endless Battle Clause: Forcing endless battles is banned
|rule|Species Clause: Limit one of each Pokémon
|rule|OHKO Clause: OHKO moves are banned
|rule|Evasion Items Clause: Evasion items are banned
|rule|Evasion Moves Clause: Evasion moves are banned
|rule|Evasion Abilities Clause: Evasion abilities are banned
|rule|Sleep Moves Clause: Sleep-inducing moves are banned
|clearpoke
|poke|p1|Ceruledge, F|
|poke|p1|Kingambit, M|
|poke|p1|Landorus-Therian, M|
|poke|p1|Walking Wake|
|poke|p1|Primarina, F|
|poke|p1|Iron Treads|
|poke|p2|Dragonite, F|
|poke|p2|Zapdos|
|poke|p2|Clefable, F|
|poke|p2|Entei|
|poke|p2|Garchomp, M|
|poke|p2|Espeon, F|
|teampreview
|inactive|Battle timer is ON: inactive players will automatically lose when time's up. (requested by g2deathscythehell)
|
|t:|1760408150
|teamsize|p1|6
|teamsize|p2|6
|start
|switch|p1a: Landorus|Landorus-Therian, M|100/100
|switch|p2a: Espeon|Espeon, F|100/100
|-ability|p1a: Landorus|Intimidate|boost
|-unboost|p2a: Espeon|atk|1
|turn|1
|
|t:|1760408157
|move|p2a: Espeon|Trick|p1a: Landorus
|-activate|p2a: Espeon|move: Trick|[of] p1a: Landorus
|-item|p1a: Landorus|Focus Sash|[from] move: Trick
|-item|p2a: Espeon|Rocky Helmet|[from] move: Trick
|move|p1a: Landorus|Sandsear Storm|p2a: Espeon
|-damage|p2a: Espeon|43/100
|
|upkeep
|turn|2
|
|t:|1760408164
|switch|p2a: Zapdos|Zapdos|100/100
|switch|p1a: Iron Treads|Iron Treads|100/100
|
|upkeep
|turn|3
|
|t:|1760408174
|move|p1a: Iron Treads|Ice Spinner|p2a: Zapdos
|-supereffective|p2a: Zapdos
|-damage|p2a: Zapdos|52/100
|-damage|p1a: Iron Treads|84/100|[from] item: Rocky Helmet|[of] p2a: Zapdos
|move|p2a: Zapdos|Heat Wave|p1a: Iron Treads
|-supereffective|p1a: Iron Treads
|-damage|p1a: Iron Treads|0 fnt
|faint|p1a: Iron Treads
|-end|p1a: Iron Treads|Quark Drive|[silent]
|
|upkeep
|
|t:|1760408182
|switch|p1a: Landorus|Landorus-Therian, M|100/100
|-ability|p1a: Landorus|Intimidate|boost
|-unboost|p2a: Zapdos|atk|1
|turn|4
|
|t:|1760408190
|move|p1a: Landorus|Sludge Wave|p2a: Zapdos
|-damage|p2a: Zapdos|23/100
|move|p2a: Zapdos|Roost|p2a: Zapdos
|-heal|p2a: Zapdos|74/100
|-singleturn|p2a: Zapdos|move: Roost
|
|upkeep
|turn|5
|
|t:|1760408197
|move|p1a: Landorus|Stealth Rock|p2a: Zapdos
|-sidestart|p2: StarterSquad.tv|move: Stealth Rock
|move|p2a: Zapdos|Hurricane|p1a: Landorus
|-damage|p1a: Landorus|16/100
|-start|p1a: Landorus|confusion
|
|upkeep
|turn|6
|
|t:|1760408206
|-activate|p1a: Landorus|confusion
|-damage|p1a: Landorus|3/100|[from] confusion
|move|p2a: Zapdos|Roost|p2a: Zapdos
|-heal|p2a: Zapdos|100/100
|-singleturn|p2a: Zapdos|move: Roost
|
|upkeep
|turn|7
|
|t:|1760408215
|-activate|p1a: Landorus|confusion
|-damage|p1a: Landorus|0 fnt|[from] confusion
|faint|p1a: Landorus
|move|p2a: Zapdos|Heat Wave|p1: Landorus|[notarget]
|-fail|p2a: Zapdos
|
|upkeep
|
|t:|1760408229
|switch|p1a: Walking Wake|Walking Wake|100/100
|-enditem|p1a: Walking Wake|Booster Energy
|-activate|p1a: Walking Wake|ability: Protosynthesis|[fromitem]
|-start|p1a: Walking Wake|protosynthesisspa
|turn|8
|
|t:|1760408239
|move|p1a: Walking Wake|Hydro Steam|p2a: Zapdos
|-damage|p2a: Zapdos|46/100
|move|p2a: Zapdos|Hurricane|p1a: Walking Wake
|-damage|p1a: Walking Wake|31/100
|-start|p1a: Walking Wake|confusion
|
|upkeep
|turn|9
|
|t:|1760408250
|-activate|p1a: Walking Wake|confusion
|move|p1a: Walking Wake|Hydro Steam|p2a: Zapdos
|-damage|p2a: Zapdos|0 fnt
|faint|p2a: Zapdos
|
|upkeep
|j| idonteatpets
|
|t:|1760408255
|switch|p2a: Entei|Entei|100/100
|-damage|p2a: Entei|76/100|[from] Stealth Rock
|turn|10
|c| idonteatpets|get em scyther
|
|t:|1760408261
|move|p2a: Entei|Extreme Speed|p1a: Walking Wake
|-damage|p1a: Walking Wake|0 fnt
|faint|p1a: Walking Wake
|-end|p1a: Walking Wake|Protosynthesis|[silent]
|
|upkeep
|c| idonteatpets|starter squad tv
|
|t:|1760408268
|switch|p1a: Primarina|Primarina, F|100/100
|turn|11
|c| idonteatpets|is that u shippidge
|
|t:|1760408273
|switch|p2a: Garchomp|Garchomp, M|100/100
|-damage|p2a: Garchomp|94/100|[from] Stealth Rock
|move|p1a: Primarina|Calm Mind|p1a: Primarina
|-boost|p1a: Primarina|spa|1
|-boost|p1a: Primarina|spd|1
|
|upkeep
|turn|12
|c| idonteatpets|starter squad tv
|
|t:|1760408281
|move|p2a: Garchomp|Poison Jab|p1a: Primarina
|-supereffective|p1a: Primarina
|-damage|p1a: Primarina|42/100
|move|p1a: Primarina|Draining Kiss|p2a: Garchomp
|-supereffective|p2a: Garchomp
|-damage|p2a: Garchomp|11/100
|-heal|p1a: Primarina|100/100|[from] drain|[of] p2a: Garchomp
|-damage|p1a: Primarina|88/100|[from] ability: Rough Skin|[of] p2a: Garchomp
|-damage|p1a: Primarina|72/100|[from] item: Rocky Helmet|[of] p2a: Garchomp
|
|-heal|p1a: Primarina|78/100|[from] item: Leftovers
|upkeep
|turn|13
|c| idonteatpets|do u work for starter squad
|
|t:|1760408295
|-terastallize|p2a: Garchomp|Poison
|-terastallize|p1a: Primarina|Steel
|move|p2a: Garchomp|Poison Jab|p1a: Primarina
|-immune|p1a: Primarina
|move|p1a: Primarina|Hyper Voice|p2a: Garchomp
|-damage|p2a: Garchomp|0 fnt
|faint|p2a: Garchomp
|
|-heal|p1a: Primarina|84/100|[from] item: Leftovers
|upkeep
|
|t:|1760408308
|switch|p2a: Entei|Entei|76/100
|-damage|p2a: Entei|51/100|[from] Stealth Rock
|turn|14
|
|t:|1760408318
|move|p2a: Entei|Sacred Fire|p1a: Primarina
|-supereffective|p1a: Primarina
|-damage|p1a: Primarina|0 fnt
|faint|p1a: Primarina
|
|upkeep
|
|t:|1760408324
|switch|p1a: Ceruledge|Ceruledge, F, shiny|100/100
|turn|15
|
|t:|1760408328
|switch|p2a: Clefable|Clefable, F|100/100
|move|p1a: Ceruledge|Swords Dance|p1a: Ceruledge
|-boost|p1a: Ceruledge|atk|2
|
|upkeep
|turn|16
|
|t:|1760408334
|move|p1a: Ceruledge|Poltergeist|p2a: Clefable
|-activate|p2a: Clefable|move: Poltergeist|Sticky Barb
|-damage|p2a: Clefable|0 fnt
|faint|p2a: Clefable
|
|upkeep
|
|t:|1760408339
|switch|p2a: Dragonite|Dragonite, F|100/100
|turn|17
|
|t:|1760408343
|move|p1a: Ceruledge|Poltergeist|p2a: Dragonite
|-activate|p2a: Dragonite|move: Poltergeist|Heavy-Duty Boots
|-damage|p2a: Dragonite|43/100
|move|p2a: Dragonite|Earthquake|p1a: Ceruledge
|-supereffective|p1a: Ceruledge
|-enditem|p1a: Ceruledge|Focus Sash
|-damage|p1a: Ceruledge|1/100
|-ability|p1a: Ceruledge|Weak Armor|boost
|-unboost|p1a: Ceruledge|def|1
|-boost|p1a: Ceruledge|spe|2
|
|upkeep
|turn|18
|
|t:|1760408367
|move|p1a: Ceruledge|Poltergeist|p2a: Dragonite|[miss]
|-miss|p1a: Ceruledge|p2a: Dragonite
|move|p2a: Dragonite|Ice Spinner|p1a: Ceruledge
|-resisted|p1a: Ceruledge
|-damage|p1a: Ceruledge|0 fnt
|faint|p1a: Ceruledge
|
|upkeep
|c|☆g2deathscythehell|F
|
|t:|1760408374
|switch|p1a: Kingambit|Kingambit, M, shiny|100/100
|-activate|p1a: Kingambit|ability: Supreme Overlord
|-start|p1a: Kingambit|fallen5|[silent]
|turn|19
|
|t:|1760408384
|move|p2a: Dragonite|Earthquake|p1a: Kingambit
|-supereffective|p1a: Kingambit
|-damage|p1a: Kingambit|40/100
|move|p1a: Kingambit|Swords Dance|p1a: Kingambit
|-boost|p1a: Kingambit|atk|2
|
|-heal|p1a: Kingambit|46/100|[from] item: Leftovers
|upkeep
|turn|20
|c| idonteatpets|man SS TV doesnt reply he a weird one
|
|t:|1760408394
|move|p1a: Kingambit|Sucker Punch|p2a: Dragonite
|-damage|p2a: Dragonite|0 fnt
|faint|p2a: Dragonite
|
|-heal|p1a: Kingambit|52/100|[from] item: Leftovers
|upkeep
|c| idonteatpets|sweep away g2
|c|☆StarterSquad.tv|Yeah ya got me
|c|☆StarterSquad.tv|it’s me
|c| idonteatpets|is it really
|c| idonteatpets|whens next ep coming out
|
|t:|1760408416
|switch|p2a: Espeon|Espeon, F|43/100
|-damage|p2a: Espeon|31/100|[from] Stealth Rock
|turn|21
|c|☆g2deathscythehell|Am I on yt?
|c|☆g2deathscythehell|Hi future me
|
|t:|1760408428
|move|p2a: Espeon|Thunder Wave|p1a: Kingambit|[miss]
|-miss|p2a: Espeon|p1a: Kingambit
|move|p1a: Kingambit|Kowtow Cleave|p2a: Espeon
|-supereffective|p2a: Espeon
|-damage|p2a: Espeon|0 fnt
|-damage|p1a: Kingambit|36/100|[from] item: Rocky Helmet|[of] p2a: Espeon
|faint|p2a: Espeon
|
|-heal|p1a: Kingambit|42/100|[from] item: Leftovers
|upkeep
|
|t:|1760408446
|switch|p2a: Entei|Entei|51/100
|-damage|p2a: Entei|26/100|[from] Stealth Rock
|turn|22
|
|t:|1760408454
|move|p2a: Entei|Extreme Speed|p1a: Kingambit
|-resisted|p1a: Kingambit
|-damage|p1a: Kingambit|28/100
|move|p1a: Kingambit|Sucker Punch||[still]
|-fail|p1a: Kingambit
|
|-heal|p1a: Kingambit|34/100|[from] item: Leftovers
|upkeep
|turn|23
|
|t:|1760408461
|move|p2a: Entei|Extreme Speed|p1a: Kingambit
|-resisted|p1a: Kingambit
|-damage|p1a: Kingambit|21/100
|move|p1a: Kingambit|Kowtow Cleave|p2a: Entei
|-damage|p2a: Entei|0 fnt
|faint|p2a: Entei
|
|win|g2deathscythehell
|raw|g2deathscythehell's rating: 1245 &rarr; <strong>1272</strong><br />(+27 for winning)
|raw|StarterSquad.tv's rating: 1276 &rarr; <strong>1249</strong><br />(-27 for losing)
|c| idonteatpets|yass
|c|☆StarterSquad.tv|Gg
|c|☆g2deathscythehell|gg
|c| idonteatpets|gg
|l|☆g2deathscythehell
|player|p1|
|c| idonteatpets|tell me ss
|c| idonteatpets|are u really
|c| idonteatpets|shoppidge
|c| idonteatpets|whens next ep comng
|c| idonteatpets|i create ss content on my utube
|c| idonteatpets|btw
|c| idonteatpets|i got 100k views
|c|☆StarterSquad.tv|Next month most likely. Trying to finish this week, but gah locking this one down has been difficult
|c| idonteatpets|is it rlly nxt month
|c| idonteatpets|or r u someo1 claiming to be shippdige
|c|☆StarterSquad.tv|I really wanted to finish before the 16th
|c|☆StarterSquad.tv|glad u like the show though
|c| idonteatpets|its been 1 yr
|c|☆StarterSquad.tv|I don’t post the battles here, I just play here on bathroom breaks and use the username to advertise the show
|c|☆StarterSquad.tv|it’s been 4 years since the last ep.  This one’s been… an awful process. Almost done though.
|c| idonteatpets|why dont u hire
|c| idonteatpets|people
|c| idonteatpets|get a team
|c|☆StarterSquad.tv|hired many people this time around - way more animators and modelers than ever. Thought it would make it faster but it actually took longer to manage and direct and correct everyone
|c| idonteatpets|im a youtube consultant btw
|c| idonteatpets|i write scripts
|c| idonteatpets|can i help out in an ep
|c| idonteatpets|i could send u a demo and if u like what u see then...
|c|☆StarterSquad.tv|Link me to your YouTube
|c|☆StarterSquad.tv|Writing is usually where I need the least help but I’d love to see your work
|c| idonteatpets|https://www.youtube.com/watch?v=ro-VMTaoVr0
|l|☆StarterSquad.tv
|player|p2|
|j|☆StarterSquad.tv
|player|p2|StarterSquad.tv|cameraman|
|c|☆StarterSquad.tv|Oh, I’ve seen your channel!  Really appreciate it, man. I hope you make something when ep11 comes out next month.
|c| idonteatpets|:3
|c| idonteatpets|what do you need most help with?
|l|☆StarterSquad.tv
|player|p2|
|j|☆StarterSquad.tv
|player|p2|StarterSquad.tv|cameraman|
|c|☆StarterSquad.tv|Character animation takes the longest. And I’m super picky about it. So far I’ve only been able to maintain three solid character animators, and out of those, one is only reliable to body mechanics, and one is just too expensive. I really want studio-quality animators, but I am not a proper studio, so it just costs extra extra time.
|c|☆StarterSquad.tv|but come episode 12, we’ll see. I never know what I’ll actually need until the script is finalized
|c| idonteatpets|are you able to monetize though with adsense?
|c|☆StarterSquad.tv|Once 11 comes out and 12 begins production, I’ll be switching gears and working in the open.
|c| idonteatpets|cause nintendo is notorious for takedowns
|c|☆StarterSquad.tv|They sure are. I haven’t been struck by them ever, and I really hope they let me finish all 12
|c| idonteatpets|have u tried ai
|c| idonteatpets|for character animations
|c| idonteatpets|or does it just not have good quality
|c|☆StarterSquad.tv|Usually, generative animations, in the current state of technology, produces more mistakes that need fixing and makes things even longer
|c| idonteatpets|is hiring more animatiors a budget thing?
|c|☆StarterSquad.tv|it’s not even hiring “more” animators but finding the right ones that can gel with my style
|c| idonteatpets|im friends with some animations that have worked for big companies ($1bn+) that are now freelance
|c| idonteatpets|also i think your monetization isnt yet optimized
|c| idonteatpets|a creator i worked with who had about 200k subs got a big jump when he optimized his patreon
|c| idonteatpets|now he makes $100k a year just from patreon
|l|☆StarterSquad.tv
|player|p2|
|j|☆StarterSquad.tv
|player|p2|StarterSquad.tv|cameraman|
|l|☆StarterSquad.tv
|player|p2|
|j|☆StarterSquad.tv
|player|p2|StarterSquad.tv|cameraman|
|l|☆StarterSquad.tv
|player|p2|
|j|☆StarterSquad.tv
|player|p2|StarterSquad.tv|cameraman|
|l| idonteatpets
|j| idonteatpets
|l|☆StarterSquad.tv
|player|p2|
|j|☆StarterSquad.tv
|player|p2|StarterSquad.tv|cameraman|
