|j|☆Passhie
|j|☆xPainSeraphx
|t:|1760300021
|gametype|singles
|player|p1|Passhie|maid|1327
|player|p2|xPainSeraphx|ethan|1350
|gen|9
|tier|[Gen 9] OU
|rated|
|rule|HP Percentage Mod: HP is shown in percentages
|rule|Endless Battle Clause: Forcing endless battles is banned
|rule|Species Clause: Limit one of each Pokémon
|rule|OHKO Clause: OHKO moves are banned
|rule|Evasion Items Clause: Evasion items are banned
|rule|Evasion Moves Clause: Evasion moves are banned
|rule|Evasion Abilities Clause: Evasion abilities are banned
|rule|Sleep Moves Clause: Sleep-inducing moves are banned
|clearpoke
|poke|p1|Rillaboom, F|
|poke|p1|Heatran, F|
|poke|p1|Tornadus-Therian, M|
|poke|p1|Ting-Lu|
|poke|p1|Weezing-Galar, F|
|poke|p1|Dragapult, M|
|poke|p2|Tyranitar, M|
|poke|p2|Abomasnow, M|
|poke|p2|Gholdengo|
|poke|p2|Skeledirge, F|
|poke|p2|Corviknight, M|
|poke|p2|Ursaluna, M|
|teampreview
|inactive|Battle timer is ON: inactive players will automatically lose when time's up. (requested by Passhie)
|
|t:|1760300033
|teamsize|p1|6
|teamsize|p2|6
|start
|switch|p1a: Heatran|Heatran, F|100/100
|switch|p2a: Abomasnow|Abomasnow, M|100/100
|-weather|Snowscape|[from] ability: Snow Warning|[of] p2a: Abomasnow
|turn|1
|
|t:|1760300042
|switch|p2a: Tyranitar|Tyranitar, M|100/100
|-weather|Sandstorm|[from] ability: Sand Stream|[of] p2a: Tyranitar
|move|p1a: Heatran|Taunt|p2a: Tyranitar
|-start|p2a: Tyranitar|move: Taunt
|
|-weather|Sandstorm|[upkeep]
|upkeep
|turn|2
|
|t:|1760300054
|switch|p1a: Ting-Lu|Ting-Lu|100/100
|-ability|p1a: Ting-Lu|Vessel of Ruin
|move|p2a: Tyranitar|Knock Off|p1a: Ting-Lu
|-resisted|p1a: Ting-Lu
|-damage|p1a: Ting-Lu|86/100
|-enditem|p1a: Ting-Lu|Leftovers|[from] move: Knock Off|[of] p2a: Tyranitar
|
|-weather|Sandstorm|[upkeep]
|upkeep
|turn|3
|
|t:|1760300064
|switch|p2a: Abomasnow|Abomasnow, M|100/100
|-weather|Snowscape|[from] ability: Snow Warning|[of] p2a: Abomasnow
|move|p1a: Ting-Lu|Ruination|p2a: Abomasnow
|-damage|p2a: Abomasnow|50/100
|
|-weather|Snowscape|[upkeep]
|upkeep
|turn|4
|
|t:|1760300073
|switch|p1a: Heatran|Heatran, F|100/100
|move|p2a: Abomasnow|Leech Seed|p1a: Heatran
|-start|p1a: Heatran|move: Leech Seed
|
|-weather|Snowscape|[upkeep]
|-damage|p1a: Heatran|88/100|[from] Leech Seed|[of] p2a: Abomasnow
|-heal|p2a: Abomasnow|62/100|[silent]
|upkeep
|turn|5
|
|t:|1760300083
|switch|p2a: Tyranitar|Tyranitar, M|100/100
|-weather|Sandstorm|[from] ability: Sand Stream|[of] p2a: Tyranitar
|move|p1a: Heatran|Stealth Rock|p2a: Tyranitar
|-sidestart|p2: xPainSeraphx|move: Stealth Rock
|
|-weather|Sandstorm|[upkeep]
|-heal|p1a: Heatran|94/100|[from] item: Leftovers
|-damage|p1a: Heatran|82/100|[from] Leech Seed|[of] p2a: Tyranitar
|upkeep
|turn|6
|
|t:|1760300093
|switch|p1a: Ting-Lu|Ting-Lu|86/100
|-ability|p1a: Ting-Lu|Vessel of Ruin
|move|p2a: Tyranitar|Low Kick|p1a: Ting-Lu
|-supereffective|p1a: Ting-Lu
|-damage|p1a: Ting-Lu|31/100
|
|-weather|Sandstorm|[upkeep]
|upkeep
|turn|7
|
|t:|1760300102
|switch|p1a: Weezing|Weezing-Galar, F|100/100
|-ability|p1a: Weezing|Neutralizing Gas
|move|p2a: Tyranitar|Low Kick|p1a: Weezing
|-resisted|p1a: Weezing
|-damage|p1a: Weezing|98/100
|
|-weather|Sandstorm|[upkeep]
|-damage|p1a: Weezing|92/100|[from] Sandstorm
|upkeep
|turn|8
|
|t:|1760300124
|switch|p2a: Corviknight|Corviknight, M|100/100
|-damage|p2a: Corviknight|88/100|[from] Stealth Rock
|move|p1a: Weezing|Will-O-Wisp|p2a: Corviknight
|-status|p2a: Corviknight|brn
|
|-weather|Sandstorm|[upkeep]
|-damage|p1a: Weezing|86/100|[from] Sandstorm
|-heal|p2a: Corviknight|94/100 brn|[from] item: Leftovers
|-damage|p2a: Corviknight|88/100 brn|[from] brn
|upkeep
|turn|9
|
|t:|1760300137
|-end|p1a: Weezing|ability: Neutralizing Gas
|-ability|p2a: Corviknight|Pressure
|switch|p1a: Rillaboom|Rillaboom, F|100/100
|-fieldstart|move: Grassy Terrain|[from] ability: Grassy Surge|[of] p1a: Rillaboom
|move|p2a: Corviknight|Defog|p1a: Rillaboom
|-unboost|p1a: Rillaboom|evasion|1
|-sideend|p2: xPainSeraphx|Stealth Rock|[from] move: Defog|[of] p2a: Corviknight
|-fieldend|move: Grassy Terrain
|
|-weather|none
|-heal|p2a: Corviknight|94/100 brn|[from] item: Leftovers
|-damage|p2a: Corviknight|88/100 brn|[from] brn
|upkeep
|turn|10
|
|t:|1760300155
|switch|p1a: Dragapult|Dragapult, M|100/100
|switch|p2a: Abomasnow|Abomasnow, M|62/100
|-weather|Snowscape|[from] ability: Snow Warning|[of] p2a: Abomasnow
|
|-weather|Snowscape|[upkeep]
|upkeep
|turn|11
|inactive|xPainSeraphx has 120 seconds left.
|
|t:|1760300190
|switch|p2a: Tyranitar|Tyranitar, M|100/100
|-weather|Sandstorm|[from] ability: Sand Stream|[of] p2a: Tyranitar
|move|p1a: Dragapult|U-turn|p2a: Tyranitar
|-supereffective|p2a: Tyranitar
|-damage|p2a: Tyranitar|70/100
|
|t:|1760300196
|switch|p1a: Rillaboom|Rillaboom, F|100/100|[from] U-turn
|-fieldstart|move: Grassy Terrain|[from] ability: Grassy Surge|[of] p1a: Rillaboom
|
|-weather|Sandstorm|[upkeep]
|-damage|p1a: Rillaboom|94/100|[from] Sandstorm
|-heal|p1a: Rillaboom|100/100|[from] Grassy Terrain
|-heal|p2a: Tyranitar|76/100|[from] Grassy Terrain
|upkeep
|turn|12
|
|t:|1760300217
|switch|p2a: Abomasnow|Abomasnow, M|62/100
|-weather|Snowscape|[from] ability: Snow Warning|[of] p2a: Abomasnow
|move|p1a: Rillaboom|Knock Off|p2a: Abomasnow
|-damage|p2a: Abomasnow|34/100
|-enditem|p2a: Abomasnow|Light Clay|[from] move: Knock Off|[of] p1a: Rillaboom
|-damage|p1a: Rillaboom|91/100|[from] item: Life Orb
|
|-weather|Snowscape|[upkeep]
|-heal|p1a: Rillaboom|97/100|[from] Grassy Terrain
|-heal|p2a: Abomasnow|40/100|[from] Grassy Terrain
|upkeep
|turn|13
|
|t:|1760300229
|switch|p1a: Heatran|Heatran, F|82/100
|move|p2a: Abomasnow|Aurora Veil|p2a: Abomasnow
|-sidestart|p2: xPainSeraphx|move: Aurora Veil
|
|-weather|Snowscape|[upkeep]
|-heal|p1a: Heatran|88/100|[from] Grassy Terrain
|-heal|p1a: Heatran|94/100|[from] item: Leftovers
|-heal|p2a: Abomasnow|46/100|[from] Grassy Terrain
|upkeep
|turn|14
|
|t:|1760300238
|move|p1a: Heatran|Magma Storm|p2a: Abomasnow
|-supereffective|p2a: Abomasnow
|-damage|p2a: Abomasnow|0 fnt
|faint|p2a: Abomasnow
|
|-weather|Snowscape|[upkeep]
|-heal|p1a: Heatran|100/100|[from] Grassy Terrain
|upkeep
|inactive|xPainSeraphx has 90 seconds left.
|
|t:|1760300259
|switch|p2a: Tyranitar|Tyranitar, M|76/100
|-weather|Sandstorm|[from] ability: Sand Stream|[of] p2a: Tyranitar
|turn|15
|
|t:|1760300263
|switch|p1a: Weezing|Weezing-Galar, F|86/100
|-ability|p1a: Weezing|Neutralizing Gas
|move|p2a: Tyranitar|Earthquake|p1a: Weezing
|-supereffective|p1a: Weezing
|-damage|p1a: Weezing|59/100
|
|-weather|Sandstorm|[upkeep]
|-damage|p1a: Weezing|53/100|[from] Sandstorm
|-heal|p2a: Tyranitar|82/100|[from] Grassy Terrain
|-heal|p1a: Weezing|59/100|[from] Grassy Terrain
|-fieldend|move: Grassy Terrain
|upkeep
|turn|16
|
|t:|1760300277
|switch|p2a: Gholdengo|Gholdengo|100/100
|-item|p2a: Gholdengo|Air Balloon
|-end|p1a: Weezing|ability: Neutralizing Gas
|switch|p1a: Rillaboom|Rillaboom, F|97/100
|-fieldstart|move: Grassy Terrain|[from] ability: Grassy Surge|[of] p1a: Rillaboom
|
|-weather|Sandstorm|[upkeep]
|-damage|p1a: Rillaboom|91/100|[from] Sandstorm
|-heal|p1a: Rillaboom|97/100|[from] Grassy Terrain
|upkeep
|turn|17
|inactive|xPainSeraphx has 90 seconds left.
|
|t:|1760300301
|move|p1a: Rillaboom|Knock Off|p2a: Gholdengo
|-supereffective|p2a: Gholdengo
|-damage|p2a: Gholdengo|49/100
|-enditem|p2a: Gholdengo|Air Balloon
|-damage|p1a: Rillaboom|87/100|[from] item: Life Orb
|move|p2a: Gholdengo|Nasty Plot|p2a: Gholdengo
|-boost|p2a: Gholdengo|spa|2
|
|-weather|Sandstorm|[upkeep]
|-damage|p1a: Rillaboom|81/100|[from] Sandstorm
|-heal|p1a: Rillaboom|87/100|[from] Grassy Terrain
|-heal|p2a: Gholdengo|56/100|[from] Grassy Terrain
|-sideend|p2: xPainSeraphx|move: Aurora Veil
|upkeep
|turn|18
|inactive|xPainSeraphx has 90 seconds left.
|
|t:|1760300316
|switch|p1a: Ting-Lu|Ting-Lu|31/100
|-ability|p1a: Ting-Lu|Vessel of Ruin
|-terastallize|p2a: Gholdengo|Electric
|move|p2a: Gholdengo|Make It Rain|p1a: Ting-Lu
|-damage|p1a: Ting-Lu|0 fnt
|-unboost|p2a: Gholdengo|spa|1
|faint|p1a: Ting-Lu
|
|-weather|Sandstorm|[upkeep]
|-damage|p2a: Gholdengo|49/100|[from] Sandstorm
|-heal|p2a: Gholdengo|56/100|[from] Grassy Terrain
|upkeep
|
|t:|1760300324
|switch|p1a: Heatran|Heatran, F|100/100
|turn|19
|inactive|xPainSeraphx has 90 seconds left.
|
|t:|1760300333
|switch|p2a: Tyranitar|Tyranitar, M|82/100
|move|p1a: Heatran|Earth Power|p2a: Tyranitar
|-supereffective|p2a: Tyranitar
|-damage|p2a: Tyranitar|61/100
|
|-weather|none
|-heal|p2a: Tyranitar|67/100|[from] Grassy Terrain
|upkeep
|turn|20
|
|t:|1760300343
|switch|p1a: Weezing|Weezing-Galar, F|59/100
|-ability|p1a: Weezing|Neutralizing Gas
|move|p2a: Tyranitar|Rock Tomb|p1a: Weezing
|-damage|p1a: Weezing|35/100
|-unboost|p1a: Weezing|spe|1
|
|-heal|p2a: Tyranitar|73/100|[from] Grassy Terrain
|-heal|p1a: Weezing|41/100|[from] Grassy Terrain
|-fieldend|move: Grassy Terrain
|upkeep
|turn|21
|inactive|xPainSeraphx has 90 seconds left.
|
|t:|1760300367
|switch|p2a: Ursaluna|Ursaluna, M|100/100
|-end|p1a: Weezing|ability: Neutralizing Gas
|switch|p1a: Rillaboom|Rillaboom, F|87/100
|-fieldstart|move: Grassy Terrain|[from] ability: Grassy Surge|[of] p1a: Rillaboom
|
|-heal|p1a: Rillaboom|93/100|[from] Grassy Terrain
|-status|p2a: Ursaluna|brn|[from] item: Flame Orb
|upkeep
|turn|22
|inactive|xPainSeraphx has 90 seconds left.
|
|t:|1760300379
|switch|p1a: Weezing|Weezing-Galar, F|41/100
|-ability|p1a: Weezing|Neutralizing Gas
|switch|p2a: Corviknight|Corviknight, M|88/100 brn
|
|-heal|p2a: Corviknight|94/100 brn|[from] item: Leftovers
|-heal|p1a: Weezing|47/100|[from] Grassy Terrain
|-damage|p2a: Corviknight|88/100 brn|[from] brn
|upkeep
|turn|23
|inactive|xPainSeraphx has 90 seconds left.
|
|t:|1760300391
|switch|p2a: Ursaluna|Ursaluna, M|100/100 brn
|move|p1a: Weezing|Pain Split|p2a: Ursaluna
|-sethp|p2a: Ursaluna|69/100 brn|[from] move: Pain Split|[silent]
|-sethp|p1a: Weezing|85/100|[from] move: Pain Split
|
|-heal|p1a: Weezing|91/100|[from] Grassy Terrain
|-heal|p2a: Ursaluna|75/100 brn|[from] Grassy Terrain
|-damage|p2a: Ursaluna|69/100 brn|[from] brn
|upkeep
|turn|24
|inactive|xPainSeraphx has 90 seconds left.
|
|t:|1760300410
|-end|p1a: Weezing|ability: Neutralizing Gas
|switch|p1a: Dragapult|Dragapult, M|100/100
|move|p2a: Ursaluna|Facade|p1a: Dragapult
|-immune|p1a: Dragapult
|
|-heal|p2a: Ursaluna|75/100 brn|[from] Grassy Terrain
|-damage|p2a: Ursaluna|69/100 brn|[from] brn
|upkeep
|turn|25
|
|t:|1760300420
|move|p1a: Dragapult|Draco Meteor|p2a: Ursaluna
|-damage|p2a: Ursaluna|18/100 brn
|-unboost|p1a: Dragapult|spa|2
|move|p2a: Ursaluna|Headlong Rush|p1a: Dragapult
|-damage|p1a: Dragapult|0 fnt
|-unboost|p2a: Ursaluna|def|1
|-unboost|p2a: Ursaluna|spd|1
|faint|p1a: Dragapult
|
|-heal|p2a: Ursaluna|24/100 brn|[from] Grassy Terrain
|-damage|p2a: Ursaluna|18/100 brn|[from] brn
|-fieldend|move: Grassy Terrain
|upkeep
|
|t:|1760300428
|switch|p1a: Rillaboom|Rillaboom, F|93/100
|-fieldstart|move: Grassy Terrain|[from] ability: Grassy Surge|[of] p1a: Rillaboom
|turn|26
|inactive|xPainSeraphx has 90 seconds left.
|
|t:|1760300438
|switch|p2a: Corviknight|Corviknight, M|88/100 brn
|-ability|p2a: Corviknight|Pressure
|move|p1a: Rillaboom|Knock Off|p2a: Corviknight
|-damage|p2a: Corviknight|54/100 brn
|-enditem|p2a: Corviknight|Leftovers|[from] move: Knock Off|[of] p1a: Rillaboom
|-damage|p1a: Rillaboom|83/100|[from] item: Life Orb
|
|-heal|p1a: Rillaboom|89/100|[from] Grassy Terrain
|-damage|p2a: Corviknight|48/100 brn|[from] brn
|upkeep
|turn|27
|inactive|xPainSeraphx has 90 seconds left.
|
|t:|1760300451
|switch|p1a: Tornadus|Tornadus-Therian, M|100/100
|move|p2a: Corviknight|Roost|p2a: Corviknight
|-heal|p2a: Corviknight|98/100 brn
|-singleturn|p2a: Corviknight|move: Roost
|
|-heal|p2a: Corviknight|100/100 brn|[from] Grassy Terrain
|-damage|p2a: Corviknight|94/100 brn|[from] brn
|upkeep
|turn|28
|inactive|xPainSeraphx has 90 seconds left.
|
|t:|1760300468
|switch|p2a: Tyranitar|Tyranitar, M|73/100
|-weather|Sandstorm|[from] ability: Sand Stream|[of] p2a: Tyranitar
|move|p1a: Tornadus|Nasty Plot|p1a: Tornadus
|-boost|p1a: Tornadus|spa|2
|
|-weather|Sandstorm|[upkeep]
|-damage|p1a: Tornadus|94/100|[from] Sandstorm
|-heal|p2a: Tyranitar|80/100|[from] Grassy Terrain
|upkeep
|turn|29
|inactive|xPainSeraphx has 90 seconds left.
|
|t:|1760300480
|move|p1a: Tornadus|Grass Knot|p2a: Tyranitar
|-supereffective|p2a: Tyranitar
|-damage|p2a: Tyranitar|10/100
|-damage|p1a: Tornadus|85/100|[from] item: Life Orb
|move|p2a: Tyranitar|Rock Tomb|p1a: Tornadus
|-supereffective|p1a: Tornadus
|-damage|p1a: Tornadus|0 fnt
|faint|p1a: Tornadus
|
|-weather|Sandstorm|[upkeep]
|-heal|p2a: Tyranitar|16/100|[from] Grassy Terrain
|upkeep
|
|t:|1760300495
|switch|p1a: Heatran|Heatran, F|100/100
|turn|30
|inactive|xPainSeraphx has 90 seconds left.
|
|t:|1760300507
|move|p1a: Heatran|Earth Power|p2a: Tyranitar
|-supereffective|p2a: Tyranitar
|-damage|p2a: Tyranitar|0 fnt
|faint|p2a: Tyranitar
|
|-weather|Sandstorm|[upkeep]
|-fieldend|move: Grassy Terrain
|upkeep
|inactive|xPainSeraphx has 90 seconds left.
|
|t:|1760300523
|switch|p2a: Ursaluna|Ursaluna, M|18/100 brn
|turn|31
|
|t:|1760300531
|move|p1a: Heatran|Earth Power|p2a: Ursaluna
|-damage|p2a: Ursaluna|0 fnt
|faint|p2a: Ursaluna
|
|-weather|Sandstorm|[upkeep]
|upkeep
|
|t:|1760300540
|switch|p2a: Corviknight|Corviknight, M|94/100 brn
|-ability|p2a: Corviknight|Pressure
|turn|32
|inactive|xPainSeraphx has 90 seconds left.
|
|t:|1760300546
|move|p1a: Heatran|Magma Storm|p2a: Corviknight
|-supereffective|p2a: Corviknight
|-damage|p2a: Corviknight|9/100 brn
|-activate|p2a: Corviknight|move: Magma Storm|[of] p1a: Heatran
|move|p2a: Corviknight|Body Press|p1a: Heatran
|-supereffective|p1a: Heatran
|-damage|p1a: Heatran|79/100
|
|-weather|none
|-heal|p1a: Heatran|85/100|[from] item: Leftovers
|-damage|p2a: Corviknight|3/100 brn|[from] brn
|-damage|p2a: Corviknight|0 fnt|[from] move: Magma Storm|[partiallytrapped]
|faint|p2a: Corviknight
|upkeep
|inactive|xPainSeraphx has 90 seconds left.
|
|t:|1760300560
|switch|p2a: Gholdengo|Gholdengo, tera:Electric|56/100
|turn|33
|inactive|xPainSeraphx has 90 seconds left.
|
|t:|1760300571
|move|p1a: Heatran|Earth Power|p2a: Gholdengo
|-supereffective|p2a: Gholdengo
|-damage|p2a: Gholdengo|0 fnt
|faint|p2a: Gholdengo
|
|-heal|p1a: Heatran|91/100|[from] item: Leftovers
|upkeep
|-message|xPainSeraphx forfeited.
|
|win|Passhie
|raw|Passhie's rating: 1327 &rarr; <strong>1348</strong><br />(+21 for winning)
|raw|xPainSeraphx's rating: 1350 &rarr; <strong>1329</strong><br />(-21 for losing)
|l|☆xPainSeraphx
|player|p2|
|l|☆Passhie
|player|p1|
