|j|☆ShadowAdjutant
|j|☆dmoneytookyourgirl
|t:|1760344195
|gametype|singles
|player|p1|ShadowAdjutant|dawn-gen4pt|1111
|player|p2|dmoneytookyourgirl|harlequin|1107
|gen|9
|tier|[Gen 9] OU
|rated|
|rule|HP Percentage Mod: HP is shown in percentages
|rule|Endless Battle Clause: Forcing endless battles is banned
|rule|Species Clause: Limit one of each Pokémon
|rule|OHKO Clause: OHKO moves are banned
|rule|Evasion Items Clause: Evasion items are banned
|rule|Evasion Moves Clause: Evasion moves are banned
|rule|Evasion Abilities Clause: Evasion abilities are banned
|rule|Sleep Moves Clause: Sleep-inducing moves are banned
|clearpoke
|poke|p1|Ceruledge, F|
|poke|p1|Iron Valiant|
|poke|p1|Pachirisu, F|
|poke|p1|Garchomp, F|
|poke|p1|Samurott-Hisui, F|
|poke|p1|Frosmoth, F|
|poke|p2|Arcanine-Hisui, F|
|poke|p2|Corviknight, F|
|poke|p2|Garchomp, M|
|poke|p2|Alomomola, F|
|poke|p2|Ursaluna, M|
|poke|p2|Rotom-Wash|
|teampreview
|j| Ronieboy3210
|
|t:|1760344206
|teamsize|p1|6
|teamsize|p2|6
|start
|switch|p1a: Pachirisu|Pachirisu, F|100/100
|switch|p2a: Garchomp|Garchomp, M|100/100
|turn|1
|
|t:|1760344221
|move|p1a: Pachirisu|U-turn|p2a: Garchomp
|-damage|p2a: Garchomp|95/100
|-damage|p1a: Pachirisu|88/100|[from] ability: Rough Skin|[of] p2a: Garchomp
|-damage|p1a: Pachirisu|71/100|[from] item: Rocky Helmet|[of] p2a: Garchomp
|l| Ronieboy3210
|
|t:|1760344234
|switch|p1a: Samurott|Samurott-Hisui, F, shiny|100/100|[from] U-turn
|move|p2a: Garchomp|Stealth Rock|p1a: Samurott
|-sidestart|p1: ShadowAdjutant|move: Stealth Rock
|
|upkeep
|turn|2
|
|t:|1760344262
|switch|p2a: Corviknight|Corviknight, F|100/100
|move|p1a: Samurott|Aqua Cutter|p2a: Corviknight
|-damage|p2a: Corviknight|75/100
|
|upkeep
|turn|3
|
|t:|1760344284
|switch|p1a: Ceruledge|Ceruledge, F|100/100
|-damage|p1a: Ceruledge|76/100|[from] Stealth Rock
|move|p2a: Corviknight|Body Press|p1a: Ceruledge
|-immune|p1a: Ceruledge
|
|upkeep
|turn|4
|
|t:|1760344296
|switch|p2a: Garchomp|Garchomp, M|95/100
|move|p1a: Ceruledge|Bitter Blade|p2a: Garchomp
|-resisted|p2a: Garchomp
|-damage|p2a: Garchomp|84/100
|-heal|p1a: Ceruledge|82/100|[from] drain|[of] p2a: Garchomp
|-damage|p1a: Ceruledge|70/100|[from] ability: Rough Skin|[of] p2a: Garchomp
|-damage|p1a: Ceruledge|53/100|[from] item: Rocky Helmet|[of] p2a: Garchomp
|
|upkeep
|turn|5
|
|t:|1760344312
|switch|p1a: Samurott|Samurott-Hisui, F, shiny|100/100
|-damage|p1a: Samurott|88/100|[from] Stealth Rock
|move|p2a: Garchomp|Swords Dance|p2a: Garchomp
|-boost|p2a: Garchomp|atk|2
|
|upkeep
|turn|6
|
|t:|1760344323
|move|p2a: Garchomp|Earthquake|p1a: Samurott
|-damage|p1a: Samurott|18/100
|move|p1a: Samurott|Sacred Sword|p2a: Garchomp
|-damage|p2a: Garchomp|60/100
|-damage|p1a: Samurott|6/100|[from] ability: Rough Skin|[of] p2a: Garchomp
|-damage|p1a: Samurott|0 fnt|[from] item: Rocky Helmet|[of] p2a: Garchomp
|faint|p1a: Samurott
|
|upkeep
|
|t:|1760344341
|switch|p1a: Frosmoth|Frosmoth, F, shiny|100/100
|turn|7
|
|t:|1760344364
|switch|p2a: Arcanine|Arcanine-Hisui, F|100/100
|move|p1a: Frosmoth|Blizzard|p2a: Arcanine|[miss]
|-miss|p1a: Frosmoth|p2a: Arcanine
|
|upkeep
|turn|8
|
|t:|1760344379
|switch|p1a: Ceruledge|Ceruledge, F|53/100
|-damage|p1a: Ceruledge|28/100|[from] Stealth Rock
|move|p2a: Arcanine|Will-O-Wisp|p1a: Ceruledge
|-start|p1a: Ceruledge|ability: Flash Fire
|
|upkeep
|turn|9
|
|t:|1760344393
|move|p2a: Arcanine|Head Smash|p1a: Ceruledge
|-supereffective|p1a: Ceruledge
|-damage|p1a: Ceruledge|0 fnt
|faint|p1a: Ceruledge
|
|upkeep
|
|t:|1760344408
|switch|p1a: Iron Valiant|Iron Valiant|100/100
|-damage|p1a: Iron Valiant|94/100|[from] Stealth Rock
|-enditem|p1a: Iron Valiant|Booster Energy
|-activate|p1a: Iron Valiant|ability: Quark Drive|[fromitem]
|-start|p1a: Iron Valiant|quarkdriveatk
|turn|10
|
|t:|1760344434
|switch|p2a: Rotom|Rotom-Wash|100/100
|move|p1a: Iron Valiant|Drain Punch|p2a: Rotom
|-damage|p2a: Rotom|43/100
|-heal|p1a: Iron Valiant|100/100|[from] drain|[of] p2a: Rotom
|
|-heal|p2a: Rotom|50/100|[from] item: Leftovers
|upkeep
|turn|11
|
|t:|1760344460
|move|p1a: Iron Valiant|Spirit Break|p2a: Rotom
|-damage|p2a: Rotom|0 fnt
|faint|p2a: Rotom
|
|upkeep
|
|t:|1760344479
|switch|p2a: Corviknight|Corviknight, F|75/100
|turn|12
|
|t:|1760344493
|move|p1a: Iron Valiant|Psycho Cut|p2a: Corviknight
|-resisted|p2a: Corviknight
|-damage|p2a: Corviknight|66/100
|move|p2a: Corviknight|Body Press|p1a: Iron Valiant
|-resisted|p1a: Iron Valiant
|-damage|p1a: Iron Valiant|84/100
|
|upkeep
|turn|13
|
|t:|1760344503
|move|p1a: Iron Valiant|Swords Dance|p1a: Iron Valiant
|-boost|p1a: Iron Valiant|atk|2
|move|p2a: Corviknight|Body Press|p1a: Iron Valiant
|-resisted|p1a: Iron Valiant
|-damage|p1a: Iron Valiant|68/100
|
|upkeep
|turn|14
|
|t:|1760344529
|switch|p2a: Garchomp|Garchomp, M|60/100
|move|p1a: Iron Valiant|Swords Dance|p1a: Iron Valiant
|-boost|p1a: Iron Valiant|atk|2
|
|upkeep
|turn|15
|
|t:|1760344547
|-terastallize|p2a: Garchomp|Dragon
|move|p1a: Iron Valiant|Drain Punch|p2a: Garchomp
|-damage|p2a: Garchomp|0 fnt
|-heal|p1a: Iron Valiant|100/100|[from] drain|[of] p2a: Garchomp
|-damage|p1a: Iron Valiant|88/100|[from] ability: Rough Skin|[of] p2a: Garchomp
|-damage|p1a: Iron Valiant|72/100|[from] item: Rocky Helmet|[of] p2a: Garchomp
|faint|p2a: Garchomp
|
|upkeep
|
|t:|1760344565
|switch|p2a: Ursaluna|Ursaluna, M|100/100
|turn|16
|
|t:|1760344575
|move|p1a: Iron Valiant|Drain Punch|p2a: Ursaluna
|-supereffective|p2a: Ursaluna
|-damage|p2a: Ursaluna|0 fnt
|-heal|p1a: Iron Valiant|100/100|[from] drain|[of] p2a: Ursaluna
|faint|p2a: Ursaluna
|
|upkeep
|-message|dmoneytookyourgirl forfeited.
|
|win|ShadowAdjutant
|raw|ShadowAdjutant's rating: 1111 &rarr; <strong>1136</strong><br />(+25 for winning)
|raw|dmoneytookyourgirl's rating: 1107 &rarr; <strong>1082</strong><br />(-25 for losing)
|l|☆dmoneytookyourgirl
|player|p2|
