|j|☆sgCURRY3
|j|‽Legends of ZA
|t:|1760415453
|gametype|singles
|player|p1|sgCURRY3|cynthia|1414
|player|p2|Legends of ZA|unknownf|1387
|gen|9
|tier|[Gen 9] OU
|rated|
|rule|HP Percentage Mod: HP is shown in percentages
|rule|Endless Battle Clause: Forcing endless battles is banned
|rule|Species Clause: Limit one of each Pokémon
|rule|OHKO Clause: OHKO moves are banned
|rule|Evasion Items Clause: Evasion items are banned
|rule|Evasion Moves Clause: Evasion moves are banned
|rule|Evasion Abilities Clause: Evasion abilities are banned
|rule|Sleep Moves Clause: Sleep-inducing moves are banned
|clearpoke
|poke|p1|Greninja-*, M|
|poke|p1|Dragapult, F|
|poke|p1|Glimmora, F|
|poke|p1|Corviknight, M|
|poke|p1|Great Tusk|
|poke|p1|Hoopa-Unbound|
|poke|p2|Alomomola, F|
|poke|p2|Garchomp, F|
|poke|p2|Darkrai|
|poke|p2|Iron Crown|
|poke|p2|Rillaboom, F|
|poke|p2|Hatterene, F|
|teampreview
|inactive|Battle timer is ON: inactive players will automatically lose when time's up. (requested by sgCURRY3)
|
|t:|1760415477
|teamsize|p1|6
|teamsize|p2|6
|start
|switch|p1a: 狠人|Hoopa-Unbound|100/100
|switch|p2a: Iron Crown|Iron Crown|100/100
|turn|1
|inactive|Legends of ZA has 120 seconds left.
|
|t:|1760415517
|move|p2a: Iron Crown|Volt Switch|p1a: 狠人
|-damage|p1a: 狠人|73/100
|
|t:|1760415524
|-end|p2a: Iron Crown|Quark Drive|[silent]
|switch|p2a: Garchomp|Garchomp, F|100/100|[from] Volt Switch
|move|p1a: 狠人|Hyperspace Fury|p2a: Garchomp
|-damage|p2a: Garchomp|42/100
|-unboost|p1a: 狠人|def|1
|
|upkeep
|turn|2
|
|t:|1760415549
|switch|p1a: 盔甲鸟|Corviknight, M|100/100
|-ability|p1a: 盔甲鸟|Pressure
|move|p2a: Garchomp|Earthquake|p1a: 盔甲鸟
|-immune|p1a: 盔甲鸟
|
|upkeep
|turn|3
|inactive|Legends of ZA has 120 seconds left.
|
|t:|1760415556
|move|p2a: Garchomp|Stealth Rock|p1a: 盔甲鸟
|-sidestart|p1: sgCURRY3|move: Stealth Rock
|move|p1a: 盔甲鸟|U-turn|p2a: Garchomp
|-damage|p2a: Garchomp|33/100
|-damage|p1a: 盔甲鸟|88/100|[from] ability: Rough Skin|[of] p2a: Garchomp
|-damage|p1a: 盔甲鸟|71/100|[from] item: Rocky Helmet|[of] p2a: Garchomp
|
|t:|1760415563
|switch|p1a: 猛犸象|Great Tusk, shiny|100/100|[from] U-turn
|-damage|p1a: 猛犸象|98/100|[from] Stealth Rock
|
|upkeep
|turn|4
|
|t:|1760415567
|move|p1a: 猛犸象|Rapid Spin|p2a: Garchomp
|-damage|p2a: Garchomp|22/100
|-boost|p1a: 猛犸象|spe|1
|-damage|p1a: 猛犸象|85/100|[from] ability: Rough Skin|[of] p2a: Garchomp
|-damage|p1a: 猛犸象|69/100|[from] item: Rocky Helmet|[of] p2a: Garchomp
|-sideend|p1: sgCURRY3|Stealth Rock|[from] move: Rapid Spin|[of] p1a: 猛犸象
|move|p2a: Garchomp|Earthquake|p1a: 猛犸象
|-damage|p1a: 猛犸象|37/100
|
|upkeep
|turn|5
|
|t:|1760415577
|move|p1a: 猛犸象|Ice Spinner|p2a: Garchomp
|-supereffective|p2a: Garchomp
|-damage|p2a: Garchomp|0 fnt
|-damage|p1a: 猛犸象|24/100|[from] ability: Rough Skin|[of] p2a: Garchomp
|-damage|p1a: 猛犸象|8/100|[from] item: Rocky Helmet|[of] p2a: Garchomp
|faint|p2a: Garchomp
|
|upkeep
|
|t:|1760415583
|switch|p2a: Rillaboom|Rillaboom, F|100/100
|-fieldstart|move: Grassy Terrain|[from] ability: Grassy Surge|[of] p2a: Rillaboom
|turn|6
|
|t:|1760415588
|-end|p1a: 猛犸象|Protosynthesis|[silent]
|switch|p1a: 开出钉子就赢|Glimmora, F|100/100
|move|p2a: Rillaboom|U-turn|p1a: 开出钉子就赢
|-resisted|p1a: 开出钉子就赢
|-damage|p1a: 开出钉子就赢|87/100
|-activate|p1a: 开出钉子就赢|ability: Toxic Debris
|-sidestart|p2: Legends of ZA|move: Toxic Spikes
|
|t:|1760415598
|switch|p2a: Darkrai|Darkrai|100/100|[from] U-turn
|
|-heal|p1a: 开出钉子就赢|93/100|[from] Grassy Terrain
|upkeep
|turn|7
|
|t:|1760415606
|-terastallize|p2a: Darkrai|Poison
|move|p2a: Darkrai|Nasty Plot|p2a: Darkrai
|-boost|p2a: Darkrai|spa|2
|move|p1a: 开出钉子就赢|Stealth Rock|p2a: Darkrai
|-sidestart|p2: Legends of ZA|move: Stealth Rock
|
|-heal|p1a: 开出钉子就赢|99/100|[from] Grassy Terrain
|upkeep
|turn|8
|
|t:|1760415613
|move|p2a: Darkrai|Dark Pulse|p1a: 开出钉子就赢
|-damage|p1a: 开出钉子就赢|0 fnt
|faint|p1a: 开出钉子就赢
|
|upkeep
|
|t:|1760415620
|switch|p1a: 黄毛|Dragapult, F, shiny|100/100
|turn|9
|
|t:|1760415624
|switch|p2a: Alomomola|Alomomola, F|100/100
|-status|p2a: Alomomola|psn
|-damage|p2a: Alomomola|88/100 psn|[from] Stealth Rock
|move|p1a: 黄毛|Draco Meteor|p2a: Alomomola
|-damage|p2a: Alomomola|44/100 psn
|-unboost|p1a: 黄毛|spa|2
|
|-heal|p2a: Alomomola|50/100 psn|[from] Grassy Terrain
|-damage|p2a: Alomomola|38/100 psn|[from] psn
|upkeep
|turn|10
|
|t:|1760415634
|switch|p1a: 盔甲鸟|Corviknight, M|71/100
|-ability|p1a: 盔甲鸟|Pressure
|move|p2a: Alomomola|Mirror Coat||[still]
|-fail|p2a: Alomomola
|
|-heal|p2a: Alomomola|44/100 psn|[from] Grassy Terrain
|-damage|p2a: Alomomola|32/100 psn|[from] psn
|-fieldend|move: Grassy Terrain
|upkeep
|turn|11
|
|t:|1760415639
|move|p1a: 盔甲鸟|Roost|p1a: 盔甲鸟
|-heal|p1a: 盔甲鸟|100/100
|-singleturn|p1a: 盔甲鸟|move: Roost
|move|p2a: Alomomola|Flip Turn|p1a: 盔甲鸟
|-damage|p1a: 盔甲鸟|90/100
|-damage|p2a: Alomomola|15/100 psn|[from] item: Rocky Helmet|[of] p1a: 盔甲鸟
|
|t:|1760415643
|switch|p2a: Darkrai|Darkrai, tera:Poison|100/100|[from] Flip Turn
|-sideend|p2: Legends of ZA|move: Toxic Spikes|[of] p2a: Darkrai
|
|upkeep
|turn|12
|
|t:|1760415648
|move|p2a: Darkrai|Dark Pulse|p1a: 盔甲鸟
|-damage|p1a: 盔甲鸟|54/100
|move|p1a: 盔甲鸟|U-turn|p2a: Darkrai
|-resisted|p2a: Darkrai
|-damage|p2a: Darkrai|90/100
|
|t:|1760415652
|switch|p1a: 黄毛|Dragapult, F, shiny|100/100|[from] U-turn
|
|upkeep
|turn|13
|
|t:|1760415657
|switch|p2a: Hatterene|Hatterene, F|100/100
|-damage|p2a: Hatterene|88/100|[from] Stealth Rock
|move|p1a: 黄毛|Draco Meteor|p2a: Hatterene
|-immune|p2a: Hatterene
|
|-heal|p2a: Hatterene|94/100|[from] item: Leftovers
|upkeep
|turn|14
|
|t:|1760415664
|switch|p1a: 狠人|Hoopa-Unbound|73/100
|move|p2a: Hatterene|Nuzzle|p1a: 狠人
|-damage|p1a: 狠人|68/100
|-status|p1a: 狠人|par
|
|-heal|p2a: Hatterene|99/100|[from] item: Leftovers
|upkeep
|turn|15
|
|t:|1760415678
|move|p2a: Hatterene|Draining Kiss|p1a: 狠人
|-supereffective|p1a: 狠人
|-damage|p1a: 狠人|37/100 par
|-heal|p2a: Hatterene|100/100|[from] drain|[of] p1a: 狠人
|move|p1a: 狠人|Gunk Shot|p2a: Hatterene
|-supereffective|p2a: Hatterene
|-damage|p2a: Hatterene|0 fnt
|faint|p2a: Hatterene
|
|upkeep
|
|t:|1760415684
|switch|p2a: Iron Crown|Iron Crown|100/100
|-damage|p2a: Iron Crown|94/100|[from] Stealth Rock
|turn|16
|
|t:|1760415693
|switch|p1a: 猛犸象|Great Tusk, shiny|8/100
|move|p2a: Iron Crown|Tachyon Cutter|p1a: 猛犸象
|-damage|p1a: 猛犸象|0 fnt
|faint|p1a: 猛犸象
|-end|p1a: 猛犸象|Protosynthesis|[silent]
|-hitcount|p1: 猛犸象|1
|
|upkeep
|
|t:|1760415700
|switch|p1a: sgcurry3版忍蛙|Greninja, M|100/100
|turn|17
|
|t:|1760415704
|-end|p2a: Iron Crown|Quark Drive|[silent]
|switch|p2a: Rillaboom|Rillaboom, F|100/100
|-damage|p2a: Rillaboom|88/100|[from] Stealth Rock
|-fieldstart|move: Grassy Terrain|[from] ability: Grassy Surge|[of] p2a: Rillaboom
|move|p1a: sgcurry3版忍蛙|Dark Pulse|p2a: Rillaboom
|-damage|p2a: Rillaboom|27/100
|-damage|p1a: sgcurry3版忍蛙|91/100|[from] item: Life Orb
|
|-heal|p2a: Rillaboom|33/100|[from] Grassy Terrain
|-heal|p1a: sgcurry3版忍蛙|97/100|[from] Grassy Terrain
|upkeep
|turn|18
|
|t:|1760415714
|switch|p2a: Iron Crown|Iron Crown|94/100
|-damage|p2a: Iron Crown|88/100|[from] Stealth Rock
|switch|p1a: 盔甲鸟|Corviknight, M|54/100
|-ability|p1a: 盔甲鸟|Pressure
|
|-heal|p2a: Iron Crown|94/100|[from] Grassy Terrain
|upkeep
|turn|19
|
|t:|1760415723
|move|p2a: Iron Crown|Volt Switch|p1a: 盔甲鸟
|-supereffective|p1a: 盔甲鸟
|-damage|p1a: 盔甲鸟|0 fnt
|faint|p1a: 盔甲鸟
|
|t:|1760415729
|-end|p2a: Iron Crown|Quark Drive|[silent]
|switch|p2a: Rillaboom|Rillaboom, F|33/100|[from] Volt Switch
|-damage|p2a: Rillaboom|21/100|[from] Stealth Rock
|
|-heal|p2a: Rillaboom|27/100|[from] Grassy Terrain
|upkeep
|
|t:|1760415733
|switch|p1a: 黄毛|Dragapult, F, shiny|100/100
|turn|20
|
|t:|1760415736
|move|p2a: Rillaboom|Knock Off|p1a: 黄毛
|-supereffective|p1a: 黄毛
|-damage|p1a: 黄毛|9/100
|-enditem|p1a: 黄毛|Choice Specs|[from] move: Knock Off|[of] p2a: Rillaboom
|move|p1a: 黄毛|Shadow Ball|p2a: Rillaboom
|-damage|p2a: Rillaboom|0 fnt
|faint|p2a: Rillaboom
|
|-heal|p1a: 黄毛|15/100|[from] Grassy Terrain
|upkeep
|
|t:|1760415744
|switch|p2a: Darkrai|Darkrai, tera:Poison|90/100
|turn|21
|
|t:|1760415750
|switch|p2a: Alomomola|Alomomola, F|48/100 psn
|-damage|p2a: Alomomola|36/100 psn|[from] Stealth Rock
|move|p1a: 黄毛|Draco Meteor|p2a: Alomomola
|-damage|p2a: Alomomola|7/100 psn
|-unboost|p1a: 黄毛|spa|2
|
|-heal|p1a: 黄毛|21/100|[from] Grassy Terrain
|-heal|p2a: Alomomola|13/100 psn|[from] Grassy Terrain
|-damage|p2a: Alomomola|1/100 psn|[from] psn
|-fieldend|move: Grassy Terrain
|upkeep
|turn|22
|
|t:|1760415756
|move|p2a: Alomomola|Aqua Jet|p1a: 黄毛
|-resisted|p1a: 黄毛
|-damage|p1a: 黄毛|13/100
|move|p1a: 黄毛|U-turn|p2a: Alomomola
|-damage|p2a: Alomomola|0 fnt
|faint|p2a: Alomomola
|
|t:|1760415761
|switch|p1a: sgcurry3版忍蛙|Greninja, M|97/100|[from] U-turn
|
|upkeep
|
|t:|1760415765
|switch|p2a: Darkrai|Darkrai, tera:Poison|90/100
|turn|23
|
|t:|1760415768
|-terastallize|p1a: sgcurry3版忍蛙|Water
|move|p2a: Darkrai|Focus Blast|p1a: sgcurry3版忍蛙
|-damage|p1a: sgcurry3版忍蛙|27/100
|-unboost|p1a: sgcurry3版忍蛙|spd|1
|move|p1a: sgcurry3版忍蛙|Hydro Pump|p2a: Darkrai
|-crit|p2a: Darkrai
|-damage|p2a: Darkrai|0 fnt
|faint|p2a: Darkrai
|-ability|p1a: sgcurry3版忍蛙|Battle Bond|boost
|-boost|p1a: sgcurry3版忍蛙|atk|1
|-boost|p1a: sgcurry3版忍蛙|spa|1
|-boost|p1a: sgcurry3版忍蛙|spe|1
|-activate|p1a: sgcurry3版忍蛙|ability: Battle Bond
|-damage|p1a: sgcurry3版忍蛙|17/100|[from] item: Life Orb
|
|upkeep
|
|t:|1760415773
|switch|p2a: Iron Crown|Iron Crown|94/100
|-damage|p2a: Iron Crown|88/100|[from] Stealth Rock
|turn|24
|
|t:|1760415778
|move|p1a: sgcurry3版忍蛙|Dark Pulse|p2a: Iron Crown
|-supereffective|p2a: Iron Crown
|-damage|p2a: Iron Crown|0 fnt
|faint|p2a: Iron Crown
|-end|p2a: Iron Crown|Quark Drive|[silent]
|-damage|p1a: sgcurry3版忍蛙|7/100|[from] item: Life Orb
|
|win|sgCURRY3
|raw|sgCURRY3's rating: 1414 &rarr; <strong>1432</strong><br />(+18 for winning)
|raw|Legends of ZA's rating: 1387 &rarr; <strong>1369</strong><br />(-18 for losing)
|l|☆sgCURRY3
|player|p1|
