|j|☆witdflow
|j|☆ThiefYT
|t:|1760330014
|gametype|singles
|player|p1|witdflow|norman|1251
|player|p2|ThiefYT|dawn|1208
|gen|9
|tier|[Gen 9] OU
|rated|
|rule|HP Percentage Mod: HP is shown in percentages
|rule|Endless Battle Clause: Forcing endless battles is banned
|rule|Species Clause: Limit one of each Pokémon
|rule|OHKO Clause: OHKO moves are banned
|rule|Evasion Items Clause: Evasion items are banned
|rule|Evasion Moves Clause: Evasion moves are banned
|rule|Evasion Abilities Clause: Evasion abilities are banned
|rule|Sleep Moves Clause: Sleep-inducing moves are banned
|clearpoke
|poke|p1|Slowking-Galar, M|
|poke|p1|Ting-Lu|
|poke|p1|Dondozo, M|
|poke|p1|Clefable, F|
|poke|p1|Ditto|
|poke|p1|Alomomola, F|
|poke|p2|Latias, F|
|poke|p2|Uxie|
|poke|p2|Dragonite, F|
|poke|p2|Clefable, F|
|poke|p2|Rabsca, F|
|poke|p2|Latios, M|
|teampreview
|
|t:|1760330022
|teamsize|p1|6
|teamsize|p2|6
|start
|switch|p1a: Ditto|Ditto|100/100
|switch|p2a: Uxie|Uxie|100/100
|-transform|p1a: Ditto|p2a: Uxie|[from] ability: Imposter
|turn|1
|inactive|Battle timer is ON: inactive players will automatically lose when time's up. (requested by ThiefYT)
|c|☆witdflow|quite an interesting looking team
|c|☆ThiefYT|Yep
|
|t:|1760330037
|move|p2a: Uxie|Light Screen|p2a: Uxie
|-sidestart|p2: ThiefYT|move: Light Screen
|move|p1a: Ditto|Stealth Rock|p2a: Uxie
|-sidestart|p2: ThiefYT|move: Stealth Rock
|
|upkeep
|turn|2
|c|☆ThiefYT|It’s for a video
|c|☆witdflow|oh nice
|c|☆witdflow|sorry i'm about to make it boring lol
|c|☆ThiefYT|It’s called seeing who can beat the most brain dead team
|
|t:|1760330061
|move|p2a: Uxie|Reflect|p2a: Uxie
|-sidestart|p2: ThiefYT|Reflect
|move|p1a: Ditto|Reflect|p1a: Ditto
|-sidestart|p1: witdflow|Reflect
|
|upkeep
|turn|3
|c|☆witdflow|xD
|c|☆witdflow|i'm afraid my team is more braindead
|
|t:|1760330074
|move|p2a: Uxie|Stealth Rock|p1a: Ditto
|-sidestart|p1: witdflow|move: Stealth Rock
|move|p1a: Ditto|Light Screen|p1a: Ditto
|-sidestart|p1: witdflow|move: Light Screen
|
|upkeep
|turn|4
|
|t:|1760330086
|switch|p1a: Slowking|Slowking-Galar, M, shiny|100/100
|-damage|p1a: Slowking|88/100|[from] Stealth Rock
|move|p2a: Uxie|Reflect||[still]
|-fail|p2a: Uxie
|
|-heal|p1a: Slowking|94/100|[from] item: Leftovers
|upkeep
|turn|5
|
|t:|1760330095
|move|p2a: Uxie|Memento|p1a: Slowking
|-unboost|p1a: Slowking|atk|2
|-unboost|p1a: Slowking|spa|2
|faint|p2a: Uxie
|move|p1a: Slowking|Toxic Spikes|p2: Uxie
|-sidestart|p2: ThiefYT|move: Toxic Spikes
|
|-heal|p1a: Slowking|99/100|[from] item: Leftovers
|upkeep
|
|t:|1760330111
|switch|p2a: Dragonite|Dragonite, F|100/100
|-damage|p2a: Dragonite|76/100|[from] Stealth Rock
|turn|6
|
|t:|1760330119
|move|p2a: Dragonite|Dragon Dance|p2a: Dragonite
|-boost|p2a: Dragonite|atk|1
|-boost|p2a: Dragonite|spe|1
|move|p1a: Slowking|Thunder Wave|p2a: Dragonite
|-status|p2a: Dragonite|par
|
|-heal|p1a: Slowking|100/100|[from] item: Leftovers
|-sideend|p1: witdflow|Reflect
|upkeep
|turn|7
|c|☆ThiefYT|U actually have a good team for this
|
|t:|1760330129
|switch|p1a: Dondozo|Dondozo, M|100/100
|-damage|p1a: Dondozo|88/100|[from] Stealth Rock
|move|p2a: Dragonite|Dragon Dance|p2a: Dragonite
|-boost|p2a: Dragonite|atk|1
|-boost|p2a: Dragonite|spe|1
|
|-heal|p1a: Dondozo|94/100|[from] item: Leftovers
|-sideend|p1: witdflow|move: Light Screen
|upkeep
|turn|8
|
|t:|1760330139
|cant|p2a: Dragonite|par
|move|p1a: Dondozo|Curse|p1a: Dondozo
|-unboost|p1a: Dondozo|spe|1
|-boost|p1a: Dondozo|atk|1
|-boost|p1a: Dondozo|def|1
|
|-heal|p1a: Dondozo|99/100|[from] item: Leftovers
|-sideend|p2: ThiefYT|move: Light Screen
|upkeep
|turn|9
|
|t:|1760330148
|move|p2a: Dragonite|Dragon Claw|p1a: Dondozo
|-damage|p1a: Dondozo|87/100
|move|p1a: Dondozo|Curse|p1a: Dondozo
|-unboost|p1a: Dondozo|spe|1
|-boost|p1a: Dondozo|atk|1
|-boost|p1a: Dondozo|def|1
|
|-heal|p1a: Dondozo|93/100|[from] item: Leftovers
|-sideend|p2: ThiefYT|Reflect
|upkeep
|turn|10
|c|☆ThiefYT|Yeah that’s def game lol
|c|☆ThiefYT|Or is it?
|c|☆witdflow|i have one attack on this mon and it's resisted by every mon on your team
|c|☆witdflow|and it will still probably win
|inactive|witdflow has 120 seconds left.
|
|t:|1760330179
|switch|p2a: Latios|Latios, M|100/100
|-damage|p2a: Latios|88/100|[from] Stealth Rock
|move|p1a: Dondozo|Curse|p1a: Dondozo
|-unboost|p1a: Dondozo|spe|1
|-boost|p1a: Dondozo|atk|1
|-boost|p1a: Dondozo|def|1
|
|-heal|p1a: Dondozo|99/100|[from] item: Leftovers
|upkeep
|turn|11
|
|t:|1760330190
|switch|p1a: Ditto|Ditto|100/100
|-damage|p1a: Ditto|88/100|[from] Stealth Rock
|-transform|p1a: Ditto|p2a: Latios|[from] ability: Imposter
|move|p2a: Latios|Reflect|p2a: Latios
|-sidestart|p2: ThiefYT|Reflect
|
|upkeep
|turn|12
|c|☆ThiefYT|YES
|inactive|witdflow has 120 seconds left.
|c|☆ThiefYT|HAHAHAH
|c|☆witdflow|xD
|c|☆ThiefYT|ITS GONE
|
|t:|1760330219
|switch|p1a: Ting-Lu|Ting-Lu, shiny|100/100
|-damage|p1a: Ting-Lu|94/100|[from] Stealth Rock
|-ability|p1a: Ting-Lu|Vessel of Ruin
|move|p2a: Latios|Thunder Wave|p1a: Ting-Lu
|-immune|p1a: Ting-Lu
|
|-heal|p1a: Ting-Lu|100/100|[from] item: Leftovers
|upkeep
|turn|13
|
|t:|1760330229
|move|p2a: Latios|Light Screen|p2a: Latios
|-sidestart|p2: ThiefYT|move: Light Screen
|move|p1a: Ting-Lu|Ruination|p2a: Latios
|-damage|p2a: Latios|44/100
|
|upkeep
|turn|14
|c|☆witdflow|you're laughing as if you've made a dent
|c|☆witdflow|;]
|inactive|witdflow has 120 seconds left.
|
|t:|1760330242
|move|p2a: Latios|Memento|p1a: Ting-Lu
|-unboost|p1a: Ting-Lu|atk|2
|-unboost|p1a: Ting-Lu|spa|2
|faint|p2a: Latios
|move|p1a: Ting-Lu|Ruination|p2: Latios|[notarget]
|-fail|p1a: Ting-Lu
|
|upkeep
|c|☆ThiefYT|Dw I def did
|
|t:|1760330249
|switch|p2a: Clefable|Clefable, F|100/100
|-status|p2a: Clefable|psn
|turn|15
|
|t:|1760330257
|switch|p1a: Clefable|Clefable, F, shiny|100/100
|-damage|p1a: Clefable|88/100|[from] Stealth Rock
|move|p2a: Clefable|Cosmic Power|p2a: Clefable
|-boost|p2a: Clefable|def|1
|-boost|p2a: Clefable|spd|1
|
|-heal|p1a: Clefable|94/100|[from] item: Leftovers
|upkeep
|turn|16
|
|t:|1760330266
|move|p2a: Clefable|Cosmic Power|p2a: Clefable
|-boost|p2a: Clefable|def|1
|-boost|p2a: Clefable|spd|1
|move|p1a: Clefable|Knock Off|p2a: Clefable
|-resisted|p2a: Clefable
|-damage|p2a: Clefable|96/100 psn
|-enditem|p2a: Clefable|Leftovers|[from] move: Knock Off|[of] p1a: Clefable
|
|-heal|p1a: Clefable|99/100|[from] item: Leftovers
|upkeep
|turn|17
|c|☆ThiefYT|Shall we?
|c|☆witdflow|xD
|c|☆ThiefYT|Oh not the same set
|
|t:|1760330278
|move|p2a: Clefable|Cosmic Power|p2a: Clefable
|-boost|p2a: Clefable|def|1
|-boost|p2a: Clefable|spd|1
|move|p1a: Clefable|Wish|p1a: Clefable
|
|-heal|p1a: Clefable|100/100|[from] item: Leftovers
|upkeep
|turn|18
|
|t:|1760330287
|move|p2a: Clefable|Cosmic Power|p2a: Clefable
|-boost|p2a: Clefable|def|1
|-boost|p2a: Clefable|spd|1
|move|p1a: Clefable|Moonblast|p2a: Clefable
|-damage|p2a: Clefable|81/100 psn
|
|-sideend|p2: ThiefYT|Reflect
|upkeep
|turn|19
|
|t:|1760330296
|move|p2a: Clefable|Cosmic Power|p2a: Clefable
|-boost|p2a: Clefable|def|1
|-boost|p2a: Clefable|spd|1
|move|p1a: Clefable|Moonblast|p2a: Clefable
|-damage|p2a: Clefable|67/100 psn
|
|upkeep
|turn|20
|
|t:|1760330304
|move|p2a: Clefable|Moonlight|p2a: Clefable
|-heal|p2a: Clefable|100/100 psn
|move|p1a: Clefable|Wish|p1a: Clefable
|
|-sideend|p2: ThiefYT|move: Light Screen
|upkeep
|turn|21
|c|☆ThiefYT|That’s some impressive damage
|
|t:|1760330315
|move|p2a: Clefable|Cosmic Power|p2a: Clefable
|-boost|p2a: Clefable|def|1
|-boost|p2a: Clefable|spd|1
|move|p1a: Clefable|Moonblast|p2a: Clefable
|-crit|p2a: Clefable
|-damage|p2a: Clefable|54/100 psn
|-unboost|p2a: Clefable|spa|1
|
|upkeep
|turn|22
|c|☆witdflow|thanks
|c|☆witdflow|!dt unaware
|c| witdflow|/raw <ul class="utilichart"><li class="result"><span class="col namecol"><a href="https://dex.pokemonshowdown.com/abilities/unaware">Unaware</a></span> <span class="col abilitydesccol">This Pokemon ignores other Pokemon's stat stages when taking or doing damage.</span> </li><li style="clear:both"></li></ul>
|c| witdflow|/raw <font size="1"><font color="#686868">Gen:</font> 4&nbsp;|&ThickSpace;&#10003; Ignored by Mold Breaker</font>

|
|t:|1760330324
|move|p2a: Clefable|Moonlight|p2a: Clefable
|-heal|p2a: Clefable|100/100 psn
|move|p1a: Clefable|Moonblast|p2a: Clefable
|-damage|p2a: Clefable|73/100 psn
|
|upkeep
|turn|23
|c|☆ThiefYT|OHHHH
|c|☆witdflow|6 left
|
|t:|1760330332
|move|p2a: Clefable|Stored Power|p1a: Clefable
|-damage|p1a: Clefable|43/100
|move|p1a: Clefable|Moonblast|p2a: Clefable
|-damage|p2a: Clefable|43/100 psn
|
|-heal|p1a: Clefable|49/100|[from] item: Leftovers
|upkeep
|turn|24
|
|t:|1760330341
|move|p2a: Clefable|Moonlight|p2a: Clefable
|-heal|p2a: Clefable|93/100 psn
|move|p1a: Clefable|Moonblast|p2a: Clefable
|-damage|p2a: Clefable|64/100 psn
|-unboost|p2a: Clefable|spa|1
|
|-heal|p1a: Clefable|55/100|[from] item: Leftovers
|upkeep
|turn|25
|
|t:|1760330351
|move|p1a: Clefable|Protect|p1a: Clefable
|-singleturn|p1a: Clefable|Protect
|move|p2a: Clefable|Moonlight|p2a: Clefable
|-heal|p2a: Clefable|100/100 psn
|
|-heal|p1a: Clefable|61/100|[from] item: Leftovers
|upkeep
|turn|26
|
|t:|1760330360
|move|p2a: Clefable|Charge Beam|p1a: Clefable
|-damage|p1a: Clefable|51/100
|-boost|p2a: Clefable|spa|1
|move|p1a: Clefable|Wish|p1a: Clefable
|
|-heal|p1a: Clefable|57/100|[from] item: Leftovers
|upkeep
|turn|27
|
|t:|1760330367
|move|p1a: Clefable|Protect|p1a: Clefable
|-singleturn|p1a: Clefable|Protect
|move|p2a: Clefable|Charge Beam|p1a: Clefable
|-activate|p1a: Clefable|move: Protect
|
|-heal|p1a: Clefable|100/100|[from] move: Wish|[wisher] Clefable
|upkeep
|turn|28
|
|t:|1760330376
|move|p2a: Clefable|Charge Beam|p1a: Clefable
|-damage|p1a: Clefable|91/100
|-boost|p2a: Clefable|spa|1
|move|p1a: Clefable|Wish|p1a: Clefable
|
|-heal|p1a: Clefable|97/100|[from] item: Leftovers
|upkeep
|turn|29
|
|t:|1760330384
|move|p2a: Clefable|Charge Beam|p1a: Clefable
|-damage|p1a: Clefable|86/100
|-boost|p2a: Clefable|spa|1
|move|p1a: Clefable|Moonblast|p2a: Clefable
|-damage|p2a: Clefable|72/100 psn
|-unboost|p2a: Clefable|spa|1
|
|-heal|p1a: Clefable|100/100|[from] move: Wish|[wisher] Clefable
|upkeep
|turn|30
|
|t:|1760330394
|move|p2a: Clefable|Charge Beam|p1a: Clefable
|-damage|p1a: Clefable|89/100
|move|p1a: Clefable|Moonblast|p2a: Clefable
|-damage|p2a: Clefable|41/100 psn
|
|-heal|p1a: Clefable|95/100|[from] item: Leftovers
|upkeep
|turn|31
|c|☆ThiefYT|Ur getting pretty lucky lol
|c|☆witdflow|you think?
|
|t:|1760330411
|move|p2a: Clefable|Moonlight|p2a: Clefable
|-heal|p2a: Clefable|91/100 psn
|move|p1a: Clefable|Moonblast|p2a: Clefable
|-crit|p2a: Clefable
|-damage|p2a: Clefable|45/100 psn
|
|-heal|p1a: Clefable|100/100|[from] item: Leftovers
|upkeep
|turn|32
|c|☆ThiefYT|Yeah with the drops
|
|t:|1760330421
|move|p2a: Clefable|Moonlight|p2a: Clefable
|-heal|p2a: Clefable|95/100 psn
|move|p1a: Clefable|Moonblast|p2a: Clefable
|-damage|p2a: Clefable|68/100 psn
|
|upkeep
|turn|33
|c|☆witdflow|again,
|c|☆witdflow|!dt unaware
|c| witdflow|/raw <ul class="utilichart"><li class="result"><span class="col namecol"><a href="https://dex.pokemonshowdown.com/abilities/unaware">Unaware</a></span> <span class="col abilitydesccol">This Pokemon ignores other Pokemon's stat stages when taking or doing damage.</span> </li><li style="clear:both"></li></ul>
|c| witdflow|/raw <font size="1"><font color="#686868">Gen:</font> 4&nbsp;|&ThickSpace;&#10003; Ignored by Mold Breaker</font>

|
|t:|1760330431
|move|p2a: Clefable|Moonlight|p2a: Clefable
|-heal|p2a: Clefable|100/100 psn
|move|p1a: Clefable|Moonblast|p2a: Clefable
|-damage|p2a: Clefable|70/100 psn
|
|upkeep
|turn|34
|
|t:|1760330438
|move|p2a: Clefable|Charge Beam|p1a: Clefable
|-damage|p1a: Clefable|90/100
|-boost|p2a: Clefable|spa|1
|move|p1a: Clefable|Moonblast|p2a: Clefable
|-crit|p2a: Clefable
|-damage|p2a: Clefable|28/100 psn
|
|-heal|p1a: Clefable|96/100|[from] item: Leftovers
|upkeep
|turn|35
|
|t:|1760330447
|move|p2a: Clefable|Moonlight|p2a: Clefable
|-heal|p2a: Clefable|78/100 psn
|move|p1a: Clefable|Moonblast|p2a: Clefable
|-damage|p2a: Clefable|49/100 psn
|
|-heal|p1a: Clefable|100/100|[from] item: Leftovers
|upkeep
|turn|36
|c|☆witdflow|even if you get stat raises
|c|☆witdflow|they mean nothing to me
|c|☆witdflow|becsause i'm unaware
|
|t:|1760330460
|move|p2a: Clefable|Stored Power|p1a: Clefable
|-damage|p1a: Clefable|44/100
|move|p1a: Clefable|Moonblast|p2a: Clefable
|-damage|p2a: Clefable|19/100 psn
|
|-heal|p1a: Clefable|50/100|[from] item: Leftovers
|upkeep
|turn|37
|c|☆ThiefYT|Ahh js realizing
|
|t:|1760330471
|move|p1a: Clefable|Protect|p1a: Clefable
|-singleturn|p1a: Clefable|Protect
|move|p2a: Clefable|Stored Power|p1a: Clefable
|-activate|p1a: Clefable|move: Protect
|
|-heal|p1a: Clefable|56/100|[from] item: Leftovers
|upkeep
|turn|38
|c|☆ThiefYT|I was unaware of that
|c|☆witdflow|xD
|
|t:|1760330482
|-terastallize|p1a: Clefable|Steel
|move|p2a: Clefable|Stored Power|p1a: Clefable
|-resisted|p1a: Clefable
|-damage|p1a: Clefable|28/100
|move|p1a: Clefable|Moonblast|p2a: Clefable
|-damage|p2a: Clefable|0 fnt
|faint|p2a: Clefable
|
|-heal|p1a: Clefable|34/100|[from] item: Leftovers
|upkeep
|
|t:|1760330494
|switch|p2a: Latias|Latias, F|100/100
|-damage|p2a: Latias|88/100|[from] Stealth Rock
|turn|39
|
|t:|1760330501
|move|p2a: Latias|Agility|p2a: Latias
|-boost|p2a: Latias|spe|2
|move|p1a: Clefable|Wish|p1a: Clefable
|
|-heal|p1a: Clefable|40/100|[from] item: Leftovers
|upkeep
|turn|40
|c|☆ThiefYT|I wish I remembered that
|c|☆witdflow|is this about to be weakness policy?
|c|☆ThiefYT|Nah
|c|☆ThiefYT|even better
|
|t:|1760330530
|move|p2a: Latias|Draining Kiss|p1a: Clefable
|-resisted|p1a: Clefable
|-damage|p1a: Clefable|34/100
|-heal|p2a: Latias|93/100|[from] drain|[of] p1a: Clefable
|move|p1a: Clefable|Moonblast|p2a: Latias
|-supereffective|p2a: Latias
|-damage|p2a: Latias|40/100
|-enditem|p2a: Latias|Weakness Policy
|-boost|p2a: Latias|atk|2|[from] item: Weakness Policy
|-boost|p2a: Latias|spa|2|[from] item: Weakness Policy
|
|-heal|p1a: Clefable|84/100|[from] move: Wish|[wisher] Clefable
|-heal|p1a: Clefable|90/100|[from] item: Leftovers
|upkeep
|turn|41
|c|☆witdflow|xD
|c|☆witdflow|good thing i'm unaware
|c|☆ThiefYT|WEAKNESS POLICY
|c|☆witdflow|gg brother
|inactive|ThiefYT has 120 seconds left.
|c|☆ThiefYT|good thing I stored my power
|
|t:|1760330558
|-terastallize|p2a: Latias|Steel
|move|p2a: Latias|Stored Power|p1a: Clefable
|-resisted|p1a: Clefable
|-damage|p1a: Clefable|66/100
|move|p1a: Clefable|Moonblast|p2a: Latias
|-resisted|p2a: Latias
|-damage|p2a: Latias|26/100
|
|-heal|p1a: Clefable|72/100|[from] item: Leftovers
|upkeep
|turn|42
|c|☆witdflow|i like the team. it's def going to work on someone
|inactive|ThiefYT has 120 seconds left.
|c|☆witdflow|just not me
|c|☆ThiefYT|Oop
|c|☆ThiefYT|yeah I keep facing hard counters for some reason
|c|☆ThiefYT|first loss tho
|
|t:|1760330590
|move|p2a: Latias|Stored Power|p1a: Clefable
|-resisted|p1a: Clefable
|-damage|p1a: Clefable|48/100
|move|p1a: Clefable|Wish|p1a: Clefable
|
|-heal|p1a: Clefable|54/100|[from] item: Leftovers
|upkeep
|turn|43
|inactive|ThiefYT has 90 seconds left.
|c|☆witdflow|i'm as stally as it gets
|c|☆ThiefYT|I hope this vid does well
|c|☆witdflow|i think it will brother
|c|☆ThiefYT|especially since it wasn’t js me destroying people
|
|t:|1760330624
|move|p1a: Clefable|Protect|p1a: Clefable
|-singleturn|p1a: Clefable|Protect
|move|p2a: Latias|Stored Power|p1a: Clefable
|-activate|p1a: Clefable|move: Protect
|
|-heal|p1a: Clefable|100/100|[from] move: Wish|[wisher] Clefable
|upkeep
|turn|44
|c|☆ThiefYT|Thx to u ;)
|
|t:|1760330632
|move|p2a: Latias|Stored Power|p1a: Clefable
|-resisted|p1a: Clefable
|-damage|p1a: Clefable|77/100
|move|p1a: Clefable|Wish|p1a: Clefable
|
|-heal|p1a: Clefable|83/100|[from] item: Leftovers
|upkeep
|turn|45
|c|☆witdflow|:]
|c|☆ThiefYT|I have a team that could beat this lowk
|
|t:|1760330645
|move|p2a: Latias|Stored Power|p1a: Clefable
|-resisted|p1a: Clefable
|-damage|p1a: Clefable|61/100
|move|p1a: Clefable|Moonblast|p2a: Latias
|-resisted|p2a: Latias
|-damage|p2a: Latias|13/100
|
|-heal|p1a: Clefable|100/100|[from] move: Wish|[wisher] Clefable
|upkeep
|turn|46
|c|☆witdflow|i belive it
|c|☆witdflow|wanna try a rematch with that one?
|c|☆ThiefYT|Bet
|
|t:|1760330660
|move|p2a: Latias|Stored Power|p1a: Clefable
|-resisted|p1a: Clefable
|-damage|p1a: Clefable|78/100
|move|p1a: Clefable|Moonblast|p2a: Latias
|-resisted|p2a: Latias
|-damage|p2a: Latias|0 fnt
|faint|p2a: Latias
|
|-heal|p1a: Clefable|84/100|[from] item: Leftovers
|upkeep
|c|☆ThiefYT|Kill meh
|
|t:|1760330670
|switch|p2a: Dragonite|Dragonite, F|76/100 par
|-damage|p2a: Dragonite|51/100 par|[from] Stealth Rock
|turn|47
|
|t:|1760330676
|move|p1a: Clefable|Moonblast|p2a: Dragonite
|-supereffective|p2a: Dragonite
|-damage|p2a: Dragonite|0 fnt
|faint|p2a: Dragonite
|
|-heal|p1a: Clefable|90/100|[from] item: Leftovers
|upkeep
|
|t:|1760330683
|switch|p2a: Rabsca|Rabsca, F|100/100
|-damage|p2a: Rabsca|76/100|[from] Stealth Rock
|-status|p2a: Rabsca|psn
|turn|48
|
|t:|1760330691
|move|p1a: Clefable|Knock Off|p2a: Rabsca
|-supereffective|p2a: Rabsca
|-damage|p2a: Rabsca|36/100 psn
|-enditem|p2a: Rabsca|Light Clay|[from] move: Knock Off|[of] p1a: Clefable
|move|p2a: Rabsca|Reflect|p2a: Rabsca
|-sidestart|p2: ThiefYT|Reflect
|
|-heal|p1a: Clefable|96/100|[from] item: Leftovers
|-damage|p2a: Rabsca|23/100 psn|[from] psn
|upkeep
|turn|49
|
|t:|1760330700
|move|p1a: Clefable|Knock Off|p2a: Rabsca
|-supereffective|p2a: Rabsca
|-damage|p2a: Rabsca|12/100 psn
|move|p2a: Rabsca|Reflect||[still]
|-fail|p2a: Rabsca
|
|-heal|p1a: Clefable|100/100|[from] item: Leftovers
|-damage|p2a: Rabsca|0 fnt|[from] psn
|faint|p2a: Rabsca
|
|win|witdflow
|raw|witdflow's rating: 1251 &rarr; <strong>1273</strong><br />(+22 for winning)
|raw|ThiefYT's rating: 1208 &rarr; <strong>1186</strong><br />(-22 for losing)
|l|☆ThiefYT
|player|p2|
