|j|☆Qbreezy
|j|☆RovaRed
|t:|1760412614
|gametype|singles
|player|p1|Qbreezy|169|1380
|player|p2|RovaRed|miku-flying|1385
|gen|9
|tier|[Gen 9] OU
|rated|
|rule|HP Percentage Mod: HP is shown in percentages
|rule|Endless Battle Clause: Forcing endless battles is banned
|rule|Species Clause: Limit one of each Pokémon
|rule|OHKO Clause: OHKO moves are banned
|rule|Evasion Items Clause: Evasion items are banned
|rule|Evasion Moves Clause: Evasion moves are banned
|rule|Evasion Abilities Clause: Evasion abilities are banned
|rule|Sleep Moves Clause: Sleep-inducing moves are banned
|clearpoke
|poke|p1|Rillaboom, F|
|poke|p1|Hawlucha, F|
|poke|p1|Hoopa-Unbound|
|poke|p1|Moltres|
|poke|p1|Pecharunt|
|poke|p1|Cinderace, F|
|poke|p2|Shiftry, F|
|poke|p2|Rillaboom, F|
|poke|p2|Brambleghast, M|
|poke|p2|Hawlucha, M|
|poke|p2|Great Tusk|
|poke|p2|Iron Moth|
|teampreview
|
|t:|1760412631
|teamsize|p1|6
|teamsize|p2|6
|start
|switch|p1a: Pecharunt|Pecharunt|100/100
|switch|p2a: Shiftry|Shiftry, F|100/100
|turn|1
|
|t:|1760412653
|move|p2a: Shiftry|Tailwind|p2a: Shiftry
|-sidestart|p2: RovaRed|move: Tailwind
|-ability|p2a: Shiftry|Wind Rider|boost
|-boost|p2a: Shiftry|atk|1
|move|p1a: Pecharunt|Malignant Chain|p2a: Shiftry
|-supereffective|p2a: Shiftry
|-damage|p2a: Shiftry|3/100
|
|upkeep
|turn|2
|
|t:|1760412708
|switch|p1a: Moltres|Moltres|100/100
|move|p2a: Shiftry|Knock Off|p1a: Moltres
|-damage|p1a: Moltres|61/100
|-status|p2a: Shiftry|brn|[from] ability: Flame Body|[of] p1a: Moltres
|-enditem|p1a: Moltres|Heavy-Duty Boots|[from] move: Knock Off|[of] p2a: Shiftry
|
|-damage|p2a: Shiftry|0 fnt|[from] brn
|faint|p2a: Shiftry
|upkeep
|
|t:|1760412719
|switch|p2a: Brambleghast|Brambleghast, M|100/100
|-ability|p2a: Brambleghast|Wind Rider|boost
|-boost|p2a: Brambleghast|atk|1
|turn|3
|
|t:|1760412728
|move|p2a: Brambleghast|Bullet Seed|p1a: Moltres
|-resisted|p1a: Moltres
|-damage|p1a: Moltres|57/100
|-resisted|p1a: Moltres
|-damage|p1a: Moltres|55/100
|-resisted|p1a: Moltres
|-damage|p1a: Moltres|52/100
|-resisted|p1a: Moltres
|-damage|p1a: Moltres|49/100
|-resisted|p1a: Moltres
|-damage|p1a: Moltres|46/100
|-hitcount|p1a: Moltres|5
|move|p1a: Moltres|Flamethrower|p2a: Brambleghast
|-supereffective|p2a: Brambleghast
|-damage|p2a: Brambleghast|0 fnt
|faint|p2a: Brambleghast
|
|upkeep
|c|☆Qbreezy|roll-out would be good option if it gets it. will do big damage to moltres :D
|
|t:|1760412808
|switch|p2a: Iron Moth|Iron Moth|100/100
|-enditem|p2a: Iron Moth|Booster Energy
|-activate|p2a: Iron Moth|ability: Quark Drive|[fromitem]
|-start|p2a: Iron Moth|quarkdrivespe
|turn|4
|
|t:|1760412824
|move|p2a: Iron Moth|Fiery Dance|p1a: Moltres
|-resisted|p1a: Moltres
|-damage|p1a: Moltres|26/100
|move|p1a: Moltres|Roar|p2a: Iron Moth
|-end|p2a: Iron Moth|Quark Drive|[silent]
|drag|p2a: Hawlucha|Hawlucha, M|100/100
|
|-sideend|p2: RovaRed|move: Tailwind
|upkeep
|turn|5
|
|t:|1760412843
|switch|p2a: Rillaboom|Rillaboom, F|100/100
|-fieldstart|move: Grassy Terrain|[from] ability: Grassy Surge|[of] p2a: Rillaboom
|move|p1a: Moltres|Flamethrower|p2a: Rillaboom
|-supereffective|p2a: Rillaboom
|-damage|p2a: Rillaboom|13/100
|
|-heal|p2a: Rillaboom|20/100|[from] Grassy Terrain
|upkeep
|turn|6
|
|t:|1760412851
|move|p2a: Rillaboom|Grassy Glide|p1a: Moltres
|-resisted|p1a: Moltres
|-damage|p1a: Moltres|19/100
|-status|p2a: Rillaboom|brn|[from] ability: Flame Body|[of] p1a: Moltres
|move|p1a: Moltres|Flamethrower|p2a: Rillaboom
|-supereffective|p2a: Rillaboom
|-damage|p2a: Rillaboom|0 fnt
|faint|p2a: Rillaboom
|
|upkeep
|
|t:|1760412855
|switch|p2a: Hawlucha|Hawlucha, M|100/100
|-enditem|p2a: Hawlucha|Grassy Seed
|-boost|p2a: Hawlucha|def|1|[from] item: Grassy Seed
|turn|7
|
|t:|1760412863
|move|p2a: Hawlucha|Substitute|p2a: Hawlucha
|-start|p2a: Hawlucha|Substitute
|-damage|p2a: Hawlucha|76/100
|move|p1a: Moltres|Flamethrower|p2a: Hawlucha
|-end|p2a: Hawlucha|Substitute
|
|upkeep
|turn|8
|
|t:|1760412870
|move|p2a: Hawlucha|Acrobatics|p1a: Moltres
|-damage|p1a: Moltres|0 fnt
|faint|p1a: Moltres
|
|upkeep
|
|t:|1760412874
|switch|p1a: Pecharunt|Pecharunt|100/100
|turn|9
|
|t:|1760412880
|-terastallize|p2a: Hawlucha|Ground
|move|p2a: Hawlucha|Swords Dance|p2a: Hawlucha
|-boost|p2a: Hawlucha|atk|2
|move|p1a: Pecharunt|Malignant Chain|p2a: Hawlucha
|-resisted|p2a: Hawlucha
|-damage|p2a: Hawlucha|48/100
|-status|p2a: Hawlucha|tox
|-start|p2a: Hawlucha|confusion|[from] ability: Poison Puppeteer|[of] p1a: Pecharunt
|
|-heal|p2a: Hawlucha|54/100 tox|[from] Grassy Terrain
|-damage|p2a: Hawlucha|48/100 tox|[from] psn
|upkeep
|turn|10
|
|t:|1760412897
|switch|p1a: Rillaboom|Rillaboom, F|100/100
|-activate|p2a: Hawlucha|confusion
|-damage|p2a: Hawlucha|25/100 tox|[from] confusion
|
|-heal|p2a: Hawlucha|31/100 tox|[from] Grassy Terrain
|-damage|p2a: Hawlucha|19/100 tox|[from] psn
|upkeep
|turn|11
|
|t:|1760412904
|move|p1a: Rillaboom|Grassy Glide|p2a: Hawlucha
|-supereffective|p2a: Hawlucha
|-damage|p2a: Hawlucha|0 fnt
|faint|p2a: Hawlucha
|
|upkeep
|
|t:|1760412907
|switch|p2a: Great Tusk|Great Tusk|100/100
|-enditem|p2a: Great Tusk|Booster Energy
|-activate|p2a: Great Tusk|ability: Protosynthesis|[fromitem]
|-start|p2a: Great Tusk|protosynthesisspe
|turn|12
|
|t:|1760412922
|switch|p1a: Pecharunt|Pecharunt|100/100
|move|p2a: Great Tusk|Ice Spinner|p1a: Pecharunt
|-damage|p1a: Pecharunt|90/100
|-fieldend|move: Grassy Terrain
|
|-heal|p1a: Pecharunt|96/100|[from] item: Leftovers
|upkeep
|turn|13
|
|t:|1760412931
|move|p2a: Great Tusk|Headlong Rush|p1a: Pecharunt
|-supereffective|p1a: Pecharunt
|-crit|p1a: Pecharunt
|-damage|p1a: Pecharunt|21/100
|-unboost|p2a: Great Tusk|def|1
|-unboost|p2a: Great Tusk|spd|1
|move|p1a: Pecharunt|Malignant Chain|p2a: Great Tusk
|-resisted|p2a: Great Tusk
|-crit|p2a: Great Tusk
|-damage|p2a: Great Tusk|55/100
|
|-heal|p1a: Pecharunt|27/100|[from] item: Leftovers
|upkeep
|turn|14
|
|t:|1760412942
|switch|p1a: Rillaboom|Rillaboom, F|100/100
|-fieldstart|move: Grassy Terrain|[from] ability: Grassy Surge|[of] p1a: Rillaboom
|move|p2a: Great Tusk|Headlong Rush|p1a: Rillaboom
|-resisted|p1a: Rillaboom
|-damage|p1a: Rillaboom|78/100
|-unboost|p2a: Great Tusk|def|1
|-unboost|p2a: Great Tusk|spd|1
|
|-heal|p2a: Great Tusk|61/100|[from] Grassy Terrain
|-heal|p1a: Rillaboom|84/100|[from] Grassy Terrain
|upkeep
|turn|15
|
|t:|1760412952
|move|p2a: Great Tusk|Ice Spinner|p1a: Rillaboom
|-supereffective|p1a: Rillaboom
|-damage|p1a: Rillaboom|41/100
|-fieldend|move: Grassy Terrain
|move|p1a: Rillaboom|U-turn|p2a: Great Tusk
|-resisted|p2a: Great Tusk
|-damage|p2a: Great Tusk|45/100
|
|t:|1760412959
|switch|p1a: Cinderace|Cinderace, F|100/100|[from] U-turn
|
|upkeep
|turn|16
|
|t:|1760413003
|switch|p1a: Rillaboom|Rillaboom, F|41/100
|-fieldstart|move: Grassy Terrain|[from] ability: Grassy Surge|[of] p1a: Rillaboom
|move|p2a: Great Tusk|Headlong Rush|p1a: Rillaboom
|-resisted|p1a: Rillaboom
|-damage|p1a: Rillaboom|17/100
|-unboost|p2a: Great Tusk|def|1
|-unboost|p2a: Great Tusk|spd|1
|
|-heal|p2a: Great Tusk|51/100|[from] Grassy Terrain
|-heal|p1a: Rillaboom|23/100|[from] Grassy Terrain
|upkeep
|turn|17
|
|t:|1760413015
|move|p1a: Rillaboom|Grassy Glide|p2a: Great Tusk
|-supereffective|p2a: Great Tusk
|-damage|p2a: Great Tusk|0 fnt
|faint|p2a: Great Tusk
|-end|p2a: Great Tusk|Protosynthesis|[silent]
|
|-heal|p1a: Rillaboom|29/100|[from] Grassy Terrain
|upkeep
|
|t:|1760413018
|switch|p2a: Iron Moth|Iron Moth|100/100
|turn|18
|
|t:|1760413024
|move|p2a: Iron Moth|Fiery Dance|p1a: Rillaboom
|-supereffective|p1a: Rillaboom
|-damage|p1a: Rillaboom|0 fnt
|-boost|p2a: Iron Moth|spa|1
|faint|p1a: Rillaboom
|
|upkeep
|
|t:|1760413030
|switch|p1a: Hoopa|Hoopa-Unbound|100/100
|turn|19
|
|t:|1760413033
|move|p2a: Iron Moth|Fiery Dance|p1a: Hoopa
|-damage|p1a: Hoopa|71/100
|move|p1a: Hoopa|Psychic Noise|p2a: Iron Moth
|-supereffective|p2a: Iron Moth
|-crit|p2a: Iron Moth
|-damage|p2a: Iron Moth|0 fnt
|faint|p2a: Iron Moth
|-end|p2a: Iron Moth|Quark Drive|[silent]
|
|win|Qbreezy
|raw|Qbreezy's rating: 1380 &rarr; <strong>1400</strong><br />(+20 for winning)
|raw|RovaRed's rating: 1385 &rarr; <strong>1365</strong><br />(-20 for losing)
|l|☆RovaRed
|player|p2|
