|j|☆alexisahuman
|j|☆Randompina
|t:|1760345327
|gametype|singles
|player|p1|alexisahuman|169|1189
|player|p2|Randompina|doctor|1187
|gen|9
|tier|[Gen 9] OU
|rated|
|rule|HP Percentage Mod: HP is shown in percentages
|rule|Endless Battle Clause: Forcing endless battles is banned
|rule|Species Clause: Limit one of each Pokémon
|rule|OHKO Clause: OHKO moves are banned
|rule|Evasion Items Clause: Evasion items are banned
|rule|Evasion Moves Clause: Evasion moves are banned
|rule|Evasion Abilities Clause: Evasion abilities are banned
|rule|Sleep Moves Clause: Sleep-inducing moves are banned
|clearpoke
|poke|p1|Iron Treads|
|poke|p1|Tauros, M|
|poke|p1|Feraligatr, F|
|poke|p1|Salazzle, F|
|poke|p1|Serperior, F|
|poke|p1|Staraptor, M|
|poke|p2|Ceruledge, M|
|poke|p2|Ninetales-Alola, F|
|poke|p2|Enamorus, F|
|poke|p2|Hydrapple, M|
|poke|p2|Great Tusk|
|poke|p2|Zoroark-Hisui, M|
|teampreview
|inactive|Battle timer is ON: inactive players will automatically lose when time's up. (requested by alexisahuman)
|
|t:|1760345346
|teamsize|p1|6
|teamsize|p2|6
|start
|switch|p1a: Salazzle|Salazzle, F, shiny|100/100
|switch|p2a: Great Tusk|Great Tusk|100/100
|-enditem|p2a: Great Tusk|Booster Energy
|-activate|p2a: Great Tusk|ability: Protosynthesis|[fromitem]
|-start|p2a: Great Tusk|protosynthesisdef
|turn|1
|
|t:|1760345358
|-terastallize|p1a: Salazzle|Water
|move|p1a: Salazzle|Tera Blast|p2a: Great Tusk|[anim] Tera Blast Water
|-supereffective|p2a: Great Tusk
|-damage|p2a: Great Tusk|0 fnt
|faint|p2a: Great Tusk
|-end|p2a: Great Tusk|Protosynthesis|[silent]
|
|upkeep
|
|t:|1760345376
|switch|p2a: Hydrapple|Hydrapple, M, shiny|100/100
|turn|2
|
|t:|1760345384
|switch|p1a: Iron Treads|Iron Treads|100/100
|-enditem|p1a: Iron Treads|Booster Energy
|-activate|p1a: Iron Treads|ability: Quark Drive|[fromitem]
|-start|p1a: Iron Treads|quarkdrivespe
|move|p2a: Hydrapple|Fickle Beam|p1a: Iron Treads
|-resisted|p1a: Iron Treads
|-damage|p1a: Iron Treads|71/100
|
|upkeep
|turn|3
|
|t:|1760345393
|move|p1a: Iron Treads|Stealth Rock|p2a: Hydrapple
|-sidestart|p2: Randompina|move: Stealth Rock
|move|p2a: Hydrapple|Earth Power|p1a: Iron Treads
|-supereffective|p1a: Iron Treads
|-damage|p1a: Iron Treads|0 fnt
|faint|p1a: Iron Treads
|-end|p1a: Iron Treads|Quark Drive|[silent]
|
|upkeep
|
|t:|1760345402
|switch|p1a: Salazzle|Salazzle, F, shiny, tera:Water|100/100
|turn|4
|
|t:|1760345406
|move|p1a: Salazzle|Sludge Bomb|p2a: Hydrapple
|-supereffective|p2a: Hydrapple
|-damage|p2a: Hydrapple|27/100
|move|p2a: Hydrapple|Leaf Storm|p1a: Salazzle
|-supereffective|p1a: Salazzle
|-damage|p1a: Salazzle|0 fnt
|-unboost|p2a: Hydrapple|spa|2
|faint|p1a: Salazzle
|
|upkeep
|
|t:|1760345415
|switch|p1a: Tauros|Tauros, M|100/100
|-ability|p1a: Tauros|Intimidate|boost
|-unboost|p2a: Hydrapple|atk|1
|turn|5
|
|t:|1760345441
|move|p1a: Tauros|Body Slam|p2a: Hydrapple
|-damage|p2a: Hydrapple|0 fnt
|faint|p2a: Hydrapple
|
|upkeep
|inactive|Randompina has 120 seconds left.
|
|t:|1760345455
|switch|p2a: Ceruledge|Ceruledge, M|100/100
|-damage|p2a: Ceruledge|76/100|[from] Stealth Rock
|turn|6
|
|t:|1760345468
|switch|p1a: Feraligatr|Feraligatr, F|100/100
|move|p2a: Ceruledge|Swords Dance|p2a: Ceruledge
|-boost|p2a: Ceruledge|atk|2
|
|upkeep
|turn|7
|
|t:|1760345481
|move|p1a: Feraligatr|Liquidation|p2a: Ceruledge
|-supereffective|p2a: Ceruledge
|-damage|p2a: Ceruledge|0 fnt
|faint|p2a: Ceruledge
|
|upkeep
|
|t:|1760345488
|switch|p2a: Ninetales|Ninetales-Alola, F, shiny|100/100
|-damage|p2a: Ninetales|76/100|[from] Stealth Rock
|-weather|Snowscape|[from] ability: Snow Warning|[of] p2a: Ninetales
|turn|8
|
|t:|1760345498
|switch|p1a: Tauros|Tauros, M|100/100
|-ability|p1a: Tauros|Intimidate|boost
|-unboost|p2a: Ninetales|atk|1
|move|p2a: Ninetales|Aurora Veil|p2a: Ninetales
|-sidestart|p2: Randompina|move: Aurora Veil
|
|-weather|Snowscape|[upkeep]
|upkeep
|turn|9
|
|t:|1760345507
|move|p1a: Tauros|Iron Head|p2a: Ninetales
|-supereffective|p2a: Ninetales
|-damage|p2a: Ninetales|7/100
|cant|p2a: Ninetales|flinch
|
|-weather|Snowscape|[upkeep]
|upkeep
|turn|10
|
|t:|1760345514
|move|p1a: Tauros|Iron Head|p2a: Ninetales
|-supereffective|p2a: Ninetales
|-damage|p2a: Ninetales|0 fnt
|faint|p2a: Ninetales
|
|-weather|Snowscape|[upkeep]
|upkeep
|
|t:|1760345521
|switch|p2a: Enamorus|Enamorus, F|100/100
|-damage|p2a: Enamorus|76/100|[from] Stealth Rock
|turn|11
|
|t:|1760345528
|-terastallize|p2a: Enamorus|Stellar
|move|p1a: Tauros|Iron Head|p2a: Enamorus
|-supereffective|p2a: Enamorus
|-damage|p2a: Enamorus|21/100
|move|p2a: Enamorus|Tera Blast|p1a: Tauros|[anim] Tera Blast Stellar
|-damage|p1a: Tauros|32/100
|-boost|p2a: Enamorus|atk|1
|-boost|p2a: Enamorus|spa|1
|
|-weather|Snowscape|[upkeep]
|upkeep
|turn|12
|
|t:|1760345539
|move|p1a: Tauros|Iron Head|p2a: Enamorus
|-supereffective|p2a: Enamorus
|-damage|p2a: Enamorus|0 fnt
|faint|p2a: Enamorus
|
|-weather|none
|upkeep
|-message|Randompina forfeited.
|
|win|alexisahuman
|raw|alexisahuman's rating: 1189 &rarr; <strong>1214</strong><br />(+25 for winning)
|raw|Randompina's rating: 1187 &rarr; <strong>1162</strong><br />(-25 for losing)
|l|☆Randompina
|player|p2|
|l|☆alexisahuman
|player|p1|
