|j|☆DaBigBingus
|j|☆Shabooya1
|t:|1760367179
|gametype|singles
|player|p1|DaBigBingus|lance|1459
|player|p2|Shabooya1|ghetsis-gen5bw|1409
|gen|9
|tier|[Gen 9] OU
|rated|
|rule|HP Percentage Mod: HP is shown in percentages
|rule|Endless Battle Clause: Forcing endless battles is banned
|rule|Species Clause: Limit one of each Pokémon
|rule|OHKO Clause: OHKO moves are banned
|rule|Evasion Items Clause: Evasion items are banned
|rule|Evasion Moves Clause: Evasion moves are banned
|rule|Evasion Abilities Clause: Evasion abilities are banned
|rule|Sleep Moves Clause: Sleep-inducing moves are banned
|clearpoke
|poke|p1|Iron Crown|
|poke|p1|Iron Hands|
|poke|p1|Dragonite, F|
|poke|p1|Great Tusk|
|poke|p1|Grimmsnarl, M|
|poke|p1|Glimmora, F|
|poke|p2|Cresselia, F|
|poke|p2|Torkoal, M|
|poke|p2|Mimikyu, M|
|poke|p2|Hatterene, F|
|poke|p2|Snorlax, F|
|poke|p2|Donphan, L1, M|
|teampreview
|inactive|Battle timer is ON: inactive players will automatically lose when time's up. (requested by DaBigBingus)
|
|t:|1760367193
|teamsize|p1|6
|teamsize|p2|6
|start
|switch|p1a: Glimmora|Glimmora, F|100/100
|switch|p2a: EZAF|Torkoal, M, shiny|100/100
|-weather|SunnyDay|[from] ability: Drought|[of] p2a: EZAF
|turn|1
|
|t:|1760367200
|-terastallize|p2a: EZAF|Fire
|move|p1a: Glimmora|Meteor Beam||[still]
|-prepare|p1a: Glimmora|Meteor Beam
|-boost|p1a: Glimmora|spa|1
|-enditem|p1a: Glimmora|Power Herb
|-anim|p1a: Glimmora|Meteor Beam|p2a: EZAF
|-supereffective|p2a: EZAF
|-damage|p2a: EZAF|0 fnt
|faint|p2a: EZAF
|
|-weather|SunnyDay|[upkeep]
|upkeep
|
|t:|1760367203
|switch|p2a: Donphan|Donphan, L1, M, shiny|100/100
|turn|2
|
|t:|1760367217
|move|p1a: Glimmora|Dazzling Gleam|p2a: Donphan
|-ability|p2a: Donphan|Sturdy
|-damage|p2a: Donphan|8/100
|move|p2a: Donphan|Endeavor|p1a: Glimmora
|-damage|p1a: Glimmora|1/100
|-activate|p1a: Glimmora|ability: Toxic Debris
|-sidestart|p2: Shabooya1|move: Toxic Spikes
|-heal|p2a: Donphan|100/100|[from] item: Shell Bell|[of] p1a: Glimmora
|
|-weather|SunnyDay|[upkeep]
|upkeep
|turn|3
|
|t:|1760367231
|move|p2a: Donphan|Ice Shard|p1a: Glimmora
|-damage|p1a: Glimmora|0 fnt
|-activate|p1a: Glimmora|ability: Toxic Debris
|-sidestart|p2: Shabooya1|move: Toxic Spikes
|faint|p1a: Glimmora
|
|-weather|SunnyDay|[upkeep]
|upkeep
|inactive|DaBigBingus has 120 seconds left.
|c|☆DaBigBingus|how do you have a lvl 1 donphan?
|c|☆Shabooya1|Just typed it in
|c|☆Shabooya1|erased the 100
|inactive|DaBigBingus has 90 seconds left.
|c|☆Shabooya1|Put1
|
|t:|1760367289
|switch|p1a: Grimmsnarl|Grimmsnarl, M|100/100
|turn|4
|
|t:|1760367296
|-terastallize|p1a: Grimmsnarl|Ghost
|move|p1a: Grimmsnarl|Spirit Break|p2a: Donphan
|-ability|p2a: Donphan|Sturdy
|-damage|p2a: Donphan|8/100
|-unboost|p2a: Donphan|spa|1
|move|p2a: Donphan|Knock Off|p1a: Grimmsnarl
|-supereffective|p1a: Grimmsnarl
|-damage|p1a: Grimmsnarl|99/100
|-enditem|p1a: Grimmsnarl|Light Clay|[from] move: Knock Off|[of] p2a: Donphan
|-heal|p2a: Donphan|16/100|[from] item: Shell Bell|[of] p1a: Grimmsnarl
|
|-weather|SunnyDay|[upkeep]
|upkeep
|turn|5
|
|t:|1760367309
|move|p1a: Grimmsnarl|Spirit Break|p2a: Donphan
|-damage|p2a: Donphan|0 fnt
|faint|p2a: Donphan
|
|-weather|none
|upkeep
|
|t:|1760367315
|switch|p2a: Hatterene|Hatterene, F, shiny|100/100
|-status|p2a: Hatterene|tox
|turn|6
|
|t:|1760367320
|move|p1a: Grimmsnarl|Parting Shot|p2a: Hatterene
|move|p2a: Hatterene|Parting Shot|p1a: Grimmsnarl|[from] ability: Magic Bounce
|-unboost|p1a: Grimmsnarl|atk|1
|-unboost|p1a: Grimmsnarl|spa|1
|
|t:|1760367324
|switch|p2a: Git gud|Cresselia, F, shiny|100/100|[from] Parting Shot
|
|upkeep
|turn|7
|inactive|DaBigBingus has 120 seconds left.
|
|t:|1760367329
|move|p1a: Grimmsnarl|Spirit Break|p2a: Git gud
|-damage|p2a: Git gud|87/100
|-unboost|p2a: Git gud|spa|1
|move|p2a: Git gud|Trick Room|p2a: Git gud
|-fieldstart|move: Trick Room|[of] p2a: Git gud
|
|upkeep
|turn|8
|
|t:|1760367337
|move|p1a: Grimmsnarl|Light Screen|p1a: Grimmsnarl
|-sidestart|p1: DaBigBingus|move: Light Screen
|move|p2a: Git gud|Lunar Dance|p2a: Git gud
|faint|p2a: Git gud
|
|upkeep
|
|t:|1760367343
|switch|p2a: Snorlax|Snorlax, F, shiny|100/100
|-status|p2a: Snorlax|tox
|turn|9
|
|t:|1760367350
|move|p1a: Grimmsnarl|Reflect|p1a: Grimmsnarl
|-sidestart|p1: DaBigBingus|Reflect
|move|p2a: Snorlax|Heat Crash|p1a: Grimmsnarl
|-damage|p1a: Grimmsnarl|84/100
|
|-damage|p2a: Snorlax|94/100 tox|[from] psn
|upkeep
|turn|10
|
|t:|1760367357
|move|p1a: Grimmsnarl|Parting Shot|p2a: Snorlax
|-unboost|p2a: Snorlax|atk|1
|-unboost|p2a: Snorlax|spa|1
|
|t:|1760367360
|switch|p1a: Iron Hands|Iron Hands|100/100|[from] Parting Shot
|move|p2a: Snorlax|Curse|p2a: Snorlax
|-unboost|p2a: Snorlax|spe|1
|-boost|p2a: Snorlax|atk|1
|-boost|p2a: Snorlax|def|1
|
|-heal|p2a: Snorlax|100/100 tox|[from] item: Leftovers
|-damage|p2a: Snorlax|88/100 tox|[from] psn
|upkeep
|turn|11
|
|t:|1760367370
|move|p2a: Snorlax|Curse|p2a: Snorlax
|-unboost|p2a: Snorlax|spe|1
|-boost|p2a: Snorlax|atk|1
|-boost|p2a: Snorlax|def|1
|move|p1a: Iron Hands|Swords Dance|p1a: Iron Hands
|-boost|p1a: Iron Hands|atk|2
|
|-heal|p2a: Snorlax|94/100 tox|[from] item: Leftovers
|-damage|p2a: Snorlax|76/100 tox|[from] psn
|-fieldend|move: Trick Room
|upkeep
|turn|12
|
|t:|1760367379
|move|p1a: Iron Hands|Drain Punch|p2a: Snorlax
|-supereffective|p2a: Snorlax
|-damage|p2a: Snorlax|2/100 tox
|move|p2a: Snorlax|Rest|p2a: Snorlax
|-status|p2a: Snorlax|slp|[from] move: Rest
|-heal|p2a: Snorlax|100/100 slp|[silent]
|
|-sideend|p1: DaBigBingus|move: Light Screen
|upkeep
|turn|13
|
|t:|1760367389
|switch|p2a: Hit me|Mimikyu, M, shiny|100/100
|-status|p2a: Hit me|tox
|move|p1a: Iron Hands|Thunder Punch|p2a: Hit me
|-activate|p2a: Hit me|ability: Disguise
|-damage|p2a: Hit me|100/100 tox
|detailschange|p2a: Hit me|Mimikyu-Busted, M, shiny
|-damage|p2a: Hit me|88/100 tox|[from] pokemon: Mimikyu-Busted
|-enditem|p2a: Hit me|Red Card|[of] p1a: Iron Hands
|-end|p1a: Iron Hands|Quark Drive|[silent]
|drag|p1a: Iron Crown|Iron Crown|100/100
|-enditem|p1a: Iron Crown|Booster Energy
|-activate|p1a: Iron Crown|ability: Quark Drive|[fromitem]
|-start|p1a: Iron Crown|quarkdrivespe
|
|-damage|p2a: Hit me|82/100 tox|[from] psn
|-sideend|p1: DaBigBingus|Reflect
|upkeep
|turn|14
|-message|Shabooya1 forfeited.
|
|win|DaBigBingus
|raw|DaBigBingus's rating: 1459 &rarr; <strong>1476</strong><br />(+17 for winning)
|raw|Shabooya1's rating: 1409 &rarr; <strong>1392</strong><br />(-17 for losing)
|l|☆Shabooya1
|player|p2|
|l|☆DaBigBingus
|player|p1|
