|j|☆Chillmaxxer
|j|☆Oxymore25
|t:|1760304503
|gametype|singles
|player|p1|Chillmaxxer|scientist-gen4|1394
|player|p2|Oxymore25|170|1337
|gen|9
|tier|[Gen 9] OU
|rated|
|rule|HP Percentage Mod: HP is shown in percentages
|rule|Endless Battle Clause: Forcing endless battles is banned
|rule|Species Clause: Limit one of each Pokémon
|rule|OHKO Clause: OHKO moves are banned
|rule|Evasion Items Clause: Evasion items are banned
|rule|Evasion Moves Clause: Evasion moves are banned
|rule|Evasion Abilities Clause: Evasion abilities are banned
|rule|Sleep Moves Clause: Sleep-inducing moves are banned
|clearpoke
|poke|p1|Pelipper, M|
|poke|p1|Pawmot, F|
|poke|p1|Quaquaval, F|
|poke|p1|Beartic, F|
|poke|p1|Basculegion, M|
|poke|p1|Dragapult, M|
|poke|p2|Deoxys-Speed|
|poke|p2|Gholdengo|
|poke|p2|Iron Treads|
|poke|p2|Dragonite, M|
|poke|p2|Iron Moth|
|poke|p2|Samurott-Hisui, M|
|teampreview
|inactive|Battle timer is ON: inactive players will automatically lose when time's up. (requested by Oxymore25)
|
|t:|1760304524
|teamsize|p1|6
|teamsize|p2|6
|start
|switch|p1a: Pelipper|Pelipper, M|100/100
|switch|p2a: Iron Treads|Iron Treads|100/100
|-weather|RainDance|[from] ability: Drizzle|[of] p1a: Pelipper
|-enditem|p2a: Iron Treads|Booster Energy
|-activate|p2a: Iron Treads|ability: Quark Drive|[fromitem]
|-start|p2a: Iron Treads|quarkdrivespe
|turn|1
|
|t:|1760304533
|move|p2a: Iron Treads|Stealth Rock|p1a: Pelipper
|-sidestart|p1: Chillmaxxer|move: Stealth Rock
|move|p1a: Pelipper|Surf|p2a: Iron Treads
|-supereffective|p2a: Iron Treads
|-damage|p2a: Iron Treads|2/100
|
|-weather|RainDance|[upkeep]
|upkeep
|turn|2
|
|t:|1760304539
|move|p2a: Iron Treads|Knock Off|p1a: Pelipper
|-damage|p1a: Pelipper|81/100
|-enditem|p1a: Pelipper|Damp Rock|[from] move: Knock Off|[of] p2a: Iron Treads
|move|p1a: Pelipper|U-turn|p2a: Iron Treads
|-resisted|p2a: Iron Treads
|-damage|p2a: Iron Treads|0 fnt
|faint|p2a: Iron Treads
|-end|p2a: Iron Treads|Quark Drive|[silent]
|
|t:|1760304554
|switch|p1a: Beartic|Beartic, F|100/100|[from] U-turn
|-damage|p1a: Beartic|76/100|[from] Stealth Rock
|
|-weather|RainDance|[upkeep]
|upkeep
|
|t:|1760304567
|switch|p2a: Iron Moth|Iron Moth|100/100
|-enditem|p2a: Iron Moth|Booster Energy
|-activate|p2a: Iron Moth|ability: Quark Drive|[fromitem]
|-start|p2a: Iron Moth|quarkdrivespe
|turn|3
|
|t:|1760304574
|move|p2a: Iron Moth|Fiery Dance|p1a: Beartic
|-supereffective|p1a: Beartic
|-damage|p1a: Beartic|27/100
|-boost|p2a: Iron Moth|spa|1
|move|p1a: Beartic|Earthquake|p2a: Iron Moth
|-supereffective|p2a: Iron Moth
|-damage|p2a: Iron Moth|0 fnt
|faint|p2a: Iron Moth
|-end|p2a: Iron Moth|Quark Drive|[silent]
|-damage|p1a: Beartic|17/100|[from] item: Life Orb
|
|-weather|RainDance|[upkeep]
|upkeep
|
|t:|1760304587
|switch|p2a: Samurott|Samurott-Hisui, M|100/100
|turn|4
|
|t:|1760304590
|move|p1a: Beartic|Close Combat|p2a: Samurott
|-supereffective|p2a: Samurott
|-enditem|p2a: Samurott|Focus Sash
|-damage|p2a: Samurott|1/100
|-unboost|p1a: Beartic|def|1
|-unboost|p1a: Beartic|spd|1
|-damage|p1a: Beartic|7/100|[from] item: Life Orb
|move|p2a: Samurott|Ceaseless Edge|p1a: Beartic
|-damage|p1a: Beartic|0 fnt
|-sidestart|p1: Chillmaxxer|Spikes
|faint|p1a: Beartic
|
|-weather|RainDance|[upkeep]
|upkeep
|
|t:|1760304597
|switch|p1a: Quaquaval|Quaquaval, F|100/100
|-damage|p1a: Quaquaval|94/100|[from] Stealth Rock
|-damage|p1a: Quaquaval|82/100|[from] Spikes
|turn|5
|
|t:|1760304607
|move|p2a: Samurott|Ceaseless Edge|p1a: Quaquaval
|-resisted|p1a: Quaquaval
|-damage|p1a: Quaquaval|51/100
|-sidestart|p1: Chillmaxxer|Spikes
|move|p1a: Quaquaval|Aqua Step|p2a: Samurott
|-resisted|p2a: Samurott
|-damage|p2a: Samurott|0 fnt
|-boost|p1a: Quaquaval|spe|1
|faint|p2a: Samurott
|
|-weather|RainDance|[upkeep]
|upkeep
|
|t:|1760304617
|switch|p2a: Deoxys|Deoxys-Speed|100/100
|-ability|p2a: Deoxys|Pressure
|turn|6
|
|t:|1760304621
|move|p2a: Deoxys|Psycho Boost|p1a: Quaquaval
|-supereffective|p1a: Quaquaval
|-damage|p1a: Quaquaval|0 fnt
|-unboost|p2a: Deoxys|spa|2
|faint|p1a: Quaquaval
|-damage|p2a: Deoxys|91/100|[from] item: Life Orb
|
|-weather|RainDance|[upkeep]
|upkeep
|
|t:|1760304638
|switch|p1a: Basculegion|Basculegion, M|100/100
|-damage|p1a: Basculegion|88/100|[from] Stealth Rock
|-damage|p1a: Basculegion|72/100|[from] Spikes
|turn|7
|
|t:|1760304652
|move|p1a: Basculegion|Wave Crash|p2a: Deoxys
|-damage|p2a: Deoxys|0 fnt
|faint|p2a: Deoxys
|-damage|p1a: Basculegion|53/100|[from] Recoil
|
|-weather|RainDance|[upkeep]
|upkeep
|
|t:|1760304658
|switch|p2a: Gholdengo|Gholdengo|100/100
|-item|p2a: Gholdengo|Air Balloon
|turn|8
|
|t:|1760304662
|move|p1a: Basculegion|Wave Crash|p2a: Gholdengo
|-damage|p2a: Gholdengo|1/100
|-enditem|p2a: Gholdengo|Air Balloon
|-damage|p1a: Basculegion|20/100|[from] Recoil
|move|p2a: Gholdengo|Shadow Ball|p1a: Basculegion
|-supereffective|p1a: Basculegion
|-damage|p1a: Basculegion|0 fnt
|faint|p1a: Basculegion
|
|-weather|none
|upkeep
|
|t:|1760304692
|switch|p1a: Pawmot|Pawmot, F|100/100
|-damage|p1a: Pawmot|94/100|[from] Stealth Rock
|-damage|p1a: Pawmot|78/100|[from] Spikes
|turn|9
|
|t:|1760304715
|move|p1a: Pawmot|Revival Blessing|p1a: Pawmot
|-enditem|p1a: Pawmot|Leppa Berry|[eat]
|-activate|p1a: Pawmot|item: Leppa Berry|Revival Blessing|[consumed]
|
|t:|1760304719
|-heal|p1: Basculegion|50/100|[from] move: Revival Blessing
|move|p2a: Gholdengo|Shadow Ball|p1a: Pawmot
|-damage|p1a: Pawmot|28/100
|-unboost|p1a: Pawmot|spd|1
|
|upkeep
|turn|10
|
|t:|1760304729
|move|p1a: Pawmot|Volt Switch|p2a: Gholdengo
|-damage|p2a: Gholdengo|0 fnt
|faint|p2a: Gholdengo
|
|t:|1760304733
|switch|p1a: Pelipper|Pelipper, M|81/100|[from] Volt Switch
|-damage|p1a: Pelipper|56/100|[from] Stealth Rock
|-weather|RainDance|[from] ability: Drizzle|[of] p1a: Pelipper
|
|-weather|RainDance|[upkeep]
|upkeep
|
|t:|1760304739
|switch|p2a: Dragonite|Dragonite, M|100/100
|turn|11
|
|t:|1760304744
|move|p2a: Dragonite|Dragon Dance|p2a: Dragonite
|-boost|p2a: Dragonite|atk|1
|-boost|p2a: Dragonite|spe|1
|move|p1a: Pelipper|U-turn|p2a: Dragonite
|-resisted|p2a: Dragonite
|-damage|p2a: Dragonite|98/100
|
|t:|1760304746
|switch|p1a: Basculegion|Basculegion, M|50/100|[from] U-turn
|-damage|p1a: Basculegion|38/100|[from] Stealth Rock
|-damage|p1a: Basculegion|22/100|[from] Spikes
|
|-weather|RainDance|[upkeep]
|upkeep
|turn|12
|
|t:|1760304762
|move|p1a: Basculegion|Head Smash|p2a: Dragonite
|-supereffective|p2a: Dragonite
|-damage|p2a: Dragonite|0 fnt
|faint|p2a: Dragonite
|-damage|p1a: Basculegion|0 fnt|[from] Recoil
|faint|p1a: Basculegion
|
|win|Chillmaxxer
|raw|Chillmaxxer's rating: 1394 &rarr; <strong>1411</strong><br />(+17 for winning)
|raw|Oxymore25's rating: 1337 &rarr; <strong>1320</strong><br />(-17 for losing)
|c|☆Oxymore25|gg
|c|☆Chillmaxxer|gg
|l|☆Oxymore25
|player|p2|
