|j|☆fujizen
|j|☆trimac1
|t:|1760328051
|gametype|singles
|player|p1|fujizen|lance-gen1|1381
|player|p2|trimac1|flannery|1336
|gen|9
|tier|[Gen 9] OU
|rated|
|rule|HP Percentage Mod: HP is shown in percentages
|rule|Endless Battle Clause: Forcing endless battles is banned
|rule|Species Clause: Limit one of each Pokémon
|rule|OHKO Clause: OHKO moves are banned
|rule|Evasion Items Clause: Evasion items are banned
|rule|Evasion Moves Clause: Evasion moves are banned
|rule|Evasion Abilities Clause: Evasion abilities are banned
|rule|Sleep Moves Clause: Sleep-inducing moves are banned
|clearpoke
|poke|p1|Greninja-*, M|
|poke|p1|Landorus-Therian, M|
|poke|p1|Dondozo, M|
|poke|p1|Clodsire, F|
|poke|p1|Dragapult, F|
|poke|p1|Cresselia, F|
|poke|p2|Dragonite, M|
|poke|p2|Gliscor, M|
|poke|p2|Kingambit, M|
|poke|p2|Corviknight, M|
|poke|p2|Primarina, M|
|poke|p2|Raging Bolt|
|teampreview
|inactive|Battle timer is ON: inactive players will automatically lose when time's up. (requested by trimac1)
|
|t:|1760328060
|teamsize|p1|6
|teamsize|p2|6
|start
|switch|p1a: Zendaya|Greninja, M|100/100
|switch|p2a: Primarina|Primarina, M|100/100
|turn|1
|
|t:|1760328074
|move|p1a: Zendaya|Dark Pulse|p2a: Primarina
|-resisted|p2a: Primarina
|-damage|p2a: Primarina|90/100
|move|p2a: Primarina|Moonblast|p1a: Zendaya
|-supereffective|p1a: Zendaya
|-damage|p1a: Zendaya|0 fnt
|faint|p1a: Zendaya
|
|upkeep
|
|t:|1760328079
|switch|p1a: Cresselia|Cresselia, F, shiny|100/100
|turn|2
|
|t:|1760328085
|switch|p2a: Kingambit|Kingambit, M|100/100
|-terastallize|p1a: Cresselia|Electric
|move|p1a: Cresselia|Calm Mind|p1a: Cresselia
|-boost|p1a: Cresselia|spa|1
|-boost|p1a: Cresselia|spd|1
|
|upkeep
|turn|3
|
|t:|1760328092
|move|p1a: Cresselia|Moonblast|p2a: Kingambit
|-damage|p2a: Kingambit|68/100
|-unboost|p2a: Kingambit|spa|1
|move|p2a: Kingambit|Kowtow Cleave|p1a: Cresselia
|-damage|p1a: Cresselia|71/100
|
|-heal|p2a: Kingambit|74/100|[from] item: Leftovers
|upkeep
|turn|4
|
|t:|1760328104
|-end|p2a: Kingambit|fallenundefined|[silent]
|switch|p2a: Gliscor|Gliscor, M|100/100
|move|p1a: Cresselia|Calm Mind|p1a: Cresselia
|-boost|p1a: Cresselia|spa|1
|-boost|p1a: Cresselia|spd|1
|
|-status|p2a: Gliscor|tox|[from] item: Toxic Orb
|upkeep
|turn|5
|
|t:|1760328111
|move|p2a: Gliscor|Earthquake|p1a: Cresselia
|-immune|p1a: Cresselia|[from] ability: Levitate
|move|p1a: Cresselia|Moonblast|p2a: Gliscor
|-crit|p2a: Gliscor
|-damage|p2a: Gliscor|39/100 tox
|
|-heal|p2a: Gliscor|52/100 tox|[from] ability: Poison Heal
|upkeep
|turn|6
|
|t:|1760328118
|move|p2a: Gliscor|Toxic|p1a: Cresselia|[miss]
|-miss|p2a: Gliscor|p1a: Cresselia
|move|p1a: Cresselia|Moonblast|p2a: Gliscor
|-damage|p2a: Gliscor|12/100 tox
|
|-heal|p2a: Gliscor|25/100 tox|[from] ability: Poison Heal
|upkeep
|turn|7
|
|t:|1760328125
|move|p2a: Gliscor|Protect|p2a: Gliscor
|-singleturn|p2a: Gliscor|Protect
|move|p1a: Cresselia|Moonblast|p2a: Gliscor
|-activate|p2a: Gliscor|move: Protect
|
|-heal|p2a: Gliscor|37/100 tox|[from] ability: Poison Heal
|upkeep
|turn|8
|
|t:|1760328139
|switch|p2a: Corviknight|Corviknight, M|100/100
|-ability|p2a: Corviknight|Pressure
|move|p1a: Cresselia|Moonblast|p2a: Corviknight
|-resisted|p2a: Corviknight
|-damage|p2a: Corviknight|80/100
|
|-heal|p2a: Corviknight|86/100|[from] item: Leftovers
|upkeep
|turn|9
|
|t:|1760328148
|move|p1a: Cresselia|Thunderbolt|p2a: Corviknight
|-supereffective|p2a: Corviknight
|-damage|p2a: Corviknight|0 fnt
|faint|p2a: Corviknight
|
|upkeep
|
|t:|1760328160
|switch|p2a: Dragonite|Dragonite, M|100/100
|turn|10
|
|t:|1760328168
|-terastallize|p2a: Dragonite|Normal
|move|p2a: Dragonite|Dragon Dance|p2a: Dragonite
|-boost|p2a: Dragonite|atk|1
|-boost|p2a: Dragonite|spe|1
|move|p1a: Cresselia|Thunderbolt|p2a: Dragonite
|-damage|p2a: Dragonite|65/100
|
|upkeep
|turn|11
|
|t:|1760328175
|move|p2a: Dragonite|Extreme Speed|p1a: Cresselia
|-damage|p1a: Cresselia|23/100
|move|p1a: Cresselia|Thunderbolt|p2a: Dragonite
|-damage|p2a: Dragonite|2/100
|-status|p2a: Dragonite|par
|
|upkeep
|turn|12
|
|t:|1760328185
|move|p2a: Dragonite|Extreme Speed|p1a: Cresselia
|-damage|p1a: Cresselia|0 fnt
|faint|p1a: Cresselia
|
|upkeep
|
|t:|1760328190
|switch|p1a: Joseph Korman|Dragapult, F|100/100
|turn|13
|
|t:|1760328194
|move|p1a: Joseph Korman|U-turn|p2a: Dragonite
|-damage|p2a: Dragonite|0 fnt
|faint|p2a: Dragonite
|
|t:|1760328197
|switch|p1a: John McCane|Landorus-Therian, M|100/100|[from] U-turn
|
|upkeep
|
|t:|1760328201
|switch|p2a: Primarina|Primarina, M|90/100
|turn|14
|
|t:|1760328207
|move|p1a: John McCane|U-turn|p2a: Primarina
|-resisted|p2a: Primarina
|-crit|p2a: Primarina
|-damage|p2a: Primarina|51/100
|
|t:|1760328210
|switch|p1a: Ethan Mohammed|Clodsire, F|100/100|[from] U-turn
|move|p2a: Primarina|Surf|p1a: Ethan Mohammed
|-immune|p1a: Ethan Mohammed|[from] ability: Water Absorb
|
|upkeep
|turn|15
|
|t:|1760328219
|switch|p2a: Gliscor|Gliscor, M|37/100 tox
|move|p1a: Ethan Mohammed|Toxic Spikes|p2a: Gliscor
|-sidestart|p2: trimac1|move: Toxic Spikes
|
|-heal|p2a: Gliscor|50/100 tox|[from] ability: Poison Heal
|upkeep
|turn|16
|
|t:|1760328227
|switch|p1a: John McCane|Landorus-Therian, M|100/100
|-ability|p1a: John McCane|Intimidate|boost
|-unboost|p2a: Gliscor|atk|1
|move|p2a: Gliscor|Stealth Rock|p1a: John McCane
|-sidestart|p1: fujizen|move: Stealth Rock
|
|-heal|p2a: Gliscor|62/100 tox|[from] ability: Poison Heal
|upkeep
|turn|17
|
|t:|1760328235
|move|p1a: John McCane|Stealth Rock|p2a: Gliscor
|-sidestart|p2: trimac1|move: Stealth Rock
|move|p2a: Gliscor|Toxic|p1a: John McCane
|-status|p1a: John McCane|tox
|
|-damage|p1a: John McCane|95/100 tox|[from] psn
|-heal|p2a: Gliscor|75/100 tox|[from] ability: Poison Heal
|upkeep
|turn|18
|
|t:|1760328242
|switch|p1a: Ethan Mohammed|Clodsire, F|100/100
|move|p2a: Gliscor|Protect||[still]
|-fail|p2a: Gliscor
|
|-heal|p2a: Gliscor|87/100 tox|[from] ability: Poison Heal
|upkeep
|turn|19
|
|t:|1760328248
|switch|p1a: John McCane|Landorus-Therian, M|95/100 tox
|-damage|p1a: John McCane|82/100 tox|[from] Stealth Rock
|-ability|p1a: John McCane|Intimidate|boost
|-unboost|p2a: Gliscor|atk|1
|move|p2a: Gliscor|Earthquake|p1a: John McCane
|-immune|p1a: John McCane
|
|-damage|p1a: John McCane|76/100 tox|[from] psn
|-heal|p2a: Gliscor|99/100 tox|[from] ability: Poison Heal
|upkeep
|turn|20
|
|t:|1760328258
|switch|p1a: Joseph Korman|Dragapult, F|100/100
|-damage|p1a: Joseph Korman|88/100|[from] Stealth Rock
|move|p2a: Gliscor|Earthquake|p1a: Joseph Korman
|-damage|p1a: Joseph Korman|65/100
|
|-heal|p2a: Gliscor|100/100 tox|[from] ability: Poison Heal
|upkeep
|turn|21
|
|t:|1760328269
|move|p1a: Joseph Korman|Dragon Darts|p2a: Gliscor
|-damage|p2a: Gliscor|74/100 tox
|-anim|p1a: Joseph Korman|Dragon Darts|p2a: Gliscor
|-damage|p2a: Gliscor|43/100 tox
|move|p2a: Gliscor|Toxic|p1a: Joseph Korman
|-status|p1a: Joseph Korman|tox
|
|-damage|p1a: Joseph Korman|59/100 tox|[from] psn
|-heal|p2a: Gliscor|56/100 tox|[from] ability: Poison Heal
|upkeep
|turn|22
|
|t:|1760328278
|switch|p1a: John McCane|Landorus-Therian, M|76/100 tox
|-damage|p1a: John McCane|64/100 tox|[from] Stealth Rock
|-ability|p1a: John McCane|Intimidate|boost
|-unboost|p2a: Gliscor|atk|1
|move|p2a: Gliscor|Protect||[still]
|-fail|p2a: Gliscor
|
|-damage|p1a: John McCane|58/100 tox|[from] psn
|-heal|p2a: Gliscor|68/100 tox|[from] ability: Poison Heal
|upkeep
|turn|23
|
|t:|1760328287
|move|p1a: John McCane|U-turn|p2a: Gliscor
|-resisted|p2a: Gliscor
|-damage|p2a: Gliscor|53/100 tox
|
|t:|1760328291
|switch|p1a: Kim Kardashian|Dondozo, M, shiny|100/100|[from] U-turn
|move|p2a: Gliscor|Earthquake|p1a: Kim Kardashian
|-damage|p1a: Kim Kardashian|80/100
|
|-heal|p2a: Gliscor|66/100 tox|[from] ability: Poison Heal
|upkeep
|turn|24
|
|t:|1760328305
|move|p2a: Gliscor|Toxic|p1a: Kim Kardashian|[miss]
|-miss|p2a: Gliscor|p1a: Kim Kardashian
|move|p1a: Kim Kardashian|Wave Crash|p2a: Gliscor
|-supereffective|p2a: Gliscor
|-damage|p2a: Gliscor|0 fnt
|faint|p2a: Gliscor
|-damage|p1a: Kim Kardashian|65/100|[from] Recoil
|
|upkeep
|
|t:|1760328315
|switch|p2a: Kingambit|Kingambit, M|74/100
|-damage|p2a: Kingambit|68/100|[from] Stealth Rock
|-activate|p2a: Kingambit|ability: Supreme Overlord
|-start|p2a: Kingambit|fallen3|[silent]
|turn|25
|
|t:|1760328320
|move|p2a: Kingambit|Kowtow Cleave|p1a: Kim Kardashian
|-damage|p1a: Kim Kardashian|27/100
|move|p1a: Kim Kardashian|Earthquake|p2a: Kingambit
|-supereffective|p2a: Kingambit
|-damage|p2a: Kingambit|21/100
|
|-heal|p2a: Kingambit|27/100|[from] item: Leftovers
|upkeep
|turn|26
|
|t:|1760328328
|move|p2a: Kingambit|Kowtow Cleave|p1a: Kim Kardashian
|-crit|p1a: Kim Kardashian
|-damage|p1a: Kim Kardashian|0 fnt
|faint|p1a: Kim Kardashian
|
|-heal|p2a: Kingambit|33/100|[from] item: Leftovers
|upkeep
|
|t:|1760328330
|switch|p1a: John McCane|Landorus-Therian, M|58/100 tox
|-damage|p1a: John McCane|46/100 tox|[from] Stealth Rock
|-ability|p1a: John McCane|Intimidate|boost
|-unboost|p2a: Kingambit|atk|1
|turn|27
|
|t:|1760328340
|move|p2a: Kingambit|Sucker Punch|p1a: John McCane
|-damage|p1a: John McCane|3/100 tox
|move|p1a: John McCane|Earthquake|p2a: Kingambit
|-supereffective|p2a: Kingambit
|-damage|p2a: Kingambit|0 fnt
|faint|p2a: Kingambit
|-end|p2a: Kingambit|fallen3|[silent]
|
|-damage|p1a: John McCane|0 fnt|[from] psn
|faint|p1a: John McCane
|upkeep
|
|t:|1760328349
|switch|p1a: Ethan Mohammed|Clodsire, F|100/100
|switch|p2a: Primarina|Primarina, M|51/100
|-status|p2a: Primarina|psn
|-damage|p2a: Primarina|39/100 psn|[from] Stealth Rock
|turn|28
|
|t:|1760328356
|move|p2a: Primarina|Psychic Noise|p1a: Ethan Mohammed
|-supereffective|p1a: Ethan Mohammed
|-crit|p1a: Ethan Mohammed
|-damage|p1a: Ethan Mohammed|41/100
|-start|p1a: Ethan Mohammed|move: Heal Block
|move|p1a: Ethan Mohammed|Gunk Shot|p2a: Primarina
|-supereffective|p2a: Primarina
|-damage|p2a: Primarina|0 fnt
|faint|p2a: Primarina
|
|upkeep
|
|t:|1760328365
|switch|p2a: Raging Bolt|Raging Bolt|100/100
|-status|p2a: Raging Bolt|psn
|-damage|p2a: Raging Bolt|88/100 psn|[from] Stealth Rock
|-enditem|p2a: Raging Bolt|Booster Energy
|-activate|p2a: Raging Bolt|ability: Protosynthesis|[fromitem]
|-start|p2a: Raging Bolt|protosynthesisspa
|turn|29
|
|t:|1760328372
|move|p2a: Raging Bolt|Dragon Pulse|p1a: Ethan Mohammed
|-damage|p1a: Ethan Mohammed|0 fnt
|faint|p1a: Ethan Mohammed
|
|-damage|p2a: Raging Bolt|76/100 psn|[from] psn
|upkeep
|
|t:|1760328375
|switch|p1a: Joseph Korman|Dragapult, F|59/100 tox
|-damage|p1a: Joseph Korman|47/100 tox|[from] Stealth Rock
|turn|30
|
|t:|1760328386
|move|p2a: Raging Bolt|Thunderclap|p1a: Joseph Korman
|-resisted|p1a: Joseph Korman
|-damage|p1a: Joseph Korman|11/100 tox
|move|p1a: Joseph Korman|Dragon Darts|p2a: Raging Bolt
|-supereffective|p2a: Raging Bolt
|-damage|p2a: Raging Bolt|9/100 psn
|-anim|p1a: Joseph Korman|Dragon Darts|p2a: Raging Bolt
|-supereffective|p2a: Raging Bolt
|-crit|p2a: Raging Bolt
|-damage|p2a: Raging Bolt|0 fnt
|faint|p2a: Raging Bolt
|-end|p2a: Raging Bolt|Protosynthesis|[silent]
|
|win|fujizen
|raw|fujizen's rating: 1381 &rarr; <strong>1398</strong><br />(+17 for winning)
|raw|trimac1's rating: 1336 &rarr; <strong>1319</strong><br />(-17 for losing)
|l|☆fujizen
|player|p1|
|l|☆trimac1
|player|p2|
