|j|☆Swagataka
|j|☆NguyenKhoaPRO
|t:|1760448630
|gametype|singles
|player|p1|Swagataka|byron|1745
|player|p2|NguyenKhoaPRO|blue|1696
|gen|9
|tier|[Gen 9] OU
|rated|
|rule|HP Percentage Mod: HP is shown in percentages
|rule|Endless Battle Clause: Forcing endless battles is banned
|rule|Species Clause: Limit one of each Pokémon
|rule|OHKO Clause: OHKO moves are banned
|rule|Evasion Items Clause: Evasion items are banned
|rule|Evasion Moves Clause: Evasion moves are banned
|rule|Evasion Abilities Clause: Evasion abilities are banned
|rule|Sleep Moves Clause: Sleep-inducing moves are banned
|clearpoke
|poke|p1|Pecharunt|
|poke|p1|Great Tusk|
|poke|p1|Kingambit, F|
|poke|p1|Regigigas|
|poke|p1|Zoroark-Hisui, F|
|poke|p1|Crabominable, F|
|poke|p2|Kingambit, M|
|poke|p2|Greninja-*, M|
|poke|p2|Dragapult, M|
|poke|p2|Great Tusk|
|poke|p2|Iron Moth|
|poke|p2|Deoxys-Speed|
|teampreview
|
|t:|1760448650
|teamsize|p1|6
|teamsize|p2|6
|start
|switch|p1a: Kingambit|Kingambit, F|100/100
|switch|p2a: MOEBIUS|Deoxys-Speed|100/100
|-ability|p2a: MOEBIUS|Pressure
|-item|p1a: Kingambit|Air Balloon
|turn|1
|
|t:|1760448667
|move|p2a: MOEBIUS|Focus Blast|p1a: Kingambit
|-immune|p1a: Kingambit
|move|p1a: Kingambit|Shadow Ball|p2a: MOEBIUS
|-supereffective|p2a: MOEBIUS
|-damage|p2a: MOEBIUS|0 fnt
|faint|p2a: MOEBIUS
|
|upkeep
|
|t:|1760448685
|switch|p2a: VAN AUGUR|Greninja, M|100/100
|turn|2
|
|t:|1760448690
|switch|p1a: dont even joke lad|Regigigas|100/100
|-start|p1a: dont even joke lad|ability: Slow Start
|move|p2a: VAN AUGUR|Dark Pulse|p1a: dont even joke lad
|-damage|p1a: dont even joke lad|65/100
|-damage|p2a: VAN AUGUR|91/100|[from] item: Life Orb
|
|upkeep
|turn|3
|
|t:|1760448697
|move|p2a: VAN AUGUR|Hydro Pump|p1a: dont even joke lad
|-damage|p1a: dont even joke lad|9/100
|-damage|p2a: VAN AUGUR|81/100|[from] item: Life Orb
|move|p1a: dont even joke lad|Thunderbolt|p2a: VAN AUGUR
|-supereffective|p2a: VAN AUGUR
|-damage|p2a: VAN AUGUR|0 fnt
|faint|p2a: VAN AUGUR
|
|upkeep
|
|t:|1760448703
|switch|p2a: ALUCARD|Iron Moth|100/100
|-enditem|p2a: ALUCARD|Booster Energy
|-activate|p2a: ALUCARD|ability: Quark Drive|[fromitem]
|-start|p2a: ALUCARD|quarkdrivespe
|turn|4
|
|t:|1760448705
|move|p2a: ALUCARD|Fiery Dance|p1a: dont even joke lad
|-damage|p1a: dont even joke lad|0 fnt
|-boost|p2a: ALUCARD|spa|1
|faint|p1a: dont even joke lad
|
|upkeep
|inactive|Battle timer is ON: inactive players will automatically lose when time's up. (requested by NguyenKhoaPRO)
|
|t:|1760448730
|switch|p1a: Pecharunt|Pecharunt|100/100
|turn|5
|
|t:|1760448742
|move|p2a: ALUCARD|Fiery Dance|p1a: Pecharunt
|-damage|p1a: Pecharunt|41/100
|move|p1a: Pecharunt|Shadow Ball|p2a: ALUCARD
|-damage|p2a: ALUCARD|76/100
|
|upkeep
|turn|6
|
|t:|1760448748
|move|p2a: ALUCARD|Fiery Dance|p1a: Pecharunt
|-damage|p1a: Pecharunt|0 fnt
|-boost|p2a: ALUCARD|spa|1
|faint|p1a: Pecharunt
|
|upkeep
|
|t:|1760448749
|switch|p1a: Kingambit|Kingambit, F|100/100
|-item|p1a: Kingambit|Air Balloon
|turn|7
|
|t:|1760448753
|move|p1a: Kingambit|Sucker Punch|p2a: ALUCARD
|-damage|p2a: ALUCARD|12/100
|move|p2a: ALUCARD|Fiery Dance|p1a: Kingambit
|-supereffective|p1a: Kingambit
|-damage|p1a: Kingambit|0 fnt
|-enditem|p1a: Kingambit|Air Balloon
|faint|p1a: Kingambit
|
|upkeep
|j| Forever1507
|
|t:|1760448764
|switch|p1a: Crabominable|Crabominable, F|100/100
|turn|8
|
|t:|1760448773
|-terastallize|p1a: Crabominable|Fighting
|move|p2a: ALUCARD|Fiery Dance|p1a: Crabominable
|-damage|p1a: Crabominable|0 fnt
|-boost|p2a: ALUCARD|spa|1
|faint|p1a: Crabominable
|
|upkeep
|-message|Swagataka forfeited.
|
|win|NguyenKhoaPRO
|raw|Swagataka's rating: 1745 &rarr; <strong>1722</strong><br />(-23 for losing)
|raw|NguyenKhoaPRO's rating: 1696 &rarr; <strong>1719</strong><br />(+23 for winning)
|l|☆Swagataka
|player|p1|
|l| Forever1507
|l|☆NguyenKhoaPRO
|player|p2|
