|j|☆eros maniac
|j|‽clodsirebiggestfan
|t:|1760450601
|gametype|singles
|player|p1|eros maniac|hilbert-wonderlauncher|1764
|player|p2|clodsirebiggestfan|miku-ghost|1790
|gen|9
|tier|[Gen 9] OU
|rated|
|rule|HP Percentage Mod: HP is shown in percentages
|rule|Endless Battle Clause: Forcing endless battles is banned
|rule|Species Clause: Limit one of each Pokémon
|rule|OHKO Clause: OHKO moves are banned
|rule|Evasion Items Clause: Evasion items are banned
|rule|Evasion Moves Clause: Evasion moves are banned
|rule|Evasion Abilities Clause: Evasion abilities are banned
|rule|Sleep Moves Clause: Sleep-inducing moves are banned
|clearpoke
|poke|p1|Frosmoth, F|
|poke|p1|Maushold-Four|
|poke|p1|Krookodile, M|
|poke|p1|Sinistcha|
|poke|p1|Alomomola, F|
|poke|p1|Weezing-Galar, F|
|poke|p2|Kingambit, F|
|poke|p2|Clodsire, F|
|poke|p2|Zamazenta-*|
|poke|p2|Weezing-Galar, M|
|poke|p2|Ogerpon, F|
|poke|p2|Raging Bolt|
|teampreview
|inactive|Battle timer is ON: inactive players will automatically lose when time's up. (requested by eros maniac)
|
|t:|1760450610
|teamsize|p1|6
|teamsize|p2|6
|start
|switch|p1a: Weezing|Weezing-Galar, F|100/100
|switch|p2a: Ogerpon|Ogerpon, F|100/100
|-ability|p1a: Weezing|Neutralizing Gas
|turn|1
|
|t:|1760450617
|move|p2a: Ogerpon|U-turn|p1a: Weezing
|-resisted|p1a: Weezing
|-damage|p1a: Weezing|95/100
|
|t:|1760450619
|switch|p2a: Clodsire|Clodsire, F|100/100|[from] U-turn
|move|p1a: Weezing|Strange Steam|p2a: Clodsire
|-resisted|p2a: Clodsire
|-damage|p2a: Clodsire|93/100
|
|upkeep
|turn|2
|
|t:|1760450623
|-end|p1a: Weezing|ability: Neutralizing Gas
|switch|p1a: Krookodile|Krookodile, M|100/100
|-ability|p1a: Krookodile|Intimidate|boost
|-unboost|p2a: Clodsire|atk|1
|move|p2a: Clodsire|Stealth Rock|p1a: Krookodile
|-sidestart|p1: eros maniac|move: Stealth Rock
|
|upkeep
|turn|3
|
|t:|1760450627
|switch|p2a: Weezing|Weezing-Galar, M|100/100
|move|p1a: Krookodile|Knock Off|p2a: Weezing
|-resisted|p2a: Weezing
|-damage|p2a: Weezing|76/100
|-damage|p1a: Krookodile|84/100|[from] item: Rocky Helmet|[of] p2a: Weezing
|-enditem|p2a: Weezing|Rocky Helmet|[from] move: Knock Off|[of] p1a: Krookodile
|
|upkeep
|turn|4
|
|t:|1760450631
|switch|p1a: Weezing|Weezing-Galar, F|95/100
|-ability|p1a: Weezing|Neutralizing Gas
|-damage|p1a: Weezing|83/100|[from] Stealth Rock
|move|p2a: Weezing|Flamethrower|p1a: Weezing
|-damage|p1a: Weezing|56/100
|
|upkeep
|turn|5
|
|t:|1760450634
|move|p1a: Weezing|Defog|p2a: Weezing
|-unboost|p2a: Weezing|evasion|1
|-sideend|p1: eros maniac|Stealth Rock|[from] move: Defog|[of] p1a: Weezing
|move|p2a: Weezing|Flamethrower|p1a: Weezing
|-damage|p1a: Weezing|31/100
|
|upkeep
|turn|6
|
|t:|1760450637
|move|p1a: Weezing|Pain Split|p2a: Weezing
|-sethp|p2a: Weezing|54/100|[from] move: Pain Split|[silent]
|-sethp|p1a: Weezing|53/100|[from] move: Pain Split
|move|p2a: Weezing|Flamethrower|p1a: Weezing
|-damage|p1a: Weezing|29/100
|
|upkeep
|turn|7
|
|t:|1760450647
|-end|p1a: Weezing|ability: Neutralizing Gas
|switch|p1a: Alomomola|Alomomola, F, shiny|100/100
|move|p2a: Weezing|Flamethrower|p1a: Alomomola
|-resisted|p1a: Alomomola
|-damage|p1a: Alomomola|92/100
|
|upkeep
|turn|8
|
|t:|1760450650
|move|p2a: Weezing|Will-O-Wisp|p1a: Alomomola
|-status|p1a: Alomomola|brn
|move|p1a: Alomomola|Wish|p1a: Alomomola
|
|-damage|p1a: Alomomola|86/100 brn|[from] brn
|upkeep
|turn|9
|
|t:|1760450654
|switch|p1a: Weezing|Weezing-Galar, F|29/100
|-ability|p1a: Weezing|Neutralizing Gas
|move|p2a: Weezing|Pain Split|p1a: Weezing
|-sethp|p1a: Weezing|41/100|[from] move: Pain Split|[silent]
|-sethp|p2a: Weezing|41/100|[from] move: Pain Split
|
|-heal|p1a: Weezing|100/100|[from] move: Wish|[wisher] Alomomola
|upkeep
|turn|10
|
|t:|1760450667
|-end|p1a: Weezing|ability: Neutralizing Gas
|switch|p1a: Frosmoth|Frosmoth, F, shiny|100/100
|move|p2a: Weezing|Pain Split|p1a: Frosmoth
|-sethp|p1a: Frosmoth|70/100|[from] move: Pain Split|[silent]
|-sethp|p2a: Weezing|73/100|[from] move: Pain Split
|
|-heal|p1a: Frosmoth|76/100|[from] item: Leftovers
|upkeep
|turn|11
|
|t:|1760450676
|move|p1a: Frosmoth|Quiver Dance|p1a: Frosmoth
|-boost|p1a: Frosmoth|spa|1
|-boost|p1a: Frosmoth|spd|1
|-boost|p1a: Frosmoth|spe|1
|move|p2a: Weezing|Flamethrower|p1a: Frosmoth
|-supereffective|p1a: Frosmoth
|-damage|p1a: Frosmoth|58/100
|
|-heal|p1a: Frosmoth|64/100|[from] item: Leftovers
|upkeep
|turn|12
|
|t:|1760450682
|switch|p2a: Kingambit|Kingambit, F|100/100
|move|p1a: Frosmoth|Ice Beam|p2a: Kingambit
|-resisted|p2a: Kingambit
|-damage|p2a: Kingambit|74/100
|
|-heal|p1a: Frosmoth|71/100|[from] item: Leftovers
|-heal|p2a: Kingambit|80/100|[from] item: Leftovers
|upkeep
|turn|13
|
|t:|1760450684
|switch|p1a: Krookodile|Krookodile, M|84/100
|-ability|p1a: Krookodile|Intimidate|boost
|-unboost|p2a: Kingambit|atk|1
|move|p2a: Kingambit|Iron Head|p1a: Krookodile
|-damage|p1a: Krookodile|56/100
|
|-heal|p2a: Kingambit|86/100|[from] item: Leftovers
|upkeep
|turn|14
|j| 3idk
|
|t:|1760450691
|switch|p1a: Maushold|Maushold-Four|100/100
|-end|p2a: Kingambit|fallenundefined|[silent]
|switch|p2a: Weezing|Weezing-Galar, M|73/100
|
|upkeep
|turn|15
|
|t:|1760450696
|move|p1a: Maushold|Population Bomb|p2a: Weezing
|-damage|p2a: Weezing|65/100
|-damage|p2a: Weezing|58/100
|-damage|p2a: Weezing|52/100
|-damage|p2a: Weezing|44/100
|-damage|p2a: Weezing|36/100
|-damage|p2a: Weezing|28/100
|-damage|p2a: Weezing|21/100
|-damage|p2a: Weezing|14/100
|-damage|p2a: Weezing|8/100
|-damage|p2a: Weezing|0 fnt
|faint|p2a: Weezing
|-hitcount|p2: Weezing|10
|
|upkeep
|
|t:|1760450707
|switch|p2a: Kingambit|Kingambit, F|86/100
|-activate|p2a: Kingambit|ability: Supreme Overlord
|-start|p2a: Kingambit|fallen1|[silent]
|turn|16
|
|t:|1760450710
|switch|p1a: Krookodile|Krookodile, M|56/100
|-ability|p1a: Krookodile|Intimidate|boost
|-unboost|p2a: Kingambit|atk|1
|move|p2a: Kingambit|Swords Dance|p2a: Kingambit
|-boost|p2a: Kingambit|atk|2
|
|-heal|p2a: Kingambit|93/100|[from] item: Leftovers
|upkeep
|turn|17
|
|t:|1760450714
|move|p1a: Krookodile|Earthquake|p2a: Kingambit
|-supereffective|p2a: Kingambit
|-damage|p2a: Kingambit|0 fnt
|faint|p2a: Kingambit
|-end|p2a: Kingambit|fallen1|[silent]
|
|upkeep
|
|t:|1760450734
|switch|p2a: Ogerpon|Ogerpon, F|100/100
|turn|18
|
|t:|1760450737
|switch|p1a: Weezing|Weezing-Galar, F|100/100
|-ability|p1a: Weezing|Neutralizing Gas
|move|p2a: Ogerpon|Knock Off|p1a: Weezing
|-resisted|p1a: Weezing
|-crit|p1a: Weezing
|-damage|p1a: Weezing|79/100
|-enditem|p1a: Weezing|Shuca Berry|[from] move: Knock Off|[of] p2a: Ogerpon
|
|upkeep
|turn|19
|
|t:|1760450747
|switch|p2a: Clodsire|Clodsire, F|93/100
|move|p1a: Weezing|Strange Steam|p2a: Clodsire
|-resisted|p2a: Clodsire
|-damage|p2a: Clodsire|86/100
|
|upkeep
|turn|20
|j| bloodhound q50
|
|t:|1760450750
|-end|p1a: Weezing|ability: Neutralizing Gas
|switch|p1a: Maushold|Maushold-Four|100/100
|move|p2a: Clodsire|Stealth Rock|p1a: Maushold
|-sidestart|p1: eros maniac|move: Stealth Rock
|
|upkeep
|turn|21
|
|t:|1760450756
|move|p1a: Maushold|Population Bomb|p2a: Clodsire
|-damage|p2a: Clodsire|73/100
|-damage|p2a: Clodsire|60/100
|-damage|p2a: Clodsire|49/100
|-damage|p2a: Clodsire|37/100
|-crit|p2a: Clodsire
|-damage|p2a: Clodsire|17/100
|-damage|p2a: Clodsire|4/100
|-damage|p2a: Clodsire|0 fnt
|faint|p2a: Clodsire
|-hitcount|p2: Clodsire|7
|
|upkeep
|
|t:|1760450758
|switch|p2a: Zamazenta|Zamazenta|100/100
|-ability|p2a: Zamazenta|Dauntless Shield|boost
|-boost|p2a: Zamazenta|def|1
|turn|22
|
|t:|1760450768
|switch|p2a: Raging Bolt|Raging Bolt|100/100
|switch|p1a: Alomomola|Alomomola, F, shiny|100/100 brn
|-damage|p1a: Alomomola|88/100 brn|[from] Stealth Rock
|
|-damage|p1a: Alomomola|82/100 brn|[from] brn
|upkeep
|turn|23
|
|t:|1760450777
|move|p2a: Raging Bolt|Calm Mind|p2a: Raging Bolt
|-boost|p2a: Raging Bolt|spa|1
|-boost|p2a: Raging Bolt|spd|1
|move|p1a: Alomomola|Flip Turn|p2a: Raging Bolt
|-resisted|p2a: Raging Bolt
|-damage|p2a: Raging Bolt|98/100
|
|t:|1760450790
|switch|p1a: Maushold|Maushold-Four|100/100|[from] Flip Turn
|-damage|p1a: Maushold|88/100|[from] Stealth Rock
|
|-heal|p2a: Raging Bolt|100/100|[from] item: Leftovers
|upkeep
|turn|24
|
|t:|1760450794
|move|p2a: Raging Bolt|Thunderclap||[still]
|-fail|p2a: Raging Bolt
|move|p1a: Maushold|Tidy Up|p1a: Maushold
|-sideend|p1: eros maniac|Stealth Rock
|-activate|p1a: Maushold|move: Tidy Up
|-boost|p1a: Maushold|atk|1
|-boost|p1a: Maushold|spe|1
|
|upkeep
|turn|25
|
|t:|1760450798
|move|p2a: Raging Bolt|Thunderclap|p1a: Maushold
|-damage|p1a: Maushold|15/100
|move|p1a: Maushold|Population Bomb|p2a: Raging Bolt
|-damage|p2a: Raging Bolt|91/100
|-damage|p2a: Raging Bolt|80/100
|-damage|p2a: Raging Bolt|71/100
|-damage|p2a: Raging Bolt|61/100
|-damage|p2a: Raging Bolt|53/100
|-damage|p2a: Raging Bolt|43/100
|-damage|p2a: Raging Bolt|33/100
|-damage|p2a: Raging Bolt|24/100
|-crit|p2a: Raging Bolt
|-damage|p2a: Raging Bolt|9/100
|-damage|p2a: Raging Bolt|0 fnt
|faint|p2a: Raging Bolt
|-end|p2a: Raging Bolt|Protosynthesis|[silent]
|-hitcount|p2: Raging Bolt|10
|
|upkeep
|-message|clodsirebiggestfan forfeited.
|
|win|eros maniac
|raw|eros maniac's rating: 1764 &rarr; <strong>1785</strong><br />(+21 for winning)
|raw|clodsirebiggestfan's rating: 1790 &rarr; <strong>1769</strong><br />(-21 for losing)
|l|‽clodsirebiggestfan
|player|p2|
|l|☆eros maniac
|player|p1|
|l| bloodhound q50
|j| bloodhound q50
|l| bloodhound q50
|j| bloodhound q50
|l| 3idk
