|j|‽v1n001
|j|‽universe mon
|t:|1760376933
|gametype|singles
|player|p1|v1n001|169|1686
|player|p2|universe mon|li|1798
|gen|9
|tier|[Gen 9] OU
|rated|
|rule|HP Percentage Mod: HP is shown in percentages
|rule|Endless Battle Clause: Forcing endless battles is banned
|rule|Species Clause: Limit one of each Pokémon
|rule|OHKO Clause: OHKO moves are banned
|rule|Evasion Items Clause: Evasion items are banned
|rule|Evasion Moves Clause: Evasion moves are banned
|rule|Evasion Abilities Clause: Evasion abilities are banned
|rule|Sleep Moves Clause: Sleep-inducing moves are banned
|clearpoke
|poke|p1|Rillaboom, F|
|poke|p1|Hawlucha, F|
|poke|p1|Gholdengo|
|poke|p1|Heatran, F|
|poke|p1|Glimmora, F|
|poke|p1|Ogerpon-Wellspring, F|
|poke|p2|Ninetales-Alola, M|
|poke|p2|Klefki, M|
|poke|p2|Latias, F|
|poke|p2|Maushold-Four|
|poke|p2|Ogerpon-Wellspring, F|
|poke|p2|Necrozma|
|teampreview
|inactive|Battle timer is ON: inactive players will automatically lose when time's up. (requested by v1n001)
|
|t:|1760376948
|teamsize|p1|6
|teamsize|p2|6
|start
|switch|p1a: Heatran|Heatran, F, shiny|100/100
|switch|p2a: Ninetales|Ninetales-Alola, M|100/100
|-weather|Snowscape|[from] ability: Snow Warning|[of] p2a: Ninetales
|turn|1
|
|t:|1760376951
|move|p2a: Ninetales|Aurora Veil|p2a: Ninetales
|-sidestart|p2: universe mon|move: Aurora Veil
|move|p1a: Heatran|Magma Storm|p2a: Ninetales
|-supereffective|p2a: Ninetales
|-damage|p2a: Ninetales|51/100
|-activate|p2a: Ninetales|move: Magma Storm|[of] p1a: Heatran
|
|-weather|Snowscape|[upkeep]
|-damage|p2a: Ninetales|39/100|[from] move: Magma Storm|[partiallytrapped]
|upkeep
|turn|2
|
|t:|1760376955
|move|p2a: Ninetales|Encore|p1a: Heatran
|-start|p1a: Heatran|Encore
|move|p1a: Heatran|Magma Storm|p2a: Ninetales
|-supereffective|p2a: Ninetales
|-damage|p2a: Ninetales|0 fnt
|faint|p2a: Ninetales
|
|-weather|Snowscape|[upkeep]
|upkeep
|
|t:|1760376957
|switch|p2a: Ogerpon|Ogerpon-Wellspring, F|100/100
|turn|3
|
|t:|1760376960
|switch|p1a: Rillaboom|Rillaboom, F, shiny|100/100
|-fieldstart|move: Grassy Terrain|[from] ability: Grassy Surge|[of] p1a: Rillaboom
|move|p2a: Ogerpon|Swords Dance|p2a: Ogerpon
|-boost|p2a: Ogerpon|atk|2
|
|-weather|Snowscape|[upkeep]
|upkeep
|turn|4
|
|t:|1760376967
|move|p2a: Ogerpon|Ivy Cudgel|p1a: Rillaboom|[anim] Ivy Cudgel Water
|-resisted|p1a: Rillaboom
|-damage|p1a: Rillaboom|34/100
|move|p1a: Rillaboom|Swords Dance|p1a: Rillaboom
|-boost|p1a: Rillaboom|atk|2
|
|-weather|Snowscape|[upkeep]
|-heal|p1a: Rillaboom|40/100|[from] Grassy Terrain
|upkeep
|turn|5
|
|t:|1760376971
|move|p1a: Rillaboom|Grassy Glide|p2a: Ogerpon
|-damage|p2a: Ogerpon|41/100
|-damage|p1a: Rillaboom|30/100|[from] item: Life Orb
|move|p2a: Ogerpon|Ivy Cudgel|p1a: Rillaboom|[anim] Ivy Cudgel Water
|-resisted|p1a: Rillaboom
|-damage|p1a: Rillaboom|0 fnt
|faint|p1a: Rillaboom
|
|-weather|none
|-heal|p2a: Ogerpon|47/100|[from] Grassy Terrain
|upkeep
|
|t:|1760376973
|switch|p1a: Hawlucha|Hawlucha, F, shiny|100/100
|-enditem|p1a: Hawlucha|Grassy Seed
|-boost|p1a: Hawlucha|def|1|[from] item: Grassy Seed
|turn|6
|
|t:|1760376976
|switch|p2a: Klefki|Klefki, M|100/100
|move|p1a: Hawlucha|Acrobatics|p2a: Klefki
|-resisted|p2a: Klefki
|-damage|p2a: Klefki|88/100
|
|-heal|p2a: Klefki|95/100|[from] Grassy Terrain
|upkeep
|turn|7
|
|t:|1760376979
|-terastallize|p1a: Hawlucha|Ground
|move|p2a: Klefki|Thunder Wave|p1a: Hawlucha
|-immune|p1a: Hawlucha
|move|p1a: Hawlucha|Swords Dance|p1a: Hawlucha
|-boost|p1a: Hawlucha|atk|2
|
|-heal|p2a: Klefki|100/100|[from] Grassy Terrain
|-fieldend|move: Grassy Terrain
|upkeep
|turn|8
|
|t:|1760376985
|move|p2a: Klefki|Reflect|p2a: Klefki
|-sidestart|p2: universe mon|Reflect
|move|p1a: Hawlucha|Encore|p2a: Klefki
|-start|p2a: Klefki|Encore
|
|-sideend|p2: universe mon|move: Aurora Veil
|upkeep
|turn|9
|
|t:|1760376992
|switch|p2a: Ogerpon|Ogerpon-Wellspring, F|47/100
|move|p1a: Hawlucha|Swords Dance|p1a: Hawlucha
|-boost|p1a: Hawlucha|atk|2
|
|upkeep
|turn|10
|
|t:|1760376995
|move|p1a: Hawlucha|Acrobatics|p2a: Ogerpon
|-supereffective|p2a: Ogerpon
|-damage|p2a: Ogerpon|0 fnt
|faint|p2a: Ogerpon
|
|upkeep
|
|t:|1760376998
|switch|p2a: Maushold|Maushold-Four|100/100
|turn|11
|
|t:|1760377002
|-terastallize|p2a: Maushold|Ghost
|move|p1a: Hawlucha|Acrobatics|p2a: Maushold
|-damage|p2a: Maushold|0 fnt
|faint|p2a: Maushold
|
|upkeep
|
|t:|1760377006
|switch|p2a: Latias|Latias, F|100/100
|turn|12
|
|t:|1760377009
|move|p1a: Hawlucha|Acrobatics|p2a: Latias
|-damage|p2a: Latias|27/100
|move|p2a: Latias|Agility|p2a: Latias
|-boost|p2a: Latias|spe|2
|
|upkeep
|turn|13
|
|t:|1760377012
|move|p1a: Hawlucha|Acrobatics|p2a: Latias
|-damage|p2a: Latias|0 fnt
|faint|p2a: Latias
|
|upkeep
|
|t:|1760377014
|switch|p2a: Necrozma|Necrozma|100/100
|turn|14
|
|t:|1760377017
|move|p1a: Hawlucha|Acrobatics|p2a: Necrozma
|-damage|p2a: Necrozma|23/100
|move|p2a: Necrozma|Dragon Dance|p2a: Necrozma
|-boost|p2a: Necrozma|atk|1
|-boost|p2a: Necrozma|spe|1
|
|-heal|p2a: Necrozma|29/100|[from] item: Leftovers
|upkeep
|turn|15
|
|t:|1760377019
|move|p1a: Hawlucha|Acrobatics|p2a: Necrozma
|-damage|p2a: Necrozma|0 fnt
|faint|p2a: Necrozma
|
|-sideend|p2: universe mon|Reflect
|upkeep
|-message|universe mon forfeited.
|
|win|v1n001
|raw|v1n001's rating: 1686 &rarr; <strong>1712</strong><br />(+26 for winning)
|raw|universe mon's rating: 1798 &rarr; <strong>1772</strong><br />(-26 for losing)
|l|‽universe mon
|player|p2|
|l|‽v1n001
|player|p1|
