|j|☆nfyhsueryfgius
|j|☆dr. drake6782
|t:|1760404796
|gametype|singles
|player|p1|nfyhsueryfgius|ghetsis|1708
|player|p2|dr. drake6782|hilbert-masters|1708
|gen|9
|tier|[Gen 9] OU
|rated|
|rule|HP Percentage Mod: HP is shown in percentages
|rule|Endless Battle Clause: Forcing endless battles is banned
|rule|Species Clause: Limit one of each Pokémon
|rule|OHKO Clause: OHKO moves are banned
|rule|Evasion Items Clause: Evasion items are banned
|rule|Evasion Moves Clause: Evasion moves are banned
|rule|Evasion Abilities Clause: Evasion abilities are banned
|rule|Sleep Moves Clause: Sleep-inducing moves are banned
|clearpoke
|poke|p1|Great Tusk|
|poke|p1|Heatran, M|
|poke|p1|Weavile, F|
|poke|p1|Primarina, F|
|poke|p1|Ogerpon, F|
|poke|p1|Pecharunt|
|poke|p2|Pelipper, F|
|poke|p2|Tornadus-Therian, M|
|poke|p2|Iron Treads|
|poke|p2|Decidueye-Hisui, F|
|poke|p2|Barraskewda, F|
|poke|p2|Raging Bolt|
|teampreview
|inactive|Battle timer is ON: inactive players will automatically lose when time's up. (requested by dr. drake6782)
|inactive|dr. drake6782 has 120 seconds left.
|
|t:|1760404830
|teamsize|p1|6
|teamsize|p2|6
|start
|switch|p1a: Weavile|Weavile, F|100/100
|switch|p2a: Pelipper|Pelipper, F|100/100
|-ability|p1a: Weavile|Pressure
|-weather|RainDance|[from] ability: Drizzle|[of] p2a: Pelipper
|turn|1
|
|t:|1760404832
|move|p1a: Weavile|Knock Off|p2a: Pelipper
|-damage|p2a: Pelipper|49/100
|-enditem|p2a: Pelipper|Damp Rock|[from] move: Knock Off|[of] p1a: Weavile
|move|p2a: Pelipper|U-turn|p1a: Weavile
|-supereffective|p1a: Weavile
|-damage|p1a: Weavile|71/100
|
|t:|1760404838
|switch|p2a: Barraskewda|Barraskewda, F, shiny|100/100|[from] U-turn
|
|-weather|RainDance|[upkeep]
|upkeep
|turn|2
|
|t:|1760404841
|switch|p1a: Pecharunt|Pecharunt|100/100
|move|p2a: Barraskewda|Liquidation|p1a: Pecharunt
|-damage|p1a: Pecharunt|58/100
|-damage|p2a: Barraskewda|84/100|[from] item: Rocky Helmet|[of] p1a: Pecharunt
|-damage|p2a: Barraskewda|74/100|[from] item: Life Orb
|
|-weather|RainDance|[upkeep]
|upkeep
|turn|3
|
|t:|1760404847
|-terastallize|p2a: Barraskewda|Water
|move|p2a: Barraskewda|Liquidation|p1a: Pecharunt
|-damage|p1a: Pecharunt|0 fnt
|-damage|p2a: Barraskewda|58/100|[from] item: Rocky Helmet|[of] p1a: Pecharunt
|faint|p1a: Pecharunt
|-damage|p2a: Barraskewda|48/100|[from] item: Life Orb
|
|-weather|RainDance|[upkeep]
|upkeep
|
|t:|1760404851
|switch|p1a: Ogerpon|Ogerpon, F|100/100
|turn|4
|
|t:|1760404855
|move|p2a: Barraskewda|Flip Turn|p1a: Ogerpon
|-resisted|p1a: Ogerpon
|-damage|p1a: Ogerpon|41/100
|-damage|p2a: Barraskewda|38/100|[from] item: Life Orb
|
|t:|1760404860
|switch|p2a: Decidueye|Decidueye-Hisui, F, shiny|100/100|[from] Flip Turn
|move|p1a: Ogerpon|Rock Tomb|p2a: Decidueye
|-resisted|p2a: Decidueye
|-damage|p2a: Decidueye|90/100
|-unboost|p2a: Decidueye|spe|1
|
|-weather|RainDance|[upkeep]
|upkeep
|turn|5
|
|t:|1760404866
|switch|p1a: Great Tusk|Great Tusk|100/100
|move|p2a: Decidueye|U-turn|p1a: Great Tusk
|-resisted|p1a: Great Tusk
|-damage|p1a: Great Tusk|94/100
|
|t:|1760404869
|switch|p2a: Barraskewda|Barraskewda, F, shiny, tera:Water|38/100|[from] U-turn
|
|-weather|RainDance|[upkeep]
|upkeep
|turn|6
|
|t:|1760404884
|-end|p1a: Great Tusk|Protosynthesis|[silent]
|switch|p1a: Primarina|Primarina, F|100/100
|move|p2a: Barraskewda|Flip Turn|p1a: Primarina
|-resisted|p1a: Primarina
|-damage|p1a: Primarina|53/100
|-damage|p2a: Barraskewda|28/100|[from] item: Life Orb
|
|t:|1760404889
|switch|p2a: Tornadus|Tornadus-Therian, M|100/100|[from] Flip Turn
|
|-weather|RainDance|[upkeep]
|upkeep
|turn|7
|
|t:|1760404901
|move|p2a: Tornadus|Hurricane|p1a: Primarina
|-damage|p1a: Primarina|15/100
|-start|p1a: Primarina|confusion
|-activate|p1a: Primarina|confusion
|move|p1a: Primarina|Psychic Noise|p2a: Tornadus
|-damage|p2a: Tornadus|28/100
|-start|p2a: Tornadus|move: Heal Block
|
|-weather|RainDance|[upkeep]
|upkeep
|turn|8
|
|t:|1760404907
|move|p2a: Tornadus|Hurricane|p1a: Primarina
|-damage|p1a: Primarina|0 fnt
|faint|p1a: Primarina
|
|-weather|none
|-end|p2a: Tornadus|move: Heal Block
|upkeep
|
|t:|1760404910
|switch|p1a: Weavile|Weavile, F|71/100
|-ability|p1a: Weavile|Pressure
|turn|9
|
|t:|1760404914
|switch|p2a: Pelipper|Pelipper, F|49/100
|-weather|RainDance|[from] ability: Drizzle|[of] p2a: Pelipper
|move|p1a: Weavile|Triple Axel|p2a: Pelipper
|-damage|p2a: Pelipper|38/100
|-damage|p2a: Pelipper|14/100
|-damage|p2a: Pelipper|0 fnt
|faint|p2a: Pelipper
|-hitcount|p2: Pelipper|3
|
|-weather|RainDance|[upkeep]
|upkeep
|
|t:|1760404917
|switch|p2a: Barraskewda|Barraskewda, F, shiny, tera:Water|28/100
|turn|10
|
|t:|1760404925
|switch|p1a: Great Tusk|Great Tusk|94/100
|move|p2a: Barraskewda|Aqua Jet|p1a: Great Tusk
|-supereffective|p1a: Great Tusk
|-damage|p1a: Great Tusk|4/100
|-damage|p2a: Barraskewda|18/100|[from] item: Life Orb
|
|-weather|RainDance|[upkeep]
|upkeep
|turn|11
|
|t:|1760404930
|move|p2a: Barraskewda|Liquidation|p1a: Great Tusk
|-supereffective|p1a: Great Tusk
|-damage|p1a: Great Tusk|0 fnt
|faint|p1a: Great Tusk
|-end|p1a: Great Tusk|Protosynthesis|[silent]
|-damage|p2a: Barraskewda|8/100|[from] item: Life Orb
|
|-weather|RainDance|[upkeep]
|upkeep
|
|t:|1760404931
|switch|p1a: Weavile|Weavile, F|71/100
|-ability|p1a: Weavile|Pressure
|turn|12
|
|t:|1760404934
|move|p2a: Barraskewda|Aqua Jet|p1a: Weavile
|-damage|p1a: Weavile|0 fnt
|faint|p1a: Weavile
|-damage|p2a: Barraskewda|0 fnt|[from] item: Life Orb
|faint|p2a: Barraskewda
|
|-weather|RainDance|[upkeep]
|upkeep
|
|t:|1760404947
|switch|p1a: Heatran|Heatran, M|100/100
|switch|p2a: Iron Treads|Iron Treads|100/100
|-item|p1a: Heatran|Air Balloon
|turn|13
|
|t:|1760404952
|switch|p1a: Ogerpon|Ogerpon, F|41/100
|move|p2a: Iron Treads|Knock Off|p1a: Ogerpon
|-damage|p1a: Ogerpon|6/100
|-enditem|p1a: Ogerpon|Choice Band|[from] move: Knock Off|[of] p2a: Iron Treads
|
|-weather|none
|upkeep
|turn|14
|-message|nfyhsueryfgius forfeited.
|
|win|dr. drake6782
|raw|nfyhsueryfgius's rating: 1708 &rarr; <strong>1688</strong><br />(-20 for losing)
|raw|dr. drake6782's rating: 1708 &rarr; <strong>1728</strong><br />(+20 for winning)
|l|☆nfyhsueryfgius
|player|p1|
