|j|☆spookyaudrey
|j|☆B/CFan
|t:|1760334229
|gametype|singles
|player|p1|spookyaudrey|clown|1076
|player|p2|B/CFan|101|1126
|gen|9
|tier|[Gen 9] OU
|rated|
|rule|HP Percentage Mod: HP is shown in percentages
|rule|Endless Battle Clause: Forcing endless battles is banned
|rule|Species Clause: Limit one of each Pokémon
|rule|OHKO Clause: OHKO moves are banned
|rule|Evasion Items Clause: Evasion items are banned
|rule|Evasion Moves Clause: Evasion moves are banned
|rule|Evasion Abilities Clause: Evasion abilities are banned
|rule|Sleep Moves Clause: Sleep-inducing moves are banned
|clearpoke
|poke|p1|Pelipper, F|
|poke|p1|Overqwil, F|
|poke|p1|Lapras, F|
|poke|p1|Swampert, F|
|poke|p1|Electrode-Hisui|
|poke|p1|Zarude|
|poke|p2|Rillaboom, M|
|poke|p2|Hawlucha, M|
|poke|p2|Heatran, M|
|poke|p2|Raging Bolt|
|poke|p2|Samurott-Hisui, M|
|poke|p2|Weezing-Galar, M|
|teampreview
|inactive|Battle timer is ON: inactive players will automatically lose when time's up. (requested by spookyaudrey)
|
|t:|1760334239
|teamsize|p1|6
|teamsize|p2|6
|start
|switch|p1a: Electrode|Electrode-Hisui|100/100
|switch|p2a: Rillaboom|Rillaboom, M|100/100
|-fieldstart|move: Grassy Terrain|[from] ability: Grassy Surge|[of] p2a: Rillaboom
|turn|1
|
|t:|1760334247
|move|p1a: Electrode|Volt Switch|p2a: Rillaboom
|-resisted|p2a: Rillaboom
|-damage|p2a: Rillaboom|86/100
|
|t:|1760334260
|switch|p1a: Pelipper|Pelipper, F, shiny|100/100|[from] Volt Switch
|-weather|RainDance|[from] ability: Drizzle|[of] p1a: Pelipper
|move|p2a: Rillaboom|U-turn|p1a: Pelipper
|-resisted|p1a: Pelipper
|-damage|p1a: Pelipper|74/100
|
|t:|1760334268
|switch|p2a: Raging Bolt|Raging Bolt|100/100|[from] U-turn
|-enditem|p2a: Raging Bolt|Booster Energy
|-activate|p2a: Raging Bolt|ability: Protosynthesis|[fromitem]
|-start|p2a: Raging Bolt|protosynthesisspa
|
|-weather|RainDance|[upkeep]
|upkeep
|turn|2
|
|t:|1760334277
|-terastallize|p1a: Pelipper|Ground
|move|p1a: Pelipper|Tera Blast|p2a: Raging Bolt|[anim] Tera Blast Ground
|-supereffective|p2a: Raging Bolt
|-damage|p2a: Raging Bolt|34/100
|move|p2a: Raging Bolt|Calm Mind|p2a: Raging Bolt
|-boost|p2a: Raging Bolt|spa|1
|-boost|p2a: Raging Bolt|spd|1
|
|-weather|RainDance|[upkeep]
|-heal|p1a: Pelipper|80/100|[from] Grassy Terrain
|-heal|p2a: Raging Bolt|40/100|[from] Grassy Terrain
|upkeep
|turn|3
|
|t:|1760334286
|move|p1a: Pelipper|Tera Blast|p2a: Raging Bolt|[anim] Tera Blast Ground
|-supereffective|p2a: Raging Bolt
|-damage|p2a: Raging Bolt|0 fnt
|faint|p2a: Raging Bolt
|-end|p2a: Raging Bolt|Protosynthesis|[silent]
|
|-weather|RainDance|[upkeep]
|-heal|p1a: Pelipper|86/100|[from] Grassy Terrain
|upkeep
|
|t:|1760334293
|switch|p2a: Samurott|Samurott-Hisui, M|100/100
|turn|4
|
|t:|1760334304
|switch|p1a: Electrode|Electrode-Hisui|100/100
|move|p2a: Samurott|Ceaseless Edge|p1a: Electrode
|-damage|p1a: Electrode|10/100
|-status|p2a: Samurott|par|[from] ability: Static|[of] p1a: Electrode
|-sidestart|p1: spookyaudrey|Spikes
|
|-weather|RainDance|[upkeep]
|-heal|p1a: Electrode|17/100|[from] Grassy Terrain
|upkeep
|turn|5
|
|t:|1760334311
|move|p2a: Samurott|Sucker Punch|p1a: Electrode
|-damage|p1a: Electrode|0 fnt
|faint|p1a: Electrode
|
|-weather|RainDance|[upkeep]
|-fieldend|move: Grassy Terrain
|upkeep
|
|t:|1760334317
|switch|p1a: Overqwil|Overqwil, F|100/100
|-damage|p1a: Overqwil|88/100|[from] Spikes
|turn|6
|
|t:|1760334321
|move|p1a: Overqwil|Crunch|p2a: Samurott
|-resisted|p2a: Samurott
|-damage|p2a: Samurott|78/100 par
|cant|p2a: Samurott|par
|
|-weather|RainDance|[upkeep]
|upkeep
|turn|7
|
|t:|1760334329
|switch|p1a: Lapras|Lapras, F, shiny|100/100
|-damage|p1a: Lapras|88/100|[from] Spikes
|move|p2a: Samurott|Razor Shell|p1a: Lapras
|-heal|p1a: Lapras|100/100|[from] ability: Water Absorb|[of] p2a: Samurott
|
|-weather|RainDance|[upkeep]
|upkeep
|turn|8
|
|t:|1760334332
|move|p1a: Lapras|Freeze-Dry|p2a: Samurott
|-supereffective|p2a: Samurott
|-damage|p2a: Samurott|24/100 par
|move|p2a: Samurott|Ceaseless Edge|p1a: Lapras
|-damage|p1a: Lapras|58/100
|-sidestart|p1: spookyaudrey|Spikes
|
|-weather|none
|upkeep
|turn|9
|
|t:|1760334343
|switch|p2a: Weezing|Weezing-Galar, M|100/100
|-ability|p2a: Weezing|Neutralizing Gas
|move|p1a: Lapras|Freeze-Dry|p2a: Weezing
|-damage|p2a: Weezing|62/100
|-status|p2a: Weezing|frz
|
|upkeep
|turn|10
|
|t:|1760334356
|cant|p2a: Weezing|frz
|move|p1a: Lapras|Surf|p2a: Weezing
|-damage|p2a: Weezing|13/100 frz
|
|upkeep
|turn|11
|
|t:|1760334361
|move|p1a: Lapras|Surf|p2a: Weezing
|-damage|p2a: Weezing|0 fnt
|faint|p2a: Weezing
|-end|p2a: Weezing|ability: Neutralizing Gas
|
|upkeep
|
|t:|1760334363
|switch|p2a: Rillaboom|Rillaboom, M|86/100
|-fieldstart|move: Grassy Terrain|[from] ability: Grassy Surge|[of] p2a: Rillaboom
|turn|12
|
|t:|1760334372
|switch|p1a: Pelipper|Pelipper, F, shiny, tera:Ground|86/100
|-damage|p1a: Pelipper|69/100|[from] Spikes
|-weather|RainDance|[from] ability: Drizzle|[of] p1a: Pelipper
|move|p2a: Rillaboom|U-turn|p1a: Pelipper
|-damage|p1a: Pelipper|19/100
|
|t:|1760334390
|switch|p2a: Samurott|Samurott-Hisui, M|24/100 par|[from] U-turn
|
|-weather|RainDance|[upkeep]
|-heal|p1a: Pelipper|25/100|[from] Grassy Terrain
|-heal|p2a: Samurott|30/100 par|[from] Grassy Terrain
|upkeep
|turn|13
|
|t:|1760334399
|move|p2a: Samurott|Sucker Punch|p1a: Pelipper
|-damage|p1a: Pelipper|0 fnt
|faint|p1a: Pelipper
|
|-weather|RainDance|[upkeep]
|-heal|p2a: Samurott|37/100 par|[from] Grassy Terrain
|upkeep
|
|t:|1760334409
|switch|p1a: Zarude|Zarude|100/100
|-damage|p1a: Zarude|84/100|[from] Spikes
|turn|14
|
|t:|1760334420
|move|p1a: Zarude|Drain Punch|p2a: Samurott
|-supereffective|p2a: Samurott
|-damage|p2a: Samurott|0 fnt
|-heal|p1a: Zarude|100/100|[from] drain|[of] p2a: Samurott
|faint|p2a: Samurott
|
|-weather|RainDance|[upkeep]
|upkeep
|
|t:|1760334430
|switch|p2a: Hawlucha|Hawlucha, M|100/100
|-enditem|p2a: Hawlucha|Grassy Seed
|-boost|p2a: Hawlucha|def|1|[from] item: Grassy Seed
|turn|15
|
|t:|1760334443
|switch|p1a: Overqwil|Overqwil, F|88/100
|-damage|p1a: Overqwil|72/100|[from] Spikes
|move|p2a: Hawlucha|Swords Dance|p2a: Hawlucha
|-boost|p2a: Hawlucha|atk|2
|
|-weather|RainDance|[upkeep]
|-heal|p1a: Overqwil|78/100|[from] Grassy Terrain
|upkeep
|turn|16
|
|t:|1760334454
|move|p2a: Hawlucha|Acrobatics|p1a: Overqwil
|-crit|p1a: Overqwil
|-damage|p1a: Overqwil|0 fnt
|faint|p1a: Overqwil
|
|-weather|RainDance|[upkeep]
|-fieldend|move: Grassy Terrain
|upkeep
|
|t:|1760334462
|switch|p1a: Lapras|Lapras, F, shiny|58/100
|-damage|p1a: Lapras|42/100|[from] Spikes
|turn|17
|
|t:|1760334464
|move|p2a: Hawlucha|Acrobatics|p1a: Lapras
|-damage|p1a: Lapras|0 fnt
|faint|p1a: Lapras
|
|-weather|RainDance|[upkeep]
|upkeep
|
|t:|1760334474
|switch|p1a: swampy|Swampert, F, shiny|100/100
|-damage|p1a: swampy|84/100|[from] Spikes
|turn|18
|
|t:|1760334476
|move|p2a: Hawlucha|Close Combat|p1a: swampy
|-damage|p1a: swampy|0 fnt
|-unboost|p2a: Hawlucha|def|1
|-unboost|p2a: Hawlucha|spd|1
|faint|p1a: swampy
|
|-weather|RainDance|[upkeep]
|upkeep
|-message|spookyaudrey forfeited.
|
|win|B/CFan
|raw|spookyaudrey's rating: 1076 &rarr; <strong>1058</strong><br />(-18 for losing)
|raw|B&#x2f;CFan's rating: 1126 &rarr; <strong>1147</strong><br />(+21 for winning)
|l|☆spookyaudrey
|player|p1|
|l|☆B/CFan
|player|p2|
