|j|☆Yz99999
|j|☆Black sheeps
|t:|1760459748
|gametype|singles
|player|p1|Yz99999|170|1583
|player|p2|Black sheeps|roxie|1626
|gen|9
|tier|[Gen 9] OU
|rated|
|rule|HP Percentage Mod: HP is shown in percentages
|rule|Endless Battle Clause: Forcing endless battles is banned
|rule|Species Clause: Limit one of each Pokémon
|rule|OHKO Clause: OHKO moves are banned
|rule|Evasion Items Clause: Evasion items are banned
|rule|Evasion Moves Clause: Evasion moves are banned
|rule|Evasion Abilities Clause: Evasion abilities are banned
|rule|Sleep Moves Clause: Sleep-inducing moves are banned
|clearpoke
|poke|p1|Garganacl, F|
|poke|p1|Corviknight, F|
|poke|p1|Great Tusk|
|poke|p1|Scizor, F|
|poke|p1|Raging Bolt|
|poke|p1|Maushold|
|poke|p2|Tyranitar, F|
|poke|p2|Excadrill, M|
|poke|p2|Kingambit, F|
|poke|p2|Garchomp, M|
|poke|p2|Pecharunt|
|poke|p2|Rotom-Wash|
|teampreview
|inactive|Battle timer is ON: inactive players will automatically lose when time's up. (requested by Black sheeps)
|
|t:|1760459756
|teamsize|p1|6
|teamsize|p2|6
|start
|switch|p1a: Scizor|Scizor, F|100/100
|switch|p2a: Rotom|Rotom-Wash|100/100
|turn|1
|
|t:|1760459759
|switch|p1a: Raging Bolt|Raging Bolt|100/100
|move|p2a: Rotom|Will-O-Wisp|p1a: Raging Bolt|[miss]
|-miss|p2a: Rotom|p1a: Raging Bolt
|
|upkeep
|turn|2
|
|t:|1760459763
|move|p1a: Raging Bolt|Draco Meteor|p2a: Rotom
|-damage|p2a: Rotom|0 fnt
|-unboost|p1a: Raging Bolt|spa|2
|faint|p2a: Rotom
|
|upkeep
|
|t:|1760459766
|switch|p2a: Garchomp|Garchomp, M|100/100
|turn|3
|
|t:|1760459768
|move|p2a: Garchomp|Swords Dance|p2a: Garchomp
|-boost|p2a: Garchomp|atk|2
|move|p1a: Raging Bolt|Draco Meteor|p2a: Garchomp
|-supereffective|p2a: Garchomp
|-damage|p2a: Garchomp|0 fnt
|-unboost|p1a: Raging Bolt|spa|2
|faint|p2a: Garchomp
|
|upkeep
|
|t:|1760459774
|switch|p2a: Tyranitar|Tyranitar, F|100/100
|-weather|Sandstorm|[from] ability: Sand Stream|[of] p2a: Tyranitar
|turn|4
|
|t:|1760459777
|-end|p1a: Raging Bolt|Protosynthesis|[silent]
|switch|p1a: Corviknight|Corviknight, F|100/100
|-ability|p1a: Corviknight|Pressure
|move|p2a: Tyranitar|Stealth Rock|p1a: Corviknight
|-sidestart|p1: Yz99999|move: Stealth Rock
|
|-weather|Sandstorm|[upkeep]
|upkeep
|turn|5
|
|t:|1760459779
|move|p1a: Corviknight|Defog|p2a: Tyranitar
|-unboost|p2a: Tyranitar|evasion|1
|-sideend|p1: Yz99999|Stealth Rock|[from] move: Defog|[of] p1a: Corviknight
|move|p2a: Tyranitar|Thunder Wave|p1a: Corviknight
|-status|p1a: Corviknight|par
|
|-weather|Sandstorm|[upkeep]
|upkeep
|turn|6
|
|t:|1760459782
|move|p2a: Tyranitar|Stealth Rock|p1a: Corviknight
|-sidestart|p1: Yz99999|move: Stealth Rock
|move|p1a: Corviknight|U-turn|p2a: Tyranitar
|-supereffective|p2a: Tyranitar
|-damage|p2a: Tyranitar|78/100
|
|t:|1760459784
|switch|p1a: Great Tusk|Great Tusk|100/100|[from] U-turn
|
|-weather|Sandstorm|[upkeep]
|upkeep
|turn|7
|
|t:|1760459787
|move|p1a: Great Tusk|Knock Off|p2a: Tyranitar
|-resisted|p2a: Tyranitar
|-damage|p2a: Tyranitar|66/100
|-enditem|p2a: Tyranitar|Smooth Rock|[from] move: Knock Off|[of] p1a: Great Tusk
|move|p2a: Tyranitar|Ice Beam|p1a: Great Tusk
|-supereffective|p1a: Great Tusk
|-damage|p1a: Great Tusk|35/100
|
|-weather|Sandstorm|[upkeep]
|upkeep
|turn|8
|
|t:|1760459791
|move|p1a: Great Tusk|Headlong Rush|p2a: Tyranitar
|-supereffective|p2a: Tyranitar
|-damage|p2a: Tyranitar|0 fnt
|-unboost|p1a: Great Tusk|def|1
|-unboost|p1a: Great Tusk|spd|1
|faint|p2a: Tyranitar
|
|-weather|Sandstorm|[upkeep]
|upkeep
|
|t:|1760459793
|switch|p2a: Excadrill|Excadrill, M|100/100
|turn|9
|
|t:|1760459796
|move|p2a: Excadrill|Earthquake|p1a: Great Tusk
|-damage|p1a: Great Tusk|0 fnt
|faint|p1a: Great Tusk
|-end|p1a: Great Tusk|Protosynthesis|[silent]
|-damage|p2a: Excadrill|91/100|[from] item: Life Orb
|
|-weather|Sandstorm|[upkeep]
|upkeep
|
|t:|1760459799
|switch|p1a: Corviknight|Corviknight, F|100/100 par
|-damage|p1a: Corviknight|88/100 par|[from] Stealth Rock
|-ability|p1a: Corviknight|Pressure
|turn|10
|
|t:|1760459802
|move|p2a: Excadrill|Swords Dance|p2a: Excadrill
|-boost|p2a: Excadrill|atk|2
|move|p1a: Corviknight|Brave Bird|p2a: Excadrill
|-resisted|p2a: Excadrill
|-damage|p2a: Excadrill|66/100
|-damage|p1a: Corviknight|81/100 par|[from] Recoil
|
|-weather|Sandstorm|[upkeep]
|upkeep
|turn|11
|
|t:|1760459807
|move|p2a: Excadrill|Rock Slide|p1a: Corviknight
|-damage|p1a: Corviknight|15/100 par
|-damage|p2a: Excadrill|56/100|[from] item: Life Orb
|cant|p1a: Corviknight|par
|
|-weather|none
|upkeep
|turn|12
|
|t:|1760459813
|move|p2a: Excadrill|Rock Slide|p1a: Corviknight
|-crit|p1a: Corviknight
|-damage|p1a: Corviknight|0 fnt
|faint|p1a: Corviknight
|-damage|p2a: Excadrill|46/100|[from] item: Life Orb
|
|upkeep
|
|t:|1760459817
|switch|p1a: Scizor|Scizor, F|100/100
|-damage|p1a: Scizor|88/100|[from] Stealth Rock
|turn|13
|
|t:|1760459824
|move|p1a: Scizor|Bullet Punch|p2a: Excadrill
|-resisted|p2a: Excadrill
|-crit|p2a: Excadrill
|-damage|p2a: Excadrill|0 fnt
|faint|p2a: Excadrill
|
|upkeep
|
|t:|1760459828
|switch|p2a: Kingambit|Kingambit, F|100/100
|-activate|p2a: Kingambit|ability: Supreme Overlord
|-start|p2a: Kingambit|fallen4|[silent]
|turn|14
|
|t:|1760459832
|switch|p1a: Maushold|Maushold|100/100
|-damage|p1a: Maushold|88/100|[from] Stealth Rock
|move|p2a: Kingambit|Kowtow Cleave|p1a: Maushold
|-damage|p1a: Maushold|0 fnt
|faint|p1a: Maushold
|
|upkeep
|
|t:|1760459834
|switch|p1a: Raging Bolt|Raging Bolt|100/100
|-damage|p1a: Raging Bolt|88/100|[from] Stealth Rock
|turn|15
|
|t:|1760459838
|-terastallize|p1a: Raging Bolt|Fairy
|-terastallize|p2a: Kingambit|Dark
|move|p2a: Kingambit|Sucker Punch|p1a: Raging Bolt
|-resisted|p1a: Raging Bolt
|-damage|p1a: Raging Bolt|46/100
|move|p1a: Raging Bolt|Thunderbolt|p2a: Kingambit
|-damage|p2a: Kingambit|20/100
|
|upkeep
|turn|16
|
|t:|1760459846
|move|p2a: Kingambit|Sucker Punch|p1a: Raging Bolt
|-resisted|p1a: Raging Bolt
|-damage|p1a: Raging Bolt|5/100
|move|p1a: Raging Bolt|Thunderbolt|p2a: Kingambit
|-damage|p2a: Kingambit|0 fnt
|faint|p2a: Kingambit
|-end|p2a: Kingambit|fallen4|[silent]
|
|upkeep
|
|t:|1760459849
|switch|p2a: Pecharunt|Pecharunt|100/100
|-item|p2a: Pecharunt|Air Balloon
|turn|17
|
|t:|1760459850
|move|p1a: Raging Bolt|Thunderbolt|p2a: Pecharunt
|-damage|p2a: Pecharunt|18/100
|-enditem|p2a: Pecharunt|Air Balloon
|move|p2a: Pecharunt|Shadow Ball|p1a: Raging Bolt
|-damage|p1a: Raging Bolt|0 fnt
|faint|p1a: Raging Bolt
|-end|p1a: Raging Bolt|Protosynthesis|[silent]
|
|upkeep
|
|t:|1760459853
|switch|p1a: Garganacl|Garganacl, F|100/100
|-damage|p1a: Garganacl|88/100|[from] Stealth Rock
|turn|18
|
|t:|1760459855
|move|p2a: Pecharunt|Recover|p2a: Pecharunt
|-heal|p2a: Pecharunt|68/100
|move|p1a: Garganacl|Salt Cure|p2a: Pecharunt
|-damage|p2a: Pecharunt|62/100
|-start|p2a: Pecharunt|Salt Cure
|
|-heal|p1a: Garganacl|94/100|[from] item: Leftovers
|-damage|p2a: Pecharunt|49/100|[from] Salt Cure
|upkeep
|turn|19
|
|t:|1760459859
|move|p2a: Pecharunt|Malignant Chain|p1a: Garganacl
|-resisted|p1a: Garganacl
|-damage|p1a: Garganacl|84/100
|move|p1a: Garganacl|Earthquake|p2a: Pecharunt
|-supereffective|p2a: Pecharunt
|-damage|p2a: Pecharunt|29/100
|
|-heal|p1a: Garganacl|90/100|[from] item: Leftovers
|-damage|p2a: Pecharunt|17/100|[from] Salt Cure
|upkeep
|turn|20
|
|t:|1760459863
|move|p2a: Pecharunt|Shadow Ball|p1a: Garganacl
|-damage|p1a: Garganacl|82/100
|move|p1a: Garganacl|Earthquake|p2a: Pecharunt
|-supereffective|p2a: Pecharunt
|-damage|p2a: Pecharunt|0 fnt
|faint|p2a: Pecharunt
|
|win|Yz99999
|raw|Yz99999's rating: 1583 &rarr; <strong>1605</strong><br />(+22 for winning)
|raw|Black sheeps's rating: 1626 &rarr; <strong>1604</strong><br />(-22 for losing)
|l|☆Black sheeps
|player|p2|
|l|☆Yz99999
|player|p1|
