|j|☆Lakerglazer77
|j|☆banjin
|t:|1760410703
|gametype|singles
|player|p1|Lakerglazer77|rosa|1405
|player|p2|banjin|beauty-gen6xy|1385
|gen|9
|tier|[Gen 9] OU
|rated|
|rule|HP Percentage Mod: HP is shown in percentages
|rule|Endless Battle Clause: Forcing endless battles is banned
|rule|Species Clause: Limit one of each Pokémon
|rule|OHKO Clause: OHKO moves are banned
|rule|Evasion Items Clause: Evasion items are banned
|rule|Evasion Moves Clause: Evasion moves are banned
|rule|Evasion Abilities Clause: Evasion abilities are banned
|rule|Sleep Moves Clause: Sleep-inducing moves are banned
|clearpoke
|poke|p1|Samurott-Hisui, F|
|poke|p1|Dragonite, M|
|poke|p1|Kingambit, F|
|poke|p1|Iron Moth|
|poke|p1|Iron Valiant|
|poke|p1|Moltres-Galar|
|poke|p2|Minior-Blue|
|poke|p2|Lokix, F|
|poke|p2|Thundurus-Therian, M|
|poke|p2|Muk-Alola, M|
|poke|p2|Emboar, M|
|poke|p2|Ditto|
|teampreview
|inactive|Battle timer is ON: inactive players will automatically lose when time's up. (requested by banjin)
|
|t:|1760410716
|teamsize|p1|6
|teamsize|p2|6
|start
|switch|p1a: Ryuma|Samurott-Hisui, F, shiny|100/100
|switch|p2a: Katy|Lokix, F|100/100
|turn|1
|
|t:|1760410726
|switch|p1a: Magellan|Iron Moth, shiny|100/100
|-enditem|p1a: Magellan|Booster Energy
|-activate|p1a: Magellan|ability: Quark Drive|[fromitem]
|-start|p1a: Magellan|quarkdrivespe
|move|p2a: Katy|First Impression|p1a: Magellan
|-resisted|p1a: Magellan
|-crit|p1a: Magellan
|-damage|p1a: Magellan|56/100
|
|upkeep
|turn|2
|
|t:|1760410739
|switch|p2a: Beppo|Muk-Alola, M|100/100
|move|p1a: Magellan|Fiery Dance|p2a: Beppo
|-damage|p2a: Beppo|70/100
|-boost|p1a: Magellan|spa|1
|
|upkeep
|turn|3
|
|t:|1760410746
|move|p1a: Magellan|Fiery Dance|p2a: Beppo
|-damage|p2a: Beppo|24/100
|-boost|p1a: Magellan|spa|1
|move|p2a: Beppo|Knock Off|p1a: Magellan
|-damage|p1a: Magellan|12/100
|
|upkeep
|turn|4
|-activate|p2a: Beppo|item: Quick Claw
|
|t:|1760410750
|move|p2a: Beppo|Shadow Sneak|p1a: Magellan
|-damage|p1a: Magellan|0 fnt
|faint|p1a: Magellan
|-end|p1a: Magellan|Quark Drive|[silent]
|
|upkeep
|c|☆Lakerglazer77|Are you fr rn
|c|☆Lakerglazer77|Oh shadowsneak lol
|inactive|Lakerglazer77 has 120 seconds left.
|
|t:|1760410781
|switch|p1a: Ryuma|Samurott-Hisui, F, shiny|100/100
|turn|5
|
|t:|1760410785
|move|p1a: Ryuma|Ceaseless Edge|p2a: Beppo
|-resisted|p2a: Beppo
|-damage|p2a: Beppo|0 fnt
|-sidestart|p2: banjin|Spikes
|faint|p2a: Beppo
|
|upkeep
|
|t:|1760410790
|switch|p2a: Katy|Lokix, F|100/100
|turn|6
|
|t:|1760410808
|move|p2a: Katy|First Impression|p1a: Ryuma
|-supereffective|p1a: Ryuma
|-enditem|p1a: Ryuma|Focus Sash
|-damage|p1a: Ryuma|1/100
|move|p1a: Ryuma|Razor Shell|p2a: Katy
|-damage|p2a: Katy|10/100
|-unboost|p2a: Katy|def|1
|
|upkeep
|turn|7
|
|t:|1760410817
|move|p2a: Katy|Sucker Punch|p1a: Ryuma
|-resisted|p1a: Ryuma
|-damage|p1a: Ryuma|0 fnt
|faint|p1a: Ryuma
|
|upkeep
|
|t:|1760410824
|switch|p1a: Kaido|Dragonite, M, shiny|100/100
|turn|8
|
|t:|1760410831
|move|p2a: Katy|Lunge|p1a: Kaido
|-resisted|p1a: Kaido
|-damage|p1a: Kaido|82/100
|-unboost|p1a: Kaido|atk|1
|move|p1a: Kaido|Dragon Dance|p1a: Kaido
|-boost|p1a: Kaido|atk|1
|-boost|p1a: Kaido|spe|1
|
|upkeep
|turn|9
|
|t:|1760410839
|move|p1a: Kaido|Extreme Speed|p2a: Katy
|-damage|p2a: Katy|0 fnt
|faint|p2a: Katy
|
|upkeep
|
|t:|1760410842
|switch|p2a: Mr. Brightside|Minior-Blue|100/100
|-formechange|p2a: Mr. Brightside|Minior-Meteor||[from] ability: Shields Down
|turn|10
|
|t:|1760410849
|switch|p1a: Kuma|Iron Valiant, shiny|100/100
|-enditem|p1a: Kuma|Booster Energy
|-activate|p1a: Kuma|ability: Quark Drive|[fromitem]
|-start|p1a: Kuma|quarkdrivespe
|move|p2a: Mr. Brightside|Shell Smash|p2a: Mr. Brightside
|-unboost|p2a: Mr. Brightside|def|1
|-unboost|p2a: Mr. Brightside|spd|1
|-boost|p2a: Mr. Brightside|atk|2
|-boost|p2a: Mr. Brightside|spa|2
|-boost|p2a: Mr. Brightside|spe|2
|-enditem|p2a: Mr. Brightside|White Herb
|-clearnegativeboost|p2a: Mr. Brightside|[silent]
|
|upkeep
|turn|11
|
|t:|1760410858
|switch|p2a: Paws|Thundurus-Therian, M|100/100
|move|p1a: Kuma|Destiny Bond|p1a: Kuma
|-singlemove|p1a: Kuma|Destiny Bond
|
|upkeep
|turn|12
|
|t:|1760410866
|move|p1a: Kuma|Moonblast|p2a: Paws
|-damage|p2a: Paws|43/100
|move|p2a: Paws|Agility|p2a: Paws
|-boost|p2a: Paws|spe|2
|
|upkeep
|turn|13
|
|t:|1760410871
|move|p2a: Paws|Thunderbolt|p1a: Kuma
|-damage|p1a: Kuma|0 fnt
|faint|p1a: Kuma
|-end|p1a: Kuma|Quark Drive|[silent]
|
|upkeep
|
|t:|1760410876
|switch|p1a: Kaido|Dragonite, M, shiny|82/100
|turn|14
|
|t:|1760410882
|move|p1a: Kaido|Extreme Speed|p2a: Paws
|-damage|p2a: Paws|0 fnt
|faint|p2a: Paws
|
|upkeep
|
|t:|1760410884
|switch|p2a: Mr. Brightside|Minior-Blue|100/100
|-formechange|p2a: Mr. Brightside|Minior-Meteor||[from] ability: Shields Down
|turn|15
|
|t:|1760410887
|move|p1a: Kaido|Outrage|p2a: Mr. Brightside
|-damage|p2a: Mr. Brightside|17/100
|move|p2a: Mr. Brightside|Shell Smash|p2a: Mr. Brightside
|-unboost|p2a: Mr. Brightside|def|1
|-unboost|p2a: Mr. Brightside|spd|1
|-boost|p2a: Mr. Brightside|atk|2
|-boost|p2a: Mr. Brightside|spa|2
|-boost|p2a: Mr. Brightside|spe|2
|
|-formechange|p2a: Mr. Brightside|Minior-Blue||[from] ability: Shields Down
|upkeep
|turn|16
|
|t:|1760410892
|move|p2a: Mr. Brightside|Acrobatics|p1a: Kaido
|-damage|p1a: Kaido|0 fnt
|faint|p1a: Kaido
|
|upkeep
|
|t:|1760410896
|switch|p1a: Fraudbeard|Kingambit, F, shiny|100/100
|-activate|p1a: Fraudbeard|ability: Supreme Overlord
|-start|p1a: Fraudbeard|fallen4|[silent]
|-item|p1a: Fraudbeard|Air Balloon
|turn|17
|l|☆Lakerglazer77
|inactive|Lakerglazer77 disconnected and has a minute to reconnect!
|player|p1|
|inactive|Lakerglazer77 has 30 seconds to reconnect!
|inactive|Lakerglazer77 has 20 seconds to reconnect!
|inactive|Lakerglazer77 has 15 seconds to reconnect!
|inactive|Lakerglazer77 has 10 seconds to reconnect!
|inactive|Lakerglazer77 has 5 seconds to reconnect!
|-message|Lakerglazer77 lost due to inactivity.
|
|win|banjin
|raw|Lakerglazer77's rating: 1405 &rarr; <strong>1384</strong><br />(-21 for losing)
|raw|banjin's rating: 1385 &rarr; <strong>1406</strong><br />(+21 for winning)
|l|☆banjin
|player|p2|
