|j|☆X2Muz
|j|☆Probozap
|t:|1760299468
|gametype|singles
|player|p1|X2Muz|hugh|1298
|player|p2|Probozap|waiter-gen4|1264
|gen|9
|tier|[Gen 9] OU
|rated|
|rule|HP Percentage Mod: HP is shown in percentages
|rule|Endless Battle Clause: Forcing endless battles is banned
|rule|Species Clause: Limit one of each Pokémon
|rule|OHKO Clause: OHKO moves are banned
|rule|Evasion Items Clause: Evasion items are banned
|rule|Evasion Moves Clause: Evasion moves are banned
|rule|Evasion Abilities Clause: Evasion abilities are banned
|rule|Sleep Moves Clause: Sleep-inducing moves are banned
|clearpoke
|poke|p1|Comfey, F|
|poke|p1|Whimsicott, M|
|poke|p1|Iron Moth|
|poke|p1|Walking Wake|
|poke|p1|Great Tusk|
|poke|p1|Ninetales, F|
|poke|p2|Ditto|
|poke|p2|Empoleon, F|
|poke|p2|Hydreigon, F|
|poke|p2|Dragonite, F|
|poke|p2|Mamoswine, F|
|poke|p2|Hatterene, F|
|teampreview
|
|t:|1760299475
|teamsize|p1|6
|teamsize|p2|6
|start
|switch|p1a: Ninetales|Ninetales, F|100/100
|switch|p2a: Empoleon|Empoleon, F|100/100
|-weather|SunnyDay|[from] ability: Drought|[of] p1a: Ninetales
|turn|1
|
|t:|1760299479
|move|p1a: Ninetales|Will-O-Wisp|p2a: Empoleon
|-status|p2a: Empoleon|brn
|move|p2a: Empoleon|Stealth Rock|p1a: Ninetales
|-sidestart|p1: X2Muz|move: Stealth Rock
|
|-weather|SunnyDay|[upkeep]
|-damage|p2a: Empoleon|94/100 brn|[from] brn
|upkeep
|turn|2
|
|t:|1760299510
|switch|p1a: Walking Wake|Walking Wake|100/100
|-damage|p1a: Walking Wake|88/100|[from] Stealth Rock
|-activate|p1a: Walking Wake|ability: Protosynthesis
|-start|p1a: Walking Wake|protosynthesisspe
|move|p2a: Empoleon|Flip Turn|p1a: Walking Wake
|-resisted|p1a: Walking Wake
|-damage|p1a: Walking Wake|87/100
|
|t:|1760299519
|switch|p2a: Dragonite|Dragonite, F|100/100|[from] Flip Turn
|
|-weather|SunnyDay|[upkeep]
|upkeep
|turn|3
|
|t:|1760299530
|switch|p2a: Empoleon|Empoleon, F|94/100 brn
|move|p1a: Walking Wake|Draco Meteor|p2a: Empoleon
|-resisted|p2a: Empoleon
|-damage|p2a: Empoleon|73/100 brn
|-unboost|p1a: Walking Wake|spa|2
|
|-weather|SunnyDay|[upkeep]
|-damage|p2a: Empoleon|67/100 brn|[from] brn
|upkeep
|turn|4
|inactive|Battle timer is ON: inactive players will automatically lose when time's up. (requested by X2Muz)
|
|t:|1760299544
|move|p1a: Walking Wake|Flip Turn|p2a: Empoleon
|-resisted|p2a: Empoleon
|-damage|p2a: Empoleon|63/100 brn
|
|t:|1760299557
|-end|p1a: Walking Wake|Protosynthesis|[silent]
|switch|p1a: Comfey|Comfey, F, shiny|100/100|[from] Flip Turn
|-damage|p1a: Comfey|88/100|[from] Stealth Rock
|move|p2a: Empoleon|Flip Turn|p1a: Comfey
|-damage|p1a: Comfey|83/100
|
|t:|1760299566
|switch|p2a: Mamoswine|Mamoswine, F|100/100|[from] Flip Turn
|
|-weather|SunnyDay|[upkeep]
|upkeep
|turn|5
|
|t:|1760299593
|move|p2a: Mamoswine|Substitute|p2a: Mamoswine
|-start|p2a: Mamoswine|Substitute
|-damage|p2a: Mamoswine|75/100
|move|p1a: Comfey|Growth|p1a: Comfey
|-boost|p1a: Comfey|atk|2
|-boost|p1a: Comfey|spa|2
|
|-weather|SunnyDay|[upkeep]
|upkeep
|turn|6
|
|t:|1760299598
|move|p2a: Mamoswine|Icicle Spear|p1a: Comfey
|-damage|p1a: Comfey|67/100
|-damage|p1a: Comfey|52/100
|-damage|p1a: Comfey|38/100
|-damage|p1a: Comfey|22/100
|-hitcount|p1a: Comfey|4
|move|p1a: Comfey|Stored Power|p2a: Mamoswine
|-end|p2a: Mamoswine|Substitute
|-damage|p1a: Comfey|13/100|[from] item: Life Orb
|
|-weather|SunnyDay|[upkeep]
|upkeep
|turn|7
|
|t:|1760299616
|move|p1a: Comfey|Draining Kiss|p2a: Mamoswine
|-damage|p2a: Mamoswine|5/100
|-heal|p1a: Comfey|77/100|[from] drain|[of] p2a: Mamoswine
|-damage|p1a: Comfey|67/100|[from] item: Life Orb
|move|p2a: Mamoswine|Knock Off|p1a: Comfey
|-resisted|p1a: Comfey
|-damage|p1a: Comfey|48/100
|-enditem|p1a: Comfey|Life Orb|[from] move: Knock Off|[of] p2a: Mamoswine
|
|-weather|SunnyDay|[upkeep]
|upkeep
|turn|8
|
|t:|1760299628
|switch|p2a: Ditto|Ditto|100/100
|-transform|p2a: Ditto|p1a: Comfey|[from] ability: Imposter
|move|p1a: Comfey|Stored Power|p2a: Ditto
|-damage|p2a: Ditto|40/100
|
|-weather|none
|upkeep
|turn|9
|
|t:|1760299640
|-terastallize|p2a: Ditto|Poison
|move|p2a: Ditto|Stored Power|p1a: Comfey
|-damage|p1a: Comfey|0 fnt
|faint|p1a: Comfey
|
|upkeep
|inactive|X2Muz has 120 seconds left.
|
|t:|1760299672
|switch|p1a: Walking Wake|Walking Wake|87/100
|-damage|p1a: Walking Wake|75/100|[from] Stealth Rock
|turn|10
|
|t:|1760299675
|move|p2a: Ditto|Stored Power|p1a: Walking Wake
|-damage|p1a: Walking Wake|36/100
|move|p1a: Walking Wake|Hydro Steam|p2a: Ditto
|-damage|p2a: Ditto|5/100
|
|upkeep
|turn|11
|inactive|X2Muz has 120 seconds left.
|
|t:|1760299716
|-terastallize|p1a: Walking Wake|Steel
|move|p2a: Ditto|Stored Power|p1a: Walking Wake
|-resisted|p1a: Walking Wake
|-damage|p1a: Walking Wake|18/100
|move|p1a: Walking Wake|Flip Turn|p2a: Ditto
|-damage|p2a: Ditto|0 fnt
|faint|p2a: Ditto
|
|t:|1760299721
|-end|p1a: Walking Wake|Protosynthesis|[silent]
|switch|p1a: Ninetales|Ninetales, F|100/100|[from] Flip Turn
|-damage|p1a: Ninetales|76/100|[from] Stealth Rock
|-weather|SunnyDay|[from] ability: Drought|[of] p1a: Ninetales
|
|-weather|SunnyDay|[upkeep]
|upkeep
|
|t:|1760299731
|switch|p2a: Empoleon|Empoleon, F|63/100 brn
|turn|12
|
|t:|1760299746
|switch|p1a: Whimsicott|Whimsicott, M|100/100
|-damage|p1a: Whimsicott|88/100|[from] Stealth Rock
|move|p2a: Empoleon|Roost|p2a: Empoleon
|-heal|p2a: Empoleon|100/100 brn
|-singleturn|p2a: Empoleon|move: Roost
|
|-weather|SunnyDay|[upkeep]
|-damage|p2a: Empoleon|94/100 brn|[from] brn
|upkeep
|turn|13
|
|t:|1760299759
|move|p1a: Whimsicott|Growth|p1a: Whimsicott
|-boost|p1a: Whimsicott|atk|2
|-boost|p1a: Whimsicott|spa|2
|move|p2a: Empoleon|Ice Beam|p1a: Whimsicott
|-supereffective|p1a: Whimsicott
|-damage|p1a: Whimsicott|21/100
|
|-weather|SunnyDay|[upkeep]
|-damage|p2a: Empoleon|88/100 brn|[from] brn
|upkeep
|turn|14
|
|t:|1760299778
|move|p1a: Whimsicott|Giga Drain|p2a: Empoleon
|-damage|p2a: Empoleon|36/100 brn
|-heal|p1a: Whimsicott|53/100|[from] drain|[of] p2a: Empoleon
|-damage|p1a: Whimsicott|43/100|[from] item: Life Orb
|move|p2a: Empoleon|Ice Beam|p1a: Whimsicott
|-supereffective|p1a: Whimsicott
|-damage|p1a: Whimsicott|0 fnt
|faint|p1a: Whimsicott
|
|-weather|SunnyDay|[upkeep]
|-damage|p2a: Empoleon|30/100 brn|[from] brn
|upkeep
|inactive|X2Muz has 90 seconds left.
|
|t:|1760299794
|switch|p1a: Iron Moth|Iron Moth|100/100
|-damage|p1a: Iron Moth|76/100|[from] Stealth Rock
|-enditem|p1a: Iron Moth|Booster Energy
|-activate|p1a: Iron Moth|ability: Quark Drive|[fromitem]
|-start|p1a: Iron Moth|quarkdrivespa
|turn|15
|
|t:|1760299815
|move|p1a: Iron Moth|Fiery Dance|p2a: Empoleon
|-damage|p2a: Empoleon|0 fnt
|-boost|p1a: Iron Moth|spa|1
|faint|p2a: Empoleon
|
|-weather|SunnyDay|[upkeep]
|upkeep
|
|t:|1760299820
|switch|p2a: Dragonite|Dragonite, F|100/100
|turn|16
|
|t:|1760299837
|move|p1a: Iron Moth|Sludge Wave|p2a: Dragonite
|-damage|p2a: Dragonite|0 fnt
|faint|p2a: Dragonite
|
|-weather|SunnyDay|[upkeep]
|upkeep
|
|t:|1760299843
|switch|p2a: Hydreigon|Hydreigon, F|100/100
|turn|17
|
|t:|1760299849
|move|p2a: Hydreigon|Earth Power|p1a: Iron Moth
|-supereffective|p1a: Iron Moth
|-damage|p1a: Iron Moth|0 fnt
|faint|p1a: Iron Moth
|-end|p1a: Iron Moth|Quark Drive|[silent]
|
|-weather|SunnyDay|[upkeep]
|upkeep
|
|t:|1760299868
|switch|p1a: Walking Wake|Walking Wake, tera:Steel|18/100
|-damage|p1a: Walking Wake|12/100|[from] Stealth Rock
|-activate|p1a: Walking Wake|ability: Protosynthesis
|-start|p1a: Walking Wake|protosynthesisspe
|turn|18
|
|t:|1760299875
|switch|p2a: Hatterene|Hatterene, F|100/100
|move|p1a: Walking Wake|Draco Meteor|p2a: Hatterene
|-immune|p2a: Hatterene
|
|-weather|none
|-end|p1a: Walking Wake|Protosynthesis
|upkeep
|turn|19
|
|t:|1760299881
|move|p1a: Walking Wake|Flip Turn|p2a: Hatterene
|-damage|p2a: Hatterene|86/100
|
|t:|1760299885
|-end|p1a: Walking Wake|Protosynthesis|[silent]
|switch|p1a: Ninetales|Ninetales, F|76/100|[from] Flip Turn
|-damage|p1a: Ninetales|51/100|[from] Stealth Rock
|-weather|SunnyDay|[from] ability: Drought|[of] p1a: Ninetales
|move|p2a: Hatterene|Trick Room|p2a: Hatterene
|-fieldstart|move: Trick Room|[of] p2a: Hatterene
|
|-weather|SunnyDay|[upkeep]
|upkeep
|turn|20
|
|t:|1760299902
|move|p2a: Hatterene|Psychic Noise|p1a: Ninetales
|-damage|p1a: Ninetales|13/100
|-start|p1a: Ninetales|move: Heal Block
|cant|p1a: Ninetales|move: Heal Block|Healing Wish
|
|-weather|SunnyDay|[upkeep]
|upkeep
|turn|21
|
|t:|1760299911
|switch|p1a: Great Tusk|Great Tusk|100/100
|-damage|p1a: Great Tusk|98/100|[from] Stealth Rock
|-activate|p1a: Great Tusk|ability: Protosynthesis
|-start|p1a: Great Tusk|protosynthesisspe
|move|p2a: Hatterene|Psychic Noise|p1a: Great Tusk
|-supereffective|p1a: Great Tusk
|-damage|p1a: Great Tusk|0 fnt
|faint|p1a: Great Tusk
|-end|p1a: Great Tusk|Protosynthesis|[silent]
|
|-weather|SunnyDay|[upkeep]
|upkeep
|-message|X2Muz forfeited.
|
|win|Probozap
|raw|X2Muz's rating: 1298 &rarr; <strong>1271</strong><br />(-27 for losing)
|raw|Probozap's rating: 1264 &rarr; <strong>1291</strong><br />(+27 for winning)
|l|☆X2Muz
|player|p1|
