|j|☆Thenix12
|j|☆redaceboom
|t:|1760448316
|gametype|singles
|player|p1|Thenix12|nurse|1263
|player|p2|redaceboom|266|1249
|gen|9
|tier|[Gen 9] OU
|rated|
|rule|HP Percentage Mod: HP is shown in percentages
|rule|Endless Battle Clause: Forcing endless battles is banned
|rule|Species Clause: Limit one of each Pokémon
|rule|OHKO Clause: OHKO moves are banned
|rule|Evasion Items Clause: Evasion items are banned
|rule|Evasion Moves Clause: Evasion moves are banned
|rule|Evasion Abilities Clause: Evasion abilities are banned
|rule|Sleep Moves Clause: Sleep-inducing moves are banned
|clearpoke
|poke|p1|Scyther, F|
|poke|p1|Emboar, M|
|poke|p1|Avalugg, F|
|poke|p1|Vikavolt, F|
|poke|p1|Froslass, F|
|poke|p1|Gloom, M|
|poke|p2|Pecharunt|
|poke|p2|Walking Wake|
|poke|p2|Torkoal, M|
|poke|p2|Raging Bolt|
|poke|p2|Lilligant-Hisui, F|
|poke|p2|Brute Bonnet|
|teampreview
|
|t:|1760448331
|teamsize|p1|6
|teamsize|p2|6
|start
|switch|p1a: Vikavolt|Vikavolt, F|100/100
|switch|p2a: Pecharunt|Pecharunt|100/100
|turn|1
|
|t:|1760448337
|move|p2a: Pecharunt|Malignant Chain|p1a: Vikavolt
|-damage|p1a: Vikavolt|51/100
|-status|p1a: Vikavolt|tox
|-start|p1a: Vikavolt|confusion|[from] ability: Poison Puppeteer|[of] p2a: Pecharunt
|-activate|p1a: Vikavolt|confusion
|-damage|p1a: Vikavolt|45/100 tox|[from] confusion
|
|-damage|p1a: Vikavolt|38/100 tox|[from] psn
|upkeep
|turn|2
|
|t:|1760448345
|move|p2a: Pecharunt|Hex|p1a: Vikavolt
|-damage|p1a: Vikavolt|0 fnt
|faint|p1a: Vikavolt
|
|upkeep
|
|t:|1760448350
|switch|p1a: Froslass|Froslass, F|100/100
|turn|3
|
|t:|1760448353
|move|p1a: Froslass|Shadow Ball|p2a: Pecharunt
|-supereffective|p2a: Pecharunt
|-damage|p2a: Pecharunt|54/100
|move|p2a: Pecharunt|Recover|p2a: Pecharunt
|-heal|p2a: Pecharunt|100/100
|
|upkeep
|turn|4
|
|t:|1760448368
|switch|p2a: Brute Bonnet|Brute Bonnet|100/100
|move|p1a: Froslass|Shadow Ball|p2a: Brute Bonnet
|-resisted|p2a: Brute Bonnet
|-damage|p2a: Brute Bonnet|87/100
|
|upkeep
|turn|5
|
|t:|1760448373
|move|p1a: Froslass|Ice Beam|p2a: Brute Bonnet
|-supereffective|p2a: Brute Bonnet
|-damage|p2a: Brute Bonnet|21/100
|move|p2a: Brute Bonnet|Close Combat|p1a: Froslass
|-immune|p1a: Froslass
|
|upkeep
|turn|6
|
|t:|1760448380
|move|p2a: Brute Bonnet|Sucker Punch|p1a: Froslass
|-supereffective|p1a: Froslass
|-enditem|p1a: Froslass|Focus Sash
|-damage|p1a: Froslass|1/100
|move|p1a: Froslass|Ice Beam|p2a: Brute Bonnet
|-supereffective|p2a: Brute Bonnet
|-damage|p2a: Brute Bonnet|0 fnt
|faint|p2a: Brute Bonnet
|-end|p2a: Brute Bonnet|Protosynthesis|[silent]
|
|upkeep
|
|t:|1760448387
|switch|p2a: Walking Wake|Walking Wake|100/100
|turn|7
|
|t:|1760448390
|move|p2a: Walking Wake|Flip Turn|p1a: Froslass
|-damage|p1a: Froslass|0 fnt
|-start|p2a: Walking Wake|Disable|Flip Turn|[from] ability: Cursed Body|[of] p1a: Froslass
|faint|p1a: Froslass
|
|t:|1760448392
|-end|p2a: Walking Wake|Protosynthesis|[silent]
|switch|p2a: Torkoal|Torkoal, M|100/100|[from] Flip Turn
|-weather|SunnyDay|[from] ability: Drought|[of] p2a: Torkoal
|
|-weather|SunnyDay|[upkeep]
|upkeep
|
|t:|1760448399
|switch|p1a: Gloom|Gloom, M|100/100
|turn|8
|
|t:|1760448403
|-terastallize|p1a: Gloom|Water
|move|p1a: Gloom|Leech Seed|p2a: Torkoal
|-start|p2a: Torkoal|move: Leech Seed
|move|p2a: Torkoal|Overheat|p1a: Gloom
|-resisted|p1a: Gloom
|-damage|p1a: Gloom|83/100
|-unboost|p2a: Torkoal|spa|2
|
|-weather|SunnyDay|[upkeep]
|-damage|p2a: Torkoal|88/100|[from] Leech Seed|[of] p1a: Gloom
|-heal|p1a: Gloom|96/100|[silent]
|upkeep
|turn|9
|
|t:|1760448413
|move|p1a: Gloom|Sludge Bomb|p2a: Torkoal
|-damage|p2a: Torkoal|62/100
|move|p2a: Torkoal|Stealth Rock|p1a: Gloom
|-sidestart|p1: Thenix12|move: Stealth Rock
|
|-weather|SunnyDay|[upkeep]
|-damage|p2a: Torkoal|49/100|[from] Leech Seed|[of] p1a: Gloom
|-heal|p1a: Gloom|100/100|[silent]
|upkeep
|turn|10
|
|t:|1760448419
|switch|p2a: Pecharunt|Pecharunt|100/100
|move|p1a: Gloom|Sludge Bomb|p2a: Pecharunt
|-resisted|p2a: Pecharunt
|-damage|p2a: Pecharunt|95/100
|
|-weather|SunnyDay|[upkeep]
|-heal|p2a: Pecharunt|100/100|[from] item: Black Sludge
|upkeep
|turn|11
|
|t:|1760448423
|move|p2a: Pecharunt|Malignant Chain|p1a: Gloom
|-damage|p1a: Gloom|81/100
|move|p1a: Gloom|Leech Seed|p2a: Pecharunt
|-start|p2a: Pecharunt|move: Leech Seed
|
|-weather|SunnyDay|[upkeep]
|-damage|p2a: Pecharunt|88/100|[from] Leech Seed|[of] p1a: Gloom
|-heal|p1a: Gloom|95/100|[silent]
|upkeep
|turn|12
|
|t:|1760448430
|move|p1a: Gloom|Protect|p1a: Gloom
|-singleturn|p1a: Gloom|Protect
|move|p2a: Pecharunt|Malignant Chain|p1a: Gloom
|-activate|p1a: Gloom|move: Protect
|
|-weather|SunnyDay|[upkeep]
|-heal|p2a: Pecharunt|94/100|[from] item: Black Sludge
|-damage|p2a: Pecharunt|82/100|[from] Leech Seed|[of] p1a: Gloom
|-heal|p1a: Gloom|100/100|[silent]
|upkeep
|turn|13
|
|t:|1760448441
|switch|p1a: Emboar|Emboar, M|100/100
|-damage|p1a: Emboar|88/100|[from] Stealth Rock
|move|p2a: Pecharunt|Malignant Chain|p1a: Emboar
|-damage|p1a: Emboar|49/100
|-status|p1a: Emboar|tox
|-start|p1a: Emboar|confusion|[from] ability: Poison Puppeteer|[of] p2a: Pecharunt
|
|-weather|SunnyDay|[upkeep]
|-heal|p2a: Pecharunt|88/100|[from] item: Black Sludge
|-damage|p2a: Pecharunt|75/100|[from] Leech Seed|[of] p1a: Emboar
|-heal|p1a: Emboar|61/100 tox|[silent]
|-damage|p1a: Emboar|55/100 tox|[from] psn
|upkeep
|turn|14
|
|t:|1760448456
|move|p2a: Pecharunt|Recover|p2a: Pecharunt
|-heal|p2a: Pecharunt|100/100
|-activate|p1a: Emboar|confusion
|move|p1a: Emboar|Flare Blitz|p2a: Pecharunt
|-damage|p2a: Pecharunt|0 fnt
|faint|p2a: Pecharunt
|-damage|p1a: Emboar|22/100 tox|[from] Recoil
|
|-weather|none
|-damage|p1a: Emboar|10/100 tox|[from] psn
|upkeep
|
|t:|1760448473
|switch|p2a: Walking Wake|Walking Wake|100/100
|turn|15
|
|t:|1760448476
|move|p2a: Walking Wake|Flip Turn|p1a: Emboar
|-supereffective|p1a: Emboar
|-damage|p1a: Emboar|0 fnt
|faint|p1a: Emboar
|
|t:|1760448484
|-end|p2a: Walking Wake|Protosynthesis|[silent]
|switch|p2a: Torkoal|Torkoal, M|49/100|[from] Flip Turn
|-weather|SunnyDay|[from] ability: Drought|[of] p2a: Torkoal
|
|-weather|SunnyDay|[upkeep]
|upkeep
|
|t:|1760448487
|switch|p1a: Gloom|Gloom, M, tera:Water|100/100
|-damage|p1a: Gloom|88/100|[from] Stealth Rock
|turn|16
|
|t:|1760448495
|switch|p2a: Lilligant|Lilligant-Hisui, F|100/100
|move|p1a: Gloom|Leech Seed|p2a: Lilligant
|-immune|p2a: Lilligant
|
|-weather|SunnyDay|[upkeep]
|upkeep
|turn|17
|
|t:|1760448504
|move|p1a: Gloom|Protect|p1a: Gloom
|-singleturn|p1a: Gloom|Protect
|move|p2a: Lilligant|Axe Kick|p1a: Gloom
|-activate|p1a: Gloom|move: Protect
|-damage|p2a: Lilligant|51/100|[from] highjumpkick
|
|-weather|SunnyDay|[upkeep]
|upkeep
|turn|18
|
|t:|1760448512
|switch|p2a: Raging Bolt|Raging Bolt|100/100
|-activate|p2a: Raging Bolt|ability: Protosynthesis
|-start|p2a: Raging Bolt|protosynthesisspa
|switch|p1a: Avalugg|Avalugg, F|100/100
|-damage|p1a: Avalugg|76/100|[from] Stealth Rock
|
|-weather|SunnyDay|[upkeep]
|upkeep
|turn|19
|
|t:|1760448518
|-terastallize|p2a: Raging Bolt|Electric
|move|p2a: Raging Bolt|Weather Ball|p1a: Avalugg
|-supereffective|p1a: Avalugg
|-damage|p1a: Avalugg|0 fnt
|faint|p1a: Avalugg
|
|-weather|SunnyDay|[upkeep]
|upkeep
|
|t:|1760448524
|switch|p1a: Gloom|Gloom, M, tera:Water|88/100
|-damage|p1a: Gloom|76/100|[from] Stealth Rock
|turn|20
|
|t:|1760448540
|move|p2a: Raging Bolt|Volt Switch|p1a: Gloom
|-supereffective|p1a: Gloom
|-damage|p1a: Gloom|0 fnt
|faint|p1a: Gloom
|
|t:|1760448544
|-end|p2a: Raging Bolt|Protosynthesis|[silent]
|switch|p2a: Walking Wake|Walking Wake|100/100|[from] Volt Switch
|-activate|p2a: Walking Wake|ability: Protosynthesis
|-start|p2a: Walking Wake|protosynthesisspa
|
|-weather|SunnyDay|[upkeep]
|upkeep
|-message|Thenix12 forfeited.
|
|win|redaceboom
|raw|Thenix12's rating: 1263 &rarr; <strong>1237</strong><br />(-26 for losing)
|raw|redaceboom's rating: 1249 &rarr; <strong>1275</strong><br />(+26 for winning)
|l|☆Thenix12
|player|p1|
