|j|☆El-Lindo
|j|☆Enrico B.
|t:|1760343593
|gametype|singles
|player|p1|El-Lindo|265|1266
|player|p2|Enrico B.|hilbert|1227
|gen|9
|tier|[Gen 9] OU
|rated|
|rule|HP Percentage Mod: HP is shown in percentages
|rule|Endless Battle Clause: Forcing endless battles is banned
|rule|Species Clause: Limit one of each Pokémon
|rule|OHKO Clause: OHKO moves are banned
|rule|Evasion Items Clause: Evasion items are banned
|rule|Evasion Moves Clause: Evasion moves are banned
|rule|Evasion Abilities Clause: Evasion abilities are banned
|rule|Sleep Moves Clause: Sleep-inducing moves are banned
|clearpoke
|poke|p1|Kommo-o, M|
|poke|p1|Gholdengo|
|poke|p1|Ninetales-Alola, M|
|poke|p1|Hatterene, F|
|poke|p1|Zamazenta-*|
|poke|p1|Kingambit, M|
|poke|p2|Scizor, M|
|poke|p2|Latias, F|
|poke|p2|Avalugg, M|
|poke|p2|Sylveon, F|
|poke|p2|Iron Moth|
|poke|p2|Landorus-Therian, M|
|teampreview
|inactive|Battle timer is ON: inactive players will automatically lose when time's up. (requested by El-Lindo)
|
|t:|1760343598
|teamsize|p1|6
|teamsize|p2|6
|start
|switch|p1a: Ninetales|Ninetales-Alola, M|100/100
|switch|p2a: Landorus|Landorus-Therian, M|100/100
|-ability|p2a: Landorus|Intimidate|boost
|-unboost|p1a: Ninetales|atk|1
|-weather|Snowscape|[from] ability: Snow Warning|[of] p1a: Ninetales
|turn|1
|
|t:|1760343608
|move|p2a: Landorus|U-turn|p1a: Ninetales
|-resisted|p1a: Ninetales
|-damage|p1a: Ninetales|91/100
|
|t:|1760343613
|switch|p2a: Sylveon|Sylveon, F|100/100|[from] U-turn
|move|p1a: Ninetales|Freeze-Dry|p2a: Sylveon
|-crit|p2a: Sylveon
|-damage|p2a: Sylveon|81/100
|
|-weather|Snowscape|[upkeep]
|-heal|p2a: Sylveon|87/100|[from] item: Leftovers
|upkeep
|turn|2
|
|t:|1760343626
|move|p1a: Ninetales|Aurora Veil|p1a: Ninetales
|-sidestart|p1: El-Lindo|move: Aurora Veil
|move|p2a: Sylveon|Shadow Ball|p1a: Ninetales
|-damage|p1a: Ninetales|79/100
|
|-weather|Snowscape|[upkeep]
|-heal|p2a: Sylveon|93/100|[from] item: Leftovers
|upkeep
|turn|3
|
|t:|1760343635
|switch|p1a: Hatterene|Hatterene, F|100/100
|move|p2a: Sylveon|Wish|p2a: Sylveon
|
|-weather|Snowscape|[upkeep]
|-heal|p2a: Sylveon|99/100|[from] item: Leftovers
|upkeep
|turn|4
|
|t:|1760343651
|move|p2a: Sylveon|Shadow Ball|p1a: Hatterene
|-supereffective|p1a: Hatterene
|-damage|p1a: Hatterene|78/100
|move|p1a: Hatterene|Nuzzle|p2a: Sylveon
|-crit|p2a: Sylveon
|-damage|p2a: Sylveon|93/100
|-status|p2a: Sylveon|par
|
|-weather|Snowscape|[upkeep]
|-heal|p2a: Sylveon|100/100 par|[from] move: Wish|[wisher] Sylveon
|upkeep
|turn|5
|
|t:|1760343663
|move|p1a: Hatterene|Psychic Noise|p2a: Sylveon
|-damage|p2a: Sylveon|82/100 par
|-start|p2a: Sylveon|move: Heal Block
|move|p2a: Sylveon|Shadow Ball|p1a: Hatterene
|-supereffective|p1a: Hatterene
|-damage|p1a: Hatterene|51/100
|
|-weather|none
|upkeep
|turn|6
|
|t:|1760343674
|move|p1a: Hatterene|Draining Kiss|p2a: Sylveon
|-damage|p2a: Sylveon|69/100 par
|-heal|p1a: Hatterene|62/100|[from] drain|[of] p2a: Sylveon
|move|p2a: Sylveon|Shadow Ball|p1a: Hatterene
|-supereffective|p1a: Hatterene
|-damage|p1a: Hatterene|37/100
|
|-end|p2a: Sylveon|move: Heal Block
|upkeep
|turn|7
|
|t:|1760343685
|move|p1a: Hatterene|Psychic Noise|p2a: Sylveon
|-damage|p2a: Sylveon|49/100 par
|-start|p2a: Sylveon|move: Heal Block
|cant|p2a: Sylveon|move: Heal Block|Wish
|
|upkeep
|turn|8
|
|t:|1760343694
|move|p1a: Hatterene|Psychic Noise|p2a: Sylveon
|-damage|p2a: Sylveon|29/100 par
|cant|p2a: Sylveon|par
|
|-end|p2a: Sylveon|move: Heal Block
|upkeep
|turn|9
|
|t:|1760343703
|move|p1a: Hatterene|Psychic Noise|p2a: Sylveon
|-damage|p2a: Sylveon|9/100 par
|-start|p2a: Sylveon|move: Heal Block
|move|p2a: Sylveon|Shadow Ball|p1a: Hatterene
|-supereffective|p1a: Hatterene
|-damage|p1a: Hatterene|13/100
|
|-sideend|p1: El-Lindo|move: Aurora Veil
|upkeep
|turn|10
|
|t:|1760343715
|switch|p2a: Latias|Latias, F, shiny|100/100
|move|p1a: Hatterene|Psychic Noise|p2a: Latias
|-resisted|p2a: Latias
|-damage|p2a: Latias|87/100
|-start|p2a: Latias|move: Heal Block
|
|upkeep
|turn|11
|
|t:|1760343728
|move|p2a: Latias|Ice Beam|p1a: Hatterene
|-damage|p1a: Hatterene|0 fnt
|faint|p1a: Hatterene
|
|-end|p2a: Latias|move: Heal Block
|upkeep
|
|t:|1760343736
|switch|p1a: Ninetales|Ninetales-Alola, M|79/100
|-weather|Snowscape|[from] ability: Snow Warning|[of] p1a: Ninetales
|turn|12
|
|t:|1760343744
|switch|p2a: Iron Moth|Iron Moth, shiny|100/100
|-enditem|p2a: Iron Moth|Booster Energy
|-activate|p2a: Iron Moth|ability: Quark Drive|[fromitem]
|-start|p2a: Iron Moth|quarkdrivespe
|move|p1a: Ninetales|Freeze-Dry|p2a: Iron Moth
|-resisted|p2a: Iron Moth
|-damage|p2a: Iron Moth|92/100
|
|-weather|Snowscape|[upkeep]
|upkeep
|turn|13
|
|t:|1760343754
|move|p2a: Iron Moth|Fiery Dance|p1a: Ninetales
|-supereffective|p1a: Ninetales
|-damage|p1a: Ninetales|9/100
|move|p1a: Ninetales|Aurora Veil|p1a: Ninetales
|-sidestart|p1: El-Lindo|move: Aurora Veil
|
|-weather|Snowscape|[upkeep]
|upkeep
|turn|14
|
|t:|1760343762
|move|p2a: Iron Moth|Fiery Dance|p1a: Ninetales
|-supereffective|p1a: Ninetales
|-damage|p1a: Ninetales|0 fnt
|-boost|p2a: Iron Moth|spa|1
|faint|p1a: Ninetales
|
|-weather|Snowscape|[upkeep]
|upkeep
|
|t:|1760343768
|switch|p1a: Kommo-o|Kommo-o, M|100/100
|turn|15
|
|t:|1760343774
|move|p2a: Iron Moth|Sludge Wave|p1a: Kommo-o
|-damage|p1a: Kommo-o|63/100
|move|p1a: Kommo-o|Clangorous Soul|p1a: Kommo-o
|-boost|p1a: Kommo-o|atk|1
|-boost|p1a: Kommo-o|def|1
|-boost|p1a: Kommo-o|spa|1
|-boost|p1a: Kommo-o|spd|1
|-boost|p1a: Kommo-o|spe|1
|-damage|p1a: Kommo-o|30/100
|-enditem|p1a: Kommo-o|Throat Spray
|-boost|p1a: Kommo-o|spa|1|[from] item: Throat Spray
|
|-weather|Snowscape|[upkeep]
|upkeep
|turn|16
|
|t:|1760343787
|move|p2a: Iron Moth|Sludge Wave|p1a: Kommo-o
|-damage|p1a: Kommo-o|6/100
|move|p1a: Kommo-o|Boomburst|p2a: Iron Moth
|-damage|p2a: Iron Moth|24/100
|
|-weather|none
|upkeep
|turn|17
|
|t:|1760343797
|move|p2a: Iron Moth|Fiery Dance|p1a: Kommo-o
|-resisted|p1a: Kommo-o
|-damage|p1a: Kommo-o|0 fnt
|-boost|p2a: Iron Moth|spa|1
|faint|p1a: Kommo-o
|
|upkeep
|
|t:|1760343807
|switch|p1a: Kingambit|Kingambit, M|100/100
|-activate|p1a: Kingambit|ability: Supreme Overlord
|-start|p1a: Kingambit|fallen3|[silent]
|-item|p1a: Kingambit|Air Balloon
|turn|18
|
|t:|1760343819
|-end|p2a: Iron Moth|Quark Drive|[silent]
|switch|p2a: Avalugg|Avalugg, M|100/100
|move|p1a: Kingambit|Sucker Punch||[still]
|-fail|p1a: Kingambit
|
|upkeep
|turn|19
|
|t:|1760343825
|move|p1a: Kingambit|Iron Head|p2a: Avalugg
|-supereffective|p2a: Avalugg
|-damage|p2a: Avalugg|52/100
|-damage|p1a: Kingambit|84/100|[from] item: Rocky Helmet|[of] p2a: Avalugg
|move|p2a: Avalugg|Body Press|p1a: Kingambit
|-supereffective|p1a: Kingambit
|-damage|p1a: Kingambit|22/100
|-enditem|p1a: Kingambit|Air Balloon
|
|upkeep
|turn|20
|
|t:|1760343836
|move|p1a: Kingambit|Iron Head|p2a: Avalugg
|-supereffective|p2a: Avalugg
|-damage|p2a: Avalugg|0 fnt
|-damage|p1a: Kingambit|6/100|[from] item: Rocky Helmet|[of] p2a: Avalugg
|faint|p2a: Avalugg
|
|-sideend|p1: El-Lindo|move: Aurora Veil
|upkeep
|inactive|Enrico B. has 120 seconds left.
|
|t:|1760343862
|switch|p2a: Landorus|Landorus-Therian, M|100/100
|-ability|p2a: Landorus|Intimidate|boost
|-unboost|p1a: Kingambit|atk|1
|turn|21
|
|t:|1760343871
|move|p1a: Kingambit|Sucker Punch|p2a: Landorus
|-damage|p2a: Landorus|58/100
|move|p2a: Landorus|U-turn|p1a: Kingambit
|-damage|p1a: Kingambit|0 fnt
|faint|p1a: Kingambit
|-end|p1a: Kingambit|fallen3|[silent]
|
|t:|1760343879
|switch|p2a: Scizor|Scizor, M|100/100|[from] U-turn
|
|upkeep
|
|t:|1760343885
|switch|p1a: Zamazenta|Zamazenta|100/100
|-ability|p1a: Zamazenta|Dauntless Shield|boost
|-boost|p1a: Zamazenta|def|1
|turn|22
|
|t:|1760343901
|move|p1a: Zamazenta|Close Combat|p2a: Scizor
|-damage|p2a: Scizor|40/100
|-unboost|p1a: Zamazenta|def|1
|-unboost|p1a: Zamazenta|spd|1
|-damage|p1a: Zamazenta|91/100|[from] item: Life Orb
|move|p2a: Scizor|Acrobatics|p1a: Zamazenta
|-supereffective|p1a: Zamazenta
|-damage|p1a: Zamazenta|43/100
|
|upkeep
|turn|23
|
|t:|1760343915
|move|p2a: Scizor|Bullet Punch|p1a: Zamazenta
|-damage|p1a: Zamazenta|17/100
|move|p1a: Zamazenta|Close Combat|p2a: Scizor
|-damage|p2a: Scizor|0 fnt
|-unboost|p1a: Zamazenta|def|1
|-unboost|p1a: Zamazenta|spd|1
|faint|p2a: Scizor
|-damage|p1a: Zamazenta|7/100|[from] item: Life Orb
|
|upkeep
|inactive|Enrico B. has 120 seconds left.
|
|t:|1760343929
|switch|p2a: Landorus|Landorus-Therian, M|58/100
|-ability|p2a: Landorus|Intimidate|boost
|-unboost|p1a: Zamazenta|atk|1
|turn|24
|
|t:|1760343934
|move|p2a: Landorus|U-turn|p1a: Zamazenta
|-resisted|p1a: Zamazenta
|-damage|p1a: Zamazenta|0 fnt
|faint|p1a: Zamazenta
|
|t:|1760343940
|switch|p2a: Iron Moth|Iron Moth, shiny|24/100|[from] U-turn
|
|upkeep
|
|t:|1760343943
|switch|p1a: Gholdengo|Gholdengo|100/100
|turn|25
|
|t:|1760343948
|-terastallize|p1a: Gholdengo|Fighting
|move|p2a: Iron Moth|Fiery Dance|p1a: Gholdengo
|-crit|p1a: Gholdengo
|-damage|p1a: Gholdengo|40/100
|move|p1a: Gholdengo|Psyshock|p2a: Iron Moth
|-supereffective|p2a: Iron Moth
|-damage|p2a: Iron Moth|0 fnt
|faint|p2a: Iron Moth
|-end|p2a: Iron Moth|Quark Drive|[silent]
|
|upkeep
|
|t:|1760343960
|switch|p2a: Latias|Latias, F, shiny|87/100
|turn|26
|
|t:|1760343970
|move|p2a: Latias|Ice Beam|p1a: Gholdengo
|-damage|p1a: Gholdengo|13/100
|move|p1a: Gholdengo|Shadow Ball|p2a: Latias
|-supereffective|p2a: Latias
|-damage|p2a: Latias|14/100
|
|-heal|p2a: Latias|20/100|[from] item: Leftovers
|upkeep
|turn|27
|-enditem|p1a: Gholdengo|Custap Berry|[eat]
|-activate|p1a: Gholdengo|item: Custap Berry|[consumed]
|
|t:|1760343979
|move|p1a: Gholdengo|Shadow Ball|p2a: Latias
|-supereffective|p2a: Latias
|-damage|p2a: Latias|0 fnt
|faint|p2a: Latias
|
|upkeep
|
|t:|1760343988
|switch|p2a: Landorus|Landorus-Therian, M|58/100
|-ability|p2a: Landorus|Intimidate|boost
|-unboost|p1a: Gholdengo|atk|1
|turn|28
|
|t:|1760343994
|move|p2a: Landorus|U-turn|p1a: Gholdengo
|-resisted|p1a: Gholdengo
|-damage|p1a: Gholdengo|0 fnt
|faint|p1a: Gholdengo
|
|win|Enrico B.
|raw|El-Lindo's rating: 1266 &rarr; <strong>1238</strong><br />(-28 for losing)
|raw|Enrico B.'s rating: 1227 &rarr; <strong>1255</strong><br />(+28 for winning)
|l|☆El-Lindo
|player|p1|
|l|☆Enrico B.
|player|p2|
