|j|☆Shishka66
|j|☆khadaka gin
|t:|1760382250
|gametype|singles
|player|p1|Shishka66|swimmer-gen4dp|
|player|p2|khadaka gin|266|
|gen|9
|tier|[Gen 9] OU
|rule|HP Percentage Mod: HP is shown in percentages
|rule|Endless Battle Clause: Forcing endless battles is banned
|rule|Species Clause: Limit one of each Pokémon
|rule|OHKO Clause: OHKO moves are banned
|rule|Evasion Items Clause: Evasion items are banned
|rule|Evasion Moves Clause: Evasion moves are banned
|rule|Evasion Abilities Clause: Evasion abilities are banned
|rule|Sleep Moves Clause: Sleep-inducing moves are banned
|clearpoke
|poke|p1|Polteageist-Antique|
|poke|p1|Iron Valiant|
|poke|p1|Tinkaton, F|
|poke|p1|Mimikyu, F|
|poke|p1|Garchomp, M|
|poke|p1|Blastoise, M|
|poke|p2|Azelf|
|poke|p2|Excadrill, M|
|poke|p2|Dragapult, M|
|poke|p2|Ditto|
|poke|p2|Gliscor, M|
|poke|p2|Oricorio-Pom-Pom, F|
|teampreview
|
|t:|1760382258
|teamsize|p1|6
|teamsize|p2|6
|start
|switch|p1a: Blastoise|Blastoise, M|100/100
|switch|p2a: Gliscor|Gliscor, M|100/100
|turn|1
|
|t:|1760382272
|move|p2a: Gliscor|Knock Off|p1a: Blastoise
|-crit|p1a: Blastoise
|-damage|p1a: Blastoise|68/100
|-enditem|p1a: Blastoise|Grip Claw|[from] move: Knock Off|[of] p2a: Gliscor
|move|p1a: Blastoise|Whirlpool|p2a: Gliscor
|-supereffective|p2a: Gliscor
|-damage|p2a: Gliscor|70/100
|-activate|p2a: Gliscor|move: Whirlpool|[of] p1a: Blastoise
|
|-damage|p2a: Gliscor|57/100|[from] move: Whirlpool|[partiallytrapped]
|-status|p2a: Gliscor|tox|[from] item: Toxic Orb
|upkeep
|turn|2
|
|t:|1760382284
|move|p2a: Gliscor|Toxic|p1a: Blastoise|[miss]
|-miss|p2a: Gliscor|p1a: Blastoise
|move|p1a: Blastoise|Ice Beam|p2a: Gliscor
|-supereffective|p2a: Gliscor
|-crit|p2a: Gliscor
|-damage|p2a: Gliscor|0 fnt
|faint|p2a: Gliscor
|
|upkeep
|c|☆Shishka66|no stall for you
|
|t:|1760382296
|switch|p2a: Oricorio|Oricorio-Pom-Pom, F|100/100
|turn|3
|
|t:|1760382310
|move|p2a: Oricorio|Quiver Dance|p2a: Oricorio
|-boost|p2a: Oricorio|spa|1
|-boost|p2a: Oricorio|spd|1
|-boost|p2a: Oricorio|spe|1
|move|p1a: Blastoise|Flip Turn|p2a: Oricorio
|-damage|p2a: Oricorio|75/100
|
|t:|1760382325
|switch|p1a: Iron Valiant|Iron Valiant|100/100|[from] Flip Turn
|-enditem|p1a: Iron Valiant|Booster Energy
|-activate|p1a: Iron Valiant|ability: Quark Drive|[fromitem]
|-start|p1a: Iron Valiant|quarkdrivespe
|
|-heal|p2a: Oricorio|82/100|[from] item: Leftovers
|upkeep
|turn|4
|
|t:|1760382332
|move|p1a: Iron Valiant|Thunderbolt|p2a: Oricorio
|-damage|p2a: Oricorio|49/100
|move|p2a: Oricorio|Hurricane|p1a: Iron Valiant
|-supereffective|p1a: Iron Valiant
|-damage|p1a: Iron Valiant|0 fnt
|faint|p1a: Iron Valiant
|-end|p1a: Iron Valiant|Quark Drive|[silent]
|
|-heal|p2a: Oricorio|55/100|[from] item: Leftovers
|upkeep
|c|☆Shishka66|guh?
|c|☆Shishka66|no super effective?
|c|☆khadaka gin|Flying electric
|c|☆Shishka66|oh...
|c|☆Shishka66|I is idiot
|
|t:|1760382376
|switch|p1a: Mimikyu|Mimikyu, F|100/100
|turn|5
|
|t:|1760382390
|move|p2a: Oricorio|Revelation Dance|p1a: Mimikyu
|-activate|p1a: Mimikyu|ability: Disguise
|-damage|p1a: Mimikyu|100/100
|detailschange|p1a: Mimikyu|Mimikyu-Busted, F
|-damage|p1a: Mimikyu|88/100|[from] pokemon: Mimikyu-Busted
|-enditem|p1a: Mimikyu|Red Card|[of] p2a: Oricorio
|drag|p2a: Dragapult|Dragapult, M|100/100
|move|p1a: Mimikyu|Swords Dance|p1a: Mimikyu
|-boost|p1a: Mimikyu|atk|2
|
|upkeep
|turn|6
|
|t:|1760382410
|move|p1a: Mimikyu|Shadow Sneak|p2a: Dragapult
|-supereffective|p2a: Dragapult
|-damage|p2a: Dragapult|17/100
|move|p2a: Dragapult|U-turn|p1a: Mimikyu
|-resisted|p1a: Mimikyu
|-damage|p1a: Mimikyu|78/100
|c|☆Shishka66|lol
|
|t:|1760382419
|switch|p2a: Ditto|Ditto|100/100|[from] U-turn
|-transform|p2a: Ditto|p1a: Mimikyu|[from] ability: Imposter
|
|upkeep
|turn|7
|c|☆Shishka66|coulda oneshot me
|
|t:|1760382432
|move|p1a: Mimikyu|Shadow Sneak|p2a: Ditto
|-supereffective|p2a: Ditto
|-damage|p2a: Ditto|4/100
|move|p2a: Ditto|Shadow Claw|p1a: Mimikyu
|-supereffective|p1a: Mimikyu
|-damage|p1a: Mimikyu|0 fnt
|faint|p1a: Mimikyu
|
|upkeep
|
|t:|1760382444
|switch|p1a: Tinkaton|Tinkaton, F|100/100
|-ability|p1a: Tinkaton|Mold Breaker
|turn|8
|
|t:|1760382457
|move|p2a: Ditto|Shadow Claw|p1a: Tinkaton
|-crit|p1a: Tinkaton
|-damage|p1a: Tinkaton|0 fnt
|-damage|p2a: Ditto|0 fnt|[from] item: Rocky Helmet|[of] p1a: Tinkaton
|faint|p1a: Tinkaton
|faint|p2a: Ditto
|
|upkeep
|c|☆Shishka66|AYO
|c|☆khadaka gin|Ok ring
|c|☆khadaka gin|Wtf
|c|☆Shishka66|rnjesus hates me lmao
|
|t:|1760382473
|switch|p1a: Blastoise|Blastoise, M|68/100
|switch|p2a: Excadrill|Excadrill, M|100/100
|-ability|p2a: Excadrill|Mold Breaker
|turn|9
|c|☆Shishka66|LMAO
|
|t:|1760382500
|move|p2a: Excadrill|Iron Head|p1a: Blastoise
|-resisted|p1a: Blastoise
|-damage|p1a: Blastoise|48/100
|cant|p1a: Blastoise|flinch
|
|upkeep
|turn|10
|c|☆khadaka gin|Awkward
|c|☆Shishka66|indeed
|c|☆Shishka66|flinch hates me
|
|t:|1760382522
|move|p2a: Excadrill|Iron Head|p1a: Blastoise
|-resisted|p1a: Blastoise
|-damage|p1a: Blastoise|26/100
|cant|p1a: Blastoise|flinch
|
|upkeep
|turn|11
|c|☆Shishka66|aAHHAHAHAHHA
|c|☆khadaka gin|Wtf
|c|☆Shishka66|what is this
|c|☆Shishka66|what's the uh
|c|☆Shishka66|the chances
|c|☆Shishka66|0.01%?
|
|t:|1760382545
|move|p2a: Excadrill|Iron Head|p1a: Blastoise
|-resisted|p1a: Blastoise
|-damage|p1a: Blastoise|4/100
|move|p1a: Blastoise|Ice Beam|p2a: Excadrill
|-damage|p2a: Excadrill|67/100
|-status|p2a: Excadrill|frz
|
|upkeep
|turn|12
|c|☆khadaka gin|30% in row
|c|☆khadaka gin|So like 2%
|
|t:|1760382557
|switch|p1a: Garchomp|Garchomp, M|100/100
|cant|p2a: Excadrill|frz
|
|upkeep
|turn|13
|
|t:|1760382567
|move|p1a: Garchomp|Scale Shot|p2a: Excadrill
|-resisted|p2a: Excadrill
|-damage|p2a: Excadrill|57/100 frz
|-resisted|p2a: Excadrill
|-damage|p2a: Excadrill|47/100 frz
|-resisted|p2a: Excadrill
|-damage|p2a: Excadrill|38/100 frz
|-resisted|p2a: Excadrill
|-damage|p2a: Excadrill|29/100 frz
|-resisted|p2a: Excadrill
|-damage|p2a: Excadrill|20/100 frz
|-hitcount|p2a: Excadrill|5
|-unboost|p1a: Garchomp|def|1
|-boost|p1a: Garchomp|spe|1
|cant|p2a: Excadrill|frz
|
|upkeep
|turn|14
|
|t:|1760382585
|move|p1a: Garchomp|Scale Shot|p2a: Excadrill
|-resisted|p2a: Excadrill
|-damage|p2a: Excadrill|10/100 frz
|-resisted|p2a: Excadrill
|-damage|p2a: Excadrill|1/100 frz
|-resisted|p2a: Excadrill
|-damage|p2a: Excadrill|0 fnt
|faint|p2a: Excadrill
|-hitcount|p2: Excadrill|3
|-unboost|p1a: Garchomp|def|1
|-boost|p1a: Garchomp|spe|1
|
|upkeep
|
|t:|1760382593
|switch|p2a: Azelf|Azelf|100/100
|turn|15
|
|t:|1760382606
|-terastallize|p1a: Garchomp|Dragon
|move|p1a: Garchomp|Scale Shot|p2a: Azelf
|-damage|p2a: Azelf|74/100
|-damage|p2a: Azelf|46/100
|-damage|p2a: Azelf|17/100
|-damage|p2a: Azelf|0 fnt
|faint|p2a: Azelf
|-hitcount|p2: Azelf|4
|-unboost|p1a: Garchomp|def|1
|-boost|p1a: Garchomp|spe|1
|
|upkeep
|c|☆Shishka66|pls pls pls
|-message|khadaka gin forfeited.
|
|win|Shishka66
|c|☆Shishka66|aw man
|c|☆khadaka gin|I lost
|c|☆Shishka66|well...
|c|☆Shishka66|orico could have done smth
|c|☆khadaka gin|Not enough Def
|c|☆Shishka66|garchomp is fooking strong
|c|☆khadaka gin|It's made of paper
|c|☆khadaka gin|I fucking did not set up any tera
|c|☆khadaka gin|I had normal on them all
|c|☆Shishka66|well
|c|☆khadaka gin|Tera normal
|c|☆Shishka66|it uses default tera
|c|☆Shishka66|oh?
|c|☆Shishka66|I thought it used one of the types mon uses
|c|☆Shishka66|huh
