|j|☆henry151th
|j|☆horses aren't real
|t:|1760360431
|gametype|singles
|player|p1|henry151th|wallace|1696
|player|p2|horses aren't real|skullgruntf|1587
|gen|9
|tier|[Gen 9] OU
|rated|
|rule|HP Percentage Mod: HP is shown in percentages
|rule|Endless Battle Clause: Forcing endless battles is banned
|rule|Species Clause: Limit one of each Pokémon
|rule|OHKO Clause: OHKO moves are banned
|rule|Evasion Items Clause: Evasion items are banned
|rule|Evasion Moves Clause: Evasion moves are banned
|rule|Evasion Abilities Clause: Evasion abilities are banned
|rule|Sleep Moves Clause: Sleep-inducing moves are banned
|clearpoke
|poke|p1|Tyranitar, F|
|poke|p1|Excadrill, F|
|poke|p1|Garganacl, M|
|poke|p1|Tornadus-Therian, M|
|poke|p1|Keldeo-Resolute|
|poke|p1|Pecharunt|
|poke|p2|Ting-Lu|
|poke|p2|Rillaboom, F|
|poke|p2|Great Tusk|
|poke|p2|Gholdengo|
|poke|p2|Darkrai|
|poke|p2|Tornadus-Therian, M|
|teampreview
|inactive|Battle timer is ON: inactive players will automatically lose when time's up. (requested by horses aren't real)
|
|t:|1760360454
|teamsize|p1|6
|teamsize|p2|6
|start
|switch|p1a: Pecharunt|Pecharunt|100/100
|switch|p2a: Gholdengo|Gholdengo|100/100
|turn|1
|
|t:|1760360464
|switch|p1a: Tyranitar|Tyranitar, F|100/100
|-weather|Sandstorm|[from] ability: Sand Stream|[of] p1a: Tyranitar
|move|p2a: Gholdengo|Shadow Ball|p1a: Tyranitar
|-resisted|p1a: Tyranitar
|-damage|p1a: Tyranitar|94/100
|-unboost|p1a: Tyranitar|spd|1
|
|-weather|Sandstorm|[upkeep]
|upkeep
|turn|2
|
|t:|1760360468
|switch|p2a: Great Tusk|Great Tusk|100/100
|switch|p1a: Excadrill|Excadrill, F|100/100
|
|-weather|Sandstorm|[upkeep]
|upkeep
|turn|3
|j| OUZQ Crocodile
|
|t:|1760360479
|switch|p1a: Tornadus|Tornadus-Therian, M|100/100
|move|p2a: Great Tusk|Stealth Rock|p1a: Tornadus
|-sidestart|p1: henry151th|move: Stealth Rock
|
|-weather|Sandstorm|[upkeep]
|-damage|p1a: Tornadus|94/100|[from] Sandstorm
|upkeep
|turn|4
|
|t:|1760360483
|-end|p2a: Great Tusk|Protosynthesis|[silent]
|switch|p2a: Ting-Lu|Ting-Lu|100/100
|-ability|p2a: Ting-Lu|Vessel of Ruin
|move|p1a: Tornadus|U-turn|p2a: Ting-Lu
|-supereffective|p2a: Ting-Lu
|-damage|p2a: Ting-Lu|87/100
|
|t:|1760360490
|switch|p1a: Keldeo|Keldeo-Resolute|100/100|[from] U-turn
|-damage|p1a: Keldeo|94/100|[from] Stealth Rock
|
|-weather|Sandstorm|[upkeep]
|-damage|p1a: Keldeo|88/100|[from] Sandstorm
|-heal|p2a: Ting-Lu|93/100|[from] item: Leftovers
|upkeep
|turn|5
|
|t:|1760360499
|-terastallize|p1a: Keldeo|Water
|move|p1a: Keldeo|Hydro Pump|p2a: Ting-Lu
|-supereffective|p2a: Ting-Lu
|-damage|p2a: Ting-Lu|0 fnt
|faint|p2a: Ting-Lu
|
|-weather|Sandstorm|[upkeep]
|-damage|p1a: Keldeo|82/100|[from] Sandstorm
|upkeep
|
|t:|1760360505
|switch|p2a: Rillaboom|Rillaboom, F|100/100
|-fieldstart|move: Grassy Terrain|[from] ability: Grassy Surge|[of] p2a: Rillaboom
|turn|6
|
|t:|1760360512
|switch|p1a: Pecharunt|Pecharunt|100/100
|move|p2a: Rillaboom|U-turn|p1a: Pecharunt
|-resisted|p1a: Pecharunt
|-damage|p1a: Pecharunt|98/100
|
|t:|1760360517
|switch|p2a: Darkrai|Darkrai|100/100|[from] U-turn
|
|-weather|Sandstorm|[upkeep]
|-damage|p2a: Darkrai|94/100|[from] Sandstorm
|-damage|p1a: Pecharunt|92/100|[from] Sandstorm
|-heal|p2a: Darkrai|100/100|[from] Grassy Terrain
|-heal|p1a: Pecharunt|98/100|[from] Grassy Terrain
|upkeep
|turn|7
|
|t:|1760360520
|move|p2a: Darkrai|Knock Off|p1a: Pecharunt
|-supereffective|p1a: Pecharunt
|-damage|p1a: Pecharunt|63/100
|-enditem|p1a: Pecharunt|Heavy-Duty Boots|[from] move: Knock Off|[of] p2a: Darkrai
|move|p1a: Pecharunt|Parting Shot|p2a: Darkrai
|-unboost|p2a: Darkrai|atk|1
|-unboost|p2a: Darkrai|spa|1
|
|t:|1760360522
|switch|p1a: Excadrill|Excadrill, F|100/100|[from] Parting Shot
|-damage|p1a: Excadrill|97/100|[from] Stealth Rock
|
|-weather|Sandstorm|[upkeep]
|-damage|p2a: Darkrai|94/100|[from] Sandstorm
|-heal|p1a: Excadrill|100/100|[from] Grassy Terrain
|-heal|p2a: Darkrai|100/100|[from] Grassy Terrain
|upkeep
|turn|8
|
|t:|1760360527
|switch|p2a: Gholdengo|Gholdengo|100/100
|move|p1a: Excadrill|Iron Head|p2a: Gholdengo
|-resisted|p2a: Gholdengo
|-damage|p2a: Gholdengo|80/100
|-damage|p1a: Excadrill|91/100|[from] item: Life Orb
|
|-weather|none
|-heal|p1a: Excadrill|97/100|[from] Grassy Terrain
|-heal|p2a: Gholdengo|86/100|[from] Grassy Terrain
|upkeep
|turn|9
|
|t:|1760360534
|switch|p1a: Tornadus|Tornadus-Therian, M|100/100
|move|p2a: Gholdengo|Shadow Ball|p1a: Tornadus
|-damage|p1a: Tornadus|58/100
|-unboost|p1a: Tornadus|spd|1
|
|-heal|p2a: Gholdengo|92/100|[from] Grassy Terrain
|upkeep
|turn|10
|
|t:|1760360537
|move|p1a: Tornadus|Knock Off|p2a: Gholdengo
|-supereffective|p2a: Gholdengo
|-damage|p2a: Gholdengo|68/100
|-enditem|p2a: Gholdengo|Shuca Berry|[from] move: Knock Off|[of] p1a: Tornadus
|move|p2a: Gholdengo|Shadow Ball|p1a: Tornadus
|-damage|p1a: Tornadus|0 fnt
|faint|p1a: Tornadus
|
|-heal|p2a: Gholdengo|74/100|[from] Grassy Terrain
|upkeep
|
|t:|1760360539
|switch|p1a: Keldeo|Keldeo-Resolute, tera:Water|82/100
|-damage|p1a: Keldeo|70/100|[from] Stealth Rock
|turn|11
|
|t:|1760360542
|switch|p2a: Rillaboom|Rillaboom, F|100/100
|move|p1a: Keldeo|Hydro Pump|p2a: Rillaboom
|-resisted|p2a: Rillaboom
|-damage|p2a: Rillaboom|31/100
|
|-heal|p1a: Keldeo|76/100|[from] Grassy Terrain
|-heal|p2a: Rillaboom|37/100|[from] Grassy Terrain
|upkeep
|turn|12
|
|t:|1760360549
|switch|p1a: Pecharunt|Pecharunt|63/100
|-damage|p1a: Pecharunt|51/100|[from] Stealth Rock
|move|p2a: Rillaboom|Grassy Glide|p1a: Pecharunt
|-resisted|p1a: Pecharunt
|-damage|p1a: Pecharunt|41/100
|
|-heal|p2a: Rillaboom|43/100|[from] Grassy Terrain
|-heal|p1a: Pecharunt|47/100|[from] Grassy Terrain
|upkeep
|turn|13
|
|t:|1760360552
|switch|p2a: Gholdengo|Gholdengo|74/100
|switch|p1a: Keldeo|Keldeo-Resolute, tera:Water|76/100
|-damage|p1a: Keldeo|63/100|[from] Stealth Rock
|
|-heal|p1a: Keldeo|70/100|[from] Grassy Terrain
|-heal|p2a: Gholdengo|80/100|[from] Grassy Terrain
|-fieldend|move: Grassy Terrain
|upkeep
|turn|14
|
|t:|1760360555
|move|p1a: Keldeo|Hydro Pump|p2a: Gholdengo
|-damage|p2a: Gholdengo|0 fnt
|faint|p2a: Gholdengo
|
|upkeep
|
|t:|1760360556
|switch|p2a: Rillaboom|Rillaboom, F|43/100
|-fieldstart|move: Grassy Terrain|[from] ability: Grassy Surge|[of] p2a: Rillaboom
|turn|15
|
|t:|1760360558
|move|p2a: Rillaboom|Grassy Glide|p1a: Keldeo
|-supereffective|p1a: Keldeo
|-damage|p1a: Keldeo|0 fnt
|faint|p1a: Keldeo
|
|-heal|p2a: Rillaboom|49/100|[from] Grassy Terrain
|upkeep
|
|t:|1760360560
|switch|p1a: Pecharunt|Pecharunt|47/100
|-damage|p1a: Pecharunt|34/100|[from] Stealth Rock
|turn|16
|
|t:|1760360562
|switch|p2a: Darkrai|Darkrai|100/100
|move|p1a: Pecharunt|Recover|p1a: Pecharunt
|-heal|p1a: Pecharunt|84/100
|
|-heal|p1a: Pecharunt|90/100|[from] Grassy Terrain
|upkeep
|turn|17
|
|t:|1760360564
|switch|p1a: Tyranitar|Tyranitar, F|94/100
|-damage|p1a: Tyranitar|81/100|[from] Stealth Rock
|-weather|Sandstorm|[from] ability: Sand Stream|[of] p1a: Tyranitar
|move|p2a: Darkrai|Dark Pulse|p1a: Tyranitar
|-resisted|p1a: Tyranitar
|-damage|p1a: Tyranitar|70/100
|
|-weather|Sandstorm|[upkeep]
|-damage|p2a: Darkrai|94/100|[from] Sandstorm
|-heal|p2a: Darkrai|100/100|[from] Grassy Terrain
|-heal|p1a: Tyranitar|76/100|[from] Grassy Terrain
|upkeep
|turn|18
|
|t:|1760360570
|switch|p2a: Great Tusk|Great Tusk|100/100
|move|p1a: Tyranitar|Stealth Rock|p2a: Great Tusk
|-sidestart|p2: horses aren't real|move: Stealth Rock
|
|-weather|Sandstorm|[upkeep]
|-heal|p1a: Tyranitar|82/100|[from] Grassy Terrain
|upkeep
|turn|19
|
|t:|1760360579
|move|p2a: Great Tusk|Headlong Rush|p1a: Tyranitar
|-supereffective|p1a: Tyranitar
|-damage|p1a: Tyranitar|2/100
|-unboost|p2a: Great Tusk|def|1
|-unboost|p2a: Great Tusk|spd|1
|move|p1a: Tyranitar|Ice Beam|p2a: Great Tusk
|-supereffective|p2a: Great Tusk
|-damage|p2a: Great Tusk|25/100
|
|-weather|Sandstorm|[upkeep]
|-heal|p2a: Great Tusk|31/100|[from] Grassy Terrain
|-heal|p1a: Tyranitar|8/100|[from] Grassy Terrain
|upkeep
|turn|20
|
|t:|1760360582
|move|p2a: Great Tusk|Rapid Spin|p1a: Tyranitar
|-resisted|p1a: Tyranitar
|-damage|p1a: Tyranitar|3/100
|-boost|p2a: Great Tusk|spe|1
|-sideend|p2: horses aren't real|Stealth Rock|[from] move: Rapid Spin|[of] p2a: Great Tusk
|move|p1a: Tyranitar|Ice Beam|p2a: Great Tusk
|-supereffective|p2a: Great Tusk
|-damage|p2a: Great Tusk|0 fnt
|faint|p2a: Great Tusk
|-end|p2a: Great Tusk|Protosynthesis|[silent]
|
|-weather|Sandstorm|[upkeep]
|-heal|p1a: Tyranitar|9/100|[from] Grassy Terrain
|upkeep
|
|t:|1760360585
|switch|p2a: Rillaboom|Rillaboom, F|49/100
|turn|21
|
|t:|1760360588
|move|p2a: Rillaboom|U-turn|p1a: Tyranitar
|-supereffective|p1a: Tyranitar
|-damage|p1a: Tyranitar|0 fnt
|faint|p1a: Tyranitar
|
|t:|1760360594
|switch|p2a: Tornadus|Tornadus-Therian, M|100/100|[from] U-turn
|
|-weather|Sandstorm|[upkeep]
|-damage|p2a: Tornadus|94/100|[from] Sandstorm
|upkeep
|
|t:|1760360597
|switch|p1a: Excadrill|Excadrill, F|97/100
|-damage|p1a: Excadrill|94/100|[from] Stealth Rock
|turn|22
|
|t:|1760360599
|move|p1a: Excadrill|Rapid Spin|p2a: Tornadus
|-damage|p2a: Tornadus|68/100
|-boost|p1a: Excadrill|spe|1
|-sideend|p1: henry151th|Stealth Rock|[from] move: Rapid Spin|[of] p1a: Excadrill
|-damage|p1a: Excadrill|84/100|[from] item: Life Orb
|move|p2a: Tornadus|Heat Wave|p1a: Excadrill
|-supereffective|p1a: Excadrill
|-damage|p1a: Excadrill|24/100
|
|-weather|Sandstorm|[upkeep]
|-damage|p2a: Tornadus|62/100|[from] Sandstorm
|-heal|p1a: Excadrill|30/100|[from] Grassy Terrain
|-fieldend|move: Grassy Terrain
|upkeep
|turn|23
|
|t:|1760360606
|move|p1a: Excadrill|Rock Slide|p2a: Tornadus
|-supereffective|p2a: Tornadus
|-damage|p2a: Tornadus|0 fnt
|faint|p2a: Tornadus
|-damage|p1a: Excadrill|20/100|[from] item: Life Orb
|
|-weather|Sandstorm|[upkeep]
|upkeep
|
|t:|1760360609
|switch|p2a: Rillaboom|Rillaboom, F|49/100
|-fieldstart|move: Grassy Terrain|[from] ability: Grassy Surge|[of] p2a: Rillaboom
|turn|24
|
|t:|1760360612
|switch|p1a: Pecharunt|Pecharunt|90/100
|move|p2a: Rillaboom|Grassy Glide|p1a: Pecharunt
|-resisted|p1a: Pecharunt
|-damage|p1a: Pecharunt|80/100
|
|-weather|none
|-heal|p2a: Rillaboom|55/100|[from] Grassy Terrain
|-heal|p1a: Pecharunt|86/100|[from] Grassy Terrain
|upkeep
|turn|25
|
|t:|1760360614
|move|p1a: Pecharunt|Malignant Chain|p2a: Rillaboom
|-supereffective|p2a: Rillaboom
|-damage|p2a: Rillaboom|0 fnt
|faint|p2a: Rillaboom
|
|-heal|p1a: Pecharunt|92/100|[from] Grassy Terrain
|upkeep
|
|t:|1760360615
|switch|p2a: Darkrai|Darkrai|100/100
|turn|26
|
|t:|1760360617
|move|p2a: Darkrai|Dark Pulse|p1a: Pecharunt
|-supereffective|p1a: Pecharunt
|-damage|p1a: Pecharunt|0 fnt
|faint|p1a: Pecharunt
|
|upkeep
|
|t:|1760360619
|switch|p1a: Garganacl|Garganacl, M|100/100
|turn|27
|
|t:|1760360621
|move|p2a: Darkrai|Dark Pulse|p1a: Garganacl
|-damage|p1a: Garganacl|69/100
|cant|p1a: Garganacl|flinch
|
|-heal|p1a: Garganacl|75/100|[from] Grassy Terrain
|-heal|p1a: Garganacl|82/100|[from] item: Leftovers
|upkeep
|turn|28
|
|t:|1760360624
|move|p2a: Darkrai|Dark Pulse|p1a: Garganacl
|-damage|p1a: Garganacl|46/100
|move|p1a: Garganacl|Salt Cure|p2a: Darkrai
|-damage|p2a: Darkrai|82/100
|-start|p2a: Darkrai|Salt Cure
|
|-heal|p2a: Darkrai|88/100|[from] Grassy Terrain
|-heal|p1a: Garganacl|52/100|[from] Grassy Terrain
|-heal|p1a: Garganacl|58/100|[from] item: Leftovers
|-damage|p2a: Darkrai|76/100|[from] Salt Cure
|upkeep
|turn|29
|-message|horses aren't real forfeited.
|
|win|henry151th
|raw|henry151th's rating: 1696 &rarr; <strong>1710</strong><br />(+14 for winning)
|raw|horses aren&apos;t real's rating: 1587 &rarr; <strong>1573</strong><br />(-14 for losing)
|l|☆horses aren't real
|player|p2|
|l| OUZQ Crocodile
|j| OUZQ Crocodile
|l| OUZQ Crocodile
