|j|☆RoddyJ
|j|☆lolproplayer
|t:|1760458242
|gametype|singles
|player|p1|RoddyJ|ethan|1705
|player|p2|lolproplayer|1|1720
|gen|9
|tier|[Gen 9] OU
|rated|
|rule|HP Percentage Mod: HP is shown in percentages
|rule|Endless Battle Clause: Forcing endless battles is banned
|rule|Species Clause: Limit one of each Pokémon
|rule|OHKO Clause: OHKO moves are banned
|rule|Evasion Items Clause: Evasion items are banned
|rule|Evasion Moves Clause: Evasion moves are banned
|rule|Evasion Abilities Clause: Evasion abilities are banned
|rule|Sleep Moves Clause: Sleep-inducing moves are banned
|clearpoke
|poke|p1|Scizor, F|
|poke|p1|Zamazenta-*|
|poke|p1|Latios, M|
|poke|p1|Glimmora, F|
|poke|p1|Great Tusk|
|poke|p1|Milotic, M|
|poke|p2|Ursaluna, M|
|poke|p2|Cresselia, F|
|poke|p2|Iron Hands|
|poke|p2|Volcanion|
|poke|p2|Hatterene, F|
|poke|p2|Porygon2|
|teampreview
|inactive|Battle timer is ON: inactive players will automatically lose when time's up. (requested by lolproplayer)
|
|t:|1760458250
|teamsize|p1|6
|teamsize|p2|6
|start
|switch|p1a: Glimmora|Glimmora, F, shiny|100/100
|switch|p2a: Porygon2|Porygon2|100/100
|-item|p1a: Glimmora|Air Balloon
|-ability|p2a: Porygon2|Download|boost
|-boost|p2a: Porygon2|spa|1
|turn|1
|
|t:|1760458259
|move|p1a: Glimmora|Stealth Rock|p2a: Porygon2
|-sidestart|p2: lolproplayer|move: Stealth Rock
|move|p2a: Porygon2|Trick Room|p2a: Porygon2
|-fieldstart|move: Trick Room|[of] p2a: Porygon2
|
|upkeep
|turn|2
|
|t:|1760458263
|switch|p1a: Milotic|Milotic, M, shiny|100/100
|move|p2a: Porygon2|Ice Beam|p1a: Milotic
|-resisted|p1a: Milotic
|-damage|p1a: Milotic|91/100
|
|upkeep
|turn|3
|
|t:|1760458273
|switch|p2a: Ursaluna|Ursaluna, M|100/100
|-damage|p2a: Ursaluna|94/100|[from] Stealth Rock
|move|p1a: Milotic|Flip Turn|p2a: Ursaluna
|-supereffective|p2a: Ursaluna
|-damage|p2a: Ursaluna|76/100
|
|t:|1760458279
|switch|p1a: Glimmora|Glimmora, F, shiny|100/100|[from] Flip Turn
|-item|p1a: Glimmora|Air Balloon
|
|-status|p2a: Ursaluna|brn|[from] item: Flame Orb
|upkeep
|turn|4
|
|t:|1760458294
|switch|p2a: Volcanion|Volcanion|100/100
|-damage|p2a: Volcanion|75/100|[from] Stealth Rock
|switch|p1a: Great Tusk|Great Tusk, shiny|100/100
|
|upkeep
|turn|5
|
|t:|1760458302
|-end|p1a: Great Tusk|Protosynthesis|[silent]
|switch|p1a: Milotic|Milotic, M, shiny|91/100
|-terastallize|p2a: Volcanion|Water
|move|p2a: Volcanion|Steam Eruption|p1a: Milotic
|-resisted|p1a: Milotic
|-damage|p1a: Milotic|61/100
|-status|p1a: Milotic|brn
|
|-damage|p1a: Milotic|55/100 brn|[from] brn
|-fieldend|move: Trick Room
|upkeep
|turn|6
|
|t:|1760458314
|move|p1a: Milotic|Alluring Voice|p2a: Volcanion
|-damage|p2a: Volcanion|50/100
|move|p2a: Volcanion|Steam Eruption|p1a: Milotic
|-resisted|p1a: Milotic
|-crit|p1a: Milotic
|-damage|p1a: Milotic|7/100 brn
|
|-damage|p1a: Milotic|1/100 brn|[from] brn
|upkeep
|turn|7
|
|t:|1760458328
|switch|p2a: Iron Hands|Iron Hands|100/100
|-damage|p2a: Iron Hands|94/100|[from] Stealth Rock
|-enditem|p2a: Iron Hands|Booster Energy
|-activate|p2a: Iron Hands|ability: Quark Drive|[fromitem]
|-start|p2a: Iron Hands|quarkdriveatk
|move|p1a: Milotic|Alluring Voice|p2a: Iron Hands
|-supereffective|p2a: Iron Hands
|-damage|p2a: Iron Hands|46/100
|
|-damage|p1a: Milotic|0 fnt|[from] brn
|faint|p1a: Milotic
|upkeep
|
|t:|1760458340
|switch|p1a: Glimmora|Glimmora, F, shiny|100/100
|-item|p1a: Glimmora|Air Balloon
|turn|8
|
|t:|1760458345
|move|p1a: Glimmora|Earth Power|p2a: Iron Hands
|-supereffective|p2a: Iron Hands
|-damage|p2a: Iron Hands|0 fnt
|faint|p2a: Iron Hands
|-end|p2a: Iron Hands|Quark Drive|[silent]
|
|upkeep
|
|t:|1760458355
|switch|p2a: Hatterene|Hatterene, F|100/100
|-damage|p2a: Hatterene|88/100|[from] Stealth Rock
|turn|9
|
|t:|1760458364
|switch|p1a: Great Tusk|Great Tusk, shiny|100/100
|move|p2a: Hatterene|Trick Room|p2a: Hatterene
|-fieldstart|move: Trick Room|[of] p2a: Hatterene
|
|upkeep
|turn|10
|
|t:|1760458370
|move|p2a: Hatterene|Psychic Noise|p1a: Great Tusk
|-supereffective|p1a: Great Tusk
|-damage|p1a: Great Tusk|26/100
|-start|p1a: Great Tusk|move: Heal Block
|move|p1a: Great Tusk|Knock Off|p2a: Hatterene
|-damage|p2a: Hatterene|52/100
|-enditem|p2a: Hatterene|Focus Sash|[from] move: Knock Off|[of] p1a: Great Tusk
|
|upkeep
|turn|11
|
|t:|1760458380
|move|p2a: Hatterene|Healing Wish|p2a: Hatterene
|faint|p2a: Hatterene
|move|p1a: Great Tusk|Headlong Rush|p2: Hatterene|[notarget]
|-fail|p1a: Great Tusk
|
|-end|p1a: Great Tusk|move: Heal Block
|upkeep
|
|t:|1760458399
|switch|p2a: Volcanion|Volcanion, tera:Water|50/100
|-heal|p2a: Volcanion|100/100|[from] move: Healing Wish
|-damage|p2a: Volcanion|88/100|[from] Stealth Rock
|turn|12
|
|t:|1760458405
|move|p2a: Volcanion|Steam Eruption|p1a: Great Tusk
|-supereffective|p1a: Great Tusk
|-damage|p1a: Great Tusk|0 fnt
|faint|p1a: Great Tusk
|-end|p1a: Great Tusk|Protosynthesis|[silent]
|
|upkeep
|
|t:|1760458413
|switch|p1a: Latios|Latios, M, shiny|100/100
|turn|13
|
|t:|1760458418
|move|p2a: Volcanion|Steam Eruption|p1a: Latios
|-resisted|p1a: Latios
|-damage|p1a: Latios|41/100
|-status|p1a: Latios|brn
|move|p1a: Latios|Calm Mind|p1a: Latios
|-boost|p1a: Latios|spa|1
|-boost|p1a: Latios|spd|1
|
|-damage|p1a: Latios|35/100 brn|[from] brn
|-fieldend|move: Trick Room
|upkeep
|turn|14
|j| Aos drxpz
|
|t:|1760458429
|move|p1a: Latios|Stored Power|p2a: Volcanion
|-damage|p2a: Volcanion|51/100
|move|p2a: Volcanion|Steam Eruption|p1a: Latios
|-resisted|p1a: Latios
|-damage|p1a: Latios|0 fnt
|faint|p1a: Latios
|
|upkeep
|
|t:|1760458435
|switch|p1a: Zamazenta|Zamazenta, shiny|100/100
|-ability|p1a: Zamazenta|Dauntless Shield|boost
|-boost|p1a: Zamazenta|def|1
|turn|15
|
|t:|1760458442
|switch|p2a: Cresselia|Cresselia, F|100/100
|-damage|p2a: Cresselia|88/100|[from] Stealth Rock
|move|p1a: Zamazenta|Body Press|p2a: Cresselia
|-resisted|p2a: Cresselia
|-damage|p2a: Cresselia|72/100
|
|upkeep
|turn|16
|
|t:|1760458450
|switch|p1a: Scizor|Scizor, F, shiny|100/100
|move|p2a: Cresselia|Trick Room|p2a: Cresselia
|-fieldstart|move: Trick Room|[of] p2a: Cresselia
|
|upkeep
|turn|17
|
|t:|1760458455
|move|p2a: Cresselia|Lunar Dance|p2a: Cresselia
|faint|p2a: Cresselia
|move|p1a: Scizor|Knock Off|p2: Cresselia|[notarget]
|-fail|p1a: Scizor
|
|upkeep
|
|t:|1760458461
|switch|p2a: Volcanion|Volcanion, tera:Water|51/100
|-heal|p2a: Volcanion|100/100|[from] move: Lunar Dance
|-damage|p2a: Volcanion|88/100|[from] Stealth Rock
|turn|18
|
|t:|1760458473
|-terastallize|p1a: Scizor|Water
|move|p2a: Volcanion|Steam Eruption|p1a: Scizor
|-resisted|p1a: Scizor
|-damage|p1a: Scizor|30/100
|move|p1a: Scizor|Knock Off|p2a: Volcanion
|-damage|p2a: Volcanion|57/100
|-enditem|p2a: Volcanion|Choice Specs|[from] move: Knock Off|[of] p1a: Scizor
|
|-heal|p1a: Scizor|36/100|[from] item: Leftovers
|upkeep
|turn|19
|j| wgw2333
|
|t:|1760458489
|move|p1a: Scizor|Bullet Punch|p2a: Volcanion
|-resisted|p2a: Volcanion
|-damage|p2a: Volcanion|44/100
|move|p2a: Volcanion|Steam Eruption|p1a: Scizor
|-resisted|p1a: Scizor
|-damage|p1a: Scizor|0 fnt
|faint|p1a: Scizor
|
|upkeep
|
|t:|1760458493
|switch|p1a: Glimmora|Glimmora, F, shiny|100/100
|-item|p1a: Glimmora|Air Balloon
|turn|20
|l| Aos drxpz
|
|t:|1760458501
|move|p2a: Volcanion|Steam Eruption|p1a: Glimmora|[miss]
|-miss|p2a: Volcanion|p1a: Glimmora
|move|p1a: Glimmora|Spikes|p2a: Volcanion
|-sidestart|p2: lolproplayer|Spikes
|
|-fieldend|move: Trick Room
|upkeep
|turn|21
|
|t:|1760458510
|switch|p2a: Porygon2|Porygon2|100/100
|-damage|p2a: Porygon2|88/100|[from] Stealth Rock
|-damage|p2a: Porygon2|76/100|[from] Spikes
|-ability|p2a: Porygon2|Download|boost
|-boost|p2a: Porygon2|spa|1
|move|p1a: Glimmora|Mortal Spin|p2a: Porygon2
|-damage|p2a: Porygon2|72/100
|-status|p2a: Porygon2|psn
|
|-damage|p2a: Porygon2|59/100 psn|[from] psn
|upkeep
|turn|22
|
|t:|1760458523
|move|p1a: Glimmora|Spikes|p2a: Porygon2
|-sidestart|p2: lolproplayer|Spikes
|move|p2a: Porygon2|Trick Room|p2a: Porygon2
|-fieldstart|move: Trick Room|[of] p2a: Porygon2
|
|-damage|p2a: Porygon2|47/100 psn|[from] psn
|upkeep
|turn|23
|
|t:|1760458532
|move|p2a: Porygon2|Ice Beam|p1a: Glimmora
|-damage|p1a: Glimmora|43/100
|-enditem|p1a: Glimmora|Air Balloon
|move|p1a: Glimmora|Spikes|p2a: Porygon2
|-sidestart|p2: lolproplayer|Spikes
|
|-damage|p2a: Porygon2|35/100 psn|[from] psn
|upkeep
|turn|24
|
|t:|1760458543
|move|p2a: Porygon2|Ice Beam|p1a: Glimmora
|-damage|p1a: Glimmora|0 fnt
|faint|p1a: Glimmora
|
|-damage|p2a: Porygon2|22/100 psn|[from] psn
|upkeep
|
|t:|1760458546
|switch|p1a: Zamazenta|Zamazenta, shiny|100/100
|turn|25
|
|t:|1760458552
|move|p2a: Porygon2|Tera Blast|p1a: Zamazenta
|-damage|p1a: Zamazenta|41/100
|move|p1a: Zamazenta|Roar|p2a: Porygon2
|drag|p2a: Volcanion|Volcanion, tera:Water|44/100
|-damage|p2a: Volcanion|31/100|[from] Stealth Rock
|-damage|p2a: Volcanion|6/100|[from] Spikes
|
|-heal|p1a: Zamazenta|48/100|[from] item: Leftovers
|upkeep
|turn|26
|
|t:|1760458565
|move|p2a: Volcanion|Steam Eruption|p1a: Zamazenta|[miss]
|-miss|p2a: Volcanion|p1a: Zamazenta
|move|p1a: Zamazenta|Iron Defense|p1a: Zamazenta
|-boost|p1a: Zamazenta|def|2
|
|-heal|p1a: Zamazenta|54/100|[from] item: Leftovers
|-fieldend|move: Trick Room
|upkeep
|turn|27
|
|t:|1760458575
|move|p1a: Zamazenta|Body Press|p2a: Volcanion
|-damage|p2a: Volcanion|0 fnt
|faint|p2a: Volcanion
|
|-heal|p1a: Zamazenta|60/100|[from] item: Leftovers
|upkeep
|
|t:|1760458583
|switch|p2a: Ursaluna|Ursaluna, M|76/100 brn
|-damage|p2a: Ursaluna|70/100 brn|[from] Stealth Rock
|-damage|p2a: Ursaluna|45/100 brn|[from] Spikes
|turn|28
|
|t:|1760458590
|move|p1a: Zamazenta|Body Press|p2a: Ursaluna
|-supereffective|p2a: Ursaluna
|-damage|p2a: Ursaluna|0 fnt
|faint|p2a: Ursaluna
|
|-heal|p1a: Zamazenta|66/100|[from] item: Leftovers
|upkeep
|-message|lolproplayer forfeited.
|
|win|RoddyJ
|raw|RoddyJ's rating: 1705 &rarr; <strong>1726</strong><br />(+21 for winning)
|raw|lolproplayer's rating: 1720 &rarr; <strong>1699</strong><br />(-21 for losing)
|l|☆lolproplayer
|player|p2|
|l| wgw2333
|l|☆RoddyJ
|player|p1|
