|j|☆rusty frfr
|j|☆junin77PT
|t:|1760391430
|gametype|singles
|player|p1|rusty frfr|swimmerf-gen4|1342
|player|p2|junin77PT|102|1432
|gen|9
|tier|[Gen 9] OU
|rated|
|rule|HP Percentage Mod: HP is shown in percentages
|rule|Endless Battle Clause: Forcing endless battles is banned
|rule|Species Clause: Limit one of each Pokémon
|rule|OHKO Clause: OHKO moves are banned
|rule|Evasion Items Clause: Evasion items are banned
|rule|Evasion Moves Clause: Evasion moves are banned
|rule|Evasion Abilities Clause: Evasion abilities are banned
|rule|Sleep Moves Clause: Sleep-inducing moves are banned
|clearpoke
|poke|p1|Pawmot, F|
|poke|p1|Dragapult, M|
|poke|p1|Kingambit, M|
|poke|p1|Raging Bolt|
|poke|p1|Great Tusk|
|poke|p1|Iron Valiant|
|poke|p2|Kyurem|
|poke|p2|Great Tusk|
|poke|p2|Scizor, F|
|poke|p2|Primarina, F|
|poke|p2|Iron Valiant|
|poke|p2|Zamazenta-*|
|teampreview
|inactive|Battle timer is ON: inactive players will automatically lose when time's up. (requested by rusty frfr)
|
|t:|1760391453
|teamsize|p1|6
|teamsize|p2|6
|start
|switch|p1a: Raging Bolt|Raging Bolt|100/100
|switch|p2a: Primarina|Primarina, F|100/100
|turn|1
|
|t:|1760391460
|move|p2a: Primarina|Moonblast|p1a: Raging Bolt
|-supereffective|p1a: Raging Bolt
|-damage|p1a: Raging Bolt|46/100
|move|p1a: Raging Bolt|Discharge|p2a: Primarina
|-supereffective|p2a: Primarina
|-damage|p2a: Primarina|44/100
|-status|p2a: Primarina|par
|
|upkeep
|turn|2
|
|t:|1760391472
|move|p1a: Raging Bolt|Dragon Pulse|p2a: Primarina
|-immune|p2a: Primarina
|move|p2a: Primarina|Moonblast|p1a: Raging Bolt
|-supereffective|p1a: Raging Bolt
|-damage|p1a: Raging Bolt|0 fnt
|faint|p1a: Raging Bolt
|-end|p1a: Raging Bolt|Protosynthesis|[silent]
|
|upkeep
|
|t:|1760391474
|switch|p1a: Dragapult|Dragapult, M|100/100
|turn|3
|
|t:|1760391484
|move|p1a: Dragapult|Shadow Ball|p2a: Primarina
|-damage|p2a: Primarina|12/100 par
|move|p2a: Primarina|Moonblast|p1a: Dragapult
|-supereffective|p1a: Dragapult
|-damage|p1a: Dragapult|0 fnt
|faint|p1a: Dragapult
|
|upkeep
|
|t:|1760391486
|switch|p1a: Great Tusk|Great Tusk|100/100
|turn|4
|c|☆rusty frfr|Wtf bro
|
|t:|1760391506
|switch|p2a: Scizor|Scizor, F|100/100
|move|p1a: Great Tusk|Rapid Spin|p2a: Scizor
|-resisted|p2a: Scizor
|-damage|p2a: Scizor|93/100
|-boost|p1a: Great Tusk|spe|1
|
|upkeep
|turn|5
|c|☆junin77PT|assault vest
|
|t:|1760391515
|move|p1a: Great Tusk|Stealth Rock|p2a: Scizor
|-sidestart|p2: junin77PT|move: Stealth Rock
|move|p2a: Scizor|Dual Wingbeat|p1a: Great Tusk
|-supereffective|p1a: Great Tusk
|-damage|p1a: Great Tusk|59/100
|-damage|p2a: Scizor|76/100|[from] item: Rocky Helmet|[of] p1a: Great Tusk
|-supereffective|p1a: Great Tusk
|-damage|p1a: Great Tusk|17/100
|-damage|p2a: Scizor|60/100|[from] item: Rocky Helmet|[of] p1a: Great Tusk
|-hitcount|p1a: Great Tusk|2
|
|upkeep
|turn|6
|c|☆rusty frfr|Obviously stupid
|
|t:|1760391530
|move|p1a: Great Tusk|Headlong Rush|p2a: Scizor
|-damage|p2a: Scizor|8/100
|-unboost|p1a: Great Tusk|def|1
|-unboost|p1a: Great Tusk|spd|1
|move|p2a: Scizor|Dual Wingbeat|p1a: Great Tusk|[miss]
|-miss|p2a: Scizor|p1a: Great Tusk
|
|upkeep
|turn|7
|c|☆junin77PT|bruh
|c|☆rusty frfr|Well you're just dumn
|c|☆rusty frfr|Its obvuously av no crap
|inactive|junin77PT has 120 seconds left.
|
|t:|1760391568
|switch|p2a: Primarina|Primarina, F|12/100 par
|-damage|p2a: Primarina|0 fnt|[from] Stealth Rock
|faint|p2a: Primarina
|move|p1a: Great Tusk|Headlong Rush|p2: Primarina|[notarget]
|-fail|p1a: Great Tusk
|
|upkeep
|
|t:|1760391585
|switch|p2a: Great Tusk|Great Tusk|100/100
|turn|8
|
|t:|1760391593
|move|p1a: Great Tusk|Ice Spinner|p2a: Great Tusk
|-supereffective|p2a: Great Tusk
|-damage|p2a: Great Tusk|68/100
|move|p2a: Great Tusk|Rapid Spin|p1a: Great Tusk
|-damage|p1a: Great Tusk|0 fnt
|-boost|p2a: Great Tusk|spe|1
|-damage|p2a: Great Tusk|52/100|[from] item: Rocky Helmet|[of] p1a: Great Tusk
|-sideend|p2: junin77PT|Stealth Rock|[from] move: Rapid Spin|[of] p2a: Great Tusk
|faint|p1a: Great Tusk
|-end|p1a: Great Tusk|Protosynthesis|[silent]
|
|upkeep
|
|t:|1760391597
|switch|p1a: Iron Valiant|Iron Valiant|100/100
|-enditem|p1a: Iron Valiant|Booster Energy
|-activate|p1a: Iron Valiant|ability: Quark Drive|[fromitem]
|-start|p1a: Iron Valiant|quarkdrivespe
|turn|9
|inactive|junin77PT has 120 seconds left.
|inactive|junin77PT has 90 seconds left.
|
|t:|1760391653
|-terastallize|p2a: Great Tusk|Steel
|move|p1a: Iron Valiant|Moonblast|p2a: Great Tusk
|-resisted|p2a: Great Tusk
|-damage|p2a: Great Tusk|16/100
|move|p2a: Great Tusk|Rapid Spin|p1a: Iron Valiant
|-damage|p1a: Iron Valiant|78/100
|-boost|p2a: Great Tusk|spe|1
|
|upkeep
|turn|10
|c|☆rusty frfr|Hurry up plz dude my god
|c|☆junin77PT|shush
|c|☆junin77PT|im eating
|
|t:|1760391671
|move|p2a: Great Tusk|Headlong Rush|p1a: Iron Valiant
|-damage|p1a: Iron Valiant|0 fnt
|-unboost|p2a: Great Tusk|def|1
|-unboost|p2a: Great Tusk|spd|1
|faint|p1a: Iron Valiant
|-end|p1a: Iron Valiant|Quark Drive|[silent]
|
|upkeep
|
|t:|1760391674
|switch|p1a: Pawmot|Pawmot, F|100/100
|turn|11
|
|t:|1760391675
|move|p1a: Pawmot|Mach Punch|p2a: Great Tusk
|-supereffective|p2a: Great Tusk
|-damage|p2a: Great Tusk|0 fnt
|faint|p2a: Great Tusk
|-end|p2a: Great Tusk|Protosynthesis|[silent]
|
|upkeep
|inactive|junin77PT has 90 seconds left.
|
|t:|1760391688
|switch|p2a: Zamazenta|Zamazenta|100/100
|-ability|p2a: Zamazenta|Dauntless Shield|boost
|-boost|p2a: Zamazenta|def|1
|turn|12
|c|☆rusty frfr|No you're not
|inactive|junin77PT has 90 seconds left.
|
|t:|1760391700
|move|p2a: Zamazenta|Substitute|p2a: Zamazenta
|-start|p2a: Zamazenta|Substitute
|-damage|p2a: Zamazenta|75/100
|move|p1a: Pawmot|Double Shock|p2a: Zamazenta
|-end|p2a: Zamazenta|Substitute
|-start|p1a: Pawmot|typechange|???/Fighting|[from] move: Double Shock
|
|-heal|p2a: Zamazenta|82/100|[from] item: Leftovers
|upkeep
|turn|13
|
|t:|1760391708
|move|p2a: Zamazenta|Iron Defense|p2a: Zamazenta
|-boost|p2a: Zamazenta|def|2
|move|p1a: Pawmot|Close Combat|p2a: Zamazenta
|-damage|p2a: Zamazenta|62/100
|-unboost|p1a: Pawmot|def|1
|-unboost|p1a: Pawmot|spd|1
|
|-heal|p2a: Zamazenta|68/100|[from] item: Leftovers
|upkeep
|turn|14
|
|t:|1760391715
|move|p2a: Zamazenta|Body Press|p1a: Pawmot
|-damage|p1a: Pawmot|0 fnt
|faint|p1a: Pawmot
|
|-heal|p2a: Zamazenta|74/100|[from] item: Leftovers
|upkeep
|c|☆rusty frfr|Wow you can use Zama!
|
|t:|1760391721
|switch|p1a: Kingambit|Kingambit, M|100/100
|-activate|p1a: Kingambit|ability: Supreme Overlord
|-start|p1a: Kingambit|fallen5|[silent]
|turn|15
|-message|rusty frfr forfeited.
|
|win|junin77PT
|raw|rusty frfr's rating: 1342 &rarr; <strong>1327</strong><br />(-15 for losing)
|raw|junin77PT's rating: 1432 &rarr; <strong>1447</strong><br />(+15 for winning)
