|j|☆rahul'stroy
|j|☆themxst
|t:|1760415500
|gametype|singles
|player|p1|rahul'stroy|unknown|1481
|player|p2|themxst|2|1438
|gen|9
|tier|[Gen 9] OU
|rated|
|rule|HP Percentage Mod: HP is shown in percentages
|rule|Endless Battle Clause: Forcing endless battles is banned
|rule|Species Clause: Limit one of each Pokémon
|rule|OHKO Clause: OHKO moves are banned
|rule|Evasion Items Clause: Evasion items are banned
|rule|Evasion Moves Clause: Evasion moves are banned
|rule|Evasion Abilities Clause: Evasion abilities are banned
|rule|Sleep Moves Clause: Sleep-inducing moves are banned
|clearpoke
|poke|p1|Araquanid, M|
|poke|p1|Enamorus, F|
|poke|p1|Kyurem|
|poke|p1|Zapdos|
|poke|p1|Scizor, M|
|poke|p1|Great Tusk|
|poke|p2|Ceruledge, F|
|poke|p2|Garganacl, M|
|poke|p2|Greninja-*, M|
|poke|p2|Great Tusk|
|poke|p2|Dragapult, F|
|poke|p2|Ting-Lu|
|teampreview
|inactive|Battle timer is ON: inactive players will automatically lose when time's up. (requested by themxst)
|inactive|rahul'stroy has 120 seconds left.
|inactive|rahul'stroy has 90 seconds left.
|
|t:|1760415688
|teamsize|p1|6
|teamsize|p2|6
|start
|switch|p1a: "Greed"|Araquanid, M|100/100
|switch|p2a: Dragapult|Dragapult, F|100/100
|turn|1
|inactive|rahul'stroy has 120 seconds left.
|
|t:|1760415714
|move|p2a: Dragapult|Dragon Darts|p1a: "Greed"
|-crit|p1a: "Greed"
|-damage|p1a: "Greed"|69/100
|-anim|p2a: Dragapult|Dragon Darts|p1a: "Greed"
|-damage|p1a: "Greed"|45/100
|move|p1a: "Greed"|Sticky Web|p2a: Dragapult
|-sidestart|p2: themxst|move: Sticky Web
|
|upkeep
|turn|2
|inactive|rahul'stroy has 120 seconds left.
|
|t:|1760415733
|switch|p1a: "Lust"|Enamorus, F|100/100
|move|p2a: Dragapult|Will-O-Wisp|p1a: "Lust"
|-status|p1a: "Lust"|brn
|
|-damage|p1a: "Lust"|94/100 brn|[from] brn
|upkeep
|turn|3
|inactive|themxst has 120 seconds left.
|
|t:|1760415771
|switch|p2a: Garganacl|Garganacl, M|100/100
|-activate|p2a: Garganacl|move: Sticky Web
|-unboost|p2a: Garganacl|spe|1
|move|p1a: "Lust"|Earth Power|p2a: Garganacl
|-supereffective|p2a: Garganacl
|-damage|p2a: Garganacl|53/100
|
|-heal|p2a: Garganacl|60/100|[from] item: Leftovers
|-damage|p1a: "Lust"|88/100 brn|[from] brn
|upkeep
|turn|4
|inactive|themxst has 120 seconds left.
|inactive|rahul'stroy has 90 seconds left.
|
|t:|1760415797
|switch|p1a: "Gluttony"|Great Tusk|100/100
|move|p2a: Garganacl|Recover|p2a: Garganacl
|-heal|p2a: Garganacl|100/100
|
|upkeep
|turn|5
|inactive|themxst has 120 seconds left.
|inactive|rahul'stroy has 90 seconds left.
|
|t:|1760415813
|switch|p2a: Great Tusk|Great Tusk|100/100
|move|p1a: "Gluttony"|Knock Off|p2a: Great Tusk
|-resisted|p2a: Great Tusk
|-damage|p2a: Great Tusk|90/100
|-enditem|p2a: Great Tusk|Heavy-Duty Boots|[from] move: Knock Off|[of] p1a: "Gluttony"
|
|upkeep
|turn|6
|inactive|rahul'stroy has 90 seconds left.
|
|t:|1760415847
|-end|p1a: "Gluttony"|Protosynthesis|[silent]
|switch|p1a: "Greed"|Araquanid, M|45/100
|move|p2a: Great Tusk|Rapid Spin|p1a: "Greed"
|-damage|p1a: "Greed"|27/100
|-boost|p2a: Great Tusk|spe|1
|-sideend|p2: themxst|Sticky Web|[from] move: Rapid Spin|[of] p2a: Great Tusk
|
|upkeep
|turn|7
|
|t:|1760415858
|move|p2a: Great Tusk|Knock Off|p1a: "Greed"
|-damage|p1a: "Greed"|0 fnt
|-enditem|p1a: "Greed"|Mystic Water|[from] move: Knock Off|[of] p2a: Great Tusk
|faint|p1a: "Greed"
|
|upkeep
|inactive|rahul'stroy has 60 seconds left.
|
|t:|1760415869
|switch|p1a: "Lust"|Enamorus, F|88/100 brn
|turn|8
|
|t:|1760415875
|-end|p2a: Great Tusk|Protosynthesis|[silent]
|switch|p2a: Garganacl|Garganacl, M|100/100
|move|p1a: "Lust"|Moonblast|p2a: Garganacl
|-damage|p2a: Garganacl|64/100
|
|-heal|p2a: Garganacl|70/100|[from] item: Leftovers
|-damage|p1a: "Lust"|82/100 brn|[from] brn
|upkeep
|turn|9
|
|t:|1760415884
|move|p1a: "Lust"|Moonblast|p2a: Garganacl
|-damage|p2a: Garganacl|32/100
|move|p2a: Garganacl|Recover|p2a: Garganacl
|-heal|p2a: Garganacl|82/100
|
|-heal|p2a: Garganacl|88/100|[from] item: Leftovers
|-damage|p1a: "Lust"|76/100 brn|[from] brn
|upkeep
|turn|10
|-message|rahul'stroy forfeited.
|
|win|themxst
|raw|rahul&apos;stroy's rating: 1481 &rarr; <strong>1459</strong><br />(-22 for losing)
|raw|themxst's rating: 1438 &rarr; <strong>1460</strong><br />(+22 for winning)
|l|☆rahul'stroy
|player|p1|
|l|☆themxst
|player|p2|
