|j|☆KuroNoTamashi
|j|☆Superxoco
|t:|1760446251
|gametype|singles
|player|p1|KuroNoTamashi|169|1459
|player|p2|Superxoco|blue|1458
|gen|9
|tier|[Gen 9] OU
|rated|
|rule|HP Percentage Mod: HP is shown in percentages
|rule|Endless Battle Clause: Forcing endless battles is banned
|rule|Species Clause: Limit one of each Pokémon
|rule|OHKO Clause: OHKO moves are banned
|rule|Evasion Items Clause: Evasion items are banned
|rule|Evasion Moves Clause: Evasion moves are banned
|rule|Evasion Abilities Clause: Evasion abilities are banned
|rule|Sleep Moves Clause: Sleep-inducing moves are banned
|clearpoke
|poke|p1|Dragapult, F|
|poke|p1|Fezandipiti, M|
|poke|p1|Moltres|
|poke|p1|Alomomola, F|
|poke|p1|Kingambit, M|
|poke|p1|Hatterene, F|
|poke|p2|Ceruledge, F|
|poke|p2|Garchomp, M|
|poke|p2|Garganacl, F|
|poke|p2|Scizor, F|
|poke|p2|Meowscarada, M|
|poke|p2|Hoopa-Unbound|
|teampreview
|inactive|Battle timer is ON: inactive players will automatically lose when time's up. (requested by Superxoco)
|
|t:|1760446258
|teamsize|p1|6
|teamsize|p2|6
|start
|switch|p1a: Dragapult|Dragapult, F, shiny|100/100
|switch|p2a: Ceruledge|Ceruledge, F|100/100
|turn|1
|
|t:|1760446270
|switch|p2a: Hoopa|Hoopa-Unbound|100/100
|move|p1a: Dragapult|Dragon Darts|p2a: Hoopa
|-damage|p2a: Hoopa|59/100
|-anim|p1a: Dragapult|Dragon Darts|p2a: Hoopa
|-crit|p2a: Hoopa
|-damage|p2a: Hoopa|0 fnt
|faint|p2a: Hoopa
|
|upkeep
|
|t:|1760446274
|switch|p2a: Garchomp|Garchomp, M|100/100
|turn|2
|
|t:|1760446278
|switch|p1a: Hatterene|Hatterene, F|100/100
|move|p2a: Garchomp|Stealth Rock|p1a: Hatterene
|move|p1a: Hatterene|Stealth Rock|p2a: Garchomp|[from] ability: Magic Bounce
|-sidestart|p2: Superxoco|move: Stealth Rock
|
|upkeep
|turn|3
|
|t:|1760446282
|move|p2a: Garchomp|Earthquake|p1a: Hatterene
|-damage|p1a: Hatterene|49/100
|move|p1a: Hatterene|Draining Kiss|p2a: Garchomp
|-supereffective|p2a: Garchomp
|-damage|p2a: Garchomp|42/100
|-heal|p1a: Hatterene|100/100|[from] drain|[of] p2a: Garchomp
|-damage|p1a: Hatterene|88/100|[from] ability: Rough Skin|[of] p2a: Garchomp
|-damage|p1a: Hatterene|72/100|[from] item: Rocky Helmet|[of] p2a: Garchomp
|
|upkeep
|turn|4
|
|t:|1760446285
|move|p2a: Garchomp|Earthquake|p1a: Hatterene
|-damage|p1a: Hatterene|24/100
|move|p1a: Hatterene|Draining Kiss|p2a: Garchomp
|-supereffective|p2a: Garchomp
|-damage|p2a: Garchomp|0 fnt
|-heal|p1a: Hatterene|65/100|[from] drain|[of] p2a: Garchomp
|-damage|p1a: Hatterene|53/100|[from] ability: Rough Skin|[of] p2a: Garchomp
|-damage|p1a: Hatterene|36/100|[from] item: Rocky Helmet|[of] p2a: Garchomp
|faint|p2a: Garchomp
|
|upkeep
|
|t:|1760446287
|switch|p2a: Ceruledge|Ceruledge, F|100/100
|-damage|p2a: Ceruledge|76/100|[from] Stealth Rock
|turn|5
|
|t:|1760446289
|move|p2a: Ceruledge|Bulk Up|p2a: Ceruledge
|-boost|p2a: Ceruledge|atk|1
|-boost|p2a: Ceruledge|def|1
|move|p1a: Hatterene|Nuzzle|p2a: Ceruledge
|-damage|p2a: Ceruledge|73/100
|
|upkeep
|turn|6
|
|t:|1760446293
|move|p2a: Ceruledge|Bulk Up|p2a: Ceruledge
|-boost|p2a: Ceruledge|atk|1
|-boost|p2a: Ceruledge|def|1
|move|p1a: Hatterene|Nuzzle|p2a: Ceruledge
|-damage|p2a: Ceruledge|70/100
|
|upkeep
|turn|7
|
|t:|1760446299
|move|p2a: Ceruledge|Bitter Blade|p1a: Hatterene
|-damage|p1a: Hatterene|0 fnt
|-heal|p2a: Ceruledge|86/100|[from] drain|[of] p1a: Hatterene
|faint|p1a: Hatterene
|
|upkeep
|
|t:|1760446304
|switch|p1a: Moltres|Moltres|100/100
|turn|8
|
|t:|1760446307
|move|p2a: Ceruledge|Taunt|p1a: Moltres
|-start|p1a: Moltres|move: Taunt
|move|p1a: Moltres|Hurricane|p2a: Ceruledge
|-damage|p2a: Ceruledge|50/100
|
|upkeep
|turn|9
|
|t:|1760446315
|move|p2a: Ceruledge|Bitter Blade|p1a: Moltres
|-resisted|p1a: Moltres
|-damage|p1a: Moltres|76/100
|-heal|p2a: Ceruledge|63/100|[from] drain|[of] p1a: Moltres
|move|p1a: Moltres|Hurricane|p2a: Ceruledge|[miss]
|-miss|p1a: Moltres|p2a: Ceruledge
|
|upkeep
|turn|10
|
|t:|1760446318
|move|p2a: Ceruledge|Shadow Sneak|p1a: Moltres
|-damage|p1a: Moltres|54/100
|move|p1a: Moltres|Hurricane|p2a: Ceruledge
|-damage|p2a: Ceruledge|30/100
|
|-end|p1a: Moltres|move: Taunt
|upkeep
|turn|11
|
|t:|1760446321
|move|p2a: Ceruledge|Bitter Blade|p1a: Moltres
|-resisted|p1a: Moltres
|-damage|p1a: Moltres|27/100
|-heal|p2a: Ceruledge|44/100|[from] drain|[of] p1a: Moltres
|move|p1a: Moltres|Hurricane|p2a: Ceruledge
|-damage|p2a: Ceruledge|10/100
|
|upkeep
|turn|12
|
|t:|1760446325
|move|p2a: Ceruledge|Bitter Blade|p1a: Moltres
|-resisted|p1a: Moltres
|-damage|p1a: Moltres|0 fnt
|-heal|p2a: Ceruledge|24/100|[from] drain|[of] p1a: Moltres
|faint|p1a: Moltres
|
|upkeep
|
|t:|1760446330
|switch|p1a: Fezandipiti|Fezandipiti, M|100/100
|turn|13
|
|t:|1760446334
|-terastallize|p1a: Fezandipiti|Poison
|move|p1a: Fezandipiti|Sludge Bomb|p2a: Ceruledge
|-resisted|p2a: Ceruledge
|-damage|p2a: Ceruledge|0 fnt
|faint|p2a: Ceruledge
|
|upkeep
|
|t:|1760446342
|switch|p2a: Garganacl|Garganacl, F|100/100
|-damage|p2a: Garganacl|88/100|[from] Stealth Rock
|turn|14
|
|t:|1760446346
|switch|p1a: Alomomola|Alomomola, F|100/100
|move|p2a: Garganacl|Salt Cure|p1a: Alomomola
|-damage|p1a: Alomomola|88/100
|-start|p1a: Alomomola|Salt Cure
|
|-heal|p2a: Garganacl|94/100|[from] item: Leftovers
|-damage|p1a: Alomomola|64/100|[from] Salt Cure
|upkeep
|turn|15
|
|t:|1760446348
|move|p1a: Alomomola|Flip Turn|p2a: Garganacl
|-supereffective|p2a: Garganacl
|-damage|p2a: Garganacl|72/100
|
|t:|1760446350
|switch|p1a: Kingambit|Kingambit, M|100/100|[from] Flip Turn
|-activate|p1a: Kingambit|ability: Supreme Overlord
|-start|p1a: Kingambit|fallen2|[silent]
|move|p2a: Garganacl|Recover|p2a: Garganacl
|-heal|p2a: Garganacl|100/100
|
|upkeep
|turn|16
|
|t:|1760446359
|move|p1a: Kingambit|Low Kick|p2a: Garganacl
|-supereffective|p2a: Garganacl
|-damage|p2a: Garganacl|28/100
|move|p2a: Garganacl|Body Press|p1a: Kingambit
|-supereffective|p1a: Kingambit
|-damage|p1a: Kingambit|23/100
|
|-heal|p2a: Garganacl|34/100|[from] item: Leftovers
|upkeep
|turn|17
|
|t:|1760446367
|move|p1a: Kingambit|Kowtow Cleave|p2a: Garganacl
|-damage|p2a: Garganacl|0 fnt
|faint|p2a: Garganacl
|
|upkeep
|
|t:|1760446369
|switch|p2a: Scizor|Scizor, F|100/100
|-damage|p2a: Scizor|88/100|[from] Stealth Rock
|turn|18
|
|t:|1760446372
|move|p2a: Scizor|Bullet Punch|p1a: Kingambit
|-resisted|p1a: Kingambit
|-damage|p1a: Kingambit|0 fnt
|faint|p1a: Kingambit
|-end|p1a: Kingambit|fallen2|[silent]
|
|upkeep
|
|t:|1760446375
|switch|p1a: Alomomola|Alomomola, F|97/100
|turn|19
|
|t:|1760446378
|switch|p2a: Meowscarada|Meowscarada, M|100/100
|-damage|p2a: Meowscarada|88/100|[from] Stealth Rock
|move|p1a: Alomomola|Flip Turn|p2a: Meowscarada
|-resisted|p2a: Meowscarada
|-damage|p2a: Meowscarada|76/100
|
|t:|1760446380
|switch|p1a: Dragapult|Dragapult, F, shiny|100/100|[from] Flip Turn
|
|upkeep
|turn|20
|
|t:|1760446385
|move|p1a: Dragapult|U-turn|p2a: Meowscarada
|-supereffective|p2a: Meowscarada
|-damage|p2a: Meowscarada|0 fnt
|faint|p2a: Meowscarada
|
|t:|1760446388
|switch|p1a: Alomomola|Alomomola, F|100/100|[from] U-turn
|
|upkeep
|
|t:|1760446391
|switch|p2a: Scizor|Scizor, F|88/100
|-damage|p2a: Scizor|76/100|[from] Stealth Rock
|turn|21
|
|t:|1760446393
|move|p2a: Scizor|Knock Off|p1a: Alomomola
|-damage|p1a: Alomomola|55/100
|-enditem|p1a: Alomomola|Assault Vest|[from] move: Knock Off|[of] p2a: Scizor
|move|p1a: Alomomola|Flip Turn|p2a: Scizor
|-damage|p2a: Scizor|58/100
|
|t:|1760446396
|switch|p1a: Fezandipiti|Fezandipiti, M, tera:Poison|100/100|[from] Flip Turn
|
|upkeep
|turn|22
|
|t:|1760446398
|move|p1a: Fezandipiti|Heat Wave|p2a: Scizor
|-supereffective|p2a: Scizor
|-damage|p2a: Scizor|0 fnt
|faint|p2a: Scizor
|
|win|KuroNoTamashi
|raw|KuroNoTamashi's rating: 1459 &rarr; <strong>1479</strong><br />(+20 for winning)
|raw|Superxoco's rating: 1458 &rarr; <strong>1438</strong><br />(-20 for losing)
|l|☆Superxoco
|player|p2|
|l|☆KuroNoTamashi
|player|p1|
|j|☆KuroNoTamashi
|player|p1|KuroNoTamashi|169|
|l|☆KuroNoTamashi
|player|p1|
