|j|☆Sanesa8724
|j|☆Johnny tots
|t:|1760379834
|gametype|singles
|player|p1|Sanesa8724|buck|1813
|player|p2|Johnny tots|1|1813
|gen|9
|tier|[Gen 9] OU
|rated|
|rule|HP Percentage Mod: HP is shown in percentages
|rule|Endless Battle Clause: Forcing endless battles is banned
|rule|Species Clause: Limit one of each Pokémon
|rule|OHKO Clause: OHKO moves are banned
|rule|Evasion Items Clause: Evasion items are banned
|rule|Evasion Moves Clause: Evasion moves are banned
|rule|Evasion Abilities Clause: Evasion abilities are banned
|rule|Sleep Moves Clause: Sleep-inducing moves are banned
|clearpoke
|poke|p1|Ting-Lu|
|poke|p1|Gholdengo|
|poke|p1|Slowking-Galar, F|
|poke|p1|Great Tusk|
|poke|p1|Dragonite, F|
|poke|p1|Weavile, F|
|poke|p2|Rillaboom, F|
|poke|p2|Klefki, F|
|poke|p2|Manaphy|
|poke|p2|Ogerpon-Wellspring, F|
|poke|p2|Maushold-Four|
|poke|p2|Clefable, M|
|teampreview
|inactive|Battle timer is ON: inactive players will automatically lose when time's up. (requested by Johnny tots)
|inactive|Sanesa8724 also wants the timer to be on.
|c|☆Sanesa8724|glhf
|j| perfect days
|inactive|Sanesa8724 has 120 seconds left.
|inactive|Sanesa8724 has 90 seconds left.
|
|t:|1760379910
|teamsize|p1|6
|teamsize|p2|6
|start
|switch|p1a: Great Tusk|Great Tusk|100/100
|switch|p2a: Manaphy|Manaphy|100/100
|turn|1
|inactive|Sanesa8724 has 120 seconds left.
|c|☆Johnny tots|Gl
|
|t:|1760379957
|-end|p1a: Great Tusk|Protosynthesis|[silent]
|switch|p1a: Ting-Lu|Ting-Lu|100/100
|-ability|p1a: Ting-Lu|Vessel of Ruin
|move|p2a: Manaphy|Scald|p1a: Ting-Lu
|-supereffective|p1a: Ting-Lu
|-damage|p1a: Ting-Lu|70/100
|-status|p1a: Ting-Lu|brn
|
|-heal|p1a: Ting-Lu|76/100 brn|[from] item: Leftovers
|-damage|p1a: Ting-Lu|70/100 brn|[from] brn
|upkeep
|turn|2
|
|t:|1760379967
|move|p2a: Manaphy|Scald|p1a: Ting-Lu
|-supereffective|p1a: Ting-Lu
|-damage|p1a: Ting-Lu|41/100 brn
|move|p1a: Ting-Lu|Ruination|p2a: Manaphy
|-damage|p2a: Manaphy|50/100
|
|-heal|p2a: Manaphy|57/100|[from] item: Leftovers
|-heal|p1a: Ting-Lu|47/100 brn|[from] item: Leftovers
|-damage|p1a: Ting-Lu|41/100 brn|[from] brn
|upkeep
|turn|3
|
|t:|1760379970
|move|p2a: Manaphy|Scald|p1a: Ting-Lu
|-supereffective|p1a: Ting-Lu
|-damage|p1a: Ting-Lu|10/100 brn
|move|p1a: Ting-Lu|Whirlwind|p2a: Manaphy
|drag|p2a: Maushold|Maushold-Four|100/100
|
|-heal|p1a: Ting-Lu|17/100 brn|[from] item: Leftovers
|-damage|p1a: Ting-Lu|10/100 brn|[from] brn
|upkeep
|turn|4
|
|t:|1760379976
|switch|p1a: Gholdengo|Gholdengo|100/100
|-item|p1a: Gholdengo|Air Balloon
|move|p2a: Maushold|Population Bomb|p1a: Gholdengo
|-immune|p1a: Gholdengo
|
|upkeep
|turn|5
|
|t:|1760379978
|move|p2a: Maushold|Bite|p1a: Gholdengo
|-supereffective|p1a: Gholdengo
|-damage|p1a: Gholdengo|52/100
|-enditem|p1a: Gholdengo|Air Balloon
|move|p1a: Gholdengo|Make It Rain|p2a: Maushold
|-damage|p2a: Maushold|5/100
|-unboost|p1a: Gholdengo|spa|1
|
|upkeep
|turn|6
|
|t:|1760379983
|switch|p1a: Weavile|Weavile, F|100/100
|move|p2a: Maushold|Bite|p1a: Weavile
|-resisted|p1a: Weavile
|-damage|p1a: Weavile|78/100
|
|upkeep
|turn|7
|
|t:|1760379990
|move|p1a: Weavile|Knock Off|p2a: Maushold
|-damage|p2a: Maushold|0 fnt
|-enditem|p2a: Maushold|Wide Lens|[from] move: Knock Off|[of] p1a: Weavile
|faint|p2a: Maushold
|
|upkeep
|
|t:|1760379992
|switch|p2a: Clefable|Clefable, M|100/100
|turn|8
|
|t:|1760379997
|switch|p1a: Slowking|Slowking-Galar, F|100/100
|switch|p2a: Rillaboom|Rillaboom, F|100/100
|-fieldstart|move: Grassy Terrain|[from] ability: Grassy Surge|[of] p2a: Rillaboom
|
|upkeep
|turn|9
|
|t:|1760380001
|move|p2a: Rillaboom|Knock Off|p1a: Slowking
|-supereffective|p1a: Slowking
|-enditem|p1a: Slowking|Colbur Berry|[eat]
|-enditem|p1a: Slowking|Colbur Berry|[weaken]
|-damage|p1a: Slowking|61/100
|move|p1a: Slowking|Sludge Bomb|p2a: Rillaboom
|-supereffective|p2a: Rillaboom
|-damage|p2a: Rillaboom|22/100
|-status|p2a: Rillaboom|psn
|
|-heal|p2a: Rillaboom|29/100 psn|[from] Grassy Terrain
|-heal|p1a: Slowking|67/100|[from] Grassy Terrain
|-damage|p2a: Rillaboom|16/100 psn|[from] psn
|upkeep
|turn|10
|
|t:|1760380013
|move|p2a: Rillaboom|High Horsepower|p1a: Slowking
|-supereffective|p1a: Slowking
|-damage|p1a: Slowking|0 fnt
|faint|p1a: Slowking
|
|-heal|p2a: Rillaboom|22/100 psn|[from] Grassy Terrain
|-damage|p2a: Rillaboom|10/100 psn|[from] psn
|upkeep
|
|t:|1760380023
|switch|p1a: Gholdengo|Gholdengo|52/100
|turn|11
|
|t:|1760380033
|switch|p1a: Dragonite|Dragonite, F|100/100
|move|p2a: Rillaboom|High Horsepower|p1a: Dragonite
|-immune|p1a: Dragonite
|
|-heal|p2a: Rillaboom|16/100 psn|[from] Grassy Terrain
|-damage|p2a: Rillaboom|4/100 psn|[from] psn
|upkeep
|turn|12
|
|t:|1760380036
|switch|p2a: Klefki|Klefki, F|100/100
|move|p1a: Dragonite|Extreme Speed|p2a: Klefki
|-resisted|p2a: Klefki
|-damage|p2a: Klefki|87/100
|
|-heal|p2a: Klefki|93/100|[from] Grassy Terrain
|upkeep
|turn|13
|
|t:|1760380043
|switch|p1a: Ting-Lu|Ting-Lu|10/100 brn
|-ability|p1a: Ting-Lu|Vessel of Ruin
|move|p2a: Klefki|Spikes|p1a: Ting-Lu
|-sidestart|p1: Sanesa8724|Spikes
|
|-heal|p2a: Klefki|99/100|[from] Grassy Terrain
|-heal|p1a: Ting-Lu|17/100 brn|[from] Grassy Terrain
|-heal|p1a: Ting-Lu|23/100 brn|[from] item: Leftovers
|-damage|p1a: Ting-Lu|17/100 brn|[from] brn
|upkeep
|turn|14
|
|t:|1760380051
|switch|p2a: Manaphy|Manaphy|57/100
|move|p1a: Ting-Lu|Spikes|p2a: Manaphy
|-sidestart|p2: Johnny tots|Spikes
|
|-heal|p2a: Manaphy|63/100|[from] Grassy Terrain
|-heal|p2a: Manaphy|69/100|[from] item: Leftovers
|-heal|p1a: Ting-Lu|23/100 brn|[from] Grassy Terrain
|-heal|p1a: Ting-Lu|29/100 brn|[from] item: Leftovers
|-damage|p1a: Ting-Lu|23/100 brn|[from] brn
|upkeep
|turn|15
|
|t:|1760380060
|-terastallize|p1a: Ting-Lu|Poison
|move|p2a: Manaphy|Scald|p1a: Ting-Lu
|-damage|p1a: Ting-Lu|8/100 brn
|move|p1a: Ting-Lu|Ruination|p2a: Manaphy|[miss]
|-miss|p1a: Ting-Lu|p2a: Manaphy
|
|-heal|p2a: Manaphy|75/100|[from] Grassy Terrain
|-heal|p2a: Manaphy|81/100|[from] item: Leftovers
|-heal|p1a: Ting-Lu|15/100 brn|[from] Grassy Terrain
|-heal|p1a: Ting-Lu|21/100 brn|[from] item: Leftovers
|-damage|p1a: Ting-Lu|15/100 brn|[from] brn
|-fieldend|move: Grassy Terrain
|upkeep
|turn|16
|
|t:|1760380072
|move|p2a: Manaphy|Scald|p1a: Ting-Lu
|-damage|p1a: Ting-Lu|0 fnt
|faint|p1a: Ting-Lu
|
|-heal|p2a: Manaphy|87/100|[from] item: Leftovers
|upkeep
|
|t:|1760380075
|switch|p1a: Weavile|Weavile, F|78/100
|turn|17
|
|t:|1760380078
|switch|p2a: Rillaboom|Rillaboom, F|4/100 psn
|-damage|p2a: Rillaboom|0 fnt|[from] Spikes
|faint|p2a: Rillaboom
|move|p1a: Weavile|Swords Dance|p1a: Weavile
|-boost|p1a: Weavile|atk|2
|
|upkeep
|
|t:|1760380084
|switch|p2a: Clefable|Clefable, M|100/100
|turn|18
|
|t:|1760380088
|-terastallize|p2a: Clefable|Steel
|move|p1a: Weavile|Triple Axel|p2a: Clefable
|-resisted|p2a: Clefable
|-damage|p2a: Clefable|91/100
|-resisted|p2a: Clefable
|-damage|p2a: Clefable|72/100
|-hitcount|p2a: Clefable|2
|move|p2a: Clefable|Moonblast|p1a: Weavile
|-supereffective|p1a: Weavile
|-damage|p1a: Weavile|0 fnt
|faint|p1a: Weavile
|
|-heal|p2a: Clefable|78/100|[from] item: Leftovers
|upkeep
|inactive|Sanesa8724 has 120 seconds left.
|l|☆Johnny tots
|inactive|Johnny tots disconnected and has a minute to reconnect!
|player|p2|
|inactive|Sanesa8724 has 90 seconds left.
|
|t:|1760380162
|switch|p1a: Gholdengo|Gholdengo|52/100
|-damage|p1a: Gholdengo|39/100|[from] Spikes
|turn|19
|j|☆Johnny tots
|inactive|Johnny tots reconnected and has 150 seconds left.
|player|p2|Johnny tots|1|
|
|t:|1760380166
|move|p1a: Gholdengo|Recover|p1a: Gholdengo
|-heal|p1a: Gholdengo|89/100
|move|p2a: Clefable|Fire Blast|p1a: Gholdengo|[miss]
|-miss|p2a: Clefable|p1a: Gholdengo
|
|-heal|p2a: Clefable|84/100|[from] item: Leftovers
|upkeep
|turn|20
|
|t:|1760380173
|move|p1a: Gholdengo|Nasty Plot|p1a: Gholdengo
|-boost|p1a: Gholdengo|spa|2
|move|p2a: Clefable|Calm Mind|p2a: Clefable
|-boost|p2a: Clefable|spa|1
|-boost|p2a: Clefable|spd|1
|
|-heal|p2a: Clefable|91/100|[from] item: Leftovers
|upkeep
|turn|21
|
|t:|1760380176
|move|p1a: Gholdengo|Shadow Ball|p2a: Clefable
|-damage|p2a: Clefable|33/100
|move|p2a: Clefable|Fire Blast|p1a: Gholdengo
|-supereffective|p1a: Gholdengo
|-damage|p1a: Gholdengo|0 fnt
|faint|p1a: Gholdengo
|
|-heal|p2a: Clefable|39/100|[from] item: Leftovers
|upkeep
|
|t:|1760380179
|switch|p1a: Dragonite|Dragonite, F|100/100
|turn|22
|l|☆Johnny tots
|inactive|Johnny tots disconnected and has a minute to reconnect!
|player|p2|
|j|☆Johnny tots
|inactive|Johnny tots reconnected and has 135 seconds left.
|player|p2|Johnny tots|1|
|l| perfect days
|
|t:|1760380201
|move|p1a: Dragonite|Earthquake|p2a: Clefable
|-supereffective|p2a: Clefable
|-damage|p2a: Clefable|0 fnt
|faint|p2a: Clefable
|
|upkeep
|
|t:|1760380204
|switch|p2a: Klefki|Klefki, F|99/100
|-damage|p2a: Klefki|87/100|[from] Spikes
|turn|23
|
|t:|1760380218
|switch|p1a: Great Tusk|Great Tusk|100/100
|move|p2a: Klefki|Reflect|p2a: Klefki
|-sidestart|p2: Johnny tots|Reflect
|
|upkeep
|turn|24
|inactive|Johnny tots has 120 seconds left.
|l|☆Johnny tots
|inactive|Johnny tots disconnected and has a minute to reconnect!
|player|p2|
|j|☆Johnny tots
|inactive|Johnny tots reconnected and has 115 seconds left.
|player|p2|Johnny tots|1|
|
|t:|1760380259
|switch|p2a: Ogerpon|Ogerpon-Wellspring, F|100/100
|-damage|p2a: Ogerpon|88/100|[from] Spikes
|move|p1a: Great Tusk|Rapid Spin|p2a: Ogerpon
|-damage|p2a: Ogerpon|77/100
|-boost|p1a: Great Tusk|spe|1
|-sideend|p1: Sanesa8724|Spikes|[from] move: Rapid Spin|[of] p1a: Great Tusk
|
|upkeep
|turn|25
|inactive|Sanesa8724 has 120 seconds left.
|
|t:|1760380294
|move|p1a: Great Tusk|Stealth Rock|p2a: Ogerpon
|-sidestart|p2: Johnny tots|move: Stealth Rock
|move|p2a: Ogerpon|Ivy Cudgel|p1a: Great Tusk|[anim] Ivy Cudgel Water
|-supereffective|p1a: Great Tusk
|-damage|p1a: Great Tusk|18/100
|
|upkeep
|turn|26
|
|t:|1760380298
|move|p1a: Great Tusk|Headlong Rush|p2a: Ogerpon
|-resisted|p2a: Ogerpon
|-damage|p2a: Ogerpon|55/100
|-unboost|p1a: Great Tusk|def|1
|-unboost|p1a: Great Tusk|spd|1
|move|p2a: Ogerpon|Ivy Cudgel|p1a: Great Tusk|[anim] Ivy Cudgel Water
|-supereffective|p1a: Great Tusk
|-damage|p1a: Great Tusk|0 fnt
|faint|p1a: Great Tusk
|-end|p1a: Great Tusk|Protosynthesis|[silent]
|
|upkeep
|inactive|Sanesa8724 has 120 seconds left.
|
|t:|1760380309
|switch|p1a: Dragonite|Dragonite, F|100/100
|turn|27
|
|t:|1760380313
|move|p2a: Ogerpon|Play Rough|p1a: Dragonite
|-supereffective|p1a: Dragonite
|-damage|p1a: Dragonite|70/100
|-unboost|p1a: Dragonite|atk|1
|move|p1a: Dragonite|Dragon Tail|p2a: Ogerpon
|-damage|p2a: Ogerpon|41/100
|drag|p2a: Klefki|Klefki, F|87/100
|-damage|p2a: Klefki|75/100|[from] Spikes
|-damage|p2a: Klefki|69/100|[from] Stealth Rock
|
|upkeep
|turn|28
|
|t:|1760380318
|move|p2a: Klefki|Thunder Wave|p1a: Dragonite
|-status|p1a: Dragonite|par
|cant|p1a: Dragonite|par
|
|upkeep
|turn|29
|j| br0ken heart ❤️
|
|t:|1760380323
|switch|p2a: Ogerpon|Ogerpon-Wellspring, F|41/100
|-damage|p2a: Ogerpon|29/100|[from] Spikes
|-damage|p2a: Ogerpon|17/100|[from] Stealth Rock
|move|p1a: Dragonite|Roost|p1a: Dragonite
|-heal|p1a: Dragonite|100/100 par
|-singleturn|p1a: Dragonite|move: Roost
|
|upkeep
|turn|30
|
|t:|1760380330
|move|p2a: Ogerpon|Play Rough|p1a: Dragonite
|-supereffective|p1a: Dragonite
|-damage|p1a: Dragonite|68/100 par
|move|p1a: Dragonite|Roost|p1a: Dragonite
|-heal|p1a: Dragonite|100/100 par
|-singleturn|p1a: Dragonite|move: Roost
|
|-sideend|p2: Johnny tots|Reflect
|upkeep
|turn|31
|
|t:|1760380333
|move|p1a: Dragonite|Extreme Speed|p2a: Ogerpon
|-damage|p2a: Ogerpon|0 fnt
|faint|p2a: Ogerpon
|
|upkeep
|
|t:|1760380336
|switch|p2a: Klefki|Klefki, F|69/100
|-damage|p2a: Klefki|56/100|[from] Spikes
|-damage|p2a: Klefki|50/100|[from] Stealth Rock
|turn|32
|
|t:|1760380344
|move|p2a: Klefki|Reflect|p2a: Klefki
|-sidestart|p2: Johnny tots|Reflect
|cant|p1a: Dragonite|par
|
|upkeep
|turn|33
|
|t:|1760380348
|move|p2a: Klefki|Spikes|p1a: Dragonite
|-sidestart|p1: Sanesa8724|Spikes
|move|p1a: Dragonite|Earthquake|p2a: Klefki
|-supereffective|p2a: Klefki
|-damage|p2a: Klefki|31/100
|
|upkeep
|turn|34
|
|t:|1760380352
|move|p2a: Klefki|Light Screen|p2a: Klefki
|-sidestart|p2: Johnny tots|move: Light Screen
|cant|p1a: Dragonite|par
|
|upkeep
|turn|35
|
|t:|1760380355
|switch|p2a: Manaphy|Manaphy|87/100
|-damage|p2a: Manaphy|74/100|[from] Spikes
|-damage|p2a: Manaphy|62/100|[from] Stealth Rock
|move|p1a: Dragonite|Earthquake|p2a: Manaphy
|-damage|p2a: Manaphy|50/100
|
|-heal|p2a: Manaphy|56/100|[from] item: Leftovers
|upkeep
|turn|36
|
|t:|1760380362
|switch|p2a: Klefki|Klefki, F|31/100
|-damage|p2a: Klefki|18/100|[from] Spikes
|-damage|p2a: Klefki|12/100|[from] Stealth Rock
|move|p1a: Dragonite|Dragon Tail|p2a: Klefki
|-immune|p2a: Klefki
|
|upkeep
|turn|37
|
|t:|1760380369
|move|p1a: Dragonite|Extreme Speed|p2a: Klefki
|-resisted|p2a: Klefki
|-damage|p2a: Klefki|8/100
|move|p2a: Klefki|Spikes|p1a: Dragonite
|-sidestart|p1: Sanesa8724|Spikes
|
|upkeep
|turn|38
|
|t:|1760380372
|move|p1a: Dragonite|Extreme Speed|p2a: Klefki
|-resisted|p2a: Klefki
|-damage|p2a: Klefki|4/100
|move|p2a: Klefki|Spikes|p1a: Dragonite
|-sidestart|p1: Sanesa8724|Spikes
|
|upkeep
|turn|39
|
|t:|1760380379
|move|p2a: Klefki|Reflect||[still]
|-fail|p2a: Klefki
|move|p1a: Dragonite|Earthquake|p2a: Klefki
|-supereffective|p2a: Klefki
|-damage|p2a: Klefki|0 fnt
|faint|p2a: Klefki
|
|-sideend|p2: Johnny tots|Reflect
|upkeep
|
|t:|1760380380
|switch|p2a: Manaphy|Manaphy|56/100
|-damage|p2a: Manaphy|44/100|[from] Spikes
|-damage|p2a: Manaphy|31/100|[from] Stealth Rock
|turn|40
|
|t:|1760380385
|move|p1a: Dragonite|Extreme Speed|p2a: Manaphy
|-damage|p2a: Manaphy|13/100
|move|p2a: Manaphy|Acid Armor|p2a: Manaphy
|-boost|p2a: Manaphy|def|2
|
|-heal|p2a: Manaphy|19/100|[from] item: Leftovers
|upkeep
|turn|41
|
|t:|1760380390
|move|p1a: Dragonite|Extreme Speed|p2a: Manaphy
|-damage|p2a: Manaphy|9/100
|move|p2a: Manaphy|Acid Armor|p2a: Manaphy
|-boost|p2a: Manaphy|def|2
|
|-heal|p2a: Manaphy|15/100|[from] item: Leftovers
|-sideend|p2: Johnny tots|move: Light Screen
|upkeep
|turn|42
|
|t:|1760380412
|move|p1a: Dragonite|Extreme Speed|p2a: Manaphy
|-damage|p2a: Manaphy|8/100
|move|p2a: Manaphy|Acid Armor|p2a: Manaphy
|-boost|p2a: Manaphy|def|2
|
|-heal|p2a: Manaphy|14/100|[from] item: Leftovers
|upkeep
|turn|43
|
|t:|1760380417
|move|p2a: Manaphy|Stored Power|p1a: Dragonite
|-crit|p1a: Dragonite
|-damage|p1a: Dragonite|73/100 par
|move|p1a: Dragonite|Earthquake|p2a: Manaphy
|-damage|p2a: Manaphy|8/100
|
|-heal|p2a: Manaphy|14/100|[from] item: Leftovers
|upkeep
|turn|44
|
|t:|1760380422
|move|p2a: Manaphy|Stored Power|p1a: Dragonite
|-damage|p1a: Dragonite|32/100 par
|move|p1a: Dragonite|Earthquake|p2a: Manaphy
|-damage|p2a: Manaphy|8/100
|
|-heal|p2a: Manaphy|14/100|[from] item: Leftovers
|upkeep
|turn|45
|
|t:|1760380427
|move|p1a: Dragonite|Extreme Speed|p2a: Manaphy
|-damage|p2a: Manaphy|9/100
|move|p2a: Manaphy|Stored Power|p1a: Dragonite
|-damage|p1a: Dragonite|0 fnt
|faint|p1a: Dragonite
|
|win|Johnny tots
|raw|Sanesa8724's rating: 1813 &rarr; <strong>1793</strong><br />(-20 for losing)
|raw|Johnny tots's rating: 1813 &rarr; <strong>1833</strong><br />(+20 for winning)
|c|☆Johnny tots|Gg
|c|☆Sanesa8724|no
|l|☆Johnny tots
|player|p2|
|l|☆Sanesa8724
|player|p1|
