|j|☆reese72
|j|☆alextherizzler22
|t:|1760461852
|gametype|singles
|player|p1|reese72|265|1111
|player|p2|alextherizzler22|265|1154
|gen|9
|tier|[Gen 9] OU
|rated|
|rule|HP Percentage Mod: HP is shown in percentages
|rule|Endless Battle Clause: Forcing endless battles is banned
|rule|Species Clause: Limit one of each Pokémon
|rule|OHKO Clause: OHKO moves are banned
|rule|Evasion Items Clause: Evasion items are banned
|rule|Evasion Moves Clause: Evasion moves are banned
|rule|Evasion Abilities Clause: Evasion abilities are banned
|rule|Sleep Moves Clause: Sleep-inducing moves are banned
|clearpoke
|poke|p1|Keldeo-Resolute|
|poke|p1|Ogerpon-Wellspring, F|
|poke|p1|Dragonite, M|
|poke|p1|Slowking-Galar, M|
|poke|p1|Gliscor, M|
|poke|p1|Kyurem|
|poke|p2|Uxie|
|poke|p2|Mandibuzz, F|
|poke|p2|Greedent, F|
|poke|p2|Mimikyu, F|
|poke|p2|Dragalge, F|
|poke|p2|Porygon2|
|teampreview
|
|t:|1760461858
|teamsize|p1|6
|teamsize|p2|6
|start
|switch|p1a: Ogerpon|Ogerpon-Wellspring, F|100/100
|switch|p2a: Uxie|Uxie|100/100
|turn|1
|
|t:|1760461869
|move|p1a: Ogerpon|Knock Off|p2a: Uxie
|-supereffective|p2a: Uxie
|-damage|p2a: Uxie|44/100
|-enditem|p2a: Uxie|Leftovers|[from] move: Knock Off|[of] p1a: Ogerpon
|move|p2a: Uxie|Stealth Rock|p1a: Ogerpon
|-sidestart|p1: reese72|move: Stealth Rock
|
|upkeep
|turn|2
|inactive|Battle timer is ON: inactive players will automatically lose when time's up. (requested by reese72)
|
|t:|1760461882
|-terastallize|p2a: Uxie|Electric
|move|p1a: Ogerpon|Swords Dance|p1a: Ogerpon
|-boost|p1a: Ogerpon|atk|2
|move|p2a: Uxie|Trick Room|p2a: Uxie
|-fieldstart|move: Trick Room|[of] p2a: Uxie
|
|upkeep
|turn|3
|inactive|reese72 has 120 seconds left.
|
|t:|1760461921
|move|p2a: Uxie|Foul Play|p1a: Ogerpon
|-damage|p1a: Ogerpon|22/100
|move|p1a: Ogerpon|Ivy Cudgel|p2a: Uxie|[anim] Ivy Cudgel Water
|-damage|p2a: Uxie|0 fnt
|faint|p2a: Uxie
|
|upkeep
|
|t:|1760461942
|switch|p2a: Greedent|Greedent, F|100/100
|turn|4
|
|t:|1760461950
|move|p2a: Greedent|Body Slam|p1a: Ogerpon
|-damage|p1a: Ogerpon|0 fnt
|faint|p1a: Ogerpon
|
|upkeep
|
|t:|1760461963
|switch|p1a: Slowking|Slowking-Galar, M|100/100
|-damage|p1a: Slowking|88/100|[from] Stealth Rock
|turn|5
|
|t:|1760461978
|move|p2a: Greedent|Belly Drum|p2a: Greedent
|-damage|p2a: Greedent|50/100
|-setboost|p2a: Greedent|atk|6|[from] move: Belly Drum
|-enditem|p2a: Greedent|Sitrus Berry|[eat]
|-heal|p2a: Greedent|75/100|[from] item: Sitrus Berry
|-heal|p2a: Greedent|100/100|[from] ability: Cheek Pouch
|move|p1a: Slowking|Future Sight|p2a: Greedent
|-start|p1a: Slowking|move: Future Sight
|
|-heal|p1a: Slowking|94/100|[from] item: Leftovers
|upkeep
|turn|6
|inactive|reese72 has 120 seconds left.
|
|t:|1760461993
|move|p2a: Greedent|Crunch|p1a: Slowking
|-supereffective|p1a: Slowking
|-damage|p1a: Slowking|0 fnt
|faint|p1a: Slowking
|
|-fieldend|move: Trick Room
|upkeep
|inactive|reese72 has 120 seconds left.
|
|t:|1760462006
|switch|p1a: Keldeo|Keldeo-Resolute|100/100
|-damage|p1a: Keldeo|94/100|[from] Stealth Rock
|turn|7
|inactive|reese72 has 120 seconds left.
|
|t:|1760462011
|move|p1a: Keldeo|Secret Sword|p2a: Greedent
|-supereffective|p2a: Greedent
|-damage|p2a: Greedent|0 fnt
|faint|p2a: Greedent
|
|-hint|Future Sight did not hit because the target is fainted.
|upkeep
|
|t:|1760462035
|switch|p2a: Mimikyu|Mimikyu, F|100/100
|turn|8
|
|t:|1760462045
|switch|p1a: Gliscor|Gliscor, M|100/100
|-damage|p1a: Gliscor|88/100|[from] Stealth Rock
|move|p2a: Mimikyu|Swords Dance|p2a: Mimikyu
|-boost|p2a: Mimikyu|atk|2
|
|-status|p1a: Gliscor|tox|[from] item: Toxic Orb
|upkeep
|turn|9
|
|t:|1760462060
|move|p2a: Mimikyu|Play Rough|p1a: Gliscor
|-damage|p1a: Gliscor|39/100 tox
|move|p1a: Gliscor|Earthquake|p2a: Mimikyu
|-activate|p2a: Mimikyu|ability: Disguise
|-damage|p2a: Mimikyu|100/100
|detailschange|p2a: Mimikyu|Mimikyu-Busted, F
|-damage|p2a: Mimikyu|88/100|[from] pokemon: Mimikyu-Busted
|-enditem|p2a: Mimikyu|Red Card|[of] p1a: Gliscor
|drag|p1a: Keldeo|Keldeo-Resolute|94/100
|-damage|p1a: Keldeo|88/100|[from] Stealth Rock
|
|upkeep
|turn|10
|inactive|reese72 has 120 seconds left.
|
|t:|1760462088
|move|p1a: Keldeo|Hydro Pump|p2a: Mimikyu
|-damage|p2a: Mimikyu|0 fnt
|faint|p2a: Mimikyu
|
|upkeep
|
|t:|1760462109
|switch|p2a: Dragalge|Dragalge, F|100/100
|turn|11
|inactive|reese72 has 120 seconds left.
|
|t:|1760462124
|switch|p1a: Gliscor|Gliscor, M|39/100 tox
|-damage|p1a: Gliscor|26/100 tox|[from] Stealth Rock
|move|p2a: Dragalge|Draco Meteor|p1a: Gliscor
|-crit|p1a: Gliscor
|-damage|p1a: Gliscor|0 fnt
|-unboost|p2a: Dragalge|spa|2
|faint|p1a: Gliscor
|
|upkeep
|
|t:|1760462136
|switch|p1a: Kyurem|Kyurem|100/100
|-damage|p1a: Kyurem|75/100|[from] Stealth Rock
|-ability|p1a: Kyurem|Pressure
|turn|12
|
|t:|1760462150
|switch|p2a: Mandibuzz|Mandibuzz, F|100/100
|move|p1a: Kyurem|Light Screen|p1a: Kyurem
|-sidestart|p1: reese72|move: Light Screen
|
|upkeep
|turn|13
|inactive|reese72 has 120 seconds left.
|
|t:|1760462159
|move|p2a: Mandibuzz|Toxic|p1a: Kyurem
|-status|p1a: Kyurem|tox
|move|p1a: Kyurem|Roar|p2a: Mandibuzz
|drag|p2a: Dragalge|Dragalge, F|100/100
|
|-damage|p1a: Kyurem|69/100 tox|[from] psn
|upkeep
|turn|14
|inactive|reese72 has 120 seconds left.
|
|t:|1760462171
|move|p1a: Kyurem|Draco Meteor|p2a: Dragalge|[miss]
|-miss|p1a: Kyurem|p2a: Dragalge
|move|p2a: Dragalge|Draco Meteor|p1a: Kyurem
|-supereffective|p1a: Kyurem
|-damage|p1a: Kyurem|0 fnt
|-unboost|p2a: Dragalge|spa|2
|faint|p1a: Kyurem
|
|upkeep
|inactive|reese72 has 120 seconds left.
|
|t:|1760462201
|switch|p1a: Dragonite|Dragonite, M|100/100
|turn|15
|c|☆alextherizzler22|Unlucky
|
|t:|1760462213
|switch|p2a: Mandibuzz|Mandibuzz, F|100/100
|move|p1a: Dragonite|Dragon Dance|p1a: Dragonite
|-boost|p1a: Dragonite|atk|1
|-boost|p1a: Dragonite|spe|1
|
|upkeep
|turn|16
|
|t:|1760462223
|move|p2a: Mandibuzz|Foul Play|p1a: Dragonite
|-damage|p1a: Dragonite|54/100
|move|p1a: Dragonite|Dragon Tail|p2a: Mandibuzz
|-damage|p2a: Mandibuzz|70/100
|-damage|p1a: Dragonite|37/100|[from] item: Rocky Helmet|[of] p2a: Mandibuzz
|drag|p2a: Porygon2|Porygon2|100/100
|-ability|p2a: Porygon2|Download|boost
|-boost|p2a: Porygon2|atk|1
|
|-sideend|p1: reese72|move: Light Screen
|upkeep
|turn|17
|
|t:|1760462239
|move|p1a: Dragonite|Rain Dance|p1a: Dragonite
|-weather|RainDance
|move|p2a: Porygon2|Tera Blast|p1a: Dragonite
|-damage|p1a: Dragonite|0 fnt
|faint|p1a: Dragonite
|
|-weather|RainDance|[upkeep]
|upkeep
|
|t:|1760462248
|switch|p1a: Keldeo|Keldeo-Resolute|88/100
|-damage|p1a: Keldeo|82/100|[from] Stealth Rock
|turn|18
|
|t:|1760462258
|move|p1a: Keldeo|Hydro Pump|p2a: Porygon2
|-damage|p2a: Porygon2|16/100
|move|p2a: Porygon2|Trick Room|p2a: Porygon2
|-fieldstart|move: Trick Room|[of] p2a: Porygon2
|
|-weather|RainDance|[upkeep]
|upkeep
|turn|19
|inactive|reese72 has 120 seconds left.
|
|t:|1760462275
|-terastallize|p1a: Keldeo|Fairy
|move|p2a: Porygon2|Psychic|p1a: Keldeo
|-damage|p1a: Keldeo|50/100
|move|p1a: Keldeo|Hydro Pump|p2a: Porygon2
|-damage|p2a: Porygon2|0 fnt
|faint|p2a: Porygon2
|
|-weather|RainDance|[upkeep]
|upkeep
|
|t:|1760462287
|switch|p2a: Dragalge|Dragalge, F|100/100
|turn|20
|
|t:|1760462290
|move|p2a: Dragalge|Sludge Bomb|p1a: Keldeo
|-supereffective|p1a: Keldeo
|-damage|p1a: Keldeo|0 fnt
|faint|p1a: Keldeo
|
|win|alextherizzler22
|raw|reese72's rating: 1111 &rarr; <strong>1089</strong><br />(-22 for losing)
|raw|alextherizzler22's rating: 1154 &rarr; <strong>1176</strong><br />(+22 for winning)
|l|☆reese72
|player|p1|
|l|☆alextherizzler22
|player|p2|
