|j|☆gigapoophater
|j|☆dct!nightmare
|t:|1760383492
|gametype|singles
|player|p1|gigapoophater|swimmer|1156
|player|p2|dct!nightmare|giovanni|1181
|gen|9
|tier|[Gen 9] OU
|rated|
|rule|HP Percentage Mod: HP is shown in percentages
|rule|Endless Battle Clause: Forcing endless battles is banned
|rule|Species Clause: Limit one of each Pokémon
|rule|OHKO Clause: OHKO moves are banned
|rule|Evasion Items Clause: Evasion items are banned
|rule|Evasion Moves Clause: Evasion moves are banned
|rule|Evasion Abilities Clause: Evasion abilities are banned
|rule|Sleep Moves Clause: Sleep-inducing moves are banned
|clearpoke
|poke|p1|Brambleghast, F|
|poke|p1|Hatterene, F|
|poke|p1|Yanmega, F|
|poke|p1|Weavile, M|
|poke|p1|Chandelure, M|
|poke|p1|Flamigo, M|
|poke|p2|Moltres|
|poke|p2|Zamazenta-*|
|poke|p2|Darkrai|
|poke|p2|Hydrapple, M|
|poke|p2|Ting-Lu|
|poke|p2|Tinkaton, F|
|teampreview
|inactive|Battle timer is ON: inactive players will automatically lose when time's up. (requested by dct!nightmare)
|
|t:|1760383517
|teamsize|p1|6
|teamsize|p2|6
|start
|switch|p1a: Hatterene|Hatterene, F|100/100
|switch|p2a: Tinkaton|Tinkaton, F|100/100
|-ability|p2a: Tinkaton|Mold Breaker
|-item|p2a: Tinkaton|Air Balloon
|turn|1
|
|t:|1760383531
|-terastallize|p1a: Hatterene|Water
|move|p2a: Tinkaton|Gigaton Hammer|p1a: Hatterene
|-resisted|p1a: Hatterene
|-damage|p1a: Hatterene|76/100
|move|p1a: Hatterene|Calm Mind|p1a: Hatterene
|-boost|p1a: Hatterene|spa|1
|-boost|p1a: Hatterene|spd|1
|
|upkeep
|turn|2
|
|t:|1760383538
|move|p2a: Tinkaton|Encore|p1a: Hatterene
|-start|p1a: Hatterene|Encore
|move|p1a: Hatterene|Calm Mind|p1a: Hatterene
|-boost|p1a: Hatterene|spa|1
|-boost|p1a: Hatterene|spd|1
|
|upkeep
|turn|3
|
|t:|1760383542
|switch|p2a: Hydrapple|Hydrapple, M|100/100
|move|p1a: Hatterene|Calm Mind|p1a: Hatterene
|-boost|p1a: Hatterene|spa|1
|-boost|p1a: Hatterene|spd|1
|
|upkeep
|turn|4
|
|t:|1760383558
|move|p2a: Hydrapple|Nasty Plot|p2a: Hydrapple
|-boost|p2a: Hydrapple|spa|2
|move|p1a: Hatterene|Calm Mind|p1a: Hatterene
|-boost|p1a: Hatterene|spa|1
|-boost|p1a: Hatterene|spd|1
|
|-end|p1a: Hatterene|Encore
|upkeep
|turn|5
|
|t:|1760383573
|-terastallize|p2a: Hydrapple|Poison
|move|p2a: Hydrapple|Giga Drain|p1a: Hatterene
|-supereffective|p1a: Hatterene
|-crit|p1a: Hatterene
|-damage|p1a: Hatterene|0 fnt
|faint|p1a: Hatterene
|
|upkeep
|
|t:|1760383587
|switch|p1a: Yanmega|Yanmega, F|100/100
|turn|6
|
|t:|1760383593
|move|p1a: Yanmega|Psychic Noise|p2a: Hydrapple
|-supereffective|p2a: Hydrapple
|-damage|p2a: Hydrapple|52/100
|-start|p2a: Hydrapple|move: Heal Block
|-enditem|p1a: Yanmega|Throat Spray
|-boost|p1a: Yanmega|spa|1|[from] item: Throat Spray
|move|p2a: Hydrapple|Nasty Plot|p2a: Hydrapple
|-boost|p2a: Hydrapple|spa|2
|
|-ability|p1a: Yanmega|Speed Boost|boost
|-boost|p1a: Yanmega|spe|1
|upkeep
|turn|7
|
|t:|1760383606
|move|p1a: Yanmega|Psychic Noise|p2a: Hydrapple
|-supereffective|p2a: Hydrapple
|-damage|p2a: Hydrapple|0 fnt
|faint|p2a: Hydrapple
|
|-ability|p1a: Yanmega|Speed Boost|boost
|-boost|p1a: Yanmega|spe|1
|upkeep
|
|t:|1760383614
|switch|p2a: Zamazenta|Zamazenta|100/100
|-ability|p2a: Zamazenta|Dauntless Shield|boost
|-boost|p2a: Zamazenta|def|1
|turn|8
|
|t:|1760383621
|move|p1a: Yanmega|Air Slash|p2a: Zamazenta
|-supereffective|p2a: Zamazenta
|-damage|p2a: Zamazenta|0 fnt
|faint|p2a: Zamazenta
|
|-ability|p1a: Yanmega|Speed Boost|boost
|-boost|p1a: Yanmega|spe|1
|upkeep
|
|t:|1760383630
|switch|p2a: Ting-Lu|Ting-Lu|100/100
|-ability|p2a: Ting-Lu|Vessel of Ruin
|turn|9
|
|t:|1760383634
|move|p1a: Yanmega|Bug Buzz|p2a: Ting-Lu
|-supereffective|p2a: Ting-Lu
|-damage|p2a: Ting-Lu|45/100
|move|p2a: Ting-Lu|Ruination|p1a: Yanmega
|-damage|p1a: Yanmega|51/100
|
|-heal|p2a: Ting-Lu|51/100|[from] item: Leftovers
|-ability|p1a: Yanmega|Speed Boost|boost
|-boost|p1a: Yanmega|spe|1
|upkeep
|turn|10
|
|t:|1760383640
|move|p1a: Yanmega|Bug Buzz|p2a: Ting-Lu
|-supereffective|p2a: Ting-Lu
|-damage|p2a: Ting-Lu|0 fnt
|faint|p2a: Ting-Lu
|
|-ability|p1a: Yanmega|Speed Boost|boost
|-boost|p1a: Yanmega|spe|1
|upkeep
|
|t:|1760383652
|switch|p2a: Moltres|Moltres|100/100
|turn|11
|
|t:|1760383655
|move|p1a: Yanmega|Ancient Power|p2a: Moltres
|-supereffective|p2a: Moltres
|-crit|p2a: Moltres
|-damage|p2a: Moltres|0 fnt
|faint|p2a: Moltres
|
|-ability|p1a: Yanmega|Speed Boost|boost
|-boost|p1a: Yanmega|spe|1
|upkeep
|
|t:|1760383663
|switch|p2a: Darkrai|Darkrai, shiny|100/100
|turn|12
|
|t:|1760383667
|move|p1a: Yanmega|Bug Buzz|p2a: Darkrai
|-supereffective|p2a: Darkrai
|-damage|p2a: Darkrai|0 fnt
|faint|p2a: Darkrai
|
|upkeep
|
|t:|1760383671
|switch|p2a: Tinkaton|Tinkaton, F|100/100
|-ability|p2a: Tinkaton|Mold Breaker
|-item|p2a: Tinkaton|Air Balloon
|turn|13
|
|t:|1760383681
|move|p1a: Yanmega|Air Slash|p2a: Tinkaton
|-resisted|p2a: Tinkaton
|-damage|p2a: Tinkaton|75/100
|-enditem|p2a: Tinkaton|Air Balloon
|cant|p2a: Tinkaton|flinch
|
|upkeep
|turn|14
|
|t:|1760383696
|move|p1a: Yanmega|Bug Buzz|p2a: Tinkaton
|-resisted|p2a: Tinkaton
|-damage|p2a: Tinkaton|60/100
|move|p2a: Tinkaton|Gigaton Hammer|p1a: Yanmega
|-crit|p1a: Yanmega
|-damage|p1a: Yanmega|0 fnt
|faint|p1a: Yanmega
|
|upkeep
|
|t:|1760383707
|switch|p1a: Brambleghast|Brambleghast, F|100/100
|turn|15
|
|t:|1760383712
|move|p2a: Tinkaton|Thunder Wave|p1a: Brambleghast
|-status|p1a: Brambleghast|par
|move|p1a: Brambleghast|Poltergeist||[still]
|-fail|p1a: Brambleghast
|
|upkeep
|turn|16
|
|t:|1760383729
|switch|p1a: Flamigo|Flamigo, M|100/100
|move|p2a: Tinkaton|Gigaton Hammer|p1a: Flamigo
|-damage|p1a: Flamigo|39/100
|
|upkeep
|turn|17
|
|t:|1760383738
|move|p1a: Flamigo|Close Combat|p2a: Tinkaton
|-damage|p2a: Tinkaton|0 fnt
|-unboost|p1a: Flamigo|def|1
|-unboost|p1a: Flamigo|spd|1
|faint|p2a: Tinkaton
|
|win|gigapoophater
|raw|gigapoophater's rating: 1156 &rarr; <strong>1183</strong><br />(+27 for winning)
|raw|dct!nightmare's rating: 1181 &rarr; <strong>1154</strong><br />(-27 for losing)
