|j|☆scald spamm
|j|☆yuhy
|t:|1760307563
|gametype|singles
|player|p1|scald spamm|102|1363
|player|p2|yuhy|benga|1384
|gen|9
|tier|[Gen 9] OU
|rated|
|rule|HP Percentage Mod: HP is shown in percentages
|rule|Endless Battle Clause: Forcing endless battles is banned
|rule|Species Clause: Limit one of each Pokémon
|rule|OHKO Clause: OHKO moves are banned
|rule|Evasion Items Clause: Evasion items are banned
|rule|Evasion Moves Clause: Evasion moves are banned
|rule|Evasion Abilities Clause: Evasion abilities are banned
|rule|Sleep Moves Clause: Sleep-inducing moves are banned
|clearpoke
|poke|p1|Tyranitar, F|
|poke|p1|Sylveon, M|
|poke|p1|Excadrill, M|
|poke|p1|Moltres|
|poke|p1|Rotom-Wash|
|poke|p1|Garganacl, M|
|poke|p2|Dragapult, F|
|poke|p2|Ogerpon-Wellspring, F|
|poke|p2|Zamazenta-*|
|poke|p2|Clefable, F|
|poke|p2|Corviknight, M|
|poke|p2|Ting-Lu|
|teampreview
|inactive|Battle timer is ON: inactive players will automatically lose when time's up. (requested by yuhy)
|inactive|scald spamm has 120 seconds left.
|
|t:|1760307623
|teamsize|p1|6
|teamsize|p2|6
|start
|switch|p1a: Rotom|Rotom-Wash|100/100
|switch|p2a: Ogerpon|Ogerpon-Wellspring, F|100/100
|turn|1
|
|t:|1760307641
|move|p2a: Ogerpon|Spikes|p1a: Rotom
|-sidestart|p1: scald spamm|Spikes
|move|p1a: Rotom|Will-O-Wisp|p2a: Ogerpon|[miss]
|-miss|p1a: Rotom|p2a: Ogerpon
|
|upkeep
|turn|2
|
|t:|1760307646
|switch|p2a: Clefable|Clefable, F|100/100
|move|p1a: Rotom|Will-O-Wisp|p2a: Clefable|[miss]
|-miss|p1a: Rotom|p2a: Clefable
|
|upkeep
|turn|3
|
|t:|1760307652
|move|p1a: Rotom|Hydro Pump|p2a: Clefable
|-damage|p2a: Clefable|75/100
|move|p2a: Clefable|Stealth Rock|p1a: Rotom
|-sidestart|p1: scald spamm|move: Stealth Rock
|
|upkeep
|turn|4
|
|t:|1760307657
|move|p1a: Rotom|Volt Switch|p2a: Clefable
|-damage|p2a: Clefable|57/100
|
|t:|1760307661
|switch|p1a: Excadrill|Excadrill, M|100/100|[from] Volt Switch
|-damage|p1a: Excadrill|97/100|[from] Stealth Rock
|-item|p1a: Excadrill|Air Balloon
|move|p2a: Clefable|Moonblast|p1a: Excadrill
|-resisted|p1a: Excadrill
|-damage|p1a: Excadrill|75/100
|-enditem|p1a: Excadrill|Air Balloon
|
|upkeep
|turn|5
|
|t:|1760307676
|move|p1a: Excadrill|Earthquake|p2a: Clefable
|-damage|p2a: Clefable|0 fnt
|faint|p2a: Clefable
|
|upkeep
|
|t:|1760307680
|switch|p2a: Ogerpon|Ogerpon-Wellspring, F|100/100
|turn|6
|
|t:|1760307687
|switch|p1a: Rotom|Rotom-Wash|100/100
|-damage|p1a: Rotom|88/100|[from] Stealth Rock
|move|p2a: Ogerpon|Ivy Cudgel|p1a: Rotom|[anim] Ivy Cudgel Water
|-resisted|p1a: Rotom
|-damage|p1a: Rotom|62/100
|
|-heal|p1a: Rotom|69/100|[from] item: Leftovers
|upkeep
|turn|7
|
|t:|1760307695
|switch|p2a: Dragapult|Dragapult, F|100/100
|move|p1a: Rotom|Will-O-Wisp|p2a: Dragapult|[miss]
|-miss|p1a: Rotom|p2a: Dragapult
|
|-heal|p1a: Rotom|75/100|[from] item: Leftovers
|upkeep
|turn|8
|
|t:|1760307701
|switch|p1a: Tyranitar|Tyranitar, F|100/100
|-damage|p1a: Tyranitar|88/100|[from] Spikes
|-damage|p1a: Tyranitar|76/100|[from] Stealth Rock
|-weather|Sandstorm|[from] ability: Sand Stream|[of] p1a: Tyranitar
|move|p2a: Dragapult|Shadow Ball|p1a: Tyranitar
|-resisted|p1a: Tyranitar
|-damage|p1a: Tyranitar|66/100
|-unboost|p1a: Tyranitar|spd|1
|
|-weather|Sandstorm|[upkeep]
|-damage|p2a: Dragapult|95/100|[from] Sandstorm
|upkeep
|turn|9
|
|t:|1760307711
|switch|p2a: Corviknight|Corviknight, M|100/100
|-ability|p2a: Corviknight|Pressure
|move|p1a: Tyranitar|Stealth Rock|p2a: Corviknight
|-sidestart|p2: yuhy|move: Stealth Rock
|
|-weather|Sandstorm|[upkeep]
|upkeep
|turn|10
|
|t:|1760307736
|switch|p2a: Ting-Lu|Ting-Lu|100/100
|-damage|p2a: Ting-Lu|94/100|[from] Stealth Rock
|-ability|p2a: Ting-Lu|Vessel of Ruin
|switch|p1a: Moltres|Moltres|100/100
|
|-weather|Sandstorm|[upkeep]
|-damage|p1a: Moltres|94/100|[from] Sandstorm
|upkeep
|turn|11
|
|t:|1760307744
|move|p1a: Moltres|U-turn|p2a: Ting-Lu
|-supereffective|p2a: Ting-Lu
|-damage|p2a: Ting-Lu|77/100
|
|t:|1760307747
|switch|p1a: Excadrill|Excadrill, M|75/100|[from] U-turn
|-damage|p1a: Excadrill|62/100|[from] Spikes
|-damage|p1a: Excadrill|59/100|[from] Stealth Rock
|move|p2a: Ting-Lu|Rock Tomb|p1a: Excadrill
|-resisted|p1a: Excadrill
|-damage|p1a: Excadrill|54/100
|-unboost|p1a: Excadrill|spe|1
|
|-weather|Sandstorm|[upkeep]
|upkeep
|turn|12
|
|t:|1760307762
|move|p1a: Excadrill|Rapid Spin|p2a: Ting-Lu
|-damage|p2a: Ting-Lu|66/100
|-boost|p1a: Excadrill|spe|1
|-sideend|p1: scald spamm|Spikes|[from] move: Rapid Spin|[of] p1a: Excadrill
|-sideend|p1: scald spamm|Stealth Rock|[from] move: Rapid Spin|[of] p1a: Excadrill
|move|p2a: Ting-Lu|Earthquake|p1a: Excadrill
|-supereffective|p1a: Excadrill
|-damage|p1a: Excadrill|0 fnt
|faint|p1a: Excadrill
|
|-weather|Sandstorm|[upkeep]
|upkeep
|
|t:|1760307769
|switch|p1a: Sylveon|Sylveon, M|100/100
|turn|13
|
|t:|1760307773
|move|p1a: Sylveon|Hyper Voice|p2a: Ting-Lu
|-supereffective|p2a: Ting-Lu
|-damage|p2a: Ting-Lu|29/100
|move|p2a: Ting-Lu|Heavy Slam|p1a: Sylveon
|-supereffective|p1a: Sylveon
|-damage|p1a: Sylveon|26/100
|
|-weather|Sandstorm|[upkeep]
|-damage|p1a: Sylveon|20/100|[from] Sandstorm
|upkeep
|turn|14
|
|t:|1760307779
|move|p1a: Sylveon|Hyper Voice|p2a: Ting-Lu
|-supereffective|p2a: Ting-Lu
|-crit|p2a: Ting-Lu
|-damage|p2a: Ting-Lu|0 fnt
|faint|p2a: Ting-Lu
|
|-weather|Sandstorm|[upkeep]
|-damage|p1a: Sylveon|14/100|[from] Sandstorm
|upkeep
|
|t:|1760307784
|switch|p2a: Ogerpon|Ogerpon-Wellspring, F|100/100
|-damage|p2a: Ogerpon|88/100|[from] Stealth Rock
|turn|15
|
|t:|1760307790
|move|p2a: Ogerpon|Ivy Cudgel|p1a: Sylveon|[anim] Ivy Cudgel Water
|-damage|p1a: Sylveon|0 fnt
|faint|p1a: Sylveon
|
|-weather|none
|upkeep
|
|t:|1760307803
|switch|p1a: Garganacl|Garganacl, M|100/100
|turn|16
|
|t:|1760307810
|-terastallize|p1a: Garganacl|Water
|move|p2a: Ogerpon|Ivy Cudgel|p1a: Garganacl|[anim] Ivy Cudgel Water
|-resisted|p1a: Garganacl
|-damage|p1a: Garganacl|83/100
|move|p1a: Garganacl|Salt Cure|p2a: Ogerpon
|-damage|p2a: Ogerpon|70/100
|-start|p2a: Ogerpon|Salt Cure
|
|-heal|p1a: Garganacl|89/100|[from] item: Leftovers
|-damage|p2a: Ogerpon|45/100|[from] Salt Cure
|upkeep
|turn|17
|
|t:|1760307819
|move|p2a: Ogerpon|Horn Leech|p1a: Garganacl
|-supereffective|p1a: Garganacl
|-damage|p1a: Garganacl|27/100
|-heal|p2a: Ogerpon|86/100|[from] drain|[of] p1a: Garganacl
|move|p1a: Garganacl|Salt Cure|p2a: Ogerpon
|-damage|p2a: Ogerpon|69/100
|
|-heal|p1a: Garganacl|34/100|[from] item: Leftovers
|-damage|p2a: Ogerpon|44/100|[from] Salt Cure
|upkeep
|turn|18
|
|t:|1760307834
|switch|p2a: Dragapult|Dragapult, F|95/100
|-damage|p2a: Dragapult|82/100|[from] Stealth Rock
|switch|p1a: Moltres|Moltres|94/100
|
|upkeep
|turn|19
|
|t:|1760307842
|switch|p1a: Tyranitar|Tyranitar, F|66/100
|-weather|Sandstorm|[from] ability: Sand Stream|[of] p1a: Tyranitar
|move|p2a: Dragapult|Shadow Ball|p1a: Tyranitar
|-resisted|p1a: Tyranitar
|-damage|p1a: Tyranitar|55/100
|
|-weather|Sandstorm|[upkeep]
|-damage|p2a: Dragapult|76/100|[from] Sandstorm
|upkeep
|turn|20
|
|t:|1760307849
|switch|p2a: Corviknight|Corviknight, M|100/100
|-damage|p2a: Corviknight|88/100|[from] Stealth Rock
|-ability|p2a: Corviknight|Pressure
|move|p1a: Tyranitar|Knock Off|p2a: Corviknight
|-damage|p2a: Corviknight|58/100
|-damage|p1a: Tyranitar|39/100|[from] item: Rocky Helmet|[of] p2a: Corviknight
|-enditem|p2a: Corviknight|Rocky Helmet|[from] move: Knock Off|[of] p1a: Tyranitar
|
|-weather|Sandstorm|[upkeep]
|upkeep
|turn|21
|
|t:|1760307864
|switch|p1a: Garganacl|Garganacl, M, tera:Water|34/100
|move|p2a: Corviknight|U-turn|p1a: Garganacl
|-damage|p1a: Garganacl|25/100
|
|t:|1760307875
|switch|p2a: Dragapult|Dragapult, F|76/100|[from] U-turn
|-damage|p2a: Dragapult|64/100|[from] Stealth Rock
|
|-weather|Sandstorm|[upkeep]
|-damage|p2a: Dragapult|58/100|[from] Sandstorm
|-damage|p1a: Garganacl|19/100|[from] Sandstorm
|-heal|p1a: Garganacl|25/100|[from] item: Leftovers
|upkeep
|turn|22
|
|t:|1760307884
|move|p2a: Dragapult|Shadow Ball|p1a: Garganacl
|-damage|p1a: Garganacl|7/100
|move|p1a: Garganacl|Recover|p1a: Garganacl
|-heal|p1a: Garganacl|57/100
|
|-weather|Sandstorm|[upkeep]
|-damage|p2a: Dragapult|52/100|[from] Sandstorm
|-damage|p1a: Garganacl|51/100|[from] Sandstorm
|-heal|p1a: Garganacl|57/100|[from] item: Leftovers
|upkeep
|turn|23
|inactive|yuhy has 120 seconds left.
|
|t:|1760307917
|switch|p2a: Corviknight|Corviknight, M|58/100
|-damage|p2a: Corviknight|46/100|[from] Stealth Rock
|-ability|p2a: Corviknight|Pressure
|move|p1a: Garganacl|Recover|p1a: Garganacl
|-heal|p1a: Garganacl|100/100
|
|-weather|Sandstorm|[upkeep]
|-damage|p1a: Garganacl|94/100|[from] Sandstorm
|-heal|p1a: Garganacl|100/100|[from] item: Leftovers
|upkeep
|turn|24
|
|t:|1760307922
|move|p2a: Corviknight|Roost|p2a: Corviknight
|-heal|p2a: Corviknight|96/100
|-singleturn|p2a: Corviknight|move: Roost
|move|p1a: Garganacl|Iron Defense|p1a: Garganacl
|-boost|p1a: Garganacl|def|2
|
|-weather|Sandstorm|[upkeep]
|-damage|p1a: Garganacl|94/100|[from] Sandstorm
|-heal|p1a: Garganacl|100/100|[from] item: Leftovers
|upkeep
|turn|25
|
|t:|1760307925
|move|p2a: Corviknight|Iron Defense|p2a: Corviknight
|-boost|p2a: Corviknight|def|2
|move|p1a: Garganacl|Iron Defense|p1a: Garganacl
|-boost|p1a: Garganacl|def|2
|
|-weather|Sandstorm|[upkeep]
|-damage|p1a: Garganacl|94/100|[from] Sandstorm
|-heal|p1a: Garganacl|100/100|[from] item: Leftovers
|upkeep
|turn|26
|
|t:|1760307930
|move|p2a: Corviknight|Iron Defense|p2a: Corviknight
|-boost|p2a: Corviknight|def|2
|move|p1a: Garganacl|Salt Cure|p2a: Corviknight
|-damage|p2a: Corviknight|93/100
|-start|p2a: Corviknight|Salt Cure
|
|-weather|none
|-damage|p2a: Corviknight|68/100|[from] Salt Cure
|upkeep
|turn|27
|
|t:|1760307939
|move|p2a: Corviknight|Iron Defense|p2a: Corviknight
|-boost|p2a: Corviknight|def|2
|move|p1a: Garganacl|Iron Defense|p1a: Garganacl
|-boost|p1a: Garganacl|def|2
|
|-damage|p2a: Corviknight|43/100|[from] Salt Cure
|upkeep
|turn|28
|
|t:|1760307944
|move|p2a: Corviknight|Body Press|p1a: Garganacl
|-damage|p1a: Garganacl|85/100
|move|p1a: Garganacl|Body Press|p2a: Corviknight
|-damage|p2a: Corviknight|26/100
|
|-heal|p1a: Garganacl|91/100|[from] item: Leftovers
|-damage|p2a: Corviknight|1/100|[from] Salt Cure
|upkeep
|turn|29
|
|t:|1760307953
|move|p2a: Corviknight|Roost|p2a: Corviknight
|-heal|p2a: Corviknight|51/100
|-singleturn|p2a: Corviknight|move: Roost
|move|p1a: Garganacl|Body Press|p2a: Corviknight
|-supereffective|p2a: Corviknight
|-damage|p2a: Corviknight|21/100
|
|-heal|p1a: Garganacl|97/100|[from] item: Leftovers
|-damage|p2a: Corviknight|0 fnt|[from] Salt Cure
|faint|p2a: Corviknight
|upkeep
|
|t:|1760307959
|switch|p2a: Dragapult|Dragapult, F|52/100
|-damage|p2a: Dragapult|40/100|[from] Stealth Rock
|turn|30
|
|t:|1760307965
|move|p2a: Dragapult|Draco Meteor|p1a: Garganacl
|-damage|p1a: Garganacl|44/100
|-unboost|p2a: Dragapult|spa|2
|move|p1a: Garganacl|Recover|p1a: Garganacl
|-heal|p1a: Garganacl|94/100
|
|-heal|p1a: Garganacl|99/100|[from] item: Leftovers
|upkeep
|turn|31
|c|☆yuhy|specs sahdow doing fucking 18
|inactive|yuhy has 120 seconds left.
|c|☆yuhy|fucking dogshit game
|c|☆scald spamm|its specially defensive
|c|☆scald spamm|also
|c|☆yuhy|ya i know
|c|☆scald spamm|!dt purifying salt
|c| scald spamm|/raw <ul class="utilichart"><li class="result"><span class="col namecol"><a href="https://dex.pokemonshowdown.com/abilities/purifyingsalt">Purifying Salt</a></span> <span class="col abilitydesccol">Ghost damage to this Pokemon dealt with a halved offensive stat; can't be statused.</span> </li><li style="clear:both"></li></ul>
|c| scald spamm|/raw <font size="1"><font color="#686868">Gen:</font> 9&nbsp;|&ThickSpace;&#10003; Ignored by Mold Breaker</font>

|c|☆yuhy|i know the ability too
|inactive|yuhy has 90 seconds left.
|c|☆scald spamm|should have preserved clef
|c|☆yuhy|ur prob max spdef
|c|☆yuhy|clef does nothing
|inactive|yuhy has 60 seconds left.
|c|☆yuhy|its rocks thunder wave
|c|☆scald spamm|it check garg
|c|☆scald spamm|oh
|c|☆scald spamm|you;re not calm mind
|c|☆yuhy|no this team is dosghit haha
|c|☆scald spamm|yeah bro just pack it up atp
|inactive|yuhy has 30 seconds left.
|c|☆yuhy|im always barely edged out of wins
|c|☆yuhy|gg
|-message|yuhy forfeited.
|
|win|scald spamm
