|j|☆javiconb
|j|☆cynthiafan#6769
|t:|1760347100
|gametype|singles
|player|p1|javiconb|266|1362
|player|p2|cynthiafan#6769|170|1322
|gen|9
|tier|[Gen 9] OU
|rated|
|rule|HP Percentage Mod: HP is shown in percentages
|rule|Endless Battle Clause: Forcing endless battles is banned
|rule|Species Clause: Limit one of each Pokémon
|rule|OHKO Clause: OHKO moves are banned
|rule|Evasion Items Clause: Evasion items are banned
|rule|Evasion Moves Clause: Evasion moves are banned
|rule|Evasion Abilities Clause: Evasion abilities are banned
|rule|Sleep Moves Clause: Sleep-inducing moves are banned
|clearpoke
|poke|p1|Rabsca, F|
|poke|p1|Slowking-Galar, F|
|poke|p1|Ursaluna, M|
|poke|p1|Azumarill, M|
|poke|p1|Mimikyu, M|
|poke|p1|Kingambit, F|
|poke|p2|Ogerpon-Wellspring, F|
|poke|p2|Landorus-Therian, M|
|poke|p2|Kingambit, F|
|poke|p2|Cinderace, M|
|poke|p2|Scizor, M|
|poke|p2|Iron Valiant|
|teampreview
|
|t:|1760347130
|teamsize|p1|6
|teamsize|p2|6
|start
|switch|p1a: Rabsca|Rabsca, F|100/100
|switch|p2a: Cinderace|Cinderace, M|100/100
|turn|1
|
|t:|1760347134
|switch|p1a: Azumarill|Azumarill, M|100/100
|move|p2a: Cinderace|Pyro Ball|p1a: Azumarill|[miss]
|-miss|p2a: Cinderace|p1a: Azumarill
|
|upkeep
|turn|2
|
|t:|1760347140
|switch|p2a: Fine Shyt|Ogerpon-Wellspring, F|100/100
|move|p1a: Azumarill|Play Rough|p2a: Fine Shyt
|-damage|p2a: Fine Shyt|24/100
|
|upkeep
|turn|3
|
|t:|1760347147
|switch|p1a: Kingambit|Kingambit, F|100/100
|move|p2a: Fine Shyt|Power Whip|p1a: Kingambit
|-resisted|p1a: Kingambit
|-damage|p1a: Kingambit|76/100
|
|upkeep
|turn|4
|
|t:|1760347159
|move|p2a: Fine Shyt|Synthesis|p2a: Fine Shyt
|-heal|p2a: Fine Shyt|74/100
|move|p1a: Kingambit|Kowtow Cleave|p2a: Fine Shyt
|-damage|p2a: Fine Shyt|0 fnt
|faint|p2a: Fine Shyt
|
|upkeep
|
|t:|1760347165
|switch|p2a: Captain Falcon|Scizor, M|100/100
|turn|5
|
|t:|1760347187
|-end|p1a: Kingambit|fallenundefined|[silent]
|switch|p1a: Rabsca|Rabsca, F|100/100
|move|p2a: Captain Falcon|Swords Dance|p2a: Captain Falcon
|-boost|p2a: Captain Falcon|atk|2
|
|upkeep
|turn|6
|
|t:|1760347196
|move|p2a: Captain Falcon|Bullet Punch|p1a: Rabsca
|-damage|p1a: Rabsca|36/100
|-damage|p2a: Captain Falcon|91/100|[from] item: Life Orb
|move|p1a: Rabsca|Trick Room|p1a: Rabsca
|-fieldstart|move: Trick Room|[of] p1a: Rabsca
|
|upkeep
|turn|7
|
|t:|1760347202
|move|p2a: Captain Falcon|Bullet Punch|p1a: Rabsca
|-crit|p1a: Rabsca
|-damage|p1a: Rabsca|0 fnt
|faint|p1a: Rabsca
|-damage|p2a: Captain Falcon|81/100|[from] item: Life Orb
|
|upkeep
|inactive|Battle timer is ON: inactive players will automatically lose when time's up. (requested by cynthiafan#6769)
|l|☆cynthiafan#6769
|inactive|cynthiafan#6769 disconnected and has a minute to reconnect!
|player|p2|
|
|t:|1760347276
|switch|p1a: Slowking|Slowking-Galar, F|100/100
|turn|8
|j|☆cynthiafan#6769
|inactive|cynthiafan#6769 reconnected and has 130 seconds left.
|player|p2|cynthiafan#6769|170|
|
|t:|1760347303
|move|p2a: Captain Falcon|Bullet Punch|p1a: Slowking
|-damage|p1a: Slowking|12/100
|-damage|p2a: Captain Falcon|71/100|[from] item: Life Orb
|move|p1a: Slowking|Fire Blast|p2a: Captain Falcon
|-supereffective|p2a: Captain Falcon
|-damage|p2a: Captain Falcon|0 fnt
|faint|p2a: Captain Falcon
|-damage|p1a: Slowking|2/100|[from] item: Life Orb
|
|upkeep
|
|t:|1760347312
|switch|p2a: Cinderace|Cinderace, M|100/100
|turn|9
|
|t:|1760347319
|move|p1a: Slowking|Sludge Wave|p2a: Cinderace
|-damage|p2a: Cinderace|16/100
|-damage|p1a: Slowking|0 fnt|[from] item: Life Orb
|faint|p1a: Slowking
|move|p2a: Cinderace|Will-O-Wisp|p1: Slowking|[notarget]
|-fail|p2a: Cinderace
|
|upkeep
|
|t:|1760347328
|switch|p1a: Ursaluna|Ursaluna, M|100/100
|turn|10
|
|t:|1760347336
|move|p1a: Ursaluna|Facade|p2a: Cinderace
|-damage|p2a: Cinderace|0 fnt
|faint|p2a: Cinderace
|
|-fieldend|move: Trick Room
|-status|p1a: Ursaluna|brn|[from] item: Flame Orb
|upkeep
|
|t:|1760347341
|switch|p2a: The King's Chariot|Kingambit, F|100/100
|-activate|p2a: The King's Chariot|ability: Supreme Overlord
|-start|p2a: The King's Chariot|fallen3|[silent]
|turn|11
|
|t:|1760347361
|switch|p1a: Azumarill|Azumarill, M|100/100
|move|p2a: The King's Chariot|Low Kick|p1a: Azumarill
|-resisted|p1a: Azumarill
|-damage|p1a: Azumarill|86/100
|
|upkeep
|turn|12
|
|t:|1760347367
|-end|p2a: The King's Chariot|fallen3|[silent]
|switch|p2a: Boo|Landorus-Therian, M|100/100
|-ability|p2a: Boo|Intimidate|boost
|-unboost|p1a: Azumarill|atk|1
|move|p1a: Azumarill|Knock Off|p2a: Boo
|-damage|p2a: Boo|76/100
|-damage|p1a: Azumarill|69/100|[from] item: Rocky Helmet|[of] p2a: Boo
|-enditem|p2a: Boo|Rocky Helmet|[from] move: Knock Off|[of] p1a: Azumarill
|
|upkeep
|turn|13
|
|t:|1760347375
|move|p2a: Boo|Earth Power|p1a: Azumarill
|-damage|p1a: Azumarill|46/100
|-unboost|p1a: Azumarill|spd|1
|move|p1a: Azumarill|Liquidation|p2a: Boo
|-supereffective|p2a: Boo
|-damage|p2a: Boo|1/100
|
|upkeep
|turn|14
|
|t:|1760347381
|move|p1a: Azumarill|Aqua Jet|p2a: Boo
|-supereffective|p2a: Boo
|-damage|p2a: Boo|0 fnt
|faint|p2a: Boo
|
|upkeep
|
|t:|1760347385
|switch|p2a: Dualliste|Iron Valiant|100/100
|-enditem|p2a: Dualliste|Booster Energy
|-activate|p2a: Dualliste|ability: Quark Drive|[fromitem]
|-start|p2a: Dualliste|quarkdrivespe
|turn|15
|
|t:|1760347392
|move|p2a: Dualliste|Thunderbolt|p1a: Azumarill
|-supereffective|p1a: Azumarill
|-crit|p1a: Azumarill
|-damage|p1a: Azumarill|0 fnt
|faint|p1a: Azumarill
|
|upkeep
|
|t:|1760347397
|switch|p1a: Mimikyu|Mimikyu, M|100/100
|turn|16
|
|t:|1760347409
|-terastallize|p2a: Dualliste|Steel
|move|p2a: Dualliste|Moonblast|p1a: Mimikyu
|-activate|p1a: Mimikyu|ability: Disguise
|-damage|p1a: Mimikyu|100/100
|-unboost|p1a: Mimikyu|spa|1
|detailschange|p1a: Mimikyu|Mimikyu-Busted, M
|-damage|p1a: Mimikyu|88/100|[from] pokemon: Mimikyu-Busted
|move|p1a: Mimikyu|Trick Room|p1a: Mimikyu
|-fieldstart|move: Trick Room|[of] p1a: Mimikyu
|
|upkeep
|turn|17
|
|t:|1760347417
|move|p1a: Mimikyu|Destiny Bond|p1a: Mimikyu
|-singlemove|p1a: Mimikyu|Destiny Bond
|move|p2a: Dualliste|Calm Mind|p2a: Dualliste
|-boost|p2a: Dualliste|spa|1
|-boost|p2a: Dualliste|spd|1
|
|upkeep
|turn|18
|
|t:|1760347422
|switch|p1a: Ursaluna|Ursaluna, M|100/100 brn
|move|p2a: Dualliste|Calm Mind|p2a: Dualliste
|-boost|p2a: Dualliste|spa|1
|-boost|p2a: Dualliste|spd|1
|
|-damage|p1a: Ursaluna|94/100 brn|[from] brn
|upkeep
|turn|19
|
|t:|1760347432
|-terastallize|p1a: Ursaluna|Normal
|move|p1a: Ursaluna|Facade|p2a: Dualliste
|-resisted|p2a: Dualliste
|-damage|p2a: Dualliste|0 fnt
|faint|p2a: Dualliste
|-end|p2a: Dualliste|Quark Drive|[silent]
|
|-damage|p1a: Ursaluna|88/100 brn|[from] brn
|upkeep
|
|t:|1760347434
|switch|p2a: The King's Chariot|Kingambit, F|100/100
|-activate|p2a: The King's Chariot|ability: Supreme Overlord
|-start|p2a: The King's Chariot|fallen5|[silent]
|turn|20
|
|t:|1760347443
|move|p1a: Ursaluna|Headlong Rush|p2a: The King's Chariot
|-supereffective|p2a: The King's Chariot
|-damage|p2a: The King's Chariot|0 fnt
|-unboost|p1a: Ursaluna|def|1
|-unboost|p1a: Ursaluna|spd|1
|faint|p2a: The King's Chariot
|-end|p2a: The King's Chariot|fallen5|[silent]
|
|win|javiconb
|raw|javiconb's rating: 1362 &rarr; <strong>1380</strong><br />(+18 for winning)
|raw|cynthiafan#6769's rating: 1322 &rarr; <strong>1304</strong><br />(-18 for losing)
|l|☆cynthiafan#6769
|player|p2|
|l|☆javiconb
|player|p1|
