|j|☆pxouzza
|j|☆kinsword
|t:|1760443728
|gametype|singles
|player|p1|pxouzza|wallace|1372
|player|p2|kinsword|2|1427
|gen|9
|tier|[Gen 9] OU
|rated|
|rule|HP Percentage Mod: HP is shown in percentages
|rule|Endless Battle Clause: Forcing endless battles is banned
|rule|Species Clause: Limit one of each Pokémon
|rule|OHKO Clause: OHKO moves are banned
|rule|Evasion Items Clause: Evasion items are banned
|rule|Evasion Moves Clause: Evasion moves are banned
|rule|Evasion Abilities Clause: Evasion abilities are banned
|rule|Sleep Moves Clause: Sleep-inducing moves are banned
|clearpoke
|poke|p1|Cryogonal|
|poke|p1|Slowking-Galar, F|
|poke|p1|Landorus-Therian, M|
|poke|p1|Tornadus-Therian, M|
|poke|p1|Clefable, M|
|poke|p1|Darkrai|
|poke|p2|Dudunsparce-*, F|
|poke|p2|Greninja-*, M|
|poke|p2|Skarmory, F|
|poke|p2|Iron Treads|
|poke|p2|Fezandipiti, M|
|poke|p2|Haxorus, M|
|teampreview
|inactive|Battle timer is ON: inactive players will automatically lose when time's up. (requested by pxouzza)
|inactive|kinsword also wants the timer to be on.
|
|t:|1760443739
|teamsize|p1|6
|teamsize|p2|6
|start
|switch|p1a: Clefable|Clefable, M|100/100
|switch|p2a: Dudunsparce|Dudunsparce-Three-Segment, F|100/100
|turn|1
|
|t:|1760443747
|move|p1a: Clefable|Thunder Wave|p2a: Dudunsparce
|-status|p2a: Dudunsparce|par
|move|p2a: Dudunsparce|Glare|p1a: Clefable
|-status|p1a: Clefable|par
|
|upkeep
|turn|2
|
|t:|1760443758
|move|p1a: Clefable|Stealth Rock|p2a: Dudunsparce
|-sidestart|p2: kinsword|move: Stealth Rock
|cant|p2a: Dudunsparce|par
|
|upkeep
|turn|3
|
|t:|1760443771
|switch|p1a: Landorus|Landorus-Therian, M|100/100
|-ability|p1a: Landorus|Intimidate|boost
|-unboost|p2a: Dudunsparce|atk|1
|move|p2a: Dudunsparce|Boomburst|p1a: Landorus
|-damage|p1a: Landorus|18/100
|
|upkeep
|turn|4
|
|t:|1760443781
|move|p1a: Landorus|U-turn|p2a: Dudunsparce
|-damage|p2a: Dudunsparce|75/100 par
|
|t:|1760443784
|switch|p1a: Slowking|Slowking-Galar, F|100/100|[from] U-turn
|move|p2a: Dudunsparce|Boomburst|p1a: Slowking
|-damage|p1a: Slowking|64/100
|
|-heal|p2a: Dudunsparce|81/100 par|[from] item: Leftovers
|upkeep
|turn|5
|
|t:|1760443796
|move|p2a: Dudunsparce|Shadow Ball|p1a: Slowking
|-supereffective|p1a: Slowking
|-damage|p1a: Slowking|37/100
|-prepare|p1a: Slowking|Chilly Reception|[premajor]
|move|p1a: Slowking|Chilly Reception|p1a: Slowking
|-weather|Snowscape
|
|t:|1760443800
|switch|p1a: Cryogonal|Cryogonal|100/100|[from] Chilly Reception
|
|-weather|Snowscape|[upkeep]
|-heal|p2a: Dudunsparce|87/100 par|[from] item: Leftovers
|upkeep
|turn|6
|
|t:|1760443808
|move|p1a: Cryogonal|Blizzard|p2a: Dudunsparce
|-damage|p2a: Dudunsparce|51/100 par
|move|p2a: Dudunsparce|Glare|p1a: Cryogonal
|-status|p1a: Cryogonal|par
|
|-weather|Snowscape|[upkeep]
|-heal|p2a: Dudunsparce|57/100 par|[from] item: Leftovers
|upkeep
|turn|7
|
|t:|1760443818
|move|p1a: Cryogonal|Blizzard|p2a: Dudunsparce
|-damage|p2a: Dudunsparce|20/100 par
|cant|p2a: Dudunsparce|par
|
|-weather|Snowscape|[upkeep]
|-heal|p2a: Dudunsparce|26/100 par|[from] item: Leftovers
|upkeep
|turn|8
|
|t:|1760443835
|move|p1a: Cryogonal|Blizzard|p2a: Dudunsparce
|-damage|p2a: Dudunsparce|0 fnt
|faint|p2a: Dudunsparce
|
|-weather|Snowscape|[upkeep]
|upkeep
|
|t:|1760443842
|switch|p2a: Iron Treads|Iron Treads|100/100
|-damage|p2a: Iron Treads|97/100|[from] Stealth Rock
|turn|9
|
|t:|1760443850
|switch|p1a: Tornadus|Tornadus-Therian, M|100/100
|move|p2a: Iron Treads|Rapid Spin|p1a: Tornadus
|-damage|p1a: Tornadus|84/100
|-boost|p2a: Iron Treads|spe|1
|-sideend|p2: kinsword|Stealth Rock|[from] move: Rapid Spin|[of] p2a: Iron Treads
|
|-weather|none
|-heal|p2a: Iron Treads|100/100|[from] item: Leftovers
|upkeep
|turn|10
|
|t:|1760443862
|move|p1a: Tornadus|Heat Wave|p2a: Iron Treads|[miss]
|-miss|p1a: Tornadus|p2a: Iron Treads
|move|p2a: Iron Treads|Ice Spinner|p1a: Tornadus
|-supereffective|p1a: Tornadus
|-damage|p1a: Tornadus|26/100
|
|upkeep
|turn|11
|
|t:|1760443869
|move|p1a: Tornadus|Heat Wave|p2a: Iron Treads
|-supereffective|p2a: Iron Treads
|-damage|p2a: Iron Treads|54/100
|move|p2a: Iron Treads|Ice Spinner|p1a: Tornadus
|-supereffective|p1a: Tornadus
|-damage|p1a: Tornadus|0 fnt
|faint|p1a: Tornadus
|
|-heal|p2a: Iron Treads|60/100|[from] item: Leftovers
|upkeep
|
|t:|1760443875
|switch|p1a: Landorus|Landorus-Therian, M|18/100
|-ability|p1a: Landorus|Intimidate|boost
|-unboost|p2a: Iron Treads|atk|1
|turn|12
|
|t:|1760443884
|move|p1a: Landorus|Earthquake|p2a: Iron Treads
|-supereffective|p2a: Iron Treads
|-damage|p2a: Iron Treads|0 fnt
|faint|p2a: Iron Treads
|-end|p2a: Iron Treads|Quark Drive|[silent]
|
|upkeep
|
|t:|1760443893
|switch|p2a: Greninja|Greninja, M|100/100
|turn|13
|
|t:|1760443916
|switch|p1a: Darkrai|Darkrai|100/100
|move|p2a: Greninja|Surf|p1a: Darkrai
|-start|p2a: Greninja|typechange|Water|[from] ability: Protean
|-damage|p1a: Darkrai|44/100
|
|upkeep
|turn|14
|
|t:|1760443925
|move|p1a: Darkrai|Sucker Punch|p2a: Greninja
|-crit|p2a: Greninja
|-damage|p2a: Greninja|36/100
|move|p2a: Greninja|Surf|p1a: Darkrai
|-damage|p1a: Darkrai|0 fnt
|faint|p1a: Darkrai
|
|upkeep
|
|t:|1760443933
|switch|p1a: Cryogonal|Cryogonal|100/100 par
|turn|15
|
|t:|1760443938
|switch|p2a: Fezandipiti|Fezandipiti, M|100/100
|move|p1a: Cryogonal|Freeze-Dry|p2a: Fezandipiti
|-crit|p2a: Fezandipiti
|-damage|p2a: Fezandipiti|74/100
|
|-heal|p2a: Fezandipiti|80/100|[from] item: Leftovers
|upkeep
|turn|16
|
|t:|1760443950
|move|p2a: Fezandipiti|Swords Dance|p2a: Fezandipiti
|-boost|p2a: Fezandipiti|atk|2
|move|p1a: Cryogonal|Blizzard|p2a: Fezandipiti|[miss]
|-miss|p1a: Cryogonal|p2a: Fezandipiti
|
|-heal|p2a: Fezandipiti|86/100|[from] item: Leftovers
|upkeep
|turn|17
|
|t:|1760443959
|move|p2a: Fezandipiti|Double Kick|p1a: Cryogonal
|-supereffective|p1a: Cryogonal
|-damage|p1a: Cryogonal|13/100 par
|-supereffective|p1a: Cryogonal
|-damage|p1a: Cryogonal|0 fnt
|faint|p1a: Cryogonal
|-hitcount|p1: Cryogonal|2
|
|-heal|p2a: Fezandipiti|92/100|[from] item: Leftovers
|upkeep
|
|t:|1760443963
|switch|p1a: Landorus|Landorus-Therian, M|18/100
|-ability|p1a: Landorus|Intimidate|boost
|-unboost|p2a: Fezandipiti|atk|1
|turn|18
|
|t:|1760443977
|-terastallize|p2a: Fezandipiti|Flying
|move|p1a: Landorus|Earthquake|p2a: Fezandipiti
|-immune|p2a: Fezandipiti
|move|p2a: Fezandipiti|Dual Wingbeat|p1a: Landorus
|-damage|p1a: Landorus|0 fnt
|faint|p1a: Landorus
|-hitcount|p1: Landorus|1
|
|-heal|p2a: Fezandipiti|98/100|[from] item: Leftovers
|upkeep
|-message|pxouzza forfeited.
|
|win|kinsword
|raw|pxouzza's rating: 1372 &rarr; <strong>1355</strong><br />(-17 for losing)
|raw|kinsword's rating: 1427 &rarr; <strong>1444</strong><br />(+17 for winning)
|l|☆pxouzza
|player|p1|
|l|☆kinsword
|player|p2|
