|j|☆Joao v9898
|j|☆gang696969
|t:|1760409387
|gametype|singles
|player|p1|Joao v9898|170|1495
|player|p2|gang696969|170|1471
|gen|9
|tier|[Gen 9] OU
|rated|
|rule|HP Percentage Mod: HP is shown in percentages
|rule|Endless Battle Clause: Forcing endless battles is banned
|rule|Species Clause: Limit one of each Pokémon
|rule|OHKO Clause: OHKO moves are banned
|rule|Evasion Items Clause: Evasion items are banned
|rule|Evasion Moves Clause: Evasion moves are banned
|rule|Evasion Abilities Clause: Evasion abilities are banned
|rule|Sleep Moves Clause: Sleep-inducing moves are banned
|clearpoke
|poke|p1|Ninetales-Alola, F|
|poke|p1|Frosmoth, M|
|poke|p1|Cinderace, F|
|poke|p1|Kyurem|
|poke|p1|Cetitan, F|
|poke|p1|Kingambit, F|
|poke|p2|Ceruledge, F|
|poke|p2|Walking Wake|
|poke|p2|Dragonite, M|
|poke|p2|Torkoal, M|
|poke|p2|Venusaur, F|
|poke|p2|Kingambit, F|
|teampreview
|inactive|Battle timer is ON: inactive players will automatically lose when time's up. (requested by Joao v9898)
|
|t:|1760409396
|teamsize|p1|6
|teamsize|p2|6
|start
|switch|p1a: Ninetales|Ninetales-Alola, F|100/100
|switch|p2a: Torkoal|Torkoal, M|100/100
|-weather|Snowscape|[from] ability: Snow Warning|[of] p1a: Ninetales
|-weather|SunnyDay|[from] ability: Drought|[of] p2a: Torkoal
|turn|1
|
|t:|1760409410
|move|p1a: Ninetales|Snowscape|p1a: Ninetales
|-weather|Snowscape
|move|p2a: Torkoal|Eruption|p1a: Ninetales
|-supereffective|p1a: Ninetales
|-damage|p1a: Ninetales|0 fnt
|faint|p1a: Ninetales
|
|-weather|Snowscape|[upkeep]
|upkeep
|
|t:|1760409416
|switch|p1a: Frosmoth|Frosmoth, M|100/100
|turn|2
|
|t:|1760409434
|move|p1a: Frosmoth|Quiver Dance|p1a: Frosmoth
|-boost|p1a: Frosmoth|spa|1
|-boost|p1a: Frosmoth|spd|1
|-boost|p1a: Frosmoth|spe|1
|move|p2a: Torkoal|Overheat|p1a: Frosmoth
|-supereffective|p1a: Frosmoth
|-damage|p1a: Frosmoth|0 fnt
|-unboost|p2a: Torkoal|spa|2
|faint|p1a: Frosmoth
|
|-weather|Snowscape|[upkeep]
|upkeep
|c|☆gang696969|gg
|c|☆Joao v9898|revenger?
|inactive|Joao v9898 has 120 seconds left.
|
|t:|1760409479
|switch|p1a: Kyurem|Kyurem|100/100
|-ability|p1a: Kyurem|Pressure
|turn|3
|
|t:|1760409496
|move|p1a: Kyurem|Substitute|p1a: Kyurem
|-start|p1a: Kyurem|Substitute
|-damage|p1a: Kyurem|76/100
|move|p2a: Torkoal|Eruption|p1a: Kyurem
|-end|p1a: Kyurem|Substitute
|
|-weather|Snowscape|[upkeep]
|-heal|p1a: Kyurem|82/100|[from] item: Leftovers
|upkeep
|turn|4
|
|t:|1760409506
|move|p1a: Kyurem|Icicle Spear|p2a: Torkoal
|-resisted|p2a: Torkoal
|-damage|p2a: Torkoal|95/100
|-resisted|p2a: Torkoal
|-damage|p2a: Torkoal|89/100
|-hitcount|p2a: Torkoal|2
|move|p2a: Torkoal|Eruption|p1a: Kyurem
|-damage|p1a: Kyurem|54/100
|
|-weather|Snowscape|[upkeep]
|-heal|p1a: Kyurem|60/100|[from] item: Leftovers
|upkeep
|turn|5
|
|t:|1760409530
|move|p1a: Kyurem|Substitute|p1a: Kyurem
|-start|p1a: Kyurem|Substitute
|-damage|p1a: Kyurem|35/100
|move|p2a: Torkoal|Overheat|p1a: Kyurem
|-end|p1a: Kyurem|Substitute
|-unboost|p2a: Torkoal|spa|2
|
|-weather|Snowscape|[upkeep]
|-heal|p1a: Kyurem|41/100|[from] item: Leftovers
|upkeep
|turn|6
|
|t:|1760409540
|switch|p2a: Kingambit|Kingambit, F|100/100
|move|p1a: Kyurem|Substitute|p1a: Kyurem
|-start|p1a: Kyurem|Substitute
|-damage|p1a: Kyurem|17/100
|
|-weather|Snowscape|[upkeep]
|-heal|p1a: Kyurem|23/100|[from] item: Leftovers
|upkeep
|turn|7
|
|t:|1760409547
|move|p1a: Kyurem|Freeze-Dry|p2a: Kingambit
|-resisted|p2a: Kingambit
|-damage|p2a: Kingambit|90/100
|move|p2a: Kingambit|Kowtow Cleave|p1a: Kyurem
|-end|p1a: Kyurem|Substitute
|
|-weather|Snowscape|[upkeep]
|-heal|p1a: Kyurem|29/100|[from] item: Leftovers
|upkeep
|turn|8
|-message|Joao v9898 forfeited.
|
|win|gang696969
|raw|Joao v9898's rating: 1495 &rarr; <strong>1474</strong><br />(-21 for losing)
|raw|gang696969's rating: 1471 &rarr; <strong>1492</strong><br />(+21 for winning)
|l|☆Joao v9898
|player|p1|
