|j|☆M4 lema
|j|☆henry151th
|t:|1760353916
|gametype|singles
|player|p1|M4 lema|bellepa|1654
|player|p2|henry151th|wallace|1727
|gen|9
|tier|[Gen 9] OU
|rated|
|rule|HP Percentage Mod: HP is shown in percentages
|rule|Endless Battle Clause: Forcing endless battles is banned
|rule|Species Clause: Limit one of each Pokémon
|rule|OHKO Clause: OHKO moves are banned
|rule|Evasion Items Clause: Evasion items are banned
|rule|Evasion Moves Clause: Evasion moves are banned
|rule|Evasion Abilities Clause: Evasion abilities are banned
|rule|Sleep Moves Clause: Sleep-inducing moves are banned
|clearpoke
|poke|p1|Pelipper, F|
|poke|p1|Barraskewda, F|
|poke|p1|Iron Treads|
|poke|p1|Thundurus-Therian, M|
|poke|p1|Iron Crown|
|poke|p1|Dragonite, F|
|poke|p2|Zapdos|
|poke|p2|Iron Valiant|
|poke|p2|Great Tusk|
|poke|p2|Alomomola, F|
|poke|p2|Slowking-Galar, M|
|poke|p2|Cinderace, F|
|teampreview
|
|t:|1760353925
|teamsize|p1|6
|teamsize|p2|6
|start
|switch|p1a: Iron Treads|Iron Treads|100/100
|switch|p2a: Slowking|Slowking-Galar, M|100/100
|-enditem|p1a: Iron Treads|Booster Energy
|-activate|p1a: Iron Treads|ability: Quark Drive|[fromitem]
|-start|p1a: Iron Treads|quarkdrivespe
|turn|1
|
|t:|1760353929
|move|p1a: Iron Treads|Stealth Rock|p2a: Slowking
|-sidestart|p2: henry151th|move: Stealth Rock
|move|p2a: Slowking|Ice Beam|p1a: Iron Treads
|-damage|p1a: Iron Treads|67/100
|
|upkeep
|turn|2
|
|t:|1760353933
|move|p1a: Iron Treads|Steel Beam|p2a: Slowking
|-damage|p2a: Slowking|62/100
|-damage|p1a: Iron Treads|17/100|[from] steelbeam
|move|p2a: Slowking|Ice Beam|p1a: Iron Treads
|-damage|p1a: Iron Treads|0 fnt
|faint|p1a: Iron Treads
|-end|p1a: Iron Treads|Quark Drive|[silent]
|
|upkeep
|
|t:|1760353942
|switch|p1a: Dragonite|Dragonite, F|100/100
|turn|3
|
|t:|1760353947
|move|p1a: Dragonite|Outrage|p2a: Slowking
|-crit|p2a: Slowking
|-damage|p2a: Slowking|0 fnt
|faint|p2a: Slowking
|
|upkeep
|
|t:|1760353949
|switch|p2a: Iron Valiant|Iron Valiant|100/100
|-damage|p2a: Iron Valiant|94/100|[from] Stealth Rock
|turn|4
|
|t:|1760353952
|move|p2a: Iron Valiant|Spirit Break|p1a: Dragonite
|-supereffective|p1a: Dragonite
|-damage|p1a: Dragonite|39/100
|-unboost|p1a: Dragonite|spa|1
|move|p1a: Dragonite|Outrage|p2a: Iron Valiant|[from] lockedmove
|-immune|p2a: Iron Valiant
|-start|p1a: Dragonite|confusion|[fatigue]
|
|upkeep
|turn|5
|
|t:|1760353962
|switch|p1a: Pelipper|Pelipper, F|100/100
|-weather|RainDance|[from] ability: Drizzle|[of] p1a: Pelipper
|move|p2a: Iron Valiant|Spirit Break|p1a: Pelipper
|-damage|p1a: Pelipper|52/100
|-unboost|p1a: Pelipper|spa|1
|
|-weather|RainDance|[upkeep]
|upkeep
|turn|6
|
|t:|1760353977
|move|p2a: Iron Valiant|Spirit Break|p1a: Pelipper
|-damage|p1a: Pelipper|4/100
|-unboost|p1a: Pelipper|spa|1
|move|p1a: Pelipper|U-turn|p2a: Iron Valiant
|-resisted|p2a: Iron Valiant
|-damage|p2a: Iron Valiant|92/100
|
|t:|1760353982
|switch|p1a: Barraskewda|Barraskewda, F|100/100|[from] U-turn
|
|-weather|RainDance|[upkeep]
|upkeep
|turn|7
|
|t:|1760353990
|-end|p2a: Iron Valiant|Quark Drive|[silent]
|switch|p2a: Alomomola|Alomomola, F|100/100
|-damage|p2a: Alomomola|88/100|[from] Stealth Rock
|move|p1a: Barraskewda|Flip Turn|p2a: Alomomola
|-resisted|p2a: Alomomola
|-damage|p2a: Alomomola|58/100
|
|t:|1760353997
|switch|p1a: Thundurus|Thundurus-Therian, M|100/100|[from] Flip Turn
|
|-weather|RainDance|[upkeep]
|upkeep
|turn|8
|
|t:|1760354003
|switch|p2a: Great Tusk|Great Tusk|100/100
|-damage|p2a: Great Tusk|98/100|[from] Stealth Rock
|move|p1a: Thundurus|Thunder|p2a: Great Tusk
|-immune|p2a: Great Tusk
|
|-weather|RainDance|[upkeep]
|upkeep
|turn|9
|
|t:|1760354009
|move|p2a: Great Tusk|Rapid Spin|p1a: Thundurus
|-damage|p1a: Thundurus|74/100
|-boost|p2a: Great Tusk|spe|1
|-sideend|p2: henry151th|Stealth Rock|[from] move: Rapid Spin|[of] p2a: Great Tusk
|move|p1a: Thundurus|Weather Ball|p2a: Great Tusk
|-supereffective|p2a: Great Tusk
|-damage|p2a: Great Tusk|0 fnt
|faint|p2a: Great Tusk
|-end|p2a: Great Tusk|Protosynthesis|[silent]
|
|-weather|RainDance|[upkeep]
|upkeep
|
|t:|1760354015
|switch|p2a: Alomomola|Alomomola, F|91/100
|turn|10
|
|t:|1760354020
|move|p1a: Thundurus|Nasty Plot|p1a: Thundurus
|-boost|p1a: Thundurus|spa|2
|move|p2a: Alomomola|Mirror Coat||[still]
|-fail|p2a: Alomomola
|
|-weather|RainDance|[upkeep]
|upkeep
|turn|11
|
|t:|1760354023
|-terastallize|p2a: Alomomola|Dark
|move|p1a: Thundurus|Thunder|p2a: Alomomola
|-damage|p2a: Alomomola|27/100
|move|p2a: Alomomola|Mirror Coat|p1a: Thundurus
|-damage|p1a: Thundurus|0 fnt
|faint|p1a: Thundurus
|
|-weather|RainDance|[upkeep]
|upkeep
|
|t:|1760354029
|switch|p1a: Barraskewda|Barraskewda, F|100/100
|turn|12
|
|t:|1760354039
|switch|p2a: Zapdos|Zapdos|100/100
|move|p1a: Barraskewda|Liquidation|p2a: Zapdos
|-damage|p2a: Zapdos|23/100
|-damage|p1a: Barraskewda|84/100|[from] item: Rocky Helmet|[of] p2a: Zapdos
|
|-weather|none
|upkeep
|turn|13
|
|t:|1760354049
|move|p1a: Barraskewda|Liquidation|p2a: Zapdos
|-damage|p2a: Zapdos|0 fnt
|-damage|p1a: Barraskewda|68/100|[from] item: Rocky Helmet|[of] p2a: Zapdos
|faint|p2a: Zapdos
|
|upkeep
|
|t:|1760354054
|switch|p2a: Iron Valiant|Iron Valiant|92/100
|turn|14
|
|t:|1760354056
|switch|p1a: Pelipper|Pelipper, F|4/100
|-weather|RainDance|[from] ability: Drizzle|[of] p1a: Pelipper
|move|p2a: Iron Valiant|Spirit Break|p1a: Pelipper
|-damage|p1a: Pelipper|0 fnt
|faint|p1a: Pelipper
|
|-weather|RainDance|[upkeep]
|upkeep
|
|t:|1760354059
|switch|p1a: Barraskewda|Barraskewda, F|68/100
|turn|15
|
|t:|1760354065
|-end|p2a: Iron Valiant|Quark Drive|[silent]
|switch|p2a: Cinderace|Cinderace, F|100/100
|move|p1a: Barraskewda|Liquidation|p2a: Cinderace
|-supereffective|p2a: Cinderace
|-damage|p2a: Cinderace|0 fnt
|faint|p2a: Cinderace
|
|-weather|RainDance|[upkeep]
|upkeep
|
|t:|1760354066
|switch|p2a: Iron Valiant|Iron Valiant|92/100
|turn|16
|
|t:|1760354075
|switch|p1a: Iron Crown|Iron Crown|100/100
|-enditem|p1a: Iron Crown|Booster Energy
|-activate|p1a: Iron Crown|ability: Quark Drive|[fromitem]
|-start|p1a: Iron Crown|quarkdrivespe
|move|p2a: Iron Valiant|Shadow Sneak|p1a: Iron Crown
|-supereffective|p1a: Iron Crown
|-damage|p1a: Iron Crown|59/100
|
|-weather|RainDance|[upkeep]
|upkeep
|turn|17
|
|t:|1760354086
|-end|p2a: Iron Valiant|Quark Drive|[silent]
|switch|p2a: Alomomola|Alomomola, F, tera:Dark|60/100
|-terastallize|p1a: Iron Crown|Fighting
|move|p1a: Iron Crown|Tachyon Cutter|p2a: Alomomola
|-damage|p2a: Alomomola|48/100
|-damage|p2a: Alomomola|37/100
|-hitcount|p2a: Alomomola|2
|
|-weather|RainDance|[upkeep]
|upkeep
|turn|18
|
|t:|1760354094
|switch|p2a: Iron Valiant|Iron Valiant|92/100
|move|p1a: Iron Crown|Focus Blast|p2a: Iron Valiant|[miss]
|-miss|p1a: Iron Crown|p2a: Iron Valiant
|
|-weather|RainDance|[upkeep]
|upkeep
|turn|19
|
|t:|1760354101
|-end|p2a: Iron Valiant|Quark Drive|[silent]
|switch|p2a: Alomomola|Alomomola, F, tera:Dark|70/100
|move|p1a: Iron Crown|Calm Mind|p1a: Iron Crown
|-boost|p1a: Iron Crown|spa|1
|-boost|p1a: Iron Crown|spd|1
|
|-weather|RainDance|[upkeep]
|upkeep
|turn|20
|
|t:|1760354107
|move|p1a: Iron Crown|Focus Blast|p2a: Alomomola
|-supereffective|p2a: Alomomola
|-damage|p2a: Alomomola|0 fnt
|faint|p2a: Alomomola
|
|-weather|RainDance|[upkeep]
|upkeep
|
|t:|1760354111
|switch|p2a: Iron Valiant|Iron Valiant|92/100
|turn|21
|
|t:|1760354113
|move|p1a: Iron Crown|Tachyon Cutter|p2a: Iron Valiant
|-supereffective|p2a: Iron Valiant
|-damage|p2a: Iron Valiant|0 fnt
|faint|p2a: Iron Valiant
|-end|p2a: Iron Valiant|Quark Drive|[silent]
|-hitcount|p2: Iron Valiant|1
|
|win|M4 lema
|raw|M4 lema's rating: 1654 &rarr; <strong>1678</strong><br />(+24 for winning)
|raw|henry151th's rating: 1727 &rarr; <strong>1703</strong><br />(-24 for losing)
|l|☆M4 lema
|player|p1|
