|j|☆rottenNobility
|j|☆Forzbee
|t:|1760301997
|gametype|singles
|player|p1|rottenNobility|shauntal|1089
|player|p2|Forzbee|ghetsis-gen5bw|1068
|gen|9
|tier|[Gen 9] OU
|rated|
|rule|HP Percentage Mod: HP is shown in percentages
|rule|Endless Battle Clause: Forcing endless battles is banned
|rule|Species Clause: Limit one of each Pokémon
|rule|OHKO Clause: OHKO moves are banned
|rule|Evasion Items Clause: Evasion items are banned
|rule|Evasion Moves Clause: Evasion moves are banned
|rule|Evasion Abilities Clause: Evasion abilities are banned
|rule|Sleep Moves Clause: Sleep-inducing moves are banned
|clearpoke
|poke|p1|Comfey, M|
|poke|p1|Whimsicott, F|
|poke|p1|Iron Moth|
|poke|p1|Walking Wake|
|poke|p1|Great Tusk|
|poke|p1|Ninetales, M|
|poke|p2|Malamar, F|
|poke|p2|Coalossal, F|
|poke|p2|Serperior, F|
|poke|p2|Cetitan, M|
|poke|p2|Camerupt, M|
|poke|p2|Krookodile, M|
|teampreview
|
|t:|1760302007
|teamsize|p1|6
|teamsize|p2|6
|start
|switch|p1a: Ninetales|Ninetales, M|100/100
|switch|p2a: Coalossal|Coalossal, F|100/100
|-weather|SunnyDay|[from] ability: Drought|[of] p1a: Ninetales
|turn|1
|
|t:|1760302025
|switch|p1a: Walking Wake|Walking Wake|100/100
|-activate|p1a: Walking Wake|ability: Protosynthesis
|-start|p1a: Walking Wake|protosynthesisspe
|move|p2a: Coalossal|Stealth Rock|p1a: Walking Wake
|-sidestart|p1: rottenNobility|move: Stealth Rock
|
|-weather|SunnyDay|[upkeep]
|upkeep
|turn|2
|
|t:|1760302044
|switch|p2a: Cetitan|Cetitan, M|100/100
|move|p1a: Walking Wake|Knock Off|p2a: Cetitan
|-damage|p2a: Cetitan|83/100
|-enditem|p2a: Cetitan|Assault Vest|[from] move: Knock Off|[of] p1a: Walking Wake
|
|-weather|SunnyDay|[upkeep]
|upkeep
|turn|3
|
|t:|1760302059
|move|p1a: Walking Wake|Hydro Steam|p2a: Cetitan
|-damage|p2a: Cetitan|14/100
|move|p2a: Cetitan|Ice Spinner|p1a: Walking Wake
|-damage|p1a: Walking Wake|58/100
|
|-weather|SunnyDay|[upkeep]
|upkeep
|turn|4
|
|t:|1760302069
|move|p1a: Walking Wake|Hydro Steam|p2a: Cetitan
|-damage|p2a: Cetitan|0 fnt
|faint|p2a: Cetitan
|
|-weather|SunnyDay|[upkeep]
|upkeep
|
|t:|1760302079
|switch|p2a: Serperior|Serperior, F|100/100
|turn|5
|
|t:|1760302088
|move|p1a: Walking Wake|Draco Meteor|p2a: Serperior
|-damage|p2a: Serperior|31/100
|-unboost|p1a: Walking Wake|spa|2
|move|p2a: Serperior|Leaf Storm|p1a: Walking Wake
|-damage|p1a: Walking Wake|24/100
|-boost|p2a: Serperior|spa|2
|
|-weather|SunnyDay|[upkeep]
|-heal|p2a: Serperior|37/100|[from] item: Leftovers
|upkeep
|turn|6
|
|t:|1760302109
|switch|p2a: Malamar|Malamar, F|100/100
|move|p1a: Walking Wake|Draco Meteor|p2a: Malamar
|-damage|p2a: Malamar|63/100
|-unboost|p1a: Walking Wake|spa|2
|
|-weather|SunnyDay|[upkeep]
|-heal|p2a: Malamar|69/100|[from] item: Leftovers
|upkeep
|turn|7
|
|t:|1760302118
|move|p1a: Walking Wake|Flip Turn|p2a: Malamar
|-damage|p2a: Malamar|60/100
|
|t:|1760302129
|-end|p1a: Walking Wake|Protosynthesis|[silent]
|switch|p1a: Great Tusk|Great Tusk|100/100|[from] Flip Turn
|-damage|p1a: Great Tusk|98/100|[from] Stealth Rock
|-activate|p1a: Great Tusk|ability: Protosynthesis
|-start|p1a: Great Tusk|protosynthesisspe
|move|p2a: Malamar|Superpower|p1a: Great Tusk
|-damage|p1a: Great Tusk|74/100
|-boost|p2a: Malamar|atk|1
|-boost|p2a: Malamar|def|1
|-damage|p2a: Malamar|44/100|[from] item: Rocky Helmet|[of] p1a: Great Tusk
|
|-weather|SunnyDay|[upkeep]
|-heal|p2a: Malamar|50/100|[from] item: Leftovers
|upkeep
|turn|8
|
|t:|1760302162
|switch|p2a: Krookodile|Krookodile, M|100/100
|move|p1a: Great Tusk|Rapid Spin|p2a: Krookodile
|-damage|p2a: Krookodile|82/100
|-boost|p1a: Great Tusk|spe|1
|-sideend|p1: rottenNobility|Stealth Rock|[from] move: Rapid Spin|[of] p1a: Great Tusk
|
|-weather|none
|-end|p1a: Great Tusk|Protosynthesis
|upkeep
|turn|9
|
|t:|1760302181
|-terastallize|p2a: Krookodile|Steel
|move|p2a: Krookodile|Earthquake|p1a: Great Tusk
|-damage|p1a: Great Tusk|41/100
|move|p1a: Great Tusk|Ice Spinner|p2a: Krookodile
|-resisted|p2a: Krookodile
|-damage|p2a: Krookodile|67/100
|
|upkeep
|turn|10
|
|t:|1760302189
|move|p2a: Krookodile|Earthquake|p1a: Great Tusk
|-damage|p1a: Great Tusk|12/100
|move|p1a: Great Tusk|Headlong Rush|p2a: Krookodile
|-supereffective|p2a: Krookodile
|-damage|p2a: Krookodile|0 fnt
|-unboost|p1a: Great Tusk|def|1
|-unboost|p1a: Great Tusk|spd|1
|faint|p2a: Krookodile
|
|upkeep
|
|t:|1760302209
|switch|p2a: Malamar|Malamar, F|50/100
|turn|11
|
|t:|1760302219
|move|p1a: Great Tusk|Headlong Rush|p2a: Malamar
|-damage|p2a: Malamar|0 fnt
|-unboost|p1a: Great Tusk|def|1
|-unboost|p1a: Great Tusk|spd|1
|faint|p2a: Malamar
|
|upkeep
|
|t:|1760302225
|switch|p2a: Coalossal|Coalossal, F|100/100
|turn|12
|
|t:|1760302230
|move|p1a: Great Tusk|Headlong Rush|p2a: Coalossal
|-supereffective|p2a: Coalossal
|-damage|p2a: Coalossal|0 fnt
|-unboost|p1a: Great Tusk|def|1
|-unboost|p1a: Great Tusk|spd|1
|faint|p2a: Coalossal
|
|upkeep
|
|t:|1760302237
|switch|p2a: Camerupt|Camerupt, M|100/100
|turn|13
|
|t:|1760302249
|move|p1a: Great Tusk|Headlong Rush|p2a: Camerupt
|-supereffective|p2a: Camerupt
|-damage|p2a: Camerupt|0 fnt
|-unboost|p1a: Great Tusk|def|1
|-unboost|p1a: Great Tusk|spd|1
|faint|p2a: Camerupt
|
|upkeep
|l|☆Forzbee
|player|p2|
|inactive|Battle timer is ON: inactive players will automatically lose when time's up. (requested by rottenNobility)
|inactive|Forzbee has 30 seconds to reconnect!
|inactive|Forzbee has 20 seconds to reconnect!
|inactive|Forzbee has 15 seconds to reconnect!
|inactive|Forzbee has 10 seconds to reconnect!
|inactive|Forzbee has 5 seconds to reconnect!
|-message|Forzbee lost due to inactivity.
|
|win|rottenNobility
|raw|rottenNobility's rating: 1089 &rarr; <strong>1114</strong><br />(+25 for winning)
|raw|Forzbee's rating: 1068 &rarr; <strong>1049</strong><br />(-19 for losing)
|l|☆rottenNobility
|player|p1|
