|j|☆michael00000000
|j|☆yaotaiwon
|t:|1760390975
|gametype|singles
|player|p1|michael00000000|clair|1482
|player|p2|yaotaiwon|265|1503
|gen|9
|tier|[Gen 9] OU
|rated|
|rule|HP Percentage Mod: HP is shown in percentages
|rule|Endless Battle Clause: Forcing endless battles is banned
|rule|Species Clause: Limit one of each Pokémon
|rule|OHKO Clause: OHKO moves are banned
|rule|Evasion Items Clause: Evasion items are banned
|rule|Evasion Moves Clause: Evasion moves are banned
|rule|Evasion Abilities Clause: Evasion abilities are banned
|rule|Sleep Moves Clause: Sleep-inducing moves are banned
|clearpoke
|poke|p1|Gardevoir, F|
|poke|p1|Iron Valiant|
|poke|p1|Arcanine, M|
|poke|p1|Hatterene, F|
|poke|p1|Dragapult, F|
|poke|p1|Milotic, F|
|poke|p2|Indeedee, M|
|poke|p2|Latios, M|
|poke|p2|Hoopa-Unbound|
|poke|p2|Iron Boulder|
|poke|p2|Corviknight, F|
|poke|p2|Garganacl, M|
|teampreview
|
|t:|1760391034
|teamsize|p1|6
|teamsize|p2|6
|start
|switch|p1a: Hermé|Iron Valiant, shiny|100/100
|switch|p2a: Indeedee|Indeedee, M|100/100
|-fieldstart|move: Psychic Terrain|[from] ability: Psychic Surge|[of] p2a: Indeedee
|-enditem|p1a: Hermé|Booster Energy
|-activate|p1a: Hermé|ability: Quark Drive|[fromitem]
|-start|p1a: Hermé|quarkdrivespe
|turn|1
|
|t:|1760391043
|switch|p2a: Corviknight|Corviknight, F|100/100
|-ability|p2a: Corviknight|Pressure
|-terastallize|p1a: Hermé|Dark
|move|p1a: Hermé|Knock Off|p2a: Corviknight
|-damage|p2a: Corviknight|68/100
|-enditem|p2a: Corviknight|Leftovers|[from] move: Knock Off|[of] p1a: Hermé
|
|upkeep
|turn|2
|
|t:|1760391053
|-end|p1a: Hermé|Quark Drive|[silent]
|switch|p1a: Noir|Hatterene, F, shiny|100/100
|move|p2a: Corviknight|Roost|p2a: Corviknight
|-heal|p2a: Corviknight|100/100
|-singleturn|p2a: Corviknight|move: Roost
|
|upkeep
|turn|3
|
|t:|1760391057
|move|p2a: Corviknight|U-turn|p1a: Noir
|-damage|p1a: Noir|85/100
|
|t:|1760391058
|switch|p2a: Garganacl|Garganacl, M|100/100|[from] U-turn
|move|p1a: Noir|Future Sight|p2a: Garganacl
|-start|p1a: Noir|move: Future Sight
|
|upkeep
|turn|4
|
|t:|1760391061
|move|p2a: Garganacl|Salt Cure|p1a: Noir
|-damage|p1a: Noir|69/100
|-start|p1a: Noir|Salt Cure
|move|p1a: Noir|Giga Drain|p2a: Garganacl
|-supereffective|p2a: Garganacl
|-damage|p2a: Garganacl|49/100
|-heal|p1a: Noir|100/100|[from] drain|[of] p2a: Garganacl
|
|-heal|p2a: Garganacl|55/100|[from] item: Leftovers
|-damage|p1a: Noir|88/100|[from] Salt Cure
|upkeep
|turn|5
|
|t:|1760391072
|move|p2a: Garganacl|Protect|p2a: Garganacl
|-singleturn|p2a: Garganacl|Protect
|move|p1a: Noir|Draining Kiss|p2a: Garganacl
|-activate|p2a: Garganacl|move: Protect
|
|-end|p2a: Garganacl|move: Future Sight
|-damage|p2a: Garganacl|0 fnt
|faint|p2a: Garganacl
|-damage|p1a: Noir|76/100|[from] Salt Cure
|-fieldend|move: Psychic Terrain
|upkeep
|
|t:|1760391099
|switch|p2a: Latios|Latios, M|100/100
|turn|6
|
|t:|1760391108
|move|p2a: Latios|Shadow Ball|p1a: Noir
|-supereffective|p1a: Noir
|-damage|p1a: Noir|37/100
|-unboost|p1a: Noir|spd|1
|move|p1a: Noir|Draining Kiss|p2a: Latios
|-supereffective|p2a: Latios
|-crit|p2a: Latios
|-damage|p2a: Latios|15/100
|-heal|p1a: Noir|100/100|[from] drain|[of] p2a: Latios
|
|-damage|p1a: Noir|88/100|[from] Salt Cure
|upkeep
|turn|7
|
|t:|1760391116
|switch|p1a: Ceteres|Milotic, F, shiny|100/100
|move|p2a: Latios|Shadow Ball|p1a: Ceteres
|-damage|p1a: Ceteres|80/100
|
|-heal|p1a: Ceteres|86/100|[from] item: Leftovers
|upkeep
|turn|8
|
|t:|1760391121
|switch|p2a: Corviknight|Corviknight, F|100/100
|-ability|p2a: Corviknight|Pressure
|move|p1a: Ceteres|Ice Beam|p2a: Corviknight
|-damage|p2a: Corviknight|84/100
|
|-heal|p1a: Ceteres|92/100|[from] item: Leftovers
|upkeep
|turn|9
|
|t:|1760391123
|move|p1a: Ceteres|Scald|p2a: Corviknight
|-damage|p2a: Corviknight|61/100
|-status|p2a: Corviknight|brn
|move|p2a: Corviknight|U-turn|p1a: Ceteres
|-damage|p1a: Ceteres|87/100
|
|t:|1760391129
|switch|p2a: Indeedee|Indeedee, M|100/100|[from] U-turn
|-fieldstart|move: Psychic Terrain|[from] ability: Psychic Surge|[of] p2a: Indeedee
|
|-heal|p1a: Ceteres|93/100|[from] item: Leftovers
|upkeep
|turn|10
|
|t:|1760391139
|switch|p1a: Hermé|Iron Valiant, shiny, tera:Dark|100/100
|move|p2a: Indeedee|Expanding Force|p1a: Hermé
|-immune|p1a: Hermé
|
|upkeep
|turn|11
|
|t:|1760391143
|switch|p2a: Corviknight|Corviknight, F|61/100 brn
|-ability|p2a: Corviknight|Pressure
|move|p1a: Hermé|Brick Break|p2a: Corviknight
|-damage|p2a: Corviknight|35/100 brn
|
|-damage|p2a: Corviknight|29/100 brn|[from] brn
|upkeep
|turn|12
|
|t:|1760391153
|move|p1a: Hermé|Knock Off|p2a: Corviknight
|-damage|p2a: Corviknight|5/100 brn
|move|p2a: Corviknight|Roost|p2a: Corviknight
|-heal|p2a: Corviknight|55/100 brn
|-singleturn|p2a: Corviknight|move: Roost
|
|-damage|p2a: Corviknight|49/100 brn|[from] brn
|upkeep
|turn|13
|
|t:|1760391158
|-end|p1a: Hermé|Quark Drive|[silent]
|switch|p1a: Noir|Hatterene, F, shiny|88/100
|move|p2a: Corviknight|Roost|p2a: Corviknight
|-heal|p2a: Corviknight|99/100 brn
|-singleturn|p2a: Corviknight|move: Roost
|
|-damage|p2a: Corviknight|93/100 brn|[from] brn
|-fieldend|move: Psychic Terrain
|upkeep
|turn|14
|
|t:|1760391162
|move|p2a: Corviknight|Brave Bird|p1a: Noir
|-damage|p1a: Noir|68/100
|-damage|p2a: Corviknight|88/100 brn|[from] Recoil
|move|p1a: Noir|Future Sight|p2a: Corviknight
|-start|p1a: Noir|move: Future Sight
|
|-damage|p2a: Corviknight|82/100 brn|[from] brn
|upkeep
|turn|15
|
|t:|1760391166
|move|p2a: Corviknight|Brave Bird|p1a: Noir
|-damage|p1a: Noir|47/100
|-damage|p2a: Corviknight|76/100 brn|[from] Recoil
|move|p1a: Noir|Mystical Fire|p2a: Corviknight
|-supereffective|p2a: Corviknight
|-damage|p2a: Corviknight|26/100 brn
|-unboost|p2a: Corviknight|spa|1
|
|-damage|p2a: Corviknight|20/100 brn|[from] brn
|upkeep
|turn|16
|
|t:|1760391168
|move|p2a: Corviknight|Brave Bird|p1a: Noir
|-damage|p1a: Noir|27/100
|-damage|p2a: Corviknight|15/100 brn|[from] Recoil
|move|p1a: Noir|Draining Kiss|p2a: Corviknight
|-resisted|p2a: Corviknight
|-damage|p2a: Corviknight|3/100 brn
|-heal|p1a: Noir|40/100|[from] drain|[of] p2a: Corviknight
|
|-end|p2a: Corviknight|move: Future Sight
|-resisted|p2a: Corviknight
|-damage|p2a: Corviknight|0 fnt
|faint|p2a: Corviknight
|upkeep
|
|t:|1760391173
|switch|p2a: Hoopa|Hoopa-Unbound|100/100
|turn|17
|
|t:|1760391175
|move|p2a: Hoopa|Hyperspace Fury|p1a: Noir
|-damage|p1a: Noir|0 fnt
|-unboost|p2a: Hoopa|def|1
|faint|p1a: Noir
|
|upkeep
|
|t:|1760391181
|switch|p1a: Hermé|Iron Valiant, shiny, tera:Dark|100/100
|turn|18
|
|t:|1760391190
|switch|p2a: Latios|Latios, M|15/100
|move|p1a: Hermé|Knock Off|p2a: Latios
|-supereffective|p2a: Latios
|-damage|p2a: Latios|0 fnt
|-enditem|p2a: Latios|Psychic Seed|[from] move: Knock Off|[of] p1a: Hermé
|faint|p2a: Latios
|
|upkeep
|
|t:|1760391197
|switch|p2a: Iron Boulder|Iron Boulder|100/100
|-enditem|p2a: Iron Boulder|Booster Energy
|-activate|p2a: Iron Boulder|ability: Quark Drive|[fromitem]
|-start|p2a: Iron Boulder|quarkdrivespe
|turn|19
|
|t:|1760391212
|-terastallize|p2a: Iron Boulder|Fighting
|move|p2a: Iron Boulder|Swords Dance|p2a: Iron Boulder
|-boost|p2a: Iron Boulder|atk|2
|move|p1a: Hermé|Knock Off|p2a: Iron Boulder
|-resisted|p2a: Iron Boulder
|-damage|p2a: Iron Boulder|81/100
|
|upkeep
|turn|20
|
|t:|1760391219
|move|p2a: Iron Boulder|Mighty Cleave|p1a: Hermé
|-damage|p1a: Hermé|0 fnt
|faint|p1a: Hermé
|-end|p1a: Hermé|Quark Drive|[silent]
|
|upkeep
|
|t:|1760391225
|switch|p1a: Mercé|Dragapult, F, shiny|100/100
|turn|21
|
|t:|1760391228
|move|p2a: Iron Boulder|Mighty Cleave|p1a: Mercé
|-enditem|p1a: Mercé|Focus Sash
|-damage|p1a: Mercé|1/100
|move|p1a: Mercé|Will-O-Wisp|p2a: Iron Boulder
|-status|p2a: Iron Boulder|brn
|
|-damage|p2a: Iron Boulder|74/100 brn|[from] brn
|upkeep
|turn|22
|
|t:|1760391235
|move|p2a: Iron Boulder|Mighty Cleave|p1a: Mercé
|-damage|p1a: Mercé|0 fnt
|faint|p1a: Mercé
|
|-damage|p2a: Iron Boulder|68/100 brn|[from] brn
|upkeep
|
|t:|1760391238
|switch|p1a: Ceteres|Milotic, F, shiny|93/100
|turn|23
|
|t:|1760391243
|move|p2a: Iron Boulder|Mighty Cleave|p1a: Ceteres
|-damage|p1a: Ceteres|58/100
|move|p1a: Ceteres|Scald|p2a: Iron Boulder
|-damage|p2a: Iron Boulder|41/100 brn
|
|-heal|p1a: Ceteres|64/100|[from] item: Leftovers
|-damage|p2a: Iron Boulder|35/100 brn|[from] brn
|upkeep
|turn|24
|
|t:|1760391245
|move|p2a: Iron Boulder|Mighty Cleave|p1a: Ceteres
|-damage|p1a: Ceteres|30/100
|move|p1a: Ceteres|Recover|p1a: Ceteres
|-heal|p1a: Ceteres|80/100
|
|-heal|p1a: Ceteres|87/100|[from] item: Leftovers
|-damage|p2a: Iron Boulder|29/100 brn|[from] brn
|upkeep
|turn|25
|
|t:|1760391248
|move|p2a: Iron Boulder|Mighty Cleave|p1a: Ceteres
|-damage|p1a: Ceteres|51/100
|move|p1a: Ceteres|Haze|p1a: Ceteres
|-clearallboost
|
|-heal|p1a: Ceteres|57/100|[from] item: Leftovers
|-damage|p2a: Iron Boulder|22/100 brn|[from] brn
|upkeep
|turn|26
|
|t:|1760391251
|move|p2a: Iron Boulder|Swords Dance|p2a: Iron Boulder
|-boost|p2a: Iron Boulder|atk|2
|move|p1a: Ceteres|Recover|p1a: Ceteres
|-heal|p1a: Ceteres|100/100
|
|-damage|p2a: Iron Boulder|16/100 brn|[from] brn
|upkeep
|turn|27
|
|t:|1760391253
|move|p2a: Iron Boulder|Mighty Cleave|p1a: Ceteres
|-damage|p1a: Ceteres|67/100
|move|p1a: Ceteres|Scald|p2a: Iron Boulder
|-damage|p2a: Iron Boulder|0 fnt
|faint|p2a: Iron Boulder
|-end|p2a: Iron Boulder|Quark Drive|[silent]
|
|-heal|p1a: Ceteres|73/100|[from] item: Leftovers
|upkeep
|
|t:|1760391256
|switch|p2a: Indeedee|Indeedee, M|100/100
|-fieldstart|move: Psychic Terrain|[from] ability: Psychic Surge|[of] p2a: Indeedee
|turn|28
|
|t:|1760391266
|switch|p1a: Rhea|Gardevoir, F, shiny|100/100
|-ability|p1a: Rhea|Psychic Surge|Trace|[from] ability: Trace|[of] p2a: Indeedee
|move|p2a: Indeedee|Expanding Force|p1a: Rhea
|-resisted|p1a: Rhea
|-damage|p1a: Rhea|80/100
|
|upkeep
|turn|29
|
|t:|1760391268
|move|p2a: Indeedee|Expanding Force|p1a: Rhea
|-resisted|p1a: Rhea
|-damage|p1a: Rhea|58/100
|move|p1a: Rhea|Moonblast|p2a: Indeedee
|-crit|p2a: Indeedee
|-damage|p2a: Indeedee|0 fnt
|faint|p2a: Indeedee
|
|upkeep
|
|t:|1760391269
|switch|p2a: Hoopa|Hoopa-Unbound|100/100
|turn|30
|
|t:|1760391295
|move|p2a: Hoopa|Dark Pulse|p1a: Rhea
|-damage|p1a: Rhea|32/100
|cant|p1a: Rhea|flinch
|
|upkeep
|turn|31
|
|t:|1760391299
|move|p2a: Hoopa|Dark Pulse|p1a: Rhea
|-damage|p1a: Rhea|7/100
|move|p1a: Rhea|Moonblast|p2a: Hoopa
|-supereffective|p2a: Hoopa
|-damage|p2a: Hoopa|1/100
|-unboost|p2a: Hoopa|spa|1
|
|upkeep
|turn|32
|
|t:|1760391304
|move|p2a: Hoopa|Dark Pulse|p1a: Rhea
|-damage|p1a: Rhea|0 fnt
|faint|p1a: Rhea
|
|-fieldend|move: Psychic Terrain
|upkeep
|
|t:|1760391305
|switch|p1a: Nimbus|Arcanine, M|100/100
|-ability|p1a: Nimbus|Intimidate|boost
|-unboost|p2a: Hoopa|atk|1
|turn|33
|c|☆michael00000000|gg wp
|-message|yaotaiwon forfeited.
|
|win|michael00000000
|raw|michael00000000's rating: 1482 &rarr; <strong>1503</strong><br />(+21 for winning)
|raw|yaotaiwon's rating: 1503 &rarr; <strong>1482</strong><br />(-21 for losing)
|l|☆yaotaiwon
|player|p2|
|l|☆michael00000000
|player|p1|
