|j|☆gotissues
|j|☆GERAPR019
|t:|1760375628
|gametype|singles
|player|p1|gotissues|hiker-gen4|1121
|player|p2|GERAPR019|170|1178
|gen|9
|tier|[Gen 9] OU
|rated|
|rule|HP Percentage Mod: HP is shown in percentages
|rule|Endless Battle Clause: Forcing endless battles is banned
|rule|Species Clause: Limit one of each Pokémon
|rule|OHKO Clause: OHKO moves are banned
|rule|Evasion Items Clause: Evasion items are banned
|rule|Evasion Moves Clause: Evasion moves are banned
|rule|Evasion Abilities Clause: Evasion abilities are banned
|rule|Sleep Moves Clause: Sleep-inducing moves are banned
|clearpoke
|poke|p1|Slowking-Galar, M|
|poke|p1|Hoopa-Unbound|
|poke|p1|Zamazenta-*|
|poke|p1|Oricorio, F|
|poke|p1|Zoroark-Hisui, M|
|poke|p1|Goodra-Hisui, F|
|poke|p2|Lokix, M|
|poke|p2|Raging Bolt|
|poke|p2|Alomomola, F|
|poke|p2|Hatterene, F|
|poke|p2|Heatran, F|
|poke|p2|Great Tusk|
|teampreview
|inactive|Battle timer is ON: inactive players will automatically lose when time's up. (requested by gotissues)
|inactive|GERAPR019 has 120 seconds left.
|
|t:|1760375672
|teamsize|p1|6
|teamsize|p2|6
|start
|switch|p1a: Oricorio|Oricorio, F, shiny|100/100
|switch|p2a: Lokix|Lokix, M|100/100
|turn|1
|
|t:|1760375689
|switch|p1a: Goodra|Goodra-Hisui, F, shiny|100/100
|move|p2a: Lokix|Knock Off|p1a: Goodra
|-damage|p1a: Goodra|57/100
|-enditem|p1a: Goodra|Chesto Berry|[from] move: Knock Off|[of] p2a: Lokix
|
|upkeep
|turn|2
|
|t:|1760375702
|switch|p2a: Hatterene|Hatterene, F|100/100
|move|p1a: Goodra|Draco Meteor|p2a: Hatterene
|-immune|p2a: Hatterene
|
|upkeep
|turn|3
|
|t:|1760375713
|switch|p1a: Oricorio|Oricorio, F, shiny|100/100
|move|p2a: Hatterene|Nuzzle|p1a: Oricorio
|-supereffective|p1a: Oricorio
|-damage|p1a: Oricorio|90/100
|-status|p1a: Oricorio|par
|-enditem|p1a: Oricorio|Red Card|[of] p2a: Hatterene
|drag|p2a: Heatran|Heatran, F|100/100
|
|upkeep
|turn|4
|
|t:|1760375727
|move|p2a: Heatran|Stealth Rock|p1a: Oricorio
|-sidestart|p1: gotissues|move: Stealth Rock
|move|p1a: Oricorio|Quiver Dance|p1a: Oricorio
|-boost|p1a: Oricorio|spa|1
|-boost|p1a: Oricorio|spd|1
|-boost|p1a: Oricorio|spe|1
|
|upkeep
|turn|5
|
|t:|1760375743
|switch|p2a: Hatterene|Hatterene, F|100/100
|move|p1a: Oricorio|Quiver Dance|p1a: Oricorio
|-boost|p1a: Oricorio|spa|1
|-boost|p1a: Oricorio|spd|1
|-boost|p1a: Oricorio|spe|1
|
|upkeep
|turn|6
|
|t:|1760375752
|move|p1a: Oricorio|Quiver Dance|p1a: Oricorio
|-boost|p1a: Oricorio|spa|1
|-boost|p1a: Oricorio|spd|1
|-boost|p1a: Oricorio|spe|1
|move|p2a: Hatterene|Future Sight|p1a: Oricorio
|-start|p2a: Hatterene|move: Future Sight
|
|upkeep
|turn|7
|
|t:|1760375760
|move|p1a: Oricorio|Quiver Dance|p1a: Oricorio
|-boost|p1a: Oricorio|spa|1
|-boost|p1a: Oricorio|spd|1
|-boost|p1a: Oricorio|spe|1
|move|p2a: Hatterene|Psychic Noise|p1a: Oricorio
|-damage|p1a: Oricorio|78/100 par
|-start|p1a: Oricorio|move: Heal Block
|
|upkeep
|turn|8
|
|t:|1760375769
|move|p1a: Oricorio|Quiver Dance|p1a: Oricorio
|-boost|p1a: Oricorio|spa|1
|-boost|p1a: Oricorio|spd|1
|-boost|p1a: Oricorio|spe|1
|move|p2a: Hatterene|Psychic Noise|p1a: Oricorio
|-damage|p1a: Oricorio|66/100 par
|
|-end|p1a: Oricorio|move: Future Sight
|-damage|p1a: Oricorio|48/100 par
|-end|p1a: Oricorio|move: Heal Block
|upkeep
|turn|9
|
|t:|1760375781
|move|p1a: Oricorio|Roost|p1a: Oricorio
|-heal|p1a: Oricorio|98/100 par
|-singleturn|p1a: Oricorio|move: Roost
|move|p2a: Hatterene|Psychic Noise|p1a: Oricorio
|-damage|p1a: Oricorio|88/100 par
|-start|p1a: Oricorio|move: Heal Block
|
|upkeep
|turn|10
|
|t:|1760375791
|move|p1a: Oricorio|Quiver Dance|p1a: Oricorio
|-boost|p1a: Oricorio|spa|1
|-boost|p1a: Oricorio|spd|1
|-boost|p1a: Oricorio|spe|1
|move|p2a: Hatterene|Future Sight|p1a: Oricorio
|-start|p2a: Hatterene|move: Future Sight
|
|-end|p1a: Oricorio|move: Heal Block
|upkeep
|turn|11
|
|t:|1760375809
|move|p1a: Oricorio|Air Slash|p2a: Hatterene
|-damage|p2a: Hatterene|32/100
|move|p2a: Hatterene|Future Sight||[still]
|-fail|p2a: Hatterene
|
|upkeep
|turn|12
|
|t:|1760375817
|cant|p1a: Oricorio|par
|move|p2a: Hatterene|Psychic Noise|p1a: Oricorio
|-damage|p1a: Oricorio|78/100 par
|-start|p1a: Oricorio|move: Heal Block
|
|-end|p1a: Oricorio|move: Future Sight
|-damage|p1a: Oricorio|62/100 par
|upkeep
|turn|13
|
|t:|1760375829
|move|p1a: Oricorio|Air Slash|p2a: Hatterene
|-damage|p2a: Hatterene|0 fnt
|faint|p2a: Hatterene
|
|-end|p1a: Oricorio|move: Heal Block
|upkeep
|
|t:|1760375835
|switch|p2a: Lokix|Lokix, M|100/100
|turn|14
|
|t:|1760375848
|-terastallize|p2a: Lokix|Bug
|move|p2a: Lokix|First Impression|p1a: Oricorio
|-resisted|p1a: Oricorio
|-damage|p1a: Oricorio|2/100 par
|move|p1a: Oricorio|Roost|p1a: Oricorio
|-heal|p1a: Oricorio|52/100 par
|-singleturn|p1a: Oricorio|move: Roost
|
|upkeep
|turn|15
|
|t:|1760375861
|switch|p2a: Raging Bolt|Raging Bolt|100/100
|move|p1a: Oricorio|Roost|p1a: Oricorio
|-heal|p1a: Oricorio|100/100 par
|-singleturn|p1a: Oricorio|move: Roost
|
|upkeep
|turn|16
|c|☆GERAPR019|well good luck i guess
|-message|GERAPR019 forfeited.
|
|win|gotissues
|raw|gotissues's rating: 1121 &rarr; <strong>1150</strong><br />(+29 for winning)
|raw|GERAPR019's rating: 1178 &rarr; <strong>1149</strong><br />(-29 for losing)
|l|☆GERAPR019
|player|p2|
