|j|☆Sneasel Squad 彡
|j|‽Morthill
|t:|1760339910
|gametype|singles
|player|p1|Sneasel Squad 彡|silver|1225
|player|p2|Morthill|266|1235
|gen|9
|tier|[Gen 9] OU
|rated|
|rule|HP Percentage Mod: HP is shown in percentages
|rule|Endless Battle Clause: Forcing endless battles is banned
|rule|Species Clause: Limit one of each Pokémon
|rule|OHKO Clause: OHKO moves are banned
|rule|Evasion Items Clause: Evasion items are banned
|rule|Evasion Moves Clause: Evasion moves are banned
|rule|Evasion Abilities Clause: Evasion abilities are banned
|rule|Sleep Moves Clause: Sleep-inducing moves are banned
|clearpoke
|poke|p1|Samurott-Hisui, M|
|poke|p1|Dragonite, M|
|poke|p1|Kingambit, M|
|poke|p1|Iron Moth|
|poke|p1|Iron Valiant|
|poke|p1|Moltres-Galar|
|poke|p2|Slowking-Galar, M|
|poke|p2|Ninetales-Alola, M|
|poke|p2|Cetitan, M|
|poke|p2|Frosmoth, M|
|poke|p2|Avalugg, M|
|poke|p2|Kyurem|
|teampreview
|inactive|Battle timer is ON: inactive players will automatically lose when time's up. (requested by Morthill)
|inactive|Sneasel Squad 彡 also wants the timer to be on.
|
|t:|1760339913
|teamsize|p1|6
|teamsize|p2|6
|start
|switch|p1a: Moltres|Moltres-Galar|100/100
|switch|p2a: Ninetales|Ninetales-Alola, M|100/100
|-weather|Snowscape|[from] ability: Snow Warning|[of] p2a: Ninetales
|turn|1
|
|t:|1760339919
|move|p2a: Ninetales|Aurora Veil|p2a: Ninetales
|-sidestart|p2: Morthill|move: Aurora Veil
|move|p1a: Moltres|Fiery Wrath|p2a: Ninetales
|-resisted|p2a: Ninetales
|-damage|p2a: Ninetales|88/100
|
|-weather|Snowscape|[upkeep]
|upkeep
|turn|2
|
|t:|1760339931
|move|p2a: Ninetales|Moonblast|p1a: Moltres
|-supereffective|p1a: Moltres
|-damage|p1a: Moltres|43/100
|-ability|p1a: Moltres|Berserk|boost
|-boost|p1a: Moltres|spa|1
|-enditem|p1a: Moltres|Sitrus Berry|[eat]
|-heal|p1a: Moltres|67/100|[from] item: Sitrus Berry
|move|p1a: Moltres|Nasty Plot|p1a: Moltres
|-boost|p1a: Moltres|spa|2
|
|-weather|Snowscape|[upkeep]
|upkeep
|turn|3
|
|t:|1760339944
|switch|p2a: Frosmoth|Frosmoth, M, shiny|100/100
|move|p1a: Moltres|Agility|p1a: Moltres
|-boost|p1a: Moltres|spe|2
|
|-weather|Snowscape|[upkeep]
|upkeep
|turn|4
|
|t:|1760339950
|move|p1a: Moltres|Fiery Wrath|p2a: Frosmoth
|-damage|p2a: Frosmoth|79/100
|move|p2a: Frosmoth|Quiver Dance|p2a: Frosmoth
|-boost|p2a: Frosmoth|spa|1
|-boost|p2a: Frosmoth|spd|1
|-boost|p2a: Frosmoth|spe|1
|
|-weather|Snowscape|[upkeep]
|upkeep
|turn|5
|
|t:|1760339954
|move|p1a: Moltres|Nasty Plot|p1a: Moltres
|-boost|p1a: Moltres|spa|2
|move|p2a: Frosmoth|Quiver Dance|p2a: Frosmoth
|-boost|p2a: Frosmoth|spa|1
|-boost|p2a: Frosmoth|spd|1
|-boost|p2a: Frosmoth|spe|1
|
|-weather|Snowscape|[upkeep]
|-sideend|p2: Morthill|move: Aurora Veil
|upkeep
|turn|6
|
|t:|1760339956
|move|p1a: Moltres|Nasty Plot|p1a: Moltres
|-boost|p1a: Moltres|spa|1
|move|p2a: Frosmoth|Quiver Dance|p2a: Frosmoth
|-boost|p2a: Frosmoth|spa|1
|-boost|p2a: Frosmoth|spd|1
|-boost|p2a: Frosmoth|spe|1
|
|-weather|Snowscape|[upkeep]
|upkeep
|turn|7
|
|t:|1760339958
|move|p1a: Moltres|Agility|p1a: Moltres
|-boost|p1a: Moltres|spe|2
|move|p2a: Frosmoth|Quiver Dance|p2a: Frosmoth
|-boost|p2a: Frosmoth|spa|1
|-boost|p2a: Frosmoth|spd|1
|-boost|p2a: Frosmoth|spe|1
|
|-weather|Snowscape|[upkeep]
|upkeep
|turn|8
|
|t:|1760339963
|move|p1a: Moltres|Fiery Wrath|p2a: Frosmoth
|-damage|p2a: Frosmoth|52/100
|move|p2a: Frosmoth|Ice Beam|p1a: Moltres
|-supereffective|p1a: Moltres
|-damage|p1a: Moltres|0 fnt
|faint|p1a: Moltres
|
|-weather|none
|upkeep
|
|t:|1760339968
|switch|p1a: Iron Valiant|Iron Valiant|100/100
|-enditem|p1a: Iron Valiant|Booster Energy
|-activate|p1a: Iron Valiant|ability: Quark Drive|[fromitem]
|-start|p1a: Iron Valiant|quarkdrivespe
|turn|9
|
|t:|1760339981
|move|p1a: Iron Valiant|Destiny Bond|p1a: Iron Valiant
|-singlemove|p1a: Iron Valiant|Destiny Bond
|move|p2a: Frosmoth|Giga Drain|p1a: Iron Valiant
|-damage|p1a: Iron Valiant|0 fnt
|-heal|p2a: Frosmoth|99/100|[from] drain|[of] p1a: Iron Valiant
|faint|p1a: Iron Valiant
|-activate|p1a: Iron Valiant|move: Destiny Bond
|-end|p1a: Iron Valiant|Quark Drive|[silent]
|faint|p2a: Frosmoth
|
|upkeep
|
|t:|1760339987
|switch|p1a: Dragonite|Dragonite, M|100/100
|switch|p2a: Ninetales|Ninetales-Alola, M|88/100
|-weather|Snowscape|[from] ability: Snow Warning|[of] p2a: Ninetales
|turn|10
|
|t:|1760339993
|move|p2a: Ninetales|Freeze-Dry|p1a: Dragonite
|-supereffective|p1a: Dragonite
|-damage|p1a: Dragonite|45/100
|move|p1a: Dragonite|Dragon Dance|p1a: Dragonite
|-boost|p1a: Dragonite|atk|1
|-boost|p1a: Dragonite|spe|1
|
|-weather|Snowscape|[upkeep]
|upkeep
|turn|11
|
|t:|1760339997
|-terastallize|p1a: Dragonite|Normal
|move|p1a: Dragonite|Extreme Speed|p2a: Ninetales
|-damage|p2a: Ninetales|11/100
|move|p2a: Ninetales|Freeze-Dry|p1a: Dragonite
|-damage|p1a: Dragonite|16/100
|
|-weather|Snowscape|[upkeep]
|upkeep
|turn|12
|
|t:|1760340005
|switch|p2a: Avalugg|Avalugg, M, shiny|100/100
|move|p1a: Dragonite|Extreme Speed|p2a: Avalugg
|-damage|p2a: Avalugg|82/100
|-damage|p1a: Dragonite|0 fnt|[from] item: Rocky Helmet|[of] p2a: Avalugg
|faint|p1a: Dragonite
|
|-weather|Snowscape|[upkeep]
|-heal|p2a: Avalugg|88/100|[from] ability: Ice Body
|upkeep
|
|t:|1760340015
|switch|p1a: Kingambit|Kingambit, M|100/100
|-activate|p1a: Kingambit|ability: Supreme Overlord
|-start|p1a: Kingambit|fallen3|[silent]
|-item|p1a: Kingambit|Air Balloon
|turn|13
|
|t:|1760340018
|move|p1a: Kingambit|Swords Dance|p1a: Kingambit
|-boost|p1a: Kingambit|atk|2
|move|p2a: Avalugg|Body Press|p1a: Kingambit
|-supereffective|p1a: Kingambit
|-damage|p1a: Kingambit|0 fnt
|-enditem|p1a: Kingambit|Air Balloon
|faint|p1a: Kingambit
|-end|p1a: Kingambit|fallen3|[silent]
|
|-weather|Snowscape|[upkeep]
|-heal|p2a: Avalugg|94/100|[from] ability: Ice Body
|upkeep
|
|t:|1760340022
|switch|p1a: Iron Moth|Iron Moth|100/100
|-enditem|p1a: Iron Moth|Booster Energy
|-activate|p1a: Iron Moth|ability: Quark Drive|[fromitem]
|-start|p1a: Iron Moth|quarkdrivespe
|turn|14
|
|t:|1760340026
|switch|p2a: Slowking|Slowking-Galar, M|100/100
|move|p1a: Iron Moth|Fiery Dance|p2a: Slowking
|-damage|p2a: Slowking|80/100
|-boost|p1a: Iron Moth|spa|1
|
|-weather|Snowscape|[upkeep]
|upkeep
|turn|15
|
|t:|1760340032
|move|p1a: Iron Moth|Fiery Dance|p2a: Slowking
|-damage|p2a: Slowking|49/100
|move|p2a: Slowking|Psychic|p1a: Iron Moth
|-supereffective|p1a: Iron Moth
|-damage|p1a: Iron Moth|0 fnt
|faint|p1a: Iron Moth
|-end|p1a: Iron Moth|Quark Drive|[silent]
|
|-weather|Snowscape|[upkeep]
|upkeep
|
|t:|1760340035
|switch|p1a: Samurott|Samurott-Hisui, M|100/100
|turn|16
|
|t:|1760340039
|switch|p2a: Avalugg|Avalugg, M, shiny|94/100
|move|p1a: Samurott|Sucker Punch||[still]
|-fail|p1a: Samurott
|
|-weather|Snowscape|[upkeep]
|-heal|p2a: Avalugg|100/100|[from] ability: Ice Body
|upkeep
|turn|17
|
|t:|1760340052
|move|p1a: Samurott|Ceaseless Edge|p2a: Avalugg
|-damage|p2a: Avalugg|87/100
|-damage|p1a: Samurott|84/100|[from] item: Rocky Helmet|[of] p2a: Avalugg
|-sidestart|p2: Morthill|Spikes
|move|p2a: Avalugg|Body Press|p1a: Samurott
|-supereffective|p1a: Samurott
|-damage|p1a: Samurott|0 fnt
|faint|p1a: Samurott
|
|win|Morthill
|raw|Sneasel Squad 彡's rating: 1225 &rarr; <strong>1201</strong><br />(-24 for losing)
|raw|Morthill's rating: 1235 &rarr; <strong>1259</strong><br />(+24 for winning)
|l|‽Morthill
|player|p2|
|l|☆Sneasel Squad 彡
|player|p1|
