|j|☆Johnny tots
|j|☆Moreiny
|t:|1760307572
|gametype|singles
|player|p1|Johnny tots|102|1813
|player|p2|Moreiny|170|1791
|gen|9
|tier|[Gen 9] OU
|rated|
|rule|HP Percentage Mod: HP is shown in percentages
|rule|Endless Battle Clause: Forcing endless battles is banned
|rule|Species Clause: Limit one of each Pokémon
|rule|OHKO Clause: OHKO moves are banned
|rule|Evasion Items Clause: Evasion items are banned
|rule|Evasion Moves Clause: Evasion moves are banned
|rule|Evasion Abilities Clause: Evasion abilities are banned
|rule|Sleep Moves Clause: Sleep-inducing moves are banned
|clearpoke
|poke|p1|Rillaboom, M|
|poke|p1|Klefki, F|
|poke|p1|Manaphy|
|poke|p1|Ogerpon-Wellspring, F|
|poke|p1|Slowbro-Galar, F|
|poke|p1|Clefable, F|
|poke|p2|Indeedee, M|
|poke|p2|Great Tusk|
|poke|p2|Iron Crown|
|poke|p2|Polteageist|
|poke|p2|Hawlucha, M|
|poke|p2|Deoxys-Speed|
|teampreview
|inactive|Battle timer is ON: inactive players will automatically lose when time's up. (requested by Johnny tots)
|j| mem0r
|
|t:|1760307581
|teamsize|p1|6
|teamsize|p2|6
|start
|switch|p1a: Klefki|Klefki, F|100/100
|switch|p2a: Indeedee|Indeedee, M|100/100
|-fieldstart|move: Psychic Terrain|[from] ability: Psychic Surge|[of] p2a: Indeedee
|turn|1
|j| crowv2
|
|t:|1760307586
|move|p1a: Klefki|Light Screen|p1a: Klefki
|-sidestart|p1: Johnny tots|move: Light Screen
|move|p2a: Indeedee|Encore|p1a: Klefki
|-start|p1a: Klefki|Encore
|
|upkeep
|turn|2
|
|t:|1760307589
|switch|p2a: Great Tusk|Great Tusk|100/100
|switch|p1a: Rillaboom|Rillaboom, M|100/100
|-fieldstart|move: Grassy Terrain|[from] ability: Grassy Surge|[of] p1a: Rillaboom
|
|upkeep
|turn|3
|
|t:|1760307593
|switch|p1a: Klefki|Klefki, F|100/100
|move|p2a: Great Tusk|Knock Off|p1a: Klefki
|-resisted|p1a: Klefki
|-damage|p1a: Klefki|90/100
|-enditem|p1a: Klefki|Light Clay|[from] move: Knock Off|[of] p2a: Great Tusk
|
|-heal|p1a: Klefki|96/100|[from] Grassy Terrain
|upkeep
|turn|4
|
|t:|1760307599
|-end|p2a: Great Tusk|Protosynthesis|[silent]
|switch|p2a: Indeedee|Indeedee, M|100/100
|-fieldstart|move: Psychic Terrain|[from] ability: Psychic Surge|[of] p2a: Indeedee
|move|p1a: Klefki|Reflect|p1a: Klefki
|-sidestart|p1: Johnny tots|Reflect
|
|upkeep
|turn|5
|
|t:|1760307606
|move|p1a: Klefki|Spikes|p2a: Indeedee
|-sidestart|p2: Moreiny|Spikes
|move|p2a: Indeedee|Expanding Force|p1a: Klefki
|-resisted|p1a: Klefki
|-damage|p1a: Klefki|73/100
|
|upkeep
|turn|6
|
|t:|1760307610
|switch|p2a: Great Tusk|Great Tusk|100/100
|-damage|p2a: Great Tusk|88/100|[from] Spikes
|switch|p1a: Rillaboom|Rillaboom, M|100/100
|-fieldstart|move: Grassy Terrain|[from] ability: Grassy Surge|[of] p1a: Rillaboom
|
|-heal|p2a: Great Tusk|94/100|[from] Grassy Terrain
|upkeep
|turn|7
|
|t:|1760307619
|switch|p1a: Ogerpon|Ogerpon-Wellspring, F|100/100
|move|p2a: Great Tusk|Rapid Spin|p1a: Ogerpon
|-damage|p1a: Ogerpon|91/100
|-boost|p2a: Great Tusk|spe|1
|-sideend|p2: Moreiny|Spikes|[from] move: Rapid Spin|[of] p2a: Great Tusk
|
|-heal|p1a: Ogerpon|97/100|[from] Grassy Terrain
|-heal|p2a: Great Tusk|100/100|[from] Grassy Terrain
|upkeep
|turn|8
|l|☆Johnny tots
|inactive|Johnny tots disconnected and has a minute to reconnect!
|player|p1|
|j| Zombini62
|
|t:|1760307635
|-end|p2a: Great Tusk|Protosynthesis|[silent]
|switch|p2a: Iron Crown|Iron Crown|100/100
|move|p1a: Ogerpon|Swords Dance|p1a: Ogerpon
|-boost|p1a: Ogerpon|atk|2
|
|-heal|p1a: Ogerpon|100/100|[from] Grassy Terrain
|-sideend|p1: Johnny tots|Reflect
|-sideend|p1: Johnny tots|move: Light Screen
|upkeep
|turn|9
|j|☆Johnny tots
|inactive|Johnny tots reconnected and has 145 seconds left.
|player|p1|Johnny tots|102|
|
|t:|1760307647
|move|p1a: Ogerpon|Ivy Cudgel|p2a: Iron Crown|[anim] Ivy Cudgel Water
|-damage|p2a: Iron Crown|0 fnt
|faint|p2a: Iron Crown
|-end|p2a: Iron Crown|Quark Drive|[silent]
|
|upkeep
|
|t:|1760307650
|switch|p2a: Indeedee|Indeedee, M|100/100
|-fieldstart|move: Psychic Terrain|[from] ability: Psychic Surge|[of] p2a: Indeedee
|turn|10
|j| KappaHalo
|
|t:|1760307657
|switch|p2a: Great Tusk|Great Tusk|100/100
|move|p1a: Ogerpon|Ivy Cudgel|p2a: Great Tusk|[anim] Ivy Cudgel Water
|-supereffective|p2a: Great Tusk
|-damage|p2a: Great Tusk|0 fnt
|faint|p2a: Great Tusk
|-end|p2a: Great Tusk|Protosynthesis|[silent]
|
|upkeep
|
|t:|1760307661
|switch|p2a: Polteageist|Polteageist|100/100
|turn|11
|
|t:|1760307667
|move|p1a: Ogerpon|Ivy Cudgel|p2a: Polteageist|[anim] Ivy Cudgel Water
|-enditem|p2a: Polteageist|Focus Sash
|-damage|p2a: Polteageist|1/100
|-ability|p2a: Polteageist|Weak Armor|boost
|-unboost|p2a: Polteageist|def|1
|-boost|p2a: Polteageist|spe|2
|move|p2a: Polteageist|Shell Smash|p2a: Polteageist
|-unboost|p2a: Polteageist|def|1
|-unboost|p2a: Polteageist|spd|1
|-boost|p2a: Polteageist|atk|2
|-boost|p2a: Polteageist|spa|2
|-boost|p2a: Polteageist|spe|2
|
|upkeep
|turn|12
|j| Powerpuffmoves
|
|t:|1760307677
|move|p2a: Polteageist|Stored Power|p1a: Ogerpon
|-damage|p1a: Ogerpon|0 fnt
|faint|p1a: Ogerpon
|
|upkeep
|
|t:|1760307679
|switch|p1a: Rillaboom|Rillaboom, M|100/100
|-fieldstart|move: Grassy Terrain|[from] ability: Grassy Surge|[of] p1a: Rillaboom
|turn|13
|
|t:|1760307682
|switch|p2a: Indeedee|Indeedee, M|100/100
|-fieldstart|move: Psychic Terrain|[from] ability: Psychic Surge|[of] p2a: Indeedee
|move|p1a: Rillaboom|Grassy Glide|p2a: Indeedee
|-damage|p2a: Indeedee|41/100
|
|upkeep
|turn|14
|
|t:|1760307685
|switch|p1a: Klefki|Klefki, F|73/100
|move|p2a: Indeedee|Expanding Force|p1a: Klefki
|-resisted|p1a: Klefki
|-damage|p1a: Klefki|33/100
|
|upkeep
|turn|15
|
|t:|1760307690
|move|p1a: Klefki|Light Screen|p1a: Klefki
|-sidestart|p1: Johnny tots|move: Light Screen
|move|p2a: Indeedee|Encore|p1a: Klefki
|-start|p1a: Klefki|Encore
|
|upkeep
|turn|16
|l|☆Johnny tots
|inactive|Johnny tots disconnected and has a minute to reconnect!
|player|p1|
|j|☆Johnny tots
|inactive|Johnny tots reconnected and has 135 seconds left.
|player|p1|Johnny tots|102|
|
|t:|1760307711
|switch|p1a: Clefable|Clefable, F|100/100
|move|p2a: Indeedee|Expanding Force|p1a: Clefable
|-damage|p1a: Clefable|65/100
|
|-heal|p1a: Clefable|71/100|[from] item: Leftovers
|upkeep
|turn|17
|
|t:|1760307717
|move|p2a: Indeedee|Expanding Force|p1a: Clefable
|-damage|p1a: Clefable|37/100
|move|p1a: Clefable|Moonblast|p2a: Indeedee
|-damage|p2a: Indeedee|0 fnt
|faint|p2a: Indeedee
|
|-heal|p1a: Clefable|43/100|[from] item: Leftovers
|upkeep
|
|t:|1760307721
|switch|p2a: Hawlucha|Hawlucha, M|100/100
|-enditem|p2a: Hawlucha|Psychic Seed
|-boost|p2a: Hawlucha|spd|1|[from] item: Psychic Seed
|turn|18
|
|t:|1760307727
|move|p2a: Hawlucha|Acrobatics|p1a: Clefable
|-damage|p1a: Clefable|0 fnt
|faint|p1a: Clefable
|
|upkeep
|
|t:|1760307730
|switch|p1a: Rillaboom|Rillaboom, M|100/100
|-fieldstart|move: Grassy Terrain|[from] ability: Grassy Surge|[of] p1a: Rillaboom
|turn|19
|
|t:|1760307737
|move|p2a: Hawlucha|Acrobatics|p1a: Rillaboom
|-supereffective|p1a: Rillaboom
|-crit|p1a: Rillaboom
|-damage|p1a: Rillaboom|0 fnt
|faint|p1a: Rillaboom
|
|-sideend|p1: Johnny tots|move: Light Screen
|upkeep
|
|t:|1760307739
|switch|p1a: Klefki|Klefki, F|33/100
|turn|20
|
|t:|1760307750
|move|p1a: Klefki|Reflect|p1a: Klefki
|-sidestart|p1: Johnny tots|Reflect
|move|p2a: Hawlucha|Close Combat|p1a: Klefki
|-damage|p1a: Klefki|12/100
|-unboost|p2a: Hawlucha|def|1
|-unboost|p2a: Hawlucha|spd|1
|
|-heal|p1a: Klefki|18/100|[from] Grassy Terrain
|upkeep
|turn|21
|
|t:|1760307762
|-terastallize|p2a: Hawlucha|Steel
|move|p1a: Klefki|Thunder Wave|p2a: Hawlucha
|-status|p2a: Hawlucha|par
|cant|p2a: Hawlucha|par
|
|-heal|p1a: Klefki|24/100|[from] Grassy Terrain
|upkeep
|turn|22
|
|t:|1760307769
|move|p1a: Klefki|Spikes|p2a: Hawlucha
|-sidestart|p2: Moreiny|Spikes
|move|p2a: Hawlucha|Swords Dance|p2a: Hawlucha
|-boost|p2a: Hawlucha|atk|2
|
|-heal|p1a: Klefki|30/100|[from] Grassy Terrain
|upkeep
|turn|23
|
|t:|1760307777
|switch|p1a: Slowbro|Slowbro-Galar, F|100/100
|move|p2a: Hawlucha|Swords Dance|p2a: Hawlucha
|-boost|p2a: Hawlucha|atk|2
|
|upkeep
|turn|24
|
|t:|1760307780
|cant|p2a: Hawlucha|par
|move|p1a: Slowbro|Flamethrower|p2a: Hawlucha
|-supereffective|p2a: Hawlucha
|-damage|p2a: Hawlucha|11/100 par
|
|-heal|p2a: Hawlucha|17/100 par|[from] Grassy Terrain
|-sideend|p1: Johnny tots|Reflect
|upkeep
|turn|25
|
|t:|1760307785
|cant|p2a: Hawlucha|par
|move|p1a: Slowbro|Flamethrower|p2a: Hawlucha
|-supereffective|p2a: Hawlucha
|-damage|p2a: Hawlucha|0 fnt
|faint|p2a: Hawlucha
|
|upkeep
|
|t:|1760307788
|switch|p2a: Deoxys|Deoxys-Speed|100/100
|-damage|p2a: Deoxys|88/100|[from] Spikes
|-ability|p2a: Deoxys|Pressure
|turn|26
|l|☆Johnny tots
|inactive|Johnny tots disconnected and has a minute to reconnect!
|player|p1|
|j| Ricks Piano
|j|☆Johnny tots
|inactive|Johnny tots reconnected and has 140 seconds left.
|player|p1|Johnny tots|102|
|
|t:|1760307804
|move|p2a: Deoxys|Expanding Force|p1a: Slowbro
|-damage|p1a: Slowbro|56/100
|move|p1a: Slowbro|Sludge Bomb|p2a: Deoxys
|-damage|p2a: Deoxys|20/100
|
|-heal|p2a: Deoxys|26/100|[from] Grassy Terrain
|-heal|p1a: Slowbro|62/100|[from] Grassy Terrain
|-fieldend|move: Grassy Terrain
|upkeep
|turn|27
|
|t:|1760307811
|move|p2a: Deoxys|Meteor Beam||[still]
|-prepare|p2a: Deoxys|Meteor Beam
|-boost|p2a: Deoxys|spa|1
|-enditem|p2a: Deoxys|Power Herb
|-anim|p2a: Deoxys|Meteor Beam|p1a: Slowbro
|-damage|p1a: Slowbro|0 fnt
|faint|p1a: Slowbro
|
|upkeep
|
|t:|1760307813
|switch|p1a: Klefki|Klefki, F|30/100
|turn|28
|l| Ricks Piano
|
|t:|1760307819
|move|p1a: Klefki|Light Screen|p1a: Klefki
|-sidestart|p1: Johnny tots|move: Light Screen
|move|p2a: Deoxys|Shadow Ball|p1a: Klefki
|-damage|p1a: Klefki|7/100
|
|upkeep
|turn|29
|
|t:|1760307825
|switch|p2a: Polteageist|Polteageist|1/100
|-damage|p2a: Polteageist|0 fnt|[from] Spikes
|faint|p2a: Polteageist
|move|p1a: Klefki|Thunder Wave|p2: Polteageist|[notarget]
|-fail|p1a: Klefki
|
|upkeep
|
|t:|1760307829
|switch|p2a: Deoxys|Deoxys-Speed|26/100
|-damage|p2a: Deoxys|13/100|[from] Spikes
|-ability|p2a: Deoxys|Pressure
|turn|30
|
|t:|1760307831
|switch|p1a: Manaphy|Manaphy|100/100
|move|p2a: Deoxys|Expanding Force|p1a: Manaphy
|-damage|p1a: Manaphy|83/100
|
|-heal|p1a: Manaphy|89/100|[from] item: Leftovers
|upkeep
|turn|31
|
|t:|1760307834
|move|p2a: Deoxys|Shadow Ball|p1a: Manaphy
|-damage|p1a: Manaphy|78/100
|move|p1a: Manaphy|Scald|p2a: Deoxys
|-damage|p2a: Deoxys|0 fnt
|faint|p2a: Deoxys
|
|win|Johnny tots
|raw|Johnny tots's rating: 1813 &rarr; <strong>1832</strong><br />(+19 for winning)
|raw|Moreiny's rating: 1791 &rarr; <strong>1772</strong><br />(-19 for losing)
|l|☆Moreiny
|player|p2|
|l|☆Johnny tots
|player|p1|
|l| Zombini62
|l| crowv2
|l| KappaHalo
