|j|☆Gjopoppoppppavaun
|j|☆wanna go home pls
|t:|1760441325
|gametype|singles
|player|p1|Gjopoppoppppavaun|pokemaniac|1135
|player|p2|wanna go home pls|cynthia-gen4|1079
|gen|9
|tier|[Gen 9] OU
|rated|
|rule|HP Percentage Mod: HP is shown in percentages
|rule|Endless Battle Clause: Forcing endless battles is banned
|rule|Species Clause: Limit one of each Pokémon
|rule|OHKO Clause: OHKO moves are banned
|rule|Evasion Items Clause: Evasion items are banned
|rule|Evasion Moves Clause: Evasion moves are banned
|rule|Evasion Abilities Clause: Evasion abilities are banned
|rule|Sleep Moves Clause: Sleep-inducing moves are banned
|clearpoke
|poke|p1|Toedscruel, F|
|poke|p1|Gliscor, M|
|poke|p1|Meowscarada, M|
|poke|p1|Walking Wake|
|poke|p1|Torkoal, M|
|poke|p1|Bellossom, M|
|poke|p2|Garchomp, F|
|poke|p2|Tyranitar, M|
|poke|p2|Excadrill, M|
|poke|p2|Rotom-Wash|
|poke|p2|Pecharunt|
|poke|p2|Kingambit, F|
|teampreview
|inactive|Battle timer is ON: inactive players will automatically lose when time's up. (requested by Gjopoppoppppavaun)
|
|t:|1760441351
|teamsize|p1|6
|teamsize|p2|6
|start
|switch|p1a: ToadisCool|Toedscruel, F, shiny|100/100
|switch|p2a: Rotom|Rotom-Wash|100/100
|turn|1
|
|t:|1760441360
|move|p1a: ToadisCool|Knock Off|p2a: Rotom
|-damage|p2a: Rotom|88/100
|-enditem|p2a: Rotom|Leftovers|[from] move: Knock Off|[of] p1a: ToadisCool
|move|p2a: Rotom|Will-O-Wisp|p1a: ToadisCool|[miss]
|-miss|p2a: Rotom|p1a: ToadisCool
|
|upkeep
|turn|2
|
|t:|1760441382
|switch|p1a: Tyranocune|Walking Wake|100/100
|-enditem|p1a: Tyranocune|Booster Energy
|-activate|p1a: Tyranocune|ability: Protosynthesis|[fromitem]
|-start|p1a: Tyranocune|protosynthesisspa
|move|p2a: Rotom|Will-O-Wisp|p1a: Tyranocune
|-status|p1a: Tyranocune|brn
|
|-damage|p1a: Tyranocune|94/100 brn|[from] brn
|upkeep
|turn|3
|
|t:|1760441400
|move|p1a: Tyranocune|Draco Meteor|p2a: Rotom
|-damage|p2a: Rotom|0 fnt
|-unboost|p1a: Tyranocune|spa|2
|faint|p2a: Rotom
|
|-damage|p1a: Tyranocune|88/100 brn|[from] brn
|upkeep
|
|t:|1760441406
|switch|p2a: Tyranitar|Tyranitar, M|100/100
|-weather|Sandstorm|[from] ability: Sand Stream|[of] p2a: Tyranitar
|turn|4
|
|t:|1760441409
|move|p1a: Tyranocune|Flip Turn|p2a: Tyranitar
|-supereffective|p2a: Tyranitar
|-damage|p2a: Tyranitar|91/100
|
|t:|1760441412
|-end|p1a: Tyranocune|Protosynthesis|[silent]
|switch|p1a: Tortles|Torkoal, M, shiny|100/100|[from] Flip Turn
|-weather|SunnyDay|[from] ability: Drought|[of] p1a: Tortles
|move|p2a: Tyranitar|Stealth Rock|p1a: Tortles
|-sidestart|p1: Gjopoppoppppavaun|move: Stealth Rock
|
|-weather|SunnyDay|[upkeep]
|upkeep
|turn|5
|
|t:|1760441421
|move|p2a: Tyranitar|Thunder Wave|p1a: Tortles
|-status|p1a: Tortles|par
|cant|p1a: Tortles|par
|
|-weather|SunnyDay|[upkeep]
|upkeep
|turn|6
|
|t:|1760441427
|move|p2a: Tyranitar|Knock Off|p1a: Tortles
|-damage|p1a: Tortles|68/100 par
|-enditem|p1a: Tortles|Heavy-Duty Boots|[from] move: Knock Off|[of] p2a: Tyranitar
|move|p1a: Tortles|Will-O-Wisp|p2a: Tyranitar
|-status|p2a: Tyranitar|brn
|
|-weather|SunnyDay|[upkeep]
|-damage|p2a: Tyranitar|85/100 brn|[from] brn
|upkeep
|turn|7
|
|t:|1760441445
|move|p2a: Tyranitar|Knock Off|p1a: Tortles
|-damage|p1a: Tortles|57/100 par
|move|p1a: Tortles|Rapid Spin|p2a: Tyranitar
|-resisted|p2a: Tyranitar
|-damage|p2a: Tyranitar|82/100 brn
|-boost|p1a: Tortles|spe|1
|-sideend|p1: Gjopoppoppppavaun|Stealth Rock|[from] move: Rapid Spin|[of] p1a: Tortles
|
|-weather|SunnyDay|[upkeep]
|-damage|p2a: Tyranitar|76/100 brn|[from] brn
|upkeep
|turn|8
|
|t:|1760441460
|cant|p1a: Tortles|par
|move|p2a: Tyranitar|Stealth Rock|p1a: Tortles
|-sidestart|p1: Gjopoppoppppavaun|move: Stealth Rock
|
|-weather|none
|-damage|p2a: Tyranitar|70/100 brn|[from] brn
|upkeep
|turn|9
|
|t:|1760441466
|switch|p2a: Excadrill|Excadrill, M|100/100
|move|p1a: Tortles|Rapid Spin|p2a: Excadrill
|-resisted|p2a: Excadrill
|-damage|p2a: Excadrill|94/100
|-boost|p1a: Tortles|spe|1
|-sideend|p1: Gjopoppoppppavaun|Stealth Rock|[from] move: Rapid Spin|[of] p1a: Tortles
|
|upkeep
|turn|10
|
|t:|1760441477
|switch|p1a: Rocks|Gliscor, M|100/100
|move|p2a: Excadrill|Rock Slide|p1a: Rocks
|-damage|p1a: Rocks|63/100
|-damage|p2a: Excadrill|84/100|[from] item: Life Orb
|
|-status|p1a: Rocks|tox|[from] item: Toxic Orb
|upkeep
|turn|11
|
|t:|1760441493
|switch|p2a: Tyranitar|Tyranitar, M|70/100 brn
|-weather|Sandstorm|[from] ability: Sand Stream|[of] p2a: Tyranitar
|move|p1a: Rocks|Earthquake|p2a: Tyranitar
|-supereffective|p2a: Tyranitar
|-damage|p2a: Tyranitar|15/100 brn
|
|-weather|Sandstorm|[upkeep]
|-heal|p1a: Rocks|75/100 tox|[from] ability: Poison Heal
|-damage|p2a: Tyranitar|8/100 brn|[from] brn
|upkeep
|turn|12
|
|t:|1760441502
|move|p1a: Rocks|Stealth Rock|p2a: Tyranitar
|-sidestart|p2: wanna go home pls|move: Stealth Rock
|move|p2a: Tyranitar|Ice Beam|p1a: Rocks
|-supereffective|p1a: Rocks
|-damage|p1a: Rocks|0 fnt
|faint|p1a: Rocks
|
|-weather|Sandstorm|[upkeep]
|-damage|p2a: Tyranitar|2/100 brn|[from] brn
|upkeep
|c|☆Gjopoppoppppavaun|Use ice punch
|c|☆Gjopoppoppppavaun|???
|
|t:|1760441530
|switch|p1a: ToadisCool|Toedscruel, F, shiny|100/100
|turn|13
|inactive|Gjopoppoppppavaun has 120 seconds left.
|
|t:|1760441554
|switch|p1a: Tortles|Torkoal, M, shiny|57/100 par
|-weather|SunnyDay|[from] ability: Drought|[of] p1a: Tortles
|move|p2a: Tyranitar|Thunder Wave|p1a: Tortles|[miss]
|-miss|p2a: Tyranitar|p1a: Tortles
|
|-weather|SunnyDay|[upkeep]
|-damage|p2a: Tyranitar|0 fnt|[from] brn
|faint|p2a: Tyranitar
|upkeep
|
|t:|1760441562
|switch|p2a: Garchomp|Garchomp, F|100/100
|-damage|p2a: Garchomp|94/100|[from] Stealth Rock
|turn|14
|
|t:|1760441568
|-terastallize|p2a: Garchomp|Fire
|move|p1a: Tortles|Protect|p1a: Tortles
|-singleturn|p1a: Tortles|Protect
|move|p2a: Garchomp|Swords Dance|p2a: Garchomp
|-boost|p2a: Garchomp|atk|2
|
|-weather|SunnyDay|[upkeep]
|upkeep
|turn|15
|
|t:|1760441585
|move|p2a: Garchomp|Scale Shot|p1a: Tortles
|-damage|p1a: Tortles|38/100 par
|-damage|p1a: Tortles|18/100 par
|-damage|p1a: Tortles|0 fnt
|faint|p1a: Tortles
|-hitcount|p1: Tortles|3
|-unboost|p2a: Garchomp|def|1
|-boost|p2a: Garchomp|spe|1
|
|-weather|SunnyDay|[upkeep]
|upkeep
|
|t:|1760441588
|switch|p1a: Tyranocune|Walking Wake|88/100 brn
|-activate|p1a: Tyranocune|ability: Protosynthesis
|-start|p1a: Tyranocune|protosynthesisspa
|turn|16
|
|t:|1760441601
|-terastallize|p1a: Tyranocune|Water
|move|p2a: Garchomp|Scale Shot|p1a: Tyranocune
|-damage|p1a: Tyranocune|61/100 brn
|-damage|p1a: Tyranocune|29/100 brn
|-damage|p1a: Tyranocune|2/100 brn
|-damage|p1a: Tyranocune|0 fnt
|faint|p1a: Tyranocune
|-end|p1a: Tyranocune|Protosynthesis|[silent]
|-hitcount|p1: Tyranocune|4
|-unboost|p2a: Garchomp|def|1
|-boost|p2a: Garchomp|spe|1
|
|-weather|SunnyDay|[upkeep]
|upkeep
|
|t:|1760441610
|switch|p1a: Flower Man|Bellossom, M|100/100
|turn|17
|
|t:|1760441617
|move|p2a: Garchomp|Fire Fang|p1a: Flower Man|[miss]
|-miss|p2a: Garchomp|p1a: Flower Man
|move|p1a: Flower Man|Strength Sap|p2a: Garchomp
|-unboost|p2a: Garchomp|atk|1
|
|-weather|none
|upkeep
|turn|18
|
|t:|1760441623
|move|p2a: Garchomp|Fire Fang|p1a: Flower Man
|-supereffective|p1a: Flower Man
|-damage|p1a: Flower Man|0 fnt
|faint|p1a: Flower Man
|
|upkeep
|
|t:|1760441629
|switch|p1a: ToadisCool|Toedscruel, F, shiny|100/100
|turn|19
|
|t:|1760441633
|move|p2a: Garchomp|Fire Fang|p1a: ToadisCool
|-supereffective|p1a: ToadisCool
|-damage|p1a: ToadisCool|0 fnt
|faint|p1a: ToadisCool
|
|upkeep
|
|t:|1760441636
|switch|p1a: Fox|Meowscarada, M|100/100
|turn|20
|
|t:|1760441641
|move|p1a: Fox|Protect|p1a: Fox
|-start|p1a: Fox|typechange|Normal|[from] ability: Protean
|-singleturn|p1a: Fox|Protect
|move|p2a: Garchomp|Fire Fang|p1a: Fox
|-activate|p1a: Fox|move: Protect
|
|upkeep
|turn|21
|
|t:|1760441652
|move|p2a: Garchomp|Scale Shot|p1a: Fox
|-damage|p1a: Fox|73/100
|-damage|p1a: Fox|44/100
|-damage|p1a: Fox|18/100
|-damage|p1a: Fox|0 fnt
|faint|p1a: Fox
|-hitcount|p1: Fox|4
|
|win|wanna go home pls
|raw|Gjopoppoppppavaun's rating: 1135 &rarr; <strong>1106</strong><br />(-29 for losing)
|raw|wanna go home pls's rating: 1079 &rarr; <strong>1112</strong><br />(+33 for winning)
|l|☆Gjopoppoppppavaun
|player|p1|
|l|☆wanna go home pls
|player|p2|
