|j|☆jamescordensucks
|j|☆will1994
|t:|1760385897
|gametype|singles
|player|p1|jamescordensucks|harlequin|1630
|player|p2|will1994|red|1623
|gen|9
|tier|[Gen 9] OU
|rated|
|rule|HP Percentage Mod: HP is shown in percentages
|rule|Endless Battle Clause: Forcing endless battles is banned
|rule|Species Clause: Limit one of each Pokémon
|rule|OHKO Clause: OHKO moves are banned
|rule|Evasion Items Clause: Evasion items are banned
|rule|Evasion Moves Clause: Evasion moves are banned
|rule|Evasion Abilities Clause: Evasion abilities are banned
|rule|Sleep Moves Clause: Sleep-inducing moves are banned
|clearpoke
|poke|p1|Landorus-Therian, M|
|poke|p1|Iron Valiant|
|poke|p1|Kingambit, F|
|poke|p1|Iron Crown|
|poke|p1|Dragapult, F|
|poke|p1|Samurott-Hisui, F|
|poke|p2|Skeledirge, M|
|poke|p2|Corviknight, F|
|poke|p2|Dragapult, M|
|poke|p2|Kleavor, F|
|poke|p2|Clodsire, F|
|poke|p2|Rillaboom, M|
|teampreview
|inactive|Battle timer is ON: inactive players will automatically lose when time's up. (requested by will1994)
|
|t:|1760385903
|teamsize|p1|6
|teamsize|p2|6
|start
|switch|p1a: Creep|Landorus-Therian, M|100/100
|switch|p2a: Kleavor|Kleavor, F|100/100
|-ability|p1a: Creep|Intimidate|boost
|-unboost|p2a: Kleavor|atk|1
|turn|1
|
|t:|1760385905
|switch|p2a: Corviknight|Corviknight, F|100/100
|-ability|p2a: Corviknight|Pressure
|move|p1a: Creep|Earth Power|p2a: Corviknight
|-immune|p2a: Corviknight
|
|upkeep
|turn|2
|
|t:|1760385909
|move|p1a: Creep|Taunt|p2a: Corviknight
|-start|p2a: Corviknight|move: Taunt
|move|p2a: Corviknight|Brave Bird|p1a: Creep
|-damage|p1a: Creep|64/100
|-damage|p2a: Corviknight|84/100|[from] item: Rocky Helmet|[of] p1a: Creep
|-damage|p2a: Corviknight|72/100|[from] Recoil
|
|upkeep
|turn|3
|
|t:|1760385912
|move|p1a: Creep|Stealth Rock|p2a: Corviknight
|-sidestart|p2: will1994|move: Stealth Rock
|move|p2a: Corviknight|U-turn|p1a: Creep
|-resisted|p1a: Creep
|-damage|p1a: Creep|57/100
|-damage|p2a: Corviknight|56/100|[from] item: Rocky Helmet|[of] p1a: Creep
|
|t:|1760385919
|switch|p2a: Rillaboom|Rillaboom, M|100/100|[from] U-turn
|-damage|p2a: Rillaboom|88/100|[from] Stealth Rock
|-fieldstart|move: Grassy Terrain|[from] ability: Grassy Surge|[of] p2a: Rillaboom
|
|-heal|p2a: Rillaboom|94/100|[from] Grassy Terrain
|upkeep
|turn|4
|
|t:|1760385922
|move|p1a: Creep|U-turn|p2a: Rillaboom
|-supereffective|p2a: Rillaboom
|-damage|p2a: Rillaboom|54/100
|
|t:|1760385927
|switch|p1a: My Iron Lung|Iron Crown|100/100|[from] U-turn
|-enditem|p1a: My Iron Lung|Booster Energy
|-activate|p1a: My Iron Lung|ability: Quark Drive|[fromitem]
|-start|p1a: My Iron Lung|quarkdrivespe
|move|p2a: Rillaboom|Wood Hammer|p1a: My Iron Lung
|-resisted|p1a: My Iron Lung
|-damage|p1a: My Iron Lung|40/100
|-damage|p2a: Rillaboom|34/100|[from] Recoil
|
|-heal|p1a: My Iron Lung|46/100|[from] Grassy Terrain
|-heal|p2a: Rillaboom|40/100|[from] Grassy Terrain
|upkeep
|turn|5
|
|t:|1760385943
|switch|p2a: Skeledirge|Skeledirge, M|100/100
|-damage|p2a: Skeledirge|76/100|[from] Stealth Rock
|move|p1a: My Iron Lung|Psychic Noise|p2a: Skeledirge
|-damage|p2a: Skeledirge|48/100
|-start|p2a: Skeledirge|move: Heal Block
|
|-heal|p1a: My Iron Lung|53/100|[from] Grassy Terrain
|upkeep
|turn|6
|
|t:|1760385952
|-end|p1a: My Iron Lung|Quark Drive|[silent]
|switch|p1a: Airbag|Samurott-Hisui, F|100/100
|move|p2a: Skeledirge|Torch Song|p1a: Airbag
|-resisted|p1a: Airbag
|-damage|p1a: Airbag|79/100
|-boost|p2a: Skeledirge|spa|1
|
|-heal|p1a: Airbag|85/100|[from] Grassy Terrain
|-end|p2a: Skeledirge|move: Heal Block
|upkeep
|turn|7
|
|t:|1760385958
|-terastallize|p2a: Skeledirge|Fairy
|move|p1a: Airbag|Ceaseless Edge|p2a: Skeledirge
|-resisted|p2a: Skeledirge
|-damage|p2a: Skeledirge|29/100
|-sidestart|p2: will1994|Spikes
|move|p2a: Skeledirge|Will-O-Wisp|p1a: Airbag
|-status|p1a: Airbag|brn
|
|-heal|p1a: Airbag|91/100 brn|[from] Grassy Terrain
|-heal|p2a: Skeledirge|35/100|[from] Grassy Terrain
|-heal|p2a: Skeledirge|41/100|[from] item: Leftovers
|-damage|p1a: Airbag|85/100 brn|[from] brn
|-fieldend|move: Grassy Terrain
|upkeep
|turn|8
|
|t:|1760385965
|move|p1a: Airbag|Encore|p2a: Skeledirge
|-start|p2a: Skeledirge|Encore
|move|p2a: Skeledirge|Will-O-Wisp|p1a: Airbag
|-fail|p1a: Airbag|brn
|
|-heal|p2a: Skeledirge|48/100|[from] item: Leftovers
|-damage|p1a: Airbag|79/100 brn|[from] brn
|upkeep
|turn|9
|
|t:|1760385968
|switch|p2a: Corviknight|Corviknight, F|56/100
|-damage|p2a: Corviknight|43/100|[from] Stealth Rock
|-ability|p2a: Corviknight|Pressure
|move|p1a: Airbag|Ceaseless Edge|p2a: Corviknight
|-damage|p2a: Corviknight|28/100
|-damage|p1a: Airbag|62/100 brn|[from] item: Rocky Helmet|[of] p2a: Corviknight
|-sidestart|p2: will1994|Spikes
|
|-damage|p1a: Airbag|56/100 brn|[from] brn
|upkeep
|turn|10
|
|t:|1760385974
|move|p1a: Airbag|Ceaseless Edge|p2a: Corviknight
|-damage|p2a: Corviknight|13/100
|-damage|p1a: Airbag|39/100 brn|[from] item: Rocky Helmet|[of] p2a: Corviknight
|-sidestart|p2: will1994|Spikes
|move|p2a: Corviknight|Defog|p1a: Airbag
|-unboost|p1a: Airbag|evasion|1
|-sideend|p2: will1994|Spikes|[from] move: Defog|[of] p2a: Corviknight
|-sideend|p2: will1994|Stealth Rock|[from] move: Defog|[of] p2a: Corviknight
|
|-damage|p1a: Airbag|33/100 brn|[from] brn
|upkeep
|turn|11
|
|t:|1760385990
|switch|p2a: Skeledirge|Skeledirge, M, tera:Fairy|48/100
|move|p1a: Airbag|Ceaseless Edge|p2a: Skeledirge
|-resisted|p2a: Skeledirge
|-damage|p2a: Skeledirge|38/100
|-sidestart|p2: will1994|Spikes
|
|-heal|p2a: Skeledirge|44/100|[from] item: Leftovers
|-damage|p1a: Airbag|27/100 brn|[from] brn
|upkeep
|turn|12
|
|t:|1760385993
|move|p1a: Airbag|Ceaseless Edge|p2a: Skeledirge
|-resisted|p2a: Skeledirge
|-damage|p2a: Skeledirge|34/100
|-sidestart|p2: will1994|Spikes
|move|p2a: Skeledirge|Slack Off|p2a: Skeledirge
|-heal|p2a: Skeledirge|84/100
|
|-heal|p2a: Skeledirge|91/100|[from] item: Leftovers
|-damage|p1a: Airbag|21/100 brn|[from] brn
|upkeep
|turn|13
|
|t:|1760385997
|move|p1a: Airbag|Encore|p2a: Skeledirge
|-start|p2a: Skeledirge|Encore
|move|p2a: Skeledirge|Slack Off|p2a: Skeledirge
|-heal|p2a: Skeledirge|100/100
|
|-damage|p1a: Airbag|15/100 brn|[from] brn
|upkeep
|turn|14
|
|t:|1760386000
|switch|p2a: Corviknight|Corviknight, F|13/100
|-ability|p2a: Corviknight|Pressure
|move|p1a: Airbag|Ceaseless Edge|p2a: Corviknight
|-damage|p2a: Corviknight|0 fnt
|-damage|p1a: Airbag|0 fnt|[from] item: Rocky Helmet|[of] p2a: Corviknight
|faint|p2a: Corviknight
|faint|p1a: Airbag
|
|upkeep
|
|t:|1760386014
|switch|p1a: Decks Dark|Kingambit, F|100/100
|switch|p2a: Dragapult|Dragapult, M|100/100
|-damage|p2a: Dragapult|84/100|[from] Spikes
|-activate|p1a: Decks Dark|ability: Supreme Overlord
|-start|p1a: Decks Dark|fallen1|[silent]
|turn|15
|
|t:|1760386020
|move|p2a: Dragapult|Will-O-Wisp|p1a: Decks Dark
|-status|p1a: Decks Dark|brn
|move|p1a: Decks Dark|Kowtow Cleave|p2a: Dragapult
|-supereffective|p2a: Dragapult
|-damage|p2a: Dragapult|0 fnt
|faint|p2a: Dragapult
|
|-damage|p1a: Decks Dark|94/100 brn|[from] brn
|upkeep
|
|t:|1760386029
|switch|p2a: Clodsire|Clodsire, F|100/100
|-damage|p2a: Clodsire|84/100|[from] Spikes
|turn|16
|
|t:|1760386036
|-end|p1a: Decks Dark|fallen1|[silent]
|switch|p1a: Creep|Landorus-Therian, M|57/100
|-ability|p1a: Creep|Intimidate|boost
|-unboost|p2a: Clodsire|atk|1
|move|p2a: Clodsire|Stockpile|p2a: Clodsire
|-start|p2a: Clodsire|stockpile1
|-boost|p2a: Clodsire|def|1
|-boost|p2a: Clodsire|spd|1
|
|-heal|p2a: Clodsire|90/100|[from] item: Leftovers
|upkeep
|turn|17
|
|t:|1760386053
|switch|p2a: Kleavor|Kleavor, F|100/100
|-damage|p2a: Kleavor|84/100|[from] Spikes
|move|p1a: Creep|Taunt|p2a: Kleavor
|-start|p2a: Kleavor|move: Taunt
|
|upkeep
|turn|18
|
|t:|1760386059
|move|p2a: Kleavor|Stone Axe|p1a: Creep
|-damage|p1a: Creep|13/100
|-damage|p2a: Kleavor|68/100|[from] item: Rocky Helmet|[of] p1a: Creep
|-sidestart|p1: jamescordensucks|move: Stealth Rock
|move|p1a: Creep|Stealth Rock|p2a: Kleavor
|-sidestart|p2: will1994|move: Stealth Rock
|
|upkeep
|turn|19
|
|t:|1760386067
|switch|p1a: Decks Dark|Kingambit, F|94/100 brn
|-damage|p1a: Decks Dark|88/100 brn|[from] Stealth Rock
|-activate|p1a: Decks Dark|ability: Supreme Overlord
|-start|p1a: Decks Dark|fallen1|[silent]
|move|p2a: Kleavor|Stone Axe|p1a: Decks Dark
|-resisted|p1a: Decks Dark
|-damage|p1a: Decks Dark|66/100 brn
|
|-damage|p1a: Decks Dark|60/100 brn|[from] brn
|-end|p2a: Kleavor|move: Taunt
|upkeep
|turn|20
|
|t:|1760386071
|switch|p2a: Clodsire|Clodsire, F|90/100
|-damage|p2a: Clodsire|74/100|[from] Spikes
|-damage|p2a: Clodsire|67/100|[from] Stealth Rock
|move|p1a: Decks Dark|Iron Head|p2a: Clodsire
|-damage|p2a: Clodsire|49/100
|
|-heal|p2a: Clodsire|55/100|[from] item: Leftovers
|-damage|p1a: Decks Dark|53/100 brn|[from] brn
|upkeep
|turn|21
|
|t:|1760386074
|-end|p1a: Decks Dark|fallen1|[silent]
|switch|p1a: My Iron Lung|Iron Crown|53/100
|-damage|p1a: My Iron Lung|46/100|[from] Stealth Rock
|move|p2a: Clodsire|Recover|p2a: Clodsire
|-heal|p2a: Clodsire|100/100
|
|upkeep
|turn|22
|
|t:|1760386094
|-end|p1a: My Iron Lung|Quark Drive|[silent]
|switch|p1a: Creep|Landorus-Therian, M|13/100
|-damage|p1a: Creep|0 fnt|[from] Stealth Rock
|faint|p1a: Creep
|switch|p2a: Rillaboom|Rillaboom, M|40/100
|-damage|p2a: Rillaboom|24/100|[from] Spikes
|-damage|p2a: Rillaboom|11/100|[from] Stealth Rock
|-fieldstart|move: Grassy Terrain|[from] ability: Grassy Surge|[of] p2a: Rillaboom
|
|-heal|p2a: Rillaboom|18/100|[from] Grassy Terrain
|upkeep
|
|t:|1760386107
|switch|p1a: SHS Alien|Dragapult, F|100/100
|turn|23
|
|t:|1760386111
|move|p2a: Rillaboom|Grassy Glide|p1a: SHS Alien
|-resisted|p1a: SHS Alien
|-damage|p1a: SHS Alien|57/100
|move|p1a: SHS Alien|Hex|p2a: Rillaboom
|-damage|p2a: Rillaboom|0 fnt
|faint|p2a: Rillaboom
|
|-heal|p1a: SHS Alien|63/100|[from] Grassy Terrain
|upkeep
|
|t:|1760386115
|switch|p2a: Kleavor|Kleavor, F|68/100
|-damage|p2a: Kleavor|51/100|[from] Spikes
|-damage|p2a: Kleavor|26/100|[from] Stealth Rock
|turn|24
|
|t:|1760386128
|move|p2a: Kleavor|Night Slash|p1a: SHS Alien
|-supereffective|p1a: SHS Alien
|-damage|p1a: SHS Alien|0 fnt
|faint|p1a: SHS Alien
|
|-heal|p2a: Kleavor|33/100|[from] Grassy Terrain
|upkeep
|
|t:|1760386130
|switch|p1a: Idioteque|Iron Valiant|100/100
|-damage|p1a: Idioteque|94/100|[from] Stealth Rock
|-enditem|p1a: Idioteque|Booster Energy
|-activate|p1a: Idioteque|ability: Quark Drive|[fromitem]
|-start|p1a: Idioteque|quarkdrivespe
|turn|25
|
|t:|1760386146
|move|p1a: Idioteque|Calm Mind|p1a: Idioteque
|-boost|p1a: Idioteque|spa|1
|-boost|p1a: Idioteque|spd|1
|move|p2a: Kleavor|Night Slash|p1a: Idioteque
|-resisted|p1a: Idioteque
|-damage|p1a: Idioteque|82/100
|
|-heal|p1a: Idioteque|88/100|[from] Grassy Terrain
|-heal|p2a: Kleavor|39/100|[from] Grassy Terrain
|upkeep
|turn|26
|
|t:|1760386154
|move|p1a: Idioteque|Moonblast|p2a: Kleavor
|-damage|p2a: Kleavor|0 fnt
|faint|p2a: Kleavor
|
|-heal|p1a: Idioteque|94/100|[from] Grassy Terrain
|-fieldend|move: Grassy Terrain
|upkeep
|
|t:|1760386156
|switch|p2a: Clodsire|Clodsire, F|100/100
|-damage|p2a: Clodsire|84/100|[from] Spikes
|-damage|p2a: Clodsire|78/100|[from] Stealth Rock
|turn|27
|
|t:|1760386161
|-end|p1a: Idioteque|Quark Drive|[silent]
|switch|p1a: Decks Dark|Kingambit, F|53/100 brn
|-damage|p1a: Decks Dark|47/100 brn|[from] Stealth Rock
|-activate|p1a: Decks Dark|ability: Supreme Overlord
|-start|p1a: Decks Dark|fallen3|[silent]
|move|p2a: Clodsire|Stockpile|p2a: Clodsire
|-start|p2a: Clodsire|stockpile1
|-boost|p2a: Clodsire|def|1
|-boost|p2a: Clodsire|spd|1
|
|-heal|p2a: Clodsire|84/100|[from] item: Leftovers
|-damage|p1a: Decks Dark|41/100 brn|[from] brn
|upkeep
|turn|28
|
|t:|1760386164
|move|p1a: Decks Dark|Swords Dance|p1a: Decks Dark
|-boost|p1a: Decks Dark|atk|2
|move|p2a: Clodsire|Stockpile|p2a: Clodsire
|-start|p2a: Clodsire|stockpile2
|-boost|p2a: Clodsire|def|1
|-boost|p2a: Clodsire|spd|1
|
|-heal|p2a: Clodsire|90/100|[from] item: Leftovers
|-damage|p1a: Decks Dark|35/100 brn|[from] brn
|upkeep
|turn|29
|
|t:|1760386168
|move|p1a: Decks Dark|Kowtow Cleave|p2a: Clodsire
|-damage|p2a: Clodsire|77/100
|move|p2a: Clodsire|Stockpile|p2a: Clodsire
|-start|p2a: Clodsire|stockpile3
|-boost|p2a: Clodsire|def|1
|-boost|p2a: Clodsire|spd|1
|
|-heal|p2a: Clodsire|83/100|[from] item: Leftovers
|-damage|p1a: Decks Dark|28/100 brn|[from] brn
|upkeep
|turn|30
|
|t:|1760386173
|move|p1a: Decks Dark|Kowtow Cleave|p2a: Clodsire
|-damage|p2a: Clodsire|71/100
|move|p2a: Clodsire|Recover|p2a: Clodsire
|-heal|p2a: Clodsire|100/100
|
|-damage|p1a: Decks Dark|22/100 brn|[from] brn
|upkeep
|turn|31
|
|t:|1760386176
|move|p1a: Decks Dark|Kowtow Cleave|p2a: Clodsire
|-damage|p2a: Clodsire|89/100
|move|p2a: Clodsire|Body Press|p1a: Decks Dark
|-supereffective|p1a: Decks Dark
|-damage|p1a: Decks Dark|0 fnt
|faint|p1a: Decks Dark
|-end|p1a: Decks Dark|fallen3|[silent]
|
|-heal|p2a: Clodsire|96/100|[from] item: Leftovers
|upkeep
|
|t:|1760386179
|switch|p1a: My Iron Lung|Iron Crown|46/100
|-damage|p1a: My Iron Lung|40/100|[from] Stealth Rock
|turn|32
|
|t:|1760386181
|move|p1a: My Iron Lung|Psychic Noise|p2a: Clodsire
|-supereffective|p2a: Clodsire
|-damage|p2a: Clodsire|74/100
|-start|p2a: Clodsire|move: Heal Block
|move|p2a: Clodsire|Body Press|p1a: My Iron Lung
|-damage|p1a: My Iron Lung|0 fnt
|faint|p1a: My Iron Lung
|-end|p1a: My Iron Lung|Quark Drive|[silent]
|
|upkeep
|-message|jamescordensucks forfeited.
|
|win|will1994
|raw|jamescordensucks's rating: 1630 &rarr; <strong>1610</strong><br />(-20 for losing)
|raw|will1994's rating: 1623 &rarr; <strong>1643</strong><br />(+20 for winning)
|l|☆jamescordensucks
|player|p1|
|l|☆will1994
|player|p2|
