|j|☆ChriszGOAT
|j|☆FALDRACO
|t:|1760378068
|gametype|singles
|player|p1|ChriszGOAT|crasherwake|1106
|player|p2|FALDRACO|170|1080
|gen|9
|tier|[Gen 9] OU
|rated|
|rule|HP Percentage Mod: HP is shown in percentages
|rule|Endless Battle Clause: Forcing endless battles is banned
|rule|Species Clause: Limit one of each Pokémon
|rule|OHKO Clause: OHKO moves are banned
|rule|Evasion Items Clause: Evasion items are banned
|rule|Evasion Moves Clause: Evasion moves are banned
|rule|Evasion Abilities Clause: Evasion abilities are banned
|rule|Sleep Moves Clause: Sleep-inducing moves are banned
|clearpoke
|poke|p1|Infernape, M|
|poke|p1|Zarude-Dada|
|poke|p1|Rillaboom, F|
|poke|p1|Passimian, M|
|poke|p1|Primeape, M|
|poke|p1|Munkidori, M|
|poke|p2|Garganacl, M|
|poke|p2|Pecharunt|
|poke|p2|Whimsicott, M|
|poke|p2|Toxapex, M|
|poke|p2|Glimmora, M|
|poke|p2|Ursaluna, F|
|teampreview
|
|t:|1760378075
|teamsize|p1|6
|teamsize|p2|6
|start
|switch|p1a: The ball toucher|Passimian, M|100/100
|switch|p2a: Glimmora|Glimmora, M|100/100
|turn|1
|
|t:|1760378089
|move|p2a: Glimmora|Spiky Shield|p2a: Glimmora
|-singleturn|p2a: Glimmora|move: Protect
|move|p1a: The ball toucher|Earthquake|p2a: Glimmora
|-activate|p2a: Glimmora|move: Protect
|
|upkeep
|turn|2
|
|t:|1760378106
|-terastallize|p2a: Glimmora|Water
|move|p1a: The ball toucher|Earthquake|p2a: Glimmora
|-damage|p2a: Glimmora|68/100
|-activate|p2a: Glimmora|ability: Toxic Debris
|-sidestart|p1: ChriszGOAT|move: Toxic Spikes
|move|p2a: Glimmora|Stealth Rock|p1a: The ball toucher
|-sidestart|p1: ChriszGOAT|move: Stealth Rock
|
|upkeep
|turn|3
|
|t:|1760378117
|switch|p1a: Munkisnorey|Munkidori, M|100/100
|-sideend|p1: ChriszGOAT|move: Toxic Spikes|[of] p1a: Munkisnorey
|-damage|p1a: Munkisnorey|88/100|[from] Stealth Rock
|move|p2a: Glimmora|Spikes|p1a: Munkisnorey
|-sidestart|p1: ChriszGOAT|Spikes
|
|upkeep
|turn|4
|
|t:|1760378131
|move|p1a: Munkisnorey|Sludge Bomb|p2a: Glimmora
|-damage|p2a: Glimmora|0 fnt
|faint|p2a: Glimmora
|
|upkeep
|
|t:|1760378158
|switch|p2a: Garganacl|Garganacl, M|100/100
|turn|5
|
|t:|1760378166
|switch|p1a: The ball toucher|Passimian, M|100/100
|-damage|p1a: The ball toucher|94/100|[from] Stealth Rock
|-damage|p1a: The ball toucher|82/100|[from] Spikes
|move|p2a: Garganacl|Salt Cure|p1a: The ball toucher
|-resisted|p1a: The ball toucher
|-damage|p1a: The ball toucher|74/100
|-start|p1a: The ball toucher|Salt Cure
|
|-damage|p1a: The ball toucher|62/100|[from] Salt Cure
|upkeep
|turn|6
|l|☆FALDRACO
|player|p2|
|j|☆FALDRACO
|player|p2|FALDRACO|170|
|
|t:|1760378228
|move|p2a: Garganacl|Protect|p2a: Garganacl
|-singleturn|p2a: Garganacl|Protect
|move|p1a: The ball toucher|U-turn|p2a: Garganacl
|-activate|p2a: Garganacl|move: Protect
|
|-damage|p1a: The ball toucher|49/100|[from] Salt Cure
|upkeep
|turn|7
|
|t:|1760378241
|move|p1a: The ball toucher|U-turn|p2a: Garganacl
|-damage|p2a: Garganacl|86/100
|
|t:|1760378263
|switch|p1a: Temu Annihilape|Primeape, M|100/100|[from] U-turn
|-damage|p1a: Temu Annihilape|95/100|[from] Stealth Rock
|-damage|p1a: Temu Annihilape|82/100|[from] Spikes
|move|p2a: Garganacl|Iron Defense|p2a: Garganacl
|-boost|p2a: Garganacl|def|2
|
|upkeep
|turn|8
|
|t:|1760378273
|move|p1a: Temu Annihilape|Bulk Up|p1a: Temu Annihilape
|-boost|p1a: Temu Annihilape|atk|1
|-boost|p1a: Temu Annihilape|def|1
|move|p2a: Garganacl|Salt Cure|p1a: Temu Annihilape
|-resisted|p1a: Temu Annihilape
|-damage|p1a: Temu Annihilape|78/100
|-start|p1a: Temu Annihilape|Salt Cure
|
|-damage|p1a: Temu Annihilape|65/100|[from] Salt Cure
|upkeep
|turn|9
|
|t:|1760378284
|move|p1a: Temu Annihilape|Bulk Up|p1a: Temu Annihilape
|-boost|p1a: Temu Annihilape|atk|1
|-boost|p1a: Temu Annihilape|def|1
|move|p2a: Garganacl|Iron Defense|p2a: Garganacl
|-boost|p2a: Garganacl|def|2
|
|-damage|p1a: Temu Annihilape|53/100|[from] Salt Cure
|upkeep
|turn|10
|
|t:|1760378297
|move|p1a: Temu Annihilape|Drain Punch|p2a: Garganacl
|-supereffective|p2a: Garganacl
|-damage|p2a: Garganacl|50/100
|-heal|p1a: Temu Annihilape|75/100|[from] drain|[of] p2a: Garganacl
|-enditem|p2a: Garganacl|Sitrus Berry|[eat]
|-heal|p2a: Garganacl|75/100|[from] item: Sitrus Berry
|move|p2a: Garganacl|Iron Defense|p2a: Garganacl
|-boost|p2a: Garganacl|def|2
|
|-damage|p1a: Temu Annihilape|63/100|[from] Salt Cure
|upkeep
|turn|11
|
|t:|1760378311
|move|p2a: Garganacl|Protect|p2a: Garganacl
|-singleturn|p2a: Garganacl|Protect
|move|p1a: Temu Annihilape|Bulk Up|p1a: Temu Annihilape
|-boost|p1a: Temu Annihilape|atk|1
|-boost|p1a: Temu Annihilape|def|1
|
|-damage|p1a: Temu Annihilape|50/100|[from] Salt Cure
|upkeep
|turn|12
|
|t:|1760378322
|move|p1a: Temu Annihilape|Drain Punch|p2a: Garganacl
|-supereffective|p2a: Garganacl
|-damage|p2a: Garganacl|41/100
|-heal|p1a: Temu Annihilape|71/100|[from] drain|[of] p2a: Garganacl
|move|p2a: Garganacl|Salt Cure|p1a: Temu Annihilape
|-resisted|p1a: Temu Annihilape
|-damage|p1a: Temu Annihilape|68/100
|
|-damage|p1a: Temu Annihilape|56/100|[from] Salt Cure
|upkeep
|turn|13
|
|t:|1760378333
|move|p2a: Garganacl|Protect|p2a: Garganacl
|-singleturn|p2a: Garganacl|Protect
|move|p1a: Temu Annihilape|Bulk Up|p1a: Temu Annihilape
|-boost|p1a: Temu Annihilape|atk|1
|-boost|p1a: Temu Annihilape|def|1
|
|-damage|p1a: Temu Annihilape|43/100|[from] Salt Cure
|upkeep
|turn|14
|
|t:|1760378343
|move|p1a: Temu Annihilape|Drain Punch|p2a: Garganacl
|-supereffective|p2a: Garganacl
|-damage|p2a: Garganacl|5/100
|-heal|p1a: Temu Annihilape|65/100|[from] drain|[of] p2a: Garganacl
|move|p2a: Garganacl|Recover|p2a: Garganacl
|-heal|p2a: Garganacl|55/100
|
|-damage|p1a: Temu Annihilape|53/100|[from] Salt Cure
|upkeep
|turn|15
|
|t:|1760378354
|move|p1a: Temu Annihilape|Bulk Up|p1a: Temu Annihilape
|-boost|p1a: Temu Annihilape|atk|1
|-boost|p1a: Temu Annihilape|def|1
|move|p2a: Garganacl|Recover|p2a: Garganacl
|-heal|p2a: Garganacl|100/100
|
|-damage|p1a: Temu Annihilape|41/100|[from] Salt Cure
|upkeep
|turn|16
|
|t:|1760378363
|move|p2a: Garganacl|Protect|p2a: Garganacl
|-singleturn|p2a: Garganacl|Protect
|move|p1a: Temu Annihilape|Bulk Up|p1a: Temu Annihilape
|-boost|p1a: Temu Annihilape|atk|1
|-boost|p1a: Temu Annihilape|def|1
|
|-damage|p1a: Temu Annihilape|28/100|[from] Salt Cure
|upkeep
|turn|17
|
|t:|1760378373
|move|p1a: Temu Annihilape|Drain Punch|p2a: Garganacl
|-supereffective|p2a: Garganacl
|-damage|p2a: Garganacl|50/100
|-heal|p1a: Temu Annihilape|59/100|[from] drain|[of] p2a: Garganacl
|move|p2a: Garganacl|Recover|p2a: Garganacl
|-heal|p2a: Garganacl|99/100
|
|-damage|p1a: Temu Annihilape|47/100|[from] Salt Cure
|upkeep
|turn|18
|
|t:|1760378412
|move|p2a: Garganacl|Protect|p2a: Garganacl
|-singleturn|p2a: Garganacl|Protect
|move|p1a: Temu Annihilape|Drain Punch|p2a: Garganacl
|-activate|p2a: Garganacl|move: Protect
|
|-damage|p1a: Temu Annihilape|34/100|[from] Salt Cure
|upkeep
|turn|19
|
|t:|1760378421
|move|p1a: Temu Annihilape|Drain Punch|p2a: Garganacl
|-supereffective|p2a: Garganacl
|-damage|p2a: Garganacl|50/100
|-heal|p1a: Temu Annihilape|65/100|[from] drain|[of] p2a: Garganacl
|move|p2a: Garganacl|Recover|p2a: Garganacl
|-heal|p2a: Garganacl|99/100
|
|-damage|p1a: Temu Annihilape|53/100|[from] Salt Cure
|upkeep
|turn|20
|
|t:|1760378439
|move|p2a: Garganacl|Protect|p2a: Garganacl
|-singleturn|p2a: Garganacl|Protect
|move|p1a: Temu Annihilape|Rage Fist|p2a: Garganacl
|-activate|p2a: Garganacl|move: Protect
|
|-damage|p1a: Temu Annihilape|40/100|[from] Salt Cure
|upkeep
|turn|21
|
|t:|1760378469
|switch|p2a: Pecharunt|Pecharunt|100/100
|move|p1a: Temu Annihilape|Drain Punch|p2a: Pecharunt
|-immune|p2a: Pecharunt
|
|-damage|p1a: Temu Annihilape|28/100|[from] Salt Cure
|upkeep
|turn|22
|
|t:|1760378484
|move|p2a: Pecharunt|Protect|p2a: Pecharunt
|-singleturn|p2a: Pecharunt|Protect
|move|p1a: Temu Annihilape|Rage Fist|p2a: Pecharunt
|-activate|p2a: Pecharunt|move: Protect
|
|-damage|p1a: Temu Annihilape|16/100|[from] Salt Cure
|upkeep
|turn|23
|
|t:|1760378505
|move|p1a: Temu Annihilape|Rage Fist|p2a: Pecharunt
|-supereffective|p2a: Pecharunt
|-damage|p2a: Pecharunt|0 fnt
|faint|p2a: Pecharunt
|
|-damage|p1a: Temu Annihilape|3/100|[from] Salt Cure
|upkeep
|
|t:|1760378514
|switch|p2a: Garganacl|Garganacl, M|99/100
|turn|24
|
|t:|1760378519
|move|p2a: Garganacl|Protect|p2a: Garganacl
|-singleturn|p2a: Garganacl|Protect
|move|p1a: Temu Annihilape|Drain Punch|p2a: Garganacl
|-activate|p2a: Garganacl|move: Protect
|
|-damage|p1a: Temu Annihilape|0 fnt|[from] Salt Cure
|faint|p1a: Temu Annihilape
|upkeep
|
|t:|1760378521
|switch|p1a: Infernuts|Infernape, M|100/100
|-damage|p1a: Infernuts|88/100|[from] Stealth Rock
|-damage|p1a: Infernuts|76/100|[from] Spikes
|turn|25
|
|t:|1760378533
|move|p1a: Infernuts|Aura Sphere|p2a: Garganacl
|-supereffective|p2a: Garganacl
|-damage|p2a: Garganacl|49/100
|-damage|p1a: Infernuts|66/100|[from] item: Life Orb
|move|p2a: Garganacl|Salt Cure|p1a: Infernuts
|-crit|p1a: Infernuts
|-damage|p1a: Infernuts|31/100
|-start|p1a: Infernuts|Salt Cure
|
|-damage|p1a: Infernuts|19/100|[from] Salt Cure
|upkeep
|turn|26
|
|t:|1760378556
|move|p2a: Garganacl|Protect|p2a: Garganacl
|-singleturn|p2a: Garganacl|Protect
|move|p1a: Infernuts|Aura Sphere|p2a: Garganacl
|-activate|p2a: Garganacl|move: Protect
|
|-damage|p1a: Infernuts|6/100|[from] Salt Cure
|upkeep
|turn|27
|
|t:|1760378577
|move|p2a: Garganacl|Protect|p2a: Garganacl
|-singleturn|p2a: Garganacl|Protect
|move|p1a: Infernuts|Aura Sphere|p2a: Garganacl
|-activate|p2a: Garganacl|move: Protect
|
|-damage|p1a: Infernuts|0 fnt|[from] Salt Cure
|faint|p1a: Infernuts
|upkeep
|
|t:|1760378603
|switch|p1a: 5 BIG BOOMS|Rillaboom, F|100/100
|-damage|p1a: 5 BIG BOOMS|88/100|[from] Stealth Rock
|-damage|p1a: 5 BIG BOOMS|76/100|[from] Spikes
|-fieldstart|move: Grassy Terrain|[from] ability: Grassy Surge|[of] p1a: 5 BIG BOOMS
|turn|28
|
|t:|1760378612
|move|p1a: 5 BIG BOOMS|Wood Hammer|p2a: Garganacl
|-supereffective|p2a: Garganacl
|-damage|p2a: Garganacl|0 fnt
|faint|p2a: Garganacl
|-damage|p1a: 5 BIG BOOMS|57/100|[from] Recoil
|
|-heal|p1a: 5 BIG BOOMS|63/100|[from] Grassy Terrain
|upkeep
|l|☆FALDRACO
|player|p2|
|j|☆FALDRACO
|player|p2|FALDRACO|170|
|
|t:|1760378670
|switch|p2a: Toxapex|Toxapex, M|100/100
|turn|29
|
|t:|1760378684
|switch|p1a: The ball toucher|Passimian, M|49/100
|-damage|p1a: The ball toucher|43/100|[from] Stealth Rock
|-damage|p1a: The ball toucher|31/100|[from] Spikes
|move|p2a: Toxapex|Toxic|p1a: The ball toucher
|-status|p1a: The ball toucher|tox
|
|-heal|p1a: The ball toucher|37/100 tox|[from] Grassy Terrain
|-damage|p1a: The ball toucher|31/100 tox|[from] psn
|upkeep
|turn|30
|
|t:|1760378707
|switch|p1a: Munkisnorey|Munkidori, M|88/100
|-damage|p1a: Munkisnorey|76/100|[from] Stealth Rock
|-damage|p1a: Munkisnorey|64/100|[from] Spikes
|move|p2a: Toxapex|Protect||[still]
|-fail|p2a: Toxapex
|
|-heal|p1a: Munkisnorey|70/100|[from] Grassy Terrain
|upkeep
|turn|31
|
|t:|1760378730
|switch|p2a: Whimsicott|Whimsicott, M|100/100
|move|p1a: Munkisnorey|Psychic|p2a: Whimsicott
|-damage|p2a: Whimsicott|37/100
|-status|p2a: Whimsicott|tox|[from] ability: Toxic Chain|[of] p1a: Munkisnorey
|-enditem|p2a: Whimsicott|Sitrus Berry|[eat]
|-heal|p2a: Whimsicott|62/100 tox|[from] item: Sitrus Berry
|
|-heal|p1a: Munkisnorey|76/100|[from] Grassy Terrain
|-heal|p2a: Whimsicott|68/100 tox|[from] Grassy Terrain
|-damage|p2a: Whimsicott|62/100 tox|[from] psn
|upkeep
|turn|32
|
|t:|1760378748
|move|p2a: Whimsicott|Leech Seed|p1a: Munkisnorey
|-start|p1a: Munkisnorey|move: Leech Seed
|move|p1a: Munkisnorey|Psychic|p2a: Whimsicott
|-damage|p2a: Whimsicott|0 fnt
|faint|p2a: Whimsicott
|
|-heal|p1a: Munkisnorey|82/100|[from] Grassy Terrain
|-fieldend|move: Grassy Terrain
|upkeep
|
|t:|1760378758
|switch|p2a: Ursaluna|Ursaluna, F|100/100
|turn|33
|
|t:|1760378774
|switch|p1a: The ball toucher|Passimian, M|31/100 tox
|-damage|p1a: The ball toucher|25/100 tox|[from] Stealth Rock
|-damage|p1a: The ball toucher|13/100 tox|[from] Spikes
|move|p2a: Ursaluna|Headlong Rush|p1a: The ball toucher
|-damage|p1a: The ball toucher|0 fnt
|-unboost|p2a: Ursaluna|def|1
|-unboost|p2a: Ursaluna|spd|1
|faint|p1a: The ball toucher
|
|-status|p2a: Ursaluna|brn|[from] item: Flame Orb
|upkeep
|
|t:|1760378790
|switch|p1a: 5 BIG BOOMS|Rillaboom, F|63/100
|-damage|p1a: 5 BIG BOOMS|51/100|[from] Stealth Rock
|-damage|p1a: 5 BIG BOOMS|39/100|[from] Spikes
|-fieldstart|move: Grassy Terrain|[from] ability: Grassy Surge|[of] p1a: 5 BIG BOOMS
|turn|34
|
|t:|1760378801
|move|p1a: 5 BIG BOOMS|Wood Hammer|p2a: Ursaluna
|-supereffective|p2a: Ursaluna
|-damage|p2a: Ursaluna|0 fnt
|faint|p2a: Ursaluna
|-damage|p1a: 5 BIG BOOMS|0 fnt|[from] Recoil
|faint|p1a: 5 BIG BOOMS
|
|upkeep
|
|t:|1760378810
|switch|p1a: Munkisnorey|Munkidori, M|82/100
|switch|p2a: Toxapex|Toxapex, M|100/100
|-damage|p1a: Munkisnorey|69/100|[from] Stealth Rock
|-damage|p1a: Munkisnorey|57/100|[from] Spikes
|turn|35
|
|t:|1760378824
|move|p1a: Munkisnorey|Psychic|p2a: Toxapex
|-supereffective|p2a: Toxapex
|-damage|p2a: Toxapex|13/100
|-enditem|p2a: Toxapex|Sitrus Berry|[eat]
|-heal|p2a: Toxapex|37/100|[from] item: Sitrus Berry
|move|p2a: Toxapex|Iron Defense|p2a: Toxapex
|-boost|p2a: Toxapex|def|2
|
|-heal|p1a: Munkisnorey|63/100|[from] Grassy Terrain
|-heal|p2a: Toxapex|43/100|[from] Grassy Terrain
|upkeep
|turn|36
|-message|FALDRACO forfeited.
|
|win|ChriszGOAT
|raw|ChriszGOAT's rating: 1106 &rarr; <strong>1129</strong><br />(+23 for winning)
|raw|FALDRACO's rating: 1080 &rarr; <strong>1060</strong><br />(-20 for losing)
|l|☆FALDRACO
|player|p2|
|c|☆ChriszGOAT|L
