|j|☆larssie262
|j|☆Randomssp
|inactive|Battle timer is ON: inactive players will automatically lose when time's up.
|t:|1760340715
|gametype|singles
|player|p1|larssie262|veteran|
|player|p2|Randomssp|ghetsis-gen5bw|
|gen|9
|tier|[Gen 9] OU
|rated|Tournament battle
|rule|HP Percentage Mod: HP is shown in percentages
|rule|Endless Battle Clause: Forcing endless battles is banned
|rule|Species Clause: Limit one of each Pokémon
|rule|OHKO Clause: OHKO moves are banned
|rule|Evasion Items Clause: Evasion items are banned
|rule|Evasion Moves Clause: Evasion moves are banned
|rule|Evasion Abilities Clause: Evasion abilities are banned
|rule|Sleep Moves Clause: Sleep-inducing moves are banned
|raw|<div class="infobox"><details class="readmore"><summary><strong>364 custom rules:</strong></summary> -All Pokemon, +Drifloon, +Drifblim, +Shroodle, +Grafaiai, +Solosis, +Duosion, +Reuniclus, +Porygon, +Porygon2, +Porygon-Z, +Blitzle, +Zebstrika, +Hatenna, +Hattrem, +Hatterene, +Sobble, +Drizzile, +Inteleon, +Buizel, +Floatzel, +Hoppip, +Skiploom, +Jumpluff, +Bronzor, +Bronzong, +Nacli, +Naclstack, +Garganacl, +Gothita, +Gothorita, +Gothitelle, +Crabrawler, +Crabominable, +Flabébé, +Floette-Base, +Florges, +Drilbur, +Excadrill, +Shinx, +Luxio, +Luxray, +Happiny, +Chansey, +Blissey, +Sandile, +Krokorok, +Krookodile, +Rhyhorn, +Rhydon, +Rhyperior, +Quaxly, +Quaxwell, +Quaquaval, +Tynamo, +Eelektrik, +Eelektross, +Totodile, +Croconaw, +Feraligatr, +Grookey, +Thwackey, +Rillaboom, +Gligar, +Gliscor, +Psyduck, +Golduck, +Tadbulb, +Bellibolt, +Shellos, +Gastrodon, +Ekans, +Arbok, +Impidimp, +Morgrem, +Grimmsnarl, +Spoink, +Grumpig, +Scorbunny, +Raboot, +Cinderace, +Hippopotas, +Hippowdon, +Fuecoco, +Crocalor, +Skeledirge, +Chespin, +Quilladin, +Chesnaught, +Igglybuff, +Jigglypuff, +Wigglytuff, +Sinistea, +Sinistea-Antique, +Polteageist, +Polteageist-Antique, +Greavard, +Houndstone, +Mareanie, +Toxapex, +Timburr, +Gurdurr, +Conkeldurr, +Skiddo, +Gogoat, +Combee, +Vespiquen, +Murkrow, +Honchkrow, +Clauncher, +Clawitzer, +Chinchou, +Lanturn, +Spinarak, +Ariados, +Foongus, +Amoonguss, +Pawmi, +Pawmo, +Pawmot, +Rookidee, +Corvisquire, +Corviknight, +Golett, +Golurk, +Phanpy, +Donphan, +Meowth, +Meowth-Alola, +Meowth-Galar, +Persian, +Persian-Alola, +Voltorb, +Voltorb-Hisui, +Electrode, +Electrode-Hisui, +Fidough, +Dachsbun, +Sneasel, +Sneasel-Hisui, +Weavile, +Nosepass, +Probopass, +Mienfoo, +Mienshao, +Barboach, +Whiscash, +Sandshrew, +Sandshrew-Alola, +Sandslash, +Sandslash-Alola, +Shellder, +Cloyster, +Scraggy, +Scrafty, +Azurill, +Marill, +Azumarill, +Seel, +Dewgong, +Bonsly, +Sudowoodo, +Doduo, +Dodrio, +Deerling, +Sawsbuck, +Inkay, +Malamar, +Aipom, +Ambipom, +Rellor, +Rabsca, +Tentacool, +Tentacruel, +Axew, +Fraxure, +Haxorus, +Milcery, +Alcremie, +Geodude, +Geodude-Alola, +Graveler, +Graveler-Alola, +Golem, +Golem-Alola, +Minccino, +Cinccino, +Chimchar, +Monferno, +Infernape, +Stantler, +Wyrdeer, +Swinub, +Piloswine, +Mamoswine, +Skrelp, +Dragalge, +Snubbull, +Granbull, +Pineco, +Forretress, +Ducklett, +Swanna, +Turtwig, +Grotle, +Torterra, +Popplio, +Brionne, +Primarina, +Arrokuda, +Barraskewda, +Chewtle, +Drednaw, +Fletchling, +Fletchinder, +Talonflame, +Silicobra, +Sandaconda, +Cufant, +Copperajah, +Maschiff, +Mabosstiff, +Trapinch, +Vibrava, +Flygon, +Shieldon, +Bastiodon, +Wattrel, +Kilowattrel, +Surskit, +Masquerain, +Snom, +Frosmoth, +Tinkatink, +Tinkatuff, +Tinkaton, +Sewaddle, +Swadloon, +Leavanny, +Misdreavus, +Mismagius, +Feebas, +Milotic, +Diglett, +Diglett-Alola, +Dugtrio, +Dugtrio-Alola, +Sunkern, +Sunflora, +Poochyena, +Mightyena, +Rolycoly, +Carkol, +Coalossal, +Cubchoo, +Beartic, +Gimmighoul, +Gimmighoul-Roaming, +Gholdengo, +Makuhita, +Hariyama, +Dratini, +Dragonair, +Dragonite, +Cacnea, +Cacturne, +Mudbray, +Mudsdale, +Yanma, +Yanmega, +Qwilfish, +Qwilfish-Hisui, +Overqwil, +Horsea, +Seadra, +Kingdra, +Wingull, +Pelipper, +Glimmet, +Glimmora, +Smoliv, +Dolliv, +Arboliva, +Finneon, +Lumineon, +Growlithe, +Growlithe-Hisui, +Arcanine, +Arcanine-Hisui, +Rockruff, +Rockruff-Dusk, +Lycanroc, +Lycanroc-Midnight, +Lycanroc-Dusk, +Venonat, +Venomoth, +Hoothoot, +Noctowl, +Cranidos, +Rampardos, +Skwovet, +Greedent, +Varoom, +Revavroom, +Drowzee, +Hypno, +Litten, +Torracat, +Incineroar, +Wooper, +Wooper-Paldea, +Clodsire, +Phantump, +Trevenant, +Zorua, +Zorua-Hisui, +Zoroark, +Zoroark-Hisui, +Deino, +Zweilous, +Hydreigon, +Litwick, +Lampent, +Chandelure, +Noibat, +Noivern, +Elekid, +Electabuzz, +Electivire, +Quagsire, +Tarountula, +Spidops, +Shroomish, +Breloom, +Seedot, +Nuzleaf, +Shiftry, +Joltik, +Galvantula, +Pawniard, +Bisharp, +Kingambit, +Slakoth, +Vigoroth, +Slaking, +Snivy, +Servine, +Serperior, +Litleo, +Pyroar, +Grimer, +Grimer-Alola, +Muk, +Muk-Alola, +Girafarig, +Farigiraf, +Cottonee, +Whimsicott, +Corphish, +Crawdaunt, +Vulpix, +Vulpix-Alola, +Ninetales, +Ninetales-Alola</details></div>
|clearpoke
|poke|p1|Bronzong|
|poke|p1|Krookodile, M|
|poke|p1|Venomoth, M|
|poke|p1|Glimmora, M|
|poke|p1|Chansey, F|
|poke|p2|Floette, F|
|poke|p2|Pawmot, F|
|poke|p2|Azumarill, M|
|poke|p2|Ambipom, M|
|poke|p2|Corviknight, F|
|teampreview
|j|*Lady Monita ☀
|c|☆Randomssp|glhf
|c|☆larssie262|lhf
|
|t:|1760340736
|teamsize|p1|5
|teamsize|p2|5
|start
|switch|p1a: Krookodile|Krookodile, M|100/100
|switch|p2a: Azumarill|Azumarill, M|100/100
|-ability|p1a: Krookodile|Intimidate|boost
|-unboost|p2a: Azumarill|atk|1
|turn|1
|
|t:|1760340743
|-terastallize|p1a: Krookodile|Poison
|move|p1a: Krookodile|Gunk Shot|p2a: Azumarill
|-supereffective|p2a: Azumarill
|-damage|p2a: Azumarill|0 fnt
|faint|p2a: Azumarill
|
|upkeep
|
|t:|1760340748
|switch|p2a: Corviknight|Corviknight, F|100/100
|turn|2
|
|t:|1760340756
|switch|p1a: Chansey|Chansey, F|100/100
|move|p2a: Corviknight|Iron Defense|p2a: Corviknight
|-boost|p2a: Corviknight|def|2
|
|upkeep
|turn|3
|
|t:|1760340760
|move|p2a: Corviknight|Body Press|p1a: Chansey
|-supereffective|p1a: Chansey
|-damage|p1a: Chansey|48/100
|move|p1a: Chansey|Thunder Wave|p2a: Corviknight
|-status|p2a: Corviknight|par
|
|upkeep
|turn|4
|
|t:|1760340767
|move|p1a: Chansey|Soft-Boiled|p1a: Chansey
|-heal|p1a: Chansey|98/100
|move|p2a: Corviknight|Body Press|p1a: Chansey
|-supereffective|p1a: Chansey
|-damage|p1a: Chansey|51/100
|
|upkeep
|turn|5
|
|t:|1760340769
|move|p1a: Chansey|Soft-Boiled|p1a: Chansey
|-heal|p1a: Chansey|100/100
|cant|p2a: Corviknight|par
|
|upkeep
|turn|6
|
|t:|1760340772
|move|p1a: Chansey|Seismic Toss|p2a: Corviknight
|-damage|p2a: Corviknight|75/100 par
|cant|p2a: Corviknight|par
|
|-heal|p2a: Corviknight|82/100 par|[from] item: Leftovers
|upkeep
|turn|7
|
|t:|1760340776
|move|p1a: Chansey|Seismic Toss|p2a: Corviknight
|-damage|p2a: Corviknight|57/100 par
|move|p2a: Corviknight|Iron Defense|p2a: Corviknight
|-boost|p2a: Corviknight|def|2
|
|-heal|p2a: Corviknight|63/100 par|[from] item: Leftovers
|upkeep
|turn|8
|
|t:|1760340779
|move|p1a: Chansey|Seismic Toss|p2a: Corviknight
|-damage|p2a: Corviknight|38/100 par
|cant|p2a: Corviknight|par
|
|-heal|p2a: Corviknight|44/100 par|[from] item: Leftovers
|upkeep
|turn|9
|
|t:|1760340782
|move|p1a: Chansey|Seismic Toss|p2a: Corviknight
|-damage|p2a: Corviknight|19/100 par
|move|p2a: Corviknight|Roost|p2a: Corviknight
|-heal|p2a: Corviknight|69/100 par
|-singleturn|p2a: Corviknight|move: Roost
|
|-heal|p2a: Corviknight|75/100 par|[from] item: Leftovers
|upkeep
|turn|10
|
|t:|1760340786
|move|p1a: Chansey|Seismic Toss|p2a: Corviknight
|-damage|p2a: Corviknight|50/100 par
|cant|p2a: Corviknight|par
|
|-heal|p2a: Corviknight|57/100 par|[from] item: Leftovers
|upkeep
|turn|11
|
|t:|1760340790
|move|p1a: Chansey|Seismic Toss|p2a: Corviknight
|-damage|p2a: Corviknight|32/100 par
|move|p2a: Corviknight|Roost|p2a: Corviknight
|-heal|p2a: Corviknight|82/100 par
|-singleturn|p2a: Corviknight|move: Roost
|
|-heal|p2a: Corviknight|88/100 par|[from] item: Leftovers
|upkeep
|turn|12
|
|t:|1760340792
|move|p1a: Chansey|Seismic Toss|p2a: Corviknight
|-damage|p2a: Corviknight|63/100 par
|move|p2a: Corviknight|Iron Defense|p2a: Corviknight
|-boost|p2a: Corviknight|def|2
|
|-heal|p2a: Corviknight|69/100 par|[from] item: Leftovers
|upkeep
|turn|13
|
|t:|1760340794
|move|p1a: Chansey|Seismic Toss|p2a: Corviknight
|-damage|p2a: Corviknight|44/100 par
|cant|p2a: Corviknight|par
|
|-heal|p2a: Corviknight|50/100 par|[from] item: Leftovers
|upkeep
|turn|14
|
|t:|1760340796
|move|p1a: Chansey|Seismic Toss|p2a: Corviknight
|-damage|p2a: Corviknight|25/100 par
|move|p2a: Corviknight|Roost|p2a: Corviknight
|-heal|p2a: Corviknight|75/100 par
|-singleturn|p2a: Corviknight|move: Roost
|
|-heal|p2a: Corviknight|82/100 par|[from] item: Leftovers
|upkeep
|turn|15
|
|t:|1760340801
|move|p1a: Chansey|Stealth Rock|p2a: Corviknight
|-sidestart|p2: Randomssp|move: Stealth Rock
|cant|p2a: Corviknight|par
|
|-heal|p2a: Corviknight|88/100 par|[from] item: Leftovers
|upkeep
|turn|16
|
|t:|1760340804
|move|p1a: Chansey|Seismic Toss|p2a: Corviknight
|-damage|p2a: Corviknight|63/100 par
|cant|p2a: Corviknight|par
|
|-heal|p2a: Corviknight|69/100 par|[from] item: Leftovers
|upkeep
|turn|17
|c|☆Randomssp|omg
|
|t:|1760340812
|move|p1a: Chansey|Seismic Toss|p2a: Corviknight
|-damage|p2a: Corviknight|44/100 par
|cant|p2a: Corviknight|par
|
|-heal|p2a: Corviknight|50/100 par|[from] item: Leftovers
|upkeep
|turn|18
|
|t:|1760340815
|move|p1a: Chansey|Seismic Toss|p2a: Corviknight
|-damage|p2a: Corviknight|25/100 par
|move|p2a: Corviknight|Roost|p2a: Corviknight
|-heal|p2a: Corviknight|75/100 par
|-singleturn|p2a: Corviknight|move: Roost
|
|-heal|p2a: Corviknight|82/100 par|[from] item: Leftovers
|upkeep
|turn|19
|
|t:|1760340819
|move|p1a: Chansey|Seismic Toss|p2a: Corviknight
|-damage|p2a: Corviknight|57/100 par
|cant|p2a: Corviknight|par
|
|-heal|p2a: Corviknight|63/100 par|[from] item: Leftovers
|upkeep
|turn|20
|
|t:|1760340822
|move|p1a: Chansey|Seismic Toss|p2a: Corviknight
|-damage|p2a: Corviknight|38/100 par
|move|p2a: Corviknight|Roost|p2a: Corviknight
|-heal|p2a: Corviknight|88/100 par
|-singleturn|p2a: Corviknight|move: Roost
|
|-heal|p2a: Corviknight|94/100 par|[from] item: Leftovers
|upkeep
|turn|21
|
|t:|1760340826
|move|p1a: Chansey|Seismic Toss|p2a: Corviknight
|-damage|p2a: Corviknight|69/100 par
|move|p2a: Corviknight|Body Press|p1a: Chansey
|-supereffective|p1a: Chansey
|-damage|p1a: Chansey|10/100
|
|-heal|p2a: Corviknight|75/100 par|[from] item: Leftovers
|upkeep
|turn|22
|
|t:|1760340831
|move|p1a: Chansey|Soft-Boiled|p1a: Chansey
|-heal|p1a: Chansey|60/100
|cant|p2a: Corviknight|par
|
|-heal|p2a: Corviknight|82/100 par|[from] item: Leftovers
|upkeep
|turn|23
|
|t:|1760340834
|move|p1a: Chansey|Soft-Boiled|p1a: Chansey
|-heal|p1a: Chansey|100/100
|cant|p2a: Corviknight|par
|
|-heal|p2a: Corviknight|88/100 par|[from] item: Leftovers
|upkeep
|turn|24
|
|t:|1760340836
|move|p1a: Chansey|Seismic Toss|p2a: Corviknight
|-damage|p2a: Corviknight|63/100 par
|move|p2a: Corviknight|Body Press|p1a: Chansey
|-supereffective|p1a: Chansey
|-crit|p1a: Chansey
|-damage|p1a: Chansey|0 fnt
|faint|p1a: Chansey
|
|-heal|p2a: Corviknight|69/100 par|[from] item: Leftovers
|upkeep
|
|t:|1760340864
|switch|p1a: Bronzong|Bronzong|100/100
|turn|25
|
|t:|1760340868
|move|p1a: Bronzong|Iron Defense|p1a: Bronzong
|-boost|p1a: Bronzong|def|2
|move|p2a: Corviknight|Body Press|p1a: Bronzong
|-damage|p1a: Bronzong|69/100
|
|-heal|p1a: Bronzong|75/100|[from] item: Leftovers
|-heal|p2a: Corviknight|75/100 par|[from] item: Leftovers
|upkeep
|turn|26
|
|t:|1760340872
|move|p1a: Bronzong|Iron Defense|p1a: Bronzong
|-boost|p1a: Bronzong|def|2
|cant|p2a: Corviknight|par
|
|-heal|p1a: Bronzong|81/100|[from] item: Leftovers
|-heal|p2a: Corviknight|82/100 par|[from] item: Leftovers
|upkeep
|turn|27
|
|t:|1760340876
|move|p1a: Bronzong|Body Press|p2a: Corviknight
|-damage|p2a: Corviknight|69/100 par
|move|p2a: Corviknight|Body Press|p1a: Bronzong
|-damage|p1a: Bronzong|59/100
|
|-heal|p1a: Bronzong|66/100|[from] item: Leftovers
|-heal|p2a: Corviknight|75/100 par|[from] item: Leftovers
|upkeep
|turn|28
|
|t:|1760340881
|move|p1a: Bronzong|Iron Defense|p1a: Bronzong
|-boost|p1a: Bronzong|def|2
|move|p2a: Corviknight|Body Press|p1a: Bronzong
|-damage|p1a: Bronzong|50/100
|
|-heal|p1a: Bronzong|56/100|[from] item: Leftovers
|-heal|p2a: Corviknight|81/100 par|[from] item: Leftovers
|upkeep
|turn|29
|
|t:|1760340885
|move|p1a: Bronzong|Stored Power|p2a: Corviknight
|-resisted|p2a: Corviknight
|-damage|p2a: Corviknight|68/100 par
|move|p2a: Corviknight|Body Press|p1a: Bronzong
|-damage|p1a: Bronzong|40/100
|
|-heal|p1a: Bronzong|46/100|[from] item: Leftovers
|-heal|p2a: Corviknight|75/100 par|[from] item: Leftovers
|upkeep
|turn|30
|
|t:|1760340891
|move|p1a: Bronzong|Calm Mind|p1a: Bronzong
|-boost|p1a: Bronzong|spa|1
|-boost|p1a: Bronzong|spd|1
|move|p2a: Corviknight|Body Press|p1a: Bronzong
|-damage|p1a: Bronzong|30/100
|
|-heal|p1a: Bronzong|37/100|[from] item: Leftovers
|-heal|p2a: Corviknight|81/100 par|[from] item: Leftovers
|upkeep
|turn|31
|
|t:|1760340894
|move|p1a: Bronzong|Calm Mind|p1a: Bronzong
|-boost|p1a: Bronzong|spa|1
|-boost|p1a: Bronzong|spd|1
|move|p2a: Corviknight|Body Press|p1a: Bronzong
|-damage|p1a: Bronzong|21/100
|
|-heal|p1a: Bronzong|27/100|[from] item: Leftovers
|-heal|p2a: Corviknight|87/100 par|[from] item: Leftovers
|upkeep
|turn|32
|
|t:|1760340897
|move|p1a: Bronzong|Stored Power|p2a: Corviknight
|-resisted|p2a: Corviknight
|-damage|p2a: Corviknight|46/100 par
|move|p2a: Corviknight|Body Press|p1a: Bronzong
|-damage|p1a: Bronzong|11/100
|
|-heal|p1a: Bronzong|17/100|[from] item: Leftovers
|-heal|p2a: Corviknight|52/100 par|[from] item: Leftovers
|upkeep
|turn|33
|
|t:|1760340902
|move|p1a: Bronzong|Stored Power|p2a: Corviknight
|-resisted|p2a: Corviknight
|-damage|p2a: Corviknight|8/100 par
|move|p2a: Corviknight|Body Press|p1a: Bronzong
|-damage|p1a: Bronzong|2/100
|
|-heal|p1a: Bronzong|8/100|[from] item: Leftovers
|-heal|p2a: Corviknight|14/100 par|[from] item: Leftovers
|upkeep
|turn|34
|
|t:|1760340908
|move|p1a: Bronzong|Stored Power|p2a: Corviknight
|-resisted|p2a: Corviknight
|-damage|p2a: Corviknight|0 fnt
|faint|p2a: Corviknight
|
|-heal|p1a: Bronzong|14/100|[from] item: Leftovers
|upkeep
|
|t:|1760340915
|switch|p2a: Ambipom|Ambipom, M|100/100
|-damage|p2a: Ambipom|88/100|[from] Stealth Rock
|turn|35
|
|t:|1760340925
|move|p2a: Ambipom|Fake Out|p1a: Bronzong
|-resisted|p1a: Bronzong
|-damage|p1a: Bronzong|11/100
|cant|p1a: Bronzong|flinch
|
|-heal|p1a: Bronzong|17/100|[from] item: Leftovers
|upkeep
|turn|36
|
|t:|1760340932
|move|p2a: Ambipom|Fury Swipes|p1a: Bronzong
|-resisted|p1a: Bronzong
|-damage|p1a: Bronzong|15/100
|-resisted|p1a: Bronzong
|-damage|p1a: Bronzong|14/100
|-resisted|p1a: Bronzong
|-damage|p1a: Bronzong|13/100
|-resisted|p1a: Bronzong
|-damage|p1a: Bronzong|11/100
|-hitcount|p1a: Bronzong|4
|move|p1a: Bronzong|Body Press|p2a: Ambipom
|-supereffective|p2a: Ambipom
|-damage|p2a: Ambipom|0 fnt
|faint|p2a: Ambipom
|
|-heal|p1a: Bronzong|17/100|[from] item: Leftovers
|upkeep
|
|t:|1760340936
|switch|p2a: Floette|Floette, F|100/100
|-damage|p2a: Floette|88/100|[from] Stealth Rock
|turn|37
|
|t:|1760340947
|move|p2a: Floette|Trick|p1a: Bronzong
|-activate|p2a: Floette|move: Trick|[of] p1a: Bronzong
|-item|p1a: Bronzong|Eviolite|[from] move: Trick
|-item|p2a: Floette|Leftovers|[from] move: Trick
|move|p1a: Bronzong|Stored Power|p2a: Floette
|-damage|p2a: Floette|0 fnt
|faint|p2a: Floette
|
|upkeep
|
|t:|1760340950
|switch|p2a: Pawmot|Pawmot, F|100/100
|-damage|p2a: Pawmot|94/100|[from] Stealth Rock
|turn|38
|
|t:|1760340955
|move|p2a: Pawmot|Double Shock|p1a: Bronzong
|-damage|p1a: Bronzong|1/100
|-start|p2a: Pawmot|typechange|???/Fighting|[from] move: Double Shock
|-damage|p2a: Pawmot|84/100|[from] item: Life Orb
|move|p1a: Bronzong|Stored Power|p2a: Pawmot
|-supereffective|p2a: Pawmot
|-damage|p2a: Pawmot|0 fnt
|faint|p2a: Pawmot
|
|win|larssie262
|n|☆larssie262|larssie262
|n|☆Randomssp|randomssp
|n|*Lady Monita ☀|ladymonita
