|j|☆Darck-Meralice
|j|☆aerii718
|t:|1760458551
|gametype|singles
|player|p1|Darck-Meralice|gentleman|1322
|player|p2|aerii718|101|1265
|gen|9
|tier|[Gen 9] OU
|rated|
|rule|HP Percentage Mod: HP is shown in percentages
|rule|Endless Battle Clause: Forcing endless battles is banned
|rule|Species Clause: Limit one of each Pokémon
|rule|OHKO Clause: OHKO moves are banned
|rule|Evasion Items Clause: Evasion items are banned
|rule|Evasion Moves Clause: Evasion moves are banned
|rule|Evasion Abilities Clause: Evasion abilities are banned
|rule|Sleep Moves Clause: Sleep-inducing moves are banned
|clearpoke
|poke|p1|Tyranitar, M|
|poke|p1|Moltres|
|poke|p1|Excadrill, M|
|poke|p1|Ogerpon-Wellspring, F|
|poke|p1|Tinkaton, F|
|poke|p1|Kyurem|
|poke|p2|Muk, M|
|poke|p2|Gliscor, F|
|poke|p2|Spiritomb, F|
|poke|p2|Forretress, F|
|poke|p2|Haxorus, M|
|poke|p2|Magnezone|
|teampreview
|inactive|Battle timer is ON: inactive players will automatically lose when time's up. (requested by aerii718)
|
|t:|1760458563
|teamsize|p1|6
|teamsize|p2|6
|start
|switch|p1a: Tinkaton|Tinkaton, F, shiny|100/100
|switch|p2a: Spiritomb|Spiritomb, F|100/100
|-ability|p2a: Spiritomb|Pressure
|turn|1
|
|t:|1760458573
|move|p1a: Tinkaton|Stealth Rock|p2a: Spiritomb
|-sidestart|p2: aerii718|move: Stealth Rock
|move|p2a: Spiritomb|Will-O-Wisp|p1a: Tinkaton
|-status|p1a: Tinkaton|brn
|
|-damage|p1a: Tinkaton|94/100 brn|[from] brn
|upkeep
|turn|2
|
|t:|1760458581
|switch|p2a: Forretress|Forretress, F|100/100
|-damage|p2a: Forretress|88/100|[from] Stealth Rock
|move|p1a: Tinkaton|Knock Off|p2a: Forretress
|-damage|p2a: Forretress|83/100
|-enditem|p2a: Forretress|Leftovers|[from] move: Knock Off|[of] p1a: Tinkaton
|
|-heal|p1a: Tinkaton|100/100 brn|[from] item: Leftovers
|-damage|p1a: Tinkaton|94/100 brn|[from] brn
|upkeep
|turn|3
|
|t:|1760458599
|switch|p1a: Moltres|Moltres|100/100
|move|p2a: Forretress|Rapid Spin|p1a: Moltres
|-damage|p1a: Moltres|92/100
|-boost|p2a: Forretress|spe|1
|-sideend|p2: aerii718|Stealth Rock|[from] move: Rapid Spin|[of] p2a: Forretress
|
|upkeep
|turn|4
|
|t:|1760458609
|switch|p2a: Spiritomb|Spiritomb, F|100/100
|-ability|p2a: Spiritomb|Pressure
|move|p1a: Moltres|Will-O-Wisp|p2a: Spiritomb
|-status|p2a: Spiritomb|brn
|
|-damage|p2a: Spiritomb|95/100 brn|[from] brn
|upkeep
|turn|5
|
|t:|1760458620
|move|p1a: Moltres|U-turn|p2a: Spiritomb
|-damage|p2a: Spiritomb|79/100 brn
|
|t:|1760458623
|switch|p1a: Tinkaton|Tinkaton, F, shiny|94/100 brn|[from] U-turn
|move|p2a: Spiritomb|Toxic||[still]
|-fail|p2a: Spiritomb
|
|-heal|p1a: Tinkaton|100/100 brn|[from] item: Leftovers
|-heal|p2a: Spiritomb|85/100 brn|[from] item: Leftovers
|-damage|p1a: Tinkaton|94/100 brn|[from] brn
|-damage|p2a: Spiritomb|79/100 brn|[from] brn
|upkeep
|turn|6
|
|t:|1760458636
|move|p1a: Tinkaton|Stealth Rock|p2a: Spiritomb
|-sidestart|p2: aerii718|move: Stealth Rock
|move|p2a: Spiritomb|Hex|p1a: Tinkaton
|-damage|p1a: Tinkaton|56/100 brn
|
|-heal|p1a: Tinkaton|63/100 brn|[from] item: Leftovers
|-heal|p2a: Spiritomb|85/100 brn|[from] item: Leftovers
|-damage|p1a: Tinkaton|56/100 brn|[from] brn
|-damage|p2a: Spiritomb|79/100 brn|[from] brn
|upkeep
|turn|7
|
|t:|1760458648
|switch|p1a: ROI-Tyran|Tyranitar, M, shiny|100/100
|-weather|Sandstorm|[from] ability: Sand Stream|[of] p1a: ROI-Tyran
|move|p2a: Spiritomb|Hex|p1a: ROI-Tyran
|-resisted|p1a: ROI-Tyran
|-damage|p1a: ROI-Tyran|93/100
|
|-weather|Sandstorm|[upkeep]
|-damage|p2a: Spiritomb|73/100 brn|[from] Sandstorm
|-heal|p2a: Spiritomb|79/100 brn|[from] item: Leftovers
|-damage|p2a: Spiritomb|73/100 brn|[from] brn
|upkeep
|turn|8
|
|t:|1760458666
|switch|p2a: Forretress|Forretress, F|83/100
|-damage|p2a: Forretress|71/100|[from] Stealth Rock
|move|p1a: ROI-Tyran|Knock Off|p2a: Forretress
|-damage|p2a: Forretress|37/100
|
|-weather|Sandstorm|[upkeep]
|upkeep
|turn|9
|
|t:|1760458675
|move|p1a: ROI-Tyran|Knock Off|p2a: Forretress
|-damage|p2a: Forretress|8/100
|move|p2a: Forretress|Gyro Ball|p1a: ROI-Tyran
|-supereffective|p1a: ROI-Tyran
|-damage|p1a: ROI-Tyran|50/100
|
|-weather|Sandstorm|[upkeep]
|upkeep
|turn|10
|
|t:|1760458683
|move|p1a: ROI-Tyran|Knock Off|p2a: Forretress
|-damage|p2a: Forretress|0 fnt
|faint|p2a: Forretress
|
|-weather|Sandstorm|[upkeep]
|upkeep
|
|t:|1760458697
|switch|p2a: Magnezone|Magnezone|100/100
|-damage|p2a: Magnezone|94/100|[from] Stealth Rock
|turn|11
|
|t:|1760458708
|switch|p1a: Excadrill|Excadrill, M, shiny|100/100
|-item|p1a: Excadrill|Air Balloon
|move|p2a: Magnezone|Flash Cannon|p1a: Excadrill
|-resisted|p1a: Excadrill
|-damage|p1a: Excadrill|51/100
|-enditem|p1a: Excadrill|Air Balloon
|
|-weather|none
|upkeep
|turn|12
|
|t:|1760458720
|switch|p2a: Gliscor|Gliscor, F|100/100
|-damage|p2a: Gliscor|88/100|[from] Stealth Rock
|move|p1a: Excadrill|Earthquake|p2a: Gliscor
|-immune|p2a: Gliscor
|
|-status|p2a: Gliscor|tox|[from] item: Toxic Orb
|upkeep
|turn|13
|
|t:|1760458734
|switch|p1a: Ogerpon|Ogerpon-Wellspring, F|100/100
|move|p2a: Gliscor|Toxic|p1a: Ogerpon|[miss]
|-miss|p2a: Gliscor|p1a: Ogerpon
|
|-heal|p2a: Gliscor|100/100 tox|[from] ability: Poison Heal
|upkeep
|turn|14
|
|t:|1760458748
|move|p1a: Ogerpon|U-turn|p2a: Gliscor
|-resisted|p2a: Gliscor
|-damage|p2a: Gliscor|92/100 tox
|
|t:|1760458753
|switch|p1a: Kyurem|Kyurem|100/100|[from] U-turn
|-ability|p1a: Kyurem|Pressure
|move|p2a: Gliscor|U-turn|p1a: Kyurem
|-damage|p1a: Kyurem|86/100
|
|t:|1760458768
|switch|p2a: Haxorus|Haxorus, M|100/100|[from] U-turn
|-damage|p2a: Haxorus|88/100|[from] Stealth Rock
|-ability|p2a: Haxorus|Mold Breaker
|
|-heal|p2a: Haxorus|94/100|[from] item: Leftovers
|upkeep
|turn|15
|
|t:|1760458784
|switch|p1a: Tinkaton|Tinkaton, F, shiny|56/100 brn
|-terastallize|p2a: Haxorus|Fire
|move|p2a: Haxorus|Swords Dance|p2a: Haxorus
|-boost|p2a: Haxorus|atk|2
|
|-heal|p2a: Haxorus|100/100|[from] item: Leftovers
|-heal|p1a: Tinkaton|63/100 brn|[from] item: Leftovers
|-damage|p1a: Tinkaton|56/100 brn|[from] brn
|upkeep
|turn|16
|
|t:|1760458798
|move|p2a: Haxorus|Tera Blast|p1a: Tinkaton|[anim] Tera Blast Fire
|-supereffective|p1a: Tinkaton
|-damage|p1a: Tinkaton|0 fnt
|faint|p1a: Tinkaton
|
|upkeep
|
|t:|1760458807
|switch|p1a: Ogerpon|Ogerpon-Wellspring, F|100/100
|turn|17
|
|t:|1760458813
|switch|p2a: Spiritomb|Spiritomb, F|73/100 brn
|-damage|p2a: Spiritomb|61/100 brn|[from] Stealth Rock
|-ability|p2a: Spiritomb|Pressure
|move|p1a: Ogerpon|Ivy Cudgel|p2a: Spiritomb|[anim] Ivy Cudgel Water
|-damage|p2a: Spiritomb|0 fnt
|faint|p2a: Spiritomb
|
|upkeep
|-message|aerii718 forfeited.
|
|win|Darck-Meralice
|raw|Darck-Meralice's rating: 1322 &rarr; <strong>1339</strong><br />(+17 for winning)
|raw|aerii718's rating: 1265 &rarr; <strong>1244</strong><br />(-21 for losing)
|l|☆aerii718
|player|p2|
|l|☆Darck-Meralice
|player|p1|
