|j|☆MrHankHill
|j|☆mrmostjonk
|t:|1760395594
|gametype|singles
|player|p1|MrHankHill|wattson|1464
|player|p2|mrmostjonk|ninjaboy|1441
|gen|9
|tier|[Gen 9] OU
|rated|
|rule|HP Percentage Mod: HP is shown in percentages
|rule|Endless Battle Clause: Forcing endless battles is banned
|rule|Species Clause: Limit one of each Pokémon
|rule|OHKO Clause: OHKO moves are banned
|rule|Evasion Items Clause: Evasion items are banned
|rule|Evasion Moves Clause: Evasion moves are banned
|rule|Evasion Abilities Clause: Evasion abilities are banned
|rule|Sleep Moves Clause: Sleep-inducing moves are banned
|clearpoke
|poke|p1|Torkoal, F|
|poke|p1|Dragonite, F|
|poke|p1|Great Tusk|
|poke|p1|Raging Bolt|
|poke|p1|Cinderace, F|
|poke|p1|Landorus-Therian, M|
|poke|p2|Armarouge, F|
|poke|p2|Gardevoir, M|
|poke|p2|Grimmsnarl, M|
|poke|p2|Great Tusk|
|poke|p2|Rillaboom, F|
|poke|p2|Gengar, F|
|teampreview
|inactive|Battle timer is ON: inactive players will automatically lose when time's up. (requested by MrHankHill)
|
|t:|1760395600
|teamsize|p1|6
|teamsize|p2|6
|start
|switch|p1a: Cinderace|Cinderace, F|100/100
|switch|p2a: Gengar|Gengar, F|100/100
|turn|1
|
|t:|1760395613
|move|p1a: Cinderace|Sucker Punch|p2a: Gengar
|-start|p1a: Cinderace|typechange|Dark|[from] ability: Libero
|-supereffective|p2a: Gengar
|-enditem|p2a: Gengar|Focus Sash
|-damage|p2a: Gengar|1/100
|-start|p1a: Cinderace|Disable|Sucker Punch|[from] ability: Cursed Body|[of] p2a: Gengar
|move|p2a: Gengar|Shadow Ball|p1a: Cinderace
|-resisted|p1a: Cinderace
|-damage|p1a: Cinderace|71/100
|
|upkeep
|turn|2
|
|t:|1760395625
|move|p1a: Cinderace|U-turn|p2a: Gengar
|-resisted|p2a: Gengar
|-damage|p2a: Gengar|0 fnt
|faint|p2a: Gengar
|
|t:|1760395631
|switch|p1a: Raging Bolt|Raging Bolt|100/100|[from] U-turn
|
|upkeep
|
|t:|1760395635
|switch|p2a: Grimmsnarl|Grimmsnarl, M|100/100
|turn|3
|
|t:|1760395641
|move|p2a: Grimmsnarl|Light Screen|p2a: Grimmsnarl
|-sidestart|p2: mrmostjonk|move: Light Screen
|move|p1a: Raging Bolt|Volt Switch|p2a: Grimmsnarl
|-damage|p2a: Grimmsnarl|74/100
|
|t:|1760395648
|-end|p1a: Raging Bolt|Protosynthesis|[silent]
|switch|p1a: Cinderace|Cinderace, F|71/100|[from] Volt Switch
|
|upkeep
|turn|4
|
|t:|1760395651
|move|p2a: Grimmsnarl|Thunder Wave|p1a: Cinderace
|-status|p1a: Cinderace|par
|move|p1a: Cinderace|Court Change|p1a: Cinderace
|-start|p1a: Cinderace|typechange|Normal|[from] ability: Libero
|-swapsideconditions
|-activate|p1a: Cinderace|move: Court Change
|
|upkeep
|turn|5
|
|t:|1760395658
|move|p2a: Grimmsnarl|Reflect|p2a: Grimmsnarl
|-sidestart|p2: mrmostjonk|Reflect
|cant|p1a: Cinderace|par
|
|upkeep
|turn|6
|
|t:|1760395661
|cant|p1a: Cinderace|par
|move|p2a: Grimmsnarl|Spirit Break|p1a: Cinderace
|-damage|p1a: Cinderace|24/100 par
|-unboost|p1a: Cinderace|spa|1
|
|upkeep
|turn|7
|
|t:|1760395676
|move|p2a: Grimmsnarl|Light Screen|p2a: Grimmsnarl
|-sidestart|p2: mrmostjonk|move: Light Screen
|move|p1a: Cinderace|Court Change|p1a: Cinderace
|-swapsideconditions
|-activate|p1a: Cinderace|move: Court Change
|
|upkeep
|turn|8
|
|t:|1760395687
|move|p2a: Grimmsnarl|Reflect|p2a: Grimmsnarl
|-sidestart|p2: mrmostjonk|Reflect
|move|p1a: Cinderace|Pyro Ball|p2a: Grimmsnarl
|-damage|p2a: Grimmsnarl|55/100
|
|upkeep
|turn|9
|
|t:|1760395696
|switch|p2a: Rillaboom|Rillaboom, F|100/100
|-fieldstart|move: Grassy Terrain|[from] ability: Grassy Surge|[of] p2a: Rillaboom
|move|p1a: Cinderace|Court Change|p1a: Cinderace
|-swapsideconditions
|-activate|p1a: Cinderace|move: Court Change
|
|-heal|p1a: Cinderace|30/100 par|[from] Grassy Terrain
|upkeep
|turn|10
|
|t:|1760395705
|switch|p2a: Armarouge|Armarouge, F, shiny|100/100
|-enditem|p2a: Armarouge|Grassy Seed
|-boost|p2a: Armarouge|def|1|[from] item: Grassy Seed
|switch|p1a: Torkoal|Torkoal, F|100/100
|-weather|SunnyDay|[from] ability: Drought|[of] p1a: Torkoal
|
|-weather|SunnyDay|[upkeep]
|-sideend|p1: MrHankHill|move: Light Screen
|upkeep
|turn|11
|
|t:|1760395719
|move|p2a: Armarouge|Calm Mind|p2a: Armarouge
|-boost|p2a: Armarouge|spa|1
|-boost|p2a: Armarouge|spd|1
|move|p1a: Torkoal|Clear Smog|p2a: Armarouge
|-damage|p2a: Armarouge|95/100
|-clearboost|p2a: Armarouge
|
|-weather|SunnyDay|[upkeep]
|-heal|p2a: Armarouge|100/100|[from] Grassy Terrain
|upkeep
|turn|12
|
|t:|1760395729
|move|p2a: Armarouge|Calm Mind|p2a: Armarouge
|-boost|p2a: Armarouge|spa|1
|-boost|p2a: Armarouge|spd|1
|move|p1a: Torkoal|Stealth Rock|p2a: Armarouge
|-sidestart|p2: mrmostjonk|move: Stealth Rock
|
|-weather|SunnyDay|[upkeep]
|-sideend|p2: mrmostjonk|Reflect
|upkeep
|turn|13
|
|t:|1760395738
|move|p2a: Armarouge|Stored Power|p1a: Torkoal
|-damage|p1a: Torkoal|50/100
|move|p1a: Torkoal|Clear Smog|p2a: Armarouge
|-damage|p2a: Armarouge|95/100
|-clearboost|p2a: Armarouge
|
|-weather|SunnyDay|[upkeep]
|-heal|p2a: Armarouge|100/100|[from] Grassy Terrain
|-heal|p1a: Torkoal|56/100|[from] Grassy Terrain
|upkeep
|turn|14
|inactive|MrHankHill has 120 seconds left.
|
|t:|1760395770
|move|p2a: Armarouge|Iron Defense|p2a: Armarouge
|-boost|p2a: Armarouge|def|2
|move|p1a: Torkoal|Clear Smog|p2a: Armarouge
|-damage|p2a: Armarouge|92/100
|-clearboost|p2a: Armarouge
|
|-weather|SunnyDay|[upkeep]
|-heal|p2a: Armarouge|98/100|[from] Grassy Terrain
|-heal|p1a: Torkoal|63/100|[from] Grassy Terrain
|-sideend|p2: mrmostjonk|move: Light Screen
|upkeep
|turn|15
|inactive|MrHankHill has 120 seconds left.
|
|t:|1760395780
|move|p2a: Armarouge|Aura Sphere|p1a: Torkoal
|-damage|p1a: Torkoal|33/100
|move|p1a: Torkoal|Clear Smog|p2a: Armarouge
|-damage|p2a: Armarouge|81/100
|-clearboost|p2a: Armarouge
|
|-weather|SunnyDay|[upkeep]
|-heal|p2a: Armarouge|87/100|[from] Grassy Terrain
|-heal|p1a: Torkoal|39/100|[from] Grassy Terrain
|-sideend|p1: MrHankHill|Reflect
|upkeep
|turn|16
|
|t:|1760395789
|switch|p1a: Raging Bolt|Raging Bolt|100/100
|-activate|p1a: Raging Bolt|ability: Protosynthesis
|-start|p1a: Raging Bolt|protosynthesisspa
|move|p2a: Armarouge|Iron Defense|p2a: Armarouge
|-boost|p2a: Armarouge|def|2
|
|-weather|SunnyDay|[upkeep]
|-heal|p2a: Armarouge|93/100|[from] Grassy Terrain
|-fieldend|move: Grassy Terrain
|upkeep
|turn|17
|inactive|mrmostjonk has 120 seconds left.
|
|t:|1760395820
|move|p1a: Raging Bolt|Volt Switch|p2a: Armarouge
|-damage|p2a: Armarouge|1/100
|
|t:|1760395828
|-end|p1a: Raging Bolt|Protosynthesis|[silent]
|switch|p1a: Cinderace|Cinderace, F|30/100 par|[from] Volt Switch
|move|p2a: Armarouge|Stored Power|p1a: Cinderace
|-damage|p1a: Cinderace|0 fnt
|faint|p1a: Cinderace
|
|-weather|none
|upkeep
|inactive|MrHankHill has 120 seconds left.
|
|t:|1760395838
|switch|p1a: Great Tusk|Great Tusk|100/100
|turn|18
|
|t:|1760395853
|switch|p2a: Rillaboom|Rillaboom, F|100/100
|-damage|p2a: Rillaboom|88/100|[from] Stealth Rock
|-fieldstart|move: Grassy Terrain|[from] ability: Grassy Surge|[of] p2a: Rillaboom
|move|p1a: Great Tusk|Rapid Spin|p2a: Rillaboom
|-damage|p2a: Rillaboom|70/100
|-boost|p1a: Great Tusk|spe|1
|
|-heal|p2a: Rillaboom|76/100|[from] Grassy Terrain
|upkeep
|turn|19
|
|t:|1760395866
|-end|p1a: Great Tusk|Protosynthesis|[silent]
|switch|p1a: Torkoal|Torkoal, F|39/100
|-weather|SunnyDay|[from] ability: Drought|[of] p1a: Torkoal
|switch|p2a: Armarouge|Armarouge, F, shiny|1/100
|-damage|p2a: Armarouge|0 fnt|[from] Stealth Rock
|faint|p2a: Armarouge
|
|-weather|SunnyDay|[upkeep]
|-heal|p1a: Torkoal|45/100|[from] Grassy Terrain
|upkeep
|
|t:|1760395878
|switch|p2a: Great Tusk|Great Tusk|100/100
|-damage|p2a: Great Tusk|98/100|[from] Stealth Rock
|-activate|p2a: Great Tusk|ability: Protosynthesis
|-start|p2a: Great Tusk|protosynthesisspe
|turn|20
|
|t:|1760395884
|move|p2a: Great Tusk|Headlong Rush|p1a: Torkoal
|-supereffective|p1a: Torkoal
|-damage|p1a: Torkoal|0 fnt
|-unboost|p2a: Great Tusk|def|1
|-unboost|p2a: Great Tusk|spd|1
|faint|p1a: Torkoal
|
|-weather|SunnyDay|[upkeep]
|-heal|p2a: Great Tusk|100/100|[from] Grassy Terrain
|upkeep
|
|t:|1760395890
|switch|p1a: Great Tusk|Great Tusk|100/100
|-activate|p1a: Great Tusk|ability: Protosynthesis
|-start|p1a: Great Tusk|protosynthesisatk
|turn|21
|
|t:|1760395899
|move|p2a: Great Tusk|Bulk Up|p2a: Great Tusk
|-boost|p2a: Great Tusk|atk|1
|-boost|p2a: Great Tusk|def|1
|move|p1a: Great Tusk|Close Combat|p2a: Great Tusk
|-damage|p2a: Great Tusk|50/100
|-unboost|p1a: Great Tusk|def|1
|-unboost|p1a: Great Tusk|spd|1
|
|-weather|SunnyDay|[upkeep]
|-heal|p2a: Great Tusk|57/100|[from] Grassy Terrain
|upkeep
|turn|22
|
|t:|1760395909
|move|p2a: Great Tusk|Bulk Up|p2a: Great Tusk
|-boost|p2a: Great Tusk|atk|1
|-boost|p2a: Great Tusk|def|1
|move|p1a: Great Tusk|Rapid Spin|p2a: Great Tusk
|-damage|p2a: Great Tusk|46/100
|-boost|p1a: Great Tusk|spe|1
|
|-weather|SunnyDay|[upkeep]
|-heal|p2a: Great Tusk|53/100|[from] Grassy Terrain
|upkeep
|turn|23
|
|t:|1760395925
|move|p1a: Great Tusk|Ice Spinner|p2a: Great Tusk
|-supereffective|p2a: Great Tusk
|-damage|p2a: Great Tusk|20/100
|-fieldend|move: Grassy Terrain
|move|p2a: Great Tusk|Rapid Spin|p1a: Great Tusk
|-damage|p1a: Great Tusk|71/100
|-boost|p2a: Great Tusk|spe|1
|-damage|p2a: Great Tusk|4/100|[from] item: Rocky Helmet|[of] p1a: Great Tusk
|-sideend|p2: mrmostjonk|Stealth Rock|[from] move: Rapid Spin|[of] p2a: Great Tusk
|
|-weather|SunnyDay|[upkeep]
|upkeep
|turn|24
|
|t:|1760395939
|move|p2a: Great Tusk|Headlong Rush|p1a: Great Tusk
|-damage|p1a: Great Tusk|0 fnt
|-unboost|p2a: Great Tusk|def|1
|-unboost|p2a: Great Tusk|spd|1
|-damage|p2a: Great Tusk|0 fnt|[from] item: Rocky Helmet|[of] p1a: Great Tusk
|faint|p1a: Great Tusk
|-end|p1a: Great Tusk|Protosynthesis|[silent]
|faint|p2a: Great Tusk
|-end|p2a: Great Tusk|Protosynthesis|[silent]
|
|-weather|SunnyDay|[upkeep]
|upkeep
|
|t:|1760395949
|switch|p2a: Grimmsnarl|Grimmsnarl, M|55/100
|switch|p1a: Raging Bolt|Raging Bolt|100/100
|-activate|p1a: Raging Bolt|ability: Protosynthesis
|-start|p1a: Raging Bolt|protosynthesisspa
|turn|25
|
|t:|1760395956
|move|p2a: Grimmsnarl|Light Screen|p2a: Grimmsnarl
|-sidestart|p2: mrmostjonk|move: Light Screen
|move|p1a: Raging Bolt|Weather Ball|p2a: Grimmsnarl
|-damage|p2a: Grimmsnarl|4/100
|
|-weather|SunnyDay|[upkeep]
|upkeep
|turn|26
|
|t:|1760395961
|move|p2a: Grimmsnarl|Reflect|p2a: Grimmsnarl
|-sidestart|p2: mrmostjonk|Reflect
|move|p1a: Raging Bolt|Weather Ball|p2a: Grimmsnarl
|-damage|p2a: Grimmsnarl|0 fnt
|faint|p2a: Grimmsnarl
|
|-weather|none
|-end|p1a: Raging Bolt|Protosynthesis
|upkeep
|
|t:|1760395969
|switch|p2a: Rillaboom|Rillaboom, F|76/100
|-fieldstart|move: Grassy Terrain|[from] ability: Grassy Surge|[of] p2a: Rillaboom
|turn|27
|
|t:|1760395975
|-end|p1a: Raging Bolt|Protosynthesis|[silent]
|switch|p1a: Landorus|Landorus-Therian, M|100/100
|-ability|p1a: Landorus|Intimidate|boost
|-unboost|p2a: Rillaboom|atk|1
|switch|p2a: Gardevoir|Gardevoir, M|100/100
|-ability|p2a: Gardevoir|Intimidate|Trace|[from] ability: Trace|[of] p1a: Landorus
|-ability|p2a: Gardevoir|Intimidate|boost
|-unboost|p1a: Landorus|atk|1
|-enditem|p2a: Gardevoir|Grassy Seed
|-boost|p2a: Gardevoir|def|1|[from] item: Grassy Seed
|
|upkeep
|turn|28
|
|t:|1760395990
|move|p1a: Landorus|U-turn|p2a: Gardevoir
|-damage|p2a: Gardevoir|94/100
|
|t:|1760395996
|switch|p1a: Raging Bolt|Raging Bolt|100/100|[from] U-turn
|move|p2a: Gardevoir|Calm Mind|p2a: Gardevoir
|-boost|p2a: Gardevoir|spa|1
|-boost|p2a: Gardevoir|spd|1
|
|-heal|p2a: Gardevoir|99/100|[from] Grassy Terrain
|upkeep
|turn|29
|
|t:|1760396003
|move|p1a: Raging Bolt|Volt Switch|p2a: Gardevoir
|-damage|p2a: Gardevoir|82/100
|
|t:|1760396005
|-end|p1a: Raging Bolt|Protosynthesis|[silent]
|switch|p1a: Dragonite|Dragonite, F|100/100|[from] Volt Switch
|move|p2a: Gardevoir|Calm Mind|p2a: Gardevoir
|-boost|p2a: Gardevoir|spa|1
|-boost|p2a: Gardevoir|spd|1
|
|-heal|p2a: Gardevoir|88/100|[from] Grassy Terrain
|upkeep
|turn|30
|
|t:|1760396013
|move|p1a: Dragonite|Encore|p2a: Gardevoir
|-start|p2a: Gardevoir|Encore
|move|p2a: Gardevoir|Calm Mind|p2a: Gardevoir
|-boost|p2a: Gardevoir|spa|1
|-boost|p2a: Gardevoir|spd|1
|
|-heal|p2a: Gardevoir|94/100|[from] Grassy Terrain
|upkeep
|turn|31
|-message|mrmostjonk forfeited.
|
|win|MrHankHill
|raw|MrHankHill's rating: 1464 &rarr; <strong>1483</strong><br />(+19 for winning)
|raw|mrmostjonk's rating: 1441 &rarr; <strong>1422</strong><br />(-19 for losing)
|l|☆mrmostjonk
|player|p2|
