|j|☆ArmandoG624
|j|☆p4cm4x
|t:|1760339509
|gametype|singles
|player|p1|ArmandoG624|169|1383
|player|p2|p4cm4x|unknown|1332
|gen|9
|tier|[Gen 9] OU
|rated|
|rule|HP Percentage Mod: HP is shown in percentages
|rule|Endless Battle Clause: Forcing endless battles is banned
|rule|Species Clause: Limit one of each Pokémon
|rule|OHKO Clause: OHKO moves are banned
|rule|Evasion Items Clause: Evasion items are banned
|rule|Evasion Moves Clause: Evasion moves are banned
|rule|Evasion Abilities Clause: Evasion abilities are banned
|rule|Sleep Moves Clause: Sleep-inducing moves are banned
|clearpoke
|poke|p1|Raging Bolt|
|poke|p1|Enamorus, F|
|poke|p1|Great Tusk|
|poke|p1|Meowscarada, M|
|poke|p1|Slowking-Galar, M|
|poke|p1|Scizor, M|
|poke|p2|Araquanid, F|
|poke|p2|Ting-Lu|
|poke|p2|Pelipper, M|
|poke|p2|Jirachi|
|poke|p2|Conkeldurr, F|
|poke|p2|Comfey, M|
|teampreview
|inactive|Battle timer is ON: inactive players will automatically lose when time's up. (requested by p4cm4x)
|
|t:|1760339519
|teamsize|p1|6
|teamsize|p2|6
|start
|switch|p1a: Raging Bolt|Raging Bolt|100/100
|switch|p2a: Jirachi|Jirachi|100/100
|turn|1
|
|t:|1760339532
|-end|p1a: Raging Bolt|Protosynthesis|[silent]
|switch|p1a: Meowscarada|Meowscarada, M|100/100
|move|p2a: Jirachi|Stealth Rock|p1a: Meowscarada
|-sidestart|p1: ArmandoG624|move: Stealth Rock
|
|upkeep
|turn|2
|l|☆p4cm4x
|inactive|p4cm4x disconnected and has a minute to reconnect!
|player|p2|
|j|☆p4cm4x
|inactive|p4cm4x reconnected and has 105 seconds left.
|player|p2|p4cm4x|unknown|
|
|t:|1760339589
|switch|p2a: Comfey|Comfey, M|100/100
|move|p1a: Meowscarada|Knock Off|p2a: Comfey
|-start|p1a: Meowscarada|typechange|Dark|[from] ability: Protean
|-resisted|p2a: Comfey
|-damage|p2a: Comfey|72/100
|-enditem|p2a: Comfey|Leftovers|[from] move: Knock Off|[of] p1a: Meowscarada
|
|upkeep
|turn|3
|
|t:|1760339597
|switch|p1a: Slowking|Slowking-Galar, M|100/100
|move|p2a: Comfey|Draining Kiss|p1a: Slowking
|-resisted|p1a: Slowking
|-damage|p1a: Slowking|96/100
|-heal|p2a: Comfey|76/100|[from] drain|[of] p1a: Slowking
|
|upkeep
|turn|4
|
|t:|1760339604
|switch|p2a: Conkeldurr|Conkeldurr, F|100/100
|move|p1a: Slowking|Toxic|p2a: Conkeldurr
|-status|p2a: Conkeldurr|tox
|
|-damage|p2a: Conkeldurr|94/100 tox|[from] psn
|upkeep
|turn|5
|
|t:|1760339609
|switch|p1a: Great Tusk|Great Tusk|100/100
|-damage|p1a: Great Tusk|98/100|[from] Stealth Rock
|move|p2a: Conkeldurr|Knock Off|p1a: Great Tusk
|-resisted|p1a: Great Tusk
|-damage|p1a: Great Tusk|78/100
|-enditem|p1a: Great Tusk|Leftovers|[from] move: Knock Off|[of] p2a: Conkeldurr
|
|-damage|p2a: Conkeldurr|82/100 tox|[from] psn
|upkeep
|turn|6
|
|t:|1760339620
|switch|p2a: Jirachi|Jirachi|100/100
|move|p1a: Great Tusk|Rapid Spin|p2a: Jirachi
|-resisted|p2a: Jirachi
|-damage|p2a: Jirachi|94/100
|-boost|p1a: Great Tusk|spe|1
|-sideend|p1: ArmandoG624|Stealth Rock|[from] move: Rapid Spin|[of] p1a: Great Tusk
|
|-heal|p2a: Jirachi|100/100|[from] item: Leftovers
|upkeep
|turn|7
|
|t:|1760339637
|-end|p1a: Great Tusk|Protosynthesis|[silent]
|switch|p1a: Meowscarada|Meowscarada, M|100/100
|move|p2a: Jirachi|Psychic|p1a: Meowscarada
|-immune|p1a: Meowscarada
|
|upkeep
|turn|8
|inactive|p4cm4x has 120 seconds left.
|
|t:|1760339650
|switch|p2a: Conkeldurr|Conkeldurr, F|82/100 tox
|move|p1a: Meowscarada|Spikes|p2a: Conkeldurr
|-start|p1a: Meowscarada|typechange|Ground|[from] ability: Protean
|-sidestart|p2: p4cm4x|Spikes
|
|-damage|p2a: Conkeldurr|76/100 tox|[from] psn
|upkeep
|turn|9
|
|t:|1760339660
|switch|p1a: Great Tusk|Great Tusk|78/100
|move|p2a: Conkeldurr|Knock Off|p1a: Great Tusk
|-resisted|p1a: Great Tusk
|-damage|p1a: Great Tusk|67/100
|
|-damage|p2a: Conkeldurr|64/100 tox|[from] psn
|upkeep
|turn|10
|
|t:|1760339670
|switch|p2a: Jirachi|Jirachi|100/100
|-damage|p2a: Jirachi|88/100|[from] Spikes
|move|p1a: Great Tusk|Earthquake|p2a: Jirachi
|-supereffective|p2a: Jirachi
|-damage|p2a: Jirachi|21/100
|
|-heal|p2a: Jirachi|27/100|[from] item: Leftovers
|upkeep
|turn|11
|
|t:|1760339682
|move|p2a: Jirachi|U-turn|p1a: Great Tusk
|-resisted|p1a: Great Tusk
|-damage|p1a: Great Tusk|62/100
|
|t:|1760339689
|switch|p2a: Pelipper|Pelipper, M|100/100|[from] U-turn
|-weather|RainDance|[from] ability: Drizzle|[of] p2a: Pelipper
|move|p1a: Great Tusk|Earthquake|p2a: Pelipper
|-immune|p2a: Pelipper
|
|-weather|RainDance|[upkeep]
|upkeep
|turn|12
|
|t:|1760339703
|-end|p1a: Great Tusk|Protosynthesis|[silent]
|switch|p1a: Enamorus|Enamorus, F|100/100
|move|p2a: Pelipper|Hurricane|p1a: Enamorus
|-damage|p1a: Enamorus|59/100
|
|-weather|RainDance|[upkeep]
|upkeep
|turn|13
|
|t:|1760339721
|switch|p2a: Jirachi|Jirachi|27/100
|-damage|p2a: Jirachi|15/100|[from] Spikes
|move|p1a: Enamorus|Moonblast|p2a: Jirachi
|-resisted|p2a: Jirachi
|-damage|p2a: Jirachi|0 fnt
|faint|p2a: Jirachi
|
|-weather|RainDance|[upkeep]
|upkeep
|inactive|p4cm4x has 120 seconds left.
|
|t:|1760339734
|switch|p2a: Pelipper|Pelipper, M|100/100
|turn|14
|
|t:|1760339741
|move|p2a: Pelipper|Weather Ball|p1a: Enamorus
|-damage|p1a: Enamorus|0 fnt
|faint|p1a: Enamorus
|
|-weather|RainDance|[upkeep]
|upkeep
|
|t:|1760339763
|switch|p1a: Meowscarada|Meowscarada, M|100/100
|turn|15
|
|t:|1760339778
|switch|p2a: Conkeldurr|Conkeldurr, F|64/100 tox
|-damage|p2a: Conkeldurr|52/100 tox|[from] Spikes
|move|p1a: Meowscarada|Flower Trick|p2a: Conkeldurr
|-start|p1a: Meowscarada|typechange|Grass|[from] ability: Protean
|-crit|p2a: Conkeldurr
|-damage|p2a: Conkeldurr|0 fnt
|faint|p2a: Conkeldurr
|
|-weather|none
|upkeep
|inactive|p4cm4x has 120 seconds left.
|
|t:|1760339801
|switch|p2a: Pelipper|Pelipper, M|100/100
|-weather|RainDance|[from] ability: Drizzle|[of] p2a: Pelipper
|turn|16
|inactive|p4cm4x has 120 seconds left.
|
|t:|1760339816
|switch|p1a: Raging Bolt|Raging Bolt|100/100
|switch|p2a: Comfey|Comfey, M|76/100
|-damage|p2a: Comfey|64/100|[from] Spikes
|
|-weather|RainDance|[upkeep]
|upkeep
|turn|17
|inactive|p4cm4x has 120 seconds left.
|
|t:|1760339831
|switch|p2a: Ting-Lu|Ting-Lu|100/100
|-damage|p2a: Ting-Lu|88/100|[from] Spikes
|-ability|p2a: Ting-Lu|Vessel of Ruin
|-end|p1a: Raging Bolt|Protosynthesis|[silent]
|switch|p1a: Slowking|Slowking-Galar, M|100/100
|
|-weather|RainDance|[upkeep]
|upkeep
|turn|18
|
|t:|1760339841
|move|p2a: Ting-Lu|Earthquake|p1a: Slowking
|-supereffective|p1a: Slowking
|-damage|p1a: Slowking|0 fnt
|faint|p1a: Slowking
|
|-weather|RainDance|[upkeep]
|upkeep
|c|☆ArmandoG624|is that banded???
|inactive|ArmandoG624 has 120 seconds left.
|
|t:|1760339879
|switch|p1a: Meowscarada|Meowscarada, M|100/100
|turn|19
|inactive|p4cm4x has 120 seconds left.
|c|☆p4cm4x|Nope
|
|t:|1760339898
|switch|p2a: Comfey|Comfey, M|64/100
|-damage|p2a: Comfey|51/100|[from] Spikes
|-terastallize|p1a: Meowscarada|Grass
|move|p1a: Meowscarada|Flower Trick|p2a: Comfey
|-crit|p2a: Comfey
|-damage|p2a: Comfey|0 fnt
|faint|p2a: Comfey
|
|-weather|RainDance|[upkeep]
|upkeep
|
|t:|1760339913
|switch|p2a: Araquanid|Araquanid, F|100/100
|-damage|p2a: Araquanid|88/100|[from] Spikes
|turn|20
|inactive|ArmandoG624 has 120 seconds left.
|l|☆p4cm4x
|inactive|p4cm4x disconnected and has a minute to reconnect!
|player|p2|
|c|☆ArmandoG624|just max atk ig
|j|☆p4cm4x
|inactive|p4cm4x reconnected.
|player|p2|p4cm4x|unknown|
|
|t:|1760339958
|-terastallize|p2a: Araquanid|Grass
|move|p1a: Meowscarada|Flower Trick|p2a: Araquanid
|-resisted|p2a: Araquanid
|-crit|p2a: Araquanid
|-damage|p2a: Araquanid|38/100
|move|p2a: Araquanid|Leech Life|p1a: Meowscarada
|-supereffective|p1a: Meowscarada
|-damage|p1a: Meowscarada|4/100
|-heal|p2a: Araquanid|80/100|[from] drain|[of] p1a: Meowscarada
|
|-weather|none
|upkeep
|turn|21
|c|☆p4cm4x|Yep
|
|t:|1760339977
|switch|p1a: Scizor|Scizor, M|100/100
|move|p2a: Araquanid|Liquidation|p1a: Scizor
|-damage|p1a: Scizor|38/100
|
|upkeep
|turn|22
|l|☆p4cm4x
|inactive|p4cm4x disconnected and has a minute to reconnect!
|player|p2|
|j|☆p4cm4x
|inactive|p4cm4x reconnected and has 95 seconds left.
|player|p2|p4cm4x|unknown|
|inactive|p4cm4x has 90 seconds left.
|
|t:|1760340009
|switch|p2a: Pelipper|Pelipper, M|100/100
|-weather|RainDance|[from] ability: Drizzle|[of] p2a: Pelipper
|move|p1a: Scizor|Close Combat|p2a: Pelipper
|-resisted|p2a: Pelipper
|-crit|p2a: Pelipper
|-damage|p2a: Pelipper|41/100
|-unboost|p1a: Scizor|def|1
|-unboost|p1a: Scizor|spd|1
|-damage|p1a: Scizor|28/100|[from] item: Life Orb
|
|-weather|RainDance|[upkeep]
|upkeep
|turn|23
|inactive|p4cm4x has 90 seconds left.
|
|t:|1760340021
|switch|p1a: Great Tusk|Great Tusk|62/100
|move|p2a: Pelipper|Weather Ball|p1a: Great Tusk
|-supereffective|p1a: Great Tusk
|-damage|p1a: Great Tusk|0 fnt
|faint|p1a: Great Tusk
|-end|p1a: Great Tusk|Protosynthesis|[silent]
|
|-weather|RainDance|[upkeep]
|upkeep
|
|t:|1760340024
|switch|p1a: Meowscarada|Meowscarada, M, tera:Grass|4/100
|turn|24
|inactive|p4cm4x has 90 seconds left.
|inactive|ArmandoG624 has 90 seconds left.
|c|☆p4cm4x|I have connection issues sorry idk why
|inactive|ArmandoG624 has 60 seconds left.
|
|t:|1760340096
|switch|p1a: Raging Bolt|Raging Bolt|100/100
|move|p2a: Pelipper|Weather Ball|p1a: Raging Bolt
|-resisted|p1a: Raging Bolt
|-damage|p1a: Raging Bolt|82/100
|
|-weather|RainDance|[upkeep]
|upkeep
|turn|25
|
|t:|1760340105
|switch|p2a: Ting-Lu|Ting-Lu|88/100
|-damage|p2a: Ting-Lu|76/100|[from] Spikes
|-ability|p2a: Ting-Lu|Vessel of Ruin
|-end|p1a: Raging Bolt|Protosynthesis|[silent]
|switch|p1a: Meowscarada|Meowscarada, M, tera:Grass|4/100
|
|-weather|RainDance|[upkeep]
|upkeep
|turn|26
|
|t:|1760340112
|switch|p2a: Pelipper|Pelipper, M|41/100
|move|p1a: Meowscarada|Flower Trick|p2a: Pelipper
|-crit|p2a: Pelipper
|-damage|p2a: Pelipper|0 fnt
|faint|p2a: Pelipper
|
|-weather|none
|upkeep
|
|t:|1760340115
|switch|p2a: Araquanid|Araquanid, F, tera:Grass|80/100
|-damage|p2a: Araquanid|67/100|[from] Spikes
|turn|27
|inactive|ArmandoG624 has 60 seconds left.
|
|t:|1760340141
|switch|p1a: Raging Bolt|Raging Bolt|82/100
|move|p2a: Araquanid|Liquidation|p1a: Raging Bolt
|-resisted|p1a: Raging Bolt
|-damage|p1a: Raging Bolt|55/100
|
|upkeep
|turn|28
|inactive|ArmandoG624 has 60 seconds left.
|
|t:|1760340150
|move|p1a: Raging Bolt|Volt Switch|p2a: Araquanid
|-resisted|p2a: Araquanid
|-damage|p2a: Araquanid|56/100
|inactive|ArmandoG624 has 60 seconds left.
|
|t:|1760340158
|-end|p1a: Raging Bolt|Protosynthesis|[silent]
|switch|p1a: Scizor|Scizor, M|28/100|[from] Volt Switch
|move|p2a: Araquanid|Leech Life|p1a: Scizor
|-resisted|p1a: Scizor
|-damage|p1a: Scizor|14/100
|-heal|p2a: Araquanid|63/100|[from] drain|[of] p1a: Scizor
|
|upkeep
|turn|29
|
|t:|1760340167
|move|p1a: Scizor|Close Combat|p2a: Araquanid
|-damage|p2a: Araquanid|0 fnt
|-unboost|p1a: Scizor|def|1
|-unboost|p1a: Scizor|spd|1
|faint|p2a: Araquanid
|-damage|p1a: Scizor|4/100|[from] item: Life Orb
|
|upkeep
|
|t:|1760340170
|switch|p2a: Ting-Lu|Ting-Lu|76/100
|-damage|p2a: Ting-Lu|63/100|[from] Spikes
|-ability|p2a: Ting-Lu|Vessel of Ruin
|turn|30
|
|t:|1760340174
|move|p1a: Scizor|Close Combat|p2a: Ting-Lu
|-supereffective|p2a: Ting-Lu
|-damage|p2a: Ting-Lu|0 fnt
|-unboost|p1a: Scizor|def|1
|-unboost|p1a: Scizor|spd|1
|faint|p2a: Ting-Lu
|-damage|p1a: Scizor|0 fnt|[from] item: Life Orb
|faint|p1a: Scizor
|
|win|ArmandoG624
|raw|ArmandoG624's rating: 1383 &rarr; <strong>1400</strong><br />(+17 for winning)
|raw|p4cm4x's rating: 1332 &rarr; <strong>1315</strong><br />(-17 for losing)
|c|☆ArmandoG624|gg
|c|☆p4cm4x|GG
|l|☆p4cm4x
|player|p2|
