|j|☆geekbarthief
|j|☆BBT94
|t:|1760448229
|gametype|singles
|player|p1|geekbarthief|boarder|1587
|player|p2|BBT94|102|1617
|gen|9
|tier|[Gen 9] OU
|rated|
|rule|HP Percentage Mod: HP is shown in percentages
|rule|Endless Battle Clause: Forcing endless battles is banned
|rule|Species Clause: Limit one of each Pokémon
|rule|OHKO Clause: OHKO moves are banned
|rule|Evasion Items Clause: Evasion items are banned
|rule|Evasion Moves Clause: Evasion moves are banned
|rule|Evasion Abilities Clause: Evasion abilities are banned
|rule|Sleep Moves Clause: Sleep-inducing moves are banned
|clearpoke
|poke|p1|Ogerpon-Wellspring, F|
|poke|p1|Primarina, F|
|poke|p1|Zamazenta-*|
|poke|p1|Dragonite, F|
|poke|p1|Iron Treads|
|poke|p1|Hatterene, F|
|poke|p2|Araquanid, M|
|poke|p2|Kingambit, M|
|poke|p2|Iron Treads|
|poke|p2|Enamorus, F|
|poke|p2|Gholdengo|
|poke|p2|Blaziken, M|
|teampreview
|inactive|Battle timer is ON: inactive players will automatically lose when time's up. (requested by geekbarthief)
|inactive|geekbarthief has 120 seconds left.
|
|t:|1760448272
|teamsize|p1|6
|teamsize|p2|6
|start
|switch|p1a: Ogerpon|Ogerpon-Wellspring, F|100/100
|switch|p2a: PILOT|Araquanid, M|100/100
|turn|1
|
|t:|1760448297
|switch|p1a: Hatterene|Hatterene, F|100/100
|move|p2a: PILOT|Sticky Web|p1a: Hatterene
|move|p1a: Hatterene|Sticky Web|p2a: PILOT|[from] ability: Magic Bounce
|-sidestart|p2: BBT94|move: Sticky Web
|
|upkeep
|turn|2
|
|t:|1760448317
|move|p2a: PILOT|Surf|p1a: Hatterene
|-crit|p1a: Hatterene
|-damage|p1a: Hatterene|11/100
|-enditem|p1a: Hatterene|Eject Button
|
|t:|1760448323
|switch|p1a: Ogerpon|Ogerpon-Wellspring, F|100/100
|
|upkeep
|turn|3
|
|t:|1760448332
|switch|p2a: SMUCKERS|Gholdengo|100/100
|-activate|p2a: SMUCKERS|move: Sticky Web
|-unboost|p2a: SMUCKERS|spe|1
|move|p1a: Ogerpon|Knock Off|p2a: SMUCKERS
|-supereffective|p2a: SMUCKERS
|-damage|p2a: SMUCKERS|19/100
|-enditem|p2a: SMUCKERS|Metal Coat|[from] move: Knock Off|[of] p1a: Ogerpon
|
|upkeep
|turn|4
|
|t:|1760448340
|switch|p2a: DEATHCAMP|Kingambit, M|100/100
|-activate|p2a: DEATHCAMP|move: Sticky Web
|-unboost|p2a: DEATHCAMP|spe|1
|move|p1a: Ogerpon|Power Whip|p2a: DEATHCAMP
|-resisted|p2a: DEATHCAMP
|-damage|p2a: DEATHCAMP|71/100
|
|upkeep
|turn|5
|
|t:|1760448349
|switch|p1a: Primarina|Primarina, F|100/100
|move|p2a: DEATHCAMP|Kowtow Cleave|p1a: Primarina
|-resisted|p1a: Primarina
|-damage|p1a: Primarina|75/100
|
|-heal|p1a: Primarina|81/100|[from] item: Leftovers
|upkeep
|turn|6
|
|t:|1760448354
|-end|p2a: DEATHCAMP|fallenundefined|[silent]
|switch|p2a: QUARTZ|Iron Treads|100/100
|-activate|p2a: QUARTZ|move: Sticky Web
|-unboost|p2a: QUARTZ|spe|1
|-enditem|p2a: QUARTZ|Booster Energy
|-activate|p2a: QUARTZ|ability: Quark Drive|[fromitem]
|-start|p2a: QUARTZ|quarkdriveatk
|move|p1a: Primarina|Psychic Noise|p2a: QUARTZ
|-supereffective|p2a: QUARTZ
|-damage|p2a: QUARTZ|18/100
|-start|p2a: QUARTZ|move: Heal Block
|
|-heal|p1a: Primarina|87/100|[from] item: Leftovers
|upkeep
|turn|7
|
|t:|1760448363
|move|p2a: QUARTZ|Rapid Spin|p1a: Primarina
|-damage|p1a: Primarina|68/100
|-boost|p2a: QUARTZ|spe|1
|-sideend|p2: BBT94|Sticky Web|[from] move: Rapid Spin|[of] p2a: QUARTZ
|move|p1a: Primarina|Psychic Noise|p2a: QUARTZ
|-supereffective|p2a: QUARTZ
|-damage|p2a: QUARTZ|0 fnt
|faint|p2a: QUARTZ
|-end|p2a: QUARTZ|Quark Drive|[silent]
|
|-heal|p1a: Primarina|74/100|[from] item: Leftovers
|upkeep
|
|t:|1760448368
|switch|p2a: SMUCKERS|Gholdengo|19/100
|turn|8
|j| wgw2333
|
|t:|1760448373
|switch|p1a: Iron Treads|Iron Treads|100/100
|move|p2a: SMUCKERS|Make It Rain|p1a: Iron Treads
|-resisted|p1a: Iron Treads
|-damage|p1a: Iron Treads|51/100
|-unboost|p2a: SMUCKERS|spa|1
|
|-heal|p1a: Iron Treads|57/100|[from] item: Leftovers
|upkeep
|turn|9
|
|t:|1760448378
|switch|p2a: BUFFALO|Blaziken, M|100/100
|-item|p2a: BUFFALO|Air Balloon
|move|p1a: Iron Treads|Stealth Rock|p2a: BUFFALO
|-sidestart|p2: BBT94|move: Stealth Rock
|
|-heal|p1a: Iron Treads|63/100|[from] item: Leftovers
|upkeep
|turn|10
|
|t:|1760448387
|move|p1a: Iron Treads|Knock Off|p2a: BUFFALO
|-resisted|p2a: BUFFALO
|-damage|p2a: BUFFALO|78/100
|-enditem|p2a: BUFFALO|Air Balloon
|move|p2a: BUFFALO|Swords Dance|p2a: BUFFALO
|-boost|p2a: BUFFALO|atk|2
|
|-heal|p1a: Iron Treads|70/100|[from] item: Leftovers
|-ability|p2a: BUFFALO|Speed Boost|boost
|-boost|p2a: BUFFALO|spe|1
|upkeep
|turn|11
|
|t:|1760448390
|move|p2a: BUFFALO|Close Combat|p1a: Iron Treads
|-supereffective|p1a: Iron Treads
|-damage|p1a: Iron Treads|0 fnt
|-unboost|p2a: BUFFALO|def|1
|-unboost|p2a: BUFFALO|spd|1
|faint|p1a: Iron Treads
|-end|p1a: Iron Treads|Quark Drive|[silent]
|
|-ability|p2a: BUFFALO|Speed Boost|boost
|-boost|p2a: BUFFALO|spe|1
|upkeep
|
|t:|1760448398
|switch|p1a: Primarina|Primarina, F|74/100
|turn|12
|
|t:|1760448406
|move|p2a: BUFFALO|Close Combat|p1a: Primarina
|-resisted|p1a: Primarina
|-damage|p1a: Primarina|17/100
|-unboost|p2a: BUFFALO|def|1
|-unboost|p2a: BUFFALO|spd|1
|move|p1a: Primarina|Psychic Noise|p2a: BUFFALO
|-supereffective|p2a: BUFFALO
|-damage|p2a: BUFFALO|0 fnt
|faint|p2a: BUFFALO
|
|-heal|p1a: Primarina|23/100|[from] item: Leftovers
|upkeep
|
|t:|1760448409
|switch|p2a: DEATHCAMP|Kingambit, M|71/100
|-damage|p2a: DEATHCAMP|64/100|[from] Stealth Rock
|-activate|p2a: DEATHCAMP|ability: Supreme Overlord
|-start|p2a: DEATHCAMP|fallen2|[silent]
|turn|13
|
|t:|1760448412
|move|p2a: DEATHCAMP|Kowtow Cleave|p1a: Primarina
|-resisted|p1a: Primarina
|-damage|p1a: Primarina|0 fnt
|faint|p1a: Primarina
|
|upkeep
|
|t:|1760448427
|switch|p1a: Zamazenta|Zamazenta|100/100
|-ability|p1a: Zamazenta|Dauntless Shield|boost
|-boost|p1a: Zamazenta|def|1
|turn|14
|
|t:|1760448433
|-end|p2a: DEATHCAMP|fallen2|[silent]
|switch|p2a: SMUCKERS|Gholdengo|19/100
|-damage|p2a: SMUCKERS|13/100|[from] Stealth Rock
|move|p1a: Zamazenta|Iron Defense|p1a: Zamazenta
|-boost|p1a: Zamazenta|def|2
|
|upkeep
|turn|15
|
|t:|1760448436
|move|p1a: Zamazenta|Crunch|p2a: SMUCKERS
|-supereffective|p2a: SMUCKERS
|-damage|p2a: SMUCKERS|0 fnt
|faint|p2a: SMUCKERS
|
|upkeep
|
|t:|1760448439
|switch|p2a: PILOT|Araquanid, M|100/100
|-damage|p2a: PILOT|75/100|[from] Stealth Rock
|turn|16
|
|t:|1760448445
|move|p1a: Zamazenta|Iron Defense|p1a: Zamazenta
|-boost|p1a: Zamazenta|def|2
|move|p2a: PILOT|Sticky Web|p1a: Zamazenta
|-sidestart|p1: geekbarthief|move: Sticky Web
|
|upkeep
|turn|17
|
|t:|1760448449
|move|p1a: Zamazenta|Iron Defense|p1a: Zamazenta
|-boost|p1a: Zamazenta|def|1
|move|p2a: PILOT|Surf|p1a: Zamazenta
|-damage|p1a: Zamazenta|56/100
|
|-heal|p1a: Zamazenta|63/100|[from] item: Leftovers
|upkeep
|turn|18
|
|t:|1760448451
|move|p1a: Zamazenta|Body Press|p2a: PILOT
|-resisted|p2a: PILOT
|-damage|p2a: PILOT|8/100
|move|p2a: PILOT|Surf|p1a: Zamazenta
|-damage|p1a: Zamazenta|19/100
|
|-heal|p1a: Zamazenta|25/100|[from] item: Leftovers
|upkeep
|turn|19
|-enditem|p2a: PILOT|Custap Berry|[eat]
|-activate|p2a: PILOT|item: Custap Berry|[consumed]
|
|t:|1760448455
|move|p2a: PILOT|Surf|p1a: Zamazenta
|-damage|p1a: Zamazenta|0 fnt
|faint|p1a: Zamazenta
|
|upkeep
|
|t:|1760448464
|switch|p1a: Dragonite|Dragonite, F|100/100
|turn|20
|
|t:|1760448466
|move|p1a: Dragonite|Dragon Dance|p1a: Dragonite
|-boost|p1a: Dragonite|atk|1
|-boost|p1a: Dragonite|spe|1
|move|p2a: PILOT|Endeavor|p1a: Dragonite
|-damage|p1a: Dragonite|9/100
|
|-heal|p1a: Dragonite|15/100|[from] item: Leftovers
|upkeep
|turn|21
|
|t:|1760448473
|move|p1a: Dragonite|Roost|p1a: Dragonite
|-heal|p1a: Dragonite|65/100
|-singleturn|p1a: Dragonite|move: Roost
|move|p2a: PILOT|Surf|p1a: Dragonite
|-resisted|p1a: Dragonite
|-damage|p1a: Dragonite|35/100
|
|-heal|p1a: Dragonite|41/100|[from] item: Leftovers
|upkeep
|turn|22
|
|t:|1760448480
|move|p1a: Dragonite|Earthquake|p2a: PILOT
|-resisted|p2a: PILOT
|-damage|p2a: PILOT|0 fnt
|faint|p2a: PILOT
|
|-heal|p1a: Dragonite|48/100|[from] item: Leftovers
|upkeep
|
|t:|1760448482
|switch|p2a: DEATHCAMP|Kingambit, M|64/100
|-damage|p2a: DEATHCAMP|58/100|[from] Stealth Rock
|-activate|p2a: DEATHCAMP|ability: Supreme Overlord
|-start|p2a: DEATHCAMP|fallen4|[silent]
|turn|23
|
|t:|1760448487
|switch|p1a: Ogerpon|Ogerpon-Wellspring, F|100/100
|-activate|p1a: Ogerpon|move: Sticky Web
|-unboost|p1a: Ogerpon|spe|1
|-terastallize|p2a: DEATHCAMP|Dark
|move|p2a: DEATHCAMP|Kowtow Cleave|p1a: Ogerpon
|-damage|p1a: Ogerpon|0 fnt
|faint|p1a: Ogerpon
|
|upkeep
|
|t:|1760448490
|switch|p1a: Dragonite|Dragonite, F|48/100
|turn|24
|
|t:|1760448493
|move|p2a: DEATHCAMP|Sucker Punch|p1a: Dragonite
|-damage|p1a: Dragonite|0 fnt
|faint|p1a: Dragonite
|
|upkeep
|-message|geekbarthief forfeited.
|
|win|BBT94
|raw|geekbarthief's rating: 1587 &rarr; <strong>1569</strong><br />(-18 for losing)
|raw|BBT94's rating: 1617 &rarr; <strong>1635</strong><br />(+18 for winning)
|l|☆geekbarthief
|player|p1|
|l|☆BBT94
|player|p2|
|l| wgw2333
