|j|☆flagachosse
|j|☆melkarkameron
|t:|1760438176
|gametype|singles
|player|p1|flagachosse|ruinmaniac|1157
|player|p2|melkarkameron|brycenman|1148
|gen|9
|tier|[Gen 9] OU
|rated|
|rule|HP Percentage Mod: HP is shown in percentages
|rule|Endless Battle Clause: Forcing endless battles is banned
|rule|Species Clause: Limit one of each Pokémon
|rule|OHKO Clause: OHKO moves are banned
|rule|Evasion Items Clause: Evasion items are banned
|rule|Evasion Moves Clause: Evasion moves are banned
|rule|Evasion Abilities Clause: Evasion abilities are banned
|rule|Sleep Moves Clause: Sleep-inducing moves are banned
|clearpoke
|poke|p1|Toxapex, F|
|poke|p1|Garganacl, M|
|poke|p1|Skeledirge, M|
|poke|p1|Azumarill, F|
|poke|p1|Torterra, M|
|poke|p1|Magnezone|
|poke|p2|Polteageist|
|poke|p2|Blastoise, M|
|poke|p2|Cloyster, F|
|poke|p2|Drednaw, F|
|poke|p2|Torterra, F|
|poke|p2|Minior|
|teampreview
|inactive|Battle timer is ON: inactive players will automatically lose when time's up. (requested by melkarkameron)
|inactive|flagachosse also wants the timer to be on.
|
|t:|1760438190
|teamsize|p1|6
|teamsize|p2|6
|start
|switch|p1a: Garganacl|Garganacl, M|100/100
|switch|p2a: Minior|Minior|100/100
|-formechange|p2a: Minior|Minior-Meteor||[from] ability: Shields Down
|turn|1
|
|t:|1760438197
|move|p2a: Minior|Shell Smash|p2a: Minior
|-unboost|p2a: Minior|def|1
|-unboost|p2a: Minior|spd|1
|-boost|p2a: Minior|atk|2
|-boost|p2a: Minior|spa|2
|-boost|p2a: Minior|spe|2
|-enditem|p2a: Minior|White Herb
|-clearnegativeboost|p2a: Minior|[silent]
|move|p1a: Garganacl|Salt Cure|p2a: Minior
|-supereffective|p2a: Minior
|-damage|p2a: Minior|66/100
|-start|p2a: Minior|Salt Cure
|
|-damage|p2a: Minior|54/100|[from] Salt Cure
|upkeep
|turn|2
|
|t:|1760438204
|move|p1a: Garganacl|Protect|p1a: Garganacl
|-singleturn|p1a: Garganacl|Protect
|move|p2a: Minior|Earthquake|p1a: Garganacl
|-activate|p1a: Garganacl|move: Protect
|
|-damage|p2a: Minior|41/100|[from] Salt Cure
|-formechange|p2a: Minior|Minior||[from] ability: Shields Down
|upkeep
|turn|3
|
|t:|1760438214
|-terastallize|p2a: Minior|Ground
|move|p2a: Minior|Earthquake|p1a: Garganacl
|-supereffective|p1a: Garganacl
|-damage|p1a: Garganacl|12/100
|move|p1a: Garganacl|Salt Cure|p2a: Minior
|-resisted|p2a: Minior
|-damage|p2a: Minior|28/100
|
|-heal|p1a: Garganacl|19/100|[from] item: Leftovers
|-damage|p2a: Minior|16/100|[from] Salt Cure
|upkeep
|turn|4
|
|t:|1760438222
|move|p1a: Garganacl|Protect|p1a: Garganacl
|-singleturn|p1a: Garganacl|Protect
|move|p2a: Minior|Shell Smash|p2a: Minior
|-unboost|p2a: Minior|def|1
|-unboost|p2a: Minior|spd|1
|-boost|p2a: Minior|atk|2
|-boost|p2a: Minior|spa|2
|-boost|p2a: Minior|spe|2
|
|-heal|p1a: Garganacl|25/100|[from] item: Leftovers
|-damage|p2a: Minior|4/100|[from] Salt Cure
|upkeep
|turn|5
|
|t:|1760438229
|move|p2a: Minior|Earthquake|p1a: Garganacl
|-supereffective|p1a: Garganacl
|-damage|p1a: Garganacl|0 fnt
|faint|p1a: Garganacl
|
|-damage|p2a: Minior|0 fnt|[from] Salt Cure
|faint|p2a: Minior
|upkeep
|
|t:|1760438244
|switch|p2a: Torterra|Torterra, F|100/100
|switch|p1a: Toxapex|Toxapex, F, shiny|100/100
|turn|6
|
|t:|1760438253
|move|p2a: Torterra|Shell Smash|p2a: Torterra
|-unboost|p2a: Torterra|def|1
|-unboost|p2a: Torterra|spd|1
|-boost|p2a: Torterra|atk|2
|-boost|p2a: Torterra|spa|2
|-boost|p2a: Torterra|spe|2
|move|p1a: Toxapex|Poison Jab|p2a: Torterra
|-damage|p2a: Torterra|59/100
|
|upkeep
|turn|7
|
|t:|1760438258
|move|p2a: Torterra|Bullet Seed|p1a: Toxapex
|-damage|p1a: Toxapex|79/100
|-damage|p1a: Toxapex|58/100
|-damage|p1a: Toxapex|40/100
|-crit|p1a: Toxapex
|-damage|p1a: Toxapex|9/100
|-damage|p1a: Toxapex|0 fnt
|faint|p1a: Toxapex
|-hitcount|p1: Toxapex|5
|
|upkeep
|
|t:|1760438265
|switch|p1a: Magnezone|Magnezone|100/100
|turn|8
|
|t:|1760438272
|move|p2a: Torterra|Headlong Rush|p1a: Magnezone
|-supereffective|p1a: Magnezone
|-enditem|p1a: Magnezone|Focus Sash
|-damage|p1a: Magnezone|1/100
|-unboost|p2a: Torterra|def|1
|-unboost|p2a: Torterra|spd|1
|move|p1a: Magnezone|Flash Cannon|p2a: Torterra
|-damage|p2a: Torterra|0 fnt
|faint|p2a: Torterra
|
|upkeep
|
|t:|1760438277
|switch|p2a: Polteageist|Polteageist|100/100
|turn|9
|
|t:|1760438282
|move|p2a: Polteageist|Shell Smash|p2a: Polteageist
|-unboost|p2a: Polteageist|def|1
|-unboost|p2a: Polteageist|spd|1
|-boost|p2a: Polteageist|atk|2
|-boost|p2a: Polteageist|spa|2
|-boost|p2a: Polteageist|spe|2
|move|p1a: Magnezone|Light Screen|p1a: Magnezone
|-sidestart|p1: flagachosse|move: Light Screen
|
|upkeep
|turn|10
|
|t:|1760438285
|move|p2a: Polteageist|Stored Power|p1a: Magnezone
|-resisted|p1a: Magnezone
|-damage|p1a: Magnezone|0 fnt
|faint|p1a: Magnezone
|
|upkeep
|
|t:|1760438290
|switch|p1a: Azumarill|Azumarill, F, shiny|100/100
|turn|11
|
|t:|1760438295
|move|p2a: Polteageist|Stored Power|p1a: Azumarill
|-damage|p1a: Azumarill|45/100
|-enditem|p1a: Azumarill|Sitrus Berry|[eat]
|-heal|p1a: Azumarill|70/100|[from] item: Sitrus Berry
|move|p1a: Azumarill|Belly Drum|p1a: Azumarill
|-damage|p1a: Azumarill|20/100
|-setboost|p1a: Azumarill|atk|6|[from] move: Belly Drum
|
|upkeep
|turn|12
|
|t:|1760438300
|move|p1a: Azumarill|Aqua Jet|p2a: Polteageist
|-enditem|p2a: Polteageist|Focus Sash
|-damage|p2a: Polteageist|1/100
|-ability|p2a: Polteageist|Weak Armor|boost
|-unboost|p2a: Polteageist|def|1
|-boost|p2a: Polteageist|spe|2
|move|p2a: Polteageist|Stored Power|p1a: Azumarill
|-damage|p1a: Azumarill|0 fnt
|faint|p1a: Azumarill
|
|upkeep
|
|t:|1760438304
|switch|p1a: Torterra|Torterra, M|100/100
|turn|13
|
|t:|1760438311
|move|p2a: Polteageist|Stored Power|p1a: Torterra
|-damage|p1a: Torterra|18/100
|move|p1a: Torterra|Rock Blast|p2a: Polteageist|[miss]
|-miss|p1a: Torterra|p2a: Polteageist
|
|-sideend|p1: flagachosse|move: Light Screen
|upkeep
|turn|14
|
|t:|1760438316
|move|p2a: Polteageist|Stored Power|p1a: Torterra
|-damage|p1a: Torterra|0 fnt
|faint|p1a: Torterra
|
|upkeep
|c|☆flagachosse|WHAT
|inactive|flagachosse has 120 seconds left.
|
|t:|1760438346
|switch|p1a: Skeledirge|Skeledirge, M|100/100
|turn|15
|
|t:|1760438356
|-terastallize|p1a: Skeledirge|Fairy
|move|p2a: Polteageist|Stored Power|p1a: Skeledirge
|-damage|p1a: Skeledirge|47/100
|move|p1a: Skeledirge|Torch Song|p2a: Polteageist
|-damage|p2a: Polteageist|0 fnt
|-boost|p1a: Skeledirge|spa|1
|faint|p2a: Polteageist
|
|upkeep
|
|t:|1760438363
|switch|p2a: Drednaw|Drednaw, F|100/100
|turn|16
|
|t:|1760438367
|move|p2a: Drednaw|Head Smash|p1a: Skeledirge
|-damage|p1a: Skeledirge|0 fnt
|faint|p1a: Skeledirge
|-damage|p2a: Drednaw|70/100|[from] Recoil
|
|win|melkarkameron
|raw|flagachosse's rating: 1157 &rarr; <strong>1131</strong><br />(-26 for losing)
|raw|melkarkameron's rating: 1148 &rarr; <strong>1174</strong><br />(+26 for winning)
|l|☆melkarkameron
|player|p2|
|l|☆flagachosse
|player|p1|
