|j|☆mj9964
|j|☆great team haver
|t:|1760414560
|gametype|singles
|player|p1|mj9964|266|1346
|player|p2|great team haver|skierf|1409
|gen|9
|tier|[Gen 9] OU
|rated|
|rule|HP Percentage Mod: HP is shown in percentages
|rule|Endless Battle Clause: Forcing endless battles is banned
|rule|Species Clause: Limit one of each Pokémon
|rule|OHKO Clause: OHKO moves are banned
|rule|Evasion Items Clause: Evasion items are banned
|rule|Evasion Moves Clause: Evasion moves are banned
|rule|Evasion Abilities Clause: Evasion abilities are banned
|rule|Sleep Moves Clause: Sleep-inducing moves are banned
|clearpoke
|poke|p1|Ursaluna, M|
|poke|p1|Ting-Lu|
|poke|p1|Iron Moth|
|poke|p1|Corviknight, M|
|poke|p1|Rotom-Wash|
|poke|p1|Rillaboom, F|
|poke|p2|Pecharunt|
|poke|p2|Alomomola, F|
|poke|p2|Florges-Blue, F|
|poke|p2|Avalugg, F|
|poke|p2|Corviknight, M|
|poke|p2|Zamazenta-*|
|teampreview
|inactive|Battle timer is ON: inactive players will automatically lose when time's up. (requested by great team haver)
|
|t:|1760414568
|teamsize|p1|6
|teamsize|p2|6
|start
|switch|p1a: Rillaboom|Rillaboom, F|100/100
|switch|p2a: that dawg|Zamazenta|100/100
|-ability|p2a: that dawg|Dauntless Shield|boost
|-boost|p2a: that dawg|def|1
|-fieldstart|move: Grassy Terrain|[from] ability: Grassy Surge|[of] p1a: Rillaboom
|turn|1
|
|t:|1760414573
|move|p2a: that dawg|Body Press|p1a: Rillaboom
|-damage|p1a: Rillaboom|36/100
|move|p1a: Rillaboom|U-turn|p2a: that dawg
|-resisted|p2a: that dawg
|-damage|p2a: that dawg|94/100
|
|t:|1760414589
|switch|p1a: Iron Moth|Iron Moth|100/100|[from] U-turn
|-enditem|p1a: Iron Moth|Booster Energy
|-activate|p1a: Iron Moth|ability: Quark Drive|[fromitem]
|-start|p1a: Iron Moth|quarkdrivespe
|
|-heal|p2a: that dawg|99/100|[from] Grassy Terrain
|-heal|p2a: that dawg|100/100|[from] item: Leftovers
|upkeep
|turn|2
|
|t:|1760414595
|move|p1a: Iron Moth|Dazzling Gleam|p2a: that dawg
|-supereffective|p2a: that dawg
|-damage|p2a: that dawg|58/100
|move|p2a: that dawg|Body Press|p1a: Iron Moth
|-resisted|p1a: Iron Moth
|-damage|p1a: Iron Moth|43/100
|
|-heal|p1a: Iron Moth|49/100|[from] Grassy Terrain
|-heal|p2a: that dawg|64/100|[from] Grassy Terrain
|-heal|p2a: that dawg|70/100|[from] item: Leftovers
|upkeep
|turn|3
|
|t:|1760414603
|move|p1a: Iron Moth|Dazzling Gleam|p2a: that dawg
|-supereffective|p2a: that dawg
|-damage|p2a: that dawg|26/100
|move|p2a: that dawg|Body Press|p1a: Iron Moth
|-resisted|p1a: Iron Moth
|-damage|p1a: Iron Moth|0 fnt
|faint|p1a: Iron Moth
|-end|p1a: Iron Moth|Quark Drive|[silent]
|
|-heal|p2a: that dawg|32/100|[from] Grassy Terrain
|-heal|p2a: that dawg|38/100|[from] item: Leftovers
|upkeep
|
|t:|1760414610
|switch|p1a: Rotom|Rotom-Wash|100/100
|turn|4
|
|t:|1760414614
|move|p1a: Rotom|Discharge|p2a: that dawg
|-damage|p2a: that dawg|10/100
|-status|p2a: that dawg|par
|move|p2a: that dawg|Body Press|p1a: Rotom
|-damage|p1a: Rotom|15/100
|
|-heal|p2a: that dawg|16/100 par|[from] Grassy Terrain
|-heal|p2a: that dawg|23/100 par|[from] item: Leftovers
|upkeep
|turn|5
|
|t:|1760414622
|switch|p2a: Pandora|Florges-Blue, F|100/100
|move|p1a: Rotom|Discharge|p2a: Pandora
|-damage|p2a: Pandora|80/100
|
|-heal|p2a: Pandora|87/100|[from] Grassy Terrain
|-heal|p2a: Pandora|93/100|[from] item: Leftovers
|-fieldend|move: Grassy Terrain
|upkeep
|turn|6
|
|t:|1760414631
|switch|p1a: Ting-Lu|Ting-Lu|100/100
|-ability|p1a: Ting-Lu|Vessel of Ruin
|-terastallize|p2a: Pandora|Grass
|move|p2a: Pandora|Calm Mind|p2a: Pandora
|-boost|p2a: Pandora|spa|1
|-boost|p2a: Pandora|spd|1
|
|-heal|p2a: Pandora|99/100|[from] item: Leftovers
|upkeep
|turn|7
|
|t:|1760414642
|switch|p1a: Rotom|Rotom-Wash|15/100
|move|p2a: Pandora|Giga Drain|p1a: Rotom
|-supereffective|p1a: Rotom
|-damage|p1a: Rotom|0 fnt
|-heal|p2a: Pandora|100/100|[from] drain|[of] p1a: Rotom
|faint|p1a: Rotom
|
|upkeep
|
|t:|1760414646
|switch|p1a: Ursaluna|Ursaluna, M|100/100
|turn|8
|
|t:|1760414651
|-terastallize|p1a: Ursaluna|Ghost
|move|p1a: Ursaluna|Trailblaze|p2a: Pandora
|-resisted|p2a: Pandora
|-damage|p2a: Pandora|89/100
|-boost|p1a: Ursaluna|spe|1
|move|p2a: Pandora|Giga Drain|p1a: Ursaluna
|-damage|p1a: Ursaluna|54/100
|-heal|p2a: Pandora|100/100|[from] drain|[of] p1a: Ursaluna
|
|-status|p1a: Ursaluna|brn|[from] item: Flame Orb
|upkeep
|turn|9
|
|t:|1760414659
|switch|p2a: Titanic|Avalugg, F|100/100
|move|p1a: Ursaluna|Facade|p2a: Titanic
|-damage|p2a: Titanic|53/100
|
|-damage|p1a: Ursaluna|48/100 brn|[from] brn
|upkeep
|turn|10
|
|t:|1760414665
|move|p1a: Ursaluna|Facade|p2a: Titanic
|-damage|p2a: Titanic|9/100
|move|p2a: Titanic|Recover|p2a: Titanic
|-heal|p2a: Titanic|59/100
|
|-damage|p1a: Ursaluna|41/100 brn|[from] brn
|upkeep
|turn|11
|
|t:|1760414676
|move|p1a: Ursaluna|Facade|p2a: Titanic
|-damage|p2a: Titanic|14/100
|move|p2a: Titanic|Recover|p2a: Titanic
|-heal|p2a: Titanic|64/100
|
|-damage|p1a: Ursaluna|35/100 brn|[from] brn
|upkeep
|turn|12
|
|t:|1760414682
|move|p1a: Ursaluna|Facade|p2a: Titanic
|-damage|p2a: Titanic|18/100
|move|p2a: Titanic|Recover|p2a: Titanic
|-heal|p2a: Titanic|68/100
|
|-damage|p1a: Ursaluna|29/100 brn|[from] brn
|upkeep
|turn|13
|
|t:|1760414687
|move|p1a: Ursaluna|Facade|p2a: Titanic
|-damage|p2a: Titanic|22/100
|move|p2a: Titanic|Recover|p2a: Titanic
|-heal|p2a: Titanic|72/100
|
|-damage|p1a: Ursaluna|23/100 brn|[from] brn
|upkeep
|turn|14
|-message|mj9964 forfeited.
|
|win|great team haver
|raw|mj9964's rating: 1363 &rarr; <strong>1346</strong><br />(-17 for losing)
|raw|great team haver's rating: 1409 &rarr; <strong>1426</strong><br />(+17 for winning)
|l|☆mj9964
|player|p1|
|l|☆great team haver
|player|p2|
