|j|☆CarrotStix
|j|☆nlzdy
|t:|1760333643
|gametype|singles
|player|p1|CarrotStix|plasmagruntf-gen5bw|1359
|player|p2|nlzdy|cynthia|1366
|gen|9
|tier|[Gen 9] OU
|rated|
|rule|HP Percentage Mod: HP is shown in percentages
|rule|Endless Battle Clause: Forcing endless battles is banned
|rule|Species Clause: Limit one of each Pokémon
|rule|OHKO Clause: OHKO moves are banned
|rule|Evasion Items Clause: Evasion items are banned
|rule|Evasion Moves Clause: Evasion moves are banned
|rule|Evasion Abilities Clause: Evasion abilities are banned
|rule|Sleep Moves Clause: Sleep-inducing moves are banned
|clearpoke
|poke|p1|Hoopa-Unbound|
|poke|p1|Darkrai|
|poke|p1|Corviknight, F|
|poke|p1|Deoxys-Speed|
|poke|p1|Heatran, M|
|poke|p1|Suicune|
|poke|p2|Corviknight, M|
|poke|p2|Raging Bolt|
|poke|p2|Walking Wake|
|poke|p2|Cinderace, F|
|poke|p2|Slowking-Galar, M|
|poke|p2|Zamazenta-*|
|teampreview
|
|t:|1760333711
|teamsize|p1|6
|teamsize|p2|6
|start
|switch|p1a: Miss DeDe|Deoxys-Speed|100/100
|switch|p2a: Zamazenta|Zamazenta|100/100
|-ability|p1a: Miss DeDe|Pressure
|-ability|p2a: Zamazenta|Dauntless Shield|boost
|-boost|p2a: Zamazenta|def|1
|turn|1
|
|t:|1760333732
|switch|p2a: Slowking|Slowking-Galar, M|100/100
|move|p1a: Miss DeDe|Stealth Rock|p2a: Slowking
|-sidestart|p2: nlzdy|move: Stealth Rock
|
|upkeep
|turn|2
|
|t:|1760333787
|move|p1a: Miss DeDe|Psycho Boost|p2a: Slowking
|-damage|p2a: Slowking|61/100
|-unboost|p1a: Miss DeDe|spa|2
|move|p2a: Slowking|Future Sight|p1a: Miss DeDe
|-start|p2a: Slowking|move: Future Sight
|
|-heal|p2a: Slowking|67/100|[from] item: Black Sludge
|upkeep
|turn|3
|
|t:|1760333795
|switch|p1a: He-Nguyen|Heatran, M|100/100
|-prepare|p2a: Slowking|Chilly Reception|[premajor]
|move|p2a: Slowking|Chilly Reception|p2a: Slowking
|-weather|Snowscape
|
|t:|1760333801
|switch|p2a: Cinderace|Cinderace, F|100/100|[from] Chilly Reception
|
|-weather|Snowscape|[upkeep]
|upkeep
|turn|4
|
|t:|1760333810
|move|p2a: Cinderace|Court Change|p2a: Cinderace
|-start|p2a: Cinderace|typechange|Normal|[from] ability: Libero
|-swapsideconditions
|-activate|p2a: Cinderace|move: Court Change
|move|p1a: He-Nguyen|Ancient Power|p2a: Cinderace
|-crit|p2a: Cinderace
|-damage|p2a: Cinderace|55/100
|
|-weather|Snowscape|[upkeep]
|-end|p1a: He-Nguyen|move: Future Sight
|-resisted|p1a: He-Nguyen
|-damage|p1a: He-Nguyen|87/100
|upkeep
|turn|5
|
|t:|1760333822
|switch|p2a: Slowking|Slowking-Galar, M|99/100
|move|p1a: He-Nguyen|Ancient Power|p2a: Slowking
|-damage|p2a: Slowking|85/100
|
|-weather|Snowscape|[upkeep]
|-heal|p2a: Slowking|91/100|[from] item: Black Sludge
|upkeep
|turn|6
|
|t:|1760333832
|move|p1a: He-Nguyen|Earth Power|p2a: Slowking
|-supereffective|p2a: Slowking
|-damage|p2a: Slowking|43/100
|move|p2a: Slowking|Future Sight|p1a: He-Nguyen
|-start|p2a: Slowking|move: Future Sight
|
|-weather|Snowscape|[upkeep]
|-heal|p2a: Slowking|49/100|[from] item: Black Sludge
|upkeep
|turn|7
|
|t:|1760333840
|switch|p2a: Walking Wake|Walking Wake|100/100
|move|p1a: He-Nguyen|Magma Storm|p2a: Walking Wake
|-resisted|p2a: Walking Wake
|-damage|p2a: Walking Wake|86/100
|-activate|p2a: Walking Wake|move: Magma Storm|[of] p1a: He-Nguyen
|
|-weather|none
|-damage|p2a: Walking Wake|74/100|[from] move: Magma Storm|[partiallytrapped]
|upkeep
|turn|8
|
|t:|1760333850
|-terastallize|p1a: He-Nguyen|Grass
|move|p2a: Walking Wake|Hydro Steam|p1a: He-Nguyen
|-resisted|p1a: He-Nguyen
|-damage|p1a: He-Nguyen|77/100
|move|p1a: He-Nguyen|Ancient Power|p2a: Walking Wake
|-damage|p2a: Walking Wake|49/100
|
|-end|p1a: He-Nguyen|move: Future Sight
|-damage|p1a: He-Nguyen|49/100
|-damage|p2a: Walking Wake|37/100|[from] move: Magma Storm|[partiallytrapped]
|upkeep
|turn|9
|
|t:|1760333863
|move|p2a: Walking Wake|Hurricane|p1a: He-Nguyen
|-supereffective|p1a: He-Nguyen
|-damage|p1a: He-Nguyen|5/100
|-start|p1a: He-Nguyen|confusion
|-activate|p1a: He-Nguyen|confusion
|-damage|p1a: He-Nguyen|0 fnt|[from] confusion
|faint|p1a: He-Nguyen
|
|-end|p2a: Walking Wake|Magma Storm|[partiallytrapped]|[silent]
|upkeep
|c|☆CarrotStix|bruh
|
|t:|1760333874
|switch|p1a: Grousey|Corviknight, F|100/100
|-damage|p1a: Grousey|88/100|[from] Stealth Rock
|-ability|p1a: Grousey|Pressure
|turn|10
|
|t:|1760333880
|move|p2a: Walking Wake|Flamethrower|p1a: Grousey
|-supereffective|p1a: Grousey
|-damage|p1a: Grousey|12/100
|move|p1a: Grousey|Defog|p2a: Walking Wake
|-unboost|p2a: Walking Wake|evasion|1
|-sideend|p1: CarrotStix|Stealth Rock|[from] move: Defog|[of] p1a: Grousey
|
|upkeep
|turn|11
|
|t:|1760333893
|switch|p1a: Zon'tZoIt|Suicune|100/100
|-ability|p1a: Zon'tZoIt|Pressure
|move|p2a: Walking Wake|Flamethrower|p1a: Zon'tZoIt
|-resisted|p1a: Zon'tZoIt
|-damage|p1a: Zon'tZoIt|89/100
|
|upkeep
|turn|12
|
|t:|1760333902
|-end|p2a: Walking Wake|Protosynthesis|[silent]
|switch|p2a: Raging Bolt|Raging Bolt|100/100
|move|p1a: Zon'tZoIt|Calm Mind|p1a: Zon'tZoIt
|-boost|p1a: Zon'tZoIt|spa|1
|-boost|p1a: Zon'tZoIt|spd|1
|
|upkeep
|turn|13
|
|t:|1760333909
|move|p2a: Raging Bolt|Volt Switch|p1a: Zon'tZoIt
|-supereffective|p1a: Zon'tZoIt
|-damage|p1a: Zon'tZoIt|28/100
|
|t:|1760333915
|-end|p2a: Raging Bolt|Protosynthesis|[silent]
|switch|p2a: Zamazenta|Zamazenta|100/100|[from] Volt Switch
|move|p1a: Zon'tZoIt|Calm Mind|p1a: Zon'tZoIt
|-boost|p1a: Zon'tZoIt|spa|1
|-boost|p1a: Zon'tZoIt|spd|1
|
|upkeep
|turn|14
|
|t:|1760333924
|move|p2a: Zamazenta|Close Combat|p1a: Zon'tZoIt
|-damage|p1a: Zon'tZoIt|0 fnt
|-unboost|p2a: Zamazenta|def|1
|-unboost|p2a: Zamazenta|spd|1
|faint|p1a: Zon'tZoIt
|
|upkeep
|
|t:|1760333927
|switch|p1a: Miss DeDe|Deoxys-Speed|100/100
|-ability|p1a: Miss DeDe|Pressure
|turn|15
|
|t:|1760333951
|switch|p2a: Slowking|Slowking-Galar, M|82/100
|move|p1a: Miss DeDe|Psycho Boost|p2a: Slowking
|-damage|p2a: Slowking|38/100
|-unboost|p1a: Miss DeDe|spa|2
|
|-heal|p2a: Slowking|44/100|[from] item: Black Sludge
|upkeep
|turn|16
|
|t:|1760333961
|move|p1a: Miss DeDe|Stealth Rock|p2a: Slowking
|-sidestart|p2: nlzdy|move: Stealth Rock
|move|p2a: Slowking|Slack Off|p2a: Slowking
|-heal|p2a: Slowking|94/100
|
|-heal|p2a: Slowking|99/100|[from] item: Black Sludge
|upkeep
|turn|17
|l|☆nlzdy
|player|p2|
|
|t:|1760333996
|switch|p1a: SwooptyHoop|Hoopa-Unbound|100/100
|move|p2a: Slowking|Sludge Bomb|p1a: SwooptyHoop
|-damage|p1a: SwooptyHoop|62/100
|
|-heal|p1a: SwooptyHoop|68/100|[from] item: Leftovers
|-heal|p2a: Slowking|100/100|[from] item: Black Sludge
|upkeep
|turn|18
|j|☆nlzdy
|player|p2|nlzdy|cynthia|
|
|t:|1760334043
|switch|p2a: Corviknight|Corviknight, M|100/100
|-damage|p2a: Corviknight|88/100|[from] Stealth Rock
|move|p1a: SwooptyHoop|Knock Off|p2a: Corviknight
|-damage|p2a: Corviknight|53/100
|-damage|p1a: SwooptyHoop|52/100|[from] item: Rocky Helmet|[of] p2a: Corviknight
|-enditem|p2a: Corviknight|Rocky Helmet|[from] move: Knock Off|[of] p1a: SwooptyHoop
|
|-heal|p1a: SwooptyHoop|58/100|[from] item: Leftovers
|upkeep
|turn|19
|
|t:|1760334056
|move|p1a: SwooptyHoop|Drain Punch|p2a: Corviknight
|-damage|p2a: Corviknight|35/100
|-heal|p1a: SwooptyHoop|70/100|[from] drain|[of] p2a: Corviknight
|move|p2a: Corviknight|Roost|p2a: Corviknight
|-heal|p2a: Corviknight|85/100
|-singleturn|p2a: Corviknight|move: Roost
|
|-heal|p1a: SwooptyHoop|76/100|[from] item: Leftovers
|upkeep
|turn|20
|
|t:|1760334070
|move|p1a: SwooptyHoop|Drain Punch|p2a: Corviknight
|-damage|p2a: Corviknight|68/100
|-heal|p1a: SwooptyHoop|88/100|[from] drain|[of] p2a: Corviknight
|move|p2a: Corviknight|U-turn|p1a: SwooptyHoop
|-supereffective|p1a: SwooptyHoop
|-damage|p1a: SwooptyHoop|0 fnt
|faint|p1a: SwooptyHoop
|
|t:|1760334080
|switch|p2a: Cinderace|Cinderace, F|55/100|[from] U-turn
|
|upkeep
|
|t:|1760334083
|switch|p1a: Miss DeDe|Deoxys-Speed|100/100
|-ability|p1a: Miss DeDe|Pressure
|turn|21
|
|t:|1760334089
|switch|p2a: Slowking|Slowking-Galar, M|100/100
|-damage|p2a: Slowking|88/100|[from] Stealth Rock
|move|p1a: Miss DeDe|Psycho Boost|p2a: Slowking
|-damage|p2a: Slowking|49/100
|-unboost|p1a: Miss DeDe|spa|2
|
|-heal|p2a: Slowking|55/100|[from] item: Black Sludge
|upkeep
|turn|22
|
|t:|1760334101
|switch|p1a: Grousey|Corviknight, F|12/100
|-ability|p1a: Grousey|Pressure
|-prepare|p2a: Slowking|Chilly Reception|[premajor]
|move|p2a: Slowking|Chilly Reception|p2a: Slowking
|-weather|Snowscape
|
|t:|1760334109
|switch|p2a: Cinderace|Cinderace, F|55/100|[from] Chilly Reception
|
|-weather|Snowscape|[upkeep]
|upkeep
|turn|23
|
|t:|1760334124
|move|p2a: Cinderace|Court Change|p2a: Cinderace
|-start|p2a: Cinderace|typechange|Normal|[from] ability: Libero
|-swapsideconditions
|-activate|p2a: Cinderace|move: Court Change
|move|p1a: Grousey|Sky Attack||[still]
|-prepare|p1a: Grousey|Sky Attack
|
|-weather|Snowscape|[upkeep]
|upkeep
|turn|24
|
|t:|1760334136
|move|p2a: Cinderace|Pyro Ball|p1a: Grousey|[miss]
|-miss|p2a: Cinderace|p1a: Grousey
|move|p1a: Grousey|Sky Attack|p2a: Cinderace|[from] lockedmove
|-crit|p2a: Cinderace
|-damage|p2a: Cinderace|0 fnt
|faint|p2a: Cinderace
|
|-weather|Snowscape|[upkeep]
|upkeep
|
|t:|1760334147
|switch|p2a: Walking Wake|Walking Wake|37/100
|turn|25
|
|t:|1760334157
|move|p2a: Walking Wake|Flamethrower|p1a: Grousey
|-supereffective|p1a: Grousey
|-damage|p1a: Grousey|0 fnt
|faint|p1a: Grousey
|
|-weather|Snowscape|[upkeep]
|upkeep
|
|t:|1760334165
|switch|p1a: Phantom|Darkrai|100/100
|-damage|p1a: Phantom|88/100|[from] Stealth Rock
|turn|26
|
|t:|1760334171
|move|p1a: Phantom|Dark Pulse|p2a: Walking Wake
|-damage|p2a: Walking Wake|0 fnt
|faint|p2a: Walking Wake
|-end|p2a: Walking Wake|Protosynthesis|[silent]
|
|-weather|none
|upkeep
|
|t:|1760334180
|switch|p2a: Raging Bolt|Raging Bolt|100/100
|turn|27
|
|t:|1760334199
|move|p1a: Phantom|Ice Beam|p2a: Raging Bolt
|-supereffective|p2a: Raging Bolt
|-damage|p2a: Raging Bolt|43/100
|move|p2a: Raging Bolt|Volt Switch|p1a: Phantom
|-damage|p1a: Phantom|31/100
|
|t:|1760334207
|-end|p2a: Raging Bolt|Protosynthesis|[silent]
|switch|p2a: Corviknight|Corviknight, M|68/100|[from] Volt Switch
|
|upkeep
|turn|28
|
|t:|1760334213
|switch|p1a: Miss DeDe|Deoxys-Speed|100/100
|-damage|p1a: Miss DeDe|88/100|[from] Stealth Rock
|-ability|p1a: Miss DeDe|Pressure
|move|p2a: Corviknight|U-turn|p1a: Miss DeDe
|-supereffective|p1a: Miss DeDe
|-damage|p1a: Miss DeDe|46/100
|
|t:|1760334222
|switch|p2a: Slowking|Slowking-Galar, M|88/100|[from] U-turn
|
|-heal|p2a: Slowking|94/100|[from] item: Black Sludge
|upkeep
|turn|29
|
|t:|1760334228
|move|p1a: Miss DeDe|Thunderbolt|p2a: Slowking
|-damage|p2a: Slowking|77/100
|move|p2a: Slowking|Sludge Bomb|p1a: Miss DeDe
|-damage|p1a: Miss DeDe|0 fnt
|faint|p1a: Miss DeDe
|
|-heal|p2a: Slowking|83/100|[from] item: Black Sludge
|upkeep
|
|t:|1760334234
|switch|p1a: Phantom|Darkrai|31/100
|-damage|p1a: Phantom|19/100|[from] Stealth Rock
|turn|30
|
|t:|1760334240
|move|p1a: Phantom|Dark Pulse|p2a: Slowking
|-supereffective|p2a: Slowking
|-damage|p2a: Slowking|23/100
|move|p2a: Slowking|Sludge Bomb|p1a: Phantom
|-damage|p1a: Phantom|0 fnt
|faint|p1a: Phantom
|
|win|nlzdy
|raw|CarrotStix's rating: 1359 &rarr; <strong>1339</strong><br />(-20 for losing)
|raw|nlzdy's rating: 1366 &rarr; <strong>1386</strong><br />(+20 for winning)
|l|☆CarrotStix
|player|p1|
|l|☆nlzdy
|player|p2|
