|j|☆UltraGodGreninja
|j|☆kiralikeboob
|t:|1760415614
|gametype|singles
|player|p1|UltraGodGreninja|skyla|1447
|player|p2|kiralikeboob|steven|1390
|gen|9
|tier|[Gen 9] OU
|rated|
|rule|HP Percentage Mod: HP is shown in percentages
|rule|Endless Battle Clause: Forcing endless battles is banned
|rule|Species Clause: Limit one of each Pokémon
|rule|OHKO Clause: OHKO moves are banned
|rule|Evasion Items Clause: Evasion items are banned
|rule|Evasion Moves Clause: Evasion moves are banned
|rule|Evasion Abilities Clause: Evasion abilities are banned
|rule|Sleep Moves Clause: Sleep-inducing moves are banned
|clearpoke
|poke|p1|Ninetales-Alola, F|
|poke|p1|Rillaboom, F|
|poke|p1|Ogerpon-Wellspring, F|
|poke|p1|Great Tusk|
|poke|p1|Blaziken, M|
|poke|p1|Gholdengo|
|poke|p2|Torkoal, F|
|poke|p2|Walking Wake|
|poke|p2|Moltres|
|poke|p2|Great Tusk|
|poke|p2|Enamorus, F|
|poke|p2|Kingambit, M|
|teampreview
|inactive|Battle timer is ON: inactive players will automatically lose when time's up. (requested by kiralikeboob)
|
|t:|1760415632
|teamsize|p1|6
|teamsize|p2|6
|start
|switch|p1a: Ninetales|Ninetales-Alola, F|100/100
|switch|p2a: Torkoal|Torkoal, F|100/100
|-weather|Snowscape|[from] ability: Snow Warning|[of] p1a: Ninetales
|-weather|SunnyDay|[from] ability: Drought|[of] p2a: Torkoal
|turn|1
|
|t:|1760415643
|move|p1a: Ninetales|Snowscape|p1a: Ninetales
|-weather|Snowscape
|move|p2a: Torkoal|Stealth Rock|p1a: Ninetales
|-sidestart|p1: UltraGodGreninja|move: Stealth Rock
|
|-weather|Snowscape|[upkeep]
|upkeep
|turn|2
|
|t:|1760415663
|switch|p2a: Moltres|Moltres|100/100
|move|p1a: Ninetales|Aurora Veil|p1a: Ninetales
|-sidestart|p1: UltraGodGreninja|move: Aurora Veil
|
|-weather|Snowscape|[upkeep]
|upkeep
|turn|3
|
|t:|1760415671
|switch|p1a: Blaziken|Blaziken, M|100/100
|-damage|p1a: Blaziken|88/100|[from] Stealth Rock
|move|p2a: Moltres|U-turn|p1a: Blaziken
|-resisted|p1a: Blaziken
|-damage|p1a: Blaziken|86/100
|
|t:|1760415689
|switch|p2a: Great Tusk|Great Tusk|100/100|[from] U-turn
|
|-weather|Snowscape|[upkeep]
|upkeep
|turn|4
|
|t:|1760415698
|move|p1a: Blaziken|Protect|p1a: Blaziken
|-singleturn|p1a: Blaziken|Protect
|move|p2a: Great Tusk|Headlong Rush|p1a: Blaziken
|-activate|p1a: Blaziken|move: Protect
|
|-weather|Snowscape|[upkeep]
|-ability|p1a: Blaziken|Speed Boost|boost
|-boost|p1a: Blaziken|spe|1
|upkeep
|turn|5
|
|t:|1760415707
|switch|p1a: Ogerpon|Ogerpon-Wellspring, F|100/100
|-damage|p1a: Ogerpon|88/100|[from] Stealth Rock
|move|p2a: Great Tusk|Headlong Rush|p1a: Ogerpon
|-resisted|p1a: Ogerpon
|-damage|p1a: Ogerpon|71/100
|-unboost|p2a: Great Tusk|def|1
|-unboost|p2a: Great Tusk|spd|1
|
|-weather|none
|upkeep
|turn|6
|inactive|kiralikeboob has 120 seconds left.
|
|t:|1760415739
|-end|p2a: Great Tusk|Protosynthesis|[silent]
|switch|p2a: Walking Wake|Walking Wake|100/100
|move|p1a: Ogerpon|Swords Dance|p1a: Ogerpon
|-boost|p1a: Ogerpon|atk|2
|
|upkeep
|turn|7
|inactive|kiralikeboob has 120 seconds left.
|
|t:|1760415762
|move|p1a: Ogerpon|Trailblaze|p2a: Walking Wake
|-damage|p2a: Walking Wake|46/100
|-boost|p1a: Ogerpon|spe|1
|move|p2a: Walking Wake|Draco Meteor|p1a: Ogerpon
|-damage|p1a: Ogerpon|22/100
|-unboost|p2a: Walking Wake|spa|2
|
|upkeep
|turn|8
|
|t:|1760415782
|move|p1a: Ogerpon|Synthesis|p1a: Ogerpon
|-heal|p1a: Ogerpon|72/100
|move|p2a: Walking Wake|Draco Meteor|p1a: Ogerpon
|-damage|p1a: Ogerpon|47/100
|-unboost|p2a: Walking Wake|spa|2
|
|upkeep
|turn|9
|inactive|kiralikeboob has 90 seconds left.
|
|t:|1760415811
|-end|p2a: Walking Wake|Protosynthesis|[silent]
|switch|p2a: Moltres|Moltres|100/100
|move|p1a: Ogerpon|Synthesis|p1a: Ogerpon
|-heal|p1a: Ogerpon|97/100
|
|-sideend|p1: UltraGodGreninja|move: Aurora Veil
|upkeep
|turn|10
|
|t:|1760415819
|-terastallize|p2a: Moltres|Dragon
|move|p1a: Ogerpon|Ivy Cudgel|p2a: Moltres|[anim] Ivy Cudgel Water
|-resisted|p2a: Moltres
|-damage|p2a: Moltres|51/100
|move|p2a: Moltres|Will-O-Wisp|p1a: Ogerpon
|-status|p1a: Ogerpon|brn
|
|-damage|p1a: Ogerpon|91/100 brn|[from] brn
|upkeep
|turn|11
|inactive|kiralikeboob has 90 seconds left.
|
|t:|1760415831
|move|p1a: Ogerpon|Swords Dance|p1a: Ogerpon
|-boost|p1a: Ogerpon|atk|2
|move|p2a: Moltres|Roost|p2a: Moltres
|-heal|p2a: Moltres|100/100
|
|-damage|p1a: Ogerpon|85/100 brn|[from] brn
|upkeep
|turn|12
|inactive|kiralikeboob has 90 seconds left.
|
|t:|1760415839
|move|p1a: Ogerpon|Ivy Cudgel|p2a: Moltres|[anim] Ivy Cudgel Water
|-resisted|p2a: Moltres
|-damage|p2a: Moltres|65/100
|move|p2a: Moltres|U-turn|p1a: Ogerpon
|-supereffective|p1a: Ogerpon
|-crit|p1a: Ogerpon
|-damage|p1a: Ogerpon|25/100 brn
|inactive|kiralikeboob has 90 seconds left.
|
|t:|1760415848
|switch|p2a: Kingambit|Kingambit, M|100/100|[from] U-turn
|
|-damage|p1a: Ogerpon|18/100 brn|[from] brn
|upkeep
|turn|13
|inactive|kiralikeboob has 90 seconds left.
|
|t:|1760415861
|move|p1a: Ogerpon|Ivy Cudgel|p2a: Kingambit|[anim] Ivy Cudgel Water
|-damage|p2a: Kingambit|43/100
|move|p2a: Kingambit|Kowtow Cleave|p1a: Ogerpon
|-damage|p1a: Ogerpon|0 fnt
|faint|p1a: Ogerpon
|
|-heal|p2a: Kingambit|49/100|[from] item: Leftovers
|upkeep
|
|t:|1760415880
|switch|p1a: Great Tusk|Great Tusk|100/100
|-damage|p1a: Great Tusk|98/100|[from] Stealth Rock
|-enditem|p1a: Great Tusk|Booster Energy
|-activate|p1a: Great Tusk|ability: Protosynthesis|[fromitem]
|-start|p1a: Great Tusk|protosynthesisspe
|turn|14
|inactive|kiralikeboob has 90 seconds left.
|
|t:|1760415906
|-end|p2a: Kingambit|fallenundefined|[silent]
|switch|p2a: Enamorus|Enamorus, F|100/100
|move|p1a: Great Tusk|Stealth Rock|p2a: Enamorus
|-sidestart|p2: kiralikeboob|move: Stealth Rock
|
|upkeep
|turn|15
|
|t:|1760415921
|move|p1a: Great Tusk|Rapid Spin|p2a: Enamorus
|-damage|p2a: Enamorus|77/100
|-boost|p1a: Great Tusk|spe|1
|-sideend|p1: UltraGodGreninja|Stealth Rock|[from] move: Rapid Spin|[of] p1a: Great Tusk
|move|p2a: Enamorus|Moonblast|p1a: Great Tusk
|-supereffective|p1a: Great Tusk
|-damage|p1a: Great Tusk|0 fnt
|faint|p1a: Great Tusk
|-end|p1a: Great Tusk|Protosynthesis|[silent]
|
|upkeep
|
|t:|1760415926
|switch|p1a: Ninetales|Ninetales-Alola, F|100/100
|-weather|Snowscape|[from] ability: Snow Warning|[of] p1a: Ninetales
|turn|16
|inactive|kiralikeboob has 90 seconds left.
|
|t:|1760415948
|switch|p2a: Torkoal|Torkoal, F|100/100
|-damage|p2a: Torkoal|75/100|[from] Stealth Rock
|-weather|SunnyDay|[from] ability: Drought|[of] p2a: Torkoal
|move|p1a: Ninetales|Aurora Veil||[still]
|-fail|p1a: Ninetales
|
|-weather|SunnyDay|[upkeep]
|upkeep
|turn|17
|inactive|kiralikeboob has 60 seconds left.
|
|t:|1760415973
|switch|p2a: Great Tusk|Great Tusk|100/100
|-activate|p2a: Great Tusk|ability: Protosynthesis
|-start|p2a: Great Tusk|protosynthesisatk
|move|p1a: Ninetales|Snowscape|p1a: Ninetales
|-weather|Snowscape
|-end|p2a: Great Tusk|Protosynthesis
|
|-weather|Snowscape|[upkeep]
|upkeep
|turn|18
|
|t:|1760415982
|move|p1a: Ninetales|Aurora Veil|p1a: Ninetales
|-sidestart|p1: UltraGodGreninja|move: Aurora Veil
|move|p2a: Great Tusk|Rapid Spin|p1a: Ninetales
|-damage|p1a: Ninetales|93/100
|-boost|p2a: Great Tusk|spe|1
|-sideend|p2: kiralikeboob|Stealth Rock|[from] move: Rapid Spin|[of] p2a: Great Tusk
|
|-weather|Snowscape|[upkeep]
|upkeep
|turn|19
|
|t:|1760416008
|-end|p2a: Great Tusk|Protosynthesis|[silent]
|switch|p2a: Torkoal|Torkoal, F|75/100
|-weather|SunnyDay|[from] ability: Drought|[of] p2a: Torkoal
|switch|p1a: Gholdengo|Gholdengo|100/100
|-item|p1a: Gholdengo|Air Balloon
|
|-weather|SunnyDay|[upkeep]
|upkeep
|turn|20
|inactive|kiralikeboob has 60 seconds left.
|
|t:|1760416029
|move|p1a: Gholdengo|Nasty Plot|p1a: Gholdengo
|-boost|p1a: Gholdengo|spa|2
|move|p2a: Torkoal|Weather Ball|p1a: Gholdengo
|-supereffective|p1a: Gholdengo
|-damage|p1a: Gholdengo|45/100
|-enditem|p1a: Gholdengo|Air Balloon
|
|-weather|SunnyDay|[upkeep]
|upkeep
|turn|21
|inactive|kiralikeboob has 60 seconds left.
|
|t:|1760416039
|move|p1a: Gholdengo|Shadow Ball|p2a: Torkoal
|-damage|p2a: Torkoal|0 fnt
|faint|p2a: Torkoal
|
|-weather|SunnyDay|[upkeep]
|upkeep
|inactive|kiralikeboob has 60 seconds left.
|
|t:|1760416052
|switch|p2a: Moltres|Moltres, tera:Dragon|65/100
|turn|22
|
|t:|1760416060
|move|p1a: Gholdengo|Make It Rain|p2a: Moltres
|-damage|p2a: Moltres|0 fnt
|-unboost|p1a: Gholdengo|spa|1
|faint|p2a: Moltres
|
|-weather|SunnyDay|[upkeep]
|upkeep
|inactive|kiralikeboob has 60 seconds left.
|
|t:|1760416073
|switch|p2a: Enamorus|Enamorus, F|77/100
|turn|23
|
|t:|1760416084
|switch|p1a: Blaziken|Blaziken, M|86/100
|move|p2a: Enamorus|Weather Ball|p1a: Blaziken
|-resisted|p1a: Blaziken
|-damage|p1a: Blaziken|62/100
|
|-weather|SunnyDay|[upkeep]
|upkeep
|turn|24
|
|t:|1760416098
|switch|p2a: Great Tusk|Great Tusk|100/100
|-activate|p2a: Great Tusk|ability: Protosynthesis
|-start|p2a: Great Tusk|protosynthesisatk
|move|p1a: Blaziken|Swords Dance|p1a: Blaziken
|-boost|p1a: Blaziken|atk|2
|
|-weather|SunnyDay|[upkeep]
|-ability|p1a: Blaziken|Speed Boost|boost
|-boost|p1a: Blaziken|spe|1
|upkeep
|turn|25
|
|t:|1760416110
|move|p1a: Blaziken|Protect|p1a: Blaziken
|-singleturn|p1a: Blaziken|Protect
|move|p2a: Great Tusk|Headlong Rush|p1a: Blaziken
|-activate|p1a: Blaziken|move: Protect
|
|-weather|SunnyDay|[upkeep]
|-sideend|p1: UltraGodGreninja|move: Aurora Veil
|-ability|p1a: Blaziken|Speed Boost|boost
|-boost|p1a: Blaziken|spe|1
|upkeep
|turn|26
|
|t:|1760416119
|-terastallize|p1a: Blaziken|Fighting
|move|p1a: Blaziken|Close Combat|p2a: Great Tusk
|-damage|p2a: Great Tusk|0 fnt
|-unboost|p1a: Blaziken|def|1
|-unboost|p1a: Blaziken|spd|1
|faint|p2a: Great Tusk
|-end|p2a: Great Tusk|Protosynthesis|[silent]
|-damage|p1a: Blaziken|52/100|[from] item: Life Orb
|
|-weather|none
|-ability|p1a: Blaziken|Speed Boost|boost
|-boost|p1a: Blaziken|spe|1
|upkeep
|
|t:|1760416134
|switch|p2a: Kingambit|Kingambit, M|49/100
|-activate|p2a: Kingambit|ability: Supreme Overlord
|-start|p2a: Kingambit|fallen3|[silent]
|turn|27
|
|t:|1760416156
|switch|p1a: Ninetales|Ninetales-Alola, F|93/100
|-weather|Snowscape|[from] ability: Snow Warning|[of] p1a: Ninetales
|move|p2a: Kingambit|Sucker Punch||[still]
|-fail|p2a: Kingambit
|
|-weather|Snowscape|[upkeep]
|-heal|p2a: Kingambit|55/100|[from] item: Leftovers
|upkeep
|turn|28
|
|t:|1760416166
|move|p1a: Ninetales|Encore|p2a: Kingambit
|-start|p2a: Kingambit|Encore
|move|p2a: Kingambit|Sucker Punch||[still]
|-fail|p2a: Kingambit
|
|-weather|Snowscape|[upkeep]
|-heal|p2a: Kingambit|62/100|[from] item: Leftovers
|upkeep
|turn|29
|
|t:|1760416175
|-end|p2a: Kingambit|fallen3|[silent]
|switch|p2a: Enamorus|Enamorus, F|77/100
|move|p1a: Ninetales|Aurora Veil|p1a: Ninetales
|-sidestart|p1: UltraGodGreninja|move: Aurora Veil
|
|-weather|Snowscape|[upkeep]
|upkeep
|turn|30
|inactive|kiralikeboob has 90 seconds left.
|
|t:|1760416188
|move|p2a: Enamorus|Earth Power|p1a: Ninetales
|-damage|p1a: Ninetales|76/100
|move|p1a: Ninetales|Encore|p2a: Enamorus
|-start|p2a: Enamorus|Encore
|
|-weather|Snowscape|[upkeep]
|upkeep
|turn|31
|inactive|kiralikeboob has 90 seconds left.
|
|t:|1760416198
|switch|p1a: Rillaboom|Rillaboom, F|100/100
|-fieldstart|move: Grassy Terrain|[from] ability: Grassy Surge|[of] p1a: Rillaboom
|move|p2a: Enamorus|Earth Power|p1a: Rillaboom
|-resisted|p1a: Rillaboom
|-damage|p1a: Rillaboom|89/100
|-unboost|p1a: Rillaboom|spd|1
|
|-weather|none
|-heal|p1a: Rillaboom|95/100|[from] Grassy Terrain
|upkeep
|turn|32
|inactive|kiralikeboob has 90 seconds left.
|
|t:|1760416210
|switch|p2a: Kingambit|Kingambit, M|62/100
|-activate|p2a: Kingambit|ability: Supreme Overlord
|-start|p2a: Kingambit|fallen3|[silent]
|move|p1a: Rillaboom|Swords Dance|p1a: Rillaboom
|-boost|p1a: Rillaboom|atk|2
|
|-heal|p1a: Rillaboom|100/100|[from] Grassy Terrain
|-heal|p2a: Kingambit|68/100|[from] Grassy Terrain
|-heal|p2a: Kingambit|74/100|[from] item: Leftovers
|upkeep
|turn|33
|inactive|kiralikeboob has 90 seconds left.
|
|t:|1760416223
|move|p1a: Rillaboom|Wood Hammer|p2a: Kingambit
|-resisted|p2a: Kingambit
|-damage|p2a: Kingambit|0 fnt
|faint|p2a: Kingambit
|-end|p2a: Kingambit|fallen3|[silent]
|-damage|p1a: Rillaboom|72/100|[from] Recoil
|-damage|p1a: Rillaboom|62/100|[from] item: Life Orb
|
|-heal|p1a: Rillaboom|68/100|[from] Grassy Terrain
|upkeep
|-message|kiralikeboob forfeited.
|
|win|UltraGodGreninja
|raw|UltraGodGreninja's rating: 1409 &rarr; <strong>1428</strong><br />(+19 for winning)
|raw|kiralikeboob's rating: 1390 &rarr; <strong>1371</strong><br />(-19 for losing)
|l|☆kiralikeboob
|player|p2|
|l|☆UltraGodGreninja
|player|p1|
