|j|☆Jirashi No Ko ☆
|j|☆niktotosv
|t:|1760358611
|gametype|singles
|player|p1|Jirashi No Ko ☆|dawn-gen4pt|1452
|player|p2|niktotosv|crasherwake|1462
|gen|9
|tier|[Gen 9] OU
|rated|
|rule|HP Percentage Mod: HP is shown in percentages
|rule|Endless Battle Clause: Forcing endless battles is banned
|rule|Species Clause: Limit one of each Pokémon
|rule|OHKO Clause: OHKO moves are banned
|rule|Evasion Items Clause: Evasion items are banned
|rule|Evasion Moves Clause: Evasion moves are banned
|rule|Evasion Abilities Clause: Evasion abilities are banned
|rule|Sleep Moves Clause: Sleep-inducing moves are banned
|clearpoke
|poke|p1|Phione|
|poke|p1|Corviknight, F|
|poke|p1|Lokix, F|
|poke|p1|Weezing-Galar, M|
|poke|p1|Heatran, F|
|poke|p1|Dragapult, M|
|poke|p2|Iron Valiant|
|poke|p2|Ninetales-Alola, M|
|poke|p2|Slowking-Galar, F|
|poke|p2|Great Tusk|
|poke|p2|Ceruledge, F|
|poke|p2|Raging Bolt|
|teampreview
|
|t:|1760358643
|teamsize|p1|6
|teamsize|p2|6
|start
|switch|p1a: Lokix|Lokix, F|100/100
|switch|p2a: Ninetales|Ninetales-Alola, M|100/100
|-weather|Snowscape|[from] ability: Snow Warning|[of] p2a: Ninetales
|turn|1
|
|t:|1760358651
|move|p2a: Ninetales|Aurora Veil|p2a: Ninetales
|-sidestart|p2: niktotosv|move: Aurora Veil
|move|p1a: Lokix|U-turn|p2a: Ninetales
|-resisted|p2a: Ninetales
|-damage|p2a: Ninetales|78/100
|
|t:|1760358659
|switch|p1a: Heatran|Heatran, F|100/100|[from] U-turn
|
|-weather|Snowscape|[upkeep]
|upkeep
|turn|2
|
|t:|1760358666
|switch|p2a: Slowking|Slowking-Galar, F|100/100
|move|p1a: Heatran|Stealth Rock|p2a: Slowking
|-sidestart|p2: niktotosv|move: Stealth Rock
|
|-weather|Snowscape|[upkeep]
|upkeep
|turn|3
|
|t:|1760358672
|move|p1a: Heatran|Taunt|p2a: Slowking
|-start|p2a: Slowking|move: Taunt
|move|p2a: Slowking|Hydro Pump|p1a: Heatran
|-supereffective|p1a: Heatran
|-damage|p1a: Heatran|52/100
|
|-weather|Snowscape|[upkeep]
|-heal|p1a: Heatran|58/100|[from] item: Leftovers
|upkeep
|turn|4
|
|t:|1760358683
|switch|p1a: Phione|Phione, shiny|100/100
|move|p2a: Slowking|Hydro Pump|p1a: Phione
|-resisted|p1a: Phione
|-damage|p1a: Phione|77/100
|
|-weather|Snowscape|[upkeep]
|-heal|p1a: Phione|83/100|[from] item: Leftovers
|upkeep
|turn|5
|
|t:|1760358690
|switch|p2a: Ninetales|Ninetales-Alola, M|78/100
|-damage|p2a: Ninetales|53/100|[from] Stealth Rock
|move|p1a: Phione|Take Heart|p1a: Phione
|-boost|p1a: Phione|spa|1
|-boost|p1a: Phione|spd|1
|
|-weather|none
|-heal|p1a: Phione|89/100|[from] item: Leftovers
|upkeep
|turn|6
|
|t:|1760358704
|switch|p1a: Heatran|Heatran, F|58/100
|move|p2a: Ninetales|Encore||[still]
|-fail|p2a: Ninetales
|
|-heal|p1a: Heatran|64/100|[from] item: Leftovers
|upkeep
|turn|7
|
|t:|1760358719
|switch|p2a: Great Tusk|Great Tusk|100/100
|-damage|p2a: Great Tusk|98/100|[from] Stealth Rock
|-enditem|p2a: Great Tusk|Booster Energy
|-activate|p2a: Great Tusk|ability: Protosynthesis|[fromitem]
|-start|p2a: Great Tusk|protosynthesisatk
|move|p1a: Heatran|Magma Storm|p2a: Great Tusk
|-damage|p2a: Great Tusk|64/100
|-activate|p2a: Great Tusk|move: Magma Storm|[of] p1a: Heatran
|
|-heal|p1a: Heatran|70/100|[from] item: Leftovers
|-damage|p2a: Great Tusk|51/100|[from] move: Magma Storm|[partiallytrapped]
|upkeep
|turn|8
|
|t:|1760358740
|switch|p1a: Dragapult|Dragapult, M|100/100
|move|p2a: Great Tusk|Close Combat|p1a: Dragapult
|-immune|p1a: Dragapult
|
|-end|p2a: Great Tusk|Magma Storm|[partiallytrapped]|[silent]
|-sideend|p2: niktotosv|move: Aurora Veil
|upkeep
|turn|9
|
|t:|1760358754
|move|p1a: Dragapult|Hex|p2a: Great Tusk
|-damage|p2a: Great Tusk|13/100
|move|p2a: Great Tusk|Ice Spinner|p1a: Dragapult
|-supereffective|p1a: Dragapult
|-damage|p1a: Dragapult|0 fnt
|faint|p1a: Dragapult
|
|upkeep
|
|t:|1760358761
|switch|p1a: Lokix|Lokix, F|100/100
|turn|10
|
|t:|1760358769
|-end|p2a: Great Tusk|Protosynthesis|[silent]
|switch|p2a: Ceruledge|Ceruledge, F|100/100
|-damage|p2a: Ceruledge|75/100|[from] Stealth Rock
|move|p1a: Lokix|First Impression|p2a: Ceruledge
|-resisted|p2a: Ceruledge
|-damage|p2a: Ceruledge|28/100
|-ability|p2a: Ceruledge|Weak Armor|boost
|-unboost|p2a: Ceruledge|def|1
|-boost|p2a: Ceruledge|spe|2
|
|upkeep
|turn|11
|
|t:|1760358780
|switch|p1a: Heatran|Heatran, F|70/100
|move|p2a: Ceruledge|Bitter Blade|p1a: Heatran
|-start|p1a: Heatran|ability: Flash Fire
|
|-heal|p1a: Heatran|76/100|[from] item: Leftovers
|upkeep
|turn|12
|
|t:|1760358788
|move|p2a: Ceruledge|Close Combat|p1a: Heatran
|-supereffective|p1a: Heatran
|-damage|p1a: Heatran|0 fnt
|-unboost|p2a: Ceruledge|def|1
|-unboost|p2a: Ceruledge|spd|1
|faint|p1a: Heatran
|
|upkeep
|
|t:|1760358792
|switch|p1a: Lokix|Lokix, F|100/100
|turn|13
|
|t:|1760358800
|switch|p2a: Great Tusk|Great Tusk|13/100
|-damage|p2a: Great Tusk|10/100|[from] Stealth Rock
|move|p1a: Lokix|First Impression|p2a: Great Tusk
|-resisted|p2a: Great Tusk
|-damage|p2a: Great Tusk|0 fnt
|faint|p2a: Great Tusk
|-end|p2a: Great Tusk|Protosynthesis|[silent]
|
|upkeep
|
|t:|1760358812
|switch|p2a: Ninetales|Ninetales-Alola, M|53/100
|-damage|p2a: Ninetales|28/100|[from] Stealth Rock
|-weather|Snowscape|[from] ability: Snow Warning|[of] p2a: Ninetales
|turn|14
|
|t:|1760358815
|switch|p1a: Corviknight|Corviknight, F|100/100
|-ability|p1a: Corviknight|Pressure
|move|p2a: Ninetales|Aurora Veil|p2a: Ninetales
|-sidestart|p2: niktotosv|move: Aurora Veil
|
|-weather|Snowscape|[upkeep]
|upkeep
|turn|15
|
|t:|1760358824
|move|p2a: Ninetales|Blizzard|p1a: Corviknight
|-damage|p1a: Corviknight|69/100
|move|p1a: Corviknight|U-turn|p2a: Ninetales
|-resisted|p2a: Ninetales
|-damage|p2a: Ninetales|26/100
|
|t:|1760358827
|switch|p1a: Weezing|Weezing-Galar, M|100/100|[from] U-turn
|-ability|p1a: Weezing|Neutralizing Gas
|
|-weather|Snowscape|[upkeep]
|upkeep
|turn|16
|
|t:|1760358844
|switch|p2a: Raging Bolt|Raging Bolt|100/100
|-damage|p2a: Raging Bolt|88/100|[from] Stealth Rock
|move|p1a: Weezing|Strange Steam|p2a: Raging Bolt
|-supereffective|p2a: Raging Bolt
|-damage|p2a: Raging Bolt|63/100
|-start|p2a: Raging Bolt|confusion
|
|-weather|Snowscape|[upkeep]
|upkeep
|turn|17
|
|t:|1760358852
|-terastallize|p2a: Raging Bolt|Electric
|-activate|p2a: Raging Bolt|confusion
|move|p2a: Raging Bolt|Calm Mind|p2a: Raging Bolt
|-boost|p2a: Raging Bolt|spa|1
|-boost|p2a: Raging Bolt|spd|1
|move|p1a: Weezing|Defog|p2a: Raging Bolt
|-unboost|p2a: Raging Bolt|evasion|1
|-sideend|p2: niktotosv|move: Aurora Veil
|-sideend|p2: niktotosv|Stealth Rock|[from] move: Defog|[of] p1a: Weezing
|
|-weather|Snowscape|[upkeep]
|upkeep
|turn|18
|
|t:|1760358873
|-activate|p2a: Raging Bolt|confusion
|move|p2a: Raging Bolt|Thunderbolt|p1a: Weezing
|-damage|p1a: Weezing|0 fnt
|faint|p1a: Weezing
|-end|p1a: Weezing|ability: Neutralizing Gas
|-enditem|p2a: Raging Bolt|Booster Energy
|-activate|p2a: Raging Bolt|ability: Protosynthesis|[fromitem]
|-start|p2a: Raging Bolt|protosynthesisspa
|
|-weather|none
|upkeep
|
|t:|1760358877
|switch|p1a: Lokix|Lokix, F|100/100
|turn|19
|
|t:|1760358882
|move|p1a: Lokix|U-turn|p2a: Raging Bolt
|-damage|p2a: Raging Bolt|13/100
|
|t:|1760358884
|switch|p1a: Corviknight|Corviknight, F|69/100|[from] U-turn
|-ability|p1a: Corviknight|Pressure
|-end|p2a: Raging Bolt|confusion
|move|p2a: Raging Bolt|Thunderbolt|p1a: Corviknight
|-supereffective|p1a: Corviknight
|-damage|p1a: Corviknight|0 fnt
|faint|p1a: Corviknight
|
|upkeep
|
|t:|1760358906
|switch|p1a: Phione|Phione, shiny|89/100
|turn|20
|
|t:|1760358918
|move|p2a: Raging Bolt|Thunderbolt|p1a: Phione
|-supereffective|p1a: Phione
|-damage|p1a: Phione|0 fnt
|faint|p1a: Phione
|
|upkeep
|
|t:|1760358924
|switch|p1a: Lokix|Lokix, F|100/100
|turn|21
|
|t:|1760358927
|move|p1a: Lokix|U-turn|p2a: Raging Bolt
|-damage|p2a: Raging Bolt|0 fnt
|faint|p2a: Raging Bolt
|-end|p2a: Raging Bolt|Protosynthesis|[silent]
|
|upkeep
|
|t:|1760358934
|switch|p2a: Ninetales|Ninetales-Alola, M|26/100
|-weather|Snowscape|[from] ability: Snow Warning|[of] p2a: Ninetales
|turn|22
|
|t:|1760358937
|move|p2a: Ninetales|Aurora Veil|p2a: Ninetales
|-sidestart|p2: niktotosv|move: Aurora Veil
|move|p1a: Lokix|U-turn|p2a: Ninetales
|-resisted|p2a: Ninetales
|-damage|p2a: Ninetales|6/100
|
|-weather|Snowscape|[upkeep]
|upkeep
|turn|23
|
|t:|1760358942
|move|p2a: Ninetales|Encore|p1a: Lokix
|-start|p1a: Lokix|Encore
|move|p1a: Lokix|U-turn|p2a: Ninetales
|-resisted|p2a: Ninetales
|-damage|p2a: Ninetales|0 fnt
|faint|p2a: Ninetales
|
|-weather|Snowscape|[upkeep]
|upkeep
|
|t:|1760358948
|switch|p2a: Iron Valiant|Iron Valiant|100/100
|-enditem|p2a: Iron Valiant|Booster Energy
|-activate|p2a: Iron Valiant|ability: Quark Drive|[fromitem]
|-start|p2a: Iron Valiant|quarkdrivespe
|turn|24
|
|t:|1760358951
|move|p2a: Iron Valiant|Swords Dance|p2a: Iron Valiant
|-boost|p2a: Iron Valiant|atk|2
|move|p1a: Lokix|U-turn|p2a: Iron Valiant
|-resisted|p2a: Iron Valiant
|-damage|p2a: Iron Valiant|84/100
|
|-weather|Snowscape|[upkeep]
|upkeep
|turn|25
|
|t:|1760358955
|move|p2a: Iron Valiant|Close Combat|p1a: Lokix
|-damage|p1a: Lokix|0 fnt
|-unboost|p2a: Iron Valiant|def|1
|-unboost|p2a: Iron Valiant|spd|1
|faint|p1a: Lokix
|
|win|niktotosv
|raw|Jirashi No Ko ☆'s rating: 1452 &rarr; <strong>1433</strong><br />(-19 for losing)
|raw|niktotosv's rating: 1462 &rarr; <strong>1481</strong><br />(+19 for winning)
|l|☆Jirashi No Ko ☆
|player|p1|
|l|☆niktotosv
|player|p2|
