|j|☆Box2DaLeft
|j|‽flinchirator
|t:|1760315925
|gametype|singles
|player|p1|Box2DaLeft|pokefanf-gen4|1401
|player|p2|flinchirator|miku-ice|1367
|gen|9
|tier|[Gen 9] OU
|rated|
|rule|HP Percentage Mod: HP is shown in percentages
|rule|Endless Battle Clause: Forcing endless battles is banned
|rule|Species Clause: Limit one of each Pokémon
|rule|OHKO Clause: OHKO moves are banned
|rule|Evasion Items Clause: Evasion items are banned
|rule|Evasion Moves Clause: Evasion moves are banned
|rule|Evasion Abilities Clause: Evasion abilities are banned
|rule|Sleep Moves Clause: Sleep-inducing moves are banned
|clearpoke
|poke|p1|Basculegion, M|
|poke|p1|Bellibolt, M|
|poke|p1|Dragonite, F|
|poke|p1|Iron Treads|
|poke|p1|Barraskewda, M|
|poke|p1|Pelipper, M|
|poke|p2|Tornadus-Therian, M|
|poke|p2|Iron Treads|
|poke|p2|Decidueye-Hisui, F|
|poke|p2|Barraskewda, F|
|poke|p2|Pelipper, M|
|poke|p2|Raging Bolt|
|teampreview
|inactive|Battle timer is ON: inactive players will automatically lose when time's up. (requested by flinchirator)
|
|t:|1760315936
|teamsize|p1|6
|teamsize|p2|6
|start
|switch|p1a: Barraskewda|Barraskewda, M|100/100
|switch|p2a: Pelipper|Pelipper, M|100/100
|-weather|RainDance|[from] ability: Drizzle|[of] p2a: Pelipper
|turn|1
|
|t:|1760315945
|move|p1a: Barraskewda|Flip Turn|p2a: Pelipper
|-resisted|p2a: Pelipper
|-damage|p2a: Pelipper|71/100
|
|t:|1760315950
|switch|p1a: Iron Treads|Iron Treads|100/100|[from] Flip Turn
|move|p2a: Pelipper|Hurricane|p1a: Iron Treads
|-resisted|p1a: Iron Treads
|-damage|p1a: Iron Treads|80/100
|-start|p1a: Iron Treads|confusion
|-enditem|p1a: Iron Treads|Eject Button
|
|t:|1760315961
|-end|p1a: Iron Treads|Quark Drive|[silent]
|switch|p1a: Bellibolt|Bellibolt, M|100/100
|
|-weather|RainDance|[upkeep]
|upkeep
|turn|2
|
|t:|1760315982
|switch|p2a: Iron Treads|Iron Treads|100/100
|move|p1a: Bellibolt|Weather Ball|p2a: Iron Treads
|-supereffective|p2a: Iron Treads
|-damage|p2a: Iron Treads|23/100
|
|-weather|RainDance|[upkeep]
|-heal|p2a: Iron Treads|29/100|[from] item: Leftovers
|upkeep
|turn|3
|
|t:|1760315992
|-end|p2a: Iron Treads|Quark Drive|[silent]
|switch|p2a: Raging Bolt|Raging Bolt|100/100
|-enditem|p2a: Raging Bolt|Booster Energy
|-activate|p2a: Raging Bolt|ability: Protosynthesis|[fromitem]
|-start|p2a: Raging Bolt|protosynthesisspa
|move|p1a: Bellibolt|Weather Ball|p2a: Raging Bolt
|-resisted|p2a: Raging Bolt
|-damage|p2a: Raging Bolt|78/100
|
|-weather|RainDance|[upkeep]
|upkeep
|turn|4
|inactive|flinchirator has 120 seconds left.
|
|t:|1760316037
|switch|p1a: Iron Treads|Iron Treads|80/100
|move|p2a: Raging Bolt|Dragon Pulse|p1a: Iron Treads
|-resisted|p1a: Iron Treads
|-damage|p1a: Iron Treads|42/100
|
|-weather|RainDance|[upkeep]
|upkeep
|turn|5
|
|t:|1760316047
|-end|p2a: Raging Bolt|Protosynthesis|[silent]
|switch|p2a: Tornadus|Tornadus-Therian, M|100/100
|move|p1a: Iron Treads|Stealth Rock|p2a: Tornadus
|-sidestart|p2: flinchirator|move: Stealth Rock
|
|-weather|RainDance|[upkeep]
|upkeep
|turn|6
|inactive|flinchirator has 120 seconds left.
|
|t:|1760316055
|move|p2a: Tornadus|Hurricane|p1a: Iron Treads
|-resisted|p1a: Iron Treads
|-damage|p1a: Iron Treads|0 fnt
|faint|p1a: Iron Treads
|-end|p1a: Iron Treads|Quark Drive|[silent]
|
|-weather|RainDance|[upkeep]
|upkeep
|
|t:|1760316062
|switch|p1a: Barraskewda|Barraskewda, M|100/100
|turn|7
|inactive|flinchirator has 120 seconds left.
|
|t:|1760316100
|switch|p2a: Decidueye|Decidueye-Hisui, F|100/100
|-damage|p2a: Decidueye|94/100|[from] Stealth Rock
|move|p1a: Barraskewda|Liquidation|p2a: Decidueye
|-resisted|p2a: Decidueye
|-damage|p2a: Decidueye|54/100
|-damage|p1a: Barraskewda|84/100|[from] item: Rocky Helmet|[of] p2a: Decidueye
|
|-weather|RainDance|[upkeep]
|upkeep
|turn|8
|inactive|Box2DaLeft has 120 seconds left.
|inactive|Box2DaLeft has 90 seconds left.
|
|t:|1760316175
|switch|p1a: Pelipper|Pelipper, M|100/100
|move|p2a: Decidueye|Roost|p2a: Decidueye
|-heal|p2a: Decidueye|100/100
|-singleturn|p2a: Decidueye|move: Roost
|
|-weather|none
|upkeep
|turn|9
|inactive|flinchirator has 90 seconds left.
|
|t:|1760316225
|move|p1a: Pelipper|U-turn|p2a: Decidueye
|-damage|p2a: Decidueye|94/100
|-damage|p1a: Pelipper|84/100|[from] item: Rocky Helmet|[of] p2a: Decidueye
|inactive|Box2DaLeft has 60 seconds left.
|
|t:|1760316282
|switch|p1a: Dragonite|Dragonite, F|100/100|[from] U-turn
|move|p2a: Decidueye|Defog|p1a: Dragonite
|-unboost|p1a: Dragonite|evasion|1
|-sideend|p2: flinchirator|Stealth Rock|[from] move: Defog|[of] p2a: Decidueye
|-enditem|p1a: Dragonite|Eject Pack
|-message|Box2DaLeft forfeited.
|
|win|flinchirator
|raw|Box2DaLeft's rating: 1417 &rarr; <strong>1395</strong><br />(-22 for losing)
|raw|flinchirator's rating: 1384 &rarr; <strong>1406</strong><br />(+22 for winning)
|l|☆Box2DaLeft
|player|p1|
|l|‽flinchirator
|player|p2|
