|j|☆saltylaplace
|j|☆Churrini
|t:|1760448937
|gametype|singles
|player|p1|saltylaplace|hilda-wonderlauncher|1098
|player|p2|Churrini|morty|1164
|gen|9
|tier|[Gen 9] OU
|rated|
|rule|HP Percentage Mod: HP is shown in percentages
|rule|Endless Battle Clause: Forcing endless battles is banned
|rule|Species Clause: Limit one of each Pokémon
|rule|OHKO Clause: OHKO moves are banned
|rule|Evasion Items Clause: Evasion items are banned
|rule|Evasion Moves Clause: Evasion moves are banned
|rule|Evasion Abilities Clause: Evasion abilities are banned
|rule|Sleep Moves Clause: Sleep-inducing moves are banned
|clearpoke
|poke|p1|Gholdengo|
|poke|p1|Goodra-Hisui, F|
|poke|p1|Skeledirge, M|
|poke|p1|Tyranitar, F|
|poke|p1|Samurott-Hisui, M|
|poke|p1|Mudsdale, F|
|poke|p2|Alomomola, M|
|poke|p2|Heatran, M|
|poke|p2|Slowking-Galar, F|
|poke|p2|Darkrai|
|poke|p2|Iron Valiant|
|poke|p2|Dragapult, F|
|teampreview
|
|t:|1760448952
|teamsize|p1|6
|teamsize|p2|6
|start
|switch|p1a: Mudsdale|Mudsdale, F|100/100
|switch|p2a: Iron Valiant|Iron Valiant|100/100
|-enditem|p2a: Iron Valiant|Booster Energy
|-activate|p2a: Iron Valiant|ability: Quark Drive|[fromitem]
|-start|p2a: Iron Valiant|quarkdrivespe
|turn|1
|inactive|Battle timer is ON: inactive players will automatically lose when time's up. (requested by saltylaplace)
|
|t:|1760448961
|-end|p2a: Iron Valiant|Quark Drive|[silent]
|switch|p2a: Alomomola|Alomomola, M|100/100
|move|p1a: Mudsdale|Stealth Rock|p2a: Alomomola
|-sidestart|p2: Churrini|move: Stealth Rock
|
|upkeep
|turn|2
|
|t:|1760448974
|move|p2a: Alomomola|Scald|p1a: Mudsdale
|-supereffective|p1a: Mudsdale
|-damage|p1a: Mudsdale|72/100
|-ability|p1a: Mudsdale|Stamina|boost
|-boost|p1a: Mudsdale|def|1
|move|p1a: Mudsdale|Roar|p2a: Alomomola
|drag|p2a: Dragapult|Dragapult, F|100/100
|-damage|p2a: Dragapult|88/100|[from] Stealth Rock
|
|upkeep
|turn|3
|
|t:|1760448990
|-terastallize|p2a: Dragapult|Dragon
|move|p2a: Dragapult|Draco Meteor|p1a: Mudsdale
|-damage|p1a: Mudsdale|0 fnt
|-unboost|p2a: Dragapult|spa|2
|faint|p1a: Mudsdale
|-damage|p2a: Dragapult|78/100|[from] item: Life Orb
|
|upkeep
|
|t:|1760449000
|switch|p1a: Skeledirge|Skeledirge, M|100/100
|turn|4
|
|t:|1760449006
|-terastallize|p1a: Skeledirge|Fairy
|move|p2a: Dragapult|U-turn|p1a: Skeledirge
|-resisted|p1a: Skeledirge
|-damage|p1a: Skeledirge|94/100
|-damage|p2a: Dragapult|69/100|[from] item: Life Orb
|
|t:|1760449015
|switch|p2a: Slowking|Slowking-Galar, F|100/100|[from] U-turn
|move|p1a: Skeledirge|Torch Song|p2a: Slowking
|-damage|p2a: Slowking|84/100
|-boost|p1a: Skeledirge|spa|1
|
|-heal|p1a: Skeledirge|99/100|[from] item: Leftovers
|upkeep
|turn|5
|
|t:|1760449027
|move|p1a: Skeledirge|Earth Power|p2a: Slowking
|-supereffective|p2a: Slowking
|-damage|p2a: Slowking|42/100
|move|p2a: Slowking|Thunder Wave|p1a: Skeledirge
|-status|p1a: Skeledirge|par
|
|-heal|p1a: Skeledirge|100/100 par|[from] item: Leftovers
|upkeep
|turn|6
|
|t:|1760449041
|move|p1a: Skeledirge|Earth Power|p2a: Slowking
|-supereffective|p2a: Slowking
|-damage|p2a: Slowking|4/100
|move|p2a: Slowking|Sludge Bomb|p1a: Skeledirge
|-supereffective|p1a: Skeledirge
|-damage|p1a: Skeledirge|33/100 par
|
|-heal|p1a: Skeledirge|39/100 par|[from] item: Leftovers
|upkeep
|turn|7
|
|t:|1760449055
|switch|p2a: Heatran|Heatran, M|100/100
|-damage|p2a: Heatran|88/100|[from] Stealth Rock
|-item|p2a: Heatran|Air Balloon
|move|p1a: Skeledirge|Torch Song|p2a: Heatran
|-start|p2a: Heatran|ability: Flash Fire
|
|-heal|p1a: Skeledirge|45/100 par|[from] item: Leftovers
|upkeep
|turn|8
|
|t:|1760449066
|move|p2a: Heatran|Magma Storm|p1a: Skeledirge
|-damage|p1a: Skeledirge|0 fnt
|faint|p1a: Skeledirge
|
|upkeep
|
|t:|1760449074
|switch|p1a: Samurott|Samurott-Hisui, M|100/100
|turn|9
|
|t:|1760449081
|-end|p2a: Heatran|ability: Flash Fire|[silent]
|switch|p2a: Slowking|Slowking-Galar, F|37/100
|move|p1a: Samurott|Ceaseless Edge|p2a: Slowking
|-supereffective|p2a: Slowking
|-damage|p2a: Slowking|0 fnt
|-sidestart|p2: Churrini|Spikes
|faint|p2a: Slowking
|
|upkeep
|
|t:|1760449088
|switch|p2a: Iron Valiant|Iron Valiant|100/100
|-damage|p2a: Iron Valiant|94/100|[from] Stealth Rock
|-damage|p2a: Iron Valiant|82/100|[from] Spikes
|turn|10
|
|t:|1760449095
|move|p1a: Samurott|Ceaseless Edge|p2a: Iron Valiant
|-resisted|p2a: Iron Valiant
|-damage|p2a: Iron Valiant|66/100
|-sidestart|p2: Churrini|Spikes
|move|p2a: Iron Valiant|Calm Mind|p2a: Iron Valiant
|-boost|p2a: Iron Valiant|spa|1
|-boost|p2a: Iron Valiant|spd|1
|
|upkeep
|turn|11
|
|t:|1760449107
|switch|p1a: Tyranitar|Tyranitar, F|100/100
|-weather|Sandstorm|[from] ability: Sand Stream|[of] p1a: Tyranitar
|move|p2a: Iron Valiant|Calm Mind|p2a: Iron Valiant
|-boost|p2a: Iron Valiant|spa|1
|-boost|p2a: Iron Valiant|spd|1
|
|-weather|Sandstorm|[upkeep]
|-damage|p2a: Iron Valiant|59/100|[from] Sandstorm
|upkeep
|turn|12
|
|t:|1760449123
|move|p2a: Iron Valiant|Vacuum Wave|p1a: Tyranitar
|-supereffective|p1a: Tyranitar
|-damage|p1a: Tyranitar|17/100
|move|p1a: Tyranitar|Knock Off|p2a: Iron Valiant
|-resisted|p2a: Iron Valiant
|-damage|p2a: Iron Valiant|51/100
|
|-weather|Sandstorm|[upkeep]
|-damage|p2a: Iron Valiant|45/100|[from] Sandstorm
|-heal|p1a: Tyranitar|24/100|[from] item: Leftovers
|upkeep
|turn|13
|
|t:|1760449136
|move|p2a: Iron Valiant|Moonblast|p1a: Tyranitar
|-supereffective|p1a: Tyranitar
|-damage|p1a: Tyranitar|0 fnt
|faint|p1a: Tyranitar
|
|-weather|Sandstorm|[upkeep]
|-damage|p2a: Iron Valiant|39/100|[from] Sandstorm
|upkeep
|
|t:|1760449148
|switch|p1a: Gholdengo|Gholdengo|100/100
|turn|14
|
|t:|1760449151
|move|p1a: Gholdengo|Trick|p2a: Iron Valiant
|-activate|p1a: Gholdengo|move: Trick|[of] p2a: Iron Valiant
|-item|p2a: Iron Valiant|Choice Scarf|[from] move: Trick
|-enditem|p1a: Gholdengo|Choice Scarf|[silent]|[from] move: Trick
|move|p2a: Iron Valiant|Shadow Ball|p1a: Gholdengo
|-supereffective|p1a: Gholdengo
|-damage|p1a: Gholdengo|0 fnt
|faint|p1a: Gholdengo
|
|-weather|Sandstorm|[upkeep]
|-damage|p2a: Iron Valiant|32/100|[from] Sandstorm
|upkeep
|
|t:|1760449162
|switch|p1a: Samurott|Samurott-Hisui, M|100/100
|turn|15
|
|t:|1760449172
|move|p2a: Iron Valiant|Shadow Ball|p1a: Samurott
|-resisted|p1a: Samurott
|-damage|p1a: Samurott|62/100
|move|p1a: Samurott|Aqua Cutter|p2a: Iron Valiant
|-damage|p2a: Iron Valiant|0 fnt
|faint|p2a: Iron Valiant
|-end|p2a: Iron Valiant|Quark Drive|[silent]
|
|-weather|none
|upkeep
|
|t:|1760449184
|switch|p2a: Dragapult|Dragapult, F, tera:Dragon|69/100
|-damage|p2a: Dragapult|56/100|[from] Stealth Rock
|-damage|p2a: Dragapult|40/100|[from] Spikes
|turn|16
|
|t:|1760449189
|move|p2a: Dragapult|Draco Meteor|p1a: Samurott
|-damage|p1a: Samurott|0 fnt
|-unboost|p2a: Dragapult|spa|2
|faint|p1a: Samurott
|-damage|p2a: Dragapult|30/100|[from] item: Life Orb
|
|upkeep
|
|t:|1760449196
|switch|p1a: Goodra|Goodra-Hisui, F|100/100
|turn|17
|
|t:|1760449200
|switch|p2a: Heatran|Heatran, M|88/100
|-damage|p2a: Heatran|76/100|[from] Stealth Rock
|-item|p2a: Heatran|Air Balloon
|move|p1a: Goodra|Dragon Tail|p2a: Heatran
|-resisted|p2a: Heatran
|-damage|p2a: Heatran|66/100
|-enditem|p2a: Heatran|Air Balloon
|drag|p2a: Alomomola|Alomomola, M|100/100
|-damage|p2a: Alomomola|88/100|[from] Stealth Rock
|-damage|p2a: Alomomola|72/100|[from] Spikes
|
|upkeep
|turn|18
|
|t:|1760449213
|move|p1a: Goodra|Curse|p1a: Goodra
|-unboost|p1a: Goodra|spe|1
|-boost|p1a: Goodra|atk|1
|-boost|p1a: Goodra|def|1
|move|p2a: Alomomola|Mirror Coat||[still]
|-fail|p2a: Alomomola
|
|upkeep
|turn|19
|
|t:|1760449220
|move|p2a: Alomomola|Flip Turn|p1a: Goodra
|-resisted|p1a: Goodra
|-damage|p1a: Goodra|96/100
|
|t:|1760449224
|switch|p2a: Heatran|Heatran, M|66/100|[from] Flip Turn
|-damage|p2a: Heatran|53/100|[from] Stealth Rock
|-damage|p2a: Heatran|37/100|[from] Spikes
|move|p1a: Goodra|Curse|p1a: Goodra
|-unboost|p1a: Goodra|spe|1
|-boost|p1a: Goodra|atk|1
|-boost|p1a: Goodra|def|1
|
|-heal|p1a: Goodra|100/100|[from] item: Leftovers
|upkeep
|turn|20
|
|t:|1760449238
|move|p2a: Heatran|Earth Power|p1a: Goodra
|-supereffective|p1a: Goodra
|-damage|p1a: Goodra|65/100
|move|p1a: Goodra|Dragon Tail|p2a: Heatran
|-resisted|p2a: Heatran
|-damage|p2a: Heatran|18/100
|drag|p2a: Dragapult|Dragapult, F, tera:Dragon|30/100
|-damage|p2a: Dragapult|18/100|[from] Stealth Rock
|-damage|p2a: Dragapult|1/100|[from] Spikes
|
|-heal|p1a: Goodra|71/100|[from] item: Leftovers
|upkeep
|turn|21
|
|t:|1760449250
|move|p2a: Dragapult|Draco Meteor|p1a: Goodra
|-damage|p1a: Goodra|16/100
|-unboost|p2a: Dragapult|spa|2
|-damage|p2a: Dragapult|0 fnt|[from] item: Life Orb
|faint|p2a: Dragapult
|move|p1a: Goodra|Dragon Tail|p2: Dragapult|[notarget]
|-fail|p1a: Goodra
|
|-heal|p1a: Goodra|22/100|[from] item: Leftovers
|upkeep
|
|t:|1760449254
|switch|p2a: Darkrai|Darkrai|100/100
|-damage|p2a: Darkrai|88/100|[from] Stealth Rock
|-damage|p2a: Darkrai|72/100|[from] Spikes
|turn|22
|
|t:|1760449265
|move|p2a: Darkrai|Dark Pulse|p1a: Goodra
|-damage|p1a: Goodra|0 fnt
|faint|p1a: Goodra
|
|win|Churrini
|raw|saltylaplace's rating: 1098 &rarr; <strong>1078</strong><br />(-20 for losing)
|raw|Churrini's rating: 1164 &rarr; <strong>1184</strong><br />(+20 for winning)
|c|☆Churrini|gg
|l|☆saltylaplace
|player|p1|
