|j|☆sihengthegreat
|j|☆Sksupreme
|t:|1760346504
|gametype|singles
|player|p1|sihengthegreat|hooligans|1534
|player|p2|Sksupreme|cynthia-gen4|1631
|gen|9
|tier|[Gen 9] OU
|rated|
|rule|HP Percentage Mod: HP is shown in percentages
|rule|Endless Battle Clause: Forcing endless battles is banned
|rule|Species Clause: Limit one of each Pokémon
|rule|OHKO Clause: OHKO moves are banned
|rule|Evasion Items Clause: Evasion items are banned
|rule|Evasion Moves Clause: Evasion moves are banned
|rule|Evasion Abilities Clause: Evasion abilities are banned
|rule|Sleep Moves Clause: Sleep-inducing moves are banned
|clearpoke
|poke|p1|Pecharunt|
|poke|p1|Serperior, M|
|poke|p1|Moltres|
|poke|p1|Deoxys-Speed|
|poke|p1|Iron Treads|
|poke|p1|Kingambit, M|
|poke|p2|Pecharunt|
|poke|p2|Hydrapple, F|
|poke|p2|Alomomola, F|
|poke|p2|Zamazenta-*|
|poke|p2|Bisharp, F|
|poke|p2|Gurdurr, M|
|teampreview
|
|t:|1760346513
|teamsize|p1|6
|teamsize|p2|6
|start
|switch|p1a: Pecharunt|Pecharunt|100/100
|switch|p2a: Zamazenta|Zamazenta|100/100
|-ability|p2a: Zamazenta|Dauntless Shield|boost
|-boost|p2a: Zamazenta|def|1
|turn|1
|
|t:|1760346523
|move|p2a: Zamazenta|Iron Head|p1a: Pecharunt
|-damage|p1a: Pecharunt|71/100
|move|p1a: Pecharunt|Hex|p2a: Zamazenta
|-crit|p2a: Zamazenta
|-damage|p2a: Zamazenta|63/100
|
|upkeep
|turn|2
|
|t:|1760346532
|switch|p2a: Bisharp|Bisharp, F, shiny|100/100
|switch|p1a: Moltres|Moltres|100/100
|
|upkeep
|turn|3
|
|t:|1760346538
|switch|p2a: Gurdurr|Gurdurr, M, shiny|100/100
|move|p1a: Moltres|Will-O-Wisp|p2a: Gurdurr|[miss]
|-miss|p1a: Moltres|p2a: Gurdurr
|
|upkeep
|turn|4
|
|t:|1760346549
|switch|p1a: Pecharunt|Pecharunt|71/100
|move|p2a: Gurdurr|Ice Punch|p1a: Pecharunt
|-damage|p1a: Pecharunt|56/100
|
|upkeep
|turn|5
|
|t:|1760346554
|move|p1a: Pecharunt|Recover|p1a: Pecharunt
|-heal|p1a: Pecharunt|100/100
|move|p2a: Gurdurr|High Horsepower|p1a: Pecharunt
|-supereffective|p1a: Pecharunt
|-damage|p1a: Pecharunt|59/100
|
|upkeep
|turn|6
|
|t:|1760346561
|move|p1a: Pecharunt|Malignant Chain|p2a: Gurdurr
|-damage|p2a: Gurdurr|67/100
|move|p2a: Gurdurr|High Horsepower|p1a: Pecharunt|[miss]
|-miss|p2a: Gurdurr|p1a: Pecharunt
|
|upkeep
|turn|7
|
|t:|1760346568
|move|p1a: Pecharunt|Malignant Chain|p2a: Gurdurr
|-damage|p2a: Gurdurr|30/100
|-status|p2a: Gurdurr|tox
|-start|p2a: Gurdurr|confusion|[from] ability: Poison Puppeteer|[of] p1a: Pecharunt
|-activate|p2a: Gurdurr|confusion
|move|p2a: Gurdurr|High Horsepower|p1a: Pecharunt
|-supereffective|p1a: Pecharunt
|-damage|p1a: Pecharunt|1/100
|
|-damage|p2a: Gurdurr|24/100 tox|[from] psn
|upkeep
|turn|8
|
|t:|1760346580
|move|p1a: Pecharunt|Recover|p1a: Pecharunt
|-heal|p1a: Pecharunt|52/100
|-activate|p2a: Gurdurr|confusion
|-damage|p2a: Gurdurr|13/100 tox|[from] confusion
|
|-damage|p2a: Gurdurr|0 fnt|[from] psn
|faint|p2a: Gurdurr
|upkeep
|
|t:|1760346589
|switch|p2a: Bisharp|Bisharp, F, shiny|100/100
|turn|9
|
|t:|1760346592
|switch|p1a: Moltres|Moltres|100/100
|move|p2a: Bisharp|Swords Dance|p2a: Bisharp
|-boost|p2a: Bisharp|atk|2
|
|upkeep
|turn|10
|
|t:|1760346604
|move|p2a: Bisharp|Sucker Punch||[still]
|-fail|p2a: Bisharp
|move|p1a: Moltres|Will-O-Wisp|p2a: Bisharp
|-status|p2a: Bisharp|brn
|
|-damage|p2a: Bisharp|95/100 brn|[from] brn
|upkeep
|turn|11
|
|t:|1760346612
|switch|p2a: Hydrapple|Hydrapple, F, shiny|100/100
|move|p1a: Moltres|Flamethrower|p2a: Hydrapple
|-damage|p2a: Hydrapple|74/100
|
|upkeep
|turn|12
|
|t:|1760346620
|move|p1a: Moltres|U-turn|p2a: Hydrapple
|-supereffective|p2a: Hydrapple
|-damage|p2a: Hydrapple|53/100
|
|t:|1760346628
|switch|p1a: Kingambit|Kingambit, M|100/100|[from] U-turn
|move|p2a: Hydrapple|Hydro Pump|p1a: Kingambit
|-damage|p1a: Kingambit|56/100
|
|-heal|p1a: Kingambit|63/100|[from] item: Leftovers
|upkeep
|turn|13
|
|t:|1760346635
|move|p1a: Kingambit|Swords Dance|p1a: Kingambit
|-boost|p1a: Kingambit|atk|2
|move|p2a: Hydrapple|Hydro Pump|p1a: Kingambit|[miss]
|-miss|p2a: Hydrapple|p1a: Kingambit
|
|-heal|p1a: Kingambit|69/100|[from] item: Leftovers
|upkeep
|turn|14
|
|t:|1760346643
|switch|p2a: Zamazenta|Zamazenta|63/100
|move|p1a: Kingambit|Iron Head|p2a: Zamazenta
|-damage|p2a: Zamazenta|0 fnt
|faint|p2a: Zamazenta
|
|-heal|p1a: Kingambit|75/100|[from] item: Leftovers
|upkeep
|
|t:|1760346650
|switch|p2a: Bisharp|Bisharp, F, shiny|95/100 brn
|turn|15
|
|t:|1760346657
|-end|p1a: Kingambit|fallenundefined|[silent]
|switch|p1a: Moltres|Moltres|100/100
|move|p2a: Bisharp|Swords Dance|p2a: Bisharp
|-boost|p2a: Bisharp|atk|2
|
|-damage|p2a: Bisharp|89/100 brn|[from] brn
|upkeep
|turn|16
|
|t:|1760346664
|move|p1a: Moltres|Flamethrower|p2a: Bisharp
|-supereffective|p2a: Bisharp
|-damage|p2a: Bisharp|33/100 brn
|move|p2a: Bisharp|Swords Dance|p2a: Bisharp
|-boost|p2a: Bisharp|atk|2
|
|-damage|p2a: Bisharp|27/100 brn|[from] brn
|upkeep
|turn|17
|
|t:|1760346672
|move|p2a: Bisharp|Sucker Punch|p1a: Moltres
|-damage|p1a: Moltres|53/100
|move|p1a: Moltres|Flamethrower|p2a: Bisharp
|-supereffective|p2a: Bisharp
|-damage|p2a: Bisharp|0 fnt
|faint|p2a: Bisharp
|
|upkeep
|
|t:|1760346679
|switch|p2a: Hydrapple|Hydrapple, F, shiny|86/100
|turn|18
|
|t:|1760346683
|move|p1a: Moltres|Flamethrower|p2a: Hydrapple
|-damage|p2a: Hydrapple|56/100
|move|p2a: Hydrapple|Fickle Beam|p1a: Moltres
|-damage|p1a: Moltres|7/100
|
|upkeep
|turn|19
|
|t:|1760346689
|move|p1a: Moltres|Flamethrower|p2a: Hydrapple
|-damage|p2a: Hydrapple|25/100
|-status|p2a: Hydrapple|brn
|move|p2a: Hydrapple|Fickle Beam|p1a: Moltres
|-damage|p1a: Moltres|0 fnt
|faint|p1a: Moltres
|
|-damage|p2a: Hydrapple|19/100 brn|[from] brn
|upkeep
|
|t:|1760346695
|switch|p1a: Kingambit|Kingambit, M|75/100
|-activate|p1a: Kingambit|ability: Supreme Overlord
|-start|p1a: Kingambit|fallen1|[silent]
|turn|20
|
|t:|1760346701
|switch|p2a: Alomomola|Alomomola, F, shiny|100/100
|move|p1a: Kingambit|Kowtow Cleave|p2a: Alomomola
|-damage|p2a: Alomomola|54/100
|
|-heal|p2a: Alomomola|61/100|[from] item: Leftovers
|-heal|p1a: Kingambit|81/100|[from] item: Leftovers
|upkeep
|turn|21
|
|t:|1760346711
|-terastallize|p1a: Kingambit|Fire
|move|p2a: Alomomola|Scald|p1a: Kingambit
|-supereffective|p1a: Kingambit
|-damage|p1a: Kingambit|52/100
|move|p1a: Kingambit|Swords Dance|p1a: Kingambit
|-boost|p1a: Kingambit|atk|2
|
|-heal|p2a: Alomomola|67/100|[from] item: Leftovers
|-heal|p1a: Kingambit|59/100|[from] item: Leftovers
|upkeep
|turn|22
|
|t:|1760346722
|move|p2a: Alomomola|Scald|p1a: Kingambit
|-supereffective|p1a: Kingambit
|-damage|p1a: Kingambit|32/100
|move|p1a: Kingambit|Swords Dance|p1a: Kingambit
|-boost|p1a: Kingambit|atk|2
|
|-heal|p2a: Alomomola|73/100|[from] item: Leftovers
|-heal|p1a: Kingambit|38/100|[from] item: Leftovers
|upkeep
|turn|23
|
|t:|1760346730
|move|p2a: Alomomola|Flip Turn|p1a: Kingambit
|-supereffective|p1a: Kingambit
|-damage|p1a: Kingambit|14/100
|
|t:|1760346736
|switch|p2a: Pecharunt|Pecharunt|100/100|[from] Flip Turn
|move|p1a: Kingambit|Kowtow Cleave|p2a: Pecharunt
|-supereffective|p2a: Pecharunt
|-damage|p2a: Pecharunt|0 fnt
|faint|p2a: Pecharunt
|
|-heal|p1a: Kingambit|20/100|[from] item: Leftovers
|upkeep
|
|t:|1760346744
|switch|p2a: Alomomola|Alomomola, F, shiny|100/100
|turn|24
|
|t:|1760346747
|move|p1a: Kingambit|Sucker Punch|p2a: Alomomola
|-damage|p2a: Alomomola|0 fnt
|faint|p2a: Alomomola
|
|-heal|p1a: Kingambit|26/100|[from] item: Leftovers
|upkeep
|
|t:|1760346753
|switch|p2a: Hydrapple|Hydrapple, F, shiny|52/100 brn
|turn|25
|
|t:|1760346755
|move|p1a: Kingambit|Kowtow Cleave|p2a: Hydrapple
|-damage|p2a: Hydrapple|0 fnt
|faint|p2a: Hydrapple
|
|win|sihengthegreat
|raw|sihengthegreat's rating: 1534 &rarr; <strong>1559</strong><br />(+25 for winning)
|raw|Sksupreme's rating: 1631 &rarr; <strong>1606</strong><br />(-25 for losing)
|l|☆Sksupreme
|player|p2|
|l|☆sihengthegreat
|player|p1|
