|j|☆Clock Obsessed
|j|☆great team haver
|t:|1760456777
|gametype|singles
|player|p1|Clock Obsessed|101|1261
|player|p2|great team haver|skierf|1285
|gen|9
|tier|[Gen 9] OU
|rated|
|rule|HP Percentage Mod: HP is shown in percentages
|rule|Endless Battle Clause: Forcing endless battles is banned
|rule|Species Clause: Limit one of each Pokémon
|rule|OHKO Clause: OHKO moves are banned
|rule|Evasion Items Clause: Evasion items are banned
|rule|Evasion Moves Clause: Evasion moves are banned
|rule|Evasion Abilities Clause: Evasion abilities are banned
|rule|Sleep Moves Clause: Sleep-inducing moves are banned
|clearpoke
|poke|p1|Garganacl, F|
|poke|p1|Dragapult, F|
|poke|p1|Ogerpon-Wellspring, F|
|poke|p1|Moltres|
|poke|p1|Zamazenta-*|
|poke|p1|Iron Treads|
|poke|p2|Excadrill, F|
|poke|p2|Tyranitar, M|
|poke|p2|Reuniclus, M|
|poke|p2|Houndstone, F|
|poke|p2|Coalossal, F|
|poke|p2|Corviknight, M|
|teampreview
|inactive|Battle timer is ON: inactive players will automatically lose when time's up. (requested by great team haver)
|
|t:|1760456792
|teamsize|p1|6
|teamsize|p2|6
|start
|switch|p1a: Garganacl|Garganacl, F|100/100
|switch|p2a: Coalossal|Coalossal, F|100/100
|turn|1
|
|t:|1760456799
|move|p1a: Garganacl|Salt Cure|p2a: Coalossal
|-supereffective|p2a: Coalossal
|-damage|p2a: Coalossal|85/100
|-start|p2a: Coalossal|Salt Cure
|move|p2a: Coalossal|Stealth Rock|p1a: Garganacl
|-sidestart|p1: Clock Obsessed|move: Stealth Rock
|
|-damage|p2a: Coalossal|72/100|[from] Salt Cure
|upkeep
|turn|2
|
|t:|1760456806
|switch|p2a: Reuniclus|Reuniclus, M|100/100
|move|p1a: Garganacl|Iron Defense|p1a: Garganacl
|-boost|p1a: Garganacl|def|2
|
|upkeep
|turn|3
|
|t:|1760456812
|switch|p1a: Iron Treads|Iron Treads|100/100
|-damage|p1a: Iron Treads|98/100|[from] Stealth Rock
|move|p2a: Reuniclus|Knock Off|p1a: Iron Treads
|-damage|p1a: Iron Treads|82/100
|-enditem|p1a: Iron Treads|Leftovers|[from] move: Knock Off|[of] p2a: Reuniclus
|
|upkeep
|turn|4
|
|t:|1760456820
|move|p1a: Iron Treads|Knock Off|p2a: Reuniclus
|-supereffective|p2a: Reuniclus
|-damage|p2a: Reuniclus|51/100
|-enditem|p2a: Reuniclus|Life Orb|[from] move: Knock Off|[of] p1a: Iron Treads
|move|p2a: Reuniclus|Focus Blast|p1a: Iron Treads
|-supereffective|p1a: Iron Treads
|-damage|p1a: Iron Treads|6/100
|
|upkeep
|turn|5
|
|t:|1760456828
|move|p1a: Iron Treads|Rapid Spin|p2a: Reuniclus
|-crit|p2a: Reuniclus
|-damage|p2a: Reuniclus|32/100
|-boost|p1a: Iron Treads|spe|1
|-sideend|p1: Clock Obsessed|Stealth Rock|[from] move: Rapid Spin|[of] p1a: Iron Treads
|move|p2a: Reuniclus|Knock Off|p1a: Iron Treads
|-damage|p1a: Iron Treads|0 fnt
|faint|p1a: Iron Treads
|-end|p1a: Iron Treads|Quark Drive|[silent]
|
|upkeep
|
|t:|1760456837
|switch|p1a: Dragapult|Dragapult, F|100/100
|turn|6
|
|t:|1760456841
|move|p1a: Dragapult|Hex|p2a: Reuniclus
|-supereffective|p2a: Reuniclus
|-damage|p2a: Reuniclus|0 fnt
|faint|p2a: Reuniclus
|
|upkeep
|
|t:|1760456844
|switch|p2a: Tyranitar|Tyranitar, M|100/100
|-weather|Sandstorm|[from] ability: Sand Stream|[of] p2a: Tyranitar
|turn|7
|
|t:|1760456849
|move|p1a: Dragapult|Will-O-Wisp|p2a: Tyranitar
|-status|p2a: Tyranitar|brn
|move|p2a: Tyranitar|Knock Off|p1a: Dragapult
|-supereffective|p1a: Dragapult
|-damage|p1a: Dragapult|48/100
|-enditem|p1a: Dragapult|Heavy-Duty Boots|[from] move: Knock Off|[of] p2a: Tyranitar
|
|-weather|Sandstorm|[upkeep]
|-damage|p1a: Dragapult|42/100|[from] Sandstorm
|-damage|p2a: Tyranitar|94/100 brn|[from] brn
|upkeep
|turn|8
|
|t:|1760456859
|move|p1a: Dragapult|U-turn|p2a: Tyranitar
|-supereffective|p2a: Tyranitar
|-damage|p2a: Tyranitar|70/100 brn
|
|t:|1760456864
|switch|p1a: Garganacl|Garganacl, F|100/100|[from] U-turn
|move|p2a: Tyranitar|Knock Off|p1a: Garganacl
|-damage|p1a: Garganacl|85/100
|-enditem|p1a: Garganacl|Leftovers|[from] move: Knock Off|[of] p2a: Tyranitar
|
|-weather|Sandstorm|[upkeep]
|-damage|p2a: Tyranitar|63/100 brn|[from] brn
|upkeep
|turn|9
|
|t:|1760456872
|switch|p2a: Excadrill|Excadrill, F|100/100
|move|p1a: Garganacl|Iron Defense|p1a: Garganacl
|-boost|p1a: Garganacl|def|2
|
|-weather|Sandstorm|[upkeep]
|upkeep
|turn|10
|
|t:|1760456879
|-terastallize|p1a: Garganacl|Electric
|move|p2a: Excadrill|Iron Head|p1a: Garganacl
|-resisted|p1a: Garganacl
|-damage|p1a: Garganacl|72/100
|-damage|p2a: Excadrill|91/100|[from] item: Life Orb
|cant|p1a: Garganacl|flinch
|
|-weather|Sandstorm|[upkeep]
|-damage|p1a: Garganacl|66/100|[from] Sandstorm
|upkeep
|turn|11
|
|t:|1760456888
|-terastallize|p2a: Excadrill|Ground
|move|p2a: Excadrill|Earthquake|p1a: Garganacl
|-supereffective|p1a: Garganacl
|-damage|p1a: Garganacl|0 fnt
|faint|p1a: Garganacl
|-damage|p2a: Excadrill|81/100|[from] item: Life Orb
|
|-weather|none
|upkeep
|
|t:|1760456896
|switch|p1a: Moltres|Moltres|100/100
|turn|12
|
|t:|1760456900
|move|p2a: Excadrill|Rock Slide|p1a: Moltres
|-supereffective|p1a: Moltres
|-damage|p1a: Moltres|0 fnt
|faint|p1a: Moltres
|-damage|p2a: Excadrill|71/100|[from] item: Life Orb
|
|upkeep
|
|t:|1760456905
|switch|p1a: Ogerpon|Ogerpon-Wellspring, F|100/100
|turn|13
|
|t:|1760456909
|switch|p2a: Tyranitar|Tyranitar, M|63/100 brn
|-weather|Sandstorm|[from] ability: Sand Stream|[of] p2a: Tyranitar
|move|p1a: Ogerpon|Trailblaze|p2a: Tyranitar
|-supereffective|p2a: Tyranitar
|-damage|p2a: Tyranitar|20/100 brn
|-boost|p1a: Ogerpon|spe|1
|
|-weather|Sandstorm|[upkeep]
|-damage|p1a: Ogerpon|94/100|[from] Sandstorm
|-damage|p2a: Tyranitar|14/100 brn|[from] brn
|upkeep
|turn|14
|
|t:|1760456921
|move|p1a: Ogerpon|Trailblaze|p2a: Tyranitar
|-supereffective|p2a: Tyranitar
|-damage|p2a: Tyranitar|0 fnt
|-boost|p1a: Ogerpon|spe|1
|faint|p2a: Tyranitar
|
|-weather|Sandstorm|[upkeep]
|-damage|p1a: Ogerpon|88/100|[from] Sandstorm
|upkeep
|
|t:|1760456923
|switch|p2a: Houndstone|Houndstone, F|100/100
|turn|15
|
|t:|1760456931
|move|p1a: Ogerpon|Swords Dance|p1a: Ogerpon
|-boost|p1a: Ogerpon|atk|2
|move|p2a: Houndstone|Poltergeist|p1a: Ogerpon
|-activate|p1a: Ogerpon|move: Poltergeist|Wellspring Mask
|-damage|p1a: Ogerpon|8/100
|-damage|p2a: Houndstone|91/100|[from] item: Life Orb
|
|-weather|Sandstorm|[upkeep]
|-damage|p1a: Ogerpon|2/100|[from] Sandstorm
|upkeep
|turn|16
|
|t:|1760456941
|switch|p2a: Coalossal|Coalossal, F|72/100
|move|p1a: Ogerpon|Ivy Cudgel|p2a: Coalossal|[anim] Ivy Cudgel Water
|-supereffective|p2a: Coalossal
|-damage|p2a: Coalossal|0 fnt
|faint|p2a: Coalossal
|
|-weather|Sandstorm|[upkeep]
|-damage|p1a: Ogerpon|0 fnt|[from] Sandstorm
|faint|p1a: Ogerpon
|upkeep
|
|t:|1760456952
|switch|p1a: Dragapult|Dragapult, F|42/100
|switch|p2a: Excadrill|Excadrill, F, tera:Ground|71/100
|turn|17
|
|t:|1760456957
|move|p1a: Dragapult|Will-O-Wisp|p2a: Excadrill
|-status|p2a: Excadrill|brn
|move|p2a: Excadrill|Earthquake|p1a: Dragapult
|-damage|p1a: Dragapult|0 fnt
|faint|p1a: Dragapult
|-damage|p2a: Excadrill|61/100 brn|[from] item: Life Orb
|
|-weather|none
|-damage|p2a: Excadrill|55/100 brn|[from] brn
|upkeep
|
|t:|1760456966
|switch|p1a: Zamazenta|Zamazenta|100/100
|-ability|p1a: Zamazenta|Dauntless Shield|boost
|-boost|p1a: Zamazenta|def|1
|turn|18
|
|t:|1760456970
|switch|p2a: Houndstone|Houndstone, F|91/100
|move|p1a: Zamazenta|Ice Fang|p2a: Houndstone
|-damage|p2a: Houndstone|65/100
|
|upkeep
|turn|19
|
|t:|1760456976
|move|p1a: Zamazenta|Crunch|p2a: Houndstone
|-supereffective|p2a: Houndstone
|-damage|p2a: Houndstone|0 fnt
|faint|p2a: Houndstone
|
|upkeep
|
|t:|1760456979
|switch|p2a: Corviknight|Corviknight, M|100/100
|-ability|p2a: Corviknight|Pressure
|turn|20
|
|t:|1760456985
|move|p1a: Zamazenta|Close Combat|p2a: Corviknight
|-damage|p2a: Corviknight|53/100
|-unboost|p1a: Zamazenta|def|1
|-unboost|p1a: Zamazenta|spd|1
|move|p2a: Corviknight|Spite|p1a: Zamazenta
|-activate|p1a: Zamazenta|move: Spite|Close Combat|4
|
|-heal|p2a: Corviknight|59/100|[from] item: Leftovers
|upkeep
|turn|21
|
|t:|1760456994
|move|p1a: Zamazenta|Close Combat|p2a: Corviknight
|-damage|p2a: Corviknight|12/100
|-unboost|p1a: Zamazenta|def|1
|-unboost|p1a: Zamazenta|spd|1
|move|p2a: Corviknight|Roost|p2a: Corviknight
|-heal|p2a: Corviknight|62/100
|-singleturn|p2a: Corviknight|move: Roost
|
|-heal|p2a: Corviknight|68/100|[from] item: Leftovers
|upkeep
|turn|22
|
|t:|1760457003
|move|p1a: Zamazenta|Crunch|p2a: Corviknight
|-damage|p2a: Corviknight|47/100
|-unboost|p2a: Corviknight|def|1
|move|p2a: Corviknight|Roost|p2a: Corviknight
|-heal|p2a: Corviknight|97/100
|-singleturn|p2a: Corviknight|move: Roost
|
|-heal|p2a: Corviknight|100/100|[from] item: Leftovers
|upkeep
|turn|23
|
|t:|1760457012
|switch|p2a: Excadrill|Excadrill, F, tera:Ground|55/100 brn
|move|p1a: Zamazenta|Ice Fang|p2a: Excadrill
|-supereffective|p2a: Excadrill
|-damage|p2a: Excadrill|0 fnt
|faint|p2a: Excadrill
|
|upkeep
|
|t:|1760457014
|switch|p2a: Corviknight|Corviknight, M|100/100
|-ability|p2a: Corviknight|Pressure
|turn|24
|
|t:|1760457022
|move|p1a: Zamazenta|Crunch|p2a: Corviknight
|-damage|p2a: Corviknight|80/100
|move|p2a: Corviknight|Brave Bird|p1a: Zamazenta
|-supereffective|p1a: Zamazenta
|-damage|p1a: Zamazenta|0 fnt
|faint|p1a: Zamazenta
|-damage|p2a: Corviknight|53/100|[from] Recoil
|
|win|great team haver
|raw|Clock Obsessed's rating: 1261 &rarr; <strong>1238</strong><br />(-23 for losing)
|raw|great team haver's rating: 1285 &rarr; <strong>1308</strong><br />(+23 for winning)
