|j|☆RAAAAAAAAAAA
|j|☆tongolele
|t:|1760440210
|gametype|singles
|player|p1|RAAAAAAAAAAA|169|1244
|player|p2|tongolele|2|1236
|gen|9
|tier|[Gen 9] OU
|rated|
|rule|HP Percentage Mod: HP is shown in percentages
|rule|Endless Battle Clause: Forcing endless battles is banned
|rule|Species Clause: Limit one of each Pokémon
|rule|OHKO Clause: OHKO moves are banned
|rule|Evasion Items Clause: Evasion items are banned
|rule|Evasion Moves Clause: Evasion moves are banned
|rule|Evasion Abilities Clause: Evasion abilities are banned
|rule|Sleep Moves Clause: Sleep-inducing moves are banned
|clearpoke
|poke|p1|Dragapult, M|
|poke|p1|Ogerpon-Wellspring, F|
|poke|p1|Raging Bolt|
|poke|p1|Clodsire, M|
|poke|p1|Scizor, F|
|poke|p1|Iron Valiant|
|poke|p2|Gliscor, F|
|poke|p2|Goodra, M|
|poke|p2|Gholdengo|
|poke|p2|Glimmora, F|
|poke|p2|Blaziken, F|
|poke|p2|Gastrodon, M|
|teampreview
|inactive|Battle timer is ON: inactive players will automatically lose when time's up. (requested by tongolele)
|
|t:|1760440218
|teamsize|p1|6
|teamsize|p2|6
|start
|switch|p1a: Clodsire|Clodsire, M|100/100
|switch|p2a: Glimmora|Glimmora, F|100/100
|turn|1
|
|t:|1760440231
|move|p2a: Glimmora|Stealth Rock|p1a: Clodsire
|-sidestart|p1: RAAAAAAAAAAA|move: Stealth Rock
|move|p1a: Clodsire|Stealth Rock|p2a: Glimmora
|-sidestart|p2: tongolele|move: Stealth Rock
|
|upkeep
|turn|2
|
|t:|1760440236
|move|p2a: Glimmora|Earth Power|p1a: Clodsire
|-supereffective|p1a: Clodsire
|-damage|p1a: Clodsire|74/100
|move|p1a: Clodsire|Earthquake|p2a: Glimmora
|-supereffective|p2a: Glimmora
|-damage|p2a: Glimmora|11/100
|-activate|p2a: Glimmora|ability: Toxic Debris
|-sidestart|p1: RAAAAAAAAAAA|move: Toxic Spikes
|
|upkeep
|turn|3
|
|t:|1760440246
|-terastallize|p2a: Glimmora|Flying
|move|p2a: Glimmora|Mortal Spin|p1a: Clodsire
|-resisted|p1a: Clodsire
|-damage|p1a: Clodsire|72/100
|-sideend|p2: tongolele|Stealth Rock|[from] move: Mortal Spin|[of] p2a: Glimmora
|move|p1a: Clodsire|Earthquake|p2a: Glimmora
|-immune|p2a: Glimmora
|
|upkeep
|turn|4
|
|t:|1760440255
|move|p2a: Glimmora|Earth Power|p1a: Clodsire
|-supereffective|p1a: Clodsire
|-damage|p1a: Clodsire|46/100
|move|p1a: Clodsire|Toxic|p2a: Glimmora
|-status|p2a: Glimmora|tox
|
|-damage|p2a: Glimmora|4/100 tox|[from] psn
|upkeep
|turn|5
|
|t:|1760440267
|move|p2a: Glimmora|Earth Power|p1a: Clodsire
|-supereffective|p1a: Clodsire
|-damage|p1a: Clodsire|20/100
|move|p1a: Clodsire|Recover|p1a: Clodsire
|-heal|p1a: Clodsire|70/100
|
|-damage|p2a: Glimmora|0 fnt|[from] psn
|faint|p2a: Glimmora
|upkeep
|
|t:|1760440279
|switch|p2a: Gliscor|Gliscor, F|100/100
|turn|6
|
|t:|1760440289
|switch|p1a: Scizor|Scizor, F|100/100
|-damage|p1a: Scizor|88/100|[from] Stealth Rock
|move|p2a: Gliscor|Swords Dance|p2a: Gliscor
|-boost|p2a: Gliscor|atk|2
|
|-status|p2a: Gliscor|tox|[from] item: Toxic Orb
|upkeep
|turn|7
|
|t:|1760440304
|move|p1a: Scizor|Bullet Punch|p2a: Gliscor
|-damage|p2a: Gliscor|67/100 tox
|move|p2a: Gliscor|Swords Dance|p2a: Gliscor
|-boost|p2a: Gliscor|atk|2
|
|-heal|p2a: Gliscor|80/100 tox|[from] ability: Poison Heal
|upkeep
|turn|8
|
|t:|1760440313
|move|p1a: Scizor|Bullet Punch|p2a: Gliscor
|-damage|p2a: Gliscor|45/100 tox
|move|p2a: Gliscor|Swords Dance|p2a: Gliscor
|-boost|p2a: Gliscor|atk|2
|
|-heal|p2a: Gliscor|57/100 tox|[from] ability: Poison Heal
|upkeep
|turn|9
|
|t:|1760440323
|-terastallize|p1a: Scizor|Steel
|move|p2a: Gliscor|Protect|p2a: Gliscor
|-singleturn|p2a: Gliscor|Protect
|move|p1a: Scizor|Bullet Punch|p2a: Gliscor
|-activate|p2a: Gliscor|move: Protect
|
|-heal|p2a: Gliscor|70/100 tox|[from] ability: Poison Heal
|upkeep
|turn|10
|
|t:|1760440332
|move|p1a: Scizor|Bullet Punch|p2a: Gliscor
|-damage|p2a: Gliscor|28/100 tox
|move|p2a: Gliscor|Earthquake|p1a: Scizor
|-supereffective|p1a: Scizor
|-damage|p1a: Scizor|0 fnt
|faint|p1a: Scizor
|
|-heal|p2a: Gliscor|41/100 tox|[from] ability: Poison Heal
|upkeep
|
|t:|1760440338
|switch|p1a: Dream|Ogerpon-Wellspring, F|100/100
|-damage|p1a: Dream|88/100|[from] Stealth Rock
|-status|p1a: Dream|psn
|turn|11
|
|t:|1760440346
|move|p2a: Gliscor|Protect|p2a: Gliscor
|-singleturn|p2a: Gliscor|Protect
|move|p1a: Dream|Ivy Cudgel|p2a: Gliscor|[anim] Ivy Cudgel Water
|-activate|p2a: Gliscor|move: Protect
|
|-damage|p1a: Dream|75/100 psn|[from] psn
|-heal|p2a: Gliscor|53/100 tox|[from] ability: Poison Heal
|upkeep
|turn|12
|
|t:|1760440359
|switch|p2a: Gastrodon|Gastrodon, M|100/100
|move|p1a: Dream|Ivy Cudgel|p2a: Gastrodon|[anim] Ivy Cudgel Water
|-ability|p2a: Gastrodon|Storm Drain|boost
|-boost|p2a: Gastrodon|spa|1
|
|-damage|p1a: Dream|63/100 psn|[from] psn
|upkeep
|turn|13
|
|t:|1760440367
|move|p2a: Gastrodon|Protect|p2a: Gastrodon
|-singleturn|p2a: Gastrodon|Protect
|move|p1a: Dream|Horn Leech|p2a: Gastrodon
|-activate|p2a: Gastrodon|move: Protect
|
|-damage|p1a: Dream|50/100 psn|[from] psn
|upkeep
|turn|14
|
|t:|1760440377
|switch|p2a: Goodra|Goodra, M|100/100
|move|p1a: Dream|Horn Leech|p2a: Goodra
|-ability|p2a: Goodra|Sap Sipper|boost
|-boost|p2a: Goodra|atk|1
|
|-damage|p1a: Dream|38/100 psn|[from] psn
|upkeep
|turn|15
|
|t:|1760440387
|switch|p1a: Clodsire|Clodsire, M|70/100
|-sideend|p1: RAAAAAAAAAAA|move: Toxic Spikes|[of] p1a: Clodsire
|move|p2a: Goodra|Thunderbolt|p1a: Clodsire
|-immune|p1a: Clodsire
|
|upkeep
|turn|16
|
|t:|1760440394
|switch|p2a: Gliscor|Gliscor, F|53/100 tox
|move|p1a: Clodsire|Stealth Rock|p2a: Gliscor
|-sidestart|p2: tongolele|move: Stealth Rock
|
|-heal|p2a: Gliscor|66/100 tox|[from] ability: Poison Heal
|upkeep
|turn|17
|
|t:|1760440402
|switch|p1a: Dream|Ogerpon-Wellspring, F|38/100 psn
|-damage|p1a: Dream|25/100 psn|[from] Stealth Rock
|move|p2a: Gliscor|Swords Dance|p2a: Gliscor
|-boost|p2a: Gliscor|atk|2
|
|-damage|p1a: Dream|13/100 psn|[from] psn
|-heal|p2a: Gliscor|78/100 tox|[from] ability: Poison Heal
|upkeep
|turn|18
|
|t:|1760440412
|move|p2a: Gliscor|Protect|p2a: Gliscor
|-singleturn|p2a: Gliscor|Protect
|move|p1a: Dream|Encore|p2a: Gliscor
|-activate|p2a: Gliscor|move: Protect
|
|-damage|p1a: Dream|0 fnt|[from] psn
|faint|p1a: Dream
|-heal|p2a: Gliscor|91/100 tox|[from] ability: Poison Heal
|upkeep
|
|t:|1760440420
|switch|p1a: JJ the jet plane|Dragapult, M|100/100
|-damage|p1a: JJ the jet plane|88/100|[from] Stealth Rock
|turn|19
|c|☆tongolele|😉
|
|t:|1760440429
|move|p1a: JJ the jet plane|Draco Meteor|p2a: Gliscor
|-damage|p2a: Gliscor|0 fnt
|-unboost|p1a: JJ the jet plane|spa|2
|faint|p2a: Gliscor
|
|upkeep
|
|t:|1760440436
|switch|p2a: Gholdengo|Gholdengo|100/100
|-damage|p2a: Gholdengo|94/100|[from] Stealth Rock
|turn|20
|
|t:|1760440440
|switch|p1a: Clodsire|Clodsire, M|70/100
|move|p2a: Gholdengo|Shadow Ball|p1a: Clodsire
|-damage|p1a: Clodsire|48/100
|-unboost|p1a: Clodsire|spd|1
|
|upkeep
|turn|21
|
|t:|1760440447
|move|p2a: Gholdengo|Shadow Ball|p1a: Clodsire
|-damage|p1a: Clodsire|15/100
|move|p1a: Clodsire|Recover|p1a: Clodsire
|-heal|p1a: Clodsire|65/100
|
|upkeep
|turn|22
|
|t:|1760440458
|switch|p2a: Gastrodon|Gastrodon, M|100/100
|-damage|p2a: Gastrodon|94/100|[from] Stealth Rock
|move|p1a: Clodsire|Recover|p1a: Clodsire
|-heal|p1a: Clodsire|100/100
|
|upkeep
|turn|23
|
|t:|1760440467
|move|p2a: Gastrodon|Earth Power|p1a: Clodsire
|-supereffective|p1a: Clodsire
|-damage|p1a: Clodsire|51/100
|move|p1a: Clodsire|Toxic|p2a: Gastrodon
|-status|p2a: Gastrodon|tox
|
|-damage|p2a: Gastrodon|88/100 tox|[from] psn
|upkeep
|turn|24
|
|t:|1760440476
|move|p2a: Gastrodon|Earth Power|p1a: Clodsire
|-supereffective|p1a: Clodsire
|-damage|p1a: Clodsire|8/100
|move|p1a: Clodsire|Recover|p1a: Clodsire
|-heal|p1a: Clodsire|58/100
|
|-damage|p2a: Gastrodon|76/100 tox|[from] psn
|upkeep
|turn|25
|
|t:|1760440488
|move|p2a: Gastrodon|Earth Power|p1a: Clodsire
|-supereffective|p1a: Clodsire
|-damage|p1a: Clodsire|8/100
|-unboost|p1a: Clodsire|spd|1
|move|p1a: Clodsire|Recover|p1a: Clodsire
|-heal|p1a: Clodsire|58/100
|
|-damage|p2a: Gastrodon|58/100 tox|[from] psn
|upkeep
|turn|26
|
|t:|1760440499
|switch|p1a: JJ the jet plane|Dragapult, M|88/100
|-damage|p1a: JJ the jet plane|76/100|[from] Stealth Rock
|move|p2a: Gastrodon|Rest|p2a: Gastrodon
|-status|p2a: Gastrodon|slp|[from] move: Rest
|-heal|p2a: Gastrodon|100/100 slp|[silent]
|-enditem|p2a: Gastrodon|Chesto Berry|[eat]
|-curestatus|p2a: Gastrodon|slp|[msg]
|
|upkeep
|turn|27
|
|t:|1760440509
|move|p1a: JJ the jet plane|Shadow Ball|p2a: Gastrodon
|-damage|p2a: Gastrodon|60/100
|-unboost|p2a: Gastrodon|spd|1
|move|p2a: Gastrodon|Icy Wind|p1a: JJ the jet plane
|-supereffective|p1a: JJ the jet plane
|-damage|p1a: JJ the jet plane|46/100
|-unboost|p1a: JJ the jet plane|spe|1
|
|upkeep
|turn|28
|
|t:|1760440520
|move|p1a: JJ the jet plane|Shadow Ball|p2a: Gastrodon
|-damage|p2a: Gastrodon|0 fnt
|faint|p2a: Gastrodon
|
|upkeep
|
|t:|1760440526
|switch|p2a: Gholdengo|Gholdengo|94/100
|-damage|p2a: Gholdengo|88/100|[from] Stealth Rock
|turn|29
|
|t:|1760440530
|switch|p1a: Clodsire|Clodsire, M|58/100
|move|p2a: Gholdengo|Shadow Ball|p1a: Clodsire
|-damage|p1a: Clodsire|35/100
|
|upkeep
|turn|30
|
|t:|1760440539
|move|p2a: Gholdengo|Shadow Ball|p1a: Clodsire
|-damage|p1a: Clodsire|12/100
|move|p1a: Clodsire|Recover|p1a: Clodsire
|-heal|p1a: Clodsire|62/100
|
|upkeep
|turn|31
|
|t:|1760440552
|switch|p2a: Goodra|Goodra, M|100/100
|-damage|p2a: Goodra|88/100|[from] Stealth Rock
|move|p1a: Clodsire|Recover|p1a: Clodsire
|-heal|p1a: Clodsire|100/100
|
|upkeep
|turn|32
|
|t:|1760440563
|move|p1a: Clodsire|Toxic|p2a: Goodra
|-status|p2a: Goodra|tox
|move|p2a: Goodra|Dragon Tail|p1a: Clodsire
|-damage|p1a: Clodsire|79/100
|drag|p1a: Iron Valiant|Iron Valiant|100/100
|-damage|p1a: Iron Valiant|94/100|[from] Stealth Rock
|-enditem|p1a: Iron Valiant|Booster Energy
|-activate|p1a: Iron Valiant|ability: Quark Drive|[fromitem]
|-start|p1a: Iron Valiant|quarkdrivespe
|
|-damage|p2a: Goodra|82/100 tox|[from] psn
|upkeep
|turn|33
|
|t:|1760440576
|move|p1a: Iron Valiant|Moonblast|p2a: Goodra
|-supereffective|p2a: Goodra
|-damage|p2a: Goodra|52/100 tox
|move|p2a: Goodra|Thunderbolt|p1a: Iron Valiant
|-damage|p1a: Iron Valiant|49/100
|
|-damage|p2a: Goodra|40/100 tox|[from] psn
|upkeep
|turn|34
|
|t:|1760440591
|move|p1a: Iron Valiant|Moonblast|p2a: Goodra
|-supereffective|p2a: Goodra
|-damage|p2a: Goodra|10/100 tox
|move|p2a: Goodra|Thunderbolt|p1a: Iron Valiant
|-crit|p1a: Iron Valiant
|-damage|p1a: Iron Valiant|0 fnt
|faint|p1a: Iron Valiant
|-end|p1a: Iron Valiant|Quark Drive|[silent]
|
|-damage|p2a: Goodra|0 fnt|[from] psn
|faint|p2a: Goodra
|upkeep
|
|t:|1760440603
|switch|p1a: JJ the jet plane|Dragapult, M|46/100
|switch|p2a: Gholdengo|Gholdengo|88/100
|-damage|p2a: Gholdengo|82/100|[from] Stealth Rock
|-damage|p1a: JJ the jet plane|34/100|[from] Stealth Rock
|turn|35
|
|t:|1760440610
|move|p2a: Gholdengo|Shadow Ball|p1a: JJ the jet plane
|-supereffective|p1a: JJ the jet plane
|-damage|p1a: JJ the jet plane|0 fnt
|faint|p1a: JJ the jet plane
|
|upkeep
|
|t:|1760440613
|switch|p1a: Clodsire|Clodsire, M|79/100
|turn|36
|
|t:|1760440619
|move|p2a: Gholdengo|Shadow Ball|p1a: Clodsire
|-damage|p1a: Clodsire|55/100
|move|p1a: Clodsire|Earthquake|p2a: Gholdengo
|-supereffective|p2a: Gholdengo
|-damage|p2a: Gholdengo|18/100
|
|upkeep
|turn|37
|
|t:|1760440627
|move|p2a: Gholdengo|Shadow Ball|p1a: Clodsire
|-damage|p1a: Clodsire|34/100
|-unboost|p1a: Clodsire|spd|1
|move|p1a: Clodsire|Earthquake|p2a: Gholdengo
|-supereffective|p2a: Gholdengo
|-damage|p2a: Gholdengo|0 fnt
|faint|p2a: Gholdengo
|
|upkeep
|
|t:|1760440636
|switch|p2a: Blaziken|Blaziken, F|100/100
|-damage|p2a: Blaziken|88/100|[from] Stealth Rock
|turn|38
|
|t:|1760440640
|move|p2a: Blaziken|Close Combat|p1a: Clodsire
|-resisted|p1a: Clodsire
|-damage|p1a: Clodsire|1/100
|-unboost|p2a: Blaziken|def|1
|-unboost|p2a: Blaziken|spd|1
|move|p1a: Clodsire|Earthquake|p2a: Blaziken
|-supereffective|p2a: Blaziken
|-damage|p2a: Blaziken|0 fnt
|faint|p2a: Blaziken
|
|win|RAAAAAAAAAAA
|raw|RAAAAAAAAAAA's rating: 1244 &rarr; <strong>1268</strong><br />(+24 for winning)
|raw|tongolele's rating: 1236 &rarr; <strong>1212</strong><br />(-24 for losing)
|c|☆RAAAAAAAAAAA|;.
|l|☆RAAAAAAAAAAA
|player|p1|
|l|☆tongolele
|player|p2|
