|j|☆Arcadia Dominus
|j|☆hoverhawk
|t:|1760435379
|gametype|singles
|player|p1|Arcadia Dominus|red-masters2|1555
|player|p2|hoverhawk|2|1524
|gen|9
|tier|[Gen 9] OU
|rated|
|rule|HP Percentage Mod: HP is shown in percentages
|rule|Endless Battle Clause: Forcing endless battles is banned
|rule|Species Clause: Limit one of each Pokémon
|rule|OHKO Clause: OHKO moves are banned
|rule|Evasion Items Clause: Evasion items are banned
|rule|Evasion Moves Clause: Evasion moves are banned
|rule|Evasion Abilities Clause: Evasion abilities are banned
|rule|Sleep Moves Clause: Sleep-inducing moves are banned
|clearpoke
|poke|p1|Rillaboom, F|
|poke|p1|Hawlucha, M|
|poke|p1|Kingambit, F|
|poke|p1|Gholdengo|
|poke|p1|Manaphy|
|poke|p1|Garchomp, F|
|poke|p2|Lokix, F|
|poke|p2|Hatterene, F|
|poke|p2|Cinderace, F|
|poke|p2|Tornadus-Therian, M|
|poke|p2|Iron Crown|
|poke|p2|Landorus-Therian, M|
|teampreview
|inactive|Battle timer is ON: inactive players will automatically lose when time's up. (requested by Arcadia Dominus)
|
|t:|1760435389
|teamsize|p1|6
|teamsize|p2|6
|start
|switch|p1a: The Chomp|Garchomp, F|100/100
|switch|p2a: Lokix|Lokix, F|100/100
|turn|1
|
|t:|1760435395
|move|p1a: The Chomp|Swords Dance|p1a: The Chomp
|-boost|p1a: The Chomp|atk|2
|move|p2a: Lokix|U-turn|p1a: The Chomp
|-crit|p1a: The Chomp
|-damage|p1a: The Chomp|22/100
|-damage|p2a: Lokix|88/100|[from] ability: Rough Skin|[of] p1a: The Chomp
|
|t:|1760435400
|switch|p2a: Tornadus|Tornadus-Therian, M|100/100|[from] U-turn
|
|upkeep
|turn|2
|
|t:|1760435406
|move|p2a: Tornadus|Bleakwind Storm|p1a: The Chomp|[miss]
|-miss|p2a: Tornadus|p1a: The Chomp
|move|p1a: The Chomp|Scale Shot|p2a: Tornadus
|-damage|p2a: Tornadus|67/100
|-damage|p2a: Tornadus|36/100
|-damage|p2a: Tornadus|3/100
|-damage|p2a: Tornadus|0 fnt
|faint|p2a: Tornadus
|-hitcount|p2: Tornadus|4
|-unboost|p1a: The Chomp|def|1
|-boost|p1a: The Chomp|spe|1
|
|upkeep
|
|t:|1760435409
|switch|p2a: Lokix|Lokix, F|88/100
|turn|3
|
|t:|1760435415
|switch|p1a: The Domain|Rillaboom, F, shiny|100/100
|-fieldstart|move: Grassy Terrain|[from] ability: Grassy Surge|[of] p1a: The Domain
|move|p2a: Lokix|First Impression|p1a: The Domain
|-supereffective|p1a: The Domain
|-damage|p1a: The Domain|0 fnt
|faint|p1a: The Domain
|
|-heal|p2a: Lokix|94/100|[from] Grassy Terrain
|upkeep
|
|t:|1760435420
|switch|p1a: The Ascendant|Hawlucha, M, shiny|100/100
|-enditem|p1a: The Ascendant|Grassy Seed
|-boost|p1a: The Ascendant|def|1|[from] item: Grassy Seed
|turn|4
|
|t:|1760435438
|switch|p2a: Hatterene|Hatterene, F|100/100
|move|p1a: The Ascendant|Swords Dance|p1a: The Ascendant
|-boost|p1a: The Ascendant|atk|2
|
|upkeep
|turn|5
|
|t:|1760435463
|-terastallize|p1a: The Ascendant|Ground
|move|p1a: The Ascendant|Swords Dance|p1a: The Ascendant
|-boost|p1a: The Ascendant|atk|2
|move|p2a: Hatterene|Draining Kiss|p1a: The Ascendant
|-damage|p1a: The Ascendant|69/100
|
|-heal|p1a: The Ascendant|75/100|[from] Grassy Terrain
|upkeep
|turn|6
|
|t:|1760435477
|switch|p2a: Landorus|Landorus-Therian, M|100/100
|-ability|p2a: Landorus|Intimidate|boost
|-unboost|p1a: The Ascendant|atk|1
|move|p1a: The Ascendant|Acrobatics|p2a: Landorus
|-damage|p2a: Landorus|0 fnt
|-damage|p1a: The Ascendant|59/100|[from] item: Rocky Helmet|[of] p2a: Landorus
|faint|p2a: Landorus
|
|-heal|p1a: The Ascendant|65/100|[from] Grassy Terrain
|upkeep
|l|☆hoverhawk
|inactive|hoverhawk disconnected and has a minute to reconnect!
|player|p2|
|j|☆hoverhawk
|inactive|hoverhawk reconnected and has 100 seconds left.
|player|p2|hoverhawk|2|
|inactive|hoverhawk has 90 seconds left.
|
|t:|1760435525
|switch|p2a: Lokix|Lokix, F|94/100
|turn|7
|
|t:|1760435542
|-terastallize|p2a: Lokix|Bug
|move|p2a: Lokix|First Impression|p1a: The Ascendant
|-damage|p1a: The Ascendant|0 fnt
|faint|p1a: The Ascendant
|
|-heal|p2a: Lokix|99/100|[from] Grassy Terrain
|upkeep
|
|t:|1760435551
|switch|p1a: The Deceiver|Manaphy|100/100
|-enditem|p1a: The Deceiver|Grassy Seed
|-boost|p1a: The Deceiver|def|1|[from] item: Grassy Seed
|turn|8
|
|t:|1760435562
|switch|p2a: Hatterene|Hatterene, F|100/100
|move|p1a: The Deceiver|Tail Glow|p1a: The Deceiver
|-boost|p1a: The Deceiver|spa|3
|
|upkeep
|turn|9
|
|t:|1760435574
|move|p1a: The Deceiver|Surf|p2a: Hatterene
|-damage|p2a: Hatterene|0 fnt
|faint|p2a: Hatterene
|
|upkeep
|
|t:|1760435577
|switch|p2a: Iron Crown|Iron Crown|100/100
|turn|10
|inactive|hoverhawk has 120 seconds left.
|
|t:|1760435586
|move|p2a: Iron Crown|Psychic Noise|p1a: The Deceiver
|-crit|p1a: The Deceiver
|-damage|p1a: The Deceiver|53/100
|-start|p1a: The Deceiver|move: Heal Block
|move|p1a: The Deceiver|Surf|p2a: Iron Crown
|-crit|p2a: Iron Crown
|-damage|p2a: Iron Crown|8/100
|
|-heal|p2a: Iron Crown|15/100|[from] Grassy Terrain
|-fieldend|move: Grassy Terrain
|upkeep
|turn|11
|
|t:|1760435594
|move|p2a: Iron Crown|Psychic Noise|p1a: The Deceiver
|-damage|p1a: The Deceiver|25/100
|move|p1a: The Deceiver|Surf|p2a: Iron Crown
|-damage|p2a: Iron Crown|0 fnt
|faint|p2a: Iron Crown
|-end|p2a: Iron Crown|Quark Drive|[silent]
|
|-end|p1a: The Deceiver|move: Heal Block
|upkeep
|
|t:|1760435600
|switch|p2a: Lokix|Lokix, F, tera:Bug|99/100
|turn|12
|
|t:|1760435609
|move|p2a: Lokix|First Impression|p1a: The Deceiver
|-damage|p1a: The Deceiver|0 fnt
|faint|p1a: The Deceiver
|
|upkeep
|
|t:|1760435611
|switch|p1a: The Heretic|Kingambit, F|100/100
|-activate|p1a: The Heretic|ability: Supreme Overlord
|-start|p1a: The Heretic|fallen3|[silent]
|turn|13
|
|t:|1760435618
|switch|p2a: Cinderace|Cinderace, F|100/100
|move|p1a: The Heretic|Kowtow Cleave|p2a: Cinderace
|-damage|p2a: Cinderace|6/100
|
|upkeep
|turn|14
|
|t:|1760435625
|move|p2a: Cinderace|Will-O-Wisp|p1a: The Heretic
|-status|p1a: The Heretic|brn
|move|p1a: The Heretic|Swords Dance|p1a: The Heretic
|-boost|p1a: The Heretic|atk|2
|
|-damage|p1a: The Heretic|94/100 brn|[from] brn
|upkeep
|turn|15
|
|t:|1760435631
|move|p1a: The Heretic|Sucker Punch|p2a: Cinderace
|-damage|p2a: Cinderace|0 fnt
|faint|p2a: Cinderace
|
|-damage|p1a: The Heretic|88/100 brn|[from] brn
|upkeep
|
|t:|1760435633
|switch|p2a: Lokix|Lokix, F, tera:Bug|99/100
|turn|16
|
|t:|1760435644
|move|p2a: Lokix|Knock Off|p1a: The Heretic
|-resisted|p1a: The Heretic
|-damage|p1a: The Heretic|36/100 brn
|-enditem|p1a: The Heretic|Black Glasses|[from] move: Knock Off|[of] p2a: Lokix
|move|p1a: The Heretic|Iron Head|p2a: Lokix
|-damage|p2a: Lokix|16/100
|
|-damage|p1a: The Heretic|30/100 brn|[from] brn
|upkeep
|turn|17
|
|t:|1760435651
|move|p1a: The Heretic|Sucker Punch|p2a: Lokix
|-damage|p2a: Lokix|0 fnt
|faint|p2a: Lokix
|
|win|Arcadia Dominus
|raw|Arcadia Dominus's rating: 1555 &rarr; <strong>1573</strong><br />(+18 for winning)
|raw|hoverhawk's rating: 1524 &rarr; <strong>1506</strong><br />(-18 for losing)
|l|☆hoverhawk
|player|p2|
|l|☆Arcadia Dominus
|player|p1|
|j|☆Arcadia Dominus
|player|p1|Arcadia Dominus|red-masters2|
|l|☆Arcadia Dominus
|player|p1|
