|j|☆Cassasse
|j|☆Capybby
|t:|1760330925
|gametype|singles
|player|p1|Cassasse|pilot|1145
|player|p2|Capybby|266|1216
|gen|9
|tier|[Gen 9] OU
|rated|
|rule|HP Percentage Mod: HP is shown in percentages
|rule|Endless Battle Clause: Forcing endless battles is banned
|rule|Species Clause: Limit one of each Pokémon
|rule|OHKO Clause: OHKO moves are banned
|rule|Evasion Items Clause: Evasion items are banned
|rule|Evasion Moves Clause: Evasion moves are banned
|rule|Evasion Abilities Clause: Evasion abilities are banned
|rule|Sleep Moves Clause: Sleep-inducing moves are banned
|clearpoke
|poke|p1|Quaquaval, M|
|poke|p1|Hydrapple, F|
|poke|p1|Moltres|
|poke|p1|Great Tusk|
|poke|p1|Kingambit, F|
|poke|p1|Tinkaton, F|
|poke|p2|Lokix, M|
|poke|p2|Iron Crown|
|poke|p2|Gliscor, M|
|poke|p2|Garganacl, M|
|poke|p2|Pecharunt|
|poke|p2|Cinderace, M|
|teampreview
|inactive|Battle timer is ON: inactive players will automatically lose when time's up. (requested by Cassasse)
|inactive|Capybby has 120 seconds left.
|
|t:|1760330965
|teamsize|p1|6
|teamsize|p2|6
|start
|switch|p1a: Tinkaton|Tinkaton, F|100/100
|switch|p2a: Pecharunt|Pecharunt|100/100
|-item|p1a: Tinkaton|Air Balloon
|turn|1
|
|t:|1760330974
|move|p1a: Tinkaton|Stealth Rock|p2a: Pecharunt
|-sidestart|p2: Capybby|move: Stealth Rock
|move|p2a: Pecharunt|Parting Shot|p1a: Tinkaton
|-unboost|p1a: Tinkaton|atk|1
|-unboost|p1a: Tinkaton|spa|1
|
|t:|1760330990
|switch|p2a: Cinderace|Cinderace, M|100/100|[from] Parting Shot
|
|upkeep
|turn|2
|
|t:|1760330996
|move|p2a: Cinderace|Pyro Ball|p1a: Tinkaton
|-supereffective|p1a: Tinkaton
|-damage|p1a: Tinkaton|0 fnt
|-enditem|p1a: Tinkaton|Air Balloon
|faint|p1a: Tinkaton
|
|upkeep
|
|t:|1760331000
|switch|p1a: Quaquaval|Quaquaval, M|100/100
|turn|3
|
|t:|1760331005
|move|p1a: Quaquaval|Aqua Jet|p2a: Cinderace
|-supereffective|p2a: Cinderace
|-damage|p2a: Cinderace|12/100
|move|p2a: Cinderace|Will-O-Wisp|p1a: Quaquaval
|-status|p1a: Quaquaval|brn
|
|-damage|p1a: Quaquaval|94/100 brn|[from] brn
|upkeep
|turn|4
|
|t:|1760331010
|switch|p2a: Pecharunt|Pecharunt|100/100
|move|p1a: Quaquaval|Aqua Jet|p2a: Pecharunt
|-damage|p2a: Pecharunt|93/100
|
|-damage|p1a: Quaquaval|88/100 brn|[from] brn
|upkeep
|turn|5
|
|t:|1760331018
|switch|p1a: Hydrapple|Hydrapple, F|100/100
|move|p2a: Pecharunt|Parting Shot|p1a: Hydrapple
|-unboost|p1a: Hydrapple|atk|1
|-unboost|p1a: Hydrapple|spa|1
|
|t:|1760331025
|switch|p2a: Iron Crown|Iron Crown|100/100|[from] Parting Shot
|-damage|p2a: Iron Crown|94/100|[from] Stealth Rock
|
|upkeep
|turn|6
|
|t:|1760331031
|switch|p1a: Moltres|Moltres|100/100
|move|p2a: Iron Crown|Tachyon Cutter|p1a: Moltres
|-resisted|p1a: Moltres
|-damage|p1a: Moltres|80/100
|-resisted|p1a: Moltres
|-damage|p1a: Moltres|63/100
|-hitcount|p1a: Moltres|2
|
|upkeep
|turn|7
|
|t:|1760331039
|-end|p2a: Iron Crown|Quark Drive|[silent]
|switch|p2a: Garganacl|Garganacl, M|100/100
|-damage|p2a: Garganacl|88/100|[from] Stealth Rock
|move|p1a: Moltres|U-turn|p2a: Garganacl
|-damage|p2a: Garganacl|79/100
|
|t:|1760331043
|switch|p1a: Great Tusk|Great Tusk|100/100|[from] U-turn
|
|-heal|p2a: Garganacl|85/100|[from] item: Leftovers
|upkeep
|turn|8
|
|t:|1760331058
|-terastallize|p2a: Garganacl|Water
|move|p1a: Great Tusk|Ice Spinner|p2a: Garganacl
|-resisted|p2a: Garganacl
|-damage|p2a: Garganacl|76/100
|move|p2a: Garganacl|Salt Cure|p1a: Great Tusk
|-resisted|p1a: Great Tusk
|-damage|p1a: Great Tusk|98/100
|-start|p1a: Great Tusk|Salt Cure
|
|-heal|p2a: Garganacl|83/100|[from] item: Leftovers
|-damage|p1a: Great Tusk|85/100|[from] Salt Cure
|upkeep
|turn|9
|
|t:|1760331062
|move|p1a: Great Tusk|Headlong Rush|p2a: Garganacl
|-damage|p2a: Garganacl|40/100
|-unboost|p1a: Great Tusk|def|1
|-unboost|p1a: Great Tusk|spd|1
|move|p2a: Garganacl|Stealth Rock|p1a: Great Tusk
|-sidestart|p1: Cassasse|move: Stealth Rock
|
|-heal|p2a: Garganacl|46/100|[from] item: Leftovers
|-damage|p1a: Great Tusk|73/100|[from] Salt Cure
|upkeep
|turn|10
|
|t:|1760331067
|move|p2a: Garganacl|Protect|p2a: Garganacl
|-singleturn|p2a: Garganacl|Protect
|move|p1a: Great Tusk|Headlong Rush|p2a: Garganacl
|-activate|p2a: Garganacl|move: Protect
|
|-heal|p2a: Garganacl|52/100|[from] item: Leftovers
|-damage|p1a: Great Tusk|61/100|[from] Salt Cure
|upkeep
|turn|11
|
|t:|1760331070
|move|p1a: Great Tusk|Headlong Rush|p2a: Garganacl
|-damage|p2a: Garganacl|10/100
|-unboost|p1a: Great Tusk|def|1
|-unboost|p1a: Great Tusk|spd|1
|move|p2a: Garganacl|Recover|p2a: Garganacl
|-heal|p2a: Garganacl|60/100
|
|-heal|p2a: Garganacl|66/100|[from] item: Leftovers
|-damage|p1a: Great Tusk|48/100|[from] Salt Cure
|upkeep
|turn|12
|
|t:|1760331076
|move|p1a: Great Tusk|Headlong Rush|p2a: Garganacl
|-damage|p2a: Garganacl|29/100
|-unboost|p1a: Great Tusk|def|1
|-unboost|p1a: Great Tusk|spd|1
|move|p2a: Garganacl|Recover|p2a: Garganacl
|-heal|p2a: Garganacl|79/100
|
|-heal|p2a: Garganacl|85/100|[from] item: Leftovers
|-damage|p1a: Great Tusk|36/100|[from] Salt Cure
|upkeep
|turn|13
|
|t:|1760331085
|move|p2a: Garganacl|Protect|p2a: Garganacl
|-singleturn|p2a: Garganacl|Protect
|move|p1a: Great Tusk|Rapid Spin|p2a: Garganacl
|-activate|p2a: Garganacl|move: Protect
|
|-heal|p2a: Garganacl|91/100|[from] item: Leftovers
|-damage|p1a: Great Tusk|23/100|[from] Salt Cure
|upkeep
|turn|14
|
|t:|1760331088
|move|p1a: Great Tusk|Rapid Spin|p2a: Garganacl
|-damage|p2a: Garganacl|79/100
|-boost|p1a: Great Tusk|spe|1
|-sideend|p1: Cassasse|Stealth Rock|[from] move: Rapid Spin|[of] p1a: Great Tusk
|move|p2a: Garganacl|Stealth Rock|p1a: Great Tusk
|-sidestart|p1: Cassasse|move: Stealth Rock
|
|-heal|p2a: Garganacl|85/100|[from] item: Leftovers
|-damage|p1a: Great Tusk|11/100|[from] Salt Cure
|upkeep
|turn|15
|
|t:|1760331114
|-end|p1a: Great Tusk|Protosynthesis|[silent]
|switch|p1a: Kingambit|Kingambit, F|100/100
|-damage|p1a: Kingambit|94/100|[from] Stealth Rock
|-activate|p1a: Kingambit|ability: Supreme Overlord
|-start|p1a: Kingambit|fallen1|[silent]
|move|p2a: Garganacl|Stealth Rock||[still]
|-fail|p2a: Garganacl
|
|-heal|p1a: Kingambit|100/100|[from] item: Leftovers
|-heal|p2a: Garganacl|92/100|[from] item: Leftovers
|upkeep
|turn|16
|
|t:|1760331132
|move|p1a: Kingambit|Swords Dance|p1a: Kingambit
|-boost|p1a: Kingambit|atk|2
|move|p2a: Garganacl|Salt Cure|p1a: Kingambit
|-resisted|p1a: Kingambit
|-damage|p1a: Kingambit|96/100
|-start|p1a: Kingambit|Salt Cure
|
|-heal|p1a: Kingambit|100/100|[from] item: Leftovers
|-heal|p2a: Garganacl|98/100|[from] item: Leftovers
|-damage|p1a: Kingambit|76/100|[from] Salt Cure
|upkeep
|turn|17
|
|t:|1760331139
|switch|p2a: Pecharunt|Pecharunt|93/100
|move|p1a: Kingambit|Kowtow Cleave|p2a: Pecharunt
|-supereffective|p2a: Pecharunt
|-damage|p2a: Pecharunt|0 fnt
|faint|p2a: Pecharunt
|
|-heal|p1a: Kingambit|82/100|[from] item: Leftovers
|-damage|p1a: Kingambit|57/100|[from] Salt Cure
|upkeep
|
|t:|1760331141
|switch|p2a: Cinderace|Cinderace, M|12/100
|turn|18
|
|t:|1760331152
|move|p1a: Kingambit|Sucker Punch||[still]
|-fail|p1a: Kingambit
|move|p2a: Cinderace|Will-O-Wisp|p1a: Kingambit
|-status|p1a: Kingambit|brn
|
|-heal|p1a: Kingambit|63/100 brn|[from] item: Leftovers
|-damage|p1a: Kingambit|57/100 brn|[from] brn
|-damage|p1a: Kingambit|32/100 brn|[from] Salt Cure
|upkeep
|turn|19
|
|t:|1760331162
|switch|p2a: Gliscor|Gliscor, M|100/100
|-damage|p2a: Gliscor|88/100|[from] Stealth Rock
|move|p1a: Kingambit|Kowtow Cleave|p2a: Gliscor
|-damage|p2a: Gliscor|40/100
|
|-heal|p1a: Kingambit|38/100 brn|[from] item: Leftovers
|-damage|p1a: Kingambit|32/100 brn|[from] brn
|-damage|p1a: Kingambit|7/100 brn|[from] Salt Cure
|-status|p2a: Gliscor|tox|[from] item: Toxic Orb
|upkeep
|turn|20
|
|t:|1760331171
|move|p2a: Gliscor|Protect|p2a: Gliscor
|-singleturn|p2a: Gliscor|Protect
|move|p1a: Kingambit|Sucker Punch||[still]
|-fail|p1a: Kingambit
|
|-heal|p1a: Kingambit|13/100 brn|[from] item: Leftovers
|-heal|p2a: Gliscor|52/100 tox|[from] ability: Poison Heal
|-damage|p1a: Kingambit|7/100 brn|[from] brn
|-damage|p1a: Kingambit|0 fnt|[from] Salt Cure
|faint|p1a: Kingambit
|-end|p1a: Kingambit|fallen1|[silent]
|upkeep
|
|t:|1760331199
|switch|p1a: Hydrapple|Hydrapple, F|100/100
|turn|21
|
|t:|1760331217
|switch|p2a: Lokix|Lokix, M|100/100
|-damage|p2a: Lokix|76/100|[from] Stealth Rock
|move|p1a: Hydrapple|Fickle Beam|p2a: Lokix
|-damage|p2a: Lokix|0 fnt
|faint|p2a: Lokix
|
|upkeep
|
|t:|1760331230
|switch|p2a: Cinderace|Cinderace, M|12/100
|turn|22
|
|t:|1760331245
|switch|p1a: Great Tusk|Great Tusk|11/100
|move|p2a: Cinderace|U-turn|p1a: Great Tusk
|-start|p2a: Cinderace|typechange|Bug|[from] ability: Libero
|-resisted|p1a: Great Tusk
|-damage|p1a: Great Tusk|0 fnt
|faint|p1a: Great Tusk
|-end|p1a: Great Tusk|Protosynthesis|[silent]
|
|t:|1760331255
|switch|p2a: Gliscor|Gliscor, M|52/100 tox|[from] U-turn
|-damage|p2a: Gliscor|40/100 tox|[from] Stealth Rock
|
|-heal|p2a: Gliscor|52/100 tox|[from] ability: Poison Heal
|upkeep
|
|t:|1760331265
|switch|p1a: Quaquaval|Quaquaval, M|88/100 brn
|-damage|p1a: Quaquaval|82/100 brn|[from] Stealth Rock
|turn|23
|
|t:|1760331271
|move|p2a: Gliscor|Protect|p2a: Gliscor
|-singleturn|p2a: Gliscor|Protect
|move|p1a: Quaquaval|Aqua Step|p2a: Gliscor
|-activate|p2a: Gliscor|move: Protect
|
|-heal|p2a: Gliscor|65/100 tox|[from] ability: Poison Heal
|-damage|p1a: Quaquaval|76/100 brn|[from] brn
|upkeep
|turn|24
|
|t:|1760331279
|switch|p2a: Garganacl|Garganacl, M, tera:Water|98/100
|-damage|p2a: Garganacl|85/100|[from] Stealth Rock
|move|p1a: Quaquaval|Aqua Step|p2a: Garganacl
|-resisted|p2a: Garganacl
|-damage|p2a: Garganacl|76/100
|-boost|p1a: Quaquaval|spe|1
|
|-heal|p2a: Garganacl|82/100|[from] item: Leftovers
|-damage|p1a: Quaquaval|70/100 brn|[from] brn
|upkeep
|turn|25
|
|t:|1760331290
|move|p1a: Quaquaval|Aqua Step|p2a: Garganacl
|-resisted|p2a: Garganacl
|-damage|p2a: Garganacl|74/100
|-boost|p1a: Quaquaval|spe|1
|move|p2a: Garganacl|Salt Cure|p1a: Quaquaval
|-resisted|p1a: Quaquaval
|-damage|p1a: Quaquaval|60/100 brn
|-start|p1a: Quaquaval|Salt Cure
|
|-heal|p2a: Garganacl|80/100|[from] item: Leftovers
|-damage|p1a: Quaquaval|54/100 brn|[from] brn
|-damage|p1a: Quaquaval|29/100 brn|[from] Salt Cure
|upkeep
|turn|26
|
|t:|1760331303
|switch|p1a: Hydrapple|Hydrapple, F|100/100
|move|p2a: Garganacl|Salt Cure|p1a: Hydrapple
|-damage|p1a: Hydrapple|89/100
|-start|p1a: Hydrapple|Salt Cure
|
|-heal|p2a: Garganacl|86/100|[from] item: Leftovers
|-damage|p1a: Hydrapple|77/100|[from] Salt Cure
|upkeep
|turn|27
|
|t:|1760331312
|move|p2a: Garganacl|Protect|p2a: Garganacl
|-singleturn|p2a: Garganacl|Protect
|move|p1a: Hydrapple|Nasty Plot|p1a: Hydrapple
|-boost|p1a: Hydrapple|spa|2
|
|-heal|p2a: Garganacl|92/100|[from] item: Leftovers
|-damage|p1a: Hydrapple|65/100|[from] Salt Cure
|upkeep
|turn|28
|
|t:|1760331320
|move|p1a: Hydrapple|Giga Drain|p2a: Garganacl
|-supereffective|p2a: Garganacl
|-damage|p2a: Garganacl|0 fnt
|-heal|p1a: Hydrapple|100/100|[from] drain|[of] p2a: Garganacl
|faint|p2a: Garganacl
|
|-damage|p1a: Hydrapple|88/100|[from] Salt Cure
|upkeep
|
|t:|1760331327
|switch|p2a: Cinderace|Cinderace, M|12/100
|turn|29
|
|t:|1760331340
|switch|p1a: Moltres|Moltres|63/100
|move|p2a: Cinderace|Pyro Ball|p1a: Moltres
|-resisted|p1a: Moltres
|-damage|p1a: Moltres|44/100
|
|upkeep
|turn|30
|
|t:|1760331350
|move|p2a: Cinderace|U-turn|p1a: Moltres
|-start|p2a: Cinderace|typechange|Bug|[from] ability: Libero
|-resisted|p1a: Moltres
|-damage|p1a: Moltres|39/100
|-status|p2a: Cinderace|brn|[from] ability: Flame Body|[of] p1a: Moltres
|c|☆Capybby|dAMN
|
|t:|1760331359
|switch|p2a: Gliscor|Gliscor, M|65/100 tox|[from] U-turn
|-damage|p2a: Gliscor|52/100 tox|[from] Stealth Rock
|move|p1a: Moltres|Flamethrower|p2a: Gliscor
|-damage|p2a: Gliscor|0 fnt
|faint|p2a: Gliscor
|
|upkeep
|
|t:|1760331361
|switch|p2a: Iron Crown|Iron Crown|94/100
|-damage|p2a: Iron Crown|88/100|[from] Stealth Rock
|turn|31
|
|t:|1760331367
|move|p2a: Iron Crown|Volt Switch|p1a: Moltres
|-supereffective|p1a: Moltres
|-damage|p1a: Moltres|0 fnt
|faint|p1a: Moltres
|
|t:|1760331369
|-end|p2a: Iron Crown|Quark Drive|[silent]
|switch|p2a: Cinderace|Cinderace, M|12/100 brn|[from] Volt Switch
|
|-damage|p2a: Cinderace|6/100 brn|[from] brn
|upkeep
|
|t:|1760331376
|switch|p1a: Quaquaval|Quaquaval, M|29/100 brn
|-damage|p1a: Quaquaval|23/100 brn|[from] Stealth Rock
|turn|32
|
|t:|1760331386
|switch|p2a: Iron Crown|Iron Crown|88/100
|-damage|p2a: Iron Crown|82/100|[from] Stealth Rock
|move|p1a: Quaquaval|Aqua Jet|p2a: Iron Crown
|-damage|p2a: Iron Crown|66/100
|
|-damage|p1a: Quaquaval|17/100 brn|[from] brn
|upkeep
|turn|33
|
|t:|1760331398
|move|p1a: Quaquaval|Aqua Jet|p2a: Iron Crown
|-damage|p2a: Iron Crown|49/100
|move|p2a: Iron Crown|Tachyon Cutter|p1a: Quaquaval
|-resisted|p1a: Quaquaval
|-damage|p1a: Quaquaval|0 fnt
|faint|p1a: Quaquaval
|-hitcount|p1: Quaquaval|1
|
|upkeep
|
|t:|1760331402
|switch|p1a: Hydrapple|Hydrapple, F|100/100
|turn|34
|
|t:|1760331409
|move|p2a: Iron Crown|Tachyon Cutter|p1a: Hydrapple
|-damage|p1a: Hydrapple|65/100
|-damage|p1a: Hydrapple|26/100
|-hitcount|p1a: Hydrapple|2
|move|p1a: Hydrapple|Earth Power|p2a: Iron Crown
|-supereffective|p2a: Iron Crown
|-damage|p2a: Iron Crown|0 fnt
|faint|p2a: Iron Crown
|-end|p2a: Iron Crown|Quark Drive|[silent]
|
|upkeep
|
|t:|1760331413
|switch|p2a: Cinderace|Cinderace, M|6/100 brn
|turn|35
|
|t:|1760331426
|move|p2a: Cinderace|Pyro Ball|p1a: Hydrapple|[miss]
|-miss|p2a: Cinderace|p1a: Hydrapple
|move|p1a: Hydrapple|Fickle Beam|p2a: Cinderace|[anim] Fickle Beam All Out
|-activate|p1a: Hydrapple|move: Fickle Beam
|-damage|p2a: Cinderace|0 fnt
|faint|p2a: Cinderace
|
|win|Cassasse
|raw|Cassasse's rating: 1145 &rarr; <strong>1175</strong><br />(+30 for winning)
|raw|Capybby's rating: 1216 &rarr; <strong>1186</strong><br />(-30 for losing)
|c|☆Capybby|DAMN
|c|☆Cassasse|Gg
|l|☆Capybby
|player|p2|
|l|☆Cassasse
|player|p1|
