|j|☆0rlandont
|j|☆Agent Derf
|t:|1760331891
|gametype|singles
|player|p1|0rlandont|blue|1350
|player|p2|Agent Derf|102|1454
|gen|9
|tier|[Gen 9] OU
|rated|
|rule|HP Percentage Mod: HP is shown in percentages
|rule|Endless Battle Clause: Forcing endless battles is banned
|rule|Species Clause: Limit one of each Pokémon
|rule|OHKO Clause: OHKO moves are banned
|rule|Evasion Items Clause: Evasion items are banned
|rule|Evasion Moves Clause: Evasion moves are banned
|rule|Evasion Abilities Clause: Evasion abilities are banned
|rule|Sleep Moves Clause: Sleep-inducing moves are banned
|clearpoke
|poke|p1|Cinderace, M|
|poke|p1|Meowscarada, M|
|poke|p1|Gholdengo|
|poke|p1|Iron Valiant|
|poke|p1|Walking Wake|
|poke|p1|Iron Hands|
|poke|p2|Typhlosion-Hisui, M|
|poke|p2|Ogerpon-Wellspring, F|
|poke|p2|Mienshao, F|
|poke|p2|Great Tusk|
|poke|p2|Glimmora, M|
|poke|p2|Dragapult, M|
|teampreview
|inactive|Battle timer is ON: inactive players will automatically lose when time's up. (requested by Agent Derf)
|
|t:|1760331936
|teamsize|p1|6
|teamsize|p2|6
|start
|switch|p1a: You're Strong|Walking Wake|100/100
|switch|p2a: Mienshao|Mienshao, F|100/100
|turn|1
|
|t:|1760331949
|move|p1a: You're Strong|Hurricane|p2a: Mienshao|[miss]
|-miss|p1a: You're Strong|p2a: Mienshao
|move|p2a: Mienshao|High Jump Kick|p1a: You're Strong
|-damage|p1a: You're Strong|14/100
|-damage|p2a: Mienshao|91/100|[from] item: Life Orb
|
|upkeep
|turn|2
|
|t:|1760331966
|switch|p2a: Typhlosion|Typhlosion-Hisui, M|100/100
|move|p1a: You're Strong|Hurricane|p2a: Typhlosion
|-damage|p2a: Typhlosion|34/100
|-damage|p1a: You're Strong|4/100|[from] item: Life Orb
|
|-heal|p2a: Typhlosion|40/100|[from] item: Leftovers
|upkeep
|turn|3
|
|t:|1760331983
|switch|p2a: Ogerpon|Ogerpon-Wellspring, F|100/100
|move|p1a: You're Strong|Hurricane|p2a: Ogerpon
|-supereffective|p2a: Ogerpon
|-damage|p2a: Ogerpon|0 fnt
|faint|p2a: Ogerpon
|-damage|p1a: You're Strong|0 fnt|[from] item: Life Orb
|faint|p1a: You're Strong
|-end|p1a: You're Strong|Protosynthesis|[silent]
|
|upkeep
|
|t:|1760332001
|switch|p2a: Mienshao|Mienshao, F|100/100
|switch|p1a: Stand Proud|Cinderace, M|100/100
|turn|4
|
|t:|1760332007
|switch|p1a: Gholdengoat|Gholdengo|100/100
|switch|p2a: Glimmora|Glimmora, M|100/100
|
|upkeep
|turn|5
|
|t:|1760332014
|switch|p2a: Typhlosion|Typhlosion-Hisui, M|40/100
|move|p1a: Gholdengoat|Make It Rain|p2a: Typhlosion
|-resisted|p2a: Typhlosion
|-damage|p2a: Typhlosion|0 fnt
|-unboost|p1a: Gholdengoat|spa|1
|faint|p2a: Typhlosion
|
|upkeep
|
|t:|1760332021
|switch|p2a: Mienshao|Mienshao, F|100/100
|turn|6
|inactive|0rlandont has 120 seconds left.
|
|t:|1760332061
|switch|p1a: The Strongest|Iron Hands|100/100
|move|p2a: Mienshao|Knock Off|p1a: The Strongest
|-resisted|p1a: The Strongest
|-damage|p1a: The Strongest|88/100
|-enditem|p1a: The Strongest|Assault Vest|[from] move: Knock Off|[of] p2a: Mienshao
|-damage|p2a: Mienshao|91/100|[from] item: Life Orb
|
|upkeep
|turn|7
|inactive|0rlandont has 120 seconds left.
|
|t:|1760332072
|move|p2a: Mienshao|U-turn|p1a: The Strongest
|-resisted|p1a: The Strongest
|-damage|p1a: The Strongest|78/100
|-damage|p2a: Mienshao|81/100|[from] item: Life Orb
|
|t:|1760332076
|switch|p2a: Glimmora|Glimmora, M|100/100|[from] U-turn
|move|p1a: The Strongest|Drain Punch|p2a: Glimmora
|-damage|p2a: Glimmora|50/100
|-heal|p1a: The Strongest|94/100|[from] drain|[of] p2a: Glimmora
|-activate|p2a: Glimmora|ability: Toxic Debris
|-sidestart|p1: 0rlandont|move: Toxic Spikes
|-enditem|p2a: Glimmora|Red Card|[of] p1a: The Strongest
|-end|p1a: The Strongest|Quark Drive|[silent]
|drag|p1a: Gholdengoat|Gholdengo|100/100
|
|upkeep
|turn|8
|inactive|0rlandont has 120 seconds left.
|
|t:|1760332089
|move|p1a: Gholdengoat|Shadow Ball|p2a: Glimmora
|-damage|p2a: Glimmora|0 fnt
|faint|p2a: Glimmora
|
|upkeep
|
|t:|1760332099
|switch|p2a: Mienshao|Mienshao, F|100/100
|turn|9
|inactive|0rlandont has 120 seconds left.
|
|t:|1760332121
|switch|p1a: The Strongest|Iron Hands|94/100
|-status|p1a: The Strongest|psn
|move|p2a: Mienshao|High Jump Kick|p1a: The Strongest
|-damage|p1a: The Strongest|39/100 psn
|-damage|p2a: Mienshao|91/100|[from] item: Life Orb
|
|-damage|p1a: The Strongest|27/100 psn|[from] psn
|upkeep
|turn|10
|inactive|0rlandont has 120 seconds left.
|
|t:|1760332137
|-terastallize|p1a: The Strongest|Flying
|move|p2a: Mienshao|U-turn|p1a: The Strongest
|-resisted|p1a: The Strongest
|-damage|p1a: The Strongest|17/100 psn
|-damage|p2a: Mienshao|81/100|[from] item: Life Orb
|
|t:|1760332143
|switch|p2a: Great Tusk|Great Tusk|100/100|[from] U-turn
|move|p1a: The Strongest|Drain Punch|p2a: Great Tusk
|-damage|p2a: Great Tusk|69/100
|-heal|p1a: The Strongest|29/100 psn|[from] drain|[of] p2a: Great Tusk
|
|-heal|p2a: Great Tusk|75/100|[from] item: Leftovers
|-damage|p1a: The Strongest|16/100 psn|[from] psn
|upkeep
|turn|11
|inactive|0rlandont has 120 seconds left.
|
|t:|1760332150
|move|p2a: Great Tusk|Rapid Spin|p1a: The Strongest
|-damage|p1a: The Strongest|7/100 psn
|-boost|p2a: Great Tusk|spe|1
|move|p1a: The Strongest|Ice Punch|p2a: Great Tusk
|-supereffective|p2a: Great Tusk
|-damage|p2a: Great Tusk|39/100
|
|-heal|p2a: Great Tusk|46/100|[from] item: Leftovers
|-damage|p1a: The Strongest|0 fnt|[from] psn
|faint|p1a: The Strongest
|-end|p1a: The Strongest|Quark Drive|[silent]
|upkeep
|inactive|0rlandont has 120 seconds left.
|
|t:|1760332156
|switch|p1a: Nah I'd Win|Iron Valiant|100/100
|-status|p1a: Nah I'd Win|psn
|-enditem|p1a: Nah I'd Win|Booster Energy
|-activate|p1a: Nah I'd Win|ability: Quark Drive|[fromitem]
|-start|p1a: Nah I'd Win|quarkdrivespe
|turn|12
|inactive|Agent Derf has 120 seconds left.
|
|t:|1760332190
|move|p1a: Nah I'd Win|Moonblast|p2a: Great Tusk
|-supereffective|p2a: Great Tusk
|-damage|p2a: Great Tusk|0 fnt
|faint|p2a: Great Tusk
|-end|p2a: Great Tusk|Protosynthesis|[silent]
|
|-damage|p1a: Nah I'd Win|88/100 psn|[from] psn
|upkeep
|inactive|Agent Derf has 120 seconds left.
|
|t:|1760332200
|switch|p2a: Dragapult|Dragapult, M|100/100
|turn|13
|
|t:|1760332209
|-terastallize|p2a: Dragapult|Fire
|move|p1a: Nah I'd Win|Moonblast|p2a: Dragapult
|-resisted|p2a: Dragapult
|-damage|p2a: Dragapult|67/100
|move|p2a: Dragapult|Dragon Dance|p2a: Dragapult
|-boost|p2a: Dragapult|atk|1
|-boost|p2a: Dragapult|spe|1
|
|-heal|p2a: Dragapult|73/100|[from] item: Leftovers
|-damage|p1a: Nah I'd Win|76/100 psn|[from] psn
|upkeep
|turn|14
|inactive|Agent Derf has 120 seconds left.
|
|t:|1760332250
|move|p2a: Dragapult|Tera Blast|p1a: Nah I'd Win|[anim] Tera Blast Fire
|-damage|p1a: Nah I'd Win|0 fnt
|faint|p1a: Nah I'd Win
|-end|p1a: Nah I'd Win|Quark Drive|[silent]
|
|-heal|p2a: Dragapult|79/100|[from] item: Leftovers
|upkeep
|
|t:|1760332276
|switch|p1a: Stand Proud|Cinderace, M|100/100
|turn|15
|
|t:|1760332285
|move|p1a: Stand Proud|Sucker Punch|p2a: Dragapult
|-start|p1a: Stand Proud|typechange|Dark|[from] ability: Libero
|-damage|p2a: Dragapult|30/100
|move|p2a: Dragapult|Dragon Darts|p1a: Stand Proud
|-damage|p1a: Stand Proud|38/100
|-anim|p2a: Dragapult|Dragon Darts|p1a: Stand Proud
|-damage|p1a: Stand Proud|0 fnt
|faint|p1a: Stand Proud
|
|-heal|p2a: Dragapult|36/100|[from] item: Leftovers
|upkeep
|
|t:|1760332303
|switch|p1a: I'm You|Meowscarada, M|100/100
|-status|p1a: I'm You|psn
|turn|16
|
|t:|1760332325
|move|p2a: Dragapult|Substitute|p2a: Dragapult
|-start|p2a: Dragapult|Substitute
|-damage|p2a: Dragapult|12/100
|move|p1a: I'm You|Knock Off|p2a: Dragapult
|-start|p1a: I'm You|typechange|Dark|[from] ability: Protean
|-end|p2a: Dragapult|Substitute
|
|-heal|p2a: Dragapult|18/100|[from] item: Leftovers
|-damage|p1a: I'm You|88/100 psn|[from] psn
|upkeep
|turn|17
|
|t:|1760332344
|move|p2a: Dragapult|Dragon Darts|p1a: I'm You
|-damage|p1a: I'm You|24/100 psn
|-anim|p2a: Dragapult|Dragon Darts|p1a: I'm You
|-damage|p1a: I'm You|0 fnt
|faint|p1a: I'm You
|
|-heal|p2a: Dragapult|24/100|[from] item: Leftovers
|upkeep
|
|t:|1760332347
|switch|p1a: Gholdengoat|Gholdengo|100/100
|turn|18
|-message|0rlandont forfeited.
|
|win|Agent Derf
|raw|0rlandont's rating: 1350 &rarr; <strong>1336</strong><br />(-14 for losing)
|raw|Agent Derf's rating: 1454 &rarr; <strong>1468</strong><br />(+14 for winning)
|l|☆0rlandont
|player|p1|
|l|☆Agent Derf
|player|p2|
