|j|‽universe mon
|j|☆will-i-am2
|t:|1760380892
|gametype|singles
|player|p1|universe mon|li|1713
|player|p2|will-i-am2|265|1743
|gen|9
|tier|[Gen 9] OU
|rated|
|rule|HP Percentage Mod: HP is shown in percentages
|rule|Endless Battle Clause: Forcing endless battles is banned
|rule|Species Clause: Limit one of each Pokémon
|rule|OHKO Clause: OHKO moves are banned
|rule|Evasion Items Clause: Evasion items are banned
|rule|Evasion Moves Clause: Evasion moves are banned
|rule|Evasion Abilities Clause: Evasion abilities are banned
|rule|Sleep Moves Clause: Sleep-inducing moves are banned
|clearpoke
|poke|p1|Ninetales-Alola, F|
|poke|p1|Klefki, F|
|poke|p1|Latias, F|
|poke|p1|Maushold-Four|
|poke|p1|Ogerpon-Wellspring, F|
|poke|p1|Necrozma|
|poke|p2|Registeel|
|poke|p2|Mamoswine, M|
|poke|p2|Mimikyu, F|
|poke|p2|Hydreigon, M|
|poke|p2|Slowbro, F|
|poke|p2|Mandibuzz, F|
|teampreview
|inactive|Battle timer is ON: inactive players will automatically lose when time's up. (requested by universe mon)
|
|t:|1760380899
|teamsize|p1|6
|teamsize|p2|6
|start
|switch|p1a: Ninetales|Ninetales-Alola, F|100/100
|switch|p2a: Mamoswine|Mamoswine, M|100/100
|-weather|Snowscape|[from] ability: Snow Warning|[of] p1a: Ninetales
|turn|1
|
|t:|1760380901
|move|p1a: Ninetales|Aurora Veil|p1a: Ninetales
|-sidestart|p1: universe mon|move: Aurora Veil
|move|p2a: Mamoswine|Earthquake|p1a: Ninetales
|-damage|p1a: Ninetales|65/100
|
|-weather|Snowscape|[upkeep]
|upkeep
|turn|2
|
|t:|1760380905
|move|p1a: Ninetales|Encore|p2a: Mamoswine
|-start|p2a: Mamoswine|Encore
|move|p2a: Mamoswine|Earthquake|p1a: Ninetales
|-damage|p1a: Ninetales|32/100
|
|-weather|Snowscape|[upkeep]
|upkeep
|turn|3
|
|t:|1760380907
|switch|p1a: Ogerpon|Ogerpon-Wellspring, F|100/100
|move|p2a: Mamoswine|Earthquake|p1a: Ogerpon
|-resisted|p1a: Ogerpon
|-damage|p1a: Ogerpon|77/100
|
|-weather|Snowscape|[upkeep]
|upkeep
|turn|4
|
|t:|1760380910
|switch|p2a: Mandibuzz|Mandibuzz, F|100/100
|move|p1a: Ogerpon|Swords Dance|p1a: Ogerpon
|-boost|p1a: Ogerpon|atk|2
|
|-weather|Snowscape|[upkeep]
|upkeep
|turn|5
|
|t:|1760380913
|move|p1a: Ogerpon|Ivy Cudgel|p2a: Mandibuzz|[anim] Ivy Cudgel Water
|-damage|p2a: Mandibuzz|31/100
|move|p2a: Mandibuzz|Foul Play|p1a: Ogerpon
|-damage|p1a: Ogerpon|16/100
|
|-weather|none
|upkeep
|turn|6
|
|t:|1760380920
|switch|p2a: Slowbro|Slowbro, F|100/100
|move|p1a: Ogerpon|Ivy Cudgel|p2a: Slowbro|[anim] Ivy Cudgel Water
|-resisted|p2a: Slowbro
|-damage|p2a: Slowbro|53/100
|
|-heal|p2a: Slowbro|60/100|[from] item: Leftovers
|upkeep
|turn|7
|
|t:|1760380924
|switch|p2a: Mandibuzz|Mandibuzz, F|31/100
|move|p1a: Ogerpon|Trailblaze|p2a: Mandibuzz
|-resisted|p2a: Mandibuzz
|-damage|p2a: Mandibuzz|12/100
|-boost|p1a: Ogerpon|spe|1
|-damage|p1a: Ogerpon|0 fnt|[from] item: Rocky Helmet|[of] p2a: Mandibuzz
|faint|p1a: Ogerpon
|
|upkeep
|
|t:|1760380928
|switch|p1a: Necrozma|Necrozma|100/100
|turn|8
|
|t:|1760380937
|move|p1a: Necrozma|Brick Break|p2a: Mandibuzz
|-crit|p2a: Mandibuzz
|-damage|p2a: Mandibuzz|0 fnt
|-damage|p1a: Necrozma|84/100|[from] item: Rocky Helmet|[of] p2a: Mandibuzz
|faint|p2a: Mandibuzz
|
|-heal|p1a: Necrozma|90/100|[from] item: Leftovers
|-sideend|p1: universe mon|move: Aurora Veil
|upkeep
|
|t:|1760380939
|switch|p2a: Hydreigon|Hydreigon, M|100/100
|turn|9
|
|t:|1760380942
|switch|p1a: Klefki|Klefki, F|100/100
|move|p2a: Hydreigon|Nasty Plot|p2a: Hydreigon
|-boost|p2a: Hydreigon|spa|2
|
|upkeep
|turn|10
|
|t:|1760380946
|move|p1a: Klefki|Light Screen|p1a: Klefki
|-sidestart|p1: universe mon|move: Light Screen
|move|p2a: Hydreigon|Flash Cannon|p1a: Klefki
|-crit|p1a: Klefki
|-damage|p1a: Klefki|12/100
|
|upkeep
|turn|11
|
|t:|1760380950
|move|p1a: Klefki|Reflect|p1a: Klefki
|-sidestart|p1: universe mon|Reflect
|move|p2a: Hydreigon|Flash Cannon|p1a: Klefki
|-damage|p1a: Klefki|0 fnt
|faint|p1a: Klefki
|
|upkeep
|
|t:|1760380954
|switch|p1a: Ninetales|Ninetales-Alola, F|32/100
|-weather|Snowscape|[from] ability: Snow Warning|[of] p1a: Ninetales
|turn|12
|
|t:|1760380963
|switch|p2a: Registeel|Registeel|100/100
|move|p1a: Ninetales|Encore||[still]
|-fail|p1a: Ninetales
|
|-weather|Snowscape|[upkeep]
|upkeep
|turn|13
|
|t:|1760380968
|move|p1a: Ninetales|Aurora Veil|p1a: Ninetales
|-sidestart|p1: universe mon|move: Aurora Veil
|move|p2a: Registeel|Thunder Wave|p1a: Ninetales
|-status|p1a: Ninetales|par
|
|-weather|Snowscape|[upkeep]
|upkeep
|turn|14
|
|t:|1760380972
|move|p1a: Ninetales|Misty Terrain|p1a: Ninetales
|-fieldstart|move: Misty Terrain
|move|p2a: Registeel|Stealth Rock|p1a: Ninetales
|-sidestart|p1: universe mon|move: Stealth Rock
|
|-weather|Snowscape|[upkeep]
|upkeep
|turn|15
|
|t:|1760380976
|switch|p1a: Maushold|Maushold-Four|100/100
|-damage|p1a: Maushold|88/100|[from] Stealth Rock
|move|p2a: Registeel|Iron Head|p1a: Maushold
|-damage|p1a: Maushold|73/100
|
|-weather|Snowscape|[upkeep]
|upkeep
|turn|16
|
|t:|1760380985
|move|p1a: Maushold|Tidy Up|p1a: Maushold
|-sideend|p1: universe mon|Stealth Rock
|-activate|p1a: Maushold|move: Tidy Up
|-boost|p1a: Maushold|atk|1
|-boost|p1a: Maushold|spe|1
|move|p2a: Registeel|Body Press|p1a: Maushold
|-supereffective|p1a: Maushold
|-damage|p1a: Maushold|34/100
|
|-weather|none
|upkeep
|turn|17
|
|t:|1760380998
|move|p1a: Maushold|Population Bomb|p2a: Registeel
|-resisted|p2a: Registeel
|-damage|p2a: Registeel|95/100
|-resisted|p2a: Registeel
|-damage|p2a: Registeel|89/100
|-resisted|p2a: Registeel
|-damage|p2a: Registeel|83/100
|-resisted|p2a: Registeel
|-damage|p2a: Registeel|78/100
|-resisted|p2a: Registeel
|-damage|p2a: Registeel|73/100
|-resisted|p2a: Registeel
|-damage|p2a: Registeel|67/100
|-resisted|p2a: Registeel
|-damage|p2a: Registeel|61/100
|-resisted|p2a: Registeel
|-damage|p2a: Registeel|55/100
|-resisted|p2a: Registeel
|-damage|p2a: Registeel|50/100
|-resisted|p2a: Registeel
|-damage|p2a: Registeel|45/100
|-hitcount|p2a: Registeel|10
|move|p2a: Registeel|Body Press|p1a: Maushold
|-supereffective|p1a: Maushold
|-damage|p1a: Maushold|0 fnt
|faint|p1a: Maushold
|
|-heal|p2a: Registeel|51/100|[from] item: Leftovers
|-sideend|p1: universe mon|move: Light Screen
|upkeep
|
|t:|1760381000
|switch|p1a: Necrozma|Necrozma|90/100
|turn|18
|
|t:|1760381007
|move|p1a: Necrozma|Dragon Dance|p1a: Necrozma
|-boost|p1a: Necrozma|atk|1
|-boost|p1a: Necrozma|spe|1
|move|p2a: Registeel|Stealth Rock|p1a: Necrozma
|-sidestart|p1: universe mon|move: Stealth Rock
|
|-heal|p1a: Necrozma|96/100|[from] item: Leftovers
|-heal|p2a: Registeel|57/100|[from] item: Leftovers
|-sideend|p1: universe mon|Reflect
|-fieldend|Misty Terrain
|upkeep
|turn|19
|
|t:|1760381013
|-terastallize|p1a: Necrozma|Fighting
|move|p1a: Necrozma|Brick Break|p2a: Registeel
|-supereffective|p2a: Registeel
|-damage|p2a: Registeel|0 fnt
|faint|p2a: Registeel
|
|-heal|p1a: Necrozma|100/100|[from] item: Leftovers
|upkeep
|
|t:|1760381030
|switch|p2a: Mimikyu|Mimikyu, F|100/100
|turn|20
|
|t:|1760381033
|move|p1a: Necrozma|Photon Geyser|p2a: Mimikyu
|-damage|p2a: Mimikyu|0 fnt
|faint|p2a: Mimikyu
|
|-sideend|p1: universe mon|move: Aurora Veil
|upkeep
|
|t:|1760381039
|switch|p2a: Slowbro|Slowbro, F|93/100
|turn|21
|
|t:|1760381043
|move|p1a: Necrozma|Dragon Dance|p1a: Necrozma
|-boost|p1a: Necrozma|atk|1
|-boost|p1a: Necrozma|spe|1
|move|p2a: Slowbro|Trick Room|p2a: Slowbro
|-fieldstart|move: Trick Room|[of] p2a: Slowbro
|
|-heal|p2a: Slowbro|99/100|[from] item: Leftovers
|upkeep
|turn|22
|
|t:|1760381046
|move|p2a: Slowbro|Psychic|p1a: Necrozma
|-supereffective|p1a: Necrozma
|-damage|p1a: Necrozma|29/100
|move|p1a: Necrozma|Knock Off|p2a: Slowbro
|-supereffective|p2a: Slowbro
|-damage|p2a: Slowbro|0 fnt
|-enditem|p2a: Slowbro|Leftovers|[from] move: Knock Off|[of] p1a: Necrozma
|faint|p2a: Slowbro
|
|-heal|p1a: Necrozma|35/100|[from] item: Leftovers
|upkeep
|
|t:|1760381051
|switch|p2a: Mamoswine|Mamoswine, M|100/100
|turn|23
|
|t:|1760381056
|move|p2a: Mamoswine|Icicle Crash|p1a: Necrozma
|-damage|p1a: Necrozma|0 fnt
|faint|p1a: Necrozma
|
|upkeep
|
|t:|1760381058
|switch|p1a: Ninetales|Ninetales-Alola, F|32/100 par
|-damage|p1a: Ninetales|7/100 par|[from] Stealth Rock
|-weather|Snowscape|[from] ability: Snow Warning|[of] p1a: Ninetales
|turn|24
|
|t:|1760381062
|move|p1a: Ninetales|Aurora Veil|p1a: Ninetales
|-sidestart|p1: universe mon|move: Aurora Veil
|move|p2a: Mamoswine|Icicle Crash|p1a: Ninetales
|-resisted|p1a: Ninetales
|-damage|p1a: Ninetales|0 fnt
|faint|p1a: Ninetales
|
|-weather|Snowscape|[upkeep]
|upkeep
|
|t:|1760381065
|switch|p1a: Latias|Latias, F|100/100
|-damage|p1a: Latias|88/100|[from] Stealth Rock
|turn|25
|
|t:|1760381067
|move|p1a: Latias|Agility|p1a: Latias
|-boost|p1a: Latias|spe|2
|move|p2a: Mamoswine|Icicle Crash|p1a: Latias
|-supereffective|p1a: Latias
|-damage|p1a: Latias|16/100
|-enditem|p1a: Latias|Weakness Policy
|-boost|p1a: Latias|atk|2|[from] item: Weakness Policy
|-boost|p1a: Latias|spa|2|[from] item: Weakness Policy
|
|-weather|Snowscape|[upkeep]
|-fieldend|move: Trick Room
|upkeep
|turn|26
|
|t:|1760381076
|move|p1a: Latias|Aura Sphere|p2a: Mamoswine
|-supereffective|p2a: Mamoswine
|-crit|p2a: Mamoswine
|-damage|p2a: Mamoswine|0 fnt
|faint|p2a: Mamoswine
|
|-weather|Snowscape|[upkeep]
|upkeep
|
|t:|1760381078
|switch|p2a: Hydreigon|Hydreigon, M|100/100
|turn|27
|
|t:|1760381082
|-terastallize|p2a: Hydreigon|Steel
|move|p1a: Latias|Stored Power|p2a: Hydreigon
|-resisted|p2a: Hydreigon
|-damage|p2a: Hydreigon|23/100
|move|p2a: Hydreigon|Dark Pulse|p1a: Latias
|-supereffective|p1a: Latias
|-damage|p1a: Latias|0 fnt
|faint|p1a: Latias
|
|win|will-i-am2
|raw|universe mon's rating: 1692 &rarr; <strong>1675</strong><br />(-17 for losing)
|raw|will-i-am2's rating: 1743 &rarr; <strong>1760</strong><br />(+17 for winning)
|l|‽universe mon
|player|p1|
|l|☆will-i-am2
|player|p2|
