|j|☆Obito 2001
|j|☆dr. drake6782
|t:|1760387788
|gametype|singles
|player|p1|Obito 2001|blue-gen3two|1712
|player|p2|dr. drake6782|hilbert-masters|1661
|gen|9
|tier|[Gen 9] OU
|rated|
|rule|HP Percentage Mod: HP is shown in percentages
|rule|Endless Battle Clause: Forcing endless battles is banned
|rule|Species Clause: Limit one of each Pokémon
|rule|OHKO Clause: OHKO moves are banned
|rule|Evasion Items Clause: Evasion items are banned
|rule|Evasion Moves Clause: Evasion moves are banned
|rule|Evasion Abilities Clause: Evasion abilities are banned
|rule|Sleep Moves Clause: Sleep-inducing moves are banned
|clearpoke
|poke|p1|Maushold-Four|
|poke|p1|Comfey, F|
|poke|p1|Grimmsnarl, M|
|poke|p1|Iron Crown|
|poke|p1|Ogerpon-Wellspring, F|
|poke|p1|Great Tusk|
|poke|p2|Iron Crown|
|poke|p2|Meowscarada, F|
|poke|p2|Great Tusk|
|poke|p2|Pecharunt|
|poke|p2|Ting-Lu|
|poke|p2|Iron Valiant|
|teampreview
|inactive|Battle timer is ON: inactive players will automatically lose when time's up. (requested by dr. drake6782)
|inactive|Obito 2001 also wants the timer to be on.
|inactive|dr. drake6782 has 120 seconds left.
|
|t:|1760387819
|teamsize|p1|6
|teamsize|p2|6
|start
|switch|p1a: Screen Goblin|Grimmsnarl, M|100/100
|switch|p2a: Iron Crown|Iron Crown|100/100
|turn|1
|
|t:|1760387843
|move|p1a: Screen Goblin|Light Screen|p1a: Screen Goblin
|-sidestart|p1: Obito 2001|move: Light Screen
|move|p2a: Iron Crown|Tachyon Cutter|p1a: Screen Goblin
|-supereffective|p1a: Screen Goblin
|-damage|p1a: Screen Goblin|61/100
|-supereffective|p1a: Screen Goblin
|-damage|p1a: Screen Goblin|24/100
|-hitcount|p1a: Screen Goblin|2
|
|upkeep
|turn|2
|inactive|Obito 2001 has 120 seconds left.
|
|t:|1760387869
|move|p1a: Screen Goblin|Parting Shot|p2a: Iron Crown
|-unboost|p2a: Iron Crown|atk|1
|-unboost|p2a: Iron Crown|spa|1
|
|t:|1760387876
|switch|p1a: 🎭|Ogerpon-Wellspring, F|100/100|[from] Parting Shot
|move|p2a: Iron Crown|Tachyon Cutter|p1a: 🎭
|-resisted|p1a: 🎭
|-damage|p1a: 🎭|93/100
|-resisted|p1a: 🎭
|-damage|p1a: 🎭|85/100
|-hitcount|p1a: 🎭|2
|
|upkeep
|turn|3
|inactive|Obito 2001 has 120 seconds left.
|
|t:|1760387900
|-end|p2a: Iron Crown|Quark Drive|[silent]
|switch|p2a: Pecharunt|Pecharunt|100/100
|move|p1a: 🎭|Ivy Cudgel|p2a: Pecharunt|[anim] Ivy Cudgel Water
|-damage|p2a: Pecharunt|72/100
|
|upkeep
|turn|4
|
|t:|1760387908
|move|p1a: 🎭|Ivy Cudgel|p2a: Pecharunt|[anim] Ivy Cudgel Water
|-damage|p2a: Pecharunt|38/100
|move|p2a: Pecharunt|Parting Shot|p1a: 🎭
|-unboost|p1a: 🎭|atk|1
|-unboost|p1a: 🎭|spa|1
|
|t:|1760387911
|switch|p2a: Meowscarada|Meowscarada, F, shiny|100/100|[from] Parting Shot
|
|upkeep
|turn|5
|
|t:|1760387916
|switch|p1a: Mega Donphan|Great Tusk|100/100
|move|p2a: Meowscarada|U-turn|p1a: Mega Donphan
|-start|p2a: Meowscarada|typechange|Bug|[from] ability: Protean
|-resisted|p1a: Mega Donphan
|-damage|p1a: Mega Donphan|82/100
|inactive|dr. drake6782 has 120 seconds left.
|inactive|dr. drake6782 has 90 seconds left.
|
|t:|1760387980
|switch|p2a: Iron Crown|Iron Crown|100/100|[from] U-turn
|
|upkeep
|turn|6
|
|t:|1760387984
|move|p2a: Iron Crown|Psychic Noise|p1a: Mega Donphan
|-supereffective|p1a: Mega Donphan
|-damage|p1a: Mega Donphan|3/100
|-start|p1a: Mega Donphan|move: Heal Block
|move|p1a: Mega Donphan|Headlong Rush|p2a: Iron Crown
|-supereffective|p2a: Iron Crown
|-damage|p2a: Iron Crown|0 fnt
|-unboost|p1a: Mega Donphan|def|1
|-unboost|p1a: Mega Donphan|spd|1
|faint|p2a: Iron Crown
|-end|p2a: Iron Crown|Quark Drive|[silent]
|
|upkeep
|
|t:|1760387992
|switch|p2a: Great Tusk|Great Tusk|100/100
|turn|7
|
|t:|1760387997
|move|p2a: Great Tusk|Rapid Spin|p1a: Mega Donphan
|-damage|p1a: Mega Donphan|0 fnt
|-boost|p2a: Great Tusk|spe|1
|faint|p1a: Mega Donphan
|-end|p1a: Mega Donphan|Protosynthesis|[silent]
|
|upkeep
|
|t:|1760388001
|switch|p1a: 🎭|Ogerpon-Wellspring, F|85/100
|turn|8
|inactive|dr. drake6782 has 120 seconds left.
|
|t:|1760388028
|-end|p2a: Great Tusk|Protosynthesis|[silent]
|switch|p2a: Meowscarada|Meowscarada, F, shiny|100/100
|move|p1a: 🎭|Trailblaze|p2a: Meowscarada
|-resisted|p2a: Meowscarada
|-damage|p2a: Meowscarada|76/100
|-boost|p1a: 🎭|spe|1
|
|-sideend|p1: Obito 2001|move: Light Screen
|upkeep
|turn|9
|
|t:|1760388034
|move|p1a: 🎭|Play Rough|p2a: Meowscarada
|-supereffective|p2a: Meowscarada
|-damage|p2a: Meowscarada|0 fnt
|faint|p2a: Meowscarada
|
|upkeep
|
|t:|1760388038
|switch|p2a: Iron Valiant|Iron Valiant, shiny|100/100
|-enditem|p2a: Iron Valiant|Booster Energy
|-activate|p2a: Iron Valiant|ability: Quark Drive|[fromitem]
|-start|p2a: Iron Valiant|quarkdrivespe
|turn|10
|-message|dr. drake6782 forfeited.
|
|win|Obito 2001
|raw|Obito 2001's rating: 1712 &rarr; <strong>1729</strong><br />(+17 for winning)
|raw|dr. drake6782's rating: 1661 &rarr; <strong>1644</strong><br />(-17 for losing)
|l|☆dr. drake6782
|player|p2|
