|j|☆Corky88
|j|☆chilloud1
|t:|1760443322
|gametype|singles
|player|p1|Corky88|101|1291
|player|p2|chilloud1|dawn|1245
|gen|9
|tier|[Gen 9] OU
|rated|
|rule|HP Percentage Mod: HP is shown in percentages
|rule|Endless Battle Clause: Forcing endless battles is banned
|rule|Species Clause: Limit one of each Pokémon
|rule|OHKO Clause: OHKO moves are banned
|rule|Evasion Items Clause: Evasion items are banned
|rule|Evasion Moves Clause: Evasion moves are banned
|rule|Evasion Abilities Clause: Evasion abilities are banned
|rule|Sleep Moves Clause: Sleep-inducing moves are banned
|clearpoke
|poke|p1|Scizor, M|
|poke|p1|Ogerpon-Wellspring, F|
|poke|p1|Iron Moth|
|poke|p1|Hatterene, F|
|poke|p1|Iron Crown|
|poke|p1|Weezing-Galar, M|
|poke|p2|Brute Bonnet|
|poke|p2|Ninetales, F|
|poke|p2|Kleavor, F|
|poke|p2|Vileplume, F|
|poke|p2|Walking Wake|
|poke|p2|Great Tusk|
|teampreview
|inactive|Battle timer is ON: inactive players will automatically lose when time's up. (requested by Corky88)
|
|t:|1760443343
|teamsize|p1|6
|teamsize|p2|6
|start
|switch|p1a: Iron Crown|Iron Crown|100/100
|switch|p2a: Vileplume|Vileplume, F|100/100
|turn|1
|
|t:|1760443351
|switch|p2a: Ninetales|Ninetales, F|100/100
|-weather|SunnyDay|[from] ability: Drought|[of] p2a: Ninetales
|move|p1a: Iron Crown|Tachyon Cutter|p2a: Ninetales
|-resisted|p2a: Ninetales
|-damage|p2a: Ninetales|81/100
|-resisted|p2a: Ninetales
|-damage|p2a: Ninetales|63/100
|-hitcount|p2a: Ninetales|2
|
|-weather|SunnyDay|[upkeep]
|-heal|p2a: Ninetales|69/100|[from] item: Leftovers
|upkeep
|turn|2
|
|t:|1760443363
|switch|p2a: Walking Wake|Walking Wake|100/100
|-activate|p2a: Walking Wake|ability: Protosynthesis
|-start|p2a: Walking Wake|protosynthesisspe
|-end|p1a: Iron Crown|Quark Drive|[silent]
|switch|p1a: Hatterene|Hatterene, F|100/100
|
|-weather|SunnyDay|[upkeep]
|upkeep
|turn|3
|
|t:|1760443370
|move|p2a: Walking Wake|Flip Turn|p1a: Hatterene
|-damage|p1a: Hatterene|92/100
|
|t:|1760443371
|-end|p2a: Walking Wake|Protosynthesis|[silent]
|switch|p2a: Vileplume|Vileplume, F|100/100|[from] Flip Turn
|move|p1a: Hatterene|Nuzzle|p2a: Vileplume
|-resisted|p2a: Vileplume
|-damage|p2a: Vileplume|98/100
|-status|p2a: Vileplume|par
|
|-weather|SunnyDay|[upkeep]
|upkeep
|turn|4
|
|t:|1760443382
|move|p2a: Vileplume|Sludge Wave|p1a: Hatterene
|-supereffective|p1a: Hatterene
|-crit|p1a: Hatterene
|-damage|p1a: Hatterene|0 fnt
|faint|p1a: Hatterene
|-damage|p2a: Vileplume|88/100 par|[from] item: Life Orb
|
|-weather|SunnyDay|[upkeep]
|upkeep
|
|t:|1760443389
|switch|p1a: Iron Moth|Iron Moth|100/100
|-enditem|p1a: Iron Moth|Booster Energy
|-activate|p1a: Iron Moth|ability: Quark Drive|[fromitem]
|-start|p1a: Iron Moth|quarkdrivespa
|turn|5
|
|t:|1760443396
|-end|p1a: Iron Moth|Quark Drive|[silent]
|switch|p1a: Weezing|Weezing-Galar, M|100/100
|switch|p2a: Walking Wake|Walking Wake|100/100
|-activate|p2a: Walking Wake|ability: Protosynthesis
|-start|p2a: Walking Wake|protosynthesisspe
|
|-weather|none
|-end|p2a: Walking Wake|Protosynthesis
|upkeep
|turn|6
|
|t:|1760443402
|move|p2a: Walking Wake|Flip Turn|p1a: Weezing
|-damage|p1a: Weezing|88/100
|
|t:|1760443407
|-end|p2a: Walking Wake|Protosynthesis|[silent]
|switch|p2a: Ninetales|Ninetales, F|69/100|[from] Flip Turn
|-weather|SunnyDay|[from] ability: Drought|[of] p2a: Ninetales
|move|p1a: Weezing|Strange Steam|p2a: Ninetales
|-resisted|p2a: Ninetales
|-damage|p2a: Ninetales|56/100
|
|-weather|SunnyDay|[upkeep]
|-heal|p2a: Ninetales|62/100|[from] item: Leftovers
|-heal|p1a: Weezing|94/100|[from] item: Leftovers
|upkeep
|turn|7
|
|t:|1760443422
|switch|p2a: Great Tusk|Great Tusk|100/100
|-activate|p2a: Great Tusk|ability: Protosynthesis
|-start|p2a: Great Tusk|protosynthesisspe
|move|p1a: Weezing|Strange Steam|p2a: Great Tusk
|-supereffective|p2a: Great Tusk
|-damage|p2a: Great Tusk|27/100
|
|-weather|SunnyDay|[upkeep]
|-heal|p2a: Great Tusk|33/100|[from] item: Leftovers
|-heal|p1a: Weezing|99/100|[from] item: Leftovers
|upkeep
|turn|8
|
|t:|1760443430
|-end|p2a: Great Tusk|Protosynthesis|[silent]
|switch|p2a: Vileplume|Vileplume, F|88/100 par
|move|p1a: Weezing|Strange Steam|p2a: Vileplume
|-resisted|p2a: Vileplume
|-damage|p2a: Vileplume|71/100 par
|
|-weather|SunnyDay|[upkeep]
|-heal|p1a: Weezing|100/100|[from] item: Leftovers
|upkeep
|turn|9
|
|t:|1760443433
|cant|p2a: Vileplume|par
|move|p1a: Weezing|Flamethrower|p2a: Vileplume
|-supereffective|p2a: Vileplume
|-damage|p2a: Vileplume|2/100 par
|
|-weather|SunnyDay|[upkeep]
|upkeep
|turn|10
|
|t:|1760443439
|move|p2a: Vileplume|Weather Ball|p1a: Weezing
|-damage|p1a: Weezing|48/100
|-damage|p2a: Vileplume|0 fnt|[from] item: Life Orb
|faint|p2a: Vileplume
|move|p1a: Weezing|Flamethrower|p2: Vileplume|[notarget]
|-fail|p1a: Weezing
|
|-weather|none
|-heal|p1a: Weezing|54/100|[from] item: Leftovers
|upkeep
|
|t:|1760443444
|switch|p2a: Ninetales|Ninetales, F|62/100
|-weather|SunnyDay|[from] ability: Drought|[of] p2a: Ninetales
|turn|11
|
|t:|1760443450
|move|p2a: Ninetales|Weather Ball|p1a: Weezing
|-damage|p1a: Weezing|13/100
|move|p1a: Weezing|Flamethrower|p2a: Ninetales
|-resisted|p2a: Ninetales
|-damage|p2a: Ninetales|48/100
|
|-weather|SunnyDay|[upkeep]
|-heal|p2a: Ninetales|54/100|[from] item: Leftovers
|-heal|p1a: Weezing|19/100|[from] item: Leftovers
|upkeep
|turn|12
|
|t:|1760443454
|move|p2a: Ninetales|Weather Ball|p1a: Weezing
|-damage|p1a: Weezing|0 fnt
|faint|p1a: Weezing
|
|-weather|SunnyDay|[upkeep]
|-heal|p2a: Ninetales|60/100|[from] item: Leftovers
|upkeep
|inactive|Corky88 has 120 seconds left.
|
|t:|1760443485
|switch|p1a: Iron Moth|Iron Moth|100/100
|turn|13
|
|t:|1760443490
|switch|p2a: Walking Wake|Walking Wake|100/100
|-activate|p2a: Walking Wake|ability: Protosynthesis
|-start|p2a: Walking Wake|protosynthesisspe
|move|p1a: Iron Moth|Agility|p1a: Iron Moth
|-boost|p1a: Iron Moth|spe|2
|
|-weather|SunnyDay|[upkeep]
|upkeep
|turn|14
|
|t:|1760443496
|move|p1a: Iron Moth|Dazzling Gleam|p2a: Walking Wake
|-supereffective|p2a: Walking Wake
|-damage|p2a: Walking Wake|22/100
|move|p2a: Walking Wake|Hydro Steam|p1a: Iron Moth
|-supereffective|p1a: Iron Moth
|-damage|p1a: Iron Moth|0 fnt
|faint|p1a: Iron Moth
|-end|p1a: Iron Moth|Quark Drive|[silent]
|
|-weather|SunnyDay|[upkeep]
|upkeep
|
|t:|1760443514
|switch|p1a: Ogerpon|Ogerpon-Wellspring, F|100/100
|turn|15
|
|t:|1760443517
|-end|p2a: Walking Wake|Protosynthesis|[silent]
|switch|p2a: Brute Bonnet|Brute Bonnet|100/100
|-activate|p2a: Brute Bonnet|ability: Protosynthesis
|-start|p2a: Brute Bonnet|protosynthesisatk
|-terastallize|p1a: Ogerpon|Water
|detailschange|p1a: Ogerpon|Ogerpon-Wellspring-Tera, F, tera:Water
|-ability|p1a: Ogerpon|Embody Aspect (Wellspring)|boost
|-boost|p1a: Ogerpon|spd|1
|move|p1a: Ogerpon|Swords Dance|p1a: Ogerpon
|-boost|p1a: Ogerpon|atk|2
|
|-weather|none
|-end|p2a: Brute Bonnet|Protosynthesis
|upkeep
|-enditem|p2a: Brute Bonnet|Booster Energy
|-activate|p2a: Brute Bonnet|ability: Protosynthesis|[fromitem]
|-start|p2a: Brute Bonnet|protosynthesisatk
|turn|16
|
|t:|1760443524
|move|p1a: Ogerpon|Ivy Cudgel|p2a: Brute Bonnet|[anim] Ivy Cudgel Water
|-resisted|p2a: Brute Bonnet
|-damage|p2a: Brute Bonnet|36/100
|move|p2a: Brute Bonnet|Trailblaze|p1a: Ogerpon
|-supereffective|p1a: Ogerpon
|-damage|p1a: Ogerpon|28/100
|-boost|p2a: Brute Bonnet|spe|1
|
|upkeep
|turn|17
|
|t:|1760443536
|move|p1a: Ogerpon|Ivy Cudgel|p2a: Brute Bonnet|[anim] Ivy Cudgel Water
|-resisted|p2a: Brute Bonnet
|-damage|p2a: Brute Bonnet|0 fnt
|faint|p2a: Brute Bonnet
|-end|p2a: Brute Bonnet|Protosynthesis|[silent]
|
|upkeep
|
|t:|1760443538
|switch|p2a: Kleavor|Kleavor, F|100/100
|turn|18
|
|t:|1760443542
|move|p1a: Ogerpon|Horn Leech|p2a: Kleavor
|-enditem|p2a: Kleavor|Focus Sash
|-damage|p2a: Kleavor|1/100
|-heal|p1a: Ogerpon|75/100|[from] drain|[of] p2a: Kleavor
|move|p2a: Kleavor|Stone Axe|p1a: Ogerpon
|-crit|p1a: Ogerpon
|-damage|p1a: Ogerpon|0 fnt
|-sidestart|p1: Corky88|move: Stealth Rock
|faint|p1a: Ogerpon
|detailschange|p1: Ogerpon|Ogerpon-Wellspring, F|[silent]
|
|upkeep
|
|t:|1760443554
|switch|p1a: Iron Crown|Iron Crown|100/100
|-damage|p1a: Iron Crown|94/100|[from] Stealth Rock
|turn|19
|
|t:|1760443558
|move|p1a: Iron Crown|Tachyon Cutter|p2a: Kleavor
|-supereffective|p2a: Kleavor
|-damage|p2a: Kleavor|0 fnt
|faint|p2a: Kleavor
|-hitcount|p2: Kleavor|1
|
|upkeep
|
|t:|1760443560
|switch|p2a: Ninetales|Ninetales, F|60/100
|-weather|SunnyDay|[from] ability: Drought|[of] p2a: Ninetales
|turn|20
|
|t:|1760443564
|move|p2a: Ninetales|Weather Ball|p1a: Iron Crown
|-supereffective|p1a: Iron Crown
|-crit|p1a: Iron Crown
|-damage|p1a: Iron Crown|0 fnt
|faint|p1a: Iron Crown
|-end|p1a: Iron Crown|Quark Drive|[silent]
|
|-weather|SunnyDay|[upkeep]
|-heal|p2a: Ninetales|66/100|[from] item: Leftovers
|upkeep
|
|t:|1760443566
|switch|p1a: Scizor|Scizor, M|100/100
|-damage|p1a: Scizor|88/100|[from] Stealth Rock
|turn|21
|
|t:|1760443568
|move|p1a: Scizor|Bullet Punch|p2a: Ninetales
|-resisted|p2a: Ninetales
|-damage|p2a: Ninetales|36/100
|move|p2a: Ninetales|Weather Ball|p1a: Scizor
|-supereffective|p1a: Scizor
|-damage|p1a: Scizor|0 fnt
|faint|p1a: Scizor
|
|win|chilloud1
|raw|Corky88's rating: 1291 &rarr; <strong>1263</strong><br />(-28 for losing)
|raw|chilloud1's rating: 1245 &rarr; <strong>1273</strong><br />(+28 for winning)
|l|☆Corky88
|player|p1|
|l|☆chilloud1
|player|p2|
