|j|☆Lamtung8864526
|j|‽jhghjkhipkjnlp
|t:|1760372036
|gametype|singles
|player|p1|Lamtung8864526|hilbert-wonderlauncher|1370
|player|p2|jhghjkhipkjnlp|170|1363
|gen|9
|tier|[Gen 9] OU
|rated|
|rule|HP Percentage Mod: HP is shown in percentages
|rule|Endless Battle Clause: Forcing endless battles is banned
|rule|Species Clause: Limit one of each Pokémon
|rule|OHKO Clause: OHKO moves are banned
|rule|Evasion Items Clause: Evasion items are banned
|rule|Evasion Moves Clause: Evasion moves are banned
|rule|Evasion Abilities Clause: Evasion abilities are banned
|rule|Sleep Moves Clause: Sleep-inducing moves are banned
|clearpoke
|poke|p1|Ninetales, M|
|poke|p1|Shiftry, M|
|poke|p1|Charizard, F|
|poke|p1|Hatterene, F|
|poke|p1|Walking Wake|
|poke|p1|Great Tusk|
|poke|p2|Ninetales, F|
|poke|p2|Hatterene, F|
|poke|p2|Walking Wake|
|poke|p2|Lilligant-Hisui, F|
|poke|p2|Ting-Lu|
|poke|p2|Primarina, M|
|teampreview
|inactive|Battle timer is ON: inactive players will automatically lose when time's up. (requested by Lamtung8864526)
|inactive|jhghjkhipkjnlp has 120 seconds left.
|inactive|jhghjkhipkjnlp has 90 seconds left.
|
|t:|1760372106
|teamsize|p1|6
|teamsize|p2|6
|start
|switch|p1a: Ninetales|Ninetales, M|100/100
|switch|p2a: Walking Wake|Walking Wake|100/100
|-weather|SunnyDay|[from] ability: Drought|[of] p1a: Ninetales
|-activate|p2a: Walking Wake|ability: Protosynthesis
|-start|p2a: Walking Wake|protosynthesisspe
|turn|1
|
|t:|1760372120
|switch|p1a: Walking Wake|Walking Wake|100/100
|-activate|p1a: Walking Wake|ability: Protosynthesis
|-start|p1a: Walking Wake|protosynthesisspe
|move|p2a: Walking Wake|Hydro Steam|p1a: Walking Wake
|-resisted|p1a: Walking Wake
|-damage|p1a: Walking Wake|81/100
|
|-weather|SunnyDay|[upkeep]
|upkeep
|turn|2
|
|t:|1760372140
|-end|p2a: Walking Wake|Protosynthesis|[silent]
|switch|p2a: Primarina|Primarina, M|100/100
|move|p1a: Walking Wake|Flip Turn|p2a: Primarina
|-resisted|p2a: Primarina
|-damage|p2a: Primarina|96/100
|
|t:|1760372148
|-end|p1a: Walking Wake|Protosynthesis|[silent]
|switch|p1a: Shiftry|Shiftry, M|100/100|[from] Flip Turn
|
|-weather|SunnyDay|[upkeep]
|-heal|p2a: Primarina|100/100|[from] item: Leftovers
|upkeep
|turn|3
|
|t:|1760372174
|-terastallize|p2a: Primarina|Steel
|move|p1a: Shiftry|Solar Blade||[still]
|-prepare|p1a: Shiftry|Solar Blade
|-anim|p1a: Shiftry|Solar Blade|p2a: Primarina
|-resisted|p2a: Primarina
|-damage|p2a: Primarina|59/100
|-damage|p1a: Shiftry|91/100|[from] item: Life Orb
|move|p2a: Primarina|Moonblast|p1a: Shiftry
|-supereffective|p1a: Shiftry
|-damage|p1a: Shiftry|0 fnt
|faint|p1a: Shiftry
|
|-weather|SunnyDay|[upkeep]
|-heal|p2a: Primarina|66/100|[from] item: Leftovers
|upkeep
|
|t:|1760372178
|switch|p1a: Charizard|Charizard, F|100/100
|turn|4
|
|t:|1760372194
|switch|p2a: Ting-Lu|Ting-Lu|100/100
|-ability|p2a: Ting-Lu|Vessel of Ruin
|move|p1a: Charizard|Dragon Pulse|p2a: Ting-Lu
|-damage|p2a: Ting-Lu|65/100
|-enditem|p2a: Ting-Lu|Eject Button
|
|t:|1760372204
|switch|p2a: Walking Wake|Walking Wake|100/100
|-activate|p2a: Walking Wake|ability: Protosynthesis
|-start|p2a: Walking Wake|protosynthesisspe
|
|-weather|SunnyDay|[upkeep]
|-damage|p1a: Charizard|88/100|[from] ability: Solar Power|[of] p1a: Charizard
|upkeep
|turn|5
|
|t:|1760372213
|switch|p1a: Hatterene|Hatterene, F|100/100
|move|p2a: Walking Wake|Hydro Steam|p1a: Hatterene
|-damage|p1a: Hatterene|25/100
|-enditem|p1a: Hatterene|Eject Button
|
|t:|1760372218
|switch|p1a: Walking Wake|Walking Wake|81/100
|-activate|p1a: Walking Wake|ability: Protosynthesis
|-start|p1a: Walking Wake|protosynthesisspe
|
|-weather|SunnyDay|[upkeep]
|upkeep
|turn|6
|
|t:|1760372232
|-end|p2a: Walking Wake|Protosynthesis|[silent]
|switch|p2a: Primarina|Primarina, M, tera:Steel|66/100
|move|p1a: Walking Wake|Flamethrower|p2a: Primarina
|-supereffective|p2a: Primarina
|-damage|p2a: Primarina|0 fnt
|faint|p2a: Primarina
|
|-weather|SunnyDay|[upkeep]
|upkeep
|
|t:|1760372240
|switch|p2a: Lilligant|Lilligant-Hisui, F|100/100
|turn|7
|
|t:|1760372244
|move|p2a: Lilligant|Solar Blade||[still]
|-prepare|p2a: Lilligant|Solar Blade
|-anim|p2a: Lilligant|Solar Blade|p1a: Walking Wake
|-damage|p1a: Walking Wake|0 fnt
|faint|p1a: Walking Wake
|-end|p1a: Walking Wake|Protosynthesis|[silent]
|-damage|p2a: Lilligant|91/100|[from] item: Life Orb
|
|-weather|SunnyDay|[upkeep]
|upkeep
|
|t:|1760372249
|switch|p1a: Charizard|Charizard, F|88/100
|turn|8
|
|t:|1760372259
|move|p2a: Lilligant|Triple Axel|p1a: Charizard
|-damage|p1a: Charizard|77/100
|-damage|p1a: Charizard|53/100
|-damage|p1a: Charizard|16/100
|-hitcount|p1a: Charizard|3
|-damage|p2a: Lilligant|81/100|[from] item: Life Orb
|move|p1a: Charizard|Air Slash|p2a: Lilligant
|-supereffective|p2a: Lilligant
|-damage|p2a: Lilligant|0 fnt
|faint|p2a: Lilligant
|
|-weather|none
|upkeep
|
|t:|1760372281
|switch|p2a: Ninetales|Ninetales, F|100/100
|-weather|SunnyDay|[from] ability: Drought|[of] p2a: Ninetales
|turn|9
|
|t:|1760372289
|move|p1a: Charizard|Air Slash|p2a: Ninetales
|-damage|p2a: Ninetales|23/100
|move|p2a: Ninetales|Healing Wish|p2a: Ninetales
|faint|p2a: Ninetales
|
|-weather|SunnyDay|[upkeep]
|-damage|p1a: Charizard|4/100|[from] ability: Solar Power|[of] p1a: Charizard
|upkeep
|
|t:|1760372296
|switch|p2a: Walking Wake|Walking Wake|100/100
|-activate|p2a: Walking Wake|ability: Protosynthesis
|-start|p2a: Walking Wake|protosynthesisspe
|turn|10
|
|t:|1760372301
|move|p2a: Walking Wake|Hydro Steam|p1a: Charizard
|-supereffective|p1a: Charizard
|-damage|p1a: Charizard|0 fnt
|faint|p1a: Charizard
|
|-weather|SunnyDay|[upkeep]
|upkeep
|-message|Lamtung8864526 forfeited.
|
|win|jhghjkhipkjnlp
|raw|Lamtung8864526's rating: 1370 &rarr; <strong>1350</strong><br />(-20 for losing)
|raw|jhghjkhipkjnlp's rating: 1363 &rarr; <strong>1383</strong><br />(+20 for winning)
|l|☆Lamtung8864526
|player|p1|
|l|‽jhghjkhipkjnlp
|player|p2|
