|j|☆ArthurowVidal
|j|☆Graveler's Delight
|t:|1760443289
|gametype|singles
|player|p1|ArthurowVidal|102|1397
|player|p2|Graveler's Delight|scientist-gen4dp|1352
|gen|9
|tier|[Gen 9] OU
|rated|
|rule|HP Percentage Mod: HP is shown in percentages
|rule|Endless Battle Clause: Forcing endless battles is banned
|rule|Species Clause: Limit one of each Pokémon
|rule|OHKO Clause: OHKO moves are banned
|rule|Evasion Items Clause: Evasion items are banned
|rule|Evasion Moves Clause: Evasion moves are banned
|rule|Evasion Abilities Clause: Evasion abilities are banned
|rule|Sleep Moves Clause: Sleep-inducing moves are banned
|clearpoke
|poke|p1|Grimmsnarl, M|
|poke|p1|Ogerpon-Wellspring, F|
|poke|p1|Kommo-o, F|
|poke|p1|Iron Moth|
|poke|p1|Latias, F|
|poke|p1|Ceruledge, M|
|poke|p2|Iron Moth|
|poke|p2|Tyranitar, F|
|poke|p2|Gholdengo|
|poke|p2|Excadrill, M|
|poke|p2|Ogerpon-Wellspring, F|
|poke|p2|Vikavolt, F|
|teampreview
|inactive|Battle timer is ON: inactive players will automatically lose when time's up. (requested by Graveler's Delight)
|
|t:|1760443294
|teamsize|p1|6
|teamsize|p2|6
|start
|switch|p1a: Grimmsnarl|Grimmsnarl, M|100/100
|switch|p2a: Vikavolt|Vikavolt, F|100/100
|turn|1
|
|t:|1760443301
|move|p1a: Grimmsnarl|Light Screen|p1a: Grimmsnarl
|-sidestart|p1: ArthurowVidal|move: Light Screen
|move|p2a: Vikavolt|Discharge|p1a: Grimmsnarl
|-damage|p1a: Grimmsnarl|82/100
|
|upkeep
|turn|2
|
|t:|1760443308
|move|p1a: Grimmsnarl|Reflect|p1a: Grimmsnarl
|-sidestart|p1: ArthurowVidal|Reflect
|move|p2a: Vikavolt|Sticky Web|p1a: Grimmsnarl
|-sidestart|p1: ArthurowVidal|move: Sticky Web
|
|upkeep
|turn|3
|
|t:|1760443312
|move|p1a: Grimmsnarl|Parting Shot|p2a: Vikavolt
|-unboost|p2a: Vikavolt|atk|1
|-unboost|p2a: Vikavolt|spa|1
|
|t:|1760443337
|switch|p1a: Latias|Latias, F|100/100|[from] Parting Shot
|move|p2a: Vikavolt|Agility|p2a: Vikavolt
|-boost|p2a: Vikavolt|spe|2
|
|upkeep
|turn|4
|
|t:|1760443349
|-terastallize|p1a: Latias|Poison
|move|p2a: Vikavolt|Discharge|p1a: Latias
|-damage|p1a: Latias|89/100
|move|p1a: Latias|Calm Mind|p1a: Latias
|-boost|p1a: Latias|spa|1
|-boost|p1a: Latias|spd|1
|
|upkeep
|turn|5
|
|t:|1760443357
|move|p2a: Vikavolt|Discharge|p1a: Latias
|-damage|p1a: Latias|81/100
|move|p1a: Latias|Agility|p1a: Latias
|-boost|p1a: Latias|spe|2
|
|upkeep
|turn|6
|
|t:|1760443364
|move|p1a: Latias|Calm Mind|p1a: Latias
|-boost|p1a: Latias|spa|1
|-boost|p1a: Latias|spd|1
|move|p2a: Vikavolt|Agility|p2a: Vikavolt
|-boost|p2a: Vikavolt|spe|2
|
|upkeep
|turn|7
|
|t:|1760443366
|move|p2a: Vikavolt|Discharge|p1a: Latias
|-damage|p1a: Latias|76/100
|-status|p1a: Latias|par
|move|p1a: Latias|Agility|p1a: Latias
|-boost|p1a: Latias|spe|2
|
|upkeep
|turn|8
|
|t:|1760443373
|switch|p2a: Tyranitar|Tyranitar, F|100/100
|-weather|Sandstorm|[from] ability: Sand Stream|[of] p2a: Tyranitar
|move|p1a: Latias|Agility|p1a: Latias
|-boost|p1a: Latias|spe|2
|
|-weather|Sandstorm|[upkeep]
|-damage|p1a: Latias|70/100 par|[from] Sandstorm
|-sideend|p1: ArthurowVidal|move: Light Screen
|upkeep
|turn|9
|
|t:|1760443380
|move|p1a: Latias|Aura Sphere|p2a: Tyranitar
|-supereffective|p2a: Tyranitar
|-damage|p2a: Tyranitar|6/100
|move|p2a: Tyranitar|Knock Off|p1a: Latias
|-damage|p1a: Latias|47/100 par
|-enditem|p1a: Latias|Weakness Policy|[from] move: Knock Off|[of] p2a: Tyranitar
|
|-weather|Sandstorm|[upkeep]
|-damage|p1a: Latias|41/100 par|[from] Sandstorm
|-sideend|p1: ArthurowVidal|Reflect
|upkeep
|turn|10
|
|t:|1760443395
|switch|p2a: Gholdengo|Gholdengo|100/100
|-item|p2a: Gholdengo|Air Balloon
|cant|p1a: Latias|par
|
|-weather|Sandstorm|[upkeep]
|-damage|p1a: Latias|35/100 par|[from] Sandstorm
|upkeep
|turn|11
|
|t:|1760443401
|cant|p1a: Latias|par
|move|p2a: Gholdengo|Shadow Ball|p1a: Latias
|-damage|p1a: Latias|18/100 par
|
|-weather|Sandstorm|[upkeep]
|-damage|p1a: Latias|12/100 par|[from] Sandstorm
|upkeep
|turn|12
|
|t:|1760443409
|switch|p2a: Vikavolt|Vikavolt, F|100/100
|move|p1a: Latias|Stored Power|p2a: Vikavolt
|-enditem|p2a: Vikavolt|Focus Sash
|-damage|p2a: Vikavolt|1/100
|
|-weather|none
|upkeep
|turn|13
|
|t:|1760443419
|cant|p1a: Latias|par
|move|p2a: Vikavolt|Discharge|p1a: Latias
|-damage|p1a: Latias|0 fnt
|faint|p1a: Latias
|
|upkeep
|
|t:|1760443428
|switch|p1a: Ogerpon|Ogerpon-Wellspring, F|100/100
|-activate|p1a: Ogerpon|move: Sticky Web
|-unboost|p1a: Ogerpon|spe|1
|turn|14
|
|t:|1760443442
|switch|p2a: Tyranitar|Tyranitar, F|6/100
|-weather|Sandstorm|[from] ability: Sand Stream|[of] p2a: Tyranitar
|move|p1a: Ogerpon|Trailblaze|p2a: Tyranitar
|-supereffective|p2a: Tyranitar
|-damage|p2a: Tyranitar|0 fnt
|-boost|p1a: Ogerpon|spe|1
|faint|p2a: Tyranitar
|
|-weather|Sandstorm|[upkeep]
|-damage|p1a: Ogerpon|95/100|[from] Sandstorm
|upkeep
|
|t:|1760443464
|switch|p2a: Iron Moth|Iron Moth|100/100
|-enditem|p2a: Iron Moth|Booster Energy
|-activate|p2a: Iron Moth|ability: Quark Drive|[fromitem]
|-start|p2a: Iron Moth|quarkdrivespe
|turn|15
|
|t:|1760443471
|move|p2a: Iron Moth|Sludge Wave|p1a: Ogerpon
|-supereffective|p1a: Ogerpon
|-damage|p1a: Ogerpon|0 fnt
|faint|p1a: Ogerpon
|
|-weather|Sandstorm|[upkeep]
|-damage|p2a: Iron Moth|95/100|[from] Sandstorm
|upkeep
|-message|ArthurowVidal forfeited.
|
|win|Graveler's Delight
|raw|ArthurowVidal's rating: 1397 &rarr; <strong>1374</strong><br />(-23 for losing)
|raw|Graveler&apos;s Delight's rating: 1352 &rarr; <strong>1375</strong><br />(+23 for winning)
|l|☆ArthurowVidal
|player|p1|
|l|☆Graveler's Delight
|player|p2|
