|j|☆Ryu_NLF
|j|‽Benedict Juarez
|t:|1760326337
|gametype|singles
|player|p1|Ryu_NLF|jasmine|1416
|player|p2|Benedict Juarez|medium|1435
|gen|9
|tier|[Gen 9] OU
|rated|
|rule|HP Percentage Mod: HP is shown in percentages
|rule|Endless Battle Clause: Forcing endless battles is banned
|rule|Species Clause: Limit one of each Pokémon
|rule|OHKO Clause: OHKO moves are banned
|rule|Evasion Items Clause: Evasion items are banned
|rule|Evasion Moves Clause: Evasion moves are banned
|rule|Evasion Abilities Clause: Evasion abilities are banned
|rule|Sleep Moves Clause: Sleep-inducing moves are banned
|clearpoke
|poke|p1|Vileplume, M|
|poke|p1|Swampert, F|
|poke|p1|Excadrill, M|
|poke|p1|Chandelure, F|
|poke|p1|Ribombee, F|
|poke|p1|Honchkrow, M|
|poke|p2|Tinkaton, F|
|poke|p2|Latios, M|
|poke|p2|Ting-Lu|
|poke|p2|Zamazenta-*|
|poke|p2|Alomomola, M|
|poke|p2|Ogerpon, F|
|teampreview
|
|t:|1760326350
|teamsize|p1|6
|teamsize|p2|6
|start
|switch|p1a: Chandelure|Chandelure, F|100/100
|switch|p2a: Tinkaton|Tinkaton, F|100/100
|-item|p2a: Tinkaton|Air Balloon
|turn|1
|
|t:|1760326368
|-terastallize|p1a: Chandelure|Grass
|move|p1a: Chandelure|Energy Ball|p2a: Tinkaton
|-resisted|p2a: Tinkaton
|-damage|p2a: Tinkaton|79/100
|-enditem|p2a: Tinkaton|Air Balloon
|move|p2a: Tinkaton|Stealth Rock|p1a: Chandelure
|-sidestart|p1: Ryu_NLF|move: Stealth Rock
|
|upkeep
|turn|2
|
|t:|1760326378
|switch|p1a: Excadrill|Excadrill, M|100/100
|-ability|p1a: Excadrill|Mold Breaker
|move|p2a: Tinkaton|Thunder Wave|p1a: Excadrill
|-immune|p1a: Excadrill
|
|upkeep
|turn|3
|
|t:|1760326386
|switch|p2a: Alomomola|Alomomola, M|100/100
|move|p1a: Excadrill|Rapid Spin|p2a: Alomomola
|-damage|p2a: Alomomola|91/100
|-boost|p1a: Excadrill|spe|1
|-sideend|p1: Ryu_NLF|Stealth Rock|[from] move: Rapid Spin|[of] p1a: Excadrill
|
|upkeep
|turn|4
|
|t:|1760326397
|switch|p1a: Swampert|Swampert, F|100/100
|move|p2a: Alomomola|Flip Turn|p1a: Swampert
|-damage|p1a: Swampert|84/100
|
|t:|1760326400
|switch|p2a: Ogerpon|Ogerpon, F|100/100|[from] Flip Turn
|
|-heal|p1a: Swampert|90/100|[from] item: Leftovers
|upkeep
|turn|5
|
|t:|1760326410
|switch|p1a: Vileplume|Vileplume, M, shiny|100/100
|move|p2a: Ogerpon|Knock Off|p1a: Vileplume
|-damage|p1a: Vileplume|78/100
|-damage|p2a: Ogerpon|84/100|[from] item: Rocky Helmet|[of] p1a: Vileplume
|-enditem|p1a: Vileplume|Rocky Helmet|[from] move: Knock Off|[of] p2a: Ogerpon
|
|upkeep
|turn|6
|
|t:|1760326421
|move|p2a: Ogerpon|U-turn|p1a: Vileplume
|-damage|p1a: Vileplume|59/100
|
|t:|1760326424
|switch|p2a: Latios|Latios, M|100/100|[from] U-turn
|move|p1a: Vileplume|Toxic|p2a: Latios
|-status|p2a: Latios|tox
|
|-damage|p2a: Latios|95/100 tox|[from] psn
|upkeep
|turn|7
|
|t:|1760326435
|switch|p1a: Swampert|Swampert, F|90/100
|move|p2a: Latios|Draco Meteor|p1a: Swampert
|-damage|p1a: Swampert|41/100
|-unboost|p2a: Latios|spa|2
|
|-heal|p1a: Swampert|47/100|[from] item: Leftovers
|-damage|p2a: Latios|83/100 tox|[from] psn
|upkeep
|turn|8
|
|t:|1760326446
|switch|p2a: Ogerpon|Ogerpon, F|84/100
|move|p1a: Swampert|Knock Off|p2a: Ogerpon
|-damage|p2a: Ogerpon|55/100
|-enditem|p2a: Ogerpon|Heavy-Duty Boots|[from] move: Knock Off|[of] p1a: Swampert
|
|-heal|p1a: Swampert|53/100|[from] item: Leftovers
|upkeep
|turn|9
|
|t:|1760326458
|switch|p1a: Vileplume|Vileplume, M, shiny|59/100
|move|p2a: Ogerpon|Knock Off|p1a: Vileplume
|-damage|p1a: Vileplume|43/100
|
|upkeep
|turn|10
|
|t:|1760326464
|move|p2a: Ogerpon|U-turn|p1a: Vileplume
|-damage|p1a: Vileplume|25/100
|
|t:|1760326469
|switch|p2a: Latios|Latios, M|83/100 tox|[from] U-turn
|move|p1a: Vileplume|Strength Sap|p2a: Latios
|-unboost|p2a: Latios|atk|1
|-heal|p1a: Vileplume|72/100
|
|-damage|p2a: Latios|77/100 tox|[from] psn
|upkeep
|turn|11
|
|t:|1760326480
|switch|p1a: Ribombee|Ribombee, F, shiny|100/100
|move|p2a: Latios|Draco Meteor|p1a: Ribombee
|-immune|p1a: Ribombee
|
|-damage|p2a: Latios|65/100 tox|[from] psn
|upkeep
|turn|12
|-message|Benedict Juarez forfeited.
|
|win|Ryu_NLF
|raw|Ryu_NLF's rating: 1416 &rarr; <strong>1437</strong><br />(+21 for winning)
|raw|Benedict Juarez's rating: 1435 &rarr; <strong>1414</strong><br />(-21 for losing)
|l|‽Benedict Juarez
|player|p2|
|l|☆Ryu_NLF
|player|p1|
