|j|☆nome777
|j|☆DomCat
|t:|1760418959
|gametype|singles
|player|p1|nome777|scientist-gen3|1360
|player|p2|DomCat|lady-gen4|1386
|gen|9
|tier|[Gen 9] OU
|rated|
|rule|HP Percentage Mod: HP is shown in percentages
|rule|Endless Battle Clause: Forcing endless battles is banned
|rule|Species Clause: Limit one of each Pokémon
|rule|OHKO Clause: OHKO moves are banned
|rule|Evasion Items Clause: Evasion items are banned
|rule|Evasion Moves Clause: Evasion moves are banned
|rule|Evasion Abilities Clause: Evasion abilities are banned
|rule|Sleep Moves Clause: Sleep-inducing moves are banned
|clearpoke
|poke|p1|Gliscor, M|
|poke|p1|Cinderace, F|
|poke|p1|Dragapult, M|
|poke|p1|Primarina, F|
|poke|p1|Slowking-Galar, F|
|poke|p1|Moltres|
|poke|p2|Heatran, M|
|poke|p2|Quaquaval, F|
|poke|p2|Garganacl, F|
|poke|p2|Gliscor, M|
|poke|p2|Zapdos|
|poke|p2|Walking Wake|
|teampreview
|inactive|Battle timer is ON: inactive players will automatically lose when time's up. (requested by DomCat)
|
|t:|1760418983
|teamsize|p1|6
|teamsize|p2|6
|start
|switch|p1a: Gliscor|Gliscor, M|100/100
|switch|p2a: Sparkuno|Zapdos|100/100
|turn|1
|
|t:|1760418990
|switch|p2a: Joker 2019|Quaquaval, F|100/100
|move|p1a: Gliscor|Protect||[still]
|-fail|p1a: Gliscor
|
|-status|p1a: Gliscor|tox|[from] item: Toxic Orb
|upkeep
|turn|2
|
|t:|1760418997
|switch|p1a: Moltres|Moltres|100/100
|move|p2a: Joker 2019|Bulk Up|p2a: Joker 2019
|-boost|p2a: Joker 2019|atk|1
|-boost|p2a: Joker 2019|def|1
|
|upkeep
|turn|3
|
|t:|1760419004
|switch|p2a: Sparkuno|Zapdos|100/100
|move|p1a: Moltres|Will-O-Wisp|p2a: Sparkuno
|-status|p2a: Sparkuno|brn
|
|-damage|p2a: Sparkuno|94/100 brn|[from] brn
|upkeep
|turn|4
|
|t:|1760419012
|switch|p2a: Boiling Dragon|Walking Wake|100/100
|switch|p1a: Gliscor|Gliscor, M|100/100 tox
|
|upkeep
|turn|5
|
|t:|1760419019
|switch|p1a: Primarina|Primarina, F|100/100
|move|p2a: Boiling Dragon|Hydro Steam|p1a: Primarina
|-resisted|p1a: Primarina
|-damage|p1a: Primarina|83/100
|
|upkeep
|turn|6
|
|t:|1760419036
|-end|p2a: Boiling Dragon|Protosynthesis|[silent]
|switch|p2a: Molten Salt|Heatran, M|100/100
|move|p1a: Primarina|Psychic Noise|p2a: Molten Salt
|-resisted|p2a: Molten Salt
|-damage|p2a: Molten Salt|89/100
|-start|p2a: Molten Salt|move: Heal Block
|
|upkeep
|turn|7
|
|t:|1760419046
|move|p2a: Molten Salt|Stealth Rock|p1a: Primarina
|-sidestart|p1: nome777|move: Stealth Rock
|move|p1a: Primarina|Surf|p2a: Molten Salt
|-supereffective|p2a: Molten Salt
|-damage|p2a: Molten Salt|10/100
|
|-end|p2a: Molten Salt|move: Heal Block
|upkeep
|turn|8
|
|t:|1760419052
|move|p2a: Molten Salt|Earth Power|p1a: Primarina
|-damage|p1a: Primarina|63/100
|move|p1a: Primarina|Flip Turn|p2a: Molten Salt
|-supereffective|p2a: Molten Salt
|-damage|p2a: Molten Salt|0 fnt
|faint|p2a: Molten Salt
|
|t:|1760419062
|switch|p1a: Gliscor|Gliscor, M|100/100 tox|[from] Flip Turn
|-damage|p1a: Gliscor|88/100 tox|[from] Stealth Rock
|
|-heal|p1a: Gliscor|100/100 tox|[from] ability: Poison Heal
|upkeep
|
|t:|1760419067
|switch|p2a: Joker 2019|Quaquaval, F|100/100
|turn|9
|
|t:|1760419076
|switch|p1a: Moltres|Moltres|100/100
|move|p2a: Joker 2019|Bulk Up|p2a: Joker 2019
|-boost|p2a: Joker 2019|atk|1
|-boost|p2a: Joker 2019|def|1
|
|upkeep
|turn|10
|
|t:|1760419082
|switch|p2a: Himalayan Salt|Garganacl, F|100/100
|move|p1a: Moltres|Will-O-Wisp|p2a: Himalayan Salt
|-immune|p2a: Himalayan Salt|[from] ability: Purifying Salt
|
|upkeep
|turn|11
|
|t:|1760419089
|move|p1a: Moltres|U-turn|p2a: Himalayan Salt
|-damage|p2a: Himalayan Salt|89/100
|
|t:|1760419092
|switch|p1a: Gliscor|Gliscor, M|100/100 tox|[from] U-turn
|-damage|p1a: Gliscor|88/100 tox|[from] Stealth Rock
|move|p2a: Himalayan Salt|Salt Cure|p1a: Gliscor
|-damage|p1a: Gliscor|77/100 tox
|-start|p1a: Gliscor|Salt Cure
|
|-heal|p2a: Himalayan Salt|95/100|[from] item: Leftovers
|-heal|p1a: Gliscor|89/100 tox|[from] ability: Poison Heal
|-damage|p1a: Gliscor|77/100 tox|[from] Salt Cure
|upkeep
|turn|12
|
|t:|1760419103
|switch|p2a: Sparkuno|Zapdos|94/100 brn
|move|p1a: Gliscor|Swords Dance|p1a: Gliscor
|-boost|p1a: Gliscor|atk|2
|
|-heal|p1a: Gliscor|89/100 tox|[from] ability: Poison Heal
|-damage|p2a: Sparkuno|88/100 brn|[from] brn
|-damage|p1a: Gliscor|77/100 tox|[from] Salt Cure
|upkeep
|turn|13
|
|t:|1760419113
|move|p2a: Sparkuno|Heat Wave|p1a: Gliscor
|-damage|p1a: Gliscor|34/100 tox
|move|p1a: Gliscor|Facade|p2a: Sparkuno
|-damage|p2a: Sparkuno|27/100 brn
|
|-heal|p1a: Gliscor|47/100 tox|[from] ability: Poison Heal
|-damage|p2a: Sparkuno|20/100 brn|[from] brn
|-damage|p1a: Gliscor|34/100 tox|[from] Salt Cure
|upkeep
|turn|14
|
|t:|1760419123
|move|p1a: Gliscor|Protect|p1a: Gliscor
|-singleturn|p1a: Gliscor|Protect
|move|p2a: Sparkuno|Heat Wave|p1a: Gliscor
|-activate|p1a: Gliscor|move: Protect
|
|-heal|p1a: Gliscor|47/100 tox|[from] ability: Poison Heal
|-damage|p2a: Sparkuno|14/100 brn|[from] brn
|-damage|p1a: Gliscor|34/100 tox|[from] Salt Cure
|upkeep
|turn|15
|
|t:|1760419135
|switch|p1a: Primarina|Primarina, F|63/100
|-damage|p1a: Primarina|51/100|[from] Stealth Rock
|move|p2a: Sparkuno|Heat Wave|p1a: Primarina
|-resisted|p1a: Primarina
|-damage|p1a: Primarina|42/100
|
|-damage|p2a: Sparkuno|8/100 brn|[from] brn
|upkeep
|turn|16
|
|t:|1760419144
|move|p2a: Sparkuno|Roost|p2a: Sparkuno
|-heal|p2a: Sparkuno|58/100 brn
|-singleturn|p2a: Sparkuno|move: Roost
|move|p1a: Primarina|Flip Turn|p2a: Sparkuno
|-damage|p2a: Sparkuno|43/100 brn
|-status|p1a: Primarina|par|[from] ability: Static|[of] p2a: Sparkuno
|
|t:|1760419147
|switch|p1a: Dragapult|Dragapult, M|100/100|[from] Flip Turn
|-damage|p1a: Dragapult|88/100|[from] Stealth Rock
|
|-damage|p2a: Sparkuno|36/100 brn|[from] brn
|upkeep
|turn|17
|
|t:|1760419158
|switch|p2a: Himalayan Salt|Garganacl, F|95/100
|move|p1a: Dragapult|Shadow Ball|p2a: Himalayan Salt
|-damage|p2a: Himalayan Salt|74/100
|
|-heal|p2a: Himalayan Salt|81/100|[from] item: Leftovers
|upkeep
|turn|18
|
|t:|1760419165
|switch|p1a: Gliscor|Gliscor, M|34/100 tox
|-damage|p1a: Gliscor|22/100 tox|[from] Stealth Rock
|move|p2a: Himalayan Salt|Salt Cure|p1a: Gliscor
|-damage|p1a: Gliscor|11/100 tox
|-start|p1a: Gliscor|Salt Cure
|
|-heal|p2a: Himalayan Salt|87/100|[from] item: Leftovers
|-heal|p1a: Gliscor|23/100 tox|[from] ability: Poison Heal
|-damage|p1a: Gliscor|11/100 tox|[from] Salt Cure
|upkeep
|turn|19
|
|t:|1760419176
|move|p1a: Gliscor|Earthquake|p2a: Himalayan Salt
|-supereffective|p2a: Himalayan Salt
|-damage|p2a: Himalayan Salt|30/100
|move|p2a: Himalayan Salt|Salt Cure|p1a: Gliscor
|-damage|p1a: Gliscor|0 fnt
|faint|p1a: Gliscor
|
|-heal|p2a: Himalayan Salt|37/100|[from] item: Leftovers
|upkeep
|
|t:|1760419179
|switch|p1a: Primarina|Primarina, F|42/100 par
|-damage|p1a: Primarina|30/100 par|[from] Stealth Rock
|turn|20
|
|t:|1760419187
|-terastallize|p1a: Primarina|Fairy
|move|p2a: Himalayan Salt|Salt Cure|p1a: Primarina
|-damage|p1a: Primarina|10/100 par
|-start|p1a: Primarina|Salt Cure
|move|p1a: Primarina|Draining Kiss|p2a: Himalayan Salt
|-damage|p2a: Himalayan Salt|0 fnt
|-heal|p1a: Primarina|35/100 par|[from] drain|[of] p2a: Himalayan Salt
|faint|p2a: Himalayan Salt
|
|-damage|p1a: Primarina|23/100 par|[from] Salt Cure
|upkeep
|
|t:|1760419198
|switch|p2a: Joker 2019|Quaquaval, F|100/100
|turn|21
|inactive|nome777 has 120 seconds left.
|
|t:|1760419241
|-terastallize|p2a: Joker 2019|Water
|move|p2a: Joker 2019|Aqua Step|p1a: Primarina
|-damage|p1a: Primarina|0 fnt
|-boost|p2a: Joker 2019|spe|1
|faint|p1a: Primarina
|-ability|p2a: Joker 2019|Moxie|boost
|-boost|p2a: Joker 2019|atk|1
|
|upkeep
|
|t:|1760419246
|switch|p1a: Moltres|Moltres|100/100
|turn|22
|
|t:|1760419251
|move|p2a: Joker 2019|Aqua Step|p1a: Moltres
|-supereffective|p1a: Moltres
|-damage|p1a: Moltres|0 fnt
|-boost|p2a: Joker 2019|spe|1
|faint|p1a: Moltres
|-ability|p2a: Joker 2019|Moxie|boost
|-boost|p2a: Joker 2019|atk|1
|
|upkeep
|inactive|nome777 has 120 seconds left.
|
|t:|1760419260
|switch|p1a: Dragapult|Dragapult, M|88/100
|-damage|p1a: Dragapult|76/100|[from] Stealth Rock
|turn|23
|
|t:|1760419265
|move|p2a: Joker 2019|Triple Axel|p1a: Dragapult
|-supereffective|p1a: Dragapult
|-damage|p1a: Dragapult|37/100
|-supereffective|p1a: Dragapult
|-damage|p1a: Dragapult|0 fnt
|faint|p1a: Dragapult
|-ability|p2a: Joker 2019|Moxie|boost
|-boost|p2a: Joker 2019|atk|1
|-hitcount|p1: Dragapult|2
|
|upkeep
|-message|nome777 forfeited.
|
|win|DomCat
|raw|nome777's rating: 1360 &rarr; <strong>1341</strong><br />(-19 for losing)
|raw|DomCat's rating: 1386 &rarr; <strong>1405</strong><br />(+19 for winning)
|l|☆nome777
|player|p1|
