|j|☆saibayman
|j|☆soifon12
|t:|1760332393
|gametype|singles
|player|p1|saibayman|170|1429
|player|p2|soifon12|parasollady|1393
|gen|9
|tier|[Gen 9] OU
|rated|
|rule|HP Percentage Mod: HP is shown in percentages
|rule|Endless Battle Clause: Forcing endless battles is banned
|rule|Species Clause: Limit one of each Pokémon
|rule|OHKO Clause: OHKO moves are banned
|rule|Evasion Items Clause: Evasion items are banned
|rule|Evasion Moves Clause: Evasion moves are banned
|rule|Evasion Abilities Clause: Evasion abilities are banned
|rule|Sleep Moves Clause: Sleep-inducing moves are banned
|clearpoke
|poke|p1|Metagross|
|poke|p1|Great Tusk|
|poke|p1|Slowking-Galar, F|
|poke|p1|Dragapult, M|
|poke|p1|Meowscarada, M|
|poke|p1|Zapdos|
|poke|p2|Kingambit, F|
|poke|p2|Cinderace, F|
|poke|p2|Landorus-Therian, M|
|poke|p2|Iron Valiant|
|poke|p2|Kyurem|
|poke|p2|Slowking-Galar, M|
|teampreview
|inactive|Battle timer is ON: inactive players will automatically lose when time's up. (requested by saibayman)
|
|t:|1760332406
|teamsize|p1|6
|teamsize|p2|6
|start
|switch|p1a: Slowking|Slowking-Galar, F|100/100
|switch|p2a: Landorus|Landorus-Therian, M, shiny|100/100
|-ability|p2a: Landorus|Intimidate|boost
|-unboost|p1a: Slowking|atk|1
|turn|1
|
|t:|1760332425
|-terastallize|p1a: Slowking|Flying
|move|p2a: Landorus|U-turn|p1a: Slowking
|-resisted|p1a: Slowking
|-crit|p1a: Slowking
|-damage|p1a: Slowking|84/100
|
|t:|1760332429
|switch|p2a: Slowking|Slowking-Galar, M, shiny|100/100|[from] U-turn
|move|p1a: Slowking|Ice Beam|p2a: Slowking
|-damage|p2a: Slowking|83/100
|
|upkeep
|turn|2
|
|t:|1760332437
|move|p1a: Slowking|Psyshock|p2a: Slowking
|-damage|p2a: Slowking|43/100
|-prepare|p2a: Slowking|Chilly Reception|[premajor]
|move|p2a: Slowking|Chilly Reception|p2a: Slowking
|-weather|Snowscape
|
|t:|1760332441
|switch|p2a: Kyurem|Kyurem, shiny|100/100|[from] Chilly Reception
|-ability|p2a: Kyurem|Pressure
|
|-weather|Snowscape|[upkeep]
|upkeep
|turn|3
|
|t:|1760332455
|switch|p1a: Metagross|Metagross|100/100
|move|p2a: Kyurem|Freeze-Dry|p1a: Metagross
|-resisted|p1a: Metagross
|-damage|p1a: Metagross|82/100
|
|-weather|Snowscape|[upkeep]
|upkeep
|turn|4
|
|t:|1760332464
|move|p2a: Kyurem|Protect|p2a: Kyurem
|-singleturn|p2a: Kyurem|Protect
|move|p1a: Metagross|Bullet Punch|p2a: Kyurem
|-activate|p2a: Kyurem|move: Protect
|
|-weather|Snowscape|[upkeep]
|upkeep
|turn|5
|
|t:|1760332471
|switch|p2a: Landorus|Landorus-Therian, M, shiny|100/100
|-ability|p2a: Landorus|Intimidate|boost
|-fail|p1a: Metagross|unboost|[from] ability: Clear Body|[of] p1a: Metagross
|move|p1a: Metagross|Bullet Punch|p2a: Landorus
|-damage|p2a: Landorus|86/100
|-damage|p1a: Metagross|65/100|[from] item: Rocky Helmet|[of] p2a: Landorus
|
|-weather|Snowscape|[upkeep]
|upkeep
|turn|6
|
|t:|1760332480
|move|p2a: Landorus|U-turn|p1a: Metagross
|-damage|p1a: Metagross|53/100
|-damage|p2a: Landorus|69/100|[from] item: Rocky Helmet|[of] p1a: Metagross
|
|t:|1760332485
|switch|p2a: Kingambit|Kingambit, F|100/100|[from] U-turn
|move|p1a: Metagross|Stealth Rock|p2a: Kingambit
|-sidestart|p2: soifon12|move: Stealth Rock
|
|-weather|none
|upkeep
|turn|7
|
|t:|1760332496
|switch|p1a: Great Tusk|Great Tusk|100/100
|move|p2a: Kingambit|Kowtow Cleave|p1a: Great Tusk
|-resisted|p1a: Great Tusk
|-damage|p1a: Great Tusk|89/100
|
|-heal|p1a: Great Tusk|96/100|[from] item: Leftovers
|upkeep
|turn|8
|
|t:|1760332505
|-end|p2a: Kingambit|fallenundefined|[silent]
|switch|p2a: Landorus|Landorus-Therian, M, shiny|69/100
|-damage|p2a: Landorus|57/100|[from] Stealth Rock
|-ability|p2a: Landorus|Intimidate|boost
|-unboost|p1a: Great Tusk|atk|1
|move|p1a: Great Tusk|Rapid Spin|p2a: Landorus
|-damage|p2a: Landorus|47/100
|-boost|p1a: Great Tusk|spe|1
|-damage|p1a: Great Tusk|79/100|[from] item: Rocky Helmet|[of] p2a: Landorus
|
|-heal|p1a: Great Tusk|85/100|[from] item: Leftovers
|upkeep
|turn|9
|
|t:|1760332519
|move|p1a: Great Tusk|Rapid Spin|p2a: Landorus
|-damage|p2a: Landorus|39/100
|-boost|p1a: Great Tusk|spe|1
|-damage|p1a: Great Tusk|69/100|[from] item: Rocky Helmet|[of] p2a: Landorus
|move|p2a: Landorus|U-turn|p1a: Great Tusk
|-resisted|p1a: Great Tusk
|-damage|p1a: Great Tusk|64/100
|
|t:|1760332536
|switch|p2a: Kingambit|Kingambit, F|100/100|[from] U-turn
|-damage|p2a: Kingambit|94/100|[from] Stealth Rock
|
|-heal|p1a: Great Tusk|70/100|[from] item: Leftovers
|-heal|p2a: Kingambit|100/100|[from] item: Leftovers
|upkeep
|turn|10
|
|t:|1760332544
|-end|p2a: Kingambit|fallenundefined|[silent]
|switch|p2a: Landorus|Landorus-Therian, M, shiny|39/100
|-damage|p2a: Landorus|26/100|[from] Stealth Rock
|-ability|p2a: Landorus|Intimidate|boost
|-unboost|p1a: Great Tusk|atk|1
|move|p1a: Great Tusk|Bulk Up|p1a: Great Tusk
|-boost|p1a: Great Tusk|atk|1
|-boost|p1a: Great Tusk|def|1
|
|-heal|p1a: Great Tusk|76/100|[from] item: Leftovers
|upkeep
|turn|11
|
|t:|1760332555
|move|p1a: Great Tusk|Bulk Up|p1a: Great Tusk
|-boost|p1a: Great Tusk|atk|1
|-boost|p1a: Great Tusk|def|1
|move|p2a: Landorus|Rock Tomb|p1a: Great Tusk
|-resisted|p1a: Great Tusk
|-damage|p1a: Great Tusk|75/100
|-unboost|p1a: Great Tusk|spe|1
|
|-heal|p1a: Great Tusk|81/100|[from] item: Leftovers
|upkeep
|turn|12
|
|t:|1760332566
|move|p1a: Great Tusk|Rapid Spin|p2a: Landorus
|-crit|p2a: Landorus
|-damage|p2a: Landorus|5/100
|-boost|p1a: Great Tusk|spe|1
|-damage|p1a: Great Tusk|65/100|[from] item: Rocky Helmet|[of] p2a: Landorus
|move|p2a: Landorus|Rock Tomb|p1a: Great Tusk
|-resisted|p1a: Great Tusk
|-damage|p1a: Great Tusk|64/100
|-unboost|p1a: Great Tusk|spe|1
|
|-heal|p1a: Great Tusk|70/100|[from] item: Leftovers
|upkeep
|turn|13
|
|t:|1760332578
|move|p1a: Great Tusk|Rapid Spin|p2a: Landorus
|-damage|p2a: Landorus|0 fnt
|-boost|p1a: Great Tusk|spe|1
|-damage|p1a: Great Tusk|53/100|[from] item: Rocky Helmet|[of] p2a: Landorus
|faint|p2a: Landorus
|
|-heal|p1a: Great Tusk|60/100|[from] item: Leftovers
|upkeep
|
|t:|1760332582
|switch|p2a: Iron Valiant|Iron Valiant|100/100
|-damage|p2a: Iron Valiant|94/100|[from] Stealth Rock
|-enditem|p2a: Iron Valiant|Booster Energy
|-activate|p2a: Iron Valiant|ability: Quark Drive|[fromitem]
|-start|p2a: Iron Valiant|quarkdrivespe
|turn|14
|
|t:|1760332593
|-end|p1a: Great Tusk|Protosynthesis|[silent]
|switch|p1a: Metagross|Metagross|53/100
|move|p2a: Iron Valiant|Moonblast|p1a: Metagross
|-resisted|p1a: Metagross
|-damage|p1a: Metagross|31/100
|
|upkeep
|turn|15
|
|t:|1760332606
|-end|p2a: Iron Valiant|Quark Drive|[silent]
|switch|p2a: Cinderace|Cinderace, F, shiny|100/100
|move|p1a: Metagross|Bullet Punch|p2a: Cinderace
|-resisted|p2a: Cinderace
|-damage|p2a: Cinderace|91/100
|
|upkeep
|turn|16
|
|t:|1760332618
|move|p2a: Cinderace|Court Change|p2a: Cinderace
|-swapsideconditions
|-activate|p2a: Cinderace|move: Court Change
|move|p1a: Metagross|Explosion|p2a: Cinderace
|-damage|p2a: Cinderace|1/100
|faint|p1a: Metagross
|
|upkeep
|
|t:|1760332625
|switch|p1a: Great Tusk|Great Tusk|60/100
|-damage|p1a: Great Tusk|57/100|[from] Stealth Rock
|turn|17
|
|t:|1760332652
|move|p2a: Cinderace|Pyro Ball|p1a: Great Tusk
|-damage|p1a: Great Tusk|23/100
|move|p1a: Great Tusk|Rapid Spin|p2a: Cinderace
|-damage|p2a: Cinderace|0 fnt
|-boost|p1a: Great Tusk|spe|1
|-sideend|p1: saibayman|Stealth Rock|[from] move: Rapid Spin|[of] p1a: Great Tusk
|faint|p2a: Cinderace
|
|-heal|p1a: Great Tusk|29/100|[from] item: Leftovers
|upkeep
|inactive|soifon12 has 120 seconds left.
|
|t:|1760332675
|switch|p2a: Iron Valiant|Iron Valiant|94/100
|turn|18
|
|t:|1760332689
|-end|p1a: Great Tusk|Protosynthesis|[silent]
|switch|p1a: Slowking|Slowking-Galar, F, tera:Flying|100/100
|move|p2a: Iron Valiant|Moonblast|p1a: Slowking
|-damage|p1a: Slowking|75/100
|
|upkeep
|turn|19
|inactive|soifon12 has 120 seconds left.
|
|t:|1760332699
|-end|p2a: Iron Valiant|Quark Drive|[silent]
|switch|p2a: Slowking|Slowking-Galar, M, shiny|77/100
|move|p1a: Slowking|Fire Blast|p2a: Slowking
|-crit|p2a: Slowking
|-damage|p2a: Slowking|42/100
|
|upkeep
|turn|20
|
|t:|1760332708
|switch|p2a: Kingambit|Kingambit, F|100/100
|-activate|p2a: Kingambit|ability: Supreme Overlord
|-start|p2a: Kingambit|fallen2|[silent]
|move|p1a: Slowking|Psyshock|p2a: Kingambit
|-immune|p2a: Kingambit
|
|upkeep
|turn|21
|
|t:|1760332716
|switch|p1a: Great Tusk|Great Tusk|29/100
|move|p2a: Kingambit|Swords Dance|p2a: Kingambit
|-boost|p2a: Kingambit|atk|2
|
|-heal|p1a: Great Tusk|35/100|[from] item: Leftovers
|upkeep
|turn|22
|
|t:|1760332724
|-terastallize|p2a: Kingambit|Flying
|move|p1a: Great Tusk|Body Press|p2a: Kingambit
|-resisted|p2a: Kingambit
|-damage|p2a: Kingambit|82/100
|move|p2a: Kingambit|Kowtow Cleave|p1a: Great Tusk
|-resisted|p1a: Great Tusk
|-damage|p1a: Great Tusk|8/100
|
|-heal|p1a: Great Tusk|14/100|[from] item: Leftovers
|-heal|p2a: Kingambit|88/100|[from] item: Leftovers
|upkeep
|turn|23
|
|t:|1760332742
|move|p1a: Great Tusk|Body Press|p2a: Kingambit
|-resisted|p2a: Kingambit
|-damage|p2a: Kingambit|68/100
|move|p2a: Kingambit|Iron Head|p1a: Great Tusk
|-damage|p1a: Great Tusk|0 fnt
|faint|p1a: Great Tusk
|-end|p1a: Great Tusk|Protosynthesis|[silent]
|
|-heal|p2a: Kingambit|74/100|[from] item: Leftovers
|upkeep
|
|t:|1760332752
|switch|p1a: Zapdos|Zapdos|100/100
|turn|24
|
|t:|1760332758
|-end|p2a: Kingambit|fallen2|[silent]
|switch|p2a: Slowking|Slowking-Galar, M, shiny|75/100
|move|p1a: Zapdos|Volt Switch|p2a: Slowking
|-damage|p2a: Slowking|44/100
|
|t:|1760332766
|switch|p1a: Meowscarada|Meowscarada, M|100/100|[from] Volt Switch
|
|upkeep
|turn|25
|
|t:|1760332774
|move|p1a: Meowscarada|Knock Off|p2a: Slowking
|-start|p1a: Meowscarada|typechange|Dark|[from] ability: Protean
|-supereffective|p2a: Slowking
|-damage|p2a: Slowking|0 fnt
|-enditem|p2a: Slowking|Heavy-Duty Boots|[from] move: Knock Off|[of] p1a: Meowscarada
|faint|p2a: Slowking
|
|upkeep
|
|t:|1760332781
|switch|p2a: Iron Valiant|Iron Valiant|94/100
|turn|26
|
|t:|1760332789
|switch|p1a: Slowking|Slowking-Galar, F, tera:Flying|100/100
|-end|p2a: Iron Valiant|Quark Drive|[silent]
|switch|p2a: Kyurem|Kyurem, shiny|100/100
|-ability|p2a: Kyurem|Pressure
|
|upkeep
|turn|27
|
|t:|1760332798
|move|p2a: Kyurem|Substitute|p2a: Kyurem
|-start|p2a: Kyurem|Substitute
|-damage|p2a: Kyurem|76/100
|move|p1a: Slowking|Sludge Bomb|p2a: Kyurem
|-end|p2a: Kyurem|Substitute
|
|-heal|p2a: Kyurem|82/100|[from] item: Leftovers
|upkeep
|turn|28
|
|t:|1760332810
|move|p2a: Kyurem|Protect|p2a: Kyurem
|-singleturn|p2a: Kyurem|Protect
|move|p1a: Slowking|Sludge Bomb|p2a: Kyurem
|-activate|p2a: Kyurem|move: Protect
|
|-heal|p2a: Kyurem|88/100|[from] item: Leftovers
|upkeep
|turn|29
|
|t:|1760332818
|move|p2a: Kyurem|Freeze-Dry|p1a: Slowking
|-supereffective|p1a: Slowking
|-damage|p1a: Slowking|64/100
|move|p1a: Slowking|Sludge Bomb|p2a: Kyurem
|-damage|p2a: Kyurem|46/100
|
|-heal|p2a: Kyurem|52/100|[from] item: Leftovers
|upkeep
|turn|30
|
|t:|1760332828
|switch|p1a: Meowscarada|Meowscarada, M|100/100
|move|p2a: Kyurem|Protect||[still]
|-fail|p2a: Kyurem
|
|-heal|p2a: Kyurem|58/100|[from] item: Leftovers
|upkeep
|turn|31
|
|t:|1760332836
|move|p2a: Kyurem|Protect|p2a: Kyurem
|-singleturn|p2a: Kyurem|Protect
|move|p1a: Meowscarada|Play Rough|p2a: Kyurem
|-start|p1a: Meowscarada|typechange|Fairy|[from] ability: Protean
|-activate|p2a: Kyurem|move: Protect
|
|-heal|p2a: Kyurem|64/100|[from] item: Leftovers
|upkeep
|turn|32
|
|t:|1760332853
|move|p1a: Meowscarada|Play Rough|p2a: Kyurem|[miss]
|-miss|p1a: Meowscarada|p2a: Kyurem
|move|p2a: Kyurem|Freeze-Dry|p1a: Meowscarada
|-damage|p1a: Meowscarada|46/100
|
|-heal|p2a: Kyurem|70/100|[from] item: Leftovers
|upkeep
|turn|33
|
|t:|1760332862
|move|p2a: Kyurem|Protect|p2a: Kyurem
|-singleturn|p2a: Kyurem|Protect
|move|p1a: Meowscarada|Play Rough|p2a: Kyurem
|-activate|p2a: Kyurem|move: Protect
|
|-heal|p2a: Kyurem|77/100|[from] item: Leftovers
|upkeep
|turn|34
|
|t:|1760332877
|move|p1a: Meowscarada|Play Rough|p2a: Kyurem
|-supereffective|p2a: Kyurem
|-damage|p2a: Kyurem|0 fnt
|faint|p2a: Kyurem
|
|upkeep
|
|t:|1760332885
|switch|p2a: Kingambit|Kingambit, F, tera:Flying|74/100
|-activate|p2a: Kingambit|ability: Supreme Overlord
|-start|p2a: Kingambit|fallen4|[silent]
|turn|35
|
|t:|1760332897
|move|p1a: Meowscarada|Knock Off|p2a: Kingambit
|-damage|p2a: Kingambit|52/100
|-enditem|p2a: Kingambit|Leftovers|[from] move: Knock Off|[of] p1a: Meowscarada
|move|p2a: Kingambit|Swords Dance|p2a: Kingambit
|-boost|p2a: Kingambit|atk|2
|
|upkeep
|turn|36
|
|t:|1760332906
|move|p1a: Meowscarada|Play Rough|p2a: Kingambit
|-damage|p2a: Kingambit|22/100
|-unboost|p2a: Kingambit|atk|1
|move|p2a: Kingambit|Kowtow Cleave|p1a: Meowscarada
|-resisted|p1a: Meowscarada
|-damage|p1a: Meowscarada|0 fnt
|faint|p1a: Meowscarada
|
|upkeep
|
|t:|1760332915
|switch|p1a: Zapdos|Zapdos|100/100
|turn|37
|
|t:|1760332918
|move|p2a: Kingambit|Sucker Punch|p1a: Zapdos
|-damage|p1a: Zapdos|1/100
|move|p1a: Zapdos|Thunderbolt|p2a: Kingambit
|-supereffective|p2a: Kingambit
|-damage|p2a: Kingambit|0 fnt
|faint|p2a: Kingambit
|-end|p2a: Kingambit|fallen4|[silent]
|
|upkeep
|
|t:|1760332921
|switch|p2a: Iron Valiant|Iron Valiant|94/100
|turn|38
|
|t:|1760332928
|move|p2a: Iron Valiant|Calm Mind|p2a: Iron Valiant
|-boost|p2a: Iron Valiant|spa|1
|-boost|p2a: Iron Valiant|spd|1
|move|p1a: Zapdos|Thunderbolt|p2a: Iron Valiant
|-crit|p2a: Iron Valiant
|-damage|p2a: Iron Valiant|0 fnt
|faint|p2a: Iron Valiant
|-end|p2a: Iron Valiant|Quark Drive|[silent]
|
|win|saibayman
|raw|saibayman's rating: 1429 &rarr; <strong>1447</strong><br />(+18 for winning)
|raw|soifon12's rating: 1393 &rarr; <strong>1375</strong><br />(-18 for losing)
|l|☆saibayman
|player|p1|
|l|☆soifon12
|player|p2|
