|j|☆Fermmin
|j|☆Thefourdolf
|t:|1760453555
|gametype|singles
|player|p1|Fermmin|rood|1447
|player|p2|Thefourdolf|265|1418
|gen|9
|tier|[Gen 9] OU
|rated|
|rule|HP Percentage Mod: HP is shown in percentages
|rule|Endless Battle Clause: Forcing endless battles is banned
|rule|Species Clause: Limit one of each Pokémon
|rule|OHKO Clause: OHKO moves are banned
|rule|Evasion Items Clause: Evasion items are banned
|rule|Evasion Moves Clause: Evasion moves are banned
|rule|Evasion Abilities Clause: Evasion abilities are banned
|rule|Sleep Moves Clause: Sleep-inducing moves are banned
|clearpoke
|poke|p1|Torterra, M|
|poke|p1|Grimmsnarl, M|
|poke|p1|Pecharunt|
|poke|p1|Great Tusk|
|poke|p1|Raging Bolt|
|poke|p1|Scizor, M|
|poke|p2|Landorus-Therian, M|
|poke|p2|Hydrapple, M|
|poke|p2|Gholdengo|
|poke|p2|Ogerpon-Wellspring, F|
|poke|p2|Darkrai|
|poke|p2|Slowking-Galar, F|
|teampreview
|inactive|Battle timer is ON: inactive players will automatically lose when time's up. (requested by Thefourdolf)
|
|t:|1760453564
|teamsize|p1|6
|teamsize|p2|6
|start
|switch|p1a: Grimmsnarl|Grimmsnarl, M|100/100
|switch|p2a: Slowking|Slowking-Galar, F|100/100
|turn|1
|j| Bblitzy
|inactive|Fermmin has 120 seconds left.
|l| Bblitzy
|inactive|Fermmin has 90 seconds left.
|
|t:|1760453626
|move|p1a: Grimmsnarl|Light Screen|p1a: Grimmsnarl
|-sidestart|p1: Fermmin|move: Light Screen
|move|p2a: Slowking|Future Sight|p1a: Grimmsnarl
|-start|p2a: Slowking|move: Future Sight
|
|upkeep
|turn|2
|
|t:|1760453640
|move|p1a: Grimmsnarl|Reflect|p1a: Grimmsnarl
|-sidestart|p1: Fermmin|Reflect
|move|p2a: Slowking|Toxic Spikes|p1a: Grimmsnarl
|-sidestart|p1: Fermmin|move: Toxic Spikes
|
|upkeep
|turn|3
|
|t:|1760453645
|move|p1a: Grimmsnarl|Parting Shot|p2a: Slowking
|-unboost|p2a: Slowking|atk|1
|-unboost|p2a: Slowking|spa|1
|
|t:|1760453649
|switch|p1a: Scizor|Scizor, M|100/100|[from] Parting Shot
|-prepare|p2a: Slowking|Chilly Reception|[premajor]
|move|p2a: Slowking|Chilly Reception|p2a: Slowking
|-weather|Snowscape
|
|t:|1760453661
|switch|p2a: Gholdengo|Gholdengo|100/100|[from] Chilly Reception
|-item|p2a: Gholdengo|Air Balloon
|
|-weather|Snowscape|[upkeep]
|-end|p1a: Scizor|move: Future Sight
|-resisted|p1a: Scizor
|-damage|p1a: Scizor|85/100
|upkeep
|turn|4
|
|t:|1760453665
|move|p1a: Scizor|Knock Off|p2a: Gholdengo
|-supereffective|p2a: Gholdengo
|-damage|p2a: Gholdengo|26/100
|-enditem|p2a: Gholdengo|Air Balloon
|-damage|p1a: Scizor|75/100|[from] item: Life Orb
|move|p2a: Gholdengo|Thunder Wave|p1a: Scizor
|-status|p1a: Scizor|par
|
|-weather|Snowscape|[upkeep]
|upkeep
|turn|5
|
|t:|1760453675
|move|p2a: Gholdengo|Recover|p2a: Gholdengo
|-heal|p2a: Gholdengo|76/100
|move|p1a: Scizor|Swords Dance|p1a: Scizor
|-boost|p1a: Scizor|atk|2
|
|-weather|Snowscape|[upkeep]
|upkeep
|turn|6
|
|t:|1760453679
|move|p2a: Gholdengo|Hex|p1a: Scizor
|-damage|p1a: Scizor|34/100 par
|move|p1a: Scizor|Knock Off|p2a: Gholdengo
|-supereffective|p2a: Gholdengo
|-damage|p2a: Gholdengo|0 fnt
|faint|p2a: Gholdengo
|-damage|p1a: Scizor|24/100 par|[from] item: Life Orb
|
|-weather|Snowscape|[upkeep]
|upkeep
|
|t:|1760453684
|switch|p2a: Ogerpon|Ogerpon-Wellspring, F|100/100
|turn|7
|
|t:|1760453691
|cant|p1a: Scizor|par
|move|p2a: Ogerpon|Ivy Cudgel|p1a: Scizor|[anim] Ivy Cudgel Water
|-damage|p1a: Scizor|0 fnt
|faint|p1a: Scizor
|
|-weather|none
|upkeep
|
|t:|1760453697
|switch|p1a: Pecharunt|Pecharunt|100/100
|-item|p1a: Pecharunt|Air Balloon
|turn|8
|
|t:|1760453703
|switch|p2a: Slowking|Slowking-Galar, F|100/100
|move|p1a: Pecharunt|Malignant Chain|p2a: Slowking
|-resisted|p2a: Slowking
|-damage|p2a: Slowking|91/100
|
|-sideend|p1: Fermmin|move: Light Screen
|upkeep
|turn|9
|
|t:|1760453709
|move|p1a: Pecharunt|Shadow Ball|p2a: Slowking
|-supereffective|p2a: Slowking
|-damage|p2a: Slowking|60/100
|move|p2a: Slowking|Toxic Spikes|p1a: Pecharunt
|-sidestart|p1: Fermmin|move: Toxic Spikes
|
|-sideend|p1: Fermmin|Reflect
|upkeep
|turn|10
|
|t:|1760453719
|move|p1a: Pecharunt|Malignant Chain|p2a: Slowking
|-resisted|p2a: Slowking
|-damage|p2a: Slowking|51/100
|move|p2a: Slowking|Future Sight|p1a: Pecharunt
|-start|p2a: Slowking|move: Future Sight
|
|upkeep
|turn|11
|
|t:|1760453723
|switch|p1a: Great Tusk|Great Tusk|100/100
|-status|p1a: Great Tusk|tox
|-enditem|p1a: Great Tusk|Booster Energy
|-activate|p1a: Great Tusk|ability: Protosynthesis|[fromitem]
|-start|p1a: Great Tusk|protosynthesisspe
|-prepare|p2a: Slowking|Chilly Reception|[premajor]
|move|p2a: Slowking|Chilly Reception|p2a: Slowking
|-weather|Snowscape
|inactive|Thefourdolf has 120 seconds left.
|
|t:|1760453762
|switch|p2a: Ogerpon|Ogerpon-Wellspring, F|100/100|[from] Chilly Reception
|
|-weather|Snowscape|[upkeep]
|-damage|p1a: Great Tusk|94/100 tox|[from] psn
|upkeep
|turn|12
|
|t:|1760453768
|move|p1a: Great Tusk|Rapid Spin|p2a: Ogerpon
|-damage|p2a: Ogerpon|82/100
|-boost|p1a: Great Tusk|spe|1
|-sideend|p1: Fermmin|Toxic Spikes|[from] move: Rapid Spin|[of] p1a: Great Tusk
|move|p2a: Ogerpon|Ivy Cudgel|p1a: Great Tusk|[anim] Ivy Cudgel Water
|-supereffective|p1a: Great Tusk
|-damage|p1a: Great Tusk|26/100 tox
|
|-weather|Snowscape|[upkeep]
|-end|p1a: Great Tusk|move: Future Sight
|-supereffective|p1a: Great Tusk
|-damage|p1a: Great Tusk|0 fnt
|faint|p1a: Great Tusk
|-end|p1a: Great Tusk|Protosynthesis|[silent]
|upkeep
|
|t:|1760453782
|switch|p1a: Torterra|Torterra, M|100/100
|turn|13
|
|t:|1760453798
|move|p2a: Ogerpon|Ivy Cudgel|p1a: Torterra|[anim] Ivy Cudgel Water
|-damage|p1a: Torterra|39/100
|move|p1a: Torterra|Shell Smash|p1a: Torterra
|-unboost|p1a: Torterra|def|1
|-unboost|p1a: Torterra|spd|1
|-boost|p1a: Torterra|atk|2
|-boost|p1a: Torterra|spa|2
|-boost|p1a: Torterra|spe|2
|
|-weather|Snowscape|[upkeep]
|upkeep
|turn|14
|
|t:|1760453804
|switch|p2a: Landorus|Landorus-Therian, M|100/100
|-ability|p2a: Landorus|Intimidate|boost
|-unboost|p1a: Torterra|atk|1
|move|p1a: Torterra|Bullet Seed|p2a: Landorus
|-damage|p2a: Landorus|83/100
|-damage|p2a: Landorus|66/100
|-damage|p2a: Landorus|49/100
|-damage|p2a: Landorus|33/100
|-hitcount|p2a: Landorus|4
|
|-weather|Snowscape|[upkeep]
|upkeep
|turn|15
|
|t:|1760453807
|move|p1a: Torterra|Bullet Seed|p2a: Landorus
|-damage|p2a: Landorus|16/100
|-damage|p2a: Landorus|0 fnt
|faint|p2a: Landorus
|-hitcount|p2: Landorus|2
|
|-weather|none
|upkeep
|
|t:|1760453809
|switch|p2a: Hydrapple|Hydrapple, M|100/100
|turn|16
|
|t:|1760453814
|switch|p1a: Grimmsnarl|Grimmsnarl, M|100/100
|move|p2a: Hydrapple|Fickle Beam|p1a: Grimmsnarl
|-immune|p1a: Grimmsnarl
|
|upkeep
|turn|17
|
|t:|1760453821
|switch|p2a: Slowking|Slowking-Galar, F|85/100
|move|p1a: Grimmsnarl|Spirit Break|p2a: Slowking
|-resisted|p2a: Slowking
|-damage|p2a: Slowking|69/100
|-unboost|p2a: Slowking|spa|1
|
|upkeep
|turn|18
|
|t:|1760453827
|move|p1a: Grimmsnarl|Light Screen|p1a: Grimmsnarl
|-sidestart|p1: Fermmin|move: Light Screen
|-prepare|p2a: Slowking|Chilly Reception|[premajor]
|move|p2a: Slowking|Chilly Reception|p2a: Slowking
|-weather|Snowscape
|
|t:|1760453836
|switch|p2a: Darkrai|Darkrai|100/100|[from] Chilly Reception
|
|-weather|Snowscape|[upkeep]
|upkeep
|turn|19
|
|t:|1760453845
|switch|p2a: Slowking|Slowking-Galar, F|100/100
|move|p1a: Grimmsnarl|Spirit Break|p2a: Slowking
|-resisted|p2a: Slowking
|-damage|p2a: Slowking|85/100
|-unboost|p2a: Slowking|spa|1
|
|-weather|Snowscape|[upkeep]
|upkeep
|turn|20
|
|t:|1760453852
|move|p1a: Grimmsnarl|Reflect|p1a: Grimmsnarl
|-sidestart|p1: Fermmin|Reflect
|move|p2a: Slowking|Future Sight|p1a: Grimmsnarl
|-start|p2a: Slowking|move: Future Sight
|
|-weather|Snowscape|[upkeep]
|upkeep
|turn|21
|
|t:|1760453857
|move|p1a: Grimmsnarl|Parting Shot|p2a: Slowking
|-unboost|p2a: Slowking|atk|1
|-unboost|p2a: Slowking|spa|1
|
|t:|1760453859
|switch|p1a: Torterra|Torterra, M|39/100|[from] Parting Shot
|-prepare|p2a: Slowking|Chilly Reception|[premajor]
|move|p2a: Slowking|Chilly Reception|p2a: Slowking
|
|t:|1760453877
|switch|p2a: Hydrapple|Hydrapple, M|100/100|[from] Chilly Reception
|
|-weather|Snowscape|[upkeep]
|upkeep
|turn|22
|
|t:|1760453881
|move|p1a: Torterra|Rock Blast|p2a: Hydrapple
|-damage|p2a: Hydrapple|96/100
|-damage|p2a: Hydrapple|91/100
|-damage|p2a: Hydrapple|87/100
|-damage|p2a: Hydrapple|82/100
|-damage|p2a: Hydrapple|78/100
|-hitcount|p2a: Hydrapple|5
|move|p2a: Hydrapple|Giga Drain|p1a: Torterra
|-damage|p1a: Torterra|20/100
|-heal|p2a: Hydrapple|85/100|[from] drain|[of] p1a: Torterra
|
|-weather|none
|-end|p1a: Torterra|move: Future Sight
|-damage|p1a: Torterra|0 fnt
|faint|p1a: Torterra
|upkeep
|
|t:|1760453885
|switch|p1a: Pecharunt|Pecharunt|100/100
|-item|p1a: Pecharunt|Air Balloon
|turn|23
|
|t:|1760453890
|switch|p2a: Slowking|Slowking-Galar, F|100/100
|move|p1a: Pecharunt|Nasty Plot|p1a: Pecharunt
|-boost|p1a: Pecharunt|spa|2
|
|upkeep
|turn|24
|
|t:|1760453895
|move|p1a: Pecharunt|Nasty Plot|p1a: Pecharunt
|-boost|p1a: Pecharunt|spa|2
|move|p2a: Slowking|Future Sight|p1a: Pecharunt
|-start|p2a: Slowking|move: Future Sight
|
|upkeep
|turn|25
|
|t:|1760453906
|move|p1a: Pecharunt|Nasty Plot|p1a: Pecharunt
|-boost|p1a: Pecharunt|spa|2
|-prepare|p2a: Slowking|Chilly Reception|[premajor]
|move|p2a: Slowking|Chilly Reception|p2a: Slowking
|-weather|Snowscape
|
|t:|1760453913
|switch|p2a: Darkrai|Darkrai|100/100|[from] Chilly Reception
|
|-weather|Snowscape|[upkeep]
|-sideend|p1: Fermmin|move: Light Screen
|upkeep
|turn|26
|
|t:|1760453919
|-terastallize|p1a: Pecharunt|Dark
|move|p2a: Darkrai|Dark Pulse|p1a: Pecharunt
|-resisted|p1a: Pecharunt
|-damage|p1a: Pecharunt|78/100
|-enditem|p1a: Pecharunt|Air Balloon
|cant|p1a: Pecharunt|flinch
|
|-weather|Snowscape|[upkeep]
|-end|p1a: Pecharunt|move: Future Sight
|-immune|p1a: Pecharunt
|upkeep
|turn|27
|
|t:|1760453928
|move|p2a: Darkrai|Ice Beam|p1a: Pecharunt
|-damage|p1a: Pecharunt|46/100
|move|p1a: Pecharunt|Malignant Chain|p2a: Darkrai
|-damage|p2a: Darkrai|0 fnt
|faint|p2a: Darkrai
|
|-weather|Snowscape|[upkeep]
|-sideend|p1: Fermmin|Reflect
|upkeep
|
|t:|1760453932
|switch|p2a: Ogerpon|Ogerpon-Wellspring, F|82/100
|turn|28
|
|t:|1760453934
|-terastallize|p2a: Ogerpon|Water
|detailschange|p2a: Ogerpon|Ogerpon-Wellspring-Tera, F, tera:Water
|-ability|p2a: Ogerpon|Embody Aspect (Wellspring)|boost
|-boost|p2a: Ogerpon|spd|1
|move|p2a: Ogerpon|Ivy Cudgel|p1a: Pecharunt|[anim] Ivy Cudgel Water
|-damage|p1a: Pecharunt|0 fnt
|faint|p1a: Pecharunt
|
|-weather|Snowscape|[upkeep]
|upkeep
|
|t:|1760453943
|switch|p1a: Grimmsnarl|Grimmsnarl, M|100/100
|turn|29
|inactive|Thefourdolf has 120 seconds left.
|
|t:|1760453979
|move|p1a: Grimmsnarl|Reflect|p1a: Grimmsnarl
|-sidestart|p1: Fermmin|Reflect
|move|p2a: Ogerpon|Ivy Cudgel|p1a: Grimmsnarl|[anim] Ivy Cudgel Water
|-damage|p1a: Grimmsnarl|54/100
|
|-weather|none
|upkeep
|turn|30
|inactive|Thefourdolf has 120 seconds left.
|
|t:|1760453986
|move|p1a: Grimmsnarl|Light Screen|p1a: Grimmsnarl
|-sidestart|p1: Fermmin|move: Light Screen
|move|p2a: Ogerpon|Ivy Cudgel|p1a: Grimmsnarl|[anim] Ivy Cudgel Water
|-damage|p1a: Grimmsnarl|5/100
|
|upkeep
|turn|31
|
|t:|1760453992
|move|p1a: Grimmsnarl|Parting Shot|p2a: Ogerpon
|-unboost|p2a: Ogerpon|atk|1
|-unboost|p2a: Ogerpon|spa|1
|
|t:|1760453993
|switch|p1a: Raging Bolt|Raging Bolt|100/100|[from] Parting Shot
|-enditem|p1a: Raging Bolt|Booster Energy
|-activate|p1a: Raging Bolt|ability: Protosynthesis|[fromitem]
|-start|p1a: Raging Bolt|protosynthesisspa
|move|p2a: Ogerpon|Knock Off|p1a: Raging Bolt
|-damage|p1a: Raging Bolt|94/100
|
|upkeep
|turn|32
|
|t:|1760453999
|switch|p2a: Slowking|Slowking-Galar, F|100/100
|move|p1a: Raging Bolt|Thunderbolt|p2a: Slowking
|-damage|p2a: Slowking|61/100
|
|upkeep
|turn|33
|
|t:|1760454003
|move|p1a: Raging Bolt|Calm Mind|p1a: Raging Bolt
|-boost|p1a: Raging Bolt|spa|1
|-boost|p1a: Raging Bolt|spd|1
|move|p2a: Slowking|Sludge Bomb|p1a: Raging Bolt
|-damage|p1a: Raging Bolt|85/100
|
|upkeep
|turn|34
|
|t:|1760454006
|move|p1a: Raging Bolt|Thunderbolt|p2a: Slowking
|-damage|p2a: Slowking|0 fnt
|faint|p2a: Slowking
|
|upkeep
|
|t:|1760454008
|switch|p2a: Hydrapple|Hydrapple, M|100/100
|turn|35
|
|t:|1760454010
|move|p1a: Raging Bolt|Dragon Pulse|p2a: Hydrapple
|-supereffective|p2a: Hydrapple
|-damage|p2a: Hydrapple|0 fnt
|faint|p2a: Hydrapple
|
|upkeep
|-message|Thefourdolf forfeited.
|
|win|Fermmin
|raw|Fermmin's rating: 1447 &rarr; <strong>1465</strong><br />(+18 for winning)
|raw|Thefourdolf's rating: 1418 &rarr; <strong>1400</strong><br />(-18 for losing)
|l|☆Thefourdolf
|player|p2|
|l|☆Fermmin
|player|p1|
