|j|☆Overgame00
|j|☆saintqirex
|t:|1760354761
|gametype|singles
|player|p1|Overgame00|baker|1400
|player|p2|saintqirex|1|1401
|gen|9
|tier|[Gen 9] OU
|rated|
|rule|HP Percentage Mod: HP is shown in percentages
|rule|Endless Battle Clause: Forcing endless battles is banned
|rule|Species Clause: Limit one of each Pokémon
|rule|OHKO Clause: OHKO moves are banned
|rule|Evasion Items Clause: Evasion items are banned
|rule|Evasion Moves Clause: Evasion moves are banned
|rule|Evasion Abilities Clause: Evasion abilities are banned
|rule|Sleep Moves Clause: Sleep-inducing moves are banned
|clearpoke
|poke|p1|Revavroom, M|
|poke|p1|Enamorus, F|
|poke|p1|Cinderace, F|
|poke|p1|Ting-Lu|
|poke|p1|Iron Valiant|
|poke|p1|Iron Moth|
|poke|p2|Meowscarada, M|
|poke|p2|Slowking-Galar, F|
|poke|p2|Zamazenta-*|
|poke|p2|Corviknight, F|
|poke|p2|Kyurem|
|poke|p2|Enamorus, F|
|teampreview
|
|t:|1760354782
|teamsize|p1|6
|teamsize|p2|6
|start
|switch|p1a: Iron Moth|Iron Moth|100/100
|switch|p2a: Slowking|Slowking-Galar, F|100/100
|turn|1
|
|t:|1760354790
|-end|p1a: Iron Moth|Quark Drive|[silent]
|switch|p1a: Revavroom|Revavroom, M|100/100
|move|p2a: Slowking|Thunder Wave|p1a: Revavroom
|-status|p1a: Revavroom|par
|
|upkeep
|turn|2
|
|t:|1760354793
|cant|p1a: Revavroom|par
|-prepare|p2a: Slowking|Chilly Reception|[premajor]
|move|p2a: Slowking|Chilly Reception|p2a: Slowking
|-weather|Snowscape
|
|t:|1760354799
|switch|p2a: Kyurem|Kyurem|100/100|[from] Chilly Reception
|-ability|p2a: Kyurem|Pressure
|
|-weather|Snowscape|[upkeep]
|upkeep
|turn|3
|
|t:|1760354805
|move|p2a: Kyurem|Earth Power|p1a: Revavroom
|-supereffective|p1a: Revavroom
|-damage|p1a: Revavroom|0 fnt
|faint|p1a: Revavroom
|
|-weather|Snowscape|[upkeep]
|upkeep
|
|t:|1760354808
|switch|p1a: Enamorus|Enamorus, F|100/100
|turn|4
|
|t:|1760354817
|switch|p2a: Slowking|Slowking-Galar, F|100/100
|move|p1a: Enamorus|Earth Power|p2a: Slowking
|-supereffective|p2a: Slowking
|-damage|p2a: Slowking|63/100
|
|-weather|Snowscape|[upkeep]
|upkeep
|turn|5
|
|t:|1760354823
|switch|p1a: Ting-Lu|Ting-Lu|100/100
|-ability|p1a: Ting-Lu|Vessel of Ruin
|move|p2a: Slowking|Sludge Bomb|p1a: Ting-Lu
|-resisted|p1a: Ting-Lu
|-damage|p1a: Ting-Lu|92/100
|
|-weather|Snowscape|[upkeep]
|-heal|p1a: Ting-Lu|98/100|[from] item: Leftovers
|upkeep
|turn|6
|
|t:|1760354830
|switch|p2a: Corviknight|Corviknight, F|100/100
|move|p1a: Ting-Lu|Whirlwind|p2a: Corviknight
|drag|p2a: Meowscarada|Meowscarada, M|100/100
|
|-weather|none
|-heal|p1a: Ting-Lu|100/100|[from] item: Leftovers
|upkeep
|turn|7
|
|t:|1760354841
|move|p2a: Meowscarada|Flower Trick|p1a: Ting-Lu
|-start|p2a: Meowscarada|typechange|Grass|[from] ability: Protean
|-supereffective|p1a: Ting-Lu
|-crit|p1a: Ting-Lu
|-damage|p1a: Ting-Lu|29/100
|move|p1a: Ting-Lu|Stealth Rock|p2a: Meowscarada
|-sidestart|p2: saintqirex|move: Stealth Rock
|
|-heal|p1a: Ting-Lu|36/100|[from] item: Leftovers
|upkeep
|turn|8
|inactive|Battle timer is ON: inactive players will automatically lose when time's up. (requested by saintqirex)
|
|t:|1760354848
|switch|p1a: Iron Moth|Iron Moth|100/100
|move|p2a: Meowscarada|Flower Trick|p1a: Iron Moth
|-resisted|p1a: Iron Moth
|-crit|p1a: Iron Moth
|-damage|p1a: Iron Moth|71/100
|
|upkeep
|turn|9
|
|t:|1760354855
|switch|p2a: Slowking|Slowking-Galar, F|97/100
|move|p1a: Iron Moth|Fiery Dance|p2a: Slowking
|-damage|p2a: Slowking|58/100
|
|upkeep
|turn|10
|
|t:|1760354862
|-end|p1a: Iron Moth|Quark Drive|[silent]
|switch|p1a: Ting-Lu|Ting-Lu|36/100
|-ability|p1a: Ting-Lu|Vessel of Ruin
|move|p2a: Slowking|Thunder Wave|p1a: Ting-Lu
|-immune|p1a: Ting-Lu
|
|-heal|p1a: Ting-Lu|42/100|[from] item: Leftovers
|upkeep
|turn|11
|
|t:|1760354869
|switch|p2a: Corviknight|Corviknight, F|100/100
|-damage|p2a: Corviknight|88/100|[from] Stealth Rock
|move|p1a: Ting-Lu|Whirlwind|p2a: Corviknight
|drag|p2a: Meowscarada|Meowscarada, M|100/100
|-damage|p2a: Meowscarada|88/100|[from] Stealth Rock
|
|-heal|p1a: Ting-Lu|48/100|[from] item: Leftovers
|upkeep
|turn|12
|
|t:|1760354877
|switch|p1a: Iron Moth|Iron Moth|71/100
|move|p2a: Meowscarada|Triple Axel|p1a: Iron Moth
|-start|p2a: Meowscarada|typechange|Ice|[from] ability: Protean
|-resisted|p1a: Iron Moth
|-damage|p1a: Iron Moth|60/100
|-resisted|p1a: Iron Moth
|-damage|p1a: Iron Moth|40/100
|-resisted|p1a: Iron Moth
|-damage|p1a: Iron Moth|6/100
|-hitcount|p1a: Iron Moth|3
|
|upkeep
|turn|13
|
|t:|1760354880
|move|p2a: Meowscarada|Triple Axel|p1a: Iron Moth
|-resisted|p1a: Iron Moth
|-crit|p1a: Iron Moth
|-damage|p1a: Iron Moth|0 fnt
|faint|p1a: Iron Moth
|-end|p1a: Iron Moth|Quark Drive|[silent]
|-hitcount|p1: Iron Moth|1
|
|upkeep
|
|t:|1760354886
|switch|p1a: Cinderace|Cinderace, F|100/100
|turn|14
|
|t:|1760354904
|switch|p2a: Slowking|Slowking-Galar, F|91/100
|move|p1a: Cinderace|Pyro Ball|p2a: Slowking
|-damage|p2a: Slowking|36/100
|
|upkeep
|turn|15
|
|t:|1760354915
|-terastallize|p2a: Slowking|Water
|move|p1a: Cinderace|U-turn|p2a: Slowking
|-start|p1a: Cinderace|typechange|Bug|[from] ability: Libero
|-damage|p2a: Slowking|0 fnt
|faint|p2a: Slowking
|
|t:|1760354925
|switch|p1a: Enamorus|Enamorus, F|100/100|[from] U-turn
|
|upkeep
|
|t:|1760354931
|switch|p2a: Corviknight|Corviknight, F|88/100
|-damage|p2a: Corviknight|76/100|[from] Stealth Rock
|turn|16
|
|t:|1760354941
|move|p1a: Enamorus|Moonblast|p2a: Corviknight
|-resisted|p2a: Corviknight
|-damage|p2a: Corviknight|53/100
|-ability|p2a: Corviknight|Mirror Armor
|-boost|p1a: Enamorus|spa|1
|move|p2a: Corviknight|Defog|p1a: Enamorus
|-boost|p1a: Enamorus|evasion|1
|-sideend|p2: saintqirex|Stealth Rock|[from] move: Defog|[of] p2a: Corviknight
|
|upkeep
|turn|17
|
|t:|1760354950
|move|p1a: Enamorus|Moonblast|p2a: Corviknight
|-resisted|p2a: Corviknight
|-damage|p2a: Corviknight|16/100
|move|p2a: Corviknight|Roost|p2a: Corviknight
|-heal|p2a: Corviknight|66/100
|-singleturn|p2a: Corviknight|move: Roost
|
|upkeep
|turn|18
|
|t:|1760354955
|move|p1a: Enamorus|Moonblast|p2a: Corviknight
|-resisted|p2a: Corviknight
|-damage|p2a: Corviknight|30/100
|-ability|p2a: Corviknight|Mirror Armor
|-boost|p1a: Enamorus|spa|1
|move|p2a: Corviknight|Brave Bird|p1a: Enamorus
|-damage|p1a: Enamorus|42/100
|-damage|p2a: Corviknight|16/100|[from] Recoil
|
|upkeep
|turn|19
|
|t:|1760354960
|move|p1a: Enamorus|Moonblast|p2a: Corviknight
|-resisted|p2a: Corviknight
|-damage|p2a: Corviknight|0 fnt
|faint|p2a: Corviknight
|
|upkeep
|
|t:|1760354969
|switch|p2a: Meowscarada|Meowscarada, M|88/100
|turn|20
|
|t:|1760354976
|-terastallize|p1a: Enamorus|Fairy
|move|p1a: Enamorus|Moonblast|p2a: Meowscarada
|-supereffective|p2a: Meowscarada
|-damage|p2a: Meowscarada|0 fnt
|faint|p2a: Meowscarada
|
|upkeep
|
|t:|1760354988
|switch|p2a: Enamorus|Enamorus, F|100/100
|turn|21
|
|t:|1760354993
|move|p1a: Enamorus|Moonblast|p2a: Enamorus
|-damage|p2a: Enamorus|0 fnt
|faint|p2a: Enamorus
|
|upkeep
|-message|saintqirex forfeited.
|
|win|Overgame00
|raw|Overgame00's rating: 1400 &rarr; <strong>1420</strong><br />(+20 for winning)
|raw|saintqirex's rating: 1401 &rarr; <strong>1381</strong><br />(-20 for losing)
|l|☆saintqirex
|player|p2|
|l|☆Overgame00
|player|p1|
