|j|☆torvik en place
|j|☆henry151th
|t:|1760359716
|gametype|singles
|player|p1|torvik en place|gambler|1752
|player|p2|henry151th|wallace|1742
|gen|9
|tier|[Gen 9] OU
|rated|
|rule|HP Percentage Mod: HP is shown in percentages
|rule|Endless Battle Clause: Forcing endless battles is banned
|rule|Species Clause: Limit one of each Pokémon
|rule|OHKO Clause: OHKO moves are banned
|rule|Evasion Items Clause: Evasion items are banned
|rule|Evasion Moves Clause: Evasion moves are banned
|rule|Evasion Abilities Clause: Evasion abilities are banned
|rule|Sleep Moves Clause: Sleep-inducing moves are banned
|clearpoke
|poke|p1|Garchomp, F|
|poke|p1|Rillaboom, F|
|poke|p1|Iron Crown|
|poke|p1|Darkrai|
|poke|p1|Hatterene, F|
|poke|p1|Alomomola, F|
|poke|p2|Dragapult, M|
|poke|p2|Excadrill, M|
|poke|p2|Tyranitar, M|
|poke|p2|Slowking-Galar, M|
|poke|p2|Rotom-Wash|
|poke|p2|Iron Valiant|
|teampreview
|
|t:|1760359729
|teamsize|p1|6
|teamsize|p2|6
|start
|switch|p1a: Alomomola|Alomomola, F|100/100
|switch|p2a: Phantom|Rotom-Wash, shiny|100/100
|turn|1
|
|t:|1760359732
|move|p2a: Phantom|Trick|p1a: Alomomola
|-activate|p2a: Phantom|move: Trick|[of] p1a: Alomomola
|-item|p1a: Alomomola|Choice Scarf|[from] move: Trick
|-item|p2a: Phantom|Assault Vest|[from] move: Trick
|move|p1a: Alomomola|Flip Turn|p2a: Phantom
|-resisted|p2a: Phantom
|-damage|p2a: Phantom|90/100
|
|t:|1760359743
|switch|p1a: Rillaboom|Rillaboom, F|100/100|[from] Flip Turn
|-fieldstart|move: Grassy Terrain|[from] ability: Grassy Surge|[of] p1a: Rillaboom
|
|upkeep
|turn|2
|
|t:|1760359780
|move|p2a: Phantom|Volt Switch|p1a: Rillaboom
|-resisted|p1a: Rillaboom
|-damage|p1a: Rillaboom|81/100
|
|t:|1760359784
|switch|p2a: Mantra|Slowking-Galar, M, shiny|100/100|[from] Volt Switch
|move|p1a: Rillaboom|Wood Hammer|p2a: Mantra
|-resisted|p2a: Mantra
|-damage|p2a: Mantra|52/100
|-damage|p1a: Rillaboom|64/100|[from] Recoil
|
|-heal|p1a: Rillaboom|70/100|[from] Grassy Terrain
|-heal|p2a: Mantra|59/100|[from] Grassy Terrain
|upkeep
|turn|3
|
|t:|1760359791
|switch|p2a: Sahara|Iron Valiant, shiny|100/100
|-terastallize|p1a: Rillaboom|Grass
|move|p1a: Rillaboom|Wood Hammer|p2a: Sahara
|-damage|p2a: Sahara|0 fnt
|faint|p2a: Sahara
|-end|p2a: Sahara|Quark Drive|[silent]
|-damage|p1a: Rillaboom|43/100|[from] Recoil
|
|-heal|p1a: Rillaboom|50/100|[from] Grassy Terrain
|upkeep
|
|t:|1760359798
|switch|p2a: Leviathan|Dragapult, M, shiny|100/100
|turn|4
|
|t:|1760359800
|switch|p1a: Alomomola|Alomomola, F|100/100
|-terastallize|p2a: Leviathan|Ghost
|move|p2a: Leviathan|Tera Blast|p1a: Alomomola|[anim] Tera Blast Ghost
|-damage|p1a: Alomomola|37/100
|
|-heal|p1a: Alomomola|43/100|[from] Grassy Terrain
|upkeep
|turn|5
|
|t:|1760359821
|switch|p1a: Darkrai|Darkrai|100/100
|move|p2a: Leviathan|Tera Blast|p1a: Darkrai|[anim] Tera Blast Ghost
|-resisted|p1a: Darkrai
|-damage|p1a: Darkrai|45/100
|
|-heal|p1a: Darkrai|51/100|[from] Grassy Terrain
|-heal|p1a: Darkrai|57/100|[from] item: Leftovers
|-fieldend|move: Grassy Terrain
|upkeep
|turn|6
|l|☆henry151th
|player|p2|
|j|☆henry151th
|player|p2|henry151th|wallace|
|
|t:|1760359844
|switch|p2a: Rex|Tyranitar, M, shiny|100/100
|-weather|Sandstorm|[from] ability: Sand Stream|[of] p2a: Rex
|switch|p1a: Rillaboom|Rillaboom, F, tera:Grass|50/100
|-fieldstart|move: Grassy Terrain|[from] ability: Grassy Surge|[of] p1a: Rillaboom
|
|-weather|Sandstorm|[upkeep]
|-damage|p1a: Rillaboom|43/100|[from] Sandstorm
|-heal|p1a: Rillaboom|50/100|[from] Grassy Terrain
|upkeep
|turn|7
|
|t:|1760359854
|switch|p2a: Phantom|Rotom-Wash, shiny|90/100
|move|p1a: Rillaboom|Wood Hammer|p2a: Phantom
|-supereffective|p2a: Phantom
|-damage|p2a: Phantom|0 fnt
|faint|p2a: Phantom
|-damage|p1a: Rillaboom|30/100|[from] Recoil
|
|-weather|Sandstorm|[upkeep]
|-damage|p1a: Rillaboom|24/100|[from] Sandstorm
|-heal|p1a: Rillaboom|30/100|[from] Grassy Terrain
|upkeep
|
|t:|1760359856
|switch|p2a: Leviathan|Dragapult, M, shiny, tera:Ghost|100/100
|turn|8
|inactive|Battle timer is ON: inactive players will automatically lose when time's up. (requested by henry151th)
|
|t:|1760359887
|switch|p1a: Hatterene|Hatterene, F|100/100
|move|p2a: Leviathan|Tera Blast|p1a: Hatterene|[anim] Tera Blast Ghost
|-supereffective|p1a: Hatterene
|-damage|p1a: Hatterene|0 fnt
|faint|p1a: Hatterene
|
|-weather|Sandstorm|[upkeep]
|-damage|p2a: Leviathan|95/100|[from] Sandstorm
|-heal|p2a: Leviathan|100/100|[from] Grassy Terrain
|upkeep
|
|t:|1760359915
|switch|p1a: Rillaboom|Rillaboom, F, tera:Grass|30/100
|turn|9
|j| Partynparadise
|
|t:|1760359933
|switch|p2a: Mantra|Slowking-Galar, M, shiny|92/100
|move|p1a: Rillaboom|Grassy Glide|p2a: Mantra
|-resisted|p2a: Mantra
|-damage|p2a: Mantra|63/100
|
|-weather|Sandstorm|[upkeep]
|-damage|p1a: Rillaboom|24/100|[from] Sandstorm
|-damage|p2a: Mantra|56/100|[from] Sandstorm
|-heal|p1a: Rillaboom|30/100|[from] Grassy Terrain
|-heal|p2a: Mantra|63/100|[from] Grassy Terrain
|upkeep
|turn|10
|l| Partynparadise
|
|t:|1760359941
|switch|p1a: Alomomola|Alomomola, F|76/100
|switch|p2a: Leviathan|Dragapult, M, shiny, tera:Ghost|100/100
|
|-weather|Sandstorm|[upkeep]
|-damage|p2a: Leviathan|95/100|[from] Sandstorm
|-damage|p1a: Alomomola|70/100|[from] Sandstorm
|-heal|p2a: Leviathan|100/100|[from] Grassy Terrain
|-heal|p1a: Alomomola|76/100|[from] Grassy Terrain
|-fieldend|move: Grassy Terrain
|upkeep
|turn|11
|
|t:|1760359945
|move|p2a: Leviathan|Tera Blast|p1a: Alomomola|[anim] Tera Blast Ghost
|-damage|p1a: Alomomola|14/100
|move|p1a: Alomomola|Flip Turn|p2a: Leviathan
|-damage|p2a: Leviathan|77/100
|
|t:|1760359950
|switch|p1a: Rillaboom|Rillaboom, F, tera:Grass|30/100|[from] Flip Turn
|-fieldstart|move: Grassy Terrain|[from] ability: Grassy Surge|[of] p1a: Rillaboom
|
|-weather|Sandstorm|[upkeep]
|-damage|p2a: Leviathan|71/100|[from] Sandstorm
|-damage|p1a: Rillaboom|24/100|[from] Sandstorm
|-heal|p2a: Leviathan|77/100|[from] Grassy Terrain
|-heal|p1a: Rillaboom|30/100|[from] Grassy Terrain
|upkeep
|turn|12
|
|t:|1760359953
|move|p1a: Rillaboom|Grassy Glide|p2a: Leviathan
|-damage|p2a: Leviathan|0 fnt
|faint|p2a: Leviathan
|
|-weather|Sandstorm|[upkeep]
|-damage|p1a: Rillaboom|24/100|[from] Sandstorm
|-heal|p1a: Rillaboom|30/100|[from] Grassy Terrain
|upkeep
|-message|henry151th forfeited.
|
|win|torvik en place
|raw|torvik en place's rating: 1752 &rarr; <strong>1771</strong><br />(+19 for winning)
|raw|henry151th's rating: 1742 &rarr; <strong>1723</strong><br />(-19 for losing)
|l|☆torvik en place
|player|p1|
