|j|☆johnny melaslavo
|j|☆Metal belico
|t:|1760400822
|gametype|singles
|player|p1|johnny melaslavo|biker-gen4|1083
|player|p2|Metal belico|drayden|1080
|gen|9
|tier|[Gen 9] OU
|rated|
|rule|HP Percentage Mod: HP is shown in percentages
|rule|Endless Battle Clause: Forcing endless battles is banned
|rule|Species Clause: Limit one of each Pokémon
|rule|OHKO Clause: OHKO moves are banned
|rule|Evasion Items Clause: Evasion items are banned
|rule|Evasion Moves Clause: Evasion moves are banned
|rule|Evasion Abilities Clause: Evasion abilities are banned
|rule|Sleep Moves Clause: Sleep-inducing moves are banned
|clearpoke
|poke|p1|Dodrio, F|
|poke|p1|Vikavolt, M|
|poke|p1|Mudsdale, F|
|poke|p1|Delphox, M|
|poke|p1|Electrode-Hisui|
|poke|p1|Uxie|
|poke|p2|Terrakion|
|poke|p2|Virizion|
|poke|p2|Keldeo-Resolute|
|poke|p2|Cobalion|
|poke|p2|Espeon, M|
|poke|p2|Chansey, F|
|teampreview
|
|t:|1760400832
|teamsize|p1|6
|teamsize|p2|6
|start
|switch|p1a: Uxie|Uxie|100/100
|switch|p2a: Virizion|Virizion|100/100
|turn|1
|
|t:|1760400837
|move|p2a: Virizion|Swords Dance|p2a: Virizion
|-boost|p2a: Virizion|atk|2
|move|p1a: Uxie|Psychic Noise|p2a: Virizion
|-supereffective|p2a: Virizion
|-damage|p2a: Virizion|63/100
|-start|p2a: Virizion|move: Heal Block
|
|upkeep
|turn|2
|
|t:|1760400846
|move|p2a: Virizion|Leaf Blade|p1a: Uxie
|-crit|p1a: Uxie
|-damage|p1a: Uxie|19/100
|-damage|p2a: Virizion|47/100|[from] item: Rocky Helmet|[of] p1a: Uxie
|move|p1a: Uxie|U-turn|p2a: Virizion
|-damage|p2a: Virizion|32/100
|inactive|Battle timer is ON: inactive players will automatically lose when time's up. (requested by Metal belico)
|
|t:|1760400853
|switch|p1a: Dodrio|Dodrio, F|100/100|[from] U-turn
|
|-end|p2a: Virizion|move: Heal Block
|upkeep
|turn|3
|
|t:|1760400860
|switch|p2a: Cobalion|Cobalion|100/100
|move|p1a: Dodrio|Brave Bird|p2a: Cobalion
|-crit|p2a: Cobalion
|-damage|p2a: Cobalion|41/100
|-damage|p1a: Dodrio|73/100|[from] Recoil
|
|-heal|p2a: Cobalion|47/100|[from] item: Leftovers
|upkeep
|turn|4
|
|t:|1760400868
|move|p1a: Dodrio|Brave Bird|p2a: Cobalion
|-damage|p2a: Cobalion|10/100
|-damage|p1a: Dodrio|55/100|[from] Recoil
|move|p2a: Cobalion|Thunder Wave|p1a: Dodrio
|-status|p1a: Dodrio|par
|
|-heal|p2a: Cobalion|16/100|[from] item: Leftovers
|upkeep
|turn|5
|
|t:|1760400876
|move|p2a: Cobalion|Iron Head|p1a: Dodrio
|-damage|p1a: Dodrio|10/100 par
|move|p1a: Dodrio|Drill Run|p2a: Cobalion
|-supereffective|p2a: Cobalion
|-damage|p2a: Cobalion|0 fnt
|faint|p2a: Cobalion
|
|upkeep
|
|t:|1760400888
|switch|p2a: Keldeo|Keldeo-Resolute|100/100
|turn|6
|
|t:|1760400893
|move|p2a: Keldeo|Surf|p1a: Dodrio
|-damage|p1a: Dodrio|0 fnt
|faint|p1a: Dodrio
|
|upkeep
|
|t:|1760400897
|switch|p1a: Vikavolt|Vikavolt, M|100/100
|turn|7
|
|t:|1760400901
|move|p2a: Keldeo|Surf|p1a: Vikavolt
|-damage|p1a: Vikavolt|23/100
|move|p1a: Vikavolt|Volt Switch|p2a: Keldeo
|-supereffective|p2a: Keldeo
|-damage|p2a: Keldeo|1/100
|
|t:|1760400907
|switch|p1a: Electrode|Electrode-Hisui|100/100|[from] Volt Switch
|
|upkeep
|turn|8
|
|t:|1760400911
|switch|p2a: Chansey|Chansey, F|100/100
|move|p1a: Electrode|Volt Switch|p2a: Chansey
|-damage|p2a: Chansey|94/100
|
|t:|1760400916
|switch|p1a: Vikavolt|Vikavolt, M|23/100|[from] Volt Switch
|
|upkeep
|turn|9
|
|t:|1760400921
|move|p2a: Chansey|Seismic Toss|p1a: Vikavolt
|-damage|p1a: Vikavolt|0 fnt
|faint|p1a: Vikavolt
|
|upkeep
|
|t:|1760400927
|switch|p1a: Delphox|Delphox, M|100/100
|turn|10
|
|t:|1760400930
|-terastallize|p1a: Delphox|Psychic
|move|p1a: Delphox|Psyshock|p2a: Chansey
|-damage|p2a: Chansey|38/100
|move|p2a: Chansey|Body Slam|p1a: Delphox
|-damage|p1a: Delphox|92/100
|-status|p1a: Delphox|par
|
|upkeep
|turn|11
|
|t:|1760400942
|move|p1a: Delphox|Psyshock|p2a: Chansey
|-damage|p2a: Chansey|0 fnt
|faint|p2a: Chansey
|
|upkeep
|
|t:|1760400958
|switch|p2a: Virizion|Virizion|32/100
|turn|12
|
|t:|1760400960
|move|p2a: Virizion|Swords Dance|p2a: Virizion
|-boost|p2a: Virizion|atk|2
|cant|p1a: Delphox|par
|
|upkeep
|turn|13
|
|t:|1760400967
|switch|p1a: Uxie|Uxie|19/100
|move|p2a: Virizion|Leaf Blade|p1a: Uxie
|-damage|p1a: Uxie|0 fnt
|-damage|p2a: Virizion|16/100|[from] item: Rocky Helmet|[of] p1a: Uxie
|faint|p1a: Uxie
|
|upkeep
|
|t:|1760400974
|switch|p1a: Electrode|Electrode-Hisui|100/100
|turn|14
|
|t:|1760400977
|-terastallize|p2a: Virizion|Normal
|move|p2a: Virizion|Quick Attack|p1a: Electrode
|-damage|p1a: Electrode|50/100
|move|p1a: Electrode|Thunderbolt|p2a: Virizion
|-damage|p2a: Virizion|0 fnt
|faint|p2a: Virizion
|
|upkeep
|
|t:|1760400979
|switch|p2a: Terrakion|Terrakion|100/100
|turn|15
|
|t:|1760400986
|move|p2a: Terrakion|Quick Attack|p1a: Electrode
|-crit|p1a: Electrode
|-damage|p1a: Electrode|7/100
|move|p1a: Electrode|Volt Switch|p2a: Terrakion
|-damage|p2a: Terrakion|70/100
|
|t:|1760400992
|switch|p1a: Mudsdale|Mudsdale, F|100/100|[from] Volt Switch
|
|upkeep
|turn|16
|
|t:|1760400996
|switch|p2a: Keldeo|Keldeo-Resolute|1/100
|move|p1a: Mudsdale|Earthquake|p2a: Keldeo
|-damage|p2a: Keldeo|0 fnt
|faint|p2a: Keldeo
|
|upkeep
|
|t:|1760400997
|switch|p2a: Espeon|Espeon, M|100/100
|turn|17
|
|t:|1760401004
|switch|p1a: Delphox|Delphox, M, tera:Psychic|92/100 par
|move|p2a: Espeon|Trick|p1a: Delphox
|-activate|p2a: Espeon|move: Trick|[of] p1a: Delphox
|-item|p1a: Delphox|Choice Scarf|[from] move: Trick
|-item|p2a: Espeon|Choice Specs|[from] move: Trick
|
|upkeep
|turn|18
|
|t:|1760401013
|move|p2a: Espeon|Shadow Ball|p1a: Delphox
|-supereffective|p1a: Delphox
|-crit|p1a: Delphox
|-damage|p1a: Delphox|0 fnt
|faint|p1a: Delphox
|
|upkeep
|
|t:|1760401021
|switch|p1a: Electrode|Electrode-Hisui|7/100
|turn|19
|
|t:|1760401024
|move|p1a: Electrode|Thunderbolt|p2a: Espeon
|-damage|p2a: Espeon|62/100
|move|p2a: Espeon|Shadow Ball|p1a: Electrode
|-damage|p1a: Electrode|0 fnt
|faint|p1a: Electrode
|
|upkeep
|
|t:|1760401030
|switch|p1a: Mudsdale|Mudsdale, F|100/100
|turn|20
|
|t:|1760401033
|move|p2a: Espeon|Shadow Ball|p1a: Mudsdale
|-damage|p1a: Mudsdale|57/100
|-unboost|p1a: Mudsdale|spd|1
|-ability|p1a: Mudsdale|Stamina|boost
|-boost|p1a: Mudsdale|def|1
|move|p1a: Mudsdale|Earthquake|p2a: Espeon
|-damage|p2a: Espeon|0 fnt
|faint|p2a: Espeon
|
|-heal|p1a: Mudsdale|63/100|[from] item: Leftovers
|upkeep
|
|t:|1760401036
|switch|p2a: Terrakion|Terrakion|70/100
|turn|21
|
|t:|1760401045
|move|p2a: Terrakion|Close Combat|p1a: Mudsdale
|-damage|p1a: Mudsdale|14/100
|-unboost|p2a: Terrakion|def|1
|-unboost|p2a: Terrakion|spd|1
|-ability|p1a: Mudsdale|Stamina|boost
|-boost|p1a: Mudsdale|def|1
|move|p1a: Mudsdale|Earthquake|p2a: Terrakion
|-supereffective|p2a: Terrakion
|-damage|p2a: Terrakion|0 fnt
|faint|p2a: Terrakion
|
|win|johnny melaslavo
|raw|johnny melaslavo's rating: 1083 &rarr; <strong>1110</strong><br />(+27 for winning)
|raw|Metal belico's rating: 1080 &rarr; <strong>1058</strong><br />(-22 for losing)
|l|☆Metal belico
|player|p2|
|l|☆johnny melaslavo
|player|p1|
