|j|☆Earthbind
|j|☆ntp69
|t:|1760365775
|gametype|singles
|player|p1|Earthbind|2|1344
|player|p2|ntp69|169|1366
|gen|9
|tier|[Gen 9] OU
|rated|
|rule|HP Percentage Mod: HP is shown in percentages
|rule|Endless Battle Clause: Forcing endless battles is banned
|rule|Species Clause: Limit one of each Pokémon
|rule|OHKO Clause: OHKO moves are banned
|rule|Evasion Items Clause: Evasion items are banned
|rule|Evasion Moves Clause: Evasion moves are banned
|rule|Evasion Abilities Clause: Evasion abilities are banned
|rule|Sleep Moves Clause: Sleep-inducing moves are banned
|clearpoke
|poke|p1|Pelipper, F|
|poke|p1|Iron Treads|
|poke|p1|Toxicroak, F|
|poke|p1|Zapdos|
|poke|p1|Poliwrath, M|
|poke|p1|Walking Wake|
|poke|p2|Enamorus, F|
|poke|p2|Scizor, M|
|poke|p2|Hitmontop, M|
|poke|p2|Dragapult, F|
|poke|p2|Ogerpon-Wellspring, F|
|poke|p2|Iron Treads|
|teampreview
|
|t:|1760365795
|teamsize|p1|6
|teamsize|p2|6
|start
|switch|p1a: Pelipper|Pelipper, F|100/100
|switch|p2a: Ogerpon|Ogerpon-Wellspring, F|100/100
|-weather|RainDance|[from] ability: Drizzle|[of] p1a: Pelipper
|turn|1
|
|t:|1760365801
|switch|p1a: Toxicroak|Toxicroak, F|100/100
|move|p2a: Ogerpon|Knock Off|p1a: Toxicroak
|-resisted|p1a: Toxicroak
|-damage|p1a: Toxicroak|82/100
|-damage|p2a: Ogerpon|84/100|[from] item: Rocky Helmet|[of] p1a: Toxicroak
|-enditem|p1a: Toxicroak|Rocky Helmet|[from] move: Knock Off|[of] p2a: Ogerpon
|
|-weather|RainDance|[upkeep]
|-heal|p1a: Toxicroak|94/100|[from] ability: Dry Skin
|upkeep
|turn|2
|
|t:|1760365810
|move|p2a: Ogerpon|U-turn|p1a: Toxicroak
|-resisted|p1a: Toxicroak
|-damage|p1a: Toxicroak|88/100
|inactive|Battle timer is ON: inactive players will automatically lose when time's up. (requested by Earthbind)
|
|t:|1760365816
|switch|p2a: Iron Treads|Iron Treads|100/100|[from] U-turn
|move|p1a: Toxicroak|Toxic|p2a: Iron Treads
|-immune|p2a: Iron Treads
|
|-weather|RainDance|[upkeep]
|-heal|p1a: Toxicroak|99/100|[from] ability: Dry Skin
|upkeep
|turn|3
|
|t:|1760365827
|-terastallize|p1a: Toxicroak|Ghost
|move|p2a: Iron Treads|Ice Spinner|p1a: Toxicroak
|-damage|p1a: Toxicroak|73/100
|move|p1a: Toxicroak|Drain Punch|p2a: Iron Treads
|-supereffective|p2a: Iron Treads
|-damage|p2a: Iron Treads|52/100
|-heal|p1a: Toxicroak|94/100|[from] drain|[of] p2a: Iron Treads
|
|-weather|RainDance|[upkeep]
|-heal|p1a: Toxicroak|100/100|[from] ability: Dry Skin
|upkeep
|turn|4
|
|t:|1760365840
|-end|p2a: Iron Treads|Quark Drive|[silent]
|switch|p2a: Hitmontop|Hitmontop, M, shiny|100/100
|-ability|p2a: Hitmontop|Intimidate|boost
|-unboost|p1a: Toxicroak|atk|1
|move|p1a: Toxicroak|Drain Punch|p2a: Hitmontop
|-damage|p2a: Hitmontop|85/100
|
|-weather|RainDance|[upkeep]
|upkeep
|turn|5
|
|t:|1760365848
|move|p1a: Toxicroak|Toxic|p2a: Hitmontop
|-status|p2a: Hitmontop|tox
|move|p2a: Hitmontop|Earthquake|p1a: Toxicroak
|-crit|p1a: Toxicroak
|-damage|p1a: Toxicroak|70/100
|
|-weather|RainDance|[upkeep]
|-heal|p1a: Toxicroak|83/100|[from] ability: Dry Skin
|-damage|p2a: Hitmontop|79/100 tox|[from] psn
|upkeep
|turn|6
|-message|ntp69 forfeited.
|
|win|Earthbind
|raw|Earthbind's rating: 1344 &rarr; <strong>1365</strong><br />(+21 for winning)
|raw|ntp69's rating: 1366 &rarr; <strong>1345</strong><br />(-21 for losing)
|l|☆ntp69
|player|p2|
|l|☆Earthbind
|player|p1|
