|j|☆constartus
|j|☆Ziggytear
|t:|1760333770
|gametype|singles
|player|p1|constartus|az|1176
|player|p2|Ziggytear|266|1249
|gen|9
|tier|[Gen 9] OU
|rated|
|rule|HP Percentage Mod: HP is shown in percentages
|rule|Endless Battle Clause: Forcing endless battles is banned
|rule|Species Clause: Limit one of each Pokémon
|rule|OHKO Clause: OHKO moves are banned
|rule|Evasion Items Clause: Evasion items are banned
|rule|Evasion Moves Clause: Evasion moves are banned
|rule|Evasion Abilities Clause: Evasion abilities are banned
|rule|Sleep Moves Clause: Sleep-inducing moves are banned
|clearpoke
|poke|p1|Ribombee, M|
|poke|p1|Cinderace, M|
|poke|p1|Empoleon, M|
|poke|p1|Ogerpon, F|
|poke|p1|Kingambit, M|
|poke|p1|Gothitelle, M|
|poke|p2|Espeon, M|
|poke|p2|Incineroar, F|
|poke|p2|Rillaboom, F|
|poke|p2|Greninja-*, M|
|poke|p2|Zapdos-Galar|
|poke|p2|Raging Bolt|
|teampreview
|inactive|Battle timer is ON: inactive players will automatically lose when time's up. (requested by constartus)
|
|t:|1760333773
|teamsize|p1|6
|teamsize|p2|6
|start
|switch|p1a: Ribombee|Ribombee, M, shiny|100/100
|switch|p2a: Espeon|Espeon, M|100/100
|turn|1
|c|☆constartus|Glhf
|inactive|Ziggytear has 120 seconds left.
|
|t:|1760333804
|move|p1a: Ribombee|Sticky Web|p2a: Espeon
|move|p2a: Espeon|Sticky Web|p1a: Ribombee|[from] ability: Magic Bounce
|-sidestart|p1: constartus|move: Sticky Web
|move|p2a: Espeon|Future Sight|p1a: Ribombee
|-start|p2a: Espeon|move: Future Sight
|
|upkeep
|turn|2
|
|t:|1760333811
|move|p1a: Ribombee|Pollen Puff|p2a: Espeon
|-supereffective|p2a: Espeon
|-damage|p2a: Espeon|23/100
|move|p2a: Espeon|Dazzling Gleam|p1a: Ribombee
|-damage|p1a: Ribombee|62/100
|
|upkeep
|turn|3
|
|t:|1760333826
|move|p1a: Ribombee|Pollen Puff|p2a: Espeon
|-supereffective|p2a: Espeon
|-damage|p2a: Espeon|0 fnt
|faint|p2a: Espeon
|
|-end|p1a: Ribombee|move: Future Sight
|-damage|p1a: Ribombee|0 fnt
|faint|p1a: Ribombee
|upkeep
|
|t:|1760333836
|switch|p1a: Cinderace|Cinderace, M|100/100
|switch|p2a: Incineroar|Incineroar, F|100/100
|-activate|p1a: Cinderace|move: Sticky Web
|-unboost|p1a: Cinderace|spe|1
|-ability|p2a: Incineroar|Intimidate|boost
|-unboost|p1a: Cinderace|atk|1
|turn|4
|
|t:|1760333840
|move|p1a: Cinderace|Protect|p1a: Cinderace
|-start|p1a: Cinderace|typechange|Normal|[from] ability: Libero
|-singleturn|p1a: Cinderace|Protect
|move|p2a: Incineroar|Bulk Up|p2a: Incineroar
|-boost|p2a: Incineroar|atk|1
|-boost|p2a: Incineroar|def|1
|
|upkeep
|turn|5
|
|t:|1760333844
|move|p1a: Cinderace|Taunt|p2a: Incineroar
|-start|p2a: Incineroar|move: Taunt
|move|p2a: Incineroar|Flame Charge|p1a: Cinderace
|-damage|p1a: Cinderace|51/100
|-boost|p2a: Incineroar|spe|1
|
|upkeep
|turn|6
|
|t:|1760333852
|move|p2a: Incineroar|Flame Charge|p1a: Cinderace
|-damage|p1a: Cinderace|6/100
|-boost|p2a: Incineroar|spe|1
|move|p1a: Cinderace|Flare Blitz|p2a: Incineroar
|-resisted|p2a: Incineroar
|-damage|p2a: Incineroar|92/100
|-damage|p1a: Cinderace|3/100|[from] Recoil
|
|upkeep
|turn|7
|
|t:|1760333857
|move|p2a: Incineroar|Flame Charge|p1a: Cinderace
|-damage|p1a: Cinderace|0 fnt
|-boost|p2a: Incineroar|spe|1
|faint|p1a: Cinderace
|
|-end|p2a: Incineroar|move: Taunt
|upkeep
|
|t:|1760333860
|switch|p1a: TC Nick 4|Empoleon, M|100/100
|-activate|p1a: TC Nick 4|move: Sticky Web
|-unboost|p1a: TC Nick 4|spe|1
|-ability|p1a: TC Nick 4|Competitive|boost
|-boost|p1a: TC Nick 4|spa|2
|turn|8
|
|t:|1760333867
|-terastallize|p2a: Incineroar|Flying
|move|p2a: Incineroar|Drain Punch|p1a: TC Nick 4
|-supereffective|p1a: TC Nick 4
|-damage|p1a: TC Nick 4|23/100
|-heal|p2a: Incineroar|100/100|[from] drain|[of] p1a: TC Nick 4
|move|p1a: TC Nick 4|Surf|p2a: Incineroar
|-damage|p2a: Incineroar|0 fnt
|faint|p2a: Incineroar
|
|upkeep
|
|t:|1760333871
|switch|p2a: Rillaboom|Rillaboom, F|100/100
|-fieldstart|move: Grassy Terrain|[from] ability: Grassy Surge|[of] p2a: Rillaboom
|turn|9
|
|t:|1760333875
|move|p2a: Rillaboom|Swords Dance|p2a: Rillaboom
|-boost|p2a: Rillaboom|atk|2
|move|p1a: TC Nick 4|Ice Beam|p2a: Rillaboom
|-supereffective|p2a: Rillaboom
|-damage|p2a: Rillaboom|0 fnt
|faint|p2a: Rillaboom
|
|-heal|p1a: TC Nick 4|30/100|[from] Grassy Terrain
|upkeep
|
|t:|1760333878
|switch|p2a: Greninja|Greninja, M|100/100
|turn|10
|
|t:|1760333881
|move|p2a: Greninja|Dark Pulse|p1a: TC Nick 4
|-crit|p1a: TC Nick 4
|-damage|p1a: TC Nick 4|0 fnt
|faint|p1a: TC Nick 4
|-ability|p2a: Greninja|Battle Bond|boost
|-boost|p2a: Greninja|atk|1
|-boost|p2a: Greninja|spa|1
|-boost|p2a: Greninja|spe|1
|-activate|p2a: Greninja|ability: Battle Bond
|
|upkeep
|
|t:|1760333889
|switch|p1a: Kingambit|Kingambit, M|100/100
|-activate|p1a: Kingambit|move: Sticky Web
|-unboost|p1a: Kingambit|spe|1
|-ability|p1a: Kingambit|Defiant|boost
|-boost|p1a: Kingambit|atk|2
|turn|11
|
|t:|1760333892
|move|p2a: Greninja|Water Pledge|p1a: Kingambit
|-crit|p1a: Kingambit
|-damage|p1a: Kingambit|21/100
|move|p1a: Kingambit|Iron Head|p2a: Greninja
|-resisted|p2a: Greninja
|-damage|p2a: Greninja|0 fnt
|faint|p2a: Greninja
|
|-heal|p1a: Kingambit|27/100|[from] Grassy Terrain
|upkeep
|
|t:|1760333899
|switch|p2a: Raging Bolt|Raging Bolt|100/100
|-enditem|p2a: Raging Bolt|Booster Energy
|-activate|p2a: Raging Bolt|ability: Protosynthesis|[fromitem]
|-start|p2a: Raging Bolt|protosynthesisspe
|turn|12
|
|t:|1760333908
|switch|p1a: Gothitelle|Gothitelle, M|100/100
|-activate|p1a: Gothitelle|move: Sticky Web
|-unboost|p1a: Gothitelle|spe|1
|-ability|p1a: Gothitelle|Competitive|boost
|-boost|p1a: Gothitelle|spa|2
|move|p2a: Raging Bolt|Thunderclap||[still]
|-fail|p2a: Raging Bolt
|
|upkeep
|turn|13
|
|t:|1760333917
|-terastallize|p1a: Gothitelle|Fairy
|move|p2a: Raging Bolt|Calm Mind|p2a: Raging Bolt
|-boost|p2a: Raging Bolt|spa|1
|-boost|p2a: Raging Bolt|spd|1
|move|p1a: Gothitelle|Trick Room|p1a: Gothitelle
|-fieldstart|move: Trick Room|[of] p1a: Gothitelle
|
|-fieldend|move: Grassy Terrain
|upkeep
|turn|14
|
|t:|1760333922
|move|p1a: Gothitelle|Psychic Noise|p2a: Raging Bolt
|-damage|p2a: Raging Bolt|63/100
|-start|p2a: Raging Bolt|move: Heal Block
|move|p2a: Raging Bolt|Calm Mind|p2a: Raging Bolt
|-boost|p2a: Raging Bolt|spa|1
|-boost|p2a: Raging Bolt|spd|1
|
|upkeep
|turn|15
|
|t:|1760333926
|move|p2a: Raging Bolt|Thunderclap|p1a: Gothitelle
|-damage|p1a: Gothitelle|52/100
|move|p1a: Gothitelle|Dark Pulse|p2a: Raging Bolt
|-damage|p2a: Raging Bolt|43/100
|
|-end|p2a: Raging Bolt|move: Heal Block
|upkeep
|turn|16
|
|t:|1760333928
|move|p2a: Raging Bolt|Thunderclap|p1a: Gothitelle
|-damage|p1a: Gothitelle|0 fnt
|faint|p1a: Gothitelle
|
|upkeep
|
|t:|1760333930
|switch|p1a: Kingambit|Kingambit, M|27/100
|-activate|p1a: Kingambit|move: Sticky Web
|-unboost|p1a: Kingambit|spe|1
|-ability|p1a: Kingambit|Defiant|boost
|-boost|p1a: Kingambit|atk|2
|turn|17
|
|t:|1760333936
|move|p1a: Kingambit|Sucker Punch|p2a: Raging Bolt
|-damage|p2a: Raging Bolt|0 fnt
|faint|p2a: Raging Bolt
|-end|p2a: Raging Bolt|Protosynthesis|[silent]
|
|-fieldend|move: Trick Room
|upkeep
|
|t:|1760333938
|switch|p2a: Zapdos|Zapdos-Galar|100/100
|turn|18
|
|t:|1760333940
|move|p1a: Kingambit|Sucker Punch||[still]
|-fail|p1a: Kingambit
|move|p2a: Zapdos|Bulk Up|p2a: Zapdos
|-boost|p2a: Zapdos|atk|1
|-boost|p2a: Zapdos|def|1
|
|upkeep
|turn|19
|
|t:|1760333943
|move|p1a: Kingambit|Sucker Punch|p2a: Zapdos
|-resisted|p2a: Zapdos
|-damage|p2a: Zapdos|52/100
|move|p2a: Zapdos|Thunderous Kick|p1a: Kingambit
|-supereffective|p1a: Kingambit
|-damage|p1a: Kingambit|0 fnt
|faint|p1a: Kingambit
|
|upkeep
|
|t:|1760333945
|switch|p1a: Ogerpon|Ogerpon, F|100/100
|-activate|p1a: Ogerpon|move: Sticky Web
|-unboost|p1a: Ogerpon|spe|1
|-ability|p1a: Ogerpon|Defiant|boost
|-boost|p1a: Ogerpon|atk|2
|turn|20
|
|t:|1760333950
|move|p2a: Zapdos|Thunderous Kick|p1a: Ogerpon
|-damage|p1a: Ogerpon|0 fnt
|faint|p1a: Ogerpon
|
|win|Ziggytear
|raw|constartus's rating: 1176 &rarr; <strong>1156</strong><br />(-20 for losing)
|raw|Ziggytear's rating: 1249 &rarr; <strong>1269</strong><br />(+20 for winning)
|l|☆constartus
|player|p1|
|l|☆Ziggytear
|player|p2|
