|j|☆Palafin Paladin
|j|☆CFMathMaster
|t:|1760405088
|gametype|singles
|player|p1|Palafin Paladin|marlon|1337
|player|p2|CFMathMaster|pilot|1335
|gen|9
|tier|[Gen 9] OU
|rated|
|rule|HP Percentage Mod: HP is shown in percentages
|rule|Endless Battle Clause: Forcing endless battles is banned
|rule|Species Clause: Limit one of each Pokémon
|rule|OHKO Clause: OHKO moves are banned
|rule|Evasion Items Clause: Evasion items are banned
|rule|Evasion Moves Clause: Evasion moves are banned
|rule|Evasion Abilities Clause: Evasion abilities are banned
|rule|Sleep Moves Clause: Sleep-inducing moves are banned
|clearpoke
|poke|p1|Toxtricity, F|
|poke|p1|Barraskewda, F|
|poke|p1|Bellossom, F|
|poke|p1|Copperajah, M|
|poke|p1|Flygon, M|
|poke|p1|Hitmontop, M|
|poke|p2|Meowscarada, M|
|poke|p2|Clefable, F|
|poke|p2|Gliscor, F|
|poke|p2|Scizor, M|
|poke|p2|Slowking-Galar, M|
|poke|p2|Dondozo, M|
|teampreview
|inactive|Battle timer is ON: inactive players will automatically lose when time's up. (requested by Palafin Paladin)
|
|t:|1760405112
|teamsize|p1|6
|teamsize|p2|6
|start
|switch|p1a: Hitmontop|Hitmontop, M|100/100
|switch|p2a: Gliscor|Gliscor, F|100/100
|turn|1
|
|t:|1760405115
|move|p2a: Gliscor|Protect|p2a: Gliscor
|-singleturn|p2a: Gliscor|Protect
|move|p1a: Hitmontop|Triple Axel|p2a: Gliscor
|-activate|p2a: Gliscor|move: Protect
|
|-status|p2a: Gliscor|tox|[from] item: Toxic Orb
|upkeep
|turn|2
|
|t:|1760405124
|switch|p2a: Dondozo|Dondozo, M|100/100
|move|p1a: Hitmontop|Close Combat|p2a: Dondozo
|-damage|p2a: Dondozo|76/100
|-unboost|p1a: Hitmontop|def|1
|-unboost|p1a: Hitmontop|spd|1
|
|upkeep
|turn|3
|
|t:|1760405135
|move|p1a: Hitmontop|Close Combat|p2a: Dondozo
|-damage|p2a: Dondozo|53/100
|-unboost|p1a: Hitmontop|def|1
|-unboost|p1a: Hitmontop|spd|1
|move|p2a: Dondozo|Liquidation|p1a: Hitmontop
|-damage|p1a: Hitmontop|70/100
|
|upkeep
|turn|4
|
|t:|1760405140
|switch|p2a: Clefable|Clefable, F|100/100
|move|p1a: Hitmontop|Close Combat|p2a: Clefable
|-resisted|p2a: Clefable
|-damage|p2a: Clefable|79/100
|-unboost|p1a: Hitmontop|def|1
|-unboost|p1a: Hitmontop|spd|1
|
|-heal|p2a: Clefable|85/100|[from] item: Leftovers
|upkeep
|turn|5
|
|t:|1760405145
|switch|p1a: Copperajah|Copperajah, M, shiny|100/100
|move|p2a: Clefable|Stealth Rock|p1a: Copperajah
|-sidestart|p1: Palafin Paladin|move: Stealth Rock
|
|-heal|p2a: Clefable|91/100|[from] item: Leftovers
|upkeep
|turn|6
|
|t:|1760405156
|switch|p2a: Gliscor|Gliscor, F|100/100 tox
|move|p1a: Copperajah|Play Rough|p2a: Gliscor
|-damage|p2a: Gliscor|66/100 tox
|
|-heal|p2a: Gliscor|78/100 tox|[from] ability: Poison Heal
|upkeep
|turn|7
|
|t:|1760405162
|move|p2a: Gliscor|Spikes|p1a: Copperajah
|-sidestart|p1: Palafin Paladin|Spikes
|move|p1a: Copperajah|Iron Head|p2a: Gliscor
|-damage|p2a: Gliscor|28/100 tox
|
|-heal|p2a: Gliscor|41/100 tox|[from] ability: Poison Heal
|upkeep
|turn|8
|
|t:|1760405167
|move|p2a: Gliscor|Protect|p2a: Gliscor
|-singleturn|p2a: Gliscor|Protect
|move|p1a: Copperajah|Iron Head|p2a: Gliscor
|-activate|p2a: Gliscor|move: Protect
|
|-heal|p2a: Gliscor|53/100 tox|[from] ability: Poison Heal
|upkeep
|turn|9
|
|t:|1760405176
|move|p2a: Gliscor|Spikes|p1a: Copperajah
|-sidestart|p1: Palafin Paladin|Spikes
|move|p1a: Copperajah|Iron Head|p2a: Gliscor
|-damage|p2a: Gliscor|10/100 tox
|
|-heal|p2a: Gliscor|22/100 tox|[from] ability: Poison Heal
|upkeep
|turn|10
|
|t:|1760405186
|move|p2a: Gliscor|Protect|p2a: Gliscor
|-singleturn|p2a: Gliscor|Protect
|move|p1a: Copperajah|Iron Head|p2a: Gliscor
|-activate|p2a: Gliscor|move: Protect
|
|-heal|p2a: Gliscor|35/100 tox|[from] ability: Poison Heal
|upkeep
|turn|11
|
|t:|1760405189
|move|p2a: Gliscor|Earthquake|p1a: Copperajah
|-supereffective|p1a: Copperajah
|-damage|p1a: Copperajah|32/100
|move|p1a: Copperajah|Iron Head|p2a: Gliscor
|-damage|p2a: Gliscor|0 fnt
|faint|p2a: Gliscor
|
|upkeep
|
|t:|1760405198
|switch|p2a: Scizor|Scizor, M|100/100
|turn|12
|
|t:|1760405203
|-terastallize|p2a: Scizor|Fire
|move|p2a: Scizor|Tera Blast|p1a: Copperajah|[anim] Tera Blast Fire
|-supereffective|p1a: Copperajah
|-damage|p1a: Copperajah|0 fnt
|faint|p1a: Copperajah
|
|upkeep
|
|t:|1760405211
|switch|p1a: Flygon|Flygon, M|100/100
|-damage|p1a: Flygon|95/100|[from] Stealth Rock
|turn|13
|
|t:|1760405215
|switch|p2a: Clefable|Clefable, F|91/100
|move|p1a: Flygon|Earthquake|p2a: Clefable
|-damage|p2a: Clefable|47/100
|-damage|p1a: Flygon|85/100|[from] item: Life Orb
|
|-heal|p2a: Clefable|53/100|[from] item: Leftovers
|upkeep
|turn|14
|
|t:|1760405244
|switch|p2a: Meowscarada|Meowscarada, M|100/100
|move|p1a: Flygon|Earthquake|p2a: Meowscarada
|-resisted|p2a: Meowscarada
|-damage|p2a: Meowscarada|55/100
|-damage|p1a: Flygon|75/100|[from] item: Life Orb
|
|upkeep
|turn|15
|
|t:|1760405256
|-terastallize|p1a: Flygon|Fire
|move|p2a: Meowscarada|Triple Axel|p1a: Flygon
|-start|p2a: Meowscarada|typechange|Ice|[from] ability: Protean
|-resisted|p1a: Flygon
|-damage|p1a: Flygon|69/100
|-resisted|p1a: Flygon
|-damage|p1a: Flygon|55/100
|-resisted|p1a: Flygon
|-damage|p1a: Flygon|38/100
|-hitcount|p1a: Flygon|3
|move|p1a: Flygon|Fire Punch|p2a: Meowscarada
|-supereffective|p2a: Meowscarada
|-damage|p2a: Meowscarada|0 fnt
|faint|p2a: Meowscarada
|-damage|p1a: Flygon|28/100|[from] item: Life Orb
|
|upkeep
|
|t:|1760405265
|switch|p2a: Scizor|Scizor, M, tera:Fire|100/100
|turn|16
|
|t:|1760405270
|move|p2a: Scizor|Bullet Punch|p1a: Flygon
|-resisted|p1a: Flygon
|-damage|p1a: Flygon|3/100
|move|p1a: Flygon|Earthquake|p2a: Scizor
|-supereffective|p2a: Scizor
|-damage|p2a: Scizor|0 fnt
|faint|p2a: Scizor
|-damage|p1a: Flygon|0 fnt|[from] item: Life Orb
|faint|p1a: Flygon
|
|upkeep
|
|t:|1760405274
|switch|p1a: Hitmontop|Hitmontop, M|70/100
|switch|p2a: Clefable|Clefable, F|53/100
|-damage|p1a: Hitmontop|64/100|[from] Stealth Rock
|-damage|p1a: Hitmontop|48/100|[from] Spikes
|turn|17
|
|t:|1760405278
|move|p2a: Clefable|Protect|p2a: Clefable
|-singleturn|p2a: Clefable|Protect
|move|p1a: Hitmontop|Rapid Spin|p2a: Clefable
|-activate|p2a: Clefable|move: Protect
|
|-heal|p2a: Clefable|59/100|[from] item: Leftovers
|upkeep
|turn|18
|
|t:|1760405307
|move|p1a: Hitmontop|Rapid Spin|p2a: Clefable
|-damage|p2a: Clefable|44/100
|-boost|p1a: Hitmontop|spe|1
|-sideend|p1: Palafin Paladin|Spikes|[from] move: Rapid Spin|[of] p1a: Hitmontop
|-sideend|p1: Palafin Paladin|Stealth Rock|[from] move: Rapid Spin|[of] p1a: Hitmontop
|move|p2a: Clefable|Moonblast|p1a: Hitmontop
|-supereffective|p1a: Hitmontop
|-damage|p1a: Hitmontop|0 fnt
|faint|p1a: Hitmontop
|
|-heal|p2a: Clefable|50/100|[from] item: Leftovers
|upkeep
|
|t:|1760405311
|switch|p1a: Toxtricity|Toxtricity, F|100/100
|turn|19
|
|t:|1760405315
|switch|p2a: Slowking|Slowking-Galar, M|100/100
|move|p1a: Toxtricity|Sludge Bomb|p2a: Slowking
|-resisted|p2a: Slowking
|-damage|p2a: Slowking|86/100
|
|upkeep
|turn|20
|
|t:|1760405320
|move|p1a: Toxtricity|Sludge Bomb|p2a: Slowking
|-resisted|p2a: Slowking
|-damage|p2a: Slowking|71/100
|move|p2a: Slowking|Future Sight|p1a: Toxtricity
|-start|p2a: Slowking|move: Future Sight
|
|upkeep
|turn|21
|
|t:|1760405326
|move|p1a: Toxtricity|Sludge Bomb|p2a: Slowking
|-resisted|p2a: Slowking
|-damage|p2a: Slowking|58/100
|move|p2a: Slowking|Sludge Bomb|p1a: Toxtricity
|-resisted|p1a: Toxtricity
|-damage|p1a: Toxtricity|75/100
|
|upkeep
|turn|22
|
|t:|1760405329
|move|p1a: Toxtricity|Sludge Bomb|p2a: Slowking
|-resisted|p2a: Slowking
|-damage|p2a: Slowking|45/100
|-prepare|p2a: Slowking|Chilly Reception|[premajor]
|move|p2a: Slowking|Chilly Reception|p2a: Slowking
|-weather|Snowscape
|
|t:|1760405336
|switch|p2a: Clefable|Clefable, F|50/100|[from] Chilly Reception
|
|-weather|Snowscape|[upkeep]
|-end|p1a: Toxtricity|move: Future Sight
|-supereffective|p1a: Toxtricity
|-damage|p1a: Toxtricity|0 fnt
|faint|p1a: Toxtricity
|-heal|p2a: Clefable|56/100|[from] item: Leftovers
|upkeep
|
|t:|1760405340
|switch|p1a: Barraskewda|Barraskewda, F|100/100
|turn|23
|
|t:|1760405348
|move|p1a: Barraskewda|Flip Turn|p2a: Clefable
|-damage|p2a: Clefable|19/100
|
|t:|1760405351
|switch|p1a: Bellossom|Bellossom, F, shiny|100/100|[from] Flip Turn
|move|p2a: Clefable|Wish|p2a: Clefable
|
|-weather|Snowscape|[upkeep]
|-heal|p2a: Clefable|25/100|[from] item: Leftovers
|upkeep
|turn|24
|
|t:|1760405355
|move|p2a: Clefable|Protect|p2a: Clefable
|-singleturn|p2a: Clefable|Protect
|move|p1a: Bellossom|Giga Drain|p2a: Clefable
|-activate|p2a: Clefable|move: Protect
|
|-weather|Snowscape|[upkeep]
|-heal|p2a: Clefable|75/100|[from] move: Wish|[wisher] Clefable
|-heal|p2a: Clefable|81/100|[from] item: Leftovers
|upkeep
|turn|25
|
|t:|1760405359
|move|p1a: Bellossom|Quiver Dance|p1a: Bellossom
|-boost|p1a: Bellossom|spa|1
|-boost|p1a: Bellossom|spd|1
|-boost|p1a: Bellossom|spe|1
|move|p2a: Clefable|Wish|p2a: Clefable
|
|-weather|Snowscape|[upkeep]
|-heal|p2a: Clefable|88/100|[from] item: Leftovers
|upkeep
|turn|26
|
|t:|1760405368
|switch|p2a: Slowking|Slowking-Galar, M|79/100
|move|p1a: Bellossom|Giga Drain|p2a: Slowking
|-resisted|p2a: Slowking
|-damage|p2a: Slowking|66/100
|
|-weather|none
|-heal|p2a: Slowking|100/100|[from] move: Wish|[wisher] Clefable
|upkeep
|turn|27
|
|t:|1760405373
|switch|p1a: Barraskewda|Barraskewda, F|100/100
|move|p2a: Slowking|Sludge Bomb|p1a: Barraskewda
|-damage|p1a: Barraskewda|27/100
|-status|p1a: Barraskewda|psn
|
|-damage|p1a: Barraskewda|15/100 psn|[from] psn
|upkeep
|turn|28
|
|t:|1760405377
|switch|p2a: Dondozo|Dondozo, M|53/100
|move|p1a: Barraskewda|Liquidation|p2a: Dondozo
|-resisted|p2a: Dondozo
|-damage|p2a: Dondozo|38/100
|
|-damage|p1a: Barraskewda|2/100 psn|[from] psn
|upkeep
|turn|29
|
|t:|1760405384
|switch|p2a: Clefable|Clefable, F|88/100
|move|p1a: Barraskewda|Liquidation|p2a: Clefable
|-damage|p2a: Clefable|39/100
|
|-heal|p2a: Clefable|45/100|[from] item: Leftovers
|-damage|p1a: Barraskewda|0 fnt|[from] psn
|faint|p1a: Barraskewda
|upkeep
|
|t:|1760405386
|switch|p1a: Bellossom|Bellossom, F, shiny|100/100
|turn|30
|
|t:|1760405391
|switch|p2a: Slowking|Slowking-Galar, M|100/100
|move|p1a: Bellossom|Quiver Dance|p1a: Bellossom
|-boost|p1a: Bellossom|spa|1
|-boost|p1a: Bellossom|spd|1
|-boost|p1a: Bellossom|spe|1
|
|upkeep
|turn|31
|
|t:|1760405393
|move|p1a: Bellossom|Quiver Dance|p1a: Bellossom
|-boost|p1a: Bellossom|spa|1
|-boost|p1a: Bellossom|spd|1
|-boost|p1a: Bellossom|spe|1
|move|p2a: Slowking|Sludge Bomb|p1a: Bellossom
|-supereffective|p1a: Bellossom
|-damage|p1a: Bellossom|63/100
|
|-heal|p1a: Bellossom|69/100|[from] item: Leftovers
|upkeep
|turn|32
|
|t:|1760405395
|move|p1a: Bellossom|Quiver Dance|p1a: Bellossom
|-boost|p1a: Bellossom|spa|1
|-boost|p1a: Bellossom|spd|1
|-boost|p1a: Bellossom|spe|1
|move|p2a: Slowking|Sludge Bomb|p1a: Bellossom
|-supereffective|p1a: Bellossom
|-damage|p1a: Bellossom|39/100
|
|-heal|p1a: Bellossom|46/100|[from] item: Leftovers
|upkeep
|turn|33
|
|t:|1760405398
|move|p1a: Bellossom|Quiver Dance|p1a: Bellossom
|-boost|p1a: Bellossom|spa|1
|-boost|p1a: Bellossom|spd|1
|-boost|p1a: Bellossom|spe|1
|move|p2a: Slowking|Sludge Bomb|p1a: Bellossom
|-supereffective|p1a: Bellossom
|-damage|p1a: Bellossom|20/100
|
|-heal|p1a: Bellossom|26/100|[from] item: Leftovers
|upkeep
|turn|34
|
|t:|1760405406
|move|p1a: Bellossom|Strength Sap|p2a: Slowking
|-unboost|p2a: Slowking|atk|1
|-heal|p1a: Bellossom|73/100
|move|p2a: Slowking|Sludge Bomb|p1a: Bellossom
|-supereffective|p1a: Bellossom
|-damage|p1a: Bellossom|48/100
|
|-heal|p1a: Bellossom|54/100|[from] item: Leftovers
|upkeep
|turn|35
|
|t:|1760405410
|move|p1a: Bellossom|Quiver Dance|p1a: Bellossom
|-boost|p1a: Bellossom|spa|1
|-boost|p1a: Bellossom|spd|1
|-boost|p1a: Bellossom|spe|1
|move|p2a: Slowking|Sludge Bomb|p1a: Bellossom
|-supereffective|p1a: Bellossom
|-damage|p1a: Bellossom|29/100
|-status|p1a: Bellossom|psn
|
|-heal|p1a: Bellossom|36/100 psn|[from] item: Leftovers
|-damage|p1a: Bellossom|23/100 psn|[from] psn
|upkeep
|turn|36
|
|t:|1760405414
|move|p1a: Bellossom|Giga Drain|p2a: Slowking
|-resisted|p2a: Slowking
|-damage|p2a: Slowking|72/100
|-heal|p1a: Bellossom|42/100 psn|[from] drain|[of] p2a: Slowking
|move|p2a: Slowking|Sludge Bomb|p1a: Bellossom
|-supereffective|p1a: Bellossom
|-damage|p1a: Bellossom|21/100 psn
|
|-heal|p1a: Bellossom|27/100 psn|[from] item: Leftovers
|-damage|p1a: Bellossom|15/100 psn|[from] psn
|upkeep
|turn|37
|
|t:|1760405423
|move|p1a: Bellossom|Strength Sap|p2a: Slowking
|-unboost|p2a: Slowking|atk|1
|-heal|p1a: Bellossom|46/100 psn
|move|p2a: Slowking|Sludge Bomb|p1a: Bellossom
|-supereffective|p1a: Bellossom
|-damage|p1a: Bellossom|23/100 psn
|
|-heal|p1a: Bellossom|29/100 psn|[from] item: Leftovers
|-damage|p1a: Bellossom|17/100 psn|[from] psn
|upkeep
|turn|38
|
|t:|1760405427
|move|p1a: Bellossom|Giga Drain|p2a: Slowking
|-resisted|p2a: Slowking
|-damage|p2a: Slowking|46/100
|-heal|p1a: Bellossom|35/100 psn|[from] drain|[of] p2a: Slowking
|move|p2a: Slowking|Sludge Bomb|p1a: Bellossom
|-supereffective|p1a: Bellossom
|-damage|p1a: Bellossom|14/100 psn
|
|-heal|p1a: Bellossom|20/100 psn|[from] item: Leftovers
|-damage|p1a: Bellossom|7/100 psn|[from] psn
|upkeep
|turn|39
|
|t:|1760405431
|move|p1a: Bellossom|Giga Drain|p2a: Slowking
|-resisted|p2a: Slowking
|-crit|p2a: Slowking
|-damage|p2a: Slowking|2/100
|-heal|p1a: Bellossom|37/100 psn|[from] drain|[of] p2a: Slowking
|move|p2a: Slowking|Sludge Bomb|p1a: Bellossom
|-supereffective|p1a: Bellossom
|-damage|p1a: Bellossom|13/100 psn
|
|-heal|p1a: Bellossom|19/100 psn|[from] item: Leftovers
|-damage|p1a: Bellossom|6/100 psn|[from] psn
|upkeep
|turn|40
|
|t:|1760405436
|move|p1a: Bellossom|Strength Sap|p2a: Slowking
|-unboost|p2a: Slowking|atk|1
|-heal|p1a: Bellossom|29/100 psn
|move|p2a: Slowking|Sludge Bomb|p1a: Bellossom
|-supereffective|p1a: Bellossom
|-damage|p1a: Bellossom|8/100 psn
|
|-heal|p1a: Bellossom|14/100 psn|[from] item: Leftovers
|-damage|p1a: Bellossom|2/100 psn|[from] psn
|upkeep
|turn|41
|
|t:|1760405449
|move|p1a: Bellossom|Giga Drain|p2a: Slowking
|-resisted|p2a: Slowking
|-damage|p2a: Slowking|0 fnt
|-heal|p1a: Bellossom|3/100 psn|[from] drain|[of] p2a: Slowking
|faint|p2a: Slowking
|
|-heal|p1a: Bellossom|9/100 psn|[from] item: Leftovers
|-damage|p1a: Bellossom|0 fnt|[from] psn
|faint|p1a: Bellossom
|
|win|CFMathMaster
|raw|Palafin Paladin's rating: 1337 &rarr; <strong>1317</strong><br />(-20 for losing)
|raw|CFMathMaster's rating: 1335 &rarr; <strong>1355</strong><br />(+20 for winning)
|l|☆Palafin Paladin
|player|p1|
|l|☆CFMathMaster
|player|p2|
