|j|☆jahleel
|j|☆boxhero147
|t:|1760332817
|gametype|singles
|player|p1|jahleel|dancer|1651
|player|p2|boxhero147|steven|1623
|gen|9
|tier|[Gen 9] OU
|rated|
|rule|HP Percentage Mod: HP is shown in percentages
|rule|Endless Battle Clause: Forcing endless battles is banned
|rule|Species Clause: Limit one of each Pokémon
|rule|OHKO Clause: OHKO moves are banned
|rule|Evasion Items Clause: Evasion items are banned
|rule|Evasion Moves Clause: Evasion moves are banned
|rule|Evasion Abilities Clause: Evasion abilities are banned
|rule|Sleep Moves Clause: Sleep-inducing moves are banned
|clearpoke
|poke|p1|Corviknight, F|
|poke|p1|Cinderace, M|
|poke|p1|Slowking-Galar, M|
|poke|p1|Kyurem|
|poke|p1|Darkrai|
|poke|p1|Ting-Lu|
|poke|p2|Landorus-Therian, M|
|poke|p2|Zamazenta-*|
|poke|p2|Scizor, F|
|poke|p2|Pecharunt|
|poke|p2|Latios, M|
|poke|p2|Primarina, M|
|teampreview
|
|t:|1760332831
|teamsize|p1|6
|teamsize|p2|6
|start
|switch|p1a: Ban Appeal|Darkrai|100/100
|switch|p2a: Primarina|Primarina, M|100/100
|turn|1
|
|t:|1760332837
|switch|p1a: Alt Account|Slowking-Galar, M|100/100
|move|p2a: Primarina|Moonblast|p1a: Alt Account
|-resisted|p1a: Alt Account
|-damage|p1a: Alt Account|81/100
|
|upkeep
|turn|2
|
|t:|1760332845
|move|p2a: Primarina|Flip Turn|p1a: Alt Account
|-damage|p1a: Alt Account|70/100
|
|t:|1760332849
|switch|p2a: Scizor|Scizor, F|100/100|[from] Flip Turn
|-prepare|p1a: Alt Account|Chilly Reception|[premajor]
|move|p1a: Alt Account|Chilly Reception|p1a: Alt Account
|-weather|Snowscape
|
|t:|1760332857
|switch|p1a: LagSwitch|Cinderace, M|100/100|[from] Chilly Reception
|
|-weather|Snowscape|[upkeep]
|upkeep
|turn|3
|
|t:|1760332862
|switch|p2a: Landorus|Landorus-Therian, M|100/100
|-ability|p2a: Landorus|Intimidate|boost
|-unboost|p1a: LagSwitch|atk|1
|move|p1a: LagSwitch|Will-O-Wisp|p2a: Landorus
|-status|p2a: Landorus|brn
|
|-weather|Snowscape|[upkeep]
|-damage|p2a: Landorus|94/100 brn|[from] brn
|upkeep
|turn|4
|
|t:|1760332872
|switch|p1a: Hardstuck|Corviknight, F|100/100
|-ability|p1a: Hardstuck|Pressure
|move|p2a: Landorus|Stealth Rock|p1a: Hardstuck
|-sidestart|p1: jahleel|move: Stealth Rock
|
|-weather|Snowscape|[upkeep]
|-damage|p2a: Landorus|88/100 brn|[from] brn
|upkeep
|turn|5
|
|t:|1760332878
|move|p2a: Landorus|Taunt|p1a: Hardstuck
|-start|p1a: Hardstuck|move: Taunt
|cant|p1a: Hardstuck|move: Taunt|Defog
|
|-weather|Snowscape|[upkeep]
|-damage|p2a: Landorus|82/100 brn|[from] brn
|upkeep
|turn|6
|
|t:|1760332884
|move|p2a: Landorus|U-turn|p1a: Hardstuck
|-resisted|p1a: Hardstuck
|-damage|p1a: Hardstuck|99/100
|-damage|p2a: Landorus|66/100 brn|[from] item: Rocky Helmet|[of] p1a: Hardstuck
|
|t:|1760332890
|switch|p2a: Scizor|Scizor, F|100/100|[from] U-turn
|move|p1a: Hardstuck|Body Press|p2a: Scizor
|-damage|p2a: Scizor|73/100
|
|-weather|none
|upkeep
|turn|7
|
|t:|1760332899
|move|p2a: Scizor|Knock Off|p1a: Hardstuck
|-damage|p1a: Hardstuck|64/100
|-damage|p2a: Scizor|56/100|[from] item: Rocky Helmet|[of] p1a: Hardstuck
|-enditem|p1a: Hardstuck|Rocky Helmet|[from] move: Knock Off|[of] p2a: Scizor
|move|p1a: Hardstuck|Body Press|p2a: Scizor
|-damage|p2a: Scizor|27/100
|
|-end|p1a: Hardstuck|move: Taunt
|upkeep
|turn|8
|
|t:|1760332907
|switch|p2a: Landorus|Landorus-Therian, M|66/100 brn
|-ability|p2a: Landorus|Intimidate|boost
|-unboost|p1a: Hardstuck|atk|1
|move|p1a: Hardstuck|Roost|p1a: Hardstuck
|-heal|p1a: Hardstuck|100/100
|-singleturn|p1a: Hardstuck|move: Roost
|
|-damage|p2a: Landorus|60/100 brn|[from] brn
|upkeep
|turn|9
|
|t:|1760332913
|move|p2a: Landorus|Taunt|p1a: Hardstuck
|-start|p1a: Hardstuck|move: Taunt
|move|p1a: Hardstuck|Body Press|p2a: Landorus
|-resisted|p2a: Landorus
|-damage|p2a: Landorus|47/100 brn
|-damage|p1a: Hardstuck|84/100|[from] item: Rocky Helmet|[of] p2a: Landorus
|
|-damage|p2a: Landorus|41/100 brn|[from] brn
|upkeep
|turn|10
|
|t:|1760332917
|move|p2a: Landorus|Stealth Rock||[still]
|-fail|p2a: Landorus
|move|p1a: Hardstuck|Body Press|p2a: Landorus
|-resisted|p2a: Landorus
|-crit|p2a: Landorus
|-damage|p2a: Landorus|23/100 brn
|-damage|p1a: Hardstuck|67/100|[from] item: Rocky Helmet|[of] p2a: Landorus
|
|-damage|p2a: Landorus|17/100 brn|[from] brn
|upkeep
|turn|11
|
|t:|1760332928
|move|p2a: Landorus|U-turn|p1a: Hardstuck
|-resisted|p1a: Hardstuck
|-damage|p1a: Hardstuck|66/100
|
|t:|1760332930
|switch|p2a: Primarina|Primarina, M|100/100|[from] U-turn
|move|p1a: Hardstuck|Body Press|p2a: Primarina
|-resisted|p2a: Primarina
|-damage|p2a: Primarina|82/100
|
|-end|p1a: Hardstuck|move: Taunt
|upkeep
|turn|12
|
|t:|1760332937
|switch|p1a: Alt Account|Slowking-Galar, M|100/100
|-damage|p1a: Alt Account|88/100|[from] Stealth Rock
|move|p2a: Primarina|Psychic Noise|p1a: Alt Account
|-damage|p1a: Alt Account|67/100
|-start|p1a: Alt Account|move: Heal Block
|
|upkeep
|turn|13
|
|t:|1760332940
|move|p2a: Primarina|Sparkling Aria|p1a: Alt Account
|-damage|p1a: Alt Account|31/100
|-prepare|p1a: Alt Account|Chilly Reception|[premajor]
|move|p1a: Alt Account|Chilly Reception|p1a: Alt Account
|-weather|Snowscape
|
|t:|1760332956
|switch|p1a: Mental Boom|Ting-Lu|100/100|[from] Chilly Reception
|-damage|p1a: Mental Boom|94/100|[from] Stealth Rock
|-ability|p1a: Mental Boom|Vessel of Ruin
|
|-weather|Snowscape|[upkeep]
|-heal|p1a: Mental Boom|100/100|[from] item: Leftovers
|upkeep
|turn|14
|
|t:|1760332967
|-terastallize|p1a: Mental Boom|Poison
|move|p2a: Primarina|Flip Turn|p1a: Mental Boom
|-damage|p1a: Mental Boom|92/100
|
|t:|1760332970
|switch|p2a: Landorus|Landorus-Therian, M|17/100 brn|[from] Flip Turn
|-ability|p2a: Landorus|Intimidate|boost
|-unboost|p1a: Mental Boom|atk|1
|move|p1a: Mental Boom|Earthquake|p2a: Landorus
|-immune|p2a: Landorus
|
|-weather|Snowscape|[upkeep]
|-heal|p1a: Mental Boom|98/100|[from] item: Leftovers
|-damage|p2a: Landorus|11/100 brn|[from] brn
|upkeep
|turn|15
|
|t:|1760332979
|switch|p1a: Hardstuck|Corviknight, F|66/100
|-damage|p1a: Hardstuck|53/100|[from] Stealth Rock
|-ability|p1a: Hardstuck|Pressure
|move|p2a: Landorus|Earthquake|p1a: Hardstuck
|-immune|p1a: Hardstuck
|
|-weather|Snowscape|[upkeep]
|-damage|p2a: Landorus|5/100 brn|[from] brn
|upkeep
|turn|16
|
|t:|1760332983
|move|p2a: Landorus|Taunt|p1a: Hardstuck
|-start|p1a: Hardstuck|move: Taunt
|cant|p1a: Hardstuck|move: Taunt|Roost
|
|-weather|Snowscape|[upkeep]
|-damage|p2a: Landorus|0 fnt|[from] brn
|faint|p2a: Landorus
|upkeep
|
|t:|1760332990
|switch|p2a: Primarina|Primarina, M|82/100
|turn|17
|
|t:|1760332995
|switch|p1a: Mental Boom|Ting-Lu, tera:Poison|98/100
|-damage|p1a: Mental Boom|86/100|[from] Stealth Rock
|-ability|p1a: Mental Boom|Vessel of Ruin
|move|p2a: Primarina|Sparkling Aria|p1a: Mental Boom
|-damage|p1a: Mental Boom|63/100
|
|-weather|none
|-heal|p1a: Mental Boom|69/100|[from] item: Leftovers
|upkeep
|turn|18
|
|t:|1760332999
|move|p2a: Primarina|Psychic Noise|p1a: Mental Boom
|-supereffective|p1a: Mental Boom
|-damage|p1a: Mental Boom|47/100
|-start|p1a: Mental Boom|move: Heal Block
|move|p1a: Mental Boom|Earthquake|p2a: Primarina
|-damage|p2a: Primarina|28/100
|
|upkeep
|turn|19
|
|t:|1760333006
|move|p2a: Primarina|Psychic Noise|p1a: Mental Boom
|-supereffective|p1a: Mental Boom
|-damage|p1a: Mental Boom|23/100
|move|p1a: Mental Boom|Earthquake|p2a: Primarina
|-damage|p2a: Primarina|0 fnt
|faint|p2a: Primarina
|
|-end|p1a: Mental Boom|move: Heal Block
|upkeep
|
|t:|1760333011
|switch|p2a: Latios|Latios, M|100/100
|turn|20
|
|t:|1760333018
|switch|p1a: Alt Account|Slowking-Galar, M|65/100
|-damage|p1a: Alt Account|52/100|[from] Stealth Rock
|move|p2a: Latios|Luster Purge|p1a: Alt Account
|-damage|p1a: Alt Account|9/100
|-unboost|p1a: Alt Account|spd|1
|
|upkeep
|turn|21
|
|t:|1760333046
|switch|p1a: Ban Appeal|Darkrai|100/100
|-damage|p1a: Ban Appeal|88/100|[from] Stealth Rock
|move|p2a: Latios|Aura Sphere|p1a: Ban Appeal
|-supereffective|p1a: Ban Appeal
|-damage|p1a: Ban Appeal|12/100
|
|upkeep
|turn|22
|
|t:|1760333056
|switch|p2a: Pecharunt|Pecharunt|100/100
|move|p1a: Ban Appeal|Dark Pulse|p2a: Pecharunt
|-supereffective|p2a: Pecharunt
|-damage|p2a: Pecharunt|21/100
|
|upkeep
|turn|23
|
|t:|1760333061
|move|p1a: Ban Appeal|Dark Pulse|p2a: Pecharunt
|-supereffective|p2a: Pecharunt
|-damage|p2a: Pecharunt|0 fnt
|faint|p2a: Pecharunt
|
|upkeep
|
|t:|1760333066
|switch|p2a: Scizor|Scizor, F|27/100
|turn|24
|
|t:|1760333070
|switch|p1a: LagSwitch|Cinderace, M|100/100
|move|p2a: Scizor|Close Combat|p1a: LagSwitch
|-damage|p1a: LagSwitch|23/100
|-unboost|p2a: Scizor|def|1
|-unboost|p2a: Scizor|spd|1
|
|upkeep
|turn|25
|
|t:|1760333077
|move|p1a: LagSwitch|Court Change|p1a: LagSwitch
|-swapsideconditions
|-activate|p1a: LagSwitch|move: Court Change
|move|p2a: Scizor|Close Combat|p1a: LagSwitch
|-damage|p1a: LagSwitch|0 fnt
|-unboost|p2a: Scizor|def|1
|-unboost|p2a: Scizor|spd|1
|faint|p1a: LagSwitch
|
|upkeep
|
|t:|1760333121
|switch|p1a: Alt Account|Slowking-Galar, M|42/100
|turn|26
|
|t:|1760333126
|switch|p2a: Latios|Latios, M|100/100
|-damage|p2a: Latios|88/100|[from] Stealth Rock
|switch|p1a: Hardstuck|Corviknight, F|53/100
|-ability|p1a: Hardstuck|Pressure
|
|upkeep
|turn|27
|
|t:|1760333131
|switch|p1a: Ban Appeal|Darkrai|12/100
|move|p2a: Latios|Luster Purge|p1a: Ban Appeal
|-immune|p1a: Ban Appeal
|
|upkeep
|turn|28
|
|t:|1760333141
|-terastallize|p2a: Latios|Steel
|move|p1a: Ban Appeal|Dark Pulse|p2a: Latios
|-damage|p2a: Latios|44/100
|move|p2a: Latios|Aura Sphere|p1a: Ban Appeal
|-supereffective|p1a: Ban Appeal
|-damage|p1a: Ban Appeal|0 fnt
|faint|p1a: Ban Appeal
|
|upkeep
|
|t:|1760333160
|switch|p1a: Hardstuck|Corviknight, F|53/100
|-ability|p1a: Hardstuck|Pressure
|turn|29
|
|t:|1760333165
|move|p2a: Latios|Luster Purge|p1a: Hardstuck
|-resisted|p1a: Hardstuck
|-damage|p1a: Hardstuck|25/100
|move|p1a: Hardstuck|Body Press|p2a: Latios
|-supereffective|p2a: Latios
|-damage|p2a: Latios|0 fnt
|faint|p2a: Latios
|
|upkeep
|
|t:|1760333171
|switch|p2a: Zamazenta|Zamazenta|100/100
|-damage|p2a: Zamazenta|94/100|[from] Stealth Rock
|-ability|p2a: Zamazenta|Dauntless Shield|boost
|-boost|p2a: Zamazenta|def|1
|turn|30
|
|t:|1760333175
|switch|p1a: Alt Account|Slowking-Galar, M|75/100
|move|p2a: Zamazenta|Body Press|p1a: Alt Account
|-resisted|p1a: Alt Account
|-damage|p1a: Alt Account|65/100
|
|-heal|p2a: Zamazenta|100/100|[from] item: Leftovers
|upkeep
|turn|31
|
|t:|1760333180
|move|p2a: Zamazenta|Crunch|p1a: Alt Account
|-supereffective|p1a: Alt Account
|-enditem|p1a: Alt Account|Colbur Berry|[eat]
|-enditem|p1a: Alt Account|Colbur Berry|[weaken]
|-damage|p1a: Alt Account|49/100
|move|p1a: Alt Account|Toxic|p2a: Zamazenta
|-status|p2a: Zamazenta|tox
|
|-damage|p2a: Zamazenta|94/100 tox|[from] psn
|upkeep
|turn|32
|
|t:|1760333191
|move|p2a: Zamazenta|Crunch|p1a: Alt Account
|-supereffective|p1a: Alt Account
|-crit|p1a: Alt Account
|-damage|p1a: Alt Account|1/100
|-prepare|p1a: Alt Account|Chilly Reception|[premajor]
|move|p1a: Alt Account|Chilly Reception|p1a: Alt Account
|-weather|Snowscape
|
|t:|1760333204
|switch|p1a: Mental Boom|Ting-Lu, tera:Poison|23/100|[from] Chilly Reception
|-ability|p1a: Mental Boom|Vessel of Ruin
|
|-weather|Snowscape|[upkeep]
|-heal|p2a: Zamazenta|100/100 tox|[from] item: Leftovers
|-heal|p1a: Mental Boom|29/100|[from] item: Leftovers
|-damage|p2a: Zamazenta|88/100 tox|[from] psn
|upkeep
|turn|33
|
|t:|1760333210
|move|p2a: Zamazenta|Iron Defense|p2a: Zamazenta
|-boost|p2a: Zamazenta|def|2
|move|p1a: Mental Boom|Rest|p1a: Mental Boom
|-status|p1a: Mental Boom|slp|[from] move: Rest
|-heal|p1a: Mental Boom|100/100 slp|[silent]
|
|-weather|Snowscape|[upkeep]
|-heal|p2a: Zamazenta|94/100 tox|[from] item: Leftovers
|-damage|p2a: Zamazenta|76/100 tox|[from] psn
|upkeep
|turn|34
|
|t:|1760333216
|move|p2a: Zamazenta|Body Press|p1a: Mental Boom
|-resisted|p1a: Mental Boom
|-damage|p1a: Mental Boom|78/100 slp
|cant|p1a: Mental Boom|slp
|move|p1a: Mental Boom|Sleep Talk|p1a: Mental Boom
|move|p1a: Mental Boom|Earthquake|p2a: Zamazenta|[from] move: Sleep Talk
|-crit|p2a: Zamazenta
|-damage|p2a: Zamazenta|32/100 tox
|
|-weather|Snowscape|[upkeep]
|-heal|p2a: Zamazenta|39/100 tox|[from] item: Leftovers
|-heal|p1a: Mental Boom|84/100 slp|[from] item: Leftovers
|-damage|p2a: Zamazenta|14/100 tox|[from] psn
|upkeep
|turn|35
|
|t:|1760333222
|move|p2a: Zamazenta|Iron Defense|p2a: Zamazenta
|-boost|p2a: Zamazenta|def|2
|cant|p1a: Mental Boom|slp
|move|p1a: Mental Boom|Sleep Talk|p1a: Mental Boom
|move|p1a: Mental Boom|Payback|p2a: Zamazenta|[from] move: Sleep Talk
|-resisted|p2a: Zamazenta
|-damage|p2a: Zamazenta|10/100 tox
|
|-weather|Snowscape|[upkeep]
|-heal|p2a: Zamazenta|16/100 tox|[from] item: Leftovers
|-heal|p1a: Mental Boom|90/100 slp|[from] item: Leftovers
|-damage|p2a: Zamazenta|0 fnt|[from] psn
|faint|p2a: Zamazenta
|upkeep
|
|t:|1760333224
|switch|p2a: Scizor|Scizor, F|27/100
|-damage|p2a: Scizor|14/100|[from] Stealth Rock
|turn|36
|
|t:|1760333228
|move|p2a: Scizor|Bullet Punch|p1a: Mental Boom
|-damage|p1a: Mental Boom|61/100 slp
|-curestatus|p1a: Mental Boom|slp|[msg]
|move|p1a: Mental Boom|Earthquake|p2a: Scizor
|-damage|p2a: Scizor|0 fnt
|faint|p2a: Scizor
|
|win|jahleel
|raw|jahleel's rating: 1651 &rarr; <strong>1669</strong><br />(+18 for winning)
|raw|boxhero147's rating: 1623 &rarr; <strong>1605</strong><br />(-18 for losing)
|l|☆boxhero147
|player|p2|
|l|☆jahleel
|player|p1|
