|j|☆girlsthatsmile
|j|☆Bug_catcher565
|t:|1760343025
|gametype|singles
|player|p1|girlsthatsmile|169|1129
|player|p2|Bug_catcher565|2|1074
|gen|9
|tier|[Gen 9] OU
|rated|
|rule|HP Percentage Mod: HP is shown in percentages
|rule|Endless Battle Clause: Forcing endless battles is banned
|rule|Species Clause: Limit one of each Pokémon
|rule|OHKO Clause: OHKO moves are banned
|rule|Evasion Items Clause: Evasion items are banned
|rule|Evasion Moves Clause: Evasion moves are banned
|rule|Evasion Abilities Clause: Evasion abilities are banned
|rule|Sleep Moves Clause: Sleep-inducing moves are banned
|clearpoke
|poke|p1|Dragapult, M|
|poke|p1|Samurott-Hisui, F|
|poke|p1|Heatran, F|
|poke|p1|Great Tusk|
|poke|p1|Enamorus, F|
|poke|p1|Tornadus-Therian, M|
|poke|p2|Bayleef, F|
|poke|p2|Enamorus, F|
|poke|p2|Serperior, M|
|poke|p2|Spidops, F|
|poke|p2|Gholdengo|
|poke|p2|Meowscarada, F|
|teampreview
|inactive|Battle timer is ON: inactive players will automatically lose when time's up. (requested by Bug_catcher565)
|
|t:|1760343035
|teamsize|p1|6
|teamsize|p2|6
|start
|switch|p1a: Heatran|Heatran, F|100/100
|switch|p2a: Spidops|Spidops, F|100/100
|-item|p1a: Heatran|Air Balloon
|turn|1
|
|t:|1760343045
|move|p1a: Heatran|Magma Storm|p2a: Spidops
|-supereffective|p2a: Spidops
|-damage|p2a: Spidops|20/100
|-activate|p2a: Spidops|move: Magma Storm|[of] p1a: Heatran
|move|p2a: Spidops|Sticky Web|p1a: Heatran
|-sidestart|p1: girlsthatsmile|move: Sticky Web
|
|-damage|p2a: Spidops|8/100|[from] move: Magma Storm|[partiallytrapped]
|upkeep
|turn|2
|
|t:|1760343055
|move|p1a: Heatran|Flash Cannon|p2a: Spidops
|-damage|p2a: Spidops|0 fnt
|faint|p2a: Spidops
|
|upkeep
|
|t:|1760343060
|switch|p2a: Enamorus|Enamorus, F|100/100
|turn|3
|
|t:|1760343067
|switch|p1a: Dragapult|Dragapult, M|100/100
|-activate|p1a: Dragapult|move: Sticky Web
|-unboost|p1a: Dragapult|spe|1
|-terastallize|p2a: Enamorus|Stellar
|move|p2a: Enamorus|Tera Blast|p1a: Dragapult|[anim] Tera Blast Stellar
|-damage|p1a: Dragapult|38/100
|-boost|p2a: Enamorus|atk|1
|-boost|p2a: Enamorus|spa|1
|
|upkeep
|turn|4
|
|t:|1760343093
|switch|p1a: Heatran|Heatran, F|100/100
|-item|p1a: Heatran|Air Balloon
|move|p2a: Enamorus|Tera Blast|p1a: Heatran|[anim] Tera Blast Stellar
|-damage|p1a: Heatran|52/100
|-boost|p2a: Enamorus|atk|1
|-boost|p2a: Enamorus|spa|1
|-enditem|p1a: Heatran|Air Balloon
|
|upkeep
|turn|5
|
|t:|1760343104
|move|p2a: Enamorus|Tera Blast|p1a: Heatran|[anim] Tera Blast Stellar
|-damage|p1a: Heatran|0 fnt
|-boost|p2a: Enamorus|atk|1
|-boost|p2a: Enamorus|spa|1
|faint|p1a: Heatran
|
|upkeep
|inactive|girlsthatsmile has 120 seconds left.
|
|t:|1760343127
|switch|p1a: Tornadus|Tornadus-Therian, M|100/100
|turn|6
|
|t:|1760343131
|move|p2a: Enamorus|Tera Blast|p1a: Tornadus|[anim] Tera Blast Stellar
|-damage|p1a: Tornadus|37/100
|-boost|p2a: Enamorus|atk|1
|-boost|p2a: Enamorus|spa|1
|move|p1a: Tornadus|Bleakwind Storm|p2a: Enamorus
|-damage|p2a: Enamorus|46/100
|-boost|p2a: Enamorus|spe|1
|
|upkeep
|turn|7
|inactive|girlsthatsmile has 120 seconds left.
|-message|girlsthatsmile forfeited.
|
|win|Bug_catcher565
|raw|girlsthatsmile's rating: 1129 &rarr; <strong>1100</strong><br />(-29 for losing)
|raw|Bug_catcher565's rating: 1074 &rarr; <strong>1107</strong><br />(+33 for winning)
|l|☆girlsthatsmile
|player|p1|
|l|☆Bug_catcher565
|player|p2|
