|j|☆Graveler's Delight
|j|☆matt90160
|t:|1760436167
|gametype|singles
|player|p1|Graveler's Delight|scientist-gen4dp|1339
|player|p2|matt90160|266|1380
|gen|9
|tier|[Gen 9] OU
|rated|
|rule|HP Percentage Mod: HP is shown in percentages
|rule|Endless Battle Clause: Forcing endless battles is banned
|rule|Species Clause: Limit one of each Pokémon
|rule|OHKO Clause: OHKO moves are banned
|rule|Evasion Items Clause: Evasion items are banned
|rule|Evasion Moves Clause: Evasion moves are banned
|rule|Evasion Abilities Clause: Evasion abilities are banned
|rule|Sleep Moves Clause: Sleep-inducing moves are banned
|clearpoke
|poke|p1|Orthworm, M|
|poke|p1|Graveler, F|
|poke|p1|Dragapult, F|
|poke|p1|Darkrai|
|poke|p1|Weavile, F|
|poke|p1|Weezing-Galar, M|
|poke|p2|Iron Crown|
|poke|p2|Samurott-Hisui, M|
|poke|p2|Zapdos|
|poke|p2|Dragapult, M|
|poke|p2|Great Tusk|
|poke|p2|Iron Boulder|
|teampreview
|inactive|Battle timer is ON: inactive players will automatically lose when time's up. (requested by Graveler's Delight)
|
|t:|1760436179
|teamsize|p1|6
|teamsize|p2|6
|start
|switch|p1a: Weavile|Weavile, F|100/100
|switch|p2a: Mindreader|Iron Crown|100/100
|turn|1
|
|t:|1760436193
|-terastallize|p2a: Mindreader|Steel
|move|p1a: Weavile|Fake Out|p2a: Mindreader
|-resisted|p2a: Mindreader
|-damage|p2a: Mindreader|93/100
|cant|p2a: Mindreader|flinch
|
|upkeep
|turn|2
|
|t:|1760436205
|switch|p1a: Orthworm|Orthworm, M|100/100
|move|p2a: Mindreader|Volt Switch|p1a: Orthworm
|-damage|p1a: Orthworm|44/100
|
|t:|1760436211
|-end|p2a: Mindreader|Quark Drive|[silent]
|switch|p2a: Hurikan|Zapdos|100/100|[from] Volt Switch
|
|upkeep
|turn|3
|
|t:|1760436218
|switch|p1a: Graveler|Graveler, F|100/100
|move|p2a: Hurikan|U-turn|p1a: Graveler
|-damage|p1a: Graveler|89/100
|
|t:|1760436223
|switch|p2a: Everytime We Touch|Samurott-Hisui, M|100/100|[from] U-turn
|
|upkeep
|turn|4
|
|t:|1760436233
|switch|p1a: Dragapult|Dragapult, F|100/100
|move|p2a: Everytime We Touch|Flip Turn|p1a: Dragapult
|-resisted|p1a: Dragapult
|-damage|p1a: Dragapult|82/100
|
|t:|1760436244
|switch|p2a: Parasite|Dragapult, M|100/100|[from] Flip Turn
|
|upkeep
|turn|5
|
|t:|1760436249
|move|p1a: Dragapult|Dragon Darts|p2a: Parasite
|-supereffective|p2a: Parasite
|-damage|p2a: Parasite|41/100
|-anim|p1a: Dragapult|Dragon Darts|p2a: Parasite
|-supereffective|p2a: Parasite
|-damage|p2a: Parasite|0 fnt
|faint|p2a: Parasite
|
|upkeep
|
|t:|1760436256
|switch|p2a: Mindreader|Iron Crown, tera:Steel|93/100
|turn|6
|
|t:|1760436261
|switch|p1a: Weezing|Weezing-Galar, M|100/100
|-ability|p1a: Weezing|Neutralizing Gas
|move|p2a: Mindreader|Tachyon Cutter|p1a: Weezing
|-supereffective|p1a: Weezing
|-damage|p1a: Weezing|0 fnt
|faint|p1a: Weezing
|-end|p1a: Weezing|ability: Neutralizing Gas
|-hitcount|p1: Weezing|1
|
|upkeep
|
|t:|1760436275
|switch|p1a: Orthworm|Orthworm, M|44/100
|turn|7
|
|t:|1760436280
|move|p2a: Mindreader|Tachyon Cutter|p1a: Orthworm
|-resisted|p1a: Orthworm
|-damage|p1a: Orthworm|5/100
|-resisted|p1a: Orthworm
|-damage|p1a: Orthworm|0 fnt
|faint|p1a: Orthworm
|-hitcount|p1: Orthworm|2
|
|upkeep
|-message|Graveler's Delight forfeited.
|
|win|matt90160
|raw|Graveler&apos;s Delight's rating: 1339 &rarr; <strong>1321</strong><br />(-18 for losing)
|raw|matt90160's rating: 1380 &rarr; <strong>1398</strong><br />(+18 for winning)
|l|☆Graveler's Delight
|player|p1|
