|j|☆userjexx
|j|☆DNU_ambassadors
|t:|1760333760
|gametype|singles
|player|p1|userjexx|lusamine-nihilego|1610
|player|p2|DNU_ambassadors|clown|1579
|gen|9
|tier|[Gen 9] OU
|rated|
|rule|HP Percentage Mod: HP is shown in percentages
|rule|Endless Battle Clause: Forcing endless battles is banned
|rule|Species Clause: Limit one of each Pokémon
|rule|OHKO Clause: OHKO moves are banned
|rule|Evasion Items Clause: Evasion items are banned
|rule|Evasion Moves Clause: Evasion moves are banned
|rule|Evasion Abilities Clause: Evasion abilities are banned
|rule|Sleep Moves Clause: Sleep-inducing moves are banned
|clearpoke
|poke|p1|Hatterene, F|
|poke|p1|Goodra-Hisui, M|
|poke|p1|Garchomp, F|
|poke|p1|Corviknight, M|
|poke|p1|Ditto|
|poke|p1|Ceruledge, F|
|poke|p2|Deoxys-Speed|
|poke|p2|Ceruledge, F|
|poke|p2|Kingambit, F|
|poke|p2|Iron Crown|
|poke|p2|Gliscor, M|
|poke|p2|Gholdengo|
|teampreview
|inactive|Battle timer is ON: inactive players will automatically lose when time's up. (requested by DNU_ambassadors)
|
|t:|1760333773
|teamsize|p1|6
|teamsize|p2|6
|start
|switch|p1a: Protection IV|Goodra-Hisui, M|100/100
|switch|p2a: Deoxys|Deoxys-Speed|100/100
|-ability|p2a: Deoxys|Pressure
|turn|1
|
|t:|1760333777
|move|p2a: Deoxys|Skill Swap|p1a: Protection IV
|-activate|p2a: Deoxys|move: Skill Swap|Sap Sipper|Pressure|[of] p1a: Protection IV
|-ability|p1a: Protection IV|Pressure
|move|p1a: Protection IV|Draco Meteor|p2a: Deoxys|[miss]
|-miss|p1a: Protection IV|p2a: Deoxys
|
|upkeep
|turn|2
|
|t:|1760333786
|switch|p1a: Looting II|Hatterene, F, shiny|100/100
|move|p2a: Deoxys|Skill Swap|p1a: Looting II
|-activate|p2a: Deoxys|move: Skill Swap|Magic Bounce|Sap Sipper|[of] p1a: Looting II
|
|upkeep
|turn|3
|
|t:|1760333793
|move|p2a: Deoxys|Stealth Rock|p1a: Looting II
|-sidestart|p1: userjexx|move: Stealth Rock
|move|p1a: Looting II|Psyshock|p2a: Deoxys
|-resisted|p2a: Deoxys
|-damage|p2a: Deoxys|71/100
|
|upkeep
|turn|4
|
|t:|1760333797
|switch|p1a: Protection IV|Goodra-Hisui, M|100/100
|-damage|p1a: Protection IV|94/100|[from] Stealth Rock
|move|p2a: Deoxys|Spikes|p1a: Protection IV
|-sidestart|p1: userjexx|Spikes
|
|upkeep
|turn|5
|
|t:|1760333801
|move|p2a: Deoxys|Taunt|p1a: Protection IV
|-start|p1a: Protection IV|move: Taunt
|move|p1a: Protection IV|Heavy Slam|p2a: Deoxys
|-damage|p2a: Deoxys|5/100
|
|upkeep
|turn|6
|
|t:|1760333806
|move|p2a: Deoxys|Skill Swap|p1a: Protection IV
|-activate|p2a: Deoxys|move: Skill Swap|Sap Sipper|Magic Bounce|[of] p1a: Protection IV
|move|p1a: Protection IV|Heavy Slam|p2a: Deoxys
|-damage|p2a: Deoxys|0 fnt
|faint|p2a: Deoxys
|
|upkeep
|inactive|DNU_ambassadors has 120 seconds left.
|
|t:|1760333863
|switch|p2a: Ceruledge|Ceruledge, F|100/100
|turn|7
|
|t:|1760333869
|switch|p1a: Thorns I|Garchomp, F|100/100
|-damage|p1a: Thorns I|94/100|[from] Stealth Rock
|-damage|p1a: Thorns I|82/100|[from] Spikes
|move|p2a: Ceruledge|Swords Dance|p2a: Ceruledge
|-boost|p2a: Ceruledge|atk|2
|
|upkeep
|turn|8
|
|t:|1760333875
|move|p1a: Thorns I|Scale Shot|p2a: Ceruledge
|-damage|p2a: Ceruledge|77/100
|-ability|p2a: Ceruledge|Weak Armor|boost
|-unboost|p2a: Ceruledge|def|1
|-boost|p2a: Ceruledge|spe|2
|-damage|p2a: Ceruledge|42/100
|-ability|p2a: Ceruledge|Weak Armor|boost
|-unboost|p2a: Ceruledge|def|1
|-boost|p2a: Ceruledge|spe|2
|-damage|p2a: Ceruledge|0 fnt
|faint|p2a: Ceruledge
|-hitcount|p2: Ceruledge|3
|-unboost|p1a: Thorns I|def|1
|-boost|p1a: Thorns I|spe|1
|-damage|p1a: Thorns I|72/100|[from] item: Life Orb
|
|upkeep
|inactive|DNU_ambassadors has 90 seconds left.
|
|t:|1760333911
|switch|p2a: Gliscor|Gliscor, M|100/100
|turn|9
|inactive|DNU_ambassadors has 90 seconds left.
|
|t:|1760333926
|switch|p1a: Feather Falling II|Corviknight, M, shiny|100/100
|-damage|p1a: Feather Falling II|88/100|[from] Stealth Rock
|-ability|p1a: Feather Falling II|Pressure
|move|p2a: Gliscor|Earthquake|p1a: Feather Falling II
|-immune|p1a: Feather Falling II
|
|-status|p2a: Gliscor|tox|[from] item: Toxic Orb
|upkeep
|turn|10
|
|t:|1760333933
|switch|p2a: Gholdengo|Gholdengo|100/100
|switch|p1a: Protection IV|Goodra-Hisui, M|94/100
|-damage|p1a: Protection IV|88/100|[from] Stealth Rock
|-damage|p1a: Protection IV|76/100|[from] Spikes
|
|upkeep
|turn|11
|inactive|DNU_ambassadors has 90 seconds left.
|
|t:|1760333947
|move|p2a: Gholdengo|Trick|p1a: Protection IV
|-activate|p2a: Gholdengo|move: Trick|[of] p1a: Protection IV
|-item|p1a: Protection IV|Choice Scarf|[from] move: Trick
|-item|p2a: Gholdengo|Assault Vest|[from] move: Trick
|move|p1a: Protection IV|Earthquake|p2a: Gholdengo
|-supereffective|p2a: Gholdengo
|-damage|p2a: Gholdengo|34/100
|
|upkeep
|turn|12
|inactive|DNU_ambassadors has 90 seconds left.
|
|t:|1760333956
|switch|p2a: Gliscor|Gliscor, M|100/100 tox
|switch|p1a: Sharpness V|Ceruledge, F|100/100
|-damage|p1a: Sharpness V|76/100|[from] Stealth Rock
|-damage|p1a: Sharpness V|63/100|[from] Spikes
|
|upkeep
|turn|13
|inactive|DNU_ambassadors has 90 seconds left.
|
|t:|1760333967
|move|p1a: Sharpness V|Destiny Bond|p1a: Sharpness V
|-singlemove|p1a: Sharpness V|Destiny Bond
|move|p2a: Gliscor|Earthquake|p1a: Sharpness V
|-supereffective|p1a: Sharpness V
|-damage|p1a: Sharpness V|0 fnt
|faint|p1a: Sharpness V
|-activate|p1a: Sharpness V|move: Destiny Bond
|faint|p2a: Gliscor
|
|upkeep
|inactive|DNU_ambassadors has 90 seconds left.
|
|t:|1760333994
|switch|p1a: Thorns I|Garchomp, F|72/100
|switch|p2a: Kingambit|Kingambit, F|100/100
|-damage|p1a: Thorns I|66/100|[from] Stealth Rock
|-damage|p1a: Thorns I|54/100|[from] Spikes
|-activate|p2a: Kingambit|ability: Supreme Overlord
|-start|p2a: Kingambit|fallen3|[silent]
|turn|14
|
|t:|1760334005
|move|p1a: Thorns I|Earthquake|p2a: Kingambit
|-supereffective|p2a: Kingambit
|-damage|p2a: Kingambit|0 fnt
|faint|p2a: Kingambit
|-end|p2a: Kingambit|fallen3|[silent]
|-damage|p1a: Thorns I|44/100|[from] item: Life Orb
|
|upkeep
|inactive|DNU_ambassadors has 60 seconds left.
|
|t:|1760334027
|switch|p2a: Iron Crown|Iron Crown|100/100
|-enditem|p2a: Iron Crown|Booster Energy
|-activate|p2a: Iron Crown|ability: Quark Drive|[fromitem]
|-start|p2a: Iron Crown|quarkdrivespe
|turn|15
|
|t:|1760334034
|switch|p1a: Protection IV|Goodra-Hisui, M|76/100
|-damage|p1a: Protection IV|70/100|[from] Stealth Rock
|-damage|p1a: Protection IV|58/100|[from] Spikes
|move|p2a: Iron Crown|Tachyon Cutter|p1a: Protection IV
|-resisted|p1a: Protection IV
|-damage|p1a: Protection IV|50/100
|-resisted|p1a: Protection IV
|-damage|p1a: Protection IV|42/100
|-hitcount|p1a: Protection IV|2
|
|upkeep
|turn|16
|
|t:|1760334044
|move|p2a: Iron Crown|Focus Blast|p1a: Protection IV|[miss]
|-miss|p2a: Iron Crown|p1a: Protection IV
|move|p1a: Protection IV|Earthquake|p2a: Iron Crown
|-supereffective|p2a: Iron Crown
|-damage|p2a: Iron Crown|34/100
|
|upkeep
|turn|17
|
|t:|1760334049
|-terastallize|p1a: Protection IV|Flying
|move|p2a: Iron Crown|Focus Blast|p1a: Protection IV
|-resisted|p1a: Protection IV
|-damage|p1a: Protection IV|31/100
|move|p1a: Protection IV|Earthquake|p2a: Iron Crown
|-supereffective|p2a: Iron Crown
|-damage|p2a: Iron Crown|0 fnt
|faint|p2a: Iron Crown
|-end|p2a: Iron Crown|Quark Drive|[silent]
|
|upkeep
|c|☆DNU_ambassadors|...
|
|t:|1760334057
|switch|p2a: Gholdengo|Gholdengo|34/100
|turn|18
|c|☆userjexx|type shit
|
|t:|1760334061
|move|p2a: Gholdengo|Shadow Ball|p1a: Protection IV
|-damage|p1a: Protection IV|3/100
|move|p1a: Protection IV|Earthquake|p2a: Gholdengo
|-supereffective|p2a: Gholdengo
|-damage|p2a: Gholdengo|0 fnt
|faint|p2a: Gholdengo
|
|win|userjexx
|raw|userjexx's rating: 1610 &rarr; <strong>1628</strong><br />(+18 for winning)
|raw|DNU_ambassadors's rating: 1579 &rarr; <strong>1561</strong><br />(-18 for losing)
|l|☆DNU_ambassadors
|player|p2|
|l|☆userjexx
|player|p1|
