|j|☆CDCD1 Abreu00
|j|☆Zavanna
|t:|1760317513
|gametype|singles
|player|p1|CDCD1 Abreu00|lusamine-nihilego|1337
|player|p2|Zavanna|265|1376
|gen|9
|tier|[Gen 9] OU
|rated|
|rule|HP Percentage Mod: HP is shown in percentages
|rule|Endless Battle Clause: Forcing endless battles is banned
|rule|Species Clause: Limit one of each Pokémon
|rule|OHKO Clause: OHKO moves are banned
|rule|Evasion Items Clause: Evasion items are banned
|rule|Evasion Moves Clause: Evasion moves are banned
|rule|Evasion Abilities Clause: Evasion abilities are banned
|rule|Sleep Moves Clause: Sleep-inducing moves are banned
|clearpoke
|poke|p1|Tauros-Paldea-Blaze, M|
|poke|p1|Samurott-Hisui, M|
|poke|p1|Landorus-Therian, M|
|poke|p1|Goodra-Hisui, M|
|poke|p1|Dragapult, F|
|poke|p1|Kingambit, F|
|poke|p2|Kingambit, F|
|poke|p2|Cinderace, F|
|poke|p2|Landorus-Therian, M|
|poke|p2|Iron Valiant|
|poke|p2|Kyurem|
|poke|p2|Slowking-Galar, M|
|teampreview
|inactive|Battle timer is ON: inactive players will automatically lose when time's up. (requested by Zavanna)
|inactive|CDCD1 Abreu00 has 120 seconds left.
|inactive|CDCD1 Abreu00 has 90 seconds left.
|
|t:|1760317589
|teamsize|p1|6
|teamsize|p2|6
|start
|switch|p1a: Tauros|Tauros-Paldea-Blaze, M|100/100
|switch|p2a: Landorus|Landorus-Therian, M, shiny|100/100
|-ability|p1a: Tauros|Intimidate|boost
|-unboost|p2a: Landorus|atk|1
|-ability|p2a: Landorus|Intimidate|boost
|-unboost|p1a: Tauros|atk|1
|turn|1
|
|t:|1760317599
|move|p1a: Tauros|Will-O-Wisp|p2a: Landorus
|-status|p2a: Landorus|brn
|move|p2a: Landorus|Earthquake|p1a: Tauros
|-supereffective|p1a: Tauros
|-damage|p1a: Tauros|65/100
|
|-damage|p2a: Landorus|94/100 brn|[from] brn
|upkeep
|turn|2
|inactive|CDCD1 Abreu00 has 120 seconds left.
|
|t:|1760317631
|switch|p1a: Samurott|Samurott-Hisui, M|100/100
|move|p2a: Landorus|Earthquake|p1a: Samurott
|-damage|p1a: Samurott|81/100
|
|-damage|p2a: Landorus|88/100 brn|[from] brn
|upkeep
|turn|3
|
|t:|1760317634
|move|p2a: Landorus|U-turn|p1a: Samurott
|-supereffective|p1a: Samurott
|-damage|p1a: Samurott|62/100
|
|t:|1760317641
|switch|p2a: Kyurem|Kyurem, shiny|100/100|[from] U-turn
|-ability|p2a: Kyurem|Pressure
|move|p1a: Samurott|Ceaseless Edge|p2a: Kyurem
|-damage|p2a: Kyurem|57/100
|-sidestart|p2: Zavanna|Spikes
|
|-heal|p2a: Kyurem|63/100|[from] item: Leftovers
|upkeep
|turn|4
|
|t:|1760317648
|move|p2a: Kyurem|Protect|p2a: Kyurem
|-singleturn|p2a: Kyurem|Protect
|move|p1a: Samurott|Ceaseless Edge|p2a: Kyurem
|-activate|p2a: Kyurem|move: Protect
|
|-heal|p2a: Kyurem|69/100|[from] item: Leftovers
|upkeep
|turn|5
|
|t:|1760317654
|move|p2a: Kyurem|Substitute|p2a: Kyurem
|-start|p2a: Kyurem|Substitute
|-damage|p2a: Kyurem|44/100
|move|p1a: Samurott|Encore|p2a: Kyurem
|-start|p2a: Kyurem|Encore
|
|-heal|p2a: Kyurem|50/100|[from] item: Leftovers
|upkeep
|turn|6
|
|t:|1760317665
|move|p2a: Kyurem|Substitute|p2a: Kyurem
|-fail|p2a: Kyurem|move: Substitute
|move|p1a: Samurott|Ceaseless Edge|p2a: Kyurem
|-end|p2a: Kyurem|Substitute
|-sidestart|p2: Zavanna|Spikes
|
|-heal|p2a: Kyurem|57/100|[from] item: Leftovers
|upkeep
|turn|7
|
|t:|1760317670
|switch|p2a: Landorus|Landorus-Therian, M, shiny|88/100 brn
|-ability|p2a: Landorus|Intimidate|boost
|-unboost|p1a: Samurott|atk|1
|move|p1a: Samurott|Ceaseless Edge|p2a: Landorus
|-damage|p2a: Landorus|62/100 brn
|-damage|p1a: Samurott|45/100|[from] item: Rocky Helmet|[of] p2a: Landorus
|-sidestart|p2: Zavanna|Spikes
|
|-damage|p2a: Landorus|56/100 brn|[from] brn
|upkeep
|turn|8
|
|t:|1760317675
|move|p2a: Landorus|U-turn|p1a: Samurott
|-supereffective|p1a: Samurott
|-damage|p1a: Samurott|14/100
|
|t:|1760317684
|switch|p2a: Cinderace|Cinderace, F, shiny|100/100|[from] U-turn
|move|p1a: Samurott|Razor Shell|p2a: Cinderace
|-supereffective|p2a: Cinderace
|-damage|p2a: Cinderace|20/100
|
|upkeep
|turn|9
|
|t:|1760317693
|switch|p1a: Dragapult|Dragapult, F|100/100
|move|p2a: Cinderace|Court Change|p2a: Cinderace
|-swapsideconditions
|-activate|p2a: Cinderace|move: Court Change
|
|upkeep
|turn|10
|
|t:|1760317705
|switch|p2a: Slowking|Slowking-Galar, M, shiny|100/100
|move|p1a: Dragapult|U-turn|p2a: Slowking
|-damage|p2a: Slowking|85/100
|
|t:|1760317711
|switch|p1a: Kingambit|Kingambit, F|100/100|[from] U-turn
|-damage|p1a: Kingambit|76/100|[from] Spikes
|
|-heal|p1a: Kingambit|82/100|[from] item: Leftovers
|upkeep
|turn|11
|
|t:|1760317715
|switch|p2a: Landorus|Landorus-Therian, M, shiny|56/100 brn
|-ability|p2a: Landorus|Intimidate|boost
|-unboost|p1a: Kingambit|atk|1
|move|p1a: Kingambit|Swords Dance|p1a: Kingambit
|-boost|p1a: Kingambit|atk|2
|
|-heal|p1a: Kingambit|88/100|[from] item: Leftovers
|-damage|p2a: Landorus|50/100 brn|[from] brn
|upkeep
|turn|12
|
|t:|1760317721
|move|p2a: Landorus|Earthquake|p1a: Kingambit
|-supereffective|p1a: Kingambit
|-damage|p1a: Kingambit|48/100
|move|p1a: Kingambit|Swords Dance|p1a: Kingambit
|-boost|p1a: Kingambit|atk|2
|
|-heal|p1a: Kingambit|54/100|[from] item: Leftovers
|-damage|p2a: Landorus|44/100 brn|[from] brn
|upkeep
|turn|13
|
|t:|1760317737
|-terastallize|p1a: Kingambit|Flying
|move|p2a: Landorus|Earthquake|p1a: Kingambit
|-immune|p1a: Kingambit
|move|p1a: Kingambit|Swords Dance|p1a: Kingambit
|-boost|p1a: Kingambit|atk|2
|
|-heal|p1a: Kingambit|61/100|[from] item: Leftovers
|-damage|p2a: Landorus|38/100 brn|[from] brn
|upkeep
|turn|14
|
|t:|1760317745
|move|p2a: Landorus|Rock Tomb|p1a: Kingambit
|-supereffective|p1a: Kingambit
|-damage|p1a: Kingambit|46/100
|-unboost|p1a: Kingambit|spe|1
|move|p1a: Kingambit|Kowtow Cleave|p2a: Landorus
|-damage|p2a: Landorus|0 fnt
|-damage|p1a: Kingambit|29/100|[from] item: Rocky Helmet|[of] p2a: Landorus
|faint|p2a: Landorus
|
|-heal|p1a: Kingambit|35/100|[from] item: Leftovers
|upkeep
|
|t:|1760317751
|switch|p2a: Kyurem|Kyurem, shiny|57/100
|-ability|p2a: Kyurem|Pressure
|turn|15
|
|t:|1760317756
|move|p2a: Kyurem|Protect|p2a: Kyurem
|-singleturn|p2a: Kyurem|Protect
|move|p1a: Kingambit|Kowtow Cleave|p2a: Kyurem
|-activate|p2a: Kyurem|move: Protect
|
|-heal|p2a: Kyurem|63/100|[from] item: Leftovers
|-heal|p1a: Kingambit|42/100|[from] item: Leftovers
|upkeep
|turn|16
|
|t:|1760317761
|move|p1a: Kingambit|Sucker Punch||[still]
|-fail|p1a: Kingambit
|move|p2a: Kyurem|Substitute|p2a: Kyurem
|-start|p2a: Kyurem|Substitute
|-damage|p2a: Kyurem|38/100
|
|-heal|p2a: Kyurem|44/100|[from] item: Leftovers
|-heal|p1a: Kingambit|48/100|[from] item: Leftovers
|upkeep
|turn|17
|
|t:|1760317765
|move|p2a: Kyurem|Protect|p2a: Kyurem
|-singleturn|p2a: Kyurem|Protect
|move|p1a: Kingambit|Kowtow Cleave|p2a: Kyurem
|-activate|p2a: Kyurem|move: Protect
|
|-heal|p2a: Kyurem|50/100|[from] item: Leftovers
|-heal|p1a: Kingambit|54/100|[from] item: Leftovers
|upkeep
|turn|18
|
|t:|1760317770
|move|p2a: Kyurem|Freeze-Dry|p1a: Kingambit
|-supereffective|p1a: Kingambit
|-damage|p1a: Kingambit|0 fnt
|faint|p1a: Kingambit
|-end|p1a: Kingambit|fallenundefined|[silent]
|
|-heal|p2a: Kyurem|56/100|[from] item: Leftovers
|upkeep
|
|t:|1760317783
|switch|p1a: Goodra|Goodra-Hisui, M|100/100
|-damage|p1a: Goodra|75/100|[from] Spikes
|turn|19
|
|t:|1760317786
|move|p2a: Kyurem|Earth Power|p1a: Goodra
|-supereffective|p1a: Goodra
|-damage|p1a: Goodra|39/100
|move|p1a: Goodra|Body Press|p2a: Kyurem
|-supereffective|p2a: Kyurem
|-end|p2a: Kyurem|Substitute
|
|-heal|p2a: Kyurem|62/100|[from] item: Leftovers
|-heal|p1a: Goodra|45/100|[from] item: Leftovers
|upkeep
|turn|20
|
|t:|1760317792
|move|p2a: Kyurem|Earth Power|p1a: Goodra
|-supereffective|p1a: Goodra
|-damage|p1a: Goodra|3/100
|move|p1a: Goodra|Acid Armor|p1a: Goodra
|-boost|p1a: Goodra|def|2
|
|-heal|p2a: Kyurem|69/100|[from] item: Leftovers
|-heal|p1a: Goodra|9/100|[from] item: Leftovers
|upkeep
|turn|21
|
|t:|1760317803
|move|p2a: Kyurem|Substitute|p2a: Kyurem
|-start|p2a: Kyurem|Substitute
|-damage|p2a: Kyurem|44/100
|move|p1a: Goodra|Body Press|p2a: Kyurem
|-supereffective|p2a: Kyurem
|-end|p2a: Kyurem|Substitute
|
|-heal|p2a: Kyurem|50/100|[from] item: Leftovers
|-heal|p1a: Goodra|15/100|[from] item: Leftovers
|upkeep
|turn|22
|
|t:|1760317809
|switch|p1a: Landorus|Landorus-Therian, M|100/100
|-ability|p1a: Landorus|Intimidate|boost
|-unboost|p2a: Kyurem|atk|1
|move|p2a: Kyurem|Protect||[still]
|-fail|p2a: Kyurem
|
|-heal|p2a: Kyurem|56/100|[from] item: Leftovers
|upkeep
|turn|23
|
|t:|1760317817
|move|p2a: Kyurem|Freeze-Dry|p1a: Landorus
|-supereffective|p1a: Landorus
|-damage|p1a: Landorus|0 fnt
|faint|p1a: Landorus
|
|-heal|p2a: Kyurem|62/100|[from] item: Leftovers
|upkeep
|
|t:|1760317821
|switch|p1a: Dragapult|Dragapult, F|100/100
|-damage|p1a: Dragapult|76/100|[from] Spikes
|turn|24
|
|t:|1760317826
|switch|p2a: Slowking|Slowking-Galar, M, shiny|100/100
|move|p1a: Dragapult|Draco Meteor|p2a: Slowking
|-damage|p2a: Slowking|53/100
|-unboost|p1a: Dragapult|spa|2
|
|upkeep
|turn|25
|
|t:|1760317832
|switch|p1a: Samurott|Samurott-Hisui, M|14/100
|move|p2a: Slowking|Thunder Wave|p1a: Samurott
|-status|p1a: Samurott|par
|
|upkeep
|turn|26
|
|t:|1760317839
|switch|p2a: Cinderace|Cinderace, F, shiny|20/100
|move|p1a: Samurott|Knock Off|p2a: Cinderace
|-damage|p2a: Cinderace|0 fnt
|-enditem|p2a: Cinderace|Heavy-Duty Boots|[from] move: Knock Off|[of] p1a: Samurott
|faint|p2a: Cinderace
|
|upkeep
|
|t:|1760317847
|switch|p2a: Kyurem|Kyurem, shiny|62/100
|-ability|p2a: Kyurem|Pressure
|turn|27
|
|t:|1760317851
|move|p2a: Kyurem|Freeze-Dry|p1a: Samurott
|-supereffective|p1a: Samurott
|-damage|p1a: Samurott|0 fnt
|faint|p1a: Samurott
|
|-heal|p2a: Kyurem|68/100|[from] item: Leftovers
|upkeep
|
|t:|1760317855
|switch|p1a: Dragapult|Dragapult, F|76/100
|-damage|p1a: Dragapult|51/100|[from] Spikes
|turn|28
|
|t:|1760317873
|move|p2a: Kyurem|Protect|p2a: Kyurem
|-singleturn|p2a: Kyurem|Protect
|move|p1a: Dragapult|Shadow Ball|p2a: Kyurem
|-activate|p2a: Kyurem|move: Protect
|
|-heal|p2a: Kyurem|75/100|[from] item: Leftovers
|upkeep
|turn|29
|
|t:|1760317879
|switch|p2a: Kingambit|Kingambit, F|100/100
|-activate|p2a: Kingambit|ability: Supreme Overlord
|-start|p2a: Kingambit|fallen2|[silent]
|move|p1a: Dragapult|Shadow Ball|p2a: Kingambit
|-resisted|p2a: Kingambit
|-damage|p2a: Kingambit|72/100
|-unboost|p2a: Kingambit|spd|1
|
|-heal|p2a: Kingambit|79/100|[from] item: Leftovers
|upkeep
|turn|30
|
|t:|1760317892
|switch|p1a: Goodra|Goodra-Hisui, M|15/100
|-damage|p1a: Goodra|0 fnt|[from] Spikes
|faint|p1a: Goodra
|move|p2a: Kingambit|Kowtow Cleave|p1: Goodra|[notarget]
|-fail|p2a: Kingambit
|
|-heal|p2a: Kingambit|85/100|[from] item: Leftovers
|upkeep
|
|t:|1760317900
|switch|p1a: Tauros|Tauros-Paldea-Blaze, M|65/100
|-ability|p1a: Tauros|Intimidate|boost
|-unboost|p2a: Kingambit|atk|1
|turn|31
|
|t:|1760317906
|-end|p2a: Kingambit|fallen2|[silent]
|switch|p2a: Slowking|Slowking-Galar, M, shiny|87/100
|move|p1a: Tauros|Raging Bull|p2a: Slowking
|-damage|p2a: Slowking|41/100
|
|upkeep
|turn|32
|
|t:|1760317911
|move|p1a: Tauros|Raging Bull|p2a: Slowking
|-crit|p2a: Slowking
|-damage|p2a: Slowking|0 fnt
|faint|p2a: Slowking
|
|upkeep
|inactive|Zavanna has 120 seconds left.
|
|t:|1760317945
|switch|p2a: Iron Valiant|Iron Valiant|100/100
|-enditem|p2a: Iron Valiant|Booster Energy
|-activate|p2a: Iron Valiant|ability: Quark Drive|[fromitem]
|-start|p2a: Iron Valiant|quarkdrivespe
|turn|33
|inactive|Zavanna has 120 seconds left.
|
|t:|1760317957
|-terastallize|p2a: Iron Valiant|Ghost
|move|p2a: Iron Valiant|Moonblast|p1a: Tauros
|-damage|p1a: Tauros|0 fnt
|faint|p1a: Tauros
|
|upkeep
|
|t:|1760317968
|switch|p1a: Dragapult|Dragapult, F|51/100
|-damage|p1a: Dragapult|26/100|[from] Spikes
|turn|34
|
|t:|1760317973
|move|p2a: Iron Valiant|Shadow Ball|p1a: Dragapult
|-supereffective|p1a: Dragapult
|-damage|p1a: Dragapult|0 fnt
|faint|p1a: Dragapult
|
|win|Zavanna
|raw|CDCD1 Abreu00's rating: 1337 &rarr; <strong>1319</strong><br />(-18 for losing)
|raw|Zavanna's rating: 1376 &rarr; <strong>1394</strong><br />(+18 for winning)
|l|☆Zavanna
|player|p2|
|l|☆CDCD1 Abreu00
|player|p1|
