|j|☆Don Birria
|j|☆Elpirulas666
|t:|1760347770
|gametype|singles
|player|p1|Don Birria|265|1138
|player|p2|Elpirulas666|265|1171
|gen|9
|tier|[Gen 9] OU
|rated|
|rule|HP Percentage Mod: HP is shown in percentages
|rule|Endless Battle Clause: Forcing endless battles is banned
|rule|Species Clause: Limit one of each Pokémon
|rule|OHKO Clause: OHKO moves are banned
|rule|Evasion Items Clause: Evasion items are banned
|rule|Evasion Moves Clause: Evasion moves are banned
|rule|Evasion Abilities Clause: Evasion abilities are banned
|rule|Sleep Moves Clause: Sleep-inducing moves are banned
|clearpoke
|poke|p1|Meowscarada, M|
|poke|p1|Vaporeon, M|
|poke|p1|Muk-Alola, M|
|poke|p1|Cinderace, M|
|poke|p1|Hydrapple, F|
|poke|p1|Grimmsnarl, M|
|poke|p2|Pelipper, F|
|poke|p2|Barraskewda, M|
|poke|p2|Drednaw, M|
|poke|p2|Kingambit, M|
|poke|p2|Thundurus-Therian, M|
|poke|p2|Glimmora, F|
|teampreview
|inactive|Battle timer is ON: inactive players will automatically lose when time's up. (requested by Don Birria)
|
|t:|1760347794
|teamsize|p1|6
|teamsize|p2|6
|start
|switch|p1a: Migg|Cinderace, M|100/100
|switch|p2a: Generic Setter|Glimmora, F|100/100
|turn|1
|
|t:|1760347807
|move|p1a: Migg|Iron Head|p2a: Generic Setter
|-start|p1a: Migg|typechange|Steel|[from] ability: Libero
|-supereffective|p2a: Generic Setter
|-damage|p2a: Generic Setter|10/100
|-activate|p2a: Generic Setter|ability: Toxic Debris
|-sidestart|p1: Don Birria|move: Toxic Spikes
|move|p2a: Generic Setter|Stealth Rock|p1a: Migg
|-sidestart|p1: Don Birria|move: Stealth Rock
|
|upkeep
|turn|2
|
|t:|1760347822
|move|p1a: Migg|Iron Head|p2a: Generic Setter
|-supereffective|p2a: Generic Setter
|-damage|p2a: Generic Setter|0 fnt
|-activate|p2a: Generic Setter|ability: Toxic Debris
|-sidestart|p1: Don Birria|move: Toxic Spikes
|faint|p2a: Generic Setter
|
|upkeep
|
|t:|1760347832
|switch|p2a: Barraskewda|Barraskewda, M|100/100
|turn|3
|
|t:|1760347842
|switch|p1a: Sidra|Hydrapple, F, shiny|100/100
|-status|p1a: Sidra|tox
|-damage|p1a: Sidra|88/100 tox|[from] Stealth Rock
|move|p2a: Barraskewda|Close Combat|p1a: Sidra
|-damage|p1a: Sidra|44/100 tox
|-unboost|p2a: Barraskewda|def|1
|-unboost|p2a: Barraskewda|spd|1
|
|-heal|p1a: Sidra|50/100 tox|[from] item: Leftovers
|-damage|p1a: Sidra|44/100 tox|[from] psn
|upkeep
|turn|4
|
|t:|1760347858
|move|p2a: Barraskewda|Close Combat|p1a: Sidra
|-damage|p1a: Sidra|3/100 tox
|-unboost|p2a: Barraskewda|def|1
|-unboost|p2a: Barraskewda|spd|1
|move|p1a: Sidra|Giga Drain|p2a: Barraskewda
|-supereffective|p2a: Barraskewda
|-damage|p2a: Barraskewda|0 fnt
|-heal|p1a: Sidra|40/100 tox|[from] drain|[of] p2a: Barraskewda
|faint|p2a: Barraskewda
|
|-heal|p1a: Sidra|47/100 tox|[from] item: Leftovers
|-damage|p1a: Sidra|34/100 tox|[from] psn
|upkeep
|
|t:|1760347866
|switch|p2a: Pelipper|Pelipper, F|100/100
|-weather|RainDance|[from] ability: Drizzle|[of] p2a: Pelipper
|turn|5
|
|t:|1760347874
|move|p2a: Pelipper|Hurricane|p1a: Sidra
|-supereffective|p1a: Sidra
|-damage|p1a: Sidra|0 fnt
|faint|p1a: Sidra
|
|-weather|RainDance|[upkeep]
|upkeep
|
|t:|1760347879
|switch|p1a: Migg|Cinderace, M|100/100
|turn|6
|
|t:|1760347888
|move|p1a: Migg|Court Change|p1a: Migg
|-start|p1a: Migg|typechange|Normal|[from] ability: Libero
|-swapsideconditions
|-activate|p1a: Migg|move: Court Change
|move|p2a: Pelipper|Weather Ball|p1a: Migg
|-damage|p1a: Migg|31/100
|
|-weather|RainDance|[upkeep]
|upkeep
|turn|7
|
|t:|1760347897
|switch|p1a: Vaporwave|Vaporeon, M, shiny|100/100
|move|p2a: Pelipper|Weather Ball|p1a: Vaporwave
|-immune|p1a: Vaporwave|[from] ability: Water Absorb
|
|-weather|RainDance|[upkeep]
|upkeep
|turn|8
|-message|Elpirulas666 forfeited.
|
|win|Don Birria
|raw|Don Birria's rating: 1138 &rarr; <strong>1165</strong><br />(+27 for winning)
|raw|Elpirulas666's rating: 1171 &rarr; <strong>1144</strong><br />(-27 for losing)
|l|☆Elpirulas666
|player|p2|
|l|☆Don Birria
|player|p1|
