|j|☆riceyyyy
|j|☆getreyal
|t:|1760345157
|gametype|singles
|player|p1|riceyyyy|firebreather|1671
|player|p2|getreyal|pokemonbreeder-gen4|1652
|gen|9
|tier|[Gen 9] OU
|rated|
|rule|HP Percentage Mod: HP is shown in percentages
|rule|Endless Battle Clause: Forcing endless battles is banned
|rule|Species Clause: Limit one of each Pokémon
|rule|OHKO Clause: OHKO moves are banned
|rule|Evasion Items Clause: Evasion items are banned
|rule|Evasion Moves Clause: Evasion moves are banned
|rule|Evasion Abilities Clause: Evasion abilities are banned
|rule|Sleep Moves Clause: Sleep-inducing moves are banned
|clearpoke
|poke|p1|Conkeldurr, F|
|poke|p1|Ogerpon-Wellspring, F|
|poke|p1|Ting-Lu|
|poke|p1|Corviknight, M|
|poke|p1|Great Tusk|
|poke|p1|Iron Moth|
|poke|p2|Corviknight, M|
|poke|p2|Ting-Lu|
|poke|p2|Heatran, M|
|poke|p2|Clefable, F|
|poke|p2|Alomomola, M|
|poke|p2|Deoxys-Speed|
|teampreview
|inactive|Battle timer is ON: inactive players will automatically lose when time's up. (requested by riceyyyy)
|
|t:|1760345177
|teamsize|p1|6
|teamsize|p2|6
|start
|switch|p1a: Ting-Lu|Ting-Lu|100/100
|switch|p2a: Corviknight|Corviknight, M|100/100
|-ability|p2a: Corviknight|Pressure
|-ability|p1a: Ting-Lu|Vessel of Ruin
|turn|1
|
|t:|1760345187
|move|p2a: Corviknight|U-turn|p1a: Ting-Lu
|-supereffective|p1a: Ting-Lu
|-damage|p1a: Ting-Lu|85/100
|
|t:|1760345212
|switch|p2a: Heatran|Heatran, M|100/100|[from] U-turn
|move|p1a: Ting-Lu|Stealth Rock|p2a: Heatran
|-sidestart|p2: getreyal|move: Stealth Rock
|
|-heal|p1a: Ting-Lu|91/100|[from] item: Leftovers
|upkeep
|turn|2
|j| Rizzofreko
|
|t:|1760345228
|switch|p1a: Conkeldurr|Conkeldurr, F, shiny|100/100
|move|p2a: Heatran|Substitute|p2a: Heatran
|-start|p2a: Heatran|Substitute
|-damage|p2a: Heatran|76/100
|
|-heal|p2a: Heatran|82/100|[from] item: Leftovers
|-status|p1a: Conkeldurr|brn|[from] item: Flame Orb
|upkeep
|turn|3
|
|t:|1760345234
|move|p1a: Conkeldurr|Mach Punch|p2a: Heatran
|-supereffective|p2a: Heatran
|-end|p2a: Heatran|Substitute
|move|p2a: Heatran|Magma Storm|p1a: Conkeldurr
|-crit|p1a: Conkeldurr
|-damage|p1a: Conkeldurr|27/100 brn
|-activate|p1a: Conkeldurr|move: Magma Storm|[of] p2a: Heatran
|
|-heal|p2a: Heatran|88/100|[from] item: Leftovers
|-damage|p1a: Conkeldurr|21/100 brn|[from] brn
|-damage|p1a: Conkeldurr|9/100 brn|[from] move: Magma Storm|[partiallytrapped]
|upkeep
|turn|4
|
|t:|1760345238
|switch|p2a: Corviknight|Corviknight, M|100/100
|-damage|p2a: Corviknight|88/100|[from] Stealth Rock
|-ability|p2a: Corviknight|Pressure
|move|p1a: Conkeldurr|Mach Punch|p2a: Corviknight
|-damage|p2a: Corviknight|67/100
|-damage|p1a: Conkeldurr|0 fnt|[from] item: Rocky Helmet|[of] p2a: Corviknight
|faint|p1a: Conkeldurr
|
|upkeep
|
|t:|1760345241
|switch|p1a: Iron Moth|Iron Moth|100/100
|turn|5
|j| mmqqqqqq
|
|t:|1760345267
|switch|p2a: Ting-Lu|Ting-Lu|100/100
|-damage|p2a: Ting-Lu|94/100|[from] Stealth Rock
|-ability|p2a: Ting-Lu|Vessel of Ruin
|move|p1a: Iron Moth|U-turn|p2a: Ting-Lu
|-supereffective|p2a: Ting-Lu
|-damage|p2a: Ting-Lu|83/100
|
|t:|1760345272
|-end|p1a: Iron Moth|Quark Drive|[silent]
|switch|p1a: Lizzy V Woman|Ogerpon-Wellspring, F|100/100|[from] U-turn
|
|-heal|p2a: Ting-Lu|89/100|[from] item: Leftovers
|upkeep
|turn|6
|
|t:|1760345280
|switch|p2a: Alomomola|Alomomola, M|100/100
|move|p1a: Lizzy V Woman|Ivy Cudgel|p2a: Alomomola|[anim] Ivy Cudgel Water
|-resisted|p2a: Alomomola
|-crit|p2a: Alomomola
|-damage|p2a: Alomomola|75/100
|
|upkeep
|turn|7
|
|t:|1760345284
|move|p1a: Lizzy V Woman|Swords Dance|p1a: Lizzy V Woman
|-boost|p1a: Lizzy V Woman|atk|2
|move|p2a: Alomomola|Wish|p2a: Alomomola
|
|upkeep
|turn|8
|-message|getreyal forfeited.
|
|win|riceyyyy
|raw|riceyyyy's rating: 1671 &rarr; <strong>1690</strong><br />(+19 for winning)
|raw|getreyal's rating: 1652 &rarr; <strong>1633</strong><br />(-19 for losing)
|l|☆getreyal
|player|p2|
|l|☆riceyyyy
|player|p1|
|l| Rizzofreko
|l| mmqqqqqq
