|j|☆dr. drake6782
|j|☆sminey
|t:|1760375505
|gametype|singles
|player|p1|dr. drake6782|hilbert-masters|1627
|player|p2|sminey|266|1611
|gen|9
|tier|[Gen 9] OU
|rated|
|rule|HP Percentage Mod: HP is shown in percentages
|rule|Endless Battle Clause: Forcing endless battles is banned
|rule|Species Clause: Limit one of each Pokémon
|rule|OHKO Clause: OHKO moves are banned
|rule|Evasion Items Clause: Evasion items are banned
|rule|Evasion Moves Clause: Evasion moves are banned
|rule|Evasion Abilities Clause: Evasion abilities are banned
|rule|Sleep Moves Clause: Sleep-inducing moves are banned
|clearpoke
|poke|p1|Pelipper, F|
|poke|p1|Tornadus-Therian, M|
|poke|p1|Iron Treads|
|poke|p1|Decidueye-Hisui, M|
|poke|p1|Barraskewda, M|
|poke|p1|Raging Bolt|
|poke|p2|Latios, M|
|poke|p2|Cinderace, M|
|poke|p2|Weavile, F|
|poke|p2|Zapdos|
|poke|p2|Clefable, F|
|poke|p2|Slowking-Galar, F|
|teampreview
|inactive|Battle timer is ON: inactive players will automatically lose when time's up. (requested by dr. drake6782)
|
|t:|1760375527
|teamsize|p1|6
|teamsize|p2|6
|start
|switch|p1a: Pelipper|Pelipper, F|100/100
|switch|p2a: Zapdos|Zapdos|100/100
|-weather|RainDance|[from] ability: Drizzle|[of] p1a: Pelipper
|turn|1
|
|t:|1760375534
|switch|p1a: Raging Bolt|Raging Bolt|100/100
|-enditem|p1a: Raging Bolt|Booster Energy
|-activate|p1a: Raging Bolt|ability: Protosynthesis|[fromitem]
|-start|p1a: Raging Bolt|protosynthesisspa
|move|p2a: Zapdos|Hurricane|p1a: Raging Bolt
|-resisted|p1a: Raging Bolt
|-damage|p1a: Raging Bolt|81/100
|
|-weather|RainDance|[upkeep]
|upkeep
|turn|2
|
|t:|1760375544
|move|p2a: Zapdos|Volt Switch|p1a: Raging Bolt
|-resisted|p1a: Raging Bolt
|-damage|p1a: Raging Bolt|75/100
|
|t:|1760375548
|switch|p2a: Slowking|Slowking-Galar, F|100/100|[from] Volt Switch
|move|p1a: Raging Bolt|Thunder|p2a: Slowking
|-damage|p2a: Slowking|68/100
|
|-weather|RainDance|[upkeep]
|upkeep
|turn|3
|
|t:|1760375559
|move|p1a: Raging Bolt|Thunder|p2a: Slowking
|-damage|p2a: Slowking|32/100
|move|p2a: Slowking|Ice Beam|p1a: Raging Bolt
|-supereffective|p1a: Raging Bolt
|-damage|p1a: Raging Bolt|34/100
|
|-weather|RainDance|[upkeep]
|upkeep
|turn|4
|
|t:|1760375577
|move|p1a: Raging Bolt|Thunder|p2a: Slowking
|-damage|p2a: Slowking|0 fnt
|faint|p2a: Slowking
|
|-weather|RainDance|[upkeep]
|upkeep
|
|t:|1760375581
|switch|p2a: Weavile|Weavile, F|100/100
|-ability|p2a: Weavile|Pressure
|turn|5
|
|t:|1760375597
|move|p2a: Weavile|Ice Shard|p1a: Raging Bolt
|-supereffective|p1a: Raging Bolt
|-damage|p1a: Raging Bolt|0 fnt
|faint|p1a: Raging Bolt
|-end|p1a: Raging Bolt|Protosynthesis|[silent]
|
|-weather|RainDance|[upkeep]
|upkeep
|
|t:|1760375600
|switch|p1a: Barraskewda|Barraskewda, M, shiny|100/100
|turn|6
|
|t:|1760375606
|switch|p2a: Clefable|Clefable, F|100/100
|move|p1a: Barraskewda|Liquidation|p2a: Clefable
|-crit|p2a: Clefable
|-damage|p2a: Clefable|0 fnt
|faint|p2a: Clefable
|-damage|p1a: Barraskewda|91/100|[from] item: Life Orb
|
|-weather|RainDance|[upkeep]
|upkeep
|
|t:|1760375620
|switch|p2a: Zapdos|Zapdos|100/100
|turn|7
|
|t:|1760375639
|switch|p1a: Iron Treads|Iron Treads|100/100
|-terastallize|p2a: Zapdos|Water
|move|p2a: Zapdos|Hurricane|p1a: Iron Treads
|-resisted|p1a: Iron Treads
|-damage|p1a: Iron Treads|80/100
|
|-weather|RainDance|[upkeep]
|-heal|p1a: Iron Treads|86/100|[from] item: Leftovers
|upkeep
|turn|8
|
|t:|1760375649
|switch|p2a: Latios|Latios, M|100/100
|move|p1a: Iron Treads|Stealth Rock|p2a: Latios
|-sidestart|p2: sminey|move: Stealth Rock
|
|-weather|none
|-heal|p1a: Iron Treads|92/100|[from] item: Leftovers
|upkeep
|turn|9
|
|t:|1760375652
|move|p2a: Latios|Flip Turn|p1a: Iron Treads
|-supereffective|p1a: Iron Treads
|-damage|p1a: Iron Treads|75/100
|
|t:|1760375654
|switch|p2a: Cinderace|Cinderace, M|100/100|[from] Flip Turn
|move|p1a: Iron Treads|Knock Off|p2a: Cinderace
|-damage|p2a: Cinderace|67/100
|-enditem|p2a: Cinderace|Heavy-Duty Boots|[from] move: Knock Off|[of] p1a: Iron Treads
|
|-heal|p1a: Iron Treads|81/100|[from] item: Leftovers
|upkeep
|turn|10
|
|t:|1760375658
|move|p2a: Cinderace|Court Change|p2a: Cinderace
|-start|p2a: Cinderace|typechange|Normal|[from] ability: Libero
|-swapsideconditions
|-activate|p2a: Cinderace|move: Court Change
|move|p1a: Iron Treads|Rapid Spin|p2a: Cinderace
|-damage|p2a: Cinderace|48/100
|-boost|p1a: Iron Treads|spe|1
|-sideend|p1: dr. drake6782|Stealth Rock|[from] move: Rapid Spin|[of] p1a: Iron Treads
|
|-heal|p1a: Iron Treads|87/100|[from] item: Leftovers
|upkeep
|turn|11
|
|t:|1760375662
|switch|p2a: Zapdos|Zapdos, tera:Water|100/100
|move|p1a: Iron Treads|Earthquake|p2a: Zapdos
|-damage|p2a: Zapdos|74/100
|
|-heal|p1a: Iron Treads|93/100|[from] item: Leftovers
|upkeep
|turn|12
|
|t:|1760375673
|move|p1a: Iron Treads|Stealth Rock|p2a: Zapdos
|-sidestart|p2: sminey|move: Stealth Rock
|move|p2a: Zapdos|Hurricane|p1a: Iron Treads|[miss]
|-miss|p2a: Zapdos|p1a: Iron Treads
|
|-heal|p1a: Iron Treads|99/100|[from] item: Leftovers
|upkeep
|turn|13
|
|t:|1760375690
|move|p1a: Iron Treads|Knock Off|p2a: Zapdos
|-damage|p2a: Zapdos|56/100
|-enditem|p2a: Zapdos|Heavy-Duty Boots|[from] move: Knock Off|[of] p1a: Iron Treads
|move|p2a: Zapdos|Hurricane|p1a: Iron Treads
|-resisted|p1a: Iron Treads
|-damage|p1a: Iron Treads|80/100
|
|-heal|p1a: Iron Treads|86/100|[from] item: Leftovers
|upkeep
|turn|14
|
|t:|1760375695
|move|p1a: Iron Treads|Earthquake|p2a: Zapdos
|-damage|p2a: Zapdos|28/100
|move|p2a: Zapdos|Hurricane|p1a: Iron Treads
|-resisted|p1a: Iron Treads
|-damage|p1a: Iron Treads|66/100
|
|-heal|p1a: Iron Treads|72/100|[from] item: Leftovers
|upkeep
|turn|15
|
|t:|1760375701
|move|p1a: Iron Treads|Earthquake|p2a: Zapdos
|-damage|p2a: Zapdos|0 fnt
|faint|p2a: Zapdos
|
|-heal|p1a: Iron Treads|78/100|[from] item: Leftovers
|upkeep
|
|t:|1760375708
|switch|p2a: Weavile|Weavile, F|100/100
|-ability|p2a: Weavile|Pressure
|turn|16
|
|t:|1760375724
|move|p2a: Weavile|Swords Dance|p2a: Weavile
|-boost|p2a: Weavile|atk|2
|move|p1a: Iron Treads|Stealth Rock||[still]
|-fail|p1a: Iron Treads
|
|-heal|p1a: Iron Treads|84/100|[from] item: Leftovers
|upkeep
|turn|17
|
|t:|1760375744
|move|p2a: Weavile|Swords Dance|p2a: Weavile
|-boost|p2a: Weavile|atk|2
|move|p1a: Iron Treads|Earthquake|p2a: Weavile
|-damage|p2a: Weavile|40/100
|
|-heal|p1a: Iron Treads|90/100|[from] item: Leftovers
|upkeep
|turn|18
|
|t:|1760375747
|move|p2a: Weavile|Triple Axel|p1a: Iron Treads
|-damage|p1a: Iron Treads|65/100
|-damage|p1a: Iron Treads|18/100
|-crit|p1a: Iron Treads
|-damage|p1a: Iron Treads|0 fnt
|faint|p1a: Iron Treads
|-end|p1a: Iron Treads|Quark Drive|[silent]
|-hitcount|p1: Iron Treads|3
|
|upkeep
|
|t:|1760375749
|switch|p1a: Pelipper|Pelipper, F|100/100
|-weather|RainDance|[from] ability: Drizzle|[of] p1a: Pelipper
|turn|19
|
|t:|1760375768
|move|p2a: Weavile|Knock Off|p1a: Pelipper
|-damage|p1a: Pelipper|0 fnt
|-enditem|p1a: Pelipper|Damp Rock|[from] move: Knock Off|[of] p2a: Weavile
|faint|p1a: Pelipper
|
|-weather|RainDance|[upkeep]
|upkeep
|
|t:|1760375770
|switch|p1a: Barraskewda|Barraskewda, M, shiny|91/100
|turn|20
|
|t:|1760375773
|move|p1a: Barraskewda|Aqua Jet|p2a: Weavile
|-damage|p2a: Weavile|0 fnt
|faint|p2a: Weavile
|-damage|p1a: Barraskewda|81/100|[from] item: Life Orb
|
|-weather|RainDance|[upkeep]
|upkeep
|
|t:|1760375776
|switch|p2a: Latios|Latios, M|100/100
|-damage|p2a: Latios|88/100|[from] Stealth Rock
|turn|21
|
|t:|1760375781
|-terastallize|p1a: Barraskewda|Water
|move|p1a: Barraskewda|Flip Turn|p2a: Latios
|-resisted|p2a: Latios
|-damage|p2a: Latios|28/100
|-damage|p1a: Barraskewda|71/100|[from] item: Life Orb
|
|t:|1760375787
|switch|p1a: Tornadus|Tornadus-Therian, M|100/100|[from] Flip Turn
|move|p2a: Latios|Draco Meteor|p1a: Tornadus
|-damage|p1a: Tornadus|9/100
|-unboost|p2a: Latios|spa|2
|
|-weather|RainDance|[upkeep]
|upkeep
|turn|22
|
|t:|1760375794
|move|p2a: Latios|Draco Meteor|p1a: Tornadus
|-crit|p1a: Tornadus
|-damage|p1a: Tornadus|0 fnt
|-unboost|p2a: Latios|spa|2
|faint|p1a: Tornadus
|
|-weather|RainDance|[upkeep]
|upkeep
|
|t:|1760375796
|switch|p1a: Barraskewda|Barraskewda, M, shiny, tera:Water|71/100
|turn|23
|
|t:|1760375799
|switch|p2a: Cinderace|Cinderace, M|48/100
|-damage|p2a: Cinderace|23/100|[from] Stealth Rock
|move|p1a: Barraskewda|Liquidation|p2a: Cinderace
|-supereffective|p2a: Cinderace
|-damage|p2a: Cinderace|0 fnt
|faint|p2a: Cinderace
|-damage|p1a: Barraskewda|61/100|[from] item: Life Orb
|
|-weather|RainDance|[upkeep]
|upkeep
|
|t:|1760375803
|switch|p2a: Latios|Latios, M|28/100
|-damage|p2a: Latios|16/100|[from] Stealth Rock
|turn|24
|
|t:|1760375805
|move|p1a: Barraskewda|Flip Turn|p2a: Latios
|-resisted|p2a: Latios
|-damage|p2a: Latios|0 fnt
|faint|p2a: Latios
|-damage|p1a: Barraskewda|51/100|[from] item: Life Orb
|
|win|dr. drake6782
|raw|dr. drake6782's rating: 1627 &rarr; <strong>1646</strong><br />(+19 for winning)
|raw|sminey's rating: 1611 &rarr; <strong>1592</strong><br />(-19 for losing)
|l|☆sminey
|player|p2|
