|j|☆HisokaG4
|j|☆CourtTre
|t:|1760454072
|gametype|singles
|player|p1|HisokaG4|cyclist|1296
|player|p2|CourtTre|clair|1278
|gen|9
|tier|[Gen 9] OU
|rated|
|rule|HP Percentage Mod: HP is shown in percentages
|rule|Endless Battle Clause: Forcing endless battles is banned
|rule|Species Clause: Limit one of each Pokémon
|rule|OHKO Clause: OHKO moves are banned
|rule|Evasion Items Clause: Evasion items are banned
|rule|Evasion Moves Clause: Evasion moves are banned
|rule|Evasion Abilities Clause: Evasion abilities are banned
|rule|Sleep Moves Clause: Sleep-inducing moves are banned
|clearpoke
|poke|p1|Lapras, M|
|poke|p1|Ditto|
|poke|p1|Gardevoir, F|
|poke|p1|Hydreigon, M|
|poke|p1|Tauros-Paldea-Blaze, M|
|poke|p1|Forretress, M|
|poke|p2|Smeargle, M|
|poke|p2|Salazzle, F|
|poke|p2|Great Tusk|
|poke|p2|Cloyster, F|
|poke|p2|Polteageist|
|poke|p2|Quaquaval, M|
|teampreview
|inactive|Battle timer is ON: inactive players will automatically lose when time's up. (requested by CourtTre)
|
|t:|1760454094
|teamsize|p1|6
|teamsize|p2|6
|start
|switch|p1a: DivaNegraG4|Gardevoir, F, shiny|100/100
|switch|p2a: Smeargle|Smeargle, M|100/100
|-ability|p1a: DivaNegraG4|Own Tempo|Trace|[from] ability: Trace|[of] p2a: Smeargle
|turn|1
|c|☆CourtTre|finally someone with a fun team
|
|t:|1760454111
|move|p2a: Smeargle|Sticky Web|p1a: DivaNegraG4
|-sidestart|p1: HisokaG4|move: Sticky Web
|move|p1a: DivaNegraG4|Psychic|p2a: Smeargle
|-enditem|p2a: Smeargle|Focus Sash
|-damage|p2a: Smeargle|1/100
|-damage|p1a: DivaNegraG4|91/100|[from] item: Life Orb
|
|upkeep
|turn|2
|
|t:|1760454122
|switch|p1a: Estagiario2.G4|Forretress, M|100/100
|-activate|p1a: Estagiario2.G4|move: Sticky Web
|-unboost|p1a: Estagiario2.G4|spe|1
|move|p2a: Smeargle|Endeavor|p1a: Estagiario2.G4
|-damage|p1a: Estagiario2.G4|1/100
|-enditem|p1a: Estagiario2.G4|Red Card|[of] p2a: Smeargle
|drag|p2a: Polteageist|Polteageist, shiny|100/100
|
|upkeep
|turn|3
|
|t:|1760454138
|move|p2a: Polteageist|Shadow Ball|p1a: Estagiario2.G4
|-damage|p1a: Estagiario2.G4|0 fnt
|faint|p1a: Estagiario2.G4
|
|upkeep
|
|t:|1760454148
|switch|p1a: DivaNegraG4|Gardevoir, F, shiny|91/100
|-activate|p1a: DivaNegraG4|move: Sticky Web
|-unboost|p1a: DivaNegraG4|spe|1
|-ability|p1a: DivaNegraG4|Weak Armor|Trace|[from] ability: Trace|[of] p2a: Polteageist
|turn|4
|
|t:|1760454157
|-terastallize|p1a: DivaNegraG4|Normal
|move|p2a: Polteageist|Shadow Ball|p1a: DivaNegraG4
|-immune|p1a: DivaNegraG4
|move|p1a: DivaNegraG4|Psychic|p2a: Polteageist
|-damage|p2a: Polteageist|31/100
|-damage|p1a: DivaNegraG4|81/100|[from] item: Life Orb
|
|upkeep
|turn|5
|
|t:|1760454172
|move|p2a: Polteageist|Tera Blast|p1a: DivaNegraG4
|-damage|p1a: DivaNegraG4|49/100
|move|p1a: DivaNegraG4|Psychic|p2a: Polteageist
|-damage|p2a: Polteageist|0 fnt
|faint|p2a: Polteageist
|-damage|p1a: DivaNegraG4|39/100|[from] item: Life Orb
|
|upkeep
|
|t:|1760454180
|switch|p2a: Quaquaval|Quaquaval, M|100/100
|turn|6
|
|t:|1760454185
|move|p2a: Quaquaval|Aqua Step|p1a: DivaNegraG4
|-damage|p1a: DivaNegraG4|0 fnt
|-boost|p2a: Quaquaval|spe|1
|faint|p1a: DivaNegraG4
|-ability|p2a: Quaquaval|Moxie|boost
|-boost|p2a: Quaquaval|atk|1
|
|upkeep
|
|t:|1760454193
|switch|p1a: ReiGeladoG4|Lapras, M|100/100
|-activate|p1a: ReiGeladoG4|move: Sticky Web
|-unboost|p1a: ReiGeladoG4|spe|1
|turn|7
|
|t:|1760454200
|move|p2a: Quaquaval|Close Combat|p1a: ReiGeladoG4
|-supereffective|p1a: ReiGeladoG4
|-damage|p1a: ReiGeladoG4|0 fnt
|-unboost|p2a: Quaquaval|def|1
|-unboost|p2a: Quaquaval|spd|1
|faint|p1a: ReiGeladoG4
|-ability|p2a: Quaquaval|Moxie|boost
|-boost|p2a: Quaquaval|atk|1
|
|upkeep
|
|t:|1760454210
|switch|p1a: InvejaG4|Ditto|100/100
|-activate|p1a: InvejaG4|move: Sticky Web
|-unboost|p1a: InvejaG4|spe|1
|-transform|p1a: InvejaG4|p2a: Quaquaval|[from] ability: Imposter
|turn|8
|
|t:|1760454225
|move|p2a: Quaquaval|Aqua Jet|p1a: InvejaG4
|-resisted|p1a: InvejaG4
|-damage|p1a: InvejaG4|62/100
|move|p1a: InvejaG4|Close Combat|p2a: Quaquaval
|-damage|p2a: Quaquaval|0 fnt
|-unboost|p1a: InvejaG4|def|1
|-unboost|p1a: InvejaG4|spd|1
|faint|p2a: Quaquaval
|-ability|p1a: InvejaG4|Moxie|boost
|-boost|p1a: InvejaG4|atk|1
|
|upkeep
|
|t:|1760454235
|switch|p2a: Salazzle|Salazzle, F, shiny|100/100
|turn|9
|
|t:|1760454242
|move|p1a: InvejaG4|Aqua Jet|p2a: Salazzle
|-supereffective|p2a: Salazzle
|-enditem|p2a: Salazzle|Focus Sash
|-damage|p2a: Salazzle|1/100
|move|p2a: Salazzle|Toxic|p1a: InvejaG4
|-status|p1a: InvejaG4|tox
|
|-damage|p1a: InvejaG4|56/100 tox|[from] psn
|upkeep
|turn|10
|
|t:|1760454254
|move|p1a: InvejaG4|Aqua Jet|p2a: Salazzle
|-supereffective|p2a: Salazzle
|-damage|p2a: Salazzle|0 fnt
|faint|p2a: Salazzle
|-ability|p1a: InvejaG4|Moxie|boost
|-boost|p1a: InvejaG4|atk|1
|
|-damage|p1a: InvejaG4|44/100 tox|[from] psn
|upkeep
|
|t:|1760454260
|switch|p2a: Great Tusk|Great Tusk|100/100
|-enditem|p2a: Great Tusk|Booster Energy
|-activate|p2a: Great Tusk|ability: Protosynthesis|[fromitem]
|-start|p2a: Great Tusk|protosynthesisatk
|turn|11
|
|t:|1760454273
|-terastallize|p2a: Great Tusk|Steel
|move|p1a: InvejaG4|Aqua Jet|p2a: Great Tusk
|-damage|p2a: Great Tusk|62/100
|move|p2a: Great Tusk|Headlong Rush|p1a: InvejaG4
|-damage|p1a: InvejaG4|0 fnt
|-unboost|p2a: Great Tusk|def|1
|-unboost|p2a: Great Tusk|spd|1
|faint|p1a: InvejaG4
|
|upkeep
|
|t:|1760454284
|switch|p1a: CerberosG4|Hydreigon, M, shiny|100/100
|turn|12
|
|t:|1760454291
|move|p1a: CerberosG4|Flamethrower|p2a: Great Tusk
|-supereffective|p2a: Great Tusk
|-damage|p2a: Great Tusk|0 fnt
|faint|p2a: Great Tusk
|-end|p2a: Great Tusk|Protosynthesis|[silent]
|
|upkeep
|
|t:|1760454302
|switch|p2a: Cloyster|Cloyster, F|100/100
|turn|13
|
|t:|1760454310
|move|p1a: CerberosG4|Flamethrower|p2a: Cloyster
|-damage|p2a: Cloyster|14/100
|-status|p2a: Cloyster|brn
|move|p2a: Cloyster|Shell Smash|p2a: Cloyster
|-unboost|p2a: Cloyster|def|1
|-unboost|p2a: Cloyster|spd|1
|-boost|p2a: Cloyster|atk|2
|-boost|p2a: Cloyster|spa|2
|-boost|p2a: Cloyster|spe|2
|
|-damage|p2a: Cloyster|8/100 brn|[from] brn
|upkeep
|turn|14
|
|t:|1760454324
|switch|p1a: Estagiario1.G4|Tauros-Paldea-Blaze, M|100/100
|-activate|p1a: Estagiario1.G4|move: Sticky Web
|-unboost|p1a: Estagiario1.G4|spe|1
|-ability|p1a: Estagiario1.G4|Intimidate|boost
|-unboost|p2a: Cloyster|atk|1
|move|p2a: Cloyster|Icicle Spear|p1a: Estagiario1.G4
|-resisted|p1a: Estagiario1.G4
|-damage|p1a: Estagiario1.G4|96/100
|-resisted|p1a: Estagiario1.G4
|-damage|p1a: Estagiario1.G4|92/100
|-resisted|p1a: Estagiario1.G4
|-damage|p1a: Estagiario1.G4|88/100
|-resisted|p1a: Estagiario1.G4
|-damage|p1a: Estagiario1.G4|84/100
|-resisted|p1a: Estagiario1.G4
|-damage|p1a: Estagiario1.G4|80/100
|-hitcount|p1a: Estagiario1.G4|5
|
|-damage|p2a: Cloyster|1/100 brn|[from] brn
|upkeep
|turn|15
|
|t:|1760454344
|move|p2a: Cloyster|Rock Blast|p1a: Estagiario1.G4
|-damage|p1a: Estagiario1.G4|74/100
|-damage|p1a: Estagiario1.G4|68/100
|-damage|p1a: Estagiario1.G4|63/100
|-damage|p1a: Estagiario1.G4|57/100
|-damage|p1a: Estagiario1.G4|52/100
|-hitcount|p1a: Estagiario1.G4|5
|move|p1a: Estagiario1.G4|Iron Head|p2a: Cloyster
|-damage|p2a: Cloyster|0 fnt
|faint|p2a: Cloyster
|
|upkeep
|-message|CourtTre forfeited.
|
|win|HisokaG4
|raw|HisokaG4's rating: 1296 &rarr; <strong>1320</strong><br />(+24 for winning)
|raw|CourtTre's rating: 1278 &rarr; <strong>1254</strong><br />(-24 for losing)
|l|☆CourtTre
|player|p2|
|l|☆HisokaG4
|player|p1|
