|j|☆Quiero mucho a Mar
|j|☆bald wooper
|t:|1760430401
|gametype|singles
|player|p1|Quiero mucho a Mar|firebreather-gen2|1697
|player|p2|bald wooper|265|1730
|gen|9
|tier|[Gen 9] OU
|rated|
|rule|HP Percentage Mod: HP is shown in percentages
|rule|Endless Battle Clause: Forcing endless battles is banned
|rule|Species Clause: Limit one of each Pokémon
|rule|OHKO Clause: OHKO moves are banned
|rule|Evasion Items Clause: Evasion items are banned
|rule|Evasion Moves Clause: Evasion moves are banned
|rule|Evasion Abilities Clause: Evasion abilities are banned
|rule|Sleep Moves Clause: Sleep-inducing moves are banned
|clearpoke
|poke|p1|Yanmega, M|
|poke|p1|Great Tusk|
|poke|p1|Kyurem|
|poke|p1|Ogerpon-Wellspring, F|
|poke|p1|Ting-Lu|
|poke|p1|Hatterene, F|
|poke|p2|Landorus-Therian, M|
|poke|p2|Kingambit, M|
|poke|p2|Slowking-Galar, F|
|poke|p2|Iron Treads|
|poke|p2|Volcanion|
|poke|p2|Darkrai|
|teampreview
|
|t:|1760430413
|teamsize|p1|6
|teamsize|p2|6
|start
|switch|p1a: Ogerpon|Ogerpon-Wellspring, F|100/100
|switch|p2a: Darkrai|Darkrai|100/100
|turn|1
|
|t:|1760430419
|switch|p1a: Ting-Lu|Ting-Lu|100/100
|-ability|p1a: Ting-Lu|Vessel of Ruin
|move|p2a: Darkrai|Sludge Bomb|p1a: Ting-Lu
|-resisted|p1a: Ting-Lu
|-damage|p1a: Ting-Lu|95/100
|
|upkeep
|turn|2
|
|t:|1760430422
|move|p2a: Darkrai|Nasty Plot|p2a: Darkrai
|-boost|p2a: Darkrai|spa|2
|move|p1a: Ting-Lu|Spikes|p2a: Darkrai
|-sidestart|p2: bald wooper|Spikes
|
|upkeep
|turn|3
|
|t:|1760430424
|move|p2a: Darkrai|Ice Beam|p1a: Ting-Lu
|-supereffective|p1a: Ting-Lu
|-damage|p1a: Ting-Lu|52/100
|move|p1a: Ting-Lu|Earthquake|p2a: Darkrai
|-damage|p2a: Darkrai|61/100
|-enditem|p2a: Darkrai|Red Card|[of] p1a: Ting-Lu
|drag|p1a: Great Tusk|Great Tusk|100/100
|
|upkeep
|turn|4
|
|t:|1760430428
|-end|p1a: Great Tusk|Protosynthesis|[silent]
|switch|p1a: Ting-Lu|Ting-Lu|52/100
|-ability|p1a: Ting-Lu|Vessel of Ruin
|move|p2a: Darkrai|Ice Beam|p1a: Ting-Lu
|-supereffective|p1a: Ting-Lu
|-damage|p1a: Ting-Lu|7/100
|
|upkeep
|turn|5
|
|t:|1760430431
|move|p2a: Darkrai|Dark Pulse|p1a: Ting-Lu
|-resisted|p1a: Ting-Lu
|-damage|p1a: Ting-Lu|0 fnt
|faint|p1a: Ting-Lu
|
|upkeep
|
|t:|1760430434
|switch|p1a: Yanmega|Yanmega, M|100/100
|turn|6
|
|t:|1760430437
|switch|p2a: Slowking|Slowking-Galar, F|100/100
|move|p1a: Yanmega|Protect||[still]
|-fail|p1a: Yanmega
|
|-ability|p1a: Yanmega|Speed Boost|boost
|-boost|p1a: Yanmega|spe|1
|upkeep
|turn|7
|
|t:|1760430442
|switch|p1a: Great Tusk|Great Tusk|100/100
|move|p2a: Slowking|Ice Beam|p1a: Great Tusk
|-supereffective|p1a: Great Tusk
|-damage|p1a: Great Tusk|33/100
|
|upkeep
|turn|8
|
|t:|1760430445
|switch|p2a: Landorus|Landorus-Therian, M|100/100
|-ability|p2a: Landorus|Intimidate|boost
|-unboost|p1a: Great Tusk|atk|1
|move|p1a: Great Tusk|Rapid Spin|p2a: Landorus
|-damage|p2a: Landorus|90/100
|-boost|p1a: Great Tusk|spe|1
|-damage|p1a: Great Tusk|17/100|[from] item: Rocky Helmet|[of] p2a: Landorus
|
|upkeep
|turn|9
|
|t:|1760430453
|-end|p1a: Great Tusk|Protosynthesis|[silent]
|switch|p1a: Hatterene|Hatterene, F|100/100
|switch|p2a: Slowking|Slowking-Galar, F|100/100
|
|upkeep
|turn|10
|
|t:|1760430456
|move|p1a: Hatterene|Nuzzle|p2a: Slowking
|-damage|p2a: Slowking|98/100
|-status|p2a: Slowking|par
|move|p2a: Slowking|Sludge Bomb|p1a: Hatterene
|-supereffective|p1a: Hatterene
|-damage|p1a: Hatterene|51/100
|
|upkeep
|turn|11
|
|t:|1760430469
|move|p1a: Hatterene|Mystical Fire|p2a: Slowking
|-damage|p2a: Slowking|79/100 par
|-unboost|p2a: Slowking|spa|1
|cant|p2a: Slowking|par
|
|upkeep
|turn|12
|
|t:|1760430476
|switch|p1a: Great Tusk|Great Tusk|17/100
|move|p2a: Slowking|Sludge Bomb|p1a: Great Tusk
|-resisted|p1a: Great Tusk
|-damage|p1a: Great Tusk|3/100
|-status|p1a: Great Tusk|psn
|
|-damage|p1a: Great Tusk|0 fnt|[from] psn
|faint|p1a: Great Tusk
|-end|p1a: Great Tusk|Protosynthesis|[silent]
|upkeep
|
|t:|1760430478
|switch|p1a: Ogerpon|Ogerpon-Wellspring, F|100/100
|turn|13
|
|t:|1760430483
|move|p1a: Ogerpon|Knock Off|p2a: Slowking
|-supereffective|p2a: Slowking
|-damage|p2a: Slowking|21/100 par
|-enditem|p2a: Slowking|Heavy-Duty Boots|[from] move: Knock Off|[of] p1a: Ogerpon
|cant|p2a: Slowking|par
|
|upkeep
|turn|14
|
|t:|1760430488
|move|p1a: Ogerpon|Knock Off|p2a: Slowking
|-supereffective|p2a: Slowking
|-damage|p2a: Slowking|0 fnt
|faint|p2a: Slowking
|
|upkeep
|
|t:|1760430490
|switch|p2a: Volcanion|Volcanion|100/100
|turn|15
|
|t:|1760430500
|move|p1a: Ogerpon|Power Whip|p2a: Volcanion|[miss]
|-miss|p1a: Ogerpon|p2a: Volcanion
|move|p2a: Volcanion|Fire Spin|p1a: Ogerpon
|-damage|p1a: Ogerpon|84/100
|-activate|p1a: Ogerpon|move: Fire Spin|[of] p2a: Volcanion
|
|-damage|p1a: Ogerpon|71/100|[from] move: Fire Spin|[partiallytrapped]
|upkeep
|turn|16
|
|t:|1760430506
|move|p1a: Ogerpon|Power Whip|p2a: Volcanion
|-damage|p2a: Volcanion|38/100
|move|p2a: Volcanion|Will-O-Wisp|p1a: Ogerpon|[miss]
|-miss|p2a: Volcanion|p1a: Ogerpon
|
|-damage|p1a: Ogerpon|59/100|[from] move: Fire Spin|[partiallytrapped]
|upkeep
|turn|17
|
|t:|1760430514
|move|p1a: Ogerpon|Power Whip|p2a: Volcanion
|-damage|p2a: Volcanion|0 fnt
|faint|p2a: Volcanion
|
|-end|p1a: Ogerpon|Fire Spin|[partiallytrapped]|[silent]
|upkeep
|
|t:|1760430517
|switch|p2a: Darkrai|Darkrai|61/100
|-damage|p2a: Darkrai|49/100|[from] Spikes
|turn|18
|inactive|Battle timer is ON: inactive players will automatically lose when time's up. (requested by bald wooper)
|
|t:|1760430526
|switch|p1a: Kyurem|Kyurem|100/100
|-ability|p1a: Kyurem|Pressure
|move|p2a: Darkrai|Sludge Bomb|p1a: Kyurem
|-damage|p1a: Kyurem|75/100
|-status|p1a: Kyurem|psn
|
|-damage|p1a: Kyurem|63/100 psn|[from] psn
|upkeep
|turn|19
|
|t:|1760430530
|move|p2a: Darkrai|Dark Pulse|p1a: Kyurem
|-damage|p1a: Kyurem|31/100 psn
|move|p1a: Kyurem|Dragon Dance|p1a: Kyurem
|-boost|p1a: Kyurem|atk|1
|-boost|p1a: Kyurem|spe|1
|
|-damage|p1a: Kyurem|19/100 psn|[from] psn
|upkeep
|turn|20
|
|t:|1760430536
|move|p1a: Kyurem|Icicle Spear|p2a: Darkrai
|-damage|p2a: Darkrai|27/100
|-damage|p2a: Darkrai|0 fnt
|faint|p2a: Darkrai
|-hitcount|p2: Darkrai|2
|
|-damage|p1a: Kyurem|6/100 psn|[from] psn
|upkeep
|
|t:|1760430541
|switch|p2a: Iron Treads|Iron Treads|100/100
|-damage|p2a: Iron Treads|88/100|[from] Spikes
|turn|21
|c|☆Quiero mucho a Mar|Wtf was that roll
|
|t:|1760430548
|move|p1a: Kyurem|Earth Power|p2a: Iron Treads
|-supereffective|p2a: Iron Treads
|-damage|p2a: Iron Treads|11/100
|move|p2a: Iron Treads|Rapid Spin|p1a: Kyurem
|-damage|p1a: Kyurem|0 fnt
|-boost|p2a: Iron Treads|spe|1
|-sideend|p2: bald wooper|Spikes|[from] move: Rapid Spin|[of] p2a: Iron Treads
|faint|p1a: Kyurem
|
|upkeep
|
|t:|1760430557
|switch|p1a: Ogerpon|Ogerpon-Wellspring, F|59/100
|turn|22
|
|t:|1760430568
|move|p2a: Iron Treads|Volt Switch|p1a: Ogerpon
|-damage|p1a: Ogerpon|46/100
|
|t:|1760430570
|-end|p2a: Iron Treads|Quark Drive|[silent]
|switch|p2a: Landorus|Landorus-Therian, M|90/100|[from] Volt Switch
|-ability|p2a: Landorus|Intimidate|boost
|-unboost|p1a: Ogerpon|atk|1
|move|p1a: Ogerpon|Knock Off|p2a: Landorus
|-damage|p2a: Landorus|61/100
|-damage|p1a: Ogerpon|29/100|[from] item: Rocky Helmet|[of] p2a: Landorus
|-enditem|p2a: Landorus|Rocky Helmet|[from] move: Knock Off|[of] p1a: Ogerpon
|
|upkeep
|turn|23
|
|t:|1760430574
|move|p1a: Ogerpon|Ivy Cudgel|p2a: Landorus|[anim] Ivy Cudgel Water
|-supereffective|p2a: Landorus
|-damage|p2a: Landorus|0 fnt
|faint|p2a: Landorus
|
|upkeep
|
|t:|1760430576
|switch|p2a: Kingambit|Kingambit, M|100/100
|-activate|p2a: Kingambit|ability: Supreme Overlord
|-start|p2a: Kingambit|fallen4|[silent]
|turn|24
|
|t:|1760430580
|switch|p1a: Hatterene|Hatterene, F|51/100
|move|p2a: Kingambit|Swords Dance|p2a: Kingambit
|-boost|p2a: Kingambit|atk|2
|
|upkeep
|turn|25
|
|t:|1760430583
|move|p2a: Kingambit|Kowtow Cleave|p1a: Hatterene
|-damage|p1a: Hatterene|0 fnt
|faint|p1a: Hatterene
|
|upkeep
|
|t:|1760430585
|switch|p1a: Yanmega|Yanmega, M|100/100
|turn|26
|
|t:|1760430588
|-terastallize|p2a: Kingambit|Fairy
|move|p1a: Yanmega|Protect|p1a: Yanmega
|-singleturn|p1a: Yanmega|Protect
|move|p2a: Kingambit|Kowtow Cleave|p1a: Yanmega
|-activate|p1a: Yanmega|move: Protect
|
|-ability|p1a: Yanmega|Speed Boost|boost
|-boost|p1a: Yanmega|spe|1
|upkeep
|turn|27
|
|t:|1760430591
|move|p1a: Yanmega|Air Slash|p2a: Kingambit|[miss]
|-miss|p1a: Yanmega|p2a: Kingambit
|move|p2a: Kingambit|Kowtow Cleave|p1a: Yanmega
|-damage|p1a: Yanmega|0 fnt
|faint|p1a: Yanmega
|
|upkeep
|c|☆Quiero mucho a Mar|gg
|-message|Quiero mucho a Mar forfeited.
|
|win|bald wooper
|raw|Quiero mucho a Mar's rating: 1714 &rarr; <strong>1695</strong><br />(-19 for losing)
|raw|bald wooper's rating: 1730 &rarr; <strong>1749</strong><br />(+19 for winning)
|l|☆Quiero mucho a Mar
|player|p1|
|l|☆bald wooper
|player|p2|
