|j|☆joelmoflo
|j|☆Nova_Flame2
|t:|1760371221
|gametype|singles
|player|p1|joelmoflo|steven|1124
|player|p2|Nova_Flame2|benga|1100
|gen|9
|tier|[Gen 9] OU
|rated|
|rule|HP Percentage Mod: HP is shown in percentages
|rule|Endless Battle Clause: Forcing endless battles is banned
|rule|Species Clause: Limit one of each Pokémon
|rule|OHKO Clause: OHKO moves are banned
|rule|Evasion Items Clause: Evasion items are banned
|rule|Evasion Moves Clause: Evasion moves are banned
|rule|Evasion Abilities Clause: Evasion abilities are banned
|rule|Sleep Moves Clause: Sleep-inducing moves are banned
|clearpoke
|poke|p1|Kingambit, F|
|poke|p1|Cinderace, F|
|poke|p1|Landorus-Therian, M|
|poke|p1|Iron Valiant|
|poke|p1|Kyurem|
|poke|p1|Slowking-Galar, M|
|poke|p2|Garchomp, M|
|poke|p2|Gardevoir, F|
|poke|p2|Ceruledge, M|
|poke|p2|Mimikyu, M|
|poke|p2|Gholdengo|
|poke|p2|Umbreon, M|
|teampreview
|
|t:|1760371230
|teamsize|p1|6
|teamsize|p2|6
|start
|switch|p1a: Slowking|Slowking-Galar, M, shiny|100/100
|switch|p2a: Mimikyu|Mimikyu, M, shiny|100/100
|turn|1
|
|t:|1760371252
|move|p2a: Mimikyu|Swords Dance|p2a: Mimikyu
|-boost|p2a: Mimikyu|atk|2
|move|p1a: Slowking|Thunder Wave|p2a: Mimikyu
|-status|p2a: Mimikyu|par
|
|upkeep
|turn|2
|
|t:|1760371260
|cant|p2a: Mimikyu|par
|move|p1a: Slowking|Future Sight|p2a: Mimikyu
|-start|p1a: Slowking|move: Future Sight
|
|upkeep
|turn|3
|
|t:|1760371266
|switch|p1a: Landorus|Landorus-Therian, M, shiny|100/100
|-ability|p1a: Landorus|Intimidate|boost
|-unboost|p2a: Mimikyu|atk|1
|move|p2a: Mimikyu|Shadow Sneak|p1a: Landorus
|-damage|p1a: Landorus|76/100
|-damage|p2a: Mimikyu|84/100 par|[from] item: Rocky Helmet|[of] p1a: Landorus
|-damage|p2a: Mimikyu|74/100 par|[from] item: Life Orb
|
|upkeep
|turn|4
|
|t:|1760371286
|move|p1a: Landorus|U-turn|p2a: Mimikyu
|-activate|p2a: Mimikyu|ability: Disguise
|-damage|p2a: Mimikyu|74/100 par
|detailschange|p2a: Mimikyu|Mimikyu-Busted, M, shiny
|-damage|p2a: Mimikyu|62/100 par|[from] pokemon: Mimikyu-Busted
|c|☆Nova_Flame2|yikes
|
|t:|1760371310
|switch|p1a: Iron Valiant|Iron Valiant|100/100|[from] U-turn
|-enditem|p1a: Iron Valiant|Booster Energy
|-activate|p1a: Iron Valiant|ability: Quark Drive|[fromitem]
|-start|p1a: Iron Valiant|quarkdrivespe
|move|p2a: Mimikyu|Play Rough|p1a: Iron Valiant
|-supereffective|p1a: Iron Valiant
|-damage|p1a: Iron Valiant|0 fnt
|faint|p1a: Iron Valiant
|-end|p1a: Iron Valiant|Quark Drive|[silent]
|-damage|p2a: Mimikyu|52/100 par|[from] item: Life Orb
|
|-end|p2a: Mimikyu|move: Future Sight
|-damage|p2a: Mimikyu|0 fnt
|faint|p2a: Mimikyu
|upkeep
|
|t:|1760371333
|switch|p1a: Cinderace|Cinderace, F, shiny|100/100
|switch|p2a: Shadow|Umbreon, M, shiny|100/100
|turn|5
|
|t:|1760371346
|move|p1a: Cinderace|U-turn|p2a: Shadow
|-supereffective|p2a: Shadow
|-damage|p2a: Shadow|75/100
|
|t:|1760371372
|switch|p1a: Kyurem|Kyurem, shiny|100/100|[from] U-turn
|-ability|p1a: Kyurem|Pressure
|move|p2a: Shadow|Toxic|p1a: Kyurem
|-status|p1a: Kyurem|tox
|
|-heal|p2a: Shadow|81/100|[from] item: Leftovers
|-damage|p1a: Kyurem|94/100 tox|[from] psn
|upkeep
|turn|6
|c|☆Nova_Flame2|I'm so rusty gng
|
|t:|1760371390
|move|p2a: Shadow|Protect|p2a: Shadow
|-singleturn|p2a: Shadow|Protect
|move|p1a: Kyurem|Body Press|p2a: Shadow
|-activate|p2a: Shadow|move: Protect
|
|-heal|p1a: Kyurem|100/100 tox|[from] item: Leftovers
|-heal|p2a: Shadow|87/100|[from] item: Leftovers
|-damage|p1a: Kyurem|88/100 tox|[from] psn
|upkeep
|turn|7
|
|t:|1760371405
|move|p1a: Kyurem|Freeze-Dry|p2a: Shadow
|-damage|p2a: Shadow|65/100
|move|p2a: Shadow|Foul Play|p1a: Kyurem
|-damage|p1a: Kyurem|55/100 tox
|
|-heal|p1a: Kyurem|61/100 tox|[from] item: Leftovers
|-heal|p2a: Shadow|71/100|[from] item: Leftovers
|-damage|p1a: Kyurem|43/100 tox|[from] psn
|upkeep
|turn|8
|
|t:|1760371417
|switch|p1a: Cinderace|Cinderace, F, shiny|100/100
|move|p2a: Shadow|Protect||[still]
|-fail|p2a: Shadow
|
|-heal|p2a: Shadow|77/100|[from] item: Leftovers
|upkeep
|turn|9
|
|t:|1760371425
|move|p2a: Shadow|Protect|p2a: Shadow
|-singleturn|p2a: Shadow|Protect
|move|p1a: Cinderace|Will-O-Wisp|p2a: Shadow
|-activate|p2a: Shadow|move: Protect
|
|-heal|p2a: Shadow|83/100|[from] item: Leftovers
|upkeep
|turn|10
|
|t:|1760371435
|move|p1a: Cinderace|Pyro Ball|p2a: Shadow
|-damage|p2a: Shadow|47/100
|move|p2a: Shadow|Foul Play|p1a: Cinderace
|-crit|p1a: Cinderace
|-damage|p1a: Cinderace|6/100
|
|-heal|p2a: Shadow|53/100|[from] item: Leftovers
|upkeep
|turn|11
|
|t:|1760371444
|move|p2a: Shadow|Protect|p2a: Shadow
|-singleturn|p2a: Shadow|Protect
|move|p1a: Cinderace|U-turn|p2a: Shadow
|-activate|p2a: Shadow|move: Protect
|
|-heal|p2a: Shadow|59/100|[from] item: Leftovers
|upkeep
|turn|12
|
|t:|1760371452
|move|p1a: Cinderace|Pyro Ball|p2a: Shadow
|-damage|p2a: Shadow|8/100
|move|p2a: Shadow|Foul Play|p1a: Cinderace
|-damage|p1a: Cinderace|0 fnt
|faint|p1a: Cinderace
|
|-heal|p2a: Shadow|14/100|[from] item: Leftovers
|upkeep
|
|t:|1760371463
|switch|p1a: Landorus|Landorus-Therian, M, shiny|76/100
|-ability|p1a: Landorus|Intimidate|boost
|-fail|p2a: Shadow|unboost|Attack|[from] ability: Inner Focus|[of] p2a: Shadow
|turn|13
|
|t:|1760371471
|move|p2a: Shadow|Protect|p2a: Shadow
|-singleturn|p2a: Shadow|Protect
|move|p1a: Landorus|Stealth Rock|p2a: Shadow
|-sidestart|p2: Nova_Flame2|move: Stealth Rock
|
|-heal|p2a: Shadow|20/100|[from] item: Leftovers
|upkeep
|turn|14
|
|t:|1760371478
|move|p1a: Landorus|U-turn|p2a: Shadow
|-supereffective|p2a: Shadow
|-damage|p2a: Shadow|0 fnt
|faint|p2a: Shadow
|
|t:|1760371483
|switch|p1a: Slowking|Slowking-Galar, M, shiny|100/100|[from] U-turn
|
|upkeep
|
|t:|1760371495
|switch|p2a: goldy|Gholdengo, shiny|100/100
|-damage|p2a: goldy|94/100|[from] Stealth Rock
|turn|15
|
|t:|1760371502
|move|p2a: goldy|Shadow Ball|p1a: Slowking
|-supereffective|p1a: Slowking
|-damage|p1a: Slowking|51/100
|move|p1a: Slowking|Thunder Wave|p2a: goldy
|-immune|p2a: goldy|[from] ability: Good as Gold
|
|upkeep
|turn|16
|
|t:|1760371510
|move|p2a: goldy|Shadow Ball|p1a: Slowking
|-supereffective|p1a: Slowking
|-damage|p1a: Slowking|0 fnt
|faint|p1a: Slowking
|
|upkeep
|-message|joelmoflo forfeited.
|
|win|Nova_Flame2
|raw|joelmoflo's rating: 1124 &rarr; <strong>1097</strong><br />(-27 for losing)
|raw|Nova_Flame2's rating: 1100 &rarr; <strong>1127</strong><br />(+27 for winning)
|l|☆joelmoflo
|player|p1|
