|j|☆mingying
|j|☆qaqkiller
|t:|1760450994
|gametype|singles
|player|p1|mingying|2|1670
|player|p2|qaqkiller|maid|1676
|gen|9
|tier|[Gen 9] OU
|rated|
|rule|HP Percentage Mod: HP is shown in percentages
|rule|Endless Battle Clause: Forcing endless battles is banned
|rule|Species Clause: Limit one of each Pokémon
|rule|OHKO Clause: OHKO moves are banned
|rule|Evasion Items Clause: Evasion items are banned
|rule|Evasion Moves Clause: Evasion moves are banned
|rule|Evasion Abilities Clause: Evasion abilities are banned
|rule|Sleep Moves Clause: Sleep-inducing moves are banned
|clearpoke
|poke|p1|Samurott-Hisui, M|
|poke|p1|Great Tusk|
|poke|p1|Volcanion|
|poke|p1|Hydrapple, M|
|poke|p1|Gholdengo|
|poke|p1|Landorus-Therian, M|
|poke|p2|Zamazenta-*|
|poke|p2|Iron Valiant|
|poke|p2|Sinistcha-Masterpiece|
|poke|p2|Gholdengo|
|poke|p2|Samurott-Hisui, M|
|poke|p2|Landorus-Therian, M|
|teampreview
|inactive|Battle timer is ON: inactive players will automatically lose when time's up. (requested by mingying)
|inactive|qaqkiller also wants the timer to be on.
|
|t:|1760451002
|teamsize|p1|6
|teamsize|p2|6
|start
|switch|p1a: Great Mustache|Landorus-Therian, M|100/100
|switch|p2a: Landorus|Landorus-Therian, M, shiny|100/100
|-ability|p1a: Great Mustache|Intimidate|boost
|-unboost|p2a: Landorus|atk|1
|-ability|p2a: Landorus|Intimidate|boost
|-unboost|p1a: Great Mustache|atk|1
|turn|1
|
|t:|1760451011
|switch|p1a: The Fickle Heart|Hydrapple, M|100/100
|move|p2a: Landorus|Stealth Rock|p1a: The Fickle Heart
|-sidestart|p1: mingying|move: Stealth Rock
|
|upkeep
|turn|2
|
|t:|1760451015
|move|p2a: Landorus|U-turn|p1a: The Fickle Heart
|-supereffective|p1a: The Fickle Heart
|-damage|p1a: The Fickle Heart|84/100
|-damage|p2a: Landorus|84/100|[from] item: Rocky Helmet|[of] p1a: The Fickle Heart
|
|t:|1760451022
|switch|p2a: Gholdengo|Gholdengo, shiny|100/100|[from] U-turn
|-item|p2a: Gholdengo|Air Balloon
|move|p1a: The Fickle Heart|Giga Drain|p2a: Gholdengo
|-resisted|p2a: Gholdengo
|-damage|p2a: Gholdengo|82/100
|-heal|p1a: The Fickle Heart|91/100|[from] drain|[of] p2a: Gholdengo
|-enditem|p2a: Gholdengo|Air Balloon
|
|upkeep
|turn|3
|
|t:|1760451029
|switch|p1a: The Last Ronin|Samurott-Hisui, M|100/100
|-damage|p1a: The Last Ronin|88/100|[from] Stealth Rock
|move|p2a: Gholdengo|Shadow Ball|p1a: The Last Ronin
|-resisted|p1a: The Last Ronin
|-damage|p1a: The Last Ronin|72/100
|
|upkeep
|turn|4
|
|t:|1760451038
|switch|p2a: Landorus|Landorus-Therian, M, shiny|84/100
|-ability|p2a: Landorus|Intimidate|boost
|-unboost|p1a: The Last Ronin|atk|1
|move|p1a: The Last Ronin|Ceaseless Edge|p2a: Landorus
|-damage|p2a: Landorus|60/100
|-damage|p1a: The Last Ronin|55/100|[from] item: Rocky Helmet|[of] p2a: Landorus
|-sidestart|p2: qaqkiller|Spikes
|
|upkeep
|turn|5
|
|t:|1760451055
|switch|p1a: The Fickle Heart|Hydrapple, M|100/100
|-damage|p1a: The Fickle Heart|88/100|[from] Stealth Rock
|move|p2a: Landorus|U-turn|p1a: The Fickle Heart
|-supereffective|p1a: The Fickle Heart
|-damage|p1a: The Fickle Heart|65/100
|-damage|p2a: Landorus|43/100|[from] item: Rocky Helmet|[of] p1a: The Fickle Heart
|
|t:|1760451058
|switch|p2a: Samurott|Samurott-Hisui, M, shiny|100/100|[from] U-turn
|-damage|p2a: Samurott|88/100|[from] Spikes
|
|upkeep
|turn|6
|
|t:|1760451063
|-terastallize|p2a: Samurott|Poison
|move|p2a: Samurott|Ceaseless Edge|p1a: The Fickle Heart
|-damage|p1a: The Fickle Heart|42/100
|-damage|p2a: Samurott|72/100|[from] item: Rocky Helmet|[of] p1a: The Fickle Heart
|-sidestart|p1: mingying|Spikes
|move|p1a: The Fickle Heart|Giga Drain|p2a: Samurott
|-resisted|p2a: Samurott
|-damage|p2a: Samurott|61/100
|-heal|p1a: The Fickle Heart|47/100|[from] drain|[of] p2a: Samurott
|
|upkeep
|turn|7
|
|t:|1760451069
|switch|p1a: King Tusk|Great Tusk|100/100
|move|p2a: Samurott|Knock Off|p1a: King Tusk
|-resisted|p1a: King Tusk
|-damage|p1a: King Tusk|85/100
|-enditem|p1a: King Tusk|Heavy-Duty Boots|[from] move: Knock Off|[of] p2a: Samurott
|
|upkeep
|turn|8
|
|t:|1760451075
|switch|p2a: Sinistcha|Sinistcha-Masterpiece, shiny|100/100
|move|p1a: King Tusk|Headlong Rush|p2a: Sinistcha
|-resisted|p2a: Sinistcha
|-damage|p2a: Sinistcha|79/100
|-unboost|p1a: King Tusk|def|1
|-unboost|p1a: King Tusk|spd|1
|
|upkeep
|turn|9
|
|t:|1760451087
|-end|p1a: King Tusk|Protosynthesis|[silent]
|switch|p1a: Heart of Ghold|Gholdengo|100/100
|-damage|p1a: Heart of Ghold|94/100|[from] Stealth Rock
|-item|p1a: Heart of Ghold|Air Balloon
|move|p2a: Sinistcha|Matcha Gotcha|p1a: Heart of Ghold
|-resisted|p1a: Heart of Ghold
|-damage|p1a: Heart of Ghold|80/100
|-heal|p2a: Sinistcha|87/100|[from] drain|[of] p1a: Heart of Ghold
|-enditem|p1a: Heart of Ghold|Air Balloon
|
|upkeep
|turn|10
|inactive|qaqkiller has 120 seconds left.
|
|t:|1760451125
|switch|p2a: Landorus|Landorus-Therian, M, shiny|43/100
|-ability|p2a: Landorus|Intimidate|boost
|-unboost|p1a: Heart of Ghold|atk|1
|move|p1a: Heart of Ghold|Shadow Ball|p2a: Landorus
|-damage|p2a: Landorus|0 fnt
|faint|p2a: Landorus
|
|upkeep
|
|t:|1760451132
|switch|p2a: Samurott|Samurott-Hisui, M, shiny, tera:Poison|61/100
|-damage|p2a: Samurott|49/100|[from] Spikes
|turn|11
|
|t:|1760451139
|switch|p1a: King Tusk|Great Tusk|85/100
|-damage|p1a: King Tusk|82/100|[from] Stealth Rock
|-damage|p1a: King Tusk|70/100|[from] Spikes
|move|p2a: Samurott|Ceaseless Edge|p1a: King Tusk
|-resisted|p1a: King Tusk
|-damage|p1a: King Tusk|55/100
|-sidestart|p1: mingying|Spikes
|
|upkeep
|turn|12
|
|t:|1760451144
|switch|p2a: Zamazenta|Zamazenta, shiny|100/100
|-ability|p2a: Zamazenta|Dauntless Shield|boost
|-boost|p2a: Zamazenta|def|1
|move|p1a: King Tusk|Stealth Rock|p2a: Zamazenta
|-sidestart|p2: qaqkiller|move: Stealth Rock
|
|upkeep
|turn|13
|
|t:|1760451153
|switch|p2a: Sinistcha|Sinistcha-Masterpiece, shiny|87/100
|move|p1a: King Tusk|Rapid Spin|p2a: Sinistcha
|-immune|p2a: Sinistcha
|
|upkeep
|turn|14
|
|t:|1760451171
|move|p1a: King Tusk|Ice Spinner|p2a: Sinistcha
|-supereffective|p2a: Sinistcha
|-damage|p2a: Sinistcha|47/100
|move|p2a: Sinistcha|Shadow Ball|p1a: King Tusk
|-damage|p1a: King Tusk|5/100
|
|upkeep
|turn|15
|
|t:|1760451175
|-end|p1a: King Tusk|Protosynthesis|[silent]
|switch|p1a: Heart of Ghold|Gholdengo|80/100
|-damage|p1a: Heart of Ghold|74/100|[from] Stealth Rock
|-damage|p1a: Heart of Ghold|58/100|[from] Spikes
|move|p2a: Sinistcha|Strength Sap|p1a: Heart of Ghold
|-immune|p1a: Heart of Ghold|[from] ability: Good as Gold
|
|upkeep
|turn|16
|
|t:|1760451179
|move|p1a: Heart of Ghold|Recover|p1a: Heart of Ghold
|-heal|p1a: Heart of Ghold|100/100
|move|p2a: Sinistcha|Shadow Ball|p1a: Heart of Ghold
|-supereffective|p1a: Heart of Ghold
|-damage|p1a: Heart of Ghold|39/100
|
|upkeep
|turn|17
|
|t:|1760451184
|move|p1a: Heart of Ghold|Shadow Ball|p2a: Sinistcha
|-supereffective|p2a: Sinistcha
|-damage|p2a: Sinistcha|0 fnt
|faint|p2a: Sinistcha
|
|upkeep
|
|t:|1760451192
|switch|p2a: Gholdengo|Gholdengo, shiny|82/100
|-damage|p2a: Gholdengo|70/100|[from] Spikes
|-damage|p2a: Gholdengo|64/100|[from] Stealth Rock
|turn|18
|
|t:|1760451196
|move|p2a: Gholdengo|Shadow Ball|p1a: Heart of Ghold
|-supereffective|p1a: Heart of Ghold
|-damage|p1a: Heart of Ghold|0 fnt
|faint|p1a: Heart of Ghold
|
|upkeep
|
|t:|1760451202
|switch|p1a: The Last Ronin|Samurott-Hisui, M|55/100
|-damage|p1a: The Last Ronin|43/100|[from] Stealth Rock
|-damage|p1a: The Last Ronin|26/100|[from] Spikes
|turn|19
|j| Hildi Thryth
|
|t:|1760451215
|switch|p2a: Zamazenta|Zamazenta, shiny|100/100
|move|p1a: The Last Ronin|Sucker Punch||[still]
|-fail|p1a: The Last Ronin
|
|upkeep
|turn|20
|j| shrek5baby
|
|t:|1760451225
|move|p2a: Zamazenta|Close Combat|p1a: The Last Ronin
|-supereffective|p1a: The Last Ronin
|-damage|p1a: The Last Ronin|0 fnt
|-unboost|p2a: Zamazenta|def|1
|-unboost|p2a: Zamazenta|spd|1
|faint|p1a: The Last Ronin
|
|upkeep
|
|t:|1760451231
|switch|p1a: The Fickle Heart|Hydrapple, M|80/100
|-damage|p1a: The Fickle Heart|68/100|[from] Stealth Rock
|-damage|p1a: The Fickle Heart|52/100|[from] Spikes
|turn|21
|j| 54 Insane Rats
|
|t:|1760451236
|switch|p2a: Samurott|Samurott-Hisui, M, shiny, tera:Poison|49/100
|-damage|p2a: Samurott|36/100|[from] Spikes
|-damage|p2a: Samurott|24/100|[from] Stealth Rock
|move|p1a: The Fickle Heart|Giga Drain|p2a: Samurott
|-resisted|p2a: Samurott
|-damage|p2a: Samurott|13/100
|-heal|p1a: The Fickle Heart|57/100|[from] drain|[of] p2a: Samurott
|
|upkeep
|turn|22
|
|t:|1760451247
|move|p2a: Samurott|Knock Off|p1a: The Fickle Heart
|-damage|p1a: The Fickle Heart|31/100
|-damage|p2a: Samurott|0 fnt|[from] item: Rocky Helmet|[of] p1a: The Fickle Heart
|faint|p2a: Samurott
|move|p1a: The Fickle Heart|Earth Power|p2: Samurott|[notarget]
|-fail|p1a: The Fickle Heart
|
|upkeep
|
|t:|1760451267
|switch|p2a: Gholdengo|Gholdengo, shiny|64/100
|-damage|p2a: Gholdengo|52/100|[from] Spikes
|-damage|p2a: Gholdengo|46/100|[from] Stealth Rock
|turn|23
|
|t:|1760451274
|switch|p1a: King Tusk|Great Tusk|5/100
|-damage|p1a: King Tusk|2/100|[from] Stealth Rock
|-damage|p1a: King Tusk|0 fnt|[from] Spikes
|faint|p1a: King Tusk
|-end|p1a: King Tusk|Protosynthesis|[silent]
|move|p2a: Gholdengo|Shadow Ball|p1: King Tusk|[notarget]
|-fail|p2a: Gholdengo
|
|upkeep
|j| bloodhound q50
|
|t:|1760451276
|switch|p1a: Great Mustache|Landorus-Therian, M|100/100
|-damage|p1a: Great Mustache|88/100|[from] Stealth Rock
|-ability|p1a: Great Mustache|Intimidate|boost
|-unboost|p2a: Gholdengo|atk|1
|turn|24
|
|t:|1760451281
|move|p1a: Great Mustache|Earthquake|p2a: Gholdengo
|-supereffective|p2a: Gholdengo
|-damage|p2a: Gholdengo|0 fnt
|faint|p2a: Gholdengo
|
|upkeep
|
|t:|1760451284
|switch|p2a: Zamazenta|Zamazenta, shiny|100/100
|turn|25
|
|t:|1760451301
|switch|p1a: The Fickle Heart|Hydrapple, M|65/100
|-damage|p1a: The Fickle Heart|52/100|[from] Stealth Rock
|-damage|p1a: The Fickle Heart|36/100|[from] Spikes
|move|p2a: Zamazenta|Crunch|p1a: The Fickle Heart
|-damage|p1a: The Fickle Heart|20/100
|-unboost|p1a: The Fickle Heart|def|1
|-damage|p2a: Zamazenta|84/100|[from] item: Rocky Helmet|[of] p1a: The Fickle Heart
|
|upkeep
|turn|26
|
|t:|1760451305
|move|p2a: Zamazenta|Crunch|p1a: The Fickle Heart
|-damage|p1a: The Fickle Heart|0 fnt
|-damage|p2a: Zamazenta|67/100|[from] item: Rocky Helmet|[of] p1a: The Fickle Heart
|faint|p1a: The Fickle Heart
|
|upkeep
|
|t:|1760451313
|switch|p1a: Great Mustache|Landorus-Therian, M|88/100
|-damage|p1a: Great Mustache|76/100|[from] Stealth Rock
|-ability|p1a: Great Mustache|Intimidate|boost
|-unboost|p2a: Zamazenta|atk|1
|turn|27
|
|t:|1760451323
|-terastallize|p1a: Great Mustache|Flying
|move|p1a: Great Mustache|Tera Blast|p2a: Zamazenta|[anim] Tera Blast Flying
|-supereffective|p2a: Zamazenta
|-damage|p2a: Zamazenta|0 fnt
|faint|p2a: Zamazenta
|
|upkeep
|
|t:|1760451327
|switch|p2a: Iron Valiant|Iron Valiant, shiny|100/100
|-damage|p2a: Iron Valiant|88/100|[from] Spikes
|-damage|p2a: Iron Valiant|82/100|[from] Stealth Rock
|-enditem|p2a: Iron Valiant|Booster Energy
|-activate|p2a: Iron Valiant|ability: Quark Drive|[fromitem]
|-start|p2a: Iron Valiant|quarkdrivespe
|turn|28
|c| bloodhound q50|greatest neck
|j| wgw2333
|
|t:|1760451335
|move|p2a: Iron Valiant|Moonblast|p1a: Great Mustache
|-damage|p1a: Great Mustache|20/100
|-unboost|p1a: Great Mustache|spa|1
|move|p1a: Great Mustache|Tera Blast|p2a: Iron Valiant|[anim] Tera Blast Flying
|-supereffective|p2a: Iron Valiant
|-damage|p2a: Iron Valiant|0 fnt
|faint|p2a: Iron Valiant
|-end|p2a: Iron Valiant|Quark Drive|[silent]
|
|win|mingying
|raw|mingying's rating: 1670 &rarr; <strong>1690</strong><br />(+20 for winning)
|raw|qaqkiller's rating: 1676 &rarr; <strong>1656</strong><br />(-20 for losing)
|l| Hildi Thryth
|l| 54 Insane Rats
|l| bloodhound q50
|l|☆qaqkiller
|player|p2|
|l| wgw2333
|l|☆mingying
|player|p1|
|l| shrek5baby
