|j|☆Dreadblaze
|j|☆doledragon
|t:|1760384601
|gametype|singles
|player|p1|Dreadblaze|dancer|1478
|player|p2|doledragon|ghetsis|1463
|gen|9
|tier|[Gen 9] OU
|rated|
|rule|HP Percentage Mod: HP is shown in percentages
|rule|Endless Battle Clause: Forcing endless battles is banned
|rule|Species Clause: Limit one of each Pokémon
|rule|OHKO Clause: OHKO moves are banned
|rule|Evasion Items Clause: Evasion items are banned
|rule|Evasion Moves Clause: Evasion moves are banned
|rule|Evasion Abilities Clause: Evasion abilities are banned
|rule|Sleep Moves Clause: Sleep-inducing moves are banned
|clearpoke
|poke|p1|Zamazenta-*|
|poke|p1|Tentacruel, M|
|poke|p1|Kyurem|
|poke|p1|Arcanine-Hisui, M|
|poke|p1|Iron Valiant|
|poke|p1|Gliscor, M|
|poke|p2|Rillaboom, M|
|poke|p2|Heatran, F|
|poke|p2|Ogerpon-Wellspring, F|
|poke|p2|Corviknight, M|
|poke|p2|Zamazenta-*|
|poke|p2|Gholdengo|
|teampreview
|
|t:|1760384618
|teamsize|p1|6
|teamsize|p2|6
|start
|switch|p1a: Kyurem|Kyurem|100/100
|switch|p2a: Ogerpon|Ogerpon-Wellspring, F|100/100
|-ability|p1a: Kyurem|Pressure
|turn|1
|
|t:|1760384629
|move|p2a: Ogerpon|U-turn|p1a: Kyurem
|-damage|p1a: Kyurem|72/100
|
|t:|1760384633
|switch|p2a: Heatran|Heatran, F|100/100|[from] U-turn
|move|p1a: Kyurem|Freeze-Dry|p2a: Heatran
|-resisted|p2a: Heatran
|-damage|p2a: Heatran|95/100
|
|-heal|p2a: Heatran|100/100|[from] item: Leftovers
|upkeep
|turn|2
|
|t:|1760384642
|-terastallize|p1a: Kyurem|Ghost
|move|p1a: Kyurem|Earth Power|p2a: Heatran
|-supereffective|p2a: Heatran
|-damage|p2a: Heatran|28/100
|move|p2a: Heatran|Magma Storm|p1a: Kyurem|[miss]
|-miss|p2a: Heatran|p1a: Kyurem
|
|-heal|p2a: Heatran|34/100|[from] item: Leftovers
|upkeep
|turn|3
|
|t:|1760384651
|move|p2a: Heatran|Protect|p2a: Heatran
|-singleturn|p2a: Heatran|Protect
|move|p1a: Kyurem|Shadow Ball|p2a: Heatran
|-activate|p2a: Heatran|move: Protect
|
|-heal|p2a: Heatran|40/100|[from] item: Leftovers
|upkeep
|turn|4
|
|t:|1760384662
|switch|p2a: Corviknight|Corviknight, M, shiny|100/100
|move|p1a: Kyurem|Shadow Ball|p2a: Corviknight
|-damage|p2a: Corviknight|57/100
|-ability|p2a: Corviknight|Mirror Armor
|-unboost|p1a: Kyurem|spd|1
|
|upkeep
|turn|5
|
|t:|1760384674
|move|p1a: Kyurem|Shadow Ball|p2a: Corviknight
|-damage|p2a: Corviknight|16/100
|move|p2a: Corviknight|Roost|p2a: Corviknight
|-heal|p2a: Corviknight|66/100
|-singleturn|p2a: Corviknight|move: Roost
|
|upkeep
|turn|6
|
|t:|1760384682
|switch|p1a: Arcanine|Arcanine-Hisui, M|100/100
|move|p2a: Corviknight|U-turn|p1a: Arcanine
|-resisted|p1a: Arcanine
|-damage|p1a: Arcanine|91/100
|
|t:|1760384685
|switch|p2a: Ogerpon|Ogerpon-Wellspring, F|100/100|[from] U-turn
|
|upkeep
|turn|7
|
|t:|1760384692
|move|p1a: Arcanine|Head Smash|p2a: Ogerpon
|-damage|p2a: Ogerpon|12/100
|move|p2a: Ogerpon|Spikes|p1a: Arcanine
|-sidestart|p1: Dreadblaze|Spikes
|
|upkeep
|turn|8
|
|t:|1760384696
|switch|p2a: Corviknight|Corviknight, M, shiny|66/100
|move|p1a: Arcanine|Head Smash|p2a: Corviknight
|-damage|p2a: Corviknight|26/100
|-damage|p1a: Arcanine|75/100|[from] item: Rocky Helmet|[of] p2a: Corviknight
|
|upkeep
|turn|9
|
|t:|1760384704
|move|p1a: Arcanine|Head Smash|p2a: Corviknight
|-damage|p2a: Corviknight|0 fnt
|-damage|p1a: Arcanine|58/100|[from] item: Rocky Helmet|[of] p2a: Corviknight
|faint|p2a: Corviknight
|
|upkeep
|
|t:|1760384710
|switch|p2a: Rillaboom|Rillaboom, M|100/100
|-fieldstart|move: Grassy Terrain|[from] ability: Grassy Surge|[of] p2a: Rillaboom
|turn|10
|
|t:|1760384715
|switch|p1a: Tentacruel|Tentacruel, M|100/100
|move|p2a: Rillaboom|Grassy Glide|p1a: Tentacruel
|-damage|p1a: Tentacruel|13/100
|
|-heal|p1a: Tentacruel|19/100|[from] Grassy Terrain
|upkeep
|turn|11
|
|t:|1760384721
|switch|p1a: Gliscor|Gliscor, M|100/100
|move|p2a: Rillaboom|Grassy Glide|p1a: Gliscor
|-damage|p1a: Gliscor|67/100
|
|-status|p1a: Gliscor|tox|[from] item: Toxic Orb
|upkeep
|turn|12
|
|t:|1760384731
|switch|p2a: Gholdengo|Gholdengo|100/100
|-enditem|p2a: Gholdengo|Grassy Seed
|-boost|p2a: Gholdengo|def|1|[from] item: Grassy Seed
|move|p1a: Gliscor|Knock Off|p2a: Gholdengo
|-supereffective|p2a: Gholdengo
|-damage|p2a: Gholdengo|81/100
|
|-heal|p2a: Gholdengo|87/100|[from] Grassy Terrain
|-heal|p1a: Gliscor|80/100 tox|[from] ability: Poison Heal
|upkeep
|turn|13
|
|t:|1760384745
|move|p1a: Gliscor|Earthquake|p2a: Gholdengo
|-supereffective|p2a: Gholdengo
|-damage|p2a: Gholdengo|64/100
|move|p2a: Gholdengo|Hex|p1a: Gliscor
|-damage|p1a: Gliscor|6/100 tox
|
|-heal|p2a: Gholdengo|70/100|[from] Grassy Terrain
|-heal|p1a: Gliscor|19/100 tox|[from] ability: Poison Heal
|upkeep
|turn|14
|
|t:|1760384760
|move|p1a: Gliscor|Protect|p1a: Gliscor
|-singleturn|p1a: Gliscor|Protect
|move|p2a: Gholdengo|Recover|p2a: Gholdengo
|-heal|p2a: Gholdengo|100/100
|
|-heal|p1a: Gliscor|31/100 tox|[from] ability: Poison Heal
|-fieldend|move: Grassy Terrain
|upkeep
|turn|15
|
|t:|1760384766
|move|p1a: Gliscor|Earthquake|p2a: Gholdengo
|-supereffective|p2a: Gholdengo
|-damage|p2a: Gholdengo|60/100
|move|p2a: Gholdengo|Thunder Wave|p1a: Gliscor
|-immune|p1a: Gliscor
|
|-heal|p1a: Gliscor|44/100 tox|[from] ability: Poison Heal
|upkeep
|turn|16
|
|t:|1760384770
|move|p1a: Gliscor|Earthquake|p2a: Gholdengo
|-supereffective|p2a: Gholdengo
|-damage|p2a: Gholdengo|17/100
|move|p2a: Gholdengo|Recover|p2a: Gholdengo
|-heal|p2a: Gholdengo|67/100
|
|-heal|p1a: Gliscor|56/100 tox|[from] ability: Poison Heal
|upkeep
|turn|17
|
|t:|1760384774
|move|p1a: Gliscor|Earthquake|p2a: Gholdengo
|-supereffective|p2a: Gholdengo
|-damage|p2a: Gholdengo|24/100
|move|p2a: Gholdengo|Hex|p1a: Gliscor
|-damage|p1a: Gliscor|0 fnt
|faint|p1a: Gliscor
|
|upkeep
|
|t:|1760384781
|switch|p1a: Kyurem|Kyurem, tera:Ghost|72/100
|-damage|p1a: Kyurem|60/100|[from] Spikes
|-ability|p1a: Kyurem|Pressure
|turn|18
|
|t:|1760384791
|move|p1a: Kyurem|Shadow Ball|p2a: Gholdengo
|-supereffective|p2a: Gholdengo
|-damage|p2a: Gholdengo|0 fnt
|faint|p2a: Gholdengo
|
|upkeep
|
|t:|1760384799
|switch|p2a: Rillaboom|Rillaboom, M|100/100
|-fieldstart|move: Grassy Terrain|[from] ability: Grassy Surge|[of] p2a: Rillaboom
|turn|19
|
|t:|1760384803
|-terastallize|p2a: Rillaboom|Grass
|move|p2a: Rillaboom|Grassy Glide|p1a: Kyurem
|-damage|p1a: Kyurem|0 fnt
|faint|p1a: Kyurem
|
|upkeep
|
|t:|1760384810
|switch|p1a: Zamazenta|Zamazenta|100/100
|-damage|p1a: Zamazenta|88/100|[from] Spikes
|-ability|p1a: Zamazenta|Dauntless Shield|boost
|-boost|p1a: Zamazenta|def|1
|turn|20
|
|t:|1760384814
|switch|p2a: Zamazenta|Zamazenta|100/100
|-ability|p2a: Zamazenta|Dauntless Shield|boost
|-boost|p2a: Zamazenta|def|1
|move|p1a: Zamazenta|Close Combat|p2a: Zamazenta
|-damage|p2a: Zamazenta|45/100
|-unboost|p1a: Zamazenta|def|1
|-unboost|p1a: Zamazenta|spd|1
|-damage|p1a: Zamazenta|78/100|[from] item: Life Orb
|
|-heal|p2a: Zamazenta|51/100|[from] Grassy Terrain
|-heal|p1a: Zamazenta|84/100|[from] Grassy Terrain
|upkeep
|turn|21
|
|t:|1760384822
|switch|p1a: Iron Valiant|Iron Valiant|100/100
|-damage|p1a: Iron Valiant|88/100|[from] Spikes
|-enditem|p1a: Iron Valiant|Booster Energy
|-activate|p1a: Iron Valiant|ability: Quark Drive|[fromitem]
|-start|p1a: Iron Valiant|quarkdrivespe
|move|p2a: Zamazenta|Close Combat|p1a: Iron Valiant
|-resisted|p1a: Iron Valiant
|-damage|p1a: Iron Valiant|34/100
|-unboost|p2a: Zamazenta|def|1
|-unboost|p2a: Zamazenta|spd|1
|
|-heal|p1a: Iron Valiant|40/100|[from] Grassy Terrain
|-heal|p2a: Zamazenta|57/100|[from] Grassy Terrain
|upkeep
|turn|22
|
|t:|1760384825
|switch|p2a: Heatran|Heatran, F|40/100
|move|p1a: Iron Valiant|Moonblast|p2a: Heatran
|-resisted|p2a: Heatran
|-damage|p2a: Heatran|33/100
|-unboost|p2a: Heatran|spa|1
|
|-heal|p1a: Iron Valiant|46/100|[from] Grassy Terrain
|-heal|p2a: Heatran|40/100|[from] Grassy Terrain
|-heal|p2a: Heatran|46/100|[from] item: Leftovers
|upkeep
|turn|23
|
|t:|1760384837
|move|p1a: Iron Valiant|Aura Sphere|p2a: Heatran
|-supereffective|p2a: Heatran
|-damage|p2a: Heatran|0 fnt
|faint|p2a: Heatran
|
|-heal|p1a: Iron Valiant|52/100|[from] Grassy Terrain
|-fieldend|move: Grassy Terrain
|upkeep
|
|t:|1760384843
|switch|p2a: Rillaboom|Rillaboom, M, tera:Grass|100/100
|-fieldstart|move: Grassy Terrain|[from] ability: Grassy Surge|[of] p2a: Rillaboom
|turn|24
|
|t:|1760384854
|move|p2a: Rillaboom|Grassy Glide|p1a: Iron Valiant
|-damage|p1a: Iron Valiant|0 fnt
|faint|p1a: Iron Valiant
|-end|p1a: Iron Valiant|Quark Drive|[silent]
|
|upkeep
|
|t:|1760384858
|switch|p1a: Zamazenta|Zamazenta|84/100
|-damage|p1a: Zamazenta|72/100|[from] Spikes
|turn|25
|
|t:|1760384875
|move|p2a: Rillaboom|Grassy Glide|p1a: Zamazenta
|-damage|p1a: Zamazenta|0 fnt
|faint|p1a: Zamazenta
|
|upkeep
|
|t:|1760384881
|switch|p1a: Arcanine|Arcanine-Hisui, M|58/100
|-damage|p1a: Arcanine|46/100|[from] Spikes
|turn|26
|c|☆doledragon|Gg
|
|t:|1760384886
|move|p1a: Arcanine|Extreme Speed|p2a: Rillaboom
|-damage|p2a: Rillaboom|74/100
|move|p2a: Rillaboom|Grassy Glide|p1a: Arcanine
|-damage|p1a: Arcanine|0 fnt
|faint|p1a: Arcanine
|
|-heal|p2a: Rillaboom|80/100|[from] Grassy Terrain
|upkeep
|-message|Dreadblaze forfeited.
|
|win|doledragon
|raw|Dreadblaze's rating: 1478 &rarr; <strong>1457</strong><br />(-21 for losing)
|raw|doledragon's rating: 1463 &rarr; <strong>1484</strong><br />(+21 for winning)
|l|☆Dreadblaze
|player|p1|
