|j|☆Dxniel_T
|j|☆luca1996
|t:|1760460767
|gametype|singles
|player|p1|Dxniel_T|170|1350
|player|p2|luca1996|boarder|1301
|gen|9
|tier|[Gen 9] OU
|rated|
|rule|HP Percentage Mod: HP is shown in percentages
|rule|Endless Battle Clause: Forcing endless battles is banned
|rule|Species Clause: Limit one of each Pokémon
|rule|OHKO Clause: OHKO moves are banned
|rule|Evasion Items Clause: Evasion items are banned
|rule|Evasion Moves Clause: Evasion moves are banned
|rule|Evasion Abilities Clause: Evasion abilities are banned
|rule|Sleep Moves Clause: Sleep-inducing moves are banned
|clearpoke
|poke|p1|Ribombee, M|
|poke|p1|Kyurem|
|poke|p1|Great Tusk|
|poke|p1|Iron Moth|
|poke|p1|Gholdengo|
|poke|p1|Serperior, M|
|poke|p2|Goodra, F|
|poke|p2|Snorlax, M|
|poke|p2|Primarina, M|
|poke|p2|Cinderace, F|
|poke|p2|Primeape, M|
|poke|p2|Iron Jugulis|
|teampreview
|inactive|Battle timer is ON: inactive players will automatically lose when time's up. (requested by Dxniel_T)
|
|t:|1760460783
|teamsize|p1|6
|teamsize|p2|6
|start
|switch|p1a: Ribombee|Ribombee, M, shiny|100/100
|switch|p2a: Snorlax|Snorlax, M|100/100
|turn|1
|
|t:|1760460800
|move|p1a: Ribombee|Stun Spore|p2a: Snorlax
|-status|p2a: Snorlax|par
|move|p2a: Snorlax|Curse|p2a: Snorlax
|-unboost|p2a: Snorlax|spe|1
|-boost|p2a: Snorlax|atk|1
|-boost|p2a: Snorlax|def|1
|
|upkeep
|turn|2
|
|t:|1760460807
|move|p1a: Ribombee|Sticky Web|p2a: Snorlax
|-sidestart|p2: luca1996|move: Sticky Web
|move|p2a: Snorlax|Body Slam|p1a: Ribombee
|-enditem|p1a: Ribombee|Focus Sash
|-damage|p1a: Ribombee|1/100
|
|upkeep
|turn|3
|
|t:|1760460810
|move|p1a: Ribombee|Moonblast|p2a: Snorlax
|-damage|p2a: Snorlax|78/100 par
|cant|p2a: Snorlax|par
|
|-heal|p2a: Snorlax|84/100 par|[from] item: Leftovers
|upkeep
|turn|4
|
|t:|1760460814
|move|p1a: Ribombee|Moonblast|p2a: Snorlax
|-damage|p2a: Snorlax|62/100 par
|-unboost|p2a: Snorlax|spa|1
|move|p2a: Snorlax|Body Slam|p1a: Ribombee
|-damage|p1a: Ribombee|0 fnt
|faint|p1a: Ribombee
|
|-heal|p2a: Snorlax|68/100 par|[from] item: Leftovers
|upkeep
|inactive|Dxniel_T has 120 seconds left.
|
|t:|1760460856
|switch|p1a: Gholdengo|Gholdengo|100/100
|-item|p1a: Gholdengo|Air Balloon
|turn|5
|
|t:|1760460860
|move|p1a: Gholdengo|Focus Blast|p2a: Snorlax
|-supereffective|p2a: Snorlax
|-damage|p2a: Snorlax|17/100 par
|-unboost|p2a: Snorlax|spd|1
|move|p2a: Snorlax|Heat Crash|p1a: Gholdengo
|-supereffective|p1a: Gholdengo
|-damage|p1a: Gholdengo|0 fnt
|-enditem|p1a: Gholdengo|Air Balloon
|faint|p1a: Gholdengo
|
|-heal|p2a: Snorlax|23/100 par|[from] item: Leftovers
|upkeep
|
|t:|1760460870
|switch|p1a: Serperior|Serperior, M|100/100
|turn|6
|
|t:|1760460872
|move|p1a: Serperior|Leaf Storm|p2a: Snorlax
|-damage|p2a: Snorlax|0 fnt
|-boost|p1a: Serperior|spa|2
|faint|p2a: Snorlax
|
|upkeep
|
|t:|1760460875
|switch|p2a: Iron Jugulis|Iron Jugulis|100/100
|turn|7
|
|t:|1760460881
|-terastallize|p1a: Serperior|Rock
|move|p1a: Serperior|Tera Blast|p2a: Iron Jugulis|[anim] Tera Blast Rock
|-supereffective|p2a: Iron Jugulis
|-damage|p2a: Iron Jugulis|0 fnt
|faint|p2a: Iron Jugulis
|-end|p2a: Iron Jugulis|Quark Drive|[silent]
|
|upkeep
|
|t:|1760460887
|switch|p2a: Primeape|Primeape, M|100/100
|-activate|p2a: Primeape|move: Sticky Web
|-unboost|p2a: Primeape|spe|1
|-ability|p2a: Primeape|Defiant|boost
|-boost|p2a: Primeape|atk|2
|turn|8
|
|t:|1760460895
|move|p1a: Serperior|Leaf Storm|p2a: Primeape
|-damage|p2a: Primeape|27/100
|-boost|p1a: Serperior|spa|2
|move|p2a: Primeape|Drain Punch|p1a: Serperior
|-supereffective|p1a: Serperior
|-damage|p1a: Serperior|0 fnt
|-heal|p2a: Primeape|71/100|[from] drain|[of] p1a: Serperior
|faint|p1a: Serperior
|
|upkeep
|
|t:|1760460903
|switch|p1a: Great Tusk|Great Tusk|100/100
|turn|9
|
|t:|1760460918
|move|p1a: Great Tusk|Close Combat|p2a: Primeape
|-damage|p2a: Primeape|0 fnt
|-unboost|p1a: Great Tusk|def|1
|-unboost|p1a: Great Tusk|spd|1
|faint|p2a: Primeape
|
|upkeep
|
|t:|1760460922
|switch|p2a: Goodra|Goodra, F|100/100
|-activate|p2a: Goodra|move: Sticky Web
|-unboost|p2a: Goodra|spe|1
|turn|10
|
|t:|1760460927
|move|p1a: Great Tusk|Ice Spinner|p2a: Goodra
|-supereffective|p2a: Goodra
|-damage|p2a: Goodra|28/100
|-ability|p2a: Goodra|Gooey
|-unboost|p1a: Great Tusk|spe|1
|move|p2a: Goodra|Dragon Pulse|p1a: Great Tusk
|-damage|p1a: Great Tusk|9/100
|
|-heal|p1a: Great Tusk|15/100|[from] item: Leftovers
|upkeep
|turn|11
|
|t:|1760460935
|move|p1a: Great Tusk|Ice Spinner|p2a: Goodra
|-supereffective|p2a: Goodra
|-damage|p2a: Goodra|0 fnt
|-ability|p2a: Goodra|Gooey
|-unboost|p1a: Great Tusk|spe|1
|faint|p2a: Goodra
|
|-heal|p1a: Great Tusk|21/100|[from] item: Leftovers
|upkeep
|
|t:|1760460945
|switch|p2a: Cinderace|Cinderace, F|100/100
|-activate|p2a: Cinderace|move: Sticky Web
|-unboost|p2a: Cinderace|spe|1
|turn|12
|
|t:|1760460955
|-end|p1a: Great Tusk|Protosynthesis|[silent]
|switch|p1a: Iron Moth|Iron Moth|100/100
|-enditem|p1a: Iron Moth|Booster Energy
|-activate|p1a: Iron Moth|ability: Quark Drive|[fromitem]
|-start|p1a: Iron Moth|quarkdrivespa
|move|p2a: Cinderace|Pyro Ball|p1a: Iron Moth
|-resisted|p1a: Iron Moth
|-damage|p1a: Iron Moth|36/100
|-damage|p2a: Cinderace|91/100|[from] item: Life Orb
|
|upkeep
|turn|13
|
|t:|1760460962
|move|p2a: Cinderace|Sucker Punch|p1a: Iron Moth
|-start|p2a: Cinderace|typechange|Dark|[from] ability: Libero
|-damage|p1a: Iron Moth|0 fnt
|faint|p1a: Iron Moth
|-end|p1a: Iron Moth|Quark Drive|[silent]
|-damage|p2a: Cinderace|81/100|[from] item: Life Orb
|
|upkeep
|
|t:|1760460966
|switch|p1a: Kyurem|Kyurem|100/100
|-ability|p1a: Kyurem|Pressure
|turn|14
|
|t:|1760460970
|move|p1a: Kyurem|Dragon Dance|p1a: Kyurem
|-boost|p1a: Kyurem|atk|1
|-boost|p1a: Kyurem|spe|1
|move|p2a: Cinderace|High Jump Kick|p1a: Kyurem
|-supereffective|p1a: Kyurem
|-damage|p1a: Kyurem|3/100
|-damage|p2a: Cinderace|71/100|[from] item: Life Orb
|
|upkeep
|turn|15
|
|t:|1760460979
|move|p2a: Cinderace|Sucker Punch||[still]
|-fail|p2a: Cinderace
|move|p1a: Kyurem|Dragon Dance|p1a: Kyurem
|-boost|p1a: Kyurem|atk|1
|-boost|p1a: Kyurem|spe|1
|
|upkeep
|turn|16
|
|t:|1760460982
|move|p1a: Kyurem|Dragon Dance|p1a: Kyurem
|-boost|p1a: Kyurem|atk|1
|-boost|p1a: Kyurem|spe|1
|move|p2a: Cinderace|Pyro Ball|p1a: Kyurem
|-damage|p1a: Kyurem|0 fnt
|faint|p1a: Kyurem
|-damage|p2a: Cinderace|61/100|[from] item: Life Orb
|
|upkeep
|
|t:|1760460986
|switch|p1a: Great Tusk|Great Tusk|21/100
|turn|17
|-message|Dxniel_T forfeited.
|
|win|luca1996
|raw|Dxniel_T's rating: 1350 &rarr; <strong>1327</strong><br />(-23 for losing)
|raw|luca1996's rating: 1301 &rarr; <strong>1324</strong><br />(+23 for winning)
|l|☆Dxniel_T
|player|p1|
|l|☆luca1996
|player|p2|
