|j|☆Scoobenvonduben
|j|☆Tusia88
|t:|1760372805
|gametype|singles
|player|p1|Scoobenvonduben|brawly|1415
|player|p2|Tusia88|170|1482
|gen|9
|tier|[Gen 9] OU
|rated|
|rule|HP Percentage Mod: HP is shown in percentages
|rule|Endless Battle Clause: Forcing endless battles is banned
|rule|Species Clause: Limit one of each Pokémon
|rule|OHKO Clause: OHKO moves are banned
|rule|Evasion Items Clause: Evasion items are banned
|rule|Evasion Moves Clause: Evasion moves are banned
|rule|Evasion Abilities Clause: Evasion abilities are banned
|rule|Sleep Moves Clause: Sleep-inducing moves are banned
|clearpoke
|poke|p1|Blissey, F|
|poke|p1|Skeledirge, M|
|poke|p1|Gliscor, F|
|poke|p1|Gyarados, M|
|poke|p1|Corviknight, M|
|poke|p1|Grafaiai, M|
|poke|p2|Ninetales, F|
|poke|p2|Dragonite, M|
|poke|p2|Cinderace, F|
|poke|p2|Walking Wake|
|poke|p2|Cresselia, F|
|poke|p2|Great Tusk|
|teampreview
|
|t:|1760372833
|teamsize|p1|6
|teamsize|p2|6
|start
|switch|p1a: Gliscor|Gliscor, F, shiny|100/100
|switch|p2a: Cinderace|Cinderace, F|100/100
|turn|1
|inactive|Battle timer is ON: inactive players will automatically lose when time's up. (requested by Tusia88)
|
|t:|1760372847
|move|p1a: Gliscor|Protect|p1a: Gliscor
|-singleturn|p1a: Gliscor|Protect
|move|p2a: Cinderace|U-turn|p1a: Gliscor
|-start|p2a: Cinderace|typechange|Bug|[from] ability: Libero
|-activate|p1a: Gliscor|move: Protect
|
|-status|p1a: Gliscor|tox|[from] item: Toxic Orb
|upkeep
|turn|2
|
|t:|1760372853
|move|p2a: Cinderace|U-turn|p1a: Gliscor
|-resisted|p1a: Gliscor
|-damage|p1a: Gliscor|89/100 tox
|
|t:|1760372856
|switch|p2a: Walking Wake|Walking Wake|100/100|[from] U-turn
|move|p1a: Gliscor|Toxic|p2a: Walking Wake
|-status|p2a: Walking Wake|tox
|
|-damage|p2a: Walking Wake|94/100 tox|[from] psn
|-heal|p1a: Gliscor|100/100 tox|[from] ability: Poison Heal
|upkeep
|turn|3
|
|t:|1760372861
|-end|p2a: Walking Wake|Protosynthesis|[silent]
|switch|p2a: Great Tusk|Great Tusk|100/100
|move|p1a: Gliscor|Protect||[still]
|-fail|p1a: Gliscor
|
|upkeep
|turn|4
|
|t:|1760372870
|-end|p2a: Great Tusk|Protosynthesis|[silent]
|switch|p2a: Cresselia|Cresselia, F|100/100
|move|p1a: Gliscor|Protect||[still]
|-fail|p1a: Gliscor
|
|upkeep
|turn|5
|
|t:|1760372874
|move|p2a: Cresselia|Ice Beam|p1a: Gliscor
|-supereffective|p1a: Gliscor
|-damage|p1a: Gliscor|44/100 tox
|move|p1a: Gliscor|Toxic|p2a: Cresselia
|-status|p2a: Cresselia|tox
|
|-damage|p2a: Cresselia|94/100 tox|[from] psn
|-heal|p1a: Gliscor|56/100 tox|[from] ability: Poison Heal
|upkeep
|turn|6
|
|t:|1760372880
|move|p1a: Gliscor|Protect|p1a: Gliscor
|-singleturn|p1a: Gliscor|Protect
|move|p2a: Cresselia|Ice Beam|p1a: Gliscor
|-activate|p1a: Gliscor|move: Protect
|
|-damage|p2a: Cresselia|82/100 tox|[from] psn
|-heal|p1a: Gliscor|69/100 tox|[from] ability: Poison Heal
|upkeep
|turn|7
|l|☆Scoobenvonduben
|inactive|Scoobenvonduben disconnected and has a minute to reconnect!
|player|p1|
|j|☆Scoobenvonduben
|inactive|Scoobenvonduben reconnected and has 120 seconds left.
|player|p1|Scoobenvonduben|brawly|
|
|t:|1760372914
|switch|p1a: Blissey|Blissey, F|100/100
|move|p2a: Cresselia|Ice Beam|p1a: Blissey
|-damage|p1a: Blissey|94/100
|
|-heal|p1a: Blissey|100/100|[from] item: Leftovers
|-damage|p2a: Cresselia|64/100 tox|[from] psn
|upkeep
|turn|8
|
|t:|1760372933
|switch|p2a: Cinderace|Cinderace, F|100/100
|move|p1a: Blissey|Seismic Toss|p2a: Cinderace
|-damage|p2a: Cinderace|67/100
|
|upkeep
|turn|9
|
|t:|1760372939
|move|p2a: Cinderace|Pyro Ball|p1a: Blissey
|-damage|p1a: Blissey|46/100
|-status|p1a: Blissey|brn
|move|p1a: Blissey|Seismic Toss|p2a: Cinderace
|-damage|p2a: Cinderace|34/100
|
|-heal|p1a: Blissey|52/100 brn|[from] item: Leftovers
|-damage|p1a: Blissey|46/100 brn|[from] brn
|upkeep
|turn|10
|
|t:|1760372943
|-curestatus|p1a: Blissey|brn|[from] ability: Natural Cure
|switch|p1a: Gyarados|Gyarados, M, shiny|100/100
|-ability|p1a: Gyarados|Intimidate|boost
|-unboost|p2a: Cinderace|atk|1
|move|p2a: Cinderace|Pyro Ball|p1a: Gyarados
|-resisted|p1a: Gyarados
|-damage|p1a: Gyarados|77/100
|
|upkeep
|turn|11
|
|t:|1760372950
|switch|p2a: Cresselia|Cresselia, F|64/100 tox
|move|p1a: Gyarados|Dragon Dance|p1a: Gyarados
|-boost|p1a: Gyarados|atk|1
|-boost|p1a: Gyarados|spe|1
|
|-damage|p2a: Cresselia|58/100 tox|[from] psn
|upkeep
|turn|12
|
|t:|1760372955
|move|p1a: Gyarados|Waterfall|p2a: Cresselia
|-damage|p2a: Cresselia|20/100 tox
|-enditem|p2a: Cresselia|Eject Button
|
|t:|1760372962
|switch|p2a: Dragonite|Dragonite, M|100/100
|
|upkeep
|turn|13
|
|t:|1760372968
|move|p1a: Gyarados|Ice Fang|p2a: Dragonite
|-supereffective|p2a: Dragonite
|-damage|p2a: Dragonite|14/100
|move|p2a: Dragonite|Dragon Dance|p2a: Dragonite
|-boost|p2a: Dragonite|atk|1
|-boost|p2a: Dragonite|spe|1
|
|upkeep
|turn|14
|
|t:|1760372973
|move|p2a: Dragonite|Rock Slide|p1a: Gyarados
|-supereffective|p1a: Gyarados
|-damage|p1a: Gyarados|0 fnt
|faint|p1a: Gyarados
|
|upkeep
|
|t:|1760372979
|switch|p1a: Corviknight|Corviknight, M|100/100
|turn|15
|
|t:|1760372983
|move|p2a: Dragonite|Rock Slide|p1a: Corviknight
|-damage|p1a: Corviknight|67/100
|move|p1a: Corviknight|Brave Bird|p2a: Dragonite
|-damage|p2a: Dragonite|0 fnt
|faint|p2a: Dragonite
|-damage|p1a: Corviknight|64/100|[from] Recoil
|
|-heal|p1a: Corviknight|70/100|[from] item: Leftovers
|upkeep
|
|t:|1760372989
|switch|p2a: Cinderace|Cinderace, F|34/100
|turn|16
|
|t:|1760372994
|switch|p1a: Skeledirge|Skeledirge, M|100/100
|move|p2a: Cinderace|Pyro Ball|p1a: Skeledirge
|-resisted|p1a: Skeledirge
|-damage|p1a: Skeledirge|76/100
|
|-heal|p1a: Skeledirge|82/100|[from] item: Leftovers
|upkeep
|turn|17
|
|t:|1760372999
|switch|p2a: Great Tusk|Great Tusk|100/100
|move|p1a: Skeledirge|Torch Song|p2a: Great Tusk
|-damage|p2a: Great Tusk|59/100
|-boost|p1a: Skeledirge|spa|1
|
|-heal|p1a: Skeledirge|88/100|[from] item: Leftovers
|upkeep
|turn|18
|
|t:|1760373010
|-terastallize|p1a: Skeledirge|Fairy
|move|p2a: Great Tusk|Headlong Rush|p1a: Skeledirge
|-damage|p1a: Skeledirge|43/100
|-unboost|p2a: Great Tusk|def|1
|-unboost|p2a: Great Tusk|spd|1
|-enditem|p2a: Great Tusk|Eject Pack
|
|t:|1760373015
|-end|p2a: Great Tusk|Protosynthesis|[silent]
|switch|p2a: Cresselia|Cresselia, F|20/100 tox
|move|p1a: Skeledirge|Torch Song|p2a: Cresselia
|-damage|p2a: Cresselia|0 fnt
|-boost|p1a: Skeledirge|spa|1
|faint|p2a: Cresselia
|
|-heal|p1a: Skeledirge|49/100|[from] item: Leftovers
|upkeep
|
|t:|1760373020
|switch|p2a: Cinderace|Cinderace, F|34/100
|turn|19
|
|t:|1760373041
|-terastallize|p2a: Cinderace|Fire
|move|p2a: Cinderace|Pyro Ball|p1a: Skeledirge
|-damage|p1a: Skeledirge|0 fnt
|faint|p1a: Skeledirge
|
|upkeep
|
|t:|1760373045
|switch|p1a: Gliscor|Gliscor, F, shiny|69/100 tox
|turn|20
|
|t:|1760373050
|switch|p2a: Ninetales|Ninetales, F|100/100
|-weather|SunnyDay|[from] ability: Drought|[of] p2a: Ninetales
|move|p1a: Gliscor|Protect||[still]
|-fail|p1a: Gliscor
|
|-weather|SunnyDay|[upkeep]
|-heal|p1a: Gliscor|81/100 tox|[from] ability: Poison Heal
|upkeep
|turn|21
|
|t:|1760373055
|move|p2a: Ninetales|Encore|p1a: Gliscor
|-start|p1a: Gliscor|Encore
|move|p1a: Gliscor|Protect||[still]
|-fail|p1a: Gliscor
|
|-weather|SunnyDay|[upkeep]
|-heal|p1a: Gliscor|94/100 tox|[from] ability: Poison Heal
|upkeep
|turn|22
|
|t:|1760373059
|switch|p2a: Cinderace|Cinderace, F, tera:Fire|34/100
|move|p1a: Gliscor|Protect||[still]
|-fail|p1a: Gliscor
|
|-weather|SunnyDay|[upkeep]
|-heal|p1a: Gliscor|100/100 tox|[from] ability: Poison Heal
|upkeep
|turn|23
|
|t:|1760373069
|switch|p2a: Ninetales|Ninetales, F|100/100
|move|p1a: Gliscor|Protect||[still]
|-fail|p1a: Gliscor
|
|-weather|SunnyDay|[upkeep]
|-end|p1a: Gliscor|Encore
|upkeep
|turn|24
|
|t:|1760373073
|switch|p1a: Blissey|Blissey, F|46/100
|move|p2a: Ninetales|Overheat|p1a: Blissey
|-damage|p1a: Blissey|17/100
|-unboost|p2a: Ninetales|spa|2
|
|-weather|SunnyDay|[upkeep]
|-heal|p1a: Blissey|23/100|[from] item: Leftovers
|upkeep
|turn|25
|
|t:|1760373078
|move|p2a: Ninetales|Scorching Sands|p1a: Blissey
|-crit|p1a: Blissey
|-damage|p1a: Blissey|14/100
|move|p1a: Blissey|Soft-Boiled|p1a: Blissey
|-heal|p1a: Blissey|64/100
|
|-weather|SunnyDay|[upkeep]
|-heal|p1a: Blissey|70/100|[from] item: Leftovers
|upkeep
|turn|26
|
|t:|1760373082
|move|p2a: Ninetales|Encore|p1a: Blissey
|-start|p1a: Blissey|Encore
|move|p1a: Blissey|Soft-Boiled|p1a: Blissey
|-heal|p1a: Blissey|100/100
|
|-weather|SunnyDay|[upkeep]
|upkeep
|turn|27
|
|t:|1760373089
|switch|p2a: Great Tusk|Great Tusk|59/100
|-activate|p2a: Great Tusk|ability: Protosynthesis
|-start|p2a: Great Tusk|protosynthesisspe
|switch|p1a: Grafaiai|Grafaiai, M|100/100
|
|-weather|none
|-end|p2a: Great Tusk|Protosynthesis
|upkeep
|turn|28
|
|t:|1760373094
|-end|p2a: Great Tusk|Protosynthesis|[silent]
|switch|p2a: Ninetales|Ninetales, F|100/100
|-weather|SunnyDay|[from] ability: Drought|[of] p2a: Ninetales
|move|p1a: Grafaiai|Protect||[still]
|-fail|p1a: Grafaiai
|
|-weather|SunnyDay|[upkeep]
|upkeep
|turn|29
|
|t:|1760373103
|move|p1a: Grafaiai|Toxic|p2a: Ninetales
|-status|p2a: Ninetales|tox
|move|p2a: Ninetales|Overheat|p1a: Grafaiai
|-damage|p1a: Grafaiai|37/100
|-unboost|p2a: Ninetales|spa|2
|
|-weather|SunnyDay|[upkeep]
|-heal|p1a: Grafaiai|44/100|[from] item: Leftovers
|-damage|p2a: Ninetales|94/100 tox|[from] psn
|upkeep
|turn|30
|
|t:|1760373109
|switch|p2a: Walking Wake|Walking Wake|94/100 tox
|-activate|p2a: Walking Wake|ability: Protosynthesis
|-start|p2a: Walking Wake|protosynthesisspa
|move|p1a: Grafaiai|Knock Off|p2a: Walking Wake
|-damage|p2a: Walking Wake|69/100 tox
|-enditem|p2a: Walking Wake|Choice Specs|[from] move: Knock Off|[of] p1a: Grafaiai
|
|-weather|SunnyDay|[upkeep]
|-heal|p1a: Grafaiai|50/100|[from] item: Leftovers
|-damage|p2a: Walking Wake|63/100 tox|[from] psn
|upkeep
|turn|31
|
|t:|1760373115
|move|p1a: Grafaiai|Protect|p1a: Grafaiai
|-singleturn|p1a: Grafaiai|Protect
|move|p2a: Walking Wake|Hydro Steam|p1a: Grafaiai
|-activate|p1a: Grafaiai|move: Protect
|
|-weather|SunnyDay|[upkeep]
|-heal|p1a: Grafaiai|56/100|[from] item: Leftovers
|-damage|p2a: Walking Wake|51/100 tox|[from] psn
|upkeep
|turn|32
|
|t:|1760373128
|switch|p1a: Blissey|Blissey, F|100/100
|move|p2a: Walking Wake|Hydro Steam|p1a: Blissey
|-damage|p1a: Blissey|69/100
|
|-weather|SunnyDay|[upkeep]
|-heal|p1a: Blissey|75/100|[from] item: Leftovers
|-damage|p2a: Walking Wake|32/100 tox|[from] psn
|upkeep
|turn|33
|
|t:|1760373132
|-end|p2a: Walking Wake|Protosynthesis|[silent]
|switch|p2a: Cinderace|Cinderace, F, tera:Fire|34/100
|move|p1a: Blissey|Stealth Rock|p2a: Cinderace
|-sidestart|p2: Tusia88|move: Stealth Rock
|
|-weather|SunnyDay|[upkeep]
|-heal|p1a: Blissey|82/100|[from] item: Leftovers
|upkeep
|turn|34
|
|t:|1760373138
|switch|p1a: Grafaiai|Grafaiai, M|56/100
|move|p2a: Cinderace|Court Change|p2a: Cinderace
|-swapsideconditions
|-activate|p2a: Cinderace|move: Court Change
|
|-weather|SunnyDay|[upkeep]
|-heal|p1a: Grafaiai|62/100|[from] item: Leftovers
|upkeep
|turn|35
|
|t:|1760373144
|switch|p2a: Walking Wake|Walking Wake|32/100 tox
|-activate|p2a: Walking Wake|ability: Protosynthesis
|-start|p2a: Walking Wake|protosynthesisspa
|move|p1a: Grafaiai|Encore||[still]
|-fail|p1a: Grafaiai
|
|-weather|none
|-end|p2a: Walking Wake|Protosynthesis
|-heal|p1a: Grafaiai|68/100|[from] item: Leftovers
|-damage|p2a: Walking Wake|26/100 tox|[from] psn
|upkeep
|turn|36
|
|t:|1760373150
|move|p1a: Grafaiai|Protect|p1a: Grafaiai
|-singleturn|p1a: Grafaiai|Protect
|move|p2a: Walking Wake|Hydro Steam|p1a: Grafaiai
|-activate|p1a: Grafaiai|move: Protect
|
|-heal|p1a: Grafaiai|74/100|[from] item: Leftovers
|-damage|p2a: Walking Wake|13/100 tox|[from] psn
|upkeep
|turn|37
|
|t:|1760373154
|switch|p1a: Blissey|Blissey, F|82/100
|-damage|p1a: Blissey|69/100|[from] Stealth Rock
|move|p2a: Walking Wake|Draco Meteor|p1a: Blissey
|-damage|p1a: Blissey|44/100
|-unboost|p2a: Walking Wake|spa|2
|
|-heal|p1a: Blissey|50/100|[from] item: Leftovers
|-damage|p2a: Walking Wake|0 fnt|[from] psn
|faint|p2a: Walking Wake
|-end|p2a: Walking Wake|Protosynthesis|[silent]
|upkeep
|
|t:|1760373160
|switch|p2a: Cinderace|Cinderace, F, tera:Fire|34/100
|turn|38
|
|t:|1760373163
|move|p2a: Cinderace|Pyro Ball|p1a: Blissey
|-damage|p1a: Blissey|0 fnt
|faint|p1a: Blissey
|
|upkeep
|
|t:|1760373166
|switch|p1a: Gliscor|Gliscor, F, shiny|100/100 tox
|-damage|p1a: Gliscor|88/100 tox|[from] Stealth Rock
|turn|39
|
|t:|1760373171
|switch|p2a: Great Tusk|Great Tusk|59/100
|move|p1a: Gliscor|Earthquake|p2a: Great Tusk
|-damage|p2a: Great Tusk|40/100
|
|-heal|p1a: Gliscor|100/100 tox|[from] ability: Poison Heal
|upkeep
|turn|40
|
|t:|1760373178
|move|p2a: Great Tusk|Ice Spinner|p1a: Gliscor
|-supereffective|p1a: Gliscor
|-damage|p1a: Gliscor|31/100 tox
|move|p1a: Gliscor|Toxic|p2a: Great Tusk
|-status|p2a: Great Tusk|tox
|
|-damage|p2a: Great Tusk|34/100 tox|[from] psn
|-heal|p1a: Gliscor|44/100 tox|[from] ability: Poison Heal
|upkeep
|turn|41
|
|t:|1760373188
|-end|p2a: Great Tusk|Protosynthesis|[silent]
|switch|p2a: Ninetales|Ninetales, F|94/100 tox
|-weather|SunnyDay|[from] ability: Drought|[of] p2a: Ninetales
|move|p1a: Gliscor|Protect||[still]
|-fail|p1a: Gliscor
|
|-weather|SunnyDay|[upkeep]
|-damage|p2a: Ninetales|88/100 tox|[from] psn
|-heal|p1a: Gliscor|56/100 tox|[from] ability: Poison Heal
|upkeep
|turn|42
|
|t:|1760373192
|move|p1a: Gliscor|Protect|p1a: Gliscor
|-singleturn|p1a: Gliscor|Protect
|move|p2a: Ninetales|Overheat|p1a: Gliscor
|-activate|p1a: Gliscor|move: Protect
|
|-weather|SunnyDay|[upkeep]
|-damage|p2a: Ninetales|76/100 tox|[from] psn
|-heal|p1a: Gliscor|69/100 tox|[from] ability: Poison Heal
|upkeep
|turn|43
|
|t:|1760373202
|switch|p1a: Grafaiai|Grafaiai, M|74/100
|-damage|p1a: Grafaiai|61/100|[from] Stealth Rock
|move|p2a: Ninetales|Overheat|p1a: Grafaiai
|-damage|p1a: Grafaiai|0 fnt
|-unboost|p2a: Ninetales|spa|2
|faint|p1a: Grafaiai
|
|-weather|SunnyDay|[upkeep]
|-damage|p2a: Ninetales|57/100 tox|[from] psn
|upkeep
|
|t:|1760373206
|switch|p1a: Gliscor|Gliscor, F, shiny|69/100 tox
|-damage|p1a: Gliscor|56/100 tox|[from] Stealth Rock
|turn|44
|
|t:|1760373215
|move|p2a: Ninetales|Healing Wish|p2a: Ninetales
|faint|p2a: Ninetales
|move|p1a: Gliscor|Earthquake|p2: Ninetales|[notarget]
|-fail|p1a: Gliscor
|
|-weather|SunnyDay|[upkeep]
|-heal|p1a: Gliscor|69/100 tox|[from] ability: Poison Heal
|upkeep
|
|t:|1760373222
|switch|p2a: Great Tusk|Great Tusk|34/100 tox
|-heal|p2a: Great Tusk|100/100|[from] move: Healing Wish
|-activate|p2a: Great Tusk|ability: Protosynthesis
|-start|p2a: Great Tusk|protosynthesisspe
|turn|45
|
|t:|1760373229
|switch|p1a: Corviknight|Corviknight, M|70/100
|-damage|p1a: Corviknight|57/100|[from] Stealth Rock
|move|p2a: Great Tusk|Ice Spinner|p1a: Corviknight
|-damage|p1a: Corviknight|39/100
|
|-weather|SunnyDay|[upkeep]
|-heal|p1a: Corviknight|45/100|[from] item: Leftovers
|upkeep
|turn|46
|
|t:|1760373234
|-end|p2a: Great Tusk|Protosynthesis|[silent]
|switch|p2a: Cinderace|Cinderace, F, tera:Fire|34/100
|move|p1a: Corviknight|Roost|p1a: Corviknight
|-heal|p1a: Corviknight|95/100
|-singleturn|p1a: Corviknight|move: Roost
|
|-weather|SunnyDay|[upkeep]
|-heal|p1a: Corviknight|100/100|[from] item: Leftovers
|upkeep
|turn|47
|
|t:|1760373242
|move|p2a: Cinderace|Pyro Ball|p1a: Corviknight
|-supereffective|p1a: Corviknight
|-damage|p1a: Corviknight|0 fnt
|faint|p1a: Corviknight
|
|-weather|SunnyDay|[upkeep]
|upkeep
|
|t:|1760373244
|switch|p1a: Gliscor|Gliscor, F, shiny|69/100 tox
|-damage|p1a: Gliscor|56/100 tox|[from] Stealth Rock
|turn|48
|
|t:|1760373247
|move|p1a: Gliscor|Protect|p1a: Gliscor
|-singleturn|p1a: Gliscor|Protect
|move|p2a: Cinderace|Pyro Ball|p1a: Gliscor
|-activate|p1a: Gliscor|move: Protect
|
|-weather|none
|-heal|p1a: Gliscor|69/100 tox|[from] ability: Poison Heal
|upkeep
|turn|49
|
|t:|1760373252
|move|p2a: Cinderace|Pyro Ball|p1a: Gliscor|[miss]
|-miss|p2a: Cinderace|p1a: Gliscor
|move|p1a: Gliscor|Earthquake|p2a: Cinderace
|-supereffective|p2a: Cinderace
|-damage|p2a: Cinderace|0 fnt
|faint|p2a: Cinderace
|
|-heal|p1a: Gliscor|81/100 tox|[from] ability: Poison Heal
|upkeep
|
|t:|1760373254
|switch|p2a: Great Tusk|Great Tusk|100/100
|turn|50
|
|t:|1760373258
|move|p1a: Gliscor|Protect|p1a: Gliscor
|-singleturn|p1a: Gliscor|Protect
|move|p2a: Great Tusk|Ice Spinner|p1a: Gliscor
|-activate|p1a: Gliscor|move: Protect
|
|-heal|p1a: Gliscor|94/100 tox|[from] ability: Poison Heal
|upkeep
|turn|51
|
|t:|1760373261
|move|p2a: Great Tusk|Ice Spinner|p1a: Gliscor
|-supereffective|p1a: Gliscor
|-damage|p1a: Gliscor|23/100 tox
|move|p1a: Gliscor|Toxic|p2a: Great Tusk
|-status|p2a: Great Tusk|tox
|
|-damage|p2a: Great Tusk|94/100 tox|[from] psn
|-heal|p1a: Gliscor|36/100 tox|[from] ability: Poison Heal
|upkeep
|turn|52
|
|t:|1760373274
|move|p1a: Gliscor|Protect|p1a: Gliscor
|-singleturn|p1a: Gliscor|Protect
|move|p2a: Great Tusk|Ice Spinner|p1a: Gliscor
|-activate|p1a: Gliscor|move: Protect
|
|-damage|p2a: Great Tusk|82/100 tox|[from] psn
|-heal|p1a: Gliscor|48/100 tox|[from] ability: Poison Heal
|upkeep
|turn|53
|
|t:|1760373279
|move|p1a: Gliscor|Protect|p1a: Gliscor
|-singleturn|p1a: Gliscor|Protect
|move|p2a: Great Tusk|Ice Spinner|p1a: Gliscor
|-activate|p1a: Gliscor|move: Protect
|
|-damage|p2a: Great Tusk|63/100 tox|[from] psn
|-heal|p1a: Gliscor|61/100 tox|[from] ability: Poison Heal
|upkeep
|turn|54
|
|t:|1760373285
|move|p2a: Great Tusk|Ice Spinner|p1a: Gliscor
|-supereffective|p1a: Gliscor
|-crit|p1a: Gliscor
|-damage|p1a: Gliscor|0 fnt
|faint|p1a: Gliscor
|
|win|Tusia88
|raw|Scoobenvonduben's rating: 1415 &rarr; <strong>1399</strong><br />(-16 for losing)
|raw|Tusia88's rating: 1482 &rarr; <strong>1498</strong><br />(+16 for winning)
|l|☆Scoobenvonduben
|player|p1|
