|badge|p1|bronze|gen9ou|100-7
|uhtml|medal-msg|<div class="broadcast-blue">Curious what those medals under the avatar are? PS now has Ladder Seasons! For more information, check out the <a href="https://www.smogon.com/forums/threads/3740067/">thread on Smogon.</a></div>
|badge|p2|bronze|gen9ou|100-7
|uhtml|medal-msg|<div class="broadcast-blue">Curious what those medals under the avatar are? PS now has Ladder Seasons! For more information, check out the <a href="https://www.smogon.com/forums/threads/3740067/">thread on Smogon.</a></div>
|j|☆Trainer #39
|j|☆healorant
|t:|1760367277
|gametype|singles
|player|p1|Trainer #39|bugsy|1974
|player|p2|healorant|alder|1893
|gen|9
|tier|[Gen 9] OU
|rated|
|rule|HP Percentage Mod: HP is shown in percentages
|rule|Endless Battle Clause: Forcing endless battles is banned
|rule|Species Clause: Limit one of each Pokémon
|rule|OHKO Clause: OHKO moves are banned
|rule|Evasion Items Clause: Evasion items are banned
|rule|Evasion Moves Clause: Evasion moves are banned
|rule|Evasion Abilities Clause: Evasion abilities are banned
|rule|Sleep Moves Clause: Sleep-inducing moves are banned
|clearpoke
|poke|p1|Blissey, F|
|poke|p1|Corviknight, M|
|poke|p1|Dondozo, M|
|poke|p1|Gliscor, M|
|poke|p1|Clefable, M|
|poke|p1|Slowking-Galar, M|
|poke|p2|Zarude|
|poke|p2|Slowking-Galar, M|
|poke|p2|Garchomp, M|
|poke|p2|Dragapult, F|
|poke|p2|Corviknight, M|
|poke|p2|Keldeo-Resolute|
|teampreview
|inactive|Battle timer is ON: inactive players will automatically lose when time's up. (requested by healorant)
|
|t:|1760367297
|teamsize|p1|6
|teamsize|p2|6
|start
|switch|p1a: 🇮🇱=stop genocide|Gliscor, M|100/100
|switch|p2a: Zarude|Zarude|100/100
|turn|1
|
|t:|1760367301
|move|p1a: 🇮🇱=stop genocide|Protect|p1a: 🇮🇱=stop genocide
|-singleturn|p1a: 🇮🇱=stop genocide|Protect
|move|p2a: Zarude|Swords Dance|p2a: Zarude
|-boost|p2a: Zarude|atk|2
|
|-status|p1a: 🇮🇱=stop genocide|tox|[from] item: Toxic Orb
|upkeep
|turn|2
|
|t:|1760367304
|move|p2a: Zarude|Swords Dance|p2a: Zarude
|-boost|p2a: Zarude|atk|2
|move|p1a: 🇮🇱=stop genocide|Toxic|p2a: Zarude
|-status|p2a: Zarude|tox
|
|-damage|p2a: Zarude|95/100 tox|[from] psn
|upkeep
|turn|3
|
|t:|1760367306
|switch|p1a: 808 and curses|Dondozo, M|100/100
|move|p2a: Zarude|Knock Off|p1a: 808 and curses
|-damage|p1a: 808 and curses|80/100
|-enditem|p1a: 808 and curses|Leftovers|[from] move: Knock Off|[of] p2a: Zarude
|
|-damage|p2a: Zarude|83/100 tox|[from] psn
|upkeep
|turn|4
|
|t:|1760367309
|move|p2a: Zarude|Petal Blizzard|p1a: 808 and curses
|-supereffective|p1a: 808 and curses
|-damage|p1a: 808 and curses|41/100
|move|p1a: 808 and curses|Curse|p1a: 808 and curses
|-unboost|p1a: 808 and curses|spe|1
|-boost|p1a: 808 and curses|atk|1
|-boost|p1a: 808 and curses|def|1
|
|-damage|p2a: Zarude|65/100 tox|[from] psn
|upkeep
|turn|5
|
|t:|1760367313
|move|p2a: Zarude|Jungle Healing|p2a: Zarude
|-heal|p2a: Zarude|90/100 tox
|-curestatus|p2a: Zarude|tox|[msg]
|move|p1a: 808 and curses|Rest|p1a: 808 and curses
|-status|p1a: 808 and curses|slp|[from] move: Rest
|-heal|p1a: 808 and curses|100/100 slp|[silent]
|
|upkeep
|turn|6
|
|t:|1760367316
|switch|p2a: Dragapult|Dragapult, F|100/100
|cant|p1a: 808 and curses|slp
|move|p1a: 808 and curses|Sleep Talk|p1a: 808 and curses
|move|p1a: 808 and curses|Waterfall|p2a: Dragapult|[from] move: Sleep Talk
|-resisted|p2a: Dragapult
|-crit|p2a: Dragapult
|-damage|p2a: Dragapult|57/100
|
|upkeep
|turn|7
|
|t:|1760367319
|switch|p1a: Charli xcx|Clefable, M|100/100
|move|p2a: Dragapult|U-turn|p1a: Charli xcx
|-resisted|p1a: Charli xcx
|-damage|p1a: Charli xcx|90/100
|
|t:|1760367321
|switch|p2a: Slowking|Slowking-Galar, M|100/100|[from] U-turn
|
|upkeep
|turn|8
|
|t:|1760367323
|switch|p1a: LeJ/ovni/la lettre|Slowking-Galar, M|100/100
|move|p2a: Slowking|Future Sight|p1a: LeJ/ovni/la lettre
|-start|p2a: Slowking|move: Future Sight
|
|upkeep
|turn|9
|
|t:|1760367332
|switch|p2a: Corviknight|Corviknight, M|100/100
|-ability|p2a: Corviknight|Pressure
|move|p1a: LeJ/ovni/la lettre|Thunder Wave|p2a: Corviknight
|-status|p2a: Corviknight|par
|
|upkeep
|turn|10
|
|t:|1760367336
|switch|p1a: Charlie Kirk: idc|Corviknight, M|100/100
|-ability|p1a: Charlie Kirk: idc|Pressure
|move|p2a: Corviknight|U-turn|p1a: Charlie Kirk: idc
|-resisted|p1a: Charlie Kirk: idc
|-damage|p1a: Charlie Kirk: idc|98/100
|-damage|p2a: Corviknight|84/100 par|[from] item: Rocky Helmet|[of] p1a: Charlie Kirk: idc
|
|t:|1760367341
|switch|p2a: Dragapult|Dragapult, F|57/100|[from] U-turn
|
|-end|p1a: Charlie Kirk: idc|move: Future Sight
|-resisted|p1a: Charlie Kirk: idc
|-damage|p1a: Charlie Kirk: idc|76/100
|upkeep
|turn|11
|
|t:|1760367344
|move|p2a: Dragapult|Will-O-Wisp|p1a: Charlie Kirk: idc
|-status|p1a: Charlie Kirk: idc|brn
|move|p1a: Charlie Kirk: idc|U-turn|p2a: Dragapult
|-resisted|p2a: Dragapult
|-damage|p2a: Dragapult|52/100
|
|t:|1760367346
|switch|p1a: Charli xcx|Clefable, M|90/100|[from] U-turn
|
|upkeep
|turn|12
|
|t:|1760367349
|move|p2a: Dragapult|U-turn|p1a: Charli xcx
|-resisted|p1a: Charli xcx
|-damage|p1a: Charli xcx|78/100
|
|t:|1760367350
|switch|p2a: Slowking|Slowking-Galar, M|100/100|[from] U-turn
|move|p1a: Charli xcx|Knock Off|p2a: Slowking
|-supereffective|p2a: Slowking
|-damage|p2a: Slowking|68/100
|-enditem|p2a: Slowking|Heavy-Duty Boots|[from] move: Knock Off|[of] p1a: Charli xcx
|
|upkeep
|turn|13
|j| jejejeiejejsi
|
|t:|1760367354
|switch|p1a: brat|Blissey, F|100/100
|move|p2a: Slowking|Future Sight|p1a: brat
|-start|p2a: Slowking|move: Future Sight
|
|upkeep
|turn|14
|j| FaronAan
|
|t:|1760367357
|move|p1a: brat|Stealth Rock|p2a: Slowking
|-sidestart|p2: healorant|move: Stealth Rock
|-prepare|p2a: Slowking|Chilly Reception|[premajor]
|move|p2a: Slowking|Chilly Reception|p2a: Slowking
|-weather|Snowscape
|
|t:|1760367359
|switch|p2a: Garchomp|Garchomp, M|100/100|[from] Chilly Reception
|-damage|p2a: Garchomp|94/100|[from] Stealth Rock
|
|-weather|Snowscape|[upkeep]
|upkeep
|turn|15
|
|t:|1760367361
|switch|p1a: Charlie Kirk: idc|Corviknight, M|76/100 brn
|-ability|p1a: Charlie Kirk: idc|Pressure
|move|p2a: Garchomp|Stealth Rock|p1a: Charlie Kirk: idc
|-sidestart|p1: Trainer #39|move: Stealth Rock
|
|-weather|Snowscape|[upkeep]
|-end|p1a: Charlie Kirk: idc|move: Future Sight
|-resisted|p1a: Charlie Kirk: idc
|-damage|p1a: Charlie Kirk: idc|55/100 brn
|-damage|p1a: Charlie Kirk: idc|49/100 brn|[from] brn
|upkeep
|turn|16
|
|t:|1760367366
|switch|p2a: Dragapult|Dragapult, F|52/100
|move|p1a: Charlie Kirk: idc|Roost|p1a: Charlie Kirk: idc
|-heal|p1a: Charlie Kirk: idc|99/100 brn
|-singleturn|p1a: Charlie Kirk: idc|move: Roost
|
|-weather|Snowscape|[upkeep]
|-damage|p1a: Charlie Kirk: idc|93/100 brn|[from] brn
|upkeep
|turn|17
|j| gronwar
|
|t:|1760367369
|move|p2a: Dragapult|Hex|p1a: Charlie Kirk: idc
|-damage|p1a: Charlie Kirk: idc|44/100 brn
|move|p1a: Charlie Kirk: idc|U-turn|p2a: Dragapult
|-resisted|p2a: Dragapult
|-damage|p2a: Dragapult|48/100
|
|t:|1760367371
|switch|p1a: Charli xcx|Clefable, M|78/100|[from] U-turn
|
|-weather|Snowscape|[upkeep]
|upkeep
|turn|18
|
|t:|1760367373
|move|p2a: Dragapult|U-turn|p1a: Charli xcx
|-resisted|p1a: Charli xcx
|-damage|p1a: Charli xcx|68/100
|
|t:|1760367375
|switch|p2a: Slowking|Slowking-Galar, M|100/100|[from] U-turn
|-damage|p2a: Slowking|88/100|[from] Stealth Rock
|move|p1a: Charli xcx|Wish|p1a: Charli xcx
|
|-weather|none
|upkeep
|turn|19
|j| HAGallium
|
|t:|1760367381
|switch|p1a: Charlie Kirk: idc|Corviknight, M|44/100 brn
|-damage|p1a: Charlie Kirk: idc|32/100 brn|[from] Stealth Rock
|-ability|p1a: Charlie Kirk: idc|Pressure
|move|p2a: Slowking|Future Sight|p1a: Charlie Kirk: idc
|-start|p2a: Slowking|move: Future Sight
|
|-heal|p1a: Charlie Kirk: idc|81/100 brn|[from] move: Wish|[wisher] Charli xcx
|-damage|p1a: Charlie Kirk: idc|75/100 brn|[from] brn
|upkeep
|turn|20
|
|t:|1760367384
|move|p1a: Charlie Kirk: idc|Brave Bird|p2a: Slowking
|-damage|p2a: Slowking|71/100
|-damage|p1a: Charlie Kirk: idc|70/100 brn|[from] Recoil
|-prepare|p2a: Slowking|Chilly Reception|[premajor]
|move|p2a: Slowking|Chilly Reception|p2a: Slowking
|-weather|Snowscape
|
|t:|1760367397
|switch|p2a: Dragapult|Dragapult, F|48/100|[from] Chilly Reception
|
|-weather|Snowscape|[upkeep]
|-damage|p1a: Charlie Kirk: idc|64/100 brn|[from] brn
|upkeep
|turn|21
|
|t:|1760367402
|switch|p1a: brat|Blissey, F|100/100
|move|p2a: Dragapult|Hex|p1a: brat
|-immune|p1a: brat
|
|-weather|Snowscape|[upkeep]
|-end|p1a: brat|move: Future Sight
|-damage|p1a: brat|84/100
|upkeep
|turn|22
|
|t:|1760367406
|move|p2a: Dragapult|U-turn|p1a: brat
|-damage|p1a: brat|65/100
|
|t:|1760367408
|switch|p2a: Zarude|Zarude|90/100|[from] U-turn
|move|p1a: brat|Shadow Ball|p2a: Zarude
|-resisted|p2a: Zarude
|-damage|p2a: Zarude|82/100
|
|-weather|Snowscape|[upkeep]
|upkeep
|turn|23
|
|t:|1760367416
|switch|p1a: 🇮🇱=stop genocide|Gliscor, M|100/100 tox
|-damage|p1a: 🇮🇱=stop genocide|88/100 tox|[from] Stealth Rock
|move|p2a: Zarude|Swords Dance|p2a: Zarude
|-boost|p2a: Zarude|atk|2
|
|-weather|Snowscape|[upkeep]
|-heal|p1a: 🇮🇱=stop genocide|100/100 tox|[from] ability: Poison Heal
|upkeep
|turn|24
|
|t:|1760367419
|move|p2a: Zarude|Swords Dance|p2a: Zarude
|-boost|p2a: Zarude|atk|2
|move|p1a: 🇮🇱=stop genocide|Toxic|p2a: Zarude
|-status|p2a: Zarude|tox
|
|-weather|none
|-damage|p2a: Zarude|76/100 tox|[from] psn
|upkeep
|turn|25
|
|t:|1760367422
|switch|p1a: 808 and curses|Dondozo, M|100/100 slp
|-damage|p1a: 808 and curses|88/100 slp|[from] Stealth Rock
|move|p2a: Zarude|Jungle Healing|p2a: Zarude
|-heal|p2a: Zarude|100/100 tox
|-curestatus|p2a: Zarude|tox|[msg]
|
|upkeep
|turn|26
|
|t:|1760367424
|move|p2a: Zarude|Petal Blizzard|p1a: 808 and curses
|-supereffective|p1a: 808 and curses
|-damage|p1a: 808 and curses|52/100 slp
|cant|p1a: 808 and curses|slp
|move|p1a: 808 and curses|Sleep Talk|p1a: 808 and curses
|move|p1a: 808 and curses|Waterfall|p2a: Zarude|[from] move: Sleep Talk
|-resisted|p2a: Zarude
|-damage|p2a: Zarude|89/100
|
|upkeep
|turn|27
|
|t:|1760367426
|move|p2a: Zarude|Petal Blizzard|p1a: 808 and curses
|-supereffective|p1a: 808 and curses
|-damage|p1a: 808 and curses|16/100 slp
|-curestatus|p1a: 808 and curses|slp|[msg]
|move|p1a: 808 and curses|Rest|p1a: 808 and curses
|-status|p1a: 808 and curses|slp|[from] move: Rest
|-heal|p1a: 808 and curses|100/100 slp|[silent]
|
|upkeep
|turn|28
|
|t:|1760367429
|move|p2a: Zarude|Petal Blizzard|p1a: 808 and curses
|-supereffective|p1a: 808 and curses
|-damage|p1a: 808 and curses|61/100 slp
|cant|p1a: 808 and curses|slp
|move|p1a: 808 and curses|Sleep Talk|p1a: 808 and curses
|move|p1a: 808 and curses|Curse|p1a: 808 and curses|[from] move: Sleep Talk
|-unboost|p1a: 808 and curses|spe|1
|-boost|p1a: 808 and curses|atk|1
|-boost|p1a: 808 and curses|def|1
|
|upkeep
|turn|29
|
|t:|1760367431
|move|p2a: Zarude|Petal Blizzard|p1a: 808 and curses
|-supereffective|p1a: 808 and curses
|-damage|p1a: 808 and curses|34/100 slp
|cant|p1a: 808 and curses|slp
|move|p1a: 808 and curses|Sleep Talk|p1a: 808 and curses
|move|p1a: 808 and curses|Curse|p1a: 808 and curses|[from] move: Sleep Talk
|-unboost|p1a: 808 and curses|spe|1
|-boost|p1a: 808 and curses|atk|1
|-boost|p1a: 808 and curses|def|1
|
|upkeep
|turn|30
|
|t:|1760367440
|switch|p2a: Dragapult|Dragapult, F|48/100
|-curestatus|p1a: 808 and curses|slp|[msg]
|move|p1a: 808 and curses|Rest|p1a: 808 and curses
|-status|p1a: 808 and curses|slp|[from] move: Rest
|-heal|p1a: 808 and curses|100/100 slp|[silent]
|
|upkeep
|turn|31
|
|t:|1760367443
|switch|p1a: Charli xcx|Clefable, M|68/100
|move|p2a: Dragapult|U-turn|p1a: Charli xcx
|-resisted|p1a: Charli xcx
|-damage|p1a: Charli xcx|56/100
|
|t:|1760367445
|switch|p2a: Slowking|Slowking-Galar, M|100/100|[from] U-turn
|-damage|p2a: Slowking|88/100|[from] Stealth Rock
|
|upkeep
|turn|32
|
|t:|1760367448
|switch|p1a: LeJ/ovni/la lettre|Slowking-Galar, M|100/100
|-damage|p1a: LeJ/ovni/la lettre|88/100|[from] Stealth Rock
|move|p2a: Slowking|Future Sight|p1a: LeJ/ovni/la lettre
|-start|p2a: Slowking|move: Future Sight
|
|upkeep
|turn|33
|
|t:|1760367450
|move|p1a: LeJ/ovni/la lettre|Trick|p2a: Slowking
|-activate|p1a: LeJ/ovni/la lettre|move: Trick|[of] p2a: Slowking
|-item|p2a: Slowking|Choice Scarf|[from] move: Trick
|-enditem|p1a: LeJ/ovni/la lettre|Choice Scarf|[silent]|[from] move: Trick
|move|p2a: Slowking|Thunder Wave|p1a: LeJ/ovni/la lettre
|-status|p1a: LeJ/ovni/la lettre|par
|
|upkeep
|turn|34
|
|t:|1760367459
|switch|p2a: Corviknight|Corviknight, M|84/100 par
|-damage|p2a: Corviknight|72/100 par|[from] Stealth Rock
|-ability|p2a: Corviknight|Pressure
|cant|p1a: LeJ/ovni/la lettre|par
|
|-end|p1a: LeJ/ovni/la lettre|move: Future Sight
|-damage|p1a: LeJ/ovni/la lettre|57/100 par
|upkeep
|turn|35
|
|t:|1760367462
|move|p2a: Corviknight|U-turn|p1a: LeJ/ovni/la lettre
|-damage|p1a: LeJ/ovni/la lettre|39/100 par
|
|t:|1760367466
|switch|p2a: Slowking|Slowking-Galar, M|100/100|[from] U-turn
|-damage|p2a: Slowking|88/100|[from] Stealth Rock
|move|p1a: LeJ/ovni/la lettre|Future Sight|p2a: Slowking
|-start|p1a: LeJ/ovni/la lettre|move: Future Sight
|
|upkeep
|turn|36
|
|t:|1760367469
|-prepare|p2a: Slowking|Chilly Reception|[premajor]
|move|p2a: Slowking|Chilly Reception|p2a: Slowking
|-weather|Snowscape
|
|t:|1760367472
|switch|p2a: Zarude|Zarude|89/100|[from] Chilly Reception
|move|p1a: LeJ/ovni/la lettre|Thunder Wave|p2a: Zarude
|-status|p2a: Zarude|par
|
|-weather|Snowscape|[upkeep]
|upkeep
|turn|37
|
|t:|1760367477
|switch|p1a: 🇮🇱=stop genocide|Gliscor, M|100/100 tox
|-damage|p1a: 🇮🇱=stop genocide|88/100 tox|[from] Stealth Rock
|move|p2a: Zarude|Jungle Healing|p2a: Zarude
|-heal|p2a: Zarude|100/100 par
|-curestatus|p2a: Zarude|par|[msg]
|
|-weather|Snowscape|[upkeep]
|-end|p2a: Zarude|move: Future Sight
|-immune|p2a: Zarude
|-heal|p1a: 🇮🇱=stop genocide|100/100 tox|[from] ability: Poison Heal
|upkeep
|turn|38
|
|t:|1760367479
|move|p2a: Zarude|Swords Dance|p2a: Zarude
|-boost|p2a: Zarude|atk|2
|move|p1a: 🇮🇱=stop genocide|Toxic|p2a: Zarude
|-status|p2a: Zarude|tox
|
|-weather|Snowscape|[upkeep]
|-damage|p2a: Zarude|95/100 tox|[from] psn
|upkeep
|turn|39
|
|t:|1760367483
|switch|p1a: 808 and curses|Dondozo, M|100/100 slp
|-damage|p1a: 808 and curses|88/100 slp|[from] Stealth Rock
|move|p2a: Zarude|Petal Blizzard|p1a: 808 and curses
|-supereffective|p1a: 808 and curses
|-damage|p1a: 808 and curses|50/100 slp
|
|-weather|Snowscape|[upkeep]
|-damage|p2a: Zarude|83/100 tox|[from] psn
|upkeep
|turn|40
|
|t:|1760367497
|-terastallize|p1a: 808 and curses|Dragon
|move|p2a: Zarude|Jungle Healing|p2a: Zarude
|-heal|p2a: Zarude|100/100 tox
|-curestatus|p2a: Zarude|tox|[msg]
|cant|p1a: 808 and curses|slp
|move|p1a: 808 and curses|Sleep Talk|p1a: 808 and curses
|move|p1a: 808 and curses|Curse|p1a: 808 and curses|[from] move: Sleep Talk
|-unboost|p1a: 808 and curses|spe|1
|-boost|p1a: 808 and curses|atk|1
|-boost|p1a: 808 and curses|def|1
|
|-weather|none
|upkeep
|turn|41
|
|t:|1760367505
|move|p2a: Zarude|Knock Off|p1a: 808 and curses
|-damage|p1a: 808 and curses|40/100 slp
|cant|p1a: 808 and curses|slp
|move|p1a: 808 and curses|Sleep Talk|p1a: 808 and curses
|move|p1a: 808 and curses|Rest||[from] move: Sleep Talk|[still]
|-fail|p1a: 808 and curses
|
|upkeep
|turn|42
|
|t:|1760367509
|switch|p2a: Garchomp|Garchomp, M|94/100
|-damage|p2a: Garchomp|88/100|[from] Stealth Rock
|-curestatus|p1a: 808 and curses|slp|[msg]
|move|p1a: 808 and curses|Rest|p1a: 808 and curses
|-status|p1a: 808 and curses|slp|[from] move: Rest
|-heal|p1a: 808 and curses|100/100 slp|[silent]
|
|upkeep
|turn|43
|
|t:|1760367513
|switch|p1a: 🇮🇱=stop genocide|Gliscor, M|100/100 tox
|-damage|p1a: 🇮🇱=stop genocide|88/100 tox|[from] Stealth Rock
|move|p2a: Garchomp|Dragon Tail|p1a: 🇮🇱=stop genocide
|-damage|p1a: 🇮🇱=stop genocide|73/100 tox
|drag|p1a: Charlie Kirk: idc|Corviknight, M|64/100 brn
|-damage|p1a: Charlie Kirk: idc|51/100 brn|[from] Stealth Rock
|-ability|p1a: Charlie Kirk: idc|Pressure
|
|-damage|p1a: Charlie Kirk: idc|45/100 brn|[from] brn
|upkeep
|turn|44
|
|t:|1760367516
|move|p2a: Garchomp|Spikes|p1a: Charlie Kirk: idc
|-sidestart|p1: Trainer #39|Spikes
|move|p1a: Charlie Kirk: idc|Roost|p1a: Charlie Kirk: idc
|-heal|p1a: Charlie Kirk: idc|95/100 brn
|-singleturn|p1a: Charlie Kirk: idc|move: Roost
|
|-damage|p1a: Charlie Kirk: idc|89/100 brn|[from] brn
|upkeep
|turn|45
|
|t:|1760367522
|switch|p2a: Slowking|Slowking-Galar, M|100/100
|-damage|p2a: Slowking|88/100|[from] Stealth Rock
|move|p1a: Charlie Kirk: idc|Defog|p2a: Slowking
|-unboost|p2a: Slowking|evasion|1
|-sideend|p2: healorant|Stealth Rock|[from] move: Defog|[of] p1a: Charlie Kirk: idc
|-sideend|p1: Trainer #39|Spikes|[from] move: Defog|[of] p1a: Charlie Kirk: idc
|-sideend|p1: Trainer #39|Stealth Rock|[from] move: Defog|[of] p1a: Charlie Kirk: idc
|
|-damage|p1a: Charlie Kirk: idc|83/100 brn|[from] brn
|upkeep
|turn|46
|
|t:|1760367525
|move|p1a: Charlie Kirk: idc|U-turn|p2a: Slowking
|-damage|p2a: Slowking|80/100
|
|t:|1760367526
|switch|p1a: brat|Blissey, F|65/100|[from] U-turn
|move|p2a: Slowking|Future Sight|p1a: brat
|-start|p2a: Slowking|move: Future Sight
|
|upkeep
|turn|47
|
|t:|1760367529
|switch|p2a: Garchomp|Garchomp, M|88/100
|move|p1a: brat|Stealth Rock|p2a: Garchomp
|-sidestart|p2: healorant|move: Stealth Rock
|
|upkeep
|turn|48
|
|t:|1760367531
|switch|p1a: Charlie Kirk: idc|Corviknight, M|83/100 brn
|-ability|p1a: Charlie Kirk: idc|Pressure
|move|p2a: Garchomp|Stealth Rock|p1a: Charlie Kirk: idc
|-sidestart|p1: Trainer #39|move: Stealth Rock
|
|-end|p1a: Charlie Kirk: idc|move: Future Sight
|-resisted|p1a: Charlie Kirk: idc
|-damage|p1a: Charlie Kirk: idc|62/100 brn
|-damage|p1a: Charlie Kirk: idc|56/100 brn|[from] brn
|upkeep
|turn|49
|
|t:|1760367537
|switch|p2a: Keldeo|Keldeo-Resolute|100/100
|move|p1a: Charlie Kirk: idc|Roost|p1a: Charlie Kirk: idc
|-heal|p1a: Charlie Kirk: idc|100/100 brn
|-singleturn|p1a: Charlie Kirk: idc|move: Roost
|
|-damage|p1a: Charlie Kirk: idc|94/100 brn|[from] brn
|upkeep
|turn|50
|
|t:|1760367542
|move|p2a: Keldeo|Surf|p1a: Charlie Kirk: idc
|-damage|p1a: Charlie Kirk: idc|49/100 brn
|move|p1a: Charlie Kirk: idc|Defog|p2a: Keldeo
|-unboost|p2a: Keldeo|evasion|1
|-sideend|p2: healorant|Stealth Rock|[from] move: Defog|[of] p1a: Charlie Kirk: idc
|-sideend|p1: Trainer #39|Stealth Rock|[from] move: Defog|[of] p1a: Charlie Kirk: idc
|
|-damage|p1a: Charlie Kirk: idc|43/100 brn|[from] brn
|upkeep
|turn|51
|
|t:|1760367546
|switch|p1a: LeJ/ovni/la lettre|Slowking-Galar, M|72/100 par
|move|p2a: Keldeo|Flip Turn|p1a: LeJ/ovni/la lettre
|-damage|p1a: LeJ/ovni/la lettre|56/100 par
|
|t:|1760367548
|switch|p2a: Garchomp|Garchomp, M|88/100|[from] Flip Turn
|
|upkeep
|turn|52
|
|t:|1760367550
|switch|p1a: Charlie Kirk: idc|Corviknight, M|43/100 brn
|-ability|p1a: Charlie Kirk: idc|Pressure
|move|p2a: Garchomp|Stealth Rock|p1a: Charlie Kirk: idc
|-sidestart|p1: Trainer #39|move: Stealth Rock
|
|-damage|p1a: Charlie Kirk: idc|37/100 brn|[from] brn
|upkeep
|turn|53
|
|t:|1760367553
|switch|p2a: Keldeo|Keldeo-Resolute|100/100
|move|p1a: Charlie Kirk: idc|Roost|p1a: Charlie Kirk: idc
|-heal|p1a: Charlie Kirk: idc|87/100 brn
|-singleturn|p1a: Charlie Kirk: idc|move: Roost
|
|-damage|p1a: Charlie Kirk: idc|81/100 brn|[from] brn
|upkeep
|turn|54
|
|t:|1760367555
|switch|p1a: LeJ/ovni/la lettre|Slowking-Galar, M|89/100 par
|-damage|p1a: LeJ/ovni/la lettre|77/100 par|[from] Stealth Rock
|move|p2a: Keldeo|Surf|p1a: LeJ/ovni/la lettre
|-damage|p1a: LeJ/ovni/la lettre|41/100 par
|
|upkeep
|turn|55
|
|t:|1760367559
|move|p2a: Keldeo|Flip Turn|p1a: LeJ/ovni/la lettre
|-damage|p1a: LeJ/ovni/la lettre|24/100 par
|
|t:|1760367562
|switch|p2a: Slowking|Slowking-Galar, M|100/100|[from] Flip Turn
|cant|p1a: LeJ/ovni/la lettre|par
|
|upkeep
|turn|56
|
|t:|1760367566
|switch|p1a: brat|Blissey, F|65/100
|-prepare|p2a: Slowking|Chilly Reception|[premajor]
|move|p2a: Slowking|Chilly Reception|p2a: Slowking
|-weather|Snowscape
|
|t:|1760367571
|switch|p2a: Zarude|Zarude|100/100|[from] Chilly Reception
|
|-weather|Snowscape|[upkeep]
|upkeep
|turn|57
|
|t:|1760367577
|switch|p2a: Dragapult|Dragapult, F|48/100
|switch|p1a: 🇮🇱=stop genocide|Gliscor, M|73/100 tox
|-damage|p1a: 🇮🇱=stop genocide|60/100 tox|[from] Stealth Rock
|
|-weather|Snowscape|[upkeep]
|-heal|p1a: 🇮🇱=stop genocide|73/100 tox|[from] ability: Poison Heal
|upkeep
|turn|58
|
|t:|1760367580
|switch|p2a: Zarude|Zarude|100/100
|move|p1a: 🇮🇱=stop genocide|Protect||[still]
|-fail|p1a: 🇮🇱=stop genocide
|
|-weather|Snowscape|[upkeep]
|-heal|p1a: 🇮🇱=stop genocide|85/100 tox|[from] ability: Poison Heal
|upkeep
|turn|59
|
|t:|1760367582
|move|p2a: Zarude|Swords Dance|p2a: Zarude
|-boost|p2a: Zarude|atk|2
|move|p1a: 🇮🇱=stop genocide|Toxic|p2a: Zarude
|-status|p2a: Zarude|tox
|
|-weather|Snowscape|[upkeep]
|-damage|p2a: Zarude|95/100 tox|[from] psn
|-heal|p1a: 🇮🇱=stop genocide|97/100 tox|[from] ability: Poison Heal
|upkeep
|turn|60
|
|t:|1760367588
|move|p2a: Zarude|Knock Off|p1a: 🇮🇱=stop genocide
|-damage|p1a: 🇮🇱=stop genocide|36/100 tox
|-enditem|p1a: 🇮🇱=stop genocide|Toxic Orb|[from] move: Knock Off|[of] p2a: Zarude
|move|p1a: 🇮🇱=stop genocide|Substitute|p1a: 🇮🇱=stop genocide
|-start|p1a: 🇮🇱=stop genocide|Substitute
|-damage|p1a: 🇮🇱=stop genocide|11/100 tox
|
|-weather|none
|-damage|p2a: Zarude|83/100 tox|[from] psn
|-heal|p1a: 🇮🇱=stop genocide|24/100 tox|[from] ability: Poison Heal
|upkeep
|turn|61
|
|t:|1760367591
|move|p2a: Zarude|Jungle Healing|p2a: Zarude
|-heal|p2a: Zarude|100/100 tox
|-curestatus|p2a: Zarude|tox|[msg]
|move|p1a: 🇮🇱=stop genocide|Earthquake|p2a: Zarude
|-resisted|p2a: Zarude
|-damage|p2a: Zarude|86/100
|
|-heal|p1a: 🇮🇱=stop genocide|36/100 tox|[from] ability: Poison Heal
|upkeep
|turn|62
|
|t:|1760367594
|move|p1a: 🇮🇱=stop genocide|Protect|p1a: 🇮🇱=stop genocide
|-singleturn|p1a: 🇮🇱=stop genocide|Protect
|move|p2a: Zarude|Knock Off|p1a: 🇮🇱=stop genocide
|-activate|p1a: 🇮🇱=stop genocide|move: Protect
|
|-heal|p1a: 🇮🇱=stop genocide|49/100 tox|[from] ability: Poison Heal
|upkeep
|turn|63
|
|t:|1760367598
|move|p2a: Zarude|Knock Off|p1a: 🇮🇱=stop genocide
|-end|p1a: 🇮🇱=stop genocide|Substitute
|move|p1a: 🇮🇱=stop genocide|Toxic|p2a: Zarude
|-status|p2a: Zarude|tox
|
|-damage|p2a: Zarude|80/100 tox|[from] psn
|-heal|p1a: 🇮🇱=stop genocide|61/100 tox|[from] ability: Poison Heal
|upkeep
|turn|64
|
|t:|1760367601
|move|p1a: 🇮🇱=stop genocide|Protect|p1a: 🇮🇱=stop genocide
|-singleturn|p1a: 🇮🇱=stop genocide|Protect
|move|p2a: Zarude|Jungle Healing|p2a: Zarude
|-heal|p2a: Zarude|100/100 tox
|-curestatus|p2a: Zarude|tox|[msg]
|
|-heal|p1a: 🇮🇱=stop genocide|73/100 tox|[from] ability: Poison Heal
|upkeep
|turn|65
|
|t:|1760367603
|switch|p2a: Corviknight|Corviknight, M|72/100 par
|-ability|p2a: Corviknight|Pressure
|switch|p1a: 808 and curses|Dondozo, M, tera:Dragon|100/100 slp
|-damage|p1a: 808 and curses|88/100 slp|[from] Stealth Rock
|
|upkeep
|turn|66
|
|t:|1760367605
|cant|p1a: 808 and curses|slp
|move|p1a: 808 and curses|Sleep Talk|p1a: 808 and curses
|move|p1a: 808 and curses|Curse|p1a: 808 and curses|[from] move: Sleep Talk
|-unboost|p1a: 808 and curses|spe|1
|-boost|p1a: 808 and curses|atk|1
|-boost|p1a: 808 and curses|def|1
|move|p2a: Corviknight|U-turn|p1a: 808 and curses
|-damage|p1a: 808 and curses|84/100 slp
|
|t:|1760367610
|switch|p2a: Garchomp|Garchomp, M|88/100|[from] U-turn
|
|upkeep
|turn|67
|
|t:|1760367613
|move|p2a: Garchomp|Spikes|p1a: 808 and curses
|-sidestart|p1: Trainer #39|Spikes
|cant|p1a: 808 and curses|slp
|move|p1a: 808 and curses|Sleep Talk|p1a: 808 and curses
|move|p1a: 808 and curses|Rest||[from] move: Sleep Talk|[still]
|-fail|p1a: 808 and curses
|
|upkeep
|turn|68
|
|t:|1760367615
|-curestatus|p1a: 808 and curses|slp|[msg]
|move|p1a: 808 and curses|Waterfall|p2a: Garchomp
|-damage|p2a: Garchomp|60/100
|-damage|p1a: 808 and curses|71/100|[from] ability: Rough Skin|[of] p2a: Garchomp
|-damage|p1a: 808 and curses|54/100|[from] item: Rocky Helmet|[of] p2a: Garchomp
|cant|p2a: Garchomp|flinch
|
|upkeep
|turn|69
|
|t:|1760367624
|move|p1a: 808 and curses|Rest|p1a: 808 and curses
|-status|p1a: 808 and curses|slp|[from] move: Rest
|-heal|p1a: 808 and curses|100/100 slp|[silent]
|move|p2a: Garchomp|Dragon Tail|p1a: 808 and curses
|-supereffective|p1a: 808 and curses
|-damage|p1a: 808 and curses|83/100 slp
|drag|p1a: 🇮🇱=stop genocide|Gliscor, M|73/100 tox
|-damage|p1a: 🇮🇱=stop genocide|61/100 tox|[from] Stealth Rock
|
|-heal|p1a: 🇮🇱=stop genocide|73/100 tox|[from] ability: Poison Heal
|upkeep
|turn|70
|
|t:|1760367630
|switch|p2a: Zarude|Zarude|100/100
|move|p1a: 🇮🇱=stop genocide|Toxic|p2a: Zarude
|-status|p2a: Zarude|tox
|
|-damage|p2a: Zarude|95/100 tox|[from] psn
|-heal|p1a: 🇮🇱=stop genocide|86/100 tox|[from] ability: Poison Heal
|upkeep
|turn|71
|
|t:|1760367635
|switch|p1a: Charlie Kirk: idc|Corviknight, M|81/100 brn
|-damage|p1a: Charlie Kirk: idc|68/100 brn|[from] Stealth Rock
|-ability|p1a: Charlie Kirk: idc|Pressure
|move|p2a: Zarude|Swords Dance|p2a: Zarude
|-boost|p2a: Zarude|atk|2
|
|-damage|p2a: Zarude|83/100 tox|[from] psn
|-damage|p1a: Charlie Kirk: idc|62/100 brn|[from] brn
|upkeep
|turn|72
|
|t:|1760367637
|move|p2a: Zarude|Knock Off|p1a: Charlie Kirk: idc
|-damage|p1a: Charlie Kirk: idc|3/100 brn
|-damage|p2a: Zarude|66/100 tox|[from] item: Rocky Helmet|[of] p1a: Charlie Kirk: idc
|-enditem|p1a: Charlie Kirk: idc|Rocky Helmet|[from] move: Knock Off|[of] p2a: Zarude
|move|p1a: Charlie Kirk: idc|Defog|p2a: Zarude
|-unboost|p2a: Zarude|evasion|1
|-sideend|p1: Trainer #39|Spikes|[from] move: Defog|[of] p1a: Charlie Kirk: idc
|-sideend|p1: Trainer #39|Stealth Rock|[from] move: Defog|[of] p1a: Charlie Kirk: idc
|
|-damage|p2a: Zarude|48/100 tox|[from] psn
|-damage|p1a: Charlie Kirk: idc|0 fnt|[from] brn
|faint|p1a: Charlie Kirk: idc
|upkeep
|
|t:|1760367640
|switch|p1a: LeJ/ovni/la lettre|Slowking-Galar, M|57/100 par
|turn|73
|
|t:|1760367644
|switch|p1a: 🇮🇱=stop genocide|Gliscor, M|86/100 tox
|move|p2a: Zarude|Knock Off|p1a: 🇮🇱=stop genocide
|-damage|p1a: 🇮🇱=stop genocide|46/100 tox
|
|-damage|p2a: Zarude|24/100 tox|[from] psn
|-heal|p1a: 🇮🇱=stop genocide|58/100 tox|[from] ability: Poison Heal
|upkeep
|turn|74
|
|t:|1760367648
|move|p2a: Zarude|Jungle Healing|p2a: Zarude
|-heal|p2a: Zarude|49/100 tox
|-curestatus|p2a: Zarude|tox|[msg]
|move|p1a: 🇮🇱=stop genocide|Earthquake|p2a: Zarude
|-resisted|p2a: Zarude
|-crit|p2a: Zarude
|-damage|p2a: Zarude|28/100
|
|-heal|p1a: 🇮🇱=stop genocide|71/100 tox|[from] ability: Poison Heal
|upkeep
|turn|75
|
|t:|1760367653
|move|p1a: 🇮🇱=stop genocide|Protect|p1a: 🇮🇱=stop genocide
|-singleturn|p1a: 🇮🇱=stop genocide|Protect
|move|p2a: Zarude|Jungle Healing|p2a: Zarude
|-heal|p2a: Zarude|53/100
|
|-heal|p1a: 🇮🇱=stop genocide|83/100 tox|[from] ability: Poison Heal
|upkeep
|turn|76
|
|t:|1760367656
|switch|p2a: Corviknight|Corviknight, M|72/100 par
|-ability|p2a: Corviknight|Pressure
|move|p1a: 🇮🇱=stop genocide|Toxic||[still]
|-fail|p1a: 🇮🇱=stop genocide
|
|-heal|p1a: 🇮🇱=stop genocide|96/100 tox|[from] ability: Poison Heal
|upkeep
|turn|77
|
|t:|1760367659
|switch|p1a: Charli xcx|Clefable, M|56/100
|move|p2a: Corviknight|U-turn|p1a: Charli xcx
|-resisted|p1a: Charli xcx
|-crit|p1a: Charli xcx
|-damage|p1a: Charli xcx|43/100
|
|t:|1760367662
|switch|p2a: Slowking|Slowking-Galar, M|100/100|[from] U-turn
|
|upkeep
|turn|78
|
|t:|1760367666
|switch|p1a: brat|Blissey, F|65/100
|-prepare|p2a: Slowking|Chilly Reception|[premajor]
|move|p2a: Slowking|Chilly Reception|p2a: Slowking
|-weather|Snowscape
|
|t:|1760367668
|switch|p2a: Garchomp|Garchomp, M|60/100|[from] Chilly Reception
|
|-weather|Snowscape|[upkeep]
|upkeep
|turn|79
|
|t:|1760367670
|move|p2a: Garchomp|Stealth Rock|p1a: brat
|-sidestart|p1: Trainer #39|move: Stealth Rock
|move|p1a: brat|Stealth Rock|p2a: Garchomp
|-sidestart|p2: healorant|move: Stealth Rock
|
|-weather|Snowscape|[upkeep]
|upkeep
|turn|80
|
|t:|1760367672
|switch|p1a: Charli xcx|Clefable, M|43/100
|move|p2a: Garchomp|Spikes|p1a: Charli xcx
|-sidestart|p1: Trainer #39|Spikes
|
|-weather|Snowscape|[upkeep]
|upkeep
|turn|81
|
|t:|1760367678
|switch|p2a: Slowking|Slowking-Galar, M|100/100
|-damage|p2a: Slowking|88/100|[from] Stealth Rock
|move|p1a: Charli xcx|Protect||[still]
|-fail|p1a: Charli xcx
|
|-weather|Snowscape|[upkeep]
|upkeep
|turn|82
|
|t:|1760367680
|move|p1a: Charli xcx|Wish|p1a: Charli xcx
|move|p2a: Slowking|Future Sight|p1a: Charli xcx
|-start|p2a: Slowking|move: Future Sight
|
|-weather|none
|upkeep
|turn|83
|
|t:|1760367683
|switch|p2a: Corviknight|Corviknight, M|72/100 par
|-damage|p2a: Corviknight|59/100 par|[from] Stealth Rock
|-ability|p2a: Corviknight|Pressure
|move|p1a: Charli xcx|Protect||[still]
|-fail|p1a: Charli xcx
|
|-heal|p1a: Charli xcx|93/100|[from] move: Wish|[wisher] Charli xcx
|upkeep
|turn|84
|
|t:|1760367685
|move|p1a: Charli xcx|Wish|p1a: Charli xcx
|move|p2a: Corviknight|U-turn|p1a: Charli xcx
|-resisted|p1a: Charli xcx
|-damage|p1a: Charli xcx|85/100
|
|t:|1760367688
|switch|p2a: Slowking|Slowking-Galar, M|100/100|[from] U-turn
|-damage|p2a: Slowking|88/100|[from] Stealth Rock
|
|-end|p1a: Charli xcx|move: Future Sight
|-crit|p1a: Charli xcx
|-damage|p1a: Charli xcx|37/100
|upkeep
|turn|85
|
|t:|1760367690
|move|p1a: Charli xcx|Protect|p1a: Charli xcx
|-singleturn|p1a: Charli xcx|Protect
|move|p2a: Slowking|Sludge Bomb|p1a: Charli xcx
|-activate|p1a: Charli xcx|move: Protect
|
|-heal|p1a: Charli xcx|87/100|[from] move: Wish|[wisher] Charli xcx
|upkeep
|turn|86
|
|t:|1760367695
|switch|p1a: LeJ/ovni/la lettre|Slowking-Galar, M|90/100 par
|-damage|p1a: LeJ/ovni/la lettre|77/100 par|[from] Stealth Rock
|-damage|p1a: LeJ/ovni/la lettre|65/100 par|[from] Spikes
|move|p2a: Slowking|Sludge Bomb|p1a: LeJ/ovni/la lettre
|-resisted|p1a: LeJ/ovni/la lettre
|-damage|p1a: LeJ/ovni/la lettre|52/100 par
|
|upkeep
|turn|87
|
|t:|1760367699
|switch|p2a: Corviknight|Corviknight, M|59/100 par
|-damage|p2a: Corviknight|47/100 par|[from] Stealth Rock
|-ability|p2a: Corviknight|Pressure
|cant|p1a: LeJ/ovni/la lettre|par
|
|upkeep
|turn|88
|
|t:|1760367701
|move|p2a: Corviknight|Roost|p2a: Corviknight
|-heal|p2a: Corviknight|97/100 par
|-singleturn|p2a: Corviknight|move: Roost
|move|p1a: LeJ/ovni/la lettre|Future Sight|p2a: Corviknight
|-start|p1a: LeJ/ovni/la lettre|move: Future Sight
|
|upkeep
|turn|89
|
|t:|1760367704
|move|p2a: Corviknight|Brave Bird|p1a: LeJ/ovni/la lettre
|-damage|p1a: LeJ/ovni/la lettre|7/100 par
|-damage|p2a: Corviknight|84/100 par|[from] Recoil
|move|p1a: LeJ/ovni/la lettre|Sludge Bomb|p2a: Corviknight
|-immune|p2a: Corviknight
|
|upkeep
|turn|90
|
|t:|1760367708
|switch|p1a: 🇮🇱=stop genocide|Gliscor, M|96/100 tox
|-damage|p1a: 🇮🇱=stop genocide|83/100 tox|[from] Stealth Rock
|move|p2a: Corviknight|U-turn|p1a: 🇮🇱=stop genocide
|-resisted|p1a: 🇮🇱=stop genocide
|-damage|p1a: 🇮🇱=stop genocide|79/100 tox
|
|t:|1760367710
|switch|p2a: Zarude|Zarude|53/100|[from] U-turn
|
|-end|p2a: Zarude|move: Future Sight
|-immune|p2a: Zarude
|-heal|p1a: 🇮🇱=stop genocide|91/100 tox|[from] ability: Poison Heal
|upkeep
|turn|91
|
|t:|1760367715
|move|p2a: Zarude|Swords Dance|p2a: Zarude
|-boost|p2a: Zarude|atk|2
|move|p1a: 🇮🇱=stop genocide|Toxic|p2a: Zarude
|-status|p2a: Zarude|tox
|
|-damage|p2a: Zarude|47/100 tox|[from] psn
|-heal|p1a: 🇮🇱=stop genocide|100/100 tox|[from] ability: Poison Heal
|upkeep
|turn|92
|
|t:|1760367718
|move|p2a: Zarude|Jungle Healing|p2a: Zarude
|-heal|p2a: Zarude|72/100 tox
|-curestatus|p2a: Zarude|tox|[msg]
|move|p1a: 🇮🇱=stop genocide|Substitute|p1a: 🇮🇱=stop genocide
|-start|p1a: 🇮🇱=stop genocide|Substitute
|-damage|p1a: 🇮🇱=stop genocide|76/100 tox
|
|-heal|p1a: 🇮🇱=stop genocide|88/100 tox|[from] ability: Poison Heal
|upkeep
|turn|93
|
|t:|1760367725
|switch|p2a: Corviknight|Corviknight, M|84/100 par
|-damage|p2a: Corviknight|72/100 par|[from] Stealth Rock
|-ability|p2a: Corviknight|Pressure
|move|p1a: 🇮🇱=stop genocide|Toxic||[still]
|-fail|p1a: 🇮🇱=stop genocide
|
|-heal|p1a: 🇮🇱=stop genocide|100/100 tox|[from] ability: Poison Heal
|upkeep
|turn|94
|
|t:|1760367728
|switch|p1a: Charli xcx|Clefable, M|87/100
|move|p2a: Corviknight|U-turn|p1a: Charli xcx
|-resisted|p1a: Charli xcx
|-damage|p1a: Charli xcx|78/100
|
|t:|1760367730
|switch|p2a: Slowking|Slowking-Galar, M|100/100|[from] U-turn
|-damage|p2a: Slowking|88/100|[from] Stealth Rock
|
|upkeep
|turn|95
|
|t:|1760367733
|move|p1a: Charli xcx|Protect|p1a: Charli xcx
|-singleturn|p1a: Charli xcx|Protect
|move|p2a: Slowking|Thunder Wave|p1a: Charli xcx
|-activate|p1a: Charli xcx|move: Protect
|
|upkeep
|turn|96
|
|t:|1760367738
|switch|p1a: LeJ/ovni/la lettre|Slowking-Galar, M|40/100 par
|-damage|p1a: LeJ/ovni/la lettre|27/100 par|[from] Stealth Rock
|-damage|p1a: LeJ/ovni/la lettre|15/100 par|[from] Spikes
|switch|p2a: Corviknight|Corviknight, M|72/100 par
|-damage|p2a: Corviknight|60/100 par|[from] Stealth Rock
|-ability|p2a: Corviknight|Pressure
|
|upkeep
|turn|97
|
|t:|1760367740
|switch|p1a: 🇮🇱=stop genocide|Gliscor, M|100/100 tox
|-damage|p1a: 🇮🇱=stop genocide|88/100 tox|[from] Stealth Rock
|cant|p2a: Corviknight|par
|
|-heal|p1a: 🇮🇱=stop genocide|100/100 tox|[from] ability: Poison Heal
|upkeep
|turn|98
|
|t:|1760367745
|switch|p1a: Charli xcx|Clefable, M|78/100
|cant|p2a: Corviknight|par
|
|upkeep
|turn|99
|
|t:|1760367749
|move|p1a: Charli xcx|Wish|p1a: Charli xcx
|move|p2a: Corviknight|Brave Bird|p1a: Charli xcx
|-crit|p1a: Charli xcx
|-damage|p1a: Charli xcx|13/100
|-damage|p2a: Corviknight|39/100 par|[from] Recoil
|
|upkeep
|turn|100
|
|t:|1760367752
|move|p1a: Charli xcx|Protect|p1a: Charli xcx
|-singleturn|p1a: Charli xcx|Protect
|move|p2a: Corviknight|Roost|p2a: Corviknight
|-heal|p2a: Corviknight|89/100 par
|-singleturn|p2a: Corviknight|move: Roost
|
|-heal|p1a: Charli xcx|63/100|[from] move: Wish|[wisher] Charli xcx
|upkeep
|turn|101
|
|t:|1760367755
|move|p1a: Charli xcx|Wish|p1a: Charli xcx
|move|p2a: Corviknight|Brave Bird|p1a: Charli xcx
|-damage|p1a: Charli xcx|23/100
|-damage|p2a: Corviknight|76/100 par|[from] Recoil
|
|upkeep
|turn|102
|
|t:|1760367760
|move|p1a: Charli xcx|Protect|p1a: Charli xcx
|-singleturn|p1a: Charli xcx|Protect
|cant|p2a: Corviknight|par
|
|-heal|p1a: Charli xcx|73/100|[from] move: Wish|[wisher] Charli xcx
|upkeep
|turn|103
|
|t:|1760367762
|move|p1a: Charli xcx|Wish|p1a: Charli xcx
|move|p2a: Corviknight|U-turn|p1a: Charli xcx
|-resisted|p1a: Charli xcx
|-damage|p1a: Charli xcx|64/100
|
|t:|1760367764
|switch|p2a: Slowking|Slowking-Galar, M|100/100|[from] U-turn
|-damage|p2a: Slowking|88/100|[from] Stealth Rock
|
|upkeep
|turn|104
|
|t:|1760367766
|move|p1a: Charli xcx|Protect|p1a: Charli xcx
|-singleturn|p1a: Charli xcx|Protect
|-prepare|p2a: Slowking|Chilly Reception|[premajor]
|move|p2a: Slowking|Chilly Reception|p2a: Slowking
|-weather|Snowscape
|
|t:|1760367771
|switch|p2a: Corviknight|Corviknight, M|76/100 par|[from] Chilly Reception
|-damage|p2a: Corviknight|63/100 par|[from] Stealth Rock
|-ability|p2a: Corviknight|Pressure
|
|-weather|Snowscape|[upkeep]
|-heal|p1a: Charli xcx|100/100|[from] move: Wish|[wisher] Charli xcx
|upkeep
|turn|105
|
|t:|1760367774
|move|p1a: Charli xcx|Moonblast|p2a: Corviknight
|-resisted|p2a: Corviknight
|-damage|p2a: Corviknight|47/100 par
|move|p2a: Corviknight|Brave Bird|p1a: Charli xcx
|-damage|p1a: Charli xcx|59/100
|-damage|p2a: Corviknight|34/100 par|[from] Recoil
|
|-weather|Snowscape|[upkeep]
|upkeep
|turn|106
|
|t:|1760367780
|move|p1a: Charli xcx|Knock Off|p2a: Corviknight
|-damage|p2a: Corviknight|24/100 par
|-damage|p1a: Charli xcx|43/100|[from] item: Rocky Helmet|[of] p2a: Corviknight
|-enditem|p2a: Corviknight|Rocky Helmet|[from] move: Knock Off|[of] p1a: Charli xcx
|move|p2a: Corviknight|Roost|p2a: Corviknight
|-heal|p2a: Corviknight|74/100 par
|-singleturn|p2a: Corviknight|move: Roost
|
|-weather|Snowscape|[upkeep]
|upkeep
|turn|107
|
|t:|1760367785
|move|p1a: Charli xcx|Wish|p1a: Charli xcx
|move|p2a: Corviknight|U-turn|p1a: Charli xcx
|-resisted|p1a: Charli xcx
|-damage|p1a: Charli xcx|34/100
|
|t:|1760367793
|switch|p2a: Zarude|Zarude|72/100|[from] U-turn
|
|-weather|Snowscape|[upkeep]
|upkeep
|turn|108
|
|t:|1760367801
|-terastallize|p2a: Zarude|Poison
|move|p1a: Charli xcx|Protect|p1a: Charli xcx
|-singleturn|p1a: Charli xcx|Protect
|move|p2a: Zarude|Swords Dance|p2a: Zarude
|-boost|p2a: Zarude|atk|2
|
|-weather|none
|-heal|p1a: Charli xcx|84/100|[from] move: Wish|[wisher] Charli xcx
|upkeep
|turn|109
|j| bloodhound q50
|
|t:|1760367803
|switch|p1a: 808 and curses|Dondozo, M, tera:Dragon|83/100 slp
|-damage|p1a: 808 and curses|71/100 slp|[from] Stealth Rock
|-damage|p1a: 808 and curses|58/100 slp|[from] Spikes
|move|p2a: Zarude|Knock Off|p1a: 808 and curses
|-damage|p1a: 808 and curses|44/100 slp
|
|upkeep
|turn|110
|
|t:|1760367808
|switch|p2a: Dragapult|Dragapult, F|48/100
|cant|p1a: 808 and curses|slp
|move|p1a: 808 and curses|Sleep Talk|p1a: 808 and curses
|move|p1a: 808 and curses|Waterfall|p2a: Dragapult|[from] move: Sleep Talk
|-resisted|p2a: Dragapult
|-damage|p2a: Dragapult|27/100
|
|upkeep
|turn|111
|
|t:|1760367811
|switch|p1a: Charli xcx|Clefable, M|84/100
|move|p2a: Dragapult|Hex|p1a: Charli xcx
|-damage|p1a: Charli xcx|67/100
|
|upkeep
|turn|112
|
|t:|1760367814
|move|p2a: Dragapult|U-turn|p1a: Charli xcx
|-resisted|p1a: Charli xcx
|-damage|p1a: Charli xcx|55/100
|
|t:|1760367815
|switch|p2a: Zarude|Zarude, tera:Poison|72/100|[from] U-turn
|move|p1a: Charli xcx|Wish|p1a: Charli xcx
|
|upkeep
|turn|113
|
|t:|1760367820
|switch|p1a: 808 and curses|Dondozo, M, tera:Dragon|44/100 slp
|-damage|p1a: 808 and curses|31/100 slp|[from] Stealth Rock
|-damage|p1a: 808 and curses|19/100 slp|[from] Spikes
|move|p2a: Zarude|Knock Off|p1a: 808 and curses
|-damage|p1a: 808 and curses|3/100 slp
|
|-heal|p1a: 808 and curses|42/100 slp|[from] move: Wish|[wisher] Charli xcx
|upkeep
|turn|114
|l| bloodhound q50
|
|t:|1760367824
|switch|p2a: Garchomp|Garchomp, M|60/100
|-damage|p2a: Garchomp|54/100|[from] Stealth Rock
|cant|p1a: 808 and curses|slp
|move|p1a: 808 and curses|Sleep Talk|p1a: 808 and curses
|move|p1a: 808 and curses|Rest||[from] move: Sleep Talk|[still]
|-fail|p1a: 808 and curses
|
|upkeep
|turn|115
|j| bloodhound q50
|
|t:|1760367826
|move|p2a: Garchomp|Spikes|p1a: 808 and curses
|-sidestart|p1: Trainer #39|Spikes
|-curestatus|p1a: 808 and curses|slp|[msg]
|move|p1a: 808 and curses|Rest|p1a: 808 and curses
|-status|p1a: 808 and curses|slp|[from] move: Rest
|-heal|p1a: 808 and curses|100/100 slp|[silent]
|
|upkeep
|turn|116
|
|t:|1760367829
|move|p2a: Garchomp|Spikes|p1a: 808 and curses
|-sidestart|p1: Trainer #39|Spikes
|cant|p1a: 808 and curses|slp
|move|p1a: 808 and curses|Sleep Talk|p1a: 808 and curses
|move|p1a: 808 and curses|Curse|p1a: 808 and curses|[from] move: Sleep Talk
|-unboost|p1a: 808 and curses|spe|1
|-boost|p1a: 808 and curses|atk|1
|-boost|p1a: 808 and curses|def|1
|
|upkeep
|turn|117
|
|t:|1760367832
|switch|p1a: 🇮🇱=stop genocide|Gliscor, M|100/100 tox
|-damage|p1a: 🇮🇱=stop genocide|88/100 tox|[from] Stealth Rock
|move|p2a: Garchomp|Dragon Tail|p1a: 🇮🇱=stop genocide
|-damage|p1a: 🇮🇱=stop genocide|72/100 tox
|drag|p1a: Charli xcx|Clefable, M|55/100
|
|upkeep
|turn|118
|
|t:|1760367839
|switch|p2a: Zarude|Zarude, tera:Poison|72/100
|move|p1a: Charli xcx|Wish|p1a: Charli xcx
|
|upkeep
|turn|119
|l| HAGallium
|
|t:|1760367846
|switch|p2a: Slowking|Slowking-Galar, M|100/100
|-damage|p2a: Slowking|88/100|[from] Stealth Rock
|move|p1a: Charli xcx|Knock Off|p2a: Slowking
|-supereffective|p2a: Slowking
|-damage|p2a: Slowking|52/100
|-enditem|p2a: Slowking|Choice Scarf|[from] move: Knock Off|[of] p1a: Charli xcx
|
|-heal|p1a: Charli xcx|100/100|[from] move: Wish|[wisher] Charli xcx
|upkeep
|turn|120
|
|t:|1760367852
|switch|p1a: brat|Blissey, F|65/100
|move|p2a: Slowking|Future Sight|p1a: brat
|-start|p2a: Slowking|move: Future Sight
|
|upkeep
|turn|121
|
|t:|1760367855
|move|p1a: brat|Soft-Boiled|p1a: brat
|-heal|p1a: brat|100/100
|-prepare|p2a: Slowking|Chilly Reception|[premajor]
|move|p2a: Slowking|Chilly Reception|p2a: Slowking
|-weather|Snowscape
|
|t:|1760367859
|switch|p2a: Keldeo|Keldeo-Resolute|100/100|[from] Chilly Reception
|
|-weather|Snowscape|[upkeep]
|upkeep
|turn|122
|
|t:|1760367865
|move|p2a: Keldeo|Secret Sword|p1a: brat
|-supereffective|p1a: brat
|-crit|p1a: brat
|-damage|p1a: brat|0 fnt
|faint|p1a: brat
|
|-weather|Snowscape|[upkeep]
|-hint|Future Sight did not hit because the target is fainted.
|upkeep
|
|t:|1760367867
|switch|p1a: Charli xcx|Clefable, M|100/100
|turn|123
|
|t:|1760367870
|move|p2a: Keldeo|Flip Turn|p1a: Charli xcx
|-damage|p1a: Charli xcx|85/100
|
|t:|1760367872
|switch|p2a: Slowking|Slowking-Galar, M|85/100|[from] Flip Turn
|-damage|p2a: Slowking|72/100|[from] Stealth Rock
|move|p1a: Charli xcx|Knock Off|p2a: Slowking
|-supereffective|p2a: Slowking
|-damage|p2a: Slowking|49/100
|
|-weather|Snowscape|[upkeep]
|upkeep
|turn|124
|
|t:|1760367877
|move|p1a: Charli xcx|Knock Off|p2a: Slowking
|-supereffective|p2a: Slowking
|-damage|p2a: Slowking|26/100
|move|p2a: Slowking|Sludge Bomb|p1a: Charli xcx
|-supereffective|p1a: Charli xcx
|-damage|p1a: Charli xcx|41/100
|
|-weather|Snowscape|[upkeep]
|upkeep
|turn|125
|
|t:|1760367881
|move|p1a: Charli xcx|Knock Off|p2a: Slowking
|-supereffective|p2a: Slowking
|-damage|p2a: Slowking|1/100
|move|p2a: Slowking|Sludge Bomb|p1a: Charli xcx
|-supereffective|p1a: Charli xcx
|-damage|p1a: Charli xcx|0 fnt
|faint|p1a: Charli xcx
|
|-weather|none
|upkeep
|
|t:|1760367884
|switch|p1a: 🇮🇱=stop genocide|Gliscor, M|72/100 tox
|-damage|p1a: 🇮🇱=stop genocide|59/100 tox|[from] Stealth Rock
|turn|126
|
|t:|1760367886
|switch|p2a: Corviknight|Corviknight, M|74/100 par
|-damage|p2a: Corviknight|62/100 par|[from] Stealth Rock
|-ability|p2a: Corviknight|Pressure
|move|p1a: 🇮🇱=stop genocide|Earthquake|p2a: Corviknight
|-immune|p2a: Corviknight
|
|-heal|p1a: 🇮🇱=stop genocide|72/100 tox|[from] ability: Poison Heal
|upkeep
|turn|127
|
|t:|1760367891
|switch|p1a: LeJ/ovni/la lettre|Slowking-Galar, M|48/100 par
|-damage|p1a: LeJ/ovni/la lettre|36/100 par|[from] Stealth Rock
|-damage|p1a: LeJ/ovni/la lettre|11/100 par|[from] Spikes
|move|p2a: Corviknight|U-turn|p1a: LeJ/ovni/la lettre
|-damage|p1a: LeJ/ovni/la lettre|0 fnt
|faint|p1a: LeJ/ovni/la lettre
|
|t:|1760367893
|switch|p2a: Keldeo|Keldeo-Resolute|100/100|[from] U-turn
|
|upkeep
|l|☆Trainer #39
|inactive|Trainer #39 disconnected and has a minute to reconnect!
|player|p1|
|c|☆healorant|g
|c|☆healorant|g
|inactive|Trainer #39 has 30 seconds to reconnect!
|inactive|Trainer #39 has 20 seconds to reconnect!
|inactive|Trainer #39 has 15 seconds to reconnect!
|inactive|Trainer #39 has 10 seconds to reconnect!
|l| bloodhound q50
|inactive|Trainer #39 has 5 seconds to reconnect!
|-message|Trainer #39 lost due to inactivity.
|
|win|healorant
|raw|Trainer #39's rating: 1974 &rarr; <strong>1949</strong><br />(-25 for losing)
|raw|healorant's rating: 1893 &rarr; <strong>1918</strong><br />(+25 for winning)
|l|☆healorant
|player|p2|
|j| stariaki
|l| FaronAan
