|j|☆LamarTDB1
|j|☆parthhhhh
|t:|1760336475
|gametype|singles
|player|p1|LamarTDB1|102|1126
|player|p2|parthhhhh|265|1099
|gen|9
|tier|[Gen 9] OU
|rated|
|rule|HP Percentage Mod: HP is shown in percentages
|rule|Endless Battle Clause: Forcing endless battles is banned
|rule|Species Clause: Limit one of each Pokémon
|rule|OHKO Clause: OHKO moves are banned
|rule|Evasion Items Clause: Evasion items are banned
|rule|Evasion Moves Clause: Evasion moves are banned
|rule|Evasion Abilities Clause: Evasion abilities are banned
|rule|Sleep Moves Clause: Sleep-inducing moves are banned
|clearpoke
|poke|p1|Garchomp, M|
|poke|p1|Typhlosion-Hisui, M|
|poke|p1|Rotom-Wash|
|poke|p1|Kingambit, M|
|poke|p1|Sceptile, M|
|poke|p1|Polteageist-Antique|
|poke|p2|Slowking-Galar, M|
|poke|p2|Darkrai|
|poke|p2|Iron Treads|
|poke|p2|Zamazenta-*|
|poke|p2|Primarina, F|
|poke|p2|Scizor, F|
|teampreview
|inactive|Battle timer is ON: inactive players will automatically lose when time's up. (requested by LamarTDB1)
|
|t:|1760336481
|teamsize|p1|6
|teamsize|p2|6
|start
|switch|p1a: Rotom|Rotom-Wash|100/100
|switch|p2a: Scizor|Scizor, F, shiny|100/100
|turn|1
|
|t:|1760336508
|switch|p2a: Primarina|Primarina, F, shiny|100/100
|move|p1a: Rotom|Trick|p2a: Primarina
|-activate|p1a: Rotom|move: Trick|[of] p2a: Primarina
|-item|p2a: Primarina|Choice Specs|[from] move: Trick
|-item|p1a: Rotom|Leftovers|[from] move: Trick
|
|upkeep
|turn|2
|
|t:|1760336517
|move|p1a: Rotom|Volt Switch|p2a: Primarina
|-supereffective|p2a: Primarina
|-damage|p2a: Primarina|46/100
|
|t:|1760336524
|switch|p1a: Kingambit|Kingambit, M|100/100|[from] Volt Switch
|move|p2a: Primarina|Energy Ball|p1a: Kingambit
|-resisted|p1a: Kingambit
|-damage|p1a: Kingambit|70/100
|
|-heal|p1a: Kingambit|76/100|[from] item: Leftovers
|upkeep
|turn|3
|
|t:|1760336536
|switch|p2a: Zamazenta|Zamazenta, shiny|100/100
|-ability|p2a: Zamazenta|Dauntless Shield|boost
|-boost|p2a: Zamazenta|def|1
|move|p1a: Kingambit|Iron Head|p2a: Zamazenta
|-damage|p2a: Zamazenta|81/100
|
|-heal|p2a: Zamazenta|87/100|[from] item: Leftovers
|-heal|p1a: Kingambit|82/100|[from] item: Leftovers
|upkeep
|turn|4
|
|t:|1760336552
|move|p2a: Zamazenta|Body Press|p1a: Kingambit
|-supereffective|p1a: Kingambit
|-damage|p1a: Kingambit|0 fnt
|faint|p1a: Kingambit
|-end|p1a: Kingambit|fallenundefined|[silent]
|
|-heal|p2a: Zamazenta|93/100|[from] item: Leftovers
|upkeep
|
|t:|1760336555
|switch|p1a: Typhlosion|Typhlosion-Hisui, M, shiny|100/100
|turn|5
|
|t:|1760336568
|switch|p2a: Primarina|Primarina, F, shiny|46/100
|move|p1a: Typhlosion|Eruption|p2a: Primarina
|-resisted|p2a: Primarina
|-damage|p2a: Primarina|17/100
|
|upkeep
|turn|6
|
|t:|1760336576
|move|p1a: Typhlosion|Eruption|p2a: Primarina
|-resisted|p2a: Primarina
|-damage|p2a: Primarina|0 fnt
|faint|p2a: Primarina
|
|upkeep
|
|t:|1760336585
|switch|p2a: Darkrai|Darkrai, shiny|100/100
|turn|7
|
|t:|1760336594
|move|p1a: Typhlosion|Eruption|p2a: Darkrai
|-damage|p2a: Darkrai|4/100
|move|p2a: Darkrai|Dark Pulse|p1a: Typhlosion
|-supereffective|p1a: Typhlosion
|-damage|p1a: Typhlosion|0 fnt
|faint|p1a: Typhlosion
|
|upkeep
|
|t:|1760336607
|switch|p1a: Garchomp|Garchomp, M, shiny|100/100
|turn|8
|
|t:|1760336614
|move|p2a: Darkrai|Ice Beam|p1a: Garchomp
|-supereffective|p1a: Garchomp
|-damage|p1a: Garchomp|0 fnt
|faint|p1a: Garchomp
|
|upkeep
|
|t:|1760336618
|switch|p1a: Polteageist|Polteageist-Antique|100/100
|turn|9
|
|t:|1760336624
|move|p2a: Darkrai|Dark Pulse|p1a: Polteageist
|-supereffective|p1a: Polteageist
|-enditem|p1a: Polteageist|Focus Sash
|-damage|p1a: Polteageist|1/100
|move|p1a: Polteageist|Shell Smash|p1a: Polteageist
|-unboost|p1a: Polteageist|def|1
|-unboost|p1a: Polteageist|spd|1
|-boost|p1a: Polteageist|atk|2
|-boost|p1a: Polteageist|spa|2
|-boost|p1a: Polteageist|spe|2
|
|upkeep
|turn|10
|
|t:|1760336635
|move|p1a: Polteageist|Giga Drain|p2a: Darkrai
|-damage|p2a: Darkrai|0 fnt
|-heal|p1a: Polteageist|3/100|[from] drain|[of] p2a: Darkrai
|faint|p2a: Darkrai
|
|upkeep
|
|t:|1760336641
|switch|p2a: Scizor|Scizor, F, shiny|100/100
|turn|11
|
|t:|1760336647
|move|p2a: Scizor|Bullet Punch|p1a: Polteageist
|-damage|p1a: Polteageist|0 fnt
|-start|p2a: Scizor|Disable|Bullet Punch|[from] ability: Cursed Body|[of] p1a: Polteageist
|faint|p1a: Polteageist
|-damage|p2a: Scizor|91/100|[from] item: Life Orb
|
|upkeep
|
|t:|1760336650
|switch|p1a: Sceptile|Sceptile, M|100/100
|turn|12
|inactive|parthhhhh has 120 seconds left.
|
|t:|1760336693
|move|p1a: Sceptile|Swords Dance|p1a: Sceptile
|-boost|p1a: Sceptile|atk|2
|move|p2a: Scizor|Dual Wingbeat|p1a: Sceptile
|-supereffective|p1a: Sceptile
|-damage|p1a: Sceptile|4/100
|-supereffective|p1a: Sceptile
|-damage|p1a: Sceptile|0 fnt
|faint|p1a: Sceptile
|-hitcount|p1: Sceptile|2
|-damage|p2a: Scizor|81/100|[from] item: Life Orb
|
|upkeep
|
|t:|1760336698
|switch|p1a: Rotom|Rotom-Wash|100/100
|turn|13
|inactive|parthhhhh has 120 seconds left.
|
|t:|1760336708
|move|p1a: Rotom|Will-O-Wisp|p2a: Scizor
|-status|p2a: Scizor|brn
|move|p2a: Scizor|Dual Wingbeat|p1a: Rotom
|-resisted|p1a: Rotom
|-damage|p1a: Rotom|90/100
|-resisted|p1a: Rotom
|-damage|p1a: Rotom|81/100
|-hitcount|p1a: Rotom|2
|-damage|p2a: Scizor|71/100 brn|[from] item: Life Orb
|
|-heal|p1a: Rotom|87/100|[from] item: Leftovers
|-damage|p2a: Scizor|65/100 brn|[from] brn
|upkeep
|turn|14
|inactive|parthhhhh has 120 seconds left.
|
|t:|1760336730
|-terastallize|p2a: Scizor|Fire
|move|p1a: Rotom|Hydro Pump|p2a: Scizor
|-supereffective|p2a: Scizor
|-damage|p2a: Scizor|0 fnt
|faint|p2a: Scizor
|
|-heal|p1a: Rotom|93/100|[from] item: Leftovers
|upkeep
|
|t:|1760336739
|switch|p2a: Zamazenta|Zamazenta, shiny|93/100
|turn|15
|
|t:|1760336743
|move|p2a: Zamazenta|Body Press|p1a: Rotom
|-damage|p1a: Rotom|54/100
|move|p1a: Rotom|Will-O-Wisp|p2a: Zamazenta
|-status|p2a: Zamazenta|brn
|
|-heal|p2a: Zamazenta|99/100 brn|[from] item: Leftovers
|-heal|p1a: Rotom|61/100|[from] item: Leftovers
|-damage|p2a: Zamazenta|93/100 brn|[from] brn
|upkeep
|turn|16
|inactive|parthhhhh has 120 seconds left.
|
|t:|1760336754
|move|p2a: Zamazenta|Body Press|p1a: Rotom
|-damage|p1a: Rotom|38/100
|move|p1a: Rotom|Hydro Pump|p2a: Zamazenta
|-damage|p2a: Zamazenta|53/100 brn
|
|-heal|p2a: Zamazenta|59/100 brn|[from] item: Leftovers
|-heal|p1a: Rotom|44/100|[from] item: Leftovers
|-damage|p2a: Zamazenta|53/100 brn|[from] brn
|upkeep
|turn|17
|inactive|parthhhhh has 120 seconds left.
|
|t:|1760336764
|-terastallize|p1a: Rotom|Electric
|move|p2a: Zamazenta|Body Press|p1a: Rotom
|-damage|p1a: Rotom|25/100
|move|p1a: Rotom|Volt Switch|p2a: Zamazenta
|-damage|p2a: Zamazenta|18/100 brn
|
|-heal|p2a: Zamazenta|24/100 brn|[from] item: Leftovers
|-heal|p1a: Rotom|31/100|[from] item: Leftovers
|-damage|p2a: Zamazenta|18/100 brn|[from] brn
|upkeep
|turn|18
|inactive|parthhhhh has 120 seconds left.
|
|t:|1760336776
|move|p2a: Zamazenta|Body Press|p1a: Rotom
|-damage|p1a: Rotom|9/100
|move|p1a: Rotom|Volt Switch|p2a: Zamazenta
|-damage|p2a: Zamazenta|0 fnt
|faint|p2a: Zamazenta
|
|-heal|p1a: Rotom|15/100|[from] item: Leftovers
|upkeep
|inactive|parthhhhh has 120 seconds left.
|
|t:|1760336786
|switch|p2a: Iron Treads|Iron Treads, shiny|100/100
|-enditem|p2a: Iron Treads|Booster Energy
|-activate|p2a: Iron Treads|ability: Quark Drive|[fromitem]
|-start|p2a: Iron Treads|quarkdrivespe
|turn|19
|-message|LamarTDB1 forfeited.
|
|win|parthhhhh
|raw|LamarTDB1's rating: 1126 &rarr; <strong>1099</strong><br />(-27 for losing)
|raw|parthhhhh's rating: 1099 &rarr; <strong>1126</strong><br />(+27 for winning)
|l|☆LamarTDB1
|player|p1|
|l|☆parthhhhh
|player|p2|
