|j|☆akf123456789
|j|☆capitolg
|t:|1760307915
|gametype|singles
|player|p1|akf123456789|ghetsis-gen5bw|1198
|player|p2|capitolg|bellelba|1198
|gen|9
|tier|[Gen 9] OU
|rated|
|rule|HP Percentage Mod: HP is shown in percentages
|rule|Endless Battle Clause: Forcing endless battles is banned
|rule|Species Clause: Limit one of each Pokémon
|rule|OHKO Clause: OHKO moves are banned
|rule|Evasion Items Clause: Evasion items are banned
|rule|Evasion Moves Clause: Evasion moves are banned
|rule|Evasion Abilities Clause: Evasion abilities are banned
|rule|Sleep Moves Clause: Sleep-inducing moves are banned
|clearpoke
|poke|p1|Enamorus, F|
|poke|p1|Samurott-Hisui, F|
|poke|p1|Zamazenta-*|
|poke|p1|Gholdengo|
|poke|p1|Great Tusk|
|poke|p1|Kingambit, M|
|poke|p2|Vikavolt, F|
|poke|p2|Gothitelle, F|
|poke|p2|Smeargle, F|
|poke|p2|Empoleon, F|
|poke|p2|Passimian, M|
|poke|p2|Trevenant, F|
|teampreview
|
|t:|1760307935
|teamsize|p1|6
|teamsize|p2|6
|start
|switch|p1a: Enamorus|Enamorus, F|100/100
|switch|p2a: Vikavolt|Vikavolt, F|100/100
|turn|1
|
|t:|1760307969
|-terastallize|p1a: Enamorus|Ground
|move|p1a: Enamorus|Mystical Fire|p2a: Vikavolt
|-supereffective|p2a: Vikavolt
|-damage|p2a: Vikavolt|38/100
|-unboost|p2a: Vikavolt|spa|1
|move|p2a: Vikavolt|Sticky Web|p1a: Enamorus
|-sidestart|p1: akf123456789|move: Sticky Web
|
|upkeep
|turn|2
|inactive|Battle timer is ON: inactive players will automatically lose when time's up. (requested by capitolg)
|
|t:|1760308002
|move|p1a: Enamorus|Mystical Fire|p2a: Vikavolt
|-supereffective|p2a: Vikavolt
|-damage|p2a: Vikavolt|0 fnt
|faint|p2a: Vikavolt
|
|upkeep
|
|t:|1760308011
|switch|p2a: Smeargle|Smeargle, F|100/100
|turn|3
|
|t:|1760308036
|switch|p1a: Great Tusk|Great Tusk|100/100
|-activate|p1a: Great Tusk|move: Sticky Web
|-unboost|p1a: Great Tusk|spe|1
|-enditem|p1a: Great Tusk|Booster Energy
|-activate|p1a: Great Tusk|ability: Protosynthesis|[fromitem]
|-start|p1a: Great Tusk|protosynthesisatk
|move|p2a: Smeargle|Trick Room|p2a: Smeargle
|-fieldstart|move: Trick Room|[of] p2a: Smeargle
|
|upkeep
|turn|4
|
|t:|1760308045
|move|p2a: Smeargle|Burning Bulwark|p2a: Smeargle
|-singleturn|p2a: Smeargle|move: Protect
|move|p1a: Great Tusk|Rapid Spin|p2a: Smeargle
|-activate|p2a: Smeargle|move: Protect
|-status|p1a: Great Tusk|brn
|
|-damage|p1a: Great Tusk|94/100 brn|[from] brn
|upkeep
|turn|5
|
|t:|1760308057
|move|p2a: Smeargle|Court Change|p2a: Smeargle
|-swapsideconditions
|-activate|p2a: Smeargle|move: Court Change
|move|p1a: Great Tusk|Rapid Spin|p2a: Smeargle
|-damage|p2a: Smeargle|77/100
|-boost|p1a: Great Tusk|spe|1
|
|-damage|p1a: Great Tusk|88/100 brn|[from] brn
|upkeep
|turn|6
|
|t:|1760308074
|move|p2a: Smeargle|Taunt|p1a: Great Tusk
|-start|p1a: Great Tusk|move: Taunt
|cant|p1a: Great Tusk|move: Taunt|Stealth Rock
|
|-damage|p1a: Great Tusk|82/100 brn|[from] brn
|upkeep
|turn|7
|
|t:|1760308083
|move|p2a: Smeargle|Burning Bulwark|p2a: Smeargle
|-singleturn|p2a: Smeargle|move: Protect
|move|p1a: Great Tusk|Headlong Rush|p2a: Smeargle
|-activate|p2a: Smeargle|move: Protect
|
|-damage|p1a: Great Tusk|76/100 brn|[from] brn
|-fieldend|move: Trick Room
|upkeep
|turn|8
|inactive|capitolg has 120 seconds left.
|
|t:|1760308117
|-end|p1a: Great Tusk|Protosynthesis|[silent]
|switch|p1a: Samurott|Samurott-Hisui, F|100/100
|move|p2a: Smeargle|Trick Room|p2a: Smeargle
|-fieldstart|move: Trick Room|[of] p2a: Smeargle
|
|upkeep
|turn|9
|
|t:|1760308134
|move|p2a: Smeargle|Burning Bulwark|p2a: Smeargle
|-singleturn|p2a: Smeargle|move: Protect
|move|p1a: Samurott|Ceaseless Edge|p2a: Smeargle
|-activate|p2a: Smeargle|move: Protect
|-status|p1a: Samurott|brn
|
|-damage|p1a: Samurott|95/100 brn|[from] brn
|upkeep
|turn|10
|inactive|capitolg has 120 seconds left.
|
|t:|1760308168
|switch|p2a: Trevenant|Trevenant, F|100/100
|-activate|p2a: Trevenant|move: Sticky Web
|-unboost|p2a: Trevenant|spe|1
|move|p1a: Samurott|Sacred Sword|p2a: Trevenant
|-immune|p2a: Trevenant
|
|-damage|p1a: Samurott|89/100 brn|[from] brn
|upkeep
|turn|11
|
|t:|1760308177
|move|p2a: Trevenant|Drain Punch|p1a: Samurott
|-supereffective|p1a: Samurott
|-damage|p1a: Samurott|33/100 brn
|move|p1a: Samurott|Ceaseless Edge|p2a: Trevenant
|-supereffective|p2a: Trevenant
|-damage|p2a: Trevenant|58/100
|-enditem|p2a: Trevenant|Weakness Policy
|-boost|p2a: Trevenant|atk|2|[from] item: Weakness Policy
|-boost|p2a: Trevenant|spa|2|[from] item: Weakness Policy
|-sidestart|p2: capitolg|Spikes
|
|-damage|p1a: Samurott|27/100 brn|[from] brn
|upkeep
|turn|12
|
|t:|1760308194
|switch|p1a: Gholdengo|Gholdengo|100/100
|move|p2a: Trevenant|Earthquake|p1a: Gholdengo
|-supereffective|p1a: Gholdengo
|-damage|p1a: Gholdengo|0 fnt
|faint|p1a: Gholdengo
|
|-fieldend|move: Trick Room
|upkeep
|-message|akf123456789 forfeited.
|
|win|capitolg
|raw|akf123456789's rating: 1198 &rarr; <strong>1173</strong><br />(-25 for losing)
|raw|capitolg's rating: 1198 &rarr; <strong>1223</strong><br />(+25 for winning)
|l|☆akf123456789
|player|p1|
|l|☆capitolg
|player|p2|
