|j|☆Herris456
|j|☆Xerneas2
|t:|1760330463
|gametype|singles
|player|p1|Herris456|pryce|1607
|player|p2|Xerneas2|101|1627
|gen|9
|tier|[Gen 9] OU
|rated|
|rule|HP Percentage Mod: HP is shown in percentages
|rule|Endless Battle Clause: Forcing endless battles is banned
|rule|Species Clause: Limit one of each Pokémon
|rule|OHKO Clause: OHKO moves are banned
|rule|Evasion Items Clause: Evasion items are banned
|rule|Evasion Moves Clause: Evasion moves are banned
|rule|Evasion Abilities Clause: Evasion abilities are banned
|rule|Sleep Moves Clause: Sleep-inducing moves are banned
|clearpoke
|poke|p1|Kyurem|
|poke|p1|Slowking-Galar, F|
|poke|p1|Cinderace, M|
|poke|p1|Ting-Lu|
|poke|p1|Corviknight, M|
|poke|p1|Dragapult, M|
|poke|p2|Blissey, F|
|poke|p2|Darkrai|
|poke|p2|Dachsbun, F|
|poke|p2|Dragapult, M|
|poke|p2|Gliscor, M|
|poke|p2|Kingambit, M|
|teampreview
|
|t:|1760330496
|teamsize|p1|6
|teamsize|p2|6
|start
|switch|p1a: Slowking|Slowking-Galar, F, shiny|100/100
|switch|p2a: Darkrai|Darkrai|100/100
|turn|1
|
|t:|1760330501
|move|p2a: Darkrai|Dark Pulse|p1a: Slowking
|-supereffective|p1a: Slowking
|-damage|p1a: Slowking|28/100
|move|p1a: Slowking|Thunder Wave|p2a: Darkrai
|-status|p2a: Darkrai|par
|
|upkeep
|turn|2
|
|t:|1760330509
|switch|p1a: Ting-Lu|Ting-Lu|100/100
|-ability|p1a: Ting-Lu|Vessel of Ruin
|move|p2a: Darkrai|Dark Pulse|p1a: Ting-Lu
|-resisted|p1a: Ting-Lu
|-damage|p1a: Ting-Lu|82/100
|
|-heal|p1a: Ting-Lu|88/100|[from] item: Leftovers
|upkeep
|turn|3
|j| Supa Dupa Hoopa
|
|t:|1760330519
|switch|p2a: Gliscor|Gliscor, M|100/100
|move|p1a: Ting-Lu|Ruination|p2a: Gliscor
|-damage|p2a: Gliscor|50/100
|
|-heal|p1a: Ting-Lu|94/100|[from] item: Leftovers
|-status|p2a: Gliscor|tox|[from] item: Toxic Orb
|upkeep
|turn|4
|
|t:|1760330531
|switch|p1a: Slowking|Slowking-Galar, F, shiny|62/100
|move|p2a: Gliscor|Spikes|p1a: Slowking
|-sidestart|p1: Herris456|Spikes
|
|-heal|p2a: Gliscor|63/100 tox|[from] ability: Poison Heal
|upkeep
|turn|5
|
|t:|1760330538
|move|p2a: Gliscor|Earthquake|p1a: Slowking
|-supereffective|p1a: Slowking
|-damage|p1a: Slowking|0 fnt
|faint|p1a: Slowking
|
|-heal|p2a: Gliscor|75/100 tox|[from] ability: Poison Heal
|upkeep
|
|t:|1760330542
|switch|p1a: Kyurem|Kyurem|100/100
|-damage|p1a: Kyurem|88/100|[from] Spikes
|-ability|p1a: Kyurem|Pressure
|turn|6
|
|t:|1760330546
|move|p2a: Gliscor|Protect|p2a: Gliscor
|-singleturn|p2a: Gliscor|Protect
|move|p1a: Kyurem|Blizzard|p2a: Gliscor
|-activate|p2a: Gliscor|move: Protect
|
|-heal|p2a: Gliscor|88/100 tox|[from] ability: Poison Heal
|upkeep
|turn|7
|
|t:|1760330549
|switch|p2a: Blissey|Blissey, F|100/100
|move|p1a: Kyurem|Blizzard|p2a: Blissey
|-damage|p2a: Blissey|63/100
|
|upkeep
|turn|8
|
|t:|1760330559
|move|p1a: Kyurem|Blizzard|p2a: Blissey
|-damage|p2a: Blissey|28/100
|move|p2a: Blissey|Stealth Rock|p1a: Kyurem
|-sidestart|p1: Herris456|move: Stealth Rock
|
|upkeep
|turn|9
|
|t:|1760330564
|move|p1a: Kyurem|Blizzard|p2a: Blissey
|-damage|p2a: Blissey|0 fnt
|faint|p2a: Blissey
|
|upkeep
|
|t:|1760330566
|switch|p2a: Dragapult|Dragapult, M|100/100
|turn|10
|
|t:|1760330571
|-terastallize|p1a: Kyurem|Ground
|move|p2a: Dragapult|Dragon Darts|p1a: Kyurem
|-damage|p1a: Kyurem|66/100
|-anim|p2a: Dragapult|Dragon Darts|p1a: Kyurem
|-damage|p1a: Kyurem|43/100
|move|p1a: Kyurem|Blizzard|p2a: Dragapult
|-supereffective|p2a: Dragapult
|-damage|p2a: Dragapult|0 fnt
|faint|p2a: Dragapult
|
|upkeep
|
|t:|1760330587
|switch|p2a: Kingambit|Kingambit, M|100/100
|-activate|p2a: Kingambit|ability: Supreme Overlord
|-start|p2a: Kingambit|fallen2|[silent]
|turn|11
|
|t:|1760330593
|switch|p1a: Corviknight|Corviknight, M|100/100
|-damage|p1a: Corviknight|88/100|[from] Stealth Rock
|-ability|p1a: Corviknight|Pressure
|move|p2a: Kingambit|Sucker Punch||[still]
|-fail|p2a: Kingambit
|
|upkeep
|turn|12
|
|t:|1760330601
|-end|p2a: Kingambit|fallen2|[silent]
|switch|p2a: Darkrai|Darkrai|100/100 par
|move|p1a: Corviknight|Defog|p2a: Darkrai
|-unboost|p2a: Darkrai|evasion|1
|-sideend|p1: Herris456|Spikes|[from] move: Defog|[of] p1a: Corviknight
|-sideend|p1: Herris456|Stealth Rock|[from] move: Defog|[of] p1a: Corviknight
|
|upkeep
|turn|13
|l| Supa Dupa Hoopa
|
|t:|1760330611
|move|p2a: Darkrai|Ice Beam|p1a: Corviknight
|-damage|p1a: Corviknight|40/100
|move|p1a: Corviknight|U-turn|p2a: Darkrai
|-supereffective|p2a: Darkrai
|-damage|p2a: Darkrai|63/100 par
|
|t:|1760330617
|switch|p1a: Ting-Lu|Ting-Lu|94/100|[from] U-turn
|-ability|p1a: Ting-Lu|Vessel of Ruin
|
|-heal|p1a: Ting-Lu|100/100|[from] item: Leftovers
|upkeep
|turn|14
|
|t:|1760330619
|move|p2a: Darkrai|Ice Beam|p1a: Ting-Lu
|-supereffective|p1a: Ting-Lu
|-crit|p1a: Ting-Lu
|-damage|p1a: Ting-Lu|22/100
|move|p1a: Ting-Lu|Earthquake|p2a: Darkrai
|-damage|p2a: Darkrai|15/100 par
|
|-heal|p1a: Ting-Lu|28/100|[from] item: Leftovers
|upkeep
|turn|15
|
|t:|1760330626
|switch|p1a: Cinderace|Cinderace, M|100/100
|cant|p2a: Darkrai|par
|
|upkeep
|turn|16
|
|t:|1760330632
|switch|p2a: Dachsbun|Dachsbun, F|100/100
|move|p1a: Cinderace|U-turn|p2a: Dachsbun
|-resisted|p2a: Dachsbun
|-damage|p2a: Dachsbun|94/100
|
|t:|1760330638
|switch|p1a: Corviknight|Corviknight, M|40/100|[from] U-turn
|-ability|p1a: Corviknight|Pressure
|
|upkeep
|turn|17
|
|t:|1760330655
|move|p2a: Dachsbun|Wish|p2a: Dachsbun
|move|p1a: Corviknight|Roost|p1a: Corviknight
|-heal|p1a: Corviknight|90/100
|-singleturn|p1a: Corviknight|move: Roost
|
|upkeep
|turn|18
|
|t:|1760330662
|move|p2a: Dachsbun|Body Press|p1a: Corviknight
|-damage|p1a: Corviknight|74/100
|-damage|p2a: Dachsbun|78/100|[from] item: Rocky Helmet|[of] p1a: Corviknight
|move|p1a: Corviknight|U-turn|p2a: Dachsbun
|-resisted|p2a: Dachsbun
|-damage|p2a: Dachsbun|73/100
|
|t:|1760330676
|switch|p1a: Kyurem|Kyurem, tera:Ground|43/100|[from] U-turn
|-ability|p1a: Kyurem|Pressure
|
|-heal|p2a: Dachsbun|100/100|[from] move: Wish|[wisher] Dachsbun
|upkeep
|turn|19
|
|t:|1760330683
|move|p1a: Kyurem|Blizzard|p2a: Dachsbun
|-crit|p2a: Dachsbun
|-damage|p2a: Dachsbun|0 fnt
|faint|p2a: Dachsbun
|
|upkeep
|
|t:|1760330687
|switch|p2a: Kingambit|Kingambit, M|100/100
|-activate|p2a: Kingambit|ability: Supreme Overlord
|-start|p2a: Kingambit|fallen3|[silent]
|turn|20
|
|t:|1760330693
|switch|p1a: Corviknight|Corviknight, M|74/100
|-ability|p1a: Corviknight|Pressure
|move|p2a: Kingambit|Swords Dance|p2a: Kingambit
|-boost|p2a: Kingambit|atk|2
|
|upkeep
|turn|21
|
|t:|1760330713
|-terastallize|p2a: Kingambit|Flying
|move|p1a: Corviknight|Body Press|p2a: Kingambit
|-resisted|p2a: Kingambit
|-damage|p2a: Kingambit|91/100
|move|p2a: Kingambit|Swords Dance|p2a: Kingambit
|-boost|p2a: Kingambit|atk|2
|
|-heal|p2a: Kingambit|98/100|[from] item: Leftovers
|upkeep
|turn|22
|
|t:|1760330735
|move|p1a: Corviknight|U-turn|p2a: Kingambit
|-resisted|p2a: Kingambit
|-damage|p2a: Kingambit|92/100
|
|t:|1760330742
|switch|p1a: Ting-Lu|Ting-Lu|28/100|[from] U-turn
|-ability|p1a: Ting-Lu|Vessel of Ruin
|move|p2a: Kingambit|Low Kick|p1a: Ting-Lu
|-supereffective|p1a: Ting-Lu
|-damage|p1a: Ting-Lu|0 fnt
|faint|p1a: Ting-Lu
|
|-heal|p2a: Kingambit|98/100|[from] item: Leftovers
|upkeep
|
|t:|1760330761
|switch|p1a: Cinderace|Cinderace, M|100/100
|turn|23
|
|t:|1760330767
|move|p1a: Cinderace|Sucker Punch|p2a: Kingambit
|-damage|p2a: Kingambit|85/100
|move|p2a: Kingambit|Sucker Punch||[still]
|-fail|p2a: Kingambit
|
|-heal|p2a: Kingambit|91/100|[from] item: Leftovers
|upkeep
|turn|24
|
|t:|1760330775
|move|p1a: Cinderace|Pyro Ball|p2a: Kingambit
|-damage|p2a: Kingambit|59/100
|move|p2a: Kingambit|Iron Head|p1a: Cinderace
|-resisted|p1a: Cinderace
|-damage|p1a: Cinderace|0 fnt
|faint|p1a: Cinderace
|
|-heal|p2a: Kingambit|65/100|[from] item: Leftovers
|upkeep
|
|t:|1760330787
|switch|p1a: Dragapult|Dragapult, M|100/100
|turn|25
|
|t:|1760330791
|move|p2a: Kingambit|Sucker Punch|p1a: Dragapult
|-supereffective|p1a: Dragapult
|-damage|p1a: Dragapult|0 fnt
|faint|p1a: Dragapult
|
|-heal|p2a: Kingambit|71/100|[from] item: Leftovers
|upkeep
|
|t:|1760330793
|switch|p1a: Corviknight|Corviknight, M|74/100
|-ability|p1a: Corviknight|Pressure
|turn|26
|-message|Herris456 forfeited.
|
|win|Xerneas2
|raw|Herris456's rating: 1607 &rarr; <strong>1588</strong><br />(-19 for losing)
|raw|Xerneas2's rating: 1627 &rarr; <strong>1646</strong><br />(+19 for winning)
|l|☆Herris456
|player|p1|
|l|☆Xerneas2
|player|p2|
