|j|☆Anna Komnenos
|j|☆Apparatal
|t:|1760461891
|gametype|singles
|player|p1|Anna Komnenos|lady|1199
|player|p2|Apparatal|gambler|1154
|gen|9
|tier|[Gen 9] OU
|rated|
|rule|HP Percentage Mod: HP is shown in percentages
|rule|Endless Battle Clause: Forcing endless battles is banned
|rule|Species Clause: Limit one of each Pokémon
|rule|OHKO Clause: OHKO moves are banned
|rule|Evasion Items Clause: Evasion items are banned
|rule|Evasion Moves Clause: Evasion moves are banned
|rule|Evasion Abilities Clause: Evasion abilities are banned
|rule|Sleep Moves Clause: Sleep-inducing moves are banned
|clearpoke
|poke|p1|Ninetales-Alola, F|
|poke|p1|Mamoswine, F|
|poke|p1|Lapras, F|
|poke|p1|Froslass, F|
|poke|p1|Weavile, F|
|poke|p1|Dewgong, F|
|poke|p2|Tyranitar, F|
|poke|p2|Leavanny, F|
|poke|p2|Landorus-Therian, M|
|poke|p2|Excadrill, M|
|poke|p2|Tatsugiri, M|
|poke|p2|Dragapult, F|
|teampreview
|
|t:|1760461901
|teamsize|p1|6
|teamsize|p2|6
|start
|switch|p1a: Ninetales|Ninetales-Alola, F|100/100
|switch|p2a: Dragapult|Dragapult, F|100/100
|-weather|Snowscape|[from] ability: Snow Warning|[of] p1a: Ninetales
|turn|1
|
|t:|1760461920
|switch|p2a: Tyranitar|Tyranitar, F|100/100
|-weather|Sandstorm|[from] ability: Sand Stream|[of] p2a: Tyranitar
|move|p1a: Ninetales|Blizzard|p2a: Tyranitar|[miss]
|-miss|p1a: Ninetales|p2a: Tyranitar
|
|-weather|Sandstorm|[upkeep]
|-damage|p1a: Ninetales|95/100|[from] Sandstorm
|upkeep
|turn|2
|
|t:|1760461929
|switch|p1a: Mamoswine|Mamoswine, F|100/100
|move|p2a: Tyranitar|Stealth Rock|p1a: Mamoswine
|-sidestart|p1: Anna Komnenos|move: Stealth Rock
|
|-weather|Sandstorm|[upkeep]
|upkeep
|turn|3
|
|t:|1760461936
|switch|p2a: Leavanny|Leavanny, F|100/100
|move|p1a: Mamoswine|Earthquake|p2a: Leavanny
|-resisted|p2a: Leavanny
|-damage|p2a: Leavanny|85/100
|
|-weather|Sandstorm|[upkeep]
|upkeep
|turn|4
|
|t:|1760461944
|move|p2a: Leavanny|Reflect|p2a: Leavanny
|-sidestart|p2: Apparatal|Reflect
|move|p1a: Mamoswine|Trailblaze|p2a: Leavanny
|-resisted|p2a: Leavanny
|-damage|p2a: Leavanny|82/100
|-boost|p1a: Mamoswine|spe|1
|
|-weather|Sandstorm|[upkeep]
|upkeep
|turn|5
|
|t:|1760461953
|move|p1a: Mamoswine|Icicle Crash|p2a: Leavanny
|-supereffective|p2a: Leavanny
|-damage|p2a: Leavanny|32/100
|move|p2a: Leavanny|Triple Axel|p1a: Mamoswine
|-damage|p1a: Mamoswine|97/100
|-damage|p1a: Mamoswine|92/100
|-damage|p1a: Mamoswine|83/100
|-hitcount|p1a: Mamoswine|3
|
|-weather|Sandstorm|[upkeep]
|upkeep
|turn|6
|
|t:|1760461963
|switch|p2a: Tatsugiri|Tatsugiri, M|100/100
|move|p1a: Mamoswine|Icicle Crash|p2a: Tatsugiri
|-damage|p2a: Tatsugiri|61/100
|
|-weather|Sandstorm|[upkeep]
|-damage|p2a: Tatsugiri|55/100|[from] Sandstorm
|upkeep
|turn|7
|
|t:|1760461971
|move|p1a: Mamoswine|Icicle Crash|p2a: Tatsugiri
|-damage|p2a: Tatsugiri|11/100
|move|p2a: Tatsugiri|Hydro Pump|p1a: Mamoswine
|-supereffective|p1a: Mamoswine
|-damage|p1a: Mamoswine|0 fnt
|faint|p1a: Mamoswine
|
|-weather|Sandstorm|[upkeep]
|-damage|p2a: Tatsugiri|4/100|[from] Sandstorm
|upkeep
|
|t:|1760461977
|switch|p1a: Ninetales|Ninetales-Alola, F|95/100
|-damage|p1a: Ninetales|70/100|[from] Stealth Rock
|-weather|Snowscape|[from] ability: Snow Warning|[of] p1a: Ninetales
|turn|8
|
|t:|1760461984
|switch|p2a: Tyranitar|Tyranitar, F|100/100
|-weather|Sandstorm|[from] ability: Sand Stream|[of] p2a: Tyranitar
|move|p1a: Ninetales|Moonblast|p2a: Tyranitar
|-supereffective|p2a: Tyranitar
|-damage|p2a: Tyranitar|69/100
|
|-weather|Sandstorm|[upkeep]
|-damage|p1a: Ninetales|64/100|[from] Sandstorm
|upkeep
|turn|9
|
|t:|1760461996
|switch|p2a: Excadrill|Excadrill, M|100/100
|move|p1a: Ninetales|Moonblast|p2a: Excadrill
|-resisted|p2a: Excadrill
|-damage|p2a: Excadrill|74/100
|-unboost|p2a: Excadrill|spa|1
|
|-weather|Sandstorm|[upkeep]
|-damage|p1a: Ninetales|58/100|[from] Sandstorm
|upkeep
|turn|10
|
|t:|1760462008
|switch|p1a: Lapras|Lapras, F|100/100
|-damage|p1a: Lapras|75/100|[from] Stealth Rock
|move|p2a: Excadrill|Iron Head|p1a: Lapras
|-damage|p1a: Lapras|37/100
|
|-weather|Sandstorm|[upkeep]
|-damage|p1a: Lapras|31/100|[from] Sandstorm
|-heal|p1a: Lapras|37/100|[from] item: Leftovers
|upkeep
|turn|11
|
|t:|1760462018
|move|p2a: Excadrill|Iron Head|p1a: Lapras
|-damage|p1a: Lapras|0 fnt
|faint|p1a: Lapras
|
|-weather|Sandstorm|[upkeep]
|-sideend|p2: Apparatal|Reflect
|upkeep
|
|t:|1760462020
|switch|p1a: Ninetales|Ninetales-Alola, F|58/100
|-damage|p1a: Ninetales|33/100|[from] Stealth Rock
|-weather|Snowscape|[from] ability: Snow Warning|[of] p1a: Ninetales
|turn|12
|
|t:|1760462028
|switch|p2a: Tyranitar|Tyranitar, F|69/100
|-weather|Sandstorm|[from] ability: Sand Stream|[of] p2a: Tyranitar
|move|p1a: Ninetales|Aurora Veil||[still]
|-fail|p1a: Ninetales
|
|-weather|Sandstorm|[upkeep]
|-damage|p1a: Ninetales|27/100|[from] Sandstorm
|upkeep
|turn|13
|
|t:|1760462038
|switch|p2a: Tatsugiri|Tatsugiri, M|4/100
|move|p1a: Ninetales|Moonblast|p2a: Tatsugiri
|-supereffective|p2a: Tatsugiri
|-damage|p2a: Tatsugiri|0 fnt
|faint|p2a: Tatsugiri
|
|-weather|Sandstorm|[upkeep]
|-damage|p1a: Ninetales|21/100|[from] Sandstorm
|upkeep
|
|t:|1760462063
|switch|p2a: Leavanny|Leavanny, F|32/100
|turn|14
|inactive|Battle timer is ON: inactive players will automatically lose when time's up. (requested by Apparatal)
|
|t:|1760462100
|move|p1a: Ninetales|Moonblast|p2a: Leavanny
|-damage|p2a: Leavanny|0 fnt
|faint|p2a: Leavanny
|
|-weather|Sandstorm|[upkeep]
|-damage|p1a: Ninetales|15/100|[from] Sandstorm
|upkeep
|
|t:|1760462112
|switch|p2a: Excadrill|Excadrill, M|74/100
|turn|15
|
|t:|1760462121
|move|p2a: Excadrill|Iron Head|p1a: Ninetales
|-supereffective|p1a: Ninetales
|-damage|p1a: Ninetales|0 fnt
|faint|p1a: Ninetales
|
|-weather|Sandstorm|[upkeep]
|upkeep
|
|t:|1760462125
|switch|p1a: Weavile|Weavile, F|100/100
|-ability|p1a: Weavile|Pressure
|turn|16
|
|t:|1760462141
|switch|p2a: Dragapult|Dragapult, F|100/100
|-terastallize|p1a: Weavile|Dark
|move|p1a: Weavile|Knock Off|p2a: Dragapult
|-supereffective|p2a: Dragapult
|-damage|p2a: Dragapult|0 fnt
|-enditem|p2a: Dragapult|Eject Pack|[from] move: Knock Off|[of] p1a: Weavile
|faint|p2a: Dragapult
|
|-weather|Sandstorm|[upkeep]
|-damage|p1a: Weavile|94/100|[from] Sandstorm
|upkeep
|
|t:|1760462153
|switch|p2a: Landorus|Landorus-Therian, M|100/100
|-ability|p2a: Landorus|Intimidate|boost
|-unboost|p1a: Weavile|atk|1
|turn|17
|
|t:|1760462159
|-terastallize|p2a: Landorus|Rock
|move|p1a: Weavile|Swords Dance|p1a: Weavile
|-boost|p1a: Weavile|atk|2
|move|p2a: Landorus|Bulk Up|p2a: Landorus
|-boost|p2a: Landorus|atk|1
|-boost|p2a: Landorus|def|1
|
|-weather|Sandstorm|[upkeep]
|-damage|p1a: Weavile|88/100|[from] Sandstorm
|upkeep
|turn|18
|
|t:|1760462168
|move|p1a: Weavile|Knock Off|p2a: Landorus
|-damage|p2a: Landorus|52/100
|-damage|p1a: Weavile|72/100|[from] item: Rocky Helmet|[of] p2a: Landorus
|-enditem|p2a: Landorus|Rocky Helmet|[from] move: Knock Off|[of] p1a: Weavile
|move|p2a: Landorus|Earthquake|p1a: Weavile
|-damage|p1a: Weavile|0 fnt
|faint|p1a: Weavile
|
|-weather|Sandstorm|[upkeep]
|upkeep
|
|t:|1760462171
|switch|p1a: Froslass|Froslass, F|100/100
|-damage|p1a: Froslass|76/100|[from] Stealth Rock
|turn|19
|
|t:|1760462181
|move|p1a: Froslass|Destiny Bond|p1a: Froslass
|-singlemove|p1a: Froslass|Destiny Bond
|move|p2a: Landorus|Earthquake|p1a: Froslass
|-damage|p1a: Froslass|0 fnt
|faint|p1a: Froslass
|-activate|p1a: Froslass|move: Destiny Bond
|faint|p2a: Landorus
|
|-weather|none
|upkeep
|
|t:|1760462190
|switch|p1a: Dewgong|Dewgong, F|100/100
|switch|p2a: Tyranitar|Tyranitar, F|69/100
|-damage|p1a: Dewgong|75/100|[from] Stealth Rock
|-weather|Sandstorm|[from] ability: Sand Stream|[of] p2a: Tyranitar
|turn|20
|
|t:|1760462197
|move|p1a: Dewgong|Curse|p1a: Dewgong
|-unboost|p1a: Dewgong|spe|1
|-boost|p1a: Dewgong|atk|1
|-boost|p1a: Dewgong|def|1
|move|p2a: Tyranitar|Thunder Wave|p1a: Dewgong
|-status|p1a: Dewgong|par
|
|-weather|Sandstorm|[upkeep]
|-damage|p1a: Dewgong|69/100 par|[from] Sandstorm
|-heal|p1a: Dewgong|75/100 par|[from] item: Leftovers
|upkeep
|turn|21
|
|t:|1760462207
|move|p2a: Tyranitar|Knock Off|p1a: Dewgong
|-crit|p1a: Dewgong
|-damage|p1a: Dewgong|5/100 par
|-enditem|p1a: Dewgong|Leftovers|[from] move: Knock Off|[of] p2a: Tyranitar
|move|p1a: Dewgong|Curse|p1a: Dewgong
|-unboost|p1a: Dewgong|spe|1
|-boost|p1a: Dewgong|atk|1
|-boost|p1a: Dewgong|def|1
|
|-weather|Sandstorm|[upkeep]
|-damage|p1a: Dewgong|0 fnt|[from] Sandstorm
|faint|p1a: Dewgong
|
|win|Apparatal
|raw|Anna Komnenos's rating: 1199 &rarr; <strong>1171</strong><br />(-28 for losing)
|raw|Apparatal's rating: 1154 &rarr; <strong>1182</strong><br />(+28 for winning)
|l|☆Anna Komnenos
|player|p1|
|l|☆Apparatal
|player|p2|
