|j|☆pxouzza
|j|☆CourtTre
|t:|1760443536
|gametype|singles
|player|p1|pxouzza|wallace|1394
|player|p2|CourtTre|clair|1354
|gen|9
|tier|[Gen 9] OU
|rated|
|rule|HP Percentage Mod: HP is shown in percentages
|rule|Endless Battle Clause: Forcing endless battles is banned
|rule|Species Clause: Limit one of each Pokémon
|rule|OHKO Clause: OHKO moves are banned
|rule|Evasion Items Clause: Evasion items are banned
|rule|Evasion Moves Clause: Evasion moves are banned
|rule|Evasion Abilities Clause: Evasion abilities are banned
|rule|Sleep Moves Clause: Sleep-inducing moves are banned
|clearpoke
|poke|p1|Cryogonal|
|poke|p1|Slowking-Galar, M|
|poke|p1|Landorus-Therian, M|
|poke|p1|Tornadus-Therian, M|
|poke|p1|Clefable, M|
|poke|p1|Darkrai|
|poke|p2|Rillaboom, M|
|poke|p2|Primarina, M|
|poke|p2|Cinderace, M|
|poke|p2|Polteageist|
|poke|p2|Maushold-Four|
|poke|p2|Cloyster, F|
|teampreview
|inactive|Battle timer is ON: inactive players will automatically lose when time's up. (requested by pxouzza)
|
|t:|1760443557
|teamsize|p1|6
|teamsize|p2|6
|start
|switch|p1a: Clefable|Clefable, M|100/100
|switch|p2a: Polteageist|Polteageist, shiny|100/100
|turn|1
|
|t:|1760443571
|move|p2a: Polteageist|Shell Smash|p2a: Polteageist
|-unboost|p2a: Polteageist|def|1
|-unboost|p2a: Polteageist|spd|1
|-boost|p2a: Polteageist|atk|2
|-boost|p2a: Polteageist|spa|2
|-boost|p2a: Polteageist|spe|2
|move|p1a: Clefable|Thunder Wave|p2a: Polteageist
|-status|p2a: Polteageist|par
|
|upkeep
|turn|2
|
|t:|1760443577
|move|p2a: Polteageist|Shell Smash|p2a: Polteageist
|-unboost|p2a: Polteageist|def|1
|-unboost|p2a: Polteageist|spd|1
|-boost|p2a: Polteageist|atk|2
|-boost|p2a: Polteageist|spa|2
|-boost|p2a: Polteageist|spe|2
|move|p1a: Clefable|Stealth Rock|p2a: Polteageist
|-sidestart|p2: CourtTre|move: Stealth Rock
|
|upkeep
|turn|3
|
|t:|1760443582
|cant|p2a: Polteageist|par
|move|p1a: Clefable|Moonblast|p2a: Polteageist
|-damage|p2a: Polteageist|23/100 par
|
|upkeep
|turn|4
|
|t:|1760443587
|cant|p2a: Polteageist|par
|move|p1a: Clefable|Moonblast|p2a: Polteageist
|-damage|p2a: Polteageist|0 fnt
|faint|p2a: Polteageist
|
|upkeep
|
|t:|1760443594
|switch|p2a: Cinderace|Cinderace, M|100/100
|turn|5
|
|t:|1760443617
|move|p2a: Cinderace|Court Change|p2a: Cinderace
|-start|p2a: Cinderace|typechange|Normal|[from] ability: Libero
|-swapsideconditions
|-activate|p2a: Cinderace|move: Court Change
|move|p1a: Clefable|Stealth Rock|p2a: Cinderace
|-sidestart|p2: CourtTre|move: Stealth Rock
|
|upkeep
|turn|6
|
|t:|1760443625
|move|p2a: Cinderace|Pyro Ball|p1a: Clefable
|-damage|p1a: Clefable|73/100
|move|p1a: Clefable|Thunder Wave|p2a: Cinderace
|-status|p2a: Cinderace|par
|
|-heal|p1a: Clefable|79/100|[from] item: Leftovers
|upkeep
|turn|7
|
|t:|1760443630
|switch|p1a: Slowking|Slowking-Galar, M|100/100
|move|p2a: Cinderace|U-turn|p1a: Slowking
|-damage|p1a: Slowking|79/100
|
|t:|1760443639
|switch|p2a: Maushold|Maushold-Four|100/100|[from] U-turn
|-damage|p2a: Maushold|88/100|[from] Stealth Rock
|
|upkeep
|turn|8
|
|t:|1760443644
|move|p2a: Maushold|Tidy Up|p2a: Maushold
|-sideend|p2: CourtTre|Stealth Rock
|-sideend|p1: pxouzza|Stealth Rock
|-activate|p2a: Maushold|move: Tidy Up
|-boost|p2a: Maushold|atk|1
|-boost|p2a: Maushold|spe|1
|move|p1a: Slowking|Thunder Wave|p2a: Maushold|[miss]
|-miss|p1a: Slowking|p2a: Maushold
|
|upkeep
|turn|9
|
|t:|1760443653
|move|p2a: Maushold|Population Bomb|p1a: Slowking
|-damage|p1a: Slowking|62/100
|-damage|p1a: Slowking|46/100
|-damage|p1a: Slowking|28/100
|-damage|p1a: Slowking|9/100
|-damage|p1a: Slowking|0 fnt
|faint|p1a: Slowking
|-hitcount|p1: Slowking|5
|
|upkeep
|
|t:|1760443674
|switch|p1a: Landorus|Landorus-Therian, M|100/100
|-ability|p1a: Landorus|Intimidate|boost
|-unboost|p2a: Maushold|atk|1
|turn|10
|
|t:|1760443684
|move|p2a: Maushold|Tidy Up|p2a: Maushold
|-boost|p2a: Maushold|atk|1
|-boost|p2a: Maushold|spe|1
|move|p1a: Landorus|Earthquake|p2a: Maushold
|-damage|p2a: Maushold|5/100
|
|upkeep
|turn|11
|
|t:|1760443691
|move|p2a: Maushold|Population Bomb|p1a: Landorus
|-damage|p1a: Landorus|80/100
|-damage|p1a: Landorus|62/100
|-damage|p1a: Landorus|43/100
|-damage|p1a: Landorus|24/100
|-damage|p1a: Landorus|4/100
|-damage|p1a: Landorus|0 fnt
|faint|p1a: Landorus
|-hitcount|p1: Landorus|6
|
|upkeep
|-message|pxouzza forfeited.
|
|win|CourtTre
|raw|pxouzza's rating: 1394 &rarr; <strong>1372</strong><br />(-22 for losing)
|raw|CourtTre's rating: 1354 &rarr; <strong>1376</strong><br />(+22 for winning)
|l|☆pxouzza
|player|p1|
|l|☆CourtTre
|player|p2|
