|j|☆Pipepize
|j|☆Manbaby319
|t:|1760331646
|gametype|singles
|player|p1|Pipepize|sabrina|1096
|player|p2|Manbaby319|marlon|1160
|gen|9
|tier|[Gen 9] OU
|rated|
|rule|HP Percentage Mod: HP is shown in percentages
|rule|Endless Battle Clause: Forcing endless battles is banned
|rule|Species Clause: Limit one of each Pokémon
|rule|OHKO Clause: OHKO moves are banned
|rule|Evasion Items Clause: Evasion items are banned
|rule|Evasion Moves Clause: Evasion moves are banned
|rule|Evasion Abilities Clause: Evasion abilities are banned
|rule|Sleep Moves Clause: Sleep-inducing moves are banned
|clearpoke
|poke|p1|Arbok, M|
|poke|p1|Vaporeon, F|
|poke|p1|Charizard, F|
|poke|p1|Gengar, M|
|poke|p1|Magnezone|
|poke|p1|Blissey, F|
|poke|p2|Wo-Chien|
|poke|p2|Great Tusk|
|poke|p2|Dragonite, M|
|poke|p2|Frosmoth, F|
|poke|p2|Rotom-Heat|
|poke|p2|Alomomola, M|
|teampreview
|
|t:|1760331660
|teamsize|p1|6
|teamsize|p2|6
|start
|switch|p1a: Blissey|Blissey, F|100/100
|switch|p2a: Rotom|Rotom-Heat, shiny|100/100
|turn|1
|
|t:|1760331667
|move|p2a: Rotom|Will-O-Wisp|p1a: Blissey|[miss]
|-miss|p2a: Rotom|p1a: Blissey
|move|p1a: Blissey|Stealth Rock|p2a: Rotom
|-sidestart|p2: Manbaby319|move: Stealth Rock
|
|upkeep
|turn|2
|
|t:|1760331676
|move|p2a: Rotom|Volt Switch|p1a: Blissey
|-damage|p1a: Blissey|88/100
|-damage|p2a: Rotom|90/100|[from] item: Life Orb
|
|t:|1760331685
|switch|p2a: Snail Trai|Wo-Chien, shiny|100/100|[from] Volt Switch
|-damage|p2a: Snail Trai|88/100|[from] Stealth Rock
|-ability|p2a: Snail Trai|Tablets of Ruin
|move|p1a: Blissey|Light Screen|p1a: Blissey
|-sidestart|p1: Pipepize|move: Light Screen
|
|-heal|p1a: Blissey|94/100|[from] item: Leftovers
|-heal|p2a: Snail Trai|94/100|[from] item: Leftovers
|upkeep
|turn|3
|
|t:|1760331700
|move|p1a: Blissey|Thunder Wave|p2a: Snail Trai
|-status|p2a: Snail Trai|par
|move|p2a: Snail Trai|Knock Off|p1a: Blissey
|-damage|p1a: Blissey|47/100
|-enditem|p1a: Blissey|Leftovers|[from] move: Knock Off|[of] p2a: Snail Trai
|
|-heal|p2a: Snail Trai|99/100 par|[from] item: Leftovers
|upkeep
|turn|4
|
|t:|1760331713
|switch|p1a: Charizard|Charizard, F|100/100
|move|p2a: Snail Trai|Leech Seed|p1a: Charizard
|-start|p1a: Charizard|move: Leech Seed
|
|-heal|p2a: Snail Trai|100/100 par|[from] item: Leftovers
|-damage|p1a: Charizard|88/100|[from] Leech Seed|[of] p2a: Snail Trai
|upkeep
|turn|5
|
|t:|1760331724
|-terastallize|p2a: Snail Trai|Water
|move|p1a: Charizard|Sunny Day|p1a: Charizard
|-weather|SunnyDay
|move|p2a: Snail Trai|Knock Off|p1a: Charizard
|-damage|p1a: Charizard|53/100
|-enditem|p1a: Charizard|Leftovers|[from] move: Knock Off|[of] p2a: Snail Trai
|
|-weather|SunnyDay|[upkeep]
|-damage|p1a: Charizard|40/100|[from] Leech Seed|[of] p2a: Snail Trai
|upkeep
|turn|6
|
|t:|1760331735
|move|p2a: Snail Trai|Protect|p2a: Snail Trai
|-singleturn|p2a: Snail Trai|Protect
|move|p1a: Charizard|Solar Beam||[still]
|-prepare|p1a: Charizard|Solar Beam
|-anim|p1a: Charizard|Solar Beam|p2a: Snail Trai
|-activate|p2a: Snail Trai|move: Protect
|
|-weather|SunnyDay|[upkeep]
|-damage|p1a: Charizard|28/100|[from] Leech Seed|[of] p2a: Snail Trai
|-sideend|p1: Pipepize|move: Light Screen
|upkeep
|turn|7
|
|t:|1760331748
|switch|p2a: Frosmoth|Frosmoth, F, shiny|100/100
|move|p1a: Charizard|Solar Beam||[still]
|-prepare|p1a: Charizard|Solar Beam
|-anim|p1a: Charizard|Solar Beam|p2a: Frosmoth
|-resisted|p2a: Frosmoth
|-damage|p2a: Frosmoth|92/100
|
|-weather|SunnyDay|[upkeep]
|-damage|p1a: Charizard|15/100|[from] Leech Seed|[of] p2a: Frosmoth
|-heal|p2a: Frosmoth|100/100|[silent]
|upkeep
|turn|8
|
|t:|1760331765
|move|p1a: Charizard|Fire Blast|p2a: Frosmoth
|-supereffective|p2a: Frosmoth
|-damage|p2a: Frosmoth|0 fnt
|faint|p2a: Frosmoth
|
|-weather|SunnyDay|[upkeep]
|upkeep
|
|t:|1760331771
|switch|p2a: Rotom|Rotom-Heat, shiny|90/100
|-damage|p2a: Rotom|65/100|[from] Stealth Rock
|turn|9
|
|t:|1760331779
|move|p2a: Rotom|Volt Switch|p1a: Charizard
|-supereffective|p1a: Charizard
|-damage|p1a: Charizard|0 fnt
|faint|p1a: Charizard
|-damage|p2a: Rotom|55/100|[from] item: Life Orb
|
|t:|1760331785
|switch|p2a: Alomomola|Alomomola, M|100/100|[from] Volt Switch
|-damage|p2a: Alomomola|88/100|[from] Stealth Rock
|
|-weather|none
|upkeep
|
|t:|1760331792
|switch|p1a: Magnezone|Magnezone|100/100
|turn|10
|
|t:|1760331808
|switch|p2a: Snail Trai|Wo-Chien, shiny, tera:Water|100/100 par
|-damage|p2a: Snail Trai|88/100 par|[from] Stealth Rock
|-ability|p2a: Snail Trai|Tablets of Ruin
|move|p1a: Magnezone|Lock-On|p2a: Snail Trai
|-activate|p1a: Magnezone|move: Lock-On|[of] p2a: Snail Trai
|
|-heal|p2a: Snail Trai|94/100 par|[from] item: Leftovers
|upkeep
|turn|11
|
|t:|1760331825
|move|p1a: Magnezone|Zap Cannon|p2a: Snail Trai
|-supereffective|p2a: Snail Trai
|-damage|p2a: Snail Trai|0 fnt
|faint|p2a: Snail Trai
|
|upkeep
|
|t:|1760331830
|switch|p2a: Thiccums|Great Tusk|100/100
|-damage|p2a: Thiccums|98/100|[from] Stealth Rock
|turn|12
|
|t:|1760331844
|switch|p1a: Gengar|Gengar, M|100/100
|move|p2a: Thiccums|Headlong Rush|p1a: Gengar
|-supereffective|p1a: Gengar
|-damage|p1a: Gengar|0 fnt
|-unboost|p2a: Thiccums|def|1
|-unboost|p2a: Thiccums|spd|1
|faint|p1a: Gengar
|
|upkeep
|
|t:|1760331853
|switch|p1a: Vaporeon|Vaporeon, F|100/100
|turn|13
|
|t:|1760331866
|-end|p2a: Thiccums|Protosynthesis|[silent]
|switch|p2a: Rotom|Rotom-Heat, shiny|55/100
|-damage|p2a: Rotom|30/100|[from] Stealth Rock
|move|p1a: Vaporeon|Surf|p2a: Rotom
|-supereffective|p2a: Rotom
|-damage|p2a: Rotom|0 fnt
|faint|p2a: Rotom
|
|upkeep
|
|t:|1760331878
|switch|p2a: Thiccums|Great Tusk|98/100
|-damage|p2a: Thiccums|95/100|[from] Stealth Rock
|turn|14
|
|t:|1760331884
|move|p2a: Thiccums|Supercell Slam|p1a: Vaporeon
|-supereffective|p1a: Vaporeon
|-damage|p1a: Vaporeon|9/100
|move|p1a: Vaporeon|Surf|p2a: Thiccums
|-supereffective|p2a: Thiccums
|-damage|p2a: Thiccums|0 fnt
|faint|p2a: Thiccums
|-end|p2a: Thiccums|Protosynthesis|[silent]
|
|-heal|p1a: Vaporeon|15/100|[from] item: Leftovers
|upkeep
|
|t:|1760331887
|switch|p2a: Alomomola|Alomomola, M|100/100
|-damage|p2a: Alomomola|88/100|[from] Stealth Rock
|turn|15
|
|t:|1760331898
|switch|p2a: Dragonite|Dragonite, M, shiny|100/100
|-damage|p2a: Dragonite|76/100|[from] Stealth Rock
|move|p1a: Vaporeon|Alluring Voice|p2a: Dragonite
|-supereffective|p2a: Dragonite
|-damage|p2a: Dragonite|43/100
|
|-heal|p1a: Vaporeon|21/100|[from] item: Leftovers
|upkeep
|turn|16
|
|t:|1760331907
|move|p1a: Vaporeon|Ice Beam|p2a: Dragonite
|-supereffective|p2a: Dragonite
|-damage|p2a: Dragonite|0 fnt
|faint|p2a: Dragonite
|
|-heal|p1a: Vaporeon|27/100|[from] item: Leftovers
|upkeep
|-message|Manbaby319 forfeited.
|
|win|Pipepize
|raw|Pipepize's rating: 1096 &rarr; <strong>1126</strong><br />(+30 for winning)
|raw|Manbaby319's rating: 1160 &rarr; <strong>1130</strong><br />(-30 for losing)
|l|☆Manbaby319
|player|p2|
|l|☆Pipepize
|player|p1|
