|j|☆yeahamrin
|j|☆sakhan
|t:|1760391639
|gametype|singles
|player|p1|yeahamrin|swimmerf-gen4|1334
|player|p2|sakhan|2|1338
|gen|9
|tier|[Gen 9] OU
|rated|
|rule|HP Percentage Mod: HP is shown in percentages
|rule|Endless Battle Clause: Forcing endless battles is banned
|rule|Species Clause: Limit one of each Pokémon
|rule|OHKO Clause: OHKO moves are banned
|rule|Evasion Items Clause: Evasion items are banned
|rule|Evasion Moves Clause: Evasion moves are banned
|rule|Evasion Abilities Clause: Evasion abilities are banned
|rule|Sleep Moves Clause: Sleep-inducing moves are banned
|clearpoke
|poke|p1|Darkrai|
|poke|p1|Dragapult, F|
|poke|p1|Ogerpon-Wellspring, F|
|poke|p1|Corviknight, F|
|poke|p1|Great Tusk|
|poke|p1|Slowking-Galar, F|
|poke|p2|Garchomp, F|
|poke|p2|Garganacl, M|
|poke|p2|Ribombee, F|
|poke|p2|Blaziken, F|
|poke|p2|Iron Moth|
|poke|p2|Terrakion|
|teampreview
|
|t:|1760391643
|teamsize|p1|6
|teamsize|p2|6
|start
|switch|p1a: BOIII SUSSY|Dragapult, F, shiny|100/100
|switch|p2a: Ribombee|Ribombee, F|100/100
|turn|1
|
|t:|1760391655
|move|p1a: BOIII SUSSY|U-turn|p2a: Ribombee
|-resisted|p2a: Ribombee
|-damage|p2a: Ribombee|81/100
|
|t:|1760391660
|switch|p1a: BLOX FRUITS 🫱🏽|Great Tusk, shiny|100/100|[from] U-turn
|move|p2a: Ribombee|Stun Spore|p1a: BLOX FRUITS 🫱🏽
|-status|p1a: BLOX FRUITS 🫱🏽|par
|
|upkeep
|turn|2
|
|t:|1760391667
|move|p2a: Ribombee|Sticky Web|p1a: BLOX FRUITS 🫱🏽
|-sidestart|p1: yeahamrin|move: Sticky Web
|move|p1a: BLOX FRUITS 🫱🏽|Stealth Rock|p2a: Ribombee
|-sidestart|p2: sakhan|move: Stealth Rock
|
|upkeep
|turn|3
|
|t:|1760391671
|move|p2a: Ribombee|Moonblast|p1a: BLOX FRUITS 🫱🏽
|-supereffective|p1a: BLOX FRUITS 🫱🏽
|-damage|p1a: BLOX FRUITS 🫱🏽|0 fnt
|faint|p1a: BLOX FRUITS 🫱🏽
|-end|p1a: BLOX FRUITS 🫱🏽|Protosynthesis|[silent]
|
|upkeep
|
|t:|1760391675
|switch|p1a: bob|Slowking-Galar, F, shiny|100/100
|-activate|p1a: bob|move: Sticky Web
|-unboost|p1a: bob|spe|1
|turn|4
|
|t:|1760391680
|move|p2a: Ribombee|Stun Spore|p1a: bob
|-status|p1a: bob|par
|move|p1a: bob|Psyshock|p2a: Ribombee
|-damage|p2a: Ribombee|12/100
|
|upkeep
|turn|5
|
|t:|1760391686
|move|p2a: Ribombee|Moonblast|p1a: bob
|-resisted|p1a: bob
|-crit|p1a: bob
|-damage|p1a: bob|85/100 par
|move|p1a: bob|Flamethrower|p2a: Ribombee
|-supereffective|p2a: Ribombee
|-damage|p2a: Ribombee|0 fnt
|faint|p2a: Ribombee
|
|upkeep
|
|t:|1760391691
|switch|p2a: Garchomp|Garchomp, F|100/100
|-damage|p2a: Garchomp|94/100|[from] Stealth Rock
|turn|6
|
|t:|1760391694
|move|p2a: Garchomp|Swords Dance|p2a: Garchomp
|-boost|p2a: Garchomp|atk|2
|move|p1a: bob|Ice Beam|p2a: Garchomp
|-supereffective|p2a: Garchomp
|-damage|p2a: Garchomp|0 fnt
|faint|p2a: Garchomp
|
|upkeep
|
|t:|1760391712
|switch|p2a: Blaziken|Blaziken, F|100/100
|-damage|p2a: Blaziken|88/100|[from] Stealth Rock
|turn|7
|
|t:|1760391717
|switch|p1a: BOIII SUSSY|Dragapult, F, shiny|100/100
|move|p2a: Blaziken|Swords Dance|p2a: Blaziken
|-boost|p2a: Blaziken|atk|2
|
|-heal|p2a: Blaziken|94/100|[from] item: Leftovers
|-ability|p2a: Blaziken|Speed Boost|boost
|-boost|p2a: Blaziken|spe|1
|upkeep
|turn|8
|
|t:|1760391742
|-terastallize|p2a: Blaziken|Dark
|move|p1a: BOIII SUSSY|Dragon Darts|p2a: Blaziken
|-damage|p2a: Blaziken|60/100
|-anim|p1a: BOIII SUSSY|Dragon Darts|p2a: Blaziken
|-damage|p2a: Blaziken|28/100
|move|p2a: Blaziken|Knock Off|p1a: BOIII SUSSY
|-supereffective|p1a: BOIII SUSSY
|-damage|p1a: BOIII SUSSY|0 fnt
|-enditem|p1a: BOIII SUSSY|Heavy-Duty Boots|[from] move: Knock Off|[of] p2a: Blaziken
|faint|p1a: BOIII SUSSY
|
|-heal|p2a: Blaziken|34/100|[from] item: Leftovers
|-ability|p2a: Blaziken|Speed Boost|boost
|-boost|p2a: Blaziken|spe|1
|upkeep
|
|t:|1760391749
|switch|p1a: 6 7 LOLOLOL|Corviknight, F, shiny|100/100
|-ability|p1a: 6 7 LOLOLOL|Pressure
|turn|9
|
|t:|1760391757
|-terastallize|p1a: 6 7 LOLOLOL|Dragon
|move|p2a: Blaziken|Flare Blitz|p1a: 6 7 LOLOLOL
|-resisted|p1a: 6 7 LOLOLOL
|-damage|p1a: 6 7 LOLOLOL|64/100
|-damage|p2a: Blaziken|17/100|[from] item: Rocky Helmet|[of] p1a: 6 7 LOLOLOL
|-damage|p2a: Blaziken|1/100|[from] Recoil
|move|p1a: 6 7 LOLOLOL|U-turn|p2a: Blaziken
|-supereffective|p2a: Blaziken
|-damage|p2a: Blaziken|0 fnt
|faint|p2a: Blaziken
|
|t:|1760391769
|switch|p1a: MANGOOO|Darkrai, shiny|100/100|[from] U-turn
|-activate|p1a: MANGOOO|move: Sticky Web
|-unboost|p1a: MANGOOO|spe|1
|
|upkeep
|
|t:|1760391784
|switch|p2a: Iron Moth|Iron Moth|100/100
|-damage|p2a: Iron Moth|76/100|[from] Stealth Rock
|-enditem|p2a: Iron Moth|Booster Energy
|-activate|p2a: Iron Moth|ability: Quark Drive|[fromitem]
|-start|p2a: Iron Moth|quarkdrivespe
|turn|10
|
|t:|1760391788
|move|p2a: Iron Moth|Fiery Dance|p1a: MANGOOO
|-damage|p1a: MANGOOO|47/100
|-boost|p2a: Iron Moth|spa|1
|move|p1a: MANGOOO|Dark Pulse|p2a: Iron Moth
|-damage|p2a: Iron Moth|8/100
|
|upkeep
|turn|11
|
|t:|1760391797
|switch|p1a: bob|Slowking-Galar, F, shiny|100/100 par
|-activate|p1a: bob|move: Sticky Web
|-unboost|p1a: bob|spe|1
|move|p2a: Iron Moth|Fiery Dance|p1a: bob
|-damage|p1a: bob|72/100 par
|-boost|p2a: Iron Moth|spa|1
|
|upkeep
|turn|12
|
|t:|1760391816
|move|p2a: Iron Moth|Fiery Dance|p1a: bob
|-damage|p1a: bob|32/100 par
|cant|p1a: bob|par
|
|upkeep
|turn|13
|
|t:|1760391823
|switch|p1a: 6 7 LOLOLOL|Corviknight, F, shiny, tera:Dragon|64/100
|-activate|p1a: 6 7 LOLOLOL|move: Sticky Web
|-unboost|p1a: 6 7 LOLOLOL|spe|1
|-ability|p1a: 6 7 LOLOLOL|Pressure
|move|p2a: Iron Moth|Fiery Dance|p1a: 6 7 LOLOLOL
|-resisted|p1a: 6 7 LOLOLOL
|-damage|p1a: 6 7 LOLOLOL|26/100
|
|upkeep
|turn|14
|
|t:|1760391827
|move|p2a: Iron Moth|Dazzling Gleam|p1a: 6 7 LOLOLOL
|-supereffective|p1a: 6 7 LOLOLOL
|-damage|p1a: 6 7 LOLOLOL|0 fnt
|faint|p1a: 6 7 LOLOLOL
|
|upkeep
|
|t:|1760391830
|switch|p1a: bob|Slowking-Galar, F, shiny|65/100 par
|-activate|p1a: bob|move: Sticky Web
|-unboost|p1a: bob|spe|1
|turn|15
|
|t:|1760391836
|move|p2a: Iron Moth|Fiery Dance|p1a: bob
|-damage|p1a: bob|24/100 par
|-boost|p2a: Iron Moth|spa|1
|move|p1a: bob|Psyshock|p2a: Iron Moth
|-supereffective|p2a: Iron Moth
|-damage|p2a: Iron Moth|0 fnt
|faint|p2a: Iron Moth
|-end|p2a: Iron Moth|Quark Drive|[silent]
|
|upkeep
|
|t:|1760391862
|switch|p2a: Terrakion|Terrakion|100/100
|-damage|p2a: Terrakion|94/100|[from] Stealth Rock
|turn|16
|
|t:|1760391865
|move|p2a: Terrakion|Earthquake|p1a: bob
|-supereffective|p1a: bob
|-damage|p1a: bob|0 fnt
|faint|p1a: bob
|-damage|p2a: Terrakion|84/100|[from] item: Life Orb
|
|upkeep
|
|t:|1760391869
|switch|p1a: Cornelius|Ogerpon-Wellspring, F|100/100
|-activate|p1a: Cornelius|move: Sticky Web
|-unboost|p1a: Cornelius|spe|1
|turn|17
|
|t:|1760391873
|move|p2a: Terrakion|Close Combat|p1a: Cornelius
|-damage|p1a: Cornelius|0 fnt
|-unboost|p2a: Terrakion|def|1
|-unboost|p2a: Terrakion|spd|1
|faint|p1a: Cornelius
|-damage|p2a: Terrakion|74/100|[from] item: Life Orb
|
|upkeep
|
|t:|1760391878
|switch|p1a: MANGOOO|Darkrai, shiny|47/100
|-activate|p1a: MANGOOO|move: Sticky Web
|-unboost|p1a: MANGOOO|spe|1
|turn|18
|
|t:|1760391884
|move|p2a: Terrakion|Close Combat|p1a: MANGOOO
|-supereffective|p1a: MANGOOO
|-damage|p1a: MANGOOO|0 fnt
|-unboost|p2a: Terrakion|def|1
|-unboost|p2a: Terrakion|spd|1
|faint|p1a: MANGOOO
|-damage|p2a: Terrakion|65/100|[from] item: Life Orb
|
|win|sakhan
|raw|yeahamrin's rating: 1334 &rarr; <strong>1314</strong><br />(-20 for losing)
|raw|sakhan's rating: 1338 &rarr; <strong>1358</strong><br />(+20 for winning)
|l|☆yeahamrin
|player|p1|
|c|☆sakhan|gg
|l|☆sakhan
|player|p2|
