|j|☆antzinmypantz
|j|☆Chuck2025
|t:|1760400757
|gametype|singles
|player|p1|antzinmypantz|2|1144
|player|p2|Chuck2025|266|1169
|gen|9
|tier|[Gen 9] OU
|rated|
|rule|HP Percentage Mod: HP is shown in percentages
|rule|Endless Battle Clause: Forcing endless battles is banned
|rule|Species Clause: Limit one of each Pokémon
|rule|OHKO Clause: OHKO moves are banned
|rule|Evasion Items Clause: Evasion items are banned
|rule|Evasion Moves Clause: Evasion moves are banned
|rule|Evasion Abilities Clause: Evasion abilities are banned
|rule|Sleep Moves Clause: Sleep-inducing moves are banned
|clearpoke
|poke|p1|Wigglytuff, F|
|poke|p1|Lilligant-Hisui, F|
|poke|p1|Empoleon, M|
|poke|p1|Latias, F|
|poke|p1|Skeledirge, M|
|poke|p1|Mamoswine, F|
|poke|p2|Ogerpon-Wellspring, F|
|poke|p2|Meowscarada, F|
|poke|p2|Enamorus, F|
|poke|p2|Dragonite, M|
|poke|p2|Volcanion|
|poke|p2|Darkrai|
|teampreview
|inactive|Battle timer is ON: inactive players will automatically lose when time's up. (requested by Chuck2025)
|
|t:|1760400766
|teamsize|p1|6
|teamsize|p2|6
|start
|switch|p1a: Mamoswine|Mamoswine, F|100/100
|switch|p2a: Enamorus|Enamorus, F|100/100
|turn|1
|
|t:|1760400774
|-terastallize|p2a: Enamorus|Fairy
|move|p2a: Enamorus|Superpower|p1a: Mamoswine
|-supereffective|p1a: Mamoswine
|-damage|p1a: Mamoswine|27/100
|-boost|p2a: Enamorus|atk|1
|-boost|p2a: Enamorus|def|1
|move|p1a: Mamoswine|Icicle Crash|p2a: Enamorus
|-damage|p2a: Enamorus|49/100
|
|upkeep
|turn|2
|
|t:|1760400784
|switch|p1a: Skeledirge|Skeledirge, M|100/100
|move|p2a: Enamorus|Superpower|p1a: Skeledirge
|-immune|p1a: Skeledirge
|
|upkeep
|turn|3
|
|t:|1760400795
|switch|p2a: Darkrai|Darkrai|100/100
|move|p1a: Skeledirge|Will-O-Wisp|p2a: Darkrai
|-status|p2a: Darkrai|brn
|
|-damage|p2a: Darkrai|94/100 brn|[from] brn
|upkeep
|turn|4
|
|t:|1760400808
|switch|p1a: Wigglytuff|Wigglytuff, F|100/100
|move|p2a: Darkrai|Dark Pulse|p1a: Wigglytuff
|-resisted|p1a: Wigglytuff
|-damage|p1a: Wigglytuff|74/100
|
|-damage|p2a: Darkrai|88/100 brn|[from] brn
|upkeep
|turn|5
|
|t:|1760400819
|switch|p1a: Mamoswine|Mamoswine, F|27/100
|move|p2a: Darkrai|Sludge Bomb|p1a: Mamoswine
|-resisted|p1a: Mamoswine
|-damage|p1a: Mamoswine|3/100
|
|-damage|p2a: Darkrai|82/100 brn|[from] brn
|upkeep
|turn|6
|
|t:|1760400829
|move|p1a: Mamoswine|Ice Shard|p2a: Darkrai
|-damage|p2a: Darkrai|55/100 brn
|move|p2a: Darkrai|Psychic|p1a: Mamoswine
|-damage|p1a: Mamoswine|0 fnt
|faint|p1a: Mamoswine
|
|-damage|p2a: Darkrai|49/100 brn|[from] brn
|upkeep
|
|t:|1760400847
|switch|p1a: Latias|Latias, F|100/100
|turn|7
|
|t:|1760400851
|move|p1a: Latias|Aura Sphere|p2a: Darkrai
|-supereffective|p2a: Darkrai
|-crit|p2a: Darkrai
|-damage|p2a: Darkrai|0 fnt
|faint|p2a: Darkrai
|
|upkeep
|
|t:|1760400862
|switch|p2a: Dragonite|Dragonite, M|100/100
|turn|8
|
|t:|1760400866
|switch|p1a: Wigglytuff|Wigglytuff, F|74/100
|move|p2a: Dragonite|Dragon Claw|p1a: Wigglytuff
|-immune|p1a: Wigglytuff
|
|upkeep
|turn|9
|
|t:|1760400889
|switch|p2a: Volcanion|Volcanion|100/100
|move|p1a: Wigglytuff|Ice Beam|p2a: Volcanion
|-resisted|p2a: Volcanion
|-damage|p2a: Volcanion|94/100
|
|upkeep
|turn|10
|
|t:|1760400896
|move|p2a: Volcanion|Sludge Bomb|p1a: Wigglytuff
|-supereffective|p1a: Wigglytuff
|-damage|p1a: Wigglytuff|0 fnt
|faint|p1a: Wigglytuff
|
|upkeep
|
|t:|1760400911
|switch|p1a: Latias|Latias, F|100/100
|turn|11
|
|t:|1760400930
|move|p1a: Latias|Draco Meteor|p2a: Volcanion
|-damage|p2a: Volcanion|34/100
|-unboost|p1a: Latias|spa|2
|move|p2a: Volcanion|Steam Eruption|p1a: Latias
|-resisted|p1a: Latias
|-damage|p1a: Latias|73/100
|
|upkeep
|turn|12
|
|t:|1760400944
|switch|p2a: Enamorus|Enamorus, F, tera:Fairy|49/100
|move|p1a: Latias|Draco Meteor|p2a: Enamorus
|-immune|p2a: Enamorus
|
|upkeep
|turn|13
|
|t:|1760400956
|switch|p1a: Skeledirge|Skeledirge, M|100/100
|move|p2a: Enamorus|Moonblast|p1a: Skeledirge
|-resisted|p1a: Skeledirge
|-damage|p1a: Skeledirge|74/100
|
|upkeep
|turn|14
|
|t:|1760400969
|move|p2a: Enamorus|Psychic|p1a: Skeledirge
|-damage|p1a: Skeledirge|47/100
|move|p1a: Skeledirge|Torch Song|p2a: Enamorus
|-damage|p2a: Enamorus|5/100
|-boost|p1a: Skeledirge|spa|1
|
|upkeep
|turn|15
|
|t:|1760400978
|switch|p2a: Volcanion|Volcanion|34/100
|move|p1a: Skeledirge|Slack Off|p1a: Skeledirge
|-heal|p1a: Skeledirge|97/100
|
|upkeep
|turn|16
|
|t:|1760400991
|switch|p1a: Empoleon|Empoleon, M|100/100
|move|p2a: Volcanion|Steam Eruption|p1a: Empoleon
|-resisted|p1a: Empoleon
|-damage|p1a: Empoleon|68/100
|
|upkeep
|turn|17
|
|t:|1760401000
|switch|p1a: Latias|Latias, F|73/100
|move|p2a: Volcanion|Earth Power|p1a: Latias
|-immune|p1a: Latias|[from] ability: Levitate
|
|upkeep
|turn|18
|
|t:|1760401009
|switch|p2a: Ogerpon|Ogerpon-Wellspring, F|100/100
|move|p1a: Latias|Mist Ball|p2a: Ogerpon
|-damage|p2a: Ogerpon|46/100
|-unboost|p2a: Ogerpon|spa|1
|
|upkeep
|turn|19
|
|t:|1760401021
|switch|p1a: Empoleon|Empoleon, M|68/100
|move|p2a: Ogerpon|Play Rough|p1a: Empoleon
|-resisted|p1a: Empoleon
|-damage|p1a: Empoleon|45/100
|
|upkeep
|turn|20
|
|t:|1760401029
|move|p2a: Ogerpon|U-turn|p1a: Empoleon
|-resisted|p1a: Empoleon
|-damage|p1a: Empoleon|28/100
|
|t:|1760401038
|switch|p2a: Meowscarada|Meowscarada, F|100/100|[from] U-turn
|move|p1a: Empoleon|Ice Beam|p2a: Meowscarada
|-supereffective|p2a: Meowscarada
|-damage|p2a: Meowscarada|0 fnt
|faint|p2a: Meowscarada
|
|upkeep
|
|t:|1760401048
|switch|p2a: Enamorus|Enamorus, F, tera:Fairy|5/100
|turn|21
|
|t:|1760401057
|switch|p1a: Latias|Latias, F|73/100
|move|p2a: Enamorus|Superpower|p1a: Latias
|-resisted|p1a: Latias
|-damage|p1a: Latias|53/100
|-boost|p2a: Enamorus|atk|1
|-boost|p2a: Enamorus|def|1
|
|upkeep
|turn|22
|
|t:|1760401066
|move|p1a: Latias|Mist Ball|p2a: Enamorus
|-damage|p2a: Enamorus|0 fnt
|faint|p2a: Enamorus
|
|upkeep
|
|t:|1760401075
|switch|p2a: Ogerpon|Ogerpon-Wellspring, F|46/100
|turn|23
|
|t:|1760401080
|switch|p1a: Empoleon|Empoleon, M|28/100
|move|p2a: Ogerpon|Play Rough|p1a: Empoleon
|-resisted|p1a: Empoleon
|-damage|p1a: Empoleon|7/100
|-enditem|p1a: Empoleon|Petaya Berry|[eat]
|-boost|p1a: Empoleon|spa|1|[from] item: Petaya Berry
|
|upkeep
|turn|24
|
|t:|1760401089
|move|p1a: Empoleon|Endure|p1a: Empoleon
|-singleturn|p1a: Empoleon|move: Endure
|move|p2a: Ogerpon|U-turn|p1a: Empoleon
|-resisted|p1a: Empoleon
|-activate|p1a: Empoleon|move: Endure
|-damage|p1a: Empoleon|1/100
|
|t:|1760401096
|switch|p2a: Dragonite|Dragonite, M|100/100|[from] U-turn
|
|upkeep
|turn|25
|
|t:|1760401112
|move|p2a: Dragonite|Extreme Speed|p1a: Empoleon
|-resisted|p1a: Empoleon
|-damage|p1a: Empoleon|0 fnt
|faint|p1a: Empoleon
|
|upkeep
|
|t:|1760401119
|switch|p1a: Lilligant|Lilligant-Hisui, F|100/100
|turn|26
|
|t:|1760401124
|move|p1a: Lilligant|Ice Spinner|p2a: Dragonite
|-supereffective|p2a: Dragonite
|-damage|p2a: Dragonite|55/100
|move|p2a: Dragonite|Ice Punch|p1a: Lilligant
|-supereffective|p1a: Lilligant
|-damage|p1a: Lilligant|14/100
|
|upkeep
|turn|27
|
|t:|1760401132
|switch|p1a: Skeledirge|Skeledirge, M|97/100
|move|p2a: Dragonite|Extreme Speed|p1a: Skeledirge
|-immune|p1a: Skeledirge
|
|upkeep
|turn|28
|
|t:|1760401141
|switch|p1a: Lilligant|Lilligant-Hisui, F|14/100
|move|p2a: Dragonite|Earthquake|p1a: Lilligant
|-resisted|p1a: Lilligant
|-damage|p1a: Lilligant|0 fnt
|faint|p1a: Lilligant
|
|upkeep
|
|t:|1760401143
|switch|p1a: Latias|Latias, F|53/100
|turn|29
|
|t:|1760401154
|switch|p2a: Volcanion|Volcanion|34/100
|move|p1a: Latias|Draco Meteor|p2a: Volcanion
|-damage|p2a: Volcanion|0 fnt
|-unboost|p1a: Latias|spa|2
|faint|p2a: Volcanion
|
|upkeep
|
|t:|1760401163
|switch|p2a: Ogerpon|Ogerpon-Wellspring, F|46/100
|turn|30
|
|t:|1760401166
|move|p1a: Latias|Draco Meteor|p2a: Ogerpon
|-damage|p2a: Ogerpon|13/100
|-unboost|p1a: Latias|spa|2
|move|p2a: Ogerpon|Play Rough|p1a: Latias
|-supereffective|p1a: Latias
|-damage|p1a: Latias|0 fnt
|faint|p1a: Latias
|
|upkeep
|
|t:|1760401171
|switch|p1a: Skeledirge|Skeledirge, M|97/100
|turn|31
|
|t:|1760401181
|-terastallize|p1a: Skeledirge|Fairy
|move|p2a: Ogerpon|Knock Off|p1a: Skeledirge
|-resisted|p1a: Skeledirge
|-damage|p1a: Skeledirge|82/100
|-enditem|p1a: Skeledirge|Heavy-Duty Boots|[from] move: Knock Off|[of] p2a: Ogerpon
|move|p1a: Skeledirge|Torch Song|p2a: Ogerpon
|-damage|p2a: Ogerpon|0 fnt
|-boost|p1a: Skeledirge|spa|1
|faint|p2a: Ogerpon
|
|upkeep
|
|t:|1760401192
|switch|p2a: Dragonite|Dragonite, M|55/100
|turn|32
|
|t:|1760401199
|move|p2a: Dragonite|Earthquake|p1a: Skeledirge
|-damage|p1a: Skeledirge|55/100
|move|p1a: Skeledirge|Will-O-Wisp|p2a: Dragonite
|-status|p2a: Dragonite|brn
|
|-damage|p2a: Dragonite|49/100 brn|[from] brn
|upkeep
|turn|33
|-message|Chuck2025 forfeited.
|
|win|antzinmypantz
|raw|antzinmypantz's rating: 1144 &rarr; <strong>1171</strong><br />(+27 for winning)
|raw|Chuck2025's rating: 1169 &rarr; <strong>1142</strong><br />(-27 for losing)
|l|☆Chuck2025
|player|p2|
|l|☆antzinmypantz
|player|p1|
