|j|☆onlin3
|j|☆Quiero mucho a Mar
|t:|1760430611
|gametype|singles
|player|p1|onlin3|shadowtriad|1737
|player|p2|Quiero mucho a Mar|firebreather-gen2|1695
|gen|9
|tier|[Gen 9] OU
|rated|
|rule|HP Percentage Mod: HP is shown in percentages
|rule|Endless Battle Clause: Forcing endless battles is banned
|rule|Species Clause: Limit one of each Pokémon
|rule|OHKO Clause: OHKO moves are banned
|rule|Evasion Items Clause: Evasion items are banned
|rule|Evasion Moves Clause: Evasion moves are banned
|rule|Evasion Abilities Clause: Evasion abilities are banned
|rule|Sleep Moves Clause: Sleep-inducing moves are banned
|clearpoke
|poke|p1|Iron Moth|
|poke|p1|Dragonite, M|
|poke|p1|Ogerpon-Wellspring, F|
|poke|p1|Iron Treads|
|poke|p1|Hatterene, F|
|poke|p1|Zamazenta-*|
|poke|p2|Yanmega, M|
|poke|p2|Great Tusk|
|poke|p2|Kyurem|
|poke|p2|Ogerpon-Wellspring, F|
|poke|p2|Ting-Lu|
|poke|p2|Hatterene, F|
|teampreview
|
|t:|1760430630
|teamsize|p1|6
|teamsize|p2|6
|start
|switch|p1a: Dragonite|Dragonite, M|100/100
|switch|p2a: Ogerpon|Ogerpon-Wellspring, F|100/100
|turn|1
|
|t:|1760430642
|move|p1a: Dragonite|Extreme Speed|p2a: Ogerpon
|-damage|p2a: Ogerpon|34/100
|move|p2a: Ogerpon|Knock Off|p1a: Dragonite
|-damage|p1a: Dragonite|79/100
|-enditem|p1a: Dragonite|Choice Band|[from] move: Knock Off|[of] p2a: Ogerpon
|
|upkeep
|turn|2
|
|t:|1760430652
|switch|p2a: Great Tusk|Great Tusk|100/100
|move|p1a: Dragonite|Ice Spinner|p2a: Great Tusk
|-supereffective|p2a: Great Tusk
|-damage|p2a: Great Tusk|56/100
|-damage|p1a: Dragonite|63/100|[from] item: Rocky Helmet|[of] p2a: Great Tusk
|
|upkeep
|turn|3
|
|t:|1760430658
|switch|p1a: Hatterene|Hatterene, F|100/100
|move|p2a: Great Tusk|Stealth Rock|p1a: Hatterene
|move|p1a: Hatterene|Stealth Rock|p2a: Great Tusk|[from] ability: Magic Bounce
|-sidestart|p2: Quiero mucho a Mar|move: Stealth Rock
|
|upkeep
|turn|4
|
|t:|1760430663
|move|p2a: Great Tusk|Rapid Spin|p1a: Hatterene
|-damage|p1a: Hatterene|87/100
|-boost|p2a: Great Tusk|spe|1
|-damage|p2a: Great Tusk|39/100|[from] item: Rocky Helmet|[of] p1a: Hatterene
|-sideend|p2: Quiero mucho a Mar|Stealth Rock|[from] move: Rapid Spin|[of] p2a: Great Tusk
|move|p1a: Hatterene|Draining Kiss|p2a: Great Tusk
|-supereffective|p2a: Great Tusk
|-damage|p2a: Great Tusk|0 fnt
|-heal|p1a: Hatterene|100/100|[from] drain|[of] p2a: Great Tusk
|-damage|p1a: Hatterene|84/100|[from] item: Rocky Helmet|[of] p2a: Great Tusk
|faint|p2a: Great Tusk
|-end|p2a: Great Tusk|Protosynthesis|[silent]
|
|upkeep
|
|t:|1760430669
|switch|p2a: Ogerpon|Ogerpon-Wellspring, F|34/100
|turn|5
|
|t:|1760430680
|switch|p1a: Dragonite|Dragonite, M|63/100
|move|p2a: Ogerpon|Power Whip|p1a: Dragonite
|-resisted|p1a: Dragonite
|-damage|p1a: Dragonite|43/100
|
|upkeep
|turn|6
|
|t:|1760430686
|switch|p2a: Ting-Lu|Ting-Lu|100/100
|-ability|p2a: Ting-Lu|Vessel of Ruin
|move|p1a: Dragonite|Extreme Speed|p2a: Ting-Lu
|-damage|p2a: Ting-Lu|84/100
|-damage|p1a: Dragonite|27/100|[from] item: Rocky Helmet|[of] p2a: Ting-Lu
|
|upkeep
|turn|7
|
|t:|1760430690
|switch|p1a: Hatterene|Hatterene, F|84/100
|move|p2a: Ting-Lu|Spikes|p1a: Hatterene
|move|p1a: Hatterene|Spikes|p2a: Ting-Lu|[from] ability: Magic Bounce
|-sidestart|p2: Quiero mucho a Mar|Spikes
|
|upkeep
|turn|8
|
|t:|1760430696
|move|p2a: Ting-Lu|Earthquake|p1a: Hatterene
|-damage|p1a: Hatterene|51/100
|move|p1a: Hatterene|Draining Kiss|p2a: Ting-Lu
|-supereffective|p2a: Ting-Lu
|-damage|p2a: Ting-Lu|65/100
|-heal|p1a: Hatterene|74/100|[from] drain|[of] p2a: Ting-Lu
|-damage|p1a: Hatterene|57/100|[from] item: Rocky Helmet|[of] p2a: Ting-Lu
|
|upkeep
|turn|9
|
|t:|1760430699
|move|p2a: Ting-Lu|Earthquake|p1a: Hatterene
|-damage|p1a: Hatterene|27/100
|move|p1a: Hatterene|Pain Split|p2a: Ting-Lu
|-sethp|p2a: Ting-Lu|41/100|[from] move: Pain Split|[silent]
|-sethp|p1a: Hatterene|66/100|[from] move: Pain Split
|
|upkeep
|turn|10
|
|t:|1760430705
|move|p2a: Ting-Lu|Earthquake|p1a: Hatterene
|-damage|p1a: Hatterene|37/100
|move|p1a: Hatterene|Draining Kiss|p2a: Ting-Lu
|-supereffective|p2a: Ting-Lu
|-damage|p2a: Ting-Lu|22/100
|-heal|p1a: Hatterene|60/100|[from] drain|[of] p2a: Ting-Lu
|-damage|p1a: Hatterene|44/100|[from] item: Rocky Helmet|[of] p2a: Ting-Lu
|
|upkeep
|turn|11
|
|t:|1760430707
|move|p2a: Ting-Lu|Earthquake|p1a: Hatterene
|-damage|p1a: Hatterene|11/100
|move|p1a: Hatterene|Draining Kiss|p2a: Ting-Lu
|-supereffective|p2a: Ting-Lu
|-damage|p2a: Ting-Lu|3/100
|-heal|p1a: Hatterene|33/100|[from] drain|[of] p2a: Ting-Lu
|-damage|p1a: Hatterene|17/100|[from] item: Rocky Helmet|[of] p2a: Ting-Lu
|
|upkeep
|turn|12
|
|t:|1760430709
|move|p2a: Ting-Lu|Earthquake|p1a: Hatterene
|-damage|p1a: Hatterene|0 fnt
|faint|p1a: Hatterene
|
|upkeep
|
|t:|1760430717
|switch|p1a: Iron Treads|Iron Treads|100/100
|turn|13
|
|t:|1760430720
|move|p1a: Iron Treads|Rapid Spin|p2a: Ting-Lu
|-damage|p2a: Ting-Lu|0 fnt
|-boost|p1a: Iron Treads|spe|1
|-damage|p1a: Iron Treads|84/100|[from] item: Rocky Helmet|[of] p2a: Ting-Lu
|faint|p2a: Ting-Lu
|
|-heal|p1a: Iron Treads|90/100|[from] item: Leftovers
|upkeep
|
|t:|1760430724
|switch|p2a: Kyurem|Kyurem|100/100
|-damage|p2a: Kyurem|88/100|[from] Spikes
|-ability|p2a: Kyurem|Pressure
|turn|14
|
|t:|1760430726
|move|p1a: Iron Treads|Knock Off|p2a: Kyurem
|-damage|p2a: Kyurem|64/100
|-enditem|p2a: Kyurem|Never-Melt Ice|[from] move: Knock Off|[of] p1a: Iron Treads
|move|p2a: Kyurem|Earth Power|p1a: Iron Treads
|-supereffective|p1a: Iron Treads
|-damage|p1a: Iron Treads|48/100
|
|-heal|p1a: Iron Treads|54/100|[from] item: Leftovers
|upkeep
|turn|15
|
|t:|1760430736
|move|p1a: Iron Treads|Stealth Rock|p2a: Kyurem
|-sidestart|p2: Quiero mucho a Mar|move: Stealth Rock
|move|p2a: Kyurem|Earth Power|p1a: Iron Treads
|-supereffective|p1a: Iron Treads
|-damage|p1a: Iron Treads|9/100
|
|-heal|p1a: Iron Treads|15/100|[from] item: Leftovers
|upkeep
|turn|16
|
|t:|1760430741
|move|p1a: Iron Treads|Earthquake|p2a: Kyurem
|-damage|p2a: Kyurem|26/100
|move|p2a: Kyurem|Icicle Spear|p1a: Iron Treads
|-damage|p1a: Iron Treads|5/100
|-damage|p1a: Iron Treads|0 fnt
|faint|p1a: Iron Treads
|-end|p1a: Iron Treads|Quark Drive|[silent]
|-hitcount|p1: Iron Treads|2
|
|upkeep
|-message|Quiero mucho a Mar forfeited.
|
|win|onlin3
|raw|onlin3's rating: 1737 &rarr; <strong>1755</strong><br />(+18 for winning)
|raw|Quiero mucho a Mar's rating: 1695 &rarr; <strong>1677</strong><br />(-18 for losing)
|l|☆Quiero mucho a Mar
|player|p2|
|l|☆onlin3
|player|p1|
