|j|☆yuanyuchen
|j|☆djwcb810975
|t:|1760414296
|gametype|singles
|player|p1|yuanyuchen|101|1414
|player|p2|djwcb810975|elesa|1393
|gen|9
|tier|[Gen 9] OU
|rated|
|rule|HP Percentage Mod: HP is shown in percentages
|rule|Endless Battle Clause: Forcing endless battles is banned
|rule|Species Clause: Limit one of each Pokémon
|rule|OHKO Clause: OHKO moves are banned
|rule|Evasion Items Clause: Evasion items are banned
|rule|Evasion Moves Clause: Evasion moves are banned
|rule|Evasion Abilities Clause: Evasion abilities are banned
|rule|Sleep Moves Clause: Sleep-inducing moves are banned
|clearpoke
|poke|p1|Alomomola, F|
|poke|p1|Garchomp, M|
|poke|p1|Rillaboom, F|
|poke|p1|Darkrai|
|poke|p1|Hatterene, F|
|poke|p1|Iron Crown|
|poke|p2|Hatterene, F|
|poke|p2|Iron Hands|
|poke|p2|Cresselia, F|
|poke|p2|Hoopa-Unbound|
|poke|p2|Ursaluna, M|
|poke|p2|Chandelure, M|
|teampreview
|inactive|Battle timer is ON: inactive players will automatically lose when time's up. (requested by djwcb810975)
|
|t:|1760414312
|teamsize|p1|6
|teamsize|p2|6
|start
|switch|p1a: Iron Crown|Iron Crown|100/100
|switch|p2a: Hatterene|Hatterene, F|100/100
|turn|1
|
|t:|1760414327
|switch|p2a: Cresselia|Cresselia, F|100/100
|move|p1a: Iron Crown|Psychic Noise|p2a: Cresselia
|-resisted|p2a: Cresselia
|-damage|p2a: Cresselia|86/100
|-start|p2a: Cresselia|move: Heal Block
|-enditem|p2a: Cresselia|Mental Herb
|-end|p2a: Cresselia|move: Heal Block
|
|upkeep
|turn|2
|
|t:|1760414345
|-end|p1a: Iron Crown|Quark Drive|[silent]
|switch|p1a: Darkrai|Darkrai|100/100
|move|p2a: Cresselia|Trick Room|p2a: Cresselia
|-fieldstart|move: Trick Room|[of] p2a: Cresselia
|
|upkeep
|turn|3
|
|t:|1760414359
|switch|p2a: Hoopa|Hoopa-Unbound|100/100
|move|p1a: Darkrai|Dark Pulse|p2a: Hoopa
|-damage|p2a: Hoopa|72/100
|
|upkeep
|turn|4
|
|t:|1760414373
|switch|p1a: 脏活累活|Alomomola, F|100/100
|move|p2a: Hoopa|Drain Punch|p1a: 脏活累活
|-damage|p1a: 脏活累活|73/100
|-heal|p2a: Hoopa|93/100|[from] drain|[of] p1a: 脏活累活
|-damage|p2a: Hoopa|83/100|[from] item: Life Orb
|
|upkeep
|turn|5
|
|t:|1760414386
|-terastallize|p2a: Hoopa|Dark
|move|p1a: 脏活累活|Flip Turn|p2a: Hoopa
|-damage|p2a: Hoopa|59/100
|inactive|yuanyuchen has 120 seconds left.
|
|t:|1760414402
|switch|p1a: Hatterene|Hatterene, F|100/100|[from] Flip Turn
|move|p2a: Hoopa|Hyperspace Fury|p1a: Hatterene
|-damage|p1a: Hatterene|1/100
|-unboost|p2a: Hoopa|def|1
|-damage|p2a: Hoopa|49/100|[from] item: Life Orb
|
|upkeep
|turn|6
|
|t:|1760414413
|switch|p2a: Cresselia|Cresselia, F|86/100
|move|p1a: Hatterene|Pain Split|p2a: Cresselia
|-sethp|p2a: Cresselia|43/100|[from] move: Pain Split|[silent]
|-sethp|p1a: Hatterene|60/100|[from] move: Pain Split
|
|-fieldend|move: Trick Room
|upkeep
|turn|7
|
|t:|1760414427
|move|p2a: Cresselia|Moonlight|p2a: Cresselia
|-heal|p2a: Cresselia|93/100
|move|p1a: Hatterene|Nuzzle|p2a: Cresselia
|-damage|p2a: Cresselia|90/100
|-status|p2a: Cresselia|par
|
|upkeep
|turn|8
|
|t:|1760414437
|move|p1a: Hatterene|Pain Split|p2a: Cresselia
|-sethp|p2a: Cresselia|67/100 par|[from] move: Pain Split|[silent]
|-sethp|p1a: Hatterene|93/100|[from] move: Pain Split
|move|p2a: Cresselia|Trick Room|p2a: Cresselia
|-fieldstart|move: Trick Room|[of] p2a: Cresselia
|
|upkeep
|turn|9
|
|t:|1760414452
|switch|p2a: Ursaluna|Ursaluna, M|100/100
|move|p1a: Hatterene|Nuzzle|p2a: Ursaluna
|-immune|p2a: Ursaluna
|
|-status|p2a: Ursaluna|brn|[from] item: Flame Orb
|upkeep
|turn|10
|inactive|yuanyuchen has 120 seconds left.
|
|t:|1760414469
|move|p2a: Ursaluna|Facade|p1a: Hatterene
|-damage|p1a: Hatterene|0 fnt
|-damage|p2a: Ursaluna|84/100 brn|[from] item: Rocky Helmet|[of] p1a: Hatterene
|faint|p1a: Hatterene
|
|-damage|p2a: Ursaluna|78/100 brn|[from] brn
|upkeep
|inactive|yuanyuchen has 120 seconds left.
|
|t:|1760414476
|switch|p1a: 减10大王|Garchomp, M, shiny|100/100
|turn|11
|
|t:|1760414485
|-terastallize|p1a: 减10大王|Ghost
|move|p2a: Ursaluna|Ice Punch|p1a: 减10大王
|-damage|p1a: 减10大王|71/100
|-damage|p2a: Ursaluna|65/100 brn|[from] ability: Rough Skin|[of] p1a: 减10大王
|-damage|p2a: Ursaluna|49/100 brn|[from] item: Rocky Helmet|[of] p1a: 减10大王
|move|p1a: 减10大王|Earthquake|p2a: Ursaluna
|-damage|p2a: Ursaluna|16/100 brn
|
|-damage|p2a: Ursaluna|10/100 brn|[from] brn
|upkeep
|turn|12
|inactive|yuanyuchen has 120 seconds left.
|
|t:|1760414502
|switch|p1a: Rillaboom|Rillaboom, F|100/100
|-fieldstart|move: Grassy Terrain|[from] ability: Grassy Surge|[of] p1a: Rillaboom
|move|p2a: Ursaluna|Crunch|p1a: Rillaboom
|-damage|p1a: Rillaboom|49/100
|-unboost|p1a: Rillaboom|def|1
|
|-heal|p2a: Ursaluna|16/100 brn|[from] Grassy Terrain
|-heal|p1a: Rillaboom|55/100|[from] Grassy Terrain
|-damage|p2a: Ursaluna|10/100 brn|[from] brn
|-fieldend|move: Trick Room
|upkeep
|turn|13
|inactive|yuanyuchen has 120 seconds left.
|
|t:|1760414516
|switch|p2a: Chandelure|Chandelure, M|100/100
|move|p1a: Rillaboom|U-turn|p2a: Chandelure
|-resisted|p2a: Chandelure
|-damage|p2a: Chandelure|96/100
|inactive|yuanyuchen has 120 seconds left.
|
|t:|1760414528
|switch|p1a: Darkrai|Darkrai|100/100|[from] U-turn
|
|-heal|p2a: Chandelure|100/100|[from] Grassy Terrain
|upkeep
|turn|14
|inactive|yuanyuchen has 120 seconds left.
|
|t:|1760414543
|move|p1a: Darkrai|Dark Pulse|p2a: Chandelure
|-supereffective|p2a: Chandelure
|-crit|p2a: Chandelure
|-enditem|p2a: Chandelure|Colbur Berry|[eat]
|-enditem|p2a: Chandelure|Colbur Berry|[weaken]
|-damage|p2a: Chandelure|42/100
|move|p2a: Chandelure|Trick Room|p2a: Chandelure
|-fieldstart|move: Trick Room|[of] p2a: Chandelure
|
|-heal|p2a: Chandelure|48/100|[from] Grassy Terrain
|upkeep
|turn|15
|inactive|yuanyuchen has 120 seconds left.
|
|t:|1760414560
|switch|p2a: Iron Hands|Iron Hands|100/100
|-enditem|p2a: Iron Hands|Booster Energy
|-activate|p2a: Iron Hands|ability: Quark Drive|[fromitem]
|-start|p2a: Iron Hands|quarkdriveatk
|switch|p1a: 脏活累活|Alomomola, F|100/100
|
|upkeep
|turn|16
|
|t:|1760414580
|switch|p1a: 减10大王|Garchomp, M, shiny, tera:Ghost|71/100
|move|p2a: Iron Hands|Supercell Slam|p1a: 减10大王
|-damage|p1a: 减10大王|21/100
|-damage|p2a: Iron Hands|88/100|[from] ability: Rough Skin|[of] p1a: 减10大王
|-damage|p2a: Iron Hands|71/100|[from] item: Rocky Helmet|[of] p1a: 减10大王
|
|-heal|p2a: Iron Hands|78/100|[from] Grassy Terrain
|-heal|p1a: 减10大王|27/100|[from] Grassy Terrain
|-fieldend|move: Grassy Terrain
|upkeep
|turn|17
|
|t:|1760414600
|move|p2a: Iron Hands|Supercell Slam|p1a: 减10大王
|-damage|p1a: 减10大王|0 fnt
|-damage|p2a: Iron Hands|65/100|[from] ability: Rough Skin|[of] p1a: 减10大王
|-damage|p2a: Iron Hands|49/100|[from] item: Rocky Helmet|[of] p1a: 减10大王
|faint|p1a: 减10大王
|
|upkeep
|
|t:|1760414614
|switch|p1a: 脏活累活|Alomomola, F|100/100
|turn|18
|
|t:|1760414627
|-end|p2a: Iron Hands|Quark Drive|[silent]
|switch|p2a: Cresselia|Cresselia, F|67/100 par
|move|p1a: 脏活累活|Flip Turn|p2a: Cresselia
|-damage|p2a: Cresselia|56/100 par
|inactive|yuanyuchen has 90 seconds left.
|
|t:|1760414645
|switch|p1a: Darkrai|Darkrai|100/100|[from] Flip Turn
|
|-fieldend|move: Trick Room
|upkeep
|turn|19
|
|t:|1760414651
|move|p1a: Darkrai|Dark Pulse|p2a: Cresselia
|-supereffective|p2a: Cresselia
|-damage|p2a: Cresselia|19/100 par
|move|p2a: Cresselia|Trick Room|p2a: Cresselia
|-fieldstart|move: Trick Room|[of] p2a: Cresselia
|
|upkeep
|turn|20
|
|t:|1760414664
|move|p2a: Cresselia|Lunar Dance|p2a: Cresselia
|faint|p2a: Cresselia
|move|p1a: Darkrai|Ice Beam|p2: Cresselia|[notarget]
|-fail|p1a: Darkrai
|
|upkeep
|
|t:|1760414673
|switch|p2a: Hoopa|Hoopa-Unbound, tera:Dark|49/100
|-heal|p2a: Hoopa|100/100|[from] move: Lunar Dance
|turn|21
|
|t:|1760414686
|move|p2a: Hoopa|Drain Punch|p1a: Darkrai
|-supereffective|p1a: Darkrai
|-damage|p1a: Darkrai|6/100
|-damage|p2a: Hoopa|91/100|[from] item: Life Orb
|move|p1a: Darkrai|Will-O-Wisp|p2a: Hoopa
|-status|p2a: Hoopa|brn
|
|-heal|p1a: Darkrai|12/100|[from] item: Leftovers
|-damage|p2a: Hoopa|85/100 brn|[from] brn
|upkeep
|turn|22
|
|t:|1760414704
|switch|p1a: 脏活累活|Alomomola, F|100/100
|move|p2a: Hoopa|Hyperspace Fury|p1a: 脏活累活
|-damage|p1a: 脏活累活|63/100
|-unboost|p2a: Hoopa|def|1
|-damage|p2a: Hoopa|75/100 brn|[from] item: Life Orb
|
|-damage|p2a: Hoopa|69/100 brn|[from] brn
|upkeep
|turn|23
|
|t:|1760414717
|move|p1a: 脏活累活|Body Slam|p2a: Hoopa
|-damage|p2a: Hoopa|35/100 brn
|move|p2a: Hoopa|Psychic|p1a: 脏活累活
|-damage|p1a: 脏活累活|23/100
|-damage|p2a: Hoopa|25/100 brn|[from] item: Life Orb
|
|-damage|p2a: Hoopa|19/100 brn|[from] brn
|-fieldend|move: Trick Room
|upkeep
|turn|24
|
|t:|1760414723
|move|p2a: Hoopa|Psychic|p1a: 脏活累活
|-damage|p1a: 脏活累活|0 fnt
|faint|p1a: 脏活累活
|-damage|p2a: Hoopa|10/100 brn|[from] item: Life Orb
|
|-damage|p2a: Hoopa|4/100 brn|[from] brn
|upkeep
|
|t:|1760414731
|switch|p1a: Rillaboom|Rillaboom, F|55/100
|-fieldstart|move: Grassy Terrain|[from] ability: Grassy Surge|[of] p1a: Rillaboom
|turn|25
|
|t:|1760414747
|move|p1a: Rillaboom|Wood Hammer|p2a: Hoopa
|-damage|p2a: Hoopa|0 fnt
|faint|p2a: Hoopa
|-damage|p1a: Rillaboom|54/100|[from] Recoil
|
|-heal|p1a: Rillaboom|61/100|[from] Grassy Terrain
|upkeep
|
|t:|1760414751
|switch|p2a: Chandelure|Chandelure, M|48/100
|turn|26
|
|t:|1760414755
|move|p1a: Rillaboom|Wood Hammer|p2a: Chandelure
|-resisted|p2a: Chandelure
|-damage|p2a: Chandelure|15/100
|-damage|p1a: Rillaboom|50/100|[from] Recoil
|move|p2a: Chandelure|Trick Room|p2a: Chandelure
|-fieldstart|move: Trick Room|[of] p2a: Chandelure
|
|-heal|p2a: Chandelure|21/100|[from] Grassy Terrain
|-heal|p1a: Rillaboom|57/100|[from] Grassy Terrain
|upkeep
|turn|27
|
|t:|1760414762
|move|p2a: Chandelure|Overheat|p1a: Rillaboom
|-supereffective|p1a: Rillaboom
|-damage|p1a: Rillaboom|0 fnt
|-unboost|p2a: Chandelure|spa|2
|faint|p1a: Rillaboom
|
|-heal|p2a: Chandelure|27/100|[from] Grassy Terrain
|upkeep
|inactive|yuanyuchen has 120 seconds left.
|
|t:|1760414781
|switch|p1a: Iron Crown|Iron Crown|100/100
|turn|28
|
|t:|1760414785
|move|p2a: Chandelure|Memento|p1a: Iron Crown
|-unboost|p1a: Iron Crown|atk|2
|-unboost|p1a: Iron Crown|spa|2
|faint|p2a: Chandelure
|move|p1a: Iron Crown|Volt Switch|p2: Chandelure|[notarget]
|-fail|p1a: Iron Crown
|
|upkeep
|
|t:|1760414802
|switch|p2a: Ursaluna|Ursaluna, M|10/100 brn
|turn|29
|
|t:|1760414815
|-end|p1a: Iron Crown|Quark Drive|[silent]
|switch|p1a: Darkrai|Darkrai|12/100
|move|p2a: Ursaluna|Headlong Rush|p1a: Darkrai
|-damage|p1a: Darkrai|0 fnt
|-unboost|p2a: Ursaluna|def|1
|-unboost|p2a: Ursaluna|spd|1
|faint|p1a: Darkrai
|
|-heal|p2a: Ursaluna|16/100 brn|[from] Grassy Terrain
|-damage|p2a: Ursaluna|10/100 brn|[from] brn
|-fieldend|move: Grassy Terrain
|upkeep
|
|t:|1760414817
|switch|p1a: Iron Crown|Iron Crown|100/100
|turn|30
|
|t:|1760414831
|move|p2a: Ursaluna|Headlong Rush|p1a: Iron Crown
|-supereffective|p1a: Iron Crown
|-damage|p1a: Iron Crown|0 fnt
|-unboost|p2a: Ursaluna|def|1
|-unboost|p2a: Ursaluna|spd|1
|faint|p1a: Iron Crown
|-end|p1a: Iron Crown|Quark Drive|[silent]
|
|win|djwcb810975
|raw|yuanyuchen's rating: 1414 &rarr; <strong>1393</strong><br />(-21 for losing)
|raw|djwcb810975's rating: 1393 &rarr; <strong>1414</strong><br />(+21 for winning)
|l|☆yuanyuchen
|player|p1|
|l|☆djwcb810975
|player|p2|
