|j|☆Ryu_NLF
|j|☆HAGallium
|t:|1760333694
|gametype|singles
|player|p1|Ryu_NLF|jasmine|1419
|player|p2|HAGallium|misty|1420
|gen|9
|tier|[Gen 9] OU
|rated|
|rule|HP Percentage Mod: HP is shown in percentages
|rule|Endless Battle Clause: Forcing endless battles is banned
|rule|Species Clause: Limit one of each Pokémon
|rule|OHKO Clause: OHKO moves are banned
|rule|Evasion Items Clause: Evasion items are banned
|rule|Evasion Moves Clause: Evasion moves are banned
|rule|Evasion Abilities Clause: Evasion abilities are banned
|rule|Sleep Moves Clause: Sleep-inducing moves are banned
|clearpoke
|poke|p1|Vileplume, M|
|poke|p1|Swampert, F|
|poke|p1|Excadrill, M|
|poke|p1|Chandelure, F|
|poke|p1|Ribombee, F|
|poke|p1|Honchkrow, M|
|poke|p2|Rillaboom, M|
|poke|p2|Clodsire, M|
|poke|p2|Cinderace, F|
|poke|p2|Primarina, M|
|poke|p2|Raging Bolt|
|poke|p2|Corviknight, F|
|teampreview
|inactive|Battle timer is ON: inactive players will automatically lose when time's up. (requested by HAGallium)
|
|t:|1760333706
|teamsize|p1|6
|teamsize|p2|6
|start
|switch|p1a: Swampert|Swampert, F|100/100
|switch|p2a: Rillaboom|Rillaboom, M|100/100
|-fieldstart|move: Grassy Terrain|[from] ability: Grassy Surge|[of] p2a: Rillaboom
|turn|1
|
|t:|1760333714
|switch|p1a: Vileplume|Vileplume, M, shiny|100/100
|move|p2a: Rillaboom|U-turn|p1a: Vileplume
|-damage|p1a: Vileplume|71/100
|-damage|p2a: Rillaboom|84/100|[from] item: Rocky Helmet|[of] p1a: Vileplume
|
|t:|1760333725
|switch|p2a: Raging Bolt|Raging Bolt|100/100|[from] U-turn
|
|-heal|p1a: Vileplume|77/100|[from] Grassy Terrain
|upkeep
|turn|2
|
|t:|1760333732
|move|p2a: Raging Bolt|Dragon Pulse|p1a: Vileplume
|-damage|p1a: Vileplume|25/100
|move|p1a: Vileplume|Toxic|p2a: Raging Bolt
|-status|p2a: Raging Bolt|tox
|
|-heal|p1a: Vileplume|31/100|[from] Grassy Terrain
|-damage|p2a: Raging Bolt|94/100 tox|[from] psn
|upkeep
|turn|3
|
|t:|1760333745
|switch|p1a: Ribombee|Ribombee, F, shiny|100/100
|move|p2a: Raging Bolt|Thunderbolt|p1a: Ribombee
|-damage|p1a: Ribombee|7/100
|
|-heal|p1a: Ribombee|13/100|[from] Grassy Terrain
|-heal|p2a: Raging Bolt|100/100 tox|[from] Grassy Terrain
|-damage|p2a: Raging Bolt|88/100 tox|[from] psn
|upkeep
|turn|4
|
|t:|1760333754
|switch|p1a: Excadrill|Excadrill, M|100/100
|-ability|p1a: Excadrill|Mold Breaker
|move|p2a: Raging Bolt|Thunderbolt|p1a: Excadrill
|-immune|p1a: Excadrill
|
|-heal|p2a: Raging Bolt|94/100 tox|[from] Grassy Terrain
|-heal|p2a: Raging Bolt|100/100 tox|[from] item: Leftovers
|-damage|p2a: Raging Bolt|82/100 tox|[from] psn
|upkeep
|turn|5
|
|t:|1760333766
|-end|p2a: Raging Bolt|Protosynthesis|[silent]
|switch|p2a: Corviknight|Corviknight, F|100/100
|-ability|p2a: Corviknight|Pressure
|move|p1a: Excadrill|Swords Dance|p1a: Excadrill
|-boost|p1a: Excadrill|atk|2
|
|-fieldend|move: Grassy Terrain
|upkeep
|turn|6
|
|t:|1760333794
|move|p1a: Excadrill|Rock Slide|p2a: Corviknight
|-damage|p2a: Corviknight|66/100
|cant|p2a: Corviknight|flinch
|
|-heal|p2a: Corviknight|72/100|[from] item: Leftovers
|upkeep
|turn|7
|
|t:|1760333805
|-terastallize|p1a: Excadrill|Flying
|move|p1a: Excadrill|Swords Dance|p1a: Excadrill
|-boost|p1a: Excadrill|atk|2
|move|p2a: Corviknight|Iron Defense|p2a: Corviknight
|-boost|p2a: Corviknight|def|2
|
|-heal|p2a: Corviknight|78/100|[from] item: Leftovers
|upkeep
|turn|8
|
|t:|1760333815
|move|p1a: Excadrill|Rock Slide|p2a: Corviknight
|-damage|p2a: Corviknight|52/100
|move|p2a: Corviknight|Iron Defense|p2a: Corviknight
|-boost|p2a: Corviknight|def|2
|
|-heal|p2a: Corviknight|58/100|[from] item: Leftovers
|upkeep
|turn|9
|
|t:|1760333825
|switch|p1a: Chandelure|Chandelure, F|100/100
|move|p2a: Corviknight|Roost|p2a: Corviknight
|-heal|p2a: Corviknight|100/100
|-singleturn|p2a: Corviknight|move: Roost
|
|upkeep
|turn|10
|
|t:|1760333834
|switch|p2a: Clodsire|Clodsire, M|100/100
|move|p1a: Chandelure|Shadow Ball|p2a: Clodsire
|-damage|p2a: Clodsire|76/100
|
|upkeep
|turn|11
|
|t:|1760333844
|switch|p1a: Honchkrow|Honchkrow, M|100/100
|move|p2a: Clodsire|Stealth Rock|p1a: Honchkrow
|-sidestart|p1: Ryu_NLF|move: Stealth Rock
|
|upkeep
|turn|12
|
|t:|1760333854
|switch|p2a: Corviknight|Corviknight, F|100/100
|-ability|p2a: Corviknight|Pressure
|move|p1a: Honchkrow|Night Slash|p2a: Corviknight
|-crit|p2a: Corviknight
|-damage|p2a: Corviknight|66/100
|
|-heal|p2a: Corviknight|72/100|[from] item: Leftovers
|upkeep
|turn|13
|
|t:|1760333870
|move|p1a: Honchkrow|Night Slash|p2a: Corviknight
|-crit|p2a: Corviknight
|-damage|p2a: Corviknight|35/100
|move|p2a: Corviknight|Roost|p2a: Corviknight
|-heal|p2a: Corviknight|85/100
|-singleturn|p2a: Corviknight|move: Roost
|
|-heal|p2a: Corviknight|91/100|[from] item: Leftovers
|upkeep
|turn|14
|
|t:|1760333880
|move|p1a: Honchkrow|Night Slash|p2a: Corviknight
|-crit|p2a: Corviknight
|-damage|p2a: Corviknight|56/100
|move|p2a: Corviknight|U-turn|p1a: Honchkrow
|-damage|p1a: Honchkrow|73/100
|
|t:|1760333894
|switch|p2a: Cinderace|Cinderace, F|100/100|[from] U-turn
|
|upkeep
|turn|15
|
|t:|1760333901
|switch|p1a: Swampert|Swampert, F|100/100
|-damage|p1a: Swampert|94/100|[from] Stealth Rock
|move|p2a: Cinderace|U-turn|p1a: Swampert
|-start|p2a: Cinderace|typechange|Bug|[from] ability: Libero
|-damage|p1a: Swampert|71/100
|
|t:|1760333906
|switch|p2a: Rillaboom|Rillaboom, M|84/100|[from] U-turn
|-fieldstart|move: Grassy Terrain|[from] ability: Grassy Surge|[of] p2a: Rillaboom
|
|-heal|p2a: Rillaboom|90/100|[from] Grassy Terrain
|-heal|p1a: Swampert|77/100|[from] Grassy Terrain
|-heal|p1a: Swampert|83/100|[from] item: Leftovers
|upkeep
|turn|16
|
|t:|1760333918
|move|p2a: Rillaboom|Wood Hammer|p1a: Swampert
|-supereffective|p1a: Swampert
|-damage|p1a: Swampert|0 fnt
|faint|p1a: Swampert
|-damage|p2a: Rillaboom|61/100|[from] Recoil
|
|-heal|p2a: Rillaboom|67/100|[from] Grassy Terrain
|upkeep
|
|t:|1760333935
|switch|p1a: Honchkrow|Honchkrow, M|73/100
|-damage|p1a: Honchkrow|48/100|[from] Stealth Rock
|turn|17
|
|t:|1760333944
|switch|p2a: Raging Bolt|Raging Bolt|82/100 tox
|move|p1a: Honchkrow|Sucker Punch||[still]
|-fail|p1a: Honchkrow
|
|-heal|p2a: Raging Bolt|88/100 tox|[from] Grassy Terrain
|-heal|p2a: Raging Bolt|94/100 tox|[from] item: Leftovers
|-damage|p2a: Raging Bolt|88/100 tox|[from] psn
|upkeep
|turn|18
|
|t:|1760333954
|move|p1a: Honchkrow|Sucker Punch|p2a: Raging Bolt
|-damage|p2a: Raging Bolt|60/100 tox
|move|p2a: Raging Bolt|Dragon Pulse|p1a: Honchkrow
|-damage|p1a: Honchkrow|0 fnt
|faint|p1a: Honchkrow
|
|-heal|p2a: Raging Bolt|67/100 tox|[from] Grassy Terrain
|-heal|p2a: Raging Bolt|73/100 tox|[from] item: Leftovers
|-damage|p2a: Raging Bolt|60/100 tox|[from] psn
|upkeep
|
|t:|1760333967
|switch|p1a: Excadrill|Excadrill, M, tera:Flying|100/100
|-ability|p1a: Excadrill|Mold Breaker
|turn|19
|
|t:|1760333982
|-terastallize|p2a: Raging Bolt|Flying
|move|p1a: Excadrill|Swords Dance|p1a: Excadrill
|-boost|p1a: Excadrill|atk|2
|move|p2a: Raging Bolt|Thunderbolt|p1a: Excadrill
|-supereffective|p1a: Excadrill
|-damage|p1a: Excadrill|0 fnt
|faint|p1a: Excadrill
|
|-heal|p2a: Raging Bolt|67/100 tox|[from] item: Leftovers
|-damage|p2a: Raging Bolt|48/100 tox|[from] psn
|-fieldend|move: Grassy Terrain
|upkeep
|-message|Ryu_NLF forfeited.
|
|win|HAGallium
|raw|Ryu_NLF's rating: 1419 &rarr; <strong>1399</strong><br />(-20 for losing)
|raw|HAGallium's rating: 1420 &rarr; <strong>1440</strong><br />(+20 for winning)
|l|☆Ryu_NLF
|player|p1|
|l|☆HAGallium
|player|p2|
