|j|☆BonslyHarveyOswald
|j|☆bigredsword
|t:|1760414839
|gametype|singles
|player|p1|BonslyHarveyOswald|170|1407
|player|p2|bigredsword|169|1443
|gen|9
|tier|[Gen 9] OU
|rated|
|rule|HP Percentage Mod: HP is shown in percentages
|rule|Endless Battle Clause: Forcing endless battles is banned
|rule|Species Clause: Limit one of each Pokémon
|rule|OHKO Clause: OHKO moves are banned
|rule|Evasion Items Clause: Evasion items are banned
|rule|Evasion Moves Clause: Evasion moves are banned
|rule|Evasion Abilities Clause: Evasion abilities are banned
|rule|Sleep Moves Clause: Sleep-inducing moves are banned
|clearpoke
|poke|p1|Gholdengo|
|poke|p1|Ceruledge, F|
|poke|p1|Enamorus, F|
|poke|p1|Ribombee, F|
|poke|p1|Quaquaval, F|
|poke|p1|Iron Treads|
|poke|p2|Dondozo, F|
|poke|p2|Blissey, F|
|poke|p2|Corviknight, M|
|poke|p2|Weezing-Galar, M|
|poke|p2|Gliscor, F|
|poke|p2|Toxapex, M|
|teampreview
|
|t:|1760414852
|teamsize|p1|6
|teamsize|p2|6
|start
|switch|p1a: Ribombee|Ribombee, F, shiny|100/100
|switch|p2a: Gliscor|Gliscor, F|100/100
|turn|1
|inactive|Battle timer is ON: inactive players will automatically lose when time's up. (requested by BonslyHarveyOswald)
|inactive|bigredsword has 120 seconds left.
|
|t:|1760414920
|move|p2a: Gliscor|Protect|p2a: Gliscor
|-singleturn|p2a: Gliscor|Protect
|move|p1a: Ribombee|Skill Swap|p2a: Gliscor
|-activate|p2a: Gliscor|move: Protect
|
|-status|p2a: Gliscor|tox|[from] item: Toxic Orb
|upkeep
|turn|2
|
|t:|1760414928
|switch|p2a: Corviknight|Corviknight, M|100/100
|-ability|p2a: Corviknight|Pressure
|move|p1a: Ribombee|Sticky Web|p2a: Corviknight
|-sidestart|p2: bigredsword|move: Sticky Web
|
|upkeep
|turn|3
|
|t:|1760414937
|switch|p1a: Gholdengo|Gholdengo|100/100
|-item|p1a: Gholdengo|Air Balloon
|move|p2a: Corviknight|Defog|p1a: Gholdengo
|-immune|p1a: Gholdengo|[from] ability: Good as Gold
|
|upkeep
|turn|4
|
|t:|1760414945
|switch|p2a: Blissey|Blissey, F|100/100
|-activate|p2a: Blissey|move: Sticky Web
|-unboost|p2a: Blissey|spe|1
|move|p1a: Gholdengo|Nasty Plot|p1a: Gholdengo
|-boost|p1a: Gholdengo|spa|2
|
|upkeep
|turn|5
|
|t:|1760414952
|move|p1a: Gholdengo|Nasty Plot|p1a: Gholdengo
|-boost|p1a: Gholdengo|spa|2
|move|p2a: Blissey|Calm Mind|p2a: Blissey
|-boost|p2a: Blissey|spa|1
|-boost|p2a: Blissey|spd|1
|
|upkeep
|turn|6
|
|t:|1760414961
|switch|p1a: Quaquaval|Quaquaval, F|100/100
|move|p2a: Blissey|Calm Mind|p2a: Blissey
|-boost|p2a: Blissey|spa|1
|-boost|p2a: Blissey|spd|1
|
|upkeep
|turn|7
|
|t:|1760414976
|switch|p2a: Corviknight|Corviknight, M|100/100
|-ability|p2a: Corviknight|Pressure
|move|p1a: Quaquaval|Knock Off|p2a: Corviknight
|-damage|p2a: Corviknight|82/100
|-enditem|p2a: Corviknight|Leftovers|[from] move: Knock Off|[of] p1a: Quaquaval
|
|upkeep
|turn|8
|
|t:|1760414986
|switch|p1a: Gholdengo|Gholdengo|100/100
|-item|p1a: Gholdengo|Air Balloon
|move|p2a: Corviknight|Defog|p1a: Gholdengo
|-immune|p1a: Gholdengo|[from] ability: Good as Gold
|
|upkeep
|turn|9
|
|t:|1760414989
|switch|p1a: Enamorus|Enamorus, F|100/100
|switch|p2a: Blissey|Blissey, F|100/100
|-activate|p2a: Blissey|move: Sticky Web
|-unboost|p2a: Blissey|spe|1
|
|upkeep
|turn|10
|
|t:|1760415001
|switch|p2a: Gliscor|Gliscor, F|100/100 tox
|move|p1a: Enamorus|Superpower|p2a: Gliscor
|-resisted|p2a: Gliscor
|-damage|p2a: Gliscor|89/100 tox
|-boost|p1a: Enamorus|atk|1
|-boost|p1a: Enamorus|def|1
|
|-heal|p2a: Gliscor|100/100 tox|[from] ability: Poison Heal
|upkeep
|turn|11
|
|t:|1760415010
|move|p1a: Enamorus|Superpower|p2a: Gliscor
|-resisted|p2a: Gliscor
|-damage|p2a: Gliscor|81/100 tox
|-boost|p1a: Enamorus|atk|1
|-boost|p1a: Enamorus|def|1
|move|p2a: Gliscor|Knock Off|p1a: Enamorus
|-resisted|p1a: Enamorus
|-damage|p1a: Enamorus|92/100
|-enditem|p1a: Enamorus|Fairy Feather|[from] move: Knock Off|[of] p2a: Gliscor
|
|-heal|p2a: Gliscor|94/100 tox|[from] ability: Poison Heal
|upkeep
|turn|12
|
|t:|1760415021
|move|p1a: Enamorus|Superpower|p2a: Gliscor
|-resisted|p2a: Gliscor
|-damage|p2a: Gliscor|68/100 tox
|-boost|p1a: Enamorus|atk|1
|-boost|p1a: Enamorus|def|1
|move|p2a: Gliscor|Spikes|p1a: Enamorus
|-sidestart|p1: BonslyHarveyOswald|Spikes
|
|-heal|p2a: Gliscor|81/100 tox|[from] ability: Poison Heal
|upkeep
|turn|13
|
|t:|1760415030
|-terastallize|p1a: Enamorus|Stellar
|move|p2a: Gliscor|Protect|p2a: Gliscor
|-singleturn|p2a: Gliscor|Protect
|move|p1a: Enamorus|Tera Blast|p2a: Gliscor|[anim] Tera Blast Stellar
|-activate|p2a: Gliscor|move: Protect
|
|-heal|p2a: Gliscor|93/100 tox|[from] ability: Poison Heal
|upkeep
|turn|14
|
|t:|1760415037
|switch|p2a: Dondozo|Dondozo, F|100/100
|-activate|p2a: Dondozo|move: Sticky Web
|-unboost|p2a: Dondozo|spe|1
|move|p1a: Enamorus|Tera Blast|p2a: Dondozo|[anim] Tera Blast Stellar
|-damage|p2a: Dondozo|86/100
|-boost|p1a: Enamorus|atk|1
|-boost|p1a: Enamorus|spa|1
|
|-heal|p2a: Dondozo|93/100|[from] item: Leftovers
|upkeep
|turn|15
|
|t:|1760415041
|move|p1a: Enamorus|Moonblast|p2a: Dondozo
|-damage|p2a: Dondozo|20/100
|move|p2a: Dondozo|Avalanche|p1a: Enamorus
|-supereffective|p1a: Enamorus
|-damage|p1a: Enamorus|4/100
|
|-heal|p2a: Dondozo|26/100|[from] item: Leftovers
|upkeep
|turn|16
|
|t:|1760415052
|switch|p2a: Toxapex|Toxapex, M|100/100
|-activate|p2a: Toxapex|move: Sticky Web
|-unboost|p2a: Toxapex|spe|1
|move|p1a: Enamorus|Moonblast|p2a: Toxapex
|-resisted|p2a: Toxapex
|-damage|p2a: Toxapex|72/100
|-unboost|p2a: Toxapex|spa|1
|
|-heal|p2a: Toxapex|78/100|[from] item: Leftovers
|upkeep
|turn|17
|
|t:|1760415059
|move|p1a: Enamorus|Earth Power|p2a: Toxapex
|-supereffective|p2a: Toxapex
|-damage|p2a: Toxapex|4/100
|move|p2a: Toxapex|Toxic|p1a: Enamorus
|-status|p1a: Enamorus|tox
|
|-heal|p2a: Toxapex|10/100|[from] item: Leftovers
|-damage|p1a: Enamorus|0 fnt|[from] psn
|faint|p1a: Enamorus
|upkeep
|
|t:|1760415076
|switch|p1a: Iron Treads|Iron Treads|100/100
|-damage|p1a: Iron Treads|88/100|[from] Spikes
|-enditem|p1a: Iron Treads|Booster Energy
|-activate|p1a: Iron Treads|ability: Quark Drive|[fromitem]
|-start|p1a: Iron Treads|quarkdriveatk
|turn|18
|
|t:|1760415083
|switch|p2a: Corviknight|Corviknight, M|82/100
|-ability|p2a: Corviknight|Pressure
|move|p1a: Iron Treads|Rapid Spin|p2a: Corviknight
|-resisted|p2a: Corviknight
|-damage|p2a: Corviknight|76/100
|-boost|p1a: Iron Treads|spe|1
|-sideend|p1: BonslyHarveyOswald|Spikes|[from] move: Rapid Spin|[of] p1a: Iron Treads
|
|upkeep
|turn|19
|
|t:|1760415087
|-end|p1a: Iron Treads|Quark Drive|[silent]
|switch|p1a: Gholdengo|Gholdengo|100/100
|-item|p1a: Gholdengo|Air Balloon
|move|p2a: Corviknight|Defog|p1a: Gholdengo
|-immune|p1a: Gholdengo|[from] ability: Good as Gold
|
|upkeep
|turn|20
|
|t:|1760415098
|switch|p1a: Iron Treads|Iron Treads|88/100
|switch|p2a: Dondozo|Dondozo, F|26/100
|-activate|p2a: Dondozo|move: Sticky Web
|-unboost|p2a: Dondozo|spe|1
|
|-heal|p2a: Dondozo|33/100|[from] item: Leftovers
|upkeep
|turn|21
|
|t:|1760415103
|move|p1a: Iron Treads|Supercell Slam|p2a: Dondozo
|-supereffective|p2a: Dondozo
|-damage|p2a: Dondozo|1/100
|move|p2a: Dondozo|Rest|p2a: Dondozo
|-status|p2a: Dondozo|slp|[from] move: Rest
|-heal|p2a: Dondozo|100/100 slp|[silent]
|
|upkeep
|turn|22
|
|t:|1760415114
|-end|p1a: Iron Treads|Quark Drive|[silent]
|switch|p1a: Ribombee|Ribombee, F, shiny|100/100
|cant|p2a: Dondozo|slp
|move|p2a: Dondozo|Sleep Talk|p2a: Dondozo
|move|p2a: Dondozo|Body Press|p1a: Ribombee|[from] move: Sleep Talk
|-resisted|p1a: Ribombee
|-damage|p1a: Ribombee|88/100
|
|upkeep
|turn|23
|
|t:|1760415120
|switch|p2a: Corviknight|Corviknight, M|76/100
|-ability|p2a: Corviknight|Pressure
|move|p1a: Ribombee|Skill Swap|p2a: Corviknight
|-activate|p1a: Ribombee|move: Skill Swap|Pressure|Shield Dust|[of] p2a: Corviknight
|-ability|p1a: Ribombee|Pressure
|
|upkeep
|turn|24
|
|t:|1760415129
|move|p1a: Ribombee|Stun Spore|p2a: Corviknight|[miss]
|-miss|p1a: Ribombee|p2a: Corviknight
|move|p2a: Corviknight|Defog|p1a: Ribombee
|-unboost|p1a: Ribombee|evasion|1
|-sideend|p2: bigredsword|Sticky Web|[from] move: Defog|[of] p2a: Corviknight
|
|upkeep
|turn|25
|
|t:|1760415136
|switch|p2a: Blissey|Blissey, F|100/100
|move|p1a: Ribombee|Sticky Web|p2a: Blissey
|-sidestart|p2: bigredsword|move: Sticky Web
|
|upkeep
|turn|26
|
|t:|1760415144
|move|p1a: Ribombee|Stun Spore|p2a: Blissey|[miss]
|-miss|p1a: Ribombee|p2a: Blissey
|move|p2a: Blissey|Seismic Toss|p1a: Ribombee
|-damage|p1a: Ribombee|49/100
|
|upkeep
|turn|27
|
|t:|1760415161
|switch|p1a: Gholdengo|Gholdengo|100/100
|-item|p1a: Gholdengo|Air Balloon
|move|p2a: Blissey|Seismic Toss|p1a: Gholdengo
|-immune|p1a: Gholdengo
|
|upkeep
|turn|28
|
|t:|1760415183
|move|p1a: Gholdengo|Shadow Ball|p2a: Blissey
|-immune|p2a: Blissey
|move|p2a: Blissey|Stealth Rock|p1a: Gholdengo
|-sidestart|p1: BonslyHarveyOswald|move: Stealth Rock
|
|upkeep
|turn|29
|
|t:|1760415189
|move|p1a: Gholdengo|Nasty Plot|p1a: Gholdengo
|-boost|p1a: Gholdengo|spa|2
|move|p2a: Blissey|Calm Mind|p2a: Blissey
|-boost|p2a: Blissey|spa|1
|-boost|p2a: Blissey|spd|1
|
|upkeep
|turn|30
|
|t:|1760415192
|move|p1a: Gholdengo|Nasty Plot|p1a: Gholdengo
|-boost|p1a: Gholdengo|spa|2
|move|p2a: Blissey|Calm Mind|p2a: Blissey
|-boost|p2a: Blissey|spa|1
|-boost|p2a: Blissey|spd|1
|
|upkeep
|turn|31
|
|t:|1760415195
|move|p1a: Gholdengo|Nasty Plot|p1a: Gholdengo
|-boost|p1a: Gholdengo|spa|2
|move|p2a: Blissey|Calm Mind|p2a: Blissey
|-boost|p2a: Blissey|spa|1
|-boost|p2a: Blissey|spd|1
|
|upkeep
|turn|32
|
|t:|1760415199
|move|p1a: Gholdengo|Make It Rain|p2a: Blissey
|-damage|p2a: Blissey|68/100
|-unboost|p1a: Gholdengo|spa|1
|move|p2a: Blissey|Calm Mind|p2a: Blissey
|-boost|p2a: Blissey|spa|1
|-boost|p2a: Blissey|spd|1
|
|-heal|p2a: Blissey|75/100|[from] item: Leftovers
|upkeep
|turn|33
|
|t:|1760415203
|move|p1a: Gholdengo|Nasty Plot|p1a: Gholdengo
|-boost|p1a: Gholdengo|spa|1
|move|p2a: Blissey|Calm Mind|p2a: Blissey
|-boost|p2a: Blissey|spa|1
|-boost|p2a: Blissey|spd|1
|
|-heal|p2a: Blissey|81/100|[from] item: Leftovers
|upkeep
|turn|34
|
|t:|1760415206
|move|p1a: Gholdengo|Make It Rain|p2a: Blissey
|-damage|p2a: Blissey|58/100
|-unboost|p1a: Gholdengo|spa|1
|move|p2a: Blissey|Stealth Rock||[still]
|-fail|p2a: Blissey
|
|-heal|p2a: Blissey|64/100|[from] item: Leftovers
|upkeep
|turn|35
|
|t:|1760415209
|move|p1a: Gholdengo|Nasty Plot|p1a: Gholdengo
|-boost|p1a: Gholdengo|spa|1
|move|p2a: Blissey|Calm Mind|p2a: Blissey
|-boost|p2a: Blissey|spa|1
|-boost|p2a: Blissey|spd|1
|
|-heal|p2a: Blissey|71/100|[from] item: Leftovers
|upkeep
|turn|36
|
|t:|1760415211
|move|p1a: Gholdengo|Make It Rain|p2a: Blissey
|-damage|p2a: Blissey|50/100
|-unboost|p1a: Gholdengo|spa|1
|move|p2a: Blissey|Calm Mind|p2a: Blissey
|-boost|p2a: Blissey|spa|0
|-boost|p2a: Blissey|spd|0
|
|-heal|p2a: Blissey|56/100|[from] item: Leftovers
|upkeep
|turn|37
|
|t:|1760415214
|move|p1a: Gholdengo|Make It Rain|p2a: Blissey
|-damage|p2a: Blissey|37/100
|-unboost|p1a: Gholdengo|spa|1
|move|p2a: Blissey|Calm Mind|p2a: Blissey
|-boost|p2a: Blissey|spa|0
|-boost|p2a: Blissey|spd|0
|
|-heal|p2a: Blissey|44/100|[from] item: Leftovers
|upkeep
|turn|38
|
|t:|1760415217
|move|p1a: Gholdengo|Nasty Plot|p1a: Gholdengo
|-boost|p1a: Gholdengo|spa|2
|move|p2a: Blissey|Soft-Boiled|p2a: Blissey
|-heal|p2a: Blissey|94/100
|
|-heal|p2a: Blissey|99/100|[from] item: Leftovers
|upkeep
|turn|39
|
|t:|1760415220
|move|p1a: Gholdengo|Make It Rain|p2a: Blissey
|-damage|p2a: Blissey|77/100
|-unboost|p1a: Gholdengo|spa|1
|move|p2a: Blissey|Calm Mind|p2a: Blissey
|-boost|p2a: Blissey|spa|0
|-boost|p2a: Blissey|spd|0
|
|-heal|p2a: Blissey|84/100|[from] item: Leftovers
|upkeep
|turn|40
|
|t:|1760415224
|move|p1a: Gholdengo|Make It Rain|p2a: Blissey
|-damage|p2a: Blissey|65/100
|-unboost|p1a: Gholdengo|spa|1
|move|p2a: Blissey|Stealth Rock||[still]
|-fail|p2a: Blissey
|
|-heal|p2a: Blissey|71/100|[from] item: Leftovers
|upkeep
|turn|41
|
|t:|1760415227
|move|p1a: Gholdengo|Nasty Plot|p1a: Gholdengo
|-boost|p1a: Gholdengo|spa|2
|move|p2a: Blissey|Stealth Rock||[still]
|-fail|p2a: Blissey
|
|-heal|p2a: Blissey|77/100|[from] item: Leftovers
|upkeep
|turn|42
|
|t:|1760415228
|move|p1a: Gholdengo|Nasty Plot|p1a: Gholdengo
|-boost|p1a: Gholdengo|spa|0
|move|p2a: Blissey|Stealth Rock||[still]
|-fail|p2a: Blissey
|
|-heal|p2a: Blissey|84/100|[from] item: Leftovers
|upkeep
|turn|43
|
|t:|1760415230
|move|p1a: Gholdengo|Make It Rain|p2a: Blissey
|-damage|p2a: Blissey|63/100
|-unboost|p1a: Gholdengo|spa|1
|move|p2a: Blissey|Stealth Rock||[still]
|-fail|p2a: Blissey
|
|-heal|p2a: Blissey|69/100|[from] item: Leftovers
|upkeep
|turn|44
|
|t:|1760415235
|move|p1a: Gholdengo|Dazzling Gleam|p2a: Blissey
|-damage|p2a: Blissey|61/100
|move|p2a: Blissey|Stealth Rock||[still]
|-fail|p2a: Blissey
|
|-heal|p2a: Blissey|67/100|[from] item: Leftovers
|upkeep
|turn|45
|
|t:|1760415239
|move|p1a: Gholdengo|Dazzling Gleam|p2a: Blissey
|-damage|p2a: Blissey|58/100
|move|p2a: Blissey|Stealth Rock||[still]
|-fail|p2a: Blissey
|
|-heal|p2a: Blissey|65/100|[from] item: Leftovers
|upkeep
|turn|46
|
|t:|1760415242
|move|p1a: Gholdengo|Dazzling Gleam|p2a: Blissey
|-damage|p2a: Blissey|56/100
|move|p2a: Blissey|Stealth Rock||[still]
|-fail|p2a: Blissey
|
|-heal|p2a: Blissey|63/100|[from] item: Leftovers
|upkeep
|turn|47
|
|t:|1760415244
|move|p1a: Gholdengo|Dazzling Gleam|p2a: Blissey
|-damage|p2a: Blissey|54/100
|move|p2a: Blissey|Stealth Rock||[still]
|-fail|p2a: Blissey
|
|-heal|p2a: Blissey|60/100|[from] item: Leftovers
|upkeep
|turn|48
|
|t:|1760415247
|switch|p1a: Quaquaval|Quaquaval, F|100/100
|-damage|p1a: Quaquaval|94/100|[from] Stealth Rock
|move|p2a: Blissey|Stealth Rock||[still]
|-fail|p2a: Blissey
|
|-heal|p2a: Blissey|67/100|[from] item: Leftovers
|upkeep
|turn|49
|
|t:|1760415269
|switch|p2a: Weezing|Weezing-Galar, M|100/100
|-ability|p2a: Weezing|Neutralizing Gas
|move|p1a: Quaquaval|Close Combat|p2a: Weezing
|-resisted|p2a: Weezing
|-damage|p2a: Weezing|91/100
|-unboost|p1a: Quaquaval|def|1
|-unboost|p1a: Quaquaval|spd|1
|
|upkeep
|turn|50
|
|t:|1760415284
|switch|p1a: Ribombee|Ribombee, F, shiny|49/100
|-damage|p1a: Ribombee|25/100|[from] Stealth Rock
|move|p2a: Weezing|Will-O-Wisp|p1a: Ribombee
|-status|p1a: Ribombee|brn
|
|-damage|p1a: Ribombee|18/100 brn|[from] brn
|upkeep
|turn|51
|
|t:|1760415289
|-end|p2a: Weezing|ability: Neutralizing Gas
|switch|p2a: Corviknight|Corviknight, M|76/100
|-ability|p2a: Corviknight|Pressure
|move|p1a: Ribombee|Stun Spore|p2a: Corviknight
|-status|p2a: Corviknight|par
|
|-damage|p1a: Ribombee|12/100 brn|[from] brn
|upkeep
|turn|52
|
|t:|1760415302
|move|p1a: Ribombee|Moonblast|p2a: Corviknight
|-resisted|p2a: Corviknight
|-damage|p2a: Corviknight|56/100 par
|move|p2a: Corviknight|Defog|p1a: Ribombee
|-unboost|p1a: Ribombee|evasion|1
|-sideend|p1: BonslyHarveyOswald|Stealth Rock|[from] move: Defog|[of] p2a: Corviknight
|-sideend|p2: bigredsword|Sticky Web|[from] move: Defog|[of] p2a: Corviknight
|
|-damage|p1a: Ribombee|6/100 brn|[from] brn
|upkeep
|turn|53
|
|t:|1760415308
|switch|p2a: Blissey|Blissey, F|67/100
|move|p1a: Ribombee|Moonblast|p2a: Blissey
|-damage|p2a: Blissey|54/100
|
|-heal|p2a: Blissey|60/100|[from] item: Leftovers
|-damage|p1a: Ribombee|0 fnt|[from] brn
|faint|p1a: Ribombee
|upkeep
|
|t:|1760415319
|switch|p1a: Ceruledge|Ceruledge, F|100/100
|turn|54
|
|t:|1760415334
|switch|p2a: Dondozo|Dondozo, F|100/100 slp
|move|p1a: Ceruledge|Poltergeist|p2a: Dondozo|[miss]
|-miss|p1a: Ceruledge|p2a: Dondozo
|
|upkeep
|turn|55
|
|t:|1760415351
|switch|p1a: Quaquaval|Quaquaval, F|94/100
|cant|p2a: Dondozo|slp
|
|upkeep
|turn|56
|
|t:|1760415357
|switch|p2a: Weezing|Weezing-Galar, M|91/100
|-ability|p2a: Weezing|Neutralizing Gas
|move|p1a: Quaquaval|Knock Off|p2a: Weezing
|-resisted|p2a: Weezing
|-damage|p2a: Weezing|81/100
|-enditem|p2a: Weezing|Heavy-Duty Boots|[from] move: Knock Off|[of] p1a: Quaquaval
|
|upkeep
|turn|57
|c|☆BonslyHarveyOswald|youve made so many shit plays and every time ive fricking missed
|
|t:|1760415381
|move|p1a: Quaquaval|Aqua Step|p2a: Weezing
|-damage|p2a: Weezing|56/100
|-boost|p1a: Quaquaval|spe|1
|move|p2a: Weezing|Will-O-Wisp|p1a: Quaquaval
|-status|p1a: Quaquaval|brn
|
|-damage|p1a: Quaquaval|88/100 brn|[from] brn
|upkeep
|turn|58
|c|☆bigredsword|nah im playing goated
|c|☆BonslyHarveyOswald|sure
|
|t:|1760415396
|switch|p1a: Gholdengo|Gholdengo|100/100
|-item|p1a: Gholdengo|Air Balloon
|move|p2a: Weezing|Strange Steam|p1a: Gholdengo
|-resisted|p1a: Gholdengo
|-damage|p1a: Gholdengo|86/100
|-start|p1a: Gholdengo|confusion
|-enditem|p1a: Gholdengo|Air Balloon
|
|upkeep
|turn|59
|
|t:|1760415406
|switch|p1a: Ceruledge|Ceruledge, F|100/100
|-end|p2a: Weezing|ability: Neutralizing Gas
|switch|p2a: Blissey|Blissey, F|60/100
|
|-heal|p2a: Blissey|66/100|[from] item: Leftovers
|upkeep
|turn|60
|
|t:|1760415410
|switch|p2a: Dondozo|Dondozo, F|100/100 slp
|move|p1a: Ceruledge|Swords Dance|p1a: Ceruledge
|-boost|p1a: Ceruledge|atk|2
|
|upkeep
|turn|61
|
|t:|1760415414
|switch|p1a: Iron Treads|Iron Treads|88/100
|-curestatus|p2a: Dondozo|slp|[msg]
|move|p2a: Dondozo|Avalanche|p1a: Iron Treads
|-damage|p1a: Iron Treads|77/100
|
|upkeep
|turn|62
|
|t:|1760415422
|switch|p2a: Gliscor|Gliscor, F|93/100 tox
|move|p1a: Iron Treads|Ice Spinner|p2a: Gliscor
|-supereffective|p2a: Gliscor
|-damage|p2a: Gliscor|8/100 tox
|
|-heal|p2a: Gliscor|20/100 tox|[from] ability: Poison Heal
|upkeep
|turn|63
|
|t:|1760415427
|move|p2a: Gliscor|Protect|p2a: Gliscor
|-singleturn|p2a: Gliscor|Protect
|move|p1a: Iron Treads|Ice Spinner|p2a: Gliscor
|-activate|p2a: Gliscor|move: Protect
|
|-heal|p2a: Gliscor|33/100 tox|[from] ability: Poison Heal
|upkeep
|turn|64
|
|t:|1760415433
|move|p1a: Iron Treads|Ice Spinner|p2a: Gliscor
|-supereffective|p2a: Gliscor
|-damage|p2a: Gliscor|0 fnt
|faint|p2a: Gliscor
|
|upkeep
|
|t:|1760415435
|switch|p2a: Dondozo|Dondozo, F|100/100
|turn|65
|
|t:|1760415438
|move|p1a: Iron Treads|Supercell Slam|p2a: Dondozo
|-supereffective|p2a: Dondozo
|-damage|p2a: Dondozo|67/100
|move|p2a: Dondozo|Avalanche|p1a: Iron Treads
|-damage|p1a: Iron Treads|56/100
|
|-heal|p2a: Dondozo|73/100|[from] item: Leftovers
|upkeep
|turn|66
|
|t:|1760415442
|move|p1a: Iron Treads|Supercell Slam|p2a: Dondozo
|-supereffective|p2a: Dondozo
|-damage|p2a: Dondozo|44/100
|move|p2a: Dondozo|Avalanche|p1a: Iron Treads
|-damage|p1a: Iron Treads|34/100
|
|-heal|p2a: Dondozo|50/100|[from] item: Leftovers
|upkeep
|turn|67
|
|t:|1760415447
|-end|p1a: Iron Treads|Quark Drive|[silent]
|switch|p1a: Gholdengo|Gholdengo|86/100
|move|p2a: Dondozo|Rest|p2a: Dondozo
|-status|p2a: Dondozo|slp|[from] move: Rest
|-heal|p2a: Dondozo|100/100 slp|[silent]
|
|upkeep
|turn|68
|
|t:|1760415450
|switch|p2a: Blissey|Blissey, F|66/100
|move|p1a: Gholdengo|Shadow Ball|p2a: Blissey
|-immune|p2a: Blissey
|
|-heal|p2a: Blissey|72/100|[from] item: Leftovers
|upkeep
|turn|69
|
|t:|1760415454
|switch|p1a: Ceruledge|Ceruledge, F|100/100
|move|p2a: Blissey|Stealth Rock|p1a: Ceruledge
|-sidestart|p1: BonslyHarveyOswald|move: Stealth Rock
|
|-heal|p2a: Blissey|79/100|[from] item: Leftovers
|upkeep
|turn|70
|
|t:|1760415475
|switch|p2a: Dondozo|Dondozo, F|100/100 slp
|move|p1a: Ceruledge|Bitter Blade|p2a: Dondozo
|-resisted|p2a: Dondozo
|-damage|p2a: Dondozo|89/100 slp
|
|-heal|p2a: Dondozo|95/100 slp|[from] item: Leftovers
|upkeep
|turn|71
|
|t:|1760415481
|move|p1a: Ceruledge|Poltergeist|p2a: Dondozo
|-activate|p2a: Dondozo|move: Poltergeist|Leftovers
|-damage|p2a: Dondozo|68/100 slp
|cant|p2a: Dondozo|slp
|move|p2a: Dondozo|Sleep Talk|p2a: Dondozo
|move|p2a: Dondozo|Avalanche|p1a: Ceruledge|[from] move: Sleep Talk
|-resisted|p1a: Ceruledge
|-damage|p1a: Ceruledge|81/100
|-ability|p1a: Ceruledge|Weak Armor|boost
|-unboost|p1a: Ceruledge|def|1
|-boost|p1a: Ceruledge|spe|2
|
|-heal|p2a: Dondozo|74/100 slp|[from] item: Leftovers
|upkeep
|turn|72
|
|t:|1760415487
|move|p1a: Ceruledge|Poltergeist|p2a: Dondozo|[miss]
|-miss|p1a: Ceruledge|p2a: Dondozo
|cant|p2a: Dondozo|slp
|move|p2a: Dondozo|Sleep Talk|p2a: Dondozo
|move|p2a: Dondozo|Avalanche|p1a: Ceruledge|[from] move: Sleep Talk
|-resisted|p1a: Ceruledge
|-damage|p1a: Ceruledge|71/100
|-ability|p1a: Ceruledge|Weak Armor|boost
|-unboost|p1a: Ceruledge|def|1
|-boost|p1a: Ceruledge|spe|2
|
|-heal|p2a: Dondozo|80/100 slp|[from] item: Leftovers
|upkeep
|turn|73
|
|t:|1760415494
|switch|p1a: Gholdengo|Gholdengo|86/100
|-damage|p1a: Gholdengo|80/100|[from] Stealth Rock
|-curestatus|p2a: Dondozo|slp|[msg]
|move|p2a: Dondozo|Avalanche|p1a: Gholdengo
|-resisted|p1a: Gholdengo
|-damage|p1a: Gholdengo|72/100
|
|-heal|p2a: Dondozo|86/100|[from] item: Leftovers
|upkeep
|turn|74
|
|t:|1760415498
|switch|p2a: Blissey|Blissey, F|79/100
|move|p1a: Gholdengo|Make It Rain|p2a: Blissey
|-damage|p2a: Blissey|58/100
|-unboost|p1a: Gholdengo|spa|1
|
|-heal|p2a: Blissey|65/100|[from] item: Leftovers
|upkeep
|turn|75
|
|t:|1760415505
|switch|p1a: Quaquaval|Quaquaval, F|88/100 brn
|-damage|p1a: Quaquaval|82/100 brn|[from] Stealth Rock
|move|p2a: Blissey|Seismic Toss|p1a: Quaquaval
|-damage|p1a: Quaquaval|50/100 brn
|
|-heal|p2a: Blissey|71/100|[from] item: Leftovers
|-damage|p1a: Quaquaval|44/100 brn|[from] brn
|upkeep
|turn|76
|
|t:|1760415512
|switch|p2a: Weezing|Weezing-Galar, M|56/100
|-ability|p2a: Weezing|Neutralizing Gas
|move|p1a: Quaquaval|Close Combat|p2a: Weezing
|-resisted|p2a: Weezing
|-damage|p2a: Weezing|52/100
|-unboost|p1a: Quaquaval|def|1
|-unboost|p1a: Quaquaval|spd|1
|
|-damage|p1a: Quaquaval|38/100 brn|[from] brn
|upkeep
|turn|77
|
|t:|1760415516
|move|p1a: Quaquaval|Rapid Spin|p2a: Weezing
|-damage|p2a: Weezing|47/100
|-boost|p1a: Quaquaval|spe|1
|-sideend|p1: BonslyHarveyOswald|Stealth Rock|[from] move: Rapid Spin|[of] p1a: Quaquaval
|move|p2a: Weezing|Strange Steam|p1a: Quaquaval
|-supereffective|p1a: Quaquaval
|-damage|p1a: Quaquaval|0 fnt
|faint|p1a: Quaquaval
|
|upkeep
|
|t:|1760415519
|switch|p1a: Ceruledge|Ceruledge, F|71/100
|turn|78
|
|t:|1760415523
|move|p1a: Ceruledge|Bitter Blade|p2a: Weezing
|-damage|p2a: Weezing|13/100
|-heal|p1a: Ceruledge|91/100|[from] drain|[of] p2a: Weezing
|move|p2a: Weezing|Pain Split|p1a: Ceruledge
|-sethp|p1a: Ceruledge|53/100|[from] move: Pain Split|[silent]
|-sethp|p2a: Weezing|46/100|[from] move: Pain Split
|
|upkeep
|turn|79
|
|t:|1760415535
|move|p1a: Ceruledge|Swords Dance|p1a: Ceruledge
|-boost|p1a: Ceruledge|atk|2
|move|p2a: Weezing|Pain Split|p1a: Ceruledge
|-sethp|p1a: Ceruledge|53/100|[from] move: Pain Split|[silent]
|-sethp|p2a: Weezing|46/100|[from] move: Pain Split
|
|upkeep
|turn|80
|
|t:|1760415539
|-end|p2a: Weezing|ability: Neutralizing Gas
|switch|p2a: Dondozo|Dondozo, F|86/100
|move|p1a: Ceruledge|Poltergeist|p2a: Dondozo
|-activate|p2a: Dondozo|move: Poltergeist|Leftovers
|-damage|p2a: Dondozo|60/100
|
|-heal|p2a: Dondozo|66/100|[from] item: Leftovers
|upkeep
|turn|81
|
|t:|1760415546
|move|p1a: Ceruledge|Poltergeist|p2a: Dondozo
|-activate|p2a: Dondozo|move: Poltergeist|Leftovers
|-damage|p2a: Dondozo|37/100
|move|p2a: Dondozo|Avalanche|p1a: Ceruledge
|-resisted|p1a: Ceruledge
|-damage|p1a: Ceruledge|34/100
|-ability|p1a: Ceruledge|Weak Armor|boost
|-unboost|p1a: Ceruledge|def|1
|-boost|p1a: Ceruledge|spe|2
|
|-heal|p2a: Dondozo|44/100|[from] item: Leftovers
|upkeep
|turn|82
|
|t:|1760415554
|move|p1a: Ceruledge|Poltergeist|p2a: Dondozo
|-activate|p2a: Dondozo|move: Poltergeist|Leftovers
|-damage|p2a: Dondozo|16/100
|move|p2a: Dondozo|Rest|p2a: Dondozo
|-status|p2a: Dondozo|slp|[from] move: Rest
|-heal|p2a: Dondozo|100/100 slp|[silent]
|
|upkeep
|turn|83
|
|t:|1760415563
|move|p1a: Ceruledge|Poltergeist|p2a: Dondozo
|-activate|p2a: Dondozo|move: Poltergeist|Leftovers
|-damage|p2a: Dondozo|72/100 slp
|cant|p2a: Dondozo|slp
|move|p2a: Dondozo|Sleep Talk|p2a: Dondozo
|move|p2a: Dondozo|Avalanche|p1a: Ceruledge|[from] move: Sleep Talk
|-resisted|p1a: Ceruledge
|-damage|p1a: Ceruledge|15/100
|-ability|p1a: Ceruledge|Weak Armor|boost
|-unboost|p1a: Ceruledge|def|1
|-boost|p1a: Ceruledge|spe|2
|
|-heal|p2a: Dondozo|78/100 slp|[from] item: Leftovers
|upkeep
|turn|84
|
|t:|1760415568
|move|p1a: Ceruledge|Poltergeist|p2a: Dondozo
|-activate|p2a: Dondozo|move: Poltergeist|Leftovers
|-damage|p2a: Dondozo|53/100 slp
|cant|p2a: Dondozo|slp
|move|p2a: Dondozo|Sleep Talk|p2a: Dondozo
|move|p2a: Dondozo|Body Press|p1a: Ceruledge|[from] move: Sleep Talk
|-immune|p1a: Ceruledge
|
|-heal|p2a: Dondozo|59/100 slp|[from] item: Leftovers
|upkeep
|turn|85
|
|t:|1760415574
|switch|p1a: Gholdengo|Gholdengo|72/100
|-curestatus|p2a: Dondozo|slp|[msg]
|move|p2a: Dondozo|Avalanche|p1a: Gholdengo
|-resisted|p1a: Gholdengo
|-damage|p1a: Gholdengo|65/100
|
|-heal|p2a: Dondozo|65/100|[from] item: Leftovers
|upkeep
|turn|86
|
|t:|1760415579
|switch|p1a: Ceruledge|Ceruledge, F|15/100
|switch|p2a: Blissey|Blissey, F|71/100
|
|-heal|p2a: Blissey|77/100|[from] item: Leftovers
|upkeep
|turn|87
|
|t:|1760415584
|switch|p2a: Dondozo|Dondozo, F|65/100
|move|p1a: Ceruledge|Bitter Blade|p2a: Dondozo
|-resisted|p2a: Dondozo
|-damage|p2a: Dondozo|55/100
|-heal|p1a: Ceruledge|24/100|[from] drain|[of] p2a: Dondozo
|
|-heal|p2a: Dondozo|61/100|[from] item: Leftovers
|upkeep
|turn|88
|
|t:|1760415598
|move|p1a: Ceruledge|Bitter Blade|p2a: Dondozo
|-resisted|p2a: Dondozo
|-damage|p2a: Dondozo|50/100
|-heal|p1a: Ceruledge|33/100|[from] drain|[of] p2a: Dondozo
|move|p2a: Dondozo|Avalanche|p1a: Ceruledge
|-resisted|p1a: Ceruledge
|-damage|p1a: Ceruledge|15/100
|-ability|p1a: Ceruledge|Weak Armor|boost
|-unboost|p1a: Ceruledge|def|1
|-boost|p1a: Ceruledge|spe|2
|
|-heal|p2a: Dondozo|56/100|[from] item: Leftovers
|upkeep
|turn|89
|
|t:|1760415603
|move|p1a: Ceruledge|Bitter Blade|p2a: Dondozo
|-resisted|p2a: Dondozo
|-damage|p2a: Dondozo|44/100
|-heal|p1a: Ceruledge|25/100|[from] drain|[of] p2a: Dondozo
|move|p2a: Dondozo|Avalanche|p1a: Ceruledge
|-resisted|p1a: Ceruledge
|-damage|p1a: Ceruledge|5/100
|-ability|p1a: Ceruledge|Weak Armor|boost
|-unboost|p1a: Ceruledge|def|1
|-boost|p1a: Ceruledge|spe|2
|
|-heal|p2a: Dondozo|50/100|[from] item: Leftovers
|upkeep
|turn|90
|
|t:|1760415608
|switch|p1a: Iron Treads|Iron Treads|34/100
|move|p2a: Dondozo|Avalanche|p1a: Iron Treads
|-damage|p1a: Iron Treads|24/100
|
|-heal|p2a: Dondozo|57/100|[from] item: Leftovers
|upkeep
|turn|91
|
|t:|1760415613
|move|p1a: Iron Treads|Supercell Slam|p2a: Dondozo
|-supereffective|p2a: Dondozo
|-damage|p2a: Dondozo|27/100
|move|p2a: Dondozo|Rest|p2a: Dondozo
|-status|p2a: Dondozo|slp|[from] move: Rest
|-heal|p2a: Dondozo|100/100 slp|[silent]
|
|upkeep
|turn|92
|
|t:|1760415618
|move|p1a: Iron Treads|Supercell Slam|p2a: Dondozo
|-supereffective|p2a: Dondozo
|-damage|p2a: Dondozo|71/100 slp
|cant|p2a: Dondozo|slp
|move|p2a: Dondozo|Sleep Talk|p2a: Dondozo
|move|p2a: Dondozo|Avalanche|p1a: Iron Treads|[from] move: Sleep Talk
|-damage|p1a: Iron Treads|1/100
|
|-heal|p2a: Dondozo|77/100 slp|[from] item: Leftovers
|upkeep
|turn|93
|
|t:|1760415624
|move|p1a: Iron Treads|Supercell Slam|p2a: Dondozo
|-supereffective|p2a: Dondozo
|-damage|p2a: Dondozo|44/100 slp
|cant|p2a: Dondozo|slp
|move|p2a: Dondozo|Sleep Talk|p2a: Dondozo
|move|p2a: Dondozo|Rest||[from] move: Sleep Talk|[still]
|-fail|p2a: Dondozo
|
|-heal|p2a: Dondozo|50/100 slp|[from] item: Leftovers
|upkeep
|turn|94
|
|t:|1760415630
|move|p1a: Iron Treads|Supercell Slam|p2a: Dondozo
|-supereffective|p2a: Dondozo
|-damage|p2a: Dondozo|18/100 slp
|-curestatus|p2a: Dondozo|slp|[msg]
|move|p2a: Dondozo|Rest|p2a: Dondozo
|-status|p2a: Dondozo|slp|[from] move: Rest
|-heal|p2a: Dondozo|100/100 slp|[silent]
|
|upkeep
|turn|95
|
|t:|1760415635
|move|p1a: Iron Treads|Supercell Slam|p2a: Dondozo
|-supereffective|p2a: Dondozo
|-damage|p2a: Dondozo|70/100 slp
|cant|p2a: Dondozo|slp
|move|p2a: Dondozo|Sleep Talk|p2a: Dondozo
|move|p2a: Dondozo|Body Press|p1a: Iron Treads|[from] move: Sleep Talk
|-supereffective|p1a: Iron Treads
|-damage|p1a: Iron Treads|0 fnt
|faint|p1a: Iron Treads
|-end|p1a: Iron Treads|Quark Drive|[silent]
|
|-heal|p2a: Dondozo|76/100 slp|[from] item: Leftovers
|upkeep
|
|t:|1760415646
|switch|p1a: Ceruledge|Ceruledge, F|5/100
|turn|96
|
|t:|1760415649
|move|p1a: Ceruledge|Bitter Blade|p2a: Dondozo
|-resisted|p2a: Dondozo
|-damage|p2a: Dondozo|66/100 slp
|-heal|p1a: Ceruledge|14/100|[from] drain|[of] p2a: Dondozo
|cant|p2a: Dondozo|slp
|move|p2a: Dondozo|Sleep Talk|p2a: Dondozo
|move|p2a: Dondozo|Body Press|p1a: Ceruledge|[from] move: Sleep Talk
|-immune|p1a: Ceruledge
|
|-heal|p2a: Dondozo|72/100 slp|[from] item: Leftovers
|upkeep
|turn|97
|
|t:|1760415661
|move|p1a: Ceruledge|Bitter Blade|p2a: Dondozo
|-resisted|p2a: Dondozo
|-damage|p2a: Dondozo|61/100 slp
|-heal|p1a: Ceruledge|24/100|[from] drain|[of] p2a: Dondozo
|-curestatus|p2a: Dondozo|slp|[msg]
|move|p2a: Dondozo|Avalanche|p1a: Ceruledge
|-resisted|p1a: Ceruledge
|-damage|p1a: Ceruledge|3/100
|-ability|p1a: Ceruledge|Weak Armor|boost
|-unboost|p1a: Ceruledge|def|1
|-boost|p1a: Ceruledge|spe|2
|
|-heal|p2a: Dondozo|67/100|[from] item: Leftovers
|upkeep
|turn|98
|
|t:|1760415668
|switch|p1a: Gholdengo|Gholdengo|65/100
|move|p2a: Dondozo|Avalanche|p1a: Gholdengo
|-resisted|p1a: Gholdengo
|-damage|p1a: Gholdengo|57/100
|
|-heal|p2a: Dondozo|73/100|[from] item: Leftovers
|upkeep
|turn|99
|
|t:|1760415673
|switch|p2a: Blissey|Blissey, F|77/100
|move|p1a: Gholdengo|Dazzling Gleam|p2a: Blissey
|-damage|p2a: Blissey|67/100
|
|-heal|p2a: Blissey|73/100|[from] item: Leftovers
|upkeep
|turn|100
|
|t:|1760415674
|move|p1a: Gholdengo|Dazzling Gleam|p2a: Blissey
|-crit|p2a: Blissey
|-damage|p2a: Blissey|60/100
|move|p2a: Blissey|Seismic Toss|p1a: Gholdengo
|-immune|p1a: Gholdengo
|
|-heal|p2a: Blissey|66/100|[from] item: Leftovers
|upkeep
|turn|101
|c|☆BonslyHarveyOswald|oh now i get a crit lol
|
|t:|1760415689
|move|p1a: Gholdengo|Nasty Plot|p1a: Gholdengo
|-boost|p1a: Gholdengo|spa|2
|move|p2a: Blissey|Stealth Rock|p1a: Gholdengo
|-sidestart|p1: BonslyHarveyOswald|move: Stealth Rock
|
|-heal|p2a: Blissey|72/100|[from] item: Leftovers
|upkeep
|turn|102
|
|t:|1760415691
|move|p1a: Gholdengo|Dazzling Gleam|p2a: Blissey
|-crit|p2a: Blissey
|-damage|p2a: Blissey|45/100
|move|p2a: Blissey|Calm Mind|p2a: Blissey
|-boost|p2a: Blissey|spa|1
|-boost|p2a: Blissey|spd|1
|
|-heal|p2a: Blissey|51/100|[from] item: Leftovers
|upkeep
|turn|103
|
|t:|1760415695
|move|p1a: Gholdengo|Dazzling Gleam|p2a: Blissey
|-damage|p2a: Blissey|37/100
|move|p2a: Blissey|Calm Mind|p2a: Blissey
|-boost|p2a: Blissey|spa|1
|-boost|p2a: Blissey|spd|1
|
|-heal|p2a: Blissey|43/100|[from] item: Leftovers
|upkeep
|turn|104
|
|t:|1760415698
|move|p1a: Gholdengo|Dazzling Gleam|p2a: Blissey
|-damage|p2a: Blissey|34/100
|move|p2a: Blissey|Soft-Boiled|p2a: Blissey
|-heal|p2a: Blissey|84/100
|
|-heal|p2a: Blissey|90/100|[from] item: Leftovers
|upkeep
|turn|105
|c|☆BonslyHarveyOswald|gg man
|c|☆bigredsword|gg
|
|t:|1760415707
|move|p1a: Gholdengo|Nasty Plot|p1a: Gholdengo
|-boost|p1a: Gholdengo|spa|2
|move|p2a: Blissey|Calm Mind|p2a: Blissey
|-boost|p2a: Blissey|spa|1
|-boost|p2a: Blissey|spd|1
|
|-heal|p2a: Blissey|96/100|[from] item: Leftovers
|upkeep
|turn|106
|
|t:|1760415710
|move|p1a: Gholdengo|Nasty Plot|p1a: Gholdengo
|-boost|p1a: Gholdengo|spa|2
|move|p2a: Blissey|Calm Mind|p2a: Blissey
|-boost|p2a: Blissey|spa|1
|-boost|p2a: Blissey|spd|1
|
|-heal|p2a: Blissey|100/100|[from] item: Leftovers
|upkeep
|turn|107
|
|t:|1760415715
|move|p1a: Gholdengo|Nasty Plot|p1a: Gholdengo
|-boost|p1a: Gholdengo|spa|0
|move|p2a: Blissey|Seismic Toss|p1a: Gholdengo
|-immune|p1a: Gholdengo
|
|upkeep
|turn|108
|
|t:|1760415717
|move|p1a: Gholdengo|Shadow Ball|p2a: Blissey
|-immune|p2a: Blissey
|move|p2a: Blissey|Seismic Toss|p1a: Gholdengo
|-immune|p1a: Gholdengo
|
|upkeep
|turn|109
|
|t:|1760415719
|move|p1a: Gholdengo|Shadow Ball|p2a: Blissey
|-immune|p2a: Blissey
|move|p2a: Blissey|Seismic Toss|p1a: Gholdengo
|-immune|p1a: Gholdengo
|
|upkeep
|turn|110
|
|t:|1760415720
|move|p1a: Gholdengo|Shadow Ball|p2a: Blissey
|-immune|p2a: Blissey
|move|p2a: Blissey|Seismic Toss|p1a: Gholdengo
|-immune|p1a: Gholdengo
|
|upkeep
|turn|111
|
|t:|1760415721
|move|p1a: Gholdengo|Shadow Ball|p2a: Blissey
|-immune|p2a: Blissey
|move|p2a: Blissey|Seismic Toss|p1a: Gholdengo
|-immune|p1a: Gholdengo
|
|upkeep
|turn|112
|
|t:|1760415722
|move|p1a: Gholdengo|Shadow Ball|p2a: Blissey
|-immune|p2a: Blissey
|move|p2a: Blissey|Seismic Toss|p1a: Gholdengo
|-immune|p1a: Gholdengo
|
|upkeep
|turn|113
|
|t:|1760415723
|move|p1a: Gholdengo|Shadow Ball|p2a: Blissey
|-immune|p2a: Blissey
|move|p2a: Blissey|Seismic Toss|p1a: Gholdengo
|-immune|p1a: Gholdengo
|
|upkeep
|turn|114
|
|t:|1760415725
|move|p1a: Gholdengo|Shadow Ball|p2a: Blissey
|-immune|p2a: Blissey
|move|p2a: Blissey|Seismic Toss|p1a: Gholdengo
|-immune|p1a: Gholdengo
|
|upkeep
|turn|115
|
|t:|1760415726
|move|p1a: Gholdengo|Shadow Ball|p2a: Blissey
|-immune|p2a: Blissey
|move|p2a: Blissey|Seismic Toss|p1a: Gholdengo
|-immune|p1a: Gholdengo
|
|upkeep
|turn|116
|
|t:|1760415727
|move|p1a: Gholdengo|Shadow Ball|p2a: Blissey
|-immune|p2a: Blissey
|move|p2a: Blissey|Seismic Toss|p1a: Gholdengo
|-immune|p1a: Gholdengo
|
|upkeep
|turn|117
|
|t:|1760415730
|move|p1a: Gholdengo|Shadow Ball|p2a: Blissey
|-immune|p2a: Blissey
|move|p2a: Blissey|Seismic Toss|p1a: Gholdengo
|-immune|p1a: Gholdengo
|
|upkeep
|turn|118
|
|t:|1760415732
|move|p1a: Gholdengo|Nasty Plot|p1a: Gholdengo
|-boost|p1a: Gholdengo|spa|0
|move|p2a: Blissey|Seismic Toss|p1a: Gholdengo
|-immune|p1a: Gholdengo
|
|upkeep
|turn|119
|
|t:|1760415733
|move|p1a: Gholdengo|Nasty Plot|p1a: Gholdengo
|-boost|p1a: Gholdengo|spa|0
|move|p2a: Blissey|Seismic Toss|p1a: Gholdengo
|-immune|p1a: Gholdengo
|
|upkeep
|turn|120
|
|t:|1760415734
|move|p1a: Gholdengo|Nasty Plot|p1a: Gholdengo
|-boost|p1a: Gholdengo|spa|0
|move|p2a: Blissey|Seismic Toss|p1a: Gholdengo
|-immune|p1a: Gholdengo
|
|upkeep
|turn|121
|
|t:|1760415735
|move|p1a: Gholdengo|Nasty Plot|p1a: Gholdengo
|-boost|p1a: Gholdengo|spa|0
|move|p2a: Blissey|Seismic Toss|p1a: Gholdengo
|-immune|p1a: Gholdengo
|
|upkeep
|turn|122
|
|t:|1760415735
|move|p1a: Gholdengo|Nasty Plot|p1a: Gholdengo
|-boost|p1a: Gholdengo|spa|0
|move|p2a: Blissey|Seismic Toss|p1a: Gholdengo
|-immune|p1a: Gholdengo
|
|upkeep
|turn|123
|
|t:|1760415736
|move|p1a: Gholdengo|Nasty Plot|p1a: Gholdengo
|-boost|p1a: Gholdengo|spa|0
|move|p2a: Blissey|Seismic Toss|p1a: Gholdengo
|-immune|p1a: Gholdengo
|
|upkeep
|turn|124
|
|t:|1760415737
|move|p1a: Gholdengo|Nasty Plot|p1a: Gholdengo
|-boost|p1a: Gholdengo|spa|0
|move|p2a: Blissey|Seismic Toss|p1a: Gholdengo
|-immune|p1a: Gholdengo
|
|upkeep
|turn|125
|
|t:|1760415738
|move|p1a: Gholdengo|Nasty Plot|p1a: Gholdengo
|-boost|p1a: Gholdengo|spa|0
|move|p2a: Blissey|Seismic Toss|p1a: Gholdengo
|-immune|p1a: Gholdengo
|
|upkeep
|turn|126
|
|t:|1760415739
|move|p1a: Gholdengo|Nasty Plot|p1a: Gholdengo
|-boost|p1a: Gholdengo|spa|0
|move|p2a: Blissey|Seismic Toss|p1a: Gholdengo
|-immune|p1a: Gholdengo
|
|upkeep
|turn|127
|
|t:|1760415740
|move|p1a: Gholdengo|Nasty Plot|p1a: Gholdengo
|-boost|p1a: Gholdengo|spa|0
|move|p2a: Blissey|Seismic Toss|p1a: Gholdengo
|-immune|p1a: Gholdengo
|
|upkeep
|turn|128
|
|t:|1760415741
|move|p1a: Gholdengo|Nasty Plot|p1a: Gholdengo
|-boost|p1a: Gholdengo|spa|0
|move|p2a: Blissey|Seismic Toss|p1a: Gholdengo
|-immune|p1a: Gholdengo
|
|upkeep
|turn|129
|
|t:|1760415742
|move|p1a: Gholdengo|Nasty Plot|p1a: Gholdengo
|-boost|p1a: Gholdengo|spa|0
|move|p2a: Blissey|Seismic Toss|p1a: Gholdengo
|-immune|p1a: Gholdengo
|
|upkeep
|turn|130
|
|t:|1760415743
|move|p1a: Gholdengo|Nasty Plot|p1a: Gholdengo
|-boost|p1a: Gholdengo|spa|0
|move|p2a: Blissey|Seismic Toss|p1a: Gholdengo
|-immune|p1a: Gholdengo
|
|upkeep
|turn|131
|
|t:|1760415744
|move|p1a: Gholdengo|Nasty Plot|p1a: Gholdengo
|-boost|p1a: Gholdengo|spa|0
|move|p2a: Blissey|Seismic Toss|p1a: Gholdengo
|-immune|p1a: Gholdengo
|
|upkeep
|turn|132
|
|t:|1760415744
|move|p1a: Gholdengo|Nasty Plot|p1a: Gholdengo
|-boost|p1a: Gholdengo|spa|0
|move|p2a: Blissey|Seismic Toss|p1a: Gholdengo
|-immune|p1a: Gholdengo
|
|upkeep
|turn|133
|
|t:|1760415745
|move|p1a: Gholdengo|Shadow Ball|p2a: Blissey
|-immune|p2a: Blissey
|move|p2a: Blissey|Seismic Toss|p1a: Gholdengo
|-immune|p1a: Gholdengo
|
|upkeep
|turn|134
|
|t:|1760415747
|move|p1a: Gholdengo|Nasty Plot|p1a: Gholdengo
|-boost|p1a: Gholdengo|spa|0
|move|p2a: Blissey|Stealth Rock||[still]
|-fail|p2a: Blissey
|
|upkeep
|turn|135
|
|t:|1760415749
|move|p1a: Gholdengo|Shadow Ball|p2a: Blissey
|-immune|p2a: Blissey
|move|p2a: Blissey|Stealth Rock||[still]
|-fail|p2a: Blissey
|
|upkeep
|turn|136
|
|t:|1760415750
|move|p1a: Gholdengo|Nasty Plot|p1a: Gholdengo
|-boost|p1a: Gholdengo|spa|0
|move|p2a: Blissey|Stealth Rock||[still]
|-fail|p2a: Blissey
|
|upkeep
|turn|137
|
|t:|1760415752
|move|p1a: Gholdengo|Shadow Ball|p2a: Blissey
|-immune|p2a: Blissey
|move|p2a: Blissey|Stealth Rock||[still]
|-fail|p2a: Blissey
|
|upkeep
|turn|138
|
|t:|1760415754
|move|p1a: Gholdengo|Nasty Plot|p1a: Gholdengo
|-boost|p1a: Gholdengo|spa|0
|move|p2a: Blissey|Stealth Rock||[still]
|-fail|p2a: Blissey
|
|upkeep
|turn|139
|
|t:|1760415755
|move|p1a: Gholdengo|Shadow Ball|p2a: Blissey
|-immune|p2a: Blissey
|move|p2a: Blissey|Stealth Rock||[still]
|-fail|p2a: Blissey
|
|upkeep
|turn|140
|
|t:|1760415757
|move|p1a: Gholdengo|Shadow Ball|p2a: Blissey
|-immune|p2a: Blissey
|move|p2a: Blissey|Stealth Rock||[still]
|-fail|p2a: Blissey
|
|upkeep
|turn|141
|
|t:|1760415758
|move|p1a: Gholdengo|Shadow Ball|p2a: Blissey
|-immune|p2a: Blissey
|move|p2a: Blissey|Calm Mind|p2a: Blissey
|-boost|p2a: Blissey|spa|1
|-boost|p2a: Blissey|spd|1
|
|upkeep
|turn|142
|
|t:|1760415759
|move|p1a: Gholdengo|Shadow Ball|p2a: Blissey
|-immune|p2a: Blissey
|move|p2a: Blissey|Calm Mind|p2a: Blissey
|-boost|p2a: Blissey|spa|1
|-boost|p2a: Blissey|spd|1
|
|upkeep
|turn|143
|
|t:|1760415761
|move|p1a: Gholdengo|Shadow Ball|p2a: Blissey
|-immune|p2a: Blissey
|move|p2a: Blissey|Stealth Rock||[still]
|-fail|p2a: Blissey
|
|upkeep
|turn|144
|
|t:|1760415763
|move|p1a: Gholdengo|Shadow Ball|p2a: Blissey
|-immune|p2a: Blissey
|move|p2a: Blissey|Stealth Rock||[still]
|-fail|p2a: Blissey
|
|upkeep
|turn|145
|
|t:|1760415764
|move|p1a: Gholdengo|Shadow Ball|p2a: Blissey
|-immune|p2a: Blissey
|move|p2a: Blissey|Stealth Rock||[still]
|-fail|p2a: Blissey
|
|upkeep
|turn|146
|
|t:|1760415766
|move|p1a: Gholdengo|Shadow Ball|p2a: Blissey
|-immune|p2a: Blissey
|move|p2a: Blissey|Calm Mind|p2a: Blissey
|-boost|p2a: Blissey|spa|0
|-boost|p2a: Blissey|spd|0
|
|upkeep
|turn|147
|
|t:|1760415767
|move|p1a: Gholdengo|Shadow Ball|p2a: Blissey
|-immune|p2a: Blissey
|move|p2a: Blissey|Calm Mind|p2a: Blissey
|-boost|p2a: Blissey|spa|0
|-boost|p2a: Blissey|spd|0
|
|upkeep
|turn|148
|
|t:|1760415769
|move|p1a: Gholdengo|Dazzling Gleam|p2a: Blissey
|-damage|p2a: Blissey|90/100
|move|p2a: Blissey|Calm Mind|p2a: Blissey
|-boost|p2a: Blissey|spa|0
|-boost|p2a: Blissey|spd|0
|
|-heal|p2a: Blissey|96/100|[from] item: Leftovers
|upkeep
|turn|149
|
|t:|1760415772
|move|p1a: Gholdengo|Dazzling Gleam|p2a: Blissey
|-damage|p2a: Blissey|86/100
|move|p2a: Blissey|Calm Mind|p2a: Blissey
|-boost|p2a: Blissey|spa|0
|-boost|p2a: Blissey|spd|0
|
|-heal|p2a: Blissey|92/100|[from] item: Leftovers
|upkeep
|turn|150
|
|t:|1760415773
|move|p1a: Gholdengo|Dazzling Gleam|p2a: Blissey
|-damage|p2a: Blissey|82/100
|move|p2a: Blissey|Calm Mind|p2a: Blissey
|-boost|p2a: Blissey|spa|0
|-boost|p2a: Blissey|spd|0
|
|-heal|p2a: Blissey|89/100|[from] item: Leftovers
|upkeep
|turn|151
|
|t:|1760415775
|move|p1a: Gholdengo|Dazzling Gleam|p2a: Blissey
|-damage|p2a: Blissey|80/100
|move|p2a: Blissey|Stealth Rock||[still]
|-fail|p2a: Blissey
|
|-heal|p2a: Blissey|86/100|[from] item: Leftovers
|upkeep
|turn|152
|
|t:|1760415776
|move|p1a: Gholdengo|Dazzling Gleam|p2a: Blissey
|-damage|p2a: Blissey|77/100
|move|p2a: Blissey|Stealth Rock||[still]
|-fail|p2a: Blissey
|
|-heal|p2a: Blissey|83/100|[from] item: Leftovers
|upkeep
|turn|153
|
|t:|1760415777
|move|p1a: Gholdengo|Dazzling Gleam|p2a: Blissey
|-damage|p2a: Blissey|73/100
|move|p2a: Blissey|Stealth Rock||[still]
|-fail|p2a: Blissey
|
|-heal|p2a: Blissey|79/100|[from] item: Leftovers
|upkeep
|turn|154
|
|t:|1760415778
|move|p1a: Gholdengo|Dazzling Gleam|p2a: Blissey
|-damage|p2a: Blissey|70/100
|move|p2a: Blissey|Stealth Rock||[still]
|-fail|p2a: Blissey
|
|-heal|p2a: Blissey|76/100|[from] item: Leftovers
|upkeep
|turn|155
|
|t:|1760415780
|-activate|p1a: Gholdengo|move: Struggle
|move|p1a: Gholdengo|Struggle|p2a: Blissey
|-damage|p2a: Blissey|70/100
|-damage|p1a: Gholdengo|32/100|[from] recoil
|move|p2a: Blissey|Stealth Rock||[still]
|-fail|p2a: Blissey
|
|-heal|p2a: Blissey|77/100|[from] item: Leftovers
|upkeep
|turn|156
|
|t:|1760415783
|-activate|p1a: Gholdengo|move: Struggle
|move|p1a: Gholdengo|Struggle|p2a: Blissey
|-damage|p2a: Blissey|71/100
|-damage|p1a: Gholdengo|7/100|[from] recoil
|move|p2a: Blissey|Stealth Rock||[still]
|-fail|p2a: Blissey
|
|-heal|p2a: Blissey|78/100|[from] item: Leftovers
|upkeep
|turn|157
|
|t:|1760415786
|-activate|p1a: Gholdengo|move: Struggle
|move|p1a: Gholdengo|Struggle|p2a: Blissey
|-damage|p2a: Blissey|72/100
|-damage|p1a: Gholdengo|0 fnt|[from] recoil
|faint|p1a: Gholdengo
|move|p2a: Blissey|Stealth Rock||[still]
|-fail|p2a: Blissey
|
|-heal|p2a: Blissey|78/100|[from] item: Leftovers
|upkeep
|
|t:|1760415788
|switch|p1a: Ceruledge|Ceruledge, F|3/100
|-damage|p1a: Ceruledge|0 fnt|[from] Stealth Rock
|faint|p1a: Ceruledge
|
|win|bigredsword
|raw|BonslyHarveyOswald's rating: 1407 &rarr; <strong>1389</strong><br />(-18 for losing)
|raw|bigredsword's rating: 1443 &rarr; <strong>1461</strong><br />(+18 for winning)
|l|☆BonslyHarveyOswald
|player|p1|
