|j|☆Kiraink
|j|☆kevtur6
|t:|1760376602
|gametype|singles
|player|p1|Kiraink|grimsley|1369
|player|p2|kevtur6|n|1341
|gen|9
|tier|[Gen 9] OU
|rated|
|rule|HP Percentage Mod: HP is shown in percentages
|rule|Endless Battle Clause: Forcing endless battles is banned
|rule|Species Clause: Limit one of each Pokémon
|rule|OHKO Clause: OHKO moves are banned
|rule|Evasion Items Clause: Evasion items are banned
|rule|Evasion Moves Clause: Evasion moves are banned
|rule|Evasion Abilities Clause: Evasion abilities are banned
|rule|Sleep Moves Clause: Sleep-inducing moves are banned
|clearpoke
|poke|p1|Iron Valiant|
|poke|p1|Raging Bolt|
|poke|p1|Great Tusk|
|poke|p1|Alomomola, F|
|poke|p1|Slowking-Galar, M|
|poke|p1|Enamorus, F|
|poke|p2|Froslass, F|
|poke|p2|Iron Valiant|
|poke|p2|Kingambit, M|
|poke|p2|Great Tusk|
|poke|p2|Heatran, M|
|poke|p2|Dragapult, M|
|teampreview
|inactive|Battle timer is ON: inactive players will automatically lose when time's up. (requested by kevtur6)
|
|t:|1760376619
|teamsize|p1|6
|teamsize|p2|6
|start
|switch|p1a: Iron Valiant|Iron Valiant|100/100
|switch|p2a: Froslass|Froslass, F, shiny|100/100
|turn|1
|
|t:|1760376624
|move|p1a: Iron Valiant|Shadow Ball|p2a: Froslass
|-supereffective|p2a: Froslass
|-enditem|p2a: Froslass|Focus Sash
|-damage|p2a: Froslass|1/100
|-start|p1a: Iron Valiant|Disable|Shadow Ball|[from] ability: Cursed Body|[of] p2a: Froslass
|move|p2a: Froslass|Spikes|p1a: Iron Valiant
|-sidestart|p1: Kiraink|Spikes
|
|upkeep
|turn|2
|
|t:|1760376638
|-end|p1a: Iron Valiant|Quark Drive|[silent]
|switch|p1a: Alomomola|Alomomola, F|100/100
|-damage|p1a: Alomomola|88/100|[from] Spikes
|move|p2a: Froslass|Spikes|p1a: Alomomola
|-sidestart|p1: Kiraink|Spikes
|
|upkeep
|turn|3
|
|t:|1760376644
|move|p2a: Froslass|Destiny Bond|p2a: Froslass
|-singlemove|p2a: Froslass|Destiny Bond
|move|p1a: Alomomola|Flip Turn|p2a: Froslass
|-damage|p2a: Froslass|0 fnt
|-start|p1a: Alomomola|Disable|Flip Turn|[from] ability: Cursed Body|[of] p2a: Froslass
|faint|p2a: Froslass
|-activate|p2a: Froslass|move: Destiny Bond
|faint|p1a: Alomomola
|
|upkeep
|
|t:|1760376657
|switch|p2a: Great Tusk|Great Tusk|100/100
|switch|p1a: Enamorus|Enamorus, F|100/100
|turn|4
|
|t:|1760376665
|move|p1a: Enamorus|Moonblast|p2a: Great Tusk
|-supereffective|p2a: Great Tusk
|-damage|p2a: Great Tusk|0 fnt
|faint|p2a: Great Tusk
|-end|p2a: Great Tusk|Protosynthesis|[silent]
|
|upkeep
|
|t:|1760376672
|switch|p2a: Heatran|Heatran, M|100/100
|turn|5
|
|t:|1760376680
|switch|p1a: Slowking|Slowking-Galar, M|100/100
|move|p2a: Heatran|Taunt|p1a: Slowking
|-start|p1a: Slowking|move: Taunt
|
|upkeep
|turn|6
|
|t:|1760376693
|-terastallize|p2a: Heatran|Grass
|move|p2a: Heatran|Iron Defense|p2a: Heatran
|-boost|p2a: Heatran|def|2
|move|p1a: Slowking|Future Sight|p2a: Heatran
|-start|p1a: Slowking|move: Future Sight
|
|upkeep
|turn|7
|
|t:|1760376704
|move|p2a: Heatran|Earth Power|p1a: Slowking
|-supereffective|p1a: Slowking
|-damage|p1a: Slowking|72/100
|move|p1a: Slowking|Sludge Bomb|p2a: Heatran
|-supereffective|p2a: Heatran
|-damage|p2a: Heatran|58/100
|
|-heal|p2a: Heatran|64/100|[from] item: Leftovers
|-end|p1a: Slowking|move: Taunt
|upkeep
|turn|8
|
|t:|1760376717
|-terastallize|p1a: Slowking|Water
|move|p2a: Heatran|Magma Storm|p1a: Slowking|[miss]
|-miss|p2a: Heatran|p1a: Slowking
|move|p1a: Slowking|Sludge Bomb|p2a: Heatran
|-supereffective|p2a: Heatran
|-damage|p2a: Heatran|19/100
|
|-end|p2a: Heatran|move: Future Sight
|-damage|p2a: Heatran|0 fnt
|faint|p2a: Heatran
|upkeep
|
|t:|1760376729
|switch|p2a: Iron Valiant|Iron Valiant|100/100
|-enditem|p2a: Iron Valiant|Booster Energy
|-activate|p2a: Iron Valiant|ability: Quark Drive|[fromitem]
|-start|p2a: Iron Valiant|quarkdrivespe
|turn|9
|
|t:|1760376737
|move|p2a: Iron Valiant|Thunderbolt|p1a: Slowking
|-supereffective|p1a: Slowking
|-damage|p1a: Slowking|37/100
|-status|p1a: Slowking|par
|move|p1a: Slowking|Thunder Wave|p2a: Iron Valiant
|-status|p2a: Iron Valiant|par
|
|upkeep
|turn|10
|
|t:|1760376745
|move|p2a: Iron Valiant|Thunderbolt|p1a: Slowking
|-supereffective|p1a: Slowking
|-damage|p1a: Slowking|2/100 par
|-prepare|p1a: Slowking|Chilly Reception|[premajor]
|move|p1a: Slowking|Chilly Reception|p1a: Slowking
|-weather|Snowscape
|
|t:|1760376756
|switch|p1a: Iron Valiant|Iron Valiant|100/100|[from] Chilly Reception
|-damage|p1a: Iron Valiant|84/100|[from] Spikes
|
|-weather|Snowscape|[upkeep]
|upkeep
|turn|11
|
|t:|1760376762
|move|p1a: Iron Valiant|Moonblast|p2a: Iron Valiant
|-supereffective|p2a: Iron Valiant
|-damage|p2a: Iron Valiant|0 fnt
|faint|p2a: Iron Valiant
|-end|p2a: Iron Valiant|Quark Drive|[silent]
|
|-weather|Snowscape|[upkeep]
|upkeep
|
|t:|1760376770
|switch|p2a: Kingambit|Kingambit, M|100/100
|-activate|p2a: Kingambit|ability: Supreme Overlord
|-start|p2a: Kingambit|fallen4|[silent]
|turn|12
|
|t:|1760376777
|-end|p1a: Iron Valiant|Quark Drive|[silent]
|switch|p1a: Slowking|Slowking-Galar, M, tera:Water|35/100 par
|move|p2a: Kingambit|Iron Head|p1a: Slowking
|-resisted|p1a: Slowking
|-crit|p1a: Slowking
|-damage|p1a: Slowking|0 fnt
|faint|p1a: Slowking
|
|-weather|Snowscape|[upkeep]
|upkeep
|
|t:|1760376780
|switch|p1a: Great Tusk|Great Tusk|100/100
|turn|13
|
|t:|1760376788
|move|p1a: Great Tusk|Headlong Rush|p2a: Kingambit
|-supereffective|p2a: Kingambit
|-damage|p2a: Kingambit|14/100
|-unboost|p1a: Great Tusk|def|1
|-unboost|p1a: Great Tusk|spd|1
|move|p2a: Kingambit|Swords Dance|p2a: Kingambit
|-boost|p2a: Kingambit|atk|2
|
|-weather|Snowscape|[upkeep]
|upkeep
|turn|14
|
|t:|1760376802
|move|p2a: Kingambit|Sucker Punch|p1a: Great Tusk
|-resisted|p1a: Great Tusk
|-damage|p1a: Great Tusk|20/100
|move|p1a: Great Tusk|Headlong Rush|p2a: Kingambit
|-supereffective|p2a: Kingambit
|-damage|p2a: Kingambit|0 fnt
|-unboost|p1a: Great Tusk|def|1
|-unboost|p1a: Great Tusk|spd|1
|faint|p2a: Kingambit
|-end|p2a: Kingambit|fallen4|[silent]
|
|-weather|none
|upkeep
|-message|kevtur6 forfeited.
|
|win|Kiraink
|raw|Kiraink's rating: 1369 &rarr; <strong>1387</strong><br />(+18 for winning)
|raw|kevtur6's rating: 1341 &rarr; <strong>1323</strong><br />(-18 for losing)
|l|☆kevtur6
|player|p2|
|c|☆Kiraink|Gg
|l|☆Kiraink
|player|p1|
