|j|☆XX420STALLGOD69XX
|j|☆sommeliersam
|t:|1760328753
|gametype|singles
|player|p1|XX420STALLGOD69XX|102|1656
|player|p2|sommeliersam|1|1730
|gen|9
|tier|[Gen 9] OU
|rated|
|rule|HP Percentage Mod: HP is shown in percentages
|rule|Endless Battle Clause: Forcing endless battles is banned
|rule|Species Clause: Limit one of each Pokémon
|rule|OHKO Clause: OHKO moves are banned
|rule|Evasion Items Clause: Evasion items are banned
|rule|Evasion Moves Clause: Evasion moves are banned
|rule|Evasion Abilities Clause: Evasion abilities are banned
|rule|Sleep Moves Clause: Sleep-inducing moves are banned
|clearpoke
|poke|p1|Rotom-Wash|
|poke|p1|Meowscarada, F|
|poke|p1|Great Tusk|
|poke|p1|Gholdengo|
|poke|p1|Dragonite, M|
|poke|p1|Iron Valiant|
|poke|p2|Tornadus-Therian, M|
|poke|p2|Great Tusk|
|poke|p2|Kyurem|
|poke|p2|Kingambit, F|
|poke|p2|Slowking-Galar, F|
|poke|p2|Hatterene, F|
|teampreview
|inactive|Battle timer is ON: inactive players will automatically lose when time's up. (requested by XX420STALLGOD69XX)
|j| PG Spectating
|
|t:|1760328779
|teamsize|p1|6
|teamsize|p2|6
|start
|switch|p1a: Rotom|Rotom-Wash|100/100
|switch|p2a: Kyurem|Kyurem|100/100
|-ability|p2a: Kyurem|Pressure
|turn|1
|
|t:|1760328783
|move|p2a: Kyurem|Freeze-Dry|p1a: Rotom
|-supereffective|p1a: Rotom
|-damage|p1a: Rotom|0 fnt
|faint|p1a: Rotom
|
|upkeep
|
|t:|1760328790
|switch|p1a: Gholdengo|Gholdengo|100/100
|-item|p1a: Gholdengo|Air Balloon
|turn|2
|
|t:|1760328794
|switch|p2a: Tornadus|Tornadus-Therian, M|100/100
|move|p1a: Gholdengo|Thunder Wave|p2a: Tornadus
|-status|p2a: Tornadus|par
|
|upkeep
|turn|3
|
|t:|1760328800
|move|p1a: Gholdengo|Hex|p2a: Tornadus
|-crit|p2a: Tornadus
|-damage|p2a: Tornadus|39/100 par
|move|p2a: Tornadus|U-turn|p1a: Gholdengo
|-resisted|p1a: Gholdengo
|-damage|p1a: Gholdengo|98/100
|-enditem|p1a: Gholdengo|Air Balloon
|
|t:|1760328803
|switch|p2a: Great Tusk|Great Tusk|100/100|[from] U-turn
|
|upkeep
|turn|4
|
|t:|1760328807
|switch|p1a: Meowscarada|Meowscarada, F|100/100
|move|p2a: Great Tusk|Headlong Rush|p1a: Meowscarada
|-resisted|p1a: Meowscarada
|-damage|p1a: Meowscarada|49/100
|-unboost|p2a: Great Tusk|def|1
|-unboost|p2a: Great Tusk|spd|1
|
|upkeep
|turn|5
|
|t:|1760328826
|-end|p2a: Great Tusk|Protosynthesis|[silent]
|switch|p2a: Kyurem|Kyurem|100/100
|-ability|p2a: Kyurem|Pressure
|move|p1a: Meowscarada|Leaf Storm|p2a: Kyurem
|-resisted|p2a: Kyurem
|-damage|p2a: Kyurem|76/100
|-unboost|p1a: Meowscarada|spa|2
|
|upkeep
|turn|6
|
|t:|1760328840
|move|p1a: Meowscarada|Spikes|p2a: Kyurem
|-sidestart|p2: sommeliersam|Spikes
|move|p2a: Kyurem|Earth Power|p1a: Meowscarada
|-resisted|p1a: Meowscarada
|-damage|p1a: Meowscarada|6/100
|
|upkeep
|turn|7
|
|t:|1760328850
|switch|p1a: Dragonite|Dragonite, M|100/100
|move|p2a: Kyurem|Earth Power|p1a: Dragonite
|-immune|p1a: Dragonite
|
|upkeep
|turn|8
|
|t:|1760328855
|switch|p2a: Great Tusk|Great Tusk|100/100
|-damage|p2a: Great Tusk|88/100|[from] Spikes
|move|p1a: Dragonite|Dragon Dance|p1a: Dragonite
|-boost|p1a: Dragonite|atk|1
|-boost|p1a: Dragonite|spe|1
|
|upkeep
|turn|9
|
|t:|1760328859
|move|p1a: Dragonite|Scale Shot|p2a: Great Tusk
|-damage|p2a: Great Tusk|70/100
|-damage|p2a: Great Tusk|53/100
|-damage|p2a: Great Tusk|39/100
|-damage|p2a: Great Tusk|23/100
|-hitcount|p2a: Great Tusk|4
|-unboost|p1a: Dragonite|def|1
|-boost|p1a: Dragonite|spe|1
|move|p2a: Great Tusk|Ice Spinner|p1a: Dragonite
|-supereffective|p1a: Dragonite
|-damage|p1a: Dragonite|11/100
|
|upkeep
|turn|10
|
|t:|1760328879
|move|p1a: Dragonite|Earthquake|p2a: Great Tusk
|-damage|p2a: Great Tusk|0 fnt
|faint|p2a: Great Tusk
|-end|p2a: Great Tusk|Protosynthesis|[silent]
|
|upkeep
|
|t:|1760328881
|switch|p2a: Hatterene|Hatterene, F|100/100
|-damage|p2a: Hatterene|88/100|[from] Spikes
|turn|11
|
|t:|1760328886
|move|p1a: Dragonite|Earthquake|p2a: Hatterene
|-damage|p2a: Hatterene|41/100
|move|p2a: Hatterene|Psychic Noise|p1a: Dragonite
|-damage|p1a: Dragonite|0 fnt
|faint|p1a: Dragonite
|
|-heal|p2a: Hatterene|47/100|[from] item: Leftovers
|upkeep
|
|t:|1760328902
|switch|p1a: Meowscarada|Meowscarada, F|6/100
|turn|12
|
|t:|1760328911
|move|p1a: Meowscarada|Leaf Storm|p2a: Hatterene
|-damage|p2a: Hatterene|0 fnt
|-unboost|p1a: Meowscarada|spa|2
|faint|p2a: Hatterene
|
|upkeep
|
|t:|1760328916
|switch|p2a: Kyurem|Kyurem|76/100
|-damage|p2a: Kyurem|64/100|[from] Spikes
|-ability|p2a: Kyurem|Pressure
|turn|13
|j| ihohp
|
|t:|1760328934
|move|p1a: Meowscarada|Spikes|p2a: Kyurem
|-sidestart|p2: sommeliersam|Spikes
|move|p2a: Kyurem|Earth Power|p1a: Meowscarada
|-resisted|p1a: Meowscarada
|-damage|p1a: Meowscarada|0 fnt
|faint|p1a: Meowscarada
|
|upkeep
|
|t:|1760328937
|switch|p1a: Iron Valiant|Iron Valiant|100/100
|-enditem|p1a: Iron Valiant|Booster Energy
|-activate|p1a: Iron Valiant|ability: Quark Drive|[fromitem]
|-start|p1a: Iron Valiant|quarkdrivespe
|turn|14
|
|t:|1760328941
|switch|p2a: Slowking|Slowking-Galar, F|100/100
|-damage|p2a: Slowking|84/100|[from] Spikes
|move|p1a: Iron Valiant|Calm Mind|p1a: Iron Valiant
|-boost|p1a: Iron Valiant|spa|1
|-boost|p1a: Iron Valiant|spd|1
|
|-heal|p2a: Slowking|90/100|[from] item: Black Sludge
|upkeep
|turn|15
|
|t:|1760328950
|move|p1a: Iron Valiant|Shadow Ball|p2a: Slowking
|-supereffective|p2a: Slowking
|-damage|p2a: Slowking|40/100
|move|p2a: Slowking|Future Sight|p1a: Iron Valiant
|-start|p2a: Slowking|move: Future Sight
|
|-heal|p2a: Slowking|46/100|[from] item: Black Sludge
|upkeep
|turn|16
|inactive|sommeliersam has 120 seconds left.
|inactive|XX420STALLGOD69XX has 120 seconds left.
|
|t:|1760328995
|switch|p2a: Tornadus|Tornadus-Therian, M|72/100 par
|move|p1a: Iron Valiant|Shadow Ball|p2a: Tornadus
|-damage|p2a: Tornadus|47/100 par
|-unboost|p2a: Tornadus|spd|1
|
|upkeep
|turn|17
|
|t:|1760329005
|switch|p2a: Slowking|Slowking-Galar, F|79/100
|-damage|p2a: Slowking|63/100|[from] Spikes
|-terastallize|p1a: Iron Valiant|Ghost
|move|p1a: Iron Valiant|Shadow Ball|p2a: Slowking
|-supereffective|p2a: Slowking
|-damage|p2a: Slowking|0 fnt
|faint|p2a: Slowking
|
|-end|p1a: Iron Valiant|move: Future Sight
|-damage|p1a: Iron Valiant|50/100
|upkeep
|
|t:|1760329024
|switch|p2a: Tornadus|Tornadus-Therian, M|80/100 par
|turn|18
|
|t:|1760329027
|move|p1a: Iron Valiant|Moonblast|p2a: Tornadus
|-damage|p2a: Tornadus|31/100 par
|move|p2a: Tornadus|Knock Off|p1a: Iron Valiant
|-supereffective|p1a: Iron Valiant
|-damage|p1a: Iron Valiant|17/100
|
|upkeep
|turn|19
|inactive|sommeliersam has 120 seconds left.
|inactive|sommeliersam has 90 seconds left.
|
|t:|1760329081
|move|p1a: Iron Valiant|Moonblast|p2a: Tornadus
|-damage|p2a: Tornadus|0 fnt
|faint|p2a: Tornadus
|
|upkeep
|
|t:|1760329082
|switch|p2a: Kingambit|Kingambit, F|100/100
|-damage|p2a: Kingambit|84/100|[from] Spikes
|-activate|p2a: Kingambit|ability: Supreme Overlord
|-start|p2a: Kingambit|fallen4|[silent]
|turn|20
|
|t:|1760329092
|-terastallize|p2a: Kingambit|Fire
|move|p1a: Iron Valiant|Taunt|p2a: Kingambit
|-start|p2a: Kingambit|move: Taunt
|move|p2a: Kingambit|Iron Head|p1a: Iron Valiant
|-damage|p1a: Iron Valiant|0 fnt
|faint|p1a: Iron Valiant
|-end|p1a: Iron Valiant|Quark Drive|[silent]
|
|-heal|p2a: Kingambit|90/100|[from] item: Leftovers
|upkeep
|
|t:|1760329102
|switch|p1a: Great Tusk|Great Tusk|100/100
|-enditem|p1a: Great Tusk|Booster Energy
|-activate|p1a: Great Tusk|ability: Protosynthesis|[fromitem]
|-start|p1a: Great Tusk|protosynthesisatk
|turn|21
|inactive|sommeliersam has 90 seconds left.
|j| ZeroIQ McGoo
|
|t:|1760329132
|move|p1a: Great Tusk|Headlong Rush|p2a: Kingambit
|-supereffective|p2a: Kingambit
|-damage|p2a: Kingambit|0 fnt
|-unboost|p1a: Great Tusk|def|1
|-unboost|p1a: Great Tusk|spd|1
|faint|p2a: Kingambit
|-end|p2a: Kingambit|fallen4|[silent]
|
|upkeep
|
|t:|1760329134
|switch|p2a: Kyurem|Kyurem|64/100
|-damage|p2a: Kyurem|47/100|[from] Spikes
|-ability|p2a: Kyurem|Pressure
|turn|22
|l| ihohp
|inactive|XX420STALLGOD69XX has 120 seconds left.
|
|t:|1760329157
|-end|p1a: Great Tusk|Protosynthesis|[silent]
|switch|p1a: Gholdengo|Gholdengo|98/100
|move|p2a: Kyurem|Earth Power|p1a: Gholdengo
|-supereffective|p1a: Gholdengo
|-damage|p1a: Gholdengo|9/100
|
|upkeep
|turn|23
|
|t:|1760329160
|move|p2a: Kyurem|Earth Power|p1a: Gholdengo
|-supereffective|p1a: Gholdengo
|-damage|p1a: Gholdengo|0 fnt
|faint|p1a: Gholdengo
|
|upkeep
|
|t:|1760329162
|switch|p1a: Great Tusk|Great Tusk|100/100
|turn|24
|
|t:|1760329163
|move|p2a: Kyurem|Earth Power|p1a: Great Tusk
|-damage|p1a: Great Tusk|24/100
|move|p1a: Great Tusk|Rapid Spin|p2a: Kyurem
|-damage|p2a: Kyurem|30/100
|-boost|p1a: Great Tusk|spe|1
|
|upkeep
|turn|25
|
|t:|1760329165
|move|p1a: Great Tusk|Headlong Rush|p2a: Kyurem
|-damage|p2a: Kyurem|0 fnt
|-unboost|p1a: Great Tusk|def|1
|-unboost|p1a: Great Tusk|spd|1
|faint|p2a: Kyurem
|
|win|XX420STALLGOD69XX
|raw|XX420STALLGOD69XX's rating: 1656 &rarr; <strong>1680</strong><br />(+24 for winning)
|raw|sommeliersam's rating: 1730 &rarr; <strong>1706</strong><br />(-24 for losing)
|l|☆sommeliersam
|player|p2|
|l|☆XX420STALLGOD69XX
|player|p1|
|l| ZeroIQ McGoo
