|j|☆Syze
|j|☆chinchilla1010x
|t:|1760354218
|gametype|singles
|player|p1|Syze|169|1319
|player|p2|chinchilla1010x|266|1266
|gen|9
|tier|[Gen 9] OU
|rated|
|rule|HP Percentage Mod: HP is shown in percentages
|rule|Endless Battle Clause: Forcing endless battles is banned
|rule|Species Clause: Limit one of each Pokémon
|rule|OHKO Clause: OHKO moves are banned
|rule|Evasion Items Clause: Evasion items are banned
|rule|Evasion Moves Clause: Evasion moves are banned
|rule|Evasion Abilities Clause: Evasion abilities are banned
|rule|Sleep Moves Clause: Sleep-inducing moves are banned
|clearpoke
|poke|p1|Hoopa-Unbound|
|poke|p1|Gliscor, M|
|poke|p1|Heatran, F|
|poke|p1|Dragapult, M|
|poke|p1|Quaquaval, M|
|poke|p1|Zapdos|
|poke|p2|Glimmora, M|
|poke|p2|Dragapult, F|
|poke|p2|Charizard, M|
|poke|p2|Comfey, M|
|poke|p2|Araquanid, F|
|poke|p2|Frosmoth, M|
|teampreview
|inactive|Battle timer is ON: inactive players will automatically lose when time's up. (requested by Syze)
|
|t:|1760354232
|teamsize|p1|6
|teamsize|p2|6
|start
|switch|p1a: Staple|Heatran, F|100/100
|switch|p2a: Araquanid|Araquanid, F|100/100
|turn|1
|
|t:|1760354245
|switch|p1a: Zapdos|Zapdos, shiny|100/100
|move|p2a: Araquanid|Sticky Web|p1a: Zapdos
|-sidestart|p1: Syze|move: Sticky Web
|
|upkeep
|turn|2
|
|t:|1760354258
|move|p1a: Zapdos|Volt Switch|p2a: Araquanid
|-supereffective|p2a: Araquanid
|-damage|p2a: Araquanid|57/100
|
|t:|1760354274
|switch|p1a: Scarf|Dragapult, M, shiny|100/100|[from] Volt Switch
|-activate|p1a: Scarf|move: Sticky Web
|-unboost|p1a: Scarf|spe|1
|move|p2a: Araquanid|Mirror Coat|p1a: Scarf
|-damage|p1a: Scarf|8/100
|
|-heal|p2a: Araquanid|64/100|[from] item: Leftovers
|upkeep
|turn|3
|
|t:|1760354287
|move|p1a: Scarf|U-turn|p2a: Araquanid
|-damage|p2a: Araquanid|46/100
|
|t:|1760354293
|switch|p1a: Zapdos|Zapdos, shiny|100/100|[from] U-turn
|move|p2a: Araquanid|Leech Life|p1a: Zapdos
|-resisted|p1a: Zapdos
|-damage|p1a: Zapdos|89/100
|-heal|p2a: Araquanid|53/100|[from] drain|[of] p1a: Zapdos
|-status|p2a: Araquanid|par|[from] ability: Static|[of] p1a: Zapdos
|
|-heal|p2a: Araquanid|59/100 par|[from] item: Leftovers
|upkeep
|turn|4
|
|t:|1760354302
|move|p1a: Zapdos|Hurricane|p2a: Araquanid
|-supereffective|p2a: Araquanid
|-damage|p2a: Araquanid|0 fnt
|faint|p2a: Araquanid
|
|upkeep
|
|t:|1760354306
|switch|p2a: Frosmoth|Frosmoth, M|100/100
|turn|5
|
|t:|1760354311
|-terastallize|p2a: Frosmoth|Ground
|move|p1a: Zapdos|Volt Switch|p2a: Frosmoth
|-immune|p2a: Frosmoth
|move|p2a: Frosmoth|Quiver Dance|p2a: Frosmoth
|-boost|p2a: Frosmoth|spa|1
|-boost|p2a: Frosmoth|spd|1
|-boost|p2a: Frosmoth|spe|1
|
|upkeep
|turn|6
|
|t:|1760354323
|switch|p1a: Staple|Heatran, F|100/100
|-activate|p1a: Staple|move: Sticky Web
|-unboost|p1a: Staple|spe|1
|move|p2a: Frosmoth|Quiver Dance|p2a: Frosmoth
|-boost|p2a: Frosmoth|spa|1
|-boost|p2a: Frosmoth|spd|1
|-boost|p2a: Frosmoth|spe|1
|
|upkeep
|turn|7
|
|t:|1760354327
|-terastallize|p1a: Staple|Grass
|move|p2a: Frosmoth|Tera Blast|p1a: Staple|[anim] Tera Blast Ground
|-resisted|p1a: Staple
|-damage|p1a: Staple|73/100
|move|p1a: Staple|Magma Storm|p2a: Frosmoth
|-damage|p2a: Frosmoth|87/100
|-activate|p2a: Frosmoth|move: Magma Storm|[of] p1a: Staple
|
|-heal|p2a: Frosmoth|93/100|[from] item: Leftovers
|-heal|p1a: Staple|80/100|[from] item: Leftovers
|-damage|p2a: Frosmoth|80/100|[from] move: Magma Storm|[partiallytrapped]
|upkeep
|turn|8
|
|t:|1760354337
|move|p2a: Frosmoth|Ice Beam|p1a: Staple
|-supereffective|p1a: Staple
|-damage|p1a: Staple|0 fnt
|faint|p1a: Staple
|
|-heal|p2a: Frosmoth|86/100|[from] item: Leftovers
|-end|p2a: Frosmoth|Magma Storm|[partiallytrapped]|[silent]
|upkeep
|
|t:|1760354358
|switch|p1a: Quaquaquaqua|Quaquaval, M, shiny|100/100
|turn|9
|
|t:|1760354361
|move|p2a: Frosmoth|Giga Drain|p1a: Quaquaquaqua
|-supereffective|p1a: Quaquaquaqua
|-damage|p1a: Quaquaquaqua|0 fnt
|-heal|p2a: Frosmoth|100/100|[from] drain|[of] p1a: Quaquaquaqua
|faint|p1a: Quaquaquaqua
|
|upkeep
|-message|Syze forfeited.
|
|win|chinchilla1010x
|raw|Syze's rating: 1319 &rarr; <strong>1296</strong><br />(-23 for losing)
|raw|chinchilla1010x's rating: 1266 &rarr; <strong>1295</strong><br />(+29 for winning)
|l|☆Syze
|player|p1|
|l|☆chinchilla1010x
|player|p2|
