|j|☆dannyfanta
|j|☆Most haxed
|t:|1760419085
|gametype|singles
|player|p1|dannyfanta|proton|1053
|player|p2|Most haxed|102|1076
|gen|9
|tier|[Gen 9] OU
|rated|
|rule|HP Percentage Mod: HP is shown in percentages
|rule|Endless Battle Clause: Forcing endless battles is banned
|rule|Species Clause: Limit one of each Pokémon
|rule|OHKO Clause: OHKO moves are banned
|rule|Evasion Items Clause: Evasion items are banned
|rule|Evasion Moves Clause: Evasion moves are banned
|rule|Evasion Abilities Clause: Evasion abilities are banned
|rule|Sleep Moves Clause: Sleep-inducing moves are banned
|clearpoke
|poke|p1|Great Tusk|
|poke|p1|Kingambit, M|
|poke|p1|Gholdengo|
|poke|p1|Dragapult, M|
|poke|p1|Iron Valiant|
|poke|p1|Ting-Lu|
|poke|p2|Pelipper, M|
|poke|p2|Porygon-Z|
|poke|p2|Ogerpon-Wellspring, F|
|poke|p2|Latios, M|
|poke|p2|Magnezone|
|poke|p2|Araquanid, M|
|teampreview
|
|t:|1760419096
|teamsize|p1|6
|teamsize|p2|6
|start
|switch|p1a: Iron Valiant|Iron Valiant|100/100
|switch|p2a: Pelipper|Pelipper, M|100/100
|-weather|RainDance|[from] ability: Drizzle|[of] p2a: Pelipper
|-enditem|p1a: Iron Valiant|Booster Energy
|-activate|p1a: Iron Valiant|ability: Quark Drive|[fromitem]
|-start|p1a: Iron Valiant|quarkdriveatk
|turn|1
|
|t:|1760419112
|-terastallize|p2a: Pelipper|Ground
|move|p1a: Iron Valiant|Psycho Cut|p2a: Pelipper
|-damage|p2a: Pelipper|75/100
|move|p2a: Pelipper|Hurricane|p1a: Iron Valiant
|-supereffective|p1a: Iron Valiant
|-damage|p1a: Iron Valiant|0 fnt
|faint|p1a: Iron Valiant
|-end|p1a: Iron Valiant|Quark Drive|[silent]
|
|-weather|RainDance|[upkeep]
|upkeep
|
|t:|1760419126
|switch|p1a: Ting-Lu|Ting-Lu|100/100
|-ability|p1a: Ting-Lu|Vessel of Ruin
|turn|2
|
|t:|1760419129
|move|p2a: Pelipper|Tailwind|p2a: Pelipper
|-sidestart|p2: Most haxed|move: Tailwind
|move|p1a: Ting-Lu|Snarl|p2a: Pelipper
|-damage|p2a: Pelipper|63/100
|-unboost|p2a: Pelipper|spa|1
|
|-weather|RainDance|[upkeep]
|upkeep
|turn|3
|
|t:|1760419134
|move|p2a: Pelipper|U-turn|p1a: Ting-Lu
|-supereffective|p1a: Ting-Lu
|-damage|p1a: Ting-Lu|93/100
|
|t:|1760419136
|switch|p2a: Ogerpon|Ogerpon-Wellspring, F|100/100|[from] U-turn
|move|p1a: Ting-Lu|Stealth Rock|p2a: Ogerpon
|-sidestart|p2: Most haxed|move: Stealth Rock
|
|-weather|RainDance|[upkeep]
|-heal|p1a: Ting-Lu|99/100|[from] item: Leftovers
|upkeep
|turn|4
|
|t:|1760419144
|move|p2a: Ogerpon|Swords Dance|p2a: Ogerpon
|-boost|p2a: Ogerpon|atk|2
|move|p1a: Ting-Lu|Whirlwind|p2a: Ogerpon
|drag|p2a: Araquanid|Araquanid, M|100/100
|-damage|p2a: Araquanid|76/100|[from] Stealth Rock
|
|-weather|RainDance|[upkeep]
|-heal|p1a: Ting-Lu|100/100|[from] item: Leftovers
|upkeep
|turn|5
|
|t:|1760419148
|move|p2a: Araquanid|Liquidation|p1a: Ting-Lu
|-supereffective|p1a: Ting-Lu
|-damage|p1a: Ting-Lu|23/100
|move|p1a: Ting-Lu|Whirlwind|p2a: Araquanid
|drag|p2a: Porygon-Z|Porygon-Z|100/100
|-damage|p2a: Porygon-Z|88/100|[from] Stealth Rock
|
|-weather|none
|-heal|p1a: Ting-Lu|29/100|[from] item: Leftovers
|-sideend|p2: Most haxed|move: Tailwind
|upkeep
|turn|6
|
|t:|1760419156
|move|p2a: Porygon-Z|Ice Beam|p1a: Ting-Lu
|-supereffective|p1a: Ting-Lu
|-damage|p1a: Ting-Lu|0 fnt
|faint|p1a: Ting-Lu
|
|upkeep
|
|t:|1760419160
|switch|p1a: Great Tusk|Great Tusk|100/100
|turn|7
|
|t:|1760419165
|switch|p2a: Pelipper|Pelipper, M, tera:Ground|63/100
|-weather|RainDance|[from] ability: Drizzle|[of] p2a: Pelipper
|move|p1a: Great Tusk|Rapid Spin|p2a: Pelipper
|-crit|p2a: Pelipper
|-damage|p2a: Pelipper|41/100
|-boost|p1a: Great Tusk|spe|1
|
|-weather|RainDance|[upkeep]
|upkeep
|turn|8
|
|t:|1760419175
|move|p1a: Great Tusk|Ice Spinner|p2a: Pelipper
|-supereffective|p2a: Pelipper
|-damage|p2a: Pelipper|0 fnt
|faint|p2a: Pelipper
|
|-weather|RainDance|[upkeep]
|upkeep
|
|t:|1760419180
|switch|p2a: Ogerpon|Ogerpon-Wellspring, F|100/100
|-damage|p2a: Ogerpon|88/100|[from] Stealth Rock
|turn|9
|
|t:|1760419188
|move|p1a: Great Tusk|Ice Spinner|p2a: Ogerpon
|-crit|p2a: Ogerpon
|-damage|p2a: Ogerpon|38/100
|move|p2a: Ogerpon|Trailblaze|p1a: Great Tusk
|-supereffective|p1a: Great Tusk
|-damage|p1a: Great Tusk|58/100
|-boost|p2a: Ogerpon|spe|1
|
|-weather|RainDance|[upkeep]
|upkeep
|turn|10
|
|t:|1760419195
|move|p2a: Ogerpon|Horn Leech|p1a: Great Tusk
|-supereffective|p1a: Great Tusk
|-damage|p1a: Great Tusk|0 fnt
|-heal|p2a: Ogerpon|73/100|[from] drain|[of] p1a: Great Tusk
|faint|p1a: Great Tusk
|-end|p1a: Great Tusk|Protosynthesis|[silent]
|
|-weather|RainDance|[upkeep]
|upkeep
|
|t:|1760419200
|switch|p1a: Dragapult|Dragapult, M|100/100
|turn|11
|
|t:|1760419206
|switch|p2a: Magnezone|Magnezone|100/100
|-damage|p2a: Magnezone|94/100|[from] Stealth Rock
|move|p1a: Dragapult|Shadow Ball|p2a: Magnezone
|-damage|p2a: Magnezone|45/100
|
|-weather|none
|upkeep
|turn|12
|
|t:|1760419213
|move|p1a: Dragapult|Shadow Ball|p2a: Magnezone
|-crit|p2a: Magnezone
|-damage|p2a: Magnezone|0 fnt
|faint|p2a: Magnezone
|
|upkeep
|
|t:|1760419221
|switch|p2a: Latios|Latios, M|100/100
|-damage|p2a: Latios|88/100|[from] Stealth Rock
|turn|13
|
|t:|1760419224
|move|p2a: Latios|Draco Meteor|p1a: Dragapult
|-supereffective|p1a: Dragapult
|-damage|p1a: Dragapult|0 fnt
|-unboost|p2a: Latios|spa|2
|faint|p1a: Dragapult
|
|upkeep
|
|t:|1760419227
|switch|p1a: Gholdengo|Gholdengo|100/100
|turn|14
|
|t:|1760419234
|switch|p2a: Porygon-Z|Porygon-Z|88/100
|-damage|p2a: Porygon-Z|75/100|[from] Stealth Rock
|move|p1a: Gholdengo|Make It Rain|p2a: Porygon-Z
|-damage|p2a: Porygon-Z|0 fnt
|-unboost|p1a: Gholdengo|spa|1
|faint|p2a: Porygon-Z
|-damage|p1a: Gholdengo|91/100|[from] item: Life Orb
|
|upkeep
|
|t:|1760419237
|switch|p2a: Araquanid|Araquanid, M|76/100
|-damage|p2a: Araquanid|51/100|[from] Stealth Rock
|turn|15
|
|t:|1760419247
|move|p1a: Gholdengo|Trick|p2a: Araquanid
|-activate|p1a: Gholdengo|move: Trick|[of] p2a: Araquanid
|-item|p2a: Araquanid|Life Orb|[from] move: Trick
|-item|p1a: Gholdengo|Mystic Water|[from] move: Trick
|move|p2a: Araquanid|Liquidation|p1a: Gholdengo
|-damage|p1a: Gholdengo|11/100
|-damage|p2a: Araquanid|41/100|[from] item: Life Orb
|
|upkeep
|turn|16
|
|t:|1760419260
|move|p1a: Gholdengo|Thunderbolt|p2a: Araquanid
|-supereffective|p2a: Araquanid
|-damage|p2a: Araquanid|13/100
|move|p2a: Araquanid|Rest|p2a: Araquanid
|-status|p2a: Araquanid|slp|[from] move: Rest
|-heal|p2a: Araquanid|100/100 slp|[silent]
|
|upkeep
|turn|17
|
|t:|1760419266
|switch|p1a: Kingambit|Kingambit, M|100/100
|-activate|p1a: Kingambit|ability: Supreme Overlord
|-start|p1a: Kingambit|fallen4|[silent]
|cant|p2a: Araquanid|slp
|move|p2a: Araquanid|Sleep Talk|p2a: Araquanid
|move|p2a: Araquanid|Iron Defense|p2a: Araquanid|[from] move: Sleep Talk
|-boost|p2a: Araquanid|def|2
|
|upkeep
|turn|18
|
|t:|1760419270
|-end|p1a: Kingambit|fallen4|[silent]
|switch|p1a: Gholdengo|Gholdengo|11/100
|cant|p2a: Araquanid|slp
|move|p2a: Araquanid|Sleep Talk|p2a: Araquanid
|move|p2a: Araquanid|Liquidation|p1a: Gholdengo|[from] move: Sleep Talk
|-damage|p1a: Gholdengo|0 fnt
|faint|p1a: Gholdengo
|-damage|p2a: Araquanid|91/100 slp|[from] item: Life Orb
|
|upkeep
|
|t:|1760419275
|switch|p1a: Kingambit|Kingambit, M|100/100
|-activate|p1a: Kingambit|ability: Supreme Overlord
|-start|p1a: Kingambit|fallen5|[silent]
|turn|19
|
|t:|1760419283
|move|p1a: Kingambit|Sucker Punch|p2a: Araquanid
|-damage|p2a: Araquanid|57/100 slp
|-curestatus|p2a: Araquanid|slp|[msg]
|move|p2a: Araquanid|Liquidation|p1a: Kingambit
|-damage|p1a: Kingambit|51/100
|-damage|p2a: Araquanid|47/100|[from] item: Life Orb
|
|-heal|p1a: Kingambit|57/100|[from] item: Leftovers
|upkeep
|turn|20
|
|t:|1760419287
|move|p1a: Kingambit|Iron Head|p2a: Araquanid
|-resisted|p2a: Araquanid
|-damage|p2a: Araquanid|28/100
|move|p2a: Araquanid|Iron Defense|p2a: Araquanid
|-boost|p2a: Araquanid|def|2
|
|-heal|p1a: Kingambit|63/100|[from] item: Leftovers
|upkeep
|turn|21
|
|t:|1760419292
|move|p1a: Kingambit|Kowtow Cleave|p2a: Araquanid
|-damage|p2a: Araquanid|4/100
|move|p2a: Araquanid|Rest|p2a: Araquanid
|-status|p2a: Araquanid|slp|[from] move: Rest
|-heal|p2a: Araquanid|100/100 slp|[silent]
|
|-heal|p1a: Kingambit|69/100|[from] item: Leftovers
|upkeep
|turn|22
|
|t:|1760419296
|move|p1a: Kingambit|Swords Dance|p1a: Kingambit
|-boost|p1a: Kingambit|atk|2
|cant|p2a: Araquanid|slp
|move|p2a: Araquanid|Sleep Talk|p2a: Araquanid
|move|p2a: Araquanid|Iron Defense|p2a: Araquanid|[from] move: Sleep Talk
|-boost|p2a: Araquanid|def|2
|
|-heal|p1a: Kingambit|75/100|[from] item: Leftovers
|upkeep
|turn|23
|
|t:|1760419299
|move|p1a: Kingambit|Swords Dance|p1a: Kingambit
|-boost|p1a: Kingambit|atk|2
|cant|p2a: Araquanid|slp
|move|p2a: Araquanid|Sleep Talk|p2a: Araquanid
|move|p2a: Araquanid|Iron Defense|p2a: Araquanid|[from] move: Sleep Talk
|-boost|p2a: Araquanid|def|0
|
|-heal|p1a: Kingambit|81/100|[from] item: Leftovers
|upkeep
|turn|24
|
|t:|1760419303
|move|p1a: Kingambit|Swords Dance|p1a: Kingambit
|-boost|p1a: Kingambit|atk|2
|-curestatus|p2a: Araquanid|slp|[msg]
|move|p2a: Araquanid|Liquidation|p1a: Kingambit
|-damage|p1a: Kingambit|36/100
|-damage|p2a: Araquanid|91/100|[from] item: Life Orb
|
|-heal|p1a: Kingambit|42/100|[from] item: Leftovers
|upkeep
|turn|25
|
|t:|1760419310
|move|p1a: Kingambit|Kowtow Cleave|p2a: Araquanid
|-damage|p2a: Araquanid|19/100
|move|p2a: Araquanid|Liquidation|p1a: Kingambit
|-damage|p1a: Kingambit|0 fnt
|faint|p1a: Kingambit
|-end|p1a: Kingambit|fallen5|[silent]
|-damage|p2a: Araquanid|10/100|[from] item: Life Orb
|
|win|Most haxed
|raw|dannyfanta's rating: 1053 &rarr; <strong>1036</strong><br />(-17 for losing)
|raw|Most haxed's rating: 1076 &rarr; <strong>1103</strong><br />(+27 for winning)
|l|☆dannyfanta
|player|p1|
