|j|☆Its bob Ross
|j|☆Deez nuts 1230
|t:|1760353814
|gametype|singles
|player|p1|Its bob Ross|artist|1298
|player|p2|Deez nuts 1230|biker-gen4|1322
|gen|9
|tier|[Gen 9] OU
|rated|
|rule|HP Percentage Mod: HP is shown in percentages
|rule|Endless Battle Clause: Forcing endless battles is banned
|rule|Species Clause: Limit one of each Pokémon
|rule|OHKO Clause: OHKO moves are banned
|rule|Evasion Items Clause: Evasion items are banned
|rule|Evasion Moves Clause: Evasion moves are banned
|rule|Evasion Abilities Clause: Evasion abilities are banned
|rule|Sleep Moves Clause: Sleep-inducing moves are banned
|clearpoke
|poke|p1|Lokix, M|
|poke|p1|Iron Valiant|
|poke|p1|Great Tusk|
|poke|p1|Hydrapple, M|
|poke|p1|Empoleon, M|
|poke|p1|Infernape, F|
|poke|p2|Araquanid, F|
|poke|p2|Gholdengo|
|poke|p2|Enamorus, F|
|poke|p2|Darkrai|
|poke|p2|Mienshao, M|
|poke|p2|Iron Moth|
|teampreview
|inactive|Battle timer is ON: inactive players will automatically lose when time's up. (requested by Deez nuts 1230)
|inactive|Its bob Ross also wants the timer to be on.
|
|t:|1760353826
|teamsize|p1|6
|teamsize|p2|6
|start
|switch|p1a: Lokix|Lokix, M|100/100
|switch|p2a: Araquanid|Araquanid, F|100/100
|turn|1
|
|t:|1760353831
|move|p1a: Lokix|Taunt|p2a: Araquanid
|-start|p2a: Araquanid|move: Taunt
|cant|p2a: Araquanid|move: Taunt|Sticky Web
|
|upkeep
|turn|2
|
|t:|1760353836
|move|p1a: Lokix|U-turn|p2a: Araquanid
|-damage|p2a: Araquanid|62/100
|
|t:|1760353843
|switch|p1a: Empoleon|Empoleon, M|100/100|[from] U-turn
|move|p2a: Araquanid|Surf|p1a: Empoleon
|-resisted|p1a: Empoleon
|-damage|p1a: Empoleon|84/100
|
|-heal|p1a: Empoleon|91/100|[from] item: Leftovers
|upkeep
|turn|3
|
|t:|1760353856
|move|p1a: Empoleon|Flash Cannon|p2a: Araquanid
|-resisted|p2a: Araquanid
|-damage|p2a: Araquanid|53/100
|-unboost|p2a: Araquanid|spd|1
|move|p2a: Araquanid|Endeavor|p1a: Empoleon
|-damage|p1a: Empoleon|48/100
|
|-heal|p1a: Empoleon|55/100|[from] item: Leftovers
|-end|p2a: Araquanid|move: Taunt
|upkeep
|turn|4
|
|t:|1760353866
|move|p1a: Empoleon|Flip Turn|p2a: Araquanid
|-resisted|p2a: Araquanid
|-damage|p2a: Araquanid|43/100
|
|t:|1760353872
|switch|p1a: Hydrapple|Hydrapple, M|100/100|[from] Flip Turn
|move|p2a: Araquanid|Mirror Coat||[still]
|-fail|p2a: Araquanid
|
|upkeep
|turn|5
|
|t:|1760353877
|move|p1a: Hydrapple|Fickle Beam|p2a: Araquanid|[anim] Fickle Beam All Out
|-activate|p1a: Hydrapple|move: Fickle Beam
|-damage|p2a: Araquanid|0 fnt
|faint|p2a: Araquanid
|
|upkeep
|
|t:|1760353886
|switch|p2a: Darkrai|Darkrai|100/100
|turn|6
|
|t:|1760353892
|switch|p1a: Empoleon|Empoleon, M|55/100
|move|p2a: Darkrai|Substitute|p2a: Darkrai
|-start|p2a: Darkrai|Substitute
|-damage|p2a: Darkrai|76/100
|
|-heal|p2a: Darkrai|82/100|[from] item: Leftovers
|-heal|p1a: Empoleon|61/100|[from] item: Leftovers
|upkeep
|turn|7
|
|t:|1760353898
|move|p1a: Empoleon|Vacuum Wave|p2a: Darkrai
|-supereffective|p2a: Darkrai
|-end|p2a: Darkrai|Substitute
|move|p2a: Darkrai|Nasty Plot|p2a: Darkrai
|-boost|p2a: Darkrai|spa|2
|
|-heal|p2a: Darkrai|88/100|[from] item: Leftovers
|-heal|p1a: Empoleon|67/100|[from] item: Leftovers
|upkeep
|turn|8
|
|t:|1760353905
|-terastallize|p2a: Darkrai|Poison
|move|p1a: Empoleon|Vacuum Wave|p2a: Darkrai
|-resisted|p2a: Darkrai
|-damage|p2a: Darkrai|81/100
|move|p2a: Darkrai|Substitute|p2a: Darkrai
|-start|p2a: Darkrai|Substitute
|-damage|p2a: Darkrai|56/100
|
|-heal|p2a: Darkrai|62/100|[from] item: Leftovers
|-heal|p1a: Empoleon|73/100|[from] item: Leftovers
|upkeep
|turn|9
|
|t:|1760353911
|move|p2a: Darkrai|Dark Pulse|p1a: Empoleon
|-damage|p1a: Empoleon|6/100
|move|p1a: Empoleon|Flash Cannon|p2a: Darkrai
|-end|p2a: Darkrai|Substitute
|
|-heal|p2a: Darkrai|68/100|[from] item: Leftovers
|-heal|p1a: Empoleon|12/100|[from] item: Leftovers
|upkeep
|turn|10
|
|t:|1760353916
|move|p2a: Darkrai|Dark Pulse|p1a: Empoleon
|-damage|p1a: Empoleon|0 fnt
|faint|p1a: Empoleon
|
|-heal|p2a: Darkrai|75/100|[from] item: Leftovers
|upkeep
|
|t:|1760353928
|switch|p1a: Infernape|Infernape, F|100/100
|turn|11
|
|t:|1760353935
|move|p2a: Darkrai|Substitute|p2a: Darkrai
|-start|p2a: Darkrai|Substitute
|-damage|p2a: Darkrai|50/100
|move|p1a: Infernape|Fire Blast|p2a: Darkrai|[miss]
|-miss|p1a: Infernape|p2a: Darkrai
|
|-heal|p2a: Darkrai|56/100|[from] item: Leftovers
|upkeep
|turn|12
|
|t:|1760353941
|move|p2a: Darkrai|Nasty Plot|p2a: Darkrai
|-boost|p2a: Darkrai|spa|2
|move|p1a: Infernape|Fire Blast|p2a: Darkrai
|-end|p2a: Darkrai|Substitute
|
|-heal|p2a: Darkrai|62/100|[from] item: Leftovers
|upkeep
|turn|13
|
|t:|1760353948
|move|p2a: Darkrai|Dark Pulse|p1a: Infernape
|-resisted|p1a: Infernape
|-enditem|p1a: Infernape|Focus Sash
|-damage|p1a: Infernape|1/100
|cant|p1a: Infernape|flinch
|
|-heal|p2a: Darkrai|68/100|[from] item: Leftovers
|upkeep
|turn|14
|
|t:|1760353955
|move|p2a: Darkrai|Ice Beam|p1a: Infernape
|-resisted|p1a: Infernape
|-damage|p1a: Infernape|0 fnt
|faint|p1a: Infernape
|
|-heal|p2a: Darkrai|74/100|[from] item: Leftovers
|upkeep
|
|t:|1760353960
|switch|p1a: Lokix|Lokix, M|100/100
|turn|15
|
|t:|1760353964
|move|p1a: Lokix|First Impression|p2a: Darkrai
|-resisted|p2a: Darkrai
|-crit|p2a: Darkrai
|-damage|p2a: Darkrai|0 fnt
|faint|p2a: Darkrai
|
|upkeep
|c|☆Its bob Ross|bs
|
|t:|1760353968
|switch|p2a: Iron Moth|Iron Moth|100/100
|-enditem|p2a: Iron Moth|Booster Energy
|-activate|p2a: Iron Moth|ability: Quark Drive|[fromitem]
|-start|p2a: Iron Moth|quarkdrivespe
|turn|16
|
|t:|1760353991
|switch|p1a: Great Tusk|Great Tusk|100/100
|-enditem|p1a: Great Tusk|Booster Energy
|-activate|p1a: Great Tusk|ability: Protosynthesis|[fromitem]
|-start|p1a: Great Tusk|protosynthesisatk
|move|p2a: Iron Moth|Fiery Dance|p1a: Great Tusk
|-damage|p1a: Great Tusk|38/100
|
|upkeep
|turn|17
|
|t:|1760354000
|move|p2a: Iron Moth|Fiery Dance|p1a: Great Tusk
|-damage|p1a: Great Tusk|0 fnt
|faint|p1a: Great Tusk
|-end|p1a: Great Tusk|Protosynthesis|[silent]
|
|upkeep
|
|t:|1760354009
|switch|p1a: Hydrapple|Hydrapple, M|100/100
|turn|18
|
|t:|1760354013
|-terastallize|p1a: Hydrapple|Electric
|move|p2a: Iron Moth|Sludge Wave|p1a: Hydrapple
|-damage|p1a: Hydrapple|76/100
|move|p1a: Hydrapple|Earth Power|p2a: Iron Moth
|-supereffective|p2a: Iron Moth
|-damage|p2a: Iron Moth|7/100
|
|upkeep
|turn|19
|
|t:|1760354021
|move|p2a: Iron Moth|Fiery Dance|p1a: Hydrapple
|-damage|p1a: Hydrapple|55/100
|-boost|p2a: Iron Moth|spa|1
|move|p1a: Hydrapple|Fickle Beam|p2a: Iron Moth
|-damage|p2a: Iron Moth|0 fnt
|faint|p2a: Iron Moth
|-end|p2a: Iron Moth|Quark Drive|[silent]
|
|upkeep
|
|t:|1760354028
|switch|p2a: Enamorus|Enamorus, F|100/100
|turn|20
|
|t:|1760354033
|move|p2a: Enamorus|Earth Power|p1a: Hydrapple
|-supereffective|p1a: Hydrapple
|-damage|p1a: Hydrapple|19/100
|move|p1a: Hydrapple|Tera Blast|p2a: Enamorus|[anim] Tera Blast Electric
|-supereffective|p2a: Enamorus
|-damage|p2a: Enamorus|0 fnt
|faint|p2a: Enamorus
|
|upkeep
|
|t:|1760354038
|switch|p2a: Gholdengo|Gholdengo|100/100
|turn|21
|
|t:|1760354043
|switch|p1a: Iron Valiant|Iron Valiant|100/100
|move|p2a: Gholdengo|Shadow Ball|p1a: Iron Valiant
|-damage|p1a: Iron Valiant|13/100
|
|upkeep
|turn|22
|
|t:|1760354048
|move|p2a: Gholdengo|Shadow Ball|p1a: Iron Valiant
|-damage|p1a: Iron Valiant|0 fnt
|faint|p1a: Iron Valiant
|-end|p1a: Iron Valiant|Quark Drive|[silent]
|
|upkeep
|
|t:|1760354051
|switch|p1a: Lokix|Lokix, M|100/100
|turn|23
|
|t:|1760354054
|move|p2a: Gholdengo|Shadow Ball|p1a: Lokix
|-resisted|p1a: Lokix
|-damage|p1a: Lokix|60/100
|move|p1a: Lokix|Knock Off|p2a: Gholdengo
|-supereffective|p2a: Gholdengo
|-damage|p2a: Gholdengo|0 fnt
|-enditem|p2a: Gholdengo|Choice Scarf|[from] move: Knock Off|[of] p1a: Lokix
|faint|p2a: Gholdengo
|
|upkeep
|
|t:|1760354058
|switch|p2a: Mienshao|Mienshao, M|100/100
|turn|24
|
|t:|1760354065
|move|p2a: Mienshao|Close Combat|p1a: Lokix
|-damage|p1a: Lokix|0 fnt
|-unboost|p2a: Mienshao|def|1
|-unboost|p2a: Mienshao|spd|1
|faint|p1a: Lokix
|
|upkeep
|
|t:|1760354067
|switch|p1a: Hydrapple|Hydrapple, M, tera:Electric|52/100
|turn|25
|
|t:|1760354075
|move|p2a: Mienshao|Close Combat|p1a: Hydrapple
|-damage|p1a: Hydrapple|6/100
|-unboost|p2a: Mienshao|def|1
|-unboost|p2a: Mienshao|spd|1
|move|p1a: Hydrapple|Giga Drain|p2a: Mienshao
|-damage|p2a: Mienshao|0 fnt
|-heal|p1a: Hydrapple|38/100|[from] drain|[of] p2a: Mienshao
|faint|p2a: Mienshao
|
|win|Its bob Ross
|raw|Its bob Ross's rating: 1298 &rarr; <strong>1325</strong><br />(+27 for winning)
|raw|Deez nuts 1230's rating: 1322 &rarr; <strong>1301</strong><br />(-21 for losing)
|l|☆Deez nuts 1230
|player|p2|
|l|☆Its bob Ross
|player|p1|
