|j|☆AlphaDreams
|j|☆Chopi17
|t:|1760339886
|gametype|singles
|player|p1|AlphaDreams|caitlin|1260
|player|p2|Chopi17|giovanni|1217
|gen|9
|tier|[Gen 9] OU
|rated|
|rule|HP Percentage Mod: HP is shown in percentages
|rule|Endless Battle Clause: Forcing endless battles is banned
|rule|Species Clause: Limit one of each Pokémon
|rule|OHKO Clause: OHKO moves are banned
|rule|Evasion Items Clause: Evasion items are banned
|rule|Evasion Moves Clause: Evasion moves are banned
|rule|Evasion Abilities Clause: Evasion abilities are banned
|rule|Sleep Moves Clause: Sleep-inducing moves are banned
|clearpoke
|poke|p1|Hoopa-Unbound|
|poke|p1|Hatterene, F|
|poke|p1|Corviknight, M|
|poke|p1|Landorus-Therian, M|
|poke|p1|Ceruledge, M|
|poke|p1|Iron Treads|
|poke|p2|Lilligant-Hisui, F|
|poke|p2|Walking Wake|
|poke|p2|Great Tusk|
|poke|p2|Cinderace, M|
|poke|p2|Rotom-Wash|
|poke|p2|Torkoal, F|
|teampreview
|
|t:|1760339898
|teamsize|p1|6
|teamsize|p2|6
|start
|switch|p1a: Landorus|Landorus-Therian, M|100/100
|switch|p2a: Cinderace|Cinderace, M|100/100
|-ability|p1a: Landorus|Intimidate|boost
|-unboost|p2a: Cinderace|atk|1
|turn|1
|
|t:|1760339902
|move|p2a: Cinderace|U-turn|p1a: Landorus
|-start|p2a: Cinderace|typechange|Bug|[from] ability: Libero
|-resisted|p1a: Landorus
|-damage|p1a: Landorus|90/100
|-damage|p2a: Cinderace|84/100|[from] item: Rocky Helmet|[of] p1a: Landorus
|
|t:|1760339910
|switch|p2a: Rotom|Rotom-Wash, shiny|100/100|[from] U-turn
|move|p1a: Landorus|Stealth Rock|p2a: Rotom
|-sidestart|p2: Chopi17|move: Stealth Rock
|
|upkeep
|turn|2
|
|t:|1760339918
|move|p1a: Landorus|U-turn|p2a: Rotom
|-damage|p2a: Rotom|80/100
|
|t:|1760339924
|switch|p1a: Hoopa|Hoopa-Unbound|100/100|[from] U-turn
|move|p2a: Rotom|Trick|p1a: Hoopa
|-activate|p2a: Rotom|move: Trick|[of] p1a: Hoopa
|-item|p1a: Hoopa|Choice Specs|[from] move: Trick
|-item|p2a: Rotom|Assault Vest|[from] move: Trick
|
|upkeep
|turn|3
|
|t:|1760339935
|move|p2a: Rotom|Volt Switch|p1a: Hoopa
|-damage|p1a: Hoopa|82/100
|
|t:|1760339939
|switch|p2a: Torkoal|Torkoal, F|100/100|[from] Volt Switch
|-damage|p2a: Torkoal|76/100|[from] Stealth Rock
|-weather|SunnyDay|[from] ability: Drought|[of] p2a: Torkoal
|move|p1a: Hoopa|Psychic Noise|p2a: Torkoal
|-damage|p2a: Torkoal|0 fnt
|faint|p2a: Torkoal
|
|-weather|SunnyDay|[upkeep]
|upkeep
|
|t:|1760339961
|switch|p2a: Great Tusk|Great Tusk|100/100
|-damage|p2a: Great Tusk|98/100|[from] Stealth Rock
|-activate|p2a: Great Tusk|ability: Protosynthesis
|-start|p2a: Great Tusk|protosynthesisatk
|turn|4
|
|t:|1760339966
|move|p2a: Great Tusk|Knock Off|p1a: Hoopa
|-damage|p1a: Hoopa|33/100
|-enditem|p1a: Hoopa|Choice Specs|[from] move: Knock Off|[of] p2a: Great Tusk
|move|p1a: Hoopa|Psychic Noise|p2a: Great Tusk
|-supereffective|p2a: Great Tusk
|-damage|p2a: Great Tusk|0 fnt
|faint|p2a: Great Tusk
|-end|p2a: Great Tusk|Protosynthesis|[silent]
|-item|p1a: Hoopa|Eject Pack|[from] ability: Magician|[of] p2: Great Tusk
|
|-weather|SunnyDay|[upkeep]
|upkeep
|
|t:|1760339974
|switch|p2a: Walking Wake|Walking Wake|100/100
|-damage|p2a: Walking Wake|88/100|[from] Stealth Rock
|-activate|p2a: Walking Wake|ability: Protosynthesis
|-start|p2a: Walking Wake|protosynthesisspe
|turn|5
|
|t:|1760339981
|-terastallize|p1a: Hoopa|Fairy
|move|p2a: Walking Wake|Hydro Steam|p1a: Hoopa
|-damage|p1a: Hoopa|0 fnt
|faint|p1a: Hoopa
|
|-weather|SunnyDay|[upkeep]
|upkeep
|
|t:|1760339986
|switch|p1a: Hatterene|Hatterene, F|100/100
|turn|6
|
|t:|1760339990
|-terastallize|p2a: Walking Wake|Poison
|move|p2a: Walking Wake|Hydro Steam|p1a: Hatterene
|-damage|p1a: Hatterene|12/100
|move|p1a: Hatterene|Draining Kiss|p2a: Walking Wake
|-resisted|p2a: Walking Wake
|-damage|p2a: Walking Wake|75/100
|-heal|p1a: Hatterene|23/100|[from] drain|[of] p2a: Walking Wake
|
|-weather|SunnyDay|[upkeep]
|upkeep
|turn|7
|
|t:|1760339995
|move|p2a: Walking Wake|Hydro Steam|p1a: Hatterene
|-damage|p1a: Hatterene|0 fnt
|faint|p1a: Hatterene
|
|-weather|SunnyDay|[upkeep]
|upkeep
|
|t:|1760340012
|switch|p1a: Ceruledge|Ceruledge, M|100/100
|turn|8
|
|t:|1760340014
|move|p2a: Walking Wake|Hydro Steam|p1a: Ceruledge
|-supereffective|p1a: Ceruledge
|-enditem|p1a: Ceruledge|Focus Sash
|-damage|p1a: Ceruledge|1/100
|move|p1a: Ceruledge|Bitter Blade|p2a: Walking Wake
|-crit|p2a: Walking Wake
|-damage|p2a: Walking Wake|0 fnt
|-heal|p1a: Ceruledge|44/100|[from] drain|[of] p2a: Walking Wake
|faint|p2a: Walking Wake
|-end|p2a: Walking Wake|Protosynthesis|[silent]
|
|-weather|SunnyDay|[upkeep]
|upkeep
|
|t:|1760340026
|switch|p2a: Lilligant|Lilligant-Hisui, F|100/100
|-damage|p2a: Lilligant|94/100|[from] Stealth Rock
|turn|9
|
|t:|1760340031
|switch|p1a: Corviknight|Corviknight, M|100/100
|-ability|p1a: Corviknight|Pressure
|move|p2a: Lilligant|Solar Blade||[still]
|-prepare|p2a: Lilligant|Solar Blade
|-anim|p2a: Lilligant|Solar Blade|p1a: Corviknight
|-resisted|p1a: Corviknight
|-damage|p1a: Corviknight|92/100
|-damage|p2a: Lilligant|78/100|[from] item: Rocky Helmet|[of] p1a: Corviknight
|
|-weather|SunnyDay|[upkeep]
|upkeep
|turn|10
|
|t:|1760340036
|switch|p2a: Rotom|Rotom-Wash, shiny|80/100
|-damage|p2a: Rotom|67/100|[from] Stealth Rock
|move|p1a: Corviknight|Brave Bird|p2a: Rotom
|-resisted|p2a: Rotom
|-damage|p2a: Rotom|50/100
|-damage|p1a: Corviknight|87/100|[from] Recoil
|
|-weather|none
|upkeep
|turn|11
|
|t:|1760340039
|switch|p1a: Iron Treads|Iron Treads|100/100
|move|p2a: Rotom|Volt Switch|p1a: Iron Treads
|-immune|p1a: Iron Treads
|
|upkeep
|turn|12
|
|t:|1760340047
|move|p1a: Iron Treads|Knock Off|p2a: Rotom
|-damage|p2a: Rotom|20/100
|-enditem|p2a: Rotom|Assault Vest|[from] move: Knock Off|[of] p1a: Iron Treads
|move|p2a: Rotom|Volt Switch|p1a: Iron Treads
|-immune|p1a: Iron Treads
|
|upkeep
|turn|13
|
|t:|1760340053
|move|p1a: Iron Treads|Knock Off|p2a: Rotom
|-damage|p2a: Rotom|0 fnt
|faint|p2a: Rotom
|
|upkeep
|
|t:|1760340058
|switch|p2a: Lilligant|Lilligant-Hisui, F|78/100
|-damage|p2a: Lilligant|72/100|[from] Stealth Rock
|turn|14
|
|t:|1760340063
|move|p1a: Iron Treads|Earthquake|p2a: Lilligant
|-resisted|p2a: Lilligant
|-damage|p2a: Lilligant|34/100
|-enditem|p2a: Lilligant|Sitrus Berry|[eat]
|-heal|p2a: Lilligant|59/100|[from] item: Sitrus Berry
|move|p2a: Lilligant|Victory Dance|p2a: Lilligant
|-boost|p2a: Lilligant|atk|1
|-boost|p2a: Lilligant|def|1
|-boost|p2a: Lilligant|spe|1
|
|upkeep
|turn|15
|
|t:|1760340069
|move|p2a: Lilligant|Victory Dance|p2a: Lilligant
|-boost|p2a: Lilligant|atk|1
|-boost|p2a: Lilligant|def|1
|-boost|p2a: Lilligant|spe|1
|move|p1a: Iron Treads|Knock Off|p2a: Lilligant
|-resisted|p2a: Lilligant
|-damage|p2a: Lilligant|51/100
|
|upkeep
|turn|16
|
|t:|1760340071
|move|p2a: Lilligant|Victory Dance|p2a: Lilligant
|-boost|p2a: Lilligant|atk|1
|-boost|p2a: Lilligant|def|1
|-boost|p2a: Lilligant|spe|1
|move|p1a: Iron Treads|Rapid Spin|p2a: Lilligant
|-damage|p2a: Lilligant|40/100
|-boost|p1a: Iron Treads|spe|1
|
|upkeep
|turn|17
|
|t:|1760340076
|move|p2a: Lilligant|Close Combat|p1a: Iron Treads
|-supereffective|p1a: Iron Treads
|-damage|p1a: Iron Treads|0 fnt
|-unboost|p2a: Lilligant|def|1
|-unboost|p2a: Lilligant|spd|1
|faint|p1a: Iron Treads
|-end|p1a: Iron Treads|Quark Drive|[silent]
|
|upkeep
|
|t:|1760340083
|switch|p1a: Landorus|Landorus-Therian, M|90/100
|-ability|p1a: Landorus|Intimidate|boost
|-unboost|p2a: Lilligant|atk|1
|turn|18
|
|t:|1760340087
|move|p2a: Lilligant|Ice Spinner|p1a: Landorus
|-supereffective|p1a: Landorus
|-damage|p1a: Landorus|0 fnt
|-damage|p2a: Lilligant|24/100|[from] item: Rocky Helmet|[of] p1a: Landorus
|faint|p1a: Landorus
|
|upkeep
|
|t:|1760340090
|switch|p1a: Corviknight|Corviknight, M|87/100
|-ability|p1a: Corviknight|Pressure
|turn|19
|
|t:|1760340093
|move|p2a: Lilligant|Ice Spinner|p1a: Corviknight
|-damage|p1a: Corviknight|61/100
|-damage|p2a: Lilligant|8/100|[from] item: Rocky Helmet|[of] p1a: Corviknight
|move|p1a: Corviknight|Roost|p1a: Corviknight
|-heal|p1a: Corviknight|100/100
|-singleturn|p1a: Corviknight|move: Roost
|
|upkeep
|turn|20
|
|t:|1760340096
|move|p2a: Lilligant|Close Combat|p1a: Corviknight
|-damage|p1a: Corviknight|36/100
|-unboost|p2a: Lilligant|def|1
|-unboost|p2a: Lilligant|spd|1
|-damage|p2a: Lilligant|0 fnt|[from] item: Rocky Helmet|[of] p1a: Corviknight
|faint|p2a: Lilligant
|move|p1a: Corviknight|Roost|p1a: Corviknight
|-heal|p1a: Corviknight|86/100
|-singleturn|p1a: Corviknight|move: Roost
|
|upkeep
|
|t:|1760340100
|switch|p2a: Cinderace|Cinderace, M|84/100
|turn|21
|
|t:|1760340103
|move|p2a: Cinderace|Pyro Ball|p1a: Corviknight
|-supereffective|p1a: Corviknight
|-crit|p1a: Corviknight
|-damage|p1a: Corviknight|0 fnt
|faint|p1a: Corviknight
|
|upkeep
|
|t:|1760340105
|switch|p1a: Ceruledge|Ceruledge, M|44/100
|turn|22
|
|t:|1760340108
|move|p2a: Cinderace|Sucker Punch|p1a: Ceruledge
|-start|p2a: Cinderace|typechange|Dark|[from] ability: Libero
|-supereffective|p1a: Ceruledge
|-damage|p1a: Ceruledge|0 fnt
|faint|p1a: Ceruledge
|
|win|Chopi17
|raw|AlphaDreams's rating: 1260 &rarr; <strong>1232</strong><br />(-28 for losing)
|raw|Chopi17's rating: 1217 &rarr; <strong>1245</strong><br />(+28 for winning)
|l|☆AlphaDreams
|player|p1|
|l|☆Chopi17
|player|p2|
