|j|☆Clock Obsessed
|j|☆juanita1111
|t:|1760380597
|gametype|singles
|player|p1|Clock Obsessed|169|1276
|player|p2|juanita1111|101|1274
|gen|9
|tier|[Gen 9] OU
|rated|
|rule|HP Percentage Mod: HP is shown in percentages
|rule|Endless Battle Clause: Forcing endless battles is banned
|rule|Species Clause: Limit one of each Pokémon
|rule|OHKO Clause: OHKO moves are banned
|rule|Evasion Items Clause: Evasion items are banned
|rule|Evasion Moves Clause: Evasion moves are banned
|rule|Evasion Abilities Clause: Evasion abilities are banned
|rule|Sleep Moves Clause: Sleep-inducing moves are banned
|clearpoke
|poke|p1|Garganacl, F|
|poke|p1|Dragapult, F|
|poke|p1|Ogerpon-Wellspring, F|
|poke|p1|Moltres|
|poke|p1|Zamazenta-*|
|poke|p1|Iron Treads|
|poke|p2|Garganacl, F|
|poke|p2|Ogerpon-Wellspring, F|
|poke|p2|Tornadus-Therian, M|
|poke|p2|Great Tusk|
|poke|p2|Iron Valiant|
|poke|p2|Enamorus, F|
|teampreview
|inactive|Battle timer is ON: inactive players will automatically lose when time's up. (requested by juanita1111)
|
|t:|1760380615
|teamsize|p1|6
|teamsize|p2|6
|start
|switch|p1a: Garganacl|Garganacl, F|100/100
|switch|p2a: Tornadus|Tornadus-Therian, M|100/100
|turn|1
|
|t:|1760380630
|move|p2a: Tornadus|Knock Off|p1a: Garganacl
|-damage|p1a: Garganacl|87/100
|-enditem|p1a: Garganacl|Leftovers|[from] move: Knock Off|[of] p2a: Tornadus
|move|p1a: Garganacl|Salt Cure|p2a: Tornadus
|-supereffective|p2a: Tornadus
|-damage|p2a: Tornadus|68/100
|-start|p2a: Tornadus|Salt Cure
|
|-damage|p2a: Tornadus|56/100|[from] Salt Cure
|upkeep
|turn|2
|
|t:|1760380638
|move|p2a: Tornadus|U-turn|p1a: Garganacl
|-damage|p1a: Garganacl|77/100
|
|t:|1760380662
|switch|p2a: Great Tusk|Great Tusk|100/100|[from] U-turn
|move|p1a: Garganacl|Salt Cure|p2a: Great Tusk
|-resisted|p2a: Great Tusk
|-damage|p2a: Great Tusk|98/100
|-start|p2a: Great Tusk|Salt Cure
|
|-damage|p2a: Great Tusk|85/100|[from] Salt Cure
|upkeep
|turn|3
|
|t:|1760380675
|-end|p2a: Great Tusk|Protosynthesis|[silent]
|switch|p2a: Garganacl|Garganacl, F|100/100
|move|p1a: Garganacl|Iron Defense|p1a: Garganacl
|-boost|p1a: Garganacl|def|2
|
|upkeep
|turn|4
|inactive|juanita1111 has 120 seconds left.
|
|t:|1760380712
|move|p1a: Garganacl|Iron Defense|p1a: Garganacl
|-boost|p1a: Garganacl|def|2
|move|p2a: Garganacl|Salt Cure|p1a: Garganacl
|-damage|p1a: Garganacl|74/100
|-start|p1a: Garganacl|Salt Cure
|
|-damage|p1a: Garganacl|62/100|[from] Salt Cure
|upkeep
|turn|5
|
|t:|1760380722
|move|p1a: Garganacl|Body Press|p2a: Garganacl
|-supereffective|p2a: Garganacl
|-damage|p2a: Garganacl|33/100
|move|p2a: Garganacl|Stealth Rock|p1a: Garganacl
|-sidestart|p1: Clock Obsessed|move: Stealth Rock
|
|-heal|p2a: Garganacl|39/100|[from] item: Leftovers
|-damage|p1a: Garganacl|49/100|[from] Salt Cure
|upkeep
|turn|6
|
|t:|1760380731
|switch|p2a: Enamorus|Enamorus, F|100/100
|move|p1a: Garganacl|Body Press|p2a: Enamorus
|-resisted|p2a: Enamorus
|-damage|p2a: Enamorus|75/100
|
|-damage|p1a: Garganacl|37/100|[from] Salt Cure
|upkeep
|turn|7
|inactive|juanita1111 has 120 seconds left.
|
|t:|1760380742
|move|p2a: Enamorus|Moonblast|p1a: Garganacl
|-damage|p1a: Garganacl|3/100
|move|p1a: Garganacl|Salt Cure|p2a: Enamorus
|-supereffective|p2a: Enamorus
|-damage|p2a: Enamorus|32/100
|-start|p2a: Enamorus|Salt Cure
|
|-damage|p2a: Enamorus|20/100|[from] Salt Cure
|-damage|p1a: Garganacl|0 fnt|[from] Salt Cure
|faint|p1a: Garganacl
|upkeep
|
|t:|1760380751
|switch|p1a: Iron Treads|Iron Treads|100/100
|-damage|p1a: Iron Treads|98/100|[from] Stealth Rock
|turn|8
|inactive|juanita1111 has 120 seconds left.
|
|t:|1760380772
|switch|p2a: Great Tusk|Great Tusk|85/100
|move|p1a: Iron Treads|Rapid Spin|p2a: Great Tusk
|-damage|p2a: Great Tusk|76/100
|-boost|p1a: Iron Treads|spe|1
|-damage|p1a: Iron Treads|81/100|[from] item: Rocky Helmet|[of] p2a: Great Tusk
|-sideend|p1: Clock Obsessed|Stealth Rock|[from] move: Rapid Spin|[of] p1a: Iron Treads
|
|-heal|p1a: Iron Treads|87/100|[from] item: Leftovers
|upkeep
|turn|9
|
|t:|1760380789
|-end|p2a: Great Tusk|Protosynthesis|[silent]
|switch|p2a: Tornadus|Tornadus-Therian, M|89/100
|move|p1a: Iron Treads|Knock Off|p2a: Tornadus
|-damage|p2a: Tornadus|63/100
|-enditem|p2a: Tornadus|Heavy-Duty Boots|[from] move: Knock Off|[of] p1a: Iron Treads
|
|-heal|p1a: Iron Treads|93/100|[from] item: Leftovers
|upkeep
|turn|10
|
|t:|1760380800
|move|p1a: Iron Treads|Stealth Rock|p2a: Tornadus
|-sidestart|p2: juanita1111|move: Stealth Rock
|move|p2a: Tornadus|U-turn|p1a: Iron Treads
|-resisted|p1a: Iron Treads
|-damage|p1a: Iron Treads|87/100
|
|t:|1760380817
|switch|p2a: Great Tusk|Great Tusk|76/100|[from] U-turn
|-damage|p2a: Great Tusk|73/100|[from] Stealth Rock
|
|-heal|p1a: Iron Treads|93/100|[from] item: Leftovers
|upkeep
|turn|11
|
|t:|1760380825
|move|p1a: Iron Treads|Earthquake|p2a: Great Tusk
|-damage|p2a: Great Tusk|46/100
|move|p2a: Great Tusk|Rapid Spin|p1a: Iron Treads
|-resisted|p1a: Iron Treads
|-damage|p1a: Iron Treads|87/100
|-boost|p2a: Great Tusk|spe|1
|-sideend|p2: juanita1111|Stealth Rock|[from] move: Rapid Spin|[of] p2a: Great Tusk
|
|-heal|p1a: Iron Treads|93/100|[from] item: Leftovers
|upkeep
|turn|12
|inactive|juanita1111 has 120 seconds left.
|
|t:|1760380847
|move|p2a: Great Tusk|Close Combat|p1a: Iron Treads
|-supereffective|p1a: Iron Treads
|-damage|p1a: Iron Treads|0 fnt
|-unboost|p2a: Great Tusk|def|1
|-unboost|p2a: Great Tusk|spd|1
|faint|p1a: Iron Treads
|-end|p1a: Iron Treads|Quark Drive|[silent]
|
|upkeep
|
|t:|1760380857
|switch|p1a: Ogerpon|Ogerpon-Wellspring, F|100/100
|turn|13
|inactive|juanita1111 has 90 seconds left.
|
|t:|1760380895
|move|p2a: Great Tusk|Headlong Rush|p1a: Ogerpon
|-resisted|p1a: Ogerpon
|-damage|p1a: Ogerpon|68/100
|-unboost|p2a: Great Tusk|def|1
|-unboost|p2a: Great Tusk|spd|1
|move|p1a: Ogerpon|Trailblaze|p2a: Great Tusk
|-supereffective|p2a: Great Tusk
|-damage|p2a: Great Tusk|0 fnt
|-boost|p1a: Ogerpon|spe|1
|-damage|p1a: Ogerpon|52/100|[from] item: Rocky Helmet|[of] p2a: Great Tusk
|faint|p2a: Great Tusk
|-end|p2a: Great Tusk|Protosynthesis|[silent]
|
|upkeep
|
|t:|1760380912
|switch|p2a: Tornadus|Tornadus-Therian, M|96/100
|turn|14
|
|t:|1760380918
|-terastallize|p1a: Ogerpon|Water
|detailschange|p1a: Ogerpon|Ogerpon-Wellspring-Tera, F, tera:Water
|-ability|p1a: Ogerpon|Embody Aspect (Wellspring)|boost
|-boost|p1a: Ogerpon|spd|1
|move|p1a: Ogerpon|Swords Dance|p1a: Ogerpon
|-boost|p1a: Ogerpon|atk|2
|move|p2a: Tornadus|Bleakwind Storm|p1a: Ogerpon
|-damage|p1a: Ogerpon|28/100
|
|upkeep
|turn|15
|inactive|juanita1111 has 90 seconds left.
|
|t:|1760380931
|move|p1a: Ogerpon|Ivy Cudgel|p2a: Tornadus|[anim] Ivy Cudgel Water
|-damage|p2a: Tornadus|0 fnt
|faint|p2a: Tornadus
|
|upkeep
|
|t:|1760380936
|switch|p2a: Iron Valiant|Iron Valiant|100/100
|-enditem|p2a: Iron Valiant|Booster Energy
|-activate|p2a: Iron Valiant|ability: Quark Drive|[fromitem]
|-start|p2a: Iron Valiant|quarkdrivespe
|turn|16
|inactive|juanita1111 has 90 seconds left.
|
|t:|1760380949
|-terastallize|p2a: Iron Valiant|Electric
|move|p2a: Iron Valiant|Thunderbolt|p1a: Ogerpon
|-supereffective|p1a: Ogerpon
|-damage|p1a: Ogerpon|0 fnt
|faint|p1a: Ogerpon
|detailschange|p1: Ogerpon|Ogerpon-Wellspring, F|[silent]
|
|upkeep
|
|t:|1760380959
|switch|p1a: Dragapult|Dragapult, F|100/100
|turn|17
|
|t:|1760380969
|move|p2a: Iron Valiant|Moonblast|p1a: Dragapult
|-supereffective|p1a: Dragapult
|-damage|p1a: Dragapult|0 fnt
|faint|p1a: Dragapult
|
|upkeep
|-message|Clock Obsessed forfeited.
|
|win|juanita1111
|raw|Clock Obsessed's rating: 1276 &rarr; <strong>1251</strong><br />(-25 for losing)
|raw|juanita1111's rating: 1274 &rarr; <strong>1299</strong><br />(+25 for winning)
|l|☆Clock Obsessed
|player|p1|
