|j|☆tatcalataicram
|j|☆LimitlessKieran
|t:|1760445156
|gametype|singles
|player|p1|tatcalataicram|266|1317
|player|p2|LimitlessKieran|1|1365
|gen|9
|tier|[Gen 9] OU
|rated|
|rule|HP Percentage Mod: HP is shown in percentages
|rule|Endless Battle Clause: Forcing endless battles is banned
|rule|Species Clause: Limit one of each Pokémon
|rule|OHKO Clause: OHKO moves are banned
|rule|Evasion Items Clause: Evasion items are banned
|rule|Evasion Moves Clause: Evasion moves are banned
|rule|Evasion Abilities Clause: Evasion abilities are banned
|rule|Sleep Moves Clause: Sleep-inducing moves are banned
|clearpoke
|poke|p1|Zamazenta-*|
|poke|p1|Kingambit, F|
|poke|p1|Iron Treads|
|poke|p1|Ogerpon-Wellspring, F|
|poke|p1|Samurott-Hisui, F|
|poke|p1|Zapdos|
|poke|p2|Dragonite, M|
|poke|p2|Ting-Lu|
|poke|p2|Iron Moth|
|poke|p2|Iron Valiant|
|poke|p2|Kyurem|
|poke|p2|Gholdengo|
|teampreview
|inactive|Battle timer is ON: inactive players will automatically lose when time's up. (requested by tatcalataicram)
|
|t:|1760445168
|teamsize|p1|6
|teamsize|p2|6
|start
|switch|p1a: Samurott|Samurott-Hisui, F|100/100
|switch|p2a: Iron Valiant|Iron Valiant|100/100
|-enditem|p2a: Iron Valiant|Booster Energy
|-activate|p2a: Iron Valiant|ability: Quark Drive|[fromitem]
|-start|p2a: Iron Valiant|quarkdrivespe
|turn|1
|
|t:|1760445178
|-terastallize|p1a: Samurott|Water
|move|p2a: Iron Valiant|Knock Off|p1a: Samurott
|-damage|p1a: Samurott|63/100
|-enditem|p1a: Samurott|Focus Sash|[from] move: Knock Off|[of] p2a: Iron Valiant
|move|p1a: Samurott|Aqua Cutter|p2a: Iron Valiant
|-damage|p2a: Iron Valiant|15/100
|
|upkeep
|turn|2
|
|t:|1760445196
|-end|p2a: Iron Valiant|Quark Drive|[silent]
|switch|p2a: Kyurem|Kyurem|100/100
|-ability|p2a: Kyurem|Pressure
|move|p1a: Samurott|Aqua Cutter|p2a: Kyurem
|-resisted|p2a: Kyurem
|-damage|p2a: Kyurem|70/100
|
|upkeep
|turn|3
|
|t:|1760445203
|move|p1a: Samurott|Sacred Sword|p2a: Kyurem
|-supereffective|p2a: Kyurem
|-damage|p2a: Kyurem|0 fnt
|faint|p2a: Kyurem
|
|upkeep
|
|t:|1760445212
|switch|p2a: Iron Valiant|Iron Valiant|15/100
|turn|4
|
|t:|1760445215
|move|p2a: Iron Valiant|Close Combat|p1a: Samurott
|-damage|p1a: Samurott|0 fnt
|-unboost|p2a: Iron Valiant|def|1
|-unboost|p2a: Iron Valiant|spd|1
|faint|p1a: Samurott
|
|upkeep
|
|t:|1760445227
|switch|p1a: Zamazenta|Zamazenta|100/100
|-ability|p1a: Zamazenta|Dauntless Shield|boost
|-boost|p1a: Zamazenta|def|1
|turn|5
|
|t:|1760445236
|-end|p2a: Iron Valiant|Quark Drive|[silent]
|switch|p2a: Ting-Lu|Ting-Lu|100/100
|-ability|p2a: Ting-Lu|Vessel of Ruin
|move|p1a: Zamazenta|Iron Defense|p1a: Zamazenta
|-boost|p1a: Zamazenta|def|2
|
|upkeep
|turn|6
|
|t:|1760445242
|switch|p2a: Gholdengo|Gholdengo|100/100
|move|p1a: Zamazenta|Substitute|p1a: Zamazenta
|-start|p1a: Zamazenta|Substitute
|-damage|p1a: Zamazenta|76/100
|
|-heal|p1a: Zamazenta|82/100|[from] item: Leftovers
|upkeep
|turn|7
|
|t:|1760445247
|move|p2a: Gholdengo|Shadow Ball|p1a: Zamazenta
|-end|p1a: Zamazenta|Substitute
|move|p1a: Zamazenta|Ice Fang|p2a: Gholdengo|[miss]
|-miss|p1a: Zamazenta|p2a: Gholdengo
|
|-heal|p1a: Zamazenta|88/100|[from] item: Leftovers
|upkeep
|turn|8
|
|t:|1760445256
|switch|p2a: Ting-Lu|Ting-Lu|100/100
|-ability|p2a: Ting-Lu|Vessel of Ruin
|switch|p1a: Zapdos|Zapdos|100/100
|
|upkeep
|turn|9
|
|t:|1760445264
|move|p1a: Zapdos|Hurricane|p2a: Ting-Lu
|-damage|p2a: Ting-Lu|62/100
|-start|p2a: Ting-Lu|confusion
|-activate|p2a: Ting-Lu|confusion
|move|p2a: Ting-Lu|Stealth Rock|p1a: Zapdos
|-sidestart|p1: tatcalataicram|move: Stealth Rock
|
|upkeep
|turn|10
|
|t:|1760445272
|switch|p2a: Iron Valiant|Iron Valiant|15/100
|move|p1a: Zapdos|Hurricane|p2a: Iron Valiant
|-supereffective|p2a: Iron Valiant
|-damage|p2a: Iron Valiant|0 fnt
|faint|p2a: Iron Valiant
|-end|p2a: Iron Valiant|Quark Drive|[silent]
|
|upkeep
|
|t:|1760445276
|switch|p2a: Iron Moth|Iron Moth|100/100
|-enditem|p2a: Iron Moth|Booster Energy
|-activate|p2a: Iron Moth|ability: Quark Drive|[fromitem]
|-start|p2a: Iron Moth|quarkdrivespe
|turn|11
|
|t:|1760445285
|move|p2a: Iron Moth|Fiery Dance|p1a: Zapdos
|-damage|p1a: Zapdos|72/100
|-boost|p2a: Iron Moth|spa|1
|move|p1a: Zapdos|Thunderbolt|p2a: Iron Moth
|-damage|p2a: Iron Moth|50/100
|
|upkeep
|turn|12
|
|t:|1760445299
|move|p2a: Iron Moth|Sludge Wave|p1a: Zapdos
|-damage|p1a: Zapdos|19/100
|move|p1a: Zapdos|Thunderbolt|p2a: Iron Moth
|-damage|p2a: Iron Moth|0 fnt
|faint|p2a: Iron Moth
|-end|p2a: Iron Moth|Quark Drive|[silent]
|
|upkeep
|
|t:|1760445303
|switch|p2a: Gholdengo|Gholdengo|100/100
|turn|13
|
|t:|1760445313
|move|p2a: Gholdengo|Make It Rain|p1a: Zapdos
|-resisted|p1a: Zapdos
|-damage|p1a: Zapdos|0 fnt
|-unboost|p2a: Gholdengo|spa|1
|faint|p1a: Zapdos
|
|upkeep
|
|t:|1760445329
|switch|p1a: Ogerpon|Ogerpon-Wellspring, F|100/100
|-damage|p1a: Ogerpon|88/100|[from] Stealth Rock
|turn|14
|
|t:|1760445335
|switch|p2a: Ting-Lu|Ting-Lu|62/100
|-ability|p2a: Ting-Lu|Vessel of Ruin
|move|p1a: Ogerpon|Swords Dance|p1a: Ogerpon
|-boost|p1a: Ogerpon|atk|2
|
|upkeep
|turn|15
|
|t:|1760445338
|move|p1a: Ogerpon|Ivy Cudgel|p2a: Ting-Lu|[anim] Ivy Cudgel Water
|-supereffective|p2a: Ting-Lu
|-crit|p2a: Ting-Lu
|-damage|p2a: Ting-Lu|0 fnt
|faint|p2a: Ting-Lu
|
|upkeep
|
|t:|1760445341
|switch|p2a: Gholdengo|Gholdengo|100/100
|turn|16
|
|t:|1760445349
|switch|p1a: Iron Treads|Iron Treads|100/100
|-damage|p1a: Iron Treads|97/100|[from] Stealth Rock
|-enditem|p1a: Iron Treads|Booster Energy
|-activate|p1a: Iron Treads|ability: Quark Drive|[fromitem]
|-start|p1a: Iron Treads|quarkdrivespe
|move|p2a: Gholdengo|Shadow Ball|p1a: Iron Treads
|-damage|p1a: Iron Treads|41/100
|
|upkeep
|turn|17
|
|t:|1760445355
|move|p1a: Iron Treads|Earthquake|p2a: Gholdengo
|-supereffective|p2a: Gholdengo
|-damage|p2a: Gholdengo|0 fnt
|faint|p2a: Gholdengo
|
|upkeep
|
|t:|1760445358
|switch|p2a: Dragonite|Dragonite, M|100/100
|turn|18
|
|t:|1760445363
|move|p1a: Iron Treads|Supercell Slam|p2a: Dragonite
|-damage|p2a: Dragonite|84/100
|move|p2a: Dragonite|Dragon Dance|p2a: Dragonite
|-boost|p2a: Dragonite|atk|1
|-boost|p2a: Dragonite|spe|1
|
|upkeep
|turn|19
|
|t:|1760445370
|move|p1a: Iron Treads|Supercell Slam|p2a: Dragonite
|-damage|p2a: Dragonite|51/100
|move|p2a: Dragonite|Earthquake|p1a: Iron Treads
|-supereffective|p1a: Iron Treads
|-damage|p1a: Iron Treads|0 fnt
|faint|p1a: Iron Treads
|-end|p1a: Iron Treads|Quark Drive|[silent]
|
|upkeep
|
|t:|1760445373
|switch|p1a: Kingambit|Kingambit, F|100/100
|-damage|p1a: Kingambit|94/100|[from] Stealth Rock
|-activate|p1a: Kingambit|ability: Supreme Overlord
|-start|p1a: Kingambit|fallen3|[silent]
|turn|20
|
|t:|1760445379
|move|p1a: Kingambit|Sucker Punch||[still]
|-fail|p1a: Kingambit
|move|p2a: Dragonite|Dragon Dance|p2a: Dragonite
|-boost|p2a: Dragonite|atk|1
|-boost|p2a: Dragonite|spe|1
|
|upkeep
|turn|21
|
|t:|1760445385
|move|p1a: Kingambit|Sucker Punch||[still]
|-fail|p1a: Kingambit
|move|p2a: Dragonite|Dragon Dance|p2a: Dragonite
|-boost|p2a: Dragonite|atk|1
|-boost|p2a: Dragonite|spe|1
|
|upkeep
|turn|22
|
|t:|1760445387
|move|p1a: Kingambit|Sucker Punch|p2a: Dragonite
|-damage|p2a: Dragonite|0 fnt
|faint|p2a: Dragonite
|
|win|tatcalataicram
|raw|tatcalataicram's rating: 1317 &rarr; <strong>1340</strong><br />(+23 for winning)
|raw|LimitlessKieran's rating: 1365 &rarr; <strong>1342</strong><br />(-23 for losing)
|l|☆LimitlessKieran
|player|p2|
