|j|☆teamskullenoxa
|j|☆Shanubiki
|t:|1760440522
|gametype|singles
|player|p1|teamskullenoxa|102|1687
|player|p2|Shanubiki|265|1696
|gen|9
|tier|[Gen 9] OU
|rated|
|rule|HP Percentage Mod: HP is shown in percentages
|rule|Endless Battle Clause: Forcing endless battles is banned
|rule|Species Clause: Limit one of each Pokémon
|rule|OHKO Clause: OHKO moves are banned
|rule|Evasion Items Clause: Evasion items are banned
|rule|Evasion Moves Clause: Evasion moves are banned
|rule|Evasion Abilities Clause: Evasion abilities are banned
|rule|Sleep Moves Clause: Sleep-inducing moves are banned
|clearpoke
|poke|p1|Lokix, F|
|poke|p1|Slowking-Galar, F|
|poke|p1|Weavile, F|
|poke|p1|Enamorus, F|
|poke|p1|Alomomola, M|
|poke|p1|Cinderace, F|
|poke|p2|Hoopa-Unbound|
|poke|p2|Corviknight, F|
|poke|p2|Kommo-o, F|
|poke|p2|Iron Treads|
|poke|p2|Iron Moth|
|poke|p2|Ogerpon-Wellspring, F|
|teampreview
|
|t:|1760440545
|teamsize|p1|6
|teamsize|p2|6
|start
|switch|p1a: Lokix|Lokix, F|100/100
|switch|p2a: Corviknight|Corviknight, F|100/100
|-ability|p2a: Corviknight|Pressure
|turn|1
|inactive|Battle timer is ON: inactive players will automatically lose when time's up. (requested by Shanubiki)
|
|t:|1760440553
|move|p1a: Lokix|Knock Off|p2a: Corviknight
|-damage|p2a: Corviknight|73/100
|-damage|p1a: Lokix|84/100|[from] item: Rocky Helmet|[of] p2a: Corviknight
|-enditem|p2a: Corviknight|Rocky Helmet|[from] move: Knock Off|[of] p1a: Lokix
|move|p2a: Corviknight|U-turn|p1a: Lokix
|-supereffective|p1a: Lokix
|-damage|p1a: Lokix|44/100
|
|t:|1760440557
|switch|p2a: Ogerpon|Ogerpon-Wellspring, F|100/100|[from] U-turn
|
|upkeep
|turn|2
|
|t:|1760440564
|switch|p1a: Slowking|Slowking-Galar, F|100/100
|move|p2a: Ogerpon|U-turn|p1a: Slowking
|-damage|p1a: Slowking|79/100
|j| Halfgallon67
|
|t:|1760440572
|switch|p2a: Hoopa|Hoopa-Unbound|100/100|[from] U-turn
|
|upkeep
|turn|3
|
|t:|1760440575
|switch|p1a: Alomomola|Alomomola, M|100/100
|move|p2a: Hoopa|Knock Off|p1a: Alomomola
|-damage|p1a: Alomomola|58/100
|-enditem|p1a: Alomomola|Assault Vest|[from] move: Knock Off|[of] p2a: Hoopa
|
|upkeep
|turn|4
|
|t:|1760440580
|switch|p2a: Kommo-o|Kommo-o, F|100/100
|move|p1a: Alomomola|Flip Turn|p2a: Kommo-o
|-resisted|p2a: Kommo-o
|-damage|p2a: Kommo-o|94/100
|
|t:|1760440586
|switch|p1a: Weavile|Weavile, F|100/100|[from] Flip Turn
|-ability|p1a: Weavile|Pressure
|
|-heal|p2a: Kommo-o|100/100|[from] item: Leftovers
|upkeep
|turn|5
|
|t:|1760440589
|switch|p2a: Corviknight|Corviknight, F|73/100
|-ability|p2a: Corviknight|Pressure
|move|p1a: Weavile|Triple Axel|p2a: Corviknight|[miss]
|-miss|p1a: Weavile|p2a: Corviknight
|
|upkeep
|turn|6
|
|t:|1760440595
|switch|p1a: Slowking|Slowking-Galar, F|100/100
|move|p2a: Corviknight|U-turn|p1a: Slowking
|-damage|p1a: Slowking|90/100
|
|t:|1760440598
|switch|p2a: Iron Treads|Iron Treads|100/100|[from] U-turn
|
|upkeep
|turn|7
|
|t:|1760440602
|move|p2a: Iron Treads|Volt Switch|p1a: Slowking
|-damage|p1a: Slowking|81/100
|
|t:|1760440610
|-end|p2a: Iron Treads|Quark Drive|[silent]
|switch|p2a: Hoopa|Hoopa-Unbound|100/100|[from] Volt Switch
|move|p1a: Slowking|Future Sight|p2a: Hoopa
|-start|p1a: Slowking|move: Future Sight
|
|upkeep
|turn|8
|
|t:|1760440617
|switch|p1a: Alomomola|Alomomola, M|91/100
|move|p2a: Hoopa|Psychic|p1a: Alomomola
|-damage|p1a: Alomomola|52/100
|
|upkeep
|turn|9
|
|t:|1760440621
|move|p2a: Hoopa|Psychic|p1a: Alomomola
|-damage|p1a: Alomomola|16/100
|move|p1a: Alomomola|Flip Turn|p2a: Hoopa
|-damage|p2a: Hoopa|68/100
|
|t:|1760440633
|switch|p1a: Weavile|Weavile, F|100/100|[from] Flip Turn
|-ability|p1a: Weavile|Pressure
|
|-end|p2a: Hoopa|move: Future Sight
|-immune|p2a: Hoopa
|upkeep
|turn|10
|
|t:|1760440636
|switch|p2a: Corviknight|Corviknight, F|73/100
|-ability|p2a: Corviknight|Pressure
|move|p1a: Weavile|Triple Axel|p2a: Corviknight
|-damage|p2a: Corviknight|64/100
|-damage|p2a: Corviknight|46/100
|-damage|p2a: Corviknight|20/100
|-hitcount|p2a: Corviknight|3
|
|upkeep
|turn|11
|
|t:|1760440642
|move|p1a: Weavile|Triple Axel|p2a: Corviknight
|-damage|p2a: Corviknight|12/100
|-damage|p2a: Corviknight|0 fnt
|faint|p2a: Corviknight
|-hitcount|p2: Corviknight|2
|
|upkeep
|
|t:|1760440649
|switch|p2a: Iron Treads|Iron Treads|100/100
|turn|12
|
|t:|1760440653
|move|p1a: Weavile|Triple Axel|p2a: Iron Treads
|-damage|p2a: Iron Treads|88/100
|-damage|p2a: Iron Treads|63/100
|-hitcount|p2a: Iron Treads|2
|move|p2a: Iron Treads|Earthquake|p1a: Weavile
|-damage|p1a: Weavile|0 fnt
|faint|p1a: Weavile
|
|upkeep
|inactive|teamskullenoxa has 120 seconds left.
|
|t:|1760440684
|switch|p1a: Enamorus|Enamorus, F|100/100
|turn|13
|inactive|teamskullenoxa has 120 seconds left.
|
|t:|1760440709
|switch|p1a: Cinderace|Cinderace, F|100/100
|-end|p2a: Iron Treads|Quark Drive|[silent]
|switch|p2a: Iron Moth|Iron Moth|100/100
|-enditem|p2a: Iron Moth|Booster Energy
|-activate|p2a: Iron Moth|ability: Quark Drive|[fromitem]
|-start|p2a: Iron Moth|quarkdrivespe
|
|upkeep
|turn|14
|
|t:|1760440717
|move|p2a: Iron Moth|Fiery Dance|p1a: Cinderace
|-resisted|p1a: Cinderace
|-crit|p1a: Cinderace
|-damage|p1a: Cinderace|53/100
|move|p1a: Cinderace|U-turn|p2a: Iron Moth
|-resisted|p2a: Iron Moth
|-damage|p2a: Iron Moth|92/100
|
|t:|1760440721
|switch|p1a: Alomomola|Alomomola, M|49/100|[from] U-turn
|
|upkeep
|turn|15
|
|t:|1760440725
|move|p2a: Iron Moth|Sludge Wave|p1a: Alomomola
|-damage|p1a: Alomomola|15/100
|move|p1a: Alomomola|Flip Turn|p2a: Iron Moth
|-supereffective|p2a: Iron Moth
|-damage|p2a: Iron Moth|42/100
|
|t:|1760440733
|switch|p1a: Lokix|Lokix, F|44/100|[from] Flip Turn
|
|upkeep
|turn|16
|
|t:|1760440737
|move|p1a: Lokix|First Impression|p2a: Iron Moth
|-resisted|p2a: Iron Moth
|-damage|p2a: Iron Moth|4/100
|move|p2a: Iron Moth|Substitute|p2a: Iron Moth
|-fail|p2a: Iron Moth|move: Substitute|[weak]
|
|upkeep
|turn|17
|
|t:|1760440744
|move|p1a: Lokix|Sucker Punch|p2a: Iron Moth
|-damage|p2a: Iron Moth|0 fnt
|faint|p2a: Iron Moth
|-end|p2a: Iron Moth|Quark Drive|[silent]
|
|upkeep
|
|t:|1760440748
|switch|p2a: Ogerpon|Ogerpon-Wellspring, F|100/100
|turn|18
|
|t:|1760440759
|switch|p1a: Slowking|Slowking-Galar, F|100/100
|move|p2a: Ogerpon|Ivy Cudgel|p1a: Slowking|[anim] Ivy Cudgel Water
|-damage|p1a: Slowking|60/100
|
|upkeep
|turn|19
|
|t:|1760440764
|-terastallize|p2a: Ogerpon|Water
|detailschange|p2a: Ogerpon|Ogerpon-Wellspring-Tera, F, tera:Water
|-ability|p2a: Ogerpon|Embody Aspect (Wellspring)|boost
|-boost|p2a: Ogerpon|spd|1
|move|p2a: Ogerpon|Ivy Cudgel|p1a: Slowking|[anim] Ivy Cudgel Water
|-damage|p1a: Slowking|0 fnt
|faint|p1a: Slowking
|
|upkeep
|j| nonchalantbufalant
|
|t:|1760440779
|switch|p1a: Cinderace|Cinderace, F|53/100
|turn|20
|c| nonchalantbufalant|dr shaboinky in the building
|
|t:|1760440782
|switch|p2a: Kommo-o|Kommo-o, F|100/100
|move|p1a: Cinderace|High Jump Kick|p2a: Kommo-o
|-crit|p2a: Kommo-o
|-damage|p2a: Kommo-o|49/100
|
|-heal|p2a: Kommo-o|55/100|[from] item: Leftovers
|upkeep
|turn|21
|
|t:|1760440791
|move|p1a: Cinderace|High Jump Kick|p2a: Kommo-o
|-damage|p2a: Kommo-o|21/100
|move|p2a: Kommo-o|Stealth Rock|p1a: Cinderace
|-sidestart|p1: teamskullenoxa|move: Stealth Rock
|
|-heal|p2a: Kommo-o|27/100|[from] item: Leftovers
|upkeep
|turn|22
|
|t:|1760440797
|move|p1a: Cinderace|High Jump Kick|p2a: Kommo-o
|-damage|p2a: Kommo-o|0 fnt
|faint|p2a: Kommo-o
|
|upkeep
|
|t:|1760440801
|switch|p2a: Hoopa|Hoopa-Unbound|68/100
|turn|23
|
|t:|1760440805
|move|p2a: Hoopa|Knock Off|p1a: Cinderace
|-damage|p1a: Cinderace|0 fnt
|-enditem|p1a: Cinderace|Heavy-Duty Boots|[from] move: Knock Off|[of] p2a: Hoopa
|faint|p1a: Cinderace
|
|upkeep
|
|t:|1760440828
|switch|p1a: Lokix|Lokix, F|44/100
|-damage|p1a: Lokix|20/100|[from] Stealth Rock
|turn|24
|
|t:|1760440837
|switch|p2a: Iron Treads|Iron Treads|63/100
|move|p1a: Lokix|First Impression|p2a: Iron Treads
|-resisted|p2a: Iron Treads
|-damage|p2a: Iron Treads|18/100
|
|upkeep
|turn|25
|
|t:|1760440845
|-end|p2a: Iron Treads|Quark Drive|[silent]
|switch|p2a: Hoopa|Hoopa-Unbound|68/100
|move|p1a: Lokix|Sucker Punch||[still]
|-fail|p1a: Lokix
|
|upkeep
|turn|26
|
|t:|1760440849
|move|p1a: Lokix|Sucker Punch||[still]
|-fail|p1a: Lokix
|move|p2a: Hoopa|Trick|p1a: Lokix
|-activate|p2a: Hoopa|move: Trick|[of] p1a: Lokix
|-item|p1a: Lokix|Choice Scarf|[from] move: Trick
|-item|p2a: Hoopa|Silver Powder|[from] move: Trick
|
|upkeep
|turn|27
|inactive|teamskullenoxa has 120 seconds left.
|
|t:|1760440899
|switch|p2a: Ogerpon|Ogerpon-Wellspring-Tera, F, tera:Water|100/100
|-ability|p2a: Ogerpon|Embody Aspect (Wellspring)|boost
|-boost|p2a: Ogerpon|spd|1
|move|p1a: Lokix|Knock Off|p2a: Ogerpon
|-damage|p2a: Ogerpon|61/100
|
|upkeep
|turn|28
|
|t:|1760440909
|move|p1a: Lokix|Knock Off|p2a: Ogerpon
|-damage|p2a: Ogerpon|20/100
|move|p2a: Ogerpon|Horn Leech|p1a: Lokix
|-resisted|p1a: Lokix
|-damage|p1a: Lokix|0 fnt
|-heal|p2a: Ogerpon|29/100|[from] drain|[of] p1a: Lokix
|faint|p1a: Lokix
|
|upkeep
|
|t:|1760440911
|switch|p1a: Enamorus|Enamorus, F|100/100
|-damage|p1a: Enamorus|76/100|[from] Stealth Rock
|turn|29
|inactive|teamskullenoxa has 120 seconds left.
|
|t:|1760440917
|-terastallize|p1a: Enamorus|Stellar
|move|p1a: Enamorus|Tera Blast|p2a: Ogerpon|[anim] Tera Blast Stellar
|-supereffective|p2a: Ogerpon
|-damage|p2a: Ogerpon|0 fnt
|-boost|p1a: Enamorus|atk|1
|-boost|p1a: Enamorus|spa|1
|faint|p2a: Ogerpon
|detailschange|p2: Ogerpon|Ogerpon-Wellspring, F|[silent]
|
|upkeep
|-message|Shanubiki forfeited.
|
|win|teamskullenoxa
|raw|teamskullenoxa's rating: 1687 &rarr; <strong>1708</strong><br />(+21 for winning)
|raw|Shanubiki's rating: 1696 &rarr; <strong>1675</strong><br />(-21 for losing)
|l|☆Shanubiki
|player|p2|
|l| nonchalantbufalant
|l|☆teamskullenoxa
|player|p1|
|l| Halfgallon67
