|badge|p1|bronze|gen9ou|100-7
|uhtml|medal-msg|<div class="broadcast-blue">Curious what those medals under the avatar are? PS now has Ladder Seasons! For more information, check out the <a href="https://www.smogon.com/forums/threads/3740067/">thread on Smogon.</a></div>
|j|☆Johnny tots
|j|☆yesterdaymister
|t:|1760317046
|gametype|singles
|player|p1|Johnny tots|102|1852
|player|p2|yesterdaymister|striker|1807
|gen|9
|tier|[Gen 9] OU
|rated|
|rule|HP Percentage Mod: HP is shown in percentages
|rule|Endless Battle Clause: Forcing endless battles is banned
|rule|Species Clause: Limit one of each Pokémon
|rule|OHKO Clause: OHKO moves are banned
|rule|Evasion Items Clause: Evasion items are banned
|rule|Evasion Moves Clause: Evasion moves are banned
|rule|Evasion Abilities Clause: Evasion abilities are banned
|rule|Sleep Moves Clause: Sleep-inducing moves are banned
|clearpoke
|poke|p1|Rillaboom, F|
|poke|p1|Klefki, F|
|poke|p1|Manaphy|
|poke|p1|Ogerpon-Wellspring, F|
|poke|p1|Maushold-Four|
|poke|p1|Clefable, M|
|poke|p2|Ninetales, M|
|poke|p2|Ceruledge, F|
|poke|p2|Venusaur, F|
|poke|p2|Hatterene, F|
|poke|p2|Great Tusk|
|poke|p2|Walking Wake|
|teampreview
|inactive|Battle timer is ON: inactive players will automatically lose when time's up. (requested by yesterdaymister)
|
|t:|1760317058
|teamsize|p1|6
|teamsize|p2|6
|start
|switch|p1a: Klefki|Klefki, F|100/100
|switch|p2a: arda guler|Ninetales, M|100/100
|-weather|SunnyDay|[from] ability: Drought|[of] p2a: arda guler
|turn|1
|
|t:|1760317065
|move|p1a: Klefki|Light Screen|p1a: Klefki
|-sidestart|p1: Johnny tots|move: Light Screen
|move|p2a: arda guler|Encore|p1a: Klefki
|-start|p1a: Klefki|Encore
|
|-weather|SunnyDay|[upkeep]
|upkeep
|turn|2
|
|t:|1760317071
|switch|p2a: lebron|Ceruledge, F|100/100
|switch|p1a: Manaphy|Manaphy|100/100
|
|-weather|SunnyDay|[upkeep]
|upkeep
|turn|3
|
|t:|1760317079
|move|p2a: lebron|Swords Dance|p2a: lebron
|-boost|p2a: lebron|atk|2
|move|p1a: Manaphy|Acid Armor|p1a: Manaphy
|-boost|p1a: Manaphy|def|2
|
|-weather|SunnyDay|[upkeep]
|upkeep
|turn|4
|
|t:|1760317085
|move|p2a: lebron|Poltergeist|p1a: Manaphy
|-activate|p1a: Manaphy|move: Poltergeist|Leftovers
|-damage|p1a: Manaphy|53/100
|move|p1a: Manaphy|Acid Armor|p1a: Manaphy
|-boost|p1a: Manaphy|def|2
|
|-weather|SunnyDay|[upkeep]
|-heal|p1a: Manaphy|59/100|[from] item: Leftovers
|upkeep
|turn|5
|
|t:|1760317106
|move|p2a: lebron|Poltergeist|p1a: Manaphy
|-activate|p1a: Manaphy|move: Poltergeist|Leftovers
|-damage|p1a: Manaphy|26/100
|move|p1a: Manaphy|Scald|p2a: lebron
|-supereffective|p2a: lebron
|-damage|p2a: lebron|54/100
|
|-weather|SunnyDay|[upkeep]
|-heal|p1a: Manaphy|32/100|[from] item: Leftovers
|upkeep
|turn|6
|
|t:|1760317116
|switch|p1a: Maushold|Maushold-Four|100/100
|move|p2a: lebron|Poltergeist|p1a: Maushold
|-immune|p1a: Maushold
|
|-weather|SunnyDay|[upkeep]
|upkeep
|turn|7
|
|t:|1760317124
|switch|p2a: mignolet|Great Tusk|100/100
|-activate|p2a: mignolet|ability: Protosynthesis
|-start|p2a: mignolet|protosynthesisspe
|move|p1a: Maushold|Encore||[still]
|-fail|p1a: Maushold
|
|-weather|SunnyDay|[upkeep]
|upkeep
|turn|8
|
|t:|1760317132
|switch|p1a: Rillaboom|Rillaboom, F|100/100
|-fieldstart|move: Grassy Terrain|[from] ability: Grassy Surge|[of] p1a: Rillaboom
|move|p2a: mignolet|Stealth Rock|p1a: Rillaboom
|-sidestart|p1: Johnny tots|move: Stealth Rock
|
|-weather|none
|-end|p2a: mignolet|Protosynthesis
|-sideend|p1: Johnny tots|move: Light Screen
|upkeep
|turn|9
|
|t:|1760317144
|-end|p2a: mignolet|Protosynthesis|[silent]
|switch|p2a: maccabi|Hatterene, F|100/100
|move|p1a: Rillaboom|Knock Off|p2a: maccabi
|-damage|p2a: maccabi|67/100
|-enditem|p2a: maccabi|Eject Button|[from] move: Knock Off|[of] p1a: Rillaboom
|
|-heal|p2a: maccabi|73/100|[from] Grassy Terrain
|upkeep
|turn|10
|j| OP Earthquakes
|
|t:|1760317155
|switch|p1a: Klefki|Klefki, F|100/100
|-damage|p1a: Klefki|95/100|[from] Stealth Rock
|move|p2a: maccabi|Nuzzle|p1a: Klefki
|-damage|p1a: Klefki|91/100
|-status|p1a: Klefki|par
|
|-heal|p2a: maccabi|79/100|[from] Grassy Terrain
|-heal|p1a: Klefki|97/100 par|[from] Grassy Terrain
|upkeep
|turn|11
|
|t:|1760317165
|switch|p2a: lebron|Ceruledge, F|54/100
|move|p1a: Klefki|Light Screen|p1a: Klefki
|-sidestart|p1: Johnny tots|move: Light Screen
|
|-heal|p2a: lebron|61/100|[from] Grassy Terrain
|-heal|p1a: Klefki|100/100 par|[from] Grassy Terrain
|upkeep
|turn|12
|
|t:|1760317168
|move|p1a: Klefki|Thunder Wave|p2a: lebron
|-status|p2a: lebron|par
|move|p2a: lebron|Bitter Blade|p1a: Klefki
|-supereffective|p1a: Klefki
|-damage|p1a: Klefki|23/100 par
|-heal|p2a: lebron|100/100 par|[from] drain|[of] p1a: Klefki
|
|-heal|p1a: Klefki|29/100 par|[from] Grassy Terrain
|upkeep
|turn|13
|
|t:|1760317177
|move|p1a: Klefki|Reflect|p1a: Klefki
|-sidestart|p1: Johnny tots|Reflect
|move|p2a: lebron|Bitter Blade|p1a: Klefki
|-supereffective|p1a: Klefki
|-damage|p1a: Klefki|0 fnt
|faint|p1a: Klefki
|
|upkeep
|
|t:|1760317189
|switch|p1a: Maushold|Maushold-Four|100/100
|-damage|p1a: Maushold|88/100|[from] Stealth Rock
|turn|14
|
|t:|1760317197
|move|p1a: Maushold|Tidy Up|p1a: Maushold
|-sideend|p1: Johnny tots|Stealth Rock
|-activate|p1a: Maushold|move: Tidy Up
|-boost|p1a: Maushold|atk|1
|-boost|p1a: Maushold|spe|1
|move|p2a: lebron|Bitter Blade|p1a: Maushold
|-damage|p1a: Maushold|57/100
|
|-heal|p1a: Maushold|63/100|[from] Grassy Terrain
|upkeep
|turn|15
|
|t:|1760317213
|switch|p2a: mignolet|Great Tusk|100/100
|move|p1a: Maushold|Bite|p2a: mignolet
|-resisted|p2a: mignolet
|-damage|p2a: mignolet|90/100
|-damage|p1a: Maushold|46/100|[from] item: Rocky Helmet|[of] p2a: mignolet
|
|-heal|p1a: Maushold|52/100|[from] Grassy Terrain
|-heal|p2a: mignolet|97/100|[from] Grassy Terrain
|-fieldend|move: Grassy Terrain
|upkeep
|turn|16
|j| Justindrag
|
|t:|1760317222
|switch|p1a: Ogerpon|Ogerpon-Wellspring, F|100/100
|move|p2a: mignolet|Stealth Rock|p1a: Ogerpon
|-sidestart|p1: Johnny tots|move: Stealth Rock
|
|upkeep
|turn|17
|
|t:|1760317236
|-end|p2a: mignolet|Protosynthesis|[silent]
|switch|p2a: maccabi|Hatterene, F|79/100
|move|p1a: Ogerpon|Swords Dance|p1a: Ogerpon
|-boost|p1a: Ogerpon|atk|2
|
|upkeep
|turn|18
|
|t:|1760317244
|move|p1a: Ogerpon|Ivy Cudgel|p2a: maccabi|[anim] Ivy Cudgel Water
|-damage|p2a: maccabi|0 fnt
|faint|p2a: maccabi
|
|-sideend|p1: Johnny tots|move: Light Screen
|upkeep
|
|t:|1760317250
|switch|p2a: arda guler|Ninetales, M|100/100
|-weather|SunnyDay|[from] ability: Drought|[of] p2a: arda guler
|turn|19
|
|t:|1760317257
|switch|p2a: mignolet|Great Tusk|97/100
|-activate|p2a: mignolet|ability: Protosynthesis
|-start|p2a: mignolet|protosynthesisspe
|move|p1a: Ogerpon|Ivy Cudgel|p2a: mignolet|[anim] Ivy Cudgel Water
|-supereffective|p2a: mignolet
|-damage|p2a: mignolet|20/100
|
|-weather|SunnyDay|[upkeep]
|upkeep
|turn|20
|
|t:|1760317263
|move|p2a: mignolet|Headlong Rush|p1a: Ogerpon
|-resisted|p1a: Ogerpon
|-damage|p1a: Ogerpon|83/100
|-unboost|p2a: mignolet|def|1
|-unboost|p2a: mignolet|spd|1
|move|p1a: Ogerpon|Ivy Cudgel|p2a: mignolet|[anim] Ivy Cudgel Water
|-supereffective|p2a: mignolet
|-damage|p2a: mignolet|0 fnt
|faint|p2a: mignolet
|-end|p2a: mignolet|Protosynthesis|[silent]
|
|-weather|SunnyDay|[upkeep]
|-sideend|p1: Johnny tots|Reflect
|upkeep
|
|t:|1760317266
|switch|p2a: hans vanaken|Venusaur, F|100/100
|turn|21
|
|t:|1760317274
|switch|p1a: Manaphy|Manaphy|32/100
|-damage|p1a: Manaphy|19/100|[from] Stealth Rock
|move|p2a: hans vanaken|Sludge Bomb|p1a: Manaphy
|-damage|p1a: Manaphy|0 fnt
|faint|p1a: Manaphy
|-damage|p2a: hans vanaken|91/100|[from] item: Life Orb
|
|-weather|SunnyDay|[upkeep]
|upkeep
|
|t:|1760317276
|switch|p1a: Clefable|Clefable, M|100/100
|turn|22
|
|t:|1760317281
|-terastallize|p1a: Clefable|Steel
|move|p2a: hans vanaken|Growth|p2a: hans vanaken
|-boost|p2a: hans vanaken|atk|2
|-boost|p2a: hans vanaken|spa|2
|move|p1a: Clefable|Fire Blast|p2a: hans vanaken
|-supereffective|p2a: hans vanaken
|-damage|p2a: hans vanaken|0 fnt
|faint|p2a: hans vanaken
|
|-weather|SunnyDay|[upkeep]
|upkeep
|
|t:|1760317292
|switch|p2a: chama|Walking Wake|100/100
|-activate|p2a: chama|ability: Protosynthesis
|-start|p2a: chama|protosynthesisspa
|turn|23
|
|t:|1760317303
|move|p2a: chama|Flamethrower|p1a: Clefable
|-supereffective|p1a: Clefable
|-damage|p1a: Clefable|0 fnt
|faint|p1a: Clefable
|
|-weather|SunnyDay|[upkeep]
|upkeep
|
|t:|1760317307
|switch|p1a: Rillaboom|Rillaboom, F|100/100
|-damage|p1a: Rillaboom|88/100|[from] Stealth Rock
|-fieldstart|move: Grassy Terrain|[from] ability: Grassy Surge|[of] p1a: Rillaboom
|turn|24
|c|☆Johnny tots|Gg
|-message|Johnny tots forfeited.
|
|win|yesterdaymister
|raw|Johnny tots's rating: 1852 &rarr; <strong>1829</strong><br />(-23 for losing)
|raw|yesterdaymister's rating: 1807 &rarr; <strong>1830</strong><br />(+23 for winning)
|l|☆Johnny tots
|player|p1|
|c|☆yesterdaymister|gg
|l| OP Earthquakes
|l|☆yesterdaymister
|player|p2|
|l| Justindrag
