|j|☆Nosferakkos
|j|☆ShrimpFood
|t:|1760382132
|gametype|singles
|player|p1|Nosferakkos|hugh|1139
|player|p2|ShrimpFood|266|1080
|gen|9
|tier|[Gen 9] OU
|rated|
|rule|HP Percentage Mod: HP is shown in percentages
|rule|Endless Battle Clause: Forcing endless battles is banned
|rule|Species Clause: Limit one of each Pokémon
|rule|OHKO Clause: OHKO moves are banned
|rule|Evasion Items Clause: Evasion items are banned
|rule|Evasion Moves Clause: Evasion moves are banned
|rule|Evasion Abilities Clause: Evasion abilities are banned
|rule|Sleep Moves Clause: Sleep-inducing moves are banned
|clearpoke
|poke|p1|Ninetales, F|
|poke|p1|Ceruledge, M|
|poke|p1|Venusaur, M|
|poke|p1|Great Tusk|
|poke|p1|Slowbro, M|
|poke|p1|Zapdos|
|poke|p2|Samurott-Hisui, F|
|poke|p2|Mandibuzz, F|
|poke|p2|Meowscarada, F|
|poke|p2|Sableye, F|
|poke|p2|Hydreigon, M|
|poke|p2|Kingambit, M|
|teampreview
|
|t:|1760382137
|teamsize|p1|6
|teamsize|p2|6
|start
|switch|p1a: Ninetales|Ninetales, F|100/100
|switch|p2a: Samurott|Samurott-Hisui, F, shiny|100/100
|-weather|SunnyDay|[from] ability: Drought|[of] p1a: Ninetales
|turn|1
|
|t:|1760382159
|switch|p1a: Zapdos|Zapdos|100/100
|move|p2a: Samurott|Aqua Cutter|p1a: Zapdos
|-damage|p1a: Zapdos|76/100
|
|-weather|SunnyDay|[upkeep]
|upkeep
|turn|2
|
|t:|1760382177
|switch|p2a: Mandibuzz|Mandibuzz, F|100/100
|move|p1a: Zapdos|Thunderbolt|p2a: Mandibuzz
|-supereffective|p2a: Mandibuzz
|-damage|p2a: Mandibuzz|50/100
|
|-weather|SunnyDay|[upkeep]
|-heal|p2a: Mandibuzz|56/100|[from] item: Leftovers
|upkeep
|turn|3
|
|t:|1760382185
|move|p1a: Zapdos|Thunderbolt|p2a: Mandibuzz
|-supereffective|p2a: Mandibuzz
|-damage|p2a: Mandibuzz|0 fnt
|faint|p2a: Mandibuzz
|
|-weather|SunnyDay|[upkeep]
|upkeep
|
|t:|1760382194
|switch|p2a: Meowscarada|Meowscarada, F|100/100
|turn|4
|
|t:|1760382199
|move|p2a: Meowscarada|Triple Axel|p1a: Zapdos|[miss]
|-start|p2a: Meowscarada|typechange|Ice|[from] ability: Protean
|-miss|p2a: Meowscarada|p1a: Zapdos
|move|p1a: Zapdos|Heat Wave|p2a: Meowscarada
|-supereffective|p2a: Meowscarada
|-damage|p2a: Meowscarada|0 fnt
|faint|p2a: Meowscarada
|
|-weather|SunnyDay|[upkeep]
|upkeep
|
|t:|1760382214
|switch|p2a: Hydreigon|Hydreigon, M|100/100
|turn|5
|
|t:|1760382227
|move|p2a: Hydreigon|Flash Cannon|p1a: Zapdos
|-resisted|p1a: Zapdos
|-damage|p1a: Zapdos|63/100
|move|p1a: Zapdos|Thunderbolt|p2a: Hydreigon
|-resisted|p2a: Hydreigon
|-damage|p2a: Hydreigon|76/100
|
|-weather|none
|-heal|p2a: Hydreigon|82/100|[from] item: Leftovers
|upkeep
|turn|6
|
|t:|1760382241
|switch|p1a: Great Tusk|Great Tusk|100/100
|move|p2a: Hydreigon|Nasty Plot|p2a: Hydreigon
|-boost|p2a: Hydreigon|spa|2
|
|-heal|p2a: Hydreigon|89/100|[from] item: Leftovers
|upkeep
|turn|7
|
|t:|1760382258
|switch|p2a: Samurott|Samurott-Hisui, F, shiny|100/100
|move|p1a: Great Tusk|Body Press|p2a: Samurott
|-supereffective|p2a: Samurott
|-enditem|p2a: Samurott|Focus Sash
|-damage|p2a: Samurott|1/100
|
|upkeep
|turn|8
|
|t:|1760382279
|-end|p1a: Great Tusk|Protosynthesis|[silent]
|switch|p1a: Zapdos|Zapdos|63/100
|move|p2a: Samurott|Aqua Cutter|p1a: Zapdos
|-damage|p1a: Zapdos|18/100
|
|upkeep
|turn|9
|
|t:|1760382290
|move|p2a: Samurott|Aqua Jet|p1a: Zapdos
|-damage|p1a: Zapdos|0 fnt
|faint|p1a: Zapdos
|
|upkeep
|
|t:|1760382294
|switch|p1a: Ceruledge|Ceruledge, M|100/100
|turn|10
|
|t:|1760382301
|-terastallize|p2a: Samurott|Water
|move|p1a: Ceruledge|Shadow Sneak|p2a: Samurott
|-damage|p2a: Samurott|0 fnt
|faint|p2a: Samurott
|-damage|p1a: Ceruledge|91/100|[from] item: Life Orb
|
|upkeep
|
|t:|1760382310
|switch|p2a: Kingambit|Kingambit, M|100/100
|-activate|p2a: Kingambit|ability: Supreme Overlord
|-start|p2a: Kingambit|fallen3|[silent]
|turn|11
|
|t:|1760382322
|-terastallize|p1a: Ceruledge|Grass
|move|p1a: Ceruledge|Swords Dance|p1a: Ceruledge
|-boost|p1a: Ceruledge|atk|2
|move|p2a: Kingambit|Kowtow Cleave|p1a: Ceruledge
|-damage|p1a: Ceruledge|0 fnt
|faint|p1a: Ceruledge
|
|upkeep
|
|t:|1760382335
|switch|p1a: Ninetales|Ninetales, F|100/100
|-weather|SunnyDay|[from] ability: Drought|[of] p1a: Ninetales
|turn|12
|
|t:|1760382341
|move|p1a: Ninetales|Nasty Plot|p1a: Ninetales
|-boost|p1a: Ninetales|spa|2
|move|p2a: Kingambit|Kowtow Cleave|p1a: Ninetales
|-enditem|p1a: Ninetales|Focus Sash
|-damage|p1a: Ninetales|1/100
|
|-weather|SunnyDay|[upkeep]
|upkeep
|turn|13
|
|t:|1760382349
|move|p2a: Kingambit|Sucker Punch|p1a: Ninetales
|-damage|p1a: Ninetales|0 fnt
|faint|p1a: Ninetales
|
|-weather|SunnyDay|[upkeep]
|upkeep
|
|t:|1760382361
|switch|p1a: Great Tusk|Great Tusk|100/100
|-activate|p1a: Great Tusk|ability: Protosynthesis
|-start|p1a: Great Tusk|protosynthesisdef
|turn|14
|
|t:|1760382374
|-end|p2a: Kingambit|fallen3|[silent]
|switch|p2a: Sableye|Sableye, F|100/100
|move|p1a: Great Tusk|Body Press|p2a: Sableye
|-immune|p2a: Sableye
|
|-weather|SunnyDay|[upkeep]
|upkeep
|turn|15
|
|t:|1760382386
|move|p2a: Sableye|Will-O-Wisp|p1a: Great Tusk|[miss]
|-miss|p2a: Sableye|p1a: Great Tusk
|move|p1a: Great Tusk|Earthquake|p2a: Sableye
|-damage|p2a: Sableye|39/100
|
|-weather|SunnyDay|[upkeep]
|-heal|p2a: Sableye|45/100|[from] item: Leftovers
|upkeep
|turn|16
|
|t:|1760382395
|move|p2a: Sableye|Will-O-Wisp|p1a: Great Tusk
|-status|p1a: Great Tusk|brn
|move|p1a: Great Tusk|Body Press|p2a: Sableye
|-immune|p2a: Sableye
|
|-weather|none
|-end|p1a: Great Tusk|Protosynthesis
|-heal|p2a: Sableye|51/100|[from] item: Leftovers
|-damage|p1a: Great Tusk|94/100 brn|[from] brn
|upkeep
|turn|17
|
|t:|1760382406
|move|p2a: Sableye|Recover|p2a: Sableye
|-heal|p2a: Sableye|100/100
|move|p1a: Great Tusk|Earthquake|p2a: Sableye
|-damage|p2a: Sableye|68/100
|
|-heal|p2a: Sableye|74/100|[from] item: Leftovers
|-damage|p1a: Great Tusk|88/100 brn|[from] brn
|upkeep
|turn|18
|
|t:|1760382419
|-end|p1a: Great Tusk|Protosynthesis|[silent]
|switch|p1a: Venusaur|Venusaur, M|100/100
|move|p2a: Sableye|Foul Play|p1a: Venusaur
|-damage|p1a: Venusaur|73/100
|
|-heal|p2a: Sableye|80/100|[from] item: Leftovers
|upkeep
|turn|19
|
|t:|1760382430
|move|p1a: Venusaur|Giga Drain|p2a: Sableye
|-damage|p2a: Sableye|32/100
|-heal|p1a: Venusaur|97/100|[from] drain|[of] p2a: Sableye
|move|p2a: Sableye|Knock Off|p1a: Venusaur
|-damage|p1a: Venusaur|62/100
|-enditem|p1a: Venusaur|Miracle Seed|[from] move: Knock Off|[of] p2a: Sableye
|
|-heal|p2a: Sableye|38/100|[from] item: Leftovers
|upkeep
|turn|20
|
|t:|1760382439
|move|p2a: Sableye|Will-O-Wisp|p1a: Venusaur
|-status|p1a: Venusaur|brn
|move|p1a: Venusaur|Giga Drain|p2a: Sableye
|-damage|p2a: Sableye|0 fnt
|-heal|p1a: Venusaur|81/100 brn|[from] drain|[of] p2a: Sableye
|faint|p2a: Sableye
|
|-damage|p1a: Venusaur|75/100 brn|[from] brn
|upkeep
|
|t:|1760382467
|switch|p2a: Hydreigon|Hydreigon, M|89/100
|turn|21
|
|t:|1760382478
|move|p2a: Hydreigon|Draco Meteor|p1a: Venusaur
|-damage|p1a: Venusaur|4/100 brn
|-unboost|p2a: Hydreigon|spa|2
|move|p1a: Venusaur|Earth Power|p2a: Hydreigon
|-immune|p2a: Hydreigon|[from] ability: Levitate
|
|-heal|p2a: Hydreigon|95/100|[from] item: Leftovers
|-damage|p1a: Venusaur|0 fnt|[from] brn
|faint|p1a: Venusaur
|upkeep
|
|t:|1760382498
|switch|p1a: Great Tusk|Great Tusk|88/100 brn
|turn|22
|
|t:|1760382548
|move|p2a: Hydreigon|Nasty Plot|p2a: Hydreigon
|-boost|p2a: Hydreigon|spa|2
|move|p1a: Great Tusk|Body Press|p2a: Hydreigon
|-supereffective|p2a: Hydreigon
|-damage|p2a: Hydreigon|49/100
|
|-heal|p2a: Hydreigon|55/100|[from] item: Leftovers
|-damage|p1a: Great Tusk|82/100 brn|[from] brn
|upkeep
|turn|23
|
|t:|1760382561
|move|p2a: Hydreigon|Nasty Plot|p2a: Hydreigon
|-boost|p2a: Hydreigon|spa|2
|move|p1a: Great Tusk|Body Press|p2a: Hydreigon
|-supereffective|p2a: Hydreigon
|-damage|p2a: Hydreigon|11/100
|
|-heal|p2a: Hydreigon|17/100|[from] item: Leftovers
|-damage|p1a: Great Tusk|76/100 brn|[from] brn
|upkeep
|turn|24
|
|t:|1760382570
|move|p2a: Hydreigon|Draco Meteor|p1a: Great Tusk
|-damage|p1a: Great Tusk|0 fnt
|-unboost|p2a: Hydreigon|spa|2
|faint|p1a: Great Tusk
|-end|p1a: Great Tusk|Protosynthesis|[silent]
|
|-heal|p2a: Hydreigon|23/100|[from] item: Leftovers
|upkeep
|
|t:|1760382576
|switch|p1a: Slowbro|Slowbro, M|100/100
|turn|25
|
|t:|1760382581
|move|p2a: Hydreigon|Draco Meteor|p1a: Slowbro
|-damage|p1a: Slowbro|55/100
|-unboost|p2a: Hydreigon|spa|2
|move|p1a: Slowbro|Ice Beam|p2a: Hydreigon
|-supereffective|p2a: Hydreigon
|-damage|p2a: Hydreigon|0 fnt
|faint|p2a: Hydreigon
|
|-heal|p1a: Slowbro|61/100|[from] item: Leftovers
|upkeep
|
|t:|1760382590
|switch|p2a: Kingambit|Kingambit, M|100/100
|-activate|p2a: Kingambit|ability: Supreme Overlord
|-start|p2a: Kingambit|fallen5|[silent]
|turn|26
|
|t:|1760382616
|move|p2a: Kingambit|Kowtow Cleave|p1a: Slowbro
|-supereffective|p1a: Slowbro
|-damage|p1a: Slowbro|0 fnt
|faint|p1a: Slowbro
|
|win|ShrimpFood
|raw|Nosferakkos's rating: 1139 &rarr; <strong>1110</strong><br />(-29 for losing)
|raw|ShrimpFood's rating: 1080 &rarr; <strong>1113</strong><br />(+33 for winning)
|l|☆Nosferakkos
|player|p1|
|c|☆ShrimpFood|GGS
