|j|☆Katze 632
|j|☆Cvgggjjb
|t:|1760332416
|gametype|singles
|player|p1|Katze 632|ingo|1062
|player|p2|Cvgggjjb|kimonogirl|1104
|gen|9
|tier|[Gen 9] OU
|rated|
|rule|HP Percentage Mod: HP is shown in percentages
|rule|Endless Battle Clause: Forcing endless battles is banned
|rule|Species Clause: Limit one of each Pokémon
|rule|OHKO Clause: OHKO moves are banned
|rule|Evasion Items Clause: Evasion items are banned
|rule|Evasion Moves Clause: Evasion moves are banned
|rule|Evasion Abilities Clause: Evasion abilities are banned
|rule|Sleep Moves Clause: Sleep-inducing moves are banned
|clearpoke
|poke|p1|Ceruledge, F|
|poke|p1|Hatterene, F|
|poke|p1|Scizor, F|
|poke|p1|Samurott-Hisui, F|
|poke|p1|Tornadus-Therian, M|
|poke|p1|Weezing-Galar, F|
|poke|p2|Gastrodon, M|
|poke|p2|Glimmora, F|
|poke|p2|Corviknight, F|
|poke|p2|Meowscarada, F|
|poke|p2|Gholdengo|
|poke|p2|Charizard, M|
|teampreview
|inactive|Battle timer is ON: inactive players will automatically lose when time's up. (requested by Katze 632)
|
|t:|1760332429
|teamsize|p1|6
|teamsize|p2|6
|start
|switch|p1a: Pebble|Samurott-Hisui, F|100/100
|switch|p2a: Glimmora|Glimmora, F|100/100
|turn|1
|
|t:|1760332446
|switch|p1a: Bassie|Hatterene, F|100/100
|move|p2a: Glimmora|Stealth Rock|p1a: Bassie
|move|p1a: Bassie|Stealth Rock|p2a: Glimmora|[from] ability: Magic Bounce
|-sidestart|p2: Cvgggjjb|move: Stealth Rock
|
|upkeep
|turn|2
|
|t:|1760332459
|move|p2a: Glimmora|Mortal Spin|p1a: Bassie
|-supereffective|p1a: Bassie
|-damage|p1a: Bassie|90/100
|-status|p1a: Bassie|psn
|-sideend|p2: Cvgggjjb|Stealth Rock|[from] move: Mortal Spin|[of] p2a: Glimmora
|move|p1a: Bassie|Psychic Noise|p2a: Glimmora
|-supereffective|p2a: Glimmora
|-damage|p2a: Glimmora|29/100
|-start|p2a: Glimmora|move: Heal Block
|
|-heal|p1a: Bassie|96/100 psn|[from] item: Leftovers
|-damage|p1a: Bassie|84/100 psn|[from] psn
|upkeep
|turn|3
|
|t:|1760332477
|switch|p2a: Meowscarada|Meowscarada, F|100/100
|switch|p1a: Weezing|Weezing-Galar, F|100/100
|-ability|p1a: Weezing|Neutralizing Gas
|
|upkeep
|turn|4
|
|t:|1760332487
|move|p2a: Meowscarada|U-turn|p1a: Weezing
|-resisted|p1a: Weezing
|-damage|p1a: Weezing|95/100
|-damage|p2a: Meowscarada|84/100|[from] item: Rocky Helmet|[of] p1a: Weezing
|
|t:|1760332497
|switch|p2a: Gholdengo|Gholdengo|100/100|[from] U-turn
|move|p1a: Weezing|Will-O-Wisp|p2a: Gholdengo
|-status|p2a: Gholdengo|brn
|
|-damage|p2a: Gholdengo|94/100 brn|[from] brn
|upkeep
|turn|5
|
|t:|1760332521
|-end|p1a: Weezing|ability: Neutralizing Gas
|switch|p1a: Pebble|Samurott-Hisui, F|100/100
|move|p2a: Gholdengo|Psychic|p1a: Pebble
|-immune|p1a: Pebble
|
|-damage|p2a: Gholdengo|88/100 brn|[from] brn
|upkeep
|turn|6
|
|t:|1760332537
|switch|p2a: Corviknight|Corviknight, F|100/100
|move|p1a: Pebble|Ceaseless Edge|p2a: Corviknight
|-damage|p2a: Corviknight|70/100
|-damage|p1a: Pebble|84/100|[from] item: Rocky Helmet|[of] p2a: Corviknight
|-sidestart|p2: Cvgggjjb|Spikes
|
|upkeep
|turn|7
|
|t:|1760332549
|move|p1a: Pebble|Ceaseless Edge|p2a: Corviknight
|-damage|p2a: Corviknight|40/100
|-damage|p1a: Pebble|68/100|[from] item: Rocky Helmet|[of] p2a: Corviknight
|-sidestart|p2: Cvgggjjb|Spikes
|move|p2a: Corviknight|Brave Bird|p1a: Pebble
|-damage|p1a: Pebble|26/100
|-damage|p2a: Corviknight|26/100|[from] Recoil
|
|upkeep
|turn|8
|
|t:|1760332558
|move|p1a: Pebble|Ceaseless Edge|p2a: Corviknight
|-damage|p2a: Corviknight|0 fnt
|-damage|p1a: Pebble|9/100|[from] item: Rocky Helmet|[of] p2a: Corviknight
|-sidestart|p2: Cvgggjjb|Spikes
|faint|p2a: Corviknight
|
|upkeep
|
|t:|1760332567
|switch|p2a: Glimmora|Glimmora, F|29/100
|-damage|p2a: Glimmora|4/100|[from] Spikes
|turn|9
|
|t:|1760332575
|move|p1a: Pebble|Aqua Jet|p2a: Glimmora
|-supereffective|p2a: Glimmora
|-damage|p2a: Glimmora|0 fnt
|-activate|p2a: Glimmora|ability: Toxic Debris
|-sidestart|p1: Katze 632|move: Toxic Spikes
|faint|p2a: Glimmora
|
|upkeep
|
|t:|1760332586
|switch|p2a: Charizard|Charizard, M|100/100
|turn|10
|
|t:|1760332593
|switch|p1a: Weezing|Weezing-Galar, F|95/100
|-ability|p1a: Weezing|Neutralizing Gas
|-sideend|p1: Katze 632|move: Toxic Spikes|[of] p1a: Weezing
|move|p2a: Charizard|Flamethrower|p1a: Weezing
|-damage|p1a: Weezing|36/100
|
|upkeep
|turn|11
|
|t:|1760332608
|move|p2a: Charizard|Ancient Power|p1a: Weezing
|-damage|p1a: Weezing|12/100
|move|p1a: Weezing|Pain Split|p2a: Charizard
|-sethp|p2a: Charizard|57/100|[from] move: Pain Split|[silent]
|-sethp|p1a: Weezing|51/100|[from] move: Pain Split
|
|upkeep
|turn|12
|
|t:|1760332617
|move|p2a: Charizard|Flamethrower|p1a: Weezing
|-damage|p1a: Weezing|0 fnt
|faint|p1a: Weezing
|-end|p1a: Weezing|ability: Neutralizing Gas
|
|upkeep
|inactive|Katze 632 has 120 seconds left.
|
|t:|1760332654
|switch|p1a: Shrimpo|Scizor, F|100/100
|turn|13
|
|t:|1760332659
|move|p1a: Shrimpo|Bullet Punch|p2a: Charizard
|-resisted|p2a: Charizard
|-damage|p2a: Charizard|20/100
|move|p2a: Charizard|Flamethrower|p1a: Shrimpo
|-supereffective|p1a: Shrimpo
|-damage|p1a: Shrimpo|0 fnt
|faint|p1a: Shrimpo
|
|upkeep
|
|t:|1760332663
|switch|p1a: Pebble|Samurott-Hisui, F|9/100
|turn|14
|
|t:|1760332670
|move|p1a: Pebble|Aqua Jet|p2a: Charizard
|-supereffective|p2a: Charizard
|-damage|p2a: Charizard|0 fnt
|faint|p2a: Charizard
|
|upkeep
|
|t:|1760332688
|switch|p2a: Gholdengo|Gholdengo|88/100 brn
|-damage|p2a: Gholdengo|64/100 brn|[from] Spikes
|turn|15
|
|t:|1760332700
|move|p2a: Gholdengo|Shadow Ball|p1a: Pebble
|-resisted|p1a: Pebble
|-damage|p1a: Pebble|0 fnt
|faint|p1a: Pebble
|
|-damage|p2a: Gholdengo|58/100 brn|[from] brn
|upkeep
|
|t:|1760332711
|switch|p1a: Tornadus|Tornadus-Therian, M|100/100
|turn|16
|
|t:|1760332715
|move|p2a: Gholdengo|Shadow Ball|p1a: Tornadus
|-damage|p1a: Tornadus|52/100
|move|p1a: Tornadus|Nasty Plot|p1a: Tornadus
|-boost|p1a: Tornadus|spa|2
|
|-damage|p2a: Gholdengo|52/100 brn|[from] brn
|upkeep
|turn|17
|
|t:|1760332729
|switch|p2a: Gastrodon|Gastrodon, M|100/100
|-damage|p2a: Gastrodon|76/100|[from] Spikes
|move|p1a: Tornadus|Heat Wave|p2a: Gastrodon|[miss]
|-miss|p1a: Tornadus|p2a: Gastrodon
|
|-heal|p2a: Gastrodon|82/100|[from] item: Leftovers
|upkeep
|turn|18
|
|t:|1760332739
|move|p1a: Tornadus|Bleakwind Storm|p2a: Gastrodon
|-damage|p2a: Gastrodon|0 fnt
|faint|p2a: Gastrodon
|-damage|p1a: Tornadus|42/100|[from] item: Life Orb
|
|upkeep
|
|t:|1760332745
|switch|p2a: Meowscarada|Meowscarada, F|84/100
|-damage|p2a: Meowscarada|59/100|[from] Spikes
|turn|19
|
|t:|1760332764
|move|p2a: Meowscarada|Triple Axel|p1a: Tornadus
|-start|p2a: Meowscarada|typechange|Ice|[from] ability: Protean
|-supereffective|p1a: Tornadus
|-damage|p1a: Tornadus|6/100
|-supereffective|p1a: Tornadus
|-damage|p1a: Tornadus|0 fnt
|faint|p1a: Tornadus
|-hitcount|p1: Tornadus|2
|
|upkeep
|
|t:|1760332773
|switch|p1a: Soulvester|Ceruledge, F|100/100
|turn|20
|
|t:|1760332778
|switch|p1a: Bassie|Hatterene, F|84/100 psn
|move|p2a: Meowscarada|Triple Axel|p1a: Bassie
|-damage|p1a: Bassie|73/100 psn
|-damage|p1a: Bassie|52/100 psn
|-damage|p1a: Bassie|17/100 psn
|-hitcount|p1a: Bassie|3
|
|-heal|p1a: Bassie|23/100 psn|[from] item: Leftovers
|-damage|p1a: Bassie|10/100 psn|[from] psn
|upkeep
|turn|21
|
|t:|1760332800
|-terastallize|p1a: Bassie|Water
|move|p2a: Meowscarada|Triple Axel|p1a: Bassie
|-resisted|p1a: Bassie
|-damage|p1a: Bassie|4/100 psn
|-resisted|p1a: Bassie
|-damage|p1a: Bassie|0 fnt
|faint|p1a: Bassie
|-hitcount|p1: Bassie|2
|
|upkeep
|
|t:|1760332809
|switch|p1a: Soulvester|Ceruledge, F|100/100
|turn|22
|
|t:|1760332814
|move|p2a: Meowscarada|Triple Axel|p1a: Soulvester|[miss]
|-miss|p2a: Meowscarada|p1a: Soulvester
|move|p1a: Soulvester|Swords Dance|p1a: Soulvester
|-boost|p1a: Soulvester|atk|2
|
|upkeep
|turn|23
|
|t:|1760332825
|move|p2a: Meowscarada|Triple Axel|p1a: Soulvester|[miss]
|-miss|p2a: Meowscarada|p1a: Soulvester
|move|p1a: Soulvester|Bitter Blade|p2a: Meowscarada
|-supereffective|p2a: Meowscarada
|-damage|p2a: Meowscarada|0 fnt
|faint|p2a: Meowscarada
|
|upkeep
|
|t:|1760332834
|switch|p2a: Gholdengo|Gholdengo|52/100 brn
|-damage|p2a: Gholdengo|27/100 brn|[from] Spikes
|turn|24
|c|☆Katze 632|OMGGG
|
|t:|1760332841
|-terastallize|p2a: Gholdengo|Steel
|move|p1a: Soulvester|Shadow Sneak|p2a: Gholdengo
|-damage|p2a: Gholdengo|0 fnt
|faint|p2a: Gholdengo
|
|win|Katze 632
|raw|Katze 632's rating: 1062 &rarr; <strong>1096</strong><br />(+34 for winning)
|raw|Cvgggjjb's rating: 1104 &rarr; <strong>1076</strong><br />(-28 for losing)
|c|☆Katze 632|gg
|c|☆Katze 632|that was insane double miss
|l|☆Cvgggjjb
|player|p2|
