|j|☆LionX_Pro
|j|☆waffeleisen_x3
|t:|1760348485
|gametype|singles
|player|p1|LionX_Pro|steven|1210
|player|p2|waffeleisen_x3|shadowtriad|1163
|gen|9
|tier|[Gen 9] OU
|rated|
|rule|HP Percentage Mod: HP is shown in percentages
|rule|Endless Battle Clause: Forcing endless battles is banned
|rule|Species Clause: Limit one of each Pokémon
|rule|OHKO Clause: OHKO moves are banned
|rule|Evasion Items Clause: Evasion items are banned
|rule|Evasion Moves Clause: Evasion moves are banned
|rule|Evasion Abilities Clause: Evasion abilities are banned
|rule|Sleep Moves Clause: Sleep-inducing moves are banned
|clearpoke
|poke|p1|Shiftry, M|
|poke|p1|Glimmora, M|
|poke|p1|Incineroar, M|
|poke|p1|Gliscor, M|
|poke|p1|Great Tusk|
|poke|p1|Garganacl, F|
|poke|p2|Ursaluna, M|
|poke|p2|Zoroark-Hisui, F|
|poke|p2|Maushold-Four|
|poke|p2|Indeedee, M|
|poke|p2|Porygon-Z|
|poke|p2|Dudunsparce-*, F|
|teampreview
|
|t:|1760348511
|teamsize|p1|6
|teamsize|p2|6
|start
|switch|p1a: Shiftry|Shiftry, M|100/100
|switch|p2a: Porygon-Z|Porygon-Z, shiny|100/100
|turn|1
|
|t:|1760348520
|move|p2a: Porygon-Z|Ice Beam|p1a: Shiftry
|-supereffective|p1a: Shiftry
|-enditem|p1a: Shiftry|Focus Sash
|-damage|p1a: Shiftry|1/100
|move|p1a: Shiftry|Tailwind|p1a: Shiftry
|-sidestart|p1: LionX_Pro|move: Tailwind
|-ability|p1a: Shiftry|Wind Rider|boost
|-boost|p1a: Shiftry|atk|1
|
|upkeep
|turn|2
|
|t:|1760348531
|move|p1a: Shiftry|Endeavor|p2a: Porygon-Z
|-damage|p2a: Porygon-Z|1/100
|move|p2a: Porygon-Z|Ice Beam|p1a: Shiftry
|-supereffective|p1a: Shiftry
|-damage|p1a: Shiftry|0 fnt
|faint|p1a: Shiftry
|
|upkeep
|
|t:|1760348543
|switch|p1a: Incineroar|Incineroar, M|100/100
|-ability|p1a: Incineroar|Intimidate|boost
|-unboost|p2a: Porygon-Z|atk|1
|turn|3
|
|t:|1760348555
|switch|p2a: Ursaluna|Ursaluna, M, shiny|100/100
|move|p1a: Incineroar|Fake Out|p2a: Ursaluna
|-damage|p2a: Ursaluna|91/100
|
|-status|p2a: Ursaluna|brn|[from] item: Flame Orb
|upkeep
|turn|4
|
|t:|1760348562
|move|p1a: Incineroar|Parting Shot|p2a: Ursaluna
|-unboost|p2a: Ursaluna|atk|1
|-unboost|p2a: Ursaluna|spa|1
|
|t:|1760348566
|switch|p1a: Gliscor|Gliscor, M|100/100|[from] Parting Shot
|move|p2a: Ursaluna|Trailblaze|p1a: Gliscor
|-damage|p1a: Gliscor|88/100
|-boost|p2a: Ursaluna|spe|1
|
|-damage|p2a: Ursaluna|85/100 brn|[from] brn
|-sideend|p1: LionX_Pro|move: Tailwind
|-status|p1a: Gliscor|tox|[from] item: Toxic Orb
|upkeep
|turn|5
|
|t:|1760348574
|move|p1a: Gliscor|Protect|p1a: Gliscor
|-singleturn|p1a: Gliscor|Protect
|move|p2a: Ursaluna|Facade|p1a: Gliscor
|-activate|p1a: Gliscor|move: Protect
|
|-heal|p1a: Gliscor|100/100 tox|[from] ability: Poison Heal
|-damage|p2a: Ursaluna|79/100 brn|[from] brn
|upkeep
|turn|6
|
|t:|1760348587
|switch|p2a: Indeedee|Indeedee, M, shiny|100/100
|-fieldstart|move: Psychic Terrain|[from] ability: Psychic Surge|[of] p2a: Indeedee
|move|p1a: Gliscor|Stealth Rock|p2a: Indeedee
|-sidestart|p2: waffeleisen_x3|move: Stealth Rock
|
|upkeep
|turn|7
|
|t:|1760348597
|move|p2a: Indeedee|Expanding Force|p1a: Gliscor
|-damage|p1a: Gliscor|15/100 tox
|move|p1a: Gliscor|Toxic|p2a: Indeedee
|-status|p2a: Indeedee|tox
|
|-damage|p2a: Indeedee|94/100 tox|[from] psn
|-heal|p1a: Gliscor|27/100 tox|[from] ability: Poison Heal
|upkeep
|turn|8
|
|t:|1760348606
|move|p1a: Gliscor|Protect|p1a: Gliscor
|-singleturn|p1a: Gliscor|Protect
|move|p2a: Indeedee|Dazzling Gleam|p1a: Gliscor
|-activate|p1a: Gliscor|move: Protect
|
|-heal|p2a: Indeedee|100/100 tox|[from] item: Leftovers
|-damage|p2a: Indeedee|88/100 tox|[from] psn
|-heal|p1a: Gliscor|39/100 tox|[from] ability: Poison Heal
|upkeep
|turn|9
|
|t:|1760348626
|switch|p1a: Garganacl|Garganacl, F|100/100
|move|p2a: Indeedee|Encore||[still]
|-fail|p2a: Indeedee
|
|-heal|p2a: Indeedee|94/100 tox|[from] item: Leftovers
|-damage|p2a: Indeedee|76/100 tox|[from] psn
|upkeep
|turn|10
|
|t:|1760348638
|move|p2a: Indeedee|Expanding Force|p1a: Garganacl
|-damage|p1a: Garganacl|53/100
|move|p1a: Garganacl|Recover|p1a: Garganacl
|-heal|p1a: Garganacl|100/100
|
|-heal|p2a: Indeedee|82/100 tox|[from] item: Leftovers
|-damage|p2a: Indeedee|58/100 tox|[from] psn
|-fieldend|move: Psychic Terrain
|upkeep
|turn|11
|
|t:|1760348650
|move|p1a: Garganacl|Protect|p1a: Garganacl
|-singleturn|p1a: Garganacl|Protect
|move|p2a: Indeedee|Encore|p1a: Garganacl
|-activate|p1a: Garganacl|move: Protect
|
|-heal|p2a: Indeedee|64/100 tox|[from] item: Leftovers
|-damage|p2a: Indeedee|33/100 tox|[from] psn
|upkeep
|turn|12
|
|t:|1760348659
|switch|p1a: Incineroar|Incineroar, M|100/100
|-ability|p1a: Incineroar|Intimidate|boost
|-unboost|p2a: Indeedee|atk|1
|move|p2a: Indeedee|Healing Wish|p2a: Indeedee
|faint|p2a: Indeedee
|
|upkeep
|
|t:|1760348664
|switch|p2a: Maushold|Maushold-Four|100/100
|-damage|p2a: Maushold|88/100|[from] Stealth Rock
|turn|13
|
|t:|1760348671
|move|p1a: Incineroar|Fake Out|p2a: Maushold
|-damage|p2a: Maushold|72/100
|cant|p2a: Maushold|flinch
|
|upkeep
|turn|14
|
|t:|1760348679
|move|p2a: Maushold|Tidy Up|p2a: Maushold
|-sideend|p2: waffeleisen_x3|Stealth Rock
|-activate|p2a: Maushold|move: Tidy Up
|-boost|p2a: Maushold|atk|1
|-boost|p2a: Maushold|spe|1
|move|p1a: Incineroar|Flare Blitz|p2a: Maushold
|-damage|p2a: Maushold|0 fnt
|faint|p2a: Maushold
|-damage|p1a: Incineroar|83/100|[from] Recoil
|
|upkeep
|
|t:|1760348685
|switch|p2a: Ursaluna|Ursaluna, M, shiny|79/100 brn
|-heal|p2a: Ursaluna|100/100|[from] move: Healing Wish
|turn|15
|
|t:|1760348694
|move|p2a: Ursaluna|Trailblaze|p1a: Incineroar
|-resisted|p1a: Incineroar
|-damage|p1a: Incineroar|75/100
|-boost|p2a: Ursaluna|spe|1
|move|p1a: Incineroar|Parting Shot|p2a: Ursaluna
|-unboost|p2a: Ursaluna|atk|1
|-unboost|p2a: Ursaluna|spa|1
|
|t:|1760348702
|switch|p1a: Gliscor|Gliscor, M|39/100 tox|[from] Parting Shot
|
|-heal|p1a: Gliscor|52/100 tox|[from] ability: Poison Heal
|-status|p2a: Ursaluna|brn|[from] item: Flame Orb
|upkeep
|turn|16
|
|t:|1760348710
|switch|p2a: Dudunsparce|Dudunsparce-Three-Segment, F, shiny|100/100
|move|p1a: Gliscor|Protect||[still]
|-fail|p1a: Gliscor
|
|-heal|p1a: Gliscor|64/100 tox|[from] ability: Poison Heal
|upkeep
|turn|17
|
|t:|1760348721
|move|p2a: Dudunsparce|Tera Blast|p1a: Gliscor
|-damage|p1a: Gliscor|17/100 tox
|move|p1a: Gliscor|Stealth Rock|p2a: Dudunsparce
|-sidestart|p2: waffeleisen_x3|move: Stealth Rock
|
|-heal|p1a: Gliscor|29/100 tox|[from] ability: Poison Heal
|upkeep
|turn|18
|
|t:|1760348729
|move|p1a: Gliscor|Protect|p1a: Gliscor
|-singleturn|p1a: Gliscor|Protect
|move|p2a: Dudunsparce|Tera Blast|p1a: Gliscor
|-activate|p1a: Gliscor|move: Protect
|
|-heal|p1a: Gliscor|41/100 tox|[from] ability: Poison Heal
|upkeep
|turn|19
|
|t:|1760348734
|switch|p1a: Incineroar|Incineroar, M|75/100
|-ability|p1a: Incineroar|Intimidate|boost
|-unboost|p2a: Dudunsparce|atk|1
|move|p2a: Dudunsparce|Tera Blast|p1a: Incineroar
|-damage|p1a: Incineroar|48/100
|
|upkeep
|turn|20
|
|t:|1760348751
|move|p1a: Incineroar|Fake Out|p2a: Dudunsparce
|-immune|p2a: Dudunsparce
|move|p2a: Dudunsparce|Tera Blast|p1a: Incineroar
|-damage|p1a: Incineroar|20/100
|-enditem|p1a: Incineroar|Aguav Berry|[eat]
|-heal|p1a: Incineroar|54/100|[from] item: Aguav Berry
|
|upkeep
|turn|21
|
|t:|1760348769
|switch|p2a: Ursaluna|Ursaluna, M, shiny|100/100 brn
|-damage|p2a: Ursaluna|94/100 brn|[from] Stealth Rock
|move|p1a: Incineroar|Parting Shot|p2a: Ursaluna
|-unboost|p2a: Ursaluna|atk|1
|-unboost|p2a: Ursaluna|spa|1
|
|t:|1760348784
|switch|p1a: Glimmora|Glimmora, M|100/100|[from] Parting Shot
|
|-damage|p2a: Ursaluna|88/100 brn|[from] brn
|upkeep
|turn|22
|
|t:|1760348793
|switch|p2a: Dudunsparce|Dudunsparce-Three-Segment, F, shiny|100/100
|-damage|p2a: Dudunsparce|88/100|[from] Stealth Rock
|move|p1a: Glimmora|Spiky Shield||[still]
|-fail|p1a: Glimmora
|
|upkeep
|turn|23
|
|t:|1760348800
|switch|p1a: Gliscor|Gliscor, M|41/100 tox
|move|p2a: Dudunsparce|Shadow Ball|p1a: Gliscor
|-damage|p1a: Gliscor|0 fnt
|faint|p1a: Gliscor
|
|upkeep
|
|t:|1760348809
|switch|p1a: Garganacl|Garganacl, F|100/100
|turn|24
|
|t:|1760348814
|switch|p2a: Porygon-Z|Porygon-Z, shiny|1/100
|-damage|p2a: Porygon-Z|0 fnt|[from] Stealth Rock
|faint|p2a: Porygon-Z
|move|p1a: Garganacl|Salt Cure|p2: Porygon-Z|[notarget]
|-fail|p1a: Garganacl
|
|upkeep
|
|t:|1760348817
|switch|p2a: Ursaluna|Ursaluna, M, shiny|88/100 brn
|-damage|p2a: Ursaluna|82/100 brn|[from] Stealth Rock
|turn|25
|
|t:|1760348825
|switch|p1a: Incineroar|Incineroar, M|54/100
|-ability|p1a: Incineroar|Intimidate|boost
|-unboost|p2a: Ursaluna|atk|1
|move|p2a: Ursaluna|Headlong Rush|p1a: Incineroar
|-supereffective|p1a: Incineroar
|-damage|p1a: Incineroar|0 fnt
|-unboost|p2a: Ursaluna|def|1
|-unboost|p2a: Ursaluna|spd|1
|faint|p1a: Incineroar
|
|-damage|p2a: Ursaluna|76/100 brn|[from] brn
|upkeep
|
|t:|1760348843
|switch|p1a: Glimmora|Glimmora, M|100/100
|turn|26
|
|t:|1760348862
|move|p1a: Glimmora|Spiky Shield|p1a: Glimmora
|-singleturn|p1a: Glimmora|move: Protect
|move|p2a: Ursaluna|Headlong Rush|p1a: Glimmora
|-activate|p1a: Glimmora|move: Protect
|-damage|p2a: Ursaluna|63/100 brn|[from] Spiky Shield|[of] p1a: Glimmora
|
|-damage|p2a: Ursaluna|57/100 brn|[from] brn
|upkeep
|turn|27
|
|t:|1760348882
|switch|p2a: Dudunsparce|Dudunsparce-Three-Segment, F, shiny|100/100
|-damage|p2a: Dudunsparce|88/100|[from] Stealth Rock
|move|p1a: Glimmora|Meteor Beam||[still]
|-prepare|p1a: Glimmora|Meteor Beam
|-boost|p1a: Glimmora|spa|1
|-enditem|p1a: Glimmora|Power Herb
|-anim|p1a: Glimmora|Meteor Beam|p2a: Dudunsparce
|-damage|p2a: Dudunsparce|2/100
|
|-heal|p2a: Dudunsparce|8/100|[from] item: Leftovers
|upkeep
|turn|28
|
|t:|1760348898
|move|p1a: Glimmora|Sludge Wave|p2a: Dudunsparce
|-damage|p2a: Dudunsparce|0 fnt
|faint|p2a: Dudunsparce
|
|upkeep
|
|t:|1760348904
|switch|p2a: Ursaluna|Ursaluna, M, shiny|88/100
|-damage|p2a: Ursaluna|76/100|[from] Stealth Rock
|turn|29
|
|t:|1760348908
|move|p2a: Ursaluna|Shadow Ball|p1a: Glimmora
|-damage|p1a: Glimmora|46/100
|-unboost|p1a: Glimmora|spd|1
|move|p1a: Glimmora|Sludge Wave|p2a: Ursaluna
|-resisted|p2a: Ursaluna
|-damage|p2a: Ursaluna|0 fnt
|replace|p2a: Zoroark|Zoroark-Hisui, F, shiny
|-end|p2a: Zoroark|Illusion
|faint|p2a: Zoroark
|
|upkeep
|
|t:|1760348914
|switch|p2a: Ursaluna|Ursaluna, M, shiny|57/100 brn
|-damage|p2a: Ursaluna|51/100 brn|[from] Stealth Rock
|turn|30
|
|t:|1760348928
|-terastallize|p2a: Ursaluna|Grass
|move|p1a: Glimmora|Spiky Shield|p1a: Glimmora
|-singleturn|p1a: Glimmora|move: Protect
|move|p2a: Ursaluna|Trailblaze|p1a: Glimmora
|-activate|p1a: Glimmora|move: Protect
|-damage|p2a: Ursaluna|38/100 brn|[from] Spiky Shield|[of] p1a: Glimmora
|
|-damage|p2a: Ursaluna|32/100 brn|[from] brn
|upkeep
|turn|31
|
|t:|1760348939
|move|p1a: Glimmora|Sludge Wave|p2a: Ursaluna
|-supereffective|p2a: Ursaluna
|-damage|p2a: Ursaluna|0 fnt
|faint|p2a: Ursaluna
|
|win|LionX_Pro
|raw|LionX_Pro's rating: 1210 &rarr; <strong>1232</strong><br />(+22 for winning)
|raw|waffeleisen_x3's rating: 1163 &rarr; <strong>1141</strong><br />(-22 for losing)
|l|☆waffeleisen_x3
|player|p2|
|l|☆LionX_Pro
|player|p1|
