|j|☆jonnythocolin
|j|☆endavort123
|t:|1760328912
|gametype|singles
|player|p1|jonnythocolin|li|1167
|player|p2|endavort123|chuck|1218
|gen|9
|tier|[Gen 9] OU
|rated|
|rule|HP Percentage Mod: HP is shown in percentages
|rule|Endless Battle Clause: Forcing endless battles is banned
|rule|Species Clause: Limit one of each Pokémon
|rule|OHKO Clause: OHKO moves are banned
|rule|Evasion Items Clause: Evasion items are banned
|rule|Evasion Moves Clause: Evasion moves are banned
|rule|Evasion Abilities Clause: Evasion abilities are banned
|rule|Sleep Moves Clause: Sleep-inducing moves are banned
|clearpoke
|poke|p1|Clodsire, M|
|poke|p1|Skeledirge, F|
|poke|p1|Corviknight, M|
|poke|p1|Slowking, M|
|poke|p1|Meowscarada, F|
|poke|p1|Gastrodon-East, M|
|poke|p2|Thundurus-Therian, M|
|poke|p2|Goodra-Hisui, F|
|poke|p2|Cinderace, F|
|poke|p2|Landorus-Therian, M|
|poke|p2|Iron Valiant|
|poke|p2|Kingambit, F|
|teampreview
|
|t:|1760328921
|teamsize|p1|6
|teamsize|p2|6
|start
|switch|p1a: Big-Thor|Slowking, M, shiny|100/100
|switch|p2a: Landorus|Landorus-Therian, M|100/100
|-ability|p2a: Landorus|Intimidate|boost
|-unboost|p1a: Big-Thor|atk|1
|turn|1
|
|t:|1760328929
|move|p2a: Landorus|Stealth Rock|p1a: Big-Thor
|-sidestart|p1: jonnythocolin|move: Stealth Rock
|move|p1a: Big-Thor|Ice Beam|p2a: Landorus
|-supereffective|p2a: Landorus
|-damage|p2a: Landorus|0 fnt
|faint|p2a: Landorus
|
|upkeep
|
|t:|1760328940
|switch|p2a: Thundurus|Thundurus-Therian, M|100/100
|turn|2
|
|t:|1760328946
|move|p2a: Thundurus|Volt Switch|p1a: Big-Thor
|-supereffective|p1a: Big-Thor
|-damage|p1a: Big-Thor|29/100
|
|t:|1760328949
|switch|p2a: Goodra|Goodra-Hisui, F|100/100|[from] Volt Switch
|move|p1a: Big-Thor|Ice Beam|p2a: Goodra
|-damage|p2a: Goodra|87/100
|
|upkeep
|turn|3
|
|t:|1760328961
|switch|p1a: Mojoncito|Clodsire, M|100/100
|-damage|p1a: Mojoncito|94/100|[from] Stealth Rock
|move|p2a: Goodra|Earthquake|p1a: Mojoncito
|-supereffective|p1a: Mojoncito
|-damage|p1a: Mojoncito|48/100
|
|-heal|p1a: Mojoncito|54/100|[from] item: Leftovers
|upkeep
|turn|4
|c|☆endavort123|mojoncito JSJSJSJSJSJS
|c|☆endavort123|BUENÍSIMO
|
|t:|1760328981
|-terastallize|p1a: Mojoncito|Water
|move|p2a: Goodra|Earthquake|p1a: Mojoncito
|-damage|p1a: Mojoncito|32/100
|move|p1a: Mojoncito|Recover|p1a: Mojoncito
|-heal|p1a: Mojoncito|83/100
|
|-heal|p1a: Mojoncito|89/100|[from] item: Leftovers
|upkeep
|turn|5
|
|t:|1760328991
|switch|p2a: Thundurus|Thundurus-Therian, M|100/100
|move|p1a: Mojoncito|Curse|p1a: Mojoncito
|-unboost|p1a: Mojoncito|spe|1
|-boost|p1a: Mojoncito|atk|1
|-boost|p1a: Mojoncito|def|1
|
|-heal|p1a: Mojoncito|95/100|[from] item: Leftovers
|upkeep
|turn|6
|
|t:|1760329001
|switch|p1a: Scorüpi|Gastrodon-East, M, shiny|100/100
|-damage|p1a: Scorüpi|94/100|[from] Stealth Rock
|move|p2a: Thundurus|Grass Knot|p1a: Scorüpi
|-supereffective|p1a: Scorüpi
|-damage|p1a: Scorüpi|4/100
|
|-heal|p1a: Scorüpi|10/100|[from] item: Leftovers
|upkeep
|turn|7
|-message|jonnythocolin forfeited.
|
|win|endavort123
|raw|jonnythocolin's rating: 1167 &rarr; <strong>1146</strong><br />(-21 for losing)
|raw|endavort123's rating: 1218 &rarr; <strong>1239</strong><br />(+21 for winning)
|l|☆jonnythocolin
|player|p1|
|c|☆endavort123|gg
|l|☆endavort123
|player|p2|
