|j|☆Flany27
|j|☆Turple25
|t:|1760385716
|gametype|singles
|player|p1|Flany27|wattson|1134
|player|p2|Turple25|cynthia|1084
|gen|9
|tier|[Gen 9] OU
|rated|
|rule|HP Percentage Mod: HP is shown in percentages
|rule|Endless Battle Clause: Forcing endless battles is banned
|rule|Species Clause: Limit one of each Pokémon
|rule|OHKO Clause: OHKO moves are banned
|rule|Evasion Items Clause: Evasion items are banned
|rule|Evasion Moves Clause: Evasion moves are banned
|rule|Evasion Abilities Clause: Evasion abilities are banned
|rule|Sleep Moves Clause: Sleep-inducing moves are banned
|clearpoke
|poke|p1|Dragapult, M|
|poke|p1|Landorus-Therian, M|
|poke|p1|Slowking-Galar, F|
|poke|p1|Quaquaval, F|
|poke|p1|Muk-Alola, M|
|poke|p1|Gholdengo|
|poke|p2|Hitmonlee, M|
|poke|p2|Leavanny, M|
|poke|p2|Torkoal, F|
|poke|p2|Clawitzer, M|
|poke|p2|Dachsbun, F|
|poke|p2|Chimecho, F|
|teampreview
|inactive|Battle timer is ON: inactive players will automatically lose when time's up. (requested by Flany27)
|
|t:|1760385737
|teamsize|p1|6
|teamsize|p2|6
|start
|switch|p1a: Landorus|Landorus-Therian, M|100/100
|switch|p2a: Leavanny|Leavanny, M|100/100
|-ability|p1a: Landorus|Intimidate|boost
|-unboost|p2a: Leavanny|atk|1
|turn|1
|
|t:|1760385743
|move|p2a: Leavanny|Switcheroo|p1a: Landorus
|-activate|p2a: Leavanny|move: Trick|[of] p1a: Landorus
|-item|p1a: Landorus|Toxic Orb|[from] move: Switcheroo
|-item|p2a: Leavanny|Rocky Helmet|[from] move: Switcheroo
|move|p1a: Landorus|Taunt|p2a: Leavanny
|-start|p2a: Leavanny|move: Taunt
|
|-status|p1a: Landorus|tox|[from] item: Toxic Orb
|upkeep
|turn|2
|
|t:|1760385751
|move|p2a: Leavanny|Knock Off|p1a: Landorus
|-damage|p1a: Landorus|83/100 tox
|-enditem|p1a: Landorus|Toxic Orb|[from] move: Knock Off|[of] p2a: Leavanny
|move|p1a: Landorus|Stealth Rock|p2a: Leavanny
|-sidestart|p2: Turple25|move: Stealth Rock
|
|-damage|p1a: Landorus|77/100 tox|[from] psn
|upkeep
|turn|3
|
|t:|1760385759
|move|p2a: Leavanny|Lunge|p1a: Landorus
|-resisted|p1a: Landorus
|-damage|p1a: Landorus|66/100 tox
|-unboost|p1a: Landorus|atk|1
|move|p1a: Landorus|U-turn|p2a: Leavanny
|-supereffective|p2a: Leavanny
|-damage|p2a: Leavanny|54/100
|-damage|p1a: Landorus|50/100 tox|[from] item: Rocky Helmet|[of] p2a: Leavanny
|
|t:|1760385770
|switch|p1a: Slowking|Slowking-Galar, F, shiny|100/100|[from] U-turn
|
|upkeep
|turn|4
|
|t:|1760385777
|move|p2a: Leavanny|Knock Off|p1a: Slowking
|-supereffective|p1a: Slowking
|-damage|p1a: Slowking|62/100
|-enditem|p1a: Slowking|Leftovers|[from] move: Knock Off|[of] p2a: Leavanny
|move|p1a: Slowking|Sludge Bomb|p2a: Leavanny
|-supereffective|p2a: Leavanny
|-damage|p2a: Leavanny|0 fnt
|faint|p2a: Leavanny
|
|upkeep
|
|t:|1760385790
|switch|p2a: Clawitzer|Clawitzer, M|100/100
|-damage|p2a: Clawitzer|88/100|[from] Stealth Rock
|turn|5
|
|t:|1760385803
|move|p2a: Clawitzer|Dark Pulse|p1a: Slowking
|-supereffective|p1a: Slowking
|-damage|p1a: Slowking|0 fnt
|faint|p1a: Slowking
|
|upkeep
|
|t:|1760385809
|switch|p1a: Quaquaval|Quaquaval, F|100/100
|turn|6
|
|t:|1760385812
|move|p1a: Quaquaval|Rapid Spin|p2a: Clawitzer
|-damage|p2a: Clawitzer|65/100
|-boost|p1a: Quaquaval|spe|1
|move|p2a: Clawitzer|Dragon Pulse|p1a: Quaquaval
|-damage|p1a: Quaquaval|61/100
|
|upkeep
|turn|7
|
|t:|1760385820
|move|p1a: Quaquaval|Close Combat|p2a: Clawitzer
|-damage|p2a: Clawitzer|0 fnt
|-unboost|p1a: Quaquaval|def|1
|-unboost|p1a: Quaquaval|spd|1
|faint|p2a: Clawitzer
|-ability|p1a: Quaquaval|Moxie|boost
|-boost|p1a: Quaquaval|atk|1
|
|upkeep
|
|t:|1760385826
|switch|p2a: Torkoal|Torkoal, F|100/100
|-damage|p2a: Torkoal|75/100|[from] Stealth Rock
|-weather|SunnyDay|[from] ability: Drought|[of] p2a: Torkoal
|turn|8
|
|t:|1760385832
|move|p1a: Quaquaval|Aqua Step|p2a: Torkoal
|-supereffective|p2a: Torkoal
|-damage|p2a: Torkoal|40/100
|-boost|p1a: Quaquaval|spe|1
|move|p2a: Torkoal|Will-O-Wisp|p1a: Quaquaval|[miss]
|-miss|p2a: Torkoal|p1a: Quaquaval
|
|-weather|SunnyDay|[upkeep]
|-heal|p2a: Torkoal|46/100|[from] item: Leftovers
|upkeep
|turn|9
|
|t:|1760385839
|-terastallize|p1a: Quaquaval|Water
|move|p1a: Quaquaval|Aqua Step|p2a: Torkoal
|-supereffective|p2a: Torkoal
|-damage|p2a: Torkoal|2/100
|-boost|p1a: Quaquaval|spe|1
|move|p2a: Torkoal|Will-O-Wisp|p1a: Quaquaval
|-status|p1a: Quaquaval|brn
|
|-weather|SunnyDay|[upkeep]
|-heal|p2a: Torkoal|8/100|[from] item: Leftovers
|-damage|p1a: Quaquaval|55/100 brn|[from] brn
|upkeep
|turn|10
|
|t:|1760385846
|move|p1a: Quaquaval|Aqua Step|p2a: Torkoal
|-supereffective|p2a: Torkoal
|-damage|p2a: Torkoal|0 fnt
|-boost|p1a: Quaquaval|spe|1
|faint|p2a: Torkoal
|-ability|p1a: Quaquaval|Moxie|boost
|-boost|p1a: Quaquaval|atk|1
|
|-weather|SunnyDay|[upkeep]
|-damage|p1a: Quaquaval|48/100 brn|[from] brn
|upkeep
|
|t:|1760385851
|switch|p2a: Chimecho|Chimecho, F|100/100
|-damage|p2a: Chimecho|88/100|[from] Stealth Rock
|turn|11
|
|t:|1760385855
|move|p1a: Quaquaval|Knock Off|p2a: Chimecho
|-supereffective|p2a: Chimecho
|-damage|p2a: Chimecho|18/100
|-enditem|p2a: Chimecho|Leftovers|[from] move: Knock Off|[of] p1a: Quaquaval
|move|p2a: Chimecho|Cosmic Power|p2a: Chimecho
|-boost|p2a: Chimecho|def|1
|-boost|p2a: Chimecho|spd|1
|
|-weather|SunnyDay|[upkeep]
|-damage|p1a: Quaquaval|42/100 brn|[from] brn
|upkeep
|turn|12
|
|t:|1760385860
|move|p1a: Quaquaval|Knock Off|p2a: Chimecho
|-supereffective|p2a: Chimecho
|-damage|p2a: Chimecho|0 fnt
|faint|p2a: Chimecho
|-ability|p1a: Quaquaval|Moxie|boost
|-boost|p1a: Quaquaval|atk|1
|
|-weather|none
|-damage|p1a: Quaquaval|36/100 brn|[from] brn
|upkeep
|
|t:|1760385863
|switch|p2a: Dachsbun|Dachsbun, F|100/100
|-damage|p2a: Dachsbun|88/100|[from] Stealth Rock
|turn|13
|
|t:|1760385868
|move|p1a: Quaquaval|Aqua Step|p2a: Dachsbun
|-damage|p2a: Dachsbun|20/100
|-boost|p1a: Quaquaval|spe|1
|move|p2a: Dachsbun|Trailblaze|p1a: Quaquaval
|-supereffective|p1a: Quaquaval
|-damage|p1a: Quaquaval|0 fnt
|-boost|p2a: Dachsbun|spe|1
|faint|p1a: Quaquaval
|
|-heal|p2a: Dachsbun|26/100|[from] item: Leftovers
|upkeep
|
|t:|1760385875
|switch|p1a: Muk|Muk-Alola, M|100/100
|turn|14
|
|t:|1760385878
|move|p2a: Dachsbun|Protect|p2a: Dachsbun
|-singleturn|p2a: Dachsbun|Protect
|move|p1a: Muk|Poison Jab|p2a: Dachsbun
|-activate|p2a: Dachsbun|move: Protect
|
|-heal|p2a: Dachsbun|32/100|[from] item: Leftovers
|upkeep
|turn|15
|
|t:|1760385884
|move|p2a: Dachsbun|Play Rough|p1a: Muk
|-damage|p1a: Muk|64/100
|move|p1a: Muk|Poison Jab|p2a: Dachsbun
|-supereffective|p2a: Dachsbun
|-crit|p2a: Dachsbun
|-damage|p2a: Dachsbun|0 fnt
|faint|p2a: Dachsbun
|
|-heal|p1a: Muk|70/100|[from] item: Leftovers
|upkeep
|
|t:|1760385888
|switch|p2a: Hitmonlee|Hitmonlee, M|100/100
|-damage|p2a: Hitmonlee|94/100|[from] Stealth Rock
|turn|16
|
|t:|1760385893
|move|p2a: Hitmonlee|Bullet Punch|p1a: Muk
|-damage|p1a: Muk|55/100
|move|p1a: Muk|Poison Jab|p2a: Hitmonlee
|-damage|p2a: Hitmonlee|5/100
|-enditem|p2a: Hitmonlee|Liechi Berry|[eat]
|-boost|p2a: Hitmonlee|atk|1|[from] item: Liechi Berry
|
|-heal|p1a: Muk|61/100|[from] item: Leftovers
|upkeep
|turn|17
|
|t:|1760385902
|move|p2a: Hitmonlee|Reversal|p1a: Muk
|-crit|p1a: Muk
|-damage|p1a: Muk|0 fnt
|faint|p1a: Muk
|
|upkeep
|
|t:|1760385906
|switch|p1a: Landorus|Landorus-Therian, M|50/100 tox
|-ability|p1a: Landorus|Intimidate|boost
|-unboost|p2a: Hitmonlee|atk|1
|turn|18
|
|t:|1760385911
|move|p2a: Hitmonlee|Reversal|p1a: Landorus
|-resisted|p1a: Landorus
|-damage|p1a: Landorus|2/100 tox
|move|p1a: Landorus|U-turn|p2a: Hitmonlee
|-resisted|p2a: Hitmonlee
|-damage|p2a: Hitmonlee|0 fnt
|faint|p2a: Hitmonlee
|
|win|Flany27
|raw|Flany27's rating: 1134 &rarr; <strong>1155</strong><br />(+21 for winning)
|raw|Turple25's rating: 1084 &rarr; <strong>1065</strong><br />(-19 for losing)
|l|☆Turple25
|player|p2|
|l|☆Flany27
|player|p1|
