|j|☆ym0001
|j|☆fishy45
|t:|1760337320
|gametype|singles
|player|p1|ym0001|169|1067
|player|p2|fishy45|266|1058
|gen|9
|tier|[Gen 9] OU
|rated|
|rule|HP Percentage Mod: HP is shown in percentages
|rule|Endless Battle Clause: Forcing endless battles is banned
|rule|Species Clause: Limit one of each Pokémon
|rule|OHKO Clause: OHKO moves are banned
|rule|Evasion Items Clause: Evasion items are banned
|rule|Evasion Moves Clause: Evasion moves are banned
|rule|Evasion Abilities Clause: Evasion abilities are banned
|rule|Sleep Moves Clause: Sleep-inducing moves are banned
|clearpoke
|poke|p1|Great Tusk|
|poke|p1|Iron Treads|
|poke|p1|Walking Wake|
|poke|p1|Iron Valiant|
|poke|p1|Iron Moth|
|poke|p1|Ceruledge, F|
|poke|p2|Venusaur, F|
|poke|p2|Pikachu, M|
|poke|p2|Charizard, F|
|poke|p2|Blastoise, M|
|poke|p2|Scizor, F|
|poke|p2|Snorlax, F|
|teampreview
|
|t:|1760337337
|teamsize|p1|6
|teamsize|p2|6
|start
|switch|p1a: Walking Wake|Walking Wake|100/100
|switch|p2a: Snorlax|Snorlax, F|100/100
|-enditem|p1a: Walking Wake|Booster Energy
|-activate|p1a: Walking Wake|ability: Protosynthesis|[fromitem]
|-start|p1a: Walking Wake|protosynthesisspa
|turn|1
|
|t:|1760337358
|move|p1a: Walking Wake|Scald|p2a: Snorlax
|-damage|p2a: Snorlax|74/100
|-status|p2a: Snorlax|brn
|move|p2a: Snorlax|Body Slam|p1a: Walking Wake
|-damage|p1a: Walking Wake|83/100
|
|-heal|p2a: Snorlax|80/100 brn|[from] item: Leftovers
|-damage|p2a: Snorlax|74/100 brn|[from] brn
|upkeep
|turn|2
|
|t:|1760337376
|move|p1a: Walking Wake|Flamethrower|p2a: Snorlax
|-damage|p2a: Snorlax|53/100 brn
|move|p2a: Snorlax|Curse|p2a: Snorlax
|-unboost|p2a: Snorlax|spe|1
|-boost|p2a: Snorlax|atk|1
|-boost|p2a: Snorlax|def|1
|
|-heal|p2a: Snorlax|59/100 brn|[from] item: Leftovers
|-damage|p2a: Snorlax|53/100 brn|[from] brn
|upkeep
|turn|3
|
|t:|1760337401
|switch|p2a: Blastoise|Blastoise, M|100/100
|move|p1a: Walking Wake|Scald|p2a: Blastoise
|-resisted|p2a: Blastoise
|-damage|p2a: Blastoise|70/100
|
|upkeep
|turn|4
|
|t:|1760337409
|move|p1a: Walking Wake|Draco Meteor|p2a: Blastoise
|-damage|p2a: Blastoise|0 fnt
|-unboost|p1a: Walking Wake|spa|2
|faint|p2a: Blastoise
|
|upkeep
|
|t:|1760337418
|switch|p2a: Scizor|Scizor, F|100/100
|turn|5
|
|t:|1760337421
|move|p1a: Walking Wake|Flamethrower|p2a: Scizor
|-supereffective|p2a: Scizor
|-damage|p2a: Scizor|0 fnt
|faint|p2a: Scizor
|
|upkeep
|
|t:|1760337428
|switch|p2a: Charizard|Charizard, F|100/100
|turn|6
|
|t:|1760337433
|move|p2a: Charizard|Overheat|p1a: Walking Wake
|-resisted|p1a: Walking Wake
|-damage|p1a: Walking Wake|59/100
|-unboost|p2a: Charizard|spa|2
|move|p1a: Walking Wake|Roar|p2a: Charizard
|drag|p2a: Snorlax|Snorlax, F|53/100 brn
|
|-heal|p2a: Snorlax|59/100 brn|[from] item: Leftovers
|-damage|p2a: Snorlax|53/100 brn|[from] brn
|upkeep
|turn|7
|
|t:|1760337444
|move|p1a: Walking Wake|Scald|p2a: Snorlax
|-damage|p2a: Snorlax|39/100 brn
|move|p2a: Snorlax|Earthquake|p1a: Walking Wake
|-damage|p1a: Walking Wake|45/100
|
|-heal|p2a: Snorlax|45/100 brn|[from] item: Leftovers
|-damage|p2a: Snorlax|39/100 brn|[from] brn
|upkeep
|turn|8
|
|t:|1760337454
|move|p1a: Walking Wake|Scald|p2a: Snorlax
|-damage|p2a: Snorlax|26/100 brn
|move|p2a: Snorlax|Earthquake|p1a: Walking Wake
|-damage|p1a: Walking Wake|30/100
|
|-heal|p2a: Snorlax|32/100 brn|[from] item: Leftovers
|-damage|p2a: Snorlax|26/100 brn|[from] brn
|upkeep
|turn|9
|
|t:|1760337464
|move|p1a: Walking Wake|Scald|p2a: Snorlax
|-damage|p2a: Snorlax|13/100 brn
|move|p2a: Snorlax|Earthquake|p1a: Walking Wake
|-damage|p1a: Walking Wake|16/100
|
|-heal|p2a: Snorlax|19/100 brn|[from] item: Leftovers
|-damage|p2a: Snorlax|13/100 brn|[from] brn
|upkeep
|turn|10
|
|t:|1760337474
|move|p1a: Walking Wake|Draco Meteor|p2a: Snorlax
|-damage|p2a: Snorlax|0 fnt
|-unboost|p1a: Walking Wake|spa|2
|faint|p2a: Snorlax
|
|upkeep
|
|t:|1760337482
|switch|p2a: Pikachu|Pikachu, M|100/100
|turn|11
|
|t:|1760337486
|move|p1a: Walking Wake|Draco Meteor|p2a: Pikachu
|-damage|p2a: Pikachu|14/100
|-unboost|p1a: Walking Wake|spa|2
|move|p2a: Pikachu|Brick Break|p1a: Walking Wake
|-damage|p1a: Walking Wake|0 fnt
|faint|p1a: Walking Wake
|-end|p1a: Walking Wake|Protosynthesis|[silent]
|
|upkeep
|
|t:|1760337495
|switch|p1a: Great Tusk|Great Tusk|100/100
|-enditem|p1a: Great Tusk|Booster Energy
|-activate|p1a: Great Tusk|ability: Protosynthesis|[fromitem]
|-start|p1a: Great Tusk|protosynthesisatk
|turn|12
|j| LCJxiaochuachua
|
|t:|1760337529
|move|p2a: Pikachu|Brick Break|p1a: Great Tusk
|-damage|p1a: Great Tusk|77/100
|move|p1a: Great Tusk|Close Combat|p2a: Pikachu
|-damage|p2a: Pikachu|0 fnt
|-unboost|p1a: Great Tusk|def|1
|-unboost|p1a: Great Tusk|spd|1
|faint|p2a: Pikachu
|
|upkeep
|
|t:|1760337540
|switch|p2a: Charizard|Charizard, F|100/100
|turn|13
|
|t:|1760337544
|move|p1a: Great Tusk|Supercell Slam|p2a: Charizard
|-supereffective|p2a: Charizard
|-damage|p2a: Charizard|0 fnt
|faint|p2a: Charizard
|
|upkeep
|
|t:|1760337549
|switch|p2a: Venusaur|Venusaur, F|100/100
|turn|14
|
|t:|1760337556
|-terastallize|p1a: Great Tusk|Ground
|move|p1a: Great Tusk|Headlong Rush|p2a: Venusaur
|-damage|p2a: Venusaur|0 fnt
|-unboost|p1a: Great Tusk|def|1
|-unboost|p1a: Great Tusk|spd|1
|faint|p2a: Venusaur
|
|win|ym0001
|raw|ym0001's rating: 1067 &rarr; <strong>1096</strong><br />(+29 for winning)
|raw|fishy45's rating: 1058 &rarr; <strong>1040</strong><br />(-18 for losing)
|l|☆ym0001
|player|p1|
|l| LCJxiaochuachua
