|j|☆KuroNoTamashi
|j|☆BobbyAxe1
|t:|1760356985
|gametype|singles
|player|p1|KuroNoTamashi|102|1383
|player|p2|BobbyAxe1|gambler|1410
|gen|9
|tier|[Gen 9] OU
|rated|
|rule|HP Percentage Mod: HP is shown in percentages
|rule|Endless Battle Clause: Forcing endless battles is banned
|rule|Species Clause: Limit one of each Pokémon
|rule|OHKO Clause: OHKO moves are banned
|rule|Evasion Items Clause: Evasion items are banned
|rule|Evasion Moves Clause: Evasion moves are banned
|rule|Evasion Abilities Clause: Evasion abilities are banned
|rule|Sleep Moves Clause: Sleep-inducing moves are banned
|clearpoke
|poke|p1|Dragapult, M|
|poke|p1|Fezandipiti, M|
|poke|p1|Moltres|
|poke|p1|Alomomola, M|
|poke|p1|Kingambit, F|
|poke|p1|Hatterene, F|
|poke|p2|Vileplume, F|
|poke|p2|Tyranitar, M|
|poke|p2|Spiritomb, M|
|poke|p2|Heracross, F|
|poke|p2|Pyroar, M|
|poke|p2|Quagsire, M|
|teampreview
|
|t:|1760357022
|teamsize|p1|6
|teamsize|p2|6
|start
|switch|p1a: Fezandipiti|Fezandipiti, M|100/100
|switch|p2a: Spiritomb|Spiritomb, M|100/100
|-ability|p2a: Spiritomb|Pressure
|turn|1
|
|t:|1760357030
|move|p1a: Fezandipiti|Moonblast|p2a: Spiritomb
|-supereffective|p2a: Spiritomb
|-damage|p2a: Spiritomb|17/100
|-unboost|p2a: Spiritomb|spa|1
|-status|p2a: Spiritomb|tox|[from] ability: Toxic Chain|[of] p1a: Fezandipiti
|move|p2a: Spiritomb|Will-O-Wisp|p1a: Fezandipiti
|-status|p1a: Fezandipiti|brn
|
|-heal|p2a: Spiritomb|23/100 tox|[from] item: Leftovers
|-damage|p2a: Spiritomb|17/100 tox|[from] psn
|-damage|p1a: Fezandipiti|95/100 brn|[from] brn
|upkeep
|turn|2
|
|t:|1760357050
|switch|p2a: Vileplume|Vileplume, F|100/100
|move|p1a: Fezandipiti|Moonblast|p2a: Vileplume
|-resisted|p2a: Vileplume
|-damage|p2a: Vileplume|80/100
|-unboost|p2a: Vileplume|spa|1
|
|-heal|p2a: Vileplume|86/100|[from] item: Black Sludge
|-damage|p1a: Fezandipiti|89/100 brn|[from] brn
|upkeep
|turn|3
|
|t:|1760357061
|switch|p1a: Hatterene|Hatterene, F|100/100
|move|p2a: Vileplume|Leech Seed|p1a: Hatterene
|move|p1a: Hatterene|Leech Seed|p2a: Vileplume|[from] ability: Magic Bounce
|-immune|p2a: Vileplume
|
|-heal|p2a: Vileplume|93/100|[from] item: Black Sludge
|upkeep
|turn|4
|
|t:|1760357082
|switch|p2a: Quagsire|Quagsire, M|100/100
|move|p1a: Hatterene|Psyshock|p2a: Quagsire
|-damage|p2a: Quagsire|58/100
|
|-heal|p2a: Quagsire|64/100|[from] item: Leftovers
|upkeep
|turn|5
|
|t:|1760357091
|switch|p2a: Tyranitar|Tyranitar, M|100/100
|-weather|Sandstorm|[from] ability: Sand Stream|[of] p2a: Tyranitar
|move|p1a: Hatterene|Draining Kiss|p2a: Tyranitar
|-supereffective|p2a: Tyranitar
|-damage|p2a: Tyranitar|69/100
|
|-weather|Sandstorm|[upkeep]
|-damage|p1a: Hatterene|95/100|[from] Sandstorm
|-heal|p2a: Tyranitar|75/100|[from] item: Leftovers
|upkeep
|turn|6
|
|t:|1760357105
|move|p2a: Tyranitar|Stone Edge|p1a: Hatterene|[miss]
|-miss|p2a: Tyranitar|p1a: Hatterene
|move|p1a: Hatterene|Nuzzle|p2a: Tyranitar
|-damage|p2a: Tyranitar|72/100
|-status|p2a: Tyranitar|par
|
|-weather|Sandstorm|[upkeep]
|-damage|p1a: Hatterene|89/100|[from] Sandstorm
|-heal|p2a: Tyranitar|78/100 par|[from] item: Leftovers
|upkeep
|turn|7
|
|t:|1760357116
|move|p1a: Hatterene|Draining Kiss|p2a: Tyranitar
|-supereffective|p2a: Tyranitar
|-damage|p2a: Tyranitar|44/100 par
|-heal|p1a: Hatterene|100/100|[from] drain|[of] p2a: Tyranitar
|move|p2a: Tyranitar|Knock Off|p1a: Hatterene
|-damage|p1a: Hatterene|38/100
|-enditem|p1a: Hatterene|Focus Sash|[from] move: Knock Off|[of] p2a: Tyranitar
|
|-weather|Sandstorm|[upkeep]
|-damage|p1a: Hatterene|32/100|[from] Sandstorm
|-heal|p2a: Tyranitar|50/100 par|[from] item: Leftovers
|upkeep
|turn|8
|
|t:|1760357128
|switch|p2a: Pyroar|Pyroar, M|100/100
|-ability|p2a: Pyroar|Unnerve
|move|p1a: Hatterene|Draining Kiss|p2a: Pyroar
|-resisted|p2a: Pyroar
|-damage|p2a: Pyroar|86/100
|-heal|p1a: Hatterene|45/100|[from] drain|[of] p2a: Pyroar
|
|-weather|Sandstorm|[upkeep]
|-damage|p2a: Pyroar|80/100|[from] Sandstorm
|-damage|p1a: Hatterene|39/100|[from] Sandstorm
|upkeep
|turn|9
|
|t:|1760357143
|switch|p1a: Alomomola|Alomomola, M|100/100
|move|p2a: Pyroar|Overheat|p1a: Alomomola
|-resisted|p1a: Alomomola
|-damage|p1a: Alomomola|89/100
|-unboost|p2a: Pyroar|spa|2
|
|-weather|none
|upkeep
|turn|10
|
|t:|1760357153
|move|p2a: Pyroar|Will-O-Wisp|p1a: Alomomola
|-status|p1a: Alomomola|brn
|move|p1a: Alomomola|Flip Turn|p2a: Pyroar
|-supereffective|p2a: Pyroar
|-damage|p2a: Pyroar|61/100
|
|t:|1760357156
|switch|p1a: Dragapult|Dragapult, M, shiny|100/100|[from] Flip Turn
|
|upkeep
|turn|11
|
|t:|1760357179
|move|p1a: Dragapult|Dragon Darts|p2a: Pyroar
|-crit|p2a: Pyroar
|-damage|p2a: Pyroar|2/100
|-anim|p1a: Dragapult|Dragon Darts|p2a: Pyroar
|-damage|p2a: Pyroar|0 fnt
|faint|p2a: Pyroar
|
|upkeep
|
|t:|1760357189
|switch|p2a: Vileplume|Vileplume, F|93/100
|turn|12
|
|t:|1760357193
|move|p1a: Dragapult|Dragon Darts|p2a: Vileplume
|-damage|p2a: Vileplume|53/100
|-anim|p1a: Dragapult|Dragon Darts|p2a: Vileplume
|-damage|p2a: Vileplume|16/100
|move|p2a: Vileplume|Strength Sap|p1a: Dragapult
|-fail|p1a: Dragapult|unboost|[from] ability: Clear Body|[of] p1a: Dragapult
|-heal|p2a: Vileplume|100/100
|
|upkeep
|turn|13
|
|t:|1760357202
|switch|p1a: Hatterene|Hatterene, F|39/100
|move|p2a: Vileplume|Toxic|p1a: Hatterene
|move|p1a: Hatterene|Toxic|p2a: Vileplume|[from] ability: Magic Bounce
|-immune|p2a: Vileplume
|
|upkeep
|turn|14
|
|t:|1760357211
|move|p2a: Vileplume|Sludge Bomb|p1a: Hatterene
|-supereffective|p1a: Hatterene
|-damage|p1a: Hatterene|0 fnt
|faint|p1a: Hatterene
|
|upkeep
|
|t:|1760357216
|switch|p1a: Moltres|Moltres|100/100
|turn|15
|
|t:|1760357232
|-terastallize|p2a: Vileplume|Poison
|move|p1a: Moltres|Hurricane|p2a: Vileplume
|-damage|p2a: Vileplume|67/100
|move|p2a: Vileplume|Leech Seed|p1a: Moltres
|-start|p1a: Moltres|move: Leech Seed
|
|-heal|p2a: Vileplume|74/100|[from] item: Black Sludge
|-damage|p1a: Moltres|88/100|[from] Leech Seed|[of] p2a: Vileplume
|-heal|p2a: Vileplume|87/100|[silent]
|upkeep
|turn|16
|
|t:|1760357253
|switch|p2a: Quagsire|Quagsire, M|64/100
|move|p1a: Moltres|U-turn|p2a: Quagsire
|-damage|p2a: Quagsire|50/100
|
|t:|1760357256
|switch|p1a: Dragapult|Dragapult, M, shiny|100/100|[from] U-turn
|
|-heal|p2a: Quagsire|56/100|[from] item: Leftovers
|upkeep
|turn|17
|
|t:|1760357264
|move|p1a: Dragapult|Dragon Darts|p2a: Quagsire
|-damage|p2a: Quagsire|21/100
|-anim|p1a: Dragapult|Dragon Darts|p2a: Quagsire
|-damage|p2a: Quagsire|0 fnt
|faint|p2a: Quagsire
|
|upkeep
|
|t:|1760357278
|switch|p2a: Heracross|Heracross, F|100/100
|turn|18
|
|t:|1760357282
|switch|p1a: Moltres|Moltres|88/100
|move|p2a: Heracross|Knock Off|p1a: Moltres
|-damage|p1a: Moltres|69/100
|-enditem|p1a: Moltres|Heavy-Duty Boots|[from] move: Knock Off|[of] p2a: Heracross
|
|upkeep
|turn|19
|
|t:|1760357293
|switch|p2a: Vileplume|Vileplume, F, tera:Poison|87/100
|move|p1a: Moltres|U-turn|p2a: Vileplume
|-resisted|p2a: Vileplume
|-damage|p2a: Vileplume|79/100
|
|t:|1760357299
|switch|p1a: Dragapult|Dragapult, M, shiny|100/100|[from] U-turn
|
|-heal|p2a: Vileplume|86/100|[from] item: Black Sludge
|upkeep
|turn|20
|
|t:|1760357305
|-terastallize|p1a: Dragapult|Ghost
|move|p1a: Dragapult|Tera Blast|p2a: Vileplume|[anim] Tera Blast Ghost
|-damage|p2a: Vileplume|0 fnt
|faint|p2a: Vileplume
|
|upkeep
|
|t:|1760357313
|switch|p2a: Tyranitar|Tyranitar, M|50/100 par
|-weather|Sandstorm|[from] ability: Sand Stream|[of] p2a: Tyranitar
|turn|21
|
|t:|1760357319
|switch|p1a: Fezandipiti|Fezandipiti, M|89/100 brn
|move|p2a: Tyranitar|Stone Edge|p1a: Fezandipiti
|-crit|p1a: Fezandipiti
|-damage|p1a: Fezandipiti|0 fnt
|faint|p1a: Fezandipiti
|
|-weather|Sandstorm|[upkeep]
|-heal|p2a: Tyranitar|56/100 par|[from] item: Leftovers
|upkeep
|
|t:|1760357325
|switch|p1a: Kingambit|Kingambit, F|100/100
|-activate|p1a: Kingambit|ability: Supreme Overlord
|-start|p1a: Kingambit|fallen2|[silent]
|turn|22
|
|t:|1760357333
|switch|p2a: Heracross|Heracross, F|100/100
|move|p1a: Kingambit|Iron Head|p2a: Heracross
|-damage|p2a: Heracross|53/100
|
|-weather|Sandstorm|[upkeep]
|-damage|p2a: Heracross|47/100|[from] Sandstorm
|-heal|p2a: Heracross|53/100|[from] item: Leftovers
|upkeep
|turn|23
|
|t:|1760357351
|switch|p2a: Spiritomb|Spiritomb, M|17/100 tox
|-ability|p2a: Spiritomb|Pressure
|-end|p1a: Kingambit|fallen2|[silent]
|switch|p1a: Moltres|Moltres|69/100
|
|-weather|Sandstorm|[upkeep]
|-damage|p1a: Moltres|63/100|[from] Sandstorm
|-damage|p2a: Spiritomb|11/100 tox|[from] Sandstorm
|-heal|p2a: Spiritomb|17/100 tox|[from] item: Leftovers
|-damage|p2a: Spiritomb|11/100 tox|[from] psn
|upkeep
|turn|24
|
|t:|1760357363
|move|p1a: Moltres|Flamethrower|p2a: Spiritomb
|-crit|p2a: Spiritomb
|-damage|p2a: Spiritomb|0 fnt
|faint|p2a: Spiritomb
|
|-weather|Sandstorm|[upkeep]
|-damage|p1a: Moltres|56/100|[from] Sandstorm
|upkeep
|-message|BobbyAxe1 forfeited.
|
|win|KuroNoTamashi
|raw|KuroNoTamashi's rating: 1383 &rarr; <strong>1405</strong><br />(+22 for winning)
|raw|BobbyAxe1's rating: 1410 &rarr; <strong>1388</strong><br />(-22 for losing)
|l|☆BobbyAxe1
|player|p2|
|l|☆KuroNoTamashi
|player|p1|
