|j|☆beavertheone
|j|☆RovaRed
|t:|1760408145
|gametype|singles
|player|p1|beavertheone|ingo|1400
|player|p2|RovaRed|miku-flying|1370
|gen|9
|tier|[Gen 9] OU
|rated|
|rule|HP Percentage Mod: HP is shown in percentages
|rule|Endless Battle Clause: Forcing endless battles is banned
|rule|Species Clause: Limit one of each Pokémon
|rule|OHKO Clause: OHKO moves are banned
|rule|Evasion Items Clause: Evasion items are banned
|rule|Evasion Moves Clause: Evasion moves are banned
|rule|Evasion Abilities Clause: Evasion abilities are banned
|rule|Sleep Moves Clause: Sleep-inducing moves are banned
|clearpoke
|poke|p1|Ogerpon-Wellspring, F|
|poke|p1|Kingambit, M|
|poke|p1|Ursaluna, M|
|poke|p1|Glimmora, F|
|poke|p1|Dragapult, F|
|poke|p1|Iron Valiant|
|poke|p2|Shiftry, M|
|poke|p2|Rillaboom, M|
|poke|p2|Brambleghast, M|
|poke|p2|Hawlucha, F|
|poke|p2|Great Tusk|
|poke|p2|Iron Moth|
|teampreview
|inactive|Battle timer is ON: inactive players will automatically lose when time's up. (requested by beavertheone)
|
|t:|1760408175
|teamsize|p1|6
|teamsize|p2|6
|start
|switch|p1a: Glimmora|Glimmora, F, shiny|100/100
|switch|p2a: Shiftry|Shiftry, M|100/100
|turn|1
|
|t:|1760408178
|move|p1a: Glimmora|Mortal Spin|p2a: Shiftry
|-supereffective|p2a: Shiftry
|-damage|p2a: Shiftry|81/100
|-status|p2a: Shiftry|psn
|move|p2a: Shiftry|Tailwind|p2a: Shiftry
|-sidestart|p2: RovaRed|move: Tailwind
|-ability|p2a: Shiftry|Wind Rider|boost
|-boost|p2a: Shiftry|atk|1
|
|-damage|p2a: Shiftry|69/100 psn|[from] psn
|upkeep
|turn|2
|
|t:|1760408185
|move|p2a: Shiftry|Explosion|p1a: Glimmora
|-resisted|p1a: Glimmora
|-damage|p1a: Glimmora|37/100
|-activate|p1a: Glimmora|ability: Toxic Debris
|-sidestart|p2: RovaRed|move: Toxic Spikes
|faint|p2a: Shiftry
|move|p1a: Glimmora|Stealth Rock|p2: Shiftry
|-sidestart|p2: RovaRed|move: Stealth Rock
|
|upkeep
|
|t:|1760408192
|switch|p2a: Brambleghast|Brambleghast, M|100/100
|-status|p2a: Brambleghast|psn
|-damage|p2a: Brambleghast|88/100 psn|[from] Stealth Rock
|-ability|p2a: Brambleghast|Wind Rider|boost
|-boost|p2a: Brambleghast|atk|1
|turn|3
|
|t:|1760408197
|move|p2a: Brambleghast|Bullet Seed|p1a: Glimmora
|-damage|p1a: Glimmora|16/100
|-activate|p1a: Glimmora|ability: Toxic Debris
|-sidestart|p2: RovaRed|move: Toxic Spikes
|-damage|p1a: Glimmora|0 fnt
|faint|p1a: Glimmora
|-hitcount|p1: Glimmora|2
|
|-damage|p2a: Brambleghast|76/100 psn|[from] psn
|upkeep
|
|t:|1760408201
|switch|p1a: Dragapult|Dragapult, F, shiny|100/100
|turn|4
|
|t:|1760408212
|switch|p1a: Ursaluna|Ursaluna, M, shiny|100/100
|move|p2a: Brambleghast|Poltergeist|p1a: Ursaluna
|-immune|p1a: Ursaluna
|
|-damage|p2a: Brambleghast|63/100 psn|[from] psn
|-sideend|p2: RovaRed|move: Tailwind
|-status|p1a: Ursaluna|brn|[from] item: Flame Orb
|upkeep
|turn|5
|
|t:|1760408215
|-terastallize|p1a: Ursaluna|Normal
|move|p2a: Brambleghast|Bullet Seed|p1a: Ursaluna
|-damage|p1a: Ursaluna|89/100 brn
|-damage|p1a: Ursaluna|76/100 brn
|-damage|p1a: Ursaluna|62/100 brn
|-damage|p1a: Ursaluna|49/100 brn
|-damage|p1a: Ursaluna|36/100 brn
|-hitcount|p1a: Ursaluna|5
|move|p1a: Ursaluna|Facade|p2a: Brambleghast
|-immune|p2a: Brambleghast
|
|-damage|p2a: Brambleghast|51/100 psn|[from] psn
|-damage|p1a: Ursaluna|30/100 brn|[from] brn
|upkeep
|turn|6
|c|☆beavertheone|Whoops
|
|t:|1760408227
|switch|p1a: Kingambit|Kingambit, M, shiny|100/100
|-activate|p1a: Kingambit|ability: Supreme Overlord
|-start|p1a: Kingambit|fallen1|[silent]
|move|p2a: Brambleghast|Bullet Seed|p1a: Kingambit
|-resisted|p1a: Kingambit
|-damage|p1a: Kingambit|94/100
|-resisted|p1a: Kingambit
|-damage|p1a: Kingambit|88/100
|-resisted|p1a: Kingambit
|-damage|p1a: Kingambit|82/100
|-resisted|p1a: Kingambit
|-crit|p1a: Kingambit
|-damage|p1a: Kingambit|72/100
|-hitcount|p1a: Kingambit|4
|
|-heal|p1a: Kingambit|78/100|[from] item: Leftovers
|-damage|p2a: Brambleghast|39/100 psn|[from] psn
|upkeep
|turn|7
|
|t:|1760408233
|-terastallize|p2a: Brambleghast|Fighting
|move|p1a: Kingambit|Sucker Punch|p2a: Brambleghast
|-resisted|p2a: Brambleghast
|-damage|p2a: Brambleghast|0 fnt
|faint|p2a: Brambleghast
|
|-heal|p1a: Kingambit|84/100|[from] item: Leftovers
|upkeep
|
|t:|1760408240
|switch|p2a: Iron Moth|Iron Moth|100/100
|-sideend|p2: RovaRed|move: Toxic Spikes|[of] p2a: Iron Moth
|-damage|p2a: Iron Moth|76/100|[from] Stealth Rock
|-enditem|p2a: Iron Moth|Booster Energy
|-activate|p2a: Iron Moth|ability: Quark Drive|[fromitem]
|-start|p2a: Iron Moth|quarkdrivespe
|turn|8
|
|t:|1760408245
|-end|p1a: Kingambit|fallen1|[silent]
|switch|p1a: Ursaluna|Ursaluna, M, shiny, tera:Normal|30/100 brn
|move|p2a: Iron Moth|Fiery Dance|p1a: Ursaluna
|-damage|p1a: Ursaluna|0 fnt
|-boost|p2a: Iron Moth|spa|1
|faint|p1a: Ursaluna
|
|upkeep
|
|t:|1760408252
|switch|p1a: Ogerpon|Ogerpon-Wellspring, F|100/100
|turn|9
|
|t:|1760408254
|move|p2a: Iron Moth|Sludge Wave|p1a: Ogerpon
|-supereffective|p1a: Ogerpon
|-damage|p1a: Ogerpon|0 fnt
|faint|p1a: Ogerpon
|
|upkeep
|
|t:|1760408257
|switch|p1a: Dragapult|Dragapult, F, shiny|100/100
|turn|10
|
|t:|1760408260
|move|p2a: Iron Moth|Dazzling Gleam|p1a: Dragapult
|-supereffective|p1a: Dragapult
|-damage|p1a: Dragapult|0 fnt
|faint|p1a: Dragapult
|
|upkeep
|
|t:|1760408263
|switch|p1a: Iron Valiant|Iron Valiant, shiny|100/100
|-enditem|p1a: Iron Valiant|Booster Energy
|-activate|p1a: Iron Valiant|ability: Quark Drive|[fromitem]
|-start|p1a: Iron Valiant|quarkdrivespe
|turn|11
|
|t:|1760408266
|move|p1a: Iron Valiant|Moonblast|p2a: Iron Moth
|-resisted|p2a: Iron Moth
|-damage|p2a: Iron Moth|64/100
|move|p2a: Iron Moth|Dazzling Gleam|p1a: Iron Valiant
|-supereffective|p1a: Iron Valiant
|-damage|p1a: Iron Valiant|0 fnt
|faint|p1a: Iron Valiant
|-end|p1a: Iron Valiant|Quark Drive|[silent]
|
|upkeep
|
|t:|1760408268
|switch|p1a: Kingambit|Kingambit, M, shiny|84/100
|-activate|p1a: Kingambit|ability: Supreme Overlord
|-start|p1a: Kingambit|fallen5|[silent]
|turn|12
|
|t:|1760408270
|move|p1a: Kingambit|Sucker Punch|p2a: Iron Moth
|-crit|p2a: Iron Moth
|-damage|p2a: Iron Moth|0 fnt
|faint|p2a: Iron Moth
|-end|p2a: Iron Moth|Quark Drive|[silent]
|
|-heal|p1a: Kingambit|91/100|[from] item: Leftovers
|upkeep
|
|t:|1760408274
|switch|p2a: Great Tusk|Great Tusk|100/100
|-damage|p2a: Great Tusk|98/100|[from] Stealth Rock
|-enditem|p2a: Great Tusk|Booster Energy
|-activate|p2a: Great Tusk|ability: Protosynthesis|[fromitem]
|-start|p2a: Great Tusk|protosynthesisspe
|turn|13
|-message|beavertheone forfeited.
|
|win|RovaRed
|raw|beavertheone's rating: 1400 &rarr; <strong>1378</strong><br />(-22 for losing)
|raw|RovaRed's rating: 1370 &rarr; <strong>1392</strong><br />(+22 for winning)
|l|☆beavertheone
|player|p1|
