|j|☆owl_with_scarf
|j|☆Nitropig
|t:|1760422891
|gametype|singles
|player|p1|owl_with_scarf|#owlwithscarf|1470
|player|p2|Nitropig|miku-ghost|1551
|gen|9
|tier|[Gen 9] OU
|rated|
|rule|HP Percentage Mod: HP is shown in percentages
|rule|Endless Battle Clause: Forcing endless battles is banned
|rule|Species Clause: Limit one of each Pokémon
|rule|OHKO Clause: OHKO moves are banned
|rule|Evasion Items Clause: Evasion items are banned
|rule|Evasion Moves Clause: Evasion moves are banned
|rule|Evasion Abilities Clause: Evasion abilities are banned
|rule|Sleep Moves Clause: Sleep-inducing moves are banned
|clearpoke
|poke|p1|Clefable, F|
|poke|p1|Glimmora, F|
|poke|p1|Diancie|
|poke|p1|Hatterene, F|
|poke|p1|Ogerpon-Wellspring, F|
|poke|p1|Ursaluna, M|
|poke|p2|Corviknight, F|
|poke|p2|Heatran, M|
|poke|p2|Great Tusk|
|poke|p2|Toedscruel, F|
|poke|p2|Dragapult, M|
|poke|p2|Darkrai|
|teampreview
|inactive|Battle timer is ON: inactive players will automatically lose when time's up. (requested by Nitropig)
|inactive|owl_with_scarf also wants the timer to be on.
|
|t:|1760422909
|teamsize|p1|6
|teamsize|p2|6
|start
|switch|p1a: Ogerpon|Ogerpon-Wellspring, F|100/100
|switch|p2a: Heatran|Heatran, M|100/100
|turn|1
|
|t:|1760422922
|move|p2a: Heatran|Protect|p2a: Heatran
|-singleturn|p2a: Heatran|Protect
|move|p1a: Ogerpon|Knock Off|p2a: Heatran
|-activate|p2a: Heatran|move: Protect
|
|upkeep
|turn|2
|
|t:|1760422936
|move|p1a: Ogerpon|Ivy Cudgel|p2a: Heatran|[anim] Ivy Cudgel Water
|-supereffective|p2a: Heatran
|-damage|p2a: Heatran|0 fnt
|faint|p2a: Heatran
|
|upkeep
|
|t:|1760422940
|switch|p2a: Corviknight|Corviknight, F|100/100
|-ability|p2a: Corviknight|Pressure
|turn|3
|
|t:|1760422944
|switch|p1a: Glimmora|Glimmora, F|100/100
|move|p2a: Corviknight|Body Press|p1a: Glimmora
|-damage|p1a: Glimmora|67/100
|-activate|p1a: Glimmora|ability: Toxic Debris
|-sidestart|p2: Nitropig|move: Toxic Spikes
|
|upkeep
|turn|4
|
|t:|1760422950
|move|p1a: Glimmora|Meteor Beam||[still]
|-prepare|p1a: Glimmora|Meteor Beam
|-boost|p1a: Glimmora|spa|1
|-enditem|p1a: Glimmora|Power Herb
|-anim|p1a: Glimmora|Meteor Beam|p2a: Corviknight|[miss]
|-miss|p1a: Glimmora|p2a: Corviknight
|move|p2a: Corviknight|Defog|p1a: Glimmora
|-unboost|p1a: Glimmora|evasion|1
|-sideend|p2: Nitropig|Toxic Spikes|[from] move: Defog|[of] p2a: Corviknight
|
|upkeep
|turn|5
|
|t:|1760422958
|move|p1a: Glimmora|Meteor Beam||[still]
|-prepare|p1a: Glimmora|Meteor Beam
|-boost|p1a: Glimmora|spa|1
|move|p2a: Corviknight|Body Press|p1a: Glimmora
|-damage|p1a: Glimmora|34/100
|-activate|p1a: Glimmora|ability: Toxic Debris
|-sidestart|p2: Nitropig|move: Toxic Spikes
|
|upkeep
|turn|6
|
|t:|1760422964
|move|p1a: Glimmora|Meteor Beam|p2a: Corviknight|[from] lockedmove|[miss]
|-miss|p1a: Glimmora|p2a: Corviknight
|move|p2a: Corviknight|Body Press|p1a: Glimmora
|-damage|p1a: Glimmora|3/100
|-activate|p1a: Glimmora|ability: Toxic Debris
|-sidestart|p2: Nitropig|move: Toxic Spikes
|
|upkeep
|turn|7
|
|t:|1760422970
|move|p1a: Glimmora|Power Gem|p2a: Corviknight
|-damage|p2a: Corviknight|25/100
|move|p2a: Corviknight|Defog|p1a: Glimmora
|-unboost|p1a: Glimmora|evasion|1
|-sideend|p2: Nitropig|Toxic Spikes|[from] move: Defog|[of] p2a: Corviknight
|
|upkeep
|turn|8
|
|t:|1760422974
|switch|p2a: Great Tusk|Great Tusk|100/100
|move|p1a: Glimmora|Power Gem|p2a: Great Tusk
|-resisted|p2a: Great Tusk
|-damage|p2a: Great Tusk|67/100
|
|upkeep
|turn|9
|
|t:|1760422980
|move|p2a: Great Tusk|Knock Off|p1a: Glimmora
|-crit|p1a: Glimmora
|-damage|p1a: Glimmora|0 fnt
|-activate|p1a: Glimmora|ability: Toxic Debris
|-sidestart|p2: Nitropig|move: Toxic Spikes
|faint|p1a: Glimmora
|
|upkeep
|
|t:|1760422983
|switch|p1a: Ogerpon|Ogerpon-Wellspring, F|100/100
|turn|10
|
|t:|1760422988
|-end|p2a: Great Tusk|Protosynthesis|[silent]
|switch|p2a: Darkrai|Darkrai|100/100
|move|p1a: Ogerpon|Trailblaze|p2a: Darkrai
|-damage|p2a: Darkrai|53/100
|-boost|p1a: Ogerpon|spe|1
|
|upkeep
|turn|11
|
|t:|1760422995
|move|p1a: Ogerpon|Ivy Cudgel|p2a: Darkrai|[anim] Ivy Cudgel Water
|-damage|p2a: Darkrai|0 fnt
|faint|p2a: Darkrai
|
|upkeep
|
|t:|1760423006
|switch|p2a: Toedscruel|Toedscruel, F|100/100
|-status|p2a: Toedscruel|psn
|turn|12
|
|t:|1760423011
|move|p1a: Ogerpon|Swords Dance|p1a: Ogerpon
|-boost|p1a: Ogerpon|atk|2
|move|p2a: Toedscruel|Pain Split|p1a: Ogerpon
|-sethp|p1a: Ogerpon|100/100|[from] move: Pain Split|[silent]
|-sethp|p2a: Toedscruel|92/100 psn|[from] move: Pain Split
|
|-damage|p2a: Toedscruel|79/100 psn|[from] psn
|upkeep
|turn|13
|
|t:|1760423016
|move|p1a: Ogerpon|Swords Dance|p1a: Ogerpon
|-boost|p1a: Ogerpon|atk|2
|move|p2a: Toedscruel|Toxic|p1a: Ogerpon|[miss]
|-miss|p2a: Toedscruel|p1a: Ogerpon
|
|-damage|p2a: Toedscruel|67/100 psn|[from] psn
|upkeep
|turn|14
|
|t:|1760423022
|move|p1a: Ogerpon|Ivy Cudgel|p2a: Toedscruel|[anim] Ivy Cudgel Water
|-damage|p2a: Toedscruel|0 fnt
|faint|p2a: Toedscruel
|
|upkeep
|
|t:|1760423025
|switch|p2a: Dragapult|Dragapult, M|100/100
|-status|p2a: Dragapult|psn
|turn|15
|
|t:|1760423029
|-terastallize|p1a: Ogerpon|Water
|detailschange|p1a: Ogerpon|Ogerpon-Wellspring-Tera, F, tera:Water
|-ability|p1a: Ogerpon|Embody Aspect (Wellspring)|boost
|-boost|p1a: Ogerpon|spd|1
|move|p1a: Ogerpon|Ivy Cudgel|p2a: Dragapult|[anim] Ivy Cudgel Water
|-resisted|p2a: Dragapult
|-damage|p2a: Dragapult|0 fnt
|-start|p1a: Ogerpon|Disable|Ivy Cudgel|[from] ability: Cursed Body|[of] p2a: Dragapult
|faint|p2a: Dragapult
|
|upkeep
|
|t:|1760423035
|switch|p2a: Corviknight|Corviknight, F|25/100
|-ability|p2a: Corviknight|Pressure
|turn|16
|
|t:|1760423041
|move|p1a: Ogerpon|Knock Off|p2a: Corviknight
|-damage|p2a: Corviknight|0 fnt
|-damage|p1a: Ogerpon|84/100|[from] item: Rocky Helmet|[of] p2a: Corviknight
|-enditem|p2a: Corviknight|Rocky Helmet|[from] move: Knock Off|[of] p1a: Ogerpon
|faint|p2a: Corviknight
|
|upkeep
|
|t:|1760423044
|switch|p2a: Great Tusk|Great Tusk|67/100
|-status|p2a: Great Tusk|psn
|turn|17
|
|t:|1760423048
|-terastallize|p2a: Great Tusk|Fighting
|move|p1a: Ogerpon|Knock Off|p2a: Great Tusk
|-resisted|p2a: Great Tusk
|-damage|p2a: Great Tusk|29/100 psn
|-enditem|p2a: Great Tusk|Choice Scarf|[from] move: Knock Off|[of] p1a: Ogerpon
|move|p2a: Great Tusk|Close Combat|p1a: Ogerpon
|-damage|p1a: Ogerpon|0 fnt
|-unboost|p2a: Great Tusk|def|1
|-unboost|p2a: Great Tusk|spd|1
|faint|p1a: Ogerpon
|detailschange|p1: Ogerpon|Ogerpon-Wellspring, F|[silent]
|
|-damage|p2a: Great Tusk|16/100 psn|[from] psn
|upkeep
|
|t:|1760423052
|switch|p1a: Ursaluna|Ursaluna, M|100/100
|turn|18
|
|t:|1760423058
|move|p2a: Great Tusk|Close Combat|p1a: Ursaluna
|-supereffective|p1a: Ursaluna
|-damage|p1a: Ursaluna|0 fnt
|-unboost|p2a: Great Tusk|def|1
|-unboost|p2a: Great Tusk|spd|1
|faint|p1a: Ursaluna
|
|-damage|p2a: Great Tusk|4/100 psn|[from] psn
|upkeep
|
|t:|1760423062
|switch|p1a: Diancie|Diancie|100/100
|turn|19
|
|t:|1760423064
|move|p2a: Great Tusk|Headlong Rush|p1a: Diancie
|-supereffective|p1a: Diancie
|-damage|p1a: Diancie|0 fnt
|-unboost|p2a: Great Tusk|def|1
|-unboost|p2a: Great Tusk|spd|1
|faint|p1a: Diancie
|
|-damage|p2a: Great Tusk|0 fnt|[from] psn
|faint|p2a: Great Tusk
|-end|p2a: Great Tusk|Protosynthesis|[silent]
|
|win|owl_with_scarf
|raw|owl_with_scarf's rating: 1452 &rarr; <strong>1478</strong><br />(+26 for winning)
|raw|Nitropig's rating: 1551 &rarr; <strong>1525</strong><br />(-26 for losing)
