|j|☆xzhshidabenbi
|j|☆Breezy55
|t:|1760458078
|gametype|singles
|player|p1|xzhshidabenbi|265|1114
|player|p2|Breezy55|265|1166
|gen|9
|tier|[Gen 9] OU
|rated|
|rule|HP Percentage Mod: HP is shown in percentages
|rule|Endless Battle Clause: Forcing endless battles is banned
|rule|Species Clause: Limit one of each Pokémon
|rule|OHKO Clause: OHKO moves are banned
|rule|Evasion Items Clause: Evasion items are banned
|rule|Evasion Moves Clause: Evasion moves are banned
|rule|Evasion Abilities Clause: Evasion abilities are banned
|rule|Sleep Moves Clause: Sleep-inducing moves are banned
|clearpoke
|poke|p1|Torkoal, F|
|poke|p1|Walking Wake|
|poke|p1|Hatterene, F|
|poke|p1|Great Tusk|
|poke|p1|Corviknight, F|
|poke|p1|Slither Wing|
|poke|p2|Hitmonchan, M|
|poke|p2|Jirachi|
|poke|p2|Landorus-Therian, M|
|poke|p2|Gliscor, F|
|poke|p2|Enamorus, F|
|poke|p2|Ceruledge, M|
|teampreview
|inactive|Battle timer is ON: inactive players will automatically lose when time's up. (requested by Breezy55)
|inactive|xzhshidabenbi also wants the timer to be on.
|
|t:|1760458085
|teamsize|p1|6
|teamsize|p2|6
|start
|switch|p1a: Torkoal|Torkoal, F|100/100
|switch|p2a: Gliscor|Gliscor, F|100/100
|-weather|SunnyDay|[from] ability: Drought|[of] p1a: Torkoal
|turn|1
|
|t:|1760458093
|move|p2a: Gliscor|Spikes|p1a: Torkoal
|-sidestart|p1: xzhshidabenbi|Spikes
|move|p1a: Torkoal|Stealth Rock|p2a: Gliscor
|-sidestart|p2: Breezy55|move: Stealth Rock
|
|-weather|SunnyDay|[upkeep]
|-status|p2a: Gliscor|tox|[from] item: Toxic Orb
|upkeep
|turn|2
|
|t:|1760458103
|move|p2a: Gliscor|Spikes|p1a: Torkoal
|-sidestart|p1: xzhshidabenbi|Spikes
|move|p1a: Torkoal|Rapid Spin|p2a: Gliscor
|-crit|p2a: Gliscor
|-damage|p2a: Gliscor|89/100 tox
|-boost|p1a: Torkoal|spe|1
|-sideend|p1: xzhshidabenbi|Spikes|[from] move: Rapid Spin|[of] p1a: Torkoal
|
|-weather|SunnyDay|[upkeep]
|-heal|p2a: Gliscor|100/100 tox|[from] ability: Poison Heal
|upkeep
|turn|3
|
|t:|1760458114
|switch|p1a: Walking Wake|Walking Wake|100/100
|-activate|p1a: Walking Wake|ability: Protosynthesis
|-start|p1a: Walking Wake|protosynthesisspe
|move|p2a: Gliscor|Spikes|p1a: Walking Wake
|-sidestart|p1: xzhshidabenbi|Spikes
|
|-weather|SunnyDay|[upkeep]
|upkeep
|turn|4
|
|t:|1760458128
|-terastallize|p1a: Walking Wake|Water
|-terastallize|p2a: Gliscor|Water
|move|p1a: Walking Wake|Hydro Steam|p2a: Gliscor
|-resisted|p2a: Gliscor
|-damage|p2a: Gliscor|47/100 tox
|move|p2a: Gliscor|Toxic|p1a: Walking Wake|[miss]
|-miss|p2a: Gliscor|p1a: Walking Wake
|
|-weather|SunnyDay|[upkeep]
|-heal|p2a: Gliscor|59/100 tox|[from] ability: Poison Heal
|upkeep
|turn|5
|
|t:|1760458144
|move|p2a: Gliscor|Protect|p2a: Gliscor
|-singleturn|p2a: Gliscor|Protect
|move|p1a: Walking Wake|Hydro Steam|p2a: Gliscor
|-activate|p2a: Gliscor|move: Protect
|
|-weather|SunnyDay|[upkeep]
|-heal|p2a: Gliscor|72/100 tox|[from] ability: Poison Heal
|upkeep
|turn|6
|inactive|xzhshidabenbi has 120 seconds left.
|
|t:|1760458184
|-end|p1a: Walking Wake|Protosynthesis|[silent]
|switch|p1a: Corviknight|Corviknight, F|100/100
|-ability|p1a: Corviknight|Pressure
|move|p2a: Gliscor|Toxic|p1a: Corviknight
|-immune|p1a: Corviknight
|
|-weather|SunnyDay|[upkeep]
|-heal|p2a: Gliscor|84/100 tox|[from] ability: Poison Heal
|upkeep
|turn|7
|
|t:|1760458197
|move|p2a: Gliscor|Spikes|p1a: Corviknight
|-sidestart|p1: xzhshidabenbi|Spikes
|move|p1a: Corviknight|Iron Defense|p1a: Corviknight
|-boost|p1a: Corviknight|def|2
|
|-weather|SunnyDay|[upkeep]
|-heal|p2a: Gliscor|97/100 tox|[from] ability: Poison Heal
|upkeep
|turn|8
|
|t:|1760458221
|move|p2a: Gliscor|Knock Off|p1a: Corviknight
|-damage|p1a: Corviknight|94/100
|-enditem|p1a: Corviknight|Covert Cloak|[from] move: Knock Off|[of] p2a: Gliscor
|move|p1a: Corviknight|Iron Defense|p1a: Corviknight
|-boost|p1a: Corviknight|def|2
|
|-weather|none
|-heal|p2a: Gliscor|100/100 tox|[from] ability: Poison Heal
|upkeep
|turn|9
|
|t:|1760458233
|switch|p2a: Enamorus|Enamorus, F|100/100
|-damage|p2a: Enamorus|76/100|[from] Stealth Rock
|move|p1a: Corviknight|Iron Defense|p1a: Corviknight
|-boost|p1a: Corviknight|def|2
|
|upkeep
|turn|10
|inactive|xzhshidabenbi has 90 seconds left.
|
|t:|1760458255
|switch|p1a: Torkoal|Torkoal, F|100/100
|-damage|p1a: Torkoal|84/100|[from] Spikes
|-weather|SunnyDay|[from] ability: Drought|[of] p1a: Torkoal
|move|p2a: Enamorus|Mystical Fire|p1a: Torkoal
|-resisted|p1a: Torkoal
|-damage|p1a: Torkoal|42/100
|-unboost|p1a: Torkoal|spa|1
|
|-weather|SunnyDay|[upkeep]
|upkeep
|turn|11
|inactive|xzhshidabenbi has 90 seconds left.
|
|t:|1760458276
|switch|p1a: Hatterene|Hatterene, F|100/100
|-damage|p1a: Hatterene|84/100|[from] Spikes
|move|p2a: Enamorus|Mystical Fire|p1a: Hatterene
|-damage|p1a: Hatterene|17/100
|-unboost|p1a: Hatterene|spa|1
|-enditem|p1a: Hatterene|Eject Button
|
|t:|1760458286
|switch|p1a: Walking Wake|Walking Wake, tera:Water|100/100
|-damage|p1a: Walking Wake|84/100|[from] Spikes
|-activate|p1a: Walking Wake|ability: Protosynthesis
|-start|p1a: Walking Wake|protosynthesisspe
|
|-weather|SunnyDay|[upkeep]
|upkeep
|turn|12
|
|t:|1760458300
|move|p1a: Walking Wake|Hydro Steam|p2a: Enamorus
|-damage|p2a: Enamorus|0 fnt
|faint|p2a: Enamorus
|
|-weather|SunnyDay|[upkeep]
|upkeep
|
|t:|1760458306
|switch|p2a: Gliscor|Gliscor, F, tera:Water|100/100 tox
|-damage|p2a: Gliscor|88/100 tox|[from] Stealth Rock
|turn|13
|
|t:|1760458316
|-end|p1a: Walking Wake|Protosynthesis|[silent]
|switch|p1a: Corviknight|Corviknight, F|94/100
|-ability|p1a: Corviknight|Pressure
|move|p2a: Gliscor|Protect||[still]
|-fail|p2a: Gliscor
|
|-weather|SunnyDay|[upkeep]
|-heal|p2a: Gliscor|100/100 tox|[from] ability: Poison Heal
|upkeep
|turn|14
|inactive|xzhshidabenbi has 90 seconds left.
|
|t:|1760458329
|switch|p2a: Ceruledge|Ceruledge, M|100/100
|-damage|p2a: Ceruledge|76/100|[from] Stealth Rock
|move|p1a: Corviknight|Iron Defense|p1a: Corviknight
|-boost|p1a: Corviknight|def|2
|
|-weather|SunnyDay|[upkeep]
|upkeep
|turn|15
|inactive|xzhshidabenbi has 90 seconds left.
|
|t:|1760458346
|switch|p1a: Walking Wake|Walking Wake, tera:Water|84/100
|-damage|p1a: Walking Wake|67/100|[from] Spikes
|-activate|p1a: Walking Wake|ability: Protosynthesis
|-start|p1a: Walking Wake|protosynthesisspe
|move|p2a: Ceruledge|Bitter Blade|p1a: Walking Wake
|-resisted|p1a: Walking Wake
|-damage|p1a: Walking Wake|32/100
|-heal|p2a: Ceruledge|96/100|[from] drain|[of] p1a: Walking Wake
|
|-weather|SunnyDay|[upkeep]
|upkeep
|turn|16
|
|t:|1760458362
|switch|p2a: Gliscor|Gliscor, F, tera:Water|100/100 tox
|-damage|p2a: Gliscor|88/100 tox|[from] Stealth Rock
|move|p1a: Walking Wake|Hydro Steam|p2a: Gliscor
|-resisted|p2a: Gliscor
|-damage|p2a: Gliscor|32/100 tox
|
|-weather|SunnyDay|[upkeep]
|-heal|p2a: Gliscor|45/100 tox|[from] ability: Poison Heal
|upkeep
|turn|17
|
|t:|1760458378
|-end|p1a: Walking Wake|Protosynthesis|[silent]
|switch|p1a: Corviknight|Corviknight, F|94/100
|-ability|p1a: Corviknight|Pressure
|move|p2a: Gliscor|Protect||[still]
|-fail|p2a: Gliscor
|
|-weather|none
|-heal|p2a: Gliscor|57/100 tox|[from] ability: Poison Heal
|upkeep
|turn|18
|
|t:|1760458392
|switch|p1a: Torkoal|Torkoal, F|42/100
|-damage|p1a: Torkoal|25/100|[from] Spikes
|-weather|SunnyDay|[from] ability: Drought|[of] p1a: Torkoal
|move|p2a: Gliscor|Spikes|p1a: Torkoal
|-sidestart|p1: xzhshidabenbi|Spikes
|
|-weather|SunnyDay|[upkeep]
|-heal|p2a: Gliscor|70/100 tox|[from] ability: Poison Heal
|upkeep
|turn|19
|
|t:|1760458404
|switch|p2a: Ceruledge|Ceruledge, M|96/100
|-damage|p2a: Ceruledge|72/100|[from] Stealth Rock
|move|p1a: Torkoal|Rapid Spin|p2a: Ceruledge
|-immune|p2a: Ceruledge
|
|-weather|SunnyDay|[upkeep]
|upkeep
|turn|20
|inactive|xzhshidabenbi has 60 seconds left.
|
|t:|1760458430
|switch|p1a: Hatterene|Hatterene, F|17/100
|-damage|p1a: Hatterene|0 fnt|[from] Spikes
|faint|p1a: Hatterene
|move|p2a: Ceruledge|Bitter Blade|p1: Hatterene|[notarget]
|-fail|p2a: Ceruledge
|
|-weather|SunnyDay|[upkeep]
|upkeep
|inactive|xzhshidabenbi has 60 seconds left.
|
|t:|1760458439
|switch|p1a: Walking Wake|Walking Wake, tera:Water|32/100
|-damage|p1a: Walking Wake|7/100|[from] Spikes
|-activate|p1a: Walking Wake|ability: Protosynthesis
|-start|p1a: Walking Wake|protosynthesisspe
|turn|21
|inactive|xzhshidabenbi has 60 seconds left.
|
|t:|1760458472
|move|p2a: Ceruledge|Shadow Sneak|p1a: Walking Wake
|-damage|p1a: Walking Wake|0 fnt
|faint|p1a: Walking Wake
|-end|p1a: Walking Wake|Protosynthesis|[silent]
|
|-weather|SunnyDay|[upkeep]
|upkeep
|
|t:|1760458480
|switch|p1a: Great Tusk|Great Tusk|100/100
|-damage|p1a: Great Tusk|76/100|[from] Spikes
|-activate|p1a: Great Tusk|ability: Protosynthesis
|-start|p1a: Great Tusk|protosynthesisatk
|turn|22
|
|t:|1760458490
|move|p2a: Ceruledge|Bitter Blade|p1a: Great Tusk
|-damage|p1a: Great Tusk|30/100
|-heal|p2a: Ceruledge|100/100|[from] drain|[of] p1a: Great Tusk
|move|p1a: Great Tusk|Headlong Rush|p2a: Ceruledge
|-supereffective|p2a: Ceruledge
|-enditem|p2a: Ceruledge|Focus Sash
|-damage|p2a: Ceruledge|1/100
|-unboost|p1a: Great Tusk|def|1
|-unboost|p1a: Great Tusk|spd|1
|-ability|p2a: Ceruledge|Weak Armor|boost
|-unboost|p2a: Ceruledge|def|1
|-boost|p2a: Ceruledge|spe|2
|
|-weather|SunnyDay|[upkeep]
|-heal|p1a: Great Tusk|36/100|[from] item: Leftovers
|upkeep
|turn|23
|
|t:|1760458507
|move|p2a: Ceruledge|Bitter Blade|p1a: Great Tusk
|-damage|p1a: Great Tusk|0 fnt
|-heal|p2a: Ceruledge|24/100|[from] drain|[of] p1a: Great Tusk
|faint|p1a: Great Tusk
|-end|p1a: Great Tusk|Protosynthesis|[silent]
|
|-weather|SunnyDay|[upkeep]
|upkeep
|
|t:|1760458518
|switch|p1a: Slither Wing|Slither Wing|100/100
|-damage|p1a: Slither Wing|76/100|[from] Spikes
|-activate|p1a: Slither Wing|ability: Protosynthesis
|-start|p1a: Slither Wing|protosynthesisatk
|turn|24
|
|t:|1760458531
|switch|p2a: Gliscor|Gliscor, F, tera:Water|70/100 tox
|-damage|p2a: Gliscor|57/100 tox|[from] Stealth Rock
|move|p1a: Slither Wing|Close Combat|p2a: Gliscor
|-damage|p2a: Gliscor|0 fnt
|-unboost|p1a: Slither Wing|def|1
|-unboost|p1a: Slither Wing|spd|1
|faint|p2a: Gliscor
|
|-weather|SunnyDay|[upkeep]
|upkeep
|
|t:|1760458540
|switch|p2a: Landorus|Landorus-Therian, M|100/100
|-damage|p2a: Landorus|88/100|[from] Stealth Rock
|-ability|p2a: Landorus|Intimidate|boost
|-unboost|p1a: Slither Wing|atk|1
|turn|25
|
|t:|1760458549
|move|p1a: Slither Wing|Close Combat|p2a: Landorus
|-resisted|p2a: Landorus
|-damage|p2a: Landorus|67/100
|-unboost|p1a: Slither Wing|def|1
|-unboost|p1a: Slither Wing|spd|1
|move|p2a: Landorus|Stealth Rock|p1a: Slither Wing
|-sidestart|p1: xzhshidabenbi|move: Stealth Rock
|
|-weather|none
|-end|p1a: Slither Wing|Protosynthesis
|-heal|p2a: Landorus|73/100|[from] item: Leftovers
|upkeep
|turn|26
|
|t:|1760458562
|-end|p1a: Slither Wing|Protosynthesis|[silent]
|switch|p1a: Corviknight|Corviknight, F|94/100
|-damage|p1a: Corviknight|82/100|[from] Stealth Rock
|-ability|p1a: Corviknight|Pressure
|move|p2a: Landorus|Earthquake|p1a: Corviknight
|-immune|p1a: Corviknight
|
|-heal|p2a: Landorus|79/100|[from] item: Leftovers
|upkeep
|turn|27
|
|t:|1760458576
|move|p2a: Landorus|U-turn|p1a: Corviknight
|-resisted|p1a: Corviknight
|-damage|p1a: Corviknight|79/100
|
|t:|1760458578
|switch|p2a: Hitmonchan|Hitmonchan, M|100/100|[from] U-turn
|-damage|p2a: Hitmonchan|95/100|[from] Stealth Rock
|move|p1a: Corviknight|Iron Defense|p1a: Corviknight
|-boost|p1a: Corviknight|def|2
|
|upkeep
|turn|28
|inactive|xzhshidabenbi has 60 seconds left.
|
|t:|1760458587
|move|p2a: Hitmonchan|Rapid Spin|p1a: Corviknight
|-resisted|p1a: Corviknight
|-damage|p1a: Corviknight|77/100
|-boost|p2a: Hitmonchan|spe|1
|-sideend|p2: Breezy55|Stealth Rock|[from] move: Rapid Spin|[of] p2a: Hitmonchan
|move|p1a: Corviknight|Roost|p1a: Corviknight
|-heal|p1a: Corviknight|100/100
|-singleturn|p1a: Corviknight|move: Roost
|
|upkeep
|turn|29
|
|t:|1760458596
|switch|p2a: Ceruledge|Ceruledge, M|24/100
|move|p1a: Corviknight|Iron Defense|p1a: Corviknight
|-boost|p1a: Corviknight|def|2
|
|upkeep
|turn|30
|
|t:|1760458603
|move|p2a: Ceruledge|Bitter Blade|p1a: Corviknight
|-supereffective|p1a: Corviknight
|-damage|p1a: Corviknight|84/100
|-heal|p2a: Ceruledge|35/100|[from] drain|[of] p1a: Corviknight
|move|p1a: Corviknight|Body Press|p2a: Ceruledge
|-immune|p2a: Ceruledge
|
|upkeep
|turn|31
|
|t:|1760458614
|move|p2a: Ceruledge|Swords Dance|p2a: Ceruledge
|-boost|p2a: Ceruledge|atk|2
|move|p1a: Corviknight|U-turn|p2a: Ceruledge
|-resisted|p2a: Ceruledge
|-damage|p2a: Ceruledge|30/100
|-ability|p2a: Ceruledge|Weak Armor|boost
|-unboost|p2a: Ceruledge|def|1
|-boost|p2a: Ceruledge|spe|2
|
|t:|1760458623
|switch|p1a: Slither Wing|Slither Wing|76/100|[from] U-turn
|-damage|p1a: Slither Wing|51/100|[from] Spikes
|-damage|p1a: Slither Wing|39/100|[from] Stealth Rock
|
|upkeep
|turn|32
|
|t:|1760458634
|move|p2a: Ceruledge|Shadow Sneak|p1a: Slither Wing
|-damage|p1a: Slither Wing|0 fnt
|faint|p1a: Slither Wing
|-end|p1a: Slither Wing|Protosynthesis|[silent]
|
|upkeep
|
|t:|1760458638
|switch|p1a: Torkoal|Torkoal, F|25/100
|-damage|p1a: Torkoal|0 fnt|[from] Spikes
|faint|p1a: Torkoal
|
|t:|1760458643
|switch|p1a: Corviknight|Corviknight, F|84/100
|-damage|p1a: Corviknight|72/100|[from] Stealth Rock
|-ability|p1a: Corviknight|Pressure
|turn|33
|-message|xzhshidabenbi forfeited.
|
|win|Breezy55
|raw|xzhshidabenbi's rating: 1114 &rarr; <strong>1093</strong><br />(-21 for losing)
|raw|Breezy55's rating: 1166 &rarr; <strong>1187</strong><br />(+21 for winning)
|l|☆xzhshidabenbi
|player|p1|
|l|☆Breezy55
|player|p2|
|j|☆xzhshidabenbi
|player|p1|xzhshidabenbi|265|
|l|☆xzhshidabenbi
|player|p1|
