|j|☆Lasershiv
|j|☆Aaron53769
|t:|1760458728
|gametype|singles
|player|p1|Lasershiv|170|1118
|player|p2|Aaron53769|steven|1105
|gen|9
|tier|[Gen 9] OU
|rated|
|rule|HP Percentage Mod: HP is shown in percentages
|rule|Endless Battle Clause: Forcing endless battles is banned
|rule|Species Clause: Limit one of each Pokémon
|rule|OHKO Clause: OHKO moves are banned
|rule|Evasion Items Clause: Evasion items are banned
|rule|Evasion Moves Clause: Evasion moves are banned
|rule|Evasion Abilities Clause: Evasion abilities are banned
|rule|Sleep Moves Clause: Sleep-inducing moves are banned
|clearpoke
|poke|p1|Lokix, M|
|poke|p1|Slowking-Galar, F|
|poke|p1|Gliscor, F|
|poke|p1|Gholdengo|
|poke|p1|Zamazenta-*|
|poke|p1|Primarina, M|
|poke|p2|Ogerpon-Wellspring, F|
|poke|p2|Toxapex, M|
|poke|p2|Yanmega, F|
|poke|p2|Minior|
|poke|p2|Garganacl, M|
|poke|p2|Veluza, F|
|teampreview
|inactive|Battle timer is ON: inactive players will automatically lose when time's up. (requested by Aaron53769)
|c|☆Aaron53769|lokix
|c|☆Aaron53769|ggwp
|
|t:|1760458742
|teamsize|p1|6
|teamsize|p2|6
|start
|switch|p1a: Gliscor|Gliscor, F|100/100
|switch|p2a: BuzzKill|Yanmega, F, shiny|100/100
|turn|1
|c|☆Aaron53769|wait glhf my bad
|
|t:|1760458754
|move|p2a: BuzzKill|Bug Buzz|p1a: Gliscor
|-resisted|p1a: Gliscor
|-damage|p1a: Gliscor|71/100
|-enditem|p2a: BuzzKill|Throat Spray
|-boost|p2a: BuzzKill|spa|1|[from] item: Throat Spray
|move|p1a: Gliscor|Knock Off|p2a: BuzzKill
|-damage|p2a: BuzzKill|84/100
|
|-ability|p2a: BuzzKill|Speed Boost|boost
|-boost|p2a: BuzzKill|spe|1
|-status|p1a: Gliscor|tox|[from] item: Toxic Orb
|upkeep
|turn|2
|inactive|Lasershiv has 120 seconds left.
|
|t:|1760458806
|switch|p1a: Slowking|Slowking-Galar, F|100/100
|move|p2a: BuzzKill|Air Slash|p1a: Slowking
|-damage|p1a: Slowking|65/100
|
|-ability|p2a: BuzzKill|Speed Boost|boost
|-boost|p2a: BuzzKill|spe|1
|upkeep
|turn|3
|
|t:|1760458817
|-terastallize|p2a: BuzzKill|Ground
|move|p2a: BuzzKill|Tera Blast|p1a: Slowking|[anim] Tera Blast Ground
|-supereffective|p1a: Slowking
|-damage|p1a: Slowking|0 fnt
|faint|p1a: Slowking
|
|-ability|p2a: BuzzKill|Speed Boost|boost
|-boost|p2a: BuzzKill|spe|1
|upkeep
|
|t:|1760458827
|switch|p1a: Primarina|Primarina, M|100/100
|turn|4
|
|t:|1760458833
|move|p2a: BuzzKill|Air Slash|p1a: Primarina
|-damage|p1a: Primarina|63/100
|move|p1a: Primarina|Surf|p2a: BuzzKill
|-supereffective|p2a: BuzzKill
|-damage|p2a: BuzzKill|0 fnt
|faint|p2a: BuzzKill
|
|upkeep
|
|t:|1760458842
|switch|p2a: Ban It|Garganacl, M|100/100
|turn|5
|
|t:|1760458849
|switch|p2a: Fiona|Ogerpon-Wellspring, F|100/100
|move|p1a: Primarina|Surf|p2a: Fiona
|-immune|p2a: Fiona|[from] ability: Water Absorb
|
|upkeep
|turn|6
|inactive|Lasershiv has 120 seconds left.
|
|t:|1760458857
|switch|p1a: Gliscor|Gliscor, F|71/100 tox
|move|p2a: Fiona|Encore||[still]
|-fail|p2a: Fiona
|
|-heal|p1a: Gliscor|84/100 tox|[from] ability: Poison Heal
|upkeep
|turn|7
|inactive|Lasershiv has 120 seconds left.
|
|t:|1760458869
|switch|p2a: Setter Forgetter|Veluza, F|100/100
|-ability|p2a: Setter Forgetter|Mold Breaker
|move|p1a: Gliscor|Spikes|p2a: Setter Forgetter
|-sidestart|p2: Aaron53769|Spikes
|
|-heal|p1a: Gliscor|96/100 tox|[from] ability: Poison Heal
|upkeep
|turn|8
|
|t:|1760458879
|move|p2a: Setter Forgetter|Final Gambit|p1a: Gliscor
|-damage|p1a: Gliscor|0 fnt
|faint|p2a: Setter Forgetter
|faint|p1a: Gliscor
|
|upkeep
|c|☆Aaron53769|lol
|inactive|Lasershiv has 120 seconds left.
|
|t:|1760458904
|switch|p2a: Ban It|Garganacl, M|100/100
|switch|p1a: Gholdengo|Gholdengo|100/100
|-damage|p2a: Ban It|88/100|[from] Spikes
|turn|9
|
|t:|1760458913
|move|p1a: Gholdengo|Nasty Plot|p1a: Gholdengo
|-boost|p1a: Gholdengo|spa|2
|move|p2a: Ban It|Salt Cure|p1a: Gholdengo
|-resisted|p1a: Gholdengo
|-damage|p1a: Gholdengo|93/100
|-start|p1a: Gholdengo|Salt Cure
|
|-heal|p2a: Ban It|94/100|[from] item: Leftovers
|-damage|p1a: Gholdengo|68/100|[from] Salt Cure
|upkeep
|turn|10
|
|t:|1760458924
|switch|p2a: Fiona|Ogerpon-Wellspring, F|100/100
|-damage|p2a: Fiona|88/100|[from] Spikes
|move|p1a: Gholdengo|Nasty Plot|p1a: Gholdengo
|-boost|p1a: Gholdengo|spa|2
|
|-damage|p1a: Gholdengo|43/100|[from] Salt Cure
|upkeep
|turn|11
|
|t:|1760458935
|move|p2a: Fiona|Ivy Cudgel|p1a: Gholdengo|[anim] Ivy Cudgel Water
|-damage|p1a: Gholdengo|0 fnt
|faint|p1a: Gholdengo
|
|upkeep
|
|t:|1760458941
|switch|p1a: Zamazenta|Zamazenta|100/100
|-ability|p1a: Zamazenta|Dauntless Shield|boost
|-boost|p1a: Zamazenta|def|1
|turn|12
|c|☆Aaron53769|greedy bonk
|
|t:|1760458947
|move|p1a: Zamazenta|Iron Defense|p1a: Zamazenta
|-boost|p1a: Zamazenta|def|2
|move|p2a: Fiona|Encore|p1a: Zamazenta
|-start|p1a: Zamazenta|Encore
|
|upkeep
|turn|13
|c|☆Aaron53769|gooot em
|inactive|Lasershiv has 120 seconds left.
|
|t:|1760458955
|switch|p2a: Sea An Enemy|Toxapex, M|100/100
|-damage|p2a: Sea An Enemy|88/100|[from] Spikes
|move|p1a: Zamazenta|Iron Defense|p1a: Zamazenta
|-boost|p1a: Zamazenta|def|2
|
|-heal|p2a: Sea An Enemy|94/100|[from] item: Black Sludge
|upkeep
|turn|14
|
|t:|1760458964
|move|p1a: Zamazenta|Iron Defense|p1a: Zamazenta
|-boost|p1a: Zamazenta|def|1
|move|p2a: Sea An Enemy|Toxic|p1a: Zamazenta
|-status|p1a: Zamazenta|tox
|
|-heal|p2a: Sea An Enemy|100/100|[from] item: Black Sludge
|-damage|p1a: Zamazenta|94/100 tox|[from] psn
|upkeep
|turn|15
|
|t:|1760458976
|move|p1a: Zamazenta|Iron Defense|p1a: Zamazenta
|-boost|p1a: Zamazenta|def|0
|move|p2a: Sea An Enemy|Haze|p2a: Sea An Enemy
|-clearallboost
|
|-heal|p1a: Zamazenta|100/100 tox|[from] item: Leftovers
|-damage|p1a: Zamazenta|88/100 tox|[from] psn
|-end|p1a: Zamazenta|Encore
|upkeep
|turn|16
|
|t:|1760458987
|switch|p1a: Primarina|Primarina, M|63/100
|switch|p2a: Fiona|Ogerpon-Wellspring, F|88/100
|-damage|p2a: Fiona|76/100|[from] Spikes
|
|upkeep
|turn|17
|
|t:|1760458998
|move|p2a: Fiona|Horn Leech|p1a: Primarina
|-supereffective|p1a: Primarina
|-damage|p1a: Primarina|0 fnt
|-heal|p2a: Fiona|100/100|[from] drain|[of] p1a: Primarina
|faint|p1a: Primarina
|
|upkeep
|
|t:|1760459004
|switch|p1a: Zamazenta|Zamazenta|88/100 tox
|turn|18
|
|t:|1760459012
|switch|p1a: Lokix|Lokix, M|100/100
|move|p2a: Fiona|Encore||[still]
|-fail|p2a: Fiona
|
|upkeep
|turn|19
|
|t:|1760459024
|move|p1a: Lokix|First Impression|p2a: Fiona
|-supereffective|p2a: Fiona
|-damage|p2a: Fiona|0 fnt
|faint|p2a: Fiona
|
|upkeep
|
|t:|1760459027
|switch|p2a: CozmoD|Minior, shiny|100/100
|-formechange|p2a: CozmoD|Minior-Meteor||[from] ability: Shields Down
|turn|20
|
|t:|1760459034
|switch|p1a: Zamazenta|Zamazenta|88/100 tox
|move|p2a: CozmoD|Shell Smash|p2a: CozmoD
|-unboost|p2a: CozmoD|def|1
|-unboost|p2a: CozmoD|spd|1
|-boost|p2a: CozmoD|atk|2
|-boost|p2a: CozmoD|spa|2
|-boost|p2a: CozmoD|spe|2
|-enditem|p2a: CozmoD|White Herb
|-clearnegativeboost|p2a: CozmoD|[silent]
|
|-heal|p1a: Zamazenta|94/100 tox|[from] item: Leftovers
|-damage|p1a: Zamazenta|88/100 tox|[from] psn
|upkeep
|turn|21
|
|t:|1760459054
|move|p2a: CozmoD|Acrobatics|p1a: Zamazenta
|-supereffective|p1a: Zamazenta
|-damage|p1a: Zamazenta|0 fnt
|faint|p1a: Zamazenta
|
|upkeep
|c|☆Aaron53769|now ggwp
|
|t:|1760459059
|switch|p1a: Lokix|Lokix, M|100/100
|turn|22
|
|t:|1760459074
|-terastallize|p1a: Lokix|Bug
|move|p1a: Lokix|Sucker Punch|p2a: CozmoD
|-damage|p2a: CozmoD|44/100
|move|p2a: CozmoD|Acrobatics|p1a: Lokix
|-supereffective|p1a: Lokix
|-damage|p1a: Lokix|0 fnt
|faint|p1a: Lokix
|
|win|Aaron53769
|raw|Lasershiv's rating: 1118 &rarr; <strong>1092</strong><br />(-26 for losing)
|raw|Aaron53769's rating: 1105 &rarr; <strong>1131</strong><br />(+26 for winning)
|l|☆Aaron53769
|player|p2|
