|j|☆Charle_phate
|j|☆China sanxie
|t:|1760336799
|gametype|singles
|player|p1|Charle_phate|blue|1285
|player|p2|China sanxie|1|1261
|gen|9
|tier|[Gen 9] OU
|rated|
|rule|HP Percentage Mod: HP is shown in percentages
|rule|Endless Battle Clause: Forcing endless battles is banned
|rule|Species Clause: Limit one of each Pokémon
|rule|OHKO Clause: OHKO moves are banned
|rule|Evasion Items Clause: Evasion items are banned
|rule|Evasion Moves Clause: Evasion moves are banned
|rule|Evasion Abilities Clause: Evasion abilities are banned
|rule|Sleep Moves Clause: Sleep-inducing moves are banned
|clearpoke
|poke|p1|Serperior, M|
|poke|p1|Rotom-Wash|
|poke|p1|Zapdos|
|poke|p1|Heatran, M|
|poke|p1|Clefable, M|
|poke|p1|Landorus-Therian, M|
|poke|p2|Iron Hands|
|poke|p2|Pawmot, M|
|poke|p2|Kingambit, F|
|poke|p2|Iron Valiant|
|poke|p2|Hoopa-Unbound|
|poke|p2|Cresselia, F|
|teampreview
|
|t:|1760336833
|teamsize|p1|6
|teamsize|p2|6
|start
|switch|p1a: Rotom|Rotom-Wash|100/100
|switch|p2a: Cresselia|Cresselia, F|100/100
|turn|1
|
|t:|1760336842
|move|p2a: Cresselia|Light Screen|p2a: Cresselia
|-sidestart|p2: China sanxie|move: Light Screen
|move|p1a: Rotom|Thunder Wave|p2a: Cresselia
|-status|p2a: Cresselia|par
|
|upkeep
|turn|2
|inactive|Battle timer is ON: inactive players will automatically lose when time's up. (requested by Charle_phate)
|
|t:|1760336855
|switch|p1a: Serperior|Serperior, M|100/100
|switch|p2a: Iron Hands|Iron Hands|100/100
|-enditem|p2a: Iron Hands|Booster Energy
|-activate|p2a: Iron Hands|ability: Quark Drive|[fromitem]
|-start|p2a: Iron Hands|quarkdriveatk
|
|upkeep
|turn|3
|
|t:|1760336875
|switch|p1a: Landorus|Landorus-Therian, M|100/100
|-ability|p1a: Landorus|Intimidate|boost
|-unboost|p2a: Iron Hands|atk|1
|move|p2a: Iron Hands|Ice Punch|p1a: Landorus
|-supereffective|p1a: Landorus
|-damage|p1a: Landorus|0 fnt
|faint|p1a: Landorus
|
|upkeep
|inactive|Charle_phate has 120 seconds left.
|
|t:|1760336901
|switch|p1a: Clefable|Clefable, M|100/100
|turn|4
|
|t:|1760336915
|move|p1a: Clefable|Defense Curl|p1a: Clefable
|-boost|p1a: Clefable|def|1
|move|p2a: Iron Hands|Swords Dance|p2a: Iron Hands
|-boost|p2a: Iron Hands|atk|2
|
|upkeep
|turn|5
|
|t:|1760336925
|-end|p2a: Iron Hands|Quark Drive|[silent]
|switch|p2a: Kingambit|Kingambit, F|100/100
|move|p1a: Clefable|Defense Curl|p1a: Clefable
|-boost|p1a: Clefable|def|1
|
|upkeep
|turn|6
|
|t:|1760336934
|-terastallize|p1a: Clefable|Fire
|move|p1a: Clefable|Calm Mind|p1a: Clefable
|-boost|p1a: Clefable|spa|1
|-boost|p1a: Clefable|spd|1
|move|p2a: Kingambit|Iron Head|p1a: Clefable
|-resisted|p1a: Clefable
|-damage|p1a: Clefable|91/100
|-damage|p2a: Kingambit|91/100|[from] item: Life Orb
|
|-heal|p1a: Clefable|97/100|[from] item: Leftovers
|upkeep
|turn|7
|
|t:|1760336944
|-end|p2a: Kingambit|fallenundefined|[silent]
|switch|p2a: Iron Valiant|Iron Valiant|100/100
|-enditem|p2a: Iron Valiant|Booster Energy
|-activate|p2a: Iron Valiant|ability: Quark Drive|[fromitem]
|-start|p2a: Iron Valiant|quarkdriveatk
|move|p1a: Clefable|Calm Mind|p1a: Clefable
|-boost|p1a: Clefable|spa|1
|-boost|p1a: Clefable|spd|1
|
|-heal|p1a: Clefable|100/100|[from] item: Leftovers
|upkeep
|turn|8
|
|t:|1760336949
|move|p2a: Iron Valiant|Spirit Break|p1a: Clefable
|-resisted|p1a: Clefable
|-damage|p1a: Clefable|90/100
|-unboost|p1a: Clefable|spa|1
|move|p1a: Clefable|Draining Kiss|p2a: Iron Valiant
|-supereffective|p2a: Iron Valiant
|-damage|p2a: Iron Valiant|54/100
|-heal|p1a: Clefable|100/100|[from] drain|[of] p2a: Iron Valiant
|
|-sideend|p2: China sanxie|move: Light Screen
|upkeep
|turn|9
|
|t:|1760336958
|move|p2a: Iron Valiant|Destiny Bond|p2a: Iron Valiant
|-singlemove|p2a: Iron Valiant|Destiny Bond
|move|p1a: Clefable|Defense Curl|p1a: Clefable
|-boost|p1a: Clefable|def|1
|
|upkeep
|turn|10
|
|t:|1760336963
|move|p2a: Iron Valiant|Spirit Break|p1a: Clefable
|-resisted|p1a: Clefable
|-damage|p1a: Clefable|92/100
|-unboost|p1a: Clefable|spa|1
|move|p1a: Clefable|Defense Curl|p1a: Clefable
|-boost|p1a: Clefable|def|1
|
|-heal|p1a: Clefable|98/100|[from] item: Leftovers
|upkeep
|turn|11
|
|t:|1760336971
|move|p2a: Iron Valiant|Spirit Break|p1a: Clefable
|-resisted|p1a: Clefable
|-damage|p1a: Clefable|90/100
|-unboost|p1a: Clefable|spa|1
|move|p1a: Clefable|Defense Curl|p1a: Clefable
|-boost|p1a: Clefable|def|1
|
|-heal|p1a: Clefable|96/100|[from] item: Leftovers
|upkeep
|turn|12
|
|t:|1760336977
|move|p2a: Iron Valiant|Spirit Break|p1a: Clefable
|-resisted|p1a: Clefable
|-damage|p1a: Clefable|91/100
|-unboost|p1a: Clefable|spa|1
|move|p1a: Clefable|Calm Mind|p1a: Clefable
|-boost|p1a: Clefable|spa|1
|-boost|p1a: Clefable|spd|1
|
|-heal|p1a: Clefable|97/100|[from] item: Leftovers
|upkeep
|turn|13
|
|t:|1760336987
|move|p2a: Iron Valiant|Spirit Break|p1a: Clefable
|-resisted|p1a: Clefable
|-damage|p1a: Clefable|91/100
|-unboost|p1a: Clefable|spa|1
|move|p1a: Clefable|Calm Mind|p1a: Clefable
|-boost|p1a: Clefable|spa|1
|-boost|p1a: Clefable|spd|1
|
|-heal|p1a: Clefable|97/100|[from] item: Leftovers
|upkeep
|turn|14
|
|t:|1760336996
|move|p2a: Iron Valiant|Spirit Break|p1a: Clefable
|-resisted|p1a: Clefable
|-damage|p1a: Clefable|91/100
|-unboost|p1a: Clefable|spa|1
|move|p1a: Clefable|Calm Mind|p1a: Clefable
|-boost|p1a: Clefable|spa|1
|-boost|p1a: Clefable|spd|1
|
|-heal|p1a: Clefable|97/100|[from] item: Leftovers
|upkeep
|turn|15
|
|t:|1760337003
|move|p2a: Iron Valiant|Close Combat|p1a: Clefable
|-damage|p1a: Clefable|77/100
|-unboost|p2a: Iron Valiant|def|1
|-unboost|p2a: Iron Valiant|spd|1
|move|p1a: Clefable|Calm Mind|p1a: Clefable
|-boost|p1a: Clefable|spa|1
|-boost|p1a: Clefable|spd|1
|
|-heal|p1a: Clefable|83/100|[from] item: Leftovers
|upkeep
|turn|16
|
|t:|1760337009
|move|p2a: Iron Valiant|Close Combat|p1a: Clefable
|-damage|p1a: Clefable|63/100
|-unboost|p2a: Iron Valiant|def|1
|-unboost|p2a: Iron Valiant|spd|1
|move|p1a: Clefable|Stored Power|p2a: Iron Valiant
|-supereffective|p2a: Iron Valiant
|-damage|p2a: Iron Valiant|0 fnt
|faint|p2a: Iron Valiant
|-end|p2a: Iron Valiant|Quark Drive|[silent]
|
|-heal|p1a: Clefable|69/100|[from] item: Leftovers
|upkeep
|
|t:|1760337025
|switch|p2a: Pawmot|Pawmot, M|100/100
|turn|17
|
|t:|1760337035
|move|p2a: Pawmot|Nuzzle|p1a: Clefable
|-damage|p1a: Clefable|67/100
|-status|p1a: Clefable|par
|move|p1a: Clefable|Draining Kiss|p2a: Pawmot
|-supereffective|p2a: Pawmot
|-damage|p2a: Pawmot|51/100
|-heal|p1a: Clefable|99/100 par|[from] drain|[of] p2a: Pawmot
|
|-heal|p1a: Clefable|100/100 par|[from] item: Leftovers
|upkeep
|turn|18
|-message|China sanxie forfeited.
|
|win|Charle_phate
|raw|Charle_phate's rating: 1285 &rarr; <strong>1308</strong><br />(+23 for winning)
|raw|China sanxie's rating: 1261 &rarr; <strong>1238</strong><br />(-23 for losing)
|l|☆China sanxie
|player|p2|
|l|☆Charle_phate
|player|p1|
