|j|☆Xevaaan_
|j|☆xlacx
|t:|1760451151
|gametype|singles
|player|p1|Xevaaan_|101|1417
|player|p2|xlacx|rosa|1422
|gen|9
|tier|[Gen 9] OU
|rated|
|rule|HP Percentage Mod: HP is shown in percentages
|rule|Endless Battle Clause: Forcing endless battles is banned
|rule|Species Clause: Limit one of each Pokémon
|rule|OHKO Clause: OHKO moves are banned
|rule|Evasion Items Clause: Evasion items are banned
|rule|Evasion Moves Clause: Evasion moves are banned
|rule|Evasion Abilities Clause: Evasion abilities are banned
|rule|Sleep Moves Clause: Sleep-inducing moves are banned
|clearpoke
|poke|p1|Staraptor, F|
|poke|p1|Ribombee, M|
|poke|p1|Dragapult, M|
|poke|p1|Slowking-Galar, M|
|poke|p1|Corviknight, F|
|poke|p1|Alomomola, M|
|poke|p2|Ribombee, M|
|poke|p2|Rillaboom, M|
|poke|p2|Gholdengo|
|poke|p2|Ceruledge, F|
|poke|p2|Hawlucha, M|
|poke|p2|Salamence, M|
|teampreview
|
|t:|1760451167
|teamsize|p1|6
|teamsize|p2|6
|start
|switch|p1a: Ribombee|Ribombee, M|100/100
|switch|p2a: Ribombee|Ribombee, M, shiny|100/100
|turn|1
|
|t:|1760451175
|move|p2a: Ribombee|Sticky Web|p1a: Ribombee
|-sidestart|p1: Xevaaan_|move: Sticky Web
|move|p1a: Ribombee|Stun Spore|p2a: Ribombee
|-status|p2a: Ribombee|par
|
|upkeep
|turn|2
|
|t:|1760451180
|move|p1a: Ribombee|Sticky Web|p2a: Ribombee
|-sidestart|p2: xlacx|move: Sticky Web
|cant|p2a: Ribombee|par
|
|upkeep
|turn|3
|
|t:|1760451184
|move|p1a: Ribombee|Moonblast|p2a: Ribombee
|-damage|p2a: Ribombee|27/100 par
|move|p2a: Ribombee|Stun Spore|p1a: Ribombee
|-status|p1a: Ribombee|par
|
|upkeep
|turn|4
|
|t:|1760451191
|move|p1a: Ribombee|Moonblast|p2a: Ribombee
|-damage|p2a: Ribombee|0 fnt
|faint|p2a: Ribombee
|
|upkeep
|
|t:|1760451214
|switch|p2a: Ceruledge|Ceruledge, F, shiny|100/100
|turn|5
|
|t:|1760451222
|switch|p2a: Gholdengo|Gholdengo|100/100
|-item|p2a: Gholdengo|Air Balloon
|move|p1a: Ribombee|Stun Spore|p2a: Gholdengo
|-immune|p2a: Gholdengo|[from] ability: Good as Gold
|
|upkeep
|turn|6
|
|t:|1760451234
|move|p2a: Gholdengo|Nasty Plot|p2a: Gholdengo
|-boost|p2a: Gholdengo|spa|2
|move|p1a: Ribombee|Moonblast|p2a: Gholdengo
|-resisted|p2a: Gholdengo
|-damage|p2a: Gholdengo|80/100
|-unboost|p2a: Gholdengo|spa|1
|-enditem|p2a: Gholdengo|Air Balloon
|
|upkeep
|turn|7
|
|t:|1760451249
|move|p2a: Gholdengo|Nasty Plot|p2a: Gholdengo
|-boost|p2a: Gholdengo|spa|2
|cant|p1a: Ribombee|par
|
|upkeep
|turn|8
|
|t:|1760451264
|switch|p1a: Slowking|Slowking-Galar, M|100/100
|move|p2a: Gholdengo|Nasty Plot|p2a: Gholdengo
|-boost|p2a: Gholdengo|spa|2
|
|upkeep
|turn|9
|
|t:|1760451279
|move|p2a: Gholdengo|Shadow Ball|p1a: Slowking
|-supereffective|p1a: Slowking
|-damage|p1a: Slowking|0 fnt
|faint|p1a: Slowking
|
|upkeep
|
|t:|1760451297
|switch|p1a: Staraptor|Staraptor, F|100/100
|turn|10
|
|t:|1760451304
|-terastallize|p1a: Staraptor|Flying
|move|p1a: Staraptor|Brave Bird|p2a: Gholdengo
|-resisted|p2a: Gholdengo
|-damage|p2a: Gholdengo|5/100
|-damage|p1a: Staraptor|73/100|[from] Recoil
|move|p2a: Gholdengo|Make It Rain|p1a: Staraptor
|-damage|p1a: Staraptor|0 fnt
|-unboost|p2a: Gholdengo|spa|1
|faint|p1a: Staraptor
|
|upkeep
|c|☆Xevaaan_|abolute min roll
|c|☆Xevaaan_|252 Atk Choice Band Reckless Tera Flying Staraptor Brave Bird (144 BP) vs. 0 HP / 0 Def Gholdengo: 232-273 (73.6 - 86.6%) -- guaranteed OHKO
|
|t:|1760451330
|switch|p1a: Ribombee|Ribombee, M|100/100 par
|-activate|p1a: Ribombee|move: Sticky Web
|-unboost|p1a: Ribombee|spe|1
|turn|11
|
|t:|1760451336
|move|p2a: Gholdengo|Recover|p2a: Gholdengo
|-heal|p2a: Gholdengo|55/100
|move|p1a: Ribombee|Moonblast|p2a: Gholdengo
|-resisted|p2a: Gholdengo
|-damage|p2a: Gholdengo|34/100
|-unboost|p2a: Gholdengo|spa|1
|
|upkeep
|turn|12
|
|t:|1760451342
|move|p2a: Gholdengo|Recover|p2a: Gholdengo
|-heal|p2a: Gholdengo|84/100
|move|p1a: Ribombee|Skill Swap|p2a: Gholdengo
|-immune|p2a: Gholdengo|[from] ability: Good as Gold
|
|upkeep
|turn|13
|-message|Xevaaan_ forfeited.
|
|win|xlacx
|raw|Xevaaan_'s rating: 1417 &rarr; <strong>1397</strong><br />(-20 for losing)
|raw|xlacx's rating: 1422 &rarr; <strong>1442</strong><br />(+20 for winning)
|l|☆Xevaaan_
|player|p1|
