|j|☆panzershock
|j|☆oficial matute
|t:|1760382719
|gametype|singles
|player|p1|panzershock|2|1230
|player|p2|oficial matute|policeman|1183
|gen|9
|tier|[Gen 9] OU
|rated|
|rule|HP Percentage Mod: HP is shown in percentages
|rule|Endless Battle Clause: Forcing endless battles is banned
|rule|Species Clause: Limit one of each Pokémon
|rule|OHKO Clause: OHKO moves are banned
|rule|Evasion Items Clause: Evasion items are banned
|rule|Evasion Moves Clause: Evasion moves are banned
|rule|Evasion Abilities Clause: Evasion abilities are banned
|rule|Sleep Moves Clause: Sleep-inducing moves are banned
|clearpoke
|poke|p1|Fezandipiti, M|
|poke|p1|Toucannon, F|
|poke|p1|Ambipom, F|
|poke|p1|Goodra-Hisui, F|
|poke|p1|Gallade, M|
|poke|p1|Gliscor, F|
|poke|p2|Noivern, F|
|poke|p2|Tropius, M|
|poke|p2|Garchomp, M|
|poke|p2|Hydrapple, M|
|poke|p2|Torterra, M|
|poke|p2|Landorus-Therian, M|
|teampreview
|inactive|Battle timer is ON: inactive players will automatically lose when time's up. (requested by oficial matute)
|
|t:|1760382726
|teamsize|p1|6
|teamsize|p2|6
|start
|switch|p1a: Ambipom|Ambipom, F|100/100
|switch|p2a: 👁👅👁|Noivern, F|100/100
|-item|p1a: Ambipom|Protective Pads|[from] ability: Frisk|[of] p2a: 👁👅👁
|turn|1
|
|t:|1760382735
|switch|p1a: Goodra|Goodra-Hisui, F|100/100
|move|p2a: 👁👅👁|Switcheroo|p1a: Goodra
|-activate|p2a: 👁👅👁|move: Trick|[of] p1a: Goodra
|-item|p1a: Goodra|Choice Scarf|[from] move: Switcheroo
|-item|p2a: 👁👅👁|Assault Vest|[from] move: Switcheroo
|
|upkeep
|turn|2
|
|t:|1760382745
|switch|p2a: 👁🐽👁|Tropius, M, shiny|100/100
|move|p1a: Goodra|Breaking Swipe|p2a: 👁🐽👁
|-damage|p2a: 👁🐽👁|80/100
|-unboost|p2a: 👁🐽👁|atk|1
|
|upkeep
|turn|3
|
|t:|1760382757
|switch|p1a: Gallade|Gallade, M|100/100
|-terastallize|p2a: 👁🐽👁|Ghost
|move|p2a: 👁🐽👁|Leech Seed|p1a: Gallade
|-start|p1a: Gallade|move: Leech Seed
|
|-damage|p1a: Gallade|88/100|[from] Leech Seed|[of] p2a: 👁🐽👁
|-heal|p2a: 👁🐽👁|89/100|[silent]
|upkeep
|turn|4
|
|t:|1760382767
|move|p2a: 👁🐽👁|Protect|p2a: 👁🐽👁
|-singleturn|p2a: 👁🐽👁|Protect
|move|p1a: Gallade|Night Slash|p2a: 👁🐽👁
|-activate|p2a: 👁🐽👁|move: Protect
|
|-damage|p1a: Gallade|76/100|[from] Leech Seed|[of] p2a: 👁🐽👁
|-heal|p2a: 👁🐽👁|97/100|[silent]
|upkeep
|turn|5
|j| lk coelho
|
|t:|1760382776
|switch|p2a: 👁👃👁|Landorus-Therian, M|100/100
|-ability|p2a: 👁👃👁|Intimidate|boost
|-unboost|p1a: Gallade|atk|1
|move|p1a: Gallade|Night Slash|p2a: 👁👃👁
|-damage|p2a: 👁👃👁|82/100
|-damage|p1a: Gallade|59/100|[from] item: Rocky Helmet|[of] p2a: 👁👃👁
|
|-damage|p1a: Gallade|47/100|[from] Leech Seed|[of] p2a: 👁👃👁
|-heal|p2a: 👁👃👁|91/100|[silent]
|upkeep
|turn|6
|
|t:|1760382787
|switch|p1a: Toucannon|Toucannon, F|100/100
|move|p2a: 👁👃👁|Stealth Rock|p1a: Toucannon
|-sidestart|p1: panzershock|move: Stealth Rock
|
|upkeep
|turn|7
|
|t:|1760382794
|switch|p2a: 👁👅👁|Noivern, F|100/100
|-item|p1a: Toucannon|Heavy-Duty Boots|[from] ability: Frisk|[of] p2a: 👁👅👁
|-singleturn|p1a: Toucannon|move: Beak Blast
|move|p1a: Toucannon|Beak Blast|p2a: 👁👅👁
|-damage|p2a: 👁👅👁|29/100
|
|upkeep
|turn|8
|
|t:|1760382804
|-singleturn|p1a: Toucannon|move: Beak Blast
|move|p2a: 👁👅👁|Air Slash|p1a: Toucannon
|-damage|p1a: Toucannon|65/100
|cant|p1a: Toucannon|flinch
|
|upkeep
|turn|9
|l| lk coelho
|
|t:|1760382811
|move|p2a: 👁👅👁|Air Slash|p1a: Toucannon
|-damage|p1a: Toucannon|24/100
|move|p1a: Toucannon|Knock Off|p2a: 👁👅👁
|-damage|p2a: 👁👅👁|0 fnt
|-enditem|p2a: 👁👅👁|Assault Vest|[from] move: Knock Off|[of] p1a: Toucannon
|faint|p2a: 👁👅👁
|
|upkeep
|
|t:|1760382824
|switch|p2a: 👁👄👁|Hydrapple, M|100/100
|turn|10
|
|t:|1760382828
|move|p1a: Toucannon|Gunk Shot|p2a: 👁👄👁
|-supereffective|p2a: 👁👄👁
|-damage|p2a: 👁👄👁|38/100
|move|p2a: 👁👄👁|Dragon Breath|p1a: Toucannon
|-damage|p1a: Toucannon|0 fnt
|faint|p1a: Toucannon
|
|upkeep
|
|t:|1760382835
|switch|p1a: Gallade|Gallade, M|47/100
|-damage|p1a: Gallade|41/100|[from] Stealth Rock
|turn|11
|
|t:|1760382840
|switch|p2a: 👁👃👁|Landorus-Therian, M|91/100
|-ability|p2a: 👁👃👁|Intimidate|boost
|-unboost|p1a: Gallade|atk|1
|move|p1a: Gallade|Psycho Cut|p2a: 👁👃👁
|-crit|p2a: 👁👃👁
|-damage|p2a: 👁👃👁|34/100
|
|upkeep
|turn|12
|
|t:|1760382848
|move|p1a: Gallade|Psycho Cut|p2a: 👁👃👁
|-crit|p2a: 👁👃👁
|-damage|p2a: 👁👃👁|0 fnt
|faint|p2a: 👁👃👁
|
|upkeep
|
|t:|1760382854
|switch|p2a: 👁🫦👁|Garchomp, M|100/100
|turn|13
|
|t:|1760382859
|move|p2a: 👁🫦👁|Swords Dance|p2a: 👁🫦👁
|-boost|p2a: 👁🫦👁|atk|2
|move|p1a: Gallade|Psycho Cut|p2a: 👁🫦👁
|-crit|p2a: 👁🫦👁
|-damage|p2a: 👁🫦👁|7/100
|
|upkeep
|turn|14
|
|t:|1760382866
|move|p2a: 👁🫦👁|Scale Shot|p1a: Gallade
|-damage|p1a: Gallade|0 fnt
|faint|p1a: Gallade
|-hitcount|p1: Gallade|1
|-unboost|p2a: 👁🫦👁|def|1
|-boost|p2a: 👁🫦👁|spe|1
|
|upkeep
|
|t:|1760382870
|switch|p1a: Ambipom|Ambipom, F|100/100
|-damage|p1a: Ambipom|88/100|[from] Stealth Rock
|turn|15
|
|t:|1760382878
|move|p1a: Ambipom|Fake Out|p2a: 👁🫦👁
|-damage|p2a: 👁🫦👁|0 fnt
|-activate|p2a: 👁🫦👁|ability: Rough Skin
|-activate|p1a: Ambipom|item: Protective Pads
|faint|p2a: 👁🫦👁
|
|upkeep
|
|t:|1760382886
|switch|p2a: 👁🐽👁|Tropius, M, shiny, tera:Ghost|97/100
|turn|16
|
|t:|1760382891
|switch|p1a: Gliscor|Gliscor, F|100/100
|-damage|p1a: Gliscor|88/100|[from] Stealth Rock
|move|p2a: 👁🐽👁|Leech Seed|p1a: Gliscor
|-start|p1a: Gliscor|move: Leech Seed
|
|-heal|p1a: Gliscor|94/100|[from] item: Leftovers
|-damage|p1a: Gliscor|82/100|[from] Leech Seed|[of] p2a: 👁🐽👁
|-heal|p2a: 👁🐽👁|100/100|[silent]
|upkeep
|turn|17
|
|t:|1760382900
|move|p2a: 👁🐽👁|Protect|p2a: 👁🐽👁
|-singleturn|p2a: 👁🐽👁|Protect
|move|p1a: Gliscor|Toxic|p2a: 👁🐽👁
|-activate|p2a: 👁🐽👁|move: Protect
|
|-heal|p1a: Gliscor|88/100|[from] item: Leftovers
|-damage|p1a: Gliscor|76/100|[from] Leech Seed|[of] p2a: 👁🐽👁
|upkeep
|turn|18
|
|t:|1760382911
|switch|p2a: 👁👄👁|Hydrapple, M|71/100
|move|p1a: Gliscor|U-turn|p2a: 👁👄👁
|-supereffective|p2a: 👁👄👁
|-damage|p2a: 👁👄👁|38/100
|
|t:|1760382919
|switch|p1a: Fezandipiti|Fezandipiti, M|100/100|[from] U-turn
|-damage|p1a: Fezandipiti|88/100|[from] Stealth Rock
|
|-heal|p1a: Fezandipiti|94/100|[from] item: Leftovers
|upkeep
|turn|19
|
|t:|1760382928
|move|p1a: Fezandipiti|Sludge Bomb|p2a: 👁👄👁
|-supereffective|p2a: 👁👄👁
|-damage|p2a: 👁👄👁|0 fnt
|faint|p2a: 👁👄👁
|
|-heal|p1a: Fezandipiti|99/100|[from] item: Leftovers
|upkeep
|-message|oficial matute forfeited.
|
|win|panzershock
|raw|panzershock's rating: 1230 &rarr; <strong>1252</strong><br />(+22 for winning)
|raw|oficial matute's rating: 1183 &rarr; <strong>1161</strong><br />(-22 for losing)
|l|☆oficial matute
|player|p2|
|l|☆panzershock
|player|p1|
