|j|☆tranmin001
|j|☆tomatoparis
|t:|1760437372
|gametype|singles
|player|p1|tranmin001|hugh|1417
|player|p2|tomatoparis|102|1411
|gen|9
|tier|[Gen 9] OU
|rated|
|rule|HP Percentage Mod: HP is shown in percentages
|rule|Endless Battle Clause: Forcing endless battles is banned
|rule|Species Clause: Limit one of each Pokémon
|rule|OHKO Clause: OHKO moves are banned
|rule|Evasion Items Clause: Evasion items are banned
|rule|Evasion Moves Clause: Evasion moves are banned
|rule|Evasion Abilities Clause: Evasion abilities are banned
|rule|Sleep Moves Clause: Sleep-inducing moves are banned
|clearpoke
|poke|p1|Pelipper, F|
|poke|p1|Tornadus-Therian, M|
|poke|p1|Iron Treads|
|poke|p1|Decidueye-Hisui, F|
|poke|p1|Barraskewda, M|
|poke|p1|Raging Bolt|
|poke|p2|Pelipper, F|
|poke|p2|Hoopa-Unbound|
|poke|p2|Kingdra, M|
|poke|p2|Barraskewda, F|
|poke|p2|Dondozo, F|
|poke|p2|Scizor, M|
|teampreview
|
|t:|1760437392
|teamsize|p1|6
|teamsize|p2|6
|start
|switch|p1a: Tornadus|Tornadus-Therian, M, shiny|100/100
|switch|p2a: Hoopa|Hoopa-Unbound|100/100
|turn|1
|inactive|Battle timer is ON: inactive players will automatically lose when time's up. (requested by tranmin001)
|
|t:|1760437400
|switch|p2a: Scizor|Scizor, M|100/100
|move|p1a: Tornadus|U-turn|p2a: Scizor
|-resisted|p2a: Scizor
|-damage|p2a: Scizor|93/100
|
|t:|1760437405
|switch|p1a: Pelipper|Pelipper, F, shiny|100/100|[from] U-turn
|-weather|RainDance|[from] ability: Drizzle|[of] p1a: Pelipper
|
|-weather|RainDance|[upkeep]
|-heal|p2a: Scizor|99/100|[from] item: Leftovers
|upkeep
|turn|2
|
|t:|1760437417
|move|p2a: Scizor|U-turn|p1a: Pelipper
|-resisted|p1a: Pelipper
|-damage|p1a: Pelipper|85/100
|
|t:|1760437421
|switch|p2a: Kingdra|Kingdra, M|100/100|[from] U-turn
|move|p1a: Pelipper|Hurricane|p2a: Kingdra
|-damage|p2a: Kingdra|60/100
|-start|p2a: Kingdra|confusion
|
|-weather|RainDance|[upkeep]
|upkeep
|turn|3
|
|t:|1760437433
|-activate|p2a: Kingdra|confusion
|-damage|p2a: Kingdra|51/100|[from] confusion
|move|p1a: Pelipper|U-turn|p2a: Kingdra
|-damage|p2a: Kingdra|39/100
|
|t:|1760437438
|switch|p1a: Barraskewda|Barraskewda, M, shiny|100/100|[from] U-turn
|
|-weather|RainDance|[upkeep]
|upkeep
|turn|4
|
|t:|1760437443
|switch|p2a: Dondozo|Dondozo, F|100/100
|move|p1a: Barraskewda|Close Combat|p2a: Dondozo
|-damage|p2a: Dondozo|74/100
|-unboost|p1a: Barraskewda|def|1
|-unboost|p1a: Barraskewda|spd|1
|-damage|p1a: Barraskewda|84/100|[from] item: Rocky Helmet|[of] p2a: Dondozo
|-damage|p1a: Barraskewda|74/100|[from] item: Life Orb
|
|-weather|RainDance|[upkeep]
|upkeep
|turn|5
|
|t:|1760437449
|switch|p1a: Decidueye|Decidueye-Hisui, F, shiny|100/100
|move|p2a: Dondozo|Wave Crash|p1a: Decidueye
|-resisted|p1a: Decidueye
|-damage|p1a: Decidueye|79/100
|-damage|p2a: Dondozo|57/100|[from] item: Rocky Helmet|[of] p1a: Decidueye
|-damage|p2a: Dondozo|52/100|[from] Recoil
|
|-weather|RainDance|[upkeep]
|upkeep
|turn|6
|
|t:|1760437457
|move|p1a: Decidueye|Triple Arrows|p2a: Dondozo
|-crit|p2a: Dondozo
|-damage|p2a: Dondozo|31/100
|-unboost|p2a: Dondozo|def|1
|move|p2a: Dondozo|Rest|p2a: Dondozo
|-status|p2a: Dondozo|slp|[from] move: Rest
|-heal|p2a: Dondozo|100/100 slp|[silent]
|
|-weather|RainDance|[upkeep]
|upkeep
|turn|7
|
|t:|1760437463
|switch|p2a: Scizor|Scizor, M|99/100
|move|p1a: Decidueye|Triple Arrows|p2a: Scizor
|-crit|p2a: Scizor
|-damage|p2a: Scizor|49/100
|-unboost|p2a: Scizor|def|1
|
|-weather|RainDance|[upkeep]
|-heal|p2a: Scizor|55/100|[from] item: Leftovers
|upkeep
|turn|8
|
|t:|1760437475
|move|p2a: Scizor|U-turn|p1a: Decidueye
|-damage|p1a: Decidueye|46/100
|-damage|p2a: Scizor|39/100|[from] item: Rocky Helmet|[of] p1a: Decidueye
|
|t:|1760437481
|switch|p2a: Pelipper|Pelipper, F|100/100|[from] U-turn
|move|p1a: Decidueye|Triple Arrows|p2a: Pelipper
|-resisted|p2a: Pelipper
|-crit|p2a: Pelipper
|-damage|p2a: Pelipper|80/100
|
|-weather|none
|upkeep
|turn|9
|
|t:|1760437491
|switch|p1a: Pelipper|Pelipper, F, shiny|85/100
|-weather|RainDance|[from] ability: Drizzle|[of] p1a: Pelipper
|move|p2a: Pelipper|U-turn|p1a: Pelipper
|-resisted|p1a: Pelipper
|-damage|p1a: Pelipper|82/100
|
|t:|1760437497
|switch|p2a: Hoopa|Hoopa-Unbound|100/100|[from] U-turn
|
|-weather|RainDance|[upkeep]
|upkeep
|turn|10
|
|t:|1760437501
|switch|p1a: Iron Treads|Iron Treads, shiny|100/100
|move|p2a: Hoopa|Thunderbolt|p1a: Iron Treads
|-immune|p1a: Iron Treads
|
|-weather|RainDance|[upkeep]
|upkeep
|turn|11
|
|t:|1760437510
|move|p2a: Hoopa|Hyperspace Fury|p1a: Iron Treads
|-damage|p1a: Iron Treads|60/100
|-unboost|p2a: Hoopa|def|1
|move|p1a: Iron Treads|Knock Off|p2a: Hoopa
|-damage|p2a: Hoopa|35/100
|-enditem|p2a: Hoopa|Assault Vest|[from] move: Knock Off|[of] p1a: Iron Treads
|
|-weather|RainDance|[upkeep]
|-heal|p1a: Iron Treads|66/100|[from] item: Leftovers
|upkeep
|turn|12
|
|t:|1760437519
|move|p2a: Hoopa|Knock Off|p1a: Iron Treads
|-damage|p1a: Iron Treads|28/100
|-enditem|p1a: Iron Treads|Leftovers|[from] move: Knock Off|[of] p2a: Hoopa
|move|p1a: Iron Treads|Stealth Rock|p2a: Hoopa
|-sidestart|p2: tomatoparis|move: Stealth Rock
|
|-weather|RainDance|[upkeep]
|upkeep
|turn|13
|
|t:|1760437525
|move|p2a: Hoopa|Psychic Noise|p1a: Iron Treads
|-resisted|p1a: Iron Treads
|-damage|p1a: Iron Treads|9/100
|-start|p1a: Iron Treads|move: Heal Block
|move|p1a: Iron Treads|Earthquake|p2a: Hoopa
|-damage|p2a: Hoopa|0 fnt
|faint|p2a: Hoopa
|
|-weather|RainDance|[upkeep]
|upkeep
|
|t:|1760437529
|switch|p2a: Scizor|Scizor, M|39/100
|-damage|p2a: Scizor|26/100|[from] Stealth Rock
|turn|14
|
|t:|1760437533
|move|p2a: Scizor|Bullet Punch|p1a: Iron Treads
|-resisted|p1a: Iron Treads
|-damage|p1a: Iron Treads|0 fnt
|faint|p1a: Iron Treads
|-end|p1a: Iron Treads|Quark Drive|[silent]
|
|-weather|RainDance|[upkeep]
|-heal|p2a: Scizor|32/100|[from] item: Leftovers
|upkeep
|
|t:|1760437535
|switch|p1a: Decidueye|Decidueye-Hisui, F, shiny|46/100
|turn|15
|
|t:|1760437542
|move|p2a: Scizor|Defog|p1a: Decidueye
|-unboost|p1a: Decidueye|evasion|1
|-sideend|p2: tomatoparis|Stealth Rock|[from] move: Defog|[of] p2a: Scizor
|move|p1a: Decidueye|Roost|p1a: Decidueye
|-heal|p1a: Decidueye|96/100
|-singleturn|p1a: Decidueye|move: Roost
|
|-weather|RainDance|[upkeep]
|-heal|p2a: Scizor|38/100|[from] item: Leftovers
|upkeep
|turn|16
|
|t:|1760437550
|move|p2a: Scizor|Knock Off|p1a: Decidueye
|-resisted|p1a: Decidueye
|-damage|p1a: Decidueye|83/100
|-damage|p2a: Scizor|22/100|[from] item: Rocky Helmet|[of] p1a: Decidueye
|-enditem|p1a: Decidueye|Rocky Helmet|[from] move: Knock Off|[of] p2a: Scizor
|move|p1a: Decidueye|U-turn|p2a: Scizor
|-resisted|p2a: Scizor
|-damage|p2a: Scizor|14/100
|
|t:|1760437554
|switch|p1a: Barraskewda|Barraskewda, M, shiny|74/100|[from] U-turn
|
|-weather|none
|-heal|p2a: Scizor|20/100|[from] item: Leftovers
|upkeep
|turn|17
|
|t:|1760437564
|move|p1a: Barraskewda|Aqua Jet|p2a: Scizor
|-damage|p2a: Scizor|0 fnt
|faint|p2a: Scizor
|-damage|p1a: Barraskewda|64/100|[from] item: Life Orb
|
|upkeep
|
|t:|1760437568
|switch|p2a: Barraskewda|Barraskewda, F|100/100
|turn|18
|
|t:|1760437573
|move|p2a: Barraskewda|Close Combat|p1a: Barraskewda
|-damage|p1a: Barraskewda|0 fnt
|-unboost|p2a: Barraskewda|def|1
|-unboost|p2a: Barraskewda|spd|1
|faint|p1a: Barraskewda
|
|upkeep
|
|t:|1760437577
|switch|p1a: Decidueye|Decidueye-Hisui, F, shiny|83/100
|turn|19
|
|t:|1760437582
|switch|p2a: Pelipper|Pelipper, F|80/100
|-weather|RainDance|[from] ability: Drizzle|[of] p2a: Pelipper
|move|p1a: Decidueye|U-turn|p2a: Pelipper
|-resisted|p2a: Pelipper
|-damage|p2a: Pelipper|74/100
|
|t:|1760437588
|switch|p1a: Tornadus|Tornadus-Therian, M, shiny|100/100|[from] U-turn
|
|-weather|RainDance|[upkeep]
|upkeep
|turn|20
|
|t:|1760437601
|move|p1a: Tornadus|Hurricane|p2a: Pelipper
|-damage|p2a: Pelipper|0 fnt
|faint|p2a: Pelipper
|
|-weather|RainDance|[upkeep]
|upkeep
|
|t:|1760437609
|switch|p2a: Kingdra|Kingdra, M|39/100
|turn|21
|
|t:|1760437616
|move|p2a: Kingdra|Surf|p1a: Tornadus
|-damage|p1a: Tornadus|4/100
|-damage|p2a: Kingdra|29/100|[from] item: Life Orb
|move|p1a: Tornadus|Hurricane|p2a: Kingdra
|-damage|p2a: Kingdra|0 fnt
|faint|p2a: Kingdra
|
|-weather|RainDance|[upkeep]
|upkeep
|
|t:|1760437618
|switch|p2a: Barraskewda|Barraskewda, F|100/100
|turn|22
|
|t:|1760437632
|move|p2a: Barraskewda|Waterfall|p1a: Tornadus
|-damage|p1a: Tornadus|0 fnt
|faint|p1a: Tornadus
|
|-weather|RainDance|[upkeep]
|upkeep
|
|t:|1760437638
|switch|p1a: Decidueye|Decidueye-Hisui, F, shiny|83/100
|turn|23
|
|t:|1760437641
|move|p2a: Barraskewda|Waterfall|p1a: Decidueye
|-resisted|p1a: Decidueye
|-damage|p1a: Decidueye|45/100
|move|p1a: Decidueye|Roost|p1a: Decidueye
|-heal|p1a: Decidueye|95/100
|-singleturn|p1a: Decidueye|move: Roost
|
|-weather|RainDance|[upkeep]
|upkeep
|turn|24
|
|t:|1760437646
|switch|p2a: Dondozo|Dondozo, F|100/100 slp
|move|p1a: Decidueye|Roost|p1a: Decidueye
|-heal|p1a: Decidueye|100/100
|-singleturn|p1a: Decidueye|move: Roost
|
|-weather|RainDance|[upkeep]
|upkeep
|turn|25
|
|t:|1760437650
|switch|p1a: Raging Bolt|Raging Bolt|100/100
|-enditem|p1a: Raging Bolt|Booster Energy
|-activate|p1a: Raging Bolt|ability: Protosynthesis|[fromitem]
|-start|p1a: Raging Bolt|protosynthesisspa
|cant|p2a: Dondozo|slp
|move|p2a: Dondozo|Sleep Talk|p2a: Dondozo
|move|p2a: Dondozo|Wave Crash|p1a: Raging Bolt|[from] move: Sleep Talk
|-resisted|p1a: Raging Bolt
|-damage|p1a: Raging Bolt|74/100
|-damage|p2a: Dondozo|93/100 slp|[from] Recoil
|
|-weather|RainDance|[upkeep]
|upkeep
|turn|26
|-message|tomatoparis forfeited.
|
|win|tranmin001
|raw|tranmin001's rating: 1417 &rarr; <strong>1437</strong><br />(+20 for winning)
|raw|tomatoparis's rating: 1411 &rarr; <strong>1391</strong><br />(-20 for losing)
|l|☆tomatoparis
|player|p2|
|l|☆tranmin001
|player|p1|
