|j|☆Doomingo
|j|☆Bobthenoivern
|t:|1760377278
|gametype|singles
|player|p1|Doomingo|1|1284
|player|p2|Bobthenoivern|pokemaniac|1342
|gen|9
|tier|[Gen 9] OU
|rated|
|rule|HP Percentage Mod: HP is shown in percentages
|rule|Endless Battle Clause: Forcing endless battles is banned
|rule|Species Clause: Limit one of each Pokémon
|rule|OHKO Clause: OHKO moves are banned
|rule|Evasion Items Clause: Evasion items are banned
|rule|Evasion Moves Clause: Evasion moves are banned
|rule|Evasion Abilities Clause: Evasion abilities are banned
|rule|Sleep Moves Clause: Sleep-inducing moves are banned
|clearpoke
|poke|p1|Tyranitar, M|
|poke|p1|Sinistcha|
|poke|p1|Comfey, M|
|poke|p1|Bellibolt, M|
|poke|p1|Mamoswine, F|
|poke|p1|Scizor, M|
|poke|p2|Hydrapple, F|
|poke|p2|Slowking-Galar, M|
|poke|p2|Samurott-Hisui, M|
|poke|p2|Gholdengo|
|poke|p2|Great Tusk|
|poke|p2|Dragapult, F|
|teampreview
|inactive|Battle timer is ON: inactive players will automatically lose when time's up. (requested by Doomingo)
|
|t:|1760377300
|teamsize|p1|6
|teamsize|p2|6
|start
|switch|p1a: Glut|Bellibolt, M|100/100
|switch|p2a: Slowking|Slowking-Galar, M|100/100
|turn|1
|
|t:|1760377308
|switch|p1a: Buzz|Scizor, M|100/100
|move|p2a: Slowking|Future Sight|p1a: Buzz
|-start|p2a: Slowking|move: Future Sight
|
|upkeep
|turn|2
|
|t:|1760377317
|switch|p2a: Great Tusk|Great Tusk|100/100
|move|p1a: Buzz|U-turn|p2a: Great Tusk
|-resisted|p2a: Great Tusk
|-damage|p2a: Great Tusk|92/100
|
|t:|1760377323
|switch|p1a: Charla|Sinistcha|100/100|[from] U-turn
|
|-heal|p2a: Great Tusk|98/100|[from] item: Leftovers
|upkeep
|turn|3
|
|t:|1760377330
|move|p2a: Great Tusk|Knock Off|p1a: Charla
|-supereffective|p1a: Charla
|-damage|p1a: Charla|46/100
|-enditem|p1a: Charla|Big Root|[from] move: Knock Off|[of] p2a: Great Tusk
|move|p1a: Charla|Matcha Gotcha|p2a: Great Tusk
|-supereffective|p2a: Great Tusk
|-damage|p2a: Great Tusk|0 fnt
|-heal|p1a: Charla|98/100|[from] drain|[of] p2a: Great Tusk
|faint|p2a: Great Tusk
|-end|p2a: Great Tusk|Protosynthesis|[silent]
|
|-end|p1a: Charla|move: Future Sight
|-damage|p1a: Charla|33/100
|upkeep
|
|t:|1760377346
|switch|p2a: Samurott|Samurott-Hisui, M|100/100
|turn|4
|
|t:|1760377350
|switch|p1a: Buzz|Scizor, M|100/100
|move|p2a: Samurott|Ceaseless Edge|p1a: Buzz
|-damage|p1a: Buzz|50/100
|-sidestart|p1: Doomingo|Spikes
|
|-heal|p1a: Buzz|56/100|[from] item: Leftovers
|upkeep
|turn|5
|c|☆Doomingo|g
|c|☆Doomingo|gg
|c|☆Doomingo|gtg
|
|t:|1760377359
|move|p2a: Samurott|Ceaseless Edge|p1a: Buzz
|-damage|p1a: Buzz|9/100
|-sidestart|p1: Doomingo|Spikes
|move|p1a: Buzz|Tailwind|p1a: Buzz
|-sidestart|p1: Doomingo|move: Tailwind
|
|-heal|p1a: Buzz|15/100|[from] item: Leftovers
|upkeep
|turn|6
|
|t:|1760377368
|move|p2a: Samurott|Sucker Punch||[still]
|-fail|p2a: Samurott
|move|p1a: Buzz|Defog|p2a: Samurott
|-unboost|p2a: Samurott|evasion|1
|-sideend|p1: Doomingo|Spikes|[from] move: Defog|[of] p1a: Buzz
|
|-heal|p1a: Buzz|21/100|[from] item: Leftovers
|upkeep
|turn|7
|
|t:|1760377376
|move|p1a: Buzz|U-turn|p2a: Samurott
|-supereffective|p2a: Samurott
|-damage|p2a: Samurott|33/100
|
|t:|1760377378
|switch|p1a: Glut|Bellibolt, M|100/100|[from] U-turn
|move|p2a: Samurott|Ceaseless Edge|p1a: Glut
|-damage|p1a: Glut|54/100
|-start|p1a: Glut|Charge|Ceaseless Edge|[from] ability: Electromorphosis
|-sidestart|p1: Doomingo|Spikes
|
|upkeep
|turn|8
|-message|Doomingo forfeited.
|
|win|Bobthenoivern
|raw|Doomingo's rating: 1284 &rarr; <strong>1263</strong><br />(-21 for losing)
|raw|Bobthenoivern's rating: 1342 &rarr; <strong>1359</strong><br />(+17 for winning)
|l|☆Doomingo
|player|p1|
|l|☆Bobthenoivern
|player|p2|
