|j|☆67baseballmason
|j|☆AS1339431
|t:|1760369280
|gametype|singles
|player|p1|67baseballmason|infielder|1119
|player|p2|AS1339431|2|1094
|gen|9
|tier|[Gen 9] OU
|rated|
|rule|HP Percentage Mod: HP is shown in percentages
|rule|Endless Battle Clause: Forcing endless battles is banned
|rule|Species Clause: Limit one of each Pokémon
|rule|OHKO Clause: OHKO moves are banned
|rule|Evasion Items Clause: Evasion items are banned
|rule|Evasion Moves Clause: Evasion moves are banned
|rule|Evasion Abilities Clause: Evasion abilities are banned
|rule|Sleep Moves Clause: Sleep-inducing moves are banned
|clearpoke
|poke|p1|Ceruledge, F|
|poke|p1|Iron Treads|
|poke|p1|Glimmora, M|
|poke|p1|Iron Valiant|
|poke|p1|Ribombee, M|
|poke|p1|Samurott-Hisui, M|
|poke|p2|Emboar, M|
|poke|p2|Kingambit, F|
|poke|p2|Meowscarada, M|
|poke|p2|Enamorus, F|
|poke|p2|Serperior, M|
|poke|p2|Hoopa-Unbound|
|teampreview
|
|t:|1760369285
|teamsize|p1|6
|teamsize|p2|6
|start
|switch|p1a: Iron Treads|Iron Treads|100/100
|switch|p2a: Richard|Emboar, M|100/100
|turn|1
|
|t:|1760369294
|move|p1a: Iron Treads|Stealth Rock|p2a: Richard
|-sidestart|p2: AS1339431|move: Stealth Rock
|move|p2a: Richard|Head Smash|p1a: Iron Treads
|-resisted|p1a: Iron Treads
|-damage|p1a: Iron Treads|81/100
|-damage|p2a: Richard|93/100|[from] Recoil
|-damage|p2a: Richard|83/100|[from] item: Life Orb
|
|-heal|p1a: Iron Treads|87/100|[from] item: Leftovers
|upkeep
|turn|2
|c|☆67baseballmason|my collars blue but my neck is red
|
|t:|1760369305
|move|p1a: Iron Treads|Earthquake|p2a: Richard
|-supereffective|p2a: Richard
|-damage|p2a: Richard|0 fnt
|faint|p2a: Richard
|
|-heal|p1a: Iron Treads|93/100|[from] item: Leftovers
|upkeep
|c|☆AS1339431|been workin hard
|c|☆AS1339431|just to keep my family fed
|
|t:|1760369318
|switch|p2a: Big Chair|Enamorus, F|100/100
|-damage|p2a: Big Chair|76/100|[from] Stealth Rock
|turn|3
|c|☆67baseballmason|what collar is your bugatti
|
|t:|1760369338
|move|p1a: Iron Treads|Knock Off|p2a: Big Chair
|-resisted|p2a: Big Chair
|-damage|p2a: Big Chair|52/100
|-enditem|p2a: Big Chair|Choice Band|[from] move: Knock Off|[of] p1a: Iron Treads
|move|p2a: Big Chair|Superpower|p1a: Iron Treads
|-supereffective|p1a: Iron Treads
|-damage|p1a: Iron Treads|29/100
|-boost|p2a: Big Chair|atk|1
|-boost|p2a: Big Chair|def|1
|
|-heal|p1a: Iron Treads|35/100|[from] item: Leftovers
|upkeep
|turn|4
|
|t:|1760369352
|-end|p1a: Iron Treads|Quark Drive|[silent]
|switch|p1a: Glimmora|Glimmora, M|100/100
|move|p2a: Big Chair|Superpower|p1a: Glimmora
|-damage|p1a: Glimmora|28/100
|-boost|p2a: Big Chair|atk|1
|-boost|p2a: Big Chair|def|1
|-activate|p1a: Glimmora|ability: Toxic Debris
|-sidestart|p2: AS1339431|move: Toxic Spikes
|
|upkeep
|turn|5
|
|t:|1760369363
|move|p2a: Big Chair|Superpower|p1a: Glimmora
|-damage|p1a: Glimmora|0 fnt
|-boost|p2a: Big Chair|atk|1
|-boost|p2a: Big Chair|def|1
|-activate|p1a: Glimmora|ability: Toxic Debris
|-sidestart|p2: AS1339431|move: Toxic Spikes
|faint|p1a: Glimmora
|
|upkeep
|
|t:|1760369378
|switch|p1a: Ceruledge|Ceruledge, F|100/100
|turn|6
|
|t:|1760369393
|move|p2a: Big Chair|Outrage|p1a: Ceruledge
|-enditem|p1a: Ceruledge|Focus Sash
|-damage|p1a: Ceruledge|1/100
|-ability|p1a: Ceruledge|Weak Armor|boost
|-unboost|p1a: Ceruledge|def|1
|-boost|p1a: Ceruledge|spe|2
|move|p1a: Ceruledge|Bitter Blade|p2a: Big Chair
|-damage|p2a: Big Chair|25/100
|-heal|p1a: Ceruledge|15/100|[from] drain|[of] p2a: Big Chair
|
|upkeep
|turn|7
|
|t:|1760369404
|move|p1a: Ceruledge|Shadow Sneak|p2a: Big Chair
|-damage|p2a: Big Chair|12/100
|move|p2a: Big Chair|Outrage|p1a: Ceruledge|[from] lockedmove
|-damage|p1a: Ceruledge|0 fnt
|faint|p1a: Ceruledge
|-start|p2a: Big Chair|confusion|[fatigue]
|
|upkeep
|
|t:|1760369429
|switch|p1a: Ribombee|Ribombee, M|100/100
|turn|8
|
|t:|1760369433
|move|p1a: Ribombee|Moonblast|p2a: Big Chair
|-damage|p2a: Big Chair|0 fnt
|faint|p2a: Big Chair
|
|upkeep
|
|t:|1760369442
|switch|p2a: Ouroboros|Serperior, M|100/100
|-damage|p2a: Ouroboros|88/100|[from] Stealth Rock
|-status|p2a: Ouroboros|tox
|turn|9
|c|☆67baseballmason|just tryin to start some small toalk
|c|☆AS1339431|man
|
|t:|1760369464
|move|p2a: Ouroboros|Leaf Storm|p1a: Ribombee
|-resisted|p1a: Ribombee
|-damage|p1a: Ribombee|53/100
|-boost|p2a: Ouroboros|spa|2
|move|p1a: Ribombee|Moonblast|p2a: Ouroboros
|-damage|p2a: Ouroboros|36/100 tox
|-boost|p2a: Ouroboros|spa|1
|
|-damage|p2a: Ouroboros|30/100 tox|[from] psn
|upkeep
|turn|10
|
|t:|1760369474
|move|p2a: Ouroboros|Leaf Storm|p1a: Ribombee
|-resisted|p1a: Ribombee
|-damage|p1a: Ribombee|0 fnt
|-boost|p2a: Ouroboros|spa|2
|faint|p1a: Ribombee
|
|-damage|p2a: Ouroboros|18/100 tox|[from] psn
|upkeep
|c|☆67baseballmason|man wut nihha
|c|☆AS1339431|yeah
|
|t:|1760369493
|switch|p1a: Iron Valiant|Iron Valiant|100/100
|-enditem|p1a: Iron Valiant|Booster Energy
|-activate|p1a: Iron Valiant|ability: Quark Drive|[fromitem]
|-start|p1a: Iron Valiant|quarkdrivespe
|turn|11
|c|☆AS1339431|you're banned
|c|☆67baseballmason|sorry my friend typed that
|c|☆67baseballmason|hes kind racist
|c|☆AS1339431|oh okay
|c|☆67baseballmason|he uses ig reels
|c|☆AS1339431|I get it
|c|☆AS1339431|I also have friends
|
|t:|1760369519
|move|p1a: Iron Valiant|Shadow Ball|p2a: Ouroboros
|-damage|p2a: Ouroboros|0 fnt
|faint|p2a: Ouroboros
|
|upkeep
|c|☆67baseballmason|wow
|c|☆67baseballmason|really?
|
|t:|1760369528
|switch|p2a: Jester|Hoopa-Unbound|100/100
|-damage|p2a: Jester|88/100|[from] Stealth Rock
|-status|p2a: Jester|tox
|turn|12
|c|☆67baseballmason|me too
|c|☆AS1339431|no dude I lied
|c|☆67baseballmason|oh sorry for your loss
|c|☆AS1339431|thanks pal
|
|t:|1760369546
|move|p1a: Iron Valiant|Moonblast|p2a: Jester
|-supereffective|p2a: Jester
|-damage|p2a: Jester|10/100 tox
|move|p2a: Jester|Psychic Noise|p1a: Iron Valiant
|-supereffective|p1a: Iron Valiant
|-damage|p1a: Iron Valiant|0 fnt
|faint|p1a: Iron Valiant
|-end|p1a: Iron Valiant|Quark Drive|[silent]
|
|-damage|p2a: Jester|4/100 tox|[from] psn
|upkeep
|
|t:|1760369550
|switch|p1a: Samurott|Samurott-Hisui, M|100/100
|turn|13
|
|t:|1760369559
|move|p1a: Samurott|Sucker Punch|p2a: Jester
|-damage|p2a: Jester|0 fnt
|faint|p2a: Jester
|
|upkeep
|
|t:|1760369563
|switch|p2a: Jester 2|Meowscarada, M|100/100
|turn|14
|c|☆67baseballmason|my friend says his neck hurts
|c|☆67baseballmason|(ig reels)
|c|☆67baseballmason|help him bro
|c|☆AS1339431|his neck hurts from alternative activities man
|
|t:|1760369587
|-terastallize|p1a: Samurott|Poison
|move|p2a: Jester 2|Flower Trick|p1a: Samurott
|-start|p2a: Jester 2|typechange|Grass|[from] ability: Protean
|-resisted|p1a: Samurott
|-crit|p1a: Samurott
|-damage|p1a: Samurott|73/100
|move|p1a: Samurott|Ceaseless Edge|p2a: Jester 2
|-damage|p2a: Jester 2|34/100
|-sidestart|p2: AS1339431|Spikes
|
|upkeep
|turn|15
|c|☆67baseballmason|he asked what that is
|
|t:|1760369605
|move|p2a: Jester 2|Knock Off|p1a: Samurott
|-damage|p1a: Samurott|40/100
|-enditem|p1a: Samurott|Assault Vest|[from] move: Knock Off|[of] p2a: Jester 2
|move|p1a: Samurott|Ceaseless Edge|p2a: Jester 2
|-damage|p2a: Jester 2|0 fnt
|-sidestart|p2: AS1339431|Spikes
|faint|p2a: Jester 2
|
|upkeep
|c|☆AS1339431|suckin
|
|t:|1760369613
|switch|p2a: Snot|Kingambit, F|100/100
|-activate|p2a: Snot|ability: Supreme Overlord
|-start|p2a: Snot|fallen5|[silent]
|turn|16
|c|☆67baseballmason|he almost typed the n word
|c|☆67baseballmason|i saved myself vro
|
|t:|1760369639
|move|p1a: Samurott|Razor Shell|p2a: Snot
|-damage|p2a: Snot|57/100
|-unboost|p2a: Snot|def|1
|move|p2a: Snot|Kowtow Cleave|p1a: Samurott
|-damage|p1a: Samurott|0 fnt
|faint|p1a: Samurott
|
|upkeep
|
|t:|1760369642
|switch|p1a: Iron Treads|Iron Treads|35/100
|turn|17
|c|☆67baseballmason|gg man
|c|☆AS1339431|your friend is quick to lash out in anger because he isn't confident in his masculinity
|
|t:|1760369658
|-terastallize|p2a: Snot|Dark
|move|p2a: Snot|Sucker Punch|p1a: Iron Treads
|-damage|p1a: Iron Treads|0 fnt
|faint|p1a: Iron Treads
|-end|p1a: Iron Treads|Quark Drive|[silent]
|
|win|AS1339431
|raw|67baseballmason's rating: 1119 &rarr; <strong>1092</strong><br />(-27 for losing)
|raw|AS1339431's rating: 1094 &rarr; <strong>1122</strong><br />(+28 for winning)
|c|☆67baseballmason|oh i understand it now
|c|☆AS1339431|ggs
|c|☆67baseballmason|great battle mate
|c|☆AS1339431|definitely
|c|☆67baseballmason|yup
|c|☆67baseballmason|my friend says hes a woman
|c|☆AS1339431|baseball huh
|c|☆67baseballmason|hes special
|c|☆67baseballmason|i dont even play it
|c|☆AS1339431|tuff
|l|☆AS1339431
|player|p2|
|c|☆67baseballmason|ik rite
|c|☆67baseballmason|ni
