|j|☆jakkuza
|j|☆Esiroi974
|t:|1760339706
|gametype|singles
|player|p1|jakkuza|dawn|1323
|player|p2|Esiroi974|266|1252
|gen|9
|tier|[Gen 9] OU
|rated|
|rule|HP Percentage Mod: HP is shown in percentages
|rule|Endless Battle Clause: Forcing endless battles is banned
|rule|Species Clause: Limit one of each Pokémon
|rule|OHKO Clause: OHKO moves are banned
|rule|Evasion Items Clause: Evasion items are banned
|rule|Evasion Moves Clause: Evasion moves are banned
|rule|Evasion Abilities Clause: Evasion abilities are banned
|rule|Sleep Moves Clause: Sleep-inducing moves are banned
|clearpoke
|poke|p1|Garganacl, F|
|poke|p1|Polteageist|
|poke|p1|Clefable, M|
|poke|p1|Rillaboom, F|
|poke|p1|Zamazenta-*|
|poke|p1|Ditto|
|poke|p2|Garganacl, M|
|poke|p2|Weezing-Galar, F|
|poke|p2|Corviknight, M|
|poke|p2|Dragapult, M|
|poke|p2|Slowking-Galar, M|
|poke|p2|Samurott-Hisui, F|
|teampreview
|inactive|Battle timer is ON: inactive players will automatically lose when time's up. (requested by Esiroi974)
|
|t:|1760339714
|teamsize|p1|6
|teamsize|p2|6
|start
|switch|p1a: Clefable|Clefable, M|100/100
|switch|p2a: Insulin Spike|Samurott-Hisui, F|100/100
|turn|1
|
|t:|1760339721
|-terastallize|p1a: Clefable|Normal
|move|p2a: Insulin Spike|Flip Turn|p1a: Clefable
|-damage|p1a: Clefable|77/100
|
|t:|1760339727
|switch|p2a: AIDS|Weezing-Galar, F|100/100|[from] Flip Turn
|-ability|p2a: AIDS|Neutralizing Gas
|move|p1a: Clefable|Cosmic Power|p1a: Clefable
|-boost|p1a: Clefable|def|1
|-boost|p1a: Clefable|spd|1
|
|-heal|p1a: Clefable|83/100|[from] item: Leftovers
|upkeep
|turn|2
|inactive|jakkuza has 120 seconds left.
|
|t:|1760339765
|-end|p2a: AIDS|ability: Neutralizing Gas
|switch|p2a: Blood Pressure|Corviknight, M|100/100
|-ability|p2a: Blood Pressure|Pressure
|move|p1a: Clefable|Cosmic Power|p1a: Clefable
|-boost|p1a: Clefable|def|1
|-boost|p1a: Clefable|spd|1
|
|-heal|p1a: Clefable|89/100|[from] item: Leftovers
|upkeep
|turn|3
|inactive|jakkuza has 120 seconds left.
|
|t:|1760339779
|move|p2a: Blood Pressure|Iron Defense|p2a: Blood Pressure
|-boost|p2a: Blood Pressure|def|2
|move|p1a: Clefable|Charge Beam|p2a: Blood Pressure
|-supereffective|p2a: Blood Pressure
|-crit|p2a: Blood Pressure
|-damage|p2a: Blood Pressure|63/100
|-boost|p1a: Clefable|spa|1
|
|-heal|p1a: Clefable|95/100|[from] item: Leftovers
|upkeep
|turn|4
|inactive|jakkuza has 120 seconds left.
|
|t:|1760339791
|move|p2a: Blood Pressure|Body Press|p1a: Clefable
|-supereffective|p1a: Clefable
|-damage|p1a: Clefable|49/100
|move|p1a: Clefable|Charge Beam|p2a: Blood Pressure
|-supereffective|p2a: Blood Pressure
|-damage|p2a: Blood Pressure|24/100
|-boost|p1a: Clefable|spa|1
|
|-heal|p1a: Clefable|55/100|[from] item: Leftovers
|upkeep
|turn|5
|inactive|jakkuza has 120 seconds left.
|
|t:|1760339801
|-terastallize|p2a: Blood Pressure|Fighting
|move|p2a: Blood Pressure|Body Press|p1a: Clefable
|-supereffective|p1a: Clefable
|-damage|p1a: Clefable|0 fnt
|faint|p1a: Clefable
|
|upkeep
|
|t:|1760339807
|switch|p1a: Ditto|Ditto|100/100
|-transform|p1a: Ditto|p2a: Blood Pressure|[from] ability: Imposter
|-ability|p1a: Ditto|Pressure
|-start|p1a: Ditto|typechange|Flying/Steel|[silent]
|turn|6
|inactive|jakkuza has 120 seconds left.
|
|t:|1760339821
|switch|p2a: Heart Attack|Dragapult, M|100/100
|move|p1a: Ditto|Brave Bird|p2a: Heart Attack
|-crit|p2a: Heart Attack
|-damage|p2a: Heart Attack|21/100
|-damage|p1a: Ditto|73/100|[from] Recoil
|
|upkeep
|turn|7
|inactive|jakkuza has 120 seconds left.
|
|t:|1760339828
|switch|p2a: Kidney Stones|Garganacl, M|100/100
|move|p1a: Ditto|Brave Bird|p2a: Kidney Stones
|-resisted|p2a: Kidney Stones
|-crit|p2a: Kidney Stones
|-damage|p2a: Kidney Stones|82/100
|-damage|p1a: Ditto|65/100|[from] Recoil
|
|-heal|p2a: Kidney Stones|88/100|[from] item: Leftovers
|upkeep
|turn|8
|
|t:|1760339837
|switch|p1a: Rillaboom|Rillaboom, F|100/100
|-fieldstart|move: Grassy Terrain|[from] ability: Grassy Surge|[of] p1a: Rillaboom
|move|p2a: Kidney Stones|Stealth Rock|p1a: Rillaboom
|-sidestart|p1: jakkuza|move: Stealth Rock
|
|-heal|p2a: Kidney Stones|95/100|[from] Grassy Terrain
|-heal|p2a: Kidney Stones|100/100|[from] item: Leftovers
|upkeep
|turn|9
|inactive|jakkuza has 120 seconds left.
|
|t:|1760339864
|switch|p2a: AIDS|Weezing-Galar, F|100/100
|-ability|p2a: AIDS|Neutralizing Gas
|move|p1a: Rillaboom|Earthquake|p2a: AIDS
|-supereffective|p2a: AIDS
|-damage|p2a: AIDS|65/100
|
|-heal|p2a: AIDS|71/100|[from] Grassy Terrain
|-heal|p2a: AIDS|77/100|[from] item: Black Sludge
|upkeep
|turn|10
|
|t:|1760339874
|move|p1a: Rillaboom|Earthquake|p2a: AIDS
|-supereffective|p2a: AIDS
|-damage|p2a: AIDS|46/100
|move|p2a: AIDS|Will-O-Wisp|p1a: Rillaboom|[miss]
|-miss|p2a: AIDS|p1a: Rillaboom
|
|-heal|p2a: AIDS|52/100|[from] Grassy Terrain
|-heal|p2a: AIDS|58/100|[from] item: Black Sludge
|upkeep
|turn|11
|inactive|jakkuza has 120 seconds left.
|
|t:|1760339890
|switch|p1a: Ditto|Ditto|65/100
|-damage|p1a: Ditto|52/100|[from] Stealth Rock
|move|p2a: AIDS|Will-O-Wisp|p1a: Ditto|[miss]
|-miss|p2a: AIDS|p1a: Ditto
|
|-heal|p1a: Ditto|58/100|[from] Grassy Terrain
|-heal|p2a: AIDS|64/100|[from] Grassy Terrain
|-heal|p2a: AIDS|70/100|[from] item: Black Sludge
|upkeep
|turn|12
|
|t:|1760339904
|switch|p1a: Garganacl|Garganacl, F|100/100
|-damage|p1a: Garganacl|88/100|[from] Stealth Rock
|move|p2a: AIDS|Will-O-Wisp|p1a: Garganacl
|-status|p1a: Garganacl|brn
|
|-heal|p2a: AIDS|76/100|[from] Grassy Terrain
|-heal|p2a: AIDS|82/100|[from] item: Black Sludge
|-heal|p1a: Garganacl|94/100 brn|[from] Grassy Terrain
|-heal|p1a: Garganacl|100/100 brn|[from] item: Leftovers
|-damage|p1a: Garganacl|94/100 brn|[from] brn
|-fieldend|move: Grassy Terrain
|upkeep
|turn|13
|
|t:|1760339922
|-end|p2a: AIDS|ability: Neutralizing Gas
|switch|p2a: Blood Pressure|Corviknight, M, tera:Fighting|24/100
|-ability|p2a: Blood Pressure|Pressure
|move|p1a: Garganacl|Salt Cure|p2a: Blood Pressure
|-resisted|p2a: Blood Pressure
|-damage|p2a: Blood Pressure|22/100
|-start|p2a: Blood Pressure|Salt Cure
|
|-heal|p1a: Garganacl|100/100 brn|[from] item: Leftovers
|-damage|p1a: Garganacl|94/100 brn|[from] brn
|-damage|p2a: Blood Pressure|10/100|[from] Salt Cure
|upkeep
|turn|14
|
|t:|1760339944
|move|p2a: Blood Pressure|Roost|p2a: Blood Pressure
|-heal|p2a: Blood Pressure|60/100
|move|p1a: Garganacl|Body Press|p2a: Blood Pressure
|-damage|p2a: Blood Pressure|53/100
|-damage|p1a: Garganacl|78/100 brn|[from] item: Rocky Helmet|[of] p2a: Blood Pressure
|
|-heal|p1a: Garganacl|84/100 brn|[from] item: Leftovers
|-damage|p1a: Garganacl|78/100 brn|[from] brn
|-damage|p2a: Blood Pressure|40/100|[from] Salt Cure
|upkeep
|turn|15
|inactive|jakkuza has 90 seconds left.
|
|t:|1760339969
|switch|p1a: Polteageist|Polteageist|100/100
|-damage|p1a: Polteageist|88/100|[from] Stealth Rock
|move|p2a: Blood Pressure|Roost|p2a: Blood Pressure
|-heal|p2a: Blood Pressure|90/100
|
|-damage|p2a: Blood Pressure|78/100|[from] Salt Cure
|upkeep
|turn|16
|
|t:|1760339984
|switch|p2a: Insulin Spike|Samurott-Hisui, F|100/100
|move|p1a: Polteageist|Shell Smash|p1a: Polteageist
|-unboost|p1a: Polteageist|def|1
|-unboost|p1a: Polteageist|spd|1
|-boost|p1a: Polteageist|atk|2
|-boost|p1a: Polteageist|spa|2
|-boost|p1a: Polteageist|spe|2
|-enditem|p1a: Polteageist|White Herb
|-clearnegativeboost|p1a: Polteageist|[silent]
|
|upkeep
|turn|17
|inactive|jakkuza has 90 seconds left.
|
|t:|1760339995
|move|p1a: Polteageist|Shadow Ball|p2a: Insulin Spike
|-resisted|p2a: Insulin Spike
|-damage|p2a: Insulin Spike|32/100
|move|p2a: Insulin Spike|Ceaseless Edge|p1a: Polteageist|[miss]
|-miss|p2a: Insulin Spike|p1a: Polteageist
|
|upkeep
|turn|18
|-message|Esiroi974 forfeited.
|
|win|jakkuza
|raw|jakkuza's rating: 1323 &rarr; <strong>1339</strong><br />(+16 for winning)
|raw|Esiroi974's rating: 1252 &rarr; <strong>1232</strong><br />(-20 for losing)
|l|☆Esiroi974
|player|p2|
|c|☆jakkuza|lmfao
|l|☆jakkuza
|player|p1|
