|j|☆ILESFM
|j|☆lote1
|t:|1760323658
|gametype|singles
|player|p1|ILESFM|scientist-gen4dp|1040
|player|p2|lote1|drayden|1039
|gen|9
|tier|[Gen 9] OU
|rated|
|rule|HP Percentage Mod: HP is shown in percentages
|rule|Endless Battle Clause: Forcing endless battles is banned
|rule|Species Clause: Limit one of each Pokémon
|rule|OHKO Clause: OHKO moves are banned
|rule|Evasion Items Clause: Evasion items are banned
|rule|Evasion Moves Clause: Evasion moves are banned
|rule|Evasion Abilities Clause: Evasion abilities are banned
|rule|Sleep Moves Clause: Sleep-inducing moves are banned
|clearpoke
|poke|p1|Electivire, F|
|poke|p1|Alomomola, F|
|poke|p1|Dragapult, F|
|poke|p1|Hydrapple, M|
|poke|p1|Great Tusk|
|poke|p1|Goodra-Hisui, M|
|poke|p2|Goodra-Hisui, M|
|poke|p2|Grimmsnarl, M|
|poke|p2|Ting-Lu|
|poke|p2|Cinderace, M|
|poke|p2|Meowscarada, F|
|poke|p2|Garganacl, F|
|teampreview
|inactive|Battle timer is ON: inactive players will automatically lose when time's up. (requested by lote1)
|
|t:|1760323681
|teamsize|p1|6
|teamsize|p2|6
|start
|switch|p1a: Goodra|Goodra-Hisui, M|100/100
|switch|p2a: Garganacl|Garganacl, F|100/100
|turn|1
|
|t:|1760323704
|switch|p2a: Ting-Lu|Ting-Lu|100/100
|-ability|p2a: Ting-Lu|Vessel of Ruin
|move|p1a: Goodra|Knock Off|p2a: Ting-Lu
|-resisted|p2a: Ting-Lu
|-damage|p2a: Ting-Lu|96/100
|-enditem|p2a: Ting-Lu|Leftovers|[from] move: Knock Off|[of] p1a: Goodra
|
|upkeep
|turn|2
|
|t:|1760323713
|switch|p1a: Alomomola|Alomomola, F|100/100
|move|p2a: Ting-Lu|Stealth Rock|p1a: Alomomola
|-sidestart|p1: ILESFM|move: Stealth Rock
|
|upkeep
|turn|3
|
|t:|1760323723
|switch|p2a: Grimmsnarl|Grimmsnarl, M|100/100
|move|p1a: Alomomola|Scald|p2a: Grimmsnarl
|-damage|p2a: Grimmsnarl|92/100
|-enditem|p2a: Grimmsnarl|Eject Button
|
|t:|1760323730
|switch|p2a: Meowscarada|Meowscarada, F|100/100
|
|upkeep
|turn|4
|
|t:|1760323738
|switch|p1a: Hydrapple|Hydrapple, M|100/100
|move|p2a: Meowscarada|Toxic Spikes|p1a: Hydrapple
|-start|p2a: Meowscarada|typechange|Poison|[from] ability: Protean
|-sidestart|p1: ILESFM|move: Toxic Spikes
|
|upkeep
|turn|5
|
|t:|1760323746
|move|p2a: Meowscarada|Knock Off|p1a: Hydrapple
|-damage|p1a: Hydrapple|80/100
|-enditem|p1a: Hydrapple|Heavy-Duty Boots|[from] move: Knock Off|[of] p2a: Meowscarada
|-damage|p2a: Meowscarada|91/100|[from] item: Life Orb
|move|p1a: Hydrapple|Earth Power|p2a: Meowscarada
|-supereffective|p2a: Meowscarada
|-damage|p2a: Meowscarada|10/100
|
|upkeep
|turn|6
|
|t:|1760323756
|switch|p1a: Great Tusk|Great Tusk|100/100
|move|p2a: Meowscarada|Triple Axel|p1a: Great Tusk
|-supereffective|p1a: Great Tusk
|-damage|p1a: Great Tusk|88/100
|-supereffective|p1a: Great Tusk
|-damage|p1a: Great Tusk|62/100
|-supereffective|p1a: Great Tusk
|-damage|p1a: Great Tusk|24/100
|-hitcount|p1a: Great Tusk|3
|-damage|p2a: Meowscarada|0 fnt|[from] item: Life Orb
|faint|p2a: Meowscarada
|
|upkeep
|
|t:|1760323771
|switch|p2a: Cinderace|Cinderace, M|100/100
|turn|7
|
|t:|1760323777
|-end|p1a: Great Tusk|Protosynthesis|[silent]
|switch|p1a: Alomomola|Alomomola, F|100/100
|move|p2a: Cinderace|High Jump Kick|p1a: Alomomola
|-start|p2a: Cinderace|typechange|Fighting|[from] ability: Libero
|-damage|p1a: Alomomola|67/100
|
|upkeep
|turn|8
|
|t:|1760323785
|move|p2a: Cinderace|U-turn|p1a: Alomomola
|-damage|p1a: Alomomola|55/100
|
|t:|1760323787
|switch|p2a: Grimmsnarl|Grimmsnarl, M|92/100|[from] U-turn
|move|p1a: Alomomola|Wish|p1a: Alomomola
|
|upkeep
|turn|9
|inactive|lote1 has 120 seconds left.
|
|t:|1760323822
|move|p2a: Grimmsnarl|Light Screen|p2a: Grimmsnarl
|-sidestart|p2: lote1|move: Light Screen
|move|p1a: Alomomola|Flip Turn|p2a: Grimmsnarl
|-damage|p2a: Grimmsnarl|71/100
|
|t:|1760323826
|switch|p1a: Great Tusk|Great Tusk|24/100|[from] Flip Turn
|
|-heal|p1a: Great Tusk|96/100|[from] move: Wish|[wisher] Alomomola
|upkeep
|turn|10
|inactive|lote1 has 120 seconds left.
|
|t:|1760323843
|move|p2a: Grimmsnarl|Parting Shot|p1a: Great Tusk
|-unboost|p1a: Great Tusk|atk|1
|-unboost|p1a: Great Tusk|spa|1
|inactive|lote1 has 120 seconds left.
|
|t:|1760323859
|switch|p2a: Ting-Lu|Ting-Lu|96/100|[from] Parting Shot
|-ability|p2a: Ting-Lu|Vessel of Ruin
|move|p1a: Great Tusk|Rapid Spin|p2a: Ting-Lu
|-damage|p2a: Ting-Lu|91/100
|-boost|p1a: Great Tusk|spe|1
|-sideend|p1: ILESFM|Toxic Spikes|[from] move: Rapid Spin|[of] p1a: Great Tusk
|-sideend|p1: ILESFM|Stealth Rock|[from] move: Rapid Spin|[of] p1a: Great Tusk
|
|upkeep
|turn|11
|
|t:|1760323871
|-end|p1a: Great Tusk|Protosynthesis|[silent]
|switch|p1a: Hydrapple|Hydrapple, M|100/100
|move|p2a: Ting-Lu|Whirlwind|p1a: Hydrapple
|drag|p1a: Great Tusk|Great Tusk|96/100
|
|upkeep
|turn|12
|
|t:|1760323878
|-end|p1a: Great Tusk|Protosynthesis|[silent]
|switch|p1a: Hydrapple|Hydrapple, M|100/100
|move|p2a: Ting-Lu|Ruination|p1a: Hydrapple
|-damage|p1a: Hydrapple|50/100
|
|upkeep
|turn|13
|inactive|lote1 has 120 seconds left.
|
|t:|1760323889
|switch|p2a: Grimmsnarl|Grimmsnarl, M|71/100
|move|p1a: Hydrapple|Nasty Plot|p1a: Hydrapple
|-boost|p1a: Hydrapple|spa|2
|
|-sideend|p2: lote1|move: Light Screen
|upkeep
|turn|14
|inactive|lote1 has 120 seconds left.
|
|t:|1760323902
|move|p2a: Grimmsnarl|Light Screen|p2a: Grimmsnarl
|-sidestart|p2: lote1|move: Light Screen
|move|p1a: Hydrapple|Giga Drain|p2a: Grimmsnarl
|-damage|p2a: Grimmsnarl|47/100
|-heal|p1a: Hydrapple|62/100|[from] drain|[of] p2a: Grimmsnarl
|
|upkeep
|turn|15
|inactive|lote1 has 120 seconds left.
|
|t:|1760323910
|switch|p1a: Alomomola|Alomomola, F|89/100
|move|p2a: Grimmsnarl|Parting Shot|p1a: Alomomola
|-unboost|p1a: Alomomola|atk|1
|-unboost|p1a: Alomomola|spa|1
|inactive|lote1 has 120 seconds left.
|
|t:|1760323922
|switch|p2a: Goodra|Goodra-Hisui, M|100/100|[from] Parting Shot
|
|upkeep
|turn|16
|inactive|lote1 has 120 seconds left.
|
|t:|1760323933
|switch|p1a: Great Tusk|Great Tusk|96/100
|move|p2a: Goodra|Thunderbolt|p1a: Great Tusk
|-immune|p1a: Great Tusk
|
|upkeep
|turn|17
|inactive|ILESFM has 120 seconds left.
|
|t:|1760323966
|switch|p2a: Garganacl|Garganacl, F|100/100
|move|p1a: Great Tusk|Headlong Rush|p2a: Garganacl
|-supereffective|p2a: Garganacl
|-damage|p2a: Garganacl|35/100
|-unboost|p1a: Great Tusk|def|1
|-unboost|p1a: Great Tusk|spd|1
|
|-heal|p2a: Garganacl|41/100|[from] item: Leftovers
|upkeep
|turn|18
|inactive|ILESFM has 120 seconds left.
|inactive|lote1 has 120 seconds left.
|
|t:|1760323999
|-terastallize|p2a: Garganacl|Rock
|move|p1a: Great Tusk|Headlong Rush|p2a: Garganacl
|-supereffective|p2a: Garganacl
|-damage|p2a: Garganacl|0 fnt
|-unboost|p1a: Great Tusk|def|1
|-unboost|p1a: Great Tusk|spd|1
|faint|p2a: Garganacl
|
|-sideend|p2: lote1|move: Light Screen
|upkeep
|-message|lote1 forfeited.
|
|win|ILESFM
|raw|ILESFM's rating: 1040 &rarr; <strong>1074</strong><br />(+34 for winning)
|raw|lote1's rating: 1039 &rarr; <strong>1023</strong><br />(-16 for losing)
|l|☆lote1
|player|p2|
