|j|☆Vuzi
|j|☆dedenne93
|t:|1760444811
|gametype|singles
|player|p1|Vuzi|102|1143
|player|p2|dedenne93|pokemaniac|1134
|gen|9
|tier|[Gen 9] OU
|rated|
|rule|HP Percentage Mod: HP is shown in percentages
|rule|Endless Battle Clause: Forcing endless battles is banned
|rule|Species Clause: Limit one of each Pokémon
|rule|OHKO Clause: OHKO moves are banned
|rule|Evasion Items Clause: Evasion items are banned
|rule|Evasion Moves Clause: Evasion moves are banned
|rule|Evasion Abilities Clause: Evasion abilities are banned
|rule|Sleep Moves Clause: Sleep-inducing moves are banned
|clearpoke
|poke|p1|Gliscor, M|
|poke|p1|Great Tusk|
|poke|p1|Iron Valiant|
|poke|p1|Kingambit, M|
|poke|p1|Kyurem|
|poke|p1|Raging Bolt|
|poke|p2|Amoonguss, M|
|poke|p2|Gliscor, M|
|poke|p2|Kyurem|
|poke|p2|Rotom-Wash|
|poke|p2|Hatterene, F|
|poke|p2|Dusclops, M|
|teampreview
|inactive|Battle timer is ON: inactive players will automatically lose when time's up. (requested by Vuzi)
|
|t:|1760444819
|teamsize|p1|6
|teamsize|p2|6
|start
|switch|p1a: Kyurem|Kyurem|100/100
|switch|p2a: Dusclops|Dusclops, M, shiny|100/100
|-ability|p1a: Kyurem|Pressure
|-item|p1a: Kyurem|Loaded Dice|[from] ability: Frisk|[of] p2a: Dusclops
|turn|1
|
|t:|1760444830
|move|p1a: Kyurem|Dragon Dance|p1a: Kyurem
|-boost|p1a: Kyurem|atk|1
|-boost|p1a: Kyurem|spe|1
|move|p2a: Dusclops|Will-O-Wisp|p1a: Kyurem
|-status|p1a: Kyurem|brn
|
|-damage|p1a: Kyurem|94/100 brn|[from] brn
|upkeep
|turn|2
|c|☆Vuzi|Gulp...
|
|t:|1760444844
|move|p1a: Kyurem|Dragon Dance|p1a: Kyurem
|-boost|p1a: Kyurem|atk|1
|-boost|p1a: Kyurem|spe|1
|move|p2a: Dusclops|Night Shade|p1a: Kyurem
|-damage|p1a: Kyurem|69/100 brn
|
|-damage|p1a: Kyurem|63/100 brn|[from] brn
|upkeep
|turn|3
|
|t:|1760444853
|move|p1a: Kyurem|Icicle Spear|p2a: Dusclops
|-damage|p2a: Dusclops|92/100
|-damage|p2a: Dusclops|84/100
|-crit|p2a: Dusclops
|-damage|p2a: Dusclops|72/100
|-damage|p2a: Dusclops|62/100
|-damage|p2a: Dusclops|54/100
|-hitcount|p2a: Dusclops|5
|move|p2a: Dusclops|Night Shade|p1a: Kyurem
|-damage|p1a: Kyurem|37/100 brn
|
|-damage|p1a: Kyurem|31/100 brn|[from] brn
|upkeep
|turn|4
|
|t:|1760444867
|move|p1a: Kyurem|Icicle Spear|p2a: Dusclops
|-damage|p2a: Dusclops|46/100
|-damage|p2a: Dusclops|37/100
|-damage|p2a: Dusclops|29/100
|-damage|p2a: Dusclops|20/100
|-damage|p2a: Dusclops|11/100
|-hitcount|p2a: Dusclops|5
|move|p2a: Dusclops|Rest|p2a: Dusclops
|-status|p2a: Dusclops|slp|[from] move: Rest
|-heal|p2a: Dusclops|100/100 slp|[silent]
|
|-damage|p1a: Kyurem|25/100 brn|[from] brn
|upkeep
|turn|5
|
|t:|1760444880
|move|p1a: Kyurem|Icicle Spear|p2a: Dusclops
|-damage|p2a: Dusclops|92/100 slp
|-damage|p2a: Dusclops|84/100 slp
|-damage|p2a: Dusclops|76/100 slp
|-damage|p2a: Dusclops|68/100 slp
|-damage|p2a: Dusclops|61/100 slp
|-hitcount|p2a: Dusclops|5
|cant|p2a: Dusclops|slp
|move|p2a: Dusclops|Sleep Talk|p2a: Dusclops
|move|p2a: Dusclops|Rest||[from] move: Sleep Talk|[still]
|-fail|p2a: Dusclops
|
|-damage|p1a: Kyurem|19/100 brn|[from] brn
|upkeep
|turn|6
|
|t:|1760444896
|move|p1a: Kyurem|Icicle Spear|p2a: Dusclops
|-damage|p2a: Dusclops|53/100 slp
|-damage|p2a: Dusclops|46/100 slp
|-damage|p2a: Dusclops|37/100 slp
|-damage|p2a: Dusclops|28/100 slp
|-hitcount|p2a: Dusclops|4
|cant|p2a: Dusclops|slp
|move|p2a: Dusclops|Sleep Talk|p2a: Dusclops
|move|p2a: Dusclops|Night Shade|p1a: Kyurem|[from] move: Sleep Talk
|-damage|p1a: Kyurem|0 fnt
|faint|p1a: Kyurem
|
|upkeep
|
|t:|1760444903
|switch|p1a: Kingambit|Kingambit, M|100/100
|-activate|p1a: Kingambit|ability: Supreme Overlord
|-start|p1a: Kingambit|fallen1|[silent]
|turn|7
|
|t:|1760444926
|switch|p2a: Amoonguss|Amoonguss, M, shiny|100/100
|move|p1a: Kingambit|Swords Dance|p1a: Kingambit
|-boost|p1a: Kingambit|atk|2
|
|upkeep
|turn|8
|
|t:|1760444936
|move|p1a: Kingambit|Kowtow Cleave|p2a: Amoonguss
|-damage|p2a: Amoonguss|0 fnt
|faint|p2a: Amoonguss
|
|upkeep
|
|t:|1760444946
|switch|p2a: Kyurem|Kyurem|100/100
|-ability|p2a: Kyurem|Pressure
|turn|9
|
|t:|1760444951
|move|p1a: Kingambit|Swords Dance|p1a: Kingambit
|-boost|p1a: Kingambit|atk|2
|move|p2a: Kyurem|Dragon Tail|p1a: Kingambit
|-resisted|p1a: Kingambit
|-damage|p1a: Kingambit|92/100
|-end|p1a: Kingambit|fallen1|[silent]
|drag|p1a: Great Tusk|Great Tusk|100/100
|
|upkeep
|turn|10
|
|t:|1760444962
|move|p1a: Great Tusk|Knock Off|p2a: Kyurem
|-damage|p2a: Kyurem|74/100
|-enditem|p2a: Kyurem|Heavy-Duty Boots|[from] move: Knock Off|[of] p1a: Great Tusk
|move|p2a: Kyurem|Ice Beam|p1a: Great Tusk
|-supereffective|p1a: Great Tusk
|-damage|p1a: Great Tusk|0 fnt
|faint|p1a: Great Tusk
|-end|p1a: Great Tusk|Protosynthesis|[silent]
|
|upkeep
|
|t:|1760444967
|switch|p1a: Iron Valiant|Iron Valiant|100/100
|turn|11
|
|t:|1760444980
|switch|p2a: Gliscor|Gliscor, M, shiny|100/100
|move|p1a: Iron Valiant|Moonblast|p2a: Gliscor
|-damage|p2a: Gliscor|15/100
|
|-status|p2a: Gliscor|tox|[from] item: Toxic Orb
|upkeep
|turn|12
|
|t:|1760444995
|switch|p2a: Hatterene|Hatterene, F|100/100
|move|p1a: Iron Valiant|Moonblast|p2a: Hatterene
|-damage|p2a: Hatterene|27/100
|
|-heal|p2a: Hatterene|33/100|[from] item: Leftovers
|upkeep
|turn|13
|inactive|dedenne93 has 120 seconds left.
|
|t:|1760445026
|-terastallize|p1a: Iron Valiant|Fairy
|move|p1a: Iron Valiant|Moonblast|p2a: Hatterene
|-damage|p2a: Hatterene|0 fnt
|faint|p2a: Hatterene
|
|upkeep
|
|t:|1760445034
|switch|p2a: Dusclops|Dusclops, M, shiny|28/100 slp
|-item|p1a: Iron Valiant|Choice Specs|[from] ability: Frisk|[of] p2a: Dusclops
|turn|14
|inactive|dedenne93 has 120 seconds left.
|
|t:|1760445041
|move|p1a: Iron Valiant|Moonblast|p2a: Dusclops
|-damage|p2a: Dusclops|0 fnt
|faint|p2a: Dusclops
|
|upkeep
|inactive|dedenne93 has 120 seconds left.
|
|t:|1760445052
|switch|p2a: Rotom|Rotom-Wash, shiny|100/100
|turn|15
|inactive|dedenne93 has 120 seconds left.
|
|t:|1760445061
|move|p1a: Iron Valiant|Moonblast|p2a: Rotom
|-damage|p2a: Rotom|0 fnt
|faint|p2a: Rotom
|
|upkeep
|inactive|dedenne93 has 120 seconds left.
|
|t:|1760445068
|switch|p2a: Gliscor|Gliscor, M, shiny|15/100 tox
|turn|16
|c|☆Vuzi|Well now u know ival runs thru ur team
|
|t:|1760445076
|move|p2a: Gliscor|Protect|p2a: Gliscor
|-singleturn|p2a: Gliscor|Protect
|move|p1a: Iron Valiant|Moonblast|p2a: Gliscor
|-activate|p2a: Gliscor|move: Protect
|
|-heal|p2a: Gliscor|27/100 tox|[from] ability: Poison Heal
|upkeep
|turn|17
|
|t:|1760445086
|move|p1a: Iron Valiant|Moonblast|p2a: Gliscor
|-damage|p2a: Gliscor|0 fnt
|faint|p2a: Gliscor
|
|upkeep
|
|t:|1760445092
|switch|p2a: Kyurem|Kyurem|74/100
|-ability|p2a: Kyurem|Pressure
|turn|18
|
|t:|1760445099
|move|p1a: Iron Valiant|Moonblast|p2a: Kyurem
|-supereffective|p2a: Kyurem
|-damage|p2a: Kyurem|0 fnt
|faint|p2a: Kyurem
|
|win|Vuzi
|raw|Vuzi's rating: 1116 &rarr; <strong>1142</strong><br />(+26 for winning)
|raw|dedenne93's rating: 1134 &rarr; <strong>1108</strong><br />(-26 for losing)
