|j|☆hbnjkm6666
|j|☆luca1996
|t:|1760458998
|gametype|singles
|player|p1|hbnjkm6666|bugcatcher-gen4dp|1263
|player|p2|luca1996|boarder|1280
|gen|9
|tier|[Gen 9] OU
|rated|
|rule|HP Percentage Mod: HP is shown in percentages
|rule|Endless Battle Clause: Forcing endless battles is banned
|rule|Species Clause: Limit one of each Pokémon
|rule|OHKO Clause: OHKO moves are banned
|rule|Evasion Items Clause: Evasion items are banned
|rule|Evasion Moves Clause: Evasion moves are banned
|rule|Evasion Abilities Clause: Evasion abilities are banned
|rule|Sleep Moves Clause: Sleep-inducing moves are banned
|clearpoke
|poke|p1|Kingambit, M|
|poke|p1|Glimmora, F|
|poke|p1|Ogerpon, F|
|poke|p1|Great Tusk|
|poke|p1|Heatran, F|
|poke|p1|Iron Valiant|
|poke|p2|Goodra, M|
|poke|p2|Snorlax, F|
|poke|p2|Primarina, F|
|poke|p2|Cinderace, F|
|poke|p2|Primeape, F|
|poke|p2|Iron Jugulis|
|teampreview
|inactive|Battle timer is ON: inactive players will automatically lose when time's up. (requested by luca1996)
|
|t:|1760459008
|teamsize|p1|6
|teamsize|p2|6
|start
|switch|p1a: Glimmora|Glimmora, F, shiny|100/100
|switch|p2a: Primeape|Primeape, F|100/100
|turn|1
|
|t:|1760459019
|move|p1a: Glimmora|Stealth Rock|p2a: Primeape
|-sidestart|p2: luca1996|move: Stealth Rock
|move|p2a: Primeape|Bulk Up|p2a: Primeape
|-boost|p2a: Primeape|atk|1
|-boost|p2a: Primeape|def|1
|
|upkeep
|turn|2
|
|t:|1760459034
|move|p1a: Glimmora|Mortal Spin|p2a: Primeape
|-damage|p2a: Primeape|97/100
|-status|p2a: Primeape|psn
|move|p2a: Primeape|Drain Punch|p1a: Glimmora
|-damage|p1a: Glimmora|46/100
|-heal|p2a: Primeape|100/100 psn|[from] drain|[of] p1a: Glimmora
|-activate|p1a: Glimmora|ability: Toxic Debris
|-sidestart|p2: luca1996|move: Toxic Spikes
|
|-damage|p2a: Primeape|88/100 psn|[from] psn
|upkeep
|turn|3
|
|t:|1760459042
|move|p1a: Glimmora|Sludge Bomb|p2a: Primeape
|-damage|p2a: Primeape|56/100 psn
|move|p2a: Primeape|Drain Punch|p1a: Glimmora
|-damage|p1a: Glimmora|0 fnt
|-heal|p2a: Primeape|77/100 psn|[from] drain|[of] p1a: Glimmora
|-activate|p1a: Glimmora|ability: Toxic Debris
|-sidestart|p2: luca1996|move: Toxic Spikes
|faint|p1a: Glimmora
|
|-damage|p2a: Primeape|64/100 psn|[from] psn
|upkeep
|
|t:|1760459052
|switch|p1a: Iron Valiant|Iron Valiant|100/100
|turn|4
|
|t:|1760459057
|move|p1a: Iron Valiant|Moonblast|p2a: Primeape
|-supereffective|p2a: Primeape
|-damage|p2a: Primeape|5/100 psn
|move|p2a: Primeape|Rage Fist|p1a: Iron Valiant
|-damage|p1a: Iron Valiant|1/100
|
|-damage|p2a: Primeape|0 fnt|[from] psn
|faint|p2a: Primeape
|upkeep
|
|t:|1760459065
|switch|p2a: Cinderace|Cinderace, F|100/100
|-damage|p2a: Cinderace|76/100|[from] Stealth Rock
|-status|p2a: Cinderace|tox
|turn|5
|
|t:|1760459074
|move|p2a: Cinderace|Pyro Ball|p1a: Iron Valiant
|-damage|p1a: Iron Valiant|0 fnt
|faint|p1a: Iron Valiant
|-end|p1a: Iron Valiant|Quark Drive|[silent]
|-damage|p2a: Cinderace|66/100 tox|[from] item: Life Orb
|
|-damage|p2a: Cinderace|60/100 tox|[from] psn
|upkeep
|
|t:|1760459080
|switch|p1a: Ogerpon|Ogerpon, F|100/100
|turn|6
|
|t:|1760459088
|-terastallize|p1a: Ogerpon|Grass
|detailschange|p1a: Ogerpon|Ogerpon-Teal-Tera, F, tera:Grass
|-ability|p1a: Ogerpon|Embody Aspect (Teal)|boost
|-boost|p1a: Ogerpon|spe|1
|move|p1a: Ogerpon|Knock Off|p2a: Cinderace
|-damage|p2a: Cinderace|0 fnt
|-enditem|p2a: Cinderace|Life Orb|[from] move: Knock Off|[of] p1a: Ogerpon
|faint|p2a: Cinderace
|-damage|p1a: Ogerpon|91/100|[from] item: Life Orb
|
|upkeep
|
|t:|1760459092
|switch|p2a: Iron Jugulis|Iron Jugulis|100/100
|-damage|p2a: Iron Jugulis|76/100|[from] Stealth Rock
|turn|7
|
|t:|1760459103
|move|p1a: Ogerpon|Play Rough|p2a: Iron Jugulis|[miss]
|-miss|p1a: Ogerpon|p2a: Iron Jugulis
|move|p2a: Iron Jugulis|Tailwind|p2a: Iron Jugulis
|-sidestart|p2: luca1996|move: Tailwind
|
|upkeep
|turn|8
|
|t:|1760459120
|switch|p1a: Heatran|Heatran, F|100/100
|move|p2a: Iron Jugulis|Air Slash|p1a: Heatran
|-resisted|p1a: Heatran
|-damage|p1a: Heatran|88/100
|
|upkeep
|turn|9
|
|t:|1760459129
|move|p2a: Iron Jugulis|Meteor Beam||[still]
|-prepare|p2a: Iron Jugulis|Meteor Beam
|-boost|p2a: Iron Jugulis|spa|1
|-enditem|p2a: Iron Jugulis|Power Herb
|-anim|p2a: Iron Jugulis|Meteor Beam|p1a: Heatran
|-damage|p1a: Heatran|50/100
|move|p1a: Heatran|Magma Storm|p2a: Iron Jugulis|[miss]
|-miss|p1a: Heatran|p2a: Iron Jugulis
|
|upkeep
|turn|10
|
|t:|1760459139
|move|p2a: Iron Jugulis|Dark Pulse|p1a: Heatran
|-damage|p1a: Heatran|7/100
|move|p1a: Heatran|Earth Power|p2a: Iron Jugulis
|-immune|p2a: Iron Jugulis
|
|-sideend|p2: luca1996|move: Tailwind
|upkeep
|turn|11
|
|t:|1760459149
|move|p2a: Iron Jugulis|Tailwind|p2a: Iron Jugulis
|-sidestart|p2: luca1996|move: Tailwind
|move|p1a: Heatran|Power Gem|p2a: Iron Jugulis
|-supereffective|p2a: Iron Jugulis
|-damage|p2a: Iron Jugulis|4/100
|
|upkeep
|turn|12
|
|t:|1760459153
|move|p2a: Iron Jugulis|Dark Pulse|p1a: Heatran
|-damage|p1a: Heatran|0 fnt
|faint|p1a: Heatran
|
|upkeep
|
|t:|1760459164
|switch|p1a: Kingambit|Kingambit, M|100/100
|-activate|p1a: Kingambit|ability: Supreme Overlord
|-start|p1a: Kingambit|fallen3|[silent]
|-item|p1a: Kingambit|Air Balloon
|turn|13
|
|t:|1760459166
|move|p1a: Kingambit|Sucker Punch|p2a: Iron Jugulis
|-resisted|p2a: Iron Jugulis
|-damage|p2a: Iron Jugulis|0 fnt
|faint|p2a: Iron Jugulis
|-end|p2a: Iron Jugulis|Quark Drive|[silent]
|
|upkeep
|
|t:|1760459170
|switch|p2a: Goodra|Goodra, M|100/100
|-damage|p2a: Goodra|88/100|[from] Stealth Rock
|-status|p2a: Goodra|tox
|turn|14
|
|t:|1760459179
|move|p2a: Goodra|Fire Blast|p1a: Kingambit
|-supereffective|p1a: Kingambit
|-damage|p1a: Kingambit|32/100
|-enditem|p1a: Kingambit|Air Balloon
|move|p1a: Kingambit|Swords Dance|p1a: Kingambit
|-boost|p1a: Kingambit|atk|2
|
|-damage|p2a: Goodra|82/100 tox|[from] psn
|-sideend|p2: luca1996|move: Tailwind
|upkeep
|turn|15
|
|t:|1760459186
|move|p1a: Kingambit|Sucker Punch|p2a: Goodra
|-damage|p2a: Goodra|0 fnt
|-ability|p2a: Goodra|Gooey
|-unboost|p1a: Kingambit|spe|1
|faint|p2a: Goodra
|
|upkeep
|
|t:|1760459190
|switch|p2a: Primarina|Primarina, F|100/100
|-damage|p2a: Primarina|88/100|[from] Stealth Rock
|-status|p2a: Primarina|tox
|turn|16
|
|t:|1760459196
|move|p1a: Kingambit|Sucker Punch|p2a: Primarina
|-resisted|p2a: Primarina
|-damage|p2a: Primarina|21/100 tox
|move|p2a: Primarina|Moonblast|p1a: Kingambit
|-damage|p1a: Kingambit|0 fnt
|faint|p1a: Kingambit
|-end|p1a: Kingambit|fallen3|[silent]
|
|-heal|p2a: Primarina|27/100 tox|[from] item: Leftovers
|-damage|p2a: Primarina|21/100 tox|[from] psn
|upkeep
|
|t:|1760459199
|switch|p1a: Ogerpon|Ogerpon-Teal-Tera, F, tera:Grass|91/100
|-ability|p1a: Ogerpon|Embody Aspect (Teal)|boost
|-boost|p1a: Ogerpon|spe|1
|turn|17
|
|t:|1760459202
|move|p1a: Ogerpon|Ivy Cudgel|p2a: Primarina
|-supereffective|p2a: Primarina
|-damage|p2a: Primarina|0 fnt
|faint|p2a: Primarina
|-damage|p1a: Ogerpon|81/100|[from] item: Life Orb
|
|upkeep
|
|t:|1760459204
|switch|p2a: Snorlax|Snorlax, F|100/100
|-damage|p2a: Snorlax|88/100|[from] Stealth Rock
|turn|18
|
|t:|1760459207
|move|p1a: Ogerpon|Ivy Cudgel|p2a: Snorlax
|-damage|p2a: Snorlax|11/100
|-damage|p1a: Ogerpon|71/100|[from] item: Life Orb
|move|p2a: Snorlax|Heat Crash|p1a: Ogerpon
|-supereffective|p1a: Ogerpon
|-damage|p1a: Ogerpon|0 fnt
|faint|p1a: Ogerpon
|detailschange|p1: Ogerpon|Ogerpon, F|[silent]
|
|-heal|p2a: Snorlax|17/100|[from] item: Leftovers
|upkeep
|
|t:|1760459211
|switch|p1a: Great Tusk|Great Tusk|100/100
|turn|19
|
|t:|1760459213
|-terastallize|p2a: Snorlax|Ghost
|move|p1a: Great Tusk|Close Combat|p2a: Snorlax
|-immune|p2a: Snorlax
|move|p2a: Snorlax|Body Slam|p1a: Great Tusk
|-damage|p1a: Great Tusk|81/100
|
|-heal|p2a: Snorlax|23/100|[from] item: Leftovers
|upkeep
|turn|20
|
|t:|1760459216
|move|p1a: Great Tusk|Headlong Rush|p2a: Snorlax
|-damage|p2a: Snorlax|0 fnt
|-unboost|p1a: Great Tusk|def|1
|-unboost|p1a: Great Tusk|spd|1
|faint|p2a: Snorlax
|
|win|hbnjkm6666
|raw|hbnjkm6666's rating: 1263 &rarr; <strong>1289</strong><br />(+26 for winning)
|raw|luca1996's rating: 1280 &rarr; <strong>1254</strong><br />(-26 for losing)
|l|☆luca1996
|player|p2|
|l|☆hbnjkm6666
|player|p1|
