|j|☆smithy cool
|j|☆ultra kay
|t:|1760381544
|gametype|singles
|player|p1|smithy cool|102|1593
|player|p2|ultra kay|102|1572
|gen|9
|tier|[Gen 9] OU
|rated|
|rule|HP Percentage Mod: HP is shown in percentages
|rule|Endless Battle Clause: Forcing endless battles is banned
|rule|Species Clause: Limit one of each Pokémon
|rule|OHKO Clause: OHKO moves are banned
|rule|Evasion Items Clause: Evasion items are banned
|rule|Evasion Moves Clause: Evasion moves are banned
|rule|Evasion Abilities Clause: Evasion abilities are banned
|rule|Sleep Moves Clause: Sleep-inducing moves are banned
|clearpoke
|poke|p1|Ribombee, F|
|poke|p1|Gholdengo|
|poke|p1|Manaphy|
|poke|p1|Dragonite, M|
|poke|p1|Kyurem|
|poke|p1|Landorus-Therian, M|
|poke|p2|Espeon, M|
|poke|p2|Great Tusk|
|poke|p2|Dragonite, F|
|poke|p2|Primarina, F|
|poke|p2|Kingambit, M|
|poke|p2|Dragapult, M|
|teampreview
|inactive|Battle timer is ON: inactive players will automatically lose when time's up. (requested by smithy cool)
|
|t:|1760381557
|teamsize|p1|6
|teamsize|p2|6
|start
|switch|p1a: Ribombee|Ribombee, F|100/100
|switch|p2a: Primarina|Primarina, F|100/100
|turn|1
|
|t:|1760381562
|move|p1a: Ribombee|Skill Swap|p2a: Primarina
|-activate|p1a: Ribombee|move: Skill Swap|Torrent|Shield Dust|[of] p2a: Primarina
|move|p2a: Primarina|Sparkling Aria|p1a: Ribombee
|-damage|p1a: Ribombee|5/100
|
|upkeep
|turn|2
|
|t:|1760381568
|move|p2a: Primarina|Aqua Jet|p1a: Ribombee
|-damage|p1a: Ribombee|0 fnt
|faint|p1a: Ribombee
|
|upkeep
|
|t:|1760381576
|switch|p1a: Gholdengo|Gholdengo|100/100
|-item|p1a: Gholdengo|Air Balloon
|turn|3
|
|t:|1760381594
|move|p1a: Gholdengo|Nasty Plot|p1a: Gholdengo
|-boost|p1a: Gholdengo|spa|2
|move|p2a: Primarina|Sparkling Aria|p1a: Gholdengo
|-crit|p1a: Gholdengo
|-damage|p1a: Gholdengo|31/100
|-enditem|p1a: Gholdengo|Air Balloon
|
|upkeep
|turn|4
|
|t:|1760381601
|move|p1a: Gholdengo|Make It Rain|p2a: Primarina
|-damage|p2a: Primarina|31/100
|-unboost|p1a: Gholdengo|spa|1
|move|p2a: Primarina|Sparkling Aria|p1a: Gholdengo
|-damage|p1a: Gholdengo|0 fnt
|faint|p1a: Gholdengo
|
|upkeep
|
|t:|1760381607
|switch|p1a: Manaphy|Manaphy|100/100
|turn|5
|
|t:|1760381621
|move|p1a: Manaphy|Tail Glow|p1a: Manaphy
|-boost|p1a: Manaphy|spa|3
|move|p2a: Primarina|Flip Turn|p1a: Manaphy
|-resisted|p1a: Manaphy
|-damage|p1a: Manaphy|93/100
|
|t:|1760381630
|switch|p2a: Dragapult|Dragapult, M|100/100|[from] Flip Turn
|
|upkeep
|turn|6
|
|t:|1760381635
|move|p2a: Dragapult|Draco Meteor|p1a: Manaphy
|-damage|p1a: Manaphy|13/100
|-unboost|p2a: Dragapult|spa|2
|move|p1a: Manaphy|Alluring Voice|p2a: Dragapult
|-supereffective|p2a: Dragapult
|-damage|p2a: Dragapult|0 fnt
|faint|p2a: Dragapult
|
|upkeep
|
|t:|1760381645
|switch|p2a: Espeon|Espeon, M|100/100
|turn|7
|
|t:|1760381647
|move|p2a: Espeon|Psychic|p1a: Manaphy
|-damage|p1a: Manaphy|0 fnt
|faint|p1a: Manaphy
|
|upkeep
|
|t:|1760381649
|switch|p1a: Kyurem|Kyurem|100/100
|-ability|p1a: Kyurem|Pressure
|turn|8
|
|t:|1760381656
|move|p2a: Espeon|Psychic|p1a: Kyurem
|-damage|p1a: Kyurem|58/100
|move|p1a: Kyurem|Dragon Dance|p1a: Kyurem
|-boost|p1a: Kyurem|atk|1
|-boost|p1a: Kyurem|spe|1
|
|upkeep
|turn|9
|
|t:|1760381661
|move|p2a: Espeon|Psychic|p1a: Kyurem
|-damage|p1a: Kyurem|15/100
|move|p1a: Kyurem|Icicle Spear|p2a: Espeon
|-damage|p2a: Espeon|60/100
|-damage|p2a: Espeon|25/100
|-damage|p2a: Espeon|0 fnt
|faint|p2a: Espeon
|-hitcount|p2: Espeon|3
|
|upkeep
|
|t:|1760381668
|switch|p2a: Dragonite|Dragonite, F|100/100
|turn|10
|
|t:|1760381672
|move|p2a: Dragonite|Extreme Speed|p1a: Kyurem
|-damage|p1a: Kyurem|0 fnt
|faint|p1a: Kyurem
|
|upkeep
|
|t:|1760381674
|switch|p1a: Landorus|Landorus-Therian, M|100/100
|-ability|p1a: Landorus|Intimidate|boost
|-unboost|p2a: Dragonite|atk|1
|turn|11
|
|t:|1760381678
|switch|p2a: Great Tusk|Great Tusk|100/100
|-enditem|p2a: Great Tusk|Booster Energy
|-activate|p2a: Great Tusk|ability: Protosynthesis|[fromitem]
|-start|p2a: Great Tusk|protosynthesisatk
|move|p1a: Landorus|Taunt|p2a: Great Tusk
|-start|p2a: Great Tusk|move: Taunt
|
|upkeep
|turn|12
|
|t:|1760381681
|move|p1a: Landorus|Swords Dance|p1a: Landorus
|-boost|p1a: Landorus|atk|2
|move|p2a: Great Tusk|Rapid Spin|p1a: Landorus
|-damage|p1a: Landorus|73/100
|-boost|p2a: Great Tusk|spe|1
|
|upkeep
|turn|13
|
|t:|1760381686
|-terastallize|p1a: Landorus|Ground
|move|p2a: Great Tusk|Ice Spinner|p1a: Landorus
|-supereffective|p1a: Landorus
|-damage|p1a: Landorus|0 fnt
|faint|p1a: Landorus
|
|-end|p2a: Great Tusk|move: Taunt
|upkeep
|-message|smithy cool forfeited.
|
|win|ultra kay
|raw|smithy cool's rating: 1593 &rarr; <strong>1572</strong><br />(-21 for losing)
|raw|ultra kay's rating: 1572 &rarr; <strong>1593</strong><br />(+21 for winning)
|l|☆smithy cool
|player|p1|
|l|☆ultra kay
|player|p2|
