|j|☆Potential Man
|j|☆KV959vv
|t:|1760315300
|gametype|singles
|player|p1|Potential Man|brock-gen2|1547
|player|p2|KV959vv|wallace|1571
|gen|9
|tier|[Gen 9] OU
|rated|
|rule|HP Percentage Mod: HP is shown in percentages
|rule|Endless Battle Clause: Forcing endless battles is banned
|rule|Species Clause: Limit one of each Pokémon
|rule|OHKO Clause: OHKO moves are banned
|rule|Evasion Items Clause: Evasion items are banned
|rule|Evasion Moves Clause: Evasion moves are banned
|rule|Evasion Abilities Clause: Evasion abilities are banned
|rule|Sleep Moves Clause: Sleep-inducing moves are banned
|clearpoke
|poke|p1|Toxtricity, F|
|poke|p1|Landorus-Therian, M|
|poke|p1|Kingambit, F|
|poke|p1|Dragonite, M|
|poke|p1|Primarina, M|
|poke|p1|Iron Treads|
|poke|p2|Primarina, F|
|poke|p2|Great Tusk|
|poke|p2|Kingambit, M|
|poke|p2|Slowking-Galar, M|
|poke|p2|Ogerpon, F|
|poke|p2|Iron Valiant|
|teampreview
|inactive|Battle timer is ON: inactive players will automatically lose when time's up. (requested by Potential Man)
|
|t:|1760315336
|teamsize|p1|6
|teamsize|p2|6
|start
|switch|p1a: Bad Amp|Toxtricity, F, shiny|100/100
|switch|p2a: Ogerpon|Ogerpon, F|100/100
|turn|1
|
|t:|1760315366
|move|p2a: Ogerpon|U-turn|p1a: Bad Amp
|-resisted|p1a: Bad Amp
|-damage|p1a: Bad Amp|73/100
|inactive|KV959vv has 120 seconds left.
|
|t:|1760315379
|switch|p2a: Slowking|Slowking-Galar, M, shiny|100/100|[from] U-turn
|move|p1a: Bad Amp|Boomburst|p2a: Slowking
|-damage|p2a: Slowking|52/100
|
|upkeep
|turn|2
|inactive|KV959vv has 120 seconds left.
|
|t:|1760315401
|-terastallize|p1a: Bad Amp|Normal
|move|p1a: Bad Amp|Boomburst|p2a: Slowking
|-damage|p2a: Slowking|0 fnt
|faint|p2a: Slowking
|
|upkeep
|
|t:|1760315413
|switch|p2a: Ogerpon|Ogerpon, F|100/100
|turn|3
|
|t:|1760315418
|switch|p1a: Kingambit|Kingambit, F|100/100
|move|p2a: Ogerpon|Ivy Cudgel|p1a: Kingambit
|-resisted|p1a: Kingambit
|-damage|p1a: Kingambit|76/100
|
|upkeep
|turn|4
|
|t:|1760315426
|switch|p2a: Great Tusk|Great Tusk|100/100
|-end|p1a: Kingambit|fallenundefined|[silent]
|switch|p1a: Primarina|Primarina, M|100/100
|
|upkeep
|turn|5
|inactive|KV959vv has 120 seconds left.
|
|t:|1760315443
|move|p2a: Great Tusk|Headlong Rush|p1a: Primarina
|-damage|p1a: Primarina|21/100
|-unboost|p2a: Great Tusk|def|1
|-unboost|p2a: Great Tusk|spd|1
|move|p1a: Primarina|Moonblast|p2a: Great Tusk
|-supereffective|p2a: Great Tusk
|-damage|p2a: Great Tusk|0 fnt
|faint|p2a: Great Tusk
|-end|p2a: Great Tusk|Protosynthesis|[silent]
|
|upkeep
|inactive|KV959vv has 120 seconds left.
|
|t:|1760315463
|switch|p2a: Primarina|Primarina, F, shiny|100/100
|turn|6
|
|t:|1760315470
|move|p2a: Primarina|Moonblast|p1a: Primarina
|-damage|p1a: Primarina|0 fnt
|faint|p1a: Primarina
|
|upkeep
|
|t:|1760315473
|switch|p1a: Bad Amp|Toxtricity, F, shiny, tera:Normal|73/100
|turn|7
|inactive|KV959vv has 120 seconds left.
|
|t:|1760315484
|move|p1a: Bad Amp|Overdrive|p2a: Primarina
|-supereffective|p2a: Primarina
|-damage|p2a: Primarina|0 fnt
|faint|p2a: Primarina
|
|upkeep
|inactive|KV959vv has 120 seconds left.
|
|t:|1760315491
|switch|p2a: Ogerpon|Ogerpon, F|100/100
|turn|8
|
|t:|1760315494
|move|p2a: Ogerpon|Low Kick|p1a: Bad Amp
|-supereffective|p1a: Bad Amp
|-damage|p1a: Bad Amp|0 fnt
|faint|p1a: Bad Amp
|
|upkeep
|
|t:|1760315502
|switch|p1a: Dragonite|Dragonite, M|100/100
|turn|9
|
|t:|1760315507
|switch|p2a: Iron Valiant|Iron Valiant|100/100
|-enditem|p2a: Iron Valiant|Booster Energy
|-activate|p2a: Iron Valiant|ability: Quark Drive|[fromitem]
|-start|p2a: Iron Valiant|quarkdrivespe
|move|p1a: Dragonite|Dragon Dance|p1a: Dragonite
|-boost|p1a: Dragonite|atk|1
|-boost|p1a: Dragonite|spe|1
|
|upkeep
|turn|10
|
|t:|1760315517
|move|p1a: Dragonite|Extreme Speed|p2a: Iron Valiant
|-damage|p2a: Iron Valiant|39/100
|move|p2a: Iron Valiant|Encore|p1a: Dragonite
|-start|p1a: Dragonite|Encore
|
|upkeep
|turn|11
|
|t:|1760315524
|-end|p2a: Iron Valiant|Quark Drive|[silent]
|switch|p2a: Kingambit|Kingambit, M, shiny|100/100
|-activate|p2a: Kingambit|ability: Supreme Overlord
|-start|p2a: Kingambit|fallen3|[silent]
|move|p1a: Dragonite|Extreme Speed|p2a: Kingambit
|-resisted|p2a: Kingambit
|-damage|p2a: Kingambit|84/100
|
|-heal|p2a: Kingambit|90/100|[from] item: Leftovers
|upkeep
|turn|12
|
|t:|1760315537
|switch|p1a: T.M. Opera O|Landorus-Therian, M|100/100
|-ability|p1a: T.M. Opera O|Intimidate|boost
|-unboost|p2a: Kingambit|atk|1
|move|p2a: Kingambit|Swords Dance|p2a: Kingambit
|-boost|p2a: Kingambit|atk|2
|
|-heal|p2a: Kingambit|96/100|[from] item: Leftovers
|upkeep
|turn|13
|
|t:|1760315552
|move|p1a: T.M. Opera O|Earthquake|p2a: Kingambit
|-supereffective|p2a: Kingambit
|-damage|p2a: Kingambit|8/100
|move|p2a: Kingambit|Swords Dance|p2a: Kingambit
|-boost|p2a: Kingambit|atk|2
|
|-heal|p2a: Kingambit|14/100|[from] item: Leftovers
|upkeep
|turn|14
|
|t:|1760315564
|move|p2a: Kingambit|Sucker Punch|p1a: T.M. Opera O
|-damage|p1a: T.M. Opera O|0 fnt
|faint|p1a: T.M. Opera O
|
|-heal|p2a: Kingambit|20/100|[from] item: Leftovers
|upkeep
|
|t:|1760315569
|switch|p1a: Dragonite|Dragonite, M|100/100
|turn|15
|
|t:|1760315579
|-terastallize|p2a: Kingambit|Ghost
|move|p1a: Dragonite|Earthquake|p2a: Kingambit
|-damage|p2a: Kingambit|0 fnt
|faint|p2a: Kingambit
|-end|p2a: Kingambit|fallen3|[silent]
|
|upkeep
|
|t:|1760315586
|switch|p2a: Iron Valiant|Iron Valiant|39/100
|turn|16
|
|t:|1760315596
|switch|p1a: Kingambit|Kingambit, F|76/100
|-activate|p1a: Kingambit|ability: Supreme Overlord
|-start|p1a: Kingambit|fallen3|[silent]
|move|p2a: Iron Valiant|Moonblast|p1a: Kingambit
|-damage|p1a: Kingambit|31/100
|
|upkeep
|turn|17
|
|t:|1760315606
|move|p1a: Kingambit|Sucker Punch|p2a: Iron Valiant
|-resisted|p2a: Iron Valiant
|-damage|p2a: Iron Valiant|20/100
|move|p2a: Iron Valiant|Moonblast|p1a: Kingambit
|-damage|p1a: Kingambit|0 fnt
|faint|p1a: Kingambit
|-end|p1a: Kingambit|fallen3|[silent]
|
|upkeep
|
|t:|1760315611
|switch|p1a: Dragonite|Dragonite, M|100/100
|turn|18
|
|t:|1760315615
|move|p1a: Dragonite|Extreme Speed|p2a: Iron Valiant
|-damage|p2a: Iron Valiant|0 fnt
|faint|p2a: Iron Valiant
|-end|p2a: Iron Valiant|Quark Drive|[silent]
|
|upkeep
|
|t:|1760315619
|switch|p2a: Ogerpon|Ogerpon, F|100/100
|turn|19
|
|t:|1760315624
|move|p1a: Dragonite|Extreme Speed|p2a: Ogerpon
|-damage|p2a: Ogerpon|56/100
|move|p2a: Ogerpon|Knock Off|p1a: Dragonite
|-damage|p1a: Dragonite|76/100
|-enditem|p1a: Dragonite|Heavy-Duty Boots|[from] move: Knock Off|[of] p2a: Ogerpon
|
|upkeep
|turn|20
|-message|KV959vv forfeited.
|
|win|Potential Man
|raw|Potential Man's rating: 1547 &rarr; <strong>1568</strong><br />(+21 for winning)
|raw|KV959vv's rating: 1571 &rarr; <strong>1550</strong><br />(-21 for losing)
|l|☆KV959vv
|player|p2|
