|j|☆henry151th
|j|☆CyborgParrot127
|t:|1760353488
|gametype|singles
|player|p1|henry151th|wallace|1710
|player|p2|CyborgParrot127|101|1650
|gen|9
|tier|[Gen 9] OU
|rated|
|rule|HP Percentage Mod: HP is shown in percentages
|rule|Endless Battle Clause: Forcing endless battles is banned
|rule|Species Clause: Limit one of each Pokémon
|rule|OHKO Clause: OHKO moves are banned
|rule|Evasion Items Clause: Evasion items are banned
|rule|Evasion Moves Clause: Evasion moves are banned
|rule|Evasion Abilities Clause: Evasion abilities are banned
|rule|Sleep Moves Clause: Sleep-inducing moves are banned
|clearpoke
|poke|p1|Zapdos|
|poke|p1|Iron Valiant|
|poke|p1|Great Tusk|
|poke|p1|Alomomola, F|
|poke|p1|Slowking-Galar, M|
|poke|p1|Cinderace, F|
|poke|p2|Weavile, M|
|poke|p2|Raging Bolt|
|poke|p2|Landorus-Therian, M|
|poke|p2|Great Tusk|
|poke|p2|Pecharunt|
|poke|p2|Moltres|
|teampreview
|
|t:|1760353503
|teamsize|p1|6
|teamsize|p2|6
|start
|switch|p1a: Slowking|Slowking-Galar, M|100/100
|switch|p2a: Raging Bolt|Raging Bolt|100/100
|turn|1
|
|t:|1760353508
|move|p2a: Raging Bolt|Volt Switch|p1a: Slowking
|-damage|p1a: Slowking|53/100
|
|t:|1760353512
|-end|p2a: Raging Bolt|Protosynthesis|[silent]
|switch|p2a: Moltres|Moltres|100/100|[from] Volt Switch
|move|p1a: Slowking|Ice Beam|p2a: Moltres
|-damage|p2a: Moltres|85/100
|
|upkeep
|turn|2
|
|t:|1760353516
|move|p2a: Moltres|U-turn|p1a: Slowking
|-damage|p1a: Slowking|42/100
|
|t:|1760353519
|switch|p2a: Landorus|Landorus-Therian, M|100/100|[from] U-turn
|-ability|p2a: Landorus|Intimidate|boost
|-unboost|p1a: Slowking|atk|1
|move|p1a: Slowking|Sludge Bomb|p2a: Landorus
|-resisted|p2a: Landorus
|-damage|p2a: Landorus|74/100
|-status|p2a: Landorus|psn
|
|-damage|p2a: Landorus|62/100 psn|[from] psn
|upkeep
|turn|3
|
|t:|1760353524
|move|p2a: Landorus|U-turn|p1a: Slowking
|-damage|p1a: Slowking|24/100
|
|t:|1760353530
|switch|p2a: Moltres|Moltres|85/100|[from] U-turn
|move|p1a: Slowking|Ice Beam|p2a: Moltres
|-damage|p2a: Moltres|70/100
|
|upkeep
|turn|4
|
|t:|1760353533
|switch|p1a: Alomomola|Alomomola, F|100/100
|move|p2a: Moltres|Flamethrower|p1a: Alomomola
|-resisted|p1a: Alomomola
|-damage|p1a: Alomomola|91/100
|
|upkeep
|turn|5
|
|t:|1760353536
|move|p2a: Moltres|Roost|p2a: Moltres
|-heal|p2a: Moltres|100/100
|-singleturn|p2a: Moltres|move: Roost
|move|p1a: Alomomola|Flip Turn|p2a: Moltres
|-supereffective|p2a: Moltres
|-damage|p2a: Moltres|68/100
|
|t:|1760353538
|switch|p1a: Slowking|Slowking-Galar, M|58/100|[from] Flip Turn
|
|upkeep
|turn|6
|
|t:|1760353541
|move|p2a: Moltres|Flamethrower|p1a: Slowking
|-damage|p1a: Slowking|29/100
|move|p1a: Slowking|Sludge Bomb|p2a: Moltres
|-damage|p2a: Moltres|44/100
|
|upkeep
|turn|7
|
|t:|1760353545
|move|p2a: Moltres|Roost|p2a: Moltres
|-heal|p2a: Moltres|94/100
|-singleturn|p2a: Moltres|move: Roost
|move|p1a: Slowking|Sludge Bomb|p2a: Moltres
|-damage|p2a: Moltres|68/100
|
|upkeep
|turn|8
|
|t:|1760353549
|switch|p1a: Alomomola|Alomomola, F|100/100
|move|p2a: Moltres|U-turn|p1a: Alomomola
|-damage|p1a: Alomomola|90/100
|
|t:|1760353552
|switch|p2a: Raging Bolt|Raging Bolt|100/100|[from] U-turn
|
|upkeep
|turn|9
|
|t:|1760353556
|move|p2a: Raging Bolt|Thunderbolt|p1a: Alomomola
|-supereffective|p1a: Alomomola
|-damage|p1a: Alomomola|12/100
|move|p1a: Alomomola|Mirror Coat|p2a: Raging Bolt
|-damage|p2a: Raging Bolt|0 fnt
|faint|p2a: Raging Bolt
|-end|p2a: Raging Bolt|Protosynthesis|[silent]
|
|upkeep
|
|t:|1760353569
|switch|p2a: Weavile|Weavile, M|100/100
|-ability|p2a: Weavile|Pressure
|turn|10
|
|t:|1760353603
|switch|p1a: Zapdos|Zapdos|100/100
|move|p2a: Weavile|Triple Axel|p1a: Zapdos
|-supereffective|p1a: Zapdos
|-damage|p1a: Zapdos|86/100
|-damage|p2a: Weavile|84/100|[from] item: Rocky Helmet|[of] p1a: Zapdos
|-supereffective|p1a: Zapdos
|-damage|p1a: Zapdos|56/100
|-damage|p2a: Weavile|68/100|[from] item: Rocky Helmet|[of] p1a: Zapdos
|-status|p2a: Weavile|par|[from] ability: Static|[of] p1a: Zapdos
|-hitcount|p1a: Zapdos|2
|
|upkeep
|turn|11
|
|t:|1760353615
|move|p1a: Zapdos|Roost|p1a: Zapdos
|-heal|p1a: Zapdos|100/100
|-singleturn|p1a: Zapdos|move: Roost
|move|p2a: Weavile|Triple Axel|p1a: Zapdos
|-damage|p1a: Zapdos|93/100
|-damage|p2a: Weavile|51/100 par|[from] item: Rocky Helmet|[of] p1a: Zapdos
|-damage|p1a: Zapdos|79/100
|-damage|p2a: Weavile|35/100 par|[from] item: Rocky Helmet|[of] p1a: Zapdos
|-damage|p1a: Zapdos|58/100
|-damage|p2a: Weavile|19/100 par|[from] item: Rocky Helmet|[of] p1a: Zapdos
|-hitcount|p1a: Zapdos|3
|
|upkeep
|turn|12
|
|t:|1760353624
|move|p2a: Weavile|Ice Shard|p1a: Zapdos
|-supereffective|p1a: Zapdos
|-damage|p1a: Zapdos|31/100
|move|p1a: Zapdos|Roost|p1a: Zapdos
|-heal|p1a: Zapdos|81/100
|-singleturn|p1a: Zapdos|move: Roost
|
|upkeep
|turn|13
|
|t:|1760353627
|move|p2a: Weavile|Ice Shard|p1a: Zapdos
|-supereffective|p1a: Zapdos
|-damage|p1a: Zapdos|52/100
|move|p1a: Zapdos|Volt Switch|p2a: Weavile
|-damage|p2a: Weavile|0 fnt
|faint|p2a: Weavile
|
|t:|1760353630
|switch|p1a: Iron Valiant|Iron Valiant|100/100|[from] Volt Switch
|
|upkeep
|
|t:|1760353635
|switch|p2a: Pecharunt|Pecharunt|100/100
|turn|14
|
|t:|1760353638
|move|p1a: Iron Valiant|Knock Off|p2a: Pecharunt
|-supereffective|p2a: Pecharunt
|-damage|p2a: Pecharunt|50/100
|-enditem|p2a: Pecharunt|Heavy-Duty Boots|[from] move: Knock Off|[of] p1a: Iron Valiant
|move|p2a: Pecharunt|Malignant Chain|p1a: Iron Valiant
|-supereffective|p1a: Iron Valiant
|-damage|p1a: Iron Valiant|0 fnt
|faint|p1a: Iron Valiant
|-end|p1a: Iron Valiant|Quark Drive|[silent]
|
|upkeep
|
|t:|1760353645
|switch|p1a: Great Tusk|Great Tusk|100/100
|turn|15
|
|t:|1760353649
|switch|p2a: Moltres|Moltres|68/100
|move|p1a: Great Tusk|Headlong Rush|p2a: Moltres
|-immune|p2a: Moltres
|
|upkeep
|turn|16
|
|t:|1760353654
|-end|p1a: Great Tusk|Protosynthesis|[silent]
|switch|p1a: Slowking|Slowking-Galar, M|63/100
|move|p2a: Moltres|U-turn|p1a: Slowking
|-damage|p1a: Slowking|52/100
|
|t:|1760353663
|switch|p2a: Great Tusk|Great Tusk|100/100|[from] U-turn
|
|upkeep
|turn|17
|
|t:|1760353667
|move|p2a: Great Tusk|Headlong Rush|p1a: Slowking
|-supereffective|p1a: Slowking
|-enditem|p1a: Slowking|Shuca Berry|[eat]
|-enditem|p1a: Slowking|Shuca Berry|[weaken]
|-damage|p1a: Slowking|8/100
|-unboost|p2a: Great Tusk|def|1
|-unboost|p2a: Great Tusk|spd|1
|move|p1a: Slowking|Ice Beam|p2a: Great Tusk
|-supereffective|p2a: Great Tusk
|-damage|p2a: Great Tusk|0 fnt
|faint|p2a: Great Tusk
|-end|p2a: Great Tusk|Protosynthesis|[silent]
|
|upkeep
|
|t:|1760353674
|switch|p2a: Landorus|Landorus-Therian, M|62/100 psn
|-ability|p2a: Landorus|Intimidate|boost
|-unboost|p1a: Slowking|atk|1
|turn|18
|
|t:|1760353686
|switch|p1a: Zapdos|Zapdos|52/100
|move|p2a: Landorus|Stone Edge|p1a: Zapdos
|-supereffective|p1a: Zapdos
|-damage|p1a: Zapdos|0 fnt
|faint|p1a: Zapdos
|
|-damage|p2a: Landorus|50/100 psn|[from] psn
|upkeep
|
|t:|1760353702
|switch|p1a: Cinderace|Cinderace, F|100/100
|turn|19
|
|t:|1760353706
|switch|p2a: Moltres|Moltres|68/100
|move|p1a: Cinderace|U-turn|p2a: Moltres
|-resisted|p2a: Moltres
|-damage|p2a: Moltres|63/100
|
|t:|1760353709
|switch|p1a: Alomomola|Alomomola, F|45/100|[from] U-turn
|
|upkeep
|turn|20
|
|t:|1760353716
|move|p2a: Moltres|Roost|p2a: Moltres
|-heal|p2a: Moltres|100/100
|-singleturn|p2a: Moltres|move: Roost
|move|p1a: Alomomola|Flip Turn|p2a: Moltres
|-supereffective|p2a: Moltres
|-damage|p2a: Moltres|71/100
|-status|p1a: Alomomola|brn|[from] ability: Flame Body|[of] p2a: Moltres
|
|t:|1760353718
|switch|p1a: Slowking|Slowking-Galar, M|41/100|[from] Flip Turn
|
|upkeep
|turn|21
|
|t:|1760353722
|switch|p1a: Alomomola|Alomomola, F|78/100 brn
|move|p2a: Moltres|Flamethrower|p1a: Alomomola
|-resisted|p1a: Alomomola
|-damage|p1a: Alomomola|69/100 brn
|
|-damage|p1a: Alomomola|63/100 brn|[from] brn
|upkeep
|turn|22
|
|t:|1760353732
|move|p2a: Moltres|Roost|p2a: Moltres
|-heal|p2a: Moltres|100/100
|-singleturn|p2a: Moltres|move: Roost
|move|p1a: Alomomola|Flip Turn|p2a: Moltres
|-supereffective|p2a: Moltres
|-damage|p2a: Moltres|84/100
|
|t:|1760353734
|switch|p1a: Slowking|Slowking-Galar, M|75/100|[from] Flip Turn
|
|upkeep
|turn|23
|
|t:|1760353740
|move|p2a: Moltres|U-turn|p1a: Slowking
|-damage|p1a: Slowking|64/100
|
|t:|1760353742
|switch|p2a: Pecharunt|Pecharunt|50/100|[from] U-turn
|move|p1a: Slowking|Future Sight|p2a: Pecharunt
|-start|p1a: Slowking|move: Future Sight
|
|upkeep
|turn|24
|
|t:|1760353748
|move|p2a: Pecharunt|Hex|p1a: Slowking
|-supereffective|p1a: Slowking
|-damage|p1a: Slowking|32/100
|-prepare|p1a: Slowking|Chilly Reception|[premajor]
|move|p1a: Slowking|Chilly Reception|p1a: Slowking
|-weather|Snowscape
|
|t:|1760353751
|switch|p1a: Alomomola|Alomomola, F|96/100 brn|[from] Chilly Reception
|
|-weather|Snowscape|[upkeep]
|-damage|p1a: Alomomola|90/100 brn|[from] brn
|upkeep
|turn|25
|
|t:|1760353764
|move|p2a: Pecharunt|Parting Shot|p1a: Alomomola
|-unboost|p1a: Alomomola|atk|1
|-unboost|p1a: Alomomola|spa|1
|
|t:|1760353766
|switch|p2a: Moltres|Moltres|84/100|[from] Parting Shot
|move|p1a: Alomomola|Flip Turn|p2a: Moltres
|-supereffective|p2a: Moltres
|-damage|p2a: Moltres|73/100
|
|t:|1760353770
|switch|p1a: Slowking|Slowking-Galar, M|65/100|[from] Flip Turn
|
|-weather|Snowscape|[upkeep]
|-end|p2a: Moltres|move: Future Sight
|-damage|p2a: Moltres|42/100
|upkeep
|turn|26
|
|t:|1760353776
|move|p2a: Moltres|U-turn|p1a: Slowking
|-damage|p1a: Slowking|55/100
|
|t:|1760353779
|switch|p2a: Pecharunt|Pecharunt|50/100|[from] U-turn
|move|p1a: Slowking|Future Sight|p2a: Pecharunt
|-start|p1a: Slowking|move: Future Sight
|
|-weather|Snowscape|[upkeep]
|upkeep
|turn|27
|
|t:|1760353784
|switch|p1a: Alomomola|Alomomola, F|100/100 brn
|move|p2a: Pecharunt|Parting Shot|p1a: Alomomola
|-unboost|p1a: Alomomola|atk|1
|-unboost|p1a: Alomomola|spa|1
|
|t:|1760353788
|switch|p2a: Moltres|Moltres|42/100|[from] Parting Shot
|
|-weather|Snowscape|[upkeep]
|-damage|p1a: Alomomola|94/100 brn|[from] brn
|upkeep
|turn|28
|
|t:|1760353792
|move|p2a: Moltres|Roost|p2a: Moltres
|-heal|p2a: Moltres|92/100
|-singleturn|p2a: Moltres|move: Roost
|move|p1a: Alomomola|Body Slam|p2a: Moltres
|-damage|p2a: Moltres|87/100
|
|-weather|none
|-end|p2a: Moltres|move: Future Sight
|-damage|p2a: Moltres|57/100
|-damage|p1a: Alomomola|88/100 brn|[from] brn
|upkeep
|turn|29
|
|t:|1760353798
|move|p2a: Moltres|U-turn|p1a: Alomomola
|-damage|p1a: Alomomola|77/100 brn
|
|t:|1760353800
|switch|p2a: Pecharunt|Pecharunt|50/100|[from] U-turn
|move|p1a: Alomomola|Flip Turn|p2a: Pecharunt
|-damage|p2a: Pecharunt|47/100
|
|t:|1760353802
|switch|p1a: Great Tusk|Great Tusk|100/100|[from] Flip Turn
|
|upkeep
|turn|30
|
|t:|1760353805
|switch|p2a: Moltres|Moltres|57/100
|move|p1a: Great Tusk|Knock Off|p2a: Moltres
|-damage|p2a: Moltres|22/100
|-enditem|p2a: Moltres|Heavy-Duty Boots|[from] move: Knock Off|[of] p1a: Great Tusk
|
|upkeep
|turn|31
|
|t:|1760353812
|-end|p1a: Great Tusk|Protosynthesis|[silent]
|switch|p1a: Slowking|Slowking-Galar, M|88/100
|move|p2a: Moltres|Roost|p2a: Moltres
|-heal|p2a: Moltres|73/100
|-singleturn|p2a: Moltres|move: Roost
|
|upkeep
|turn|32
|
|t:|1760353827
|move|p2a: Moltres|Flamethrower|p1a: Slowking
|-damage|p1a: Slowking|59/100
|move|p1a: Slowking|Ice Beam|p2a: Moltres
|-damage|p2a: Moltres|57/100
|
|upkeep
|turn|33
|
|t:|1760353832
|move|p2a: Moltres|U-turn|p1a: Slowking
|-damage|p1a: Slowking|48/100
|
|t:|1760353837
|switch|p2a: Landorus|Landorus-Therian, M|50/100 psn|[from] U-turn
|-ability|p2a: Landorus|Intimidate|boost
|-unboost|p1a: Slowking|atk|1
|move|p1a: Slowking|Sludge Bomb|p2a: Landorus
|-resisted|p2a: Landorus
|-damage|p2a: Landorus|27/100 psn
|
|-damage|p2a: Landorus|15/100 psn|[from] psn
|upkeep
|turn|34
|
|t:|1760353842
|switch|p1a: Alomomola|Alomomola, F|100/100 brn
|move|p2a: Landorus|Earthquake|p1a: Alomomola
|-damage|p1a: Alomomola|58/100 brn
|
|-damage|p2a: Landorus|3/100 psn|[from] psn
|-damage|p1a: Alomomola|52/100 brn|[from] brn
|upkeep
|turn|35
|
|t:|1760353848
|-terastallize|p2a: Landorus|Ground
|move|p1a: Alomomola|Aqua Jet|p2a: Landorus
|-supereffective|p2a: Landorus
|-damage|p2a: Landorus|0 fnt
|faint|p2a: Landorus
|
|-damage|p1a: Alomomola|46/100 brn|[from] brn
|upkeep
|
|t:|1760353856
|switch|p2a: Pecharunt|Pecharunt|47/100
|turn|36
|
|t:|1760353858
|move|p2a: Pecharunt|Recover|p2a: Pecharunt
|-heal|p2a: Pecharunt|97/100
|move|p1a: Alomomola|Mirror Coat||[still]
|-fail|p1a: Alomomola
|
|-damage|p1a: Alomomola|40/100 brn|[from] brn
|upkeep
|turn|37
|
|t:|1760353864
|move|p2a: Pecharunt|Hex|p1a: Alomomola
|-damage|p1a: Alomomola|21/100 brn
|move|p1a: Alomomola|Flip Turn|p2a: Pecharunt
|-damage|p2a: Pecharunt|93/100
|
|t:|1760353869
|switch|p1a: Great Tusk|Great Tusk|100/100|[from] Flip Turn
|
|upkeep
|turn|38
|
|t:|1760353873
|-terastallize|p1a: Great Tusk|Ground
|move|p1a: Great Tusk|Headlong Rush|p2a: Pecharunt
|-supereffective|p2a: Pecharunt
|-damage|p2a: Pecharunt|7/100
|-unboost|p1a: Great Tusk|def|1
|-unboost|p1a: Great Tusk|spd|1
|move|p2a: Pecharunt|Malignant Chain|p1a: Great Tusk
|-resisted|p1a: Great Tusk
|-damage|p1a: Great Tusk|66/100
|
|upkeep
|turn|39
|
|t:|1760353884
|-end|p1a: Great Tusk|Protosynthesis|[silent]
|switch|p1a: Slowking|Slowking-Galar, M|81/100
|switch|p2a: Moltres|Moltres|57/100
|
|upkeep
|turn|40
|
|t:|1760353886
|move|p2a: Moltres|U-turn|p1a: Slowking
|-damage|p1a: Slowking|71/100
|
|t:|1760353888
|switch|p2a: Pecharunt|Pecharunt|7/100|[from] U-turn
|move|p1a: Slowking|Sludge Bomb|p2a: Pecharunt
|-resisted|p2a: Pecharunt
|-damage|p2a: Pecharunt|0 fnt
|faint|p2a: Pecharunt
|
|upkeep
|-message|CyborgParrot127 forfeited.
|
|win|henry151th
|raw|henry151th's rating: 1710 &rarr; <strong>1727</strong><br />(+17 for winning)
|raw|CyborgParrot127's rating: 1650 &rarr; <strong>1633</strong><br />(-17 for losing)
|l|☆CyborgParrot127
|player|p2|
