|j|☆suifenli
|j|☆PINGaBurger
|t:|1760321039
|gametype|singles
|player|p1|suifenli|n|1603
|player|p2|PINGaBurger|266|1577
|gen|9
|tier|[Gen 9] OU
|rated|
|rule|HP Percentage Mod: HP is shown in percentages
|rule|Endless Battle Clause: Forcing endless battles is banned
|rule|Species Clause: Limit one of each Pokémon
|rule|OHKO Clause: OHKO moves are banned
|rule|Evasion Items Clause: Evasion items are banned
|rule|Evasion Moves Clause: Evasion moves are banned
|rule|Evasion Abilities Clause: Evasion abilities are banned
|rule|Sleep Moves Clause: Sleep-inducing moves are banned
|clearpoke
|poke|p1|Zamazenta-*|
|poke|p1|Sableye, M|
|poke|p1|Blaziken, F|
|poke|p1|Bellossom, M|
|poke|p1|Garganacl, M|
|poke|p1|Latias, F|
|poke|p2|Maushold|
|poke|p2|Darkrai|
|poke|p2|Iron Valiant|
|poke|p2|Deoxys-Speed|
|poke|p2|Indeedee, M|
|poke|p2|Kyurem|
|teampreview
|inactive|Battle timer is ON: inactive players will automatically lose when time's up. (requested by suifenli)
|
|t:|1760321050
|teamsize|p1|6
|teamsize|p2|6
|start
|switch|p1a: Blaziken|Blaziken, F|100/100
|switch|p2a: Indeedee|Indeedee, M, shiny|100/100
|-fieldstart|move: Psychic Terrain|[from] ability: Psychic Surge|[of] p2a: Indeedee
|turn|1
|
|t:|1760321063
|move|p2a: Indeedee|Expanding Force|p1a: Blaziken
|-supereffective|p1a: Blaziken
|-enditem|p1a: Blaziken|Focus Sash
|-damage|p1a: Blaziken|1/100
|move|p1a: Blaziken|Swords Dance|p1a: Blaziken
|-boost|p1a: Blaziken|atk|2
|
|-ability|p1a: Blaziken|Speed Boost|boost
|-boost|p1a: Blaziken|spe|1
|upkeep
|turn|2
|
|t:|1760321086
|move|p1a: Blaziken|Reversal|p2a: Indeedee
|-damage|p2a: Indeedee|0 fnt
|faint|p2a: Indeedee
|
|-ability|p1a: Blaziken|Speed Boost|boost
|-boost|p1a: Blaziken|spe|1
|upkeep
|
|t:|1760321094
|switch|p2a: Darkrai|Darkrai|100/100
|turn|3
|
|t:|1760321098
|move|p2a: Darkrai|Dark Pulse|p1a: Blaziken
|-resisted|p1a: Blaziken
|-damage|p1a: Blaziken|0 fnt
|faint|p1a: Blaziken
|
|upkeep
|
|t:|1760321105
|switch|p1a: Sableye|Sableye, M|100/100
|turn|4
|
|t:|1760321109
|move|p2a: Darkrai|Dark Pulse|p1a: Sableye
|-damage|p1a: Sableye|26/100
|move|p1a: Sableye|Metal Burst|p2a: Darkrai
|-damage|p2a: Darkrai|0 fnt
|faint|p2a: Darkrai
|
|upkeep
|
|t:|1760321123
|switch|p2a: Iron Valiant|Iron Valiant|100/100
|-enditem|p2a: Iron Valiant|Booster Energy
|-activate|p2a: Iron Valiant|ability: Quark Drive|[fromitem]
|-start|p2a: Iron Valiant|quarkdrivespe
|turn|5
|
|t:|1760321128
|move|p1a: Sableye|Reflect|p1a: Sableye
|-sidestart|p1: suifenli|Reflect
|move|p2a: Iron Valiant|Calm Mind|p2a: Iron Valiant
|-boost|p2a: Iron Valiant|spa|1
|-boost|p2a: Iron Valiant|spd|1
|
|upkeep
|turn|6
|
|t:|1760321154
|switch|p1a: Garganacl|Garganacl, M|100/100
|move|p2a: Iron Valiant|Calm Mind|p2a: Iron Valiant
|-boost|p2a: Iron Valiant|spa|1
|-boost|p2a: Iron Valiant|spd|1
|
|upkeep
|turn|7
|
|t:|1760321163
|switch|p1a: Bellossom|Bellossom, M|100/100
|move|p2a: Iron Valiant|Calm Mind|p2a: Iron Valiant
|-boost|p2a: Iron Valiant|spa|1
|-boost|p2a: Iron Valiant|spd|1
|
|upkeep
|turn|8
|
|t:|1760321167
|move|p2a: Iron Valiant|Moonblast|p1a: Bellossom
|-damage|p1a: Bellossom|0 fnt
|faint|p1a: Bellossom
|
|-fieldend|move: Psychic Terrain
|upkeep
|
|t:|1760321169
|switch|p1a: Sableye|Sableye, M|26/100
|turn|9
|
|t:|1760321176
|move|p1a: Sableye|Thunder Wave|p2a: Iron Valiant
|-status|p2a: Iron Valiant|par
|move|p2a: Iron Valiant|Moonblast|p1a: Sableye
|-supereffective|p1a: Sableye
|-damage|p1a: Sableye|0 fnt
|faint|p1a: Sableye
|
|-sideend|p1: suifenli|Reflect
|upkeep
|
|t:|1760321190
|switch|p1a: Garganacl|Garganacl, M|100/100
|turn|10
|
|t:|1760321194
|move|p2a: Iron Valiant|Moonblast|p1a: Garganacl
|-damage|p1a: Garganacl|22/100
|move|p1a: Garganacl|Salt Cure|p2a: Iron Valiant
|-resisted|p2a: Iron Valiant
|-damage|p2a: Iron Valiant|92/100 par
|-start|p2a: Iron Valiant|Salt Cure
|
|-damage|p2a: Iron Valiant|79/100 par|[from] Salt Cure
|upkeep
|turn|11
|
|t:|1760321198
|move|p2a: Iron Valiant|Moonblast|p1a: Garganacl
|-damage|p1a: Garganacl|0 fnt
|faint|p1a: Garganacl
|
|-damage|p2a: Iron Valiant|67/100 par|[from] Salt Cure
|upkeep
|
|t:|1760321200
|switch|p1a: Zamazenta|Zamazenta|100/100
|-ability|p1a: Zamazenta|Dauntless Shield|boost
|-boost|p1a: Zamazenta|def|1
|turn|12
|
|t:|1760321203
|move|p1a: Zamazenta|Substitute|p1a: Zamazenta
|-start|p1a: Zamazenta|Substitute
|-damage|p1a: Zamazenta|76/100
|move|p2a: Iron Valiant|Moonblast|p1a: Zamazenta
|-supereffective|p1a: Zamazenta
|-end|p1a: Zamazenta|Substitute
|
|-heal|p1a: Zamazenta|82/100|[from] item: Leftovers
|-damage|p2a: Iron Valiant|54/100 par|[from] Salt Cure
|upkeep
|turn|13
|
|t:|1760321209
|move|p1a: Zamazenta|Substitute|p1a: Zamazenta
|-start|p1a: Zamazenta|Substitute
|-damage|p1a: Zamazenta|57/100
|move|p2a: Iron Valiant|Moonblast|p1a: Zamazenta
|-supereffective|p1a: Zamazenta
|-end|p1a: Zamazenta|Substitute
|
|-heal|p1a: Zamazenta|63/100|[from] item: Leftovers
|-damage|p2a: Iron Valiant|42/100 par|[from] Salt Cure
|upkeep
|turn|14
|
|t:|1760321213
|move|p1a: Zamazenta|Substitute|p1a: Zamazenta
|-start|p1a: Zamazenta|Substitute
|-damage|p1a: Zamazenta|38/100
|move|p2a: Iron Valiant|Moonblast|p1a: Zamazenta
|-supereffective|p1a: Zamazenta
|-end|p1a: Zamazenta|Substitute
|
|-heal|p1a: Zamazenta|44/100|[from] item: Leftovers
|-damage|p2a: Iron Valiant|30/100 par|[from] Salt Cure
|upkeep
|turn|15
|
|t:|1760321215
|move|p1a: Zamazenta|Substitute|p1a: Zamazenta
|-start|p1a: Zamazenta|Substitute
|-damage|p1a: Zamazenta|19/100
|cant|p2a: Iron Valiant|par
|
|-heal|p1a: Zamazenta|25/100|[from] item: Leftovers
|-damage|p2a: Iron Valiant|17/100 par|[from] Salt Cure
|upkeep
|turn|16
|
|t:|1760321219
|move|p1a: Zamazenta|Iron Defense|p1a: Zamazenta
|-boost|p1a: Zamazenta|def|2
|move|p2a: Iron Valiant|Moonblast|p1a: Zamazenta
|-supereffective|p1a: Zamazenta
|-end|p1a: Zamazenta|Substitute
|
|-heal|p1a: Zamazenta|32/100|[from] item: Leftovers
|-damage|p2a: Iron Valiant|5/100 par|[from] Salt Cure
|upkeep
|turn|17
|
|t:|1760321226
|move|p1a: Zamazenta|Body Press|p2a: Iron Valiant
|-resisted|p2a: Iron Valiant
|-damage|p2a: Iron Valiant|0 fnt
|faint|p2a: Iron Valiant
|-end|p2a: Iron Valiant|Quark Drive|[silent]
|
|-heal|p1a: Zamazenta|38/100|[from] item: Leftovers
|upkeep
|
|t:|1760321232
|switch|p2a: Mutant|Deoxys-Speed, shiny|100/100
|-ability|p2a: Mutant|Pressure
|turn|18
|
|t:|1760321247
|-terastallize|p2a: Mutant|Fighting
|-terastallize|p1a: Zamazenta|Dark
|move|p2a: Mutant|Tera Blast|p1a: Zamazenta|[anim] Tera Blast Fighting
|-supereffective|p1a: Zamazenta
|-damage|p1a: Zamazenta|0 fnt
|faint|p1a: Zamazenta
|-damage|p2a: Mutant|91/100|[from] item: Life Orb
|
|upkeep
|
|t:|1760321251
|switch|p1a: Latias|Latias, F|100/100
|turn|19
|
|t:|1760321254
|move|p2a: Mutant|Taunt|p1a: Latias
|-start|p1a: Latias|move: Taunt
|cant|p1a: Latias|move: Taunt|Calm Mind
|
|upkeep
|turn|20
|
|t:|1760321262
|move|p2a: Mutant|Nasty Plot|p2a: Mutant
|-boost|p2a: Mutant|spa|2
|move|p1a: Latias|Draining Kiss|p2a: Mutant
|-supereffective|p2a: Mutant
|-damage|p2a: Mutant|51/100
|
|upkeep
|turn|21
|
|t:|1760321273
|move|p2a: Mutant|Expanding Force|p1a: Latias
|-resisted|p1a: Latias
|-damage|p1a: Latias|62/100
|-damage|p2a: Mutant|41/100|[from] item: Life Orb
|move|p1a: Latias|Draining Kiss|p2a: Mutant
|-supereffective|p2a: Mutant
|-damage|p2a: Mutant|1/100
|-heal|p1a: Latias|82/100|[from] drain|[of] p2a: Mutant
|
|-end|p1a: Latias|move: Taunt
|upkeep
|turn|22
|
|t:|1760321280
|move|p2a: Mutant|Taunt|p1a: Latias
|-start|p1a: Latias|move: Taunt
|move|p1a: Latias|Draining Kiss|p2a: Mutant
|-supereffective|p2a: Mutant
|-damage|p2a: Mutant|0 fnt
|-heal|p1a: Latias|82/100|[from] drain|[of] p2a: Mutant
|faint|p2a: Mutant
|
|upkeep
|
|t:|1760321284
|switch|p2a: Kyurem|Kyurem|100/100
|-ability|p2a: Kyurem|Pressure
|turn|23
|
|t:|1760321288
|move|p2a: Kyurem|Scale Shot|p1a: Latias
|-supereffective|p1a: Latias
|-damage|p1a: Latias|64/100
|-supereffective|p1a: Latias
|-damage|p1a: Latias|47/100
|-supereffective|p1a: Latias
|-damage|p1a: Latias|29/100
|-supereffective|p1a: Latias
|-damage|p1a: Latias|9/100
|-supereffective|p1a: Latias
|-damage|p1a: Latias|0 fnt
|faint|p1a: Latias
|-hitcount|p1: Latias|5
|
|win|PINGaBurger
|raw|suifenli's rating: 1603 &rarr; <strong>1582</strong><br />(-21 for losing)
|raw|PINGaBurger's rating: 1577 &rarr; <strong>1598</strong><br />(+21 for winning)
|l|☆suifenli
|player|p1|
|l|☆PINGaBurger
|player|p2|
