|j|☆SemperMamba
|j|☆tribal k!ng
|t:|1760439945
|gametype|singles
|player|p1|SemperMamba|blackbelt-gen4dp|1248
|player|p2|tribal k!ng|youngster-gen1rb|1255
|gen|9
|tier|[Gen 9] OU
|rated|
|rule|HP Percentage Mod: HP is shown in percentages
|rule|Endless Battle Clause: Forcing endless battles is banned
|rule|Species Clause: Limit one of each Pokémon
|rule|OHKO Clause: OHKO moves are banned
|rule|Evasion Items Clause: Evasion items are banned
|rule|Evasion Moves Clause: Evasion moves are banned
|rule|Evasion Abilities Clause: Evasion abilities are banned
|rule|Sleep Moves Clause: Sleep-inducing moves are banned
|clearpoke
|poke|p1|Meowscarada, F|
|poke|p1|Moltres|
|poke|p1|Blissey, F|
|poke|p1|Landorus-Therian, M|
|poke|p1|Iron Treads|
|poke|p1|Azumarill, F|
|poke|p2|Samurott-Hisui, M|
|poke|p2|Gholdengo|
|poke|p2|Landorus-Therian, M|
|poke|p2|Zamazenta-*|
|poke|p2|Slowking-Galar, F|
|poke|p2|Cinderace, M|
|teampreview
|inactive|Battle timer is ON: inactive players will automatically lose when time's up. (requested by tribal k!ng)
|
|t:|1760439960
|teamsize|p1|6
|teamsize|p2|6
|start
|switch|p1a: Meowscarada|Meowscarada, F|100/100
|switch|p2a: Cinderace|Cinderace, M|100/100
|turn|1
|
|t:|1760439976
|move|p1a: Meowscarada|Thunder Punch|p2a: Cinderace
|-start|p1a: Meowscarada|typechange|Electric|[from] ability: Protean
|-damage|p2a: Cinderace|34/100
|move|p2a: Cinderace|U-turn|p1a: Meowscarada
|-damage|p1a: Meowscarada|73/100
|
|t:|1760439995
|switch|p2a: Landorus|Landorus-Therian, M|100/100|[from] U-turn
|-ability|p2a: Landorus|Intimidate|boost
|-unboost|p1a: Meowscarada|atk|1
|
|upkeep
|turn|2
|
|t:|1760440003
|switch|p1a: Azumarill|Azumarill, F|100/100
|move|p2a: Landorus|Stealth Rock|p1a: Azumarill
|-sidestart|p1: SemperMamba|move: Stealth Rock
|
|upkeep
|turn|3
|
|t:|1760440014
|switch|p2a: Samurott|Samurott-Hisui, M|100/100
|move|p1a: Azumarill|Knock Off|p2a: Samurott
|-resisted|p2a: Samurott
|-damage|p2a: Samurott|80/100
|-enditem|p2a: Samurott|Heavy-Duty Boots|[from] move: Knock Off|[of] p1a: Azumarill
|
|upkeep
|turn|4
|
|t:|1760440021
|move|p2a: Samurott|Encore|p1a: Azumarill
|-start|p1a: Azumarill|Encore
|move|p1a: Azumarill|Knock Off|p2a: Samurott
|-resisted|p2a: Samurott
|-damage|p2a: Samurott|68/100
|
|upkeep
|turn|5
|
|t:|1760440032
|switch|p1a: Moltres|Moltres|100/100
|move|p2a: Samurott|Ceaseless Edge|p1a: Moltres
|-damage|p1a: Moltres|64/100
|-sidestart|p1: SemperMamba|Spikes
|
|upkeep
|turn|6
|
|t:|1760440060
|switch|p1a: Meowscarada|Meowscarada, F|73/100
|-damage|p1a: Meowscarada|61/100|[from] Stealth Rock
|-damage|p1a: Meowscarada|49/100|[from] Spikes
|move|p2a: Samurott|Razor Shell|p1a: Meowscarada|[miss]
|-miss|p2a: Samurott|p1a: Meowscarada
|
|upkeep
|turn|7
|inactive|SemperMamba has 120 seconds left.
|
|t:|1760440077
|switch|p2a: Slowking|Slowking-Galar, F|100/100
|move|p1a: Meowscarada|Flower Trick|p2a: Slowking
|-start|p1a: Meowscarada|typechange|Grass|[from] ability: Protean
|-resisted|p2a: Slowking
|-crit|p2a: Slowking
|-damage|p2a: Slowking|62/100
|
|upkeep
|turn|8
|inactive|SemperMamba has 120 seconds left.
|
|t:|1760440094
|switch|p1a: Iron Treads|Iron Treads|100/100
|-damage|p1a: Iron Treads|98/100|[from] Stealth Rock
|-damage|p1a: Iron Treads|85/100|[from] Spikes
|-prepare|p2a: Slowking|Chilly Reception|[premajor]
|move|p2a: Slowking|Chilly Reception|p2a: Slowking
|-weather|Snowscape
|
|t:|1760440098
|switch|p2a: Cinderace|Cinderace, M|34/100|[from] Chilly Reception
|
|-weather|Snowscape|[upkeep]
|upkeep
|turn|9
|inactive|SemperMamba has 120 seconds left.
|
|t:|1760440111
|-terastallize|p1a: Iron Treads|Water
|move|p2a: Cinderace|U-turn|p1a: Iron Treads
|-damage|p1a: Iron Treads|70/100
|
|t:|1760440114
|switch|p2a: Gholdengo|Gholdengo|100/100|[from] U-turn
|-item|p2a: Gholdengo|Air Balloon
|move|p1a: Iron Treads|Rapid Spin|p2a: Gholdengo
|-immune|p2a: Gholdengo
|
|-weather|Snowscape|[upkeep]
|upkeep
|turn|10
|inactive|tribal k!ng has 120 seconds left.
|
|t:|1760440154
|move|p1a: Iron Treads|Knock Off|p2a: Gholdengo
|-supereffective|p2a: Gholdengo
|-damage|p2a: Gholdengo|67/100
|-enditem|p2a: Gholdengo|Air Balloon
|move|p2a: Gholdengo|Shadow Ball|p1a: Iron Treads
|-damage|p1a: Iron Treads|46/100
|
|-weather|Snowscape|[upkeep]
|upkeep
|turn|11
|
|t:|1760440165
|-terastallize|p2a: Gholdengo|Ghost
|move|p1a: Iron Treads|Knock Off|p2a: Gholdengo
|-supereffective|p2a: Gholdengo
|-damage|p2a: Gholdengo|45/100
|move|p2a: Gholdengo|Shadow Ball|p1a: Iron Treads
|-damage|p1a: Iron Treads|10/100
|
|-weather|Snowscape|[upkeep]
|upkeep
|turn|12
|
|t:|1760440173
|-end|p1a: Iron Treads|Quark Drive|[silent]
|switch|p1a: Blissey|Blissey, F|100/100
|-damage|p1a: Blissey|88/100|[from] Stealth Rock
|-damage|p1a: Blissey|76/100|[from] Spikes
|move|p2a: Gholdengo|Recover|p2a: Gholdengo
|-heal|p2a: Gholdengo|95/100
|
|-weather|none
|-heal|p1a: Blissey|82/100|[from] item: Leftovers
|upkeep
|turn|13
|inactive|SemperMamba has 120 seconds left.
|
|t:|1760440207
|switch|p2a: Samurott|Samurott-Hisui, M|68/100
|switch|p1a: Meowscarada|Meowscarada, F|49/100
|-damage|p1a: Meowscarada|36/100|[from] Stealth Rock
|-damage|p1a: Meowscarada|24/100|[from] Spikes
|
|upkeep
|turn|14
|
|t:|1760440220
|switch|p2a: Slowking|Slowking-Galar, F|95/100
|move|p1a: Meowscarada|Flower Trick|p2a: Slowking
|-start|p1a: Meowscarada|typechange|Grass|[from] ability: Protean
|-resisted|p2a: Slowking
|-crit|p2a: Slowking
|-damage|p2a: Slowking|60/100
|
|upkeep
|turn|15
|
|t:|1760440229
|move|p1a: Meowscarada|Flower Trick|p2a: Slowking
|-resisted|p2a: Slowking
|-crit|p2a: Slowking
|-damage|p2a: Slowking|23/100
|-prepare|p2a: Slowking|Chilly Reception|[premajor]
|move|p2a: Slowking|Chilly Reception|p2a: Slowking
|-weather|Snowscape
|
|t:|1760440235
|switch|p2a: Zamazenta|Zamazenta|100/100|[from] Chilly Reception
|-ability|p2a: Zamazenta|Dauntless Shield|boost
|-boost|p2a: Zamazenta|def|1
|
|-weather|Snowscape|[upkeep]
|upkeep
|turn|16
|
|t:|1760440244
|switch|p1a: Landorus|Landorus-Therian, M|100/100
|-damage|p1a: Landorus|88/100|[from] Stealth Rock
|-ability|p1a: Landorus|Intimidate|boost
|-unboost|p2a: Zamazenta|atk|1
|move|p2a: Zamazenta|Stone Edge|p1a: Landorus
|-damage|p1a: Landorus|66/100
|
|-weather|Snowscape|[upkeep]
|upkeep
|turn|17
|
|t:|1760440256
|switch|p2a: Landorus|Landorus-Therian, M|100/100
|-ability|p2a: Landorus|Intimidate|boost
|-unboost|p1a: Landorus|atk|1
|move|p1a: Landorus|Earthquake|p2a: Landorus
|-immune|p2a: Landorus
|
|-weather|Snowscape|[upkeep]
|upkeep
|turn|18
|
|t:|1760440268
|switch|p1a: Moltres|Moltres|64/100
|move|p2a: Landorus|U-turn|p1a: Moltres
|-resisted|p1a: Moltres
|-damage|p1a: Moltres|60/100
|
|t:|1760440274
|switch|p2a: Samurott|Samurott-Hisui, M|68/100|[from] U-turn
|
|-weather|Snowscape|[upkeep]
|upkeep
|turn|19
|
|t:|1760440286
|switch|p1a: Azumarill|Azumarill, F|100/100
|-damage|p1a: Azumarill|88/100|[from] Stealth Rock
|-damage|p1a: Azumarill|75/100|[from] Spikes
|move|p2a: Samurott|Knock Off|p1a: Azumarill
|-resisted|p1a: Azumarill
|-damage|p1a: Azumarill|49/100
|-enditem|p1a: Azumarill|Leftovers|[from] move: Knock Off|[of] p2a: Samurott
|
|-weather|none
|upkeep
|turn|20
|inactive|SemperMamba has 120 seconds left.
|
|t:|1760440325
|switch|p2a: Landorus|Landorus-Therian, M|100/100
|-ability|p2a: Landorus|Intimidate|boost
|-unboost|p1a: Azumarill|atk|1
|move|p1a: Azumarill|Play Rough|p2a: Landorus
|-damage|p2a: Landorus|77/100
|-damage|p1a: Azumarill|32/100|[from] item: Rocky Helmet|[of] p2a: Landorus
|
|upkeep
|turn|21
|inactive|SemperMamba has 120 seconds left.
|-message|SemperMamba forfeited.
|
|win|tribal k!ng
|raw|SemperMamba's rating: 1248 &rarr; <strong>1224</strong><br />(-24 for losing)
|raw|tribal k!ng's rating: 1255 &rarr; <strong>1279</strong><br />(+24 for winning)
|l|☆SemperMamba
|player|p1|
|l|☆tribal k!ng
|player|p2|
