|j|☆apotato135
|j|☆sly_skip
|t:|1760324515
|gametype|singles
|player|p1|apotato135|swimmer-gen4dp|1611
|player|p2|sly_skip|102|1609
|gen|9
|tier|[Gen 9] OU
|rated|
|rule|HP Percentage Mod: HP is shown in percentages
|rule|Endless Battle Clause: Forcing endless battles is banned
|rule|Species Clause: Limit one of each Pokémon
|rule|OHKO Clause: OHKO moves are banned
|rule|Evasion Items Clause: Evasion items are banned
|rule|Evasion Moves Clause: Evasion moves are banned
|rule|Evasion Abilities Clause: Evasion abilities are banned
|rule|Sleep Moves Clause: Sleep-inducing moves are banned
|clearpoke
|poke|p1|Ribombee, M|
|poke|p1|Kingambit, F|
|poke|p1|Milotic, M|
|poke|p1|Serperior, M|
|poke|p1|Dragapult, F|
|poke|p1|Cinderace, F|
|poke|p2|Great Tusk|
|poke|p2|Darkrai|
|poke|p2|Garganacl, M|
|poke|p2|Kyurem|
|poke|p2|Zamazenta-*|
|poke|p2|Slowking-Galar, M|
|teampreview
|inactive|Battle timer is ON: inactive players will automatically lose when time's up. (requested by sly_skip)
|
|t:|1760324523
|teamsize|p1|6
|teamsize|p2|6
|start
|switch|p1a: Ribombee|Ribombee, M|100/100
|switch|p2a: Garganacl|Garganacl, M|100/100
|turn|1
|
|t:|1760324528
|move|p1a: Ribombee|Sticky Web|p2a: Garganacl
|-sidestart|p2: sly_skip|move: Sticky Web
|move|p2a: Garganacl|Salt Cure|p1a: Ribombee
|-supereffective|p1a: Ribombee
|-damage|p1a: Ribombee|47/100
|
|upkeep
|turn|2
|
|t:|1760324532
|move|p1a: Ribombee|Moonblast|p2a: Garganacl
|-damage|p2a: Garganacl|71/100
|move|p2a: Garganacl|Salt Cure|p1a: Ribombee
|-supereffective|p1a: Ribombee
|-damage|p1a: Ribombee|0 fnt
|faint|p1a: Ribombee
|
|-heal|p2a: Garganacl|77/100|[from] item: Leftovers
|upkeep
|
|t:|1760324536
|switch|p1a: Serperior|Serperior, M|100/100
|turn|3
|
|t:|1760324545
|switch|p2a: Kyurem|Kyurem|100/100
|-ability|p2a: Kyurem|Pressure
|move|p1a: Serperior|Substitute|p1a: Serperior
|-start|p1a: Serperior|Substitute
|-damage|p1a: Serperior|76/100
|
|-heal|p1a: Serperior|82/100|[from] item: Leftovers
|upkeep
|turn|4
|
|t:|1760324552
|move|p1a: Serperior|Glare|p2a: Kyurem
|-status|p2a: Kyurem|par
|move|p2a: Kyurem|Icicle Spear|p1a: Serperior
|-supereffective|p1a: Serperior
|-end|p1a: Serperior|Substitute
|-supereffective|p1a: Serperior
|-damage|p1a: Serperior|53/100
|-supereffective|p1a: Serperior
|-damage|p1a: Serperior|22/100
|-hitcount|p1a: Serperior|3
|
|-heal|p1a: Serperior|28/100|[from] item: Leftovers
|upkeep
|turn|5
|
|t:|1760324564
|switch|p1a: Cinderace|Cinderace, F|100/100
|move|p2a: Kyurem|Icicle Spear|p1a: Cinderace
|-resisted|p1a: Cinderace
|-damage|p1a: Cinderace|93/100
|-resisted|p1a: Cinderace
|-damage|p1a: Cinderace|86/100
|-resisted|p1a: Cinderace
|-damage|p1a: Cinderace|78/100
|-hitcount|p1a: Cinderace|3
|
|upkeep
|turn|6
|
|t:|1760324576
|move|p1a: Cinderace|Court Change|p1a: Cinderace
|-swapsideconditions
|-activate|p1a: Cinderace|move: Court Change
|cant|p2a: Kyurem|par
|
|upkeep
|turn|7
|
|t:|1760324586
|move|p1a: Cinderace|Pyro Ball|p2a: Kyurem
|-damage|p2a: Kyurem|53/100 par
|move|p2a: Kyurem|Earth Power|p1a: Cinderace
|-supereffective|p1a: Cinderace
|-damage|p1a: Cinderace|9/100
|
|upkeep
|turn|8
|
|t:|1760324597
|move|p1a: Cinderace|Pyro Ball|p2a: Kyurem
|-damage|p2a: Kyurem|0 fnt
|faint|p2a: Kyurem
|
|upkeep
|
|t:|1760324602
|switch|p2a: Darkrai|Darkrai|100/100
|turn|9
|
|t:|1760324612
|move|p2a: Darkrai|Dark Pulse|p1a: Cinderace
|-damage|p1a: Cinderace|0 fnt
|faint|p1a: Cinderace
|
|upkeep
|
|t:|1760324618
|switch|p1a: Milotic|Milotic, M|100/100
|-activate|p1a: Milotic|move: Sticky Web
|-unboost|p1a: Milotic|spe|1
|-ability|p1a: Milotic|Competitive|boost
|-boost|p1a: Milotic|spa|2
|turn|10
|
|t:|1760324628
|move|p2a: Darkrai|Knock Off|p1a: Milotic
|-damage|p1a: Milotic|69/100
|-enditem|p1a: Milotic|Assault Vest|[from] move: Knock Off|[of] p2a: Darkrai
|move|p1a: Milotic|Scald|p2a: Darkrai
|-crit|p2a: Darkrai
|-damage|p2a: Darkrai|0 fnt
|faint|p2a: Darkrai
|
|upkeep
|
|t:|1760324647
|switch|p2a: Garganacl|Garganacl, M|77/100
|turn|11
|
|t:|1760324652
|-terastallize|p2a: Garganacl|Water
|move|p1a: Milotic|Flip Turn|p2a: Garganacl
|-resisted|p2a: Garganacl
|-damage|p2a: Garganacl|74/100
|
|t:|1760324656
|switch|p1a: Serperior|Serperior, M|28/100|[from] Flip Turn
|-activate|p1a: Serperior|move: Sticky Web
|-boost|p1a: Serperior|spe|1
|move|p2a: Garganacl|Salt Cure|p1a: Serperior
|-damage|p1a: Serperior|10/100
|-start|p1a: Serperior|Salt Cure
|
|-heal|p1a: Serperior|16/100|[from] item: Leftovers
|-heal|p2a: Garganacl|80/100|[from] item: Leftovers
|-damage|p1a: Serperior|3/100|[from] Salt Cure
|upkeep
|turn|12
|
|t:|1760324660
|switch|p2a: Slowking|Slowking-Galar, M|100/100
|move|p1a: Serperior|Leaf Storm|p2a: Slowking
|-resisted|p2a: Slowking
|-damage|p2a: Slowking|87/100
|-boost|p1a: Serperior|spa|2
|
|-heal|p1a: Serperior|9/100|[from] item: Leftovers
|-damage|p1a: Serperior|0 fnt|[from] Salt Cure
|faint|p1a: Serperior
|upkeep
|
|t:|1760324663
|switch|p1a: Kingambit|Kingambit, F|100/100
|-activate|p1a: Kingambit|move: Sticky Web
|-unboost|p1a: Kingambit|spe|1
|-ability|p1a: Kingambit|Defiant|boost
|-boost|p1a: Kingambit|atk|2
|turn|13
|
|t:|1760324674
|switch|p1a: Milotic|Milotic, M|69/100
|-activate|p1a: Milotic|move: Sticky Web
|-unboost|p1a: Milotic|spe|1
|-ability|p1a: Milotic|Competitive|boost
|-boost|p1a: Milotic|spa|2
|-prepare|p2a: Slowking|Chilly Reception|[premajor]
|move|p2a: Slowking|Chilly Reception|p2a: Slowking
|-weather|Snowscape
|
|t:|1760324677
|switch|p2a: Garganacl|Garganacl, M, tera:Water|80/100|[from] Chilly Reception
|
|-weather|Snowscape|[upkeep]
|-heal|p2a: Garganacl|86/100|[from] item: Leftovers
|upkeep
|turn|14
|
|t:|1760324682
|-terastallize|p1a: Milotic|Fairy
|move|p1a: Milotic|Draining Kiss|p2a: Garganacl
|-damage|p2a: Garganacl|47/100
|-heal|p1a: Milotic|99/100|[from] drain|[of] p2a: Garganacl
|move|p2a: Garganacl|Salt Cure|p1a: Milotic
|-damage|p1a: Milotic|85/100
|-start|p1a: Milotic|Salt Cure
|
|-weather|Snowscape|[upkeep]
|-heal|p2a: Garganacl|53/100|[from] item: Leftovers
|-damage|p1a: Milotic|73/100|[from] Salt Cure
|upkeep
|turn|15
|
|t:|1760324687
|switch|p2a: Slowking|Slowking-Galar, M|100/100
|move|p1a: Milotic|Draining Kiss|p2a: Slowking
|-resisted|p2a: Slowking
|-damage|p2a: Slowking|83/100
|-heal|p1a: Milotic|86/100|[from] drain|[of] p2a: Slowking
|
|-weather|Snowscape|[upkeep]
|-damage|p1a: Milotic|74/100|[from] Salt Cure
|upkeep
|turn|16
|
|t:|1760324691
|move|p1a: Milotic|Flip Turn|p2a: Slowking
|-damage|p2a: Slowking|71/100
|
|t:|1760324693
|switch|p1a: Dragapult|Dragapult, F|100/100|[from] Flip Turn
|-activate|p1a: Dragapult|move: Sticky Web
|-fail|p1a: Dragapult|unboost|[from] ability: Clear Body|[of] p1a: Dragapult
|-prepare|p2a: Slowking|Chilly Reception|[premajor]
|move|p2a: Slowking|Chilly Reception|p2a: Slowking
|
|t:|1760324705
|switch|p2a: Garganacl|Garganacl, M, tera:Water|53/100|[from] Chilly Reception
|
|-weather|Snowscape|[upkeep]
|-heal|p2a: Garganacl|60/100|[from] item: Leftovers
|upkeep
|turn|17
|
|t:|1760324709
|move|p1a: Dragapult|U-turn|p2a: Garganacl
|-damage|p2a: Garganacl|46/100
|-damage|p1a: Dragapult|91/100|[from] item: Life Orb
|
|t:|1760324711
|switch|p1a: Milotic|Milotic, M, tera:Fairy|74/100|[from] U-turn
|-activate|p1a: Milotic|move: Sticky Web
|-unboost|p1a: Milotic|spe|1
|-ability|p1a: Milotic|Competitive|boost
|-boost|p1a: Milotic|spa|2
|move|p2a: Garganacl|Salt Cure|p1a: Milotic
|-damage|p1a: Milotic|60/100
|-start|p1a: Milotic|Salt Cure
|
|-weather|none
|-heal|p2a: Garganacl|52/100|[from] item: Leftovers
|-damage|p1a: Milotic|47/100|[from] Salt Cure
|upkeep
|turn|18
|
|t:|1760324716
|switch|p2a: Slowking|Slowking-Galar, M|100/100
|move|p1a: Milotic|Draining Kiss|p2a: Slowking
|-resisted|p2a: Slowking
|-damage|p2a: Slowking|84/100
|-heal|p1a: Milotic|60/100|[from] drain|[of] p2a: Slowking
|
|-damage|p1a: Milotic|48/100|[from] Salt Cure
|upkeep
|turn|19
|
|t:|1760324721
|move|p1a: Milotic|Scald|p2a: Slowking
|-damage|p2a: Slowking|39/100
|-status|p2a: Slowking|brn
|-prepare|p2a: Slowking|Chilly Reception|[premajor]
|move|p2a: Slowking|Chilly Reception|p2a: Slowking
|-weather|Snowscape
|
|t:|1760324732
|switch|p2a: Great Tusk|Great Tusk|100/100|[from] Chilly Reception
|
|-weather|Snowscape|[upkeep]
|-damage|p1a: Milotic|35/100|[from] Salt Cure
|upkeep
|turn|20
|
|t:|1760324735
|move|p2a: Great Tusk|Earthquake|p1a: Milotic
|-damage|p1a: Milotic|0 fnt
|faint|p1a: Milotic
|
|-weather|Snowscape|[upkeep]
|upkeep
|
|t:|1760324738
|switch|p1a: Dragapult|Dragapult, F|91/100
|-activate|p1a: Dragapult|move: Sticky Web
|-fail|p1a: Dragapult|unboost|[from] ability: Clear Body|[of] p1a: Dragapult
|turn|21
|
|t:|1760324744
|-end|p2a: Great Tusk|Protosynthesis|[silent]
|switch|p2a: Slowking|Slowking-Galar, M|72/100 brn
|move|p1a: Dragapult|Will-O-Wisp|p2a: Slowking|[miss]
|-miss|p1a: Dragapult|p2a: Slowking
|
|-weather|Snowscape|[upkeep]
|-damage|p2a: Slowking|66/100 brn|[from] brn
|upkeep
|turn|22
|
|t:|1760324747
|move|p1a: Dragapult|Hex|p2a: Slowking
|-supereffective|p2a: Slowking
|-damage|p2a: Slowking|0 fnt
|faint|p2a: Slowking
|-damage|p1a: Dragapult|81/100|[from] item: Life Orb
|
|-weather|Snowscape|[upkeep]
|upkeep
|
|t:|1760324750
|switch|p2a: Garganacl|Garganacl, M, tera:Water|52/100
|turn|23
|
|t:|1760324762
|move|p1a: Dragapult|Dragon Darts|p2a: Garganacl
|-damage|p2a: Garganacl|35/100
|-anim|p1a: Dragapult|Dragon Darts|p2a: Garganacl
|-damage|p2a: Garganacl|21/100
|-damage|p1a: Dragapult|71/100|[from] item: Life Orb
|move|p2a: Garganacl|Recover|p2a: Garganacl
|-heal|p2a: Garganacl|71/100
|
|-weather|none
|-heal|p2a: Garganacl|77/100|[from] item: Leftovers
|upkeep
|turn|24
|
|t:|1760324767
|move|p1a: Dragapult|U-turn|p2a: Garganacl
|-damage|p2a: Garganacl|61/100
|-damage|p1a: Dragapult|61/100|[from] item: Life Orb
|
|t:|1760324769
|switch|p1a: Kingambit|Kingambit, F|100/100|[from] U-turn
|-activate|p1a: Kingambit|move: Sticky Web
|-unboost|p1a: Kingambit|spe|1
|-ability|p1a: Kingambit|Defiant|boost
|-boost|p1a: Kingambit|atk|2
|move|p2a: Garganacl|Salt Cure|p1a: Kingambit
|-resisted|p1a: Kingambit
|-damage|p1a: Kingambit|95/100
|-start|p1a: Kingambit|Salt Cure
|
|-heal|p2a: Garganacl|67/100|[from] item: Leftovers
|-damage|p1a: Kingambit|70/100|[from] Salt Cure
|upkeep
|turn|25
|
|t:|1760324777
|switch|p2a: Zamazenta|Zamazenta|100/100
|-ability|p2a: Zamazenta|Dauntless Shield|boost
|-boost|p2a: Zamazenta|def|1
|move|p1a: Kingambit|Iron Head|p2a: Zamazenta
|-damage|p2a: Zamazenta|54/100
|
|-heal|p2a: Zamazenta|60/100|[from] item: Leftovers
|-damage|p1a: Kingambit|45/100|[from] Salt Cure
|upkeep
|turn|26
|
|t:|1760324784
|switch|p1a: Dragapult|Dragapult, F|61/100
|-activate|p1a: Dragapult|move: Sticky Web
|-fail|p1a: Dragapult|unboost|[from] ability: Clear Body|[of] p1a: Dragapult
|move|p2a: Zamazenta|Heavy Slam|p1a: Dragapult
|-damage|p1a: Dragapult|27/100
|
|-heal|p2a: Zamazenta|66/100|[from] item: Leftovers
|upkeep
|turn|27
|
|t:|1760324806
|switch|p2a: Garganacl|Garganacl, M, tera:Water|67/100
|move|p1a: Dragapult|Will-O-Wisp|p2a: Garganacl
|-immune|p2a: Garganacl|[from] ability: Purifying Salt
|
|-heal|p2a: Garganacl|73/100|[from] item: Leftovers
|upkeep
|turn|28
|
|t:|1760324815
|move|p1a: Dragapult|Dragon Darts|p2a: Garganacl
|-damage|p2a: Garganacl|57/100
|-anim|p1a: Dragapult|Dragon Darts|p2a: Garganacl
|-damage|p2a: Garganacl|41/100
|-damage|p1a: Dragapult|17/100|[from] item: Life Orb
|move|p2a: Garganacl|Recover|p2a: Garganacl
|-heal|p2a: Garganacl|91/100
|
|-heal|p2a: Garganacl|97/100|[from] item: Leftovers
|upkeep
|turn|29
|-message|apotato135 forfeited.
|
|win|sly_skip
|raw|apotato135's rating: 1611 &rarr; <strong>1591</strong><br />(-20 for losing)
|raw|sly_skip's rating: 1609 &rarr; <strong>1629</strong><br />(+20 for winning)
|l|☆apotato135
|player|p1|
|l|☆sly_skip
|player|p2|
