|j|☆godlywalrus
|j|☆omari p
|t:|1760398073
|gametype|singles
|player|p1|godlywalrus|acerola|1712
|player|p2|omari p|pokemonrangerf|1807
|gen|9
|tier|[Gen 9] OU
|rated|
|rule|HP Percentage Mod: HP is shown in percentages
|rule|Endless Battle Clause: Forcing endless battles is banned
|rule|Species Clause: Limit one of each Pokémon
|rule|OHKO Clause: OHKO moves are banned
|rule|Evasion Items Clause: Evasion items are banned
|rule|Evasion Moves Clause: Evasion moves are banned
|rule|Evasion Abilities Clause: Evasion abilities are banned
|rule|Sleep Moves Clause: Sleep-inducing moves are banned
|clearpoke
|poke|p1|Primarina, F|
|poke|p1|Ceruledge, F|
|poke|p1|Corviknight, F|
|poke|p1|Gliscor, F|
|poke|p1|Meowscarada, F|
|poke|p1|Latios, M|
|poke|p2|Cinderace, F|
|poke|p2|Volcanion|
|poke|p2|Torkoal, M|
|poke|p2|Mandibuzz, F|
|poke|p2|Great Tusk|
|poke|p2|Fezandipiti, M|
|teampreview
|inactive|Battle timer is ON: inactive players will automatically lose when time's up. (requested by omari p)
|inactive|godlywalrus has 120 seconds left.
|
|t:|1760398131
|teamsize|p1|6
|teamsize|p2|6
|start
|switch|p1a: Latios|Latios, M|100/100
|switch|p2a: Torkoal|Torkoal, M, shiny|100/100
|-weather|SunnyDay|[from] ability: Drought|[of] p2a: Torkoal
|turn|1
|inactive|omari p has 120 seconds left.
|
|t:|1760398171
|move|p1a: Latios|Draco Meteor|p2a: Torkoal
|-damage|p2a: Torkoal|0 fnt
|-unboost|p1a: Latios|spa|2
|faint|p2a: Torkoal
|
|-weather|SunnyDay|[upkeep]
|upkeep
|
|t:|1760398173
|switch|p2a: Cinderace|Cinderace, F|100/100
|turn|2
|
|t:|1760398178
|switch|p1a: Ceruledge|Ceruledge, F|100/100
|move|p2a: Cinderace|Pyro Ball|p1a: Ceruledge
|-start|p1a: Ceruledge|ability: Flash Fire
|
|-weather|SunnyDay|[upkeep]
|upkeep
|turn|3
|
|t:|1760398190
|switch|p2a: Volcanion|Volcanion|100/100
|move|p1a: Ceruledge|Bulk Up|p1a: Ceruledge
|-boost|p1a: Ceruledge|atk|1
|-boost|p1a: Ceruledge|def|1
|
|-weather|SunnyDay|[upkeep]
|upkeep
|turn|4
|
|t:|1760398212
|-end|p1a: Ceruledge|ability: Flash Fire|[silent]
|switch|p1a: Gliscor|Gliscor, F|100/100
|move|p2a: Volcanion|Steam Eruption|p1a: Gliscor
|-supereffective|p1a: Gliscor
|-damage|p1a: Gliscor|9/100
|
|-weather|SunnyDay|[upkeep]
|-status|p1a: Gliscor|tox|[from] item: Toxic Orb
|upkeep
|turn|5
|
|t:|1760398220
|move|p1a: Gliscor|Protect|p1a: Gliscor
|-singleturn|p1a: Gliscor|Protect
|move|p2a: Volcanion|Steam Eruption|p1a: Gliscor
|-activate|p1a: Gliscor|move: Protect
|
|-weather|SunnyDay|[upkeep]
|-heal|p1a: Gliscor|21/100 tox|[from] ability: Poison Heal
|upkeep
|turn|6
|
|t:|1760398233
|switch|p1a: Primarina|Primarina, F|100/100
|move|p2a: Volcanion|Steam Eruption|p1a: Primarina
|-resisted|p1a: Primarina
|-damage|p1a: Primarina|86/100
|
|-weather|SunnyDay|[upkeep]
|upkeep
|turn|7
|
|t:|1760398258
|switch|p2a: Fezandipiti|Fezandipiti, M|100/100
|move|p1a: Primarina|Moonblast|p2a: Fezandipiti
|-resisted|p2a: Fezandipiti
|-damage|p2a: Fezandipiti|82/100
|-unboost|p2a: Fezandipiti|spa|1
|
|-weather|SunnyDay|[upkeep]
|-heal|p2a: Fezandipiti|88/100|[from] item: Leftovers
|upkeep
|turn|8
|inactive|godlywalrus has 120 seconds left.
|j| capone n norega
|
|t:|1760398292
|move|p2a: Fezandipiti|Moonblast|p1a: Primarina
|-damage|p1a: Primarina|70/100
|move|p1a: Primarina|Flip Turn|p2a: Fezandipiti
|-damage|p2a: Fezandipiti|80/100
|inactive|godlywalrus has 120 seconds left.
|
|t:|1760398306
|switch|p1a: Gliscor|Gliscor, F|21/100 tox|[from] Flip Turn
|
|-weather|none
|-heal|p2a: Fezandipiti|86/100|[from] item: Leftovers
|-heal|p1a: Gliscor|34/100 tox|[from] ability: Poison Heal
|upkeep
|turn|9
|inactive|godlywalrus has 120 seconds left.
|inactive|omari p has 120 seconds left.
|j| minilarry
|
|t:|1760398356
|switch|p2a: Volcanion|Volcanion|100/100
|move|p1a: Gliscor|Earthquake|p2a: Volcanion
|-supereffective|p2a: Volcanion
|-damage|p2a: Volcanion|45/100
|
|-heal|p1a: Gliscor|46/100 tox|[from] ability: Poison Heal
|upkeep
|turn|10
|
|t:|1760398364
|move|p1a: Gliscor|Earthquake|p2a: Volcanion
|-supereffective|p2a: Volcanion
|-damage|p2a: Volcanion|0 fnt
|faint|p2a: Volcanion
|
|-heal|p1a: Gliscor|59/100 tox|[from] ability: Poison Heal
|upkeep
|l| minilarry
|l|☆omari p
|inactive|omari p disconnected and has a minute to reconnect!
|player|p2|
|c|☆godlywalrus|huh
|inactive|omari p has 30 seconds to reconnect!
|inactive|omari p has 20 seconds to reconnect!
|inactive|omari p has 15 seconds to reconnect!
|inactive|omari p has 10 seconds to reconnect!
|inactive|omari p has 5 seconds to reconnect!
|-message|omari p lost due to inactivity.
|
|win|godlywalrus
|raw|godlywalrus's rating: 1712 &rarr; <strong>1736</strong><br />(+24 for winning)
|raw|omari p's rating: 1786 &rarr; <strong>1762</strong><br />(-24 for losing)
