|j|☆Scimian
|j|☆TryinSome
|t:|1760452826
|gametype|singles
|player|p1|Scimian|101|1205
|player|p2|TryinSome|nate|1158
|gen|9
|tier|[Gen 9] OU
|rated|
|rule|HP Percentage Mod: HP is shown in percentages
|rule|Endless Battle Clause: Forcing endless battles is banned
|rule|Species Clause: Limit one of each Pokémon
|rule|OHKO Clause: OHKO moves are banned
|rule|Evasion Items Clause: Evasion items are banned
|rule|Evasion Moves Clause: Evasion moves are banned
|rule|Evasion Abilities Clause: Evasion abilities are banned
|rule|Sleep Moves Clause: Sleep-inducing moves are banned
|clearpoke
|poke|p1|Ogerpon-Wellspring, F|
|poke|p1|Hatterene, F|
|poke|p1|Pecharunt|
|poke|p1|Meowscarada, M|
|poke|p1|Latias, F|
|poke|p1|Ting-Lu|
|poke|p2|Lycanroc-Dusk, M|
|poke|p2|Araquanid, M|
|poke|p2|Salamence, M|
|poke|p2|Toxtricity-Low-Key, M|
|poke|p2|Grimmsnarl, M|
|poke|p2|Magmortar, M|
|teampreview
|
|t:|1760452832
|teamsize|p1|6
|teamsize|p2|6
|start
|switch|p1a: Ting-Lu|Ting-Lu|100/100
|switch|p2a: Grimmsnarl|Grimmsnarl, M, shiny|100/100
|-ability|p1a: Ting-Lu|Vessel of Ruin
|turn|1
|
|t:|1760452847
|-terastallize|p1a: Ting-Lu|Poison
|move|p2a: Grimmsnarl|Play Rough|p1a: Ting-Lu
|-resisted|p1a: Ting-Lu
|-damage|p1a: Ting-Lu|93/100
|move|p1a: Ting-Lu|Stealth Rock|p2a: Grimmsnarl
|-sidestart|p2: TryinSome|move: Stealth Rock
|
|-heal|p1a: Ting-Lu|99/100|[from] item: Leftovers
|upkeep
|turn|2
|
|t:|1760452857
|move|p2a: Grimmsnarl|Reflect|p2a: Grimmsnarl
|-sidestart|p2: TryinSome|Reflect
|move|p1a: Ting-Lu|Spikes|p2a: Grimmsnarl
|-sidestart|p2: TryinSome|Spikes
|
|-heal|p1a: Ting-Lu|100/100|[from] item: Leftovers
|upkeep
|turn|3
|
|t:|1760452864
|move|p2a: Grimmsnarl|Light Screen|p2a: Grimmsnarl
|-sidestart|p2: TryinSome|move: Light Screen
|move|p1a: Ting-Lu|Spikes|p2a: Grimmsnarl
|-sidestart|p2: TryinSome|Spikes
|
|upkeep
|turn|4
|
|t:|1760452868
|move|p2a: Grimmsnarl|Parting Shot|p1a: Ting-Lu
|-unboost|p1a: Ting-Lu|atk|1
|-unboost|p1a: Ting-Lu|spa|1
|
|t:|1760452871
|switch|p2a: Salamence|Salamence, M|100/100|[from] Parting Shot
|-damage|p2a: Salamence|76/100|[from] Stealth Rock
|move|p1a: Ting-Lu|Whirlwind|p2a: Salamence
|drag|p2a: Magmortar|Magmortar, M|100/100
|-damage|p2a: Magmortar|76/100|[from] Stealth Rock
|-damage|p2a: Magmortar|59/100|[from] Spikes
|
|upkeep
|turn|5
|
|t:|1760452882
|move|p2a: Magmortar|Flamethrower|p1a: Ting-Lu
|-damage|p1a: Ting-Lu|61/100
|move|p1a: Ting-Lu|Whirlwind|p2a: Magmortar
|drag|p2a: Toxtricity|Toxtricity-Low-Key, M|100/100
|-damage|p2a: Toxtricity|88/100|[from] Stealth Rock
|-damage|p2a: Toxtricity|72/100|[from] Spikes
|
|-heal|p1a: Ting-Lu|67/100|[from] item: Leftovers
|upkeep
|turn|6
|
|t:|1760452893
|move|p2a: Toxtricity|Boomburst|p1a: Ting-Lu
|-damage|p1a: Ting-Lu|31/100
|-enditem|p2a: Toxtricity|Throat Spray
|-boost|p2a: Toxtricity|spa|1|[from] item: Throat Spray
|move|p1a: Ting-Lu|Spikes|p2a: Toxtricity
|-sidestart|p2: TryinSome|Spikes
|
|-heal|p1a: Ting-Lu|37/100|[from] item: Leftovers
|upkeep
|turn|7
|
|t:|1760452903
|move|p1a: Ting-Lu|Protect|p1a: Ting-Lu
|-singleturn|p1a: Ting-Lu|Protect
|move|p2a: Toxtricity|Boomburst|p1a: Ting-Lu
|-activate|p1a: Ting-Lu|move: Protect
|
|-heal|p1a: Ting-Lu|44/100|[from] item: Leftovers
|upkeep
|turn|8
|
|t:|1760452912
|move|p2a: Toxtricity|Boomburst|p1a: Ting-Lu
|-damage|p1a: Ting-Lu|0 fnt
|faint|p1a: Ting-Lu
|
|upkeep
|
|t:|1760452932
|switch|p1a: Latias|Latias, F|100/100
|turn|9
|
|t:|1760452939
|move|p2a: Toxtricity|Boomburst|p1a: Latias
|-crit|p1a: Latias
|-damage|p1a: Latias|15/100
|move|p1a: Latias|Calm Mind|p1a: Latias
|-boost|p1a: Latias|spa|1
|-boost|p1a: Latias|spd|1
|
|-heal|p1a: Latias|21/100|[from] item: Leftovers
|-sideend|p2: TryinSome|Reflect
|upkeep
|turn|10
|
|t:|1760452948
|move|p2a: Toxtricity|Boomburst|p1a: Latias
|-damage|p1a: Latias|0 fnt
|faint|p1a: Latias
|
|-sideend|p2: TryinSome|move: Light Screen
|upkeep
|
|t:|1760452956
|switch|p1a: Pecharunt|Pecharunt|100/100
|turn|11
|
|t:|1760452964
|-terastallize|p2a: Toxtricity|Normal
|move|p2a: Toxtricity|Overdrive|p1a: Pecharunt
|-damage|p1a: Pecharunt|27/100
|move|p1a: Pecharunt|Toxic|p2a: Toxtricity
|-status|p2a: Toxtricity|tox
|-start|p2a: Toxtricity|confusion|[from] ability: Poison Puppeteer|[of] p1a: Pecharunt
|
|-damage|p2a: Toxtricity|65/100 tox|[from] psn
|upkeep
|turn|12
|
|t:|1760452976
|move|p1a: Pecharunt|Protect|p1a: Pecharunt
|-singleturn|p1a: Pecharunt|Protect
|-activate|p2a: Toxtricity|confusion
|move|p2a: Toxtricity|Overdrive|p1a: Pecharunt
|-activate|p1a: Pecharunt|move: Protect
|
|-damage|p2a: Toxtricity|53/100 tox|[from] psn
|upkeep
|turn|13
|
|t:|1760452989
|-activate|p2a: Toxtricity|confusion
|move|p2a: Toxtricity|Overdrive|p1a: Pecharunt
|-damage|p1a: Pecharunt|0 fnt
|faint|p1a: Pecharunt
|
|-damage|p2a: Toxtricity|35/100 tox|[from] psn
|upkeep
|
|t:|1760452996
|switch|p1a: Hatterene|Hatterene, F|100/100
|turn|14
|
|t:|1760452999
|move|p1a: Hatterene|Protect|p1a: Hatterene
|-singleturn|p1a: Hatterene|Protect
|-activate|p2a: Toxtricity|confusion
|move|p2a: Toxtricity|Boomburst|p1a: Hatterene
|-activate|p1a: Hatterene|move: Protect
|
|-damage|p2a: Toxtricity|10/100 tox|[from] psn
|upkeep
|turn|15
|
|t:|1760453013
|-end|p2a: Toxtricity|confusion
|move|p2a: Toxtricity|Boomburst|p1a: Hatterene
|-damage|p1a: Hatterene|0 fnt
|faint|p1a: Hatterene
|
|-damage|p2a: Toxtricity|0 fnt|[from] psn
|faint|p2a: Toxtricity
|upkeep
|
|t:|1760453023
|switch|p2a: Araquanid|Araquanid, M, shiny|100/100
|switch|p1a: Meowscarada|Meowscarada, M|100/100
|-damage|p2a: Araquanid|75/100|[from] Stealth Rock
|-damage|p2a: Araquanid|50/100|[from] Spikes
|turn|16
|
|t:|1760453040
|move|p1a: Meowscarada|Play Rough|p2a: Araquanid
|-start|p1a: Meowscarada|typechange|Fairy|[from] ability: Protean
|-damage|p2a: Araquanid|5/100
|move|p2a: Araquanid|Sticky Web|p1a: Meowscarada
|-sidestart|p1: Scimian|move: Sticky Web
|
|-heal|p2a: Araquanid|11/100|[from] item: Leftovers
|upkeep
|turn|17
|
|t:|1760453051
|move|p1a: Meowscarada|Brick Break|p2a: Araquanid
|-resisted|p2a: Araquanid
|-damage|p2a: Araquanid|0 fnt
|faint|p2a: Araquanid
|
|upkeep
|
|t:|1760453056
|switch|p2a: Grimmsnarl|Grimmsnarl, M, shiny|100/100
|-damage|p2a: Grimmsnarl|88/100|[from] Stealth Rock
|-damage|p2a: Grimmsnarl|63/100|[from] Spikes
|turn|18
|
|t:|1760453066
|move|p2a: Grimmsnarl|Reflect|p2a: Grimmsnarl
|-sidestart|p2: TryinSome|Reflect
|move|p1a: Meowscarada|Flower Trick|p2a: Grimmsnarl
|-crit|p2a: Grimmsnarl
|-damage|p2a: Grimmsnarl|31/100
|
|upkeep
|turn|19
|
|t:|1760453072
|move|p1a: Meowscarada|Flower Trick|p2a: Grimmsnarl
|-crit|p2a: Grimmsnarl
|-damage|p2a: Grimmsnarl|1/100
|move|p2a: Grimmsnarl|Play Rough|p1a: Meowscarada
|-damage|p1a: Meowscarada|38/100
|
|upkeep
|turn|20
|
|t:|1760453080
|move|p1a: Meowscarada|Flower Trick|p2a: Grimmsnarl
|-crit|p2a: Grimmsnarl
|-damage|p2a: Grimmsnarl|0 fnt
|faint|p2a: Grimmsnarl
|
|upkeep
|
|t:|1760453085
|switch|p2a: Lycanroc|Lycanroc-Dusk, M, shiny|100/100
|-damage|p2a: Lycanroc|88/100|[from] Stealth Rock
|-damage|p2a: Lycanroc|63/100|[from] Spikes
|turn|21
|
|t:|1760453091
|move|p2a: Lycanroc|Accelerock|p1a: Meowscarada
|-damage|p1a: Meowscarada|0 fnt
|faint|p1a: Meowscarada
|
|upkeep
|
|t:|1760453096
|switch|p1a: Ogerpon|Ogerpon-Wellspring, F|100/100
|-activate|p1a: Ogerpon|move: Sticky Web
|-unboost|p1a: Ogerpon|spe|1
|turn|22
|
|t:|1760453103
|move|p2a: Lycanroc|Close Combat|p1a: Ogerpon
|-damage|p1a: Ogerpon|47/100
|-unboost|p2a: Lycanroc|def|1
|-unboost|p2a: Lycanroc|spd|1
|move|p1a: Ogerpon|Ivy Cudgel|p2a: Lycanroc|[anim] Ivy Cudgel Water
|-supereffective|p2a: Lycanroc
|-damage|p2a: Lycanroc|0 fnt
|faint|p2a: Lycanroc
|
|upkeep
|
|t:|1760453107
|switch|p2a: Magmortar|Magmortar, M|59/100
|-damage|p2a: Magmortar|35/100|[from] Stealth Rock
|-damage|p2a: Magmortar|10/100|[from] Spikes
|turn|23
|
|t:|1760453119
|move|p2a: Magmortar|Thunderbolt|p1a: Ogerpon
|-damage|p1a: Ogerpon|8/100
|-status|p1a: Ogerpon|par
|cant|p1a: Ogerpon|par
|
|upkeep
|turn|24
|-message|Scimian forfeited.
|
|win|TryinSome
|raw|Scimian's rating: 1205 &rarr; <strong>1177</strong><br />(-28 for losing)
|raw|TryinSome's rating: 1158 &rarr; <strong>1186</strong><br />(+28 for winning)
|l|☆Scimian
|player|p1|
|l|☆TryinSome
|player|p2|
