|j|☆tourman
|j|☆hennyhardaway1
|t:|1760393506
|gametype|singles
|player|p1|tourman|102|1381
|player|p2|hennyhardaway1|lucian|1357
|gen|9
|tier|[Gen 9] OU
|rated|
|rule|HP Percentage Mod: HP is shown in percentages
|rule|Endless Battle Clause: Forcing endless battles is banned
|rule|Species Clause: Limit one of each Pokémon
|rule|OHKO Clause: OHKO moves are banned
|rule|Evasion Items Clause: Evasion items are banned
|rule|Evasion Moves Clause: Evasion moves are banned
|rule|Evasion Abilities Clause: Evasion abilities are banned
|rule|Sleep Moves Clause: Sleep-inducing moves are banned
|clearpoke
|poke|p1|Garchomp, M|
|poke|p1|Darkrai|
|poke|p1|Gholdengo|
|poke|p1|Ogerpon-Wellspring, F|
|poke|p1|Iron Valiant|
|poke|p1|Iron Treads|
|poke|p2|Garchomp, M|
|poke|p2|Darkrai|
|poke|p2|Gholdengo|
|poke|p2|Ogerpon-Wellspring, F|
|poke|p2|Iron Valiant|
|poke|p2|Iron Treads|
|teampreview
|c|☆tourman|hmm
|c|☆hennyhardaway1|well
|c|☆tourman|lol
|
|t:|1760393524
|teamsize|p1|6
|teamsize|p2|6
|start
|switch|p1a: Iron Treads|Iron Treads|100/100
|switch|p2a: Darkrai|Darkrai|100/100
|turn|1
|inactive|Battle timer is ON: inactive players will automatically lose when time's up. (requested by tourman)
|
|t:|1760393536
|move|p2a: Darkrai|Knock Off|p1a: Iron Treads
|-damage|p1a: Iron Treads|72/100
|-enditem|p1a: Iron Treads|Leftovers|[from] move: Knock Off|[of] p2a: Darkrai
|move|p1a: Iron Treads|Earthquake|p2a: Darkrai
|-damage|p2a: Darkrai|52/100
|
|upkeep
|turn|2
|
|t:|1760393555
|-end|p1a: Iron Treads|Quark Drive|[silent]
|switch|p1a: Darkrai|Darkrai|100/100
|move|p2a: Darkrai|Dark Pulse|p1a: Darkrai
|-resisted|p1a: Darkrai
|-damage|p1a: Darkrai|70/100
|
|upkeep
|turn|3
|
|t:|1760393567
|move|p2a: Darkrai|Sludge Bomb|p1a: Darkrai
|-damage|p1a: Darkrai|22/100
|move|p1a: Darkrai|Sludge Bomb|p2a: Darkrai
|-damage|p2a: Darkrai|6/100
|
|upkeep
|turn|4
|
|t:|1760393578
|move|p2a: Darkrai|Ice Beam|p1a: Darkrai
|-damage|p1a: Darkrai|0 fnt
|faint|p1a: Darkrai
|
|upkeep
|
|t:|1760393592
|switch|p1a: Ogerpon|Ogerpon-Wellspring, F|100/100
|turn|5
|
|t:|1760393599
|-terastallize|p1a: Ogerpon|Water
|detailschange|p1a: Ogerpon|Ogerpon-Wellspring-Tera, F, tera:Water
|-ability|p1a: Ogerpon|Embody Aspect (Wellspring)|boost
|-boost|p1a: Ogerpon|spd|1
|move|p2a: Darkrai|Sludge Bomb|p1a: Ogerpon
|-damage|p1a: Ogerpon|78/100
|-status|p1a: Ogerpon|psn
|move|p1a: Ogerpon|Trailblaze|p2a: Darkrai
|-damage|p2a: Darkrai|0 fnt
|-boost|p1a: Ogerpon|spe|1
|faint|p2a: Darkrai
|
|-damage|p1a: Ogerpon|66/100 psn|[from] psn
|upkeep
|
|t:|1760393608
|switch|p2a: Garchomp|Garchomp, M|100/100
|turn|6
|
|t:|1760393616
|move|p1a: Ogerpon|Ivy Cudgel|p2a: Garchomp|[anim] Ivy Cudgel Water
|-damage|p2a: Garchomp|57/100
|move|p2a: Garchomp|Dragon Tail|p1a: Ogerpon
|-damage|p1a: Ogerpon|37/100 psn
|drag|p1a: Gholdengo|Gholdengo|100/100
|-item|p1a: Gholdengo|Air Balloon
|
|upkeep
|turn|7
|
|t:|1760393626
|move|p1a: Gholdengo|Make It Rain|p2a: Garchomp
|-damage|p2a: Garchomp|5/100
|-unboost|p1a: Gholdengo|spa|1
|move|p2a: Garchomp|Dragon Tail|p1a: Gholdengo
|-resisted|p1a: Gholdengo
|-damage|p1a: Gholdengo|91/100
|-enditem|p1a: Gholdengo|Air Balloon
|drag|p1a: Garchomp|Garchomp, M|100/100
|
|upkeep
|turn|8
|
|t:|1760393634
|move|p1a: Garchomp|Earthquake|p2a: Garchomp
|-damage|p2a: Garchomp|0 fnt
|faint|p2a: Garchomp
|
|upkeep
|
|t:|1760393650
|switch|p2a: Iron Treads|Iron Treads|100/100
|turn|9
|
|t:|1760393662
|switch|p1a: Ogerpon|Ogerpon-Wellspring-Tera, F, tera:Water|37/100 psn
|-ability|p1a: Ogerpon|Embody Aspect (Wellspring)|boost
|-boost|p1a: Ogerpon|spd|1
|move|p2a: Iron Treads|Ice Spinner|p1a: Ogerpon
|-resisted|p1a: Ogerpon
|-damage|p1a: Ogerpon|26/100 psn
|
|-damage|p1a: Ogerpon|14/100 psn|[from] psn
|upkeep
|turn|10
|
|t:|1760393670
|-end|p2a: Iron Treads|Quark Drive|[silent]
|switch|p2a: Ogerpon|Ogerpon-Wellspring, F|100/100
|move|p1a: Ogerpon|Synthesis|p1a: Ogerpon
|-heal|p1a: Ogerpon|63/100 psn
|
|-damage|p1a: Ogerpon|51/100 psn|[from] psn
|upkeep
|turn|11
|
|t:|1760393679
|switch|p1a: Gholdengo|Gholdengo|91/100
|move|p2a: Ogerpon|Swords Dance|p2a: Ogerpon
|-boost|p2a: Ogerpon|atk|2
|
|upkeep
|turn|12
|
|t:|1760393683
|move|p2a: Ogerpon|Ivy Cudgel|p1a: Gholdengo|[anim] Ivy Cudgel Water
|-damage|p1a: Gholdengo|17/100
|move|p1a: Gholdengo|Thunder Wave|p2a: Ogerpon
|-status|p2a: Ogerpon|par
|
|upkeep
|turn|13
|
|t:|1760393691
|move|p1a: Gholdengo|Hex|p2a: Ogerpon
|-damage|p2a: Ogerpon|40/100 par
|move|p2a: Ogerpon|Trailblaze|p1a: Gholdengo
|-resisted|p1a: Gholdengo
|-damage|p1a: Gholdengo|0 fnt
|-boost|p2a: Ogerpon|spe|1
|faint|p1a: Gholdengo
|
|upkeep
|
|t:|1760393712
|switch|p1a: Iron Valiant|Iron Valiant|100/100
|-enditem|p1a: Iron Valiant|Booster Energy
|-activate|p1a: Iron Valiant|ability: Quark Drive|[fromitem]
|-start|p1a: Iron Valiant|quarkdrivespe
|turn|14
|
|t:|1760393720
|switch|p2a: Iron Treads|Iron Treads|100/100
|move|p1a: Iron Valiant|Moonblast|p2a: Iron Treads
|-resisted|p2a: Iron Treads
|-damage|p2a: Iron Treads|78/100
|
|-heal|p2a: Iron Treads|84/100|[from] item: Leftovers
|upkeep
|turn|15
|
|t:|1760393730
|-end|p1a: Iron Valiant|Quark Drive|[silent]
|switch|p1a: Ogerpon|Ogerpon-Wellspring-Tera, F, tera:Water|51/100 psn
|-ability|p1a: Ogerpon|Embody Aspect (Wellspring)|boost
|-boost|p1a: Ogerpon|spd|1
|move|p2a: Iron Treads|Earthquake|p1a: Ogerpon
|-damage|p1a: Ogerpon|4/100 psn
|
|-heal|p2a: Iron Treads|90/100|[from] item: Leftovers
|-damage|p1a: Ogerpon|0 fnt|[from] psn
|faint|p1a: Ogerpon
|detailschange|p1: Ogerpon|Ogerpon-Wellspring, F|[silent]
|upkeep
|
|t:|1760393732
|switch|p1a: Garchomp|Garchomp, M|100/100
|turn|16
|
|t:|1760393742
|move|p2a: Iron Treads|Earthquake|p1a: Garchomp
|-damage|p1a: Garchomp|76/100
|move|p1a: Garchomp|Earthquake|p2a: Iron Treads
|-supereffective|p2a: Iron Treads
|-damage|p2a: Iron Treads|15/100
|
|-heal|p2a: Iron Treads|20/100|[from] item: Leftovers
|upkeep
|turn|17
|
|t:|1760393752
|-end|p2a: Iron Treads|Quark Drive|[silent]
|switch|p2a: Ogerpon|Ogerpon-Wellspring, F|40/100 par
|move|p1a: Garchomp|Dragon Tail|p2a: Ogerpon
|-damage|p2a: Ogerpon|10/100 par
|drag|p2a: Iron Treads|Iron Treads|20/100
|
|-heal|p2a: Iron Treads|26/100|[from] item: Leftovers
|upkeep
|turn|18
|
|t:|1760393756
|-end|p2a: Iron Treads|Quark Drive|[silent]
|switch|p2a: Ogerpon|Ogerpon-Wellspring, F|10/100 par
|move|p1a: Garchomp|Earthquake|p2a: Ogerpon
|-resisted|p2a: Ogerpon
|-damage|p2a: Ogerpon|0 fnt
|faint|p2a: Ogerpon
|
|upkeep
|
|t:|1760393768
|switch|p2a: Gholdengo|Gholdengo|100/100
|-item|p2a: Gholdengo|Air Balloon
|turn|19
|
|t:|1760393777
|move|p2a: Gholdengo|Hex|p1a: Garchomp
|-damage|p1a: Garchomp|49/100
|move|p1a: Garchomp|Dragon Tail|p2a: Gholdengo
|-resisted|p2a: Gholdengo
|-damage|p2a: Gholdengo|91/100
|-enditem|p2a: Gholdengo|Air Balloon
|drag|p2a: Iron Valiant|Iron Valiant|100/100
|-enditem|p2a: Iron Valiant|Booster Energy
|-activate|p2a: Iron Valiant|ability: Quark Drive|[fromitem]
|-start|p2a: Iron Valiant|quarkdrivespe
|
|upkeep
|turn|20
|
|t:|1760393785
|switch|p1a: Iron Treads|Iron Treads|72/100
|move|p2a: Iron Valiant|Calm Mind|p2a: Iron Valiant
|-boost|p2a: Iron Valiant|spa|1
|-boost|p2a: Iron Valiant|spd|1
|
|upkeep
|turn|21
|
|t:|1760393790
|move|p2a: Iron Valiant|Moonblast|p1a: Iron Treads
|-resisted|p1a: Iron Treads
|-damage|p1a: Iron Treads|38/100
|-unboost|p1a: Iron Treads|spa|1
|move|p1a: Iron Treads|Earthquake|p2a: Iron Valiant
|-damage|p2a: Iron Valiant|52/100
|
|upkeep
|turn|22
|
|t:|1760393796
|move|p2a: Iron Valiant|Moonblast|p1a: Iron Treads
|-resisted|p1a: Iron Treads
|-damage|p1a: Iron Treads|0 fnt
|faint|p1a: Iron Treads
|-end|p1a: Iron Treads|Quark Drive|[silent]
|
|upkeep
|-message|tourman forfeited.
|
|win|hennyhardaway1
|raw|tourman's rating: 1381 &rarr; <strong>1360</strong><br />(-21 for losing)
|raw|hennyhardaway1's rating: 1357 &rarr; <strong>1378</strong><br />(+21 for winning)
|l|☆tourman
|player|p1|
