|j|☆johnnyn12
|j|☆gigapoophater
|t:|1760333177
|gametype|singles
|player|p1|johnnyn12|cynthia-gen4|1114
|player|p2|gigapoophater|swimmer|1126
|gen|9
|tier|[Gen 9] OU
|rated|
|rule|HP Percentage Mod: HP is shown in percentages
|rule|Endless Battle Clause: Forcing endless battles is banned
|rule|Species Clause: Limit one of each Pokémon
|rule|OHKO Clause: OHKO moves are banned
|rule|Evasion Items Clause: Evasion items are banned
|rule|Evasion Moves Clause: Evasion moves are banned
|rule|Evasion Abilities Clause: Evasion abilities are banned
|rule|Sleep Moves Clause: Sleep-inducing moves are banned
|clearpoke
|poke|p1|Quaquaval, M|
|poke|p1|Gyarados, F|
|poke|p1|Salamence, F|
|poke|p1|Honchkrow, M|
|poke|p1|Scrafty, M|
|poke|p1|Krookodile, M|
|poke|p2|Brambleghast, M|
|poke|p2|Iron Treads|
|poke|p2|Hatterene, F|
|poke|p2|Yanmega, M|
|poke|p2|Weavile, M|
|poke|p2|Chandelure, F|
|teampreview
|inactive|Battle timer is ON: inactive players will automatically lose when time's up. (requested by johnnyn12)
|
|t:|1760333195
|teamsize|p1|6
|teamsize|p2|6
|start
|switch|p1a: Krookodile|Krookodile, M|100/100
|switch|p2a: Yanmega|Yanmega, M|100/100
|turn|1
|
|t:|1760333204
|move|p1a: Krookodile|Stone Edge|p2a: Yanmega
|-supereffective|p2a: Yanmega
|-damage|p2a: Yanmega|0 fnt
|faint|p2a: Yanmega
|-ability|p1a: Krookodile|Moxie|boost
|-boost|p1a: Krookodile|atk|1
|
|upkeep
|
|t:|1760333207
|switch|p2a: Hatterene|Hatterene, F|100/100
|turn|2
|
|t:|1760333210
|move|p1a: Krookodile|Gunk Shot|p2a: Hatterene|[miss]
|-miss|p1a: Krookodile|p2a: Hatterene
|move|p2a: Hatterene|Draining Kiss|p1a: Krookodile
|-supereffective|p1a: Krookodile
|-damage|p1a: Krookodile|0 fnt
|faint|p1a: Krookodile
|-damage|p2a: Hatterene|91/100|[from] item: Life Orb
|
|upkeep
|
|t:|1760333217
|switch|p1a: Scrafty|Scrafty, M|100/100
|turn|3
|
|t:|1760333222
|-terastallize|p1a: Scrafty|Poison
|move|p1a: Scrafty|Dragon Dance|p1a: Scrafty
|-boost|p1a: Scrafty|atk|1
|-boost|p1a: Scrafty|spe|1
|move|p2a: Hatterene|Draining Kiss|p1a: Scrafty
|-resisted|p1a: Scrafty
|-crit|p1a: Scrafty
|-damage|p1a: Scrafty|67/100
|-heal|p2a: Hatterene|100/100|[from] drain|[of] p1a: Scrafty
|-damage|p2a: Hatterene|91/100|[from] item: Life Orb
|
|-heal|p1a: Scrafty|73/100|[from] item: Leftovers
|upkeep
|turn|4
|
|t:|1760333235
|move|p1a: Scrafty|Poison Jab|p2a: Hatterene
|-supereffective|p2a: Hatterene
|-damage|p2a: Hatterene|0 fnt
|faint|p2a: Hatterene
|-ability|p1a: Scrafty|Moxie|boost
|-boost|p1a: Scrafty|atk|1
|
|-heal|p1a: Scrafty|79/100|[from] item: Leftovers
|upkeep
|
|t:|1760333248
|switch|p2a: Weavile|Weavile, M|100/100
|-ability|p2a: Weavile|Pressure
|turn|5
|
|t:|1760333250
|move|p2a: Weavile|Triple Axel|p1a: Scrafty|[miss]
|-miss|p2a: Weavile|p1a: Scrafty
|move|p1a: Scrafty|Drain Punch|p2a: Weavile
|-supereffective|p2a: Weavile
|-damage|p2a: Weavile|0 fnt
|-heal|p1a: Scrafty|100/100|[from] drain|[of] p2a: Weavile
|faint|p2a: Weavile
|-ability|p1a: Scrafty|Moxie|boost
|-boost|p1a: Scrafty|atk|1
|
|upkeep
|
|t:|1760333253
|switch|p2a: Iron Treads|Iron Treads|100/100
|-enditem|p2a: Iron Treads|Booster Energy
|-activate|p2a: Iron Treads|ability: Quark Drive|[fromitem]
|-start|p2a: Iron Treads|quarkdrivespe
|turn|6
|
|t:|1760333261
|move|p2a: Iron Treads|Earthquake|p1a: Scrafty
|-supereffective|p1a: Scrafty
|-damage|p1a: Scrafty|0 fnt
|faint|p1a: Scrafty
|
|upkeep
|
|t:|1760333265
|switch|p1a: Quaquaval|Quaquaval, M|100/100
|turn|7
|
|t:|1760333274
|move|p2a: Iron Treads|Earthquake|p1a: Quaquaval
|-crit|p1a: Quaquaval
|-damage|p1a: Quaquaval|5/100
|move|p1a: Quaquaval|Aqua Step|p2a: Iron Treads
|-supereffective|p2a: Iron Treads
|-damage|p2a: Iron Treads|26/100
|-boost|p1a: Quaquaval|spe|1
|
|-heal|p1a: Quaquaval|11/100|[from] item: Leftovers
|upkeep
|turn|8
|
|t:|1760333281
|move|p1a: Quaquaval|Aqua Jet|p2a: Iron Treads
|-supereffective|p2a: Iron Treads
|-damage|p2a: Iron Treads|0 fnt
|faint|p2a: Iron Treads
|-end|p2a: Iron Treads|Quark Drive|[silent]
|-ability|p1a: Quaquaval|Moxie|boost
|-boost|p1a: Quaquaval|atk|1
|
|-heal|p1a: Quaquaval|17/100|[from] item: Leftovers
|upkeep
|
|t:|1760333285
|switch|p2a: Brambleghast|Brambleghast, M|100/100
|turn|9
|
|t:|1760333289
|move|p2a: Brambleghast|Shadow Sneak|p1a: Quaquaval
|-damage|p1a: Quaquaval|0 fnt
|faint|p1a: Quaquaval
|
|upkeep
|
|t:|1760333291
|switch|p1a: Salamence|Salamence, F|100/100
|turn|10
|
|t:|1760333297
|move|p2a: Brambleghast|Shadow Sneak|p1a: Salamence
|-damage|p1a: Salamence|63/100
|move|p1a: Salamence|Dragon Dance|p1a: Salamence
|-boost|p1a: Salamence|atk|1
|-boost|p1a: Salamence|spe|1
|
|upkeep
|turn|11
|
|t:|1760333306
|-terastallize|p2a: Brambleghast|Fairy
|move|p2a: Brambleghast|Shadow Sneak|p1a: Salamence
|-damage|p1a: Salamence|20/100
|move|p1a: Salamence|Dual Wingbeat|p2a: Brambleghast
|-damage|p2a: Brambleghast|37/100
|-damage|p2a: Brambleghast|0 fnt
|faint|p2a: Brambleghast
|-ability|p1a: Salamence|Moxie|boost
|-boost|p1a: Salamence|atk|1
|-hitcount|p2: Brambleghast|2
|
|upkeep
|
|t:|1760333313
|switch|p2a: Chandelure|Chandelure, F|100/100
|turn|12
|
|t:|1760333320
|move|p1a: Salamence|Earthquake|p2a: Chandelure
|-supereffective|p2a: Chandelure
|-damage|p2a: Chandelure|0 fnt
|faint|p2a: Chandelure
|
|win|johnnyn12
|raw|johnnyn12's rating: 1114 &rarr; <strong>1140</strong><br />(+26 for winning)
|raw|gigapoophater's rating: 1126 &rarr; <strong>1100</strong><br />(-26 for losing)
|l|☆gigapoophater
|player|p2|
|l|☆johnnyn12
|player|p1|
