|j|☆mastersneak
|j|☆waki0405
|t:|1760322213
|gametype|singles
|player|p1|mastersneak|266|1234
|player|p2|waki0405|169|1217
|gen|9
|tier|[Gen 9] OU
|rated|
|rule|HP Percentage Mod: HP is shown in percentages
|rule|Endless Battle Clause: Forcing endless battles is banned
|rule|Species Clause: Limit one of each Pokémon
|rule|OHKO Clause: OHKO moves are banned
|rule|Evasion Items Clause: Evasion items are banned
|rule|Evasion Moves Clause: Evasion moves are banned
|rule|Evasion Abilities Clause: Evasion abilities are banned
|rule|Sleep Moves Clause: Sleep-inducing moves are banned
|clearpoke
|poke|p1|Kyurem|
|poke|p1|Braviary, M|
|poke|p1|Golurk|
|poke|p1|Vileplume, F|
|poke|p1|Empoleon, M|
|poke|p1|Clefable, F|
|poke|p2|Polteageist|
|poke|p2|Kingambit, M|
|poke|p2|Ceruledge, F|
|poke|p2|Ogerpon-Wellspring, F|
|poke|p2|Glimmora, M|
|poke|p2|Gholdengo|
|teampreview
|j| venomania
|
|t:|1760322222
|teamsize|p1|6
|teamsize|p2|6
|start
|switch|p1a: Golurk|Golurk|100/100
|switch|p2a: Glimmora|Glimmora, M|100/100
|turn|1
|
|t:|1760322231
|move|p2a: Glimmora|Stealth Rock|p1a: Golurk
|-sidestart|p1: mastersneak|move: Stealth Rock
|move|p1a: Golurk|Dynamic Punch|p2a: Glimmora
|-damage|p2a: Glimmora|52/100
|-start|p2a: Glimmora|confusion
|-activate|p2a: Glimmora|ability: Toxic Debris
|-sidestart|p1: mastersneak|move: Toxic Spikes
|
|upkeep
|turn|2
|
|t:|1760322247
|-activate|p2a: Glimmora|confusion
|move|p2a: Glimmora|Mortal Spin|p1a: Golurk
|-resisted|p1a: Golurk
|-damage|p1a: Golurk|99/100
|-status|p1a: Golurk|psn
|move|p1a: Golurk|Earthquake|p2a: Glimmora
|-supereffective|p2a: Glimmora
|-damage|p2a: Glimmora|0 fnt
|-activate|p2a: Glimmora|ability: Toxic Debris
|-sidestart|p1: mastersneak|move: Toxic Spikes
|faint|p2a: Glimmora
|
|-heal|p1a: Golurk|100/100 psn|[from] item: Leftovers
|-damage|p1a: Golurk|88/100 psn|[from] psn
|upkeep
|
|t:|1760322250
|switch|p2a: Ogerpon|Ogerpon-Wellspring, F|100/100
|turn|3
|
|t:|1760322263
|move|p2a: Ogerpon|Ivy Cudgel|p1a: Golurk|[anim] Ivy Cudgel Water
|-supereffective|p1a: Golurk
|-damage|p1a: Golurk|0 fnt
|faint|p1a: Golurk
|
|upkeep
|
|t:|1760322272
|switch|p1a: Vileplume|Vileplume, F|100/100
|-damage|p1a: Vileplume|88/100|[from] Stealth Rock
|-sideend|p1: mastersneak|move: Toxic Spikes|[of] p1a: Vileplume
|turn|4
|
|t:|1760322280
|switch|p2a: Gholdengo|Gholdengo|100/100
|-item|p2a: Gholdengo|Air Balloon
|move|p1a: Vileplume|Leech Seed|p2a: Gholdengo
|-immune|p2a: Gholdengo|[from] ability: Good as Gold
|
|upkeep
|turn|5
|
|t:|1760322298
|switch|p1a: Empoleon|Empoleon, M|100/100
|-damage|p1a: Empoleon|94/100|[from] Stealth Rock
|move|p2a: Gholdengo|Nasty Plot|p2a: Gholdengo
|-boost|p2a: Gholdengo|spa|2
|
|-heal|p1a: Empoleon|100/100|[from] item: Leftovers
|upkeep
|turn|6
|
|t:|1760322312
|move|p2a: Gholdengo|Shadow Ball|p1a: Empoleon
|-damage|p1a: Empoleon|32/100
|move|p1a: Empoleon|Surf|p2a: Gholdengo
|-damage|p2a: Gholdengo|54/100
|-enditem|p2a: Gholdengo|Air Balloon
|
|-heal|p1a: Empoleon|38/100|[from] item: Leftovers
|upkeep
|turn|7
|
|t:|1760322335
|move|p2a: Gholdengo|Shadow Ball|p1a: Empoleon
|-damage|p1a: Empoleon|0 fnt
|faint|p1a: Empoleon
|
|upkeep
|
|t:|1760322352
|switch|p1a: Kyurem|Kyurem|100/100
|-damage|p1a: Kyurem|75/100|[from] Stealth Rock
|-ability|p1a: Kyurem|Pressure
|turn|8
|
|t:|1760322365
|-terastallize|p1a: Kyurem|Ground
|move|p1a: Kyurem|Earth Power|p2a: Gholdengo
|-supereffective|p2a: Gholdengo
|-damage|p2a: Gholdengo|0 fnt
|faint|p2a: Gholdengo
|
|-heal|p1a: Kyurem|82/100|[from] item: Leftovers
|upkeep
|
|t:|1760322369
|switch|p2a: Ogerpon|Ogerpon-Wellspring, F|100/100
|turn|9
|
|t:|1760322393
|switch|p2a: Ceruledge|Ceruledge, F|100/100
|move|p1a: Kyurem|Protect||[still]
|-fail|p1a: Kyurem
|
|-heal|p1a: Kyurem|88/100|[from] item: Leftovers
|upkeep
|turn|10
|
|t:|1760322401
|switch|p2a: Ogerpon|Ogerpon-Wellspring, F|100/100
|move|p1a: Kyurem|Earth Power|p2a: Ogerpon
|-resisted|p2a: Ogerpon
|-damage|p2a: Ogerpon|76/100
|
|-heal|p1a: Kyurem|94/100|[from] item: Leftovers
|upkeep
|turn|11
|
|t:|1760322407
|move|p1a: Kyurem|Protect|p1a: Kyurem
|-singleturn|p1a: Kyurem|Protect
|move|p2a: Ogerpon|Swords Dance|p2a: Ogerpon
|-boost|p2a: Ogerpon|atk|2
|
|-heal|p1a: Kyurem|99/100|[from] item: Leftovers
|upkeep
|turn|12
|
|t:|1760322423
|switch|p1a: Vileplume|Vileplume, F|88/100
|-damage|p1a: Vileplume|76/100|[from] Stealth Rock
|-terastallize|p2a: Ogerpon|Water
|detailschange|p2a: Ogerpon|Ogerpon-Wellspring-Tera, F, tera:Water
|-ability|p2a: Ogerpon|Embody Aspect (Wellspring)|boost
|-boost|p2a: Ogerpon|spd|1
|move|p2a: Ogerpon|Ivy Cudgel|p1a: Vileplume|[anim] Ivy Cudgel Water
|-resisted|p1a: Vileplume
|-damage|p1a: Vileplume|14/100
|
|upkeep
|turn|13
|
|t:|1760322435
|move|p2a: Ogerpon|Ivy Cudgel|p1a: Vileplume|[anim] Ivy Cudgel Water
|-resisted|p1a: Vileplume
|-damage|p1a: Vileplume|0 fnt
|faint|p1a: Vileplume
|
|upkeep
|
|t:|1760322447
|switch|p1a: Braviary|Braviary, M, shiny|100/100
|turn|14
|
|t:|1760322452
|move|p2a: Ogerpon|Ivy Cudgel|p1a: Braviary|[anim] Ivy Cudgel Water
|-damage|p1a: Braviary|0 fnt
|faint|p1a: Braviary
|
|upkeep
|
|t:|1760322458
|switch|p1a: Clefable|Clefable, F|100/100
|turn|15
|
|t:|1760322463
|move|p2a: Ogerpon|Ivy Cudgel|p1a: Clefable|[anim] Ivy Cudgel Water
|-damage|p1a: Clefable|0 fnt
|faint|p1a: Clefable
|
|upkeep
|-message|mastersneak forfeited.
|
|win|waki0405
|raw|mastersneak's rating: 1234 &rarr; <strong>1210</strong><br />(-24 for losing)
|raw|waki0405's rating: 1244 &rarr; <strong>1268</strong><br />(+24 for winning)
|l|☆mastersneak
|player|p1|
|l|☆waki0405
|player|p2|
