|j|☆arvends5
|j|☆B/CFan
|t:|1760335798
|gametype|singles
|player|p1|arvends5|blackbelt|1214
|player|p2|B/CFan|101|1257
|gen|9
|tier|[Gen 9] OU
|rated|
|rule|HP Percentage Mod: HP is shown in percentages
|rule|Endless Battle Clause: Forcing endless battles is banned
|rule|Species Clause: Limit one of each Pokémon
|rule|OHKO Clause: OHKO moves are banned
|rule|Evasion Items Clause: Evasion items are banned
|rule|Evasion Moves Clause: Evasion moves are banned
|rule|Evasion Abilities Clause: Evasion abilities are banned
|rule|Sleep Moves Clause: Sleep-inducing moves are banned
|clearpoke
|poke|p1|Tentacruel, M|
|poke|p1|Ditto|
|poke|p1|Haxorus, M|
|poke|p1|Samurott-Hisui, M|
|poke|p1|Bisharp, M|
|poke|p1|Skarmory, M|
|poke|p2|Rillaboom, M|
|poke|p2|Hawlucha, M|
|poke|p2|Heatran, M|
|poke|p2|Raging Bolt|
|poke|p2|Samurott-Hisui, M|
|poke|p2|Weezing-Galar, M|
|teampreview
|
|t:|1760335806
|teamsize|p1|6
|teamsize|p2|6
|start
|switch|p1a: Haxorus|Haxorus, M|100/100
|switch|p2a: Heatran|Heatran, M|100/100
|-ability|p1a: Haxorus|Mold Breaker
|turn|1
|
|t:|1760335809
|switch|p2a: Rillaboom|Rillaboom, M|100/100
|-fieldstart|move: Grassy Terrain|[from] ability: Grassy Surge|[of] p2a: Rillaboom
|move|p1a: Haxorus|Earthquake|p2a: Rillaboom
|-resisted|p2a: Rillaboom
|-damage|p2a: Rillaboom|85/100
|
|-heal|p2a: Rillaboom|91/100|[from] Grassy Terrain
|upkeep
|turn|2
|
|t:|1760335815
|switch|p1a: Skarmory|Skarmory, M|100/100
|move|p2a: Rillaboom|U-turn|p1a: Skarmory
|-resisted|p1a: Skarmory
|-damage|p1a: Skarmory|95/100
|-damage|p2a: Rillaboom|75/100|[from] item: Rocky Helmet|[of] p1a: Skarmory
|
|t:|1760335819
|switch|p2a: Heatran|Heatran, M|100/100|[from] U-turn
|
|upkeep
|turn|3
|
|t:|1760335824
|switch|p1a: Tentacruel|Tentacruel, M|100/100
|move|p2a: Heatran|Lava Plume|p1a: Tentacruel
|-resisted|p1a: Tentacruel
|-damage|p1a: Tentacruel|90/100
|
|-heal|p1a: Tentacruel|96/100|[from] Grassy Terrain
|-heal|p1a: Tentacruel|100/100|[from] item: Black Sludge
|upkeep
|turn|4
|
|t:|1760335830
|move|p1a: Tentacruel|Surf|p2a: Heatran
|-supereffective|p2a: Heatran
|-damage|p2a: Heatran|64/100
|move|p2a: Heatran|Stealth Rock|p1a: Tentacruel
|-sidestart|p1: arvends5|move: Stealth Rock
|
|-heal|p2a: Heatran|70/100|[from] Grassy Terrain
|upkeep
|turn|5
|
|t:|1760335841
|switch|p2a: Samurott|Samurott-Hisui, M|100/100
|move|p1a: Tentacruel|Rapid Spin|p2a: Samurott
|-damage|p2a: Samurott|92/100
|-boost|p1a: Tentacruel|spe|1
|-sideend|p1: arvends5|Stealth Rock|[from] move: Rapid Spin|[of] p1a: Tentacruel
|
|-heal|p2a: Samurott|98/100|[from] Grassy Terrain
|-fieldend|move: Grassy Terrain
|upkeep
|turn|6
|
|t:|1760335845
|move|p1a: Tentacruel|Toxic|p2a: Samurott
|-status|p2a: Samurott|tox
|move|p2a: Samurott|Ceaseless Edge|p1a: Tentacruel
|-damage|p1a: Tentacruel|33/100
|-sidestart|p1: arvends5|Spikes
|
|-heal|p1a: Tentacruel|39/100|[from] item: Black Sludge
|-damage|p2a: Samurott|92/100 tox|[from] psn
|upkeep
|turn|7
|
|t:|1760335849
|switch|p1a: Skarmory|Skarmory, M|95/100
|move|p2a: Samurott|Ceaseless Edge|p1a: Skarmory
|-damage|p1a: Skarmory|68/100
|-damage|p2a: Samurott|75/100 tox|[from] item: Rocky Helmet|[of] p1a: Skarmory
|-sidestart|p1: arvends5|Spikes
|
|-damage|p2a: Samurott|63/100 tox|[from] psn
|upkeep
|turn|8
|
|t:|1760335853
|switch|p2a: Rillaboom|Rillaboom, M|75/100
|-fieldstart|move: Grassy Terrain|[from] ability: Grassy Surge|[of] p2a: Rillaboom
|move|p1a: Skarmory|Stealth Rock|p2a: Rillaboom
|-sidestart|p2: B/CFan|move: Stealth Rock
|
|-heal|p2a: Rillaboom|81/100|[from] Grassy Terrain
|upkeep
|turn|9
|
|t:|1760335858
|move|p2a: Rillaboom|Knock Off|p1a: Skarmory
|-damage|p1a: Skarmory|34/100
|-damage|p2a: Rillaboom|64/100|[from] item: Rocky Helmet|[of] p1a: Skarmory
|-enditem|p1a: Skarmory|Rocky Helmet|[from] move: Knock Off|[of] p2a: Rillaboom
|move|p1a: Skarmory|Body Press|p2a: Rillaboom
|-damage|p2a: Rillaboom|35/100
|
|-heal|p2a: Rillaboom|41/100|[from] Grassy Terrain
|upkeep
|turn|10
|
|t:|1760335871
|switch|p2a: Raging Bolt|Raging Bolt|100/100
|-damage|p2a: Raging Bolt|88/100|[from] Stealth Rock
|-enditem|p2a: Raging Bolt|Booster Energy
|-activate|p2a: Raging Bolt|ability: Protosynthesis|[fromitem]
|-start|p2a: Raging Bolt|protosynthesisspa
|move|p1a: Skarmory|Roost|p1a: Skarmory
|-heal|p1a: Skarmory|84/100
|-singleturn|p1a: Skarmory|move: Roost
|
|-heal|p2a: Raging Bolt|94/100|[from] Grassy Terrain
|-heal|p1a: Skarmory|90/100|[from] Grassy Terrain
|upkeep
|turn|11
|
|t:|1760335881
|switch|p1a: Ditto|Ditto|100/100
|-damage|p1a: Ditto|84/100|[from] Spikes
|-transform|p1a: Ditto|p2a: Raging Bolt|[from] ability: Imposter
|move|p2a: Raging Bolt|Calm Mind|p2a: Raging Bolt
|-boost|p2a: Raging Bolt|spa|1
|-boost|p2a: Raging Bolt|spd|1
|
|-heal|p1a: Ditto|90/100|[from] Grassy Terrain
|-heal|p2a: Raging Bolt|99/100|[from] Grassy Terrain
|upkeep
|turn|12
|
|t:|1760335890
|-end|p1a: Ditto|Protosynthesis|[silent]
|switch|p1a: Samurott|Samurott-Hisui, M|100/100
|-damage|p1a: Samurott|84/100|[from] Spikes
|-terastallize|p2a: Raging Bolt|Fairy
|move|p2a: Raging Bolt|Dragon Pulse|p1a: Samurott
|-crit|p1a: Samurott
|-damage|p1a: Samurott|0 fnt
|faint|p1a: Samurott
|
|-heal|p2a: Raging Bolt|100/100|[from] Grassy Terrain
|-fieldend|move: Grassy Terrain
|upkeep
|
|t:|1760335903
|switch|p1a: Bisharp|Bisharp, M|100/100
|-damage|p1a: Bisharp|84/100|[from] Spikes
|turn|13
|
|t:|1760335906
|move|p2a: Raging Bolt|Thunderbolt|p1a: Bisharp
|-damage|p1a: Bisharp|0 fnt
|faint|p1a: Bisharp
|
|upkeep
|-message|arvends5 forfeited.
|
|win|B/CFan
|raw|arvends5's rating: 1214 &rarr; <strong>1192</strong><br />(-22 for losing)
|raw|B&#x2f;CFan's rating: 1257 &rarr; <strong>1279</strong><br />(+22 for winning)
|l|☆arvends5
|player|p1|
|l|☆B/CFan
|player|p2|
