|j|☆Shuckle Brother888
|j|☆chedeqing
|t:|1760368070
|gametype|singles
|player|p1|Shuckle Brother888|1|1517
|player|p2|chedeqing|firebreather|1455
|gen|9
|tier|[Gen 9] OU
|rated|
|rule|HP Percentage Mod: HP is shown in percentages
|rule|Endless Battle Clause: Forcing endless battles is banned
|rule|Species Clause: Limit one of each Pokémon
|rule|OHKO Clause: OHKO moves are banned
|rule|Evasion Items Clause: Evasion items are banned
|rule|Evasion Moves Clause: Evasion moves are banned
|rule|Evasion Abilities Clause: Evasion abilities are banned
|rule|Sleep Moves Clause: Sleep-inducing moves are banned
|clearpoke
|poke|p1|Landorus-Therian, M|
|poke|p1|Samurott-Hisui, M|
|poke|p1|Pecharunt|
|poke|p1|Scizor, F|
|poke|p1|Latios, M|
|poke|p1|Zamazenta-*|
|poke|p2|Grimmsnarl, M|
|poke|p2|Feraligatr, M|
|poke|p2|Hatterene, F|
|poke|p2|Gliscor, M|
|poke|p2|Dragonite, F|
|poke|p2|Raging Bolt|
|teampreview
|inactive|Battle timer is ON: inactive players will automatically lose when time's up. (requested by Shuckle Brother888)
|
|t:|1760368083
|teamsize|p1|6
|teamsize|p2|6
|start
|switch|p1a: Scizor|Scizor, F|100/100
|switch|p2a: Grimmsnarl|Grimmsnarl, M|100/100
|turn|1
|
|t:|1760368095
|move|p2a: Grimmsnarl|Parting Shot|p1a: Scizor
|-unboost|p1a: Scizor|atk|1
|-unboost|p1a: Scizor|spa|1
|
|t:|1760368107
|switch|p2a: Feraligatr|Feraligatr, M, shiny|100/100|[from] Parting Shot
|move|p1a: Scizor|Knock Off|p2a: Feraligatr
|-damage|p2a: Feraligatr|75/100
|-enditem|p2a: Feraligatr|Life Orb|[from] move: Knock Off|[of] p1a: Scizor
|
|upkeep
|turn|2
|inactive|Shuckle Brother888 has 120 seconds left.
|
|t:|1760368139
|switch|p1a: Samurott|Samurott-Hisui, M|100/100
|move|p2a: Feraligatr|Dragon Dance|p2a: Feraligatr
|-boost|p2a: Feraligatr|atk|1
|-boost|p2a: Feraligatr|spe|1
|
|upkeep
|turn|3
|
|t:|1760368162
|move|p2a: Feraligatr|Liquidation|p1a: Samurott
|-resisted|p1a: Samurott
|-damage|p1a: Samurott|58/100
|move|p1a: Samurott|Ceaseless Edge|p2a: Feraligatr
|-damage|p2a: Feraligatr|18/100
|-sidestart|p2: chedeqing|Spikes
|
|upkeep
|turn|4
|inactive|chedeqing has 120 seconds left.
|
|t:|1760368185
|move|p2a: Feraligatr|Liquidation|p1a: Samurott
|-resisted|p1a: Samurott
|-damage|p1a: Samurott|12/100
|move|p1a: Samurott|Ceaseless Edge|p2a: Feraligatr
|-damage|p2a: Feraligatr|0 fnt
|-sidestart|p2: chedeqing|Spikes
|faint|p2a: Feraligatr
|
|upkeep
|inactive|chedeqing has 120 seconds left.
|
|t:|1760368198
|switch|p2a: Dragonite|Dragonite, F|100/100
|turn|5
|
|t:|1760368204
|move|p2a: Dragonite|Dragon Dance|p2a: Dragonite
|-boost|p2a: Dragonite|atk|1
|-boost|p2a: Dragonite|spe|1
|move|p1a: Samurott|Ceaseless Edge|p2a: Dragonite|[miss]
|-miss|p1a: Samurott|p2a: Dragonite
|
|upkeep
|turn|6
|
|t:|1760368213
|move|p2a: Dragonite|Tera Blast|p1a: Samurott
|-damage|p1a: Samurott|0 fnt
|faint|p1a: Samurott
|
|upkeep
|
|t:|1760368226
|switch|p1a: Landorus|Landorus-Therian, M|100/100
|-ability|p1a: Landorus|Intimidate|boost
|-unboost|p2a: Dragonite|atk|1
|turn|7
|
|t:|1760368231
|move|p2a: Dragonite|Dragon Dance|p2a: Dragonite
|-boost|p2a: Dragonite|atk|1
|-boost|p2a: Dragonite|spe|1
|move|p1a: Landorus|U-turn|p2a: Dragonite
|-resisted|p2a: Dragonite
|-damage|p2a: Dragonite|95/100
|
|t:|1760368240
|switch|p1a: Pecharunt|Pecharunt|100/100|[from] U-turn
|
|upkeep
|turn|8
|
|t:|1760368244
|move|p2a: Dragonite|Earthquake|p1a: Pecharunt
|-supereffective|p1a: Pecharunt
|-damage|p1a: Pecharunt|33/100
|move|p1a: Pecharunt|Parting Shot|p2a: Dragonite
|-unboost|p2a: Dragonite|atk|1
|-unboost|p2a: Dragonite|spa|1
|
|t:|1760368253
|switch|p1a: Landorus|Landorus-Therian, M|100/100|[from] Parting Shot
|-ability|p1a: Landorus|Intimidate|boost
|-unboost|p2a: Dragonite|atk|1
|
|upkeep
|turn|9
|
|t:|1760368258
|move|p2a: Dragonite|Dragon Dance|p2a: Dragonite
|-boost|p2a: Dragonite|atk|1
|-boost|p2a: Dragonite|spe|1
|move|p1a: Landorus|Smack Down|p2a: Dragonite
|-supereffective|p2a: Dragonite
|-damage|p2a: Dragonite|62/100
|-start|p2a: Dragonite|Smack Down
|
|upkeep
|turn|10
|
|t:|1760368275
|switch|p2a: Gliscor|Gliscor, M, shiny|100/100
|move|p1a: Landorus|Earthquake|p2a: Gliscor
|-immune|p2a: Gliscor
|
|-status|p2a: Gliscor|tox|[from] item: Toxic Orb
|upkeep
|turn|11
|
|t:|1760368284
|move|p1a: Landorus|Stealth Rock|p2a: Gliscor
|-sidestart|p2: chedeqing|move: Stealth Rock
|move|p2a: Gliscor|Swords Dance|p2a: Gliscor
|-boost|p2a: Gliscor|atk|2
|
|upkeep
|turn|12
|
|t:|1760368290
|move|p1a: Landorus|U-turn|p2a: Gliscor
|-resisted|p2a: Gliscor
|-damage|p2a: Gliscor|92/100 tox
|
|t:|1760368296
|switch|p1a: Pecharunt|Pecharunt|33/100|[from] U-turn
|move|p2a: Gliscor|Agility|p2a: Gliscor
|-boost|p2a: Gliscor|spe|2
|
|-heal|p2a: Gliscor|100/100 tox|[from] ability: Poison Heal
|upkeep
|turn|13
|
|t:|1760368306
|move|p2a: Gliscor|Earthquake|p1a: Pecharunt
|-supereffective|p1a: Pecharunt
|-damage|p1a: Pecharunt|0 fnt
|faint|p1a: Pecharunt
|
|upkeep
|
|t:|1760368312
|switch|p1a: Latios|Latios, M|100/100
|turn|14
|
|t:|1760368317
|move|p2a: Gliscor|Facade|p1a: Latios
|-damage|p1a: Latios|21/100
|move|p1a: Latios|Psychic Noise|p2a: Gliscor
|-damage|p2a: Gliscor|58/100 tox
|-start|p2a: Gliscor|move: Heal Block
|
|upkeep
|turn|15
|
|t:|1760368326
|move|p2a: Gliscor|Swords Dance|p2a: Gliscor
|-boost|p2a: Gliscor|atk|2
|move|p1a: Latios|Draco Meteor|p2a: Gliscor
|-damage|p2a: Gliscor|0 fnt
|-unboost|p1a: Latios|spa|2
|faint|p2a: Gliscor
|
|upkeep
|
|t:|1760368338
|switch|p2a: Hatterene|Hatterene, F, shiny|100/100
|-damage|p2a: Hatterene|84/100|[from] Spikes
|-damage|p2a: Hatterene|72/100|[from] Stealth Rock
|turn|16
|
|t:|1760368344
|switch|p1a: Landorus|Landorus-Therian, M|100/100
|-ability|p1a: Landorus|Intimidate|boost
|-unboost|p2a: Hatterene|atk|1
|move|p2a: Hatterene|Calm Mind|p2a: Hatterene
|-boost|p2a: Hatterene|spa|1
|-boost|p2a: Hatterene|spd|1
|
|-heal|p2a: Hatterene|78/100|[from] item: Leftovers
|upkeep
|turn|17
|
|t:|1760368354
|move|p1a: Landorus|Earthquake|p2a: Hatterene
|-damage|p2a: Hatterene|36/100
|move|p2a: Hatterene|Draining Kiss|p1a: Landorus
|-damage|p1a: Landorus|62/100
|-heal|p2a: Hatterene|70/100|[from] drain|[of] p1a: Landorus
|-damage|p2a: Hatterene|54/100|[from] item: Rocky Helmet|[of] p1a: Landorus
|
|-heal|p2a: Hatterene|60/100|[from] item: Leftovers
|upkeep
|turn|18
|
|t:|1760368364
|move|p1a: Landorus|Earthquake|p2a: Hatterene
|-damage|p2a: Hatterene|20/100
|move|p2a: Hatterene|Draining Kiss|p1a: Landorus
|-damage|p1a: Landorus|24/100
|-heal|p2a: Hatterene|54/100|[from] drain|[of] p1a: Landorus
|-damage|p2a: Hatterene|38/100|[from] item: Rocky Helmet|[of] p1a: Landorus
|
|-heal|p2a: Hatterene|44/100|[from] item: Leftovers
|upkeep
|turn|19
|
|t:|1760368375
|move|p1a: Landorus|Earthquake|p2a: Hatterene
|-damage|p2a: Hatterene|6/100
|move|p2a: Hatterene|Draining Kiss|p1a: Landorus
|-damage|p1a: Landorus|0 fnt
|-heal|p2a: Hatterene|27/100|[from] drain|[of] p1a: Landorus
|-damage|p2a: Hatterene|10/100|[from] item: Rocky Helmet|[of] p1a: Landorus
|faint|p1a: Landorus
|
|-heal|p2a: Hatterene|16/100|[from] item: Leftovers
|upkeep
|
|t:|1760368393
|switch|p1a: Scizor|Scizor, F|100/100
|turn|20
|
|t:|1760368401
|move|p1a: Scizor|Bullet Punch|p2a: Hatterene
|-supereffective|p2a: Hatterene
|-damage|p2a: Hatterene|0 fnt
|faint|p2a: Hatterene
|
|upkeep
|
|t:|1760368409
|switch|p2a: Raging Bolt|Raging Bolt|100/100
|-damage|p2a: Raging Bolt|84/100|[from] Spikes
|-damage|p2a: Raging Bolt|72/100|[from] Stealth Rock
|-enditem|p2a: Raging Bolt|Booster Energy
|-activate|p2a: Raging Bolt|ability: Protosynthesis|[fromitem]
|-start|p2a: Raging Bolt|protosynthesisspa
|turn|21
|
|t:|1760368424
|move|p2a: Raging Bolt|Thunderbolt|p1a: Scizor
|-crit|p1a: Scizor
|-damage|p1a: Scizor|0 fnt
|faint|p1a: Scizor
|
|upkeep
|
|t:|1760368429
|switch|p1a: Zamazenta|Zamazenta|100/100
|-ability|p1a: Zamazenta|Dauntless Shield|boost
|-boost|p1a: Zamazenta|def|1
|turn|22
|
|t:|1760368444
|-terastallize|p2a: Raging Bolt|Fairy
|move|p1a: Zamazenta|Body Press|p2a: Raging Bolt
|-resisted|p2a: Raging Bolt
|-damage|p2a: Raging Bolt|43/100
|move|p2a: Raging Bolt|Thunderbolt|p1a: Zamazenta
|-damage|p1a: Zamazenta|39/100
|
|-heal|p1a: Zamazenta|46/100|[from] item: Leftovers
|upkeep
|turn|23
|
|t:|1760368453
|move|p1a: Zamazenta|Body Press|p2a: Raging Bolt
|-resisted|p2a: Raging Bolt
|-damage|p2a: Raging Bolt|13/100
|move|p2a: Raging Bolt|Thunderbolt|p1a: Zamazenta
|-damage|p1a: Zamazenta|0 fnt
|faint|p1a: Zamazenta
|
|upkeep
|
|t:|1760368457
|switch|p1a: Latios|Latios, M|21/100
|turn|24
|
|t:|1760368463
|move|p2a: Raging Bolt|Thunderclap||[still]
|-fail|p2a: Raging Bolt
|move|p1a: Latios|Calm Mind|p1a: Latios
|-boost|p1a: Latios|spa|1
|-boost|p1a: Latios|spd|1
|
|upkeep
|turn|25
|
|t:|1760368470
|-terastallize|p1a: Latios|Steel
|move|p1a: Latios|Recover|p1a: Latios
|-heal|p1a: Latios|72/100
|move|p2a: Raging Bolt|Dragon Pulse|p1a: Latios
|-resisted|p1a: Latios
|-damage|p1a: Latios|47/100
|
|upkeep
|turn|26
|
|t:|1760368480
|move|p1a: Latios|Recover|p1a: Latios
|-heal|p1a: Latios|97/100
|move|p2a: Raging Bolt|Thunderbolt|p1a: Latios
|-damage|p1a: Latios|47/100
|
|upkeep
|turn|27
|
|t:|1760368486
|move|p1a: Latios|Calm Mind|p1a: Latios
|-boost|p1a: Latios|spa|1
|-boost|p1a: Latios|spd|1
|move|p2a: Raging Bolt|Thunderbolt|p1a: Latios
|-damage|p1a: Latios|10/100
|
|upkeep
|turn|28
|
|t:|1760368491
|move|p1a: Latios|Recover|p1a: Latios
|-heal|p1a: Latios|60/100
|move|p2a: Raging Bolt|Thunderbolt|p1a: Latios
|-damage|p1a: Latios|24/100
|
|upkeep
|turn|29
|
|t:|1760368497
|move|p1a: Latios|Recover|p1a: Latios
|-heal|p1a: Latios|75/100
|move|p2a: Raging Bolt|Thunderbolt|p1a: Latios
|-damage|p1a: Latios|36/100
|
|upkeep
|turn|30
|
|t:|1760368502
|move|p1a: Latios|Calm Mind|p1a: Latios
|-boost|p1a: Latios|spa|1
|-boost|p1a: Latios|spd|1
|move|p2a: Raging Bolt|Thunderbolt|p1a: Latios
|-damage|p1a: Latios|5/100
|
|upkeep
|turn|31
|
|t:|1760368509
|move|p1a: Latios|Recover|p1a: Latios
|-heal|p1a: Latios|56/100
|move|p2a: Raging Bolt|Thunderbolt|p1a: Latios
|-damage|p1a: Latios|26/100
|
|upkeep
|turn|32
|
|t:|1760368516
|move|p1a: Latios|Psychic Noise|p2a: Raging Bolt
|-crit|p2a: Raging Bolt
|-damage|p2a: Raging Bolt|0 fnt
|faint|p2a: Raging Bolt
|-end|p2a: Raging Bolt|Protosynthesis|[silent]
|
|upkeep
|
|t:|1760368524
|switch|p2a: Grimmsnarl|Grimmsnarl, M|100/100
|-damage|p2a: Grimmsnarl|84/100|[from] Spikes
|-damage|p2a: Grimmsnarl|72/100|[from] Stealth Rock
|turn|33
|c|☆Shuckle Brother888|oh shit
|c|☆Shuckle Brother888|gg
|-message|Shuckle Brother888 forfeited.
|
|win|chedeqing
|raw|Shuckle Brother888's rating: 1517 &rarr; <strong>1493</strong><br />(-24 for losing)
|raw|chedeqing's rating: 1455 &rarr; <strong>1479</strong><br />(+24 for winning)
|l|☆Shuckle Brother888
|player|p1|
|l|☆chedeqing
|player|p2|
