|j|☆Czcbnhffghhh
|j|☆BTUUUU
|t:|1760301745
|gametype|singles
|player|p1|Czcbnhffghhh|170|1247
|player|p2|BTUUUU|steven|1290
|gen|9
|tier|[Gen 9] OU
|rated|
|rule|HP Percentage Mod: HP is shown in percentages
|rule|Endless Battle Clause: Forcing endless battles is banned
|rule|Species Clause: Limit one of each Pokémon
|rule|OHKO Clause: OHKO moves are banned
|rule|Evasion Items Clause: Evasion items are banned
|rule|Evasion Moves Clause: Evasion moves are banned
|rule|Evasion Abilities Clause: Evasion abilities are banned
|rule|Sleep Moves Clause: Sleep-inducing moves are banned
|clearpoke
|poke|p1|Pelipper, M|
|poke|p1|Barraskewda, F|
|poke|p1|Basculegion, M|
|poke|p1|Kingdra, M|
|poke|p1|Tentacruel, F|
|poke|p1|Swampert, F|
|poke|p2|Enamorus, F|
|poke|p2|Ogerpon-Wellspring, F|
|poke|p2|Iron Crown|
|poke|p2|Iron Hands|
|poke|p2|Glimmora, M|
|poke|p2|Ursaluna, M|
|teampreview
|inactive|Battle timer is ON: inactive players will automatically lose when time's up. (requested by BTUUUU)
|
|t:|1760301755
|teamsize|p1|6
|teamsize|p2|6
|start
|switch|p1a: Tentacruel|Tentacruel, F|100/100
|switch|p2a: Glimmora|Glimmora, M, shiny|100/100
|turn|1
|
|t:|1760301769
|switch|p2a: Ogerpon|Ogerpon-Wellspring, F|100/100
|move|p1a: Tentacruel|Toxic Spikes|p2a: Ogerpon
|-sidestart|p2: BTUUUU|move: Toxic Spikes
|
|upkeep
|turn|2
|
|t:|1760301789
|switch|p1a: Barraskewda|Barraskewda, F|100/100
|move|p2a: Ogerpon|Knock Off|p1a: Barraskewda
|-damage|p1a: Barraskewda|24/100
|-enditem|p1a: Barraskewda|Life Orb|[from] move: Knock Off|[of] p2a: Ogerpon
|
|upkeep
|turn|3
|
|t:|1760301794
|move|p1a: Barraskewda|Poison Jab|p2a: Ogerpon
|-supereffective|p2a: Ogerpon
|-damage|p2a: Ogerpon|22/100
|move|p2a: Ogerpon|U-turn|p1a: Barraskewda
|-damage|p1a: Barraskewda|0 fnt
|faint|p1a: Barraskewda
|
|t:|1760301799
|switch|p2a: Glimmora|Glimmora, M, shiny|100/100|[from] U-turn
|-sideend|p2: BTUUUU|move: Toxic Spikes|[of] p2a: Glimmora
|
|upkeep
|
|t:|1760301802
|switch|p1a: Pelipper|Pelipper, M|100/100
|-weather|RainDance|[from] ability: Drizzle|[of] p1a: Pelipper
|turn|4
|
|t:|1760301807
|switch|p2a: Iron Hands|Iron Hands, shiny|100/100
|-enditem|p2a: Iron Hands|Booster Energy
|-activate|p2a: Iron Hands|ability: Quark Drive|[fromitem]
|-start|p2a: Iron Hands|quarkdriveatk
|switch|p1a: Tentacruel|Tentacruel, F|100/100
|
|-weather|RainDance|[upkeep]
|upkeep
|turn|5
|
|t:|1760301811
|switch|p1a: Swampert|Swampert, F|100/100
|move|p2a: Iron Hands|Wild Charge|p1a: Swampert
|-immune|p1a: Swampert
|
|-weather|RainDance|[upkeep]
|upkeep
|turn|6
|
|t:|1760301820
|-end|p2a: Iron Hands|Quark Drive|[silent]
|switch|p2a: Ogerpon|Ogerpon-Wellspring, F|22/100
|move|p1a: Swampert|Flip Turn|p2a: Ogerpon
|-heal|p2a: Ogerpon|47/100|[from] ability: Water Absorb|[of] p1a: Swampert
|
|-weather|RainDance|[upkeep]
|upkeep
|turn|7
|
|t:|1760301828
|switch|p1a: Kingdra|Kingdra, M|100/100
|move|p2a: Ogerpon|Spikes|p1a: Kingdra
|-sidestart|p1: Czcbnhffghhh|Spikes
|
|-weather|RainDance|[upkeep]
|upkeep
|turn|8
|
|t:|1760301837
|move|p1a: Kingdra|Hurricane|p2a: Ogerpon
|-supereffective|p2a: Ogerpon
|-damage|p2a: Ogerpon|0 fnt
|faint|p2a: Ogerpon
|
|-weather|RainDance|[upkeep]
|upkeep
|
|t:|1760301848
|switch|p2a: Iron Hands|Iron Hands, shiny|100/100
|turn|9
|
|t:|1760301854
|switch|p1a: Swampert|Swampert, F|100/100
|-damage|p1a: Swampert|88/100|[from] Spikes
|move|p2a: Iron Hands|Wild Charge|p1a: Swampert
|-immune|p1a: Swampert
|
|-weather|RainDance|[upkeep]
|-heal|p1a: Swampert|94/100|[from] item: Leftovers
|upkeep
|turn|10
|
|t:|1760301863
|-end|p2a: Iron Hands|Quark Drive|[silent]
|switch|p2a: Enamorus|Enamorus, F, shiny|100/100
|move|p1a: Swampert|Stealth Rock|p2a: Enamorus
|-sidestart|p2: BTUUUU|move: Stealth Rock
|
|-weather|RainDance|[upkeep]
|-heal|p1a: Swampert|100/100|[from] item: Leftovers
|upkeep
|turn|11
|
|t:|1760301868
|move|p2a: Enamorus|Moonblast|p1a: Swampert
|-damage|p1a: Swampert|61/100
|move|p1a: Swampert|Flip Turn|p2a: Enamorus
|-damage|p2a: Enamorus|51/100
|
|t:|1760301874
|switch|p1a: Pelipper|Pelipper, M|100/100|[from] Flip Turn
|
|-weather|none
|upkeep
|turn|12
|
|t:|1760301879
|switch|p1a: Tentacruel|Tentacruel, F|100/100
|-damage|p1a: Tentacruel|88/100|[from] Spikes
|move|p2a: Enamorus|Moonblast|p1a: Tentacruel
|-resisted|p1a: Tentacruel
|-damage|p1a: Tentacruel|64/100
|-unboost|p1a: Tentacruel|spa|1
|
|-heal|p1a: Tentacruel|70/100|[from] item: Leftovers
|upkeep
|turn|13
|
|t:|1760301886
|switch|p2a: Ursaluna|Ursaluna, M, shiny|100/100
|-damage|p2a: Ursaluna|94/100|[from] Stealth Rock
|move|p1a: Tentacruel|Flip Turn|p2a: Ursaluna
|-supereffective|p2a: Ursaluna
|-damage|p2a: Ursaluna|71/100
|
|t:|1760301890
|switch|p1a: Pelipper|Pelipper, M|100/100|[from] Flip Turn
|-weather|RainDance|[from] ability: Drizzle|[of] p1a: Pelipper
|
|-weather|RainDance|[upkeep]
|-heal|p2a: Ursaluna|77/100|[from] item: Leftovers
|upkeep
|turn|14
|
|t:|1760301896
|move|p2a: Ursaluna|Body Slam|p1a: Pelipper
|-damage|p1a: Pelipper|60/100
|move|p1a: Pelipper|U-turn|p2a: Ursaluna
|-damage|p2a: Ursaluna|71/100
|
|t:|1760301901
|switch|p1a: Kingdra|Kingdra, M|100/100|[from] U-turn
|-damage|p1a: Kingdra|88/100|[from] Spikes
|
|-weather|RainDance|[upkeep]
|-heal|p2a: Ursaluna|77/100|[from] item: Leftovers
|upkeep
|turn|15
|
|t:|1760301906
|move|p1a: Kingdra|Weather Ball|p2a: Ursaluna
|-supereffective|p2a: Ursaluna
|-damage|p2a: Ursaluna|0 fnt
|faint|p2a: Ursaluna
|
|-weather|RainDance|[upkeep]
|upkeep
|
|t:|1760301910
|switch|p2a: Iron Hands|Iron Hands, shiny|100/100
|-damage|p2a: Iron Hands|94/100|[from] Stealth Rock
|turn|16
|
|t:|1760301916
|move|p1a: Kingdra|Weather Ball|p2a: Iron Hands
|-damage|p2a: Iron Hands|0 fnt
|faint|p2a: Iron Hands
|-end|p2a: Iron Hands|Quark Drive|[silent]
|
|-weather|RainDance|[upkeep]
|upkeep
|
|t:|1760301922
|switch|p2a: Enamorus|Enamorus, F, shiny|51/100
|-damage|p2a: Enamorus|26/100|[from] Stealth Rock
|turn|17
|
|t:|1760301924
|move|p1a: Kingdra|Weather Ball|p2a: Enamorus
|-damage|p2a: Enamorus|0 fnt
|faint|p2a: Enamorus
|
|-weather|RainDance|[upkeep]
|upkeep
|
|t:|1760301926
|switch|p2a: Iron Crown|Iron Crown|100/100
|-damage|p2a: Iron Crown|94/100|[from] Stealth Rock
|turn|18
|
|t:|1760301929
|move|p1a: Kingdra|Weather Ball|p2a: Iron Crown
|-damage|p2a: Iron Crown|0 fnt
|faint|p2a: Iron Crown
|-end|p2a: Iron Crown|Quark Drive|[silent]
|
|-weather|RainDance|[upkeep]
|upkeep
|
|t:|1760301930
|switch|p2a: Glimmora|Glimmora, M, shiny|100/100
|-damage|p2a: Glimmora|88/100|[from] Stealth Rock
|turn|19
|
|t:|1760301933
|move|p1a: Kingdra|Weather Ball|p2a: Glimmora
|-supereffective|p2a: Glimmora
|-damage|p2a: Glimmora|0 fnt
|faint|p2a: Glimmora
|
|win|Czcbnhffghhh
|raw|Czcbnhffghhh's rating: 1247 &rarr; <strong>1275</strong><br />(+28 for winning)
|raw|BTUUUU's rating: 1290 &rarr; <strong>1262</strong><br />(-28 for losing)
|l|☆BTUUUU
|player|p2|
