|j|☆DrAlphaStone
|j|☆butts99999
|t:|1760306588
|gametype|singles
|player|p1|DrAlphaStone|karen|1728
|player|p2|butts99999|skierf|1790
|gen|9
|tier|[Gen 9] OU
|rated|
|rule|HP Percentage Mod: HP is shown in percentages
|rule|Endless Battle Clause: Forcing endless battles is banned
|rule|Species Clause: Limit one of each Pokémon
|rule|OHKO Clause: OHKO moves are banned
|rule|Evasion Items Clause: Evasion items are banned
|rule|Evasion Moves Clause: Evasion moves are banned
|rule|Evasion Abilities Clause: Evasion abilities are banned
|rule|Sleep Moves Clause: Sleep-inducing moves are banned
|clearpoke
|poke|p1|Dragapult, F|
|poke|p1|Slowking-Galar, F|
|poke|p1|Zamazenta-*|
|poke|p1|Ogerpon-Wellspring, F|
|poke|p1|Rotom-Heat|
|poke|p1|Iron Treads|
|poke|p2|Kingambit, F|
|poke|p2|Cinderace, F|
|poke|p2|Landorus-Therian, M|
|poke|p2|Iron Valiant|
|poke|p2|Kyurem|
|poke|p2|Slowking-Galar, M|
|teampreview
|inactive|Battle timer is ON: inactive players will automatically lose when time's up. (requested by butts99999)
|inactive|butts99999 has 120 seconds left.
|
|t:|1760306632
|teamsize|p1|6
|teamsize|p2|6
|start
|switch|p1a: Dragapult|Dragapult, F|100/100
|switch|p2a: Homelandor|Landorus-Therian, M, shiny|100/100
|-ability|p2a: Homelandor|Intimidate|boost
|-unboost|p1a: Dragapult|atk|1
|turn|1
|
|t:|1760306640
|switch|p2a: Chillionaire|Slowking-Galar, M, shiny|100/100
|move|p1a: Dragapult|Substitute|p1a: Dragapult
|-start|p1a: Dragapult|Substitute
|-damage|p1a: Dragapult|76/100
|
|-heal|p1a: Dragapult|82/100|[from] item: Leftovers
|upkeep
|turn|2
|
|t:|1760306648
|move|p1a: Dragapult|Will-O-Wisp|p2a: Chillionaire
|-status|p2a: Chillionaire|brn
|move|p2a: Chillionaire|Psychic Noise|p1a: Dragapult
|-damage|p1a: Dragapult|47/100
|-start|p1a: Dragapult|move: Heal Block
|
|-damage|p2a: Chillionaire|94/100 brn|[from] brn
|upkeep
|turn|3
|
|t:|1760306664
|switch|p1a: Slowking|Slowking-Galar, F|100/100
|move|p2a: Chillionaire|Psychic Noise|p1a: Slowking
|-damage|p1a: Slowking|85/100
|-start|p1a: Slowking|move: Heal Block
|
|-damage|p2a: Chillionaire|88/100 brn|[from] brn
|upkeep
|turn|4
|
|t:|1760306668
|-prepare|p1a: Slowking|Chilly Reception|[premajor]
|move|p1a: Slowking|Chilly Reception|p1a: Slowking
|-weather|Snowscape
|j| Samurajen
|
|t:|1760306673
|switch|p1a: Iron Treads|Iron Treads|100/100|[from] Chilly Reception
|-prepare|p2a: Chillionaire|Chilly Reception|[premajor]
|move|p2a: Chillionaire|Chilly Reception|p2a: Chillionaire
|
|t:|1760306679
|switch|p2a: Mr. Freeze|Kyurem, shiny|100/100|[from] Chilly Reception
|-ability|p2a: Mr. Freeze|Pressure
|
|-weather|Snowscape|[upkeep]
|upkeep
|turn|5
|
|t:|1760306686
|move|p1a: Iron Treads|Knock Off|p2a: Mr. Freeze
|-damage|p2a: Mr. Freeze|81/100
|-enditem|p2a: Mr. Freeze|Leftovers|[from] move: Knock Off|[of] p1a: Iron Treads
|move|p2a: Mr. Freeze|Substitute|p2a: Mr. Freeze
|-start|p2a: Mr. Freeze|Substitute
|-damage|p2a: Mr. Freeze|56/100
|
|-weather|Snowscape|[upkeep]
|upkeep
|turn|6
|
|t:|1760306693
|-end|p1a: Iron Treads|Quark Drive|[silent]
|switch|p1a: Rotom|Rotom-Heat|100/100
|move|p2a: Mr. Freeze|Earth Power|p1a: Rotom
|-immune|p1a: Rotom|[from] ability: Levitate
|
|-weather|Snowscape|[upkeep]
|upkeep
|turn|7
|
|t:|1760306697
|move|p2a: Mr. Freeze|Freeze-Dry|p1a: Rotom
|-resisted|p1a: Rotom
|-damage|p1a: Rotom|83/100
|-status|p1a: Rotom|frz
|cant|p1a: Rotom|frz
|
|-weather|Snowscape|[upkeep]
|upkeep
|turn|8
|
|t:|1760306701
|move|p2a: Mr. Freeze|Scale Shot|p1a: Rotom
|-damage|p1a: Rotom|74/100 frz
|-damage|p1a: Rotom|66/100 frz
|-crit|p1a: Rotom
|-damage|p1a: Rotom|53/100 frz
|-hitcount|p1a: Rotom|3
|-unboost|p2a: Mr. Freeze|def|1
|-boost|p2a: Mr. Freeze|spe|1
|cant|p1a: Rotom|frz
|
|-weather|none
|upkeep
|turn|9
|
|t:|1760306711
|move|p2a: Mr. Freeze|Freeze-Dry|p1a: Rotom
|-resisted|p1a: Rotom
|-damage|p1a: Rotom|35/100 frz
|cant|p1a: Rotom|frz
|
|upkeep
|turn|10
|
|t:|1760306714
|move|p2a: Mr. Freeze|Freeze-Dry|p1a: Rotom
|-resisted|p1a: Rotom
|-damage|p1a: Rotom|16/100 frz
|cant|p1a: Rotom|frz
|
|upkeep
|turn|11
|
|t:|1760306722
|switch|p1a: Slowking|Slowking-Galar, F|100/100
|move|p2a: Mr. Freeze|Freeze-Dry|p1a: Slowking
|-damage|p1a: Slowking|80/100
|
|upkeep
|turn|12
|
|t:|1760306725
|move|p2a: Mr. Freeze|Earth Power|p1a: Slowking
|-supereffective|p1a: Slowking
|-damage|p1a: Slowking|44/100
|move|p1a: Slowking|Future Sight|p2a: Mr. Freeze
|-start|p1a: Slowking|move: Future Sight
|
|upkeep
|turn|13
|
|t:|1760306731
|move|p2a: Mr. Freeze|Earth Power|p1a: Slowking
|-supereffective|p1a: Slowking
|-damage|p1a: Slowking|9/100
|move|p1a: Slowking|Slack Off|p1a: Slowking
|-heal|p1a: Slowking|59/100
|
|upkeep
|turn|14
|
|t:|1760306739
|move|p2a: Mr. Freeze|Earth Power|p1a: Slowking
|-supereffective|p1a: Slowking
|-damage|p1a: Slowking|27/100
|-prepare|p1a: Slowking|Chilly Reception|[premajor]
|move|p1a: Slowking|Chilly Reception|p1a: Slowking
|-weather|Snowscape
|
|t:|1760306743
|switch|p1a: Dragapult|Dragapult, F|47/100|[from] Chilly Reception
|
|-weather|Snowscape|[upkeep]
|-end|p2a: Mr. Freeze|move: Future Sight
|-end|p2a: Mr. Freeze|Substitute
|-heal|p1a: Dragapult|54/100|[from] item: Leftovers
|upkeep
|turn|15
|
|t:|1760306749
|switch|p1a: Rotom|Rotom-Heat|16/100 frz
|move|p2a: Mr. Freeze|Freeze-Dry|p1a: Rotom
|-resisted|p1a: Rotom
|-damage|p1a: Rotom|0 fnt
|faint|p1a: Rotom
|
|-weather|Snowscape|[upkeep]
|upkeep
|
|t:|1760306757
|switch|p1a: Slowking|Slowking-Galar, F|60/100
|turn|16
|
|t:|1760306760
|move|p2a: Mr. Freeze|Earth Power|p1a: Slowking
|-supereffective|p1a: Slowking
|-damage|p1a: Slowking|27/100
|move|p1a: Slowking|Slack Off|p1a: Slowking
|-heal|p1a: Slowking|77/100
|
|-weather|Snowscape|[upkeep]
|upkeep
|turn|17
|j| Fhjdjvjdfjjsjg
|
|t:|1760306765
|move|p2a: Mr. Freeze|Earth Power|p1a: Slowking
|-supereffective|p1a: Slowking
|-damage|p1a: Slowking|39/100
|move|p1a: Slowking|Sludge Bomb|p2a: Mr. Freeze
|-crit|p2a: Mr. Freeze
|-damage|p2a: Mr. Freeze|6/100
|
|-weather|Snowscape|[upkeep]
|upkeep
|turn|18
|j| Roux56
|
|t:|1760306773
|move|p2a: Mr. Freeze|Earth Power|p1a: Slowking
|-supereffective|p1a: Slowking
|-damage|p1a: Slowking|5/100
|move|p1a: Slowking|Slack Off|p1a: Slowking
|-heal|p1a: Slowking|55/100
|
|-weather|none
|upkeep
|turn|19
|
|t:|1760306780
|move|p2a: Mr. Freeze|Earth Power|p1a: Slowking
|-supereffective|p1a: Slowking
|-damage|p1a: Slowking|22/100
|move|p1a: Slowking|Slack Off|p1a: Slowking
|-heal|p1a: Slowking|72/100
|
|upkeep
|turn|20
|
|t:|1760306784
|move|p2a: Mr. Freeze|Earth Power|p1a: Slowking
|-supereffective|p1a: Slowking
|-damage|p1a: Slowking|37/100
|-unboost|p1a: Slowking|spd|1
|move|p1a: Slowking|Slack Off|p1a: Slowking
|-heal|p1a: Slowking|87/100
|
|upkeep
|turn|21
|
|t:|1760306790
|move|p2a: Mr. Freeze|Earth Power|p1a: Slowking
|-supereffective|p1a: Slowking
|-damage|p1a: Slowking|36/100
|move|p1a: Slowking|Sludge Bomb|p2a: Mr. Freeze
|-damage|p2a: Mr. Freeze|0 fnt
|faint|p2a: Mr. Freeze
|
|upkeep
|
|t:|1760306796
|switch|p2a: Daenerys|Kingambit, F|100/100
|-activate|p2a: Daenerys|ability: Supreme Overlord
|-start|p2a: Daenerys|fallen1|[silent]
|turn|22
|
|t:|1760306802
|switch|p1a: Zamazenta|Zamazenta|100/100
|-ability|p1a: Zamazenta|Dauntless Shield|boost
|-boost|p1a: Zamazenta|def|1
|move|p2a: Daenerys|Iron Head|p1a: Zamazenta
|-damage|p1a: Zamazenta|75/100
|
|-heal|p1a: Zamazenta|81/100|[from] item: Leftovers
|upkeep
|turn|23
|
|t:|1760306809
|switch|p1a: Dragapult|Dragapult, F|54/100
|-end|p2a: Daenerys|fallen1|[silent]
|switch|p2a: Homelandor|Landorus-Therian, M, shiny|100/100
|-ability|p2a: Homelandor|Intimidate|boost
|-unboost|p1a: Dragapult|atk|1
|
|-heal|p1a: Dragapult|60/100|[from] item: Leftovers
|upkeep
|turn|24
|l| Roux56
|
|t:|1760306833
|switch|p2a: Chillionaire|Slowking-Galar, M, shiny|100/100 brn
|move|p1a: Dragapult|Will-O-Wisp|p2a: Chillionaire
|-fail|p2a: Chillionaire|brn
|
|-heal|p1a: Dragapult|66/100|[from] item: Leftovers
|-damage|p2a: Chillionaire|94/100 brn|[from] brn
|upkeep
|turn|25
|
|t:|1760306837
|switch|p1a: Slowking|Slowking-Galar, F|69/100
|move|p2a: Chillionaire|Psychic Noise|p1a: Slowking
|-damage|p1a: Slowking|54/100
|-start|p1a: Slowking|move: Heal Block
|
|-damage|p2a: Chillionaire|88/100 brn|[from] brn
|upkeep
|turn|26
|
|t:|1760306840
|move|p1a: Slowking|Future Sight|p2a: Chillionaire
|-start|p1a: Slowking|move: Future Sight
|move|p2a: Chillionaire|Thunder Wave|p1a: Slowking
|-status|p1a: Slowking|par
|
|-damage|p2a: Chillionaire|82/100 brn|[from] brn
|-end|p1a: Slowking|move: Heal Block
|upkeep
|turn|27
|
|t:|1760306849
|-prepare|p2a: Chillionaire|Chilly Reception|[premajor]
|move|p2a: Chillionaire|Chilly Reception|p2a: Chillionaire
|-weather|Snowscape
|
|t:|1760306850
|switch|p2a: Daenerys|Kingambit, F|100/100|[from] Chilly Reception
|-activate|p2a: Daenerys|ability: Supreme Overlord
|-start|p2a: Daenerys|fallen1|[silent]
|-prepare|p1a: Slowking|Chilly Reception|[premajor]
|move|p1a: Slowking|Chilly Reception|p1a: Slowking
|
|t:|1760306857
|switch|p1a: Zamazenta|Zamazenta|81/100|[from] Chilly Reception
|
|-weather|Snowscape|[upkeep]
|-heal|p1a: Zamazenta|87/100|[from] item: Leftovers
|upkeep
|turn|28
|
|t:|1760306862
|-end|p2a: Daenerys|fallen1|[silent]
|switch|p2a: Chillionaire|Slowking-Galar, M, shiny|100/100 brn
|move|p1a: Zamazenta|Iron Defense|p1a: Zamazenta
|-boost|p1a: Zamazenta|def|2
|
|-weather|Snowscape|[upkeep]
|-end|p2a: Chillionaire|move: Future Sight
|-damage|p2a: Chillionaire|74/100 brn
|-heal|p1a: Zamazenta|93/100|[from] item: Leftovers
|-damage|p2a: Chillionaire|67/100 brn|[from] brn
|upkeep
|turn|29
|
|t:|1760306868
|move|p1a: Zamazenta|Crunch|p2a: Chillionaire
|-supereffective|p2a: Chillionaire
|-damage|p2a: Chillionaire|27/100 brn
|move|p2a: Chillionaire|Thunder Wave|p1a: Zamazenta|[miss]
|-miss|p2a: Chillionaire|p1a: Zamazenta
|
|-weather|Snowscape|[upkeep]
|-heal|p1a: Zamazenta|99/100|[from] item: Leftovers
|-damage|p2a: Chillionaire|21/100 brn|[from] brn
|upkeep
|turn|30
|
|t:|1760306876
|switch|p2a: Homelandor|Landorus-Therian, M, shiny|100/100
|-ability|p2a: Homelandor|Intimidate|boost
|-unboost|p1a: Zamazenta|atk|1
|move|p1a: Zamazenta|Crunch|p2a: Homelandor
|-damage|p2a: Homelandor|88/100
|
|-weather|Snowscape|[upkeep]
|-heal|p1a: Zamazenta|100/100|[from] item: Leftovers
|-heal|p2a: Homelandor|95/100|[from] item: Leftovers
|upkeep
|turn|31
|
|t:|1760306887
|move|p1a: Zamazenta|Body Press|p2a: Homelandor
|-resisted|p2a: Homelandor
|-damage|p2a: Homelandor|65/100
|move|p2a: Homelandor|U-turn|p1a: Zamazenta
|-resisted|p1a: Zamazenta
|-damage|p1a: Zamazenta|97/100
|
|t:|1760306890
|switch|p2a: Chillionaire|Slowking-Galar, M, shiny|54/100 brn|[from] U-turn
|
|-weather|none
|-heal|p1a: Zamazenta|100/100|[from] item: Leftovers
|-damage|p2a: Chillionaire|48/100 brn|[from] brn
|upkeep
|turn|32
|
|t:|1760306896
|switch|p1a: Slowking|Slowking-Galar, F|87/100 par
|move|p2a: Chillionaire|Thunder Wave|p1a: Slowking
|-fail|p1a: Slowking|par
|
|-damage|p2a: Chillionaire|42/100 brn|[from] brn
|upkeep
|turn|33
|
|t:|1760306898
|-prepare|p2a: Chillionaire|Chilly Reception|[premajor]
|move|p2a: Chillionaire|Chilly Reception|p2a: Chillionaire
|-weather|Snowscape
|
|t:|1760306899
|switch|p2a: Daenerys|Kingambit, F|100/100|[from] Chilly Reception
|-activate|p2a: Daenerys|ability: Supreme Overlord
|-start|p2a: Daenerys|fallen1|[silent]
|-prepare|p1a: Slowking|Chilly Reception|[premajor]
|cant|p1a: Slowking|par
|
|-weather|Snowscape|[upkeep]
|upkeep
|turn|34
|
|t:|1760306909
|switch|p1a: Zamazenta|Zamazenta|100/100
|move|p2a: Daenerys|Kowtow Cleave|p1a: Zamazenta
|-resisted|p1a: Zamazenta
|-damage|p1a: Zamazenta|80/100
|
|-weather|Snowscape|[upkeep]
|-heal|p1a: Zamazenta|87/100|[from] item: Leftovers
|upkeep
|turn|35
|
|t:|1760306914
|-end|p2a: Daenerys|fallen1|[silent]
|switch|p2a: Homelandor|Landorus-Therian, M, shiny|65/100
|-ability|p2a: Homelandor|Intimidate|boost
|-unboost|p1a: Zamazenta|atk|1
|move|p1a: Zamazenta|Body Press|p2a: Homelandor
|-resisted|p2a: Homelandor
|-damage|p2a: Homelandor|49/100
|
|-weather|Snowscape|[upkeep]
|-heal|p1a: Zamazenta|93/100|[from] item: Leftovers
|-heal|p2a: Homelandor|56/100|[from] item: Leftovers
|upkeep
|turn|36
|
|t:|1760306921
|move|p1a: Zamazenta|Iron Defense|p1a: Zamazenta
|-boost|p1a: Zamazenta|def|2
|move|p2a: Homelandor|U-turn|p1a: Zamazenta
|-resisted|p1a: Zamazenta
|-damage|p1a: Zamazenta|89/100
|
|t:|1760306922
|switch|p2a: Chillionaire|Slowking-Galar, M, shiny|76/100 brn|[from] U-turn
|
|-weather|Snowscape|[upkeep]
|-heal|p1a: Zamazenta|95/100|[from] item: Leftovers
|-damage|p2a: Chillionaire|69/100 brn|[from] brn
|upkeep
|turn|37
|
|t:|1760306935
|switch|p1a: Iron Treads|Iron Treads|100/100
|-prepare|p2a: Chillionaire|Chilly Reception|[premajor]
|move|p2a: Chillionaire|Chilly Reception|p2a: Chillionaire
|
|t:|1760306937
|switch|p2a: Kristine|Cinderace, F, shiny|100/100|[from] Chilly Reception
|
|-weather|none
|upkeep
|turn|38
|j| FaronAan
|
|t:|1760306958
|-terastallize|p1a: Iron Treads|Ghost
|move|p2a: Kristine|Will-O-Wisp|p1a: Iron Treads|[miss]
|-miss|p2a: Kristine|p1a: Iron Treads
|move|p1a: Iron Treads|Earthquake|p2a: Kristine
|-supereffective|p2a: Kristine
|-damage|p2a: Kristine|0 fnt
|faint|p2a: Kristine
|
|upkeep
|c|☆butts99999|i dont really feel anything anymore
|c|☆butts99999|this game is just numb
|c|☆DrAlphaStone|how do you think i felt after the 5 freeze turn
|c|☆butts99999|time to move on i think
|inactive|butts99999 has 120 seconds left.
|c|☆butts99999|nah im not mad
|c|☆butts99999|but thats the thijg
|c|☆butts99999|winning doesnt even feel fun
|c|☆DrAlphaStone|lol
|c|☆butts99999|its true
|c|☆DrAlphaStone|mons be like that
|c|☆butts99999|3 years of this meta
|c|☆butts99999|its enough
|
|t:|1760307015
|switch|p2a: Homelandor|Landorus-Therian, M, shiny|56/100
|-ability|p2a: Homelandor|Intimidate|boost
|-unboost|p1a: Iron Treads|atk|1
|turn|39
|c|☆DrAlphaStone|megas can save us right?
|
|t:|1760307019
|move|p1a: Iron Treads|Stealth Rock|p2a: Homelandor
|-sidestart|p2: butts99999|move: Stealth Rock
|move|p2a: Homelandor|Earthquake|p1a: Iron Treads
|-damage|p1a: Iron Treads|57/100
|
|-heal|p2a: Homelandor|62/100|[from] item: Leftovers
|upkeep
|turn|40
|c|☆butts99999|hope so
|c|☆butts99999|but i dont think that will be pkayable
|c|☆butts99999|playable
|c|☆butts99999|on showdown
|c| FaronAan|have you seen the leaked mega stats?
|c|☆butts99999|for a while
|c|☆butts99999|ya
|inactive|butts99999 has 90 seconds left.
|c|☆butts99999|shits crazy
|c|☆DrAlphaStone|mega chesnaught about to be super great tusk
|c|☆butts99999|mega zygarde complete lol
|c|☆butts99999|average gf moment
|
|t:|1760307063
|move|p1a: Iron Treads|Knock Off|p2a: Homelandor
|-damage|p2a: Homelandor|44/100
|-enditem|p2a: Homelandor|Leftovers|[from] move: Knock Off|[of] p1a: Iron Treads
|move|p2a: Homelandor|Earthquake|p1a: Iron Treads
|-damage|p1a: Iron Treads|16/100
|
|upkeep
|turn|41
|
|t:|1760307073
|-end|p1a: Iron Treads|Quark Drive|[silent]
|switch|p1a: Ogerpon|Ogerpon-Wellspring, F|100/100
|move|p2a: Homelandor|U-turn|p1a: Ogerpon
|-supereffective|p1a: Ogerpon
|-damage|p1a: Ogerpon|39/100
|
|t:|1760307075
|switch|p2a: Daenerys|Kingambit, F|100/100|[from] U-turn
|-damage|p2a: Daenerys|94/100|[from] Stealth Rock
|-activate|p2a: Daenerys|ability: Supreme Overlord
|-start|p2a: Daenerys|fallen2|[silent]
|
|-heal|p2a: Daenerys|100/100|[from] item: Leftovers
|upkeep
|turn|42
|
|t:|1760307083
|move|p1a: Ogerpon|U-turn|p2a: Daenerys
|-damage|p2a: Daenerys|77/100
|
|t:|1760307085
|switch|p1a: Zamazenta|Zamazenta|95/100|[from] U-turn
|move|p2a: Daenerys|Kowtow Cleave|p1a: Zamazenta
|-resisted|p1a: Zamazenta
|-damage|p1a: Zamazenta|73/100
|
|-heal|p1a: Zamazenta|79/100|[from] item: Leftovers
|-heal|p2a: Daenerys|84/100|[from] item: Leftovers
|upkeep
|turn|43
|
|t:|1760307095
|-end|p2a: Daenerys|fallen2|[silent]
|switch|p2a: Chillionaire|Slowking-Galar, M, shiny|100/100 brn
|move|p1a: Zamazenta|Crunch|p2a: Chillionaire
|-supereffective|p2a: Chillionaire
|-damage|p2a: Chillionaire|56/100 brn
|-unboost|p2a: Chillionaire|def|1
|
|-heal|p1a: Zamazenta|85/100|[from] item: Leftovers
|-damage|p2a: Chillionaire|50/100 brn|[from] brn
|upkeep
|turn|44
|
|t:|1760307114
|switch|p2a: Homelandor|Landorus-Therian, M, shiny|44/100
|-damage|p2a: Homelandor|31/100|[from] Stealth Rock
|-ability|p2a: Homelandor|Intimidate|boost
|-unboost|p1a: Zamazenta|atk|1
|move|p1a: Zamazenta|Crunch|p2a: Homelandor
|-damage|p2a: Homelandor|19/100
|
|-heal|p1a: Zamazenta|91/100|[from] item: Leftovers
|upkeep
|turn|45
|l| Fhjdjvjdfjjsjg
|
|t:|1760307121
|move|p1a: Zamazenta|Iron Defense|p1a: Zamazenta
|-boost|p1a: Zamazenta|def|2
|move|p2a: Homelandor|U-turn|p1a: Zamazenta
|-resisted|p1a: Zamazenta
|-damage|p1a: Zamazenta|87/100
|
|t:|1760307123
|switch|p2a: Chillionaire|Slowking-Galar, M, shiny|83/100 brn|[from] U-turn
|
|-heal|p1a: Zamazenta|93/100|[from] item: Leftovers
|-damage|p2a: Chillionaire|77/100 brn|[from] brn
|upkeep
|turn|46
|
|t:|1760307126
|switch|p1a: Slowking|Slowking-Galar, F|100/100 par
|move|p2a: Chillionaire|Thunder Wave|p1a: Slowking
|-fail|p1a: Slowking|par
|
|-damage|p2a: Chillionaire|71/100 brn|[from] brn
|upkeep
|turn|47
|
|t:|1760307129
|-prepare|p2a: Chillionaire|Chilly Reception|[premajor]
|move|p2a: Chillionaire|Chilly Reception|p2a: Chillionaire
|-weather|Snowscape
|
|t:|1760307130
|switch|p2a: Daenerys|Kingambit, F|84/100|[from] Chilly Reception
|-damage|p2a: Daenerys|77/100|[from] Stealth Rock
|-activate|p2a: Daenerys|ability: Supreme Overlord
|-start|p2a: Daenerys|fallen2|[silent]
|-prepare|p1a: Slowking|Chilly Reception|[premajor]
|move|p1a: Slowking|Chilly Reception|p1a: Slowking
|
|t:|1760307139
|switch|p1a: Zamazenta|Zamazenta|93/100|[from] Chilly Reception
|
|-weather|Snowscape|[upkeep]
|-heal|p1a: Zamazenta|99/100|[from] item: Leftovers
|-heal|p2a: Daenerys|84/100|[from] item: Leftovers
|upkeep
|turn|48
|
|t:|1760307142
|-end|p2a: Daenerys|fallen2|[silent]
|switch|p2a: Homelandor|Landorus-Therian, M, shiny|19/100
|-damage|p2a: Homelandor|6/100|[from] Stealth Rock
|-ability|p2a: Homelandor|Intimidate|boost
|-unboost|p1a: Zamazenta|atk|1
|move|p1a: Zamazenta|Body Press|p2a: Homelandor
|-resisted|p2a: Homelandor
|-damage|p2a: Homelandor|0 fnt
|faint|p2a: Homelandor
|
|-weather|Snowscape|[upkeep]
|-heal|p1a: Zamazenta|100/100|[from] item: Leftovers
|upkeep
|
|t:|1760307147
|switch|p2a: WALL-Y|Iron Valiant|100/100
|-damage|p2a: WALL-Y|94/100|[from] Stealth Rock
|-enditem|p2a: WALL-Y|Booster Energy
|-activate|p2a: WALL-Y|ability: Quark Drive|[fromitem]
|-start|p2a: WALL-Y|quarkdrivespe
|turn|49
|c|☆DrAlphaStone|zamazenta is a scourge on this meta lol
|
|t:|1760307162
|move|p2a: WALL-Y|Calm Mind|p2a: WALL-Y
|-boost|p2a: WALL-Y|spa|1
|-boost|p2a: WALL-Y|spd|1
|move|p1a: Zamazenta|Heavy Slam|p2a: WALL-Y
|-supereffective|p2a: WALL-Y
|-damage|p2a: WALL-Y|42/100
|
|-weather|Snowscape|[upkeep]
|upkeep
|turn|50
|
|t:|1760307169
|switch|p1a: Iron Treads|Iron Treads, tera:Ghost|16/100
|move|p2a: WALL-Y|Moonblast|p1a: Iron Treads
|-damage|p1a: Iron Treads|0 fnt
|faint|p1a: Iron Treads
|-end|p1a: Iron Treads|Quark Drive|[silent]
|
|-weather|Snowscape|[upkeep]
|upkeep
|
|t:|1760307171
|switch|p1a: Slowking|Slowking-Galar, F|100/100 par
|turn|51
|c|☆butts99999|yeah
|
|t:|1760307179
|-terastallize|p2a: WALL-Y|Ghost
|move|p2a: WALL-Y|Shadow Ball|p1a: Slowking
|-supereffective|p1a: Slowking
|-damage|p1a: Slowking|27/100 par
|cant|p1a: Slowking|par
|
|-weather|none
|upkeep
|turn|52
|c|☆butts99999|gg i think
|c|☆butts99999|idk
|
|t:|1760307194
|move|p2a: WALL-Y|Shadow Ball|p1a: Slowking
|-supereffective|p1a: Slowking
|-damage|p1a: Slowking|0 fnt
|faint|p1a: Slowking
|
|upkeep
|
|t:|1760307197
|switch|p1a: Zamazenta|Zamazenta|100/100
|turn|53
|
|t:|1760307200
|move|p2a: WALL-Y|Moonblast|p1a: Zamazenta
|-supereffective|p1a: Zamazenta
|-damage|p1a: Zamazenta|0 fnt
|faint|p1a: Zamazenta
|
|upkeep
|c|☆butts99999|i tilted down like 200 points
|c|☆DrAlphaStone|yeah the para lost me the game
|c|☆DrAlphaStone|oh well
|c|☆DrAlphaStone|i was gonna future sight
|c|☆butts99999|sorry
|c|☆DrAlphaStone|tbh losing rotom and having no answer to ace probably lost me the game already
|inactive|DrAlphaStone has 120 seconds left.
|
|t:|1760307230
|switch|p1a: Ogerpon|Ogerpon-Wellspring, F|39/100
|turn|54
|
|t:|1760307234
|move|p2a: WALL-Y|Moonblast|p1a: Ogerpon
|-damage|p1a: Ogerpon|0 fnt
|faint|p1a: Ogerpon
|
|upkeep
|
|t:|1760307236
|switch|p1a: Dragapult|Dragapult, F|66/100
|turn|55
|
|t:|1760307238
|move|p2a: WALL-Y|Moonblast|p1a: Dragapult
|-supereffective|p1a: Dragapult
|-damage|p1a: Dragapult|0 fnt
|faint|p1a: Dragapult
|
|win|butts99999
|raw|DrAlphaStone's rating: 1728 &rarr; <strong>1712</strong><br />(-16 for losing)
|raw|butts99999's rating: 1790 &rarr; <strong>1806</strong><br />(+16 for winning)
|l|☆butts99999
|player|p2|
|l|☆DrAlphaStone
|player|p1|
|l| FaronAan
