|j|☆alex12381723898
|j|☆sihengthegreat
|t:|1760423143
|gametype|singles
|player|p1|alex12381723898|170|1510
|player|p2|sihengthegreat|hooligans|1550
|gen|9
|tier|[Gen 9] OU
|rated|
|rule|HP Percentage Mod: HP is shown in percentages
|rule|Endless Battle Clause: Forcing endless battles is banned
|rule|Species Clause: Limit one of each Pokémon
|rule|OHKO Clause: OHKO moves are banned
|rule|Evasion Items Clause: Evasion items are banned
|rule|Evasion Moves Clause: Evasion moves are banned
|rule|Evasion Abilities Clause: Evasion abilities are banned
|rule|Sleep Moves Clause: Sleep-inducing moves are banned
|clearpoke
|poke|p1|Raging Bolt|
|poke|p1|Araquanid, F|
|poke|p1|Garganacl, M|
|poke|p1|Okidogi, M|
|poke|p1|Iron Valiant|
|poke|p1|Hatterene, F|
|poke|p2|Pecharunt|
|poke|p2|Serperior, M|
|poke|p2|Moltres|
|poke|p2|Deoxys-Speed|
|poke|p2|Iron Treads|
|poke|p2|Kingambit, M|
|teampreview
|inactive|Battle timer is ON: inactive players will automatically lose when time's up. (requested by alex12381723898)
|
|t:|1760423170
|teamsize|p1|6
|teamsize|p2|6
|start
|switch|p1a: Araquanid|Araquanid, F|100/100
|switch|p2a: Serperior|Serperior, M|100/100
|turn|1
|
|t:|1760423175
|move|p2a: Serperior|Glare|p1a: Araquanid
|-status|p1a: Araquanid|par
|move|p1a: Araquanid|Leech Life|p2a: Serperior
|-supereffective|p2a: Serperior
|-damage|p2a: Serperior|41/100
|
|-heal|p2a: Serperior|47/100|[from] item: Leftovers
|upkeep
|turn|2
|
|t:|1760423183
|switch|p2a: Pecharunt|Pecharunt|100/100
|move|p1a: Araquanid|Leech Life|p2a: Pecharunt
|-resisted|p2a: Pecharunt
|-damage|p2a: Pecharunt|96/100
|
|upkeep
|turn|3
|
|t:|1760423191
|switch|p1a: Garganacl|Garganacl, M|100/100
|move|p2a: Pecharunt|Nasty Plot|p2a: Pecharunt
|-boost|p2a: Pecharunt|spa|2
|
|upkeep
|turn|4
|
|t:|1760423203
|switch|p2a: Iron Treads|Iron Treads|100/100
|move|p1a: Garganacl|Salt Cure|p2a: Iron Treads
|-resisted|p2a: Iron Treads
|-damage|p2a: Iron Treads|98/100
|-start|p2a: Iron Treads|Salt Cure
|
|-heal|p2a: Iron Treads|100/100|[from] item: Leftovers
|-damage|p2a: Iron Treads|75/100|[from] Salt Cure
|upkeep
|turn|5
|
|t:|1760423209
|move|p2a: Iron Treads|Stealth Rock|p1a: Garganacl
|-sidestart|p1: alex12381723898|move: Stealth Rock
|move|p1a: Garganacl|Stealth Rock|p2a: Iron Treads
|-sidestart|p2: sihengthegreat|move: Stealth Rock
|
|-heal|p2a: Iron Treads|82/100|[from] item: Leftovers
|-damage|p2a: Iron Treads|57/100|[from] Salt Cure
|upkeep
|turn|6
|
|t:|1760423222
|-end|p2a: Iron Treads|Quark Drive|[silent]
|switch|p2a: Serperior|Serperior, M|47/100
|-damage|p2a: Serperior|34/100|[from] Stealth Rock
|-terastallize|p1a: Garganacl|Ghost
|move|p1a: Garganacl|Salt Cure|p2a: Serperior
|-damage|p2a: Serperior|20/100
|-start|p2a: Serperior|Salt Cure
|
|-heal|p2a: Serperior|26/100|[from] item: Leftovers
|-damage|p2a: Serperior|13/100|[from] Salt Cure
|upkeep
|turn|7
|
|t:|1760423237
|switch|p1a: Hatterene|Hatterene, F|100/100
|-damage|p1a: Hatterene|88/100|[from] Stealth Rock
|move|p2a: Serperior|Knock Off|p1a: Hatterene
|-damage|p1a: Hatterene|72/100
|-enditem|p1a: Hatterene|Red Card|[from] move: Knock Off|[of] p2a: Serperior
|
|-heal|p2a: Serperior|20/100|[from] item: Leftovers
|-damage|p2a: Serperior|7/100|[from] Salt Cure
|upkeep
|turn|8
|
|t:|1760423247
|switch|p2a: Iron Treads|Iron Treads|57/100
|-damage|p2a: Iron Treads|54/100|[from] Stealth Rock
|move|p1a: Hatterene|Draining Kiss|p2a: Iron Treads
|-resisted|p2a: Iron Treads
|-damage|p2a: Iron Treads|41/100
|-heal|p1a: Hatterene|83/100|[from] drain|[of] p2a: Iron Treads
|
|-heal|p2a: Iron Treads|48/100|[from] item: Leftovers
|upkeep
|turn|9
|
|t:|1760423250
|switch|p1a: Garganacl|Garganacl, M, tera:Ghost|100/100
|-damage|p1a: Garganacl|88/100|[from] Stealth Rock
|move|p2a: Iron Treads|Volt Switch|p1a: Garganacl
|-damage|p1a: Garganacl|78/100
|
|t:|1760423253
|-end|p2a: Iron Treads|Quark Drive|[silent]
|switch|p2a: Kingambit|Kingambit, M|100/100|[from] Volt Switch
|-damage|p2a: Kingambit|94/100|[from] Stealth Rock
|
|-heal|p2a: Kingambit|100/100|[from] item: Leftovers
|-heal|p1a: Garganacl|84/100|[from] item: Leftovers
|upkeep
|turn|10
|
|t:|1760423261
|switch|p1a: Okidogi|Okidogi, M|100/100
|-damage|p1a: Okidogi|94/100|[from] Stealth Rock
|move|p2a: Kingambit|Kowtow Cleave|p1a: Okidogi
|-resisted|p1a: Okidogi
|-damage|p1a: Okidogi|73/100
|-damage|p2a: Kingambit|84/100|[from] item: Rocky Helmet|[of] p1a: Okidogi
|
|-heal|p2a: Kingambit|90/100|[from] item: Leftovers
|upkeep
|turn|11
|
|t:|1760423266
|-end|p2a: Kingambit|fallenundefined|[silent]
|switch|p2a: Moltres|Moltres|100/100
|move|p1a: Okidogi|Knock Off|p2a: Moltres
|-damage|p2a: Moltres|65/100
|-enditem|p2a: Moltres|Heavy-Duty Boots|[from] move: Knock Off|[of] p1a: Okidogi
|
|upkeep
|turn|12
|
|t:|1760423275
|switch|p1a: Hatterene|Hatterene, F|83/100
|-damage|p1a: Hatterene|70/100|[from] Stealth Rock
|move|p2a: Moltres|Flamethrower|p1a: Hatterene
|-crit|p1a: Hatterene
|-damage|p1a: Hatterene|23/100
|
|upkeep
|turn|13
|
|t:|1760423281
|move|p2a: Moltres|Flamethrower|p1a: Hatterene
|-damage|p1a: Hatterene|0 fnt
|faint|p1a: Hatterene
|
|upkeep
|
|t:|1760423283
|switch|p1a: Araquanid|Araquanid, F|100/100 par
|-damage|p1a: Araquanid|76/100 par|[from] Stealth Rock
|turn|14
|
|t:|1760423289
|move|p2a: Moltres|Flamethrower|p1a: Araquanid
|-damage|p1a: Araquanid|59/100 par
|cant|p1a: Araquanid|par
|
|upkeep
|turn|15
|
|t:|1760423300
|switch|p2a: Serperior|Serperior, M|7/100
|-damage|p2a: Serperior|0 fnt|[from] Stealth Rock
|faint|p2a: Serperior
|move|p1a: Araquanid|Liquidation|p2: Serperior|[notarget]
|-fail|p1a: Araquanid
|
|upkeep
|
|t:|1760423304
|switch|p2a: Pecharunt|Pecharunt|96/100
|turn|16
|
|t:|1760423327
|move|p2a: Pecharunt|Nasty Plot|p2a: Pecharunt
|-boost|p2a: Pecharunt|spa|2
|move|p1a: Araquanid|Liquidation|p2a: Pecharunt
|-damage|p2a: Pecharunt|57/100
|
|upkeep
|turn|17
|
|t:|1760423340
|move|p2a: Pecharunt|Recover|p2a: Pecharunt
|-heal|p2a: Pecharunt|100/100
|move|p1a: Araquanid|Liquidation|p2a: Pecharunt
|-damage|p2a: Pecharunt|64/100
|
|upkeep
|turn|18
|
|t:|1760423344
|move|p2a: Pecharunt|Nasty Plot|p2a: Pecharunt
|-boost|p2a: Pecharunt|spa|2
|move|p1a: Araquanid|Liquidation|p2a: Pecharunt
|-damage|p2a: Pecharunt|23/100
|
|upkeep
|turn|19
|
|t:|1760423349
|move|p2a: Pecharunt|Recover|p2a: Pecharunt
|-heal|p2a: Pecharunt|73/100
|move|p1a: Araquanid|Liquidation|p2a: Pecharunt
|-damage|p2a: Pecharunt|31/100
|
|upkeep
|turn|20
|
|t:|1760423354
|move|p2a: Pecharunt|Recover|p2a: Pecharunt
|-heal|p2a: Pecharunt|81/100
|move|p1a: Araquanid|Liquidation|p2a: Pecharunt
|-damage|p2a: Pecharunt|42/100
|
|upkeep
|turn|21
|
|t:|1760423357
|move|p2a: Pecharunt|Recover|p2a: Pecharunt
|-heal|p2a: Pecharunt|92/100
|move|p1a: Araquanid|Liquidation|p2a: Pecharunt
|-damage|p2a: Pecharunt|51/100
|
|upkeep
|turn|22
|
|t:|1760423360
|move|p2a: Pecharunt|Recover|p2a: Pecharunt
|-heal|p2a: Pecharunt|100/100
|cant|p1a: Araquanid|par
|
|upkeep
|turn|23
|
|t:|1760423362
|move|p2a: Pecharunt|Hex|p1a: Araquanid
|-damage|p1a: Araquanid|0 fnt
|faint|p1a: Araquanid
|
|upkeep
|
|t:|1760423377
|switch|p1a: Iron Valiant|Iron Valiant|100/100
|-damage|p1a: Iron Valiant|94/100|[from] Stealth Rock
|-enditem|p1a: Iron Valiant|Booster Energy
|-activate|p1a: Iron Valiant|ability: Quark Drive|[fromitem]
|-start|p1a: Iron Valiant|quarkdriveatk
|turn|24
|
|t:|1760423387
|-terastallize|p2a: Pecharunt|Dark
|move|p1a: Iron Valiant|Knock Off|p2a: Pecharunt
|-resisted|p2a: Pecharunt
|-damage|p2a: Pecharunt|87/100
|-enditem|p2a: Pecharunt|Heavy-Duty Boots|[from] move: Knock Off|[of] p1a: Iron Valiant
|move|p2a: Pecharunt|Hex|p1a: Iron Valiant
|-damage|p1a: Iron Valiant|0 fnt
|faint|p1a: Iron Valiant
|-end|p1a: Iron Valiant|Quark Drive|[silent]
|
|upkeep
|
|t:|1760423395
|switch|p1a: Okidogi|Okidogi, M|73/100
|-damage|p1a: Okidogi|67/100|[from] Stealth Rock
|turn|25
|
|t:|1760423399
|move|p2a: Pecharunt|Hex|p1a: Okidogi
|-damage|p1a: Okidogi|5/100
|move|p1a: Okidogi|Drain Punch|p2a: Pecharunt
|-supereffective|p2a: Pecharunt
|-damage|p2a: Pecharunt|37/100
|-heal|p1a: Okidogi|30/100|[from] drain|[of] p2a: Pecharunt
|
|upkeep
|turn|26
|
|t:|1760423406
|move|p2a: Pecharunt|Hex|p1a: Okidogi
|-damage|p1a: Okidogi|0 fnt
|faint|p1a: Okidogi
|
|upkeep
|
|t:|1760423410
|switch|p1a: Raging Bolt|Raging Bolt|100/100
|-damage|p1a: Raging Bolt|88/100|[from] Stealth Rock
|turn|27
|
|t:|1760423415
|move|p2a: Pecharunt|Malignant Chain|p1a: Raging Bolt
|-damage|p1a: Raging Bolt|9/100
|-status|p1a: Raging Bolt|tox
|-start|p1a: Raging Bolt|confusion|[from] ability: Poison Puppeteer|[of] p2a: Pecharunt
|-activate|p1a: Raging Bolt|confusion
|move|p1a: Raging Bolt|Thunderbolt|p2a: Pecharunt
|-damage|p2a: Pecharunt|0 fnt
|faint|p2a: Pecharunt
|
|-damage|p1a: Raging Bolt|2/100 tox|[from] psn
|upkeep
|
|t:|1760423421
|switch|p2a: Kingambit|Kingambit, M|90/100
|-damage|p2a: Kingambit|84/100|[from] Stealth Rock
|-activate|p2a: Kingambit|ability: Supreme Overlord
|-start|p2a: Kingambit|fallen2|[silent]
|turn|28
|
|t:|1760423427
|move|p2a: Kingambit|Swords Dance|p2a: Kingambit
|-boost|p2a: Kingambit|atk|2
|-activate|p1a: Raging Bolt|confusion
|move|p1a: Raging Bolt|Thunderbolt|p2a: Kingambit
|-damage|p2a: Kingambit|0 fnt
|faint|p2a: Kingambit
|-end|p2a: Kingambit|fallen2|[silent]
|
|-damage|p1a: Raging Bolt|0 fnt|[from] psn
|faint|p1a: Raging Bolt
|-end|p1a: Raging Bolt|Protosynthesis|[silent]
|upkeep
|
|t:|1760423438
|switch|p2a: Moltres|Moltres|65/100
|switch|p1a: Garganacl|Garganacl, M, tera:Ghost|84/100
|-damage|p2a: Moltres|15/100|[from] Stealth Rock
|-damage|p1a: Garganacl|72/100|[from] Stealth Rock
|turn|29
|
|t:|1760423442
|move|p2a: Moltres|Flamethrower|p1a: Garganacl
|-damage|p1a: Garganacl|34/100
|move|p1a: Garganacl|Salt Cure|p2a: Moltres
|-supereffective|p2a: Moltres
|-damage|p2a: Moltres|0 fnt
|faint|p2a: Moltres
|
|-heal|p1a: Garganacl|40/100|[from] item: Leftovers
|upkeep
|
|t:|1760423447
|switch|p2a: Deoxys|Deoxys-Speed|100/100
|-ability|p2a: Deoxys|Pressure
|turn|30
|
|t:|1760423450
|move|p2a: Deoxys|Substitute|p2a: Deoxys
|-start|p2a: Deoxys|Substitute
|-damage|p2a: Deoxys|76/100
|move|p1a: Garganacl|Recover|p1a: Garganacl
|-heal|p1a: Garganacl|90/100
|
|-heal|p1a: Garganacl|97/100|[from] item: Leftovers
|upkeep
|turn|31
|
|t:|1760423453
|move|p2a: Deoxys|Nasty Plot|p2a: Deoxys
|-boost|p2a: Deoxys|spa|2
|move|p1a: Garganacl|Salt Cure|p2a: Deoxys
|-activate|p2a: Deoxys|move: Substitute|[damage]
|
|-heal|p1a: Garganacl|100/100|[from] item: Leftovers
|upkeep
|turn|32
|
|t:|1760423456
|move|p2a: Deoxys|Nasty Plot|p2a: Deoxys
|-boost|p2a: Deoxys|spa|2
|move|p1a: Garganacl|Salt Cure|p2a: Deoxys
|-end|p2a: Deoxys|Substitute
|
|upkeep
|turn|33
|
|t:|1760423459
|move|p2a: Deoxys|Substitute|p2a: Deoxys
|-start|p2a: Deoxys|Substitute
|-damage|p2a: Deoxys|51/100
|move|p1a: Garganacl|Salt Cure|p2a: Deoxys
|-activate|p2a: Deoxys|move: Substitute|[damage]
|
|upkeep
|turn|34
|
|t:|1760423463
|move|p2a: Deoxys|Thunderbolt|p1a: Garganacl
|-damage|p1a: Garganacl|31/100
|move|p1a: Garganacl|Salt Cure|p2a: Deoxys
|-end|p2a: Deoxys|Substitute
|
|-heal|p1a: Garganacl|37/100|[from] item: Leftovers
|upkeep
|turn|35
|
|t:|1760423466
|move|p2a: Deoxys|Thunderbolt|p1a: Garganacl
|-damage|p1a: Garganacl|0 fnt
|faint|p1a: Garganacl
|
|win|sihengthegreat
|raw|alex12381723898's rating: 1510 &rarr; <strong>1492</strong><br />(-18 for losing)
|raw|sihengthegreat's rating: 1550 &rarr; <strong>1568</strong><br />(+18 for winning)
|l|☆alex12381723898
|player|p1|
