|badge|p2|bronze|gen9ou|100-7
|uhtml|medal-msg|<div class="broadcast-blue">Curious what those medals under the avatar are? PS now has Ladder Seasons! For more information, check out the <a href="https://www.smogon.com/forums/threads/3740067/">thread on Smogon.</a></div>
|j|☆hiquehique
|j|☆yesterdaymister
|t:|1760379664
|gametype|singles
|player|p1|hiquehique|iono|1747
|player|p2|yesterdaymister|striker|1858
|gen|9
|tier|[Gen 9] OU
|rated|
|rule|HP Percentage Mod: HP is shown in percentages
|rule|Endless Battle Clause: Forcing endless battles is banned
|rule|Species Clause: Limit one of each Pokémon
|rule|OHKO Clause: OHKO moves are banned
|rule|Evasion Items Clause: Evasion items are banned
|rule|Evasion Moves Clause: Evasion moves are banned
|rule|Evasion Abilities Clause: Evasion abilities are banned
|rule|Sleep Moves Clause: Sleep-inducing moves are banned
|clearpoke
|poke|p1|Dragonite, M|
|poke|p1|Samurott-Hisui, M|
|poke|p1|Great Tusk|
|poke|p1|Hatterene, F|
|poke|p1|Gholdengo|
|poke|p1|Kyurem|
|poke|p2|Ninetales, M|
|poke|p2|Ceruledge, M|
|poke|p2|Venusaur, F|
|poke|p2|Hatterene, F|
|poke|p2|Great Tusk|
|poke|p2|Walking Wake|
|teampreview
|inactive|Battle timer is ON: inactive players will automatically lose when time's up. (requested by yesterdaymister)
|
|t:|1760379680
|teamsize|p1|6
|teamsize|p2|6
|start
|switch|p1a: Samurott|Samurott-Hisui, M|100/100
|switch|p2a: arda guler|Ninetales, M|100/100
|-weather|SunnyDay|[from] ability: Drought|[of] p2a: arda guler
|turn|1
|
|t:|1760379686
|switch|p2a: maccabi|Hatterene, F|100/100
|move|p1a: Samurott|Ceaseless Edge|p2a: maccabi
|-damage|p2a: maccabi|42/100
|-sidestart|p2: yesterdaymister|Spikes
|-enditem|p2a: maccabi|Eject Button
|j| St.Peewee
|
|t:|1760379691
|switch|p2a: hans vanaken|Venusaur, F|100/100
|-damage|p2a: hans vanaken|88/100|[from] Spikes
|
|-weather|SunnyDay|[upkeep]
|upkeep
|turn|2
|
|t:|1760379699
|-terastallize|p1a: Samurott|Dark
|move|p2a: hans vanaken|Giga Drain|p1a: Samurott
|-damage|p1a: Samurott|30/100
|-heal|p2a: hans vanaken|100/100|[from] drain|[of] p1a: Samurott
|-damage|p2a: hans vanaken|91/100|[from] item: Life Orb
|move|p1a: Samurott|Ceaseless Edge|p2a: hans vanaken
|-damage|p2a: hans vanaken|0 fnt
|-sidestart|p2: yesterdaymister|Spikes
|faint|p2a: hans vanaken
|
|-weather|SunnyDay|[upkeep]
|upkeep
|
|t:|1760379703
|switch|p2a: mignolet|Great Tusk|100/100
|-damage|p2a: mignolet|84/100|[from] Spikes
|-activate|p2a: mignolet|ability: Protosynthesis
|-start|p2a: mignolet|protosynthesisspe
|turn|3
|
|t:|1760379713
|switch|p1a: Great Tusk|Great Tusk|100/100
|-activate|p1a: Great Tusk|ability: Protosynthesis
|-start|p1a: Great Tusk|protosynthesisatk
|move|p2a: mignolet|Ice Spinner|p1a: Great Tusk
|-supereffective|p1a: Great Tusk
|-damage|p1a: Great Tusk|67/100
|
|-weather|SunnyDay|[upkeep]
|upkeep
|turn|4
|l| St.Peewee
|
|t:|1760379724
|-end|p1a: Great Tusk|Protosynthesis|[silent]
|switch|p1a: Gholdengo|Gholdengo|100/100
|move|p2a: mignolet|Rapid Spin|p1a: Gholdengo
|-immune|p1a: Gholdengo
|
|-weather|SunnyDay|[upkeep]
|upkeep
|turn|5
|
|t:|1760379728
|move|p2a: mignolet|Headlong Rush|p1a: Gholdengo
|-supereffective|p1a: Gholdengo
|-damage|p1a: Gholdengo|0 fnt
|-unboost|p2a: mignolet|def|1
|-unboost|p2a: mignolet|spd|1
|faint|p1a: Gholdengo
|
|-weather|SunnyDay|[upkeep]
|upkeep
|
|t:|1760379731
|switch|p1a: Kyurem|Kyurem|100/100
|-ability|p1a: Kyurem|Pressure
|turn|6
|
|t:|1760379735
|move|p2a: mignolet|Rapid Spin|p1a: Kyurem
|-damage|p1a: Kyurem|86/100
|-boost|p2a: mignolet|spe|1
|-sideend|p2: yesterdaymister|Spikes|[from] move: Rapid Spin|[of] p2a: mignolet
|move|p1a: Kyurem|Freeze-Dry|p2a: mignolet
|-supereffective|p2a: mignolet
|-damage|p2a: mignolet|0 fnt
|faint|p2a: mignolet
|-end|p2a: mignolet|Protosynthesis|[silent]
|
|-weather|SunnyDay|[upkeep]
|-heal|p1a: Kyurem|92/100|[from] item: Leftovers
|upkeep
|
|t:|1760379756
|switch|p2a: maccabi|Hatterene, F|42/100
|turn|7
|
|t:|1760379766
|move|p1a: Kyurem|Freeze-Dry|p2a: maccabi
|-damage|p2a: maccabi|0 fnt
|faint|p2a: maccabi
|
|-weather|SunnyDay|[upkeep]
|-heal|p1a: Kyurem|98/100|[from] item: Leftovers
|upkeep
|
|t:|1760379772
|switch|p2a: lebron|Ceruledge, M|100/100
|turn|8
|
|t:|1760379779
|move|p2a: lebron|Bitter Blade|p1a: Kyurem
|-damage|p1a: Kyurem|35/100
|move|p1a: Kyurem|Earth Power|p2a: lebron
|-supereffective|p2a: lebron
|-damage|p2a: lebron|20/100
|
|-weather|none
|-heal|p1a: Kyurem|41/100|[from] item: Leftovers
|upkeep
|turn|9
|
|t:|1760379786
|switch|p2a: arda guler|Ninetales, M|100/100
|-weather|SunnyDay|[from] ability: Drought|[of] p2a: arda guler
|move|p1a: Kyurem|Earth Power|p2a: arda guler
|-supereffective|p2a: arda guler
|-damage|p2a: arda guler|35/100
|
|-weather|SunnyDay|[upkeep]
|-heal|p1a: Kyurem|47/100|[from] item: Leftovers
|upkeep
|turn|10
|
|t:|1760379789
|move|p2a: arda guler|Healing Wish|p2a: arda guler
|faint|p2a: arda guler
|move|p1a: Kyurem|Earth Power|p2: arda guler|[notarget]
|-fail|p1a: Kyurem
|
|-weather|SunnyDay|[upkeep]
|-heal|p1a: Kyurem|53/100|[from] item: Leftovers
|upkeep
|
|t:|1760379795
|switch|p2a: lebron|Ceruledge, M|20/100
|-heal|p2a: lebron|100/100|[from] move: Healing Wish
|turn|11
|
|t:|1760379810
|move|p2a: lebron|Bitter Blade|p1a: Kyurem
|-damage|p1a: Kyurem|0 fnt
|faint|p1a: Kyurem
|
|-weather|SunnyDay|[upkeep]
|upkeep
|
|t:|1760379815
|switch|p1a: Great Tusk|Great Tusk|67/100
|-activate|p1a: Great Tusk|ability: Protosynthesis
|-start|p1a: Great Tusk|protosynthesisatk
|turn|12
|
|t:|1760379821
|move|p1a: Great Tusk|Headlong Rush|p2a: lebron
|-supereffective|p2a: lebron
|-enditem|p2a: lebron|Focus Sash
|-damage|p2a: lebron|1/100
|-unboost|p1a: Great Tusk|def|1
|-unboost|p1a: Great Tusk|spd|1
|-ability|p2a: lebron|Weak Armor|boost
|-unboost|p2a: lebron|def|1
|-boost|p2a: lebron|spe|2
|move|p2a: lebron|Swords Dance|p2a: lebron
|-boost|p2a: lebron|atk|2
|
|-weather|SunnyDay|[upkeep]
|upkeep
|turn|13
|
|t:|1760379824
|move|p2a: lebron|Bitter Blade|p1a: Great Tusk
|-damage|p1a: Great Tusk|0 fnt
|-heal|p2a: lebron|43/100|[from] drain|[of] p1a: Great Tusk
|faint|p1a: Great Tusk
|-end|p1a: Great Tusk|Protosynthesis|[silent]
|
|-weather|SunnyDay|[upkeep]
|upkeep
|
|t:|1760379825
|switch|p1a: Dragonite|Dragonite, M|100/100
|turn|14
|
|t:|1760379841
|move|p2a: lebron|Bitter Blade|p1a: Dragonite
|-resisted|p1a: Dragonite
|-damage|p1a: Dragonite|64/100
|-heal|p2a: lebron|63/100|[from] drain|[of] p1a: Dragonite
|move|p1a: Dragonite|Earthquake|p2a: lebron
|-supereffective|p2a: lebron
|-damage|p2a: lebron|0 fnt
|faint|p2a: lebron
|
|-weather|SunnyDay|[upkeep]
|upkeep
|
|t:|1760379847
|switch|p2a: chama|Walking Wake|100/100
|-activate|p2a: chama|ability: Protosynthesis
|-start|p2a: chama|protosynthesisspa
|turn|15
|
|t:|1760379865
|switch|p1a: Hatterene|Hatterene, F|100/100
|move|p2a: chama|Hydro Steam|p1a: Hatterene
|-damage|p1a: Hatterene|0 fnt
|faint|p1a: Hatterene
|
|-weather|SunnyDay|[upkeep]
|upkeep
|
|t:|1760379875
|switch|p1a: Samurott|Samurott-Hisui, M, tera:Dark|30/100
|turn|16
|
|t:|1760379878
|move|p1a: Samurott|Sucker Punch|p2a: chama
|-damage|p2a: chama|23/100
|move|p2a: chama|Hydro Steam|p1a: Samurott
|-damage|p1a: Samurott|0 fnt
|faint|p1a: Samurott
|
|-weather|none
|-end|p2a: chama|Protosynthesis
|upkeep
|
|t:|1760379879
|switch|p1a: Dragonite|Dragonite, M|64/100
|turn|17
|
|t:|1760379885
|-terastallize|p2a: chama|Water
|move|p1a: Dragonite|Extreme Speed|p2a: chama
|-damage|p2a: chama|0 fnt
|faint|p2a: chama
|-end|p2a: chama|Protosynthesis|[silent]
|
|win|hiquehique
|raw|hiquehique's rating: 1747 &rarr; <strong>1773</strong><br />(+26 for winning)
|raw|yesterdaymister's rating: 1858 &rarr; <strong>1832</strong><br />(-26 for losing)
|c|☆hiquehique|gg
|c|☆yesterdaymister|gg
|l|☆yesterdaymister
|player|p2|
|l|☆hiquehique
|player|p1|
