|j|☆zeeql
|j|☆localdealerr
|t:|1760389328
|gametype|singles
|player|p1|zeeql|102|1695
|player|p2|localdealerr|102|1766
|gen|9
|tier|[Gen 9] OU
|rated|
|rule|HP Percentage Mod: HP is shown in percentages
|rule|Endless Battle Clause: Forcing endless battles is banned
|rule|Species Clause: Limit one of each Pokémon
|rule|OHKO Clause: OHKO moves are banned
|rule|Evasion Items Clause: Evasion items are banned
|rule|Evasion Moves Clause: Evasion moves are banned
|rule|Evasion Abilities Clause: Evasion abilities are banned
|rule|Sleep Moves Clause: Sleep-inducing moves are banned
|clearpoke
|poke|p1|Dragapult, M|
|poke|p1|Heatran, M|
|poke|p1|Landorus-Therian, M|
|poke|p1|Pecharunt|
|poke|p1|Dragonite, M|
|poke|p1|Gholdengo|
|poke|p2|Ninetales-Alola, F|
|poke|p2|Iron Hands|
|poke|p2|Kyurem|
|poke|p2|Zapdos|
|poke|p2|Alomomola, F|
|poke|p2|Iron Treads|
|teampreview
|inactive|Battle timer is ON: inactive players will automatically lose when time's up. (requested by zeeql)
|
|t:|1760389348
|teamsize|p1|6
|teamsize|p2|6
|start
|switch|p1a: Heatran|Heatran, M|100/100
|switch|p2a: FICO|Ninetales-Alola, F|100/100
|-weather|Snowscape|[from] ability: Snow Warning|[of] p2a: FICO
|turn|1
|
|t:|1760389354
|switch|p2a: Ace Trumpets|Alomomola, F|100/100
|move|p1a: Heatran|Magma Storm|p2a: Ace Trumpets|[miss]
|-miss|p1a: Heatran|p2a: Ace Trumpets
|
|-weather|Snowscape|[upkeep]
|upkeep
|turn|2
|
|t:|1760389373
|switch|p1a: Landorus|Landorus-Therian, M|100/100
|-ability|p1a: Landorus|Intimidate|boost
|-unboost|p2a: Ace Trumpets|atk|1
|move|p2a: Ace Trumpets|Flip Turn|p1a: Landorus
|-supereffective|p1a: Landorus
|-damage|p1a: Landorus|86/100
|-damage|p2a: Ace Trumpets|84/100|[from] item: Rocky Helmet|[of] p1a: Landorus
|
|t:|1760389381
|switch|p2a: EBITDA|Kyurem|100/100|[from] Flip Turn
|-ability|p2a: EBITDA|Pressure
|
|-weather|Snowscape|[upkeep]
|upkeep
|turn|3
|
|t:|1760389388
|move|p2a: EBITDA|Dragon Dance|p2a: EBITDA
|-boost|p2a: EBITDA|atk|1
|-boost|p2a: EBITDA|spe|1
|move|p1a: Landorus|U-turn|p2a: EBITDA
|-damage|p2a: EBITDA|86/100
|
|t:|1760389396
|switch|p1a: Gholdengo|Gholdengo|100/100|[from] U-turn
|-item|p1a: Gholdengo|Air Balloon
|
|-weather|Snowscape|[upkeep]
|upkeep
|turn|4
|
|t:|1760389399
|-terastallize|p2a: EBITDA|Fire
|move|p2a: EBITDA|Tera Blast|p1a: Gholdengo|[anim] Tera Blast Fire
|-supereffective|p1a: Gholdengo
|-crit|p1a: Gholdengo
|-damage|p1a: Gholdengo|0 fnt
|-enditem|p1a: Gholdengo|Air Balloon
|faint|p1a: Gholdengo
|
|-weather|Snowscape|[upkeep]
|upkeep
|
|t:|1760389415
|switch|p1a: Pecharunt|Pecharunt|100/100
|turn|5
|
|t:|1760389421
|move|p2a: EBITDA|Icicle Spear|p1a: Pecharunt
|-damage|p1a: Pecharunt|87/100
|-damage|p1a: Pecharunt|73/100
|-damage|p1a: Pecharunt|60/100
|-crit|p1a: Pecharunt
|-damage|p1a: Pecharunt|41/100
|-hitcount|p1a: Pecharunt|4
|move|p1a: Pecharunt|Malignant Chain|p2a: EBITDA
|-damage|p2a: EBITDA|54/100
|-status|p2a: EBITDA|tox
|-start|p2a: EBITDA|confusion|[from] ability: Poison Puppeteer|[of] p1a: Pecharunt
|
|-weather|none
|-damage|p2a: EBITDA|48/100 tox|[from] psn
|upkeep
|turn|6
|
|t:|1760389430
|switch|p1a: Landorus|Landorus-Therian, M|86/100
|-ability|p1a: Landorus|Intimidate|boost
|-unboost|p2a: EBITDA|atk|1
|-activate|p2a: EBITDA|confusion
|move|p2a: EBITDA|Icicle Spear|p1a: Landorus
|-supereffective|p1a: Landorus
|-damage|p1a: Landorus|46/100
|-supereffective|p1a: Landorus
|-damage|p1a: Landorus|5/100
|-supereffective|p1a: Landorus
|-damage|p1a: Landorus|0 fnt
|faint|p1a: Landorus
|-hitcount|p1: Landorus|3
|
|-damage|p2a: EBITDA|36/100 tox|[from] psn
|upkeep
|
|t:|1760389437
|switch|p1a: Heatran|Heatran, M|100/100
|turn|7
|
|t:|1760389441
|switch|p2a: Ace Trumpets|Alomomola, F|100/100
|move|p1a: Heatran|Earth Power|p2a: Ace Trumpets
|-damage|p2a: Ace Trumpets|79/100
|
|upkeep
|turn|8
|
|t:|1760389448
|move|p1a: Heatran|Magma Storm|p2a: Ace Trumpets
|-resisted|p2a: Ace Trumpets
|-damage|p2a: Ace Trumpets|60/100
|-activate|p2a: Ace Trumpets|move: Magma Storm|[of] p1a: Heatran
|move|p2a: Ace Trumpets|Flip Turn|p1a: Heatran
|-supereffective|p1a: Heatran
|-damage|p1a: Heatran|77/100
|
|t:|1760389455
|switch|p2a: Chains and Whips|Iron Treads|100/100|[from] Flip Turn
|
|-heal|p1a: Heatran|83/100|[from] item: Leftovers
|upkeep
|turn|9
|inactive|zeeql has 120 seconds left.
|
|t:|1760389511
|switch|p1a: Dragapult|Dragapult, M|100/100
|move|p2a: Chains and Whips|Knock Off|p1a: Dragapult
|-supereffective|p1a: Dragapult
|-crit|p1a: Dragapult
|-damage|p1a: Dragapult|2/100
|-enditem|p1a: Dragapult|Choice Specs|[from] move: Knock Off|[of] p2a: Chains and Whips
|
|upkeep
|turn|10
|inactive|localdealerr has 120 seconds left.
|
|t:|1760389554
|move|p1a: Dragapult|Fire Blast|p2a: Chains and Whips
|-supereffective|p2a: Chains and Whips
|-damage|p2a: Chains and Whips|65/100
|move|p2a: Chains and Whips|Knock Off|p1a: Dragapult
|-supereffective|p1a: Dragapult
|-damage|p1a: Dragapult|0 fnt
|faint|p1a: Dragapult
|
|upkeep
|inactive|zeeql has 90 seconds left.
|
|t:|1760389590
|switch|p1a: Pecharunt|Pecharunt|41/100
|turn|11
|inactive|localdealerr has 120 seconds left.
|
|t:|1760389613
|move|p1a: Pecharunt|Recover|p1a: Pecharunt
|-heal|p1a: Pecharunt|91/100
|move|p2a: Chains and Whips|Earthquake|p1a: Pecharunt
|-supereffective|p1a: Pecharunt
|-damage|p1a: Pecharunt|47/100
|
|upkeep
|turn|12
|inactive|zeeql has 90 seconds left.
|
|t:|1760389620
|move|p1a: Pecharunt|Shadow Ball|p2a: Chains and Whips
|-damage|p2a: Chains and Whips|52/100
|-unboost|p2a: Chains and Whips|spd|1
|move|p2a: Chains and Whips|Volt Switch|p1a: Pecharunt
|-damage|p1a: Pecharunt|36/100
|
|t:|1760389628
|-end|p2a: Chains and Whips|Quark Drive|[silent]
|switch|p2a: TheBirdsDontSing|Zapdos|100/100|[from] Volt Switch
|
|upkeep
|turn|13
|
|t:|1760389632
|move|p2a: TheBirdsDontSing|Volt Switch|p1a: Pecharunt
|-damage|p1a: Pecharunt|2/100
|
|t:|1760389637
|switch|p2a: Chains and Whips|Iron Treads|52/100|[from] Volt Switch
|move|p1a: Pecharunt|Malignant Chain|p2a: Chains and Whips
|-immune|p2a: Chains and Whips
|
|upkeep
|turn|14
|
|t:|1760389642
|move|p1a: Pecharunt|Parting Shot|p2a: Chains and Whips
|-unboost|p2a: Chains and Whips|atk|1
|-unboost|p2a: Chains and Whips|spa|1
|
|t:|1760389644
|switch|p1a: Heatran|Heatran, M|83/100|[from] Parting Shot
|move|p2a: Chains and Whips|Volt Switch|p1a: Heatran
|-damage|p1a: Heatran|78/100
|
|t:|1760389653
|-end|p2a: Chains and Whips|Quark Drive|[silent]
|switch|p2a: Ace Trumpets|Alomomola, F|94/100|[from] Volt Switch
|
|-heal|p1a: Heatran|84/100|[from] item: Leftovers
|upkeep
|turn|15
|
|t:|1760389659
|switch|p1a: Pecharunt|Pecharunt|2/100
|move|p2a: Ace Trumpets|Wish|p2a: Ace Trumpets
|
|upkeep
|turn|16
|
|t:|1760389665
|switch|p1a: Heatran|Heatran, M|84/100
|move|p2a: Ace Trumpets|Flip Turn|p1a: Heatran
|-supereffective|p1a: Heatran
|-damage|p1a: Heatran|60/100
|
|t:|1760389667
|switch|p2a: EBITDA|Kyurem, tera:Fire|36/100 tox|[from] Flip Turn
|-ability|p2a: EBITDA|Pressure
|
|-heal|p2a: EBITDA|98/100 tox|[from] move: Wish|[wisher] Ace Trumpets
|-heal|p1a: Heatran|66/100|[from] item: Leftovers
|-damage|p2a: EBITDA|92/100 tox|[from] psn
|upkeep
|turn|17
|
|t:|1760389674
|switch|p2a: Ace Trumpets|Alomomola, F|100/100
|move|p1a: Heatran|Earth Power|p2a: Ace Trumpets
|-damage|p2a: Ace Trumpets|78/100
|
|-heal|p1a: Heatran|72/100|[from] item: Leftovers
|upkeep
|turn|18
|
|t:|1760389676
|move|p1a: Heatran|Magma Storm|p2a: Ace Trumpets
|-resisted|p2a: Ace Trumpets
|-damage|p2a: Ace Trumpets|59/100
|-activate|p2a: Ace Trumpets|move: Magma Storm|[of] p1a: Heatran
|move|p2a: Ace Trumpets|Flip Turn|p1a: Heatran
|-supereffective|p1a: Heatran
|-damage|p1a: Heatran|47/100
|
|t:|1760389679
|switch|p2a: Chains and Whips|Iron Treads|52/100|[from] Flip Turn
|
|-heal|p1a: Heatran|53/100|[from] item: Leftovers
|upkeep
|turn|19
|
|t:|1760389681
|move|p2a: Chains and Whips|Earthquake|p1a: Heatran
|-supereffective|p1a: Heatran
|-damage|p1a: Heatran|0 fnt
|faint|p1a: Heatran
|
|upkeep
|
|t:|1760389693
|switch|p1a: Dragonite|Dragonite, M|100/100
|turn|20
|
|t:|1760389696
|-end|p2a: Chains and Whips|Quark Drive|[silent]
|switch|p2a: FICO|Ninetales-Alola, F|100/100
|-weather|Snowscape|[from] ability: Snow Warning|[of] p2a: FICO
|move|p1a: Dragonite|Dragon Dance|p1a: Dragonite
|-boost|p1a: Dragonite|atk|1
|-boost|p1a: Dragonite|spe|1
|
|-weather|Snowscape|[upkeep]
|upkeep
|turn|21
|
|t:|1760389705
|-terastallize|p1a: Dragonite|Fairy
|move|p1a: Dragonite|Dragon Dance|p1a: Dragonite
|-boost|p1a: Dragonite|atk|1
|-boost|p1a: Dragonite|spe|1
|move|p2a: FICO|Roar|p1a: Dragonite
|drag|p1a: Pecharunt|Pecharunt|2/100
|
|-weather|Snowscape|[upkeep]
|upkeep
|turn|22
|c|☆zeeql|rah
|c|☆zeeql|the whole gameplan
|inactive|zeeql has 120 seconds left.
|c|☆zeeql|i wanted this dead for that exact reason lol
|c|☆zeeql|pech
|
|t:|1760389747
|move|p2a: FICO|Moonblast|p1a: Pecharunt
|-resisted|p1a: Pecharunt
|-damage|p1a: Pecharunt|0 fnt
|faint|p1a: Pecharunt
|
|-weather|Snowscape|[upkeep]
|upkeep
|
|t:|1760389749
|switch|p1a: Dragonite|Dragonite, M, tera:Fairy|100/100
|turn|23
|
|t:|1760389754
|move|p2a: FICO|Aurora Veil|p2a: FICO
|-sidestart|p2: localdealerr|move: Aurora Veil
|move|p1a: Dragonite|Dragon Dance|p1a: Dragonite
|-boost|p1a: Dragonite|atk|1
|-boost|p1a: Dragonite|spe|1
|
|-weather|Snowscape|[upkeep]
|upkeep
|turn|24
|
|t:|1760389758
|move|p1a: Dragonite|Tera Blast|p2a: FICO|[anim] Tera Blast Fairy
|-damage|p2a: FICO|73/100
|move|p2a: FICO|Encore|p1a: Dragonite
|-start|p1a: Dragonite|Encore
|
|-weather|none
|upkeep
|turn|25
|
|t:|1760389768
|switch|p2a: EBITDA|Kyurem, tera:Fire|92/100 tox
|-ability|p2a: EBITDA|Pressure
|move|p1a: Dragonite|Tera Blast|p2a: EBITDA|[anim] Tera Blast Fairy
|-resisted|p2a: EBITDA
|-damage|p2a: EBITDA|76/100 tox
|
|-damage|p2a: EBITDA|70/100 tox|[from] psn
|upkeep
|turn|26
|
|t:|1760389772
|move|p1a: Dragonite|Tera Blast|p2a: EBITDA|[anim] Tera Blast Fairy
|-resisted|p2a: EBITDA
|-damage|p2a: EBITDA|54/100 tox
|move|p2a: EBITDA|Scale Shot|p1a: Dragonite
|-immune|p1a: Dragonite
|
|-damage|p2a: EBITDA|42/100 tox|[from] psn
|upkeep
|turn|27
|
|t:|1760389779
|move|p1a: Dragonite|Tera Blast|p2a: EBITDA|[anim] Tera Blast Fairy
|-resisted|p2a: EBITDA
|-damage|p2a: EBITDA|26/100 tox
|move|p2a: EBITDA|Scale Shot|p1a: Dragonite
|-immune|p1a: Dragonite
|
|-damage|p2a: EBITDA|7/100 tox|[from] psn
|-end|p1a: Dragonite|Encore
|upkeep
|turn|28
|c|☆zeeql|what
|c|☆localdealerr|wait im sped
|c|☆zeeql|lmao
|
|t:|1760389797
|move|p1a: Dragonite|Dragon Dance|p1a: Dragonite
|-boost|p1a: Dragonite|atk|1
|-boost|p1a: Dragonite|spe|1
|move|p2a: EBITDA|Icicle Spear|p1a: Dragonite
|-damage|p1a: Dragonite|91/100
|-damage|p1a: Dragonite|73/100
|-damage|p1a: Dragonite|56/100
|-damage|p1a: Dragonite|38/100
|-damage|p1a: Dragonite|20/100
|-hitcount|p1a: Dragonite|5
|
|-damage|p2a: EBITDA|0 fnt|[from] psn
|faint|p2a: EBITDA
|upkeep
|c|☆zeeql|happens
|
|t:|1760389804
|switch|p2a: TheBirdsDontSing|Zapdos|100/100
|turn|29
|
|t:|1760389807
|move|p1a: Dragonite|Roost|p1a: Dragonite
|-heal|p1a: Dragonite|70/100
|move|p2a: TheBirdsDontSing|Thunderbolt|p1a: Dragonite
|-damage|p1a: Dragonite|22/100
|
|upkeep
|turn|30
|
|t:|1760389814
|move|p1a: Dragonite|Roost|p1a: Dragonite
|-heal|p1a: Dragonite|72/100
|move|p2a: TheBirdsDontSing|Thunderbolt|p1a: Dragonite
|-damage|p1a: Dragonite|21/100
|
|-sideend|p2: localdealerr|move: Aurora Veil
|upkeep
|turn|31
|
|t:|1760389817
|move|p1a: Dragonite|Tera Blast|p2a: TheBirdsDontSing|[anim] Tera Blast Fairy
|-damage|p2a: TheBirdsDontSing|0 fnt
|faint|p2a: TheBirdsDontSing
|
|upkeep
|
|t:|1760389822
|switch|p2a: FICO|Ninetales-Alola, F|73/100
|-weather|Snowscape|[from] ability: Snow Warning|[of] p2a: FICO
|turn|32
|
|t:|1760389829
|move|p1a: Dragonite|Tera Blast|p2a: FICO|[anim] Tera Blast Fairy
|-damage|p2a: FICO|0 fnt
|faint|p2a: FICO
|
|-weather|Snowscape|[upkeep]
|upkeep
|c|☆localdealerr|holy throw
|c|☆zeeql|i cant sugarcoat this one homie
|
|t:|1760389847
|switch|p2a: Chains and Whips|Iron Treads|52/100
|turn|33
|
|t:|1760389862
|move|p1a: Dragonite|Earthquake|p2a: Chains and Whips
|-supereffective|p2a: Chains and Whips
|-damage|p2a: Chains and Whips|0 fnt
|faint|p2a: Chains and Whips
|-end|p2a: Chains and Whips|Quark Drive|[silent]
|
|-weather|Snowscape|[upkeep]
|upkeep
|
|t:|1760389867
|switch|p2a: Ace Trumpets|Alomomola, F|92/100
|turn|34
|
|t:|1760389870
|move|p1a: Dragonite|Roost|p1a: Dragonite
|-heal|p1a: Dragonite|71/100
|move|p2a: Ace Trumpets|Scald|p1a: Dragonite
|-damage|p1a: Dragonite|57/100
|-status|p1a: Dragonite|brn
|
|-weather|Snowscape|[upkeep]
|-damage|p1a: Dragonite|51/100 brn|[from] brn
|upkeep
|turn|35
|
|t:|1760389877
|move|p1a: Dragonite|Dragon Dance|p1a: Dragonite
|-boost|p1a: Dragonite|atk|1
|-boost|p1a: Dragonite|spe|1
|move|p2a: Ace Trumpets|Flip Turn|p1a: Dragonite
|-damage|p1a: Dragonite|31/100 brn
|
|t:|1760389879
|switch|p2a: MTBTTF|Iron Hands|100/100|[from] Flip Turn
|-enditem|p2a: MTBTTF|Booster Energy
|-activate|p2a: MTBTTF|ability: Quark Drive|[fromitem]
|-start|p2a: MTBTTF|quarkdriveatk
|
|-weather|Snowscape|[upkeep]
|-damage|p1a: Dragonite|25/100 brn|[from] brn
|upkeep
|turn|36
|c|☆zeeql|y still good
|c|☆zeeql|gg
|c|☆zeeql|supercell miss
|c|☆zeeql|or tera blast crit
|inactive|zeeql has 120 seconds left.
|
|t:|1760389918
|move|p1a: Dragonite|Roost|p1a: Dragonite
|-heal|p1a: Dragonite|75/100 brn
|move|p2a: MTBTTF|Thunder Punch|p1a: Dragonite
|-damage|p1a: Dragonite|0 fnt
|faint|p1a: Dragonite
|
|win|localdealerr
|raw|zeeql's rating: 1695 &rarr; <strong>1679</strong><br />(-16 for losing)
|raw|localdealerr's rating: 1766 &rarr; <strong>1782</strong><br />(+16 for winning)
|c|☆zeeql|nvm lol
|c|☆zeeql|gg
|c|☆localdealerr|gg
|l|☆zeeql
|player|p1|
|l|☆localdealerr
|player|p2|
