|j|☆ancasa
|j|☆seethemalldie
|t:|1760453047
|gametype|singles
|player|p1|ancasa|2|1316
|player|p2|seethemalldie|unknown|1324
|gen|9
|tier|[Gen 9] OU
|rated|
|rule|HP Percentage Mod: HP is shown in percentages
|rule|Endless Battle Clause: Forcing endless battles is banned
|rule|Species Clause: Limit one of each Pokémon
|rule|OHKO Clause: OHKO moves are banned
|rule|Evasion Items Clause: Evasion items are banned
|rule|Evasion Moves Clause: Evasion moves are banned
|rule|Evasion Abilities Clause: Evasion abilities are banned
|rule|Sleep Moves Clause: Sleep-inducing moves are banned
|clearpoke
|poke|p1|Sinistcha|
|poke|p1|Kleavor, F|
|poke|p1|Dragonite, M|
|poke|p1|Iron Treads|
|poke|p1|Iron Moth|
|poke|p1|Blaziken, F|
|poke|p2|Scizor, M|
|poke|p2|Toxtricity-Low-Key, F|
|poke|p2|Hydreigon, F|
|poke|p2|Iron Valiant|
|poke|p2|Ogerpon-Wellspring, F|
|poke|p2|Arcanine-Hisui, M|
|teampreview
|inactive|Battle timer is ON: inactive players will automatically lose when time's up. (requested by seethemalldie)
|inactive|ancasa also wants the timer to be on.
|inactive|ancasa has 120 seconds left.
|
|t:|1760453094
|teamsize|p1|6
|teamsize|p2|6
|start
|switch|p1a: Kleavor|Kleavor, F|100/100
|switch|p2a: Chili|Toxtricity-Low-Key, F|100/100
|turn|1
|
|t:|1760453122
|move|p1a: Kleavor|Stone Axe|p2a: Chili
|-damage|p2a: Chili|16/100
|-sidestart|p2: seethemalldie|move: Stealth Rock
|move|p2a: Chili|Overdrive|p1a: Kleavor
|-damage|p1a: Kleavor|0 fnt
|faint|p1a: Kleavor
|
|upkeep
|
|t:|1760453141
|switch|p1a: Blaziken|Blaziken, F|100/100
|turn|2
|
|t:|1760453149
|move|p2a: Chili|Overdrive|p1a: Blaziken
|-damage|p1a: Blaziken|0 fnt
|faint|p1a: Blaziken
|
|upkeep
|
|t:|1760453156
|switch|p1a: Iron Moth|Iron Moth|100/100
|-enditem|p1a: Iron Moth|Booster Energy
|-activate|p1a: Iron Moth|ability: Quark Drive|[fromitem]
|-start|p1a: Iron Moth|quarkdrivespe
|turn|3
|
|t:|1760453169
|switch|p2a: Archie|Arcanine-Hisui, M|100/100
|-damage|p2a: Archie|76/100|[from] Stealth Rock
|move|p1a: Iron Moth|Fiery Dance|p2a: Archie
|-resisted|p2a: Archie
|-damage|p2a: Archie|68/100
|-boost|p1a: Iron Moth|spa|1
|
|upkeep
|turn|4
|
|t:|1760453185
|move|p1a: Iron Moth|Energy Ball|p2a: Archie
|-crit|p2a: Archie
|-damage|p2a: Archie|15/100
|move|p2a: Archie|Head Smash|p1a: Iron Moth|[miss]
|-miss|p2a: Archie|p1a: Iron Moth
|
|upkeep
|turn|5
|
|t:|1760453193
|move|p2a: Archie|Extreme Speed|p1a: Iron Moth
|-damage|p1a: Iron Moth|59/100
|move|p1a: Iron Moth|Fiery Dance|p2a: Archie
|-resisted|p2a: Archie
|-damage|p2a: Archie|2/100
|
|upkeep
|turn|6
|
|t:|1760453206
|move|p2a: Archie|Extreme Speed|p1a: Iron Moth
|-damage|p1a: Iron Moth|20/100
|move|p1a: Iron Moth|Charge Beam|p2a: Archie
|-damage|p2a: Archie|0 fnt
|faint|p2a: Archie
|
|upkeep
|
|t:|1760453218
|switch|p2a: Solid|Scizor, M|100/100
|turn|7
|
|t:|1760453222
|move|p2a: Solid|Bullet Punch|p1a: Iron Moth
|-resisted|p1a: Iron Moth
|-damage|p1a: Iron Moth|0 fnt
|faint|p1a: Iron Moth
|-end|p1a: Iron Moth|Quark Drive|[silent]
|
|upkeep
|
|t:|1760453228
|switch|p1a: Sinistcha|Sinistcha|100/100
|turn|8
|
|t:|1760453232
|move|p1a: Sinistcha|Calm Mind|p1a: Sinistcha
|-boost|p1a: Sinistcha|spa|1
|-boost|p1a: Sinistcha|spd|1
|move|p2a: Solid|Defog|p1a: Sinistcha
|-unboost|p1a: Sinistcha|evasion|1
|-sideend|p2: seethemalldie|Stealth Rock|[from] move: Defog|[of] p2a: Solid
|
|upkeep
|turn|9
|
|t:|1760453246
|move|p1a: Sinistcha|Calm Mind|p1a: Sinistcha
|-boost|p1a: Sinistcha|spa|1
|-boost|p1a: Sinistcha|spd|1
|move|p2a: Solid|U-turn|p1a: Sinistcha
|-damage|p1a: Sinistcha|66/100
|-damage|p2a: Solid|84/100|[from] item: Rocky Helmet|[of] p1a: Sinistcha
|
|t:|1760453254
|switch|p2a: Berry|Ogerpon-Wellspring, F|100/100|[from] U-turn
|
|upkeep
|turn|10
|
|t:|1760453272
|move|p2a: Berry|Swords Dance|p2a: Berry
|-boost|p2a: Berry|atk|2
|move|p1a: Sinistcha|Strength Sap|p2a: Berry
|-unboost|p2a: Berry|atk|1
|-heal|p1a: Sinistcha|100/100
|
|upkeep
|turn|11
|
|t:|1760453284
|move|p2a: Berry|Swords Dance|p2a: Berry
|-boost|p2a: Berry|atk|2
|move|p1a: Sinistcha|Matcha Gotcha|p2a: Berry
|-damage|p2a: Berry|0 fnt
|faint|p2a: Berry
|
|upkeep
|inactive|seethemalldie has 120 seconds left.
|
|t:|1760453320
|switch|p2a: Trip|Hydreigon, F, shiny|100/100
|turn|12
|
|t:|1760453328
|-terastallize|p1a: Sinistcha|Dark
|move|p2a: Trip|Taunt|p1a: Sinistcha
|-start|p1a: Sinistcha|move: Taunt
|cant|p1a: Sinistcha|move: Taunt|Calm Mind
|
|upkeep
|turn|13
|inactive|seethemalldie has 120 seconds left.
|
|t:|1760453340
|move|p2a: Trip|Draco Meteor|p1a: Sinistcha
|-damage|p1a: Sinistcha|64/100
|-unboost|p2a: Trip|spa|2
|-enditem|p2a: Trip|Eject Pack
|inactive|seethemalldie has 120 seconds left.
|
|t:|1760453348
|switch|p2a: Chili|Toxtricity-Low-Key, F|16/100
|move|p1a: Sinistcha|Matcha Gotcha|p2a: Chili
|-resisted|p2a: Chili
|-damage|p2a: Chili|0 fnt
|-heal|p1a: Sinistcha|70/100|[from] drain|[of] p2a: Chili
|faint|p2a: Chili
|
|upkeep
|inactive|seethemalldie has 120 seconds left.
|
|t:|1760453363
|switch|p2a: Solid|Scizor, M|84/100
|turn|14
|
|t:|1760453367
|move|p1a: Sinistcha|Shadow Ball|p2a: Solid
|-damage|p2a: Solid|0 fnt
|faint|p2a: Solid
|
|-end|p1a: Sinistcha|move: Taunt
|upkeep
|inactive|seethemalldie has 120 seconds left.
|
|t:|1760453373
|switch|p2a: Trip|Hydreigon, F, shiny|100/100
|turn|15
|
|t:|1760453377
|move|p2a: Trip|Taunt|p1a: Sinistcha
|-start|p1a: Sinistcha|move: Taunt
|move|p1a: Sinistcha|Matcha Gotcha|p2a: Trip
|-resisted|p2a: Trip
|-damage|p2a: Trip|54/100
|-heal|p1a: Sinistcha|92/100|[from] drain|[of] p2a: Trip
|
|upkeep
|turn|16
|
|t:|1760453388
|move|p2a: Trip|Draco Meteor|p1a: Sinistcha
|-damage|p1a: Sinistcha|55/100
|-unboost|p2a: Trip|spa|2
|move|p1a: Sinistcha|Matcha Gotcha|p2a: Trip
|-resisted|p2a: Trip
|-damage|p2a: Trip|2/100
|-heal|p1a: Sinistcha|79/100|[from] drain|[of] p2a: Trip
|-status|p2a: Trip|brn
|
|-damage|p2a: Trip|0 fnt|[from] brn
|faint|p2a: Trip
|upkeep
|
|t:|1760453400
|switch|p2a: Nite|Iron Valiant, shiny|100/100
|turn|17
|
|t:|1760453413
|-terastallize|p2a: Nite|Fairy
|move|p2a: Nite|Moonblast|p1a: Sinistcha
|-supereffective|p1a: Sinistcha
|-damage|p1a: Sinistcha|0 fnt
|faint|p1a: Sinistcha
|
|upkeep
|
|t:|1760453418
|switch|p1a: Iron Treads|Iron Treads|100/100
|turn|18
|
|t:|1760453421
|move|p2a: Nite|Moonblast|p1a: Iron Treads
|-resisted|p1a: Iron Treads
|-damage|p1a: Iron Treads|56/100
|-unboost|p1a: Iron Treads|spa|1
|move|p1a: Iron Treads|Iron Head|p2a: Nite
|-supereffective|p2a: Nite
|-damage|p2a: Nite|0 fnt
|faint|p2a: Nite
|-end|p2a: Nite|Quark Drive|[silent]
|
|win|ancasa
|raw|ancasa's rating: 1316 &rarr; <strong>1336</strong><br />(+20 for winning)
|raw|seethemalldie's rating: 1324 &rarr; <strong>1304</strong><br />(-20 for losing)
|l|☆seethemalldie
|player|p2|
|l|☆ancasa
|player|p1|
