|j|☆henry151th
|j|☆ragingsquirtle420
|t:|1760372664
|gametype|singles
|player|p1|henry151th|wallace|1660
|player|p2|ragingsquirtle420|265|1716
|gen|9
|tier|[Gen 9] OU
|rated|
|rule|HP Percentage Mod: HP is shown in percentages
|rule|Endless Battle Clause: Forcing endless battles is banned
|rule|Species Clause: Limit one of each Pokémon
|rule|OHKO Clause: OHKO moves are banned
|rule|Evasion Items Clause: Evasion items are banned
|rule|Evasion Moves Clause: Evasion moves are banned
|rule|Evasion Abilities Clause: Evasion abilities are banned
|rule|Sleep Moves Clause: Sleep-inducing moves are banned
|clearpoke
|poke|p1|Dragapult, M|
|poke|p1|Glimmora, M|
|poke|p1|Comfey, M|
|poke|p1|Kingambit, M|
|poke|p1|Ogerpon-Wellspring, F|
|poke|p1|Blaziken, M|
|poke|p2|Weavile, F|
|poke|p2|Gliscor, M|
|poke|p2|Great Tusk|
|poke|p2|Iron Crown|
|poke|p2|Pecharunt|
|poke|p2|Alomomola, M|
|teampreview
|
|t:|1760372669
|teamsize|p1|6
|teamsize|p2|6
|start
|switch|p1a: Blaziken|Blaziken, M, shiny|100/100
|switch|p2a: Mola Moliades|Alomomola, M, shiny|100/100
|turn|1
|
|t:|1760372676
|move|p1a: Blaziken|Protect|p1a: Blaziken
|-singleturn|p1a: Blaziken|Protect
|move|p2a: Mola Moliades|Flip Turn|p1a: Blaziken
|-activate|p1a: Blaziken|move: Protect
|
|-ability|p1a: Blaziken|Speed Boost|boost
|-boost|p1a: Blaziken|spe|1
|upkeep
|turn|2
|
|t:|1760372679
|move|p1a: Blaziken|Knock Off|p2a: Mola Moliades
|-damage|p2a: Mola Moliades|71/100
|-enditem|p2a: Mola Moliades|Assault Vest|[from] move: Knock Off|[of] p1a: Blaziken
|-damage|p1a: Blaziken|91/100|[from] item: Life Orb
|move|p2a: Mola Moliades|Flip Turn|p1a: Blaziken
|-supereffective|p1a: Blaziken
|-damage|p1a: Blaziken|41/100
|
|t:|1760372682
|switch|p2a: Opistopthalmus|Gliscor, M, shiny|100/100|[from] Flip Turn
|
|-ability|p1a: Blaziken|Speed Boost|boost
|-boost|p1a: Blaziken|spe|1
|-status|p2a: Opistopthalmus|tox|[from] item: Toxic Orb
|upkeep
|turn|3
|
|t:|1760372687
|move|p1a: Blaziken|Flare Blitz|p2a: Opistopthalmus
|-damage|p2a: Opistopthalmus|44/100 tox
|-damage|p1a: Blaziken|19/100|[from] Recoil
|-damage|p1a: Blaziken|9/100|[from] item: Life Orb
|move|p2a: Opistopthalmus|Toxic|p1a: Blaziken
|-status|p1a: Blaziken|tox
|
|-damage|p1a: Blaziken|3/100 tox|[from] psn
|-heal|p2a: Opistopthalmus|56/100 tox|[from] ability: Poison Heal
|-ability|p1a: Blaziken|Speed Boost|boost
|-boost|p1a: Blaziken|spe|1
|upkeep
|turn|4
|
|t:|1760372691
|switch|p1a: Ogerpon|Ogerpon-Wellspring, F|100/100
|move|p2a: Opistopthalmus|Protect||[still]
|-fail|p2a: Opistopthalmus
|
|-heal|p2a: Opistopthalmus|69/100 tox|[from] ability: Poison Heal
|upkeep
|turn|5
|
|t:|1760372694
|switch|p2a: Droma|Pecharunt|100/100
|move|p1a: Ogerpon|Spikes|p2a: Droma
|-sidestart|p2: ragingsquirtle420|Spikes
|
|upkeep
|turn|6
|
|t:|1760372696
|move|p1a: Ogerpon|U-turn|p2a: Droma
|-resisted|p2a: Droma
|-damage|p2a: Droma|97/100
|
|t:|1760372698
|switch|p1a: Blaziken|Blaziken, M, shiny|3/100 tox|[from] U-turn
|move|p2a: Droma|Malignant Chain|p1a: Blaziken
|-damage|p1a: Blaziken|0 fnt
|faint|p1a: Blaziken
|
|upkeep
|
|t:|1760372700
|switch|p1a: Dragapult|Dragapult, M, shiny|100/100
|turn|7
|
|t:|1760372702
|switch|p2a: Mola Moliades|Alomomola, M, shiny|100/100
|-damage|p2a: Mola Moliades|88/100|[from] Spikes
|move|p1a: Dragapult|Shadow Ball|p2a: Mola Moliades
|-damage|p2a: Mola Moliades|50/100
|-damage|p1a: Dragapult|91/100|[from] item: Life Orb
|
|upkeep
|turn|8
|
|t:|1760372709
|move|p1a: Dragapult|Draco Meteor|p2a: Mola Moliades
|-damage|p2a: Mola Moliades|0 fnt
|-unboost|p1a: Dragapult|spa|2
|faint|p2a: Mola Moliades
|-damage|p1a: Dragapult|81/100|[from] item: Life Orb
|
|upkeep
|
|t:|1760372715
|switch|p2a: TMafia|Weavile, F, shiny|100/100
|-ability|p2a: TMafia|Pressure
|turn|9
|
|t:|1760372720
|switch|p1a: Glimmora|Glimmora, M, shiny|100/100
|move|p2a: TMafia|Knock Off|p1a: Glimmora
|-damage|p1a: Glimmora|66/100
|-activate|p1a: Glimmora|ability: Toxic Debris
|-sidestart|p2: ragingsquirtle420|move: Toxic Spikes
|-enditem|p1a: Glimmora|Red Card|[from] move: Knock Off|[of] p2a: TMafia
|
|upkeep
|turn|10
|
|t:|1760372731
|switch|p2a: Opistopthalmus|Gliscor, M, shiny|69/100 tox
|move|p1a: Glimmora|Stealth Rock|p2a: Opistopthalmus
|-sidestart|p2: ragingsquirtle420|move: Stealth Rock
|
|-heal|p2a: Opistopthalmus|81/100 tox|[from] ability: Poison Heal
|upkeep
|turn|11
|
|t:|1760372735
|switch|p1a: Ogerpon|Ogerpon-Wellspring, F|100/100
|move|p2a: Opistopthalmus|Spikes|p1a: Ogerpon
|-sidestart|p1: henry151th|Spikes
|
|-heal|p2a: Opistopthalmus|94/100 tox|[from] ability: Poison Heal
|upkeep
|turn|12
|
|t:|1760372737
|move|p1a: Ogerpon|Ivy Cudgel|p2a: Opistopthalmus|[anim] Ivy Cudgel Water
|-supereffective|p2a: Opistopthalmus
|-damage|p2a: Opistopthalmus|24/100 tox
|move|p2a: Opistopthalmus|Toxic|p1a: Ogerpon
|-status|p1a: Ogerpon|tox
|
|-damage|p1a: Ogerpon|95/100 tox|[from] psn
|-heal|p2a: Opistopthalmus|37/100 tox|[from] ability: Poison Heal
|upkeep
|turn|13
|
|t:|1760372745
|move|p1a: Ogerpon|Ivy Cudgel|p2a: Opistopthalmus|[anim] Ivy Cudgel Water
|-supereffective|p2a: Opistopthalmus
|-damage|p2a: Opistopthalmus|0 fnt
|faint|p2a: Opistopthalmus
|
|-damage|p1a: Ogerpon|83/100 tox|[from] psn
|upkeep
|
|t:|1760372748
|switch|p2a: Droma|Pecharunt|97/100
|-sideend|p2: ragingsquirtle420|move: Toxic Spikes|[of] p2a: Droma
|turn|14
|
|t:|1760372751
|move|p1a: Ogerpon|U-turn|p2a: Droma
|-resisted|p2a: Droma
|-damage|p2a: Droma|94/100
|
|t:|1760372753
|switch|p1a: Glimmora|Glimmora, M, shiny|66/100|[from] U-turn
|-damage|p1a: Glimmora|54/100|[from] Spikes
|move|p2a: Droma|Parting Shot|p1a: Glimmora
|-unboost|p1a: Glimmora|atk|1
|-unboost|p1a: Glimmora|spa|1
|
|t:|1760372755
|switch|p2a: Dumbo|Great Tusk, shiny|100/100|[from] Parting Shot
|-damage|p2a: Dumbo|88/100|[from] Spikes
|-damage|p2a: Dumbo|85/100|[from] Stealth Rock
|
|upkeep
|turn|15
|
|t:|1760372759
|-terastallize|p1a: Glimmora|Ghost
|move|p2a: Dumbo|Headlong Rush|p1a: Glimmora
|-damage|p1a: Glimmora|12/100
|-unboost|p2a: Dumbo|def|1
|-unboost|p2a: Dumbo|spd|1
|-activate|p1a: Glimmora|ability: Toxic Debris
|-sidestart|p2: ragingsquirtle420|move: Toxic Spikes
|move|p1a: Glimmora|Mortal Spin|p2a: Dumbo
|-resisted|p2a: Dumbo
|-damage|p2a: Dumbo|83/100
|-status|p2a: Dumbo|psn
|-damage|p1a: Glimmora|0 fnt|[from] item: Rocky Helmet|[of] p2a: Dumbo
|faint|p1a: Glimmora
|
|-damage|p2a: Dumbo|70/100 psn|[from] psn
|upkeep
|
|t:|1760372765
|switch|p1a: Dragapult|Dragapult, M, shiny|81/100
|-damage|p1a: Dragapult|69/100|[from] Spikes
|turn|16
|
|t:|1760372780
|-end|p2a: Dumbo|Protosynthesis|[silent]
|switch|p2a: Iron Crown|Iron Crown|100/100
|-damage|p2a: Iron Crown|88/100|[from] Spikes
|-damage|p2a: Iron Crown|82/100|[from] Stealth Rock
|move|p1a: Dragapult|Shadow Ball|p2a: Iron Crown
|-supereffective|p2a: Iron Crown
|-damage|p2a: Iron Crown|0 fnt
|faint|p2a: Iron Crown
|-end|p2a: Iron Crown|Quark Drive|[silent]
|-damage|p1a: Dragapult|59/100|[from] item: Life Orb
|
|upkeep
|
|t:|1760372784
|switch|p2a: TMafia|Weavile, F, shiny|100/100
|-ability|p2a: TMafia|Pressure
|turn|17
|
|t:|1760372786
|move|p2a: TMafia|Ice Shard|p1a: Dragapult
|-supereffective|p1a: Dragapult
|-damage|p1a: Dragapult|3/100
|move|p1a: Dragapult|Flamethrower|p2a: TMafia
|-supereffective|p2a: TMafia
|-damage|p2a: TMafia|6/100
|-status|p2a: TMafia|brn
|-damage|p1a: Dragapult|0 fnt|[from] item: Life Orb
|faint|p1a: Dragapult
|
|-damage|p2a: TMafia|0 fnt|[from] brn
|faint|p2a: TMafia
|upkeep
|
|t:|1760372797
|switch|p1a: Ogerpon|Ogerpon-Wellspring, F|83/100 tox
|switch|p2a: Droma|Pecharunt|94/100
|-damage|p1a: Ogerpon|70/100 tox|[from] Spikes
|-sideend|p2: ragingsquirtle420|move: Toxic Spikes|[of] p2a: Droma
|turn|18
|
|t:|1760372801
|move|p1a: Ogerpon|Ivy Cudgel|p2a: Droma|[anim] Ivy Cudgel Water
|-damage|p2a: Droma|69/100
|move|p2a: Droma|Malignant Chain|p1a: Ogerpon
|-supereffective|p1a: Ogerpon
|-damage|p1a: Ogerpon|0 fnt
|faint|p1a: Ogerpon
|
|upkeep
|
|t:|1760372803
|switch|p1a: Kingambit|Kingambit, M, shiny|100/100
|-damage|p1a: Kingambit|88/100|[from] Spikes
|-activate|p1a: Kingambit|ability: Supreme Overlord
|-start|p1a: Kingambit|fallen4|[silent]
|turn|19
|
|t:|1760372808
|move|p2a: Droma|Parting Shot|p1a: Kingambit
|-unboost|p1a: Kingambit|atk|1
|-unboost|p1a: Kingambit|spa|1
|
|t:|1760372810
|switch|p2a: Dumbo|Great Tusk, shiny|70/100 psn|[from] Parting Shot
|-damage|p2a: Dumbo|58/100 psn|[from] Spikes
|-damage|p2a: Dumbo|55/100 psn|[from] Stealth Rock
|move|p1a: Kingambit|Iron Head|p2a: Dumbo
|-damage|p2a: Dumbo|24/100 psn
|-damage|p1a: Kingambit|71/100|[from] item: Rocky Helmet|[of] p2a: Dumbo
|
|-heal|p1a: Kingambit|78/100|[from] item: Leftovers
|-damage|p2a: Dumbo|12/100 psn|[from] psn
|upkeep
|turn|20
|
|t:|1760372816
|move|p1a: Kingambit|Sucker Punch||[still]
|-fail|p1a: Kingambit
|move|p2a: Dumbo|Stealth Rock|p1a: Kingambit
|-sidestart|p1: henry151th|move: Stealth Rock
|
|-heal|p1a: Kingambit|84/100|[from] item: Leftovers
|-damage|p2a: Dumbo|0 fnt|[from] psn
|faint|p2a: Dumbo
|-end|p2a: Dumbo|Protosynthesis|[silent]
|upkeep
|
|t:|1760372818
|switch|p2a: Droma|Pecharunt|69/100
|turn|21
|j| FaronAan
|
|t:|1760372824
|move|p2a: Droma|Recover|p2a: Droma
|-heal|p2a: Droma|100/100
|move|p1a: Kingambit|Kowtow Cleave|p2a: Droma
|-supereffective|p2a: Droma
|-damage|p2a: Droma|58/100
|
|-heal|p1a: Kingambit|90/100|[from] item: Leftovers
|upkeep
|turn|22
|
|t:|1760372827
|move|p2a: Droma|Foul Play|p1a: Kingambit
|-resisted|p1a: Kingambit
|-damage|p1a: Kingambit|81/100
|move|p1a: Kingambit|Swords Dance|p1a: Kingambit
|-boost|p1a: Kingambit|atk|2
|
|-heal|p1a: Kingambit|88/100|[from] item: Leftovers
|upkeep
|turn|23
|
|t:|1760372835
|-terastallize|p2a: Droma|Dark
|move|p2a: Droma|Recover|p2a: Droma
|-heal|p2a: Droma|100/100
|move|p1a: Kingambit|Kowtow Cleave|p2a: Droma
|-resisted|p2a: Droma
|-damage|p2a: Droma|76/100
|
|-heal|p1a: Kingambit|94/100|[from] item: Leftovers
|upkeep
|turn|24
|
|t:|1760372838
|move|p2a: Droma|Foul Play|p1a: Kingambit
|-resisted|p1a: Kingambit
|-damage|p1a: Kingambit|65/100
|move|p1a: Kingambit|Iron Head|p2a: Droma
|-damage|p2a: Droma|32/100
|
|-heal|p1a: Kingambit|71/100|[from] item: Leftovers
|upkeep
|turn|25
|
|t:|1760372841
|move|p2a: Droma|Recover|p2a: Droma
|-heal|p2a: Droma|82/100
|move|p1a: Kingambit|Iron Head|p2a: Droma
|-damage|p2a: Droma|36/100
|
|-heal|p1a: Kingambit|77/100|[from] item: Leftovers
|upkeep
|turn|26
|
|t:|1760372844
|move|p2a: Droma|Recover|p2a: Droma
|-heal|p2a: Droma|86/100
|move|p1a: Kingambit|Iron Head|p2a: Droma
|-damage|p2a: Droma|42/100
|
|-heal|p1a: Kingambit|83/100|[from] item: Leftovers
|upkeep
|turn|27
|
|t:|1760372846
|move|p2a: Droma|Recover|p2a: Droma
|-heal|p2a: Droma|92/100
|move|p1a: Kingambit|Iron Head|p2a: Droma
|-damage|p2a: Droma|43/100
|
|-heal|p1a: Kingambit|90/100|[from] item: Leftovers
|upkeep
|turn|28
|
|t:|1760372848
|move|p2a: Droma|Recover|p2a: Droma
|-heal|p2a: Droma|93/100
|move|p1a: Kingambit|Iron Head|p2a: Droma
|-damage|p2a: Droma|48/100
|
|-heal|p1a: Kingambit|96/100|[from] item: Leftovers
|upkeep
|turn|29
|
|t:|1760372850
|move|p2a: Droma|Foul Play|p1a: Kingambit
|-resisted|p1a: Kingambit
|-damage|p1a: Kingambit|66/100
|move|p1a: Kingambit|Iron Head|p2a: Droma
|-damage|p2a: Droma|4/100
|
|-heal|p1a: Kingambit|72/100|[from] item: Leftovers
|upkeep
|turn|30
|
|t:|1760372853
|move|p2a: Droma|Foul Play|p1a: Kingambit
|-resisted|p1a: Kingambit
|-damage|p1a: Kingambit|41/100
|move|p1a: Kingambit|Iron Head|p2a: Droma
|-damage|p2a: Droma|0 fnt
|faint|p2a: Droma
|
|win|henry151th
|raw|henry151th's rating: 1660 &rarr; <strong>1683</strong><br />(+23 for winning)
|raw|ragingsquirtle420's rating: 1716 &rarr; <strong>1693</strong><br />(-23 for losing)
|l|☆ragingsquirtle420
|player|p2|
|l| FaronAan
