|j|☆Roman215
|j|☆gigapoophater
|t:|1760333385
|gametype|singles
|player|p1|Roman215|red|1159
|player|p2|gigapoophater|swimmer|1128
|gen|9
|tier|[Gen 9] OU
|rated|
|rule|HP Percentage Mod: HP is shown in percentages
|rule|Endless Battle Clause: Forcing endless battles is banned
|rule|Species Clause: Limit one of each Pokémon
|rule|OHKO Clause: OHKO moves are banned
|rule|Evasion Items Clause: Evasion items are banned
|rule|Evasion Moves Clause: Evasion moves are banned
|rule|Evasion Abilities Clause: Evasion abilities are banned
|rule|Sleep Moves Clause: Sleep-inducing moves are banned
|clearpoke
|poke|p1|Iron Hands|
|poke|p1|Greninja-*, M|
|poke|p1|Dragonite, M|
|poke|p1|Rillaboom, F|
|poke|p1|Gengar, M|
|poke|p1|Rotom-Wash|
|poke|p2|Brambleghast, F|
|poke|p2|Iron Treads|
|poke|p2|Hatterene, F|
|poke|p2|Yanmega, M|
|poke|p2|Weavile, M|
|poke|p2|Chandelure, F|
|teampreview
|
|t:|1760333415
|teamsize|p1|6
|teamsize|p2|6
|start
|switch|p1a: Dragonite|Dragonite, M|100/100
|switch|p2a: Weavile|Weavile, M|100/100
|-ability|p2a: Weavile|Pressure
|turn|1
|
|t:|1760333425
|switch|p1a: Rotom|Rotom-Wash, shiny|100/100
|move|p2a: Weavile|Triple Axel|p1a: Rotom
|-resisted|p1a: Rotom
|-damage|p1a: Rotom|91/100
|-resisted|p1a: Rotom
|-damage|p1a: Rotom|73/100
|-resisted|p1a: Rotom
|-damage|p1a: Rotom|48/100
|-hitcount|p1a: Rotom|3
|-damage|p2a: Weavile|91/100|[from] item: Life Orb
|
|-heal|p1a: Rotom|54/100|[from] item: Leftovers
|upkeep
|turn|2
|inactive|Battle timer is ON: inactive players will automatically lose when time's up. (requested by Roman215)
|
|t:|1760333443
|move|p2a: Weavile|Knock Off|p1a: Rotom
|-damage|p1a: Rotom|0 fnt
|-enditem|p1a: Rotom|Leftovers|[from] move: Knock Off|[of] p2a: Weavile
|faint|p1a: Rotom
|-damage|p2a: Weavile|81/100|[from] item: Life Orb
|
|upkeep
|
|t:|1760333458
|switch|p1a: Iron Hands|Iron Hands|100/100
|-enditem|p1a: Iron Hands|Booster Energy
|-activate|p1a: Iron Hands|ability: Quark Drive|[fromitem]
|-start|p1a: Iron Hands|quarkdriveatk
|turn|3
|
|t:|1760333467
|-terastallize|p2a: Weavile|Ice
|move|p1a: Iron Hands|Fake Out|p2a: Weavile
|-damage|p2a: Weavile|46/100
|cant|p2a: Weavile|flinch
|
|upkeep
|turn|4
|
|t:|1760333474
|move|p2a: Weavile|Triple Axel|p1a: Iron Hands
|-damage|p1a: Iron Hands|87/100
|-damage|p1a: Iron Hands|63/100
|-damage|p1a: Iron Hands|28/100
|-hitcount|p1a: Iron Hands|3
|-damage|p2a: Weavile|36/100|[from] item: Life Orb
|move|p1a: Iron Hands|Brick Break|p2a: Weavile
|-supereffective|p2a: Weavile
|-damage|p2a: Weavile|0 fnt
|faint|p2a: Weavile
|
|upkeep
|
|t:|1760333489
|switch|p2a: Yanmega|Yanmega, M|100/100
|turn|5
|
|t:|1760333493
|move|p2a: Yanmega|Psychic Noise|p1a: Iron Hands
|-supereffective|p1a: Iron Hands
|-damage|p1a: Iron Hands|0 fnt
|faint|p1a: Iron Hands
|-end|p1a: Iron Hands|Quark Drive|[silent]
|-enditem|p2a: Yanmega|Throat Spray
|-boost|p2a: Yanmega|spa|1|[from] item: Throat Spray
|
|-ability|p2a: Yanmega|Speed Boost|boost
|-boost|p2a: Yanmega|spe|1
|upkeep
|
|t:|1760333512
|switch|p1a: Gengar|Gengar, M|100/100
|turn|6
|
|t:|1760333521
|move|p2a: Yanmega|Psychic Noise|p1a: Gengar
|-supereffective|p1a: Gengar
|-damage|p1a: Gengar|0 fnt
|-start|p2a: Yanmega|Disable|Psychic Noise|[from] ability: Cursed Body|[of] p1a: Gengar
|faint|p1a: Gengar
|
|-ability|p2a: Yanmega|Speed Boost|boost
|-boost|p2a: Yanmega|spe|1
|upkeep
|
|t:|1760333526
|switch|p1a: Dragonite|Dragonite, M|100/100
|turn|7
|
|t:|1760333532
|move|p2a: Yanmega|Ancient Power|p1a: Dragonite
|-supereffective|p1a: Dragonite
|-damage|p1a: Dragonite|30/100
|move|p1a: Dragonite|Dragon Dance|p1a: Dragonite
|-boost|p1a: Dragonite|atk|1
|-boost|p1a: Dragonite|spe|1
|
|-ability|p2a: Yanmega|Speed Boost|boost
|-boost|p2a: Yanmega|spe|1
|upkeep
|turn|8
|
|t:|1760333538
|move|p2a: Yanmega|Ancient Power|p1a: Dragonite
|-supereffective|p1a: Dragonite
|-damage|p1a: Dragonite|0 fnt
|faint|p1a: Dragonite
|
|-ability|p2a: Yanmega|Speed Boost|boost
|-boost|p2a: Yanmega|spe|1
|upkeep
|
|t:|1760333541
|switch|p1a: Greninja|Greninja, M, shiny|100/100
|turn|9
|
|t:|1760333544
|move|p1a: Greninja|Water Shuriken|p2a: Yanmega
|-damage|p2a: Yanmega|88/100
|-damage|p2a: Yanmega|74/100
|-hitcount|p2a: Yanmega|2
|move|p2a: Yanmega|Bug Buzz|p1a: Greninja
|-supereffective|p1a: Greninja
|-enditem|p1a: Greninja|Focus Sash
|-damage|p1a: Greninja|1/100
|
|-end|p2a: Yanmega|Disable
|-ability|p2a: Yanmega|Speed Boost|boost
|-boost|p2a: Yanmega|spe|1
|upkeep
|turn|10
|
|t:|1760333550
|move|p1a: Greninja|Water Shuriken|p2a: Yanmega
|-damage|p2a: Yanmega|56/100
|-damage|p2a: Yanmega|36/100
|-damage|p2a: Yanmega|18/100
|-hitcount|p2a: Yanmega|3
|move|p2a: Yanmega|Bug Buzz|p1a: Greninja
|-supereffective|p1a: Greninja
|-damage|p1a: Greninja|0 fnt
|faint|p1a: Greninja
|
|-ability|p2a: Yanmega|Speed Boost|boost
|-boost|p2a: Yanmega|spe|1
|upkeep
|
|t:|1760333557
|switch|p1a: Rillaboom|Rillaboom, F|100/100
|-fieldstart|move: Grassy Terrain|[from] ability: Grassy Surge|[of] p1a: Rillaboom
|turn|11
|
|t:|1760333559
|move|p1a: Rillaboom|Fake Out|p2a: Yanmega
|-damage|p2a: Yanmega|1/100
|cant|p2a: Yanmega|flinch
|
|upkeep
|turn|12
|
|t:|1760333562
|move|p2a: Yanmega|Bug Buzz|p1a: Rillaboom
|-supereffective|p1a: Rillaboom
|-damage|p1a: Rillaboom|0 fnt
|faint|p1a: Rillaboom
|
|win|gigapoophater
|raw|Roman215's rating: 1159 &rarr; <strong>1132</strong><br />(-27 for losing)
|raw|gigapoophater's rating: 1128 &rarr; <strong>1155</strong><br />(+27 for winning)
|l|☆Roman215
|player|p1|
|l|☆gigapoophater
|player|p2|
