|j|☆Mr.J1234
|j|☆mucino
|t:|1760328102
|gametype|singles
|player|p1|Mr.J1234|1|1341
|player|p2|mucino|169|1376
|gen|9
|tier|[Gen 9] OU
|rated|
|rule|HP Percentage Mod: HP is shown in percentages
|rule|Endless Battle Clause: Forcing endless battles is banned
|rule|Species Clause: Limit one of each Pokémon
|rule|OHKO Clause: OHKO moves are banned
|rule|Evasion Items Clause: Evasion items are banned
|rule|Evasion Moves Clause: Evasion moves are banned
|rule|Evasion Abilities Clause: Evasion abilities are banned
|rule|Sleep Moves Clause: Sleep-inducing moves are banned
|clearpoke
|poke|p1|Tyranitar, M|
|poke|p1|Keldeo|
|poke|p1|Excadrill, M|
|poke|p1|Slowking-Galar, M|
|poke|p1|Sinistcha|
|poke|p1|Skarmory, M|
|poke|p2|Clodsire, M|
|poke|p2|Kingambit, F|
|poke|p2|Porygon-Z|
|poke|p2|Chandelure, F|
|poke|p2|Primarina, M|
|poke|p2|Grimmsnarl, M|
|teampreview
|inactive|Battle timer is ON: inactive players will automatically lose when time's up. (requested by mucino)
|
|t:|1760328110
|teamsize|p1|6
|teamsize|p2|6
|start
|switch|p1a: Slowking|Slowking-Galar, M|100/100
|switch|p2a: Porygon-Z|Porygon-Z|100/100
|turn|1
|
|t:|1760328120
|-terastallize|p2a: Porygon-Z|Ghost
|move|p2a: Porygon-Z|Shadow Ball|p1a: Slowking
|-supereffective|p1a: Slowking
|-damage|p1a: Slowking|15/100
|-unboost|p1a: Slowking|spd|1
|move|p1a: Slowking|Psychic Noise|p2a: Porygon-Z
|-damage|p2a: Porygon-Z|56/100
|-start|p2a: Porygon-Z|move: Heal Block
|
|upkeep
|turn|2
|
|t:|1760328133
|switch|p2a: Grimmsnarl|Grimmsnarl, M|100/100
|switch|p1a: Tyranitar|Tyranitar, M|100/100
|-weather|Sandstorm|[from] ability: Sand Stream|[of] p1a: Tyranitar
|
|-weather|Sandstorm|[upkeep]
|-damage|p2a: Grimmsnarl|94/100|[from] Sandstorm
|upkeep
|turn|3
|
|t:|1760328162
|move|p2a: Grimmsnarl|Spirit Break|p1a: Tyranitar
|-supereffective|p1a: Tyranitar
|-damage|p1a: Tyranitar|42/100
|-unboost|p1a: Tyranitar|spa|1
|move|p1a: Tyranitar|Stealth Rock|p2a: Grimmsnarl
|-sidestart|p2: mucino|move: Stealth Rock
|
|-weather|Sandstorm|[upkeep]
|-damage|p2a: Grimmsnarl|88/100|[from] Sandstorm
|-heal|p1a: Tyranitar|48/100|[from] item: Leftovers
|upkeep
|turn|4
|
|t:|1760328173
|switch|p1a: Skarmory|Skarmory, M|100/100
|move|p2a: Grimmsnarl|Reflect|p2a: Grimmsnarl
|-sidestart|p2: mucino|Reflect
|
|-weather|Sandstorm|[upkeep]
|-damage|p2a: Grimmsnarl|82/100|[from] Sandstorm
|upkeep
|turn|5
|
|t:|1760328180
|move|p2a: Grimmsnarl|Taunt|p1a: Skarmory
|-start|p1a: Skarmory|move: Taunt
|cant|p1a: Skarmory|move: Taunt|Whirlwind
|
|-weather|Sandstorm|[upkeep]
|-damage|p2a: Grimmsnarl|76/100|[from] Sandstorm
|upkeep
|turn|6
|
|t:|1760328184
|switch|p1a: Excadrill|Excadrill, M|100/100
|-item|p1a: Excadrill|Air Balloon
|move|p2a: Grimmsnarl|Light Screen|p2a: Grimmsnarl
|-sidestart|p2: mucino|move: Light Screen
|
|-weather|none
|upkeep
|turn|7
|
|t:|1760328191
|move|p1a: Excadrill|Iron Head|p2a: Grimmsnarl
|-supereffective|p2a: Grimmsnarl
|-damage|p2a: Grimmsnarl|23/100
|move|p2a: Grimmsnarl|Spirit Break|p1a: Excadrill
|-resisted|p1a: Excadrill
|-damage|p1a: Excadrill|70/100
|-unboost|p1a: Excadrill|spa|1
|-enditem|p1a: Excadrill|Air Balloon
|
|upkeep
|turn|8
|
|t:|1760328206
|move|p2a: Grimmsnarl|Taunt|p1a: Excadrill
|-start|p1a: Excadrill|move: Taunt
|move|p1a: Excadrill|Iron Head|p2a: Grimmsnarl
|-supereffective|p2a: Grimmsnarl
|-damage|p2a: Grimmsnarl|0 fnt
|faint|p2a: Grimmsnarl
|
|upkeep
|inactive|mucino has 120 seconds left.
|inactive|mucino has 90 seconds left.
|
|t:|1760328274
|switch|p2a: Chandelure|Chandelure, F|100/100
|-damage|p2a: Chandelure|76/100|[from] Stealth Rock
|turn|9
|
|t:|1760328285
|move|p2a: Chandelure|Trick|p1a: Excadrill
|-activate|p2a: Chandelure|move: Trick|[of] p1a: Excadrill
|-item|p1a: Excadrill|Choice Scarf|[from] move: Trick
|-enditem|p2a: Chandelure|Choice Scarf|[silent]|[from] move: Trick
|move|p1a: Excadrill|Earthquake|p2a: Chandelure
|-supereffective|p2a: Chandelure
|-damage|p2a: Chandelure|4/100
|
|upkeep
|turn|10
|
|t:|1760328293
|move|p1a: Excadrill|Earthquake|p2a: Chandelure
|-supereffective|p2a: Chandelure
|-damage|p2a: Chandelure|0 fnt
|faint|p2a: Chandelure
|
|-end|p1a: Excadrill|move: Taunt
|upkeep
|inactive|mucino has 90 seconds left.
|
|t:|1760328314
|switch|p2a: Kingambit|Kingambit, F|100/100
|-damage|p2a: Kingambit|94/100|[from] Stealth Rock
|-activate|p2a: Kingambit|ability: Supreme Overlord
|-start|p2a: Kingambit|fallen2|[silent]
|turn|11
|
|t:|1760328321
|move|p2a: Kingambit|Sucker Punch|p1a: Excadrill
|-damage|p1a: Excadrill|0 fnt
|faint|p1a: Excadrill
|
|-sideend|p2: mucino|Reflect
|upkeep
|
|t:|1760328330
|switch|p1a: Skarmory|Skarmory, M|100/100
|turn|12
|
|t:|1760328339
|-end|p2a: Kingambit|fallen2|[silent]
|switch|p2a: Primarina|Primarina, M|100/100
|-damage|p2a: Primarina|88/100|[from] Stealth Rock
|move|p1a: Skarmory|Body Press|p2a: Primarina
|-resisted|p2a: Primarina
|-damage|p2a: Primarina|68/100
|
|upkeep
|turn|13
|
|t:|1760328346
|move|p2a: Primarina|Moonblast|p1a: Skarmory
|-resisted|p1a: Skarmory
|-damage|p1a: Skarmory|64/100
|move|p1a: Skarmory|Whirlwind|p2a: Primarina
|drag|p2a: Kingambit|Kingambit, F|94/100
|-damage|p2a: Kingambit|88/100|[from] Stealth Rock
|-activate|p2a: Kingambit|ability: Supreme Overlord
|-start|p2a: Kingambit|fallen2|[silent]
|
|-sideend|p2: mucino|move: Light Screen
|upkeep
|turn|14
|
|t:|1760328354
|-end|p2a: Kingambit|fallen2|[silent]
|switch|p2a: Porygon-Z|Porygon-Z, tera:Ghost|56/100
|-damage|p2a: Porygon-Z|44/100|[from] Stealth Rock
|move|p1a: Skarmory|Body Press|p2a: Porygon-Z
|-immune|p2a: Porygon-Z
|
|upkeep
|turn|15
|
|t:|1760328362
|switch|p1a: Tyranitar|Tyranitar, M|48/100
|-weather|Sandstorm|[from] ability: Sand Stream|[of] p1a: Tyranitar
|move|p2a: Porygon-Z|Thunderbolt|p1a: Tyranitar
|-damage|p1a: Tyranitar|30/100
|-status|p1a: Tyranitar|par
|
|-weather|Sandstorm|[upkeep]
|-damage|p2a: Porygon-Z|37/100|[from] Sandstorm
|-heal|p1a: Tyranitar|36/100 par|[from] item: Leftovers
|upkeep
|turn|16
|
|t:|1760328369
|switch|p2a: Clodsire|Clodsire, M|100/100
|-damage|p2a: Clodsire|94/100|[from] Stealth Rock
|cant|p1a: Tyranitar|par
|
|-weather|Sandstorm|[upkeep]
|-heal|p2a: Clodsire|100/100|[from] item: Leftovers
|-heal|p1a: Tyranitar|43/100 par|[from] item: Leftovers
|upkeep
|turn|17
|
|t:|1760328375
|move|p2a: Clodsire|Stealth Rock|p1a: Tyranitar
|-sidestart|p1: Mr.J1234|move: Stealth Rock
|move|p1a: Tyranitar|Knock Off|p2a: Clodsire
|-damage|p2a: Clodsire|69/100
|-enditem|p2a: Clodsire|Leftovers|[from] move: Knock Off|[of] p1a: Tyranitar
|
|-weather|Sandstorm|[upkeep]
|-heal|p1a: Tyranitar|49/100 par|[from] item: Leftovers
|upkeep
|turn|18
|
|t:|1760328379
|move|p2a: Clodsire|Recover|p2a: Clodsire
|-heal|p2a: Clodsire|100/100
|move|p1a: Tyranitar|Ice Beam|p2a: Clodsire
|-supereffective|p2a: Clodsire
|-damage|p2a: Clodsire|71/100
|
|-weather|Sandstorm|[upkeep]
|-heal|p1a: Tyranitar|55/100 par|[from] item: Leftovers
|upkeep
|turn|19
|
|t:|1760328382
|move|p2a: Clodsire|Earthquake|p1a: Tyranitar
|-supereffective|p1a: Tyranitar
|-damage|p1a: Tyranitar|10/100 par
|move|p1a: Tyranitar|Ice Beam|p2a: Clodsire
|-supereffective|p2a: Clodsire
|-damage|p2a: Clodsire|43/100
|
|-weather|none
|-heal|p1a: Tyranitar|17/100 par|[from] item: Leftovers
|upkeep
|turn|20
|
|t:|1760328395
|switch|p1a: Slowking|Slowking-Galar, M|48/100
|-damage|p1a: Slowking|36/100|[from] Stealth Rock
|move|p2a: Clodsire|Recover|p2a: Clodsire
|-heal|p2a: Clodsire|93/100
|
|upkeep
|turn|21
|
|t:|1760328423
|move|p1a: Slowking|Flamethrower|p2a: Clodsire
|-damage|p2a: Clodsire|73/100
|move|p2a: Clodsire|Earthquake|p1a: Slowking
|-supereffective|p1a: Slowking
|-damage|p1a: Slowking|0 fnt
|faint|p1a: Slowking
|
|upkeep
|
|t:|1760328436
|switch|p1a: Sinistcha|Sinistcha|100/100
|turn|22
|inactive|mucino has 120 seconds left.
|
|t:|1760328458
|move|p1a: Sinistcha|Foul Play|p2a: Clodsire
|-damage|p2a: Clodsire|60/100
|move|p2a: Clodsire|Toxic|p1a: Sinistcha
|-status|p1a: Sinistcha|tox
|
|-damage|p1a: Sinistcha|94/100 tox|[from] psn
|upkeep
|turn|23
|
|t:|1760328469
|move|p1a: Sinistcha|Matcha Gotcha|p2a: Clodsire
|-damage|p2a: Clodsire|35/100
|-heal|p1a: Sinistcha|100/100 tox|[from] drain|[of] p2a: Clodsire
|move|p2a: Clodsire|Recover|p2a: Clodsire
|-heal|p2a: Clodsire|85/100
|
|-damage|p1a: Sinistcha|88/100 tox|[from] psn
|upkeep
|turn|24
|
|t:|1760328482
|move|p1a: Sinistcha|Matcha Gotcha|p2a: Clodsire
|-damage|p2a: Clodsire|61/100
|-heal|p1a: Sinistcha|100/100 tox|[from] drain|[of] p2a: Clodsire
|move|p2a: Clodsire|Earthquake|p1a: Sinistcha
|-resisted|p1a: Sinistcha
|-damage|p1a: Sinistcha|91/100 tox
|
|-damage|p1a: Sinistcha|72/100 tox|[from] psn
|upkeep
|turn|25
|inactive|mucino has 120 seconds left.
|
|t:|1760328516
|move|p1a: Sinistcha|Hex|p2a: Clodsire
|-damage|p2a: Clodsire|43/100
|move|p2a: Clodsire|Recover|p2a: Clodsire
|-heal|p2a: Clodsire|93/100
|
|-damage|p1a: Sinistcha|48/100 tox|[from] psn
|upkeep
|turn|26
|inactive|Mr.J1234 has 120 seconds left.
|
|t:|1760328562
|move|p1a: Sinistcha|Matcha Gotcha|p2a: Clodsire
|-damage|p2a: Clodsire|69/100
|-heal|p1a: Sinistcha|64/100 tox|[from] drain|[of] p2a: Clodsire
|move|p2a: Clodsire|Earthquake|p1a: Sinistcha
|-resisted|p1a: Sinistcha
|-damage|p1a: Sinistcha|54/100 tox
|
|-damage|p1a: Sinistcha|24/100 tox|[from] psn
|upkeep
|turn|27
|inactive|mucino has 90 seconds left.
|
|t:|1760328583
|switch|p1a: Tyranitar|Tyranitar, M|17/100 par
|-damage|p1a: Tyranitar|4/100 par|[from] Stealth Rock
|-weather|Sandstorm|[from] ability: Sand Stream|[of] p1a: Tyranitar
|move|p2a: Clodsire|Earthquake|p1a: Tyranitar
|-supereffective|p1a: Tyranitar
|-damage|p1a: Tyranitar|0 fnt
|faint|p1a: Tyranitar
|
|-weather|Sandstorm|[upkeep]
|upkeep
|
|t:|1760328590
|switch|p1a: Keldeo|Keldeo|100/100
|turn|28
|inactive|mucino has 90 seconds left.
|
|t:|1760328609
|move|p1a: Keldeo|Surf|p2a: Clodsire
|-supereffective|p2a: Clodsire
|-damage|p2a: Clodsire|0 fnt
|faint|p2a: Clodsire
|
|-weather|Sandstorm|[upkeep]
|-damage|p1a: Keldeo|94/100|[from] Sandstorm
|upkeep
|
|t:|1760328612
|switch|p2a: Primarina|Primarina, M|68/100
|-damage|p2a: Primarina|55/100|[from] Stealth Rock
|turn|29
|
|t:|1760328616
|switch|p1a: Sinistcha|Sinistcha|24/100 tox
|move|p2a: Primarina|Moonblast|p1a: Sinistcha
|-damage|p1a: Sinistcha|0 fnt
|faint|p1a: Sinistcha
|
|-weather|Sandstorm|[upkeep]
|-damage|p2a: Primarina|49/100|[from] Sandstorm
|upkeep
|
|t:|1760328622
|switch|p1a: Keldeo|Keldeo|94/100
|turn|30
|
|t:|1760328625
|-terastallize|p1a: Keldeo|Water
|move|p1a: Keldeo|Surf|p2a: Primarina
|-resisted|p2a: Primarina
|-damage|p2a: Primarina|32/100
|move|p2a: Primarina|Moonblast|p1a: Keldeo
|-damage|p1a: Keldeo|32/100
|
|-weather|Sandstorm|[upkeep]
|-damage|p1a: Keldeo|26/100|[from] Sandstorm
|-damage|p2a: Primarina|26/100|[from] Sandstorm
|upkeep
|turn|31
|
|t:|1760328639
|move|p1a: Keldeo|Aura Sphere|p2a: Primarina
|-resisted|p2a: Primarina
|-damage|p2a: Primarina|15/100
|move|p2a: Primarina|Moonblast|p1a: Keldeo
|-damage|p1a: Keldeo|0 fnt
|faint|p1a: Keldeo
|
|-weather|none
|upkeep
|
|t:|1760328643
|switch|p1a: Skarmory|Skarmory, M|64/100
|-damage|p1a: Skarmory|51/100|[from] Stealth Rock
|turn|32
|
|t:|1760328656
|move|p1a: Skarmory|Roost|p1a: Skarmory
|-heal|p1a: Skarmory|100/100
|-singleturn|p1a: Skarmory|move: Roost
|move|p2a: Primarina|Hyper Voice|p1a: Skarmory
|-damage|p1a: Skarmory|34/100
|
|upkeep
|turn|33
|
|t:|1760328660
|move|p1a: Skarmory|Body Press|p2a: Primarina
|-resisted|p2a: Primarina
|-damage|p2a: Primarina|0 fnt
|faint|p2a: Primarina
|
|upkeep
|
|t:|1760328678
|switch|p2a: Porygon-Z|Porygon-Z, tera:Ghost|37/100
|-damage|p2a: Porygon-Z|25/100|[from] Stealth Rock
|turn|34
|
|t:|1760328685
|move|p2a: Porygon-Z|Thunderbolt|p1a: Skarmory
|-supereffective|p1a: Skarmory
|-damage|p1a: Skarmory|0 fnt
|faint|p1a: Skarmory
|
|win|mucino
|raw|Mr.J1234's rating: 1341 &rarr; <strong>1323</strong><br />(-18 for losing)
|raw|mucino's rating: 1376 &rarr; <strong>1394</strong><br />(+18 for winning)
|l|☆Mr.J1234
|player|p1|
