|j|☆delaynomorehiih666
|j|☆cryisme
|t:|1760449170
|gametype|singles
|player|p1|delaynomorehiih666|gentleman-gen4|1058
|player|p2|cryisme|101|1085
|gen|9
|tier|[Gen 9] OU
|rated|
|rule|HP Percentage Mod: HP is shown in percentages
|rule|Endless Battle Clause: Forcing endless battles is banned
|rule|Species Clause: Limit one of each Pokémon
|rule|OHKO Clause: OHKO moves are banned
|rule|Evasion Items Clause: Evasion items are banned
|rule|Evasion Moves Clause: Evasion moves are banned
|rule|Evasion Abilities Clause: Evasion abilities are banned
|rule|Sleep Moves Clause: Sleep-inducing moves are banned
|clearpoke
|poke|p1|Blastoise, M|
|poke|p1|Goodra, F|
|poke|p1|Floatzel, M|
|poke|p1|Kilowattrel, M|
|poke|p1|Scizor, M|
|poke|p1|Politoed, F|
|poke|p2|Ogerpon, F|
|poke|p2|Dragapult, M|
|poke|p2|Cloyster, F|
|poke|p2|Whimsicott, M|
|poke|p2|Sylveon, F|
|poke|p2|Rotom-Wash|
|teampreview
|inactive|Battle timer is ON: inactive players will automatically lose when time's up. (requested by cryisme)
|
|t:|1760449228
|teamsize|p1|6
|teamsize|p2|6
|start
|switch|p1a: Politoed|Politoed, F|100/100
|switch|p2a: Cloyster|Cloyster, F|100/100
|-weather|RainDance|[from] ability: Drizzle|[of] p1a: Politoed
|turn|1
|
|t:|1760449254
|move|p2a: Cloyster|Shell Smash|p2a: Cloyster
|-unboost|p2a: Cloyster|def|1
|-unboost|p2a: Cloyster|spd|1
|-boost|p2a: Cloyster|atk|2
|-boost|p2a: Cloyster|spa|2
|-boost|p2a: Cloyster|spe|2
|-enditem|p2a: Cloyster|White Herb
|-clearnegativeboost|p2a: Cloyster|[silent]
|move|p1a: Politoed|Encore|p2a: Cloyster
|-start|p2a: Cloyster|Encore
|
|-weather|RainDance|[upkeep]
|upkeep
|turn|2
|
|t:|1760449268
|switch|p2a: Whimsicott|Whimsicott, M|100/100
|move|p1a: Politoed|Perish Song|p1a: Politoed
|-start|p1a: Politoed|perish3|[silent]
|-start|p2a: Whimsicott|perish3|[silent]
|-fieldactivate|move: Perish Song
|
|-weather|RainDance|[upkeep]
|-start|p2a: Whimsicott|perish3
|-start|p1a: Politoed|perish3
|upkeep
|turn|3
|
|t:|1760449282
|switch|p1a: Scizor|Scizor, M|100/100
|move|p2a: Whimsicott|Encore||[still]
|-fail|p2a: Whimsicott
|
|-weather|RainDance|[upkeep]
|-start|p2a: Whimsicott|perish2
|upkeep
|turn|4
|inactive|delaynomorehiih666 has 120 seconds left.
|
|t:|1760449319
|move|p2a: Whimsicott|Leech Seed|p1a: Scizor
|-start|p1a: Scizor|move: Leech Seed
|move|p1a: Scizor|Knock Off|p2a: Whimsicott
|-resisted|p2a: Whimsicott
|-damage|p2a: Whimsicott|80/100
|-enditem|p2a: Whimsicott|Red Card|[from] move: Knock Off|[of] p1a: Scizor
|
|-weather|RainDance|[upkeep]
|-damage|p1a: Scizor|88/100|[from] Leech Seed|[of] p2a: Whimsicott
|-heal|p2a: Whimsicott|94/100|[silent]
|-start|p2a: Whimsicott|perish1
|upkeep
|turn|5
|
|t:|1760449339
|move|p2a: Whimsicott|Memento|p1a: Scizor
|-unboost|p1a: Scizor|atk|2
|-unboost|p1a: Scizor|spa|2
|faint|p2a: Whimsicott
|move|p1a: Scizor|Bullet Punch|p2: Whimsicott|[notarget]
|-fail|p1a: Scizor
|
|-weather|RainDance|[upkeep]
|upkeep
|
|t:|1760449353
|switch|p2a: Rotom|Rotom-Wash|100/100
|turn|6
|
|t:|1760449361
|switch|p1a: Goodra|Goodra, F|100/100
|move|p2a: Rotom|Discharge|p1a: Goodra
|-resisted|p1a: Goodra
|-damage|p1a: Goodra|90/100
|
|-weather|RainDance|[upkeep]
|-heal|p1a: Goodra|96/100|[from] item: Leftovers
|upkeep
|turn|7
|
|t:|1760449372
|move|p2a: Rotom|Will-O-Wisp|p1a: Goodra
|-status|p1a: Goodra|brn
|move|p1a: Goodra|Curse|p1a: Goodra
|-unboost|p1a: Goodra|spe|1
|-boost|p1a: Goodra|atk|1
|-boost|p1a: Goodra|def|1
|
|-weather|RainDance|[upkeep]
|-activate|p1a: Goodra|ability: Hydration
|-curestatus|p1a: Goodra|brn|[msg]
|-heal|p1a: Goodra|100/100|[from] item: Leftovers
|upkeep
|turn|8
|
|t:|1760449390
|move|p2a: Rotom|Discharge|p1a: Goodra
|-resisted|p1a: Goodra
|-damage|p1a: Goodra|90/100
|move|p1a: Goodra|Dragon Tail|p2a: Rotom
|-damage|p2a: Rotom|53/100
|drag|p2a: Sylveon|Sylveon, F|100/100
|
|-weather|none
|-heal|p1a: Goodra|96/100|[from] item: Leftovers
|upkeep
|turn|9
|
|t:|1760449403
|move|p2a: Sylveon|Hyper Voice|p1a: Goodra
|-supereffective|p1a: Goodra
|-damage|p1a: Goodra|21/100
|move|p1a: Goodra|Earthquake|p2a: Sylveon
|-damage|p2a: Sylveon|52/100
|
|-heal|p2a: Sylveon|58/100|[from] item: Leftovers
|-heal|p1a: Goodra|27/100|[from] item: Leftovers
|upkeep
|turn|10
|
|t:|1760449416
|switch|p1a: Scizor|Scizor, M|88/100
|move|p2a: Sylveon|Quick Attack|p1a: Scizor
|-resisted|p1a: Scizor
|-damage|p1a: Scizor|82/100
|
|-heal|p2a: Sylveon|64/100|[from] item: Leftovers
|upkeep
|turn|11
|inactive|delaynomorehiih666 has 120 seconds left.
|
|t:|1760449443
|switch|p2a: Rotom|Rotom-Wash|53/100
|move|p1a: Scizor|Bullet Punch|p2a: Rotom
|-resisted|p2a: Rotom
|-damage|p2a: Rotom|45/100
|
|upkeep
|turn|12
|inactive|delaynomorehiih666 has 120 seconds left.
|
|t:|1760449453
|switch|p1a: Goodra|Goodra, F|27/100
|move|p2a: Rotom|Will-O-Wisp|p1a: Goodra|[miss]
|-miss|p2a: Rotom|p1a: Goodra
|
|-heal|p1a: Goodra|34/100|[from] item: Leftovers
|upkeep
|turn|13
|
|t:|1760449460
|switch|p1a: Politoed|Politoed, F|100/100
|-weather|RainDance|[from] ability: Drizzle|[of] p1a: Politoed
|move|p2a: Rotom|Foul Play|p1a: Politoed
|-damage|p1a: Politoed|82/100
|
|-weather|RainDance|[upkeep]
|upkeep
|turn|14
|
|t:|1760449469
|switch|p1a: Kilowattrel|Kilowattrel, M|100/100
|move|p2a: Rotom|Discharge|p1a: Kilowattrel
|-immune|p1a: Kilowattrel|[from] ability: Volt Absorb
|
|-weather|RainDance|[upkeep]
|upkeep
|turn|15
|
|t:|1760449478
|move|p1a: Kilowattrel|Thunder|p2a: Rotom
|-damage|p2a: Rotom|0 fnt
|faint|p2a: Rotom
|-damage|p1a: Kilowattrel|91/100|[from] item: Life Orb
|
|-weather|RainDance|[upkeep]
|upkeep
|
|t:|1760449489
|switch|p2a: Cloyster|Cloyster, F|100/100
|turn|16
|
|t:|1760449494
|move|p1a: Kilowattrel|Thunder|p2a: Cloyster
|-supereffective|p2a: Cloyster
|-damage|p2a: Cloyster|0 fnt
|faint|p2a: Cloyster
|-damage|p1a: Kilowattrel|81/100|[from] item: Life Orb
|
|-weather|RainDance|[upkeep]
|upkeep
|
|t:|1760449500
|switch|p2a: Dragapult|Dragapult, M|100/100
|turn|17
|
|t:|1760449513
|switch|p1a: Blastoise|Blastoise, M|100/100
|move|p2a: Dragapult|Dragon Dance|p2a: Dragapult
|-boost|p2a: Dragapult|atk|1
|-boost|p2a: Dragapult|spe|1
|
|-weather|RainDance|[upkeep]
|upkeep
|turn|18
|
|t:|1760449523
|move|p2a: Dragapult|Dragon Darts|p1a: Blastoise
|-damage|p1a: Blastoise|42/100
|-anim|p2a: Dragapult|Dragon Darts|p1a: Blastoise
|-damage|p1a: Blastoise|0 fnt
|faint|p1a: Blastoise
|-damage|p2a: Dragapult|91/100|[from] item: Life Orb
|
|-weather|RainDance|[upkeep]
|upkeep
|
|t:|1760449531
|switch|p1a: Floatzel|Floatzel, M|100/100
|turn|19
|
|t:|1760449536
|-terastallize|p1a: Floatzel|Water
|move|p1a: Floatzel|Wave Crash|p2a: Dragapult
|-resisted|p2a: Dragapult
|-damage|p2a: Dragapult|0 fnt
|faint|p2a: Dragapult
|-damage|p1a: Floatzel|70/100|[from] Recoil
|
|-weather|RainDance|[upkeep]
|upkeep
|
|t:|1760449542
|switch|p2a: Ogerpon|Ogerpon, F|100/100
|turn|20
|
|t:|1760449548
|switch|p1a: Kilowattrel|Kilowattrel, M|81/100
|move|p2a: Ogerpon|Ivy Cudgel|p1a: Kilowattrel
|-resisted|p1a: Kilowattrel
|-damage|p1a: Kilowattrel|36/100
|
|-weather|none
|upkeep
|turn|21
|
|t:|1760449558
|move|p1a: Kilowattrel|Hurricane|p2a: Ogerpon|[miss]
|-miss|p1a: Kilowattrel|p2a: Ogerpon
|move|p2a: Ogerpon|Ivy Cudgel|p1a: Kilowattrel
|-resisted|p1a: Kilowattrel
|-damage|p1a: Kilowattrel|0 fnt
|faint|p1a: Kilowattrel
|
|upkeep
|
|t:|1760449567
|switch|p1a: Scizor|Scizor, M|82/100
|turn|22
|
|t:|1760449575
|move|p2a: Ogerpon|U-turn|p1a: Scizor
|-resisted|p1a: Scizor
|-damage|p1a: Scizor|70/100
|
|t:|1760449579
|switch|p2a: Sylveon|Sylveon, F|64/100|[from] U-turn
|move|p1a: Scizor|Dual Wingbeat|p2a: Sylveon
|-damage|p2a: Sylveon|40/100
|-damage|p2a: Sylveon|14/100
|-hitcount|p2a: Sylveon|2
|
|-heal|p2a: Sylveon|20/100|[from] item: Leftovers
|upkeep
|turn|23
|
|t:|1760449593
|move|p1a: Scizor|Bullet Punch|p2a: Sylveon
|-supereffective|p2a: Sylveon
|-damage|p2a: Sylveon|0 fnt
|faint|p2a: Sylveon
|
|upkeep
|
|t:|1760449596
|switch|p2a: Ogerpon|Ogerpon, F|100/100
|turn|24
|
|t:|1760449623
|move|p2a: Ogerpon|Ivy Cudgel|p1a: Scizor
|-resisted|p1a: Scizor
|-damage|p1a: Scizor|57/100
|move|p1a: Scizor|Dual Wingbeat|p2a: Ogerpon
|-supereffective|p2a: Ogerpon
|-damage|p2a: Ogerpon|37/100
|-supereffective|p2a: Ogerpon
|-damage|p2a: Ogerpon|0 fnt
|faint|p2a: Ogerpon
|-hitcount|p2: Ogerpon|2
|
|win|delaynomorehiih666
|raw|delaynomorehiih666's rating: 1058 &rarr; <strong>1092</strong><br />(+34 for winning)
|raw|cryisme's rating: 1085 &rarr; <strong>1060</strong><br />(-25 for losing)
|l|☆delaynomorehiih666
|player|p1|
