|j|☆donfeitan
|j|☆Sun Yp
|t:|1760453821
|gametype|singles
|player|p1|donfeitan|cheryl|1145
|player|p2|Sun Yp|2|1133
|gen|9
|tier|[Gen 9] OU
|rated|
|rule|HP Percentage Mod: HP is shown in percentages
|rule|Endless Battle Clause: Forcing endless battles is banned
|rule|Species Clause: Limit one of each Pokémon
|rule|OHKO Clause: OHKO moves are banned
|rule|Evasion Items Clause: Evasion items are banned
|rule|Evasion Moves Clause: Evasion moves are banned
|rule|Evasion Abilities Clause: Evasion abilities are banned
|rule|Sleep Moves Clause: Sleep-inducing moves are banned
|clearpoke
|poke|p1|Torkoal, F|
|poke|p1|Entei|
|poke|p1|Zarude|
|poke|p1|Vaporeon, M|
|poke|p1|Mew|
|poke|p1|Cobalion|
|poke|p2|Indeedee, M|
|poke|p2|Primarina, F|
|poke|p2|Rotom-Wash|
|poke|p2|Landorus-Therian, M|
|poke|p2|Deoxys-Defense|
|poke|p2|Corviknight, F|
|teampreview
|inactive|Battle timer is ON: inactive players will automatically lose when time's up. (requested by donfeitan)
|
|t:|1760453847
|teamsize|p1|6
|teamsize|p2|6
|start
|switch|p1a: Torkoal|Torkoal, F|100/100
|switch|p2a: Landorus|Landorus-Therian, M|100/100
|-ability|p2a: Landorus|Intimidate|boost
|-unboost|p1a: Torkoal|atk|1
|-weather|SunnyDay|[from] ability: Drought|[of] p1a: Torkoal
|turn|1
|
|t:|1760453861
|switch|p1a: Vaporeon|Vaporeon, M|100/100
|move|p2a: Landorus|Stealth Rock|p1a: Vaporeon
|-sidestart|p1: donfeitan|move: Stealth Rock
|
|-weather|SunnyDay|[upkeep]
|upkeep
|turn|2
|inactive|donfeitan has 120 seconds left.
|
|t:|1760453895
|switch|p2a: Rotom|Rotom-Wash|100/100
|move|p1a: Vaporeon|Scald|p2a: Rotom
|-resisted|p2a: Rotom
|-damage|p2a: Rotom|91/100
|-status|p2a: Rotom|brn
|
|-weather|SunnyDay|[upkeep]
|-damage|p2a: Rotom|84/100 brn|[from] brn
|upkeep
|turn|3
|inactive|donfeitan has 120 seconds left.
|
|t:|1760453927
|move|p1a: Vaporeon|Protect|p1a: Vaporeon
|-singleturn|p1a: Vaporeon|Protect
|move|p2a: Rotom|Hydro Pump|p1a: Vaporeon
|-activate|p1a: Vaporeon|move: Protect
|
|-weather|SunnyDay|[upkeep]
|-damage|p2a: Rotom|78/100 brn|[from] brn
|upkeep
|turn|4
|inactive|donfeitan has 120 seconds left.
|
|t:|1760453937
|switch|p1a: Zarude|Zarude|100/100
|-damage|p1a: Zarude|88/100|[from] Stealth Rock
|move|p2a: Rotom|Hydro Pump|p1a: Zarude
|-resisted|p1a: Zarude
|-damage|p1a: Zarude|74/100
|
|-weather|SunnyDay|[upkeep]
|-damage|p2a: Rotom|72/100 brn|[from] brn
|upkeep
|turn|5
|inactive|donfeitan has 120 seconds left.
|
|t:|1760453950
|switch|p2a: Corviknight|Corviknight, F|100/100
|move|p1a: Zarude|Synthesis|p1a: Zarude
|-heal|p1a: Zarude|100/100
|
|-weather|SunnyDay|[upkeep]
|upkeep
|turn|6
|inactive|donfeitan has 120 seconds left.
|
|t:|1760453971
|switch|p1a: Entei|Entei|100/100
|-damage|p1a: Entei|75/100|[from] Stealth Rock
|switch|p2a: Deoxys|Deoxys-Defense|100/100
|-ability|p2a: Deoxys|Pressure
|
|-weather|SunnyDay|[upkeep]
|upkeep
|turn|7
|inactive|Sun Yp has 120 seconds left.
|
|t:|1760453989
|switch|p2a: Rotom|Rotom-Wash|72/100 brn
|move|p1a: Entei|Sacred Fire|p2a: Rotom
|-resisted|p2a: Rotom
|-damage|p2a: Rotom|0 fnt
|faint|p2a: Rotom
|
|-weather|SunnyDay|[upkeep]
|upkeep
|inactive|Sun Yp has 120 seconds left.
|
|t:|1760454009
|switch|p2a: Deoxys|Deoxys-Defense|100/100
|-ability|p2a: Deoxys|Pressure
|turn|8
|
|t:|1760454016
|move|p1a: Entei|Sacred Fire|p2a: Deoxys
|-damage|p2a: Deoxys|34/100
|-status|p2a: Deoxys|brn
|move|p2a: Deoxys|Cosmic Power|p2a: Deoxys
|-boost|p2a: Deoxys|def|1
|-boost|p2a: Deoxys|spd|1
|
|-weather|none
|-damage|p2a: Deoxys|28/100 brn|[from] brn
|upkeep
|turn|9
|inactive|donfeitan has 120 seconds left.
|
|t:|1760454028
|move|p1a: Entei|Sacred Fire|p2a: Deoxys
|-damage|p2a: Deoxys|0 fnt
|faint|p2a: Deoxys
|
|upkeep
|-message|Sun Yp forfeited.
|
|win|donfeitan
|raw|donfeitan's rating: 1145 &rarr; <strong>1169</strong><br />(+24 for winning)
|raw|Sun Yp's rating: 1133 &rarr; <strong>1109</strong><br />(-24 for losing)
|l|☆Sun Yp
|player|p2|
|l|☆donfeitan
|player|p1|
