|j|☆KingBeanis
|j|☆ballyhoogreen
|t:|1760320758
|gametype|singles
|player|p1|KingBeanis|acerola|1298
|player|p2|ballyhoogreen|maid|1292
|gen|9
|tier|[Gen 9] OU
|rated|
|rule|HP Percentage Mod: HP is shown in percentages
|rule|Endless Battle Clause: Forcing endless battles is banned
|rule|Species Clause: Limit one of each Pokémon
|rule|OHKO Clause: OHKO moves are banned
|rule|Evasion Items Clause: Evasion items are banned
|rule|Evasion Moves Clause: Evasion moves are banned
|rule|Evasion Abilities Clause: Evasion abilities are banned
|rule|Sleep Moves Clause: Sleep-inducing moves are banned
|clearpoke
|poke|p1|Hatterene, F|
|poke|p1|Great Tusk|
|poke|p1|Raging Bolt|
|poke|p1|Corviknight, M|
|poke|p1|Meowscarada, F|
|poke|p1|Dragonite, F|
|poke|p2|Slowking-Galar, M|
|poke|p2|Glastrier|
|poke|p2|Cinderace, F|
|poke|p2|Mimikyu, F|
|poke|p2|Iron Boulder|
|poke|p2|Lanturn, F|
|teampreview
|inactive|Battle timer is ON: inactive players will automatically lose when time's up. (requested by ballyhoogreen)
|
|t:|1760320772
|teamsize|p1|6
|teamsize|p2|6
|start
|switch|p1a: Raging Bolt|Raging Bolt|100/100
|switch|p2a: Mimikyu|Mimikyu, F|100/100
|-enditem|p1a: Raging Bolt|Booster Energy
|-activate|p1a: Raging Bolt|ability: Protosynthesis|[fromitem]
|-start|p1a: Raging Bolt|protosynthesisspa
|turn|1
|
|t:|1760320776
|move|p2a: Mimikyu|Play Rough|p1a: Raging Bolt
|-supereffective|p1a: Raging Bolt
|-damage|p1a: Raging Bolt|0 fnt
|faint|p1a: Raging Bolt
|-end|p1a: Raging Bolt|Protosynthesis|[silent]
|
|upkeep
|
|t:|1760320783
|switch|p1a: Corviknight|Corviknight, M|100/100
|-ability|p1a: Corviknight|Pressure
|turn|2
|
|t:|1760320786
|switch|p2a: Lanturn|Lanturn, F|100/100
|move|p1a: Corviknight|Brave Bird|p2a: Lanturn
|-resisted|p2a: Lanturn
|-damage|p2a: Lanturn|78/100
|-damage|p1a: Corviknight|93/100|[from] Recoil
|
|-heal|p2a: Lanturn|84/100|[from] item: Leftovers
|upkeep
|turn|3
|
|t:|1760320791
|switch|p1a: Meowscarada|Meowscarada, F|100/100
|move|p2a: Lanturn|Agility|p2a: Lanturn
|-boost|p2a: Lanturn|spe|2
|
|-heal|p2a: Lanturn|90/100|[from] item: Leftovers
|upkeep
|turn|4
|
|t:|1760320794
|-terastallize|p2a: Lanturn|Grass
|move|p2a: Lanturn|Ice Beam|p1a: Meowscarada
|-supereffective|p1a: Meowscarada
|-damage|p1a: Meowscarada|23/100
|move|p1a: Meowscarada|Flower Trick|p2a: Lanturn
|-start|p1a: Meowscarada|typechange|Grass|[from] ability: Protean
|-resisted|p2a: Lanturn
|-crit|p2a: Lanturn
|-damage|p2a: Lanturn|57/100
|
|-heal|p2a: Lanturn|63/100|[from] item: Leftovers
|upkeep
|turn|5
|
|t:|1760320803
|switch|p1a: Hatterene|Hatterene, F|100/100
|move|p2a: Lanturn|Whirlpool|p1a: Hatterene
|-damage|p1a: Hatterene|86/100
|-activate|p1a: Hatterene|move: Whirlpool|[of] p2a: Lanturn
|
|-heal|p2a: Lanturn|69/100|[from] item: Leftovers
|-heal|p1a: Hatterene|92/100|[from] item: Leftovers
|-damage|p1a: Hatterene|80/100|[from] move: Whirlpool|[partiallytrapped]
|upkeep
|turn|6
|
|t:|1760320809
|move|p2a: Lanturn|Charge Beam|p1a: Hatterene
|-damage|p1a: Hatterene|58/100
|-boost|p2a: Lanturn|spa|1
|move|p1a: Hatterene|Calm Mind|p1a: Hatterene
|-boost|p1a: Hatterene|spa|1
|-boost|p1a: Hatterene|spd|1
|
|-heal|p2a: Lanturn|75/100|[from] item: Leftovers
|-heal|p1a: Hatterene|64/100|[from] item: Leftovers
|-damage|p1a: Hatterene|51/100|[from] move: Whirlpool|[partiallytrapped]
|upkeep
|turn|7
|
|t:|1760320814
|move|p2a: Lanturn|Charge Beam|p1a: Hatterene
|-damage|p1a: Hatterene|30/100
|-boost|p2a: Lanturn|spa|1
|move|p1a: Hatterene|Draining Kiss|p2a: Lanturn
|-damage|p2a: Lanturn|31/100
|-heal|p1a: Hatterene|72/100|[from] drain|[of] p2a: Lanturn
|
|-heal|p2a: Lanturn|37/100|[from] item: Leftovers
|-heal|p1a: Hatterene|78/100|[from] item: Leftovers
|-damage|p1a: Hatterene|65/100|[from] move: Whirlpool|[partiallytrapped]
|upkeep
|turn|8
|
|t:|1760320819
|move|p2a: Lanturn|Ice Beam|p1a: Hatterene
|-damage|p1a: Hatterene|34/100
|move|p1a: Hatterene|Calm Mind|p1a: Hatterene
|-boost|p1a: Hatterene|spa|1
|-boost|p1a: Hatterene|spd|1
|
|-heal|p2a: Lanturn|43/100|[from] item: Leftovers
|-heal|p1a: Hatterene|40/100|[from] item: Leftovers
|-damage|p1a: Hatterene|28/100|[from] move: Whirlpool|[partiallytrapped]
|upkeep
|turn|9
|
|t:|1760320822
|move|p2a: Lanturn|Ice Beam|p1a: Hatterene
|-damage|p1a: Hatterene|1/100
|move|p1a: Hatterene|Draining Kiss|p2a: Lanturn
|-damage|p2a: Lanturn|0 fnt
|-heal|p1a: Hatterene|40/100|[from] drain|[of] p2a: Lanturn
|faint|p2a: Lanturn
|
|-heal|p1a: Hatterene|46/100|[from] item: Leftovers
|-end|p1a: Hatterene|Whirlpool|[partiallytrapped]
|upkeep
|
|t:|1760320826
|switch|p2a: Mimikyu|Mimikyu, F|100/100
|turn|10
|
|t:|1760320830
|switch|p1a: Corviknight|Corviknight, M|93/100
|-ability|p1a: Corviknight|Pressure
|move|p2a: Mimikyu|Shadow Claw|p1a: Corviknight
|-damage|p1a: Corviknight|60/100
|-damage|p2a: Mimikyu|84/100|[from] item: Rocky Helmet|[of] p1a: Corviknight
|
|upkeep
|turn|11
|
|t:|1760320837
|move|p2a: Mimikyu|Shadow Claw|p1a: Corviknight
|-damage|p1a: Corviknight|22/100
|-damage|p2a: Mimikyu|67/100|[from] item: Rocky Helmet|[of] p1a: Corviknight
|move|p1a: Corviknight|U-turn|p2a: Mimikyu
|-activate|p2a: Mimikyu|ability: Disguise
|-damage|p2a: Mimikyu|67/100
|detailschange|p2a: Mimikyu|Mimikyu-Busted, F
|-damage|p2a: Mimikyu|55/100|[from] pokemon: Mimikyu-Busted
|
|t:|1760320841
|switch|p1a: Great Tusk|Great Tusk|100/100|[from] U-turn
|
|upkeep
|turn|12
|
|t:|1760320846
|move|p2a: Mimikyu|Shadow Claw|p1a: Great Tusk
|-damage|p1a: Great Tusk|73/100
|move|p1a: Great Tusk|Stealth Rock|p2a: Mimikyu
|-sidestart|p2: ballyhoogreen|move: Stealth Rock
|
|-heal|p1a: Great Tusk|79/100|[from] item: Leftovers
|upkeep
|turn|13
|
|t:|1760320853
|move|p2a: Mimikyu|Shadow Claw|p1a: Great Tusk
|-damage|p1a: Great Tusk|50/100
|move|p1a: Great Tusk|Headlong Rush|p2a: Mimikyu
|-damage|p2a: Mimikyu|0 fnt
|-unboost|p1a: Great Tusk|def|1
|-unboost|p1a: Great Tusk|spd|1
|faint|p2a: Mimikyu
|
|-heal|p1a: Great Tusk|56/100|[from] item: Leftovers
|upkeep
|
|t:|1760320855
|switch|p2a: Iron Boulder|Iron Boulder|100/100
|-damage|p2a: Iron Boulder|88/100|[from] Stealth Rock
|-enditem|p2a: Iron Boulder|Booster Energy
|-activate|p2a: Iron Boulder|ability: Quark Drive|[fromitem]
|-start|p2a: Iron Boulder|quarkdrivespe
|turn|14
|
|t:|1760320863
|-end|p1a: Great Tusk|Protosynthesis|[silent]
|switch|p1a: Corviknight|Corviknight, M|22/100
|-ability|p1a: Corviknight|Pressure
|move|p2a: Iron Boulder|Zen Headbutt|p1a: Corviknight
|-resisted|p1a: Corviknight
|-damage|p1a: Corviknight|7/100
|-damage|p2a: Iron Boulder|72/100|[from] item: Rocky Helmet|[of] p1a: Corviknight
|
|upkeep
|turn|15
|
|t:|1760320870
|move|p2a: Iron Boulder|Mighty Cleave|p1a: Corviknight
|-damage|p1a: Corviknight|0 fnt
|-damage|p2a: Iron Boulder|55/100|[from] item: Rocky Helmet|[of] p1a: Corviknight
|faint|p1a: Corviknight
|
|upkeep
|
|t:|1760320876
|switch|p1a: Great Tusk|Great Tusk|56/100
|turn|16
|
|t:|1760320879
|-terastallize|p1a: Great Tusk|Ghost
|move|p2a: Iron Boulder|Zen Headbutt|p1a: Great Tusk
|-damage|p1a: Great Tusk|31/100
|cant|p1a: Great Tusk|flinch
|
|-heal|p1a: Great Tusk|37/100|[from] item: Leftovers
|upkeep
|turn|17
|
|t:|1760320884
|move|p2a: Iron Boulder|Mighty Cleave|p1a: Great Tusk
|-damage|p1a: Great Tusk|10/100
|move|p1a: Great Tusk|Headlong Rush|p2a: Iron Boulder
|-supereffective|p2a: Iron Boulder
|-damage|p2a: Iron Boulder|0 fnt
|-unboost|p1a: Great Tusk|def|1
|-unboost|p1a: Great Tusk|spd|1
|faint|p2a: Iron Boulder
|-end|p2a: Iron Boulder|Quark Drive|[silent]
|
|-heal|p1a: Great Tusk|16/100|[from] item: Leftovers
|upkeep
|
|t:|1760320889
|switch|p2a: Cinderace|Cinderace, F|100/100
|turn|18
|
|t:|1760320898
|move|p2a: Cinderace|Sucker Punch|p1a: Great Tusk
|-start|p2a: Cinderace|typechange|Dark|[from] ability: Libero
|-supereffective|p1a: Great Tusk
|-damage|p1a: Great Tusk|0 fnt
|faint|p1a: Great Tusk
|-end|p1a: Great Tusk|Protosynthesis|[silent]
|
|upkeep
|
|t:|1760320902
|switch|p1a: Dragonite|Dragonite, F|100/100
|turn|19
|
|t:|1760320911
|move|p2a: Cinderace|U-turn|p1a: Dragonite
|-resisted|p1a: Dragonite
|-damage|p1a: Dragonite|95/100
|
|t:|1760320913
|switch|p2a: Glastrier|Glastrier|100/100|[from] U-turn
|-damage|p2a: Glastrier|75/100|[from] Stealth Rock
|move|p1a: Dragonite|Earthquake|p2a: Glastrier
|-damage|p2a: Glastrier|43/100
|
|-heal|p2a: Glastrier|49/100|[from] item: Leftovers
|upkeep
|turn|20
|
|t:|1760320927
|move|p1a: Dragonite|Earthquake|p2a: Glastrier
|-damage|p2a: Glastrier|20/100
|move|p2a: Glastrier|Icicle Crash|p1a: Dragonite
|-supereffective|p1a: Dragonite
|-damage|p1a: Dragonite|0 fnt
|faint|p1a: Dragonite
|-ability|p2a: Glastrier|Chilling Neigh|boost
|-boost|p2a: Glastrier|atk|1
|
|-heal|p2a: Glastrier|26/100|[from] item: Leftovers
|upkeep
|
|t:|1760320934
|switch|p1a: Meowscarada|Meowscarada, F|23/100
|turn|21
|
|t:|1760320937
|move|p1a: Meowscarada|Knock Off|p2a: Glastrier
|-start|p1a: Meowscarada|typechange|Dark|[from] ability: Protean
|-damage|p2a: Glastrier|5/100
|-enditem|p2a: Glastrier|Leftovers|[from] move: Knock Off|[of] p1a: Meowscarada
|move|p2a: Glastrier|Icicle Crash|p1a: Meowscarada
|-damage|p1a: Meowscarada|0 fnt
|faint|p1a: Meowscarada
|-ability|p2a: Glastrier|Chilling Neigh|boost
|-boost|p2a: Glastrier|atk|1
|
|upkeep
|-message|KingBeanis forfeited.
|
|win|ballyhoogreen
|raw|KingBeanis's rating: 1298 &rarr; <strong>1273</strong><br />(-25 for losing)
|raw|ballyhoogreen's rating: 1292 &rarr; <strong>1317</strong><br />(+25 for winning)
|l|☆ballyhoogreen
|player|p2|
