|j|☆acediawa
|j|☆UltraGodGreninja
|t:|1760333821
|gametype|singles
|player|p1|acediawa|backersf|1414
|player|p2|UltraGodGreninja|skyla|1411
|gen|9
|tier|[Gen 9] OU
|rated|
|rule|HP Percentage Mod: HP is shown in percentages
|rule|Endless Battle Clause: Forcing endless battles is banned
|rule|Species Clause: Limit one of each Pokémon
|rule|OHKO Clause: OHKO moves are banned
|rule|Evasion Items Clause: Evasion items are banned
|rule|Evasion Moves Clause: Evasion moves are banned
|rule|Evasion Abilities Clause: Evasion abilities are banned
|rule|Sleep Moves Clause: Sleep-inducing moves are banned
|clearpoke
|poke|p1|Dragapult, F|
|poke|p1|Dragonite, F|
|poke|p1|Ting-Lu|
|poke|p1|Weezing-Galar, F|
|poke|p1|Iron Crown|
|poke|p1|Zapdos|
|poke|p2|Ninetales-Alola, F|
|poke|p2|Electivire, F|
|poke|p2|Rillaboom, F|
|poke|p2|Ogerpon-Wellspring, F|
|poke|p2|Great Tusk|
|poke|p2|Iron Crown|
|teampreview
|
|t:|1760333841
|teamsize|p1|6
|teamsize|p2|6
|start
|switch|p1a: Iron Crown|Iron Crown|100/100
|switch|p2a: Ninetales|Ninetales-Alola, F|100/100
|-weather|Snowscape|[from] ability: Snow Warning|[of] p2a: Ninetales
|turn|1
|
|t:|1760333848
|switch|p2a: Great Tusk|Great Tusk|100/100
|-enditem|p2a: Great Tusk|Booster Energy
|-activate|p2a: Great Tusk|ability: Protosynthesis|[fromitem]
|-start|p2a: Great Tusk|protosynthesisspe
|move|p1a: Iron Crown|Volt Switch|p2a: Great Tusk
|-immune|p2a: Great Tusk
|
|-weather|Snowscape|[upkeep]
|upkeep
|turn|2
|
|t:|1760333855
|-end|p1a: Iron Crown|Quark Drive|[silent]
|switch|p1a: Zapdos|Zapdos|100/100
|move|p2a: Great Tusk|Stealth Rock|p1a: Zapdos
|-sidestart|p1: acediawa|move: Stealth Rock
|
|-weather|Snowscape|[upkeep]
|upkeep
|turn|3
|
|t:|1760333859
|-end|p2a: Great Tusk|Protosynthesis|[silent]
|switch|p2a: Electivire|Electivire, F|100/100
|move|p1a: Zapdos|Hurricane|p2a: Electivire
|-resisted|p2a: Electivire
|-crit|p2a: Electivire
|-damage|p2a: Electivire|47/100
|
|-weather|Snowscape|[upkeep]
|upkeep
|turn|4
|
|t:|1760333869
|switch|p1a: Ting-Lu|Ting-Lu|100/100
|-damage|p1a: Ting-Lu|94/100|[from] Stealth Rock
|-ability|p1a: Ting-Lu|Vessel of Ruin
|switch|p2a: Iron Crown|Iron Crown|100/100
|-enditem|p2a: Iron Crown|Booster Energy
|-activate|p2a: Iron Crown|ability: Quark Drive|[fromitem]
|-start|p2a: Iron Crown|quarkdrivespe
|
|-weather|Snowscape|[upkeep]
|-heal|p1a: Ting-Lu|100/100|[from] item: Leftovers
|upkeep
|turn|5
|
|t:|1760333879
|move|p2a: Iron Crown|Calm Mind|p2a: Iron Crown
|-boost|p2a: Iron Crown|spa|1
|-boost|p2a: Iron Crown|spd|1
|move|p1a: Ting-Lu|Stealth Rock|p2a: Iron Crown
|-sidestart|p2: UltraGodGreninja|move: Stealth Rock
|
|-weather|none
|upkeep
|turn|6
|
|t:|1760333882
|move|p2a: Iron Crown|Focus Blast|p1a: Ting-Lu|[miss]
|-miss|p2a: Iron Crown|p1a: Ting-Lu
|move|p1a: Ting-Lu|Earthquake|p2a: Iron Crown
|-supereffective|p2a: Iron Crown
|-damage|p2a: Iron Crown|25/100
|
|upkeep
|turn|7
|
|t:|1760333886
|move|p2a: Iron Crown|Focus Blast|p1a: Ting-Lu|[miss]
|-miss|p2a: Iron Crown|p1a: Ting-Lu
|move|p1a: Ting-Lu|Earthquake|p2a: Iron Crown
|-supereffective|p2a: Iron Crown
|-damage|p2a: Iron Crown|0 fnt
|faint|p2a: Iron Crown
|-end|p2a: Iron Crown|Quark Drive|[silent]
|
|upkeep
|
|t:|1760333890
|switch|p2a: Ogerpon|Ogerpon-Wellspring, F|100/100
|-damage|p2a: Ogerpon|88/100|[from] Stealth Rock
|turn|8
|
|t:|1760333894
|move|p2a: Ogerpon|Swords Dance|p2a: Ogerpon
|-boost|p2a: Ogerpon|atk|2
|move|p1a: Ting-Lu|Ruination|p2a: Ogerpon
|-damage|p2a: Ogerpon|44/100
|
|upkeep
|turn|9
|
|t:|1760333904
|move|p2a: Ogerpon|Synthesis|p2a: Ogerpon
|-heal|p2a: Ogerpon|94/100
|move|p1a: Ting-Lu|Earthquake|p2a: Ogerpon
|-resisted|p2a: Ogerpon
|-damage|p2a: Ogerpon|72/100
|
|upkeep
|turn|10
|
|t:|1760333911
|move|p2a: Ogerpon|Ivy Cudgel|p1a: Ting-Lu|[anim] Ivy Cudgel Water
|-supereffective|p1a: Ting-Lu
|-damage|p1a: Ting-Lu|0 fnt
|faint|p1a: Ting-Lu
|
|upkeep
|
|t:|1760333916
|switch|p1a: Dragapult|Dragapult, F|100/100
|turn|11
|
|t:|1760333923
|switch|p2a: Ninetales|Ninetales-Alola, F|100/100
|-damage|p2a: Ninetales|76/100|[from] Stealth Rock
|-weather|Snowscape|[from] ability: Snow Warning|[of] p2a: Ninetales
|-terastallize|p1a: Dragapult|Dragon
|move|p1a: Dragapult|Dragon Darts|p2a: Ninetales
|-immune|p2a: Ninetales
|
|-weather|Snowscape|[upkeep]
|upkeep
|turn|12
|
|t:|1760333926
|move|p1a: Dragapult|U-turn|p2a: Ninetales
|-resisted|p2a: Ninetales
|-damage|p2a: Ninetales|68/100
|
|t:|1760333928
|switch|p1a: Iron Crown|Iron Crown|100/100|[from] U-turn
|-damage|p1a: Iron Crown|94/100|[from] Stealth Rock
|move|p2a: Ninetales|Aurora Veil|p2a: Ninetales
|-sidestart|p2: UltraGodGreninja|move: Aurora Veil
|
|-weather|Snowscape|[upkeep]
|upkeep
|turn|13
|
|t:|1760333932
|switch|p2a: Great Tusk|Great Tusk|100/100
|-damage|p2a: Great Tusk|98/100|[from] Stealth Rock
|move|p1a: Iron Crown|Tachyon Cutter|p2a: Great Tusk
|-damage|p2a: Great Tusk|72/100
|-damage|p2a: Great Tusk|48/100
|-hitcount|p2a: Great Tusk|2
|
|-weather|Snowscape|[upkeep]
|upkeep
|turn|14
|
|t:|1760333935
|move|p1a: Iron Crown|Tachyon Cutter|p2a: Great Tusk
|-damage|p2a: Great Tusk|24/100
|-damage|p2a: Great Tusk|0 fnt
|faint|p2a: Great Tusk
|-end|p2a: Great Tusk|Protosynthesis|[silent]
|-hitcount|p2: Great Tusk|2
|
|-weather|Snowscape|[upkeep]
|upkeep
|
|t:|1760333939
|switch|p2a: Ogerpon|Ogerpon-Wellspring, F|72/100
|-damage|p2a: Ogerpon|59/100|[from] Stealth Rock
|turn|15
|
|t:|1760333945
|-end|p1a: Iron Crown|Quark Drive|[silent]
|switch|p1a: Weezing|Weezing-Galar, F|100/100
|-ability|p1a: Weezing|Neutralizing Gas
|move|p2a: Ogerpon|Synthesis|p2a: Ogerpon
|-heal|p2a: Ogerpon|84/100
|
|-weather|none
|upkeep
|turn|16
|
|t:|1760333951
|switch|p2a: Electivire|Electivire, F|47/100
|-damage|p2a: Electivire|35/100|[from] Stealth Rock
|move|p1a: Weezing|Will-O-Wisp|p2a: Electivire
|-status|p2a: Electivire|brn
|-enditem|p2a: Electivire|Lum Berry|[eat]
|-curestatus|p2a: Electivire|brn|[msg]
|
|upkeep
|turn|17
|
|t:|1760333957
|move|p2a: Electivire|Bulk Up|p2a: Electivire
|-boost|p2a: Electivire|atk|1
|-boost|p2a: Electivire|def|1
|move|p1a: Weezing|Toxic Spikes|p2a: Electivire
|-sidestart|p2: UltraGodGreninja|move: Toxic Spikes
|
|upkeep
|turn|18
|
|t:|1760333961
|move|p2a: Electivire|Supercell Slam|p1a: Weezing
|-damage|p1a: Weezing|55/100
|move|p1a: Weezing|Will-O-Wisp|p2a: Electivire
|-status|p2a: Electivire|brn
|
|-damage|p2a: Electivire|29/100 brn|[from] brn
|upkeep
|turn|19
|
|t:|1760333964
|move|p2a: Electivire|Bulk Up|p2a: Electivire
|-boost|p2a: Electivire|atk|1
|-boost|p2a: Electivire|def|1
|move|p1a: Weezing|Toxic Spikes|p2a: Electivire
|-sidestart|p2: UltraGodGreninja|move: Toxic Spikes
|
|-damage|p2a: Electivire|23/100 brn|[from] brn
|-sideend|p2: UltraGodGreninja|move: Aurora Veil
|upkeep
|turn|20
|
|t:|1760333979
|-end|p1a: Weezing|ability: Neutralizing Gas
|switch|p1a: Iron Crown|Iron Crown|94/100
|-damage|p1a: Iron Crown|88/100|[from] Stealth Rock
|move|p2a: Electivire|Supercell Slam|p1a: Iron Crown
|-damage|p1a: Iron Crown|31/100
|
|-damage|p2a: Electivire|17/100 brn|[from] brn
|upkeep
|turn|21
|
|t:|1760333997
|move|p1a: Iron Crown|Tachyon Cutter|p2a: Electivire
|-resisted|p2a: Electivire
|-damage|p2a: Electivire|0 fnt
|faint|p2a: Electivire
|-hitcount|p2: Electivire|1
|
|upkeep
|-message|UltraGodGreninja forfeited.
|
|win|acediawa
|raw|acediawa's rating: 1414 &rarr; <strong>1434</strong><br />(+20 for winning)
|raw|UltraGodGreninja's rating: 1411 &rarr; <strong>1391</strong><br />(-20 for losing)
|l|☆UltraGodGreninja
|player|p2|
|l|☆acediawa
|player|p1|
