|j|☆emeraldblade1\
|j|☆MrHankHill
|t:|1760315661
|gametype|singles
|player|p1|emeraldblade1\|brock|1319
|player|p2|MrHankHill|wattson|1321
|gen|9
|tier|[Gen 9] OU
|rated|
|rule|HP Percentage Mod: HP is shown in percentages
|rule|Endless Battle Clause: Forcing endless battles is banned
|rule|Species Clause: Limit one of each Pokémon
|rule|OHKO Clause: OHKO moves are banned
|rule|Evasion Items Clause: Evasion items are banned
|rule|Evasion Moves Clause: Evasion moves are banned
|rule|Evasion Abilities Clause: Evasion abilities are banned
|rule|Sleep Moves Clause: Sleep-inducing moves are banned
|clearpoke
|poke|p1|Bellibolt, F|
|poke|p1|Rillaboom, M|
|poke|p1|Alomomola, F|
|poke|p1|Tinkaton, F|
|poke|p1|Great Tusk|
|poke|p1|Dragapult, F|
|poke|p2|Torkoal, M|
|poke|p2|Dragonite, F|
|poke|p2|Great Tusk|
|poke|p2|Raging Bolt|
|poke|p2|Cinderace, F|
|poke|p2|Landorus-Therian, M|
|teampreview
|inactive|Battle timer is ON: inactive players will automatically lose when time's up. (requested by MrHankHill)
|
|t:|1760315671
|teamsize|p1|6
|teamsize|p2|6
|start
|switch|p1a: nuke|Tinkaton, F|100/100
|switch|p2a: Landorus|Landorus-Therian, M|100/100
|-ability|p2a: Landorus|Intimidate|boost
|-unboost|p1a: nuke|atk|1
|-item|p1a: nuke|Air Balloon
|turn|1
|
|t:|1760315678
|move|p2a: Landorus|U-turn|p1a: nuke
|-resisted|p1a: nuke
|-damage|p1a: nuke|93/100
|-enditem|p1a: nuke|Air Balloon
|-enditem|p2a: Landorus|Choice Scarf|[silent]|[from] ability: Pickpocket|[of] p2a: Landorus
|-item|p1a: nuke|Choice Scarf|[from] ability: Pickpocket|[of] p2a: Landorus
|
|t:|1760315685
|switch|p2a: Great Tusk|Great Tusk|100/100|[from] U-turn
|move|p1a: nuke|Stealth Rock|p2a: Great Tusk
|-sidestart|p2: MrHankHill|move: Stealth Rock
|
|upkeep
|turn|2
|
|t:|1760315694
|switch|p1a: 1# parent|Dragapult, F|100/100
|move|p2a: Great Tusk|Rapid Spin|p1a: 1# parent
|-immune|p1a: 1# parent
|
|upkeep
|turn|3
|
|t:|1760315712
|move|p1a: 1# parent|Draco Meteor|p2a: Great Tusk
|-damage|p2a: Great Tusk|0 fnt
|-unboost|p1a: 1# parent|spa|2
|faint|p2a: Great Tusk
|-end|p2a: Great Tusk|Protosynthesis|[silent]
|
|upkeep
|
|t:|1760315718
|switch|p2a: Cinderace|Cinderace, F|100/100
|turn|4
|
|t:|1760315723
|switch|p1a: punching bag|Alomomola, F|100/100
|move|p2a: Cinderace|Court Change|p2a: Cinderace
|-start|p2a: Cinderace|typechange|Normal|[from] ability: Libero
|-swapsideconditions
|-activate|p2a: Cinderace|move: Court Change
|
|upkeep
|turn|5
|
|t:|1760315732
|move|p1a: punching bag|Protect|p1a: punching bag
|-singleturn|p1a: punching bag|Protect
|move|p2a: Cinderace|U-turn|p1a: punching bag
|-activate|p1a: punching bag|move: Protect
|
|upkeep
|turn|6
|
|t:|1760315736
|switch|p2a: Raging Bolt|Raging Bolt|100/100
|move|p1a: punching bag|Tickle|p2a: Raging Bolt
|-unboost|p2a: Raging Bolt|atk|1
|-unboost|p2a: Raging Bolt|def|1
|
|upkeep
|turn|7
|
|t:|1760315747
|switch|p1a: lemon|Bellibolt, F, shiny|100/100
|move|p2a: Raging Bolt|Draco Meteor|p1a: lemon
|-damage|p1a: lemon|30/100
|-unboost|p2a: Raging Bolt|spa|2
|-start|p1a: lemon|Charge|Draco Meteor|[from] ability: Electromorphosis
|
|upkeep
|turn|8
|
|t:|1760315754
|-end|p2a: Raging Bolt|Protosynthesis|[silent]
|switch|p2a: Cinderace|Cinderace, F|100/100
|move|p1a: lemon|Slack Off|p1a: lemon
|-heal|p1a: lemon|81/100
|
|upkeep
|turn|9
|
|t:|1760315765
|move|p2a: Cinderace|U-turn|p1a: lemon
|-start|p2a: Cinderace|typechange|Bug|[from] ability: Libero
|-damage|p1a: lemon|49/100
|-start|p1a: lemon|Charge|U-turn|[from] ability: Electromorphosis
|
|t:|1760315767
|switch|p2a: Torkoal|Torkoal, M|100/100|[from] U-turn
|-weather|SunnyDay|[from] ability: Drought|[of] p2a: Torkoal
|move|p1a: lemon|Soak|p2a: Torkoal
|-start|p2a: Torkoal|typechange|Water
|
|-weather|SunnyDay|[upkeep]
|upkeep
|turn|10
|
|t:|1760315783
|switch|p1a: punching bag|Alomomola, F|100/100
|switch|p2a: Raging Bolt|Raging Bolt|100/100
|-activate|p2a: Raging Bolt|ability: Protosynthesis
|-start|p2a: Raging Bolt|protosynthesisspa
|
|-weather|SunnyDay|[upkeep]
|upkeep
|turn|11
|
|t:|1760315794
|move|p1a: punching bag|Protect|p1a: punching bag
|-singleturn|p1a: punching bag|Protect
|move|p2a: Raging Bolt|Weather Ball|p1a: punching bag
|-activate|p1a: punching bag|move: Protect
|
|-weather|SunnyDay|[upkeep]
|upkeep
|turn|12
|
|t:|1760315798
|move|p2a: Raging Bolt|Weather Ball|p1a: punching bag
|-resisted|p1a: punching bag
|-damage|p1a: punching bag|48/100
|move|p1a: punching bag|Flip Turn|p2a: Raging Bolt
|-resisted|p2a: Raging Bolt
|-damage|p2a: Raging Bolt|97/100
|
|t:|1760315803
|switch|p1a: 1# parent|Dragapult, F|100/100|[from] Flip Turn
|-damage|p1a: 1# parent|88/100|[from] Stealth Rock
|
|-weather|SunnyDay|[upkeep]
|upkeep
|turn|13
|
|t:|1760315807
|-terastallize|p2a: Raging Bolt|Fairy
|move|p1a: 1# parent|Draco Meteor|p2a: Raging Bolt
|-immune|p2a: Raging Bolt
|move|p2a: Raging Bolt|Weather Ball|p1a: 1# parent
|-resisted|p1a: 1# parent
|-damage|p1a: 1# parent|14/100
|
|-weather|SunnyDay|[upkeep]
|upkeep
|turn|14
|
|t:|1760315815
|switch|p1a: punching bag|Alomomola, F|81/100
|move|p2a: Raging Bolt|Weather Ball|p1a: punching bag
|-resisted|p1a: punching bag
|-damage|p1a: punching bag|26/100
|
|-weather|SunnyDay|[upkeep]
|upkeep
|turn|15
|
|t:|1760315821
|-end|p2a: Raging Bolt|Protosynthesis|[silent]
|switch|p2a: Dragonite|Dragonite, F|100/100
|move|p1a: punching bag|Protect||[still]
|-fail|p1a: punching bag
|
|-weather|SunnyDay|[upkeep]
|upkeep
|turn|16
|
|t:|1760315826
|move|p2a: Dragonite|Scale Shot|p1a: punching bag
|-damage|p1a: punching bag|16/100
|-damage|p1a: punching bag|8/100
|-damage|p1a: punching bag|0 fnt
|faint|p1a: punching bag
|-hitcount|p1: punching bag|3
|-unboost|p2a: Dragonite|def|1
|-boost|p2a: Dragonite|spe|1
|
|-weather|none
|upkeep
|
|t:|1760315831
|switch|p1a: mammoth mush|Great Tusk|100/100
|turn|17
|
|t:|1760315861
|switch|p2a: Landorus|Landorus-Therian, M|100/100
|-ability|p2a: Landorus|Intimidate|boost
|-unboost|p1a: mammoth mush|atk|1
|move|p1a: mammoth mush|Rapid Spin|p2a: Landorus
|-damage|p2a: Landorus|87/100
|-boost|p1a: mammoth mush|spe|1
|-sideend|p1: emeraldblade1\|Stealth Rock|[from] move: Rapid Spin|[of] p1a: mammoth mush
|
|upkeep
|turn|18
|inactive|MrHankHill has 120 seconds left.
|
|t:|1760315878
|switch|p2a: Torkoal|Torkoal, M|100/100
|-weather|SunnyDay|[from] ability: Drought|[of] p2a: Torkoal
|-activate|p1a: mammoth mush|ability: Protosynthesis
|-start|p1a: mammoth mush|protosynthesisspe
|move|p1a: mammoth mush|Ice Spinner|p2a: Torkoal
|-resisted|p2a: Torkoal
|-damage|p2a: Torkoal|94/100
|
|-weather|SunnyDay|[upkeep]
|upkeep
|turn|19
|inactive|MrHankHill has 120 seconds left.
|
|t:|1760315894
|-end|p1a: mammoth mush|Protosynthesis|[silent]
|switch|p1a: nuke|Tinkaton, F|93/100
|move|p2a: Torkoal|Fire Blast|p1a: nuke|[miss]
|-miss|p2a: Torkoal|p1a: nuke
|
|-weather|SunnyDay|[upkeep]
|upkeep
|turn|20
|inactive|MrHankHill has 120 seconds left.
|
|t:|1760315904
|move|p1a: nuke|Stealth Rock|p2a: Torkoal
|-sidestart|p2: MrHankHill|move: Stealth Rock
|move|p2a: Torkoal|Fire Blast|p1a: nuke
|-supereffective|p1a: nuke
|-damage|p1a: nuke|0 fnt
|faint|p1a: nuke
|
|-weather|SunnyDay|[upkeep]
|upkeep
|
|t:|1760315909
|switch|p1a: 1# parent|Dragapult, F|14/100
|turn|21
|
|t:|1760315919
|move|p1a: 1# parent|Shadow Ball|p2a: Torkoal
|-damage|p2a: Torkoal|19/100
|move|p2a: Torkoal|Fire Blast|p1a: 1# parent
|-resisted|p1a: 1# parent
|-damage|p1a: 1# parent|0 fnt
|faint|p1a: 1# parent
|
|-weather|SunnyDay|[upkeep]
|upkeep
|
|t:|1760315928
|switch|p1a: something dies|Rillaboom, M|100/100
|-fieldstart|move: Grassy Terrain|[from] ability: Grassy Surge|[of] p1a: something dies
|turn|22
|
|t:|1760315935
|move|p1a: something dies|Grassy Glide|p2a: Torkoal
|-resisted|p2a: Torkoal
|-damage|p2a: Torkoal|0 fnt
|faint|p2a: Torkoal
|
|-weather|SunnyDay|[upkeep]
|upkeep
|
|t:|1760315941
|switch|p2a: Cinderace|Cinderace, F|100/100
|turn|23
|
|t:|1760315946
|switch|p1a: mammoth mush|Great Tusk|100/100
|-activate|p1a: mammoth mush|ability: Protosynthesis
|-start|p1a: mammoth mush|protosynthesisatk
|move|p2a: Cinderace|Pyro Ball|p1a: mammoth mush
|-damage|p1a: mammoth mush|38/100
|
|-weather|SunnyDay|[upkeep]
|-heal|p1a: mammoth mush|44/100|[from] Grassy Terrain
|upkeep
|turn|24
|
|t:|1760315954
|move|p2a: Cinderace|Pyro Ball|p1a: mammoth mush
|-damage|p1a: mammoth mush|0 fnt
|faint|p1a: mammoth mush
|-end|p1a: mammoth mush|Protosynthesis|[silent]
|
|-weather|SunnyDay|[upkeep]
|upkeep
|
|t:|1760315963
|switch|p1a: lemon|Bellibolt, F, shiny|49/100
|turn|25
|
|t:|1760315967
|move|p2a: Cinderace|Pyro Ball|p1a: lemon
|-damage|p1a: lemon|0 fnt
|faint|p1a: lemon
|
|-weather|none
|upkeep
|
|t:|1760315970
|switch|p1a: something dies|Rillaboom, M|100/100
|turn|26
|
|t:|1760315975
|-terastallize|p1a: something dies|Grass
|move|p2a: Cinderace|Pyro Ball|p1a: something dies
|-supereffective|p1a: something dies
|-damage|p1a: something dies|0 fnt
|faint|p1a: something dies
|
|win|MrHankHill
|raw|emeraldblade1\'s rating: 1319 &rarr; <strong>1299</strong><br />(-20 for losing)
|raw|MrHankHill's rating: 1321 &rarr; <strong>1341</strong><br />(+20 for winning)
|l|☆emeraldblade1\
|player|p1|
