|j|☆linkinthesink
|j|☆zimore
|t:|1760333638
|gametype|singles
|player|p1|linkinthesink|plasmagrunt|1391
|player|p2|zimore|iris-gen5bw2|1476
|gen|9
|tier|[Gen 9] OU
|rated|
|rule|HP Percentage Mod: HP is shown in percentages
|rule|Endless Battle Clause: Forcing endless battles is banned
|rule|Species Clause: Limit one of each Pokémon
|rule|OHKO Clause: OHKO moves are banned
|rule|Evasion Items Clause: Evasion items are banned
|rule|Evasion Moves Clause: Evasion moves are banned
|rule|Evasion Abilities Clause: Evasion abilities are banned
|rule|Sleep Moves Clause: Sleep-inducing moves are banned
|clearpoke
|poke|p1|Kingambit, F|
|poke|p1|Cinderace, M|
|poke|p1|Landorus-Therian, M|
|poke|p1|Iron Valiant|
|poke|p1|Kyurem|
|poke|p1|Slowking-Galar, F|
|poke|p2|Scream Tail|
|poke|p2|Primarina, F|
|poke|p2|Mandibuzz, F|
|poke|p2|Iron Treads|
|poke|p2|Ogerpon-Wellspring, F|
|poke|p2|Iron Hands|
|teampreview
|
|t:|1760333663
|teamsize|p1|6
|teamsize|p2|6
|start
|switch|p1a: Slowking|Slowking-Galar, F|100/100
|switch|p2a: Iron Hands|Iron Hands|100/100
|-enditem|p2a: Iron Hands|Booster Energy
|-activate|p2a: Iron Hands|ability: Quark Drive|[fromitem]
|-start|p2a: Iron Hands|quarkdriveatk
|turn|1
|
|t:|1760333671
|move|p2a: Iron Hands|Swords Dance|p2a: Iron Hands
|-boost|p2a: Iron Hands|atk|2
|move|p1a: Slowking|Future Sight|p2a: Iron Hands
|-start|p1a: Slowking|move: Future Sight
|
|upkeep
|turn|2
|
|t:|1760333683
|switch|p1a: Landorus|Landorus-Therian, M|100/100
|-ability|p1a: Landorus|Intimidate|boost
|-unboost|p2a: Iron Hands|atk|1
|move|p2a: Iron Hands|Ice Punch|p1a: Landorus
|-supereffective|p1a: Landorus
|-damage|p1a: Landorus|0 fnt
|-damage|p2a: Iron Hands|84/100|[from] item: Rocky Helmet|[of] p1a: Landorus
|faint|p1a: Landorus
|
|upkeep
|
|t:|1760333689
|switch|p1a: Slowking|Slowking-Galar, F|100/100
|turn|3
|
|t:|1760333693
|-end|p2a: Iron Hands|Quark Drive|[silent]
|switch|p2a: Mandibuzz|Mandibuzz, F|100/100
|-prepare|p1a: Slowking|Chilly Reception|[premajor]
|move|p1a: Slowking|Chilly Reception|p1a: Slowking
|-weather|Snowscape
|
|t:|1760333695
|switch|p1a: Kyurem|Kyurem, shiny|100/100|[from] Chilly Reception
|-ability|p1a: Kyurem|Pressure
|
|-weather|Snowscape|[upkeep]
|-end|p2a: Mandibuzz|move: Future Sight
|-immune|p2a: Mandibuzz
|upkeep
|turn|4
|
|t:|1760333723
|move|p1a: Kyurem|Blizzard|p2a: Mandibuzz
|-supereffective|p2a: Mandibuzz
|-damage|p2a: Mandibuzz|0 fnt
|faint|p2a: Mandibuzz
|
|-weather|Snowscape|[upkeep]
|upkeep
|
|t:|1760333736
|switch|p2a: Poppy|Primarina, F|100/100
|turn|5
|
|t:|1760333751
|switch|p1a: Slowking|Slowking-Galar, F|100/100
|switch|p2a: Iron Treads|Iron Treads|100/100
|
|-weather|Snowscape|[upkeep]
|upkeep
|turn|6
|
|t:|1760333762
|switch|p1a: Cinderace|Cinderace, M|100/100
|move|p2a: Iron Treads|Rapid Spin|p1a: Cinderace
|-damage|p1a: Cinderace|79/100
|-boost|p2a: Iron Treads|spe|1
|
|-weather|Snowscape|[upkeep]
|upkeep
|turn|7
|
|t:|1760333771
|move|p2a: Iron Treads|Earthquake|p1a: Cinderace
|-supereffective|p1a: Cinderace
|-damage|p1a: Cinderace|0 fnt
|faint|p1a: Cinderace
|
|-weather|none
|upkeep
|
|t:|1760333774
|switch|p1a: Kyurem|Kyurem, shiny|100/100
|-ability|p1a: Kyurem|Pressure
|turn|8
|
|t:|1760333780
|-end|p2a: Iron Treads|Quark Drive|[silent]
|switch|p2a: Joy|Scream Tail|100/100
|-enditem|p2a: Joy|Booster Energy
|-activate|p2a: Joy|ability: Protosynthesis|[fromitem]
|-start|p2a: Joy|protosynthesisspe
|move|p1a: Kyurem|Earth Power|p2a: Joy
|-damage|p2a: Joy|62/100
|
|upkeep
|turn|9
|-message|linkinthesink forfeited.
|
|win|zimore
|raw|linkinthesink's rating: 1391 &rarr; <strong>1376</strong><br />(-15 for losing)
|raw|zimore's rating: 1476 &rarr; <strong>1491</strong><br />(+15 for winning)
|l|☆linkinthesink
|player|p1|
|l|☆zimore
|player|p2|
