|j|☆kittensnax
|j|☆hehedaruma2
|t:|1760380365
|gametype|singles
|player|p1|kittensnax|kris-gen2|1565
|player|p2|hehedaruma2|blackbelt-gen4dp|1612
|gen|9
|tier|[Gen 9] OU
|rated|
|rule|HP Percentage Mod: HP is shown in percentages
|rule|Endless Battle Clause: Forcing endless battles is banned
|rule|Species Clause: Limit one of each Pokémon
|rule|OHKO Clause: OHKO moves are banned
|rule|Evasion Items Clause: Evasion items are banned
|rule|Evasion Moves Clause: Evasion moves are banned
|rule|Evasion Abilities Clause: Evasion abilities are banned
|rule|Sleep Moves Clause: Sleep-inducing moves are banned
|clearpoke
|poke|p1|Porygon2|
|poke|p1|Farigiraf, F|
|poke|p1|Dragonite, F|
|poke|p1|Primarina, M|
|poke|p1|Ursaluna, M|
|poke|p1|Gallade, M|
|poke|p2|Dondozo, M|
|poke|p2|Blissey, F|
|poke|p2|Corviknight, M|
|poke|p2|Weezing-Galar, F|
|poke|p2|Gliscor, M|
|poke|p2|Toxapex, M|
|teampreview
|inactive|Battle timer is ON: inactive players will automatically lose when time's up. (requested by hehedaruma2)
|
|t:|1760380379
|teamsize|p1|6
|teamsize|p2|6
|start
|switch|p1a: Primarina|Primarina, M|100/100
|switch|p2a: Gliscor|Gliscor, M|100/100
|turn|1
|
|t:|1760380384
|move|p2a: Gliscor|Protect|p2a: Gliscor
|-singleturn|p2a: Gliscor|Protect
|move|p1a: Primarina|Psychic Noise|p2a: Gliscor
|-activate|p2a: Gliscor|move: Protect
|
|-status|p2a: Gliscor|tox|[from] item: Toxic Orb
|upkeep
|turn|2
|
|t:|1760380388
|switch|p2a: Blissey|Blissey, F|100/100
|switch|p1a: Ursaluna|Ursaluna, M|100/100
|
|-status|p1a: Ursaluna|brn|[from] item: Flame Orb
|upkeep
|turn|3
|
|t:|1760380392
|switch|p2a: Corviknight|Corviknight, M|100/100
|-ability|p2a: Corviknight|Pressure
|move|p1a: Ursaluna|Bulk Up|p1a: Ursaluna
|-boost|p1a: Ursaluna|atk|1
|-boost|p1a: Ursaluna|def|1
|
|-damage|p1a: Ursaluna|94/100 brn|[from] brn
|upkeep
|turn|4
|
|t:|1760380399
|move|p2a: Corviknight|Iron Defense|p2a: Corviknight
|-boost|p2a: Corviknight|def|2
|move|p1a: Ursaluna|Fire Punch|p2a: Corviknight
|-supereffective|p2a: Corviknight
|-damage|p2a: Corviknight|61/100
|
|-heal|p2a: Corviknight|67/100|[from] item: Leftovers
|-damage|p1a: Ursaluna|88/100 brn|[from] brn
|upkeep
|turn|5
|
|t:|1760380402
|move|p2a: Corviknight|Body Press|p1a: Ursaluna
|-supereffective|p1a: Ursaluna
|-damage|p1a: Ursaluna|39/100 brn
|move|p1a: Ursaluna|Earthquake|p2a: Corviknight
|-immune|p2a: Corviknight
|
|-heal|p2a: Corviknight|73/100|[from] item: Leftovers
|-damage|p1a: Ursaluna|33/100 brn|[from] brn
|upkeep
|turn|6
|
|t:|1760380410
|-terastallize|p1a: Ursaluna|Ghost
|move|p2a: Corviknight|Body Press|p1a: Ursaluna
|-immune|p1a: Ursaluna
|move|p1a: Ursaluna|Fire Punch|p2a: Corviknight
|-supereffective|p2a: Corviknight
|-damage|p2a: Corviknight|34/100
|-status|p2a: Corviknight|brn
|
|-heal|p2a: Corviknight|41/100 brn|[from] item: Leftovers
|-damage|p2a: Corviknight|34/100 brn|[from] brn
|-damage|p1a: Ursaluna|27/100 brn|[from] brn
|upkeep
|turn|7
|
|t:|1760380431
|move|p2a: Corviknight|Iron Defense|p2a: Corviknight
|-boost|p2a: Corviknight|def|2
|move|p1a: Ursaluna|Facade|p2a: Corviknight
|-resisted|p2a: Corviknight
|-damage|p2a: Corviknight|14/100 brn
|
|-heal|p2a: Corviknight|20/100 brn|[from] item: Leftovers
|-damage|p2a: Corviknight|14/100 brn|[from] brn
|-damage|p1a: Ursaluna|20/100 brn|[from] brn
|upkeep
|turn|8
|
|t:|1760380435
|move|p2a: Corviknight|Roost|p2a: Corviknight
|-heal|p2a: Corviknight|64/100 brn
|-singleturn|p2a: Corviknight|move: Roost
|move|p1a: Ursaluna|Fire Punch|p2a: Corviknight
|-supereffective|p2a: Corviknight
|-damage|p2a: Corviknight|39/100 brn
|
|-heal|p2a: Corviknight|45/100 brn|[from] item: Leftovers
|-damage|p2a: Corviknight|39/100 brn|[from] brn
|-damage|p1a: Ursaluna|14/100 brn|[from] brn
|upkeep
|turn|9
|
|t:|1760380442
|move|p2a: Corviknight|Roost|p2a: Corviknight
|-heal|p2a: Corviknight|89/100 brn
|-singleturn|p2a: Corviknight|move: Roost
|move|p1a: Ursaluna|Fire Punch|p2a: Corviknight
|-supereffective|p2a: Corviknight
|-damage|p2a: Corviknight|62/100 brn
|
|-heal|p2a: Corviknight|68/100 brn|[from] item: Leftovers
|-damage|p2a: Corviknight|62/100 brn|[from] brn
|-damage|p1a: Ursaluna|8/100 brn|[from] brn
|upkeep
|turn|10
|
|t:|1760380444
|move|p2a: Corviknight|Iron Defense|p2a: Corviknight
|-boost|p2a: Corviknight|def|2
|move|p1a: Ursaluna|Earthquake|p2a: Corviknight
|-immune|p2a: Corviknight
|
|-heal|p2a: Corviknight|68/100 brn|[from] item: Leftovers
|-damage|p2a: Corviknight|62/100 brn|[from] brn
|-damage|p1a: Ursaluna|2/100 brn|[from] brn
|upkeep
|turn|11
|
|t:|1760380449
|move|p2a: Corviknight|Roost|p2a: Corviknight
|-heal|p2a: Corviknight|100/100 brn
|-singleturn|p2a: Corviknight|move: Roost
|move|p1a: Ursaluna|Earthquake|p2a: Corviknight
|-supereffective|p2a: Corviknight
|-damage|p2a: Corviknight|59/100 brn
|
|-heal|p2a: Corviknight|66/100 brn|[from] item: Leftovers
|-damage|p2a: Corviknight|59/100 brn|[from] brn
|-damage|p1a: Ursaluna|0 fnt|[from] brn
|faint|p1a: Ursaluna
|upkeep
|
|t:|1760380451
|switch|p1a: Primarina|Primarina, M|100/100
|turn|12
|
|t:|1760380456
|switch|p2a: Blissey|Blissey, F|100/100
|move|p1a: Primarina|Psychic Noise|p2a: Blissey
|-damage|p2a: Blissey|87/100
|-start|p2a: Blissey|move: Heal Block
|
|upkeep
|turn|13
|
|t:|1760380462
|switch|p1a: FaRiGiЯaꟻ|Farigiraf, F, shiny|100/100
|move|p2a: Blissey|Stealth Rock|p1a: FaRiGiЯaꟻ
|-sidestart|p1: kittensnax|move: Stealth Rock
|
|-end|p2a: Blissey|move: Heal Block
|upkeep
|turn|14
|
|t:|1760380466
|move|p2a: Blissey|Seismic Toss|p1a: FaRiGiЯaꟻ
|-damage|p1a: FaRiGiЯaꟻ|74/100
|move|p1a: FaRiGiЯaꟻ|Trick Room|p1a: FaRiGiЯaꟻ
|-fieldstart|move: Trick Room|[of] p1a: FaRiGiЯaꟻ
|
|-heal|p2a: Blissey|93/100|[from] item: Leftovers
|upkeep
|turn|15
|
|t:|1760380468
|move|p1a: FaRiGiЯaꟻ|Psyshock|p2a: Blissey
|-damage|p2a: Blissey|54/100
|move|p2a: Blissey|Seismic Toss|p1a: FaRiGiЯaꟻ
|-damage|p1a: FaRiGiЯaꟻ|48/100
|
|-heal|p2a: Blissey|60/100|[from] item: Leftovers
|upkeep
|turn|16
|
|t:|1760380476
|move|p1a: FaRiGiЯaꟻ|Psyshock|p2a: Blissey
|-damage|p2a: Blissey|16/100
|move|p2a: Blissey|Soft-Boiled|p2a: Blissey
|-heal|p2a: Blissey|66/100
|
|-heal|p2a: Blissey|72/100|[from] item: Leftovers
|upkeep
|turn|17
|
|t:|1760380481
|move|p1a: FaRiGiЯaꟻ|Psyshock|p2a: Blissey
|-damage|p2a: Blissey|33/100
|move|p2a: Blissey|Seismic Toss|p1a: FaRiGiЯaꟻ
|-damage|p1a: FaRiGiЯaꟻ|22/100
|
|-heal|p2a: Blissey|40/100|[from] item: Leftovers
|upkeep
|turn|18
|
|t:|1760380484
|move|p1a: FaRiGiЯaꟻ|Psyshock|p2a: Blissey
|-damage|p2a: Blissey|0 fnt
|faint|p2a: Blissey
|
|-fieldend|move: Trick Room
|upkeep
|
|t:|1760380488
|switch|p2a: Gliscor|Gliscor, M|100/100 tox
|turn|19
|
|t:|1760380490
|move|p2a: Gliscor|Knock Off|p1a: FaRiGiЯaꟻ
|-supereffective|p1a: FaRiGiЯaꟻ
|-damage|p1a: FaRiGiЯaꟻ|0 fnt
|-enditem|p1a: FaRiGiЯaꟻ|Weakness Policy|[from] move: Knock Off|[of] p2a: Gliscor
|faint|p1a: FaRiGiЯaꟻ
|
|upkeep
|
|t:|1760380499
|switch|p1a: a special boy|Porygon2|100/100
|-damage|p1a: a special boy|88/100|[from] Stealth Rock
|-ability|p1a: a special boy|Download|boost
|-boost|p1a: a special boy|spa|1
|turn|20
|
|t:|1760380506
|move|p2a: Gliscor|Knock Off|p1a: a special boy
|-damage|p1a: a special boy|75/100
|-enditem|p1a: a special boy|Eviolite|[from] move: Knock Off|[of] p2a: Gliscor
|move|p1a: a special boy|Tera Blast|p2a: Gliscor
|-damage|p2a: Gliscor|47/100 tox
|
|-heal|p2a: Gliscor|60/100 tox|[from] ability: Poison Heal
|upkeep
|turn|21
|
|t:|1760380514
|move|p2a: Gliscor|Protect|p2a: Gliscor
|-singleturn|p2a: Gliscor|Protect
|move|p1a: a special boy|Ice Beam|p2a: Gliscor
|-activate|p2a: Gliscor|move: Protect
|
|-heal|p2a: Gliscor|72/100 tox|[from] ability: Poison Heal
|upkeep
|turn|22
|
|t:|1760380519
|switch|p2a: Toxapex|Toxapex, M|100/100
|move|p1a: a special boy|Thunderbolt|p2a: Toxapex
|-supereffective|p2a: Toxapex
|-damage|p2a: Toxapex|49/100
|
|-heal|p2a: Toxapex|55/100|[from] item: Leftovers
|upkeep
|turn|23
|
|t:|1760380530
|move|p1a: a special boy|Thunderbolt|p2a: Toxapex
|-supereffective|p2a: Toxapex
|-damage|p2a: Toxapex|1/100
|move|p2a: Toxapex|Toxic|p1a: a special boy
|-status|p1a: a special boy|tox
|
|-heal|p2a: Toxapex|7/100|[from] item: Leftovers
|-damage|p1a: a special boy|68/100 tox|[from] psn
|upkeep
|turn|24
|
|t:|1760380537
|move|p1a: a special boy|Tera Blast|p2a: Toxapex
|-damage|p2a: Toxapex|0 fnt
|faint|p2a: Toxapex
|
|-damage|p1a: a special boy|56/100 tox|[from] psn
|upkeep
|
|t:|1760380552
|switch|p2a: Corviknight|Corviknight, M|59/100 brn
|-ability|p2a: Corviknight|Pressure
|turn|25
|
|t:|1760380556
|move|p2a: Corviknight|Roost|p2a: Corviknight
|-heal|p2a: Corviknight|100/100 brn
|-singleturn|p2a: Corviknight|move: Roost
|move|p1a: a special boy|Thunderbolt|p2a: Corviknight
|-damage|p2a: Corviknight|55/100 brn
|
|-heal|p2a: Corviknight|61/100 brn|[from] item: Leftovers
|-damage|p1a: a special boy|38/100 tox|[from] psn
|-damage|p2a: Corviknight|55/100 brn|[from] brn
|upkeep
|turn|26
|
|t:|1760380561
|move|p2a: Corviknight|Roost|p2a: Corviknight
|-heal|p2a: Corviknight|100/100 brn
|-singleturn|p2a: Corviknight|move: Roost
|move|p1a: a special boy|Recover|p1a: a special boy
|-heal|p1a: a special boy|88/100 tox
|
|-damage|p1a: a special boy|63/100 tox|[from] psn
|-damage|p2a: Corviknight|94/100 brn|[from] brn
|upkeep
|turn|27
|
|t:|1760380566
|move|p2a: Corviknight|Body Press|p1a: a special boy
|-supereffective|p1a: a special boy
|-damage|p1a: a special boy|39/100 tox
|move|p1a: a special boy|Thunderbolt|p2a: Corviknight
|-supereffective|p2a: Corviknight
|-damage|p2a: Corviknight|1/100 brn
|
|-heal|p2a: Corviknight|7/100 brn|[from] item: Leftovers
|-damage|p1a: a special boy|8/100 tox|[from] psn
|-damage|p2a: Corviknight|1/100 brn|[from] brn
|upkeep
|turn|28
|
|t:|1760380575
|move|p2a: Corviknight|Roost|p2a: Corviknight
|-heal|p2a: Corviknight|51/100 brn
|-singleturn|p2a: Corviknight|move: Roost
|move|p1a: a special boy|Thunderbolt|p2a: Corviknight
|-damage|p2a: Corviknight|6/100 brn
|
|-heal|p2a: Corviknight|13/100 brn|[from] item: Leftovers
|-damage|p1a: a special boy|0 fnt|[from] psn
|faint|p1a: a special boy
|-damage|p2a: Corviknight|6/100 brn|[from] brn
|upkeep
|
|t:|1760380580
|switch|p1a: Primarina|Primarina, M|100/100
|-damage|p1a: Primarina|88/100|[from] Stealth Rock
|turn|29
|
|t:|1760380585
|move|p2a: Corviknight|Body Press|p1a: Primarina
|-resisted|p1a: Primarina
|-damage|p1a: Primarina|81/100
|move|p1a: Primarina|Psychic Noise|p2a: Corviknight
|-damage|p2a: Corviknight|0 fnt
|faint|p2a: Corviknight
|
|upkeep
|
|t:|1760380593
|switch|p2a: Gliscor|Gliscor, M|72/100 tox
|turn|30
|
|t:|1760380598
|move|p2a: Gliscor|Protect|p2a: Gliscor
|-singleturn|p2a: Gliscor|Protect
|move|p1a: Primarina|Energy Ball|p2a: Gliscor
|-activate|p2a: Gliscor|move: Protect
|
|-heal|p2a: Gliscor|85/100 tox|[from] ability: Poison Heal
|upkeep
|turn|31
|
|t:|1760380601
|move|p2a: Gliscor|Knock Off|p1a: Primarina
|-resisted|p1a: Primarina
|-damage|p1a: Primarina|68/100
|-enditem|p1a: Primarina|Assault Vest|[from] move: Knock Off|[of] p2a: Gliscor
|move|p1a: Primarina|Psychic Noise|p2a: Gliscor
|-supereffective|p2a: Gliscor
|-crit|p2a: Gliscor
|-damage|p2a: Gliscor|0 fnt
|faint|p2a: Gliscor
|
|upkeep
|
|t:|1760380605
|switch|p2a: Weezing|Weezing-Galar, F|100/100
|-ability|p2a: Weezing|Neutralizing Gas
|turn|32
|
|t:|1760380608
|move|p2a: Weezing|Strange Steam|p1a: Primarina
|-damage|p1a: Primarina|44/100
|move|p1a: Primarina|Psychic Noise|p2a: Weezing
|-supereffective|p2a: Weezing
|-damage|p2a: Weezing|20/100
|-start|p2a: Weezing|move: Heal Block
|
|upkeep
|turn|33
|
|t:|1760380632
|move|p2a: Weezing|Strange Steam|p1a: Primarina
|-damage|p1a: Primarina|21/100
|move|p1a: Primarina|Psychic Noise|p2a: Weezing
|-supereffective|p2a: Weezing
|-damage|p2a: Weezing|0 fnt
|faint|p2a: Weezing
|-end|p2a: Weezing|ability: Neutralizing Gas
|
|upkeep
|
|t:|1760380634
|switch|p2a: Dondozo|Dondozo, M|100/100
|turn|34
|
|t:|1760380653
|move|p1a: Primarina|Energy Ball|p2a: Dondozo
|-supereffective|p2a: Dondozo
|-damage|p2a: Dondozo|40/100
|move|p2a: Dondozo|Curse|p2a: Dondozo
|-unboost|p2a: Dondozo|spe|1
|-boost|p2a: Dondozo|atk|1
|-boost|p2a: Dondozo|def|1
|
|-heal|p2a: Dondozo|46/100|[from] item: Leftovers
|upkeep
|turn|35
|
|t:|1760380662
|-terastallize|p2a: Dondozo|Dragon
|move|p1a: Primarina|Energy Ball|p2a: Dondozo
|-resisted|p2a: Dondozo
|-damage|p2a: Dondozo|30/100
|-unboost|p2a: Dondozo|spd|1
|move|p2a: Dondozo|Rest|p2a: Dondozo
|-status|p2a: Dondozo|slp|[from] move: Rest
|-heal|p2a: Dondozo|100/100 slp|[silent]
|
|upkeep
|turn|36
|
|t:|1760380667
|move|p1a: Primarina|Moonblast|p2a: Dondozo
|-supereffective|p2a: Dondozo
|-damage|p2a: Dondozo|0 fnt
|faint|p2a: Dondozo
|
|win|kittensnax
|raw|kittensnax's rating: 1565 &rarr; <strong>1588</strong><br />(+23 for winning)
|raw|hehedaruma2's rating: 1612 &rarr; <strong>1589</strong><br />(-23 for losing)
|l|☆hehedaruma2
|player|p2|
|l|☆kittensnax
|player|p1|
