|j|☆C7ry5tal
|j|☆lousiv
|t:|1760438593
|gametype|singles
|player|p1|C7ry5tal|flannery|1309
|player|p2|lousiv|guitarist|1336
|gen|9
|tier|[Gen 9] OU
|rated|
|rule|HP Percentage Mod: HP is shown in percentages
|rule|Endless Battle Clause: Forcing endless battles is banned
|rule|Species Clause: Limit one of each Pokémon
|rule|OHKO Clause: OHKO moves are banned
|rule|Evasion Items Clause: Evasion items are banned
|rule|Evasion Moves Clause: Evasion moves are banned
|rule|Evasion Abilities Clause: Evasion abilities are banned
|rule|Sleep Moves Clause: Sleep-inducing moves are banned
|clearpoke
|poke|p1|Clefable, F|
|poke|p1|Iron Crown|
|poke|p1|Tyranitar, M|
|poke|p1|Glimmora, F|
|poke|p1|Ogerpon-Wellspring, F|
|poke|p1|Zamazenta-*|
|poke|p2|Blissey, F|
|poke|p2|Sableye, F|
|poke|p2|Venusaur, F|
|poke|p2|Quagsire, M|
|poke|p2|Mandibuzz, F|
|poke|p2|Mienshao, F|
|teampreview
|inactive|Battle timer is ON: inactive players will automatically lose when time's up. (requested by lousiv)
|
|t:|1760438613
|teamsize|p1|6
|teamsize|p2|6
|start
|switch|p1a: Ogerpon|Ogerpon-Wellspring, F|100/100
|switch|p2a: Mienshao|Mienshao, F|100/100
|turn|1
|
|t:|1760438620
|move|p2a: Mienshao|U-turn|p1a: Ogerpon
|-supereffective|p1a: Ogerpon
|-damage|p1a: Ogerpon|30/100
|
|t:|1760438623
|switch|p2a: Mandibuzz|Mandibuzz, F|100/100|[from] U-turn
|move|p1a: Ogerpon|U-turn|p2a: Mandibuzz
|-damage|p2a: Mandibuzz|86/100
|
|t:|1760438634
|switch|p1a: Glimmora|Glimmora, F|100/100|[from] U-turn
|
|-heal|p2a: Mandibuzz|92/100|[from] item: Leftovers
|upkeep
|turn|2
|
|t:|1760438646
|switch|p2a: Quagsire|Quagsire, M|100/100
|move|p1a: Glimmora|Meteor Beam||[still]
|-prepare|p1a: Glimmora|Meteor Beam
|-boost|p1a: Glimmora|spa|1
|-enditem|p1a: Glimmora|Power Herb
|-anim|p1a: Glimmora|Meteor Beam|p2a: Quagsire
|-resisted|p2a: Quagsire
|-damage|p2a: Quagsire|64/100
|
|-heal|p2a: Quagsire|70/100|[from] item: Leftovers
|upkeep
|turn|3
|
|t:|1760438650
|move|p1a: Glimmora|Energy Ball|p2a: Quagsire
|-supereffective|p2a: Quagsire
|-crit|p2a: Quagsire
|-damage|p2a: Quagsire|0 fnt
|faint|p2a: Quagsire
|
|upkeep
|
|t:|1760438655
|switch|p2a: Mienshao|Mienshao, F|100/100
|turn|4
|
|t:|1760438660
|move|p2a: Mienshao|Close Combat|p1a: Glimmora
|-damage|p1a: Glimmora|25/100
|-unboost|p2a: Mienshao|def|1
|-unboost|p2a: Mienshao|spd|1
|-activate|p1a: Glimmora|ability: Toxic Debris
|-sidestart|p2: lousiv|move: Toxic Spikes
|move|p1a: Glimmora|Sludge Wave|p2a: Mienshao
|-damage|p2a: Mienshao|0 fnt
|faint|p2a: Mienshao
|
|upkeep
|
|t:|1760438668
|switch|p2a: Blissey|Blissey, F|100/100
|turn|5
|
|t:|1760438681
|move|p1a: Glimmora|Sludge Wave|p2a: Blissey
|-damage|p2a: Blissey|75/100
|move|p2a: Blissey|Seismic Toss|p1a: Glimmora
|-damage|p1a: Glimmora|0 fnt
|-activate|p1a: Glimmora|ability: Toxic Debris
|-sidestart|p2: lousiv|move: Toxic Spikes
|faint|p1a: Glimmora
|
|upkeep
|
|t:|1760438695
|switch|p1a: Clefable|Clefable, F|100/100
|turn|6
|
|t:|1760438699
|switch|p2a: Venusaur|Venusaur, F|100/100
|-sideend|p2: lousiv|move: Toxic Spikes|[of] p2a: Venusaur
|move|p1a: Clefable|Knock Off|p2a: Venusaur
|-crit|p2a: Venusaur
|-damage|p2a: Venusaur|81/100
|-enditem|p2a: Venusaur|Black Sludge|[from] move: Knock Off|[of] p1a: Clefable
|
|upkeep
|turn|7
|
|t:|1760438708
|move|p2a: Venusaur|Knock Off|p1a: Clefable
|-resisted|p1a: Clefable
|-crit|p1a: Clefable
|-damage|p1a: Clefable|91/100
|move|p1a: Clefable|Knock Off|p2a: Venusaur
|-damage|p2a: Venusaur|69/100
|
|upkeep
|turn|8
|inactive|C7ry5tal has 120 seconds left.
|
|t:|1760438741
|move|p2a: Venusaur|Sludge Bomb|p1a: Clefable
|-supereffective|p1a: Clefable
|-damage|p1a: Clefable|31/100
|-status|p1a: Clefable|psn
|move|p1a: Clefable|Moonblast|p2a: Venusaur
|-resisted|p2a: Venusaur
|-damage|p2a: Venusaur|55/100
|
|upkeep
|turn|9
|
|t:|1760438748
|switch|p1a: Tyranitar|Tyranitar, M|100/100
|-weather|Sandstorm|[from] ability: Sand Stream|[of] p1a: Tyranitar
|move|p2a: Venusaur|Giga Drain|p1a: Tyranitar
|-supereffective|p1a: Tyranitar
|-damage|p1a: Tyranitar|81/100
|-heal|p2a: Venusaur|66/100|[from] drain|[of] p1a: Tyranitar
|
|-weather|Sandstorm|[upkeep]
|-damage|p2a: Venusaur|60/100|[from] Sandstorm
|upkeep
|turn|10
|l|☆lousiv
|inactive|lousiv disconnected and has a minute to reconnect!
|player|p2|
|j|☆lousiv
|inactive|lousiv reconnected and has 110 seconds left.
|player|p2|lousiv|guitarist|
|inactive|C7ry5tal has 120 seconds left.
|
|t:|1760438810
|-terastallize|p1a: Tyranitar|Flying
|move|p2a: Venusaur|Synthesis|p2a: Venusaur
|-heal|p2a: Venusaur|85/100
|move|p1a: Tyranitar|Ice Punch|p2a: Venusaur
|-supereffective|p2a: Venusaur
|-damage|p2a: Venusaur|38/100
|
|-weather|Sandstorm|[upkeep]
|-damage|p2a: Venusaur|32/100|[from] Sandstorm
|-damage|p1a: Tyranitar|75/100|[from] Sandstorm
|upkeep
|turn|11
|
|t:|1760438819
|switch|p2a: Sableye|Sableye, F|100/100
|move|p1a: Tyranitar|Ice Punch|p2a: Sableye
|-damage|p2a: Sableye|71/100
|
|-weather|Sandstorm|[upkeep]
|-damage|p1a: Tyranitar|68/100|[from] Sandstorm
|-damage|p2a: Sableye|65/100|[from] Sandstorm
|-heal|p2a: Sableye|71/100|[from] item: Leftovers
|upkeep
|turn|12
|
|t:|1760438824
|switch|p1a: Clefable|Clefable, F|31/100 psn
|move|p2a: Sableye|Will-O-Wisp||[still]
|-fail|p2a: Sableye
|
|-weather|Sandstorm|[upkeep]
|-damage|p2a: Sableye|65/100|[from] Sandstorm
|-heal|p2a: Sableye|71/100|[from] item: Leftovers
|upkeep
|turn|13
|
|t:|1760438830
|switch|p2a: Venusaur|Venusaur, F|32/100
|move|p1a: Clefable|Wish|p1a: Clefable
|
|-weather|none
|upkeep
|turn|14
|
|t:|1760438837
|switch|p1a: Tyranitar|Tyranitar, M, tera:Flying|68/100
|-weather|Sandstorm|[from] ability: Sand Stream|[of] p1a: Tyranitar
|move|p2a: Venusaur|Synthesis|p2a: Venusaur
|-heal|p2a: Venusaur|57/100
|
|-weather|Sandstorm|[upkeep]
|-damage|p2a: Venusaur|51/100|[from] Sandstorm
|-damage|p1a: Tyranitar|62/100|[from] Sandstorm
|-heal|p1a: Tyranitar|100/100|[from] move: Wish|[wisher] Clefable
|upkeep
|turn|15
|
|t:|1760438846
|switch|p2a: Sableye|Sableye, F|71/100
|move|p1a: Tyranitar|Knock Off|p2a: Sableye
|-damage|p2a: Sableye|18/100
|-enditem|p2a: Sableye|Leftovers|[from] move: Knock Off|[of] p1a: Tyranitar
|
|-weather|Sandstorm|[upkeep]
|-damage|p1a: Tyranitar|94/100|[from] Sandstorm
|-damage|p2a: Sableye|12/100|[from] Sandstorm
|upkeep
|turn|16
|
|t:|1760438857
|move|p2a: Sableye|Recover|p2a: Sableye
|-heal|p2a: Sableye|62/100
|move|p1a: Tyranitar|Ice Punch|p2a: Sableye
|-damage|p2a: Sableye|33/100
|
|-weather|Sandstorm|[upkeep]
|-damage|p1a: Tyranitar|88/100|[from] Sandstorm
|-damage|p2a: Sableye|26/100|[from] Sandstorm
|upkeep
|turn|17
|inactive|lousiv has 120 seconds left.
|
|t:|1760438889
|move|p2a: Sableye|Recover|p2a: Sableye
|-heal|p2a: Sableye|76/100
|move|p1a: Tyranitar|Stone Edge|p2a: Sableye
|-damage|p2a: Sableye|23/100
|
|-weather|Sandstorm|[upkeep]
|-damage|p1a: Tyranitar|82/100|[from] Sandstorm
|-damage|p2a: Sableye|17/100|[from] Sandstorm
|upkeep
|turn|18
|
|t:|1760438899
|move|p2a: Sableye|Will-O-Wisp|p1a: Tyranitar
|-status|p1a: Tyranitar|brn
|move|p1a: Tyranitar|Stone Edge|p2a: Sableye
|-damage|p2a: Sableye|0 fnt
|faint|p2a: Sableye
|
|-weather|none
|-damage|p1a: Tyranitar|76/100 brn|[from] brn
|upkeep
|
|t:|1760438905
|switch|p2a: Venusaur|Venusaur, F|51/100
|turn|19
|
|t:|1760438913
|move|p2a: Venusaur|Knock Off|p1a: Tyranitar
|-damage|p1a: Tyranitar|62/100 brn
|-enditem|p1a: Tyranitar|Assault Vest|[from] move: Knock Off|[of] p2a: Venusaur
|move|p1a: Tyranitar|Ice Punch|p2a: Venusaur
|-supereffective|p2a: Venusaur
|-damage|p2a: Venusaur|29/100
|
|-damage|p1a: Tyranitar|56/100 brn|[from] brn
|upkeep
|turn|20
|
|t:|1760438923
|move|p2a: Venusaur|Synthesis|p2a: Venusaur
|-heal|p2a: Venusaur|79/100
|move|p1a: Tyranitar|Ice Punch|p2a: Venusaur
|-supereffective|p2a: Venusaur
|-damage|p2a: Venusaur|56/100
|
|-damage|p1a: Tyranitar|50/100 brn|[from] brn
|upkeep
|turn|21
|
|t:|1760438929
|move|p2a: Venusaur|Sludge Bomb|p1a: Tyranitar
|-damage|p1a: Tyranitar|25/100 brn
|move|p1a: Tyranitar|Ice Punch|p2a: Venusaur
|-supereffective|p2a: Venusaur
|-damage|p2a: Venusaur|35/100
|
|-damage|p1a: Tyranitar|18/100 brn|[from] brn
|upkeep
|turn|22
|
|t:|1760438933
|move|p2a: Venusaur|Synthesis|p2a: Venusaur
|-heal|p2a: Venusaur|85/100
|move|p1a: Tyranitar|Ice Punch|p2a: Venusaur
|-supereffective|p2a: Venusaur
|-damage|p2a: Venusaur|61/100
|
|-damage|p1a: Tyranitar|12/100 brn|[from] brn
|upkeep
|turn|23
|
|t:|1760438937
|move|p2a: Venusaur|Giga Drain|p1a: Tyranitar
|-resisted|p1a: Tyranitar
|-damage|p1a: Tyranitar|1/100 brn
|-heal|p2a: Venusaur|68/100|[from] drain|[of] p1a: Tyranitar
|move|p1a: Tyranitar|Ice Punch|p2a: Venusaur
|-supereffective|p2a: Venusaur
|-damage|p2a: Venusaur|46/100
|
|-damage|p1a: Tyranitar|0 fnt|[from] brn
|faint|p1a: Tyranitar
|upkeep
|
|t:|1760438949
|switch|p1a: Iron Crown|Iron Crown|100/100
|turn|24
|
|t:|1760438953
|switch|p2a: Blissey|Blissey, F|75/100
|move|p1a: Iron Crown|Volt Switch|p2a: Blissey
|-damage|p2a: Blissey|62/100
|
|t:|1760438962
|-end|p1a: Iron Crown|Quark Drive|[silent]
|switch|p1a: Clefable|Clefable, F|31/100 psn|[from] Volt Switch
|
|upkeep
|turn|25
|
|t:|1760438979
|move|p2a: Blissey|Seismic Toss|p1a: Clefable
|-damage|p1a: Clefable|6/100 psn
|move|p1a: Clefable|Wish|p1a: Clefable
|
|upkeep
|turn|26
|
|t:|1760438986
|switch|p1a: Ogerpon|Ogerpon-Wellspring, F|30/100
|move|p2a: Blissey|Seismic Toss|p1a: Ogerpon
|-damage|p1a: Ogerpon|0 fnt
|faint|p1a: Ogerpon
|
|upkeep
|
|t:|1760438996
|switch|p1a: Iron Crown|Iron Crown|100/100
|turn|27
|
|t:|1760439009
|move|p1a: Iron Crown|Tachyon Cutter|p2a: Blissey
|-damage|p2a: Blissey|49/100
|-damage|p2a: Blissey|34/100
|-hitcount|p2a: Blissey|2
|move|p2a: Blissey|Soft-Boiled|p2a: Blissey
|-heal|p2a: Blissey|84/100
|
|upkeep
|turn|28
|
|t:|1760439023
|-end|p1a: Iron Crown|Quark Drive|[silent]
|switch|p1a: Clefable|Clefable, F|6/100 psn
|move|p2a: Blissey|Thunder Wave||[still]
|-fail|p2a: Blissey
|
|upkeep
|turn|29
|
|t:|1760439027
|move|p2a: Blissey|Stealth Rock|p1a: Clefable
|-sidestart|p1: C7ry5tal|move: Stealth Rock
|move|p1a: Clefable|Wish|p1a: Clefable
|
|upkeep
|turn|30
|
|t:|1760439032
|move|p2a: Blissey|Seismic Toss|p1a: Clefable
|-damage|p1a: Clefable|0 fnt
|faint|p1a: Clefable
|
|upkeep
|
|t:|1760439034
|switch|p1a: Zamazenta|Zamazenta|100/100
|-damage|p1a: Zamazenta|94/100|[from] Stealth Rock
|-ability|p1a: Zamazenta|Dauntless Shield|boost
|-boost|p1a: Zamazenta|def|1
|turn|31
|
|t:|1760439047
|switch|p2a: Venusaur|Venusaur, F|46/100
|move|p1a: Zamazenta|Heavy Slam|p2a: Venusaur
|-damage|p2a: Venusaur|25/100
|
|upkeep
|turn|32
|inactive|lousiv has 120 seconds left.
|
|t:|1760439107
|switch|p1a: Iron Crown|Iron Crown|100/100
|-damage|p1a: Iron Crown|94/100|[from] Stealth Rock
|move|p2a: Venusaur|Giga Drain|p1a: Iron Crown
|-resisted|p1a: Iron Crown
|-damage|p1a: Iron Crown|76/100
|-heal|p2a: Venusaur|33/100|[from] drain|[of] p1a: Iron Crown
|
|upkeep
|turn|33
|
|t:|1760439119
|switch|p2a: Blissey|Blissey, F|84/100
|move|p1a: Iron Crown|Volt Switch|p2a: Blissey
|-crit|p2a: Blissey
|-damage|p2a: Blissey|63/100
|
|t:|1760439121
|-end|p1a: Iron Crown|Quark Drive|[silent]
|switch|p1a: Zamazenta|Zamazenta|94/100|[from] Volt Switch
|-damage|p1a: Zamazenta|88/100|[from] Stealth Rock
|
|upkeep
|turn|34
|
|t:|1760439135
|switch|p2a: Mandibuzz|Mandibuzz, F|92/100
|move|p1a: Zamazenta|Close Combat|p2a: Mandibuzz
|-damage|p2a: Mandibuzz|38/100
|-unboost|p1a: Zamazenta|def|1
|-unboost|p1a: Zamazenta|spd|1
|
|-heal|p2a: Mandibuzz|44/100|[from] item: Leftovers
|upkeep
|turn|35
|
|t:|1760439140
|-terastallize|p2a: Mandibuzz|Fairy
|move|p1a: Zamazenta|Close Combat|p2a: Mandibuzz
|-resisted|p2a: Mandibuzz
|-damage|p2a: Mandibuzz|18/100
|-unboost|p1a: Zamazenta|def|1
|-unboost|p1a: Zamazenta|spd|1
|move|p2a: Mandibuzz|Toxic|p1a: Zamazenta
|-status|p1a: Zamazenta|tox
|
|-heal|p2a: Mandibuzz|24/100|[from] item: Leftovers
|-damage|p1a: Zamazenta|82/100 tox|[from] psn
|upkeep
|turn|36
|inactive|lousiv has 120 seconds left.
|
|t:|1760439147
|move|p1a: Zamazenta|Close Combat|p2a: Mandibuzz
|-resisted|p2a: Mandibuzz
|-damage|p2a: Mandibuzz|0 fnt
|-unboost|p1a: Zamazenta|def|1
|-unboost|p1a: Zamazenta|spd|1
|faint|p2a: Mandibuzz
|
|-damage|p1a: Zamazenta|70/100 tox|[from] psn
|upkeep
|
|t:|1760439151
|switch|p2a: Venusaur|Venusaur, F|33/100
|turn|37
|
|t:|1760439157
|move|p1a: Zamazenta|Close Combat|p2a: Venusaur
|-resisted|p2a: Venusaur
|-damage|p2a: Venusaur|0 fnt
|-unboost|p1a: Zamazenta|def|1
|-unboost|p1a: Zamazenta|spd|1
|faint|p2a: Venusaur
|
|-damage|p1a: Zamazenta|51/100 tox|[from] psn
|upkeep
|
|t:|1760439160
|switch|p2a: Blissey|Blissey, F|63/100
|turn|38
|
|t:|1760439163
|move|p1a: Zamazenta|Close Combat|p2a: Blissey
|-supereffective|p2a: Blissey
|-damage|p2a: Blissey|0 fnt
|-unboost|p1a: Zamazenta|def|1
|-unboost|p1a: Zamazenta|spd|1
|faint|p2a: Blissey
|
|win|C7ry5tal
|raw|C7ry5tal's rating: 1309 &rarr; <strong>1331</strong><br />(+22 for winning)
|raw|lousiv's rating: 1336 &rarr; <strong>1314</strong><br />(-22 for losing)
|l|☆lousiv
|player|p2|
|l|☆C7ry5tal
|player|p1|
