|j|☆Spencer00
|j|☆iska228
|t:|1760366374
|gametype|singles
|player|p1|Spencer00|265|1083
|player|p2|iska228|hoopster|1114
|gen|9
|tier|[Gen 9] OU
|rated|
|rule|HP Percentage Mod: HP is shown in percentages
|rule|Endless Battle Clause: Forcing endless battles is banned
|rule|Species Clause: Limit one of each Pokémon
|rule|OHKO Clause: OHKO moves are banned
|rule|Evasion Items Clause: Evasion items are banned
|rule|Evasion Moves Clause: Evasion moves are banned
|rule|Evasion Abilities Clause: Evasion abilities are banned
|rule|Sleep Moves Clause: Sleep-inducing moves are banned
|clearpoke
|poke|p1|Gliscor, M|
|poke|p1|Araquanid, M|
|poke|p1|Deoxys-Speed|
|poke|p1|Garchomp, F|
|poke|p1|Clefable, M|
|poke|p1|Haunter, F|
|poke|p2|Kingambit, F|
|poke|p2|Porygon-Z|
|poke|p2|Forretress, F|
|poke|p2|Clodsire, F|
|poke|p2|Weavile, F|
|poke|p2|Lucario, F|
|teampreview
|
|t:|1760366381
|teamsize|p1|6
|teamsize|p2|6
|start
|switch|p1a: Araquanid|Araquanid, M|100/100
|switch|p2a: Forretress|Forretress, F|100/100
|turn|1
|
|t:|1760366392
|move|p1a: Araquanid|Sticky Web|p2a: Forretress
|-sidestart|p2: iska228|move: Sticky Web
|move|p2a: Forretress|Stealth Rock|p1a: Araquanid
|-sidestart|p1: Spencer00|move: Stealth Rock
|
|upkeep
|turn|2
|
|t:|1760366403
|move|p1a: Araquanid|Chilling Water|p2a: Forretress
|-damage|p2a: Forretress|78/100
|-unboost|p2a: Forretress|atk|1
|move|p2a: Forretress|Rapid Spin|p1a: Araquanid
|-damage|p1a: Araquanid|93/100
|-boost|p2a: Forretress|spe|1
|-sideend|p2: iska228|Sticky Web|[from] move: Rapid Spin|[of] p2a: Forretress
|
|-heal|p2a: Forretress|84/100|[from] item: Leftovers
|-heal|p1a: Araquanid|99/100|[from] item: Leftovers
|upkeep
|turn|3
|
|t:|1760366412
|move|p2a: Forretress|Spikes|p1a: Araquanid
|-sidestart|p1: Spencer00|Spikes
|move|p1a: Araquanid|Chilling Water|p2a: Forretress
|-damage|p2a: Forretress|63/100
|-unboost|p2a: Forretress|atk|1
|
|-heal|p2a: Forretress|69/100|[from] item: Leftovers
|-heal|p1a: Araquanid|100/100|[from] item: Leftovers
|upkeep
|turn|4
|
|t:|1760366419
|move|p2a: Forretress|Spikes|p1a: Araquanid
|-sidestart|p1: Spencer00|Spikes
|move|p1a: Araquanid|Sticky Web|p2a: Forretress
|-sidestart|p2: iska228|move: Sticky Web
|
|-heal|p2a: Forretress|75/100|[from] item: Leftovers
|upkeep
|turn|5
|
|t:|1760366431
|switch|p1a: Haunter|Haunter, F|100/100
|-damage|p1a: Haunter|88/100|[from] Stealth Rock
|move|p2a: Forretress|Rapid Spin|p1a: Haunter
|-immune|p1a: Haunter
|
|-heal|p2a: Forretress|81/100|[from] item: Leftovers
|upkeep
|turn|6
|
|t:|1760366438
|move|p1a: Haunter|Taunt|p2a: Forretress
|-start|p2a: Forretress|move: Taunt
|cant|p2a: Forretress|move: Taunt|Spikes
|
|-heal|p2a: Forretress|88/100|[from] item: Leftovers
|upkeep
|turn|7
|
|t:|1760366456
|switch|p2a: Clodsire|Clodsire, F|100/100
|-activate|p2a: Clodsire|move: Sticky Web
|-unboost|p2a: Clodsire|spe|1
|move|p1a: Haunter|Disable||[still]
|-fail|p1a: Haunter
|
|upkeep
|turn|8
|
|t:|1760366475
|switch|p1a: Gliscor|Gliscor, M|100/100
|-damage|p1a: Gliscor|88/100|[from] Stealth Rock
|move|p2a: Clodsire|Poison Jab|p1a: Gliscor
|-resisted|p1a: Gliscor
|-damage|p1a: Gliscor|81/100
|-status|p1a: Gliscor|psn
|
|-heal|p1a: Gliscor|93/100 psn|[from] ability: Poison Heal
|upkeep
|turn|9
|
|t:|1760366488
|switch|p2a: Forretress|Forretress, F|88/100
|-activate|p2a: Forretress|move: Sticky Web
|-unboost|p2a: Forretress|spe|1
|move|p1a: Gliscor|Knock Off|p2a: Forretress
|-damage|p2a: Forretress|76/100
|-enditem|p2a: Forretress|Leftovers|[from] move: Knock Off|[of] p1a: Gliscor
|
|-heal|p1a: Gliscor|100/100 psn|[from] ability: Poison Heal
|upkeep
|turn|10
|
|t:|1760366499
|-terastallize|p1a: Gliscor|Ground
|move|p1a: Gliscor|Earthquake|p2a: Forretress
|-damage|p2a: Forretress|52/100
|move|p2a: Forretress|Rapid Spin|p1a: Gliscor
|-damage|p1a: Gliscor|94/100 psn
|-boost|p2a: Forretress|spe|1
|-sideend|p2: iska228|Sticky Web|[from] move: Rapid Spin|[of] p2a: Forretress
|
|-heal|p1a: Gliscor|100/100 psn|[from] ability: Poison Heal
|upkeep
|turn|11
|
|t:|1760366508
|move|p1a: Gliscor|Earthquake|p2a: Forretress
|-damage|p2a: Forretress|29/100
|move|p2a: Forretress|Spikes|p1a: Gliscor
|-sidestart|p1: Spencer00|Spikes
|
|upkeep
|turn|12
|inactive|Battle timer is ON: inactive players will automatically lose when time's up. (requested by Spencer00)
|
|t:|1760366536
|switch|p2a: Weavile|Weavile, F|100/100
|-ability|p2a: Weavile|Pressure
|move|p1a: Gliscor|Earthquake|p2a: Weavile
|-damage|p2a: Weavile|30/100
|
|upkeep
|turn|13
|
|t:|1760366551
|move|p2a: Weavile|Icicle Spear|p1a: Gliscor
|-supereffective|p1a: Gliscor
|-damage|p1a: Gliscor|85/100 psn
|-supereffective|p1a: Gliscor
|-crit|p1a: Gliscor
|-damage|p1a: Gliscor|63/100 psn
|-supereffective|p1a: Gliscor
|-damage|p1a: Gliscor|47/100 psn
|-supereffective|p1a: Gliscor
|-damage|p1a: Gliscor|30/100 psn
|-hitcount|p1a: Gliscor|4
|move|p1a: Gliscor|Earthquake|p2a: Weavile
|-damage|p2a: Weavile|0 fnt
|faint|p2a: Weavile
|
|-heal|p1a: Gliscor|42/100 psn|[from] ability: Poison Heal
|upkeep
|
|t:|1760366567
|switch|p2a: Porygon-Z|Porygon-Z|100/100
|turn|14
|
|t:|1760366570
|move|p1a: Gliscor|Protect|p1a: Gliscor
|-singleturn|p1a: Gliscor|Protect
|move|p2a: Porygon-Z|Ice Beam|p1a: Gliscor
|-activate|p1a: Gliscor|move: Protect
|
|-heal|p1a: Gliscor|55/100 psn|[from] ability: Poison Heal
|upkeep
|turn|15
|
|t:|1760366577
|move|p2a: Porygon-Z|Ice Beam|p1a: Gliscor
|-supereffective|p1a: Gliscor
|-damage|p1a: Gliscor|0 fnt
|faint|p1a: Gliscor
|
|upkeep
|
|t:|1760366590
|switch|p1a: Garchomp|Garchomp, F|100/100
|-damage|p1a: Garchomp|94/100|[from] Stealth Rock
|-damage|p1a: Garchomp|69/100|[from] Spikes
|turn|16
|
|t:|1760366596
|move|p1a: Garchomp|Earthquake|p2a: Porygon-Z
|-damage|p2a: Porygon-Z|24/100
|move|p2a: Porygon-Z|Ice Beam|p1a: Garchomp
|-supereffective|p1a: Garchomp
|-damage|p1a: Garchomp|0 fnt
|faint|p1a: Garchomp
|
|upkeep
|
|t:|1760366611
|switch|p1a: Deoxys|Deoxys-Speed|100/100
|-damage|p1a: Deoxys|88/100|[from] Stealth Rock
|-damage|p1a: Deoxys|63/100|[from] Spikes
|-ability|p1a: Deoxys|Pressure
|turn|17
|
|t:|1760366632
|move|p1a: Deoxys|Meteor Beam||[still]
|-prepare|p1a: Deoxys|Meteor Beam
|-boost|p1a: Deoxys|spa|1
|move|p2a: Porygon-Z|Ice Beam|p1a: Deoxys
|-damage|p1a: Deoxys|0 fnt
|faint|p1a: Deoxys
|
|upkeep
|-message|Spencer00 forfeited.
|
|win|iska228
|raw|Spencer00's rating: 1083 &rarr; <strong>1063</strong><br />(-20 for losing)
|raw|iska228's rating: 1114 &rarr; <strong>1137</strong><br />(+23 for winning)
|l|☆Spencer00
|player|p1|
|l|☆iska228
|player|p2|
