|j|☆Darkgorim
|j|☆AdrianPoop1234
|t:|1760304373
|gametype|singles
|player|p1|Darkgorim|169|1295
|player|p2|AdrianPoop1234|1|1303
|gen|9
|tier|[Gen 9] OU
|rated|
|rule|HP Percentage Mod: HP is shown in percentages
|rule|Endless Battle Clause: Forcing endless battles is banned
|rule|Species Clause: Limit one of each Pokémon
|rule|OHKO Clause: OHKO moves are banned
|rule|Evasion Items Clause: Evasion items are banned
|rule|Evasion Moves Clause: Evasion moves are banned
|rule|Evasion Abilities Clause: Evasion abilities are banned
|rule|Sleep Moves Clause: Sleep-inducing moves are banned
|clearpoke
|poke|p1|Tyranitar, M|
|poke|p1|Garchomp, F|
|poke|p1|Weezing, F|
|poke|p1|Sylveon, F|
|poke|p1|Rotom-Wash|
|poke|p1|Chandelure, M|
|poke|p2|Lokix, F|
|poke|p2|Scizor, M|
|poke|p2|Iron Moth|
|poke|p2|Torkoal, F|
|poke|p2|Walking Wake|
|poke|p2|Kingambit, M|
|teampreview
|
|t:|1760304394
|teamsize|p1|6
|teamsize|p2|6
|start
|switch|p1a: Rotom|Rotom-Wash|100/100
|switch|p2a: Lokix|Lokix, F, shiny|100/100
|turn|1
|
|t:|1760304408
|move|p2a: Lokix|U-turn|p1a: Rotom
|-damage|p1a: Rotom|36/100
|
|t:|1760304412
|switch|p2a: Torkoal|Torkoal, F, shiny|100/100|[from] U-turn
|-weather|SunnyDay|[from] ability: Drought|[of] p2a: Torkoal
|move|p1a: Rotom|Volt Switch|p2a: Torkoal
|-damage|p2a: Torkoal|35/100
|
|t:|1760304420
|switch|p1a: Garchomp|Garchomp, F|100/100|[from] Volt Switch
|
|-weather|SunnyDay|[upkeep]
|upkeep
|turn|2
|
|t:|1760304428
|move|p1a: Garchomp|Swords Dance|p1a: Garchomp
|-boost|p1a: Garchomp|atk|2
|move|p2a: Torkoal|Stealth Rock|p1a: Garchomp
|-sidestart|p1: Darkgorim|move: Stealth Rock
|
|-weather|SunnyDay|[upkeep]
|upkeep
|turn|3
|
|t:|1760304437
|move|p1a: Garchomp|Dragon Claw|p2a: Torkoal
|-damage|p2a: Torkoal|0 fnt
|faint|p2a: Torkoal
|-damage|p1a: Garchomp|91/100|[from] item: Life Orb
|
|-weather|SunnyDay|[upkeep]
|upkeep
|
|t:|1760304446
|switch|p2a: Iron Moth|Iron Moth, shiny|100/100
|-enditem|p2a: Iron Moth|Booster Energy
|-activate|p2a: Iron Moth|ability: Quark Drive|[fromitem]
|-start|p2a: Iron Moth|quarkdrivespe
|turn|4
|
|t:|1760304452
|-terastallize|p2a: Iron Moth|Grass
|move|p2a: Iron Moth|Fiery Dance|p1a: Garchomp
|-resisted|p1a: Garchomp
|-damage|p1a: Garchomp|59/100
|move|p1a: Garchomp|Earthquake|p2a: Iron Moth
|-resisted|p2a: Iron Moth
|-damage|p2a: Iron Moth|0 fnt
|faint|p2a: Iron Moth
|-end|p2a: Iron Moth|Quark Drive|[silent]
|-damage|p1a: Garchomp|49/100|[from] item: Life Orb
|
|-weather|SunnyDay|[upkeep]
|upkeep
|
|t:|1760304462
|switch|p2a: Lokix|Lokix, F, shiny|100/100
|turn|5
|
|t:|1760304470
|move|p2a: Lokix|First Impression|p1a: Garchomp
|-crit|p1a: Garchomp
|-damage|p1a: Garchomp|0 fnt
|-damage|p2a: Lokix|88/100|[from] ability: Rough Skin|[of] p1a: Garchomp
|faint|p1a: Garchomp
|
|-weather|SunnyDay|[upkeep]
|upkeep
|
|t:|1760304482
|switch|p1a: Weezing|Weezing, F|100/100
|-damage|p1a: Weezing|88/100|[from] Stealth Rock
|turn|6
|inactive|Battle timer is ON: inactive players will automatically lose when time's up. (requested by AdrianPoop1234)
|
|t:|1760304487
|switch|p2a: Scizor|Scizor, M, shiny|100/100
|move|p1a: Weezing|Will-O-Wisp|p2a: Scizor
|-status|p2a: Scizor|brn
|
|-weather|SunnyDay|[upkeep]
|-heal|p1a: Weezing|94/100|[from] item: Black Sludge
|-damage|p2a: Scizor|94/100 brn|[from] brn
|upkeep
|turn|7
|
|t:|1760304504
|move|p2a: Scizor|Bullet Punch|p1a: Weezing
|-damage|p1a: Weezing|77/100
|move|p1a: Weezing|Pain Split|p2a: Scizor
|-sethp|p2a: Scizor|93/100 brn|[from] move: Pain Split|[silent]
|-sethp|p1a: Weezing|78/100|[from] move: Pain Split
|
|-weather|SunnyDay|[upkeep]
|-heal|p1a: Weezing|84/100|[from] item: Black Sludge
|-damage|p2a: Scizor|87/100 brn|[from] brn
|upkeep
|turn|8
|inactive|Darkgorim has 120 seconds left.
|
|t:|1760304530
|switch|p2a: Walking Wake|Walking Wake|100/100
|-activate|p2a: Walking Wake|ability: Protosynthesis
|-start|p2a: Walking Wake|protosynthesisspa
|switch|p1a: Rotom|Rotom-Wash|36/100
|-damage|p1a: Rotom|23/100|[from] Stealth Rock
|
|-weather|none
|-end|p2a: Walking Wake|Protosynthesis
|upkeep
|turn|9
|inactive|Darkgorim has 120 seconds left.
|
|t:|1760304541
|move|p2a: Walking Wake|Flamethrower|p1a: Rotom
|-resisted|p1a: Rotom
|-damage|p1a: Rotom|0 fnt
|faint|p1a: Rotom
|-damage|p2a: Walking Wake|91/100|[from] item: Life Orb
|
|upkeep
|inactive|Darkgorim has 120 seconds left.
|
|t:|1760304548
|switch|p1a: Sylveon|Sylveon, F|100/100
|-damage|p1a: Sylveon|88/100|[from] Stealth Rock
|turn|10
|
|t:|1760304554
|-end|p2a: Walking Wake|Protosynthesis|[silent]
|switch|p2a: Scizor|Scizor, M, shiny|87/100 brn
|move|p1a: Sylveon|Hyper Voice|p2a: Scizor
|-resisted|p2a: Scizor
|-damage|p2a: Scizor|55/100 brn
|
|-heal|p1a: Sylveon|94/100|[from] item: Leftovers
|-damage|p2a: Scizor|49/100 brn|[from] brn
|upkeep
|turn|11
|
|t:|1760304565
|move|p2a: Scizor|Bullet Punch|p1a: Sylveon
|-supereffective|p1a: Sylveon
|-damage|p1a: Sylveon|32/100
|move|p1a: Sylveon|Calm Mind|p1a: Sylveon
|-boost|p1a: Sylveon|spa|1
|-boost|p1a: Sylveon|spd|1
|
|-heal|p1a: Sylveon|39/100|[from] item: Leftovers
|-damage|p2a: Scizor|43/100 brn|[from] brn
|upkeep
|turn|12
|
|t:|1760304575
|move|p1a: Sylveon|Protect|p1a: Sylveon
|-singleturn|p1a: Sylveon|Protect
|move|p2a: Scizor|Bullet Punch|p1a: Sylveon
|-activate|p1a: Sylveon|move: Protect
|
|-heal|p1a: Sylveon|45/100|[from] item: Leftovers
|-damage|p2a: Scizor|37/100 brn|[from] brn
|upkeep
|turn|13
|
|t:|1760304585
|-terastallize|p1a: Sylveon|Steel
|move|p2a: Scizor|Bullet Punch|p1a: Sylveon
|-resisted|p1a: Sylveon
|-damage|p1a: Sylveon|30/100
|move|p1a: Sylveon|Wish|p1a: Sylveon
|
|-heal|p1a: Sylveon|36/100|[from] item: Leftovers
|-damage|p2a: Scizor|31/100 brn|[from] brn
|upkeep
|turn|14
|
|t:|1760304595
|switch|p2a: Walking Wake|Walking Wake|91/100
|move|p1a: Sylveon|Calm Mind|p1a: Sylveon
|-boost|p1a: Sylveon|spa|1
|-boost|p1a: Sylveon|spd|1
|
|-heal|p1a: Sylveon|86/100|[from] move: Wish|[wisher] Sylveon
|-heal|p1a: Sylveon|92/100|[from] item: Leftovers
|upkeep
|turn|15
|
|t:|1760304605
|move|p2a: Walking Wake|Flamethrower|p1a: Sylveon
|-supereffective|p1a: Sylveon
|-damage|p1a: Sylveon|72/100
|-damage|p2a: Walking Wake|81/100|[from] item: Life Orb
|move|p1a: Sylveon|Hyper Voice|p2a: Walking Wake
|-supereffective|p2a: Walking Wake
|-damage|p2a: Walking Wake|0 fnt
|faint|p2a: Walking Wake
|-end|p2a: Walking Wake|Protosynthesis|[silent]
|
|-heal|p1a: Sylveon|78/100|[from] item: Leftovers
|upkeep
|
|t:|1760304610
|switch|p2a: Kingambit|Kingambit, M, shiny|100/100
|-activate|p2a: Kingambit|ability: Supreme Overlord
|-start|p2a: Kingambit|fallen3|[silent]
|turn|16
|
|t:|1760304627
|move|p1a: Sylveon|Hyper Voice|p2a: Kingambit
|-damage|p2a: Kingambit|51/100
|move|p2a: Kingambit|Brick Break|p1a: Sylveon
|-supereffective|p1a: Sylveon
|-damage|p1a: Sylveon|0 fnt
|faint|p1a: Sylveon
|
|upkeep
|
|t:|1760304635
|switch|p1a: Weezing|Weezing, F|84/100
|-damage|p1a: Weezing|72/100|[from] Stealth Rock
|turn|17
|
|t:|1760304641
|move|p1a: Weezing|Will-O-Wisp|p2a: Kingambit
|-status|p2a: Kingambit|brn
|move|p2a: Kingambit|Iron Head|p1a: Weezing
|-damage|p1a: Weezing|51/100
|
|-heal|p1a: Weezing|57/100|[from] item: Black Sludge
|-damage|p2a: Kingambit|45/100 brn|[from] brn
|upkeep
|turn|18
|
|t:|1760304667
|move|p1a: Weezing|Pain Split|p2a: Kingambit
|-sethp|p2a: Kingambit|46/100 brn|[from] move: Pain Split|[silent]
|-sethp|p1a: Weezing|56/100|[from] move: Pain Split
|move|p2a: Kingambit|Iron Head|p1a: Weezing
|-damage|p1a: Weezing|35/100
|
|-heal|p1a: Weezing|41/100|[from] item: Black Sludge
|-damage|p2a: Kingambit|40/100 brn|[from] brn
|upkeep
|turn|19
|inactive|Darkgorim has 120 seconds left.
|
|t:|1760304682
|move|p1a: Weezing|Pain Split|p2a: Kingambit
|-sethp|p2a: Kingambit|37/100 brn|[from] move: Pain Split|[silent]
|-sethp|p1a: Weezing|45/100|[from] move: Pain Split
|move|p2a: Kingambit|Iron Head|p1a: Weezing
|-damage|p1a: Weezing|26/100
|
|-heal|p1a: Weezing|32/100|[from] item: Black Sludge
|-damage|p2a: Kingambit|31/100 brn|[from] brn
|upkeep
|turn|20
|inactive|Darkgorim has 120 seconds left.
|
|t:|1760304692
|move|p1a: Weezing|Pain Split|p2a: Kingambit
|-sethp|p2a: Kingambit|28/100 brn|[from] move: Pain Split|[silent]
|-sethp|p1a: Weezing|34/100|[from] move: Pain Split
|move|p2a: Kingambit|Iron Head|p1a: Weezing
|-damage|p1a: Weezing|13/100
|
|-heal|p1a: Weezing|19/100|[from] item: Black Sludge
|-damage|p2a: Kingambit|22/100 brn|[from] brn
|upkeep
|turn|21
|inactive|Darkgorim has 120 seconds left.
|
|t:|1760304710
|move|p1a: Weezing|Sludge Bomb|p2a: Kingambit
|-immune|p2a: Kingambit
|move|p2a: Kingambit|Iron Head|p1a: Weezing
|-damage|p1a: Weezing|0 fnt
|faint|p1a: Weezing
|
|-damage|p2a: Kingambit|16/100 brn|[from] brn
|upkeep
|
|t:|1760304722
|switch|p1a: Tyranitar|Tyranitar, M|100/100
|-damage|p1a: Tyranitar|88/100|[from] Stealth Rock
|-weather|Sandstorm|[from] ability: Sand Stream|[of] p1a: Tyranitar
|turn|22
|
|t:|1760304730
|move|p1a: Tyranitar|Earthquake|p2a: Kingambit
|-supereffective|p2a: Kingambit
|-damage|p2a: Kingambit|0 fnt
|faint|p2a: Kingambit
|-end|p2a: Kingambit|fallen3|[silent]
|
|-weather|Sandstorm|[upkeep]
|upkeep
|
|t:|1760304733
|switch|p2a: Lokix|Lokix, F, shiny|88/100
|turn|23
|inactive|Darkgorim has 120 seconds left.
|
|t:|1760304745
|move|p2a: Lokix|First Impression|p1a: Tyranitar
|-supereffective|p1a: Tyranitar
|-damage|p1a: Tyranitar|0 fnt
|faint|p1a: Tyranitar
|
|-weather|Sandstorm|[upkeep]
|-damage|p2a: Lokix|82/100|[from] Sandstorm
|upkeep
|inactive|Darkgorim has 120 seconds left.
|
|t:|1760304752
|switch|p1a: Chandelure|Chandelure, M, shiny|100/100
|-damage|p1a: Chandelure|76/100|[from] Stealth Rock
|turn|24
|
|t:|1760304758
|switch|p2a: Scizor|Scizor, M, shiny|31/100 brn
|move|p1a: Chandelure|Flamethrower|p2a: Scizor
|-supereffective|p2a: Scizor
|-damage|p2a: Scizor|0 fnt
|faint|p2a: Scizor
|
|-weather|Sandstorm|[upkeep]
|-damage|p1a: Chandelure|69/100|[from] Sandstorm
|upkeep
|
|t:|1760304759
|switch|p2a: Lokix|Lokix, F, shiny|82/100
|turn|25
|
|t:|1760304771
|move|p1a: Chandelure|Flamethrower|p2a: Lokix
|-supereffective|p2a: Lokix
|-damage|p2a: Lokix|0 fnt
|faint|p2a: Lokix
|
|win|Darkgorim
|raw|Darkgorim's rating: 1295 &rarr; <strong>1321</strong><br />(+26 for winning)
|raw|AdrianPoop1234's rating: 1303 &rarr; <strong>1283</strong><br />(-20 for losing)
|l|☆AdrianPoop1234
|player|p2|
|l|☆Darkgorim
|player|p1|
