|j|☆Pepinillovasi
|j|☆deoxysdagger
|t:|1760391011
|gametype|singles
|player|p1|Pepinillovasi|barry|1535
|player|p2|deoxysdagger|artist|1583
|gen|9
|tier|[Gen 9] OU
|rated|
|rule|HP Percentage Mod: HP is shown in percentages
|rule|Endless Battle Clause: Forcing endless battles is banned
|rule|Species Clause: Limit one of each Pokémon
|rule|OHKO Clause: OHKO moves are banned
|rule|Evasion Items Clause: Evasion items are banned
|rule|Evasion Moves Clause: Evasion moves are banned
|rule|Evasion Abilities Clause: Evasion abilities are banned
|rule|Sleep Moves Clause: Sleep-inducing moves are banned
|clearpoke
|poke|p1|Samurott-Hisui, F|
|poke|p1|Glimmora, F|
|poke|p1|Landorus-Therian, M|
|poke|p1|Slither Wing|
|poke|p1|Gholdengo|
|poke|p1|Ogerpon, F|
|poke|p2|Cinderace, M|
|poke|p2|Kingambit, M|
|poke|p2|Raging Bolt|
|poke|p2|Dragonite, F|
|poke|p2|Kyurem|
|poke|p2|Meowscarada, F|
|teampreview
|
|t:|1760391031
|teamsize|p1|6
|teamsize|p2|6
|start
|switch|p1a: Samurott|Samurott-Hisui, F|100/100
|switch|p2a: Meowscarada|Meowscarada, F|100/100
|turn|1
|
|t:|1760391036
|move|p2a: Meowscarada|Flower Trick|p1a: Samurott
|-start|p2a: Meowscarada|typechange|Grass|[from] ability: Protean
|-supereffective|p1a: Samurott
|-crit|p1a: Samurott
|-damage|p1a: Samurott|0 fnt
|faint|p1a: Samurott
|
|upkeep
|
|t:|1760391048
|switch|p1a: Slither Wing|Slither Wing, shiny|100/100
|turn|2
|
|t:|1760391052
|switch|p2a: Cinderace|Cinderace, M|100/100
|move|p1a: Slither Wing|U-turn|p2a: Cinderace
|-resisted|p2a: Cinderace
|-damage|p2a: Cinderace|76/100
|
|t:|1760391057
|-end|p1a: Slither Wing|Protosynthesis|[silent]
|switch|p1a: Glimmora|Glimmora, F, shiny|100/100|[from] U-turn
|
|upkeep
|turn|3
|
|t:|1760391061
|switch|p2a: Kyurem|Kyurem|100/100
|-ability|p2a: Kyurem|Pressure
|move|p1a: Glimmora|Sludge Bomb|p2a: Kyurem
|-damage|p2a: Kyurem|63/100
|
|upkeep
|turn|4
|
|t:|1760391066
|move|p2a: Kyurem|Earth Power|p1a: Glimmora
|-supereffective|p1a: Glimmora
|-damage|p1a: Glimmora|0 fnt
|faint|p1a: Glimmora
|
|upkeep
|
|t:|1760391072
|switch|p1a: Slither Wing|Slither Wing, shiny|100/100
|turn|5
|
|t:|1760391077
|switch|p2a: Cinderace|Cinderace, M|76/100
|move|p1a: Slither Wing|Close Combat|p2a: Cinderace
|-damage|p2a: Cinderace|1/100
|-unboost|p1a: Slither Wing|def|1
|-unboost|p1a: Slither Wing|spd|1
|
|upkeep
|turn|6
|
|t:|1760391083
|-end|p1a: Slither Wing|Protosynthesis|[silent]
|switch|p1a: Landorus|Landorus-Therian, M, shiny|100/100
|-ability|p1a: Landorus|Intimidate|boost
|-unboost|p2a: Cinderace|atk|1
|move|p2a: Cinderace|Pyro Ball|p1a: Landorus
|-damage|p1a: Landorus|54/100
|
|upkeep
|turn|7
|
|t:|1760391086
|move|p2a: Cinderace|U-turn|p1a: Landorus
|-start|p2a: Cinderace|typechange|Bug|[from] ability: Libero
|-resisted|p1a: Landorus
|-damage|p1a: Landorus|41/100
|
|t:|1760391088
|switch|p2a: Meowscarada|Meowscarada, F|100/100|[from] U-turn
|move|p1a: Landorus|U-turn|p2a: Meowscarada
|-supereffective|p2a: Meowscarada
|-damage|p2a: Meowscarada|0 fnt
|faint|p2a: Meowscarada
|
|t:|1760391095
|switch|p1a: Slither Wing|Slither Wing, shiny|100/100|[from] U-turn
|
|upkeep
|
|t:|1760391102
|switch|p2a: Cinderace|Cinderace, M|1/100
|turn|8
|
|t:|1760391123
|switch|p2a: Raging Bolt|Raging Bolt|100/100
|-enditem|p2a: Raging Bolt|Booster Energy
|-activate|p2a: Raging Bolt|ability: Protosynthesis|[fromitem]
|-start|p2a: Raging Bolt|protosynthesisspa
|move|p1a: Slither Wing|U-turn|p2a: Raging Bolt
|-damage|p2a: Raging Bolt|73/100
|
|t:|1760391132
|-end|p1a: Slither Wing|Protosynthesis|[silent]
|switch|p1a: Landorus|Landorus-Therian, M, shiny|41/100|[from] U-turn
|-ability|p1a: Landorus|Intimidate|boost
|-unboost|p2a: Raging Bolt|atk|1
|
|upkeep
|turn|9
|
|t:|1760391138
|move|p1a: Landorus|Earthquake|p2a: Raging Bolt
|-supereffective|p2a: Raging Bolt
|-damage|p2a: Raging Bolt|0 fnt
|faint|p2a: Raging Bolt
|-end|p2a: Raging Bolt|Protosynthesis|[silent]
|
|upkeep
|
|t:|1760391141
|switch|p2a: Kyurem|Kyurem|63/100
|-ability|p2a: Kyurem|Pressure
|turn|10
|
|t:|1760391157
|switch|p1a: Slither Wing|Slither Wing, shiny|100/100
|move|p2a: Kyurem|Ice Beam|p1a: Slither Wing
|-damage|p1a: Slither Wing|43/100
|
|upkeep
|turn|11
|
|t:|1760391163
|-end|p1a: Slither Wing|Protosynthesis|[silent]
|switch|p1a: Gholdengo|Gholdengo|100/100
|move|p2a: Kyurem|Ice Beam|p1a: Gholdengo
|-resisted|p1a: Gholdengo
|-damage|p1a: Gholdengo|73/100
|
|upkeep
|turn|12
|
|t:|1760391167
|switch|p2a: Cinderace|Cinderace, M|1/100
|move|p1a: Gholdengo|Recover|p1a: Gholdengo
|-heal|p1a: Gholdengo|100/100
|
|upkeep
|turn|13
|
|t:|1760391177
|-terastallize|p1a: Gholdengo|Water
|move|p2a: Cinderace|Pyro Ball|p1a: Gholdengo
|-resisted|p1a: Gholdengo
|-damage|p1a: Gholdengo|74/100
|move|p1a: Gholdengo|Shadow Ball|p2a: Cinderace
|-damage|p2a: Cinderace|0 fnt
|faint|p2a: Cinderace
|
|upkeep
|
|t:|1760391182
|switch|p2a: Kyurem|Kyurem|63/100
|-ability|p2a: Kyurem|Pressure
|turn|14
|
|t:|1760391195
|move|p2a: Kyurem|Freeze-Dry|p1a: Gholdengo
|-supereffective|p1a: Gholdengo
|-damage|p1a: Gholdengo|0 fnt
|faint|p1a: Gholdengo
|
|upkeep
|
|t:|1760391208
|switch|p1a: Ogerpon|Ogerpon, F|100/100
|turn|15
|
|t:|1760391213
|move|p1a: Ogerpon|Play Rough|p2a: Kyurem
|-supereffective|p2a: Kyurem
|-damage|p2a: Kyurem|2/100
|move|p2a: Kyurem|Freeze-Dry|p1a: Ogerpon
|-supereffective|p1a: Ogerpon
|-damage|p1a: Ogerpon|0 fnt
|faint|p1a: Ogerpon
|
|upkeep
|
|t:|1760391216
|switch|p1a: Landorus|Landorus-Therian, M, shiny|41/100
|-ability|p1a: Landorus|Intimidate|boost
|-unboost|p2a: Kyurem|atk|1
|turn|16
|
|t:|1760391219
|move|p2a: Kyurem|Freeze-Dry|p1a: Landorus
|-supereffective|p1a: Landorus
|-damage|p1a: Landorus|0 fnt
|faint|p1a: Landorus
|
|upkeep
|
|t:|1760391221
|switch|p1a: Slither Wing|Slither Wing, shiny|43/100
|turn|17
|
|t:|1760391223
|move|p2a: Kyurem|Freeze-Dry|p1a: Slither Wing
|-damage|p1a: Slither Wing|0 fnt
|faint|p1a: Slither Wing
|-end|p1a: Slither Wing|Protosynthesis|[silent]
|
|win|deoxysdagger
|raw|Pepinillovasi's rating: 1535 &rarr; <strong>1518</strong><br />(-17 for losing)
|raw|deoxysdagger's rating: 1583 &rarr; <strong>1600</strong><br />(+17 for winning)
|l|☆Pepinillovasi
|player|p1|
|l|☆deoxysdagger
|player|p2|
