|j|☆roommate108
|j|☆CAZSYZ
|t:|1760448085
|gametype|singles
|player|p1|roommate108|2|1468
|player|p2|CAZSYZ|lady|1441
|gen|9
|tier|[Gen 9] OU
|rated|
|rule|HP Percentage Mod: HP is shown in percentages
|rule|Endless Battle Clause: Forcing endless battles is banned
|rule|Species Clause: Limit one of each Pokémon
|rule|OHKO Clause: OHKO moves are banned
|rule|Evasion Items Clause: Evasion items are banned
|rule|Evasion Moves Clause: Evasion moves are banned
|rule|Evasion Abilities Clause: Evasion abilities are banned
|rule|Sleep Moves Clause: Sleep-inducing moves are banned
|clearpoke
|poke|p1|Charizard, F|
|poke|p1|Torkoal, M|
|poke|p1|Walking Wake|
|poke|p1|Raging Bolt|
|poke|p1|Hatterene, F|
|poke|p1|Leavanny, F|
|poke|p2|Charizard, F|
|poke|p2|Torkoal, F|
|poke|p2|Hatterene, F|
|poke|p2|Great Tusk|
|poke|p2|Lilligant-Hisui, F|
|poke|p2|Walking Wake|
|teampreview
|inactive|Battle timer is ON: inactive players will automatically lose when time's up. (requested by CAZSYZ)
|
|t:|1760448104
|teamsize|p1|6
|teamsize|p2|6
|start
|switch|p1a: Torkoal|Torkoal, M|100/100
|switch|p2a: Walking Wake|Walking Wake|100/100
|-weather|SunnyDay|[from] ability: Drought|[of] p1a: Torkoal
|-activate|p2a: Walking Wake|ability: Protosynthesis
|-start|p2a: Walking Wake|protosynthesisspe
|turn|1
|
|t:|1760448108
|switch|p1a: Leavanny|Leavanny, F|100/100
|move|p2a: Walking Wake|Hydro Steam|p1a: Leavanny
|-resisted|p1a: Leavanny
|-damage|p1a: Leavanny|31/100
|
|-weather|SunnyDay|[upkeep]
|upkeep
|turn|2
|
|t:|1760448118
|-end|p2a: Walking Wake|Protosynthesis|[silent]
|switch|p2a: Hatterene|Hatterene, F, shiny|100/100
|move|p1a: Leavanny|Sticky Web|p2a: Hatterene
|move|p2a: Hatterene|Sticky Web|p1a: Leavanny|[from] ability: Magic Bounce
|-sidestart|p1: roommate108|move: Sticky Web
|
|-weather|SunnyDay|[upkeep]
|upkeep
|turn|3
|
|t:|1760448123
|move|p1a: Leavanny|Knock Off|p2a: Hatterene
|-damage|p2a: Hatterene|74/100
|-enditem|p2a: Hatterene|Eject Button|[from] move: Knock Off|[of] p1a: Leavanny
|move|p2a: Hatterene|Dazzling Gleam|p1a: Leavanny
|-damage|p1a: Leavanny|0 fnt
|faint|p1a: Leavanny
|
|-weather|SunnyDay|[upkeep]
|upkeep
|
|t:|1760448130
|switch|p1a: Walking Wake|Walking Wake|100/100
|-activate|p1a: Walking Wake|move: Sticky Web
|-unboost|p1a: Walking Wake|spe|1
|-activate|p1a: Walking Wake|ability: Protosynthesis
|-start|p1a: Walking Wake|protosynthesisspa
|turn|4
|
|t:|1760448134
|move|p1a: Walking Wake|Hydro Steam|p2a: Hatterene
|-damage|p2a: Hatterene|0 fnt
|faint|p2a: Hatterene
|
|-weather|SunnyDay|[upkeep]
|upkeep
|
|t:|1760448146
|switch|p2a: Walking Wake|Walking Wake|100/100
|-activate|p2a: Walking Wake|ability: Protosynthesis
|-start|p2a: Walking Wake|protosynthesisspe
|turn|5
|
|t:|1760448160
|-end|p1a: Walking Wake|Protosynthesis|[silent]
|switch|p1a: Hatterene|Hatterene, F|100/100
|-activate|p1a: Hatterene|move: Sticky Web
|-unboost|p1a: Hatterene|spe|1
|-terastallize|p2a: Walking Wake|Water
|move|p2a: Walking Wake|Hydro Steam|p1a: Hatterene
|-damage|p1a: Hatterene|0 fnt
|faint|p1a: Hatterene
|
|-weather|SunnyDay|[upkeep]
|upkeep
|
|t:|1760448164
|switch|p1a: Walking Wake|Walking Wake|100/100
|-activate|p1a: Walking Wake|move: Sticky Web
|-unboost|p1a: Walking Wake|spe|1
|-activate|p1a: Walking Wake|ability: Protosynthesis
|-start|p1a: Walking Wake|protosynthesisspa
|turn|6
|
|t:|1760448173
|move|p2a: Walking Wake|Hydro Steam|p1a: Walking Wake
|-resisted|p1a: Walking Wake
|-damage|p1a: Walking Wake|64/100
|move|p1a: Walking Wake|Hydro Steam|p2a: Walking Wake
|-resisted|p2a: Walking Wake
|-damage|p2a: Walking Wake|30/100
|
|-weather|SunnyDay|[upkeep]
|upkeep
|turn|7
|
|t:|1760448182
|-end|p2a: Walking Wake|Protosynthesis|[silent]
|switch|p2a: Lilligant|Lilligant-Hisui, F|100/100
|move|p1a: Walking Wake|Hydro Steam|p2a: Lilligant
|-resisted|p2a: Lilligant
|-damage|p2a: Lilligant|6/100
|
|-weather|SunnyDay|[upkeep]
|upkeep
|turn|8
|
|t:|1760448194
|-end|p1a: Walking Wake|Protosynthesis|[silent]
|switch|p1a: Torkoal|Torkoal, M|100/100
|-activate|p1a: Torkoal|move: Sticky Web
|-unboost|p1a: Torkoal|spe|1
|move|p2a: Lilligant|Solar Blade||[still]
|-prepare|p2a: Lilligant|Solar Blade
|-anim|p2a: Lilligant|Solar Blade|p1a: Torkoal
|-resisted|p1a: Torkoal
|-damage|p1a: Torkoal|78/100
|-damage|p2a: Lilligant|0 fnt|[from] item: Life Orb
|faint|p2a: Lilligant
|
|-weather|none
|upkeep
|
|t:|1760448205
|switch|p2a: Great Tusk|Great Tusk|100/100
|turn|9
|
|t:|1760448218
|-terastallize|p1a: Torkoal|Ghost
|move|p2a: Great Tusk|Knock Off|p1a: Torkoal
|-supereffective|p1a: Torkoal
|-damage|p1a: Torkoal|42/100
|-enditem|p1a: Torkoal|Heat Rock|[from] move: Knock Off|[of] p2a: Great Tusk
|move|p1a: Torkoal|Will-O-Wisp|p2a: Great Tusk
|-status|p2a: Great Tusk|brn
|
|-damage|p2a: Great Tusk|94/100 brn|[from] brn
|upkeep
|turn|10
|
|t:|1760448226
|move|p2a: Great Tusk|Headlong Rush|p1a: Torkoal
|-damage|p1a: Torkoal|25/100
|-unboost|p2a: Great Tusk|def|1
|-unboost|p2a: Great Tusk|spd|1
|-enditem|p2a: Great Tusk|Eject Pack
|
|t:|1760448240
|-end|p2a: Great Tusk|Protosynthesis|[silent]
|switch|p2a: Charizard|Charizard, F|100/100
|move|p1a: Torkoal|Rapid Spin|p2a: Charizard
|-damage|p2a: Charizard|86/100
|-boost|p1a: Torkoal|spe|1
|-sideend|p1: roommate108|Sticky Web|[from] move: Rapid Spin|[of] p1a: Torkoal
|
|upkeep
|turn|11
|
|t:|1760448247
|move|p2a: Charizard|Flamethrower|p1a: Torkoal
|-damage|p1a: Torkoal|0 fnt
|faint|p1a: Torkoal
|
|upkeep
|
|t:|1760448249
|switch|p1a: Charizard|Charizard, F|100/100
|turn|12
|
|t:|1760448261
|move|p2a: Charizard|Flamethrower|p1a: Charizard
|-resisted|p1a: Charizard
|-damage|p1a: Charizard|63/100
|move|p1a: Charizard|Overheat|p2a: Charizard|[miss]
|-miss|p1a: Charizard|p2a: Charizard
|
|upkeep
|turn|13
|
|t:|1760448272
|switch|p2a: Great Tusk|Great Tusk|94/100 brn
|move|p1a: Charizard|Overheat|p2a: Great Tusk
|-damage|p2a: Great Tusk|0 fnt
|-unboost|p1a: Charizard|spa|2
|faint|p2a: Great Tusk
|-end|p2a: Great Tusk|Protosynthesis|[silent]
|
|upkeep
|
|t:|1760448281
|switch|p2a: Walking Wake|Walking Wake, tera:Water|30/100
|turn|14
|
|t:|1760448285
|move|p2a: Walking Wake|Dragon Pulse|p1a: Charizard
|-damage|p1a: Charizard|0 fnt
|faint|p1a: Charizard
|
|upkeep
|
|t:|1760448287
|switch|p1a: Raging Bolt|Raging Bolt|100/100
|turn|15
|
|t:|1760448292
|-end|p2a: Walking Wake|Protosynthesis|[silent]
|switch|p2a: Torkoal|Torkoal, F|100/100
|-weather|SunnyDay|[from] ability: Drought|[of] p2a: Torkoal
|-activate|p1a: Raging Bolt|ability: Protosynthesis
|-start|p1a: Raging Bolt|protosynthesisspa
|move|p1a: Raging Bolt|Thunderclap||[still]
|-fail|p1a: Raging Bolt
|
|-weather|SunnyDay|[upkeep]
|upkeep
|turn|16
|
|t:|1760448301
|move|p1a: Raging Bolt|Thunderbolt|p2a: Torkoal
|-damage|p2a: Torkoal|0 fnt
|faint|p2a: Torkoal
|-damage|p1a: Raging Bolt|91/100|[from] item: Life Orb
|
|-weather|SunnyDay|[upkeep]
|upkeep
|
|t:|1760448316
|switch|p2a: Charizard|Charizard, F|86/100
|turn|17
|
|t:|1760448320
|move|p1a: Raging Bolt|Thunderclap|p2a: Charizard
|-supereffective|p2a: Charizard
|-crit|p2a: Charizard
|-damage|p2a: Charizard|0 fnt
|faint|p2a: Charizard
|-damage|p1a: Raging Bolt|81/100|[from] item: Life Orb
|
|-weather|SunnyDay|[upkeep]
|upkeep
|
|t:|1760448322
|switch|p2a: Walking Wake|Walking Wake, tera:Water|30/100
|-activate|p2a: Walking Wake|ability: Protosynthesis
|-start|p2a: Walking Wake|protosynthesisspe
|turn|18
|
|t:|1760448324
|move|p1a: Raging Bolt|Thunderclap|p2a: Walking Wake
|-supereffective|p2a: Walking Wake
|-damage|p2a: Walking Wake|0 fnt
|faint|p2a: Walking Wake
|-end|p2a: Walking Wake|Protosynthesis|[silent]
|-damage|p1a: Raging Bolt|71/100|[from] item: Life Orb
|
|win|roommate108
|raw|roommate108's rating: 1468 &rarr; <strong>1486</strong><br />(+18 for winning)
|raw|CAZSYZ's rating: 1441 &rarr; <strong>1423</strong><br />(-18 for losing)
|l|☆roommate108
|player|p1|
|l|☆CAZSYZ
|player|p2|
