|j|☆Lolfrog123
|j|☆getreyal
|t:|1760345337
|gametype|singles
|player|p1|Lolfrog123|101|1531
|player|p2|getreyal|pokemonbreeder-gen4|1633
|gen|9
|tier|[Gen 9] OU
|rated|
|rule|HP Percentage Mod: HP is shown in percentages
|rule|Endless Battle Clause: Forcing endless battles is banned
|rule|Species Clause: Limit one of each Pokémon
|rule|OHKO Clause: OHKO moves are banned
|rule|Evasion Items Clause: Evasion items are banned
|rule|Evasion Moves Clause: Evasion moves are banned
|rule|Evasion Abilities Clause: Evasion abilities are banned
|rule|Sleep Moves Clause: Sleep-inducing moves are banned
|clearpoke
|poke|p1|Dondozo, F|
|poke|p1|Blissey, F|
|poke|p1|Corviknight, M|
|poke|p1|Gliscor, F|
|poke|p1|Toxapex, M|
|poke|p1|Pecharunt|
|poke|p2|Corviknight, M|
|poke|p2|Ting-Lu|
|poke|p2|Heatran, F|
|poke|p2|Clefable, F|
|poke|p2|Alomomola, M|
|poke|p2|Deoxys-Speed|
|teampreview
|inactive|Battle timer is ON: inactive players will automatically lose when time's up. (requested by Lolfrog123)
|
|t:|1760345346
|teamsize|p1|6
|teamsize|p2|6
|start
|switch|p1a: Gliscor|Gliscor, F|100/100
|switch|p2a: Heatran|Heatran, F|100/100
|turn|1
|
|t:|1760345356
|move|p1a: Gliscor|Protect|p1a: Gliscor
|-singleturn|p1a: Gliscor|Protect
|move|p2a: Heatran|Substitute|p2a: Heatran
|-start|p2a: Heatran|Substitute
|-damage|p2a: Heatran|76/100
|
|-heal|p2a: Heatran|82/100|[from] item: Leftovers
|-status|p1a: Gliscor|tox|[from] item: Toxic Orb
|upkeep
|turn|2
|
|t:|1760345360
|move|p1a: Gliscor|Earthquake|p2a: Heatran
|-supereffective|p2a: Heatran
|-end|p2a: Heatran|Substitute
|move|p2a: Heatran|Magma Storm|p1a: Gliscor
|-damage|p1a: Gliscor|65/100 tox
|-activate|p1a: Gliscor|move: Magma Storm|[of] p2a: Heatran
|
|-heal|p2a: Heatran|88/100|[from] item: Leftovers
|-heal|p1a: Gliscor|78/100 tox|[from] ability: Poison Heal
|-damage|p1a: Gliscor|65/100 tox|[from] move: Magma Storm|[partiallytrapped]
|upkeep
|turn|3
|
|t:|1760345363
|switch|p2a: Corviknight|Corviknight, M|100/100
|-ability|p2a: Corviknight|Pressure
|move|p1a: Gliscor|Earthquake|p2a: Corviknight
|-immune|p2a: Corviknight
|
|-heal|p1a: Gliscor|78/100 tox|[from] ability: Poison Heal
|-end|p1a: Gliscor|Magma Storm|[partiallytrapped]|[silent]
|upkeep
|turn|4
|
|t:|1760345366
|move|p1a: Gliscor|Spikes|p2a: Corviknight
|-sidestart|p2: getreyal|Spikes
|move|p2a: Corviknight|Brave Bird|p1a: Gliscor
|-damage|p1a: Gliscor|48/100 tox
|-damage|p2a: Corviknight|92/100|[from] Recoil
|
|-heal|p1a: Gliscor|60/100 tox|[from] ability: Poison Heal
|upkeep
|turn|5
|
|t:|1760345371
|move|p1a: Gliscor|Knock Off|p2a: Corviknight
|-crit|p2a: Corviknight
|-damage|p2a: Corviknight|73/100
|-damage|p1a: Gliscor|44/100 tox|[from] item: Rocky Helmet|[of] p2a: Corviknight
|-enditem|p2a: Corviknight|Rocky Helmet|[from] move: Knock Off|[of] p1a: Gliscor
|move|p2a: Corviknight|Defog|p1a: Gliscor
|-unboost|p1a: Gliscor|evasion|1
|-sideend|p2: getreyal|Spikes|[from] move: Defog|[of] p2a: Corviknight
|
|-heal|p1a: Gliscor|56/100 tox|[from] ability: Poison Heal
|upkeep
|turn|6
|
|t:|1760345378
|move|p1a: Gliscor|Spikes|p2a: Corviknight
|-sidestart|p2: getreyal|Spikes
|move|p2a: Corviknight|Brave Bird|p1a: Gliscor
|-damage|p1a: Gliscor|27/100 tox
|-damage|p2a: Corviknight|64/100|[from] Recoil
|
|-heal|p1a: Gliscor|40/100 tox|[from] ability: Poison Heal
|upkeep
|turn|7
|
|t:|1760345383
|move|p1a: Gliscor|Spikes|p2a: Corviknight
|-sidestart|p2: getreyal|Spikes
|move|p2a: Corviknight|Brave Bird|p1a: Gliscor
|-damage|p1a: Gliscor|8/100 tox
|-damage|p2a: Corviknight|55/100|[from] Recoil
|
|-heal|p1a: Gliscor|20/100 tox|[from] ability: Poison Heal
|upkeep
|turn|8
|
|t:|1760345388
|move|p1a: Gliscor|Protect|p1a: Gliscor
|-singleturn|p1a: Gliscor|Protect
|move|p2a: Corviknight|Roost|p2a: Corviknight
|-heal|p2a: Corviknight|100/100
|-singleturn|p2a: Corviknight|move: Roost
|
|-heal|p1a: Gliscor|33/100 tox|[from] ability: Poison Heal
|upkeep
|turn|9
|
|t:|1760345402
|switch|p1a: Pecharunt|Pecharunt|100/100
|move|p2a: Corviknight|Brave Bird|p1a: Pecharunt
|-damage|p1a: Pecharunt|84/100
|-damage|p2a: Corviknight|95/100|[from] Recoil
|
|-heal|p1a: Pecharunt|90/100|[from] item: Leftovers
|upkeep
|turn|10
|
|t:|1760345409
|move|p1a: Pecharunt|Night Shade|p2a: Corviknight
|-damage|p2a: Corviknight|70/100
|move|p2a: Corviknight|Defog|p1a: Pecharunt
|-unboost|p1a: Pecharunt|evasion|1
|-sideend|p2: getreyal|Spikes|[from] move: Defog|[of] p2a: Corviknight
|
|-heal|p1a: Pecharunt|97/100|[from] item: Leftovers
|upkeep
|turn|11
|
|t:|1760345414
|move|p1a: Pecharunt|Parting Shot|p2a: Corviknight
|-unboost|p2a: Corviknight|atk|1
|-unboost|p2a: Corviknight|spa|1
|
|t:|1760345419
|switch|p1a: Toxapex|Toxapex, M|100/100|[from] Parting Shot
|move|p2a: Corviknight|U-turn|p1a: Toxapex
|-resisted|p1a: Toxapex
|-damage|p1a: Toxapex|97/100
|
|t:|1760345424
|switch|p2a: Heatran|Heatran, F|88/100|[from] U-turn
|
|-heal|p2a: Heatran|94/100|[from] item: Leftovers
|-heal|p1a: Toxapex|100/100|[from] item: Leftovers
|upkeep
|turn|12
|
|t:|1760345433
|switch|p1a: Blissey|Blissey, F|100/100
|move|p2a: Heatran|Substitute|p2a: Heatran
|-start|p2a: Heatran|Substitute
|-damage|p2a: Heatran|69/100
|
|-heal|p2a: Heatran|76/100|[from] item: Leftovers
|upkeep
|turn|13
|
|t:|1760345438
|move|p2a: Heatran|Magma Storm|p1a: Blissey
|-damage|p1a: Blissey|88/100
|-activate|p1a: Blissey|move: Magma Storm|[of] p2a: Heatran
|move|p1a: Blissey|Seismic Toss|p2a: Heatran
|-end|p2a: Heatran|Substitute
|
|-heal|p2a: Heatran|82/100|[from] item: Leftovers
|-heal|p1a: Blissey|94/100|[from] item: Leftovers
|-damage|p1a: Blissey|82/100|[from] move: Magma Storm|[partiallytrapped]
|upkeep
|turn|14
|
|t:|1760345440
|move|p2a: Heatran|Taunt|p1a: Blissey
|-start|p1a: Blissey|move: Taunt
|move|p1a: Blissey|Seismic Toss|p2a: Heatran
|-damage|p2a: Heatran|56/100
|
|-heal|p2a: Heatran|62/100|[from] item: Leftovers
|-heal|p1a: Blissey|88/100|[from] item: Leftovers
|-damage|p1a: Blissey|76/100|[from] move: Magma Storm|[partiallytrapped]
|upkeep
|turn|15
|
|t:|1760345442
|move|p2a: Heatran|Magma Storm|p1a: Blissey
|-damage|p1a: Blissey|63/100
|move|p1a: Blissey|Seismic Toss|p2a: Heatran
|-damage|p2a: Heatran|36/100
|
|-heal|p2a: Heatran|42/100|[from] item: Leftovers
|-heal|p1a: Blissey|69/100|[from] item: Leftovers
|-damage|p1a: Blissey|57/100|[from] move: Magma Storm|[partiallytrapped]
|upkeep
|turn|16
|
|t:|1760345445
|move|p2a: Heatran|Magma Storm|p1a: Blissey
|-damage|p1a: Blissey|44/100
|move|p1a: Blissey|Seismic Toss|p2a: Heatran
|-damage|p2a: Heatran|17/100
|
|-heal|p2a: Heatran|23/100|[from] item: Leftovers
|-heal|p1a: Blissey|50/100|[from] item: Leftovers
|-damage|p1a: Blissey|38/100|[from] move: Magma Storm|[partiallytrapped]
|-end|p1a: Blissey|move: Taunt
|upkeep
|turn|17
|
|t:|1760345447
|move|p2a: Heatran|Taunt|p1a: Blissey
|-start|p1a: Blissey|move: Taunt
|move|p1a: Blissey|Seismic Toss|p2a: Heatran
|-damage|p2a: Heatran|0 fnt
|faint|p2a: Heatran
|
|-heal|p1a: Blissey|44/100|[from] item: Leftovers
|-end|p1a: Blissey|Magma Storm|[partiallytrapped]|[silent]
|upkeep
|
|t:|1760345450
|switch|p2a: Deoxys|Deoxys-Speed|100/100
|-ability|p2a: Deoxys|Pressure
|turn|18
|
|t:|1760345457
|switch|p1a: Toxapex|Toxapex, M|100/100
|move|p2a: Deoxys|Psycho Boost|p1a: Toxapex
|-supereffective|p1a: Toxapex
|-damage|p1a: Toxapex|0 fnt
|-unboost|p2a: Deoxys|spa|2
|faint|p1a: Toxapex
|-damage|p2a: Deoxys|91/100|[from] item: Life Orb
|
|upkeep
|
|t:|1760345466
|switch|p1a: Blissey|Blissey, F|44/100
|turn|19
|
|t:|1760345468
|move|p2a: Deoxys|Superpower|p1a: Blissey
|-supereffective|p1a: Blissey
|-damage|p1a: Blissey|0 fnt
|-unboost|p2a: Deoxys|atk|1
|-unboost|p2a: Deoxys|def|1
|faint|p1a: Blissey
|-damage|p2a: Deoxys|81/100|[from] item: Life Orb
|
|upkeep
|
|t:|1760345475
|switch|p1a: Gliscor|Gliscor, F|33/100 tox
|turn|20
|
|t:|1760345477
|move|p1a: Gliscor|Protect|p1a: Gliscor
|-singleturn|p1a: Gliscor|Protect
|move|p2a: Deoxys|Ice Beam|p1a: Gliscor
|-activate|p1a: Gliscor|move: Protect
|
|-heal|p1a: Gliscor|45/100 tox|[from] ability: Poison Heal
|upkeep
|turn|21
|
|t:|1760345482
|switch|p2a: Corviknight|Corviknight, M|70/100
|-ability|p2a: Corviknight|Pressure
|-terastallize|p1a: Gliscor|Water
|move|p1a: Gliscor|Knock Off|p2a: Corviknight
|-damage|p2a: Corviknight|62/100
|
|-heal|p1a: Gliscor|58/100 tox|[from] ability: Poison Heal
|upkeep
|turn|22
|
|t:|1760345486
|move|p1a: Gliscor|Spikes|p2a: Corviknight
|-sidestart|p2: getreyal|Spikes
|move|p2a: Corviknight|Brave Bird|p1a: Gliscor
|-damage|p1a: Gliscor|30/100 tox
|-damage|p2a: Corviknight|53/100|[from] Recoil
|
|-heal|p1a: Gliscor|42/100 tox|[from] ability: Poison Heal
|upkeep
|turn|23
|
|t:|1760345489
|move|p1a: Gliscor|Spikes|p2a: Corviknight
|-sidestart|p2: getreyal|Spikes
|move|p2a: Corviknight|Roost|p2a: Corviknight
|-heal|p2a: Corviknight|100/100
|-singleturn|p2a: Corviknight|move: Roost
|
|-heal|p1a: Gliscor|55/100 tox|[from] ability: Poison Heal
|upkeep
|turn|24
|
|t:|1760345495
|move|p1a: Gliscor|Knock Off|p2a: Corviknight
|-damage|p2a: Corviknight|92/100
|move|p2a: Corviknight|Defog|p1a: Gliscor
|-unboost|p1a: Gliscor|evasion|1
|-sideend|p2: getreyal|Spikes|[from] move: Defog|[of] p2a: Corviknight
|
|-heal|p1a: Gliscor|67/100 tox|[from] ability: Poison Heal
|upkeep
|turn|25
|
|t:|1760345497
|move|p1a: Gliscor|Spikes|p2a: Corviknight
|-sidestart|p2: getreyal|Spikes
|move|p2a: Corviknight|Brave Bird|p1a: Gliscor
|-damage|p1a: Gliscor|37/100 tox
|-damage|p2a: Corviknight|83/100|[from] Recoil
|
|-heal|p1a: Gliscor|49/100 tox|[from] ability: Poison Heal
|upkeep
|turn|26
|
|t:|1760345501
|move|p1a: Gliscor|Knock Off|p2a: Corviknight
|-damage|p2a: Corviknight|74/100
|move|p2a: Corviknight|Brave Bird|p1a: Gliscor
|-damage|p1a: Gliscor|19/100 tox
|-damage|p2a: Corviknight|65/100|[from] Recoil
|
|-heal|p1a: Gliscor|31/100 tox|[from] ability: Poison Heal
|upkeep
|turn|27
|
|t:|1760345504
|move|p1a: Gliscor|Knock Off|p2a: Corviknight
|-damage|p2a: Corviknight|56/100
|move|p2a: Corviknight|Defog|p1a: Gliscor
|-unboost|p1a: Gliscor|evasion|1
|-sideend|p2: getreyal|Spikes|[from] move: Defog|[of] p2a: Corviknight
|
|-heal|p1a: Gliscor|44/100 tox|[from] ability: Poison Heal
|upkeep
|turn|28
|
|t:|1760345508
|move|p1a: Gliscor|Knock Off|p2a: Corviknight
|-damage|p2a: Corviknight|47/100
|move|p2a: Corviknight|Brave Bird|p1a: Gliscor
|-damage|p1a: Gliscor|13/100 tox
|-damage|p2a: Corviknight|38/100|[from] Recoil
|
|-heal|p1a: Gliscor|25/100 tox|[from] ability: Poison Heal
|upkeep
|turn|29
|
|t:|1760345511
|switch|p1a: Pecharunt|Pecharunt|97/100
|move|p2a: Corviknight|Roost|p2a: Corviknight
|-heal|p2a: Corviknight|88/100
|-singleturn|p2a: Corviknight|move: Roost
|
|-heal|p1a: Pecharunt|100/100|[from] item: Leftovers
|upkeep
|turn|30
|
|t:|1760345515
|move|p1a: Pecharunt|Night Shade|p2a: Corviknight
|-damage|p2a: Corviknight|63/100
|move|p2a: Corviknight|U-turn|p1a: Pecharunt
|-resisted|p1a: Pecharunt
|-damage|p1a: Pecharunt|99/100
|
|t:|1760345519
|switch|p2a: Deoxys|Deoxys-Speed|81/100|[from] U-turn
|-ability|p2a: Deoxys|Pressure
|
|-heal|p1a: Pecharunt|100/100|[from] item: Leftovers
|upkeep
|turn|31
|
|t:|1760345526
|switch|p1a: Dondozo|Dondozo, F|100/100
|move|p2a: Deoxys|Psycho Boost|p1a: Dondozo
|-crit|p1a: Dondozo
|-damage|p1a: Dondozo|0 fnt
|-unboost|p2a: Deoxys|spa|2
|faint|p1a: Dondozo
|-damage|p2a: Deoxys|71/100|[from] item: Life Orb
|
|upkeep
|-message|Lolfrog123 forfeited.
|
|win|getreyal
|raw|Lolfrog123's rating: 1531 &rarr; <strong>1518</strong><br />(-13 for losing)
|raw|getreyal's rating: 1655 &rarr; <strong>1668</strong><br />(+13 for winning)
|l|☆getreyal
|player|p2|
|l|☆Lolfrog123
|player|p1|
