|j|☆rothcoretest
|j|☆Fin_Erza2
|t:|1760448922
|gametype|singles
|player|p1|rothcoretest|1|1078
|player|p2|Fin_Erza2|pokekid|1109
|gen|9
|tier|[Gen 9] OU
|rated|
|rule|HP Percentage Mod: HP is shown in percentages
|rule|Endless Battle Clause: Forcing endless battles is banned
|rule|Species Clause: Limit one of each Pokémon
|rule|OHKO Clause: OHKO moves are banned
|rule|Evasion Items Clause: Evasion items are banned
|rule|Evasion Moves Clause: Evasion moves are banned
|rule|Evasion Abilities Clause: Evasion abilities are banned
|rule|Sleep Moves Clause: Sleep-inducing moves are banned
|clearpoke
|poke|p1|Hoopa-Unbound|
|poke|p1|Alomomola, F|
|poke|p1|Corviknight, M|
|poke|p1|Great Tusk|
|poke|p1|Clefable, F|
|poke|p1|Dragapult, M|
|poke|p2|Hatterene, F|
|poke|p2|Lilligant, F|
|poke|p2|Vespiquen, F|
|poke|p2|Mandibuzz, F|
|poke|p2|Tinkaton, F|
|poke|p2|Latias, F|
|teampreview
|inactive|Battle timer is ON: inactive players will automatically lose when time's up. (requested by Fin_Erza2)
|
|t:|1760448948
|teamsize|p1|6
|teamsize|p2|6
|start
|switch|p1a: Dragapult|Dragapult, M|100/100
|switch|p2a: Hatterene|Hatterene, F|100/100
|turn|1
|
|t:|1760448961
|move|p1a: Dragapult|U-turn|p2a: Hatterene
|-damage|p2a: Hatterene|81/100
|
|t:|1760448966
|switch|p1a: Corviknight|Corviknight, M|100/100|[from] U-turn
|-ability|p1a: Corviknight|Pressure
|move|p2a: Hatterene|Dazzling Gleam|p1a: Corviknight
|-resisted|p1a: Corviknight
|-damage|p1a: Corviknight|82/100
|
|-heal|p1a: Corviknight|88/100|[from] item: Leftovers
|-heal|p2a: Hatterene|88/100|[from] item: Leftovers
|upkeep
|turn|2
|
|t:|1760448979
|-terastallize|p2a: Hatterene|Ground
|move|p1a: Corviknight|U-turn|p2a: Hatterene
|-damage|p2a: Hatterene|73/100
|
|t:|1760448997
|switch|p1a: Dragapult|Dragapult, M|100/100|[from] U-turn
|move|p2a: Hatterene|Mystical Fire|p1a: Dragapult
|-resisted|p1a: Dragapult
|-damage|p1a: Dragapult|81/100
|-unboost|p1a: Dragapult|spa|1
|
|-heal|p2a: Hatterene|79/100|[from] item: Leftovers
|upkeep
|turn|3
|
|t:|1760449009
|switch|p1a: Clefable|Clefable, F|100/100
|move|p2a: Hatterene|Dazzling Gleam|p1a: Clefable
|-damage|p1a: Clefable|61/100
|
|-heal|p1a: Clefable|67/100|[from] item: Leftovers
|-heal|p2a: Hatterene|85/100|[from] item: Leftovers
|upkeep
|turn|4
|
|t:|1760449017
|move|p1a: Clefable|Calm Mind|p1a: Clefable
|-boost|p1a: Clefable|spa|1
|-boost|p1a: Clefable|spd|1
|move|p2a: Hatterene|Calm Mind|p2a: Hatterene
|-boost|p2a: Hatterene|spa|1
|-boost|p2a: Hatterene|spd|1
|
|-heal|p1a: Clefable|73/100|[from] item: Leftovers
|-heal|p2a: Hatterene|91/100|[from] item: Leftovers
|upkeep
|turn|5
|
|t:|1760449019
|move|p1a: Clefable|Calm Mind|p1a: Clefable
|-boost|p1a: Clefable|spa|1
|-boost|p1a: Clefable|spd|1
|move|p2a: Hatterene|Calm Mind|p2a: Hatterene
|-boost|p2a: Hatterene|spa|1
|-boost|p2a: Hatterene|spd|1
|
|-heal|p1a: Clefable|79/100|[from] item: Leftovers
|-heal|p2a: Hatterene|98/100|[from] item: Leftovers
|upkeep
|turn|6
|
|t:|1760449023
|move|p1a: Clefable|Calm Mind|p1a: Clefable
|-boost|p1a: Clefable|spa|1
|-boost|p1a: Clefable|spd|1
|move|p2a: Hatterene|Calm Mind|p2a: Hatterene
|-boost|p2a: Hatterene|spa|1
|-boost|p2a: Hatterene|spd|1
|
|-heal|p1a: Clefable|85/100|[from] item: Leftovers
|-heal|p2a: Hatterene|100/100|[from] item: Leftovers
|upkeep
|turn|7
|
|t:|1760449027
|move|p1a: Clefable|Calm Mind|p1a: Clefable
|-boost|p1a: Clefable|spa|1
|-boost|p1a: Clefable|spd|1
|move|p2a: Hatterene|Calm Mind|p2a: Hatterene
|-boost|p2a: Hatterene|spa|1
|-boost|p2a: Hatterene|spd|1
|
|-heal|p1a: Clefable|91/100|[from] item: Leftovers
|upkeep
|turn|8
|
|t:|1760449030
|move|p1a: Clefable|Moonblast|p2a: Hatterene
|-damage|p2a: Hatterene|67/100
|move|p2a: Hatterene|Calm Mind|p2a: Hatterene
|-boost|p2a: Hatterene|spa|1
|-boost|p2a: Hatterene|spd|1
|
|-heal|p1a: Clefable|97/100|[from] item: Leftovers
|-heal|p2a: Hatterene|73/100|[from] item: Leftovers
|upkeep
|turn|9
|
|t:|1760449034
|move|p1a: Clefable|Moonblast|p2a: Hatterene
|-damage|p2a: Hatterene|45/100
|move|p2a: Hatterene|Calm Mind|p2a: Hatterene
|-boost|p2a: Hatterene|spa|1
|-boost|p2a: Hatterene|spd|1
|
|-heal|p1a: Clefable|100/100|[from] item: Leftovers
|-heal|p2a: Hatterene|51/100|[from] item: Leftovers
|upkeep
|turn|10
|
|t:|1760449037
|move|p1a: Clefable|Moonblast|p2a: Hatterene
|-damage|p2a: Hatterene|26/100
|move|p2a: Hatterene|Dazzling Gleam|p1a: Clefable
|-damage|p1a: Clefable|53/100
|
|-heal|p1a: Clefable|59/100|[from] item: Leftovers
|-heal|p2a: Hatterene|32/100|[from] item: Leftovers
|upkeep
|turn|11
|
|t:|1760449045
|move|p1a: Clefable|Moonblast|p2a: Hatterene
|-damage|p2a: Hatterene|8/100
|move|p2a: Hatterene|Psychic|p1a: Clefable
|-damage|p1a: Clefable|7/100
|
|-heal|p1a: Clefable|13/100|[from] item: Leftovers
|-heal|p2a: Hatterene|14/100|[from] item: Leftovers
|upkeep
|turn|12
|
|t:|1760449052
|move|p1a: Clefable|Moonlight|p1a: Clefable
|-heal|p1a: Clefable|63/100
|move|p2a: Hatterene|Psychic|p1a: Clefable
|-damage|p1a: Clefable|6/100
|-unboost|p1a: Clefable|spd|1
|
|-heal|p1a: Clefable|12/100|[from] item: Leftovers
|-heal|p2a: Hatterene|20/100|[from] item: Leftovers
|upkeep
|turn|13
|
|t:|1760449061
|move|p1a: Clefable|Moonblast|p2a: Hatterene
|-damage|p2a: Hatterene|0 fnt
|faint|p2a: Hatterene
|
|-heal|p1a: Clefable|18/100|[from] item: Leftovers
|upkeep
|
|t:|1760449066
|switch|p2a: Tinkaton|Tinkaton, F|100/100
|-item|p2a: Tinkaton|Air Balloon
|turn|14
|
|t:|1760449071
|move|p2a: Tinkaton|Gigaton Hammer|p1a: Clefable
|-supereffective|p1a: Clefable
|-damage|p1a: Clefable|0 fnt
|faint|p1a: Clefable
|
|upkeep
|
|t:|1760449074
|switch|p1a: Dragapult|Dragapult, M|81/100
|turn|15
|
|t:|1760449077
|move|p1a: Dragapult|U-turn|p2a: Tinkaton
|-resisted|p2a: Tinkaton
|-damage|p2a: Tinkaton|94/100
|-enditem|p2a: Tinkaton|Air Balloon
|-enditem|p1a: Dragapult|Heavy-Duty Boots|[silent]|[from] ability: Pickpocket|[of] p1a: Dragapult
|-item|p2a: Tinkaton|Heavy-Duty Boots|[from] ability: Pickpocket|[of] p1a: Dragapult
|
|t:|1760449080
|switch|p1a: Corviknight|Corviknight, M|88/100|[from] U-turn
|-ability|p1a: Corviknight|Pressure
|move|p2a: Tinkaton|Play Rough|p1a: Corviknight
|-resisted|p1a: Corviknight
|-damage|p1a: Corviknight|78/100
|
|-heal|p1a: Corviknight|84/100|[from] item: Leftovers
|upkeep
|turn|16
|
|t:|1760449094
|switch|p2a: Vespiquen|Vespiquen, F|100/100
|-ability|p2a: Vespiquen|Pressure
|move|p1a: Corviknight|U-turn|p2a: Vespiquen
|-resisted|p2a: Vespiquen
|-damage|p2a: Vespiquen|94/100
|
|t:|1760449096
|switch|p1a: Great Tusk|Great Tusk|100/100|[from] U-turn
|
|-heal|p2a: Vespiquen|99/100|[from] item: Leftovers
|upkeep
|turn|17
|
|t:|1760449106
|move|p1a: Great Tusk|Stealth Rock|p2a: Vespiquen
|-sidestart|p2: Fin_Erza2|move: Stealth Rock
|move|p2a: Vespiquen|Air Slash|p1a: Great Tusk
|-supereffective|p1a: Great Tusk
|-damage|p1a: Great Tusk|5/100
|
|-heal|p2a: Vespiquen|100/100|[from] item: Leftovers
|upkeep
|turn|18
|
|t:|1760449112
|move|p1a: Great Tusk|Ice Spinner|p2a: Vespiquen
|-supereffective|p2a: Vespiquen
|-damage|p2a: Vespiquen|47/100
|move|p2a: Vespiquen|Bug Buzz|p1a: Great Tusk
|-resisted|p1a: Great Tusk
|-damage|p1a: Great Tusk|0 fnt
|faint|p1a: Great Tusk
|-end|p1a: Great Tusk|Protosynthesis|[silent]
|
|-heal|p2a: Vespiquen|53/100|[from] item: Leftovers
|upkeep
|
|t:|1760449115
|switch|p1a: Dragapult|Dragapult, M|81/100
|turn|19
|
|t:|1760449120
|move|p1a: Dragapult|Dragon Darts|p2a: Vespiquen
|-damage|p2a: Vespiquen|34/100
|-anim|p1a: Dragapult|Dragon Darts|p2a: Vespiquen
|-damage|p2a: Vespiquen|13/100
|move|p2a: Vespiquen|Confuse Ray|p1a: Dragapult
|-start|p1a: Dragapult|confusion
|
|-heal|p2a: Vespiquen|19/100|[from] item: Leftovers
|upkeep
|turn|20
|inactive|rothcoretest has 120 seconds left.
|
|t:|1760449171
|-activate|p1a: Dragapult|confusion
|move|p1a: Dragapult|Dragon Darts|p2a: Vespiquen
|-crit|p2a: Vespiquen
|-damage|p2a: Vespiquen|0 fnt
|faint|p2a: Vespiquen
|
|upkeep
|
|t:|1760449176
|switch|p2a: Tinkaton|Tinkaton, F|94/100
|turn|21
|
|t:|1760449178
|-end|p1a: Dragapult|confusion
|move|p1a: Dragapult|U-turn|p2a: Tinkaton
|-resisted|p2a: Tinkaton
|-damage|p2a: Tinkaton|88/100
|
|t:|1760449181
|switch|p1a: Alomomola|Alomomola, F|100/100|[from] U-turn
|move|p2a: Tinkaton|Swords Dance|p2a: Tinkaton
|-boost|p2a: Tinkaton|atk|2
|
|upkeep
|turn|22
|
|t:|1760449187
|move|p2a: Tinkaton|Play Rough|p1a: Alomomola
|-damage|p1a: Alomomola|62/100
|move|p1a: Alomomola|Scald|p2a: Tinkaton
|-damage|p2a: Tinkaton|72/100
|
|upkeep
|turn|23
|
|t:|1760449192
|move|p2a: Tinkaton|Gigaton Hammer|p1a: Alomomola
|-resisted|p1a: Alomomola
|-damage|p1a: Alomomola|25/100
|move|p1a: Alomomola|Scald|p2a: Tinkaton
|-damage|p2a: Tinkaton|58/100
|-status|p2a: Tinkaton|brn
|
|-damage|p2a: Tinkaton|52/100 brn|[from] brn
|upkeep
|turn|24
|
|t:|1760449203
|move|p2a: Tinkaton|Swords Dance|p2a: Tinkaton
|-boost|p2a: Tinkaton|atk|2
|move|p1a: Alomomola|Flip Turn|p2a: Tinkaton
|-damage|p2a: Tinkaton|30/100 brn
|
|t:|1760449206
|switch|p1a: Hoopa|Hoopa-Unbound|100/100|[from] Flip Turn
|
|-damage|p2a: Tinkaton|24/100 brn|[from] brn
|upkeep
|turn|25
|
|t:|1760449214
|move|p1a: Hoopa|Drain Punch|p2a: Tinkaton
|-damage|p2a: Tinkaton|0 fnt
|faint|p2a: Tinkaton
|
|upkeep
|
|t:|1760449227
|switch|p2a: Mandibuzz|Mandibuzz, F|100/100
|-damage|p2a: Mandibuzz|76/100|[from] Stealth Rock
|turn|26
|
|t:|1760449240
|switch|p1a: Alomomola|Alomomola, F|58/100
|move|p2a: Mandibuzz|Knock Off|p1a: Alomomola
|-damage|p1a: Alomomola|34/100
|-enditem|p1a: Alomomola|Assault Vest|[from] move: Knock Off|[of] p2a: Mandibuzz
|
|upkeep
|turn|27
|
|t:|1760449249
|switch|p1a: Corviknight|Corviknight, M|84/100
|-ability|p1a: Corviknight|Pressure
|move|p2a: Mandibuzz|Brave Bird|p1a: Corviknight
|-resisted|p1a: Corviknight
|-damage|p1a: Corviknight|70/100
|-damage|p2a: Mandibuzz|71/100|[from] Recoil
|
|-heal|p1a: Corviknight|76/100|[from] item: Leftovers
|upkeep
|turn|28
|
|t:|1760449263
|move|p2a: Mandibuzz|Knock Off|p1a: Corviknight
|-crit|p1a: Corviknight
|-damage|p1a: Corviknight|47/100
|-enditem|p1a: Corviknight|Leftovers|[from] move: Knock Off|[of] p2a: Mandibuzz
|move|p1a: Corviknight|Body Press|p2a: Mandibuzz
|-damage|p2a: Mandibuzz|52/100
|
|upkeep
|turn|29
|
|t:|1760449271
|switch|p1a: Hoopa|Hoopa-Unbound|100/100
|move|p2a: Mandibuzz|Brave Bird|p1a: Hoopa
|-damage|p1a: Hoopa|18/100
|-damage|p2a: Mandibuzz|32/100|[from] Recoil
|
|upkeep
|turn|30
|
|t:|1760449277
|move|p1a: Hoopa|Drain Punch|p2a: Mandibuzz
|-damage|p2a: Mandibuzz|7/100
|-heal|p1a: Hoopa|36/100|[from] drain|[of] p2a: Mandibuzz
|move|p2a: Mandibuzz|Knock Off|p1a: Hoopa
|-damage|p1a: Hoopa|0 fnt
|-enditem|p1a: Hoopa|Choice Scarf|[from] move: Knock Off|[of] p2a: Mandibuzz
|faint|p1a: Hoopa
|
|upkeep
|
|t:|1760449281
|switch|p1a: Dragapult|Dragapult, M|81/100
|turn|31
|
|t:|1760449287
|move|p1a: Dragapult|Dragon Darts|p2a: Mandibuzz
|-damage|p2a: Mandibuzz|0 fnt
|faint|p2a: Mandibuzz
|
|upkeep
|
|t:|1760449289
|switch|p2a: Lilligant|Lilligant, F|100/100
|-damage|p2a: Lilligant|88/100|[from] Stealth Rock
|turn|32
|l|☆rothcoretest
|inactive|rothcoretest disconnected and has a minute to reconnect!
|player|p1|
|inactive|rothcoretest has 30 seconds to reconnect!
|inactive|rothcoretest has 20 seconds to reconnect!
|inactive|rothcoretest has 15 seconds to reconnect!
|inactive|rothcoretest has 10 seconds to reconnect!
|inactive|rothcoretest has 5 seconds to reconnect!
|-message|rothcoretest lost due to inactivity.
|
|win|Fin_Erza2
|raw|rothcoretest's rating: 1078 &rarr; <strong>1058</strong><br />(-20 for losing)
|raw|Fin_Erza2's rating: 1109 &rarr; <strong>1132</strong><br />(+23 for winning)
|j|☆rothcoretest
|player|p1|rothcoretest|1|
|l|☆Fin_Erza2
|player|p2|
|l|☆rothcoretest
|player|p1|
