|j|☆Team BBIO 38
|j|☆gardenGnostic
|t:|1760398003
|gametype|singles
|player|p1|Team BBIO 38|dragontamer|1397
|player|p2|gardenGnostic|psychic-gen4|1493
|gen|9
|tier|[Gen 9] OU
|rated|
|rule|HP Percentage Mod: HP is shown in percentages
|rule|Endless Battle Clause: Forcing endless battles is banned
|rule|Species Clause: Limit one of each Pokémon
|rule|OHKO Clause: OHKO moves are banned
|rule|Evasion Items Clause: Evasion items are banned
|rule|Evasion Moves Clause: Evasion moves are banned
|rule|Evasion Abilities Clause: Evasion abilities are banned
|rule|Sleep Moves Clause: Sleep-inducing moves are banned
|clearpoke
|poke|p1|Dusclops, M|
|poke|p1|Blissey, F|
|poke|p1|Flamigo, M|
|poke|p1|Darkrai|
|poke|p1|Ambipom, M|
|poke|p1|Latios, M|
|poke|p2|Ninetales-Alola, M|
|poke|p2|Rillaboom, M|
|poke|p2|Ogerpon-Wellspring, F|
|poke|p2|Gholdengo|
|poke|p2|Glimmora, F|
|poke|p2|Darkrai|
|teampreview
|inactive|Battle timer is ON: inactive players will automatically lose when time's up. (requested by Team BBIO 38)
|
|t:|1760398015
|teamsize|p1|6
|teamsize|p2|6
|start
|switch|p1a: Darkrai|Darkrai|100/100
|switch|p2a: Ninetales|Ninetales-Alola, M|100/100
|-weather|Snowscape|[from] ability: Snow Warning|[of] p2a: Ninetales
|turn|1
|
|t:|1760398031
|switch|p1a: Ambipom|Ambipom, M|100/100
|move|p2a: Ninetales|Aurora Veil|p2a: Ninetales
|-sidestart|p2: gardenGnostic|move: Aurora Veil
|
|-weather|Snowscape|[upkeep]
|upkeep
|turn|2
|inactive|gardenGnostic has 120 seconds left.
|
|t:|1760398065
|switch|p2a: Rillaboom|Rillaboom, M|100/100
|-fieldstart|move: Grassy Terrain|[from] ability: Grassy Surge|[of] p2a: Rillaboom
|move|p1a: Ambipom|Gunk Shot|p2a: Rillaboom
|-supereffective|p2a: Rillaboom
|-damage|p2a: Rillaboom|47/100
|
|-weather|Snowscape|[upkeep]
|-heal|p2a: Rillaboom|53/100|[from] Grassy Terrain
|upkeep
|turn|3
|inactive|gardenGnostic has 120 seconds left.
|inactive|gardenGnostic has 90 seconds left.
|
|t:|1760398106
|switch|p1a: Dusclops|Dusclops, M|100/100
|-item|p2a: Rillaboom|Terrain Extender|[from] ability: Frisk|[of] p1a: Dusclops
|switch|p2a: Gholdengo|Gholdengo|100/100
|-enditem|p2a: Gholdengo|Grassy Seed
|-boost|p2a: Gholdengo|def|1|[from] item: Grassy Seed
|
|-weather|Snowscape|[upkeep]
|upkeep
|turn|4
|inactive|gardenGnostic has 90 seconds left.
|
|t:|1760398138
|switch|p1a: Blissey|Blissey, F|100/100
|move|p2a: Gholdengo|Nasty Plot|p2a: Gholdengo
|-boost|p2a: Gholdengo|spa|2
|
|-weather|Snowscape|[upkeep]
|upkeep
|turn|5
|
|t:|1760398145
|move|p2a: Gholdengo|Nasty Plot|p2a: Gholdengo
|-boost|p2a: Gholdengo|spa|2
|move|p1a: Blissey|Seismic Toss|p2a: Gholdengo
|-immune|p2a: Gholdengo
|
|-weather|none
|upkeep
|turn|6
|
|t:|1760398154
|switch|p1a: Ambipom|Ambipom, M|100/100
|move|p2a: Gholdengo|Nasty Plot|p2a: Gholdengo
|-boost|p2a: Gholdengo|spa|2
|
|upkeep
|turn|7
|
|t:|1760398161
|move|p1a: Ambipom|Knock Off|p2a: Gholdengo
|-supereffective|p2a: Gholdengo
|-damage|p2a: Gholdengo|83/100
|move|p2a: Gholdengo|Make It Rain|p1a: Ambipom
|-damage|p1a: Ambipom|0 fnt
|-unboost|p2a: Gholdengo|spa|1
|faint|p1a: Ambipom
|
|-heal|p2a: Gholdengo|89/100|[from] Grassy Terrain
|upkeep
|
|t:|1760398172
|switch|p1a: Blissey|Blissey, F|100/100
|turn|8
|inactive|gardenGnostic has 90 seconds left.
|
|t:|1760398214
|move|p2a: Gholdengo|Make It Rain|p1a: Blissey
|-damage|p1a: Blissey|27/100
|-unboost|p2a: Gholdengo|spa|1
|move|p1a: Blissey|Seismic Toss|p2a: Gholdengo
|-immune|p2a: Gholdengo
|
|-heal|p2a: Gholdengo|95/100|[from] Grassy Terrain
|-heal|p1a: Blissey|34/100|[from] Grassy Terrain
|-sideend|p2: gardenGnostic|move: Aurora Veil
|upkeep
|turn|9
|
|t:|1760398241
|move|p2a: Gholdengo|Make It Rain|p1a: Blissey
|-damage|p1a: Blissey|0 fnt
|-unboost|p2a: Gholdengo|spa|1
|faint|p1a: Blissey
|
|-heal|p2a: Gholdengo|100/100|[from] Grassy Terrain
|-fieldend|move: Grassy Terrain
|upkeep
|inactive|Team BBIO 38 has 120 seconds left.
|
|t:|1760398253
|switch|p1a: Flamigo|Flamigo, M|100/100
|turn|10
|inactive|gardenGnostic has 90 seconds left.
|
|t:|1760398271
|-terastallize|p2a: Gholdengo|Fairy
|move|p1a: Flamigo|Close Combat|p2a: Gholdengo
|-resisted|p2a: Gholdengo
|-damage|p2a: Gholdengo|81/100
|-unboost|p1a: Flamigo|def|1
|-unboost|p1a: Flamigo|spd|1
|move|p2a: Gholdengo|Shadow Ball|p1a: Flamigo
|-damage|p1a: Flamigo|0 fnt
|faint|p1a: Flamigo
|
|upkeep
|inactive|Team BBIO 38 has 120 seconds left.
|
|t:|1760398286
|switch|p1a: Latios|Latios, M|100/100
|turn|11
|inactive|gardenGnostic has 90 seconds left.
|
|t:|1760398304
|move|p1a: Latios|Luster Purge|p2a: Gholdengo
|-damage|p2a: Gholdengo|42/100
|-unboost|p2a: Gholdengo|spd|1
|move|p2a: Gholdengo|Shadow Ball|p1a: Latios
|-supereffective|p1a: Latios
|-damage|p1a: Latios|0 fnt
|faint|p1a: Latios
|
|upkeep
|
|t:|1760398313
|switch|p1a: Darkrai|Darkrai|100/100
|turn|12
|inactive|gardenGnostic has 90 seconds left.
|
|t:|1760398332
|switch|p2a: Glimmora|Glimmora, F|100/100
|move|p1a: Darkrai|Psychic|p2a: Glimmora
|-supereffective|p2a: Glimmora
|-damage|p2a: Glimmora|0 fnt
|faint|p2a: Glimmora
|
|upkeep
|
|t:|1760398344
|switch|p2a: Rillaboom|Rillaboom, M|53/100
|-fieldstart|move: Grassy Terrain|[from] ability: Grassy Surge|[of] p2a: Rillaboom
|turn|13
|
|t:|1760398348
|move|p2a: Rillaboom|Grassy Glide|p1a: Darkrai
|-damage|p1a: Darkrai|51/100
|move|p1a: Darkrai|Psychic|p2a: Rillaboom
|-damage|p2a: Rillaboom|0 fnt
|faint|p2a: Rillaboom
|
|-heal|p1a: Darkrai|57/100|[from] Grassy Terrain
|upkeep
|
|t:|1760398350
|switch|p2a: Ogerpon|Ogerpon-Wellspring, F|100/100
|turn|14
|
|t:|1760398358
|switch|p1a: Dusclops|Dusclops, M|100/100
|-item|p2a: Ogerpon|Wellspring Mask|[from] ability: Frisk|[of] p1a: Dusclops
|move|p2a: Ogerpon|Swords Dance|p2a: Ogerpon
|-boost|p2a: Ogerpon|atk|2
|
|upkeep
|turn|15
|
|t:|1760398364
|move|p2a: Ogerpon|Ivy Cudgel|p1a: Dusclops|[anim] Ivy Cudgel Water
|-damage|p1a: Dusclops|37/100
|move|p1a: Dusclops|Will-O-Wisp|p2a: Ogerpon
|-status|p2a: Ogerpon|brn
|
|-heal|p1a: Dusclops|43/100|[from] Grassy Terrain
|-damage|p2a: Ogerpon|95/100 brn|[from] brn
|upkeep
|turn|16
|
|t:|1760398385
|move|p2a: Ogerpon|Ivy Cudgel|p1a: Dusclops|[anim] Ivy Cudgel Water
|-damage|p1a: Dusclops|11/100
|move|p1a: Dusclops|Pain Split|p2a: Ogerpon
|-sethp|p2a: Ogerpon|53/100 brn|[from] move: Pain Split|[silent]
|-sethp|p1a: Dusclops|56/100|[from] move: Pain Split
|
|-heal|p2a: Ogerpon|59/100 brn|[from] Grassy Terrain
|-heal|p1a: Dusclops|62/100|[from] Grassy Terrain
|-damage|p2a: Ogerpon|53/100 brn|[from] brn
|upkeep
|turn|17
|
|t:|1760398394
|move|p2a: Ogerpon|Swords Dance|p2a: Ogerpon
|-boost|p2a: Ogerpon|atk|2
|move|p1a: Dusclops|Haze|p1a: Dusclops
|-clearallboost
|
|-heal|p2a: Ogerpon|59/100 brn|[from] Grassy Terrain
|-heal|p1a: Dusclops|68/100|[from] Grassy Terrain
|-damage|p2a: Ogerpon|53/100 brn|[from] brn
|upkeep
|turn|18
|
|t:|1760398411
|switch|p2a: Darkrai|Darkrai|100/100
|move|p1a: Dusclops|Night Shade|p2a: Darkrai
|-damage|p2a: Darkrai|65/100
|
|-heal|p2a: Darkrai|71/100|[from] Grassy Terrain
|-heal|p1a: Dusclops|74/100|[from] Grassy Terrain
|upkeep
|turn|19
|
|t:|1760398418
|switch|p1a: Darkrai|Darkrai|57/100
|move|p2a: Darkrai|Nasty Plot|p2a: Darkrai
|-boost|p2a: Darkrai|spa|2
|
|-heal|p1a: Darkrai|63/100|[from] Grassy Terrain
|-heal|p2a: Darkrai|77/100|[from] Grassy Terrain
|upkeep
|turn|20
|inactive|gardenGnostic has 120 seconds left.
|
|t:|1760398427
|move|p1a: Darkrai|Dark Pulse|p2a: Darkrai
|-resisted|p2a: Darkrai
|-damage|p2a: Darkrai|27/100
|move|p2a: Darkrai|Dark Pulse|p1a: Darkrai
|-resisted|p1a: Darkrai
|-damage|p1a: Darkrai|5/100
|
|-heal|p1a: Darkrai|11/100|[from] Grassy Terrain
|-heal|p2a: Darkrai|33/100|[from] Grassy Terrain
|-fieldend|move: Grassy Terrain
|upkeep
|turn|21
|
|t:|1760398437
|move|p2a: Darkrai|Sucker Punch|p1a: Darkrai
|-resisted|p1a: Darkrai
|-damage|p1a: Darkrai|0 fnt
|faint|p1a: Darkrai
|
|upkeep
|
|t:|1760398441
|switch|p1a: Dusclops|Dusclops, M|74/100
|-item|p2a: Darkrai|Black Glasses|[from] ability: Frisk|[of] p1a: Dusclops
|turn|22
|
|t:|1760398445
|-terastallize|p1a: Dusclops|Water
|move|p2a: Darkrai|Dark Pulse|p1a: Dusclops
|-damage|p1a: Dusclops|13/100
|move|p1a: Dusclops|Night Shade|p2a: Darkrai
|-damage|p2a: Darkrai|0 fnt
|faint|p2a: Darkrai
|
|upkeep
|
|t:|1760398448
|switch|p2a: Gholdengo|Gholdengo, tera:Fairy|42/100
|turn|23
|
|t:|1760398454
|move|p2a: Gholdengo|Shadow Ball|p1a: Dusclops
|-damage|p1a: Dusclops|0 fnt
|faint|p1a: Dusclops
|
|win|gardenGnostic
|raw|Team BBIO 38's rating: 1397 &rarr; <strong>1382</strong><br />(-15 for losing)
|raw|gardenGnostic's rating: 1493 &rarr; <strong>1508</strong><br />(+15 for winning)
|c|☆Team BBIO 38|gg
|l|☆gardenGnostic
|player|p2|
|l|☆Team BBIO 38
|player|p1|
