|j|☆KnightTide
|j|☆avenacaroni
|t:|1760352620
|gametype|singles
|player|p1|KnightTide|marshal|1241
|player|p2|avenacaroni|102|1208
|gen|9
|tier|[Gen 9] OU
|rated|
|rule|HP Percentage Mod: HP is shown in percentages
|rule|Endless Battle Clause: Forcing endless battles is banned
|rule|Species Clause: Limit one of each Pokémon
|rule|OHKO Clause: OHKO moves are banned
|rule|Evasion Items Clause: Evasion items are banned
|rule|Evasion Moves Clause: Evasion moves are banned
|rule|Evasion Abilities Clause: Evasion abilities are banned
|rule|Sleep Moves Clause: Sleep-inducing moves are banned
|clearpoke
|poke|p1|Scizor, F|
|poke|p1|Grimmsnarl, M|
|poke|p1|Tentacruel, F|
|poke|p1|Hydrapple, M|
|poke|p1|Arcanine-Hisui, M|
|poke|p1|Ursaluna, M|
|poke|p2|Infernape, M|
|poke|p2|Garchomp, M|
|poke|p2|Electivire, F|
|poke|p2|Gyarados, M|
|poke|p2|Scizor, F|
|poke|p2|Gengar, M|
|teampreview
|
|t:|1760352633
|teamsize|p1|6
|teamsize|p2|6
|start
|switch|p1a: Ladon 🐲|Hydrapple, M, shiny|100/100
|switch|p2a: Sasha|Scizor, F|100/100
|turn|1
|
|t:|1760352643
|switch|p1a: Krimzon ✂️|Scizor, F|100/100
|move|p2a: Sasha|U-turn|p1a: Krimzon ✂️
|-resisted|p1a: Krimzon ✂️
|-damage|p1a: Krimzon ✂️|78/100
|-damage|p2a: Sasha|84/100|[from] item: Rocky Helmet|[of] p1a: Krimzon ✂️
|
|t:|1760352654
|switch|p2a: Gyro|Gyarados, M|100/100|[from] U-turn
|-ability|p2a: Gyro|Intimidate|boost
|-unboost|p1a: Krimzon ✂️|atk|1
|
|upkeep
|turn|2
|inactive|Battle timer is ON: inactive players will automatically lose when time's up. (requested by KnightTide)
|
|t:|1760352669
|move|p2a: Gyro|Dragon Dance|p2a: Gyro
|-boost|p2a: Gyro|atk|1
|-boost|p2a: Gyro|spe|1
|move|p1a: Krimzon ✂️|Tailwind|p1a: Krimzon ✂️
|-sidestart|p1: KnightTide|move: Tailwind
|
|upkeep
|turn|3
|
|t:|1760352677
|move|p2a: Gyro|Waterfall|p1a: Krimzon ✂️
|-damage|p1a: Krimzon ✂️|34/100
|-damage|p2a: Gyro|84/100|[from] item: Rocky Helmet|[of] p1a: Krimzon ✂️
|move|p1a: Krimzon ✂️|U-turn|p2a: Gyro
|-resisted|p2a: Gyro
|-damage|p2a: Gyro|71/100
|
|t:|1760352685
|switch|p1a: Tora Khan 🐯|Arcanine-Hisui, M, shiny|100/100|[from] U-turn
|
|upkeep
|turn|4
|
|t:|1760352698
|switch|p2a: Garrus|Garchomp, M|100/100
|move|p1a: Tora Khan 🐯|Head Smash|p2a: Garrus
|-resisted|p2a: Garrus
|-damage|p2a: Garrus|42/100
|-damage|p1a: Tora Khan 🐯|88/100|[from] ability: Rough Skin|[of] p2a: Garrus
|
|upkeep
|turn|5
|
|t:|1760352713
|move|p1a: Tora Khan 🐯|Head Smash|p2a: Garrus
|-resisted|p2a: Garrus
|-damage|p2a: Garrus|0 fnt
|-damage|p1a: Tora Khan 🐯|76/100|[from] ability: Rough Skin|[of] p2a: Garrus
|faint|p2a: Garrus
|
|-sideend|p1: KnightTide|move: Tailwind
|upkeep
|
|t:|1760352724
|switch|p2a: Inferno|Infernape, M|100/100
|turn|6
|
|t:|1760352748
|switch|p1a: Sinestro 👺|Grimmsnarl, M, shiny|100/100
|move|p2a: Inferno|Aura Sphere|p1a: Sinestro 👺
|-crit|p1a: Sinestro 👺
|-damage|p1a: Sinestro 👺|39/100
|
|upkeep
|turn|7
|
|t:|1760352756
|move|p1a: Sinestro 👺|Trick|p2a: Inferno
|-activate|p1a: Sinestro 👺|move: Trick|[of] p2a: Inferno
|-item|p2a: Inferno|Lagging Tail|[from] move: Trick
|-item|p1a: Sinestro 👺|Focus Sash|[from] move: Trick
|move|p2a: Inferno|Fire Blast|p1a: Sinestro 👺
|-damage|p1a: Sinestro 👺|0 fnt
|faint|p1a: Sinestro 👺
|
|upkeep
|
|t:|1760352775
|switch|p1a: Warmonger 🪼|Tentacruel, F|100/100
|turn|8
|inactive|KnightTide has 120 seconds left.
|inactive|avenacaroni has 120 seconds left.
|
|t:|1760352828
|switch|p2a: Clover|Gengar, M|100/100
|-item|p2a: Clover|Air Balloon
|move|p1a: Warmonger 🪼|Hydro Pump|p2a: Clover
|-damage|p2a: Clover|52/100
|-enditem|p2a: Clover|Air Balloon
|
|upkeep
|turn|9
|
|t:|1760352839
|move|p2a: Clover|Thunder Wave|p1a: Warmonger 🪼
|-status|p1a: Warmonger 🪼|par
|cant|p1a: Warmonger 🪼|par
|
|upkeep
|turn|10
|
|t:|1760352851
|move|p2a: Clover|Hex|p1a: Warmonger 🪼
|-damage|p1a: Warmonger 🪼|61/100 par
|cant|p1a: Warmonger 🪼|par
|
|upkeep
|turn|11
|
|t:|1760352870
|switch|p1a: Joe 🌟|Ursaluna, M, shiny|100/100
|move|p2a: Clover|Hex|p1a: Joe 🌟
|-immune|p1a: Joe 🌟
|
|-status|p1a: Joe 🌟|brn|[from] item: Flame Orb
|upkeep
|turn|12
|
|t:|1760352889
|move|p2a: Clover|Focus Blast|p1a: Joe 🌟|[miss]
|-miss|p2a: Clover|p1a: Joe 🌟
|move|p1a: Joe 🌟|Supercell Slam|p2a: Clover
|-crit|p2a: Clover
|-damage|p2a: Clover|0 fnt
|faint|p2a: Clover
|
|-damage|p1a: Joe 🌟|94/100 brn|[from] brn
|upkeep
|inactive|avenacaroni has 90 seconds left.
|
|t:|1760352905
|switch|p2a: Gyro|Gyarados, M|71/100
|-ability|p2a: Gyro|Intimidate|boost
|-unboost|p1a: Joe 🌟|atk|1
|turn|13
|
|t:|1760352910
|switch|p2a: Evie|Electivire, F|100/100
|move|p1a: Joe 🌟|Facade|p2a: Evie
|-damage|p2a: Evie|0 fnt
|faint|p2a: Evie
|
|-damage|p1a: Joe 🌟|88/100 brn|[from] brn
|upkeep
|inactive|avenacaroni has 90 seconds left.
|
|t:|1760352923
|switch|p2a: Sasha|Scizor, F|84/100
|turn|14
|
|t:|1760352942
|switch|p1a: Ladon 🐲|Hydrapple, M, shiny|100/100
|move|p2a: Sasha|Close Combat|p1a: Ladon 🐲
|-damage|p1a: Ladon 🐲|47/100
|-unboost|p2a: Sasha|def|1
|-unboost|p2a: Sasha|spd|1
|
|upkeep
|turn|15
|inactive|KnightTide has 120 seconds left.
|
|t:|1760352985
|move|p2a: Sasha|Close Combat|p1a: Ladon 🐲
|-damage|p1a: Ladon 🐲|0 fnt
|-unboost|p2a: Sasha|def|1
|-unboost|p2a: Sasha|spd|1
|faint|p1a: Ladon 🐲
|
|upkeep
|
|t:|1760352997
|switch|p1a: Tora Khan 🐯|Arcanine-Hisui, M, shiny|76/100
|turn|16
|
|t:|1760353009
|move|p1a: Tora Khan 🐯|Flare Blitz|p2a: Sasha
|-supereffective|p2a: Sasha
|-damage|p2a: Sasha|0 fnt
|faint|p2a: Sasha
|
|upkeep
|
|t:|1760353013
|switch|p2a: Inferno|Infernape, M|100/100
|turn|17
|inactive|KnightTide has 120 seconds left.
|inactive|KnightTide has 90 seconds left.
|
|t:|1760353061
|switch|p1a: Krimzon ✂️|Scizor, F|34/100
|move|p2a: Inferno|Aura Sphere|p1a: Krimzon ✂️
|-damage|p1a: Krimzon ✂️|0 fnt
|faint|p1a: Krimzon ✂️
|
|upkeep
|
|t:|1760353066
|switch|p1a: Warmonger 🪼|Tentacruel, F|61/100 par
|turn|18
|
|t:|1760353075
|switch|p2a: Gyro|Gyarados, M|71/100
|-ability|p2a: Gyro|Intimidate|boost
|-unboost|p1a: Warmonger 🪼|atk|1
|move|p1a: Warmonger 🪼|Hydro Pump|p2a: Gyro
|-resisted|p2a: Gyro
|-damage|p2a: Gyro|56/100
|
|upkeep
|turn|19
|
|t:|1760353083
|move|p2a: Gyro|Earthquake|p1a: Warmonger 🪼
|-supereffective|p1a: Warmonger 🪼
|-damage|p1a: Warmonger 🪼|0 fnt
|faint|p1a: Warmonger 🪼
|
|upkeep
|
|t:|1760353085
|switch|p1a: Joe 🌟|Ursaluna, M, shiny|88/100 brn
|turn|20
|
|t:|1760353093
|move|p2a: Gyro|Waterfall|p1a: Joe 🌟
|-supereffective|p1a: Joe 🌟
|-damage|p1a: Joe 🌟|28/100 brn
|move|p1a: Joe 🌟|Supercell Slam|p2a: Gyro
|-supereffective|p2a: Gyro
|-crit|p2a: Gyro
|-damage|p2a: Gyro|0 fnt
|faint|p2a: Gyro
|
|-damage|p1a: Joe 🌟|22/100 brn|[from] brn
|upkeep
|
|t:|1760353099
|switch|p2a: Inferno|Infernape, M|100/100
|turn|21
|
|t:|1760353106
|move|p1a: Joe 🌟|Facade|p2a: Inferno
|-damage|p2a: Inferno|0 fnt
|faint|p2a: Inferno
|
|win|KnightTide
|raw|KnightTide's rating: 1241 &rarr; <strong>1264</strong><br />(+23 for winning)
|raw|avenacaroni's rating: 1208 &rarr; <strong>1185</strong><br />(-23 for losing)
|l|☆avenacaroni
|player|p2|
|l|☆KnightTide
|player|p1|
|j|☆KnightTide
|player|p1|KnightTide|marshal|
|l|☆KnightTide
|player|p1|
|j|☆KnightTide
|player|p1|KnightTide|marshal|
