|badge|p1|bronze|gen9ou|100-7
|uhtml|medal-msg|<div class="broadcast-blue">Curious what those medals under the avatar are? PS now has Ladder Seasons! For more information, check out the <a href="https://www.smogon.com/forums/threads/3740067/">thread on Smogon.</a></div>
|badge|p2|bronze|gen9ou|100-7
|uhtml|medal-msg|<div class="broadcast-blue">Curious what those medals under the avatar are? PS now has Ladder Seasons! For more information, check out the <a href="https://www.smogon.com/forums/threads/3740067/">thread on Smogon.</a></div>
|j|☆Johnny tots
|j|☆LT123VB 87
|inactive|Battle timer is ON: inactive players will automatically lose when time's up.
|t:|1760370009
|gametype|singles
|player|p1|Johnny tots|101|
|player|p2|LT123VB 87|dawn|
|gen|9
|tier|[Gen 9] OU
|rated|Tournament battle
|rule|HP Percentage Mod: HP is shown in percentages
|rule|Endless Battle Clause: Forcing endless battles is banned
|rule|Species Clause: Limit one of each Pokémon
|rule|OHKO Clause: OHKO moves are banned
|rule|Evasion Items Clause: Evasion items are banned
|rule|Evasion Moves Clause: Evasion moves are banned
|rule|Evasion Abilities Clause: Evasion abilities are banned
|rule|Sleep Moves Clause: Sleep-inducing moves are banned
|clearpoke
|poke|p1|Klefki, M|
|poke|p1|Manaphy|
|poke|p1|Kyurem|
|poke|p1|Cinderace, F|
|poke|p1|Iron Valiant|
|poke|p1|Clefable, F|
|poke|p2|Ogerpon-Wellspring, F|
|poke|p2|Kingambit, F|
|poke|p2|Landorus-Therian, M|
|poke|p2|Glimmora, F|
|poke|p2|Dragapult, F|
|poke|p2|Iron Valiant|
|teampreview
|inactive|LT123VB 87 also wants the timer to be on.
|j| lpgm10
|j| larp legion
|j| periko29
|c| larp legion|go johhny tots
|
|t:|1760370022
|teamsize|p1|6
|teamsize|p2|6
|start
|switch|p1a: Klefki|Klefki, M|100/100
|switch|p2a: Glimmora|Glimmora, F|100/100
|turn|1
|j| dhryu
|l| dhryu
|
|t:|1760370050
|switch|p2a: Landorus|Landorus-Therian, M|100/100
|-ability|p2a: Landorus|Intimidate|boost
|-unboost|p1a: Klefki|atk|1
|move|p1a: Klefki|Light Screen|p1a: Klefki
|-sidestart|p1: Johnny tots|move: Light Screen
|
|upkeep
|turn|2
|
|t:|1760370056
|move|p1a: Klefki|Reflect|p1a: Klefki
|-sidestart|p1: Johnny tots|Reflect
|move|p2a: Landorus|Stealth Rock|p1a: Klefki
|-sidestart|p1: Johnny tots|move: Stealth Rock
|
|upkeep
|turn|3
|
|t:|1760370063
|move|p1a: Klefki|Spikes|p2a: Landorus
|-sidestart|p2: LT123VB 87|Spikes
|move|p2a: Landorus|Taunt|p1a: Klefki
|-start|p1a: Klefki|move: Taunt
|
|upkeep
|turn|4
|
|t:|1760370069
|switch|p1a: Clefable|Clefable, F|100/100
|move|p2a: Landorus|Earthquake|p1a: Clefable
|-damage|p1a: Clefable|77/100
|
|-heal|p1a: Clefable|83/100|[from] item: Leftovers
|upkeep
|turn|5
|
|t:|1760370072
|move|p2a: Landorus|U-turn|p1a: Clefable
|-resisted|p1a: Clefable
|-damage|p1a: Clefable|77/100
|
|t:|1760370082
|switch|p2a: Kingambit|Kingambit, F|100/100|[from] U-turn
|-damage|p2a: Kingambit|88/100|[from] Spikes
|move|p1a: Clefable|Moonblast|p2a: Kingambit
|-damage|p2a: Kingambit|51/100
|
|-heal|p1a: Clefable|84/100|[from] item: Leftovers
|-heal|p2a: Kingambit|57/100|[from] item: Leftovers
|upkeep
|turn|6
|
|t:|1760370086
|move|p1a: Clefable|Fire Blast|p2a: Kingambit
|-supereffective|p2a: Kingambit
|-damage|p2a: Kingambit|0 fnt
|faint|p2a: Kingambit
|-end|p2a: Kingambit|fallenundefined|[silent]
|
|-heal|p1a: Clefable|90/100|[from] item: Leftovers
|upkeep
|
|t:|1760370089
|switch|p2a: Glimmora|Glimmora, F|100/100
|-damage|p2a: Glimmora|88/100|[from] Spikes
|turn|7
|
|t:|1760370093
|move|p2a: Glimmora|Spikes|p1a: Clefable
|-sidestart|p1: Johnny tots|Spikes
|move|p1a: Clefable|Calm Mind|p1a: Clefable
|-boost|p1a: Clefable|spa|1
|-boost|p1a: Clefable|spd|1
|
|-heal|p1a: Clefable|96/100|[from] item: Leftovers
|upkeep
|turn|8
|
|t:|1760370097
|move|p2a: Glimmora|Mortal Spin|p1a: Clefable
|-supereffective|p1a: Clefable
|-damage|p1a: Clefable|90/100
|-status|p1a: Clefable|psn
|-sideend|p2: LT123VB 87|Spikes|[from] move: Mortal Spin|[of] p2a: Glimmora
|move|p1a: Clefable|Calm Mind|p1a: Clefable
|-boost|p1a: Clefable|spa|1
|-boost|p1a: Clefable|spd|1
|
|-heal|p1a: Clefable|96/100 psn|[from] item: Leftovers
|-sideend|p1: Johnny tots|move: Light Screen
|upkeep
|turn|9
|
|t:|1760370100
|switch|p2a: Iron Valiant|Iron Valiant|100/100
|-enditem|p2a: Iron Valiant|Booster Energy
|-activate|p2a: Iron Valiant|ability: Quark Drive|[fromitem]
|-start|p2a: Iron Valiant|quarkdrivespe
|move|p1a: Clefable|Calm Mind|p1a: Clefable
|-boost|p1a: Clefable|spa|1
|-boost|p1a: Clefable|spd|1
|
|-heal|p1a: Clefable|100/100 psn|[from] item: Leftovers
|-sideend|p1: Johnny tots|Reflect
|upkeep
|turn|10
|
|t:|1760370101
|move|p2a: Iron Valiant|Encore|p1a: Clefable
|-start|p1a: Clefable|Encore
|move|p1a: Clefable|Calm Mind|p1a: Clefable
|-boost|p1a: Clefable|spa|1
|-boost|p1a: Clefable|spd|1
|
|upkeep
|turn|11
|
|t:|1760370104
|switch|p1a: Klefki|Klefki, M|100/100
|-damage|p1a: Klefki|95/100|[from] Stealth Rock
|-damage|p1a: Klefki|82/100|[from] Spikes
|move|p2a: Iron Valiant|Swords Dance|p2a: Iron Valiant
|-boost|p2a: Iron Valiant|atk|2
|
|upkeep
|turn|12
|
|t:|1760370108
|-end|p2a: Iron Valiant|Quark Drive|[silent]
|switch|p2a: Landorus|Landorus-Therian, M|100/100
|-ability|p2a: Landorus|Intimidate|boost
|-unboost|p1a: Klefki|atk|1
|move|p1a: Klefki|Reflect|p1a: Klefki
|-sidestart|p1: Johnny tots|Reflect
|
|upkeep
|turn|13
|
|t:|1760370115
|move|p1a: Klefki|Spikes|p2a: Landorus
|-sidestart|p2: LT123VB 87|Spikes
|move|p2a: Landorus|Earthquake|p1a: Klefki
|-supereffective|p1a: Klefki
|-damage|p1a: Klefki|40/100
|
|upkeep
|turn|14
|
|t:|1760370118
|switch|p1a: Clefable|Clefable, F|100/100 psn
|move|p2a: Landorus|Earthquake|p1a: Clefable
|-damage|p1a: Clefable|79/100 psn
|
|-heal|p1a: Clefable|85/100 psn|[from] item: Leftovers
|upkeep
|turn|15
|
|t:|1760370121
|move|p2a: Landorus|Taunt|p1a: Clefable
|-start|p1a: Clefable|move: Taunt
|move|p1a: Clefable|Moonblast|p2a: Landorus
|-damage|p2a: Landorus|60/100
|-unboost|p2a: Landorus|spa|1
|
|-heal|p1a: Clefable|91/100 psn|[from] item: Leftovers
|upkeep
|turn|16
|
|t:|1760370124
|move|p2a: Landorus|U-turn|p1a: Clefable
|-resisted|p1a: Clefable
|-damage|p1a: Clefable|86/100 psn
|
|t:|1760370125
|switch|p2a: Glimmora|Glimmora, F|88/100|[from] U-turn
|-damage|p2a: Glimmora|76/100|[from] Spikes
|move|p1a: Clefable|Moonblast|p2a: Glimmora
|-resisted|p2a: Glimmora
|-damage|p2a: Glimmora|47/100
|
|-heal|p1a: Clefable|93/100 psn|[from] item: Leftovers
|upkeep
|turn|17
|
|t:|1760370131
|move|p2a: Glimmora|Meteor Beam||[still]
|-prepare|p2a: Glimmora|Meteor Beam
|-boost|p2a: Glimmora|spa|1
|-enditem|p2a: Glimmora|Power Herb
|-anim|p2a: Glimmora|Meteor Beam|p1a: Clefable
|-damage|p1a: Clefable|3/100 psn
|move|p1a: Clefable|Moonblast|p2a: Glimmora
|-resisted|p2a: Glimmora
|-damage|p2a: Glimmora|19/100
|
|-heal|p1a: Clefable|9/100 psn|[from] item: Leftovers
|-end|p1a: Clefable|move: Taunt
|upkeep
|turn|18
|
|t:|1760370137
|move|p2a: Glimmora|Earth Power|p1a: Clefable
|-damage|p1a: Clefable|0 fnt
|faint|p1a: Clefable
|
|upkeep
|
|t:|1760370149
|switch|p1a: Iron Valiant|Iron Valiant|100/100
|-damage|p1a: Iron Valiant|94/100|[from] Stealth Rock
|-damage|p1a: Iron Valiant|82/100|[from] Spikes
|-enditem|p1a: Iron Valiant|Booster Energy
|-activate|p1a: Iron Valiant|ability: Quark Drive|[fromitem]
|-start|p1a: Iron Valiant|quarkdrivespe
|turn|19
|
|t:|1760370153
|move|p1a: Iron Valiant|Moonblast|p2a: Glimmora
|-resisted|p2a: Glimmora
|-damage|p2a: Glimmora|0 fnt
|faint|p2a: Glimmora
|
|-sideend|p1: Johnny tots|Reflect
|upkeep
|
|t:|1760370156
|switch|p2a: Ogerpon|Ogerpon-Wellspring, F|100/100
|-damage|p2a: Ogerpon|88/100|[from] Spikes
|turn|20
|j| dhryu
|
|t:|1760370162
|-terastallize|p2a: Ogerpon|Water
|detailschange|p2a: Ogerpon|Ogerpon-Wellspring-Tera, F, tera:Water
|-ability|p2a: Ogerpon|Embody Aspect (Wellspring)|boost
|-boost|p2a: Ogerpon|spd|1
|move|p1a: Iron Valiant|Moonblast|p2a: Ogerpon
|-damage|p2a: Ogerpon|54/100
|move|p2a: Ogerpon|Ivy Cudgel|p1a: Iron Valiant|[anim] Ivy Cudgel Water
|-damage|p1a: Iron Valiant|0 fnt
|faint|p1a: Iron Valiant
|-end|p1a: Iron Valiant|Quark Drive|[silent]
|
|upkeep
|
|t:|1760370170
|switch|p1a: Cinderace|Cinderace, F|100/100
|turn|21
|
|t:|1760370176
|switch|p2a: Landorus|Landorus-Therian, M|60/100
|-ability|p2a: Landorus|Intimidate|boost
|-unboost|p1a: Cinderace|atk|1
|move|p1a: Cinderace|Court Change|p1a: Cinderace
|-swapsideconditions
|-activate|p1a: Cinderace|move: Court Change
|
|upkeep
|turn|22
|
|t:|1760370180
|move|p1a: Cinderace|Swords Dance|p1a: Cinderace
|-boost|p1a: Cinderace|atk|2
|move|p2a: Landorus|Stealth Rock|p1a: Cinderace
|-sidestart|p1: Johnny tots|move: Stealth Rock
|
|upkeep
|turn|23
|
|t:|1760370182
|move|p1a: Cinderace|Pyro Ball|p2a: Landorus
|-damage|p2a: Landorus|0 fnt
|faint|p2a: Landorus
|
|upkeep
|
|t:|1760370184
|switch|p2a: Dragapult|Dragapult, F|100/100
|-damage|p2a: Dragapult|88/100|[from] Stealth Rock
|-damage|p2a: Dragapult|76/100|[from] Spikes
|turn|24
|c| larp legion|amazing sd
|
|t:|1760370187
|move|p1a: Cinderace|Sucker Punch|p2a: Dragapult
|-supereffective|p2a: Dragapult
|-damage|p2a: Dragapult|0 fnt
|faint|p2a: Dragapult
|
|upkeep
|
|t:|1760370189
|switch|p2a: Iron Valiant|Iron Valiant|100/100
|-damage|p2a: Iron Valiant|94/100|[from] Stealth Rock
|-damage|p2a: Iron Valiant|82/100|[from] Spikes
|turn|25
|
|t:|1760370191
|move|p1a: Cinderace|Pyro Ball|p2a: Iron Valiant
|-damage|p2a: Iron Valiant|0 fnt
|faint|p2a: Iron Valiant
|-end|p2a: Iron Valiant|Quark Drive|[silent]
|
|upkeep
|
|t:|1760370194
|switch|p2a: Ogerpon|Ogerpon-Wellspring-Tera, F, tera:Water|54/100
|-damage|p2a: Ogerpon|42/100|[from] Stealth Rock
|-damage|p2a: Ogerpon|29/100|[from] Spikes
|-ability|p2a: Ogerpon|Embody Aspect (Wellspring)|boost
|-boost|p2a: Ogerpon|spd|1
|turn|26
|
|t:|1760370201
|move|p1a: Cinderace|Sucker Punch|p2a: Ogerpon
|-damage|p2a: Ogerpon|0 fnt
|faint|p2a: Ogerpon
|detailschange|p2: Ogerpon|Ogerpon-Wellspring, F|[silent]
|
|win|Johnny tots
|n|☆Johnny tots|johnnytots
|n|☆LT123VB 87|lt123vb87
|n| lpgm10|lpgm10
|n| larp legion|larplegion
|n| periko29|periko29
|n| dhryu|dhryu
|l| larp legion
|l| dhryu
