|j|☆liouts
|j|☆yousonofaBImin
|t:|1760456773
|gametype|singles
|player|p1|liouts|fisherman-gen4|1264
|player|p2|yousonofaBImin|blue|1276
|gen|9
|tier|[Gen 9] OU
|rated|
|rule|HP Percentage Mod: HP is shown in percentages
|rule|Endless Battle Clause: Forcing endless battles is banned
|rule|Species Clause: Limit one of each Pokémon
|rule|OHKO Clause: OHKO moves are banned
|rule|Evasion Items Clause: Evasion items are banned
|rule|Evasion Moves Clause: Evasion moves are banned
|rule|Evasion Abilities Clause: Evasion abilities are banned
|rule|Sleep Moves Clause: Sleep-inducing moves are banned
|clearpoke
|poke|p1|Pelipper, F|
|poke|p1|Barraskewda, F|
|poke|p1|Ogerpon-Wellspring, F|
|poke|p1|Cramorant, M|
|poke|p1|Dondozo, F|
|poke|p1|Raging Bolt|
|poke|p2|Iron Valiant|
|poke|p2|Gliscor, M|
|poke|p2|Alomomola, F|
|poke|p2|Blissey, F|
|poke|p2|Raging Bolt|
|poke|p2|Cinderace, F|
|teampreview
|
|t:|1760456826
|teamsize|p1|6
|teamsize|p2|6
|start
|switch|p1a: Pelipper|Pelipper, F|100/100
|switch|p2a: Raging Bolt|Raging Bolt|100/100
|-weather|RainDance|[from] ability: Drizzle|[of] p1a: Pelipper
|-enditem|p2a: Raging Bolt|Booster Energy
|-activate|p2a: Raging Bolt|ability: Protosynthesis|[fromitem]
|-start|p2a: Raging Bolt|protosynthesisspa
|turn|1
|
|t:|1760456848
|-terastallize|p1a: Pelipper|Ground
|move|p2a: Raging Bolt|Thunderbolt|p1a: Pelipper
|-immune|p1a: Pelipper
|move|p1a: Pelipper|Hydro Pump|p2a: Raging Bolt
|-resisted|p2a: Raging Bolt
|-damage|p2a: Raging Bolt|80/100
|
|-weather|RainDance|[upkeep]
|upkeep
|turn|2
|
|t:|1760456861
|move|p2a: Raging Bolt|Calm Mind|p2a: Raging Bolt
|-boost|p2a: Raging Bolt|spa|1
|-boost|p2a: Raging Bolt|spd|1
|move|p1a: Pelipper|U-turn|p2a: Raging Bolt
|-damage|p2a: Raging Bolt|73/100
|
|t:|1760456868
|switch|p1a: Barraskewda|Barraskewda, F, shiny|100/100|[from] U-turn
|
|-weather|RainDance|[upkeep]
|upkeep
|turn|3
|
|t:|1760456874
|move|p2a: Raging Bolt|Thunderclap|p1a: Barraskewda
|-supereffective|p1a: Barraskewda
|-damage|p1a: Barraskewda|0 fnt
|faint|p1a: Barraskewda
|
|-weather|RainDance|[upkeep]
|upkeep
|
|t:|1760456879
|switch|p1a: Ogerpon|Ogerpon-Wellspring, F|100/100
|turn|4
|
|t:|1760456883
|move|p1a: Ogerpon|Ivy Cudgel|p2a: Raging Bolt|[anim] Ivy Cudgel Water
|-resisted|p2a: Raging Bolt
|-crit|p2a: Raging Bolt
|-damage|p2a: Raging Bolt|21/100
|move|p2a: Raging Bolt|Thunderbolt|p1a: Ogerpon
|-damage|p1a: Ogerpon|0 fnt
|faint|p1a: Ogerpon
|
|-weather|RainDance|[upkeep]
|upkeep
|
|t:|1760456894
|switch|p1a: Pelipper|Pelipper, F, tera:Ground|100/100
|turn|5
|
|t:|1760456898
|move|p2a: Raging Bolt|Dragon Pulse|p1a: Pelipper
|-damage|p1a: Pelipper|0 fnt
|faint|p1a: Pelipper
|
|-weather|RainDance|[upkeep]
|upkeep
|
|t:|1760456902
|switch|p1a: Cramorant|Cramorant, M|100/100
|turn|6
|
|t:|1760456905
|move|p2a: Raging Bolt|Thunderclap|p1a: Cramorant
|-supereffective|p1a: Cramorant
|-damage|p1a: Cramorant|0 fnt
|faint|p1a: Cramorant
|
|-weather|RainDance|[upkeep]
|upkeep
|
|t:|1760456909
|switch|p1a: Raging Bolt|Raging Bolt|100/100
|-enditem|p1a: Raging Bolt|Booster Energy
|-activate|p1a: Raging Bolt|ability: Protosynthesis|[fromitem]
|-start|p1a: Raging Bolt|protosynthesisspa
|turn|7
|c|☆yousonofaBImin|Are you trying
|
|t:|1760456918
|-terastallize|p2a: Raging Bolt|Bug
|move|p2a: Raging Bolt|Dragon Pulse|p1a: Raging Bolt
|-supereffective|p1a: Raging Bolt
|-damage|p1a: Raging Bolt|0 fnt
|faint|p1a: Raging Bolt
|-end|p1a: Raging Bolt|Protosynthesis|[silent]
|
|-weather|RainDance|[upkeep]
|upkeep
|
|t:|1760456924
|switch|p1a: Dondozo|Dondozo, F|100/100
|turn|8
|c|☆yousonofaBImin|This boi might be a problem
|
|t:|1760456940
|move|p2a: Raging Bolt|Thunderbolt|p1a: Dondozo
|-supereffective|p1a: Dondozo
|-damage|p1a: Dondozo|0 fnt
|faint|p1a: Dondozo
|
|win|yousonofaBImin
|raw|liouts's rating: 1264 &rarr; <strong>1240</strong><br />(-24 for losing)
|raw|yousonofaBImin's rating: 1276 &rarr; <strong>1300</strong><br />(+24 for winning)
|c|☆yousonofaBImin|Nope
|l|☆liouts
|player|p1|
