|j|☆zkuria
|j|‽battler12312001
|t:|1760329466
|gametype|singles
|player|p1|zkuria|brycen|1299
|player|p2|battler12312001|hilbert-wonderlauncher|1296
|gen|9
|tier|[Gen 9] OU
|rated|
|rule|HP Percentage Mod: HP is shown in percentages
|rule|Endless Battle Clause: Forcing endless battles is banned
|rule|Species Clause: Limit one of each Pokémon
|rule|OHKO Clause: OHKO moves are banned
|rule|Evasion Items Clause: Evasion items are banned
|rule|Evasion Moves Clause: Evasion moves are banned
|rule|Evasion Abilities Clause: Evasion abilities are banned
|rule|Sleep Moves Clause: Sleep-inducing moves are banned
|clearpoke
|poke|p1|Enamorus, F|
|poke|p1|Garchomp, F|
|poke|p1|Iron Treads|
|poke|p1|Weezing-Galar, M|
|poke|p1|Gholdengo|
|poke|p1|Ceruledge, M|
|poke|p2|Hawlucha, M|
|poke|p2|Rillaboom, M|
|poke|p2|Great Tusk|
|poke|p2|Rotom-Heat|
|poke|p2|Primarina, F|
|poke|p2|Polteageist-Antique|
|teampreview
|inactive|Battle timer is ON: inactive players will automatically lose when time's up. (requested by battler12312001)
|
|t:|1760329503
|teamsize|p1|6
|teamsize|p2|6
|start
|switch|p1a: Ceruledge|Ceruledge, M|100/100
|switch|p2a: Great Tusk|Great Tusk, shiny|100/100
|-enditem|p2a: Great Tusk|Booster Energy
|-activate|p2a: Great Tusk|ability: Protosynthesis|[fromitem]
|-start|p2a: Great Tusk|protosynthesisspe
|turn|1
|
|t:|1760329517
|switch|p1a: Enamorus|Enamorus, F, shiny|100/100
|move|p2a: Great Tusk|Bulk Up|p2a: Great Tusk
|-boost|p2a: Great Tusk|atk|1
|-boost|p2a: Great Tusk|def|1
|
|upkeep
|turn|2
|
|t:|1760329546
|move|p1a: Enamorus|Moonblast|p2a: Great Tusk
|-supereffective|p2a: Great Tusk
|-damage|p2a: Great Tusk|0 fnt
|faint|p2a: Great Tusk
|-end|p2a: Great Tusk|Protosynthesis|[silent]
|
|upkeep
|inactive|battler12312001 has 120 seconds left.
|
|t:|1760329558
|switch|p2a: Rotom|Rotom-Heat, shiny|100/100
|turn|3
|
|t:|1760329566
|switch|p1a: Ceruledge|Ceruledge, M|100/100
|move|p2a: Rotom|Overheat|p1a: Ceruledge
|-start|p1a: Ceruledge|ability: Flash Fire
|
|upkeep
|turn|4
|
|t:|1760329579
|switch|p2a: Primarina|Primarina, F, shiny|100/100
|move|p1a: Ceruledge|Poltergeist|p2a: Primarina
|-activate|p2a: Primarina|move: Poltergeist|Leftovers
|-damage|p2a: Primarina|30/100
|
|-heal|p2a: Primarina|36/100|[from] item: Leftovers
|upkeep
|turn|5
|
|t:|1760329588
|move|p1a: Ceruledge|Poltergeist|p2a: Primarina
|-activate|p2a: Primarina|move: Poltergeist|Leftovers
|-damage|p2a: Primarina|0 fnt
|faint|p2a: Primarina
|
|upkeep
|
|t:|1760329592
|switch|p2a: Polteageist|Polteageist-Antique, shiny|100/100
|turn|6
|
|t:|1760329598
|-terastallize|p2a: Polteageist|Normal
|move|p1a: Ceruledge|Poltergeist|p2a: Polteageist
|-immune|p2a: Polteageist
|move|p2a: Polteageist|Shell Smash|p2a: Polteageist
|-unboost|p2a: Polteageist|def|1
|-unboost|p2a: Polteageist|spd|1
|-boost|p2a: Polteageist|atk|2
|-boost|p2a: Polteageist|spa|2
|-boost|p2a: Polteageist|spe|2
|-enditem|p2a: Polteageist|White Herb
|-clearnegativeboost|p2a: Polteageist|[silent]
|
|upkeep
|turn|7
|
|t:|1760329611
|-terastallize|p1a: Ceruledge|Fire
|move|p2a: Polteageist|Shadow Ball|p1a: Ceruledge
|-damage|p1a: Ceruledge|0 fnt
|faint|p1a: Ceruledge
|
|upkeep
|inactive|zkuria has 120 seconds left.
|
|t:|1760329641
|switch|p1a: Iron Treads|Iron Treads|100/100
|turn|8
|inactive|zkuria has 120 seconds left.
|
|t:|1760329652
|move|p2a: Polteageist|Giga Drain|p1a: Iron Treads
|-damage|p1a: Iron Treads|49/100
|move|p1a: Iron Treads|Earthquake|p2a: Polteageist
|-damage|p2a: Polteageist|11/100
|
|upkeep
|turn|9
|inactive|zkuria has 120 seconds left.
|
|t:|1760329663
|move|p2a: Polteageist|Giga Drain|p1a: Iron Treads
|-damage|p1a: Iron Treads|0 fnt
|-heal|p2a: Polteageist|41/100|[from] drain|[of] p1a: Iron Treads
|faint|p1a: Iron Treads
|-end|p1a: Iron Treads|Quark Drive|[silent]
|
|upkeep
|inactive|zkuria has 120 seconds left.
|
|t:|1760329669
|switch|p1a: Weezing|Weezing-Galar, M|100/100
|-ability|p1a: Weezing|Neutralizing Gas
|turn|10
|
|t:|1760329677
|move|p2a: Polteageist|Psyshock|p1a: Weezing
|-supereffective|p1a: Weezing
|-damage|p1a: Weezing|26/100
|move|p1a: Weezing|Sludge Wave|p2a: Polteageist
|-damage|p2a: Polteageist|10/100
|
|upkeep
|turn|11
|
|t:|1760329689
|-end|p1a: Weezing|ability: Neutralizing Gas
|switch|p1a: Garchomp|Garchomp, F, shiny|100/100
|move|p2a: Polteageist|Shadow Ball|p1a: Garchomp
|-damage|p1a: Garchomp|11/100
|
|upkeep
|turn|12
|inactive|zkuria has 120 seconds left.
|
|t:|1760329710
|move|p2a: Polteageist|Giga Drain|p1a: Garchomp
|-damage|p1a: Garchomp|0 fnt
|-heal|p2a: Polteageist|19/100|[from] drain|[of] p1a: Garchomp
|faint|p1a: Garchomp
|
|upkeep
|inactive|zkuria has 120 seconds left.
|
|t:|1760329716
|switch|p1a: Gholdengo|Gholdengo|100/100
|-item|p1a: Gholdengo|Air Balloon
|turn|13
|inactive|zkuria has 120 seconds left.
|
|t:|1760329747
|move|p2a: Polteageist|Shadow Ball|p1a: Gholdengo
|-supereffective|p1a: Gholdengo
|-damage|p1a: Gholdengo|0 fnt
|-enditem|p1a: Gholdengo|Air Balloon
|faint|p1a: Gholdengo
|
|upkeep
|
|t:|1760329755
|switch|p1a: Enamorus|Enamorus, F, shiny|100/100
|turn|14
|
|t:|1760329769
|move|p1a: Enamorus|Moonblast|p2a: Polteageist
|-damage|p2a: Polteageist|0 fnt
|faint|p2a: Polteageist
|
|upkeep
|
|t:|1760329773
|switch|p2a: Rotom|Rotom-Heat, shiny|100/100
|turn|15
|
|t:|1760329780
|switch|p1a: Weezing|Weezing-Galar, M|26/100
|-ability|p1a: Weezing|Neutralizing Gas
|move|p2a: Rotom|Volt Switch|p1a: Weezing
|-damage|p1a: Weezing|0 fnt
|faint|p1a: Weezing
|-end|p1a: Weezing|ability: Neutralizing Gas
|
|t:|1760329786
|switch|p2a: Rillaboom|Rillaboom, M, shiny|100/100|[from] Volt Switch
|-fieldstart|move: Grassy Terrain|[from] ability: Grassy Surge|[of] p2a: Rillaboom
|
|upkeep
|
|t:|1760329792
|switch|p1a: Enamorus|Enamorus, F, shiny|100/100
|turn|16
|
|t:|1760329795
|move|p2a: Rillaboom|Grassy Glide|p1a: Enamorus
|-resisted|p1a: Enamorus
|-damage|p1a: Enamorus|63/100
|-damage|p2a: Rillaboom|91/100|[from] item: Life Orb
|move|p1a: Enamorus|Moonblast|p2a: Rillaboom
|-damage|p2a: Rillaboom|26/100
|
|-heal|p2a: Rillaboom|32/100|[from] Grassy Terrain
|upkeep
|turn|17
|
|t:|1760329804
|move|p2a: Rillaboom|Grassy Glide|p1a: Enamorus
|-resisted|p1a: Enamorus
|-damage|p1a: Enamorus|24/100
|-damage|p2a: Rillaboom|22/100|[from] item: Life Orb
|move|p1a: Enamorus|Moonblast|p2a: Rillaboom
|-damage|p2a: Rillaboom|0 fnt
|faint|p2a: Rillaboom
|
|upkeep
|
|t:|1760329809
|switch|p2a: Hawlucha|Hawlucha, M, shiny|100/100
|-enditem|p2a: Hawlucha|Grassy Seed
|-boost|p2a: Hawlucha|def|1|[from] item: Grassy Seed
|turn|18
|
|t:|1760329819
|move|p2a: Hawlucha|Poison Jab|p1a: Enamorus
|-supereffective|p1a: Enamorus
|-damage|p1a: Enamorus|0 fnt
|faint|p1a: Enamorus
|
|win|battler12312001
|raw|zkuria's rating: 1299 &rarr; <strong>1274</strong><br />(-25 for losing)
|raw|battler12312001's rating: 1296 &rarr; <strong>1321</strong><br />(+25 for winning)
|l|☆zkuria
|player|p1|
