|j|☆Pokemaster rico
|j|☆shasow5551
|t:|1760315383
|gametype|singles
|player|p1|Pokemaster rico|rood|1112
|player|p2|shasow5551|benga|1113
|gen|9
|tier|[Gen 9] OU
|rated|
|rule|HP Percentage Mod: HP is shown in percentages
|rule|Endless Battle Clause: Forcing endless battles is banned
|rule|Species Clause: Limit one of each Pokémon
|rule|OHKO Clause: OHKO moves are banned
|rule|Evasion Items Clause: Evasion items are banned
|rule|Evasion Moves Clause: Evasion moves are banned
|rule|Evasion Abilities Clause: Evasion abilities are banned
|rule|Sleep Moves Clause: Sleep-inducing moves are banned
|clearpoke
|poke|p1|Brambleghast, F|
|poke|p1|Porygon2|
|poke|p1|Hitmonlee, M|
|poke|p1|Krookodile, F|
|poke|p1|Gardevoir, M|
|poke|p1|Lumineon, F|
|poke|p2|Luxray, M|
|poke|p2|Meowscarada, F|
|poke|p2|Latios, M|
|poke|p2|Darkrai|
|poke|p2|Blaziken, M|
|poke|p2|Glimmora, F|
|teampreview
|
|t:|1760315393
|teamsize|p1|6
|teamsize|p2|6
|start
|switch|p1a: Krookodile|Krookodile, F, shiny|100/100
|switch|p2a: Glimmora|Glimmora, F, shiny|100/100
|-item|p2a: Glimmora|Air Balloon
|turn|1
|
|t:|1760315401
|move|p1a: Krookodile|Stealth Rock|p2a: Glimmora
|-sidestart|p2: shasow5551|move: Stealth Rock
|move|p2a: Glimmora|Mortal Spin|p1a: Krookodile
|-resisted|p1a: Krookodile
|-damage|p1a: Krookodile|97/100
|-status|p1a: Krookodile|psn
|-damage|p2a: Glimmora|84/100|[from] item: Rocky Helmet|[of] p1a: Krookodile
|-sideend|p2: shasow5551|Stealth Rock|[from] move: Mortal Spin|[of] p2a: Glimmora
|
|-damage|p1a: Krookodile|84/100 psn|[from] psn
|upkeep
|turn|2
|
|t:|1760315412
|move|p1a: Krookodile|Crunch|p2a: Glimmora
|-damage|p2a: Glimmora|41/100
|-activate|p2a: Glimmora|ability: Toxic Debris
|-sidestart|p1: Pokemaster rico|move: Toxic Spikes
|-enditem|p2a: Glimmora|Air Balloon
|move|p2a: Glimmora|Stealth Rock|p1a: Krookodile
|-sidestart|p1: Pokemaster rico|move: Stealth Rock
|
|-damage|p1a: Krookodile|72/100 psn|[from] psn
|upkeep
|turn|3
|
|t:|1760315430
|move|p1a: Krookodile|Earthquake|p2a: Glimmora
|-supereffective|p2a: Glimmora
|-damage|p2a: Glimmora|0 fnt
|-activate|p2a: Glimmora|ability: Toxic Debris
|-sidestart|p1: Pokemaster rico|move: Toxic Spikes
|faint|p2a: Glimmora
|-ability|p1a: Krookodile|Moxie|boost
|-boost|p1a: Krookodile|atk|1
|
|-damage|p1a: Krookodile|60/100 psn|[from] psn
|upkeep
|
|t:|1760315450
|switch|p2a: Luxray|Luxray, M|100/100
|turn|4
|
|t:|1760315462
|-terastallize|p2a: Luxray|Normal
|move|p1a: Krookodile|Earthquake|p2a: Luxray
|-damage|p2a: Luxray|0 fnt
|faint|p2a: Luxray
|-ability|p1a: Krookodile|Moxie|boost
|-boost|p1a: Krookodile|atk|1
|
|-damage|p1a: Krookodile|47/100 psn|[from] psn
|upkeep
|
|t:|1760315483
|switch|p2a: Meowscarada|Meowscarada, F|100/100
|turn|5
|
|t:|1760315487
|-terastallize|p1a: Krookodile|Fairy
|move|p2a: Meowscarada|Flower Trick|p1a: Krookodile
|-start|p2a: Meowscarada|typechange|Grass|[from] ability: Protean
|-crit|p1a: Krookodile
|-damage|p1a: Krookodile|0 fnt
|faint|p1a: Krookodile
|
|upkeep
|
|t:|1760315502
|switch|p1a: Hitmonlee|Hitmonlee, M, shiny|100/100
|-status|p1a: Hitmonlee|tox
|-damage|p1a: Hitmonlee|94/100 tox|[from] Stealth Rock
|turn|6
|
|t:|1760315507
|switch|p2a: Latios|Latios, M|100/100
|move|p1a: Hitmonlee|Rapid Spin|p2a: Latios
|-damage|p2a: Latios|75/100
|-boost|p1a: Hitmonlee|spe|1
|-sideend|p1: Pokemaster rico|Toxic Spikes|[from] move: Rapid Spin|[of] p1a: Hitmonlee
|-sideend|p1: Pokemaster rico|Stealth Rock|[from] move: Rapid Spin|[of] p1a: Hitmonlee
|
|-damage|p1a: Hitmonlee|88/100 tox|[from] psn
|upkeep
|turn|7
|
|t:|1760315518
|move|p1a: Hitmonlee|Knock Off|p2a: Latios
|-supereffective|p2a: Latios
|-damage|p2a: Latios|0 fnt
|-enditem|p2a: Latios|Soul Dew|[from] move: Knock Off|[of] p1a: Hitmonlee
|faint|p2a: Latios
|
|-damage|p1a: Hitmonlee|76/100 tox|[from] psn
|upkeep
|
|t:|1760315526
|switch|p2a: Blaziken|Blaziken, M|100/100
|turn|8
|
|t:|1760315530
|move|p1a: Hitmonlee|Close Combat|p2a: Blaziken
|-enditem|p2a: Blaziken|Focus Sash
|-damage|p2a: Blaziken|1/100
|-unboost|p1a: Hitmonlee|def|1
|-unboost|p1a: Hitmonlee|spd|1
|move|p2a: Blaziken|Swords Dance|p2a: Blaziken
|-boost|p2a: Blaziken|atk|2
|
|-damage|p1a: Hitmonlee|57/100 tox|[from] psn
|-ability|p2a: Blaziken|Speed Boost|boost
|-boost|p2a: Blaziken|spe|1
|upkeep
|turn|9
|
|t:|1760315543
|move|p2a: Blaziken|Protect|p2a: Blaziken
|-singleturn|p2a: Blaziken|Protect
|move|p1a: Hitmonlee|Rapid Spin|p2a: Blaziken
|-activate|p2a: Blaziken|move: Protect
|
|-damage|p1a: Hitmonlee|32/100 tox|[from] psn
|-ability|p2a: Blaziken|Speed Boost|boost
|-boost|p2a: Blaziken|spe|1
|upkeep
|turn|10
|
|t:|1760315554
|move|p2a: Blaziken|Close Combat|p1a: Hitmonlee
|-damage|p1a: Hitmonlee|0 fnt
|-unboost|p2a: Blaziken|def|1
|-unboost|p2a: Blaziken|spd|1
|faint|p1a: Hitmonlee
|
|-ability|p2a: Blaziken|Speed Boost|boost
|-boost|p2a: Blaziken|spe|1
|upkeep
|
|t:|1760315565
|switch|p1a: Brambleghast|Brambleghast, F, shiny|100/100
|turn|11
|
|t:|1760315571
|move|p2a: Blaziken|Blaze Kick|p1a: Brambleghast|[miss]
|-miss|p2a: Blaziken|p1a: Brambleghast
|move|p1a: Brambleghast|Rapid Spin|p2a: Blaziken
|-crit|p2a: Blaziken
|-damage|p2a: Blaziken|0 fnt
|-boost|p1a: Brambleghast|spe|1
|faint|p2a: Blaziken
|
|upkeep
|
|t:|1760315580
|switch|p2a: Meowscarada|Meowscarada, F|100/100
|turn|12
|
|t:|1760315594
|move|p1a: Brambleghast|Curse|p2a: Meowscarada
|-start|p2a: Meowscarada|Curse|[of] p1a: Brambleghast
|-damage|p1a: Brambleghast|50/100
|move|p2a: Meowscarada|Knock Off|p1a: Brambleghast
|-start|p2a: Meowscarada|typechange|Dark|[from] ability: Protean
|-supereffective|p1a: Brambleghast
|-damage|p1a: Brambleghast|0 fnt
|-enditem|p1a: Brambleghast|Focus Sash|[from] move: Knock Off|[of] p2a: Meowscarada
|faint|p1a: Brambleghast
|
|-damage|p2a: Meowscarada|76/100|[from] Curse
|upkeep
|
|t:|1760315611
|switch|p1a: Gardevoir|Gardevoir, M|100/100
|-ability|p1a: Gardevoir|Protean|Trace|[from] ability: Trace|[of] p2a: Meowscarada
|turn|13
|
|t:|1760315620
|move|p2a: Meowscarada|Knock Off|p1a: Gardevoir
|-damage|p1a: Gardevoir|0 fnt
|-enditem|p1a: Gardevoir|Expert Belt|[from] move: Knock Off|[of] p2a: Meowscarada
|faint|p1a: Gardevoir
|
|-damage|p2a: Meowscarada|51/100|[from] Curse
|upkeep
|
|t:|1760315629
|switch|p1a: Lumineon|Lumineon, F, shiny|100/100
|turn|14
|
|t:|1760315641
|move|p2a: Meowscarada|Knock Off|p1a: Lumineon
|-damage|p1a: Lumineon|0 fnt
|-enditem|p1a: Lumineon|Mirror Herb|[from] move: Knock Off|[of] p2a: Meowscarada
|faint|p1a: Lumineon
|
|-damage|p2a: Meowscarada|26/100|[from] Curse
|upkeep
|
|t:|1760315649
|switch|p1a: Porygon2|Porygon2, shiny|100/100
|turn|15
|
|t:|1760315658
|move|p2a: Meowscarada|Knock Off|p1a: Porygon2
|-damage|p1a: Porygon2|57/100
|-enditem|p1a: Porygon2|Eviolite|[from] move: Knock Off|[of] p2a: Meowscarada
|move|p1a: Porygon2|Charge Beam|p2a: Meowscarada
|-damage|p2a: Meowscarada|0 fnt
|-boost|p1a: Porygon2|spa|1
|faint|p2a: Meowscarada
|
|upkeep
|
|t:|1760315668
|switch|p2a: Darkrai|Darkrai|100/100
|turn|16
|
|t:|1760315673
|move|p2a: Darkrai|Dark Pulse|p1a: Porygon2
|-damage|p1a: Porygon2|3/100
|-damage|p2a: Darkrai|91/100|[from] item: Life Orb
|move|p1a: Porygon2|Tri Attack|p2a: Darkrai
|-damage|p2a: Darkrai|0 fnt
|faint|p2a: Darkrai
|
|win|Pokemaster rico
|raw|Pokemaster rico's rating: 1112 &rarr; <strong>1137</strong><br />(+25 for winning)
|raw|shasow5551's rating: 1113 &rarr; <strong>1088</strong><br />(-25 for losing)
|l|☆shasow5551
|player|p2|
|l|☆Pokemaster rico
|player|p1|
