|j|☆drokitzz
|j|☆charizardkasparov
|t:|1760437210
|gametype|singles
|player|p1|drokitzz|lady|1362
|player|p2|charizardkasparov|169|1327
|gen|9
|tier|[Gen 9] OU
|rated|
|rule|HP Percentage Mod: HP is shown in percentages
|rule|Endless Battle Clause: Forcing endless battles is banned
|rule|Species Clause: Limit one of each Pokémon
|rule|OHKO Clause: OHKO moves are banned
|rule|Evasion Items Clause: Evasion items are banned
|rule|Evasion Moves Clause: Evasion moves are banned
|rule|Evasion Abilities Clause: Evasion abilities are banned
|rule|Sleep Moves Clause: Sleep-inducing moves are banned
|clearpoke
|poke|p1|Landorus-Therian, M|
|poke|p1|Samurott-Hisui, F|
|poke|p1|Pecharunt|
|poke|p1|Zamazenta-*|
|poke|p1|Scizor, M|
|poke|p1|Latios, M|
|poke|p2|Typhlosion-Hisui, F|
|poke|p2|Wo-Chien|
|poke|p2|Alomomola, M|
|poke|p2|Raging Bolt|
|poke|p2|Kingambit, F|
|poke|p2|Iron Treads|
|teampreview
|
|t:|1760437231
|teamsize|p1|6
|teamsize|p2|6
|start
|switch|p1a: Samurott|Samurott-Hisui, F|100/100
|switch|p2a: Raging Bolt|Raging Bolt|100/100
|turn|1
|
|t:|1760437241
|switch|p1a: Landorus|Landorus-Therian, M|100/100
|-ability|p1a: Landorus|Intimidate|boost
|-unboost|p2a: Raging Bolt|atk|1
|move|p2a: Raging Bolt|Volt Switch|p1a: Landorus
|-immune|p1a: Landorus
|
|upkeep
|turn|2
|
|t:|1760437249
|-end|p2a: Raging Bolt|Protosynthesis|[silent]
|switch|p2a: Alomomola|Alomomola, M|100/100
|move|p1a: Landorus|Stealth Rock|p2a: Alomomola
|-sidestart|p2: charizardkasparov|move: Stealth Rock
|
|upkeep
|turn|3
|inactive|Battle timer is ON: inactive players will automatically lose when time's up. (requested by charizardkasparov)
|
|t:|1760437257
|switch|p1a: Samurott|Samurott-Hisui, F|100/100
|move|p2a: Alomomola|Scald|p1a: Samurott
|-resisted|p1a: Samurott
|-damage|p1a: Samurott|94/100
|
|upkeep
|turn|4
|
|t:|1760437264
|move|p1a: Samurott|Ceaseless Edge|p2a: Alomomola
|-damage|p2a: Alomomola|73/100
|-damage|p1a: Samurott|77/100|[from] item: Rocky Helmet|[of] p2a: Alomomola
|-sidestart|p2: charizardkasparov|Spikes
|move|p2a: Alomomola|Flip Turn|p1a: Samurott
|-resisted|p1a: Samurott
|-damage|p1a: Samurott|67/100
|
|t:|1760437277
|switch|p2a: Iron Treads|Iron Treads|100/100|[from] Flip Turn
|-damage|p2a: Iron Treads|97/100|[from] Stealth Rock
|-damage|p2a: Iron Treads|85/100|[from] Spikes
|
|upkeep
|turn|5
|
|t:|1760437291
|move|p2a: Iron Treads|Rapid Spin|p1a: Samurott
|-damage|p1a: Samurott|52/100
|-boost|p2a: Iron Treads|spe|1
|-sideend|p2: charizardkasparov|Spikes|[from] move: Rapid Spin|[of] p2a: Iron Treads
|-sideend|p2: charizardkasparov|Stealth Rock|[from] move: Rapid Spin|[of] p2a: Iron Treads
|move|p1a: Samurott|Razor Shell|p2a: Iron Treads
|-supereffective|p2a: Iron Treads
|-damage|p2a: Iron Treads|20/100
|
|upkeep
|turn|6
|
|t:|1760437314
|move|p1a: Samurott|Aqua Jet|p2a: Iron Treads
|-supereffective|p2a: Iron Treads
|-damage|p2a: Iron Treads|0 fnt
|faint|p2a: Iron Treads
|-end|p2a: Iron Treads|Quark Drive|[silent]
|
|upkeep
|
|t:|1760437320
|switch|p2a: Raging Bolt|Raging Bolt|100/100
|turn|7
|
|t:|1760437327
|switch|p1a: Zamazenta|Zamazenta|100/100
|-ability|p1a: Zamazenta|Dauntless Shield|boost
|-boost|p1a: Zamazenta|def|1
|move|p2a: Raging Bolt|Draco Meteor|p1a: Zamazenta
|-damage|p1a: Zamazenta|0 fnt
|-unboost|p2a: Raging Bolt|spa|2
|faint|p1a: Zamazenta
|
|upkeep
|
|t:|1760437337
|switch|p1a: Landorus|Landorus-Therian, M|100/100
|-ability|p1a: Landorus|Intimidate|boost
|-unboost|p2a: Raging Bolt|atk|1
|turn|8
|
|t:|1760437343
|-end|p2a: Raging Bolt|Protosynthesis|[silent]
|switch|p2a: Alomomola|Alomomola, M|100/100
|move|p1a: Landorus|Stealth Rock|p2a: Alomomola
|-sidestart|p2: charizardkasparov|move: Stealth Rock
|
|upkeep
|turn|9
|
|t:|1760437351
|switch|p1a: Pecharunt|Pecharunt|100/100
|move|p2a: Alomomola|Flip Turn|p1a: Pecharunt
|-damage|p1a: Pecharunt|90/100
|
|t:|1760437357
|switch|p2a: Raging Bolt|Raging Bolt|100/100|[from] Flip Turn
|-damage|p2a: Raging Bolt|88/100|[from] Stealth Rock
|
|upkeep
|turn|10
|
|t:|1760437363
|switch|p1a: Scizor|Scizor, M|100/100
|move|p2a: Raging Bolt|Draco Meteor|p1a: Scizor
|-resisted|p1a: Scizor
|-crit|p1a: Scizor
|-damage|p1a: Scizor|0 fnt
|-unboost|p2a: Raging Bolt|spa|2
|faint|p1a: Scizor
|
|upkeep
|
|t:|1760437370
|switch|p1a: Latios|Latios, M|100/100
|turn|11
|
|t:|1760437375
|-end|p2a: Raging Bolt|Protosynthesis|[silent]
|switch|p2a: Wo-Chien|Wo-Chien|100/100
|-damage|p2a: Wo-Chien|88/100|[from] Stealth Rock
|-ability|p2a: Wo-Chien|Tablets of Ruin
|move|p1a: Latios|Calm Mind|p1a: Latios
|-boost|p1a: Latios|spa|1
|-boost|p1a: Latios|spd|1
|
|-heal|p2a: Wo-Chien|94/100|[from] item: Leftovers
|upkeep
|turn|12
|
|t:|1760437387
|-terastallize|p1a: Latios|Steel
|move|p1a: Latios|Calm Mind|p1a: Latios
|-boost|p1a: Latios|spa|1
|-boost|p1a: Latios|spd|1
|move|p2a: Wo-Chien|Knock Off|p1a: Latios
|-damage|p1a: Latios|62/100
|-enditem|p1a: Latios|Soul Dew|[from] move: Knock Off|[of] p2a: Wo-Chien
|
|-heal|p2a: Wo-Chien|100/100|[from] item: Leftovers
|upkeep
|turn|13
|
|t:|1760437398
|move|p1a: Latios|Draco Meteor|p2a: Wo-Chien
|-damage|p2a: Wo-Chien|27/100
|-unboost|p1a: Latios|spa|2
|move|p2a: Wo-Chien|Leech Seed|p1a: Latios
|-start|p1a: Latios|move: Leech Seed
|
|-heal|p2a: Wo-Chien|33/100|[from] item: Leftovers
|-damage|p1a: Latios|49/100|[from] Leech Seed|[of] p2a: Wo-Chien
|-heal|p2a: Wo-Chien|43/100|[silent]
|upkeep
|turn|14
|
|t:|1760437409
|switch|p1a: Landorus|Landorus-Therian, M|100/100
|-ability|p1a: Landorus|Intimidate|boost
|-unboost|p2a: Wo-Chien|atk|1
|move|p2a: Wo-Chien|Protect||[still]
|-fail|p2a: Wo-Chien
|
|-heal|p2a: Wo-Chien|49/100|[from] item: Leftovers
|upkeep
|turn|15
|
|t:|1760437419
|move|p2a: Wo-Chien|Protect|p2a: Wo-Chien
|-singleturn|p2a: Wo-Chien|Protect
|move|p1a: Landorus|U-turn|p2a: Wo-Chien
|-activate|p2a: Wo-Chien|move: Protect
|
|-heal|p2a: Wo-Chien|55/100|[from] item: Leftovers
|upkeep
|turn|16
|
|t:|1760437426
|move|p1a: Landorus|U-turn|p2a: Wo-Chien
|-supereffective|p2a: Wo-Chien
|-damage|p2a: Wo-Chien|0 fnt
|faint|p2a: Wo-Chien
|
|t:|1760437434
|switch|p1a: Pecharunt|Pecharunt|90/100|[from] U-turn
|
|upkeep
|
|t:|1760437439
|switch|p2a: Raging Bolt|Raging Bolt|88/100
|-damage|p2a: Raging Bolt|76/100|[from] Stealth Rock
|turn|17
|
|t:|1760437451
|move|p1a: Pecharunt|Recover|p1a: Pecharunt
|-heal|p1a: Pecharunt|100/100
|move|p2a: Raging Bolt|Draco Meteor|p1a: Pecharunt
|-damage|p1a: Pecharunt|0 fnt
|-unboost|p2a: Raging Bolt|spa|2
|faint|p1a: Pecharunt
|
|upkeep
|
|t:|1760437460
|switch|p1a: Samurott|Samurott-Hisui, F|52/100
|turn|18
|
|t:|1760437464
|move|p1a: Samurott|Ceaseless Edge|p2a: Raging Bolt
|-damage|p2a: Raging Bolt|35/100
|-sidestart|p2: charizardkasparov|Spikes
|move|p2a: Raging Bolt|Draco Meteor|p1a: Samurott
|-damage|p1a: Samurott|1/100
|-unboost|p2a: Raging Bolt|spa|2
|
|upkeep
|turn|19
|
|t:|1760437473
|-end|p2a: Raging Bolt|Protosynthesis|[silent]
|switch|p2a: Alomomola|Alomomola, M|100/100
|-damage|p2a: Alomomola|88/100|[from] Stealth Rock
|-damage|p2a: Alomomola|76/100|[from] Spikes
|move|p1a: Samurott|Ceaseless Edge|p2a: Alomomola
|-damage|p2a: Alomomola|52/100
|-damage|p1a: Samurott|0 fnt|[from] item: Rocky Helmet|[of] p2a: Alomomola
|faint|p1a: Samurott
|
|upkeep
|
|t:|1760437483
|switch|p1a: Latios|Latios, M, tera:Steel|49/100
|turn|20
|
|t:|1760437493
|switch|p2a: Kingambit|Kingambit, F|100/100
|-damage|p2a: Kingambit|94/100|[from] Stealth Rock
|-damage|p2a: Kingambit|82/100|[from] Spikes
|-activate|p2a: Kingambit|ability: Supreme Overlord
|-start|p2a: Kingambit|fallen2|[silent]
|move|p1a: Latios|Recover|p1a: Latios
|-heal|p1a: Latios|99/100
|
|upkeep
|turn|21
|
|t:|1760437503
|switch|p1a: Landorus|Landorus-Therian, M|100/100
|-ability|p1a: Landorus|Intimidate|boost
|-unboost|p2a: Kingambit|atk|1
|move|p2a: Kingambit|Swords Dance|p2a: Kingambit
|-boost|p2a: Kingambit|atk|2
|
|upkeep
|turn|22
|
|t:|1760437512
|-terastallize|p2a: Kingambit|Dark
|move|p2a: Kingambit|Sucker Punch|p1a: Landorus
|-damage|p1a: Landorus|0 fnt
|-damage|p2a: Kingambit|65/100|[from] item: Rocky Helmet|[of] p1a: Landorus
|faint|p1a: Landorus
|
|upkeep
|
|t:|1760437516
|switch|p1a: Latios|Latios, M, tera:Steel|99/100
|turn|23
|
|t:|1760437522
|move|p2a: Kingambit|Sucker Punch|p1a: Latios
|-damage|p1a: Latios|0 fnt
|faint|p1a: Latios
|
|win|charizardkasparov
|raw|drokitzz's rating: 1362 &rarr; <strong>1340</strong><br />(-22 for losing)
|raw|charizardkasparov's rating: 1327 &rarr; <strong>1349</strong><br />(+22 for winning)
|l|☆drokitzz
|player|p1|
|l|☆charizardkasparov
|player|p2|
