|j|☆Astronomy DX
|j|☆yiyvsakkayi
|t:|1760328490
|gametype|singles
|player|p1|Astronomy DX|fisherman-gen4|1162
|player|p2|yiyvsakkayi|265|1202
|gen|9
|tier|[Gen 9] OU
|rated|
|rule|HP Percentage Mod: HP is shown in percentages
|rule|Endless Battle Clause: Forcing endless battles is banned
|rule|Species Clause: Limit one of each Pokémon
|rule|OHKO Clause: OHKO moves are banned
|rule|Evasion Items Clause: Evasion items are banned
|rule|Evasion Moves Clause: Evasion moves are banned
|rule|Evasion Abilities Clause: Evasion abilities are banned
|rule|Sleep Moves Clause: Sleep-inducing moves are banned
|clearpoke
|poke|p1|Hydreigon, M|
|poke|p1|Scizor, F|
|poke|p1|Incineroar, F|
|poke|p1|Swampert, F|
|poke|p1|Sylveon, F|
|poke|p1|Dragapult, F|
|poke|p2|Kingambit, F|
|poke|p2|Cinderace, F|
|poke|p2|Landorus-Therian, M|
|poke|p2|Iron Valiant|
|poke|p2|Kyurem|
|poke|p2|Slowking-Galar, M|
|teampreview
|inactive|Battle timer is ON: inactive players will automatically lose when time's up. (requested by Astronomy DX)
|
|t:|1760328512
|teamsize|p1|6
|teamsize|p2|6
|start
|switch|p1a: Incineroar|Incineroar, F|100/100
|switch|p2a: RIDER KICK|Cinderace, F, shiny|100/100
|-ability|p1a: Incineroar|Intimidate|boost
|-unboost|p2a: RIDER KICK|atk|1
|turn|1
|
|t:|1760328522
|move|p1a: Incineroar|Fake Out|p2a: RIDER KICK
|-damage|p2a: RIDER KICK|83/100
|cant|p2a: RIDER KICK|flinch
|
|upkeep
|turn|2
|
|t:|1760328534
|move|p2a: RIDER KICK|U-turn|p1a: Incineroar
|-start|p2a: RIDER KICK|typechange|Bug|[from] ability: Libero
|-damage|p1a: Incineroar|80/100
|
|t:|1760328544
|switch|p2a: 虫反不虫反虫反|Landorus-Therian, M, shiny|100/100|[from] U-turn
|-ability|p2a: 虫反不虫反虫反|Intimidate|boost
|-unboost|p1a: Incineroar|atk|1
|move|p1a: Incineroar|Knock Off|p2a: 虫反不虫反虫反
|-damage|p2a: 虫反不虫反虫反|77/100
|-damage|p1a: Incineroar|64/100|[from] item: Rocky Helmet|[of] p2a: 虫反不虫反虫反
|-enditem|p2a: 虫反不虫反虫反|Rocky Helmet|[from] move: Knock Off|[of] p1a: Incineroar
|
|upkeep
|turn|3
|
|t:|1760328561
|switch|p1a: Swampert|Swampert, F|100/100
|move|p2a: 虫反不虫反虫反|Stealth Rock|p1a: Swampert
|-sidestart|p1: Astronomy DX|move: Stealth Rock
|
|upkeep
|turn|4
|
|t:|1760328574
|switch|p2a: 再生不再生再生|Slowking-Galar, M, shiny|100/100
|move|p1a: Swampert|Liquidation|p2a: 再生不再生再生
|-damage|p2a: 再生不再生再生|57/100
|
|upkeep
|turn|5
|
|t:|1760328587
|-terastallize|p2a: 再生不再生再生|Water
|move|p1a: Swampert|Earthquake|p2a: 再生不再生再生
|-damage|p2a: 再生不再生再生|2/100
|-prepare|p2a: 再生不再生再生|Chilly Reception|[premajor]
|move|p2a: 再生不再生再生|Chilly Reception|p2a: 再生不再生再生
|-weather|Snowscape
|
|t:|1760328597
|switch|p2a: 冰!|Kyurem, shiny|100/100|[from] Chilly Reception
|-ability|p2a: 冰!|Pressure
|
|-weather|Snowscape|[upkeep]
|upkeep
|turn|6
|
|t:|1760328609
|move|p2a: 冰!|Freeze-Dry|p1a: Swampert
|-supereffective|p1a: Swampert
|-damage|p1a: Swampert|10/100
|move|p1a: Swampert|Flip Turn|p2a: 冰!
|-resisted|p2a: 冰!
|-damage|p2a: 冰!|86/100
|
|t:|1760328616
|switch|p1a: Sylveon|Sylveon, F|100/100|[from] Flip Turn
|-damage|p1a: Sylveon|88/100|[from] Stealth Rock
|
|-weather|Snowscape|[upkeep]
|-heal|p2a: 冰!|92/100|[from] item: Leftovers
|upkeep
|turn|7
|
|t:|1760328634
|switch|p2a: 虫反不虫反虫反|Landorus-Therian, M, shiny|77/100
|-ability|p2a: 虫反不虫反虫反|Intimidate|boost
|-unboost|p1a: Sylveon|atk|1
|move|p1a: Sylveon|Hyper Voice|p2a: 虫反不虫反虫反
|-damage|p2a: 虫反不虫反虫反|5/100
|
|-weather|Snowscape|[upkeep]
|upkeep
|turn|8
|
|t:|1760328657
|switch|p1a: Hydreigon|Hydreigon, M|100/100
|-damage|p1a: Hydreigon|88/100|[from] Stealth Rock
|move|p2a: 虫反不虫反虫反|Earthquake|p1a: Hydreigon
|-immune|p1a: Hydreigon|[from] ability: Levitate
|
|-weather|Snowscape|[upkeep]
|upkeep
|turn|9
|
|t:|1760328671
|move|p1a: Hydreigon|Focus Energy|p1a: Hydreigon
|-start|p1a: Hydreigon|move: Focus Energy
|move|p2a: 虫反不虫反虫反|U-turn|p1a: Hydreigon
|-supereffective|p1a: Hydreigon
|-damage|p1a: Hydreigon|42/100
|
|t:|1760328679
|switch|p2a: Hutroheim light|Iron Valiant|100/100|[from] U-turn
|-enditem|p2a: Hutroheim light|Booster Energy
|-activate|p2a: Hutroheim light|ability: Quark Drive|[fromitem]
|-start|p2a: Hutroheim light|quarkdrivespe
|
|-weather|none
|upkeep
|turn|10
|
|t:|1760328689
|move|p2a: Hutroheim light|Moonblast|p1a: Hydreigon
|-supereffective|p1a: Hydreigon
|-damage|p1a: Hydreigon|0 fnt
|faint|p1a: Hydreigon
|
|upkeep
|
|t:|1760328704
|switch|p1a: Scizor|Scizor, F, shiny|100/100
|-damage|p1a: Scizor|88/100|[from] Stealth Rock
|turn|11
|
|t:|1760328713
|-end|p2a: Hutroheim light|Quark Drive|[silent]
|switch|p2a: 虫反不虫反虫反|Landorus-Therian, M, shiny|5/100
|-ability|p2a: 虫反不虫反虫反|Intimidate|boost
|-unboost|p1a: Scizor|atk|1
|-terastallize|p1a: Scizor|Steel
|move|p1a: Scizor|Bullet Punch|p2a: 虫反不虫反虫反
|-crit|p2a: 虫反不虫反虫反
|-damage|p2a: 虫反不虫反虫反|0 fnt
|faint|p2a: 虫反不虫反虫反
|
|upkeep
|
|t:|1760328721
|switch|p2a: RIDER KICK|Cinderace, F, shiny|83/100
|turn|12
|
|t:|1760328732
|switch|p1a: Dragapult|Dragapult, F|100/100
|-damage|p1a: Dragapult|88/100|[from] Stealth Rock
|move|p2a: RIDER KICK|Will-O-Wisp|p1a: Dragapult
|-status|p1a: Dragapult|brn
|
|-damage|p1a: Dragapult|82/100 brn|[from] brn
|upkeep
|turn|13
|
|t:|1760328755
|switch|p2a: 突袭不突袭突袭|Kingambit, F, shiny|100/100
|-activate|p2a: 突袭不突袭突袭|ability: Supreme Overlord
|-start|p2a: 突袭不突袭突袭|fallen1|[silent]
|move|p1a: Dragapult|Surf|p2a: 突袭不突袭突袭
|-damage|p2a: 突袭不突袭突袭|64/100
|-damage|p1a: Dragapult|72/100 brn|[from] item: Life Orb
|
|-heal|p2a: 突袭不突袭突袭|70/100|[from] item: Leftovers
|-damage|p1a: Dragapult|66/100 brn|[from] brn
|upkeep
|turn|14
|
|t:|1760328778
|switch|p1a: Sylveon|Sylveon, F|88/100
|-damage|p1a: Sylveon|76/100|[from] Stealth Rock
|move|p2a: 突袭不突袭突袭|Iron Head|p1a: Sylveon
|-supereffective|p1a: Sylveon
|-damage|p1a: Sylveon|0 fnt
|faint|p1a: Sylveon
|
|-heal|p2a: 突袭不突袭突袭|76/100|[from] item: Leftovers
|upkeep
|
|t:|1760328793
|switch|p1a: Dragapult|Dragapult, F|66/100 brn
|-damage|p1a: Dragapult|54/100 brn|[from] Stealth Rock
|turn|15
|
|t:|1760328799
|move|p2a: 突袭不突袭突袭|Sucker Punch|p1a: Dragapult
|-supereffective|p1a: Dragapult
|-damage|p1a: Dragapult|0 fnt
|faint|p1a: Dragapult
|
|-heal|p2a: 突袭不突袭突袭|82/100|[from] item: Leftovers
|upkeep
|inactive|Astronomy DX has 120 seconds left.
|c|☆Astronomy DX|Pretty good predict
|
|t:|1760328832
|switch|p1a: Swampert|Swampert, F|10/100
|-damage|p1a: Swampert|4/100|[from] Stealth Rock
|turn|16
|
|t:|1760328838
|move|p2a: 突袭不突袭突袭|Sucker Punch|p1a: Swampert
|-damage|p1a: Swampert|0 fnt
|faint|p1a: Swampert
|
|-heal|p2a: 突袭不突袭突袭|88/100|[from] item: Leftovers
|upkeep
|
|t:|1760328846
|switch|p1a: Incineroar|Incineroar, F|64/100
|-ability|p1a: Incineroar|Intimidate|boost
|-unboost|p2a: 突袭不突袭突袭|atk|1
|turn|17
|inactive|Astronomy DX has 120 seconds left.
|
|t:|1760328853
|-end|p2a: 突袭不突袭突袭|fallen1|[silent]
|switch|p2a: RIDER KICK|Cinderace, F, shiny|83/100
|move|p1a: Incineroar|Fake Out|p2a: RIDER KICK
|-damage|p2a: RIDER KICK|67/100
|
|upkeep
|turn|18
|
|t:|1760328862
|move|p2a: RIDER KICK|U-turn|p1a: Incineroar
|-start|p2a: RIDER KICK|typechange|Bug|[from] ability: Libero
|-damage|p1a: Incineroar|33/100
|
|t:|1760328870
|switch|p2a: 再生不再生再生|Slowking-Galar, M, shiny, tera:Water|36/100|[from] U-turn
|move|p1a: Incineroar|Knock Off|p2a: 再生不再生再生
|-damage|p2a: 再生不再生再生|0 fnt
|-enditem|p2a: 再生不再生再生|Heavy-Duty Boots|[from] move: Knock Off|[of] p1a: Incineroar
|faint|p2a: 再生不再生再生
|
|upkeep
|
|t:|1760328877
|switch|p2a: Hutroheim light|Iron Valiant|100/100
|turn|19
|
|t:|1760328882
|move|p2a: Hutroheim light|Moonblast|p1a: Incineroar
|-damage|p1a: Incineroar|0 fnt
|faint|p1a: Incineroar
|
|upkeep
|
|t:|1760328887
|switch|p1a: Scizor|Scizor, F, shiny, tera:Steel|88/100
|-damage|p1a: Scizor|82/100|[from] Stealth Rock
|turn|20
|
|t:|1760328894
|move|p1a: Scizor|Bullet Punch|p2a: Hutroheim light
|-supereffective|p2a: Hutroheim light
|-damage|p2a: Hutroheim light|0 fnt
|faint|p2a: Hutroheim light
|-end|p2a: Hutroheim light|Quark Drive|[silent]
|
|upkeep
|
|t:|1760328897
|switch|p2a: 突袭不突袭突袭|Kingambit, F, shiny|88/100
|-activate|p2a: 突袭不突袭突袭|ability: Supreme Overlord
|-start|p2a: 突袭不突袭突袭|fallen3|[silent]
|turn|21
|
|t:|1760328904
|move|p2a: 突袭不突袭突袭|Sucker Punch|p1a: Scizor
|-damage|p1a: Scizor|28/100
|move|p1a: Scizor|Bullet Punch|p2a: 突袭不突袭突袭
|-resisted|p2a: 突袭不突袭突袭
|-damage|p2a: 突袭不突袭突袭|63/100
|
|-heal|p2a: 突袭不突袭突袭|69/100|[from] item: Leftovers
|upkeep
|turn|22
|-message|Astronomy DX forfeited.
|
|win|yiyvsakkayi
|raw|Astronomy DX's rating: 1162 &rarr; <strong>1140</strong><br />(-22 for losing)
|raw|yiyvsakkayi's rating: 1202 &rarr; <strong>1224</strong><br />(+22 for winning)
|l|☆Astronomy DX
|player|p1|
|l|☆yiyvsakkayi
|player|p2|
