|j|‽flinchirator
|j|☆soljahting27
|t:|1760317239
|gametype|singles
|player|p1|flinchirator|miku-ice|1421
|player|p2|soljahting27|170|1423
|gen|9
|tier|[Gen 9] OU
|rated|
|rule|HP Percentage Mod: HP is shown in percentages
|rule|Endless Battle Clause: Forcing endless battles is banned
|rule|Species Clause: Limit one of each Pokémon
|rule|OHKO Clause: OHKO moves are banned
|rule|Evasion Items Clause: Evasion items are banned
|rule|Evasion Moves Clause: Evasion moves are banned
|rule|Evasion Abilities Clause: Evasion abilities are banned
|rule|Sleep Moves Clause: Sleep-inducing moves are banned
|clearpoke
|poke|p1|Tornadus-Therian, M|
|poke|p1|Iron Treads|
|poke|p1|Decidueye-Hisui, F|
|poke|p1|Barraskewda, M|
|poke|p1|Pelipper, F|
|poke|p1|Raging Bolt|
|poke|p2|Gliscor, M|
|poke|p2|Walking Wake|
|poke|p2|Slowking-Galar, F|
|poke|p2|Zamazenta-*|
|poke|p2|Ting-Lu|
|poke|p2|Kingambit, F|
|teampreview
|inactive|Battle timer is ON: inactive players will automatically lose when time's up. (requested by flinchirator)
|
|t:|1760317250
|teamsize|p1|6
|teamsize|p2|6
|start
|switch|p1a: Pelipper|Pelipper, F|100/100
|switch|p2a: Walking Wake|Walking Wake|100/100
|-weather|RainDance|[from] ability: Drizzle|[of] p1a: Pelipper
|turn|1
|
|t:|1760317267
|switch|p1a: Tornadus|Tornadus-Therian, M|100/100
|move|p2a: Walking Wake|Knock Off|p1a: Tornadus
|-damage|p1a: Tornadus|75/100
|-enditem|p1a: Tornadus|Choice Specs|[from] move: Knock Off|[of] p2a: Walking Wake
|
|-weather|RainDance|[upkeep]
|upkeep
|turn|2
|
|t:|1760317283
|move|p1a: Tornadus|U-turn|p2a: Walking Wake
|-damage|p2a: Walking Wake|84/100
|
|t:|1760317289
|switch|p1a: Barraskewda|Barraskewda, M|100/100|[from] U-turn
|move|p2a: Walking Wake|Flip Turn|p1a: Barraskewda
|-resisted|p1a: Barraskewda
|-damage|p1a: Barraskewda|78/100
|
|t:|1760317315
|-end|p2a: Walking Wake|Protosynthesis|[silent]
|switch|p2a: Zamazenta|Zamazenta|100/100|[from] Flip Turn
|-ability|p2a: Zamazenta|Dauntless Shield|boost
|-boost|p2a: Zamazenta|def|1
|
|-weather|RainDance|[upkeep]
|upkeep
|turn|3
|
|t:|1760317339
|switch|p1a: Tornadus|Tornadus-Therian, M|100/100
|move|p2a: Zamazenta|Close Combat|p1a: Tornadus
|-resisted|p1a: Tornadus
|-damage|p1a: Tornadus|60/100
|-unboost|p2a: Zamazenta|def|1
|-unboost|p2a: Zamazenta|spd|1
|
|-weather|RainDance|[upkeep]
|upkeep
|turn|4
|
|t:|1760317350
|switch|p2a: Ting-Lu|Ting-Lu|100/100
|-ability|p2a: Ting-Lu|Vessel of Ruin
|move|p1a: Tornadus|Hurricane|p2a: Ting-Lu
|-crit|p2a: Ting-Lu
|-damage|p2a: Ting-Lu|64/100
|
|-weather|RainDance|[upkeep]
|-heal|p2a: Ting-Lu|71/100|[from] item: Leftovers
|upkeep
|turn|5
|
|t:|1760317363
|move|p1a: Tornadus|Weather Ball|p2a: Ting-Lu
|-supereffective|p2a: Ting-Lu
|-damage|p2a: Ting-Lu|30/100
|move|p2a: Ting-Lu|Stealth Rock|p1a: Tornadus
|-sidestart|p1: flinchirator|move: Stealth Rock
|
|-weather|RainDance|[upkeep]
|-heal|p2a: Ting-Lu|36/100|[from] item: Leftovers
|upkeep
|turn|6
|inactive|flinchirator has 120 seconds left.
|
|t:|1760317415
|switch|p2a: Walking Wake|Walking Wake|84/100
|move|p1a: Tornadus|Hurricane|p2a: Walking Wake
|-damage|p2a: Walking Wake|26/100
|
|-weather|RainDance|[upkeep]
|upkeep
|turn|7
|
|t:|1760317426
|move|p1a: Tornadus|Hurricane|p2a: Walking Wake
|-damage|p2a: Walking Wake|0 fnt
|faint|p2a: Walking Wake
|-end|p2a: Walking Wake|Protosynthesis|[silent]
|
|-weather|RainDance|[upkeep]
|upkeep
|inactive|soljahting27 has 120 seconds left.
|
|t:|1760317460
|switch|p2a: Slowking|Slowking-Galar, F|100/100
|turn|8
|inactive|flinchirator has 90 seconds left.
|
|t:|1760317501
|switch|p1a: Iron Treads|Iron Treads|100/100
|-damage|p1a: Iron Treads|98/100|[from] Stealth Rock
|move|p2a: Slowking|Sludge Bomb|p1a: Iron Treads
|-immune|p1a: Iron Treads
|
|-weather|none
|-heal|p1a: Iron Treads|100/100|[from] item: Leftovers
|upkeep
|turn|9
|
|t:|1760317517
|move|p1a: Iron Treads|Rapid Spin|p2a: Slowking
|-damage|p2a: Slowking|88/100
|-boost|p1a: Iron Treads|spe|1
|-sideend|p1: flinchirator|Stealth Rock|[from] move: Rapid Spin|[of] p1a: Iron Treads
|-prepare|p2a: Slowking|Chilly Reception|[premajor]
|move|p2a: Slowking|Chilly Reception|p2a: Slowking
|-weather|Snowscape
|
|t:|1760317532
|switch|p2a: Gliscor|Gliscor, M|100/100|[from] Chilly Reception
|
|-weather|Snowscape|[upkeep]
|-status|p2a: Gliscor|tox|[from] item: Toxic Orb
|upkeep
|turn|10
|inactive|flinchirator has 90 seconds left.
|inactive|soljahting27 has 90 seconds left.
|
|t:|1760317557
|-end|p1a: Iron Treads|Quark Drive|[silent]
|switch|p1a: Tornadus|Tornadus-Therian, M|93/100
|move|p2a: Gliscor|Ice Fang|p1a: Tornadus
|-supereffective|p1a: Tornadus
|-damage|p1a: Tornadus|47/100
|
|-weather|Snowscape|[upkeep]
|upkeep
|turn|11
|inactive|soljahting27 has 90 seconds left.
|
|t:|1760317569
|move|p1a: Tornadus|Weather Ball|p2a: Gliscor
|-supereffective|p2a: Gliscor
|-damage|p2a: Gliscor|0 fnt
|faint|p2a: Gliscor
|
|-weather|Snowscape|[upkeep]
|upkeep
|inactive|soljahting27 has 90 seconds left.
|
|t:|1760317588
|switch|p2a: Zamazenta|Zamazenta|100/100
|turn|12
|inactive|flinchirator has 90 seconds left.
|
|t:|1760317603
|switch|p1a: Decidueye|Decidueye-Hisui, F|100/100
|move|p2a: Zamazenta|Stone Edge|p1a: Decidueye
|-resisted|p1a: Decidueye
|-crit|p1a: Decidueye
|-damage|p1a: Decidueye|81/100
|
|-weather|Snowscape|[upkeep]
|upkeep
|turn|13
|inactive|soljahting27 has 90 seconds left.
|
|t:|1760317618
|switch|p2a: Slowking|Slowking-Galar, F|100/100
|move|p1a: Decidueye|U-turn|p2a: Slowking
|-damage|p2a: Slowking|81/100
|
|t:|1760317624
|switch|p1a: Iron Treads|Iron Treads|100/100|[from] U-turn
|
|-weather|none
|upkeep
|turn|14
|inactive|soljahting27 has 90 seconds left.
|
|t:|1760317652
|move|p1a: Iron Treads|Stealth Rock|p2a: Slowking
|-sidestart|p2: soljahting27|move: Stealth Rock
|move|p2a: Slowking|Flamethrower|p1a: Iron Treads
|-supereffective|p1a: Iron Treads
|-damage|p1a: Iron Treads|63/100
|
|-heal|p1a: Iron Treads|69/100|[from] item: Leftovers
|upkeep
|turn|15
|
|t:|1760317662
|move|p1a: Iron Treads|Knock Off|p2a: Slowking
|-supereffective|p2a: Slowking
|-damage|p2a: Slowking|28/100
|-enditem|p2a: Slowking|Heavy-Duty Boots|[from] move: Knock Off|[of] p1a: Iron Treads
|-prepare|p2a: Slowking|Chilly Reception|[premajor]
|move|p2a: Slowking|Chilly Reception|p2a: Slowking
|-weather|Snowscape
|
|t:|1760317674
|switch|p2a: Zamazenta|Zamazenta|100/100|[from] Chilly Reception
|
|-weather|Snowscape|[upkeep]
|-heal|p1a: Iron Treads|75/100|[from] item: Leftovers
|upkeep
|turn|16
|inactive|flinchirator has 120 seconds left.
|
|t:|1760317689
|-end|p1a: Iron Treads|Quark Drive|[silent]
|switch|p1a: Tornadus|Tornadus-Therian, M|80/100
|move|p2a: Zamazenta|Close Combat|p1a: Tornadus
|-resisted|p1a: Tornadus
|-damage|p1a: Tornadus|40/100
|-unboost|p2a: Zamazenta|def|1
|-unboost|p2a: Zamazenta|spd|1
|
|-weather|Snowscape|[upkeep]
|upkeep
|turn|17
|inactive|flinchirator has 120 seconds left.
|
|t:|1760317702
|switch|p1a: Iron Treads|Iron Treads|75/100
|move|p2a: Zamazenta|Stone Edge|p1a: Iron Treads|[miss]
|-miss|p2a: Zamazenta|p1a: Iron Treads
|
|-weather|Snowscape|[upkeep]
|-heal|p1a: Iron Treads|81/100|[from] item: Leftovers
|upkeep
|turn|18
|inactive|flinchirator has 120 seconds left.
|
|t:|1760317713
|switch|p2a: Ting-Lu|Ting-Lu|36/100
|-damage|p2a: Ting-Lu|30/100|[from] Stealth Rock
|-ability|p2a: Ting-Lu|Vessel of Ruin
|-end|p1a: Iron Treads|Quark Drive|[silent]
|switch|p1a: Pelipper|Pelipper, F|100/100
|-weather|RainDance|[from] ability: Drizzle|[of] p1a: Pelipper
|
|-weather|RainDance|[upkeep]
|-heal|p2a: Ting-Lu|36/100|[from] item: Leftovers
|upkeep
|turn|19
|
|t:|1760317725
|move|p2a: Ting-Lu|Stealth Rock|p1a: Pelipper
|-sidestart|p1: flinchirator|move: Stealth Rock
|move|p1a: Pelipper|Surf|p2a: Ting-Lu
|-supereffective|p2a: Ting-Lu
|-damage|p2a: Ting-Lu|0 fnt
|faint|p2a: Ting-Lu
|
|-weather|RainDance|[upkeep]
|upkeep
|inactive|soljahting27 has 60 seconds left.
|
|t:|1760317752
|switch|p2a: Zamazenta|Zamazenta|100/100
|turn|20
|
|t:|1760317757
|-terastallize|p1a: Pelipper|Ground
|move|p2a: Zamazenta|Stone Edge|p1a: Pelipper
|-resisted|p1a: Pelipper
|-damage|p1a: Pelipper|87/100
|move|p1a: Pelipper|Hurricane|p2a: Zamazenta
|-supereffective|p2a: Zamazenta
|-damage|p2a: Zamazenta|34/100
|
|-weather|RainDance|[upkeep]
|upkeep
|turn|21
|
|t:|1760317768
|switch|p2a: Slowking|Slowking-Galar, F|62/100
|-damage|p2a: Slowking|49/100|[from] Stealth Rock
|move|p1a: Pelipper|Surf|p2a: Slowking
|-damage|p2a: Slowking|24/100
|
|-weather|RainDance|[upkeep]
|upkeep
|turn|22
|
|t:|1760317781
|move|p1a: Pelipper|Surf|p2a: Slowking
|-crit|p2a: Slowking
|-damage|p2a: Slowking|0 fnt
|faint|p2a: Slowking
|
|-weather|RainDance|[upkeep]
|upkeep
|
|t:|1760317788
|switch|p2a: Kingambit|Kingambit, F|100/100
|-damage|p2a: Kingambit|94/100|[from] Stealth Rock
|-activate|p2a: Kingambit|ability: Supreme Overlord
|-start|p2a: Kingambit|fallen4|[silent]
|turn|23
|
|t:|1760317799
|switch|p1a: Decidueye|Decidueye-Hisui, F|81/100
|-damage|p1a: Decidueye|75/100|[from] Stealth Rock
|move|p2a: Kingambit|Sucker Punch||[still]
|-fail|p2a: Kingambit
|
|-weather|RainDance|[upkeep]
|upkeep
|turn|24
|
|t:|1760317809
|-end|p2a: Kingambit|fallen4|[silent]
|switch|p2a: Zamazenta|Zamazenta|34/100
|move|p1a: Decidueye|Triple Arrows|p2a: Zamazenta
|-crit|p2a: Zamazenta
|-damage|p2a: Zamazenta|0 fnt
|faint|p2a: Zamazenta
|
|-weather|RainDance|[upkeep]
|upkeep
|
|t:|1760317816
|switch|p2a: Kingambit|Kingambit, F|94/100
|-damage|p2a: Kingambit|88/100|[from] Stealth Rock
|-activate|p2a: Kingambit|ability: Supreme Overlord
|-start|p2a: Kingambit|fallen5|[silent]
|turn|25
|
|t:|1760317839
|-terastallize|p2a: Kingambit|Dark
|move|p2a: Kingambit|Sucker Punch|p1a: Decidueye
|-resisted|p1a: Decidueye
|-damage|p1a: Decidueye|39/100
|-damage|p2a: Kingambit|72/100|[from] item: Rocky Helmet|[of] p1a: Decidueye
|move|p1a: Decidueye|U-turn|p2a: Kingambit
|-supereffective|p2a: Kingambit
|-damage|p2a: Kingambit|42/100
|
|t:|1760317852
|switch|p1a: Iron Treads|Iron Treads|81/100|[from] U-turn
|-damage|p1a: Iron Treads|79/100|[from] Stealth Rock
|
|-weather|none
|-heal|p1a: Iron Treads|85/100|[from] item: Leftovers
|upkeep
|turn|26
|
|t:|1760317869
|move|p2a: Kingambit|Sucker Punch|p1a: Iron Treads
|-damage|p1a: Iron Treads|8/100
|move|p1a: Iron Treads|Earthquake|p2a: Kingambit
|-damage|p2a: Kingambit|8/100
|
|-heal|p1a: Iron Treads|14/100|[from] item: Leftovers
|upkeep
|turn|27
|
|t:|1760317878
|move|p2a: Kingambit|Sucker Punch|p1a: Iron Treads
|-damage|p1a: Iron Treads|0 fnt
|faint|p1a: Iron Treads
|-end|p1a: Iron Treads|Quark Drive|[silent]
|
|upkeep
|
|t:|1760317880
|switch|p1a: Barraskewda|Barraskewda, M|78/100
|-damage|p1a: Barraskewda|66/100|[from] Stealth Rock
|turn|28
|
|t:|1760317885
|move|p1a: Barraskewda|Aqua Jet|p2a: Kingambit
|-damage|p2a: Kingambit|0 fnt
|faint|p2a: Kingambit
|-end|p2a: Kingambit|fallen5|[silent]
|-damage|p1a: Barraskewda|56/100|[from] item: Life Orb
|
|win|flinchirator
|raw|flinchirator's rating: 1421 &rarr; <strong>1441</strong><br />(+20 for winning)
|raw|soljahting27's rating: 1423 &rarr; <strong>1403</strong><br />(-20 for losing)
|l|‽flinchirator
|player|p1|
