|j|☆vuopuer
|j|☆NormalDude1989
|t:|1760328019
|gametype|singles
|player|p1|vuopuer|may-masters2|1538
|player|p2|NormalDude1989|emmet|1684
|gen|9
|tier|[Gen 9] OU
|rated|
|rule|HP Percentage Mod: HP is shown in percentages
|rule|Endless Battle Clause: Forcing endless battles is banned
|rule|Species Clause: Limit one of each Pokémon
|rule|OHKO Clause: OHKO moves are banned
|rule|Evasion Items Clause: Evasion items are banned
|rule|Evasion Moves Clause: Evasion moves are banned
|rule|Evasion Abilities Clause: Evasion abilities are banned
|rule|Sleep Moves Clause: Sleep-inducing moves are banned
|clearpoke
|poke|p1|Blaziken, M|
|poke|p1|Kingambit, F|
|poke|p1|Ting-Lu|
|poke|p1|Pecharunt|
|poke|p1|Ogerpon-Wellspring, F|
|poke|p1|Hatterene, F|
|poke|p2|Kingambit, M|
|poke|p2|Iron Crown|
|poke|p2|Cinderace, M|
|poke|p2|Great Tusk|
|poke|p2|Latios, M|
|poke|p2|Zapdos|
|teampreview
|inactive|Battle timer is ON: inactive players will automatically lose when time's up. (requested by vuopuer)
|inactive|NormalDude1989 has 120 seconds left.
|inactive|NormalDude1989 has 90 seconds left.
|inactive|NormalDude1989 has 60 seconds left.
|
|t:|1760328136
|teamsize|p1|6
|teamsize|p2|6
|start
|switch|p1a: Ting-Lu|Ting-Lu|100/100
|switch|p2a: Ptolemy|Iron Crown|100/100
|-ability|p1a: Ting-Lu|Vessel of Ruin
|turn|1
|
|t:|1760328153
|-end|p2a: Ptolemy|Quark Drive|[silent]
|switch|p2a: Ivan|Great Tusk|100/100
|move|p1a: Ting-Lu|Earthquake|p2a: Ivan
|-damage|p2a: Ivan|71/100
|
|-heal|p2a: Ivan|77/100|[from] item: Leftovers
|upkeep
|turn|2
|
|t:|1760328168
|move|p2a: Ivan|Headlong Rush|p1a: Ting-Lu
|-damage|p1a: Ting-Lu|68/100
|-unboost|p2a: Ivan|def|1
|-unboost|p2a: Ivan|spd|1
|move|p1a: Ting-Lu|Stealth Rock|p2a: Ivan
|-sidestart|p2: NormalDude1989|move: Stealth Rock
|
|-heal|p2a: Ivan|83/100|[from] item: Leftovers
|-heal|p1a: Ting-Lu|74/100|[from] item: Leftovers
|upkeep
|turn|3
|
|t:|1760328175
|move|p2a: Ivan|Headlong Rush|p1a: Ting-Lu
|-damage|p1a: Ting-Lu|43/100
|-unboost|p2a: Ivan|def|1
|-unboost|p2a: Ivan|spd|1
|move|p1a: Ting-Lu|Earthquake|p2a: Ivan
|-damage|p2a: Ivan|33/100
|
|-heal|p2a: Ivan|39/100|[from] item: Leftovers
|-heal|p1a: Ting-Lu|49/100|[from] item: Leftovers
|upkeep
|turn|4
|
|t:|1760328181
|switch|p1a: Pecharunt|Pecharunt|100/100
|-item|p1a: Pecharunt|Air Balloon
|move|p2a: Ivan|Rapid Spin|p1a: Pecharunt
|-immune|p1a: Pecharunt
|
|-heal|p2a: Ivan|45/100|[from] item: Leftovers
|upkeep
|turn|5
|
|t:|1760328188
|-end|p2a: Ivan|Protosynthesis|[silent]
|switch|p2a: Bionic Bunny|Cinderace, M|100/100
|move|p1a: Pecharunt|Parting Shot|p2a: Bionic Bunny
|-unboost|p2a: Bionic Bunny|atk|1
|-unboost|p2a: Bionic Bunny|spa|1
|
|t:|1760328199
|switch|p1a: Ogerpon|Ogerpon-Wellspring, F|100/100|[from] Parting Shot
|
|upkeep
|turn|6
|
|t:|1760328209
|move|p2a: Bionic Bunny|Court Change|p2a: Bionic Bunny
|-start|p2a: Bionic Bunny|typechange|Normal|[from] ability: Libero
|-swapsideconditions
|-activate|p2a: Bionic Bunny|move: Court Change
|move|p1a: Ogerpon|Play Rough|p2a: Bionic Bunny
|-damage|p2a: Bionic Bunny|45/100
|
|upkeep
|turn|7
|
|t:|1760328218
|switch|p2a: Azure|Latios, M|100/100
|move|p1a: Ogerpon|Ivy Cudgel|p2a: Azure|[anim] Ivy Cudgel Water
|-resisted|p2a: Azure
|-crit|p2a: Azure
|-damage|p2a: Azure|38/100
|
|upkeep
|turn|8
|
|t:|1760328226
|move|p2a: Azure|Draco Meteor|p1a: Ogerpon
|-damage|p1a: Ogerpon|25/100
|-unboost|p2a: Azure|spa|2
|move|p1a: Ogerpon|Play Rough|p2a: Azure
|-supereffective|p2a: Azure
|-damage|p2a: Azure|0 fnt
|faint|p2a: Azure
|
|upkeep
|
|t:|1760328231
|switch|p2a: Bionic Bunny|Cinderace, M|45/100
|turn|9
|
|t:|1760328256
|switch|p1a: Pecharunt|Pecharunt|100/100
|-damage|p1a: Pecharunt|88/100|[from] Stealth Rock
|-item|p1a: Pecharunt|Air Balloon
|move|p2a: Bionic Bunny|Pyro Ball|p1a: Pecharunt
|-crit|p1a: Pecharunt
|-damage|p1a: Pecharunt|44/100
|-enditem|p1a: Pecharunt|Air Balloon
|
|upkeep
|turn|10
|
|t:|1760328273
|switch|p2a: Muramasa|Kingambit, M|100/100
|-activate|p2a: Muramasa|ability: Supreme Overlord
|-start|p2a: Muramasa|fallen1|[silent]
|move|p1a: Pecharunt|Recover|p1a: Pecharunt
|-heal|p1a: Pecharunt|94/100
|
|upkeep
|turn|11
|
|t:|1760328294
|move|p1a: Pecharunt|Parting Shot|p2a: Muramasa
|-unboost|p2a: Muramasa|atk|1
|-unboost|p2a: Muramasa|spa|1
|
|t:|1760328297
|switch|p1a: Kingambit|Kingambit, F|100/100|[from] Parting Shot
|-damage|p1a: Kingambit|94/100|[from] Stealth Rock
|move|p2a: Muramasa|Swords Dance|p2a: Muramasa
|-boost|p2a: Muramasa|atk|2
|
|upkeep
|turn|12
|
|t:|1760328305
|-end|p2a: Muramasa|fallen1|[silent]
|switch|p2a: Morpho|Zapdos|100/100
|move|p1a: Kingambit|Low Kick|p2a: Morpho
|-resisted|p2a: Morpho
|-damage|p2a: Morpho|89/100
|-damage|p1a: Kingambit|78/100|[from] item: Rocky Helmet|[of] p2a: Morpho
|-status|p1a: Kingambit|par|[from] ability: Static|[of] p2a: Morpho
|
|upkeep
|turn|13
|
|t:|1760328318
|switch|p2a: Ivan|Great Tusk|45/100
|-end|p1a: Kingambit|fallenundefined|[silent]
|switch|p1a: Ting-Lu|Ting-Lu|49/100
|-damage|p1a: Ting-Lu|43/100|[from] Stealth Rock
|-ability|p1a: Ting-Lu|Vessel of Ruin
|
|-heal|p2a: Ivan|51/100|[from] item: Leftovers
|-heal|p1a: Ting-Lu|49/100|[from] item: Leftovers
|upkeep
|turn|14
|
|t:|1760328324
|move|p2a: Ivan|Headlong Rush|p1a: Ting-Lu
|-damage|p1a: Ting-Lu|19/100
|-unboost|p2a: Ivan|def|1
|-unboost|p2a: Ivan|spd|1
|move|p1a: Ting-Lu|Stealth Rock|p2a: Ivan
|-sidestart|p2: NormalDude1989|move: Stealth Rock
|
|-heal|p2a: Ivan|57/100|[from] item: Leftovers
|-heal|p1a: Ting-Lu|25/100|[from] item: Leftovers
|upkeep
|turn|15
|l|☆vuopuer
|inactive|vuopuer disconnected and has a minute to reconnect!
|player|p1|
|j|☆vuopuer
|inactive|vuopuer reconnected and has 145 seconds left.
|player|p1|vuopuer|may-masters2|
|
|t:|1760328351
|move|p2a: Ivan|Rapid Spin|p1a: Ting-Lu
|-damage|p1a: Ting-Lu|16/100
|-boost|p2a: Ivan|spe|1
|-sideend|p2: NormalDude1989|Stealth Rock|[from] move: Rapid Spin|[of] p2a: Ivan
|move|p1a: Ting-Lu|Earthquake|p2a: Ivan
|-damage|p2a: Ivan|15/100
|
|-heal|p2a: Ivan|21/100|[from] item: Leftovers
|-heal|p1a: Ting-Lu|23/100|[from] item: Leftovers
|upkeep
|turn|16
|
|t:|1760328362
|move|p2a: Ivan|Headlong Rush|p1a: Ting-Lu
|-damage|p1a: Ting-Lu|0 fnt
|-unboost|p2a: Ivan|def|1
|-unboost|p2a: Ivan|spd|1
|faint|p1a: Ting-Lu
|
|-heal|p2a: Ivan|27/100|[from] item: Leftovers
|upkeep
|inactive|vuopuer has 120 seconds left.
|
|t:|1760328375
|switch|p1a: Blaziken|Blaziken, M, shiny|100/100
|-damage|p1a: Blaziken|88/100|[from] Stealth Rock
|turn|17
|
|t:|1760328383
|move|p1a: Blaziken|Protect|p1a: Blaziken
|-singleturn|p1a: Blaziken|Protect
|move|p2a: Ivan|Headlong Rush|p1a: Blaziken
|-activate|p1a: Blaziken|move: Protect
|
|-heal|p2a: Ivan|33/100|[from] item: Leftovers
|-ability|p1a: Blaziken|Speed Boost|boost
|-boost|p1a: Blaziken|spe|1
|upkeep
|turn|18
|
|t:|1760328391
|move|p2a: Ivan|Headlong Rush|p1a: Blaziken
|-supereffective|p1a: Blaziken
|-damage|p1a: Blaziken|0 fnt
|-unboost|p2a: Ivan|def|1
|-unboost|p2a: Ivan|spd|1
|faint|p1a: Blaziken
|
|-heal|p2a: Ivan|40/100|[from] item: Leftovers
|upkeep
|
|t:|1760328398
|switch|p1a: Hatterene|Hatterene, F|100/100
|-damage|p1a: Hatterene|88/100|[from] Stealth Rock
|turn|19
|
|t:|1760328403
|-end|p2a: Ivan|Protosynthesis|[silent]
|switch|p2a: Ptolemy|Iron Crown|100/100
|move|p1a: Hatterene|Draining Kiss|p2a: Ptolemy
|-resisted|p2a: Ptolemy
|-damage|p2a: Ptolemy|92/100
|-heal|p1a: Hatterene|95/100|[from] drain|[of] p2a: Ptolemy
|
|upkeep
|turn|20
|
|t:|1760328413
|move|p2a: Ptolemy|Future Sight|p1a: Hatterene
|-start|p2a: Ptolemy|move: Future Sight
|move|p1a: Hatterene|Nuzzle|p2a: Ptolemy
|-damage|p2a: Ptolemy|88/100
|-status|p2a: Ptolemy|par
|
|upkeep
|turn|21
|
|t:|1760328420
|move|p2a: Ptolemy|Focus Blast|p1a: Hatterene
|-resisted|p1a: Hatterene
|-damage|p1a: Hatterene|87/100
|-enditem|p1a: Hatterene|Eject Button
|
|t:|1760328423
|switch|p1a: Kingambit|Kingambit, F|78/100 par
|-damage|p1a: Kingambit|72/100 par|[from] Stealth Rock
|-activate|p1a: Kingambit|ability: Supreme Overlord
|-start|p1a: Kingambit|fallen2|[silent]
|
|upkeep
|turn|22
|
|t:|1760328438
|-terastallize|p2a: Ptolemy|Fighting
|move|p1a: Kingambit|Sucker Punch|p2a: Ptolemy
|-resisted|p2a: Ptolemy
|-damage|p2a: Ptolemy|56/100 par
|move|p2a: Ptolemy|Focus Blast|p1a: Kingambit
|-supereffective|p1a: Kingambit
|-damage|p1a: Kingambit|0 fnt
|faint|p1a: Kingambit
|-end|p1a: Kingambit|fallen2|[silent]
|
|-hint|Future Sight did not hit because the target is fainted.
|upkeep
|
|t:|1760328446
|switch|p1a: Ogerpon|Ogerpon-Wellspring, F|25/100
|-damage|p1a: Ogerpon|12/100|[from] Stealth Rock
|turn|23
|
|t:|1760328454
|-end|p2a: Ptolemy|Quark Drive|[silent]
|switch|p2a: Morpho|Zapdos|89/100
|move|p1a: Ogerpon|Ivy Cudgel|p2a: Morpho|[anim] Ivy Cudgel Water
|-damage|p2a: Morpho|47/100
|
|upkeep
|turn|24
|
|t:|1760328468
|switch|p1a: Hatterene|Hatterene, F|87/100
|-damage|p1a: Hatterene|74/100|[from] Stealth Rock
|move|p2a: Morpho|Volt Switch|p1a: Hatterene
|-damage|p1a: Hatterene|49/100
|
|t:|1760328479
|switch|p2a: Muramasa|Kingambit, M|100/100|[from] Volt Switch
|-activate|p2a: Muramasa|ability: Supreme Overlord
|-start|p2a: Muramasa|fallen1|[silent]
|
|upkeep
|turn|25
|
|t:|1760328487
|move|p2a: Muramasa|Iron Head|p1a: Hatterene
|-supereffective|p1a: Hatterene
|-crit|p1a: Hatterene
|-damage|p1a: Hatterene|0 fnt
|faint|p1a: Hatterene
|
|upkeep
|-message|vuopuer forfeited.
|
|win|NormalDude1989
|raw|vuopuer's rating: 1538 &rarr; <strong>1526</strong><br />(-12 for losing)
|raw|NormalDude1989's rating: 1684 &rarr; <strong>1696</strong><br />(+12 for winning)
|l|☆vuopuer
|player|p1|
|l|☆NormalDude1989
|player|p2|
