|j|☆dia90
|j|☆Barronmaster
|t:|1760340811
|gametype|singles
|player|p1|dia90|miku-ghost|1662
|player|p2|Barronmaster|palmer|1638
|gen|9
|tier|[Gen 9] OU
|rated|
|rule|HP Percentage Mod: HP is shown in percentages
|rule|Endless Battle Clause: Forcing endless battles is banned
|rule|Species Clause: Limit one of each Pokémon
|rule|OHKO Clause: OHKO moves are banned
|rule|Evasion Items Clause: Evasion items are banned
|rule|Evasion Moves Clause: Evasion moves are banned
|rule|Evasion Abilities Clause: Evasion abilities are banned
|rule|Sleep Moves Clause: Sleep-inducing moves are banned
|clearpoke
|poke|p1|Alcremie, F|
|poke|p1|Alomomola, M|
|poke|p1|Landorus-Therian, M|
|poke|p1|Iron Treads|
|poke|p1|Ogerpon-Wellspring, F|
|poke|p1|Cinderace, F|
|poke|p2|Hoopa-Unbound|
|poke|p2|Ninetales-Alola, F|
|poke|p2|Slowking-Galar, F|
|poke|p2|Cloyster, F|
|poke|p2|Zoroark, M|
|poke|p2|Indeedee, M|
|teampreview
|
|t:|1760340819
|teamsize|p1|6
|teamsize|p2|6
|start
|switch|p1a: Iron Treads|Iron Treads|100/100
|switch|p2a: Hoopa|Hoopa-Unbound|100/100
|turn|1
|
|t:|1760340824
|move|p1a: Iron Treads|Stealth Rock|p2a: Hoopa
|-sidestart|p2: Barronmaster|move: Stealth Rock
|move|p2a: Hoopa|Flamethrower|p1a: Iron Treads
|-supereffective|p1a: Iron Treads
|-damage|p1a: Iron Treads|16/100
|-damage|p2a: Hoopa|91/100|[from] item: Life Orb
|
|upkeep
|turn|2
|
|t:|1760340829
|move|p2a: Hoopa|Sucker Punch|p1a: Iron Treads
|-damage|p1a: Iron Treads|0 fnt
|faint|p1a: Iron Treads
|-end|p1a: Iron Treads|Quark Drive|[silent]
|-damage|p2a: Hoopa|81/100|[from] item: Life Orb
|
|upkeep
|
|t:|1760340835
|switch|p1a: Landorus|Landorus-Therian, M|100/100
|-ability|p1a: Landorus|Intimidate|boost
|-unboost|p2a: Hoopa|atk|1
|turn|3
|
|t:|1760340838
|switch|p2a: Ninetales|Ninetales-Alola, F|100/100
|-damage|p2a: Ninetales|75/100|[from] Stealth Rock
|-weather|Snowscape|[from] ability: Snow Warning|[of] p2a: Ninetales
|move|p1a: Landorus|U-turn|p2a: Ninetales
|-resisted|p2a: Ninetales
|-damage|p2a: Ninetales|62/100
|
|t:|1760340841
|switch|p1a: Cinderace|Cinderace, F|100/100|[from] U-turn
|
|-weather|Snowscape|[upkeep]
|upkeep
|turn|4
|
|t:|1760340847
|switch|p2a: Cloyster|Cloyster, F|100/100
|move|p1a: Cinderace|Pyro Ball|p2a: Cloyster
|-damage|p2a: Cloyster|73/100
|
|-weather|Snowscape|[upkeep]
|upkeep
|turn|5
|
|t:|1760340856
|move|p1a: Cinderace|High Jump Kick|p2a: Cloyster
|-supereffective|p2a: Cloyster
|-damage|p2a: Cloyster|32/100
|move|p2a: Cloyster|Shell Smash|p2a: Cloyster
|-unboost|p2a: Cloyster|def|1
|-unboost|p2a: Cloyster|spd|1
|-boost|p2a: Cloyster|atk|2
|-boost|p2a: Cloyster|spa|2
|-boost|p2a: Cloyster|spe|2
|
|-weather|Snowscape|[upkeep]
|upkeep
|turn|6
|
|t:|1760340863
|switch|p1a: Alomomola|Alomomola, M|100/100
|move|p2a: Cloyster|Rock Blast|p1a: Alomomola
|-damage|p1a: Alomomola|93/100
|-damage|p1a: Alomomola|85/100
|-damage|p1a: Alomomola|76/100
|-damage|p1a: Alomomola|67/100
|-damage|p1a: Alomomola|59/100
|-hitcount|p1a: Alomomola|5
|
|-weather|Snowscape|[upkeep]
|upkeep
|turn|7
|
|t:|1760340870
|move|p2a: Cloyster|Rock Blast|p1a: Alomomola
|-damage|p1a: Alomomola|51/100
|-damage|p1a: Alomomola|43/100
|-damage|p1a: Alomomola|35/100
|-damage|p1a: Alomomola|27/100
|-damage|p1a: Alomomola|19/100
|-hitcount|p1a: Alomomola|5
|move|p1a: Alomomola|Flip Turn|p2a: Cloyster
|-resisted|p2a: Cloyster
|-damage|p2a: Cloyster|26/100
|
|t:|1760340875
|switch|p1a: Cinderace|Cinderace, F|100/100|[from] Flip Turn
|
|-weather|none
|upkeep
|turn|8
|
|t:|1760340893
|switch|p2a: Indeedee|Indeedee, M|100/100
|-damage|p2a: Indeedee|88/100|[from] Stealth Rock
|-fieldstart|move: Psychic Terrain|[from] ability: Psychic Surge|[of] p2a: Indeedee
|move|p1a: Cinderace|Pyro Ball|p2a: Indeedee
|-damage|p2a: Indeedee|0 fnt
|faint|p2a: Indeedee
|
|upkeep
|
|t:|1760340902
|switch|p2a: Slowking|Slowking-Galar, F|100/100
|-damage|p2a: Slowking|88/100|[from] Stealth Rock
|turn|9
|
|t:|1760340905
|move|p1a: Cinderace|U-turn|p2a: Slowking
|-damage|p2a: Slowking|62/100
|
|t:|1760340909
|switch|p1a: Landorus|Landorus-Therian, M|100/100|[from] U-turn
|-ability|p1a: Landorus|Intimidate|boost
|-unboost|p2a: Slowking|atk|1
|move|p2a: Slowking|Trick Room|p2a: Slowking
|-fieldstart|move: Trick Room|[of] p2a: Slowking
|
|-heal|p2a: Slowking|68/100|[from] item: Leftovers
|upkeep
|turn|10
|
|t:|1760340918
|switch|p1a: Cinderace|Cinderace, F|100/100
|-terastallize|p2a: Slowking|Flying
|move|p2a: Slowking|Nasty Plot|p2a: Slowking
|-boost|p2a: Slowking|spa|2
|
|-heal|p2a: Slowking|74/100|[from] item: Leftovers
|upkeep
|turn|11
|
|t:|1760340924
|move|p2a: Slowking|Psychic Noise|p1a: Cinderace
|-crit|p1a: Cinderace
|-damage|p1a: Cinderace|0 fnt
|faint|p1a: Cinderace
|
|-heal|p2a: Slowking|80/100|[from] item: Leftovers
|upkeep
|
|t:|1760340929
|switch|p1a: Ogerpon|Ogerpon-Wellspring, F|100/100
|turn|12
|
|t:|1760340935
|-terastallize|p1a: Ogerpon|Water
|detailschange|p1a: Ogerpon|Ogerpon-Wellspring-Tera, F, tera:Water
|-ability|p1a: Ogerpon|Embody Aspect (Wellspring)|boost
|-boost|p1a: Ogerpon|spd|1
|move|p2a: Slowking|Flamethrower|p1a: Ogerpon
|-resisted|p1a: Ogerpon
|-damage|p1a: Ogerpon|78/100
|move|p1a: Ogerpon|Ivy Cudgel|p2a: Slowking|[anim] Ivy Cudgel Water
|-damage|p2a: Slowking|0 fnt
|faint|p2a: Slowking
|
|-fieldend|move: Psychic Terrain
|upkeep
|
|t:|1760340940
|switch|p2a: Ninetales|Ninetales-Alola, F|62/100
|-damage|p2a: Ninetales|37/100|[from] Stealth Rock
|-weather|Snowscape|[from] ability: Snow Warning|[of] p2a: Ninetales
|turn|13
|
|t:|1760340945
|move|p2a: Ninetales|Aurora Veil|p2a: Ninetales
|-sidestart|p2: Barronmaster|move: Aurora Veil
|move|p1a: Ogerpon|Ivy Cudgel|p2a: Ninetales|[anim] Ivy Cudgel Water
|-damage|p2a: Ninetales|0 fnt
|faint|p2a: Ninetales
|
|-weather|Snowscape|[upkeep]
|-fieldend|move: Trick Room
|upkeep
|
|t:|1760340953
|switch|p2a: Cloyster|Cloyster, F|26/100
|turn|14
|
|t:|1760340960
|move|p1a: Ogerpon|Power Whip|p2a: Cloyster
|-supereffective|p2a: Cloyster
|-damage|p2a: Cloyster|0 fnt
|faint|p2a: Cloyster
|
|-weather|Snowscape|[upkeep]
|upkeep
|
|t:|1760340967
|switch|p2a: Hoopa|Hoopa-Unbound|100/100
|-damage|p2a: Hoopa|88/100|[from] Stealth Rock
|turn|15
|
|t:|1760340970
|move|p1a: Ogerpon|U-turn|p2a: Hoopa
|-supereffective|p2a: Hoopa
|-damage|p2a: Hoopa|0 fnt
|faint|p2a: Hoopa
|
|t:|1760340973
|switch|p1a: Landorus|Landorus-Therian, M|100/100|[from] U-turn
|
|-weather|Snowscape|[upkeep]
|upkeep
|-message|Barronmaster forfeited.
|
|win|dia90
|raw|dia90's rating: 1662 &rarr; <strong>1681</strong><br />(+19 for winning)
|raw|Barronmaster's rating: 1638 &rarr; <strong>1619</strong><br />(-19 for losing)
|l|☆Barronmaster
|player|p2|
|l|☆dia90
|player|p1|
