|j|☆ihatecockroches
|j|☆the_last_atino
|t:|1760328287
|gametype|singles
|player|p1|ihatecockroches|fisherman-gen4|1097
|player|p2|the_last_atino|palmer|1150
|gen|9
|tier|[Gen 9] OU
|rated|
|rule|HP Percentage Mod: HP is shown in percentages
|rule|Endless Battle Clause: Forcing endless battles is banned
|rule|Species Clause: Limit one of each Pokémon
|rule|OHKO Clause: OHKO moves are banned
|rule|Evasion Items Clause: Evasion items are banned
|rule|Evasion Moves Clause: Evasion moves are banned
|rule|Evasion Abilities Clause: Evasion abilities are banned
|rule|Sleep Moves Clause: Sleep-inducing moves are banned
|clearpoke
|poke|p1|Gastrodon, F|
|poke|p1|Overqwil, M|
|poke|p1|Milotic, M|
|poke|p1|Metagross|
|poke|p1|Kleavor, F|
|poke|p1|Trevenant, M|
|poke|p2|Galvantula, F|
|poke|p2|Cinderace, F|
|poke|p2|Great Tusk|
|poke|p2|Ogerpon-Wellspring, F|
|poke|p2|Dragapult, M|
|poke|p2|Iron Boulder|
|teampreview
|
|t:|1760328294
|teamsize|p1|6
|teamsize|p2|6
|start
|switch|p1a: Kleavor|Kleavor, F|100/100
|switch|p2a: Galvantula|Galvantula, F|100/100
|turn|1
|
|t:|1760328298
|move|p2a: Galvantula|Sticky Web|p1a: Kleavor
|-sidestart|p1: ihatecockroches|move: Sticky Web
|move|p1a: Kleavor|Stone Axe|p2a: Galvantula|[miss]
|-miss|p1a: Kleavor|p2a: Galvantula
|
|upkeep
|turn|2
|
|t:|1760328306
|move|p2a: Galvantula|Poison Jab|p1a: Kleavor
|-resisted|p1a: Kleavor
|-damage|p1a: Kleavor|93/100
|-status|p1a: Kleavor|psn
|move|p1a: Kleavor|Stone Axe|p2a: Galvantula
|-supereffective|p2a: Galvantula
|-enditem|p2a: Galvantula|Focus Sash
|-damage|p2a: Galvantula|1/100
|-sidestart|p2: the_last_atino|move: Stealth Rock
|
|-damage|p1a: Kleavor|80/100 psn|[from] psn
|upkeep
|turn|3
|
|t:|1760328317
|move|p2a: Galvantula|String Shot|p1a: Kleavor
|-unboost|p1a: Kleavor|spe|2
|move|p1a: Kleavor|Defog|p2a: Galvantula
|-unboost|p2a: Galvantula|evasion|1
|-sideend|p2: the_last_atino|Stealth Rock|[from] move: Defog|[of] p1a: Kleavor
|-sideend|p1: ihatecockroches|Sticky Web|[from] move: Defog|[of] p1a: Kleavor
|
|-damage|p1a: Kleavor|68/100 psn|[from] psn
|upkeep
|turn|4
|
|t:|1760328322
|move|p2a: Galvantula|Sticky Web|p1a: Kleavor
|-sidestart|p1: ihatecockroches|move: Sticky Web
|move|p1a: Kleavor|U-turn|p2a: Galvantula
|-damage|p2a: Galvantula|0 fnt
|faint|p2a: Galvantula
|
|t:|1760328331
|switch|p1a: Overqwil|Overqwil, M|100/100|[from] U-turn
|-item|p1a: Overqwil|Air Balloon
|
|upkeep
|
|t:|1760328334
|switch|p2a: Iron Boulder|Iron Boulder|100/100
|-enditem|p2a: Iron Boulder|Booster Energy
|-activate|p2a: Iron Boulder|ability: Quark Drive|[fromitem]
|-start|p2a: Iron Boulder|quarkdriveatk
|turn|5
|
|t:|1760328342
|move|p2a: Iron Boulder|Swords Dance|p2a: Iron Boulder
|-boost|p2a: Iron Boulder|atk|2
|move|p1a: Overqwil|Crunch|p2a: Iron Boulder
|-supereffective|p2a: Iron Boulder
|-damage|p2a: Iron Boulder|10/100
|-unboost|p2a: Iron Boulder|def|1
|
|upkeep
|turn|6
|
|t:|1760328351
|move|p2a: Iron Boulder|Megahorn|p1a: Overqwil
|-damage|p1a: Overqwil|0 fnt
|-enditem|p1a: Overqwil|Air Balloon
|faint|p1a: Overqwil
|
|upkeep
|
|t:|1760328355
|switch|p1a: Trevenant|Trevenant, M|100/100
|-activate|p1a: Trevenant|move: Sticky Web
|-unboost|p1a: Trevenant|spe|1
|turn|7
|
|t:|1760328360
|move|p1a: Trevenant|Sucker Punch|p2a: Iron Boulder
|-supereffective|p2a: Iron Boulder
|-damage|p2a: Iron Boulder|0 fnt
|faint|p2a: Iron Boulder
|-end|p2a: Iron Boulder|Quark Drive|[silent]
|
|upkeep
|
|t:|1760328364
|switch|p2a: Ogerpon|Ogerpon-Wellspring, F|100/100
|turn|8
|
|t:|1760328370
|move|p2a: Ogerpon|Swords Dance|p2a: Ogerpon
|-boost|p2a: Ogerpon|atk|2
|move|p1a: Trevenant|Knock Off|p2a: Ogerpon
|-crit|p2a: Ogerpon
|-damage|p2a: Ogerpon|62/100
|
|upkeep
|turn|9
|
|t:|1760328375
|move|p2a: Ogerpon|Ivy Cudgel|p1a: Trevenant|[anim] Ivy Cudgel Water
|-resisted|p1a: Trevenant
|-damage|p1a: Trevenant|31/100
|-enditem|p1a: Trevenant|Sitrus Berry|[eat]
|-heal|p1a: Trevenant|56/100|[from] item: Sitrus Berry
|move|p1a: Trevenant|Horn Leech|p2a: Ogerpon
|-damage|p2a: Ogerpon|19/100
|-heal|p1a: Trevenant|74/100|[from] drain|[of] p2a: Ogerpon
|
|upkeep
|turn|10
|
|t:|1760328386
|move|p2a: Ogerpon|Ivy Cudgel|p1a: Trevenant|[anim] Ivy Cudgel Water
|-resisted|p1a: Trevenant
|-damage|p1a: Trevenant|7/100
|move|p1a: Trevenant|Horn Leech|p2a: Ogerpon
|-damage|p2a: Ogerpon|0 fnt
|-heal|p1a: Trevenant|15/100|[from] drain|[of] p2a: Ogerpon
|faint|p2a: Ogerpon
|
|upkeep
|
|t:|1760328393
|switch|p2a: Great Tusk|Great Tusk|100/100
|-enditem|p2a: Great Tusk|Booster Energy
|-activate|p2a: Great Tusk|ability: Protosynthesis|[fromitem]
|-start|p2a: Great Tusk|protosynthesisspe
|turn|11
|
|t:|1760328400
|move|p2a: Great Tusk|Ice Spinner|p1a: Trevenant
|-supereffective|p1a: Trevenant
|-damage|p1a: Trevenant|0 fnt
|faint|p1a: Trevenant
|
|upkeep
|
|t:|1760328405
|switch|p1a: Milotic|Milotic, M|100/100
|-activate|p1a: Milotic|move: Sticky Web
|-unboost|p1a: Milotic|spe|1
|turn|12
|
|t:|1760328414
|move|p2a: Great Tusk|Brick Break|p1a: Milotic
|-damage|p1a: Milotic|78/100
|move|p1a: Milotic|Scald|p2a: Great Tusk
|-supereffective|p2a: Great Tusk
|-damage|p2a: Great Tusk|23/100
|
|-heal|p1a: Milotic|84/100|[from] item: Leftovers
|upkeep
|turn|13
|
|t:|1760328421
|move|p2a: Great Tusk|Headlong Rush|p1a: Milotic
|-damage|p1a: Milotic|44/100
|-unboost|p2a: Great Tusk|def|1
|-unboost|p2a: Great Tusk|spd|1
|move|p1a: Milotic|Scald|p2a: Great Tusk
|-supereffective|p2a: Great Tusk
|-damage|p2a: Great Tusk|0 fnt
|faint|p2a: Great Tusk
|-end|p2a: Great Tusk|Protosynthesis|[silent]
|
|-heal|p1a: Milotic|50/100|[from] item: Leftovers
|upkeep
|
|t:|1760328428
|switch|p2a: Dragapult|Dragapult, M|100/100
|turn|14
|
|t:|1760328432
|-terastallize|p1a: Milotic|Fairy
|move|p2a: Dragapult|Thunderbolt|p1a: Milotic
|-damage|p1a: Milotic|21/100
|move|p1a: Milotic|Alluring Voice|p2a: Dragapult
|-supereffective|p2a: Dragapult
|-damage|p2a: Dragapult|33/100
|
|-heal|p1a: Milotic|27/100|[from] item: Leftovers
|upkeep
|turn|15
|
|t:|1760328446
|switch|p2a: Cinderace|Cinderace, F|100/100
|move|p1a: Milotic|Alluring Voice|p2a: Cinderace
|-resisted|p2a: Cinderace
|-damage|p2a: Cinderace|81/100
|
|-heal|p1a: Milotic|33/100|[from] item: Leftovers
|upkeep
|turn|16
|
|t:|1760328452
|move|p2a: Cinderace|Gunk Shot|p1a: Milotic|[miss]
|-start|p2a: Cinderace|typechange|Poison|[from] ability: Libero
|-miss|p2a: Cinderace|p1a: Milotic
|move|p1a: Milotic|Scald|p2a: Cinderace
|-damage|p2a: Cinderace|44/100
|
|-heal|p1a: Milotic|39/100|[from] item: Leftovers
|upkeep
|turn|17
|
|t:|1760328458
|move|p2a: Cinderace|Gunk Shot|p1a: Milotic|[miss]
|-miss|p2a: Cinderace|p1a: Milotic
|move|p1a: Milotic|Recover|p1a: Milotic
|-heal|p1a: Milotic|89/100
|
|-heal|p1a: Milotic|95/100|[from] item: Leftovers
|upkeep
|turn|18
|
|t:|1760328461
|move|p2a: Cinderace|Gunk Shot|p1a: Milotic
|-supereffective|p1a: Milotic
|-damage|p1a: Milotic|0 fnt
|faint|p1a: Milotic
|
|upkeep
|
|t:|1760328466
|switch|p1a: Gastrodon|Gastrodon, F|100/100
|-activate|p1a: Gastrodon|move: Sticky Web
|-unboost|p1a: Gastrodon|spe|1
|turn|19
|
|t:|1760328471
|move|p2a: Cinderace|High Jump Kick|p1a: Gastrodon
|-damage|p1a: Gastrodon|47/100
|-enditem|p1a: Gastrodon|Sitrus Berry|[eat]
|-heal|p1a: Gastrodon|71/100|[from] item: Sitrus Berry
|move|p1a: Gastrodon|Earth Power|p2a: Cinderace
|-supereffective|p2a: Cinderace
|-damage|p2a: Cinderace|0 fnt
|faint|p2a: Cinderace
|
|upkeep
|
|t:|1760328475
|switch|p2a: Dragapult|Dragapult, M|33/100
|turn|20
|
|t:|1760328479
|move|p2a: Dragapult|Flamethrower|p1a: Gastrodon
|-resisted|p1a: Gastrodon
|-damage|p1a: Gastrodon|51/100
|move|p1a: Gastrodon|Ice Beam|p2a: Dragapult
|-supereffective|p2a: Dragapult
|-damage|p2a: Dragapult|0 fnt
|faint|p2a: Dragapult
|
|win|ihatecockroches
|raw|ihatecockroches's rating: 1097 &rarr; <strong>1126</strong><br />(+29 for winning)
|raw|the_last_atino's rating: 1150 &rarr; <strong>1121</strong><br />(-29 for losing)
|l|☆ihatecockroches
|player|p1|
|l|☆the_last_atino
|player|p2|
