|j|☆ikthoizzykil
|j|☆pcklee
|t:|1760412050
|gametype|singles
|player|p1|ikthoizzykil|pokemaniac-gen3rs|1556
|player|p2|pcklee|1|1657
|gen|9
|tier|[Gen 9] OU
|rated|
|rule|HP Percentage Mod: HP is shown in percentages
|rule|Endless Battle Clause: Forcing endless battles is banned
|rule|Species Clause: Limit one of each Pokémon
|rule|OHKO Clause: OHKO moves are banned
|rule|Evasion Items Clause: Evasion items are banned
|rule|Evasion Moves Clause: Evasion moves are banned
|rule|Evasion Abilities Clause: Evasion abilities are banned
|rule|Sleep Moves Clause: Sleep-inducing moves are banned
|clearpoke
|poke|p1|Dragapult, F|
|poke|p1|Rillaboom, M|
|poke|p1|Primarina, M|
|poke|p1|Great Tusk|
|poke|p1|Darkrai|
|poke|p1|Scizor, F|
|poke|p2|Kingambit, F|
|poke|p2|Great Tusk|
|poke|p2|Dragapult, F|
|poke|p2|Iron Valiant|
|poke|p2|Heatran, M|
|poke|p2|Rillaboom, F|
|teampreview
|inactive|Battle timer is ON: inactive players will automatically lose when time's up. (requested by ikthoizzykil)
|
|t:|1760412068
|teamsize|p1|6
|teamsize|p2|6
|start
|switch|p1a: Darkrai|Darkrai|100/100
|switch|p2a: Heatran|Heatran, M|100/100
|turn|1
|
|t:|1760412081
|move|p1a: Darkrai|Dark Pulse|p2a: Heatran
|-damage|p2a: Heatran|70/100
|move|p2a: Heatran|Stealth Rock|p1a: Darkrai
|-sidestart|p1: ikthoizzykil|move: Stealth Rock
|
|-heal|p2a: Heatran|76/100|[from] item: Leftovers
|upkeep
|turn|2
|
|t:|1760412094
|move|p1a: Darkrai|Dark Pulse|p2a: Heatran
|-damage|p2a: Heatran|45/100
|move|p2a: Heatran|Magma Storm|p1a: Darkrai
|-damage|p1a: Darkrai|48/100
|-activate|p1a: Darkrai|move: Magma Storm|[of] p2a: Heatran
|
|-heal|p2a: Heatran|51/100|[from] item: Leftovers
|-damage|p1a: Darkrai|36/100|[from] move: Magma Storm|[partiallytrapped]
|upkeep
|turn|3
|
|t:|1760412105
|move|p1a: Darkrai|Dark Pulse|p2a: Heatran
|-crit|p2a: Heatran
|-damage|p2a: Heatran|4/100
|cant|p2a: Heatran|flinch
|
|-heal|p2a: Heatran|10/100|[from] item: Leftovers
|-damage|p1a: Darkrai|24/100|[from] move: Magma Storm|[partiallytrapped]
|upkeep
|turn|4
|inactive|pcklee has 120 seconds left.
|
|t:|1760412135
|move|p1a: Darkrai|Dark Pulse|p2a: Heatran
|-damage|p2a: Heatran|0 fnt
|faint|p2a: Heatran
|
|-end|p1a: Darkrai|Magma Storm|[partiallytrapped]|[silent]
|upkeep
|inactive|pcklee has 120 seconds left.
|
|t:|1760412152
|switch|p2a: Rillaboom|Rillaboom, F|100/100
|-fieldstart|move: Grassy Terrain|[from] ability: Grassy Surge|[of] p2a: Rillaboom
|turn|5
|
|t:|1760412167
|switch|p1a: Scizor|Scizor, F|100/100
|-damage|p1a: Scizor|88/100|[from] Stealth Rock
|move|p2a: Rillaboom|U-turn|p1a: Scizor
|-resisted|p1a: Scizor
|-damage|p1a: Scizor|68/100
|
|t:|1760412181
|switch|p2a: Dragapult|Dragapult, F|100/100|[from] U-turn
|
|-heal|p1a: Scizor|74/100|[from] Grassy Terrain
|upkeep
|turn|6
|j| doan1923
|
|t:|1760412202
|switch|p1a: Primarina|Primarina, M|100/100
|-damage|p1a: Primarina|88/100|[from] Stealth Rock
|move|p2a: Dragapult|Shadow Ball|p1a: Primarina
|-damage|p1a: Primarina|46/100
|-unboost|p1a: Primarina|spd|1
|
|-heal|p1a: Primarina|52/100|[from] Grassy Terrain
|-heal|p1a: Primarina|58/100|[from] item: Leftovers
|upkeep
|turn|7
|
|t:|1760412212
|move|p2a: Dragapult|Shadow Ball|p1a: Primarina
|-damage|p1a: Primarina|0 fnt
|faint|p1a: Primarina
|
|upkeep
|
|t:|1760412217
|switch|p1a: Darkrai|Darkrai|24/100
|-damage|p1a: Darkrai|11/100|[from] Stealth Rock
|turn|8
|
|t:|1760412226
|switch|p2a: Great Tusk|Great Tusk|100/100
|move|p1a: Darkrai|Ice Beam|p2a: Great Tusk
|-supereffective|p2a: Great Tusk
|-damage|p2a: Great Tusk|3/100
|-status|p2a: Great Tusk|frz
|
|-heal|p1a: Darkrai|18/100|[from] Grassy Terrain
|-heal|p2a: Great Tusk|9/100 frz|[from] Grassy Terrain
|upkeep
|turn|9
|
|t:|1760412235
|move|p1a: Darkrai|Ice Beam|p2a: Great Tusk
|-supereffective|p2a: Great Tusk
|-crit|p2a: Great Tusk
|-damage|p2a: Great Tusk|0 fnt
|faint|p2a: Great Tusk
|-end|p2a: Great Tusk|Protosynthesis|[silent]
|
|-heal|p1a: Darkrai|24/100|[from] Grassy Terrain
|-fieldend|move: Grassy Terrain
|upkeep
|
|t:|1760412255
|switch|p2a: Rillaboom|Rillaboom, F|100/100
|-fieldstart|move: Grassy Terrain|[from] ability: Grassy Surge|[of] p2a: Rillaboom
|turn|10
|
|t:|1760412261
|switch|p1a: Scizor|Scizor, F|74/100
|-damage|p1a: Scizor|62/100|[from] Stealth Rock
|move|p2a: Rillaboom|Grassy Glide|p1a: Scizor
|-resisted|p1a: Scizor
|-damage|p1a: Scizor|47/100
|
|-heal|p1a: Scizor|53/100|[from] Grassy Terrain
|upkeep
|turn|11
|
|t:|1760412272
|switch|p2a: Dragapult|Dragapult, F|100/100
|move|p1a: Scizor|Dual Wingbeat|p2a: Dragapult
|-damage|p2a: Dragapult|56/100
|-damage|p2a: Dragapult|6/100
|-hitcount|p2a: Dragapult|2
|
|-heal|p2a: Dragapult|12/100|[from] Grassy Terrain
|-heal|p1a: Scizor|59/100|[from] Grassy Terrain
|upkeep
|turn|12
|
|t:|1760412296
|switch|p1a: Rillaboom|Rillaboom, M|100/100
|-damage|p1a: Rillaboom|88/100|[from] Stealth Rock
|move|p2a: Dragapult|Draco Meteor|p1a: Rillaboom
|-damage|p1a: Rillaboom|0 fnt
|-unboost|p2a: Dragapult|spa|2
|faint|p1a: Rillaboom
|
|-heal|p2a: Dragapult|18/100|[from] Grassy Terrain
|upkeep
|
|t:|1760412311
|switch|p1a: Great Tusk|Great Tusk|100/100
|turn|13
|inactive|pcklee has 90 seconds left.
|inactive|ikthoizzykil has 120 seconds left.
|
|t:|1760412347
|-terastallize|p1a: Great Tusk|Steel
|move|p2a: Dragapult|Draco Meteor|p1a: Great Tusk
|-resisted|p1a: Great Tusk
|-damage|p1a: Great Tusk|68/100
|-unboost|p2a: Dragapult|spa|2
|move|p1a: Great Tusk|Stealth Rock|p2a: Dragapult
|-sidestart|p2: pcklee|move: Stealth Rock
|
|-heal|p2a: Dragapult|24/100|[from] Grassy Terrain
|-heal|p1a: Great Tusk|75/100|[from] Grassy Terrain
|upkeep
|turn|14
|inactive|ikthoizzykil has 120 seconds left.
|inactive|pcklee has 90 seconds left.
|
|t:|1760412379
|move|p2a: Dragapult|Draco Meteor|p1a: Great Tusk
|-resisted|p1a: Great Tusk
|-damage|p1a: Great Tusk|53/100
|-unboost|p2a: Dragapult|spa|2
|move|p1a: Great Tusk|Head Smash|p2a: Dragapult
|-damage|p2a: Dragapult|0 fnt
|faint|p2a: Dragapult
|-damage|p1a: Great Tusk|43/100|[from] Recoil
|
|-heal|p1a: Great Tusk|49/100|[from] Grassy Terrain
|-fieldend|move: Grassy Terrain
|upkeep
|inactive|pcklee has 60 seconds left.
|inactive|pcklee has 30 seconds left.
|
|t:|1760412427
|switch|p2a: Rillaboom|Rillaboom, F|100/100
|-damage|p2a: Rillaboom|88/100|[from] Stealth Rock
|-fieldstart|move: Grassy Terrain|[from] ability: Grassy Surge|[of] p2a: Rillaboom
|turn|15
|inactive|ikthoizzykil has 120 seconds left.
|l| doan1923
|inactive|ikthoizzykil has 90 seconds left.
|
|t:|1760412483
|move|p1a: Great Tusk|Rapid Spin|p2a: Rillaboom
|-crit|p2a: Rillaboom
|-damage|p2a: Rillaboom|63/100
|-boost|p1a: Great Tusk|spe|1
|-sideend|p1: ikthoizzykil|Stealth Rock|[from] move: Rapid Spin|[of] p1a: Great Tusk
|move|p2a: Rillaboom|Wood Hammer|p1a: Great Tusk
|-resisted|p1a: Great Tusk
|-damage|p1a: Great Tusk|0 fnt
|faint|p1a: Great Tusk
|-end|p1a: Great Tusk|Protosynthesis|[silent]
|-damage|p2a: Rillaboom|46/100|[from] Recoil
|
|-heal|p2a: Rillaboom|52/100|[from] Grassy Terrain
|upkeep
|
|t:|1760412497
|switch|p1a: Dragapult|Dragapult, F|100/100
|turn|16
|
|t:|1760412515
|switch|p2a: Kingambit|Kingambit, F|100/100
|-damage|p2a: Kingambit|94/100|[from] Stealth Rock
|-activate|p2a: Kingambit|ability: Supreme Overlord
|-start|p2a: Kingambit|fallen3|[silent]
|move|p1a: Dragapult|Fire Blast|p2a: Kingambit
|-supereffective|p2a: Kingambit
|-damage|p2a: Kingambit|0 fnt
|faint|p2a: Kingambit
|-end|p2a: Kingambit|fallen3|[silent]
|
|upkeep
|inactive|pcklee has 30 seconds left.
|
|t:|1760412527
|switch|p2a: Iron Valiant|Iron Valiant|100/100
|-damage|p2a: Iron Valiant|94/100|[from] Stealth Rock
|-enditem|p2a: Iron Valiant|Booster Energy
|-activate|p2a: Iron Valiant|ability: Quark Drive|[fromitem]
|-start|p2a: Iron Valiant|quarkdrivespe
|turn|17
|
|t:|1760412533
|move|p2a: Iron Valiant|Calm Mind|p2a: Iron Valiant
|-boost|p2a: Iron Valiant|spa|1
|-boost|p2a: Iron Valiant|spd|1
|move|p1a: Dragapult|Fire Blast|p2a: Iron Valiant
|-damage|p2a: Iron Valiant|21/100
|
|-heal|p2a: Iron Valiant|27/100|[from] Grassy Terrain
|upkeep
|turn|18
|inactive|ikthoizzykil has 90 seconds left.
|inactive|pcklee has 30 seconds left.
|
|t:|1760412553
|move|p2a: Iron Valiant|Moonblast|p1a: Dragapult
|-supereffective|p1a: Dragapult
|-damage|p1a: Dragapult|0 fnt
|faint|p1a: Dragapult
|
|-heal|p2a: Iron Valiant|34/100|[from] Grassy Terrain
|upkeep
|inactive|ikthoizzykil has 90 seconds left.
|
|t:|1760412558
|switch|p1a: Scizor|Scizor, F|59/100
|turn|19
|inactive|pcklee has 30 seconds left.
|inactive|pcklee has 20 seconds left.
|
|t:|1760412588
|-terastallize|p2a: Iron Valiant|Electric
|move|p1a: Scizor|Bullet Punch|p2a: Iron Valiant
|-resisted|p2a: Iron Valiant
|-damage|p2a: Iron Valiant|0 fnt
|faint|p2a: Iron Valiant
|-end|p2a: Iron Valiant|Quark Drive|[silent]
|
|-heal|p1a: Scizor|65/100|[from] Grassy Terrain
|-fieldend|move: Grassy Terrain
|upkeep
|inactive|pcklee has 25 seconds left this turn.
|inactive|pcklee has 20 seconds left.
|
|t:|1760412595
|switch|p2a: Rillaboom|Rillaboom, F|52/100
|-damage|p2a: Rillaboom|40/100|[from] Stealth Rock
|-fieldstart|move: Grassy Terrain|[from] ability: Grassy Surge|[of] p2a: Rillaboom
|turn|20
|inactive|pcklee has 30 seconds left this turn.
|
|t:|1760412602
|move|p1a: Scizor|Bullet Punch|p2a: Rillaboom
|-damage|p2a: Rillaboom|0 fnt
|faint|p2a: Rillaboom
|
|win|ikthoizzykil
|raw|ikthoizzykil's rating: 1556 &rarr; <strong>1582</strong><br />(+26 for winning)
|raw|pcklee's rating: 1657 &rarr; <strong>1631</strong><br />(-26 for losing)
