|j|☆xdye
|j|☆getreyal
|t:|1760380705
|gametype|singles
|player|p1|xdye|iris-gen5bw2|1706
|player|p2|getreyal|pokemonbreeder-gen4|1785
|gen|9
|tier|[Gen 9] OU
|rated|
|rule|HP Percentage Mod: HP is shown in percentages
|rule|Endless Battle Clause: Forcing endless battles is banned
|rule|Species Clause: Limit one of each Pokémon
|rule|OHKO Clause: OHKO moves are banned
|rule|Evasion Items Clause: Evasion items are banned
|rule|Evasion Moves Clause: Evasion moves are banned
|rule|Evasion Abilities Clause: Evasion abilities are banned
|rule|Sleep Moves Clause: Sleep-inducing moves are banned
|clearpoke
|poke|p1|Blissey, F|
|poke|p1|Gliscor, F|
|poke|p1|Mandibuzz, F|
|poke|p1|Pecharunt|
|poke|p1|Talonflame, M|
|poke|p1|Toxapex, M|
|poke|p2|Corviknight, F|
|poke|p2|Garchomp, F|
|poke|p2|Glimmora, F|
|poke|p2|Darkrai|
|poke|p2|Ceruledge, F|
|poke|p2|Ogerpon-Wellspring, F|
|teampreview
|c|☆xdye|hf
|
|t:|1760380722
|teamsize|p1|6
|teamsize|p2|6
|start
|switch|p1a: Toxapex|Toxapex, M|100/100
|switch|p2a: Ogerpon|Ogerpon-Wellspring, F|100/100
|turn|1
|
|t:|1760380726
|switch|p2a: Corviknight|Corviknight, F|100/100
|-ability|p2a: Corviknight|Pressure
|move|p1a: Toxapex|Toxic|p2a: Corviknight
|-immune|p2a: Corviknight
|
|upkeep
|turn|2
|
|t:|1760380734
|switch|p1a: Gliscor|Gliscor, F|100/100
|move|p2a: Corviknight|U-turn|p1a: Gliscor
|-resisted|p1a: Gliscor
|-damage|p1a: Gliscor|95/100
|
|t:|1760380747
|switch|p2a: Ceruledge|Ceruledge, F|100/100|[from] U-turn
|
|-status|p1a: Gliscor|tox|[from] item: Toxic Orb
|upkeep
|turn|3
|
|t:|1760380761
|switch|p1a: Mandibuzz|Mandibuzz, F|100/100
|move|p2a: Ceruledge|Swords Dance|p2a: Ceruledge
|-boost|p2a: Ceruledge|atk|2
|
|upkeep
|turn|4
|
|t:|1760380801
|move|p2a: Ceruledge|Swords Dance|p2a: Ceruledge
|-boost|p2a: Ceruledge|atk|2
|move|p1a: Mandibuzz|Iron Defense|p1a: Mandibuzz
|-boost|p1a: Mandibuzz|def|2
|
|upkeep
|turn|5
|
|t:|1760380804
|switch|p2a: Garchomp|Garchomp, F|100/100
|move|p1a: Mandibuzz|Iron Defense|p1a: Mandibuzz
|-boost|p1a: Mandibuzz|def|2
|
|upkeep
|turn|6
|
|t:|1760380807
|move|p2a: Garchomp|Stealth Rock|p1a: Mandibuzz
|-sidestart|p1: xdye|move: Stealth Rock
|move|p1a: Mandibuzz|Toxic|p2a: Garchomp|[miss]
|-miss|p1a: Mandibuzz|p2a: Garchomp
|
|upkeep
|turn|7
|
|t:|1760380817
|switch|p2a: Corviknight|Corviknight, F|100/100
|-ability|p2a: Corviknight|Pressure
|move|p1a: Mandibuzz|Foul Play|p2a: Corviknight
|-damage|p2a: Corviknight|82/100
|
|-heal|p2a: Corviknight|88/100|[from] item: Leftovers
|upkeep
|turn|8
|
|t:|1760380867
|switch|p1a: Talonflame|Talonflame, M|100/100
|move|p2a: Corviknight|U-turn|p1a: Talonflame
|-resisted|p1a: Talonflame
|-damage|p1a: Talonflame|98/100
|-status|p2a: Corviknight|brn|[from] ability: Flame Body|[of] p1a: Talonflame
|
|t:|1760380874
|switch|p2a: Ogerpon|Ogerpon-Wellspring, F|100/100|[from] U-turn
|
|upkeep
|turn|9
|-message|getreyal forfeited.
|
|win|xdye
|raw|xdye's rating: 1706 &rarr; <strong>1730</strong><br />(+24 for winning)
|raw|getreyal's rating: 1785 &rarr; <strong>1761</strong><br />(-24 for losing)
|l|☆getreyal
|player|p2|
|l|☆xdye
|player|p1|
