|j|☆thebacchusbraviary
|j|☆POLI TOESSS
|t:|1760415194
|gametype|singles
|player|p1|thebacchusbraviary|winona|1363
|player|p2|POLI TOESSS|tuber|1345
|gen|9
|tier|[Gen 9] OU
|rated|
|rule|HP Percentage Mod: HP is shown in percentages
|rule|Endless Battle Clause: Forcing endless battles is banned
|rule|Species Clause: Limit one of each Pokémon
|rule|OHKO Clause: OHKO moves are banned
|rule|Evasion Items Clause: Evasion items are banned
|rule|Evasion Moves Clause: Evasion moves are banned
|rule|Evasion Abilities Clause: Evasion abilities are banned
|rule|Sleep Moves Clause: Sleep-inducing moves are banned
|clearpoke
|poke|p1|Braviary-Hisui, M|
|poke|p1|Okidogi, M|
|poke|p1|Magnezone|
|poke|p1|Entei|
|poke|p1|Grimmsnarl, M|
|poke|p1|Sinistcha|
|poke|p2|Raging Bolt|
|poke|p2|Ogerpon-Wellspring, F|
|poke|p2|Hatterene, F|
|poke|p2|Landorus-Therian, M|
|poke|p2|Kingambit, M|
|poke|p2|Ribombee, M|
|teampreview
|inactive|Battle timer is ON: inactive players will automatically lose when time's up. (requested by POLI TOESSS)
|inactive|thebacchusbraviary also wants the timer to be on.
|
|t:|1760415209
|teamsize|p1|6
|teamsize|p2|6
|start
|switch|p1a: Okidogi|Okidogi, M|100/100
|switch|p2a: Raging Bolt|Raging Bolt|100/100
|turn|1
|
|t:|1760415228
|move|p2a: Raging Bolt|Volt Switch|p1a: Okidogi
|-damage|p1a: Okidogi|64/100
|
|t:|1760415234
|-end|p2a: Raging Bolt|Protosynthesis|[silent]
|switch|p2a: Landorus|Landorus-Therian, M|100/100|[from] Volt Switch
|-ability|p2a: Landorus|Intimidate|boost
|-unboost|p1a: Okidogi|atk|1
|move|p1a: Okidogi|Ice Punch|p2a: Landorus
|-supereffective|p2a: Landorus
|-damage|p2a: Landorus|19/100
|-damage|p1a: Okidogi|48/100|[from] item: Rocky Helmet|[of] p2a: Landorus
|
|upkeep
|turn|2
|
|t:|1760415246
|switch|p1a: Sinistcha|Sinistcha|100/100
|move|p2a: Landorus|Earthquake|p1a: Sinistcha
|-resisted|p1a: Sinistcha
|-damage|p1a: Sinistcha|76/100
|
|-heal|p1a: Sinistcha|82/100|[from] item: Leftovers
|upkeep
|turn|3
|
|t:|1760415251
|move|p2a: Landorus|Taunt|p1a: Sinistcha
|-start|p1a: Sinistcha|move: Taunt
|move|p1a: Sinistcha|Shadow Ball|p2a: Landorus
|-damage|p2a: Landorus|0 fnt
|faint|p2a: Landorus
|
|-heal|p1a: Sinistcha|88/100|[from] item: Leftovers
|upkeep
|
|t:|1760415262
|switch|p2a: Ribombee|Ribombee, M|100/100
|turn|4
|
|t:|1760415265
|move|p2a: Ribombee|Sticky Web|p1a: Sinistcha
|-sidestart|p1: thebacchusbraviary|move: Sticky Web
|move|p1a: Sinistcha|Shadow Ball|p2a: Ribombee
|-damage|p2a: Ribombee|30/100
|
|-heal|p1a: Sinistcha|94/100|[from] item: Leftovers
|upkeep
|turn|5
|
|t:|1760415269
|move|p2a: Ribombee|Energy Ball|p1a: Sinistcha
|-resisted|p1a: Sinistcha
|-damage|p1a: Sinistcha|80/100
|move|p1a: Sinistcha|Shadow Ball|p2a: Ribombee
|-damage|p2a: Ribombee|0 fnt
|faint|p2a: Ribombee
|
|-heal|p1a: Sinistcha|86/100|[from] item: Leftovers
|-end|p1a: Sinistcha|move: Taunt
|upkeep
|
|t:|1760415288
|switch|p2a: Hatterene|Hatterene, F|100/100
|turn|6
|
|t:|1760415293
|move|p1a: Sinistcha|Shadow Ball|p2a: Hatterene
|-supereffective|p2a: Hatterene
|-damage|p2a: Hatterene|56/100
|move|p2a: Hatterene|Mystical Fire|p1a: Sinistcha
|-supereffective|p1a: Sinistcha
|-damage|p1a: Sinistcha|59/100
|-unboost|p1a: Sinistcha|spa|1
|
|-heal|p1a: Sinistcha|65/100|[from] item: Leftovers
|upkeep
|turn|7
|
|t:|1760415305
|switch|p1a: Grimmsnarl|Grimmsnarl, M|100/100
|-activate|p1a: Grimmsnarl|move: Sticky Web
|-unboost|p1a: Grimmsnarl|spe|1
|move|p2a: Hatterene|Mystical Fire|p1a: Grimmsnarl
|-damage|p1a: Grimmsnarl|74/100
|-unboost|p1a: Grimmsnarl|spa|1
|
|-heal|p1a: Grimmsnarl|80/100|[from] item: Leftovers
|upkeep
|turn|8
|
|t:|1760415311
|move|p1a: Grimmsnarl|Spirit Break|p2a: Hatterene
|-damage|p2a: Hatterene|13/100
|-unboost|p2a: Hatterene|spa|1
|move|p2a: Hatterene|Draining Kiss|p1a: Grimmsnarl
|-supereffective|p1a: Grimmsnarl
|-damage|p1a: Grimmsnarl|47/100
|-heal|p2a: Hatterene|44/100|[from] drain|[of] p1a: Grimmsnarl
|
|-heal|p1a: Grimmsnarl|53/100|[from] item: Leftovers
|upkeep
|turn|9
|
|t:|1760415318
|move|p1a: Grimmsnarl|Spirit Break|p2a: Hatterene
|-damage|p2a: Hatterene|1/100
|-unboost|p2a: Hatterene|spa|1
|move|p2a: Hatterene|Draining Kiss|p1a: Grimmsnarl
|-supereffective|p1a: Grimmsnarl
|-damage|p1a: Grimmsnarl|29/100
|-heal|p2a: Hatterene|23/100|[from] drain|[of] p1a: Grimmsnarl
|
|-heal|p1a: Grimmsnarl|35/100|[from] item: Leftovers
|upkeep
|turn|10
|
|t:|1760415321
|move|p1a: Grimmsnarl|Spirit Break|p2a: Hatterene
|-damage|p2a: Hatterene|0 fnt
|faint|p2a: Hatterene
|
|-heal|p1a: Grimmsnarl|41/100|[from] item: Leftovers
|upkeep
|
|t:|1760415329
|switch|p2a: Kingambit|Kingambit, M|100/100
|-activate|p2a: Kingambit|ability: Supreme Overlord
|-start|p2a: Kingambit|fallen3|[silent]
|turn|11
|
|t:|1760415333
|move|p2a: Kingambit|Iron Head|p1a: Grimmsnarl
|-supereffective|p1a: Grimmsnarl
|-damage|p1a: Grimmsnarl|0 fnt
|faint|p1a: Grimmsnarl
|
|upkeep
|
|t:|1760415338
|switch|p1a: Braviary|Braviary-Hisui, M|100/100
|turn|12
|
|t:|1760415343
|-terastallize|p1a: Braviary|Fairy
|move|p2a: Kingambit|Swords Dance|p2a: Kingambit
|-boost|p2a: Kingambit|atk|2
|move|p1a: Braviary|Heat Wave|p2a: Kingambit
|-supereffective|p2a: Kingambit
|-damage|p2a: Kingambit|0 fnt
|faint|p2a: Kingambit
|-end|p2a: Kingambit|fallen3|[silent]
|
|upkeep
|
|t:|1760415348
|switch|p2a: Ogerpon|Ogerpon-Wellspring, F|100/100
|turn|13
|
|t:|1760415354
|move|p2a: Ogerpon|Ivy Cudgel|p1a: Braviary|[anim] Ivy Cudgel Water
|-damage|p1a: Braviary|38/100
|move|p1a: Braviary|Hurricane|p2a: Ogerpon
|-supereffective|p2a: Ogerpon
|-damage|p2a: Ogerpon|0 fnt
|faint|p2a: Ogerpon
|
|upkeep
|
|t:|1760415357
|switch|p2a: Raging Bolt|Raging Bolt|100/100
|turn|14
|-message|POLI TOESSS forfeited.
|
|win|thebacchusbraviary
|raw|thebacchusbraviary's rating: 1363 &rarr; <strong>1382</strong><br />(+19 for winning)
|raw|POLI TOESSS's rating: 1345 &rarr; <strong>1326</strong><br />(-19 for losing)
|l|☆POLI TOESSS
|player|p2|
|l|☆thebacchusbraviary
|player|p1|
