|j|☆Rapidashhhhh
|j|☆BobUndJoop
|t:|1760431645
|gametype|singles
|player|p1|Rapidashhhhh|benga|1139
|player|p2|BobUndJoop|backersf|1120
|gen|9
|tier|[Gen 9] OU
|rated|
|rule|HP Percentage Mod: HP is shown in percentages
|rule|Endless Battle Clause: Forcing endless battles is banned
|rule|Species Clause: Limit one of each Pokémon
|rule|OHKO Clause: OHKO moves are banned
|rule|Evasion Items Clause: Evasion items are banned
|rule|Evasion Moves Clause: Evasion moves are banned
|rule|Evasion Abilities Clause: Evasion abilities are banned
|rule|Sleep Moves Clause: Sleep-inducing moves are banned
|clearpoke
|poke|p1|Serperior, M|
|poke|p1|Rabsca, F|
|poke|p1|Iron Hands|
|poke|p1|Camerupt, F|
|poke|p1|Crawdaunt, M|
|poke|p1|Slowking-Galar, M|
|poke|p2|Garganacl, M|
|poke|p2|Dragapult, F|
|poke|p2|Kingambit, M|
|poke|p2|Ogerpon-Wellspring, F|
|poke|p2|Gliscor, F|
|poke|p2|Primarina, F|
|teampreview
|inactive|Battle timer is ON: inactive players will automatically lose when time's up. (requested by Rapidashhhhh)
|
|t:|1760431666
|teamsize|p1|6
|teamsize|p2|6
|start
|switch|p1a: Slowking|Slowking-Galar, M, shiny|100/100
|switch|p2a: Garganacl|Garganacl, M|100/100
|turn|1
|
|t:|1760431679
|move|p2a: Garganacl|Salt Cure|p1a: Slowking
|-damage|p1a: Slowking|85/100
|-start|p1a: Slowking|Salt Cure
|move|p1a: Slowking|Trick Room|p1a: Slowking
|-fieldstart|move: Trick Room|[of] p1a: Slowking
|
|-damage|p1a: Slowking|73/100|[from] Salt Cure
|upkeep
|turn|2
|
|t:|1760431692
|switch|p1a: Camerupt|Camerupt, F, shiny|100/100
|move|p2a: Garganacl|Protect||[still]
|-fail|p2a: Garganacl
|
|upkeep
|turn|3
|
|t:|1760431717
|-terastallize|p2a: Garganacl|Water
|move|p1a: Camerupt|Ancient Power|p2a: Garganacl
|-damage|p2a: Garganacl|77/100
|-damage|p1a: Camerupt|91/100|[from] item: Life Orb
|move|p2a: Garganacl|Salt Cure|p1a: Camerupt
|-damage|p1a: Camerupt|70/100
|-start|p1a: Camerupt|Salt Cure
|
|-heal|p2a: Garganacl|83/100|[from] item: Leftovers
|-damage|p1a: Camerupt|58/100|[from] Salt Cure
|upkeep
|turn|4
|
|t:|1760431736
|switch|p1a: Iron Hands|Iron Hands, shiny|100/100
|move|p2a: Garganacl|Protect||[still]
|-fail|p2a: Garganacl
|
|-heal|p2a: Garganacl|89/100|[from] item: Leftovers
|upkeep
|turn|5
|inactive|BobUndJoop has 120 seconds left.
|
|t:|1760431757
|switch|p2a: The Champ|Gliscor, F, shiny|100/100
|move|p1a: Iron Hands|Thunder Punch|p2a: The Champ
|-immune|p2a: The Champ
|
|-fieldend|move: Trick Room
|-status|p2a: The Champ|tox|[from] item: Toxic Orb
|upkeep
|turn|6
|
|t:|1760431767
|-end|p1a: Iron Hands|Quark Drive|[silent]
|switch|p1a: Slowking|Slowking-Galar, M, shiny|100/100
|move|p2a: The Champ|Toxic Spikes|p1a: Slowking
|-sidestart|p1: Rapidashhhhh|move: Toxic Spikes
|
|upkeep
|turn|7
|
|t:|1760431781
|move|p2a: The Champ|Facade|p1a: Slowking
|-damage|p1a: Slowking|68/100
|move|p1a: Slowking|Trick Room|p1a: Slowking
|-fieldstart|move: Trick Room|[of] p1a: Slowking
|
|upkeep
|turn|8
|
|t:|1760431791
|-prepare|p1a: Slowking|Chilly Reception|[premajor]
|move|p1a: Slowking|Chilly Reception|p1a: Slowking
|-weather|Snowscape
|
|t:|1760431797
|switch|p1a: Serperior|Serperior, M, shiny|100/100|[from] Chilly Reception
|-status|p1a: Serperior|psn
|move|p2a: The Champ|Facade|p1a: Serperior
|-damage|p1a: Serperior|68/100 psn
|
|-weather|Snowscape|[upkeep]
|-heal|p1a: Serperior|75/100 psn|[from] item: Leftovers
|-damage|p1a: Serperior|62/100 psn|[from] psn
|upkeep
|turn|9
|
|t:|1760431809
|move|p2a: The Champ|Protect|p2a: The Champ
|-singleturn|p2a: The Champ|Protect
|move|p1a: Serperior|Leech Seed|p2a: The Champ
|-activate|p2a: The Champ|move: Protect
|
|-weather|Snowscape|[upkeep]
|-heal|p1a: Serperior|68/100 psn|[from] item: Leftovers
|-damage|p1a: Serperior|56/100 psn|[from] psn
|upkeep
|turn|10
|
|t:|1760431819
|move|p2a: The Champ|Substitute|p2a: The Champ
|-start|p2a: The Champ|Substitute
|-damage|p2a: The Champ|75/100 tox
|move|p1a: Serperior|Leech Seed||[still]
|-fail|p1a: Serperior
|
|-weather|Snowscape|[upkeep]
|-heal|p1a: Serperior|62/100 psn|[from] item: Leftovers
|-heal|p2a: The Champ|88/100 tox|[from] ability: Poison Heal
|-damage|p1a: Serperior|50/100 psn|[from] psn
|upkeep
|turn|11
|
|t:|1760431833
|switch|p1a: Slowking|Slowking-Galar, M, shiny|100/100
|-sideend|p1: Rapidashhhhh|move: Toxic Spikes|[of] p1a: Slowking
|move|p2a: The Champ|Facade|p1a: Slowking
|-damage|p1a: Slowking|70/100
|
|-weather|Snowscape|[upkeep]
|-heal|p2a: The Champ|100/100 tox|[from] ability: Poison Heal
|-fieldend|move: Trick Room
|upkeep
|turn|12
|
|t:|1760431849
|switch|p1a: Iron Hands|Iron Hands, shiny|100/100
|move|p2a: The Champ|Toxic Spikes|p1a: Iron Hands
|-sidestart|p1: Rapidashhhhh|move: Toxic Spikes
|
|-weather|none
|upkeep
|turn|13
|
|t:|1760431864
|move|p2a: The Champ|Facade|p1a: Iron Hands
|-damage|p1a: Iron Hands|79/100
|move|p1a: Iron Hands|Ice Punch|p2a: The Champ
|-supereffective|p2a: The Champ
|-end|p2a: The Champ|Substitute
|
|upkeep
|turn|14
|
|t:|1760431880
|switch|p2a: M DOT R|Dragapult, F, shiny|100/100
|move|p1a: Iron Hands|Ice Punch|p2a: M DOT R
|-supereffective|p2a: M DOT R
|-damage|p2a: M DOT R|17/100
|
|upkeep
|turn|15
|
|t:|1760431904
|-end|p1a: Iron Hands|Quark Drive|[silent]
|switch|p1a: Slowking|Slowking-Galar, M, shiny|100/100
|-sideend|p1: Rapidashhhhh|move: Toxic Spikes|[of] p1a: Slowking
|move|p2a: M DOT R|Draco Meteor|p1a: Slowking
|-damage|p1a: Slowking|35/100
|-unboost|p2a: M DOT R|spa|2
|
|upkeep
|turn|16
|
|t:|1760431914
|move|p2a: M DOT R|Draco Meteor|p1a: Slowking
|-damage|p1a: Slowking|0 fnt
|-unboost|p2a: M DOT R|spa|2
|faint|p1a: Slowking
|
|upkeep
|
|t:|1760431922
|switch|p1a: Rabsca|Rabsca, F, shiny|100/100
|turn|17
|inactive|BobUndJoop has 120 seconds left.
|
|t:|1760431956
|switch|p2a: Garganacl|Garganacl, M, tera:Water|89/100
|move|p1a: Rabsca|Trick Room|p1a: Rabsca
|-fieldstart|move: Trick Room|[of] p1a: Rabsca
|
|-heal|p2a: Garganacl|95/100|[from] item: Leftovers
|upkeep
|turn|18
|inactive|BobUndJoop has 120 seconds left.
|
|t:|1760431985
|switch|p1a: Crawdaunt|Crawdaunt, M, shiny|100/100
|move|p2a: Garganacl|Salt Cure|p1a: Crawdaunt
|-damage|p1a: Crawdaunt|84/100
|-start|p1a: Crawdaunt|Salt Cure
|
|-heal|p2a: Garganacl|100/100|[from] item: Leftovers
|-damage|p1a: Crawdaunt|59/100|[from] Salt Cure
|upkeep
|turn|19
|inactive|BobUndJoop has 120 seconds left.
|
|t:|1760432007
|move|p2a: Garganacl|Body Press|p1a: Crawdaunt
|-supereffective|p1a: Crawdaunt
|-damage|p1a: Crawdaunt|0 fnt
|faint|p1a: Crawdaunt
|
|upkeep
|
|t:|1760432016
|switch|p1a: Serperior|Serperior, M, shiny|50/100 psn
|turn|20
|
|t:|1760432020
|move|p2a: Garganacl|Salt Cure|p1a: Serperior
|-damage|p1a: Serperior|35/100 psn
|-start|p1a: Serperior|Salt Cure
|move|p1a: Serperior|Leech Seed|p2a: Garganacl
|-start|p2a: Garganacl|move: Leech Seed
|
|-heal|p1a: Serperior|41/100 psn|[from] item: Leftovers
|-damage|p2a: Garganacl|88/100|[from] Leech Seed|[of] p1a: Serperior
|-heal|p1a: Serperior|53/100 psn|[silent]
|-damage|p1a: Serperior|41/100 psn|[from] psn
|-damage|p1a: Serperior|28/100 psn|[from] Salt Cure
|upkeep
|turn|21
|
|t:|1760432035
|move|p2a: Garganacl|Protect|p2a: Garganacl
|-singleturn|p2a: Garganacl|Protect
|move|p1a: Serperior|Glare|p2a: Garganacl
|-activate|p2a: Garganacl|move: Protect
|
|-heal|p2a: Garganacl|94/100|[from] item: Leftovers
|-heal|p1a: Serperior|34/100 psn|[from] item: Leftovers
|-damage|p2a: Garganacl|82/100|[from] Leech Seed|[of] p1a: Serperior
|-heal|p1a: Serperior|46/100 psn|[silent]
|-damage|p1a: Serperior|34/100 psn|[from] psn
|-damage|p1a: Serperior|21/100 psn|[from] Salt Cure
|-fieldend|move: Trick Room
|upkeep
|turn|22
|inactive|BobUndJoop has 120 seconds left.
|
|t:|1760432052
|move|p1a: Serperior|Leaf Storm|p2a: Garganacl
|-supereffective|p2a: Garganacl
|-damage|p2a: Garganacl|22/100
|-boost|p1a: Serperior|spa|2
|move|p2a: Garganacl|Body Press|p1a: Serperior
|-damage|p1a: Serperior|0 fnt
|faint|p1a: Serperior
|
|-heal|p2a: Garganacl|29/100|[from] item: Leftovers
|upkeep
|inactive|Rapidashhhhh has 120 seconds left.
|
|t:|1760432067
|switch|p1a: Camerupt|Camerupt, F, shiny|58/100
|turn|23
|
|t:|1760432076
|move|p2a: Garganacl|Protect|p2a: Garganacl
|-singleturn|p2a: Garganacl|Protect
|move|p1a: Camerupt|Ancient Power|p2a: Garganacl
|-activate|p2a: Garganacl|move: Protect
|
|-heal|p2a: Garganacl|35/100|[from] item: Leftovers
|-damage|p2a: Garganacl|22/100|[from] Leech Seed|[of] p1a: Camerupt
|-heal|p1a: Camerupt|70/100|[silent]
|upkeep
|turn|24
|
|t:|1760432087
|-terastallize|p1a: Camerupt|Fairy
|move|p2a: Garganacl|Recover|p2a: Garganacl
|-heal|p2a: Garganacl|72/100
|move|p1a: Camerupt|Ancient Power|p2a: Garganacl
|-damage|p2a: Garganacl|50/100
|-damage|p1a: Camerupt|60/100|[from] item: Life Orb
|
|-heal|p2a: Garganacl|57/100|[from] item: Leftovers
|-damage|p2a: Garganacl|44/100|[from] Leech Seed|[of] p1a: Camerupt
|-heal|p1a: Camerupt|73/100|[silent]
|upkeep
|turn|25
|
|t:|1760432099
|move|p2a: Garganacl|Salt Cure|p1a: Camerupt
|-damage|p1a: Camerupt|55/100
|-start|p1a: Camerupt|Salt Cure
|move|p1a: Camerupt|Ancient Power|p2a: Garganacl
|-damage|p2a: Garganacl|23/100
|-boost|p1a: Camerupt|atk|1
|-boost|p1a: Camerupt|def|1
|-boost|p1a: Camerupt|spa|1
|-boost|p1a: Camerupt|spd|1
|-boost|p1a: Camerupt|spe|1
|-damage|p1a: Camerupt|45/100|[from] item: Life Orb
|
|-heal|p2a: Garganacl|29/100|[from] item: Leftovers
|-damage|p2a: Garganacl|17/100|[from] Leech Seed|[of] p1a: Camerupt
|-heal|p1a: Camerupt|57/100|[silent]
|-damage|p1a: Camerupt|45/100|[from] Salt Cure
|upkeep
|turn|26
|
|t:|1760432114
|move|p2a: Garganacl|Protect|p2a: Garganacl
|-singleturn|p2a: Garganacl|Protect
|move|p1a: Camerupt|Ancient Power|p2a: Garganacl
|-activate|p2a: Garganacl|move: Protect
|
|-heal|p2a: Garganacl|23/100|[from] item: Leftovers
|-damage|p2a: Garganacl|10/100|[from] Leech Seed|[of] p1a: Camerupt
|-heal|p1a: Camerupt|57/100|[silent]
|-damage|p1a: Camerupt|45/100|[from] Salt Cure
|upkeep
|turn|27
|
|t:|1760432124
|move|p1a: Camerupt|Ancient Power|p2a: Garganacl
|-damage|p2a: Garganacl|0 fnt
|-boost|p1a: Camerupt|atk|1
|-boost|p1a: Camerupt|def|1
|-boost|p1a: Camerupt|spa|1
|-boost|p1a: Camerupt|spd|1
|-boost|p1a: Camerupt|spe|1
|faint|p2a: Garganacl
|-damage|p1a: Camerupt|35/100|[from] item: Life Orb
|
|-damage|p1a: Camerupt|23/100|[from] Salt Cure
|upkeep
|
|t:|1760432135
|switch|p2a: Ogerpon|Ogerpon-Wellspring, F|100/100
|turn|28
|
|t:|1760432140
|move|p2a: Ogerpon|Ivy Cudgel|p1a: Camerupt|[anim] Ivy Cudgel Water
|-damage|p1a: Camerupt|0 fnt
|faint|p1a: Camerupt
|
|upkeep
|-message|Rapidashhhhh forfeited.
|
|win|BobUndJoop
|raw|Rapidashhhhh's rating: 1139 &rarr; <strong>1113</strong><br />(-26 for losing)
|raw|BobUndJoop's rating: 1120 &rarr; <strong>1146</strong><br />(+26 for winning)
|l|☆Rapidashhhhh
|player|p1|
|l|☆BobUndJoop
|player|p2|
