|j|☆tcloud
|j|☆Us sad
|t:|1760451647
|gametype|singles
|player|p1|tcloud|fisherman-gen4|1488
|player|p2|Us sad|101|1549
|gen|9
|tier|[Gen 9] OU
|rated|
|rule|HP Percentage Mod: HP is shown in percentages
|rule|Endless Battle Clause: Forcing endless battles is banned
|rule|Species Clause: Limit one of each Pokémon
|rule|OHKO Clause: OHKO moves are banned
|rule|Evasion Items Clause: Evasion items are banned
|rule|Evasion Moves Clause: Evasion moves are banned
|rule|Evasion Abilities Clause: Evasion abilities are banned
|rule|Sleep Moves Clause: Sleep-inducing moves are banned
|clearpoke
|poke|p1|Kingambit, M|
|poke|p1|Grimmsnarl, M|
|poke|p1|Slowbro-Galar, F|
|poke|p1|Hatterene, F|
|poke|p1|Enamorus-Therian, F|
|poke|p1|Ursaluna, M|
|poke|p2|Kyurem|
|poke|p2|Heatran, F|
|poke|p2|Hatterene, F|
|poke|p2|Alomomola, M|
|poke|p2|Gliscor, F|
|poke|p2|Zamazenta-*|
|teampreview
|
|t:|1760451665
|teamsize|p1|6
|teamsize|p2|6
|start
|switch|p1a: Krampus|Grimmsnarl, M|100/100
|switch|p2a: Gliscor|Gliscor, F|100/100
|turn|1
|inactive|Battle timer is ON: inactive players will automatically lose when time's up. (requested by tcloud)
|
|t:|1760451669
|move|p1a: Krampus|Taunt|p2a: Gliscor
|-start|p2a: Gliscor|move: Taunt
|cant|p2a: Gliscor|move: Taunt|Toxic
|
|-status|p2a: Gliscor|tox|[from] item: Toxic Orb
|upkeep
|turn|2
|
|t:|1760451676
|move|p1a: Krampus|Reflect|p1a: Krampus
|-sidestart|p1: tcloud|Reflect
|move|p2a: Gliscor|Knock Off|p1a: Krampus
|-resisted|p1a: Krampus
|-damage|p1a: Krampus|99/100
|-enditem|p1a: Krampus|Light Clay|[from] move: Knock Off|[of] p2a: Gliscor
|
|upkeep
|turn|3
|
|t:|1760451681
|switch|p2a: Alomomola|Alomomola, M|100/100
|move|p1a: Krampus|Light Screen|p1a: Krampus
|-sidestart|p1: tcloud|move: Light Screen
|
|upkeep
|turn|4
|
|t:|1760451688
|switch|p1a: Would|Enamorus-Therian, F|100/100
|switch|p2a: Gliscor|Gliscor, F|100/100 tox
|
|upkeep
|turn|5
|
|t:|1760451693
|move|p2a: Gliscor|Toxic|p1a: Would
|-status|p1a: Would|tox
|move|p1a: Would|Moonblast|p2a: Gliscor
|-damage|p2a: Gliscor|50/100 tox
|
|-heal|p2a: Gliscor|63/100 tox|[from] ability: Poison Heal
|-damage|p1a: Would|95/100 tox|[from] psn
|upkeep
|turn|6
|
|t:|1760451697
|move|p2a: Gliscor|Protect|p2a: Gliscor
|-singleturn|p2a: Gliscor|Protect
|move|p1a: Would|Calm Mind|p1a: Would
|-boost|p1a: Would|spa|1
|-boost|p1a: Would|spd|1
|
|-heal|p2a: Gliscor|75/100 tox|[from] ability: Poison Heal
|-damage|p1a: Would|83/100 tox|[from] psn
|upkeep
|turn|7
|-activate|p1a: Would|item: Quick Claw
|
|t:|1760451709
|move|p1a: Would|Moonblast|p2a: Gliscor
|-damage|p2a: Gliscor|8/100 tox
|move|p2a: Gliscor|Knock Off|p1a: Would
|-resisted|p1a: Would
|-damage|p1a: Would|78/100 tox
|-enditem|p1a: Would|Quick Claw|[from] move: Knock Off|[of] p2a: Gliscor
|
|-heal|p2a: Gliscor|20/100 tox|[from] ability: Poison Heal
|-damage|p1a: Would|60/100 tox|[from] psn
|-sideend|p1: tcloud|move: Light Screen
|upkeep
|turn|8
|
|t:|1760451715
|switch|p2a: Heatran|Heatran, F|100/100
|move|p1a: Would|Moonblast|p2a: Heatran
|-resisted|p2a: Heatran
|-damage|p2a: Heatran|80/100
|
|-heal|p2a: Heatran|87/100|[from] item: Leftovers
|-damage|p1a: Would|36/100 tox|[from] psn
|upkeep
|turn|9
|
|t:|1760451724
|move|p2a: Heatran|Magma Storm|p1a: Would
|-damage|p1a: Would|3/100 tox
|-activate|p1a: Would|move: Magma Storm|[of] p2a: Heatran
|move|p1a: Would|Earth Power|p2a: Heatran
|-supereffective|p2a: Heatran
|-damage|p2a: Heatran|0 fnt
|faint|p2a: Heatran
|
|-damage|p1a: Would|0 fnt|[from] psn
|faint|p1a: Would
|-sideend|p1: tcloud|Reflect
|upkeep
|
|t:|1760451735
|switch|p2a: Gliscor|Gliscor, F|20/100 tox
|switch|p1a: Krampus|Grimmsnarl, M|99/100
|turn|10
|
|t:|1760451750
|move|p2a: Gliscor|Protect|p2a: Gliscor
|-singleturn|p2a: Gliscor|Protect
|move|p1a: Krampus|Taunt|p2a: Gliscor
|-activate|p2a: Gliscor|move: Protect
|
|-heal|p2a: Gliscor|33/100 tox|[from] ability: Poison Heal
|upkeep
|turn|11
|
|t:|1760451753
|switch|p2a: Hatterene|Hatterene, F|100/100
|move|p1a: Krampus|Taunt|p2a: Hatterene
|move|p2a: Hatterene|Taunt|p1a: Krampus|[from] ability: Magic Bounce
|-start|p1a: Krampus|move: Taunt
|
|upkeep
|turn|12
|
|t:|1760451758
|switch|p1a: Mr. Hands|Slowbro-Galar, F|100/100
|move|p2a: Hatterene|Calm Mind|p2a: Hatterene
|-boost|p2a: Hatterene|spa|1
|-boost|p2a: Hatterene|spd|1
|
|upkeep
|turn|13
|
|t:|1760451768
|-terastallize|p2a: Hatterene|Water
|move|p2a: Hatterene|Calm Mind|p2a: Hatterene
|-boost|p2a: Hatterene|spa|1
|-boost|p2a: Hatterene|spd|1
|move|p1a: Mr. Hands|Shell Side Arm|p2a: Hatterene|[anim] Shell Side Arm Physical
|-damage|p2a: Hatterene|65/100
|-hint|Physical Shell Side Arm
|
|-heal|p2a: Hatterene|71/100|[from] item: Leftovers
|upkeep
|turn|14
|
|t:|1760451772
|move|p2a: Hatterene|Psychic Noise|p1a: Mr. Hands
|-crit|p1a: Mr. Hands
|-damage|p1a: Mr. Hands|0 fnt
|faint|p1a: Mr. Hands
|
|-heal|p2a: Hatterene|77/100|[from] item: Leftovers
|upkeep
|
|t:|1760451777
|switch|p1a: Beary Allen|Ursaluna, M|100/100
|turn|15
|
|t:|1760451781
|move|p1a: Beary Allen|Headlong Rush|p2a: Hatterene
|-damage|p2a: Hatterene|15/100
|-unboost|p1a: Beary Allen|def|1
|-unboost|p1a: Beary Allen|spd|1
|move|p2a: Hatterene|Psychic Noise|p1a: Beary Allen
|-crit|p1a: Beary Allen
|-damage|p1a: Beary Allen|0 fnt
|faint|p1a: Beary Allen
|
|-heal|p2a: Hatterene|21/100|[from] item: Leftovers
|upkeep
|
|t:|1760451785
|switch|p1a: Fake King|Kingambit, M|100/100
|-activate|p1a: Fake King|ability: Supreme Overlord
|-start|p1a: Fake King|fallen3|[silent]
|turn|16
|-activate|p1a: Fake King|item: Quick Claw
|
|t:|1760451788
|switch|p2a: Alomomola|Alomomola, M|100/100
|move|p1a: Fake King|Iron Head|p2a: Alomomola
|-resisted|p2a: Alomomola
|-damage|p2a: Alomomola|82/100
|
|upkeep
|turn|17
|
|t:|1760451791
|move|p1a: Fake King|Swords Dance|p1a: Fake King
|-boost|p1a: Fake King|atk|2
|move|p2a: Alomomola|Flip Turn|p1a: Fake King
|-damage|p1a: Fake King|88/100
|
|t:|1760451792
|switch|p2a: Zamazenta|Zamazenta|100/100|[from] Flip Turn
|-ability|p2a: Zamazenta|Dauntless Shield|boost
|-boost|p2a: Zamazenta|def|1
|
|upkeep
|turn|18
|
|t:|1760451802
|-terastallize|p1a: Fake King|Flying
|move|p2a: Zamazenta|Substitute|p2a: Zamazenta
|-start|p2a: Zamazenta|Substitute
|-damage|p2a: Zamazenta|75/100
|move|p1a: Fake King|Iron Head|p2a: Zamazenta
|-end|p2a: Zamazenta|Substitute
|
|-heal|p2a: Zamazenta|82/100|[from] item: Leftovers
|upkeep
|turn|19
|
|t:|1760451809
|move|p2a: Zamazenta|Iron Defense|p2a: Zamazenta
|-boost|p2a: Zamazenta|def|2
|move|p1a: Fake King|Iron Head|p2a: Zamazenta
|-damage|p2a: Zamazenta|44/100
|
|-heal|p2a: Zamazenta|50/100|[from] item: Leftovers
|upkeep
|turn|20
|-activate|p1a: Fake King|item: Quick Claw
|
|t:|1760451812
|move|p1a: Fake King|Iron Head|p2a: Zamazenta
|-damage|p2a: Zamazenta|16/100
|move|p2a: Zamazenta|Iron Defense|p2a: Zamazenta
|-boost|p2a: Zamazenta|def|2
|
|-heal|p2a: Zamazenta|22/100|[from] item: Leftovers
|upkeep
|turn|21
|
|t:|1760451822
|move|p2a: Zamazenta|Body Press|p1a: Fake King
|-resisted|p1a: Fake King
|-damage|p1a: Fake King|48/100
|move|p1a: Fake King|Iron Head|p2a: Zamazenta
|-damage|p2a: Zamazenta|0 fnt
|faint|p2a: Zamazenta
|
|upkeep
|
|t:|1760451830
|switch|p2a: Kyurem|Kyurem|100/100
|-ability|p2a: Kyurem|Pressure
|turn|22
|
|t:|1760451832
|move|p1a: Fake King|Sucker Punch|p2a: Kyurem
|-damage|p2a: Kyurem|0 fnt
|faint|p2a: Kyurem
|
|upkeep
|
|t:|1760451837
|switch|p2a: Alomomola|Alomomola, M|100/100
|turn|23
|
|t:|1760451840
|move|p1a: Fake King|Swords Dance|p1a: Fake King
|-boost|p1a: Fake King|atk|2
|move|p2a: Alomomola|Scald|p1a: Fake King
|-damage|p1a: Fake King|35/100
|-status|p1a: Fake King|brn
|
|-damage|p1a: Fake King|29/100 brn|[from] brn
|upkeep
|turn|24
|
|t:|1760451855
|move|p1a: Fake King|Sucker Punch|p2a: Alomomola
|-damage|p2a: Alomomola|51/100
|move|p2a: Alomomola|Scald|p1a: Fake King
|-damage|p1a: Fake King|17/100 brn
|
|-damage|p1a: Fake King|11/100 brn|[from] brn
|upkeep
|turn|25
|
|t:|1760451859
|move|p2a: Alomomola|Protect|p2a: Alomomola
|-singleturn|p2a: Alomomola|Protect
|move|p1a: Fake King|Iron Head|p2a: Alomomola
|-activate|p2a: Alomomola|move: Protect
|
|-damage|p1a: Fake King|5/100 brn|[from] brn
|upkeep
|turn|26
|
|t:|1760451864
|move|p1a: Fake King|Sucker Punch||[still]
|-fail|p1a: Fake King
|move|p2a: Alomomola|Wish|p2a: Alomomola
|
|-damage|p1a: Fake King|0 fnt|[from] brn
|faint|p1a: Fake King
|-end|p1a: Fake King|fallen3|[silent]
|upkeep
|
|t:|1760451869
|switch|p1a: Coat Rack|Hatterene, F|100/100
|turn|27
|
|t:|1760451882
|move|p2a: Alomomola|Flip Turn|p1a: Coat Rack
|-damage|p1a: Coat Rack|87/100
|
|t:|1760451885
|switch|p2a: Gliscor|Gliscor, F|33/100 tox|[from] Flip Turn
|move|p1a: Coat Rack|Calm Mind|p1a: Coat Rack
|-boost|p1a: Coat Rack|spa|1
|-boost|p1a: Coat Rack|spd|1
|
|-heal|p2a: Gliscor|99/100 tox|[from] move: Wish|[wisher] Alomomola
|-heal|p2a: Gliscor|100/100 tox|[from] ability: Poison Heal
|upkeep
|turn|28
|
|t:|1760451891
|move|p2a: Gliscor|Knock Off|p1a: Coat Rack
|-damage|p1a: Coat Rack|71/100
|-enditem|p1a: Coat Rack|Quick Claw|[from] move: Knock Off|[of] p2a: Gliscor
|move|p1a: Coat Rack|Calm Mind|p1a: Coat Rack
|-boost|p1a: Coat Rack|spa|1
|-boost|p1a: Coat Rack|spd|1
|
|upkeep
|turn|29
|
|t:|1760451896
|switch|p2a: Alomomola|Alomomola, M|84/100
|move|p1a: Coat Rack|Draining Kiss|p2a: Alomomola
|-damage|p2a: Alomomola|44/100
|-heal|p1a: Coat Rack|100/100|[from] drain|[of] p2a: Alomomola
|
|upkeep
|turn|30
|
|t:|1760451900
|move|p2a: Alomomola|Wish|p2a: Alomomola
|move|p1a: Coat Rack|Calm Mind|p1a: Coat Rack
|-boost|p1a: Coat Rack|spa|1
|-boost|p1a: Coat Rack|spd|1
|
|upkeep
|turn|31
|
|t:|1760451904
|move|p2a: Alomomola|Scald|p1a: Coat Rack
|-damage|p1a: Coat Rack|95/100
|move|p1a: Coat Rack|Stored Power|p2a: Alomomola
|-damage|p2a: Alomomola|0 fnt
|faint|p2a: Alomomola
|
|upkeep
|
|t:|1760451907
|switch|p2a: Hatterene|Hatterene, F, tera:Water|21/100
|turn|32
|-message|Us sad forfeited.
|
|win|tcloud
|raw|tcloud's rating: 1488 &rarr; <strong>1511</strong><br />(+23 for winning)
|raw|Us sad's rating: 1549 &rarr; <strong>1526</strong><br />(-23 for losing)
|l|☆Us sad
|player|p2|
|l|☆tcloud
|player|p1|
