|j|☆jmuney27
|j|☆Bigsauuuurrr
|t:|1760310920
|gametype|singles
|player|p1|jmuney27|shadowtriad|1134
|player|p2|Bigsauuuurrr|veteran|1106
|gen|9
|tier|[Gen 9] OU
|rated|
|rule|HP Percentage Mod: HP is shown in percentages
|rule|Endless Battle Clause: Forcing endless battles is banned
|rule|Species Clause: Limit one of each Pokémon
|rule|OHKO Clause: OHKO moves are banned
|rule|Evasion Items Clause: Evasion items are banned
|rule|Evasion Moves Clause: Evasion moves are banned
|rule|Evasion Abilities Clause: Evasion abilities are banned
|rule|Sleep Moves Clause: Sleep-inducing moves are banned
|clearpoke
|poke|p1|Blaziken, M|
|poke|p1|Corviknight, M|
|poke|p1|Dondozo, M|
|poke|p1|Espeon, F|
|poke|p1|Gliscor, M|
|poke|p1|Grimmsnarl, M|
|poke|p2|Victreebel, M|
|poke|p2|Dudunsparce-*, M|
|poke|p2|Kleavor, M|
|poke|p2|Qwilfish-Hisui, M|
|poke|p2|Golem, M|
|poke|p2|Magcargo, M|
|teampreview
|inactive|Battle timer is ON: inactive players will automatically lose when time's up. (requested by Bigsauuuurrr)
|c|☆jmuney27|good luck
|
|t:|1760310945
|teamsize|p1|6
|teamsize|p2|6
|start
|switch|p1a: Dondozo|Dondozo, M, shiny|100/100
|switch|p2a: Nugget|Golem, M, shiny|100/100
|turn|1
|
|t:|1760310953
|move|p2a: Nugget|Rock Polish|p2a: Nugget
|-boost|p2a: Nugget|spe|2
|move|p1a: Dondozo|Curse|p1a: Dondozo
|-unboost|p1a: Dondozo|spe|1
|-boost|p1a: Dondozo|atk|1
|-boost|p1a: Dondozo|def|1
|
|upkeep
|turn|2
|
|t:|1760310965
|move|p2a: Nugget|Earthquake|p1a: Dondozo
|-damage|p1a: Dondozo|84/100
|move|p1a: Dondozo|Liquidation|p2a: Nugget
|-supereffective|p2a: Nugget
|-ability|p2a: Nugget|Sturdy
|-damage|p2a: Nugget|1/100
|-enditem|p2a: Nugget|Liechi Berry|[eat]
|-boost|p2a: Nugget|atk|1|[from] item: Liechi Berry
|
|-heal|p1a: Dondozo|90/100|[from] item: Leftovers
|upkeep
|turn|3
|
|t:|1760310979
|move|p2a: Nugget|Earthquake|p1a: Dondozo
|-damage|p1a: Dondozo|74/100
|move|p1a: Dondozo|Liquidation|p2a: Nugget
|-supereffective|p2a: Nugget
|-damage|p2a: Nugget|0 fnt
|faint|p2a: Nugget
|
|-heal|p1a: Dondozo|80/100|[from] item: Leftovers
|upkeep
|
|t:|1760310995
|switch|p2a: Venus|Victreebel, M, shiny|100/100
|turn|4
|
|t:|1760311006
|-terastallize|p1a: Dondozo|Ice
|move|p2a: Venus|Stockpile|p2a: Venus
|-start|p2a: Venus|stockpile1
|-boost|p2a: Venus|def|1
|-boost|p2a: Venus|spd|1
|move|p1a: Dondozo|Avalanche|p2a: Venus
|-supereffective|p2a: Venus
|-damage|p2a: Venus|31/100
|-enditem|p2a: Venus|Petaya Berry|[eat]
|-boost|p2a: Venus|spa|1|[from] item: Petaya Berry
|
|-heal|p1a: Dondozo|86/100|[from] item: Leftovers
|upkeep
|turn|5
|l|☆Bigsauuuurrr
|inactive|Bigsauuuurrr disconnected and has a minute to reconnect!
|player|p2|
|j|☆Bigsauuuurrr
|inactive|Bigsauuuurrr reconnected and has 130 seconds left.
|player|p2|Bigsauuuurrr|veteran|
|
|t:|1760311026
|move|p2a: Venus|Strength Sap|p1a: Dondozo
|-unboost|p1a: Dondozo|atk|1
|-heal|p2a: Venus|100/100
|move|p1a: Dondozo|Avalanche|p2a: Venus
|-supereffective|p2a: Venus
|-damage|p2a: Venus|56/100
|
|-heal|p1a: Dondozo|93/100|[from] item: Leftovers
|upkeep
|turn|6
|
|t:|1760311048
|switch|p1a: Blaziken|Blaziken, M|100/100
|move|p2a: Venus|Stockpile|p2a: Venus
|-start|p2a: Venus|stockpile2
|-boost|p2a: Venus|def|1
|-boost|p2a: Venus|spd|1
|
|upkeep
|turn|7
|
|t:|1760311058
|move|p1a: Blaziken|Focus Energy|p1a: Blaziken
|-start|p1a: Blaziken|move: Focus Energy
|move|p2a: Venus|Strength Sap|p1a: Blaziken
|-unboost|p1a: Blaziken|atk|1
|-heal|p2a: Venus|100/100
|
|-ability|p1a: Blaziken|Speed Boost|boost
|-boost|p1a: Blaziken|spe|1
|upkeep
|turn|8
|
|t:|1760311075
|-terastallize|p2a: Venus|Poison
|move|p1a: Blaziken|Overheat|p2a: Venus
|-crit|p2a: Venus
|-damage|p2a: Venus|11/100
|-unboost|p1a: Blaziken|spa|2
|move|p2a: Venus|Stockpile|p2a: Venus
|-start|p2a: Venus|stockpile3
|-boost|p2a: Venus|def|1
|-boost|p2a: Venus|spd|1
|
|-ability|p1a: Blaziken|Speed Boost|boost
|-boost|p1a: Blaziken|spe|1
|upkeep
|turn|9
|
|t:|1760311092
|move|p1a: Blaziken|Overheat|p2a: Venus
|-crit|p2a: Venus
|-damage|p2a: Venus|0 fnt
|-unboost|p1a: Blaziken|spa|2
|faint|p2a: Venus
|
|-ability|p1a: Blaziken|Speed Boost|boost
|-boost|p1a: Blaziken|spe|1
|upkeep
|inactive|Bigsauuuurrr has 120 seconds left.
|
|t:|1760311103
|switch|p2a: Turbo|Magcargo, M, shiny|100/100
|turn|10
|
|t:|1760311123
|switch|p1a: Gliscor|Gliscor, M|100/100
|move|p2a: Turbo|Shell Smash|p2a: Turbo
|-unboost|p2a: Turbo|def|1
|-unboost|p2a: Turbo|spd|1
|-boost|p2a: Turbo|atk|2
|-boost|p2a: Turbo|spa|2
|-boost|p2a: Turbo|spe|2
|-enditem|p2a: Turbo|White Herb
|-clearnegativeboost|p2a: Turbo|[silent]
|
|-status|p1a: Gliscor|tox|[from] item: Toxic Orb
|upkeep
|turn|11
|inactive|Bigsauuuurrr has 120 seconds left.
|
|t:|1760311139
|move|p2a: Turbo|Shell Smash|p2a: Turbo
|-unboost|p2a: Turbo|def|1
|-unboost|p2a: Turbo|spd|1
|-boost|p2a: Turbo|atk|2
|-boost|p2a: Turbo|spa|2
|-boost|p2a: Turbo|spe|2
|move|p1a: Gliscor|Earthquake|p2a: Turbo
|-supereffective|p2a: Turbo
|-damage|p2a: Turbo|0 fnt
|faint|p2a: Turbo
|
|upkeep
|inactive|Bigsauuuurrr has 120 seconds left.
|-message|Bigsauuuurrr forfeited.
|
|win|jmuney27
|raw|jmuney27's rating: 1134 &rarr; <strong>1157</strong><br />(+23 for winning)
|raw|Bigsauuuurrr's rating: 1106 &rarr; <strong>1083</strong><br />(-23 for losing)
|l|☆Bigsauuuurrr
|player|p2|
|l|☆jmuney27
|player|p1|
