|j|☆pantuxd
|j|☆bellumacademy
|t:|1760403944
|gametype|singles
|player|p1|pantuxd|102|1263
|player|p2|bellumacademy|elesa|1216
|gen|9
|tier|[Gen 9] OU
|rated|
|rule|HP Percentage Mod: HP is shown in percentages
|rule|Endless Battle Clause: Forcing endless battles is banned
|rule|Species Clause: Limit one of each Pokémon
|rule|OHKO Clause: OHKO moves are banned
|rule|Evasion Items Clause: Evasion items are banned
|rule|Evasion Moves Clause: Evasion moves are banned
|rule|Evasion Abilities Clause: Evasion abilities are banned
|rule|Sleep Moves Clause: Sleep-inducing moves are banned
|clearpoke
|poke|p1|Araquanid, F|
|poke|p1|Serperior, M|
|poke|p1|Falinks|
|poke|p1|Cinderace, M|
|poke|p1|Malamar, M|
|poke|p1|Oricorio-Sensu, F|
|poke|p2|Pelipper, F|
|poke|p2|Hatterene, F|
|poke|p2|Iron Treads|
|poke|p2|Toxicroak, F|
|poke|p2|Barraskewda, F|
|poke|p2|Zapdos|
|teampreview
|inactive|Battle timer is ON: inactive players will automatically lose when time's up. (requested by pantuxd)
|inactive|bellumacademy has 120 seconds left.
|
|t:|1760403992
|teamsize|p1|6
|teamsize|p2|6
|start
|switch|p1a: Araquanid|Araquanid, F|100/100
|switch|p2a: Pelipper|Pelipper, F|100/100
|-weather|RainDance|[from] ability: Drizzle|[of] p2a: Pelipper
|turn|1
|inactive|pantuxd has 120 seconds left.
|
|t:|1760404026
|switch|p2a: Hatterene|Hatterene, F|100/100
|move|p1a: Araquanid|Sticky Web|p2a: Hatterene
|move|p2a: Hatterene|Sticky Web|p1a: Araquanid|[from] ability: Magic Bounce
|-sidestart|p1: pantuxd|move: Sticky Web
|
|-weather|RainDance|[upkeep]
|upkeep
|turn|2
|inactive|bellumacademy has 120 seconds left.
|inactive|bellumacademy has 90 seconds left.
|
|t:|1760404115
|move|p2a: Hatterene|Nuzzle|p1a: Araquanid
|-supereffective|p1a: Araquanid
|-damage|p1a: Araquanid|92/100
|-status|p1a: Araquanid|par
|move|p1a: Araquanid|Sticky Web|p2a: Hatterene
|move|p2a: Hatterene|Sticky Web||[from] ability: Magic Bounce|[still]
|-fail|p2a: Hatterene
|
|-weather|RainDance|[upkeep]
|upkeep
|turn|3
|inactive|pantuxd has 120 seconds left.
|
|t:|1760404139
|move|p2a: Hatterene|Draining Kiss|p1a: Araquanid
|-damage|p1a: Araquanid|78/100 par
|move|p1a: Araquanid|Sticky Web|p2a: Hatterene
|move|p2a: Hatterene|Sticky Web||[from] ability: Magic Bounce|[still]
|-fail|p2a: Hatterene
|
|-weather|RainDance|[upkeep]
|upkeep
|turn|4
|inactive|bellumacademy has 60 seconds left.
|inactive|bellumacademy has 30 seconds left.
|inactive|bellumacademy has 20 seconds left.
|inactive|bellumacademy has 15 seconds left.
|inactive|bellumacademy has 10 seconds left.
|
|t:|1760404211
|move|p2a: Hatterene|Psychic Noise|p1a: Araquanid
|-damage|p1a: Araquanid|59/100 par
|-start|p1a: Araquanid|move: Heal Block
|move|p1a: Araquanid|Sticky Web|p2a: Hatterene
|move|p2a: Hatterene|Sticky Web||[from] ability: Magic Bounce|[still]
|-fail|p2a: Hatterene
|
|-weather|RainDance|[upkeep]
|upkeep
|turn|5
|inactive|bellumacademy has 20 seconds left this turn.
|inactive|bellumacademy has 15 seconds left.
|
|t:|1760404217
|move|p2a: Hatterene|Psychic Noise|p1a: Araquanid
|-damage|p1a: Araquanid|38/100 par
|move|p1a: Araquanid|Sticky Web|p2a: Hatterene
|move|p2a: Hatterene|Sticky Web||[from] ability: Magic Bounce|[still]
|-fail|p2a: Hatterene
|
|-weather|RainDance|[upkeep]
|-end|p1a: Araquanid|move: Heal Block
|upkeep
|turn|6
|inactive|bellumacademy has 25 seconds left this turn.
|
|t:|1760404225
|move|p2a: Hatterene|Psychic Noise|p1a: Araquanid
|-damage|p1a: Araquanid|17/100 par
|-start|p1a: Araquanid|move: Heal Block
|move|p1a: Araquanid|Endeavor|p2a: Hatterene
|-damage|p2a: Hatterene|18/100
|-enditem|p2a: Hatterene|Eject Button
|inactive|bellumacademy has 30 seconds left this turn.
|
|t:|1760404229
|switch|p2a: Barraskewda|Barraskewda, F|100/100
|
|-weather|RainDance|[upkeep]
|upkeep
|turn|7
|-enditem|p1a: Araquanid|Custap Berry|[eat]
|-activate|p1a: Araquanid|item: Custap Berry|[consumed]
|
|t:|1760404235
|cant|p1a: Araquanid|par
|move|p2a: Barraskewda|Flip Turn|p1a: Araquanid
|-resisted|p1a: Araquanid
|-damage|p1a: Araquanid|0 fnt
|faint|p1a: Araquanid
|
|t:|1760404243
|switch|p2a: Zapdos|Zapdos|100/100|[from] Flip Turn
|
|-weather|RainDance|[upkeep]
|upkeep
|
|t:|1760404267
|switch|p1a: Malamar|Malamar, M|100/100
|-activate|p1a: Malamar|move: Sticky Web
|-boost|p1a: Malamar|spe|1
|turn|8
|inactive|bellumacademy has 30 seconds left.
|inactive|bellumacademy has 20 seconds left.
|
|t:|1760404299
|move|p1a: Malamar|Superpower|p2a: Zapdos
|-resisted|p2a: Zapdos
|-damage|p2a: Zapdos|81/100
|-boost|p1a: Malamar|atk|1
|-boost|p1a: Malamar|def|1
|move|p2a: Zapdos|Hurricane|p1a: Malamar
|-damage|p1a: Malamar|0 fnt
|faint|p1a: Malamar
|
|-weather|none
|upkeep
|
|t:|1760404311
|switch|p1a: Cinderace|Cinderace, M|100/100
|turn|9
|inactive|bellumacademy has 30 seconds left.
|inactive|bellumacademy has 20 seconds left.
|inactive|bellumacademy has 15 seconds left.
|inactive|bellumacademy has 10 seconds left.
|
|t:|1760404339
|switch|p2a: Pelipper|Pelipper, F|100/100
|-weather|RainDance|[from] ability: Drizzle|[of] p2a: Pelipper
|move|p1a: Cinderace|Pyro Ball|p2a: Pelipper
|-resisted|p2a: Pelipper
|-damage|p2a: Pelipper|88/100
|
|-weather|RainDance|[upkeep]
|upkeep
|turn|10
|inactive|bellumacademy has 20 seconds left this turn.
|
|t:|1760404346
|move|p1a: Cinderace|Will-O-Wisp|p2a: Pelipper
|-status|p2a: Pelipper|brn
|move|p2a: Pelipper|U-turn|p1a: Cinderace
|-resisted|p1a: Cinderace
|-damage|p1a: Cinderace|98/100
|inactive|bellumacademy has 25 seconds left this turn.
|
|t:|1760404350
|switch|p2a: Barraskewda|Barraskewda, F|100/100|[from] U-turn
|
|-weather|RainDance|[upkeep]
|upkeep
|turn|11
|
|t:|1760404353
|-terastallize|p2a: Barraskewda|Water
|move|p2a: Barraskewda|Flip Turn|p1a: Cinderace
|-supereffective|p1a: Cinderace
|-crit|p1a: Cinderace
|-damage|p1a: Cinderace|0 fnt
|faint|p1a: Cinderace
|inactive|bellumacademy has 30 seconds left.
|
|t:|1760404364
|switch|p2a: Zapdos|Zapdos|81/100|[from] Flip Turn
|
|-weather|RainDance|[upkeep]
|upkeep
|
|t:|1760404377
|switch|p1a: Falinks|Falinks|100/100
|-activate|p1a: Falinks|move: Sticky Web
|-unboost|p1a: Falinks|spe|1
|-ability|p1a: Falinks|Defiant|boost
|-boost|p1a: Falinks|atk|2
|-enditem|p1a: Falinks|White Herb
|-clearnegativeboost|p1a: Falinks|[silent]
|turn|12
|inactive|bellumacademy has 30 seconds left.
|inactive|bellumacademy has 20 seconds left.
|inactive|bellumacademy has 15 seconds left.
|inactive|bellumacademy has 10 seconds left.
|inactive|bellumacademy has 5 seconds left.
|-message|bellumacademy lost due to inactivity.
|
|win|pantuxd
|raw|pantuxd's rating: 1263 &rarr; <strong>1285</strong><br />(+22 for winning)
|raw|bellumacademy's rating: 1216 &rarr; <strong>1194</strong><br />(-22 for losing)
|l|☆pantuxd
|player|p1|
