|badge|p1|bronze|gen9ou|100-7
|uhtml|medal-msg|<div class="broadcast-blue">Curious what those medals under the avatar are? PS now has Ladder Seasons! For more information, check out the <a href="https://www.smogon.com/forums/threads/3740067/">thread on Smogon.</a></div>
|badge|p2|bronze|gen9ou|100-7
|uhtml|medal-msg|<div class="broadcast-blue">Curious what those medals under the avatar are? PS now has Ladder Seasons! For more information, check out the <a href="https://www.smogon.com/forums/threads/3740067/">thread on Smogon.</a></div>
|j|☆Trainer #39
|j|☆Johnny tots
|t:|1760364308
|gametype|singles
|player|p1|Trainer #39|bugsy|1900
|player|p2|Johnny tots|101|1882
|gen|9
|tier|[Gen 9] OU
|rated|
|rule|HP Percentage Mod: HP is shown in percentages
|rule|Endless Battle Clause: Forcing endless battles is banned
|rule|Species Clause: Limit one of each Pokémon
|rule|OHKO Clause: OHKO moves are banned
|rule|Evasion Items Clause: Evasion items are banned
|rule|Evasion Moves Clause: Evasion moves are banned
|rule|Evasion Abilities Clause: Evasion abilities are banned
|rule|Sleep Moves Clause: Sleep-inducing moves are banned
|clearpoke
|poke|p1|Blissey, F|
|poke|p1|Corviknight, M|
|poke|p1|Dondozo, M|
|poke|p1|Gliscor, M|
|poke|p1|Clefable, M|
|poke|p1|Slowking-Galar, M|
|poke|p2|Rillaboom, F|
|poke|p2|Klefki, F|
|poke|p2|Manaphy|
|poke|p2|Ogerpon-Wellspring, F|
|poke|p2|Clefable, F|
|poke|p2|Dragapult, F|
|teampreview
|inactive|Battle timer is ON: inactive players will automatically lose when time's up. (requested by Johnny tots)
|c|☆Johnny tots|Hi there
|inactive|Trainer #39 has 120 seconds left.
|
|t:|1760364376
|teamsize|p1|6
|teamsize|p2|6
|start
|switch|p1a: 🇮🇱=stop genocide|Gliscor, M|100/100
|switch|p2a: Rillaboom|Rillaboom, F|100/100
|-fieldstart|move: Grassy Terrain|[from] ability: Grassy Surge|[of] p2a: Rillaboom
|turn|1
|
|t:|1760364381
|move|p1a: 🇮🇱=stop genocide|Protect|p1a: 🇮🇱=stop genocide
|-singleturn|p1a: 🇮🇱=stop genocide|Protect
|move|p2a: Rillaboom|Bulk Up|p2a: Rillaboom
|-boost|p2a: Rillaboom|atk|1
|-boost|p2a: Rillaboom|def|1
|
|-status|p1a: 🇮🇱=stop genocide|tox|[from] item: Toxic Orb
|upkeep
|turn|2
|
|t:|1760364384
|move|p1a: 🇮🇱=stop genocide|Toxic|p2a: Rillaboom|[miss]
|-miss|p1a: 🇮🇱=stop genocide|p2a: Rillaboom
|move|p2a: Rillaboom|Knock Off|p1a: 🇮🇱=stop genocide
|-damage|p1a: 🇮🇱=stop genocide|65/100 tox
|-enditem|p1a: 🇮🇱=stop genocide|Toxic Orb|[from] move: Knock Off|[of] p2a: Rillaboom
|
|-heal|p1a: 🇮🇱=stop genocide|78/100 tox|[from] ability: Poison Heal
|upkeep
|turn|3
|
|t:|1760364391
|switch|p2a: Clefable|Clefable, F|100/100
|move|p1a: 🇮🇱=stop genocide|Substitute|p1a: 🇮🇱=stop genocide
|-start|p1a: 🇮🇱=stop genocide|Substitute
|-damage|p1a: 🇮🇱=stop genocide|53/100 tox
|
|-heal|p1a: 🇮🇱=stop genocide|65/100 tox|[from] ability: Poison Heal
|upkeep
|turn|4
|
|t:|1760364393
|move|p1a: 🇮🇱=stop genocide|Toxic|p2a: Clefable
|-status|p2a: Clefable|tox
|move|p2a: Clefable|Calm Mind|p2a: Clefable
|-boost|p2a: Clefable|spa|1
|-boost|p2a: Clefable|spd|1
|
|-heal|p1a: 🇮🇱=stop genocide|78/100 tox|[from] ability: Poison Heal
|upkeep
|turn|5
|
|t:|1760364396
|switch|p1a: LeJ/ovni/la lettre|Slowking-Galar, M|100/100
|move|p2a: Clefable|Moonblast|p1a: LeJ/ovni/la lettre
|-resisted|p1a: LeJ/ovni/la lettre
|-damage|p1a: LeJ/ovni/la lettre|76/100
|
|-heal|p1a: LeJ/ovni/la lettre|82/100|[from] Grassy Terrain
|upkeep
|turn|6
|
|t:|1760364399
|switch|p2a: Ogerpon|Ogerpon-Wellspring, F|100/100
|move|p1a: LeJ/ovni/la lettre|Trick||[still]
|-fail|p1a: LeJ/ovni/la lettre
|
|-heal|p1a: LeJ/ovni/la lettre|88/100|[from] Grassy Terrain
|upkeep
|turn|7
|
|t:|1760364405
|switch|p2a: Klefki|Klefki, F|100/100
|switch|p1a: Charlie Kirk: idc|Corviknight, M|100/100
|-ability|p1a: Charlie Kirk: idc|Pressure
|
|upkeep
|turn|8
|
|t:|1760364432
|switch|p2a: Ogerpon|Ogerpon-Wellspring, F|100/100
|switch|p1a: 🇮🇱=stop genocide|Gliscor, M|78/100 tox
|
|-heal|p1a: 🇮🇱=stop genocide|90/100 tox|[from] ability: Poison Heal
|-fieldend|move: Grassy Terrain
|upkeep
|turn|9
|l|☆Johnny tots
|inactive|Johnny tots disconnected and has a minute to reconnect!
|player|p2|
|inactive|Trainer #39 has 120 seconds left.
|j|☆Johnny tots
|inactive|Johnny tots reconnected.
|player|p2|Johnny tots|101|
|
|t:|1760364451
|move|p2a: Ogerpon|Swords Dance|p2a: Ogerpon
|-boost|p2a: Ogerpon|atk|2
|move|p1a: 🇮🇱=stop genocide|Toxic|p2a: Ogerpon
|-status|p2a: Ogerpon|tox
|
|-damage|p2a: Ogerpon|95/100 tox|[from] psn
|-heal|p1a: 🇮🇱=stop genocide|100/100 tox|[from] ability: Poison Heal
|upkeep
|turn|10
|
|t:|1760364453
|switch|p1a: 808 and curses|Dondozo, M|100/100
|move|p2a: Ogerpon|Ivy Cudgel|p1a: 808 and curses|[anim] Ivy Cudgel Water
|-resisted|p1a: 808 and curses
|-damage|p1a: 808 and curses|88/100
|
|-heal|p1a: 808 and curses|94/100|[from] item: Leftovers
|-damage|p2a: Ogerpon|83/100 tox|[from] psn
|upkeep
|turn|11
|
|t:|1760364455
|move|p2a: Ogerpon|Power Whip|p1a: 808 and curses
|-supereffective|p1a: 808 and curses
|-damage|p1a: 808 and curses|37/100
|move|p1a: 808 and curses|Curse|p1a: 808 and curses
|-unboost|p1a: 808 and curses|spe|1
|-boost|p1a: 808 and curses|atk|1
|-boost|p1a: 808 and curses|def|1
|
|-heal|p1a: 808 and curses|43/100|[from] item: Leftovers
|-damage|p2a: Ogerpon|65/100 tox|[from] psn
|upkeep
|turn|12
|
|t:|1760364462
|move|p2a: Ogerpon|Power Whip|p1a: 808 and curses|[miss]
|-miss|p2a: Ogerpon|p1a: 808 and curses
|move|p1a: 808 and curses|Rest|p1a: 808 and curses
|-status|p1a: 808 and curses|slp|[from] move: Rest
|-heal|p1a: 808 and curses|100/100 slp|[silent]
|
|-damage|p2a: Ogerpon|41/100 tox|[from] psn
|upkeep
|turn|13
|j| nsdede
|
|t:|1760364470
|switch|p2a: Rillaboom|Rillaboom, F|100/100
|-fieldstart|move: Grassy Terrain|[from] ability: Grassy Surge|[of] p2a: Rillaboom
|cant|p1a: 808 and curses|slp
|move|p1a: 808 and curses|Sleep Talk|p1a: 808 and curses
|move|p1a: 808 and curses|Rest||[from] move: Sleep Talk|[still]
|-fail|p1a: 808 and curses
|
|upkeep
|turn|14
|
|t:|1760364479
|switch|p2a: Ogerpon|Ogerpon-Wellspring, F|41/100 tox
|switch|p1a: Charlie Kirk: idc|Corviknight, M|100/100
|-ability|p1a: Charlie Kirk: idc|Pressure
|
|-heal|p2a: Ogerpon|47/100 tox|[from] Grassy Terrain
|-damage|p2a: Ogerpon|41/100 tox|[from] psn
|upkeep
|turn|15
|inactive|Trainer #39 has 120 seconds left.
|
|t:|1760364514
|switch|p2a: Klefki|Klefki, F|100/100
|move|p1a: Charlie Kirk: idc|U-turn|p2a: Klefki
|-resisted|p2a: Klefki
|-damage|p2a: Klefki|98/100
|
|t:|1760364517
|switch|p1a: brat|Blissey, F|100/100|[from] U-turn
|
|-heal|p2a: Klefki|100/100|[from] Grassy Terrain
|upkeep
|turn|16
|
|t:|1760364519
|move|p2a: Klefki|Spikes|p1a: brat
|-sidestart|p1: Trainer #39|Spikes
|move|p1a: brat|Stealth Rock|p2a: Klefki
|-sidestart|p2: Johnny tots|move: Stealth Rock
|
|upkeep
|turn|17
|
|t:|1760364524
|switch|p1a: 🇮🇱=stop genocide|Gliscor, M|100/100 tox
|move|p2a: Klefki|Spikes|p1a: 🇮🇱=stop genocide
|-sidestart|p1: Trainer #39|Spikes
|
|upkeep
|turn|18
|
|t:|1760364529
|move|p2a: Klefki|Spikes|p1a: 🇮🇱=stop genocide
|-sidestart|p1: Trainer #39|Spikes
|move|p1a: 🇮🇱=stop genocide|Earthquake|p2a: Klefki
|-supereffective|p2a: Klefki
|-damage|p2a: Klefki|76/100
|
|-heal|p2a: Klefki|82/100|[from] Grassy Terrain
|upkeep
|turn|19
|
|t:|1760364534
|switch|p2a: Clefable|Clefable, F|100/100 tox
|move|p1a: 🇮🇱=stop genocide|Substitute|p1a: 🇮🇱=stop genocide
|-start|p1a: 🇮🇱=stop genocide|Substitute
|-damage|p1a: 🇮🇱=stop genocide|76/100 tox
|
|-heal|p1a: 🇮🇱=stop genocide|88/100 tox|[from] ability: Poison Heal
|upkeep
|turn|20
|
|t:|1760364537
|move|p1a: 🇮🇱=stop genocide|Earthquake|p2a: Clefable
|-damage|p2a: Clefable|85/100 tox
|move|p2a: Clefable|Calm Mind|p2a: Clefable
|-boost|p2a: Clefable|spa|1
|-boost|p2a: Clefable|spd|1
|
|-heal|p2a: Clefable|91/100 tox|[from] Grassy Terrain
|-heal|p2a: Clefable|97/100 tox|[from] item: Leftovers
|-heal|p1a: 🇮🇱=stop genocide|100/100 tox|[from] ability: Poison Heal
|-fieldend|move: Grassy Terrain
|upkeep
|turn|21
|
|t:|1760364541
|switch|p1a: LeJ/ovni/la lettre|Slowking-Galar, M|100/100
|-damage|p1a: LeJ/ovni/la lettre|76/100|[from] Spikes
|move|p2a: Clefable|Moonblast|p1a: LeJ/ovni/la lettre
|-resisted|p1a: LeJ/ovni/la lettre
|-damage|p1a: LeJ/ovni/la lettre|55/100
|
|-heal|p2a: Clefable|100/100 tox|[from] item: Leftovers
|upkeep
|turn|22
|
|t:|1760364550
|switch|p2a: Ogerpon|Ogerpon-Wellspring, F|41/100 tox
|-damage|p2a: Ogerpon|28/100 tox|[from] Stealth Rock
|move|p1a: LeJ/ovni/la lettre|Sludge Bomb|p2a: Ogerpon
|-supereffective|p2a: Ogerpon
|-damage|p2a: Ogerpon|0 fnt
|faint|p2a: Ogerpon
|
|upkeep
|
|t:|1760364561
|switch|p2a: Dragapult|Dragapult, F|100/100
|-damage|p2a: Dragapult|88/100|[from] Stealth Rock
|turn|23
|
|t:|1760364570
|switch|p1a: Charli xcx|Clefable, M|100/100
|move|p2a: Dragapult|Dragon Dance|p2a: Dragapult
|-boost|p2a: Dragapult|atk|1
|-boost|p2a: Dragapult|spe|1
|
|-heal|p2a: Dragapult|94/100|[from] item: Leftovers
|upkeep
|turn|24
|
|t:|1760364574
|move|p2a: Dragapult|Substitute|p2a: Dragapult
|-start|p2a: Dragapult|Substitute
|-damage|p2a: Dragapult|69/100
|move|p1a: Charli xcx|Moonblast|p2a: Dragapult
|-supereffective|p2a: Dragapult
|-end|p2a: Dragapult|Substitute
|
|-heal|p2a: Dragapult|75/100|[from] item: Leftovers
|upkeep
|turn|25
|
|t:|1760364582
|switch|p2a: Klefki|Klefki, F|82/100
|-damage|p2a: Klefki|76/100|[from] Stealth Rock
|move|p1a: Charli xcx|Moonblast|p2a: Klefki
|-resisted|p2a: Klefki
|-damage|p2a: Klefki|56/100
|
|upkeep
|turn|26
|j| Swagboss123456789
|l|☆Johnny tots
|inactive|Johnny tots disconnected and has a minute to reconnect!
|player|p2|
|inactive|Trainer #39 has 120 seconds left.
|j|☆Johnny tots
|inactive|Johnny tots reconnected.
|player|p2|Johnny tots|101|
|
|t:|1760364625
|switch|p2a: Rillaboom|Rillaboom, F|100/100
|-damage|p2a: Rillaboom|88/100|[from] Stealth Rock
|-fieldstart|move: Grassy Terrain|[from] ability: Grassy Surge|[of] p2a: Rillaboom
|switch|p1a: 🇮🇱=stop genocide|Gliscor, M|100/100 tox
|
|-heal|p2a: Rillaboom|94/100|[from] Grassy Terrain
|upkeep
|turn|27
|inactive|Trainer #39 has 90 seconds left.
|
|t:|1760364662
|switch|p2a: Clefable|Clefable, F|100/100 tox
|move|p1a: 🇮🇱=stop genocide|Toxic|p2a: Clefable
|-fail|p2a: Clefable|tox
|
|upkeep
|turn|28
|
|t:|1760364665
|switch|p1a: Charlie Kirk: idc|Corviknight, M|100/100
|-ability|p1a: Charlie Kirk: idc|Pressure
|move|p2a: Clefable|Calm Mind|p2a: Clefable
|-boost|p2a: Clefable|spa|1
|-boost|p2a: Clefable|spd|1
|
|upkeep
|turn|29
|
|t:|1760364669
|switch|p1a: LeJ/ovni/la lettre|Slowking-Galar, M|88/100
|-damage|p1a: LeJ/ovni/la lettre|63/100|[from] Spikes
|move|p2a: Clefable|Fire Blast|p1a: LeJ/ovni/la lettre|[miss]
|-miss|p2a: Clefable|p1a: LeJ/ovni/la lettre
|
|-heal|p1a: LeJ/ovni/la lettre|69/100|[from] Grassy Terrain
|upkeep
|turn|30
|
|t:|1760364675
|move|p1a: LeJ/ovni/la lettre|Trick|p2a: Clefable
|-activate|p1a: LeJ/ovni/la lettre|move: Trick|[of] p2a: Clefable
|-item|p2a: Clefable|Choice Scarf|[from] move: Trick
|-item|p1a: LeJ/ovni/la lettre|Leftovers|[from] move: Trick
|move|p2a: Clefable|Calm Mind|p2a: Clefable
|-boost|p2a: Clefable|spa|1
|-boost|p2a: Clefable|spd|1
|
|-heal|p1a: LeJ/ovni/la lettre|75/100|[from] Grassy Terrain
|-heal|p1a: LeJ/ovni/la lettre|81/100|[from] item: Leftovers
|upkeep
|turn|31
|
|t:|1760364682
|switch|p2a: Klefki|Klefki, F|56/100
|-damage|p2a: Klefki|50/100|[from] Stealth Rock
|move|p1a: LeJ/ovni/la lettre|Future Sight|p2a: Klefki
|-start|p1a: LeJ/ovni/la lettre|move: Future Sight
|
|-heal|p2a: Klefki|56/100|[from] Grassy Terrain
|-heal|p1a: LeJ/ovni/la lettre|88/100|[from] Grassy Terrain
|-heal|p1a: LeJ/ovni/la lettre|94/100|[from] item: Leftovers
|upkeep
|turn|32
|
|t:|1760364690
|switch|p1a: 🇮🇱=stop genocide|Gliscor, M|100/100 tox
|move|p2a: Klefki|Light Screen|p2a: Klefki
|-sidestart|p2: Johnny tots|move: Light Screen
|
|-heal|p2a: Klefki|62/100|[from] Grassy Terrain
|upkeep
|turn|33
|
|t:|1760364693
|move|p2a: Klefki|Reflect|p2a: Klefki
|-sidestart|p2: Johnny tots|Reflect
|move|p1a: 🇮🇱=stop genocide|Substitute|p1a: 🇮🇱=stop genocide
|-start|p1a: 🇮🇱=stop genocide|Substitute
|-damage|p1a: 🇮🇱=stop genocide|76/100 tox
|
|-end|p2a: Klefki|move: Future Sight
|-resisted|p2a: Klefki
|-damage|p2a: Klefki|50/100
|-heal|p2a: Klefki|56/100|[from] Grassy Terrain
|-heal|p1a: 🇮🇱=stop genocide|88/100 tox|[from] ability: Poison Heal
|-fieldend|move: Grassy Terrain
|upkeep
|turn|34
|
|t:|1760364697
|switch|p2a: Rillaboom|Rillaboom, F|94/100
|-damage|p2a: Rillaboom|82/100|[from] Stealth Rock
|-fieldstart|move: Grassy Terrain|[from] ability: Grassy Surge|[of] p2a: Rillaboom
|move|p1a: 🇮🇱=stop genocide|Earthquake|p2a: Rillaboom
|-resisted|p2a: Rillaboom
|-damage|p2a: Rillaboom|78/100
|
|-heal|p2a: Rillaboom|84/100|[from] Grassy Terrain
|-heal|p1a: 🇮🇱=stop genocide|100/100 tox|[from] ability: Poison Heal
|upkeep
|turn|35
|
|t:|1760364702
|switch|p2a: Clefable|Clefable, F|100/100 tox
|move|p1a: 🇮🇱=stop genocide|Toxic|p2a: Clefable|[miss]
|-miss|p1a: 🇮🇱=stop genocide|p2a: Clefable
|
|upkeep
|turn|36
|inactive|Trainer #39 has 120 seconds left.
|
|t:|1760364735
|switch|p1a: LeJ/ovni/la lettre|Slowking-Galar, M|100/100
|-damage|p1a: LeJ/ovni/la lettre|76/100|[from] Spikes
|switch|p2a: Dragapult|Dragapult, F|75/100
|-damage|p2a: Dragapult|63/100|[from] Stealth Rock
|
|-heal|p2a: Dragapult|69/100|[from] Grassy Terrain
|-heal|p2a: Dragapult|75/100|[from] item: Leftovers
|-heal|p1a: LeJ/ovni/la lettre|82/100|[from] Grassy Terrain
|-heal|p1a: LeJ/ovni/la lettre|88/100|[from] item: Leftovers
|upkeep
|turn|37
|
|t:|1760364740
|switch|p1a: Charli xcx|Clefable, M|100/100
|move|p2a: Dragapult|Substitute|p2a: Dragapult
|-start|p2a: Dragapult|Substitute
|-damage|p2a: Dragapult|50/100
|
|-heal|p2a: Dragapult|56/100|[from] Grassy Terrain
|-heal|p2a: Dragapult|62/100|[from] item: Leftovers
|upkeep
|turn|38
|
|t:|1760364767
|move|p2a: Dragapult|Dragon Dance|p2a: Dragapult
|-boost|p2a: Dragapult|atk|1
|-boost|p2a: Dragapult|spe|1
|move|p1a: Charli xcx|Moonblast|p2a: Dragapult
|-supereffective|p2a: Dragapult
|-crit|p2a: Dragapult
|-end|p2a: Dragapult|Substitute
|
|-heal|p2a: Dragapult|68/100|[from] Grassy Terrain
|-heal|p2a: Dragapult|74/100|[from] item: Leftovers
|upkeep
|turn|39
|inactive|Trainer #39 has 120 seconds left.
|
|t:|1760364792
|switch|p2a: Klefki|Klefki, F|56/100
|-damage|p2a: Klefki|50/100|[from] Stealth Rock
|move|p1a: Charli xcx|Moonblast|p2a: Klefki
|-resisted|p2a: Klefki
|-damage|p2a: Klefki|40/100
|
|-heal|p2a: Klefki|46/100|[from] Grassy Terrain
|-sideend|p2: Johnny tots|move: Light Screen
|upkeep
|turn|40
|
|t:|1760364799
|move|p2a: Klefki|Light Screen|p2a: Klefki
|-sidestart|p2: Johnny tots|move: Light Screen
|move|p1a: Charli xcx|Moonblast|p2a: Klefki
|-resisted|p2a: Klefki
|-damage|p2a: Klefki|38/100
|-unboost|p2a: Klefki|spa|1
|
|-heal|p2a: Klefki|44/100|[from] Grassy Terrain
|-sideend|p2: Johnny tots|Reflect
|upkeep
|turn|41
|inactive|Trainer #39 has 120 seconds left.
|
|t:|1760364818
|switch|p1a: 🇮🇱=stop genocide|Gliscor, M|100/100 tox
|move|p2a: Klefki|Reflect|p2a: Klefki
|-sidestart|p2: Johnny tots|Reflect
|
|-heal|p2a: Klefki|50/100|[from] Grassy Terrain
|-fieldend|move: Grassy Terrain
|upkeep
|turn|42
|
|t:|1760364823
|switch|p2a: Clefable|Clefable, F|100/100 tox
|move|p1a: 🇮🇱=stop genocide|Earthquake|p2a: Clefable
|-damage|p2a: Clefable|87/100 tox
|
|upkeep
|turn|43
|
|t:|1760364829
|switch|p1a: LeJ/ovni/la lettre|Slowking-Galar, M|100/100
|-damage|p1a: LeJ/ovni/la lettre|76/100|[from] Spikes
|move|p2a: Clefable|Moonblast|p1a: LeJ/ovni/la lettre
|-resisted|p1a: LeJ/ovni/la lettre
|-damage|p1a: LeJ/ovni/la lettre|61/100
|
|-heal|p1a: LeJ/ovni/la lettre|67/100|[from] item: Leftovers
|upkeep
|turn|44
|
|t:|1760364835
|switch|p2a: Rillaboom|Rillaboom, F|84/100
|-damage|p2a: Rillaboom|72/100|[from] Stealth Rock
|-fieldstart|move: Grassy Terrain|[from] ability: Grassy Surge|[of] p2a: Rillaboom
|move|p1a: LeJ/ovni/la lettre|Future Sight|p2a: Rillaboom
|-start|p1a: LeJ/ovni/la lettre|move: Future Sight
|
|-heal|p2a: Rillaboom|78/100|[from] Grassy Terrain
|-heal|p1a: LeJ/ovni/la lettre|73/100|[from] Grassy Terrain
|-heal|p1a: LeJ/ovni/la lettre|79/100|[from] item: Leftovers
|upkeep
|turn|45
|
|t:|1760364856
|switch|p2a: Manaphy|Manaphy|100/100
|-damage|p2a: Manaphy|88/100|[from] Stealth Rock
|switch|p1a: 🇮🇱=stop genocide|Gliscor, M|100/100 tox
|
|-heal|p2a: Manaphy|94/100|[from] Grassy Terrain
|-heal|p2a: Manaphy|99/100|[from] item: Leftovers
|upkeep
|turn|46
|
|t:|1760364860
|switch|p1a: Charli xcx|Clefable, M|100/100
|move|p2a: Manaphy|Take Heart|p2a: Manaphy
|-boost|p2a: Manaphy|spa|1
|-boost|p2a: Manaphy|spd|1
|
|-end|p2a: Manaphy|move: Future Sight
|-damage|p2a: Manaphy|87/100
|-heal|p2a: Manaphy|93/100|[from] Grassy Terrain
|-heal|p2a: Manaphy|99/100|[from] item: Leftovers
|upkeep
|turn|47
|inactive|Trainer #39 has 120 seconds left.
|
|t:|1760364896
|move|p2a: Manaphy|Take Heart|p2a: Manaphy
|-boost|p2a: Manaphy|spa|1
|-boost|p2a: Manaphy|spd|1
|move|p1a: Charli xcx|Knock Off|p2a: Manaphy
|-damage|p2a: Manaphy|91/100
|-enditem|p2a: Manaphy|Leftovers|[from] move: Knock Off|[of] p1a: Charli xcx
|
|-heal|p2a: Manaphy|97/100|[from] Grassy Terrain
|-sideend|p2: Johnny tots|move: Light Screen
|upkeep
|turn|48
|
|t:|1760364901
|move|p2a: Manaphy|Take Heart|p2a: Manaphy
|-boost|p2a: Manaphy|spa|1
|-boost|p2a: Manaphy|spd|1
|move|p1a: Charli xcx|Moonblast|p2a: Manaphy
|-damage|p2a: Manaphy|67/100
|
|-heal|p2a: Manaphy|73/100|[from] Grassy Terrain
|-sideend|p2: Johnny tots|Reflect
|upkeep
|turn|49
|
|t:|1760364905
|move|p2a: Manaphy|Stored Power|p1a: Charli xcx
|-damage|p1a: Charli xcx|69/100
|move|p1a: Charli xcx|Moonblast|p2a: Manaphy
|-damage|p2a: Manaphy|47/100
|
|-heal|p2a: Manaphy|53/100|[from] Grassy Terrain
|-heal|p1a: Charli xcx|75/100|[from] Grassy Terrain
|upkeep
|turn|50
|
|t:|1760364908
|move|p2a: Manaphy|Scald|p1a: Charli xcx
|-crit|p1a: Charli xcx
|-damage|p1a: Charli xcx|38/100
|move|p1a: Charli xcx|Wish|p1a: Charli xcx
|
|-heal|p2a: Manaphy|59/100|[from] Grassy Terrain
|-heal|p1a: Charli xcx|44/100|[from] Grassy Terrain
|upkeep
|turn|51
|
|t:|1760364913
|move|p2a: Manaphy|Take Heart|p2a: Manaphy
|-boost|p2a: Manaphy|spa|1
|-boost|p2a: Manaphy|spd|1
|move|p1a: Charli xcx|Moonblast|p2a: Manaphy
|-damage|p2a: Manaphy|29/100
|
|-heal|p1a: Charli xcx|94/100|[from] move: Wish|[wisher] Charli xcx
|-heal|p2a: Manaphy|35/100|[from] Grassy Terrain
|-heal|p1a: Charli xcx|99/100|[from] Grassy Terrain
|-fieldend|move: Grassy Terrain
|upkeep
|turn|52
|
|t:|1760364921
|move|p2a: Manaphy|Stored Power|p1a: Charli xcx
|-crit|p1a: Charli xcx
|-damage|p1a: Charli xcx|42/100
|move|p1a: Charli xcx|Moonblast|p2a: Manaphy
|-damage|p2a: Manaphy|7/100
|
|upkeep
|turn|53
|
|t:|1760364926
|-terastallize|p1a: Charli xcx|Dark
|move|p2a: Manaphy|Stored Power|p1a: Charli xcx
|-immune|p1a: Charli xcx
|move|p1a: Charli xcx|Moonblast|p2a: Manaphy
|-damage|p2a: Manaphy|0 fnt
|faint|p2a: Manaphy
|
|upkeep
|
|t:|1760364948
|switch|p2a: Rillaboom|Rillaboom, F|78/100
|-damage|p2a: Rillaboom|65/100|[from] Stealth Rock
|-fieldstart|move: Grassy Terrain|[from] ability: Grassy Surge|[of] p2a: Rillaboom
|turn|54
|
|t:|1760364951
|move|p1a: Charli xcx|Protect|p1a: Charli xcx
|-singleturn|p1a: Charli xcx|Protect
|move|p2a: Rillaboom|Bulk Up|p2a: Rillaboom
|-boost|p2a: Rillaboom|atk|1
|-boost|p2a: Rillaboom|def|1
|
|-heal|p2a: Rillaboom|72/100|[from] Grassy Terrain
|-heal|p1a: Charli xcx|48/100|[from] Grassy Terrain
|upkeep
|turn|55
|
|t:|1760364960
|switch|p1a: Charlie Kirk: idc|Corviknight, M|100/100
|-ability|p1a: Charlie Kirk: idc|Pressure
|move|p2a: Rillaboom|Knock Off|p1a: Charlie Kirk: idc
|-damage|p1a: Charlie Kirk: idc|68/100
|-damage|p2a: Rillaboom|55/100|[from] item: Rocky Helmet|[of] p1a: Charlie Kirk: idc
|-enditem|p1a: Charlie Kirk: idc|Rocky Helmet|[from] move: Knock Off|[of] p2a: Rillaboom
|
|-heal|p2a: Rillaboom|61/100|[from] Grassy Terrain
|upkeep
|turn|56
|
|t:|1760364964
|move|p2a: Rillaboom|Bulk Up|p2a: Rillaboom
|-boost|p2a: Rillaboom|atk|1
|-boost|p2a: Rillaboom|def|1
|move|p1a: Charlie Kirk: idc|Brave Bird|p2a: Rillaboom
|-supereffective|p2a: Rillaboom
|-damage|p2a: Rillaboom|25/100
|-damage|p1a: Charlie Kirk: idc|57/100|[from] Recoil
|
|-heal|p2a: Rillaboom|31/100|[from] Grassy Terrain
|upkeep
|turn|57
|
|t:|1760364968
|move|p2a: Rillaboom|Bulk Up|p2a: Rillaboom
|-boost|p2a: Rillaboom|atk|1
|-boost|p2a: Rillaboom|def|1
|move|p1a: Charlie Kirk: idc|Brave Bird|p2a: Rillaboom
|-supereffective|p2a: Rillaboom
|-damage|p2a: Rillaboom|2/100
|-damage|p1a: Charlie Kirk: idc|48/100|[from] Recoil
|
|-heal|p2a: Rillaboom|8/100|[from] Grassy Terrain
|upkeep
|turn|58
|
|t:|1760364972
|move|p2a: Rillaboom|Knock Off|p1a: Charlie Kirk: idc
|-damage|p1a: Charlie Kirk: idc|10/100
|move|p1a: Charlie Kirk: idc|Roost|p1a: Charlie Kirk: idc
|-heal|p1a: Charlie Kirk: idc|60/100
|-singleturn|p1a: Charlie Kirk: idc|move: Roost
|
|-heal|p2a: Rillaboom|14/100|[from] Grassy Terrain
|-heal|p1a: Charlie Kirk: idc|66/100|[from] Grassy Terrain
|upkeep
|turn|59
|
|t:|1760364976
|move|p2a: Rillaboom|Knock Off|p1a: Charlie Kirk: idc
|-damage|p1a: Charlie Kirk: idc|32/100
|move|p1a: Charlie Kirk: idc|Brave Bird|p2a: Rillaboom
|-supereffective|p2a: Rillaboom
|-damage|p2a: Rillaboom|0 fnt
|faint|p2a: Rillaboom
|-damage|p1a: Charlie Kirk: idc|27/100|[from] Recoil
|
|upkeep
|
|t:|1760364997
|switch|p2a: Clefable|Clefable, F|87/100 tox
|turn|60
|
|t:|1760365002
|move|p2a: Clefable|Fire Blast|p1a: Charlie Kirk: idc
|-supereffective|p1a: Charlie Kirk: idc
|-damage|p1a: Charlie Kirk: idc|0 fnt
|faint|p1a: Charlie Kirk: idc
|
|-heal|p2a: Clefable|93/100 tox|[from] Grassy Terrain
|upkeep
|
|t:|1760365005
|switch|p1a: Charli xcx|Clefable, M, tera:Dark|48/100
|turn|61
|j| fdsfdsfsfsoidsf
|
|t:|1760365009
|move|p2a: Clefable|Fire Blast|p1a: Charli xcx
|-damage|p1a: Charli xcx|26/100
|move|p1a: Charli xcx|Wish|p1a: Charli xcx
|
|-heal|p2a: Clefable|99/100 tox|[from] Grassy Terrain
|-heal|p1a: Charli xcx|32/100|[from] Grassy Terrain
|-fieldend|move: Grassy Terrain
|upkeep
|turn|62
|
|t:|1760365014
|switch|p2a: Klefki|Klefki, F|50/100
|-damage|p2a: Klefki|44/100|[from] Stealth Rock
|move|p1a: Charli xcx|Moonblast|p2a: Klefki
|-resisted|p2a: Klefki
|-damage|p2a: Klefki|23/100
|
|-heal|p1a: Charli xcx|82/100|[from] move: Wish|[wisher] Charli xcx
|upkeep
|turn|63
|
|t:|1760365019
|switch|p1a: 🇮🇱=stop genocide|Gliscor, M|100/100 tox
|move|p2a: Klefki|Light Screen|p2a: Klefki
|-sidestart|p2: Johnny tots|move: Light Screen
|
|upkeep
|turn|64
|
|t:|1760365022
|move|p2a: Klefki|Reflect|p2a: Klefki
|-sidestart|p2: Johnny tots|Reflect
|move|p1a: 🇮🇱=stop genocide|Substitute|p1a: 🇮🇱=stop genocide
|-start|p1a: 🇮🇱=stop genocide|Substitute
|-damage|p1a: 🇮🇱=stop genocide|76/100 tox
|
|-heal|p1a: 🇮🇱=stop genocide|88/100 tox|[from] ability: Poison Heal
|upkeep
|turn|65
|
|t:|1760365024
|switch|p2a: Clefable|Clefable, F|99/100 tox
|move|p1a: 🇮🇱=stop genocide|Earthquake|p2a: Clefable
|-damage|p2a: Clefable|83/100 tox
|
|-heal|p1a: 🇮🇱=stop genocide|100/100 tox|[from] ability: Poison Heal
|upkeep
|turn|66
|
|t:|1760365026
|move|p1a: 🇮🇱=stop genocide|Earthquake|p2a: Clefable
|-damage|p2a: Clefable|68/100 tox
|move|p2a: Clefable|Moonblast|p1a: 🇮🇱=stop genocide
|-end|p1a: 🇮🇱=stop genocide|Substitute
|
|upkeep
|turn|67
|
|t:|1760365029
|move|p1a: 🇮🇱=stop genocide|Protect|p1a: 🇮🇱=stop genocide
|-singleturn|p1a: 🇮🇱=stop genocide|Protect
|move|p2a: Clefable|Moonblast|p1a: 🇮🇱=stop genocide
|-activate|p1a: 🇮🇱=stop genocide|move: Protect
|
|upkeep
|turn|68
|
|t:|1760365032
|switch|p2a: Dragapult|Dragapult, F|74/100
|-damage|p2a: Dragapult|62/100|[from] Stealth Rock
|move|p1a: 🇮🇱=stop genocide|Substitute|p1a: 🇮🇱=stop genocide
|-start|p1a: 🇮🇱=stop genocide|Substitute
|-damage|p1a: 🇮🇱=stop genocide|76/100 tox
|
|-heal|p2a: Dragapult|68/100|[from] item: Leftovers
|-heal|p1a: 🇮🇱=stop genocide|88/100 tox|[from] ability: Poison Heal
|upkeep
|turn|69
|
|t:|1760365034
|move|p1a: 🇮🇱=stop genocide|Protect|p1a: 🇮🇱=stop genocide
|-singleturn|p1a: 🇮🇱=stop genocide|Protect
|move|p2a: Dragapult|Substitute|p2a: Dragapult
|-start|p2a: Dragapult|Substitute
|-damage|p2a: Dragapult|43/100
|
|-heal|p2a: Dragapult|49/100|[from] item: Leftovers
|-heal|p1a: 🇮🇱=stop genocide|100/100 tox|[from] ability: Poison Heal
|upkeep
|turn|70
|
|t:|1760365037
|move|p2a: Dragapult|Dragon Dance|p2a: Dragapult
|-boost|p2a: Dragapult|atk|1
|-boost|p2a: Dragapult|spe|1
|move|p1a: 🇮🇱=stop genocide|Earthquake|p2a: Dragapult
|-activate|p2a: Dragapult|move: Substitute|[damage]
|
|-heal|p2a: Dragapult|55/100|[from] item: Leftovers
|-sideend|p2: Johnny tots|move: Light Screen
|upkeep
|turn|71
|
|t:|1760365041
|move|p2a: Dragapult|Dragon Darts|p1a: 🇮🇱=stop genocide
|-damage|p1a: 🇮🇱=stop genocide|75/100 tox
|-anim|p2a: Dragapult|Dragon Darts|p1a: 🇮🇱=stop genocide
|-damage|p1a: 🇮🇱=stop genocide|49/100 tox
|move|p1a: 🇮🇱=stop genocide|Earthquake|p2a: Dragapult
|-end|p2a: Dragapult|Substitute
|
|-heal|p2a: Dragapult|61/100|[from] item: Leftovers
|-heal|p1a: 🇮🇱=stop genocide|61/100 tox|[from] ability: Poison Heal
|-sideend|p2: Johnny tots|Reflect
|upkeep
|turn|72
|
|t:|1760365052
|move|p2a: Dragapult|Dragon Darts|p1a: 🇮🇱=stop genocide
|-damage|p1a: 🇮🇱=stop genocide|33/100 tox
|-anim|p2a: Dragapult|Dragon Darts|p1a: 🇮🇱=stop genocide
|-damage|p1a: 🇮🇱=stop genocide|9/100 tox
|move|p1a: 🇮🇱=stop genocide|Earthquake|p2a: Dragapult
|-damage|p2a: Dragapult|28/100
|
|-heal|p2a: Dragapult|34/100|[from] item: Leftovers
|-heal|p1a: 🇮🇱=stop genocide|21/100 tox|[from] ability: Poison Heal
|upkeep
|turn|73
|
|t:|1760365056
|switch|p1a: 808 and curses|Dondozo, M|100/100 slp
|-damage|p1a: 808 and curses|75/100 slp|[from] Spikes
|move|p2a: Dragapult|Dragon Darts|p1a: 808 and curses
|-damage|p1a: 808 and curses|62/100 slp
|-anim|p2a: Dragapult|Dragon Darts|p1a: 808 and curses
|-damage|p1a: 808 and curses|51/100 slp
|
|-heal|p2a: Dragapult|40/100|[from] item: Leftovers
|-heal|p1a: 808 and curses|57/100 slp|[from] item: Leftovers
|upkeep
|turn|74
|
|t:|1760365062
|move|p2a: Dragapult|Dragon Darts|p1a: 808 and curses
|-damage|p1a: 808 and curses|44/100 slp
|-anim|p2a: Dragapult|Dragon Darts|p1a: 808 and curses
|-damage|p1a: 808 and curses|33/100 slp
|cant|p1a: 808 and curses|slp
|move|p1a: 808 and curses|Sleep Talk|p1a: 808 and curses
|move|p1a: 808 and curses|Waterfall|p2a: Dragapult|[from] move: Sleep Talk
|-resisted|p2a: Dragapult
|-damage|p2a: Dragapult|24/100
|
|-heal|p2a: Dragapult|30/100|[from] item: Leftovers
|-heal|p1a: 808 and curses|39/100 slp|[from] item: Leftovers
|upkeep
|turn|75
|
|t:|1760365069
|move|p2a: Dragapult|Dragon Darts|p1a: 808 and curses
|-damage|p1a: 808 and curses|26/100 slp
|-anim|p2a: Dragapult|Dragon Darts|p1a: 808 and curses
|-damage|p1a: 808 and curses|15/100 slp
|-curestatus|p1a: 808 and curses|slp|[msg]
|move|p1a: 808 and curses|Rest|p1a: 808 and curses
|-status|p1a: 808 and curses|slp|[from] move: Rest
|-heal|p1a: 808 and curses|100/100 slp|[silent]
|
|-heal|p2a: Dragapult|36/100|[from] item: Leftovers
|upkeep
|turn|76
|
|t:|1760365077
|move|p2a: Dragapult|Dragon Darts|p1a: 808 and curses
|-damage|p1a: 808 and curses|88/100 slp
|-anim|p2a: Dragapult|Dragon Darts|p1a: 808 and curses
|-damage|p1a: 808 and curses|76/100 slp
|cant|p1a: 808 and curses|slp
|move|p1a: 808 and curses|Sleep Talk|p1a: 808 and curses
|move|p1a: 808 and curses|Rest||[from] move: Sleep Talk|[still]
|-fail|p1a: 808 and curses
|
|-heal|p2a: Dragapult|42/100|[from] item: Leftovers
|-heal|p1a: 808 and curses|82/100 slp|[from] item: Leftovers
|upkeep
|turn|77
|
|t:|1760365097
|move|p2a: Dragapult|Dragon Darts|p1a: 808 and curses
|-damage|p1a: 808 and curses|71/100 slp
|-anim|p2a: Dragapult|Dragon Darts|p1a: 808 and curses
|-damage|p1a: 808 and curses|59/100 slp
|cant|p1a: 808 and curses|slp
|move|p1a: 808 and curses|Sleep Talk|p1a: 808 and curses
|move|p1a: 808 and curses|Curse|p1a: 808 and curses|[from] move: Sleep Talk
|-unboost|p1a: 808 and curses|spe|1
|-boost|p1a: 808 and curses|atk|1
|-boost|p1a: 808 and curses|def|1
|
|-heal|p2a: Dragapult|48/100|[from] item: Leftovers
|-heal|p1a: 808 and curses|65/100 slp|[from] item: Leftovers
|upkeep
|turn|78
|
|t:|1760365103
|move|p2a: Dragapult|Dragon Darts|p1a: 808 and curses
|-damage|p1a: 808 and curses|57/100 slp
|-anim|p2a: Dragapult|Dragon Darts|p1a: 808 and curses
|-damage|p1a: 808 and curses|50/100 slp
|-curestatus|p1a: 808 and curses|slp|[msg]
|move|p1a: 808 and curses|Waterfall|p2a: Dragapult
|-resisted|p2a: Dragapult
|-damage|p2a: Dragapult|26/100
|
|-heal|p2a: Dragapult|32/100|[from] item: Leftovers
|-heal|p1a: 808 and curses|56/100|[from] item: Leftovers
|upkeep
|turn|79
|-message|Johnny tots forfeited.
|
|win|Trainer #39
|raw|Trainer #39's rating: 1900 &rarr; <strong>1919</strong><br />(+19 for winning)
|raw|Johnny tots's rating: 1882 &rarr; <strong>1863</strong><br />(-19 for losing)
|l|☆Johnny tots
|player|p2|
|l|☆Trainer #39
|player|p1|
|l| Swagboss123456789
|l| nsdede
