|j|☆yesterdaymister
|j|☆fireator
|t:|1760458400
|gametype|singles
|player|p1|yesterdaymister|striker|1732
|player|p2|fireator|gambler|1689
|gen|9
|tier|[Gen 9] OU
|rated|
|rule|HP Percentage Mod: HP is shown in percentages
|rule|Endless Battle Clause: Forcing endless battles is banned
|rule|Species Clause: Limit one of each Pokémon
|rule|OHKO Clause: OHKO moves are banned
|rule|Evasion Items Clause: Evasion items are banned
|rule|Evasion Moves Clause: Evasion moves are banned
|rule|Evasion Abilities Clause: Evasion abilities are banned
|rule|Sleep Moves Clause: Sleep-inducing moves are banned
|clearpoke
|poke|p1|Ninetales, F|
|poke|p1|Ceruledge, F|
|poke|p1|Venusaur, F|
|poke|p1|Hatterene, F|
|poke|p1|Great Tusk|
|poke|p1|Walking Wake|
|poke|p2|Ribombee, M|
|poke|p2|Raging Bolt|
|poke|p2|Great Tusk|
|poke|p2|Iron Crown|
|poke|p2|Gholdengo|
|poke|p2|Kingambit, M|
|teampreview
|inactive|Battle timer is ON: inactive players will automatically lose when time's up. (requested by yesterdaymister)
|inactive|fireator has 120 seconds left.
|
|t:|1760458443
|teamsize|p1|6
|teamsize|p2|6
|start
|switch|p1a: arda guler|Ninetales, F|100/100
|switch|p2a: Ribombee|Ribombee, M|100/100
|-weather|SunnyDay|[from] ability: Drought|[of] p1a: arda guler
|turn|1
|
|t:|1760458449
|move|p2a: Ribombee|Moonblast|p1a: arda guler
|-resisted|p1a: arda guler
|-crit|p1a: arda guler
|-damage|p1a: arda guler|70/100
|-unboost|p1a: arda guler|spa|1
|move|p1a: arda guler|Encore|p2a: Ribombee
|-start|p2a: Ribombee|Encore
|
|-weather|SunnyDay|[upkeep]
|upkeep
|turn|2
|
|t:|1760458455
|switch|p2a: Raging Bolt|Raging Bolt|100/100
|-activate|p2a: Raging Bolt|ability: Protosynthesis
|-start|p2a: Raging Bolt|protosynthesisspa
|switch|p1a: hans vanaken|Venusaur, F|100/100
|
|-weather|SunnyDay|[upkeep]
|upkeep
|turn|3
|
|t:|1760458463
|move|p1a: hans vanaken|Sludge Bomb|p2a: Raging Bolt
|-damage|p2a: Raging Bolt|49/100
|-status|p2a: Raging Bolt|psn
|-damage|p1a: hans vanaken|91/100|[from] item: Life Orb
|move|p2a: Raging Bolt|Dragon Pulse|p1a: hans vanaken
|-damage|p1a: hans vanaken|21/100
|
|-weather|SunnyDay|[upkeep]
|-damage|p2a: Raging Bolt|36/100 psn|[from] psn
|upkeep
|turn|4
|
|t:|1760458472
|switch|p1a: maccabi|Hatterene, F|100/100
|move|p2a: Raging Bolt|Thunderclap||[still]
|-fail|p2a: Raging Bolt
|
|-weather|SunnyDay|[upkeep]
|-damage|p2a: Raging Bolt|24/100 psn|[from] psn
|upkeep
|turn|5
|
|t:|1760458479
|switch|p1a: mignolet|Great Tusk|100/100
|-activate|p1a: mignolet|ability: Protosynthesis
|-start|p1a: mignolet|protosynthesisspe
|move|p2a: Raging Bolt|Thunderbolt|p1a: mignolet
|-immune|p1a: mignolet
|
|-weather|SunnyDay|[upkeep]
|-damage|p2a: Raging Bolt|12/100 psn|[from] psn
|upkeep
|turn|6
|
|t:|1760458501
|move|p1a: mignolet|Ice Spinner|p2a: Raging Bolt
|-supereffective|p2a: Raging Bolt
|-damage|p2a: Raging Bolt|0 fnt
|faint|p2a: Raging Bolt
|-end|p2a: Raging Bolt|Protosynthesis|[silent]
|
|-weather|SunnyDay|[upkeep]
|upkeep
|
|t:|1760458504
|switch|p2a: Ribombee|Ribombee, M|100/100
|turn|7
|
|t:|1760458507
|move|p1a: mignolet|Headlong Rush|p2a: Ribombee
|-resisted|p2a: Ribombee
|-damage|p2a: Ribombee|48/100
|-unboost|p1a: mignolet|def|1
|-unboost|p1a: mignolet|spd|1
|move|p2a: Ribombee|Sticky Web|p1a: mignolet
|-sidestart|p1: yesterdaymister|move: Sticky Web
|
|-weather|SunnyDay|[upkeep]
|upkeep
|turn|8
|
|t:|1760458513
|switch|p2a: Gholdengo|Gholdengo|100/100
|-item|p2a: Gholdengo|Air Balloon
|move|p1a: mignolet|Headlong Rush|p2a: Gholdengo
|-immune|p2a: Gholdengo
|
|-weather|none
|-end|p1a: mignolet|Protosynthesis
|upkeep
|turn|9
|
|t:|1760458519
|-end|p1a: mignolet|Protosynthesis|[silent]
|switch|p1a: maccabi|Hatterene, F|100/100
|-activate|p1a: maccabi|move: Sticky Web
|-unboost|p1a: maccabi|spe|1
|move|p2a: Gholdengo|Make It Rain|p1a: maccabi
|-supereffective|p1a: maccabi
|-damage|p1a: maccabi|0 fnt
|-unboost|p2a: Gholdengo|spa|1
|faint|p1a: maccabi
|
|upkeep
|
|t:|1760458524
|switch|p1a: arda guler|Ninetales, F|70/100
|-activate|p1a: arda guler|move: Sticky Web
|-unboost|p1a: arda guler|spe|1
|-weather|SunnyDay|[from] ability: Drought|[of] p1a: arda guler
|turn|10
|
|t:|1760458530
|switch|p2a: Ribombee|Ribombee, M|48/100
|move|p1a: arda guler|Flamethrower|p2a: Ribombee
|-supereffective|p2a: Ribombee
|-damage|p2a: Ribombee|0 fnt
|faint|p2a: Ribombee
|
|-weather|SunnyDay|[upkeep]
|upkeep
|
|t:|1760458535
|switch|p2a: Great Tusk|Great Tusk|100/100
|-activate|p2a: Great Tusk|ability: Protosynthesis
|-start|p2a: Great Tusk|protosynthesisatk
|turn|11
|
|t:|1760458539
|switch|p1a: mignolet|Great Tusk|100/100
|-activate|p1a: mignolet|move: Sticky Web
|-unboost|p1a: mignolet|spe|1
|-activate|p1a: mignolet|ability: Protosynthesis
|-start|p1a: mignolet|protosynthesisatk
|move|p2a: Great Tusk|Headlong Rush|p1a: mignolet
|-damage|p1a: mignolet|49/100
|-unboost|p2a: Great Tusk|def|1
|-unboost|p2a: Great Tusk|spd|1
|-damage|p2a: Great Tusk|84/100|[from] item: Rocky Helmet|[of] p1a: mignolet
|
|-weather|SunnyDay|[upkeep]
|upkeep
|turn|12
|
|t:|1760458544
|move|p2a: Great Tusk|Headlong Rush|p1a: mignolet
|-damage|p1a: mignolet|0 fnt
|-unboost|p2a: Great Tusk|def|1
|-unboost|p2a: Great Tusk|spd|1
|-damage|p2a: Great Tusk|68/100|[from] item: Rocky Helmet|[of] p1a: mignolet
|faint|p1a: mignolet
|-end|p1a: mignolet|Protosynthesis|[silent]
|
|-weather|SunnyDay|[upkeep]
|upkeep
|
|t:|1760458547
|switch|p1a: lebron|Ceruledge, F|100/100
|-activate|p1a: lebron|move: Sticky Web
|-unboost|p1a: lebron|spe|1
|turn|13
|
|t:|1760458550
|move|p2a: Great Tusk|Headlong Rush|p1a: lebron
|-supereffective|p1a: lebron
|-enditem|p1a: lebron|Focus Sash
|-damage|p1a: lebron|1/100
|-unboost|p2a: Great Tusk|def|1
|-unboost|p2a: Great Tusk|spd|1
|-ability|p1a: lebron|Weak Armor|boost
|-unboost|p1a: lebron|def|1
|-boost|p1a: lebron|spe|2
|move|p1a: lebron|Swords Dance|p1a: lebron
|-boost|p1a: lebron|atk|2
|
|-weather|SunnyDay|[upkeep]
|upkeep
|turn|14
|
|t:|1760458561
|move|p1a: lebron|Bitter Blade|p2a: Great Tusk
|-damage|p2a: Great Tusk|0 fnt
|-heal|p1a: lebron|44/100|[from] drain|[of] p2a: Great Tusk
|faint|p2a: Great Tusk
|-end|p2a: Great Tusk|Protosynthesis|[silent]
|
|-weather|SunnyDay|[upkeep]
|upkeep
|
|t:|1760458566
|switch|p2a: Kingambit|Kingambit, M|100/100
|-activate|p2a: Kingambit|ability: Supreme Overlord
|-start|p2a: Kingambit|fallen3|[silent]
|-item|p2a: Kingambit|Air Balloon
|turn|15
|
|t:|1760458571
|switch|p1a: hans vanaken|Venusaur, F|21/100
|-activate|p1a: hans vanaken|move: Sticky Web
|-unboost|p1a: hans vanaken|spe|1
|move|p2a: Kingambit|Kowtow Cleave|p1a: hans vanaken
|-damage|p1a: hans vanaken|0 fnt
|faint|p1a: hans vanaken
|
|-weather|SunnyDay|[upkeep]
|upkeep
|
|t:|1760458573
|switch|p1a: lebron|Ceruledge, F|44/100
|-activate|p1a: lebron|move: Sticky Web
|-unboost|p1a: lebron|spe|1
|turn|16
|
|t:|1760458578
|-terastallize|p1a: lebron|Fairy
|move|p2a: Kingambit|Kowtow Cleave|p1a: lebron
|-resisted|p1a: lebron
|-damage|p1a: lebron|0 fnt
|faint|p1a: lebron
|
|-weather|SunnyDay|[upkeep]
|upkeep
|
|t:|1760458584
|switch|p1a: chama|Walking Wake|100/100
|-activate|p1a: chama|move: Sticky Web
|-unboost|p1a: chama|spe|1
|-activate|p1a: chama|ability: Protosynthesis
|-start|p1a: chama|protosynthesisspa
|turn|17
|
|t:|1760458591
|-end|p2a: Kingambit|fallen3|[silent]
|switch|p2a: Iron Crown|Iron Crown|100/100
|-enditem|p2a: Iron Crown|Booster Energy
|-activate|p2a: Iron Crown|ability: Quark Drive|[fromitem]
|-start|p2a: Iron Crown|quarkdrivespa
|move|p1a: chama|Hydro Steam|p2a: Iron Crown
|-damage|p2a: Iron Crown|0 fnt
|faint|p2a: Iron Crown
|-end|p2a: Iron Crown|Quark Drive|[silent]
|
|-weather|none
|-end|p1a: chama|Protosynthesis
|upkeep
|
|t:|1760458593
|switch|p2a: Gholdengo|Gholdengo|100/100
|-item|p2a: Gholdengo|Air Balloon
|turn|18
|
|t:|1760458598
|-end|p1a: chama|Protosynthesis|[silent]
|switch|p1a: arda guler|Ninetales, F|70/100
|-activate|p1a: arda guler|move: Sticky Web
|-unboost|p1a: arda guler|spe|1
|-weather|SunnyDay|[from] ability: Drought|[of] p1a: arda guler
|move|p2a: Gholdengo|Nasty Plot|p2a: Gholdengo
|-boost|p2a: Gholdengo|spa|2
|
|-weather|SunnyDay|[upkeep]
|upkeep
|turn|19
|j| wgw2333
|
|t:|1760458602
|move|p2a: Gholdengo|Shadow Ball|p1a: arda guler
|-damage|p1a: arda guler|0 fnt
|faint|p1a: arda guler
|
|-weather|SunnyDay|[upkeep]
|upkeep
|
|t:|1760458605
|switch|p1a: chama|Walking Wake|100/100
|-activate|p1a: chama|move: Sticky Web
|-unboost|p1a: chama|spe|1
|-activate|p1a: chama|ability: Protosynthesis
|-start|p1a: chama|protosynthesisspa
|turn|20
|l| wgw2333
|
|t:|1760458608
|move|p2a: Gholdengo|Shadow Ball|p1a: chama
|-damage|p1a: chama|0 fnt
|faint|p1a: chama
|-end|p1a: chama|Protosynthesis|[silent]
|
|win|fireator
|raw|yesterdaymister's rating: 1732 &rarr; <strong>1710</strong><br />(-22 for losing)
|raw|fireator's rating: 1689 &rarr; <strong>1711</strong><br />(+22 for winning)
|l|☆yesterdaymister
|player|p1|
|l|☆fireator
|player|p2|
