|j|☆Menapai
|j|☆naxduck
|t:|1760308908
|gametype|singles
|player|p1|Menapai|lyra|1783
|player|p2|naxduck|102|1751
|gen|9
|tier|[Gen 9] OU
|rated|
|rule|HP Percentage Mod: HP is shown in percentages
|rule|Endless Battle Clause: Forcing endless battles is banned
|rule|Species Clause: Limit one of each Pokémon
|rule|OHKO Clause: OHKO moves are banned
|rule|Evasion Items Clause: Evasion items are banned
|rule|Evasion Moves Clause: Evasion moves are banned
|rule|Evasion Abilities Clause: Evasion abilities are banned
|rule|Sleep Moves Clause: Sleep-inducing moves are banned
|clearpoke
|poke|p1|Breloom, M|
|poke|p1|Kyurem|
|poke|p1|Gholdengo|
|poke|p1|Kingambit, M|
|poke|p1|Primarina, F|
|poke|p1|Raging Bolt|
|poke|p2|Raging Bolt|
|poke|p2|Slowking-Galar, M|
|poke|p2|Corviknight, F|
|poke|p2|Ogerpon, F|
|poke|p2|Ting-Lu|
|poke|p2|Volcanion|
|teampreview
|inactive|Battle timer is ON: inactive players will automatically lose when time's up. (requested by naxduck)
|
|t:|1760308918
|teamsize|p1|6
|teamsize|p2|6
|start
|switch|p1a: Breloom|Breloom, M|100/100
|switch|p2a: Ogerpon|Ogerpon, F|100/100
|turn|1
|
|t:|1760308923
|switch|p2a: Corviknight|Corviknight, F|100/100
|-ability|p2a: Corviknight|Pressure
|move|p1a: Breloom|Close Combat|p2a: Corviknight
|-crit|p2a: Corviknight
|-damage|p2a: Corviknight|23/100
|-unboost|p1a: Breloom|def|1
|-unboost|p1a: Breloom|spd|1
|-damage|p1a: Breloom|84/100|[from] item: Rocky Helmet|[of] p2a: Corviknight
|
|upkeep
|turn|2
|
|t:|1760308929
|switch|p2a: Slowking|Slowking-Galar, M|100/100
|move|p1a: Breloom|Close Combat|p2a: Slowking
|-resisted|p2a: Slowking
|-damage|p2a: Slowking|77/100
|-unboost|p1a: Breloom|def|1
|-unboost|p1a: Breloom|spd|1
|
|upkeep
|turn|3
|
|t:|1760308944
|move|p1a: Breloom|Close Combat|p2a: Slowking
|-resisted|p2a: Slowking
|-damage|p2a: Slowking|52/100
|-unboost|p1a: Breloom|def|1
|-unboost|p1a: Breloom|spd|1
|move|p2a: Slowking|Future Sight|p1a: Breloom
|-start|p2a: Slowking|move: Future Sight
|
|upkeep
|turn|4
|
|t:|1760308952
|switch|p1a: Kingambit|Kingambit, M|100/100
|-prepare|p2a: Slowking|Chilly Reception|[premajor]
|move|p2a: Slowking|Chilly Reception|p2a: Slowking
|-weather|Snowscape
|
|t:|1760308957
|switch|p2a: Volcanion|Volcanion|100/100|[from] Chilly Reception
|
|-weather|Snowscape|[upkeep]
|upkeep
|turn|5
|
|t:|1760308962
|-terastallize|p1a: Kingambit|Fire
|move|p2a: Volcanion|Will-O-Wisp|p1a: Kingambit
|-immune|p1a: Kingambit
|move|p1a: Kingambit|Swords Dance|p1a: Kingambit
|-boost|p1a: Kingambit|atk|2
|
|-weather|Snowscape|[upkeep]
|-end|p1a: Kingambit|move: Future Sight
|-damage|p1a: Kingambit|52/100
|upkeep
|turn|6
|
|t:|1760308969
|move|p2a: Volcanion|Steam Eruption|p1a: Kingambit
|-supereffective|p1a: Kingambit
|-damage|p1a: Kingambit|0 fnt
|faint|p1a: Kingambit
|-end|p1a: Kingambit|fallenundefined|[silent]
|
|-weather|Snowscape|[upkeep]
|upkeep
|
|t:|1760308977
|switch|p1a: Breloom|Breloom, M|84/100
|turn|7
|
|t:|1760308981
|switch|p2a: Corviknight|Corviknight, F|23/100
|-ability|p2a: Corviknight|Pressure
|move|p1a: Breloom|Bullet Seed|p2a: Corviknight
|-resisted|p2a: Corviknight
|-damage|p2a: Corviknight|18/100
|-resisted|p2a: Corviknight
|-damage|p2a: Corviknight|14/100
|-hitcount|p2a: Corviknight|2
|
|-weather|Snowscape|[upkeep]
|upkeep
|turn|8
|
|t:|1760308984
|move|p1a: Breloom|Bullet Seed|p2a: Corviknight
|-resisted|p2a: Corviknight
|-damage|p2a: Corviknight|10/100
|-resisted|p2a: Corviknight
|-damage|p2a: Corviknight|6/100
|-resisted|p2a: Corviknight
|-damage|p2a: Corviknight|1/100
|-hitcount|p2a: Corviknight|3
|move|p2a: Corviknight|Roost|p2a: Corviknight
|-heal|p2a: Corviknight|51/100
|-singleturn|p2a: Corviknight|move: Roost
|
|-weather|none
|upkeep
|turn|9
|j| FaronAan
|
|t:|1760308993
|switch|p1a: Raging Bolt|Raging Bolt|100/100
|-enditem|p1a: Raging Bolt|Booster Energy
|-activate|p1a: Raging Bolt|ability: Protosynthesis|[fromitem]
|-start|p1a: Raging Bolt|protosynthesisspa
|move|p2a: Corviknight|Roost|p2a: Corviknight
|-heal|p2a: Corviknight|100/100
|-singleturn|p2a: Corviknight|move: Roost
|
|upkeep
|turn|10
|
|t:|1760308995
|switch|p2a: Ting-Lu|Ting-Lu|100/100
|-ability|p2a: Ting-Lu|Vessel of Ruin
|move|p1a: Raging Bolt|Calm Mind|p1a: Raging Bolt
|-boost|p1a: Raging Bolt|spa|1
|-boost|p1a: Raging Bolt|spd|1
|
|upkeep
|turn|11
|
|t:|1760308997
|move|p1a: Raging Bolt|Dragon Pulse|p2a: Ting-Lu
|-damage|p2a: Ting-Lu|63/100
|move|p2a: Ting-Lu|Whirlwind|p1a: Raging Bolt
|-end|p1a: Raging Bolt|Protosynthesis|[silent]
|drag|p1a: Primarina|Primarina, F|100/100
|
|-heal|p2a: Ting-Lu|69/100|[from] item: Leftovers
|upkeep
|turn|12
|
|t:|1760309003
|switch|p2a: Volcanion|Volcanion|100/100
|move|p1a: Primarina|Psychic Noise|p2a: Volcanion
|-immune|p2a: Volcanion|[from] ability: Water Absorb
|
|upkeep
|turn|13
|
|t:|1760309006
|move|p2a: Volcanion|Sludge Bomb|p1a: Primarina
|-supereffective|p1a: Primarina
|-damage|p1a: Primarina|44/100
|-status|p1a: Primarina|psn
|move|p1a: Primarina|Substitute|p1a: Primarina
|-start|p1a: Primarina|Substitute
|-damage|p1a: Primarina|19/100 psn
|
|-heal|p1a: Primarina|25/100 psn|[from] item: Leftovers
|-damage|p1a: Primarina|13/100 psn|[from] psn
|upkeep
|turn|14
|
|t:|1760309011
|move|p2a: Volcanion|Sludge Bomb|p1a: Primarina
|-supereffective|p1a: Primarina
|-end|p1a: Primarina|Substitute
|move|p1a: Primarina|Psychic Noise|p2a: Volcanion
|-immune|p2a: Volcanion|[from] ability: Water Absorb
|
|-heal|p1a: Primarina|19/100 psn|[from] item: Leftovers
|-damage|p1a: Primarina|6/100 psn|[from] psn
|upkeep
|turn|15
|c|☆naxduck|what
|
|t:|1760309017
|move|p2a: Volcanion|Flamethrower|p1a: Primarina
|-resisted|p1a: Primarina
|-damage|p1a: Primarina|0 fnt
|faint|p1a: Primarina
|
|upkeep
|
|t:|1760309023
|switch|p1a: Kyurem|Kyurem|100/100
|-ability|p1a: Kyurem|Pressure
|turn|16
|
|t:|1760309033
|move|p1a: Kyurem|Substitute|p1a: Kyurem
|-start|p1a: Kyurem|Substitute
|-damage|p1a: Kyurem|76/100
|move|p2a: Volcanion|Sludge Bomb|p1a: Kyurem
|-end|p1a: Kyurem|Substitute
|
|-heal|p1a: Kyurem|82/100|[from] item: Leftovers
|upkeep
|turn|17
|
|t:|1760309039
|move|p1a: Kyurem|Freeze-Dry|p2a: Volcanion
|-damage|p2a: Volcanion|64/100
|move|p2a: Volcanion|Flamethrower|p1a: Kyurem
|-damage|p1a: Kyurem|37/100
|
|-heal|p1a: Kyurem|43/100|[from] item: Leftovers
|upkeep
|turn|18
|
|t:|1760309045
|move|p1a: Kyurem|Protect|p1a: Kyurem
|-singleturn|p1a: Kyurem|Protect
|move|p2a: Volcanion|Flamethrower|p1a: Kyurem
|-activate|p1a: Kyurem|move: Protect
|
|-heal|p1a: Kyurem|49/100|[from] item: Leftovers
|upkeep
|turn|19
|
|t:|1760309047
|move|p1a: Kyurem|Earth Power|p2a: Volcanion
|-supereffective|p2a: Volcanion
|-damage|p2a: Volcanion|2/100
|move|p2a: Volcanion|Flamethrower|p1a: Kyurem
|-damage|p1a: Kyurem|7/100
|
|-heal|p1a: Kyurem|13/100|[from] item: Leftovers
|upkeep
|turn|20
|
|t:|1760309053
|move|p1a: Kyurem|Protect|p1a: Kyurem
|-singleturn|p1a: Kyurem|Protect
|move|p2a: Volcanion|Flamethrower|p1a: Kyurem
|-activate|p1a: Kyurem|move: Protect
|
|-heal|p1a: Kyurem|19/100|[from] item: Leftovers
|upkeep
|turn|21
|
|t:|1760309056
|move|p1a: Kyurem|Freeze-Dry|p2a: Volcanion
|-damage|p2a: Volcanion|0 fnt
|faint|p2a: Volcanion
|
|-heal|p1a: Kyurem|25/100|[from] item: Leftovers
|upkeep
|
|t:|1760309058
|switch|p2a: Ogerpon|Ogerpon, F|100/100
|turn|22
|
|t:|1760309064
|move|p1a: Kyurem|Protect|p1a: Kyurem
|-singleturn|p1a: Kyurem|Protect
|move|p2a: Ogerpon|Knock Off|p1a: Kyurem
|-activate|p1a: Kyurem|move: Protect
|
|-heal|p1a: Kyurem|31/100|[from] item: Leftovers
|upkeep
|turn|23
|
|t:|1760309071
|switch|p1a: Breloom|Breloom, M|84/100
|move|p2a: Ogerpon|Knock Off|p1a: Breloom
|-resisted|p1a: Breloom
|-crit|p1a: Breloom
|-damage|p1a: Breloom|24/100
|-enditem|p1a: Breloom|Choice Band|[from] move: Knock Off|[of] p2a: Ogerpon
|
|upkeep
|turn|24
|
|t:|1760309077
|move|p1a: Breloom|Mach Punch|p2a: Ogerpon
|-damage|p2a: Ogerpon|56/100
|move|p2a: Ogerpon|Knock Off|p1a: Breloom
|-resisted|p1a: Breloom
|-damage|p1a: Breloom|0 fnt
|faint|p1a: Breloom
|
|upkeep
|j| just icicle
|inactive|Menapai has 120 seconds left.
|
|t:|1760309123
|switch|p1a: Raging Bolt|Raging Bolt|100/100
|turn|25
|
|t:|1760309126
|switch|p2a: Ting-Lu|Ting-Lu|69/100
|-ability|p2a: Ting-Lu|Vessel of Ruin
|move|p1a: Raging Bolt|Dragon Pulse|p2a: Ting-Lu
|-damage|p2a: Ting-Lu|49/100
|
|-heal|p2a: Ting-Lu|55/100|[from] item: Leftovers
|upkeep
|turn|26
|
|t:|1760309129
|-end|p1a: Raging Bolt|Protosynthesis|[silent]
|switch|p1a: Kyurem|Kyurem|31/100
|-ability|p1a: Kyurem|Pressure
|move|p2a: Ting-Lu|Stealth Rock|p1a: Kyurem
|-sidestart|p1: Menapai|move: Stealth Rock
|
|-heal|p1a: Kyurem|38/100|[from] item: Leftovers
|-heal|p2a: Ting-Lu|61/100|[from] item: Leftovers
|upkeep
|turn|27
|
|t:|1760309137
|switch|p2a: Slowking|Slowking-Galar, M|85/100
|move|p1a: Kyurem|Freeze-Dry|p2a: Slowking
|-damage|p2a: Slowking|65/100
|
|-heal|p1a: Kyurem|44/100|[from] item: Leftovers
|upkeep
|turn|28
|
|t:|1760309142
|move|p1a: Kyurem|Earth Power|p2a: Slowking
|-supereffective|p2a: Slowking
|-damage|p2a: Slowking|30/100
|move|p2a: Slowking|Sludge Bomb|p1a: Kyurem
|-damage|p1a: Kyurem|13/100
|-status|p1a: Kyurem|psn
|
|-heal|p1a: Kyurem|20/100 psn|[from] item: Leftovers
|-damage|p1a: Kyurem|7/100 psn|[from] psn
|upkeep
|turn|29
|
|t:|1760309150
|switch|p2a: Corviknight|Corviknight, F|100/100
|-ability|p2a: Corviknight|Pressure
|move|p1a: Kyurem|Freeze-Dry|p2a: Corviknight
|-damage|p2a: Corviknight|67/100
|
|-heal|p1a: Kyurem|13/100 psn|[from] item: Leftovers
|-damage|p1a: Kyurem|1/100 psn|[from] psn
|upkeep
|turn|30
|
|t:|1760309152
|move|p1a: Kyurem|Freeze-Dry|p2a: Corviknight
|-damage|p2a: Corviknight|32/100
|move|p2a: Corviknight|U-turn|p1a: Kyurem
|-damage|p1a: Kyurem|0 fnt
|faint|p1a: Kyurem
|
|t:|1760309156
|switch|p2a: Ting-Lu|Ting-Lu|61/100|[from] U-turn
|-ability|p2a: Ting-Lu|Vessel of Ruin
|
|-heal|p2a: Ting-Lu|68/100|[from] item: Leftovers
|upkeep
|
|t:|1760309159
|switch|p1a: Raging Bolt|Raging Bolt|100/100
|-damage|p1a: Raging Bolt|88/100|[from] Stealth Rock
|turn|31
|
|t:|1760309164
|move|p1a: Raging Bolt|Calm Mind|p1a: Raging Bolt
|-boost|p1a: Raging Bolt|spa|1
|-boost|p1a: Raging Bolt|spd|1
|move|p2a: Ting-Lu|Ruination|p1a: Raging Bolt
|-damage|p1a: Raging Bolt|44/100
|
|-heal|p2a: Ting-Lu|74/100|[from] item: Leftovers
|upkeep
|turn|32
|
|t:|1760309167
|move|p1a: Raging Bolt|Dragon Pulse|p2a: Ting-Lu
|-damage|p2a: Ting-Lu|42/100
|move|p2a: Ting-Lu|Whirlwind|p1a: Raging Bolt
|-end|p1a: Raging Bolt|Protosynthesis|[silent]
|drag|p1a: Gholdengo|Gholdengo|100/100
|-damage|p1a: Gholdengo|94/100|[from] Stealth Rock
|
|-heal|p2a: Ting-Lu|48/100|[from] item: Leftovers
|upkeep
|turn|33
|l| just icicle
|
|t:|1760309172
|switch|p2a: Corviknight|Corviknight, F|32/100
|-ability|p2a: Corviknight|Pressure
|move|p1a: Gholdengo|Nasty Plot|p1a: Gholdengo
|-boost|p1a: Gholdengo|spa|2
|
|upkeep
|turn|34
|
|t:|1760309175
|move|p1a: Gholdengo|Thunderbolt|p2a: Corviknight
|-supereffective|p2a: Corviknight
|-damage|p2a: Corviknight|0 fnt
|faint|p2a: Corviknight
|
|upkeep
|
|t:|1760309181
|switch|p2a: Ogerpon|Ogerpon, F|56/100
|turn|35
|
|t:|1760309199
|-terastallize|p2a: Ogerpon|Grass
|detailschange|p2a: Ogerpon|Ogerpon-Teal-Tera, F, tera:Grass
|-ability|p2a: Ogerpon|Embody Aspect (Teal)|boost
|-boost|p2a: Ogerpon|spe|1
|move|p2a: Ogerpon|Knock Off|p1a: Gholdengo
|-supereffective|p1a: Gholdengo
|-damage|p1a: Gholdengo|0 fnt
|-enditem|p1a: Gholdengo|Metal Coat|[from] move: Knock Off|[of] p2a: Ogerpon
|faint|p1a: Gholdengo
|
|upkeep
|inactive|Menapai has 120 seconds left.
|
|t:|1760309225
|switch|p1a: Raging Bolt|Raging Bolt|44/100
|-damage|p1a: Raging Bolt|32/100|[from] Stealth Rock
|turn|36
|
|t:|1760309227
|move|p2a: Ogerpon|Knock Off|p1a: Raging Bolt
|-damage|p1a: Raging Bolt|4/100
|move|p1a: Raging Bolt|Calm Mind|p1a: Raging Bolt
|-boost|p1a: Raging Bolt|spa|1
|-boost|p1a: Raging Bolt|spd|1
|
|upkeep
|turn|37
|
|t:|1760309230
|move|p1a: Raging Bolt|Thunderclap|p2a: Ogerpon
|-resisted|p2a: Ogerpon
|-damage|p2a: Ogerpon|19/100
|move|p2a: Ogerpon|Knock Off|p1a: Raging Bolt
|-damage|p1a: Raging Bolt|0 fnt
|faint|p1a: Raging Bolt
|-end|p1a: Raging Bolt|Protosynthesis|[silent]
|
|win|naxduck
|raw|Menapai's rating: 1783 &rarr; <strong>1761</strong><br />(-22 for losing)
|raw|naxduck's rating: 1751 &rarr; <strong>1773</strong><br />(+22 for winning)
|j| tabata toxapex
|l| tabata toxapex
