|j|☆djwcb810975
|j|☆Yoknowjoegay
|t:|1760381703
|gametype|singles
|player|p1|djwcb810975|elesa|1312
|player|p2|Yoknowjoegay|265|1353
|gen|9
|tier|[Gen 9] OU
|rated|
|rule|HP Percentage Mod: HP is shown in percentages
|rule|Endless Battle Clause: Forcing endless battles is banned
|rule|Species Clause: Limit one of each Pokémon
|rule|OHKO Clause: OHKO moves are banned
|rule|Evasion Items Clause: Evasion items are banned
|rule|Evasion Moves Clause: Evasion moves are banned
|rule|Evasion Abilities Clause: Evasion abilities are banned
|rule|Sleep Moves Clause: Sleep-inducing moves are banned
|clearpoke
|poke|p1|Hatterene, F|
|poke|p1|Iron Hands|
|poke|p1|Cresselia, F|
|poke|p1|Hoopa-Unbound|
|poke|p1|Ursaluna, F|
|poke|p1|Uxie|
|poke|p2|Landorus-Therian, M|
|poke|p2|Kingambit, M|
|poke|p2|Gholdengo|
|poke|p2|Arcanine-Hisui, F|
|poke|p2|Great Tusk|
|poke|p2|Primarina, M|
|teampreview
|inactive|Battle timer is ON: inactive players will automatically lose when time's up. (requested by Yoknowjoegay)
|inactive|djwcb810975 also wants the timer to be on.
|
|t:|1760381715
|teamsize|p1|6
|teamsize|p2|6
|start
|switch|p1a: Uxie|Uxie|100/100
|switch|p2a: Landorus|Landorus-Therian, M|100/100
|-ability|p2a: Landorus|Intimidate|boost
|-unboost|p1a: Uxie|atk|1
|turn|1
|
|t:|1760381718
|move|p2a: Landorus|U-turn|p1a: Uxie
|-supereffective|p1a: Uxie
|-damage|p1a: Uxie|77/100
|
|t:|1760381730
|switch|p2a: Gholdengo|Gholdengo|100/100|[from] U-turn
|move|p1a: Uxie|Trick Room|p1a: Uxie
|-fieldstart|move: Trick Room|[of] p1a: Uxie
|
|upkeep
|turn|2
|
|t:|1760381745
|switch|p1a: Ursaluna|Ursaluna, F|100/100
|move|p2a: Gholdengo|Thunder Wave|p1a: Ursaluna
|-immune|p1a: Ursaluna
|
|-status|p1a: Ursaluna|brn|[from] item: Flame Orb
|upkeep
|turn|3
|
|t:|1760381755
|switch|p2a: Landorus|Landorus-Therian, M|100/100
|-ability|p2a: Landorus|Intimidate|boost
|-unboost|p1a: Ursaluna|atk|1
|move|p1a: Ursaluna|Ice Punch|p2a: Landorus
|-supereffective|p2a: Landorus
|-damage|p2a: Landorus|0 fnt
|-damage|p1a: Ursaluna|84/100 brn|[from] item: Rocky Helmet|[of] p2a: Landorus
|faint|p2a: Landorus
|
|-damage|p1a: Ursaluna|78/100 brn|[from] brn
|upkeep
|
|t:|1760381767
|switch|p2a: Great Tusk|Great Tusk|100/100
|turn|4
|inactive|djwcb810975 has 120 seconds left.
|
|t:|1760381801
|switch|p1a: Uxie|Uxie|77/100
|move|p2a: Great Tusk|Body Press|p1a: Uxie
|-resisted|p1a: Uxie
|-crit|p1a: Uxie
|-damage|p1a: Uxie|58/100
|
|upkeep
|turn|5
|
|t:|1760381809
|-end|p2a: Great Tusk|Protosynthesis|[silent]
|switch|p2a: Primarina|Primarina, M|100/100
|move|p1a: Uxie|Foul Play|p2a: Primarina
|-resisted|p2a: Primarina
|-damage|p2a: Primarina|93/100
|
|-fieldend|move: Trick Room
|upkeep
|turn|6
|
|t:|1760381814
|move|p2a: Primarina|Moonblast|p1a: Uxie
|-damage|p1a: Uxie|20/100
|move|p1a: Uxie|Trick Room|p1a: Uxie
|-fieldstart|move: Trick Room|[of] p1a: Uxie
|
|upkeep
|turn|7
|
|t:|1760381822
|move|p2a: Primarina|Moonblast|p1a: Uxie
|-damage|p1a: Uxie|0 fnt
|faint|p1a: Uxie
|
|upkeep
|
|t:|1760381845
|switch|p1a: Ursaluna|Ursaluna, F|78/100 brn
|turn|8
|
|t:|1760381857
|switch|p2a: Gholdengo|Gholdengo|100/100
|move|p1a: Ursaluna|Facade|p2a: Gholdengo
|-immune|p2a: Gholdengo
|
|-damage|p1a: Ursaluna|71/100 brn|[from] brn
|upkeep
|turn|9
|inactive|Yoknowjoegay has 120 seconds left.
|
|t:|1760381898
|move|p1a: Ursaluna|Headlong Rush|p2a: Gholdengo
|-supereffective|p2a: Gholdengo
|-damage|p2a: Gholdengo|0 fnt
|-unboost|p1a: Ursaluna|def|1
|-unboost|p1a: Ursaluna|spd|1
|faint|p2a: Gholdengo
|
|-damage|p1a: Ursaluna|65/100 brn|[from] brn
|upkeep
|
|t:|1760381906
|switch|p2a: Great Tusk|Great Tusk|100/100
|turn|10
|
|t:|1760381915
|move|p1a: Ursaluna|Ice Punch|p2a: Great Tusk
|-supereffective|p2a: Great Tusk
|-damage|p2a: Great Tusk|54/100
|move|p2a: Great Tusk|Body Press|p1a: Ursaluna
|-supereffective|p1a: Ursaluna
|-damage|p1a: Ursaluna|0 fnt
|faint|p1a: Ursaluna
|
|-heal|p2a: Great Tusk|61/100|[from] item: Leftovers
|-fieldend|move: Trick Room
|upkeep
|
|t:|1760381922
|switch|p1a: Cresselia|Cresselia, F|100/100
|turn|11
|
|t:|1760381932
|move|p2a: Great Tusk|Stealth Rock|p1a: Cresselia
|-sidestart|p1: djwcb810975|move: Stealth Rock
|move|p1a: Cresselia|Trick Room|p1a: Cresselia
|-fieldstart|move: Trick Room|[of] p1a: Cresselia
|
|-heal|p2a: Great Tusk|67/100|[from] item: Leftovers
|upkeep
|turn|12
|
|t:|1760381939
|-end|p2a: Great Tusk|Protosynthesis|[silent]
|switch|p2a: Kingambit|Kingambit, M|100/100
|-activate|p2a: Kingambit|ability: Supreme Overlord
|-start|p2a: Kingambit|fallen2|[silent]
|move|p1a: Cresselia|Lunar Dance|p1a: Cresselia
|faint|p1a: Cresselia
|
|upkeep
|
|t:|1760381944
|switch|p1a: Iron Hands|Iron Hands|100/100
|-damage|p1a: Iron Hands|94/100|[from] Stealth Rock
|-enditem|p1a: Iron Hands|Booster Energy
|-activate|p1a: Iron Hands|ability: Quark Drive|[fromitem]
|-start|p1a: Iron Hands|quarkdriveatk
|turn|13
|
|t:|1760381958
|-end|p2a: Kingambit|fallen2|[silent]
|switch|p2a: Great Tusk|Great Tusk|67/100
|move|p1a: Iron Hands|Close Combat|p2a: Great Tusk
|-damage|p2a: Great Tusk|23/100
|-unboost|p1a: Iron Hands|def|1
|-unboost|p1a: Iron Hands|spd|1
|
|-heal|p2a: Great Tusk|29/100|[from] item: Leftovers
|upkeep
|turn|14
|
|t:|1760381967
|move|p1a: Iron Hands|Close Combat|p2a: Great Tusk
|-damage|p2a: Great Tusk|0 fnt
|-unboost|p1a: Iron Hands|def|1
|-unboost|p1a: Iron Hands|spd|1
|faint|p2a: Great Tusk
|-end|p2a: Great Tusk|Protosynthesis|[silent]
|
|upkeep
|
|t:|1760381991
|switch|p2a: Kingambit|Kingambit, M|100/100
|-activate|p2a: Kingambit|ability: Supreme Overlord
|-start|p2a: Kingambit|fallen3|[silent]
|turn|15
|
|t:|1760381997
|-terastallize|p2a: Kingambit|Fairy
|move|p1a: Iron Hands|Close Combat|p2a: Kingambit
|-resisted|p2a: Kingambit
|-damage|p2a: Kingambit|65/100
|-unboost|p1a: Iron Hands|def|1
|-unboost|p1a: Iron Hands|spd|1
|move|p2a: Kingambit|Kowtow Cleave|p1a: Iron Hands
|-resisted|p1a: Iron Hands
|-damage|p1a: Iron Hands|35/100
|
|-fieldend|move: Trick Room
|upkeep
|turn|16
|
|t:|1760382027
|move|p2a: Kingambit|Kowtow Cleave|p1a: Iron Hands
|-resisted|p1a: Iron Hands
|-damage|p1a: Iron Hands|0 fnt
|faint|p1a: Iron Hands
|-end|p1a: Iron Hands|Quark Drive|[silent]
|
|upkeep
|
|t:|1760382031
|switch|p1a: Hatterene|Hatterene, F|100/100
|-damage|p1a: Hatterene|88/100|[from] Stealth Rock
|turn|17
|
|t:|1760382036
|move|p2a: Kingambit|Iron Head|p1a: Hatterene
|-supereffective|p1a: Hatterene
|-damage|p1a: Hatterene|0 fnt
|faint|p1a: Hatterene
|
|upkeep
|
|t:|1760382040
|switch|p1a: Hoopa|Hoopa-Unbound|100/100
|-damage|p1a: Hoopa|88/100|[from] Stealth Rock
|turn|18
|
|t:|1760382051
|move|p2a: Kingambit|Kowtow Cleave|p1a: Hoopa
|-damage|p1a: Hoopa|0 fnt
|faint|p1a: Hoopa
|
|win|Yoknowjoegay
|raw|djwcb810975's rating: 1312 &rarr; <strong>1294</strong><br />(-18 for losing)
|raw|Yoknowjoegay's rating: 1353 &rarr; <strong>1371</strong><br />(+18 for winning)
|l|☆Yoknowjoegay
|player|p2|
|l|☆djwcb810975
|player|p1|
