|j|☆Jus4funsies
|j|☆kurobots
|t:|1760336145
|gametype|singles
|player|p1|Jus4funsies|teamrocket|1540
|player|p2|kurobots|ghetsis-gen5bw|1511
|gen|9
|tier|[Gen 9] OU
|rated|
|rule|HP Percentage Mod: HP is shown in percentages
|rule|Endless Battle Clause: Forcing endless battles is banned
|rule|Species Clause: Limit one of each Pokémon
|rule|OHKO Clause: OHKO moves are banned
|rule|Evasion Items Clause: Evasion items are banned
|rule|Evasion Moves Clause: Evasion moves are banned
|rule|Evasion Abilities Clause: Evasion abilities are banned
|rule|Sleep Moves Clause: Sleep-inducing moves are banned
|clearpoke
|poke|p1|Samurott-Hisui, F|
|poke|p1|Gholdengo|
|poke|p1|Great Tusk|
|poke|p1|Raging Bolt|
|poke|p1|Dragonite, F|
|poke|p1|Kingambit, M|
|poke|p2|Skeledirge, M|
|poke|p2|Ogerpon-Wellspring, F|
|poke|p2|Dragapult, M|
|poke|p2|Weezing-Galar, M|
|poke|p2|Ting-Lu|
|poke|p2|Corviknight, M|
|teampreview
|inactive|Battle timer is ON: inactive players will automatically lose when time's up. (requested by kurobots)
|
|t:|1760336161
|teamsize|p1|6
|teamsize|p2|6
|start
|switch|p1a: Samurott|Samurott-Hisui, F|100/100
|switch|p2a: Weezing|Weezing-Galar, M|100/100
|-ability|p2a: Weezing|Neutralizing Gas
|turn|1
|
|t:|1760336167
|move|p1a: Samurott|Taunt|p2a: Weezing
|-start|p2a: Weezing|move: Taunt
|cant|p2a: Weezing|move: Taunt|Will-O-Wisp
|
|upkeep
|turn|2
|
|t:|1760336171
|move|p1a: Samurott|Ceaseless Edge|p2a: Weezing
|-resisted|p2a: Weezing
|-damage|p2a: Weezing|88/100
|-sidestart|p2: kurobots|Spikes
|move|p2a: Weezing|Sludge Bomb|p1a: Samurott
|-damage|p1a: Samurott|60/100
|
|upkeep
|turn|3
|
|t:|1760336176
|move|p1a: Samurott|Ceaseless Edge|p2a: Weezing
|-resisted|p2a: Weezing
|-damage|p2a: Weezing|77/100
|-sidestart|p2: kurobots|Spikes
|move|p2a: Weezing|Sludge Bomb|p1a: Samurott
|-damage|p1a: Samurott|22/100
|
|-end|p2a: Weezing|move: Taunt
|upkeep
|turn|4
|
|t:|1760336185
|move|p1a: Samurott|Taunt|p2a: Weezing
|-start|p2a: Weezing|move: Taunt
|move|p2a: Weezing|Sludge Bomb|p1a: Samurott
|-damage|p1a: Samurott|0 fnt
|faint|p1a: Samurott
|
|upkeep
|
|t:|1760336190
|switch|p1a: Gholdengo|Gholdengo, shiny|100/100
|-item|p1a: Gholdengo|Air Balloon
|turn|5
|
|t:|1760336196
|-end|p2a: Weezing|ability: Neutralizing Gas
|switch|p2a: Ting-Lu|Ting-Lu, shiny|100/100
|-damage|p2a: Ting-Lu|84/100|[from] Spikes
|-ability|p2a: Ting-Lu|Vessel of Ruin
|move|p1a: Gholdengo|Make It Rain|p2a: Ting-Lu
|-damage|p2a: Ting-Lu|57/100
|-unboost|p1a: Gholdengo|spa|1
|
|-heal|p2a: Ting-Lu|64/100|[from] item: Leftovers
|upkeep
|turn|6
|
|t:|1760336200
|switch|p1a: Great Tusk|Great Tusk|100/100
|move|p2a: Ting-Lu|Throat Chop|p1a: Great Tusk
|-resisted|p1a: Great Tusk
|-damage|p1a: Great Tusk|89/100
|-start|p1a: Great Tusk|Throat Chop|[silent]
|
|-heal|p2a: Ting-Lu|70/100|[from] item: Leftovers
|upkeep
|turn|7
|
|t:|1760336204
|switch|p2a: Corviknight|Corviknight, M|100/100
|-ability|p2a: Corviknight|Pressure
|move|p1a: Great Tusk|Stealth Rock|p2a: Corviknight
|-sidestart|p2: kurobots|move: Stealth Rock
|
|-end|p1a: Great Tusk|Throat Chop|[silent]
|upkeep
|turn|8
|
|t:|1760336210
|-end|p1a: Great Tusk|Protosynthesis|[silent]
|switch|p1a: Gholdengo|Gholdengo, shiny|100/100
|-item|p1a: Gholdengo|Air Balloon
|move|p2a: Corviknight|U-turn|p1a: Gholdengo
|-resisted|p1a: Gholdengo
|-damage|p1a: Gholdengo|97/100
|-enditem|p1a: Gholdengo|Air Balloon
|
|t:|1760336224
|switch|p2a: Ogerpon|Ogerpon-Wellspring, F|100/100|[from] U-turn
|-damage|p2a: Ogerpon|84/100|[from] Spikes
|-damage|p2a: Ogerpon|72/100|[from] Stealth Rock
|
|upkeep
|turn|9
|
|t:|1760336233
|switch|p1a: Raging Bolt|Raging Bolt|100/100
|-enditem|p1a: Raging Bolt|Booster Energy
|-activate|p1a: Raging Bolt|ability: Protosynthesis|[fromitem]
|-start|p1a: Raging Bolt|protosynthesisspa
|move|p2a: Ogerpon|Knock Off|p1a: Raging Bolt
|-damage|p1a: Raging Bolt|78/100
|
|upkeep
|turn|10
|
|t:|1760336244
|switch|p2a: Ting-Lu|Ting-Lu, shiny|70/100
|-damage|p2a: Ting-Lu|53/100|[from] Spikes
|-damage|p2a: Ting-Lu|47/100|[from] Stealth Rock
|-ability|p2a: Ting-Lu|Vessel of Ruin
|move|p1a: Raging Bolt|Dragon Pulse|p2a: Ting-Lu
|-damage|p2a: Ting-Lu|20/100
|
|-heal|p2a: Ting-Lu|26/100|[from] item: Leftovers
|upkeep
|turn|11
|
|t:|1760336248
|move|p1a: Raging Bolt|Dragon Pulse|p2a: Ting-Lu
|-damage|p2a: Ting-Lu|0 fnt
|faint|p2a: Ting-Lu
|
|upkeep
|
|t:|1760336254
|switch|p2a: Skeledirge|Skeledirge, M|100/100
|turn|12
|
|t:|1760336258
|move|p1a: Raging Bolt|Thunderbolt|p2a: Skeledirge
|-damage|p2a: Skeledirge|48/100
|move|p2a: Skeledirge|Torch Song|p1a: Raging Bolt
|-resisted|p1a: Raging Bolt
|-damage|p1a: Raging Bolt|65/100
|-boost|p2a: Skeledirge|spa|1
|
|upkeep
|turn|13
|
|t:|1760336263
|move|p1a: Raging Bolt|Thunderbolt|p2a: Skeledirge
|-crit|p2a: Skeledirge
|-damage|p2a: Skeledirge|0 fnt
|faint|p2a: Skeledirge
|
|upkeep
|-message|kurobots forfeited.
|
|win|Jus4funsies
|raw|Jus4funsies's rating: 1540 &rarr; <strong>1558</strong><br />(+18 for winning)
|raw|kurobots's rating: 1511 &rarr; <strong>1493</strong><br />(-18 for losing)
|l|☆kurobots
|player|p2|
|l|☆Jus4funsies
|player|p1|
