|j|☆TapuTeao
|j|☆Riles
|t:|1760341769
|gametype|singles
|player|p1|TapuTeao|2|1397
|player|p2|Riles|may-masters3|1325
|gen|9
|tier|[Gen 9] OU
|rated|
|rule|HP Percentage Mod: HP is shown in percentages
|rule|Endless Battle Clause: Forcing endless battles is banned
|rule|Species Clause: Limit one of each Pokémon
|rule|OHKO Clause: OHKO moves are banned
|rule|Evasion Items Clause: Evasion items are banned
|rule|Evasion Moves Clause: Evasion moves are banned
|rule|Evasion Abilities Clause: Evasion abilities are banned
|rule|Sleep Moves Clause: Sleep-inducing moves are banned
|clearpoke
|poke|p1|Necrozma|
|poke|p1|Kingambit, F|
|poke|p1|Samurott-Hisui, M|
|poke|p1|Iron Treads|
|poke|p1|Pecharunt|
|poke|p1|Enamorus, F|
|poke|p2|Ceruledge, M|
|poke|p2|Scizor, F|
|poke|p2|Zapdos|
|poke|p2|Great Tusk|
|poke|p2|Hatterene, F|
|poke|p2|Iron Valiant|
|teampreview
|c|☆Riles|hf
|inactive|Battle timer is ON: inactive players will automatically lose when time's up. (requested by Riles)
|
|t:|1760341789
|teamsize|p1|6
|teamsize|p2|6
|start
|switch|p1a: Necrozma|Necrozma|100/100
|switch|p2a: Ceruledge|Ceruledge, M, shiny|100/100
|turn|1
|
|t:|1760341794
|move|p2a: Ceruledge|Swords Dance|p2a: Ceruledge
|-boost|p2a: Ceruledge|atk|2
|move|p1a: Necrozma|Earth Power|p2a: Ceruledge
|-supereffective|p2a: Ceruledge
|-damage|p2a: Ceruledge|17/100
|
|upkeep
|turn|2
|
|t:|1760341808
|switch|p1a: Samurott|Samurott-Hisui, M|100/100
|-terastallize|p2a: Ceruledge|Fighting
|move|p2a: Ceruledge|Bitter Blade|p1a: Samurott
|-resisted|p1a: Samurott
|-damage|p1a: Samurott|33/100
|-heal|p2a: Ceruledge|54/100|[from] drain|[of] p1a: Samurott
|
|upkeep
|turn|3
|
|t:|1760341816
|move|p2a: Ceruledge|Shadow Sneak|p1a: Samurott
|-resisted|p1a: Samurott
|-damage|p1a: Samurott|6/100
|move|p1a: Samurott|Razor Shell|p2a: Ceruledge
|-damage|p2a: Ceruledge|0 fnt
|faint|p2a: Ceruledge
|
|upkeep
|
|t:|1760341817
|switch|p2a: Zapdos|Zapdos, shiny|100/100
|turn|4
|
|t:|1760341824
|move|p2a: Zapdos|Heat Wave|p1a: Samurott
|-resisted|p1a: Samurott
|-damage|p1a: Samurott|0 fnt
|faint|p1a: Samurott
|
|upkeep
|
|t:|1760341830
|switch|p1a: Necrozma|Necrozma|100/100
|turn|5
|
|t:|1760341834
|move|p2a: Zapdos|Volt Switch|p1a: Necrozma
|-damage|p1a: Necrozma|65/100
|
|t:|1760341834
|switch|p2a: Great Tusk|Great Tusk|100/100|[from] Volt Switch
|move|p1a: Necrozma|Photon Geyser|p2a: Great Tusk
|-supereffective|p2a: Great Tusk
|-damage|p2a: Great Tusk|0 fnt
|faint|p2a: Great Tusk
|-end|p2a: Great Tusk|Protosynthesis|[silent]
|
|upkeep
|
|t:|1760341835
|switch|p2a: Zapdos|Zapdos, shiny|100/100
|turn|6
|
|t:|1760341849
|move|p2a: Zapdos|Volt Switch|p1a: Necrozma
|-damage|p1a: Necrozma|30/100
|
|t:|1760341850
|switch|p2a: Scizor|Scizor, F, shiny|100/100|[from] Volt Switch
|move|p1a: Necrozma|Photon Geyser|p2a: Scizor
|-resisted|p2a: Scizor
|-damage|p2a: Scizor|73/100
|
|-heal|p2a: Scizor|80/100|[from] item: Leftovers
|upkeep
|turn|7
|
|t:|1760341860
|move|p2a: Scizor|Knock Off|p1a: Necrozma
|-supereffective|p1a: Necrozma
|-enditem|p1a: Necrozma|Colbur Berry|[eat]
|-enditem|p1a: Necrozma|Colbur Berry|[weaken]
|-damage|p1a: Necrozma|11/100
|move|p1a: Necrozma|Earth Power|p2a: Scizor
|-damage|p2a: Scizor|46/100
|
|-heal|p2a: Scizor|52/100|[from] item: Leftovers
|upkeep
|turn|8
|
|t:|1760341868
|move|p2a: Scizor|Bullet Punch|p1a: Necrozma
|-damage|p1a: Necrozma|0 fnt
|faint|p1a: Necrozma
|
|-heal|p2a: Scizor|58/100|[from] item: Leftovers
|upkeep
|
|t:|1760341875
|switch|p1a: Kingambit|Kingambit, F|100/100
|-activate|p1a: Kingambit|ability: Supreme Overlord
|-start|p1a: Kingambit|fallen2|[silent]
|turn|9
|
|t:|1760341880
|switch|p2a: Iron Valiant|Iron Valiant|100/100
|-enditem|p2a: Iron Valiant|Booster Energy
|-activate|p2a: Iron Valiant|ability: Quark Drive|[fromitem]
|-start|p2a: Iron Valiant|quarkdrivespe
|move|p1a: Kingambit|Kowtow Cleave|p2a: Iron Valiant
|-resisted|p2a: Iron Valiant
|-damage|p2a: Iron Valiant|79/100
|
|upkeep
|turn|10
|
|t:|1760341889
|-end|p1a: Kingambit|fallen2|[silent]
|switch|p1a: Pecharunt|Pecharunt|100/100
|-item|p1a: Pecharunt|Air Balloon
|move|p2a: Iron Valiant|Moonblast|p1a: Pecharunt
|-resisted|p1a: Pecharunt
|-damage|p1a: Pecharunt|78/100
|-enditem|p1a: Pecharunt|Air Balloon
|
|upkeep
|turn|11
|
|t:|1760341897
|-end|p2a: Iron Valiant|Quark Drive|[silent]
|switch|p2a: Scizor|Scizor, F, shiny|58/100
|move|p1a: Pecharunt|Parting Shot|p2a: Scizor
|-unboost|p2a: Scizor|atk|1
|-unboost|p2a: Scizor|spa|1
|
|t:|1760341903
|switch|p1a: Kingambit|Kingambit, F|100/100|[from] Parting Shot
|-activate|p1a: Kingambit|ability: Supreme Overlord
|-start|p1a: Kingambit|fallen2|[silent]
|
|-heal|p2a: Scizor|64/100|[from] item: Leftovers
|upkeep
|turn|12
|
|t:|1760341910
|move|p2a: Scizor|Close Combat|p1a: Kingambit
|-supereffective|p1a: Kingambit
|-damage|p1a: Kingambit|24/100
|-unboost|p2a: Scizor|def|1
|-unboost|p2a: Scizor|spd|1
|move|p1a: Kingambit|Kowtow Cleave|p2a: Scizor
|-damage|p2a: Scizor|0 fnt
|faint|p2a: Scizor
|
|upkeep
|
|t:|1760341911
|switch|p2a: Iron Valiant|Iron Valiant|79/100
|turn|13
|
|t:|1760341920
|move|p2a: Iron Valiant|Thunderbolt|p1a: Kingambit
|-damage|p1a: Kingambit|0 fnt
|faint|p1a: Kingambit
|-end|p1a: Kingambit|fallen2|[silent]
|
|upkeep
|
|t:|1760341925
|switch|p1a: Enamorus|Enamorus, F|100/100
|turn|14
|
|t:|1760341932
|move|p1a: Enamorus|Moonblast|p2a: Iron Valiant
|-supereffective|p2a: Iron Valiant
|-damage|p2a: Iron Valiant|0 fnt
|faint|p2a: Iron Valiant
|-end|p2a: Iron Valiant|Quark Drive|[silent]
|
|upkeep
|
|t:|1760341933
|switch|p2a: Zapdos|Zapdos, shiny|100/100
|turn|15
|
|t:|1760341939
|switch|p1a: Iron Treads|Iron Treads|100/100
|move|p2a: Zapdos|Volt Switch|p1a: Iron Treads
|-immune|p1a: Iron Treads
|
|upkeep
|turn|16
|
|t:|1760341945
|move|p1a: Iron Treads|Ice Spinner|p2a: Zapdos
|-supereffective|p2a: Zapdos
|-damage|p2a: Zapdos|42/100
|move|p2a: Zapdos|Heat Wave|p1a: Iron Treads
|-supereffective|p1a: Iron Treads
|-damage|p1a: Iron Treads|43/100
|
|upkeep
|turn|17
|
|t:|1760341952
|switch|p2a: Hatterene|Hatterene, F|100/100
|move|p1a: Iron Treads|Ice Spinner|p2a: Hatterene
|-damage|p2a: Hatterene|78/100
|-damage|p1a: Iron Treads|26/100|[from] item: Rocky Helmet|[of] p2a: Hatterene
|
|upkeep
|turn|18
|
|t:|1760341959
|switch|p2a: Zapdos|Zapdos, shiny|42/100
|move|p1a: Iron Treads|Earthquake|p2a: Zapdos
|-immune|p2a: Zapdos
|
|upkeep
|turn|19
|
|t:|1760341964
|switch|p2a: Hatterene|Hatterene, F|78/100
|move|p1a: Iron Treads|Ice Spinner|p2a: Hatterene
|-damage|p2a: Hatterene|58/100
|-damage|p1a: Iron Treads|10/100|[from] item: Rocky Helmet|[of] p2a: Hatterene
|
|upkeep
|turn|20
|
|t:|1760341971
|switch|p2a: Zapdos|Zapdos, shiny|42/100
|move|p1a: Iron Treads|Earthquake|p2a: Zapdos
|-immune|p2a: Zapdos
|
|upkeep
|turn|21
|
|t:|1760341976
|move|p1a: Iron Treads|Ice Spinner|p2a: Zapdos
|-supereffective|p2a: Zapdos
|-damage|p2a: Zapdos|0 fnt
|-status|p1a: Iron Treads|par|[from] ability: Static|[of] p2a: Zapdos
|faint|p2a: Zapdos
|
|upkeep
|
|t:|1760341977
|switch|p2a: Hatterene|Hatterene, F|58/100
|turn|22
|
|t:|1760341984
|move|p1a: Iron Treads|Earthquake|p2a: Hatterene
|-crit|p2a: Hatterene
|-damage|p2a: Hatterene|3/100
|move|p2a: Hatterene|Nuzzle|p1a: Iron Treads
|-immune|p1a: Iron Treads
|
|upkeep
|turn|23
|
|t:|1760341990
|move|p1a: Iron Treads|Earthquake|p2a: Hatterene
|-damage|p2a: Hatterene|0 fnt
|faint|p2a: Hatterene
|
|win|TapuTeao
|raw|TapuTeao's rating: 1397 &rarr; <strong>1413</strong><br />(+16 for winning)
|raw|Riles's rating: 1325 &rarr; <strong>1309</strong><br />(-16 for losing)
|c|☆Riles|gg
