|j|☆NicholasDousa
|j|☆reck_it_rob
|t:|1760445317
|gametype|singles
|player|p1|NicholasDousa|brock|1447
|player|p2|reck_it_rob|266|1498
|gen|9
|tier|[Gen 9] OU
|rated|
|rule|HP Percentage Mod: HP is shown in percentages
|rule|Endless Battle Clause: Forcing endless battles is banned
|rule|Species Clause: Limit one of each Pokémon
|rule|OHKO Clause: OHKO moves are banned
|rule|Evasion Items Clause: Evasion items are banned
|rule|Evasion Moves Clause: Evasion moves are banned
|rule|Evasion Abilities Clause: Evasion abilities are banned
|rule|Sleep Moves Clause: Sleep-inducing moves are banned
|clearpoke
|poke|p1|Garchomp, M|
|poke|p1|Darkrai|
|poke|p1|Gholdengo|
|poke|p1|Ogerpon-Wellspring, F|
|poke|p1|Iron Valiant|
|poke|p1|Iron Treads|
|poke|p2|Darkrai|
|poke|p2|Dragonite, F|
|poke|p2|Latios, M|
|poke|p2|Landorus-Therian, M|
|poke|p2|Polteageist|
|poke|p2|Great Tusk|
|teampreview
|inactive|Battle timer is ON: inactive players will automatically lose when time's up. (requested by NicholasDousa)
|
|t:|1760445352
|teamsize|p1|6
|teamsize|p2|6
|start
|switch|p1a: Ogerpon|Ogerpon-Wellspring, F|100/100
|switch|p2a: Landorus|Landorus-Therian, M|100/100
|-ability|p2a: Landorus|Intimidate|boost
|-unboost|p1a: Ogerpon|atk|1
|turn|1
|
|t:|1760445363
|move|p1a: Ogerpon|Ivy Cudgel|p2a: Landorus|[anim] Ivy Cudgel Water
|-supereffective|p2a: Landorus
|-damage|p2a: Landorus|16/100
|move|p2a: Landorus|U-turn|p1a: Ogerpon
|-supereffective|p1a: Ogerpon
|-damage|p1a: Ogerpon|37/100
|
|t:|1760445367
|switch|p2a: Latios|Latios, M|100/100|[from] U-turn
|
|upkeep
|turn|2
|
|t:|1760445374
|switch|p1a: Gholdengo|Gholdengo|100/100
|-item|p1a: Gholdengo|Air Balloon
|move|p2a: Latios|Luster Purge|p1a: Gholdengo
|-resisted|p1a: Gholdengo
|-damage|p1a: Gholdengo|75/100
|-unboost|p1a: Gholdengo|spd|1
|-enditem|p1a: Gholdengo|Air Balloon
|
|upkeep
|turn|3
|
|t:|1760445383
|switch|p2a: Darkrai|Darkrai|100/100
|switch|p1a: Darkrai|Darkrai|100/100
|
|upkeep
|turn|4
|
|t:|1760445394
|switch|p1a: Iron Treads|Iron Treads|100/100
|move|p2a: Darkrai|Nasty Plot|p2a: Darkrai
|-boost|p2a: Darkrai|spa|2
|
|upkeep
|turn|5
|
|t:|1760445401
|-end|p1a: Iron Treads|Quark Drive|[silent]
|switch|p1a: Iron Valiant|Iron Valiant|100/100
|-enditem|p1a: Iron Valiant|Booster Energy
|-activate|p1a: Iron Valiant|ability: Quark Drive|[fromitem]
|-start|p1a: Iron Valiant|quarkdrivespe
|move|p2a: Darkrai|Dark Pulse|p1a: Iron Valiant
|-resisted|p1a: Iron Valiant
|-damage|p1a: Iron Valiant|63/100
|
|upkeep
|turn|6
|inactive|reck_it_rob has 120 seconds left.
|inactive|reck_it_rob has 90 seconds left.
|
|t:|1760445467
|-terastallize|p2a: Darkrai|Poison
|move|p1a: Iron Valiant|Moonblast|p2a: Darkrai
|-resisted|p2a: Darkrai
|-damage|p2a: Darkrai|70/100
|-unboost|p2a: Darkrai|spa|1
|move|p2a: Darkrai|Sludge Bomb|p1a: Iron Valiant
|-supereffective|p1a: Iron Valiant
|-damage|p1a: Iron Valiant|0 fnt
|faint|p1a: Iron Valiant
|-end|p1a: Iron Valiant|Quark Drive|[silent]
|
|upkeep
|
|t:|1760445479
|switch|p1a: Iron Treads|Iron Treads|100/100
|turn|7
|
|t:|1760445484
|switch|p2a: Landorus|Landorus-Therian, M|16/100
|-ability|p2a: Landorus|Intimidate|boost
|-unboost|p1a: Iron Treads|atk|1
|move|p1a: Iron Treads|Earthquake|p2a: Landorus
|-immune|p2a: Landorus
|
|upkeep
|turn|8
|
|t:|1760445493
|move|p1a: Iron Treads|Ice Spinner|p2a: Landorus
|-supereffective|p2a: Landorus
|-damage|p2a: Landorus|0 fnt
|faint|p2a: Landorus
|
|upkeep
|inactive|reck_it_rob has 90 seconds left.
|
|t:|1760445535
|switch|p2a: Great Tusk|Great Tusk|100/100
|-enditem|p2a: Great Tusk|Booster Energy
|-activate|p2a: Great Tusk|ability: Protosynthesis|[fromitem]
|-start|p2a: Great Tusk|protosynthesisspe
|turn|9
|
|t:|1760445542
|-end|p1a: Iron Treads|Quark Drive|[silent]
|switch|p1a: Garchomp|Garchomp, M|100/100
|move|p2a: Great Tusk|Headlong Rush|p1a: Garchomp
|-damage|p1a: Garchomp|71/100
|-unboost|p2a: Great Tusk|def|1
|-unboost|p2a: Great Tusk|spd|1
|-damage|p2a: Great Tusk|88/100|[from] ability: Rough Skin|[of] p1a: Garchomp
|-damage|p2a: Great Tusk|71/100|[from] item: Rocky Helmet|[of] p1a: Garchomp
|
|upkeep
|turn|10
|
|t:|1760445555
|-end|p2a: Great Tusk|Protosynthesis|[silent]
|switch|p2a: Latios|Latios, M|100/100
|move|p1a: Garchomp|Earthquake|p2a: Latios
|-immune|p2a: Latios|[from] ability: Levitate
|
|upkeep
|turn|11
|
|t:|1760445568
|switch|p1a: Iron Treads|Iron Treads|100/100
|move|p2a: Latios|Draco Meteor|p1a: Iron Treads
|-resisted|p1a: Iron Treads
|-damage|p1a: Iron Treads|64/100
|-unboost|p2a: Latios|spa|2
|
|-heal|p1a: Iron Treads|70/100|[from] item: Leftovers
|upkeep
|turn|12
|
|t:|1760445577
|switch|p2a: Great Tusk|Great Tusk|71/100
|move|p1a: Iron Treads|Knock Off|p2a: Great Tusk
|-resisted|p2a: Great Tusk
|-damage|p2a: Great Tusk|67/100
|
|-heal|p1a: Iron Treads|76/100|[from] item: Leftovers
|upkeep
|turn|13
|inactive|reck_it_rob has 90 seconds left.
|
|t:|1760445586
|-end|p1a: Iron Treads|Quark Drive|[silent]
|switch|p1a: Ogerpon|Ogerpon-Wellspring, F|37/100
|move|p2a: Great Tusk|Knock Off|p1a: Ogerpon
|-damage|p1a: Ogerpon|13/100
|
|upkeep
|turn|14
|
|t:|1760445594
|move|p1a: Ogerpon|Synthesis|p1a: Ogerpon
|-heal|p1a: Ogerpon|63/100
|move|p2a: Great Tusk|Rapid Spin|p1a: Ogerpon
|-damage|p1a: Ogerpon|47/100
|-boost|p2a: Great Tusk|spe|1
|
|upkeep
|turn|15
|
|t:|1760445597
|move|p2a: Great Tusk|Bulk Up|p2a: Great Tusk
|-boost|p2a: Great Tusk|atk|1
|-boost|p2a: Great Tusk|def|1
|move|p1a: Ogerpon|Ivy Cudgel|p2a: Great Tusk|[anim] Ivy Cudgel Water
|-supereffective|p2a: Great Tusk
|-damage|p2a: Great Tusk|18/100
|
|upkeep
|turn|16
|
|t:|1760445605
|move|p2a: Great Tusk|Headlong Rush|p1a: Ogerpon
|-resisted|p1a: Ogerpon
|-damage|p1a: Ogerpon|3/100
|-unboost|p2a: Great Tusk|def|1
|-unboost|p2a: Great Tusk|spd|1
|move|p1a: Ogerpon|Ivy Cudgel|p2a: Great Tusk|[anim] Ivy Cudgel Water
|-supereffective|p2a: Great Tusk
|-damage|p2a: Great Tusk|0 fnt
|faint|p2a: Great Tusk
|-end|p2a: Great Tusk|Protosynthesis|[silent]
|
|upkeep
|
|t:|1760445621
|switch|p2a: Darkrai|Darkrai, tera:Poison|70/100
|turn|17
|
|t:|1760445626
|move|p2a: Darkrai|Ice Beam|p1a: Ogerpon
|-damage|p1a: Ogerpon|0 fnt
|faint|p1a: Ogerpon
|
|upkeep
|
|t:|1760445633
|switch|p1a: Darkrai|Darkrai|100/100
|turn|18
|
|t:|1760445638
|move|p1a: Darkrai|Dark Pulse|p2a: Darkrai
|-damage|p2a: Darkrai|11/100
|move|p2a: Darkrai|Sludge Bomb|p1a: Darkrai
|-damage|p1a: Darkrai|39/100
|
|upkeep
|turn|19
|
|t:|1760445643
|move|p1a: Darkrai|Knock Off|p2a: Darkrai
|-damage|p2a: Darkrai|0 fnt
|-enditem|p2a: Darkrai|Expert Belt|[from] move: Knock Off|[of] p1a: Darkrai
|faint|p2a: Darkrai
|
|upkeep
|inactive|reck_it_rob has 120 seconds left.
|
|t:|1760445674
|switch|p2a: Dragonite|Dragonite, F|100/100
|turn|20
|
|t:|1760445678
|move|p1a: Darkrai|Ice Beam|p2a: Dragonite
|-supereffective|p2a: Dragonite
|-crit|p2a: Dragonite
|-damage|p2a: Dragonite|1/100
|move|p2a: Dragonite|Dragon Dance|p2a: Dragonite
|-boost|p2a: Dragonite|atk|1
|-boost|p2a: Dragonite|spe|1
|
|upkeep
|turn|21
|inactive|reck_it_rob has 120 seconds left.
|
|t:|1760445693
|switch|p1a: Garchomp|Garchomp, M|71/100
|move|p2a: Dragonite|Earthquake|p1a: Garchomp
|-damage|p1a: Garchomp|34/100
|
|upkeep
|turn|22
|
|t:|1760445697
|move|p2a: Dragonite|Earthquake|p1a: Garchomp
|-damage|p1a: Garchomp|1/100
|move|p1a: Garchomp|Stealth Rock|p2a: Dragonite
|-sidestart|p2: reck_it_rob|move: Stealth Rock
|
|upkeep
|turn|23
|
|t:|1760445702
|move|p2a: Dragonite|Earthquake|p1a: Garchomp
|-damage|p1a: Garchomp|0 fnt
|faint|p1a: Garchomp
|
|upkeep
|
|t:|1760445721
|switch|p1a: Gholdengo|Gholdengo|75/100
|turn|24
|
|t:|1760445726
|-terastallize|p1a: Gholdengo|Fairy
|move|p2a: Dragonite|Earthquake|p1a: Gholdengo
|-damage|p1a: Gholdengo|35/100
|move|p1a: Gholdengo|Hex|p2a: Dragonite
|-damage|p2a: Dragonite|0 fnt
|faint|p2a: Dragonite
|
|upkeep
|
|t:|1760445741
|switch|p2a: Latios|Latios, M|100/100
|-damage|p2a: Latios|88/100|[from] Stealth Rock
|turn|25
|
|t:|1760445748
|switch|p1a: Iron Treads|Iron Treads|76/100
|move|p2a: Latios|Flip Turn|p1a: Iron Treads
|-supereffective|p1a: Iron Treads
|-damage|p1a: Iron Treads|55/100
|
|t:|1760445750
|switch|p2a: Polteageist|Polteageist|100/100|[from] Flip Turn
|-damage|p2a: Polteageist|88/100|[from] Stealth Rock
|
|-heal|p1a: Iron Treads|61/100|[from] item: Leftovers
|upkeep
|turn|26
|
|t:|1760445763
|move|p1a: Iron Treads|Earthquake|p2a: Polteageist
|-damage|p2a: Polteageist|15/100
|-ability|p2a: Polteageist|Weak Armor|boost
|-unboost|p2a: Polteageist|def|1
|-boost|p2a: Polteageist|spe|2
|move|p2a: Polteageist|Shell Smash|p2a: Polteageist
|-unboost|p2a: Polteageist|def|1
|-unboost|p2a: Polteageist|spd|1
|-boost|p2a: Polteageist|atk|2
|-boost|p2a: Polteageist|spa|2
|-boost|p2a: Polteageist|spe|2
|
|-heal|p1a: Iron Treads|67/100|[from] item: Leftovers
|upkeep
|turn|27
|
|t:|1760445768
|move|p2a: Polteageist|Shadow Ball|p1a: Iron Treads
|-damage|p1a: Iron Treads|0 fnt
|faint|p1a: Iron Treads
|-end|p1a: Iron Treads|Quark Drive|[silent]
|
|upkeep
|
|t:|1760445773
|switch|p1a: Darkrai|Darkrai|39/100
|turn|28
|
|t:|1760445778
|move|p2a: Polteageist|Giga Drain|p1a: Darkrai
|-damage|p1a: Darkrai|0 fnt
|-heal|p2a: Polteageist|36/100|[from] drain|[of] p1a: Darkrai
|faint|p1a: Darkrai
|
|upkeep
|-message|NicholasDousa forfeited.
|
|win|reck_it_rob
|raw|NicholasDousa's rating: 1447 &rarr; <strong>1430</strong><br />(-17 for losing)
|raw|reck_it_rob's rating: 1498 &rarr; <strong>1515</strong><br />(+17 for winning)
|l|☆NicholasDousa
|player|p1|
|l|☆reck_it_rob
|player|p2|
