|j|☆lovrdu94
|j|☆beetlejuggler
|t:|1760366477
|gametype|singles
|player|p1|lovrdu94|169|1356
|player|p2|beetlejuggler|steven|1341
|gen|9
|tier|[Gen 9] OU
|rated|
|rule|HP Percentage Mod: HP is shown in percentages
|rule|Endless Battle Clause: Forcing endless battles is banned
|rule|Species Clause: Limit one of each Pokémon
|rule|OHKO Clause: OHKO moves are banned
|rule|Evasion Items Clause: Evasion items are banned
|rule|Evasion Moves Clause: Evasion moves are banned
|rule|Evasion Abilities Clause: Evasion abilities are banned
|rule|Sleep Moves Clause: Sleep-inducing moves are banned
|clearpoke
|poke|p1|Diancie|
|poke|p1|Staraptor, F|
|poke|p1|Volcanion|
|poke|p1|Serperior, F|
|poke|p1|Weezing-Galar, M|
|poke|p1|Gallade, M|
|poke|p2|Kyurem|
|poke|p2|Slowking-Galar, M|
|poke|p2|Great Tusk|
|poke|p2|Meowscarada, M|
|poke|p2|Corviknight, M|
|poke|p2|Darkrai|
|teampreview
|inactive|Battle timer is ON: inactive players will automatically lose when time's up. (requested by beetlejuggler)
|
|t:|1760366490
|teamsize|p1|6
|teamsize|p2|6
|start
|switch|p1a: Final Gambit|Staraptor, F|100/100
|switch|p2a: Meowscarada|Meowscarada, M|100/100
|turn|1
|
|t:|1760366497
|switch|p2a: Corviknight|Corviknight, M|100/100
|-ability|p2a: Corviknight|Pressure
|move|p1a: Final Gambit|U-turn|p2a: Corviknight
|-resisted|p2a: Corviknight
|-damage|p2a: Corviknight|97/100
|-damage|p1a: Final Gambit|84/100|[from] item: Rocky Helmet|[of] p2a: Corviknight
|
|t:|1760366513
|switch|p1a: Glare|Serperior, F|100/100|[from] U-turn
|
|upkeep
|turn|2
|
|t:|1760366524
|move|p1a: Glare|Substitute|p1a: Glare
|-start|p1a: Glare|Substitute
|-damage|p1a: Glare|75/100
|move|p2a: Corviknight|Brave Bird|p1a: Glare
|-supereffective|p1a: Glare
|-end|p1a: Glare|Substitute
|-damage|p2a: Corviknight|91/100|[from] Recoil|[of] p1a: Glare
|
|-heal|p1a: Glare|82/100|[from] item: Leftovers
|upkeep
|turn|3
|
|t:|1760366531
|-terastallize|p1a: Glare|Fire
|move|p1a: Glare|Leaf Storm|p2a: Corviknight
|-resisted|p2a: Corviknight
|-crit|p2a: Corviknight
|-damage|p2a: Corviknight|75/100
|-boost|p1a: Glare|spa|2
|move|p2a: Corviknight|Brave Bird|p1a: Glare
|-damage|p1a: Glare|37/100
|-damage|p2a: Corviknight|64/100|[from] Recoil
|
|-heal|p1a: Glare|44/100|[from] item: Leftovers
|upkeep
|turn|4
|
|t:|1760366535
|switch|p2a: Slowking|Slowking-Galar, M|100/100
|move|p1a: Glare|Tera Blast|p2a: Slowking|[anim] Tera Blast Fire
|-damage|p2a: Slowking|68/100
|
|-heal|p1a: Glare|50/100|[from] item: Leftovers
|upkeep
|turn|5
|
|t:|1760366539
|move|p1a: Glare|Leaf Storm|p2a: Slowking
|-resisted|p2a: Slowking
|-damage|p2a: Slowking|40/100
|-boost|p1a: Glare|spa|2
|move|p2a: Slowking|Sludge Bomb|p1a: Glare
|-damage|p1a: Glare|6/100
|
|-heal|p1a: Glare|12/100|[from] item: Leftovers
|upkeep
|turn|6
|
|t:|1760366549
|move|p1a: Glare|Tera Blast|p2a: Slowking|[anim] Tera Blast Fire
|-damage|p2a: Slowking|0 fnt
|faint|p2a: Slowking
|
|-heal|p1a: Glare|18/100|[from] item: Leftovers
|upkeep
|
|t:|1760366557
|switch|p2a: Darkrai|Darkrai|100/100
|turn|7
|
|t:|1760366561
|switch|p1a: Shadow sneak|Gallade, M|100/100
|move|p2a: Darkrai|Dark Pulse|p1a: Shadow sneak
|-damage|p1a: Shadow sneak|53/100
|
|upkeep
|turn|8
|
|t:|1760366571
|switch|p2a: Great Tusk|Great Tusk|100/100
|move|p1a: Shadow sneak|Sacred Sword|p2a: Great Tusk
|-damage|p2a: Great Tusk|43/100
|
|upkeep
|turn|9
|
|t:|1760366580
|-end|p2a: Great Tusk|Protosynthesis|[silent]
|switch|p2a: Corviknight|Corviknight, M|64/100
|-ability|p2a: Corviknight|Pressure
|switch|p1a: Flamethrower|Weezing-Galar, M|100/100
|
|upkeep
|turn|10
|
|t:|1760366585
|move|p2a: Corviknight|Roost|p2a: Corviknight
|-heal|p2a: Corviknight|100/100
|-singleturn|p2a: Corviknight|move: Roost
|move|p1a: Flamethrower|Will-O-Wisp|p2a: Corviknight
|-status|p2a: Corviknight|brn
|
|-damage|p2a: Corviknight|94/100 brn|[from] brn
|upkeep
|turn|11
|
|t:|1760366592
|switch|p1a: Shadow sneak|Gallade, M|53/100
|move|p2a: Corviknight|Brave Bird|p1a: Shadow sneak
|-supereffective|p1a: Shadow sneak
|-damage|p1a: Shadow sneak|0 fnt
|faint|p1a: Shadow sneak
|-damage|p2a: Corviknight|82/100 brn|[from] Recoil
|
|-damage|p2a: Corviknight|76/100 brn|[from] brn
|upkeep
|
|t:|1760366598
|switch|p1a: Glare|Serperior, F, tera:Fire|18/100
|turn|12
|
|t:|1760366605
|switch|p2a: Darkrai|Darkrai|100/100
|move|p1a: Glare|Leaf Storm|p2a: Darkrai
|-damage|p2a: Darkrai|42/100
|-boost|p1a: Glare|spa|2
|
|-heal|p2a: Darkrai|49/100|[from] item: Leftovers
|-heal|p1a: Glare|24/100|[from] item: Leftovers
|upkeep
|turn|13
|
|t:|1760366609
|move|p2a: Darkrai|Dark Pulse|p1a: Glare
|-damage|p1a: Glare|0 fnt
|faint|p1a: Glare
|
|-heal|p2a: Darkrai|55/100|[from] item: Leftovers
|upkeep
|
|t:|1760366612
|switch|p1a: Earth power|Volcanion|100/100
|turn|14
|inactive|beetlejuggler has 120 seconds left.
|
|t:|1760366654
|switch|p2a: Corviknight|Corviknight, M|76/100 brn
|-ability|p2a: Corviknight|Pressure
|move|p1a: Earth power|Flamethrower|p2a: Corviknight
|-supereffective|p2a: Corviknight
|-damage|p2a: Corviknight|0 fnt
|faint|p2a: Corviknight
|
|upkeep
|
|t:|1760366657
|switch|p2a: Great Tusk|Great Tusk|43/100
|turn|15
|inactive|beetlejuggler has 120 seconds left.
|
|t:|1760366673
|-end|p2a: Great Tusk|Protosynthesis|[silent]
|switch|p2a: Darkrai|Darkrai|55/100
|switch|p1a: Flamethrower|Weezing-Galar, M|100/100
|
|-heal|p2a: Darkrai|61/100|[from] item: Leftovers
|upkeep
|turn|16
|
|t:|1760366677
|-terastallize|p2a: Darkrai|Poison
|move|p2a: Darkrai|Nasty Plot|p2a: Darkrai
|-boost|p2a: Darkrai|spa|2
|move|p1a: Flamethrower|Strange Steam|p2a: Darkrai
|-resisted|p2a: Darkrai
|-damage|p2a: Darkrai|43/100
|
|-heal|p2a: Darkrai|49/100|[from] item: Leftovers
|upkeep
|turn|17
|
|t:|1760366687
|move|p2a: Darkrai|Ice Beam|p1a: Flamethrower
|-damage|p1a: Flamethrower|0 fnt
|faint|p1a: Flamethrower
|
|-heal|p2a: Darkrai|55/100|[from] item: Leftovers
|upkeep
|
|t:|1760366690
|switch|p1a: Earth power|Volcanion|100/100
|turn|18
|
|t:|1760366693
|move|p2a: Darkrai|Sludge Bomb|p1a: Earth power
|-damage|p1a: Earth power|28/100
|move|p1a: Earth power|Flamethrower|p2a: Darkrai
|-damage|p2a: Darkrai|0 fnt
|faint|p2a: Darkrai
|
|upkeep
|
|t:|1760366703
|switch|p2a: Meowscarada|Meowscarada, M|100/100
|turn|19
|
|t:|1760366706
|move|p2a: Meowscarada|Knock Off|p1a: Earth power
|-start|p2a: Meowscarada|typechange|Dark|[from] ability: Protean
|-crit|p1a: Earth power
|-damage|p1a: Earth power|0 fnt
|-enditem|p1a: Earth power|Assault Vest|[from] move: Knock Off|[of] p2a: Meowscarada
|faint|p1a: Earth power
|
|upkeep
|
|t:|1760366717
|switch|p1a: Stealth Rock|Diancie|100/100
|turn|20
|
|t:|1760366737
|switch|p2a: Great Tusk|Great Tusk|43/100
|move|p1a: Stealth Rock|Trick Room|p1a: Stealth Rock
|-fieldstart|move: Trick Room|[of] p1a: Stealth Rock
|
|upkeep
|turn|21
|
|t:|1760366750
|move|p1a: Stealth Rock|Diamond Storm|p2a: Great Tusk
|-resisted|p2a: Great Tusk
|-damage|p2a: Great Tusk|37/100
|-boost|p1a: Stealth Rock|def|2
|move|p2a: Great Tusk|Headlong Rush|p1a: Stealth Rock
|-supereffective|p1a: Stealth Rock
|-crit|p1a: Stealth Rock
|-damage|p1a: Stealth Rock|0 fnt
|-unboost|p2a: Great Tusk|def|1
|-unboost|p2a: Great Tusk|spd|1
|faint|p1a: Stealth Rock
|
|upkeep
|
|t:|1760366762
|switch|p1a: Final Gambit|Staraptor, F|84/100
|turn|22
|
|t:|1760366771
|move|p2a: Great Tusk|Ice Spinner|p1a: Final Gambit
|-supereffective|p1a: Final Gambit
|-damage|p1a: Final Gambit|2/100
|move|p1a: Final Gambit|Close Combat|p2a: Great Tusk
|-damage|p2a: Great Tusk|0 fnt
|-unboost|p1a: Final Gambit|def|1
|-unboost|p1a: Final Gambit|spd|1
|faint|p2a: Great Tusk
|-end|p2a: Great Tusk|Protosynthesis|[silent]
|
|upkeep
|
|t:|1760366774
|switch|p2a: Kyurem|Kyurem|100/100
|-ability|p2a: Kyurem|Pressure
|turn|23
|
|t:|1760366777
|move|p2a: Kyurem|Freeze-Dry|p1a: Final Gambit
|-supereffective|p1a: Final Gambit
|-damage|p1a: Final Gambit|0 fnt
|faint|p1a: Final Gambit
|
|win|beetlejuggler
|raw|lovrdu94's rating: 1356 &rarr; <strong>1335</strong><br />(-21 for losing)
|raw|beetlejuggler's rating: 1341 &rarr; <strong>1362</strong><br />(+21 for winning)
|l|☆lovrdu94
|player|p1|
|l|☆beetlejuggler
|player|p2|
