|j|☆jn_r1z
|j|☆elpingouin
|t:|1760438123
|gametype|singles
|player|p1|jn_r1z|burglar|1358
|player|p2|elpingouin|170|1324
|gen|9
|tier|[Gen 9] OU
|rated|
|rule|HP Percentage Mod: HP is shown in percentages
|rule|Endless Battle Clause: Forcing endless battles is banned
|rule|Species Clause: Limit one of each Pokémon
|rule|OHKO Clause: OHKO moves are banned
|rule|Evasion Items Clause: Evasion items are banned
|rule|Evasion Moves Clause: Evasion moves are banned
|rule|Evasion Abilities Clause: Evasion abilities are banned
|rule|Sleep Moves Clause: Sleep-inducing moves are banned
|clearpoke
|poke|p1|Charizard, M|
|poke|p1|Great Tusk|
|poke|p1|Corviknight, M|
|poke|p1|Slowking-Galar, F|
|poke|p1|Salamence, F|
|poke|p1|Thundurus-Therian, M|
|poke|p2|Samurott-Hisui, F|
|poke|p2|Iron Valiant|
|poke|p2|Darkrai|
|poke|p2|Great Tusk|
|poke|p2|Dragonite, M|
|poke|p2|Gholdengo|
|teampreview
|
|t:|1760438182
|teamsize|p1|6
|teamsize|p2|6
|start
|switch|p1a: Salamence|Salamence, F|100/100
|switch|p2a: papa noël|Samurott-Hisui, F, shiny|100/100
|-ability|p1a: Salamence|Intimidate|boost
|-unboost|p2a: papa noël|atk|1
|turn|1
|
|t:|1760438192
|move|p1a: Salamence|Dragon Dance|p1a: Salamence
|-boost|p1a: Salamence|atk|1
|-boost|p1a: Salamence|spe|1
|move|p2a: papa noël|Ceaseless Edge|p1a: Salamence
|-damage|p1a: Salamence|60/100
|-sidestart|p1: jn_r1z|Spikes
|
|upkeep
|turn|2
|
|t:|1760438205
|move|p1a: Salamence|Earthquake|p2a: papa noël
|-damage|p2a: papa noël|29/100
|move|p2a: papa noël|Encore|p1a: Salamence
|-start|p1a: Salamence|Encore
|
|upkeep
|turn|3
|
|t:|1760438247
|switch|p2a: Indian dog|Great Tusk|100/100
|-enditem|p2a: Indian dog|Booster Energy
|-activate|p2a: Indian dog|ability: Protosynthesis|[fromitem]
|-start|p2a: Indian dog|protosynthesisspe
|move|p1a: Salamence|Earthquake|p2a: Indian dog
|-damage|p2a: Indian dog|67/100
|
|upkeep
|turn|4
|
|t:|1760438264
|switch|p1a: Corviknight|Corviknight, M|100/100
|move|p2a: Indian dog|Ice Spinner|p1a: Corviknight
|-damage|p1a: Corviknight|86/100
|
|upkeep
|turn|5
|
|t:|1760438291
|move|p2a: Indian dog|Stealth Rock|p1a: Corviknight
|-sidestart|p1: jn_r1z|move: Stealth Rock
|move|p1a: Corviknight|U-turn|p2a: Indian dog
|-resisted|p2a: Indian dog
|-damage|p2a: Indian dog|62/100
|
|t:|1760438296
|switch|p1a: Salamence|Salamence, F|60/100|[from] U-turn
|-ability|p1a: Salamence|Intimidate|boost
|-unboost|p2a: Indian dog|atk|1
|
|upkeep
|turn|6
|
|t:|1760438316
|switch|p1a: Corviknight|Corviknight, M|86/100
|move|p2a: Indian dog|Ice Spinner|p1a: Corviknight
|-damage|p1a: Corviknight|77/100
|
|upkeep
|turn|7
|
|t:|1760438325
|-end|p2a: Indian dog|Protosynthesis|[silent]
|switch|p2a: ficello|Gholdengo|100/100
|-item|p2a: ficello|Air Balloon
|move|p1a: Corviknight|U-turn|p2a: ficello
|-resisted|p2a: ficello
|-damage|p2a: ficello|96/100
|-enditem|p2a: ficello|Air Balloon
|
|t:|1760438335
|switch|p1a: Great Tusk|Great Tusk|100/100|[from] U-turn
|-damage|p1a: Great Tusk|88/100|[from] Spikes
|-damage|p1a: Great Tusk|85/100|[from] Stealth Rock
|
|-heal|p1a: Great Tusk|91/100|[from] item: Leftovers
|upkeep
|turn|8
|
|t:|1760438366
|move|p2a: ficello|Shadow Ball|p1a: Great Tusk
|-damage|p1a: Great Tusk|30/100
|move|p1a: Great Tusk|Earthquake|p2a: ficello
|-supereffective|p2a: ficello
|-damage|p2a: ficello|0 fnt
|faint|p2a: ficello
|
|-heal|p1a: Great Tusk|36/100|[from] item: Leftovers
|upkeep
|
|t:|1760438376
|switch|p2a: papa noël|Samurott-Hisui, F, shiny|29/100
|turn|9
|
|t:|1760438390
|move|p2a: papa noël|Aqua Cutter|p1a: Great Tusk
|-supereffective|p1a: Great Tusk
|-damage|p1a: Great Tusk|0 fnt
|faint|p1a: Great Tusk
|-end|p1a: Great Tusk|Protosynthesis|[silent]
|
|upkeep
|
|t:|1760438399
|switch|p1a: Corviknight|Corviknight, M|77/100
|turn|10
|
|t:|1760438405
|move|p2a: papa noël|Knock Off|p1a: Corviknight
|-damage|p1a: Corviknight|50/100
|-enditem|p1a: Corviknight|Heavy-Duty Boots|[from] move: Knock Off|[of] p2a: papa noël
|move|p1a: Corviknight|Defog|p2a: papa noël
|-unboost|p2a: papa noël|evasion|1
|-sideend|p1: jn_r1z|Spikes|[from] move: Defog|[of] p1a: Corviknight
|-sideend|p1: jn_r1z|Stealth Rock|[from] move: Defog|[of] p1a: Corviknight
|
|upkeep
|turn|11
|
|t:|1760438418
|move|p2a: papa noël|Ceaseless Edge|p1a: Corviknight
|-damage|p1a: Corviknight|25/100
|-sidestart|p1: jn_r1z|Spikes
|move|p1a: Corviknight|Roost|p1a: Corviknight
|-heal|p1a: Corviknight|75/100
|-singleturn|p1a: Corviknight|move: Roost
|
|upkeep
|turn|12
|
|t:|1760438423
|move|p2a: papa noël|Encore|p1a: Corviknight
|-start|p1a: Corviknight|Encore
|move|p1a: Corviknight|Roost|p1a: Corviknight
|-heal|p1a: Corviknight|100/100
|-singleturn|p1a: Corviknight|move: Roost
|
|upkeep
|turn|13
|
|t:|1760438437
|switch|p1a: Salamence|Salamence, F|60/100
|-ability|p1a: Salamence|Intimidate|boost
|-unboost|p2a: papa noël|atk|1
|move|p2a: papa noël|Ceaseless Edge|p1a: Salamence
|-damage|p1a: Salamence|24/100
|-sidestart|p1: jn_r1z|Spikes
|
|upkeep
|turn|14
|
|t:|1760438448
|switch|p2a: Indian dog|Great Tusk|62/100
|move|p1a: Salamence|Earthquake|p2a: Indian dog
|-damage|p2a: Indian dog|41/100
|
|upkeep
|turn|15
|
|t:|1760438459
|switch|p1a: Corviknight|Corviknight, M|100/100
|move|p2a: Indian dog|Ice Spinner|p1a: Corviknight
|-damage|p1a: Corviknight|86/100
|
|upkeep
|turn|16
|
|t:|1760438465
|-end|p2a: Indian dog|Protosynthesis|[silent]
|switch|p2a: papa noël|Samurott-Hisui, F, shiny|29/100
|move|p1a: Corviknight|Defog|p2a: papa noël
|-unboost|p2a: papa noël|evasion|1
|-sideend|p1: jn_r1z|Spikes|[from] move: Defog|[of] p1a: Corviknight
|
|upkeep
|turn|17
|
|t:|1760438470
|move|p2a: papa noël|Ceaseless Edge|p1a: Corviknight|[miss]
|-miss|p2a: papa noël|p1a: Corviknight
|move|p1a: Corviknight|U-turn|p2a: papa noël
|-supereffective|p2a: papa noël
|-damage|p2a: papa noël|0 fnt
|faint|p2a: papa noël
|
|t:|1760438479
|switch|p1a: Thundurus|Thundurus-Therian, M|100/100|[from] U-turn
|
|upkeep
|
|t:|1760438484
|switch|p2a: bon dodo|Darkrai|100/100
|turn|18
|
|t:|1760438492
|move|p2a: bon dodo|Ice Beam|p1a: Thundurus
|-supereffective|p1a: Thundurus
|-damage|p1a: Thundurus|8/100
|move|p1a: Thundurus|Thunderbolt|p2a: bon dodo
|-damage|p2a: bon dodo|3/100
|
|upkeep
|turn|19
|
|t:|1760438500
|switch|p1a: Slowking|Slowking-Galar, F|100/100
|move|p2a: bon dodo|Ice Beam|p1a: Slowking
|-damage|p1a: Slowking|82/100
|
|-heal|p1a: Slowking|88/100|[from] item: Leftovers
|upkeep
|turn|20
|
|t:|1760438515
|switch|p2a: Indian dog|Great Tusk|41/100
|-prepare|p1a: Slowking|Chilly Reception|[premajor]
|move|p1a: Slowking|Chilly Reception|p1a: Slowking
|-weather|Snowscape
|
|t:|1760438532
|switch|p1a: Corviknight|Corviknight, M|86/100|[from] Chilly Reception
|
|-weather|Snowscape|[upkeep]
|upkeep
|turn|21
|
|t:|1760438545
|move|p2a: Indian dog|Stealth Rock|p1a: Corviknight
|-sidestart|p1: jn_r1z|move: Stealth Rock
|move|p1a: Corviknight|Brave Bird|p2a: Indian dog
|-supereffective|p2a: Indian dog
|-damage|p2a: Indian dog|0 fnt
|faint|p2a: Indian dog
|-end|p2a: Indian dog|Protosynthesis|[silent]
|-damage|p1a: Corviknight|71/100|[from] Recoil
|
|-weather|Snowscape|[upkeep]
|upkeep
|
|t:|1760438572
|switch|p2a: bon dodo|Darkrai|3/100
|turn|22
|
|t:|1760438585
|switch|p1a: Thundurus|Thundurus-Therian, M|8/100
|-damage|p1a: Thundurus|0 fnt|[from] Stealth Rock
|faint|p1a: Thundurus
|move|p2a: bon dodo|Dark Pulse|p1: Thundurus|[notarget]
|-fail|p2a: bon dodo
|
|-weather|Snowscape|[upkeep]
|upkeep
|
|t:|1760438603
|switch|p1a: Charizard|Charizard, M|100/100
|turn|23
|
|t:|1760438609
|move|p2a: bon dodo|Dark Pulse|p1a: Charizard
|-damage|p1a: Charizard|48/100
|move|p1a: Charizard|Dragon Dance|p1a: Charizard
|-boost|p1a: Charizard|atk|1
|-boost|p1a: Charizard|spe|1
|
|-weather|Snowscape|[upkeep]
|upkeep
|turn|24
|
|t:|1760438621
|move|p2a: bon dodo|Dark Pulse|p1a: Charizard
|-damage|p1a: Charizard|0 fnt
|faint|p1a: Charizard
|
|-weather|none
|upkeep
|
|t:|1760438636
|switch|p1a: Slowking|Slowking-Galar, F|100/100
|-damage|p1a: Slowking|88/100|[from] Stealth Rock
|turn|25
|
|t:|1760438646
|-terastallize|p1a: Slowking|Water
|move|p2a: bon dodo|Dark Pulse|p1a: Slowking
|-crit|p1a: Slowking
|-damage|p1a: Slowking|49/100
|move|p1a: Slowking|Sludge Bomb|p2a: bon dodo
|-damage|p2a: bon dodo|0 fnt
|faint|p2a: bon dodo
|
|-heal|p1a: Slowking|55/100|[from] item: Leftovers
|upkeep
|
|t:|1760438652
|switch|p2a: Anne Droid|Iron Valiant, shiny|100/100
|-enditem|p2a: Anne Droid|Booster Energy
|-activate|p2a: Anne Droid|ability: Quark Drive|[fromitem]
|-start|p2a: Anne Droid|quarkdrivespe
|turn|26
|
|t:|1760438657
|-terastallize|p2a: Anne Droid|Steel
|move|p2a: Anne Droid|Encore|p1a: Slowking
|-start|p1a: Slowking|Encore
|move|p1a: Slowking|Sludge Bomb|p2a: Anne Droid
|-immune|p2a: Anne Droid
|
|-heal|p1a: Slowking|61/100|[from] item: Leftovers
|upkeep
|turn|27
|
|t:|1760438667
|switch|p1a: Salamence|Salamence, F|24/100
|-ability|p1a: Salamence|Intimidate|boost
|-unboost|p2a: Anne Droid|atk|1
|move|p2a: Anne Droid|Moonblast|p1a: Salamence
|-supereffective|p1a: Salamence
|-damage|p1a: Salamence|0 fnt
|faint|p1a: Salamence
|
|upkeep
|
|t:|1760438680
|switch|p1a: Corviknight|Corviknight, M|71/100
|-damage|p1a: Corviknight|59/100|[from] Stealth Rock
|turn|28
|
|t:|1760438689
|move|p2a: Anne Droid|Close Combat|p1a: Corviknight
|-damage|p1a: Corviknight|37/100
|-unboost|p2a: Anne Droid|def|1
|-unboost|p2a: Anne Droid|spd|1
|move|p1a: Corviknight|Brave Bird|p2a: Anne Droid
|-resisted|p2a: Anne Droid
|-damage|p2a: Anne Droid|63/100
|-damage|p1a: Corviknight|28/100|[from] Recoil
|
|upkeep
|turn|29
|
|t:|1760438711
|move|p2a: Anne Droid|Moonblast|p1a: Corviknight
|-resisted|p1a: Corviknight
|-damage|p1a: Corviknight|7/100
|-ability|p1a: Corviknight|Mirror Armor
|-unboost|p2a: Anne Droid|spa|1
|move|p1a: Corviknight|Roost|p1a: Corviknight
|-heal|p1a: Corviknight|57/100
|-singleturn|p1a: Corviknight|move: Roost
|
|upkeep
|turn|30
|
|t:|1760438723
|move|p2a: Anne Droid|Encore|p1a: Corviknight
|-start|p1a: Corviknight|Encore
|move|p1a: Corviknight|Roost|p1a: Corviknight
|-heal|p1a: Corviknight|100/100
|-singleturn|p1a: Corviknight|move: Roost
|
|upkeep
|turn|31
|
|t:|1760438727
|-end|p2a: Anne Droid|Quark Drive|[silent]
|switch|p2a: HuUhUuuHUuUHuhhh|Dragonite, M|100/100
|switch|p1a: Slowking|Slowking-Galar, F, tera:Water|94/100
|-damage|p1a: Slowking|82/100|[from] Stealth Rock
|
|-heal|p1a: Slowking|88/100|[from] item: Leftovers
|upkeep
|turn|32
|
|t:|1760438733
|move|p2a: HuUhUuuHUuUHuhhh|Dragon Dance|p2a: HuUhUuuHUuUHuhhh
|-boost|p2a: HuUhUuuHUuUHuhhh|atk|1
|-boost|p2a: HuUhUuuHUuUHuhhh|spe|1
|move|p1a: Slowking|Toxic|p2a: HuUhUuuHUuUHuhhh
|-status|p2a: HuUhUuuHUuUHuhhh|tox
|
|-heal|p1a: Slowking|94/100|[from] item: Leftovers
|-damage|p2a: HuUhUuuHUuUHuhhh|94/100 tox|[from] psn
|upkeep
|turn|33
|
|t:|1760438744
|move|p2a: HuUhUuuHUuUHuhhh|Dragon Dance|p2a: HuUhUuuHUuUHuhhh
|-boost|p2a: HuUhUuuHUuUHuhhh|atk|1
|-boost|p2a: HuUhUuuHUuUHuhhh|spe|1
|move|p1a: Slowking|Sludge Bomb|p2a: HuUhUuuHUuUHuhhh
|-damage|p2a: HuUhUuuHUuUHuhhh|59/100 tox
|
|-heal|p1a: Slowking|99/100|[from] item: Leftovers
|-damage|p2a: HuUhUuuHUuUHuhhh|47/100 tox|[from] psn
|upkeep
|turn|34
|
|t:|1760438754
|move|p2a: HuUhUuuHUuUHuhhh|Earthquake|p1a: Slowking
|-damage|p1a: Slowking|19/100
|move|p1a: Slowking|Sludge Bomb|p2a: HuUhUuuHUuUHuhhh
|-damage|p2a: HuUhUuuHUuUHuhhh|9/100 tox
|
|-heal|p1a: Slowking|25/100|[from] item: Leftovers
|-damage|p2a: HuUhUuuHUuUHuhhh|0 fnt|[from] psn
|faint|p2a: HuUhUuuHUuUHuhhh
|upkeep
|
|t:|1760438759
|switch|p2a: Anne Droid|Iron Valiant, shiny, tera:Steel|63/100
|turn|35
|
|t:|1760438768
|move|p2a: Anne Droid|Moonblast|p1a: Slowking
|-damage|p1a: Slowking|0 fnt
|faint|p1a: Slowking
|
|upkeep
|
|t:|1760438774
|switch|p1a: Corviknight|Corviknight, M|100/100
|-damage|p1a: Corviknight|88/100|[from] Stealth Rock
|turn|36
|
|t:|1760438788
|move|p2a: Anne Droid|Moonblast|p1a: Corviknight
|-resisted|p1a: Corviknight
|-damage|p1a: Corviknight|66/100
|move|p1a: Corviknight|Brave Bird|p2a: Anne Droid
|-resisted|p2a: Anne Droid
|-damage|p2a: Anne Droid|40/100
|-damage|p1a: Corviknight|61/100|[from] Recoil
|
|upkeep
|turn|37
|
|t:|1760438815
|move|p2a: Anne Droid|Moonblast|p1a: Corviknight
|-resisted|p1a: Corviknight
|-damage|p1a: Corviknight|38/100
|-ability|p1a: Corviknight|Mirror Armor
|-unboost|p2a: Anne Droid|spa|1
|move|p1a: Corviknight|Brave Bird|p2a: Anne Droid
|-resisted|p2a: Anne Droid
|-damage|p2a: Anne Droid|18/100
|-damage|p1a: Corviknight|32/100|[from] Recoil
|
|upkeep
|turn|38
|
|t:|1760438827
|move|p2a: Anne Droid|Close Combat|p1a: Corviknight
|-damage|p1a: Corviknight|0 fnt
|-unboost|p2a: Anne Droid|def|1
|-unboost|p2a: Anne Droid|spd|1
|faint|p1a: Corviknight
|
|win|elpingouin
|raw|jn_r1z's rating: 1358 &rarr; <strong>1336</strong><br />(-22 for losing)
|raw|elpingouin's rating: 1324 &rarr; <strong>1346</strong><br />(+22 for winning)
|c|☆jn_r1z|gg
|l|☆jn_r1z
|player|p1|
