|j|☆sizzly scizor
|j|☆Koveted
|t:|1760332692
|gametype|singles
|player|p1|sizzly scizor|nate|1138
|player|p2|Koveted|cynthia-gen4|1145
|gen|9
|tier|[Gen 9] OU
|rated|
|rule|HP Percentage Mod: HP is shown in percentages
|rule|Endless Battle Clause: Forcing endless battles is banned
|rule|Species Clause: Limit one of each Pokémon
|rule|OHKO Clause: OHKO moves are banned
|rule|Evasion Items Clause: Evasion items are banned
|rule|Evasion Moves Clause: Evasion moves are banned
|rule|Evasion Abilities Clause: Evasion abilities are banned
|rule|Sleep Moves Clause: Sleep-inducing moves are banned
|clearpoke
|poke|p1|Rotom-Heat|
|poke|p1|Corviknight, M|
|poke|p1|Haxorus, M|
|poke|p1|Arboliva, F|
|poke|p1|Sylveon, F|
|poke|p1|Greninja-*, M|
|poke|p2|Garchomp, M|
|poke|p2|Spiritomb, F|
|poke|p2|Milotic, F|
|poke|p2|Lucario, M|
|poke|p2|Gastrodon, M|
|poke|p2|Cyclizar, M|
|teampreview
|inactive|Battle timer is ON: inactive players will automatically lose when time's up. (requested by Koveted)
|inactive|sizzly scizor also wants the timer to be on.
|
|t:|1760332696
|teamsize|p1|6
|teamsize|p2|6
|start
|switch|p1a: Greninja|Greninja, M, shiny|100/100
|switch|p2a: Spiritomb|Spiritomb, F|100/100
|turn|1
|
|t:|1760332703
|switch|p1a: Sylveon|Sylveon, F|100/100
|move|p2a: Spiritomb|Toxic|p1a: Sylveon
|-status|p1a: Sylveon|tox
|
|-damage|p1a: Sylveon|94/100 tox|[from] psn
|upkeep
|turn|2
|
|t:|1760332711
|move|p1a: Sylveon|Hyper Voice|p2a: Spiritomb
|-supereffective|p2a: Spiritomb
|-damage|p2a: Spiritomb|19/100
|move|p2a: Spiritomb|Hex|p1a: Sylveon
|-damage|p1a: Sylveon|65/100 tox
|
|-heal|p1a: Sylveon|71/100 tox|[from] item: Leftovers
|-heal|p2a: Spiritomb|25/100|[from] item: Leftovers
|-damage|p1a: Sylveon|59/100 tox|[from] psn
|upkeep
|turn|3
|
|t:|1760332722
|move|p1a: Sylveon|Hyper Voice|p2a: Spiritomb
|-supereffective|p2a: Spiritomb
|-damage|p2a: Spiritomb|0 fnt
|faint|p2a: Spiritomb
|
|-heal|p1a: Sylveon|65/100 tox|[from] item: Leftovers
|-damage|p1a: Sylveon|47/100 tox|[from] psn
|upkeep
|
|t:|1760332736
|switch|p2a: Gastrodon|Gastrodon, M|100/100
|turn|4
|
|t:|1760332744
|move|p1a: Sylveon|Hyper Voice|p2a: Gastrodon
|-damage|p2a: Gastrodon|71/100
|move|p2a: Gastrodon|Surf|p1a: Sylveon
|-damage|p1a: Sylveon|19/100 tox
|
|-heal|p1a: Sylveon|25/100 tox|[from] item: Leftovers
|-damage|p1a: Sylveon|1/100 tox|[from] psn
|upkeep
|turn|5
|
|t:|1760332757
|switch|p2a: Cyclizar|Cyclizar, M|100/100
|move|p1a: Sylveon|Hyper Voice|p2a: Cyclizar
|-supereffective|p2a: Cyclizar
|-damage|p2a: Cyclizar|0 fnt
|faint|p2a: Cyclizar
|
|-heal|p1a: Sylveon|7/100 tox|[from] item: Leftovers
|-damage|p1a: Sylveon|0 fnt|[from] psn
|faint|p1a: Sylveon
|upkeep
|
|t:|1760332770
|switch|p2a: Milotic|Milotic, F|100/100
|switch|p1a: Haxorus|Haxorus, M|100/100
|-ability|p1a: Haxorus|Mold Breaker
|turn|6
|
|t:|1760332777
|move|p1a: Haxorus|Scale Shot|p2a: Milotic
|-damage|p2a: Milotic|81/100
|-damage|p2a: Milotic|63/100
|-damage|p2a: Milotic|45/100
|-damage|p2a: Milotic|25/100
|-damage|p2a: Milotic|7/100
|-hitcount|p2a: Milotic|5
|-unboost|p1a: Haxorus|def|1
|-boost|p1a: Haxorus|spe|1
|move|p2a: Milotic|Alluring Voice|p1a: Haxorus
|-supereffective|p1a: Haxorus
|-damage|p1a: Haxorus|22/100
|-start|p1a: Haxorus|confusion
|
|-heal|p2a: Milotic|13/100|[from] item: Leftovers
|upkeep
|turn|7
|
|t:|1760332795
|-terastallize|p2a: Milotic|Fairy
|-activate|p1a: Haxorus|confusion
|-damage|p1a: Haxorus|0 fnt|[from] confusion
|faint|p1a: Haxorus
|move|p2a: Milotic|Alluring Voice|p1: Haxorus|[notarget]
|-fail|p2a: Milotic
|
|-heal|p2a: Milotic|19/100|[from] item: Leftovers
|upkeep
|
|t:|1760332805
|switch|p1a: Greninja|Greninja, M, shiny|100/100
|turn|8
|
|t:|1760332812
|switch|p2a: Gastrodon|Gastrodon, M|71/100
|move|p1a: Greninja|Ice Beam|p2a: Gastrodon
|-start|p1a: Greninja|typechange|Ice|[from] ability: Protean
|-damage|p2a: Gastrodon|34/100
|-status|p2a: Gastrodon|frz
|
|upkeep
|turn|9
|
|t:|1760332823
|move|p1a: Greninja|Ice Beam|p2a: Gastrodon
|-damage|p2a: Gastrodon|0 fnt
|faint|p2a: Gastrodon
|
|upkeep
|
|t:|1760332826
|switch|p2a: Lucario|Lucario, M|100/100
|turn|10
|
|t:|1760332836
|switch|p1a: Rotom|Rotom-Heat|100/100
|move|p2a: Lucario|Close Combat|p1a: Rotom
|-damage|p1a: Rotom|0 fnt
|-unboost|p2a: Lucario|def|1
|-unboost|p2a: Lucario|spd|1
|faint|p1a: Rotom
|
|upkeep
|
|t:|1760332843
|switch|p1a: Corviknight|Corviknight, M, shiny|100/100
|turn|11
|
|t:|1760332848
|switch|p2a: Garchomp|Garchomp, M|100/100
|move|p1a: Corviknight|Brave Bird|p2a: Garchomp
|-damage|p2a: Garchomp|80/100
|-damage|p1a: Corviknight|88/100|[from] ability: Rough Skin|[of] p2a: Garchomp
|-damage|p1a: Corviknight|72/100|[from] item: Rocky Helmet|[of] p2a: Garchomp
|-damage|p1a: Corviknight|64/100|[from] Recoil
|
|upkeep
|turn|12
|
|t:|1760332857
|move|p1a: Corviknight|Roost|p1a: Corviknight
|-heal|p1a: Corviknight|100/100
|-singleturn|p1a: Corviknight|move: Roost
|move|p2a: Garchomp|Dragon Tail|p1a: Corviknight
|-resisted|p1a: Corviknight
|-damage|p1a: Corviknight|91/100
|-damage|p2a: Garchomp|63/100|[from] item: Rocky Helmet|[of] p1a: Corviknight
|drag|p1a: Arboliva|Arboliva, F|100/100
|
|upkeep
|turn|13
|
|t:|1760332867
|move|p2a: Garchomp|Poison Jab|p1a: Arboliva
|-supereffective|p1a: Arboliva
|-damage|p1a: Arboliva|61/100
|-fieldstart|move: Grassy Terrain|[from] ability: Seed Sower|[of] p1a: Arboliva
|move|p1a: Arboliva|Dazzling Gleam|p2a: Garchomp
|-supereffective|p2a: Garchomp
|-damage|p2a: Garchomp|17/100
|
|-heal|p2a: Garchomp|23/100|[from] Grassy Terrain
|-heal|p1a: Arboliva|67/100|[from] Grassy Terrain
|upkeep
|turn|14
|
|t:|1760332876
|move|p2a: Garchomp|Poison Jab|p1a: Arboliva
|-supereffective|p1a: Arboliva
|-damage|p1a: Arboliva|30/100
|move|p1a: Arboliva|Dazzling Gleam|p2a: Garchomp
|-supereffective|p2a: Garchomp
|-damage|p2a: Garchomp|0 fnt
|faint|p2a: Garchomp
|
|-heal|p1a: Arboliva|36/100|[from] Grassy Terrain
|upkeep
|
|t:|1760332884
|switch|p2a: Lucario|Lucario, M|100/100
|turn|15
|
|t:|1760332890
|move|p2a: Lucario|Extreme Speed|p1a: Arboliva
|-damage|p1a: Arboliva|0 fnt
|faint|p1a: Arboliva
|
|upkeep
|
|t:|1760332893
|switch|p1a: Corviknight|Corviknight, M, shiny|91/100
|turn|16
|
|t:|1760332897
|move|p2a: Lucario|Extreme Speed|p1a: Corviknight
|-resisted|p1a: Corviknight
|-damage|p1a: Corviknight|76/100
|-damage|p2a: Lucario|84/100|[from] item: Rocky Helmet|[of] p1a: Corviknight
|move|p1a: Corviknight|Brave Bird|p2a: Lucario
|-damage|p2a: Lucario|37/100
|-damage|p1a: Corviknight|61/100|[from] Recoil
|
|-heal|p2a: Lucario|43/100|[from] Grassy Terrain
|upkeep
|turn|17
|
|t:|1760332905
|move|p2a: Lucario|Extreme Speed|p1a: Corviknight
|-resisted|p1a: Corviknight
|-damage|p1a: Corviknight|45/100
|-damage|p2a: Lucario|26/100|[from] item: Rocky Helmet|[of] p1a: Corviknight
|move|p1a: Corviknight|Iron Head|p2a: Lucario
|-resisted|p2a: Lucario
|-crit|p2a: Lucario
|-damage|p2a: Lucario|3/100
|
|-heal|p2a: Lucario|9/100|[from] Grassy Terrain
|-fieldend|move: Grassy Terrain
|upkeep
|turn|18
|l|☆Koveted
|inactive|Koveted disconnected and has a minute to reconnect!
|player|p2|
|inactive|Koveted has 30 seconds to reconnect!
|inactive|Koveted has 20 seconds to reconnect!
|inactive|Koveted has 15 seconds to reconnect!
|inactive|Koveted has 10 seconds to reconnect!
|inactive|Koveted has 5 seconds to reconnect!
|-message|Koveted lost due to inactivity.
|
|win|sizzly scizor
|raw|sizzly scizor's rating: 1138 &rarr; <strong>1164</strong><br />(+26 for winning)
|raw|Koveted's rating: 1145 &rarr; <strong>1119</strong><br />(-26 for losing)
|l|☆sizzly scizor
|player|p1|
