|j|☆manu333
|j|☆sminey
|t:|1760328233
|gametype|singles
|player|p1|manu333|wallace|1563
|player|p2|sminey|2|1583
|gen|9
|tier|[Gen 9] OU
|rated|
|rule|HP Percentage Mod: HP is shown in percentages
|rule|Endless Battle Clause: Forcing endless battles is banned
|rule|Species Clause: Limit one of each Pokémon
|rule|OHKO Clause: OHKO moves are banned
|rule|Evasion Items Clause: Evasion items are banned
|rule|Evasion Moves Clause: Evasion moves are banned
|rule|Evasion Abilities Clause: Evasion abilities are banned
|rule|Sleep Moves Clause: Sleep-inducing moves are banned
|clearpoke
|poke|p1|Pecharunt|
|poke|p1|Ting-Lu|
|poke|p1|Clefable, F|
|poke|p1|Walking Wake|
|poke|p1|Zamazenta-*|
|poke|p1|Skarmory, F|
|poke|p2|Latios, M|
|poke|p2|Cinderace, F|
|poke|p2|Weavile, M|
|poke|p2|Zapdos|
|poke|p2|Clefable, F|
|poke|p2|Slowking-Galar, M|
|teampreview
|inactive|Battle timer is ON: inactive players will automatically lose when time's up. (requested by manu333)
|
|t:|1760328240
|teamsize|p1|6
|teamsize|p2|6
|start
|switch|p1a: Walking Wake|Walking Wake|100/100
|switch|p2a: Cinderace|Cinderace, F|100/100
|turn|1
|
|t:|1760328244
|move|p2a: Cinderace|U-turn|p1a: Walking Wake
|-start|p2a: Cinderace|typechange|Bug|[from] ability: Libero
|-damage|p1a: Walking Wake|65/100
|
|t:|1760328246
|switch|p2a: Slowking|Slowking-Galar, M|100/100|[from] U-turn
|move|p1a: Walking Wake|Knock Off|p2a: Slowking
|-supereffective|p2a: Slowking
|-damage|p2a: Slowking|66/100
|-enditem|p2a: Slowking|Assault Vest|[from] move: Knock Off|[of] p1a: Walking Wake
|
|upkeep
|turn|2
|
|t:|1760328251
|move|p1a: Walking Wake|Draco Meteor|p2a: Slowking|[miss]
|-miss|p1a: Walking Wake|p2a: Slowking
|move|p2a: Slowking|Sludge Bomb|p1a: Walking Wake
|-damage|p1a: Walking Wake|21/100
|
|upkeep
|turn|3
|
|t:|1760328258
|move|p1a: Walking Wake|Flip Turn|p2a: Slowking
|-damage|p2a: Slowking|50/100
|
|t:|1760328261
|-end|p1a: Walking Wake|Protosynthesis|[silent]
|switch|p1a: Ting-Lu|Ting-Lu|100/100|[from] Flip Turn
|-ability|p1a: Ting-Lu|Vessel of Ruin
|move|p2a: Slowking|Psyshock|p1a: Ting-Lu
|-immune|p1a: Ting-Lu
|
|upkeep
|turn|4
|
|t:|1760328267
|switch|p2a: Clefable|Clefable, F|100/100
|move|p1a: Ting-Lu|Ruination|p2a: Clefable
|-damage|p2a: Clefable|50/100
|
|upkeep
|turn|5
|
|t:|1760328276
|move|p2a: Clefable|Knock Off|p1a: Ting-Lu
|-resisted|p1a: Ting-Lu
|-damage|p1a: Ting-Lu|96/100
|-enditem|p1a: Ting-Lu|Leftovers|[from] move: Knock Off|[of] p2a: Clefable
|move|p1a: Ting-Lu|Stealth Rock|p2a: Clefable
|-sidestart|p2: sminey|move: Stealth Rock
|
|upkeep
|turn|6
|
|t:|1760328282
|move|p2a: Clefable|Moonlight|p2a: Clefable
|-heal|p2a: Clefable|100/100
|move|p1a: Ting-Lu|Ruination|p2a: Clefable
|-damage|p2a: Clefable|50/100
|
|upkeep
|turn|7
|
|t:|1760328288
|move|p2a: Clefable|Moonblast|p1a: Ting-Lu
|-supereffective|p1a: Ting-Lu
|-damage|p1a: Ting-Lu|71/100
|-unboost|p1a: Ting-Lu|spa|1
|move|p1a: Ting-Lu|Ruination|p2a: Clefable
|-damage|p2a: Clefable|26/100
|
|upkeep
|turn|8
|
|t:|1760328297
|move|p2a: Clefable|Moonlight|p2a: Clefable
|-heal|p2a: Clefable|76/100
|move|p1a: Ting-Lu|Earthquake|p2a: Clefable
|-damage|p2a: Clefable|46/100
|
|upkeep
|turn|9
|
|t:|1760328301
|switch|p1a: Pecharunt|Pecharunt|100/100
|move|p2a: Clefable|Moonblast|p1a: Pecharunt
|-resisted|p1a: Pecharunt
|-damage|p1a: Pecharunt|86/100
|
|upkeep
|turn|10
|
|t:|1760328304
|switch|p2a: Slowking|Slowking-Galar, M|83/100
|-damage|p2a: Slowking|71/100|[from] Stealth Rock
|move|p1a: Pecharunt|Parting Shot|p2a: Slowking
|-unboost|p2a: Slowking|atk|1
|-unboost|p2a: Slowking|spa|1
|
|t:|1760328307
|switch|p1a: Ting-Lu|Ting-Lu|71/100|[from] Parting Shot
|-ability|p1a: Ting-Lu|Vessel of Ruin
|
|upkeep
|turn|11
|
|t:|1760328313
|switch|p2a: Zapdos|Zapdos|100/100
|move|p1a: Ting-Lu|Earthquake|p2a: Zapdos
|-immune|p2a: Zapdos
|
|upkeep
|turn|12
|
|t:|1760328316
|move|p2a: Zapdos|Hurricane|p1a: Ting-Lu
|-crit|p1a: Ting-Lu
|-damage|p1a: Ting-Lu|42/100
|move|p1a: Ting-Lu|Ruination|p2a: Zapdos
|-damage|p2a: Zapdos|50/100
|
|upkeep
|turn|13
|
|t:|1760328320
|move|p2a: Zapdos|Hurricane|p1a: Ting-Lu
|-damage|p1a: Ting-Lu|23/100
|move|p1a: Ting-Lu|Ruination|p2a: Zapdos
|-damage|p2a: Zapdos|26/100
|
|upkeep
|turn|14
|
|t:|1760328324
|move|p2a: Zapdos|Hurricane|p1a: Ting-Lu
|-damage|p1a: Ting-Lu|4/100
|move|p1a: Ting-Lu|Earthquake|p2a: Zapdos
|-immune|p2a: Zapdos
|
|upkeep
|turn|15
|
|t:|1760328328
|move|p2a: Zapdos|Hurricane|p1a: Ting-Lu
|-damage|p1a: Ting-Lu|0 fnt
|faint|p1a: Ting-Lu
|
|upkeep
|
|t:|1760328329
|switch|p1a: Walking Wake|Walking Wake|21/100
|turn|16
|
|t:|1760328335
|switch|p2a: Slowking|Slowking-Galar, M|100/100
|-damage|p2a: Slowking|88/100|[from] Stealth Rock
|move|p1a: Walking Wake|Surf|p2a: Slowking
|-damage|p2a: Slowking|60/100
|
|upkeep
|turn|17
|
|t:|1760328340
|move|p1a: Walking Wake|Flip Turn|p2a: Slowking
|-damage|p2a: Slowking|42/100
|
|t:|1760328347
|-end|p1a: Walking Wake|Protosynthesis|[silent]
|switch|p1a: Zamazenta|Zamazenta|100/100|[from] Flip Turn
|-ability|p1a: Zamazenta|Dauntless Shield|boost
|-boost|p1a: Zamazenta|def|1
|move|p2a: Slowking|Psyshock|p1a: Zamazenta
|-supereffective|p1a: Zamazenta
|-damage|p1a: Zamazenta|67/100
|
|upkeep
|turn|18
|
|t:|1760328352
|switch|p2a: Clefable|Clefable, F|46/100
|move|p1a: Zamazenta|Crunch|p2a: Clefable
|-resisted|p2a: Clefable
|-damage|p2a: Clefable|37/100
|
|upkeep
|turn|19
|
|t:|1760328356
|move|p1a: Zamazenta|Heavy Slam|p2a: Clefable
|-supereffective|p2a: Clefable
|-damage|p2a: Clefable|0 fnt
|faint|p2a: Clefable
|
|upkeep
|
|t:|1760328360
|switch|p2a: Latios|Latios, M|100/100
|-damage|p2a: Latios|88/100|[from] Stealth Rock
|turn|20
|
|t:|1760328364
|-terastallize|p1a: Zamazenta|Steel
|move|p2a: Latios|Luster Purge|p1a: Zamazenta
|-resisted|p1a: Zamazenta
|-damage|p1a: Zamazenta|45/100
|move|p1a: Zamazenta|Crunch|p2a: Latios
|-supereffective|p2a: Latios
|-damage|p2a: Latios|16/100
|
|upkeep
|turn|21
|
|t:|1760328389
|switch|p2a: Zapdos|Zapdos|26/100
|move|p1a: Zamazenta|Crunch|p2a: Zapdos
|-damage|p2a: Zapdos|5/100
|
|upkeep
|turn|22
|
|t:|1760328393
|move|p1a: Zamazenta|Crunch|p2a: Zapdos
|-damage|p2a: Zapdos|0 fnt
|faint|p2a: Zapdos
|
|upkeep
|
|t:|1760328397
|switch|p2a: Cinderace|Cinderace, F|100/100
|turn|23
|
|t:|1760328400
|switch|p1a: Pecharunt|Pecharunt|86/100
|move|p2a: Cinderace|Pyro Ball|p1a: Pecharunt
|-damage|p1a: Pecharunt|51/100
|
|upkeep
|turn|24
|
|t:|1760328404
|move|p2a: Cinderace|Court Change|p2a: Cinderace
|-start|p2a: Cinderace|typechange|Normal|[from] ability: Libero
|-swapsideconditions
|-activate|p2a: Cinderace|move: Court Change
|move|p1a: Pecharunt|Parting Shot|p2a: Cinderace
|-unboost|p2a: Cinderace|atk|1
|-unboost|p2a: Cinderace|spa|1
|
|t:|1760328408
|switch|p1a: Zamazenta|Zamazenta, tera:Steel|45/100|[from] Parting Shot
|
|upkeep
|turn|25
|
|t:|1760328413
|switch|p2a: Slowking|Slowking-Galar, M|75/100
|move|p1a: Zamazenta|Crunch|p2a: Slowking
|-supereffective|p2a: Slowking
|-damage|p2a: Slowking|25/100
|
|upkeep
|turn|26
|
|t:|1760328417
|move|p1a: Zamazenta|Crunch|p2a: Slowking
|-supereffective|p2a: Slowking
|-damage|p2a: Slowking|0 fnt
|faint|p2a: Slowking
|
|upkeep
|
|t:|1760328422
|switch|p2a: Cinderace|Cinderace, F|100/100
|turn|27
|
|t:|1760328429
|switch|p1a: Walking Wake|Walking Wake|21/100
|move|p2a: Cinderace|Pyro Ball|p1a: Walking Wake
|-resisted|p1a: Walking Wake
|-damage|p1a: Walking Wake|7/100
|
|upkeep
|turn|28
|
|t:|1760328435
|move|p2a: Cinderace|Sucker Punch|p1a: Walking Wake
|-start|p2a: Cinderace|typechange|Dark|[from] ability: Libero
|-damage|p1a: Walking Wake|0 fnt
|faint|p1a: Walking Wake
|-end|p1a: Walking Wake|Protosynthesis|[silent]
|
|upkeep
|
|t:|1760328438
|switch|p1a: Clefable|Clefable, F|100/100
|turn|29
|
|t:|1760328441
|move|p2a: Cinderace|U-turn|p1a: Clefable
|-resisted|p1a: Clefable
|-damage|p1a: Clefable|92/100
|
|t:|1760328445
|switch|p2a: Weavile|Weavile, M|100/100|[from] U-turn
|-ability|p2a: Weavile|Pressure
|move|p1a: Clefable|Moonblast|p2a: Weavile
|-supereffective|p2a: Weavile
|-damage|p2a: Weavile|10/100
|-unboost|p2a: Weavile|spa|1
|
|-heal|p1a: Clefable|98/100|[from] item: Leftovers
|upkeep
|turn|30
|
|t:|1760328451
|move|p2a: Weavile|Knock Off|p1a: Clefable
|-resisted|p1a: Clefable
|-damage|p1a: Clefable|80/100
|-enditem|p1a: Clefable|Leftovers|[from] move: Knock Off|[of] p2a: Weavile
|move|p1a: Clefable|Moonblast|p2a: Weavile
|-supereffective|p2a: Weavile
|-damage|p2a: Weavile|0 fnt
|faint|p2a: Weavile
|
|upkeep
|
|t:|1760328456
|switch|p2a: Cinderace|Cinderace, F|100/100
|turn|31
|
|t:|1760328461
|-terastallize|p2a: Cinderace|Fire
|move|p2a: Cinderace|Pyro Ball|p1a: Clefable
|-damage|p1a: Clefable|17/100
|move|p1a: Clefable|Moonblast|p2a: Cinderace
|-resisted|p2a: Cinderace
|-damage|p2a: Cinderace|77/100
|-unboost|p2a: Cinderace|spa|1
|
|upkeep
|turn|32
|
|t:|1760328466
|move|p2a: Cinderace|Pyro Ball|p1a: Clefable
|-damage|p1a: Clefable|0 fnt
|faint|p1a: Clefable
|
|upkeep
|
|t:|1760328470
|switch|p1a: Pecharunt|Pecharunt|51/100
|turn|33
|
|t:|1760328476
|move|p2a: Cinderace|Pyro Ball|p1a: Pecharunt
|-damage|p1a: Pecharunt|6/100
|move|p1a: Pecharunt|Foul Play|p2a: Cinderace
|-damage|p2a: Cinderace|32/100
|
|upkeep
|turn|34
|
|t:|1760328481
|move|p2a: Cinderace|Pyro Ball|p1a: Pecharunt
|-damage|p1a: Pecharunt|0 fnt
|faint|p1a: Pecharunt
|
|upkeep
|
|t:|1760328483
|switch|p1a: Zamazenta|Zamazenta, tera:Steel|45/100
|turn|35
|
|t:|1760328486
|move|p2a: Cinderace|Sucker Punch|p1a: Zamazenta
|-damage|p1a: Zamazenta|26/100
|move|p1a: Zamazenta|Close Combat|p2a: Cinderace
|-crit|p2a: Cinderace
|-damage|p2a: Cinderace|0 fnt
|-unboost|p1a: Zamazenta|def|1
|-unboost|p1a: Zamazenta|spd|1
|faint|p2a: Cinderace
|
|upkeep
|
|t:|1760328491
|switch|p2a: Latios|Latios, M|16/100
|turn|36
|
|t:|1760328496
|move|p2a: Latios|Luster Purge|p1a: Zamazenta
|-resisted|p1a: Zamazenta
|-damage|p1a: Zamazenta|0 fnt
|faint|p1a: Zamazenta
|
|upkeep
|
|t:|1760328498
|switch|p1a: Skarmory|Skarmory, F|100/100
|-damage|p1a: Skarmory|88/100|[from] Stealth Rock
|turn|37
|
|t:|1760328500
|move|p2a: Latios|Luster Purge|p1a: Skarmory
|-resisted|p1a: Skarmory
|-damage|p1a: Skarmory|58/100
|-unboost|p1a: Skarmory|spd|1
|move|p1a: Skarmory|Brave Bird|p2a: Latios
|-damage|p2a: Latios|0 fnt
|faint|p2a: Latios
|-damage|p1a: Skarmory|53/100|[from] Recoil
|
|win|manu333
|raw|manu333's rating: 1563 &rarr; <strong>1584</strong><br />(+21 for winning)
|raw|sminey's rating: 1583 &rarr; <strong>1562</strong><br />(-21 for losing)
|l|☆manu333
|player|p1|
|l|☆sminey
|player|p2|
