|j|☆horses aren't real
|j|☆A Regular Plumbus
|t:|1760432214
|gametype|singles
|player|p1|horses aren't real|skullgruntf|1558
|player|p2|A Regular Plumbus|baker|1598
|gen|9
|tier|[Gen 9] OU
|rated|
|rule|HP Percentage Mod: HP is shown in percentages
|rule|Endless Battle Clause: Forcing endless battles is banned
|rule|Species Clause: Limit one of each Pokémon
|rule|OHKO Clause: OHKO moves are banned
|rule|Evasion Items Clause: Evasion items are banned
|rule|Evasion Moves Clause: Evasion moves are banned
|rule|Evasion Abilities Clause: Evasion abilities are banned
|rule|Sleep Moves Clause: Sleep-inducing moves are banned
|clearpoke
|poke|p1|Ting-Lu|
|poke|p1|Rillaboom, F|
|poke|p1|Great Tusk|
|poke|p1|Gholdengo|
|poke|p1|Darkrai|
|poke|p1|Tornadus-Therian, M|
|poke|p2|Arcanine-Hisui, F|
|poke|p2|Quaquaval, F|
|poke|p2|Hydrapple, F|
|poke|p2|Iron Treads|
|poke|p2|Golem-Alola, M|
|poke|p2|Dragonite, M|
|teampreview
|inactive|Battle timer is ON: inactive players will automatically lose when time's up. (requested by A Regular Plumbus)
|inactive|horses aren't real also wants the timer to be on.
|
|t:|1760432232
|teamsize|p1|6
|teamsize|p2|6
|start
|switch|p1a: Tornadus|Tornadus-Therian, M|100/100
|switch|p2a: Quaquaval|Quaquaval, F|100/100
|turn|1
|
|t:|1760432235
|switch|p2a: Iron Treads|Iron Treads|100/100
|move|p1a: Tornadus|Knock Off|p2a: Iron Treads
|-damage|p2a: Iron Treads|82/100
|-enditem|p2a: Iron Treads|Leftovers|[from] move: Knock Off|[of] p1a: Tornadus
|
|upkeep
|turn|2
|
|t:|1760432242
|move|p1a: Tornadus|Heat Wave|p2a: Iron Treads
|-supereffective|p2a: Iron Treads
|-damage|p2a: Iron Treads|16/100
|move|p2a: Iron Treads|Earthquake|p1a: Tornadus
|-immune|p1a: Tornadus
|
|upkeep
|turn|3
|
|t:|1760432247
|-end|p2a: Iron Treads|Quark Drive|[silent]
|switch|p2a: Arcanine|Arcanine-Hisui, F|100/100
|move|p1a: Tornadus|Bleakwind Storm|p2a: Arcanine
|-resisted|p2a: Arcanine
|-damage|p2a: Arcanine|78/100
|
|upkeep
|turn|4
|
|t:|1760432252
|switch|p1a: Great Tusk|Great Tusk|100/100
|move|p2a: Arcanine|Flare Blitz|p1a: Great Tusk
|-damage|p1a: Great Tusk|47/100
|-damage|p2a: Arcanine|61/100|[from] item: Rocky Helmet|[of] p1a: Great Tusk
|
|upkeep
|turn|5
|
|t:|1760432259
|move|p2a: Arcanine|Flare Blitz|p1a: Great Tusk
|-damage|p1a: Great Tusk|0 fnt
|-damage|p2a: Arcanine|44/100|[from] item: Rocky Helmet|[of] p1a: Great Tusk
|faint|p1a: Great Tusk
|-end|p1a: Great Tusk|Protosynthesis|[silent]
|
|upkeep
|
|t:|1760432265
|switch|p1a: Darkrai|Darkrai|100/100
|turn|6
|
|t:|1760432273
|switch|p2a: Quaquaval|Quaquaval, F|100/100
|move|p1a: Darkrai|Dark Pulse|p2a: Quaquaval
|-resisted|p2a: Quaquaval
|-damage|p2a: Quaquaval|66/100
|
|upkeep
|turn|7
|
|t:|1760432276
|move|p1a: Darkrai|Sludge Bomb|p2a: Quaquaval
|-damage|p2a: Quaquaval|19/100
|-status|p2a: Quaquaval|psn
|move|p2a: Quaquaval|Aqua Step|p1a: Darkrai
|-damage|p1a: Darkrai|26/100
|-boost|p2a: Quaquaval|spe|1
|
|-damage|p2a: Quaquaval|7/100 psn|[from] psn
|upkeep
|turn|8
|
|t:|1760432283
|switch|p1a: Gholdengo|Gholdengo|100/100
|move|p2a: Quaquaval|Aqua Step|p1a: Gholdengo
|-damage|p1a: Gholdengo|62/100
|-boost|p2a: Quaquaval|spe|1
|
|-damage|p2a: Quaquaval|0 fnt|[from] psn
|faint|p2a: Quaquaval
|upkeep
|
|t:|1760432290
|switch|p2a: Golem|Golem-Alola, M|100/100
|turn|9
|
|t:|1760432314
|move|p1a: Gholdengo|Make It Rain|p2a: Golem
|-damage|p2a: Golem|32/100
|-unboost|p1a: Gholdengo|spa|1
|move|p2a: Golem|Stealth Rock|p1a: Gholdengo
|-sidestart|p1: horses aren't real|move: Stealth Rock
|
|upkeep
|turn|10
|
|t:|1760432320
|switch|p2a: Iron Treads|Iron Treads|16/100
|move|p1a: Gholdengo|Make It Rain|p2a: Iron Treads
|-resisted|p2a: Iron Treads
|-damage|p2a: Iron Treads|0 fnt
|-unboost|p1a: Gholdengo|spa|1
|faint|p2a: Iron Treads
|-end|p2a: Iron Treads|Quark Drive|[silent]
|
|upkeep
|
|t:|1760432324
|switch|p2a: Dragonite|Dragonite, M|100/100
|turn|11
|
|t:|1760432327
|switch|p1a: Ting-Lu|Ting-Lu|100/100
|-damage|p1a: Ting-Lu|94/100|[from] Stealth Rock
|-ability|p1a: Ting-Lu|Vessel of Ruin
|move|p2a: Dragonite|Dragon Dance|p2a: Dragonite
|-boost|p2a: Dragonite|atk|1
|-boost|p2a: Dragonite|spe|1
|
|-heal|p1a: Ting-Lu|100/100|[from] item: Leftovers
|upkeep
|turn|12
|
|t:|1760432329
|move|p2a: Dragonite|Low Kick|p1a: Ting-Lu
|-supereffective|p1a: Ting-Lu
|-damage|p1a: Ting-Lu|24/100
|move|p1a: Ting-Lu|Whirlwind|p2a: Dragonite
|drag|p2a: Golem|Golem-Alola, M|32/100
|
|-heal|p1a: Ting-Lu|30/100|[from] item: Leftovers
|upkeep
|turn|13
|
|t:|1760432335
|move|p1a: Ting-Lu|Ruination|p2a: Golem
|-damage|p2a: Golem|16/100
|move|p2a: Golem|Explosion|p1a: Ting-Lu
|-damage|p1a: Ting-Lu|0 fnt
|faint|p2a: Golem
|faint|p1a: Ting-Lu
|
|upkeep
|
|t:|1760432344
|switch|p1a: Tornadus|Tornadus-Therian, M|100/100
|switch|p2a: Arcanine|Arcanine-Hisui, F|44/100
|-damage|p1a: Tornadus|76/100|[from] Stealth Rock
|turn|14
|
|t:|1760432347
|move|p2a: Arcanine|Extreme Speed|p1a: Tornadus
|-damage|p1a: Tornadus|31/100
|move|p1a: Tornadus|U-turn|p2a: Arcanine
|-resisted|p2a: Arcanine
|-damage|p2a: Arcanine|35/100
|
|t:|1760432350
|switch|p1a: Gholdengo|Gholdengo|62/100|[from] U-turn
|-damage|p1a: Gholdengo|56/100|[from] Stealth Rock
|
|upkeep
|turn|15
|
|t:|1760432353
|move|p2a: Arcanine|Extreme Speed|p1a: Gholdengo
|-immune|p1a: Gholdengo
|move|p1a: Gholdengo|Recover|p1a: Gholdengo
|-heal|p1a: Gholdengo|100/100
|
|upkeep
|turn|16
|
|t:|1760432357
|switch|p2a: Hydrapple|Hydrapple, F|100/100
|move|p1a: Gholdengo|Nasty Plot|p1a: Gholdengo
|-boost|p1a: Gholdengo|spa|2
|
|upkeep
|turn|17
|
|t:|1760432361
|move|p1a: Gholdengo|Shadow Ball|p2a: Hydrapple
|-damage|p2a: Hydrapple|33/100
|move|p2a: Hydrapple|Earth Power|p1a: Gholdengo
|-supereffective|p1a: Gholdengo
|-enditem|p1a: Gholdengo|Shuca Berry|[eat]
|-enditem|p1a: Gholdengo|Shuca Berry|[weaken]
|-damage|p1a: Gholdengo|76/100
|
|upkeep
|turn|18
|
|t:|1760432364
|move|p1a: Gholdengo|Shadow Ball|p2a: Hydrapple
|-damage|p2a: Hydrapple|0 fnt
|faint|p2a: Hydrapple
|
|upkeep
|
|t:|1760432369
|switch|p2a: Dragonite|Dragonite, M|100/100
|turn|19
|
|t:|1760432371
|move|p2a: Dragonite|Dragon Dance|p2a: Dragonite
|-boost|p2a: Dragonite|atk|1
|-boost|p2a: Dragonite|spe|1
|move|p1a: Gholdengo|Make It Rain|p2a: Dragonite
|-damage|p2a: Dragonite|54/100
|-unboost|p1a: Gholdengo|spa|1
|
|upkeep
|turn|20
|
|t:|1760432373
|move|p2a: Dragonite|Roost|p2a: Dragonite
|-heal|p2a: Dragonite|100/100
|-singleturn|p2a: Dragonite|move: Roost
|move|p1a: Gholdengo|Make It Rain|p2a: Dragonite
|-damage|p2a: Dragonite|63/100
|-unboost|p1a: Gholdengo|spa|1
|
|upkeep
|turn|21
|
|t:|1760432377
|move|p2a: Dragonite|Roost|p2a: Dragonite
|-heal|p2a: Dragonite|100/100
|-singleturn|p2a: Dragonite|move: Roost
|move|p1a: Gholdengo|Shadow Ball|p2a: Dragonite
|-damage|p2a: Dragonite|83/100
|-unboost|p2a: Dragonite|spd|1
|
|upkeep
|turn|22
|
|t:|1760432382
|-terastallize|p2a: Dragonite|Ghost
|move|p2a: Dragonite|Tera Blast|p1a: Gholdengo|[anim] Tera Blast Ghost
|-supereffective|p1a: Gholdengo
|-crit|p1a: Gholdengo
|-damage|p1a: Gholdengo|0 fnt
|faint|p1a: Gholdengo
|
|upkeep
|
|t:|1760432392
|switch|p1a: Rillaboom|Rillaboom, F|100/100
|-damage|p1a: Rillaboom|88/100|[from] Stealth Rock
|-fieldstart|move: Grassy Terrain|[from] ability: Grassy Surge|[of] p1a: Rillaboom
|turn|23
|
|t:|1760432403
|move|p2a: Dragonite|Tera Blast|p1a: Rillaboom|[anim] Tera Blast Ghost
|-damage|p1a: Rillaboom|31/100
|move|p1a: Rillaboom|Knock Off|p2a: Dragonite
|-supereffective|p2a: Dragonite
|-damage|p2a: Dragonite|0 fnt
|-enditem|p2a: Dragonite|Lum Berry|[from] move: Knock Off|[of] p1a: Rillaboom
|faint|p2a: Dragonite
|
|-heal|p1a: Rillaboom|37/100|[from] Grassy Terrain
|upkeep
|
|t:|1760432407
|switch|p2a: Arcanine|Arcanine-Hisui, F|35/100
|turn|24
|
|t:|1760432415
|move|p2a: Arcanine|Extreme Speed|p1a: Rillaboom
|-damage|p1a: Rillaboom|0 fnt
|faint|p1a: Rillaboom
|
|-heal|p2a: Arcanine|41/100|[from] Grassy Terrain
|upkeep
|
|t:|1760432419
|switch|p1a: Tornadus|Tornadus-Therian, M|64/100
|-damage|p1a: Tornadus|39/100|[from] Stealth Rock
|turn|25
|
|t:|1760432423
|-terastallize|p1a: Tornadus|Steel
|move|p2a: Arcanine|Extreme Speed|p1a: Tornadus
|-resisted|p1a: Tornadus
|-damage|p1a: Tornadus|18/100
|move|p1a: Tornadus|U-turn|p2a: Arcanine
|-resisted|p2a: Arcanine
|-damage|p2a: Arcanine|32/100
|
|t:|1760432427
|switch|p1a: Darkrai|Darkrai|26/100|[from] U-turn
|-damage|p1a: Darkrai|13/100|[from] Stealth Rock
|
|-heal|p1a: Darkrai|19/100|[from] Grassy Terrain
|-heal|p2a: Arcanine|38/100|[from] Grassy Terrain
|upkeep
|turn|26
|
|t:|1760432428
|move|p2a: Arcanine|Extreme Speed|p1a: Darkrai
|-damage|p1a: Darkrai|0 fnt
|faint|p1a: Darkrai
|
|-heal|p2a: Arcanine|44/100|[from] Grassy Terrain
|upkeep
|
|t:|1760432430
|switch|p1a: Tornadus|Tornadus-Therian, M, tera:Steel|51/100
|-damage|p1a: Tornadus|45/100|[from] Stealth Rock
|turn|27
|
|t:|1760432432
|move|p2a: Arcanine|Extreme Speed|p1a: Tornadus
|-resisted|p1a: Tornadus
|-damage|p1a: Tornadus|25/100
|move|p1a: Tornadus|Bleakwind Storm|p2a: Arcanine|[miss]
|-miss|p1a: Tornadus|p2a: Arcanine
|
|-heal|p1a: Tornadus|31/100|[from] Grassy Terrain
|-heal|p2a: Arcanine|50/100|[from] Grassy Terrain
|upkeep
|turn|28
|
|t:|1760432441
|move|p2a: Arcanine|Extreme Speed|p1a: Tornadus
|-resisted|p1a: Tornadus
|-damage|p1a: Tornadus|9/100
|move|p1a: Tornadus|Bleakwind Storm|p2a: Arcanine
|-resisted|p2a: Arcanine
|-crit|p2a: Arcanine
|-damage|p2a: Arcanine|13/100
|
|-heal|p1a: Tornadus|15/100|[from] Grassy Terrain
|-heal|p2a: Arcanine|20/100|[from] Grassy Terrain
|upkeep
|turn|29
|
|t:|1760432443
|move|p2a: Arcanine|Extreme Speed|p1a: Tornadus
|-resisted|p1a: Tornadus
|-damage|p1a: Tornadus|0 fnt
|faint|p1a: Tornadus
|
|win|A Regular Plumbus
|raw|horses aren&apos;t real's rating: 1558 &rarr; <strong>1540</strong><br />(-18 for losing)
|raw|A Regular Plumbus's rating: 1598 &rarr; <strong>1616</strong><br />(+18 for winning)
|l|☆horses aren't real
|player|p1|
