|j|☆Celestial nolonolo
|j|☆MicrowaveHeart
|t:|1760306862
|gametype|singles
|player|p1|Celestial nolonolo|ghetsis-gen5bw|1515
|player|p2|MicrowaveHeart|workerice|1545
|gen|9
|tier|[Gen 9] OU
|rated|
|rule|HP Percentage Mod: HP is shown in percentages
|rule|Endless Battle Clause: Forcing endless battles is banned
|rule|Species Clause: Limit one of each Pokémon
|rule|OHKO Clause: OHKO moves are banned
|rule|Evasion Items Clause: Evasion items are banned
|rule|Evasion Moves Clause: Evasion moves are banned
|rule|Evasion Abilities Clause: Evasion abilities are banned
|rule|Sleep Moves Clause: Sleep-inducing moves are banned
|clearpoke
|poke|p1|Pelipper, F|
|poke|p1|Basculegion, M|
|poke|p1|Iron Treads|
|poke|p1|Toxicroak, M|
|poke|p1|Zapdos|
|poke|p1|Scizor, F|
|poke|p2|Gholdengo|
|poke|p2|Incineroar, M|
|poke|p2|Ogerpon-Wellspring, F|
|poke|p2|Iron Treads|
|poke|p2|Tornadus-Therian, M|
|poke|p2|Mamoswine, F|
|teampreview
|inactive|Battle timer is ON: inactive players will automatically lose when time's up. (requested by Celestial nolonolo)
|
|t:|1760306899
|teamsize|p1|6
|teamsize|p2|6
|start
|switch|p1a: Pelipper|Pelipper, F|100/100
|switch|p2a: Tornadus|Tornadus-Therian, M|100/100
|-weather|RainDance|[from] ability: Drizzle|[of] p1a: Pelipper
|turn|1
|j| gumball froth show
|
|t:|1760306908
|switch|p1a: Zapdos|Zapdos|100/100
|move|p2a: Tornadus|Knock Off|p1a: Zapdos
|-crit|p1a: Zapdos
|-damage|p1a: Zapdos|65/100
|-enditem|p1a: Zapdos|Choice Specs|[from] move: Knock Off|[of] p2a: Tornadus
|
|-weather|RainDance|[upkeep]
|upkeep
|turn|2
|l| gumball froth show
|
|t:|1760306924
|switch|p2a: Iron Treads|Iron Treads|100/100
|move|p1a: Zapdos|Thunder|p2a: Iron Treads
|-immune|p2a: Iron Treads
|
|-weather|RainDance|[upkeep]
|upkeep
|turn|3
|
|t:|1760306930
|move|p1a: Zapdos|Weather Ball|p2a: Iron Treads
|-supereffective|p2a: Iron Treads
|-damage|p2a: Iron Treads|16/100
|move|p2a: Iron Treads|Stealth Rock|p1a: Zapdos
|-sidestart|p1: Celestial nolonolo|move: Stealth Rock
|
|-weather|RainDance|[upkeep]
|-heal|p2a: Iron Treads|22/100|[from] item: Leftovers
|upkeep
|turn|4
|
|t:|1760306940
|move|p1a: Zapdos|Hurricane|p2a: Iron Treads
|-resisted|p2a: Iron Treads
|-damage|p2a: Iron Treads|1/100
|move|p2a: Iron Treads|Knock Off|p1a: Zapdos
|-damage|p1a: Zapdos|45/100
|
|-weather|RainDance|[upkeep]
|-heal|p2a: Iron Treads|7/100|[from] item: Leftovers
|upkeep
|turn|5
|
|t:|1760306951
|move|p1a: Zapdos|Hurricane|p2a: Iron Treads
|-resisted|p2a: Iron Treads
|-damage|p2a: Iron Treads|0 fnt
|faint|p2a: Iron Treads
|-end|p2a: Iron Treads|Quark Drive|[silent]
|
|-weather|RainDance|[upkeep]
|upkeep
|
|t:|1760306955
|switch|p2a: Ogerpon|Ogerpon-Wellspring, F|100/100
|turn|6
|
|t:|1760306959
|switch|p1a: Toxicroak|Toxicroak, M|100/100
|-damage|p1a: Toxicroak|94/100|[from] Stealth Rock
|move|p2a: Ogerpon|Ivy Cudgel|p1a: Toxicroak|[anim] Ivy Cudgel Water
|-heal|p1a: Toxicroak|100/100|[from] ability: Dry Skin|[of] p2a: Ogerpon
|
|-weather|RainDance|[upkeep]
|upkeep
|turn|7
|
|t:|1760306975
|switch|p2a: Incineroar|Incineroar, M|100/100
|-ability|p2a: Incineroar|Intimidate|boost
|-unboost|p1a: Toxicroak|atk|1
|move|p1a: Toxicroak|Knock Off|p2a: Incineroar
|-resisted|p2a: Incineroar
|-damage|p2a: Incineroar|95/100
|-enditem|p2a: Incineroar|Heavy-Duty Boots|[from] move: Knock Off|[of] p1a: Toxicroak
|
|-weather|RainDance|[upkeep]
|upkeep
|turn|8
|inactive|MicrowaveHeart has 120 seconds left.
|
|t:|1760307019
|switch|p1a: Iron Treads|Iron Treads|100/100
|-damage|p1a: Iron Treads|98/100|[from] Stealth Rock
|-item|p1a: Iron Treads|Air Balloon
|move|p2a: Incineroar|Will-O-Wisp|p1a: Iron Treads
|-status|p1a: Iron Treads|brn
|
|-weather|none
|-damage|p1a: Iron Treads|92/100 brn|[from] brn
|upkeep
|turn|9
|inactive|MicrowaveHeart has 90 seconds left.
|
|t:|1760307050
|switch|p2a: Gholdengo|Gholdengo|100/100
|move|p1a: Iron Treads|Rapid Spin|p2a: Gholdengo
|-immune|p2a: Gholdengo
|
|-damage|p1a: Iron Treads|86/100 brn|[from] brn
|upkeep
|turn|10
|inactive|MicrowaveHeart has 90 seconds left.
|
|t:|1760307066
|move|p1a: Iron Treads|Stealth Rock|p2a: Gholdengo
|-sidestart|p2: MicrowaveHeart|move: Stealth Rock
|move|p2a: Gholdengo|Hex|p1a: Iron Treads
|-damage|p1a: Iron Treads|16/100 brn
|-enditem|p1a: Iron Treads|Air Balloon
|
|-damage|p1a: Iron Treads|10/100 brn|[from] brn
|upkeep
|turn|11
|inactive|MicrowaveHeart has 90 seconds left.
|inactive|MicrowaveHeart has 60 seconds left.
|
|t:|1760307125
|move|p1a: Iron Treads|Volt Switch|p2a: Gholdengo
|-damage|p2a: Gholdengo|90/100
|
|t:|1760307128
|-end|p1a: Iron Treads|Quark Drive|[silent]
|switch|p1a: Zapdos|Zapdos|45/100|[from] Volt Switch
|-damage|p1a: Zapdos|20/100|[from] Stealth Rock
|move|p2a: Gholdengo|Hex|p1a: Zapdos
|-damage|p1a: Zapdos|0 fnt
|faint|p1a: Zapdos
|
|-heal|p2a: Gholdengo|96/100|[from] item: Leftovers
|upkeep
|
|t:|1760307139
|switch|p1a: Pelipper|Pelipper, F|100/100
|-damage|p1a: Pelipper|76/100|[from] Stealth Rock
|-weather|RainDance|[from] ability: Drizzle|[of] p1a: Pelipper
|turn|12
|inactive|MicrowaveHeart has 60 seconds left.
|inactive|MicrowaveHeart has 30 seconds left.
|
|t:|1760307174
|switch|p1a: Iron Treads|Iron Treads|10/100 brn
|-damage|p1a: Iron Treads|7/100 brn|[from] Stealth Rock
|move|p2a: Gholdengo|Thunder Wave|p1a: Iron Treads
|-immune|p1a: Iron Treads
|
|-weather|RainDance|[upkeep]
|-heal|p2a: Gholdengo|100/100|[from] item: Leftovers
|-damage|p1a: Iron Treads|1/100 brn|[from] brn
|upkeep
|turn|13
|
|t:|1760307180
|move|p1a: Iron Treads|Earthquake|p2a: Gholdengo
|-supereffective|p2a: Gholdengo
|-damage|p2a: Gholdengo|75/100
|move|p2a: Gholdengo|Hex|p1a: Iron Treads
|-damage|p1a: Iron Treads|0 fnt
|faint|p1a: Iron Treads
|-end|p1a: Iron Treads|Quark Drive|[silent]
|
|-weather|RainDance|[upkeep]
|-heal|p2a: Gholdengo|81/100|[from] item: Leftovers
|upkeep
|
|t:|1760307183
|switch|p1a: Basculegion|Basculegion, M|100/100
|-damage|p1a: Basculegion|88/100|[from] Stealth Rock
|turn|14
|
|t:|1760307196
|switch|p2a: Incineroar|Incineroar, M|95/100
|-damage|p2a: Incineroar|70/100|[from] Stealth Rock
|-ability|p2a: Incineroar|Intimidate|boost
|-unboost|p1a: Basculegion|atk|1
|-terastallize|p1a: Basculegion|Ghost
|move|p1a: Basculegion|Tera Blast|p2a: Incineroar|[anim] Tera Blast Ghost
|-resisted|p2a: Incineroar
|-damage|p2a: Incineroar|54/100
|
|-weather|RainDance|[upkeep]
|upkeep
|turn|15
|
|t:|1760307209
|switch|p1a: Toxicroak|Toxicroak, M|100/100
|-damage|p1a: Toxicroak|94/100|[from] Stealth Rock
|move|p2a: Incineroar|Parting Shot|p1a: Toxicroak
|-unboost|p1a: Toxicroak|atk|1
|-unboost|p1a: Toxicroak|spa|1
|
|t:|1760307217
|switch|p2a: Tornadus|Tornadus-Therian, M|100/100|[from] Parting Shot
|-damage|p2a: Tornadus|75/100|[from] Stealth Rock
|
|-weather|RainDance|[upkeep]
|-heal|p1a: Toxicroak|100/100|[from] ability: Dry Skin
|upkeep
|turn|16
|
|t:|1760307220
|switch|p1a: Scizor|Scizor, F|100/100
|-damage|p1a: Scizor|88/100|[from] Stealth Rock
|move|p2a: Tornadus|Bleakwind Storm|p1a: Scizor
|-damage|p1a: Scizor|37/100
|-unboost|p1a: Scizor|spe|1
|
|-weather|RainDance|[upkeep]
|upkeep
|turn|17
|inactive|MicrowaveHeart has 60 seconds left.
|
|t:|1760307231
|move|p1a: Scizor|Bullet Punch|p2a: Tornadus
|-damage|p2a: Tornadus|3/100
|move|p2a: Tornadus|Bleakwind Storm|p1a: Scizor
|-damage|p1a: Scizor|0 fnt
|faint|p1a: Scizor
|
|-weather|RainDance|[upkeep]
|upkeep
|
|t:|1760307236
|switch|p1a: Basculegion|Basculegion, M, tera:Ghost|88/100
|-damage|p1a: Basculegion|76/100|[from] Stealth Rock
|turn|18
|inactive|MicrowaveHeart has 60 seconds left.
|
|t:|1760307248
|move|p1a: Basculegion|Flip Turn|p2a: Tornadus
|-damage|p2a: Tornadus|0 fnt
|faint|p2a: Tornadus
|
|t:|1760307251
|switch|p1a: Toxicroak|Toxicroak, M|100/100|[from] Flip Turn
|-damage|p1a: Toxicroak|94/100|[from] Stealth Rock
|
|-weather|RainDance|[upkeep]
|-heal|p1a: Toxicroak|100/100|[from] ability: Dry Skin
|upkeep
|inactive|MicrowaveHeart has 60 seconds left.
|
|t:|1760307271
|switch|p2a: Gholdengo|Gholdengo|81/100
|-damage|p2a: Gholdengo|75/100|[from] Stealth Rock
|turn|19
|
|t:|1760307277
|move|p1a: Toxicroak|Knock Off|p2a: Gholdengo
|-supereffective|p2a: Gholdengo
|-damage|p2a: Gholdengo|43/100
|-enditem|p2a: Gholdengo|Leftovers|[from] move: Knock Off|[of] p1a: Toxicroak
|move|p2a: Gholdengo|Thunder Wave|p1a: Toxicroak
|-status|p1a: Toxicroak|par
|
|-weather|none
|upkeep
|turn|20
|
|t:|1760307283
|switch|p1a: Pelipper|Pelipper, F|76/100
|-damage|p1a: Pelipper|51/100|[from] Stealth Rock
|-weather|RainDance|[from] ability: Drizzle|[of] p1a: Pelipper
|move|p2a: Gholdengo|Recover|p2a: Gholdengo
|-heal|p2a: Gholdengo|93/100
|
|-weather|RainDance|[upkeep]
|upkeep
|turn|21
|
|t:|1760307300
|move|p2a: Gholdengo|Thunder Wave|p1a: Pelipper
|-status|p1a: Pelipper|par
|move|p1a: Pelipper|Roost|p1a: Pelipper
|-heal|p1a: Pelipper|100/100 par
|-singleturn|p1a: Pelipper|move: Roost
|
|-weather|RainDance|[upkeep]
|upkeep
|turn|22
|
|t:|1760307313
|move|p2a: Gholdengo|Hex|p1a: Pelipper
|-damage|p1a: Pelipper|15/100 par
|move|p1a: Pelipper|U-turn|p2a: Gholdengo
|-resisted|p2a: Gholdengo
|-damage|p2a: Gholdengo|92/100
|
|t:|1760307318
|switch|p1a: Basculegion|Basculegion, M, tera:Ghost|76/100|[from] U-turn
|-damage|p1a: Basculegion|63/100|[from] Stealth Rock
|
|-weather|RainDance|[upkeep]
|upkeep
|turn|23
|
|t:|1760307330
|-terastallize|p2a: Gholdengo|Fairy
|move|p1a: Basculegion|Flip Turn|p2a: Gholdengo
|-damage|p2a: Gholdengo|46/100
|
|t:|1760307332
|switch|p1a: Pelipper|Pelipper, F|15/100 par|[from] Flip Turn
|-damage|p1a: Pelipper|0 fnt|[from] Stealth Rock
|faint|p1a: Pelipper
|move|p2a: Gholdengo|Thunder Wave|p1: Pelipper|[notarget]
|-fail|p2a: Gholdengo
|
|-weather|RainDance|[upkeep]
|upkeep
|
|t:|1760307341
|switch|p1a: Basculegion|Basculegion, M, tera:Ghost|63/100
|-damage|p1a: Basculegion|51/100|[from] Stealth Rock
|turn|24
|inactive|MicrowaveHeart has 90 seconds left.
|
|t:|1760307356
|switch|p2a: Incineroar|Incineroar, M|54/100
|-damage|p2a: Incineroar|29/100|[from] Stealth Rock
|-ability|p2a: Incineroar|Intimidate|boost
|-unboost|p1a: Basculegion|atk|1
|move|p1a: Basculegion|Tera Blast|p2a: Incineroar|[anim] Tera Blast Ghost
|-resisted|p2a: Incineroar
|-damage|p2a: Incineroar|13/100
|
|-weather|RainDance|[upkeep]
|upkeep
|turn|25
|
|t:|1760307369
|switch|p2a: Mamoswine|Mamoswine, F, shiny|100/100
|-damage|p2a: Mamoswine|88/100|[from] Stealth Rock
|move|p1a: Basculegion|Tera Blast|p2a: Mamoswine|[anim] Tera Blast Ghost
|-damage|p2a: Mamoswine|38/100
|
|-weather|RainDance|[upkeep]
|upkeep
|turn|26
|
|t:|1760307376
|switch|p2a: Incineroar|Incineroar, M|13/100
|-damage|p2a: Incineroar|0 fnt|[from] Stealth Rock
|faint|p2a: Incineroar
|move|p1a: Basculegion|Tera Blast|p2: Incineroar|[notarget]
|-fail|p1a: Basculegion
|
|-weather|RainDance|[upkeep]
|upkeep
|
|t:|1760307390
|switch|p2a: Gholdengo|Gholdengo, tera:Fairy|46/100
|-damage|p2a: Gholdengo|34/100|[from] Stealth Rock
|turn|27
|
|t:|1760307393
|move|p1a: Basculegion|Tera Blast|p2a: Gholdengo|[anim] Tera Blast Ghost
|-damage|p2a: Gholdengo|0 fnt
|faint|p2a: Gholdengo
|
|-weather|none
|upkeep
|inactive|MicrowaveHeart has 90 seconds left.
|
|t:|1760307403
|switch|p2a: Ogerpon|Ogerpon-Wellspring, F|100/100
|-damage|p2a: Ogerpon|88/100|[from] Stealth Rock
|turn|28
|inactive|Celestial nolonolo has 120 seconds left.
|inactive|Celestial nolonolo has 90 seconds left.
|
|t:|1760307464
|switch|p1a: Toxicroak|Toxicroak, M|100/100 par
|-damage|p1a: Toxicroak|94/100 par|[from] Stealth Rock
|move|p2a: Ogerpon|Swords Dance|p2a: Ogerpon
|-boost|p2a: Ogerpon|atk|2
|
|upkeep
|turn|29
|inactive|MicrowaveHeart has 90 seconds left.
|inactive|Celestial nolonolo has 90 seconds left.
|
|t:|1760307489
|move|p2a: Ogerpon|Horn Leech|p1a: Toxicroak
|-resisted|p1a: Toxicroak
|-damage|p1a: Toxicroak|53/100 par
|-heal|p2a: Ogerpon|100/100|[from] drain|[of] p1a: Toxicroak
|-damage|p2a: Ogerpon|84/100|[from] item: Rocky Helmet|[of] p1a: Toxicroak
|move|p1a: Toxicroak|Drain Punch|p2a: Ogerpon
|-damage|p2a: Ogerpon|49/100
|-heal|p1a: Toxicroak|67/100 par|[from] drain|[of] p2a: Ogerpon
|
|upkeep
|turn|30
|inactive|MicrowaveHeart has 90 seconds left.
|inactive|Celestial nolonolo has 90 seconds left.
|
|t:|1760307511
|move|p2a: Ogerpon|Horn Leech|p1a: Toxicroak
|-resisted|p1a: Toxicroak
|-damage|p1a: Toxicroak|27/100 par
|-heal|p2a: Ogerpon|73/100|[from] drain|[of] p1a: Toxicroak
|-damage|p2a: Ogerpon|57/100|[from] item: Rocky Helmet|[of] p1a: Toxicroak
|cant|p1a: Toxicroak|par
|
|upkeep
|turn|31
|inactive|MicrowaveHeart has 90 seconds left.
|
|t:|1760307519
|move|p2a: Ogerpon|Horn Leech|p1a: Toxicroak
|-resisted|p1a: Toxicroak
|-damage|p1a: Toxicroak|0 fnt
|-heal|p2a: Ogerpon|73/100|[from] drain|[of] p1a: Toxicroak
|-damage|p2a: Ogerpon|57/100|[from] item: Rocky Helmet|[of] p1a: Toxicroak
|faint|p1a: Toxicroak
|
|upkeep
|
|t:|1760307520
|switch|p1a: Basculegion|Basculegion, M, tera:Ghost|51/100
|-damage|p1a: Basculegion|39/100|[from] Stealth Rock
|turn|32
|
|t:|1760307523
|move|p2a: Ogerpon|Ivy Cudgel|p1a: Basculegion|[anim] Ivy Cudgel Water
|-damage|p1a: Basculegion|0 fnt
|faint|p1a: Basculegion
|
|win|MicrowaveHeart
|raw|Celestial nolonolo's rating: 1515 &rarr; <strong>1497</strong><br />(-18 for losing)
|raw|MicrowaveHeart's rating: 1545 &rarr; <strong>1563</strong><br />(+18 for winning)
|l|☆Celestial nolonolo
|player|p1|
|l|☆MicrowaveHeart
|player|p2|
