|j|☆ju2508
|j|☆Dollardasenee
|t:|1760433090
|gametype|singles
|player|p1|ju2508|102|1157
|player|p2|Dollardasenee|cyrus|1112
|gen|9
|tier|[Gen 9] OU
|rated|
|rule|HP Percentage Mod: HP is shown in percentages
|rule|Endless Battle Clause: Forcing endless battles is banned
|rule|Species Clause: Limit one of each Pokémon
|rule|OHKO Clause: OHKO moves are banned
|rule|Evasion Items Clause: Evasion items are banned
|rule|Evasion Moves Clause: Evasion moves are banned
|rule|Evasion Abilities Clause: Evasion abilities are banned
|rule|Sleep Moves Clause: Sleep-inducing moves are banned
|clearpoke
|poke|p1|Trevenant, F|
|poke|p1|Rhyperior, M|
|poke|p1|Infernape, F|
|poke|p1|Honchkrow, M|
|poke|p1|Wigglytuff, M|
|poke|p1|Magnezone|
|poke|p2|Maushold-Four|
|poke|p2|Ninetales-Alola, F|
|poke|p2|Ceruledge, F|
|poke|p2|Gliscor, M|
|poke|p2|Darkrai|
|poke|p2|Garganacl, F|
|teampreview
|inactive|Battle timer is ON: inactive players will automatically lose when time's up. (requested by ju2508)
|
|t:|1760433098
|teamsize|p1|6
|teamsize|p2|6
|start
|switch|p1a: Magnezone|Magnezone|100/100
|switch|p2a: Ninetales|Ninetales-Alola, F|100/100
|-weather|Snowscape|[from] ability: Snow Warning|[of] p2a: Ninetales
|turn|1
|
|t:|1760433106
|move|p2a: Ninetales|Aurora Veil|p2a: Ninetales
|-sidestart|p2: Dollardasenee|move: Aurora Veil
|move|p1a: Magnezone|Flash Cannon|p2a: Ninetales
|-supereffective|p2a: Ninetales
|-damage|p2a: Ninetales|0 fnt
|faint|p2a: Ninetales
|
|-weather|Snowscape|[upkeep]
|upkeep
|
|t:|1760433111
|switch|p2a: Maushold|Maushold-Four|100/100
|turn|2
|
|t:|1760433116
|move|p2a: Maushold|Tidy Up|p2a: Maushold
|-boost|p2a: Maushold|atk|1
|-boost|p2a: Maushold|spe|1
|move|p1a: Magnezone|Flash Cannon|p2a: Maushold
|-damage|p2a: Maushold|36/100
|
|-weather|Snowscape|[upkeep]
|upkeep
|turn|3
|
|t:|1760433125
|-terastallize|p2a: Maushold|Normal
|move|p2a: Maushold|Population Bomb|p1a: Magnezone
|-resisted|p1a: Magnezone
|-damage|p1a: Magnezone|91/100
|-resisted|p1a: Magnezone
|-damage|p1a: Magnezone|81/100
|-resisted|p1a: Magnezone
|-damage|p1a: Magnezone|71/100
|-resisted|p1a: Magnezone
|-damage|p1a: Magnezone|62/100
|-resisted|p1a: Magnezone
|-damage|p1a: Magnezone|52/100
|-resisted|p1a: Magnezone
|-damage|p1a: Magnezone|41/100
|-resisted|p1a: Magnezone
|-damage|p1a: Magnezone|32/100
|-resisted|p1a: Magnezone
|-damage|p1a: Magnezone|22/100
|-resisted|p1a: Magnezone
|-damage|p1a: Magnezone|12/100
|-resisted|p1a: Magnezone
|-damage|p1a: Magnezone|2/100
|-hitcount|p1a: Magnezone|10
|move|p1a: Magnezone|Flash Cannon|p2a: Maushold
|-damage|p2a: Maushold|0 fnt
|faint|p2a: Maushold
|
|-weather|Snowscape|[upkeep]
|upkeep
|
|t:|1760433148
|switch|p2a: Ceruledge|Ceruledge, F|100/100
|turn|4
|
|t:|1760433154
|move|p2a: Ceruledge|Bitter Blade|p1a: Magnezone
|-supereffective|p1a: Magnezone
|-damage|p1a: Magnezone|0 fnt
|faint|p1a: Magnezone
|
|-weather|Snowscape|[upkeep]
|upkeep
|
|t:|1760433162
|switch|p1a: Rhyperior|Rhyperior, M|100/100
|turn|5
|
|t:|1760433169
|move|p2a: Ceruledge|Swords Dance|p2a: Ceruledge
|-boost|p2a: Ceruledge|atk|2
|move|p1a: Rhyperior|Stone Edge|p2a: Ceruledge
|-supereffective|p2a: Ceruledge
|-enditem|p2a: Ceruledge|Focus Sash
|-damage|p2a: Ceruledge|1/100
|-ability|p2a: Ceruledge|Weak Armor|boost
|-unboost|p2a: Ceruledge|def|1
|-boost|p2a: Ceruledge|spe|2
|
|-weather|none
|upkeep
|turn|6
|
|t:|1760433180
|move|p2a: Ceruledge|Close Combat|p1a: Rhyperior
|-supereffective|p1a: Rhyperior
|-damage|p1a: Rhyperior|23/100
|-unboost|p2a: Ceruledge|def|1
|-unboost|p2a: Ceruledge|spd|1
|move|p1a: Rhyperior|Stone Edge|p2a: Ceruledge
|-supereffective|p2a: Ceruledge
|-damage|p2a: Ceruledge|0 fnt
|faint|p2a: Ceruledge
|
|upkeep
|
|t:|1760433185
|switch|p2a: Darkrai|Darkrai|100/100
|turn|7
|
|t:|1760433194
|switch|p1a: Wigglytuff|Wigglytuff, M|100/100
|move|p2a: Darkrai|Dark Pulse|p1a: Wigglytuff
|-resisted|p1a: Wigglytuff
|-damage|p1a: Wigglytuff|75/100
|
|-heal|p1a: Wigglytuff|81/100|[from] item: Leftovers
|upkeep
|turn|8
|
|t:|1760433204
|move|p2a: Darkrai|Dark Pulse|p1a: Wigglytuff
|-resisted|p1a: Wigglytuff
|-damage|p1a: Wigglytuff|59/100
|move|p1a: Wigglytuff|Wish|p1a: Wigglytuff
|
|-heal|p1a: Wigglytuff|65/100|[from] item: Leftovers
|-sideend|p2: Dollardasenee|move: Aurora Veil
|upkeep
|turn|9
|
|t:|1760433213
|move|p2a: Darkrai|Dark Pulse|p1a: Wigglytuff
|-resisted|p1a: Wigglytuff
|-damage|p1a: Wigglytuff|42/100
|move|p1a: Wigglytuff|Alluring Voice|p2a: Darkrai
|-supereffective|p2a: Darkrai
|-damage|p2a: Darkrai|31/100
|
|-heal|p1a: Wigglytuff|92/100|[from] move: Wish|[wisher] Wigglytuff
|-heal|p1a: Wigglytuff|98/100|[from] item: Leftovers
|upkeep
|turn|10
|-message|Dollardasenee forfeited.
|
|win|ju2508
|raw|ju2508's rating: 1157 &rarr; <strong>1179</strong><br />(+22 for winning)
|raw|Dollardasenee's rating: 1112 &rarr; <strong>1090</strong><br />(-22 for losing)
|l|☆Dollardasenee
|player|p2|
|l|☆ju2508
|player|p1|
