|badge|p1|bronze|gen9ou|100-7
|uhtml|medal-msg|<div class="broadcast-blue">Curious what those medals under the avatar are? PS now has Ladder Seasons! For more information, check out the <a href="https://www.smogon.com/forums/threads/3740067/">thread on Smogon.</a></div>
|badge|p2|bronze|gen9ou|100-7
|uhtml|medal-msg|<div class="broadcast-blue">Curious what those medals under the avatar are? PS now has Ladder Seasons! For more information, check out the <a href="https://www.smogon.com/forums/threads/3740067/">thread on Smogon.</a></div>
|j|☆Trainer #39
|j|☆Johnny tots
|t:|1760366986
|gametype|singles
|player|p1|Trainer #39|bugsy|1959
|player|p2|Johnny tots|101|1864
|gen|9
|tier|[Gen 9] OU
|rated|
|rule|HP Percentage Mod: HP is shown in percentages
|rule|Endless Battle Clause: Forcing endless battles is banned
|rule|Species Clause: Limit one of each Pokémon
|rule|OHKO Clause: OHKO moves are banned
|rule|Evasion Items Clause: Evasion items are banned
|rule|Evasion Moves Clause: Evasion moves are banned
|rule|Evasion Abilities Clause: Evasion abilities are banned
|rule|Sleep Moves Clause: Sleep-inducing moves are banned
|clearpoke
|poke|p1|Blissey, F|
|poke|p1|Corviknight, M|
|poke|p1|Dondozo, M|
|poke|p1|Gliscor, M|
|poke|p1|Clefable, M|
|poke|p1|Slowking-Galar, M|
|poke|p2|Klefki, F|
|poke|p2|Manaphy|
|poke|p2|Kyurem|
|poke|p2|Cinderace, F|
|poke|p2|Iron Valiant|
|poke|p2|Clefable, M|
|teampreview
|
|t:|1760366995
|teamsize|p1|6
|teamsize|p2|6
|start
|switch|p1a: 🇮🇱=stop genocide|Gliscor, M|100/100
|switch|p2a: Kyurem|Kyurem|100/100
|-ability|p2a: Kyurem|Pressure
|turn|1
|
|t:|1760366998
|move|p1a: 🇮🇱=stop genocide|Protect|p1a: 🇮🇱=stop genocide
|-singleturn|p1a: 🇮🇱=stop genocide|Protect
|move|p2a: Kyurem|Dragon Dance|p2a: Kyurem
|-boost|p2a: Kyurem|atk|1
|-boost|p2a: Kyurem|spe|1
|
|-status|p1a: 🇮🇱=stop genocide|tox|[from] item: Toxic Orb
|upkeep
|turn|2
|
|t:|1760367001
|switch|p1a: 808 and curses|Dondozo, M|100/100
|move|p2a: Kyurem|Icicle Spear|p1a: 808 and curses
|-resisted|p1a: 808 and curses
|-crit|p1a: 808 and curses
|-damage|p1a: 808 and curses|96/100
|-resisted|p1a: 808 and curses
|-damage|p1a: 808 and curses|93/100
|-resisted|p1a: 808 and curses
|-damage|p1a: 808 and curses|90/100
|-resisted|p1a: 808 and curses
|-damage|p1a: 808 and curses|87/100
|-hitcount|p1a: 808 and curses|4
|
|-heal|p1a: 808 and curses|93/100|[from] item: Leftovers
|upkeep
|turn|3
|
|t:|1760367007
|move|p2a: Kyurem|Scale Shot|p1a: 808 and curses
|-damage|p1a: 808 and curses|87/100
|-damage|p1a: 808 and curses|80/100
|-damage|p1a: 808 and curses|74/100
|-damage|p1a: 808 and curses|68/100
|-hitcount|p1a: 808 and curses|4
|-unboost|p2a: Kyurem|def|1
|-boost|p2a: Kyurem|spe|1
|move|p1a: 808 and curses|Curse|p1a: 808 and curses
|-unboost|p1a: 808 and curses|spe|1
|-boost|p1a: 808 and curses|atk|1
|-boost|p1a: 808 and curses|def|1
|
|-heal|p1a: 808 and curses|74/100|[from] item: Leftovers
|upkeep
|turn|4
|
|t:|1760367011
|switch|p2a: Klefki|Klefki, F|100/100
|move|p1a: 808 and curses|Waterfall|p2a: Klefki
|-damage|p2a: Klefki|64/100
|
|-heal|p1a: 808 and curses|80/100|[from] item: Leftovers
|upkeep
|turn|5
|
|t:|1760367017
|switch|p2a: Kyurem|Kyurem|100/100
|-ability|p2a: Kyurem|Pressure
|move|p1a: 808 and curses|Waterfall|p2a: Kyurem
|-resisted|p2a: Kyurem
|-damage|p2a: Kyurem|81/100
|
|-heal|p1a: 808 and curses|86/100|[from] item: Leftovers
|upkeep
|turn|6
|
|t:|1760367021
|switch|p2a: Manaphy|Manaphy|100/100
|move|p1a: 808 and curses|Waterfall|p2a: Manaphy
|-resisted|p2a: Manaphy
|-damage|p2a: Manaphy|82/100
|
|-heal|p2a: Manaphy|88/100|[from] item: Leftovers
|-heal|p1a: 808 and curses|92/100|[from] item: Leftovers
|upkeep
|turn|7
|
|t:|1760367024
|switch|p1a: Charli xcx|Clefable, M|100/100
|move|p2a: Manaphy|Scald|p1a: Charli xcx
|-damage|p1a: Charli xcx|74/100
|
|-heal|p2a: Manaphy|94/100|[from] item: Leftovers
|upkeep
|turn|8
|j| bloodhound q50
|
|t:|1760367040
|switch|p2a: Cinderace|Cinderace, F|100/100
|move|p1a: Charli xcx|Knock Off|p2a: Cinderace
|-damage|p2a: Cinderace|77/100
|-enditem|p2a: Cinderace|Heavy-Duty Boots|[from] move: Knock Off|[of] p1a: Charli xcx
|
|upkeep
|turn|9
|
|t:|1760367043
|switch|p1a: 🇮🇱=stop genocide|Gliscor, M|100/100 tox
|move|p2a: Cinderace|Pyro Ball|p1a: 🇮🇱=stop genocide
|-crit|p1a: 🇮🇱=stop genocide
|-damage|p1a: 🇮🇱=stop genocide|44/100 tox
|
|-heal|p1a: 🇮🇱=stop genocide|56/100 tox|[from] ability: Poison Heal
|upkeep
|turn|10
|
|t:|1760367046
|move|p2a: Cinderace|Pyro Ball|p1a: 🇮🇱=stop genocide|[miss]
|-miss|p2a: Cinderace|p1a: 🇮🇱=stop genocide
|move|p1a: 🇮🇱=stop genocide|Earthquake|p2a: Cinderace
|-supereffective|p2a: Cinderace
|-damage|p2a: Cinderace|0 fnt
|faint|p2a: Cinderace
|
|-heal|p1a: 🇮🇱=stop genocide|69/100 tox|[from] ability: Poison Heal
|upkeep
|
|t:|1760367049
|switch|p2a: Kyurem|Kyurem|81/100
|-ability|p2a: Kyurem|Pressure
|turn|11
|
|t:|1760367054
|-terastallize|p2a: Kyurem|Electric
|move|p1a: 🇮🇱=stop genocide|Protect|p1a: 🇮🇱=stop genocide
|-singleturn|p1a: 🇮🇱=stop genocide|Protect
|move|p2a: Kyurem|Tera Blast|p1a: 🇮🇱=stop genocide|[anim] Tera Blast Electric
|-activate|p1a: 🇮🇱=stop genocide|move: Protect
|
|-heal|p1a: 🇮🇱=stop genocide|81/100 tox|[from] ability: Poison Heal
|upkeep
|turn|12
|
|t:|1760367061
|switch|p1a: 808 and curses|Dondozo, M|92/100
|move|p2a: Kyurem|Tera Blast|p1a: 808 and curses|[anim] Tera Blast Electric
|-supereffective|p1a: 808 and curses
|-damage|p1a: 808 and curses|49/100
|
|-heal|p1a: 808 and curses|55/100|[from] item: Leftovers
|upkeep
|turn|13
|
|t:|1760367063
|move|p2a: Kyurem|Tera Blast|p1a: 808 and curses|[anim] Tera Blast Electric
|-supereffective|p1a: 808 and curses
|-damage|p1a: 808 and curses|18/100
|move|p1a: 808 and curses|Curse|p1a: 808 and curses
|-unboost|p1a: 808 and curses|spe|1
|-boost|p1a: 808 and curses|atk|1
|-boost|p1a: 808 and curses|def|1
|
|-heal|p1a: 808 and curses|24/100|[from] item: Leftovers
|upkeep
|turn|14
|
|t:|1760367066
|switch|p1a: 🇮🇱=stop genocide|Gliscor, M|81/100 tox
|move|p2a: Kyurem|Tera Blast|p1a: 🇮🇱=stop genocide|[anim] Tera Blast Electric
|-immune|p1a: 🇮🇱=stop genocide
|
|-heal|p1a: 🇮🇱=stop genocide|93/100 tox|[from] ability: Poison Heal
|upkeep
|turn|15
|
|t:|1760367068
|-terastallize|p1a: 🇮🇱=stop genocide|Water
|move|p2a: Kyurem|Icicle Spear|p1a: 🇮🇱=stop genocide
|-resisted|p1a: 🇮🇱=stop genocide
|-damage|p1a: 🇮🇱=stop genocide|89/100 tox
|-resisted|p1a: 🇮🇱=stop genocide
|-damage|p1a: 🇮🇱=stop genocide|84/100 tox
|-resisted|p1a: 🇮🇱=stop genocide
|-crit|p1a: 🇮🇱=stop genocide
|-damage|p1a: 🇮🇱=stop genocide|78/100 tox
|-resisted|p1a: 🇮🇱=stop genocide
|-damage|p1a: 🇮🇱=stop genocide|73/100 tox
|-hitcount|p1a: 🇮🇱=stop genocide|4
|move|p1a: 🇮🇱=stop genocide|Toxic|p2a: Kyurem
|-status|p2a: Kyurem|tox
|
|-damage|p2a: Kyurem|75/100 tox|[from] psn
|-heal|p1a: 🇮🇱=stop genocide|85/100 tox|[from] ability: Poison Heal
|upkeep
|turn|16
|
|t:|1760367075
|move|p2a: Kyurem|Dragon Dance|p2a: Kyurem
|-boost|p2a: Kyurem|atk|1
|-boost|p2a: Kyurem|spe|1
|move|p1a: 🇮🇱=stop genocide|Earthquake|p2a: Kyurem
|-supereffective|p2a: Kyurem
|-damage|p2a: Kyurem|20/100 tox
|
|-damage|p2a: Kyurem|8/100 tox|[from] psn
|-heal|p1a: 🇮🇱=stop genocide|98/100 tox|[from] ability: Poison Heal
|upkeep
|turn|17
|
|t:|1760367082
|switch|p2a: Clefable|Clefable, M|100/100
|move|p1a: 🇮🇱=stop genocide|Protect||[still]
|-fail|p1a: 🇮🇱=stop genocide
|
|-heal|p1a: 🇮🇱=stop genocide|100/100 tox|[from] ability: Poison Heal
|upkeep
|turn|18
|c| bloodhound q50|aint no way
|
|t:|1760367085
|switch|p1a: LeJ/ovni/la lettre|Slowking-Galar, M|100/100
|move|p2a: Clefable|Calm Mind|p2a: Clefable
|-boost|p2a: Clefable|spa|1
|-boost|p2a: Clefable|spd|1
|
|upkeep
|turn|19
|
|t:|1760367087
|switch|p2a: Kyurem|Kyurem, tera:Electric|8/100 tox
|-ability|p2a: Kyurem|Pressure
|move|p1a: LeJ/ovni/la lettre|Trick|p2a: Kyurem
|-activate|p1a: LeJ/ovni/la lettre|move: Trick|[of] p2a: Kyurem
|-item|p2a: Kyurem|Choice Scarf|[from] move: Trick
|-item|p1a: LeJ/ovni/la lettre|Loaded Dice|[from] move: Trick
|
|-damage|p2a: Kyurem|2/100 tox|[from] psn
|upkeep
|turn|20
|
|t:|1760367093
|move|p2a: Kyurem|Icicle Spear|p1a: LeJ/ovni/la lettre
|-damage|p1a: LeJ/ovni/la lettre|82/100
|-damage|p1a: LeJ/ovni/la lettre|63/100
|-damage|p1a: LeJ/ovni/la lettre|47/100
|-damage|p1a: LeJ/ovni/la lettre|31/100
|-damage|p1a: LeJ/ovni/la lettre|14/100
|-hitcount|p1a: LeJ/ovni/la lettre|5
|move|p1a: LeJ/ovni/la lettre|Future Sight|p2a: Kyurem
|-start|p1a: LeJ/ovni/la lettre|move: Future Sight
|
|-damage|p2a: Kyurem|0 fnt|[from] psn
|faint|p2a: Kyurem
|upkeep
|j| skip the drip
|
|t:|1760367116
|switch|p2a: Manaphy|Manaphy|94/100
|turn|21
|
|t:|1760367119
|switch|p1a: brat|Blissey, F|100/100
|move|p2a: Manaphy|Take Heart|p2a: Manaphy
|-boost|p2a: Manaphy|spa|1
|-boost|p2a: Manaphy|spd|1
|
|-heal|p2a: Manaphy|100/100|[from] item: Leftovers
|upkeep
|turn|22
|
|t:|1760367122
|move|p2a: Manaphy|Take Heart|p2a: Manaphy
|-boost|p2a: Manaphy|spa|1
|-boost|p2a: Manaphy|spd|1
|move|p1a: brat|Stealth Rock|p2a: Manaphy
|-sidestart|p2: Johnny tots|move: Stealth Rock
|
|-end|p2a: Manaphy|move: Future Sight
|-damage|p2a: Manaphy|79/100
|-heal|p2a: Manaphy|85/100|[from] item: Leftovers
|upkeep
|turn|23
|
|t:|1760367124
|switch|p1a: Charli xcx|Clefable, M|74/100
|move|p2a: Manaphy|Take Heart|p2a: Manaphy
|-boost|p2a: Manaphy|spa|1
|-boost|p2a: Manaphy|spd|1
|
|-heal|p2a: Manaphy|92/100|[from] item: Leftovers
|upkeep
|turn|24
|
|t:|1760367126
|move|p2a: Manaphy|Scald|p1a: Charli xcx
|-damage|p1a: Charli xcx|47/100
|move|p1a: Charli xcx|Wish|p1a: Charli xcx
|
|-heal|p2a: Manaphy|98/100|[from] item: Leftovers
|upkeep
|turn|25
|l| skip the drip
|
|t:|1760367132
|move|p2a: Manaphy|Scald|p1a: Charli xcx
|-damage|p1a: Charli xcx|22/100
|move|p1a: Charli xcx|Knock Off|p2a: Manaphy
|-damage|p2a: Manaphy|83/100
|-enditem|p2a: Manaphy|Leftovers|[from] move: Knock Off|[of] p1a: Charli xcx
|
|-heal|p1a: Charli xcx|72/100|[from] move: Wish|[wisher] Charli xcx
|upkeep
|turn|26
|
|t:|1760367137
|move|p2a: Manaphy|Scald|p1a: Charli xcx
|-damage|p1a: Charli xcx|47/100
|move|p1a: Charli xcx|Wish|p1a: Charli xcx
|
|upkeep
|turn|27
|j| deadbyflinch
|
|t:|1760367141
|move|p2a: Manaphy|Scald|p1a: Charli xcx
|-damage|p1a: Charli xcx|22/100
|-status|p1a: Charli xcx|brn
|move|p1a: Charli xcx|Moonblast|p2a: Manaphy
|-damage|p2a: Manaphy|53/100
|
|-heal|p1a: Charli xcx|72/100 brn|[from] move: Wish|[wisher] Charli xcx
|-damage|p1a: Charli xcx|65/100 brn|[from] brn
|upkeep
|turn|28
|
|t:|1760367145
|move|p2a: Manaphy|Stored Power|p1a: Charli xcx
|-damage|p1a: Charli xcx|34/100 brn
|move|p1a: Charli xcx|Wish|p1a: Charli xcx
|
|-damage|p1a: Charli xcx|28/100 brn|[from] brn
|upkeep
|turn|29
|
|t:|1760367150
|move|p1a: Charli xcx|Protect|p1a: Charli xcx
|-singleturn|p1a: Charli xcx|Protect
|move|p2a: Manaphy|Take Heart|p2a: Manaphy
|-boost|p2a: Manaphy|spa|1
|-boost|p2a: Manaphy|spd|1
|
|-heal|p1a: Charli xcx|78/100 brn|[from] move: Wish|[wisher] Charli xcx
|-damage|p1a: Charli xcx|72/100 brn|[from] brn
|upkeep
|turn|30
|
|t:|1760367152
|move|p2a: Manaphy|Stored Power|p1a: Charli xcx
|-damage|p1a: Charli xcx|37/100 brn
|move|p1a: Charli xcx|Wish|p1a: Charli xcx
|
|-damage|p1a: Charli xcx|30/100 brn|[from] brn
|upkeep
|turn|31
|
|t:|1760367156
|move|p1a: Charli xcx|Protect|p1a: Charli xcx
|-singleturn|p1a: Charli xcx|Protect
|move|p2a: Manaphy|Scald|p1a: Charli xcx
|-activate|p1a: Charli xcx|move: Protect
|
|-heal|p1a: Charli xcx|80/100 brn|[from] move: Wish|[wisher] Charli xcx
|-damage|p1a: Charli xcx|74/100 brn|[from] brn
|upkeep
|turn|32
|j| FaronAan
|
|t:|1760367158
|move|p2a: Manaphy|Stored Power|p1a: Charli xcx
|-damage|p1a: Charli xcx|37/100 brn
|move|p1a: Charli xcx|Moonblast|p2a: Manaphy
|-damage|p2a: Manaphy|26/100
|-unboost|p2a: Manaphy|spa|1
|
|-damage|p1a: Charli xcx|30/100 brn|[from] brn
|upkeep
|turn|33
|j| jejejeiejejsi
|
|t:|1760367169
|move|p2a: Manaphy|Scald|p1a: Charli xcx
|-damage|p1a: Charli xcx|2/100 brn
|move|p1a: Charli xcx|Moonblast|p2a: Manaphy
|-damage|p2a: Manaphy|0 fnt
|faint|p2a: Manaphy
|
|-damage|p1a: Charli xcx|0 fnt|[from] brn
|faint|p1a: Charli xcx
|upkeep
|
|t:|1760367181
|switch|p2a: Klefki|Klefki, F|64/100
|switch|p1a: 🇮🇱=stop genocide|Gliscor, M, tera:Water|100/100 tox
|-damage|p2a: Klefki|58/100|[from] Stealth Rock
|turn|34
|
|t:|1760367185
|move|p2a: Klefki|Reflect|p2a: Klefki
|-sidestart|p2: Johnny tots|Reflect
|move|p1a: 🇮🇱=stop genocide|Earthquake|p2a: Klefki
|-supereffective|p2a: Klefki
|-crit|p2a: Klefki
|-damage|p2a: Klefki|0 fnt
|faint|p2a: Klefki
|
|upkeep
|
|t:|1760367187
|switch|p2a: Clefable|Clefable, M|100/100
|turn|35
|
|t:|1760367190
|switch|p1a: LeJ/ovni/la lettre|Slowking-Galar, M|47/100
|move|p2a: Clefable|Calm Mind|p2a: Clefable
|-boost|p2a: Clefable|spa|1
|-boost|p2a: Clefable|spd|1
|
|upkeep
|turn|36
|
|t:|1760367194
|move|p1a: LeJ/ovni/la lettre|Thunder Wave|p2a: Clefable
|-status|p2a: Clefable|par
|move|p2a: Clefable|Calm Mind|p2a: Clefable
|-boost|p2a: Clefable|spa|1
|-boost|p2a: Clefable|spd|1
|
|upkeep
|turn|37
|
|t:|1760367199
|move|p1a: LeJ/ovni/la lettre|Trick|p2a: Clefable
|-activate|p1a: LeJ/ovni/la lettre|move: Trick|[of] p2a: Clefable
|-item|p2a: Clefable|Loaded Dice|[from] move: Trick
|-item|p1a: LeJ/ovni/la lettre|Leftovers|[from] move: Trick
|move|p2a: Clefable|Calm Mind|p2a: Clefable
|-boost|p2a: Clefable|spa|1
|-boost|p2a: Clefable|spd|1
|
|-heal|p1a: LeJ/ovni/la lettre|53/100|[from] item: Leftovers
|upkeep
|turn|38
|
|t:|1760367204
|move|p1a: LeJ/ovni/la lettre|Future Sight|p2a: Clefable
|-start|p1a: LeJ/ovni/la lettre|move: Future Sight
|move|p2a: Clefable|Psyshock|p1a: LeJ/ovni/la lettre
|-damage|p1a: LeJ/ovni/la lettre|0 fnt
|faint|p1a: LeJ/ovni/la lettre
|
|upkeep
|
|t:|1760367208
|switch|p1a: 808 and curses|Dondozo, M|24/100
|turn|39
|
|t:|1760367210
|move|p1a: 808 and curses|Rest|p1a: 808 and curses
|-status|p1a: 808 and curses|slp|[from] move: Rest
|-heal|p1a: 808 and curses|100/100 slp|[silent]
|move|p2a: Clefable|Moonblast|p1a: 808 and curses
|-damage|p1a: 808 and curses|64/100 slp
|-unboost|p1a: 808 and curses|spa|1
|
|-heal|p1a: 808 and curses|70/100 slp|[from] item: Leftovers
|upkeep
|turn|40
|
|t:|1760367217
|cant|p1a: 808 and curses|slp
|move|p1a: 808 and curses|Sleep Talk|p1a: 808 and curses
|move|p1a: 808 and curses|Rest||[from] move: Sleep Talk|[still]
|-fail|p1a: 808 and curses
|cant|p2a: Clefable|par
|
|-end|p2a: Clefable|move: Future Sight
|-damage|p2a: Clefable|85/100 par
|-heal|p1a: 808 and curses|76/100 slp|[from] item: Leftovers
|upkeep
|turn|41
|
|t:|1760367225
|cant|p1a: 808 and curses|slp
|move|p1a: 808 and curses|Sleep Talk|p1a: 808 and curses
|move|p1a: 808 and curses|Waterfall|p2a: Clefable|[from] move: Sleep Talk
|-damage|p2a: Clefable|71/100 par
|move|p2a: Clefable|Moonblast|p1a: 808 and curses
|-damage|p1a: 808 and curses|38/100 slp
|
|-heal|p1a: 808 and curses|44/100 slp|[from] item: Leftovers
|-sideend|p2: Johnny tots|Reflect
|upkeep
|turn|42
|
|t:|1760367234
|-curestatus|p1a: 808 and curses|slp|[msg]
|move|p1a: 808 and curses|Waterfall|p2a: Clefable
|-damage|p2a: Clefable|46/100 par
|move|p2a: Clefable|Moonblast|p1a: 808 and curses
|-damage|p1a: 808 and curses|8/100
|
|-heal|p1a: 808 and curses|14/100|[from] item: Leftovers
|upkeep
|turn|43
|
|t:|1760367247
|switch|p2a: Iron Valiant|Iron Valiant|100/100
|-damage|p2a: Iron Valiant|94/100|[from] Stealth Rock
|-enditem|p2a: Iron Valiant|Booster Energy
|-activate|p2a: Iron Valiant|ability: Quark Drive|[fromitem]
|-start|p2a: Iron Valiant|quarkdrivespe
|move|p1a: 808 and curses|Rest|p1a: 808 and curses
|-status|p1a: 808 and curses|slp|[from] move: Rest
|-heal|p1a: 808 and curses|100/100 slp|[silent]
|
|upkeep
|turn|44
|
|t:|1760367249
|move|p2a: Iron Valiant|Calm Mind|p2a: Iron Valiant
|-boost|p2a: Iron Valiant|spa|1
|-boost|p2a: Iron Valiant|spd|1
|cant|p1a: 808 and curses|slp
|move|p1a: 808 and curses|Sleep Talk|p1a: 808 and curses
|move|p1a: 808 and curses|Waterfall|p2a: Iron Valiant|[from] move: Sleep Talk
|-damage|p2a: Iron Valiant|58/100
|
|upkeep
|turn|45
|
|t:|1760367251
|move|p2a: Iron Valiant|Moonblast|p1a: 808 and curses
|-damage|p1a: 808 and curses|58/100 slp
|cant|p1a: 808 and curses|slp
|move|p1a: 808 and curses|Sleep Talk|p1a: 808 and curses
|move|p1a: 808 and curses|Rest||[from] move: Sleep Talk|[still]
|-fail|p1a: 808 and curses
|
|-heal|p1a: 808 and curses|64/100 slp|[from] item: Leftovers
|upkeep
|turn|46
|
|t:|1760367254
|move|p2a: Iron Valiant|Moonblast|p1a: 808 and curses
|-damage|p1a: 808 and curses|20/100 slp
|-curestatus|p1a: 808 and curses|slp|[msg]
|move|p1a: 808 and curses|Waterfall|p2a: Iron Valiant
|-damage|p2a: Iron Valiant|22/100
|
|-heal|p1a: 808 and curses|26/100|[from] item: Leftovers
|upkeep
|turn|47
|
|t:|1760367256
|move|p2a: Iron Valiant|Moonblast|p1a: 808 and curses
|-damage|p1a: 808 and curses|0 fnt
|faint|p1a: 808 and curses
|
|upkeep
|
|t:|1760367258
|switch|p1a: Charlie Kirk: idc|Corviknight, M|100/100
|-ability|p1a: Charlie Kirk: idc|Pressure
|turn|48
|
|t:|1760367263
|move|p2a: Iron Valiant|Aura Sphere|p1a: Charlie Kirk: idc
|-damage|p1a: Charlie Kirk: idc|39/100
|move|p1a: Charlie Kirk: idc|Brave Bird|p2a: Iron Valiant
|-supereffective|p2a: Iron Valiant
|-damage|p2a: Iron Valiant|0 fnt
|faint|p2a: Iron Valiant
|-end|p2a: Iron Valiant|Quark Drive|[silent]
|-damage|p1a: Charlie Kirk: idc|34/100|[from] Recoil
|
|upkeep
|
|t:|1760367266
|switch|p2a: Clefable|Clefable, M|46/100 par
|turn|49
|l| FaronAan
|
|t:|1760367269
|move|p1a: Charlie Kirk: idc|Brave Bird|p2a: Clefable
|-damage|p2a: Clefable|12/100 par
|-damage|p1a: Charlie Kirk: idc|23/100|[from] Recoil
|move|p2a: Clefable|Psyshock|p1a: Charlie Kirk: idc
|-resisted|p1a: Charlie Kirk: idc
|-damage|p1a: Charlie Kirk: idc|17/100
|
|upkeep
|turn|50
|
|t:|1760367273
|move|p1a: Charlie Kirk: idc|Brave Bird|p2a: Clefable
|-damage|p2a: Clefable|0 fnt
|faint|p2a: Clefable
|-damage|p1a: Charlie Kirk: idc|13/100|[from] Recoil
|
|win|Trainer #39
|raw|Trainer #39's rating: 1959 &rarr; <strong>1974</strong><br />(+15 for winning)
|raw|Johnny tots's rating: 1864 &rarr; <strong>1849</strong><br />(-15 for losing)
|l|☆Trainer #39
|player|p1|
|l|☆Johnny tots
|player|p2|
|l| jejejeiejejsi
|l| deadbyflinch
