|j|‽flinchirator
|j|☆Lenghong
|t:|1760323110
|gametype|singles
|player|p1|flinchirator|miku-ice|1435
|player|p2|Lenghong|hilda|1484
|gen|9
|tier|[Gen 9] OU
|rated|
|rule|HP Percentage Mod: HP is shown in percentages
|rule|Endless Battle Clause: Forcing endless battles is banned
|rule|Species Clause: Limit one of each Pokémon
|rule|OHKO Clause: OHKO moves are banned
|rule|Evasion Items Clause: Evasion items are banned
|rule|Evasion Moves Clause: Evasion moves are banned
|rule|Evasion Abilities Clause: Evasion abilities are banned
|rule|Sleep Moves Clause: Sleep-inducing moves are banned
|clearpoke
|poke|p1|Barraskewda, M|
|poke|p1|Pelipper, F|
|poke|p1|Tornadus-Therian, M|
|poke|p1|Goodra-Hisui, M|
|poke|p1|Scizor, F|
|poke|p1|Raging Bolt|
|poke|p2|Emboar, M|
|poke|p2|Clefable, F|
|poke|p2|Excadrill, F|
|poke|p2|Hawlucha, M|
|poke|p2|Chesnaught, M|
|poke|p2|Feraligatr, F|
|teampreview
|inactive|Battle timer is ON: inactive players will automatically lose when time's up. (requested by flinchirator)
|
|t:|1760323127
|teamsize|p1|6
|teamsize|p2|6
|start
|switch|p1a: Goodra|Goodra-Hisui, M|100/100
|switch|p2a: Feraligatr|Feraligatr, F|100/100
|turn|1
|
|t:|1760323149
|switch|p2a: Excadrill|Excadrill, F|100/100
|-ability|p2a: Excadrill|Mold Breaker
|move|p1a: Goodra|Draco Meteor|p2a: Excadrill
|-resisted|p2a: Excadrill
|-damage|p2a: Excadrill|70/100
|-unboost|p1a: Goodra|spa|2
|
|-heal|p2a: Excadrill|76/100|[from] item: Leftovers
|upkeep
|turn|2
|
|t:|1760323160
|switch|p1a: Pelipper|Pelipper, F|100/100
|-weather|RainDance|[from] ability: Drizzle|[of] p1a: Pelipper
|move|p2a: Excadrill|Rock Slide|p1a: Pelipper
|-supereffective|p1a: Pelipper
|-damage|p1a: Pelipper|61/100
|
|-weather|RainDance|[upkeep]
|-heal|p2a: Excadrill|82/100|[from] item: Leftovers
|upkeep
|turn|3
|inactive|flinchirator has 120 seconds left.
|
|t:|1760323194
|switch|p2a: Feraligatr|Feraligatr, F|100/100
|switch|p1a: Goodra|Goodra-Hisui, M|100/100
|
|-weather|RainDance|[upkeep]
|upkeep
|turn|4
|
|t:|1760323206
|switch|p2a: Excadrill|Excadrill, F|82/100
|-ability|p2a: Excadrill|Mold Breaker
|move|p1a: Goodra|Draco Meteor|p2a: Excadrill
|-resisted|p2a: Excadrill
|-damage|p2a: Excadrill|47/100
|-unboost|p1a: Goodra|spa|2
|
|-weather|RainDance|[upkeep]
|-heal|p2a: Excadrill|53/100|[from] item: Leftovers
|upkeep
|turn|5
|
|t:|1760323210
|move|p2a: Excadrill|Rock Slide|p1a: Goodra
|-resisted|p1a: Goodra
|-damage|p1a: Goodra|92/100
|move|p1a: Goodra|Body Press|p2a: Excadrill
|-supereffective|p2a: Excadrill
|-damage|p2a: Excadrill|0 fnt
|faint|p2a: Excadrill
|
|-weather|RainDance|[upkeep]
|upkeep
|
|t:|1760323214
|switch|p2a: Emboar|Emboar, M, shiny|100/100
|turn|6
|
|t:|1760323224
|switch|p1a: Tornadus|Tornadus-Therian, M|100/100
|move|p2a: Emboar|Wild Charge|p1a: Tornadus
|-supereffective|p1a: Tornadus
|-damage|p1a: Tornadus|0 fnt
|faint|p1a: Tornadus
|-damage|p2a: Emboar|80/100|[from] Recoil
|
|-weather|RainDance|[upkeep]
|upkeep
|
|t:|1760323229
|switch|p1a: Barraskewda|Barraskewda, M|100/100
|turn|7
|
|t:|1760323231
|switch|p2a: Chesnaught|Chesnaught, M|100/100
|move|p1a: Barraskewda|Flip Turn|p2a: Chesnaught
|-resisted|p2a: Chesnaught
|-damage|p2a: Chesnaught|82/100
|-damage|p1a: Barraskewda|91/100|[from] item: Life Orb
|inactive|flinchirator has 120 seconds left.
|
|t:|1760323277
|switch|p1a: Raging Bolt|Raging Bolt|100/100|[from] Flip Turn
|-enditem|p1a: Raging Bolt|Booster Energy
|-activate|p1a: Raging Bolt|ability: Protosynthesis|[fromitem]
|-start|p1a: Raging Bolt|protosynthesisspa
|
|-weather|RainDance|[upkeep]
|-heal|p2a: Chesnaught|88/100|[from] item: Leftovers
|upkeep
|turn|8
|
|t:|1760323289
|switch|p2a: Clefable|Clefable, F|100/100
|move|p1a: Raging Bolt|Dragon Pulse|p2a: Clefable
|-immune|p2a: Clefable
|
|-weather|RainDance|[upkeep]
|upkeep
|turn|9
|
|t:|1760323293
|move|p1a: Raging Bolt|Thunder|p2a: Clefable
|-damage|p2a: Clefable|18/100
|move|p2a: Clefable|Moonblast|p1a: Raging Bolt
|-supereffective|p1a: Raging Bolt
|-damage|p1a: Raging Bolt|2/100
|
|-weather|none
|upkeep
|turn|10
|
|t:|1760323299
|move|p1a: Raging Bolt|Dragon Pulse|p2a: Clefable
|-immune|p2a: Clefable
|move|p2a: Clefable|Moonlight|p2a: Clefable
|-heal|p2a: Clefable|68/100
|
|upkeep
|turn|11
|
|t:|1760323304
|move|p1a: Raging Bolt|Thunder|p2a: Clefable
|-damage|p2a: Clefable|0 fnt
|faint|p2a: Clefable
|
|upkeep
|
|t:|1760323312
|switch|p2a: Emboar|Emboar, M, shiny|80/100
|turn|12
|inactive|flinchirator has 120 seconds left.
|inactive|flinchirator has 90 seconds left.
|
|t:|1760323373
|move|p1a: Raging Bolt|Thunderclap|p2a: Emboar
|-damage|p2a: Emboar|2/100
|move|p2a: Emboar|Flare Blitz|p1a: Raging Bolt
|-resisted|p1a: Raging Bolt
|-damage|p1a: Raging Bolt|0 fnt
|faint|p1a: Raging Bolt
|-end|p1a: Raging Bolt|Protosynthesis|[silent]
|-damage|p2a: Emboar|1/100|[from] Recoil
|
|upkeep
|
|t:|1760323378
|switch|p1a: Pelipper|Pelipper, F|61/100
|-weather|RainDance|[from] ability: Drizzle|[of] p1a: Pelipper
|turn|13
|
|t:|1760323386
|move|p2a: Emboar|Flare Blitz|p1a: Pelipper
|-resisted|p1a: Pelipper
|-damage|p1a: Pelipper|45/100
|-damage|p2a: Emboar|0 fnt|[from] Recoil
|faint|p2a: Emboar
|move|p1a: Pelipper|U-turn|p2: Emboar|[notarget]
|-fail|p1a: Pelipper
|
|-weather|RainDance|[upkeep]
|upkeep
|
|t:|1760323398
|switch|p2a: Feraligatr|Feraligatr, F|100/100
|turn|14
|
|t:|1760323402
|move|p2a: Feraligatr|Dragon Dance|p2a: Feraligatr
|-boost|p2a: Feraligatr|atk|1
|-boost|p2a: Feraligatr|spe|1
|move|p1a: Pelipper|U-turn|p2a: Feraligatr
|-damage|p2a: Feraligatr|91/100
|inactive|flinchirator has 120 seconds left.
|
|t:|1760323408
|switch|p1a: Goodra|Goodra-Hisui, M|92/100|[from] U-turn
|
|-weather|RainDance|[upkeep]
|upkeep
|turn|15
|
|t:|1760323419
|-terastallize|p1a: Goodra|Flying
|move|p2a: Feraligatr|Liquidation|p1a: Goodra
|-damage|p1a: Goodra|0 fnt
|-ability|p1a: Goodra|Gooey
|-unboost|p2a: Feraligatr|spe|1
|faint|p1a: Goodra
|
|-weather|RainDance|[upkeep]
|upkeep
|-message|flinchirator forfeited.
|
|win|Lenghong
|raw|flinchirator's rating: 1435 &rarr; <strong>1418</strong><br />(-17 for losing)
|raw|Lenghong's rating: 1484 &rarr; <strong>1501</strong><br />(+17 for winning)
|l|‽flinchirator
|player|p1|
|l|☆Lenghong
|player|p2|
