|j|☆flagachosse
|j|☆xlbxaaa
|t:|1760432303
|gametype|singles
|player|p1|flagachosse|ruinmaniac|1090
|player|p2|xlbxaaa|2|1107
|gen|9
|tier|[Gen 9] OU
|rated|
|rule|HP Percentage Mod: HP is shown in percentages
|rule|Endless Battle Clause: Forcing endless battles is banned
|rule|Species Clause: Limit one of each Pokémon
|rule|OHKO Clause: OHKO moves are banned
|rule|Evasion Items Clause: Evasion items are banned
|rule|Evasion Moves Clause: Evasion moves are banned
|rule|Evasion Abilities Clause: Evasion abilities are banned
|rule|Sleep Moves Clause: Sleep-inducing moves are banned
|clearpoke
|poke|p1|Toxapex, F|
|poke|p1|Garganacl, F|
|poke|p1|Skeledirge, M|
|poke|p1|Azumarill, F|
|poke|p1|Torterra, M|
|poke|p1|Magnezone|
|poke|p2|Great Tusk|
|poke|p2|Raging Bolt|
|poke|p2|Dragapult, F|
|poke|p2|Slowking-Galar, M|
|poke|p2|Kingambit, F|
|poke|p2|Ogerpon-Wellspring, F|
|teampreview
|inactive|Battle timer is ON: inactive players will automatically lose when time's up. (requested by flagachosse)
|
|t:|1760432321
|teamsize|p1|6
|teamsize|p2|6
|start
|switch|p1a: Garganacl|Garganacl, F|100/100
|switch|p2a: Ogerpon|Ogerpon-Wellspring, F|100/100
|turn|1
|
|t:|1760432332
|move|p1a: Garganacl|Protect|p1a: Garganacl
|-singleturn|p1a: Garganacl|Protect
|move|p2a: Ogerpon|Ivy Cudgel|p1a: Garganacl|[anim] Ivy Cudgel Water
|-activate|p1a: Garganacl|move: Protect
|
|upkeep
|turn|2
|
|t:|1760432339
|switch|p1a: Toxapex|Toxapex, F, shiny|100/100
|move|p2a: Ogerpon|Ivy Cudgel|p1a: Toxapex|[anim] Ivy Cudgel Water
|-resisted|p1a: Toxapex
|-damage|p1a: Toxapex|76/100
|
|-heal|p1a: Toxapex|82/100|[from] item: Leftovers
|upkeep
|turn|3
|
|t:|1760432360
|move|p1a: Toxapex|Baneful Bunker|p1a: Toxapex
|-singleturn|p1a: Toxapex|move: Protect
|move|p2a: Ogerpon|Synthesis|p2a: Ogerpon
|-fail|p2a: Ogerpon|heal
|
|-heal|p1a: Toxapex|89/100|[from] item: Leftovers
|upkeep
|turn|4
|
|t:|1760432370
|move|p2a: Ogerpon|Synthesis|p2a: Ogerpon
|-fail|p2a: Ogerpon|heal
|move|p1a: Toxapex|Toxic Spikes|p2a: Ogerpon
|-sidestart|p2: xlbxaaa|move: Toxic Spikes
|
|-heal|p1a: Toxapex|95/100|[from] item: Leftovers
|upkeep
|turn|5
|
|t:|1760432377
|move|p1a: Toxapex|Baneful Bunker|p1a: Toxapex
|-singleturn|p1a: Toxapex|move: Protect
|move|p2a: Ogerpon|Synthesis|p2a: Ogerpon
|-fail|p2a: Ogerpon|heal
|
|-heal|p1a: Toxapex|100/100|[from] item: Leftovers
|upkeep
|turn|6
|
|t:|1760432386
|move|p2a: Ogerpon|Synthesis|p2a: Ogerpon
|-fail|p2a: Ogerpon|heal
|move|p1a: Toxapex|Poison Jab|p2a: Ogerpon
|-supereffective|p2a: Ogerpon
|-damage|p2a: Ogerpon|22/100
|
|upkeep
|turn|7
|
|t:|1760432393
|move|p2a: Ogerpon|Ivy Cudgel|p1a: Toxapex|[anim] Ivy Cudgel Water
|-resisted|p1a: Toxapex
|-damage|p1a: Toxapex|79/100
|move|p1a: Toxapex|Poison Jab|p2a: Ogerpon
|-supereffective|p2a: Ogerpon
|-damage|p2a: Ogerpon|0 fnt
|faint|p2a: Ogerpon
|
|-heal|p1a: Toxapex|85/100|[from] item: Leftovers
|upkeep
|
|t:|1760432404
|switch|p2a: Slowking|Slowking-Galar, M|100/100
|-sideend|p2: xlbxaaa|move: Toxic Spikes|[of] p2a: Slowking
|turn|8
|
|t:|1760432414
|move|p1a: Toxapex|Toxic Spikes|p2a: Slowking
|-sidestart|p2: xlbxaaa|move: Toxic Spikes
|move|p2a: Slowking|Psyshock|p1a: Toxapex
|-supereffective|p1a: Toxapex
|-damage|p1a: Toxapex|37/100
|
|-heal|p1a: Toxapex|44/100|[from] item: Leftovers
|upkeep
|turn|9
|
|t:|1760432422
|move|p1a: Toxapex|Baneful Bunker|p1a: Toxapex
|-singleturn|p1a: Toxapex|move: Protect
|move|p2a: Slowking|Psyshock|p1a: Toxapex
|-activate|p1a: Toxapex|move: Protect
|
|-heal|p1a: Toxapex|50/100|[from] item: Leftovers
|upkeep
|turn|10
|
|t:|1760432432
|switch|p1a: Magnezone|Magnezone|100/100
|move|p2a: Slowking|Psyshock|p1a: Magnezone
|-resisted|p1a: Magnezone
|-damage|p1a: Magnezone|88/100
|
|upkeep
|turn|11
|
|t:|1760432439
|move|p1a: Magnezone|Light Screen|p1a: Magnezone
|-sidestart|p1: flagachosse|move: Light Screen
|move|p2a: Slowking|Flamethrower|p1a: Magnezone
|-supereffective|p1a: Magnezone
|-damage|p1a: Magnezone|64/100
|
|upkeep
|turn|12
|
|t:|1760432453
|switch|p2a: Great Tusk|Great Tusk|100/100
|-status|p2a: Great Tusk|psn
|move|p1a: Magnezone|Discharge|p2a: Great Tusk
|-immune|p2a: Great Tusk
|
|-damage|p2a: Great Tusk|88/100 psn|[from] psn
|upkeep
|turn|13
|
|t:|1760432464
|move|p2a: Great Tusk|Rapid Spin|p1a: Magnezone
|-resisted|p1a: Magnezone
|-damage|p1a: Magnezone|56/100
|-boost|p2a: Great Tusk|spe|1
|-sideend|p2: xlbxaaa|Toxic Spikes|[from] move: Rapid Spin|[of] p2a: Great Tusk
|move|p1a: Magnezone|Reflect|p1a: Magnezone
|-sidestart|p1: flagachosse|Reflect
|
|-damage|p2a: Great Tusk|76/100 psn|[from] psn
|upkeep
|turn|14
|
|t:|1760432479
|move|p2a: Great Tusk|Stealth Rock|p1a: Magnezone
|-sidestart|p1: flagachosse|move: Stealth Rock
|move|p1a: Magnezone|Flash Cannon|p2a: Great Tusk
|-crit|p2a: Great Tusk
|-damage|p2a: Great Tusk|0 fnt
|faint|p2a: Great Tusk
|-end|p2a: Great Tusk|Protosynthesis|[silent]
|
|upkeep
|
|t:|1760432489
|switch|p2a: Kingambit|Kingambit, F|100/100
|-activate|p2a: Kingambit|ability: Supreme Overlord
|-start|p2a: Kingambit|fallen2|[silent]
|turn|15
|
|t:|1760432495
|move|p2a: Kingambit|Swords Dance|p2a: Kingambit
|-boost|p2a: Kingambit|atk|2
|move|p1a: Magnezone|Discharge|p2a: Kingambit
|-damage|p2a: Kingambit|41/100
|
|-heal|p2a: Kingambit|47/100|[from] item: Leftovers
|-sideend|p1: flagachosse|move: Light Screen
|upkeep
|turn|16
|
|t:|1760432506
|move|p2a: Kingambit|Kowtow Cleave|p1a: Magnezone
|-damage|p1a: Magnezone|0 fnt
|faint|p1a: Magnezone
|
|-heal|p2a: Kingambit|54/100|[from] item: Leftovers
|upkeep
|
|t:|1760432518
|switch|p1a: Toxapex|Toxapex, F, shiny|83/100
|-damage|p1a: Toxapex|71/100|[from] Stealth Rock
|turn|17
|
|t:|1760432528
|move|p1a: Toxapex|Baneful Bunker|p1a: Toxapex
|-singleturn|p1a: Toxapex|move: Protect
|move|p2a: Kingambit|Swords Dance|p2a: Kingambit
|-boost|p2a: Kingambit|atk|2
|
|-heal|p2a: Kingambit|60/100|[from] item: Leftovers
|-heal|p1a: Toxapex|77/100|[from] item: Leftovers
|-sideend|p1: flagachosse|Reflect
|upkeep
|turn|18
|
|t:|1760432537
|move|p2a: Kingambit|Kowtow Cleave|p1a: Toxapex
|-damage|p1a: Toxapex|0 fnt
|faint|p1a: Toxapex
|
|-heal|p2a: Kingambit|66/100|[from] item: Leftovers
|upkeep
|
|t:|1760432547
|switch|p1a: Torterra|Torterra, M|100/100
|-damage|p1a: Torterra|94/100|[from] Stealth Rock
|turn|19
|
|t:|1760432555
|move|p1a: Torterra|Earthquake|p2a: Kingambit
|-supereffective|p2a: Kingambit
|-damage|p2a: Kingambit|0 fnt
|faint|p2a: Kingambit
|-end|p2a: Kingambit|fallen2|[silent]
|
|upkeep
|
|t:|1760432562
|switch|p2a: Slowking|Slowking-Galar, M|100/100
|turn|20
|
|t:|1760432569
|move|p1a: Torterra|Earthquake|p2a: Slowking
|-supereffective|p2a: Slowking
|-damage|p2a: Slowking|27/100
|move|p2a: Slowking|Sludge Bomb|p1a: Torterra
|-damage|p1a: Torterra|56/100
|
|upkeep
|turn|21
|
|t:|1760432580
|switch|p2a: Dragapult|Dragapult, F|100/100
|move|p1a: Torterra|Earthquake|p2a: Dragapult
|-damage|p2a: Dragapult|30/100
|
|upkeep
|turn|22
|
|t:|1760432588
|move|p2a: Dragapult|Dragon Darts|p1a: Torterra
|-damage|p1a: Torterra|37/100
|-anim|p2a: Dragapult|Dragon Darts|p1a: Torterra
|-damage|p1a: Torterra|17/100
|move|p1a: Torterra|Earthquake|p2a: Dragapult
|-damage|p2a: Dragapult|0 fnt
|faint|p2a: Dragapult
|
|upkeep
|
|t:|1760432597
|switch|p2a: Raging Bolt|Raging Bolt|100/100
|-enditem|p2a: Raging Bolt|Booster Energy
|-activate|p2a: Raging Bolt|ability: Protosynthesis|[fromitem]
|-start|p2a: Raging Bolt|protosynthesisspa
|turn|23
|
|t:|1760432605
|move|p2a: Raging Bolt|Thunderclap||[still]
|-fail|p2a: Raging Bolt
|move|p1a: Torterra|Shell Smash|p1a: Torterra
|-unboost|p1a: Torterra|def|1
|-unboost|p1a: Torterra|spd|1
|-boost|p1a: Torterra|atk|2
|-boost|p1a: Torterra|spa|2
|-boost|p1a: Torterra|spe|2
|
|upkeep
|turn|24
|
|t:|1760432613
|move|p2a: Raging Bolt|Thunderclap|p1a: Torterra
|-immune|p1a: Torterra
|move|p1a: Torterra|Earthquake|p2a: Raging Bolt
|-supereffective|p2a: Raging Bolt
|-damage|p2a: Raging Bolt|0 fnt
|faint|p2a: Raging Bolt
|-end|p2a: Raging Bolt|Protosynthesis|[silent]
|
|upkeep
|-message|xlbxaaa forfeited.
|
|win|flagachosse
|raw|flagachosse's rating: 1090 &rarr; <strong>1118</strong><br />(+28 for winning)
|raw|xlbxaaa's rating: 1107 &rarr; <strong>1081</strong><br />(-26 for losing)
|l|☆xlbxaaa
|player|p2|
|l|☆flagachosse
|player|p1|
