|j|☆Praticello
|j|☆Des4
|t:|1760385686
|gametype|singles
|player|p1|Praticello|265|1349
|player|p2|Des4|caitlin|1302
|gen|9
|tier|[Gen 9] OU
|rated|
|rule|HP Percentage Mod: HP is shown in percentages
|rule|Endless Battle Clause: Forcing endless battles is banned
|rule|Species Clause: Limit one of each Pokémon
|rule|OHKO Clause: OHKO moves are banned
|rule|Evasion Items Clause: Evasion items are banned
|rule|Evasion Moves Clause: Evasion moves are banned
|rule|Evasion Abilities Clause: Evasion abilities are banned
|rule|Sleep Moves Clause: Sleep-inducing moves are banned
|clearpoke
|poke|p1|Skeledirge, M|
|poke|p1|Ogerpon-Wellspring, F|
|poke|p1|Dragapult, M|
|poke|p1|Weezing-Galar, M|
|poke|p1|Ting-Lu|
|poke|p1|Corviknight, M|
|poke|p2|Articuno|
|poke|p2|Slowking-Galar, M|
|poke|p2|Iron Treads|
|poke|p2|Primarina, M|
|poke|p2|Mandibuzz, F|
|poke|p2|Dragapult, F|
|teampreview
|inactive|Battle timer is ON: inactive players will automatically lose when time's up. (requested by Des4)
|
|t:|1760385704
|teamsize|p1|6
|teamsize|p2|6
|start
|switch|p1a: Ting-Lu|Ting-Lu, shiny|100/100
|switch|p2a: Primarina|Primarina, M|100/100
|-ability|p1a: Ting-Lu|Vessel of Ruin
|turn|1
|
|t:|1760385711
|move|p2a: Primarina|Moonblast|p1a: Ting-Lu
|-supereffective|p1a: Ting-Lu
|-damage|p1a: Ting-Lu|30/100
|move|p1a: Ting-Lu|Stealth Rock|p2a: Primarina
|-sidestart|p2: Des4|move: Stealth Rock
|
|-heal|p1a: Ting-Lu|36/100|[from] item: Leftovers
|upkeep
|turn|2
|
|t:|1760385718
|switch|p1a: Skeledirge|Skeledirge, M|100/100
|move|p2a: Primarina|Moonblast|p1a: Skeledirge
|-resisted|p1a: Skeledirge
|-damage|p1a: Skeledirge|74/100
|
|upkeep
|turn|3
|
|t:|1760385726
|switch|p2a: Slowking|Slowking-Galar, M|100/100
|switch|p1a: Ogerpon|Ogerpon-Wellspring, F|100/100
|
|upkeep
|turn|4
|
|t:|1760385731
|move|p1a: Ogerpon|Knock Off|p2a: Slowking
|-supereffective|p2a: Slowking
|-damage|p2a: Slowking|28/100
|-enditem|p2a: Slowking|Heavy-Duty Boots|[from] move: Knock Off|[of] p1a: Ogerpon
|move|p2a: Slowking|Thunder Wave|p1a: Ogerpon
|-status|p1a: Ogerpon|par
|
|upkeep
|turn|5
|
|t:|1760385738
|switch|p2a: Mandibuzz|Mandibuzz, F|100/100
|cant|p1a: Ogerpon|par
|
|upkeep
|turn|6
|
|t:|1760385753
|switch|p1a: Ting-Lu|Ting-Lu, shiny|36/100
|-ability|p1a: Ting-Lu|Vessel of Ruin
|move|p2a: Mandibuzz|Defog|p1a: Ting-Lu
|-unboost|p1a: Ting-Lu|evasion|1
|-sideend|p2: Des4|Stealth Rock|[from] move: Defog|[of] p2a: Mandibuzz
|
|-heal|p1a: Ting-Lu|42/100|[from] item: Leftovers
|upkeep
|turn|7
|
|t:|1760385769
|switch|p2a: Articuno|Articuno|100/100
|-ability|p2a: Articuno|Pressure
|move|p1a: Ting-Lu|Stealth Rock|p2a: Articuno
|-sidestart|p2: Des4|move: Stealth Rock
|
|-heal|p1a: Ting-Lu|49/100|[from] item: Leftovers
|upkeep
|turn|8
|
|t:|1760385783
|switch|p1a: Skeledirge|Skeledirge, M|74/100
|move|p2a: Articuno|Substitute|p2a: Articuno
|-start|p2a: Articuno|Substitute
|-damage|p2a: Articuno|76/100
|
|-heal|p2a: Articuno|82/100|[from] item: Leftovers
|upkeep
|turn|9
|
|t:|1760385799
|-terastallize|p2a: Articuno|Ground
|move|p2a: Articuno|Tera Blast|p1a: Skeledirge|[anim] Tera Blast Ground
|-supereffective|p1a: Skeledirge
|-damage|p1a: Skeledirge|25/100
|move|p1a: Skeledirge|Torch Song|p2a: Articuno
|-crit|p2a: Articuno
|-damage|p2a: Articuno|42/100
|-boost|p1a: Skeledirge|spa|1
|
|-heal|p2a: Articuno|48/100|[from] item: Leftovers
|upkeep
|turn|10
|inactive|Praticello has 120 seconds left.
|
|t:|1760385837
|switch|p1a: Ting-Lu|Ting-Lu, shiny|49/100
|-ability|p1a: Ting-Lu|Vessel of Ruin
|move|p2a: Articuno|Tera Blast|p1a: Ting-Lu|[anim] Tera Blast Ground
|-damage|p1a: Ting-Lu|36/100
|
|-heal|p2a: Articuno|54/100|[from] item: Leftovers
|-heal|p1a: Ting-Lu|42/100|[from] item: Leftovers
|upkeep
|turn|11
|
|t:|1760385841
|move|p2a: Articuno|Freeze-Dry|p1a: Ting-Lu
|-supereffective|p1a: Ting-Lu
|-damage|p1a: Ting-Lu|17/100
|move|p1a: Ting-Lu|Rest|p1a: Ting-Lu
|-status|p1a: Ting-Lu|slp|[from] move: Rest
|-heal|p1a: Ting-Lu|100/100 slp|[silent]
|
|-heal|p2a: Articuno|60/100|[from] item: Leftovers
|upkeep
|turn|12
|
|t:|1760385846
|move|p2a: Articuno|Freeze-Dry|p1a: Ting-Lu
|-supereffective|p1a: Ting-Lu
|-damage|p1a: Ting-Lu|77/100 slp
|cant|p1a: Ting-Lu|slp
|
|-heal|p2a: Articuno|67/100|[from] item: Leftovers
|-heal|p1a: Ting-Lu|83/100 slp|[from] item: Leftovers
|upkeep
|turn|13
|
|t:|1760385852
|switch|p2a: Iron Treads|Iron Treads|100/100
|-damage|p2a: Iron Treads|97/100|[from] Stealth Rock
|cant|p1a: Ting-Lu|slp
|
|-heal|p2a: Iron Treads|100/100|[from] item: Leftovers
|-heal|p1a: Ting-Lu|90/100 slp|[from] item: Leftovers
|upkeep
|turn|14
|
|t:|1760385856
|move|p2a: Iron Treads|Rapid Spin|p1a: Ting-Lu
|-damage|p1a: Ting-Lu|81/100 slp
|-boost|p2a: Iron Treads|spe|1
|-sideend|p2: Des4|Stealth Rock|[from] move: Rapid Spin|[of] p2a: Iron Treads
|-curestatus|p1a: Ting-Lu|slp|[msg]
|move|p1a: Ting-Lu|Earthquake|p2a: Iron Treads
|-supereffective|p2a: Iron Treads
|-damage|p2a: Iron Treads|33/100
|
|-heal|p2a: Iron Treads|39/100|[from] item: Leftovers
|-heal|p1a: Ting-Lu|87/100|[from] item: Leftovers
|upkeep
|turn|15
|
|t:|1760385859
|-end|p2a: Iron Treads|Quark Drive|[silent]
|switch|p2a: Primarina|Primarina, M|100/100
|move|p1a: Ting-Lu|Stealth Rock|p2a: Primarina
|-sidestart|p2: Des4|move: Stealth Rock
|
|-heal|p1a: Ting-Lu|93/100|[from] item: Leftovers
|upkeep
|turn|16
|
|t:|1760385863
|move|p2a: Primarina|Moonblast|p1a: Ting-Lu
|-supereffective|p1a: Ting-Lu
|-damage|p1a: Ting-Lu|26/100
|move|p1a: Ting-Lu|Throat Chop|p2a: Primarina
|-resisted|p2a: Primarina
|-damage|p2a: Primarina|80/100
|-start|p2a: Primarina|Throat Chop|[silent]
|
|-heal|p1a: Ting-Lu|33/100|[from] item: Leftovers
|upkeep
|turn|17
|
|t:|1760385872
|switch|p1a: Weezing|Weezing-Galar, M|100/100
|-ability|p1a: Weezing|Neutralizing Gas
|move|p2a: Primarina|Moonblast|p1a: Weezing
|-resisted|p1a: Weezing
|-damage|p1a: Weezing|48/100
|
|-end|p2a: Primarina|Throat Chop|[silent]
|upkeep
|turn|18
|
|t:|1760385874
|move|p1a: Weezing|Sludge Bomb|p2a: Primarina
|-supereffective|p2a: Primarina
|-damage|p2a: Primarina|32/100
|move|p2a: Primarina|Moonblast|p1a: Weezing
|-resisted|p1a: Weezing
|-damage|p1a: Weezing|0 fnt
|faint|p1a: Weezing
|-end|p1a: Weezing|ability: Neutralizing Gas
|
|upkeep
|
|t:|1760385880
|switch|p1a: Skeledirge|Skeledirge, M|25/100
|turn|19
|
|t:|1760385892
|move|p2a: Primarina|Moonblast|p1a: Skeledirge
|-resisted|p1a: Skeledirge
|-damage|p1a: Skeledirge|0 fnt
|faint|p1a: Skeledirge
|
|upkeep
|
|t:|1760385898
|switch|p1a: Dragapult|Dragapult, M|100/100
|turn|20
|
|t:|1760385904
|switch|p2a: Slowking|Slowking-Galar, M|61/100
|-damage|p2a: Slowking|49/100|[from] Stealth Rock
|move|p1a: Dragapult|Shadow Ball|p2a: Slowking
|-supereffective|p2a: Slowking
|-damage|p2a: Slowking|0 fnt
|faint|p2a: Slowking
|
|upkeep
|
|t:|1760385907
|switch|p2a: Mandibuzz|Mandibuzz, F|100/100
|turn|21
|
|t:|1760385910
|switch|p1a: Corviknight|Corviknight, M|100/100
|-ability|p1a: Corviknight|Pressure
|move|p2a: Mandibuzz|Defog|p1a: Corviknight
|-unboost|p1a: Corviknight|evasion|1
|-sideend|p2: Des4|Stealth Rock|[from] move: Defog|[of] p2a: Mandibuzz
|
|upkeep
|turn|22
|
|t:|1760385913
|switch|p2a: Articuno|Articuno, tera:Ground|67/100
|-ability|p2a: Articuno|Pressure
|move|p1a: Corviknight|U-turn|p2a: Articuno
|-damage|p2a: Articuno|51/100
|
|t:|1760385918
|switch|p1a: Dragapult|Dragapult, M|100/100|[from] U-turn
|
|-heal|p2a: Articuno|57/100|[from] item: Leftovers
|upkeep
|turn|23
|
|t:|1760385920
|switch|p2a: Mandibuzz|Mandibuzz, F|100/100
|move|p1a: Dragapult|Shadow Ball|p2a: Mandibuzz
|-resisted|p2a: Mandibuzz
|-damage|p2a: Mandibuzz|78/100
|
|upkeep
|turn|24
|
|t:|1760385923
|switch|p1a: Corviknight|Corviknight, M|100/100
|-ability|p1a: Corviknight|Pressure
|switch|p2a: Articuno|Articuno, tera:Ground|57/100
|-ability|p2a: Articuno|Pressure
|
|-heal|p2a: Articuno|63/100|[from] item: Leftovers
|upkeep
|turn|25
|
|t:|1760385927
|move|p2a: Articuno|Substitute|p2a: Articuno
|-start|p2a: Articuno|Substitute
|-damage|p2a: Articuno|38/100
|move|p1a: Corviknight|U-turn|p2a: Articuno
|-activate|p2a: Articuno|move: Substitute|[damage]
|
|t:|1760385929
|switch|p1a: Ting-Lu|Ting-Lu, shiny|33/100|[from] U-turn
|-ability|p1a: Ting-Lu|Vessel of Ruin
|
|-heal|p2a: Articuno|45/100|[from] item: Leftovers
|-heal|p1a: Ting-Lu|39/100|[from] item: Leftovers
|upkeep
|turn|26
|
|t:|1760385932
|move|p2a: Articuno|Freeze-Dry|p1a: Ting-Lu
|-supereffective|p1a: Ting-Lu
|-damage|p1a: Ting-Lu|13/100
|move|p1a: Ting-Lu|Rest|p1a: Ting-Lu
|-status|p1a: Ting-Lu|slp|[from] move: Rest
|-heal|p1a: Ting-Lu|100/100 slp|[silent]
|
|-heal|p2a: Articuno|51/100|[from] item: Leftovers
|upkeep
|turn|27
|
|t:|1760385937
|move|p2a: Articuno|Roost|p2a: Articuno
|-heal|p2a: Articuno|100/100
|cant|p1a: Ting-Lu|slp
|
|upkeep
|turn|28
|
|t:|1760385940
|switch|p2a: Primarina|Primarina, M|32/100
|cant|p1a: Ting-Lu|slp
|
|upkeep
|turn|29
|
|t:|1760385951
|switch|p1a: Corviknight|Corviknight, M|100/100
|-ability|p1a: Corviknight|Pressure
|move|p2a: Primarina|Moonblast|p1a: Corviknight
|-resisted|p1a: Corviknight
|-damage|p1a: Corviknight|59/100
|
|upkeep
|turn|30
|
|t:|1760385953
|move|p2a: Primarina|Moonblast|p1a: Corviknight
|-resisted|p1a: Corviknight
|-damage|p1a: Corviknight|22/100
|-unboost|p1a: Corviknight|spa|1
|move|p1a: Corviknight|Roost|p1a: Corviknight
|-heal|p1a: Corviknight|72/100
|-singleturn|p1a: Corviknight|move: Roost
|
|upkeep
|turn|31
|
|t:|1760385958
|switch|p2a: Iron Treads|Iron Treads|39/100
|move|p1a: Corviknight|Roost|p1a: Corviknight
|-heal|p1a: Corviknight|100/100
|-singleturn|p1a: Corviknight|move: Roost
|
|-heal|p2a: Iron Treads|45/100|[from] item: Leftovers
|upkeep
|turn|32
|
|t:|1760385960
|move|p2a: Iron Treads|Stealth Rock|p1a: Corviknight
|-sidestart|p1: Praticello|move: Stealth Rock
|move|p1a: Corviknight|U-turn|p2a: Iron Treads
|-resisted|p2a: Iron Treads
|-damage|p2a: Iron Treads|39/100
|
|t:|1760385966
|switch|p1a: Ting-Lu|Ting-Lu, shiny|100/100 slp|[from] U-turn
|-damage|p1a: Ting-Lu|94/100 slp|[from] Stealth Rock
|-ability|p1a: Ting-Lu|Vessel of Ruin
|
|-heal|p2a: Iron Treads|45/100|[from] item: Leftovers
|-heal|p1a: Ting-Lu|100/100 slp|[from] item: Leftovers
|upkeep
|turn|33
|
|t:|1760385969
|move|p2a: Iron Treads|Knock Off|p1a: Ting-Lu
|-resisted|p1a: Ting-Lu
|-damage|p1a: Ting-Lu|93/100 slp
|-enditem|p1a: Ting-Lu|Leftovers|[from] move: Knock Off|[of] p2a: Iron Treads
|-curestatus|p1a: Ting-Lu|slp|[msg]
|move|p1a: Ting-Lu|Earthquake|p2a: Iron Treads
|-supereffective|p2a: Iron Treads
|-damage|p2a: Iron Treads|0 fnt
|faint|p2a: Iron Treads
|-end|p2a: Iron Treads|Quark Drive|[silent]
|
|upkeep
|
|t:|1760385978
|switch|p2a: Primarina|Primarina, M|32/100
|turn|34
|
|t:|1760385988
|switch|p1a: Corviknight|Corviknight, M|100/100
|-damage|p1a: Corviknight|88/100|[from] Stealth Rock
|-ability|p1a: Corviknight|Pressure
|move|p2a: Primarina|Moonblast|p1a: Corviknight
|-resisted|p1a: Corviknight
|-damage|p1a: Corviknight|47/100
|-unboost|p1a: Corviknight|spa|1
|
|upkeep
|turn|35
|
|t:|1760386017
|switch|p2a: Dragapult|Dragapult, F|100/100
|move|p1a: Corviknight|Roost|p1a: Corviknight
|-heal|p1a: Corviknight|97/100
|-singleturn|p1a: Corviknight|move: Roost
|
|upkeep
|turn|36
|
|t:|1760386021
|move|p2a: Dragapult|Will-O-Wisp|p1a: Corviknight
|-status|p1a: Corviknight|brn
|move|p1a: Corviknight|U-turn|p2a: Dragapult
|-resisted|p2a: Dragapult
|-damage|p2a: Dragapult|95/100
|
|t:|1760386026
|switch|p1a: Dragapult|Dragapult, M|100/100|[from] U-turn
|-damage|p1a: Dragapult|88/100|[from] Stealth Rock
|
|upkeep
|turn|37
|
|t:|1760386042
|move|p2a: Dragapult|Sucker Punch|p1a: Dragapult
|-supereffective|p1a: Dragapult
|-damage|p1a: Dragapult|22/100
|move|p1a: Dragapult|Draco Meteor|p2a: Dragapult
|-supereffective|p2a: Dragapult
|-damage|p2a: Dragapult|0 fnt
|-unboost|p1a: Dragapult|spa|2
|faint|p2a: Dragapult
|
|upkeep
|
|t:|1760386052
|switch|p2a: Primarina|Primarina, M|32/100
|turn|38
|
|t:|1760386057
|switch|p1a: Corviknight|Corviknight, M|97/100 brn
|-damage|p1a: Corviknight|85/100 brn|[from] Stealth Rock
|-ability|p1a: Corviknight|Pressure
|move|p2a: Primarina|Moonblast|p1a: Corviknight
|-resisted|p1a: Corviknight
|-damage|p1a: Corviknight|45/100 brn
|
|-damage|p1a: Corviknight|39/100 brn|[from] brn
|upkeep
|turn|39
|
|t:|1760386066
|move|p2a: Primarina|Moonblast|p1a: Corviknight
|-resisted|p1a: Corviknight
|-damage|p1a: Corviknight|0 fnt
|faint|p1a: Corviknight
|
|upkeep
|
|t:|1760386082
|switch|p1a: Dragapult|Dragapult, M|22/100
|-damage|p1a: Dragapult|10/100|[from] Stealth Rock
|turn|40
|
|t:|1760386093
|switch|p2a: Articuno|Articuno, tera:Ground|100/100
|-ability|p2a: Articuno|Pressure
|move|p1a: Dragapult|Draco Meteor|p2a: Articuno
|-damage|p2a: Articuno|23/100
|-unboost|p1a: Dragapult|spa|2
|
|-heal|p2a: Articuno|29/100|[from] item: Leftovers
|upkeep
|turn|41
|
|t:|1760386102
|switch|p2a: Primarina|Primarina, M|32/100
|move|p1a: Dragapult|Draco Meteor|p2a: Primarina
|-immune|p2a: Primarina
|
|upkeep
|turn|42
|
|t:|1760386108
|move|p1a: Dragapult|Draco Meteor|p2a: Primarina
|-immune|p2a: Primarina
|move|p2a: Primarina|Moonblast|p1a: Dragapult
|-supereffective|p1a: Dragapult
|-damage|p1a: Dragapult|0 fnt
|faint|p1a: Dragapult
|
|upkeep
|
|t:|1760386119
|switch|p1a: Ogerpon|Ogerpon-Wellspring, F|100/100 par
|-damage|p1a: Ogerpon|88/100 par|[from] Stealth Rock
|turn|43
|
|t:|1760386133
|-terastallize|p1a: Ogerpon|Water
|detailschange|p1a: Ogerpon|Ogerpon-Wellspring-Tera, F, tera:Water
|-ability|p1a: Ogerpon|Embody Aspect (Wellspring)|boost
|-boost|p1a: Ogerpon|spd|1
|move|p2a: Primarina|Moonblast|p1a: Ogerpon
|-damage|p1a: Ogerpon|35/100 par
|cant|p1a: Ogerpon|par
|
|upkeep
|turn|44
|
|t:|1760386140
|move|p2a: Primarina|Moonblast|p1a: Ogerpon
|-damage|p1a: Ogerpon|0 fnt
|faint|p1a: Ogerpon
|detailschange|p1: Ogerpon|Ogerpon-Wellspring, F|[silent]
|
|upkeep
|-message|Praticello forfeited.
|
|win|Des4
|raw|Praticello's rating: 1349 &rarr; <strong>1326</strong><br />(-23 for losing)
|raw|Des4's rating: 1302 &rarr; <strong>1325</strong><br />(+23 for winning)
|l|☆Praticello
|player|p1|
|l|☆Des4
|player|p2|
