|j|☆ChickenTalk2006
|j|☆dia90
|t:|1760325735
|gametype|singles
|player|p1|ChickenTalk2006|galacticgrunt|1619
|player|p2|dia90|101|1698
|gen|9
|tier|[Gen 9] OU
|rated|
|rule|HP Percentage Mod: HP is shown in percentages
|rule|Endless Battle Clause: Forcing endless battles is banned
|rule|Species Clause: Limit one of each Pokémon
|rule|OHKO Clause: OHKO moves are banned
|rule|Evasion Items Clause: Evasion items are banned
|rule|Evasion Moves Clause: Evasion moves are banned
|rule|Evasion Abilities Clause: Evasion abilities are banned
|rule|Sleep Moves Clause: Sleep-inducing moves are banned
|clearpoke
|poke|p1|Iron Boulder|
|poke|p1|Shiftry, F|
|poke|p1|Garchomp, M|
|poke|p1|Iron Valiant|
|poke|p1|Snorlax, M|
|poke|p1|Great Tusk|
|poke|p2|Ursaluna, M|
|poke|p2|Raging Bolt|
|poke|p2|Cinderace, F|
|poke|p2|Pecharunt|
|poke|p2|Ogerpon, F|
|poke|p2|Scizor, F|
|teampreview
|
|t:|1760325746
|teamsize|p1|6
|teamsize|p2|6
|start
|switch|p1a: Garchomp|Garchomp, M|100/100
|switch|p2a: Scizor|Scizor, F|100/100
|turn|1
|
|t:|1760325752
|move|p1a: Garchomp|Fire Blast|p2a: Scizor
|-supereffective|p2a: Scizor
|-damage|p2a: Scizor|0 fnt
|faint|p2a: Scizor
|-damage|p1a: Garchomp|91/100|[from] item: Life Orb
|
|upkeep
|
|t:|1760325759
|switch|p2a: Ogerpon|Ogerpon, F|100/100
|turn|2
|
|t:|1760325763
|-terastallize|p2a: Ogerpon|Grass
|detailschange|p2a: Ogerpon|Ogerpon-Teal-Tera, F, tera:Grass
|-ability|p2a: Ogerpon|Embody Aspect (Teal)|boost
|-boost|p2a: Ogerpon|spe|1
|move|p2a: Ogerpon|Power Whip|p1a: Garchomp
|-damage|p1a: Garchomp|0 fnt
|-damage|p2a: Ogerpon|88/100|[from] ability: Rough Skin|[of] p1a: Garchomp
|faint|p1a: Garchomp
|
|upkeep
|
|t:|1760325773
|switch|p1a: Shiftry|Shiftry, F|100/100
|turn|3
|
|t:|1760325778
|switch|p2a: Cinderace|Cinderace, F|100/100
|move|p1a: Shiftry|Tailwind|p1a: Shiftry
|-sidestart|p1: ChickenTalk2006|move: Tailwind
|-ability|p1a: Shiftry|Wind Rider|boost
|-boost|p1a: Shiftry|atk|1
|
|upkeep
|turn|4
|
|t:|1760325785
|move|p1a: Shiftry|Explosion|p2a: Cinderace
|-crit|p2a: Cinderace
|-damage|p2a: Cinderace|0 fnt
|faint|p1a: Shiftry
|faint|p2a: Cinderace
|
|upkeep
|
|t:|1760325794
|switch|p2a: Ogerpon|Ogerpon-Teal-Tera, F, tera:Grass|88/100
|switch|p1a: Iron Boulder|Iron Boulder|100/100
|-ability|p2a: Ogerpon|Embody Aspect (Teal)|boost
|-boost|p2a: Ogerpon|spe|1
|turn|5
|
|t:|1760325800
|move|p1a: Iron Boulder|Mighty Cleave|p2a: Ogerpon
|-damage|p2a: Ogerpon|22/100
|move|p2a: Ogerpon|Power Whip|p1a: Iron Boulder
|-supereffective|p1a: Iron Boulder
|-enditem|p1a: Iron Boulder|Focus Sash
|-damage|p1a: Iron Boulder|1/100
|
|upkeep
|turn|6
|
|t:|1760325808
|switch|p2a: Pecharunt|Pecharunt|100/100
|move|p1a: Iron Boulder|Swords Dance|p1a: Iron Boulder
|-boost|p1a: Iron Boulder|atk|2
|
|-sideend|p1: ChickenTalk2006|move: Tailwind
|upkeep
|turn|7
|
|t:|1760325815
|move|p1a: Iron Boulder|Earthquake|p2a: Pecharunt
|-supereffective|p2a: Pecharunt
|-damage|p2a: Pecharunt|43/100
|move|p2a: Pecharunt|Hex|p1a: Iron Boulder
|-supereffective|p1a: Iron Boulder
|-damage|p1a: Iron Boulder|0 fnt
|faint|p1a: Iron Boulder
|-end|p1a: Iron Boulder|Quark Drive|[silent]
|
|-heal|p2a: Pecharunt|49/100|[from] item: Leftovers
|upkeep
|
|t:|1760325833
|switch|p1a: Snorlax|Snorlax, M|100/100
|turn|8
|
|t:|1760325841
|move|p2a: Pecharunt|Recover|p2a: Pecharunt
|-heal|p2a: Pecharunt|99/100
|move|p1a: Snorlax|Belly Drum|p1a: Snorlax
|-damage|p1a: Snorlax|50/100
|-setboost|p1a: Snorlax|atk|6|[from] move: Belly Drum
|
|-heal|p2a: Pecharunt|100/100|[from] item: Leftovers
|upkeep
|turn|9
|-enditem|p1a: Snorlax|Custap Berry|[eat]
|-activate|p1a: Snorlax|item: Custap Berry|[consumed]
|
|t:|1760325849
|move|p1a: Snorlax|Earthquake|p2a: Pecharunt
|-supereffective|p2a: Pecharunt
|-damage|p2a: Pecharunt|0 fnt
|faint|p2a: Pecharunt
|
|upkeep
|
|t:|1760325855
|switch|p2a: Ogerpon|Ogerpon-Teal-Tera, F, tera:Grass|22/100
|-ability|p2a: Ogerpon|Embody Aspect (Teal)|boost
|-boost|p2a: Ogerpon|spe|1
|turn|10
|
|t:|1760325861
|move|p2a: Ogerpon|Power Whip|p1a: Snorlax
|-damage|p1a: Snorlax|0 fnt
|faint|p1a: Snorlax
|
|upkeep
|
|t:|1760325863
|switch|p1a: Iron Valiant|Iron Valiant|100/100
|-enditem|p1a: Iron Valiant|Booster Energy
|-activate|p1a: Iron Valiant|ability: Quark Drive|[fromitem]
|-start|p1a: Iron Valiant|quarkdrivespe
|turn|11
|
|t:|1760325874
|move|p1a: Iron Valiant|Moonblast|p2a: Ogerpon
|-damage|p2a: Ogerpon|0 fnt
|faint|p2a: Ogerpon
|detailschange|p2: Ogerpon|Ogerpon, F|[silent]
|
|upkeep
|
|t:|1760325881
|switch|p2a: Ursaluna|Ursaluna, M|100/100
|turn|12
|
|t:|1760325892
|move|p1a: Iron Valiant|Moonblast|p2a: Ursaluna
|-damage|p2a: Ursaluna|59/100
|-unboost|p2a: Ursaluna|spa|1
|move|p2a: Ursaluna|Double-Edge|p1a: Iron Valiant
|-damage|p1a: Iron Valiant|0 fnt
|faint|p1a: Iron Valiant
|-end|p1a: Iron Valiant|Quark Drive|[silent]
|-damage|p2a: Ursaluna|39/100|[from] Recoil
|
|upkeep
|
|t:|1760325894
|switch|p1a: Great Tusk|Great Tusk|100/100
|-enditem|p1a: Great Tusk|Booster Energy
|-activate|p1a: Great Tusk|ability: Protosynthesis|[fromitem]
|-start|p1a: Great Tusk|protosynthesisatk
|turn|13
|
|t:|1760325903
|move|p1a: Great Tusk|Headlong Rush|p2a: Ursaluna
|-damage|p2a: Ursaluna|0 fnt
|-unboost|p1a: Great Tusk|def|1
|-unboost|p1a: Great Tusk|spd|1
|faint|p2a: Ursaluna
|
|upkeep
|
|t:|1760325909
|switch|p2a: Raging Bolt|Raging Bolt|100/100
|turn|14
|
|t:|1760325913
|-terastallize|p1a: Great Tusk|Steel
|move|p1a: Great Tusk|Headlong Rush|p2a: Raging Bolt
|-supereffective|p2a: Raging Bolt
|-damage|p2a: Raging Bolt|0 fnt
|-unboost|p1a: Great Tusk|def|1
|-unboost|p1a: Great Tusk|spd|1
|faint|p2a: Raging Bolt
|-end|p2a: Raging Bolt|Protosynthesis|[silent]
|
|win|ChickenTalk2006
|raw|ChickenTalk2006's rating: 1619 &rarr; <strong>1643</strong><br />(+24 for winning)
|raw|dia90's rating: 1698 &rarr; <strong>1674</strong><br />(-24 for losing)
|l|☆dia90
|player|p2|
|l|☆ChickenTalk2006
|player|p1|
