|j|☆sminey
|j|☆zimore
|t:|1760330055
|gametype|singles
|player|p1|sminey|2|1558
|player|p2|zimore|iris-gen5bw2|1498
|gen|9
|tier|[Gen 9] OU
|rated|
|rule|HP Percentage Mod: HP is shown in percentages
|rule|Endless Battle Clause: Forcing endless battles is banned
|rule|Species Clause: Limit one of each Pokémon
|rule|OHKO Clause: OHKO moves are banned
|rule|Evasion Items Clause: Evasion items are banned
|rule|Evasion Moves Clause: Evasion moves are banned
|rule|Evasion Abilities Clause: Evasion abilities are banned
|rule|Sleep Moves Clause: Sleep-inducing moves are banned
|clearpoke
|poke|p1|Latios, M|
|poke|p1|Cinderace, M|
|poke|p1|Weavile, F|
|poke|p1|Zapdos|
|poke|p1|Clefable, M|
|poke|p1|Slowking-Galar, M|
|poke|p2|Scream Tail|
|poke|p2|Primarina, F|
|poke|p2|Mandibuzz, F|
|poke|p2|Iron Treads|
|poke|p2|Ogerpon-Wellspring, F|
|poke|p2|Ninetales-Alola, F|
|teampreview
|inactive|Battle timer is ON: inactive players will automatically lose when time's up. (requested by sminey)
|
|t:|1760330088
|teamsize|p1|6
|teamsize|p2|6
|start
|switch|p1a: Cinderace|Cinderace, M|100/100
|switch|p2a: Mandibuzz|Mandibuzz, F|100/100
|turn|1
|
|t:|1760330095
|move|p1a: Cinderace|U-turn|p2a: Mandibuzz
|-start|p1a: Cinderace|typechange|Bug|[from] ability: Libero
|-damage|p2a: Mandibuzz|82/100
|
|t:|1760330098
|switch|p1a: Zapdos|Zapdos|100/100|[from] U-turn
|move|p2a: Mandibuzz|Toxic|p1a: Zapdos
|-status|p1a: Zapdos|tox
|
|-damage|p1a: Zapdos|94/100 tox|[from] psn
|upkeep
|turn|2
|
|t:|1760330105
|switch|p2a: Ninetales|Ninetales-Alola, F|100/100
|-weather|Snowscape|[from] ability: Snow Warning|[of] p2a: Ninetales
|move|p1a: Zapdos|Volt Switch|p2a: Ninetales
|-damage|p2a: Ninetales|69/100
|
|t:|1760330108
|switch|p1a: Cinderace|Cinderace, M|100/100|[from] Volt Switch
|
|-weather|Snowscape|[upkeep]
|upkeep
|turn|3
|
|t:|1760330116
|switch|p2a: Mandibuzz|Mandibuzz, F|82/100
|move|p1a: Cinderace|Pyro Ball|p2a: Mandibuzz
|-damage|p2a: Mandibuzz|52/100
|
|-weather|Snowscape|[upkeep]
|upkeep
|turn|4
|
|t:|1760330123
|move|p1a: Cinderace|U-turn|p2a: Mandibuzz
|-start|p1a: Cinderace|typechange|Bug|[from] ability: Libero
|-damage|p2a: Mandibuzz|31/100
|
|t:|1760330124
|switch|p1a: Clefable|Clefable, M|100/100|[from] U-turn
|move|p2a: Mandibuzz|Roost|p2a: Mandibuzz
|-heal|p2a: Mandibuzz|81/100
|-singleturn|p2a: Mandibuzz|move: Roost
|
|-weather|Snowscape|[upkeep]
|upkeep
|turn|5
|inactive|zimore has 120 seconds left.
|
|t:|1760330158
|switch|p2a: Poppy|Primarina, F|100/100
|switch|p1a: Slowking|Slowking-Galar, M|100/100
|
|-weather|Snowscape|[upkeep]
|upkeep
|turn|6
|
|t:|1760330164
|switch|p2a: Iron Treads|Iron Treads|100/100
|move|p1a: Slowking|Sludge Bomb|p2a: Iron Treads
|-immune|p2a: Iron Treads
|
|-weather|none
|upkeep
|turn|7
|
|t:|1760330178
|switch|p1a: Latios|Latios, M|100/100
|move|p2a: Iron Treads|Knock Off|p1a: Latios
|-supereffective|p1a: Latios
|-damage|p1a: Latios|21/100
|-enditem|p1a: Latios|Choice Scarf|[from] move: Knock Off|[of] p2a: Iron Treads
|
|upkeep
|turn|8
|
|t:|1760330190
|move|p1a: Latios|Flip Turn|p2a: Iron Treads
|-supereffective|p2a: Iron Treads
|-damage|p2a: Iron Treads|79/100
|
|t:|1760330192
|switch|p1a: Cinderace|Cinderace, M|100/100|[from] Flip Turn
|move|p2a: Iron Treads|Ice Spinner|p1a: Cinderace
|-resisted|p1a: Cinderace
|-damage|p1a: Cinderace|84/100
|
|upkeep
|turn|9
|
|t:|1760330217
|-end|p2a: Iron Treads|Quark Drive|[silent]
|switch|p2a: Mandibuzz|Mandibuzz, F|81/100
|-terastallize|p1a: Cinderace|Fire
|move|p1a: Cinderace|Pyro Ball|p2a: Mandibuzz
|-damage|p2a: Mandibuzz|39/100
|
|upkeep
|turn|10
|inactive|zimore has 120 seconds left.
|
|t:|1760330248
|switch|p2a: Poppy|Primarina, F|100/100
|move|p1a: Cinderace|Pyro Ball|p2a: Poppy
|-resisted|p2a: Poppy
|-damage|p2a: Poppy|51/100
|
|-heal|p2a: Poppy|57/100|[from] item: Leftovers
|upkeep
|turn|11
|
|t:|1760330257
|move|p1a: Cinderace|U-turn|p2a: Poppy
|-resisted|p2a: Poppy
|-damage|p2a: Poppy|45/100
|
|t:|1760330260
|switch|p1a: Slowking|Slowking-Galar, M|100/100|[from] U-turn
|move|p2a: Poppy|Psychic Noise|p1a: Slowking
|-damage|p1a: Slowking|82/100
|-start|p1a: Slowking|move: Heal Block
|
|-heal|p2a: Poppy|51/100|[from] item: Leftovers
|upkeep
|turn|12
|inactive|zimore has 120 seconds left.
|
|t:|1760330271
|switch|p2a: Mandibuzz|Mandibuzz, F|39/100
|move|p1a: Slowking|Flamethrower|p2a: Mandibuzz
|-damage|p2a: Mandibuzz|20/100
|
|-end|p1a: Slowking|move: Heal Block
|upkeep
|turn|13
|
|t:|1760330277
|move|p2a: Mandibuzz|Roost|p2a: Mandibuzz
|-heal|p2a: Mandibuzz|70/100
|-singleturn|p2a: Mandibuzz|move: Roost
|move|p1a: Slowking|Ice Beam|p2a: Mandibuzz
|-damage|p2a: Mandibuzz|50/100
|-status|p2a: Mandibuzz|frz
|
|upkeep
|turn|14
|c|☆zimore|yea ok
|inactive|zimore has 120 seconds left.
|c|☆sminey|that is brutal
|
|t:|1760330315
|cant|p2a: Mandibuzz|frz
|move|p1a: Slowking|Ice Beam|p2a: Mandibuzz
|-supereffective|p2a: Mandibuzz
|-damage|p2a: Mandibuzz|12/100 frz
|
|upkeep
|turn|15
|inactive|zimore has 90 seconds left.
|
|t:|1760330346
|cant|p2a: Mandibuzz|frz
|move|p1a: Slowking|Flamethrower|p2a: Mandibuzz
|-damage|p2a: Mandibuzz|0 fnt
|faint|p2a: Mandibuzz
|
|upkeep
|
|t:|1760330351
|switch|p2a: Iron Treads|Iron Treads|79/100
|turn|16
|
|t:|1760330377
|switch|p1a: Zapdos|Zapdos|94/100 tox
|move|p2a: Iron Treads|Knock Off|p1a: Zapdos
|-damage|p1a: Zapdos|72/100 tox
|-enditem|p1a: Zapdos|Heavy-Duty Boots|[from] move: Knock Off|[of] p2a: Iron Treads
|
|-damage|p1a: Zapdos|66/100 tox|[from] psn
|upkeep
|turn|17
|
|t:|1760330385
|switch|p1a: Cinderace|Cinderace, M, tera:Fire|84/100
|move|p2a: Iron Treads|Ice Spinner|p1a: Cinderace
|-resisted|p1a: Cinderace
|-damage|p1a: Cinderace|65/100
|
|upkeep
|turn|18
|inactive|zimore has 90 seconds left.
|inactive|zimore has 60 seconds left.
|
|t:|1760330446
|-end|p2a: Iron Treads|Quark Drive|[silent]
|switch|p2a: Joy|Scream Tail|100/100
|-enditem|p2a: Joy|Booster Energy
|-activate|p2a: Joy|ability: Protosynthesis|[fromitem]
|-start|p2a: Joy|protosynthesisspe
|move|p1a: Cinderace|Pyro Ball|p2a: Joy
|-damage|p2a: Joy|35/100
|-status|p2a: Joy|brn
|
|-damage|p2a: Joy|29/100 brn|[from] brn
|upkeep
|turn|19
|
|t:|1760330457
|switch|p1a: Slowking|Slowking-Galar, M|100/100
|-terastallize|p2a: Joy|Normal
|move|p2a: Joy|Boomburst|p1a: Slowking
|-damage|p1a: Slowking|80/100
|
|-damage|p2a: Joy|23/100 brn|[from] brn
|upkeep
|turn|20
|
|t:|1760330476
|move|p2a: Joy|Psychic Noise|p1a: Slowking
|-damage|p1a: Slowking|69/100
|-start|p1a: Slowking|move: Heal Block
|move|p1a: Slowking|Flamethrower|p2a: Joy
|-damage|p2a: Joy|3/100 brn
|
|-damage|p2a: Joy|0 fnt|[from] brn
|faint|p2a: Joy
|-end|p2a: Joy|Protosynthesis|[silent]
|upkeep
|
|t:|1760330487
|switch|p2a: Iron Treads|Iron Treads|79/100
|turn|21
|
|t:|1760330493
|switch|p1a: Zapdos|Zapdos|66/100 tox
|move|p2a: Iron Treads|Rapid Spin|p1a: Zapdos
|-damage|p1a: Zapdos|53/100 tox
|-boost|p2a: Iron Treads|spe|1
|
|-damage|p1a: Zapdos|47/100 tox|[from] psn
|upkeep
|turn|22
|
|t:|1760330500
|move|p2a: Iron Treads|Ice Spinner|p1a: Zapdos
|-supereffective|p1a: Zapdos
|-damage|p1a: Zapdos|11/100 tox
|-status|p2a: Iron Treads|par|[from] ability: Static|[of] p1a: Zapdos
|move|p1a: Zapdos|Roost|p1a: Zapdos
|-heal|p1a: Zapdos|61/100 tox
|-singleturn|p1a: Zapdos|move: Roost
|
|-damage|p1a: Zapdos|49/100 tox|[from] psn
|upkeep
|turn|23
|
|t:|1760330510
|switch|p1a: Clefable|Clefable, M|100/100
|move|p2a: Iron Treads|Earthquake|p1a: Clefable
|-damage|p1a: Clefable|65/100
|
|upkeep
|turn|24
|
|t:|1760330522
|-end|p2a: Iron Treads|Quark Drive|[silent]
|switch|p2a: Ogerpon|Ogerpon-Wellspring, F|100/100
|move|p1a: Clefable|Moonlight|p1a: Clefable
|-heal|p1a: Clefable|100/100
|
|upkeep
|turn|25
|
|t:|1760330528
|move|p2a: Ogerpon|Trailblaze|p1a: Clefable
|-damage|p1a: Clefable|76/100
|-boost|p2a: Ogerpon|spe|1
|move|p1a: Clefable|Moonblast|p2a: Ogerpon
|-damage|p2a: Ogerpon|67/100
|
|upkeep
|turn|26
|
|t:|1760330536
|move|p2a: Ogerpon|Swords Dance|p2a: Ogerpon
|-boost|p2a: Ogerpon|atk|2
|move|p1a: Clefable|Moonblast|p2a: Ogerpon
|-damage|p2a: Ogerpon|29/100
|
|upkeep
|turn|27
|
|t:|1760330540
|move|p2a: Ogerpon|Ivy Cudgel|p1a: Clefable|[anim] Ivy Cudgel Water
|-damage|p1a: Clefable|33/100
|move|p1a: Clefable|Moonblast|p2a: Ogerpon
|-damage|p2a: Ogerpon|0 fnt
|faint|p2a: Ogerpon
|
|upkeep
|inactive|zimore has 60 seconds left.
|
|t:|1760330576
|switch|p2a: Iron Treads|Iron Treads|79/100 par
|turn|28
|
|t:|1760330593
|switch|p1a: Latios|Latios, M|21/100
|move|p2a: Iron Treads|Earthquake|p1a: Latios
|-immune|p1a: Latios|[from] ability: Levitate
|
|upkeep
|turn|29
|
|t:|1760330605
|move|p1a: Latios|Flip Turn|p2a: Iron Treads
|-supereffective|p2a: Iron Treads
|-damage|p2a: Iron Treads|57/100 par
|
|t:|1760330613
|switch|p1a: Cinderace|Cinderace, M, tera:Fire|65/100|[from] Flip Turn
|move|p2a: Iron Treads|Knock Off|p1a: Cinderace
|-damage|p1a: Cinderace|19/100
|-enditem|p1a: Cinderace|Heavy-Duty Boots|[from] move: Knock Off|[of] p2a: Iron Treads
|
|upkeep
|turn|30
|inactive|zimore has 30 seconds left.
|
|t:|1760330644
|move|p1a: Cinderace|Pyro Ball|p2a: Iron Treads
|-supereffective|p2a: Iron Treads
|-damage|p2a: Iron Treads|0 fnt
|faint|p2a: Iron Treads
|-end|p2a: Iron Treads|Quark Drive|[silent]
|
|upkeep
|inactive|zimore has 30 seconds left this turn.
|
|t:|1760330646
|switch|p2a: Poppy|Primarina, F|51/100
|turn|31
|
|t:|1760330651
|move|p1a: Cinderace|U-turn|p2a: Poppy
|-resisted|p2a: Poppy
|-damage|p2a: Poppy|36/100
|
|t:|1760330655
|switch|p1a: Slowking|Slowking-Galar, M|100/100|[from] U-turn
|move|p2a: Poppy|Psychic Noise|p1a: Slowking
|-damage|p1a: Slowking|83/100
|-start|p1a: Slowking|move: Heal Block
|
|-heal|p2a: Poppy|42/100|[from] item: Leftovers
|upkeep
|turn|32
|
|t:|1760330668
|switch|p2a: Ninetales|Ninetales-Alola, F|69/100
|-weather|Snowscape|[from] ability: Snow Warning|[of] p2a: Ninetales
|move|p1a: Slowking|Sludge Bomb|p2a: Ninetales
|-supereffective|p2a: Ninetales
|-damage|p2a: Ninetales|0 fnt
|faint|p2a: Ninetales
|
|-weather|Snowscape|[upkeep]
|-end|p1a: Slowking|move: Heal Block
|upkeep
|c|☆sminey|gg
|c|☆zimore|gg
|
|t:|1760330680
|switch|p2a: Poppy|Primarina, F|42/100
|turn|33
|
|t:|1760330683
|move|p2a: Poppy|Calm Mind|p2a: Poppy
|-boost|p2a: Poppy|spa|1
|-boost|p2a: Poppy|spd|1
|move|p1a: Slowking|Sludge Bomb|p2a: Poppy
|-supereffective|p2a: Poppy
|-damage|p2a: Poppy|2/100
|
|-weather|Snowscape|[upkeep]
|-heal|p2a: Poppy|8/100|[from] item: Leftovers
|upkeep
|turn|34
|
|t:|1760330693
|move|p2a: Poppy|Ice Beam|p1a: Slowking
|-crit|p1a: Slowking
|-damage|p1a: Slowking|54/100
|move|p1a: Slowking|Sludge Bomb|p2a: Poppy
|-supereffective|p2a: Poppy
|-crit|p2a: Poppy
|-damage|p2a: Poppy|0 fnt
|faint|p2a: Poppy
|
|win|sminey
|raw|sminey's rating: 1558 &rarr; <strong>1575</strong><br />(+17 for winning)
|raw|zimore's rating: 1498 &rarr; <strong>1481</strong><br />(-17 for losing)
|l|☆zimore
|player|p2|
|l|☆sminey
|player|p1|
