|j|☆sanjo4
|j|☆irobutz
|t:|1760353298
|gametype|singles
|player|p1|sanjo4|dawn|1656
|player|p2|irobutz|101|1622
|gen|9
|tier|[Gen 9] OU
|rated|
|rule|HP Percentage Mod: HP is shown in percentages
|rule|Endless Battle Clause: Forcing endless battles is banned
|rule|Species Clause: Limit one of each Pokémon
|rule|OHKO Clause: OHKO moves are banned
|rule|Evasion Items Clause: Evasion items are banned
|rule|Evasion Moves Clause: Evasion moves are banned
|rule|Evasion Abilities Clause: Evasion abilities are banned
|rule|Sleep Moves Clause: Sleep-inducing moves are banned
|clearpoke
|poke|p1|Dragonite, M|
|poke|p1|Gholdengo|
|poke|p1|Iron Treads|
|poke|p1|Quaquaval, M|
|poke|p1|Slowking-Galar, M|
|poke|p1|Ting-Lu|
|poke|p2|Iron Crown|
|poke|p2|Meowscarada, M|
|poke|p2|Great Tusk|
|poke|p2|Pecharunt|
|poke|p2|Ting-Lu|
|poke|p2|Iron Valiant|
|teampreview
|inactive|Battle timer is ON: inactive players will automatically lose when time's up. (requested by irobutz)
|
|t:|1760353310
|teamsize|p1|6
|teamsize|p2|6
|start
|switch|p1a: Quaquaval|Quaquaval, M|100/100
|switch|p2a: Meowscarada|Meowscarada, M|100/100
|turn|1
|
|t:|1760353324
|move|p2a: Meowscarada|Knock Off|p1a: Quaquaval
|-start|p2a: Meowscarada|typechange|Dark|[from] ability: Protean
|-resisted|p1a: Quaquaval
|-damage|p1a: Quaquaval|59/100
|-enditem|p1a: Quaquaval|Choice Band|[from] move: Knock Off|[of] p2a: Meowscarada
|move|p1a: Quaquaval|U-turn|p2a: Meowscarada
|-supereffective|p2a: Meowscarada
|-damage|p2a: Meowscarada|24/100
|
|t:|1760353328
|switch|p1a: Dragonite|Dragonite, M|100/100|[from] U-turn
|
|upkeep
|turn|2
|
|t:|1760353340
|switch|p2a: Pecharunt|Pecharunt|100/100
|move|p1a: Dragonite|Extreme Speed|p2a: Pecharunt
|-immune|p2a: Pecharunt
|
|upkeep
|turn|3
|
|t:|1760353348
|switch|p1a: Slowking|Slowking-Galar, M|100/100
|switch|p2a: Ting-Lu|Ting-Lu|100/100
|-ability|p2a: Ting-Lu|Vessel of Ruin
|
|upkeep
|turn|4
|
|t:|1760353352
|move|p2a: Ting-Lu|Stealth Rock|p1a: Slowking
|-sidestart|p1: sanjo4|move: Stealth Rock
|-prepare|p1a: Slowking|Chilly Reception|[premajor]
|move|p1a: Slowking|Chilly Reception|p1a: Slowking
|-weather|Snowscape
|
|t:|1760353364
|switch|p1a: Quaquaval|Quaquaval, M|59/100|[from] Chilly Reception
|-damage|p1a: Quaquaval|53/100|[from] Stealth Rock
|
|-weather|Snowscape|[upkeep]
|upkeep
|turn|5
|
|t:|1760353368
|switch|p2a: Pecharunt|Pecharunt|100/100
|move|p1a: Quaquaval|U-turn|p2a: Pecharunt
|-resisted|p2a: Pecharunt
|-damage|p2a: Pecharunt|98/100
|-damage|p1a: Quaquaval|36/100|[from] item: Rocky Helmet|[of] p2a: Pecharunt
|
|t:|1760353374
|switch|p1a: Iron Treads|Iron Treads|100/100|[from] U-turn
|-damage|p1a: Iron Treads|97/100|[from] Stealth Rock
|
|-weather|Snowscape|[upkeep]
|-heal|p1a: Iron Treads|100/100|[from] item: Leftovers
|upkeep
|turn|6
|
|t:|1760353379
|move|p1a: Iron Treads|Knock Off|p2a: Pecharunt
|-supereffective|p2a: Pecharunt
|-damage|p2a: Pecharunt|69/100
|-damage|p1a: Iron Treads|84/100|[from] item: Rocky Helmet|[of] p2a: Pecharunt
|-enditem|p2a: Pecharunt|Rocky Helmet|[from] move: Knock Off|[of] p1a: Iron Treads
|move|p2a: Pecharunt|Parting Shot|p1a: Iron Treads
|-unboost|p1a: Iron Treads|atk|1
|-unboost|p1a: Iron Treads|spa|1
|
|t:|1760353405
|switch|p2a: Iron Valiant|Iron Valiant|100/100|[from] Parting Shot
|-enditem|p2a: Iron Valiant|Booster Energy
|-activate|p2a: Iron Valiant|ability: Quark Drive|[fromitem]
|-start|p2a: Iron Valiant|quarkdrivespe
|
|-weather|Snowscape|[upkeep]
|-heal|p1a: Iron Treads|90/100|[from] item: Leftovers
|upkeep
|turn|7
|
|t:|1760353417
|move|p2a: Iron Valiant|Close Combat|p1a: Iron Treads
|-supereffective|p1a: Iron Treads
|-damage|p1a: Iron Treads|0 fnt
|-unboost|p2a: Iron Valiant|def|1
|-unboost|p2a: Iron Valiant|spd|1
|faint|p1a: Iron Treads
|-end|p1a: Iron Treads|Quark Drive|[silent]
|
|-weather|Snowscape|[upkeep]
|upkeep
|
|t:|1760353433
|switch|p1a: Gholdengo|Gholdengo|100/100
|-damage|p1a: Gholdengo|94/100|[from] Stealth Rock
|turn|8
|
|t:|1760353441
|-end|p2a: Iron Valiant|Quark Drive|[silent]
|switch|p2a: Ting-Lu|Ting-Lu|100/100
|-ability|p2a: Ting-Lu|Vessel of Ruin
|move|p1a: Gholdengo|Trick|p2a: Ting-Lu
|-activate|p1a: Gholdengo|move: Trick|[of] p2a: Ting-Lu
|-item|p2a: Ting-Lu|Choice Scarf|[from] move: Trick
|-item|p1a: Gholdengo|Leftovers|[from] move: Trick
|
|-weather|none
|-heal|p1a: Gholdengo|100/100|[from] item: Leftovers
|upkeep
|turn|9
|
|t:|1760353462
|switch|p1a: Quaquaval|Quaquaval, M|36/100
|-damage|p1a: Quaquaval|30/100|[from] Stealth Rock
|move|p2a: Ting-Lu|Ruination|p1a: Quaquaval|[miss]
|-miss|p2a: Ting-Lu|p1a: Quaquaval
|
|upkeep
|turn|10
|
|t:|1760353470
|switch|p2a: Pecharunt|Pecharunt|69/100
|move|p1a: Quaquaval|Aqua Step|p2a: Pecharunt
|-damage|p2a: Pecharunt|49/100
|-boost|p1a: Quaquaval|spe|1
|
|upkeep
|turn|11
|
|t:|1760353475
|move|p1a: Quaquaval|Aqua Step|p2a: Pecharunt
|-damage|p2a: Pecharunt|30/100
|-boost|p1a: Quaquaval|spe|1
|move|p2a: Pecharunt|Recover|p2a: Pecharunt
|-heal|p2a: Pecharunt|80/100
|
|upkeep
|turn|12
|
|t:|1760353490
|move|p1a: Quaquaval|U-turn|p2a: Pecharunt
|-resisted|p2a: Pecharunt
|-damage|p2a: Pecharunt|78/100
|
|t:|1760353497
|switch|p1a: Ting-Lu|Ting-Lu|100/100|[from] U-turn
|-damage|p1a: Ting-Lu|94/100|[from] Stealth Rock
|-ability|p1a: Ting-Lu|Vessel of Ruin
|move|p2a: Pecharunt|Hex|p1a: Ting-Lu
|-resisted|p1a: Ting-Lu
|-damage|p1a: Ting-Lu|90/100
|
|-heal|p1a: Ting-Lu|96/100|[from] item: Leftovers
|upkeep
|turn|13
|
|t:|1760353502
|move|p2a: Pecharunt|Parting Shot|p1a: Ting-Lu
|-unboost|p1a: Ting-Lu|atk|1
|-unboost|p1a: Ting-Lu|spa|1
|
|t:|1760353508
|switch|p2a: Great Tusk|Great Tusk|100/100|[from] Parting Shot
|move|p1a: Ting-Lu|Spikes|p2a: Great Tusk
|-sidestart|p2: irobutz|Spikes
|
|-heal|p1a: Ting-Lu|100/100|[from] item: Leftovers
|upkeep
|turn|14
|
|t:|1760353517
|move|p2a: Great Tusk|Bulk Up|p2a: Great Tusk
|-boost|p2a: Great Tusk|atk|1
|-boost|p2a: Great Tusk|def|1
|move|p1a: Ting-Lu|Ruination|p2a: Great Tusk
|-damage|p2a: Great Tusk|50/100
|
|-heal|p2a: Great Tusk|57/100|[from] item: Leftovers
|upkeep
|turn|15
|
|t:|1760353522
|move|p2a: Great Tusk|Ice Spinner|p1a: Ting-Lu
|-supereffective|p1a: Ting-Lu
|-damage|p1a: Ting-Lu|60/100
|move|p1a: Ting-Lu|Whirlwind|p2a: Great Tusk
|-end|p2a: Great Tusk|Protosynthesis|[silent]
|drag|p2a: Iron Crown|Iron Crown|100/100
|-damage|p2a: Iron Crown|88/100|[from] Spikes
|
|-heal|p1a: Ting-Lu|67/100|[from] item: Leftovers
|upkeep
|turn|16
|
|t:|1760353534
|move|p2a: Iron Crown|Focus Blast|p1a: Ting-Lu
|-supereffective|p1a: Ting-Lu
|-damage|p1a: Ting-Lu|15/100
|move|p1a: Ting-Lu|Spikes|p2a: Iron Crown
|-sidestart|p2: irobutz|Spikes
|
|-heal|p1a: Ting-Lu|21/100|[from] item: Leftovers
|upkeep
|turn|17
|
|t:|1760353540
|switch|p1a: Gholdengo|Gholdengo|100/100
|-damage|p1a: Gholdengo|94/100|[from] Stealth Rock
|move|p2a: Iron Crown|Focus Blast|p1a: Gholdengo
|-immune|p1a: Gholdengo
|
|-heal|p1a: Gholdengo|100/100|[from] item: Leftovers
|upkeep
|turn|18
|
|t:|1760353556
|-end|p2a: Iron Crown|Quark Drive|[silent]
|switch|p2a: Ting-Lu|Ting-Lu|100/100
|-damage|p2a: Ting-Lu|84/100|[from] Spikes
|-ability|p2a: Ting-Lu|Vessel of Ruin
|-terastallize|p1a: Gholdengo|Fairy
|move|p1a: Gholdengo|Dazzling Gleam|p2a: Ting-Lu
|-supereffective|p2a: Ting-Lu
|-damage|p2a: Ting-Lu|51/100
|
|upkeep
|turn|19
|
|t:|1760353567
|move|p1a: Gholdengo|Dazzling Gleam|p2a: Ting-Lu
|-supereffective|p2a: Ting-Lu
|-damage|p2a: Ting-Lu|18/100
|move|p2a: Ting-Lu|Earthquake|p1a: Gholdengo
|-damage|p1a: Gholdengo|54/100
|
|-heal|p1a: Gholdengo|60/100|[from] item: Leftovers
|upkeep
|turn|20
|
|t:|1760353574
|move|p1a: Gholdengo|Dazzling Gleam|p2a: Ting-Lu
|-supereffective|p2a: Ting-Lu
|-damage|p2a: Ting-Lu|0 fnt
|faint|p2a: Ting-Lu
|
|-heal|p1a: Gholdengo|67/100|[from] item: Leftovers
|upkeep
|
|t:|1760353579
|switch|p2a: Iron Crown|Iron Crown|88/100
|-damage|p2a: Iron Crown|72/100|[from] Spikes
|turn|21
|
|t:|1760353584
|switch|p1a: Quaquaval|Quaquaval, M|30/100
|-damage|p1a: Quaquaval|24/100|[from] Stealth Rock
|move|p2a: Iron Crown|Tachyon Cutter|p1a: Quaquaval
|-resisted|p1a: Quaquaval
|-damage|p1a: Quaquaval|0 fnt
|faint|p1a: Quaquaval
|-hitcount|p1: Quaquaval|1
|
|upkeep
|
|t:|1760353596
|switch|p1a: Dragonite|Dragonite, M|100/100
|turn|22
|
|t:|1760353603
|-end|p2a: Iron Crown|Quark Drive|[silent]
|switch|p2a: Iron Valiant|Iron Valiant|100/100
|-damage|p2a: Iron Valiant|84/100|[from] Spikes
|move|p1a: Dragonite|Dragon Dance|p1a: Dragonite
|-boost|p1a: Dragonite|atk|1
|-boost|p1a: Dragonite|spe|1
|
|upkeep
|turn|23
|
|t:|1760353613
|move|p1a: Dragonite|Extreme Speed|p2a: Iron Valiant
|-crit|p2a: Iron Valiant
|-damage|p2a: Iron Valiant|0 fnt
|faint|p2a: Iron Valiant
|-end|p2a: Iron Valiant|Quark Drive|[silent]
|
|upkeep
|
|t:|1760353616
|switch|p2a: Pecharunt|Pecharunt|78/100
|-damage|p2a: Pecharunt|61/100|[from] Spikes
|turn|24
|c|☆sanjo4|mb
|
|t:|1760353625
|-terastallize|p2a: Pecharunt|Fairy
|move|p1a: Dragonite|Earthquake|p2a: Pecharunt
|-damage|p2a: Pecharunt|35/100
|move|p2a: Pecharunt|Recover|p2a: Pecharunt
|-heal|p2a: Pecharunt|85/100
|
|upkeep
|turn|25
|
|t:|1760353631
|switch|p1a: Slowking|Slowking-Galar, M|100/100
|-damage|p1a: Slowking|88/100|[from] Stealth Rock
|move|p2a: Pecharunt|Malignant Chain|p1a: Slowking
|-resisted|p1a: Slowking
|-damage|p1a: Slowking|75/100
|
|upkeep
|turn|26
|
|t:|1760353636
|move|p2a: Pecharunt|Parting Shot|p1a: Slowking
|-unboost|p1a: Slowking|atk|1
|-unboost|p1a: Slowking|spa|1
|
|t:|1760353640
|switch|p2a: Meowscarada|Meowscarada, M|24/100|[from] Parting Shot
|-damage|p2a: Meowscarada|8/100|[from] Spikes
|move|p1a: Slowking|Sludge Bomb|p2a: Meowscarada
|-supereffective|p2a: Meowscarada
|-damage|p2a: Meowscarada|0 fnt
|faint|p2a: Meowscarada
|
|upkeep
|
|t:|1760353643
|switch|p2a: Great Tusk|Great Tusk|57/100
|-damage|p2a: Great Tusk|40/100|[from] Spikes
|turn|27
|
|t:|1760353650
|move|p2a: Great Tusk|Headlong Rush|p1a: Slowking
|-supereffective|p1a: Slowking
|-enditem|p1a: Slowking|Shuca Berry|[eat]
|-enditem|p1a: Slowking|Shuca Berry|[weaken]
|-damage|p1a: Slowking|34/100
|-unboost|p2a: Great Tusk|def|1
|-unboost|p2a: Great Tusk|spd|1
|move|p1a: Slowking|Ice Beam|p2a: Great Tusk
|-supereffective|p2a: Great Tusk
|-damage|p2a: Great Tusk|0 fnt
|faint|p2a: Great Tusk
|-end|p2a: Great Tusk|Protosynthesis|[silent]
|
|upkeep
|
|t:|1760353656
|switch|p2a: Iron Crown|Iron Crown|72/100
|-damage|p2a: Iron Crown|55/100|[from] Spikes
|turn|28
|
|t:|1760353660
|switch|p1a: Ting-Lu|Ting-Lu|21/100
|-damage|p1a: Ting-Lu|15/100|[from] Stealth Rock
|-ability|p1a: Ting-Lu|Vessel of Ruin
|move|p2a: Iron Crown|Tachyon Cutter|p1a: Ting-Lu
|-damage|p1a: Ting-Lu|0 fnt
|faint|p1a: Ting-Lu
|-hitcount|p1: Ting-Lu|1
|
|upkeep
|
|t:|1760353663
|switch|p1a: Dragonite|Dragonite, M|100/100
|turn|29
|
|t:|1760353667
|-end|p2a: Iron Crown|Quark Drive|[silent]
|switch|p2a: Pecharunt|Pecharunt, tera:Fairy|85/100
|-damage|p2a: Pecharunt|68/100|[from] Spikes
|move|p1a: Dragonite|Earthquake|p2a: Pecharunt
|-damage|p2a: Pecharunt|50/100
|
|upkeep
|turn|30
|
|t:|1760353675
|move|p1a: Dragonite|Dragon Dance|p1a: Dragonite
|-boost|p1a: Dragonite|atk|1
|-boost|p1a: Dragonite|spe|1
|move|p2a: Pecharunt|Recover|p2a: Pecharunt
|-heal|p2a: Pecharunt|99/100
|
|upkeep
|turn|31
|
|t:|1760353683
|switch|p1a: Slowking|Slowking-Galar, M|67/100
|-damage|p1a: Slowking|55/100|[from] Stealth Rock
|move|p2a: Pecharunt|Malignant Chain|p1a: Slowking
|-resisted|p1a: Slowking
|-damage|p1a: Slowking|43/100
|
|upkeep
|turn|32
|
|t:|1760353687
|move|p2a: Pecharunt|Parting Shot|p1a: Slowking
|-unboost|p1a: Slowking|atk|1
|-unboost|p1a: Slowking|spa|1
|
|t:|1760353689
|switch|p2a: Iron Crown|Iron Crown|55/100|[from] Parting Shot
|-damage|p2a: Iron Crown|39/100|[from] Spikes
|-prepare|p1a: Slowking|Chilly Reception|[premajor]
|move|p1a: Slowking|Chilly Reception|p1a: Slowking
|-weather|Snowscape
|
|t:|1760353694
|switch|p1a: Dragonite|Dragonite, M|100/100|[from] Chilly Reception
|
|-weather|Snowscape|[upkeep]
|upkeep
|turn|33
|
|t:|1760353699
|move|p2a: Iron Crown|Volt Switch|p1a: Dragonite
|-damage|p1a: Dragonite|82/100
|
|t:|1760353702
|-end|p2a: Iron Crown|Quark Drive|[silent]
|switch|p2a: Pecharunt|Pecharunt, tera:Fairy|99/100|[from] Volt Switch
|-damage|p2a: Pecharunt|83/100|[from] Spikes
|move|p1a: Dragonite|Earthquake|p2a: Pecharunt
|-damage|p2a: Pecharunt|63/100
|
|-weather|Snowscape|[upkeep]
|upkeep
|turn|34
|
|t:|1760353706
|switch|p1a: Slowking|Slowking-Galar, M|77/100
|-damage|p1a: Slowking|64/100|[from] Stealth Rock
|move|p2a: Pecharunt|Recover|p2a: Pecharunt
|-heal|p2a: Pecharunt|100/100
|
|-weather|Snowscape|[upkeep]
|upkeep
|turn|35
|
|t:|1760353714
|move|p2a: Pecharunt|Parting Shot|p1a: Slowking
|-unboost|p1a: Slowking|atk|1
|-unboost|p1a: Slowking|spa|1
|
|t:|1760353715
|switch|p2a: Iron Crown|Iron Crown|39/100|[from] Parting Shot
|-damage|p2a: Iron Crown|22/100|[from] Spikes
|-prepare|p1a: Slowking|Chilly Reception|[premajor]
|move|p1a: Slowking|Chilly Reception|p1a: Slowking
|
|t:|1760353718
|switch|p1a: Dragonite|Dragonite, M|82/100|[from] Chilly Reception
|
|-weather|Snowscape|[upkeep]
|upkeep
|turn|36
|
|t:|1760353747
|move|p1a: Dragonite|Extreme Speed|p2a: Iron Crown
|-resisted|p2a: Iron Crown
|-damage|p2a: Iron Crown|5/100
|move|p2a: Iron Crown|Tachyon Cutter|p1a: Dragonite
|-damage|p1a: Dragonite|46/100
|-damage|p1a: Dragonite|9/100
|-hitcount|p1a: Dragonite|2
|
|-weather|none
|upkeep
|turn|37
|
|t:|1760353752
|-end|p2a: Iron Crown|Quark Drive|[silent]
|switch|p2a: Pecharunt|Pecharunt, tera:Fairy|100/100
|-damage|p2a: Pecharunt|84/100|[from] Spikes
|move|p1a: Dragonite|Extreme Speed|p2a: Pecharunt
|-damage|p2a: Pecharunt|69/100
|
|upkeep
|turn|38
|
|t:|1760353759
|move|p1a: Dragonite|Earthquake|p2a: Pecharunt
|-damage|p2a: Pecharunt|49/100
|move|p2a: Pecharunt|Recover|p2a: Pecharunt
|-heal|p2a: Pecharunt|99/100
|
|upkeep
|turn|39
|
|t:|1760353764
|move|p1a: Dragonite|Earthquake|p2a: Pecharunt
|-damage|p2a: Pecharunt|81/100
|move|p2a: Pecharunt|Hex|p1a: Dragonite
|-damage|p1a: Dragonite|0 fnt
|faint|p1a: Dragonite
|
|upkeep
|
|t:|1760353767
|switch|p1a: Gholdengo|Gholdengo, tera:Fairy|67/100
|-damage|p1a: Gholdengo|54/100|[from] Stealth Rock
|turn|40
|
|t:|1760353772
|switch|p2a: Iron Crown|Iron Crown|5/100
|-damage|p2a: Iron Crown|0 fnt|[from] Spikes
|faint|p2a: Iron Crown
|-end|p2a: Iron Crown|Quark Drive|[silent]
|move|p1a: Gholdengo|Make It Rain|p2: Iron Crown|[notarget]
|-fail|p1a: Gholdengo
|
|-heal|p1a: Gholdengo|60/100|[from] item: Leftovers
|upkeep
|
|t:|1760353774
|switch|p2a: Pecharunt|Pecharunt, tera:Fairy|81/100
|-damage|p2a: Pecharunt|64/100|[from] Spikes
|turn|41
|
|t:|1760353778
|move|p1a: Gholdengo|Make It Rain|p2a: Pecharunt
|-supereffective|p2a: Pecharunt
|-crit|p2a: Pecharunt
|-damage|p2a: Pecharunt|0 fnt
|-unboost|p1a: Gholdengo|spa|1
|faint|p2a: Pecharunt
|
|win|sanjo4
|raw|sanjo4's rating: 1656 &rarr; <strong>1674</strong><br />(+18 for winning)
|raw|irobutz's rating: 1622 &rarr; <strong>1604</strong><br />(-18 for losing)
|c|☆sanjo4|gg
|l|☆irobutz
|player|p2|
|l|☆sanjo4
|player|p1|
