|j|☆DIGIWAYNE123
|j|☆yokodai
|t:|1760443022
|gametype|singles
|player|p1|DIGIWAYNE123|swimmerf-gen4|1654
|player|p2|yokodai|101|1605
|gen|9
|tier|[Gen 9] OU
|rated|
|rule|HP Percentage Mod: HP is shown in percentages
|rule|Endless Battle Clause: Forcing endless battles is banned
|rule|Species Clause: Limit one of each Pokémon
|rule|OHKO Clause: OHKO moves are banned
|rule|Evasion Items Clause: Evasion items are banned
|rule|Evasion Moves Clause: Evasion moves are banned
|rule|Evasion Abilities Clause: Evasion abilities are banned
|rule|Sleep Moves Clause: Sleep-inducing moves are banned
|clearpoke
|poke|p1|Armarouge, M|
|poke|p1|Indeedee, M|
|poke|p1|Great Tusk|
|poke|p1|Hoopa-Unbound|
|poke|p1|Scream Tail|
|poke|p1|Drednaw, F|
|poke|p2|Mamoswine, F|
|poke|p2|Ting-Lu|
|poke|p2|Gastrodon, M|
|poke|p2|Clodsire, M|
|poke|p2|Great Tusk|
|poke|p2|Landorus-Therian, M|
|teampreview
|inactive|Battle timer is ON: inactive players will automatically lose when time's up. (requested by DIGIWAYNE123)
|
|t:|1760443053
|teamsize|p1|6
|teamsize|p2|6
|start
|switch|p1a: Scream Tail|Scream Tail|100/100
|switch|p2a: Ting-Lu|Ting-Lu|100/100
|-ability|p2a: Ting-Lu|Vessel of Ruin
|-enditem|p1a: Scream Tail|Booster Energy
|-activate|p1a: Scream Tail|ability: Protosynthesis|[fromitem]
|-start|p1a: Scream Tail|protosynthesisspe
|turn|1
|
|t:|1760443064
|move|p1a: Scream Tail|Stealth Rock|p2a: Ting-Lu
|-sidestart|p2: yokodai|move: Stealth Rock
|move|p2a: Ting-Lu|Ruination|p1a: Scream Tail
|-damage|p1a: Scream Tail|51/100
|
|upkeep
|turn|2
|
|t:|1760443082
|-end|p1a: Scream Tail|Protosynthesis|[silent]
|switch|p1a: Hoopa|Hoopa-Unbound|100/100
|move|p2a: Ting-Lu|Ruination|p1a: Hoopa
|-damage|p1a: Hoopa|51/100
|
|upkeep
|turn|3
|
|t:|1760443098
|move|p1a: Hoopa|Drain Punch|p2a: Ting-Lu
|-supereffective|p2a: Ting-Lu
|-damage|p2a: Ting-Lu|71/100
|-heal|p1a: Hoopa|71/100|[from] drain|[of] p2a: Ting-Lu
|move|p2a: Ting-Lu|Earthquake|p1a: Hoopa
|-damage|p1a: Hoopa|21/100
|
|upkeep
|turn|4
|
|t:|1760443111
|move|p1a: Hoopa|Drain Punch|p2a: Ting-Lu
|-supereffective|p2a: Ting-Lu
|-damage|p2a: Ting-Lu|41/100
|-heal|p1a: Hoopa|42/100|[from] drain|[of] p2a: Ting-Lu
|move|p2a: Ting-Lu|Earthquake|p1a: Hoopa
|-damage|p1a: Hoopa|0 fnt
|faint|p1a: Hoopa
|
|upkeep
|
|t:|1760443120
|switch|p1a: Drednaw|Drednaw, F|100/100
|turn|5
|
|t:|1760443124
|switch|p2a: Great Tusk|Great Tusk|100/100
|-damage|p2a: Great Tusk|98/100|[from] Stealth Rock
|move|p1a: Drednaw|Liquidation|p2a: Great Tusk
|-supereffective|p2a: Great Tusk
|-damage|p2a: Great Tusk|61/100
|-damage|p1a: Drednaw|84/100|[from] item: Rocky Helmet|[of] p2a: Great Tusk
|
|upkeep
|turn|6
|
|t:|1760443129
|move|p1a: Drednaw|Shell Smash|p1a: Drednaw
|-unboost|p1a: Drednaw|def|1
|-unboost|p1a: Drednaw|spd|1
|-boost|p1a: Drednaw|atk|2
|-boost|p1a: Drednaw|spa|2
|-boost|p1a: Drednaw|spe|2
|move|p2a: Great Tusk|Rapid Spin|p1a: Drednaw
|-resisted|p1a: Drednaw
|-damage|p1a: Drednaw|71/100
|-boost|p2a: Great Tusk|spe|1
|-sideend|p2: yokodai|Stealth Rock|[from] move: Rapid Spin|[of] p2a: Great Tusk
|
|upkeep
|turn|7
|
|t:|1760443144
|-end|p2a: Great Tusk|Protosynthesis|[silent]
|switch|p2a: Gastrodon|Gastrodon, M|100/100
|move|p1a: Drednaw|Ice Fang|p2a: Gastrodon
|-damage|p2a: Gastrodon|33/100
|
|upkeep
|turn|8
|
|t:|1760443153
|move|p1a: Drednaw|Earthquake|p2a: Gastrodon
|-damage|p2a: Gastrodon|0 fnt
|faint|p2a: Gastrodon
|
|upkeep
|inactive|yokodai has 120 seconds left.
|
|t:|1760443200
|switch|p2a: Landorus|Landorus-Therian, M|100/100
|-ability|p2a: Landorus|Intimidate|boost
|-unboost|p1a: Drednaw|atk|1
|turn|9
|
|t:|1760443208
|-terastallize|p2a: Landorus|Ice
|move|p1a: Drednaw|Ice Fang|p2a: Landorus
|-resisted|p2a: Landorus
|-damage|p2a: Landorus|78/100
|move|p2a: Landorus|Earth Power|p1a: Drednaw
|-supereffective|p1a: Drednaw
|-damage|p1a: Drednaw|0 fnt
|faint|p1a: Drednaw
|
|upkeep
|
|t:|1760443214
|switch|p1a: Indeedee|Indeedee, M|100/100
|-fieldstart|move: Psychic Terrain|[from] ability: Psychic Surge|[of] p1a: Indeedee
|turn|10
|
|t:|1760443228
|switch|p2a: Ting-Lu|Ting-Lu|41/100
|-ability|p2a: Ting-Lu|Vessel of Ruin
|-terastallize|p1a: Indeedee|Fighting
|move|p1a: Indeedee|Tera Blast|p2a: Ting-Lu|[anim] Tera Blast Fighting
|-supereffective|p2a: Ting-Lu
|-damage|p2a: Ting-Lu|22/100
|
|upkeep
|turn|11
|inactive|yokodai has 120 seconds left.
|
|t:|1760443243
|switch|p1a: Great Tusk|Great Tusk|100/100
|-enditem|p1a: Great Tusk|Booster Energy
|-activate|p1a: Great Tusk|ability: Protosynthesis|[fromitem]
|-start|p1a: Great Tusk|protosynthesisspe
|move|p2a: Ting-Lu|Ruination|p1a: Great Tusk
|-damage|p1a: Great Tusk|51/100
|
|upkeep
|turn|12
|
|t:|1760443250
|switch|p2a: Great Tusk|Great Tusk|61/100
|move|p1a: Great Tusk|Headlong Rush|p2a: Great Tusk
|-damage|p2a: Great Tusk|38/100
|-unboost|p1a: Great Tusk|def|1
|-unboost|p1a: Great Tusk|spd|1
|-damage|p1a: Great Tusk|34/100|[from] item: Rocky Helmet|[of] p2a: Great Tusk
|
|upkeep
|turn|13
|inactive|yokodai has 120 seconds left.
|
|t:|1760443280
|move|p1a: Great Tusk|Ice Spinner|p2a: Great Tusk
|-supereffective|p2a: Great Tusk
|-damage|p2a: Great Tusk|17/100
|-damage|p1a: Great Tusk|18/100|[from] item: Rocky Helmet|[of] p2a: Great Tusk
|-fieldend|move: Psychic Terrain
|move|p2a: Great Tusk|Rapid Spin|p1a: Great Tusk
|-damage|p1a: Great Tusk|1/100
|-boost|p2a: Great Tusk|spe|1
|
|upkeep
|turn|14
|
|t:|1760443283
|move|p1a: Great Tusk|Ice Spinner|p2a: Great Tusk
|-supereffective|p2a: Great Tusk
|-damage|p2a: Great Tusk|0 fnt
|-damage|p1a: Great Tusk|0 fnt|[from] item: Rocky Helmet|[of] p2a: Great Tusk
|faint|p2a: Great Tusk
|-end|p2a: Great Tusk|Protosynthesis|[silent]
|faint|p1a: Great Tusk
|-end|p1a: Great Tusk|Protosynthesis|[silent]
|
|upkeep
|
|t:|1760443292
|switch|p1a: Indeedee|Indeedee, M, tera:Fighting|100/100
|switch|p2a: Clodsire|Clodsire, M|100/100
|-fieldstart|move: Psychic Terrain|[from] ability: Psychic Surge|[of] p1a: Indeedee
|turn|15
|
|t:|1760443300
|move|p1a: Indeedee|Expanding Force|p2a: Clodsire
|-supereffective|p2a: Clodsire
|-damage|p2a: Clodsire|0 fnt
|faint|p2a: Clodsire
|
|upkeep
|
|t:|1760443305
|switch|p2a: Ting-Lu|Ting-Lu|22/100
|-ability|p2a: Ting-Lu|Vessel of Ruin
|turn|16
|inactive|yokodai has 120 seconds left.
|
|t:|1760443327
|move|p1a: Indeedee|Tera Blast|p2a: Ting-Lu|[anim] Tera Blast Fighting
|-supereffective|p2a: Ting-Lu
|-damage|p2a: Ting-Lu|1/100
|move|p2a: Ting-Lu|Earthquake|p1a: Indeedee
|-damage|p1a: Indeedee|27/100
|
|upkeep
|turn|17
|inactive|yokodai has 120 seconds left.
|
|t:|1760443335
|move|p1a: Indeedee|Tera Blast|p2a: Ting-Lu|[anim] Tera Blast Fighting
|-supereffective|p2a: Ting-Lu
|-damage|p2a: Ting-Lu|0 fnt
|faint|p2a: Ting-Lu
|
|upkeep
|inactive|yokodai has 120 seconds left.
|
|t:|1760443341
|switch|p2a: Mamoswine|Mamoswine, F|100/100
|turn|18
|
|t:|1760443344
|move|p1a: Indeedee|Expanding Force|p2a: Mamoswine
|-damage|p2a: Mamoswine|7/100
|move|p2a: Mamoswine|Icicle Spear|p1a: Indeedee
|-damage|p1a: Indeedee|0 fnt
|faint|p1a: Indeedee
|-hitcount|p1: Indeedee|1
|
|upkeep
|
|t:|1760443347
|switch|p1a: Scream Tail|Scream Tail|51/100
|turn|19
|
|t:|1760443351
|move|p1a: Scream Tail|Misty Explosion|p2a: Mamoswine
|-damage|p2a: Mamoswine|0 fnt
|faint|p1a: Scream Tail
|-end|p1a: Scream Tail|Protosynthesis|[silent]
|faint|p2a: Mamoswine
|
|upkeep
|
|t:|1760443354
|switch|p1a: Armarouge|Armarouge, M|100/100
|switch|p2a: Landorus|Landorus-Therian, M, tera:Ice|78/100
|-ability|p2a: Landorus|Intimidate|boost
|-unboost|p1a: Armarouge|atk|1
|turn|20
|
|t:|1760443359
|move|p1a: Armarouge|Armor Cannon|p2a: Landorus
|-supereffective|p2a: Landorus
|-damage|p2a: Landorus|0 fnt
|-unboost|p1a: Armarouge|def|1
|-unboost|p1a: Armarouge|spd|1
|faint|p2a: Landorus
|
|win|DIGIWAYNE123
|raw|DIGIWAYNE123's rating: 1654 &rarr; <strong>1671</strong><br />(+17 for winning)
|raw|yokodai's rating: 1605 &rarr; <strong>1588</strong><br />(-17 for losing)
