|j|☆sihengthegreat
|j|‽gguestie
|t:|1760346117
|gametype|singles
|player|p1|sihengthegreat|hooligans|1552
|player|p2|gguestie|1|1582
|gen|9
|tier|[Gen 9] OU
|rated|
|rule|HP Percentage Mod: HP is shown in percentages
|rule|Endless Battle Clause: Forcing endless battles is banned
|rule|Species Clause: Limit one of each Pokémon
|rule|OHKO Clause: OHKO moves are banned
|rule|Evasion Items Clause: Evasion items are banned
|rule|Evasion Moves Clause: Evasion moves are banned
|rule|Evasion Abilities Clause: Evasion abilities are banned
|rule|Sleep Moves Clause: Sleep-inducing moves are banned
|clearpoke
|poke|p1|Pecharunt|
|poke|p1|Serperior, F|
|poke|p1|Moltres|
|poke|p1|Deoxys-Speed|
|poke|p1|Iron Treads|
|poke|p1|Kingambit, M|
|poke|p2|Corviknight, F|
|poke|p2|Zamazenta-*|
|poke|p2|Garganacl, M|
|poke|p2|Dondozo, M|
|poke|p2|Tyranitar, F|
|poke|p2|Heatran, M|
|teampreview
|
|t:|1760346173
|teamsize|p1|6
|teamsize|p2|6
|start
|switch|p1a: Serperior|Serperior, F|100/100
|switch|p2a: Garganacl|Garganacl, M|100/100
|turn|1
|
|t:|1760346179
|move|p1a: Serperior|Substitute|p1a: Serperior
|-start|p1a: Serperior|Substitute
|-damage|p1a: Serperior|76/100
|move|p2a: Garganacl|Salt Cure|p1a: Serperior
|-activate|p1a: Serperior|move: Substitute|[damage]
|
|-heal|p1a: Serperior|82/100|[from] item: Leftovers
|upkeep
|turn|2
|
|t:|1760346185
|move|p1a: Serperior|Knock Off|p2a: Garganacl
|-damage|p2a: Garganacl|90/100
|-enditem|p2a: Garganacl|Leftovers|[from] move: Knock Off|[of] p1a: Serperior
|move|p2a: Garganacl|Salt Cure|p1a: Serperior
|-end|p1a: Serperior|Substitute
|
|-heal|p1a: Serperior|88/100|[from] item: Leftovers
|upkeep
|turn|3
|
|t:|1760346192
|move|p1a: Serperior|Substitute|p1a: Serperior
|-start|p1a: Serperior|Substitute
|-damage|p1a: Serperior|63/100
|move|p2a: Garganacl|Body Press|p1a: Serperior
|-end|p1a: Serperior|Substitute
|
|-heal|p1a: Serperior|69/100|[from] item: Leftovers
|upkeep
|turn|4
|
|t:|1760346196
|move|p1a: Serperior|Leaf Storm|p2a: Garganacl
|-supereffective|p2a: Garganacl
|-damage|p2a: Garganacl|42/100
|-boost|p1a: Serperior|spa|2
|move|p2a: Garganacl|Salt Cure|p1a: Serperior
|-damage|p1a: Serperior|55/100
|-start|p1a: Serperior|Salt Cure
|
|-heal|p1a: Serperior|61/100|[from] item: Leftovers
|-damage|p1a: Serperior|49/100|[from] Salt Cure
|upkeep
|turn|5
|
|t:|1760346206
|switch|p1a: Iron Treads|Iron Treads|100/100
|switch|p2a: Zamazenta|Zamazenta|100/100
|-ability|p2a: Zamazenta|Dauntless Shield|boost
|-boost|p2a: Zamazenta|def|1
|
|upkeep
|turn|6
|
|t:|1760346212
|-end|p1a: Iron Treads|Quark Drive|[silent]
|switch|p1a: Pecharunt|Pecharunt|100/100
|move|p2a: Zamazenta|Substitute|p2a: Zamazenta
|-start|p2a: Zamazenta|Substitute
|-damage|p2a: Zamazenta|75/100
|
|-heal|p2a: Zamazenta|82/100|[from] item: Leftovers
|upkeep
|turn|7
|
|t:|1760346220
|move|p2a: Zamazenta|Iron Defense|p2a: Zamazenta
|-boost|p2a: Zamazenta|def|2
|move|p1a: Pecharunt|Malignant Chain|p2a: Zamazenta
|-end|p2a: Zamazenta|Substitute
|
|-heal|p2a: Zamazenta|88/100|[from] item: Leftovers
|upkeep
|turn|8
|
|t:|1760346226
|move|p2a: Zamazenta|Substitute|p2a: Zamazenta
|-start|p2a: Zamazenta|Substitute
|-damage|p2a: Zamazenta|63/100
|move|p1a: Pecharunt|Hex|p2a: Zamazenta
|-activate|p2a: Zamazenta|move: Substitute|[damage]
|
|-heal|p2a: Zamazenta|69/100|[from] item: Leftovers
|upkeep
|turn|9
|
|t:|1760346230
|move|p2a: Zamazenta|Crunch|p1a: Pecharunt
|-supereffective|p1a: Pecharunt
|-damage|p1a: Pecharunt|67/100
|move|p1a: Pecharunt|Hex|p2a: Zamazenta
|-end|p2a: Zamazenta|Substitute
|
|-heal|p2a: Zamazenta|75/100|[from] item: Leftovers
|upkeep
|turn|10
|
|t:|1760346236
|move|p2a: Zamazenta|Crunch|p1a: Pecharunt
|-supereffective|p1a: Pecharunt
|-damage|p1a: Pecharunt|36/100
|move|p1a: Pecharunt|Malignant Chain|p2a: Zamazenta
|-damage|p2a: Zamazenta|42/100
|-status|p2a: Zamazenta|tox
|-start|p2a: Zamazenta|confusion|[from] ability: Poison Puppeteer|[of] p1a: Pecharunt
|
|-heal|p2a: Zamazenta|48/100 tox|[from] item: Leftovers
|-damage|p2a: Zamazenta|42/100 tox|[from] psn
|upkeep
|turn|11
|
|t:|1760346242
|-activate|p2a: Zamazenta|confusion
|move|p2a: Zamazenta|Crunch|p1a: Pecharunt
|-supereffective|p1a: Pecharunt
|-damage|p1a: Pecharunt|5/100
|move|p1a: Pecharunt|Recover|p1a: Pecharunt
|-heal|p1a: Pecharunt|55/100
|
|-heal|p2a: Zamazenta|48/100 tox|[from] item: Leftovers
|-damage|p2a: Zamazenta|36/100 tox|[from] psn
|upkeep
|turn|12
|
|t:|1760346246
|-end|p2a: Zamazenta|confusion
|move|p2a: Zamazenta|Crunch|p1a: Pecharunt
|-supereffective|p1a: Pecharunt
|-damage|p1a: Pecharunt|22/100
|move|p1a: Pecharunt|Recover|p1a: Pecharunt
|-heal|p1a: Pecharunt|72/100
|
|-heal|p2a: Zamazenta|42/100 tox|[from] item: Leftovers
|-damage|p2a: Zamazenta|23/100 tox|[from] psn
|upkeep
|turn|13
|
|t:|1760346251
|switch|p2a: Heatran|Heatran, M|100/100
|move|p1a: Pecharunt|Recover|p1a: Pecharunt
|-heal|p1a: Pecharunt|100/100
|
|upkeep
|turn|14
|
|t:|1760346255
|switch|p1a: Moltres|Moltres|100/100
|move|p2a: Heatran|Magma Storm|p1a: Moltres
|-resisted|p1a: Moltres
|-damage|p1a: Moltres|82/100
|-activate|p1a: Moltres|move: Magma Storm|[of] p2a: Heatran
|
|-damage|p1a: Moltres|70/100|[from] move: Magma Storm|[partiallytrapped]
|upkeep
|turn|15
|
|t:|1760346258
|move|p1a: Moltres|U-turn|p2a: Heatran
|-resisted|p2a: Heatran
|-damage|p2a: Heatran|98/100
|
|t:|1760346268
|switch|p1a: Iron Treads|Iron Treads|100/100|[from] U-turn
|move|p2a: Heatran|Substitute|p2a: Heatran
|-start|p2a: Heatran|Substitute
|-damage|p2a: Heatran|73/100
|
|-heal|p2a: Heatran|79/100|[from] item: Leftovers
|upkeep
|turn|16
|
|t:|1760346278
|move|p1a: Iron Treads|Volt Switch|p2a: Heatran
|-activate|p2a: Heatran|move: Substitute|[damage]
|
|t:|1760346283
|-end|p1a: Iron Treads|Quark Drive|[silent]
|switch|p1a: Moltres|Moltres|70/100|[from] Volt Switch
|move|p2a: Heatran|Magma Storm|p1a: Moltres|[miss]
|-miss|p2a: Heatran|p1a: Moltres
|
|-heal|p2a: Heatran|85/100|[from] item: Leftovers
|upkeep
|turn|17
|
|t:|1760346290
|move|p1a: Moltres|U-turn|p2a: Heatran
|-resisted|p2a: Heatran
|-activate|p2a: Heatran|move: Substitute|[damage]
|
|t:|1760346298
|switch|p1a: Pecharunt|Pecharunt|100/100|[from] U-turn
|move|p2a: Heatran|Magma Storm|p1a: Pecharunt
|-damage|p1a: Pecharunt|47/100
|-activate|p1a: Pecharunt|move: Magma Storm|[of] p2a: Heatran
|
|-heal|p2a: Heatran|91/100|[from] item: Leftovers
|-damage|p1a: Pecharunt|35/100|[from] move: Magma Storm|[partiallytrapped]
|upkeep
|turn|18
|
|t:|1760346305
|move|p1a: Pecharunt|Hex|p2a: Heatran
|-end|p2a: Heatran|Substitute
|move|p2a: Heatran|Magma Storm|p1a: Pecharunt|[miss]
|-miss|p2a: Heatran|p1a: Pecharunt
|
|-heal|p2a: Heatran|98/100|[from] item: Leftovers
|-damage|p1a: Pecharunt|22/100|[from] move: Magma Storm|[partiallytrapped]
|upkeep
|turn|19
|
|t:|1760346313
|move|p1a: Pecharunt|Recover|p1a: Pecharunt
|-heal|p1a: Pecharunt|73/100
|move|p2a: Heatran|Substitute|p2a: Heatran
|-start|p2a: Heatran|Substitute
|-damage|p2a: Heatran|73/100
|
|-heal|p2a: Heatran|79/100|[from] item: Leftovers
|-damage|p1a: Pecharunt|60/100|[from] move: Magma Storm|[partiallytrapped]
|upkeep
|turn|20
|
|t:|1760346317
|switch|p1a: Moltres|Moltres|70/100
|move|p2a: Heatran|Magma Storm|p1a: Moltres|[miss]
|-miss|p2a: Heatran|p1a: Moltres
|
|-heal|p2a: Heatran|85/100|[from] item: Leftovers
|upkeep
|turn|21
|
|t:|1760346340
|move|p1a: Moltres|Roost|p1a: Moltres
|-heal|p1a: Moltres|100/100
|-singleturn|p1a: Moltres|move: Roost
|move|p2a: Heatran|Iron Defense|p2a: Heatran
|-boost|p2a: Heatran|def|2
|
|-heal|p2a: Heatran|91/100|[from] item: Leftovers
|upkeep
|turn|22
|
|t:|1760346349
|move|p1a: Moltres|U-turn|p2a: Heatran
|-resisted|p2a: Heatran
|-activate|p2a: Heatran|move: Substitute|[damage]
|
|t:|1760346350
|switch|p1a: Pecharunt|Pecharunt|60/100|[from] U-turn
|move|p2a: Heatran|Iron Defense|p2a: Heatran
|-boost|p2a: Heatran|def|2
|
|-heal|p2a: Heatran|98/100|[from] item: Leftovers
|upkeep
|turn|23
|
|t:|1760346354
|move|p1a: Pecharunt|Recover|p1a: Pecharunt
|-heal|p1a: Pecharunt|100/100
|move|p2a: Heatran|Iron Defense|p2a: Heatran
|-boost|p2a: Heatran|def|2
|
|-heal|p2a: Heatran|100/100|[from] item: Leftovers
|upkeep
|turn|24
|
|t:|1760346359
|move|p1a: Pecharunt|Nasty Plot|p1a: Pecharunt
|-boost|p1a: Pecharunt|spa|2
|move|p2a: Heatran|Magma Storm|p1a: Pecharunt
|-damage|p1a: Pecharunt|48/100
|-activate|p1a: Pecharunt|move: Magma Storm|[of] p2a: Heatran
|
|-damage|p1a: Pecharunt|35/100|[from] move: Magma Storm|[partiallytrapped]
|upkeep
|turn|25
|
|t:|1760346365
|switch|p1a: Moltres|Moltres|100/100
|move|p2a: Heatran|Iron Defense|p2a: Heatran
|-boost|p2a: Heatran|def|0
|
|upkeep
|turn|26
|
|t:|1760346373
|move|p1a: Moltres|Roost||[still]
|-fail|p1a: Moltres|heal
|move|p2a: Heatran|Body Press|p1a: Moltres
|-resisted|p1a: Moltres
|-damage|p1a: Moltres|58/100
|
|upkeep
|turn|27
|
|t:|1760346377
|move|p1a: Moltres|Roost|p1a: Moltres
|-heal|p1a: Moltres|100/100
|-singleturn|p1a: Moltres|move: Roost
|move|p2a: Heatran|Body Press|p1a: Moltres
|-damage|p1a: Moltres|7/100
|
|upkeep
|turn|28
|
|t:|1760346389
|move|p1a: Moltres|Flamethrower|p2a: Heatran
|-start|p2a: Heatran|ability: Flash Fire
|move|p2a: Heatran|Body Press|p1a: Moltres
|-resisted|p1a: Moltres
|-damage|p1a: Moltres|0 fnt
|faint|p1a: Moltres
|
|upkeep
|
|t:|1760346405
|switch|p1a: Pecharunt|Pecharunt|35/100
|turn|29
|
|t:|1760346408
|move|p1a: Pecharunt|Hex|p2a: Heatran
|-activate|p2a: Heatran|move: Substitute|[damage]
|move|p2a: Heatran|Magma Storm|p1a: Pecharunt
|-damage|p1a: Pecharunt|0 fnt
|faint|p1a: Pecharunt
|
|upkeep
|
|t:|1760346423
|switch|p1a: Iron Treads|Iron Treads|100/100
|turn|30
|
|t:|1760346426
|move|p1a: Iron Treads|Volt Switch|p2a: Heatran
|-end|p2a: Heatran|Substitute
|
|t:|1760346428
|-end|p1a: Iron Treads|Quark Drive|[silent]
|switch|p1a: Serperior|Serperior, F|49/100|[from] Volt Switch
|move|p2a: Heatran|Substitute|p2a: Heatran
|-start|p2a: Heatran|Substitute
|-damage|p2a: Heatran|76/100
|
|-heal|p1a: Serperior|55/100|[from] item: Leftovers
|-heal|p2a: Heatran|82/100|[from] item: Leftovers
|upkeep
|turn|31
|
|t:|1760346432
|move|p1a: Serperior|Substitute|p1a: Serperior
|-start|p1a: Serperior|Substitute
|-damage|p1a: Serperior|30/100
|move|p2a: Heatran|Body Press|p1a: Serperior
|-end|p1a: Serperior|Substitute
|
|-heal|p1a: Serperior|36/100|[from] item: Leftovers
|-heal|p2a: Heatran|88/100|[from] item: Leftovers
|upkeep
|turn|32
|
|t:|1760346447
|move|p1a: Serperior|Knock Off|p2a: Heatran
|-activate|p2a: Heatran|move: Substitute|[damage]
|move|p2a: Heatran|Body Press|p1a: Serperior
|-damage|p1a: Serperior|0 fnt
|faint|p1a: Serperior
|
|-heal|p2a: Heatran|94/100|[from] item: Leftovers
|upkeep
|
|t:|1760346449
|switch|p1a: Iron Treads|Iron Treads|100/100
|turn|33
|
|t:|1760346453
|-terastallize|p1a: Iron Treads|Ghost
|move|p1a: Iron Treads|Earthquake|p2a: Heatran
|-supereffective|p2a: Heatran
|-end|p2a: Heatran|Substitute
|move|p2a: Heatran|Substitute|p2a: Heatran
|-start|p2a: Heatran|Substitute
|-damage|p2a: Heatran|69/100
|
|-heal|p2a: Heatran|76/100|[from] item: Leftovers
|upkeep
|turn|34
|
|t:|1760346456
|move|p1a: Iron Treads|Earthquake|p2a: Heatran
|-supereffective|p2a: Heatran
|-end|p2a: Heatran|Substitute
|move|p2a: Heatran|Magma Storm|p1a: Iron Treads
|-damage|p1a: Iron Treads|25/100
|-activate|p1a: Iron Treads|move: Magma Storm|[of] p2a: Heatran
|
|-heal|p1a: Iron Treads|31/100|[from] item: Leftovers
|-heal|p2a: Heatran|82/100|[from] item: Leftovers
|-damage|p1a: Iron Treads|19/100|[from] move: Magma Storm|[partiallytrapped]
|upkeep
|turn|35
|
|t:|1760346463
|move|p1a: Iron Treads|Earthquake|p2a: Heatran
|-supereffective|p2a: Heatran
|-damage|p2a: Heatran|54/100
|move|p2a: Heatran|Body Press|p1a: Iron Treads
|-immune|p1a: Iron Treads
|
|-heal|p1a: Iron Treads|25/100|[from] item: Leftovers
|-heal|p2a: Heatran|60/100|[from] item: Leftovers
|-damage|p1a: Iron Treads|13/100|[from] move: Magma Storm|[partiallytrapped]
|upkeep
|turn|36
|
|t:|1760346467
|move|p1a: Iron Treads|Earthquake|p2a: Heatran
|-supereffective|p2a: Heatran
|-damage|p2a: Heatran|31/100
|move|p2a: Heatran|Body Press|p1a: Iron Treads
|-immune|p1a: Iron Treads
|
|-heal|p1a: Iron Treads|19/100|[from] item: Leftovers
|-heal|p2a: Heatran|37/100|[from] item: Leftovers
|-damage|p1a: Iron Treads|6/100|[from] move: Magma Storm|[partiallytrapped]
|upkeep
|turn|37
|
|t:|1760346473
|move|p1a: Iron Treads|Earthquake|p2a: Heatran
|-supereffective|p2a: Heatran
|-damage|p2a: Heatran|11/100
|move|p2a: Heatran|Body Press|p1a: Iron Treads
|-immune|p1a: Iron Treads
|
|-heal|p1a: Iron Treads|13/100|[from] item: Leftovers
|-heal|p2a: Heatran|18/100|[from] item: Leftovers
|-damage|p1a: Iron Treads|0 fnt|[from] move: Magma Storm|[partiallytrapped]
|faint|p1a: Iron Treads
|-end|p1a: Iron Treads|Quark Drive|[silent]
|upkeep
|
|t:|1760346478
|switch|p1a: Deoxys|Deoxys-Speed|100/100
|-ability|p1a: Deoxys|Pressure
|turn|38
|
|t:|1760346480
|move|p1a: Deoxys|Thunderbolt|p2a: Heatran
|-damage|p2a: Heatran|0 fnt
|faint|p2a: Heatran
|
|upkeep
|
|t:|1760346482
|switch|p2a: Tyranitar|Tyranitar, F|100/100
|-weather|Sandstorm|[from] ability: Sand Stream|[of] p2a: Tyranitar
|turn|39
|
|t:|1760346486
|switch|p1a: Kingambit|Kingambit, M|100/100
|-activate|p1a: Kingambit|ability: Supreme Overlord
|-start|p1a: Kingambit|fallen4|[silent]
|move|p2a: Tyranitar|Dragon Dance|p2a: Tyranitar
|-boost|p2a: Tyranitar|atk|1
|-boost|p2a: Tyranitar|spe|1
|
|-weather|Sandstorm|[upkeep]
|upkeep
|turn|40
|
|t:|1760346490
|move|p2a: Tyranitar|Iron Defense|p2a: Tyranitar
|-boost|p2a: Tyranitar|def|2
|move|p1a: Kingambit|Iron Head|p2a: Tyranitar
|-supereffective|p2a: Tyranitar
|-damage|p2a: Tyranitar|54/100
|
|-weather|Sandstorm|[upkeep]
|-heal|p2a: Tyranitar|60/100|[from] item: Leftovers
|upkeep
|turn|41
|
|t:|1760346495
|move|p2a: Tyranitar|Body Press|p1a: Kingambit
|-supereffective|p1a: Kingambit
|-damage|p1a: Kingambit|0 fnt
|faint|p1a: Kingambit
|-end|p1a: Kingambit|fallen4|[silent]
|
|-weather|Sandstorm|[upkeep]
|-heal|p2a: Tyranitar|66/100|[from] item: Leftovers
|upkeep
|-message|sihengthegreat forfeited.
|
|win|gguestie
|raw|sihengthegreat's rating: 1552 &rarr; <strong>1534</strong><br />(-18 for losing)
|raw|gguestie's rating: 1582 &rarr; <strong>1600</strong><br />(+18 for winning)
|l|☆sihengthegreat
|player|p1|
