|j|☆MegaHitmonleeWhen
|j|☆Buttsnow
|t:|1760337923
|gametype|singles
|player|p1|MegaHitmonleeWhen|blackbelt|1164
|player|p2|Buttsnow|102|1137
|gen|9
|tier|[Gen 9] OU
|rated|
|rule|HP Percentage Mod: HP is shown in percentages
|rule|Endless Battle Clause: Forcing endless battles is banned
|rule|Species Clause: Limit one of each Pokémon
|rule|OHKO Clause: OHKO moves are banned
|rule|Evasion Items Clause: Evasion items are banned
|rule|Evasion Moves Clause: Evasion moves are banned
|rule|Evasion Abilities Clause: Evasion abilities are banned
|rule|Sleep Moves Clause: Sleep-inducing moves are banned
|clearpoke
|poke|p1|Magnezone|
|poke|p1|Dugtrio, M|
|poke|p1|Regidrago|
|poke|p1|Floatzel, F|
|poke|p1|Great Tusk|
|poke|p1|Clodsire, F|
|poke|p2|Iron Valiant|
|poke|p2|Cloyster, M|
|poke|p2|Dragonite, M|
|poke|p2|Blaziken, M|
|poke|p2|Latios, M|
|poke|p2|Metagross|
|teampreview
|
|t:|1760337932
|teamsize|p1|6
|teamsize|p2|6
|start
|switch|p1a: Floatzel|Floatzel, F|100/100
|switch|p2a: Metagross|Metagross, shiny|100/100
|turn|1
|
|t:|1760337936
|move|p1a: Floatzel|Flip Turn|p2a: Metagross
|-damage|p2a: Metagross|71/100
|-damage|p1a: Floatzel|84/100|[from] item: Rocky Helmet|[of] p2a: Metagross
|
|t:|1760337942
|switch|p1a: Great Tusk|Great Tusk|100/100|[from] Flip Turn
|move|p2a: Metagross|Stealth Rock|p1a: Great Tusk
|-sidestart|p1: MegaHitmonleeWhen|move: Stealth Rock
|
|upkeep
|turn|2
|
|t:|1760337947
|move|p1a: Great Tusk|Stealth Rock|p2a: Metagross
|-sidestart|p2: Buttsnow|move: Stealth Rock
|move|p2a: Metagross|Zen Headbutt|p1a: Great Tusk
|-supereffective|p1a: Great Tusk
|-damage|p1a: Great Tusk|48/100
|-damage|p2a: Metagross|54/100|[from] item: Rocky Helmet|[of] p1a: Great Tusk
|
|upkeep
|turn|3
|
|t:|1760337954
|move|p1a: Great Tusk|Headlong Rush|p2a: Metagross
|-supereffective|p2a: Metagross
|-damage|p2a: Metagross|0 fnt
|-unboost|p1a: Great Tusk|def|1
|-unboost|p1a: Great Tusk|spd|1
|-damage|p1a: Great Tusk|31/100|[from] item: Rocky Helmet|[of] p2a: Metagross
|faint|p2a: Metagross
|
|upkeep
|
|t:|1760337966
|switch|p2a: Iron Valiant|Iron Valiant, shiny|100/100
|-damage|p2a: Iron Valiant|94/100|[from] Stealth Rock
|-enditem|p2a: Iron Valiant|Booster Energy
|-activate|p2a: Iron Valiant|ability: Quark Drive|[fromitem]
|-start|p2a: Iron Valiant|quarkdrivespe
|turn|4
|
|t:|1760337973
|-end|p1a: Great Tusk|Protosynthesis|[silent]
|switch|p1a: Clodsire|Clodsire, F|100/100
|-damage|p1a: Clodsire|94/100|[from] Stealth Rock
|move|p2a: Iron Valiant|Leaf Blade|p1a: Clodsire
|-damage|p1a: Clodsire|60/100
|
|-heal|p1a: Clodsire|66/100|[from] item: Leftovers
|upkeep
|turn|5
|
|t:|1760337983
|move|p2a: Iron Valiant|Knock Off|p1a: Clodsire
|-crit|p1a: Clodsire
|-damage|p1a: Clodsire|10/100
|-enditem|p1a: Clodsire|Leftovers|[from] move: Knock Off|[of] p2a: Iron Valiant
|move|p1a: Clodsire|Toxic|p2a: Iron Valiant
|-status|p2a: Iron Valiant|tox
|
|-damage|p2a: Iron Valiant|88/100 tox|[from] psn
|upkeep
|turn|6
|
|t:|1760338014
|move|p2a: Iron Valiant|Leaf Blade|p1a: Clodsire
|-damage|p1a: Clodsire|0 fnt
|faint|p1a: Clodsire
|
|-damage|p2a: Iron Valiant|76/100 tox|[from] psn
|upkeep
|
|t:|1760338023
|switch|p1a: Floatzel|Floatzel, F|84/100
|-damage|p1a: Floatzel|72/100|[from] Stealth Rock
|turn|7
|
|t:|1760338026
|move|p1a: Floatzel|Aqua Jet|p2a: Iron Valiant
|-damage|p2a: Iron Valiant|37/100 tox
|move|p2a: Iron Valiant|Leaf Blade|p1a: Floatzel
|-supereffective|p1a: Floatzel
|-damage|p1a: Floatzel|0 fnt
|faint|p1a: Floatzel
|
|-damage|p2a: Iron Valiant|18/100 tox|[from] psn
|upkeep
|
|t:|1760338035
|switch|p1a: Great Tusk|Great Tusk|31/100
|-damage|p1a: Great Tusk|28/100|[from] Stealth Rock
|turn|8
|
|t:|1760338039
|-end|p1a: Great Tusk|Protosynthesis|[silent]
|switch|p1a: Magnezone|Magnezone|100/100
|-damage|p1a: Magnezone|94/100|[from] Stealth Rock
|move|p2a: Iron Valiant|Leaf Blade|p1a: Magnezone
|-resisted|p1a: Magnezone
|-damage|p1a: Magnezone|76/100
|
|-damage|p2a: Iron Valiant|0 fnt|[from] psn
|faint|p2a: Iron Valiant
|-end|p2a: Iron Valiant|Quark Drive|[silent]
|upkeep
|
|t:|1760338046
|switch|p2a: Blaziken|Blaziken, M, shiny|100/100
|turn|9
|
|t:|1760338050
|move|p1a: Magnezone|Volt Switch|p2a: Blaziken
|-damage|p2a: Blaziken|44/100
|
|t:|1760338055
|switch|p1a: Great Tusk|Great Tusk|28/100|[from] Volt Switch
|-damage|p1a: Great Tusk|25/100|[from] Stealth Rock
|move|p2a: Blaziken|Swords Dance|p2a: Blaziken
|-boost|p2a: Blaziken|atk|2
|
|-ability|p2a: Blaziken|Speed Boost|boost
|-boost|p2a: Blaziken|spe|1
|upkeep
|turn|10
|
|t:|1760338059
|move|p2a: Blaziken|Protect|p2a: Blaziken
|-singleturn|p2a: Blaziken|Protect
|move|p1a: Great Tusk|Rapid Spin|p2a: Blaziken
|-activate|p2a: Blaziken|move: Protect
|
|-ability|p2a: Blaziken|Speed Boost|boost
|-boost|p2a: Blaziken|spe|1
|upkeep
|turn|11
|
|t:|1760338068
|move|p2a: Blaziken|Fire Punch|p1a: Great Tusk
|-damage|p1a: Great Tusk|0 fnt
|-damage|p2a: Blaziken|27/100|[from] item: Rocky Helmet|[of] p1a: Great Tusk
|faint|p1a: Great Tusk
|-end|p1a: Great Tusk|Protosynthesis|[silent]
|
|-ability|p2a: Blaziken|Speed Boost|boost
|-boost|p2a: Blaziken|spe|1
|upkeep
|
|t:|1760338077
|switch|p1a: Dugtrio|Dugtrio, M|100/100
|-damage|p1a: Dugtrio|94/100|[from] Stealth Rock
|turn|12
|
|t:|1760338080
|-terastallize|p1a: Dugtrio|Dark
|move|p1a: Dugtrio|Sucker Punch|p2a: Blaziken
|-resisted|p2a: Blaziken
|-damage|p2a: Blaziken|0 fnt
|faint|p2a: Blaziken
|
|upkeep
|
|t:|1760338094
|switch|p2a: Dragonite|Dragonite, M, shiny|100/100
|-damage|p2a: Dragonite|76/100|[from] Stealth Rock
|turn|13
|
|t:|1760338098
|switch|p1a: Regidrago|Regidrago|100/100
|-damage|p1a: Regidrago|88/100|[from] Stealth Rock
|move|p2a: Dragonite|Dragon Dance|p2a: Dragonite
|-boost|p2a: Dragonite|atk|1
|-boost|p2a: Dragonite|spe|1
|
|upkeep
|turn|14
|
|t:|1760338103
|move|p1a: Regidrago|Dragon Energy|p2a: Dragonite
|-supereffective|p2a: Dragonite
|-damage|p2a: Dragonite|0 fnt
|faint|p2a: Dragonite
|
|upkeep
|
|t:|1760338114
|switch|p2a: Latios|Latios, M, shiny|100/100
|-damage|p2a: Latios|88/100|[from] Stealth Rock
|turn|15
|
|t:|1760338117
|move|p1a: Regidrago|Dragon Energy|p2a: Latios
|-supereffective|p2a: Latios
|-damage|p2a: Latios|0 fnt
|faint|p2a: Latios
|
|upkeep
|
|t:|1760338119
|switch|p2a: Cloyster|Cloyster, M, shiny|100/100
|-damage|p2a: Cloyster|76/100|[from] Stealth Rock
|turn|16
|
|t:|1760338121
|move|p1a: Regidrago|Dragon Energy|p2a: Cloyster
|-damage|p2a: Cloyster|0 fnt
|faint|p2a: Cloyster
|
|win|MegaHitmonleeWhen
|raw|MegaHitmonleeWhen's rating: 1164 &rarr; <strong>1187</strong><br />(+23 for winning)
|raw|Buttsnow's rating: 1137 &rarr; <strong>1114</strong><br />(-23 for losing)
|l|☆MegaHitmonleeWhen
|player|p1|
|l|☆Buttsnow
|player|p2|
