|j|☆Pityplatsch
|j|☆hsp20040923
|t:|1760453511
|gametype|singles
|player|p1|Pityplatsch|wallace|1216
|player|p2|hsp20040923|pokemonbreeder|1236
|gen|9
|tier|[Gen 9] OU
|rated|
|rule|HP Percentage Mod: HP is shown in percentages
|rule|Endless Battle Clause: Forcing endless battles is banned
|rule|Species Clause: Limit one of each Pokémon
|rule|OHKO Clause: OHKO moves are banned
|rule|Evasion Items Clause: Evasion items are banned
|rule|Evasion Moves Clause: Evasion moves are banned
|rule|Evasion Abilities Clause: Evasion abilities are banned
|rule|Sleep Moves Clause: Sleep-inducing moves are banned
|clearpoke
|poke|p1|Alomomola, M|
|poke|p1|Hatterene, F|
|poke|p1|Gliscor, F|
|poke|p1|Comfey, F|
|poke|p1|Slowking-Galar, F|
|poke|p1|Latias, F|
|poke|p2|Ceruledge, M|
|poke|p2|Raging Bolt|
|poke|p2|Ting-Lu|
|poke|p2|Enamorus, F|
|poke|p2|Conkeldurr, M|
|poke|p2|Slowking-Galar, F|
|teampreview
|
|t:|1760453522
|teamsize|p1|6
|teamsize|p2|6
|start
|switch|p1a: Ruhepol|Alomomola, M, shiny|100/100
|switch|p2a: Raging Bolt|Raging Bolt|100/100
|turn|1
|
|t:|1760453540
|switch|p1a: Showtime Glow|Slowking-Galar, F|100/100
|move|p2a: Raging Bolt|Draco Meteor|p1a: Showtime Glow
|-damage|p1a: Showtime Glow|3/100
|-unboost|p2a: Raging Bolt|spa|2
|
|upkeep
|turn|2
|
|t:|1760453552
|-end|p2a: Raging Bolt|Protosynthesis|[silent]
|switch|p2a: Slowking|Slowking-Galar, F|100/100
|switch|p1a: Disturbia|Hatterene, F|100/100
|
|upkeep
|turn|3
|
|t:|1760453561
|switch|p1a: Nachtwache|Gliscor, F|100/100
|move|p2a: Slowking|Sludge Wave|p1a: Nachtwache
|-resisted|p1a: Nachtwache
|-damage|p1a: Nachtwache|65/100
|
|-status|p1a: Nachtwache|tox|[from] item: Toxic Orb
|upkeep
|turn|4
|
|t:|1760453569
|-terastallize|p2a: Slowking|Flying
|move|p1a: Nachtwache|Stealth Rock|p2a: Slowking
|-sidestart|p2: hsp20040923|move: Stealth Rock
|move|p2a: Slowking|Future Sight|p1a: Nachtwache
|-start|p2a: Slowking|move: Future Sight
|
|-heal|p1a: Nachtwache|77/100 tox|[from] ability: Poison Heal
|upkeep
|turn|5
|
|t:|1760453582
|switch|p1a: Showtime Glow|Slowking-Galar, F|36/100
|move|p2a: Slowking|Trick Room|p2a: Slowking
|-fieldstart|move: Trick Room|[of] p2a: Slowking
|
|upkeep
|turn|6
|
|t:|1760453591
|switch|p1a: Good as Gold|Latias, F, shiny|100/100
|move|p2a: Slowking|Sludge Wave|p1a: Good as Gold
|-damage|p1a: Good as Gold|65/100
|
|-end|p1a: Good as Gold|move: Future Sight
|-resisted|p1a: Good as Gold
|-damage|p1a: Good as Gold|42/100
|upkeep
|turn|7
|
|t:|1760453599
|-prepare|p2a: Slowking|Chilly Reception|[premajor]
|move|p2a: Slowking|Chilly Reception|p2a: Slowking
|-weather|Snowscape
|
|t:|1760453605
|switch|p2a: Ting-Lu|Ting-Lu|100/100|[from] Chilly Reception
|-damage|p2a: Ting-Lu|94/100|[from] Stealth Rock
|-ability|p2a: Ting-Lu|Vessel of Ruin
|move|p1a: Good as Gold|Recover|p1a: Good as Gold
|-heal|p1a: Good as Gold|92/100
|
|-weather|Snowscape|[upkeep]
|upkeep
|turn|8
|
|t:|1760453619
|switch|p1a: Ruhepol|Alomomola, M, shiny|100/100
|move|p2a: Ting-Lu|Payback|p1a: Ruhepol
|-damage|p1a: Ruhepol|91/100
|-damage|p2a: Ting-Lu|78/100|[from] item: Rocky Helmet|[of] p1a: Ruhepol
|
|-weather|Snowscape|[upkeep]
|upkeep
|turn|9
|
|t:|1760453629
|switch|p2a: Raging Bolt|Raging Bolt|100/100
|-damage|p2a: Raging Bolt|88/100|[from] Stealth Rock
|move|p1a: Ruhepol|Whirlpool|p2a: Raging Bolt
|-resisted|p2a: Raging Bolt
|-damage|p2a: Raging Bolt|86/100
|-activate|p2a: Raging Bolt|move: Whirlpool|[of] p1a: Ruhepol
|
|-weather|Snowscape|[upkeep]
|-damage|p2a: Raging Bolt|73/100|[from] move: Whirlpool|[partiallytrapped]
|-fieldend|move: Trick Room
|upkeep
|turn|10
|
|t:|1760453650
|switch|p1a: Light Crown|Comfey, F|100/100
|move|p2a: Raging Bolt|Volt Switch|p1a: Light Crown
|-damage|p1a: Light Crown|35/100
|
|t:|1760453668
|-end|p2a: Raging Bolt|Protosynthesis|[silent]
|switch|p2a: Slowking|Slowking-Galar, F, tera:Flying|100/100|[from] Volt Switch
|
|-weather|Snowscape|[upkeep]
|-heal|p1a: Light Crown|41/100|[from] item: Leftovers
|upkeep
|turn|11
|
|t:|1760453682
|switch|p1a: Showtime Glow|Slowking-Galar, F|69/100
|move|p2a: Slowking|Future Sight|p1a: Showtime Glow
|-start|p2a: Slowking|move: Future Sight
|
|-weather|none
|upkeep
|turn|12
|
|t:|1760453691
|move|p2a: Slowking|Sludge Wave|p1a: Showtime Glow
|-resisted|p1a: Showtime Glow
|-damage|p1a: Showtime Glow|49/100
|move|p1a: Showtime Glow|Future Sight|p2a: Slowking
|-start|p1a: Showtime Glow|move: Future Sight
|
|upkeep
|turn|13
|
|t:|1760453699
|-prepare|p1a: Showtime Glow|Chilly Reception|[premajor]
|move|p1a: Showtime Glow|Chilly Reception|p1a: Showtime Glow
|-weather|Snowscape
|
|t:|1760453708
|switch|p1a: Good as Gold|Latias, F, shiny|92/100|[from] Chilly Reception
|move|p2a: Slowking|Trick Room|p2a: Slowking
|-fieldstart|move: Trick Room|[of] p2a: Slowking
|
|-weather|Snowscape|[upkeep]
|-end|p1a: Good as Gold|move: Future Sight
|-resisted|p1a: Good as Gold
|-damage|p1a: Good as Gold|69/100
|upkeep
|turn|14
|
|t:|1760453720
|switch|p1a: Ruhepol|Alomomola, M, shiny|100/100
|-prepare|p2a: Slowking|Chilly Reception|[premajor]
|move|p2a: Slowking|Chilly Reception|p2a: Slowking
|
|t:|1760453728
|switch|p2a: Ting-Lu|Ting-Lu|78/100|[from] Chilly Reception
|-damage|p2a: Ting-Lu|72/100|[from] Stealth Rock
|-ability|p2a: Ting-Lu|Vessel of Ruin
|
|-weather|Snowscape|[upkeep]
|-end|p2a: Ting-Lu|move: Future Sight
|-immune|p2a: Ting-Lu
|upkeep
|turn|15
|
|t:|1760453750
|switch|p2a: Conkeldurr|Conkeldurr, M, shiny|100/100
|-damage|p2a: Conkeldurr|94/100|[from] Stealth Rock
|move|p1a: Ruhepol|Scald|p2a: Conkeldurr
|-damage|p2a: Conkeldurr|75/100
|
|-weather|Snowscape|[upkeep]
|-status|p2a: Conkeldurr|brn|[from] item: Flame Orb
|upkeep
|turn|16
|
|t:|1760453764
|move|p2a: Conkeldurr|Close Combat|p1a: Ruhepol
|-damage|p1a: Ruhepol|44/100
|-unboost|p2a: Conkeldurr|def|1
|-unboost|p2a: Conkeldurr|spd|1
|-damage|p2a: Conkeldurr|59/100 brn|[from] item: Rocky Helmet|[of] p1a: Ruhepol
|move|p1a: Ruhepol|Whirlpool|p2a: Conkeldurr
|-damage|p2a: Conkeldurr|47/100 brn
|-activate|p2a: Conkeldurr|move: Whirlpool|[of] p1a: Ruhepol
|
|-weather|Snowscape|[upkeep]
|-damage|p2a: Conkeldurr|41/100 brn|[from] brn
|-damage|p2a: Conkeldurr|28/100 brn|[from] move: Whirlpool|[partiallytrapped]
|upkeep
|turn|17
|
|t:|1760453787
|switch|p1a: Disturbia|Hatterene, F|100/100
|move|p2a: Conkeldurr|Ice Punch|p1a: Disturbia
|-damage|p1a: Disturbia|50/100
|
|-weather|none
|-damage|p2a: Conkeldurr|22/100 brn|[from] brn
|-end|p2a: Conkeldurr|Whirlpool|[partiallytrapped]|[silent]
|-fieldend|move: Trick Room
|upkeep
|turn|18
|
|t:|1760453802
|switch|p1a: Ruhepol|Alomomola, M, shiny|78/100
|move|p2a: Conkeldurr|Ice Punch|p1a: Ruhepol
|-resisted|p1a: Ruhepol
|-damage|p1a: Ruhepol|66/100
|-status|p1a: Ruhepol|frz
|-damage|p2a: Conkeldurr|5/100 brn|[from] item: Rocky Helmet|[of] p1a: Ruhepol
|
|-damage|p2a: Conkeldurr|0 fnt|[from] brn
|faint|p2a: Conkeldurr
|upkeep
|
|t:|1760453820
|switch|p2a: Ceruledge|Ceruledge, M|100/100
|-damage|p2a: Ceruledge|76/100|[from] Stealth Rock
|turn|19
|
|t:|1760453836
|move|p2a: Ceruledge|Swords Dance|p2a: Ceruledge
|-boost|p2a: Ceruledge|atk|2
|-curestatus|p1a: Ruhepol|frz|[from] move: Scald
|move|p1a: Ruhepol|Scald|p2a: Ceruledge
|-supereffective|p2a: Ceruledge
|-damage|p2a: Ceruledge|45/100
|
|upkeep
|turn|20
|
|t:|1760453856
|move|p2a: Ceruledge|Bitter Blade|p1a: Ruhepol
|-resisted|p1a: Ruhepol
|-damage|p1a: Ruhepol|43/100
|-heal|p2a: Ceruledge|66/100|[from] drain|[of] p1a: Ruhepol
|-damage|p2a: Ceruledge|50/100|[from] item: Rocky Helmet|[of] p1a: Ruhepol
|move|p1a: Ruhepol|Whirlpool|p2a: Ceruledge
|-supereffective|p2a: Ceruledge
|-damage|p2a: Ceruledge|35/100
|-activate|p2a: Ceruledge|move: Whirlpool|[of] p1a: Ruhepol
|
|-damage|p2a: Ceruledge|22/100|[from] move: Whirlpool|[partiallytrapped]
|upkeep
|turn|21
|
|t:|1760453872
|move|p2a: Ceruledge|Poltergeist|p1a: Ruhepol|[miss]
|-miss|p2a: Ceruledge|p1a: Ruhepol
|move|p1a: Ruhepol|Scald|p2a: Ceruledge
|-supereffective|p2a: Ceruledge
|-damage|p2a: Ceruledge|0 fnt
|faint|p2a: Ceruledge
|
|upkeep
|
|t:|1760453878
|switch|p2a: Raging Bolt|Raging Bolt|73/100
|-damage|p2a: Raging Bolt|61/100|[from] Stealth Rock
|turn|22
|
|t:|1760453901
|switch|p1a: Nachtwache|Gliscor, F|77/100 tox
|move|p2a: Raging Bolt|Draco Meteor|p1a: Nachtwache|[miss]
|-miss|p2a: Raging Bolt|p1a: Nachtwache
|
|-heal|p1a: Nachtwache|90/100 tox|[from] ability: Poison Heal
|upkeep
|turn|23
|
|t:|1760453913
|switch|p1a: Light Crown|Comfey, F|41/100
|move|p2a: Raging Bolt|Draco Meteor|p1a: Light Crown
|-immune|p1a: Light Crown
|
|-heal|p1a: Light Crown|47/100|[from] item: Leftovers
|upkeep
|turn|24
|
|t:|1760453925
|-end|p2a: Raging Bolt|Protosynthesis|[silent]
|switch|p2a: Enamorus|Enamorus, F|100/100
|-damage|p2a: Enamorus|76/100|[from] Stealth Rock
|move|p1a: Light Crown|Calm Mind|p1a: Light Crown
|-boost|p1a: Light Crown|spa|1
|-boost|p1a: Light Crown|spd|1
|
|-heal|p1a: Light Crown|53/100|[from] item: Leftovers
|upkeep
|turn|25
|
|t:|1760453932
|move|p1a: Light Crown|Draining Kiss|p2a: Enamorus
|-damage|p2a: Enamorus|43/100
|-heal|p1a: Light Crown|77/100|[from] drain|[of] p2a: Enamorus
|move|p2a: Enamorus|Superpower|p1a: Light Crown
|-resisted|p1a: Light Crown
|-damage|p1a: Light Crown|58/100
|-boost|p2a: Enamorus|atk|1
|-boost|p2a: Enamorus|def|1
|
|-heal|p1a: Light Crown|64/100|[from] item: Leftovers
|upkeep
|turn|26
|
|t:|1760453949
|move|p2a: Enamorus|Misty Explosion|p1a: Light Crown
|-damage|p1a: Light Crown|26/100
|faint|p2a: Enamorus
|move|p1a: Light Crown|Calm Mind|p1a: Light Crown
|-boost|p1a: Light Crown|spa|1
|-boost|p1a: Light Crown|spd|1
|
|-heal|p1a: Light Crown|32/100|[from] item: Leftovers
|upkeep
|
|t:|1760453960
|switch|p2a: Raging Bolt|Raging Bolt|61/100
|-damage|p2a: Raging Bolt|49/100|[from] Stealth Rock
|turn|27
|
|t:|1760453964
|move|p1a: Light Crown|Draining Kiss|p2a: Raging Bolt
|-supereffective|p2a: Raging Bolt
|-damage|p2a: Raging Bolt|0 fnt
|-heal|p1a: Light Crown|79/100|[from] drain|[of] p2a: Raging Bolt
|faint|p2a: Raging Bolt
|-end|p2a: Raging Bolt|Protosynthesis|[silent]
|
|-heal|p1a: Light Crown|85/100|[from] item: Leftovers
|upkeep
|
|t:|1760453967
|switch|p2a: Ting-Lu|Ting-Lu|72/100
|-damage|p2a: Ting-Lu|65/100|[from] Stealth Rock
|-ability|p2a: Ting-Lu|Vessel of Ruin
|turn|28
|-message|hsp20040923 forfeited.
|
|win|Pityplatsch
|raw|Pityplatsch's rating: 1216 &rarr; <strong>1242</strong><br />(+26 for winning)
|raw|hsp20040923's rating: 1236 &rarr; <strong>1210</strong><br />(-26 for losing)
|l|☆hsp20040923
|player|p2|
