|j|☆Passerby bye
|j|☆iongammarays
|t:|1760461007
|gametype|singles
|player|p1|Passerby bye|scientist-gen4|1300
|player|p2|iongammarays|miku-psychic|1334
|gen|9
|tier|[Gen 9] OU
|rated|
|rule|HP Percentage Mod: HP is shown in percentages
|rule|Endless Battle Clause: Forcing endless battles is banned
|rule|Species Clause: Limit one of each Pokémon
|rule|OHKO Clause: OHKO moves are banned
|rule|Evasion Items Clause: Evasion items are banned
|rule|Evasion Moves Clause: Evasion moves are banned
|rule|Evasion Abilities Clause: Evasion abilities are banned
|rule|Sleep Moves Clause: Sleep-inducing moves are banned
|clearpoke
|poke|p1|Wigglytuff, M|
|poke|p1|Houndoom, F|
|poke|p1|Gliscor, F|
|poke|p1|Magnezone|
|poke|p1|Slowbro, M|
|poke|p1|Vileplume, M|
|poke|p2|Gliscor, M|
|poke|p2|Garganacl, F|
|poke|p2|Ogerpon-Wellspring, F|
|poke|p2|Scizor, F|
|poke|p2|Weezing-Galar, F|
|poke|p2|Iron Valiant|
|teampreview
|
|t:|1760461021
|teamsize|p1|6
|teamsize|p2|6
|start
|switch|p1a: Vileplume|Vileplume, M|100/100
|switch|p2a: Ogerpon|Ogerpon-Wellspring, F|100/100
|turn|1
|
|t:|1760461032
|move|p2a: Ogerpon|U-turn|p1a: Vileplume
|-damage|p1a: Vileplume|80/100
|-damage|p2a: Ogerpon|84/100|[from] item: Rocky Helmet|[of] p1a: Vileplume
|
|t:|1760461039
|switch|p2a: Scizor|Scizor, F|100/100|[from] U-turn
|move|p1a: Vileplume|Sludge Wave|p2a: Scizor
|-immune|p2a: Scizor
|
|upkeep
|turn|2
|
|t:|1760461046
|move|p2a: Scizor|Knock Off|p1a: Vileplume
|-damage|p1a: Vileplume|36/100
|-damage|p2a: Scizor|84/100|[from] item: Rocky Helmet|[of] p1a: Vileplume
|-status|p2a: Scizor|par|[from] ability: Effect Spore|[of] p1a: Vileplume
|-enditem|p1a: Vileplume|Rocky Helmet|[from] move: Knock Off|[of] p2a: Scizor
|move|p1a: Vileplume|Strength Sap|p2a: Scizor
|-unboost|p2a: Scizor|atk|1
|-heal|p1a: Vileplume|100/100
|
|upkeep
|turn|3
|
|t:|1760461068
|switch|p2a: Gliscor|Gliscor, M|100/100
|move|p1a: Vileplume|Leech Seed|p2a: Gliscor|[miss]
|-miss|p1a: Vileplume|p2a: Gliscor
|
|-status|p2a: Gliscor|tox|[from] item: Toxic Orb
|upkeep
|turn|4
|
|t:|1760461072
|move|p2a: Gliscor|Substitute|p2a: Gliscor
|-start|p2a: Gliscor|Substitute
|-damage|p2a: Gliscor|76/100 tox
|move|p1a: Vileplume|Leech Seed||[still]
|-fail|p1a: Vileplume
|
|-heal|p2a: Gliscor|88/100 tox|[from] ability: Poison Heal
|upkeep
|turn|5
|
|t:|1760461075
|move|p2a: Gliscor|Swords Dance|p2a: Gliscor
|-boost|p2a: Gliscor|atk|2
|move|p1a: Vileplume|Giga Drain|p2a: Gliscor
|-end|p2a: Gliscor|Substitute
|
|-heal|p2a: Gliscor|100/100 tox|[from] ability: Poison Heal
|upkeep
|turn|6
|
|t:|1760461079
|move|p2a: Gliscor|Dual Wingbeat|p1a: Vileplume
|-supereffective|p1a: Vileplume
|-damage|p1a: Vileplume|49/100
|-supereffective|p1a: Vileplume
|-damage|p1a: Vileplume|0 fnt
|faint|p1a: Vileplume
|-hitcount|p1: Vileplume|2
|
|upkeep
|
|t:|1760461092
|switch|p1a: Slowbro|Slowbro, M|100/100
|turn|7
|
|t:|1760461102
|switch|p2a: Scizor|Scizor, F|84/100 par
|move|p1a: Slowbro|Scald|p2a: Scizor
|-damage|p2a: Scizor|48/100 par
|
|upkeep
|turn|8
|
|t:|1760461112
|move|p2a: Scizor|Knock Off|p1a: Slowbro
|-supereffective|p1a: Slowbro
|-damage|p1a: Slowbro|39/100
|-enditem|p1a: Slowbro|Heavy-Duty Boots|[from] move: Knock Off|[of] p2a: Scizor
|move|p1a: Slowbro|Scald|p2a: Scizor
|-damage|p2a: Scizor|9/100 par
|
|upkeep
|turn|9
|
|t:|1760461117
|switch|p2a: Ogerpon|Ogerpon-Wellspring, F|84/100
|move|p1a: Slowbro|Slack Off|p1a: Slowbro
|-heal|p1a: Slowbro|89/100
|
|upkeep
|turn|10
|
|t:|1760461131
|switch|p1a: Gliscor|Gliscor, F|100/100
|move|p2a: Ogerpon|Horn Leech|p1a: Gliscor
|-damage|p1a: Gliscor|66/100
|-heal|p2a: Ogerpon|100/100|[from] drain|[of] p1a: Gliscor
|
|-status|p1a: Gliscor|tox|[from] item: Toxic Orb
|upkeep
|turn|11
|
|t:|1760461137
|move|p1a: Gliscor|Protect|p1a: Gliscor
|-singleturn|p1a: Gliscor|Protect
|move|p2a: Ogerpon|Ivy Cudgel|p1a: Gliscor|[anim] Ivy Cudgel Water
|-activate|p1a: Gliscor|move: Protect
|
|-heal|p1a: Gliscor|78/100 tox|[from] ability: Poison Heal
|upkeep
|turn|12
|inactive|Battle timer is ON: inactive players will automatically lose when time's up. (requested by iongammarays)
|
|t:|1760461173
|switch|p1a: Wigglytuff|Wigglytuff, M|100/100
|move|p2a: Ogerpon|Ivy Cudgel|p1a: Wigglytuff|[anim] Ivy Cudgel Water
|-damage|p1a: Wigglytuff|26/100
|
|upkeep
|turn|13
|
|t:|1760461179
|move|p2a: Ogerpon|Ivy Cudgel|p1a: Wigglytuff|[anim] Ivy Cudgel Water
|-damage|p1a: Wigglytuff|0 fnt
|faint|p1a: Wigglytuff
|
|upkeep
|
|t:|1760461182
|switch|p1a: Magnezone|Magnezone|100/100
|turn|14
|
|t:|1760461189
|move|p2a: Ogerpon|U-turn|p1a: Magnezone
|-resisted|p1a: Magnezone
|-damage|p1a: Magnezone|87/100
|
|t:|1760461194
|switch|p2a: Garganacl|Garganacl, F|100/100|[from] U-turn
|move|p1a: Magnezone|Thunderbolt|p2a: Garganacl
|-damage|p2a: Garganacl|27/100
|
|-heal|p2a: Garganacl|33/100|[from] item: Leftovers
|upkeep
|turn|15
|
|t:|1760461200
|move|p1a: Magnezone|Thunderbolt|p2a: Garganacl
|-damage|p2a: Garganacl|0 fnt
|faint|p2a: Garganacl
|
|upkeep
|
|t:|1760461209
|switch|p2a: Gliscor|Gliscor, M|100/100 tox
|turn|16
|
|t:|1760461215
|switch|p1a: Slowbro|Slowbro, M|100/100
|move|p2a: Gliscor|Substitute|p2a: Gliscor
|-start|p2a: Gliscor|Substitute
|-damage|p2a: Gliscor|76/100 tox
|
|-heal|p2a: Gliscor|88/100 tox|[from] ability: Poison Heal
|upkeep
|turn|17
|
|t:|1760461223
|move|p2a: Gliscor|Swords Dance|p2a: Gliscor
|-boost|p2a: Gliscor|atk|2
|move|p1a: Slowbro|Scald|p2a: Gliscor
|-supereffective|p2a: Gliscor
|-end|p2a: Gliscor|Substitute
|
|-heal|p2a: Gliscor|100/100 tox|[from] ability: Poison Heal
|upkeep
|turn|18
|
|t:|1760461228
|-terastallize|p2a: Gliscor|Water
|move|p2a: Gliscor|Earthquake|p1a: Slowbro
|-damage|p1a: Slowbro|52/100
|move|p1a: Slowbro|Scald|p2a: Gliscor
|-resisted|p2a: Gliscor
|-damage|p2a: Gliscor|78/100 tox
|
|-heal|p2a: Gliscor|91/100 tox|[from] ability: Poison Heal
|upkeep
|turn|19
|
|t:|1760461233
|move|p2a: Gliscor|Earthquake|p1a: Slowbro
|-damage|p1a: Slowbro|1/100
|move|p1a: Slowbro|Slack Off|p1a: Slowbro
|-heal|p1a: Slowbro|51/100
|
|-heal|p2a: Gliscor|100/100 tox|[from] ability: Poison Heal
|upkeep
|turn|20
|
|t:|1760461236
|move|p2a: Gliscor|Earthquake|p1a: Slowbro
|-damage|p1a: Slowbro|6/100
|move|p1a: Slowbro|Slack Off|p1a: Slowbro
|-heal|p1a: Slowbro|56/100
|
|upkeep
|turn|21
|
|t:|1760461242
|move|p2a: Gliscor|Substitute|p2a: Gliscor
|-start|p2a: Gliscor|Substitute
|-damage|p2a: Gliscor|76/100 tox
|move|p1a: Slowbro|Slack Off|p1a: Slowbro
|-heal|p1a: Slowbro|100/100
|
|-heal|p2a: Gliscor|88/100 tox|[from] ability: Poison Heal
|upkeep
|turn|22
|
|t:|1760461248
|move|p2a: Gliscor|Swords Dance|p2a: Gliscor
|-boost|p2a: Gliscor|atk|2
|move|p1a: Slowbro|Nasty Plot|p1a: Slowbro
|-boost|p1a: Slowbro|spa|2
|
|-heal|p2a: Gliscor|100/100 tox|[from] ability: Poison Heal
|upkeep
|turn|23
|
|t:|1760461253
|move|p2a: Gliscor|Earthquake|p1a: Slowbro
|-damage|p1a: Slowbro|33/100
|move|p1a: Slowbro|Psyshock|p2a: Gliscor
|-end|p2a: Gliscor|Substitute
|
|upkeep
|turn|24
|
|t:|1760461257
|move|p2a: Gliscor|Earthquake|p1a: Slowbro
|-damage|p1a: Slowbro|0 fnt
|faint|p1a: Slowbro
|
|upkeep
|
|t:|1760461264
|switch|p1a: Houndoom|Houndoom, F|100/100
|turn|25
|
|t:|1760461268
|move|p1a: Houndoom|Destiny Bond|p1a: Houndoom
|-singlemove|p1a: Houndoom|Destiny Bond
|move|p2a: Gliscor|Earthquake|p1a: Houndoom
|-supereffective|p1a: Houndoom
|-damage|p1a: Houndoom|0 fnt
|faint|p1a: Houndoom
|-activate|p1a: Houndoom|move: Destiny Bond
|faint|p2a: Gliscor
|
|upkeep
|
|t:|1760461277
|switch|p2a: Ogerpon|Ogerpon-Wellspring, F|100/100
|switch|p1a: Magnezone|Magnezone|87/100
|turn|26
|
|t:|1760461282
|move|p2a: Ogerpon|Ivy Cudgel|p1a: Magnezone|[anim] Ivy Cudgel Water
|-damage|p1a: Magnezone|33/100
|move|p1a: Magnezone|Thunderbolt|p2a: Ogerpon
|-damage|p2a: Ogerpon|0 fnt
|faint|p2a: Ogerpon
|
|upkeep
|
|t:|1760461285
|switch|p2a: Iron Valiant|Iron Valiant|100/100
|-enditem|p2a: Iron Valiant|Booster Energy
|-activate|p2a: Iron Valiant|ability: Quark Drive|[fromitem]
|-start|p2a: Iron Valiant|quarkdrivespe
|turn|27
|
|t:|1760461290
|move|p2a: Iron Valiant|Aura Sphere|p1a: Magnezone
|-supereffective|p1a: Magnezone
|-crit|p1a: Magnezone
|-damage|p1a: Magnezone|0 fnt
|faint|p1a: Magnezone
|
|upkeep
|
|t:|1760461294
|switch|p1a: Gliscor|Gliscor, F|78/100 tox
|turn|28
|
|t:|1760461297
|move|p1a: Gliscor|Protect|p1a: Gliscor
|-singleturn|p1a: Gliscor|Protect
|move|p2a: Iron Valiant|Moonblast|p1a: Gliscor
|-activate|p1a: Gliscor|move: Protect
|
|-heal|p1a: Gliscor|91/100 tox|[from] ability: Poison Heal
|upkeep
|turn|29
|
|t:|1760461303
|move|p2a: Iron Valiant|Moonblast|p1a: Gliscor
|-damage|p1a: Gliscor|48/100 tox
|move|p1a: Gliscor|Swords Dance|p1a: Gliscor
|-boost|p1a: Gliscor|atk|2
|
|-heal|p1a: Gliscor|60/100 tox|[from] ability: Poison Heal
|upkeep
|turn|30
|
|t:|1760461309
|move|p1a: Gliscor|Protect|p1a: Gliscor
|-singleturn|p1a: Gliscor|Protect
|move|p2a: Iron Valiant|Moonblast|p1a: Gliscor
|-activate|p1a: Gliscor|move: Protect
|
|-heal|p1a: Gliscor|73/100 tox|[from] ability: Poison Heal
|upkeep
|turn|31
|
|t:|1760461316
|move|p2a: Iron Valiant|Moonblast|p1a: Gliscor
|-damage|p1a: Gliscor|33/100 tox
|move|p1a: Gliscor|Swords Dance|p1a: Gliscor
|-boost|p1a: Gliscor|atk|2
|
|-heal|p1a: Gliscor|46/100 tox|[from] ability: Poison Heal
|upkeep
|turn|32
|
|t:|1760461324
|move|p1a: Gliscor|Protect|p1a: Gliscor
|-singleturn|p1a: Gliscor|Protect
|move|p2a: Iron Valiant|Moonblast|p1a: Gliscor
|-activate|p1a: Gliscor|move: Protect
|
|-heal|p1a: Gliscor|58/100 tox|[from] ability: Poison Heal
|upkeep
|turn|33
|
|t:|1760461327
|move|p2a: Iron Valiant|Moonblast|p1a: Gliscor
|-damage|p1a: Gliscor|16/100 tox
|move|p1a: Gliscor|Earthquake|p2a: Iron Valiant
|-damage|p2a: Iron Valiant|0 fnt
|faint|p2a: Iron Valiant
|-end|p2a: Iron Valiant|Quark Drive|[silent]
|
|-heal|p1a: Gliscor|28/100 tox|[from] ability: Poison Heal
|upkeep
|
|t:|1760461333
|switch|p2a: Scizor|Scizor, F|9/100 par
|turn|34
|
|t:|1760461336
|move|p1a: Gliscor|Protect|p1a: Gliscor
|-singleturn|p1a: Gliscor|Protect
|move|p2a: Scizor|Bullet Punch|p1a: Gliscor
|-activate|p1a: Gliscor|move: Protect
|
|-heal|p1a: Gliscor|41/100 tox|[from] ability: Poison Heal
|upkeep
|turn|35
|
|t:|1760461339
|cant|p2a: Scizor|par
|move|p1a: Gliscor|Earthquake|p2a: Scizor
|-damage|p2a: Scizor|0 fnt
|faint|p2a: Scizor
|
|-heal|p1a: Gliscor|53/100 tox|[from] ability: Poison Heal
|upkeep
|
|t:|1760461341
|switch|p2a: Weezing|Weezing-Galar, F|100/100
|-ability|p2a: Weezing|Neutralizing Gas
|turn|36
|
|t:|1760461347
|move|p1a: Gliscor|Earthquake|p2a: Weezing
|-supereffective|p2a: Weezing
|-damage|p2a: Weezing|0 fnt
|faint|p2a: Weezing
|-end|p2a: Weezing|ability: Neutralizing Gas
|
|win|Passerby bye
|raw|Passerby bye's rating: 1300 &rarr; <strong>1327</strong><br />(+27 for winning)
|raw|iongammarays's rating: 1334 &rarr; <strong>1312</strong><br />(-22 for losing)
|l|☆iongammarays
|player|p2|
|l|☆Passerby bye
|player|p1|
