|j|☆MACHE_T77
|j|‽thetidleypeeps
|t:|1760365313
|gametype|singles
|player|p1|MACHE_T77|blackbelt-gen4dp|1445
|player|p2|thetidleypeeps|265|1532
|gen|9
|tier|[Gen 9] OU
|rated|
|rule|HP Percentage Mod: HP is shown in percentages
|rule|Endless Battle Clause: Forcing endless battles is banned
|rule|Species Clause: Limit one of each Pokémon
|rule|OHKO Clause: OHKO moves are banned
|rule|Evasion Items Clause: Evasion items are banned
|rule|Evasion Moves Clause: Evasion moves are banned
|rule|Evasion Abilities Clause: Evasion abilities are banned
|rule|Sleep Moves Clause: Sleep-inducing moves are banned
|clearpoke
|poke|p1|Hatterene, F|
|poke|p1|Cresselia, F|
|poke|p1|Slowking-Galar, M|
|poke|p1|Iron Hands|
|poke|p1|Ursaluna, M|
|poke|p1|Glastrier|
|poke|p2|Great Tusk|
|poke|p2|Iron Valiant|
|poke|p2|Dragapult, M|
|poke|p2|Dragonite, F|
|poke|p2|Garganacl, F|
|poke|p2|Moltres|
|teampreview
|inactive|Battle timer is ON: inactive players will automatically lose when time's up. (requested by MACHE_T77)
|
|t:|1760365328
|teamsize|p1|6
|teamsize|p2|6
|start
|switch|p1a: Hatterene|Hatterene, F|100/100
|switch|p2a: Dragapult|Dragapult, M, shiny|100/100
|turn|1
|
|t:|1760365340
|move|p2a: Dragapult|U-turn|p1a: Hatterene
|-damage|p1a: Hatterene|80/100
|
|t:|1760365343
|switch|p2a: Garganacl|Garganacl, F|100/100|[from] U-turn
|move|p1a: Hatterene|Trick Room|p1a: Hatterene
|-fieldstart|move: Trick Room|[of] p1a: Hatterene
|
|upkeep
|turn|2
|
|t:|1760365349
|move|p1a: Hatterene|Giga Drain|p2a: Garganacl
|-supereffective|p2a: Garganacl
|-damage|p2a: Garganacl|49/100
|-heal|p1a: Hatterene|100/100|[from] drain|[of] p2a: Garganacl
|move|p2a: Garganacl|Salt Cure|p1a: Hatterene
|-damage|p1a: Hatterene|84/100
|-start|p1a: Hatterene|Salt Cure
|
|-heal|p2a: Garganacl|55/100|[from] item: Leftovers
|-damage|p1a: Hatterene|72/100|[from] Salt Cure
|upkeep
|turn|3
|
|t:|1760365359
|switch|p1a: Ursaluna|Ursaluna, M|100/100
|move|p2a: Garganacl|Protect||[still]
|-fail|p2a: Garganacl
|
|-heal|p2a: Garganacl|61/100|[from] item: Leftovers
|-status|p1a: Ursaluna|brn|[from] item: Flame Orb
|upkeep
|turn|4
|
|t:|1760365367
|move|p2a: Garganacl|Protect|p2a: Garganacl
|-singleturn|p2a: Garganacl|Protect
|move|p1a: Ursaluna|Facade|p2a: Garganacl
|-activate|p2a: Garganacl|move: Protect
|
|-heal|p2a: Garganacl|67/100|[from] item: Leftovers
|-damage|p1a: Ursaluna|94/100 brn|[from] brn
|upkeep
|turn|5
|
|t:|1760365376
|switch|p2a: Dragapult|Dragapult, M, shiny|100/100
|move|p1a: Ursaluna|Headlong Rush|p2a: Dragapult
|-damage|p2a: Dragapult|0 fnt
|-unboost|p1a: Ursaluna|def|1
|-unboost|p1a: Ursaluna|spd|1
|faint|p2a: Dragapult
|
|-damage|p1a: Ursaluna|88/100 brn|[from] brn
|-fieldend|move: Trick Room
|upkeep
|
|t:|1760365383
|switch|p2a: Great Tusk|Great Tusk|100/100
|-enditem|p2a: Great Tusk|Booster Energy
|-activate|p2a: Great Tusk|ability: Protosynthesis|[fromitem]
|-start|p2a: Great Tusk|protosynthesisatk
|turn|6
|
|t:|1760365389
|switch|p1a: Cresselia|Cresselia, F|100/100
|move|p2a: Great Tusk|Close Combat|p1a: Cresselia
|-resisted|p1a: Cresselia
|-damage|p1a: Cresselia|73/100
|-unboost|p2a: Great Tusk|def|1
|-unboost|p2a: Great Tusk|spd|1
|-damage|p2a: Great Tusk|84/100|[from] item: Rocky Helmet|[of] p1a: Cresselia
|
|upkeep
|turn|7
|
|t:|1760365399
|-end|p2a: Great Tusk|Protosynthesis|[silent]
|switch|p2a: Moltres|Moltres|100/100
|-ability|p2a: Moltres|Pressure
|move|p1a: Cresselia|Future Sight|p2a: Moltres
|-start|p1a: Cresselia|move: Future Sight
|
|upkeep
|turn|8
|
|t:|1760365407
|switch|p1a: Ursaluna|Ursaluna, M|88/100 brn
|move|p2a: Moltres|Flamethrower|p1a: Ursaluna
|-damage|p1a: Ursaluna|49/100 brn
|
|-damage|p1a: Ursaluna|43/100 brn|[from] brn
|upkeep
|turn|9
|
|t:|1760365416
|-terastallize|p2a: Moltres|Fire
|move|p2a: Moltres|Flamethrower|p1a: Ursaluna
|-damage|p1a: Ursaluna|0 fnt
|faint|p1a: Ursaluna
|
|-end|p2a: Moltres|move: Future Sight
|-damage|p2a: Moltres|58/100
|upkeep
|
|t:|1760365423
|switch|p1a: Slowking|Slowking-Galar, M|100/100
|-item|p1a: Slowking|Air Balloon
|turn|10
|
|t:|1760365427
|switch|p2a: Garganacl|Garganacl, F|67/100
|move|p1a: Slowking|Trick Room|p1a: Slowking
|-fieldstart|move: Trick Room|[of] p1a: Slowking
|
|-heal|p2a: Garganacl|73/100|[from] item: Leftovers
|upkeep
|turn|11
|
|t:|1760365433
|move|p1a: Slowking|Focus Blast|p2a: Garganacl
|-supereffective|p2a: Garganacl
|-damage|p2a: Garganacl|0 fnt
|faint|p2a: Garganacl
|
|upkeep
|
|t:|1760365438
|switch|p2a: Moltres|Moltres, tera:Fire|58/100
|-ability|p2a: Moltres|Pressure
|turn|12
|
|t:|1760365442
|move|p1a: Slowking|Sludge Bomb|p2a: Moltres
|-crit|p2a: Moltres
|-damage|p2a: Moltres|1/100
|-status|p2a: Moltres|psn
|move|p2a: Moltres|Roost|p2a: Moltres
|-heal|p2a: Moltres|51/100 psn
|
|-damage|p2a: Moltres|39/100 psn|[from] psn
|upkeep
|turn|13
|
|t:|1760365451
|move|p1a: Slowking|Sludge Bomb|p2a: Moltres
|-damage|p2a: Moltres|0 fnt
|faint|p2a: Moltres
|
|upkeep
|
|t:|1760365456
|switch|p2a: Dragonite|Dragonite, F|100/100
|turn|14
|
|t:|1760365459
|-prepare|p1a: Slowking|Chilly Reception|[premajor]
|move|p1a: Slowking|Chilly Reception|p1a: Slowking
|-weather|Snowscape
|
|t:|1760365462
|switch|p1a: Glastrier|Glastrier|100/100|[from] Chilly Reception
|move|p2a: Dragonite|Iron Head|p1a: Glastrier
|-supereffective|p1a: Glastrier
|-damage|p1a: Glastrier|71/100
|
|-weather|Snowscape|[upkeep]
|-fieldend|move: Trick Room
|upkeep
|turn|15
|
|t:|1760365470
|move|p2a: Dragonite|Iron Head|p1a: Glastrier
|-supereffective|p1a: Glastrier
|-damage|p1a: Glastrier|44/100
|cant|p1a: Glastrier|flinch
|
|-weather|Snowscape|[upkeep]
|upkeep
|turn|16
|
|t:|1760365476
|move|p2a: Dragonite|Iron Head|p1a: Glastrier
|-supereffective|p1a: Glastrier
|-damage|p1a: Glastrier|17/100
|cant|p1a: Glastrier|flinch
|
|-weather|Snowscape|[upkeep]
|upkeep
|turn|17
|
|t:|1760365483
|switch|p1a: Cresselia|Cresselia, F|73/100
|move|p2a: Dragonite|Iron Head|p1a: Cresselia
|-damage|p1a: Cresselia|53/100
|-damage|p2a: Dragonite|84/100|[from] item: Rocky Helmet|[of] p1a: Cresselia
|
|-weather|Snowscape|[upkeep]
|upkeep
|turn|18
|
|t:|1760365490
|move|p2a: Dragonite|Iron Head|p1a: Cresselia
|-damage|p1a: Cresselia|30/100
|-damage|p2a: Dragonite|68/100|[from] item: Rocky Helmet|[of] p1a: Cresselia
|move|p1a: Cresselia|Trick Room|p1a: Cresselia
|-fieldstart|move: Trick Room|[of] p1a: Cresselia
|
|-weather|none
|upkeep
|turn|19
|
|t:|1760365500
|move|p1a: Cresselia|Lunar Dance|p1a: Cresselia
|faint|p1a: Cresselia
|move|p2a: Dragonite|Iron Head|p1: Cresselia|[notarget]
|-fail|p2a: Dragonite
|
|upkeep
|
|t:|1760365504
|switch|p1a: Glastrier|Glastrier|17/100
|-heal|p1a: Glastrier|100/100|[from] move: Lunar Dance
|turn|20
|
|t:|1760365510
|move|p2a: Dragonite|Extreme Speed|p1a: Glastrier
|-damage|p1a: Glastrier|80/100
|move|p1a: Glastrier|Icicle Crash|p2a: Dragonite
|-supereffective|p2a: Dragonite
|-damage|p2a: Dragonite|0 fnt
|faint|p2a: Dragonite
|-ability|p1a: Glastrier|Chilling Neigh|boost
|-boost|p1a: Glastrier|atk|1
|
|upkeep
|
|t:|1760365515
|switch|p2a: Great Tusk|Great Tusk|84/100
|turn|21
|
|t:|1760365520
|move|p1a: Glastrier|Icicle Crash|p2a: Great Tusk
|-supereffective|p2a: Great Tusk
|-damage|p2a: Great Tusk|0 fnt
|faint|p2a: Great Tusk
|-end|p2a: Great Tusk|Protosynthesis|[silent]
|-ability|p1a: Glastrier|Chilling Neigh|boost
|-boost|p1a: Glastrier|atk|1
|
|upkeep
|
|t:|1760365522
|switch|p2a: Iron Valiant|Iron Valiant, shiny|100/100
|-enditem|p2a: Iron Valiant|Booster Energy
|-activate|p2a: Iron Valiant|ability: Quark Drive|[fromitem]
|-start|p2a: Iron Valiant|quarkdrivespe
|turn|22
|
|t:|1760365530
|move|p2a: Iron Valiant|Vacuum Wave|p1a: Glastrier
|-supereffective|p1a: Glastrier
|-damage|p1a: Glastrier|47/100
|move|p1a: Glastrier|High Horsepower|p2a: Iron Valiant
|-damage|p2a: Iron Valiant|0 fnt
|faint|p2a: Iron Valiant
|-end|p2a: Iron Valiant|Quark Drive|[silent]
|
|win|MACHE_T77
|raw|MACHE_T77's rating: 1445 &rarr; <strong>1470</strong><br />(+25 for winning)
|raw|thetidleypeeps's rating: 1532 &rarr; <strong>1507</strong><br />(-25 for losing)
|l|‽thetidleypeeps
|player|p2|
|l|☆MACHE_T77
|player|p1|
