|j|☆Kiraink
|j|☆stormhero
|t:|1760379404
|gametype|singles
|player|p1|Kiraink|grimsley|1368
|player|p2|stormhero|hugh|1417
|gen|9
|tier|[Gen 9] OU
|rated|
|rule|HP Percentage Mod: HP is shown in percentages
|rule|Endless Battle Clause: Forcing endless battles is banned
|rule|Species Clause: Limit one of each Pokémon
|rule|OHKO Clause: OHKO moves are banned
|rule|Evasion Items Clause: Evasion items are banned
|rule|Evasion Moves Clause: Evasion moves are banned
|rule|Evasion Abilities Clause: Evasion abilities are banned
|rule|Sleep Moves Clause: Sleep-inducing moves are banned
|clearpoke
|poke|p1|Iron Valiant|
|poke|p1|Raging Bolt|
|poke|p1|Great Tusk|
|poke|p1|Alomomola, M|
|poke|p1|Slowking-Galar, M|
|poke|p1|Enamorus, F|
|poke|p2|Cinderace, F|
|poke|p2|Gholdengo|
|poke|p2|Meowscarada, M|
|poke|p2|Ogerpon-Cornerstone, F|
|poke|p2|Ting-Lu|
|poke|p2|Primarina, F|
|teampreview
|
|t:|1760379416
|teamsize|p1|6
|teamsize|p2|6
|start
|switch|p1a: Iron Valiant|Iron Valiant|100/100
|switch|p2a: Primarina|Primarina, F, shiny|100/100
|turn|1
|
|t:|1760379426
|-end|p1a: Iron Valiant|Quark Drive|[silent]
|switch|p1a: Slowking|Slowking-Galar, M|100/100
|move|p2a: Primarina|Moonblast|p1a: Slowking
|-resisted|p1a: Slowking
|-damage|p1a: Slowking|85/100
|
|upkeep
|turn|2
|
|t:|1760379437
|switch|p2a: CTC|Gholdengo, shiny|100/100
|move|p1a: Slowking|Thunder Wave|p2a: CTC
|-immune|p2a: CTC|[from] ability: Good as Gold
|
|upkeep
|turn|3
|
|t:|1760379445
|move|p2a: CTC|Shadow Ball|p1a: Slowking
|-supereffective|p1a: Slowking
|-damage|p1a: Slowking|33/100
|-prepare|p1a: Slowking|Chilly Reception|[premajor]
|move|p1a: Slowking|Chilly Reception|p1a: Slowking
|-weather|Snowscape
|
|t:|1760379448
|switch|p1a: Great Tusk|Great Tusk|100/100|[from] Chilly Reception
|
|-weather|Snowscape|[upkeep]
|upkeep
|turn|4
|
|t:|1760379458
|switch|p2a: Ting-Lu|Ting-Lu|100/100
|-ability|p2a: Ting-Lu|Vessel of Ruin
|move|p1a: Great Tusk|Headlong Rush|p2a: Ting-Lu
|-damage|p2a: Ting-Lu|71/100
|-unboost|p1a: Great Tusk|def|1
|-unboost|p1a: Great Tusk|spd|1
|
|-weather|Snowscape|[upkeep]
|-heal|p2a: Ting-Lu|78/100|[from] item: Leftovers
|upkeep
|turn|5
|
|t:|1760379470
|-end|p1a: Great Tusk|Protosynthesis|[silent]
|switch|p1a: Enamorus|Enamorus, F|100/100
|move|p2a: Ting-Lu|Ruination|p1a: Enamorus
|-damage|p1a: Enamorus|51/100
|
|-weather|Snowscape|[upkeep]
|-heal|p2a: Ting-Lu|84/100|[from] item: Leftovers
|upkeep
|turn|6
|
|t:|1760379489
|switch|p2a: CTC|Gholdengo, shiny|100/100
|move|p1a: Enamorus|Moonblast|p2a: CTC
|-resisted|p2a: CTC
|-damage|p2a: CTC|68/100
|
|-weather|Snowscape|[upkeep]
|upkeep
|turn|7
|
|t:|1760379496
|move|p1a: Enamorus|Moonblast|p2a: CTC
|-resisted|p2a: CTC
|-damage|p2a: CTC|35/100
|move|p2a: CTC|Shadow Ball|p1a: Enamorus
|-damage|p1a: Enamorus|0 fnt
|faint|p1a: Enamorus
|
|-weather|none
|upkeep
|
|t:|1760379514
|switch|p1a: Iron Valiant|Iron Valiant|100/100
|turn|8
|
|t:|1760379525
|switch|p2a: ACE|Cinderace, F, shiny|100/100
|move|p1a: Iron Valiant|Moonblast|p2a: ACE
|-resisted|p2a: ACE
|-damage|p2a: ACE|49/100
|-unboost|p2a: ACE|spa|1
|
|upkeep
|turn|9
|
|t:|1760379553
|-end|p1a: Iron Valiant|Quark Drive|[silent]
|switch|p1a: Alomomola|Alomomola, M|100/100
|move|p2a: ACE|Pyro Ball|p1a: Alomomola
|-resisted|p1a: Alomomola
|-damage|p1a: Alomomola|85/100
|
|upkeep
|turn|10
|
|t:|1760379574
|move|p2a: ACE|U-turn|p1a: Alomomola
|-start|p2a: ACE|typechange|Bug|[from] ability: Libero
|-damage|p1a: Alomomola|68/100
|-damage|p2a: ACE|33/100|[from] item: Rocky Helmet|[of] p1a: Alomomola
|
|t:|1760379578
|switch|p2a: CTC|Gholdengo, shiny|35/100|[from] U-turn
|move|p1a: Alomomola|Flip Turn|p2a: CTC
|-damage|p2a: CTC|18/100
|
|t:|1760379587
|switch|p1a: Iron Valiant|Iron Valiant|100/100|[from] Flip Turn
|
|upkeep
|turn|11
|
|t:|1760379590
|move|p2a: CTC|Make It Rain|p1a: Iron Valiant
|-supereffective|p1a: Iron Valiant
|-damage|p1a: Iron Valiant|0 fnt
|-unboost|p2a: CTC|spa|1
|faint|p1a: Iron Valiant
|-end|p1a: Iron Valiant|Quark Drive|[silent]
|
|upkeep
|
|t:|1760379601
|switch|p1a: Alomomola|Alomomola, M|100/100
|turn|12
|
|t:|1760379620
|switch|p2a: Ogerpon|Ogerpon-Cornerstone, F|100/100
|move|p1a: Alomomola|Flip Turn|p2a: Ogerpon
|-damage|p2a: Ogerpon|81/100
|
|t:|1760379632
|switch|p1a: Raging Bolt|Raging Bolt|100/100|[from] Flip Turn
|
|upkeep
|turn|13
|
|t:|1760379639
|move|p2a: Ogerpon|Ivy Cudgel|p1a: Raging Bolt|[anim] Ivy Cudgel Rock
|-damage|p1a: Raging Bolt|51/100
|move|p1a: Raging Bolt|Draco Meteor|p2a: Ogerpon
|-damage|p2a: Ogerpon|0 fnt
|-unboost|p1a: Raging Bolt|spa|2
|faint|p2a: Ogerpon
|
|upkeep
|
|t:|1760379662
|switch|p2a: Meowscarada|Meowscarada, M, shiny|100/100
|turn|14
|
|t:|1760379686
|-end|p1a: Raging Bolt|Protosynthesis|[silent]
|switch|p1a: Alomomola|Alomomola, M|100/100
|move|p2a: Meowscarada|Knock Off|p1a: Alomomola
|-start|p2a: Meowscarada|typechange|Dark|[from] ability: Protean
|-damage|p1a: Alomomola|67/100
|-damage|p2a: Meowscarada|84/100|[from] item: Rocky Helmet|[of] p1a: Alomomola
|-enditem|p1a: Alomomola|Rocky Helmet|[from] move: Knock Off|[of] p2a: Meowscarada
|
|upkeep
|turn|15
|
|t:|1760379698
|switch|p2a: CTC|Gholdengo, shiny|18/100
|move|p1a: Alomomola|Flip Turn|p2a: CTC
|-damage|p2a: CTC|0 fnt
|faint|p2a: CTC
|
|t:|1760379708
|switch|p1a: Great Tusk|Great Tusk|100/100|[from] Flip Turn
|
|upkeep
|
|t:|1760379720
|switch|p2a: Primarina|Primarina, F, shiny|100/100
|turn|16
|
|t:|1760379730
|-terastallize|p1a: Great Tusk|Steel
|move|p1a: Great Tusk|Rapid Spin|p2a: Primarina
|-damage|p2a: Primarina|81/100
|-boost|p1a: Great Tusk|spe|1
|move|p2a: Primarina|Surf|p1a: Great Tusk
|-damage|p1a: Great Tusk|21/100
|
|upkeep
|turn|17
|
|t:|1760379748
|-end|p1a: Great Tusk|Protosynthesis|[silent]
|switch|p1a: Alomomola|Alomomola, M|100/100
|move|p2a: Primarina|Surf|p1a: Alomomola
|-resisted|p1a: Alomomola
|-damage|p1a: Alomomola|71/100
|
|upkeep
|turn|18
|
|t:|1760379759
|move|p2a: Primarina|Moonblast|p1a: Alomomola
|-damage|p1a: Alomomola|11/100
|move|p1a: Alomomola|Flip Turn|p2a: Primarina
|-resisted|p2a: Primarina
|-damage|p2a: Primarina|72/100
|
|t:|1760379766
|switch|p1a: Raging Bolt|Raging Bolt|51/100|[from] Flip Turn
|
|upkeep
|turn|19
|
|t:|1760379775
|switch|p2a: Ting-Lu|Ting-Lu|84/100
|-ability|p2a: Ting-Lu|Vessel of Ruin
|move|p1a: Raging Bolt|Thunderbolt|p2a: Ting-Lu
|-immune|p2a: Ting-Lu
|
|-heal|p2a: Ting-Lu|90/100|[from] item: Leftovers
|upkeep
|turn|20
|
|t:|1760379783
|-end|p1a: Raging Bolt|Protosynthesis|[silent]
|switch|p1a: Alomomola|Alomomola, M|44/100
|move|p2a: Ting-Lu|Earthquake|p1a: Alomomola
|-damage|p1a: Alomomola|24/100
|
|-heal|p2a: Ting-Lu|96/100|[from] item: Leftovers
|upkeep
|turn|21
|
|t:|1760379793
|move|p1a: Alomomola|Healing Wish|p1a: Alomomola
|faint|p1a: Alomomola
|move|p2a: Ting-Lu|Earthquake|p1: Alomomola|[notarget]
|-fail|p2a: Ting-Lu
|
|-heal|p2a: Ting-Lu|100/100|[from] item: Leftovers
|upkeep
|
|t:|1760379798
|switch|p1a: Great Tusk|Great Tusk, tera:Steel|21/100
|-heal|p1a: Great Tusk|100/100|[from] move: Healing Wish
|turn|22
|
|t:|1760379805
|move|p1a: Great Tusk|Rapid Spin|p2a: Ting-Lu
|-damage|p2a: Ting-Lu|93/100
|-boost|p1a: Great Tusk|spe|1
|move|p2a: Ting-Lu|Earthquake|p1a: Great Tusk
|-supereffective|p1a: Great Tusk
|-damage|p1a: Great Tusk|46/100
|
|-heal|p2a: Ting-Lu|99/100|[from] item: Leftovers
|upkeep
|turn|23
|
|t:|1760379820
|-end|p1a: Great Tusk|Protosynthesis|[silent]
|switch|p1a: Slowking|Slowking-Galar, M|66/100
|move|p2a: Ting-Lu|Earthquake|p1a: Slowking
|-supereffective|p1a: Slowking
|-damage|p1a: Slowking|0 fnt
|faint|p1a: Slowking
|
|-heal|p2a: Ting-Lu|100/100|[from] item: Leftovers
|upkeep
|
|t:|1760379824
|switch|p1a: Raging Bolt|Raging Bolt|51/100
|turn|24
|
|t:|1760379830
|move|p1a: Raging Bolt|Draco Meteor|p2a: Ting-Lu
|-damage|p2a: Ting-Lu|58/100
|-unboost|p1a: Raging Bolt|spa|2
|move|p2a: Ting-Lu|Earthquake|p1a: Raging Bolt
|-supereffective|p1a: Raging Bolt
|-damage|p1a: Raging Bolt|0 fnt
|faint|p1a: Raging Bolt
|-end|p1a: Raging Bolt|Protosynthesis|[silent]
|
|-heal|p2a: Ting-Lu|64/100|[from] item: Leftovers
|upkeep
|-message|Kiraink forfeited.
|
|win|stormhero
|raw|Kiraink's rating: 1368 &rarr; <strong>1351</strong><br />(-17 for losing)
|raw|stormhero's rating: 1417 &rarr; <strong>1434</strong><br />(+17 for winning)
|l|☆Kiraink
|player|p1|
