|j|☆TrentMercer
|j|☆Swiscool
|t:|1760460487
|gametype|singles
|player|p1|TrentMercer|n|1737
|player|p2|Swiscool|2|1836
|gen|9
|tier|[Gen 9] OU
|rated|
|rule|HP Percentage Mod: HP is shown in percentages
|rule|Endless Battle Clause: Forcing endless battles is banned
|rule|Species Clause: Limit one of each Pokémon
|rule|OHKO Clause: OHKO moves are banned
|rule|Evasion Items Clause: Evasion items are banned
|rule|Evasion Moves Clause: Evasion moves are banned
|rule|Evasion Abilities Clause: Evasion abilities are banned
|rule|Sleep Moves Clause: Sleep-inducing moves are banned
|clearpoke
|poke|p1|Great Tusk|
|poke|p1|Slowking-Galar, M|
|poke|p1|Zapdos|
|poke|p1|Crawdaunt, M|
|poke|p1|Chandelure, M|
|poke|p1|Scizor, F|
|poke|p2|Kingambit, M|
|poke|p2|Landorus-Therian, M|
|poke|p2|Darkrai|
|poke|p2|Ogerpon-Wellspring, F|
|poke|p2|Slowking-Galar, M|
|poke|p2|Enamorus, F|
|teampreview
|j| poor ce
|j| dilf huntr
|j| Le Bouquetin
|j| epitap
|inactive|Battle timer is ON: inactive players will automatically lose when time's up. (requested by TrentMercer)
|l| poor ce
|inactive|Swiscool has 120 seconds left.
|j| wgw2333
|inactive|Swiscool has 90 seconds left.
|
|t:|1760460590
|teamsize|p1|6
|teamsize|p2|6
|start
|switch|p1a: Slowking|Slowking-Galar, M|100/100
|switch|p2a: Ogerpon|Ogerpon-Wellspring, F|100/100
|turn|1
|
|t:|1760460597
|move|p2a: Ogerpon|Knock Off|p1a: Slowking
|-supereffective|p1a: Slowking
|-damage|p1a: Slowking|20/100
|-enditem|p1a: Slowking|Assault Vest|[from] move: Knock Off|[of] p2a: Ogerpon
|move|p1a: Slowking|Sludge Bomb|p2a: Ogerpon
|-supereffective|p2a: Ogerpon
|-damage|p2a: Ogerpon|5/100
|
|upkeep
|turn|2
|
|t:|1760460607
|switch|p1a: Zapdos|Zapdos|100/100
|move|p2a: Ogerpon|Horn Leech|p1a: Zapdos
|-resisted|p1a: Zapdos
|-damage|p1a: Zapdos|85/100
|-heal|p2a: Ogerpon|15/100|[from] drain|[of] p1a: Zapdos
|
|upkeep
|turn|3
|
|t:|1760460614
|switch|p2a: Landorus|Landorus-Therian, M|100/100
|-ability|p2a: Landorus|Intimidate|boost
|-unboost|p1a: Zapdos|atk|1
|move|p1a: Zapdos|Hurricane|p2a: Landorus
|-damage|p2a: Landorus|53/100
|
|upkeep
|turn|4
|
|t:|1760460622
|switch|p1a: Great Tusk|Great Tusk|100/100
|-enditem|p1a: Great Tusk|Booster Energy
|-activate|p1a: Great Tusk|ability: Protosynthesis|[fromitem]
|-start|p1a: Great Tusk|protosynthesisatk
|move|p2a: Landorus|Stealth Rock|p1a: Great Tusk
|-sidestart|p1: TrentMercer|move: Stealth Rock
|
|upkeep
|turn|5
|
|t:|1760460634
|switch|p2a: Enamorus|Enamorus, F|100/100
|move|p1a: Great Tusk|Rapid Spin|p2a: Enamorus
|-damage|p2a: Enamorus|66/100
|-boost|p1a: Great Tusk|spe|1
|-sideend|p1: TrentMercer|Stealth Rock|[from] move: Rapid Spin|[of] p1a: Great Tusk
|
|upkeep
|turn|6
|
|t:|1760460650
|-terastallize|p1a: Great Tusk|Steel
|move|p2a: Enamorus|Moonblast|p1a: Great Tusk
|-resisted|p1a: Great Tusk
|-damage|p1a: Great Tusk|60/100
|move|p1a: Great Tusk|Ice Spinner|p2a: Enamorus
|-supereffective|p2a: Enamorus
|-damage|p2a: Enamorus|0 fnt
|faint|p2a: Enamorus
|
|upkeep
|
|t:|1760460660
|switch|p2a: Landorus|Landorus-Therian, M|53/100
|-ability|p2a: Landorus|Intimidate|boost
|-unboost|p1a: Great Tusk|atk|1
|turn|7
|
|t:|1760460674
|-terastallize|p2a: Landorus|Water
|move|p1a: Great Tusk|Ice Spinner|p2a: Landorus
|-resisted|p2a: Landorus
|-damage|p2a: Landorus|41/100
|-damage|p1a: Great Tusk|43/100|[from] item: Rocky Helmet|[of] p2a: Landorus
|move|p2a: Landorus|Earthquake|p1a: Great Tusk
|-supereffective|p1a: Great Tusk
|-damage|p1a: Great Tusk|0 fnt
|faint|p1a: Great Tusk
|-end|p1a: Great Tusk|Protosynthesis|[silent]
|
|upkeep
|
|t:|1760460688
|switch|p1a: Zapdos|Zapdos|85/100
|turn|8
|
|t:|1760460691
|move|p2a: Landorus|Stealth Rock|p1a: Zapdos
|-sidestart|p1: TrentMercer|move: Stealth Rock
|move|p1a: Zapdos|Volt Switch|p2a: Landorus
|-supereffective|p2a: Landorus
|-damage|p2a: Landorus|0 fnt
|faint|p2a: Landorus
|
|t:|1760460701
|switch|p1a: Scizor|Scizor, F|100/100|[from] Volt Switch
|-damage|p1a: Scizor|88/100|[from] Stealth Rock
|
|upkeep
|
|t:|1760460720
|switch|p2a: Darkrai|Darkrai|100/100
|turn|9
|j| Officer Furgal
|
|t:|1760460735
|move|p1a: Scizor|Bullet Punch|p2a: Darkrai
|-damage|p2a: Darkrai|36/100
|-damage|p1a: Scizor|78/100|[from] item: Life Orb
|move|p2a: Darkrai|Dark Pulse|p1a: Scizor
|-damage|p1a: Scizor|0 fnt
|faint|p1a: Scizor
|
|upkeep
|
|t:|1760460748
|switch|p1a: Zapdos|Zapdos|85/100
|turn|10
|l| Officer Furgal
|
|t:|1760460752
|move|p2a: Darkrai|Dark Pulse|p1a: Zapdos
|-damage|p1a: Zapdos|17/100
|move|p1a: Zapdos|Volt Switch|p2a: Darkrai
|-damage|p2a: Darkrai|0 fnt
|faint|p2a: Darkrai
|
|t:|1760460761
|switch|p1a: Chandelure|Chandelure, M, shiny|100/100|[from] Volt Switch
|-damage|p1a: Chandelure|76/100|[from] Stealth Rock
|
|upkeep
|
|t:|1760460766
|switch|p2a: Slowking|Slowking-Galar, M|100/100
|turn|11
|
|t:|1760460773
|move|p1a: Chandelure|Shadow Ball|p2a: Slowking
|-supereffective|p2a: Slowking
|-damage|p2a: Slowking|48/100
|-prepare|p2a: Slowking|Chilly Reception|[premajor]
|move|p2a: Slowking|Chilly Reception|p2a: Slowking
|-weather|Snowscape
|
|t:|1760460778
|switch|p2a: Kingambit|Kingambit, M|100/100|[from] Chilly Reception
|-activate|p2a: Kingambit|ability: Supreme Overlord
|-start|p2a: Kingambit|fallen3|[silent]
|-item|p2a: Kingambit|Air Balloon
|
|-weather|Snowscape|[upkeep]
|upkeep
|turn|12
|
|t:|1760460783
|switch|p1a: Zapdos|Zapdos|17/100
|move|p2a: Kingambit|Swords Dance|p2a: Kingambit
|-boost|p2a: Kingambit|atk|2
|
|-weather|Snowscape|[upkeep]
|upkeep
|turn|13
|
|t:|1760460788
|move|p1a: Zapdos|Thunder Wave|p2a: Kingambit
|-status|p2a: Kingambit|par
|move|p2a: Kingambit|Kowtow Cleave|p1a: Zapdos
|-damage|p1a: Zapdos|0 fnt
|faint|p1a: Zapdos
|
|-weather|Snowscape|[upkeep]
|upkeep
|
|t:|1760460793
|switch|p1a: Crawdaunt|Crawdaunt, M|100/100
|-damage|p1a: Crawdaunt|88/100|[from] Stealth Rock
|turn|14
|
|t:|1760460797
|move|p1a: Crawdaunt|Close Combat|p2a: Kingambit
|-supereffective|p2a: Kingambit
|-damage|p2a: Kingambit|0 fnt
|-unboost|p1a: Crawdaunt|def|1
|-unboost|p1a: Crawdaunt|spd|1
|-enditem|p2a: Kingambit|Air Balloon
|faint|p2a: Kingambit
|-end|p2a: Kingambit|fallen3|[silent]
|
|-weather|Snowscape|[upkeep]
|upkeep
|
|t:|1760460800
|switch|p2a: Ogerpon|Ogerpon-Wellspring, F|15/100
|turn|15
|
|t:|1760460809
|switch|p1a: Slowking|Slowking-Galar, M|54/100
|-damage|p1a: Slowking|41/100|[from] Stealth Rock
|move|p2a: Ogerpon|Horn Leech|p1a: Slowking
|-resisted|p1a: Slowking
|-crit|p1a: Slowking
|-damage|p1a: Slowking|5/100
|-heal|p2a: Ogerpon|38/100|[from] drain|[of] p1a: Slowking
|
|-weather|none
|upkeep
|turn|16
|
|t:|1760460817
|move|p2a: Ogerpon|Horn Leech|p1a: Slowking
|-resisted|p1a: Slowking
|-damage|p1a: Slowking|0 fnt
|-heal|p2a: Ogerpon|42/100|[from] drain|[of] p1a: Slowking
|faint|p1a: Slowking
|
|upkeep
|
|t:|1760460819
|switch|p1a: Chandelure|Chandelure, M, shiny|76/100
|-damage|p1a: Chandelure|51/100|[from] Stealth Rock
|turn|17
|j| Prof dankness
|
|t:|1760460824
|move|p1a: Chandelure|Shadow Ball|p2a: Ogerpon
|-damage|p2a: Ogerpon|0 fnt
|faint|p2a: Ogerpon
|
|upkeep
|
|t:|1760460830
|switch|p2a: Slowking|Slowking-Galar, M|81/100
|turn|18
|l| Prof dankness
|
|t:|1760460835
|move|p1a: Chandelure|Shadow Ball|p2a: Slowking
|-supereffective|p2a: Slowking
|-damage|p2a: Slowking|26/100
|-unboost|p2a: Slowking|spd|1
|move|p2a: Slowking|Sludge Bomb|p1a: Chandelure
|-resisted|p1a: Chandelure
|-damage|p1a: Chandelure|27/100
|-status|p1a: Chandelure|psn
|
|-damage|p1a: Chandelure|14/100 psn|[from] psn
|upkeep
|turn|19
|-message|Swiscool forfeited.
|
|win|TrentMercer
|raw|TrentMercer's rating: 1737 &rarr; <strong>1763</strong><br />(+26 for winning)
|raw|Swiscool's rating: 1836 &rarr; <strong>1810</strong><br />(-26 for losing)
|l|☆Swiscool
|player|p2|
|l|☆TrentMercer
|player|p1|
|l| dilf huntr
