|j|☆juncanti
|j|‽JinMammah
|t:|1760437109
|gametype|singles
|player|p1|juncanti|265|1403
|player|p2|JinMammah|rocketgruntf|1454
|gen|9
|tier|[Gen 9] OU
|rated|
|rule|HP Percentage Mod: HP is shown in percentages
|rule|Endless Battle Clause: Forcing endless battles is banned
|rule|Species Clause: Limit one of each Pokémon
|rule|OHKO Clause: OHKO moves are banned
|rule|Evasion Items Clause: Evasion items are banned
|rule|Evasion Moves Clause: Evasion moves are banned
|rule|Evasion Abilities Clause: Evasion abilities are banned
|rule|Sleep Moves Clause: Sleep-inducing moves are banned
|clearpoke
|poke|p1|Ogerpon-Wellspring, F|
|poke|p1|Cinderace, M|
|poke|p1|Clefable, M|
|poke|p1|Corviknight, F|
|poke|p1|Iron Valiant|
|poke|p1|Sandy Shocks|
|poke|p2|Iron Treads|
|poke|p2|Empoleon, F|
|poke|p2|Iron Valiant|
|poke|p2|Latias, F|
|poke|p2|Arbok, M|
|poke|p2|Ursaluna, F|
|teampreview
|
|t:|1760437128
|teamsize|p1|6
|teamsize|p2|6
|start
|switch|p1a: Cinderace|Cinderace, M|100/100
|switch|p2a: Arbok|Arbok, M|100/100
|-ability|p2a: Arbok|Intimidate|boost
|-unboost|p1a: Cinderace|atk|1
|turn|1
|
|t:|1760437134
|move|p1a: Cinderace|U-turn|p2a: Arbok
|-start|p1a: Cinderace|typechange|Bug|[from] ability: Libero
|-resisted|p2a: Arbok
|-damage|p2a: Arbok|84/100
|
|t:|1760437139
|switch|p1a: Corviknight|Corviknight, F|100/100|[from] U-turn
|move|p2a: Arbok|Glare|p1a: Corviknight
|-status|p1a: Corviknight|par
|
|upkeep
|turn|2
|
|t:|1760437146
|switch|p1a: Sandy Shocks|Sandy Shocks|100/100
|move|p2a: Arbok|Toxic Spikes|p1a: Sandy Shocks
|-sidestart|p1: juncanti|move: Toxic Spikes
|
|upkeep
|turn|3
|
|t:|1760437156
|move|p1a: Sandy Shocks|Volt Switch|p2a: Arbok
|-damage|p2a: Arbok|40/100
|
|t:|1760437160
|-end|p1a: Sandy Shocks|Protosynthesis|[silent]
|switch|p1a: Corviknight|Corviknight, F|100/100 par|[from] Volt Switch
|move|p2a: Arbok|Knock Off|p1a: Corviknight
|-damage|p1a: Corviknight|88/100 par
|-damage|p2a: Arbok|23/100|[from] item: Rocky Helmet|[of] p1a: Corviknight
|-enditem|p1a: Corviknight|Rocky Helmet|[from] move: Knock Off|[of] p2a: Arbok
|
|upkeep
|turn|4
|
|t:|1760437169
|cant|p1a: Corviknight|par
|move|p2a: Arbok|Dragon Tail|p1a: Corviknight
|-resisted|p1a: Corviknight
|-damage|p1a: Corviknight|84/100 par
|drag|p1a: Clefable|Clefable, M|100/100
|-status|p1a: Clefable|psn
|
|-damage|p1a: Clefable|88/100 psn|[from] psn
|upkeep
|turn|5
|
|t:|1760437178
|switch|p1a: Corviknight|Corviknight, F|84/100 par
|move|p2a: Arbok|Toxic Spikes|p1a: Corviknight
|-sidestart|p1: juncanti|move: Toxic Spikes
|
|upkeep
|turn|6
|
|t:|1760437183
|move|p1a: Corviknight|Defog|p2a: Arbok
|-unboost|p2a: Arbok|evasion|1
|-sideend|p1: juncanti|Toxic Spikes|[from] move: Defog|[of] p1a: Corviknight
|move|p2a: Arbok|Dragon Tail|p1a: Corviknight
|-resisted|p1a: Corviknight
|-damage|p1a: Corviknight|80/100 par
|drag|p1a: Ogerpon|Ogerpon-Wellspring, F|100/100
|
|upkeep
|turn|7
|
|t:|1760437190
|move|p1a: Ogerpon|Ivy Cudgel|p2a: Arbok|[anim] Ivy Cudgel Water
|-damage|p2a: Arbok|0 fnt
|faint|p2a: Arbok
|
|upkeep
|
|t:|1760437216
|switch|p2a: Iron Valiant|Iron Valiant|100/100
|-enditem|p2a: Iron Valiant|Booster Energy
|-activate|p2a: Iron Valiant|ability: Quark Drive|[fromitem]
|-start|p2a: Iron Valiant|quarkdrivespe
|turn|8
|
|t:|1760437223
|switch|p1a: Corviknight|Corviknight, F|80/100 par
|move|p2a: Iron Valiant|Thunderbolt|p1a: Corviknight
|-supereffective|p1a: Corviknight
|-damage|p1a: Corviknight|21/100 par
|
|upkeep
|turn|9
|
|t:|1760437228
|move|p2a: Iron Valiant|Thunderbolt|p1a: Corviknight
|-supereffective|p1a: Corviknight
|-damage|p1a: Corviknight|0 fnt
|faint|p1a: Corviknight
|
|upkeep
|
|t:|1760437230
|switch|p1a: Clefable|Clefable, M|88/100 psn
|turn|10
|
|t:|1760437239
|-end|p2a: Iron Valiant|Quark Drive|[silent]
|switch|p2a: Ursaluna|Ursaluna, F|100/100
|move|p1a: Clefable|Moonblast|p2a: Ursaluna
|-damage|p2a: Ursaluna|67/100
|-damage|p1a: Clefable|78/100 psn|[from] item: Life Orb
|
|-damage|p1a: Clefable|66/100 psn|[from] psn
|-status|p2a: Ursaluna|brn|[from] item: Flame Orb
|upkeep
|turn|11
|
|t:|1760437245
|switch|p1a: Ogerpon|Ogerpon-Wellspring, F|100/100
|move|p2a: Ursaluna|Facade|p1a: Ogerpon
|-crit|p1a: Ogerpon
|-damage|p1a: Ogerpon|0 fnt
|faint|p1a: Ogerpon
|
|-damage|p2a: Ursaluna|61/100 brn|[from] brn
|upkeep
|
|t:|1760437253
|switch|p1a: Cinderace|Cinderace, M|100/100
|turn|12
|
|t:|1760437261
|move|p1a: Cinderace|High Jump Kick|p2a: Ursaluna
|-start|p1a: Cinderace|typechange|Fighting|[from] ability: Libero
|-supereffective|p2a: Ursaluna
|-damage|p2a: Ursaluna|0 fnt
|faint|p2a: Ursaluna
|
|upkeep
|
|t:|1760437287
|switch|p2a: Latias|Latias, F|100/100
|turn|13
|
|t:|1760437292
|move|p1a: Cinderace|U-turn|p2a: Latias
|-supereffective|p2a: Latias
|-damage|p2a: Latias|62/100
|-enditem|p2a: Latias|Weakness Policy
|-boost|p2a: Latias|atk|2|[from] item: Weakness Policy
|-boost|p2a: Latias|spa|2|[from] item: Weakness Policy
|
|t:|1760437297
|switch|p1a: Clefable|Clefable, M|66/100 psn|[from] U-turn
|move|p2a: Latias|Agility|p2a: Latias
|-boost|p2a: Latias|spe|2
|
|-damage|p1a: Clefable|53/100 psn|[from] psn
|upkeep
|turn|14
|
|t:|1760437303
|move|p2a: Latias|Stored Power|p1a: Clefable
|-damage|p1a: Clefable|21/100 psn
|move|p1a: Clefable|Moonblast|p2a: Latias
|-supereffective|p2a: Latias
|-damage|p2a: Latias|2/100
|-unboost|p2a: Latias|spa|1
|-damage|p1a: Clefable|11/100 psn|[from] item: Life Orb
|
|-damage|p1a: Clefable|0 fnt|[from] psn
|faint|p1a: Clefable
|upkeep
|
|t:|1760437308
|switch|p1a: Cinderace|Cinderace, M|100/100
|turn|15
|inactive|Battle timer is ON: inactive players will automatically lose when time's up. (requested by juncanti)
|
|t:|1760437334
|move|p1a: Cinderace|Sucker Punch||[still]
|-fail|p1a: Cinderace
|move|p2a: Latias|Agility|p2a: Latias
|-boost|p2a: Latias|spe|2
|
|upkeep
|turn|16
|
|t:|1760437337
|move|p2a: Latias|Agility|p2a: Latias
|-boost|p2a: Latias|spe|2
|move|p1a: Cinderace|U-turn|p2a: Latias
|-start|p1a: Cinderace|typechange|Bug|[from] ability: Libero
|-supereffective|p2a: Latias
|-damage|p2a: Latias|0 fnt
|faint|p2a: Latias
|
|t:|1760437347
|switch|p1a: Sandy Shocks|Sandy Shocks|100/100|[from] U-turn
|
|upkeep
|inactive|JinMammah has 120 seconds left.
|inactive|JinMammah has 90 seconds left.
|
|t:|1760437413
|switch|p2a: Iron Valiant|Iron Valiant|100/100
|turn|17
|inactive|juncanti has 120 seconds left.
|
|t:|1760437456
|move|p2a: Iron Valiant|Moonblast|p1a: Sandy Shocks
|-crit|p1a: Sandy Shocks
|-damage|p1a: Sandy Shocks|5/100
|move|p1a: Sandy Shocks|Earth Power|p2a: Iron Valiant
|-damage|p2a: Iron Valiant|16/100
|
|-heal|p1a: Sandy Shocks|11/100|[from] item: Leftovers
|upkeep
|turn|18
|
|t:|1760437469
|move|p2a: Iron Valiant|Thunderbolt|p1a: Sandy Shocks
|-immune|p1a: Sandy Shocks
|move|p1a: Sandy Shocks|Earth Power|p2a: Iron Valiant
|-damage|p2a: Iron Valiant|0 fnt
|faint|p2a: Iron Valiant
|-end|p2a: Iron Valiant|Quark Drive|[silent]
|
|-heal|p1a: Sandy Shocks|17/100|[from] item: Leftovers
|upkeep
|
|t:|1760437483
|switch|p2a: Iron Treads|Iron Treads|100/100
|turn|19
|
|t:|1760437493
|move|p2a: Iron Treads|Rapid Spin|p1a: Sandy Shocks
|-damage|p1a: Sandy Shocks|0 fnt
|-boost|p2a: Iron Treads|spe|1
|faint|p1a: Sandy Shocks
|-end|p1a: Sandy Shocks|Protosynthesis|[silent]
|
|upkeep
|
|t:|1760437496
|switch|p1a: Iron Valiant|Iron Valiant|100/100
|-enditem|p1a: Iron Valiant|Booster Energy
|-activate|p1a: Iron Valiant|ability: Quark Drive|[fromitem]
|-start|p1a: Iron Valiant|quarkdrivespe
|turn|20
|
|t:|1760437515
|-terastallize|p2a: Iron Treads|Ghost
|move|p1a: Iron Valiant|Close Combat|p2a: Iron Treads
|-immune|p2a: Iron Treads
|move|p2a: Iron Treads|Rapid Spin|p1a: Iron Valiant
|-damage|p1a: Iron Valiant|81/100
|-boost|p2a: Iron Treads|spe|1
|
|upkeep
|turn|21
|
|t:|1760437524
|-terastallize|p1a: Iron Valiant|Dark
|move|p2a: Iron Treads|Earthquake|p1a: Iron Valiant
|-damage|p1a: Iron Valiant|16/100
|move|p1a: Iron Valiant|Knock Off|p2a: Iron Treads
|-supereffective|p2a: Iron Treads
|-damage|p2a: Iron Treads|3/100
|-enditem|p2a: Iron Treads|Leftovers|[from] move: Knock Off|[of] p1a: Iron Valiant
|
|upkeep
|turn|22
|inactive|JinMammah has 120 seconds left.
|
|t:|1760437539
|move|p2a: Iron Treads|Earthquake|p1a: Iron Valiant
|-damage|p1a: Iron Valiant|0 fnt
|faint|p1a: Iron Valiant
|-end|p1a: Iron Valiant|Quark Drive|[silent]
|
|upkeep
|
|t:|1760437542
|switch|p1a: Cinderace|Cinderace, M|100/100
|turn|23
|
|t:|1760437545
|move|p1a: Cinderace|Sucker Punch|p2a: Iron Treads
|-start|p1a: Cinderace|typechange|Dark|[from] ability: Libero
|-supereffective|p2a: Iron Treads
|-damage|p2a: Iron Treads|0 fnt
|faint|p2a: Iron Treads
|-end|p2a: Iron Treads|Quark Drive|[silent]
|
|upkeep
|
|t:|1760437548
|switch|p2a: Empoleon|Empoleon, F|100/100
|turn|24
|
|t:|1760437553
|move|p1a: Cinderace|High Jump Kick|p2a: Empoleon
|-supereffective|p2a: Empoleon
|-damage|p2a: Empoleon|22/100
|move|p2a: Empoleon|Surf|p1a: Cinderace
|-damage|p1a: Cinderace|5/100
|
|upkeep
|turn|25
|
|t:|1760437560
|move|p1a: Cinderace|High Jump Kick|p2a: Empoleon
|-supereffective|p2a: Empoleon
|-damage|p2a: Empoleon|0 fnt
|faint|p2a: Empoleon
|
|win|juncanti
|raw|juncanti's rating: 1403 &rarr; <strong>1426</strong><br />(+23 for winning)
|raw|JinMammah's rating: 1454 &rarr; <strong>1431</strong><br />(-23 for losing)
|l|‽JinMammah
|player|p2|
|l|☆juncanti
|player|p1|
