|j|☆Crk3
|j|‽kingywingy1st
|t:|1760373741
|gametype|singles
|player|p1|Crk3|bede-masters|1127
|player|p2|kingywingy1st|2|1180
|gen|9
|tier|[Gen 9] OU
|rated|
|rule|HP Percentage Mod: HP is shown in percentages
|rule|Endless Battle Clause: Forcing endless battles is banned
|rule|Species Clause: Limit one of each Pokémon
|rule|OHKO Clause: OHKO moves are banned
|rule|Evasion Items Clause: Evasion items are banned
|rule|Evasion Moves Clause: Evasion moves are banned
|rule|Evasion Abilities Clause: Evasion abilities are banned
|rule|Sleep Moves Clause: Sleep-inducing moves are banned
|clearpoke
|poke|p1|Scrafty, M|
|poke|p1|Comfey, F|
|poke|p1|Thundurus-Therian, M|
|poke|p1|Donphan, M|
|poke|p1|Bellibolt, F|
|poke|p1|Mismagius, F|
|poke|p2|Ceruledge, F|
|poke|p2|Torkoal, M|
|poke|p2|Raging Bolt|
|poke|p2|Clodsire, F|
|poke|p2|Greninja-*, M|
|poke|p2|Thundurus, M|
|teampreview
|inactive|Battle timer is ON: inactive players will automatically lose when time's up. (requested by Crk3)
|
|t:|1760373748
|teamsize|p1|6
|teamsize|p2|6
|start
|switch|p1a: Bellibolt|Bellibolt, F|100/100
|switch|p2a: Thundurus|Thundurus, M|100/100
|turn|1
|c|☆Crk3|Glhf
|
|t:|1760373758
|move|p2a: Thundurus|Sunny Day|p2a: Thundurus
|-weather|SunnyDay
|move|p1a: Bellibolt|Muddy Water|p2a: Thundurus
|-damage|p2a: Thundurus|87/100
|
|-weather|SunnyDay|[upkeep]
|upkeep
|turn|2
|
|t:|1760373764
|move|p2a: Thundurus|Weather Ball|p1a: Bellibolt
|-damage|p1a: Bellibolt|49/100
|-start|p1a: Bellibolt|Charge|Weather Ball|[from] ability: Electromorphosis
|move|p1a: Bellibolt|Discharge|p2a: Thundurus
|-damage|p2a: Thundurus|17/100
|-end|p1a: Bellibolt|Charge|[silent]
|
|-weather|SunnyDay|[upkeep]
|-heal|p1a: Bellibolt|55/100|[from] item: Leftovers
|upkeep
|turn|3
|
|t:|1760373778
|move|p1a: Bellibolt|Protect|p1a: Bellibolt
|-singleturn|p1a: Bellibolt|Protect
|move|p2a: Thundurus|Volt Switch|p1a: Bellibolt
|-activate|p1a: Bellibolt|move: Protect
|
|-weather|SunnyDay|[upkeep]
|-heal|p1a: Bellibolt|62/100|[from] item: Leftovers
|upkeep
|turn|4
|
|t:|1760373786
|move|p2a: Thundurus|Weather Ball|p1a: Bellibolt
|-damage|p1a: Bellibolt|13/100
|-start|p1a: Bellibolt|Charge|Weather Ball|[from] ability: Electromorphosis
|move|p1a: Bellibolt|Muddy Water|p2a: Thundurus
|-damage|p2a: Thundurus|1/100
|
|-weather|SunnyDay|[upkeep]
|-heal|p1a: Bellibolt|19/100|[from] item: Leftovers
|upkeep
|turn|5
|
|t:|1760373798
|move|p1a: Bellibolt|Protect|p1a: Bellibolt
|-singleturn|p1a: Bellibolt|Protect
|move|p2a: Thundurus|Volt Switch|p1a: Bellibolt
|-activate|p1a: Bellibolt|move: Protect
|
|-weather|none
|-heal|p1a: Bellibolt|25/100|[from] item: Leftovers
|upkeep
|turn|6
|
|t:|1760373807
|move|p2a: Thundurus|Volt Switch|p1a: Bellibolt
|-resisted|p1a: Bellibolt
|-damage|p1a: Bellibolt|7/100
|-start|p1a: Bellibolt|Charge|Volt Switch|[from] ability: Electromorphosis
|
|t:|1760373814
|switch|p2a: Clodsire|Clodsire, F, shiny|100/100|[from] Volt Switch
|move|p1a: Bellibolt|Slack Off|p1a: Bellibolt
|-heal|p1a: Bellibolt|57/100
|
|-heal|p1a: Bellibolt|63/100|[from] item: Leftovers
|upkeep
|turn|7
|
|t:|1760373823
|switch|p1a: Thundurus|Thundurus-Therian, M|100/100
|move|p2a: Clodsire|Toxic|p1a: Thundurus
|-status|p1a: Thundurus|tox
|
|-damage|p1a: Thundurus|94/100 tox|[from] psn
|upkeep
|turn|8
|
|t:|1760373850
|switch|p2a: Raging Bolt|Raging Bolt|100/100
|move|p1a: Thundurus|Dark Pulse|p2a: Raging Bolt
|-damage|p2a: Raging Bolt|62/100
|-damage|p1a: Thundurus|85/100 tox|[from] item: Life Orb
|
|-damage|p1a: Thundurus|73/100 tox|[from] psn
|upkeep
|turn|9
|
|t:|1760373862
|move|p2a: Raging Bolt|Volt Switch|p1a: Thundurus
|-heal|p1a: Thundurus|97/100 tox|[from] ability: Volt Absorb|[of] p2a: Raging Bolt
|move|p1a: Thundurus|Dark Pulse|p2a: Raging Bolt
|-damage|p2a: Raging Bolt|21/100
|-damage|p1a: Thundurus|88/100 tox|[from] item: Life Orb
|
|-damage|p1a: Thundurus|70/100 tox|[from] psn
|upkeep
|turn|10
|
|t:|1760373877
|-end|p2a: Raging Bolt|Protosynthesis|[silent]
|switch|p2a: Clodsire|Clodsire, F, shiny|100/100
|move|p1a: Thundurus|Nasty Plot|p1a: Thundurus
|-boost|p1a: Thundurus|spa|2
|
|-damage|p1a: Thundurus|46/100 tox|[from] psn
|upkeep
|turn|11
|
|t:|1760373887
|move|p1a: Thundurus|Dark Pulse|p2a: Clodsire
|-damage|p2a: Clodsire|46/100
|-damage|p1a: Thundurus|36/100 tox|[from] item: Life Orb
|move|p2a: Clodsire|Recover|p2a: Clodsire
|-heal|p2a: Clodsire|96/100
|
|-heal|p2a: Clodsire|100/100|[from] item: Black Sludge
|-damage|p1a: Thundurus|6/100 tox|[from] psn
|upkeep
|turn|12
|
|t:|1760373899
|move|p2a: Clodsire|Protect|p2a: Clodsire
|-singleturn|p2a: Clodsire|Protect
|move|p1a: Thundurus|Dark Pulse|p2a: Clodsire
|-activate|p2a: Clodsire|move: Protect
|
|-damage|p1a: Thundurus|0 fnt|[from] psn
|faint|p1a: Thundurus
|upkeep
|
|t:|1760373901
|switch|p1a: Mismagius|Mismagius, F|100/100
|turn|13
|
|t:|1760373912
|move|p1a: Mismagius|Psyshock|p2a: Clodsire
|-supereffective|p2a: Clodsire
|-damage|p2a: Clodsire|37/100
|move|p2a: Clodsire|Toxic|p1a: Mismagius
|-status|p1a: Mismagius|tox
|
|-heal|p2a: Clodsire|43/100|[from] item: Black Sludge
|-damage|p1a: Mismagius|94/100 tox|[from] psn
|upkeep
|turn|14
|
|t:|1760373921
|move|p2a: Clodsire|Protect|p2a: Clodsire
|-singleturn|p2a: Clodsire|Protect
|move|p1a: Mismagius|Psyshock|p2a: Clodsire
|-activate|p2a: Clodsire|move: Protect
|
|-heal|p2a: Clodsire|49/100|[from] item: Black Sludge
|-damage|p1a: Mismagius|82/100 tox|[from] psn
|upkeep
|turn|15
|
|t:|1760373931
|switch|p2a: Greninja|Greninja, M|100/100
|move|p1a: Mismagius|Psyshock|p2a: Greninja
|-immune|p2a: Greninja
|
|-damage|p1a: Mismagius|64/100 tox|[from] psn
|upkeep
|turn|16
|
|t:|1760373956
|switch|p1a: Bellibolt|Bellibolt, F|63/100
|move|p2a: Greninja|Sludge Wave|p1a: Bellibolt
|-damage|p1a: Bellibolt|34/100
|-start|p1a: Bellibolt|Charge|Sludge Wave|[from] ability: Electromorphosis
|
|-heal|p1a: Bellibolt|40/100|[from] item: Leftovers
|upkeep
|turn|17
|
|t:|1760373972
|switch|p2a: Clodsire|Clodsire, F, shiny|49/100
|move|p1a: Bellibolt|Slack Off|p1a: Bellibolt
|-heal|p1a: Bellibolt|90/100
|
|-heal|p1a: Bellibolt|96/100|[from] item: Leftovers
|-heal|p2a: Clodsire|55/100|[from] item: Black Sludge
|upkeep
|turn|18
|
|t:|1760373982
|switch|p1a: Scrafty|Scrafty, M|100/100
|move|p2a: Clodsire|Earthquake|p1a: Scrafty
|-damage|p1a: Scrafty|77/100
|
|-heal|p1a: Scrafty|83/100|[from] item: Leftovers
|-heal|p2a: Clodsire|61/100|[from] item: Black Sludge
|upkeep
|turn|19
|
|t:|1760373991
|move|p2a: Clodsire|Protect|p2a: Clodsire
|-singleturn|p2a: Clodsire|Protect
|move|p1a: Scrafty|Bulk Up|p1a: Scrafty
|-boost|p1a: Scrafty|atk|1
|-boost|p1a: Scrafty|def|1
|
|-heal|p1a: Scrafty|89/100|[from] item: Leftovers
|-heal|p2a: Clodsire|67/100|[from] item: Black Sludge
|upkeep
|turn|20
|
|t:|1760374000
|move|p1a: Scrafty|Bulk Up|p1a: Scrafty
|-boost|p1a: Scrafty|atk|1
|-boost|p1a: Scrafty|def|1
|move|p2a: Clodsire|Toxic|p1a: Scrafty
|-status|p1a: Scrafty|tox
|
|-heal|p1a: Scrafty|95/100 tox|[from] item: Leftovers
|-heal|p2a: Clodsire|73/100|[from] item: Black Sludge
|-damage|p1a: Scrafty|89/100 tox|[from] psn
|upkeep
|turn|21
|
|t:|1760374011
|move|p1a: Scrafty|Knock Off|p2a: Clodsire
|-damage|p2a: Clodsire|0 fnt
|-enditem|p2a: Clodsire|Black Sludge|[from] move: Knock Off|[of] p1a: Scrafty
|faint|p2a: Clodsire
|
|-heal|p1a: Scrafty|95/100 tox|[from] item: Leftovers
|-damage|p1a: Scrafty|83/100 tox|[from] psn
|upkeep
|
|t:|1760374022
|switch|p2a: Ceruledge|Ceruledge, F, shiny|100/100
|turn|22
|
|t:|1760374026
|move|p2a: Ceruledge|Swords Dance|p2a: Ceruledge
|-boost|p2a: Ceruledge|atk|2
|move|p1a: Scrafty|Knock Off|p2a: Ceruledge
|-supereffective|p2a: Ceruledge
|-enditem|p2a: Ceruledge|Focus Sash
|-damage|p2a: Ceruledge|1/100
|-ability|p2a: Ceruledge|Weak Armor|boost
|-unboost|p2a: Ceruledge|def|1
|-boost|p2a: Ceruledge|spe|2
|
|-heal|p1a: Scrafty|89/100 tox|[from] item: Leftovers
|-damage|p1a: Scrafty|71/100 tox|[from] psn
|upkeep
|turn|23
|
|t:|1760374039
|move|p2a: Ceruledge|Bitter Blade|p1a: Scrafty
|-damage|p1a: Scrafty|22/100 tox
|-heal|p2a: Ceruledge|29/100|[from] drain|[of] p1a: Scrafty
|move|p1a: Scrafty|Knock Off|p2a: Ceruledge
|-supereffective|p2a: Ceruledge
|-damage|p2a: Ceruledge|0 fnt
|faint|p2a: Ceruledge
|
|-heal|p1a: Scrafty|28/100 tox|[from] item: Leftovers
|-damage|p1a: Scrafty|4/100 tox|[from] psn
|upkeep
|
|t:|1760374055
|switch|p2a: Thundurus|Thundurus, M|1/100
|turn|24
|
|t:|1760374059
|move|p2a: Thundurus|Volt Switch|p1a: Scrafty
|-damage|p1a: Scrafty|0 fnt
|faint|p1a: Scrafty
|
|t:|1760374063
|switch|p2a: Torkoal|Torkoal, M, shiny|100/100|[from] Volt Switch
|-weather|SunnyDay|[from] ability: Drought|[of] p2a: Torkoal
|
|-weather|SunnyDay|[upkeep]
|upkeep
|
|t:|1760374075
|switch|p1a: Mismagius|Mismagius, F|64/100 tox
|turn|25
|
|t:|1760374085
|move|p1a: Mismagius|Shadow Ball|p2a: Torkoal
|-damage|p2a: Torkoal|26/100
|move|p2a: Torkoal|Weather Ball|p1a: Mismagius
|-damage|p1a: Mismagius|0 fnt
|faint|p1a: Mismagius
|
|-weather|SunnyDay|[upkeep]
|upkeep
|
|t:|1760374093
|switch|p1a: Bellibolt|Bellibolt, F|96/100
|turn|26
|
|t:|1760374100
|move|p1a: Bellibolt|Discharge|p2a: Torkoal
|-damage|p2a: Torkoal|0 fnt
|faint|p2a: Torkoal
|
|-weather|SunnyDay|[upkeep]
|-heal|p1a: Bellibolt|100/100|[from] item: Leftovers
|upkeep
|
|t:|1760374107
|switch|p2a: Raging Bolt|Raging Bolt|21/100
|-activate|p2a: Raging Bolt|ability: Protosynthesis
|-start|p2a: Raging Bolt|protosynthesisspa
|turn|27
|
|t:|1760374112
|-terastallize|p2a: Raging Bolt|Fire
|move|p2a: Raging Bolt|Weather Ball|p1a: Bellibolt
|-crit|p1a: Bellibolt
|-damage|p1a: Bellibolt|0 fnt
|faint|p1a: Bellibolt
|
|-weather|SunnyDay|[upkeep]
|upkeep
|
|t:|1760374126
|switch|p1a: Donphan|Donphan, M|100/100
|turn|28
|
|t:|1760374132
|move|p2a: Raging Bolt|Weather Ball|p1a: Donphan
|-ability|p1a: Donphan|Sturdy
|-damage|p1a: Donphan|1/100
|move|p1a: Donphan|Earthquake|p2a: Raging Bolt
|-supereffective|p2a: Raging Bolt
|-damage|p2a: Raging Bolt|0 fnt
|faint|p2a: Raging Bolt
|-end|p2a: Raging Bolt|Protosynthesis|[silent]
|
|-weather|SunnyDay|[upkeep]
|upkeep
|
|t:|1760374144
|switch|p2a: Greninja|Greninja, M|100/100
|turn|29
|
|t:|1760374150
|move|p1a: Donphan|Ice Shard|p2a: Greninja
|-resisted|p2a: Greninja
|-damage|p2a: Greninja|89/100
|move|p2a: Greninja|Sludge Wave|p1a: Donphan
|-resisted|p1a: Donphan
|-damage|p1a: Donphan|0 fnt
|faint|p1a: Donphan
|-ability|p2a: Greninja|Battle Bond|boost
|-boost|p2a: Greninja|atk|1
|-boost|p2a: Greninja|spa|1
|-boost|p2a: Greninja|spe|1
|-activate|p2a: Greninja|ability: Battle Bond
|
|-weather|SunnyDay|[upkeep]
|upkeep
|
|t:|1760374151
|switch|p1a: Comfey|Comfey, F|100/100
|turn|30
|
|t:|1760374164
|-terastallize|p1a: Comfey|Grass
|move|p1a: Comfey|Giga Drain|p2a: Greninja
|-supereffective|p2a: Greninja
|-damage|p2a: Greninja|0 fnt
|faint|p2a: Greninja
|
|-weather|SunnyDay|[upkeep]
|upkeep
|
|t:|1760374183
|switch|p2a: Thundurus|Thundurus, M|1/100
|turn|31
|
|t:|1760374193
|move|p1a: Comfey|Giga Drain|p2a: Thundurus
|-resisted|p2a: Thundurus
|-damage|p2a: Thundurus|0 fnt
|faint|p2a: Thundurus
|
|win|Crk3
|raw|Crk3's rating: 1127 &rarr; <strong>1156</strong><br />(+29 for winning)
|raw|kingywingy1st's rating: 1180 &rarr; <strong>1151</strong><br />(-29 for losing)
|l|☆Crk3
|player|p1|
|l|‽kingywingy1st
|player|p2|
