|j|☆Kanehusky13
|j|☆gholdengofinance
|t:|1760314165
|gametype|singles
|player|p1|Kanehusky13|2|1653
|player|p2|gholdengofinance|leaf-masters2|1703
|gen|9
|tier|[Gen 9] OU
|rated|
|rule|HP Percentage Mod: HP is shown in percentages
|rule|Endless Battle Clause: Forcing endless battles is banned
|rule|Species Clause: Limit one of each Pokémon
|rule|OHKO Clause: OHKO moves are banned
|rule|Evasion Items Clause: Evasion items are banned
|rule|Evasion Moves Clause: Evasion moves are banned
|rule|Evasion Abilities Clause: Evasion abilities are banned
|rule|Sleep Moves Clause: Sleep-inducing moves are banned
|clearpoke
|poke|p1|Dragapult, M|
|poke|p1|Glimmora, M|
|poke|p1|Comfey, M|
|poke|p1|Kingambit, M|
|poke|p1|Ogerpon-Wellspring, F|
|poke|p1|Blaziken, M|
|poke|p2|Armarouge, F|
|poke|p2|Great Tusk|
|poke|p2|Gholdengo|
|poke|p2|Landorus-Therian, M|
|poke|p2|Iron Crown|
|poke|p2|Samurott-Hisui, F|
|teampreview
|
|t:|1760314176
|teamsize|p1|6
|teamsize|p2|6
|start
|switch|p1a: Comfey|Comfey, M, shiny|100/100
|switch|p2a: Landorus|Landorus-Therian, M|100/100
|-ability|p2a: Landorus|Intimidate|boost
|-unboost|p1a: Comfey|atk|1
|turn|1
|
|t:|1760314181
|move|p2a: Landorus|Taunt|p1a: Comfey
|-start|p1a: Comfey|move: Taunt
|cant|p1a: Comfey|move: Taunt|Calm Mind
|
|upkeep
|turn|2
|
|t:|1760314184
|switch|p1a: Ogerpon|Ogerpon-Wellspring, F|100/100
|move|p2a: Landorus|Stealth Rock|p1a: Ogerpon
|-sidestart|p1: Kanehusky13|move: Stealth Rock
|
|upkeep
|turn|3
|
|t:|1760314189
|switch|p2a: Gholdengo|Gholdengo|100/100
|move|p1a: Ogerpon|Ivy Cudgel|p2a: Gholdengo|[anim] Ivy Cudgel Water
|-damage|p2a: Gholdengo|61/100
|
|upkeep
|turn|4
|
|t:|1760314195
|move|p1a: Ogerpon|Spikes|p2a: Gholdengo
|-sidestart|p2: gholdengofinance|Spikes
|move|p2a: Gholdengo|Thunder Wave|p1a: Ogerpon|[miss]
|-miss|p2a: Gholdengo|p1a: Ogerpon
|
|upkeep
|turn|5
|
|t:|1760314203
|-terastallize|p1a: Ogerpon|Water
|detailschange|p1a: Ogerpon|Ogerpon-Wellspring-Tera, F, tera:Water
|-ability|p1a: Ogerpon|Embody Aspect (Wellspring)|boost
|-boost|p1a: Ogerpon|spd|1
|move|p1a: Ogerpon|Ivy Cudgel|p2a: Gholdengo|[anim] Ivy Cudgel Water
|-damage|p2a: Gholdengo|9/100
|move|p2a: Gholdengo|Thunder Wave|p1a: Ogerpon
|-status|p1a: Ogerpon|par
|
|upkeep
|turn|6
|
|t:|1760314211
|move|p2a: Gholdengo|Recover|p2a: Gholdengo
|-heal|p2a: Gholdengo|59/100
|move|p1a: Ogerpon|Spikes|p2a: Gholdengo
|-sidestart|p2: gholdengofinance|Spikes
|
|upkeep
|turn|7
|
|t:|1760314215
|move|p2a: Gholdengo|Hex|p1a: Ogerpon
|-damage|p1a: Ogerpon|57/100 par
|move|p1a: Ogerpon|Ivy Cudgel|p2a: Gholdengo|[anim] Ivy Cudgel Water
|-damage|p2a: Gholdengo|6/100
|
|upkeep
|turn|8
|
|t:|1760314217
|move|p2a: Gholdengo|Hex|p1a: Ogerpon
|-damage|p1a: Ogerpon|10/100 par
|cant|p1a: Ogerpon|par
|
|upkeep
|turn|9
|
|t:|1760314223
|move|p2a: Gholdengo|Hex|p1a: Ogerpon
|-damage|p1a: Ogerpon|0 fnt
|faint|p1a: Ogerpon
|detailschange|p1: Ogerpon|Ogerpon-Wellspring, F|[silent]
|
|upkeep
|
|t:|1760314228
|switch|p1a: Blaziken|Blaziken, M, shiny|100/100
|-damage|p1a: Blaziken|88/100|[from] Stealth Rock
|turn|10
|
|t:|1760314233
|move|p1a: Blaziken|Protect|p1a: Blaziken
|-singleturn|p1a: Blaziken|Protect
|move|p2a: Gholdengo|Recover|p2a: Gholdengo
|-heal|p2a: Gholdengo|56/100
|
|-ability|p1a: Blaziken|Speed Boost|boost
|-boost|p1a: Blaziken|spe|1
|upkeep
|turn|11
|
|t:|1760314236
|switch|p2a: Landorus|Landorus-Therian, M|100/100
|-ability|p2a: Landorus|Intimidate|boost
|-unboost|p1a: Blaziken|atk|1
|move|p1a: Blaziken|Knock Off|p2a: Landorus
|-damage|p2a: Landorus|72/100
|-damage|p1a: Blaziken|72/100|[from] item: Rocky Helmet|[of] p2a: Landorus
|-enditem|p2a: Landorus|Rocky Helmet|[from] move: Knock Off|[of] p1a: Blaziken
|-damage|p1a: Blaziken|62/100|[from] item: Life Orb
|
|-ability|p1a: Blaziken|Speed Boost|boost
|-boost|p1a: Blaziken|spe|1
|upkeep
|turn|12
|
|t:|1760314239
|move|p1a: Blaziken|Flare Blitz|p2a: Landorus
|-damage|p2a: Landorus|18/100
|-damage|p1a: Blaziken|39/100|[from] Recoil
|-damage|p1a: Blaziken|29/100|[from] item: Life Orb
|move|p2a: Landorus|Sandsear Storm|p1a: Blaziken|[miss]
|-miss|p2a: Landorus|p1a: Blaziken
|
|-ability|p1a: Blaziken|Speed Boost|boost
|-boost|p1a: Blaziken|spe|1
|upkeep
|turn|13
|j| Nikator98
|l| Nikator98
|
|t:|1760314246
|move|p1a: Blaziken|Knock Off|p2a: Landorus
|-crit|p2a: Landorus
|-damage|p2a: Landorus|0 fnt
|faint|p2a: Landorus
|-damage|p1a: Blaziken|19/100|[from] item: Life Orb
|
|-ability|p1a: Blaziken|Speed Boost|boost
|-boost|p1a: Blaziken|spe|1
|upkeep
|
|t:|1760314248
|switch|p2a: Great Tusk|Great Tusk|100/100
|turn|14
|
|t:|1760314251
|move|p1a: Blaziken|Flare Blitz|p2a: Great Tusk
|-crit|p2a: Great Tusk
|-damage|p2a: Great Tusk|1/100
|-status|p2a: Great Tusk|brn
|-damage|p1a: Blaziken|0 fnt|[from] Recoil
|faint|p1a: Blaziken
|move|p2a: Great Tusk|Rapid Spin|p1: Blaziken|[notarget]
|-fail|p2a: Great Tusk
|
|-damage|p2a: Great Tusk|0 fnt|[from] brn
|faint|p2a: Great Tusk
|-end|p2a: Great Tusk|Protosynthesis|[silent]
|upkeep
|c|☆Kanehusky13|WHAT in GOD'S NAME
|j| Nikator98
|c|☆Kanehusky13|that Great Tusk exploded
|
|t:|1760314278
|switch|p2a: Samurott|Samurott-Hisui, F|100/100
|switch|p1a: Dragapult|Dragapult, M, shiny|100/100
|-damage|p1a: Dragapult|88/100|[from] Stealth Rock
|-damage|p2a: Samurott|84/100|[from] Spikes
|turn|15
|
|t:|1760314283
|move|p2a: Samurott|Sucker Punch|p1a: Dragapult
|-supereffective|p1a: Dragapult
|-damage|p1a: Dragapult|0 fnt
|faint|p1a: Dragapult
|
|upkeep
|
|t:|1760314287
|switch|p1a: Glimmora|Glimmora, M, shiny|100/100
|-damage|p1a: Glimmora|88/100|[from] Stealth Rock
|turn|16
|
|t:|1760314291
|switch|p2a: Iron Crown|Iron Crown|100/100
|-damage|p2a: Iron Crown|84/100|[from] Spikes
|-enditem|p2a: Iron Crown|Booster Energy
|-activate|p2a: Iron Crown|ability: Quark Drive|[fromitem]
|-start|p2a: Iron Crown|quarkdrivespe
|move|p1a: Glimmora|Mortal Spin|p2a: Iron Crown
|-immune|p2a: Iron Crown
|
|upkeep
|turn|17
|
|t:|1760314295
|switch|p1a: Kingambit|Kingambit, M, shiny|100/100
|-damage|p1a: Kingambit|94/100|[from] Stealth Rock
|-activate|p1a: Kingambit|ability: Supreme Overlord
|-start|p1a: Kingambit|fallen3|[silent]
|move|p2a: Iron Crown|Tachyon Cutter|p1a: Kingambit
|-resisted|p1a: Kingambit
|-damage|p1a: Kingambit|82/100
|-resisted|p1a: Kingambit
|-damage|p1a: Kingambit|72/100
|-hitcount|p1a: Kingambit|2
|
|-heal|p1a: Kingambit|78/100|[from] item: Leftovers
|upkeep
|turn|18
|
|t:|1760314298
|-end|p2a: Iron Crown|Quark Drive|[silent]
|switch|p2a: Gholdengo|Gholdengo|56/100
|move|p1a: Kingambit|Kowtow Cleave|p2a: Gholdengo
|-supereffective|p2a: Gholdengo
|-damage|p2a: Gholdengo|0 fnt
|faint|p2a: Gholdengo
|
|-heal|p1a: Kingambit|84/100|[from] item: Leftovers
|upkeep
|
|t:|1760314301
|switch|p2a: Armarouge|Armarouge, F|100/100
|-damage|p2a: Armarouge|84/100|[from] Spikes
|turn|19
|
|t:|1760314303
|move|p1a: Kingambit|Sucker Punch||[still]
|-fail|p1a: Kingambit
|move|p2a: Armarouge|Trick|p1a: Kingambit
|-activate|p2a: Armarouge|move: Trick|[of] p1a: Kingambit
|-item|p1a: Kingambit|Choice Specs|[from] move: Trick
|-item|p2a: Armarouge|Leftovers|[from] move: Trick
|
|-heal|p2a: Armarouge|90/100|[from] item: Leftovers
|upkeep
|turn|20
|
|t:|1760314307
|-end|p1a: Kingambit|fallen3|[silent]
|switch|p1a: Glimmora|Glimmora, M, shiny|88/100
|-damage|p1a: Glimmora|76/100|[from] Stealth Rock
|move|p2a: Armarouge|Armor Cannon|p1a: Glimmora
|-resisted|p1a: Glimmora
|-damage|p1a: Glimmora|43/100
|-unboost|p2a: Armarouge|def|1
|-unboost|p2a: Armarouge|spd|1
|-enditem|p1a: Glimmora|Red Card|[of] p2a: Armarouge
|drag|p2a: Samurott|Samurott-Hisui, F|84/100
|-damage|p2a: Samurott|67/100|[from] Spikes
|
|upkeep
|turn|21
|
|t:|1760314313
|switch|p2a: Iron Crown|Iron Crown|84/100
|-damage|p2a: Iron Crown|67/100|[from] Spikes
|move|p1a: Glimmora|Earth Power|p2a: Iron Crown
|-supereffective|p2a: Iron Crown
|-damage|p2a: Iron Crown|20/100
|
|upkeep
|turn|22
|
|t:|1760314318
|move|p2a: Iron Crown|Tachyon Cutter|p1a: Glimmora
|-supereffective|p1a: Glimmora
|-damage|p1a: Glimmora|0 fnt
|faint|p1a: Glimmora
|-hitcount|p1: Glimmora|1
|
|upkeep
|
|t:|1760314320
|switch|p1a: Kingambit|Kingambit, M, shiny|84/100
|-damage|p1a: Kingambit|78/100|[from] Stealth Rock
|-activate|p1a: Kingambit|ability: Supreme Overlord
|-start|p1a: Kingambit|fallen4|[silent]
|turn|23
|
|t:|1760314327
|-end|p2a: Iron Crown|Quark Drive|[silent]
|switch|p2a: Samurott|Samurott-Hisui, F|67/100
|-damage|p2a: Samurott|50/100|[from] Spikes
|move|p1a: Kingambit|Kowtow Cleave|p2a: Samurott
|-resisted|p2a: Samurott
|-damage|p2a: Samurott|11/100
|
|upkeep
|turn|24
|
|t:|1760314332
|move|p2a: Samurott|Razor Shell|p1a: Kingambit
|-damage|p1a: Kingambit|35/100
|-unboost|p1a: Kingambit|def|1
|move|p1a: Kingambit|Kowtow Cleave|p2a: Samurott
|-resisted|p2a: Samurott
|-damage|p2a: Samurott|0 fnt
|faint|p2a: Samurott
|
|upkeep
|
|t:|1760314335
|switch|p2a: Armarouge|Armarouge, F|90/100
|-damage|p2a: Armarouge|74/100|[from] Spikes
|turn|25
|
|t:|1760314338
|move|p2a: Armarouge|Armor Cannon|p1a: Kingambit
|-supereffective|p1a: Kingambit
|-damage|p1a: Kingambit|0 fnt
|-unboost|p2a: Armarouge|def|1
|-unboost|p2a: Armarouge|spd|1
|faint|p1a: Kingambit
|-end|p1a: Kingambit|fallen4|[silent]
|
|-heal|p2a: Armarouge|80/100|[from] item: Leftovers
|upkeep
|
|t:|1760314340
|switch|p1a: Comfey|Comfey, M, shiny|100/100
|-damage|p1a: Comfey|88/100|[from] Stealth Rock
|turn|26
|
|t:|1760314343
|move|p2a: Armarouge|Armor Cannon|p1a: Comfey
|-damage|p1a: Comfey|26/100
|-unboost|p2a: Armarouge|def|1
|-unboost|p2a: Armarouge|spd|1
|move|p1a: Comfey|Calm Mind|p1a: Comfey
|-boost|p1a: Comfey|spa|1
|-boost|p1a: Comfey|spd|1
|
|-heal|p2a: Armarouge|86/100|[from] item: Leftovers
|upkeep
|turn|27
|
|t:|1760314345
|move|p1a: Comfey|Draining Kiss|p2a: Armarouge
|-resisted|p2a: Armarouge
|-damage|p2a: Armarouge|33/100
|-heal|p1a: Comfey|66/100|[from] drain|[of] p2a: Armarouge
|-damage|p1a: Comfey|57/100|[from] item: Life Orb
|move|p2a: Armarouge|Armor Cannon|p1a: Comfey
|-damage|p1a: Comfey|15/100
|-unboost|p2a: Armarouge|def|1
|-unboost|p2a: Armarouge|spd|1
|
|-heal|p2a: Armarouge|39/100|[from] item: Leftovers
|upkeep
|turn|28
|
|t:|1760314349
|move|p1a: Comfey|Draining Kiss|p2a: Armarouge
|-resisted|p2a: Armarouge
|-damage|p2a: Armarouge|0 fnt
|-heal|p1a: Comfey|45/100|[from] drain|[of] p2a: Armarouge
|faint|p2a: Armarouge
|-damage|p1a: Comfey|35/100|[from] item: Life Orb
|
|upkeep
|
|t:|1760314351
|switch|p2a: Iron Crown|Iron Crown|20/100
|-damage|p2a: Iron Crown|4/100|[from] Spikes
|turn|29
|
|t:|1760314353
|move|p1a: Comfey|Draining Kiss|p2a: Iron Crown
|-resisted|p2a: Iron Crown
|-damage|p2a: Iron Crown|0 fnt
|-heal|p1a: Comfey|38/100|[from] drain|[of] p2a: Iron Crown
|faint|p2a: Iron Crown
|-end|p2a: Iron Crown|Quark Drive|[silent]
|-damage|p1a: Comfey|28/100|[from] item: Life Orb
|
|win|Kanehusky13
|raw|Kanehusky13's rating: 1653 &rarr; <strong>1676</strong><br />(+23 for winning)
|raw|gholdengofinance's rating: 1703 &rarr; <strong>1680</strong><br />(-23 for losing)
|l|☆gholdengofinance
|player|p2|
|c|☆Kanehusky13|ggs
