|j|☆Kazuelasnt
|j|☆Mreda
|t:|1760303346
|gametype|singles
|player|p1|Kazuelasnt|cress|1435
|player|p2|Mreda|266|1430
|gen|9
|tier|[Gen 9] OU
|rated|
|rule|HP Percentage Mod: HP is shown in percentages
|rule|Endless Battle Clause: Forcing endless battles is banned
|rule|Species Clause: Limit one of each Pokémon
|rule|OHKO Clause: OHKO moves are banned
|rule|Evasion Items Clause: Evasion items are banned
|rule|Evasion Moves Clause: Evasion moves are banned
|rule|Evasion Abilities Clause: Evasion abilities are banned
|rule|Sleep Moves Clause: Sleep-inducing moves are banned
|clearpoke
|poke|p1|Kleavor, M|
|poke|p1|Ogerpon-Wellspring, F|
|poke|p1|Gholdengo|
|poke|p1|Dragonite, F|
|poke|p1|Darkrai|
|poke|p1|Hatterene, F|
|poke|p2|Moltres|
|poke|p2|Zamazenta-*|
|poke|p2|Corviknight, M|
|poke|p2|Garchomp, M|
|poke|p2|Clodsire, M|
|poke|p2|Kingambit, M|
|teampreview
|
|t:|1760303376
|teamsize|p1|6
|teamsize|p2|6
|start
|switch|p1a: Mr JOEgerpon|Ogerpon-Wellspring, F|100/100
|switch|p2a: Jogäider|Clodsire, M|100/100
|turn|1
|
|t:|1760303390
|move|p1a: Mr JOEgerpon|U-turn|p2a: Jogäider
|-resisted|p2a: Jogäider
|-damage|p2a: Jogäider|86/100
|
|t:|1760303396
|switch|p1a: Hattie|Hatterene, F|100/100|[from] U-turn
|move|p2a: Jogäider|Toxic|p1a: Hattie
|move|p1a: Hattie|Toxic|p2a: Jogäider|[from] ability: Magic Bounce
|-immune|p2a: Jogäider
|
|-heal|p2a: Jogäider|92/100|[from] item: Leftovers
|upkeep
|turn|2
|
|t:|1760303407
|move|p1a: Hattie|Psyshock|p2a: Jogäider
|-supereffective|p2a: Jogäider
|-damage|p2a: Jogäider|0 fnt
|faint|p2a: Jogäider
|
|upkeep
|
|t:|1760303417
|switch|p2a: Fuego|Zamazenta|100/100
|-ability|p2a: Fuego|Dauntless Shield|boost
|-boost|p2a: Fuego|def|1
|turn|3
|
|t:|1760303421
|move|p2a: Fuego|Iron Head|p1a: Hattie
|-supereffective|p1a: Hattie
|-damage|p1a: Hattie|9/100
|cant|p1a: Hattie|flinch
|
|upkeep
|turn|4
|
|t:|1760303431
|switch|p1a: A Penny|Gholdengo|100/100
|-item|p1a: A Penny|Air Balloon
|move|p2a: Fuego|Iron Head|p1a: A Penny
|-resisted|p1a: A Penny
|-damage|p1a: A Penny|78/100
|-enditem|p1a: A Penny|Air Balloon
|
|upkeep
|turn|5
|
|t:|1760303440
|switch|p2a: Marco|Moltres|100/100
|move|p1a: A Penny|Shadow Ball|p2a: Marco
|-damage|p2a: Marco|57/100
|-unboost|p2a: Marco|spd|1
|
|upkeep
|turn|6
|
|t:|1760303448
|switch|p1a: Filo Señorial|Kleavor, M|100/100
|move|p2a: Marco|Flamethrower|p1a: Filo Señorial
|-damage|p1a: Filo Señorial|45/100
|
|upkeep
|turn|7
|
|t:|1760303455
|switch|p2a: Igriş|Corviknight, M|100/100
|-ability|p2a: Igriş|Pressure
|move|p1a: Filo Señorial|Stone Axe|p2a: Igriş|[miss]
|-miss|p1a: Filo Señorial|p2a: Igriş
|
|upkeep
|turn|8
|
|t:|1760303464
|move|p1a: Filo Señorial|Stone Axe|p2a: Igriş|[miss]
|-miss|p1a: Filo Señorial|p2a: Igriş
|move|p2a: Igriş|Body Press|p1a: Filo Señorial
|-damage|p1a: Filo Señorial|14/100
|
|upkeep
|turn|9
|
|t:|1760303476
|move|p1a: Filo Señorial|Stone Axe|p2a: Igriş
|-damage|p2a: Igriş|67/100
|-damage|p1a: Filo Señorial|0 fnt|[from] item: Rocky Helmet|[of] p2a: Igriş
|faint|p1a: Filo Señorial
|move|p2a: Igriş|Brave Bird|p1: Filo Señorial|[notarget]
|-fail|p2a: Igriş
|
|upkeep
|
|t:|1760303485
|switch|p1a: A Penny|Gholdengo|78/100
|turn|10
|
|t:|1760303489
|move|p1a: A Penny|Shadow Ball|p2a: Igriş
|-damage|p2a: Igriş|24/100
|move|p2a: Igriş|Brave Bird|p1a: A Penny
|-resisted|p1a: A Penny
|-damage|p1a: A Penny|56/100
|-damage|p2a: Igriş|18/100|[from] Recoil
|
|upkeep
|turn|11
|
|t:|1760303498
|switch|p2a: Hanzo|Kingambit, M|100/100
|-activate|p2a: Hanzo|ability: Supreme Overlord
|-start|p2a: Hanzo|fallen1|[silent]
|move|p1a: A Penny|Shadow Ball|p2a: Hanzo
|-resisted|p2a: Hanzo
|-damage|p2a: Hanzo|76/100
|
|upkeep
|turn|12
|
|t:|1760303507
|move|p1a: A Penny|Nasty Plot|p1a: A Penny
|-boost|p1a: A Penny|spa|2
|move|p2a: Hanzo|Kowtow Cleave|p1a: A Penny
|-supereffective|p1a: A Penny
|-damage|p1a: A Penny|0 fnt
|faint|p1a: A Penny
|
|upkeep
|
|t:|1760303512
|switch|p1a: Alba|Dragonite, F, shiny|100/100
|turn|13
|
|t:|1760303518
|-end|p2a: Hanzo|fallen1|[silent]
|switch|p2a: Marco|Moltres|57/100
|move|p1a: Alba|Dragon Dance|p1a: Alba
|-boost|p1a: Alba|atk|1
|-boost|p1a: Alba|spe|1
|
|upkeep
|turn|14
|
|t:|1760303527
|switch|p1a: Hattie|Hatterene, F|9/100
|move|p2a: Marco|Roost|p2a: Marco
|-heal|p2a: Marco|100/100
|-singleturn|p2a: Marco|move: Roost
|
|upkeep
|turn|15
|
|t:|1760303535
|move|p2a: Marco|U-turn|p1a: Hattie
|-damage|p1a: Hattie|0 fnt
|faint|p1a: Hattie
|
|t:|1760303543
|switch|p2a: Igriş|Corviknight, M|18/100|[from] U-turn
|-ability|p2a: Igriş|Pressure
|
|upkeep
|
|t:|1760303545
|switch|p1a: Mr JOEgerpon|Ogerpon-Wellspring, F|100/100
|turn|16
|
|t:|1760303553
|move|p1a: Mr JOEgerpon|Ivy Cudgel|p2a: Igriş|[anim] Ivy Cudgel Water
|-damage|p2a: Igriş|0 fnt
|faint|p2a: Igriş
|
|upkeep
|
|t:|1760303561
|switch|p2a: Fuego|Zamazenta|100/100
|turn|17
|
|t:|1760303569
|-terastallize|p1a: Mr JOEgerpon|Water
|detailschange|p1a: Mr JOEgerpon|Ogerpon-Wellspring-Tera, F, tera:Water
|-ability|p1a: Mr JOEgerpon|Embody Aspect (Wellspring)|boost
|-boost|p1a: Mr JOEgerpon|spd|1
|move|p2a: Fuego|Close Combat|p1a: Mr JOEgerpon
|-damage|p1a: Mr JOEgerpon|0 fnt
|-unboost|p2a: Fuego|def|1
|-unboost|p2a: Fuego|spd|1
|faint|p1a: Mr JOEgerpon
|detailschange|p1: Mr JOEgerpon|Ogerpon-Wellspring, F|[silent]
|
|upkeep
|
|t:|1760303577
|switch|p1a: Alba|Dragonite, F, shiny|100/100
|turn|18
|-message|Kazuelasnt forfeited.
|
|win|Mreda
|raw|Kazuelasnt's rating: 1435 &rarr; <strong>1415</strong><br />(-20 for losing)
|raw|Mreda's rating: 1430 &rarr; <strong>1450</strong><br />(+20 for winning)
|l|☆Kazuelasnt
|player|p1|
