|j|☆MikhaelSunworth
|j|☆dadddydaddy
|t:|1760430124
|gametype|singles
|player|p1|MikhaelSunworth|chuck|1300
|player|p2|dadddydaddy|blackbelt|1242
|gen|9
|tier|[Gen 9] OU
|rated|
|rule|HP Percentage Mod: HP is shown in percentages
|rule|Endless Battle Clause: Forcing endless battles is banned
|rule|Species Clause: Limit one of each Pokémon
|rule|OHKO Clause: OHKO moves are banned
|rule|Evasion Items Clause: Evasion items are banned
|rule|Evasion Moves Clause: Evasion moves are banned
|rule|Evasion Abilities Clause: Evasion abilities are banned
|rule|Sleep Moves Clause: Sleep-inducing moves are banned
|clearpoke
|poke|p1|Pecharunt|
|poke|p1|Great Tusk|
|poke|p1|Landorus-Therian, M|
|poke|p1|Samurott-Hisui, F|
|poke|p1|Ting-Lu|
|poke|p1|Iron Valiant|
|poke|p2|Skeledirge, F|
|poke|p2|Ogerpon-Wellspring, F|
|poke|p2|Dragapult, F|
|poke|p2|Weezing-Galar, F|
|poke|p2|Ting-Lu|
|poke|p2|Corviknight, F|
|teampreview
|
|t:|1760430149
|teamsize|p1|6
|teamsize|p2|6
|start
|switch|p1a: The Choosen One|Landorus-Therian, M|100/100
|switch|p2a: Ting-Lu|Ting-Lu, shiny|100/100
|-ability|p1a: The Choosen One|Intimidate|boost
|-unboost|p2a: Ting-Lu|atk|1
|-ability|p2a: Ting-Lu|Vessel of Ruin
|turn|1
|inactive|Battle timer is ON: inactive players will automatically lose when time's up. (requested by dadddydaddy)
|
|t:|1760430176
|move|p1a: The Choosen One|U-turn|p2a: Ting-Lu
|-supereffective|p2a: Ting-Lu
|-damage|p2a: Ting-Lu|67/100
|
|t:|1760430184
|switch|p1a: The Samurai|Samurott-Hisui, F|100/100|[from] U-turn
|move|p2a: Ting-Lu|Stealth Rock|p1a: The Samurai
|-sidestart|p1: MikhaelSunworth|move: Stealth Rock
|
|-heal|p2a: Ting-Lu|74/100|[from] item: Leftovers
|upkeep
|turn|2
|
|t:|1760430193
|move|p1a: The Samurai|Knock Off|p2a: Ting-Lu
|-resisted|p2a: Ting-Lu
|-damage|p2a: Ting-Lu|61/100
|-enditem|p2a: Ting-Lu|Leftovers|[from] move: Knock Off|[of] p1a: The Samurai
|move|p2a: Ting-Lu|Earthquake|p1a: The Samurai
|-damage|p1a: The Samurai|69/100
|
|upkeep
|turn|3
|
|t:|1760430206
|switch|p2a: Corviknight|Corviknight, F|100/100
|-ability|p2a: Corviknight|Pressure
|move|p1a: The Samurai|Ceaseless Edge|p2a: Corviknight
|-damage|p2a: Corviknight|73/100
|-damage|p1a: The Samurai|52/100|[from] item: Rocky Helmet|[of] p2a: Corviknight
|-sidestart|p2: dadddydaddy|Spikes
|
|upkeep
|turn|4
|
|t:|1760430211
|move|p1a: The Samurai|Knock Off|p2a: Corviknight
|-damage|p2a: Corviknight|44/100
|-damage|p1a: The Samurai|36/100|[from] item: Rocky Helmet|[of] p2a: Corviknight
|-enditem|p2a: Corviknight|Rocky Helmet|[from] move: Knock Off|[of] p1a: The Samurai
|move|p2a: Corviknight|Iron Defense|p2a: Corviknight
|-boost|p2a: Corviknight|def|2
|
|upkeep
|turn|5
|
|t:|1760430218
|switch|p1a: The Wall|Ting-Lu|100/100
|-damage|p1a: The Wall|94/100|[from] Stealth Rock
|-ability|p1a: The Wall|Vessel of Ruin
|move|p2a: Corviknight|Roost|p2a: Corviknight
|-heal|p2a: Corviknight|94/100
|-singleturn|p2a: Corviknight|move: Roost
|
|-heal|p1a: The Wall|100/100|[from] item: Leftovers
|upkeep
|turn|6
|
|t:|1760430247
|switch|p1a: The Strategist|Pecharunt|100/100
|-damage|p1a: The Strategist|88/100|[from] Stealth Rock
|move|p2a: Corviknight|Body Press|p1a: The Strategist
|-immune|p1a: The Strategist
|
|upkeep
|turn|7
|
|t:|1760430261
|switch|p2a: Ting-Lu|Ting-Lu, shiny|61/100
|-damage|p2a: Ting-Lu|49/100|[from] Spikes
|-ability|p2a: Ting-Lu|Vessel of Ruin
|move|p1a: The Strategist|Foul Play|p2a: Ting-Lu
|-resisted|p2a: Ting-Lu
|-damage|p2a: Ting-Lu|42/100
|
|upkeep
|turn|8
|
|t:|1760430273
|move|p1a: The Strategist|Parting Shot|p2a: Ting-Lu
|-unboost|p2a: Ting-Lu|atk|1
|-unboost|p2a: Ting-Lu|spa|1
|
|t:|1760430276
|switch|p1a: The Bulldozer|Great Tusk|100/100|[from] Parting Shot
|-damage|p1a: The Bulldozer|98/100|[from] Stealth Rock
|move|p2a: Ting-Lu|Throat Chop|p1a: The Bulldozer
|-resisted|p1a: The Bulldozer
|-damage|p1a: The Bulldozer|91/100
|-start|p1a: The Bulldozer|Throat Chop|[silent]
|
|-heal|p1a: The Bulldozer|97/100|[from] item: Leftovers
|upkeep
|turn|9
|
|t:|1760430289
|switch|p2a: Corviknight|Corviknight, F|94/100
|-ability|p2a: Corviknight|Pressure
|move|p1a: The Bulldozer|Rapid Spin|p2a: Corviknight
|-resisted|p2a: Corviknight
|-damage|p2a: Corviknight|89/100
|-boost|p1a: The Bulldozer|spe|1
|-sideend|p1: MikhaelSunworth|Stealth Rock|[from] move: Rapid Spin|[of] p1a: The Bulldozer
|
|-heal|p1a: The Bulldozer|100/100|[from] item: Leftovers
|-end|p1a: The Bulldozer|Throat Chop|[silent]
|upkeep
|turn|10
|inactive|MikhaelSunworth has 120 seconds left.
|inactive|MikhaelSunworth has 90 seconds left.
|
|t:|1760430359
|-end|p1a: The Bulldozer|Protosynthesis|[silent]
|switch|p1a: The Wall|Ting-Lu|100/100
|-ability|p1a: The Wall|Vessel of Ruin
|move|p2a: Corviknight|U-turn|p1a: The Wall
|-supereffective|p1a: The Wall
|-crit|p1a: The Wall
|-damage|p1a: The Wall|77/100
|
|t:|1760430369
|switch|p2a: Ogerpon|Ogerpon-Wellspring, F|100/100|[from] U-turn
|-damage|p2a: Ogerpon|88/100|[from] Spikes
|
|-heal|p1a: The Wall|83/100|[from] item: Leftovers
|upkeep
|turn|11
|inactive|MikhaelSunworth has 90 seconds left.
|
|t:|1760430393
|move|p2a: Ogerpon|Ivy Cudgel|p1a: The Wall|[anim] Ivy Cudgel Water
|-supereffective|p1a: The Wall
|-damage|p1a: The Wall|21/100
|move|p1a: The Wall|Whirlwind|p2a: Ogerpon
|drag|p2a: Corviknight|Corviknight, F|89/100
|-ability|p2a: Corviknight|Pressure
|
|-heal|p1a: The Wall|27/100|[from] item: Leftovers
|upkeep
|turn|12
|
|t:|1760430411
|-terastallize|p1a: The Wall|Water
|move|p2a: Corviknight|U-turn|p1a: The Wall
|-damage|p1a: The Wall|20/100
|
|t:|1760430416
|switch|p2a: Weezing|Weezing-Galar, F|100/100|[from] U-turn
|-ability|p2a: Weezing|Neutralizing Gas
|move|p1a: The Wall|Rest|p1a: The Wall
|-status|p1a: The Wall|slp|[from] move: Rest
|-heal|p1a: The Wall|100/100 slp|[silent]
|
|upkeep
|turn|13
|inactive|MikhaelSunworth has 90 seconds left.
|inactive|MikhaelSunworth has 60 seconds left.
|inactive|MikhaelSunworth has 30 seconds left.
|inactive|MikhaelSunworth has 20 seconds left.
|inactive|MikhaelSunworth has 15 seconds left.
|
|t:|1760430496
|move|p2a: Weezing|Defog|p1a: The Wall
|-unboost|p1a: The Wall|evasion|1
|-sideend|p2: dadddydaddy|Spikes|[from] move: Defog|[of] p2a: Weezing
|cant|p1a: The Wall|slp
|
|upkeep
|turn|14
|inactive|MikhaelSunworth has 25 seconds left this turn.
|inactive|dadddydaddy has 120 seconds left.
|
|t:|1760430535
|-end|p2a: Weezing|ability: Neutralizing Gas
|-ability|p1a: The Wall|Vessel of Ruin
|switch|p2a: Corviknight|Corviknight, F|89/100
|-ability|p2a: Corviknight|Pressure
|cant|p1a: The Wall|slp
|
|upkeep
|turn|15
|inactive|MikhaelSunworth has 30 seconds left.
|
|t:|1760430548
|move|p2a: Corviknight|Iron Defense|p2a: Corviknight
|-boost|p2a: Corviknight|def|2
|-curestatus|p1a: The Wall|slp|[msg]
|move|p1a: The Wall|Stealth Rock|p2a: Corviknight
|-sidestart|p2: dadddydaddy|move: Stealth Rock
|
|upkeep
|turn|16
|inactive|MikhaelSunworth has 30 seconds left.
|
|t:|1760430561
|move|p2a: Corviknight|Body Press|p1a: The Wall
|-damage|p1a: The Wall|70/100
|move|p1a: The Wall|Whirlwind|p2a: Corviknight
|drag|p2a: Ogerpon|Ogerpon-Wellspring, F|88/100
|-damage|p2a: Ogerpon|76/100|[from] Stealth Rock
|
|-heal|p1a: The Wall|77/100|[from] item: Leftovers
|upkeep
|turn|17
|inactive|MikhaelSunworth has 30 seconds left.
|
|t:|1760430570
|move|p2a: Ogerpon|Knock Off|p1a: The Wall
|-damage|p1a: The Wall|59/100
|-enditem|p1a: The Wall|Leftovers|[from] move: Knock Off|[of] p2a: Ogerpon
|move|p1a: The Wall|Whirlwind|p2a: Ogerpon
|drag|p2a: Skeledirge|Skeledirge, F|100/100
|
|upkeep
|turn|18
|inactive|MikhaelSunworth has 30 seconds left.
|inactive|MikhaelSunworth has 20 seconds left.
|inactive|MikhaelSunworth has 15 seconds left.
|
|t:|1760430596
|switch|p2a: Corviknight|Corviknight, F|89/100
|-damage|p2a: Corviknight|77/100|[from] Stealth Rock
|-ability|p2a: Corviknight|Pressure
|move|p1a: The Wall|Earthquake|p2a: Corviknight
|-immune|p2a: Corviknight
|
|upkeep
|turn|19
|inactive|MikhaelSunworth has 25 seconds left this turn.
|
|t:|1760430601
|move|p2a: Corviknight|Body Press|p1a: The Wall
|-damage|p1a: The Wall|45/100
|move|p1a: The Wall|Rest|p1a: The Wall
|-status|p1a: The Wall|slp|[from] move: Rest
|-heal|p1a: The Wall|100/100 slp|[silent]
|
|upkeep
|turn|20
|inactive|MikhaelSunworth has 30 seconds left.
|
|t:|1760430607
|switch|p1a: The Bulldozer|Great Tusk|100/100
|move|p2a: Corviknight|Iron Defense|p2a: Corviknight
|-boost|p2a: Corviknight|def|2
|
|upkeep
|turn|21
|
|t:|1760430612
|-end|p1a: The Bulldozer|Protosynthesis|[silent]
|switch|p1a: The Wall|Ting-Lu, tera:Water|100/100 slp
|-ability|p1a: The Wall|Vessel of Ruin
|move|p2a: Corviknight|Iron Defense|p2a: Corviknight
|-boost|p2a: Corviknight|def|2
|
|upkeep
|turn|22
|
|t:|1760430616
|switch|p1a: The Strategist|Pecharunt|88/100
|move|p2a: Corviknight|Body Press|p1a: The Strategist
|-immune|p1a: The Strategist
|
|upkeep
|turn|23
|
|t:|1760430625
|move|p1a: The Strategist|Parting Shot|p2a: Corviknight
|-unboost|p2a: Corviknight|atk|1
|-unboost|p2a: Corviknight|spa|1
|
|t:|1760430630
|switch|p1a: The Wall|Ting-Lu, tera:Water|100/100 slp|[from] Parting Shot
|-ability|p1a: The Wall|Vessel of Ruin
|move|p2a: Corviknight|U-turn|p1a: The Wall
|-damage|p1a: The Wall|95/100 slp
|
|t:|1760430635
|switch|p2a: Ting-Lu|Ting-Lu, shiny|42/100|[from] U-turn
|-damage|p2a: Ting-Lu|36/100|[from] Stealth Rock
|-ability|p2a: Ting-Lu|Vessel of Ruin
|
|upkeep
|turn|24
|
|t:|1760430641
|switch|p1a: The Choosen One|Landorus-Therian, M|100/100
|-ability|p1a: The Choosen One|Intimidate|boost
|-unboost|p2a: Ting-Lu|atk|1
|move|p2a: Ting-Lu|Stealth Rock|p1a: The Choosen One
|-sidestart|p1: MikhaelSunworth|move: Stealth Rock
|
|upkeep
|turn|25
|
|t:|1760430653
|switch|p2a: Corviknight|Corviknight, F|77/100
|-damage|p2a: Corviknight|64/100|[from] Stealth Rock
|-ability|p2a: Corviknight|Pressure
|move|p1a: The Choosen One|U-turn|p2a: Corviknight
|-resisted|p2a: Corviknight
|-damage|p2a: Corviknight|60/100
|inactive|MikhaelSunworth has 60 seconds left.
|
|t:|1760430681
|switch|p1a: Iron Valiant|Iron Valiant|100/100|[from] U-turn
|-damage|p1a: Iron Valiant|94/100|[from] Stealth Rock
|-enditem|p1a: Iron Valiant|Booster Energy
|-activate|p1a: Iron Valiant|ability: Quark Drive|[fromitem]
|-start|p1a: Iron Valiant|quarkdrivespe
|
|upkeep
|turn|26
|
|t:|1760430693
|switch|p2a: Weezing|Weezing-Galar, F|100/100
|-ability|p2a: Weezing|Neutralizing Gas
|move|p1a: Iron Valiant|Thunderbolt|p2a: Weezing
|-damage|p2a: Weezing|60/100
|
|upkeep
|turn|27
|
|t:|1760430710
|-end|p1a: Iron Valiant|Quark Drive|[silent]
|switch|p1a: The Strategist|Pecharunt|88/100
|-damage|p1a: The Strategist|76/100|[from] Stealth Rock
|move|p2a: Weezing|Sludge Bomb|p1a: The Strategist
|-resisted|p1a: The Strategist
|-damage|p1a: The Strategist|69/100
|
|upkeep
|turn|28
|
|t:|1760430715
|move|p2a: Weezing|Sludge Bomb|p1a: The Strategist
|-resisted|p1a: The Strategist
|-damage|p1a: The Strategist|62/100
|move|p1a: The Strategist|Parting Shot|p2a: Weezing
|-unboost|p2a: Weezing|atk|1
|-unboost|p2a: Weezing|spa|1
|
|t:|1760430726
|switch|p1a: The Bulldozer|Great Tusk|100/100|[from] Parting Shot
|-damage|p1a: The Bulldozer|98/100|[from] Stealth Rock
|
|-heal|p1a: The Bulldozer|100/100|[from] item: Leftovers
|upkeep
|turn|29
|
|t:|1760430732
|-terastallize|p2a: Weezing|Grass
|move|p1a: The Bulldozer|Headlong Rush|p2a: Weezing
|-resisted|p2a: Weezing
|-damage|p2a: Weezing|40/100
|-unboost|p1a: The Bulldozer|def|1
|-unboost|p1a: The Bulldozer|spd|1
|move|p2a: Weezing|Will-O-Wisp|p1a: The Bulldozer
|-status|p1a: The Bulldozer|brn
|
|-damage|p1a: The Bulldozer|94/100 brn|[from] brn
|upkeep
|turn|30
|
|t:|1760430742
|move|p1a: The Bulldozer|Rapid Spin|p2a: Weezing
|-damage|p2a: Weezing|34/100
|-boost|p1a: The Bulldozer|spe|1
|-sideend|p1: MikhaelSunworth|Stealth Rock|[from] move: Rapid Spin|[of] p1a: The Bulldozer
|move|p2a: Weezing|Pain Split|p1a: The Bulldozer
|-sethp|p1a: The Bulldozer|60/100 brn|[from] move: Pain Split|[silent]
|-sethp|p2a: Weezing|78/100|[from] move: Pain Split
|
|-heal|p1a: The Bulldozer|66/100 brn|[from] item: Leftovers
|-damage|p1a: The Bulldozer|60/100 brn|[from] brn
|upkeep
|turn|31
|
|t:|1760430751
|-end|p1a: The Bulldozer|Protosynthesis|[silent]
|switch|p1a: The Strategist|Pecharunt|62/100
|move|p2a: Weezing|Defog|p1a: The Strategist
|-unboost|p1a: The Strategist|evasion|1
|-sideend|p2: dadddydaddy|Stealth Rock|[from] move: Defog|[of] p2a: Weezing
|
|upkeep
|turn|32
|inactive|MikhaelSunworth has 90 seconds left.
|
|t:|1760430763
|-end|p2a: Weezing|ability: Neutralizing Gas
|switch|p2a: Ting-Lu|Ting-Lu, shiny|36/100
|-ability|p2a: Ting-Lu|Vessel of Ruin
|move|p1a: The Strategist|Parting Shot|p2a: Ting-Lu
|-unboost|p2a: Ting-Lu|atk|1
|-unboost|p2a: Ting-Lu|spa|1
|inactive|MikhaelSunworth has 90 seconds left.
|
|t:|1760430775
|switch|p1a: The Choosen One|Landorus-Therian, M|100/100|[from] Parting Shot
|-ability|p1a: The Choosen One|Intimidate|boost
|-unboost|p2a: Ting-Lu|atk|1
|
|upkeep
|turn|33
|
|t:|1760430787
|move|p1a: The Choosen One|U-turn|p2a: Ting-Lu
|-supereffective|p2a: Ting-Lu
|-damage|p2a: Ting-Lu|5/100
|
|t:|1760430792
|switch|p1a: The Samurai|Samurott-Hisui, F|36/100|[from] U-turn
|move|p2a: Ting-Lu|Stealth Rock|p1a: The Samurai
|-sidestart|p1: MikhaelSunworth|move: Stealth Rock
|
|upkeep
|turn|34
|
|t:|1760430802
|move|p1a: The Samurai|Ceaseless Edge|p2a: Ting-Lu
|-resisted|p2a: Ting-Lu
|-damage|p2a: Ting-Lu|0 fnt
|-sidestart|p2: dadddydaddy|Spikes
|faint|p2a: Ting-Lu
|
|upkeep
|
|t:|1760430814
|switch|p2a: Dragapult|Dragapult, F|100/100
|-damage|p2a: Dragapult|88/100|[from] Spikes
|turn|35
|
|t:|1760430825
|move|p1a: The Samurai|Aqua Jet|p2a: Dragapult
|-resisted|p2a: Dragapult
|-damage|p2a: Dragapult|75/100
|move|p2a: Dragapult|U-turn|p1a: The Samurai
|-supereffective|p1a: The Samurai
|-damage|p1a: The Samurai|0 fnt
|faint|p1a: The Samurai
|
|t:|1760430840
|switch|p2a: Weezing|Weezing-Galar, F, tera:Grass|78/100|[from] U-turn
|-ability|p2a: Weezing|Neutralizing Gas
|
|upkeep
|
|t:|1760430849
|switch|p1a: The Bulldozer|Great Tusk|60/100 brn
|-damage|p1a: The Bulldozer|57/100 brn|[from] Stealth Rock
|turn|36
|
|t:|1760430856
|-end|p2a: Weezing|ability: Neutralizing Gas
|switch|p2a: Corviknight|Corviknight, F|60/100
|-ability|p2a: Corviknight|Pressure
|move|p1a: The Bulldozer|Rapid Spin|p2a: Corviknight
|-resisted|p2a: Corviknight
|-damage|p2a: Corviknight|58/100
|-boost|p1a: The Bulldozer|spe|1
|-sideend|p1: MikhaelSunworth|Stealth Rock|[from] move: Rapid Spin|[of] p1a: The Bulldozer
|
|-heal|p1a: The Bulldozer|63/100 brn|[from] item: Leftovers
|-damage|p1a: The Bulldozer|57/100 brn|[from] brn
|upkeep
|turn|37
|
|t:|1760430865
|-end|p1a: The Bulldozer|Protosynthesis|[silent]
|switch|p1a: The Wall|Ting-Lu, tera:Water|95/100 slp
|-ability|p1a: The Wall|Vessel of Ruin
|move|p2a: Corviknight|U-turn|p1a: The Wall
|-damage|p1a: The Wall|87/100 slp
|
|t:|1760430879
|switch|p2a: Ogerpon|Ogerpon-Wellspring, F|76/100|[from] U-turn
|-damage|p2a: Ogerpon|63/100|[from] Spikes
|
|upkeep
|turn|38
|inactive|MikhaelSunworth has 120 seconds left.
|
|t:|1760430926
|move|p2a: Ogerpon|Ivy Cudgel|p1a: The Wall|[anim] Ivy Cudgel Water
|-resisted|p1a: The Wall
|-damage|p1a: The Wall|73/100 slp
|cant|p1a: The Wall|slp
|
|upkeep
|turn|39
|
|t:|1760430939
|move|p2a: Ogerpon|Synthesis|p2a: Ogerpon
|-heal|p2a: Ogerpon|100/100
|cant|p1a: The Wall|slp
|
|upkeep
|turn|40
|
|t:|1760430943
|move|p2a: Ogerpon|Spikes|p1a: The Wall
|-sidestart|p1: MikhaelSunworth|Spikes
|-curestatus|p1a: The Wall|slp|[msg]
|move|p1a: The Wall|Stealth Rock|p2a: Ogerpon
|-sidestart|p2: dadddydaddy|move: Stealth Rock
|
|upkeep
|turn|41
|inactive|MikhaelSunworth has 120 seconds left.
|
|t:|1760430949
|move|p2a: Ogerpon|Spikes|p1a: The Wall
|-sidestart|p1: MikhaelSunworth|Spikes
|move|p1a: The Wall|Whirlwind|p2a: Ogerpon
|drag|p2a: Weezing|Weezing-Galar, F, tera:Grass|78/100
|-ability|p2a: Weezing|Neutralizing Gas
|
|upkeep
|turn|42
|
|t:|1760430961
|move|p2a: Weezing|Will-O-Wisp|p1a: The Wall
|-status|p1a: The Wall|brn
|move|p1a: The Wall|Whirlwind|p2a: Weezing
|-end|p2a: Weezing|ability: Neutralizing Gas
|-ability|p1a: The Wall|Vessel of Ruin
|drag|p2a: Corviknight|Corviknight, F|58/100
|-damage|p2a: Corviknight|45/100|[from] Stealth Rock
|-ability|p2a: Corviknight|Pressure
|
|-damage|p1a: The Wall|67/100 brn|[from] brn
|upkeep
|turn|43
|
|t:|1760430966
|switch|p2a: Skeledirge|Skeledirge, F|100/100
|move|p1a: The Wall|Rest|p1a: The Wall
|-status|p1a: The Wall|slp|[from] move: Rest
|-heal|p1a: The Wall|100/100 slp|[silent]
|
|upkeep
|turn|44
|
|t:|1760430976
|move|p2a: Skeledirge|Torch Song|p1a: The Wall
|-resisted|p1a: The Wall
|-damage|p1a: The Wall|94/100 slp
|-boost|p2a: Skeledirge|spa|1
|cant|p1a: The Wall|slp
|
|upkeep
|turn|45
|
|t:|1760430980
|move|p2a: Skeledirge|Torch Song|p1a: The Wall
|-resisted|p1a: The Wall
|-damage|p1a: The Wall|85/100 slp
|-boost|p2a: Skeledirge|spa|1
|cant|p1a: The Wall|slp
|
|upkeep
|turn|46
|
|t:|1760430983
|move|p2a: Skeledirge|Torch Song|p1a: The Wall
|-resisted|p1a: The Wall
|-damage|p1a: The Wall|72/100 slp
|-boost|p2a: Skeledirge|spa|1
|-curestatus|p1a: The Wall|slp|[msg]
|move|p1a: The Wall|Whirlwind|p2a: Skeledirge
|drag|p2a: Weezing|Weezing-Galar, F, tera:Grass|78/100
|-ability|p2a: Weezing|Neutralizing Gas
|
|upkeep
|turn|47
|
|t:|1760430997
|switch|p1a: The Bulldozer|Great Tusk|57/100 brn
|-damage|p1a: The Bulldozer|41/100 brn|[from] Spikes
|move|p2a: Weezing|Defog|p1a: The Bulldozer
|-unboost|p1a: The Bulldozer|evasion|1
|-sideend|p1: MikhaelSunworth|Spikes|[from] move: Defog|[of] p2a: Weezing
|-sideend|p2: dadddydaddy|Spikes|[from] move: Defog|[of] p2a: Weezing
|-sideend|p2: dadddydaddy|Stealth Rock|[from] move: Defog|[of] p2a: Weezing
|
|-heal|p1a: The Bulldozer|47/100 brn|[from] item: Leftovers
|-damage|p1a: The Bulldozer|41/100 brn|[from] brn
|upkeep
|turn|48
|
|t:|1760431006
|-end|p2a: Weezing|ability: Neutralizing Gas
|switch|p2a: Corviknight|Corviknight, F|45/100
|-ability|p2a: Corviknight|Pressure
|move|p1a: The Bulldozer|Headlong Rush|p2a: Corviknight
|-immune|p2a: Corviknight
|
|-heal|p1a: The Bulldozer|47/100 brn|[from] item: Leftovers
|-damage|p1a: The Bulldozer|41/100 brn|[from] brn
|upkeep
|turn|49
|
|t:|1760431014
|-end|p1a: The Bulldozer|Protosynthesis|[silent]
|switch|p1a: The Wall|Ting-Lu, tera:Water|72/100
|-ability|p1a: The Wall|Vessel of Ruin
|move|p2a: Corviknight|Roost|p2a: Corviknight
|-heal|p2a: Corviknight|95/100
|-singleturn|p2a: Corviknight|move: Roost
|
|upkeep
|turn|50
|
|t:|1760431021
|switch|p1a: The Strategist|Pecharunt|62/100
|move|p2a: Corviknight|Iron Defense|p2a: Corviknight
|-boost|p2a: Corviknight|def|2
|
|upkeep
|turn|51
|
|t:|1760431027
|move|p1a: The Strategist|Recover|p1a: The Strategist
|-heal|p1a: The Strategist|100/100
|move|p2a: Corviknight|U-turn|p1a: The Strategist
|-resisted|p1a: The Strategist
|-crit|p1a: The Strategist
|-damage|p1a: The Strategist|98/100
|-damage|p2a: Corviknight|79/100|[from] item: Rocky Helmet|[of] p1a: The Strategist
|
|t:|1760431033
|switch|p2a: Dragapult|Dragapult, F|75/100|[from] U-turn
|
|upkeep
|turn|52
|
|t:|1760431044
|switch|p1a: The Wall|Ting-Lu, tera:Water|72/100
|-ability|p1a: The Wall|Vessel of Ruin
|move|p2a: Dragapult|U-turn|p1a: The Wall
|-damage|p1a: The Wall|63/100
|
|t:|1760431050
|switch|p2a: Corviknight|Corviknight, F|79/100|[from] U-turn
|-ability|p2a: Corviknight|Pressure
|
|upkeep
|turn|53
|
|t:|1760431058
|move|p2a: Corviknight|Body Press|p1a: The Wall
|-damage|p1a: The Wall|50/100
|move|p1a: The Wall|Stealth Rock|p2a: Corviknight
|-sidestart|p2: dadddydaddy|move: Stealth Rock
|
|upkeep
|turn|54
|
|t:|1760431063
|move|p2a: Corviknight|Body Press|p1a: The Wall
|-damage|p1a: The Wall|34/100
|move|p1a: The Wall|Rest|p1a: The Wall
|-status|p1a: The Wall|slp|[from] move: Rest
|-heal|p1a: The Wall|100/100 slp|[silent]
|
|upkeep
|turn|55
|
|t:|1760431070
|move|p2a: Corviknight|Iron Defense|p2a: Corviknight
|-boost|p2a: Corviknight|def|2
|cant|p1a: The Wall|slp
|
|upkeep
|turn|56
|
|t:|1760431077
|switch|p1a: The Strategist|Pecharunt|98/100
|move|p2a: Corviknight|Iron Defense|p2a: Corviknight
|-boost|p2a: Corviknight|def|2
|
|upkeep
|turn|57
|
|t:|1760431084
|move|p1a: The Strategist|Parting Shot|p2a: Corviknight
|-unboost|p2a: Corviknight|atk|1
|-unboost|p2a: Corviknight|spa|1
|
|t:|1760431088
|switch|p1a: The Bulldozer|Great Tusk|41/100 brn|[from] Parting Shot
|move|p2a: Corviknight|U-turn|p1a: The Bulldozer
|-resisted|p1a: The Bulldozer
|-damage|p1a: The Bulldozer|38/100 brn
|
|t:|1760431098
|switch|p2a: Skeledirge|Skeledirge, F|100/100|[from] U-turn
|
|-heal|p1a: The Bulldozer|44/100 brn|[from] item: Leftovers
|-damage|p1a: The Bulldozer|38/100 brn|[from] brn
|upkeep
|turn|58
|
|t:|1760431105
|-end|p1a: The Bulldozer|Protosynthesis|[silent]
|switch|p1a: The Wall|Ting-Lu, tera:Water|100/100 slp
|-ability|p1a: The Wall|Vessel of Ruin
|move|p2a: Skeledirge|Torch Song|p1a: The Wall
|-resisted|p1a: The Wall
|-damage|p1a: The Wall|95/100 slp
|-boost|p2a: Skeledirge|spa|1
|
|upkeep
|turn|59
|-message|dadddydaddy forfeited.
|
|win|MikhaelSunworth
|raw|MikhaelSunworth's rating: 1300 &rarr; <strong>1321</strong><br />(+21 for winning)
|raw|dadddydaddy's rating: 1242 &rarr; <strong>1221</strong><br />(-21 for losing)
|l|☆dadddydaddy
|player|p2|
|l|☆MikhaelSunworth
|player|p1|
