|j|☆MarxN64
|j|☆bxjjne c
|t:|1760383200
|gametype|singles
|player|p1|MarxN64|gentleman-gen4|1285
|player|p2|bxjjne c|265|1336
|gen|9
|tier|[Gen 9] OU
|rated|
|rule|HP Percentage Mod: HP is shown in percentages
|rule|Endless Battle Clause: Forcing endless battles is banned
|rule|Species Clause: Limit one of each Pokémon
|rule|OHKO Clause: OHKO moves are banned
|rule|Evasion Items Clause: Evasion items are banned
|rule|Evasion Moves Clause: Evasion moves are banned
|rule|Evasion Abilities Clause: Evasion abilities are banned
|rule|Sleep Moves Clause: Sleep-inducing moves are banned
|clearpoke
|poke|p1|Houndstone, F|
|poke|p1|Zamazenta-*|
|poke|p1|Suicune|
|poke|p1|Coalossal, F|
|poke|p1|Arcanine-Hisui, F|
|poke|p1|Okidogi, M|
|poke|p2|Kyurem|
|poke|p2|Corviknight, F|
|poke|p2|Heatran, M|
|poke|p2|Blissey, F|
|poke|p2|Great Tusk|
|poke|p2|Deoxys-Speed|
|teampreview
|inactive|Battle timer is ON: inactive players will automatically lose when time's up. (requested by bxjjne c)
|
|t:|1760383208
|teamsize|p1|6
|teamsize|p2|6
|start
|switch|p1a: Rudy|Houndstone, F, shiny|100/100
|switch|p2a: Deoxys|Deoxys-Speed|100/100
|-ability|p2a: Deoxys|Pressure
|turn|1
|
|t:|1760383212
|move|p2a: Deoxys|Trick|p1a: Rudy
|-activate|p2a: Deoxys|move: Trick|[of] p1a: Rudy
|-item|p1a: Rudy|Toxic Orb|[from] move: Trick
|-item|p2a: Deoxys|Leftovers|[from] move: Trick
|move|p1a: Rudy|Night Shade|p2a: Deoxys
|-damage|p2a: Deoxys|59/100
|
|-heal|p2a: Deoxys|65/100|[from] item: Leftovers
|-status|p1a: Rudy|tox|[from] item: Toxic Orb
|upkeep
|turn|2
|
|t:|1760383219
|move|p2a: Deoxys|Psycho Boost|p1a: Rudy
|-damage|p1a: Rudy|49/100 tox
|-unboost|p2a: Deoxys|spa|2
|move|p1a: Rudy|Night Shade|p2a: Deoxys
|-damage|p2a: Deoxys|24/100
|
|-heal|p2a: Deoxys|30/100|[from] item: Leftovers
|-damage|p1a: Rudy|42/100 tox|[from] psn
|upkeep
|turn|3
|
|t:|1760383227
|move|p2a: Deoxys|Psycho Boost|p1a: Rudy|[miss]
|-miss|p2a: Deoxys|p1a: Rudy
|move|p1a: Rudy|Night Shade|p2a: Deoxys
|-damage|p2a: Deoxys|0 fnt
|faint|p2a: Deoxys
|
|-damage|p1a: Rudy|30/100 tox|[from] psn
|upkeep
|
|t:|1760383234
|switch|p2a: Great Tusk|Great Tusk|100/100
|turn|4
|
|t:|1760383241
|move|p2a: Great Tusk|Knock Off|p1a: Rudy
|-supereffective|p1a: Rudy
|-damage|p1a: Rudy|0 fnt
|-enditem|p1a: Rudy|Toxic Orb|[from] move: Knock Off|[of] p2a: Great Tusk
|faint|p1a: Rudy
|
|upkeep
|
|t:|1760383246
|switch|p1a: Rusty|Zamazenta|100/100
|-ability|p1a: Rusty|Dauntless Shield|boost
|-boost|p1a: Rusty|def|1
|turn|5
|
|t:|1760383249
|-end|p2a: Great Tusk|Protosynthesis|[silent]
|switch|p2a: Corviknight|Corviknight, F|100/100
|move|p1a: Rusty|Moonblast|p2a: Corviknight
|-resisted|p2a: Corviknight
|-damage|p2a: Corviknight|91/100
|
|upkeep
|turn|6
|
|t:|1760383252
|switch|p1a: Grommit|Okidogi, M|100/100
|move|p2a: Corviknight|Bulk Up|p2a: Corviknight
|-boost|p2a: Corviknight|atk|1
|-boost|p2a: Corviknight|def|1
|
|upkeep
|turn|7
|
|t:|1760383257
|move|p1a: Grommit|Bulk Up|p1a: Grommit
|-boost|p1a: Grommit|atk|1
|-boost|p1a: Grommit|def|1
|move|p2a: Corviknight|Bulk Up|p2a: Corviknight
|-boost|p2a: Corviknight|atk|1
|-boost|p2a: Corviknight|def|1
|
|upkeep
|turn|8
|
|t:|1760383259
|move|p1a: Grommit|Bulk Up|p1a: Grommit
|-boost|p1a: Grommit|atk|1
|-boost|p1a: Grommit|def|1
|move|p2a: Corviknight|Bulk Up|p2a: Corviknight
|-boost|p2a: Corviknight|atk|1
|-boost|p2a: Corviknight|def|1
|
|upkeep
|turn|9
|
|t:|1760383261
|move|p1a: Grommit|Bulk Up|p1a: Grommit
|-boost|p1a: Grommit|atk|1
|-boost|p1a: Grommit|def|1
|move|p2a: Corviknight|Bulk Up|p2a: Corviknight
|-boost|p2a: Corviknight|atk|1
|-boost|p2a: Corviknight|def|1
|
|upkeep
|turn|10
|
|t:|1760383263
|move|p1a: Grommit|Bulk Up|p1a: Grommit
|-boost|p1a: Grommit|atk|1
|-boost|p1a: Grommit|def|1
|move|p2a: Corviknight|Bulk Up|p2a: Corviknight
|-boost|p2a: Corviknight|atk|1
|-boost|p2a: Corviknight|def|1
|
|upkeep
|turn|11
|
|t:|1760383265
|move|p1a: Grommit|Bulk Up|p1a: Grommit
|-boost|p1a: Grommit|atk|1
|-boost|p1a: Grommit|def|1
|move|p2a: Corviknight|Bulk Up|p2a: Corviknight
|-boost|p2a: Corviknight|atk|1
|-boost|p2a: Corviknight|def|1
|
|upkeep
|turn|12
|
|t:|1760383267
|move|p1a: Grommit|Bulk Up|p1a: Grommit
|-boost|p1a: Grommit|atk|1
|-boost|p1a: Grommit|def|1
|move|p2a: Corviknight|Brave Bird|p1a: Grommit
|-supereffective|p1a: Grommit
|-damage|p1a: Grommit|43/100
|-damage|p2a: Corviknight|74/100|[from] Recoil
|
|-heal|p1a: Grommit|49/100|[from] item: Black Sludge
|upkeep
|turn|13
|
|t:|1760383277
|move|p1a: Grommit|Drain Punch|p2a: Corviknight
|-damage|p2a: Corviknight|37/100
|-heal|p1a: Grommit|70/100|[from] drain|[of] p2a: Corviknight
|-damage|p1a: Grommit|54/100|[from] item: Rocky Helmet|[of] p2a: Corviknight
|move|p2a: Corviknight|Brave Bird|p1a: Grommit
|-supereffective|p1a: Grommit
|-damage|p1a: Grommit|0 fnt
|faint|p1a: Grommit
|-damage|p2a: Corviknight|22/100|[from] Recoil
|
|upkeep
|
|t:|1760383288
|switch|p1a: Butch|Arcanine-Hisui, F|100/100
|turn|14
|
|t:|1760383291
|move|p1a: Butch|Flare Blitz|p2a: Corviknight
|-supereffective|p2a: Corviknight
|-damage|p2a: Corviknight|0 fnt
|-damage|p1a: Butch|84/100|[from] item: Rocky Helmet|[of] p2a: Corviknight
|faint|p2a: Corviknight
|
|upkeep
|
|t:|1760383294
|switch|p2a: Heatran|Heatran, M|100/100
|turn|15
|
|t:|1760383298
|move|p1a: Butch|Head Smash|p2a: Heatran
|-damage|p2a: Heatran|35/100
|move|p2a: Heatran|Ancient Power|p1a: Butch
|-supereffective|p1a: Butch
|-damage|p1a: Butch|27/100
|-boost|p2a: Heatran|atk|1
|-boost|p2a: Heatran|def|1
|-boost|p2a: Heatran|spa|1
|-boost|p2a: Heatran|spd|1
|-boost|p2a: Heatran|spe|1
|
|upkeep
|turn|16
|
|t:|1760383306
|move|p1a: Butch|Head Smash|p2a: Heatran
|-damage|p2a: Heatran|0 fnt
|faint|p2a: Heatran
|
|upkeep
|
|t:|1760383309
|switch|p2a: Great Tusk|Great Tusk|100/100
|turn|17
|
|t:|1760383312
|move|p1a: Butch|Will-O-Wisp|p2a: Great Tusk
|-status|p2a: Great Tusk|brn
|move|p2a: Great Tusk|Knock Off|p1a: Butch
|-damage|p1a: Butch|6/100
|-enditem|p1a: Butch|Wide Lens|[from] move: Knock Off|[of] p2a: Great Tusk
|
|-damage|p2a: Great Tusk|94/100 brn|[from] brn
|upkeep
|turn|18
|
|t:|1760383323
|move|p1a: Butch|Flare Blitz|p2a: Great Tusk
|-damage|p2a: Great Tusk|55/100 brn
|move|p2a: Great Tusk|Rapid Spin|p1a: Butch
|-resisted|p1a: Butch
|-damage|p1a: Butch|1/100
|-boost|p2a: Great Tusk|spe|1
|
|-damage|p2a: Great Tusk|49/100 brn|[from] brn
|upkeep
|turn|19
|
|t:|1760383330
|move|p2a: Great Tusk|Rapid Spin|p1a: Butch
|-resisted|p1a: Butch
|-damage|p1a: Butch|0 fnt
|-boost|p2a: Great Tusk|spe|1
|faint|p1a: Butch
|
|-damage|p2a: Great Tusk|43/100 brn|[from] brn
|upkeep
|
|t:|1760383339
|switch|p1a: Rusty|Zamazenta|100/100
|turn|20
|
|t:|1760383341
|move|p2a: Great Tusk|Knock Off|p1a: Rusty
|-resisted|p1a: Rusty
|-damage|p1a: Rusty|93/100
|-enditem|p1a: Rusty|Salac Berry|[from] move: Knock Off|[of] p2a: Great Tusk
|move|p1a: Rusty|Moonblast|p2a: Great Tusk
|-supereffective|p2a: Great Tusk
|-crit|p2a: Great Tusk
|-damage|p2a: Great Tusk|0 fnt
|faint|p2a: Great Tusk
|-end|p2a: Great Tusk|Protosynthesis|[silent]
|
|upkeep
|
|t:|1760383348
|switch|p2a: Blissey|Blissey, F|100/100
|turn|21
|
|t:|1760383352
|move|p1a: Rusty|Focus Blast|p2a: Blissey
|-supereffective|p2a: Blissey
|-damage|p2a: Blissey|63/100
|move|p2a: Blissey|Thunder Wave|p1a: Rusty
|-status|p1a: Rusty|par
|
|-heal|p2a: Blissey|69/100|[from] item: Leftovers
|upkeep
|turn|22
|
|t:|1760383362
|move|p1a: Rusty|Focus Blast|p2a: Blissey|[miss]
|-miss|p1a: Rusty|p2a: Blissey
|move|p2a: Blissey|Stealth Rock|p1a: Rusty
|-sidestart|p1: MarxN64|move: Stealth Rock
|
|-heal|p2a: Blissey|75/100|[from] item: Leftovers
|upkeep
|turn|23
|
|t:|1760383369
|switch|p1a: Lassy|Suicune|100/100
|-damage|p1a: Lassy|88/100|[from] Stealth Rock
|-ability|p1a: Lassy|Pressure
|move|p2a: Blissey|Seismic Toss|p1a: Lassy
|-damage|p1a: Lassy|61/100
|
|-heal|p2a: Blissey|81/100|[from] item: Leftovers
|upkeep
|turn|24
|
|t:|1760383374
|move|p1a: Lassy|Calm Mind|p1a: Lassy
|-boost|p1a: Lassy|spa|1
|-boost|p1a: Lassy|spd|1
|move|p2a: Blissey|Seismic Toss|p1a: Lassy
|-damage|p1a: Lassy|34/100
|
|-heal|p2a: Blissey|87/100|[from] item: Leftovers
|upkeep
|turn|25
|
|t:|1760383378
|move|p1a: Lassy|Rest|p1a: Lassy
|-status|p1a: Lassy|slp|[from] move: Rest
|-enditem|p1a: Lassy|Lum Berry|[eat]
|-curestatus|p1a: Lassy|slp|[msg]
|-heal|p1a: Lassy|100/100|[silent]
|move|p2a: Blissey|Thunder Wave|p1a: Lassy
|-status|p1a: Lassy|par
|
|-heal|p2a: Blissey|93/100|[from] item: Leftovers
|upkeep
|turn|26
|
|t:|1760383386
|move|p2a: Blissey|Seismic Toss|p1a: Lassy
|-damage|p1a: Lassy|73/100 par
|move|p1a: Lassy|Scald|p2a: Blissey
|-damage|p2a: Blissey|79/100
|-status|p2a: Blissey|brn
|
|-heal|p2a: Blissey|85/100 brn|[from] item: Leftovers
|-damage|p2a: Blissey|79/100 brn|[from] brn
|upkeep
|turn|27
|
|t:|1760383392
|move|p2a: Blissey|Seismic Toss|p1a: Lassy
|-damage|p1a: Lassy|46/100 par
|move|p1a: Lassy|Calm Mind|p1a: Lassy
|-boost|p1a: Lassy|spa|1
|-boost|p1a: Lassy|spd|1
|
|-heal|p2a: Blissey|85/100 brn|[from] item: Leftovers
|-damage|p2a: Blissey|79/100 brn|[from] brn
|upkeep
|turn|28
|
|t:|1760383395
|move|p2a: Blissey|Seismic Toss|p1a: Lassy
|-damage|p1a: Lassy|19/100 par
|move|p1a: Lassy|Rest|p1a: Lassy
|-status|p1a: Lassy|slp|[from] move: Rest
|-heal|p1a: Lassy|100/100 slp|[silent]
|
|-heal|p2a: Blissey|85/100 brn|[from] item: Leftovers
|-damage|p2a: Blissey|79/100 brn|[from] brn
|upkeep
|turn|29
|
|t:|1760383398
|cant|p1a: Lassy|slp
|move|p2a: Blissey|Seismic Toss|p1a: Lassy
|-damage|p1a: Lassy|73/100 slp
|
|-heal|p2a: Blissey|85/100 brn|[from] item: Leftovers
|-damage|p2a: Blissey|79/100 brn|[from] brn
|upkeep
|turn|30
|
|t:|1760383406
|cant|p1a: Lassy|slp
|move|p2a: Blissey|Seismic Toss|p1a: Lassy
|-damage|p1a: Lassy|46/100 slp
|
|-heal|p2a: Blissey|85/100 brn|[from] item: Leftovers
|-damage|p2a: Blissey|79/100 brn|[from] brn
|upkeep
|turn|31
|
|t:|1760383409
|-curestatus|p1a: Lassy|slp|[msg]
|move|p1a: Lassy|Rest|p1a: Lassy
|-status|p1a: Lassy|slp|[from] move: Rest
|-heal|p1a: Lassy|100/100 slp|[silent]
|move|p2a: Blissey|Seismic Toss|p1a: Lassy
|-damage|p1a: Lassy|73/100 slp
|
|-heal|p2a: Blissey|85/100 brn|[from] item: Leftovers
|-damage|p2a: Blissey|79/100 brn|[from] brn
|upkeep
|turn|32
|
|t:|1760383418
|cant|p1a: Lassy|slp
|move|p2a: Blissey|Seismic Toss|p1a: Lassy
|-damage|p1a: Lassy|46/100 slp
|
|-heal|p2a: Blissey|85/100 brn|[from] item: Leftovers
|-damage|p2a: Blissey|79/100 brn|[from] brn
|upkeep
|turn|33
|
|t:|1760383423
|cant|p1a: Lassy|slp
|move|p2a: Blissey|Seismic Toss|p1a: Lassy
|-damage|p1a: Lassy|19/100 slp
|
|-heal|p2a: Blissey|85/100 brn|[from] item: Leftovers
|-damage|p2a: Blissey|79/100 brn|[from] brn
|upkeep
|turn|34
|
|t:|1760383428
|-curestatus|p1a: Lassy|slp|[msg]
|move|p1a: Lassy|Rest|p1a: Lassy
|-status|p1a: Lassy|slp|[from] move: Rest
|-heal|p1a: Lassy|100/100 slp|[silent]
|move|p2a: Blissey|Seismic Toss|p1a: Lassy
|-damage|p1a: Lassy|73/100 slp
|
|-heal|p2a: Blissey|85/100 brn|[from] item: Leftovers
|-damage|p2a: Blissey|79/100 brn|[from] brn
|upkeep
|turn|35
|
|t:|1760383441
|-curestatus|p2a: Blissey|brn|[from] ability: Natural Cure
|switch|p2a: Kyurem|Kyurem|100/100
|-ability|p2a: Kyurem|Pressure
|cant|p1a: Lassy|slp
|
|upkeep
|turn|36
|
|t:|1760383447
|move|p2a: Kyurem|Freeze-Dry|p1a: Lassy
|-supereffective|p1a: Lassy
|-damage|p1a: Lassy|51/100 slp
|cant|p1a: Lassy|slp
|
|upkeep
|turn|37
|
|t:|1760383451
|move|p2a: Kyurem|Shadow Ball|p1a: Lassy
|-damage|p1a: Lassy|43/100 slp
|-unboost|p1a: Lassy|spd|1
|-curestatus|p1a: Lassy|slp|[msg]
|move|p1a: Lassy|Scald|p2a: Kyurem
|-resisted|p2a: Kyurem
|-damage|p2a: Kyurem|76/100
|
|-heal|p2a: Kyurem|82/100|[from] item: Leftovers
|upkeep
|turn|38
|
|t:|1760383456
|move|p2a: Kyurem|Shadow Ball|p1a: Lassy
|-damage|p1a: Lassy|30/100
|move|p1a: Lassy|Calm Mind|p1a: Lassy
|-boost|p1a: Lassy|spa|1
|-boost|p1a: Lassy|spd|1
|
|-heal|p2a: Kyurem|88/100|[from] item: Leftovers
|upkeep
|turn|39
|
|t:|1760383462
|switch|p2a: Blissey|Blissey, F|79/100
|move|p1a: Lassy|Rest|p1a: Lassy
|-status|p1a: Lassy|slp|[from] move: Rest
|-heal|p1a: Lassy|100/100 slp|[silent]
|
|-heal|p2a: Blissey|85/100|[from] item: Leftovers
|upkeep
|turn|40
|
|t:|1760383465
|cant|p1a: Lassy|slp
|move|p2a: Blissey|Seismic Toss|p1a: Lassy
|-damage|p1a: Lassy|73/100 slp
|
|-heal|p2a: Blissey|91/100|[from] item: Leftovers
|upkeep
|turn|41
|
|t:|1760383469
|cant|p1a: Lassy|slp
|move|p2a: Blissey|Seismic Toss|p1a: Lassy
|-damage|p1a: Lassy|46/100 slp
|
|-heal|p2a: Blissey|97/100|[from] item: Leftovers
|upkeep
|turn|42
|
|t:|1760383478
|-curestatus|p1a: Lassy|slp|[msg]
|move|p1a: Lassy|Rest|p1a: Lassy
|-status|p1a: Lassy|slp|[from] move: Rest
|-heal|p1a: Lassy|100/100 slp|[silent]
|move|p2a: Blissey|Stealth Rock||[still]
|-fail|p2a: Blissey
|
|-heal|p2a: Blissey|100/100|[from] item: Leftovers
|upkeep
|turn|43
|
|t:|1760383485
|switch|p2a: Kyurem|Kyurem|88/100
|-ability|p2a: Kyurem|Pressure
|cant|p1a: Lassy|slp
|
|-heal|p2a: Kyurem|94/100|[from] item: Leftovers
|upkeep
|turn|44
|
|t:|1760383487
|move|p2a: Kyurem|Shadow Ball|p1a: Lassy
|-damage|p1a: Lassy|91/100 slp
|cant|p1a: Lassy|slp
|
|-heal|p2a: Kyurem|99/100|[from] item: Leftovers
|upkeep
|turn|45
|
|t:|1760383491
|move|p2a: Kyurem|Shadow Ball|p1a: Lassy
|-crit|p1a: Lassy
|-damage|p1a: Lassy|66/100 slp
|-curestatus|p1a: Lassy|slp|[msg]
|move|p1a: Lassy|Scald|p2a: Kyurem
|-resisted|p2a: Kyurem
|-damage|p2a: Kyurem|72/100
|
|-heal|p2a: Kyurem|78/100|[from] item: Leftovers
|upkeep
|turn|46
|
|t:|1760383499
|move|p2a: Kyurem|Shadow Ball|p1a: Lassy
|-damage|p1a: Lassy|57/100
|move|p1a: Lassy|Scald|p2a: Kyurem
|-resisted|p2a: Kyurem
|-damage|p2a: Kyurem|49/100
|-status|p2a: Kyurem|brn
|
|-heal|p2a: Kyurem|55/100 brn|[from] item: Leftovers
|-damage|p2a: Kyurem|49/100 brn|[from] brn
|upkeep
|turn|47
|
|t:|1760383505
|move|p2a: Kyurem|Shadow Ball|p1a: Lassy
|-damage|p1a: Lassy|49/100
|move|p1a: Lassy|Calm Mind|p1a: Lassy
|-boost|p1a: Lassy|spa|1
|-boost|p1a: Lassy|spd|1
|
|-heal|p2a: Kyurem|55/100 brn|[from] item: Leftovers
|-damage|p2a: Kyurem|49/100 brn|[from] brn
|upkeep
|turn|48
|
|t:|1760383511
|switch|p2a: Blissey|Blissey, F|100/100
|move|p1a: Lassy|Rest|p1a: Lassy
|-status|p1a: Lassy|slp|[from] move: Rest
|-heal|p1a: Lassy|100/100 slp|[silent]
|
|upkeep
|turn|49
|
|t:|1760383519
|cant|p1a: Lassy|slp
|move|p2a: Blissey|Thunder Wave||[still]
|-fail|p2a: Blissey
|
|upkeep
|turn|50
|
|t:|1760383524
|cant|p1a: Lassy|slp
|move|p2a: Blissey|Thunder Wave||[still]
|-fail|p2a: Blissey
|
|upkeep
|turn|51
|
|t:|1760383530
|-curestatus|p1a: Lassy|slp|[msg]
|move|p1a: Lassy|Calm Mind|p1a: Lassy
|-boost|p1a: Lassy|spa|1
|-boost|p1a: Lassy|spd|1
|move|p2a: Blissey|Thunder Wave|p1a: Lassy
|-status|p1a: Lassy|par
|
|upkeep
|turn|52
|
|t:|1760383537
|move|p2a: Blissey|Stealth Rock||[still]
|-fail|p2a: Blissey
|move|p1a: Lassy|Scald|p2a: Blissey
|-damage|p2a: Blissey|69/100
|
|-heal|p2a: Blissey|76/100|[from] item: Leftovers
|upkeep
|turn|53
|
|t:|1760383543
|move|p2a: Blissey|Seismic Toss|p1a: Lassy
|-damage|p1a: Lassy|73/100 par
|move|p1a: Lassy|Scald|p2a: Blissey
|-damage|p2a: Blissey|41/100
|-status|p2a: Blissey|brn
|
|-heal|p2a: Blissey|47/100 brn|[from] item: Leftovers
|-damage|p2a: Blissey|41/100 brn|[from] brn
|upkeep
|turn|54
|
|t:|1760383548
|move|p2a: Blissey|Soft-Boiled|p2a: Blissey
|-heal|p2a: Blissey|91/100 brn
|cant|p1a: Lassy|par
|
|-heal|p2a: Blissey|97/100 brn|[from] item: Leftovers
|-damage|p2a: Blissey|91/100 brn|[from] brn
|upkeep
|turn|55
|
|t:|1760383551
|move|p2a: Blissey|Seismic Toss|p1a: Lassy
|-damage|p1a: Lassy|46/100 par
|cant|p1a: Lassy|par
|
|-heal|p2a: Blissey|97/100 brn|[from] item: Leftovers
|-damage|p2a: Blissey|91/100 brn|[from] brn
|upkeep
|turn|56
|
|t:|1760383556
|move|p2a: Blissey|Seismic Toss|p1a: Lassy
|-damage|p1a: Lassy|19/100 par
|move|p1a: Lassy|Rest|p1a: Lassy
|-status|p1a: Lassy|slp|[from] move: Rest
|-heal|p1a: Lassy|100/100 slp|[silent]
|
|-heal|p2a: Blissey|97/100 brn|[from] item: Leftovers
|-damage|p2a: Blissey|91/100 brn|[from] brn
|upkeep
|turn|57
|
|t:|1760383561
|cant|p1a: Lassy|slp
|move|p2a: Blissey|Thunder Wave|p1a: Lassy|[miss]
|-miss|p2a: Blissey|p1a: Lassy
|
|-heal|p2a: Blissey|97/100 brn|[from] item: Leftovers
|-damage|p2a: Blissey|91/100 brn|[from] brn
|upkeep
|turn|58
|
|t:|1760383564
|cant|p1a: Lassy|slp
|move|p2a: Blissey|Thunder Wave||[still]
|-fail|p2a: Blissey
|
|-heal|p2a: Blissey|97/100 brn|[from] item: Leftovers
|-damage|p2a: Blissey|91/100 brn|[from] brn
|upkeep
|turn|59
|
|t:|1760383567
|-curestatus|p1a: Lassy|slp|[msg]
|move|p1a: Lassy|Calm Mind|p1a: Lassy
|-boost|p1a: Lassy|spa|1
|-boost|p1a: Lassy|spd|1
|move|p2a: Blissey|Thunder Wave|p1a: Lassy
|-status|p1a: Lassy|par
|
|-heal|p2a: Blissey|97/100 brn|[from] item: Leftovers
|-damage|p2a: Blissey|91/100 brn|[from] brn
|upkeep
|turn|60
|
|t:|1760383574
|move|p2a: Blissey|Stealth Rock||[still]
|-fail|p2a: Blissey
|cant|p1a: Lassy|par
|
|-heal|p2a: Blissey|97/100 brn|[from] item: Leftovers
|-damage|p2a: Blissey|91/100 brn|[from] brn
|upkeep
|turn|61
|
|t:|1760383579
|move|p2a: Blissey|Stealth Rock||[still]
|-fail|p2a: Blissey
|move|p1a: Lassy|Calm Mind|p1a: Lassy
|-boost|p1a: Lassy|spa|0
|-boost|p1a: Lassy|spd|1
|
|-heal|p2a: Blissey|97/100 brn|[from] item: Leftovers
|-damage|p2a: Blissey|91/100 brn|[from] brn
|upkeep
|turn|62
|
|t:|1760383581
|move|p2a: Blissey|Stealth Rock||[still]
|-fail|p2a: Blissey
|move|p1a: Lassy|Calm Mind|p1a: Lassy
|-boost|p1a: Lassy|spa|0
|-boost|p1a: Lassy|spd|0
|
|-heal|p2a: Blissey|97/100 brn|[from] item: Leftovers
|-damage|p2a: Blissey|91/100 brn|[from] brn
|upkeep
|turn|63
|
|t:|1760383586
|move|p2a: Blissey|Stealth Rock||[still]
|-fail|p2a: Blissey
|move|p1a: Lassy|Ice Beam|p2a: Blissey
|-crit|p2a: Blissey
|-damage|p2a: Blissey|48/100 brn
|
|-heal|p2a: Blissey|54/100 brn|[from] item: Leftovers
|-damage|p2a: Blissey|48/100 brn|[from] brn
|upkeep
|turn|64
|
|t:|1760383589
|move|p2a: Blissey|Soft-Boiled|p2a: Blissey
|-heal|p2a: Blissey|98/100 brn
|move|p1a: Lassy|Calm Mind|p1a: Lassy
|-boost|p1a: Lassy|spa|0
|-boost|p1a: Lassy|spd|0
|
|-heal|p2a: Blissey|100/100 brn|[from] item: Leftovers
|-damage|p2a: Blissey|94/100 brn|[from] brn
|upkeep
|turn|65
|
|t:|1760383592
|move|p2a: Blissey|Stealth Rock||[still]
|-fail|p2a: Blissey
|move|p1a: Lassy|Ice Beam|p2a: Blissey
|-damage|p2a: Blissey|66/100 brn
|
|-heal|p2a: Blissey|72/100 brn|[from] item: Leftovers
|-damage|p2a: Blissey|66/100 brn|[from] brn
|upkeep
|turn|66
|
|t:|1760383597
|move|p2a: Blissey|Stealth Rock||[still]
|-fail|p2a: Blissey
|move|p1a: Lassy|Calm Mind|p1a: Lassy
|-boost|p1a: Lassy|spa|0
|-boost|p1a: Lassy|spd|0
|
|-heal|p2a: Blissey|72/100 brn|[from] item: Leftovers
|-damage|p2a: Blissey|66/100 brn|[from] brn
|upkeep
|turn|67
|
|t:|1760383602
|move|p2a: Blissey|Thunder Wave|p1a: Lassy
|-fail|p1a: Lassy|par
|cant|p1a: Lassy|par
|
|-heal|p2a: Blissey|72/100 brn|[from] item: Leftovers
|-damage|p2a: Blissey|66/100 brn|[from] brn
|upkeep
|turn|68
|
|t:|1760383605
|move|p2a: Blissey|Thunder Wave|p1a: Lassy
|-fail|p1a: Lassy|par
|move|p1a: Lassy|Calm Mind|p1a: Lassy
|-boost|p1a: Lassy|spa|0
|-boost|p1a: Lassy|spd|0
|
|-heal|p2a: Blissey|72/100 brn|[from] item: Leftovers
|-damage|p2a: Blissey|66/100 brn|[from] brn
|upkeep
|turn|69
|
|t:|1760383607
|move|p2a: Blissey|Stealth Rock||[still]
|-fail|p2a: Blissey
|move|p1a: Lassy|Ice Beam|p2a: Blissey
|-damage|p2a: Blissey|38/100 brn
|
|-heal|p2a: Blissey|44/100 brn|[from] item: Leftovers
|-damage|p2a: Blissey|38/100 brn|[from] brn
|upkeep
|turn|70
|
|t:|1760383611
|move|p2a: Blissey|Soft-Boiled|p2a: Blissey
|-heal|p2a: Blissey|88/100 brn
|cant|p1a: Lassy|par
|
|-heal|p2a: Blissey|94/100 brn|[from] item: Leftovers
|-damage|p2a: Blissey|88/100 brn|[from] brn
|upkeep
|turn|71
|
|t:|1760383616
|move|p2a: Blissey|Stealth Rock||[still]
|-fail|p2a: Blissey
|move|p1a: Lassy|Calm Mind|p1a: Lassy
|-boost|p1a: Lassy|spa|0
|-boost|p1a: Lassy|spd|0
|
|-heal|p2a: Blissey|94/100 brn|[from] item: Leftovers
|-damage|p2a: Blissey|88/100 brn|[from] brn
|upkeep
|turn|72
|
|t:|1760383620
|move|p2a: Blissey|Stealth Rock||[still]
|-fail|p2a: Blissey
|move|p1a: Lassy|Calm Mind|p1a: Lassy
|-boost|p1a: Lassy|spa|0
|-boost|p1a: Lassy|spd|0
|
|-heal|p2a: Blissey|94/100 brn|[from] item: Leftovers
|-damage|p2a: Blissey|88/100 brn|[from] brn
|upkeep
|turn|73
|
|t:|1760383627
|move|p2a: Blissey|Stealth Rock||[still]
|-fail|p2a: Blissey
|cant|p1a: Lassy|par
|
|-heal|p2a: Blissey|94/100 brn|[from] item: Leftovers
|-damage|p2a: Blissey|88/100 brn|[from] brn
|upkeep
|turn|74
|
|t:|1760383631
|move|p2a: Blissey|Thunder Wave|p1a: Lassy
|-fail|p1a: Lassy|par
|move|p1a: Lassy|Ice Beam|p2a: Blissey
|-damage|p2a: Blissey|60/100 brn
|
|-heal|p2a: Blissey|66/100 brn|[from] item: Leftovers
|-damage|p2a: Blissey|60/100 brn|[from] brn
|upkeep
|turn|75
|
|t:|1760383637
|move|p2a: Blissey|Thunder Wave|p1a: Lassy
|-fail|p1a: Lassy|par
|move|p1a: Lassy|Ice Beam|p2a: Blissey
|-damage|p2a: Blissey|31/100 brn
|
|-heal|p2a: Blissey|37/100 brn|[from] item: Leftovers
|-damage|p2a: Blissey|31/100 brn|[from] brn
|upkeep
|turn|76
|
|t:|1760383642
|move|p2a: Blissey|Soft-Boiled|p2a: Blissey
|-heal|p2a: Blissey|81/100 brn
|move|p1a: Lassy|Ice Beam|p2a: Blissey
|-damage|p2a: Blissey|53/100 brn
|
|-heal|p2a: Blissey|60/100 brn|[from] item: Leftovers
|-damage|p2a: Blissey|53/100 brn|[from] brn
|upkeep
|turn|77
|
|t:|1760383647
|move|p2a: Blissey|Thunder Wave|p1a: Lassy
|-fail|p1a: Lassy|par
|move|p1a: Lassy|Calm Mind|p1a: Lassy
|-boost|p1a: Lassy|spa|0
|-boost|p1a: Lassy|spd|0
|
|-heal|p2a: Blissey|60/100 brn|[from] item: Leftovers
|-damage|p2a: Blissey|53/100 brn|[from] brn
|upkeep
|turn|78
|
|t:|1760383652
|move|p2a: Blissey|Thunder Wave|p1a: Lassy
|-fail|p1a: Lassy|par
|move|p1a: Lassy|Ice Beam|p2a: Blissey
|-damage|p2a: Blissey|26/100 brn
|
|-heal|p2a: Blissey|32/100 brn|[from] item: Leftovers
|-damage|p2a: Blissey|26/100 brn|[from] brn
|upkeep
|turn|79
|
|t:|1760383657
|move|p2a: Blissey|Soft-Boiled|p2a: Blissey
|-heal|p2a: Blissey|76/100 brn
|move|p1a: Lassy|Calm Mind|p1a: Lassy
|-boost|p1a: Lassy|spa|0
|-boost|p1a: Lassy|spd|0
|
|-heal|p2a: Blissey|82/100 brn|[from] item: Leftovers
|-damage|p2a: Blissey|76/100 brn|[from] brn
|upkeep
|turn|80
|
|t:|1760383662
|-curestatus|p2a: Blissey|brn|[from] ability: Natural Cure
|switch|p2a: Kyurem|Kyurem|49/100 brn
|-ability|p2a: Kyurem|Pressure
|move|p1a: Lassy|Ice Beam|p2a: Kyurem
|-damage|p2a: Kyurem|0 fnt
|faint|p2a: Kyurem
|
|upkeep
|
|t:|1760383669
|switch|p2a: Blissey|Blissey, F|76/100
|turn|81
|
|t:|1760383673
|move|p2a: Blissey|Thunder Wave|p1a: Lassy
|-fail|p1a: Lassy|par
|move|p1a: Lassy|Calm Mind|p1a: Lassy
|-boost|p1a: Lassy|spa|0
|-boost|p1a: Lassy|spd|0
|
|-heal|p2a: Blissey|82/100|[from] item: Leftovers
|upkeep
|turn|82
|
|t:|1760383679
|move|p2a: Blissey|Thunder Wave|p1a: Lassy
|-fail|p1a: Lassy|par
|move|p1a: Lassy|Ice Beam|p2a: Blissey
|-damage|p2a: Blissey|55/100
|
|-heal|p2a: Blissey|62/100|[from] item: Leftovers
|upkeep
|turn|83
|
|t:|1760383681
|move|p2a: Blissey|Thunder Wave|p1a: Lassy
|-fail|p1a: Lassy|par
|move|p1a: Lassy|Ice Beam|p2a: Blissey
|-crit|p2a: Blissey
|-damage|p2a: Blissey|18/100
|
|-heal|p2a: Blissey|24/100|[from] item: Leftovers
|upkeep
|turn|84
|
|t:|1760383688
|move|p2a: Blissey|Soft-Boiled|p2a: Blissey
|-heal|p2a: Blissey|74/100
|cant|p1a: Lassy|par
|
|-heal|p2a: Blissey|80/100|[from] item: Leftovers
|upkeep
|turn|85
|
|t:|1760383698
|move|p2a: Blissey|Stealth Rock||[still]
|-fail|p2a: Blissey
|cant|p1a: Lassy|par
|
|-heal|p2a: Blissey|86/100|[from] item: Leftovers
|upkeep
|turn|86
|c|☆MarxN64|Looks like gg.
|
|t:|1760383707
|move|p2a: Blissey|Stealth Rock||[still]
|-fail|p2a: Blissey
|move|p1a: Lassy|Scald|p2a: Blissey
|-damage|p2a: Blissey|50/100
|
|-heal|p2a: Blissey|56/100|[from] item: Leftovers
|upkeep
|turn|87
|
|t:|1760383721
|move|p2a: Blissey|Stealth Rock||[still]
|-fail|p2a: Blissey
|move|p1a: Lassy|Calm Mind|p1a: Lassy
|-boost|p1a: Lassy|spa|0
|-boost|p1a: Lassy|spd|0
|
|-heal|p2a: Blissey|62/100|[from] item: Leftovers
|upkeep
|turn|88
|
|t:|1760383724
|move|p2a: Blissey|Stealth Rock||[still]
|-fail|p2a: Blissey
|move|p1a: Lassy|Scald|p2a: Blissey
|-damage|p2a: Blissey|24/100
|-status|p2a: Blissey|brn
|
|-heal|p2a: Blissey|30/100 brn|[from] item: Leftovers
|-damage|p2a: Blissey|24/100 brn|[from] brn
|upkeep
|turn|89
|
|t:|1760383726
|move|p2a: Blissey|Soft-Boiled|p2a: Blissey
|-heal|p2a: Blissey|74/100 brn
|move|p1a: Lassy|Calm Mind|p1a: Lassy
|-boost|p1a: Lassy|spa|0
|-boost|p1a: Lassy|spd|0
|
|-heal|p2a: Blissey|80/100 brn|[from] item: Leftovers
|-damage|p2a: Blissey|74/100 brn|[from] brn
|upkeep
|turn|90
|
|t:|1760383731
|move|p2a: Blissey|Soft-Boiled|p2a: Blissey
|-heal|p2a: Blissey|100/100 brn
|move|p1a: Lassy|Scald|p2a: Blissey
|-damage|p2a: Blissey|62/100 brn
|
|-heal|p2a: Blissey|68/100 brn|[from] item: Leftovers
|-damage|p2a: Blissey|62/100 brn|[from] brn
|upkeep
|turn|91
|
|t:|1760383733
|-activate|p2a: Blissey|move: Struggle
|move|p2a: Blissey|Struggle|p1a: Lassy
|-damage|p1a: Lassy|99/100 par
|-damage|p2a: Blissey|37/100 brn|[from] recoil
|move|p1a: Lassy|Scald|p2a: Blissey
|-damage|p2a: Blissey|0 fnt
|faint|p2a: Blissey
|
|win|MarxN64
|raw|MarxN64's rating: 1285 &rarr; <strong>1314</strong><br />(+29 for winning)
|raw|bxjjne c's rating: 1336 &rarr; <strong>1313</strong><br />(-23 for losing)
|l|☆bxjjne c
|player|p2|
|l|☆MarxN64
|player|p1|
