|j|☆table_man_10293
|j|☆randompina
|t:|1760330441
|gametype|singles
|player|p1|table_man_10293|bruno-gen1rb|1312
|player|p2|randompina|doctor|1259
|gen|9
|tier|[Gen 9] OU
|rated|
|rule|HP Percentage Mod: HP is shown in percentages
|rule|Endless Battle Clause: Forcing endless battles is banned
|rule|Species Clause: Limit one of each Pokémon
|rule|OHKO Clause: OHKO moves are banned
|rule|Evasion Items Clause: Evasion items are banned
|rule|Evasion Moves Clause: Evasion moves are banned
|rule|Evasion Abilities Clause: Evasion abilities are banned
|rule|Sleep Moves Clause: Sleep-inducing moves are banned
|clearpoke
|poke|p1|Scizor, M|
|poke|p1|Landorus-Therian, M|
|poke|p1|Kingambit, F|
|poke|p1|Ogerpon-Wellspring, F|
|poke|p1|Alomomola, F|
|poke|p1|Sableye, F|
|poke|p2|Ceruledge, M|
|poke|p2|Ninetales-Alola, M|
|poke|p2|Enamorus, F|
|poke|p2|Hydrapple, M|
|poke|p2|Great Tusk|
|poke|p2|Zoroark-Hisui, F|
|teampreview
|
|t:|1760330460
|teamsize|p1|6
|teamsize|p2|6
|start
|switch|p1a: Bob|Scizor, M|100/100
|switch|p2a: Ninetales|Ninetales-Alola, M, shiny|100/100
|-weather|Snowscape|[from] ability: Snow Warning|[of] p2a: Ninetales
|turn|1
|
|t:|1760330469
|switch|p2a: Great Tusk|Great Tusk|100/100
|-enditem|p2a: Great Tusk|Booster Energy
|-activate|p2a: Great Tusk|ability: Protosynthesis|[fromitem]
|-start|p2a: Great Tusk|protosynthesisdef
|move|p1a: Bob|Swords Dance|p1a: Bob
|-boost|p1a: Bob|atk|2
|
|-weather|Snowscape|[upkeep]
|upkeep
|turn|2
|
|t:|1760330490
|move|p1a: Bob|Bullet Punch|p2a: Great Tusk
|-damage|p2a: Great Tusk|65/100
|-damage|p1a: Bob|91/100|[from] item: Life Orb
|move|p2a: Great Tusk|Rapid Spin|p1a: Bob
|-resisted|p1a: Bob
|-damage|p1a: Bob|82/100
|-boost|p2a: Great Tusk|spe|1
|
|-weather|Snowscape|[upkeep]
|upkeep
|turn|3
|
|t:|1760330499
|move|p2a: Great Tusk|Body Press|p1a: Bob
|-damage|p1a: Bob|36/100
|move|p1a: Bob|Close Combat|p2a: Great Tusk
|-damage|p2a: Great Tusk|18/100
|-unboost|p1a: Bob|def|1
|-unboost|p1a: Bob|spd|1
|-damage|p1a: Bob|26/100|[from] item: Life Orb
|
|-weather|Snowscape|[upkeep]
|upkeep
|turn|4
|
|t:|1760330510
|move|p1a: Bob|Bullet Punch|p2a: Great Tusk
|-damage|p2a: Great Tusk|0 fnt
|faint|p2a: Great Tusk
|-end|p2a: Great Tusk|Protosynthesis|[silent]
|-damage|p1a: Bob|16/100|[from] item: Life Orb
|
|-weather|Snowscape|[upkeep]
|upkeep
|
|t:|1760330518
|switch|p2a: Ceruledge|Ceruledge, M|100/100
|turn|5
|
|t:|1760330525
|move|p1a: Bob|Bullet Punch|p2a: Ceruledge
|-resisted|p2a: Ceruledge
|-damage|p2a: Ceruledge|35/100
|-ability|p2a: Ceruledge|Weak Armor|boost
|-unboost|p2a: Ceruledge|def|1
|-boost|p2a: Ceruledge|spe|2
|-damage|p1a: Bob|6/100|[from] item: Life Orb
|move|p2a: Ceruledge|Swords Dance|p2a: Ceruledge
|-boost|p2a: Ceruledge|atk|2
|
|-weather|none
|upkeep
|turn|6
|
|t:|1760330536
|move|p2a: Ceruledge|Shadow Sneak|p1a: Bob
|-damage|p1a: Bob|0 fnt
|faint|p1a: Bob
|
|upkeep
|
|t:|1760330548
|switch|p1a: jamal|Alomomola, F|100/100
|turn|7
|
|t:|1760330554
|move|p2a: Ceruledge|Shadow Claw|p1a: jamal
|-crit|p1a: jamal
|-damage|p1a: jamal|41/100
|move|p1a: jamal|Flip Turn|p2a: Ceruledge
|-supereffective|p2a: Ceruledge
|-damage|p2a: Ceruledge|0 fnt
|faint|p2a: Ceruledge
|
|t:|1760330560
|switch|p1a: iNcEnRoaR?|Landorus-Therian, M|100/100|[from] Flip Turn
|
|upkeep
|
|t:|1760330569
|switch|p2a: Ninetales|Ninetales-Alola, M, shiny|100/100
|-weather|Snowscape|[from] ability: Snow Warning|[of] p2a: Ninetales
|turn|8
|
|t:|1760330578
|switch|p1a: john cena|Sableye, F|100/100
|move|p2a: Ninetales|Blizzard|p1a: john cena
|-damage|p1a: john cena|55/100
|
|-weather|Snowscape|[upkeep]
|upkeep
|turn|9
|
|t:|1760330587
|move|p1a: john cena|Light Screen|p1a: john cena
|-sidestart|p1: table_man_10293|move: Light Screen
|move|p2a: Ninetales|Moonblast|p1a: john cena
|-supereffective|p1a: john cena
|-damage|p1a: john cena|9/100
|-unboost|p1a: john cena|spa|1
|
|-weather|Snowscape|[upkeep]
|upkeep
|turn|10
|
|t:|1760330597
|move|p1a: john cena|Reflect|p1a: john cena
|-sidestart|p1: table_man_10293|Reflect
|move|p2a: Ninetales|Aurora Veil|p2a: Ninetales
|-sidestart|p2: randompina|move: Aurora Veil
|
|-weather|Snowscape|[upkeep]
|upkeep
|turn|11
|
|t:|1760330603
|move|p1a: john cena|Will-O-Wisp|p2a: Ninetales
|-status|p2a: Ninetales|brn
|move|p2a: Ninetales|Blizzard|p1a: john cena
|-damage|p1a: john cena|0 fnt
|faint|p1a: john cena
|
|-weather|Snowscape|[upkeep]
|-damage|p2a: Ninetales|95/100 brn|[from] brn
|upkeep
|
|t:|1760330612
|switch|p1a: samurai|Kingambit, F|100/100
|-activate|p1a: samurai|ability: Supreme Overlord
|-start|p1a: samurai|fallen2|[silent]
|turn|12
|
|t:|1760330620
|move|p2a: Ninetales|Blizzard|p1a: samurai
|-resisted|p1a: samurai
|-damage|p1a: samurai|88/100
|move|p1a: samurai|Swords Dance|p1a: samurai
|-boost|p1a: samurai|atk|2
|
|-weather|none
|-heal|p1a: samurai|95/100|[from] item: Leftovers
|-damage|p2a: Ninetales|89/100 brn|[from] brn
|upkeep
|turn|13
|
|t:|1760330630
|move|p2a: Ninetales|Encore|p1a: samurai
|-start|p1a: samurai|Encore
|move|p1a: samurai|Swords Dance|p1a: samurai
|-boost|p1a: samurai|atk|2
|
|-heal|p1a: samurai|100/100|[from] item: Leftovers
|-damage|p2a: Ninetales|83/100 brn|[from] brn
|upkeep
|turn|14
|
|t:|1760330640
|switch|p2a: Enamorus|Enamorus, F|100/100
|move|p1a: samurai|Swords Dance|p1a: samurai
|-boost|p1a: samurai|atk|2
|
|upkeep
|turn|15
|
|t:|1760330647
|move|p2a: Enamorus|Superpower|p1a: samurai
|-supereffective|p1a: samurai
|-damage|p1a: samurai|49/100
|-boost|p2a: Enamorus|atk|1
|-boost|p2a: Enamorus|def|1
|move|p1a: samurai|Swords Dance|p1a: samurai
|-boost|p1a: samurai|atk|0
|
|-heal|p1a: samurai|55/100|[from] item: Leftovers
|-end|p1a: samurai|Encore
|upkeep
|turn|16
|
|t:|1760330659
|-terastallize|p1a: samurai|Ghost
|move|p2a: Enamorus|Superpower|p1a: samurai
|-immune|p1a: samurai
|move|p1a: samurai|Iron Head|p2a: Enamorus
|-supereffective|p2a: Enamorus
|-damage|p2a: Enamorus|0 fnt
|faint|p2a: Enamorus
|
|-heal|p1a: samurai|61/100|[from] item: Leftovers
|-sideend|p1: table_man_10293|move: Light Screen
|upkeep
|
|t:|1760330667
|switch|p2a: Hydrapple|Hydrapple, M, shiny|100/100
|turn|17
|
|t:|1760330677
|move|p1a: samurai|Sucker Punch|p2a: Hydrapple
|-damage|p2a: Hydrapple|20/100
|move|p2a: Hydrapple|Leaf Storm|p1a: samurai
|-damage|p1a: samurai|0 fnt
|-unboost|p2a: Hydrapple|spa|2
|faint|p1a: samurai
|-end|p1a: samurai|fallen2|[silent]
|
|-sideend|p1: table_man_10293|Reflect
|-sideend|p2: randompina|move: Aurora Veil
|upkeep
|
|t:|1760330688
|switch|p1a: iNcEnRoaR?|Landorus-Therian, M|100/100
|-ability|p1a: iNcEnRoaR?|Intimidate|boost
|-unboost|p2a: Hydrapple|atk|1
|turn|18
|
|t:|1760330692
|switch|p2a: Ninetales|Ninetales-Alola, M, shiny|83/100 brn
|-weather|Snowscape|[from] ability: Snow Warning|[of] p2a: Ninetales
|move|p1a: iNcEnRoaR?|U-turn|p2a: Ninetales
|-resisted|p2a: Ninetales
|-damage|p2a: Ninetales|73/100 brn
|
|t:|1760330699
|switch|p1a: sassy 💅|Ogerpon-Wellspring, F|100/100|[from] U-turn
|
|-weather|Snowscape|[upkeep]
|-damage|p2a: Ninetales|67/100 brn|[from] brn
|upkeep
|turn|19
|
|t:|1760330707
|move|p1a: sassy 💅|Ivy Cudgel|p2a: Ninetales|[anim] Ivy Cudgel Water
|-damage|p2a: Ninetales|9/100 brn
|move|p2a: Ninetales|Aurora Veil|p2a: Ninetales
|-sidestart|p2: randompina|move: Aurora Veil
|
|-weather|Snowscape|[upkeep]
|-damage|p2a: Ninetales|3/100 brn|[from] brn
|upkeep
|turn|20
|
|t:|1760330715
|move|p1a: sassy 💅|U-turn|p2a: Ninetales
|-resisted|p2a: Ninetales
|-damage|p2a: Ninetales|0 fnt
|faint|p2a: Ninetales
|
|t:|1760330718
|switch|p1a: jamal|Alomomola, F|75/100|[from] U-turn
|
|-weather|Snowscape|[upkeep]
|upkeep
|
|t:|1760330726
|switch|p2a: Hydrapple|Hydrapple, M, shiny|53/100
|turn|21
|
|t:|1760330733
|switch|p1a: iNcEnRoaR?|Landorus-Therian, M|100/100
|-ability|p1a: iNcEnRoaR?|Intimidate|boost
|-unboost|p2a: Hydrapple|atk|1
|move|p2a: Hydrapple|Fickle Beam|p1a: iNcEnRoaR?
|-damage|p1a: iNcEnRoaR?|61/100
|
|-weather|Snowscape|[upkeep]
|upkeep
|turn|22
|
|t:|1760330753
|move|p1a: iNcEnRoaR?|U-turn|p2a: Hydrapple
|-supereffective|p2a: Hydrapple
|-damage|p2a: Hydrapple|38/100
|
|t:|1760330756
|switch|p1a: jamal|Alomomola, F|100/100|[from] U-turn
|move|p2a: Hydrapple|Draco Meteor|p1a: jamal
|-damage|p1a: jamal|28/100
|-unboost|p2a: Hydrapple|spa|2
|
|-weather|none
|upkeep
|turn|23
|
|t:|1760330766
|move|p2a: Hydrapple|Leaf Storm|p1a: jamal
|-supereffective|p1a: jamal
|-damage|p1a: jamal|0 fnt
|-unboost|p2a: Hydrapple|spa|2
|faint|p1a: jamal
|
|upkeep
|
|t:|1760330779
|switch|p1a: sassy 💅|Ogerpon-Wellspring, F|100/100
|turn|24
|
|t:|1760330787
|move|p1a: sassy 💅|Knock Off|p2a: Hydrapple
|-damage|p2a: Hydrapple|23/100
|-enditem|p2a: Hydrapple|Assault Vest|[from] move: Knock Off|[of] p1a: sassy 💅
|move|p2a: Hydrapple|Leaf Storm|p1a: sassy 💅
|-damage|p1a: sassy 💅|78/100
|-unboost|p2a: Hydrapple|spa|2
|
|upkeep
|turn|25
|
|t:|1760330797
|move|p1a: sassy 💅|Knock Off|p2a: Hydrapple
|-damage|p2a: Hydrapple|13/100
|move|p2a: Hydrapple|Draco Meteor|p1a: sassy 💅
|-damage|p1a: sassy 💅|57/100
|
|upkeep
|turn|26
|
|t:|1760330805
|move|p1a: sassy 💅|Knock Off|p2a: Hydrapple
|-damage|p2a: Hydrapple|3/100
|move|p2a: Hydrapple|Draco Meteor|p1a: sassy 💅
|-damage|p1a: sassy 💅|38/100
|
|-sideend|p2: randompina|move: Aurora Veil
|upkeep
|turn|27
|
|t:|1760330813
|move|p1a: sassy 💅|U-turn|p2a: Hydrapple
|-supereffective|p2a: Hydrapple
|-damage|p2a: Hydrapple|0 fnt
|faint|p2a: Hydrapple
|inactive|Battle timer is ON: inactive players will automatically lose when time's up. (requested by randompina)
|l|☆randompina
|inactive|randompina disconnected and has a minute to reconnect!
|player|p2|
|
|t:|1760330834
|switch|p1a: iNcEnRoaR?|Landorus-Therian, M|61/100|[from] U-turn
|
|upkeep
|j|☆randompina
|inactive|randompina reconnected and has 150 seconds left.
|player|p2|randompina|doctor|
|
|t:|1760330842
|switch|p2a: Zoroark|Zoroark-Hisui, F|100/100
|turn|28
|
|t:|1760330851
|move|p2a: Zoroark|Nasty Plot|p2a: Zoroark
|-boost|p2a: Zoroark|spa|2
|move|p1a: iNcEnRoaR?|Earth Power|p2a: Zoroark
|-damage|p2a: Zoroark|33/100
|
|upkeep
|turn|29
|
|t:|1760330865
|-terastallize|p2a: Zoroark|Normal
|move|p2a: Zoroark|Hyper Voice|p1a: iNcEnRoaR?
|-damage|p1a: iNcEnRoaR?|0 fnt
|faint|p1a: iNcEnRoaR?
|
|upkeep
|
|t:|1760330869
|switch|p1a: sassy 💅|Ogerpon-Wellspring, F|38/100
|turn|30
|
|t:|1760330874
|move|p1a: sassy 💅|Ivy Cudgel|p2a: Zoroark|[anim] Ivy Cudgel Water
|-damage|p2a: Zoroark|0 fnt
|faint|p2a: Zoroark
|
|win|table_man_10293
|raw|table_man_10293's rating: 1312 &rarr; <strong>1329</strong><br />(+17 for winning)
|raw|randompina's rating: 1259 &rarr; <strong>1238</strong><br />(-21 for losing)
|l|☆table_man_10293
|player|p1|
|l|☆randompina
|player|p2|
