|j|☆AAA grade effort
|j|☆King L5
|t:|1760338866
|gametype|singles
|player|p1|AAA grade effort|twins|1374
|player|p2|King L5|#dcliiinfernalarmory|1438
|gen|9
|tier|[Gen 9] OU
|rated|
|rule|HP Percentage Mod: HP is shown in percentages
|rule|Endless Battle Clause: Forcing endless battles is banned
|rule|Species Clause: Limit one of each Pokémon
|rule|OHKO Clause: OHKO moves are banned
|rule|Evasion Items Clause: Evasion items are banned
|rule|Evasion Moves Clause: Evasion moves are banned
|rule|Evasion Abilities Clause: Evasion abilities are banned
|rule|Sleep Moves Clause: Sleep-inducing moves are banned
|clearpoke
|poke|p1|Gholdengo|
|poke|p1|Dragonite, M|
|poke|p1|Araquanid, M|
|poke|p1|Enamorus, F|
|poke|p1|Great Tusk|
|poke|p1|Honchkrow, M|
|poke|p2|Hippowdon, M|
|poke|p2|Excadrill, F|
|poke|p2|Dragapult, M|
|poke|p2|Kingambit, M|
|poke|p2|Alomomola, F|
|poke|p2|Tinkaton, F|
|teampreview
|inactive|Battle timer is ON: inactive players will automatically lose when time's up. (requested by AAA grade effort)
|
|t:|1760338903
|teamsize|p1|6
|teamsize|p2|6
|start
|switch|p1a: Araquanid|Araquanid, M|100/100
|switch|p2a: SAY IM NOT SMART|Tinkaton, F|100/100
|-ability|p2a: SAY IM NOT SMART|Mold Breaker
|turn|1
|l|☆AAA grade effort
|inactive|AAA grade effort disconnected and has a minute to reconnect!
|player|p1|
|inactive|AAA grade effort has 30 seconds to reconnect!
|j|☆AAA grade effort
|inactive|AAA grade effort reconnected and has 100 seconds left.
|player|p1|AAA grade effort|twins|
|
|t:|1760338959
|move|p2a: SAY IM NOT SMART|Stealth Rock|p1a: Araquanid
|-sidestart|p1: AAA grade effort|move: Stealth Rock
|move|p1a: Araquanid|Sticky Web|p2a: SAY IM NOT SMART
|-sidestart|p2: King L5|move: Sticky Web
|
|upkeep
|turn|2
|
|t:|1760338965
|switch|p1a: Great Tusk|Great Tusk|100/100
|-damage|p1a: Great Tusk|98/100|[from] Stealth Rock
|-enditem|p1a: Great Tusk|Booster Energy
|-activate|p1a: Great Tusk|ability: Protosynthesis|[fromitem]
|-start|p1a: Great Tusk|protosynthesisatk
|move|p2a: SAY IM NOT SMART|Encore||[still]
|-fail|p2a: SAY IM NOT SMART
|
|upkeep
|turn|3
|
|t:|1760338992
|switch|p2a: FISHIN4CRITS|Alomomola, F|100/100
|move|p1a: Great Tusk|Headlong Rush|p2a: FISHIN4CRITS
|-damage|p2a: FISHIN4CRITS|53/100
|-unboost|p1a: Great Tusk|def|1
|-unboost|p1a: Great Tusk|spd|1
|
|upkeep
|turn|4
|
|t:|1760339005
|move|p1a: Great Tusk|Rapid Spin|p2a: FISHIN4CRITS
|-damage|p2a: FISHIN4CRITS|40/100
|-boost|p1a: Great Tusk|spe|1
|-sideend|p1: AAA grade effort|Stealth Rock|[from] move: Rapid Spin|[of] p1a: Great Tusk
|move|p2a: FISHIN4CRITS|Flip Turn|p1a: Great Tusk
|-supereffective|p1a: Great Tusk
|-damage|p1a: Great Tusk|65/100
|inactive|King L5 has 120 seconds left.
|
|t:|1760339027
|switch|p2a: HIPPOCRIT|Hippowdon, M|100/100|[from] Flip Turn
|-activate|p2a: HIPPOCRIT|move: Sticky Web
|-unboost|p2a: HIPPOCRIT|spe|1
|-weather|Sandstorm|[from] ability: Sand Stream|[of] p2a: HIPPOCRIT
|
|-weather|Sandstorm|[upkeep]
|upkeep
|turn|5
|
|t:|1760339035
|move|p1a: Great Tusk|Ice Spinner|p2a: HIPPOCRIT
|-supereffective|p2a: HIPPOCRIT
|-damage|p2a: HIPPOCRIT|48/100
|move|p2a: HIPPOCRIT|Curse|p2a: HIPPOCRIT
|-unboost|p2a: HIPPOCRIT|spe|1
|-boost|p2a: HIPPOCRIT|atk|1
|-boost|p2a: HIPPOCRIT|def|1
|
|-weather|Sandstorm|[upkeep]
|upkeep
|turn|6
|
|t:|1760339039
|move|p1a: Great Tusk|Ice Spinner|p2a: HIPPOCRIT
|-supereffective|p2a: HIPPOCRIT
|-damage|p2a: HIPPOCRIT|11/100
|move|p2a: HIPPOCRIT|Slack Off|p2a: HIPPOCRIT
|-heal|p2a: HIPPOCRIT|61/100
|
|-weather|Sandstorm|[upkeep]
|upkeep
|turn|7
|
|t:|1760339047
|-end|p1a: Great Tusk|Protosynthesis|[silent]
|switch|p1a: Araquanid|Araquanid, M|100/100
|move|p2a: HIPPOCRIT|Slack Off|p2a: HIPPOCRIT
|-heal|p2a: HIPPOCRIT|100/100
|
|-weather|Sandstorm|[upkeep]
|-damage|p1a: Araquanid|94/100|[from] Sandstorm
|upkeep
|turn|8
|
|t:|1760339052
|switch|p2a: FISHIN4CRITS|Alomomola, F|73/100
|move|p1a: Araquanid|Surf|p2a: FISHIN4CRITS
|-resisted|p2a: FISHIN4CRITS
|-damage|p2a: FISHIN4CRITS|57/100
|
|-weather|none
|upkeep
|turn|9
|
|t:|1760339064
|switch|p1a: Gholdengo|Gholdengo|100/100
|-item|p1a: Gholdengo|Air Balloon
|move|p2a: FISHIN4CRITS|Wish|p2a: FISHIN4CRITS
|
|upkeep
|turn|10
|
|t:|1760339077
|switch|p1a: Enamorus|Enamorus, F|100/100
|switch|p2a: BADDY BAD|Kingambit, M|100/100
|-activate|p2a: BADDY BAD|move: Sticky Web
|-unboost|p2a: BADDY BAD|spe|1
|
|upkeep
|turn|11
|c|☆AAA grade effort|def misclicked
|
|t:|1760339101
|-end|p2a: BADDY BAD|fallenundefined|[silent]
|switch|p2a: FISHIN4CRITS|Alomomola, F|90/100
|move|p1a: Enamorus|Superpower|p2a: FISHIN4CRITS
|-damage|p2a: FISHIN4CRITS|74/100
|-boost|p1a: Enamorus|atk|1
|-boost|p1a: Enamorus|def|1
|
|upkeep
|turn|12
|c|☆AAA grade effort|but it works out
|c|☆King L5|#swag
|
|t:|1760339129
|-terastallize|p1a: Enamorus|Stellar
|move|p1a: Enamorus|Tera Blast|p2a: FISHIN4CRITS|[anim] Tera Blast Stellar
|-damage|p2a: FISHIN4CRITS|37/100
|-boost|p1a: Enamorus|atk|1
|-boost|p1a: Enamorus|spa|1
|move|p2a: FISHIN4CRITS|Flip Turn|p1a: Enamorus
|-damage|p1a: Enamorus|83/100
|
|t:|1760339137
|switch|p2a: KENDRICK|Dragapult, M|100/100|[from] Flip Turn
|-activate|p2a: KENDRICK|move: Sticky Web
|-fail|p2a: KENDRICK|unboost|[from] ability: Clear Body|[of] p2a: KENDRICK
|
|upkeep
|turn|13
|
|t:|1760339143
|switch|p1a: Araquanid|Araquanid, M|94/100
|-terastallize|p2a: KENDRICK|Ghost
|move|p2a: KENDRICK|Shadow Ball|p1a: Araquanid
|-crit|p1a: Araquanid
|-damage|p1a: Araquanid|35/100
|
|upkeep
|turn|14
|
|t:|1760339154
|move|p1a: Araquanid|Endure|p1a: Araquanid
|-singleturn|p1a: Araquanid|move: Endure
|move|p2a: KENDRICK|Shadow Ball|p1a: Araquanid
|-activate|p1a: Araquanid|move: Endure
|-damage|p1a: Araquanid|1/100
|
|upkeep
|turn|15
|-enditem|p1a: Araquanid|Custap Berry|[eat]
|-activate|p1a: Araquanid|item: Custap Berry|[consumed]
|
|t:|1760339158
|switch|p2a: FISHIN4CRITS|Alomomola, F|70/100
|move|p1a: Araquanid|Surf|p2a: FISHIN4CRITS
|-resisted|p2a: FISHIN4CRITS
|-damage|p2a: FISHIN4CRITS|55/100
|
|upkeep
|turn|16
|c|☆AAA grade effort|sad that i was crit there but what can ya do
|c|☆King L5|NOTHIN
|
|t:|1760339180
|move|p2a: FISHIN4CRITS|Flip Turn|p1a: Araquanid
|-resisted|p1a: Araquanid
|-damage|p1a: Araquanid|0 fnt
|faint|p1a: Araquanid
|
|t:|1760339199
|switch|p2a: KENDRICK|Dragapult, M, tera:Ghost|100/100|[from] Flip Turn
|-activate|p2a: KENDRICK|move: Sticky Web
|-fail|p2a: KENDRICK|unboost|[from] ability: Clear Body|[of] p2a: KENDRICK
|
|upkeep
|c|☆AAA grade effort|exactlyyy
|
|t:|1760339211
|switch|p1a: Honchkrow|Honchkrow, M|100/100
|turn|17
|
|t:|1760339214
|switch|p2a: SAY IM NOT SMART|Tinkaton, F|100/100
|-activate|p2a: SAY IM NOT SMART|move: Sticky Web
|-unboost|p2a: SAY IM NOT SMART|spe|1
|-ability|p2a: SAY IM NOT SMART|Mold Breaker
|move|p1a: Honchkrow|Night Slash|p2a: SAY IM NOT SMART
|-resisted|p2a: SAY IM NOT SMART
|-damage|p2a: SAY IM NOT SMART|75/100
|-damage|p1a: Honchkrow|84/100|[from] item: Rocky Helmet|[of] p2a: SAY IM NOT SMART
|-damage|p1a: Honchkrow|74/100|[from] item: Life Orb
|
|upkeep
|turn|18
|
|t:|1760339221
|switch|p1a: Great Tusk|Great Tusk|65/100
|move|p2a: SAY IM NOT SMART|Stealth Rock|p1a: Great Tusk
|-sidestart|p1: AAA grade effort|move: Stealth Rock
|
|upkeep
|turn|19
|
|t:|1760339228
|switch|p2a: KENDRICK|Dragapult, M, tera:Ghost|100/100
|-activate|p2a: KENDRICK|move: Sticky Web
|-fail|p2a: KENDRICK|unboost|[from] ability: Clear Body|[of] p2a: KENDRICK
|move|p1a: Great Tusk|Rapid Spin|p2a: KENDRICK
|-immune|p2a: KENDRICK
|
|upkeep
|turn|20
|c|☆King L5|#booyah
|
|t:|1760339237
|-end|p1a: Great Tusk|Protosynthesis|[silent]
|switch|p1a: Honchkrow|Honchkrow, M|74/100
|-damage|p1a: Honchkrow|49/100|[from] Stealth Rock
|move|p2a: KENDRICK|Shadow Ball|p1a: Honchkrow
|-resisted|p1a: Honchkrow
|-damage|p1a: Honchkrow|0 fnt
|faint|p1a: Honchkrow
|
|upkeep
|
|t:|1760339246
|switch|p1a: Dragonite|Dragonite, M|100/100
|-damage|p1a: Dragonite|76/100|[from] Stealth Rock
|turn|21
|
|t:|1760339257
|switch|p2a: HIPPOCRIT|Hippowdon, M|100/100
|-activate|p2a: HIPPOCRIT|move: Sticky Web
|-unboost|p2a: HIPPOCRIT|spe|1
|-weather|Sandstorm|[from] ability: Sand Stream|[of] p2a: HIPPOCRIT
|move|p1a: Dragonite|Scale Shot|p2a: HIPPOCRIT
|-damage|p2a: HIPPOCRIT|90/100
|-damage|p2a: HIPPOCRIT|79/100
|-damage|p2a: HIPPOCRIT|69/100
|-damage|p2a: HIPPOCRIT|57/100
|-damage|p2a: HIPPOCRIT|46/100
|-hitcount|p2a: HIPPOCRIT|5
|-unboost|p1a: Dragonite|def|1
|-boost|p1a: Dragonite|spe|1
|
|-weather|Sandstorm|[upkeep]
|-damage|p1a: Dragonite|70/100|[from] Sandstorm
|upkeep
|turn|22
|
|t:|1760339266
|move|p1a: Dragonite|Scale Shot|p2a: HIPPOCRIT
|-damage|p2a: HIPPOCRIT|35/100
|-damage|p2a: HIPPOCRIT|24/100
|-damage|p2a: HIPPOCRIT|13/100
|-damage|p2a: HIPPOCRIT|2/100
|-hitcount|p2a: HIPPOCRIT|4
|-unboost|p1a: Dragonite|def|1
|-boost|p1a: Dragonite|spe|1
|move|p2a: HIPPOCRIT|Slack Off|p2a: HIPPOCRIT
|-heal|p2a: HIPPOCRIT|52/100
|
|-weather|Sandstorm|[upkeep]
|-damage|p1a: Dragonite|63/100|[from] Sandstorm
|upkeep
|turn|23
|
|t:|1760339286
|switch|p2a: FISHIN4CRITS|Alomomola, F|88/100
|move|p1a: Dragonite|Scale Shot|p2a: FISHIN4CRITS
|-damage|p2a: FISHIN4CRITS|80/100
|-damage|p2a: FISHIN4CRITS|71/100
|-damage|p2a: FISHIN4CRITS|62/100
|-damage|p2a: FISHIN4CRITS|54/100
|-hitcount|p2a: FISHIN4CRITS|4
|-unboost|p1a: Dragonite|def|1
|-boost|p1a: Dragonite|spe|1
|
|-weather|Sandstorm|[upkeep]
|-damage|p1a: Dragonite|57/100|[from] Sandstorm
|-damage|p2a: FISHIN4CRITS|48/100|[from] Sandstorm
|upkeep
|turn|24
|
|t:|1760339297
|move|p1a: Dragonite|Scale Shot|p2a: FISHIN4CRITS
|-damage|p2a: FISHIN4CRITS|39/100
|-damage|p2a: FISHIN4CRITS|29/100
|-damage|p2a: FISHIN4CRITS|20/100
|-damage|p2a: FISHIN4CRITS|11/100
|-damage|p2a: FISHIN4CRITS|2/100
|-hitcount|p2a: FISHIN4CRITS|5
|-unboost|p1a: Dragonite|def|1
|-boost|p1a: Dragonite|spe|1
|move|p2a: FISHIN4CRITS|Wish|p2a: FISHIN4CRITS
|
|-weather|Sandstorm|[upkeep]
|-damage|p1a: Dragonite|51/100|[from] Sandstorm
|-damage|p2a: FISHIN4CRITS|0 fnt|[from] Sandstorm
|faint|p2a: FISHIN4CRITS
|upkeep
|inactive|King L5 has 120 seconds left.
|
|t:|1760339328
|switch|p2a: HIPPOCRIT|Hippowdon, M|52/100
|-activate|p2a: HIPPOCRIT|move: Sticky Web
|-unboost|p2a: HIPPOCRIT|spe|1
|turn|25
|
|t:|1760339337
|move|p1a: Dragonite|Scale Shot|p2a: HIPPOCRIT|[miss]
|-miss|p1a: Dragonite|p2a: HIPPOCRIT
|move|p2a: HIPPOCRIT|Curse|p2a: HIPPOCRIT
|-unboost|p2a: HIPPOCRIT|spe|1
|-boost|p2a: HIPPOCRIT|atk|1
|-boost|p2a: HIPPOCRIT|def|1
|
|-weather|none
|-heal|p2a: HIPPOCRIT|100/100|[from] move: Wish|[wisher] FISHIN4CRITS
|upkeep
|turn|26
|inactive|King L5 has 120 seconds left.
|
|t:|1760339354
|move|p1a: Dragonite|Dragon Dance|p1a: Dragonite
|-boost|p1a: Dragonite|atk|1
|-boost|p1a: Dragonite|spe|1
|move|p2a: HIPPOCRIT|Stone Edge|p1a: Dragonite
|-supereffective|p1a: Dragonite
|-damage|p1a: Dragonite|0 fnt
|faint|p1a: Dragonite
|
|upkeep
|
|t:|1760339359
|switch|p1a: Great Tusk|Great Tusk|65/100
|-damage|p1a: Great Tusk|62/100|[from] Stealth Rock
|turn|27
|
|t:|1760339365
|move|p1a: Great Tusk|Ice Spinner|p2a: HIPPOCRIT
|-supereffective|p2a: HIPPOCRIT
|-damage|p2a: HIPPOCRIT|72/100
|move|p2a: HIPPOCRIT|Earthquake|p1a: Great Tusk
|-damage|p1a: Great Tusk|23/100
|
|upkeep
|turn|28
|
|t:|1760339371
|move|p1a: Great Tusk|Rapid Spin|p2a: HIPPOCRIT
|-damage|p2a: HIPPOCRIT|63/100
|-boost|p1a: Great Tusk|spe|1
|-sideend|p1: AAA grade effort|Stealth Rock|[from] move: Rapid Spin|[of] p1a: Great Tusk
|move|p2a: HIPPOCRIT|Curse|p2a: HIPPOCRIT
|-unboost|p2a: HIPPOCRIT|spe|1
|-boost|p2a: HIPPOCRIT|atk|1
|-boost|p2a: HIPPOCRIT|def|1
|
|upkeep
|turn|29
|
|t:|1760339379
|move|p1a: Great Tusk|Ice Spinner|p2a: HIPPOCRIT
|-supereffective|p2a: HIPPOCRIT
|-damage|p2a: HIPPOCRIT|45/100
|move|p2a: HIPPOCRIT|Slack Off|p2a: HIPPOCRIT
|-heal|p2a: HIPPOCRIT|95/100
|
|upkeep
|turn|30
|
|t:|1760339383
|move|p1a: Great Tusk|Ice Spinner|p2a: HIPPOCRIT
|-supereffective|p2a: HIPPOCRIT
|-damage|p2a: HIPPOCRIT|75/100
|move|p2a: HIPPOCRIT|Curse|p2a: HIPPOCRIT
|-unboost|p2a: HIPPOCRIT|spe|1
|-boost|p2a: HIPPOCRIT|atk|1
|-boost|p2a: HIPPOCRIT|def|1
|
|upkeep
|turn|31
|
|t:|1760339386
|move|p1a: Great Tusk|Ice Spinner|p2a: HIPPOCRIT
|-supereffective|p2a: HIPPOCRIT
|-damage|p2a: HIPPOCRIT|59/100
|move|p2a: HIPPOCRIT|Curse|p2a: HIPPOCRIT
|-unboost|p2a: HIPPOCRIT|spe|1
|-boost|p2a: HIPPOCRIT|atk|1
|-boost|p2a: HIPPOCRIT|def|1
|
|upkeep
|turn|32
|
|t:|1760339390
|move|p1a: Great Tusk|Ice Spinner|p2a: HIPPOCRIT
|-supereffective|p2a: HIPPOCRIT
|-damage|p2a: HIPPOCRIT|46/100
|move|p2a: HIPPOCRIT|Slack Off|p2a: HIPPOCRIT
|-heal|p2a: HIPPOCRIT|96/100
|
|upkeep
|turn|33
|
|t:|1760339393
|move|p1a: Great Tusk|Ice Spinner|p2a: HIPPOCRIT
|-supereffective|p2a: HIPPOCRIT
|-damage|p2a: HIPPOCRIT|81/100
|move|p2a: HIPPOCRIT|Earthquake|p1a: Great Tusk
|-damage|p1a: Great Tusk|0 fnt
|faint|p1a: Great Tusk
|-end|p1a: Great Tusk|Protosynthesis|[silent]
|
|upkeep
|
|t:|1760339398
|switch|p1a: Gholdengo|Gholdengo|100/100
|-item|p1a: Gholdengo|Air Balloon
|turn|34
|
|t:|1760339405
|move|p1a: Gholdengo|Nasty Plot|p1a: Gholdengo
|-boost|p1a: Gholdengo|spa|2
|move|p2a: HIPPOCRIT|Stone Edge|p1a: Gholdengo
|-resisted|p1a: Gholdengo
|-damage|p1a: Gholdengo|61/100
|-enditem|p1a: Gholdengo|Air Balloon
|
|upkeep
|turn|35
|
|t:|1760339413
|move|p1a: Gholdengo|Make It Rain|p2a: HIPPOCRIT
|-damage|p2a: HIPPOCRIT|0 fnt
|-unboost|p1a: Gholdengo|spa|1
|faint|p2a: HIPPOCRIT
|
|upkeep
|
|t:|1760339417
|switch|p2a: KENDRICK|Dragapult, M, tera:Ghost|100/100
|-activate|p2a: KENDRICK|move: Sticky Web
|-fail|p2a: KENDRICK|unboost|[from] ability: Clear Body|[of] p2a: KENDRICK
|turn|36
|
|t:|1760339419
|move|p2a: KENDRICK|Shadow Ball|p1a: Gholdengo
|-supereffective|p1a: Gholdengo
|-damage|p1a: Gholdengo|0 fnt
|faint|p1a: Gholdengo
|
|upkeep
|
|t:|1760339421
|switch|p1a: Enamorus|Enamorus, F, tera:Stellar|83/100
|turn|37
|
|t:|1760339422
|move|p2a: KENDRICK|Shadow Ball|p1a: Enamorus
|-damage|p1a: Enamorus|0 fnt
|faint|p1a: Enamorus
|
|win|King L5
|raw|AAA grade effort's rating: 1350 &rarr; <strong>1335</strong><br />(-15 for losing)
|raw|King L5's rating: 1438 &rarr; <strong>1453</strong><br />(+15 for winning)
|c|☆AAA grade effort|gg
|c|☆King L5|GG!
|l|☆King L5
|player|p2|
|l|☆AAA grade effort
|player|p1|
