|j|☆Ghost_DZ
|j|☆10thPlanett
|t:|1760434584
|gametype|singles
|player|p1|Ghost_DZ|volkner|1595
|player|p2|10thPlanett|alder|1700
|gen|9
|tier|[Gen 9] OU
|rated|
|rule|HP Percentage Mod: HP is shown in percentages
|rule|Endless Battle Clause: Forcing endless battles is banned
|rule|Species Clause: Limit one of each Pokémon
|rule|OHKO Clause: OHKO moves are banned
|rule|Evasion Items Clause: Evasion items are banned
|rule|Evasion Moves Clause: Evasion moves are banned
|rule|Evasion Abilities Clause: Evasion abilities are banned
|rule|Sleep Moves Clause: Sleep-inducing moves are banned
|clearpoke
|poke|p1|Toxapex, M|
|poke|p1|Gliscor, M|
|poke|p1|Blissey, F|
|poke|p1|Dondozo, M|
|poke|p1|Moltres|
|poke|p1|Cresselia, F|
|poke|p2|Dragonite, F|
|poke|p2|Zamazenta-*|
|poke|p2|Araquanid, M|
|poke|p2|Iron Treads|
|poke|p2|Zapdos|
|poke|p2|Glimmora, F|
|teampreview
|inactive|Battle timer is ON: inactive players will automatically lose when time's up. (requested by Ghost_DZ)
|
|t:|1760434595
|teamsize|p1|6
|teamsize|p2|6
|start
|switch|p1a: Gliscor|Gliscor, M|100/100
|switch|p2a: Araquanid|Araquanid, M, shiny|100/100
|turn|1
|
|t:|1760434602
|move|p1a: Gliscor|Spikes|p2a: Araquanid
|-sidestart|p2: 10thPlanett|Spikes
|move|p2a: Araquanid|Surf|p1a: Gliscor
|-supereffective|p1a: Gliscor
|-damage|p1a: Gliscor|0 fnt
|faint|p1a: Gliscor
|
|upkeep
|
|t:|1760434617
|switch|p1a: Toxapex|Toxapex, M|100/100
|turn|2
|
|t:|1760434631
|switch|p2a: Iron Treads|Iron Treads|100/100
|-damage|p2a: Iron Treads|88/100|[from] Spikes
|-enditem|p2a: Iron Treads|Booster Energy
|-activate|p2a: Iron Treads|ability: Quark Drive|[fromitem]
|-start|p2a: Iron Treads|quarkdrivespe
|move|p1a: Toxapex|Toxic|p2a: Iron Treads
|-immune|p2a: Iron Treads
|
|upkeep
|turn|3
|
|t:|1760434641
|switch|p1a: Moltres|Moltres|100/100
|move|p2a: Iron Treads|Earthquake|p1a: Moltres
|-immune|p1a: Moltres
|
|upkeep
|turn|4
|
|t:|1760434649
|move|p2a: Iron Treads|Rapid Spin|p1a: Moltres
|-damage|p1a: Moltres|90/100
|-boost|p2a: Iron Treads|spe|1
|-sideend|p2: 10thPlanett|Spikes|[from] move: Rapid Spin|[of] p2a: Iron Treads
|move|p1a: Moltres|U-turn|p2a: Iron Treads
|-resisted|p2a: Iron Treads
|-damage|p2a: Iron Treads|82/100
|
|t:|1760434653
|switch|p1a: Toxapex|Toxapex, M|100/100|[from] U-turn
|
|upkeep
|turn|5
|
|t:|1760434660
|switch|p1a: Moltres|Moltres|90/100
|move|p2a: Iron Treads|Earthquake|p1a: Moltres
|-immune|p1a: Moltres
|
|upkeep
|turn|6
|
|t:|1760434689
|move|p2a: Iron Treads|Earthquake|p1a: Moltres
|-immune|p1a: Moltres
|move|p1a: Moltres|Will-O-Wisp|p2a: Iron Treads|[miss]
|-miss|p1a: Moltres|p2a: Iron Treads
|
|upkeep
|turn|7
|
|t:|1760434698
|-end|p2a: Iron Treads|Quark Drive|[silent]
|switch|p2a: Araquanid|Araquanid, M, shiny|100/100
|move|p1a: Moltres|U-turn|p2a: Araquanid
|-damage|p2a: Araquanid|85/100
|
|t:|1760434702
|switch|p1a: Toxapex|Toxapex, M|100/100|[from] U-turn
|
|upkeep
|turn|8
|
|t:|1760434709
|move|p2a: Araquanid|Sticky Web|p1a: Toxapex
|-sidestart|p1: Ghost_DZ|move: Sticky Web
|move|p1a: Toxapex|Poison Jab|p2a: Araquanid
|-damage|p2a: Araquanid|65/100
|
|upkeep
|turn|9
|
|t:|1760434717
|move|p2a: Araquanid|Endeavor|p1a: Toxapex
|-damage|p1a: Toxapex|73/100
|move|p1a: Toxapex|Toxic|p2a: Araquanid
|-status|p2a: Araquanid|tox
|
|-damage|p2a: Araquanid|59/100 tox|[from] psn
|upkeep
|turn|10
|
|t:|1760434730
|move|p2a: Araquanid|Endeavor|p1a: Toxapex
|-damage|p1a: Toxapex|67/100
|move|p1a: Toxapex|Toxic Spikes|p2a: Araquanid
|-sidestart|p2: 10thPlanett|move: Toxic Spikes
|
|-damage|p2a: Araquanid|47/100 tox|[from] psn
|upkeep
|turn|11
|
|t:|1760434740
|switch|p2a: Glimmora|Glimmora, F|100/100
|-sideend|p2: 10thPlanett|move: Toxic Spikes|[of] p2a: Glimmora
|move|p1a: Toxapex|Baneful Bunker||[still]
|-fail|p1a: Toxapex
|
|upkeep
|turn|12
|
|t:|1760434749
|switch|p1a: Blissey|Blissey, F|100/100
|move|p2a: Glimmora|Power Gem|p1a: Blissey
|-damage|p1a: Blissey|89/100
|
|upkeep
|turn|13
|
|t:|1760434757
|switch|p2a: Iron Treads|Iron Treads|82/100
|move|p1a: Blissey|Stealth Rock|p2a: Iron Treads
|-sidestart|p2: 10thPlanett|move: Stealth Rock
|
|upkeep
|turn|14
|
|t:|1760434763
|switch|p1a: Moltres|Moltres|90/100
|move|p2a: Iron Treads|Rapid Spin|p1a: Moltres
|-damage|p1a: Moltres|80/100
|-boost|p2a: Iron Treads|spe|1
|-status|p2a: Iron Treads|brn|[from] ability: Flame Body|[of] p1a: Moltres
|-sideend|p2: 10thPlanett|Stealth Rock|[from] move: Rapid Spin|[of] p2a: Iron Treads
|
|-damage|p2a: Iron Treads|76/100 brn|[from] brn
|upkeep
|turn|15
|
|t:|1760434776
|move|p2a: Iron Treads|Ice Spinner|p1a: Moltres
|-damage|p1a: Moltres|71/100
|move|p1a: Moltres|U-turn|p2a: Iron Treads
|-resisted|p2a: Iron Treads
|-damage|p2a: Iron Treads|69/100 brn
|
|t:|1760434785
|switch|p1a: Toxapex|Toxapex, M|99/100|[from] U-turn
|
|-damage|p2a: Iron Treads|63/100 brn|[from] brn
|upkeep
|turn|16
|
|t:|1760434792
|move|p2a: Iron Treads|Earthquake|p1a: Toxapex
|-supereffective|p1a: Toxapex
|-damage|p1a: Toxapex|73/100
|move|p1a: Toxapex|Toxic Spikes|p2a: Iron Treads
|-sidestart|p2: 10thPlanett|move: Toxic Spikes
|
|-damage|p2a: Iron Treads|57/100 brn|[from] brn
|upkeep
|turn|17
|
|t:|1760434800
|switch|p1a: Moltres|Moltres|71/100
|move|p2a: Iron Treads|Rapid Spin|p1a: Moltres
|-damage|p1a: Moltres|65/100
|-boost|p2a: Iron Treads|spe|1
|-sideend|p2: 10thPlanett|Toxic Spikes|[from] move: Rapid Spin|[of] p2a: Iron Treads
|
|-damage|p2a: Iron Treads|51/100 brn|[from] brn
|upkeep
|turn|18
|
|t:|1760434809
|move|p2a: Iron Treads|Endeavor|p1a: Moltres
|-damage|p1a: Moltres|43/100
|move|p1a: Moltres|Flamethrower|p2a: Iron Treads
|-supereffective|p2a: Iron Treads
|-damage|p2a: Iron Treads|0 fnt
|faint|p2a: Iron Treads
|-end|p2a: Iron Treads|Quark Drive|[silent]
|
|upkeep
|
|t:|1760434837
|switch|p2a: Araquanid|Araquanid, M, shiny|47/100 tox
|turn|19
|
|t:|1760434841
|switch|p1a: Toxapex|Toxapex, M|100/100
|move|p2a: Araquanid|Surf|p1a: Toxapex
|-resisted|p1a: Toxapex
|-damage|p1a: Toxapex|76/100
|
|-damage|p2a: Araquanid|41/100 tox|[from] psn
|upkeep
|turn|20
|
|t:|1760434850
|move|p2a: Araquanid|Endeavor|p1a: Toxapex
|-damage|p1a: Toxapex|46/100
|move|p1a: Toxapex|Toxic Spikes|p2a: Araquanid
|-sidestart|p2: 10thPlanett|move: Toxic Spikes
|
|-damage|p2a: Araquanid|28/100 tox|[from] psn
|upkeep
|turn|21
|
|t:|1760434858
|move|p1a: Toxapex|Baneful Bunker|p1a: Toxapex
|-singleturn|p1a: Toxapex|move: Protect
|move|p2a: Araquanid|Surf|p1a: Toxapex
|-activate|p1a: Toxapex|move: Protect
|
|-damage|p2a: Araquanid|10/100 tox|[from] psn
|upkeep
|turn|22
|-enditem|p2a: Araquanid|Custap Berry|[eat]
|-activate|p2a: Araquanid|item: Custap Berry|[consumed]
|
|t:|1760434878
|move|p1a: Toxapex|Baneful Bunker|p1a: Toxapex
|-singleturn|p1a: Toxapex|move: Protect
|move|p2a: Araquanid|Endeavor|p1a: Toxapex
|-activate|p1a: Toxapex|move: Protect
|
|-damage|p2a: Araquanid|0 fnt|[from] psn
|faint|p2a: Araquanid
|upkeep
|
|t:|1760434895
|switch|p2a: Dragonite|Dragonite, F, shiny|100/100
|turn|23
|inactive|Ghost_DZ has 120 seconds left.
|l|☆10thPlanett
|inactive|10thPlanett disconnected and has a minute to reconnect!
|player|p2|
|j|☆10thPlanett
|inactive|10thPlanett reconnected.
|player|p2|10thPlanett|alder|
|
|t:|1760434952
|switch|p1a: Moltres|Moltres|43/100
|move|p2a: Dragonite|Outrage|p1a: Moltres
|-damage|p1a: Moltres|0 fnt
|-status|p2a: Dragonite|brn|[from] ability: Flame Body|[of] p1a: Moltres
|faint|p1a: Moltres
|
|-damage|p2a: Dragonite|94/100 brn|[from] brn
|upkeep
|inactive|Ghost_DZ has 90 seconds left.
|
|t:|1760434965
|switch|p1a: Toxapex|Toxapex, M|79/100
|turn|24
|
|t:|1760434972
|move|p2a: Dragonite|Outrage|p1a: Toxapex|[from] lockedmove
|-damage|p1a: Toxapex|46/100
|move|p1a: Toxapex|Poison Jab|p2a: Dragonite
|-damage|p2a: Dragonite|76/100 brn
|
|-damage|p2a: Dragonite|70/100 brn|[from] brn
|upkeep
|turn|25
|
|t:|1760434986
|move|p1a: Toxapex|Baneful Bunker|p1a: Toxapex
|-singleturn|p1a: Toxapex|move: Protect
|move|p2a: Dragonite|Outrage|p1a: Toxapex|[from] lockedmove
|-activate|p1a: Toxapex|move: Protect
|-start|p2a: Dragonite|confusion|[fatigue]
|
|-damage|p2a: Dragonite|64/100 brn|[from] brn
|upkeep
|turn|26
|
|t:|1760434996
|switch|p1a: Dondozo|Dondozo, M|100/100
|-activate|p2a: Dragonite|confusion
|-damage|p2a: Dragonite|50/100 brn|[from] confusion
|
|-damage|p2a: Dragonite|44/100 brn|[from] brn
|upkeep
|turn|27
|
|t:|1760435006
|switch|p2a: Zapdos|Zapdos|100/100
|move|p1a: Dondozo|Waterfall|p2a: Zapdos
|-damage|p2a: Zapdos|82/100
|-status|p1a: Dondozo|par|[from] ability: Static|[of] p2a: Zapdos
|
|upkeep
|turn|28
|
|t:|1760435014
|switch|p1a: Blissey|Blissey, F|89/100
|move|p2a: Zapdos|Thunderbolt|p1a: Blissey
|-damage|p1a: Blissey|78/100
|
|upkeep
|turn|29
|
|t:|1760435022
|switch|p2a: Dragonite|Dragonite, F, shiny|44/100 brn
|move|p1a: Blissey|Stealth Rock|p2a: Dragonite
|-sidestart|p2: 10thPlanett|move: Stealth Rock
|
|-damage|p2a: Dragonite|38/100 brn|[from] brn
|upkeep
|turn|30
|
|t:|1760435030
|switch|p1a: Toxapex|Toxapex, M|80/100
|move|p2a: Dragonite|Outrage|p1a: Toxapex
|-damage|p1a: Toxapex|51/100
|
|-damage|p2a: Dragonite|32/100 brn|[from] brn
|upkeep
|turn|31
|
|t:|1760435039
|move|p1a: Toxapex|Baneful Bunker|p1a: Toxapex
|-singleturn|p1a: Toxapex|move: Protect
|move|p2a: Dragonite|Outrage|p1a: Toxapex|[from] lockedmove
|-activate|p1a: Toxapex|move: Protect
|-start|p2a: Dragonite|confusion|[fatigue]
|
|-damage|p2a: Dragonite|25/100 brn|[from] brn
|upkeep
|turn|32
|
|t:|1760435049
|-activate|p2a: Dragonite|confusion
|-damage|p2a: Dragonite|11/100 brn|[from] confusion
|move|p1a: Toxapex|Toxic||[still]
|-fail|p1a: Toxapex
|
|-damage|p2a: Dragonite|5/100 brn|[from] brn
|upkeep
|turn|33
|
|t:|1760435056
|move|p1a: Toxapex|Baneful Bunker|p1a: Toxapex
|-singleturn|p1a: Toxapex|move: Protect
|-end|p2a: Dragonite|confusion
|move|p2a: Dragonite|Outrage|p1a: Toxapex
|-activate|p1a: Toxapex|move: Protect
|
|-damage|p2a: Dragonite|0 fnt|[from] brn
|faint|p2a: Dragonite
|upkeep
|
|t:|1760435068
|switch|p2a: Glimmora|Glimmora, F|100/100
|-sideend|p2: 10thPlanett|move: Toxic Spikes|[of] p2a: Glimmora
|-damage|p2a: Glimmora|88/100|[from] Stealth Rock
|turn|34
|
|t:|1760435073
|switch|p1a: Blissey|Blissey, F|78/100
|move|p2a: Glimmora|Earth Power|p1a: Blissey
|-damage|p1a: Blissey|70/100
|
|upkeep
|turn|35
|
|t:|1760435081
|switch|p2a: Zamazenta|Zamazenta|100/100
|-damage|p2a: Zamazenta|94/100|[from] Stealth Rock
|-ability|p2a: Zamazenta|Dauntless Shield|boost
|-boost|p2a: Zamazenta|def|1
|move|p1a: Blissey|Seismic Toss|p2a: Zamazenta
|-damage|p2a: Zamazenta|64/100
|
|upkeep
|turn|36
|
|t:|1760435091
|switch|p1a: Toxapex|Toxapex, M|84/100
|move|p2a: Zamazenta|Stone Edge|p1a: Toxapex
|-crit|p1a: Toxapex
|-damage|p1a: Toxapex|54/100
|
|upkeep
|turn|37
|
|t:|1760435102
|-terastallize|p2a: Zamazenta|Steel
|move|p1a: Toxapex|Baneful Bunker|p1a: Toxapex
|-singleturn|p1a: Toxapex|move: Protect
|move|p2a: Zamazenta|Stone Edge|p1a: Toxapex
|-activate|p1a: Toxapex|move: Protect
|
|upkeep
|turn|38
|
|t:|1760435133
|move|p2a: Zamazenta|Stone Edge|p1a: Toxapex
|-damage|p1a: Toxapex|33/100
|move|p1a: Toxapex|Toxic Spikes|p2a: Zamazenta
|-sidestart|p2: 10thPlanett|move: Toxic Spikes
|
|upkeep
|turn|39
|
|t:|1760435139
|switch|p1a: Dondozo|Dondozo, M|100/100 par
|move|p2a: Zamazenta|Stone Edge|p1a: Dondozo
|-damage|p1a: Dondozo|86/100 par
|
|upkeep
|turn|40
|
|t:|1760435146
|move|p2a: Zamazenta|Close Combat|p1a: Dondozo
|-damage|p1a: Dondozo|60/100 par
|-unboost|p2a: Zamazenta|def|1
|-unboost|p2a: Zamazenta|spd|1
|move|p1a: Dondozo|Curse|p1a: Dondozo
|-unboost|p1a: Dondozo|spe|1
|-boost|p1a: Dondozo|atk|1
|-boost|p1a: Dondozo|def|1
|
|upkeep
|turn|41
|
|t:|1760435156
|switch|p2a: Glimmora|Glimmora, F|88/100
|-damage|p2a: Glimmora|76/100|[from] Stealth Rock
|-sideend|p2: 10thPlanett|move: Toxic Spikes|[of] p2a: Glimmora
|move|p1a: Dondozo|Rest|p1a: Dondozo
|-status|p1a: Dondozo|slp|[from] move: Rest
|-heal|p1a: Dondozo|100/100 slp|[silent]
|
|upkeep
|turn|42
|
|t:|1760435166
|move|p2a: Glimmora|Sludge Wave|p1a: Dondozo
|-damage|p1a: Dondozo|49/100 slp
|cant|p1a: Dondozo|slp
|move|p1a: Dondozo|Sleep Talk|p1a: Dondozo
|move|p1a: Dondozo|Waterfall|p2a: Glimmora|[from] move: Sleep Talk
|-supereffective|p2a: Glimmora
|-damage|p2a: Glimmora|0 fnt
|-activate|p2a: Glimmora|ability: Toxic Debris
|-sidestart|p1: Ghost_DZ|move: Toxic Spikes
|faint|p2a: Glimmora
|
|upkeep
|
|t:|1760435179
|switch|p2a: Zamazenta|Zamazenta, tera:Steel|64/100
|-damage|p2a: Zamazenta|57/100|[from] Stealth Rock
|turn|43
|
|t:|1760435184
|switch|p1a: Toxapex|Toxapex, M|66/100
|-sideend|p1: Ghost_DZ|move: Toxic Spikes|[of] p1a: Toxapex
|move|p2a: Zamazenta|Close Combat|p1a: Toxapex
|-resisted|p1a: Toxapex
|-damage|p1a: Toxapex|49/100
|-unboost|p2a: Zamazenta|def|1
|-unboost|p2a: Zamazenta|spd|1
|
|upkeep
|turn|44
|
|t:|1760435202
|switch|p1a: Dondozo|Dondozo, M|49/100 slp
|move|p2a: Zamazenta|Stone Edge|p1a: Dondozo
|-damage|p1a: Dondozo|36/100 slp
|
|upkeep
|turn|45
|
|t:|1760435209
|move|p2a: Zamazenta|Close Combat|p1a: Dondozo
|-damage|p1a: Dondozo|7/100 slp
|-unboost|p2a: Zamazenta|def|1
|-unboost|p2a: Zamazenta|spd|1
|cant|p1a: Dondozo|slp
|move|p1a: Dondozo|Sleep Talk|p1a: Dondozo
|move|p1a: Dondozo|Waterfall|p2a: Zamazenta|[from] move: Sleep Talk
|-damage|p2a: Zamazenta|34/100
|
|upkeep
|turn|46
|
|t:|1760435220
|move|p2a: Zamazenta|Crunch|p1a: Dondozo
|-damage|p1a: Dondozo|0 fnt
|faint|p1a: Dondozo
|
|upkeep
|
|t:|1760435223
|switch|p1a: Cresselia|Cresselia, F|100/100
|turn|47
|
|t:|1760435230
|switch|p2a: Zapdos|Zapdos|82/100
|move|p1a: Cresselia|Calm Mind|p1a: Cresselia
|-boost|p1a: Cresselia|spa|1
|-boost|p1a: Cresselia|spd|1
|
|upkeep
|turn|48
|
|t:|1760435238
|move|p2a: Zapdos|Hurricane|p1a: Cresselia
|-damage|p1a: Cresselia|84/100
|move|p1a: Cresselia|Calm Mind|p1a: Cresselia
|-boost|p1a: Cresselia|spa|1
|-boost|p1a: Cresselia|spd|1
|
|upkeep
|turn|49
|-message|10thPlanett forfeited.
|
|win|Ghost_DZ
|raw|Ghost_DZ's rating: 1595 &rarr; <strong>1621</strong><br />(+26 for winning)
|raw|10thPlanett's rating: 1700 &rarr; <strong>1674</strong><br />(-26 for losing)
|l|☆10thPlanett
|player|p2|
|l|☆Ghost_DZ
|player|p1|
