|j|☆judeus911
|j|☆YQMXLL
|t:|1760415298
|gametype|singles
|player|p1|judeus911|ghetsis|1438
|player|p2|YQMXLL|266|1431
|gen|9
|tier|[Gen 9] OU
|rated|
|rule|HP Percentage Mod: HP is shown in percentages
|rule|Endless Battle Clause: Forcing endless battles is banned
|rule|Species Clause: Limit one of each Pokémon
|rule|OHKO Clause: OHKO moves are banned
|rule|Evasion Items Clause: Evasion items are banned
|rule|Evasion Moves Clause: Evasion moves are banned
|rule|Evasion Abilities Clause: Evasion abilities are banned
|rule|Sleep Moves Clause: Sleep-inducing moves are banned
|clearpoke
|poke|p1|Kingambit, M|
|poke|p1|Deoxys-Speed|
|poke|p1|Great Tusk|
|poke|p1|Dragonite, F|
|poke|p1|Iron Moth|
|poke|p1|Primarina, M|
|poke|p2|Alomomola, F|
|poke|p2|Dondozo, M|
|poke|p2|Gliscor, F|
|poke|p2|Toxapex, M|
|poke|p2|Corviknight, M|
|poke|p2|Chansey, F|
|teampreview
|
|t:|1760415316
|teamsize|p1|6
|teamsize|p2|6
|start
|switch|p1a: Deoxys|Deoxys-Speed|100/100
|switch|p2a: Toxapex|Toxapex, M|100/100
|-ability|p1a: Deoxys|Pressure
|turn|1
|
|t:|1760415322
|move|p2a: Toxapex|Baneful Bunker|p2a: Toxapex
|-singleturn|p2a: Toxapex|move: Protect
|move|p1a: Deoxys|Psycho Boost|p2a: Toxapex
|-activate|p2a: Toxapex|move: Protect
|
|upkeep
|turn|2
|
|t:|1760415337
|switch|p2a: Alomomola|Alomomola, F|100/100
|move|p1a: Deoxys|Psycho Boost|p2a: Alomomola
|-damage|p2a: Alomomola|37/100
|-unboost|p1a: Deoxys|spa|2
|-damage|p1a: Deoxys|91/100|[from] item: Life Orb
|
|upkeep
|turn|3
|
|t:|1760415350
|switch|p1a: Primarina|Primarina, M|100/100
|switch|p2a: Toxapex|Toxapex, M|100/100
|
|upkeep
|turn|4
|
|t:|1760415369
|switch|p2a: Gliscor|Gliscor, F|100/100
|move|p1a: Primarina|Psychic Noise|p2a: Gliscor
|-damage|p2a: Gliscor|60/100
|-start|p2a: Gliscor|move: Heal Block
|
|-status|p2a: Gliscor|tox|[from] item: Toxic Orb
|upkeep
|turn|5
|
|t:|1760415397
|switch|p2a: Alomomola|Alomomola, F|71/100
|move|p1a: Primarina|Surf|p2a: Alomomola
|-resisted|p2a: Alomomola
|-damage|p2a: Alomomola|52/100
|
|upkeep
|turn|6
|
|t:|1760415410
|move|p1a: Primarina|Moonblast|p2a: Alomomola
|-damage|p2a: Alomomola|12/100
|-unboost|p2a: Alomomola|spa|1
|move|p2a: Alomomola|Flip Turn|p1a: Primarina
|-resisted|p1a: Primarina
|-damage|p1a: Primarina|90/100
|
|t:|1760415413
|switch|p2a: Toxapex|Toxapex, M|100/100|[from] Flip Turn
|
|upkeep
|turn|7
|
|t:|1760415421
|switch|p2a: Alomomola|Alomomola, F|45/100
|move|p1a: Primarina|Psychic Noise|p2a: Alomomola
|-damage|p2a: Alomomola|24/100
|-start|p2a: Alomomola|move: Heal Block
|
|upkeep
|turn|8
|
|t:|1760415430
|switch|p2a: Toxapex|Toxapex, M|100/100
|move|p1a: Primarina|Psychic Noise|p2a: Toxapex
|-supereffective|p2a: Toxapex
|-damage|p2a: Toxapex|63/100
|-start|p2a: Toxapex|move: Heal Block
|
|upkeep
|turn|9
|
|t:|1760415437
|move|p1a: Primarina|Psychic Noise|p2a: Toxapex
|-supereffective|p2a: Toxapex
|-damage|p2a: Toxapex|21/100
|move|p2a: Toxapex|Toxic|p1a: Primarina
|-status|p1a: Primarina|tox
|
|-damage|p1a: Primarina|84/100 tox|[from] psn
|-end|p2a: Toxapex|move: Heal Block
|upkeep
|turn|10
|
|t:|1760415446
|move|p2a: Toxapex|Baneful Bunker|p2a: Toxapex
|-singleturn|p2a: Toxapex|move: Protect
|move|p1a: Primarina|Psychic Noise|p2a: Toxapex
|-activate|p2a: Toxapex|move: Protect
|
|-damage|p1a: Primarina|71/100 tox|[from] psn
|upkeep
|turn|11
|
|t:|1760415453
|switch|p2a: Alomomola|Alomomola, F|57/100
|move|p1a: Primarina|Psychic Noise|p2a: Alomomola
|-damage|p2a: Alomomola|36/100
|-start|p2a: Alomomola|move: Heal Block
|
|-damage|p1a: Primarina|52/100 tox|[from] psn
|upkeep
|turn|12
|
|t:|1760415463
|switch|p2a: Chansey|Chansey, F|100/100
|move|p1a: Primarina|Psychic Noise|p2a: Chansey
|-damage|p2a: Chansey|94/100
|-start|p2a: Chansey|move: Heal Block
|
|-damage|p1a: Primarina|27/100 tox|[from] psn
|upkeep
|turn|13
|
|t:|1760415474
|switch|p1a: Deoxys|Deoxys-Speed|91/100
|-ability|p1a: Deoxys|Pressure
|switch|p2a: Alomomola|Alomomola, F|69/100
|
|upkeep
|turn|14
|
|t:|1760415483
|move|p2a: Alomomola|Protect|p2a: Alomomola
|-singleturn|p2a: Alomomola|Protect
|move|p1a: Deoxys|Psycho Boost|p2a: Alomomola
|-activate|p2a: Alomomola|move: Protect
|
|upkeep
|turn|15
|inactive|Battle timer is ON: inactive players will automatically lose when time's up. (requested by judeus911)
|
|t:|1760415512
|switch|p2a: Chansey|Chansey, F|94/100
|move|p1a: Deoxys|Nasty Plot|p1a: Deoxys
|-boost|p1a: Deoxys|spa|2
|
|upkeep
|turn|16
|
|t:|1760415524
|-terastallize|p2a: Chansey|Dark
|move|p1a: Deoxys|Focus Blast|p2a: Chansey
|-supereffective|p2a: Chansey
|-damage|p2a: Chansey|51/100
|-damage|p1a: Deoxys|81/100|[from] item: Life Orb
|move|p2a: Chansey|Seismic Toss|p1a: Deoxys
|-damage|p1a: Deoxys|41/100
|
|upkeep
|turn|17
|
|t:|1760415533
|move|p1a: Deoxys|Focus Blast|p2a: Chansey
|-supereffective|p2a: Chansey
|-damage|p2a: Chansey|11/100
|-damage|p1a: Deoxys|31/100|[from] item: Life Orb
|move|p2a: Chansey|Soft-Boiled|p2a: Chansey
|-heal|p2a: Chansey|61/100
|
|upkeep
|turn|18
|
|t:|1760415545
|switch|p1a: Great Tusk|Great Tusk|100/100
|-enditem|p1a: Great Tusk|Booster Energy
|-activate|p1a: Great Tusk|ability: Protosynthesis|[fromitem]
|-start|p1a: Great Tusk|protosynthesisatk
|move|p2a: Chansey|Soft-Boiled|p2a: Chansey
|-heal|p2a: Chansey|100/100
|
|upkeep
|turn|19
|
|t:|1760415555
|switch|p2a: Corviknight|Corviknight, M|100/100
|-ability|p2a: Corviknight|Pressure
|move|p1a: Great Tusk|Close Combat|p2a: Corviknight
|-damage|p2a: Corviknight|51/100
|-unboost|p1a: Great Tusk|def|1
|-unboost|p1a: Great Tusk|spd|1
|
|upkeep
|turn|20
|
|t:|1760415580
|-end|p1a: Great Tusk|Protosynthesis|[silent]
|switch|p1a: Primarina|Primarina, M|27/100 tox
|move|p2a: Corviknight|Roost|p2a: Corviknight
|-heal|p2a: Corviknight|100/100
|-singleturn|p2a: Corviknight|move: Roost
|
|-damage|p1a: Primarina|21/100 tox|[from] psn
|upkeep
|turn|21
|
|t:|1760415587
|switch|p2a: Alomomola|Alomomola, F|100/100
|move|p1a: Primarina|Psychic Noise|p2a: Alomomola
|-damage|p2a: Alomomola|77/100
|-start|p2a: Alomomola|move: Heal Block
|
|-damage|p1a: Primarina|9/100 tox|[from] psn
|upkeep
|turn|22
|
|t:|1760415600
|move|p1a: Primarina|Moonblast|p2a: Alomomola
|-damage|p2a: Alomomola|34/100
|-unboost|p2a: Alomomola|spa|1
|move|p2a: Alomomola|Flip Turn|p1a: Primarina
|-resisted|p1a: Primarina
|-damage|p1a: Primarina|0 fnt
|faint|p1a: Primarina
|
|t:|1760415606
|switch|p2a: Toxapex|Toxapex, M|54/100|[from] Flip Turn
|
|upkeep
|
|t:|1760415610
|switch|p1a: Deoxys|Deoxys-Speed|31/100
|-ability|p1a: Deoxys|Pressure
|turn|23
|
|t:|1760415617
|switch|p2a: Chansey|Chansey, F, tera:Dark|100/100
|move|p1a: Deoxys|Shadow Ball|p2a: Chansey
|-resisted|p2a: Chansey
|-crit|p2a: Chansey
|-damage|p2a: Chansey|95/100
|-damage|p1a: Deoxys|21/100|[from] item: Life Orb
|
|upkeep
|turn|24
|
|t:|1760415632
|switch|p1a: Great Tusk|Great Tusk|100/100
|move|p2a: Chansey|Seismic Toss|p1a: Great Tusk
|-damage|p1a: Great Tusk|74/100
|
|upkeep
|turn|25
|
|t:|1760415649
|switch|p2a: Corviknight|Corviknight, M|100/100
|-ability|p2a: Corviknight|Pressure
|move|p1a: Great Tusk|Close Combat|p2a: Corviknight
|-damage|p2a: Corviknight|60/100
|-unboost|p1a: Great Tusk|def|1
|-unboost|p1a: Great Tusk|spd|1
|
|upkeep
|turn|26
|
|t:|1760415659
|move|p1a: Great Tusk|Close Combat|p2a: Corviknight
|-damage|p2a: Corviknight|21/100
|-unboost|p1a: Great Tusk|def|1
|-unboost|p1a: Great Tusk|spd|1
|move|p2a: Corviknight|Roost|p2a: Corviknight
|-heal|p2a: Corviknight|71/100
|-singleturn|p2a: Corviknight|move: Roost
|
|upkeep
|turn|27
|
|t:|1760415676
|move|p1a: Great Tusk|Close Combat|p2a: Corviknight
|-damage|p2a: Corviknight|36/100
|-unboost|p1a: Great Tusk|def|1
|-unboost|p1a: Great Tusk|spd|1
|move|p2a: Corviknight|Roost|p2a: Corviknight
|-heal|p2a: Corviknight|86/100
|-singleturn|p2a: Corviknight|move: Roost
|
|upkeep
|turn|28
|
|t:|1760415691
|-end|p1a: Great Tusk|Protosynthesis|[silent]
|switch|p1a: Iron Moth|Iron Moth|100/100
|-enditem|p1a: Iron Moth|Booster Energy
|-activate|p1a: Iron Moth|ability: Quark Drive|[fromitem]
|-start|p1a: Iron Moth|quarkdrivespe
|switch|p2a: Gliscor|Gliscor, F|60/100 tox
|
|-heal|p2a: Gliscor|73/100 tox|[from] ability: Poison Heal
|upkeep
|turn|29
|
|t:|1760415704
|switch|p2a: Chansey|Chansey, F, tera:Dark|95/100
|move|p1a: Iron Moth|Toxic Spikes|p2a: Chansey
|-sidestart|p2: YQMXLL|move: Toxic Spikes
|
|upkeep
|turn|30
|
|t:|1760415710
|move|p1a: Iron Moth|Fiery Dance|p2a: Chansey
|-damage|p2a: Chansey|87/100
|-boost|p1a: Iron Moth|spa|1
|move|p2a: Chansey|Calm Mind|p2a: Chansey
|-boost|p2a: Chansey|spa|1
|-boost|p2a: Chansey|spd|1
|
|upkeep
|turn|31
|
|t:|1760415717
|move|p1a: Iron Moth|Fiery Dance|p2a: Chansey
|-damage|p2a: Chansey|76/100
|-boost|p1a: Iron Moth|spa|1
|move|p2a: Chansey|Seismic Toss|p1a: Iron Moth
|-damage|p1a: Iron Moth|67/100
|
|upkeep
|turn|32
|
|t:|1760415724
|move|p1a: Iron Moth|Sludge Wave|p2a: Chansey
|-damage|p2a: Chansey|61/100
|move|p2a: Chansey|Calm Mind|p2a: Chansey
|-boost|p2a: Chansey|spa|1
|-boost|p2a: Chansey|spd|1
|
|upkeep
|turn|33
|
|t:|1760415729
|move|p1a: Iron Moth|Sludge Wave|p2a: Chansey
|-damage|p2a: Chansey|50/100
|move|p2a: Chansey|Soft-Boiled|p2a: Chansey
|-heal|p2a: Chansey|100/100
|
|upkeep
|turn|34
|
|t:|1760415735
|move|p1a: Iron Moth|Fiery Dance|p2a: Chansey
|-crit|p2a: Chansey
|-damage|p2a: Chansey|75/100
|-boost|p1a: Iron Moth|spa|1
|move|p2a: Chansey|Seismic Toss|p1a: Iron Moth
|-damage|p1a: Iron Moth|34/100
|
|upkeep
|turn|35
|
|t:|1760415744
|move|p1a: Iron Moth|Fiery Dance|p2a: Chansey
|-damage|p2a: Chansey|64/100
|-boost|p1a: Iron Moth|spa|1
|move|p2a: Chansey|Calm Mind|p2a: Chansey
|-boost|p2a: Chansey|spa|1
|-boost|p2a: Chansey|spd|1
|
|upkeep
|turn|36
|
|t:|1760415755
|move|p1a: Iron Moth|Fiery Dance|p2a: Chansey
|-damage|p2a: Chansey|52/100
|move|p2a: Chansey|Soft-Boiled|p2a: Chansey
|-heal|p2a: Chansey|100/100
|
|upkeep
|turn|37
|
|t:|1760415762
|move|p1a: Iron Moth|Sludge Wave|p2a: Chansey
|-damage|p2a: Chansey|87/100
|move|p2a: Chansey|Seismic Toss|p1a: Iron Moth
|-damage|p1a: Iron Moth|1/100
|
|upkeep
|turn|38
|
|t:|1760415775
|move|p1a: Iron Moth|Fiery Dance|p2a: Chansey
|-damage|p2a: Chansey|76/100
|move|p2a: Chansey|Seismic Toss|p1a: Iron Moth
|-damage|p1a: Iron Moth|0 fnt
|faint|p1a: Iron Moth
|-end|p1a: Iron Moth|Quark Drive|[silent]
|
|upkeep
|
|t:|1760415782
|switch|p1a: Dragonite|Dragonite, F, shiny|100/100
|turn|39
|
|t:|1760415788
|switch|p2a: Toxapex|Toxapex, M|87/100
|-sideend|p2: YQMXLL|move: Toxic Spikes|[of] p2a: Toxapex
|move|p1a: Dragonite|Outrage|p2a: Toxapex
|-damage|p2a: Toxapex|14/100
|
|upkeep
|turn|40
|
|t:|1760415801
|move|p2a: Toxapex|Baneful Bunker|p2a: Toxapex
|-singleturn|p2a: Toxapex|move: Protect
|move|p1a: Dragonite|Outrage|p2a: Toxapex|[from] lockedmove
|-activate|p2a: Toxapex|move: Protect
|-status|p1a: Dragonite|psn
|
|-damage|p1a: Dragonite|88/100 psn|[from] psn
|upkeep
|turn|41
|
|t:|1760415814
|switch|p2a: Gliscor|Gliscor, F|73/100 tox
|move|p1a: Dragonite|Outrage|p2a: Gliscor
|-damage|p2a: Gliscor|0 fnt
|faint|p2a: Gliscor
|
|-damage|p1a: Dragonite|76/100 psn|[from] psn
|upkeep
|
|t:|1760415824
|switch|p2a: Toxapex|Toxapex, M|47/100
|turn|42
|
|t:|1760415833
|move|p2a: Toxapex|Baneful Bunker|p2a: Toxapex
|-singleturn|p2a: Toxapex|move: Protect
|move|p1a: Dragonite|Outrage|p2a: Toxapex|[from] lockedmove
|-activate|p2a: Toxapex|move: Protect
|-start|p1a: Dragonite|confusion|[fatigue]
|
|-damage|p1a: Dragonite|64/100 psn|[from] psn
|upkeep
|turn|43
|
|t:|1760415845
|switch|p1a: Great Tusk|Great Tusk|74/100
|switch|p2a: Dondozo|Dondozo, M|100/100
|
|upkeep
|turn|44
|
|t:|1760415855
|move|p1a: Great Tusk|Rapid Spin|p2a: Dondozo
|-damage|p2a: Dondozo|93/100
|-boost|p1a: Great Tusk|spe|1
|move|p2a: Dondozo|Curse|p2a: Dondozo
|-unboost|p2a: Dondozo|spe|1
|-boost|p2a: Dondozo|atk|1
|-boost|p2a: Dondozo|def|1
|
|-heal|p2a: Dondozo|99/100|[from] item: Leftovers
|upkeep
|turn|45
|
|t:|1760415864
|move|p1a: Great Tusk|Headlong Rush|p2a: Dondozo
|-damage|p2a: Dondozo|81/100
|-unboost|p1a: Great Tusk|def|1
|-unboost|p1a: Great Tusk|spd|1
|move|p2a: Dondozo|Curse|p2a: Dondozo
|-unboost|p2a: Dondozo|spe|1
|-boost|p2a: Dondozo|atk|1
|-boost|p2a: Dondozo|def|1
|
|-heal|p2a: Dondozo|87/100|[from] item: Leftovers
|upkeep
|turn|46
|
|t:|1760415875
|-end|p1a: Great Tusk|Protosynthesis|[silent]
|switch|p1a: Deoxys|Deoxys-Speed|21/100
|-ability|p1a: Deoxys|Pressure
|move|p2a: Dondozo|Earthquake|p1a: Deoxys
|-damage|p1a: Deoxys|0 fnt
|faint|p1a: Deoxys
|
|-heal|p2a: Dondozo|93/100|[from] item: Leftovers
|upkeep
|
|t:|1760415885
|switch|p1a: Dragonite|Dragonite, F, shiny|64/100 psn
|turn|47
|
|t:|1760415888
|move|p1a: Dragonite|Outrage|p2a: Dondozo
|-damage|p2a: Dondozo|69/100
|move|p2a: Dondozo|Curse|p2a: Dondozo
|-unboost|p2a: Dondozo|spe|1
|-boost|p2a: Dondozo|atk|1
|-boost|p2a: Dondozo|def|1
|
|-heal|p2a: Dondozo|75/100|[from] item: Leftovers
|-damage|p1a: Dragonite|52/100 psn|[from] psn
|upkeep
|turn|48
|
|t:|1760415898
|move|p1a: Dragonite|Outrage|p2a: Dondozo|[from] lockedmove
|-damage|p2a: Dondozo|56/100
|-start|p1a: Dragonite|confusion|[fatigue]
|move|p2a: Dondozo|Curse|p2a: Dondozo
|-unboost|p2a: Dondozo|spe|1
|-boost|p2a: Dondozo|atk|1
|-boost|p2a: Dondozo|def|1
|
|-heal|p2a: Dondozo|62/100|[from] item: Leftovers
|-damage|p1a: Dragonite|39/100 psn|[from] psn
|upkeep
|turn|49
|
|t:|1760415909
|-activate|p1a: Dragonite|confusion
|move|p1a: Dragonite|Outrage|p2a: Dondozo
|-damage|p2a: Dondozo|46/100
|move|p2a: Dondozo|Curse|p2a: Dondozo
|-unboost|p2a: Dondozo|spe|1
|-boost|p2a: Dondozo|atk|1
|-boost|p2a: Dondozo|def|1
|
|-heal|p2a: Dondozo|52/100|[from] item: Leftovers
|-damage|p1a: Dragonite|27/100 psn|[from] psn
|upkeep
|turn|50
|
|t:|1760415918
|-activate|p1a: Dragonite|confusion
|-damage|p1a: Dragonite|10/100 psn|[from] confusion
|move|p2a: Dondozo|Rest|p2a: Dondozo
|-status|p2a: Dondozo|slp|[from] move: Rest
|-heal|p2a: Dondozo|100/100 slp|[silent]
|
|-damage|p1a: Dragonite|0 fnt|[from] psn
|faint|p1a: Dragonite
|upkeep
|
|t:|1760415929
|switch|p1a: Kingambit|Kingambit, M|100/100
|-activate|p1a: Kingambit|ability: Supreme Overlord
|-start|p1a: Kingambit|fallen4|[silent]
|turn|51
|
|t:|1760415934
|move|p1a: Kingambit|Kowtow Cleave|p2a: Dondozo
|-damage|p2a: Dondozo|91/100 slp
|cant|p2a: Dondozo|slp
|move|p2a: Dondozo|Sleep Talk|p2a: Dondozo
|move|p2a: Dondozo|Rest||[from] move: Sleep Talk|[still]
|-fail|p2a: Dondozo
|
|-heal|p2a: Dondozo|97/100 slp|[from] item: Leftovers
|upkeep
|turn|52
|
|t:|1760415943
|move|p1a: Kingambit|Iron Head|p2a: Dondozo
|-resisted|p2a: Dondozo
|-damage|p2a: Dondozo|93/100 slp
|cant|p2a: Dondozo|slp
|move|p2a: Dondozo|Sleep Talk|p2a: Dondozo
|move|p2a: Dondozo|Earthquake|p1a: Kingambit|[from] move: Sleep Talk
|-supereffective|p1a: Kingambit
|-damage|p1a: Kingambit|0 fnt
|faint|p1a: Kingambit
|-end|p1a: Kingambit|fallen4|[silent]
|
|-heal|p2a: Dondozo|99/100 slp|[from] item: Leftovers
|upkeep
|
|t:|1760415954
|switch|p1a: Great Tusk|Great Tusk|74/100
|turn|53
|
|t:|1760415957
|move|p1a: Great Tusk|Headlong Rush|p2a: Dondozo
|-damage|p2a: Dondozo|91/100 slp
|-unboost|p1a: Great Tusk|def|1
|-unboost|p1a: Great Tusk|spd|1
|-curestatus|p2a: Dondozo|slp|[msg]
|move|p2a: Dondozo|Earthquake|p1a: Great Tusk
|-damage|p1a: Great Tusk|16/100
|
|-heal|p2a: Dondozo|97/100|[from] item: Leftovers
|upkeep
|turn|54
|
|t:|1760415966
|move|p1a: Great Tusk|Headlong Rush|p2a: Dondozo
|-damage|p2a: Dondozo|89/100
|-unboost|p1a: Great Tusk|def|1
|-unboost|p1a: Great Tusk|spd|1
|move|p2a: Dondozo|Earthquake|p1a: Great Tusk
|-damage|p1a: Great Tusk|0 fnt
|faint|p1a: Great Tusk
|-end|p1a: Great Tusk|Protosynthesis|[silent]
|
|win|YQMXLL
|raw|judeus911's rating: 1438 &rarr; <strong>1418</strong><br />(-20 for losing)
|raw|YQMXLL's rating: 1431 &rarr; <strong>1451</strong><br />(+20 for winning)
|l|☆judeus911
|player|p1|
|l|☆YQMXLL
|player|p2|
