|j|☆Ao_Blue_Poison
|j|☆Tonni stark
|t:|1760351900
|gametype|singles
|player|p1|Ao_Blue_Poison|iono|1437
|player|p2|Tonni stark|170|1419
|gen|9
|tier|[Gen 9] OU
|rated|
|rule|HP Percentage Mod: HP is shown in percentages
|rule|Endless Battle Clause: Forcing endless battles is banned
|rule|Species Clause: Limit one of each Pokémon
|rule|OHKO Clause: OHKO moves are banned
|rule|Evasion Items Clause: Evasion items are banned
|rule|Evasion Moves Clause: Evasion moves are banned
|rule|Evasion Abilities Clause: Evasion abilities are banned
|rule|Sleep Moves Clause: Sleep-inducing moves are banned
|clearpoke
|poke|p1|Quaquaval, F|
|poke|p1|Blaziken, M|
|poke|p1|Corviknight, F|
|poke|p1|Iron Crown|
|poke|p1|Rillaboom, F|
|poke|p1|Garganacl, F|
|poke|p2|Pecharunt|
|poke|p2|Yanmega, M|
|poke|p2|Clefable, M|
|poke|p2|Cryogonal|
|poke|p2|Blaziken, F|
|poke|p2|Quaquaval, M|
|teampreview
|inactive|Battle timer is ON: inactive players will automatically lose when time's up. (requested by Tonni stark)
|inactive|Ao_Blue_Poison also wants the timer to be on.
|
|t:|1760351905
|teamsize|p1|6
|teamsize|p2|6
|start
|switch|p1a: Temple|Garganacl, F, shiny|100/100
|switch|p2a: Yanmega|Yanmega, M, shiny|100/100
|turn|1
|
|t:|1760351907
|move|p2a: Yanmega|Bug Buzz|p1a: Temple
|-damage|p1a: Temple|71/100
|-enditem|p2a: Yanmega|Throat Spray
|-boost|p2a: Yanmega|spa|1|[from] item: Throat Spray
|move|p1a: Temple|Salt Cure|p2a: Yanmega
|-supereffective|p2a: Yanmega
|-damage|p2a: Yanmega|32/100
|-start|p2a: Yanmega|Salt Cure
|
|-heal|p1a: Temple|77/100|[from] item: Leftovers
|-damage|p2a: Yanmega|19/100|[from] Salt Cure
|-ability|p2a: Yanmega|Speed Boost|boost
|-boost|p2a: Yanmega|spe|1
|upkeep
|turn|2
|
|t:|1760351916
|-terastallize|p2a: Yanmega|Ground
|move|p2a: Yanmega|Tera Blast|p1a: Temple|[anim] Tera Blast Ground
|-supereffective|p1a: Temple
|-damage|p1a: Temple|0 fnt
|faint|p1a: Temple
|
|-damage|p2a: Yanmega|7/100|[from] Salt Cure
|-ability|p2a: Yanmega|Speed Boost|boost
|-boost|p2a: Yanmega|spe|1
|upkeep
|
|t:|1760351923
|switch|p1a: Axel|Blaziken, M, shiny|100/100
|turn|3
|
|t:|1760351926
|move|p1a: Axel|Protect|p1a: Axel
|-singleturn|p1a: Axel|Protect
|move|p2a: Yanmega|Tera Blast|p1a: Axel|[anim] Tera Blast Ground
|-activate|p1a: Axel|move: Protect
|
|-damage|p2a: Yanmega|0 fnt|[from] Salt Cure
|faint|p2a: Yanmega
|-ability|p1a: Axel|Speed Boost|boost
|-boost|p1a: Axel|spe|1
|upkeep
|
|t:|1760351930
|switch|p2a: Quaquaval|Quaquaval, M, shiny|100/100
|turn|4
|
|t:|1760351933
|switch|p1a: Percussion|Rillaboom, F, shiny|100/100
|-fieldstart|move: Grassy Terrain|[from] ability: Grassy Surge|[of] p1a: Percussion
|move|p2a: Quaquaval|Aqua Step|p1a: Percussion
|-resisted|p1a: Percussion
|-damage|p1a: Percussion|78/100
|-boost|p2a: Quaquaval|spe|1
|
|-heal|p1a: Percussion|84/100|[from] Grassy Terrain
|upkeep
|turn|5
|
|t:|1760351938
|switch|p2a: Pecharunt|Pecharunt|100/100
|move|p1a: Percussion|Drum Beating|p2a: Pecharunt
|-resisted|p2a: Pecharunt
|-damage|p2a: Pecharunt|85/100
|-unboost|p2a: Pecharunt|spe|1
|
|-heal|p1a: Percussion|90/100|[from] Grassy Terrain
|-heal|p2a: Pecharunt|91/100|[from] Grassy Terrain
|-heal|p2a: Pecharunt|97/100|[from] item: Leftovers
|upkeep
|turn|6
|
|t:|1760351945
|move|p1a: Percussion|U-turn|p2a: Pecharunt
|-resisted|p2a: Pecharunt
|-damage|p2a: Pecharunt|93/100
|
|t:|1760351946
|switch|p1a: Tachyon|Iron Crown|100/100|[from] U-turn
|-enditem|p1a: Tachyon|Booster Energy
|-activate|p1a: Tachyon|ability: Quark Drive|[fromitem]
|-start|p1a: Tachyon|quarkdrivespa
|move|p2a: Pecharunt|Malignant Chain|p1a: Tachyon
|-immune|p1a: Tachyon
|
|-heal|p2a: Pecharunt|99/100|[from] Grassy Terrain
|-heal|p2a: Pecharunt|100/100|[from] item: Leftovers
|upkeep
|turn|7
|
|t:|1760351952
|switch|p2a: Clefable|Clefable, M|100/100
|move|p1a: Tachyon|Psychic Noise|p2a: Clefable
|-damage|p2a: Clefable|58/100
|-start|p2a: Clefable|move: Heal Block
|
|upkeep
|turn|8
|
|t:|1760351958
|move|p1a: Tachyon|Tachyon Cutter|p2a: Clefable
|-supereffective|p2a: Clefable
|-damage|p2a: Clefable|2/100
|-supereffective|p2a: Clefable
|-damage|p2a: Clefable|0 fnt
|faint|p2a: Clefable
|-hitcount|p2: Clefable|2
|
|-fieldend|move: Grassy Terrain
|upkeep
|
|t:|1760351960
|switch|p2a: Blaziken|Blaziken, F, shiny|100/100
|turn|9
|
|t:|1760351978
|-end|p1a: Tachyon|Quark Drive|[silent]
|switch|p1a: Harlequin|Quaquaval, F, shiny|100/100
|move|p2a: Blaziken|Overheat|p1a: Harlequin
|-resisted|p1a: Harlequin
|-damage|p1a: Harlequin|43/100
|-unboost|p2a: Blaziken|spa|2
|-damage|p2a: Blaziken|91/100|[from] item: Life Orb
|
|-heal|p1a: Harlequin|49/100|[from] item: Leftovers
|-ability|p2a: Blaziken|Speed Boost|boost
|-boost|p2a: Blaziken|spe|1
|upkeep
|turn|10
|
|t:|1760351984
|switch|p2a: Quaquaval|Quaquaval, M, shiny|100/100
|move|p1a: Harlequin|Aqua Step|p2a: Quaquaval
|-resisted|p2a: Quaquaval
|-damage|p2a: Quaquaval|75/100
|-boost|p1a: Harlequin|spe|1
|
|-heal|p1a: Harlequin|55/100|[from] item: Leftovers
|upkeep
|turn|11
|
|t:|1760351988
|move|p1a: Harlequin|Brave Bird|p2a: Quaquaval
|-supereffective|p2a: Quaquaval
|-damage|p2a: Quaquaval|0 fnt
|faint|p2a: Quaquaval
|-ability|p1a: Harlequin|Moxie|boost
|-boost|p1a: Harlequin|atk|1
|-damage|p1a: Harlequin|30/100|[from] Recoil
|
|-heal|p1a: Harlequin|37/100|[from] item: Leftovers
|upkeep
|
|t:|1760351994
|switch|p2a: Pecharunt|Pecharunt|100/100
|turn|12
|
|t:|1760351996
|-terastallize|p1a: Harlequin|Steel
|move|p1a: Harlequin|Knock Off|p2a: Pecharunt
|-supereffective|p2a: Pecharunt
|-damage|p2a: Pecharunt|44/100
|-enditem|p2a: Pecharunt|Leftovers|[from] move: Knock Off|[of] p1a: Harlequin
|move|p2a: Pecharunt|Malignant Chain|p1a: Harlequin
|-immune|p1a: Harlequin
|
|-heal|p1a: Harlequin|43/100|[from] item: Leftovers
|upkeep
|turn|13
|
|t:|1760352003
|move|p1a: Harlequin|Aqua Step|p2a: Pecharunt
|-damage|p2a: Pecharunt|10/100
|-boost|p1a: Harlequin|spe|1
|move|p2a: Pecharunt|Shadow Ball|p1a: Harlequin
|-damage|p1a: Harlequin|0 fnt
|faint|p1a: Harlequin
|
|upkeep
|
|t:|1760352007
|switch|p1a: Tachyon|Iron Crown|100/100
|turn|14
|
|t:|1760352011
|move|p1a: Tachyon|Psychic Noise|p2a: Pecharunt
|-supereffective|p2a: Pecharunt
|-damage|p2a: Pecharunt|0 fnt
|faint|p2a: Pecharunt
|
|upkeep
|
|t:|1760352015
|switch|p2a: Blaziken|Blaziken, F, shiny|91/100
|turn|15
|
|t:|1760352018
|move|p1a: Tachyon|Psychic Noise|p2a: Blaziken
|-supereffective|p2a: Blaziken
|-damage|p2a: Blaziken|0 fnt
|faint|p2a: Blaziken
|
|upkeep
|
|t:|1760352021
|switch|p2a: Cryogonal|Cryogonal|100/100
|turn|16
|
|t:|1760352022
|move|p2a: Cryogonal|Frost Breath|p1a: Tachyon
|-resisted|p1a: Tachyon
|-crit|p1a: Tachyon
|-damage|p1a: Tachyon|83/100
|move|p1a: Tachyon|Tachyon Cutter|p2a: Cryogonal
|-supereffective|p2a: Cryogonal
|-damage|p2a: Cryogonal|74/100
|-supereffective|p2a: Cryogonal
|-crit|p2a: Cryogonal
|-damage|p2a: Cryogonal|28/100
|-hitcount|p2a: Cryogonal|2
|
|upkeep
|turn|17
|-message|Tonni stark forfeited.
|
|win|Ao_Blue_Poison
|raw|Ao_Blue_Poison's rating: 1437 &rarr; <strong>1456</strong><br />(+19 for winning)
|raw|Tonni stark's rating: 1419 &rarr; <strong>1400</strong><br />(-19 for losing)
|l|☆Tonni stark
|player|p2|
|l|☆Ao_Blue_Poison
|player|p1|
