|j|☆Pipspedre
|j|☆Shyve
|t:|1760351853
|gametype|singles
|player|p1|Pipspedre|steven|1587
|player|p2|Shyve|rocketgruntf|1550
|gen|9
|tier|[Gen 9] OU
|rated|
|rule|HP Percentage Mod: HP is shown in percentages
|rule|Endless Battle Clause: Forcing endless battles is banned
|rule|Species Clause: Limit one of each Pokémon
|rule|OHKO Clause: OHKO moves are banned
|rule|Evasion Items Clause: Evasion items are banned
|rule|Evasion Moves Clause: Evasion moves are banned
|rule|Evasion Abilities Clause: Evasion abilities are banned
|rule|Sleep Moves Clause: Sleep-inducing moves are banned
|clearpoke
|poke|p1|Dragonite, M|
|poke|p1|Gholdengo|
|poke|p1|Great Tusk|
|poke|p1|Iron Valiant|
|poke|p1|Iron Moth|
|poke|p1|Slowking-Galar, M|
|poke|p2|Raging Bolt|
|poke|p2|Alomomola, F|
|poke|p2|Avalugg-Hisui, F|
|poke|p2|Glimmora, F|
|poke|p2|Dragapult, M|
|poke|p2|Iron Valiant|
|teampreview
|inactive|Battle timer is ON: inactive players will automatically lose when time's up. (requested by Pipspedre)
|inactive|Pipspedre has 120 seconds left.
|
|t:|1760351891
|teamsize|p1|6
|teamsize|p2|6
|start
|switch|p1a: Gholdengo|Gholdengo|100/100
|switch|p2a: Avalugg|Avalugg-Hisui, F|100/100
|turn|1
|
|t:|1760351903
|switch|p2a: Alomomola|Alomomola, F|100/100
|move|p1a: Gholdengo|Make It Rain|p2a: Alomomola
|-resisted|p2a: Alomomola
|-damage|p2a: Alomomola|65/100
|-unboost|p1a: Gholdengo|spa|1
|-enditem|p2a: Alomomola|Eject Button
|
|t:|1760351909
|switch|p2a: Dragapult|Dragapult, M|100/100
|
|upkeep
|turn|2
|
|t:|1760351916
|switch|p1a: Slowking|Slowking-Galar, M|100/100
|-terastallize|p2a: Dragapult|Ghost
|move|p2a: Dragapult|Tera Blast|p1a: Slowking|[anim] Tera Blast Ghost
|-supereffective|p1a: Slowking
|-damage|p1a: Slowking|0 fnt
|faint|p1a: Slowking
|
|upkeep
|
|t:|1760351929
|switch|p1a: Gholdengo|Gholdengo|100/100
|turn|3
|
|t:|1760351936
|switch|p2a: Alomomola|Alomomola, F|98/100
|move|p1a: Gholdengo|Shadow Ball|p2a: Alomomola
|-damage|p2a: Alomomola|46/100
|
|upkeep
|turn|4
|
|t:|1760351946
|move|p2a: Alomomola|Protect|p2a: Alomomola
|-singleturn|p2a: Alomomola|Protect
|move|p1a: Gholdengo|Shadow Ball|p2a: Alomomola
|-activate|p2a: Alomomola|move: Protect
|
|upkeep
|turn|5
|
|t:|1760351965
|switch|p2a: Raging Bolt|Raging Bolt|100/100
|move|p1a: Gholdengo|Shadow Ball|p2a: Raging Bolt
|-damage|p2a: Raging Bolt|63/100
|
|upkeep
|turn|6
|inactive|Pipspedre has 120 seconds left.
|j| RiaSingh2121
|
|t:|1760351997
|move|p1a: Gholdengo|Shadow Ball|p2a: Raging Bolt
|-damage|p2a: Raging Bolt|26/100
|move|p2a: Raging Bolt|Draco Meteor|p1a: Gholdengo
|-resisted|p1a: Gholdengo
|-damage|p1a: Gholdengo|59/100
|-unboost|p2a: Raging Bolt|spa|2
|
|upkeep
|turn|7
|
|t:|1760352008
|move|p1a: Gholdengo|Shadow Ball|p2a: Raging Bolt
|-damage|p2a: Raging Bolt|0 fnt
|faint|p2a: Raging Bolt
|-end|p2a: Raging Bolt|Protosynthesis|[silent]
|
|upkeep
|
|t:|1760352011
|switch|p2a: Glimmora|Glimmora, F|100/100
|turn|8
|
|t:|1760352020
|move|p1a: Gholdengo|Shadow Ball|p2a: Glimmora
|-damage|p2a: Glimmora|46/100
|move|p2a: Glimmora|Earth Power|p1a: Gholdengo
|-supereffective|p1a: Gholdengo
|-damage|p1a: Gholdengo|0 fnt
|faint|p1a: Gholdengo
|
|upkeep
|
|t:|1760352037
|switch|p1a: Iron Valiant|Iron Valiant|100/100
|-enditem|p1a: Iron Valiant|Booster Energy
|-activate|p1a: Iron Valiant|ability: Quark Drive|[fromitem]
|-start|p1a: Iron Valiant|quarkdrivespe
|turn|9
|
|t:|1760352040
|move|p1a: Iron Valiant|Close Combat|p2a: Glimmora
|-damage|p2a: Glimmora|0 fnt
|-unboost|p1a: Iron Valiant|def|1
|-unboost|p1a: Iron Valiant|spd|1
|-activate|p2a: Glimmora|ability: Toxic Debris
|-sidestart|p1: Pipspedre|move: Toxic Spikes
|faint|p2a: Glimmora
|
|upkeep
|
|t:|1760352048
|switch|p2a: Iron Valiant|Iron Valiant|100/100
|-enditem|p2a: Iron Valiant|Booster Energy
|-activate|p2a: Iron Valiant|ability: Quark Drive|[fromitem]
|-start|p2a: Iron Valiant|quarkdrivespe
|turn|10
|
|t:|1760352064
|move|p2a: Iron Valiant|Moonblast|p1a: Iron Valiant
|-supereffective|p1a: Iron Valiant
|-damage|p1a: Iron Valiant|0 fnt
|faint|p1a: Iron Valiant
|-end|p1a: Iron Valiant|Quark Drive|[silent]
|
|upkeep
|
|t:|1760352069
|switch|p1a: Iron Moth|Iron Moth|100/100
|-sideend|p1: Pipspedre|move: Toxic Spikes|[of] p1a: Iron Moth
|turn|11
|
|t:|1760352075
|move|p2a: Iron Valiant|Destiny Bond|p2a: Iron Valiant
|-singlemove|p2a: Iron Valiant|Destiny Bond
|move|p1a: Iron Moth|Sludge Wave|p2a: Iron Valiant
|-supereffective|p2a: Iron Valiant
|-damage|p2a: Iron Valiant|0 fnt
|faint|p2a: Iron Valiant
|-activate|p2a: Iron Valiant|move: Destiny Bond
|-end|p2a: Iron Valiant|Quark Drive|[silent]
|faint|p1a: Iron Moth
|-end|p1a: Iron Moth|Quark Drive|[silent]
|
|upkeep
|
|t:|1760352113
|switch|p2a: Dragapult|Dragapult, M, tera:Ghost|100/100
|switch|p1a: Great Tusk|Great Tusk|100/100
|turn|12
|
|t:|1760352122
|move|p2a: Dragapult|Dragon Darts|p1a: Great Tusk
|-damage|p1a: Great Tusk|84/100
|-anim|p2a: Dragapult|Dragon Darts|p1a: Great Tusk
|-damage|p1a: Great Tusk|67/100
|move|p1a: Great Tusk|Knock Off|p2a: Dragapult
|-supereffective|p2a: Dragapult
|-damage|p2a: Dragapult|20/100
|-enditem|p2a: Dragapult|Choice Band|[from] move: Knock Off|[of] p1a: Great Tusk
|
|-heal|p1a: Great Tusk|73/100|[from] item: Leftovers
|upkeep
|turn|13
|
|t:|1760352132
|move|p2a: Dragapult|Tera Blast|p1a: Great Tusk|[anim] Tera Blast Ghost
|-damage|p1a: Great Tusk|50/100
|move|p1a: Great Tusk|Knock Off|p2a: Dragapult
|-supereffective|p2a: Dragapult
|-damage|p2a: Dragapult|0 fnt
|faint|p2a: Dragapult
|
|-heal|p1a: Great Tusk|56/100|[from] item: Leftovers
|upkeep
|
|t:|1760352146
|switch|p2a: Alomomola|Alomomola, F|79/100
|turn|14
|
|t:|1760352155
|-terastallize|p1a: Great Tusk|Steel
|move|p1a: Great Tusk|Stealth Rock|p2a: Alomomola
|-sidestart|p2: Shyve|move: Stealth Rock
|move|p2a: Alomomola|Flip Turn|p1a: Great Tusk
|-damage|p1a: Great Tusk|48/100
|
|t:|1760352163
|switch|p2a: Avalugg|Avalugg-Hisui, F|100/100|[from] Flip Turn
|-damage|p2a: Avalugg|76/100|[from] Stealth Rock
|
|-heal|p1a: Great Tusk|54/100|[from] item: Leftovers
|upkeep
|turn|15
|
|t:|1760352167
|move|p1a: Great Tusk|Body Press|p2a: Avalugg
|-supereffective|p2a: Avalugg
|-damage|p2a: Avalugg|0 fnt
|faint|p2a: Avalugg
|
|-heal|p1a: Great Tusk|60/100|[from] item: Leftovers
|upkeep
|-message|Shyve forfeited.
|
|win|Pipspedre
|raw|Pipspedre's rating: 1587 &rarr; <strong>1605</strong><br />(+18 for winning)
|raw|Shyve's rating: 1550 &rarr; <strong>1532</strong><br />(-18 for losing)
|l|☆Shyve
|player|p2|
|l|☆Pipspedre
|player|p1|
|l| RiaSingh2121
