|j|☆Havestol
|j|☆sdor16
|t:|1760309112
|gametype|singles
|player|p1|Havestol|170|1458
|player|p2|sdor16|101|1497
|gen|9
|tier|[Gen 9] OU
|rated|
|rule|HP Percentage Mod: HP is shown in percentages
|rule|Endless Battle Clause: Forcing endless battles is banned
|rule|Species Clause: Limit one of each Pokémon
|rule|OHKO Clause: OHKO moves are banned
|rule|Evasion Items Clause: Evasion items are banned
|rule|Evasion Moves Clause: Evasion moves are banned
|rule|Evasion Abilities Clause: Evasion abilities are banned
|rule|Sleep Moves Clause: Sleep-inducing moves are banned
|clearpoke
|poke|p1|Gardevoir, F|
|poke|p1|Clodsire, F|
|poke|p1|Alomomola, F|
|poke|p1|Heatran, F|
|poke|p1|Mandibuzz, F|
|poke|p1|Dragapult, F|
|poke|p2|Ribombee, M|
|poke|p2|Hoopa-Unbound|
|poke|p2|Gholdengo|
|poke|p2|Pecharunt|
|poke|p2|Darkrai|
|poke|p2|Iron Valiant|
|teampreview
|inactive|Battle timer is ON: inactive players will automatically lose when time's up. (requested by sdor16)
|
|t:|1760309145
|teamsize|p1|6
|teamsize|p2|6
|start
|switch|p1a: Gardevoir|Gardevoir, F|100/100
|switch|p2a: Iron Valiant|Iron Valiant|100/100
|turn|1
|
|t:|1760309154
|-end|p2a: Iron Valiant|Quark Drive|[silent]
|switch|p2a: Gholdengo|Gholdengo|100/100
|-ability|p1a: Gardevoir|Good as Gold|Trace|[from] ability: Trace|[of] p2a: Gholdengo
|-item|p2a: Gholdengo|Air Balloon
|move|p1a: Gardevoir|Trick|p2a: Gholdengo
|-immune|p2a: Gholdengo|[from] ability: Good as Gold
|
|-status|p1a: Gardevoir|tox|[from] item: Toxic Orb
|upkeep
|turn|2
|
|t:|1760309167
|switch|p2a: Ribombee|Ribombee, M|100/100
|move|p1a: Gardevoir|Moonblast|p2a: Ribombee
|-damage|p2a: Ribombee|22/100
|
|-damage|p1a: Gardevoir|94/100 tox|[from] psn
|upkeep
|turn|3
|
|t:|1760309176
|move|p2a: Ribombee|Stun Spore|p1a: Gardevoir
|-immune|p1a: Gardevoir|[from] ability: Good as Gold
|move|p1a: Gardevoir|Psychic Noise|p2a: Ribombee
|-damage|p2a: Ribombee|0 fnt
|faint|p2a: Ribombee
|
|-damage|p1a: Gardevoir|82/100 tox|[from] psn
|upkeep
|
|t:|1760309180
|switch|p2a: Gholdengo|Gholdengo|100/100
|-item|p2a: Gholdengo|Air Balloon
|turn|4
|
|t:|1760309184
|move|p2a: Gholdengo|Make It Rain|p1a: Gardevoir
|-supereffective|p1a: Gardevoir
|-damage|p1a: Gardevoir|0 fnt
|-unboost|p2a: Gholdengo|spa|1
|faint|p1a: Gardevoir
|
|upkeep
|
|t:|1760309188
|switch|p1a: Heatran|Heatran, F|100/100
|turn|5
|
|t:|1760309196
|switch|p2a: Hoopa|Hoopa-Unbound|100/100
|move|p1a: Heatran|Magma Storm|p2a: Hoopa
|-damage|p2a: Hoopa|61/100
|-activate|p2a: Hoopa|move: Magma Storm|[of] p1a: Heatran
|
|-damage|p2a: Hoopa|48/100|[from] move: Magma Storm|[partiallytrapped]
|upkeep
|turn|6
|
|t:|1760309202
|switch|p1a: Mandibuzz|Mandibuzz, F|100/100
|move|p2a: Hoopa|Knock Off|p1a: Mandibuzz
|-resisted|p1a: Mandibuzz
|-damage|p1a: Mandibuzz|76/100
|-enditem|p1a: Mandibuzz|Heavy-Duty Boots|[from] move: Knock Off|[of] p2a: Hoopa
|
|-end|p2a: Hoopa|Magma Storm|[partiallytrapped]|[silent]
|upkeep
|turn|7
|
|t:|1760309209
|switch|p2a: Iron Valiant|Iron Valiant|100/100
|move|p1a: Mandibuzz|Foul Play|p2a: Iron Valiant
|-resisted|p2a: Iron Valiant
|-damage|p2a: Iron Valiant|83/100
|
|upkeep
|turn|8
|
|t:|1760309218
|switch|p1a: Clodsire|Clodsire, F|100/100
|move|p2a: Iron Valiant|Trick|p1a: Clodsire
|-activate|p2a: Iron Valiant|move: Trick|[of] p1a: Clodsire
|-item|p1a: Clodsire|Choice Scarf|[from] move: Trick
|-item|p2a: Iron Valiant|Heavy-Duty Boots|[from] move: Trick
|
|upkeep
|turn|9
|
|t:|1760309224
|move|p2a: Iron Valiant|Ice Punch|p1a: Clodsire
|-supereffective|p1a: Clodsire
|-damage|p1a: Clodsire|49/100
|-status|p1a: Clodsire|frz
|cant|p1a: Clodsire|frz
|
|upkeep
|turn|10
|c|☆Havestol|Beo
|c|☆Havestol|bro
|
|t:|1760309237
|switch|p1a: Alomomola|Alomomola, F|100/100
|move|p2a: Iron Valiant|Ice Punch|p1a: Alomomola
|-resisted|p1a: Alomomola
|-damage|p1a: Alomomola|93/100
|
|upkeep
|turn|11
|c|☆sdor16|myb
|
|t:|1760309243
|move|p2a: Iron Valiant|Knock Off|p1a: Alomomola
|-damage|p1a: Alomomola|74/100
|-enditem|p1a: Alomomola|Heavy-Duty Boots|[from] move: Knock Off|[of] p2a: Iron Valiant
|move|p1a: Alomomola|Wish|p1a: Alomomola
|
|upkeep
|turn|12
|
|t:|1760309255
|move|p2a: Iron Valiant|Close Combat|p1a: Alomomola
|-damage|p1a: Alomomola|34/100
|-unboost|p2a: Iron Valiant|def|1
|-unboost|p2a: Iron Valiant|spd|1
|move|p1a: Alomomola|Flip Turn|p2a: Iron Valiant
|-damage|p2a: Iron Valiant|49/100
|
|t:|1760309266
|switch|p1a: Dragapult|Dragapult, F|100/100|[from] Flip Turn
|
|upkeep
|turn|13
|
|t:|1760309278
|-end|p2a: Iron Valiant|Quark Drive|[silent]
|switch|p2a: Pecharunt|Pecharunt|100/100
|-terastallize|p1a: Dragapult|Ghost
|move|p1a: Dragapult|Tera Blast|p2a: Pecharunt|[anim] Tera Blast Ghost
|-supereffective|p2a: Pecharunt
|-damage|p2a: Pecharunt|33/100
|
|upkeep
|turn|14
|
|t:|1760309294
|switch|p2a: Darkrai|Darkrai|100/100
|move|p1a: Dragapult|Tera Blast|p2a: Darkrai|[anim] Tera Blast Ghost
|-resisted|p2a: Darkrai
|-damage|p2a: Darkrai|51/100
|
|upkeep
|turn|15
|
|t:|1760309299
|switch|p1a: Heatran|Heatran, F|100/100
|move|p2a: Darkrai|Nasty Plot|p2a: Darkrai
|-boost|p2a: Darkrai|spa|2
|
|upkeep
|turn|16
|
|t:|1760309304
|move|p2a: Darkrai|Dark Pulse|p1a: Heatran
|-crit|p1a: Heatran
|-damage|p1a: Heatran|17/100
|move|p1a: Heatran|Magma Storm|p2a: Darkrai|[miss]
|-miss|p1a: Heatran|p2a: Darkrai
|
|-heal|p1a: Heatran|23/100|[from] item: Leftovers
|upkeep
|turn|17
|
|t:|1760309308
|move|p2a: Darkrai|Dark Pulse|p1a: Heatran
|-damage|p1a: Heatran|0 fnt
|faint|p1a: Heatran
|
|upkeep
|
|t:|1760309311
|switch|p1a: Dragapult|Dragapult, F, tera:Ghost|100/100
|turn|18
|
|t:|1760309315
|switch|p2a: Iron Valiant|Iron Valiant|49/100
|move|p1a: Dragapult|U-turn|p2a: Iron Valiant
|-resisted|p2a: Iron Valiant
|-damage|p2a: Iron Valiant|37/100
|
|t:|1760309320
|switch|p1a: Alomomola|Alomomola, F|67/100|[from] U-turn
|
|upkeep
|turn|19
|
|t:|1760309333
|move|p2a: Iron Valiant|Close Combat|p1a: Alomomola
|-damage|p1a: Alomomola|32/100
|-unboost|p2a: Iron Valiant|def|1
|-unboost|p2a: Iron Valiant|spd|1
|move|p1a: Alomomola|Flip Turn|p2a: Iron Valiant
|-damage|p2a: Iron Valiant|6/100
|
|t:|1760309362
|switch|p1a: Dragapult|Dragapult, F, tera:Ghost|100/100|[from] Flip Turn
|
|upkeep
|turn|20
|
|t:|1760309373
|move|p1a: Dragapult|Dragon Darts|p2a: Iron Valiant
|-immune|p2a: Iron Valiant
|move|p2a: Iron Valiant|Close Combat|p1a: Dragapult
|-immune|p1a: Dragapult
|
|upkeep
|turn|21
|c|☆Havestol|Miss click
|
|t:|1760309382
|switch|p1a: Alomomola|Alomomola, F|66/100
|move|p2a: Iron Valiant|Close Combat|p1a: Alomomola
|-damage|p1a: Alomomola|28/100
|-unboost|p2a: Iron Valiant|def|1
|-unboost|p2a: Iron Valiant|spd|1
|
|upkeep
|turn|22
|
|t:|1760309388
|switch|p1a: Clodsire|Clodsire, F|49/100 frz
|move|p2a: Iron Valiant|Ice Punch|p1a: Clodsire
|-supereffective|p1a: Clodsire
|-damage|p1a: Clodsire|0 fnt
|faint|p1a: Clodsire
|
|upkeep
|
|t:|1760309390
|switch|p1a: Dragapult|Dragapult, F, tera:Ghost|100/100
|turn|23
|
|t:|1760309398
|-end|p2a: Iron Valiant|Quark Drive|[silent]
|switch|p2a: Pecharunt|Pecharunt|33/100
|move|p1a: Dragapult|Tera Blast|p2a: Pecharunt|[anim] Tera Blast Ghost
|-supereffective|p2a: Pecharunt
|-damage|p2a: Pecharunt|0 fnt
|faint|p2a: Pecharunt
|
|upkeep
|
|t:|1760309402
|switch|p2a: Darkrai|Darkrai|51/100
|turn|24
|
|t:|1760309417
|switch|p1a: Alomomola|Alomomola, F|62/100
|move|p2a: Darkrai|Dark Pulse|p1a: Alomomola
|-damage|p1a: Alomomola|7/100
|
|upkeep
|turn|25
|
|t:|1760309422
|move|p2a: Darkrai|Dark Pulse|p1a: Alomomola
|-damage|p1a: Alomomola|0 fnt
|faint|p1a: Alomomola
|
|upkeep
|
|t:|1760309423
|switch|p1a: Dragapult|Dragapult, F, tera:Ghost|100/100
|turn|26
|
|t:|1760309427
|switch|p2a: Iron Valiant|Iron Valiant|6/100
|move|p1a: Dragapult|U-turn|p2a: Iron Valiant
|-resisted|p2a: Iron Valiant
|-damage|p2a: Iron Valiant|0 fnt
|faint|p2a: Iron Valiant
|-end|p2a: Iron Valiant|Quark Drive|[silent]
|
|t:|1760309429
|switch|p1a: Mandibuzz|Mandibuzz, F|76/100|[from] U-turn
|
|upkeep
|
|t:|1760309432
|switch|p2a: Hoopa|Hoopa-Unbound|48/100
|turn|27
|
|t:|1760309437
|move|p2a: Hoopa|Drain Punch|p1a: Mandibuzz
|-damage|p1a: Mandibuzz|48/100
|-heal|p2a: Hoopa|68/100|[from] drain|[of] p1a: Mandibuzz
|move|p1a: Mandibuzz|Foul Play|p2a: Hoopa
|-damage|p2a: Hoopa|0 fnt
|faint|p2a: Hoopa
|
|upkeep
|
|t:|1760309449
|switch|p2a: Darkrai|Darkrai|51/100
|turn|28
|
|t:|1760309453
|move|p2a: Darkrai|Ice Beam|p1a: Mandibuzz
|-supereffective|p1a: Mandibuzz
|-damage|p1a: Mandibuzz|0 fnt
|faint|p1a: Mandibuzz
|
|upkeep
|
|t:|1760309456
|switch|p1a: Dragapult|Dragapult, F, tera:Ghost|100/100
|turn|29
|
|t:|1760309461
|move|p1a: Dragapult|Phantom Force||[still]
|-prepare|p1a: Dragapult|Phantom Force
|move|p2a: Darkrai|Dark Pulse|p1a: Dragapult|[miss]
|-miss|p2a: Darkrai|p1a: Dragapult
|
|upkeep
|turn|30
|
|t:|1760309465
|move|p1a: Dragapult|Phantom Force|p2a: Darkrai|[from] lockedmove
|-resisted|p2a: Darkrai
|-damage|p2a: Darkrai|0 fnt
|faint|p2a: Darkrai
|
|upkeep
|
|t:|1760309467
|switch|p2a: Gholdengo|Gholdengo|100/100
|-item|p2a: Gholdengo|Air Balloon
|turn|31
|
|t:|1760309469
|move|p1a: Dragapult|Phantom Force||[still]
|-prepare|p1a: Dragapult|Phantom Force
|move|p2a: Gholdengo|Nasty Plot|p2a: Gholdengo
|-boost|p2a: Gholdengo|spa|2
|
|upkeep
|turn|32
|
|t:|1760309472
|-terastallize|p2a: Gholdengo|Flying
|move|p1a: Dragapult|Phantom Force|p2a: Gholdengo|[from] lockedmove
|-damage|p2a: Gholdengo|2/100
|-enditem|p2a: Gholdengo|Air Balloon
|move|p2a: Gholdengo|Shadow Ball|p1a: Dragapult
|-supereffective|p1a: Dragapult
|-damage|p1a: Dragapult|0 fnt
|faint|p1a: Dragapult
|
|win|sdor16
|raw|Havestol's rating: 1458 &rarr; <strong>1440</strong><br />(-18 for losing)
|raw|sdor16's rating: 1497 &rarr; <strong>1515</strong><br />(+18 for winning)
|c|☆Havestol|Bro
|c|☆Havestol|ggig
|l|☆Havestol
|player|p1|
|c|☆sdor16|ggwp
