|j|☆Xerneas2
|j|☆fadingstrawberry
|t:|1760330237
|gametype|singles
|player|p1|Xerneas2|101|1609
|player|p2|fadingstrawberry|2|1574
|gen|9
|tier|[Gen 9] OU
|rated|
|rule|HP Percentage Mod: HP is shown in percentages
|rule|Endless Battle Clause: Forcing endless battles is banned
|rule|Species Clause: Limit one of each Pokémon
|rule|OHKO Clause: OHKO moves are banned
|rule|Evasion Items Clause: Evasion items are banned
|rule|Evasion Moves Clause: Evasion moves are banned
|rule|Evasion Abilities Clause: Evasion abilities are banned
|rule|Sleep Moves Clause: Sleep-inducing moves are banned
|clearpoke
|poke|p1|Blissey, F|
|poke|p1|Darkrai|
|poke|p1|Dachsbun, M|
|poke|p1|Dragapult, M|
|poke|p1|Gliscor, M|
|poke|p1|Kingambit, M|
|poke|p2|Iron Crown|
|poke|p2|Raging Bolt|
|poke|p2|Araquanid, F|
|poke|p2|Kingambit, F|
|poke|p2|Hatterene, F|
|poke|p2|Latios, M|
|teampreview
|
|t:|1760330257
|teamsize|p1|6
|teamsize|p2|6
|start
|switch|p1a: Darkrai|Darkrai|100/100
|switch|p2a: Iron Crown|Iron Crown|100/100
|turn|1
|
|t:|1760330262
|-end|p2a: Iron Crown|Quark Drive|[silent]
|switch|p2a: Araquanid|Araquanid, F|100/100
|move|p1a: Darkrai|Dark Pulse|p2a: Araquanid
|-damage|p2a: Araquanid|63/100
|
|upkeep
|turn|2
|
|t:|1760330268
|move|p1a: Darkrai|Dark Pulse|p2a: Araquanid
|-damage|p2a: Araquanid|26/100
|cant|p2a: Araquanid|flinch
|
|upkeep
|turn|3
|
|t:|1760330275
|switch|p2a: Kingambit|Kingambit, F|100/100
|move|p1a: Darkrai|Dark Pulse|p2a: Kingambit
|-resisted|p2a: Kingambit
|-damage|p2a: Kingambit|65/100
|
|-heal|p2a: Kingambit|71/100|[from] item: Leftovers
|upkeep
|turn|4
|
|t:|1760330286
|switch|p1a: Gliscor|Gliscor, M|100/100
|move|p2a: Kingambit|Iron Head|p1a: Gliscor
|-crit|p1a: Gliscor
|-damage|p1a: Gliscor|56/100
|
|-heal|p2a: Kingambit|78/100|[from] item: Leftovers
|-status|p1a: Gliscor|tox|[from] item: Toxic Orb
|upkeep
|turn|5
|
|t:|1760330301
|-end|p2a: Kingambit|fallenundefined|[silent]
|switch|p2a: Hatterene|Hatterene, F, shiny|100/100
|move|p1a: Gliscor|Earthquake|p2a: Hatterene
|-damage|p2a: Hatterene|75/100
|
|-heal|p1a: Gliscor|69/100 tox|[from] ability: Poison Heal
|upkeep
|turn|6
|
|t:|1760330309
|move|p1a: Gliscor|Protect|p1a: Gliscor
|-singleturn|p1a: Gliscor|Protect
|move|p2a: Hatterene|Draining Kiss|p1a: Gliscor
|-activate|p1a: Gliscor|move: Protect
|
|-heal|p1a: Gliscor|81/100 tox|[from] ability: Poison Heal
|upkeep
|turn|7
|
|t:|1760330317
|switch|p1a: Blissey|Blissey, F|100/100
|move|p2a: Hatterene|Draining Kiss|p1a: Blissey
|-damage|p1a: Blissey|91/100
|-heal|p2a: Hatterene|91/100|[from] drain|[of] p1a: Blissey
|
|upkeep
|turn|8
|
|t:|1760330322
|move|p1a: Blissey|Seismic Toss|p2a: Hatterene
|-damage|p2a: Hatterene|59/100
|-damage|p1a: Blissey|75/100|[from] item: Rocky Helmet|[of] p2a: Hatterene
|move|p2a: Hatterene|Calm Mind|p2a: Hatterene
|-boost|p2a: Hatterene|spa|1
|-boost|p2a: Hatterene|spd|1
|
|upkeep
|turn|9
|
|t:|1760330332
|move|p1a: Blissey|Seismic Toss|p2a: Hatterene
|-damage|p2a: Hatterene|28/100
|-damage|p1a: Blissey|58/100|[from] item: Rocky Helmet|[of] p2a: Hatterene
|move|p2a: Hatterene|Draining Kiss|p1a: Blissey
|-damage|p1a: Blissey|45/100
|-heal|p2a: Hatterene|49/100|[from] drain|[of] p1a: Blissey
|
|upkeep
|turn|10
|
|t:|1760330339
|move|p1a: Blissey|Seismic Toss|p2a: Hatterene
|-damage|p2a: Hatterene|18/100
|-damage|p1a: Blissey|29/100|[from] item: Rocky Helmet|[of] p2a: Hatterene
|move|p2a: Hatterene|Psyshock|p1a: Blissey
|-damage|p1a: Blissey|0 fnt
|faint|p1a: Blissey
|
|upkeep
|
|t:|1760330351
|switch|p1a: Darkrai|Darkrai|100/100
|turn|11
|
|t:|1760330354
|move|p1a: Darkrai|Dark Pulse|p2a: Hatterene
|-damage|p2a: Hatterene|0 fnt
|faint|p2a: Hatterene
|
|upkeep
|
|t:|1760330356
|switch|p2a: Kingambit|Kingambit, F|78/100
|-activate|p2a: Kingambit|ability: Supreme Overlord
|-start|p2a: Kingambit|fallen1|[silent]
|turn|12
|
|t:|1760330361
|switch|p1a: Gliscor|Gliscor, M|81/100 tox
|move|p2a: Kingambit|Kowtow Cleave|p1a: Gliscor
|-damage|p1a: Gliscor|48/100 tox
|
|-heal|p2a: Kingambit|84/100|[from] item: Leftovers
|-heal|p1a: Gliscor|61/100 tox|[from] ability: Poison Heal
|upkeep
|turn|13
|
|t:|1760330373
|-end|p2a: Kingambit|fallen1|[silent]
|switch|p2a: Latios|Latios, M|100/100
|move|p1a: Gliscor|Spikes|p2a: Latios
|-sidestart|p2: fadingstrawberry|Spikes
|
|-heal|p1a: Gliscor|73/100 tox|[from] ability: Poison Heal
|upkeep
|turn|14
|
|t:|1760330385
|move|p1a: Gliscor|Protect|p1a: Gliscor
|-singleturn|p1a: Gliscor|Protect
|move|p2a: Latios|Luster Purge|p1a: Gliscor
|-activate|p1a: Gliscor|move: Protect
|
|-heal|p1a: Gliscor|86/100 tox|[from] ability: Poison Heal
|upkeep
|turn|15
|
|t:|1760330393
|switch|p1a: Kingambit|Kingambit, M|100/100
|-activate|p1a: Kingambit|ability: Supreme Overlord
|-start|p1a: Kingambit|fallen1|[silent]
|move|p2a: Latios|Luster Purge|p1a: Kingambit
|-immune|p1a: Kingambit
|
|upkeep
|turn|16
|
|t:|1760330400
|switch|p2a: Araquanid|Araquanid, F|26/100
|move|p1a: Kingambit|Sucker Punch||[still]
|-fail|p1a: Kingambit
|
|upkeep
|turn|17
|
|t:|1760330409
|move|p1a: Kingambit|Iron Head|p2a: Araquanid
|-resisted|p2a: Araquanid
|-damage|p2a: Araquanid|0 fnt
|faint|p2a: Araquanid
|
|upkeep
|
|t:|1760330416
|switch|p2a: Raging Bolt|Raging Bolt|100/100
|turn|18
|
|t:|1760330431
|move|p2a: Raging Bolt|Draco Meteor|p1a: Kingambit
|-resisted|p1a: Kingambit
|-damage|p1a: Kingambit|61/100
|-unboost|p2a: Raging Bolt|spa|2
|move|p1a: Kingambit|Swords Dance|p1a: Kingambit
|-boost|p1a: Kingambit|atk|2
|
|-heal|p1a: Kingambit|68/100|[from] item: Leftovers
|upkeep
|turn|19
|
|t:|1760330440
|-end|p2a: Raging Bolt|Protosynthesis|[silent]
|switch|p2a: Kingambit|Kingambit, F|84/100
|-damage|p2a: Kingambit|71/100|[from] Spikes
|-activate|p2a: Kingambit|ability: Supreme Overlord
|-start|p2a: Kingambit|fallen2|[silent]
|move|p1a: Kingambit|Low Kick|p2a: Kingambit
|-supereffective|p2a: Kingambit
|-damage|p2a: Kingambit|0 fnt
|faint|p2a: Kingambit
|-end|p2a: Kingambit|fallen2|[silent]
|
|-heal|p1a: Kingambit|74/100|[from] item: Leftovers
|upkeep
|
|t:|1760330446
|switch|p2a: Iron Crown|Iron Crown|100/100
|-damage|p2a: Iron Crown|88/100|[from] Spikes
|turn|20
|
|t:|1760330449
|-terastallize|p2a: Iron Crown|Water
|move|p1a: Kingambit|Sucker Punch|p2a: Iron Crown
|-damage|p2a: Iron Crown|0 fnt
|faint|p2a: Iron Crown
|-end|p2a: Iron Crown|Quark Drive|[silent]
|
|-heal|p1a: Kingambit|80/100|[from] item: Leftovers
|upkeep
|-message|fadingstrawberry forfeited.
|
|win|Xerneas2
|raw|Xerneas2's rating: 1609 &rarr; <strong>1627</strong><br />(+18 for winning)
|raw|fadingstrawberry's rating: 1574 &rarr; <strong>1556</strong><br />(-18 for losing)
|l|☆fadingstrawberry
|player|p2|
|l|☆Xerneas2
|player|p1|
