|j|☆vghhjg
|j|☆romandlui
|t:|1760374539
|gametype|singles
|player|p1|vghhjg|101|1517
|player|p2|romandlui|101|1524
|gen|9
|tier|[Gen 9] OU
|rated|
|rule|HP Percentage Mod: HP is shown in percentages
|rule|Endless Battle Clause: Forcing endless battles is banned
|rule|Species Clause: Limit one of each Pokémon
|rule|OHKO Clause: OHKO moves are banned
|rule|Evasion Items Clause: Evasion items are banned
|rule|Evasion Moves Clause: Evasion moves are banned
|rule|Evasion Abilities Clause: Evasion abilities are banned
|rule|Sleep Moves Clause: Sleep-inducing moves are banned
|clearpoke
|poke|p1|Ribombee, F|
|poke|p1|Gholdengo|
|poke|p1|Dragonite, F|
|poke|p1|Pecharunt|
|poke|p1|Primarina, F|
|poke|p1|Iron Treads|
|poke|p2|Toucannon, M|
|poke|p2|Dragonite, F|
|poke|p2|Zamazenta-*|
|poke|p2|Iron Treads|
|poke|p2|Zapdos|
|poke|p2|Primarina, F|
|teampreview
|inactive|Battle timer is ON: inactive players will automatically lose when time's up. (requested by romandlui)
|
|t:|1760374553
|teamsize|p1|6
|teamsize|p2|6
|start
|switch|p1a: Ribombee|Ribombee, F|100/100
|switch|p2a: Franky|Toucannon, M|100/100
|turn|1
|
|t:|1760374557
|move|p1a: Ribombee|Sticky Web|p2a: Franky
|-sidestart|p2: romandlui|move: Sticky Web
|move|p2a: Franky|Rock Blast|p1a: Ribombee
|-supereffective|p1a: Ribombee
|-damage|p1a: Ribombee|62/100
|-supereffective|p1a: Ribombee
|-damage|p1a: Ribombee|25/100
|-supereffective|p1a: Ribombee
|-damage|p1a: Ribombee|0 fnt
|faint|p1a: Ribombee
|-hitcount|p1: Ribombee|3
|
|upkeep
|
|t:|1760374566
|switch|p1a: Pecharunt|Pecharunt|100/100
|turn|2
|
|t:|1760374569
|move|p1a: Pecharunt|Malignant Chain|p2a: Franky
|-damage|p2a: Franky|70/100
|move|p2a: Franky|Knock Off|p1a: Pecharunt
|-supereffective|p1a: Pecharunt
|-damage|p1a: Pecharunt|52/100
|-enditem|p1a: Pecharunt|Salac Berry|[from] move: Knock Off|[of] p2a: Franky
|
|upkeep
|turn|3
|
|t:|1760374574
|switch|p2a: Eustass Kid|Iron Treads|100/100
|-item|p2a: Eustass Kid|Air Balloon
|move|p1a: Pecharunt|Malignant Chain|p2a: Eustass Kid
|-immune|p2a: Eustass Kid
|
|upkeep
|turn|4
|
|t:|1760374579
|move|p2a: Eustass Kid|Knock Off|p1a: Pecharunt
|-supereffective|p1a: Pecharunt
|-damage|p1a: Pecharunt|25/100
|move|p1a: Pecharunt|Shadow Ball|p2a: Eustass Kid
|-damage|p2a: Eustass Kid|57/100
|-enditem|p2a: Eustass Kid|Air Balloon
|
|upkeep
|turn|5
|
|t:|1760374586
|move|p2a: Eustass Kid|Earthquake|p1a: Pecharunt
|-supereffective|p1a: Pecharunt
|-damage|p1a: Pecharunt|0 fnt
|faint|p1a: Pecharunt
|
|upkeep
|
|t:|1760374593
|switch|p1a: Iron Treads|Iron Treads|100/100
|turn|6
|
|t:|1760374595
|-terastallize|p2a: Eustass Kid|Flying
|move|p2a: Eustass Kid|Rapid Spin|p1a: Iron Treads
|-resisted|p1a: Iron Treads
|-crit|p1a: Iron Treads
|-damage|p1a: Iron Treads|90/100
|-boost|p2a: Eustass Kid|spe|1
|-sideend|p2: romandlui|Sticky Web|[from] move: Rapid Spin|[of] p2a: Eustass Kid
|move|p1a: Iron Treads|Earthquake|p2a: Eustass Kid
|-immune|p2a: Eustass Kid
|
|upkeep
|turn|7
|
|t:|1760374609
|move|p2a: Eustass Kid|Earthquake|p1a: Iron Treads
|-supereffective|p1a: Iron Treads
|-damage|p1a: Iron Treads|15/100
|move|p1a: Iron Treads|Rapid Spin|p2a: Eustass Kid
|-damage|p2a: Eustass Kid|44/100
|-boost|p1a: Iron Treads|spe|1
|
|upkeep
|turn|8
|
|t:|1760374614
|move|p2a: Eustass Kid|Earthquake|p1a: Iron Treads
|-supereffective|p1a: Iron Treads
|-damage|p1a: Iron Treads|0 fnt
|faint|p1a: Iron Treads
|-end|p1a: Iron Treads|Quark Drive|[silent]
|
|upkeep
|
|t:|1760374630
|switch|p1a: Dragonite|Dragonite, F, shiny|100/100
|turn|9
|
|t:|1760374634
|move|p2a: Eustass Kid|Ice Spinner|p1a: Dragonite
|-supereffective|p1a: Dragonite
|-damage|p1a: Dragonite|52/100
|move|p1a: Dragonite|Dragon Dance|p1a: Dragonite
|-boost|p1a: Dragonite|atk|1
|-boost|p1a: Dragonite|spe|1
|
|-heal|p1a: Dragonite|58/100|[from] item: Leftovers
|upkeep
|turn|10
|
|t:|1760374653
|move|p2a: Eustass Kid|Ice Spinner|p1a: Dragonite
|-supereffective|p1a: Dragonite
|-damage|p1a: Dragonite|0 fnt
|faint|p1a: Dragonite
|
|upkeep
|
|t:|1760374656
|switch|p1a: Gholdengo|Gholdengo|100/100
|-item|p1a: Gholdengo|Air Balloon
|turn|11
|
|t:|1760374659
|move|p2a: Eustass Kid|Knock Off|p1a: Gholdengo
|-supereffective|p1a: Gholdengo
|-damage|p1a: Gholdengo|33/100
|-enditem|p1a: Gholdengo|Air Balloon
|move|p1a: Gholdengo|Shadow Ball|p2a: Eustass Kid
|-damage|p2a: Eustass Kid|0 fnt
|faint|p2a: Eustass Kid
|-end|p2a: Eustass Kid|Quark Drive|[silent]
|
|upkeep
|
|t:|1760374665
|switch|p2a: Enel|Zapdos|100/100
|turn|12
|
|t:|1760374667
|move|p2a: Enel|Thunderbolt|p1a: Gholdengo
|-damage|p1a: Gholdengo|0 fnt
|faint|p1a: Gholdengo
|
|upkeep
|
|t:|1760374669
|switch|p1a: Primarina|Primarina, F|100/100
|turn|13
|
|t:|1760374674
|-terastallize|p1a: Primarina|Steel
|move|p2a: Enel|Thunderbolt|p1a: Primarina
|-damage|p1a: Primarina|33/100
|move|p1a: Primarina|Calm Mind|p1a: Primarina
|-boost|p1a: Primarina|spa|1
|-boost|p1a: Primarina|spd|1
|
|-heal|p1a: Primarina|39/100|[from] item: Leftovers
|upkeep
|turn|14
|
|t:|1760374679
|move|p2a: Enel|Thunderbolt|p1a: Primarina
|-damage|p1a: Primarina|0 fnt
|faint|p1a: Primarina
|
|win|romandlui
|raw|vghhjg's rating: 1517 &rarr; <strong>1497</strong><br />(-20 for losing)
|raw|romandlui's rating: 1524 &rarr; <strong>1544</strong><br />(+20 for winning)
|l|☆vghhjg
|player|p1|
|l|☆romandlui
|player|p2|
