|j|☆goldapplegang
|j|☆Dragon Force 6
|t:|1760316743
|gametype|singles
|player|p1|goldapplegang|265|1105
|player|p2|Dragon Force 6|fisherman-gen4|1108
|gen|9
|tier|[Gen 9] OU
|rated|
|rule|HP Percentage Mod: HP is shown in percentages
|rule|Endless Battle Clause: Forcing endless battles is banned
|rule|Species Clause: Limit one of each Pokémon
|rule|OHKO Clause: OHKO moves are banned
|rule|Evasion Items Clause: Evasion items are banned
|rule|Evasion Moves Clause: Evasion moves are banned
|rule|Evasion Abilities Clause: Evasion abilities are banned
|rule|Sleep Moves Clause: Sleep-inducing moves are banned
|clearpoke
|poke|p1|Weezing-Galar, F|
|poke|p1|Ting-Lu|
|poke|p1|Kingambit, F|
|poke|p1|Raging Bolt|
|poke|p1|Gyarados, F|
|poke|p1|Mimikyu, M|
|poke|p2|Pincurchin, F|
|poke|p2|Iron Valiant|
|poke|p2|Iron Boulder|
|poke|p2|Iron Crown|
|poke|p2|Iron Treads|
|poke|p2|Hawlucha, M|
|teampreview
|inactive|Battle timer is ON: inactive players will automatically lose when time's up. (requested by Dragon Force 6)
|
|t:|1760316750
|teamsize|p1|6
|teamsize|p2|6
|start
|switch|p1a: Weezing|Weezing-Galar, F|100/100
|switch|p2a: Pincurchin|Pincurchin, F|100/100
|-fieldstart|move: Misty Terrain|[from] ability: Misty Surge|[of] p1a: Weezing
|-fieldstart|move: Electric Terrain|[from] ability: Electric Surge|[of] p2a: Pincurchin
|turn|1
|
|t:|1760316774
|switch|p1a: Ting-Lu|Ting-Lu|100/100
|-ability|p1a: Ting-Lu|Vessel of Ruin
|move|p2a: Pincurchin|Spikes|p1a: Ting-Lu
|-sidestart|p1: goldapplegang|Spikes
|
|upkeep
|turn|2
|
|t:|1760316784
|switch|p2a: Hawlucha|Hawlucha, M|100/100
|-enditem|p2a: Hawlucha|Electric Seed
|-boost|p2a: Hawlucha|def|1|[from] item: Electric Seed
|move|p1a: Ting-Lu|Stealth Rock|p2a: Hawlucha
|-sidestart|p2: Dragon Force 6|move: Stealth Rock
|
|upkeep
|turn|3
|
|t:|1760316801
|switch|p1a: Raging Bolt|Raging Bolt|100/100
|-damage|p1a: Raging Bolt|88/100|[from] Spikes
|-enditem|p1a: Raging Bolt|Booster Energy
|-activate|p1a: Raging Bolt|ability: Protosynthesis|[fromitem]
|-start|p1a: Raging Bolt|protosynthesisspa
|move|p2a: Hawlucha|Encore||[still]
|-fail|p2a: Hawlucha
|
|upkeep
|turn|4
|
|t:|1760316812
|switch|p2a: Iron Treads|Iron Treads|100/100
|-damage|p2a: Iron Treads|97/100|[from] Stealth Rock
|-item|p2a: Iron Treads|Air Balloon
|-activate|p2a: Iron Treads|ability: Quark Drive
|-start|p2a: Iron Treads|quarkdrivespe
|move|p1a: Raging Bolt|Thunderclap||[still]
|-fail|p1a: Raging Bolt
|
|upkeep
|turn|5
|
|t:|1760316822
|move|p2a: Iron Treads|Rapid Spin|p1a: Raging Bolt
|-damage|p1a: Raging Bolt|79/100
|-boost|p2a: Iron Treads|spe|1
|-sideend|p2: Dragon Force 6|Stealth Rock|[from] move: Rapid Spin|[of] p2a: Iron Treads
|move|p1a: Raging Bolt|Dragon Pulse|p2a: Iron Treads
|-resisted|p2a: Iron Treads
|-damage|p2a: Iron Treads|52/100
|-enditem|p2a: Iron Treads|Air Balloon
|
|upkeep
|turn|6
|
|t:|1760316834
|move|p2a: Iron Treads|Earth Power|p1a: Raging Bolt
|-supereffective|p1a: Raging Bolt
|-damage|p1a: Raging Bolt|30/100
|move|p1a: Raging Bolt|Dragon Pulse|p2a: Iron Treads
|-resisted|p2a: Iron Treads
|-damage|p2a: Iron Treads|4/100
|
|upkeep
|turn|7
|inactive|goldapplegang has 120 seconds left.
|
|t:|1760316861
|-end|p1a: Raging Bolt|Protosynthesis|[silent]
|switch|p1a: Ting-Lu|Ting-Lu|100/100
|-damage|p1a: Ting-Lu|88/100|[from] Spikes
|-ability|p1a: Ting-Lu|Vessel of Ruin
|move|p2a: Iron Treads|Steel Beam|p1a: Ting-Lu
|-damage|p1a: Ting-Lu|57/100
|-damage|p2a: Iron Treads|0 fnt|[from] steelbeam
|faint|p2a: Iron Treads
|-end|p2a: Iron Treads|Quark Drive|[silent]
|
|-heal|p1a: Ting-Lu|63/100|[from] item: Leftovers
|upkeep
|
|t:|1760316872
|switch|p2a: Iron Valiant|Iron Valiant|100/100
|-activate|p2a: Iron Valiant|ability: Quark Drive
|-start|p2a: Iron Valiant|quarkdrivespe
|turn|8
|inactive|goldapplegang has 120 seconds left.
|
|t:|1760316889
|-end|p2a: Iron Valiant|Quark Drive|[silent]
|switch|p2a: Iron Crown|Iron Crown|100/100
|-activate|p2a: Iron Crown|ability: Quark Drive
|-start|p2a: Iron Crown|quarkdrivespa
|move|p1a: Ting-Lu|Protect||[still]
|-fail|p1a: Ting-Lu
|
|-heal|p1a: Ting-Lu|70/100|[from] item: Leftovers
|-fieldend|move: Electric Terrain
|-end|p2a: Iron Crown|Quark Drive
|upkeep
|turn|9
|inactive|goldapplegang has 120 seconds left.
|
|t:|1760316901
|move|p2a: Iron Crown|Focus Blast|p1a: Ting-Lu
|-supereffective|p1a: Ting-Lu
|-damage|p1a: Ting-Lu|23/100
|move|p1a: Ting-Lu|Stealth Rock|p2a: Iron Crown
|-sidestart|p2: Dragon Force 6|move: Stealth Rock
|
|-heal|p1a: Ting-Lu|29/100|[from] item: Leftovers
|upkeep
|turn|10
|inactive|goldapplegang has 120 seconds left.
|
|t:|1760316914
|move|p1a: Ting-Lu|Protect|p1a: Ting-Lu
|-singleturn|p1a: Ting-Lu|Protect
|move|p2a: Iron Crown|Focus Blast|p1a: Ting-Lu
|-activate|p1a: Ting-Lu|move: Protect
|
|-heal|p1a: Ting-Lu|36/100|[from] item: Leftovers
|upkeep
|turn|11
|inactive|goldapplegang has 120 seconds left.
|
|t:|1760316924
|switch|p1a: Weezing|Weezing-Galar, F|100/100
|-damage|p1a: Weezing|88/100|[from] Spikes
|-fieldstart|move: Misty Terrain|[from] ability: Misty Surge|[of] p1a: Weezing
|move|p2a: Iron Crown|Volt Switch|p1a: Weezing
|-damage|p1a: Weezing|57/100
|
|t:|1760316931
|-end|p2a: Iron Crown|Quark Drive|[silent]
|switch|p2a: Pincurchin|Pincurchin, F|100/100|[from] Volt Switch
|-damage|p2a: Pincurchin|88/100|[from] Stealth Rock
|-fieldstart|move: Electric Terrain|[from] ability: Electric Surge|[of] p2a: Pincurchin
|
|-heal|p1a: Weezing|63/100|[from] item: Leftovers
|upkeep
|turn|12
|inactive|goldapplegang has 120 seconds left.
|
|t:|1760316962
|move|p1a: Weezing|Strange Steam|p2a: Pincurchin
|-damage|p2a: Pincurchin|51/100
|move|p2a: Pincurchin|Spikes|p1a: Weezing
|-sidestart|p1: goldapplegang|Spikes
|
|-heal|p1a: Weezing|69/100|[from] item: Leftovers
|upkeep
|turn|13
|
|t:|1760316969
|switch|p2a: Iron Crown|Iron Crown|100/100
|-damage|p2a: Iron Crown|94/100|[from] Stealth Rock
|-activate|p2a: Iron Crown|ability: Quark Drive
|-start|p2a: Iron Crown|quarkdrivespa
|move|p1a: Weezing|Strange Steam|p2a: Iron Crown
|-resisted|p2a: Iron Crown
|-damage|p2a: Iron Crown|85/100
|
|-heal|p1a: Weezing|75/100|[from] item: Leftovers
|upkeep
|turn|14
|inactive|goldapplegang has 120 seconds left.
|
|t:|1760316987
|move|p1a: Weezing|Protect|p1a: Weezing
|-singleturn|p1a: Weezing|Protect
|move|p2a: Iron Crown|Focus Blast|p1a: Weezing
|-activate|p1a: Weezing|move: Protect
|
|-heal|p1a: Weezing|81/100|[from] item: Leftovers
|upkeep
|turn|15
|
|t:|1760317008
|switch|p1a: Ting-Lu|Ting-Lu|36/100
|-damage|p1a: Ting-Lu|19/100|[from] Spikes
|-ability|p1a: Ting-Lu|Vessel of Ruin
|move|p2a: Iron Crown|Psyshock|p1a: Ting-Lu
|-immune|p1a: Ting-Lu
|
|-heal|p1a: Ting-Lu|25/100|[from] item: Leftovers
|upkeep
|turn|16
|
|t:|1760317012
|move|p2a: Iron Crown|Focus Blast|p1a: Ting-Lu
|-supereffective|p1a: Ting-Lu
|-damage|p1a: Ting-Lu|0 fnt
|faint|p1a: Ting-Lu
|
|upkeep
|
|t:|1760317019
|switch|p1a: Weezing|Weezing-Galar, F|81/100
|-damage|p1a: Weezing|65/100|[from] Spikes
|-fieldstart|move: Misty Terrain|[from] ability: Misty Surge|[of] p1a: Weezing
|-end|p2a: Iron Crown|Quark Drive
|turn|17
|
|t:|1760317026
|switch|p1a: Gyarados|Gyarados, F|100/100
|-enditem|p1a: Gyarados|Misty Seed
|-boost|p1a: Gyarados|spd|1|[from] item: Misty Seed
|move|p2a: Iron Crown|Volt Switch|p1a: Gyarados
|-supereffective|p1a: Gyarados
|-damage|p1a: Gyarados|36/100
|
|t:|1760317032
|-end|p2a: Iron Crown|Quark Drive|[silent]
|switch|p2a: Pincurchin|Pincurchin, F|51/100|[from] Volt Switch
|-damage|p2a: Pincurchin|38/100|[from] Stealth Rock
|-fieldstart|move: Electric Terrain|[from] ability: Electric Surge|[of] p2a: Pincurchin
|
|upkeep
|turn|18
|inactive|goldapplegang has 120 seconds left.
|
|t:|1760317047
|move|p1a: Gyarados|Earthquake|p2a: Pincurchin
|-supereffective|p2a: Pincurchin
|-damage|p2a: Pincurchin|0 fnt
|faint|p2a: Pincurchin
|-ability|p1a: Gyarados|Moxie|boost
|-boost|p1a: Gyarados|atk|1
|
|upkeep
|
|t:|1760317059
|switch|p2a: Iron Valiant|Iron Valiant|100/100
|-damage|p2a: Iron Valiant|94/100|[from] Stealth Rock
|-activate|p2a: Iron Valiant|ability: Quark Drive
|-start|p2a: Iron Valiant|quarkdrivespe
|turn|19
|inactive|goldapplegang has 120 seconds left.
|
|t:|1760317088
|move|p2a: Iron Valiant|Thunderbolt|p1a: Gyarados
|-supereffective|p1a: Gyarados
|-damage|p1a: Gyarados|0 fnt
|faint|p1a: Gyarados
|
|upkeep
|
|t:|1760317094
|switch|p1a: Weezing|Weezing-Galar, F|65/100
|-damage|p1a: Weezing|48/100|[from] Spikes
|-fieldstart|move: Misty Terrain|[from] ability: Misty Surge|[of] p1a: Weezing
|-end|p2a: Iron Valiant|Quark Drive
|turn|20
|
|t:|1760317106
|switch|p1a: Raging Bolt|Raging Bolt|30/100
|-damage|p1a: Raging Bolt|13/100|[from] Spikes
|move|p2a: Iron Valiant|Thunderbolt|p1a: Raging Bolt
|-resisted|p1a: Raging Bolt
|-damage|p1a: Raging Bolt|4/100
|
|upkeep
|turn|21
|
|t:|1760317112
|move|p1a: Raging Bolt|Thunderclap|p2a: Iron Valiant
|-damage|p2a: Iron Valiant|14/100
|move|p2a: Iron Valiant|Thunderbolt|p1a: Raging Bolt
|-resisted|p1a: Raging Bolt
|-damage|p1a: Raging Bolt|0 fnt
|faint|p1a: Raging Bolt
|-end|p1a: Raging Bolt|Protosynthesis|[silent]
|
|upkeep
|
|t:|1760317120
|switch|p1a: Mimikyu|Mimikyu, M|100/100
|-damage|p1a: Mimikyu|84/100|[from] Spikes
|turn|22
|
|t:|1760317124
|move|p2a: Iron Valiant|Thunderbolt|p1a: Mimikyu
|-activate|p1a: Mimikyu|ability: Disguise
|-damage|p1a: Mimikyu|84/100
|detailschange|p1a: Mimikyu|Mimikyu-Busted, M
|-damage|p1a: Mimikyu|72/100|[from] pokemon: Mimikyu-Busted
|-enditem|p1a: Mimikyu|Red Card|[of] p2a: Iron Valiant
|-end|p2a: Iron Valiant|Quark Drive|[silent]
|drag|p2a: Iron Boulder|Iron Boulder|100/100
|-damage|p2a: Iron Boulder|88/100|[from] Stealth Rock
|move|p1a: Mimikyu|Swords Dance|p1a: Mimikyu
|-boost|p1a: Mimikyu|atk|2
|
|upkeep
|turn|23
|inactive|goldapplegang has 120 seconds left.
|
|t:|1760317150
|-terastallize|p2a: Iron Boulder|Rock
|-terastallize|p1a: Mimikyu|Ghost
|move|p1a: Mimikyu|Shadow Sneak|p2a: Iron Boulder
|-damage|p2a: Iron Boulder|31/100
|move|p2a: Iron Boulder|Mighty Cleave|p1a: Mimikyu
|-damage|p1a: Mimikyu|0 fnt
|faint|p1a: Mimikyu
|-damage|p2a: Iron Boulder|21/100|[from] item: Life Orb
|
|upkeep
|
|t:|1760317165
|switch|p1a: Weezing|Weezing-Galar, F|48/100
|-damage|p1a: Weezing|32/100|[from] Spikes
|turn|24
|
|t:|1760317171
|move|p1a: Weezing|Protect|p1a: Weezing
|-singleturn|p1a: Weezing|Protect
|move|p2a: Iron Boulder|Earthquake|p1a: Weezing
|-activate|p1a: Weezing|move: Protect
|
|-heal|p1a: Weezing|38/100|[from] item: Leftovers
|-fieldend|Misty Terrain
|upkeep
|turn|25
|inactive|goldapplegang has 120 seconds left.
|
|t:|1760317189
|move|p2a: Iron Boulder|Earthquake|p1a: Weezing
|-supereffective|p1a: Weezing
|-damage|p1a: Weezing|0 fnt
|faint|p1a: Weezing
|-damage|p2a: Iron Boulder|11/100|[from] item: Life Orb
|
|upkeep
|
|t:|1760317192
|switch|p1a: Kingambit|Kingambit, F|100/100
|-damage|p1a: Kingambit|84/100|[from] Spikes
|-activate|p1a: Kingambit|ability: Supreme Overlord
|-start|p1a: Kingambit|fallen5|[silent]
|turn|26
|inactive|goldapplegang has 120 seconds left.
|
|t:|1760317200
|move|p1a: Kingambit|Sucker Punch|p2a: Iron Boulder
|-damage|p2a: Iron Boulder|0 fnt
|faint|p2a: Iron Boulder
|-end|p2a: Iron Boulder|Quark Drive|[silent]
|
|-heal|p1a: Kingambit|90/100|[from] item: Leftovers
|upkeep
|
|t:|1760317207
|switch|p2a: Hawlucha|Hawlucha, M|100/100
|-damage|p2a: Hawlucha|88/100|[from] Stealth Rock
|turn|27
|
|t:|1760317211
|move|p1a: Kingambit|Sucker Punch||[still]
|-fail|p1a: Kingambit
|move|p2a: Hawlucha|Encore|p1a: Kingambit
|-start|p1a: Kingambit|Encore
|
|-heal|p1a: Kingambit|96/100|[from] item: Leftovers
|upkeep
|turn|28
|
|t:|1760317217
|move|p1a: Kingambit|Sucker Punch||[still]
|-fail|p1a: Kingambit
|move|p2a: Hawlucha|Swords Dance|p2a: Hawlucha
|-boost|p2a: Hawlucha|atk|2
|
|-heal|p1a: Kingambit|100/100|[from] item: Leftovers
|upkeep
|turn|29
|
|t:|1760317221
|move|p1a: Kingambit|Sucker Punch|p2a: Hawlucha
|-resisted|p2a: Hawlucha
|-crit|p2a: Hawlucha
|-damage|p2a: Hawlucha|25/100
|move|p2a: Hawlucha|Close Combat|p1a: Kingambit
|-supereffective|p1a: Kingambit
|-damage|p1a: Kingambit|0 fnt
|-unboost|p2a: Hawlucha|def|1
|-unboost|p2a: Hawlucha|spd|1
|faint|p1a: Kingambit
|-end|p1a: Kingambit|fallen5|[silent]
|
|win|Dragon Force 6
|raw|goldapplegang's rating: 1105 &rarr; <strong>1080</strong><br />(-25 for losing)
|raw|Dragon Force 6's rating: 1108 &rarr; <strong>1133</strong><br />(+25 for winning)
|l|☆goldapplegang
|player|p1|
