|j|☆leonelpapilons
|j|☆Crocodile E
|t:|1760451039
|gametype|singles
|player|p1|leonelpapilons|265|1406
|player|p2|Crocodile E|boarder|1403
|gen|9
|tier|[Gen 9] OU
|rated|
|rule|HP Percentage Mod: HP is shown in percentages
|rule|Endless Battle Clause: Forcing endless battles is banned
|rule|Species Clause: Limit one of each Pokémon
|rule|OHKO Clause: OHKO moves are banned
|rule|Evasion Items Clause: Evasion items are banned
|rule|Evasion Moves Clause: Evasion moves are banned
|rule|Evasion Abilities Clause: Evasion abilities are banned
|rule|Sleep Moves Clause: Sleep-inducing moves are banned
|clearpoke
|poke|p1|Tyranitar, M|
|poke|p1|Excadrill, M|
|poke|p1|Zamazenta-*|
|poke|p1|Ogerpon-Wellspring, F|
|poke|p1|Moltres|
|poke|p1|Primarina, F|
|poke|p2|Glimmora, M|
|poke|p2|Iron Treads|
|poke|p2|Polteageist-Antique|
|poke|p2|Raging Bolt|
|poke|p2|Dragonite, F|
|poke|p2|Zamazenta-*|
|teampreview
|inactive|Battle timer is ON: inactive players will automatically lose when time's up. (requested by Crocodile E)
|
|t:|1760451052
|teamsize|p1|6
|teamsize|p2|6
|start
|switch|p1a: Primarina|Primarina, F|100/100
|switch|p2a: Iron Treads|Iron Treads|100/100
|-enditem|p2a: Iron Treads|Booster Energy
|-activate|p2a: Iron Treads|ability: Quark Drive|[fromitem]
|-start|p2a: Iron Treads|quarkdrivespe
|turn|1
|
|t:|1760451055
|move|p2a: Iron Treads|Stealth Rock|p1a: Primarina
|-sidestart|p1: leonelpapilons|move: Stealth Rock
|move|p1a: Primarina|Surf|p2a: Iron Treads
|-supereffective|p2a: Iron Treads
|-damage|p2a: Iron Treads|15/100
|
|upkeep
|turn|2
|
|t:|1760451065
|move|p2a: Iron Treads|Endeavor|p1a: Primarina
|-damage|p1a: Primarina|15/100
|move|p1a: Primarina|Surf|p2a: Iron Treads
|-supereffective|p2a: Iron Treads
|-damage|p2a: Iron Treads|0 fnt
|faint|p2a: Iron Treads
|-end|p2a: Iron Treads|Quark Drive|[silent]
|
|-heal|p1a: Primarina|21/100|[from] item: Leftovers
|upkeep
|
|t:|1760451068
|switch|p2a: Glimmora|Glimmora, M|100/100
|turn|3
|
|t:|1760451072
|move|p2a: Glimmora|Power Gem|p1a: Primarina
|-damage|p1a: Primarina|0 fnt
|faint|p1a: Primarina
|
|upkeep
|
|t:|1760451091
|switch|p1a: Ogerpon|Ogerpon-Wellspring, F|100/100
|-damage|p1a: Ogerpon|88/100|[from] Stealth Rock
|turn|4
|
|t:|1760451095
|switch|p2a: Zamazenta|Zamazenta|100/100
|-ability|p2a: Zamazenta|Dauntless Shield|boost
|-boost|p2a: Zamazenta|def|1
|move|p1a: Ogerpon|Ivy Cudgel|p2a: Zamazenta|[anim] Ivy Cudgel Water
|-damage|p2a: Zamazenta|74/100
|
|-heal|p2a: Zamazenta|80/100|[from] item: Leftovers
|upkeep
|turn|5
|
|t:|1760451100
|move|p2a: Zamazenta|Body Press|p1a: Ogerpon
|-damage|p1a: Ogerpon|17/100
|move|p1a: Ogerpon|Knock Off|p2a: Zamazenta
|-resisted|p2a: Zamazenta
|-damage|p2a: Zamazenta|71/100
|-enditem|p2a: Zamazenta|Leftovers|[from] move: Knock Off|[of] p1a: Ogerpon
|
|upkeep
|turn|6
|
|t:|1760451104
|switch|p1a: Zamazenta|Zamazenta|100/100
|-damage|p1a: Zamazenta|94/100|[from] Stealth Rock
|-ability|p1a: Zamazenta|Dauntless Shield|boost
|-boost|p1a: Zamazenta|def|1
|move|p2a: Zamazenta|Iron Defense|p2a: Zamazenta
|-boost|p2a: Zamazenta|def|2
|
|-heal|p1a: Zamazenta|100/100|[from] item: Leftovers
|upkeep
|turn|7
|
|t:|1760451109
|move|p2a: Zamazenta|Body Press|p1a: Zamazenta
|-damage|p1a: Zamazenta|51/100
|move|p1a: Zamazenta|Roar|p2a: Zamazenta
|drag|p2a: Glimmora|Glimmora, M|100/100
|
|-heal|p1a: Zamazenta|57/100|[from] item: Leftovers
|upkeep
|turn|8
|
|t:|1760451114
|move|p2a: Glimmora|Sludge Wave|p1a: Zamazenta
|-crit|p1a: Zamazenta
|-damage|p1a: Zamazenta|0 fnt
|faint|p1a: Zamazenta
|
|upkeep
|
|t:|1760451117
|switch|p1a: Excadrill|Excadrill, M|100/100
|-damage|p1a: Excadrill|97/100|[from] Stealth Rock
|-item|p1a: Excadrill|Air Balloon
|turn|9
|
|t:|1760451122
|switch|p2a: Polteageist|Polteageist-Antique|100/100
|-terastallize|p1a: Excadrill|Ice
|move|p1a: Excadrill|Tera Blast|p2a: Polteageist|[anim] Tera Blast Ice
|-crit|p2a: Polteageist
|-enditem|p2a: Polteageist|Focus Sash
|-damage|p2a: Polteageist|1/100
|-ability|p2a: Polteageist|Weak Armor|boost
|-unboost|p2a: Polteageist|def|1
|-boost|p2a: Polteageist|spe|2
|
|upkeep
|turn|10
|
|t:|1760451132
|move|p2a: Polteageist|Shadow Ball|p1a: Excadrill
|-damage|p1a: Excadrill|32/100
|-enditem|p1a: Excadrill|Air Balloon
|move|p1a: Excadrill|Iron Head|p2a: Polteageist
|-damage|p2a: Polteageist|0 fnt
|faint|p2a: Polteageist
|
|upkeep
|
|t:|1760451135
|switch|p2a: Glimmora|Glimmora, M|100/100
|turn|11
|
|t:|1760451141
|move|p2a: Glimmora|Power Gem|p1a: Excadrill
|-supereffective|p1a: Excadrill
|-damage|p1a: Excadrill|0 fnt
|faint|p1a: Excadrill
|
|upkeep
|
|t:|1760451145
|switch|p1a: Tyranitar|Tyranitar, M|100/100
|-damage|p1a: Tyranitar|88/100|[from] Stealth Rock
|-weather|Sandstorm|[from] ability: Sand Stream|[of] p1a: Tyranitar
|turn|12
|
|t:|1760451150
|move|p2a: Glimmora|Power Gem|p1a: Tyranitar
|-damage|p1a: Tyranitar|70/100
|move|p1a: Tyranitar|Stealth Rock|p2a: Glimmora
|-sidestart|p2: Crocodile E|move: Stealth Rock
|
|-weather|Sandstorm|[upkeep]
|upkeep
|turn|13
|
|t:|1760451154
|move|p2a: Glimmora|Power Gem|p1a: Tyranitar
|-damage|p1a: Tyranitar|52/100
|move|p1a: Tyranitar|Ice Beam|p2a: Glimmora
|-damage|p2a: Glimmora|81/100
|-status|p2a: Glimmora|frz
|
|-weather|Sandstorm|[upkeep]
|upkeep
|turn|14
|
|t:|1760451158
|switch|p1a: Ogerpon|Ogerpon-Wellspring, F|17/100
|-damage|p1a: Ogerpon|5/100|[from] Stealth Rock
|cant|p2a: Glimmora|frz
|
|-weather|Sandstorm|[upkeep]
|-damage|p1a: Ogerpon|0 fnt|[from] Sandstorm
|faint|p1a: Ogerpon
|upkeep
|
|t:|1760451160
|switch|p1a: Moltres|Moltres|100/100
|turn|15
|l|☆leonelpapilons
|inactive|leonelpapilons disconnected and has a minute to reconnect!
|player|p1|
|inactive|leonelpapilons has 30 seconds to reconnect!
|inactive|leonelpapilons has 20 seconds to reconnect!
|inactive|leonelpapilons has 15 seconds to reconnect!
|inactive|leonelpapilons has 10 seconds to reconnect!
|inactive|leonelpapilons has 5 seconds to reconnect!
|-message|leonelpapilons lost due to inactivity.
|
|win|Crocodile E
|raw|leonelpapilons's rating: 1406 &rarr; <strong>1386</strong><br />(-20 for losing)
|raw|Crocodile E's rating: 1403 &rarr; <strong>1423</strong><br />(+20 for winning)
|l|☆Crocodile E
|player|p2|
