|j|☆Agent Derf
|j|☆UltraGodGreninja
|t:|1760332650
|gametype|singles
|player|p1|Agent Derf|102|1494
|player|p2|UltraGodGreninja|skyla|1484
|gen|9
|tier|[Gen 9] OU
|rated|
|rule|HP Percentage Mod: HP is shown in percentages
|rule|Endless Battle Clause: Forcing endless battles is banned
|rule|Species Clause: Limit one of each Pokémon
|rule|OHKO Clause: OHKO moves are banned
|rule|Evasion Items Clause: Evasion items are banned
|rule|Evasion Moves Clause: Evasion moves are banned
|rule|Evasion Abilities Clause: Evasion abilities are banned
|rule|Sleep Moves Clause: Sleep-inducing moves are banned
|clearpoke
|poke|p1|Typhlosion-Hisui, F|
|poke|p1|Ogerpon-Wellspring, F|
|poke|p1|Mienshao, M|
|poke|p1|Great Tusk|
|poke|p1|Glimmora, F|
|poke|p1|Dragapult, M|
|poke|p2|Greninja-*, F|
|poke|p2|Great Tusk|
|poke|p2|Lokix, M|
|poke|p2|Slowking-Galar, F|
|poke|p2|Heatran, M|
|poke|p2|Zapdos|
|teampreview
|
|t:|1760332661
|teamsize|p1|6
|teamsize|p2|6
|start
|switch|p1a: Typhlosion|Typhlosion-Hisui, F|100/100
|switch|p2a: Greninja|Greninja, F|100/100
|turn|1
|
|t:|1760332668
|switch|p1a: Mienshao|Mienshao, M|100/100
|move|p2a: Greninja|Dark Pulse|p1a: Mienshao
|-start|p2a: Greninja|typechange|Dark|[from] ability: Protean
|-resisted|p1a: Mienshao
|-damage|p1a: Mienshao|50/100
|
|upkeep
|turn|2
|
|t:|1760332679
|switch|p2a: Zapdos|Zapdos|100/100
|move|p1a: Mienshao|U-turn|p2a: Zapdos
|-resisted|p2a: Zapdos
|-damage|p2a: Zapdos|90/100
|-status|p1a: Mienshao|par|[from] ability: Static|[of] p2a: Zapdos
|-damage|p1a: Mienshao|40/100 par|[from] item: Life Orb
|
|t:|1760332685
|switch|p1a: Glimmora|Glimmora, F|100/100|[from] U-turn
|
|upkeep
|turn|3
|
|t:|1760332688
|switch|p2a: Slowking|Slowking-Galar, F|100/100
|move|p1a: Glimmora|Stealth Rock|p2a: Slowking
|-sidestart|p2: UltraGodGreninja|move: Stealth Rock
|
|upkeep
|turn|4
|
|t:|1760332730
|switch|p1a: Mienshao|Mienshao, M|73/100 par
|move|p2a: Slowking|Psychic Noise|p1a: Mienshao
|-supereffective|p1a: Mienshao
|-crit|p1a: Mienshao
|-damage|p1a: Mienshao|0 fnt
|faint|p1a: Mienshao
|
|upkeep
|
|t:|1760332770
|switch|p1a: Typhlosion|Typhlosion-Hisui, F|100/100
|turn|5
|
|t:|1760332826
|switch|p2a: Heatran|Heatran, M|100/100
|-damage|p2a: Heatran|88/100|[from] Stealth Rock
|move|p1a: Typhlosion|Infernal Parade|p2a: Heatran
|-damage|p2a: Heatran|68/100
|
|-heal|p2a: Heatran|75/100|[from] item: Leftovers
|upkeep
|turn|6
|
|t:|1760332866
|move|p1a: Typhlosion|Calm Mind|p1a: Typhlosion
|-boost|p1a: Typhlosion|spa|1
|-boost|p1a: Typhlosion|spd|1
|move|p2a: Heatran|Stealth Rock|p1a: Typhlosion
|-sidestart|p1: Agent Derf|move: Stealth Rock
|
|-heal|p2a: Heatran|81/100|[from] item: Leftovers
|upkeep
|turn|7
|
|t:|1760332910
|move|p1a: Typhlosion|Calm Mind|p1a: Typhlosion
|-boost|p1a: Typhlosion|spa|1
|-boost|p1a: Typhlosion|spd|1
|move|p2a: Heatran|Earth Power|p1a: Typhlosion
|-supereffective|p1a: Typhlosion
|-damage|p1a: Typhlosion|65/100
|
|-heal|p1a: Typhlosion|71/100|[from] item: Leftovers
|-heal|p2a: Heatran|87/100|[from] item: Leftovers
|upkeep
|turn|8
|
|t:|1760332918
|move|p1a: Typhlosion|Infernal Parade|p2a: Heatran
|-damage|p2a: Heatran|52/100
|move|p2a: Heatran|Earth Power|p1a: Typhlosion
|-supereffective|p1a: Typhlosion
|-damage|p1a: Typhlosion|35/100
|-unboost|p1a: Typhlosion|spd|1
|
|-heal|p1a: Typhlosion|41/100|[from] item: Leftovers
|-heal|p2a: Heatran|58/100|[from] item: Leftovers
|upkeep
|turn|9
|
|t:|1760332944
|move|p1a: Typhlosion|Infernal Parade|p2a: Heatran
|-damage|p2a: Heatran|24/100
|move|p2a: Heatran|Earth Power|p1a: Typhlosion
|-supereffective|p1a: Typhlosion
|-damage|p1a: Typhlosion|0 fnt
|faint|p1a: Typhlosion
|
|-heal|p2a: Heatran|30/100|[from] item: Leftovers
|upkeep
|
|t:|1760332949
|switch|p1a: Glimmora|Glimmora, F|100/100
|-damage|p1a: Glimmora|88/100|[from] Stealth Rock
|turn|10
|
|t:|1760332955
|switch|p2a: Slowking|Slowking-Galar, F|100/100
|move|p1a: Glimmora|Earth Power|p2a: Slowking
|-supereffective|p2a: Slowking
|-damage|p2a: Slowking|64/100
|
|upkeep
|turn|11
|inactive|Battle timer is ON: inactive players will automatically lose when time's up. (requested by UltraGodGreninja)
|
|t:|1760333011
|move|p1a: Glimmora|Mortal Spin|p2a: Slowking
|-resisted|p2a: Slowking
|-damage|p2a: Slowking|61/100
|-sideend|p1: Agent Derf|Stealth Rock|[from] move: Mortal Spin|[of] p1a: Glimmora
|move|p2a: Slowking|Psychic Noise|p1a: Glimmora
|-supereffective|p1a: Glimmora
|-damage|p1a: Glimmora|7/100
|-start|p1a: Glimmora|move: Heal Block
|-enditem|p1a: Glimmora|Red Card|[of] p2a: Slowking
|drag|p2a: Great Tusk|Great Tusk|100/100
|
|upkeep
|turn|12
|
|t:|1760333037
|move|p2a: Great Tusk|Rapid Spin|p1a: Glimmora
|-resisted|p1a: Glimmora
|-damage|p1a: Glimmora|0 fnt
|-boost|p2a: Great Tusk|spe|1
|-activate|p1a: Glimmora|ability: Toxic Debris
|-sidestart|p2: UltraGodGreninja|move: Toxic Spikes
|-sideend|p2: UltraGodGreninja|Toxic Spikes|[from] move: Rapid Spin|[of] p2a: Great Tusk
|-sideend|p2: UltraGodGreninja|Stealth Rock|[from] move: Rapid Spin|[of] p2a: Great Tusk
|faint|p1a: Glimmora
|
|upkeep
|
|t:|1760333040
|switch|p1a: Ogerpon|Ogerpon-Wellspring, F|100/100
|turn|13
|
|t:|1760333052
|-end|p2a: Great Tusk|Protosynthesis|[silent]
|switch|p2a: Zapdos|Zapdos|90/100
|move|p1a: Ogerpon|Swords Dance|p1a: Ogerpon
|-boost|p1a: Ogerpon|atk|2
|
|upkeep
|turn|14
|
|t:|1760333058
|move|p1a: Ogerpon|Ivy Cudgel|p2a: Zapdos|[anim] Ivy Cudgel Water
|-crit|p2a: Zapdos
|-damage|p2a: Zapdos|0 fnt
|faint|p2a: Zapdos
|
|upkeep
|
|t:|1760333060
|switch|p2a: Greninja|Greninja, F|100/100
|turn|15
|c|☆UltraGodGreninja|MISCLLICKKKKK
|c|☆UltraGodGreninja|;/
|inactive|Agent Derf has 120 seconds left.
|
|t:|1760333100
|switch|p1a: Great Tusk|Great Tusk|100/100
|move|p2a: Greninja|Sludge Wave|p1a: Great Tusk
|-start|p2a: Greninja|typechange|Poison|[from] ability: Protean
|-resisted|p1a: Great Tusk
|-damage|p1a: Great Tusk|58/100
|
|-heal|p1a: Great Tusk|64/100|[from] item: Leftovers
|upkeep
|turn|16
|inactive|Agent Derf has 120 seconds left.
|
|t:|1760333123
|switch|p2a: Great Tusk|Great Tusk|100/100
|move|p1a: Great Tusk|Bulk Up|p1a: Great Tusk
|-boost|p1a: Great Tusk|atk|1
|-boost|p1a: Great Tusk|def|1
|
|-heal|p1a: Great Tusk|70/100|[from] item: Leftovers
|upkeep
|turn|17
|
|t:|1760333130
|move|p2a: Great Tusk|Rapid Spin|p1a: Great Tusk
|-damage|p1a: Great Tusk|63/100
|-boost|p2a: Great Tusk|spe|1
|move|p1a: Great Tusk|Rapid Spin|p2a: Great Tusk
|-damage|p2a: Great Tusk|83/100
|-boost|p1a: Great Tusk|spe|1
|
|-heal|p1a: Great Tusk|69/100|[from] item: Leftovers
|upkeep
|turn|18
|
|t:|1760333132
|move|p1a: Great Tusk|Bulk Up|p1a: Great Tusk
|-boost|p1a: Great Tusk|atk|1
|-boost|p1a: Great Tusk|def|1
|move|p2a: Great Tusk|Ice Spinner|p1a: Great Tusk
|-supereffective|p1a: Great Tusk
|-damage|p1a: Great Tusk|51/100
|
|-heal|p1a: Great Tusk|57/100|[from] item: Leftovers
|upkeep
|turn|19
|
|t:|1760333138
|move|p2a: Great Tusk|Ice Spinner|p1a: Great Tusk
|-supereffective|p1a: Great Tusk
|-damage|p1a: Great Tusk|38/100
|move|p1a: Great Tusk|Bulk Up|p1a: Great Tusk
|-boost|p1a: Great Tusk|atk|1
|-boost|p1a: Great Tusk|def|1
|
|-heal|p1a: Great Tusk|44/100|[from] item: Leftovers
|upkeep
|turn|20
|
|t:|1760333147
|move|p1a: Great Tusk|Ice Spinner|p2a: Great Tusk
|-supereffective|p2a: Great Tusk
|-damage|p2a: Great Tusk|0 fnt
|faint|p2a: Great Tusk
|-end|p2a: Great Tusk|Protosynthesis|[silent]
|
|-heal|p1a: Great Tusk|50/100|[from] item: Leftovers
|upkeep
|
|t:|1760333150
|switch|p2a: Slowking|Slowking-Galar, F|95/100
|turn|21
|
|t:|1760333159
|switch|p2a: Heatran|Heatran, M|30/100
|-terastallize|p1a: Great Tusk|Ground
|move|p1a: Great Tusk|Headlong Rush|p2a: Heatran
|-supereffective|p2a: Heatran
|-damage|p2a: Heatran|0 fnt
|-unboost|p1a: Great Tusk|def|1
|-unboost|p1a: Great Tusk|spd|1
|faint|p2a: Heatran
|
|-heal|p1a: Great Tusk|56/100|[from] item: Leftovers
|upkeep
|c|☆UltraGodGreninja|GG
|c|☆UltraGodGreninja|RESPEST FOR U
|-message|UltraGodGreninja forfeited.
|
|win|Agent Derf
|raw|Agent Derf's rating: 1452 &rarr; <strong>1474</strong><br />(+22 for winning)
|raw|UltraGodGreninja's rating: 1492 &rarr; <strong>1470</strong><br />(-22 for losing)
|l|☆Agent Derf
|player|p1|
|l|☆UltraGodGreninja
|player|p2|
