|j|☆jojonotsuck
|j|☆LucyLikePizza
|t:|1760461228
|gametype|singles
|player|p1|jojonotsuck|skullgrunt|1641
|player|p2|LucyLikePizza|karen|1629
|gen|9
|tier|[Gen 9] OU
|rated|
|rule|HP Percentage Mod: HP is shown in percentages
|rule|Endless Battle Clause: Forcing endless battles is banned
|rule|Species Clause: Limit one of each Pokémon
|rule|OHKO Clause: OHKO moves are banned
|rule|Evasion Items Clause: Evasion items are banned
|rule|Evasion Moves Clause: Evasion moves are banned
|rule|Evasion Abilities Clause: Evasion abilities are banned
|rule|Sleep Moves Clause: Sleep-inducing moves are banned
|clearpoke
|poke|p1|Excadrill, F|
|poke|p1|Tyranitar, F|
|poke|p1|Tinkaton, F|
|poke|p1|Sinistcha|
|poke|p1|Moltres|
|poke|p1|Ogerpon-Wellspring, F|
|poke|p2|Glimmora, F|
|poke|p2|Deoxys-Speed|
|poke|p2|Iron Crown|
|poke|p2|Dragonite, F|
|poke|p2|Greninja-*, M|
|poke|p2|Sandy Shocks|
|teampreview
|inactive|Battle timer is ON: inactive players will automatically lose when time's up. (requested by LucyLikePizza)
|
|t:|1760461266
|teamsize|p1|6
|teamsize|p2|6
|start
|switch|p1a: Tyranitar|Tyranitar, F|100/100
|switch|p2a: Sandy Shocks|Sandy Shocks|100/100
|-weather|Sandstorm|[from] ability: Sand Stream|[of] p1a: Tyranitar
|-enditem|p2a: Sandy Shocks|Booster Energy
|-activate|p2a: Sandy Shocks|ability: Protosynthesis|[fromitem]
|-start|p2a: Sandy Shocks|protosynthesisspe
|turn|1
|
|t:|1760461282
|move|p2a: Sandy Shocks|Earth Power|p1a: Tyranitar
|-supereffective|p1a: Tyranitar
|-damage|p1a: Tyranitar|47/100
|move|p1a: Tyranitar|Ice Punch|p2a: Sandy Shocks
|-supereffective|p2a: Sandy Shocks
|-damage|p2a: Sandy Shocks|10/100
|
|-weather|Sandstorm|[upkeep]
|upkeep
|turn|2
|
|t:|1760461290
|switch|p1a: Excadrill|Excadrill, F|100/100
|-item|p1a: Excadrill|Air Balloon
|move|p2a: Sandy Shocks|Stealth Rock|p1a: Excadrill
|-sidestart|p1: jojonotsuck|move: Stealth Rock
|
|-weather|Sandstorm|[upkeep]
|upkeep
|turn|3
|
|t:|1760461303
|move|p1a: Excadrill|Rapid Spin|p2a: Sandy Shocks
|-damage|p2a: Sandy Shocks|0 fnt
|-boost|p1a: Excadrill|spe|1
|-sideend|p1: jojonotsuck|Stealth Rock|[from] move: Rapid Spin|[of] p1a: Excadrill
|faint|p2a: Sandy Shocks
|-end|p2a: Sandy Shocks|Protosynthesis|[silent]
|
|-weather|Sandstorm|[upkeep]
|upkeep
|
|t:|1760461307
|switch|p2a: Greninja|Greninja, M|100/100
|turn|4
|
|t:|1760461324
|switch|p1a: Ogerpon|Ogerpon-Wellspring, F|100/100
|move|p2a: Greninja|Surf|p1a: Ogerpon
|-immune|p1a: Ogerpon|[from] ability: Water Absorb
|
|-weather|Sandstorm|[upkeep]
|-damage|p2a: Greninja|95/100|[from] Sandstorm
|-damage|p1a: Ogerpon|95/100|[from] Sandstorm
|upkeep
|turn|5
|
|t:|1760461345
|switch|p2a: Glimmora|Glimmora, F|100/100
|move|p1a: Ogerpon|U-turn|p2a: Glimmora
|-resisted|p2a: Glimmora
|-damage|p2a: Glimmora|84/100
|-activate|p2a: Glimmora|ability: Toxic Debris
|-sidestart|p1: jojonotsuck|move: Toxic Spikes
|-enditem|p2a: Glimmora|Red Card|[of] p1a: Ogerpon
|drag|p1a: Excadrill|Excadrill, F|100/100
|-item|p1a: Excadrill|Air Balloon
|
|-weather|none
|upkeep
|turn|6
|
|t:|1760461350
|move|p1a: Excadrill|Earthquake|p2a: Glimmora
|-supereffective|p2a: Glimmora
|-damage|p2a: Glimmora|0 fnt
|-activate|p2a: Glimmora|ability: Toxic Debris
|-sidestart|p1: jojonotsuck|move: Toxic Spikes
|faint|p2a: Glimmora
|
|upkeep
|
|t:|1760461356
|switch|p2a: Greninja|Greninja, M|95/100
|turn|7
|
|t:|1760461369
|switch|p1a: Tinkaton|Tinkaton, F|100/100
|-ability|p1a: Tinkaton|Mold Breaker
|-item|p1a: Tinkaton|Air Balloon
|move|p2a: Greninja|Dark Pulse|p1a: Tinkaton
|-resisted|p1a: Tinkaton
|-damage|p1a: Tinkaton|80/100
|-enditem|p1a: Tinkaton|Air Balloon
|-damage|p2a: Greninja|85/100|[from] item: Life Orb
|
|upkeep
|turn|8
|inactive|LucyLikePizza has 120 seconds left.
|
|t:|1760461403
|switch|p2a: Iron Crown|Iron Crown|100/100
|-enditem|p2a: Iron Crown|Booster Energy
|-activate|p2a: Iron Crown|ability: Quark Drive|[fromitem]
|-start|p2a: Iron Crown|quarkdrivespe
|move|p1a: Tinkaton|Thunder Wave|p2a: Iron Crown
|-status|p2a: Iron Crown|par
|
|upkeep
|turn|9
|
|t:|1760461410
|move|p1a: Tinkaton|Stealth Rock|p2a: Iron Crown
|-sidestart|p2: LucyLikePizza|move: Stealth Rock
|move|p2a: Iron Crown|Tachyon Cutter|p1a: Tinkaton
|-damage|p1a: Tinkaton|60/100
|-damage|p1a: Tinkaton|39/100
|-hitcount|p1a: Tinkaton|2
|
|upkeep
|turn|10
|
|t:|1760461438
|move|p1a: Tinkaton|Gigaton Hammer|p2a: Iron Crown
|-resisted|p2a: Iron Crown
|-damage|p2a: Iron Crown|79/100 par
|move|p2a: Iron Crown|Focus Blast|p1a: Tinkaton
|-damage|p1a: Tinkaton|9/100
|
|upkeep
|turn|11
|
|t:|1760461443
|move|p1a: Tinkaton|Encore|p2a: Iron Crown
|-start|p2a: Iron Crown|Encore
|cant|p2a: Iron Crown|par
|
|upkeep
|turn|12
|
|t:|1760461447
|switch|p1a: Sinistcha|Sinistcha|100/100
|move|p2a: Iron Crown|Focus Blast|p1a: Sinistcha
|-immune|p1a: Sinistcha
|
|upkeep
|turn|13
|
|t:|1760461455
|move|p2a: Iron Crown|Focus Blast|p1a: Sinistcha
|-immune|p1a: Sinistcha
|move|p1a: Sinistcha|Shadow Ball|p2a: Iron Crown
|-supereffective|p2a: Iron Crown
|-damage|p2a: Iron Crown|17/100 par
|
|-end|p2a: Iron Crown|Encore
|upkeep
|turn|14
|
|t:|1760461462
|cant|p2a: Iron Crown|par
|move|p1a: Sinistcha|Shadow Ball|p2a: Iron Crown
|-supereffective|p2a: Iron Crown
|-damage|p2a: Iron Crown|0 fnt
|faint|p2a: Iron Crown
|-end|p2a: Iron Crown|Quark Drive|[silent]
|
|upkeep
|
|t:|1760461469
|switch|p2a: Deoxys|Deoxys-Speed|100/100
|-ability|p2a: Deoxys|Pressure
|turn|15
|
|t:|1760461475
|move|p2a: Deoxys|Ice Beam|p1a: Sinistcha
|-supereffective|p1a: Sinistcha
|-damage|p1a: Sinistcha|32/100
|move|p1a: Sinistcha|Shadow Ball|p2a: Deoxys
|-supereffective|p2a: Deoxys
|-damage|p2a: Deoxys|8/100
|
|upkeep
|turn|16
|
|t:|1760461479
|move|p2a: Deoxys|Ice Beam|p1a: Sinistcha
|-supereffective|p1a: Sinistcha
|-damage|p1a: Sinistcha|0 fnt
|faint|p1a: Sinistcha
|
|upkeep
|
|t:|1760461487
|switch|p1a: Tyranitar|Tyranitar, F|47/100
|-status|p1a: Tyranitar|tox
|-weather|Sandstorm|[from] ability: Sand Stream|[of] p1a: Tyranitar
|turn|17
|
|t:|1760461496
|switch|p1a: Tinkaton|Tinkaton, F|9/100
|-ability|p1a: Tinkaton|Mold Breaker
|move|p2a: Deoxys|Thunderbolt|p1a: Tinkaton
|-damage|p1a: Tinkaton|0 fnt
|faint|p1a: Tinkaton
|
|-weather|Sandstorm|[upkeep]
|-damage|p2a: Deoxys|2/100|[from] Sandstorm
|upkeep
|
|t:|1760461503
|switch|p1a: Excadrill|Excadrill, F|100/100
|-item|p1a: Excadrill|Air Balloon
|turn|18
|
|t:|1760461511
|move|p1a: Excadrill|Rapid Spin|p2a: Deoxys
|-damage|p2a: Deoxys|0 fnt
|-boost|p1a: Excadrill|spe|1
|-sideend|p1: jojonotsuck|Toxic Spikes|[from] move: Rapid Spin|[of] p1a: Excadrill
|faint|p2a: Deoxys
|
|-weather|Sandstorm|[upkeep]
|upkeep
|
|t:|1760461517
|switch|p2a: Greninja|Greninja, M|85/100
|-damage|p2a: Greninja|72/100|[from] Stealth Rock
|turn|19
|
|t:|1760461525
|switch|p1a: Ogerpon|Ogerpon-Wellspring, F|95/100
|-terastallize|p2a: Greninja|Water
|move|p2a: Greninja|Water Shuriken|p1a: Ogerpon
|-heal|p1a: Ogerpon|100/100|[from] ability: Water Absorb|[of] p2a: Greninja
|
|-weather|Sandstorm|[upkeep]
|-damage|p2a: Greninja|66/100|[from] Sandstorm
|-damage|p1a: Ogerpon|95/100|[from] Sandstorm
|upkeep
|turn|20
|
|t:|1760461530
|move|p2a: Greninja|Dark Pulse|p1a: Ogerpon
|-damage|p1a: Ogerpon|40/100
|-damage|p2a: Greninja|57/100|[from] item: Life Orb
|cant|p1a: Ogerpon|flinch
|
|-weather|Sandstorm|[upkeep]
|-damage|p2a: Greninja|51/100|[from] Sandstorm
|-damage|p1a: Ogerpon|34/100|[from] Sandstorm
|upkeep
|turn|21
|
|t:|1760461534
|-terastallize|p1a: Ogerpon|Water
|detailschange|p1a: Ogerpon|Ogerpon-Wellspring-Tera, F, tera:Water
|-ability|p1a: Ogerpon|Embody Aspect (Wellspring)|boost
|-boost|p1a: Ogerpon|spd|1
|move|p2a: Greninja|Dark Pulse|p1a: Ogerpon
|-damage|p1a: Ogerpon|0 fnt
|faint|p1a: Ogerpon
|detailschange|p1: Ogerpon|Ogerpon-Wellspring, F|[silent]
|-ability|p2a: Greninja|Battle Bond|boost
|-boost|p2a: Greninja|atk|1
|-boost|p2a: Greninja|spa|1
|-boost|p2a: Greninja|spe|1
|-activate|p2a: Greninja|ability: Battle Bond
|-damage|p2a: Greninja|41/100|[from] item: Life Orb
|
|-weather|none
|upkeep
|
|t:|1760461541
|switch|p1a: Tyranitar|Tyranitar, F|47/100 tox
|-weather|Sandstorm|[from] ability: Sand Stream|[of] p1a: Tyranitar
|turn|22
|
|t:|1760461548
|move|p2a: Greninja|Surf|p1a: Tyranitar
|-supereffective|p1a: Tyranitar
|-damage|p1a: Tyranitar|0 fnt
|faint|p1a: Tyranitar
|-damage|p2a: Greninja|31/100|[from] item: Life Orb
|
|-weather|Sandstorm|[upkeep]
|-damage|p2a: Greninja|25/100|[from] Sandstorm
|upkeep
|
|t:|1760461551
|switch|p1a: Moltres|Moltres|100/100
|turn|23
|
|t:|1760461555
|move|p2a: Greninja|Surf|p1a: Moltres
|-supereffective|p1a: Moltres
|-damage|p1a: Moltres|0 fnt
|faint|p1a: Moltres
|-damage|p2a: Greninja|15/100|[from] item: Life Orb
|
|-weather|Sandstorm|[upkeep]
|-damage|p2a: Greninja|9/100|[from] Sandstorm
|upkeep
|-message|jojonotsuck forfeited.
|
|win|LucyLikePizza
|raw|jojonotsuck's rating: 1641 &rarr; <strong>1620</strong><br />(-21 for losing)
|raw|LucyLikePizza's rating: 1629 &rarr; <strong>1650</strong><br />(+21 for winning)
|l|☆jojonotsuck
|player|p1|
|l|☆LucyLikePizza
|player|p2|
