|j|☆luca1996
|j|☆BonslyHarveyOswald
|t:|1760460523
|gametype|singles
|player|p1|luca1996|boarder|1321
|player|p2|BonslyHarveyOswald|2|1325
|gen|9
|tier|[Gen 9] OU
|rated|
|rule|HP Percentage Mod: HP is shown in percentages
|rule|Endless Battle Clause: Forcing endless battles is banned
|rule|Species Clause: Limit one of each Pokémon
|rule|OHKO Clause: OHKO moves are banned
|rule|Evasion Items Clause: Evasion items are banned
|rule|Evasion Moves Clause: Evasion moves are banned
|rule|Evasion Abilities Clause: Evasion abilities are banned
|rule|Sleep Moves Clause: Sleep-inducing moves are banned
|clearpoke
|poke|p1|Goodra, F|
|poke|p1|Snorlax, F|
|poke|p1|Primarina, M|
|poke|p1|Cinderace, M|
|poke|p1|Primeape, F|
|poke|p1|Iron Jugulis|
|poke|p2|Garganacl, F|
|poke|p2|Dragapult, F|
|poke|p2|Ogerpon-Wellspring, F|
|poke|p2|Moltres|
|poke|p2|Zamazenta-*|
|poke|p2|Iron Treads|
|teampreview
|inactive|Battle timer is ON: inactive players will automatically lose when time's up. (requested by luca1996)
|
|t:|1760460548
|teamsize|p1|6
|teamsize|p2|6
|start
|switch|p1a: Iron Jugulis|Iron Jugulis|100/100
|switch|p2a: Dragapult|Dragapult, F|100/100
|turn|1
|
|t:|1760460569
|switch|p2a: Iron Treads|Iron Treads|100/100
|move|p1a: Iron Jugulis|Tailwind|p1a: Iron Jugulis
|-sidestart|p1: luca1996|move: Tailwind
|
|upkeep
|turn|2
|
|t:|1760460579
|move|p1a: Iron Jugulis|Dark Pulse|p2a: Iron Treads
|-crit|p2a: Iron Treads
|-damage|p2a: Iron Treads|51/100
|cant|p2a: Iron Treads|flinch
|
|-heal|p2a: Iron Treads|57/100|[from] item: Leftovers
|upkeep
|turn|3
|inactive|luca1996 has 120 seconds left.
|
|t:|1760460619
|move|p1a: Iron Jugulis|Dark Pulse|p2a: Iron Treads
|-damage|p2a: Iron Treads|25/100
|move|p2a: Iron Treads|Rapid Spin|p1a: Iron Jugulis
|-damage|p1a: Iron Jugulis|86/100
|-boost|p2a: Iron Treads|spe|1
|
|-heal|p2a: Iron Treads|31/100|[from] item: Leftovers
|upkeep
|turn|4
|
|t:|1760460628
|move|p1a: Iron Jugulis|Dark Pulse|p2a: Iron Treads
|-damage|p2a: Iron Treads|0 fnt
|faint|p2a: Iron Treads
|-end|p2a: Iron Treads|Quark Drive|[silent]
|
|-sideend|p1: luca1996|move: Tailwind
|upkeep
|inactive|BonslyHarveyOswald has 120 seconds left.
|
|t:|1760460654
|switch|p2a: Ogerpon|Ogerpon-Wellspring, F|100/100
|turn|5
|
|t:|1760460660
|-terastallize|p2a: Ogerpon|Water
|detailschange|p2a: Ogerpon|Ogerpon-Wellspring-Tera, F, tera:Water
|-ability|p2a: Ogerpon|Embody Aspect (Wellspring)|boost
|-boost|p2a: Ogerpon|spd|1
|move|p1a: Iron Jugulis|Air Slash|p2a: Ogerpon
|-damage|p2a: Ogerpon|74/100
|cant|p2a: Ogerpon|flinch
|
|upkeep
|turn|6
|
|t:|1760460666
|move|p1a: Iron Jugulis|Tailwind|p1a: Iron Jugulis
|-sidestart|p1: luca1996|move: Tailwind
|move|p2a: Ogerpon|Swords Dance|p2a: Ogerpon
|-boost|p2a: Ogerpon|atk|2
|
|upkeep
|turn|7
|
|t:|1760460670
|move|p1a: Iron Jugulis|Dark Pulse|p2a: Ogerpon
|-damage|p2a: Ogerpon|45/100
|move|p2a: Ogerpon|Trailblaze|p1a: Iron Jugulis
|-resisted|p1a: Iron Jugulis
|-damage|p1a: Iron Jugulis|56/100
|-boost|p2a: Ogerpon|spe|1
|
|upkeep
|turn|8
|
|t:|1760460672
|move|p1a: Iron Jugulis|Dark Pulse|p2a: Ogerpon
|-damage|p2a: Ogerpon|16/100
|move|p2a: Ogerpon|Synthesis|p2a: Ogerpon
|-heal|p2a: Ogerpon|66/100
|
|upkeep
|turn|9
|
|t:|1760460677
|move|p1a: Iron Jugulis|Air Slash|p2a: Ogerpon
|-damage|p2a: Ogerpon|43/100
|move|p2a: Ogerpon|Trailblaze|p1a: Iron Jugulis
|-resisted|p1a: Iron Jugulis
|-damage|p1a: Iron Jugulis|25/100
|-boost|p2a: Ogerpon|spe|1
|
|-sideend|p1: luca1996|move: Tailwind
|upkeep
|turn|10
|
|t:|1760460680
|move|p2a: Ogerpon|Synthesis|p2a: Ogerpon
|-heal|p2a: Ogerpon|93/100
|move|p1a: Iron Jugulis|Dark Pulse|p2a: Ogerpon
|-damage|p2a: Ogerpon|67/100
|
|upkeep
|turn|11
|
|t:|1760460684
|move|p2a: Ogerpon|Swords Dance|p2a: Ogerpon
|-boost|p2a: Ogerpon|atk|2
|move|p1a: Iron Jugulis|Dark Pulse|p2a: Ogerpon
|-damage|p2a: Ogerpon|38/100
|
|upkeep
|turn|12
|
|t:|1760460686
|move|p2a: Ogerpon|Synthesis|p2a: Ogerpon
|-heal|p2a: Ogerpon|88/100
|move|p1a: Iron Jugulis|Dark Pulse|p2a: Ogerpon
|-damage|p2a: Ogerpon|62/100
|
|upkeep
|turn|13
|
|t:|1760460691
|-end|p1a: Iron Jugulis|Quark Drive|[silent]
|switch|p1a: Goodra|Goodra, F|100/100
|move|p2a: Ogerpon|Swords Dance|p2a: Ogerpon
|-boost|p2a: Ogerpon|atk|2
|
|upkeep
|turn|14
|
|t:|1760460694
|move|p2a: Ogerpon|Ivy Cudgel|p1a: Goodra|[anim] Ivy Cudgel Water
|-resisted|p1a: Goodra
|-damage|p1a: Goodra|0 fnt
|faint|p1a: Goodra
|
|upkeep
|
|t:|1760460703
|switch|p1a: Iron Jugulis|Iron Jugulis|25/100
|turn|15
|
|t:|1760460706
|move|p2a: Ogerpon|Trailblaze|p1a: Iron Jugulis
|-resisted|p1a: Iron Jugulis
|-damage|p1a: Iron Jugulis|0 fnt
|-boost|p2a: Ogerpon|spe|1
|faint|p1a: Iron Jugulis
|-end|p1a: Iron Jugulis|Quark Drive|[silent]
|
|upkeep
|
|t:|1760460717
|switch|p1a: Primarina|Primarina, M|100/100
|turn|16
|
|t:|1760460720
|-terastallize|p1a: Primarina|Steel
|move|p2a: Ogerpon|Trailblaze|p1a: Primarina
|-resisted|p1a: Primarina
|-damage|p1a: Primarina|39/100
|-boost|p2a: Ogerpon|spe|1
|move|p1a: Primarina|Moonblast|p2a: Ogerpon
|-damage|p2a: Ogerpon|28/100
|
|-heal|p1a: Primarina|45/100|[from] item: Leftovers
|upkeep
|turn|17
|
|t:|1760460726
|move|p2a: Ogerpon|Ivy Cudgel|p1a: Primarina|[anim] Ivy Cudgel Water
|-damage|p1a: Primarina|0 fnt
|faint|p1a: Primarina
|
|upkeep
|
|t:|1760460728
|switch|p1a: Cinderace|Cinderace, M|100/100
|turn|18
|
|t:|1760460731
|move|p1a: Cinderace|Sucker Punch|p2a: Ogerpon
|-start|p1a: Cinderace|typechange|Dark|[from] ability: Libero
|-damage|p2a: Ogerpon|0 fnt
|faint|p2a: Ogerpon
|detailschange|p2: Ogerpon|Ogerpon-Wellspring, F|[silent]
|-damage|p1a: Cinderace|91/100|[from] item: Life Orb
|
|upkeep
|
|t:|1760460736
|switch|p2a: Moltres|Moltres|100/100
|turn|19
|
|t:|1760460740
|switch|p1a: Primeape|Primeape, F|100/100
|move|p2a: Moltres|Flamethrower|p1a: Primeape
|-damage|p1a: Primeape|76/100
|
|upkeep
|turn|20
|
|t:|1760460745
|move|p1a: Primeape|Bulk Up|p1a: Primeape
|-boost|p1a: Primeape|atk|1
|-boost|p1a: Primeape|def|1
|move|p2a: Moltres|Will-O-Wisp|p1a: Primeape
|-status|p1a: Primeape|brn
|
|-damage|p1a: Primeape|70/100 brn|[from] brn
|upkeep
|turn|21
|
|t:|1760460754
|move|p1a: Primeape|Bulk Up|p1a: Primeape
|-boost|p1a: Primeape|atk|1
|-boost|p1a: Primeape|def|1
|move|p2a: Moltres|Roar|p1a: Primeape
|drag|p1a: Snorlax|Snorlax, F|100/100
|
|upkeep
|turn|22
|-message|luca1996 forfeited.
|
|win|BonslyHarveyOswald
|raw|luca1996's rating: 1321 &rarr; <strong>1301</strong><br />(-20 for losing)
|raw|BonslyHarveyOswald's rating: 1325 &rarr; <strong>1345</strong><br />(+20 for winning)
|l|☆luca1996
|player|p1|
|l|☆BonslyHarveyOswald
|player|p2|
