|j|☆pelicano17
|j|☆animals
|t:|1760358663
|gametype|singles
|player|p1|pelicano17|skyla|1368
|player|p2|animals|lady-gen4|1453
|gen|9
|tier|[Gen 9] OU
|rated|
|rule|HP Percentage Mod: HP is shown in percentages
|rule|Endless Battle Clause: Forcing endless battles is banned
|rule|Species Clause: Limit one of each Pokémon
|rule|OHKO Clause: OHKO moves are banned
|rule|Evasion Items Clause: Evasion items are banned
|rule|Evasion Moves Clause: Evasion moves are banned
|rule|Evasion Abilities Clause: Evasion abilities are banned
|rule|Sleep Moves Clause: Sleep-inducing moves are banned
|clearpoke
|poke|p1|Iron Valiant|
|poke|p1|Ceruledge, M|
|poke|p1|Great Tusk|
|poke|p1|Landorus-Therian, M|
|poke|p1|Lapras, F|
|poke|p1|Darkrai|
|poke|p2|Darkrai|
|poke|p2|Clefable, F|
|poke|p2|Iron Valiant|
|poke|p2|Tinkaton, F|
|poke|p2|Corviknight, F|
|poke|p2|Dragonite, M|
|teampreview
|inactive|Battle timer is ON: inactive players will automatically lose when time's up. (requested by animals)
|
|t:|1760358678
|teamsize|p1|6
|teamsize|p2|6
|start
|switch|p1a: Darkrai|Darkrai|100/100
|switch|p2a: Tinkaton|Tinkaton, F|100/100
|-item|p2a: Tinkaton|Air Balloon
|turn|1
|
|t:|1760358685
|switch|p1a: Landorus|Landorus-Therian, M|100/100
|-ability|p1a: Landorus|Intimidate|boost
|-unboost|p2a: Tinkaton|atk|1
|move|p2a: Tinkaton|Stealth Rock|p1a: Landorus
|-sidestart|p1: pelicano17|move: Stealth Rock
|
|upkeep
|turn|2
|
|t:|1760358705
|switch|p2a: Corviknight|Corviknight, F|100/100
|-ability|p2a: Corviknight|Pressure
|move|p1a: Landorus|Stealth Rock|p2a: Corviknight
|-sidestart|p2: animals|move: Stealth Rock
|
|upkeep
|turn|3
|
|t:|1760358712
|move|p1a: Landorus|Taunt|p2a: Corviknight
|-start|p2a: Corviknight|move: Taunt
|move|p2a: Corviknight|U-turn|p1a: Landorus
|-resisted|p1a: Landorus
|-damage|p1a: Landorus|92/100
|-damage|p2a: Corviknight|84/100|[from] item: Rocky Helmet|[of] p1a: Landorus
|
|t:|1760358715
|switch|p2a: Darkrai|Darkrai|100/100|[from] U-turn
|-damage|p2a: Darkrai|88/100|[from] Stealth Rock
|
|upkeep
|turn|4
|
|t:|1760358727
|switch|p1a: Lapras|Lapras, F|100/100
|move|p2a: Darkrai|Dark Pulse|p1a: Lapras
|-damage|p1a: Lapras|55/100
|
|upkeep
|turn|5
|
|t:|1760358755
|switch|p2a: Dragonite|Dragonite, M, shiny|100/100
|-damage|p2a: Dragonite|76/100|[from] Stealth Rock
|move|p1a: Lapras|Liquidation|p2a: Dragonite
|-resisted|p2a: Dragonite
|-damage|p2a: Dragonite|59/100
|
|upkeep
|turn|6
|
|t:|1760358762
|move|p2a: Dragonite|Roost|p2a: Dragonite
|-heal|p2a: Dragonite|100/100
|-singleturn|p2a: Dragonite|move: Roost
|move|p1a: Lapras|Icicle Spear|p2a: Dragonite
|-supereffective|p2a: Dragonite
|-damage|p2a: Dragonite|90/100
|-supereffective|p2a: Dragonite
|-damage|p2a: Dragonite|70/100
|-supereffective|p2a: Dragonite
|-damage|p2a: Dragonite|51/100
|-supereffective|p2a: Dragonite
|-damage|p2a: Dragonite|29/100
|-supereffective|p2a: Dragonite
|-damage|p2a: Dragonite|9/100
|-hitcount|p2a: Dragonite|5
|
|upkeep
|turn|7
|
|t:|1760358777
|move|p2a: Dragonite|Earthquake|p1a: Lapras
|-damage|p1a: Lapras|23/100
|move|p1a: Lapras|Icicle Spear|p2a: Dragonite
|-supereffective|p2a: Dragonite
|-damage|p2a: Dragonite|0 fnt
|faint|p2a: Dragonite
|-hitcount|p2: Dragonite|1
|
|upkeep
|
|t:|1760358780
|switch|p2a: Darkrai|Darkrai|88/100
|-damage|p2a: Darkrai|76/100|[from] Stealth Rock
|turn|8
|
|t:|1760358800
|move|p2a: Darkrai|Knock Off|p1a: Lapras
|-damage|p1a: Lapras|0 fnt
|-enditem|p1a: Lapras|Heavy-Duty Boots|[from] move: Knock Off|[of] p2a: Darkrai
|faint|p1a: Lapras
|
|upkeep
|
|t:|1760358809
|switch|p1a: Great Tusk|Great Tusk|100/100
|turn|9
|
|t:|1760358816
|switch|p2a: Tinkaton|Tinkaton, F|100/100
|-damage|p2a: Tinkaton|94/100|[from] Stealth Rock
|-item|p2a: Tinkaton|Air Balloon
|move|p1a: Great Tusk|Rapid Spin|p2a: Tinkaton
|-resisted|p2a: Tinkaton
|-damage|p2a: Tinkaton|84/100
|-boost|p1a: Great Tusk|spe|1
|-enditem|p2a: Tinkaton|Air Balloon
|-sideend|p1: pelicano17|Stealth Rock|[from] move: Rapid Spin|[of] p1a: Great Tusk
|-enditem|p1a: Great Tusk|Heavy-Duty Boots|[silent]|[from] ability: Pickpocket|[of] p1a: Great Tusk
|-item|p2a: Tinkaton|Heavy-Duty Boots|[from] ability: Pickpocket|[of] p1a: Great Tusk
|
|upkeep
|turn|10
|
|t:|1760358831
|switch|p2a: Corviknight|Corviknight, F|84/100
|-damage|p2a: Corviknight|72/100|[from] Stealth Rock
|-ability|p2a: Corviknight|Pressure
|move|p1a: Great Tusk|Earthquake|p2a: Corviknight
|-immune|p2a: Corviknight
|
|upkeep
|turn|11
|
|t:|1760358854
|move|p1a: Great Tusk|Knock Off|p2a: Corviknight
|-damage|p2a: Corviknight|53/100
|-damage|p1a: Great Tusk|84/100|[from] item: Rocky Helmet|[of] p2a: Corviknight
|-enditem|p2a: Corviknight|Rocky Helmet|[from] move: Knock Off|[of] p1a: Great Tusk
|move|p2a: Corviknight|Defog|p1a: Great Tusk
|-unboost|p1a: Great Tusk|evasion|1
|-sideend|p2: animals|Stealth Rock|[from] move: Defog|[of] p2a: Corviknight
|
|upkeep
|turn|12
|
|t:|1760358863
|-end|p1a: Great Tusk|Protosynthesis|[silent]
|switch|p1a: Landorus|Landorus-Therian, M|92/100
|-ability|p1a: Landorus|Intimidate|boost
|-unboost|p2a: Corviknight|atk|1
|move|p2a: Corviknight|Roost|p2a: Corviknight
|-heal|p2a: Corviknight|100/100
|-singleturn|p2a: Corviknight|move: Roost
|
|upkeep
|turn|13
|
|t:|1760358872
|move|p1a: Landorus|Stealth Rock|p2a: Corviknight
|-sidestart|p2: animals|move: Stealth Rock
|move|p2a: Corviknight|Body Press|p1a: Landorus
|-resisted|p1a: Landorus
|-damage|p1a: Landorus|77/100
|-damage|p2a: Corviknight|84/100|[from] item: Rocky Helmet|[of] p1a: Landorus
|
|upkeep
|turn|14
|
|t:|1760358890
|move|p1a: Landorus|Taunt|p2a: Corviknight
|-start|p2a: Corviknight|move: Taunt
|cant|p2a: Corviknight|move: Taunt|Defog
|
|upkeep
|turn|15
|inactive|animals has 120 seconds left.
|
|t:|1760358924
|move|p1a: Landorus|U-turn|p2a: Corviknight
|-resisted|p2a: Corviknight
|-damage|p2a: Corviknight|81/100
|
|t:|1760358930
|switch|p1a: Great Tusk|Great Tusk|84/100|[from] U-turn
|move|p2a: Corviknight|Body Press|p1a: Great Tusk
|-damage|p1a: Great Tusk|64/100
|
|upkeep
|turn|16
|
|t:|1760358938
|move|p1a: Great Tusk|Ice Spinner|p2a: Corviknight
|-damage|p2a: Corviknight|64/100
|move|p2a: Corviknight|Body Press|p1a: Great Tusk
|-damage|p1a: Great Tusk|45/100
|
|-end|p2a: Corviknight|move: Taunt
|upkeep
|turn|17
|
|t:|1760358949
|-end|p1a: Great Tusk|Protosynthesis|[silent]
|switch|p1a: Ceruledge|Ceruledge, M|100/100
|move|p2a: Corviknight|Defog|p1a: Ceruledge
|-unboost|p1a: Ceruledge|evasion|1
|-sideend|p2: animals|Stealth Rock|[from] move: Defog|[of] p2a: Corviknight
|
|upkeep
|turn|18
|
|t:|1760358954
|switch|p2a: Iron Valiant|Iron Valiant|100/100
|-enditem|p2a: Iron Valiant|Booster Energy
|-activate|p2a: Iron Valiant|ability: Quark Drive|[fromitem]
|-start|p2a: Iron Valiant|quarkdrivespe
|move|p1a: Ceruledge|Swords Dance|p1a: Ceruledge
|-boost|p1a: Ceruledge|atk|2
|
|upkeep
|turn|19
|
|t:|1760358963
|move|p2a: Iron Valiant|Encore|p1a: Ceruledge
|-start|p1a: Ceruledge|Encore
|move|p1a: Ceruledge|Swords Dance|p1a: Ceruledge
|-boost|p1a: Ceruledge|atk|2
|
|upkeep
|turn|20
|
|t:|1760358969
|switch|p1a: Landorus|Landorus-Therian, M|77/100
|-ability|p1a: Landorus|Intimidate|boost
|-unboost|p2a: Iron Valiant|atk|1
|move|p2a: Iron Valiant|Spirit Break|p1a: Landorus
|-damage|p1a: Landorus|48/100
|-unboost|p1a: Landorus|spa|1
|-damage|p2a: Iron Valiant|84/100|[from] item: Rocky Helmet|[of] p1a: Landorus
|
|upkeep
|turn|21
|
|t:|1760358977
|-end|p2a: Iron Valiant|Quark Drive|[silent]
|switch|p2a: Corviknight|Corviknight, F|64/100
|-ability|p2a: Corviknight|Pressure
|move|p1a: Landorus|Stealth Rock|p2a: Corviknight
|-sidestart|p2: animals|move: Stealth Rock
|
|upkeep
|turn|22
|
|t:|1760358993
|move|p1a: Landorus|Taunt|p2a: Corviknight
|-start|p2a: Corviknight|move: Taunt
|move|p2a: Corviknight|U-turn|p1a: Landorus
|-resisted|p1a: Landorus
|-damage|p1a: Landorus|39/100
|-damage|p2a: Corviknight|48/100|[from] item: Rocky Helmet|[of] p1a: Landorus
|
|t:|1760359004
|switch|p2a: Tinkaton|Tinkaton, F|84/100|[from] U-turn
|
|upkeep
|turn|23
|
|t:|1760359019
|move|p2a: Tinkaton|Gigaton Hammer|p1a: Landorus
|-damage|p1a: Landorus|0 fnt
|faint|p1a: Landorus
|
|upkeep
|inactive|pelicano17 has 120 seconds left.
|
|t:|1760359051
|switch|p1a: Ceruledge|Ceruledge, M|100/100
|turn|24
|
|t:|1760359053
|move|p2a: Tinkaton|Stealth Rock|p1a: Ceruledge
|-sidestart|p1: pelicano17|move: Stealth Rock
|move|p1a: Ceruledge|Swords Dance|p1a: Ceruledge
|-boost|p1a: Ceruledge|atk|2
|
|upkeep
|turn|25
|
|t:|1760359059
|move|p1a: Ceruledge|Shadow Sneak|p2a: Tinkaton
|-damage|p2a: Tinkaton|40/100
|move|p2a: Tinkaton|Encore|p1a: Ceruledge
|-start|p1a: Ceruledge|Encore
|
|upkeep
|turn|26
|
|t:|1760359064
|switch|p2a: Darkrai|Darkrai|76/100
|-damage|p2a: Darkrai|63/100|[from] Stealth Rock
|move|p1a: Ceruledge|Shadow Sneak|p2a: Darkrai
|-resisted|p2a: Darkrai
|-damage|p2a: Darkrai|38/100
|
|upkeep
|turn|27
|
|t:|1760359079
|-terastallize|p1a: Ceruledge|Flying
|move|p1a: Ceruledge|Shadow Sneak|p2a: Darkrai
|-resisted|p2a: Darkrai
|-damage|p2a: Darkrai|12/100
|move|p2a: Darkrai|Dark Pulse|p1a: Ceruledge
|-damage|p1a: Ceruledge|52/100
|
|upkeep
|turn|28
|
|t:|1760359087
|move|p2a: Darkrai|Sucker Punch|p1a: Ceruledge
|-damage|p1a: Ceruledge|18/100
|-ability|p1a: Ceruledge|Weak Armor|boost
|-unboost|p1a: Ceruledge|def|1
|-boost|p1a: Ceruledge|spe|2
|move|p1a: Ceruledge|Shadow Sneak|p2a: Darkrai
|-resisted|p2a: Darkrai
|-damage|p2a: Darkrai|0 fnt
|faint|p2a: Darkrai
|
|-end|p1a: Ceruledge|Encore
|upkeep
|
|t:|1760359113
|switch|p2a: Clefable|Clefable, F|100/100
|turn|29
|
|t:|1760359128
|move|p1a: Ceruledge|Bitter Blade|p2a: Clefable
|-damage|p2a: Clefable|28/100
|-heal|p1a: Ceruledge|58/100|[from] drain|[of] p2a: Clefable
|move|p2a: Clefable|Moonblast|p1a: Ceruledge
|-damage|p1a: Ceruledge|25/100
|
|-heal|p2a: Clefable|34/100|[from] item: Leftovers
|upkeep
|turn|30
|
|t:|1760359135
|move|p1a: Ceruledge|Bitter Blade|p2a: Clefable
|-damage|p2a: Clefable|0 fnt
|-heal|p1a: Ceruledge|44/100|[from] drain|[of] p2a: Clefable
|faint|p2a: Clefable
|
|upkeep
|-message|animals forfeited.
|
|win|pelicano17
|raw|pelicano17's rating: 1368 &rarr; <strong>1393</strong><br />(+25 for winning)
|raw|animals's rating: 1453 &rarr; <strong>1428</strong><br />(-25 for losing)
|l|☆animals
|player|p2|
|l|☆pelicano17
|player|p1|
