|j|☆yokodai
|j|☆tapu moxo
|t:|1760443772
|gametype|singles
|player|p1|yokodai|101|1609
|player|p2|tapu moxo|yellow|1709
|gen|9
|tier|[Gen 9] OU
|rated|
|rule|HP Percentage Mod: HP is shown in percentages
|rule|Endless Battle Clause: Forcing endless battles is banned
|rule|Species Clause: Limit one of each Pokémon
|rule|OHKO Clause: OHKO moves are banned
|rule|Evasion Items Clause: Evasion items are banned
|rule|Evasion Moves Clause: Evasion moves are banned
|rule|Evasion Abilities Clause: Evasion abilities are banned
|rule|Sleep Moves Clause: Sleep-inducing moves are banned
|clearpoke
|poke|p1|Mamoswine, F|
|poke|p1|Ting-Lu|
|poke|p1|Gastrodon, M|
|poke|p1|Clodsire, F|
|poke|p1|Great Tusk|
|poke|p1|Landorus-Therian, M|
|poke|p2|Smeargle, M|
|poke|p2|Ceruledge, F|
|poke|p2|Kingambit, M|
|poke|p2|Serperior, F|
|poke|p2|Gyarados, F|
|poke|p2|Enamorus, F|
|teampreview
|
|t:|1760443780
|teamsize|p1|6
|teamsize|p2|6
|start
|switch|p1a: Mamoswine|Mamoswine, F|100/100
|switch|p2a: Enamorus|Enamorus, F|100/100
|turn|1
|j| shyahngyoo
|inactive|Battle timer is ON: inactive players will automatically lose when time's up. (requested by tapu moxo)
|
|t:|1760443845
|switch|p1a: Clodsire|Clodsire, F|100/100
|move|p2a: Enamorus|Superpower|p1a: Clodsire
|-resisted|p1a: Clodsire
|-damage|p1a: Clodsire|90/100
|-boost|p2a: Enamorus|atk|1
|-boost|p2a: Enamorus|def|1
|
|-heal|p1a: Clodsire|96/100|[from] item: Leftovers
|upkeep
|turn|2
|
|t:|1760443853
|switch|p2a: Smeargle|Smeargle, M|100/100
|move|p1a: Clodsire|Toxic Spikes|p2a: Smeargle
|-sidestart|p2: tapu moxo|move: Toxic Spikes
|
|-heal|p1a: Clodsire|100/100|[from] item: Leftovers
|upkeep
|turn|3
|
|t:|1760443858
|move|p2a: Smeargle|Glare|p1a: Clodsire
|-status|p1a: Clodsire|par
|move|p1a: Clodsire|Earthquake|p2a: Smeargle
|-damage|p2a: Smeargle|31/100
|
|upkeep
|turn|4
|
|t:|1760443866
|move|p2a: Smeargle|Sticky Web|p1a: Clodsire
|-sidestart|p1: yokodai|move: Sticky Web
|move|p1a: Clodsire|Earthquake|p2a: Smeargle
|-damage|p2a: Smeargle|0 fnt
|faint|p2a: Smeargle
|
|upkeep
|
|t:|1760443882
|switch|p2a: Kingambit|Kingambit, M, shiny|100/100
|turn|5
|j| redxthebest
|
|t:|1760443891
|switch|p1a: Great Tusk|Great Tusk|100/100
|-activate|p1a: Great Tusk|move: Sticky Web
|-unboost|p1a: Great Tusk|spe|1
|move|p2a: Kingambit|Swords Dance|p2a: Kingambit
|-boost|p2a: Kingambit|atk|2
|
|upkeep
|turn|6
|
|t:|1760443914
|-terastallize|p2a: Kingambit|Ghost
|move|p2a: Kingambit|Iron Head|p1a: Great Tusk
|-damage|p1a: Great Tusk|59/100
|-damage|p2a: Kingambit|84/100|[from] item: Rocky Helmet|[of] p1a: Great Tusk
|move|p1a: Great Tusk|Rapid Spin|p2a: Kingambit
|-immune|p2a: Kingambit
|
|-heal|p2a: Kingambit|90/100|[from] item: Leftovers
|upkeep
|turn|7
|
|t:|1760443921
|move|p2a: Kingambit|Iron Head|p1a: Great Tusk
|-crit|p1a: Great Tusk
|-damage|p1a: Great Tusk|0 fnt
|-damage|p2a: Kingambit|74/100|[from] item: Rocky Helmet|[of] p1a: Great Tusk
|faint|p1a: Great Tusk
|-end|p1a: Great Tusk|Protosynthesis|[silent]
|
|-heal|p2a: Kingambit|80/100|[from] item: Leftovers
|upkeep
|l| redxthebest
|inactive|yokodai has 120 seconds left.
|
|t:|1760443947
|switch|p1a: Ting-Lu|Ting-Lu|100/100
|-activate|p1a: Ting-Lu|move: Sticky Web
|-unboost|p1a: Ting-Lu|spe|1
|-ability|p1a: Ting-Lu|Vessel of Ruin
|turn|8
|
|t:|1760443962
|move|p2a: Kingambit|Iron Head|p1a: Ting-Lu
|-damage|p1a: Ting-Lu|51/100
|cant|p1a: Ting-Lu|flinch
|
|-heal|p2a: Kingambit|86/100|[from] item: Leftovers
|upkeep
|turn|9
|n| epitap|shyahngyoo
|
|t:|1760443967
|move|p2a: Kingambit|Iron Head|p1a: Ting-Lu
|-damage|p1a: Ting-Lu|0 fnt
|faint|p1a: Ting-Lu
|
|-heal|p2a: Kingambit|92/100|[from] item: Leftovers
|upkeep
|-message|yokodai forfeited.
|
|win|tapu moxo
|raw|yokodai's rating: 1609 &rarr; <strong>1595</strong><br />(-14 for losing)
|raw|tapu moxo's rating: 1709 &rarr; <strong>1723</strong><br />(+14 for winning)
|l|☆yokodai
|player|p1|
|l|☆tapu moxo
|player|p2|
|j|☆tapu moxo
|player|p2|tapu moxo|yellow|
|l|☆tapu moxo
|player|p2|
