|j|☆0rlandont
|j|☆mach95a113
|t:|1760330210
|gametype|singles
|player|p1|0rlandont|blue|1241
|player|p2|mach95a113|gardenia|1207
|gen|9
|tier|[Gen 9] OU
|rated|
|rule|HP Percentage Mod: HP is shown in percentages
|rule|Endless Battle Clause: Forcing endless battles is banned
|rule|Species Clause: Limit one of each Pokémon
|rule|OHKO Clause: OHKO moves are banned
|rule|Evasion Items Clause: Evasion items are banned
|rule|Evasion Moves Clause: Evasion moves are banned
|rule|Evasion Abilities Clause: Evasion abilities are banned
|rule|Sleep Moves Clause: Sleep-inducing moves are banned
|clearpoke
|poke|p1|Cinderace, M|
|poke|p1|Meowscarada, M|
|poke|p1|Gholdengo|
|poke|p1|Iron Valiant|
|poke|p1|Walking Wake|
|poke|p1|Iron Hands|
|poke|p2|Serperior, M|
|poke|p2|Deoxys-Speed|
|poke|p2|Hoopa-Unbound|
|poke|p2|Grimmsnarl, M|
|poke|p2|Enamorus, F|
|poke|p2|Great Tusk|
|teampreview
|c|☆mach95a113|Good luck!
|
|t:|1760330229
|teamsize|p1|6
|teamsize|p2|6
|start
|switch|p1a: I'm You|Meowscarada, M|100/100
|switch|p2a: Deoxys|Deoxys-Speed|100/100
|-ability|p2a: Deoxys|Pressure
|turn|1
|
|t:|1760330247
|switch|p2a: Great Tusk|Great Tusk|100/100
|-enditem|p2a: Great Tusk|Booster Energy
|-activate|p2a: Great Tusk|ability: Protosynthesis|[fromitem]
|-start|p2a: Great Tusk|protosynthesisatk
|move|p1a: I'm You|Knock Off|p2a: Great Tusk
|-start|p1a: I'm You|typechange|Dark|[from] ability: Protean
|-resisted|p2a: Great Tusk
|-damage|p2a: Great Tusk|90/100
|
|upkeep
|turn|2
|
|t:|1760330258
|switch|p1a: You're Strong|Walking Wake|100/100
|move|p2a: Great Tusk|Stealth Rock|p1a: You're Strong
|-sidestart|p1: 0rlandont|move: Stealth Rock
|
|upkeep
|turn|3
|
|t:|1760330267
|move|p1a: You're Strong|Hurricane|p2a: Great Tusk
|-supereffective|p2a: Great Tusk
|-damage|p2a: Great Tusk|0 fnt
|faint|p2a: Great Tusk
|-end|p2a: Great Tusk|Protosynthesis|[silent]
|-damage|p1a: You're Strong|91/100|[from] item: Life Orb
|
|upkeep
|
|t:|1760330273
|switch|p2a: Grimmsnarl|Grimmsnarl, M|100/100
|turn|4
|
|t:|1760330277
|-end|p1a: You're Strong|Protosynthesis|[silent]
|switch|p1a: Stand Proud|Cinderace, M|100/100
|move|p2a: Grimmsnarl|Light Screen|p2a: Grimmsnarl
|-sidestart|p2: mach95a113|move: Light Screen
|
|upkeep
|turn|5
|
|t:|1760330282
|move|p1a: Stand Proud|Pyro Ball|p2a: Grimmsnarl
|-damage|p2a: Grimmsnarl|35/100
|-status|p2a: Grimmsnarl|brn
|move|p2a: Grimmsnarl|Hammer Arm|p1a: Stand Proud
|-damage|p1a: Stand Proud|84/100
|-unboost|p2a: Grimmsnarl|spe|1
|
|-damage|p2a: Grimmsnarl|29/100 brn|[from] brn
|upkeep
|turn|6
|
|t:|1760330298
|move|p2a: Grimmsnarl|Parting Shot|p1a: Stand Proud
|-unboost|p1a: Stand Proud|atk|1
|-unboost|p1a: Stand Proud|spa|1
|
|t:|1760330305
|switch|p2a: Enamorus|Enamorus, F|100/100|[from] Parting Shot
|move|p1a: Stand Proud|Pyro Ball|p2a: Enamorus
|-damage|p2a: Enamorus|43/100
|-status|p2a: Enamorus|brn
|
|-damage|p2a: Enamorus|37/100 brn|[from] brn
|upkeep
|turn|7
|
|t:|1760330323
|move|p2a: Enamorus|Healing Wish|p2a: Enamorus
|faint|p2a: Enamorus
|move|p1a: Stand Proud|Court Change|p1a: Stand Proud
|-start|p1a: Stand Proud|typechange|Normal|[from] ability: Libero
|-swapsideconditions
|-activate|p1a: Stand Proud|move: Court Change
|
|upkeep
|
|t:|1760330334
|switch|p2a: Deoxys|Deoxys-Speed|100/100
|-damage|p2a: Deoxys|88/100|[from] Stealth Rock
|-ability|p2a: Deoxys|Pressure
|turn|8
|
|t:|1760330340
|move|p1a: Stand Proud|Sucker Punch|p2a: Deoxys
|-supereffective|p2a: Deoxys
|-damage|p2a: Deoxys|48/100
|move|p2a: Deoxys|Superpower|p1a: Stand Proud
|-supereffective|p1a: Stand Proud
|-damage|p1a: Stand Proud|0 fnt
|-unboost|p2a: Deoxys|atk|1
|-unboost|p2a: Deoxys|def|1
|faint|p1a: Stand Proud
|-damage|p2a: Deoxys|38/100|[from] item: Life Orb
|
|upkeep
|
|t:|1760330358
|switch|p1a: I'm You|Meowscarada, M|100/100
|turn|9
|
|t:|1760330362
|move|p1a: I'm You|Knock Off|p2a: Deoxys
|-start|p1a: I'm You|typechange|Dark|[from] ability: Protean
|-supereffective|p2a: Deoxys
|-damage|p2a: Deoxys|0 fnt
|-enditem|p2a: Deoxys|Life Orb|[from] move: Knock Off|[of] p1a: I'm You
|faint|p2a: Deoxys
|
|upkeep
|
|t:|1760330375
|switch|p2a: Hoopa|Hoopa-Unbound|100/100
|-damage|p2a: Hoopa|88/100|[from] Stealth Rock
|turn|10
|
|t:|1760330403
|switch|p1a: The Strongest|Iron Hands|100/100
|move|p2a: Hoopa|Hyperspace Fury|p1a: The Strongest
|-resisted|p1a: The Strongest
|-damage|p1a: The Strongest|74/100
|-unboost|p2a: Hoopa|def|1
|
|upkeep
|turn|11
|
|t:|1760330414
|switch|p2a: Grimmsnarl|Grimmsnarl, M|29/100 brn
|-heal|p2a: Grimmsnarl|100/100|[from] move: Healing Wish
|-damage|p2a: Grimmsnarl|88/100|[from] Stealth Rock
|move|p1a: The Strongest|Drain Punch|p2a: Grimmsnarl
|-damage|p2a: Grimmsnarl|29/100
|-heal|p1a: The Strongest|96/100|[from] drain|[of] p2a: Grimmsnarl
|
|-sideend|p1: 0rlandont|move: Light Screen
|upkeep
|turn|12
|
|t:|1760330439
|move|p2a: Grimmsnarl|Reflect|p2a: Grimmsnarl
|-sidestart|p2: mach95a113|Reflect
|move|p1a: The Strongest|Supercell Slam|p2a: Grimmsnarl
|-damage|p2a: Grimmsnarl|0 fnt
|faint|p2a: Grimmsnarl
|
|upkeep
|
|t:|1760330448
|switch|p2a: Serperior|Serperior, M|100/100
|-damage|p2a: Serperior|88/100|[from] Stealth Rock
|turn|13
|
|t:|1760330457
|-end|p1a: The Strongest|Quark Drive|[silent]
|switch|p1a: I'm You|Meowscarada, M|100/100
|move|p2a: Serperior|Substitute|p2a: Serperior
|-start|p2a: Serperior|Substitute
|-damage|p2a: Serperior|63/100
|
|-heal|p2a: Serperior|70/100|[from] item: Leftovers
|upkeep
|turn|14
|
|t:|1760330472
|move|p1a: I'm You|Triple Axel|p2a: Serperior
|-start|p1a: I'm You|typechange|Ice|[from] ability: Protean
|-supereffective|p2a: Serperior
|-activate|p2a: Serperior|move: Substitute|[damage]
|-supereffective|p2a: Serperior
|-end|p2a: Serperior|Substitute
|-supereffective|p2a: Serperior
|-damage|p2a: Serperior|35/100
|-hitcount|p2a: Serperior|3
|move|p2a: Serperior|Leaf Storm|p1a: I'm You
|-damage|p1a: I'm You|23/100
|-boost|p2a: Serperior|spa|2
|
|-heal|p2a: Serperior|41/100|[from] item: Leftovers
|upkeep
|turn|15
|
|t:|1760330494
|switch|p2a: Hoopa|Hoopa-Unbound|88/100
|-damage|p2a: Hoopa|76/100|[from] Stealth Rock
|move|p1a: I'm You|Triple Axel|p2a: Hoopa
|-damage|p2a: Hoopa|69/100
|-hitcount|p2a: Hoopa|1
|
|upkeep
|turn|16
|
|t:|1760330505
|switch|p1a: Gholdengoat|Gholdengo|100/100
|move|p2a: Hoopa|Trick|p1a: Gholdengoat
|-immune|p1a: Gholdengoat|[from] ability: Good as Gold
|
|upkeep
|turn|17
|
|t:|1760330516
|move|p1a: Gholdengoat|Make It Rain|p2a: Hoopa
|-damage|p2a: Hoopa|22/100
|-unboost|p1a: Gholdengoat|spa|1
|move|p2a: Hoopa|Trick|p1a: Gholdengoat
|-immune|p1a: Gholdengoat|[from] ability: Good as Gold
|
|upkeep
|turn|18
|
|t:|1760330541
|move|p1a: Gholdengoat|Make It Rain|p2a: Hoopa
|-damage|p2a: Hoopa|0 fnt
|-unboost|p1a: Gholdengoat|spa|1
|faint|p2a: Hoopa
|
|upkeep
|
|t:|1760330544
|switch|p2a: Serperior|Serperior, M|41/100
|-damage|p2a: Serperior|29/100|[from] Stealth Rock
|turn|19
|
|t:|1760330562
|switch|p1a: I'm You|Meowscarada, M|23/100
|-terastallize|p2a: Serperior|Stellar
|move|p2a: Serperior|Leaf Storm|p1a: I'm You
|-resisted|p1a: I'm You
|-damage|p1a: I'm You|0 fnt
|-boost|p2a: Serperior|spa|2
|faint|p1a: I'm You
|
|-heal|p2a: Serperior|35/100|[from] item: Leftovers
|-sideend|p2: mach95a113|Reflect
|upkeep
|
|t:|1760330588
|switch|p1a: Nah I'd Win|Iron Valiant|100/100
|-enditem|p1a: Nah I'd Win|Booster Energy
|-activate|p1a: Nah I'd Win|ability: Quark Drive|[fromitem]
|-start|p1a: Nah I'd Win|quarkdrivespe
|turn|20
|
|t:|1760330593
|move|p1a: Nah I'd Win|Moonblast|p2a: Serperior
|-damage|p2a: Serperior|0 fnt
|faint|p2a: Serperior
|
|win|0rlandont
|raw|0rlandont's rating: 1217 &rarr; <strong>1241</strong><br />(+24 for winning)
|raw|mach95a113's rating: 1207 &rarr; <strong>1183</strong><br />(-24 for losing)
|c|☆mach95a113|Gg
|c|☆0rlandont|ggwp
