|j|☆Wyketaure2
|j|☆SamiFawad
|t:|1760437120
|gametype|singles
|player|p1|Wyketaure2|bugsy|1438
|player|p2|SamiFawad|170|1476
|gen|9
|tier|[Gen 9] OU
|rated|
|rule|HP Percentage Mod: HP is shown in percentages
|rule|Endless Battle Clause: Forcing endless battles is banned
|rule|Species Clause: Limit one of each Pokémon
|rule|OHKO Clause: OHKO moves are banned
|rule|Evasion Items Clause: Evasion items are banned
|rule|Evasion Moves Clause: Evasion moves are banned
|rule|Evasion Abilities Clause: Evasion abilities are banned
|rule|Sleep Moves Clause: Sleep-inducing moves are banned
|clearpoke
|poke|p1|Walking Wake|
|poke|p1|Dragapult, M|
|poke|p1|Ogerpon-Wellspring, F|
|poke|p1|Scizor, M|
|poke|p1|Ditto|
|poke|p1|Kingambit, F|
|poke|p2|Iron Moth|
|poke|p2|Samurott-Hisui, F|
|poke|p2|Thundurus-Therian, M|
|poke|p2|Ogerpon-Cornerstone, F|
|poke|p2|Clodsire, F|
|poke|p2|Great Tusk|
|teampreview
|
|t:|1760437138
|teamsize|p1|6
|teamsize|p2|6
|start
|switch|p1a: Dragapult|Dragapult, M|100/100
|switch|p2a: Thundurus|Thundurus-Therian, M|100/100
|turn|1
|
|t:|1760437141
|move|p2a: Thundurus|Dark Pulse|p1a: Dragapult
|-supereffective|p1a: Dragapult
|-damage|p1a: Dragapult|8/100
|move|p1a: Dragapult|Dragon Darts|p2a: Thundurus
|-damage|p2a: Thundurus|45/100
|-anim|p1a: Dragapult|Dragon Darts|p2a: Thundurus
|-damage|p2a: Thundurus|0 fnt
|faint|p2a: Thundurus
|
|upkeep
|
|t:|1760437146
|switch|p2a: Samurott|Samurott-Hisui, F|100/100
|turn|2
|
|t:|1760437149
|switch|p1a: Walking Wake|Walking Wake|100/100
|move|p2a: Samurott|Ceaseless Edge|p1a: Walking Wake
|-damage|p1a: Walking Wake|49/100
|-sidestart|p1: Wyketaure2|Spikes
|
|upkeep
|turn|3
|
|t:|1760437153
|move|p1a: Walking Wake|Draco Meteor|p2a: Samurott
|-enditem|p2a: Samurott|Focus Sash
|-damage|p2a: Samurott|1/100
|-unboost|p1a: Walking Wake|spa|2
|move|p2a: Samurott|Ceaseless Edge|p1a: Walking Wake
|-damage|p1a: Walking Wake|0 fnt
|-sidestart|p1: Wyketaure2|Spikes
|faint|p1a: Walking Wake
|-end|p1a: Walking Wake|Protosynthesis|[silent]
|
|upkeep
|
|t:|1760437159
|switch|p1a: Ogerpon|Ogerpon-Wellspring, F|100/100
|-damage|p1a: Ogerpon|84/100|[from] Spikes
|turn|4
|
|t:|1760437164
|switch|p2a: Clodsire|Clodsire, F|100/100
|move|p1a: Ogerpon|Ivy Cudgel|p2a: Clodsire|[anim] Ivy Cudgel Water
|-immune|p2a: Clodsire|[from] ability: Water Absorb
|
|upkeep
|turn|5
|
|t:|1760437168
|-terastallize|p1a: Ogerpon|Water
|detailschange|p1a: Ogerpon|Ogerpon-Wellspring-Tera, F, tera:Water
|-ability|p1a: Ogerpon|Embody Aspect (Wellspring)|boost
|-boost|p1a: Ogerpon|spd|1
|move|p1a: Ogerpon|Swords Dance|p1a: Ogerpon
|-boost|p1a: Ogerpon|atk|2
|move|p2a: Clodsire|Earthquake|p1a: Ogerpon
|-damage|p1a: Ogerpon|45/100
|
|upkeep
|turn|6
|
|t:|1760437173
|move|p1a: Ogerpon|Power Whip|p2a: Clodsire|[miss]
|-miss|p1a: Ogerpon|p2a: Clodsire
|move|p2a: Clodsire|Counter||[still]
|-fail|p2a: Clodsire
|
|upkeep
|turn|7
|
|t:|1760437176
|switch|p2a: Samurott|Samurott-Hisui, F|1/100
|move|p1a: Ogerpon|Power Whip|p2a: Samurott
|-supereffective|p2a: Samurott
|-damage|p2a: Samurott|0 fnt
|faint|p2a: Samurott
|
|upkeep
|
|t:|1760437179
|switch|p2a: Iron Moth|Iron Moth|100/100
|-enditem|p2a: Iron Moth|Booster Energy
|-activate|p2a: Iron Moth|ability: Quark Drive|[fromitem]
|-start|p2a: Iron Moth|quarkdrivespe
|turn|8
|
|t:|1760437183
|move|p2a: Iron Moth|Sludge Wave|p1a: Ogerpon
|-damage|p1a: Ogerpon|4/100
|move|p1a: Ogerpon|Ivy Cudgel|p2a: Iron Moth|[anim] Ivy Cudgel Water
|-supereffective|p2a: Iron Moth
|-crit|p2a: Iron Moth
|-damage|p2a: Iron Moth|0 fnt
|faint|p2a: Iron Moth
|-end|p2a: Iron Moth|Quark Drive|[silent]
|
|upkeep
|
|t:|1760437195
|switch|p2a: Clodsire|Clodsire, F|100/100
|turn|9
|
|t:|1760437196
|switch|p2a: Great Tusk|Great Tusk|100/100
|move|p1a: Ogerpon|Power Whip|p2a: Great Tusk
|-supereffective|p2a: Great Tusk
|-damage|p2a: Great Tusk|0 fnt
|-damage|p1a: Ogerpon|0 fnt|[from] item: Rocky Helmet|[of] p2a: Great Tusk
|faint|p2a: Great Tusk
|-end|p2a: Great Tusk|Protosynthesis|[silent]
|faint|p1a: Ogerpon
|detailschange|p1: Ogerpon|Ogerpon-Wellspring, F|[silent]
|
|upkeep
|
|t:|1760437202
|switch|p1a: Scizor|Scizor, M|100/100
|switch|p2a: Clodsire|Clodsire, F|100/100
|-damage|p1a: Scizor|84/100|[from] Spikes
|turn|10
|
|t:|1760437207
|move|p1a: Scizor|Bullet Punch|p2a: Clodsire
|-damage|p2a: Clodsire|38/100
|move|p2a: Clodsire|Counter|p1a: Scizor
|-damage|p1a: Scizor|0 fnt
|faint|p1a: Scizor
|
|-heal|p2a: Clodsire|45/100|[from] item: Leftovers
|upkeep
|
|t:|1760437211
|switch|p1a: Kingambit|Kingambit, F|100/100
|-damage|p1a: Kingambit|84/100|[from] Spikes
|-activate|p1a: Kingambit|ability: Supreme Overlord
|-start|p1a: Kingambit|fallen3|[silent]
|turn|11
|
|t:|1760437215
|move|p1a: Kingambit|Swords Dance|p1a: Kingambit
|-boost|p1a: Kingambit|atk|2
|move|p2a: Clodsire|Recover|p2a: Clodsire
|-heal|p2a: Clodsire|95/100
|
|-heal|p1a: Kingambit|90/100|[from] item: Leftovers
|-heal|p2a: Clodsire|100/100|[from] item: Leftovers
|upkeep
|turn|12
|
|t:|1760437217
|move|p1a: Kingambit|Swords Dance|p1a: Kingambit
|-boost|p1a: Kingambit|atk|2
|move|p2a: Clodsire|Counter||[still]
|-fail|p2a: Clodsire
|
|-heal|p1a: Kingambit|96/100|[from] item: Leftovers
|upkeep
|turn|13
|
|t:|1760437219
|move|p1a: Kingambit|Kowtow Cleave|p2a: Clodsire
|-damage|p2a: Clodsire|0 fnt
|faint|p2a: Clodsire
|
|-heal|p1a: Kingambit|100/100|[from] item: Leftovers
|upkeep
|
|t:|1760437222
|switch|p2a: Ogerpon|Ogerpon-Cornerstone, F|100/100
|turn|14
|
|t:|1760437225
|move|p2a: Ogerpon|Low Kick|p1a: Kingambit
|-supereffective|p1a: Kingambit
|-damage|p1a: Kingambit|0 fnt
|faint|p1a: Kingambit
|-end|p1a: Kingambit|fallen3|[silent]
|
|upkeep
|
|t:|1760437229
|switch|p1a: Ditto|Ditto|100/100
|-damage|p1a: Ditto|84/100|[from] Spikes
|-transform|p1a: Ditto|p2a: Ogerpon|[from] ability: Imposter
|turn|15
|
|t:|1760437242
|move|p1a: Ditto|Low Kick|p2a: Ogerpon
|-supereffective|p2a: Ogerpon
|-damage|p2a: Ogerpon|50/100
|move|p2a: Ogerpon|Horn Leech|p1a: Ditto
|-damage|p1a: Ditto|24/100
|-heal|p2a: Ogerpon|80/100|[from] drain|[of] p1a: Ditto
|
|upkeep
|turn|16
|
|t:|1760437246
|move|p1a: Ditto|Low Kick|p2a: Ogerpon
|-supereffective|p2a: Ogerpon
|-damage|p2a: Ogerpon|27/100
|move|p2a: Ogerpon|Horn Leech|p1a: Ditto
|-damage|p1a: Ditto|0 fnt
|-heal|p2a: Ogerpon|39/100|[from] drain|[of] p1a: Ditto
|faint|p1a: Ditto
|
|upkeep
|
|t:|1760437248
|switch|p1a: Dragapult|Dragapult, M|8/100
|-damage|p1a: Dragapult|0 fnt|[from] Spikes
|faint|p1a: Dragapult
|
|win|SamiFawad
|raw|Wyketaure2's rating: 1438 &rarr; <strong>1420</strong><br />(-18 for losing)
|raw|SamiFawad's rating: 1476 &rarr; <strong>1494</strong><br />(+18 for winning)
|l|☆SamiFawad
|player|p2|
|l|☆Wyketaure2
|player|p1|
