|j|☆eros maniac
|j|☆DontMissMantine
|t:|1760451361
|gametype|singles
|player|p1|eros maniac|hilbert-wonderlauncher|1740
|player|p2|DontMissMantine|lucas|1741
|gen|9
|tier|[Gen 9] OU
|rated|
|rule|HP Percentage Mod: HP is shown in percentages
|rule|Endless Battle Clause: Forcing endless battles is banned
|rule|Species Clause: Limit one of each Pokémon
|rule|OHKO Clause: OHKO moves are banned
|rule|Evasion Items Clause: Evasion items are banned
|rule|Evasion Moves Clause: Evasion moves are banned
|rule|Evasion Abilities Clause: Evasion abilities are banned
|rule|Sleep Moves Clause: Sleep-inducing moves are banned
|clearpoke
|poke|p1|Frosmoth, F|
|poke|p1|Maushold-Four|
|poke|p1|Krookodile, F|
|poke|p1|Sinistcha|
|poke|p1|Alomomola, F|
|poke|p1|Weezing-Galar, M|
|poke|p2|Pelipper, F|
|poke|p2|Beartic, M|
|poke|p2|Barraskewda, M|
|poke|p2|Ogerpon-Wellspring, F|
|poke|p2|Zapdos|
|poke|p2|Hatterene, F|
|teampreview
|inactive|Battle timer is ON: inactive players will automatically lose when time's up. (requested by eros maniac)
|j| wgw2333
|
|t:|1760451372
|teamsize|p1|6
|teamsize|p2|6
|start
|switch|p1a: Frosmoth|Frosmoth, F, shiny|100/100
|switch|p2a: Ogerpon|Ogerpon-Wellspring, F|100/100
|turn|1
|
|t:|1760451379
|switch|p1a: Sinistcha|Sinistcha, shiny|100/100
|move|p2a: Ogerpon|Ivy Cudgel|p1a: Sinistcha|[anim] Ivy Cudgel Water
|-resisted|p1a: Sinistcha
|-damage|p1a: Sinistcha|80/100
|
|upkeep
|turn|2
|
|t:|1760451386
|switch|p2a: Pelipper|Pelipper, F|100/100
|-weather|RainDance|[from] ability: Drizzle|[of] p2a: Pelipper
|move|p1a: Sinistcha|Matcha Gotcha|p2a: Pelipper
|-damage|p2a: Pelipper|52/100
|-heal|p1a: Sinistcha|100/100|[from] drain|[of] p2a: Pelipper
|
|-weather|RainDance|[upkeep]
|upkeep
|turn|3
|
|t:|1760451399
|switch|p1a: Alomomola|Alomomola, F, shiny|100/100
|switch|p2a: Zapdos|Zapdos|100/100
|
|-weather|RainDance|[upkeep]
|upkeep
|turn|4
|
|t:|1760451408
|move|p2a: Zapdos|Volt Switch|p1a: Alomomola
|-supereffective|p1a: Alomomola
|-damage|p1a: Alomomola|37/100
|
|t:|1760451411
|switch|p2a: Ogerpon|Ogerpon-Wellspring, F|100/100|[from] Volt Switch
|move|p1a: Alomomola|Mirror Coat|p2a: Ogerpon
|-damage|p2a: Ogerpon|0 fnt
|faint|p2a: Ogerpon
|
|-weather|RainDance|[upkeep]
|upkeep
|
|t:|1760451420
|switch|p2a: Beartic|Beartic, M|100/100
|turn|5
|
|t:|1760451423
|move|p2a: Beartic|Swords Dance|p2a: Beartic
|-boost|p2a: Beartic|atk|2
|move|p1a: Alomomola|Flip Turn|p2a: Beartic
|-damage|p2a: Beartic|69/100
|
|t:|1760451426
|switch|p1a: Weezing|Weezing-Galar, M|100/100|[from] Flip Turn
|-ability|p1a: Weezing|Neutralizing Gas
|
|-weather|RainDance|[upkeep]
|upkeep
|turn|6
|
|t:|1760451438
|move|p2a: Beartic|Icicle Spear|p1a: Weezing
|-damage|p1a: Weezing|80/100
|-damage|p1a: Weezing|61/100
|-damage|p1a: Weezing|42/100
|-damage|p1a: Weezing|24/100
|-hitcount|p1a: Weezing|4
|move|p1a: Weezing|Toxic|p2a: Beartic
|-status|p2a: Beartic|tox
|
|-weather|RainDance|[upkeep]
|-damage|p2a: Beartic|63/100 tox|[from] psn
|upkeep
|turn|7
|j| shrek5baby
|
|t:|1760451450
|move|p2a: Beartic|Icicle Spear|p1a: Weezing
|-damage|p1a: Weezing|3/100
|-damage|p1a: Weezing|0 fnt
|faint|p1a: Weezing
|-end|p1a: Weezing|ability: Neutralizing Gas
|-hitcount|p1: Weezing|2
|
|-weather|RainDance|[upkeep]
|-damage|p2a: Beartic|51/100 tox|[from] psn
|upkeep
|
|t:|1760451454
|switch|p1a: Alomomola|Alomomola, F, shiny|71/100
|turn|8
|
|t:|1760451461
|switch|p2a: Hatterene|Hatterene, F|100/100
|switch|p1a: Krookodile|Krookodile, F|100/100
|-ability|p1a: Krookodile|Intimidate|boost
|-unboost|p2a: Hatterene|atk|1
|
|-weather|RainDance|[upkeep]
|upkeep
|turn|9
|
|t:|1760451474
|switch|p1a: Frosmoth|Frosmoth, F, shiny|100/100
|move|p2a: Hatterene|Healing Wish|p2a: Hatterene
|faint|p2a: Hatterene
|
|-weather|none
|upkeep
|
|t:|1760451481
|switch|p2a: Beartic|Beartic, M|51/100 tox
|-heal|p2a: Beartic|100/100|[from] move: Healing Wish
|turn|10
|inactive|DontMissMantine has 120 seconds left.
|j| Pikmin 13
|
|t:|1760451516
|switch|p2a: Pelipper|Pelipper, F|52/100
|-weather|RainDance|[from] ability: Drizzle|[of] p2a: Pelipper
|switch|p1a: Krookodile|Krookodile, F|100/100
|-ability|p1a: Krookodile|Intimidate|boost
|-unboost|p2a: Pelipper|atk|1
|
|-weather|RainDance|[upkeep]
|upkeep
|turn|11
|inactive|DontMissMantine has 120 seconds left.
|
|t:|1760451526
|move|p1a: Krookodile|Knock Off|p2a: Pelipper
|-damage|p2a: Pelipper|0 fnt
|-enditem|p2a: Pelipper|Damp Rock|[from] move: Knock Off|[of] p1a: Krookodile
|faint|p2a: Pelipper
|
|-weather|RainDance|[upkeep]
|upkeep
|
|t:|1760451536
|switch|p2a: Barraskewda|Barraskewda, M|100/100
|turn|12
|
|t:|1760451539
|switch|p1a: Alomomola|Alomomola, F, shiny|100/100
|move|p2a: Barraskewda|Flip Turn|p1a: Alomomola
|-resisted|p1a: Alomomola
|-damage|p1a: Alomomola|80/100
|-damage|p2a: Barraskewda|84/100|[from] item: Rocky Helmet|[of] p1a: Alomomola
|
|t:|1760451545
|switch|p2a: Beartic|Beartic, M|100/100|[from] Flip Turn
|
|-weather|RainDance|[upkeep]
|upkeep
|turn|13
|
|t:|1760451551
|move|p2a: Beartic|Swords Dance|p2a: Beartic
|-boost|p2a: Beartic|atk|2
|move|p1a: Alomomola|Flip Turn|p2a: Beartic
|-damage|p2a: Beartic|71/100
|
|t:|1760451562
|switch|p1a: Krookodile|Krookodile, F|100/100|[from] Flip Turn
|-ability|p1a: Krookodile|Intimidate|boost
|-unboost|p2a: Beartic|atk|1
|
|-weather|RainDance|[upkeep]
|upkeep
|turn|14
|
|t:|1760451569
|switch|p1a: Alomomola|Alomomola, F, shiny|100/100
|move|p2a: Beartic|Icicle Spear|p1a: Alomomola
|-resisted|p1a: Alomomola
|-damage|p1a: Alomomola|93/100
|-resisted|p1a: Alomomola
|-damage|p1a: Alomomola|87/100
|-resisted|p1a: Alomomola
|-crit|p1a: Alomomola
|-damage|p1a: Alomomola|77/100
|-resisted|p1a: Alomomola
|-damage|p1a: Alomomola|70/100
|-hitcount|p1a: Alomomola|4
|
|-weather|RainDance|[upkeep]
|upkeep
|turn|15
|
|t:|1760451590
|move|p2a: Beartic|Icicle Spear|p1a: Alomomola
|-resisted|p1a: Alomomola
|-damage|p1a: Alomomola|63/100
|-resisted|p1a: Alomomola
|-damage|p1a: Alomomola|57/100
|-resisted|p1a: Alomomola
|-damage|p1a: Alomomola|50/100
|-resisted|p1a: Alomomola
|-crit|p1a: Alomomola
|-damage|p1a: Alomomola|39/100
|-hitcount|p1a: Alomomola|4
|move|p1a: Alomomola|Flip Turn|p2a: Beartic
|-damage|p2a: Beartic|44/100
|-message|DontMissMantine forfeited.
|
|win|eros maniac
|raw|eros maniac's rating: 1740 &rarr; <strong>1760</strong><br />(+20 for winning)
|raw|DontMissMantine's rating: 1741 &rarr; <strong>1721</strong><br />(-20 for losing)
|l|☆DontMissMantine
|player|p2|
|j| bloodhound q50
|l|☆eros maniac
|player|p1|
|l| shrek5baby
|l| Pikmin 13
|l| bloodhound q50
