|j|☆Stranger-er
|j|☆cglob
|inactive|Battle timer is ON: inactive players will automatically lose when time's up.
|t:|1760302423
|gametype|singles
|player|p1|Stranger-er|collector|
|player|p2|cglob|266|
|gen|9
|tier|[Gen 9] OU
|rated|Tournament battle
|rule|HP Percentage Mod: HP is shown in percentages
|rule|Endless Battle Clause: Forcing endless battles is banned
|rule|Species Clause: Limit one of each Pokémon
|rule|OHKO Clause: OHKO moves are banned
|rule|Evasion Items Clause: Evasion items are banned
|rule|Evasion Moves Clause: Evasion moves are banned
|rule|Evasion Abilities Clause: Evasion abilities are banned
|rule|Sleep Moves Clause: Sleep-inducing moves are banned
|raw|<div class="infobox"><details class="readmore"><summary><strong>15 custom rules:</strong></summary> -burmy, -caterpie, -combee, -kricketot, -magikarp, -scatterbug, -sunkern, -tynamo, -typenull, -weedle, -wurmple, -cosmog, -blipbug, -snom, -wynaut</details></div>
|clearpoke
|poke|p1|Ursaring, M|
|poke|p1|Igglybuff, F|
|poke|p1|Rhydon, F|
|poke|p2|Dudunsparce-*, M|
|poke|p2|Zebstrika, F|
|poke|p2|Barraskewda, M|
|teampreview
|j|*Lady Monita ☀
|
|t:|1760302430
|teamsize|p1|3
|teamsize|p2|3
|start
|switch|p1a: Igglybuff|Igglybuff, F|100/100
|switch|p2a: Barraskewda|Barraskewda, M|100/100
|turn|1
|
|t:|1760302440
|switch|p2a: Dudunsparce|Dudunsparce-Three-Segment, M|100/100
|move|p1a: Igglybuff|Reflect|p1a: Igglybuff
|-sidestart|p1: Stranger-er|Reflect
|
|upkeep
|turn|2
|
|t:|1760302444
|move|p2a: Dudunsparce|Glare|p1a: Igglybuff
|-status|p1a: Igglybuff|par
|move|p1a: Igglybuff|Light Screen|p1a: Igglybuff
|-sidestart|p1: Stranger-er|move: Light Screen
|
|upkeep
|turn|3
|
|t:|1760302451
|move|p2a: Dudunsparce|Boomburst|p1a: Igglybuff
|-damage|p1a: Igglybuff|67/100 par
|cant|p1a: Igglybuff|par
|
|upkeep
|turn|4
|
|t:|1760302457
|switch|p1a: Ursaring|Ursaring, M, shiny|100/100
|move|p2a: Dudunsparce|Boomburst|p1a: Ursaring
|-crit|p1a: Ursaring
|-damage|p1a: Ursaring|42/100
|
|upkeep
|turn|5
|
|t:|1760302466
|move|p2a: Dudunsparce|Boomburst|p1a: Ursaring
|-damage|p1a: Ursaring|23/100
|move|p1a: Ursaring|Body Slam|p2a: Dudunsparce
|-damage|p2a: Dudunsparce|48/100
|
|-heal|p2a: Dudunsparce|55/100|[from] item: Leftovers
|upkeep
|turn|6
|
|t:|1760302469
|move|p2a: Dudunsparce|Boomburst|p1a: Ursaring
|-damage|p1a: Ursaring|3/100
|move|p1a: Ursaring|Body Slam|p2a: Dudunsparce
|-damage|p2a: Dudunsparce|9/100
|
|-heal|p2a: Dudunsparce|15/100|[from] item: Leftovers
|upkeep
|turn|7
|
|t:|1760302474
|move|p2a: Dudunsparce|Boomburst|p1a: Ursaring
|-damage|p1a: Ursaring|0 fnt
|faint|p1a: Ursaring
|
|-heal|p2a: Dudunsparce|21/100|[from] item: Leftovers
|upkeep
|
|t:|1760302478
|switch|p1a: Rhydon|Rhydon, F, shiny|100/100
|turn|8
|j| SUKUNA THE KING
|
|t:|1760302484
|move|p2a: Dudunsparce|Roost|p2a: Dudunsparce
|-heal|p2a: Dudunsparce|71/100
|-singleturn|p2a: Dudunsparce|move: Roost
|move|p1a: Rhydon|Earthquake|p2a: Dudunsparce
|-damage|p2a: Dudunsparce|18/100
|
|-heal|p2a: Dudunsparce|24/100|[from] item: Leftovers
|-sideend|p1: Stranger-er|Reflect
|upkeep
|turn|9
|
|t:|1760302492
|move|p2a: Dudunsparce|Roost|p2a: Dudunsparce
|-heal|p2a: Dudunsparce|75/100
|-singleturn|p2a: Dudunsparce|move: Roost
|move|p1a: Rhydon|Earthquake|p2a: Dudunsparce
|-damage|p2a: Dudunsparce|14/100
|
|-heal|p2a: Dudunsparce|20/100|[from] item: Leftovers
|-sideend|p1: Stranger-er|move: Light Screen
|upkeep
|turn|10
|
|t:|1760302519
|move|p2a: Dudunsparce|Ice Beam|p1a: Rhydon
|-supereffective|p1a: Rhydon
|-damage|p1a: Rhydon|55/100
|move|p1a: Rhydon|Earthquake|p2a: Dudunsparce
|-damage|p2a: Dudunsparce|0 fnt
|faint|p2a: Dudunsparce
|
|upkeep
|j| CoffeeDonkey
|
|t:|1760302530
|switch|p2a: Barraskewda|Barraskewda, M|100/100
|turn|11
|
|t:|1760302537
|-terastallize|p2a: Barraskewda|Water
|-terastallize|p1a: Rhydon|Water
|move|p2a: Barraskewda|Liquidation|p1a: Rhydon
|-resisted|p1a: Rhydon
|-damage|p1a: Rhydon|32/100
|move|p1a: Rhydon|Supercell Slam|p2a: Barraskewda
|-supereffective|p2a: Barraskewda
|-damage|p2a: Barraskewda|0 fnt
|faint|p2a: Barraskewda
|
|upkeep
|
|t:|1760302540
|switch|p2a: Zebstrika|Zebstrika, F|100/100
|turn|12
|
|t:|1760302568
|move|p2a: Zebstrika|Supercell Slam|p1a: Rhydon
|-supereffective|p1a: Rhydon
|-damage|p1a: Rhydon|0 fnt
|faint|p1a: Rhydon
|-damage|p2a: Zebstrika|91/100|[from] item: Life Orb
|
|upkeep
|
|t:|1760302570
|switch|p1a: Igglybuff|Igglybuff, F|67/100 par
|turn|13
|l| CoffeeDonkey
|
|t:|1760302577
|move|p2a: Zebstrika|Supercell Slam|p1a: Igglybuff
|-damage|p1a: Igglybuff|0 fnt
|faint|p1a: Igglybuff
|-damage|p2a: Zebstrika|81/100|[from] item: Life Orb
|
|win|cglob
|n|☆Stranger-er|strangerer
|n|☆cglob|cglob
|n|*Lady Monita ☀|ladymonita
|n| SUKUNA THE KING|sukunatheking
