|j|☆Pinnecks
|j|☆Boomix
|t:|1760409137
|gametype|singles
|player|p1|Pinnecks|n|1039
|player|p2|Boomix|swimmerf-gen4|1047
|gen|9
|tier|[Gen 9] OU
|rated|
|rule|HP Percentage Mod: HP is shown in percentages
|rule|Endless Battle Clause: Forcing endless battles is banned
|rule|Species Clause: Limit one of each Pokémon
|rule|OHKO Clause: OHKO moves are banned
|rule|Evasion Items Clause: Evasion items are banned
|rule|Evasion Moves Clause: Evasion moves are banned
|rule|Evasion Abilities Clause: Evasion abilities are banned
|rule|Sleep Moves Clause: Sleep-inducing moves are banned
|clearpoke
|poke|p1|Mimikyu, M|
|poke|p1|Rotom-Wash|
|poke|p1|Zoroark, F|
|poke|p1|Garganacl, M|
|poke|p1|Drifblim, F|
|poke|p1|Espeon, M|
|poke|p2|Porygon2|
|poke|p2|Clodsire, F|
|poke|p2|Rotom-Wash|
|poke|p2|Chandelure, F|
|poke|p2|Scizor, F|
|poke|p2|Iron Boulder|
|teampreview
|inactive|Battle timer is ON: inactive players will automatically lose when time's up. (requested by Boomix)
|inactive|Pinnecks also wants the timer to be on.
|
|t:|1760409144
|teamsize|p1|6
|teamsize|p2|6
|start
|switch|p1a: Tripper|Espeon, M, shiny|100/100
|switch|p2a: Slasher|Iron Boulder|100/100
|-enditem|p2a: Slasher|Booster Energy
|-activate|p2a: Slasher|ability: Quark Drive|[fromitem]
|-start|p2a: Slasher|quarkdriveatk
|turn|1
|
|t:|1760409156
|move|p1a: Tripper|Mud-Slap|p2a: Slasher
|-supereffective|p2a: Slasher
|-damage|p2a: Slasher|86/100
|-unboost|p2a: Slasher|accuracy|1
|move|p2a: Slasher|Agility|p2a: Slasher
|-boost|p2a: Slasher|spe|2
|
|upkeep
|turn|2
|
|t:|1760409168
|move|p2a: Slasher|Throat Chop|p1a: Tripper
|-supereffective|p1a: Tripper
|-crit|p1a: Tripper
|-damage|p1a: Tripper|0 fnt
|faint|p1a: Tripper
|
|upkeep
|
|t:|1760409175
|switch|p1a: X'ed Out|Drifblim, F, shiny|100/100
|turn|3
|
|t:|1760409183
|move|p2a: Slasher|Mighty Cleave|p1a: X'ed Out
|-damage|p1a: X'ed Out|0 fnt
|replace|p1a: Doppelganger|Zoroark, F
|-end|p1a: Doppelganger|Illusion
|faint|p1a: Doppelganger
|
|upkeep
|
|t:|1760409190
|switch|p1a: X'ed Out|Drifblim, F, shiny|100/100
|turn|4
|
|t:|1760409195
|move|p2a: Slasher|Mighty Cleave|p1a: X'ed Out|[miss]
|-miss|p2a: Slasher|p1a: X'ed Out
|move|p1a: X'ed Out|Stockpile|p1a: X'ed Out
|-start|p1a: X'ed Out|stockpile1
|-boost|p1a: X'ed Out|def|1
|-boost|p1a: X'ed Out|spd|1
|
|upkeep
|turn|5
|
|t:|1760409203
|move|p2a: Slasher|Mighty Cleave|p1a: X'ed Out
|-supereffective|p1a: X'ed Out
|-damage|p1a: X'ed Out|0 fnt
|faint|p1a: X'ed Out
|
|upkeep
|
|t:|1760409208
|switch|p1a: 4|Garganacl, M|100/100
|turn|6
|c|☆Boomix|Yaas
|
|t:|1760409216
|move|p2a: Slasher|Mighty Cleave|p1a: 4|[miss]
|-miss|p2a: Slasher|p1a: 4
|move|p1a: 4|Iron Defense|p1a: 4
|-boost|p1a: 4|def|2
|
|upkeep
|turn|7
|
|t:|1760409228
|move|p2a: Slasher|Mighty Cleave|p1a: 4
|-damage|p1a: 4|78/100
|-damage|p2a: Slasher|70/100|[from] item: Rocky Helmet|[of] p1a: 4
|move|p1a: 4|Body Press|p2a: Slasher
|-damage|p2a: Slasher|10/100
|
|upkeep
|turn|8
|
|t:|1760409237
|move|p2a: Slasher|Mighty Cleave|p1a: 4
|-crit|p1a: 4
|-damage|p1a: 4|9/100
|-damage|p2a: Slasher|0 fnt|[from] item: Rocky Helmet|[of] p1a: 4
|faint|p2a: Slasher
|-end|p2a: Slasher|Quark Drive|[silent]
|move|p1a: 4|Iron Defense|p1a: 4
|-boost|p1a: 4|def|2
|
|upkeep
|
|t:|1760409251
|switch|p2a: Cutter|Scizor, F, shiny|100/100
|turn|9
|inactive|Boomix has 120 seconds left.
|
|t:|1760409282
|move|p2a: Cutter|Bullet Punch|p1a: 4
|-supereffective|p1a: 4
|-damage|p1a: 4|0 fnt
|-damage|p2a: Cutter|84/100|[from] item: Rocky Helmet|[of] p1a: 4
|faint|p1a: 4
|
|-heal|p2a: Cutter|90/100|[from] item: Leftovers
|upkeep
|
|t:|1760409291
|switch|p1a: Blue Screen Life|Rotom-Wash|100/100
|turn|10
|
|t:|1760409301
|move|p1a: Blue Screen Life|Thunder Wave|p2a: Cutter
|-status|p2a: Cutter|par
|move|p2a: Cutter|Dual Wingbeat|p1a: Blue Screen Life
|-resisted|p1a: Blue Screen Life
|-damage|p1a: Blue Screen Life|85/100
|-resisted|p1a: Blue Screen Life
|-damage|p1a: Blue Screen Life|69/100
|-hitcount|p1a: Blue Screen Life|2
|
|-heal|p1a: Blue Screen Life|76/100|[from] item: Leftovers
|-heal|p2a: Cutter|96/100 par|[from] item: Leftovers
|upkeep
|turn|11
|
|t:|1760409313
|move|p1a: Blue Screen Life|Confuse Ray|p2a: Cutter
|-start|p2a: Cutter|confusion
|-activate|p2a: Cutter|confusion
|move|p2a: Cutter|Bug Bite|p1a: Blue Screen Life
|-damage|p1a: Blue Screen Life|11/100
|
|-heal|p1a: Blue Screen Life|17/100|[from] item: Leftovers
|-heal|p2a: Cutter|100/100 par|[from] item: Leftovers
|upkeep
|turn|12
|
|t:|1760409322
|-end|p2a: Cutter|confusion
|move|p2a: Cutter|Bullet Punch|p1a: Blue Screen Life
|-resisted|p1a: Blue Screen Life
|-damage|p1a: Blue Screen Life|6/100
|move|p1a: Blue Screen Life|Dark Pulse|p2a: Cutter
|-damage|p2a: Cutter|71/100 par
|
|-heal|p1a: Blue Screen Life|12/100|[from] item: Leftovers
|-heal|p2a: Cutter|77/100 par|[from] item: Leftovers
|upkeep
|turn|13
|
|t:|1760409334
|move|p1a: Blue Screen Life|Confuse Ray|p2a: Cutter
|-start|p2a: Cutter|confusion
|-activate|p2a: Cutter|confusion
|-damage|p2a: Cutter|61/100 par|[from] confusion
|
|-heal|p1a: Blue Screen Life|18/100|[from] item: Leftovers
|-heal|p2a: Cutter|67/100 par|[from] item: Leftovers
|upkeep
|turn|14
|c|☆Boomix|L cheeser
|
|t:|1760409351
|move|p1a: Blue Screen Life|Thunderbolt|p2a: Cutter
|-damage|p2a: Cutter|19/100 par
|-activate|p2a: Cutter|confusion
|cant|p2a: Cutter|par
|
|-heal|p1a: Blue Screen Life|25/100|[from] item: Leftovers
|-heal|p2a: Cutter|25/100 par|[from] item: Leftovers
|upkeep
|turn|15
|
|t:|1760409360
|move|p1a: Blue Screen Life|Dark Pulse|p2a: Cutter
|-damage|p2a: Cutter|0 fnt
|faint|p2a: Cutter
|
|-heal|p1a: Blue Screen Life|31/100|[from] item: Leftovers
|upkeep
|
|t:|1760409373
|switch|p2a: The Clod|Clodsire, F, shiny|100/100
|turn|16
|
|t:|1760409379
|move|p1a: Blue Screen Life|Confuse Ray|p2a: The Clod
|-start|p2a: The Clod|confusion
|-activate|p2a: The Clod|confusion
|move|p2a: The Clod|Toxic|p1a: Blue Screen Life
|-status|p1a: Blue Screen Life|tox
|
|-heal|p1a: Blue Screen Life|37/100 tox|[from] item: Leftovers
|-damage|p1a: Blue Screen Life|31/100 tox|[from] psn
|upkeep
|turn|17
|
|t:|1760409389
|move|p1a: Blue Screen Life|Dark Pulse|p2a: The Clod
|-damage|p2a: The Clod|82/100
|cant|p2a: The Clod|flinch
|
|-heal|p1a: Blue Screen Life|37/100 tox|[from] item: Leftovers
|-heal|p2a: The Clod|89/100|[from] item: Black Sludge
|-damage|p1a: Blue Screen Life|25/100 tox|[from] psn
|upkeep
|turn|18
|
|t:|1760409400
|-terastallize|p1a: Blue Screen Life|Dark
|move|p1a: Blue Screen Life|Dark Pulse|p2a: The Clod
|-damage|p2a: The Clod|63/100
|cant|p2a: The Clod|flinch
|
|-heal|p1a: Blue Screen Life|31/100 tox|[from] item: Leftovers
|-heal|p2a: The Clod|70/100|[from] item: Black Sludge
|-damage|p1a: Blue Screen Life|12/100 tox|[from] psn
|upkeep
|turn|19
|
|t:|1760409411
|move|p1a: Blue Screen Life|Dark Pulse|p2a: The Clod
|-damage|p2a: The Clod|42/100
|-activate|p2a: The Clod|confusion
|-damage|p2a: The Clod|37/100|[from] confusion
|
|-heal|p1a: Blue Screen Life|18/100 tox|[from] item: Leftovers
|-heal|p2a: The Clod|44/100|[from] item: Black Sludge
|-damage|p1a: Blue Screen Life|0 fnt|[from] psn
|faint|p1a: Blue Screen Life
|upkeep
|c|☆Boomix|So Lucky
|
|t:|1760409422
|switch|p1a: Your Loss|Mimikyu, M, shiny|100/100
|turn|20
|
|t:|1760409427
|move|p1a: Your Loss|Swords Dance|p1a: Your Loss
|-boost|p1a: Your Loss|atk|2
|-activate|p2a: The Clod|confusion
|-damage|p2a: The Clod|39/100|[from] confusion
|
|-heal|p2a: The Clod|46/100|[from] item: Black Sludge
|upkeep
|turn|21
|
|t:|1760409436
|move|p1a: Your Loss|Shadow Claw|p2a: The Clod
|-damage|p2a: The Clod|4/100
|-activate|p2a: The Clod|confusion
|move|p2a: The Clod|Toxic|p1a: Your Loss
|-status|p1a: Your Loss|tox
|
|-heal|p2a: The Clod|10/100|[from] item: Black Sludge
|-damage|p1a: Your Loss|95/100 tox|[from] psn
|upkeep
|turn|22
|
|t:|1760409448
|move|p1a: Your Loss|Shadow Sneak|p2a: The Clod
|-damage|p2a: The Clod|0 fnt
|faint|p2a: The Clod
|
|-damage|p1a: Your Loss|83/100 tox|[from] psn
|upkeep
|
|t:|1760409459
|switch|p2a: Washing Machine|Rotom-Wash, shiny|100/100
|turn|23
|
|t:|1760409468
|move|p2a: Washing Machine|Protect|p2a: Washing Machine
|-singleturn|p2a: Washing Machine|Protect
|move|p1a: Your Loss|Shadow Claw|p2a: Washing Machine
|-activate|p2a: Washing Machine|move: Protect
|
|-damage|p1a: Your Loss|65/100 tox|[from] psn
|upkeep
|turn|24
|
|t:|1760409476
|switch|p2a: Ducky|Porygon2, shiny|100/100
|-ability|p2a: Ducky|Download|boost
|-boost|p2a: Ducky|atk|1
|move|p1a: Your Loss|Shadow Claw|p2a: Ducky
|-immune|p2a: Ducky
|
|-damage|p1a: Your Loss|41/100 tox|[from] psn
|upkeep
|turn|25
|
|t:|1760409487
|move|p1a: Your Loss|Drain Punch|p2a: Ducky
|-supereffective|p2a: Ducky
|-damage|p2a: Ducky|44/100
|-heal|p1a: Your Loss|83/100 tox|[from] drain|[of] p2a: Ducky
|move|p2a: Ducky|Recover|p2a: Ducky
|-heal|p2a: Ducky|94/100
|
|-damage|p1a: Your Loss|53/100 tox|[from] psn
|upkeep
|turn|26
|
|t:|1760409501
|switch|p2a: Chandler|Chandelure, F, shiny|100/100
|move|p1a: Your Loss|Shadow Claw|p2a: Chandler
|-supereffective|p2a: Chandler
|-damage|p2a: Chandler|0 fnt
|faint|p2a: Chandler
|
|-damage|p1a: Your Loss|17/100 tox|[from] psn
|upkeep
|
|t:|1760409508
|switch|p2a: Washing Machine|Rotom-Wash, shiny|100/100
|turn|27
|
|t:|1760409514
|move|p2a: Washing Machine|Protect|p2a: Washing Machine
|-singleturn|p2a: Washing Machine|Protect
|move|p1a: Your Loss|Drain Punch|p2a: Washing Machine
|-activate|p2a: Washing Machine|move: Protect
|
|-damage|p1a: Your Loss|0 fnt|[from] psn
|faint|p1a: Your Loss
|
|win|Boomix
|raw|Pinnecks's rating: 1039 &rarr; <strong>1024</strong><br />(-15 for losing)
|raw|Boomix's rating: 1047 &rarr; <strong>1079</strong><br />(+32 for winning)
|l|☆Pinnecks
|player|p1|
