|j|☆hcyaiiu
|j|☆CDCD1 TGB
|t:|1760357056
|gametype|singles
|player|p1|hcyaiiu|cynthia|1316
|player|p2|CDCD1 TGB|pokemonbreeder-gen4|1269
|gen|9
|tier|[Gen 9] OU
|rated|
|rule|HP Percentage Mod: HP is shown in percentages
|rule|Endless Battle Clause: Forcing endless battles is banned
|rule|Species Clause: Limit one of each Pokémon
|rule|OHKO Clause: OHKO moves are banned
|rule|Evasion Items Clause: Evasion items are banned
|rule|Evasion Moves Clause: Evasion moves are banned
|rule|Evasion Abilities Clause: Evasion abilities are banned
|rule|Sleep Moves Clause: Sleep-inducing moves are banned
|clearpoke
|poke|p1|Walking Wake|
|poke|p1|Scizor, F|
|poke|p1|Meowscarada, F|
|poke|p1|Krookodile, M|
|poke|p1|Zapdos|
|poke|p1|Deoxys-Defense|
|poke|p2|Great Tusk|
|poke|p2|Ogerpon-Wellspring, F|
|poke|p2|Iron Moth|
|poke|p2|Gholdengo|
|poke|p2|Deoxys-Speed|
|poke|p2|Dragonite, F|
|teampreview
|inactive|Battle timer is ON: inactive players will automatically lose when time's up. (requested by CDCD1 TGB)
|inactive|hcyaiiu also wants the timer to be on.
|
|t:|1760357063
|teamsize|p1|6
|teamsize|p2|6
|start
|switch|p1a: Krookodile|Krookodile, M|100/100
|switch|p2a: The Flash|Deoxys-Speed|100/100
|-ability|p2a: The Flash|Pressure
|turn|1
|
|t:|1760357084
|move|p1a: Krookodile|Crunch|p2a: The Flash
|-supereffective|p2a: The Flash
|-damage|p2a: The Flash|0 fnt
|faint|p2a: The Flash
|-ability|p1a: Krookodile|Moxie|boost
|-boost|p1a: Krookodile|atk|1
|
|upkeep
|inactive|CDCD1 TGB has 120 seconds left.
|inactive|CDCD1 TGB has 90 seconds left.
|
|t:|1760357142
|switch|p2a: Reacher|Great Tusk|100/100
|-enditem|p2a: Reacher|Booster Energy
|-activate|p2a: Reacher|ability: Protosynthesis|[fromitem]
|-start|p2a: Reacher|protosynthesisspe
|turn|2
|inactive|hcyaiiu has 120 seconds left.
|
|t:|1760357188
|switch|p1a: Zapdos|Zapdos|100/100
|move|p2a: Reacher|Bulk Up|p2a: Reacher
|-boost|p2a: Reacher|atk|1
|-boost|p2a: Reacher|def|1
|
|upkeep
|turn|3
|
|t:|1760357199
|move|p2a: Reacher|Ice Spinner|p1a: Zapdos
|-supereffective|p1a: Zapdos
|-damage|p1a: Zapdos|19/100
|move|p1a: Zapdos|Hurricane|p2a: Reacher
|-supereffective|p2a: Reacher
|-damage|p2a: Reacher|0 fnt
|faint|p2a: Reacher
|-end|p2a: Reacher|Protosynthesis|[silent]
|
|upkeep
|
|t:|1760357207
|switch|p2a: Sideshow Bob|Iron Moth|100/100
|-enditem|p2a: Sideshow Bob|Booster Energy
|-activate|p2a: Sideshow Bob|ability: Quark Drive|[fromitem]
|-start|p2a: Sideshow Bob|quarkdrivespe
|turn|4
|inactive|hcyaiiu has 90 seconds left.
|
|t:|1760357234
|switch|p1a: Walking Wake|Walking Wake|100/100
|move|p2a: Sideshow Bob|Fiery Dance|p1a: Walking Wake
|-resisted|p1a: Walking Wake
|-damage|p1a: Walking Wake|88/100
|-boost|p2a: Sideshow Bob|spa|1
|
|upkeep
|turn|5
|inactive|hcyaiiu has 90 seconds left.
|
|t:|1760357247
|move|p2a: Sideshow Bob|Sludge Wave|p1a: Walking Wake
|-crit|p1a: Walking Wake
|-damage|p1a: Walking Wake|0 fnt
|faint|p1a: Walking Wake
|-end|p1a: Walking Wake|Protosynthesis|[silent]
|
|upkeep
|inactive|hcyaiiu has 90 seconds left.
|
|t:|1760357273
|switch|p1a: Deoxys|Deoxys-Defense|100/100
|-ability|p1a: Deoxys|Pressure
|turn|6
|inactive|CDCD1 TGB has 120 seconds left.
|
|t:|1760357286
|move|p2a: Sideshow Bob|Fiery Dance|p1a: Deoxys
|-damage|p1a: Deoxys|58/100
|move|p1a: Deoxys|Thunder Wave|p2a: Sideshow Bob
|-status|p2a: Sideshow Bob|par
|
|-heal|p1a: Deoxys|64/100|[from] item: Leftovers
|upkeep
|turn|7
|inactive|CDCD1 TGB has 120 seconds left.
|inactive|CDCD1 TGB has 90 seconds left.
|
|t:|1760357345
|move|p2a: Sideshow Bob|Sludge Wave|p1a: Deoxys
|-damage|p1a: Deoxys|8/100
|move|p1a: Deoxys|Stealth Rock|p2a: Sideshow Bob
|-sidestart|p2: CDCD1 TGB|move: Stealth Rock
|
|-heal|p1a: Deoxys|14/100|[from] item: Leftovers
|upkeep
|turn|8
|
|t:|1760357355
|cant|p2a: Sideshow Bob|par
|move|p1a: Deoxys|Spikes|p2a: Sideshow Bob
|-sidestart|p2: CDCD1 TGB|Spikes
|
|-heal|p1a: Deoxys|20/100|[from] item: Leftovers
|upkeep
|turn|9
|inactive|hcyaiiu has 90 seconds left.
|
|t:|1760357362
|cant|p2a: Sideshow Bob|par
|move|p1a: Deoxys|Spikes|p2a: Sideshow Bob
|-sidestart|p2: CDCD1 TGB|Spikes
|
|-heal|p1a: Deoxys|27/100|[from] item: Leftovers
|upkeep
|turn|10
|
|t:|1760357370
|cant|p2a: Sideshow Bob|par
|move|p1a: Deoxys|Spikes|p2a: Sideshow Bob
|-sidestart|p2: CDCD1 TGB|Spikes
|
|-heal|p1a: Deoxys|33/100|[from] item: Leftovers
|upkeep
|turn|11
|
|t:|1760357384
|switch|p1a: Zapdos|Zapdos|19/100
|cant|p2a: Sideshow Bob|par
|
|upkeep
|turn|12
|
|t:|1760357396
|move|p1a: Zapdos|Thunderbolt|p2a: Sideshow Bob
|-damage|p2a: Sideshow Bob|23/100 par
|move|p2a: Sideshow Bob|Fiery Dance|p1a: Zapdos
|-damage|p1a: Zapdos|0 fnt
|-boost|p2a: Sideshow Bob|spa|1
|faint|p1a: Zapdos
|
|upkeep
|inactive|hcyaiiu has 90 seconds left.
|
|t:|1760357409
|switch|p1a: Krookodile|Krookodile, M|100/100
|turn|13
|inactive|hcyaiiu has 90 seconds left.
|
|t:|1760357440
|move|p1a: Krookodile|Crunch|p2a: Sideshow Bob
|-damage|p2a: Sideshow Bob|0 fnt
|faint|p2a: Sideshow Bob
|-end|p2a: Sideshow Bob|Quark Drive|[silent]
|-ability|p1a: Krookodile|Moxie|boost
|-boost|p1a: Krookodile|atk|1
|
|upkeep
|
|t:|1760357449
|switch|p2a: Sexta-Feira|Ogerpon-Wellspring, F|100/100
|-damage|p2a: Sexta-Feira|88/100|[from] Stealth Rock
|-damage|p2a: Sexta-Feira|63/100|[from] Spikes
|turn|14
|
|t:|1760357455
|move|p1a: Krookodile|Crunch|p2a: Sexta-Feira
|-damage|p2a: Sexta-Feira|0 fnt
|faint|p2a: Sexta-Feira
|-ability|p1a: Krookodile|Moxie|boost
|-boost|p1a: Krookodile|atk|1
|
|upkeep
|
|t:|1760357457
|switch|p2a: Peace|Dragonite, F|100/100
|-damage|p2a: Peace|76/100|[from] Stealth Rock
|turn|15
|inactive|hcyaiiu has 90 seconds left.
|
|t:|1760357465
|move|p1a: Krookodile|Crunch|p2a: Peace
|-damage|p2a: Peace|2/100
|move|p2a: Peace|Dragon Dance|p2a: Peace
|-boost|p2a: Peace|atk|1
|-boost|p2a: Peace|spe|1
|
|-heal|p2a: Peace|9/100|[from] item: Leftovers
|upkeep
|turn|16
|
|t:|1760357474
|-terastallize|p2a: Peace|Flying
|move|p1a: Krookodile|Crunch|p2a: Peace
|-damage|p2a: Peace|0 fnt
|faint|p2a: Peace
|-ability|p1a: Krookodile|Moxie|boost
|-boost|p1a: Krookodile|atk|1
|
|upkeep
|c|☆CDCD1 TGB|yeah
|
|t:|1760357493
|switch|p2a: Stonks|Gholdengo|100/100
|-damage|p2a: Stonks|94/100|[from] Stealth Rock
|-damage|p2a: Stonks|70/100|[from] Spikes
|turn|17
|
|t:|1760357504
|move|p1a: Krookodile|Crunch|p2a: Stonks
|-supereffective|p2a: Stonks
|-damage|p2a: Stonks|0 fnt
|faint|p2a: Stonks
|
|win|hcyaiiu
|raw|hcyaiiu's rating: 1316 &rarr; <strong>1335</strong><br />(+19 for winning)
|raw|CDCD1 TGB's rating: 1296 &rarr; <strong>1272</strong><br />(-24 for losing)
|l|☆CDCD1 TGB
|player|p2|
|l|☆hcyaiiu
|player|p1|
