|j|☆waha8
|j|☆SirSleepy
|t:|1760343501
|gametype|singles
|player|p1|waha8|2|1494
|player|p2|SirSleepy|ltsurge|1515
|gen|9
|tier|[Gen 9] OU
|rated|
|rule|HP Percentage Mod: HP is shown in percentages
|rule|Endless Battle Clause: Forcing endless battles is banned
|rule|Species Clause: Limit one of each Pokémon
|rule|OHKO Clause: OHKO moves are banned
|rule|Evasion Items Clause: Evasion items are banned
|rule|Evasion Moves Clause: Evasion moves are banned
|rule|Evasion Abilities Clause: Evasion abilities are banned
|rule|Sleep Moves Clause: Sleep-inducing moves are banned
|clearpoke
|poke|p1|Typhlosion-Hisui, F|
|poke|p1|Indeedee, M|
|poke|p1|Slowking-Galar, F|
|poke|p1|Ting-Lu|
|poke|p1|Cinderace, F|
|poke|p1|Torkoal, M|
|poke|p2|Scizor, F|
|poke|p2|Tornadus-Therian, M|
|poke|p2|Zamazenta-*|
|poke|p2|Garganacl, M|
|poke|p2|Alomomola, M|
|poke|p2|Darkrai|
|teampreview
|
|t:|1760343506
|teamsize|p1|6
|teamsize|p2|6
|start
|switch|p1a: Yin|Typhlosion-Hisui, F|100/100
|switch|p2a: Mihawk|Tornadus-Therian, M|100/100
|turn|1
|
|t:|1760343511
|move|p1a: Yin|Eruption|p2a: Mihawk
|-damage|p2a: Mihawk|48/100
|move|p2a: Mihawk|Knock Off|p1a: Yin
|-supereffective|p1a: Yin
|-damage|p1a: Yin|34/100
|-enditem|p1a: Yin|Choice Scarf|[from] move: Knock Off|[of] p2a: Mihawk
|
|upkeep
|turn|2
|
|t:|1760343518
|switch|p1a: Sage|Torkoal, M|100/100
|-weather|SunnyDay|[from] ability: Drought|[of] p1a: Sage
|move|p2a: Mihawk|Knock Off|p1a: Sage
|-damage|p1a: Sage|83/100
|-enditem|p1a: Sage|Heat Rock|[from] move: Knock Off|[of] p2a: Mihawk
|
|-weather|SunnyDay|[upkeep]
|upkeep
|turn|3
|
|t:|1760343527
|move|p2a: Mihawk|U-turn|p1a: Sage
|-resisted|p1a: Sage
|-damage|p1a: Sage|77/100
|
|t:|1760343531
|switch|p2a: Dwayne|Garganacl, M|100/100|[from] U-turn
|move|p1a: Sage|Solar Beam||[still]
|-prepare|p1a: Sage|Solar Beam
|-anim|p1a: Sage|Solar Beam|p2a: Dwayne
|-supereffective|p2a: Dwayne
|-damage|p2a: Dwayne|55/100
|
|-weather|SunnyDay|[upkeep]
|-heal|p2a: Dwayne|62/100|[from] item: Leftovers
|upkeep
|turn|4
|
|t:|1760343542
|move|p2a: Dwayne|Salt Cure|p1a: Sage
|-supereffective|p1a: Sage
|-damage|p1a: Sage|57/100
|-start|p1a: Sage|Salt Cure
|move|p1a: Sage|Solar Beam||[still]
|-prepare|p1a: Sage|Solar Beam
|-anim|p1a: Sage|Solar Beam|p2a: Dwayne
|-supereffective|p2a: Dwayne
|-damage|p2a: Dwayne|11/100
|
|-weather|SunnyDay|[upkeep]
|-heal|p2a: Dwayne|17/100|[from] item: Leftovers
|-damage|p1a: Sage|45/100|[from] Salt Cure
|upkeep
|turn|5
|
|t:|1760343553
|switch|p1a: ReverseUNO|Cinderace, F|100/100
|move|p2a: Dwayne|Recover|p2a: Dwayne
|-heal|p2a: Dwayne|67/100
|
|-weather|SunnyDay|[upkeep]
|-heal|p2a: Dwayne|73/100|[from] item: Leftovers
|upkeep
|turn|6
|
|t:|1760343560
|move|p1a: ReverseUNO|High Jump Kick|p2a: Dwayne
|-start|p1a: ReverseUNO|typechange|Fighting|[from] ability: Libero
|-supereffective|p2a: Dwayne
|-damage|p2a: Dwayne|0 fnt
|faint|p2a: Dwayne
|
|-weather|SunnyDay|[upkeep]
|upkeep
|
|t:|1760343567
|switch|p2a: Mihawk|Tornadus-Therian, M|81/100
|turn|7
|
|t:|1760343573
|switch|p1a: DeeDee|Indeedee, M|100/100
|-fieldstart|move: Psychic Terrain|[from] ability: Psychic Surge|[of] p1a: DeeDee
|move|p2a: Mihawk|Bleakwind Storm|p1a: DeeDee
|-damage|p1a: DeeDee|53/100
|
|-weather|SunnyDay|[upkeep]
|upkeep
|turn|8
|
|t:|1760343581
|move|p2a: Mihawk|Knock Off|p1a: DeeDee
|-supereffective|p1a: DeeDee
|-damage|p1a: DeeDee|0 fnt
|-enditem|p1a: DeeDee|Terrain Extender|[from] move: Knock Off|[of] p2a: Mihawk
|faint|p1a: DeeDee
|
|-weather|SunnyDay|[upkeep]
|upkeep
|
|t:|1760343587
|switch|p1a: ReverseUNO|Cinderace, F|100/100
|turn|9
|
|t:|1760343592
|switch|p2a: Halibut|Alomomola, M|100/100
|move|p1a: ReverseUNO|Pyro Ball|p2a: Halibut
|-resisted|p2a: Halibut
|-damage|p2a: Halibut|78/100
|
|-weather|none
|upkeep
|turn|10
|
|t:|1760343599
|move|p1a: ReverseUNO|Gunk Shot|p2a: Halibut
|-start|p1a: ReverseUNO|typechange|Poison|[from] ability: Libero
|-damage|p2a: Halibut|49/100
|-status|p2a: Halibut|psn
|move|p2a: Halibut|Flip Turn|p1a: ReverseUNO
|-damage|p1a: ReverseUNO|81/100
|
|t:|1760343606
|switch|p2a: Mihawk|Tornadus-Therian, M|100/100|[from] Flip Turn
|
|upkeep
|turn|11
|
|t:|1760343612
|move|p2a: Mihawk|Bleakwind Storm|p1a: ReverseUNO|[miss]
|-miss|p2a: Mihawk|p1a: ReverseUNO
|move|p1a: ReverseUNO|Gunk Shot|p2a: Mihawk|[miss]
|-miss|p1a: ReverseUNO|p2a: Mihawk
|
|upkeep
|turn|12
|
|t:|1760343617
|move|p2a: Mihawk|Bleakwind Storm|p1a: ReverseUNO
|-damage|p1a: ReverseUNO|23/100
|move|p1a: ReverseUNO|Gunk Shot|p2a: Mihawk
|-damage|p2a: Mihawk|23/100
|
|upkeep
|turn|13
|
|t:|1760343625
|switch|p1a: Sage|Torkoal, M|45/100
|-weather|SunnyDay|[from] ability: Drought|[of] p1a: Sage
|move|p2a: Mihawk|Bleakwind Storm|p1a: Sage
|-damage|p1a: Sage|0 fnt
|faint|p1a: Sage
|
|-weather|SunnyDay|[upkeep]
|upkeep
|
|t:|1760343633
|switch|p1a: SageOfSixPath|Slowking-Galar, F|100/100
|turn|14
|
|t:|1760343637
|move|p2a: Mihawk|Knock Off|p1a: SageOfSixPath
|-supereffective|p1a: SageOfSixPath
|-damage|p1a: SageOfSixPath|55/100
|-enditem|p1a: SageOfSixPath|Life Orb|[from] move: Knock Off|[of] p2a: Mihawk
|move|p1a: SageOfSixPath|Trick Room|p1a: SageOfSixPath
|-fieldstart|move: Trick Room|[of] p1a: SageOfSixPath
|
|-weather|SunnyDay|[upkeep]
|-fieldend|move: Psychic Terrain
|upkeep
|turn|15
|
|t:|1760343644
|switch|p2a: Halibut|Alomomola, M|82/100 psn
|move|p1a: SageOfSixPath|Fire Blast|p2a: Halibut
|-resisted|p2a: Halibut
|-damage|p2a: Halibut|51/100 psn
|
|-weather|SunnyDay|[upkeep]
|-damage|p2a: Halibut|39/100 psn|[from] psn
|upkeep
|turn|16
|
|t:|1760343653
|move|p1a: SageOfSixPath|Expanding Force|p2a: Halibut
|-damage|p2a: Halibut|0 fnt
|faint|p2a: Halibut
|
|-weather|SunnyDay|[upkeep]
|upkeep
|
|t:|1760343674
|switch|p2a: Firefly|Scizor, F|100/100
|turn|17
|
|t:|1760343677
|-terastallize|p2a: Firefly|Fire
|move|p1a: SageOfSixPath|Fire Blast|p2a: Firefly
|-resisted|p2a: Firefly
|-damage|p2a: Firefly|67/100
|move|p2a: Firefly|Knock Off|p1a: SageOfSixPath
|-supereffective|p1a: SageOfSixPath
|-damage|p1a: SageOfSixPath|4/100
|
|-weather|none
|-heal|p2a: Firefly|73/100|[from] item: Leftovers
|upkeep
|turn|18
|c|☆waha8|gg
|-message|waha8 forfeited.
|
|win|SirSleepy
|raw|waha8's rating: 1494 &rarr; <strong>1475</strong><br />(-19 for losing)
|raw|SirSleepy's rating: 1515 &rarr; <strong>1534</strong><br />(+19 for winning)
|l|☆waha8
|player|p1|
|l|☆SirSleepy
|player|p2|
