|j|☆UserJexx
|j|☆apotato135
|t:|1760318562
|gametype|singles
|player|p1|UserJexx|lusamine-nihilego|1569
|player|p2|apotato135|swimmer-gen4dp|1657
|gen|9
|tier|[Gen 9] OU
|rated|
|rule|HP Percentage Mod: HP is shown in percentages
|rule|Endless Battle Clause: Forcing endless battles is banned
|rule|Species Clause: Limit one of each Pokémon
|rule|OHKO Clause: OHKO moves are banned
|rule|Evasion Items Clause: Evasion items are banned
|rule|Evasion Moves Clause: Evasion moves are banned
|rule|Evasion Abilities Clause: Evasion abilities are banned
|rule|Sleep Moves Clause: Sleep-inducing moves are banned
|clearpoke
|poke|p1|Goodra-Hisui, M|
|poke|p1|Corviknight, M|
|poke|p1|Garchomp, M|
|poke|p1|Hatterene, F|
|poke|p1|Ditto|
|poke|p1|Ceruledge, M|
|poke|p2|Rillaboom, F|
|poke|p2|Ogerpon-Wellspring, F|
|poke|p2|Heracross, M|
|poke|p2|Weezing-Galar, M|
|poke|p2|Raging Bolt|
|poke|p2|Landorus-Therian, M|
|teampreview
|inactive|Battle timer is ON: inactive players will automatically lose when time's up. (requested by UserJexx)
|
|t:|1760318581
|teamsize|p1|6
|teamsize|p2|6
|start
|switch|p1a: Carefree Melody|Ditto, shiny|100/100
|switch|p2a: Rillaboom|Rillaboom, F|100/100
|-fieldstart|move: Grassy Terrain|[from] ability: Grassy Surge|[of] p2a: Rillaboom
|-transform|p1a: Carefree Melody|p2a: Rillaboom|[from] ability: Imposter
|turn|1
|
|t:|1760318592
|switch|p2a: Weezing|Weezing-Galar, M|100/100
|-ability|p2a: Weezing|Neutralizing Gas
|move|p1a: Carefree Melody|U-turn|p2a: Weezing
|-resisted|p2a: Weezing
|-damage|p2a: Weezing|97/100
|
|t:|1760318596
|switch|p1a: Thorns of Agony|Garchomp, M|100/100|[from] U-turn
|
|-heal|p2a: Weezing|100/100|[from] Grassy Terrain
|upkeep
|turn|2
|
|t:|1760318601
|switch|p1a: Hiveblood|Hatterene, F, shiny|100/100
|move|p2a: Weezing|Will-O-Wisp|p1a: Hiveblood
|-status|p1a: Hiveblood|brn
|
|-damage|p1a: Hiveblood|95/100 brn|[from] brn
|upkeep
|turn|3
|
|t:|1760318606
|move|p2a: Weezing|Sludge Bomb|p1a: Hiveblood
|-supereffective|p1a: Hiveblood
|-damage|p1a: Hiveblood|36/100 brn
|move|p1a: Hiveblood|Mystical Fire|p2a: Weezing
|-damage|p2a: Weezing|58/100
|-unboost|p2a: Weezing|spa|1
|
|-heal|p2a: Weezing|64/100|[from] Grassy Terrain
|-heal|p1a: Hiveblood|42/100 brn|[from] Grassy Terrain
|-damage|p1a: Hiveblood|36/100 brn|[from] brn
|upkeep
|turn|4
|
|t:|1760318611
|switch|p1a: Sharp Shadow|Ceruledge, M|100/100
|move|p2a: Weezing|Sludge Bomb|p1a: Sharp Shadow
|-resisted|p1a: Sharp Shadow
|-damage|p1a: Sharp Shadow|90/100
|
|-heal|p1a: Sharp Shadow|96/100|[from] Grassy Terrain
|-heal|p2a: Weezing|70/100|[from] Grassy Terrain
|upkeep
|turn|5
|
|t:|1760318620
|-end|p2a: Weezing|ability: Neutralizing Gas
|switch|p2a: Landorus|Landorus-Therian, M|100/100
|-ability|p2a: Landorus|Intimidate|boost
|-unboost|p1a: Sharp Shadow|atk|1
|move|p1a: Sharp Shadow|Poltergeist|p2a: Landorus
|-activate|p2a: Landorus|move: Poltergeist|Rocky Helmet
|-damage|p2a: Landorus|66/100
|
|-heal|p1a: Sharp Shadow|100/100|[from] Grassy Terrain
|upkeep
|turn|6
|
|t:|1760318625
|switch|p1a: Defender’s Crest|Corviknight, M, shiny|100/100
|-ability|p1a: Defender’s Crest|Pressure
|move|p2a: Landorus|U-turn|p1a: Defender’s Crest
|-resisted|p1a: Defender’s Crest
|-damage|p1a: Defender’s Crest|97/100
|-damage|p2a: Landorus|50/100|[from] item: Rocky Helmet|[of] p1a: Defender’s Crest
|
|t:|1760318633
|switch|p2a: Weezing|Weezing-Galar, M|70/100|[from] U-turn
|-ability|p2a: Weezing|Neutralizing Gas
|
|-heal|p2a: Weezing|76/100|[from] Grassy Terrain
|upkeep
|turn|7
|
|t:|1760318636
|switch|p1a: Sharp Shadow|Ceruledge, M|100/100
|move|p2a: Weezing|Pain Split|p1a: Sharp Shadow
|-sethp|p1a: Sharp Shadow|94/100|[from] move: Pain Split|[silent]
|-sethp|p2a: Weezing|82/100|[from] move: Pain Split
|
|-heal|p1a: Sharp Shadow|99/100|[from] Grassy Terrain
|-heal|p2a: Weezing|88/100|[from] Grassy Terrain
|upkeep
|turn|8
|
|t:|1760318644
|-end|p2a: Weezing|ability: Neutralizing Gas
|switch|p2a: Landorus|Landorus-Therian, M|50/100
|-ability|p2a: Landorus|Intimidate|boost
|-unboost|p1a: Sharp Shadow|atk|1
|move|p1a: Sharp Shadow|Poltergeist|p2a: Landorus
|-activate|p2a: Landorus|move: Poltergeist|Rocky Helmet
|-damage|p2a: Landorus|11/100
|
|-heal|p1a: Sharp Shadow|100/100|[from] Grassy Terrain
|-fieldend|move: Grassy Terrain
|upkeep
|turn|9
|
|t:|1760318649
|switch|p1a: Defender’s Crest|Corviknight, M, shiny|97/100
|-ability|p1a: Defender’s Crest|Pressure
|move|p2a: Landorus|Stealth Rock|p1a: Defender’s Crest
|-sidestart|p1: UserJexx|move: Stealth Rock
|
|upkeep
|turn|10
|
|t:|1760318655
|switch|p2a: Rillaboom|Rillaboom, F|100/100
|-fieldstart|move: Grassy Terrain|[from] ability: Grassy Surge|[of] p2a: Rillaboom
|move|p1a: Defender’s Crest|Defog|p2a: Rillaboom
|-unboost|p2a: Rillaboom|evasion|1
|-sideend|p1: UserJexx|Stealth Rock|[from] move: Defog|[of] p1a: Defender’s Crest
|-fieldend|move: Grassy Terrain
|
|upkeep
|turn|11
|
|t:|1760318660
|move|p2a: Rillaboom|Knock Off|p1a: Defender’s Crest
|-damage|p1a: Defender’s Crest|74/100
|-damage|p2a: Rillaboom|84/100|[from] item: Rocky Helmet|[of] p1a: Defender’s Crest
|-enditem|p1a: Defender’s Crest|Rocky Helmet|[from] move: Knock Off|[of] p2a: Rillaboom
|move|p1a: Defender’s Crest|Iron Defense|p1a: Defender’s Crest
|-boost|p1a: Defender’s Crest|def|2
|
|upkeep
|turn|12
|
|t:|1760318669
|move|p2a: Rillaboom|U-turn|p1a: Defender’s Crest
|-resisted|p1a: Defender’s Crest
|-damage|p1a: Defender’s Crest|71/100
|
|t:|1760318671
|switch|p2a: Landorus|Landorus-Therian, M|11/100|[from] U-turn
|-ability|p2a: Landorus|Intimidate|boost
|-unboost|p1a: Defender’s Crest|atk|1
|move|p1a: Defender’s Crest|Body Press|p2a: Landorus
|-resisted|p2a: Landorus
|-damage|p2a: Landorus|0 fnt
|-damage|p1a: Defender’s Crest|55/100|[from] item: Rocky Helmet|[of] p2a: Landorus
|faint|p2a: Landorus
|
|upkeep
|
|t:|1760318677
|switch|p2a: Rillaboom|Rillaboom, F|84/100
|-fieldstart|move: Grassy Terrain|[from] ability: Grassy Surge|[of] p2a: Rillaboom
|turn|13
|
|t:|1760318682
|move|p2a: Rillaboom|U-turn|p1a: Defender’s Crest
|-resisted|p1a: Defender’s Crest
|-damage|p1a: Defender’s Crest|53/100
|
|t:|1760318684
|switch|p2a: Weezing|Weezing-Galar, M|88/100|[from] U-turn
|-ability|p2a: Weezing|Neutralizing Gas
|move|p1a: Defender’s Crest|Roost|p1a: Defender’s Crest
|-heal|p1a: Defender’s Crest|100/100
|-singleturn|p1a: Defender’s Crest|move: Roost
|
|-heal|p2a: Weezing|94/100|[from] Grassy Terrain
|upkeep
|turn|14
|
|t:|1760318687
|switch|p1a: Sharp Shadow|Ceruledge, M|100/100
|move|p2a: Weezing|Will-O-Wisp|p1a: Sharp Shadow
|-immune|p1a: Sharp Shadow
|
|-heal|p2a: Weezing|99/100|[from] Grassy Terrain
|upkeep
|turn|15
|
|t:|1760318691
|move|p1a: Sharp Shadow|Poltergeist|p2a: Weezing
|-activate|p2a: Weezing|move: Poltergeist|Heavy-Duty Boots
|-damage|p2a: Weezing|65/100
|move|p2a: Weezing|Sludge Bomb|p1a: Sharp Shadow
|-resisted|p1a: Sharp Shadow
|-damage|p1a: Sharp Shadow|86/100
|
|-heal|p1a: Sharp Shadow|92/100|[from] Grassy Terrain
|-heal|p2a: Weezing|71/100|[from] Grassy Terrain
|upkeep
|turn|16
|
|t:|1760318698
|move|p1a: Sharp Shadow|Poltergeist|p2a: Weezing
|-activate|p2a: Weezing|move: Poltergeist|Heavy-Duty Boots
|-damage|p2a: Weezing|35/100
|move|p2a: Weezing|Sludge Bomb|p1a: Sharp Shadow
|-resisted|p1a: Sharp Shadow
|-damage|p1a: Sharp Shadow|76/100
|
|-heal|p1a: Sharp Shadow|82/100|[from] Grassy Terrain
|-heal|p2a: Weezing|41/100|[from] Grassy Terrain
|upkeep
|turn|17
|
|t:|1760318706
|move|p1a: Sharp Shadow|Poltergeist|p2a: Weezing
|-activate|p2a: Weezing|move: Poltergeist|Heavy-Duty Boots
|-damage|p2a: Weezing|7/100
|move|p2a: Weezing|Sludge Bomb|p1a: Sharp Shadow
|-resisted|p1a: Sharp Shadow
|-damage|p1a: Sharp Shadow|68/100
|
|-heal|p1a: Sharp Shadow|74/100|[from] Grassy Terrain
|-heal|p2a: Weezing|13/100|[from] Grassy Terrain
|upkeep
|turn|18
|
|t:|1760318715
|-end|p2a: Weezing|ability: Neutralizing Gas
|switch|p2a: Raging Bolt|Raging Bolt|100/100
|-enditem|p2a: Raging Bolt|Grassy Seed
|-boost|p2a: Raging Bolt|def|1|[from] item: Grassy Seed
|move|p1a: Sharp Shadow|Poltergeist||[still]
|-fail|p1a: Sharp Shadow
|
|-heal|p1a: Sharp Shadow|80/100|[from] Grassy Terrain
|upkeep
|turn|19
|
|t:|1760318723
|switch|p1a: Baldur Shell|Goodra-Hisui, M|100/100
|move|p2a: Raging Bolt|Calm Mind|p2a: Raging Bolt
|-boost|p2a: Raging Bolt|spa|1
|-boost|p2a: Raging Bolt|spd|1
|
|upkeep
|turn|20
|
|t:|1760318727
|-terastallize|p2a: Raging Bolt|Fairy
|move|p2a: Raging Bolt|Calm Mind|p2a: Raging Bolt
|-boost|p2a: Raging Bolt|spa|1
|-boost|p2a: Raging Bolt|spd|1
|move|p1a: Baldur Shell|Draco Meteor|p2a: Raging Bolt
|-immune|p2a: Raging Bolt
|
|-fieldend|move: Grassy Terrain
|upkeep
|turn|21
|
|t:|1760318735
|move|p2a: Raging Bolt|Calm Mind|p2a: Raging Bolt
|-boost|p2a: Raging Bolt|spa|1
|-boost|p2a: Raging Bolt|spd|1
|move|p1a: Baldur Shell|Heavy Slam|p2a: Raging Bolt
|-supereffective|p2a: Raging Bolt
|-damage|p2a: Raging Bolt|76/100
|
|upkeep
|turn|22
|
|t:|1760318739
|move|p2a: Raging Bolt|Dragon Pulse|p1a: Baldur Shell
|-crit|p1a: Baldur Shell
|-damage|p1a: Baldur Shell|16/100
|move|p1a: Baldur Shell|Heavy Slam|p2a: Raging Bolt
|-supereffective|p2a: Raging Bolt
|-damage|p2a: Raging Bolt|55/100
|
|upkeep
|turn|23
|
|t:|1760318742
|move|p2a: Raging Bolt|Discharge|p1a: Baldur Shell
|-resisted|p1a: Baldur Shell
|-damage|p1a: Baldur Shell|0 fnt
|faint|p1a: Baldur Shell
|
|upkeep
|
|t:|1760318745
|switch|p1a: Carefree Melody|Ditto, shiny|100/100
|-transform|p1a: Carefree Melody|p2a: Raging Bolt|[from] ability: Imposter
|-start|p1a: Carefree Melody|typechange|Electric/Dragon|[silent]
|turn|24
|
|t:|1760318755
|move|p1a: Carefree Melody|Discharge|p2a: Raging Bolt
|-damage|p2a: Raging Bolt|8/100
|move|p2a: Raging Bolt|Dragon Pulse|p1a: Carefree Melody
|-supereffective|p1a: Carefree Melody
|-damage|p1a: Carefree Melody|0 fnt
|faint|p1a: Carefree Melody
|-end|p1a: Carefree Melody|Protosynthesis|[silent]
|
|upkeep
|
|t:|1760318774
|switch|p1a: Thorns of Agony|Garchomp, M|100/100
|turn|25
|
|t:|1760318778
|-terastallize|p1a: Thorns of Agony|Steel
|move|p1a: Thorns of Agony|Earthquake|p2a: Raging Bolt
|-damage|p2a: Raging Bolt|0 fnt
|faint|p2a: Raging Bolt
|-end|p2a: Raging Bolt|Protosynthesis|[silent]
|-damage|p1a: Thorns of Agony|91/100|[from] item: Life Orb
|
|upkeep
|
|t:|1760318787
|switch|p2a: Rillaboom|Rillaboom, F|84/100
|-fieldstart|move: Grassy Terrain|[from] ability: Grassy Surge|[of] p2a: Rillaboom
|turn|26
|
|t:|1760318791
|switch|p1a: Defender’s Crest|Corviknight, M, shiny|100/100
|-ability|p1a: Defender’s Crest|Pressure
|move|p2a: Rillaboom|Low Kick|p1a: Defender’s Crest
|-damage|p1a: Defender’s Crest|82/100
|
|-heal|p2a: Rillaboom|90/100|[from] Grassy Terrain
|upkeep
|turn|27
|
|t:|1760318799
|switch|p2a: Weezing|Weezing-Galar, M|13/100
|-ability|p2a: Weezing|Neutralizing Gas
|move|p1a: Defender’s Crest|Body Press|p2a: Weezing
|-resisted|p2a: Weezing
|-damage|p2a: Weezing|9/100
|
|-heal|p2a: Weezing|15/100|[from] Grassy Terrain
|upkeep
|turn|28
|
|t:|1760318802
|switch|p1a: Sharp Shadow|Ceruledge, M|80/100
|move|p2a: Weezing|Pain Split|p1a: Sharp Shadow
|-sethp|p1a: Sharp Shadow|49/100|[from] move: Pain Split|[silent]
|-sethp|p2a: Weezing|42/100|[from] move: Pain Split
|
|-heal|p1a: Sharp Shadow|55/100|[from] Grassy Terrain
|-heal|p2a: Weezing|48/100|[from] Grassy Terrain
|upkeep
|turn|29
|
|t:|1760318811
|-end|p2a: Weezing|ability: Neutralizing Gas
|switch|p2a: Heracross|Heracross, M|100/100
|move|p1a: Sharp Shadow|Bitter Blade|p2a: Heracross
|-supereffective|p2a: Heracross
|-damage|p2a: Heracross|0 fnt
|-heal|p1a: Sharp Shadow|100/100|[from] drain|[of] p2a: Heracross
|faint|p2a: Heracross
|
|upkeep
|
|t:|1760318814
|switch|p2a: Ogerpon|Ogerpon-Wellspring, F|100/100
|turn|30
|
|t:|1760318821
|switch|p1a: Hiveblood|Hatterene, F, shiny|36/100 brn
|move|p2a: Ogerpon|Swords Dance|p2a: Ogerpon
|-boost|p2a: Ogerpon|atk|2
|
|-heal|p1a: Hiveblood|42/100 brn|[from] Grassy Terrain
|-damage|p1a: Hiveblood|36/100 brn|[from] brn
|upkeep
|turn|31
|
|t:|1760318827
|move|p2a: Ogerpon|Ivy Cudgel|p1a: Hiveblood|[anim] Ivy Cudgel Water
|-crit|p1a: Hiveblood
|-damage|p1a: Hiveblood|0 fnt
|faint|p1a: Hiveblood
|
|upkeep
|
|t:|1760318830
|switch|p1a: Sharp Shadow|Ceruledge, M|100/100
|turn|32
|
|t:|1760318835
|move|p1a: Sharp Shadow|Destiny Bond|p1a: Sharp Shadow
|-singlemove|p1a: Sharp Shadow|Destiny Bond
|move|p2a: Ogerpon|Ivy Cudgel|p1a: Sharp Shadow|[anim] Ivy Cudgel Water
|-supereffective|p1a: Sharp Shadow
|-damage|p1a: Sharp Shadow|0 fnt
|faint|p1a: Sharp Shadow
|-activate|p1a: Sharp Shadow|move: Destiny Bond
|faint|p2a: Ogerpon
|
|upkeep
|
|t:|1760318841
|switch|p2a: Weezing|Weezing-Galar, M|48/100
|switch|p1a: Thorns of Agony|Garchomp, M, tera:Steel|91/100
|-ability|p2a: Weezing|Neutralizing Gas
|turn|33
|
|t:|1760318843
|move|p1a: Thorns of Agony|Iron Head|p2a: Weezing
|-supereffective|p2a: Weezing
|-crit|p2a: Weezing
|-damage|p2a: Weezing|0 fnt
|faint|p2a: Weezing
|-end|p2a: Weezing|ability: Neutralizing Gas
|-damage|p1a: Thorns of Agony|81/100|[from] item: Life Orb
|
|-heal|p1a: Thorns of Agony|87/100|[from] Grassy Terrain
|-fieldend|move: Grassy Terrain
|upkeep
|
|t:|1760318846
|switch|p2a: Rillaboom|Rillaboom, F|90/100
|-fieldstart|move: Grassy Terrain|[from] ability: Grassy Surge|[of] p2a: Rillaboom
|turn|34
|
|t:|1760318851
|move|p1a: Thorns of Agony|Scale Shot|p2a: Rillaboom
|-damage|p2a: Rillaboom|75/100
|-damage|p2a: Rillaboom|57/100
|-hitcount|p2a: Rillaboom|2
|-unboost|p1a: Thorns of Agony|def|1
|-boost|p1a: Thorns of Agony|spe|1
|-damage|p1a: Thorns of Agony|77/100|[from] item: Life Orb
|move|p2a: Rillaboom|Low Kick|p1a: Thorns of Agony
|-supereffective|p1a: Thorns of Agony
|-damage|p1a: Thorns of Agony|0 fnt
|-damage|p2a: Rillaboom|44/100|[from] ability: Rough Skin|[of] p1a: Thorns of Agony
|faint|p1a: Thorns of Agony
|
|-heal|p2a: Rillaboom|50/100|[from] Grassy Terrain
|upkeep
|
|t:|1760318853
|switch|p1a: Defender’s Crest|Corviknight, M, shiny|82/100
|-ability|p1a: Defender’s Crest|Pressure
|turn|35
|
|t:|1760318864
|move|p2a: Rillaboom|Low Kick|p1a: Defender’s Crest
|-damage|p1a: Defender’s Crest|60/100
|move|p1a: Defender’s Crest|Iron Defense|p1a: Defender’s Crest
|-boost|p1a: Defender’s Crest|def|2
|
|-heal|p2a: Rillaboom|57/100|[from] Grassy Terrain
|upkeep
|turn|36
|
|t:|1760318867
|move|p2a: Rillaboom|Low Kick|p1a: Defender’s Crest
|-damage|p1a: Defender’s Crest|51/100
|move|p1a: Defender’s Crest|Iron Defense|p1a: Defender’s Crest
|-boost|p1a: Defender’s Crest|def|2
|
|-heal|p2a: Rillaboom|63/100|[from] Grassy Terrain
|upkeep
|turn|37
|
|t:|1760318869
|move|p2a: Rillaboom|Low Kick|p1a: Defender’s Crest
|-damage|p1a: Defender’s Crest|45/100
|move|p1a: Defender’s Crest|Iron Defense|p1a: Defender’s Crest
|-boost|p1a: Defender’s Crest|def|2
|
|-heal|p2a: Rillaboom|69/100|[from] Grassy Terrain
|upkeep
|turn|38
|
|t:|1760318872
|move|p2a: Rillaboom|Low Kick|p1a: Defender’s Crest
|-damage|p1a: Defender’s Crest|40/100
|move|p1a: Defender’s Crest|Roost|p1a: Defender’s Crest
|-heal|p1a: Defender’s Crest|90/100
|-singleturn|p1a: Defender’s Crest|move: Roost
|
|-heal|p2a: Rillaboom|75/100|[from] Grassy Terrain
|-heal|p1a: Defender’s Crest|96/100|[from] Grassy Terrain
|upkeep
|turn|39
|
|t:|1760318874
|move|p2a: Rillaboom|Low Kick|p1a: Defender’s Crest
|-crit|p1a: Defender’s Crest
|-damage|p1a: Defender’s Crest|67/100
|move|p1a: Defender’s Crest|Body Press|p2a: Rillaboom
|-damage|p2a: Rillaboom|0 fnt
|faint|p2a: Rillaboom
|
|win|UserJexx
|raw|UserJexx's rating: 1569 &rarr; <strong>1594</strong><br />(+25 for winning)
|raw|apotato135's rating: 1657 &rarr; <strong>1632</strong><br />(-25 for losing)
|l|☆apotato135
|player|p2|
|l|☆UserJexx
|player|p1|
