|j|☆randalboy
|j|☆linxiangyu
|t:|1760414083
|gametype|singles
|player|p1|randalboy|clown|1296
|player|p2|linxiangyu|sailor|1295
|gen|9
|tier|[Gen 9] OU
|rated|
|rule|HP Percentage Mod: HP is shown in percentages
|rule|Endless Battle Clause: Forcing endless battles is banned
|rule|Species Clause: Limit one of each Pokémon
|rule|OHKO Clause: OHKO moves are banned
|rule|Evasion Items Clause: Evasion items are banned
|rule|Evasion Moves Clause: Evasion moves are banned
|rule|Evasion Abilities Clause: Evasion abilities are banned
|rule|Sleep Moves Clause: Sleep-inducing moves are banned
|clearpoke
|poke|p1|Gholdengo|
|poke|p1|Iron Valiant|
|poke|p1|Slowking-Galar, F|
|poke|p1|Alomomola, F|
|poke|p1|Meowscarada, M|
|poke|p1|Great Tusk|
|poke|p2|Kingdra, F|
|poke|p2|Enamorus, F|
|poke|p2|Gholdengo|
|poke|p2|Pelipper, M|
|poke|p2|Basculegion, M|
|poke|p2|Great Tusk|
|teampreview
|inactive|Battle timer is ON: inactive players will automatically lose when time's up. (requested by linxiangyu)
|inactive|randalboy has 120 seconds left.
|inactive|randalboy has 90 seconds left.
|
|t:|1760414147
|teamsize|p1|6
|teamsize|p2|6
|start
|switch|p1a: Slowking|Slowking-Galar, F|100/100
|switch|p2a: Gholdengo|Gholdengo|100/100
|turn|1
|
|t:|1760414165
|-terastallize|p1a: Slowking|Flying
|move|p2a: Gholdengo|Thunder Wave|p1a: Slowking
|-status|p1a: Slowking|par
|move|p1a: Slowking|Trick|p2a: Gholdengo
|-immune|p2a: Gholdengo|[from] ability: Good as Gold
|
|-damage|p1a: Slowking|88/100 par|[from] item: Black Sludge
|upkeep
|turn|2
|inactive|linxiangyu has 120 seconds left.
|
|t:|1760414215
|switch|p2a: Enamorus|Enamorus, F|100/100
|-prepare|p1a: Slowking|Chilly Reception|[premajor]
|move|p1a: Slowking|Chilly Reception|p1a: Slowking
|-weather|Snowscape
|
|t:|1760414237
|switch|p1a: Gholdengo|Gholdengo|100/100|[from] Chilly Reception
|
|-weather|Snowscape|[upkeep]
|upkeep
|turn|3
|
|t:|1760414243
|switch|p2a: Pelipper|Pelipper, M|100/100
|-weather|RainDance|[from] ability: Drizzle|[of] p2a: Pelipper
|move|p1a: Gholdengo|Make It Rain|p2a: Pelipper
|-resisted|p2a: Pelipper
|-damage|p2a: Pelipper|58/100
|-unboost|p1a: Gholdengo|spa|1
|
|-weather|RainDance|[upkeep]
|upkeep
|turn|4
|inactive|linxiangyu has 120 seconds left.
|
|t:|1760414253
|switch|p1a: Slowking|Slowking-Galar, F, tera:Flying|100/100 par
|move|p2a: Pelipper|Hydro Pump|p1a: Slowking
|-damage|p1a: Slowking|62/100 par
|
|-weather|RainDance|[upkeep]
|-damage|p1a: Slowking|49/100 par|[from] item: Black Sludge
|upkeep
|turn|5
|
|t:|1760414259
|move|p2a: Pelipper|Hydro Pump|p1a: Slowking|[miss]
|-miss|p2a: Pelipper|p1a: Slowking
|-prepare|p1a: Slowking|Chilly Reception|[premajor]
|cant|p1a: Slowking|par
|
|-weather|RainDance|[upkeep]
|-damage|p1a: Slowking|37/100 par|[from] item: Black Sludge
|upkeep
|turn|6
|
|t:|1760414270
|switch|p1a: Alomomola|Alomomola, F|100/100
|move|p2a: Pelipper|Hydro Pump|p1a: Alomomola|[miss]
|-miss|p2a: Pelipper|p1a: Alomomola
|
|-weather|RainDance|[upkeep]
|upkeep
|turn|7
|
|t:|1760414277
|move|p2a: Pelipper|Roost|p2a: Pelipper
|-heal|p2a: Pelipper|100/100
|-singleturn|p2a: Pelipper|move: Roost
|move|p1a: Alomomola|Wish|p1a: Alomomola
|
|-weather|RainDance|[upkeep]
|upkeep
|turn|8
|
|t:|1760414300
|move|p2a: Pelipper|Hurricane|p1a: Alomomola
|-damage|p1a: Alomomola|50/100
|-start|p1a: Alomomola|confusion
|-activate|p1a: Alomomola|confusion
|move|p1a: Alomomola|Flip Turn|p2a: Pelipper
|-resisted|p2a: Pelipper
|-damage|p2a: Pelipper|88/100
|
|t:|1760414307
|switch|p1a: Gholdengo|Gholdengo|100/100|[from] Flip Turn
|
|-weather|RainDance|[upkeep]
|upkeep
|turn|9
|
|t:|1760414317
|switch|p2a: Great Tusk|Great Tusk|100/100
|-enditem|p2a: Great Tusk|Booster Energy
|-activate|p2a: Great Tusk|ability: Protosynthesis|[fromitem]
|-start|p2a: Great Tusk|protosynthesisatk
|move|p1a: Gholdengo|Shadow Ball|p2a: Great Tusk
|-damage|p2a: Great Tusk|40/100
|
|-weather|RainDance|[upkeep]
|upkeep
|turn|10
|
|t:|1760414325
|move|p1a: Gholdengo|Shadow Ball|p2a: Great Tusk
|-damage|p2a: Great Tusk|0 fnt
|faint|p2a: Great Tusk
|-end|p2a: Great Tusk|Protosynthesis|[silent]
|
|-weather|none
|upkeep
|
|t:|1760414332
|switch|p2a: Pelipper|Pelipper, M|88/100
|-weather|RainDance|[from] ability: Drizzle|[of] p2a: Pelipper
|turn|11
|
|t:|1760414343
|move|p1a: Gholdengo|Shadow Ball|p2a: Pelipper
|-damage|p2a: Pelipper|27/100
|move|p2a: Pelipper|U-turn|p1a: Gholdengo
|-resisted|p1a: Gholdengo
|-damage|p1a: Gholdengo|98/100
|
|t:|1760414351
|switch|p2a: Basculegion|Basculegion, M|100/100|[from] U-turn
|
|-weather|RainDance|[upkeep]
|upkeep
|turn|12
|
|t:|1760414371
|switch|p1a: Alomomola|Alomomola, F|83/100
|move|p2a: Basculegion|Wave Crash|p1a: Alomomola
|-resisted|p1a: Alomomola
|-damage|p1a: Alomomola|48/100
|-damage|p2a: Basculegion|84/100|[from] Recoil
|
|-weather|RainDance|[upkeep]
|-heal|p1a: Alomomola|54/100|[from] item: Leftovers
|upkeep
|turn|13
|
|t:|1760414391
|switch|p2a: Kingdra|Kingdra, F|100/100
|move|p1a: Alomomola|Wish|p1a: Alomomola
|
|-weather|RainDance|[upkeep]
|-heal|p1a: Alomomola|60/100|[from] item: Leftovers
|upkeep
|turn|14
|inactive|randalboy has 120 seconds left.
|
|t:|1760414432
|switch|p1a: Slowking|Slowking-Galar, F, tera:Flying|70/100 par
|move|p2a: Kingdra|Focus Energy|p2a: Kingdra
|-start|p2a: Kingdra|move: Focus Energy
|
|-weather|RainDance|[upkeep]
|-heal|p1a: Slowking|100/100 par|[from] move: Wish|[wisher] Alomomola
|-damage|p1a: Slowking|88/100 par|[from] item: Black Sludge
|upkeep
|turn|15
|
|t:|1760414449
|move|p2a: Kingdra|Surf|p1a: Slowking
|-crit|p1a: Slowking
|-damage|p1a: Slowking|1/100 par
|-prepare|p1a: Slowking|Chilly Reception|[premajor]
|move|p1a: Slowking|Chilly Reception|p1a: Slowking
|-weather|Snowscape
|inactive|randalboy has 90 seconds left.
|
|t:|1760414489
|switch|p1a: Iron Valiant|Iron Valiant|100/100|[from] Chilly Reception
|-enditem|p1a: Iron Valiant|Booster Energy
|-activate|p1a: Iron Valiant|ability: Quark Drive|[fromitem]
|-start|p1a: Iron Valiant|quarkdrivespe
|
|-weather|Snowscape|[upkeep]
|upkeep
|turn|16
|
|t:|1760414499
|-terastallize|p2a: Kingdra|Water
|move|p1a: Iron Valiant|Calm Mind|p1a: Iron Valiant
|-boost|p1a: Iron Valiant|spa|1
|-boost|p1a: Iron Valiant|spd|1
|move|p2a: Kingdra|Surf|p1a: Iron Valiant
|-crit|p1a: Iron Valiant
|-damage|p1a: Iron Valiant|0 fnt
|faint|p1a: Iron Valiant
|-end|p1a: Iron Valiant|Quark Drive|[silent]
|
|-weather|Snowscape|[upkeep]
|upkeep
|
|t:|1760414505
|switch|p1a: Meowscarada|Meowscarada, M|100/100
|turn|17
|
|t:|1760414516
|switch|p2a: Gholdengo|Gholdengo|100/100
|move|p1a: Meowscarada|Flower Trick|p2a: Gholdengo
|-start|p1a: Meowscarada|typechange|Grass|[from] ability: Protean
|-resisted|p2a: Gholdengo
|-crit|p2a: Gholdengo
|-damage|p2a: Gholdengo|78/100
|-damage|p1a: Meowscarada|91/100|[from] item: Life Orb
|
|-weather|Snowscape|[upkeep]
|upkeep
|turn|18
|inactive|randalboy has 90 seconds left.
|
|t:|1760414529
|switch|p1a: Slowking|Slowking-Galar, F, tera:Flying|34/100 par
|move|p2a: Gholdengo|Thunder Wave|p1a: Slowking
|-fail|p1a: Slowking|par
|
|-weather|Snowscape|[upkeep]
|-damage|p1a: Slowking|22/100 par|[from] item: Black Sludge
|upkeep
|turn|19
|
|t:|1760414538
|switch|p2a: Enamorus|Enamorus, F|100/100
|-prepare|p1a: Slowking|Chilly Reception|[premajor]
|move|p1a: Slowking|Chilly Reception|p1a: Slowking
|
|t:|1760414543
|switch|p1a: Meowscarada|Meowscarada, M|91/100|[from] Chilly Reception
|
|-weather|none
|upkeep
|turn|20
|
|t:|1760414547
|move|p1a: Meowscarada|Triple Axel|p2a: Enamorus
|-start|p1a: Meowscarada|typechange|Ice|[from] ability: Protean
|-supereffective|p2a: Enamorus
|-damage|p2a: Enamorus|57/100
|-hitcount|p2a: Enamorus|1
|-damage|p1a: Meowscarada|81/100|[from] item: Life Orb
|move|p2a: Enamorus|Superpower|p1a: Meowscarada
|-supereffective|p1a: Meowscarada
|-damage|p1a: Meowscarada|0 fnt
|-boost|p2a: Enamorus|atk|1
|-boost|p2a: Enamorus|def|1
|faint|p1a: Meowscarada
|
|upkeep
|
|t:|1760414557
|switch|p1a: Gholdengo|Gholdengo|98/100
|turn|21
|
|t:|1760414581
|move|p1a: Gholdengo|Shadow Ball|p2a: Enamorus
|-damage|p2a: Enamorus|1/100
|move|p2a: Enamorus|Play Rough|p1a: Gholdengo
|-resisted|p1a: Gholdengo
|-damage|p1a: Gholdengo|61/100
|
|upkeep
|turn|22
|c|☆randalboy|oh
|c|☆randalboy|xd
|
|t:|1760414589
|move|p1a: Gholdengo|Shadow Ball|p2a: Enamorus
|-damage|p2a: Enamorus|0 fnt
|faint|p2a: Enamorus
|
|upkeep
|
|t:|1760414599
|switch|p2a: Pelipper|Pelipper, M|27/100
|-weather|RainDance|[from] ability: Drizzle|[of] p2a: Pelipper
|turn|23
|
|t:|1760414604
|switch|p1a: Alomomola|Alomomola, F|93/100
|move|p2a: Pelipper|Hurricane|p1a: Alomomola
|-damage|p1a: Alomomola|37/100
|-start|p1a: Alomomola|confusion
|
|-weather|RainDance|[upkeep]
|-heal|p1a: Alomomola|43/100|[from] item: Leftovers
|upkeep
|turn|24
|
|t:|1760414610
|-activate|p1a: Alomomola|confusion
|move|p1a: Alomomola|Protect|p1a: Alomomola
|-singleturn|p1a: Alomomola|Protect
|move|p2a: Pelipper|Hurricane|p1a: Alomomola
|-activate|p1a: Alomomola|move: Protect
|
|-weather|RainDance|[upkeep]
|-heal|p1a: Alomomola|49/100|[from] item: Leftovers
|upkeep
|turn|25
|
|t:|1760414618
|switch|p1a: Great Tusk|Great Tusk|100/100
|move|p2a: Pelipper|Hurricane|p1a: Great Tusk
|-supereffective|p1a: Great Tusk
|-damage|p1a: Great Tusk|0 fnt
|faint|p1a: Great Tusk
|-end|p1a: Great Tusk|Protosynthesis|[silent]
|
|-weather|RainDance|[upkeep]
|upkeep
|
|t:|1760414624
|switch|p1a: Gholdengo|Gholdengo|61/100
|turn|26
|
|t:|1760414639
|switch|p1a: Slowking|Slowking-Galar, F, tera:Flying|55/100 par
|move|p2a: Pelipper|Hydro Pump|p1a: Slowking|[miss]
|-miss|p2a: Pelipper|p1a: Slowking
|
|-weather|RainDance|[upkeep]
|-damage|p1a: Slowking|43/100 par|[from] item: Black Sludge
|upkeep
|turn|27
|
|t:|1760414647
|move|p2a: Pelipper|Hurricane|p1a: Slowking
|-damage|p1a: Slowking|16/100 par
|-prepare|p1a: Slowking|Chilly Reception|[premajor]
|move|p1a: Slowking|Chilly Reception|p1a: Slowking
|-weather|Snowscape
|
|t:|1760414653
|switch|p1a: Alomomola|Alomomola, F|82/100|[from] Chilly Reception
|
|-weather|Snowscape|[upkeep]
|-heal|p1a: Alomomola|89/100|[from] item: Leftovers
|upkeep
|turn|28
|
|t:|1760414662
|switch|p2a: Gholdengo|Gholdengo|78/100
|move|p1a: Alomomola|Wish|p1a: Alomomola
|
|-weather|Snowscape|[upkeep]
|-heal|p1a: Alomomola|95/100|[from] item: Leftovers
|upkeep
|turn|29
|
|t:|1760414667
|move|p2a: Gholdengo|Trick|p1a: Alomomola
|-activate|p2a: Gholdengo|move: Trick|[of] p1a: Alomomola
|-item|p1a: Alomomola|Choice Scarf|[from] move: Trick
|-item|p2a: Gholdengo|Leftovers|[from] move: Trick
|move|p1a: Alomomola|Flip Turn|p2a: Gholdengo
|-damage|p2a: Gholdengo|67/100
|
|t:|1760414672
|switch|p1a: Slowking|Slowking-Galar, F, tera:Flying|50/100 par|[from] Flip Turn
|
|-weather|Snowscape|[upkeep]
|-heal|p1a: Slowking|100/100 par|[from] move: Wish|[wisher] Alomomola
|-heal|p2a: Gholdengo|73/100|[from] item: Leftovers
|-damage|p1a: Slowking|88/100 par|[from] item: Black Sludge
|upkeep
|turn|30
|
|t:|1760414684
|move|p2a: Gholdengo|Recover|p2a: Gholdengo
|-heal|p2a: Gholdengo|100/100
|-prepare|p1a: Slowking|Chilly Reception|[premajor]
|move|p1a: Slowking|Chilly Reception|p1a: Slowking
|
|t:|1760414692
|switch|p1a: Gholdengo|Gholdengo|61/100|[from] Chilly Reception
|
|-weather|Snowscape|[upkeep]
|upkeep
|turn|31
|
|t:|1760414699
|move|p1a: Gholdengo|Shadow Ball|p2a: Gholdengo
|-supereffective|p2a: Gholdengo
|-damage|p2a: Gholdengo|19/100
|move|p2a: Gholdengo|Night Shade|p1a: Gholdengo
|-damage|p1a: Gholdengo|30/100
|
|-weather|none
|-heal|p2a: Gholdengo|25/100|[from] item: Leftovers
|upkeep
|turn|32
|
|t:|1760414713
|move|p1a: Gholdengo|Shadow Ball|p2a: Gholdengo
|-supereffective|p2a: Gholdengo
|-damage|p2a: Gholdengo|0 fnt
|faint|p2a: Gholdengo
|
|upkeep
|
|t:|1760414715
|switch|p2a: Pelipper|Pelipper, M|27/100
|-weather|RainDance|[from] ability: Drizzle|[of] p2a: Pelipper
|turn|33
|
|t:|1760414717
|move|p1a: Gholdengo|Shadow Ball|p2a: Pelipper
|-damage|p2a: Pelipper|0 fnt
|faint|p2a: Pelipper
|
|-weather|RainDance|[upkeep]
|upkeep
|
|t:|1760414719
|switch|p2a: Basculegion|Basculegion, M|84/100
|turn|34
|
|t:|1760414725
|switch|p1a: Alomomola|Alomomola, F|100/100
|move|p2a: Basculegion|Wave Crash|p1a: Alomomola
|-resisted|p1a: Alomomola
|-damage|p1a: Alomomola|63/100
|-damage|p2a: Basculegion|67/100|[from] Recoil
|
|-weather|RainDance|[upkeep]
|upkeep
|turn|35
|
|t:|1760414733
|move|p2a: Basculegion|Wave Crash|p1a: Alomomola
|-resisted|p1a: Alomomola
|-damage|p1a: Alomomola|29/100
|-damage|p2a: Basculegion|51/100|[from] Recoil
|move|p1a: Alomomola|Flip Turn|p2a: Basculegion
|-resisted|p2a: Basculegion
|-damage|p2a: Basculegion|36/100
|
|t:|1760414736
|switch|p1a: Slowking|Slowking-Galar, F, tera:Flying|100/100 par|[from] Flip Turn
|
|-weather|RainDance|[upkeep]
|-damage|p1a: Slowking|88/100 par|[from] item: Black Sludge
|upkeep
|turn|36
|
|t:|1760414741
|switch|p1a: Alomomola|Alomomola, F|62/100
|move|p2a: Basculegion|Wave Crash|p1a: Alomomola
|-resisted|p1a: Alomomola
|-damage|p1a: Alomomola|28/100
|-damage|p2a: Basculegion|20/100|[from] Recoil
|
|-weather|RainDance|[upkeep]
|upkeep
|turn|37
|
|t:|1760414754
|move|p2a: Basculegion|Wave Crash|p1a: Alomomola
|-resisted|p1a: Alomomola
|-damage|p1a: Alomomola|0 fnt
|faint|p1a: Alomomola
|-damage|p2a: Basculegion|7/100|[from] Recoil
|
|-weather|RainDance|[upkeep]
|upkeep
|c|☆linxiangyu|？
|
|t:|1760414763
|switch|p1a: Slowking|Slowking-Galar, F, tera:Flying|100/100 par
|turn|38
|c|☆randalboy|?
|
|t:|1760414771
|switch|p1a: Gholdengo|Gholdengo|30/100
|move|p2a: Basculegion|Wave Crash|p1a: Gholdengo
|-damage|p1a: Gholdengo|0 fnt
|faint|p1a: Gholdengo
|-damage|p2a: Basculegion|0 fnt|[from] Recoil
|faint|p2a: Basculegion
|
|-weather|RainDance|[upkeep]
|upkeep
|c|☆linxiangyu|why
|c|☆randalboy|heck you mean ?
|c|☆randalboy|I already lost
|
|t:|1760414780
|switch|p1a: Slowking|Slowking-Galar, F, tera:Flying|100/100 par
|switch|p2a: Kingdra|Kingdra, F, tera:Water|100/100
|turn|39
|
|t:|1760414787
|move|p2a: Kingdra|Focus Energy|p2a: Kingdra
|-start|p2a: Kingdra|move: Focus Energy
|-prepare|p1a: Slowking|Chilly Reception|[premajor]
|cant|p1a: Slowking|par
|
|-weather|RainDance|[upkeep]
|-damage|p1a: Slowking|88/100 par|[from] item: Black Sludge
|upkeep
|turn|40
|c|☆randalboy|I mean i know you're like a champion or some stuff like that
|c|☆randalboy|But I lost a long time ago lmao
|c|☆randalboy|anyways good team
|c|☆randalboy|and ggs
|c|☆randalboy|that was fun ngl
|-message|randalboy forfeited.
|
|win|linxiangyu
|raw|randalboy's rating: 1268 &rarr; <strong>1245</strong><br />(-23 for losing)
|raw|linxiangyu's rating: 1295 &rarr; <strong>1318</strong><br />(+23 for winning)
|l|☆randalboy
|player|p1|
|l|☆linxiangyu
|player|p2|
