|j|☆Elphix
|j|☆Bleppus
|t:|1760335790
|gametype|singles
|player|p1|Elphix|madame-gen4|1140
|player|p2|Bleppus|265|1191
|gen|9
|tier|[Gen 9] OU
|rated|
|rule|HP Percentage Mod: HP is shown in percentages
|rule|Endless Battle Clause: Forcing endless battles is banned
|rule|Species Clause: Limit one of each Pokémon
|rule|OHKO Clause: OHKO moves are banned
|rule|Evasion Items Clause: Evasion items are banned
|rule|Evasion Moves Clause: Evasion moves are banned
|rule|Evasion Abilities Clause: Evasion abilities are banned
|rule|Sleep Moves Clause: Sleep-inducing moves are banned
|clearpoke
|poke|p1|Latias, F|
|poke|p1|Ursaluna, F|
|poke|p1|Skarmory, F|
|poke|p1|Vikavolt, F|
|poke|p1|Primarina, F|
|poke|p1|Kyurem|
|poke|p2|Primarina, M|
|poke|p2|Ceruledge, M|
|poke|p2|Kingambit, M|
|poke|p2|Glimmora, F|
|poke|p2|Gholdengo|
|poke|p2|Hydrapple, M|
|teampreview
|
|t:|1760335805
|teamsize|p1|6
|teamsize|p2|6
|start
|switch|p1a: Latias|Latias, F|100/100
|switch|p2a: Gholdengo|Gholdengo|100/100
|turn|1
|
|t:|1760335829
|switch|p1a: Skarmory|Skarmory, F, shiny|100/100
|move|p2a: Gholdengo|Shadow Ball|p1a: Skarmory
|-damage|p1a: Skarmory|44/100
|
|upkeep
|turn|2
|
|t:|1760335845
|move|p2a: Gholdengo|Shadow Ball|p1a: Skarmory
|-damage|p1a: Skarmory|0 fnt
|faint|p1a: Skarmory
|
|upkeep
|
|t:|1760335860
|switch|p1a: Ursaluna|Ursaluna, F, shiny|100/100
|turn|3
|
|t:|1760335870
|switch|p2a: Hydrapple|Hydrapple, M|100/100
|move|p1a: Ursaluna|Swords Dance|p1a: Ursaluna
|-boost|p1a: Ursaluna|atk|2
|
|-status|p1a: Ursaluna|brn|[from] item: Flame Orb
|upkeep
|turn|4
|
|t:|1760335886
|move|p1a: Ursaluna|Drain Punch|p2a: Hydrapple
|-damage|p2a: Hydrapple|52/100
|move|p2a: Hydrapple|Giga Drain|p1a: Ursaluna
|-supereffective|p1a: Ursaluna
|-damage|p1a: Ursaluna|44/100 brn
|-heal|p2a: Hydrapple|84/100|[from] drain|[of] p1a: Ursaluna
|
|-damage|p1a: Ursaluna|37/100 brn|[from] brn
|upkeep
|turn|5
|
|t:|1760335909
|move|p1a: Ursaluna|Earthquake|p2a: Hydrapple
|-resisted|p2a: Hydrapple
|-damage|p2a: Hydrapple|35/100
|move|p2a: Hydrapple|Giga Drain|p1a: Ursaluna
|-supereffective|p1a: Ursaluna
|-damage|p1a: Ursaluna|0 fnt
|-heal|p2a: Hydrapple|56/100|[from] drain|[of] p1a: Ursaluna
|faint|p1a: Ursaluna
|
|upkeep
|
|t:|1760335920
|switch|p1a: Primarina|Primarina, F|100/100
|turn|6
|
|t:|1760335930
|switch|p2a: Gholdengo|Gholdengo|100/100
|move|p1a: Primarina|Calm Mind|p1a: Primarina
|-boost|p1a: Primarina|spa|1
|-boost|p1a: Primarina|spd|1
|
|upkeep
|turn|7
|
|t:|1760335938
|move|p2a: Gholdengo|Trick|p1a: Primarina
|-activate|p2a: Gholdengo|move: Trick|[of] p1a: Primarina
|-item|p1a: Primarina|Choice Scarf|[from] move: Trick
|-item|p2a: Gholdengo|Heavy-Duty Boots|[from] move: Trick
|move|p1a: Primarina|Surf|p2a: Gholdengo
|-damage|p2a: Gholdengo|9/100
|
|upkeep
|turn|8
|
|t:|1760335948
|move|p2a: Gholdengo|Make It Rain|p1a: Primarina
|-damage|p1a: Primarina|68/100
|-unboost|p2a: Gholdengo|spa|1
|move|p1a: Primarina|Surf|p2a: Gholdengo
|-damage|p2a: Gholdengo|0 fnt
|faint|p2a: Gholdengo
|
|upkeep
|
|t:|1760335955
|switch|p2a: Hydrapple|Hydrapple, M|89/100
|turn|9
|
|t:|1760335960
|move|p1a: Primarina|Surf|p2a: Hydrapple
|-resisted|p2a: Hydrapple
|-damage|p2a: Hydrapple|70/100
|move|p2a: Hydrapple|Nasty Plot|p2a: Hydrapple
|-boost|p2a: Hydrapple|spa|2
|
|upkeep
|turn|10
|
|t:|1760335969
|switch|p1a: Vikavolt|Vikavolt, F, shiny|100/100
|move|p2a: Hydrapple|Giga Drain|p1a: Vikavolt
|-resisted|p1a: Vikavolt
|-damage|p1a: Vikavolt|79/100
|-heal|p2a: Hydrapple|78/100|[from] drain|[of] p1a: Vikavolt
|
|upkeep
|turn|11
|
|t:|1760335983
|-terastallize|p2a: Hydrapple|Fairy
|move|p2a: Hydrapple|Fickle Beam|p1a: Vikavolt
|-damage|p1a: Vikavolt|34/100
|move|p1a: Vikavolt|Bug Buzz|p2a: Hydrapple
|-resisted|p2a: Hydrapple
|-damage|p2a: Hydrapple|50/100
|
|upkeep
|turn|12
|
|t:|1760335996
|move|p2a: Hydrapple|Fickle Beam|p1a: Vikavolt
|-damage|p1a: Vikavolt|0 fnt
|faint|p1a: Vikavolt
|
|upkeep
|
|t:|1760336005
|switch|p1a: Kyurem|Kyurem|100/100
|-ability|p1a: Kyurem|Pressure
|turn|13
|
|t:|1760336016
|switch|p2a: Primarina|Primarina, M|100/100
|move|p1a: Kyurem|Ice Fang|p2a: Primarina
|-resisted|p2a: Primarina
|-damage|p2a: Primarina|82/100
|-damage|p1a: Kyurem|91/100|[from] item: Life Orb
|
|-heal|p2a: Primarina|88/100|[from] item: Leftovers
|upkeep
|turn|14
|
|t:|1760336043
|-terastallize|p1a: Kyurem|Steel
|move|p1a: Kyurem|Dragon Dance|p1a: Kyurem
|-boost|p1a: Kyurem|atk|1
|-boost|p1a: Kyurem|spe|1
|move|p2a: Primarina|Substitute|p2a: Primarina
|-start|p2a: Primarina|Substitute
|-damage|p2a: Primarina|63/100
|
|-heal|p2a: Primarina|69/100|[from] item: Leftovers
|upkeep
|turn|15
|
|t:|1760336058
|move|p1a: Kyurem|Dragon Dance|p1a: Kyurem
|-boost|p1a: Kyurem|atk|1
|-boost|p1a: Kyurem|spe|1
|move|p2a: Primarina|Calm Mind|p2a: Primarina
|-boost|p2a: Primarina|spa|1
|-boost|p2a: Primarina|spd|1
|
|-heal|p2a: Primarina|75/100|[from] item: Leftovers
|upkeep
|turn|16
|
|t:|1760336072
|move|p1a: Kyurem|Ice Fang|p2a: Primarina
|-resisted|p2a: Primarina
|-end|p2a: Primarina|Substitute
|-damage|p1a: Kyurem|81/100|[from] item: Life Orb
|move|p2a: Primarina|Psychic Noise|p1a: Kyurem
|-damage|p1a: Kyurem|39/100
|-start|p1a: Kyurem|move: Heal Block
|
|-heal|p2a: Primarina|82/100|[from] item: Leftovers
|upkeep
|turn|17
|
|t:|1760336085
|move|p1a: Kyurem|Ice Fang|p2a: Primarina
|-resisted|p2a: Primarina
|-damage|p2a: Primarina|43/100
|-damage|p1a: Kyurem|29/100|[from] item: Life Orb
|cant|p2a: Primarina|flinch
|
|-heal|p2a: Primarina|49/100|[from] item: Leftovers
|-end|p1a: Kyurem|move: Heal Block
|upkeep
|turn|18
|
|t:|1760336106
|move|p1a: Kyurem|Facade|p2a: Primarina
|-damage|p2a: Primarina|0 fnt
|faint|p2a: Primarina
|-damage|p1a: Kyurem|19/100|[from] item: Life Orb
|
|upkeep
|
|t:|1760336116
|switch|p2a: Ceruledge|Ceruledge, M|100/100
|turn|19
|
|t:|1760336124
|move|p1a: Kyurem|Dragon Claw|p2a: Ceruledge
|-enditem|p2a: Ceruledge|Focus Sash
|-damage|p2a: Ceruledge|1/100
|-ability|p2a: Ceruledge|Weak Armor|boost
|-unboost|p2a: Ceruledge|def|1
|-boost|p2a: Ceruledge|spe|2
|-damage|p1a: Kyurem|9/100|[from] item: Life Orb
|move|p2a: Ceruledge|Swords Dance|p2a: Ceruledge
|-boost|p2a: Ceruledge|atk|2
|
|upkeep
|turn|20
|
|t:|1760336137
|move|p2a: Ceruledge|Shadow Sneak|p1a: Kyurem
|-damage|p1a: Kyurem|0 fnt
|faint|p1a: Kyurem
|
|upkeep
|
|t:|1760336142
|switch|p1a: Latias|Latias, F|100/100
|turn|21
|
|t:|1760336153
|move|p2a: Ceruledge|Shadow Sneak|p1a: Latias
|-supereffective|p1a: Latias
|-damage|p1a: Latias|0 fnt
|faint|p1a: Latias
|
|upkeep
|
|t:|1760336159
|switch|p1a: Primarina|Primarina, F|68/100
|turn|22
|
|t:|1760336162
|move|p2a: Ceruledge|Poltergeist|p1a: Primarina
|-activate|p1a: Primarina|move: Poltergeist|Choice Scarf
|-damage|p1a: Primarina|0 fnt
|faint|p1a: Primarina
|
|win|Bleppus
|raw|Elphix's rating: 1140 &rarr; <strong>1119</strong><br />(-21 for losing)
|raw|Bleppus's rating: 1191 &rarr; <strong>1212</strong><br />(+21 for winning)
|l|☆Elphix
|player|p1|
|c|☆Bleppus|Gg
|l|☆Bleppus
|player|p2|
