|j|☆sniper20657
|j|☆I love joji 3
|t:|1760334336
|gametype|singles
|player|p1|sniper20657|blackbelt-gen4dp|1202
|player|p2|I love joji 3|roxie|1104
|gen|9
|tier|[Gen 9] OU
|rated|
|rule|HP Percentage Mod: HP is shown in percentages
|rule|Endless Battle Clause: Forcing endless battles is banned
|rule|Species Clause: Limit one of each Pokémon
|rule|OHKO Clause: OHKO moves are banned
|rule|Evasion Items Clause: Evasion items are banned
|rule|Evasion Moves Clause: Evasion moves are banned
|rule|Evasion Abilities Clause: Evasion abilities are banned
|rule|Sleep Moves Clause: Sleep-inducing moves are banned
|clearpoke
|poke|p1|Hydrapple, F|
|poke|p1|Iron Moth|
|poke|p1|Alomomola, F|
|poke|p1|Kingambit, M|
|poke|p1|Zamazenta-*|
|poke|p1|Landorus-Therian, M|
|poke|p2|Toxtricity, F|
|poke|p2|Kingambit, M|
|poke|p2|Slowking, F|
|poke|p2|Great Tusk|
|poke|p2|Typhlosion-Hisui, M|
|poke|p2|Azelf|
|teampreview
|
|t:|1760334360
|teamsize|p1|6
|teamsize|p2|6
|start
|switch|p1a: Landorus|Landorus-Therian, M|100/100
|switch|p2a: Azelf|Azelf|100/100
|-ability|p1a: Landorus|Intimidate|boost
|-unboost|p2a: Azelf|atk|1
|turn|1
|
|t:|1760334367
|move|p1a: Landorus|U-turn|p2a: Azelf
|-supereffective|p2a: Azelf
|-damage|p2a: Azelf|2/100
|
|t:|1760334371
|switch|p1a: Kingambit|Kingambit, M|100/100|[from] U-turn
|move|p2a: Azelf|Taunt|p1a: Kingambit
|-start|p1a: Kingambit|move: Taunt
|
|upkeep
|turn|2
|
|t:|1760334383
|move|p2a: Azelf|Stealth Rock|p1a: Kingambit
|-sidestart|p1: sniper20657|move: Stealth Rock
|move|p1a: Kingambit|Kowtow Cleave|p2a: Azelf
|-supereffective|p2a: Azelf
|-damage|p2a: Azelf|0 fnt
|faint|p2a: Azelf
|-damage|p1a: Kingambit|91/100|[from] item: Life Orb
|
|upkeep
|
|t:|1760334412
|switch|p2a: Toxtricity|Toxtricity, F|100/100
|turn|3
|
|t:|1760334424
|-end|p1a: Kingambit|fallenundefined|[silent]
|switch|p1a: Landorus|Landorus-Therian, M|100/100
|-damage|p1a: Landorus|88/100|[from] Stealth Rock
|-ability|p1a: Landorus|Intimidate|boost
|-unboost|p2a: Toxtricity|atk|1
|move|p2a: Toxtricity|Volt Switch|p1a: Landorus
|-immune|p1a: Landorus
|
|upkeep
|turn|4
|
|t:|1760334436
|switch|p2a: Slowking|Slowking, F|100/100
|move|p1a: Landorus|U-turn|p2a: Slowking
|-supereffective|p2a: Slowking
|-damage|p2a: Slowking|49/100
|-enditem|p2a: Slowking|Sitrus Berry|[eat]
|-heal|p2a: Slowking|74/100|[from] item: Sitrus Berry
|
|t:|1760334446
|switch|p1a: Zamazenta|Zamazenta|100/100|[from] U-turn
|-ability|p1a: Zamazenta|Dauntless Shield|boost
|-boost|p1a: Zamazenta|def|1
|
|upkeep
|turn|5
|
|t:|1760334457
|move|p1a: Zamazenta|Crunch|p2a: Slowking
|-supereffective|p2a: Slowking
|-damage|p2a: Slowking|22/100
|move|p2a: Slowking|Thunder Wave|p1a: Zamazenta
|-status|p1a: Zamazenta|par
|
|upkeep
|turn|6
|
|t:|1760334467
|switch|p2a: Typhlosion|Typhlosion-Hisui, M|100/100
|-item|p1a: Zamazenta|Heavy-Duty Boots|[from] ability: Frisk|[of] p2a: Typhlosion
|move|p1a: Zamazenta|Crunch|p2a: Typhlosion
|-supereffective|p2a: Typhlosion
|-damage|p2a: Typhlosion|25/100
|
|upkeep
|turn|7
|
|t:|1760334481
|-terastallize|p2a: Typhlosion|Fairy
|move|p2a: Typhlosion|Tera Blast|p1a: Zamazenta|[anim] Tera Blast Fairy
|-supereffective|p1a: Zamazenta
|-damage|p1a: Zamazenta|33/100 par
|cant|p1a: Zamazenta|par
|
|upkeep
|turn|8
|
|t:|1760334522
|switch|p2a: Slowking|Slowking, F|55/100
|switch|p1a: Iron Moth|Iron Moth|100/100
|-damage|p1a: Iron Moth|75/100|[from] Stealth Rock
|
|upkeep
|turn|9
|
|t:|1760334544
|move|p1a: Iron Moth|Sludge Wave|p2a: Slowking
|-damage|p2a: Slowking|23/100
|-prepare|p2a: Slowking|Chilly Reception|[premajor]
|move|p2a: Slowking|Chilly Reception|p2a: Slowking
|-weather|Snowscape
|
|t:|1760334566
|switch|p2a: Kingambit|Kingambit, M|100/100|[from] Chilly Reception
|-activate|p2a: Kingambit|ability: Supreme Overlord
|-start|p2a: Kingambit|fallen1|[silent]
|
|-weather|Snowscape|[upkeep]
|upkeep
|turn|10
|
|t:|1760334577
|-end|p1a: Iron Moth|Quark Drive|[silent]
|switch|p1a: Hydrapple|Hydrapple, F|100/100
|move|p2a: Kingambit|Swords Dance|p2a: Kingambit
|-boost|p2a: Kingambit|atk|2
|
|-weather|Snowscape|[upkeep]
|upkeep
|turn|11
|
|t:|1760334586
|move|p2a: Kingambit|Kowtow Cleave|p1a: Hydrapple
|-damage|p1a: Hydrapple|36/100
|move|p1a: Hydrapple|Earth Power|p2a: Kingambit
|-supereffective|p2a: Kingambit
|-damage|p2a: Kingambit|48/100
|
|-weather|Snowscape|[upkeep]
|-heal|p2a: Kingambit|54/100|[from] item: Leftovers
|upkeep
|turn|12
|
|t:|1760334601
|switch|p1a: Landorus|Landorus-Therian, M|88/100
|-damage|p1a: Landorus|76/100|[from] Stealth Rock
|-ability|p1a: Landorus|Intimidate|boost
|-unboost|p2a: Kingambit|atk|1
|move|p2a: Kingambit|Kowtow Cleave|p1a: Landorus
|-damage|p1a: Landorus|0 fnt
|faint|p1a: Landorus
|
|-weather|Snowscape|[upkeep]
|-heal|p2a: Kingambit|60/100|[from] item: Leftovers
|upkeep
|
|t:|1760334605
|switch|p1a: Hydrapple|Hydrapple, F|69/100
|turn|13
|
|t:|1760334613
|move|p2a: Kingambit|Swords Dance|p2a: Kingambit
|-boost|p2a: Kingambit|atk|2
|move|p1a: Hydrapple|Earth Power|p2a: Kingambit
|-supereffective|p2a: Kingambit
|-damage|p2a: Kingambit|14/100
|
|-weather|none
|-heal|p2a: Kingambit|20/100|[from] item: Leftovers
|upkeep
|turn|14
|
|t:|1760334623
|switch|p1a: Kingambit|Kingambit, M|91/100
|-damage|p1a: Kingambit|84/100|[from] Stealth Rock
|-activate|p1a: Kingambit|ability: Supreme Overlord
|-start|p1a: Kingambit|fallen1|[silent]
|move|p2a: Kingambit|Kowtow Cleave|p1a: Kingambit
|-resisted|p1a: Kingambit
|-damage|p1a: Kingambit|30/100
|
|-heal|p2a: Kingambit|26/100|[from] item: Leftovers
|upkeep
|turn|15
|
|t:|1760334631
|move|p1a: Kingambit|Sucker Punch|p2a: Kingambit
|-resisted|p2a: Kingambit
|-damage|p2a: Kingambit|6/100
|-damage|p1a: Kingambit|20/100|[from] item: Life Orb
|move|p2a: Kingambit|Sucker Punch||[still]
|-fail|p2a: Kingambit
|
|-heal|p2a: Kingambit|12/100|[from] item: Leftovers
|upkeep
|turn|16
|
|t:|1760334643
|-end|p2a: Kingambit|fallen1|[silent]
|switch|p2a: Slowking|Slowking, F|56/100
|move|p1a: Kingambit|Sucker Punch||[still]
|-fail|p1a: Kingambit
|
|upkeep
|turn|17
|
|t:|1760334659
|switch|p2a: Typhlosion|Typhlosion-Hisui, M, tera:Fairy|25/100
|-item|p1a: Kingambit|Life Orb|[from] ability: Frisk|[of] p2a: Typhlosion
|move|p1a: Kingambit|Kowtow Cleave|p2a: Typhlosion
|-resisted|p2a: Typhlosion
|-damage|p2a: Typhlosion|0 fnt
|faint|p2a: Typhlosion
|-damage|p1a: Kingambit|10/100|[from] item: Life Orb
|
|upkeep
|
|t:|1760334669
|switch|p2a: Great Tusk|Great Tusk|100/100
|-enditem|p2a: Great Tusk|Booster Energy
|-activate|p2a: Great Tusk|ability: Protosynthesis|[fromitem]
|-start|p2a: Great Tusk|protosynthesisspe
|turn|18
|
|t:|1760334676
|-end|p1a: Kingambit|fallen1|[silent]
|switch|p1a: Alomomola|Alomomola, F|100/100
|move|p2a: Great Tusk|Bulk Up|p2a: Great Tusk
|-boost|p2a: Great Tusk|atk|1
|-boost|p2a: Great Tusk|def|1
|
|upkeep
|turn|19
|
|t:|1760334687
|-end|p2a: Great Tusk|Protosynthesis|[silent]
|switch|p2a: Toxtricity|Toxtricity, F|100/100
|move|p1a: Alomomola|Scald|p2a: Toxtricity
|-damage|p2a: Toxtricity|79/100
|-status|p2a: Toxtricity|brn
|
|-damage|p2a: Toxtricity|72/100 brn|[from] brn
|upkeep
|turn|20
|
|t:|1760334706
|switch|p1a: Zamazenta|Zamazenta|33/100 par
|move|p2a: Toxtricity|Volt Switch|p1a: Zamazenta
|-damage|p1a: Zamazenta|0 fnt
|faint|p1a: Zamazenta
|
|t:|1760334712
|switch|p2a: Kingambit|Kingambit, M|12/100|[from] Volt Switch
|-activate|p2a: Kingambit|ability: Supreme Overlord
|-start|p2a: Kingambit|fallen2|[silent]
|
|-heal|p2a: Kingambit|18/100|[from] item: Leftovers
|upkeep
|
|t:|1760334725
|switch|p1a: Alomomola|Alomomola, F|100/100
|turn|21
|
|t:|1760334729
|move|p2a: Kingambit|Kowtow Cleave|p1a: Alomomola
|-damage|p1a: Alomomola|66/100
|move|p1a: Alomomola|Scald|p2a: Kingambit
|-damage|p2a: Kingambit|4/100
|
|-heal|p2a: Kingambit|10/100|[from] item: Leftovers
|upkeep
|turn|22
|
|t:|1760334737
|move|p2a: Kingambit|Kowtow Cleave|p1a: Alomomola
|-damage|p1a: Alomomola|35/100
|move|p1a: Alomomola|Scald|p2a: Kingambit
|-damage|p2a: Kingambit|0 fnt
|faint|p2a: Kingambit
|-end|p2a: Kingambit|fallen2|[silent]
|
|upkeep
|
|t:|1760334742
|switch|p2a: Toxtricity|Toxtricity, F|72/100 brn
|turn|23
|
|t:|1760334757
|switch|p1a: Iron Moth|Iron Moth|75/100
|-damage|p1a: Iron Moth|50/100|[from] Stealth Rock
|move|p2a: Toxtricity|Boomburst|p1a: Iron Moth
|-damage|p1a: Iron Moth|0 fnt
|faint|p1a: Iron Moth
|-end|p1a: Iron Moth|Quark Drive|[silent]
|
|-damage|p2a: Toxtricity|66/100 brn|[from] brn
|upkeep
|
|t:|1760334772
|switch|p1a: Kingambit|Kingambit, M|10/100
|-damage|p1a: Kingambit|4/100|[from] Stealth Rock
|-activate|p1a: Kingambit|ability: Supreme Overlord
|-start|p1a: Kingambit|fallen3|[silent]
|turn|24
|
|t:|1760334782
|switch|p2a: Great Tusk|Great Tusk|100/100
|move|p1a: Kingambit|Iron Head|p2a: Great Tusk
|-damage|p2a: Great Tusk|52/100
|-damage|p1a: Kingambit|0 fnt|[from] item: Life Orb
|faint|p1a: Kingambit
|-end|p1a: Kingambit|fallen3|[silent]
|
|upkeep
|
|t:|1760334789
|switch|p1a: Alomomola|Alomomola, F|68/100
|turn|25
|
|t:|1760334797
|move|p2a: Great Tusk|Headlong Rush|p1a: Alomomola
|-damage|p1a: Alomomola|42/100
|-unboost|p2a: Great Tusk|def|1
|-unboost|p2a: Great Tusk|spd|1
|move|p1a: Alomomola|Scald|p2a: Great Tusk
|-supereffective|p2a: Great Tusk
|-damage|p2a: Great Tusk|0 fnt
|faint|p2a: Great Tusk
|-end|p2a: Great Tusk|Protosynthesis|[silent]
|
|upkeep
|
|t:|1760334804
|switch|p2a: Toxtricity|Toxtricity, F|66/100 brn
|turn|26
|
|t:|1760334820
|move|p1a: Alomomola|Protect|p1a: Alomomola
|-singleturn|p1a: Alomomola|Protect
|move|p2a: Toxtricity|Overdrive|p1a: Alomomola
|-activate|p1a: Alomomola|move: Protect
|
|-damage|p2a: Toxtricity|60/100 brn|[from] brn
|upkeep
|turn|27
|
|t:|1760334829
|move|p2a: Toxtricity|Overdrive|p1a: Alomomola
|-supereffective|p1a: Alomomola
|-crit|p1a: Alomomola
|-damage|p1a: Alomomola|0 fnt
|faint|p1a: Alomomola
|
|-damage|p2a: Toxtricity|54/100 brn|[from] brn
|upkeep
|
|t:|1760334832
|switch|p1a: Hydrapple|Hydrapple, F|100/100
|turn|28
|
|t:|1760334843
|switch|p2a: Slowking|Slowking, F|89/100
|move|p1a: Hydrapple|Earth Power|p2a: Slowking
|-damage|p2a: Slowking|74/100
|
|upkeep
|turn|29
|
|t:|1760334867
|move|p1a: Hydrapple|Giga Drain|p2a: Slowking
|-supereffective|p2a: Slowking
|-damage|p2a: Slowking|39/100
|move|p2a: Slowking|Thunder Wave|p1a: Hydrapple
|-status|p1a: Hydrapple|par
|
|upkeep
|turn|30
|
|t:|1760334876
|move|p2a: Slowking|Future Sight|p1a: Hydrapple
|-start|p2a: Slowking|move: Future Sight
|move|p1a: Hydrapple|Earth Power|p2a: Slowking
|-damage|p2a: Slowking|26/100
|
|upkeep
|turn|31
|
|t:|1760334880
|-prepare|p2a: Slowking|Chilly Reception|[premajor]
|move|p2a: Slowking|Chilly Reception|p2a: Slowking
|-weather|Snowscape
|
|t:|1760334903
|switch|p2a: Toxtricity|Toxtricity, F|54/100 brn|[from] Chilly Reception
|cant|p1a: Hydrapple|par
|
|-weather|Snowscape|[upkeep]
|-damage|p2a: Toxtricity|48/100 brn|[from] brn
|upkeep
|turn|32
|
|t:|1760334916
|-terastallize|p1a: Hydrapple|Steel
|move|p2a: Toxtricity|Sludge Wave|p1a: Hydrapple
|-immune|p1a: Hydrapple
|move|p1a: Hydrapple|Earth Power|p2a: Toxtricity
|-supereffective|p2a: Toxtricity
|-damage|p2a: Toxtricity|0 fnt
|faint|p2a: Toxtricity
|
|-weather|Snowscape|[upkeep]
|-end|p1a: Hydrapple|move: Future Sight
|-resisted|p1a: Hydrapple
|-damage|p1a: Hydrapple|81/100 par
|upkeep
|
|t:|1760334923
|switch|p2a: Slowking|Slowking, F|59/100
|turn|33
|
|t:|1760334928
|move|p2a: Slowking|Scald|p1a: Hydrapple
|-damage|p1a: Hydrapple|56/100 par
|move|p1a: Hydrapple|Giga Drain|p2a: Slowking
|-supereffective|p2a: Slowking
|-damage|p2a: Slowking|22/100
|-heal|p1a: Hydrapple|73/100 par|[from] drain|[of] p2a: Slowking
|
|-weather|Snowscape|[upkeep]
|upkeep
|turn|34
|-message|I love joji 3 forfeited.
|
|win|sniper20657
|raw|sniper20657's rating: 1202 &rarr; <strong>1220</strong><br />(+18 for winning)
|raw|I love joji 3's rating: 1104 &rarr; <strong>1086</strong><br />(-18 for losing)
|l|☆I love joji 3
|player|p2|
|l|☆sniper20657
|player|p1|
