|j|☆ch1ck3n nu99ets
|j|☆RoddyJ
|t:|1760333152
|gametype|singles
|player|p1|ch1ck3n nu99ets|170|1712
|player|p2|RoddyJ|ethan|1705
|gen|9
|tier|[Gen 9] OU
|rated|
|rule|HP Percentage Mod: HP is shown in percentages
|rule|Endless Battle Clause: Forcing endless battles is banned
|rule|Species Clause: Limit one of each Pokémon
|rule|OHKO Clause: OHKO moves are banned
|rule|Evasion Items Clause: Evasion items are banned
|rule|Evasion Moves Clause: Evasion moves are banned
|rule|Evasion Abilities Clause: Evasion abilities are banned
|rule|Sleep Moves Clause: Sleep-inducing moves are banned
|clearpoke
|poke|p1|Pelipper, F|
|poke|p1|Basculegion, M|
|poke|p1|Manaphy|
|poke|p1|Scizor, F|
|poke|p1|Iron Valiant|
|poke|p1|Sandy Shocks|
|poke|p2|Cetitan, M|
|poke|p2|Kingambit, M|
|poke|p2|Articuno-Galar|
|poke|p2|Iron Crown|
|poke|p2|Swampert, M|
|poke|p2|Weezing-Galar, M|
|teampreview
|j| ace trumpets
|inactive|Battle timer is ON: inactive players will automatically lose when time's up. (requested by RoddyJ)
|c|☆ch1ck3n nu99ets|cool team
|
|t:|1760333176
|teamsize|p1|6
|teamsize|p2|6
|start
|switch|p1a: Scizor|Scizor, F|100/100
|switch|p2a: Cetitan|Cetitan, M, shiny|100/100
|turn|1
|c|☆RoddyJ|ty
|
|t:|1760333181
|switch|p2a: Swampert|Swampert, M, shiny|100/100
|move|p1a: Scizor|Knock Off|p2a: Swampert
|-damage|p2a: Swampert|69/100
|-enditem|p2a: Swampert|Leftovers|[from] move: Knock Off|[of] p1a: Scizor
|
|upkeep
|turn|2
|
|t:|1760333184
|move|p1a: Scizor|U-turn|p2a: Swampert
|-damage|p2a: Swampert|35/100
|
|t:|1760333186
|switch|p1a: Pelipper|Pelipper, F|100/100|[from] U-turn
|-weather|RainDance|[from] ability: Drizzle|[of] p1a: Pelipper
|move|p2a: Swampert|Knock Off|p1a: Pelipper
|-damage|p1a: Pelipper|83/100
|-enditem|p1a: Pelipper|Damp Rock|[from] move: Knock Off|[of] p2a: Swampert
|
|-weather|RainDance|[upkeep]
|upkeep
|turn|3
|
|t:|1760333189
|move|p1a: Pelipper|U-turn|p2a: Swampert
|-damage|p2a: Swampert|27/100
|
|t:|1760333191
|switch|p1a: Scizor|Scizor, F|100/100|[from] U-turn
|move|p2a: Swampert|Stealth Rock|p1a: Scizor
|-sidestart|p1: ch1ck3n nu99ets|move: Stealth Rock
|
|-weather|RainDance|[upkeep]
|upkeep
|turn|4
|j| lakob
|
|t:|1760333197
|move|p1a: Scizor|U-turn|p2a: Swampert
|-damage|p2a: Swampert|0 fnt
|faint|p2a: Swampert
|
|t:|1760333200
|switch|p1a: Sandy Shocks|Sandy Shocks|100/100|[from] U-turn
|-damage|p1a: Sandy Shocks|94/100|[from] Stealth Rock
|-enditem|p1a: Sandy Shocks|Booster Energy
|-activate|p1a: Sandy Shocks|ability: Protosynthesis|[fromitem]
|-start|p1a: Sandy Shocks|protosynthesisspe
|
|-weather|RainDance|[upkeep]
|upkeep
|j| arturohdez
|
|t:|1760333212
|switch|p2a: Cetitan|Cetitan, M, shiny|100/100
|turn|5
|
|t:|1760333219
|-terastallize|p1a: Sandy Shocks|Electric
|move|p1a: Sandy Shocks|Thunder|p2a: Cetitan
|-damage|p2a: Cetitan|25/100
|-status|p2a: Cetitan|par
|cant|p2a: Cetitan|par
|
|-weather|RainDance|[upkeep]
|upkeep
|turn|6
|
|t:|1760333225
|cant|p2a: Cetitan|par
|move|p1a: Sandy Shocks|Stealth Rock|p2a: Cetitan
|-sidestart|p2: RoddyJ|move: Stealth Rock
|
|-weather|RainDance|[upkeep]
|upkeep
|turn|7
|
|t:|1760333228
|move|p1a: Sandy Shocks|Volt Switch|p2a: Cetitan
|-damage|p2a: Cetitan|0 fnt
|faint|p2a: Cetitan
|
|t:|1760333234
|-end|p1a: Sandy Shocks|Protosynthesis|[silent]
|switch|p1a: Scizor|Scizor, F|100/100|[from] Volt Switch
|-damage|p1a: Scizor|88/100|[from] Stealth Rock
|
|-weather|RainDance|[upkeep]
|upkeep
|
|t:|1760333237
|switch|p2a: Weezing|Weezing-Galar, M, shiny|100/100
|-damage|p2a: Weezing|88/100|[from] Stealth Rock
|turn|8
|
|t:|1760333242
|switch|p1a: Manaphy|Manaphy|100/100
|-damage|p1a: Manaphy|88/100|[from] Stealth Rock
|move|p2a: Weezing|Will-O-Wisp|p1a: Manaphy
|-status|p1a: Manaphy|brn
|
|-weather|RainDance|[upkeep]
|-activate|p1a: Manaphy|ability: Hydration
|-curestatus|p1a: Manaphy|brn|[msg]
|-heal|p2a: Weezing|94/100|[from] item: Leftovers
|upkeep
|turn|9
|
|t:|1760333250
|move|p1a: Manaphy|Surf|p2a: Weezing
|-damage|p2a: Weezing|18/100
|move|p2a: Weezing|Acid Spray|p1a: Manaphy
|-damage|p1a: Manaphy|76/100
|
|-weather|none
|-heal|p2a: Weezing|24/100|[from] item: Leftovers
|upkeep
|turn|10
|
|t:|1760333255
|move|p1a: Manaphy|Surf|p2a: Weezing
|-damage|p2a: Weezing|0 fnt
|faint|p2a: Weezing
|
|upkeep
|
|t:|1760333261
|switch|p2a: Kingambit|Kingambit, M, shiny|100/100
|-damage|p2a: Kingambit|94/100|[from] Stealth Rock
|-activate|p2a: Kingambit|ability: Supreme Overlord
|-start|p2a: Kingambit|fallen3|[silent]
|turn|11
|
|t:|1760333264
|switch|p1a: Pelipper|Pelipper, F|83/100
|-damage|p1a: Pelipper|58/100|[from] Stealth Rock
|-weather|RainDance|[from] ability: Drizzle|[of] p1a: Pelipper
|move|p2a: Kingambit|Kowtow Cleave|p1a: Pelipper
|-damage|p1a: Pelipper|0 fnt
|faint|p1a: Pelipper
|
|-weather|RainDance|[upkeep]
|upkeep
|
|t:|1760333268
|switch|p1a: Iron Valiant|Iron Valiant|100/100
|-damage|p1a: Iron Valiant|94/100|[from] Stealth Rock
|-enditem|p1a: Iron Valiant|Booster Energy
|-activate|p1a: Iron Valiant|ability: Quark Drive|[fromitem]
|-start|p1a: Iron Valiant|quarkdrivespe
|turn|12
|
|t:|1760333273
|move|p1a: Iron Valiant|Encore|p2a: Kingambit
|-start|p2a: Kingambit|Encore
|move|p2a: Kingambit|Kowtow Cleave|p1a: Iron Valiant
|-resisted|p1a: Iron Valiant
|-damage|p1a: Iron Valiant|71/100
|
|-weather|RainDance|[upkeep]
|upkeep
|turn|13
|
|t:|1760333277
|move|p1a: Iron Valiant|Swords Dance|p1a: Iron Valiant
|-boost|p1a: Iron Valiant|atk|2
|move|p2a: Kingambit|Kowtow Cleave|p1a: Iron Valiant
|-resisted|p1a: Iron Valiant
|-damage|p1a: Iron Valiant|49/100
|
|-weather|RainDance|[upkeep]
|upkeep
|turn|14
|
|t:|1760333280
|move|p1a: Iron Valiant|Liquidation|p2a: Kingambit
|-damage|p2a: Kingambit|15/100
|move|p2a: Kingambit|Kowtow Cleave|p1a: Iron Valiant
|-resisted|p1a: Iron Valiant
|-damage|p1a: Iron Valiant|26/100
|
|-weather|RainDance|[upkeep]
|-end|p2a: Kingambit|Encore
|upkeep
|turn|15
|
|t:|1760333283
|move|p2a: Kingambit|Sucker Punch|p1a: Iron Valiant
|-resisted|p1a: Iron Valiant
|-crit|p1a: Iron Valiant
|-damage|p1a: Iron Valiant|0 fnt
|faint|p1a: Iron Valiant
|-end|p1a: Iron Valiant|Quark Drive|[silent]
|
|-weather|none
|upkeep
|
|t:|1760333292
|switch|p1a: Basculegion|Basculegion, M|100/100
|-damage|p1a: Basculegion|88/100|[from] Stealth Rock
|turn|16
|
|t:|1760333295
|move|p1a: Basculegion|Aqua Jet|p2a: Kingambit
|-damage|p2a: Kingambit|0 fnt
|faint|p2a: Kingambit
|-end|p2a: Kingambit|fallen3|[silent]
|
|upkeep
|
|t:|1760333297
|switch|p2a: Iron Crown|Iron Crown|100/100
|-damage|p2a: Iron Crown|94/100|[from] Stealth Rock
|turn|17
|
|t:|1760333303
|move|p1a: Basculegion|Aqua Jet|p2a: Iron Crown
|-damage|p2a: Iron Crown|68/100
|move|p2a: Iron Crown|Agility|p2a: Iron Crown
|-boost|p2a: Iron Crown|spe|2
|
|upkeep
|turn|18
|
|t:|1760333307
|move|p1a: Basculegion|Aqua Jet|p2a: Iron Crown
|-damage|p2a: Iron Crown|45/100
|move|p2a: Iron Crown|Calm Mind|p2a: Iron Crown
|-boost|p2a: Iron Crown|spa|1
|-boost|p2a: Iron Crown|spd|1
|
|upkeep
|turn|19
|
|t:|1760333311
|move|p1a: Basculegion|Aqua Jet|p2a: Iron Crown
|-damage|p2a: Iron Crown|21/100
|move|p2a: Iron Crown|Stored Power|p1a: Basculegion
|-damage|p1a: Basculegion|13/100
|
|upkeep
|turn|20
|
|t:|1760333314
|move|p1a: Basculegion|Aqua Jet|p2a: Iron Crown
|-damage|p2a: Iron Crown|0 fnt
|faint|p2a: Iron Crown
|-end|p2a: Iron Crown|Quark Drive|[silent]
|
|upkeep
|
|t:|1760333316
|switch|p2a: Articuno|Articuno-Galar, shiny|100/100
|-damage|p2a: Articuno|76/100|[from] Stealth Rock
|turn|21
|
|t:|1760333325
|move|p1a: Basculegion|Aqua Jet|p2a: Articuno
|-damage|p2a: Articuno|44/100
|move|p2a: Articuno|Stored Power|p1a: Basculegion
|-damage|p1a: Basculegion|3/100
|
|upkeep
|turn|22
|
|t:|1760333328
|move|p1a: Basculegion|Aqua Jet|p2a: Articuno
|-damage|p2a: Articuno|18/100
|move|p2a: Articuno|Stored Power|p1a: Basculegion
|-damage|p1a: Basculegion|0 fnt
|faint|p1a: Basculegion
|
|upkeep
|
|t:|1760333330
|switch|p1a: Scizor|Scizor, F|88/100
|-damage|p1a: Scizor|76/100|[from] Stealth Rock
|turn|23
|-message|RoddyJ forfeited.
|
|win|ch1ck3n nu99ets
|raw|ch1ck3n nu99ets's rating: 1712 &rarr; <strong>1732</strong><br />(+20 for winning)
|raw|RoddyJ's rating: 1705 &rarr; <strong>1685</strong><br />(-20 for losing)
|l|☆RoddyJ
|player|p2|
|c|☆ch1ck3n nu99ets|gg
|l|☆ch1ck3n nu99ets
|player|p1|
|l| ace trumpets
|l| lakob
|l| arturohdez
