|j|☆FuturosGuias
|j|☆JayBro16
|t:|1760343928
|gametype|singles
|player|p1|FuturosGuias|guitarist|1070
|player|p2|JayBro16|1|1067
|gen|9
|tier|[Gen 9] OU
|rated|
|rule|HP Percentage Mod: HP is shown in percentages
|rule|Endless Battle Clause: Forcing endless battles is banned
|rule|Species Clause: Limit one of each Pokémon
|rule|OHKO Clause: OHKO moves are banned
|rule|Evasion Items Clause: Evasion items are banned
|rule|Evasion Moves Clause: Evasion moves are banned
|rule|Evasion Abilities Clause: Evasion abilities are banned
|rule|Sleep Moves Clause: Sleep-inducing moves are banned
|clearpoke
|poke|p1|Persian, F|
|poke|p1|Gardevoir, M|
|poke|p1|Goodra-Hisui, F|
|poke|p1|Mandibuzz, F|
|poke|p1|Espeon, F|
|poke|p1|Dragonite, F|
|poke|p2|Cinderace, M|
|poke|p2|Corviknight, M|
|poke|p2|Drednaw, M|
|poke|p2|Galvantula, M|
|poke|p2|Dragapult, M|
|poke|p2|Vileplume, M|
|teampreview
|
|t:|1760343945
|teamsize|p1|6
|teamsize|p2|6
|start
|switch|p1a: Espeon|Espeon, F|100/100
|switch|p2a: Drednaw|Drednaw, M|100/100
|turn|1
|inactive|Battle timer is ON: inactive players will automatically lose when time's up. (requested by JayBro16)
|
|t:|1760343972
|switch|p1a: Mandibuzz|Mandibuzz, F|100/100
|move|p2a: Drednaw|Shell Smash|p2a: Drednaw
|-unboost|p2a: Drednaw|def|1
|-unboost|p2a: Drednaw|spd|1
|-boost|p2a: Drednaw|atk|2
|-boost|p2a: Drednaw|spa|2
|-boost|p2a: Drednaw|spe|2
|-enditem|p2a: Drednaw|White Herb
|-clearnegativeboost|p2a: Drednaw|[silent]
|
|upkeep
|turn|2
|
|t:|1760343989
|move|p2a: Drednaw|Stone Edge|p1a: Mandibuzz
|-supereffective|p1a: Mandibuzz
|-crit|p1a: Mandibuzz
|-damage|p1a: Mandibuzz|0 fnt
|faint|p1a: Mandibuzz
|
|upkeep
|
|t:|1760343998
|switch|p1a: Persian|Persian, F|100/100
|turn|3
|
|t:|1760344007
|move|p1a: Persian|Fake Out|p2a: Drednaw
|-resisted|p2a: Drednaw
|-damage|p2a: Drednaw|88/100
|cant|p2a: Drednaw|flinch
|
|upkeep
|turn|4
|
|t:|1760344027
|move|p2a: Drednaw|Stone Edge|p1a: Persian|[miss]
|-miss|p2a: Drednaw|p1a: Persian
|move|p1a: Persian|Bite|p2a: Drednaw
|-damage|p2a: Drednaw|65/100
|
|upkeep
|turn|5
|
|t:|1760344040
|switch|p1a: Goodra|Goodra-Hisui, F|100/100
|move|p2a: Drednaw|Stone Edge|p1a: Goodra
|-resisted|p1a: Goodra
|-damage|p1a: Goodra|69/100
|
|upkeep
|turn|6
|
|t:|1760344053
|move|p2a: Drednaw|Crunch|p1a: Goodra
|-damage|p1a: Goodra|17/100
|-unboost|p1a: Goodra|def|1
|-ability|p1a: Goodra|Gooey
|-unboost|p2a: Drednaw|spe|1
|move|p1a: Goodra|Earthquake|p2a: Drednaw
|-supereffective|p2a: Drednaw
|-damage|p2a: Drednaw|16/100
|
|upkeep
|turn|7
|
|t:|1760344065
|move|p2a: Drednaw|Stone Edge|p1a: Goodra
|-resisted|p1a: Goodra
|-damage|p1a: Goodra|0 fnt
|faint|p1a: Goodra
|
|upkeep
|
|t:|1760344070
|switch|p1a: Persian|Persian, F|100/100
|turn|8
|
|t:|1760344073
|move|p1a: Persian|Fake Out|p2a: Drednaw
|-resisted|p2a: Drednaw
|-damage|p2a: Drednaw|3/100
|cant|p2a: Drednaw|flinch
|
|upkeep
|turn|9
|
|t:|1760344092
|move|p2a: Drednaw|Stone Edge|p1a: Persian
|-damage|p1a: Persian|0 fnt
|faint|p1a: Persian
|
|upkeep
|
|t:|1760344097
|switch|p1a: Gardevoir|Gardevoir, M|100/100
|-ability|p1a: Gardevoir|Strong Jaw|Trace|[from] ability: Trace|[of] p2a: Drednaw
|turn|10
|
|t:|1760344102
|move|p1a: Gardevoir|Moonblast|p2a: Drednaw
|-damage|p2a: Drednaw|0 fnt
|faint|p2a: Drednaw
|
|upkeep
|
|t:|1760344110
|switch|p2a: Dragapult|Dragapult, M|100/100
|turn|11
|
|t:|1760344115
|move|p1a: Gardevoir|Moonblast|p2a: Dragapult
|-supereffective|p2a: Dragapult
|-damage|p2a: Dragapult|0 fnt
|faint|p2a: Dragapult
|
|upkeep
|
|t:|1760344120
|switch|p2a: Corviknight|Corviknight, M|100/100
|-ability|p2a: Corviknight|Pressure
|turn|12
|inactive|FuturosGuias has 120 seconds left.
|
|t:|1760344151
|switch|p1a: Espeon|Espeon, F|100/100
|move|p2a: Corviknight|Iron Defense|p2a: Corviknight
|-boost|p2a: Corviknight|def|2
|
|upkeep
|turn|13
|
|t:|1760344158
|move|p1a: Espeon|Power Gem|p2a: Corviknight
|-damage|p2a: Corviknight|65/100
|-damage|p1a: Espeon|91/100|[from] item: Life Orb
|move|p2a: Corviknight|Iron Defense|p2a: Corviknight
|-boost|p2a: Corviknight|def|2
|
|-heal|p2a: Corviknight|71/100|[from] item: Leftovers
|upkeep
|turn|14
|
|t:|1760344168
|move|p1a: Espeon|Power Gem|p2a: Corviknight
|-damage|p2a: Corviknight|31/100
|-damage|p1a: Espeon|81/100|[from] item: Life Orb
|move|p2a: Corviknight|Iron Defense|p2a: Corviknight
|-boost|p2a: Corviknight|def|2
|
|-heal|p2a: Corviknight|37/100|[from] item: Leftovers
|upkeep
|turn|15
|
|t:|1760344177
|move|p1a: Espeon|Power Gem|p2a: Corviknight
|-damage|p2a: Corviknight|0 fnt
|faint|p2a: Corviknight
|-damage|p1a: Espeon|71/100|[from] item: Life Orb
|
|upkeep
|
|t:|1760344183
|switch|p2a: Galvantula|Galvantula, M|100/100
|turn|16
|
|t:|1760344190
|-terastallize|p1a: Espeon|Fairy
|move|p2a: Galvantula|Bug Buzz|p1a: Espeon
|-resisted|p1a: Espeon
|-damage|p1a: Espeon|43/100
|move|p1a: Espeon|Power Gem|p2a: Galvantula
|-supereffective|p2a: Galvantula
|-enditem|p2a: Galvantula|Focus Sash
|-damage|p2a: Galvantula|1/100
|-damage|p1a: Espeon|33/100|[from] item: Life Orb
|
|upkeep
|turn|17
|
|t:|1760344199
|move|p2a: Galvantula|Thunder|p1a: Espeon
|-damage|p1a: Espeon|0 fnt
|faint|p1a: Espeon
|
|upkeep
|
|t:|1760344208
|switch|p1a: Dragonite|Dragonite, F|100/100
|turn|18
|
|t:|1760344212
|move|p1a: Dragonite|Extreme Speed|p2a: Galvantula
|-damage|p2a: Galvantula|0 fnt
|faint|p2a: Galvantula
|
|upkeep
|
|t:|1760344220
|switch|p2a: Cinderace|Cinderace, M|100/100
|turn|19
|
|t:|1760344231
|move|p1a: Dragonite|Extreme Speed|p2a: Cinderace
|-damage|p2a: Cinderace|40/100
|move|p2a: Cinderace|Gunk Shot|p1a: Dragonite
|-start|p2a: Cinderace|typechange|Poison|[from] ability: Libero
|-damage|p1a: Dragonite|74/100
|
|upkeep
|turn|20
|
|t:|1760344240
|move|p1a: Dragonite|Extreme Speed|p2a: Cinderace
|-damage|p2a: Cinderace|0 fnt
|faint|p2a: Cinderace
|
|upkeep
|
|t:|1760344244
|switch|p2a: Vileplume|Vileplume, M|100/100
|turn|21
|
|t:|1760344249
|-terastallize|p2a: Vileplume|Rock
|move|p1a: Dragonite|Extreme Speed|p2a: Vileplume
|-resisted|p2a: Vileplume
|-damage|p2a: Vileplume|77/100
|-status|p1a: Dragonite|psn|[from] ability: Effect Spore|[of] p2a: Vileplume
|move|p2a: Vileplume|Sludge Bomb|p1a: Dragonite
|-damage|p1a: Dragonite|40/100 psn
|
|-damage|p1a: Dragonite|27/100 psn|[from] psn
|upkeep
|turn|22
|
|t:|1760344265
|move|p1a: Dragonite|Extreme Speed|p2a: Vileplume
|-resisted|p2a: Vileplume
|-damage|p2a: Vileplume|54/100
|move|p2a: Vileplume|Sludge Bomb|p1a: Dragonite
|-damage|p1a: Dragonite|0 fnt
|faint|p1a: Dragonite
|
|upkeep
|
|t:|1760344273
|switch|p1a: Gardevoir|Gardevoir, M|100/100
|-ability|p1a: Gardevoir|Effect Spore|Trace|[from] ability: Trace|[of] p2a: Vileplume
|turn|23
|
|t:|1760344283
|move|p1a: Gardevoir|Focus Blast|p2a: Vileplume
|-supereffective|p2a: Vileplume
|-damage|p2a: Vileplume|0 fnt
|faint|p2a: Vileplume
|
|win|FuturosGuias
|raw|FuturosGuias's rating: 1070 &rarr; <strong>1099</strong><br />(+29 for winning)
|raw|JayBro16's rating: 1067 &rarr; <strong>1047</strong><br />(-20 for losing)
|l|☆JayBro16
|player|p2|
|l|☆FuturosGuias
|player|p1|
