|j|☆bug0407
|j|☆wysenberg
|t:|1760331097
|gametype|singles
|player|p1|bug0407|scientist|1073
|player|p2|wysenberg|1|1084
|gen|9
|tier|[Gen 9] OU
|rated|
|rule|HP Percentage Mod: HP is shown in percentages
|rule|Endless Battle Clause: Forcing endless battles is banned
|rule|Species Clause: Limit one of each Pokémon
|rule|OHKO Clause: OHKO moves are banned
|rule|Evasion Items Clause: Evasion items are banned
|rule|Evasion Moves Clause: Evasion moves are banned
|rule|Evasion Abilities Clause: Evasion abilities are banned
|rule|Sleep Moves Clause: Sleep-inducing moves are banned
|clearpoke
|poke|p1|Whimsicott, M|
|poke|p1|Gliscor, F|
|poke|p1|Heatran, M|
|poke|p1|Garganacl, F|
|poke|p1|Corviknight, M|
|poke|p1|Kingdra, F|
|poke|p2|Landorus-Therian, M|
|poke|p2|Alomomola, F|
|poke|p2|Dragapult, M|
|poke|p2|Raging Bolt|
|poke|p2|Slowking-Galar, F|
|poke|p2|Iron Treads|
|teampreview
|inactive|Battle timer is ON: inactive players will automatically lose when time's up. (requested by bug0407)
|inactive|bug0407 has 120 seconds left.
|
|t:|1760331130
|teamsize|p1|6
|teamsize|p2|6
|start
|switch|p1a: Whimsicott|Whimsicott, M|100/100
|switch|p2a: Alomomola|Alomomola, F|100/100
|turn|1
|
|t:|1760331139
|move|p2a: Alomomola|Protect|p2a: Alomomola
|-singleturn|p2a: Alomomola|Protect
|move|p1a: Whimsicott|Substitute|p1a: Whimsicott
|-start|p1a: Whimsicott|Substitute
|-damage|p1a: Whimsicott|76/100
|
|upkeep
|turn|2
|
|t:|1760331147
|move|p1a: Whimsicott|Leech Seed|p2a: Alomomola
|-start|p2a: Alomomola|move: Leech Seed
|move|p2a: Alomomola|Ice Beam|p1a: Whimsicott
|-supereffective|p1a: Whimsicott
|-end|p1a: Whimsicott|Substitute
|
|-damage|p2a: Alomomola|88/100|[from] Leech Seed|[of] p1a: Whimsicott
|-heal|p1a: Whimsicott|94/100|[silent]
|upkeep
|turn|3
|
|t:|1760331166
|switch|p1a: Kingdra|Kingdra, F|100/100
|move|p2a: Alomomola|Ice Beam|p1a: Kingdra
|-damage|p1a: Kingdra|88/100
|
|-heal|p1a: Kingdra|94/100|[from] item: Leftovers
|-heal|p2a: Alomomola|94/100|[from] item: Leftovers
|-damage|p2a: Alomomola|82/100|[from] Leech Seed|[of] p1a: Kingdra
|-heal|p1a: Kingdra|100/100|[silent]
|upkeep
|turn|4
|
|t:|1760331179
|switch|p2a: Raging Bolt|Raging Bolt|100/100
|-item|p2a: Raging Bolt|Air Balloon
|move|p1a: Kingdra|Focus Energy|p1a: Kingdra
|-start|p1a: Kingdra|move: Focus Energy
|
|upkeep
|turn|5
|
|t:|1760331193
|move|p1a: Kingdra|Draco Meteor|p2a: Raging Bolt
|-supereffective|p2a: Raging Bolt
|-crit|p2a: Raging Bolt
|-damage|p2a: Raging Bolt|0 fnt
|-unboost|p1a: Kingdra|spa|2
|-enditem|p2a: Raging Bolt|Air Balloon
|faint|p2a: Raging Bolt
|-end|p2a: Raging Bolt|Protosynthesis|[silent]
|
|upkeep
|
|t:|1760331204
|switch|p2a: Landorus|Landorus-Therian, M|100/100
|-ability|p2a: Landorus|Intimidate|boost
|-unboost|p1a: Kingdra|atk|1
|turn|6
|
|t:|1760331209
|move|p2a: Landorus|Stealth Rock|p1a: Kingdra
|-sidestart|p1: bug0407|move: Stealth Rock
|move|p1a: Kingdra|Ice Beam|p2a: Landorus
|-supereffective|p2a: Landorus
|-crit|p2a: Landorus
|-damage|p2a: Landorus|0 fnt
|faint|p2a: Landorus
|
|upkeep
|
|t:|1760331215
|switch|p2a: Dragapult|Dragapult, M|100/100
|turn|7
|
|t:|1760331229
|move|p1a: Kingdra|Ice Beam|p2a: Dragapult
|-supereffective|p2a: Dragapult
|-crit|p2a: Dragapult
|-damage|p2a: Dragapult|0 fnt
|faint|p2a: Dragapult
|
|upkeep
|c|☆wysenberg|how is that thing faster?
|
|t:|1760331253
|switch|p2a: Alomomola|Alomomola, F|100/100
|turn|8
|
|t:|1760331265
|switch|p1a: Corviknight|Corviknight, M|100/100
|-damage|p1a: Corviknight|88/100|[from] Stealth Rock
|move|p2a: Alomomola|Protect||[still]
|-fail|p2a: Alomomola
|
|upkeep
|turn|9
|
|t:|1760331276
|move|p1a: Corviknight|Defog|p2a: Alomomola
|-unboost|p2a: Alomomola|evasion|1
|-sideend|p1: bug0407|Stealth Rock|[from] move: Defog|[of] p1a: Corviknight
|move|p2a: Alomomola|Scald|p1a: Corviknight
|-damage|p1a: Corviknight|78/100
|
|upkeep
|turn|10
|
|t:|1760331297
|move|p1a: Corviknight|Roost|p1a: Corviknight
|-heal|p1a: Corviknight|100/100
|-singleturn|p1a: Corviknight|move: Roost
|move|p2a: Alomomola|Scald|p1a: Corviknight
|-damage|p1a: Corviknight|91/100
|
|upkeep
|turn|11
|
|t:|1760331311
|switch|p1a: Kingdra|Kingdra, F|100/100
|move|p2a: Alomomola|Scald|p1a: Kingdra
|-resisted|p1a: Kingdra
|-damage|p1a: Kingdra|96/100
|
|-heal|p1a: Kingdra|100/100|[from] item: Leftovers
|upkeep
|turn|12
|-message|wysenberg forfeited.
|
|win|bug0407
|raw|bug0407's rating: 1073 &rarr; <strong>1103</strong><br />(+30 for winning)
|raw|wysenberg's rating: 1084 &rarr; <strong>1061</strong><br />(-23 for losing)
|l|☆wysenberg
|player|p2|
