|j|☆Sarcosuchus9
|j|☆La_Main
|t:|1760454381
|gametype|singles
|player|p1|Sarcosuchus9|preschooler|1331
|player|p2|La_Main|pokemonbreeder|1386
|gen|9
|tier|[Gen 9] OU
|rated|
|rule|HP Percentage Mod: HP is shown in percentages
|rule|Endless Battle Clause: Forcing endless battles is banned
|rule|Species Clause: Limit one of each Pokémon
|rule|OHKO Clause: OHKO moves are banned
|rule|Evasion Items Clause: Evasion items are banned
|rule|Evasion Moves Clause: Evasion moves are banned
|rule|Evasion Abilities Clause: Evasion abilities are banned
|rule|Sleep Moves Clause: Sleep-inducing moves are banned
|clearpoke
|poke|p1|Mew|
|poke|p1|Cinderace, F|
|poke|p1|Kommo-o, M|
|poke|p1|Iron Boulder|
|poke|p1|Iron Valiant|
|poke|p1|Dragonite, M|
|poke|p2|Ribombee, F|
|poke|p2|Great Tusk|
|poke|p2|Enamorus, F|
|poke|p2|Gholdengo|
|poke|p2|Breloom, F|
|poke|p2|Raging Bolt|
|teampreview
|j| Jinghan Yu
|
|t:|1760454393
|teamsize|p1|6
|teamsize|p2|6
|start
|switch|p1a: Cinderace|Cinderace, F|100/100
|switch|p2a: S. scabei hominis|Ribombee, F|100/100
|turn|1
|l| Jinghan Yu
|
|t:|1760454401
|switch|p2a: Anisakis spp.|Raging Bolt|100/100
|-enditem|p2a: Anisakis spp.|Booster Energy
|-activate|p2a: Anisakis spp.|ability: Protosynthesis|[fromitem]
|-start|p2a: Anisakis spp.|protosynthesisspa
|move|p1a: Cinderace|Iron Head|p2a: Anisakis spp.
|-start|p1a: Cinderace|typechange|Steel|[from] ability: Libero
|-resisted|p2a: Anisakis spp.
|-damage|p2a: Anisakis spp.|83/100
|
|upkeep
|turn|2
|
|t:|1760454416
|switch|p1a: Mew|Mew|100/100
|move|p2a: Anisakis spp.|Thunderbolt|p1a: Mew
|-damage|p1a: Mew|41/100
|-status|p1a: Mew|par
|-activate|p1a: Mew|ability: Synchronize
|-immune|p2a: Anisakis spp.
|
|upkeep
|turn|3
|
|t:|1760454426
|move|p2a: Anisakis spp.|Thunderbolt|p1a: Mew
|-damage|p1a: Mew|0 fnt
|faint|p1a: Mew
|
|upkeep
|
|t:|1760454431
|switch|p1a: Iron Valiant|Iron Valiant|100/100
|-enditem|p1a: Iron Valiant|Booster Energy
|-activate|p1a: Iron Valiant|ability: Quark Drive|[fromitem]
|-start|p1a: Iron Valiant|quarkdrivespe
|turn|4
|
|t:|1760454443
|move|p2a: Anisakis spp.|Thunderclap|p1a: Iron Valiant
|-damage|p1a: Iron Valiant|3/100
|move|p1a: Iron Valiant|Moonblast|p2a: Anisakis spp.
|-supereffective|p2a: Anisakis spp.
|-damage|p2a: Anisakis spp.|8/100
|-unboost|p2a: Anisakis spp.|spa|1
|
|upkeep
|turn|5
|
|t:|1760454451
|move|p1a: Iron Valiant|Swords Dance|p1a: Iron Valiant
|-boost|p1a: Iron Valiant|atk|2
|move|p2a: Anisakis spp.|Thunderbolt|p1a: Iron Valiant
|-damage|p1a: Iron Valiant|0 fnt
|faint|p1a: Iron Valiant
|-end|p1a: Iron Valiant|Quark Drive|[silent]
|
|upkeep
|inactive|Battle timer is ON: inactive players will automatically lose when time's up. (requested by La_Main)
|j| Jinghan Yu
|l| Jinghan Yu
|
|t:|1760454475
|switch|p1a: Kommo-o|Kommo-o, M|100/100
|turn|6
|
|t:|1760454481
|move|p1a: Kommo-o|Flash Cannon|p2a: Anisakis spp.
|-resisted|p2a: Anisakis spp.
|-damage|p2a: Anisakis spp.|0 fnt
|faint|p2a: Anisakis spp.
|-end|p2a: Anisakis spp.|Protosynthesis|[silent]
|
|upkeep
|
|t:|1760454487
|switch|p2a: S. scabei hominis|Ribombee, F|100/100
|turn|7
|
|t:|1760454494
|move|p2a: S. scabei hominis|Moonblast|p1a: Kommo-o
|-supereffective|p1a: Kommo-o
|-crit|p1a: Kommo-o
|-damage|p1a: Kommo-o|0 fnt
|faint|p1a: Kommo-o
|
|upkeep
|
|t:|1760454500
|switch|p1a: Cinderace|Cinderace, F|100/100
|turn|8
|
|t:|1760454511
|switch|p2a: K. pneumoniae|Gholdengo|100/100
|-item|p2a: K. pneumoniae|Air Balloon
|move|p1a: Cinderace|U-turn|p2a: K. pneumoniae
|-start|p1a: Cinderace|typechange|Bug|[from] ability: Libero
|-resisted|p2a: K. pneumoniae
|-damage|p2a: K. pneumoniae|92/100
|-enditem|p2a: K. pneumoniae|Air Balloon
|
|t:|1760454518
|switch|p1a: Dragonite|Dragonite, M|100/100|[from] U-turn
|
|upkeep
|turn|9
|
|t:|1760454524
|move|p2a: K. pneumoniae|Dazzling Gleam|p1a: Dragonite
|-supereffective|p1a: Dragonite
|-damage|p1a: Dragonite|71/100
|move|p1a: Dragonite|Dragon Dance|p1a: Dragonite
|-boost|p1a: Dragonite|atk|1
|-boost|p1a: Dragonite|spe|1
|
|upkeep
|turn|10
|
|t:|1760454532
|move|p1a: Dragonite|Earthquake|p2a: K. pneumoniae
|-supereffective|p2a: K. pneumoniae
|-damage|p2a: K. pneumoniae|0 fnt
|faint|p2a: K. pneumoniae
|
|upkeep
|
|t:|1760454538
|switch|p2a: S. scabei hominis|Ribombee, F|100/100
|turn|11
|
|t:|1760454549
|-terastallize|p1a: Dragonite|Flying
|move|p1a: Dragonite|Tera Blast|p2a: S. scabei hominis|[anim] Tera Blast Flying
|-supereffective|p2a: S. scabei hominis
|-enditem|p2a: S. scabei hominis|Focus Sash
|-damage|p2a: S. scabei hominis|1/100
|move|p2a: S. scabei hominis|Moonblast|p1a: Dragonite
|-damage|p1a: Dragonite|38/100
|-unboost|p1a: Dragonite|spa|1
|
|upkeep
|turn|12
|
|t:|1760454561
|move|p1a: Dragonite|Tera Blast|p2a: S. scabei hominis|[anim] Tera Blast Flying
|-supereffective|p2a: S. scabei hominis
|-damage|p2a: S. scabei hominis|0 fnt
|faint|p2a: S. scabei hominis
|
|upkeep
|
|t:|1760454567
|switch|p2a: S. pneumoniae|Enamorus, F|100/100
|turn|13
|
|t:|1760454572
|move|p1a: Dragonite|Tera Blast|p2a: S. pneumoniae|[anim] Tera Blast Flying
|-damage|p2a: S. pneumoniae|0 fnt
|faint|p2a: S. pneumoniae
|
|upkeep
|
|t:|1760454579
|switch|p2a: A. fumigatus|Breloom, F|100/100
|turn|14
|
|t:|1760454586
|-terastallize|p2a: A. fumigatus|Ghost
|move|p1a: Dragonite|Tera Blast|p2a: A. fumigatus|[anim] Tera Blast Flying
|-damage|p2a: A. fumigatus|0 fnt
|faint|p2a: A. fumigatus
|
|upkeep
|-message|La_Main forfeited.
|
|win|Sarcosuchus9
|raw|Sarcosuchus9's rating: 1331 &rarr; <strong>1354</strong><br />(+23 for winning)
|raw|La_Main's rating: 1386 &rarr; <strong>1363</strong><br />(-23 for losing)
|l|☆La_Main
|player|p2|
|l|☆Sarcosuchus9
|player|p1|
