|j|☆deepfriedmagikarp
|j|☆ch1ck3n nu99ets
|t:|1760330204
|gametype|singles
|player|p1|deepfriedmagikarp|pokemonranger-gen4|1700
|player|p2|ch1ck3n nu99ets|170|1603
|gen|9
|tier|[Gen 9] OU
|rated|
|rule|HP Percentage Mod: HP is shown in percentages
|rule|Endless Battle Clause: Forcing endless battles is banned
|rule|Species Clause: Limit one of each Pokémon
|rule|OHKO Clause: OHKO moves are banned
|rule|Evasion Items Clause: Evasion items are banned
|rule|Evasion Moves Clause: Evasion moves are banned
|rule|Evasion Abilities Clause: Evasion abilities are banned
|rule|Sleep Moves Clause: Sleep-inducing moves are banned
|clearpoke
|poke|p1|Ogerpon-Wellspring, F|
|poke|p1|Kingambit, F|
|poke|p1|Landorus-Therian, M|
|poke|p1|Glimmora, F|
|poke|p1|Dragapult, F|
|poke|p1|Iron Valiant|
|poke|p2|Keldeo-Resolute|
|poke|p2|Sinistcha|
|poke|p2|Tornadus-Therian, M|
|poke|p2|Hatterene, F|
|poke|p2|Clodsire, F|
|poke|p2|Mandibuzz, F|
|teampreview
|inactive|Battle timer is ON: inactive players will automatically lose when time's up. (requested by deepfriedmagikarp)
|
|t:|1760330224
|teamsize|p1|6
|teamsize|p2|6
|start
|switch|p1a: Glimmora|Glimmora, F|100/100
|switch|p2a: Clodsire|Clodsire, F|100/100
|turn|1
|
|t:|1760330229
|move|p1a: Glimmora|Earth Power|p2a: Clodsire
|-supereffective|p2a: Clodsire
|-damage|p2a: Clodsire|65/100
|-unboost|p2a: Clodsire|spd|1
|move|p2a: Clodsire|Earthquake|p1a: Glimmora
|-supereffective|p1a: Glimmora
|-damage|p1a: Glimmora|0 fnt
|-activate|p1a: Glimmora|ability: Toxic Debris
|-sidestart|p2: ch1ck3n nu99ets|move: Toxic Spikes
|faint|p1a: Glimmora
|
|upkeep
|
|t:|1760330233
|switch|p1a: Dragapult|Dragapult, F|100/100
|turn|2
|
|t:|1760330239
|switch|p2a: Mandibuzz|Mandibuzz, F|100/100
|move|p1a: Dragapult|Draco Meteor|p2a: Mandibuzz
|-damage|p2a: Mandibuzz|26/100
|-unboost|p1a: Dragapult|spa|2
|
|upkeep
|turn|3
|
|t:|1760330246
|switch|p2a: Tornadus|Tornadus-Therian, M|100/100
|move|p1a: Dragapult|Draco Meteor|p2a: Tornadus
|-damage|p2a: Tornadus|73/100
|-unboost|p1a: Dragapult|spa|2
|
|upkeep
|turn|4
|
|t:|1760330251
|switch|p1a: Landorus|Landorus-Therian, M|100/100
|-ability|p1a: Landorus|Intimidate|boost
|-unboost|p2a: Tornadus|atk|1
|move|p2a: Tornadus|Knock Off|p1a: Landorus
|-damage|p1a: Landorus|88/100
|-damage|p2a: Tornadus|57/100|[from] item: Rocky Helmet|[of] p1a: Landorus
|-enditem|p1a: Landorus|Rocky Helmet|[from] move: Knock Off|[of] p2a: Tornadus
|
|upkeep
|turn|5
|
|t:|1760330256
|move|p2a: Tornadus|U-turn|p1a: Landorus
|-resisted|p1a: Landorus
|-damage|p1a: Landorus|83/100
|
|t:|1760330258
|switch|p2a: Clodsire|Clodsire, F|65/100|[from] U-turn
|-sideend|p2: ch1ck3n nu99ets|move: Toxic Spikes|[of] p2a: Clodsire
|move|p1a: Landorus|Stealth Rock|p2a: Clodsire
|-sidestart|p2: ch1ck3n nu99ets|move: Stealth Rock
|
|upkeep
|turn|6
|
|t:|1760330263
|switch|p2a: Mandibuzz|Mandibuzz, F|26/100
|move|p1a: Landorus|Earthquake|p2a: Mandibuzz
|-immune|p2a: Mandibuzz
|
|upkeep
|turn|7
|
|t:|1760330266
|move|p1a: Landorus|Stone Edge|p2a: Mandibuzz|[miss]
|-miss|p1a: Landorus|p2a: Mandibuzz
|move|p2a: Mandibuzz|Roost|p2a: Mandibuzz
|-heal|p2a: Mandibuzz|76/100
|-singleturn|p2a: Mandibuzz|move: Roost
|
|upkeep
|turn|8
|j| heatraniac
|
|t:|1760330269
|move|p1a: Landorus|Stone Edge|p2a: Mandibuzz
|-supereffective|p2a: Mandibuzz
|-damage|p2a: Mandibuzz|39/100
|move|p2a: Mandibuzz|Roost|p2a: Mandibuzz
|-heal|p2a: Mandibuzz|89/100
|-singleturn|p2a: Mandibuzz|move: Roost
|
|upkeep
|turn|9
|
|t:|1760330271
|move|p1a: Landorus|U-turn|p2a: Mandibuzz
|-damage|p2a: Mandibuzz|75/100
|
|t:|1760330273
|switch|p1a: Dragapult|Dragapult, F|100/100|[from] U-turn
|move|p2a: Mandibuzz|Defog|p1a: Dragapult
|-fail|p1a: Dragapult|unboost|[from] ability: Clear Body|[of] p1a: Dragapult
|-sideend|p2: ch1ck3n nu99ets|Stealth Rock|[from] move: Defog|[of] p2a: Mandibuzz
|
|upkeep
|turn|10
|l| heatraniac
|
|t:|1760330278
|switch|p2a: Clodsire|Clodsire, F|65/100
|move|p1a: Dragapult|U-turn|p2a: Clodsire
|-resisted|p2a: Clodsire
|-damage|p2a: Clodsire|55/100
|
|t:|1760330280
|switch|p1a: Landorus|Landorus-Therian, M|83/100|[from] U-turn
|-ability|p1a: Landorus|Intimidate|boost
|-unboost|p2a: Clodsire|atk|1
|
|upkeep
|turn|11
|
|t:|1760330283
|switch|p2a: Hatterene|Hatterene, F|100/100
|move|p1a: Landorus|Earthquake|p2a: Hatterene
|-damage|p2a: Hatterene|62/100
|
|upkeep
|turn|12
|
|t:|1760330290
|move|p1a: Landorus|U-turn|p2a: Hatterene
|-damage|p2a: Hatterene|43/100
|-damage|p1a: Landorus|66/100|[from] item: Rocky Helmet|[of] p2a: Hatterene
|
|t:|1760330294
|switch|p1a: Kingambit|Kingambit, F|100/100|[from] U-turn
|-activate|p1a: Kingambit|ability: Supreme Overlord
|-start|p1a: Kingambit|fallen1|[silent]
|move|p2a: Hatterene|Pain Split|p1a: Kingambit
|-sethp|p1a: Kingambit|67/100|[from] move: Pain Split|[silent]
|-sethp|p2a: Hatterene|84/100|[from] move: Pain Split
|
|-heal|p1a: Kingambit|73/100|[from] item: Leftovers
|upkeep
|turn|13
|
|t:|1760330300
|switch|p2a: Keldeo|Keldeo-Resolute|100/100
|move|p1a: Kingambit|Iron Head|p2a: Keldeo
|-resisted|p2a: Keldeo
|-damage|p2a: Keldeo|71/100
|
|-heal|p1a: Kingambit|80/100|[from] item: Leftovers
|upkeep
|turn|14
|
|t:|1760330308
|switch|p2a: Tornadus|Tornadus-Therian, M|90/100
|-end|p1a: Kingambit|fallen1|[silent]
|switch|p1a: Dragapult|Dragapult, F|100/100
|
|upkeep
|turn|15
|
|t:|1760330312
|move|p1a: Dragapult|U-turn|p2a: Tornadus
|-resisted|p2a: Tornadus
|-damage|p2a: Tornadus|81/100
|
|t:|1760330313
|switch|p1a: Landorus|Landorus-Therian, M|66/100|[from] U-turn
|-ability|p1a: Landorus|Intimidate|boost
|-unboost|p2a: Tornadus|atk|1
|move|p2a: Tornadus|Bleakwind Storm|p1a: Landorus
|-damage|p1a: Landorus|24/100
|
|upkeep
|turn|16
|
|t:|1760330317
|move|p2a: Tornadus|Bleakwind Storm|p1a: Landorus
|-damage|p1a: Landorus|0 fnt
|faint|p1a: Landorus
|
|upkeep
|c|☆deepfriedmagikarp|yeah that move never misses
|
|t:|1760330330
|switch|p1a: Kingambit|Kingambit, F|80/100
|-activate|p1a: Kingambit|ability: Supreme Overlord
|-start|p1a: Kingambit|fallen2|[silent]
|turn|17
|c|☆ch1ck3n nu99ets|its the most accurate 80% if that makes sense
|
|t:|1760330340
|move|p2a: Tornadus|U-turn|p1a: Kingambit
|-damage|p1a: Kingambit|72/100
|
|t:|1760330344
|switch|p2a: Mandibuzz|Mandibuzz, F|75/100|[from] U-turn
|move|p1a: Kingambit|Iron Head|p2a: Mandibuzz
|-damage|p2a: Mandibuzz|41/100
|
|-heal|p1a: Kingambit|78/100|[from] item: Leftovers
|upkeep
|turn|18
|c|☆deepfriedmagikarp|yeah gg
|c|☆ch1ck3n nu99ets|gg
|c|☆deepfriedmagikarp|i lost on missing stone edge
|c|☆deepfriedmagikarp|way too behind ever since
|c|☆deepfriedmagikarp|set me back like 20 turns
|c|☆ch1ck3n nu99ets|yeah
|inactive|deepfriedmagikarp has 120 seconds left.
|
|t:|1760330375
|move|p2a: Mandibuzz|Roost|p2a: Mandibuzz
|-heal|p2a: Mandibuzz|92/100
|-singleturn|p2a: Mandibuzz|move: Roost
|move|p1a: Kingambit|Swords Dance|p1a: Kingambit
|-boost|p1a: Kingambit|atk|2
|
|-heal|p1a: Kingambit|84/100|[from] item: Leftovers
|upkeep
|turn|19
|c|☆ch1ck3n nu99ets|sorru
|
|t:|1760330379
|move|p2a: Mandibuzz|Iron Defense|p2a: Mandibuzz
|-boost|p2a: Mandibuzz|def|2
|move|p1a: Kingambit|Iron Head|p2a: Mandibuzz
|-damage|p2a: Mandibuzz|60/100
|
|-heal|p1a: Kingambit|91/100|[from] item: Leftovers
|upkeep
|turn|20
|
|t:|1760330385
|move|p2a: Mandibuzz|Foul Play|p1a: Kingambit
|-resisted|p1a: Kingambit
|-damage|p1a: Kingambit|46/100
|move|p1a: Kingambit|Iron Head|p2a: Mandibuzz
|-damage|p2a: Mandibuzz|26/100
|
|-heal|p1a: Kingambit|53/100|[from] item: Leftovers
|upkeep
|turn|21
|
|t:|1760330388
|move|p2a: Mandibuzz|Roost|p2a: Mandibuzz
|-heal|p2a: Mandibuzz|76/100
|-singleturn|p2a: Mandibuzz|move: Roost
|move|p1a: Kingambit|Iron Head|p2a: Mandibuzz
|-damage|p2a: Mandibuzz|43/100
|
|-heal|p1a: Kingambit|59/100|[from] item: Leftovers
|upkeep
|turn|22
|
|t:|1760330391
|move|p2a: Mandibuzz|Foul Play|p1a: Kingambit
|-resisted|p1a: Kingambit
|-damage|p1a: Kingambit|15/100
|move|p1a: Kingambit|Iron Head|p2a: Mandibuzz
|-damage|p2a: Mandibuzz|12/100
|
|-heal|p1a: Kingambit|21/100|[from] item: Leftovers
|upkeep
|turn|23
|
|t:|1760330394
|move|p1a: Kingambit|Sucker Punch||[still]
|-fail|p1a: Kingambit
|move|p2a: Mandibuzz|Roost|p2a: Mandibuzz
|-heal|p2a: Mandibuzz|62/100
|-singleturn|p2a: Mandibuzz|move: Roost
|
|-heal|p1a: Kingambit|27/100|[from] item: Leftovers
|upkeep
|turn|24
|
|t:|1760330397
|-end|p1a: Kingambit|fallen2|[silent]
|switch|p1a: Iron Valiant|Iron Valiant|100/100
|-enditem|p1a: Iron Valiant|Booster Energy
|-activate|p1a: Iron Valiant|ability: Quark Drive|[fromitem]
|-start|p1a: Iron Valiant|quarkdrivespe
|move|p2a: Mandibuzz|Roost|p2a: Mandibuzz
|-heal|p2a: Mandibuzz|100/100
|-singleturn|p2a: Mandibuzz|move: Roost
|
|upkeep
|turn|25
|
|t:|1760330404
|switch|p2a: Clodsire|Clodsire, F|55/100
|move|p1a: Iron Valiant|Swords Dance|p1a: Iron Valiant
|-boost|p1a: Iron Valiant|atk|2
|
|upkeep
|turn|26
|
|t:|1760330408
|move|p1a: Iron Valiant|Knock Off|p2a: Clodsire
|-damage|p2a: Clodsire|20/100
|-enditem|p2a: Clodsire|Heavy-Duty Boots|[from] move: Knock Off|[of] p1a: Iron Valiant
|move|p2a: Clodsire|Poison Jab|p1a: Iron Valiant
|-supereffective|p1a: Iron Valiant
|-damage|p1a: Iron Valiant|42/100
|
|upkeep
|turn|27
|
|t:|1760330414
|move|p1a: Iron Valiant|Knock Off|p2a: Clodsire
|-damage|p2a: Clodsire|0 fnt
|faint|p2a: Clodsire
|
|upkeep
|
|t:|1760330420
|switch|p2a: Hatterene|Hatterene, F|84/100
|turn|28
|
|t:|1760330423
|move|p1a: Iron Valiant|Spirit Break|p2a: Hatterene
|-damage|p2a: Hatterene|15/100
|-unboost|p2a: Hatterene|spa|1
|-damage|p1a: Iron Valiant|25/100|[from] item: Rocky Helmet|[of] p2a: Hatterene
|move|p2a: Hatterene|Nuzzle|p1a: Iron Valiant
|-damage|p1a: Iron Valiant|20/100
|-status|p1a: Iron Valiant|par
|
|upkeep
|turn|29
|
|t:|1760330428
|move|p1a: Iron Valiant|Spirit Break|p2a: Hatterene
|-damage|p2a: Hatterene|0 fnt
|-damage|p1a: Iron Valiant|3/100 par|[from] item: Rocky Helmet|[of] p2a: Hatterene
|faint|p2a: Hatterene
|
|upkeep
|
|t:|1760330436
|switch|p2a: Tornadus|Tornadus-Therian, M|100/100
|turn|30
|
|t:|1760330443
|move|p2a: Tornadus|U-turn|p1a: Iron Valiant
|-resisted|p1a: Iron Valiant
|-damage|p1a: Iron Valiant|0 fnt
|faint|p1a: Iron Valiant
|-end|p1a: Iron Valiant|Quark Drive|[silent]
|
|t:|1760330449
|switch|p2a: Keldeo|Keldeo-Resolute|71/100|[from] U-turn
|
|upkeep
|
|t:|1760330453
|switch|p1a: Dragapult|Dragapult, F|100/100
|turn|31
|
|t:|1760330458
|move|p1a: Dragapult|Shadow Ball|p2a: Keldeo
|-damage|p2a: Keldeo|11/100
|move|p2a: Keldeo|Secret Sword|p1a: Dragapult
|-immune|p1a: Dragapult
|
|upkeep
|turn|32
|
|t:|1760330465
|move|p1a: Dragapult|Shadow Ball|p2a: Keldeo
|-damage|p2a: Keldeo|0 fnt
|faint|p2a: Keldeo
|
|upkeep
|
|t:|1760330469
|switch|p2a: Mandibuzz|Mandibuzz, F|100/100
|turn|33
|
|t:|1760330477
|switch|p1a: Ogerpon|Ogerpon-Wellspring, F|100/100
|move|p2a: Mandibuzz|Foul Play|p1a: Ogerpon
|-crit|p1a: Ogerpon
|-damage|p1a: Ogerpon|11/100
|
|upkeep
|turn|34
|
|t:|1760330483
|move|p1a: Ogerpon|Play Rough|p2a: Mandibuzz
|-supereffective|p2a: Mandibuzz
|-damage|p2a: Mandibuzz|58/100
|move|p2a: Mandibuzz|Foul Play|p1a: Ogerpon
|-damage|p1a: Ogerpon|0 fnt
|faint|p1a: Ogerpon
|
|upkeep
|
|t:|1760330486
|switch|p1a: Dragapult|Dragapult, F|100/100
|turn|35
|
|t:|1760330491
|switch|p2a: Sinistcha|Sinistcha|100/100
|move|p1a: Dragapult|Draco Meteor|p2a: Sinistcha
|-damage|p2a: Sinistcha|0 fnt
|-unboost|p1a: Dragapult|spa|2
|faint|p2a: Sinistcha
|
|upkeep
|
|t:|1760330496
|switch|p2a: Tornadus|Tornadus-Therian, M|100/100
|turn|36
|
|t:|1760330499
|switch|p1a: Kingambit|Kingambit, F|27/100
|-activate|p1a: Kingambit|ability: Supreme Overlord
|-start|p1a: Kingambit|fallen4|[silent]
|move|p2a: Tornadus|Heat Wave|p1a: Kingambit|[miss]
|-miss|p2a: Tornadus|p1a: Kingambit
|
|-heal|p1a: Kingambit|33/100|[from] item: Leftovers
|upkeep
|turn|37
|
|t:|1760330504
|move|p1a: Kingambit|Sucker Punch|p2a: Tornadus
|-damage|p2a: Tornadus|30/100
|move|p2a: Tornadus|Heat Wave|p1a: Kingambit
|-supereffective|p1a: Kingambit
|-damage|p1a: Kingambit|0 fnt
|faint|p1a: Kingambit
|-end|p1a: Kingambit|fallen4|[silent]
|
|upkeep
|
|t:|1760330506
|switch|p1a: Dragapult|Dragapult, F|100/100
|turn|38
|
|t:|1760330513
|move|p1a: Dragapult|Draco Meteor|p2a: Tornadus
|-damage|p2a: Tornadus|0 fnt
|-unboost|p1a: Dragapult|spa|2
|faint|p2a: Tornadus
|
|upkeep
|
|t:|1760330514
|switch|p2a: Mandibuzz|Mandibuzz, F|58/100
|turn|39
|c|☆deepfriedmagikarp|crit one time
|c|☆deepfriedmagikarp|i only attacked this mon like 20
|
|t:|1760330521
|move|p1a: Dragapult|Draco Meteor|p2a: Mandibuzz
|-damage|p2a: Mandibuzz|25/100
|-unboost|p1a: Dragapult|spa|2
|move|p2a: Mandibuzz|Roost|p2a: Mandibuzz
|-heal|p2a: Mandibuzz|75/100
|-singleturn|p2a: Mandibuzz|move: Roost
|
|upkeep
|turn|40
|
|t:|1760330524
|move|p1a: Dragapult|Draco Meteor|p2a: Mandibuzz
|-damage|p2a: Mandibuzz|53/100
|-unboost|p1a: Dragapult|spa|2
|move|p2a: Mandibuzz|Foul Play|p1a: Dragapult
|-supereffective|p1a: Dragapult
|-damage|p1a: Dragapult|6/100
|
|upkeep
|turn|41
|
|t:|1760330527
|move|p1a: Dragapult|Draco Meteor|p2a: Mandibuzz
|-damage|p2a: Mandibuzz|34/100
|move|p2a: Mandibuzz|Foul Play|p1a: Dragapult
|-supereffective|p1a: Dragapult
|-damage|p1a: Dragapult|0 fnt
|faint|p1a: Dragapult
|
|win|ch1ck3n nu99ets
|raw|deepfriedmagikarp's rating: 1700 &rarr; <strong>1675</strong><br />(-25 for losing)
|raw|ch1ck3n nu99ets's rating: 1603 &rarr; <strong>1628</strong><br />(+25 for winning)
|c|☆ch1ck3n nu99ets|gg
|c|☆deepfriedmagikarp|gg
|l|☆ch1ck3n nu99ets
|player|p2|
|l|☆deepfriedmagikarp
|player|p1|
