|j|☆Overlorddave
|j|☆dgsbhg
|t:|1760334572
|gametype|singles
|player|p1|Overlorddave|102|1166
|player|p2|dgsbhg|266|1101
|gen|9
|tier|[Gen 9] OU
|rated|
|rule|HP Percentage Mod: HP is shown in percentages
|rule|Endless Battle Clause: Forcing endless battles is banned
|rule|Species Clause: Limit one of each Pokémon
|rule|OHKO Clause: OHKO moves are banned
|rule|Evasion Items Clause: Evasion items are banned
|rule|Evasion Moves Clause: Evasion moves are banned
|rule|Evasion Abilities Clause: Evasion abilities are banned
|rule|Sleep Moves Clause: Sleep-inducing moves are banned
|clearpoke
|poke|p1|Feraligatr, F|
|poke|p1|Blastoise, M|
|poke|p1|Ludicolo, F|
|poke|p1|Politoed, M|
|poke|p1|Lanturn, F|
|poke|p1|Swampert, M|
|poke|p2|Torkoal, F|
|poke|p2|Slowking, M|
|poke|p2|Bronzong|
|poke|p2|Dragapult, F|
|poke|p2|Landorus-Therian, M|
|poke|p2|Raging Bolt|
|teampreview
|
|t:|1760334582
|teamsize|p1|6
|teamsize|p2|6
|start
|switch|p1a: Swampert|Swampert, M|100/100
|switch|p2a: Bronzong|Bronzong|100/100
|turn|1
|
|t:|1760334588
|move|p1a: Swampert|Bulk Up|p1a: Swampert
|-boost|p1a: Swampert|atk|1
|-boost|p1a: Swampert|def|1
|move|p2a: Bronzong|Trick Room|p2a: Bronzong
|-fieldstart|move: Trick Room|[of] p2a: Bronzong
|
|upkeep
|turn|2
|
|t:|1760334593
|move|p2a: Bronzong|Iron Defense|p2a: Bronzong
|-boost|p2a: Bronzong|def|2
|move|p1a: Swampert|Bulk Up|p1a: Swampert
|-boost|p1a: Swampert|atk|1
|-boost|p1a: Swampert|def|1
|
|upkeep
|turn|3
|
|t:|1760334600
|move|p2a: Bronzong|Iron Defense|p2a: Bronzong
|-boost|p2a: Bronzong|def|2
|move|p1a: Swampert|Bulk Up|p1a: Swampert
|-boost|p1a: Swampert|atk|1
|-boost|p1a: Swampert|def|1
|
|upkeep
|turn|4
|
|t:|1760334607
|move|p2a: Bronzong|Iron Defense|p2a: Bronzong
|-boost|p2a: Bronzong|def|2
|move|p1a: Swampert|Bulk Up|p1a: Swampert
|-boost|p1a: Swampert|atk|1
|-boost|p1a: Swampert|def|1
|
|upkeep
|turn|5
|
|t:|1760334614
|move|p2a: Bronzong|Body Press|p1a: Swampert
|-damage|p1a: Swampert|75/100
|-damage|p2a: Bronzong|84/100|[from] item: Rocky Helmet|[of] p1a: Swampert
|move|p1a: Swampert|Bulk Up|p1a: Swampert
|-boost|p1a: Swampert|atk|1
|-boost|p1a: Swampert|def|1
|
|-fieldend|move: Trick Room
|upkeep
|turn|6
|
|t:|1760334622
|move|p1a: Swampert|Bulk Up|p1a: Swampert
|-boost|p1a: Swampert|atk|1
|-boost|p1a: Swampert|def|1
|move|p2a: Bronzong|Trick Room|p2a: Bronzong
|-fieldstart|move: Trick Room|[of] p2a: Bronzong
|
|upkeep
|turn|7
|
|t:|1760334628
|move|p2a: Bronzong|Stored Power|p1a: Swampert
|-damage|p1a: Swampert|45/100
|move|p1a: Swampert|Rain Dance|p1a: Swampert
|-weather|RainDance
|
|-weather|RainDance|[upkeep]
|upkeep
|turn|8
|
|t:|1760334633
|move|p2a: Bronzong|Stored Power|p1a: Swampert
|-damage|p1a: Swampert|16/100
|move|p1a: Swampert|Waterfall|p2a: Bronzong
|-damage|p2a: Bronzong|25/100
|
|-weather|RainDance|[upkeep]
|upkeep
|turn|9
|c|☆Overlorddave|damn
|c|☆Overlorddave|didnt expect
|c|☆Overlorddave|the stored power
|
|t:|1760334644
|move|p2a: Bronzong|Stored Power|p1a: Swampert
|-damage|p1a: Swampert|0 fnt
|faint|p1a: Swampert
|
|-weather|RainDance|[upkeep]
|upkeep
|
|t:|1760334654
|switch|p1a: Ludicolo|Ludicolo, F|100/100
|turn|10
|
|t:|1760334659
|move|p2a: Bronzong|Body Press|p1a: Ludicolo
|-damage|p1a: Ludicolo|0 fnt
|faint|p1a: Ludicolo
|
|-weather|RainDance|[upkeep]
|-fieldend|move: Trick Room
|upkeep
|
|t:|1760334665
|switch|p1a: Lanturn|Lanturn, F|100/100
|turn|11
|
|t:|1760334668
|move|p1a: Lanturn|Scald|p2a: Bronzong
|-damage|p2a: Bronzong|0 fnt
|faint|p2a: Bronzong
|
|-weather|none
|upkeep
|
|t:|1760334680
|switch|p2a: Dragapult|Dragapult, F|100/100
|turn|12
|
|t:|1760334683
|move|p2a: Dragapult|Dragon Dance|p2a: Dragapult
|-boost|p2a: Dragapult|atk|1
|-boost|p2a: Dragapult|spe|1
|move|p1a: Lanturn|Thunder Wave|p2a: Dragapult
|-status|p2a: Dragapult|par
|
|upkeep
|turn|13
|
|t:|1760334689
|move|p2a: Dragapult|Dragon Dance|p2a: Dragapult
|-boost|p2a: Dragapult|atk|1
|-boost|p2a: Dragapult|spe|1
|move|p1a: Lanturn|Stockpile|p1a: Lanturn
|-start|p1a: Lanturn|stockpile1
|-boost|p1a: Lanturn|def|1
|-boost|p1a: Lanturn|spd|1
|
|upkeep
|turn|14
|
|t:|1760334696
|move|p2a: Dragapult|Dragon Dance|p2a: Dragapult
|-boost|p2a: Dragapult|atk|1
|-boost|p2a: Dragapult|spe|1
|move|p1a: Lanturn|Stockpile|p1a: Lanturn
|-start|p1a: Lanturn|stockpile2
|-boost|p1a: Lanturn|def|1
|-boost|p1a: Lanturn|spd|1
|
|upkeep
|turn|15
|
|t:|1760334703
|move|p2a: Dragapult|Dragon Darts|p1a: Lanturn
|-damage|p1a: Lanturn|52/100
|-anim|p2a: Dragapult|Dragon Darts|p1a: Lanturn
|-damage|p1a: Lanturn|6/100
|-damage|p2a: Dragapult|91/100 par|[from] item: Life Orb
|move|p1a: Lanturn|Confuse Ray|p2a: Dragapult
|-start|p2a: Dragapult|confusion
|
|-heal|p1a: Lanturn|12/100|[from] item: Leftovers
|upkeep
|turn|16
|
|t:|1760334714
|switch|p1a: Politoed|Politoed, M|100/100
|-weather|RainDance|[from] ability: Drizzle|[of] p1a: Politoed
|-activate|p2a: Dragapult|confusion
|-damage|p2a: Dragapult|44/100 par|[from] confusion
|
|-weather|RainDance|[upkeep]
|upkeep
|turn|17
|
|t:|1760334721
|-end|p2a: Dragapult|confusion
|cant|p2a: Dragapult|par
|move|p1a: Politoed|Haze|p1a: Politoed
|-clearallboost
|
|-weather|RainDance|[upkeep]
|upkeep
|turn|18
|
|t:|1760334730
|cant|p2a: Dragapult|par
|move|p1a: Politoed|Weather Ball|p2a: Dragapult
|-resisted|p2a: Dragapult
|-damage|p2a: Dragapult|3/100 par
|
|-weather|RainDance|[upkeep]
|upkeep
|turn|19
|
|t:|1760334736
|move|p2a: Dragapult|Dragon Darts|p1a: Politoed
|-damage|p1a: Politoed|65/100
|-anim|p2a: Dragapult|Dragon Darts|p1a: Politoed
|-damage|p1a: Politoed|24/100
|-damage|p2a: Dragapult|0 fnt|[from] item: Life Orb
|faint|p2a: Dragapult
|move|p1a: Politoed|Weather Ball|p2: Dragapult|[notarget]
|-fail|p1a: Politoed
|
|-weather|RainDance|[upkeep]
|upkeep
|
|t:|1760334741
|switch|p2a: Slowking|Slowking, M|100/100
|turn|20
|
|t:|1760334748
|switch|p1a: Blastoise|Blastoise, M|100/100
|move|p2a: Slowking|Trick Room|p2a: Slowking
|-fieldstart|move: Trick Room|[of] p2a: Slowking
|
|-weather|RainDance|[upkeep]
|upkeep
|turn|21
|
|t:|1760334754
|move|p2a: Slowking|Nasty Plot|p2a: Slowking
|-boost|p2a: Slowking|spa|2
|move|p1a: Blastoise|Iron Defense|p1a: Blastoise
|-boost|p1a: Blastoise|def|2
|
|-weather|RainDance|[upkeep]
|upkeep
|turn|22
|
|t:|1760334762
|move|p2a: Slowking|Scald|p1a: Blastoise
|-resisted|p1a: Blastoise
|-damage|p1a: Blastoise|49/100
|-damage|p2a: Slowking|91/100|[from] item: Life Orb
|move|p1a: Blastoise|Iron Defense|p1a: Blastoise
|-boost|p1a: Blastoise|def|2
|
|-weather|RainDance|[upkeep]
|-heal|p1a: Blastoise|55/100|[from] ability: Rain Dish
|-heal|p1a: Blastoise|61/100|[from] item: Leftovers
|upkeep
|turn|23
|
|t:|1760334772
|move|p2a: Slowking|Scald|p1a: Blastoise
|-resisted|p1a: Blastoise
|-damage|p1a: Blastoise|10/100
|-damage|p2a: Slowking|81/100|[from] item: Life Orb
|move|p1a: Blastoise|Life Dew|p1a: Blastoise
|-heal|p1a: Blastoise|35/100
|
|-weather|none
|-heal|p1a: Blastoise|41/100|[from] item: Leftovers
|upkeep
|turn|24
|
|t:|1760334783
|move|p2a: Slowking|Scald|p1a: Blastoise
|-resisted|p1a: Blastoise
|-damage|p1a: Blastoise|7/100
|-damage|p2a: Slowking|71/100|[from] item: Life Orb
|move|p1a: Blastoise|Muddy Water|p2a: Slowking
|-resisted|p2a: Slowking
|-damage|p2a: Slowking|60/100
|
|-heal|p1a: Blastoise|13/100|[from] item: Leftovers
|-fieldend|move: Trick Room
|upkeep
|turn|25
|
|t:|1760334793
|move|p1a: Blastoise|Body Press|p2a: Slowking
|-resisted|p2a: Slowking
|-damage|p2a: Slowking|34/100
|move|p2a: Slowking|Trick Room|p2a: Slowking
|-fieldstart|move: Trick Room|[of] p2a: Slowking
|
|-heal|p1a: Blastoise|19/100|[from] item: Leftovers
|upkeep
|turn|26
|
|t:|1760334800
|move|p2a: Slowking|Scald|p1a: Blastoise
|-resisted|p1a: Blastoise
|-damage|p1a: Blastoise|0 fnt
|faint|p1a: Blastoise
|-damage|p2a: Slowking|24/100|[from] item: Life Orb
|
|upkeep
|
|t:|1760334809
|switch|p1a: Lanturn|Lanturn, F|12/100
|turn|27
|
|t:|1760334812
|move|p2a: Slowking|Psyshock|p1a: Lanturn
|-damage|p1a: Lanturn|0 fnt
|faint|p1a: Lanturn
|-damage|p2a: Slowking|14/100|[from] item: Life Orb
|
|upkeep
|
|t:|1760334818
|switch|p1a: Politoed|Politoed, M|24/100
|-weather|RainDance|[from] ability: Drizzle|[of] p1a: Politoed
|turn|28
|
|t:|1760334823
|move|p2a: Slowking|Psyshock|p1a: Politoed
|-damage|p1a: Politoed|0 fnt
|faint|p1a: Politoed
|-damage|p2a: Slowking|4/100|[from] item: Life Orb
|
|-weather|RainDance|[upkeep]
|upkeep
|
|t:|1760334829
|switch|p1a: Feraligatr|Feraligatr, F|100/100
|turn|29
|
|t:|1760334833
|-terastallize|p1a: Feraligatr|Water
|move|p2a: Slowking|Psyshock|p1a: Feraligatr
|-damage|p1a: Feraligatr|11/100
|-damage|p2a: Slowking|0 fnt|[from] item: Life Orb
|faint|p2a: Slowking
|move|p1a: Feraligatr|Liquidation|p2: Slowking|[notarget]
|-fail|p1a: Feraligatr
|
|-weather|RainDance|[upkeep]
|-fieldend|move: Trick Room
|upkeep
|
|t:|1760334838
|switch|p2a: Torkoal|Torkoal, F|100/100
|-weather|SunnyDay|[from] ability: Drought|[of] p2a: Torkoal
|turn|30
|c|☆Overlorddave|gg
|c|☆Overlorddave|nice trick room
|
|t:|1760334846
|move|p1a: Feraligatr|Liquidation|p2a: Torkoal
|-supereffective|p2a: Torkoal
|-damage|p2a: Torkoal|34/100
|move|p2a: Torkoal|Solar Beam||[still]
|-prepare|p2a: Torkoal|Solar Beam
|-anim|p2a: Torkoal|Solar Beam|p1a: Feraligatr
|-supereffective|p1a: Feraligatr
|-damage|p1a: Feraligatr|0 fnt
|faint|p1a: Feraligatr
|-damage|p2a: Torkoal|24/100|[from] item: Life Orb
|
|win|dgsbhg
|raw|Overlorddave's rating: 1166 &rarr; <strong>1136</strong><br />(-30 for losing)
|raw|dgsbhg's rating: 1101 &rarr; <strong>1131</strong><br />(+30 for winning)
|l|☆dgsbhg
|player|p2|
|l|☆Overlorddave
|player|p1|
