|j|☆ghostnoats
|j|☆Gimmicko
|t:|1760399449
|gametype|singles
|player|p1|ghostnoats|102|1098
|player|p2|Gimmicko|2|1057
|gen|9
|tier|[Gen 9] OU
|rated|
|rule|HP Percentage Mod: HP is shown in percentages
|rule|Endless Battle Clause: Forcing endless battles is banned
|rule|Species Clause: Limit one of each Pokémon
|rule|OHKO Clause: OHKO moves are banned
|rule|Evasion Items Clause: Evasion items are banned
|rule|Evasion Moves Clause: Evasion moves are banned
|rule|Evasion Abilities Clause: Evasion abilities are banned
|rule|Sleep Moves Clause: Sleep-inducing moves are banned
|clearpoke
|poke|p1|Alomomola, M|
|poke|p1|Incineroar, M|
|poke|p1|Landorus-Therian, M|
|poke|p1|Slowking-Galar, M|
|poke|p1|Quaquaval, F|
|poke|p1|Fezandipiti, M|
|poke|p2|Magmar, F|
|poke|p2|Quagsire, F|
|poke|p2|Ninetales-Alola, F|
|poke|p2|Torterra, F|
|poke|p2|Cramorant, F|
|poke|p2|Dusclops, F|
|teampreview
|inactive|Battle timer is ON: inactive players will automatically lose when time's up. (requested by Gimmicko)
|
|t:|1760399457
|teamsize|p1|6
|teamsize|p2|6
|start
|switch|p1a: Incineroar|Incineroar, M|100/100
|switch|p2a: Ninetales|Ninetales-Alola, F|100/100
|-weather|Snowscape|[from] ability: Snow Warning|[of] p2a: Ninetales
|-ability|p1a: Incineroar|Intimidate|boost
|-unboost|p2a: Ninetales|atk|1
|turn|1
|
|t:|1760399474
|move|p1a: Incineroar|Fake Out|p2a: Ninetales
|-damage|p2a: Ninetales|85/100
|cant|p2a: Ninetales|flinch
|
|-weather|Snowscape|[upkeep]
|upkeep
|turn|2
|
|t:|1760399482
|move|p2a: Ninetales|Encore|p1a: Incineroar
|-start|p1a: Incineroar|Encore
|move|p1a: Incineroar|Fake Out||[still]
|-hint|Fake Out only works on your first turn out.
|-fail|p1a: Incineroar
|
|-weather|Snowscape|[upkeep]
|upkeep
|turn|3
|
|t:|1760399489
|switch|p1a: Slowking|Slowking-Galar, M|100/100
|move|p2a: Ninetales|Aurora Veil|p2a: Ninetales
|-sidestart|p2: Gimmicko|move: Aurora Veil
|
|-weather|Snowscape|[upkeep]
|upkeep
|turn|4
|
|t:|1760399500
|switch|p2a: Quagsire|Quagsire, F|100/100
|move|p1a: Slowking|Future Sight|p2a: Quagsire
|-start|p1a: Slowking|move: Future Sight
|
|-weather|Snowscape|[upkeep]
|upkeep
|turn|5
|
|t:|1760399511
|switch|p1a: Landorus|Landorus-Therian, M|100/100
|-ability|p1a: Landorus|Intimidate|boost
|-unboost|p2a: Quagsire|atk|1
|move|p2a: Quagsire|Earthquake|p1a: Landorus
|-immune|p1a: Landorus
|
|-weather|none
|upkeep
|turn|6
|
|t:|1760399521
|switch|p1a: Alomomola|Alomomola, M|100/100
|move|p2a: Quagsire|Toxic|p1a: Alomomola
|-status|p1a: Alomomola|tox
|
|-end|p2a: Quagsire|move: Future Sight
|-damage|p2a: Quagsire|68/100
|-heal|p2a: Quagsire|74/100|[from] item: Leftovers
|-damage|p1a: Alomomola|94/100 tox|[from] psn
|upkeep
|turn|7
|
|t:|1760399534
|switch|p2a: Ninetales|Ninetales-Alola, F|85/100
|-weather|Snowscape|[from] ability: Snow Warning|[of] p2a: Ninetales
|move|p1a: Alomomola|Flip Turn|p2a: Ninetales
|-damage|p2a: Ninetales|78/100
|inactive|ghostnoats has 120 seconds left.
|inactive|ghostnoats has 90 seconds left.
|
|t:|1760399589
|switch|p1a: Fezandipiti|Fezandipiti, M|100/100|[from] Flip Turn
|
|-weather|Snowscape|[upkeep]
|upkeep
|turn|8
|
|t:|1760399598
|switch|p2a: Magmar|Magmar, F|100/100
|move|p1a: Fezandipiti|Beat Up|p2a: Magmar
|-damage|p2a: Magmar|98/100
|-damage|p2a: Magmar|95/100
|-damage|p2a: Magmar|92/100
|-damage|p2a: Magmar|89/100
|-damage|p2a: Magmar|86/100
|-hitcount|p2a: Magmar|5
|
|-weather|Snowscape|[upkeep]
|upkeep
|turn|9
|
|t:|1760399610
|move|p1a: Fezandipiti|U-turn|p2a: Magmar
|-resisted|p2a: Magmar
|-damage|p2a: Magmar|80/100
|
|t:|1760399613
|switch|p1a: Slowking|Slowking-Galar, M|100/100|[from] U-turn
|move|p2a: Magmar|Will-O-Wisp|p1a: Slowking
|-status|p1a: Slowking|brn
|
|-weather|Snowscape|[upkeep]
|-damage|p1a: Slowking|94/100 brn|[from] brn
|upkeep
|turn|10
|
|t:|1760399624
|move|p2a: Magmar|Knock Off|p1a: Slowking
|-supereffective|p1a: Slowking
|-damage|p1a: Slowking|22/100 brn
|-enditem|p1a: Slowking|Assault Vest|[from] move: Knock Off|[of] p2a: Magmar
|move|p1a: Slowking|Future Sight|p2a: Magmar
|-start|p1a: Slowking|move: Future Sight
|
|-weather|Snowscape|[upkeep]
|-damage|p1a: Slowking|16/100 brn|[from] brn
|-sideend|p2: Gimmicko|move: Aurora Veil
|upkeep
|turn|11
|
|t:|1760399635
|switch|p1a: Incineroar|Incineroar, M|100/100
|-ability|p1a: Incineroar|Intimidate|boost
|-unboost|p2a: Magmar|atk|1
|move|p2a: Magmar|Knock Off|p1a: Incineroar
|-resisted|p1a: Incineroar
|-damage|p1a: Incineroar|91/100
|-enditem|p1a: Incineroar|Heavy-Duty Boots|[from] move: Knock Off|[of] p2a: Magmar
|
|-weather|none
|upkeep
|turn|12
|
|t:|1760399645
|move|p2a: Magmar|Protect|p2a: Magmar
|-singleturn|p2a: Magmar|Protect
|move|p1a: Incineroar|Knock Off|p2a: Magmar
|-activate|p2a: Magmar|move: Protect
|
|-end|p2a: Magmar|move: Future Sight
|-damage|p2a: Magmar|36/100
|upkeep
|turn|13
|
|t:|1760399657
|move|p2a: Magmar|Flamethrower|p1a: Incineroar
|-resisted|p1a: Incineroar
|-damage|p1a: Incineroar|76/100
|move|p1a: Incineroar|Knock Off|p2a: Magmar
|-damage|p2a: Magmar|0 fnt
|-enditem|p2a: Magmar|Eviolite|[from] move: Knock Off|[of] p1a: Incineroar
|faint|p2a: Magmar
|
|upkeep
|
|t:|1760399665
|switch|p2a: Cramorant|Cramorant, F|100/100
|turn|14
|
|t:|1760399670
|switch|p1a: Fezandipiti|Fezandipiti, M|100/100
|move|p2a: Cramorant|Surf|p1a: Fezandipiti
|-formechange|p2a: Cramorant|Cramorant-Gulping|
|-damage|p1a: Fezandipiti|74/100
|
|-heal|p1a: Fezandipiti|80/100|[from] item: Leftovers
|upkeep
|turn|15
|
|t:|1760399679
|move|p1a: Fezandipiti|Gunk Shot|p2a: Cramorant
|-damage|p2a: Cramorant|7/100
|-damage|p1a: Fezandipiti|55/100|[from] ability: Gulp Missile|[of] p2a: Cramorant
|-unboost|p1a: Fezandipiti|def|1
|-formechange|p2a: Cramorant|Cramorant|
|-status|p2a: Cramorant|tox|[from] ability: Toxic Chain|[of] p1a: Fezandipiti
|move|p2a: Cramorant|Surf|p1a: Fezandipiti
|-formechange|p2a: Cramorant|Cramorant-Gorging|
|-damage|p1a: Fezandipiti|30/100
|
|-heal|p1a: Fezandipiti|36/100|[from] item: Leftovers
|-damage|p2a: Cramorant|0 fnt|[from] psn
|faint|p2a: Cramorant
|upkeep
|
|t:|1760399692
|switch|p2a: Dusclops|Dusclops, F|100/100
|-item|p1a: Fezandipiti|Leftovers|[from] ability: Frisk|[of] p2a: Dusclops
|turn|16
|
|t:|1760399698
|switch|p1a: Incineroar|Incineroar, M|76/100
|-ability|p1a: Incineroar|Intimidate|boost
|-unboost|p2a: Dusclops|atk|1
|move|p2a: Dusclops|Skill Swap|p1a: Incineroar
|-activate|p2a: Dusclops|move: Skill Swap|Intimidate|Frisk|[of] p1a: Incineroar
|-ability|p2a: Dusclops|Intimidate|boost
|-unboost|p1a: Incineroar|atk|1
|-item|p2a: Dusclops|Eviolite|[from] ability: Frisk|[of] p1a: Incineroar
|
|upkeep
|turn|17
|
|t:|1760399713
|switch|p2a: Quagsire|Quagsire, F|74/100
|move|p1a: Incineroar|Knock Off|p2a: Quagsire
|-damage|p2a: Quagsire|48/100
|-enditem|p2a: Quagsire|Leftovers|[from] move: Knock Off|[of] p1a: Incineroar
|
|upkeep
|turn|18
|
|t:|1760399722
|switch|p1a: Alomomola|Alomomola, M|100/100 tox
|move|p2a: Quagsire|Recover|p2a: Quagsire
|-heal|p2a: Quagsire|98/100
|
|-damage|p1a: Alomomola|94/100 tox|[from] psn
|upkeep
|turn|19
|
|t:|1760399730
|move|p1a: Alomomola|Wish|p1a: Alomomola
|move|p2a: Quagsire|Earthquake|p1a: Alomomola
|-damage|p1a: Alomomola|74/100 tox
|
|-damage|p1a: Alomomola|62/100 tox|[from] psn
|upkeep
|turn|20
|
|t:|1760399737
|move|p1a: Alomomola|Flip Turn|p2a: Quagsire
|-heal|p2a: Quagsire|100/100|[from] ability: Water Absorb|[of] p1a: Alomomola
|move|p2a: Quagsire|Liquidation|p1a: Alomomola
|-resisted|p1a: Alomomola
|-damage|p1a: Alomomola|54/100 tox
|-unboost|p1a: Alomomola|def|1
|-damage|p2a: Quagsire|84/100|[from] item: Rocky Helmet|[of] p1a: Alomomola
|
|-heal|p1a: Alomomola|100/100 tox|[from] move: Wish|[wisher] Alomomola
|-damage|p1a: Alomomola|82/100 tox|[from] psn
|upkeep
|turn|21
|
|t:|1760399759
|switch|p1a: Landorus|Landorus-Therian, M|100/100
|-ability|p1a: Landorus|Intimidate|boost
|-unboost|p2a: Quagsire|atk|1
|move|p2a: Quagsire|Earthquake|p1a: Landorus
|-immune|p1a: Landorus
|
|upkeep
|turn|22
|
|t:|1760399768
|switch|p2a: Dusclops|Dusclops, F|100/100
|-item|p1a: Landorus|Leftovers|[from] ability: Frisk|[of] p2a: Dusclops
|move|p1a: Landorus|Stealth Rock|p2a: Dusclops
|-sidestart|p2: Gimmicko|move: Stealth Rock
|
|upkeep
|turn|23
|
|t:|1760399776
|move|p1a: Landorus|U-turn|p2a: Dusclops
|-resisted|p2a: Dusclops
|-damage|p2a: Dusclops|92/100
|
|t:|1760399781
|switch|p1a: Alomomola|Alomomola, M|100/100 tox|[from] U-turn
|move|p2a: Dusclops|Will-O-Wisp||[still]
|-fail|p2a: Dusclops
|
|-damage|p1a: Alomomola|94/100 tox|[from] psn
|upkeep
|turn|24
|
|t:|1760399789
|move|p1a: Alomomola|Wish|p1a: Alomomola
|move|p2a: Dusclops|Skill Swap|p1a: Alomomola
|-activate|p2a: Dusclops|move: Skill Swap|Regenerator|Frisk|[of] p1a: Alomomola
|-item|p2a: Dusclops|Eviolite|[from] ability: Frisk|[of] p1a: Alomomola
|
|-damage|p1a: Alomomola|82/100 tox|[from] psn
|upkeep
|turn|25
|
|t:|1760399798
|switch|p2a: Quagsire|Quagsire, F|84/100
|-damage|p2a: Quagsire|78/100|[from] Stealth Rock
|move|p1a: Alomomola|Flip Turn|p2a: Quagsire
|-heal|p2a: Quagsire|100/100|[from] ability: Water Absorb|[of] p1a: Alomomola
|
|-heal|p1a: Alomomola|100/100 tox|[from] move: Wish|[wisher] Alomomola
|-damage|p1a: Alomomola|82/100 tox|[from] psn
|upkeep
|turn|26
|
|t:|1760399811
|switch|p1a: Landorus|Landorus-Therian, M|100/100
|-ability|p1a: Landorus|Intimidate|boost
|-unboost|p2a: Quagsire|atk|1
|move|p2a: Quagsire|Earthquake|p1a: Landorus
|-immune|p1a: Landorus
|
|upkeep
|turn|27
|
|t:|1760399818
|move|p1a: Landorus|U-turn|p2a: Quagsire
|-damage|p2a: Quagsire|82/100
|
|t:|1760399822
|switch|p1a: Alomomola|Alomomola, M|82/100 tox|[from] U-turn
|move|p2a: Quagsire|Liquidation|p1a: Alomomola
|-resisted|p1a: Alomomola
|-damage|p1a: Alomomola|77/100 tox
|-damage|p2a: Quagsire|65/100|[from] item: Rocky Helmet|[of] p1a: Alomomola
|
|-damage|p1a: Alomomola|71/100 tox|[from] psn
|upkeep
|turn|28
|
|t:|1760399832
|move|p1a: Alomomola|Wish|p1a: Alomomola
|move|p2a: Quagsire|Earthquake|p1a: Alomomola
|-crit|p1a: Alomomola
|-damage|p1a: Alomomola|40/100 tox
|
|-damage|p1a: Alomomola|27/100 tox|[from] psn
|upkeep
|turn|29
|
|t:|1760399842
|switch|p1a: Fezandipiti|Fezandipiti, M|36/100
|move|p2a: Quagsire|Liquidation|p1a: Fezandipiti
|-damage|p1a: Fezandipiti|15/100
|-unboost|p1a: Fezandipiti|def|1
|
|-heal|p1a: Fezandipiti|99/100|[from] move: Wish|[wisher] Alomomola
|-heal|p1a: Fezandipiti|100/100|[from] item: Leftovers
|upkeep
|turn|30
|
|t:|1760399854
|switch|p1a: Landorus|Landorus-Therian, M|100/100
|-ability|p1a: Landorus|Intimidate|boost
|-unboost|p2a: Quagsire|atk|1
|switch|p2a: Dusclops|Dusclops, F|100/100
|-damage|p2a: Dusclops|88/100|[from] Stealth Rock
|-item|p1a: Landorus|Leftovers|[from] ability: Frisk|[of] p2a: Dusclops
|
|upkeep
|turn|31
|
|t:|1760399864
|move|p1a: Landorus|U-turn|p2a: Dusclops
|-resisted|p2a: Dusclops
|-damage|p2a: Dusclops|78/100
|
|t:|1760399877
|switch|p1a: Slowking|Slowking-Galar, M|49/100 brn|[from] U-turn
|move|p2a: Dusclops|Skill Swap|p1a: Slowking
|-activate|p2a: Dusclops|move: Skill Swap|Regenerator|Frisk|[of] p1a: Slowking
|-item|p2a: Dusclops|Eviolite|[from] ability: Frisk|[of] p1a: Slowking
|
|-damage|p1a: Slowking|43/100 brn|[from] brn
|upkeep
|turn|32
|
|t:|1760399890
|switch|p1a: Fezandipiti|Fezandipiti, M|100/100
|move|p2a: Dusclops|Night Shade|p1a: Fezandipiti
|-damage|p1a: Fezandipiti|69/100
|
|-heal|p1a: Fezandipiti|75/100|[from] item: Leftovers
|upkeep
|turn|33
|
|t:|1760399898
|move|p1a: Fezandipiti|Beat Up|p2a: Dusclops
|-supereffective|p2a: Dusclops
|-damage|p2a: Dusclops|72/100
|-supereffective|p2a: Dusclops
|-damage|p2a: Dusclops|64/100
|-status|p2a: Dusclops|tox|[from] ability: Toxic Chain|[of] p1a: Fezandipiti
|-supereffective|p2a: Dusclops
|-damage|p2a: Dusclops|56/100 tox
|-supereffective|p2a: Dusclops
|-damage|p2a: Dusclops|50/100 tox
|-hitcount|p2a: Dusclops|4
|move|p2a: Dusclops|Will-O-Wisp|p1a: Fezandipiti
|-status|p1a: Fezandipiti|brn
|
|-heal|p1a: Fezandipiti|81/100 brn|[from] item: Leftovers
|-damage|p2a: Dusclops|44/100 tox|[from] psn
|-damage|p1a: Fezandipiti|75/100 brn|[from] brn
|upkeep
|turn|34
|
|t:|1760399914
|switch|p1a: Alomomola|Alomomola, M|61/100 tox
|switch|p2a: Ninetales|Ninetales-Alola, F|78/100
|-damage|p2a: Ninetales|53/100|[from] Stealth Rock
|-weather|Snowscape|[from] ability: Snow Warning|[of] p2a: Ninetales
|
|-weather|Snowscape|[upkeep]
|-damage|p1a: Alomomola|55/100 tox|[from] psn
|upkeep
|turn|35
|
|t:|1760399926
|switch|p1a: Slowking|Slowking-Galar, M|43/100 brn
|move|p2a: Ninetales|Aurora Veil|p2a: Ninetales
|-sidestart|p2: Gimmicko|move: Aurora Veil
|
|-weather|Snowscape|[upkeep]
|-damage|p1a: Slowking|36/100 brn|[from] brn
|upkeep
|turn|36
|
|t:|1760399934
|switch|p1a: Alomomola|Alomomola, M|88/100 tox
|move|p2a: Ninetales|Freeze-Dry|p1a: Alomomola
|-supereffective|p1a: Alomomola
|-damage|p1a: Alomomola|31/100 tox
|
|-weather|Snowscape|[upkeep]
|-damage|p1a: Alomomola|24/100 tox|[from] psn
|upkeep
|turn|37
|
|t:|1760399944
|switch|p1a: Slowking|Slowking-Galar, M|70/100 brn
|move|p2a: Ninetales|Freeze-Dry|p1a: Slowking
|-damage|p1a: Slowking|52/100 brn
|
|-weather|Snowscape|[upkeep]
|-damage|p1a: Slowking|45/100 brn|[from] brn
|upkeep
|turn|38
|
|t:|1760399957
|move|p2a: Ninetales|Freeze-Dry|p1a: Slowking
|-damage|p1a: Slowking|28/100 brn
|move|p1a: Slowking|Future Sight|p2a: Ninetales
|-start|p1a: Slowking|move: Future Sight
|
|-weather|none
|-damage|p1a: Slowking|22/100 brn|[from] brn
|upkeep
|turn|39
|
|t:|1760399968
|switch|p1a: Fezandipiti|Fezandipiti, M|75/100 brn
|move|p2a: Ninetales|Encore||[still]
|-fail|p2a: Ninetales
|
|-heal|p1a: Fezandipiti|81/100 brn|[from] item: Leftovers
|-damage|p1a: Fezandipiti|75/100 brn|[from] brn
|upkeep
|turn|40
|
|t:|1760399978
|switch|p2a: Dusclops|Dusclops, F|77/100 tox
|-damage|p2a: Dusclops|65/100 tox|[from] Stealth Rock
|-item|p1a: Fezandipiti|Leftovers|[from] ability: Frisk|[of] p2a: Dusclops
|move|p1a: Fezandipiti|Beat Up|p2a: Dusclops
|-supereffective|p2a: Dusclops
|-damage|p2a: Dusclops|64/100 tox
|-supereffective|p2a: Dusclops
|-damage|p2a: Dusclops|61/100 tox
|-supereffective|p2a: Dusclops
|-damage|p2a: Dusclops|60/100 tox
|-supereffective|p2a: Dusclops
|-damage|p2a: Dusclops|58/100 tox
|-hitcount|p2a: Dusclops|4
|
|-end|p2a: Dusclops|move: Future Sight
|-damage|p2a: Dusclops|46/100 tox
|-heal|p1a: Fezandipiti|81/100 brn|[from] item: Leftovers
|-damage|p2a: Dusclops|40/100 tox|[from] psn
|-damage|p1a: Fezandipiti|75/100 brn|[from] brn
|upkeep
|turn|41
|
|t:|1760400002
|switch|p1a: Incineroar|Incineroar, M|76/100
|-ability|p1a: Incineroar|Intimidate|boost
|-unboost|p2a: Dusclops|atk|1
|move|p2a: Dusclops|Night Shade|p1a: Incineroar
|-damage|p1a: Incineroar|47/100
|
|-damage|p2a: Dusclops|28/100 tox|[from] psn
|upkeep
|turn|42
|
|t:|1760400012
|move|p1a: Incineroar|Knock Off|p2a: Dusclops
|-supereffective|p2a: Dusclops
|-damage|p2a: Dusclops|0 fnt
|-enditem|p2a: Dusclops|Eviolite|[from] move: Knock Off|[of] p1a: Incineroar
|faint|p2a: Dusclops
|
|-sideend|p2: Gimmicko|move: Aurora Veil
|upkeep
|
|t:|1760400016
|switch|p2a: Quagsire|Quagsire, F|65/100
|-damage|p2a: Quagsire|59/100|[from] Stealth Rock
|turn|43
|c|☆ghostnoats|Girl ur so annoying
|c|☆ghostnoats|bye
|
|t:|1760400028
|switch|p1a: Alomomola|Alomomola, M|58/100 tox
|move|p2a: Quagsire|Recover|p2a: Quagsire
|-heal|p2a: Quagsire|100/100
|
|-damage|p1a: Alomomola|52/100 tox|[from] psn
|upkeep
|turn|44
|
|t:|1760400036
|move|p1a: Alomomola|Wish|p1a: Alomomola
|move|p2a: Quagsire|Earthquake|p1a: Alomomola
|-damage|p1a: Alomomola|32/100 tox
|
|-damage|p1a: Alomomola|19/100 tox|[from] psn
|upkeep
|turn|45
|
|t:|1760400046
|switch|p1a: Landorus|Landorus-Therian, M|100/100
|-ability|p1a: Landorus|Intimidate|boost
|-unboost|p2a: Quagsire|atk|1
|move|p2a: Quagsire|Earthquake|p1a: Landorus
|-immune|p1a: Landorus
|
|upkeep
|turn|46
|
|t:|1760400055
|move|p1a: Landorus|U-turn|p2a: Quagsire
|-damage|p2a: Quagsire|79/100
|
|t:|1760400059
|switch|p1a: Alomomola|Alomomola, M|53/100 tox|[from] U-turn
|move|p2a: Quagsire|Liquidation|p1a: Alomomola
|-resisted|p1a: Alomomola
|-damage|p1a: Alomomola|48/100 tox
|-damage|p2a: Quagsire|62/100|[from] item: Rocky Helmet|[of] p1a: Alomomola
|
|-damage|p1a: Alomomola|42/100 tox|[from] psn
|upkeep
|turn|47
|
|t:|1760400070
|switch|p1a: Landorus|Landorus-Therian, M|100/100
|-ability|p1a: Landorus|Intimidate|boost
|-unboost|p2a: Quagsire|atk|1
|move|p2a: Quagsire|Earthquake|p1a: Landorus
|-immune|p1a: Landorus
|
|upkeep
|turn|48
|
|t:|1760400078
|move|p1a: Landorus|Earthquake|p2a: Quagsire
|-damage|p2a: Quagsire|21/100
|move|p2a: Quagsire|Recover|p2a: Quagsire
|-heal|p2a: Quagsire|71/100
|
|upkeep
|turn|49
|
|t:|1760400085
|switch|p2a: Ninetales|Ninetales-Alola, F|53/100
|-damage|p2a: Ninetales|28/100|[from] Stealth Rock
|-weather|Snowscape|[from] ability: Snow Warning|[of] p2a: Ninetales
|move|p1a: Landorus|Earthquake|p2a: Ninetales
|-damage|p2a: Ninetales|0 fnt
|faint|p2a: Ninetales
|
|-weather|Snowscape|[upkeep]
|upkeep
|
|t:|1760400088
|switch|p2a: Torterra|Torterra, F|100/100
|-damage|p2a: Torterra|94/100|[from] Stealth Rock
|turn|50
|c|☆ghostnoats|Get outa here
|
|t:|1760400101
|switch|p1a: Incineroar|Incineroar, M|47/100
|-ability|p1a: Incineroar|Intimidate|boost
|-unboost|p2a: Torterra|atk|1
|-enditem|p2a: Torterra|White Herb
|-clearnegativeboost|p2a: Torterra|[silent]
|move|p2a: Torterra|Shell Smash|p2a: Torterra
|-unboost|p2a: Torterra|def|1
|-unboost|p2a: Torterra|spd|1
|-boost|p2a: Torterra|atk|2
|-boost|p2a: Torterra|spa|2
|-boost|p2a: Torterra|spe|2
|
|-weather|Snowscape|[upkeep]
|upkeep
|turn|51
|
|t:|1760400113
|move|p1a: Incineroar|Fake Out|p2a: Torterra
|-damage|p2a: Torterra|75/100
|cant|p2a: Torterra|flinch
|
|-weather|Snowscape|[upkeep]
|upkeep
|turn|52
|
|t:|1760400121
|switch|p1a: Landorus|Landorus-Therian, M|100/100
|-ability|p1a: Landorus|Intimidate|boost
|-unboost|p2a: Torterra|atk|1
|move|p2a: Torterra|Earthquake|p1a: Landorus
|-immune|p1a: Landorus
|
|-weather|Snowscape|[upkeep]
|upkeep
|turn|53
|
|t:|1760400130
|switch|p1a: Incineroar|Incineroar, M|47/100
|-ability|p1a: Incineroar|Intimidate|boost
|-unboost|p2a: Torterra|atk|1
|move|p2a: Torterra|Shell Smash|p2a: Torterra
|-unboost|p2a: Torterra|def|1
|-unboost|p2a: Torterra|spd|1
|-boost|p2a: Torterra|atk|2
|-boost|p2a: Torterra|spa|2
|-boost|p2a: Torterra|spe|2
|
|-weather|none
|upkeep
|turn|54
|
|t:|1760400143
|move|p1a: Incineroar|Fake Out|p2a: Torterra
|-damage|p2a: Torterra|46/100
|cant|p2a: Torterra|flinch
|
|upkeep
|turn|55
|
|t:|1760400150
|switch|p1a: Landorus|Landorus-Therian, M|100/100
|-ability|p1a: Landorus|Intimidate|boost
|-unboost|p2a: Torterra|atk|1
|move|p2a: Torterra|Rock Slide|p1a: Landorus
|-damage|p1a: Landorus|66/100
|
|-heal|p1a: Landorus|72/100|[from] item: Leftovers
|upkeep
|turn|56
|
|t:|1760400159
|move|p2a: Torterra|Rock Slide|p1a: Landorus
|-damage|p1a: Landorus|32/100
|cant|p1a: Landorus|flinch
|
|-heal|p1a: Landorus|38/100|[from] item: Leftovers
|upkeep
|turn|57
|
|t:|1760400167
|move|p2a: Torterra|Wood Hammer|p1a: Landorus
|-damage|p1a: Landorus|0 fnt
|faint|p1a: Landorus
|-damage|p2a: Torterra|34/100|[from] Recoil
|
|upkeep
|
|t:|1760400173
|switch|p1a: Incineroar|Incineroar, M|47/100
|-ability|p1a: Incineroar|Intimidate|boost
|-unboost|p2a: Torterra|atk|1
|turn|58
|
|t:|1760400185
|-terastallize|p2a: Torterra|Steel
|move|p1a: Incineroar|Fake Out|p2a: Torterra
|-resisted|p2a: Torterra
|-damage|p2a: Torterra|20/100
|cant|p2a: Torterra|flinch
|
|upkeep
|turn|59
|
|t:|1760400193
|switch|p1a: Alomomola|Alomomola, M|75/100 tox
|move|p2a: Torterra|Earthquake|p1a: Alomomola
|-damage|p1a: Alomomola|39/100 tox
|
|-damage|p1a: Alomomola|33/100 tox|[from] psn
|upkeep
|turn|60
|
|t:|1760400203
|switch|p1a: Incineroar|Incineroar, M|47/100
|-ability|p1a: Incineroar|Intimidate|boost
|-unboost|p2a: Torterra|atk|1
|move|p2a: Torterra|Earthquake|p1a: Incineroar
|-supereffective|p1a: Incineroar
|-damage|p1a: Incineroar|0 fnt
|faint|p1a: Incineroar
|
|upkeep
|
|t:|1760400211
|switch|p1a: Quaquaval|Quaquaval, F|100/100
|turn|61
|
|t:|1760400218
|switch|p2a: Quagsire|Quagsire, F|71/100
|-damage|p2a: Quagsire|65/100|[from] Stealth Rock
|move|p1a: Quaquaval|Aqua Step|p2a: Quagsire
|-heal|p2a: Quagsire|90/100|[from] ability: Water Absorb|[of] p1a: Quaquaval
|
|upkeep
|turn|62
|
|t:|1760400229
|switch|p1a: Fezandipiti|Fezandipiti, M|75/100 brn
|move|p2a: Quagsire|Earthquake|p1a: Fezandipiti
|-supereffective|p1a: Fezandipiti
|-damage|p1a: Fezandipiti|0 fnt
|faint|p1a: Fezandipiti
|
|upkeep
|
|t:|1760400244
|switch|p1a: Slowking|Slowking-Galar, M|55/100 brn
|turn|63
|
|t:|1760400252
|-terastallize|p1a: Slowking|Ice
|move|p2a: Quagsire|Earthquake|p1a: Slowking
|-damage|p1a: Slowking|19/100 brn
|move|p1a: Slowking|Future Sight|p2a: Quagsire
|-start|p1a: Slowking|move: Future Sight
|
|-damage|p1a: Slowking|13/100 brn|[from] brn
|upkeep
|turn|64
|
|t:|1760400261
|switch|p1a: Alomomola|Alomomola, M|66/100 tox
|move|p2a: Quagsire|Liquidation|p1a: Alomomola
|-resisted|p1a: Alomomola
|-damage|p1a: Alomomola|57/100 tox
|-damage|p2a: Quagsire|73/100|[from] item: Rocky Helmet|[of] p1a: Alomomola
|
|-damage|p1a: Alomomola|51/100 tox|[from] psn
|upkeep
|turn|65
|
|t:|1760400270
|move|p1a: Alomomola|Wish|p1a: Alomomola
|move|p2a: Quagsire|Earthquake|p1a: Alomomola
|-damage|p1a: Alomomola|33/100 tox
|
|-end|p2a: Quagsire|move: Future Sight
|-damage|p2a: Quagsire|4/100
|-damage|p1a: Alomomola|20/100 tox|[from] psn
|upkeep
|turn|66
|
|t:|1760400279
|switch|p1a: Quaquaval|Quaquaval, F|100/100
|move|p2a: Quagsire|Recover|p2a: Quagsire
|-heal|p2a: Quagsire|54/100
|
|upkeep
|turn|67
|
|t:|1760400285
|move|p1a: Quaquaval|Rapid Spin|p2a: Quagsire
|-damage|p2a: Quagsire|41/100
|-boost|p1a: Quaquaval|spe|1
|move|p2a: Quagsire|Recover|p2a: Quagsire
|-heal|p2a: Quagsire|91/100
|
|upkeep
|turn|68
|
|t:|1760400294
|switch|p1a: Alomomola|Alomomola, M|53/100 tox
|move|p2a: Quagsire|Earthquake|p1a: Alomomola
|-damage|p1a: Alomomola|33/100 tox
|
|-damage|p1a: Alomomola|27/100 tox|[from] psn
|upkeep
|turn|69
|
|t:|1760400309
|move|p1a: Alomomola|Wish|p1a: Alomomola
|move|p2a: Quagsire|Liquidation|p1a: Alomomola
|-resisted|p1a: Alomomola
|-damage|p1a: Alomomola|18/100 tox
|-unboost|p1a: Alomomola|def|1
|-damage|p2a: Quagsire|75/100|[from] item: Rocky Helmet|[of] p1a: Alomomola
|
|-damage|p1a: Alomomola|6/100 tox|[from] psn
|upkeep
|turn|70
|
|t:|1760400319
|switch|p1a: Slowking|Slowking-Galar, M, tera:Ice|46/100 brn
|move|p2a: Quagsire|Earthquake|p1a: Slowking
|-damage|p1a: Slowking|10/100 brn
|
|-heal|p1a: Slowking|85/100 brn|[from] move: Wish|[wisher] Alomomola
|-damage|p1a: Slowking|79/100 brn|[from] brn
|upkeep
|turn|71
|
|t:|1760400330
|move|p2a: Quagsire|Liquidation|p1a: Slowking
|-damage|p1a: Slowking|48/100 brn
|move|p1a: Slowking|Future Sight|p2a: Quagsire
|-start|p1a: Slowking|move: Future Sight
|
|-damage|p1a: Slowking|42/100 brn|[from] brn
|upkeep
|turn|72
|
|t:|1760400339
|move|p2a: Quagsire|Liquidation|p1a: Slowking
|-damage|p1a: Slowking|11/100 brn
|-unboost|p1a: Slowking|def|1
|move|p1a: Slowking|Ice Beam|p2a: Quagsire
|-damage|p2a: Quagsire|19/100
|
|-damage|p1a: Slowking|5/100 brn|[from] brn
|upkeep
|turn|73
|
|t:|1760400349
|switch|p1a: Alomomola|Alomomola, M|39/100 tox
|move|p2a: Quagsire|Recover|p2a: Quagsire
|-heal|p2a: Quagsire|69/100
|
|-end|p2a: Quagsire|move: Future Sight
|-damage|p2a: Quagsire|0 fnt
|faint|p2a: Quagsire
|-damage|p1a: Alomomola|33/100 tox|[from] psn
|upkeep
|
|t:|1760400352
|switch|p2a: Torterra|Torterra, F, tera:Steel|20/100
|-damage|p2a: Torterra|14/100|[from] Stealth Rock
|turn|74
|
|t:|1760400371
|move|p2a: Torterra|Shell Smash|p2a: Torterra
|-unboost|p2a: Torterra|def|1
|-unboost|p2a: Torterra|spd|1
|-boost|p2a: Torterra|atk|2
|-boost|p2a: Torterra|spa|2
|-boost|p2a: Torterra|spe|2
|move|p1a: Alomomola|Flip Turn|p2a: Torterra
|-damage|p2a: Torterra|0 fnt
|faint|p2a: Torterra
|
|win|ghostnoats
|raw|ghostnoats's rating: 1098 &rarr; <strong>1120</strong><br />(+22 for winning)
|raw|Gimmicko's rating: 1057 &rarr; <strong>1041</strong><br />(-16 for losing)
|l|☆Gimmicko
|player|p2|
|l|☆ghostnoats
|player|p1|
|j|☆ghostnoats
|player|p1|ghostnoats|102|
