|j|☆BlobbaBlobba
|j|☆Silly lil bug 3
|t:|1760439653
|gametype|singles
|player|p1|BlobbaBlobba|266|1306
|player|p2|Silly lil bug 3|aromalady|1260
|gen|9
|tier|[Gen 9] OU
|rated|
|rule|HP Percentage Mod: HP is shown in percentages
|rule|Endless Battle Clause: Forcing endless battles is banned
|rule|Species Clause: Limit one of each Pokémon
|rule|OHKO Clause: OHKO moves are banned
|rule|Evasion Items Clause: Evasion items are banned
|rule|Evasion Moves Clause: Evasion moves are banned
|rule|Evasion Abilities Clause: Evasion abilities are banned
|rule|Sleep Moves Clause: Sleep-inducing moves are banned
|clearpoke
|poke|p1|Armarouge, M|
|poke|p1|Ogerpon-Wellspring, F|
|poke|p1|Raging Bolt|
|poke|p1|Dusclops, F|
|poke|p1|Ursaluna, M|
|poke|p1|Lokix, M|
|poke|p2|Iron Valiant|
|poke|p2|Rotom-Wash|
|poke|p2|Slowking-Galar, M|
|poke|p2|Ribombee, F|
|poke|p2|Meowscarada, M|
|poke|p2|Gholdengo|
|teampreview
|c|☆Silly lil bug 3|Gl hf 🫶
|
|t:|1760439677
|teamsize|p1|6
|teamsize|p2|6
|start
|switch|p1a: Dusclops|Dusclops, F|100/100
|switch|p2a: Rotom|Rotom-Wash|100/100
|-ability|p1a: Dusclops|Pressure
|turn|1
|
|t:|1760439688
|move|p2a: Rotom|Trick|p1a: Dusclops
|-activate|p2a: Rotom|move: Trick|[of] p1a: Dusclops
|-item|p1a: Dusclops|Choice Scarf|[from] move: Trick
|-item|p2a: Rotom|Eviolite|[from] move: Trick
|move|p1a: Dusclops|Trick Room|p1a: Dusclops
|-fieldstart|move: Trick Room|[of] p1a: Dusclops
|
|upkeep
|turn|2
|
|t:|1760439709
|switch|p1a: Armarouge|Armarouge, M|100/100
|move|p2a: Rotom|Hydro Pump|p1a: Armarouge
|-supereffective|p1a: Armarouge
|-damage|p1a: Armarouge|0 fnt
|faint|p1a: Armarouge
|
|upkeep
|
|t:|1760439719
|switch|p1a: Dusclops|Dusclops, F|100/100
|-ability|p1a: Dusclops|Pressure
|turn|3
|
|t:|1760439729
|switch|p2a: Slowking|Slowking-Galar, M|100/100
|move|p1a: Dusclops|Night Shade|p2a: Slowking
|-damage|p2a: Slowking|75/100
|
|upkeep
|turn|4
|
|t:|1760439740
|move|p2a: Slowking|Future Sight|p1a: Dusclops
|-start|p2a: Slowking|move: Future Sight
|move|p1a: Dusclops|Night Shade|p2a: Slowking
|-damage|p2a: Slowking|50/100
|
|upkeep
|turn|5
|
|t:|1760439754
|switch|p2a: Rotom|Rotom-Wash|100/100
|move|p1a: Dusclops|Night Shade|p2a: Rotom
|-damage|p2a: Rotom|59/100
|
|-fieldend|move: Trick Room
|upkeep
|turn|6
|
|t:|1760439760
|move|p2a: Rotom|Dark Pulse|p1a: Dusclops
|-supereffective|p1a: Dusclops
|-damage|p1a: Dusclops|53/100
|move|p1a: Dusclops|Night Shade|p2a: Rotom
|-damage|p2a: Rotom|18/100
|
|-end|p1a: Dusclops|move: Future Sight
|-damage|p1a: Dusclops|8/100
|upkeep
|turn|7
|
|t:|1760439769
|move|p2a: Rotom|Volt Switch|p1a: Dusclops
|-damage|p1a: Dusclops|0 fnt
|faint|p1a: Dusclops
|
|t:|1760439786
|switch|p2a: Ribombee|Ribombee, F|100/100|[from] Volt Switch
|
|upkeep
|
|t:|1760439794
|switch|p1a: Ursaluna|Ursaluna, M|100/100
|turn|8
|
|t:|1760439799
|move|p1a: Ursaluna|Protect|p1a: Ursaluna
|-singleturn|p1a: Ursaluna|Protect
|move|p2a: Ribombee|Trick|p1a: Ursaluna
|-activate|p1a: Ursaluna|move: Protect
|
|-status|p1a: Ursaluna|brn|[from] item: Flame Orb
|upkeep
|turn|9
|
|t:|1760439807
|move|p2a: Ribombee|Trick|p1a: Ursaluna
|-activate|p2a: Ribombee|move: Trick|[of] p1a: Ursaluna
|-item|p1a: Ursaluna|Choice Scarf|[from] move: Trick
|-item|p2a: Ribombee|Flame Orb|[from] move: Trick
|move|p1a: Ursaluna|Facade|p2a: Ribombee
|-damage|p2a: Ribombee|0 fnt
|faint|p2a: Ribombee
|
|-damage|p1a: Ursaluna|94/100 brn|[from] brn
|upkeep
|
|t:|1760439820
|switch|p2a: Gholdengo|Gholdengo|100/100
|turn|10
|
|t:|1760439829
|switch|p1a: Raging Bolt|Raging Bolt|100/100
|move|p2a: Gholdengo|Shadow Ball|p1a: Raging Bolt
|-damage|p1a: Raging Bolt|59/100
|
|-heal|p1a: Raging Bolt|65/100|[from] item: Leftovers
|upkeep
|turn|11
|
|t:|1760439836
|move|p1a: Raging Bolt|Calm Mind|p1a: Raging Bolt
|-boost|p1a: Raging Bolt|spa|1
|-boost|p1a: Raging Bolt|spd|1
|move|p2a: Gholdengo|Trick|p1a: Raging Bolt
|-activate|p2a: Gholdengo|move: Trick|[of] p1a: Raging Bolt
|-item|p1a: Raging Bolt|Lagging Tail|[from] move: Trick
|-item|p2a: Gholdengo|Leftovers|[from] move: Trick
|
|upkeep
|turn|12
|
|t:|1760439851
|move|p2a: Gholdengo|Shadow Ball|p1a: Raging Bolt
|-damage|p1a: Raging Bolt|38/100
|move|p1a: Raging Bolt|Calm Mind|p1a: Raging Bolt
|-boost|p1a: Raging Bolt|spa|1
|-boost|p1a: Raging Bolt|spd|1
|
|upkeep
|turn|13
|
|t:|1760439866
|move|p2a: Gholdengo|Shadow Ball|p1a: Raging Bolt
|-damage|p1a: Raging Bolt|17/100
|move|p1a: Raging Bolt|Thunderbolt|p2a: Gholdengo
|-damage|p2a: Gholdengo|0 fnt
|faint|p2a: Gholdengo
|
|upkeep
|
|t:|1760439876
|switch|p2a: Slowking|Slowking-Galar, M|83/100
|turn|14
|
|t:|1760439883
|move|p1a: Raging Bolt|Thunderclap|p2a: Slowking
|-damage|p2a: Slowking|30/100
|move|p2a: Slowking|Ice Beam|p1a: Raging Bolt
|-supereffective|p1a: Raging Bolt
|-damage|p1a: Raging Bolt|0 fnt
|faint|p1a: Raging Bolt
|-end|p1a: Raging Bolt|Protosynthesis|[silent]
|
|upkeep
|
|t:|1760439889
|switch|p1a: Ursaluna|Ursaluna, M|94/100 brn
|turn|15
|
|t:|1760439894
|switch|p2a: Rotom|Rotom-Wash|18/100
|move|p1a: Ursaluna|Facade|p2a: Rotom
|-damage|p2a: Rotom|0 fnt
|faint|p2a: Rotom
|
|-damage|p1a: Ursaluna|88/100 brn|[from] brn
|upkeep
|
|t:|1760439903
|switch|p2a: Meowscarada|Meowscarada, M|100/100
|turn|16
|
|t:|1760439909
|move|p2a: Meowscarada|Flower Trick|p1a: Ursaluna
|-start|p2a: Meowscarada|typechange|Grass|[from] ability: Protean
|-supereffective|p1a: Ursaluna
|-crit|p1a: Ursaluna
|-damage|p1a: Ursaluna|0 fnt
|faint|p1a: Ursaluna
|
|upkeep
|
|t:|1760439916
|switch|p1a: Lokix|Lokix, M|100/100
|turn|17
|
|t:|1760439920
|switch|p2a: Slowking|Slowking-Galar, M|63/100
|move|p1a: Lokix|First Impression|p2a: Slowking
|-damage|p2a: Slowking|19/100
|
|upkeep
|turn|18
|
|t:|1760439927
|move|p1a: Lokix|U-turn|p2a: Slowking
|-damage|p2a: Slowking|0 fnt
|faint|p2a: Slowking
|
|t:|1760439931
|switch|p1a: Ogerpon|Ogerpon-Wellspring, F|100/100|[from] U-turn
|
|upkeep
|
|t:|1760439935
|switch|p2a: Meowscarada|Meowscarada, M|100/100
|turn|19
|
|t:|1760439944
|move|p2a: Meowscarada|Flower Trick|p1a: Ogerpon
|-start|p2a: Meowscarada|typechange|Grass|[from] ability: Protean
|-crit|p1a: Ogerpon
|-damage|p1a: Ogerpon|11/100
|move|p1a: Ogerpon|U-turn|p2a: Meowscarada
|-supereffective|p2a: Meowscarada
|-damage|p2a: Meowscarada|18/100
|
|t:|1760439951
|switch|p1a: Lokix|Lokix, M|100/100|[from] U-turn
|
|upkeep
|turn|20
|
|t:|1760439955
|move|p1a: Lokix|First Impression|p2a: Meowscarada
|-supereffective|p2a: Meowscarada
|-damage|p2a: Meowscarada|0 fnt
|faint|p2a: Meowscarada
|
|upkeep
|
|t:|1760439957
|switch|p2a: Iron Valiant|Iron Valiant|100/100
|turn|21
|
|t:|1760439969
|move|p1a: Lokix|Sucker Punch|p2a: Iron Valiant
|-resisted|p2a: Iron Valiant
|-damage|p2a: Iron Valiant|80/100
|move|p2a: Iron Valiant|Moonblast|p1a: Lokix
|-supereffective|p1a: Lokix
|-damage|p1a: Lokix|0 fnt
|faint|p1a: Lokix
|
|upkeep
|
|t:|1760439976
|switch|p1a: Ogerpon|Ogerpon-Wellspring, F|11/100
|turn|22
|c|☆Silly lil bug 3|Gg
|
|t:|1760439983
|-terastallize|p1a: Ogerpon|Water
|detailschange|p1a: Ogerpon|Ogerpon-Wellspring-Tera, F, tera:Water
|-ability|p1a: Ogerpon|Embody Aspect (Wellspring)|boost
|-boost|p1a: Ogerpon|spd|1
|move|p2a: Iron Valiant|Moonblast|p1a: Ogerpon
|-damage|p1a: Ogerpon|0 fnt
|faint|p1a: Ogerpon
|detailschange|p1: Ogerpon|Ogerpon-Wellspring, F|[silent]
|
|win|Silly lil bug 3
|raw|BlobbaBlobba's rating: 1306 &rarr; <strong>1283</strong><br />(-23 for losing)
|raw|Silly lil bug 3's rating: 1260 &rarr; <strong>1288</strong><br />(+28 for winning)
|c|☆BlobbaBlobba|gg
|l|☆BlobbaBlobba
|player|p1|
|l|☆Silly lil bug 3
|player|p2|
