|j|☆capone n norega
|j|☆Brigadi25
|t:|1760399314
|gametype|singles
|player|p1|capone n norega|102|1291
|player|p2|Brigadi25|bugcatcher-gen4dp|1364
|gen|9
|tier|[Gen 9] OU
|rated|
|rule|HP Percentage Mod: HP is shown in percentages
|rule|Endless Battle Clause: Forcing endless battles is banned
|rule|Species Clause: Limit one of each Pokémon
|rule|OHKO Clause: OHKO moves are banned
|rule|Evasion Items Clause: Evasion items are banned
|rule|Evasion Moves Clause: Evasion moves are banned
|rule|Evasion Abilities Clause: Evasion abilities are banned
|rule|Sleep Moves Clause: Sleep-inducing moves are banned
|clearpoke
|poke|p1|Blaziken, M|
|poke|p1|Kingambit, F|
|poke|p1|Gholdengo|
|poke|p1|Iron Valiant|
|poke|p1|Landorus-Therian, M|
|poke|p1|Dragonite, F|
|poke|p2|Ribombee, M|
|poke|p2|Ogerpon-Wellspring, F|
|poke|p2|Tornadus-Therian, M|
|poke|p2|Goodra, M|
|poke|p2|Iron Crown|
|poke|p2|Kleavor, M|
|teampreview
|inactive|Battle timer is ON: inactive players will automatically lose when time's up. (requested by Brigadi25)
|
|t:|1760399342
|teamsize|p1|6
|teamsize|p2|6
|start
|switch|p1a: Gholdengo|Gholdengo|100/100
|switch|p2a: Tornadus|Tornadus-Therian, M|100/100
|turn|1
|
|t:|1760399355
|switch|p1a: Landorus|Landorus-Therian, M|100/100
|-ability|p1a: Landorus|Intimidate|boost
|-unboost|p2a: Tornadus|atk|1
|move|p2a: Tornadus|U-turn|p1a: Landorus
|-resisted|p1a: Landorus
|-damage|p1a: Landorus|97/100
|-damage|p2a: Tornadus|84/100|[from] item: Rocky Helmet|[of] p1a: Landorus
|
|t:|1760399368
|switch|p2a: Ogerpon|Ogerpon-Wellspring, F|100/100|[from] U-turn
|
|upkeep
|turn|2
|
|t:|1760399373
|switch|p1a: Dragonite|Dragonite, F|100/100
|move|p2a: Ogerpon|Ivy Cudgel|p1a: Dragonite|[anim] Ivy Cudgel Water
|-resisted|p1a: Dragonite
|-damage|p1a: Dragonite|85/100
|
|upkeep
|turn|3
|
|t:|1760399401
|switch|p2a: Ribombee|Ribombee, M|100/100
|move|p1a: Dragonite|Roost|p1a: Dragonite
|-heal|p1a: Dragonite|100/100
|-singleturn|p1a: Dragonite|move: Roost
|
|upkeep
|turn|4
|
|t:|1760399412
|switch|p1a: Gholdengo|Gholdengo|100/100
|move|p2a: Ribombee|Sticky Web|p1a: Gholdengo
|-sidestart|p1: capone n norega|move: Sticky Web
|
|upkeep
|turn|5
|
|t:|1760399419
|move|p1a: Gholdengo|Shadow Ball|p2a: Ribombee
|-damage|p2a: Ribombee|21/100
|move|p2a: Ribombee|U-turn|p1a: Gholdengo
|-resisted|p1a: Gholdengo
|-damage|p1a: Gholdengo|97/100
|inactive|Brigadi25 has 120 seconds left.
|
|t:|1760399441
|switch|p2a: Tornadus|Tornadus-Therian, M|100/100|[from] U-turn
|
|upkeep
|turn|6
|
|t:|1760399452
|move|p1a: Gholdengo|Shadow Ball|p2a: Tornadus
|-damage|p2a: Tornadus|50/100
|-unboost|p2a: Tornadus|spd|1
|move|p2a: Tornadus|U-turn|p1a: Gholdengo
|-resisted|p1a: Gholdengo
|-damage|p1a: Gholdengo|93/100
|
|t:|1760399458
|switch|p2a: Kleavor|Kleavor, M|100/100|[from] U-turn
|
|upkeep
|turn|7
|
|t:|1760399464
|move|p2a: Kleavor|U-turn|p1a: Gholdengo
|-resisted|p1a: Gholdengo
|-damage|p1a: Gholdengo|82/100
|
|t:|1760399468
|switch|p2a: Goodra|Goodra, M|100/100|[from] U-turn
|move|p1a: Gholdengo|Shadow Ball|p2a: Goodra
|-damage|p2a: Goodra|83/100
|
|upkeep
|turn|8
|
|t:|1760399484
|switch|p1a: Landorus|Landorus-Therian, M|97/100
|-ability|p1a: Landorus|Intimidate|boost
|-unboost|p2a: Goodra|atk|1
|move|p2a: Goodra|Scald|p1a: Landorus
|-supereffective|p1a: Landorus
|-damage|p1a: Landorus|50/100
|-status|p1a: Landorus|brn
|
|-damage|p1a: Landorus|44/100 brn|[from] brn
|upkeep
|turn|9
|
|t:|1760399501
|switch|p2a: Tornadus|Tornadus-Therian, M|83/100
|move|p1a: Landorus|Stealth Rock|p2a: Tornadus
|-sidestart|p2: Brigadi25|move: Stealth Rock
|
|-damage|p1a: Landorus|38/100 brn|[from] brn
|upkeep
|turn|10
|
|t:|1760399510
|move|p2a: Tornadus|Bleakwind Storm|p1a: Landorus
|-damage|p1a: Landorus|0 fnt
|faint|p1a: Landorus
|
|upkeep
|
|t:|1760399526
|switch|p1a: Kingambit|Kingambit, F|100/100
|-activate|p1a: Kingambit|move: Sticky Web
|-unboost|p1a: Kingambit|spe|1
|-activate|p1a: Kingambit|ability: Supreme Overlord
|-start|p1a: Kingambit|fallen1|[silent]
|turn|11
|
|t:|1760399548
|move|p2a: Tornadus|Taunt|p1a: Kingambit
|-start|p1a: Kingambit|move: Taunt
|move|p1a: Kingambit|Kowtow Cleave|p2a: Tornadus
|-damage|p2a: Tornadus|12/100
|
|upkeep
|turn|12
|
|t:|1760399555
|switch|p2a: Ogerpon|Ogerpon-Wellspring, F|100/100
|-damage|p2a: Ogerpon|88/100|[from] Stealth Rock
|move|p1a: Kingambit|Kowtow Cleave|p2a: Ogerpon
|-damage|p2a: Ogerpon|4/100
|
|upkeep
|turn|13
|
|t:|1760399579
|-end|p1a: Kingambit|fallen1|[silent]
|switch|p1a: Dragonite|Dragonite, F|100/100
|move|p2a: Ogerpon|Encore||[still]
|-fail|p2a: Ogerpon
|
|upkeep
|turn|14
|
|t:|1760399593
|move|p2a: Ogerpon|Knock Off|p1a: Dragonite
|-damage|p1a: Dragonite|79/100
|-enditem|p1a: Dragonite|Heavy-Duty Boots|[from] move: Knock Off|[of] p2a: Ogerpon
|move|p1a: Dragonite|Dragon Dance|p1a: Dragonite
|-boost|p1a: Dragonite|atk|1
|-boost|p1a: Dragonite|spe|1
|
|upkeep
|turn|15
|
|t:|1760399600
|move|p1a: Dragonite|Extreme Speed|p2a: Ogerpon
|-damage|p2a: Ogerpon|0 fnt
|faint|p2a: Ogerpon
|
|upkeep
|
|t:|1760399621
|switch|p2a: Tornadus|Tornadus-Therian, M|45/100
|turn|16
|
|t:|1760399633
|switch|p2a: Ribombee|Ribombee, M|21/100
|-damage|p2a: Ribombee|0 fnt|[from] Stealth Rock
|faint|p2a: Ribombee
|move|p1a: Dragonite|Dragon Dance|p1a: Dragonite
|-boost|p1a: Dragonite|atk|1
|-boost|p1a: Dragonite|spe|1
|
|upkeep
|
|t:|1760399640
|switch|p2a: Iron Crown|Iron Crown|100/100
|-damage|p2a: Iron Crown|94/100|[from] Stealth Rock
|-enditem|p2a: Iron Crown|Booster Energy
|-activate|p2a: Iron Crown|ability: Quark Drive|[fromitem]
|-start|p2a: Iron Crown|quarkdrivespe
|turn|17
|
|t:|1760399661
|-terastallize|p2a: Iron Crown|Flying
|move|p1a: Dragonite|Earthquake|p2a: Iron Crown
|-immune|p2a: Iron Crown
|move|p2a: Iron Crown|Tachyon Cutter|p1a: Dragonite
|-damage|p1a: Dragonite|52/100
|-damage|p1a: Dragonite|26/100
|-hitcount|p1a: Dragonite|2
|
|upkeep
|turn|18
|
|t:|1760399673
|-terastallize|p1a: Dragonite|Normal
|move|p1a: Dragonite|Extreme Speed|p2a: Iron Crown
|-damage|p2a: Iron Crown|7/100
|move|p2a: Iron Crown|Tachyon Cutter|p1a: Dragonite
|-damage|p1a: Dragonite|1/100
|-damage|p1a: Dragonite|0 fnt
|faint|p1a: Dragonite
|-hitcount|p1: Dragonite|2
|
|upkeep
|inactive|capone n norega has 120 seconds left.
|
|t:|1760399697
|switch|p1a: Kingambit|Kingambit, F|100/100
|-activate|p1a: Kingambit|move: Sticky Web
|-unboost|p1a: Kingambit|spe|1
|-activate|p1a: Kingambit|ability: Supreme Overlord
|-start|p1a: Kingambit|fallen2|[silent]
|turn|19
|
|t:|1760399712
|move|p1a: Kingambit|Sucker Punch|p2a: Iron Crown
|-damage|p2a: Iron Crown|0 fnt
|faint|p2a: Iron Crown
|-end|p2a: Iron Crown|Quark Drive|[silent]
|
|upkeep
|
|t:|1760399717
|switch|p2a: Kleavor|Kleavor, M|100/100
|-damage|p2a: Kleavor|76/100|[from] Stealth Rock
|turn|20
|
|t:|1760399724
|-end|p1a: Kingambit|fallen2|[silent]
|switch|p1a: Gholdengo|Gholdengo|82/100
|-activate|p1a: Gholdengo|move: Sticky Web
|-unboost|p1a: Gholdengo|spe|1
|move|p2a: Kleavor|Close Combat|p1a: Gholdengo
|-immune|p1a: Gholdengo
|
|upkeep
|turn|21
|
|t:|1760399732
|switch|p2a: Goodra|Goodra, M|83/100
|-damage|p2a: Goodra|70/100|[from] Stealth Rock
|move|p1a: Gholdengo|Trick|p2a: Goodra
|-activate|p1a: Gholdengo|move: Trick|[of] p2a: Goodra
|-item|p2a: Goodra|Choice Scarf|[from] move: Trick
|-item|p1a: Gholdengo|Assault Vest|[from] move: Trick
|
|upkeep
|turn|22
|
|t:|1760399751
|move|p2a: Goodra|Scald|p1a: Gholdengo
|-damage|p1a: Gholdengo|65/100
|move|p1a: Gholdengo|Shadow Ball|p2a: Goodra
|-damage|p2a: Goodra|44/100
|-unboost|p2a: Goodra|spd|1
|
|upkeep
|turn|23
|
|t:|1760399763
|move|p2a: Goodra|Scald|p1a: Gholdengo
|-damage|p1a: Gholdengo|47/100
|move|p1a: Gholdengo|Make It Rain|p2a: Goodra
|-damage|p2a: Goodra|0 fnt
|-unboost|p1a: Gholdengo|spa|1
|faint|p2a: Goodra
|
|upkeep
|
|t:|1760399773
|switch|p2a: Tornadus|Tornadus-Therian, M|78/100
|turn|24
|
|t:|1760399780
|switch|p1a: Blaziken|Blaziken, M|100/100
|-activate|p1a: Blaziken|move: Sticky Web
|-unboost|p1a: Blaziken|spe|1
|move|p2a: Tornadus|Heat Wave|p1a: Blaziken
|-resisted|p1a: Blaziken
|-damage|p1a: Blaziken|82/100
|
|upkeep
|turn|25
|
|t:|1760399787
|move|p1a: Blaziken|Protect|p1a: Blaziken
|-singleturn|p1a: Blaziken|Protect
|move|p2a: Tornadus|Bleakwind Storm|p1a: Blaziken
|-activate|p1a: Blaziken|move: Protect
|
|-ability|p1a: Blaziken|Speed Boost|boost
|-boost|p1a: Blaziken|spe|1
|upkeep
|turn|26
|
|t:|1760399794
|move|p1a: Blaziken|Protect|p1a: Blaziken
|-singleturn|p1a: Blaziken|Protect
|move|p2a: Tornadus|Bleakwind Storm|p1a: Blaziken
|-activate|p1a: Blaziken|move: Protect
|
|-ability|p1a: Blaziken|Speed Boost|boost
|-boost|p1a: Blaziken|spe|1
|upkeep
|turn|27
|
|t:|1760399801
|move|p1a: Blaziken|Blaze Kick|p2a: Tornadus
|-crit|p2a: Tornadus
|-damage|p2a: Tornadus|8/100
|move|p2a: Tornadus|Bleakwind Storm|p1a: Blaziken
|-supereffective|p1a: Blaziken
|-damage|p1a: Blaziken|0 fnt
|faint|p1a: Blaziken
|
|upkeep
|
|t:|1760399806
|switch|p1a: Iron Valiant|Iron Valiant|100/100
|-activate|p1a: Iron Valiant|move: Sticky Web
|-unboost|p1a: Iron Valiant|spe|1
|turn|28
|
|t:|1760399812
|move|p1a: Iron Valiant|Vacuum Wave|p2a: Tornadus
|-resisted|p2a: Tornadus
|-damage|p2a: Tornadus|0 fnt
|faint|p2a: Tornadus
|
|upkeep
|
|t:|1760399816
|switch|p2a: Kleavor|Kleavor, M|76/100
|-damage|p2a: Kleavor|51/100|[from] Stealth Rock
|turn|29
|
|t:|1760399825
|move|p1a: Iron Valiant|Vacuum Wave|p2a: Kleavor
|-damage|p2a: Kleavor|0 fnt
|faint|p2a: Kleavor
|
|win|capone n norega
|raw|capone n norega's rating: 1291 &rarr; <strong>1321</strong><br />(+30 for winning)
|raw|Brigadi25's rating: 1364 &rarr; <strong>1340</strong><br />(-24 for losing)
|l|☆capone n norega
|player|p1|
