|j|☆splishsplish12
|j|☆Big E From 60
|t:|1760386915
|gametype|singles
|player|p1|splishsplish12|steven|1134
|player|p2|Big E From 60|dragontamer|1213
|gen|9
|tier|[Gen 9] OU
|rated|
|rule|HP Percentage Mod: HP is shown in percentages
|rule|Endless Battle Clause: Forcing endless battles is banned
|rule|Species Clause: Limit one of each Pokémon
|rule|OHKO Clause: OHKO moves are banned
|rule|Evasion Items Clause: Evasion items are banned
|rule|Evasion Moves Clause: Evasion moves are banned
|rule|Evasion Abilities Clause: Evasion abilities are banned
|rule|Sleep Moves Clause: Sleep-inducing moves are banned
|clearpoke
|poke|p1|Ting-Lu|
|poke|p1|Pecharunt|
|poke|p1|Dragapult, M|
|poke|p1|Kubfu, F|
|poke|p1|Snivy, M|
|poke|p1|Great Tusk|
|poke|p2|Great Tusk|
|poke|p2|Dragapult, F|
|poke|p2|Slowking-Galar, M|
|poke|p2|Moltres|
|poke|p2|Ogerpon-Wellspring, F|
|poke|p2|Kingambit, M|
|teampreview
|inactive|Battle timer is ON: inactive players will automatically lose when time's up. (requested by Big E From 60)
|
|t:|1760386939
|teamsize|p1|6
|teamsize|p2|6
|start
|switch|p1a: AstralSnivff|Snivy, M|100/100
|switch|p2a: Ogerpon|Ogerpon-Wellspring, F|100/100
|turn|1
|
|t:|1760386949
|switch|p2a: Dragapult|Dragapult, F|100/100
|move|p1a: AstralSnivff|Leech Seed|p2a: Dragapult
|-start|p2a: Dragapult|move: Leech Seed
|
|-damage|p2a: Dragapult|88/100|[from] Leech Seed|[of] p1a: AstralSnivff
|upkeep
|turn|2
|
|t:|1760386972
|move|p2a: Dragapult|Will-O-Wisp|p1a: AstralSnivff
|-status|p1a: AstralSnivff|brn
|move|p1a: AstralSnivff|Mirror Coat||[still]
|-fail|p1a: AstralSnivff
|
|-damage|p2a: Dragapult|76/100|[from] Leech Seed|[of] p1a: AstralSnivff
|-damage|p1a: AstralSnivff|94/100 brn|[from] brn
|upkeep
|turn|3
|
|t:|1760386980
|move|p2a: Dragapult|U-turn|p1a: AstralSnivff
|-supereffective|p1a: AstralSnivff
|-damage|p1a: AstralSnivff|21/100 brn
|
|t:|1760386986
|switch|p2a: Kingambit|Kingambit, M|100/100|[from] U-turn
|move|p1a: AstralSnivff|Glare|p2a: Kingambit
|-status|p2a: Kingambit|par
|
|-damage|p1a: AstralSnivff|15/100 brn|[from] brn
|upkeep
|turn|4
|
|t:|1760387006
|move|p1a: AstralSnivff|Leech Seed|p2a: Kingambit
|-start|p2a: Kingambit|move: Leech Seed
|cant|p2a: Kingambit|par
|
|-damage|p2a: Kingambit|88/100 par|[from] Leech Seed|[of] p1a: AstralSnivff
|-heal|p1a: AstralSnivff|32/100 brn|[silent]
|-damage|p1a: AstralSnivff|26/100 brn|[from] brn
|upkeep
|turn|5
|
|t:|1760387011
|move|p1a: AstralSnivff|Taunt|p2a: Kingambit
|-start|p2a: Kingambit|move: Taunt
|move|p2a: Kingambit|Iron Head|p1a: AstralSnivff
|-damage|p1a: AstralSnivff|0 fnt
|faint|p1a: AstralSnivff
|
|-heal|p2a: Kingambit|94/100 par|[from] item: Leftovers
|upkeep
|
|t:|1760387017
|switch|p1a: Kubfu|Kubfu, F|100/100
|turn|6
|
|t:|1760387023
|-end|p2a: Kingambit|fallenundefined|[silent]
|switch|p2a: Dragapult|Dragapult, F|76/100
|move|p1a: Kubfu|Counter||[still]
|-fail|p1a: Kubfu
|
|upkeep
|turn|7
|
|t:|1760387027
|switch|p1a: Pecharunt|Pecharunt|100/100
|move|p2a: Dragapult|Will-O-Wisp|p1a: Pecharunt
|-status|p1a: Pecharunt|brn
|
|-damage|p1a: Pecharunt|94/100 brn|[from] brn
|upkeep
|turn|8
|
|t:|1760387032
|move|p2a: Dragapult|Hex|p1a: Pecharunt
|-supereffective|p1a: Pecharunt
|-damage|p1a: Pecharunt|0 fnt
|faint|p1a: Pecharunt
|
|upkeep
|
|t:|1760387038
|switch|p1a: Dragapult|Dragapult, M|100/100
|turn|9
|
|t:|1760387046
|-terastallize|p2a: Dragapult|Fairy
|move|p2a: Dragapult|Will-O-Wisp|p1a: Dragapult
|-status|p1a: Dragapult|brn
|move|p1a: Dragapult|Shadow Ball|p2a: Dragapult
|-damage|p2a: Dragapult|0 fnt
|faint|p2a: Dragapult
|
|-damage|p1a: Dragapult|95/100 brn|[from] brn
|upkeep
|
|t:|1760387062
|switch|p2a: Kingambit|Kingambit, M|94/100 par
|-activate|p2a: Kingambit|ability: Supreme Overlord
|-start|p2a: Kingambit|fallen1|[silent]
|turn|10
|
|t:|1760387068
|switch|p1a: Ting-Lu|Ting-Lu|100/100
|-ability|p1a: Ting-Lu|Vessel of Ruin
|move|p2a: Kingambit|Kowtow Cleave|p1a: Ting-Lu
|-resisted|p1a: Ting-Lu
|-damage|p1a: Ting-Lu|88/100
|-damage|p2a: Kingambit|78/100 par|[from] item: Rocky Helmet|[of] p1a: Ting-Lu
|
|-heal|p2a: Kingambit|84/100 par|[from] item: Leftovers
|upkeep
|turn|11
|
|t:|1760387078
|-end|p2a: Kingambit|fallen1|[silent]
|switch|p2a: Great Tusk|Great Tusk|100/100
|move|p1a: Ting-Lu|Earthquake|p2a: Great Tusk
|-damage|p2a: Great Tusk|73/100
|
|upkeep
|turn|12
|
|t:|1760387090
|move|p2a: Great Tusk|Ice Spinner|p1a: Ting-Lu
|-supereffective|p1a: Ting-Lu
|-damage|p1a: Ting-Lu|65/100
|-damage|p2a: Great Tusk|56/100|[from] item: Rocky Helmet|[of] p1a: Ting-Lu
|move|p1a: Ting-Lu|Ruination|p2a: Great Tusk
|-damage|p2a: Great Tusk|28/100
|
|upkeep
|turn|13
|
|t:|1760387099
|move|p2a: Great Tusk|Close Combat|p1a: Ting-Lu
|-supereffective|p1a: Ting-Lu
|-damage|p1a: Ting-Lu|18/100
|-unboost|p2a: Great Tusk|def|1
|-unboost|p2a: Great Tusk|spd|1
|-damage|p2a: Great Tusk|12/100|[from] item: Rocky Helmet|[of] p1a: Ting-Lu
|move|p1a: Ting-Lu|Earthquake|p2a: Great Tusk
|-damage|p2a: Great Tusk|0 fnt
|faint|p2a: Great Tusk
|-end|p2a: Great Tusk|Protosynthesis|[silent]
|
|upkeep
|
|t:|1760387115
|switch|p2a: Ogerpon|Ogerpon-Wellspring, F|100/100
|turn|14
|
|t:|1760387119
|move|p2a: Ogerpon|Swords Dance|p2a: Ogerpon
|-boost|p2a: Ogerpon|atk|2
|move|p1a: Ting-Lu|Earthquake|p2a: Ogerpon
|-resisted|p2a: Ogerpon
|-damage|p2a: Ogerpon|78/100
|
|upkeep
|turn|15
|
|t:|1760387127
|move|p2a: Ogerpon|Trailblaze|p1a: Ting-Lu
|-supereffective|p1a: Ting-Lu
|-damage|p1a: Ting-Lu|0 fnt
|-boost|p2a: Ogerpon|spe|1
|-damage|p2a: Ogerpon|61/100|[from] item: Rocky Helmet|[of] p1a: Ting-Lu
|faint|p1a: Ting-Lu
|
|upkeep
|
|t:|1760387130
|switch|p1a: Kubfu|Kubfu, F|100/100
|turn|16
|
|t:|1760387135
|switch|p2a: Moltres|Moltres|100/100
|move|p1a: Kubfu|Counter||[still]
|-fail|p1a: Kubfu
|
|upkeep
|turn|17
|
|t:|1760387142
|move|p1a: Kubfu|Scary Face|p2a: Moltres
|-unboost|p2a: Moltres|spe|2
|move|p2a: Moltres|Will-O-Wisp|p1a: Kubfu|[miss]
|-miss|p2a: Moltres|p1a: Kubfu
|
|upkeep
|turn|18
|
|t:|1760387147
|move|p1a: Kubfu|Dynamic Punch|p2a: Moltres|[miss]
|-miss|p1a: Kubfu|p2a: Moltres
|move|p2a: Moltres|Will-O-Wisp|p1a: Kubfu
|-status|p1a: Kubfu|brn
|
|-damage|p1a: Kubfu|94/100 brn|[from] brn
|upkeep
|turn|19
|
|t:|1760387159
|move|p1a: Kubfu|Dynamic Punch|p2a: Moltres|[miss]
|-miss|p1a: Kubfu|p2a: Moltres
|move|p2a: Moltres|Flamethrower|p1a: Kubfu
|-damage|p1a: Kubfu|7/100 brn
|
|-damage|p1a: Kubfu|0 fnt|[from] brn
|faint|p1a: Kubfu
|upkeep
|
|t:|1760387162
|switch|p1a: Dragapult|Dragapult, M|95/100 brn
|turn|20
|
|t:|1760387170
|move|p1a: Dragapult|Draco Meteor|p2a: Moltres
|-damage|p2a: Moltres|9/100
|-unboost|p1a: Dragapult|spa|2
|move|p2a: Moltres|U-turn|p1a: Dragapult
|-resisted|p1a: Dragapult
|-damage|p1a: Dragapult|84/100 brn
|
|t:|1760387177
|switch|p2a: Kingambit|Kingambit, M|84/100 par|[from] U-turn
|-activate|p2a: Kingambit|ability: Supreme Overlord
|-start|p2a: Kingambit|fallen2|[silent]
|
|-heal|p2a: Kingambit|90/100 par|[from] item: Leftovers
|-damage|p1a: Dragapult|78/100 brn|[from] brn
|upkeep
|turn|21
|
|t:|1760387182
|switch|p1a: Great Tusk|Great Tusk|100/100
|-enditem|p1a: Great Tusk|Booster Energy
|-activate|p1a: Great Tusk|ability: Protosynthesis|[fromitem]
|-start|p1a: Great Tusk|protosynthesisspe
|move|p2a: Kingambit|Iron Head|p1a: Great Tusk
|-damage|p1a: Great Tusk|63/100
|
|-heal|p2a: Kingambit|96/100 par|[from] item: Leftovers
|upkeep
|turn|22
|
|t:|1760387193
|-end|p2a: Kingambit|fallen2|[silent]
|switch|p2a: Moltres|Moltres|9/100
|move|p1a: Great Tusk|Earthquake|p2a: Moltres
|-immune|p2a: Moltres
|
|upkeep
|turn|23
|
|t:|1760387200
|move|p1a: Great Tusk|Rapid Spin|p2a: Moltres
|-damage|p2a: Moltres|0 fnt
|-boost|p1a: Great Tusk|spe|1
|faint|p2a: Moltres
|
|upkeep
|
|t:|1760387220
|switch|p2a: Ogerpon|Ogerpon-Wellspring, F|61/100
|turn|24
|
|t:|1760387227
|move|p1a: Great Tusk|Ice Spinner|p2a: Ogerpon
|-damage|p2a: Ogerpon|32/100
|move|p2a: Ogerpon|Ivy Cudgel|p1a: Great Tusk|[anim] Ivy Cudgel Water
|-supereffective|p1a: Great Tusk
|-crit|p1a: Great Tusk
|-damage|p1a: Great Tusk|0 fnt
|faint|p1a: Great Tusk
|-end|p1a: Great Tusk|Protosynthesis|[silent]
|
|upkeep
|
|t:|1760387229
|switch|p1a: Dragapult|Dragapult, M|78/100 brn
|turn|25
|
|t:|1760387233
|-terastallize|p1a: Dragapult|Ground
|move|p1a: Dragapult|Tera Blast|p2a: Ogerpon|[anim] Tera Blast Ground
|-resisted|p2a: Ogerpon
|-damage|p2a: Ogerpon|0 fnt
|faint|p2a: Ogerpon
|
|-damage|p1a: Dragapult|72/100 brn|[from] brn
|upkeep
|
|t:|1760387243
|switch|p2a: Slowking|Slowking-Galar, M|100/100
|turn|26
|
|t:|1760387247
|move|p1a: Dragapult|Tera Blast|p2a: Slowking|[anim] Tera Blast Ground
|-supereffective|p2a: Slowking
|-damage|p2a: Slowking|35/100
|move|p2a: Slowking|Ice Beam|p1a: Dragapult
|-supereffective|p1a: Dragapult
|-damage|p1a: Dragapult|14/100 brn
|
|-damage|p1a: Dragapult|8/100 brn|[from] brn
|upkeep
|turn|27
|
|t:|1760387256
|move|p1a: Dragapult|Tera Blast|p2a: Slowking|[anim] Tera Blast Ground
|-supereffective|p2a: Slowking
|-damage|p2a: Slowking|0 fnt
|faint|p2a: Slowking
|
|-damage|p1a: Dragapult|2/100 brn|[from] brn
|upkeep
|
|t:|1760387260
|switch|p2a: Kingambit|Kingambit, M|96/100 par
|-activate|p2a: Kingambit|ability: Supreme Overlord
|-start|p2a: Kingambit|fallen5|[silent]
|turn|28
|
|t:|1760387264
|cant|p2a: Kingambit|par
|move|p1a: Dragapult|Tera Blast|p2a: Kingambit|[anim] Tera Blast Ground
|-supereffective|p2a: Kingambit
|-crit|p2a: Kingambit
|-damage|p2a: Kingambit|0 fnt
|faint|p2a: Kingambit
|-end|p2a: Kingambit|fallen5|[silent]
|
|win|splishsplish12
|raw|splishsplish12's rating: 1161 &rarr; <strong>1190</strong><br />(+29 for winning)
|raw|Big E From 60's rating: 1213 &rarr; <strong>1184</strong><br />(-29 for losing)
|c|☆Big E From 60|lol
|c|☆splishsplish12|gg
|c|☆splishsplish12|lol
|l|☆Big E From 60
|player|p2|
