|j|☆ktr.na
|j|☆Bag of Rabbits
|t:|1760306564
|gametype|singles
|player|p1|ktr.na|acetrainerf|1483
|player|p2|Bag of Rabbits|karen|1454
|gen|9
|tier|[Gen 9] OU
|rated|
|rule|HP Percentage Mod: HP is shown in percentages
|rule|Endless Battle Clause: Forcing endless battles is banned
|rule|Species Clause: Limit one of each Pokémon
|rule|OHKO Clause: OHKO moves are banned
|rule|Evasion Items Clause: Evasion items are banned
|rule|Evasion Moves Clause: Evasion moves are banned
|rule|Evasion Abilities Clause: Evasion abilities are banned
|rule|Sleep Moves Clause: Sleep-inducing moves are banned
|clearpoke
|poke|p1|Iron Valiant|
|poke|p1|Klefki, M|
|poke|p1|Alomomola, F|
|poke|p1|Great Tusk|
|poke|p1|Latios, M|
|poke|p1|Gliscor, M|
|poke|p2|Meowscarada, F|
|poke|p2|Hoopa-Unbound|
|poke|p2|Iron Valiant|
|poke|p2|Slowking-Galar, F|
|poke|p2|Avalugg, M|
|poke|p2|Garchomp, M|
|teampreview
|
|t:|1760306576
|teamsize|p1|6
|teamsize|p2|6
|start
|switch|p1a: Latios|Latios, M|100/100
|switch|p2a: Garchomp|Garchomp, M|100/100
|turn|1
|inactive|Battle timer is ON: inactive players will automatically lose when time's up. (requested by ktr.na)
|
|t:|1760306589
|move|p1a: Latios|Draco Meteor|p2a: Garchomp
|-supereffective|p2a: Garchomp
|-damage|p2a: Garchomp|0 fnt
|-unboost|p1a: Latios|spa|2
|faint|p2a: Garchomp
|
|upkeep
|
|t:|1760306594
|switch|p2a: Iron Valiant|Iron Valiant|100/100
|-enditem|p2a: Iron Valiant|Booster Energy
|-activate|p2a: Iron Valiant|ability: Quark Drive|[fromitem]
|-start|p2a: Iron Valiant|quarkdrivespe
|turn|2
|
|t:|1760306600
|switch|p1a: Klefki|Klefki, M|100/100
|move|p2a: Iron Valiant|Moonblast|p1a: Klefki
|-resisted|p1a: Klefki
|-damage|p1a: Klefki|71/100
|
|upkeep
|turn|3
|
|t:|1760306607
|-end|p2a: Iron Valiant|Quark Drive|[silent]
|switch|p2a: Hoopa|Hoopa-Unbound|100/100
|move|p1a: Klefki|Spikes|p2a: Hoopa
|-sidestart|p2: Bag of Rabbits|Spikes
|
|upkeep
|turn|4
|
|t:|1760306616
|move|p2a: Hoopa|Zen Headbutt|p1a: Klefki
|-resisted|p1a: Klefki
|-damage|p1a: Klefki|38/100
|-damage|p2a: Hoopa|84/100|[from] item: Rocky Helmet|[of] p1a: Klefki
|move|p1a: Klefki|Foul Play|p2a: Hoopa
|-damage|p2a: Hoopa|23/100
|
|upkeep
|turn|5
|
|t:|1760306626
|move|p1a: Klefki|Spikes|p2a: Hoopa
|-sidestart|p2: Bag of Rabbits|Spikes
|move|p2a: Hoopa|Zen Headbutt|p1a: Klefki
|-resisted|p1a: Klefki
|-damage|p1a: Klefki|7/100
|-damage|p2a: Hoopa|7/100|[from] item: Rocky Helmet|[of] p1a: Klefki
|
|upkeep
|turn|6
|
|t:|1760306633
|move|p1a: Klefki|Spikes|p2a: Hoopa
|-sidestart|p2: Bag of Rabbits|Spikes
|move|p2a: Hoopa|Zen Headbutt|p1a: Klefki
|-resisted|p1a: Klefki
|-damage|p1a: Klefki|0 fnt
|-damage|p2a: Hoopa|0 fnt|[from] item: Rocky Helmet|[of] p1a: Klefki
|faint|p1a: Klefki
|faint|p2a: Hoopa
|
|upkeep
|
|t:|1760306644
|switch|p2a: Avalugg|Avalugg, M|100/100
|switch|p1a: Iron Valiant|Iron Valiant|100/100
|turn|7
|
|t:|1760306649
|move|p1a: Iron Valiant|Moonblast|p2a: Avalugg
|-ability|p2a: Avalugg|Sturdy
|-damage|p2a: Avalugg|1/100
|move|p2a: Avalugg|Rapid Spin|p1a: Iron Valiant
|-damage|p1a: Iron Valiant|85/100
|-boost|p2a: Avalugg|spe|1
|-sideend|p2: Bag of Rabbits|Spikes|[from] move: Rapid Spin|[of] p2a: Avalugg
|
|upkeep
|turn|8
|
|t:|1760306658
|move|p1a: Iron Valiant|Moonblast|p2a: Avalugg
|-damage|p2a: Avalugg|0 fnt
|faint|p2a: Avalugg
|
|upkeep
|
|t:|1760306663
|switch|p2a: Meowscarada|Meowscarada, F|100/100
|turn|9
|
|t:|1760306669
|move|p2a: Meowscarada|Flower Trick|p1a: Iron Valiant
|-start|p2a: Meowscarada|typechange|Grass|[from] ability: Protean
|-crit|p1a: Iron Valiant
|-damage|p1a: Iron Valiant|0 fnt
|faint|p1a: Iron Valiant
|-end|p1a: Iron Valiant|Quark Drive|[silent]
|
|upkeep
|
|t:|1760306676
|switch|p1a: Latios|Latios, M|100/100
|turn|10
|
|t:|1760306681
|switch|p2a: Slowking|Slowking-Galar, F|100/100
|move|p1a: Latios|Psychic Noise|p2a: Slowking
|-damage|p2a: Slowking|72/100
|-start|p2a: Slowking|move: Heal Block
|
|upkeep
|turn|11
|
|t:|1760306690
|switch|p1a: Gliscor|Gliscor, M|100/100
|-prepare|p2a: Slowking|Chilly Reception|[premajor]
|move|p2a: Slowking|Chilly Reception|p2a: Slowking
|-weather|Snowscape
|
|t:|1760306697
|switch|p2a: Iron Valiant|Iron Valiant|100/100|[from] Chilly Reception
|
|-weather|Snowscape|[upkeep]
|-status|p1a: Gliscor|tox|[from] item: Toxic Orb
|upkeep
|turn|12
|
|t:|1760306704
|move|p2a: Iron Valiant|Calm Mind|p2a: Iron Valiant
|-boost|p2a: Iron Valiant|spa|1
|-boost|p2a: Iron Valiant|spd|1
|move|p1a: Gliscor|Toxic|p2a: Iron Valiant
|-status|p2a: Iron Valiant|tox
|
|-weather|Snowscape|[upkeep]
|-damage|p2a: Iron Valiant|94/100 tox|[from] psn
|upkeep
|turn|13
|
|t:|1760306714
|move|p2a: Iron Valiant|Moonblast|p1a: Gliscor
|-damage|p1a: Gliscor|43/100 tox
|move|p1a: Gliscor|U-turn|p2a: Iron Valiant
|-resisted|p2a: Iron Valiant
|-damage|p2a: Iron Valiant|89/100 tox
|
|t:|1760306721
|switch|p1a: Alomomola|Alomomola, F|100/100|[from] U-turn
|
|-weather|Snowscape|[upkeep]
|-damage|p2a: Iron Valiant|77/100 tox|[from] psn
|upkeep
|turn|14
|
|t:|1760306729
|move|p1a: Alomomola|Protect|p1a: Alomomola
|-singleturn|p1a: Alomomola|Protect
|move|p2a: Iron Valiant|Calm Mind|p2a: Iron Valiant
|-boost|p2a: Iron Valiant|spa|1
|-boost|p2a: Iron Valiant|spd|1
|
|-weather|Snowscape|[upkeep]
|-damage|p2a: Iron Valiant|58/100 tox|[from] psn
|upkeep
|turn|15
|
|t:|1760306738
|switch|p1a: Great Tusk|Great Tusk|100/100
|move|p2a: Iron Valiant|Moonblast|p1a: Great Tusk
|-supereffective|p1a: Great Tusk
|-damage|p1a: Great Tusk|0 fnt
|faint|p1a: Great Tusk
|-end|p1a: Great Tusk|Protosynthesis|[silent]
|
|-weather|none
|-damage|p2a: Iron Valiant|33/100 tox|[from] psn
|upkeep
|
|t:|1760306748
|switch|p1a: Gliscor|Gliscor, M|43/100 tox
|turn|16
|
|t:|1760306752
|move|p1a: Gliscor|Protect|p1a: Gliscor
|-singleturn|p1a: Gliscor|Protect
|move|p2a: Iron Valiant|Moonblast|p1a: Gliscor
|-activate|p1a: Gliscor|move: Protect
|
|-damage|p2a: Iron Valiant|2/100 tox|[from] psn
|-heal|p1a: Gliscor|56/100 tox|[from] ability: Poison Heal
|upkeep
|turn|17
|
|t:|1760306762
|move|p1a: Gliscor|Protect||[still]
|-fail|p1a: Gliscor
|move|p2a: Iron Valiant|Moonblast|p1a: Gliscor
|-damage|p1a: Gliscor|0 fnt
|faint|p1a: Gliscor
|
|-damage|p2a: Iron Valiant|0 fnt|[from] psn
|faint|p2a: Iron Valiant
|-end|p2a: Iron Valiant|Quark Drive|[silent]
|upkeep
|
|t:|1760306772
|switch|p2a: Meowscarada|Meowscarada, F|100/100
|switch|p1a: Alomomola|Alomomola, F|100/100
|turn|18
|
|t:|1760306778
|-terastallize|p1a: Alomomola|Fairy
|move|p2a: Meowscarada|Flower Trick|p1a: Alomomola
|-start|p2a: Meowscarada|typechange|Grass|[from] ability: Protean
|-crit|p1a: Alomomola
|-damage|p1a: Alomomola|59/100
|move|p1a: Alomomola|Body Slam|p2a: Meowscarada
|-damage|p2a: Meowscarada|76/100
|
|upkeep
|turn|19
|
|t:|1760306789
|switch|p2a: Slowking|Slowking-Galar, F|100/100
|move|p1a: Alomomola|Flip Turn|p2a: Slowking
|-damage|p2a: Slowking|84/100
|
|t:|1760306794
|switch|p1a: Latios|Latios, M|100/100|[from] Flip Turn
|
|upkeep
|turn|20
|
|t:|1760306800
|switch|p1a: Alomomola|Alomomola, F, tera:Fairy|92/100
|-prepare|p2a: Slowking|Chilly Reception|[premajor]
|move|p2a: Slowking|Chilly Reception|p2a: Slowking
|-weather|Snowscape
|
|t:|1760306804
|switch|p2a: Meowscarada|Meowscarada, F|76/100|[from] Chilly Reception
|
|-weather|Snowscape|[upkeep]
|upkeep
|turn|21
|
|t:|1760306811
|switch|p2a: Slowking|Slowking-Galar, F|100/100
|move|p1a: Alomomola|Protect||[still]
|-fail|p1a: Alomomola
|
|-weather|Snowscape|[upkeep]
|upkeep
|turn|22
|
|t:|1760306818
|switch|p1a: Latios|Latios, M|100/100
|move|p2a: Slowking|Sludge Wave|p1a: Latios
|-crit|p1a: Latios
|-damage|p1a: Latios|44/100
|
|-weather|Snowscape|[upkeep]
|upkeep
|turn|23
|
|t:|1760306828
|move|p1a: Latios|Calm Mind|p1a: Latios
|-boost|p1a: Latios|spa|1
|-boost|p1a: Latios|spd|1
|-prepare|p2a: Slowking|Chilly Reception|[premajor]
|move|p2a: Slowking|Chilly Reception|p2a: Slowking
|
|t:|1760306830
|switch|p2a: Meowscarada|Meowscarada, F|76/100|[from] Chilly Reception
|
|-weather|Snowscape|[upkeep]
|upkeep
|turn|24
|
|t:|1760306840
|move|p2a: Meowscarada|U-turn|p1a: Latios
|-start|p2a: Meowscarada|typechange|Bug|[from] ability: Protean
|-supereffective|p1a: Latios
|-damage|p1a: Latios|0 fnt
|faint|p1a: Latios
|
|t:|1760306845
|switch|p2a: Slowking|Slowking-Galar, F|100/100|[from] U-turn
|
|-weather|none
|upkeep
|-message|ktr.na forfeited.
|
|win|Bag of Rabbits
|raw|ktr.na's rating: 1483 &rarr; <strong>1461</strong><br />(-22 for losing)
|raw|Bag of Rabbits's rating: 1454 &rarr; <strong>1476</strong><br />(+22 for winning)
|l|☆ktr.na
|player|p1|
|l|☆Bag of Rabbits
|player|p2|
