|j|☆dominothief
|j|☆Sidstar101
|t:|1760388941
|gametype|singles
|player|p1|dominothief|caitlin|1122
|player|p2|Sidstar101|backersf|1076
|gen|9
|tier|[Gen 9] OU
|rated|
|rule|HP Percentage Mod: HP is shown in percentages
|rule|Endless Battle Clause: Forcing endless battles is banned
|rule|Species Clause: Limit one of each Pokémon
|rule|OHKO Clause: OHKO moves are banned
|rule|Evasion Items Clause: Evasion items are banned
|rule|Evasion Moves Clause: Evasion moves are banned
|rule|Evasion Abilities Clause: Evasion abilities are banned
|rule|Sleep Moves Clause: Sleep-inducing moves are banned
|clearpoke
|poke|p1|Alomomola, M|
|poke|p1|Pecharunt|
|poke|p1|Gliscor, F|
|poke|p1|Skarmory, F|
|poke|p1|Clefable, F|
|poke|p1|Zamazenta-*|
|poke|p2|Espeon, F|
|poke|p2|Vaporeon, M|
|poke|p2|Eevee, M|
|poke|p2|Leafeon, F|
|poke|p2|Flareon, F|
|poke|p2|Sylveon, M|
|teampreview
|inactive|Battle timer is ON: inactive players will automatically lose when time's up. (requested by Sidstar101)
|c|☆dominothief|oh I *LOVE* your team
|
|t:|1760388975
|teamsize|p1|6
|teamsize|p2|6
|start
|switch|p1a: Skarmory|Skarmory, F|100/100
|switch|p2a: Leafeon|Leafeon, F, shiny|100/100
|turn|1
|
|t:|1760388984
|move|p2a: Leafeon|Sunny Day|p2a: Leafeon
|-weather|SunnyDay
|move|p1a: Skarmory|Spikes|p2a: Leafeon
|-sidestart|p2: Sidstar101|Spikes
|
|-weather|SunnyDay|[upkeep]
|upkeep
|turn|2
|
|t:|1760388992
|move|p2a: Leafeon|Solar Blade||[still]
|-prepare|p2a: Leafeon|Solar Blade
|-anim|p2a: Leafeon|Solar Blade|p1a: Skarmory
|-resisted|p1a: Skarmory
|-damage|p1a: Skarmory|92/100
|move|p1a: Skarmory|Spikes|p2a: Leafeon
|-sidestart|p2: Sidstar101|Spikes
|
|-weather|SunnyDay|[upkeep]
|upkeep
|turn|3
|
|t:|1760389000
|switch|p2a: Flareon|Flareon, F|100/100
|-item|p2a: Flareon|Air Balloon
|move|p1a: Skarmory|Spikes|p2a: Flareon
|-sidestart|p2: Sidstar101|Spikes
|
|-weather|SunnyDay|[upkeep]
|upkeep
|turn|4
|
|t:|1760389010
|switch|p1a: Alomomola|Alomomola, M|100/100
|move|p2a: Flareon|Flamethrower|p1a: Alomomola
|-resisted|p1a: Alomomola
|-damage|p1a: Alomomola|71/100
|
|-weather|SunnyDay|[upkeep]
|upkeep
|turn|5
|
|t:|1760389022
|move|p2a: Flareon|Lava Plume|p1a: Alomomola
|-resisted|p1a: Alomomola
|-damage|p1a: Alomomola|44/100
|move|p1a: Alomomola|Flip Turn|p2a: Flareon
|-supereffective|p2a: Flareon
|-damage|p2a: Flareon|79/100
|-enditem|p2a: Flareon|Air Balloon
|
|t:|1760389030
|switch|p1a: Gliscor|Gliscor, F|100/100|[from] Flip Turn
|
|-weather|none
|-status|p1a: Gliscor|tox|[from] item: Toxic Orb
|upkeep
|turn|6
|
|t:|1760389042
|move|p1a: Gliscor|Swords Dance|p1a: Gliscor
|-boost|p1a: Gliscor|atk|2
|move|p2a: Flareon|Flamethrower|p1a: Gliscor
|-damage|p1a: Gliscor|59/100 tox
|
|-heal|p1a: Gliscor|71/100 tox|[from] ability: Poison Heal
|upkeep
|turn|7
|
|t:|1760389055
|move|p1a: Gliscor|Earthquake|p2a: Flareon
|-supereffective|p2a: Flareon
|-damage|p2a: Flareon|0 fnt
|faint|p2a: Flareon
|
|-heal|p1a: Gliscor|84/100 tox|[from] ability: Poison Heal
|upkeep
|
|t:|1760389067
|switch|p2a: Vaporeon|Vaporeon, M, shiny|100/100
|-damage|p2a: Vaporeon|76/100|[from] Spikes
|turn|8
|
|t:|1760389077
|move|p1a: Gliscor|Earthquake|p2a: Vaporeon
|-damage|p2a: Vaporeon|5/100
|move|p2a: Vaporeon|Scald|p1a: Gliscor
|-supereffective|p1a: Gliscor
|-damage|p1a: Gliscor|7/100 tox
|
|-heal|p2a: Vaporeon|11/100|[from] item: Leftovers
|-heal|p1a: Gliscor|19/100 tox|[from] ability: Poison Heal
|upkeep
|turn|9
|
|t:|1760389091
|move|p2a: Vaporeon|Protect|p2a: Vaporeon
|-singleturn|p2a: Vaporeon|Protect
|move|p1a: Gliscor|Earthquake|p2a: Vaporeon
|-activate|p2a: Vaporeon|move: Protect
|
|-heal|p2a: Vaporeon|17/100|[from] item: Leftovers
|-heal|p1a: Gliscor|32/100 tox|[from] ability: Poison Heal
|upkeep
|turn|10
|
|t:|1760389104
|move|p1a: Gliscor|Knock Off|p2a: Vaporeon
|-damage|p2a: Vaporeon|0 fnt
|-enditem|p2a: Vaporeon|Leftovers|[from] move: Knock Off|[of] p1a: Gliscor
|faint|p2a: Vaporeon
|
|-heal|p1a: Gliscor|44/100 tox|[from] ability: Poison Heal
|upkeep
|
|t:|1760389113
|switch|p2a: Eevee|Eevee, M|100/100
|-damage|p2a: Eevee|76/100|[from] Spikes
|turn|11
|
|t:|1760389120
|move|p1a: Gliscor|Earthquake|p2a: Eevee
|-damage|p2a: Eevee|0 fnt
|faint|p2a: Eevee
|
|-heal|p1a: Gliscor|56/100 tox|[from] ability: Poison Heal
|upkeep
|
|t:|1760389130
|switch|p2a: Leafeon|Leafeon, F, shiny|100/100
|-damage|p2a: Leafeon|76/100|[from] Spikes
|turn|12
|
|t:|1760389142
|move|p1a: Gliscor|Protect|p1a: Gliscor
|-singleturn|p1a: Gliscor|Protect
|move|p2a: Leafeon|Sunny Day|p2a: Leafeon
|-weather|SunnyDay
|
|-weather|SunnyDay|[upkeep]
|-heal|p1a: Gliscor|69/100 tox|[from] ability: Poison Heal
|upkeep
|turn|13
|
|t:|1760389159
|switch|p1a: Pecharunt|Pecharunt|100/100
|move|p2a: Leafeon|Solar Blade||[still]
|-prepare|p2a: Leafeon|Solar Blade
|-anim|p2a: Leafeon|Solar Blade|p1a: Pecharunt
|-resisted|p1a: Pecharunt
|-damage|p1a: Pecharunt|89/100
|
|-weather|SunnyDay|[upkeep]
|upkeep
|turn|14
|
|t:|1760389176
|switch|p2a: Sylveon|Sylveon, M, shiny|100/100
|move|p1a: Pecharunt|Malignant Chain|p2a: Sylveon
|-supereffective|p2a: Sylveon
|-damage|p2a: Sylveon|54/100
|-status|p2a: Sylveon|tox
|-start|p2a: Sylveon|confusion|[from] ability: Poison Puppeteer|[of] p1a: Pecharunt
|
|-weather|SunnyDay|[upkeep]
|-damage|p2a: Sylveon|48/100 tox|[from] psn
|upkeep
|turn|15
|
|t:|1760389196
|move|p1a: Pecharunt|Hex|p2a: Sylveon
|-crit|p2a: Sylveon
|-damage|p2a: Sylveon|1/100 tox
|-activate|p2a: Sylveon|confusion
|move|p2a: Sylveon|Draining Kiss|p1a: Pecharunt
|-resisted|p1a: Pecharunt
|-damage|p1a: Pecharunt|78/100
|-heal|p2a: Sylveon|10/100 tox|[from] drain|[of] p1a: Pecharunt
|
|-weather|SunnyDay|[upkeep]
|-damage|p2a: Sylveon|0 fnt|[from] psn
|faint|p2a: Sylveon
|upkeep
|
|t:|1760389209
|switch|p2a: Leafeon|Leafeon, F, shiny|76/100
|-damage|p2a: Leafeon|51/100|[from] Spikes
|turn|16
|
|t:|1760389216
|move|p2a: Leafeon|Solar Blade||[still]
|-prepare|p2a: Leafeon|Solar Blade
|-anim|p2a: Leafeon|Solar Blade|p1a: Pecharunt
|-resisted|p1a: Pecharunt
|-damage|p1a: Pecharunt|67/100
|move|p1a: Pecharunt|Malignant Chain|p2a: Leafeon
|-supereffective|p2a: Leafeon
|-damage|p2a: Leafeon|0 fnt
|faint|p2a: Leafeon
|
|-weather|none
|upkeep
|
|t:|1760389226
|switch|p2a: Espeon|Espeon, F|100/100
|-damage|p2a: Espeon|76/100|[from] Spikes
|turn|17
|
|t:|1760389239
|move|p2a: Espeon|Trick|p1a: Pecharunt
|-activate|p2a: Espeon|move: Trick|[of] p1a: Pecharunt
|-item|p1a: Pecharunt|Toxic Orb|[from] move: Trick
|-item|p2a: Espeon|Heavy-Duty Boots|[from] move: Trick
|move|p1a: Pecharunt|Hex|p2a: Espeon
|-supereffective|p2a: Espeon
|-damage|p2a: Espeon|25/100
|
|upkeep
|turn|18
|
|t:|1760389255
|move|p2a: Espeon|Light Screen|p2a: Espeon
|-sidestart|p2: Sidstar101|move: Light Screen
|move|p1a: Pecharunt|Malignant Chain|p2a: Espeon
|-damage|p2a: Espeon|6/100
|
|upkeep
|turn|19
|
|t:|1760389270
|move|p2a: Espeon|Psychic Fangs|p1a: Pecharunt
|-supereffective|p1a: Pecharunt
|-damage|p1a: Pecharunt|43/100
|move|p1a: Pecharunt|Hex|p2a: Espeon
|-supereffective|p2a: Espeon
|-damage|p2a: Espeon|0 fnt
|faint|p2a: Espeon
|
|win|dominothief
|raw|dominothief's rating: 1122 &rarr; <strong>1144</strong><br />(+22 for winning)
|raw|Sidstar101's rating: 1076 &rarr; <strong>1057</strong><br />(-19 for losing)
|l|☆Sidstar101
|player|p2|
|l|☆dominothief
|player|p1|
