|badge|p2|bronze|gen9ou|100-7
|uhtml|medal-msg|<div class="broadcast-blue">Curious what those medals under the avatar are? PS now has Ladder Seasons! For more information, check out the <a href="https://www.smogon.com/forums/threads/3740067/">thread on Smogon.</a></div>
|j|☆Rocksane
|j|☆Trainer #39
|t:|1760358139
|gametype|singles
|player|p1|Rocksane|sabrina|1752
|player|p2|Trainer #39|bugsy|1901
|gen|9
|tier|[Gen 9] OU
|rated|
|rule|HP Percentage Mod: HP is shown in percentages
|rule|Endless Battle Clause: Forcing endless battles is banned
|rule|Species Clause: Limit one of each Pokémon
|rule|OHKO Clause: OHKO moves are banned
|rule|Evasion Items Clause: Evasion items are banned
|rule|Evasion Moves Clause: Evasion moves are banned
|rule|Evasion Abilities Clause: Evasion abilities are banned
|rule|Sleep Moves Clause: Sleep-inducing moves are banned
|clearpoke
|poke|p1|Armarouge, F|
|poke|p1|Cinderace, M|
|poke|p1|Deoxys-Speed|
|poke|p1|Hatterene, F|
|poke|p1|Indeedee, M|
|poke|p1|Polteageist|
|poke|p2|Blissey, F|
|poke|p2|Corviknight, M|
|poke|p2|Dondozo, M|
|poke|p2|Gliscor, M|
|poke|p2|Clefable, M|
|poke|p2|Slowking-Galar, M|
|teampreview
|
|t:|1760358152
|teamsize|p1|6
|teamsize|p2|6
|start
|switch|p1a: Indeedee|Indeedee, M|100/100
|switch|p2a: 🇮🇱=stop genocide|Gliscor, M|100/100
|-fieldstart|move: Psychic Terrain|[from] ability: Psychic Surge|[of] p1a: Indeedee
|turn|1
|
|t:|1760358160
|move|p2a: 🇮🇱=stop genocide|Protect|p2a: 🇮🇱=stop genocide
|-singleturn|p2a: 🇮🇱=stop genocide|Protect
|move|p1a: Indeedee|Expanding Force|p2a: 🇮🇱=stop genocide
|-activate|p2a: 🇮🇱=stop genocide|move: Protect
|
|-status|p2a: 🇮🇱=stop genocide|tox|[from] item: Toxic Orb
|upkeep
|turn|2
|j| Dor.Zf
|
|t:|1760358169
|switch|p2a: LeJ/ovni/la lettre|Slowking-Galar, M|100/100
|move|p1a: Indeedee|Encore||[still]
|-fail|p1a: Indeedee
|
|upkeep
|turn|3
|inactive|Battle timer is ON: inactive players will automatically lose when time's up. (requested by Trainer #39)
|
|t:|1760358182
|switch|p1a: Hatterene|Hatterene, F|100/100
|move|p2a: LeJ/ovni/la lettre|Sludge Bomb|p1a: Hatterene
|-supereffective|p1a: Hatterene
|-damage|p1a: Hatterene|27/100
|
|upkeep
|turn|4
|
|t:|1760358192
|move|p2a: LeJ/ovni/la lettre|Sludge Bomb|p1a: Hatterene
|-supereffective|p1a: Hatterene
|-damage|p1a: Hatterene|0 fnt
|faint|p1a: Hatterene
|
|upkeep
|
|t:|1760358198
|switch|p1a: Cinderace|Cinderace, M|100/100
|turn|5
|
|t:|1760358202
|switch|p2a: 🇮🇱=stop genocide|Gliscor, M|100/100 tox
|move|p1a: Cinderace|Pyro Ball|p2a: 🇮🇱=stop genocide
|-damage|p2a: 🇮🇱=stop genocide|65/100 tox
|
|-heal|p2a: 🇮🇱=stop genocide|78/100 tox|[from] ability: Poison Heal
|upkeep
|turn|6
|
|t:|1760358211
|switch|p1a: Deoxys|Deoxys-Speed|100/100
|-ability|p1a: Deoxys|Pressure
|move|p2a: 🇮🇱=stop genocide|Toxic|p1a: Deoxys
|-status|p1a: Deoxys|tox
|
|-damage|p1a: Deoxys|94/100 tox|[from] psn
|-heal|p2a: 🇮🇱=stop genocide|90/100 tox|[from] ability: Poison Heal
|upkeep
|turn|7
|
|t:|1760358222
|move|p2a: 🇮🇱=stop genocide|Protect|p2a: 🇮🇱=stop genocide
|-singleturn|p2a: 🇮🇱=stop genocide|Protect
|move|p1a: Deoxys|Nasty Plot|p1a: Deoxys
|-boost|p1a: Deoxys|spa|2
|
|-damage|p1a: Deoxys|82/100 tox|[from] psn
|-heal|p2a: 🇮🇱=stop genocide|100/100 tox|[from] ability: Poison Heal
|upkeep
|turn|8
|
|t:|1760358232
|switch|p2a: 808 and curses|Dondozo, M|100/100
|move|p1a: Deoxys|Expanding Force|p2a: 808 and curses
|-damage|p2a: 808 and curses|16/100
|-damage|p1a: Deoxys|72/100 tox|[from] item: Life Orb
|
|-heal|p2a: 808 and curses|22/100|[from] item: Leftovers
|-damage|p1a: Deoxys|53/100 tox|[from] psn
|-fieldend|move: Psychic Terrain
|upkeep
|turn|9
|
|t:|1760358244
|move|p1a: Deoxys|Expanding Force|p2a: 808 and curses
|-crit|p2a: 808 and curses
|-damage|p2a: 808 and curses|0 fnt
|faint|p2a: 808 and curses
|-damage|p1a: Deoxys|43/100 tox|[from] item: Life Orb
|
|-damage|p1a: Deoxys|18/100 tox|[from] psn
|upkeep
|
|t:|1760358250
|switch|p2a: Charli xcx|Clefable, M|100/100
|turn|10
|
|t:|1760358257
|switch|p1a: Indeedee|Indeedee, M|100/100
|-fieldstart|move: Psychic Terrain|[from] ability: Psychic Surge|[of] p1a: Indeedee
|move|p2a: Charli xcx|Protect||[still]
|-fail|p2a: Charli xcx
|
|upkeep
|turn|11
|
|t:|1760358267
|move|p2a: Charli xcx|Protect|p2a: Charli xcx
|-singleturn|p2a: Charli xcx|Protect
|move|p1a: Indeedee|Healing Wish|p1a: Indeedee
|faint|p1a: Indeedee
|
|upkeep
|
|t:|1760358274
|switch|p1a: Deoxys|Deoxys-Speed|18/100 tox
|-heal|p1a: Deoxys|100/100|[from] move: Healing Wish
|-ability|p1a: Deoxys|Pressure
|turn|12
|
|t:|1760358281
|move|p1a: Deoxys|Expanding Force|p2a: Charli xcx
|-damage|p2a: Charli xcx|42/100
|-damage|p1a: Deoxys|91/100|[from] item: Life Orb
|move|p2a: Charli xcx|Knock Off|p1a: Deoxys
|-supereffective|p1a: Deoxys
|-damage|p1a: Deoxys|36/100
|-enditem|p1a: Deoxys|Life Orb|[from] move: Knock Off|[of] p2a: Charli xcx
|
|upkeep
|turn|13
|
|t:|1760358292
|switch|p2a: brat|Blissey, F|100/100
|move|p1a: Deoxys|Nasty Plot|p1a: Deoxys
|-boost|p1a: Deoxys|spa|2
|
|upkeep
|turn|14
|
|t:|1760358299
|-terastallize|p1a: Deoxys|Fighting
|move|p1a: Deoxys|Superpower|p2a: brat
|-supereffective|p2a: brat
|-damage|p2a: brat|2/100
|-unboost|p1a: Deoxys|atk|1
|-unboost|p1a: Deoxys|def|1
|move|p2a: brat|Shadow Ball|p1a: Deoxys
|-damage|p1a: Deoxys|12/100
|
|upkeep
|turn|15
|
|t:|1760358313
|switch|p2a: Charlie Kirk: idc|Corviknight, M|100/100
|-ability|p2a: Charlie Kirk: idc|Pressure
|move|p1a: Deoxys|Expanding Force|p2a: Charlie Kirk: idc
|-resisted|p2a: Charlie Kirk: idc
|-damage|p2a: Charlie Kirk: idc|33/100
|
|upkeep
|turn|16
|
|t:|1760358321
|move|p1a: Deoxys|Expanding Force|p2a: Charlie Kirk: idc
|-resisted|p2a: Charlie Kirk: idc
|-damage|p2a: Charlie Kirk: idc|0 fnt
|faint|p2a: Charlie Kirk: idc
|
|upkeep
|
|t:|1760358323
|switch|p2a: Charli xcx|Clefable, M|42/100
|turn|17
|
|t:|1760358329
|move|p2a: Charli xcx|Protect|p2a: Charli xcx
|-singleturn|p2a: Charli xcx|Protect
|move|p1a: Deoxys|Expanding Force|p2a: Charli xcx
|-activate|p2a: Charli xcx|move: Protect
|
|-fieldend|move: Psychic Terrain
|upkeep
|turn|18
|
|t:|1760358337
|move|p1a: Deoxys|Expanding Force|p2a: Charli xcx
|-damage|p2a: Charli xcx|19/100
|move|p2a: Charli xcx|Wish|p2a: Charli xcx
|
|upkeep
|turn|19
|
|t:|1760358344
|move|p2a: Charli xcx|Protect|p2a: Charli xcx
|-singleturn|p2a: Charli xcx|Protect
|move|p1a: Deoxys|Expanding Force|p2a: Charli xcx
|-activate|p2a: Charli xcx|move: Protect
|
|-heal|p2a: Charli xcx|69/100|[from] move: Wish|[wisher] Charli xcx
|upkeep
|turn|20
|
|t:|1760358353
|move|p1a: Deoxys|Shadow Ball|p2a: Charli xcx
|-damage|p2a: Charli xcx|55/100
|-unboost|p2a: Charli xcx|spd|1
|move|p2a: Charli xcx|Wish|p2a: Charli xcx
|
|upkeep
|turn|21
|
|t:|1760358360
|move|p1a: Deoxys|Expanding Force|p2a: Charli xcx
|-damage|p2a: Charli xcx|23/100
|move|p2a: Charli xcx|Moonblast|p1a: Deoxys
|-supereffective|p1a: Deoxys
|-damage|p1a: Deoxys|0 fnt
|faint|p1a: Deoxys
|
|-heal|p2a: Charli xcx|73/100|[from] move: Wish|[wisher] Charli xcx
|upkeep
|
|t:|1760358373
|switch|p1a: Armarouge|Armarouge, F|100/100
|turn|22
|
|t:|1760358382
|switch|p2a: brat|Blissey, F|2/100
|move|p1a: Armarouge|Armor Cannon|p2a: brat
|-damage|p2a: brat|0 fnt
|-unboost|p1a: Armarouge|def|1
|-unboost|p1a: Armarouge|spd|1
|faint|p2a: brat
|
|upkeep
|
|t:|1760358385
|switch|p2a: Charli xcx|Clefable, M|73/100
|turn|23
|
|t:|1760358394
|move|p1a: Armarouge|Armor Cannon|p2a: Charli xcx
|-damage|p2a: Charli xcx|24/100
|-unboost|p1a: Armarouge|def|1
|-unboost|p1a: Armarouge|spd|1
|move|p2a: Charli xcx|Wish|p2a: Charli xcx
|
|upkeep
|turn|24
|
|t:|1760358401
|move|p2a: Charli xcx|Protect|p2a: Charli xcx
|-singleturn|p2a: Charli xcx|Protect
|move|p1a: Armarouge|Armor Cannon|p2a: Charli xcx
|-activate|p2a: Charli xcx|move: Protect
|
|-heal|p2a: Charli xcx|74/100|[from] move: Wish|[wisher] Charli xcx
|upkeep
|turn|25
|
|t:|1760358410
|move|p1a: Armarouge|Armor Cannon|p2a: Charli xcx
|-damage|p2a: Charli xcx|31/100
|-unboost|p1a: Armarouge|def|1
|-unboost|p1a: Armarouge|spd|1
|move|p2a: Charli xcx|Wish|p2a: Charli xcx
|
|upkeep
|turn|26
|
|t:|1760358418
|move|p2a: Charli xcx|Protect|p2a: Charli xcx
|-singleturn|p2a: Charli xcx|Protect
|move|p1a: Armarouge|Expanding Force|p2a: Charli xcx
|-activate|p2a: Charli xcx|move: Protect
|
|-heal|p2a: Charli xcx|81/100|[from] move: Wish|[wisher] Charli xcx
|upkeep
|turn|27
|
|t:|1760358426
|move|p1a: Armarouge|Armor Cannon|p2a: Charli xcx
|-damage|p2a: Charli xcx|35/100
|-unboost|p1a: Armarouge|def|1
|-unboost|p1a: Armarouge|spd|1
|move|p2a: Charli xcx|Wish|p2a: Charli xcx
|
|upkeep
|turn|28
|
|t:|1760358434
|move|p2a: Charli xcx|Protect|p2a: Charli xcx
|-singleturn|p2a: Charli xcx|Protect
|move|p1a: Armarouge|Expanding Force|p2a: Charli xcx
|-activate|p2a: Charli xcx|move: Protect
|
|-heal|p2a: Charli xcx|85/100|[from] move: Wish|[wisher] Charli xcx
|upkeep
|turn|29
|j| hsbsjshjeejjeje
|
|t:|1760358442
|move|p1a: Armarouge|Armor Cannon|p2a: Charli xcx
|-damage|p2a: Charli xcx|38/100
|-unboost|p1a: Armarouge|def|1
|-unboost|p1a: Armarouge|spd|1
|move|p2a: Charli xcx|Wish|p2a: Charli xcx
|
|upkeep
|turn|30
|
|t:|1760358449
|move|p2a: Charli xcx|Protect|p2a: Charli xcx
|-singleturn|p2a: Charli xcx|Protect
|move|p1a: Armarouge|Expanding Force|p2a: Charli xcx
|-activate|p2a: Charli xcx|move: Protect
|
|-heal|p2a: Charli xcx|88/100|[from] move: Wish|[wisher] Charli xcx
|upkeep
|turn|31
|
|t:|1760358459
|move|p1a: Armarouge|Armor Cannon|p2a: Charli xcx
|-damage|p2a: Charli xcx|40/100
|-unboost|p1a: Armarouge|def|1
|-unboost|p1a: Armarouge|spd|1
|move|p2a: Charli xcx|Wish|p2a: Charli xcx
|
|upkeep
|turn|32
|
|t:|1760358466
|move|p2a: Charli xcx|Protect|p2a: Charli xcx
|-singleturn|p2a: Charli xcx|Protect
|move|p1a: Armarouge|Expanding Force|p2a: Charli xcx
|-activate|p2a: Charli xcx|move: Protect
|
|-heal|p2a: Charli xcx|90/100|[from] move: Wish|[wisher] Charli xcx
|upkeep
|turn|33
|
|t:|1760358475
|move|p1a: Armarouge|Armor Cannon|p2a: Charli xcx
|-damage|p2a: Charli xcx|42/100
|move|p2a: Charli xcx|Wish|p2a: Charli xcx
|
|upkeep
|turn|34
|
|t:|1760358481
|move|p1a: Armarouge|Expanding Force|p2a: Charli xcx
|-damage|p2a: Charli xcx|14/100
|move|p2a: Charli xcx|Knock Off|p1a: Armarouge
|-supereffective|p1a: Armarouge
|-damage|p1a: Armarouge|60/100
|-ability|p1a: Armarouge|Weak Armor|boost
|-boost|p1a: Armarouge|spe|2
|-enditem|p1a: Armarouge|Focus Sash|[from] move: Knock Off|[of] p2a: Charli xcx
|
|-heal|p2a: Charli xcx|64/100|[from] move: Wish|[wisher] Charli xcx
|upkeep
|turn|35
|
|t:|1760358493
|move|p1a: Armarouge|Expanding Force|p2a: Charli xcx
|-damage|p2a: Charli xcx|31/100
|move|p2a: Charli xcx|Wish|p2a: Charli xcx
|
|upkeep
|turn|36
|
|t:|1760358501
|move|p2a: Charli xcx|Protect|p2a: Charli xcx
|-singleturn|p2a: Charli xcx|Protect
|move|p1a: Armarouge|Expanding Force|p2a: Charli xcx
|-activate|p2a: Charli xcx|move: Protect
|
|-heal|p2a: Charli xcx|81/100|[from] move: Wish|[wisher] Charli xcx
|upkeep
|turn|37
|
|t:|1760358515
|switch|p1a: Cinderace|Cinderace, M|100/100
|move|p2a: Charli xcx|Wish|p2a: Charli xcx
|
|upkeep
|turn|38
|
|t:|1760358520
|move|p2a: Charli xcx|Protect|p2a: Charli xcx
|-singleturn|p2a: Charli xcx|Protect
|move|p1a: Cinderace|U-turn|p2a: Charli xcx
|-start|p1a: Cinderace|typechange|Bug|[from] ability: Libero
|-activate|p2a: Charli xcx|move: Protect
|
|-heal|p2a: Charli xcx|100/100|[from] move: Wish|[wisher] Charli xcx
|upkeep
|turn|39
|
|t:|1760358531
|switch|p2a: 🇮🇱=stop genocide|Gliscor, M|100/100 tox
|move|p1a: Cinderace|U-turn|p2a: 🇮🇱=stop genocide
|-resisted|p2a: 🇮🇱=stop genocide
|-damage|p2a: 🇮🇱=stop genocide|91/100 tox
|
|t:|1760358537
|switch|p1a: Armarouge|Armarouge, F|60/100|[from] U-turn
|
|-heal|p2a: 🇮🇱=stop genocide|100/100 tox|[from] ability: Poison Heal
|upkeep
|turn|40
|
|t:|1760358549
|move|p1a: Armarouge|Destiny Bond|p1a: Armarouge
|-singlemove|p1a: Armarouge|Destiny Bond
|move|p2a: 🇮🇱=stop genocide|Toxic|p1a: Armarouge
|-status|p1a: Armarouge|tox
|
|-damage|p1a: Armarouge|54/100 tox|[from] psn
|upkeep
|turn|41
|
|t:|1760358562
|move|p1a: Armarouge|Expanding Force|p2a: 🇮🇱=stop genocide
|-damage|p2a: 🇮🇱=stop genocide|47/100 tox
|move|p2a: 🇮🇱=stop genocide|Substitute|p2a: 🇮🇱=stop genocide
|-start|p2a: 🇮🇱=stop genocide|Substitute
|-damage|p2a: 🇮🇱=stop genocide|22/100 tox
|
|-damage|p1a: Armarouge|42/100 tox|[from] psn
|-heal|p2a: 🇮🇱=stop genocide|35/100 tox|[from] ability: Poison Heal
|upkeep
|turn|42
|
|t:|1760358572
|move|p2a: 🇮🇱=stop genocide|Protect|p2a: 🇮🇱=stop genocide
|-singleturn|p2a: 🇮🇱=stop genocide|Protect
|move|p1a: Armarouge|Expanding Force|p2a: 🇮🇱=stop genocide
|-activate|p2a: 🇮🇱=stop genocide|move: Protect
|
|-damage|p1a: Armarouge|23/100 tox|[from] psn
|-heal|p2a: 🇮🇱=stop genocide|47/100 tox|[from] ability: Poison Heal
|upkeep
|turn|43
|l| Dor.Zf
|
|t:|1760358582
|move|p1a: Armarouge|Expanding Force|p2a: 🇮🇱=stop genocide
|-end|p2a: 🇮🇱=stop genocide|Substitute
|move|p2a: 🇮🇱=stop genocide|Substitute|p2a: 🇮🇱=stop genocide
|-start|p2a: 🇮🇱=stop genocide|Substitute
|-damage|p2a: 🇮🇱=stop genocide|22/100 tox
|
|-damage|p1a: Armarouge|0 fnt|[from] psn
|faint|p1a: Armarouge
|-heal|p2a: 🇮🇱=stop genocide|35/100 tox|[from] ability: Poison Heal
|upkeep
|
|t:|1760358594
|switch|p1a: Cinderace|Cinderace, M|100/100
|turn|44
|
|t:|1760358598
|move|p1a: Cinderace|Pyro Ball|p2a: 🇮🇱=stop genocide
|-end|p2a: 🇮🇱=stop genocide|Substitute
|move|p2a: 🇮🇱=stop genocide|Toxic|p1a: Cinderace|[miss]
|-miss|p2a: 🇮🇱=stop genocide|p1a: Cinderace
|
|-heal|p2a: 🇮🇱=stop genocide|47/100 tox|[from] ability: Poison Heal
|upkeep
|turn|45
|
|t:|1760358606
|move|p2a: 🇮🇱=stop genocide|Protect|p2a: 🇮🇱=stop genocide
|-singleturn|p2a: 🇮🇱=stop genocide|Protect
|move|p1a: Cinderace|Pyro Ball|p2a: 🇮🇱=stop genocide
|-activate|p2a: 🇮🇱=stop genocide|move: Protect
|
|-heal|p2a: 🇮🇱=stop genocide|60/100 tox|[from] ability: Poison Heal
|upkeep
|turn|46
|
|t:|1760358615
|move|p1a: Cinderace|Pyro Ball|p2a: 🇮🇱=stop genocide
|-damage|p2a: 🇮🇱=stop genocide|20/100 tox
|move|p2a: 🇮🇱=stop genocide|Toxic|p1a: Cinderace
|-status|p1a: Cinderace|tox
|
|-damage|p1a: Cinderace|95/100 tox|[from] psn
|-heal|p2a: 🇮🇱=stop genocide|33/100 tox|[from] ability: Poison Heal
|upkeep
|turn|47
|
|t:|1760358625
|move|p2a: 🇮🇱=stop genocide|Protect|p2a: 🇮🇱=stop genocide
|-singleturn|p2a: 🇮🇱=stop genocide|Protect
|move|p1a: Cinderace|Pyro Ball|p2a: 🇮🇱=stop genocide
|-activate|p2a: 🇮🇱=stop genocide|move: Protect
|
|-damage|p1a: Cinderace|83/100 tox|[from] psn
|-heal|p2a: 🇮🇱=stop genocide|45/100 tox|[from] ability: Poison Heal
|upkeep
|turn|48
|
|t:|1760358636
|move|p1a: Cinderace|Pyro Ball|p2a: 🇮🇱=stop genocide
|-damage|p2a: 🇮🇱=stop genocide|10/100 tox
|move|p2a: 🇮🇱=stop genocide|Earthquake|p1a: Cinderace
|-supereffective|p1a: Cinderace
|-damage|p1a: Cinderace|0 fnt
|faint|p1a: Cinderace
|
|-heal|p2a: 🇮🇱=stop genocide|23/100 tox|[from] ability: Poison Heal
|upkeep
|
|t:|1760358657
|switch|p1a: Polteageist|Polteageist|100/100
|turn|49
|
|t:|1760358661
|move|p2a: 🇮🇱=stop genocide|Toxic|p1a: Polteageist
|-status|p1a: Polteageist|tox
|move|p1a: Polteageist|Shadow Ball|p2a: 🇮🇱=stop genocide
|-damage|p2a: 🇮🇱=stop genocide|0 fnt
|faint|p2a: 🇮🇱=stop genocide
|
|-damage|p1a: Polteageist|94/100 tox|[from] psn
|upkeep
|
|t:|1760358663
|switch|p2a: Charli xcx|Clefable, M|100/100
|turn|50
|
|t:|1760358673
|move|p1a: Polteageist|Shadow Ball|p2a: Charli xcx
|-damage|p2a: Charli xcx|67/100
|move|p2a: Charli xcx|Knock Off|p1a: Polteageist
|-supereffective|p1a: Polteageist
|-damage|p1a: Polteageist|38/100 tox
|-ability|p1a: Polteageist|Weak Armor|boost
|-unboost|p1a: Polteageist|def|1
|-boost|p1a: Polteageist|spe|2
|-enditem|p1a: Polteageist|Focus Sash|[from] move: Knock Off|[of] p2a: Charli xcx
|
|-damage|p1a: Polteageist|25/100 tox|[from] psn
|upkeep
|turn|51
|
|t:|1760358686
|move|p1a: Polteageist|Shadow Ball|p2a: Charli xcx
|-damage|p2a: Charli xcx|37/100
|move|p2a: Charli xcx|Knock Off|p1a: Polteageist
|-supereffective|p1a: Polteageist
|-damage|p1a: Polteageist|0 fnt
|faint|p1a: Polteageist
|
|win|Trainer #39
|raw|Rocksane's rating: 1752 &rarr; <strong>1740</strong><br />(-12 for losing)
|raw|Trainer #39's rating: 1901 &rarr; <strong>1913</strong><br />(+12 for winning)
|l|☆Trainer #39
|player|p2|
|l|☆Rocksane
|player|p1|
|l| hsbsjshjeejjeje
