|j|☆Shubway
|j|☆Shrp1
|t:|1760352819
|gametype|singles
|player|p1|Shubway|266|1399
|player|p2|Shrp1|101|1463
|gen|9
|tier|[Gen 9] OU
|rated|
|rule|HP Percentage Mod: HP is shown in percentages
|rule|Endless Battle Clause: Forcing endless battles is banned
|rule|Species Clause: Limit one of each Pokémon
|rule|OHKO Clause: OHKO moves are banned
|rule|Evasion Items Clause: Evasion items are banned
|rule|Evasion Moves Clause: Evasion moves are banned
|rule|Evasion Abilities Clause: Evasion abilities are banned
|rule|Sleep Moves Clause: Sleep-inducing moves are banned
|clearpoke
|poke|p1|Polteageist|
|poke|p1|Grimmsnarl, M|
|poke|p1|Indeedee, M|
|poke|p1|Salazzle, F|
|poke|p1|Hawlucha, M|
|poke|p1|Ogerpon-Wellspring, F|
|poke|p2|Samurott-Hisui, F|
|poke|p2|Zapdos|
|poke|p2|Great Tusk|
|poke|p2|Cinderace, M|
|poke|p2|Kyurem|
|poke|p2|Landorus-Therian, M|
|teampreview
|inactive|Battle timer is ON: inactive players will automatically lose when time's up. (requested by Shubway)
|
|t:|1760352836
|teamsize|p1|6
|teamsize|p2|6
|start
|switch|p1a: Ogerpon|Ogerpon-Wellspring, F|100/100
|switch|p2a: Landorus|Landorus-Therian, M|100/100
|-ability|p2a: Landorus|Intimidate|boost
|-unboost|p1a: Ogerpon|atk|1
|turn|1
|
|t:|1760352844
|switch|p2a: Kyurem|Kyurem|100/100
|-ability|p2a: Kyurem|Pressure
|move|p1a: Ogerpon|Swords Dance|p1a: Ogerpon
|-boost|p1a: Ogerpon|atk|2
|
|upkeep
|turn|2
|
|t:|1760352851
|move|p1a: Ogerpon|Play Rough|p2a: Kyurem
|-supereffective|p2a: Kyurem
|-damage|p2a: Kyurem|6/100
|move|p2a: Kyurem|Freeze-Dry|p1a: Ogerpon
|-supereffective|p1a: Ogerpon
|-damage|p1a: Ogerpon|0 fnt
|faint|p1a: Ogerpon
|
|upkeep
|
|t:|1760352858
|switch|p1a: Salazzle|Salazzle, F|100/100
|turn|3
|
|t:|1760352862
|move|p1a: Salazzle|Flamethrower|p2a: Kyurem
|-damage|p2a: Kyurem|0 fnt
|faint|p2a: Kyurem
|
|upkeep
|
|t:|1760352876
|switch|p2a: Samurott|Samurott-Hisui, F|100/100
|turn|4
|
|t:|1760352880
|switch|p1a: Grimmsnarl|Grimmsnarl, M|100/100
|move|p2a: Samurott|Ceaseless Edge|p1a: Grimmsnarl
|-resisted|p1a: Grimmsnarl
|-damage|p1a: Grimmsnarl|86/100
|-sidestart|p1: Shubway|Spikes
|
|upkeep
|turn|5
|
|t:|1760352890
|move|p2a: Samurott|Razor Shell|p1a: Grimmsnarl
|-damage|p1a: Grimmsnarl|13/100
|move|p1a: Grimmsnarl|Spirit Break|p2a: Samurott
|-supereffective|p2a: Samurott
|-damage|p2a: Samurott|9/100
|-unboost|p2a: Samurott|spa|1
|
|upkeep
|turn|6
|
|t:|1760352911
|move|p1a: Grimmsnarl|Sucker Punch|p2a: Samurott
|-resisted|p2a: Samurott
|-damage|p2a: Samurott|0 fnt
|faint|p2a: Samurott
|
|upkeep
|
|t:|1760352916
|switch|p2a: Cinderace|Cinderace, M|100/100
|turn|7
|
|t:|1760352921
|move|p1a: Grimmsnarl|Reflect|p1a: Grimmsnarl
|-sidestart|p1: Shubway|Reflect
|move|p2a: Cinderace|Pyro Ball|p1a: Grimmsnarl|[miss]
|-miss|p2a: Cinderace|p1a: Grimmsnarl
|
|upkeep
|turn|8
|
|t:|1760352926
|move|p1a: Grimmsnarl|Light Screen|p1a: Grimmsnarl
|-sidestart|p1: Shubway|move: Light Screen
|move|p2a: Cinderace|Pyro Ball|p1a: Grimmsnarl
|-damage|p1a: Grimmsnarl|0 fnt
|faint|p1a: Grimmsnarl
|
|upkeep
|
|t:|1760352930
|switch|p1a: Indeedee|Indeedee, M|100/100
|-damage|p1a: Indeedee|88/100|[from] Spikes
|-fieldstart|move: Psychic Terrain|[from] ability: Psychic Surge|[of] p1a: Indeedee
|turn|9
|
|t:|1760352937
|move|p2a: Cinderace|Court Change|p2a: Cinderace
|-swapsideconditions
|-activate|p2a: Cinderace|move: Court Change
|move|p1a: Indeedee|Expanding Force|p2a: Cinderace
|-damage|p2a: Cinderace|48/100
|
|upkeep
|turn|10
|
|t:|1760352945
|move|p2a: Cinderace|U-turn|p1a: Indeedee
|-supereffective|p1a: Indeedee
|-damage|p1a: Indeedee|0 fnt
|faint|p1a: Indeedee
|
|t:|1760352952
|switch|p2a: Great Tusk|Great Tusk|100/100|[from] U-turn
|-damage|p2a: Great Tusk|88/100|[from] Spikes
|
|upkeep
|
|t:|1760352962
|switch|p1a: Polteageist|Polteageist|100/100
|turn|11
|
|t:|1760352968
|-terastallize|p1a: Polteageist|Fighting
|move|p2a: Great Tusk|Headlong Rush|p1a: Polteageist
|-damage|p1a: Polteageist|0 fnt
|-unboost|p2a: Great Tusk|def|1
|-unboost|p2a: Great Tusk|spd|1
|faint|p1a: Polteageist
|
|upkeep
|
|t:|1760352975
|switch|p1a: Hawlucha|Hawlucha, M|100/100
|-enditem|p1a: Hawlucha|Psychic Seed
|-boost|p1a: Hawlucha|spd|1|[from] item: Psychic Seed
|turn|12
|
|t:|1760352980
|-end|p2a: Great Tusk|Protosynthesis|[silent]
|switch|p2a: Landorus|Landorus-Therian, M|100/100
|-ability|p2a: Landorus|Intimidate|boost
|-unboost|p1a: Hawlucha|atk|1
|move|p1a: Hawlucha|Swords Dance|p1a: Hawlucha
|-boost|p1a: Hawlucha|atk|2
|
|upkeep
|turn|13
|
|t:|1760352989
|move|p1a: Hawlucha|Swords Dance|p1a: Hawlucha
|-boost|p1a: Hawlucha|atk|2
|move|p2a: Landorus|Taunt|p1a: Hawlucha
|-start|p1a: Hawlucha|move: Taunt
|
|upkeep
|turn|14
|
|t:|1760352996
|move|p1a: Hawlucha|Acrobatics|p2a: Landorus
|-damage|p2a: Landorus|40/100
|-damage|p1a: Hawlucha|84/100|[from] item: Rocky Helmet|[of] p2a: Landorus
|move|p2a: Landorus|U-turn|p1a: Hawlucha
|-resisted|p1a: Hawlucha
|-damage|p1a: Hawlucha|76/100
|
|t:|1760353002
|switch|p2a: Zapdos|Zapdos|100/100|[from] U-turn
|
|-sideend|p2: Shrp1|Reflect
|upkeep
|turn|15
|
|t:|1760353008
|move|p1a: Hawlucha|Rock Slide|p2a: Zapdos
|-supereffective|p2a: Zapdos
|-damage|p2a: Zapdos|17/100
|cant|p2a: Zapdos|flinch
|
|-sideend|p2: Shrp1|move: Light Screen
|upkeep
|turn|16
|
|t:|1760353020
|move|p1a: Hawlucha|Rock Slide|p2a: Zapdos
|-supereffective|p2a: Zapdos
|-damage|p2a: Zapdos|0 fnt
|faint|p2a: Zapdos
|
|-end|p1a: Hawlucha|move: Taunt
|-fieldend|move: Psychic Terrain
|upkeep
|
|t:|1760353028
|switch|p2a: Great Tusk|Great Tusk|88/100
|-damage|p2a: Great Tusk|76/100|[from] Spikes
|turn|17
|
|t:|1760353033
|-terastallize|p2a: Great Tusk|Steel
|move|p1a: Hawlucha|Acrobatics|p2a: Great Tusk
|-resisted|p2a: Great Tusk
|-damage|p2a: Great Tusk|28/100
|move|p2a: Great Tusk|Ice Spinner|p1a: Hawlucha
|-supereffective|p1a: Hawlucha
|-crit|p1a: Hawlucha
|-damage|p1a: Hawlucha|0 fnt
|faint|p1a: Hawlucha
|
|upkeep
|
|t:|1760353038
|switch|p1a: Salazzle|Salazzle, F|100/100
|turn|18
|
|t:|1760353046
|-end|p2a: Great Tusk|Protosynthesis|[silent]
|switch|p2a: Landorus|Landorus-Therian, M|40/100
|-ability|p2a: Landorus|Intimidate|boost
|-unboost|p1a: Salazzle|atk|1
|move|p1a: Salazzle|Flamethrower|p2a: Landorus
|-damage|p2a: Landorus|0 fnt
|faint|p2a: Landorus
|
|upkeep
|
|t:|1760353056
|switch|p2a: Great Tusk|Great Tusk, tera:Steel|28/100
|-damage|p2a: Great Tusk|16/100|[from] Spikes
|turn|19
|
|t:|1760353060
|move|p2a: Great Tusk|Headlong Rush|p1a: Salazzle
|-supereffective|p1a: Salazzle
|-damage|p1a: Salazzle|0 fnt
|-unboost|p2a: Great Tusk|def|1
|-unboost|p2a: Great Tusk|spd|1
|faint|p1a: Salazzle
|
|win|Shrp1
|raw|Shubway's rating: 1399 &rarr; <strong>1383</strong><br />(-16 for losing)
|raw|Shrp1's rating: 1463 &rarr; <strong>1479</strong><br />(+16 for winning)
|l|☆Shubway
|player|p1|
|l|☆Shrp1
|player|p2|
