|j|☆smogonules
|j|☆Yo nuby cake
|t:|1760445938
|gametype|singles
|player|p1|smogonules|266|1366
|player|p2|Yo nuby cake|1|1386
|gen|9
|tier|[Gen 9] OU
|rated|
|rule|HP Percentage Mod: HP is shown in percentages
|rule|Endless Battle Clause: Forcing endless battles is banned
|rule|Species Clause: Limit one of each Pokémon
|rule|OHKO Clause: OHKO moves are banned
|rule|Evasion Items Clause: Evasion items are banned
|rule|Evasion Moves Clause: Evasion moves are banned
|rule|Evasion Abilities Clause: Evasion abilities are banned
|rule|Sleep Moves Clause: Sleep-inducing moves are banned
|clearpoke
|poke|p1|Jirachi|
|poke|p1|Great Tusk|
|poke|p1|Latios, M|
|poke|p1|Gardevoir, F|
|poke|p1|Polteageist|
|poke|p1|Crawdaunt, M|
|poke|p2|Gholdengo|
|poke|p2|Landorus-Therian, M|
|poke|p2|Kingambit, F|
|poke|p2|Cinderace, F|
|poke|p2|Samurott-Hisui, M|
|poke|p2|Hydrapple, M|
|teampreview
|inactive|Battle timer is ON: inactive players will automatically lose when time's up. (requested by Yo nuby cake)
|
|t:|1760445966
|teamsize|p1|6
|teamsize|p2|6
|start
|switch|p1a: Chamomile|Jirachi|100/100
|switch|p2a: Cinderace|Cinderace, F|100/100
|turn|1
|
|t:|1760445970
|move|p2a: Cinderace|Pyro Ball|p1a: Chamomile
|-supereffective|p1a: Chamomile
|-enditem|p1a: Chamomile|Focus Sash
|-damage|p1a: Chamomile|1/100
|move|p1a: Chamomile|Thunder Wave|p2a: Cinderace
|-status|p2a: Cinderace|par
|
|upkeep
|turn|2
|
|t:|1760445976
|move|p1a: Chamomile|Stealth Rock|p2a: Cinderace
|-sidestart|p2: Yo nuby cake|move: Stealth Rock
|move|p2a: Cinderace|Pyro Ball|p1a: Chamomile
|-supereffective|p1a: Chamomile
|-damage|p1a: Chamomile|0 fnt
|faint|p1a: Chamomile
|
|upkeep
|
|t:|1760445982
|switch|p1a: Scampi|Crawdaunt, M|100/100
|turn|3
|
|t:|1760445986
|move|p2a: Cinderace|Pyro Ball|p1a: Scampi
|-resisted|p1a: Scampi
|-damage|p1a: Scampi|54/100
|move|p1a: Scampi|Swords Dance|p1a: Scampi
|-boost|p1a: Scampi|atk|2
|
|upkeep
|turn|4
|
|t:|1760445990
|move|p1a: Scampi|Aqua Jet|p2a: Cinderace
|-supereffective|p2a: Cinderace
|-damage|p2a: Cinderace|0 fnt
|faint|p2a: Cinderace
|-damage|p1a: Scampi|45/100|[from] item: Life Orb
|
|upkeep
|
|t:|1760445996
|switch|p2a: Samurott|Samurott-Hisui, M|100/100
|-damage|p2a: Samurott|88/100|[from] Stealth Rock
|turn|5
|
|t:|1760446006
|move|p1a: Scampi|Aqua Jet|p2a: Samurott
|-resisted|p2a: Samurott
|-damage|p2a: Samurott|42/100
|-damage|p1a: Scampi|35/100|[from] item: Life Orb
|move|p2a: Samurott|Sacred Sword|p1a: Scampi
|-supereffective|p1a: Scampi
|-damage|p1a: Scampi|0 fnt
|faint|p1a: Scampi
|
|upkeep
|
|t:|1760446008
|switch|p1a: Biscuit|Polteageist|100/100
|turn|6
|
|t:|1760446012
|move|p2a: Samurott|Ceaseless Edge|p1a: Biscuit
|-supereffective|p1a: Biscuit
|-enditem|p1a: Biscuit|Focus Sash
|-damage|p1a: Biscuit|1/100
|-ability|p1a: Biscuit|Weak Armor|boost
|-unboost|p1a: Biscuit|def|1
|-boost|p1a: Biscuit|spe|2
|-sidestart|p1: smogonules|Spikes
|move|p1a: Biscuit|Shell Smash|p1a: Biscuit
|-unboost|p1a: Biscuit|def|1
|-unboost|p1a: Biscuit|spd|1
|-boost|p1a: Biscuit|atk|2
|-boost|p1a: Biscuit|spa|2
|-boost|p1a: Biscuit|spe|2
|
|upkeep
|turn|7
|
|t:|1760446020
|move|p2a: Samurott|Sucker Punch|p1a: Biscuit
|-supereffective|p1a: Biscuit
|-damage|p1a: Biscuit|0 fnt
|faint|p1a: Biscuit
|
|upkeep
|
|t:|1760446022
|switch|p1a: Syrup|Latios, M|100/100
|turn|8
|
|t:|1760446032
|move|p1a: Syrup|Reflect|p1a: Syrup
|-sidestart|p1: smogonules|Reflect
|move|p2a: Samurott|Ceaseless Edge|p1a: Syrup
|-supereffective|p1a: Syrup
|-damage|p1a: Syrup|43/100
|-sidestart|p1: smogonules|Spikes
|
|upkeep
|turn|9
|
|t:|1760446038
|move|p2a: Samurott|Sucker Punch||[still]
|-fail|p2a: Samurott
|move|p1a: Syrup|Simple Beam|p2a: Samurott
|-ability|p2a: Samurott|Simple|Sharpness|[from] move: Simple Beam
|
|upkeep
|turn|10
|
|t:|1760446041
|move|p2a: Samurott|Sucker Punch||[still]
|-fail|p2a: Samurott
|move|p1a: Syrup|Memento|p2a: Samurott
|-unboost|p2a: Samurott|atk|4
|-unboost|p2a: Samurott|spa|4
|faint|p1a: Syrup
|
|upkeep
|
|t:|1760446042
|switch|p1a: Cucumber|Gardevoir, F|100/100
|-damage|p1a: Cucumber|84/100|[from] Spikes
|-ability|p1a: Cucumber|Simple|Trace|[from] ability: Trace|[of] p2a: Samurott
|turn|11
|
|t:|1760446052
|switch|p2a: Gholdengo|Gholdengo|100/100
|-damage|p2a: Gholdengo|94/100|[from] Stealth Rock
|-item|p2a: Gholdengo|Air Balloon
|move|p1a: Cucumber|Substitute|p1a: Cucumber
|-start|p1a: Cucumber|Substitute
|-damage|p1a: Cucumber|59/100
|
|upkeep
|turn|12
|
|t:|1760446061
|move|p2a: Gholdengo|Shadow Ball|p1a: Cucumber
|-supereffective|p1a: Cucumber
|-end|p1a: Cucumber|Substitute
|move|p1a: Cucumber|Calm Mind|p1a: Cucumber
|-boost|p1a: Cucumber|spa|2
|-boost|p1a: Cucumber|spd|2
|
|upkeep
|turn|13
|
|t:|1760446068
|-terastallize|p1a: Cucumber|Steel
|move|p2a: Gholdengo|Nasty Plot|p2a: Gholdengo
|-boost|p2a: Gholdengo|spa|2
|move|p1a: Cucumber|Substitute|p1a: Cucumber
|-start|p1a: Cucumber|Substitute
|-damage|p1a: Cucumber|34/100
|
|upkeep
|turn|14
|
|t:|1760446081
|-terastallize|p2a: Gholdengo|Fighting
|move|p2a: Gholdengo|Tera Blast|p1a: Cucumber|[anim] Tera Blast Fighting
|-supereffective|p1a: Cucumber
|-end|p1a: Cucumber|Substitute
|move|p1a: Cucumber|Substitute|p1a: Cucumber
|-start|p1a: Cucumber|Substitute
|-damage|p1a: Cucumber|9/100
|-enditem|p1a: Cucumber|Salac Berry|[eat]
|-boost|p1a: Cucumber|spe|2|[from] item: Salac Berry
|
|upkeep
|turn|15
|
|t:|1760446092
|switch|p2a: Samurott|Samurott-Hisui, M|42/100
|-damage|p2a: Samurott|30/100|[from] Stealth Rock
|move|p1a: Cucumber|Draining Kiss|p2a: Samurott
|-supereffective|p2a: Samurott
|-damage|p2a: Samurott|0 fnt
|-heal|p1a: Cucumber|30/100|[from] drain|[of] p2a: Samurott
|faint|p2a: Samurott
|
|-sideend|p1: smogonules|Reflect
|upkeep
|
|t:|1760446105
|switch|p2a: Kingambit|Kingambit, F|100/100
|-damage|p2a: Kingambit|94/100|[from] Stealth Rock
|-activate|p2a: Kingambit|ability: Supreme Overlord
|-start|p2a: Kingambit|fallen2|[silent]
|turn|16
|
|t:|1760446108
|move|p2a: Kingambit|Sucker Punch|p1a: Cucumber
|-end|p1a: Cucumber|Substitute
|move|p1a: Cucumber|Draining Kiss|p2a: Kingambit
|-damage|p2a: Kingambit|54/100
|-heal|p1a: Cucumber|66/100|[from] drain|[of] p2a: Kingambit
|
|upkeep
|turn|17
|
|t:|1760446114
|move|p1a: Cucumber|Substitute|p1a: Cucumber
|-start|p1a: Cucumber|Substitute
|-damage|p1a: Cucumber|41/100
|move|p2a: Kingambit|Kowtow Cleave|p1a: Cucumber
|-end|p1a: Cucumber|Substitute
|
|upkeep
|turn|18
|
|t:|1760446121
|move|p1a: Cucumber|Substitute|p1a: Cucumber
|-start|p1a: Cucumber|Substitute
|-damage|p1a: Cucumber|16/100
|move|p2a: Kingambit|Kowtow Cleave|p1a: Cucumber
|-end|p1a: Cucumber|Substitute
|
|upkeep
|turn|19
|
|t:|1760446124
|move|p2a: Kingambit|Sucker Punch||[still]
|-fail|p2a: Kingambit
|move|p1a: Cucumber|Calm Mind|p1a: Cucumber
|-boost|p1a: Cucumber|spa|2
|-boost|p1a: Cucumber|spd|2
|
|upkeep
|turn|20
|
|t:|1760446126
|move|p2a: Kingambit|Sucker Punch||[still]
|-fail|p2a: Kingambit
|move|p1a: Cucumber|Calm Mind|p1a: Cucumber
|-boost|p1a: Cucumber|spa|2
|-boost|p1a: Cucumber|spd|2
|
|upkeep
|turn|21
|
|t:|1760446128
|move|p2a: Kingambit|Sucker Punch||[still]
|-fail|p2a: Kingambit
|move|p1a: Cucumber|Calm Mind|p1a: Cucumber
|-boost|p1a: Cucumber|spa|0
|-boost|p1a: Cucumber|spd|0
|
|upkeep
|turn|22
|
|t:|1760446131
|move|p2a: Kingambit|Sucker Punch||[still]
|-fail|p2a: Kingambit
|move|p1a: Cucumber|Calm Mind|p1a: Cucumber
|-boost|p1a: Cucumber|spa|0
|-boost|p1a: Cucumber|spd|0
|
|upkeep
|turn|23
|
|t:|1760446133
|move|p2a: Kingambit|Sucker Punch|p1a: Cucumber
|-damage|p1a: Cucumber|0 fnt
|faint|p1a: Cucumber
|
|upkeep
|
|t:|1760446135
|switch|p1a: Spud|Great Tusk|100/100
|turn|24
|
|t:|1760446140
|move|p1a: Spud|Rapid Spin|p2a: Kingambit
|-resisted|p2a: Kingambit
|-damage|p2a: Kingambit|48/100
|-boost|p1a: Spud|spe|1
|-sideend|p1: smogonules|Spikes|[from] move: Rapid Spin|[of] p1a: Spud
|move|p2a: Kingambit|Iron Head|p1a: Spud
|-damage|p1a: Spud|64/100
|
|upkeep
|turn|25
|
|t:|1760446150
|move|p1a: Spud|Bulk Up|p1a: Spud
|-boost|p1a: Spud|atk|1
|-boost|p1a: Spud|def|1
|move|p2a: Kingambit|Iron Head|p1a: Spud
|-crit|p1a: Spud
|-damage|p1a: Spud|2/100
|
|upkeep
|turn|26
|-message|smogonules forfeited.
|
|win|Yo nuby cake
|raw|smogonules's rating: 1388 &rarr; <strong>1368</strong><br />(-20 for losing)
|raw|Yo nuby cake's rating: 1386 &rarr; <strong>1406</strong><br />(+20 for winning)
|l|☆smogonules
|player|p1|
|l|☆Yo nuby cake
|player|p2|
