|j|☆dr. drake6782
|j|☆ch1ck3n nu99ets
|t:|1760331674
|gametype|singles
|player|p1|dr. drake6782|hilbert-masters|1601
|player|p2|ch1ck3n nu99ets|170|1612
|gen|9
|tier|[Gen 9] OU
|rated|
|rule|HP Percentage Mod: HP is shown in percentages
|rule|Endless Battle Clause: Forcing endless battles is banned
|rule|Species Clause: Limit one of each Pokémon
|rule|OHKO Clause: OHKO moves are banned
|rule|Evasion Items Clause: Evasion items are banned
|rule|Evasion Moves Clause: Evasion moves are banned
|rule|Evasion Abilities Clause: Evasion abilities are banned
|rule|Sleep Moves Clause: Sleep-inducing moves are banned
|clearpoke
|poke|p1|Gholdengo|
|poke|p1|Ceruledge, F|
|poke|p1|Enamorus, F|
|poke|p1|Ribombee, F|
|poke|p1|Quaquaval, F|
|poke|p1|Iron Treads|
|poke|p2|Pelipper, F|
|poke|p2|Basculegion, M|
|poke|p2|Manaphy|
|poke|p2|Scizor, M|
|poke|p2|Iron Valiant|
|poke|p2|Iron Treads|
|teampreview
|inactive|Battle timer is ON: inactive players will automatically lose when time's up. (requested by dr. drake6782)
|
|t:|1760331680
|teamsize|p1|6
|teamsize|p2|6
|start
|switch|p1a: Ribombee|Ribombee, F, shiny|100/100
|switch|p2a: Scizor|Scizor, M|100/100
|turn|1
|
|t:|1760331683
|move|p2a: Scizor|Bullet Punch|p1a: Ribombee
|-supereffective|p1a: Ribombee
|-enditem|p1a: Ribombee|Focus Sash
|-damage|p1a: Ribombee|1/100
|move|p1a: Ribombee|Sticky Web|p2a: Scizor
|-sidestart|p2: ch1ck3n nu99ets|move: Sticky Web
|
|upkeep
|turn|2
|
|t:|1760331685
|move|p1a: Ribombee|Stun Spore|p2a: Scizor
|-status|p2a: Scizor|par
|move|p2a: Scizor|Defog|p1a: Ribombee
|-unboost|p1a: Ribombee|evasion|1
|-sideend|p2: ch1ck3n nu99ets|Sticky Web|[from] move: Defog|[of] p2a: Scizor
|
|upkeep
|turn|3
|
|t:|1760331692
|switch|p1a: Ceruledge|Ceruledge, F|100/100
|move|p2a: Scizor|Bullet Punch|p1a: Ceruledge
|-resisted|p1a: Ceruledge
|-damage|p1a: Ceruledge|78/100
|-ability|p1a: Ceruledge|Weak Armor|boost
|-unboost|p1a: Ceruledge|def|1
|-boost|p1a: Ceruledge|spe|2
|
|upkeep
|turn|4
|
|t:|1760331698
|switch|p2a: Pelipper|Pelipper, F|100/100
|-weather|RainDance|[from] ability: Drizzle|[of] p2a: Pelipper
|move|p1a: Ceruledge|Swords Dance|p1a: Ceruledge
|-boost|p1a: Ceruledge|atk|2
|
|-weather|RainDance|[upkeep]
|upkeep
|turn|5
|
|t:|1760331710
|switch|p2a: Iron Valiant|Iron Valiant|100/100
|-enditem|p2a: Iron Valiant|Booster Energy
|-activate|p2a: Iron Valiant|ability: Quark Drive|[fromitem]
|-start|p2a: Iron Valiant|quarkdrivespe
|move|p1a: Ceruledge|Poltergeist||[still]
|-fail|p1a: Ceruledge
|
|-weather|RainDance|[upkeep]
|upkeep
|turn|6
|
|t:|1760331724
|move|p1a: Ceruledge|Shadow Sneak|p2a: Iron Valiant
|-damage|p2a: Iron Valiant|46/100
|move|p2a: Iron Valiant|Liquidation|p1a: Ceruledge
|-supereffective|p1a: Ceruledge
|-damage|p1a: Ceruledge|0 fnt
|faint|p1a: Ceruledge
|
|-weather|RainDance|[upkeep]
|upkeep
|
|t:|1760331733
|switch|p1a: Quaquaval|Quaquaval, F|100/100
|turn|7
|
|t:|1760331738
|-terastallize|p1a: Quaquaval|Steel
|move|p2a: Iron Valiant|Close Combat|p1a: Quaquaval
|-supereffective|p1a: Quaquaval
|-damage|p1a: Quaquaval|0 fnt
|-unboost|p2a: Iron Valiant|def|1
|-unboost|p2a: Iron Valiant|spd|1
|faint|p1a: Quaquaval
|
|-weather|RainDance|[upkeep]
|upkeep
|
|t:|1760331746
|switch|p1a: Gholdengo|Gholdengo|100/100
|-item|p1a: Gholdengo|Air Balloon
|turn|8
|
|t:|1760331748
|move|p2a: Iron Valiant|Liquidation|p1a: Gholdengo
|-damage|p1a: Gholdengo|49/100
|-enditem|p1a: Gholdengo|Air Balloon
|move|p1a: Gholdengo|Shadow Ball|p2a: Iron Valiant
|-damage|p2a: Iron Valiant|0 fnt
|faint|p2a: Iron Valiant
|-end|p2a: Iron Valiant|Quark Drive|[silent]
|
|-weather|RainDance|[upkeep]
|upkeep
|
|t:|1760331752
|switch|p2a: Basculegion|Basculegion, M|100/100
|turn|9
|j| Biggest Fan Stan
|
|t:|1760331757
|move|p2a: Basculegion|Wave Crash|p1a: Gholdengo
|-damage|p1a: Gholdengo|0 fnt
|faint|p1a: Gholdengo
|-damage|p2a: Basculegion|87/100|[from] Recoil
|
|-weather|RainDance|[upkeep]
|upkeep
|
|t:|1760331760
|switch|p1a: Enamorus|Enamorus, F|100/100
|turn|10
|
|t:|1760331762
|move|p2a: Basculegion|Wave Crash|p1a: Enamorus
|-damage|p1a: Enamorus|0 fnt
|faint|p1a: Enamorus
|-damage|p2a: Basculegion|62/100|[from] Recoil
|
|-weather|RainDance|[upkeep]
|upkeep
|l| Biggest Fan Stan
|
|t:|1760331764
|switch|p1a: Iron Treads|Iron Treads|100/100
|-enditem|p1a: Iron Treads|Booster Energy
|-activate|p1a: Iron Treads|ability: Quark Drive|[fromitem]
|-start|p1a: Iron Treads|quarkdriveatk
|turn|11
|
|t:|1760331767
|move|p2a: Basculegion|Wave Crash|p1a: Iron Treads
|-supereffective|p1a: Iron Treads
|-damage|p1a: Iron Treads|0 fnt
|faint|p1a: Iron Treads
|-end|p1a: Iron Treads|Quark Drive|[silent]
|-damage|p2a: Basculegion|30/100|[from] Recoil
|
|-weather|none
|upkeep
|c|☆ch1ck3n nu99ets|gg
|
|t:|1760331768
|switch|p1a: Ribombee|Ribombee, F, shiny|1/100
|turn|12
|
|t:|1760331770
|switch|p2a: Pelipper|Pelipper, F|100/100
|-weather|RainDance|[from] ability: Drizzle|[of] p2a: Pelipper
|move|p1a: Ribombee|Moonblast|p2a: Pelipper
|-damage|p2a: Pelipper|48/100
|
|-weather|RainDance|[upkeep]
|upkeep
|turn|13
|-message|dr. drake6782 forfeited.
|
|win|ch1ck3n nu99ets
|raw|dr. drake6782's rating: 1601 &rarr; <strong>1582</strong><br />(-19 for losing)
|raw|ch1ck3n nu99ets's rating: 1612 &rarr; <strong>1631</strong><br />(+19 for winning)
|l|☆dr. drake6782
|player|p1|
|l|☆ch1ck3n nu99ets
|player|p2|
