|j|☆thebacchusbraviary
|j|☆mj9964
|t:|1760416833
|gametype|singles
|player|p1|thebacchusbraviary|winona|1383
|player|p2|mj9964|266|1337
|gen|9
|tier|[Gen 9] OU
|rated|
|rule|HP Percentage Mod: HP is shown in percentages
|rule|Endless Battle Clause: Forcing endless battles is banned
|rule|Species Clause: Limit one of each Pokémon
|rule|OHKO Clause: OHKO moves are banned
|rule|Evasion Items Clause: Evasion items are banned
|rule|Evasion Moves Clause: Evasion moves are banned
|rule|Evasion Abilities Clause: Evasion abilities are banned
|rule|Sleep Moves Clause: Sleep-inducing moves are banned
|clearpoke
|poke|p1|Braviary-Hisui, M|
|poke|p1|Okidogi, M|
|poke|p1|Magnezone|
|poke|p1|Entei|
|poke|p1|Grimmsnarl, M|
|poke|p1|Sinistcha|
|poke|p2|Ursaluna, F|
|poke|p2|Ting-Lu|
|poke|p2|Iron Moth|
|poke|p2|Corviknight, F|
|poke|p2|Rotom-Wash|
|poke|p2|Rillaboom, M|
|teampreview
|inactive|Battle timer is ON: inactive players will automatically lose when time's up. (requested by thebacchusbraviary)
|
|t:|1760416847
|teamsize|p1|6
|teamsize|p2|6
|start
|switch|p1a: Grimmsnarl|Grimmsnarl, M|100/100
|switch|p2a: Rotom|Rotom-Wash|100/100
|turn|1
|inactive|mj9964 has 120 seconds left.
|
|t:|1760416888
|move|p2a: Rotom|Trick|p1a: Grimmsnarl
|-activate|p2a: Rotom|move: Trick|[of] p1a: Grimmsnarl
|-item|p1a: Grimmsnarl|Choice Scarf|[from] move: Trick
|-item|p2a: Rotom|Leftovers|[from] move: Trick
|move|p1a: Grimmsnarl|Spirit Break|p2a: Rotom
|-damage|p2a: Rotom|44/100
|-unboost|p2a: Rotom|spa|1
|
|-heal|p2a: Rotom|51/100|[from] item: Leftovers
|upkeep
|turn|2
|
|t:|1760416898
|move|p2a: Rotom|Volt Switch|p1a: Grimmsnarl
|-damage|p1a: Grimmsnarl|77/100
|inactive|mj9964 has 90 seconds left.
|
|t:|1760416925
|switch|p2a: Rillaboom|Rillaboom, M|100/100|[from] Volt Switch
|-fieldstart|move: Grassy Terrain|[from] ability: Grassy Surge|[of] p2a: Rillaboom
|move|p1a: Grimmsnarl|Spirit Break|p2a: Rillaboom
|-damage|p2a: Rillaboom|55/100
|-unboost|p2a: Rillaboom|spa|1
|
|-heal|p2a: Rillaboom|61/100|[from] Grassy Terrain
|-heal|p1a: Grimmsnarl|83/100|[from] Grassy Terrain
|upkeep
|turn|3
|
|t:|1760416938
|move|p2a: Rillaboom|Grassy Glide|p1a: Grimmsnarl
|-damage|p1a: Grimmsnarl|19/100
|move|p1a: Grimmsnarl|Spirit Break|p2a: Rillaboom
|-damage|p2a: Rillaboom|17/100
|-unboost|p2a: Rillaboom|spa|1
|
|-heal|p2a: Rillaboom|23/100|[from] Grassy Terrain
|-heal|p1a: Grimmsnarl|25/100|[from] Grassy Terrain
|upkeep
|turn|4
|
|t:|1760416943
|move|p2a: Rillaboom|Grassy Glide|p1a: Grimmsnarl
|-damage|p1a: Grimmsnarl|0 fnt
|faint|p1a: Grimmsnarl
|
|-heal|p2a: Rillaboom|29/100|[from] Grassy Terrain
|upkeep
|
|t:|1760416951
|switch|p1a: Entei|Entei|100/100
|turn|5
|
|t:|1760416960
|move|p2a: Rillaboom|Grassy Glide|p1a: Entei
|-resisted|p1a: Entei
|-damage|p1a: Entei|70/100
|move|p1a: Entei|Sacred Fire|p2a: Rillaboom
|-supereffective|p2a: Rillaboom
|-damage|p2a: Rillaboom|0 fnt
|faint|p2a: Rillaboom
|
|-heal|p1a: Entei|76/100|[from] Grassy Terrain
|upkeep
|inactive|mj9964 has 90 seconds left.
|
|t:|1760416997
|switch|p2a: Rotom|Rotom-Wash|51/100
|turn|6
|
|t:|1760417015
|switch|p1a: Sinistcha|Sinistcha|100/100
|move|p2a: Rotom|Discharge|p1a: Sinistcha
|-resisted|p1a: Sinistcha
|-damage|p1a: Sinistcha|79/100
|
|-heal|p2a: Rotom|57/100|[from] item: Leftovers
|-heal|p1a: Sinistcha|85/100|[from] Grassy Terrain
|-heal|p1a: Sinistcha|91/100|[from] item: Leftovers
|-fieldend|move: Grassy Terrain
|upkeep
|turn|7
|inactive|mj9964 has 90 seconds left.
|
|t:|1760417026
|move|p2a: Rotom|Volt Switch|p1a: Sinistcha
|-resisted|p1a: Sinistcha
|-damage|p1a: Sinistcha|71/100
|inactive|mj9964 has 90 seconds left.
|
|t:|1760417032
|switch|p2a: Ting-Lu|Ting-Lu|100/100|[from] Volt Switch
|-ability|p2a: Ting-Lu|Vessel of Ruin
|move|p1a: Sinistcha|Shadow Ball|p2a: Ting-Lu
|-resisted|p2a: Ting-Lu
|-damage|p2a: Ting-Lu|93/100
|-unboost|p2a: Ting-Lu|spd|1
|
|-heal|p1a: Sinistcha|77/100|[from] item: Leftovers
|upkeep
|turn|8
|
|t:|1760417040
|move|p1a: Sinistcha|Matcha Gotcha|p2a: Ting-Lu
|-supereffective|p2a: Ting-Lu
|-damage|p2a: Ting-Lu|54/100
|-heal|p1a: Sinistcha|100/100|[from] drain|[of] p2a: Ting-Lu
|move|p2a: Ting-Lu|Payback|p1a: Sinistcha
|-supereffective|p1a: Sinistcha
|-damage|p1a: Sinistcha|19/100
|
|-heal|p1a: Sinistcha|25/100|[from] item: Leftovers
|upkeep
|turn|9
|
|t:|1760417048
|move|p1a: Sinistcha|Strength Sap|p2a: Ting-Lu
|-unboost|p2a: Ting-Lu|atk|1
|-heal|p1a: Sinistcha|100/100
|move|p2a: Ting-Lu|Payback|p1a: Sinistcha
|-supereffective|p1a: Sinistcha
|-damage|p1a: Sinistcha|40/100
|
|-heal|p1a: Sinistcha|46/100|[from] item: Leftovers
|upkeep
|turn|10
|
|t:|1760417061
|switch|p2a: Iron Moth|Iron Moth|100/100
|-enditem|p2a: Iron Moth|Booster Energy
|-activate|p2a: Iron Moth|ability: Quark Drive|[fromitem]
|-start|p2a: Iron Moth|quarkdrivespe
|move|p1a: Sinistcha|Strength Sap|p2a: Iron Moth
|-unboost|p2a: Iron Moth|atk|1
|-heal|p1a: Sinistcha|83/100
|
|-heal|p1a: Sinistcha|90/100|[from] item: Leftovers
|upkeep
|turn|11
|
|t:|1760417070
|switch|p1a: Magnezone|Magnezone|100/100
|move|p2a: Iron Moth|Fiery Dance|p1a: Magnezone
|-supereffective|p1a: Magnezone
|-ability|p1a: Magnezone|Sturdy
|-damage|p1a: Magnezone|1/100
|
|upkeep
|turn|12
|
|t:|1760417076
|move|p2a: Iron Moth|Fiery Dance|p1a: Magnezone
|-supereffective|p1a: Magnezone
|-damage|p1a: Magnezone|0 fnt
|-boost|p2a: Iron Moth|spa|1
|faint|p1a: Magnezone
|
|upkeep
|
|t:|1760417079
|switch|p1a: Sinistcha|Sinistcha|90/100
|turn|13
|
|t:|1760417082
|-terastallize|p1a: Sinistcha|Poison
|move|p2a: Iron Moth|Fiery Dance|p1a: Sinistcha
|-damage|p1a: Sinistcha|56/100
|-boost|p2a: Iron Moth|spa|1
|move|p1a: Sinistcha|Scald|p2a: Iron Moth
|-supereffective|p2a: Iron Moth
|-damage|p2a: Iron Moth|44/100
|
|-heal|p1a: Sinistcha|62/100|[from] item: Leftovers
|upkeep
|turn|14
|
|t:|1760417092
|move|p2a: Iron Moth|Fiery Dance|p1a: Sinistcha
|-damage|p1a: Sinistcha|18/100
|move|p1a: Sinistcha|Scald|p2a: Iron Moth
|-supereffective|p2a: Iron Moth
|-damage|p2a: Iron Moth|0 fnt
|faint|p2a: Iron Moth
|-end|p2a: Iron Moth|Quark Drive|[silent]
|
|-heal|p1a: Sinistcha|24/100|[from] item: Leftovers
|upkeep
|
|t:|1760417099
|switch|p2a: Rotom|Rotom-Wash|57/100
|turn|15
|
|t:|1760417115
|switch|p1a: Okidogi|Okidogi, M|100/100
|move|p2a: Rotom|Discharge|p1a: Okidogi
|-damage|p1a: Okidogi|76/100
|
|-heal|p2a: Rotom|63/100|[from] item: Leftovers
|upkeep
|turn|16
|
|t:|1760417123
|move|p2a: Rotom|Volt Switch|p1a: Okidogi
|-damage|p1a: Okidogi|54/100
|
|t:|1760417126
|switch|p2a: Corviknight|Corviknight, F|100/100|[from] Volt Switch
|move|p1a: Okidogi|Knock Off|p2a: Corviknight
|-damage|p2a: Corviknight|78/100
|-damage|p1a: Okidogi|38/100|[from] item: Rocky Helmet|[of] p2a: Corviknight
|-enditem|p2a: Corviknight|Rocky Helmet|[from] move: Knock Off|[of] p1a: Okidogi
|
|upkeep
|turn|17
|
|t:|1760417136
|move|p1a: Okidogi|Drain Punch|p2a: Corviknight
|-damage|p2a: Corviknight|52/100
|-heal|p1a: Okidogi|51/100|[from] drain|[of] p2a: Corviknight
|move|p2a: Corviknight|U-turn|p1a: Okidogi
|-resisted|p1a: Okidogi
|-damage|p1a: Okidogi|49/100
|
|t:|1760417162
|switch|p2a: Ursaluna|Ursaluna, F|100/100|[from] U-turn
|
|-status|p2a: Ursaluna|brn|[from] item: Flame Orb
|upkeep
|turn|18
|
|t:|1760417167
|-terastallize|p2a: Ursaluna|Ghost
|move|p2a: Ursaluna|Trailblaze|p1a: Okidogi
|-resisted|p1a: Okidogi
|-damage|p1a: Okidogi|38/100
|-boost|p2a: Ursaluna|spe|1
|move|p1a: Okidogi|Ice Punch|p2a: Ursaluna
|-damage|p2a: Ursaluna|78/100 brn
|
|-damage|p2a: Ursaluna|71/100 brn|[from] brn
|upkeep
|turn|19
|
|t:|1760417182
|move|p2a: Ursaluna|Facade|p1a: Okidogi
|-damage|p1a: Okidogi|0 fnt
|faint|p1a: Okidogi
|
|-damage|p2a: Ursaluna|65/100 brn|[from] brn
|upkeep
|
|t:|1760417184
|switch|p1a: Sinistcha|Sinistcha, tera:Poison|24/100
|turn|20
|
|t:|1760417187
|move|p2a: Ursaluna|Facade|p1a: Sinistcha
|-damage|p1a: Sinistcha|0 fnt
|faint|p1a: Sinistcha
|
|-damage|p2a: Ursaluna|59/100 brn|[from] brn
|upkeep
|
|t:|1760417195
|switch|p1a: Entei|Entei|76/100
|turn|21
|
|t:|1760417200
|move|p1a: Entei|Sacred Fire|p2a: Ursaluna
|-damage|p2a: Ursaluna|2/100 brn
|move|p2a: Ursaluna|Headlong Rush|p1a: Entei
|-supereffective|p1a: Entei
|-damage|p1a: Entei|0 fnt
|-unboost|p2a: Ursaluna|def|1
|-unboost|p2a: Ursaluna|spd|1
|faint|p1a: Entei
|
|-damage|p2a: Ursaluna|0 fnt|[from] brn
|faint|p2a: Ursaluna
|upkeep
|
|t:|1760417211
|switch|p1a: Braviary|Braviary-Hisui, M|100/100
|switch|p2a: Rotom|Rotom-Wash|63/100
|turn|22
|
|t:|1760417216
|move|p2a: Rotom|Discharge|p1a: Braviary
|-supereffective|p1a: Braviary
|-damage|p1a: Braviary|30/100
|move|p1a: Braviary|Psychic|p2a: Rotom
|-crit|p2a: Rotom
|-damage|p2a: Rotom|0 fnt
|faint|p2a: Rotom
|
|upkeep
|
|t:|1760417221
|switch|p2a: Ting-Lu|Ting-Lu|54/100
|-ability|p2a: Ting-Lu|Vessel of Ruin
|turn|23
|
|t:|1760417224
|move|p1a: Braviary|Hurricane|p2a: Ting-Lu
|-damage|p2a: Ting-Lu|21/100
|move|p2a: Ting-Lu|Payback|p1a: Braviary
|-supereffective|p1a: Braviary
|-crit|p1a: Braviary
|-damage|p1a: Braviary|0 fnt
|faint|p1a: Braviary
|
|win|mj9964
|raw|thebacchusbraviary's rating: 1383 &rarr; <strong>1360</strong><br />(-23 for losing)
|raw|mj9964's rating: 1337 &rarr; <strong>1360</strong><br />(+23 for winning)
|l|☆mj9964
|player|p2|
|l|☆thebacchusbraviary
|player|p1|
