|j|☆Ebastia12
|j|☆Hybbridd
|t:|1760459536
|gametype|singles
|player|p1|Ebastia12|101|1406
|player|p2|Hybbridd|lucas-gen4pt|1421
|gen|9
|tier|[Gen 9] OU
|rated|
|rule|HP Percentage Mod: HP is shown in percentages
|rule|Endless Battle Clause: Forcing endless battles is banned
|rule|Species Clause: Limit one of each Pokémon
|rule|OHKO Clause: OHKO moves are banned
|rule|Evasion Items Clause: Evasion items are banned
|rule|Evasion Moves Clause: Evasion moves are banned
|rule|Evasion Abilities Clause: Evasion abilities are banned
|rule|Sleep Moves Clause: Sleep-inducing moves are banned
|clearpoke
|poke|p1|Gholdengo|
|poke|p1|Iron Treads|
|poke|p1|Moltres|
|poke|p1|Samurott-Hisui, F|
|poke|p1|Sinistcha|
|poke|p1|Ting-Lu|
|poke|p2|Dragapult, M|
|poke|p2|Alomomola, F|
|poke|p2|Gholdengo|
|poke|p2|Scizor, F|
|poke|p2|Heatran, M|
|poke|p2|Zamazenta-*|
|teampreview
|inactive|Battle timer is ON: inactive players will automatically lose when time's up. (requested by Ebastia12)
|
|t:|1760459553
|teamsize|p1|6
|teamsize|p2|6
|start
|switch|p1a: Gholdengo|Gholdengo|100/100
|switch|p2a: Scizor|Scizor, F|100/100
|turn|1
|
|t:|1760459564
|switch|p1a: Ting-Lu|Ting-Lu|100/100
|-ability|p1a: Ting-Lu|Vessel of Ruin
|move|p2a: Scizor|Knock Off|p1a: Ting-Lu
|-resisted|p1a: Ting-Lu
|-damage|p1a: Ting-Lu|92/100
|-enditem|p1a: Ting-Lu|Leftovers|[from] move: Knock Off|[of] p2a: Scizor
|
|upkeep
|turn|2
|
|t:|1760459588
|move|p2a: Scizor|U-turn|p1a: Ting-Lu
|-supereffective|p1a: Ting-Lu
|-damage|p1a: Ting-Lu|48/100
|
|t:|1760459592
|switch|p2a: Alomomola|Alomomola, F, shiny|100/100|[from] U-turn
|move|p1a: Ting-Lu|Stealth Rock|p2a: Alomomola
|-sidestart|p2: Hybbridd|move: Stealth Rock
|
|upkeep
|turn|3
|
|t:|1760459613
|switch|p1a: Sinistcha|Sinistcha|100/100
|move|p2a: Alomomola|Flip Turn|p1a: Sinistcha
|-resisted|p1a: Sinistcha
|-damage|p1a: Sinistcha|95/100
|
|t:|1760459615
|switch|p2a: Scizor|Scizor, F|100/100|[from] Flip Turn
|
|upkeep
|turn|4
|
|t:|1760459620
|move|p2a: Scizor|Knock Off|p1a: Sinistcha
|-supereffective|p1a: Sinistcha
|-damage|p1a: Sinistcha|44/100
|-enditem|p1a: Sinistcha|Heavy-Duty Boots|[from] move: Knock Off|[of] p2a: Scizor
|move|p1a: Sinistcha|Strength Sap|p2a: Scizor
|-unboost|p2a: Scizor|atk|1
|-heal|p1a: Sinistcha|100/100
|
|upkeep
|turn|5
|
|t:|1760459626
|move|p2a: Scizor|Defog|p1a: Sinistcha
|-unboost|p1a: Sinistcha|evasion|1
|-sideend|p2: Hybbridd|Stealth Rock|[from] move: Defog|[of] p2a: Scizor
|move|p1a: Sinistcha|Calm Mind|p1a: Sinistcha
|-boost|p1a: Sinistcha|spa|1
|-boost|p1a: Sinistcha|spd|1
|
|upkeep
|turn|6
|
|t:|1760459631
|move|p2a: Scizor|U-turn|p1a: Sinistcha
|-damage|p1a: Sinistcha|85/100
|
|t:|1760459633
|switch|p2a: Heatran|Heatran, M|100/100|[from] U-turn
|move|p1a: Sinistcha|Calm Mind|p1a: Sinistcha
|-boost|p1a: Sinistcha|spa|1
|-boost|p1a: Sinistcha|spd|1
|
|upkeep
|turn|7
|
|t:|1760459641
|move|p2a: Heatran|Magma Storm|p1a: Sinistcha
|-supereffective|p1a: Sinistcha
|-damage|p1a: Sinistcha|53/100
|-activate|p1a: Sinistcha|move: Magma Storm|[of] p2a: Heatran
|move|p1a: Sinistcha|Calm Mind|p1a: Sinistcha
|-boost|p1a: Sinistcha|spa|1
|-boost|p1a: Sinistcha|spd|1
|
|-damage|p1a: Sinistcha|40/100|[from] move: Magma Storm|[partiallytrapped]
|upkeep
|turn|8
|
|t:|1760459653
|move|p2a: Heatran|Taunt|p1a: Sinistcha
|-start|p1a: Sinistcha|move: Taunt
|cant|p1a: Sinistcha|move: Taunt|Strength Sap
|
|-damage|p1a: Sinistcha|28/100|[from] move: Magma Storm|[partiallytrapped]
|upkeep
|turn|9
|inactive|Ebastia12 has 120 seconds left.
|l|☆Hybbridd
|inactive|Hybbridd disconnected and has a minute to reconnect!
|player|p2|
|j|☆Hybbridd
|inactive|Hybbridd reconnected.
|player|p2|Hybbridd|lucas-gen4pt|
|inactive|Ebastia12 has 90 seconds left.
|inactive|Ebastia12 has 60 seconds left.
|
|t:|1760459745
|switch|p1a: Ting-Lu|Ting-Lu|48/100
|-ability|p1a: Ting-Lu|Vessel of Ruin
|move|p2a: Heatran|Stealth Rock|p1a: Ting-Lu
|-sidestart|p1: Ebastia12|move: Stealth Rock
|
|upkeep
|turn|10
|
|t:|1760459752
|switch|p2a: Scizor|Scizor, F|100/100
|move|p1a: Ting-Lu|Earthquake|p2a: Scizor
|-damage|p2a: Scizor|54/100
|
|upkeep
|turn|11
|
|t:|1760459757
|move|p2a: Scizor|U-turn|p1a: Ting-Lu
|-supereffective|p1a: Ting-Lu
|-damage|p1a: Ting-Lu|11/100
|
|t:|1760459762
|switch|p2a: Alomomola|Alomomola, F, shiny|100/100|[from] U-turn
|move|p1a: Ting-Lu|Stealth Rock|p2a: Alomomola
|-sidestart|p2: Hybbridd|move: Stealth Rock
|
|upkeep
|turn|12
|
|t:|1760459777
|switch|p1a: Gholdengo|Gholdengo|100/100
|-damage|p1a: Gholdengo|94/100|[from] Stealth Rock
|move|p2a: Alomomola|Wish|p2a: Alomomola
|
|upkeep
|turn|13
|
|t:|1760459784
|move|p1a: Gholdengo|Nasty Plot|p1a: Gholdengo
|-boost|p1a: Gholdengo|spa|2
|move|p2a: Alomomola|Flip Turn|p1a: Gholdengo
|-damage|p1a: Gholdengo|75/100
|
|t:|1760459787
|switch|p2a: Scizor|Scizor, F|54/100|[from] Flip Turn
|
|-heal|p2a: Scizor|100/100|[from] move: Wish|[wisher] Alomomola
|upkeep
|turn|14
|
|t:|1760459793
|move|p1a: Gholdengo|Make It Rain|p2a: Scizor
|-resisted|p2a: Scizor
|-damage|p2a: Scizor|0 fnt
|-unboost|p1a: Gholdengo|spa|1
|faint|p2a: Scizor
|
|upkeep
|inactive|Hybbridd has 120 seconds left.
|inactive|Hybbridd has 90 seconds left.
|
|t:|1760459855
|switch|p2a: Zamazenta|Zamazenta|100/100
|-damage|p2a: Zamazenta|94/100|[from] Stealth Rock
|-ability|p2a: Zamazenta|Dauntless Shield|boost
|-boost|p2a: Zamazenta|def|1
|turn|15
|inactive|Ebastia12 has 90 seconds left.
|
|t:|1760459866
|-terastallize|p2a: Zamazenta|Steel
|move|p2a: Zamazenta|Crunch|p1a: Gholdengo
|-supereffective|p1a: Gholdengo
|-damage|p1a: Gholdengo|4/100
|-damage|p2a: Zamazenta|84/100|[from] item: Life Orb
|move|p1a: Gholdengo|Make It Rain|p2a: Zamazenta
|-resisted|p2a: Zamazenta
|-damage|p2a: Zamazenta|30/100
|-unboost|p1a: Gholdengo|spa|1
|
|upkeep
|turn|16
|inactive|Ebastia12 has 90 seconds left.
|
|t:|1760459882
|move|p2a: Zamazenta|Crunch|p1a: Gholdengo
|-supereffective|p1a: Gholdengo
|-damage|p1a: Gholdengo|0 fnt
|faint|p1a: Gholdengo
|-damage|p2a: Zamazenta|20/100|[from] item: Life Orb
|
|upkeep
|inactive|Ebastia12 has 90 seconds left.
|
|t:|1760459889
|switch|p1a: Samurott|Samurott-Hisui, F|100/100
|-damage|p1a: Samurott|88/100|[from] Stealth Rock
|turn|17
|
|t:|1760459893
|switch|p2a: Alomomola|Alomomola, F, shiny|100/100
|move|p1a: Samurott|Ceaseless Edge|p2a: Alomomola
|-damage|p2a: Alomomola|65/100
|-sidestart|p2: Hybbridd|Spikes
|
|upkeep
|turn|18
|
|t:|1760459896
|move|p1a: Samurott|Ceaseless Edge|p2a: Alomomola
|-damage|p2a: Alomomola|30/100
|-sidestart|p2: Hybbridd|Spikes
|move|p2a: Alomomola|Wish|p2a: Alomomola
|
|upkeep
|turn|19
|
|t:|1760459900
|move|p2a: Alomomola|Protect|p2a: Alomomola
|-singleturn|p2a: Alomomola|Protect
|move|p1a: Samurott|Ceaseless Edge|p2a: Alomomola
|-activate|p2a: Alomomola|move: Protect
|
|-heal|p2a: Alomomola|80/100|[from] move: Wish|[wisher] Alomomola
|upkeep
|turn|20
|
|t:|1760459904
|move|p1a: Samurott|Ceaseless Edge|p2a: Alomomola
|-damage|p2a: Alomomola|49/100
|-sidestart|p2: Hybbridd|Spikes
|move|p2a: Alomomola|Wish|p2a: Alomomola
|
|upkeep
|turn|21
|
|t:|1760459920
|move|p2a: Alomomola|Protect|p2a: Alomomola
|-singleturn|p2a: Alomomola|Protect
|move|p1a: Samurott|Ceaseless Edge|p2a: Alomomola
|-activate|p2a: Alomomola|move: Protect
|
|-heal|p2a: Alomomola|99/100|[from] move: Wish|[wisher] Alomomola
|upkeep
|turn|22
|
|t:|1760459937
|move|p1a: Samurott|Ceaseless Edge|p2a: Alomomola
|-damage|p2a: Alomomola|67/100
|move|p2a: Alomomola|Flip Turn|p1a: Samurott
|-resisted|p1a: Samurott
|-damage|p1a: Samurott|79/100
|
|t:|1760459953
|switch|p2a: Dragapult|Dragapult, M|100/100|[from] Flip Turn
|
|upkeep
|turn|23
|
|t:|1760459957
|move|p1a: Samurott|Ceaseless Edge|p2a: Dragapult
|-supereffective|p2a: Dragapult
|-damage|p2a: Dragapult|0 fnt
|faint|p2a: Dragapult
|
|upkeep
|
|t:|1760459966
|switch|p2a: Heatran|Heatran, M|100/100
|-damage|p2a: Heatran|88/100|[from] Stealth Rock
|-damage|p2a: Heatran|63/100|[from] Spikes
|turn|24
|
|t:|1760459972
|move|p1a: Samurott|Ceaseless Edge|p2a: Heatran
|-damage|p2a: Heatran|18/100
|move|p2a: Heatran|Earth Power|p1a: Samurott
|-damage|p1a: Samurott|33/100
|
|-heal|p2a: Heatran|25/100|[from] item: Leftovers
|upkeep
|turn|25
|
|t:|1760459980
|move|p1a: Samurott|Ceaseless Edge|p2a: Heatran
|-damage|p2a: Heatran|0 fnt
|faint|p2a: Heatran
|
|upkeep
|
|t:|1760459984
|switch|p2a: Alomomola|Alomomola, F, shiny|100/100
|turn|26
|
|t:|1760459987
|move|p2a: Alomomola|Protect|p2a: Alomomola
|-singleturn|p2a: Alomomola|Protect
|move|p1a: Samurott|Ceaseless Edge|p2a: Alomomola
|-activate|p2a: Alomomola|move: Protect
|
|upkeep
|turn|27
|
|t:|1760459991
|move|p1a: Samurott|Ceaseless Edge|p2a: Alomomola
|-damage|p2a: Alomomola|67/100
|move|p2a: Alomomola|Wish|p2a: Alomomola
|
|upkeep
|turn|28
|
|t:|1760459994
|move|p1a: Samurott|Ceaseless Edge|p2a: Alomomola
|-damage|p2a: Alomomola|32/100
|move|p2a: Alomomola|Scald|p1a: Samurott
|-resisted|p1a: Samurott
|-damage|p1a: Samurott|23/100
|
|-heal|p2a: Alomomola|82/100|[from] move: Wish|[wisher] Alomomola
|upkeep
|turn|29
|
|t:|1760460004
|switch|p1a: Iron Treads|Iron Treads|100/100
|-damage|p1a: Iron Treads|98/100|[from] Stealth Rock
|move|p2a: Alomomola|Wish|p2a: Alomomola
|
|upkeep
|turn|30
|
|t:|1760460011
|switch|p2a: Gholdengo|Gholdengo|100/100
|-damage|p2a: Gholdengo|94/100|[from] Stealth Rock
|-item|p2a: Gholdengo|Air Balloon
|move|p1a: Iron Treads|Rapid Spin|p2a: Gholdengo
|-immune|p2a: Gholdengo
|
|-heal|p2a: Gholdengo|100/100|[from] move: Wish|[wisher] Alomomola
|upkeep
|turn|31
|
|t:|1760460022
|switch|p2a: Alomomola|Alomomola, F, shiny|100/100
|-end|p1a: Iron Treads|Quark Drive|[silent]
|switch|p1a: Moltres|Moltres|100/100
|
|upkeep
|turn|32
|
|t:|1760460048
|move|p1a: Moltres|U-turn|p2a: Alomomola
|-damage|p2a: Alomomola|88/100
|
|t:|1760460055
|switch|p1a: Iron Treads|Iron Treads|98/100|[from] U-turn
|-damage|p1a: Iron Treads|95/100|[from] Stealth Rock
|move|p2a: Alomomola|Flip Turn|p1a: Iron Treads
|-supereffective|p1a: Iron Treads
|-damage|p1a: Iron Treads|71/100
|
|t:|1760460064
|switch|p2a: Gholdengo|Gholdengo|100/100|[from] Flip Turn
|-damage|p2a: Gholdengo|94/100|[from] Stealth Rock
|-item|p2a: Gholdengo|Air Balloon
|
|upkeep
|turn|33
|
|t:|1760460073
|switch|p2a: Zamazenta|Zamazenta, tera:Steel|20/100
|-damage|p2a: Zamazenta|14/100|[from] Stealth Rock
|-damage|p2a: Zamazenta|0 fnt|[from] Spikes
|faint|p2a: Zamazenta
|-end|p1a: Iron Treads|Quark Drive|[silent]
|switch|p1a: Moltres|Moltres|100/100
|
|upkeep
|
|t:|1760460083
|switch|p2a: Alomomola|Alomomola, F, shiny|100/100
|turn|34
|
|t:|1760460089
|move|p1a: Moltres|U-turn|p2a: Alomomola
|-damage|p2a: Alomomola|89/100
|
|t:|1760460101
|switch|p1a: Iron Treads|Iron Treads|71/100|[from] U-turn
|-damage|p1a: Iron Treads|68/100|[from] Stealth Rock
|move|p2a: Alomomola|Scald|p1a: Iron Treads
|-supereffective|p1a: Iron Treads
|-damage|p1a: Iron Treads|44/100
|
|upkeep
|turn|35
|
|t:|1760460130
|move|p2a: Alomomola|Protect|p2a: Alomomola
|-singleturn|p2a: Alomomola|Protect
|move|p1a: Iron Treads|Rapid Spin|p2a: Alomomola
|-activate|p2a: Alomomola|move: Protect
|
|upkeep
|turn|36
|
|t:|1760460137
|move|p1a: Iron Treads|Ice Spinner|p2a: Alomomola
|-resisted|p2a: Alomomola
|-damage|p2a: Alomomola|81/100
|move|p2a: Alomomola|Scald|p1a: Iron Treads
|-supereffective|p1a: Iron Treads
|-damage|p1a: Iron Treads|24/100
|
|upkeep
|turn|37
|
|t:|1760460154
|-end|p1a: Iron Treads|Quark Drive|[silent]
|switch|p1a: Ting-Lu|Ting-Lu|11/100
|-damage|p1a: Ting-Lu|4/100|[from] Stealth Rock
|-ability|p1a: Ting-Lu|Vessel of Ruin
|move|p2a: Alomomola|Flip Turn|p1a: Ting-Lu
|-supereffective|p1a: Ting-Lu
|-damage|p1a: Ting-Lu|0 fnt
|faint|p1a: Ting-Lu
|
|t:|1760460161
|switch|p2a: Gholdengo|Gholdengo|94/100|[from] Flip Turn
|-damage|p2a: Gholdengo|88/100|[from] Stealth Rock
|-item|p2a: Gholdengo|Air Balloon
|
|upkeep
|
|t:|1760460170
|switch|p1a: Samurott|Samurott-Hisui, F|23/100
|-damage|p1a: Samurott|10/100|[from] Stealth Rock
|turn|38
|
|t:|1760460175
|switch|p2a: Alomomola|Alomomola, F, shiny|100/100
|move|p1a: Samurott|Knock Off|p2a: Alomomola
|-damage|p2a: Alomomola|66/100
|-enditem|p2a: Alomomola|Heavy-Duty Boots|[from] move: Knock Off|[of] p1a: Samurott
|
|upkeep
|turn|39
|
|t:|1760460187
|move|p1a: Samurott|Knock Off|p2a: Alomomola
|-damage|p2a: Alomomola|45/100
|move|p2a: Alomomola|Wish|p2a: Alomomola
|
|upkeep
|turn|40
|
|t:|1760460197
|switch|p1a: Moltres|Moltres|100/100
|move|p2a: Alomomola|Scald|p1a: Moltres
|-supereffective|p1a: Moltres
|-damage|p1a: Moltres|73/100
|
|-heal|p2a: Alomomola|95/100|[from] move: Wish|[wisher] Alomomola
|upkeep
|turn|41
|
|t:|1760460224
|move|p1a: Moltres|Will-O-Wisp|p2a: Alomomola
|-status|p2a: Alomomola|brn
|move|p2a: Alomomola|Scald|p1a: Moltres
|-supereffective|p1a: Moltres
|-damage|p1a: Moltres|45/100
|
|-damage|p2a: Alomomola|89/100 brn|[from] brn
|upkeep
|turn|42
|
|t:|1760460233
|move|p1a: Moltres|Roost|p1a: Moltres
|-heal|p1a: Moltres|95/100
|-singleturn|p1a: Moltres|move: Roost
|move|p2a: Alomomola|Scald|p1a: Moltres
|-supereffective|p1a: Moltres
|-damage|p1a: Moltres|68/100
|
|-damage|p2a: Alomomola|82/100 brn|[from] brn
|upkeep
|turn|43
|
|t:|1760460250
|move|p1a: Moltres|U-turn|p2a: Alomomola
|-crit|p2a: Alomomola
|-damage|p2a: Alomomola|64/100 brn
|
|t:|1760460255
|switch|p1a: Sinistcha|Sinistcha|28/100|[from] U-turn
|-damage|p1a: Sinistcha|15/100|[from] Stealth Rock
|move|p2a: Alomomola|Scald|p1a: Sinistcha
|-resisted|p1a: Sinistcha
|-damage|p1a: Sinistcha|7/100
|
|-damage|p2a: Alomomola|58/100 brn|[from] brn
|upkeep
|turn|44
|
|t:|1760460263
|switch|p2a: Gholdengo|Gholdengo|88/100
|-damage|p2a: Gholdengo|82/100|[from] Stealth Rock
|-item|p2a: Gholdengo|Air Balloon
|move|p1a: Sinistcha|Strength Sap|p2a: Gholdengo
|-immune|p2a: Gholdengo|[from] ability: Good as Gold
|
|upkeep
|turn|45
|
|t:|1760460273
|move|p2a: Gholdengo|Shadow Ball|p1a: Sinistcha
|-supereffective|p1a: Sinistcha
|-damage|p1a: Sinistcha|0 fnt
|faint|p1a: Sinistcha
|
|upkeep
|
|t:|1760460277
|switch|p1a: Moltres|Moltres|68/100
|turn|46
|
|t:|1760460281
|switch|p2a: Alomomola|Alomomola, F, shiny|92/100 brn
|-damage|p2a: Alomomola|79/100 brn|[from] Stealth Rock
|-damage|p2a: Alomomola|54/100 brn|[from] Spikes
|move|p1a: Moltres|Flamethrower|p2a: Alomomola
|-resisted|p2a: Alomomola
|-damage|p2a: Alomomola|40/100 brn
|
|-damage|p2a: Alomomola|34/100 brn|[from] brn
|upkeep
|turn|47
|
|t:|1760460289
|move|p1a: Moltres|Flamethrower|p2a: Alomomola
|-resisted|p2a: Alomomola
|-damage|p2a: Alomomola|21/100 brn
|move|p2a: Alomomola|Wish|p2a: Alomomola
|
|-damage|p2a: Alomomola|15/100 brn|[from] brn
|upkeep
|turn|48
|
|t:|1760460297
|move|p2a: Alomomola|Protect|p2a: Alomomola
|-singleturn|p2a: Alomomola|Protect
|move|p1a: Moltres|Roost|p1a: Moltres
|-heal|p1a: Moltres|100/100
|-singleturn|p1a: Moltres|move: Roost
|
|-heal|p2a: Alomomola|65/100 brn|[from] move: Wish|[wisher] Alomomola
|-damage|p2a: Alomomola|59/100 brn|[from] brn
|upkeep
|turn|49
|
|t:|1760460306
|move|p1a: Moltres|Flamethrower|p2a: Alomomola
|-resisted|p2a: Alomomola
|-damage|p2a: Alomomola|45/100 brn
|move|p2a: Alomomola|Wish|p2a: Alomomola
|
|-damage|p2a: Alomomola|39/100 brn|[from] brn
|upkeep
|turn|50
|
|t:|1760460311
|move|p1a: Moltres|Flamethrower|p2a: Alomomola
|-resisted|p2a: Alomomola
|-damage|p2a: Alomomola|25/100 brn
|move|p2a: Alomomola|Scald|p1a: Moltres
|-supereffective|p1a: Moltres
|-damage|p1a: Moltres|75/100
|
|-heal|p2a: Alomomola|75/100 brn|[from] move: Wish|[wisher] Alomomola
|-damage|p2a: Alomomola|69/100 brn|[from] brn
|upkeep
|turn|51
|
|t:|1760460315
|move|p1a: Moltres|Flamethrower|p2a: Alomomola
|-resisted|p2a: Alomomola
|-damage|p2a: Alomomola|56/100 brn
|move|p2a: Alomomola|Wish|p2a: Alomomola
|
|-damage|p2a: Alomomola|50/100 brn|[from] brn
|upkeep
|turn|52
|
|t:|1760460318
|move|p1a: Moltres|Flamethrower|p2a: Alomomola
|-resisted|p2a: Alomomola
|-damage|p2a: Alomomola|37/100 brn
|move|p2a: Alomomola|Scald|p1a: Moltres
|-supereffective|p1a: Moltres
|-damage|p1a: Moltres|49/100
|
|-heal|p2a: Alomomola|87/100 brn|[from] move: Wish|[wisher] Alomomola
|-damage|p2a: Alomomola|81/100 brn|[from] brn
|upkeep
|turn|53
|
|t:|1760460326
|move|p1a: Moltres|Roost|p1a: Moltres
|-heal|p1a: Moltres|99/100
|-singleturn|p1a: Moltres|move: Roost
|move|p2a: Alomomola|Wish|p2a: Alomomola
|
|-damage|p2a: Alomomola|75/100 brn|[from] brn
|upkeep
|turn|54
|
|t:|1760460343
|move|p1a: Moltres|Flamethrower|p2a: Alomomola
|-resisted|p2a: Alomomola
|-damage|p2a: Alomomola|60/100 brn
|move|p2a: Alomomola|Flip Turn|p1a: Moltres
|-supereffective|p1a: Moltres
|-damage|p1a: Moltres|87/100
|
|t:|1760460350
|switch|p2a: Gholdengo|Gholdengo|82/100|[from] Flip Turn
|-damage|p2a: Gholdengo|76/100|[from] Stealth Rock
|-item|p2a: Gholdengo|Air Balloon
|
|-heal|p2a: Gholdengo|100/100|[from] move: Wish|[wisher] Alomomola
|upkeep
|turn|55
|
|t:|1760460359
|switch|p2a: Alomomola|Alomomola, F, shiny|94/100 brn
|-damage|p2a: Alomomola|81/100 brn|[from] Stealth Rock
|-damage|p2a: Alomomola|56/100 brn|[from] Spikes
|move|p1a: Moltres|Flamethrower|p2a: Alomomola
|-resisted|p2a: Alomomola
|-damage|p2a: Alomomola|42/100 brn
|
|-damage|p2a: Alomomola|36/100 brn|[from] brn
|upkeep
|turn|56
|
|t:|1760460366
|move|p1a: Moltres|U-turn|p2a: Alomomola
|-damage|p2a: Alomomola|25/100 brn
|
|t:|1760460370
|switch|p1a: Iron Treads|Iron Treads|24/100|[from] U-turn
|-damage|p1a: Iron Treads|21/100|[from] Stealth Rock
|move|p2a: Alomomola|Wish|p2a: Alomomola
|
|-damage|p2a: Alomomola|19/100 brn|[from] brn
|upkeep
|turn|57
|
|t:|1760460393
|move|p2a: Alomomola|Protect|p2a: Alomomola
|-singleturn|p2a: Alomomola|Protect
|move|p1a: Iron Treads|Megahorn|p2a: Alomomola
|-activate|p2a: Alomomola|move: Protect
|
|-heal|p2a: Alomomola|69/100 brn|[from] move: Wish|[wisher] Alomomola
|-damage|p2a: Alomomola|63/100 brn|[from] brn
|upkeep
|turn|58
|
|t:|1760460401
|switch|p2a: Gholdengo|Gholdengo|100/100
|-damage|p2a: Gholdengo|94/100|[from] Stealth Rock
|-item|p2a: Gholdengo|Air Balloon
|move|p1a: Iron Treads|Rapid Spin|p2a: Gholdengo
|-immune|p2a: Gholdengo
|
|upkeep
|turn|59
|
|t:|1760460409
|-end|p1a: Iron Treads|Quark Drive|[silent]
|switch|p1a: Samurott|Samurott-Hisui, F|10/100
|-damage|p1a: Samurott|0 fnt|[from] Stealth Rock
|faint|p1a: Samurott
|move|p2a: Gholdengo|Shadow Ball|p1: Samurott|[notarget]
|-fail|p2a: Gholdengo
|
|upkeep
|
|t:|1760460415
|switch|p1a: Moltres|Moltres|87/100
|turn|60
|
|t:|1760460424
|switch|p2a: Alomomola|Alomomola, F, shiny|96/100 brn
|-damage|p2a: Alomomola|84/100 brn|[from] Stealth Rock
|-damage|p2a: Alomomola|59/100 brn|[from] Spikes
|move|p1a: Moltres|Flamethrower|p2a: Alomomola
|-resisted|p2a: Alomomola
|-damage|p2a: Alomomola|44/100 brn
|
|-damage|p2a: Alomomola|38/100 brn|[from] brn
|upkeep
|turn|61
|
|t:|1760460429
|move|p1a: Moltres|Flamethrower|p2a: Alomomola
|-resisted|p2a: Alomomola
|-damage|p2a: Alomomola|24/100 brn
|move|p2a: Alomomola|Wish|p2a: Alomomola
|
|-damage|p2a: Alomomola|18/100 brn|[from] brn
|upkeep
|turn|62
|
|t:|1760460446
|move|p2a: Alomomola|Protect|p2a: Alomomola
|-singleturn|p2a: Alomomola|Protect
|move|p1a: Moltres|U-turn|p2a: Alomomola
|-activate|p2a: Alomomola|move: Protect
|
|-heal|p2a: Alomomola|68/100 brn|[from] move: Wish|[wisher] Alomomola
|-damage|p2a: Alomomola|62/100 brn|[from] brn
|upkeep
|turn|63
|
|t:|1760460457
|move|p1a: Moltres|Flamethrower|p2a: Alomomola
|-resisted|p2a: Alomomola
|-damage|p2a: Alomomola|49/100 brn
|move|p2a: Alomomola|Wish|p2a: Alomomola
|
|-damage|p2a: Alomomola|43/100 brn|[from] brn
|upkeep
|turn|64
|
|t:|1760460461
|move|p1a: Moltres|Flamethrower|p2a: Alomomola
|-resisted|p2a: Alomomola
|-damage|p2a: Alomomola|30/100 brn
|move|p2a: Alomomola|Scald|p1a: Moltres
|-supereffective|p1a: Moltres
|-damage|p1a: Moltres|57/100
|
|-heal|p2a: Alomomola|80/100 brn|[from] move: Wish|[wisher] Alomomola
|-damage|p2a: Alomomola|73/100 brn|[from] brn
|upkeep
|turn|65
|
|t:|1760460468
|move|p1a: Moltres|Roost|p1a: Moltres
|-heal|p1a: Moltres|100/100
|-singleturn|p1a: Moltres|move: Roost
|move|p2a: Alomomola|Scald|p1a: Moltres
|-supereffective|p1a: Moltres
|-damage|p1a: Moltres|75/100
|
|-damage|p2a: Alomomola|67/100 brn|[from] brn
|upkeep
|turn|66
|
|t:|1760460479
|move|p1a: Moltres|Flamethrower|p2a: Alomomola
|-resisted|p2a: Alomomola
|-damage|p2a: Alomomola|54/100 brn
|move|p2a: Alomomola|Scald|p1a: Moltres
|-supereffective|p1a: Moltres
|-damage|p1a: Moltres|46/100
|
|-damage|p2a: Alomomola|48/100 brn|[from] brn
|upkeep
|turn|67
|
|t:|1760460488
|move|p1a: Moltres|Roost|p1a: Moltres
|-heal|p1a: Moltres|96/100
|-singleturn|p1a: Moltres|move: Roost
|move|p2a: Alomomola|Scald|p1a: Moltres
|-supereffective|p1a: Moltres
|-damage|p1a: Moltres|70/100
|
|-damage|p2a: Alomomola|42/100 brn|[from] brn
|upkeep
|turn|68
|
|t:|1760460493
|move|p1a: Moltres|Flamethrower|p2a: Alomomola
|-resisted|p2a: Alomomola
|-damage|p2a: Alomomola|29/100 brn
|move|p2a: Alomomola|Wish|p2a: Alomomola
|
|-damage|p2a: Alomomola|23/100 brn|[from] brn
|upkeep
|turn|69
|
|t:|1760460510
|move|p1a: Moltres|U-turn|p2a: Alomomola
|-damage|p2a: Alomomola|11/100 brn
|
|t:|1760460513
|switch|p1a: Iron Treads|Iron Treads|21/100|[from] U-turn
|-damage|p1a: Iron Treads|18/100|[from] Stealth Rock
|move|p2a: Alomomola|Scald|p1a: Iron Treads
|-supereffective|p1a: Iron Treads
|-damage|p1a: Iron Treads|0 fnt
|faint|p1a: Iron Treads
|-end|p1a: Iron Treads|Quark Drive|[silent]
|
|-heal|p2a: Alomomola|61/100 brn|[from] move: Wish|[wisher] Alomomola
|-damage|p2a: Alomomola|54/100 brn|[from] brn
|upkeep
|
|t:|1760460515
|switch|p1a: Moltres|Moltres|70/100
|turn|70
|
|t:|1760460527
|move|p1a: Moltres|U-turn|p2a: Alomomola
|-damage|p2a: Alomomola|44/100 brn
|move|p2a: Alomomola|Scald|p1a: Moltres
|-supereffective|p1a: Moltres
|-damage|p1a: Moltres|43/100
|
|-damage|p2a: Alomomola|37/100 brn|[from] brn
|upkeep
|turn|71
|
|t:|1760460534
|move|p1a: Moltres|Roost|p1a: Moltres
|-heal|p1a: Moltres|93/100
|-singleturn|p1a: Moltres|move: Roost
|move|p2a: Alomomola|Scald|p1a: Moltres
|-supereffective|p1a: Moltres
|-damage|p1a: Moltres|64/100
|
|-damage|p2a: Alomomola|31/100 brn|[from] brn
|upkeep
|turn|72
|
|t:|1760460538
|move|p1a: Moltres|U-turn|p2a: Alomomola
|-damage|p2a: Alomomola|20/100 brn
|move|p2a: Alomomola|Wish|p2a: Alomomola
|
|-damage|p2a: Alomomola|14/100 brn|[from] brn
|upkeep
|turn|73
|
|t:|1760460545
|move|p2a: Alomomola|Protect|p2a: Alomomola
|-singleturn|p2a: Alomomola|Protect
|move|p1a: Moltres|Flamethrower|p2a: Alomomola
|-activate|p2a: Alomomola|move: Protect
|
|-heal|p2a: Alomomola|64/100 brn|[from] move: Wish|[wisher] Alomomola
|-damage|p2a: Alomomola|58/100 brn|[from] brn
|upkeep
|turn|74
|
|t:|1760460549
|move|p1a: Moltres|U-turn|p2a: Alomomola
|-damage|p2a: Alomomola|46/100 brn
|move|p2a: Alomomola|Scald|p1a: Moltres
|-supereffective|p1a: Moltres
|-damage|p1a: Moltres|36/100
|
|-damage|p2a: Alomomola|40/100 brn|[from] brn
|upkeep
|turn|75
|
|t:|1760460553
|move|p1a: Moltres|Roost|p1a: Moltres
|-heal|p1a: Moltres|86/100
|-singleturn|p1a: Moltres|move: Roost
|move|p2a: Alomomola|Scald|p1a: Moltres
|-supereffective|p1a: Moltres
|-damage|p1a: Moltres|57/100
|
|-damage|p2a: Alomomola|33/100 brn|[from] brn
|upkeep
|turn|76
|
|t:|1760460557
|move|p1a: Moltres|U-turn|p2a: Alomomola
|-damage|p2a: Alomomola|23/100 brn
|move|p2a: Alomomola|Scald|p1a: Moltres
|-supereffective|p1a: Moltres
|-crit|p1a: Moltres
|-damage|p1a: Moltres|13/100
|
|-damage|p2a: Alomomola|16/100 brn|[from] brn
|upkeep
|turn|77
|
|t:|1760460563
|move|p1a: Moltres|Roost|p1a: Moltres
|-heal|p1a: Moltres|63/100
|-singleturn|p1a: Moltres|move: Roost
|move|p2a: Alomomola|Scald|p1a: Moltres
|-supereffective|p1a: Moltres
|-damage|p1a: Moltres|33/100
|
|-damage|p2a: Alomomola|10/100 brn|[from] brn
|upkeep
|turn|78
|
|t:|1760460570
|move|p1a: Moltres|Flamethrower|p2a: Alomomola
|-resisted|p2a: Alomomola
|-damage|p2a: Alomomola|0 fnt
|faint|p2a: Alomomola
|
|upkeep
|
|t:|1760460571
|switch|p2a: Gholdengo|Gholdengo|94/100
|-damage|p2a: Gholdengo|88/100|[from] Stealth Rock
|-item|p2a: Gholdengo|Air Balloon
|turn|79
|
|t:|1760460578
|move|p2a: Gholdengo|Shadow Ball|p1a: Moltres
|-crit|p1a: Moltres
|-damage|p1a: Moltres|0 fnt
|faint|p1a: Moltres
|
|win|Hybbridd
|raw|Ebastia12's rating: 1406 &rarr; <strong>1387</strong><br />(-19 for losing)
|raw|Hybbridd's rating: 1421 &rarr; <strong>1440</strong><br />(+19 for winning)
|l|☆Ebastia12
|player|p1|
|c|☆Hybbridd|Hold up I gotta check if that crit mattered
|c|☆Hybbridd|Ok nope it didn’t, gg wp
