|j|☆hanley78
|j|☆trubeliever
|t:|1760374043
|gametype|singles
|player|p1|hanley78|bellelba|1126
|player|p2|trubeliever|pokemaniac|1152
|gen|9
|tier|[Gen 9] OU
|rated|
|rule|HP Percentage Mod: HP is shown in percentages
|rule|Endless Battle Clause: Forcing endless battles is banned
|rule|Species Clause: Limit one of each Pokémon
|rule|OHKO Clause: OHKO moves are banned
|rule|Evasion Items Clause: Evasion items are banned
|rule|Evasion Moves Clause: Evasion moves are banned
|rule|Evasion Abilities Clause: Evasion abilities are banned
|rule|Sleep Moves Clause: Sleep-inducing moves are banned
|clearpoke
|poke|p1|Cloyster, F|
|poke|p1|Hitmonchan, M|
|poke|p1|Revavroom, M|
|poke|p1|Thundurus-Therian, M|
|poke|p1|Ting-Lu|
|poke|p1|Lokix, M|
|poke|p2|Dragapult, F|
|poke|p2|Slowking-Galar, M|
|poke|p2|Gliscor, M|
|poke|p2|Hatterene, F|
|poke|p2|Gholdengo|
|poke|p2|Samurott-Hisui, F|
|teampreview
|inactive|Battle timer is ON: inactive players will automatically lose when time's up. (requested by trubeliever)
|
|t:|1760374057
|teamsize|p1|6
|teamsize|p2|6
|start
|switch|p1a: This Guy|Hitmonchan, M|100/100
|switch|p2a: Dragapult|Dragapult, F, shiny|100/100
|turn|1
|
|t:|1760374077
|switch|p1a: Chalice Goat|Ting-Lu|100/100
|-ability|p1a: Chalice Goat|Vessel of Ruin
|move|p2a: Dragapult|Will-O-Wisp|p1a: Chalice Goat
|-status|p1a: Chalice Goat|brn
|
|-damage|p1a: Chalice Goat|94/100 brn|[from] brn
|upkeep
|turn|2
|
|t:|1760374088
|move|p2a: Dragapult|U-turn|p1a: Chalice Goat
|-supereffective|p1a: Chalice Goat
|-damage|p1a: Chalice Goat|73/100 brn
|
|t:|1760374097
|switch|p2a: Samurott|Samurott-Hisui, F|100/100|[from] U-turn
|move|p1a: Chalice Goat|Stealth Rock|p2a: Samurott
|-sidestart|p2: trubeliever|move: Stealth Rock
|
|-heal|p1a: Chalice Goat|79/100 brn|[from] item: Leftovers
|-damage|p1a: Chalice Goat|73/100 brn|[from] brn
|upkeep
|turn|3
|
|t:|1760374109
|switch|p1a: This Guy|Hitmonchan, M|100/100
|move|p2a: Samurott|Encore||[still]
|-fail|p2a: Samurott
|
|upkeep
|turn|4
|
|t:|1760374118
|-terastallize|p2a: Samurott|Poison
|move|p2a: Samurott|Ceaseless Edge|p1a: This Guy
|-resisted|p1a: This Guy
|-damage|p1a: This Guy|67/100
|-sidestart|p1: hanley78|Spikes
|move|p1a: This Guy|Rapid Spin|p2a: Samurott
|-damage|p2a: Samurott|74/100
|-boost|p1a: This Guy|spe|1
|-sideend|p1: hanley78|Spikes|[from] move: Rapid Spin|[of] p1a: This Guy
|-damage|p1a: This Guy|57/100|[from] item: Life Orb
|
|upkeep
|turn|5
|
|t:|1760374128
|move|p1a: This Guy|Rapid Spin|p2a: Samurott
|-damage|p2a: Samurott|51/100
|-boost|p1a: This Guy|spe|1
|-damage|p1a: This Guy|47/100|[from] item: Life Orb
|move|p2a: Samurott|Encore|p1a: This Guy
|-start|p1a: This Guy|Encore
|
|upkeep
|turn|6
|
|t:|1760374143
|switch|p1a: Chalice Goat|Ting-Lu|73/100 brn
|-ability|p1a: Chalice Goat|Vessel of Ruin
|switch|p2a: Dragapult|Dragapult, F, shiny|100/100
|
|-heal|p1a: Chalice Goat|79/100 brn|[from] item: Leftovers
|-damage|p1a: Chalice Goat|73/100 brn|[from] brn
|upkeep
|turn|7
|
|t:|1760374151
|move|p2a: Dragapult|U-turn|p1a: Chalice Goat
|-supereffective|p1a: Chalice Goat
|-damage|p1a: Chalice Goat|52/100 brn
|
|t:|1760374157
|switch|p2a: Gliscor|Gliscor, M|100/100|[from] U-turn
|-damage|p2a: Gliscor|88/100|[from] Stealth Rock
|move|p1a: Chalice Goat|Ruination|p2a: Gliscor
|-damage|p2a: Gliscor|44/100
|
|-heal|p1a: Chalice Goat|58/100 brn|[from] item: Leftovers
|-damage|p1a: Chalice Goat|52/100 brn|[from] brn
|-status|p2a: Gliscor|tox|[from] item: Toxic Orb
|upkeep
|turn|8
|
|t:|1760374170
|switch|p1a: Pearl|Cloyster, F|100/100
|move|p2a: Gliscor|Knock Off|p1a: Pearl
|-damage|p1a: Pearl|81/100
|-enditem|p1a: Pearl|White Herb|[from] move: Knock Off|[of] p2a: Gliscor
|
|-heal|p2a: Gliscor|57/100 tox|[from] ability: Poison Heal
|upkeep
|turn|9
|
|t:|1760374182
|move|p1a: Pearl|Shell Smash|p1a: Pearl
|-unboost|p1a: Pearl|def|1
|-unboost|p1a: Pearl|spd|1
|-boost|p1a: Pearl|atk|2
|-boost|p1a: Pearl|spa|2
|-boost|p1a: Pearl|spe|2
|move|p2a: Gliscor|Toxic|p1a: Pearl
|-status|p1a: Pearl|tox
|
|-damage|p1a: Pearl|74/100 tox|[from] psn
|-heal|p2a: Gliscor|69/100 tox|[from] ability: Poison Heal
|upkeep
|turn|10
|
|t:|1760374190
|move|p2a: Gliscor|Protect|p2a: Gliscor
|-singleturn|p2a: Gliscor|Protect
|move|p1a: Pearl|Shell Smash|p1a: Pearl
|-unboost|p1a: Pearl|def|1
|-unboost|p1a: Pearl|spd|1
|-boost|p1a: Pearl|atk|2
|-boost|p1a: Pearl|spa|2
|-boost|p1a: Pearl|spe|2
|
|-damage|p1a: Pearl|62/100 tox|[from] psn
|-heal|p2a: Gliscor|82/100 tox|[from] ability: Poison Heal
|upkeep
|turn|11
|
|t:|1760374197
|switch|p2a: Hatterene|Hatterene, F|100/100
|-damage|p2a: Hatterene|88/100|[from] Stealth Rock
|move|p1a: Pearl|Icicle Spear|p2a: Hatterene
|-damage|p2a: Hatterene|62/100
|-damage|p2a: Hatterene|34/100
|-damage|p2a: Hatterene|7/100
|-damage|p2a: Hatterene|0 fnt
|faint|p2a: Hatterene
|-hitcount|p2: Hatterene|4
|
|-damage|p1a: Pearl|43/100 tox|[from] psn
|upkeep
|
|t:|1760374214
|switch|p2a: Dragapult|Dragapult, F, shiny|100/100
|turn|12
|
|t:|1760374221
|switch|p2a: Gholdengo|Gholdengo|100/100
|-damage|p2a: Gholdengo|94/100|[from] Stealth Rock
|move|p1a: Pearl|Ice Shard|p2a: Gholdengo
|-resisted|p2a: Gholdengo
|-damage|p2a: Gholdengo|72/100
|
|-damage|p1a: Pearl|19/100 tox|[from] psn
|upkeep
|turn|13
|
|t:|1760374233
|move|p1a: Pearl|Icicle Spear|p2a: Gholdengo
|-resisted|p2a: Gholdengo
|-damage|p2a: Gholdengo|58/100
|-resisted|p2a: Gholdengo
|-damage|p2a: Gholdengo|44/100
|-resisted|p2a: Gholdengo
|-damage|p2a: Gholdengo|31/100
|-resisted|p2a: Gholdengo
|-damage|p2a: Gholdengo|17/100
|-resisted|p2a: Gholdengo
|-damage|p2a: Gholdengo|2/100
|-hitcount|p2a: Gholdengo|5
|move|p2a: Gholdengo|Recover|p2a: Gholdengo
|-heal|p2a: Gholdengo|52/100
|
|-damage|p1a: Pearl|0 fnt|[from] psn
|faint|p1a: Pearl
|upkeep
|
|t:|1760374248
|switch|p1a: Meow|Lokix, M|100/100
|turn|14
|
|t:|1760374257
|switch|p2a: Gliscor|Gliscor, M|82/100 tox
|-damage|p2a: Gliscor|69/100 tox|[from] Stealth Rock
|move|p1a: Meow|First Impression|p2a: Gliscor
|-resisted|p2a: Gliscor
|-damage|p2a: Gliscor|28/100 tox
|-damage|p1a: Meow|91/100|[from] item: Life Orb
|
|-heal|p2a: Gliscor|40/100 tox|[from] ability: Poison Heal
|upkeep
|turn|15
|
|t:|1760374279
|switch|p1a: In Me Moms Caaa|Revavroom, M|100/100
|move|p2a: Gliscor|Protect||[still]
|-fail|p2a: Gliscor
|
|-heal|p2a: Gliscor|53/100 tox|[from] ability: Poison Heal
|upkeep
|turn|16
|
|t:|1760374286
|move|p1a: In Me Moms Caaa|Shift Gear|p1a: In Me Moms Caaa
|-boost|p1a: In Me Moms Caaa|spe|2
|-boost|p1a: In Me Moms Caaa|atk|1
|move|p2a: Gliscor|Stealth Rock|p1a: In Me Moms Caaa
|-sidestart|p1: hanley78|move: Stealth Rock
|
|-heal|p2a: Gliscor|65/100 tox|[from] ability: Poison Heal
|upkeep
|turn|17
|
|t:|1760374301
|switch|p2a: Gholdengo|Gholdengo|52/100
|-damage|p2a: Gholdengo|46/100|[from] Stealth Rock
|-terastallize|p1a: In Me Moms Caaa|Flying
|move|p1a: In Me Moms Caaa|Shift Gear|p1a: In Me Moms Caaa
|-boost|p1a: In Me Moms Caaa|spe|2
|-boost|p1a: In Me Moms Caaa|atk|1
|
|upkeep
|turn|18
|
|t:|1760374313
|move|p1a: In Me Moms Caaa|Tera Blast|p2a: Gholdengo|[anim] Tera Blast Flying
|-resisted|p2a: Gholdengo
|-damage|p2a: Gholdengo|11/100
|move|p2a: Gholdengo|Thunder Wave|p1a: In Me Moms Caaa
|-status|p1a: In Me Moms Caaa|par
|
|upkeep
|turn|19
|
|t:|1760374325
|move|p1a: In Me Moms Caaa|Shift Gear|p1a: In Me Moms Caaa
|-boost|p1a: In Me Moms Caaa|spe|2
|-boost|p1a: In Me Moms Caaa|atk|1
|move|p2a: Gholdengo|Recover|p2a: Gholdengo
|-heal|p2a: Gholdengo|61/100
|
|upkeep
|turn|20
|
|t:|1760374330
|move|p1a: In Me Moms Caaa|Iron Head|p2a: Gholdengo
|-resisted|p2a: Gholdengo
|-damage|p2a: Gholdengo|18/100
|-damage|p1a: In Me Moms Caaa|84/100 par|[from] item: Rocky Helmet|[of] p2a: Gholdengo
|move|p2a: Gholdengo|Hex|p1a: In Me Moms Caaa
|-damage|p1a: In Me Moms Caaa|0 fnt
|faint|p1a: In Me Moms Caaa
|
|upkeep
|
|t:|1760374348
|switch|p1a: Meow|Lokix, M|91/100
|-damage|p1a: Meow|66/100|[from] Stealth Rock
|turn|21
|
|t:|1760374355
|move|p1a: Meow|First Impression|p2a: Gholdengo
|-resisted|p2a: Gholdengo
|-damage|p2a: Gholdengo|0 fnt
|-damage|p1a: Meow|49/100|[from] item: Rocky Helmet|[of] p2a: Gholdengo
|faint|p2a: Gholdengo
|-damage|p1a: Meow|39/100|[from] item: Life Orb
|
|upkeep
|
|t:|1760374359
|switch|p2a: Dragapult|Dragapult, F, shiny|100/100
|turn|22
|
|t:|1760374363
|move|p1a: Meow|Sucker Punch||[still]
|-fail|p1a: Meow
|move|p2a: Dragapult|Will-O-Wisp|p1a: Meow
|-status|p1a: Meow|brn
|
|-damage|p1a: Meow|33/100 brn|[from] brn
|upkeep
|turn|23
|
|t:|1760374375
|switch|p2a: Gliscor|Gliscor, M|65/100 tox
|-damage|p2a: Gliscor|53/100 tox|[from] Stealth Rock
|move|p1a: Meow|Sucker Punch||[still]
|-fail|p1a: Meow
|
|-heal|p2a: Gliscor|65/100 tox|[from] ability: Poison Heal
|-damage|p1a: Meow|27/100 brn|[from] brn
|upkeep
|turn|24
|
|t:|1760374389
|switch|p1a: This Guy|Hitmonchan, M|47/100
|-damage|p1a: This Guy|41/100|[from] Stealth Rock
|move|p2a: Gliscor|Knock Off|p1a: This Guy
|-resisted|p1a: This Guy
|-damage|p1a: This Guy|25/100
|-enditem|p1a: This Guy|Life Orb|[from] move: Knock Off|[of] p2a: Gliscor
|
|-heal|p2a: Gliscor|78/100 tox|[from] ability: Poison Heal
|upkeep
|turn|25
|
|t:|1760374397
|move|p1a: This Guy|Rapid Spin|p2a: Gliscor
|-damage|p2a: Gliscor|65/100 tox
|-boost|p1a: This Guy|spe|1
|-sideend|p1: hanley78|Stealth Rock|[from] move: Rapid Spin|[of] p1a: This Guy
|move|p2a: Gliscor|Toxic|p1a: This Guy
|-status|p1a: This Guy|tox
|
|-damage|p1a: This Guy|19/100 tox|[from] psn
|-heal|p2a: Gliscor|77/100 tox|[from] ability: Poison Heal
|upkeep
|turn|26
|
|t:|1760374404
|move|p1a: This Guy|Drain Punch|p2a: Gliscor
|-resisted|p2a: Gliscor
|-damage|p2a: Gliscor|61/100 tox
|-heal|p1a: This Guy|32/100 tox|[from] drain|[of] p2a: Gliscor
|move|p2a: Gliscor|Stealth Rock|p1a: This Guy
|-sidestart|p1: hanley78|move: Stealth Rock
|
|-damage|p1a: This Guy|19/100 tox|[from] psn
|-heal|p2a: Gliscor|73/100 tox|[from] ability: Poison Heal
|upkeep
|turn|27
|
|t:|1760374410
|move|p2a: Gliscor|Protect|p2a: Gliscor
|-singleturn|p2a: Gliscor|Protect
|move|p1a: This Guy|Drain Punch|p2a: Gliscor
|-activate|p2a: Gliscor|move: Protect
|
|-damage|p1a: This Guy|0 fnt|[from] psn
|faint|p1a: This Guy
|-heal|p2a: Gliscor|86/100 tox|[from] ability: Poison Heal
|upkeep
|
|t:|1760374417
|switch|p1a: Thundercat|Thundurus-Therian, M|100/100
|-damage|p1a: Thundercat|75/100|[from] Stealth Rock
|turn|28
|
|t:|1760374422
|move|p1a: Thundercat|Sludge Wave|p2a: Gliscor
|-resisted|p2a: Gliscor
|-damage|p2a: Gliscor|69/100 tox
|move|p2a: Gliscor|Toxic|p1a: Thundercat
|-status|p1a: Thundercat|tox
|
|-damage|p1a: Thundercat|69/100 tox|[from] psn
|-heal|p2a: Gliscor|81/100 tox|[from] ability: Poison Heal
|upkeep
|turn|29
|-message|hanley78 forfeited.
|
|win|trubeliever
|raw|hanley78's rating: 1126 &rarr; <strong>1103</strong><br />(-23 for losing)
|raw|trubeliever's rating: 1152 &rarr; <strong>1175</strong><br />(+23 for winning)
|l|☆hanley78
|player|p1|
|l|☆trubeliever
|player|p2|
