|j|☆suijilurenjia
|j|☆M4RT04K
|t:|1760452362
|gametype|singles
|player|p1|suijilurenjia|bugcatcher-gen4dp|1092
|player|p2|M4RT04K|giovanni|1149
|gen|9
|tier|[Gen 9] OU
|rated|
|rule|HP Percentage Mod: HP is shown in percentages
|rule|Endless Battle Clause: Forcing endless battles is banned
|rule|Species Clause: Limit one of each Pokémon
|rule|OHKO Clause: OHKO moves are banned
|rule|Evasion Items Clause: Evasion items are banned
|rule|Evasion Moves Clause: Evasion moves are banned
|rule|Evasion Abilities Clause: Evasion abilities are banned
|rule|Sleep Moves Clause: Sleep-inducing moves are banned
|clearpoke
|poke|p1|Mandibuzz, F|
|poke|p1|Coalossal, M|
|poke|p1|Slowking-Galar, M|
|poke|p1|Diancie|
|poke|p1|Zebstrika, M|
|poke|p1|Meowstic, M|
|poke|p2|Incineroar, M|
|poke|p2|Haxorus, M|
|poke|p2|Mimikyu, F|
|poke|p2|Rotom-Wash|
|poke|p2|Bastiodon, M|
|poke|p2|Mamoswine, M|
|teampreview
|
|t:|1760452373
|teamsize|p1|6
|teamsize|p2|6
|start
|switch|p1a: Zebstrika|Zebstrika, M|100/100
|switch|p2a: Bastiodon|Bastiodon, M|100/100
|turn|1
|
|t:|1760452382
|move|p1a: Zebstrika|Thunder Wave|p2a: Bastiodon
|-status|p2a: Bastiodon|par
|move|p2a: Bastiodon|Stealth Rock|p1a: Zebstrika
|-sidestart|p1: suijilurenjia|move: Stealth Rock
|
|upkeep
|turn|2
|
|t:|1760452389
|move|p1a: Zebstrika|Flame Charge|p2a: Bastiodon
|-damage|p2a: Bastiodon|87/100 par
|-boost|p1a: Zebstrika|spe|1
|-damage|p1a: Zebstrika|91/100|[from] item: Life Orb
|cant|p2a: Bastiodon|par
|
|-heal|p2a: Bastiodon|93/100 par|[from] item: Leftovers
|upkeep
|turn|3
|
|t:|1760452399
|move|p1a: Zebstrika|High Horsepower|p2a: Bastiodon
|-supereffective|p2a: Bastiodon
|-damage|p2a: Bastiodon|4/100 par
|-damage|p1a: Zebstrika|81/100|[from] item: Life Orb
|move|p2a: Bastiodon|Iron Defense|p2a: Bastiodon
|-boost|p2a: Bastiodon|def|2
|
|-heal|p2a: Bastiodon|10/100 par|[from] item: Leftovers
|upkeep
|turn|4
|
|t:|1760452410
|move|p1a: Zebstrika|Flame Charge|p2a: Bastiodon
|-damage|p2a: Bastiodon|3/100 par
|-boost|p1a: Zebstrika|spe|1
|-damage|p1a: Zebstrika|71/100|[from] item: Life Orb
|move|p2a: Bastiodon|Body Press|p1a: Zebstrika
|-damage|p1a: Zebstrika|0 fnt
|faint|p1a: Zebstrika
|
|-heal|p2a: Bastiodon|9/100 par|[from] item: Leftovers
|upkeep
|
|t:|1760452420
|switch|p1a: Mandibuzz|Mandibuzz, F|100/100
|-damage|p1a: Mandibuzz|75/100|[from] Stealth Rock
|turn|5
|
|t:|1760452425
|move|p1a: Mandibuzz|Defog|p2a: Bastiodon
|-unboost|p2a: Bastiodon|evasion|1
|-sideend|p1: suijilurenjia|Stealth Rock|[from] move: Defog|[of] p1a: Mandibuzz
|cant|p2a: Bastiodon|par
|
|-heal|p2a: Bastiodon|15/100 par|[from] item: Leftovers
|upkeep
|turn|6
|
|t:|1760452435
|move|p1a: Mandibuzz|Foul Play|p2a: Bastiodon
|-damage|p2a: Bastiodon|8/100 par
|move|p2a: Bastiodon|Body Press|p1a: Mandibuzz
|-damage|p1a: Mandibuzz|42/100
|-damage|p2a: Bastiodon|0 fnt|[from] item: Rocky Helmet|[of] p1a: Mandibuzz
|faint|p2a: Bastiodon
|
|upkeep
|
|t:|1760452444
|switch|p2a: Rotom|Rotom-Wash|100/100
|turn|7
|
|t:|1760452453
|switch|p1a: Coalossal|Coalossal, M|100/100
|-item|p1a: Coalossal|Air Balloon
|move|p2a: Rotom|Volt Switch|p1a: Coalossal
|-damage|p1a: Coalossal|79/100
|-enditem|p1a: Coalossal|Air Balloon
|inactive|Battle timer is ON: inactive players will automatically lose when time's up. (requested by suijilurenjia)
|
|t:|1760452467
|switch|p2a: Mamoswine|Mamoswine, M|100/100|[from] Volt Switch
|
|upkeep
|turn|8
|j| Amphi N enjoyer
|
|t:|1760452473
|move|p2a: Mamoswine|Earthquake|p1a: Coalossal
|-supereffective|p1a: Coalossal
|-damage|p1a: Coalossal|0 fnt
|faint|p1a: Coalossal
|
|upkeep
|
|t:|1760452476
|switch|p1a: Mandibuzz|Mandibuzz, F|42/100
|turn|9
|
|t:|1760452489
|move|p2a: Mamoswine|Ice Shard|p1a: Mandibuzz
|-supereffective|p1a: Mandibuzz
|-damage|p1a: Mandibuzz|13/100
|move|p1a: Mandibuzz|Roost|p1a: Mandibuzz
|-heal|p1a: Mandibuzz|63/100
|-singleturn|p1a: Mandibuzz|move: Roost
|
|upkeep
|turn|10
|
|t:|1760452501
|move|p2a: Mamoswine|Knock Off|p1a: Mandibuzz
|-resisted|p1a: Mandibuzz
|-damage|p1a: Mandibuzz|54/100
|-damage|p2a: Mamoswine|84/100|[from] item: Rocky Helmet|[of] p1a: Mandibuzz
|-enditem|p1a: Mandibuzz|Rocky Helmet|[from] move: Knock Off|[of] p2a: Mamoswine
|move|p1a: Mandibuzz|Roost|p1a: Mandibuzz
|-heal|p1a: Mandibuzz|100/100
|-singleturn|p1a: Mandibuzz|move: Roost
|
|upkeep
|turn|11
|
|t:|1760452518
|move|p2a: Mamoswine|Ice Shard|p1a: Mandibuzz
|-supereffective|p1a: Mandibuzz
|-damage|p1a: Mandibuzz|71/100
|move|p1a: Mandibuzz|Foul Play|p2a: Mamoswine
|-damage|p2a: Mamoswine|29/100
|
|upkeep
|turn|12
|
|t:|1760452529
|-terastallize|p2a: Mamoswine|Ice
|move|p2a: Mamoswine|Ice Shard|p1a: Mandibuzz
|-supereffective|p1a: Mandibuzz
|-damage|p1a: Mandibuzz|30/100
|move|p1a: Mandibuzz|Roost|p1a: Mandibuzz
|-heal|p1a: Mandibuzz|80/100
|-singleturn|p1a: Mandibuzz|move: Roost
|
|upkeep
|turn|13
|
|t:|1760452542
|move|p2a: Mamoswine|Ice Shard|p1a: Mandibuzz
|-supereffective|p1a: Mandibuzz
|-damage|p1a: Mandibuzz|41/100
|move|p1a: Mandibuzz|Foul Play|p2a: Mamoswine
|-damage|p2a: Mamoswine|0 fnt
|faint|p2a: Mamoswine
|
|upkeep
|
|t:|1760452550
|switch|p2a: Mimikyu|Mimikyu, F|100/100
|turn|14
|
|t:|1760452564
|switch|p1a: Slowking|Slowking-Galar, M|100/100
|move|p2a: Mimikyu|Play Rough|p1a: Slowking
|-resisted|p1a: Slowking
|-damage|p1a: Slowking|82/100
|
|-heal|p1a: Slowking|89/100|[from] item: Leftovers
|upkeep
|turn|15
|
|t:|1760452586
|move|p2a: Mimikyu|Swords Dance|p2a: Mimikyu
|-boost|p2a: Mimikyu|atk|2
|move|p1a: Slowking|Hydro Pump|p2a: Mimikyu
|-activate|p2a: Mimikyu|ability: Disguise
|-damage|p2a: Mimikyu|100/100
|detailschange|p2a: Mimikyu|Mimikyu-Busted, F
|-damage|p2a: Mimikyu|88/100|[from] pokemon: Mimikyu-Busted
|-enditem|p2a: Mimikyu|Red Card|[of] p1a: Slowking
|drag|p1a: Diancie|Diancie|100/100
|
|upkeep
|turn|16
|inactive|M4RT04K has 120 seconds left.
|
|t:|1760452607
|move|p2a: Mimikyu|Shadow Claw|p1a: Diancie
|-damage|p1a: Diancie|58/100
|move|p1a: Diancie|Moonblast|p2a: Mimikyu
|-crit|p2a: Mimikyu
|-damage|p2a: Mimikyu|11/100
|
|upkeep
|turn|17
|
|t:|1760452616
|move|p2a: Mimikyu|Shadow Claw|p1a: Diancie
|-crit|p1a: Diancie
|-damage|p1a: Diancie|0 fnt
|faint|p1a: Diancie
|
|upkeep
|
|t:|1760452623
|switch|p1a: Meowstic|Meowstic, M|100/100
|turn|18
|
|t:|1760452634
|move|p1a: Meowstic|Thunder Wave|p2a: Mimikyu
|-status|p2a: Mimikyu|par
|cant|p2a: Mimikyu|par
|
|upkeep
|turn|19
|
|t:|1760452643
|move|p1a: Meowstic|Reflect|p1a: Meowstic
|-sidestart|p1: suijilurenjia|Reflect
|move|p2a: Mimikyu|Shadow Sneak|p1a: Meowstic
|-supereffective|p1a: Meowstic
|-damage|p1a: Meowstic|59/100
|
|upkeep
|turn|20
|
|t:|1760452649
|move|p2a: Mimikyu|Shadow Sneak|p1a: Meowstic
|-supereffective|p1a: Meowstic
|-damage|p1a: Meowstic|19/100
|move|p1a: Meowstic|Psychic|p2a: Mimikyu
|-damage|p2a: Mimikyu|0 fnt
|faint|p2a: Mimikyu
|
|upkeep
|inactive|M4RT04K has 120 seconds left.
|
|t:|1760452675
|switch|p2a: Incineroar|Incineroar, M|100/100
|-ability|p2a: Incineroar|Intimidate|boost
|-unboost|p1a: Meowstic|atk|1
|turn|21
|
|t:|1760452681
|move|p1a: Meowstic|Thunder Wave|p2a: Incineroar
|-hint|Since gen 7, Dark is immune to Prankster moves.
|-immune|p2a: Incineroar
|move|p2a: Incineroar|Earthquake|p1a: Meowstic
|-damage|p1a: Meowstic|0 fnt
|faint|p1a: Meowstic
|
|upkeep
|
|t:|1760452689
|switch|p1a: Mandibuzz|Mandibuzz, F|41/100
|turn|22
|
|t:|1760452700
|move|p1a: Mandibuzz|Roost|p1a: Mandibuzz
|-heal|p1a: Mandibuzz|91/100
|-singleturn|p1a: Mandibuzz|move: Roost
|move|p2a: Incineroar|Flare Blitz|p1a: Mandibuzz
|-damage|p1a: Mandibuzz|72/100
|-damage|p2a: Incineroar|94/100|[from] Recoil
|
|upkeep
|turn|23
|
|t:|1760452713
|switch|p1a: Slowking|Slowking-Galar, M|100/100
|move|p2a: Incineroar|Thunder Punch|p1a: Slowking
|-damage|p1a: Slowking|86/100
|
|-heal|p1a: Slowking|92/100|[from] item: Leftovers
|-sideend|p1: suijilurenjia|Reflect
|upkeep
|turn|24
|
|t:|1760452725
|switch|p2a: Rotom|Rotom-Wash|100/100
|move|p1a: Slowking|Hydro Pump|p2a: Rotom
|-resisted|p2a: Rotom
|-damage|p2a: Rotom|81/100
|
|-heal|p2a: Rotom|87/100|[from] item: Leftovers
|-heal|p1a: Slowking|98/100|[from] item: Leftovers
|upkeep
|turn|25
|
|t:|1760452738
|move|p2a: Rotom|Will-O-Wisp|p1a: Slowking
|-status|p1a: Slowking|brn
|move|p1a: Slowking|Future Sight|p2a: Rotom
|-start|p1a: Slowking|move: Future Sight
|
|-heal|p2a: Rotom|94/100|[from] item: Leftovers
|-heal|p1a: Slowking|100/100 brn|[from] item: Leftovers
|-damage|p1a: Slowking|94/100 brn|[from] brn
|upkeep
|turn|26
|
|t:|1760452749
|move|p2a: Rotom|Hydro Pump|p1a: Slowking
|-damage|p1a: Slowking|49/100 brn
|move|p1a: Slowking|Nasty Plot|p1a: Slowking
|-boost|p1a: Slowking|spa|2
|
|-heal|p2a: Rotom|99/100|[from] item: Leftovers
|-heal|p1a: Slowking|55/100 brn|[from] item: Leftovers
|-damage|p1a: Slowking|49/100 brn|[from] brn
|upkeep
|turn|27
|
|t:|1760452759
|move|p2a: Rotom|Hydro Pump|p1a: Slowking
|-damage|p1a: Slowking|6/100 brn
|move|p1a: Slowking|Hydro Pump|p2a: Rotom|[miss]
|-miss|p1a: Slowking|p2a: Rotom
|
|-end|p2a: Rotom|move: Future Sight
|-damage|p2a: Rotom|0 fnt
|faint|p2a: Rotom
|-heal|p1a: Slowking|12/100 brn|[from] item: Leftovers
|-damage|p1a: Slowking|6/100 brn|[from] brn
|upkeep
|
|t:|1760452774
|switch|p2a: Haxorus|Haxorus, M|100/100
|-ability|p2a: Haxorus|Mold Breaker
|turn|28
|
|t:|1760452786
|switch|p1a: Mandibuzz|Mandibuzz, F|72/100
|move|p2a: Haxorus|Dragon Dance|p2a: Haxorus
|-boost|p2a: Haxorus|atk|1
|-boost|p2a: Haxorus|spe|1
|
|upkeep
|turn|29
|
|t:|1760452793
|move|p2a: Haxorus|Outrage|p1a: Mandibuzz
|-damage|p1a: Mandibuzz|13/100
|move|p1a: Mandibuzz|Foul Play|p2a: Haxorus
|-enditem|p2a: Haxorus|Focus Sash
|-damage|p2a: Haxorus|1/100
|
|upkeep
|turn|30
|
|t:|1760452806
|switch|p1a: Slowking|Slowking-Galar, M|40/100 brn
|move|p2a: Haxorus|Outrage|p1a: Slowking|[from] lockedmove
|-damage|p1a: Slowking|0 fnt
|faint|p1a: Slowking
|-start|p2a: Haxorus|confusion|[fatigue]
|
|upkeep
|
|t:|1760452808
|switch|p1a: Mandibuzz|Mandibuzz, F|13/100
|turn|31
|
|t:|1760452825
|-activate|p2a: Haxorus|confusion
|-damage|p2a: Haxorus|0 fnt|[from] confusion
|faint|p2a: Haxorus
|move|p1a: Mandibuzz|Foul Play|p2: Haxorus|[notarget]
|-fail|p1a: Mandibuzz
|
|upkeep
|
|t:|1760452831
|switch|p2a: Incineroar|Incineroar, M|94/100
|-ability|p2a: Incineroar|Intimidate|boost
|-unboost|p1a: Mandibuzz|atk|1
|turn|32
|
|t:|1760452837
|move|p1a: Mandibuzz|Roost|p1a: Mandibuzz
|-heal|p1a: Mandibuzz|63/100
|-singleturn|p1a: Mandibuzz|move: Roost
|move|p2a: Incineroar|Earthquake|p1a: Mandibuzz
|-damage|p1a: Mandibuzz|42/100
|
|upkeep
|turn|33
|
|t:|1760452847
|move|p1a: Mandibuzz|Roost|p1a: Mandibuzz
|-heal|p1a: Mandibuzz|92/100
|-singleturn|p1a: Mandibuzz|move: Roost
|move|p2a: Incineroar|Thunder Punch|p1a: Mandibuzz
|-damage|p1a: Mandibuzz|76/100
|
|upkeep
|turn|34
|
|t:|1760452859
|move|p1a: Mandibuzz|Foul Play|p2a: Incineroar
|-resisted|p2a: Incineroar
|-damage|p2a: Incineroar|70/100
|move|p2a: Incineroar|Flare Blitz|p1a: Mandibuzz
|-crit|p1a: Mandibuzz
|-damage|p1a: Mandibuzz|22/100
|-damage|p2a: Incineroar|51/100|[from] Recoil
|
|upkeep
|turn|35
|
|t:|1760452867
|move|p1a: Mandibuzz|Roost|p1a: Mandibuzz
|-heal|p1a: Mandibuzz|72/100
|-singleturn|p1a: Mandibuzz|move: Roost
|move|p2a: Incineroar|Flare Blitz|p1a: Mandibuzz
|-damage|p1a: Mandibuzz|35/100
|-damage|p2a: Incineroar|38/100|[from] Recoil
|
|upkeep
|turn|36
|
|t:|1760452879
|move|p1a: Mandibuzz|Roost|p1a: Mandibuzz
|-heal|p1a: Mandibuzz|85/100
|-singleturn|p1a: Mandibuzz|move: Roost
|move|p2a: Incineroar|Flare Blitz|p1a: Mandibuzz
|-damage|p1a: Mandibuzz|53/100
|-damage|p2a: Incineroar|26/100|[from] Recoil
|
|upkeep
|turn|37
|
|t:|1760452890
|move|p1a: Mandibuzz|Foul Play|p2a: Incineroar
|-resisted|p2a: Incineroar
|-damage|p2a: Incineroar|5/100
|move|p2a: Incineroar|Flare Blitz|p1a: Mandibuzz
|-damage|p1a: Mandibuzz|17/100
|-damage|p2a: Incineroar|0 fnt|[from] Recoil
|faint|p2a: Incineroar
|
|win|suijilurenjia
|raw|suijilurenjia's rating: 1092 &rarr; <strong>1122</strong><br />(+30 for winning)
|raw|M4RT04K's rating: 1149 &rarr; <strong>1120</strong><br />(-29 for losing)
|l|☆suijilurenjia
|player|p1|
|n|!M4RT04K|m4rt04k
|l|!M4RT04K
|player|p2|
