|j|☆Yungbanjostrap
|j|☆Tailwind Lobbyist
|t:|1760362005
|gametype|singles
|player|p1|Yungbanjostrap|170|1431
|player|p2|Tailwind Lobbyist|clerkf|1419
|gen|9
|tier|[Gen 9] OU
|rated|
|rule|HP Percentage Mod: HP is shown in percentages
|rule|Endless Battle Clause: Forcing endless battles is banned
|rule|Species Clause: Limit one of each Pokémon
|rule|OHKO Clause: OHKO moves are banned
|rule|Evasion Items Clause: Evasion items are banned
|rule|Evasion Moves Clause: Evasion moves are banned
|rule|Evasion Abilities Clause: Evasion abilities are banned
|rule|Sleep Moves Clause: Sleep-inducing moves are banned
|clearpoke
|poke|p1|Garganacl, M|
|poke|p1|Hippowdon, M|
|poke|p1|Hydrapple, M|
|poke|p1|Slowking-Galar, M|
|poke|p1|Samurott-Hisui, M|
|poke|p1|Excadrill, M|
|poke|p2|Blaziken, M|
|poke|p2|Dragapult, M|
|poke|p2|Iron Treads|
|poke|p2|Tornadus-Therian, M|
|poke|p2|Ogerpon-Wellspring, F|
|poke|p2|Slowking-Galar, M|
|teampreview
|l|☆Yungbanjostrap
|player|p1|
|
|t:|1760362030
|teamsize|p1|6
|teamsize|p2|6
|start
|switch|p1a: Garganacl|Garganacl, M, shiny|100/100
|switch|p2a: Tornadus|Tornadus-Therian, M|100/100
|turn|1
|j|☆Yungbanjostrap
|player|p1|Yungbanjostrap|170|
|
|t:|1760362040
|move|p2a: Tornadus|Knock Off|p1a: Garganacl
|-crit|p1a: Garganacl
|-damage|p1a: Garganacl|81/100
|-enditem|p1a: Garganacl|Leftovers|[from] move: Knock Off|[of] p2a: Tornadus
|move|p1a: Garganacl|Salt Cure|p2a: Tornadus
|-supereffective|p2a: Tornadus
|-damage|p2a: Tornadus|71/100
|-start|p2a: Tornadus|Salt Cure
|
|-damage|p2a: Tornadus|58/100|[from] Salt Cure
|upkeep
|turn|2
|inactive|Battle timer is ON: inactive players will automatically lose when time's up. (requested by Yungbanjostrap)
|
|t:|1760362059
|move|p2a: Tornadus|U-turn|p1a: Garganacl
|-damage|p1a: Garganacl|72/100
|
|t:|1760362069
|switch|p2a: Iron Treads|Iron Treads|100/100|[from] U-turn
|move|p1a: Garganacl|Salt Cure|p2a: Iron Treads
|-resisted|p2a: Iron Treads
|-damage|p2a: Iron Treads|97/100
|-start|p2a: Iron Treads|Salt Cure
|
|-damage|p2a: Iron Treads|72/100|[from] Salt Cure
|upkeep
|turn|3
|
|t:|1760362081
|switch|p1a: Hippowdon|Hippowdon, M, shiny|100/100
|-weather|Sandstorm|[from] ability: Sand Stream|[of] p1a: Hippowdon
|move|p2a: Iron Treads|Stealth Rock|p1a: Hippowdon
|-sidestart|p1: Yungbanjostrap|move: Stealth Rock
|
|-weather|Sandstorm|[upkeep]
|-damage|p2a: Iron Treads|48/100|[from] Salt Cure
|upkeep
|turn|4
|
|t:|1760362090
|move|p2a: Iron Treads|Knock Off|p1a: Hippowdon
|-damage|p1a: Hippowdon|84/100
|-damage|p2a: Iron Treads|31/100|[from] item: Rocky Helmet|[of] p1a: Hippowdon
|-enditem|p1a: Hippowdon|Rocky Helmet|[from] move: Knock Off|[of] p2a: Iron Treads
|move|p1a: Hippowdon|Stealth Rock|p2a: Iron Treads
|-sidestart|p2: Tailwind Lobbyist|move: Stealth Rock
|
|-weather|Sandstorm|[upkeep]
|-damage|p2a: Iron Treads|6/100|[from] Salt Cure
|upkeep
|turn|5
|
|t:|1760362098
|move|p2a: Iron Treads|Earthquake|p1a: Hippowdon
|-damage|p1a: Hippowdon|58/100
|move|p1a: Hippowdon|Stealth Rock||[still]
|-fail|p1a: Hippowdon
|
|-weather|Sandstorm|[upkeep]
|-damage|p2a: Iron Treads|0 fnt|[from] Salt Cure
|faint|p2a: Iron Treads
|-end|p2a: Iron Treads|Quark Drive|[silent]
|upkeep
|l|☆Tailwind Lobbyist
|inactive|Tailwind Lobbyist disconnected and has a minute to reconnect!
|player|p2|
|inactive|Tailwind Lobbyist has 30 seconds to reconnect!
|inactive|Tailwind Lobbyist has 20 seconds to reconnect!
|inactive|Tailwind Lobbyist has 15 seconds to reconnect!
|inactive|Tailwind Lobbyist has 10 seconds to reconnect!
|inactive|Tailwind Lobbyist has 5 seconds to reconnect!
|-message|Tailwind Lobbyist lost due to inactivity.
|
|win|Yungbanjostrap
|raw|Yungbanjostrap's rating: 1431 &rarr; <strong>1450</strong><br />(+19 for winning)
|raw|Tailwind Lobbyist's rating: 1419 &rarr; <strong>1400</strong><br />(-19 for losing)
|l|☆Yungbanjostrap
|player|p1|
