|j|☆Arffydoggy
|j|☆Chizzla
|t:|1760333527
|gametype|singles
|player|p1|Arffydoggy|fisherman-gen4|1148
|player|p2|Chizzla|265|1093
|gen|9
|tier|[Gen 9] OU
|rated|
|rule|HP Percentage Mod: HP is shown in percentages
|rule|Endless Battle Clause: Forcing endless battles is banned
|rule|Species Clause: Limit one of each Pokémon
|rule|OHKO Clause: OHKO moves are banned
|rule|Evasion Items Clause: Evasion items are banned
|rule|Evasion Moves Clause: Evasion moves are banned
|rule|Evasion Abilities Clause: Evasion abilities are banned
|rule|Sleep Moves Clause: Sleep-inducing moves are banned
|clearpoke
|poke|p1|Blaziken, F|
|poke|p1|Deoxys-Speed|
|poke|p1|Iron Valiant|
|poke|p1|Darkrai|
|poke|p1|Great Tusk|
|poke|p1|Samurott-Hisui, F|
|poke|p2|Dragonite, F|
|poke|p2|Rotom-Wash|
|poke|p2|Muk-Alola, M|
|poke|p2|Weezing-Galar, F|
|poke|p2|Chandelure, F|
|poke|p2|Jirachi|
|teampreview
|
|t:|1760333532
|teamsize|p1|6
|teamsize|p2|6
|start
|switch|p1a: Samurott|Samurott-Hisui, F|100/100
|switch|p2a: Rotom|Rotom-Wash|100/100
|turn|1
|
|t:|1760333538
|move|p1a: Samurott|Ceaseless Edge|p2a: Rotom
|-damage|p2a: Rotom|59/100
|-sidestart|p2: Chizzla|Spikes
|move|p2a: Rotom|Thunder Wave|p1a: Samurott
|-status|p1a: Samurott|par
|
|-heal|p2a: Rotom|65/100|[from] item: Leftovers
|upkeep
|turn|2
|
|t:|1760333556
|move|p2a: Rotom|Pain Split|p1a: Samurott
|-sethp|p1a: Samurott|81/100 par|[from] move: Pain Split|[silent]
|-sethp|p2a: Rotom|86/100|[from] move: Pain Split
|move|p1a: Samurott|Ceaseless Edge|p2a: Rotom
|-damage|p2a: Rotom|44/100
|-sidestart|p2: Chizzla|Spikes
|
|-heal|p2a: Rotom|50/100|[from] item: Leftovers
|upkeep
|turn|3
|
|t:|1760333565
|move|p2a: Rotom|Confuse Ray|p1a: Samurott
|-start|p1a: Samurott|confusion
|-activate|p1a: Samurott|confusion
|cant|p1a: Samurott|par
|
|-heal|p2a: Rotom|57/100|[from] item: Leftovers
|upkeep
|turn|4
|
|t:|1760333574
|move|p2a: Rotom|Pain Split|p1a: Samurott
|-sethp|p1a: Samurott|67/100 par|[from] move: Pain Split|[silent]
|-sethp|p2a: Rotom|71/100|[from] move: Pain Split
|-end|p1a: Samurott|confusion
|move|p1a: Samurott|Ceaseless Edge|p2a: Rotom
|-damage|p2a: Rotom|29/100
|-sidestart|p2: Chizzla|Spikes
|
|-heal|p2a: Rotom|35/100|[from] item: Leftovers
|upkeep
|turn|5
|
|t:|1760333592
|switch|p2a: Weezing|Weezing-Galar, F|100/100
|move|p1a: Samurott|Ceaseless Edge|p2a: Weezing
|-resisted|p2a: Weezing
|-damage|p2a: Weezing|85/100
|-damage|p1a: Samurott|51/100 par|[from] item: Rocky Helmet|[of] p2a: Weezing
|
|upkeep
|turn|6
|
|t:|1760333602
|switch|p1a: Great Tusk|Great Tusk|100/100
|move|p2a: Weezing|Defog|p1a: Great Tusk
|-unboost|p1a: Great Tusk|evasion|1
|-sideend|p2: Chizzla|Spikes|[from] move: Defog|[of] p2a: Weezing
|
|upkeep
|turn|7
|
|t:|1760333612
|move|p2a: Weezing|Pain Split|p1a: Great Tusk
|-sethp|p1a: Great Tusk|88/100|[from] move: Pain Split|[silent]
|-sethp|p2a: Weezing|98/100|[from] move: Pain Split
|move|p1a: Great Tusk|Roar|p2a: Weezing
|drag|p2a: Dragonite|Dragonite, F|100/100
|
|upkeep
|turn|8
|
|t:|1760333625
|move|p1a: Great Tusk|Rapid Spin|p2a: Dragonite
|-crit|p2a: Dragonite
|-damage|p2a: Dragonite|88/100
|-boost|p1a: Great Tusk|spe|1
|move|p2a: Dragonite|Iron Head|p1a: Great Tusk
|-damage|p1a: Great Tusk|73/100
|-enditem|p1a: Great Tusk|Red Card|[of] p2a: Dragonite
|drag|p2a: Jirachi|Jirachi|100/100
|
|upkeep
|turn|9
|
|t:|1760333639
|switch|p2a: Weezing|Weezing-Galar, F|98/100
|move|p1a: Great Tusk|Headlong Rush|p2a: Weezing
|-immune|p2a: Weezing|[from] ability: Levitate
|
|upkeep
|turn|10
|
|t:|1760333648
|-end|p1a: Great Tusk|Protosynthesis|[silent]
|switch|p1a: Darkrai|Darkrai|100/100
|move|p2a: Weezing|Strange Steam|p1a: Darkrai
|-supereffective|p1a: Darkrai
|-damage|p1a: Darkrai|41/100
|-start|p1a: Darkrai|confusion
|
|upkeep
|turn|11
|
|t:|1760333656
|-activate|p1a: Darkrai|confusion
|move|p1a: Darkrai|Sludge Bomb|p2a: Weezing
|-damage|p2a: Weezing|63/100
|move|p2a: Weezing|Strange Steam|p1a: Darkrai
|-supereffective|p1a: Darkrai
|-damage|p1a: Darkrai|0 fnt
|faint|p1a: Darkrai
|
|upkeep
|inactive|Battle timer is ON: inactive players will automatically lose when time's up. (requested by Chizzla)
|
|t:|1760333699
|switch|p1a: Blaziken|Blaziken, F|100/100
|turn|12
|
|t:|1760333724
|switch|p2a: Chandelure|Chandelure, F|100/100
|move|p1a: Blaziken|Swords Dance|p1a: Blaziken
|-boost|p1a: Blaziken|atk|2
|
|-ability|p1a: Blaziken|Speed Boost|boost
|-boost|p1a: Blaziken|spe|1
|upkeep
|turn|13
|
|t:|1760333734
|move|p2a: Chandelure|Trick|p1a: Blaziken
|-activate|p2a: Chandelure|move: Trick|[of] p1a: Blaziken
|-item|p1a: Blaziken|Choice Scarf|[from] move: Trick
|-item|p2a: Chandelure|Aguav Berry|[from] move: Trick
|move|p1a: Blaziken|Brave Bird|p2a: Chandelure
|-damage|p2a: Chandelure|0 fnt
|faint|p2a: Chandelure
|-damage|p1a: Blaziken|72/100|[from] Recoil
|
|-ability|p1a: Blaziken|Speed Boost|boost
|-boost|p1a: Blaziken|spe|1
|upkeep
|
|t:|1760333744
|switch|p2a: Weezing|Weezing-Galar, F|63/100
|turn|14
|
|t:|1760333752
|move|p1a: Blaziken|Brave Bird|p2a: Weezing
|-damage|p2a: Weezing|8/100
|-damage|p1a: Blaziken|55/100|[from] item: Rocky Helmet|[of] p2a: Weezing
|-damage|p1a: Blaziken|35/100|[from] Recoil
|move|p2a: Weezing|Toxic Spikes|p1a: Blaziken
|-sidestart|p1: Arffydoggy|move: Toxic Spikes
|
|-ability|p1a: Blaziken|Speed Boost|boost
|-boost|p1a: Blaziken|spe|1
|upkeep
|turn|15
|
|t:|1760333762
|move|p1a: Blaziken|Brave Bird|p2a: Weezing
|-damage|p2a: Weezing|0 fnt
|-damage|p1a: Blaziken|18/100|[from] item: Rocky Helmet|[of] p2a: Weezing
|faint|p2a: Weezing
|-damage|p1a: Blaziken|16/100|[from] Recoil
|
|-ability|p1a: Blaziken|Speed Boost|boost
|-boost|p1a: Blaziken|spe|1
|upkeep
|
|t:|1760333779
|switch|p2a: Jirachi|Jirachi|100/100
|turn|16
|
|t:|1760333788
|move|p1a: Blaziken|Brave Bird|p2a: Jirachi
|-resisted|p2a: Jirachi
|-damage|p2a: Jirachi|67/100
|-damage|p1a: Blaziken|3/100|[from] Recoil
|move|p2a: Jirachi|Thunder Wave|p1a: Blaziken
|-status|p1a: Blaziken|par
|
|-ability|p1a: Blaziken|Speed Boost|boost
|-boost|p1a: Blaziken|spe|1
|upkeep
|turn|17
|
|t:|1760333807
|cant|p1a: Blaziken|par
|move|p2a: Jirachi|Thunder Wave|p1a: Blaziken
|-fail|p1a: Blaziken|par
|
|-ability|p1a: Blaziken|Speed Boost|boost
|-boost|p1a: Blaziken|spe|1
|upkeep
|turn|18
|
|t:|1760333817
|cant|p1a: Blaziken|par
|move|p2a: Jirachi|Thunder Wave|p1a: Blaziken
|-fail|p1a: Blaziken|par
|
|upkeep
|turn|19
|
|t:|1760333823
|move|p1a: Blaziken|Brave Bird|p2a: Jirachi
|-resisted|p2a: Jirachi
|-damage|p2a: Jirachi|36/100
|-damage|p1a: Blaziken|0 fnt|[from] Recoil
|faint|p1a: Blaziken
|move|p2a: Jirachi|Thunder Wave|p1: Blaziken|[notarget]
|-fail|p2a: Jirachi
|
|upkeep
|
|t:|1760333828
|switch|p1a: Deoxys|Deoxys-Speed|100/100
|-status|p1a: Deoxys|psn
|-ability|p1a: Deoxys|Pressure
|turn|20
|
|t:|1760333844
|switch|p2a: Muk|Muk-Alola, M|100/100
|move|p1a: Deoxys|Reflect|p1a: Deoxys
|-sidestart|p1: Arffydoggy|Reflect
|
|-damage|p1a: Deoxys|88/100 psn|[from] psn
|upkeep
|turn|21
|
|t:|1760333852
|move|p1a: Deoxys|Light Screen|p1a: Deoxys
|-sidestart|p1: Arffydoggy|move: Light Screen
|move|p2a: Muk|Knock Off|p1a: Deoxys
|-supereffective|p1a: Deoxys
|-damage|p1a: Deoxys|30/100 psn
|-enditem|p1a: Deoxys|Light Clay|[from] move: Knock Off|[of] p2a: Muk
|
|-damage|p1a: Deoxys|18/100 psn|[from] psn
|upkeep
|turn|22
|
|t:|1760333860
|switch|p1a: Samurott|Samurott-Hisui, F|51/100 par
|move|p2a: Muk|Knock Off|p1a: Samurott
|-resisted|p1a: Samurott
|-damage|p1a: Samurott|37/100 par
|-enditem|p1a: Samurott|Choice Scarf|[from] move: Knock Off|[of] p2a: Muk
|
|upkeep
|turn|23
|
|t:|1760333881
|move|p2a: Muk|Poison Jab|p1a: Samurott
|-damage|p1a: Samurott|14/100 par
|cant|p1a: Samurott|par
|
|upkeep
|turn|24
|
|t:|1760333886
|move|p1a: Samurott|Aqua Jet|p2a: Muk
|-crit|p2a: Muk
|-damage|p2a: Muk|66/100
|move|p2a: Muk|Poison Jab|p1a: Samurott
|-damage|p1a: Samurott|0 fnt
|faint|p1a: Samurott
|
|upkeep
|
|t:|1760333892
|switch|p1a: Great Tusk|Great Tusk|73/100
|-status|p1a: Great Tusk|psn
|turn|25
|
|t:|1760333898
|switch|p2a: Rotom|Rotom-Wash|35/100
|move|p1a: Great Tusk|Rapid Spin|p2a: Rotom
|-damage|p2a: Rotom|21/100
|-boost|p1a: Great Tusk|spe|1
|-sideend|p1: Arffydoggy|Toxic Spikes|[from] move: Rapid Spin|[of] p1a: Great Tusk
|
|-heal|p2a: Rotom|27/100|[from] item: Leftovers
|-damage|p1a: Great Tusk|61/100 psn|[from] psn
|upkeep
|turn|26
|
|t:|1760333907
|move|p1a: Great Tusk|Close Combat|p2a: Rotom
|-damage|p2a: Rotom|0 fnt
|-unboost|p1a: Great Tusk|def|1
|-unboost|p1a: Great Tusk|spd|1
|faint|p2a: Rotom
|
|-damage|p1a: Great Tusk|48/100 psn|[from] psn
|upkeep
|
|t:|1760333919
|switch|p2a: Dragonite|Dragonite, F|88/100
|turn|27
|
|t:|1760333930
|move|p2a: Dragonite|Iron Head|p1a: Great Tusk
|-damage|p1a: Great Tusk|37/100 psn
|move|p1a: Great Tusk|Roar|p2a: Dragonite
|drag|p2a: Muk|Muk-Alola, M|66/100
|
|-damage|p1a: Great Tusk|24/100 psn|[from] psn
|-sideend|p1: Arffydoggy|Reflect
|upkeep
|turn|28
|
|t:|1760333939
|switch|p2a: Dragonite|Dragonite, F|88/100
|move|p1a: Great Tusk|Headlong Rush|p2a: Dragonite
|-immune|p2a: Dragonite
|
|-heal|p2a: Dragonite|94/100|[from] item: Leftovers
|-damage|p1a: Great Tusk|12/100 psn|[from] psn
|-sideend|p1: Arffydoggy|move: Light Screen
|upkeep
|turn|29
|
|t:|1760333950
|move|p1a: Great Tusk|Close Combat|p2a: Dragonite
|-resisted|p2a: Dragonite
|-damage|p2a: Dragonite|65/100
|-unboost|p1a: Great Tusk|def|1
|-unboost|p1a: Great Tusk|spd|1
|move|p2a: Dragonite|Dragon Dance|p2a: Dragonite
|-boost|p2a: Dragonite|atk|1
|-boost|p2a: Dragonite|spe|1
|
|-heal|p2a: Dragonite|71/100|[from] item: Leftovers
|-damage|p1a: Great Tusk|0 fnt|[from] psn
|faint|p1a: Great Tusk
|-end|p1a: Great Tusk|Protosynthesis|[silent]
|upkeep
|
|t:|1760333955
|switch|p1a: Iron Valiant|Iron Valiant|100/100
|-enditem|p1a: Iron Valiant|Booster Energy
|-activate|p1a: Iron Valiant|ability: Quark Drive|[fromitem]
|-start|p1a: Iron Valiant|quarkdrivespe
|turn|30
|
|t:|1760333982
|move|p1a: Iron Valiant|Spirit Break|p2a: Dragonite
|-supereffective|p2a: Dragonite
|-damage|p2a: Dragonite|3/100
|-unboost|p2a: Dragonite|spa|1
|move|p2a: Dragonite|Roost|p2a: Dragonite
|-heal|p2a: Dragonite|53/100
|-singleturn|p2a: Dragonite|move: Roost
|
|-heal|p2a: Dragonite|59/100|[from] item: Leftovers
|upkeep
|turn|31
|
|t:|1760333997
|switch|p2a: Muk|Muk-Alola, M|66/100
|move|p1a: Iron Valiant|Spirit Break|p2a: Muk
|-damage|p2a: Muk|22/100
|-unboost|p2a: Muk|spa|1
|
|upkeep
|turn|32
|
|t:|1760334004
|move|p1a: Iron Valiant|Spirit Break|p2a: Muk
|-damage|p2a: Muk|0 fnt
|faint|p2a: Muk
|
|upkeep
|
|t:|1760334012
|switch|p2a: Jirachi|Jirachi|36/100
|turn|33
|inactive|Chizzla has 120 seconds left.
|
|t:|1760334034
|move|p1a: Iron Valiant|Knock Off|p2a: Jirachi
|-supereffective|p2a: Jirachi
|-damage|p2a: Jirachi|0 fnt
|-enditem|p2a: Jirachi|Choice Scarf|[from] move: Knock Off|[of] p1a: Iron Valiant
|faint|p2a: Jirachi
|
|upkeep
|inactive|Chizzla has 120 seconds left.
|c|☆Chizzla|bruh you only need this one t
|c|☆Chizzla|op
|
|t:|1760334048
|switch|p2a: Dragonite|Dragonite, F|59/100
|turn|34
|inactive|Chizzla has 120 seconds left.
|
|t:|1760334055
|move|p1a: Iron Valiant|Spirit Break|p2a: Dragonite
|-supereffective|p2a: Dragonite
|-damage|p2a: Dragonite|0 fnt
|faint|p2a: Dragonite
|
|win|Arffydoggy
|raw|Arffydoggy's rating: 1148 &rarr; <strong>1169</strong><br />(+21 for winning)
|raw|Chizzla's rating: 1093 &rarr; <strong>1073</strong><br />(-20 for losing)
|c|☆Arffydoggy|gg
|c|☆Chizzla|why even use the rest of the team
|l|☆Chizzla
|player|p2|
|l|☆Arffydoggy
|player|p1|
