|j|☆DontMissMantine
|j|☆Egoist N1 fan
|t:|1760403949
|gametype|singles
|player|p1|DontMissMantine|lucas|1767
|player|p2|Egoist N1 fan|psychicf-gen3rs|1699
|gen|9
|tier|[Gen 9] OU
|rated|
|rule|HP Percentage Mod: HP is shown in percentages
|rule|Endless Battle Clause: Forcing endless battles is banned
|rule|Species Clause: Limit one of each Pokémon
|rule|OHKO Clause: OHKO moves are banned
|rule|Evasion Items Clause: Evasion items are banned
|rule|Evasion Moves Clause: Evasion moves are banned
|rule|Evasion Abilities Clause: Evasion abilities are banned
|rule|Sleep Moves Clause: Sleep-inducing moves are banned
|clearpoke
|poke|p1|Pelipper, M|
|poke|p1|Beartic, M|
|poke|p1|Barraskewda, M|
|poke|p1|Ogerpon-Wellspring, F|
|poke|p1|Zapdos|
|poke|p1|Hatterene, F|
|poke|p2|Quaquaval, F|
|poke|p2|Pecharunt|
|poke|p2|Iron Crown|
|poke|p2|Dragapult, M|
|poke|p2|Mandibuzz, F|
|poke|p2|Iron Treads|
|teampreview
|inactive|Battle timer is ON: inactive players will automatically lose when time's up. (requested by DontMissMantine)
|l|☆Egoist N1 fan
|inactive|Egoist N1 fan disconnected and has a minute to reconnect!
|player|p2|
|j|☆Egoist N1 fan
|inactive|Egoist N1 fan reconnected and has 115 seconds left.
|player|p2|Egoist N1 fan|psychicf-gen3rs|
|
|t:|1760404001
|teamsize|p1|6
|teamsize|p2|6
|start
|switch|p1a: Pelipper|Pelipper, M|100/100
|switch|p2a: Iron Crown|Iron Crown|100/100
|-weather|RainDance|[from] ability: Drizzle|[of] p1a: Pelipper
|turn|1
|
|t:|1760404009
|switch|p1a: Hatterene|Hatterene, F|100/100
|move|p2a: Iron Crown|Volt Switch|p1a: Hatterene
|-damage|p1a: Hatterene|77/100
|-enditem|p1a: Hatterene|Eject Button
|
|t:|1760404019
|switch|p1a: Ogerpon|Ogerpon-Wellspring, F|100/100
|
|-weather|RainDance|[upkeep]
|upkeep
|turn|2
|
|t:|1760404025
|-end|p2a: Iron Crown|Quark Drive|[silent]
|switch|p2a: Dragapult|Dragapult, M|100/100
|move|p1a: Ogerpon|Ivy Cudgel|p2a: Dragapult|[anim] Ivy Cudgel Water
|-resisted|p2a: Dragapult
|-damage|p2a: Dragapult|39/100
|
|-weather|RainDance|[upkeep]
|upkeep
|turn|3
|
|t:|1760404035
|move|p2a: Dragapult|U-turn|p1a: Ogerpon
|-supereffective|p1a: Ogerpon
|-damage|p1a: Ogerpon|7/100
|
|t:|1760404038
|switch|p2a: Pecharunt|Pecharunt|100/100|[from] U-turn
|move|p1a: Ogerpon|Ivy Cudgel|p2a: Pecharunt|[anim] Ivy Cudgel Water
|-damage|p2a: Pecharunt|58/100
|
|-weather|RainDance|[upkeep]
|upkeep
|turn|4
|
|t:|1760404046
|move|p1a: Ogerpon|Ivy Cudgel|p2a: Pecharunt|[anim] Ivy Cudgel Water
|-damage|p2a: Pecharunt|18/100
|move|p2a: Pecharunt|Recover|p2a: Pecharunt
|-heal|p2a: Pecharunt|68/100
|
|-weather|RainDance|[upkeep]
|upkeep
|turn|5
|
|t:|1760404054
|move|p1a: Ogerpon|Encore|p2a: Pecharunt
|-start|p2a: Pecharunt|Encore
|move|p2a: Pecharunt|Recover|p2a: Pecharunt
|-heal|p2a: Pecharunt|100/100
|
|-weather|RainDance|[upkeep]
|upkeep
|turn|6
|
|t:|1760404061
|switch|p2a: Mandibuzz|Mandibuzz, F|100/100
|move|p1a: Ogerpon|Ivy Cudgel|p2a: Mandibuzz|[anim] Ivy Cudgel Water
|-damage|p2a: Mandibuzz|53/100
|
|-weather|RainDance|[upkeep]
|upkeep
|turn|7
|
|t:|1760404069
|move|p1a: Ogerpon|Ivy Cudgel|p2a: Mandibuzz|[anim] Ivy Cudgel Water
|-damage|p2a: Mandibuzz|0 fnt
|faint|p2a: Mandibuzz
|
|-weather|RainDance|[upkeep]
|upkeep
|
|t:|1760404071
|switch|p2a: Dragapult|Dragapult, M|39/100
|turn|8
|
|t:|1760404080
|move|p2a: Dragapult|U-turn|p1a: Ogerpon
|-supereffective|p1a: Ogerpon
|-damage|p1a: Ogerpon|0 fnt
|faint|p1a: Ogerpon
|
|t:|1760404082
|switch|p2a: Iron Crown|Iron Crown|100/100|[from] U-turn
|
|-weather|none
|upkeep
|
|t:|1760404089
|switch|p1a: Pelipper|Pelipper, M|100/100
|-weather|RainDance|[from] ability: Drizzle|[of] p1a: Pelipper
|turn|9
|
|t:|1760404094
|switch|p1a: Zapdos|Zapdos|100/100
|move|p2a: Iron Crown|Future Sight|p1a: Zapdos
|-start|p2a: Iron Crown|move: Future Sight
|
|-weather|RainDance|[upkeep]
|upkeep
|turn|10
|
|t:|1760404100
|move|p2a: Iron Crown|Psychic Noise|p1a: Zapdos
|-damage|p1a: Zapdos|73/100
|-start|p1a: Zapdos|move: Heal Block
|move|p1a: Zapdos|Weather Ball|p2a: Iron Crown
|-damage|p2a: Iron Crown|69/100
|
|-weather|RainDance|[upkeep]
|upkeep
|turn|11
|
|t:|1760404113
|move|p2a: Iron Crown|Volt Switch|p1a: Zapdos
|-damage|p1a: Zapdos|57/100
|
|t:|1760404114
|-end|p2a: Iron Crown|Quark Drive|[silent]
|switch|p2a: Iron Treads|Iron Treads|100/100|[from] Volt Switch
|move|p1a: Zapdos|Thunder|p2a: Iron Treads
|-immune|p2a: Iron Treads
|
|-weather|RainDance|[upkeep]
|-end|p1a: Zapdos|move: Future Sight
|-damage|p1a: Zapdos|13/100
|-end|p1a: Zapdos|move: Heal Block
|upkeep
|turn|12
|
|t:|1760404128
|switch|p1a: Hatterene|Hatterene, F|77/100
|move|p2a: Iron Treads|Ice Spinner|p1a: Hatterene
|-damage|p1a: Hatterene|55/100
|
|-weather|RainDance|[upkeep]
|upkeep
|turn|13
|
|t:|1760404146
|switch|p1a: Barraskewda|Barraskewda, M|100/100
|move|p2a: Iron Treads|Earthquake|p1a: Barraskewda
|-damage|p1a: Barraskewda|17/100
|
|-weather|RainDance|[upkeep]
|upkeep
|turn|14
|
|t:|1760404154
|-end|p2a: Iron Treads|Quark Drive|[silent]
|switch|p2a: Pecharunt|Pecharunt|100/100
|move|p1a: Barraskewda|Flip Turn|p2a: Pecharunt
|-damage|p2a: Pecharunt|73/100
|-damage|p1a: Barraskewda|0 fnt|[from] item: Rocky Helmet|[of] p2a: Pecharunt
|faint|p1a: Barraskewda
|
|-weather|RainDance|[upkeep]
|upkeep
|
|t:|1760404163
|switch|p1a: Zapdos|Zapdos|13/100
|turn|15
|
|t:|1760404169
|switch|p2a: Iron Crown|Iron Crown|69/100
|move|p1a: Zapdos|Hurricane|p2a: Iron Crown
|-resisted|p2a: Iron Crown
|-damage|p2a: Iron Crown|49/100
|
|-weather|RainDance|[upkeep]
|upkeep
|turn|16
|
|t:|1760404186
|switch|p1a: Hatterene|Hatterene, F|55/100
|move|p2a: Iron Crown|Psychic Noise|p1a: Hatterene
|-resisted|p1a: Hatterene
|-damage|p1a: Hatterene|36/100
|-start|p1a: Hatterene|move: Heal Block
|
|-weather|none
|upkeep
|turn|17
|
|t:|1760404196
|switch|p1a: Pelipper|Pelipper, M|100/100
|-weather|RainDance|[from] ability: Drizzle|[of] p1a: Pelipper
|move|p2a: Iron Crown|Tachyon Cutter|p1a: Pelipper
|-resisted|p1a: Pelipper
|-damage|p1a: Pelipper|84/100
|-resisted|p1a: Pelipper
|-damage|p1a: Pelipper|65/100
|-hitcount|p1a: Pelipper|2
|
|-weather|RainDance|[upkeep]
|upkeep
|turn|18
|
|t:|1760404208
|switch|p1a: Hatterene|Hatterene, F|36/100
|move|p2a: Iron Crown|Volt Switch|p1a: Hatterene
|-damage|p1a: Hatterene|11/100
|
|t:|1760404216
|-end|p2a: Iron Crown|Quark Drive|[silent]
|switch|p2a: Quaquaval|Quaquaval, F|100/100|[from] Volt Switch
|
|-weather|RainDance|[upkeep]
|upkeep
|turn|19
|
|t:|1760404222
|switch|p1a: Pelipper|Pelipper, M|65/100
|move|p2a: Quaquaval|Aqua Step|p1a: Pelipper
|-resisted|p1a: Pelipper
|-damage|p1a: Pelipper|47/100
|-boost|p2a: Quaquaval|spe|1
|
|-weather|RainDance|[upkeep]
|upkeep
|turn|20
|
|t:|1760404232
|switch|p2a: Iron Crown|Iron Crown|49/100
|move|p1a: Pelipper|U-turn|p2a: Iron Crown
|-damage|p2a: Iron Crown|39/100
|
|t:|1760404237
|switch|p1a: Beartic|Beartic, M|100/100|[from] U-turn
|
|-weather|RainDance|[upkeep]
|upkeep
|turn|21
|
|t:|1760404245
|-terastallize|p1a: Beartic|Electric
|move|p1a: Beartic|Swords Dance|p1a: Beartic
|-boost|p1a: Beartic|atk|2
|move|p2a: Iron Crown|Tachyon Cutter|p1a: Beartic
|-resisted|p1a: Beartic
|-damage|p1a: Beartic|85/100
|-resisted|p1a: Beartic
|-damage|p1a: Beartic|70/100
|-hitcount|p1a: Beartic|2
|
|-weather|RainDance|[upkeep]
|upkeep
|turn|22
|
|t:|1760404257
|move|p1a: Beartic|Earthquake|p2a: Iron Crown
|-supereffective|p2a: Iron Crown
|-damage|p2a: Iron Crown|0 fnt
|faint|p2a: Iron Crown
|-end|p2a: Iron Crown|Quark Drive|[silent]
|
|-weather|RainDance|[upkeep]
|upkeep
|
|t:|1760404262
|switch|p2a: Quaquaval|Quaquaval, F|100/100
|turn|23
|
|t:|1760404266
|switch|p2a: Iron Treads|Iron Treads|100/100
|move|p1a: Beartic|Tera Blast|p2a: Iron Treads|[anim] Tera Blast Electric
|-immune|p2a: Iron Treads
|
|-weather|RainDance|[upkeep]
|upkeep
|turn|24
|
|t:|1760404274
|-end|p2a: Iron Treads|Quark Drive|[silent]
|switch|p2a: Pecharunt|Pecharunt|73/100
|move|p1a: Beartic|Icicle Spear|p2a: Pecharunt
|-damage|p2a: Pecharunt|60/100
|-damage|p2a: Pecharunt|45/100
|-damage|p2a: Pecharunt|32/100
|-damage|p2a: Pecharunt|18/100
|-hitcount|p2a: Pecharunt|4
|
|-weather|none
|upkeep
|turn|25
|
|t:|1760404286
|move|p2a: Pecharunt|Foul Play|p1a: Beartic
|-damage|p1a: Beartic|0 fnt
|faint|p1a: Beartic
|
|upkeep
|-message|DontMissMantine forfeited.
|
|win|Egoist N1 fan
|raw|DontMissMantine's rating: 1767 &rarr; <strong>1743</strong><br />(-24 for losing)
|raw|Egoist N1 fan's rating: 1699 &rarr; <strong>1723</strong><br />(+24 for winning)
|l|☆DontMissMantine
|player|p1|
|l|☆Egoist N1 fan
|player|p2|
