|j|☆SimonStork
|j|☆charizardfire2
|t:|1760429181
|gametype|singles
|player|p1|SimonStork|265|1417
|player|p2|charizardfire2|102|1438
|gen|9
|tier|[Gen 9] OU
|rated|
|rule|HP Percentage Mod: HP is shown in percentages
|rule|Endless Battle Clause: Forcing endless battles is banned
|rule|Species Clause: Limit one of each Pokémon
|rule|OHKO Clause: OHKO moves are banned
|rule|Evasion Items Clause: Evasion items are banned
|rule|Evasion Moves Clause: Evasion moves are banned
|rule|Evasion Abilities Clause: Evasion abilities are banned
|rule|Sleep Moves Clause: Sleep-inducing moves are banned
|clearpoke
|poke|p1|Zamazenta-*|
|poke|p1|Pecharunt|
|poke|p1|Landorus-Therian, M|
|poke|p1|Walking Wake|
|poke|p1|Torkoal, M|
|poke|p1|Scizor, F|
|poke|p2|Skeledirge, M|
|poke|p2|Ogerpon-Wellspring, F|
|poke|p2|Dragapult, F|
|poke|p2|Weezing-Galar, F|
|poke|p2|Ting-Lu|
|poke|p2|Corviknight, F|
|teampreview
|inactive|Battle timer is ON: inactive players will automatically lose when time's up. (requested by charizardfire2)
|
|t:|1760429197
|teamsize|p1|6
|teamsize|p2|6
|start
|switch|p1a: Landorus|Landorus-Therian, M|100/100
|switch|p2a: Ting-Lu|Ting-Lu, shiny|100/100
|-ability|p1a: Landorus|Intimidate|boost
|-unboost|p2a: Ting-Lu|atk|1
|-ability|p2a: Ting-Lu|Vessel of Ruin
|turn|1
|
|t:|1760429206
|move|p1a: Landorus|Earthquake|p2a: Ting-Lu
|-damage|p2a: Ting-Lu|69/100
|move|p2a: Ting-Lu|Stealth Rock|p1a: Landorus
|-sidestart|p1: SimonStork|move: Stealth Rock
|
|-heal|p2a: Ting-Lu|75/100|[from] item: Leftovers
|upkeep
|turn|2
|
|t:|1760429215
|switch|p2a: Ogerpon|Ogerpon-Wellspring, F|100/100
|move|p1a: Landorus|Earthquake|p2a: Ogerpon
|-resisted|p2a: Ogerpon
|-damage|p2a: Ogerpon|69/100
|
|upkeep
|turn|3
|
|t:|1760429224
|switch|p1a: Zamazenta|Zamazenta|100/100
|-damage|p1a: Zamazenta|94/100|[from] Stealth Rock
|-ability|p1a: Zamazenta|Dauntless Shield|boost
|-boost|p1a: Zamazenta|def|1
|move|p2a: Ogerpon|Spikes|p1a: Zamazenta
|-sidestart|p1: SimonStork|Spikes
|
|-heal|p1a: Zamazenta|100/100|[from] item: Leftovers
|upkeep
|turn|4
|
|t:|1760429233
|switch|p2a: Weezing|Weezing-Galar, F|100/100
|-ability|p2a: Weezing|Neutralizing Gas
|move|p1a: Zamazenta|Substitute|p1a: Zamazenta
|-start|p1a: Zamazenta|Substitute
|-damage|p1a: Zamazenta|75/100
|
|-heal|p1a: Zamazenta|82/100|[from] item: Leftovers
|upkeep
|turn|5
|
|t:|1760429242
|switch|p1a: Torkoal|Torkoal, M|100/100
|-damage|p1a: Torkoal|76/100|[from] Stealth Rock
|-damage|p1a: Torkoal|63/100|[from] Spikes
|move|p2a: Weezing|Sludge Bomb|p1a: Torkoal
|-damage|p1a: Torkoal|28/100
|-status|p1a: Torkoal|psn
|
|-damage|p1a: Torkoal|15/100 psn|[from] psn
|upkeep
|turn|6
|
|t:|1760429253
|move|p2a: Weezing|Sludge Bomb|p1a: Torkoal
|-damage|p1a: Torkoal|0 fnt
|faint|p1a: Torkoal
|
|upkeep
|
|t:|1760429257
|switch|p1a: Scizor|Scizor, F|100/100
|-damage|p1a: Scizor|88/100|[from] Stealth Rock
|-damage|p1a: Scizor|76/100|[from] Spikes
|turn|7
|
|t:|1760429263
|-end|p2a: Weezing|ability: Neutralizing Gas
|switch|p2a: Corviknight|Corviknight, F|100/100
|-ability|p2a: Corviknight|Pressure
|move|p1a: Scizor|U-turn|p2a: Corviknight
|-resisted|p2a: Corviknight
|-damage|p2a: Corviknight|92/100
|-damage|p1a: Scizor|60/100|[from] item: Rocky Helmet|[of] p2a: Corviknight
|
|t:|1760429272
|switch|p1a: Zamazenta|Zamazenta|82/100|[from] U-turn
|-damage|p1a: Zamazenta|75/100|[from] Stealth Rock
|-damage|p1a: Zamazenta|63/100|[from] Spikes
|
|-heal|p1a: Zamazenta|69/100|[from] item: Leftovers
|upkeep
|turn|8
|
|t:|1760429279
|switch|p2a: Weezing|Weezing-Galar, F|100/100
|-ability|p2a: Weezing|Neutralizing Gas
|move|p1a: Zamazenta|Substitute|p1a: Zamazenta
|-start|p1a: Zamazenta|Substitute
|-damage|p1a: Zamazenta|44/100
|
|-heal|p1a: Zamazenta|50/100|[from] item: Leftovers
|upkeep
|turn|9
|
|t:|1760429288
|move|p1a: Zamazenta|Body Press|p2a: Weezing
|-resisted|p2a: Weezing
|-damage|p2a: Weezing|95/100
|move|p2a: Weezing|Sludge Bomb|p1a: Zamazenta
|-activate|p1a: Zamazenta|move: Substitute|[damage]
|
|-heal|p1a: Zamazenta|57/100|[from] item: Leftovers
|upkeep
|turn|10
|
|t:|1760429297
|move|p1a: Zamazenta|Iron Defense|p1a: Zamazenta
|-boost|p1a: Zamazenta|def|2
|move|p2a: Weezing|Sludge Bomb|p1a: Zamazenta
|-end|p1a: Zamazenta|Substitute
|
|-heal|p1a: Zamazenta|63/100|[from] item: Leftovers
|upkeep
|turn|11
|
|t:|1760429304
|-end|p2a: Weezing|ability: Neutralizing Gas
|switch|p2a: Skeledirge|Skeledirge, M|100/100
|move|p1a: Zamazenta|Substitute|p1a: Zamazenta
|-start|p1a: Zamazenta|Substitute
|-damage|p1a: Zamazenta|38/100
|
|-heal|p1a: Zamazenta|44/100|[from] item: Leftovers
|upkeep
|turn|12
|
|t:|1760429313
|move|p1a: Zamazenta|Crunch|p2a: Skeledirge
|-supereffective|p2a: Skeledirge
|-damage|p2a: Skeledirge|64/100
|move|p2a: Skeledirge|Torch Song|p1a: Zamazenta
|-damage|p1a: Zamazenta|19/100
|-boost|p2a: Skeledirge|spa|1
|
|-heal|p1a: Zamazenta|25/100|[from] item: Leftovers
|upkeep
|turn|13
|
|t:|1760429327
|move|p1a: Zamazenta|Crunch|p2a: Skeledirge
|-supereffective|p2a: Skeledirge
|-damage|p2a: Skeledirge|30/100
|move|p2a: Skeledirge|Slack Off|p2a: Skeledirge
|-heal|p2a: Skeledirge|80/100
|
|-heal|p1a: Zamazenta|32/100|[from] item: Leftovers
|upkeep
|turn|14
|
|t:|1760429337
|-terastallize|p1a: Zamazenta|Fire
|move|p1a: Zamazenta|Crunch|p2a: Skeledirge
|-supereffective|p2a: Skeledirge
|-damage|p2a: Skeledirge|45/100
|move|p2a: Skeledirge|Torch Song|p1a: Zamazenta
|-resisted|p1a: Zamazenta
|-damage|p1a: Zamazenta|15/100
|-boost|p2a: Skeledirge|spa|1
|
|-heal|p1a: Zamazenta|21/100|[from] item: Leftovers
|upkeep
|turn|15
|
|t:|1760429358
|move|p1a: Zamazenta|Crunch|p2a: Skeledirge
|-supereffective|p2a: Skeledirge
|-damage|p2a: Skeledirge|12/100
|move|p2a: Skeledirge|Slack Off|p2a: Skeledirge
|-heal|p2a: Skeledirge|63/100
|
|-heal|p1a: Zamazenta|28/100|[from] item: Leftovers
|upkeep
|turn|16
|
|t:|1760429366
|switch|p2a: Corviknight|Corviknight, F|92/100
|-ability|p2a: Corviknight|Pressure
|move|p1a: Zamazenta|Crunch|p2a: Corviknight
|-damage|p2a: Corviknight|78/100
|-damage|p1a: Zamazenta|11/100|[from] item: Rocky Helmet|[of] p2a: Corviknight
|
|-heal|p1a: Zamazenta|17/100|[from] item: Leftovers
|upkeep
|turn|17
|
|t:|1760429376
|move|p1a: Zamazenta|Iron Defense|p1a: Zamazenta
|-boost|p1a: Zamazenta|def|2
|move|p2a: Corviknight|Iron Defense|p2a: Corviknight
|-boost|p2a: Corviknight|def|2
|
|-heal|p1a: Zamazenta|23/100|[from] item: Leftovers
|upkeep
|turn|18
|
|t:|1760429390
|move|p1a: Zamazenta|Body Press|p2a: Corviknight
|-damage|p2a: Corviknight|48/100
|-damage|p1a: Zamazenta|7/100|[from] item: Rocky Helmet|[of] p2a: Corviknight
|move|p2a: Corviknight|Iron Defense|p2a: Corviknight
|-boost|p2a: Corviknight|def|2
|
|-heal|p1a: Zamazenta|13/100|[from] item: Leftovers
|upkeep
|turn|19
|
|t:|1760429399
|move|p1a: Zamazenta|Body Press|p2a: Corviknight
|-damage|p2a: Corviknight|27/100
|-damage|p1a: Zamazenta|0 fnt|[from] item: Rocky Helmet|[of] p2a: Corviknight
|faint|p1a: Zamazenta
|move|p2a: Corviknight|Roost|p2a: Corviknight
|-heal|p2a: Corviknight|77/100
|-singleturn|p2a: Corviknight|move: Roost
|
|upkeep
|
|t:|1760429409
|switch|p1a: Walking Wake|Walking Wake|100/100
|-damage|p1a: Walking Wake|88/100|[from] Stealth Rock
|-damage|p1a: Walking Wake|76/100|[from] Spikes
|turn|20
|
|t:|1760429427
|switch|p2a: Ogerpon|Ogerpon-Wellspring, F|69/100
|move|p1a: Walking Wake|Hydro Steam|p2a: Ogerpon
|-heal|p2a: Ogerpon|94/100|[from] ability: Water Absorb|[of] p1a: Walking Wake
|
|upkeep
|turn|21
|-message|SimonStork forfeited.
|
|win|charizardfire2
|raw|SimonStork's rating: 1417 &rarr; <strong>1398</strong><br />(-19 for losing)
|raw|charizardfire2's rating: 1438 &rarr; <strong>1457</strong><br />(+19 for winning)
|l|☆SimonStork
|player|p1|
|l|☆charizardfire2
|player|p2|
|j| Axle64
