|j|☆Lotadfan22
|j|☆monotyrant
|t:|1760366765
|gametype|singles
|player|p1|Lotadfan22|blaine|1210
|player|p2|monotyrant|1|1219
|gen|9
|tier|[Gen 9] OU
|rated|
|rule|HP Percentage Mod: HP is shown in percentages
|rule|Endless Battle Clause: Forcing endless battles is banned
|rule|Species Clause: Limit one of each Pokémon
|rule|OHKO Clause: OHKO moves are banned
|rule|Evasion Items Clause: Evasion items are banned
|rule|Evasion Moves Clause: Evasion moves are banned
|rule|Evasion Abilities Clause: Evasion abilities are banned
|rule|Sleep Moves Clause: Sleep-inducing moves are banned
|clearpoke
|poke|p1|Ludicolo, F|
|poke|p1|Pelipper, F|
|poke|p1|Raging Bolt|
|poke|p1|Barraskewda, F|
|poke|p1|Kingambit, F|
|poke|p1|Zapdos|
|poke|p2|Dragonite, M|
|poke|p2|Garchomp, M|
|poke|p2|Muk-Alola, M|
|poke|p2|Krookodile, M|
|poke|p2|Gallade, M|
|poke|p2|Veluza, F|
|teampreview
|
|t:|1760366824
|teamsize|p1|6
|teamsize|p2|6
|start
|switch|p1a: Barraskewda|Barraskewda, F, shiny|100/100
|switch|p2a: Dragonite|Dragonite, M, shiny|100/100
|turn|1
|
|t:|1760366831
|move|p1a: Barraskewda|Flip Turn|p2a: Dragonite
|-resisted|p2a: Dragonite
|-damage|p2a: Dragonite|93/100
|
|t:|1760366835
|switch|p1a: Zapdos|Zapdos|100/100|[from] Flip Turn
|move|p2a: Dragonite|Hurricane|p1a: Zapdos
|-resisted|p1a: Zapdos
|-damage|p1a: Zapdos|68/100
|
|upkeep
|turn|2
|
|t:|1760366846
|switch|p2a: Garchomp|Garchomp, M, shiny|100/100
|move|p1a: Zapdos|Roost|p1a: Zapdos
|-heal|p1a: Zapdos|100/100
|-singleturn|p1a: Zapdos|move: Roost
|
|upkeep
|turn|3
|
|t:|1760366853
|switch|p1a: Pelipper|Pelipper, F|100/100
|-weather|RainDance|[from] ability: Drizzle|[of] p1a: Pelipper
|move|p2a: Garchomp|Dragon Tail|p1a: Pelipper
|-damage|p1a: Pelipper|79/100
|drag|p1a: Pianta|Ludicolo, F, shiny|100/100
|
|-weather|RainDance|[upkeep]
|upkeep
|turn|4
|
|t:|1760366866
|switch|p2a: Muk|Muk-Alola, M, shiny|100/100
|move|p1a: Pianta|Ice Beam|p2a: Muk
|-damage|p2a: Muk|80/100
|-damage|p1a: Pianta|91/100|[from] item: Life Orb
|
|-weather|RainDance|[upkeep]
|upkeep
|turn|5
|
|t:|1760366877
|switch|p1a: Kingambit|Kingambit, F|100/100
|move|p2a: Muk|Drain Punch|p1a: Kingambit
|-supereffective|p1a: Kingambit
|-damage|p1a: Kingambit|22/100
|-heal|p2a: Muk|100/100|[from] drain|[of] p1a: Kingambit
|
|-weather|RainDance|[upkeep]
|upkeep
|turn|6
|
|t:|1760366892
|-end|p1a: Kingambit|fallenundefined|[silent]
|switch|p1a: Raging Bolt|Raging Bolt|100/100
|move|p2a: Muk|Poison Jab|p1a: Raging Bolt
|-damage|p1a: Raging Bolt|64/100
|-status|p1a: Raging Bolt|psn
|
|-weather|RainDance|[upkeep]
|-damage|p1a: Raging Bolt|52/100 psn|[from] psn
|upkeep
|turn|7
|
|t:|1760366902
|move|p1a: Raging Bolt|Thunder|p2a: Muk
|-damage|p2a: Muk|49/100
|move|p2a: Muk|Drain Punch|p1a: Raging Bolt
|-damage|p1a: Raging Bolt|27/100 psn
|-heal|p2a: Muk|63/100|[from] drain|[of] p1a: Raging Bolt
|
|-weather|RainDance|[upkeep]
|-damage|p1a: Raging Bolt|14/100 psn|[from] psn
|upkeep
|turn|8
|
|t:|1760366912
|switch|p2a: Krookodile|Krookodile, M, shiny|100/100
|-ability|p2a: Krookodile|Intimidate|boost
|-unboost|p1a: Raging Bolt|atk|1
|move|p1a: Raging Bolt|Thunder|p2a: Krookodile
|-immune|p2a: Krookodile
|
|-weather|RainDance|[upkeep]
|-damage|p1a: Raging Bolt|2/100 psn|[from] psn
|upkeep
|turn|9
|inactive|Battle timer is ON: inactive players will automatically lose when time's up. (requested by monotyrant)
|inactive|Lotadfan22 has 120 seconds left.
|
|t:|1760367005
|move|p2a: Krookodile|Stealth Rock|p1a: Raging Bolt
|-sidestart|p1: Lotadfan22|move: Stealth Rock
|move|p1a: Raging Bolt|Thunder|p2a: Krookodile
|-immune|p2a: Krookodile
|
|-weather|RainDance|[upkeep]
|-damage|p1a: Raging Bolt|0 fnt|[from] psn
|faint|p1a: Raging Bolt
|-end|p1a: Raging Bolt|Protosynthesis|[silent]
|upkeep
|
|t:|1760367007
|switch|p1a: Zapdos|Zapdos|100/100
|turn|10
|
|t:|1760367036
|switch|p2a: Dragonite|Dragonite, M, shiny|93/100
|move|p1a: Zapdos|Weather Ball|p2a: Dragonite
|-resisted|p2a: Dragonite
|-damage|p2a: Dragonite|67/100
|
|-weather|none
|upkeep
|turn|11
|
|t:|1760367057
|switch|p1a: Kingambit|Kingambit, F|22/100
|-damage|p1a: Kingambit|16/100|[from] Stealth Rock
|-activate|p1a: Kingambit|ability: Supreme Overlord
|-start|p1a: Kingambit|fallen1|[silent]
|move|p2a: Dragonite|Roost|p2a: Dragonite
|-heal|p2a: Dragonite|100/100
|-singleturn|p2a: Dragonite|move: Roost
|
|upkeep
|turn|12
|
|t:|1760367065
|switch|p2a: Garchomp|Garchomp, M, shiny|100/100
|move|p1a: Kingambit|Kowtow Cleave|p2a: Garchomp
|-damage|p2a: Garchomp|49/100
|-damage|p1a: Kingambit|3/100|[from] ability: Rough Skin|[of] p2a: Garchomp
|-damage|p1a: Kingambit|0 fnt|[from] item: Rocky Helmet|[of] p2a: Garchomp
|faint|p1a: Kingambit
|-end|p1a: Kingambit|fallen1|[silent]
|
|upkeep
|
|t:|1760367077
|switch|p1a: Pelipper|Pelipper, F|79/100
|-damage|p1a: Pelipper|54/100|[from] Stealth Rock
|-weather|RainDance|[from] ability: Drizzle|[of] p1a: Pelipper
|turn|13
|
|t:|1760367088
|switch|p2a: Muk|Muk-Alola, M, shiny|63/100
|move|p1a: Pelipper|Roost|p1a: Pelipper
|-heal|p1a: Pelipper|100/100
|-singleturn|p1a: Pelipper|move: Roost
|
|-weather|RainDance|[upkeep]
|upkeep
|turn|14
|
|t:|1760367093
|move|p2a: Muk|Poison Jab|p1a: Pelipper
|-damage|p1a: Pelipper|69/100
|move|p1a: Pelipper|Hydro Pump|p2a: Muk
|-damage|p2a: Muk|33/100
|
|-weather|RainDance|[upkeep]
|upkeep
|turn|15
|
|t:|1760367120
|move|p2a: Muk|Knock Off|p1a: Pelipper
|-damage|p1a: Pelipper|32/100
|-enditem|p1a: Pelipper|Damp Rock|[from] move: Knock Off|[of] p2a: Muk
|move|p1a: Pelipper|Hydro Pump|p2a: Muk
|-damage|p2a: Muk|2/100
|
|-weather|RainDance|[upkeep]
|upkeep
|turn|16
|inactive|Lotadfan22 has 120 seconds left.
|
|t:|1760367138
|move|p2a: Muk|Poison Jab|p1a: Pelipper
|-damage|p1a: Pelipper|1/100
|move|p1a: Pelipper|Hurricane|p2a: Muk
|-damage|p2a: Muk|0 fnt
|faint|p2a: Muk
|
|-weather|RainDance|[upkeep]
|upkeep
|
|t:|1760367161
|switch|p2a: Gallade|Gallade, M, shiny|100/100
|turn|17
|
|t:|1760367170
|move|p2a: Gallade|Sacred Sword|p1a: Pelipper
|-resisted|p1a: Pelipper
|-damage|p1a: Pelipper|0 fnt
|faint|p1a: Pelipper
|
|-weather|RainDance|[upkeep]
|upkeep
|inactive|Lotadfan22 has 120 seconds left.
|
|t:|1760367202
|switch|p1a: Barraskewda|Barraskewda, F, shiny|100/100
|turn|18
|inactive|monotyrant has 120 seconds left.
|inactive|monotyrant has 90 seconds left.
|
|t:|1760367261
|switch|p2a: Garchomp|Garchomp, M, shiny|49/100
|move|p1a: Barraskewda|Liquidation|p2a: Garchomp
|-damage|p2a: Garchomp|0 fnt
|-damage|p1a: Barraskewda|88/100|[from] ability: Rough Skin|[of] p2a: Garchomp
|-damage|p1a: Barraskewda|72/100|[from] item: Rocky Helmet|[of] p2a: Garchomp
|faint|p2a: Garchomp
|
|-weather|RainDance|[upkeep]
|upkeep
|inactive|monotyrant has 90 seconds left.
|
|t:|1760367276
|switch|p2a: Dragonite|Dragonite, M, shiny|100/100
|turn|19
|
|t:|1760367286
|move|p1a: Barraskewda|Flip Turn|p2a: Dragonite
|-resisted|p2a: Dragonite
|-damage|p2a: Dragonite|88/100
|
|t:|1760367289
|switch|p1a: Zapdos|Zapdos|100/100|[from] Flip Turn
|move|p2a: Dragonite|Ice Beam|p1a: Zapdos
|-supereffective|p1a: Zapdos
|-damage|p1a: Zapdos|30/100
|
|-weather|RainDance|[upkeep]
|upkeep
|turn|20
|inactive|monotyrant has 90 seconds left.
|
|t:|1760367314
|move|p1a: Zapdos|Thunder|p2a: Dragonite
|-damage|p2a: Dragonite|29/100
|move|p2a: Dragonite|Ice Beam|p1a: Zapdos
|-supereffective|p1a: Zapdos
|-damage|p1a: Zapdos|0 fnt
|faint|p1a: Zapdos
|
|-weather|none
|upkeep
|
|t:|1760367326
|switch|p1a: Pianta|Ludicolo, F, shiny|91/100
|-damage|p1a: Pianta|78/100|[from] Stealth Rock
|turn|21
|
|t:|1760367351
|move|p2a: Dragonite|Extreme Speed|p1a: Pianta
|-damage|p1a: Pianta|44/100
|move|p1a: Pianta|Ice Beam|p2a: Dragonite
|-supereffective|p2a: Dragonite
|-damage|p2a: Dragonite|0 fnt
|faint|p2a: Dragonite
|-damage|p1a: Pianta|34/100|[from] item: Life Orb
|
|upkeep
|
|t:|1760367359
|switch|p2a: Gallade|Gallade, M, shiny|100/100
|turn|22
|
|t:|1760367364
|move|p2a: Gallade|Leaf Blade|p1a: Pianta
|-crit|p1a: Pianta
|-damage|p1a: Pianta|0 fnt
|faint|p1a: Pianta
|
|upkeep
|
|t:|1760367367
|switch|p1a: Barraskewda|Barraskewda, F, shiny|72/100
|turn|23
|
|t:|1760367373
|switch|p2a: Krookodile|Krookodile, M, shiny|100/100
|-ability|p2a: Krookodile|Intimidate|boost
|-unboost|p1a: Barraskewda|atk|1
|-terastallize|p1a: Barraskewda|Water
|move|p1a: Barraskewda|Liquidation|p2a: Krookodile
|-supereffective|p2a: Krookodile
|-damage|p2a: Krookodile|12/100
|
|upkeep
|turn|24
|
|t:|1760367384
|move|p1a: Barraskewda|Liquidation|p2a: Krookodile
|-supereffective|p2a: Krookodile
|-damage|p2a: Krookodile|0 fnt
|faint|p2a: Krookodile
|
|upkeep
|
|t:|1760367403
|switch|p2a: Gallade|Gallade, M, shiny|100/100
|turn|25
|
|t:|1760367420
|move|p2a: Gallade|Leaf Blade|p1a: Barraskewda
|-supereffective|p1a: Barraskewda
|-damage|p1a: Barraskewda|0 fnt
|faint|p1a: Barraskewda
|
|win|monotyrant
|raw|Lotadfan22's rating: 1210 &rarr; <strong>1186</strong><br />(-24 for losing)
|raw|monotyrant's rating: 1219 &rarr; <strong>1243</strong><br />(+24 for winning)
