|j|☆Kward17kw
|j|☆hsvsjajb
|t:|1760359721
|gametype|singles
|player|p1|Kward17kw|102|1115
|player|p2|hsvsjajb|169|1098
|gen|9
|tier|[Gen 9] OU
|rated|
|rule|HP Percentage Mod: HP is shown in percentages
|rule|Endless Battle Clause: Forcing endless battles is banned
|rule|Species Clause: Limit one of each Pokémon
|rule|OHKO Clause: OHKO moves are banned
|rule|Evasion Items Clause: Evasion items are banned
|rule|Evasion Moves Clause: Evasion moves are banned
|rule|Evasion Abilities Clause: Evasion abilities are banned
|rule|Sleep Moves Clause: Sleep-inducing moves are banned
|clearpoke
|poke|p1|Goodra-Hisui, F|
|poke|p1|Zapdos|
|poke|p1|Avalugg-Hisui, M|
|poke|p1|Glimmora, M|
|poke|p1|Yanmega, F|
|poke|p1|Greninja-*, M|
|poke|p2|Samurott-Hisui, M|
|poke|p2|Zapdos|
|poke|p2|Iron Treads|
|poke|p2|Salamence, F|
|poke|p2|Hariyama, F|
|poke|p2|Alomomola, F|
|teampreview
|
|t:|1760359727
|teamsize|p1|6
|teamsize|p2|6
|start
|switch|p1a: Avalugg|Avalugg-Hisui, M|100/100
|switch|p2a: Iron Treads|Iron Treads|100/100
|turn|1
|
|t:|1760359739
|move|p2a: Iron Treads|Iron Head|p1a: Avalugg
|-supereffective|p1a: Avalugg
|-damage|p1a: Avalugg|42/100
|move|p1a: Avalugg|Mountain Gale|p2a: Iron Treads
|-damage|p2a: Iron Treads|60/100
|
|-heal|p2a: Iron Treads|67/100|[from] item: Leftovers
|upkeep
|turn|2
|
|t:|1760359750
|switch|p1a: Zapdos|Zapdos|100/100
|move|p2a: Iron Treads|Iron Head|p1a: Zapdos
|-resisted|p1a: Zapdos
|-damage|p1a: Zapdos|86/100
|-damage|p2a: Iron Treads|50/100|[from] item: Rocky Helmet|[of] p1a: Zapdos
|
|-heal|p2a: Iron Treads|56/100|[from] item: Leftovers
|upkeep
|turn|3
|
|t:|1760359761
|move|p2a: Iron Treads|Knock Off|p1a: Zapdos
|-damage|p1a: Zapdos|58/100
|-damage|p2a: Iron Treads|40/100|[from] item: Rocky Helmet|[of] p1a: Zapdos
|-enditem|p1a: Zapdos|Rocky Helmet|[from] move: Knock Off|[of] p2a: Iron Treads
|move|p1a: Zapdos|Heat Wave|p2a: Iron Treads
|-supereffective|p2a: Iron Treads
|-damage|p2a: Iron Treads|0 fnt
|faint|p2a: Iron Treads
|-end|p2a: Iron Treads|Quark Drive|[silent]
|
|upkeep
|
|t:|1760359778
|switch|p2a: Zapdos|Zapdos|100/100
|turn|4
|
|t:|1760359784
|move|p1a: Zapdos|Volt Switch|p2a: Zapdos
|-damage|p2a: Zapdos|72/100
|
|t:|1760359789
|switch|p1a: Goodra|Goodra-Hisui, F|100/100|[from] Volt Switch
|move|p2a: Zapdos|Thunderbolt|p1a: Goodra
|-resisted|p1a: Goodra
|-damage|p1a: Goodra|91/100
|
|-heal|p1a: Goodra|97/100|[from] item: Leftovers
|upkeep
|turn|5
|
|t:|1760359800
|move|p2a: Zapdos|U-turn|p1a: Goodra
|-resisted|p1a: Goodra
|-damage|p1a: Goodra|90/100
|
|t:|1760359804
|switch|p2a: Hariyama|Hariyama, F|100/100|[from] U-turn
|move|p1a: Goodra|Substitute|p1a: Goodra
|-start|p1a: Goodra|Substitute
|-damage|p1a: Goodra|66/100
|
|-heal|p1a: Goodra|72/100|[from] item: Leftovers
|-status|p2a: Hariyama|brn|[from] item: Flame Orb
|upkeep
|turn|6
|
|t:|1760359815
|move|p2a: Hariyama|Earthquake|p1a: Goodra
|-supereffective|p1a: Goodra
|-end|p1a: Goodra|Substitute
|move|p1a: Goodra|Dragon Tail|p2a: Hariyama
|-damage|p2a: Hariyama|80/100 brn
|drag|p2a: Salamence|Salamence, F|100/100
|-ability|p2a: Salamence|Intimidate|boost
|-unboost|p1a: Goodra|atk|1
|
|-heal|p1a: Goodra|78/100|[from] item: Leftovers
|upkeep
|turn|7
|
|t:|1760359827
|move|p2a: Salamence|Fire Fang|p1a: Goodra
|-damage|p1a: Goodra|50/100
|-damage|p2a: Salamence|91/100|[from] item: Life Orb
|cant|p1a: Goodra|flinch
|
|-heal|p1a: Goodra|56/100|[from] item: Leftovers
|upkeep
|turn|8
|
|t:|1760359836
|switch|p1a: Glimmora|Glimmora, M|100/100
|-item|p1a: Glimmora|Air Balloon
|move|p2a: Salamence|Fire Fang|p1a: Glimmora
|-resisted|p1a: Glimmora
|-damage|p1a: Glimmora|85/100
|-activate|p1a: Glimmora|ability: Toxic Debris
|-sidestart|p2: hsvsjajb|move: Toxic Spikes
|-enditem|p1a: Glimmora|Air Balloon
|-damage|p2a: Salamence|81/100|[from] item: Life Orb
|
|upkeep
|turn|9
|
|t:|1760359859
|switch|p2a: Hariyama|Hariyama, F|80/100 brn
|move|p1a: Glimmora|Power Gem|p2a: Hariyama
|-resisted|p2a: Hariyama
|-damage|p2a: Hariyama|61/100 brn
|
|-damage|p2a: Hariyama|55/100 brn|[from] brn
|upkeep
|turn|10
|
|t:|1760359873
|move|p1a: Glimmora|Spiky Shield|p1a: Glimmora
|-singleturn|p1a: Glimmora|move: Protect
|move|p2a: Hariyama|Thunder Punch|p1a: Glimmora
|-activate|p1a: Glimmora|move: Protect
|-damage|p2a: Hariyama|43/100 brn|[from] Spiky Shield|[of] p1a: Glimmora
|
|-damage|p2a: Hariyama|37/100 brn|[from] brn
|upkeep
|turn|11
|
|t:|1760359890
|switch|p1a: Avalugg|Avalugg-Hisui, M|42/100
|move|p2a: Hariyama|Close Combat|p1a: Avalugg
|-supereffective|p1a: Avalugg
|-crit|p1a: Avalugg
|-damage|p1a: Avalugg|0 fnt
|-unboost|p2a: Hariyama|def|1
|-unboost|p2a: Hariyama|spd|1
|faint|p1a: Avalugg
|
|-damage|p2a: Hariyama|31/100 brn|[from] brn
|upkeep
|inactive|Battle timer is ON: inactive players will automatically lose when time's up. (requested by hsvsjajb)
|
|t:|1760359909
|switch|p1a: Zapdos|Zapdos|58/100
|turn|12
|
|t:|1760359919
|switch|p2a: Salamence|Salamence, F|81/100
|-ability|p2a: Salamence|Intimidate|boost
|-unboost|p1a: Zapdos|atk|1
|move|p1a: Zapdos|Volt Switch|p2a: Salamence
|-damage|p2a: Salamence|31/100
|
|t:|1760359927
|switch|p1a: Glimmora|Glimmora, M|85/100|[from] Volt Switch
|
|upkeep
|turn|13
|
|t:|1760359934
|move|p2a: Salamence|Dragon Claw|p1a: Glimmora
|-damage|p1a: Glimmora|24/100
|-activate|p1a: Glimmora|ability: Toxic Debris
|-sidestart|p2: hsvsjajb|move: Toxic Spikes
|-damage|p2a: Salamence|21/100|[from] item: Life Orb
|move|p1a: Glimmora|Power Gem|p2a: Salamence
|-supereffective|p2a: Salamence
|-damage|p2a: Salamence|0 fnt
|faint|p2a: Salamence
|
|upkeep
|
|t:|1760359945
|switch|p2a: Samurott|Samurott-Hisui, M|100/100
|-status|p2a: Samurott|tox
|turn|14
|
|t:|1760359957
|move|p1a: Glimmora|Spiky Shield|p1a: Glimmora
|-singleturn|p1a: Glimmora|move: Protect
|move|p2a: Samurott|Knock Off|p1a: Glimmora
|-activate|p1a: Glimmora|move: Protect
|-damage|p2a: Samurott|88/100 tox|[from] Spiky Shield|[of] p1a: Glimmora
|
|-damage|p2a: Samurott|82/100 tox|[from] psn
|upkeep
|turn|15
|
|t:|1760359969
|switch|p1a: Zapdos|Zapdos|58/100
|move|p2a: Samurott|Knock Off|p1a: Zapdos
|-damage|p1a: Zapdos|30/100
|
|-damage|p2a: Samurott|69/100 tox|[from] psn
|upkeep
|turn|16
|
|t:|1760359983
|switch|p2a: Hariyama|Hariyama, F|31/100 brn
|move|p1a: Zapdos|Volt Switch|p2a: Hariyama
|-damage|p2a: Hariyama|0 fnt
|faint|p2a: Hariyama
|
|t:|1760359991
|switch|p1a: Glimmora|Glimmora, M|24/100|[from] Volt Switch
|
|upkeep
|
|t:|1760359997
|switch|p2a: Samurott|Samurott-Hisui, M|69/100 tox
|turn|17
|
|t:|1760360001
|move|p1a: Glimmora|Spiky Shield|p1a: Glimmora
|-singleturn|p1a: Glimmora|move: Protect
|move|p2a: Samurott|Aqua Cutter|p1a: Glimmora
|-activate|p1a: Glimmora|move: Protect
|
|-damage|p2a: Samurott|63/100 tox|[from] psn
|upkeep
|turn|18
|
|t:|1760360012
|switch|p1a: Goodra|Goodra-Hisui, F|56/100
|move|p2a: Samurott|Aqua Cutter|p1a: Goodra
|-resisted|p1a: Goodra
|-damage|p1a: Goodra|35/100
|
|-heal|p1a: Goodra|41/100|[from] item: Leftovers
|-damage|p2a: Samurott|51/100 tox|[from] psn
|upkeep
|turn|19
|-message|hsvsjajb forfeited.
|
|win|Kward17kw
|raw|Kward17kw's rating: 1115 &rarr; <strong>1139</strong><br />(+24 for winning)
|raw|hsvsjajb's rating: 1098 &rarr; <strong>1075</strong><br />(-23 for losing)
|l|☆hsvsjajb
|player|p2|
|l|☆Kward17kw
|player|p1|
