|j|☆superstar
|j|☆DonDeLenguas
|t:|1760448066
|gametype|singles
|player|p1|superstar|1|1380
|player|p2|DonDeLenguas|266|1456
|gen|9
|tier|[Gen 9] OU
|rated|
|rule|HP Percentage Mod: HP is shown in percentages
|rule|Endless Battle Clause: Forcing endless battles is banned
|rule|Species Clause: Limit one of each Pokémon
|rule|OHKO Clause: OHKO moves are banned
|rule|Evasion Items Clause: Evasion items are banned
|rule|Evasion Moves Clause: Evasion moves are banned
|rule|Evasion Abilities Clause: Evasion abilities are banned
|rule|Sleep Moves Clause: Sleep-inducing moves are banned
|clearpoke
|poke|p1|Ribombee, F|
|poke|p1|Manaphy|
|poke|p1|Raging Bolt|
|poke|p1|Pecharunt|
|poke|p1|Enamorus, F|
|poke|p1|Great Tusk|
|poke|p2|Primarina, M|
|poke|p2|Meowscarada, M|
|poke|p2|Heatran, M|
|poke|p2|Dragapult, M|
|poke|p2|Iron Valiant|
|poke|p2|Great Tusk|
|teampreview
|
|t:|1760448091
|teamsize|p1|6
|teamsize|p2|6
|start
|switch|p1a: Bee Movie|Ribombee, F|100/100
|switch|p2a: Heatran|Heatran, M|100/100
|turn|1
|
|t:|1760448097
|move|p1a: Bee Movie|Sticky Web|p2a: Heatran
|-sidestart|p2: DonDeLenguas|move: Sticky Web
|move|p2a: Heatran|Earth Power|p1a: Bee Movie
|-resisted|p1a: Bee Movie
|-damage|p1a: Bee Movie|81/100
|
|upkeep
|turn|2
|
|t:|1760448102
|move|p1a: Bee Movie|Stun Spore|p2a: Heatran
|-status|p2a: Heatran|par
|move|p2a: Heatran|Stealth Rock|p1a: Bee Movie
|-sidestart|p1: superstar|move: Stealth Rock
|
|upkeep
|turn|3
|
|t:|1760448107
|switch|p1a: Manaphy|Manaphy|100/100
|-damage|p1a: Manaphy|88/100|[from] Stealth Rock
|move|p2a: Heatran|Earth Power|p1a: Manaphy
|-damage|p1a: Manaphy|64/100
|
|-heal|p1a: Manaphy|70/100|[from] item: Leftovers
|upkeep
|turn|4
|
|t:|1760448113
|switch|p2a: Meowscarada|Meowscarada, M|100/100
|-activate|p2a: Meowscarada|move: Sticky Web
|-unboost|p2a: Meowscarada|spe|1
|move|p1a: Manaphy|Surf|p2a: Meowscarada
|-resisted|p2a: Meowscarada
|-damage|p2a: Meowscarada|72/100
|
|-heal|p1a: Manaphy|76/100|[from] item: Leftovers
|upkeep
|turn|5
|
|t:|1760448126
|switch|p1a: Bee Movie|Ribombee, F|81/100
|-damage|p1a: Bee Movie|57/100|[from] Stealth Rock
|move|p2a: Meowscarada|Flower Trick|p1a: Bee Movie
|-start|p2a: Meowscarada|typechange|Grass|[from] ability: Protean
|-resisted|p1a: Bee Movie
|-crit|p1a: Bee Movie
|-damage|p1a: Bee Movie|20/100
|
|upkeep
|turn|6
|
|t:|1760448136
|switch|p2a: Heatran|Heatran, M|100/100 par
|-activate|p2a: Heatran|move: Sticky Web
|-unboost|p2a: Heatran|spe|1
|switch|p1a: Great Tusk|Great Tusk|100/100
|-damage|p1a: Great Tusk|98/100|[from] Stealth Rock
|-enditem|p1a: Great Tusk|Booster Energy
|-activate|p1a: Great Tusk|ability: Protosynthesis|[fromitem]
|-start|p1a: Great Tusk|protosynthesisatk
|
|upkeep
|turn|7
|
|t:|1760448148
|switch|p2a: Primarina|Primarina, M|100/100
|-activate|p2a: Primarina|move: Sticky Web
|-unboost|p2a: Primarina|spe|1
|move|p1a: Great Tusk|Headlong Rush|p2a: Primarina
|-damage|p2a: Primarina|0 fnt
|-unboost|p1a: Great Tusk|def|1
|-unboost|p1a: Great Tusk|spd|1
|faint|p2a: Primarina
|
|upkeep
|
|t:|1760448159
|switch|p2a: Meowscarada|Meowscarada, M|72/100
|-activate|p2a: Meowscarada|move: Sticky Web
|-unboost|p2a: Meowscarada|spe|1
|turn|8
|
|t:|1760448166
|move|p2a: Meowscarada|Flower Trick|p1a: Great Tusk
|-start|p2a: Meowscarada|typechange|Grass|[from] ability: Protean
|-supereffective|p1a: Great Tusk
|-crit|p1a: Great Tusk
|-damage|p1a: Great Tusk|0 fnt
|faint|p1a: Great Tusk
|-end|p1a: Great Tusk|Protosynthesis|[silent]
|
|upkeep
|
|t:|1760448184
|switch|p1a: Enamorus|Enamorus, F|100/100
|-damage|p1a: Enamorus|76/100|[from] Stealth Rock
|turn|9
|
|t:|1760448193
|switch|p2a: Heatran|Heatran, M|100/100 par
|-activate|p2a: Heatran|move: Sticky Web
|-unboost|p2a: Heatran|spe|1
|move|p1a: Enamorus|Calm Mind|p1a: Enamorus
|-unboost|p1a: Enamorus|spa|1
|-unboost|p1a: Enamorus|spd|1
|
|-heal|p1a: Enamorus|82/100|[from] item: Leftovers
|upkeep
|turn|10
|c|☆superstar|lmao
|-message|superstar forfeited.
|
|win|DonDeLenguas
|raw|superstar's rating: 1380 &rarr; <strong>1364</strong><br />(-16 for losing)
|raw|DonDeLenguas's rating: 1456 &rarr; <strong>1472</strong><br />(+16 for winning)
|l|☆superstar
|player|p1|
