|j|☆RohiMigh
|j|☆aroundthenatdex
|t:|1760415450
|gametype|singles
|player|p1|RohiMigh|2|1124
|player|p2|aroundthenatdex|1|1121
|gen|9
|tier|[Gen 9] OU
|rated|
|rule|HP Percentage Mod: HP is shown in percentages
|rule|Endless Battle Clause: Forcing endless battles is banned
|rule|Species Clause: Limit one of each Pokémon
|rule|OHKO Clause: OHKO moves are banned
|rule|Evasion Items Clause: Evasion items are banned
|rule|Evasion Moves Clause: Evasion moves are banned
|rule|Evasion Abilities Clause: Evasion abilities are banned
|rule|Sleep Moves Clause: Sleep-inducing moves are banned
|clearpoke
|poke|p1|Moltres|
|poke|p1|Zamazenta-*|
|poke|p1|Darkrai|
|poke|p1|Hydrapple, M|
|poke|p1|Ting-Lu|
|poke|p1|Tinkaton, F|
|poke|p2|Staraptor, F|
|poke|p2|Noctowl, F|
|poke|p2|Talonflame, M|
|poke|p2|Toucannon, F|
|poke|p2|Corviknight, F|
|poke|p2|Kilowattrel, M|
|teampreview
|
|t:|1760415464
|teamsize|p1|6
|teamsize|p2|6
|start
|switch|p1a: Tinkaton|Tinkaton, F|100/100
|switch|p2a: Staraptor|Staraptor, F|100/100
|-ability|p1a: Tinkaton|Mold Breaker
|-item|p1a: Tinkaton|Air Balloon
|turn|1
|
|t:|1760415474
|switch|p2a: Talonflame|Talonflame, M|100/100
|move|p1a: Tinkaton|Stealth Rock|p2a: Talonflame
|-sidestart|p2: aroundthenatdex|move: Stealth Rock
|
|upkeep
|turn|2
|inactive|Battle timer is ON: inactive players will automatically lose when time's up. (requested by aroundthenatdex)
|
|t:|1760415485
|switch|p1a: Ting-Lu|Ting-Lu|100/100
|-ability|p1a: Ting-Lu|Vessel of Ruin
|move|p2a: Talonflame|Will-O-Wisp|p1a: Ting-Lu
|-status|p1a: Ting-Lu|brn
|
|-damage|p1a: Ting-Lu|94/100 brn|[from] brn
|upkeep
|turn|3
|
|t:|1760415494
|move|p2a: Talonflame|U-turn|p1a: Ting-Lu
|-supereffective|p1a: Ting-Lu
|-damage|p1a: Ting-Lu|79/100 brn
|
|t:|1760415497
|switch|p2a: Corviknight|Corviknight, F|100/100|[from] U-turn
|-damage|p2a: Corviknight|88/100|[from] Stealth Rock
|-ability|p2a: Corviknight|Pressure
|move|p1a: Ting-Lu|Ruination|p2a: Corviknight
|-damage|p2a: Corviknight|44/100
|
|-heal|p1a: Ting-Lu|86/100 brn|[from] item: Leftovers
|-damage|p1a: Ting-Lu|79/100 brn|[from] brn
|upkeep
|turn|4
|
|t:|1760415509
|switch|p1a: Moltres|Moltres|100/100
|move|p2a: Corviknight|Defog|p1a: Moltres
|-unboost|p1a: Moltres|evasion|1
|-sideend|p2: aroundthenatdex|Stealth Rock|[from] move: Defog|[of] p2a: Corviknight
|
|upkeep
|turn|5
|
|t:|1760415514
|switch|p2a: Talonflame|Talonflame, M|100/100
|move|p1a: Moltres|Flamethrower|p2a: Talonflame
|-resisted|p2a: Talonflame
|-damage|p2a: Talonflame|78/100
|
|upkeep
|turn|6
|
|t:|1760415533
|move|p2a: Talonflame|U-turn|p1a: Moltres
|-resisted|p1a: Moltres
|-damage|p1a: Moltres|98/100
|
|t:|1760415541
|switch|p2a: Noctowl|Noctowl, F|100/100|[from] U-turn
|move|p1a: Moltres|U-turn|p2a: Noctowl
|-resisted|p2a: Noctowl
|-damage|p2a: Noctowl|87/100
|
|t:|1760415550
|switch|p1a: Tinkaton|Tinkaton, F|100/100|[from] U-turn
|-ability|p1a: Tinkaton|Mold Breaker
|-item|p1a: Tinkaton|Air Balloon
|
|upkeep
|turn|7
|
|t:|1760415556
|move|p1a: Tinkaton|Stealth Rock|p2a: Noctowl
|-sidestart|p2: aroundthenatdex|move: Stealth Rock
|move|p2a: Noctowl|Nasty Plot|p2a: Noctowl
|-boost|p2a: Noctowl|spa|2
|
|upkeep
|turn|8
|
|t:|1760415560
|move|p1a: Tinkaton|Encore|p2a: Noctowl
|-start|p2a: Noctowl|Encore
|move|p2a: Noctowl|Nasty Plot|p2a: Noctowl
|-boost|p2a: Noctowl|spa|2
|
|upkeep
|turn|9
|
|t:|1760415565
|switch|p2a: Talonflame|Talonflame, M|78/100
|move|p1a: Tinkaton|Thunder Wave|p2a: Talonflame
|-status|p2a: Talonflame|par
|
|upkeep
|turn|10
|
|t:|1760415577
|switch|p1a: Moltres|Moltres|98/100
|move|p2a: Talonflame|U-turn|p1a: Moltres
|-resisted|p1a: Moltres
|-damage|p1a: Moltres|96/100
|
|t:|1760415581
|switch|p2a: Kilowattrel|Kilowattrel, M|100/100|[from] U-turn
|-damage|p2a: Kilowattrel|76/100|[from] Stealth Rock
|
|upkeep
|turn|11
|
|t:|1760415594
|switch|p1a: Ting-Lu|Ting-Lu|79/100 brn
|-ability|p1a: Ting-Lu|Vessel of Ruin
|move|p2a: Kilowattrel|Hurricane|p1a: Ting-Lu
|-damage|p1a: Ting-Lu|47/100 brn
|
|-heal|p1a: Ting-Lu|53/100 brn|[from] item: Leftovers
|-damage|p1a: Ting-Lu|47/100 brn|[from] brn
|upkeep
|turn|12
|
|t:|1760415603
|move|p2a: Kilowattrel|Hurricane|p1a: Ting-Lu
|-damage|p1a: Ting-Lu|15/100 brn
|move|p1a: Ting-Lu|Ruination|p2a: Kilowattrel
|-damage|p2a: Kilowattrel|38/100
|
|-heal|p1a: Ting-Lu|21/100 brn|[from] item: Leftovers
|-damage|p1a: Ting-Lu|15/100 brn|[from] brn
|upkeep
|turn|13
|
|t:|1760415618
|move|p2a: Kilowattrel|Hurricane|p1a: Ting-Lu|[miss]
|-miss|p2a: Kilowattrel|p1a: Ting-Lu
|move|p1a: Ting-Lu|Whirlwind|p2a: Kilowattrel
|drag|p2a: Noctowl|Noctowl, F|87/100
|
|-heal|p1a: Ting-Lu|21/100 brn|[from] item: Leftovers
|-damage|p1a: Ting-Lu|15/100 brn|[from] brn
|upkeep
|turn|14
|
|t:|1760415627
|switch|p1a: Tinkaton|Tinkaton, F|100/100
|-ability|p1a: Tinkaton|Mold Breaker
|-item|p1a: Tinkaton|Air Balloon
|move|p2a: Noctowl|Hurricane|p1a: Tinkaton
|-resisted|p1a: Tinkaton
|-damage|p1a: Tinkaton|56/100
|-enditem|p1a: Tinkaton|Air Balloon
|
|upkeep
|turn|15
|
|t:|1760415641
|move|p1a: Tinkaton|Gigaton Hammer|p2a: Noctowl
|-damage|p2a: Noctowl|15/100
|move|p2a: Noctowl|Hurricane|p1a: Tinkaton
|-resisted|p1a: Tinkaton
|-damage|p1a: Tinkaton|17/100
|
|upkeep
|turn|16
|
|t:|1760415648
|switch|p1a: Moltres|Moltres|96/100
|switch|p2a: Corviknight|Corviknight, F|44/100
|-damage|p2a: Corviknight|32/100|[from] Stealth Rock
|-ability|p2a: Corviknight|Pressure
|
|upkeep
|turn|17
|
|t:|1760415654
|switch|p2a: Talonflame|Talonflame, M|78/100 par
|move|p1a: Moltres|Flamethrower|p2a: Talonflame
|-resisted|p2a: Talonflame
|-damage|p2a: Talonflame|55/100 par
|
|upkeep
|turn|18
|
|t:|1760415658
|move|p1a: Moltres|Flamethrower|p2a: Talonflame
|-resisted|p2a: Talonflame
|-damage|p2a: Talonflame|31/100 par
|move|p2a: Talonflame|Roost|p2a: Talonflame
|-heal|p2a: Talonflame|81/100 par
|-singleturn|p2a: Talonflame|move: Roost
|
|upkeep
|turn|19
|
|t:|1760415674
|cant|p2a: Talonflame|par
|move|p1a: Moltres|Roar|p2a: Talonflame
|drag|p2a: Kilowattrel|Kilowattrel, M|38/100
|-damage|p2a: Kilowattrel|13/100|[from] Stealth Rock
|
|upkeep
|turn|20
|
|t:|1760415681
|switch|p1a: Ting-Lu|Ting-Lu|15/100 brn
|-ability|p1a: Ting-Lu|Vessel of Ruin
|move|p2a: Kilowattrel|Thunderbolt|p1a: Ting-Lu
|-immune|p1a: Ting-Lu
|
|-heal|p1a: Ting-Lu|21/100 brn|[from] item: Leftovers
|-damage|p1a: Ting-Lu|15/100 brn|[from] brn
|upkeep
|turn|21
|
|t:|1760415688
|move|p2a: Kilowattrel|Thunderbolt|p1a: Ting-Lu
|-immune|p1a: Ting-Lu
|move|p1a: Ting-Lu|Whirlwind|p2a: Kilowattrel
|drag|p2a: Staraptor|Staraptor, F|100/100
|-damage|p2a: Staraptor|76/100|[from] Stealth Rock
|
|-heal|p1a: Ting-Lu|21/100 brn|[from] item: Leftovers
|-damage|p1a: Ting-Lu|15/100 brn|[from] brn
|upkeep
|turn|22
|
|t:|1760415701
|move|p2a: Staraptor|U-turn|p1a: Ting-Lu
|-supereffective|p1a: Ting-Lu
|-damage|p1a: Ting-Lu|0 fnt
|faint|p1a: Ting-Lu
|
|t:|1760415708
|switch|p2a: Noctowl|Noctowl, F|15/100|[from] U-turn
|
|upkeep
|
|t:|1760415712
|switch|p1a: Darkrai|Darkrai, shiny|100/100
|turn|23
|
|t:|1760415722
|move|p1a: Darkrai|Knock Off|p2a: Noctowl
|-damage|p2a: Noctowl|0 fnt
|-enditem|p2a: Noctowl|Heavy-Duty Boots|[from] move: Knock Off|[of] p1a: Darkrai
|faint|p2a: Noctowl
|
|upkeep
|
|t:|1760415725
|switch|p2a: Toucannon|Toucannon, F|100/100
|turn|24
|
|t:|1760415738
|-singleturn|p2a: Toucannon|move: Beak Blast
|move|p1a: Darkrai|Knock Off|p2a: Toucannon
|-damage|p2a: Toucannon|62/100
|-status|p1a: Darkrai|brn
|-enditem|p2a: Toucannon|Heavy-Duty Boots|[from] move: Knock Off|[of] p1a: Darkrai
|move|p2a: Toucannon|Beak Blast|p1a: Darkrai
|-damage|p1a: Darkrai|31/100 brn
|
|-damage|p1a: Darkrai|25/100 brn|[from] brn
|upkeep
|turn|25
|
|t:|1760415760
|switch|p1a: Hydrapple|Hydrapple, M|100/100
|-singleturn|p2a: Toucannon|move: Beak Blast
|move|p2a: Toucannon|Beak Blast|p1a: Hydrapple
|-supereffective|p1a: Hydrapple
|-damage|p1a: Hydrapple|38/100
|
|upkeep
|turn|26
|inactive|aroundthenatdex has 120 seconds left.
|inactive|aroundthenatdex has 90 seconds left.
|
|t:|1760415826
|-terastallize|p1a: Hydrapple|Poison
|-singleturn|p2a: Toucannon|move: Beak Blast
|move|p1a: Hydrapple|Fickle Beam|p2a: Toucannon|[anim] Fickle Beam All Out
|-activate|p1a: Hydrapple|move: Fickle Beam
|-damage|p2a: Toucannon|0 fnt
|faint|p2a: Toucannon
|
|upkeep
|
|t:|1760415830
|switch|p2a: Staraptor|Staraptor, F|76/100
|-damage|p2a: Staraptor|51/100|[from] Stealth Rock
|turn|27
|
|t:|1760415841
|switch|p1a: Moltres|Moltres|96/100
|move|p2a: Staraptor|Brave Bird|p1a: Moltres
|-damage|p1a: Moltres|49/100
|-damage|p2a: Staraptor|32/100|[from] Recoil
|
|upkeep
|turn|28
|inactive|aroundthenatdex has 90 seconds left.
|inactive|aroundthenatdex has 60 seconds left.
|
|t:|1760415898
|move|p2a: Staraptor|Brave Bird|p1a: Moltres
|-damage|p1a: Moltres|0 fnt
|-status|p2a: Staraptor|brn|[from] ability: Flame Body|[of] p1a: Moltres
|faint|p1a: Moltres
|-damage|p2a: Staraptor|12/100 brn|[from] Recoil
|
|-damage|p2a: Staraptor|6/100 brn|[from] brn
|upkeep
|
|t:|1760415908
|switch|p1a: Zamazenta|Zamazenta|100/100
|-ability|p1a: Zamazenta|Dauntless Shield|boost
|-boost|p1a: Zamazenta|def|1
|turn|29
|
|t:|1760415921
|move|p2a: Staraptor|Brave Bird|p1a: Zamazenta
|-supereffective|p1a: Zamazenta
|-damage|p1a: Zamazenta|55/100
|-damage|p2a: Staraptor|0 fnt|[from] Recoil
|faint|p2a: Staraptor
|move|p1a: Zamazenta|Crunch|p2: Staraptor|[notarget]
|-fail|p1a: Zamazenta
|
|upkeep
|
|t:|1760415924
|switch|p2a: Talonflame|Talonflame, M|81/100 par
|turn|30
|
|t:|1760415927
|move|p1a: Zamazenta|Stone Edge|p2a: Talonflame
|-supereffective|p2a: Talonflame
|-crit|p2a: Talonflame
|-damage|p2a: Talonflame|0 fnt
|faint|p2a: Talonflame
|
|upkeep
|-message|aroundthenatdex forfeited.
|
|win|RohiMigh
|raw|RohiMigh's rating: 1124 &rarr; <strong>1149</strong><br />(+25 for winning)
|raw|aroundthenatdex's rating: 1121 &rarr; <strong>1096</strong><br />(-25 for losing)
|l|☆aroundthenatdex
|player|p2|
|l|☆RohiMigh
|player|p1|
