|j|☆getreyal
|j|☆ciantaihou
|t:|1760346745
|gametype|singles
|player|p1|getreyal|pokemonbreeder-gen4|1703
|player|p2|ciantaihou|bellelba|1717
|gen|9
|tier|[Gen 9] OU
|rated|
|rule|HP Percentage Mod: HP is shown in percentages
|rule|Endless Battle Clause: Forcing endless battles is banned
|rule|Species Clause: Limit one of each Pokémon
|rule|OHKO Clause: OHKO moves are banned
|rule|Evasion Items Clause: Evasion items are banned
|rule|Evasion Moves Clause: Evasion moves are banned
|rule|Evasion Abilities Clause: Evasion abilities are banned
|rule|Sleep Moves Clause: Sleep-inducing moves are banned
|clearpoke
|poke|p1|Corviknight, M|
|poke|p1|Ting-Lu|
|poke|p1|Heatran, F|
|poke|p1|Clefable, M|
|poke|p1|Alomomola, M|
|poke|p1|Deoxys-Speed|
|poke|p2|Dragapult, F|
|poke|p2|Iron Valiant|
|poke|p2|Ogerpon-Wellspring, F|
|poke|p2|Garganacl, F|
|poke|p2|Corviknight, F|
|poke|p2|Clodsire, F|
|teampreview
|
|t:|1760346768
|teamsize|p1|6
|teamsize|p2|6
|start
|switch|p1a: Corviknight|Corviknight, M|100/100
|switch|p2a: Dragapult|Dragapult, F, shiny|100/100
|-ability|p1a: Corviknight|Pressure
|turn|1
|
|t:|1760346776
|move|p2a: Dragapult|Will-O-Wisp|p1a: Corviknight|[miss]
|-miss|p2a: Dragapult|p1a: Corviknight
|move|p1a: Corviknight|U-turn|p2a: Dragapult
|-resisted|p2a: Dragapult
|-damage|p2a: Dragapult|91/100
|
|t:|1760346778
|switch|p1a: Heatran|Heatran, F|100/100|[from] U-turn
|
|upkeep
|turn|2
|
|t:|1760346785
|move|p2a: Dragapult|Thunder Wave|p1a: Heatran|[miss]
|-miss|p2a: Dragapult|p1a: Heatran
|move|p1a: Heatran|Substitute|p1a: Heatran
|-start|p1a: Heatran|Substitute
|-damage|p1a: Heatran|76/100
|
|-heal|p1a: Heatran|82/100|[from] item: Leftovers
|upkeep
|turn|3
|
|t:|1760346799
|switch|p2a: Clodsire|Clodsire, F, shiny|100/100
|move|p1a: Heatran|Magma Storm|p2a: Clodsire
|-damage|p2a: Clodsire|78/100
|-activate|p2a: Clodsire|move: Magma Storm|[of] p1a: Heatran
|
|-heal|p1a: Heatran|88/100|[from] item: Leftovers
|-heal|p2a: Clodsire|84/100|[from] item: Leftovers
|-damage|p2a: Clodsire|72/100|[from] move: Magma Storm|[partiallytrapped]
|upkeep
|turn|4
|
|t:|1760346810
|-terastallize|p1a: Heatran|Grass
|move|p1a: Heatran|Earth Power|p2a: Clodsire
|-supereffective|p2a: Clodsire
|-damage|p2a: Clodsire|41/100
|move|p2a: Clodsire|Earthquake|p1a: Heatran
|-resisted|p1a: Heatran
|-activate|p1a: Heatran|move: Substitute|[damage]
|
|-heal|p1a: Heatran|94/100|[from] item: Leftovers
|-heal|p2a: Clodsire|47/100|[from] item: Leftovers
|-damage|p2a: Clodsire|35/100|[from] move: Magma Storm|[partiallytrapped]
|upkeep
|turn|5
|
|t:|1760346823
|move|p1a: Heatran|Taunt|p2a: Clodsire
|-start|p2a: Clodsire|move: Taunt
|cant|p2a: Clodsire|move: Taunt|Recover
|
|-heal|p1a: Heatran|100/100|[from] item: Leftovers
|-heal|p2a: Clodsire|41/100|[from] item: Leftovers
|-damage|p2a: Clodsire|29/100|[from] move: Magma Storm|[partiallytrapped]
|upkeep
|turn|6
|
|t:|1760346832
|move|p1a: Heatran|Earth Power|p2a: Clodsire
|-supereffective|p2a: Clodsire
|-damage|p2a: Clodsire|2/100
|move|p2a: Clodsire|Earthquake|p1a: Heatran
|-resisted|p1a: Heatran
|-crit|p1a: Heatran
|-end|p1a: Heatran|Substitute
|
|-heal|p2a: Clodsire|8/100|[from] item: Leftovers
|-damage|p2a: Clodsire|0 fnt|[from] move: Magma Storm|[partiallytrapped]
|faint|p2a: Clodsire
|upkeep
|
|t:|1760346845
|switch|p2a: Dragapult|Dragapult, F, shiny|91/100
|turn|7
|
|t:|1760346853
|switch|p1a: Ting-Lu|Ting-Lu|100/100
|-ability|p1a: Ting-Lu|Vessel of Ruin
|move|p2a: Dragapult|Thunder Wave|p1a: Ting-Lu
|-immune|p1a: Ting-Lu
|
|upkeep
|turn|8
|
|t:|1760346861
|switch|p1a: Heatran|Heatran, F, tera:Grass|100/100
|move|p2a: Dragapult|Will-O-Wisp|p1a: Heatran
|-start|p1a: Heatran|ability: Flash Fire
|
|upkeep
|turn|9
|
|t:|1760346868
|move|p2a: Dragapult|Thunder Wave|p1a: Heatran
|-status|p1a: Heatran|par
|move|p1a: Heatran|Magma Storm|p2a: Dragapult
|-resisted|p2a: Dragapult
|-damage|p2a: Dragapult|40/100
|-activate|p2a: Dragapult|move: Magma Storm|[of] p1a: Heatran
|
|-damage|p2a: Dragapult|27/100|[from] move: Magma Storm|[partiallytrapped]
|upkeep
|turn|10
|
|t:|1760346878
|move|p2a: Dragapult|Hex|p1a: Heatran
|-damage|p1a: Heatran|52/100 par
|-damage|p2a: Dragapult|18/100|[from] item: Life Orb
|move|p1a: Heatran|Magma Storm|p2a: Dragapult|[miss]
|-miss|p1a: Heatran|p2a: Dragapult
|
|-heal|p1a: Heatran|58/100 par|[from] item: Leftovers
|-damage|p2a: Dragapult|5/100|[from] move: Magma Storm|[partiallytrapped]
|upkeep
|turn|11
|
|t:|1760346889
|move|p2a: Dragapult|Hex|p1a: Heatran
|-damage|p1a: Heatran|12/100 par
|-damage|p2a: Dragapult|0 fnt|[from] item: Life Orb
|faint|p2a: Dragapult
|move|p1a: Heatran|Magma Storm|p2: Dragapult|[notarget]
|-fail|p1a: Heatran
|
|-heal|p1a: Heatran|18/100 par|[from] item: Leftovers
|upkeep
|j| Rizzofreko
|
|t:|1760346908
|switch|p2a: Garganacl|Garganacl, F|100/100
|turn|12
|
|t:|1760346922
|-end|p1a: Heatran|ability: Flash Fire|[silent]
|switch|p1a: Alomomola|Alomomola, M|100/100
|move|p2a: Garganacl|Stealth Rock|p1a: Alomomola
|-sidestart|p1: getreyal|move: Stealth Rock
|
|upkeep
|turn|13
|
|t:|1760346928
|move|p1a: Alomomola|Wish|p1a: Alomomola
|move|p2a: Garganacl|Salt Cure|p1a: Alomomola
|-damage|p1a: Alomomola|93/100
|-start|p1a: Alomomola|Salt Cure
|
|-damage|p1a: Alomomola|68/100|[from] Salt Cure
|upkeep
|turn|14
|
|t:|1760346935
|move|p1a: Alomomola|Flip Turn|p2a: Garganacl
|-supereffective|p2a: Garganacl
|-damage|p2a: Garganacl|81/100
|
|t:|1760346942
|switch|p1a: Ting-Lu|Ting-Lu|100/100|[from] Flip Turn
|-damage|p1a: Ting-Lu|94/100|[from] Stealth Rock
|-ability|p1a: Ting-Lu|Vessel of Ruin
|move|p2a: Garganacl|Salt Cure|p1a: Ting-Lu
|-resisted|p1a: Ting-Lu
|-damage|p1a: Ting-Lu|91/100
|-start|p1a: Ting-Lu|Salt Cure
|
|-heal|p1a: Ting-Lu|100/100|[from] move: Wish|[wisher] Alomomola
|-heal|p2a: Garganacl|87/100|[from] item: Leftovers
|-damage|p1a: Ting-Lu|88/100|[from] Salt Cure
|upkeep
|turn|15
|
|t:|1760346957
|switch|p2a: Ogerpon|Ogerpon-Wellspring, F|100/100
|move|p1a: Ting-Lu|Spikes|p2a: Ogerpon
|-sidestart|p2: ciantaihou|Spikes
|
|-heal|p1a: Ting-Lu|94/100|[from] item: Leftovers
|-damage|p1a: Ting-Lu|82/100|[from] Salt Cure
|upkeep
|turn|16
|
|t:|1760346967
|move|p2a: Ogerpon|Swords Dance|p2a: Ogerpon
|-boost|p2a: Ogerpon|atk|2
|move|p1a: Ting-Lu|Whirlwind|p2a: Ogerpon
|drag|p2a: Garganacl|Garganacl, F|87/100
|-damage|p2a: Garganacl|75/100|[from] Spikes
|
|-heal|p1a: Ting-Lu|88/100|[from] item: Leftovers
|-heal|p2a: Garganacl|81/100|[from] item: Leftovers
|-damage|p1a: Ting-Lu|76/100|[from] Salt Cure
|upkeep
|turn|17
|
|t:|1760346979
|switch|p2a: Ogerpon|Ogerpon-Wellspring, F|100/100
|-damage|p2a: Ogerpon|88/100|[from] Spikes
|move|p1a: Ting-Lu|Earthquake|p2a: Ogerpon
|-resisted|p2a: Ogerpon
|-damage|p2a: Ogerpon|62/100
|
|-heal|p1a: Ting-Lu|82/100|[from] item: Leftovers
|-damage|p1a: Ting-Lu|69/100|[from] Salt Cure
|upkeep
|turn|18
|
|t:|1760346989
|move|p2a: Ogerpon|Ivy Cudgel|p1a: Ting-Lu|[anim] Ivy Cudgel Water
|-supereffective|p1a: Ting-Lu
|-damage|p1a: Ting-Lu|20/100
|move|p1a: Ting-Lu|Payback|p2a: Ogerpon
|-damage|p2a: Ogerpon|12/100
|
|-heal|p1a: Ting-Lu|26/100|[from] item: Leftovers
|-damage|p1a: Ting-Lu|14/100|[from] Salt Cure
|upkeep
|turn|19
|
|t:|1760346999
|move|p2a: Ogerpon|Ivy Cudgel|p1a: Ting-Lu|[anim] Ivy Cudgel Water
|-supereffective|p1a: Ting-Lu
|-damage|p1a: Ting-Lu|0 fnt
|faint|p1a: Ting-Lu
|
|upkeep
|l| Rizzofreko
|
|t:|1760347005
|switch|p1a: Corviknight|Corviknight, M|100/100
|-damage|p1a: Corviknight|88/100|[from] Stealth Rock
|-ability|p1a: Corviknight|Pressure
|turn|20
|
|t:|1760347014
|move|p2a: Ogerpon|Ivy Cudgel|p1a: Corviknight|[anim] Ivy Cudgel Water
|-damage|p1a: Corviknight|55/100
|move|p1a: Corviknight|U-turn|p2a: Ogerpon
|-supereffective|p2a: Ogerpon
|-damage|p2a: Ogerpon|0 fnt
|faint|p2a: Ogerpon
|
|t:|1760347017
|switch|p1a: Alomomola|Alomomola, M|100/100|[from] U-turn
|
|upkeep
|
|t:|1760347025
|switch|p2a: Iron Valiant|Iron Valiant|100/100
|-damage|p2a: Iron Valiant|88/100|[from] Spikes
|-enditem|p2a: Iron Valiant|Booster Energy
|-activate|p2a: Iron Valiant|ability: Quark Drive|[fromitem]
|-start|p2a: Iron Valiant|quarkdrivespe
|turn|21
|
|t:|1760347032
|move|p2a: Iron Valiant|Swords Dance|p2a: Iron Valiant
|-boost|p2a: Iron Valiant|atk|2
|move|p1a: Alomomola|Flip Turn|p2a: Iron Valiant
|-damage|p2a: Iron Valiant|67/100
|
|t:|1760347033
|switch|p1a: Clefable|Clefable, M|100/100|[from] Flip Turn
|
|upkeep
|turn|22
|
|t:|1760347040
|move|p2a: Iron Valiant|Close Combat|p1a: Clefable
|-resisted|p1a: Clefable
|-damage|p1a: Clefable|65/100
|-unboost|p2a: Iron Valiant|def|1
|-unboost|p2a: Iron Valiant|spd|1
|move|p1a: Clefable|Moonblast|p2a: Iron Valiant
|-supereffective|p2a: Iron Valiant
|-damage|p2a: Iron Valiant|0 fnt
|faint|p2a: Iron Valiant
|-end|p2a: Iron Valiant|Quark Drive|[silent]
|
|upkeep
|-message|ciantaihou forfeited.
|
|win|getreyal
|raw|getreyal's rating: 1682 &rarr; <strong>1704</strong><br />(+22 for winning)
|raw|ciantaihou's rating: 1717 &rarr; <strong>1695</strong><br />(-22 for losing)
|l|☆ciantaihou
|player|p2|
|l|☆getreyal
|player|p1|
