|j|☆inder-house
|j|☆deepak johnson
|t:|1760448717
|gametype|singles
|player|p1|inder-house|1|1516
|player|p2|deepak johnson|swimmerf|1513
|gen|9
|tier|[Gen 9] OU
|rated|
|rule|HP Percentage Mod: HP is shown in percentages
|rule|Endless Battle Clause: Forcing endless battles is banned
|rule|Species Clause: Limit one of each Pokémon
|rule|OHKO Clause: OHKO moves are banned
|rule|Evasion Items Clause: Evasion items are banned
|rule|Evasion Moves Clause: Evasion moves are banned
|rule|Evasion Abilities Clause: Evasion abilities are banned
|rule|Sleep Moves Clause: Sleep-inducing moves are banned
|clearpoke
|poke|p1|Hydreigon, M|
|poke|p1|Iron Boulder|
|poke|p1|Hatterene, F|
|poke|p1|Toxapex, F|
|poke|p1|Gliscor, M|
|poke|p1|Corviknight, F|
|poke|p2|Gholdengo|
|poke|p2|Ceruledge, F|
|poke|p2|Enamorus, F|
|poke|p2|Ribombee, M|
|poke|p2|Quaquaval, F|
|poke|p2|Iron Treads|
|teampreview
|inactive|Battle timer is ON: inactive players will automatically lose when time's up. (requested by deepak johnson)
|
|t:|1760448766
|teamsize|p1|6
|teamsize|p2|6
|start
|switch|p1a: Reaver|Gliscor, M|100/100
|switch|p2a: Ribombee|Ribombee, M, shiny|100/100
|turn|1
|
|t:|1760448770
|move|p2a: Ribombee|Stun Spore|p1a: Reaver
|-status|p1a: Reaver|par
|move|p1a: Reaver|Swords Dance|p1a: Reaver
|-boost|p1a: Reaver|atk|2
|
|upkeep
|turn|2
|
|t:|1760448777
|move|p2a: Ribombee|Sticky Web|p1a: Reaver
|-sidestart|p1: inder-house|move: Sticky Web
|move|p1a: Reaver|Facade|p2a: Ribombee
|-enditem|p2a: Ribombee|Focus Sash
|-damage|p2a: Ribombee|1/100
|
|upkeep
|turn|3
|
|t:|1760448781
|move|p2a: Ribombee|Moonblast|p1a: Reaver
|-damage|p1a: Reaver|46/100 par
|move|p1a: Reaver|Facade|p2a: Ribombee
|-damage|p2a: Ribombee|0 fnt
|faint|p2a: Ribombee
|
|upkeep
|
|t:|1760448784
|switch|p2a: Quaquaval|Quaquaval, F|100/100
|turn|4
|
|t:|1760448790
|switch|p1a: Pelagor|Toxapex, F|100/100
|-activate|p1a: Pelagor|move: Sticky Web
|-unboost|p1a: Pelagor|spe|1
|move|p2a: Quaquaval|Aqua Step|p1a: Pelagor
|-resisted|p1a: Pelagor
|-damage|p1a: Pelagor|89/100
|-boost|p2a: Quaquaval|spe|1
|
|-heal|p1a: Pelagor|95/100|[from] item: Leftovers
|upkeep
|turn|5
|
|t:|1760448794
|move|p1a: Pelagor|Baneful Bunker|p1a: Pelagor
|-singleturn|p1a: Pelagor|move: Protect
|move|p2a: Quaquaval|Knock Off|p1a: Pelagor
|-activate|p1a: Pelagor|move: Protect
|-status|p2a: Quaquaval|psn
|
|-heal|p1a: Pelagor|100/100|[from] item: Leftovers
|-damage|p2a: Quaquaval|88/100 psn|[from] psn
|upkeep
|turn|6
|
|t:|1760448806
|switch|p1a: Sentinel|Corviknight, F|100/100
|-ability|p1a: Sentinel|Pressure
|move|p2a: Quaquaval|Knock Off|p1a: Sentinel
|-damage|p1a: Sentinel|81/100
|-damage|p2a: Quaquaval|72/100 psn|[from] item: Rocky Helmet|[of] p1a: Sentinel
|-enditem|p1a: Sentinel|Rocky Helmet|[from] move: Knock Off|[of] p2a: Quaquaval
|
|-damage|p2a: Quaquaval|60/100 psn|[from] psn
|upkeep
|turn|7
|
|t:|1760448815
|switch|p2a: Gholdengo|Gholdengo|100/100
|-item|p2a: Gholdengo|Air Balloon
|move|p1a: Sentinel|U-turn|p2a: Gholdengo
|-resisted|p2a: Gholdengo
|-damage|p2a: Gholdengo|97/100
|-enditem|p2a: Gholdengo|Air Balloon
|
|t:|1760448820
|switch|p1a: Blackstar|Hydreigon, M|100/100|[from] U-turn
|
|upkeep
|turn|8
|
|t:|1760448825
|switch|p2a: Quaquaval|Quaquaval, F|60/100 psn
|move|p1a: Blackstar|Dark Pulse|p2a: Quaquaval
|-resisted|p2a: Quaquaval
|-damage|p2a: Quaquaval|34/100 psn
|-damage|p1a: Blackstar|91/100|[from] item: Life Orb
|
|-damage|p2a: Quaquaval|21/100 psn|[from] psn
|upkeep
|turn|9
|
|t:|1760448834
|switch|p1a: Pelagor|Toxapex, F|100/100
|-activate|p1a: Pelagor|move: Sticky Web
|-unboost|p1a: Pelagor|spe|1
|move|p2a: Quaquaval|Close Combat|p1a: Pelagor
|-resisted|p1a: Pelagor
|-damage|p1a: Pelagor|82/100
|-unboost|p2a: Quaquaval|def|1
|-unboost|p2a: Quaquaval|spd|1
|
|-heal|p1a: Pelagor|89/100|[from] item: Leftovers
|-damage|p2a: Quaquaval|9/100 psn|[from] psn
|upkeep
|turn|10
|
|t:|1760448842
|switch|p2a: Iron Treads|Iron Treads|100/100
|-enditem|p2a: Iron Treads|Booster Energy
|-activate|p2a: Iron Treads|ability: Quark Drive|[fromitem]
|-start|p2a: Iron Treads|quarkdriveatk
|move|p1a: Pelagor|Toxic Spikes|p2a: Iron Treads
|-sidestart|p2: deepak johnson|move: Toxic Spikes
|
|-heal|p1a: Pelagor|95/100|[from] item: Leftovers
|upkeep
|turn|11
|
|t:|1760448851
|switch|p1a: Reaver|Gliscor, M|46/100 par
|move|p2a: Iron Treads|Rapid Spin|p1a: Reaver
|-damage|p1a: Reaver|25/100 par
|-boost|p2a: Iron Treads|spe|1
|-sideend|p2: deepak johnson|Toxic Spikes|[from] move: Rapid Spin|[of] p2a: Iron Treads
|
|upkeep
|turn|12
|
|t:|1760448853
|move|p2a: Iron Treads|Ice Spinner|p1a: Reaver
|-supereffective|p1a: Reaver
|-damage|p1a: Reaver|0 fnt
|faint|p1a: Reaver
|
|upkeep
|
|t:|1760448873
|switch|p1a: Sentinel|Corviknight, F|81/100
|-ability|p1a: Sentinel|Pressure
|turn|13
|
|t:|1760448878
|move|p2a: Iron Treads|Supercell Slam|p1a: Sentinel
|-supereffective|p1a: Sentinel
|-damage|p1a: Sentinel|23/100
|move|p1a: Sentinel|Body Press|p2a: Iron Treads
|-supereffective|p2a: Iron Treads
|-damage|p2a: Iron Treads|59/100
|
|upkeep
|turn|14
|
|t:|1760448891
|move|p2a: Iron Treads|Supercell Slam|p1a: Sentinel
|-supereffective|p1a: Sentinel
|-damage|p1a: Sentinel|0 fnt
|faint|p1a: Sentinel
|
|upkeep
|
|t:|1760448894
|switch|p1a: Terraformer|Iron Boulder|100/100
|-activate|p1a: Terraformer|move: Sticky Web
|-unboost|p1a: Terraformer|spe|1
|-enditem|p1a: Terraformer|Booster Energy
|-activate|p1a: Terraformer|ability: Quark Drive|[fromitem]
|-start|p1a: Terraformer|quarkdriveatk
|turn|15
|
|t:|1760448902
|-terastallize|p1a: Terraformer|Ground
|move|p2a: Iron Treads|Earthquake|p1a: Terraformer
|-damage|p1a: Terraformer|20/100
|move|p1a: Terraformer|Earthquake|p2a: Iron Treads
|-supereffective|p2a: Iron Treads
|-damage|p2a: Iron Treads|0 fnt
|faint|p2a: Iron Treads
|-end|p2a: Iron Treads|Quark Drive|[silent]
|
|upkeep
|
|t:|1760448908
|switch|p2a: Ceruledge|Ceruledge, F|100/100
|turn|16
|
|t:|1760448924
|move|p2a: Ceruledge|Swords Dance|p2a: Ceruledge
|-boost|p2a: Ceruledge|atk|2
|move|p1a: Terraformer|Earthquake|p2a: Ceruledge
|-supereffective|p2a: Ceruledge
|-enditem|p2a: Ceruledge|Focus Sash
|-damage|p2a: Ceruledge|1/100
|-ability|p2a: Ceruledge|Weak Armor|boost
|-unboost|p2a: Ceruledge|def|1
|-boost|p2a: Ceruledge|spe|2
|
|upkeep
|turn|17
|
|t:|1760448937
|move|p2a: Ceruledge|Bitter Blade|p1a: Terraformer
|-damage|p1a: Terraformer|0 fnt
|-heal|p2a: Ceruledge|12/100|[from] drain|[of] p1a: Terraformer
|faint|p1a: Terraformer
|-end|p1a: Terraformer|Quark Drive|[silent]
|
|upkeep
|
|t:|1760448941
|switch|p1a: Pelagor|Toxapex, F|100/100
|-activate|p1a: Pelagor|move: Sticky Web
|-unboost|p1a: Pelagor|spe|1
|turn|18
|
|t:|1760448950
|move|p2a: Ceruledge|Poltergeist|p1a: Pelagor
|-activate|p1a: Pelagor|move: Poltergeist|Leftovers
|-damage|p1a: Pelagor|24/100
|move|p1a: Pelagor|Liquidation|p2a: Ceruledge
|-supereffective|p2a: Ceruledge
|-damage|p2a: Ceruledge|0 fnt
|faint|p2a: Ceruledge
|
|-heal|p1a: Pelagor|30/100|[from] item: Leftovers
|upkeep
|
|t:|1760448956
|switch|p2a: Enamorus|Enamorus, F|100/100
|turn|19
|
|t:|1760448966
|move|p1a: Pelagor|Baneful Bunker|p1a: Pelagor
|-singleturn|p1a: Pelagor|move: Protect
|move|p2a: Enamorus|Moonblast|p1a: Pelagor
|-activate|p1a: Pelagor|move: Protect
|
|-heal|p1a: Pelagor|36/100|[from] item: Leftovers
|upkeep
|turn|20
|
|t:|1760448970
|switch|p1a: Mindspike|Hatterene, F|100/100
|-activate|p1a: Mindspike|move: Sticky Web
|-unboost|p1a: Mindspike|spe|1
|move|p2a: Enamorus|Earth Power|p1a: Mindspike
|-damage|p1a: Mindspike|64/100
|
|-heal|p1a: Mindspike|70/100|[from] item: Leftovers
|upkeep
|turn|21
|
|t:|1760448976
|switch|p2a: Quaquaval|Quaquaval, F|9/100 psn
|move|p1a: Mindspike|Nuzzle|p2a: Quaquaval
|-supereffective|p2a: Quaquaval
|-crit|p2a: Quaquaval
|-damage|p2a: Quaquaval|0 fnt
|faint|p2a: Quaquaval
|
|-heal|p1a: Mindspike|76/100|[from] item: Leftovers
|upkeep
|
|t:|1760448977
|switch|p2a: Gholdengo|Gholdengo|97/100
|turn|22
|
|t:|1760448988
|switch|p1a: Pelagor|Toxapex, F|69/100
|-activate|p1a: Pelagor|move: Sticky Web
|-unboost|p1a: Pelagor|spe|1
|move|p2a: Gholdengo|Make It Rain|p1a: Pelagor
|-resisted|p1a: Pelagor
|-damage|p1a: Pelagor|39/100
|-unboost|p2a: Gholdengo|spa|1
|
|-heal|p1a: Pelagor|45/100|[from] item: Leftovers
|upkeep
|turn|23
|
|t:|1760448993
|move|p2a: Gholdengo|Nasty Plot|p2a: Gholdengo
|-boost|p2a: Gholdengo|spa|2
|move|p1a: Pelagor|Liquidation|p2a: Gholdengo
|-damage|p2a: Gholdengo|73/100
|-unboost|p2a: Gholdengo|def|1
|
|-heal|p1a: Pelagor|51/100|[from] item: Leftovers
|upkeep
|turn|24
|
|t:|1760448996
|move|p2a: Gholdengo|Shadow Ball|p1a: Pelagor
|-damage|p1a: Pelagor|0 fnt
|faint|p1a: Pelagor
|
|upkeep
|
|t:|1760448998
|switch|p1a: Blackstar|Hydreigon, M|91/100
|turn|25
|
|t:|1760449001
|-terastallize|p2a: Gholdengo|Fairy
|move|p1a: Blackstar|Dark Pulse|p2a: Gholdengo
|-resisted|p2a: Gholdengo
|-damage|p2a: Gholdengo|43/100
|-damage|p1a: Blackstar|81/100|[from] item: Life Orb
|move|p2a: Gholdengo|Dazzling Gleam|p1a: Blackstar
|-supereffective|p1a: Blackstar
|-damage|p1a: Blackstar|0 fnt
|faint|p1a: Blackstar
|
|upkeep
|c|☆inder-house|wp
|
|t:|1760449006
|switch|p1a: Mindspike|Hatterene, F|76/100
|-activate|p1a: Mindspike|move: Sticky Web
|-unboost|p1a: Mindspike|spe|1
|turn|26
|
|t:|1760449012
|move|p2a: Gholdengo|Shadow Ball|p1a: Mindspike
|-supereffective|p1a: Mindspike
|-damage|p1a: Mindspike|0 fnt
|faint|p1a: Mindspike
|
|win|deepak johnson
|raw|inder-house's rating: 1516 &rarr; <strong>1496</strong><br />(-20 for losing)
|raw|deepak johnson's rating: 1513 &rarr; <strong>1533</strong><br />(+20 for winning)
|l|☆deepak johnson
|player|p2|
|l|☆inder-house
|player|p1|
