|j|☆Test4823
|j|☆pidgey bot
|t:|1760415737
|gametype|singles
|player|p1|Test4823|170|1441
|player|p2|pidgey bot|lady-gen4|1557
|gen|9
|tier|[Gen 9] OU
|rated|
|rule|HP Percentage Mod: HP is shown in percentages
|rule|Endless Battle Clause: Forcing endless battles is banned
|rule|Species Clause: Limit one of each Pokémon
|rule|OHKO Clause: OHKO moves are banned
|rule|Evasion Items Clause: Evasion items are banned
|rule|Evasion Moves Clause: Evasion moves are banned
|rule|Evasion Abilities Clause: Evasion abilities are banned
|rule|Sleep Moves Clause: Sleep-inducing moves are banned
|clearpoke
|poke|p1|Landorus-Therian, M|
|poke|p1|Heatran, F|
|poke|p1|Toxapex, F|
|poke|p1|Goodra-Hisui, M|
|poke|p1|Meowscarada, M|
|poke|p1|Weezing-Galar, F|
|poke|p2|Garganacl, F|
|poke|p2|Dragapult, F|
|poke|p2|Ogerpon-Wellspring, F|
|poke|p2|Moltres|
|poke|p2|Zamazenta-*|
|poke|p2|Iron Treads|
|teampreview
|inactive|Battle timer is ON: inactive players will automatically lose when time's up. (requested by pidgey bot)
|
|t:|1760415750
|teamsize|p1|6
|teamsize|p2|6
|start
|switch|p1a: Landorus|Landorus-Therian, M|100/100
|switch|p2a: Dragapult|Dragapult, F|100/100
|-ability|p1a: Landorus|Intimidate|boost
|-fail|p2a: Dragapult|unboost|[from] ability: Clear Body|[of] p2a: Dragapult
|turn|1
|
|t:|1760415758
|switch|p1a: Weezing|Weezing-Galar, F|100/100
|move|p2a: Dragapult|U-turn|p1a: Weezing
|-resisted|p1a: Weezing
|-crit|p1a: Weezing
|-damage|p1a: Weezing|94/100
|
|t:|1760415772
|switch|p2a: Moltres|Moltres|100/100|[from] U-turn
|
|-heal|p1a: Weezing|99/100|[from] item: Leftovers
|upkeep
|turn|2
|
|t:|1760415788
|switch|p2a: Zamazenta|Zamazenta|100/100
|-ability|p2a: Zamazenta|Dauntless Shield|boost
|-boost|p2a: Zamazenta|def|1
|switch|p1a: Heatran|Heatran, F|100/100
|-item|p1a: Heatran|Air Balloon
|
|upkeep
|turn|3
|
|t:|1760415799
|switch|p1a: Landorus|Landorus-Therian, M|100/100
|-ability|p1a: Landorus|Intimidate|boost
|-unboost|p2a: Zamazenta|atk|1
|move|p2a: Zamazenta|Close Combat|p1a: Landorus
|-resisted|p1a: Landorus
|-damage|p1a: Landorus|79/100
|-unboost|p2a: Zamazenta|def|1
|-unboost|p2a: Zamazenta|spd|1
|
|upkeep
|turn|4
|
|t:|1760415806
|move|p1a: Landorus|Stealth Rock|p2a: Zamazenta
|-sidestart|p2: pidgey bot|move: Stealth Rock
|move|p2a: Zamazenta|Ice Fang|p1a: Landorus
|-supereffective|p1a: Landorus
|-damage|p1a: Landorus|0 fnt
|faint|p1a: Landorus
|
|upkeep
|
|t:|1760415814
|switch|p1a: Weezing|Weezing-Galar, F|99/100
|turn|5
|
|t:|1760415826
|switch|p2a: Iron Treads|Iron Treads|100/100
|-damage|p2a: Iron Treads|98/100|[from] Stealth Rock
|move|p1a: Weezing|Strange Steam|p2a: Iron Treads
|-resisted|p2a: Iron Treads
|-damage|p2a: Iron Treads|84/100
|
|-heal|p2a: Iron Treads|90/100|[from] item: Leftovers
|-heal|p1a: Weezing|100/100|[from] item: Leftovers
|upkeep
|turn|6
|
|t:|1760415834
|move|p2a: Iron Treads|Rapid Spin|p1a: Weezing
|-damage|p1a: Weezing|86/100
|-boost|p2a: Iron Treads|spe|1
|-sideend|p2: pidgey bot|Stealth Rock|[from] move: Rapid Spin|[of] p2a: Iron Treads
|move|p1a: Weezing|Strange Steam|p2a: Iron Treads
|-resisted|p2a: Iron Treads
|-damage|p2a: Iron Treads|75/100
|
|-heal|p2a: Iron Treads|81/100|[from] item: Leftovers
|-heal|p1a: Weezing|92/100|[from] item: Leftovers
|upkeep
|turn|7
|
|t:|1760415844
|switch|p1a: Toxapex|Toxapex, F|100/100
|move|p2a: Iron Treads|Knock Off|p1a: Toxapex
|-damage|p1a: Toxapex|81/100
|-enditem|p1a: Toxapex|Assault Vest|[from] move: Knock Off|[of] p2a: Iron Treads
|
|-heal|p2a: Iron Treads|88/100|[from] item: Leftovers
|upkeep
|turn|8
|
|t:|1760415859
|move|p2a: Iron Treads|Earthquake|p1a: Toxapex
|-supereffective|p1a: Toxapex
|-damage|p1a: Toxapex|25/100
|move|p1a: Toxapex|Surf|p2a: Iron Treads
|-supereffective|p2a: Iron Treads
|-damage|p2a: Iron Treads|41/100
|
|-heal|p2a: Iron Treads|47/100|[from] item: Leftovers
|upkeep
|turn|9
|
|t:|1760415868
|switch|p1a: Weezing|Weezing-Galar, F|92/100
|move|p2a: Iron Treads|Earthquake|p1a: Weezing
|-immune|p1a: Weezing|[from] ability: Levitate
|
|-heal|p2a: Iron Treads|54/100|[from] item: Leftovers
|-heal|p1a: Weezing|98/100|[from] item: Leftovers
|upkeep
|turn|10
|
|t:|1760415880
|move|p2a: Iron Treads|Knock Off|p1a: Weezing
|-resisted|p1a: Weezing
|-damage|p1a: Weezing|85/100
|-enditem|p1a: Weezing|Leftovers|[from] move: Knock Off|[of] p2a: Iron Treads
|move|p1a: Weezing|Strange Steam|p2a: Iron Treads
|-resisted|p2a: Iron Treads
|-damage|p2a: Iron Treads|40/100
|
|-heal|p2a: Iron Treads|46/100|[from] item: Leftovers
|upkeep
|turn|11
|
|t:|1760415889
|-end|p2a: Iron Treads|Quark Drive|[silent]
|switch|p2a: Garganacl|Garganacl, F|100/100
|move|p1a: Weezing|Strange Steam|p2a: Garganacl
|-damage|p2a: Garganacl|76/100
|
|-heal|p2a: Garganacl|82/100|[from] item: Leftovers
|upkeep
|turn|12
|
|t:|1760415892
|move|p1a: Weezing|Strange Steam|p2a: Garganacl
|-damage|p2a: Garganacl|58/100
|move|p2a: Garganacl|Salt Cure|p1a: Weezing
|-damage|p1a: Weezing|71/100
|-start|p1a: Weezing|Salt Cure
|
|-heal|p2a: Garganacl|64/100|[from] item: Leftovers
|-damage|p1a: Weezing|59/100|[from] Salt Cure
|upkeep
|turn|13
|
|t:|1760415898
|move|p1a: Weezing|Strange Steam|p2a: Garganacl
|-damage|p2a: Garganacl|43/100
|move|p2a: Garganacl|Recover|p2a: Garganacl
|-heal|p2a: Garganacl|93/100
|
|-heal|p2a: Garganacl|99/100|[from] item: Leftovers
|-damage|p1a: Weezing|46/100|[from] Salt Cure
|upkeep
|turn|14
|
|t:|1760415901
|move|p1a: Weezing|Pain Split|p2a: Garganacl
|-sethp|p2a: Garganacl|65/100|[from] move: Pain Split|[silent]
|-sethp|p1a: Weezing|96/100|[from] move: Pain Split
|move|p2a: Garganacl|Iron Defense|p2a: Garganacl
|-boost|p2a: Garganacl|def|2
|
|-heal|p2a: Garganacl|71/100|[from] item: Leftovers
|-damage|p1a: Weezing|84/100|[from] Salt Cure
|upkeep
|turn|15
|
|t:|1760415910
|move|p1a: Weezing|Strange Steam|p2a: Garganacl
|-damage|p2a: Garganacl|46/100
|-start|p2a: Garganacl|confusion
|-activate|p2a: Garganacl|confusion
|-damage|p2a: Garganacl|43/100|[from] confusion
|
|-heal|p2a: Garganacl|49/100|[from] item: Leftovers
|-damage|p1a: Weezing|71/100|[from] Salt Cure
|upkeep
|turn|16
|
|t:|1760415918
|move|p1a: Weezing|Strange Steam|p2a: Garganacl
|-damage|p2a: Garganacl|25/100
|-activate|p2a: Garganacl|confusion
|move|p2a: Garganacl|Recover|p2a: Garganacl
|-heal|p2a: Garganacl|75/100
|
|-heal|p2a: Garganacl|81/100|[from] item: Leftovers
|-damage|p1a: Weezing|59/100|[from] Salt Cure
|upkeep
|turn|17
|
|t:|1760415926
|move|p1a: Weezing|Pain Split|p2a: Garganacl
|-sethp|p2a: Garganacl|61/100|[from] move: Pain Split|[silent]
|-sethp|p1a: Weezing|89/100|[from] move: Pain Split
|-activate|p2a: Garganacl|confusion
|move|p2a: Garganacl|Iron Defense|p2a: Garganacl
|-boost|p2a: Garganacl|def|2
|
|-heal|p2a: Garganacl|67/100|[from] item: Leftovers
|-damage|p1a: Weezing|77/100|[from] Salt Cure
|upkeep
|turn|18
|
|t:|1760415937
|move|p1a: Weezing|Strange Steam|p2a: Garganacl
|-damage|p2a: Garganacl|43/100
|-activate|p2a: Garganacl|confusion
|-damage|p2a: Garganacl|41/100|[from] confusion
|
|-heal|p2a: Garganacl|47/100|[from] item: Leftovers
|-damage|p1a: Weezing|64/100|[from] Salt Cure
|upkeep
|turn|19
|
|t:|1760415945
|move|p1a: Weezing|Strange Steam|p2a: Garganacl
|-damage|p2a: Garganacl|22/100
|-end|p2a: Garganacl|confusion
|move|p2a: Garganacl|Recover|p2a: Garganacl
|-heal|p2a: Garganacl|72/100
|
|-heal|p2a: Garganacl|78/100|[from] item: Leftovers
|-damage|p1a: Weezing|52/100|[from] Salt Cure
|upkeep
|turn|20
|
|t:|1760415951
|move|p1a: Weezing|Pain Split|p2a: Garganacl
|-sethp|p2a: Garganacl|57/100|[from] move: Pain Split|[silent]
|-sethp|p1a: Weezing|84/100|[from] move: Pain Split
|move|p2a: Garganacl|Body Press|p1a: Weezing
|-resisted|p1a: Weezing
|-damage|p1a: Weezing|66/100
|
|-heal|p2a: Garganacl|63/100|[from] item: Leftovers
|-damage|p1a: Weezing|54/100|[from] Salt Cure
|upkeep
|turn|21
|
|t:|1760415957
|switch|p2a: Iron Treads|Iron Treads|46/100
|move|p1a: Weezing|Pain Split|p2a: Iron Treads
|-sethp|p2a: Iron Treads|42/100|[from] move: Pain Split|[silent]
|-sethp|p1a: Weezing|59/100|[from] move: Pain Split
|
|-heal|p2a: Iron Treads|49/100|[from] item: Leftovers
|-damage|p1a: Weezing|46/100|[from] Salt Cure
|upkeep
|turn|22
|
|t:|1760415962
|move|p2a: Iron Treads|Stealth Rock|p1a: Weezing
|-sidestart|p1: Test4823|move: Stealth Rock
|move|p1a: Weezing|Strange Steam|p2a: Iron Treads
|-resisted|p2a: Iron Treads
|-damage|p2a: Iron Treads|35/100
|-start|p2a: Iron Treads|confusion
|
|-heal|p2a: Iron Treads|41/100|[from] item: Leftovers
|-damage|p1a: Weezing|34/100|[from] Salt Cure
|upkeep
|turn|23
|
|t:|1760415977
|-end|p2a: Iron Treads|Quark Drive|[silent]
|switch|p2a: Moltres|Moltres|100/100
|move|p1a: Weezing|Defog|p2a: Moltres
|-unboost|p2a: Moltres|evasion|1
|-sideend|p1: Test4823|Stealth Rock|[from] move: Defog|[of] p1a: Weezing
|
|-damage|p1a: Weezing|21/100|[from] Salt Cure
|upkeep
|turn|24
|
|t:|1760415985
|switch|p2a: Iron Treads|Iron Treads|41/100
|switch|p1a: Heatran|Heatran, F|100/100
|-item|p1a: Heatran|Air Balloon
|
|-heal|p2a: Iron Treads|47/100|[from] item: Leftovers
|upkeep
|turn|25
|
|t:|1760415991
|move|p2a: Iron Treads|Knock Off|p1a: Heatran
|-damage|p1a: Heatran|78/100
|-enditem|p1a: Heatran|Air Balloon
|move|p1a: Heatran|Magma Storm|p2a: Iron Treads
|-supereffective|p2a: Iron Treads
|-damage|p2a: Iron Treads|0 fnt
|faint|p2a: Iron Treads
|-end|p2a: Iron Treads|Quark Drive|[silent]
|
|upkeep
|
|t:|1760415995
|switch|p2a: Ogerpon|Ogerpon-Wellspring, F|100/100
|turn|26
|
|t:|1760416002
|switch|p1a: Toxapex|Toxapex, F|58/100
|move|p2a: Ogerpon|Ivy Cudgel|p1a: Toxapex|[anim] Ivy Cudgel Water
|-resisted|p1a: Toxapex
|-damage|p1a: Toxapex|38/100
|
|upkeep
|turn|27
|
|t:|1760416011
|switch|p1a: Goodra|Goodra-Hisui, M|100/100
|-terastallize|p2a: Ogerpon|Water
|detailschange|p2a: Ogerpon|Ogerpon-Wellspring-Tera, F, tera:Water
|-ability|p2a: Ogerpon|Embody Aspect (Wellspring)|boost
|-boost|p2a: Ogerpon|spd|1
|move|p2a: Ogerpon|Swords Dance|p2a: Ogerpon
|-boost|p2a: Ogerpon|atk|2
|
|upkeep
|turn|28
|
|t:|1760416020
|move|p2a: Ogerpon|Ivy Cudgel|p1a: Goodra|[anim] Ivy Cudgel Water
|-resisted|p1a: Goodra
|-damage|p1a: Goodra|40/100
|move|p1a: Goodra|Dragon Tail|p2a: Ogerpon
|-damage|p2a: Ogerpon|78/100
|drag|p2a: Zamazenta|Zamazenta|100/100
|
|-heal|p1a: Goodra|46/100|[from] item: Leftovers
|upkeep
|turn|29
|
|t:|1760416031
|switch|p1a: Toxapex|Toxapex, F|71/100
|move|p2a: Zamazenta|Close Combat|p1a: Toxapex
|-resisted|p1a: Toxapex
|-damage|p1a: Toxapex|50/100
|-unboost|p2a: Zamazenta|def|1
|-unboost|p2a: Zamazenta|spd|1
|
|upkeep
|turn|30
|
|t:|1760416040
|switch|p2a: Garganacl|Garganacl, F|63/100
|move|p1a: Toxapex|Surf|p2a: Garganacl
|-supereffective|p2a: Garganacl
|-damage|p2a: Garganacl|23/100
|
|-heal|p2a: Garganacl|29/100|[from] item: Leftovers
|upkeep
|turn|31
|
|t:|1760416046
|move|p2a: Garganacl|Salt Cure|p1a: Toxapex
|-damage|p1a: Toxapex|38/100
|-start|p1a: Toxapex|Salt Cure
|move|p1a: Toxapex|Surf|p2a: Garganacl
|-supereffective|p2a: Garganacl
|-damage|p2a: Garganacl|0 fnt
|faint|p2a: Garganacl
|
|-damage|p1a: Toxapex|13/100|[from] Salt Cure
|upkeep
|
|t:|1760416049
|switch|p2a: Ogerpon|Ogerpon-Wellspring-Tera, F, tera:Water|78/100
|-ability|p2a: Ogerpon|Embody Aspect (Wellspring)|boost
|-boost|p2a: Ogerpon|spd|1
|turn|32
|
|t:|1760416055
|switch|p1a: Meowscarada|Meowscarada, M|100/100
|move|p2a: Ogerpon|Swords Dance|p2a: Ogerpon
|-boost|p2a: Ogerpon|atk|2
|
|upkeep
|turn|33
|
|t:|1760416058
|move|p1a: Meowscarada|Flower Trick|p2a: Ogerpon
|-start|p1a: Meowscarada|typechange|Grass|[from] ability: Protean
|-supereffective|p2a: Ogerpon
|-crit|p2a: Ogerpon
|-damage|p2a: Ogerpon|0 fnt
|faint|p2a: Ogerpon
|detailschange|p2: Ogerpon|Ogerpon-Wellspring, F|[silent]
|
|upkeep
|-message|pidgey bot forfeited.
|
|win|Test4823
|raw|Test4823's rating: 1441 &rarr; <strong>1467</strong><br />(+26 for winning)
|raw|pidgey bot's rating: 1557 &rarr; <strong>1531</strong><br />(-26 for losing)
|l|☆pidgey bot
|player|p2|
|c|☆Test4823|gg
|l|☆Test4823
|player|p1|
