|j|☆youjustgotnoobed
|j|☆No stall for you
|t:|1760374091
|gametype|singles
|player|p1|youjustgotnoobed|lady|1434
|player|p2|No stall for you|101|1483
|gen|9
|tier|[Gen 9] OU
|rated|
|rule|HP Percentage Mod: HP is shown in percentages
|rule|Endless Battle Clause: Forcing endless battles is banned
|rule|Species Clause: Limit one of each Pokémon
|rule|OHKO Clause: OHKO moves are banned
|rule|Evasion Items Clause: Evasion items are banned
|rule|Evasion Moves Clause: Evasion moves are banned
|rule|Evasion Abilities Clause: Evasion abilities are banned
|rule|Sleep Moves Clause: Sleep-inducing moves are banned
|clearpoke
|poke|p1|Tyranitar, M|
|poke|p1|Gholdengo|
|poke|p1|Excadrill, F|
|poke|p1|Tornadus-Therian, M|
|poke|p1|Ogerpon-Wellspring, F|
|poke|p1|Arcanine, F|
|poke|p2|Corviknight, F|
|poke|p2|Ogerpon-Wellspring, F|
|poke|p2|Enamorus, F|
|poke|p2|Great Tusk|
|poke|p2|Slowking-Galar, M|
|poke|p2|Zamazenta-*|
|teampreview
|c|☆No stall for you|Gl hf
|inactive|Battle timer is ON: inactive players will automatically lose when time's up. (requested by youjustgotnoobed)
|c|☆youjustgotnoobed|u2
|
|t:|1760374110
|teamsize|p1|6
|teamsize|p2|6
|start
|switch|p1a: Arcanine|Arcanine, F|100/100
|switch|p2a: Great Tusk|Great Tusk|100/100
|-ability|p1a: Arcanine|Intimidate|boost
|-unboost|p2a: Great Tusk|atk|1
|turn|1
|
|t:|1760374119
|move|p1a: Arcanine|Will-O-Wisp|p2a: Great Tusk
|-status|p2a: Great Tusk|brn
|move|p2a: Great Tusk|Stealth Rock|p1a: Arcanine
|-sidestart|p1: youjustgotnoobed|move: Stealth Rock
|
|-damage|p2a: Great Tusk|94/100 brn|[from] brn
|upkeep
|turn|2
|
|t:|1760374130
|switch|p1a: Ogerpon|Ogerpon-Wellspring, F|100/100
|-damage|p1a: Ogerpon|88/100|[from] Stealth Rock
|move|p2a: Great Tusk|Knock Off|p1a: Ogerpon
|-damage|p1a: Ogerpon|81/100
|
|-heal|p2a: Great Tusk|100/100 brn|[from] item: Leftovers
|-damage|p2a: Great Tusk|94/100 brn|[from] brn
|upkeep
|turn|3
|
|t:|1760374142
|-end|p2a: Great Tusk|Protosynthesis|[silent]
|switch|p2a: Corviknight|Corviknight, F|100/100
|-ability|p2a: Corviknight|Pressure
|move|p1a: Ogerpon|U-turn|p2a: Corviknight
|-resisted|p2a: Corviknight
|-damage|p2a: Corviknight|96/100
|-damage|p1a: Ogerpon|64/100|[from] item: Rocky Helmet|[of] p2a: Corviknight
|
|t:|1760374155
|switch|p1a: Gholdengo|Gholdengo|100/100|[from] U-turn
|-damage|p1a: Gholdengo|94/100|[from] Stealth Rock
|
|upkeep
|turn|4
|
|t:|1760374168
|move|p1a: Gholdengo|Shadow Ball|p2a: Corviknight
|-damage|p2a: Corviknight|33/100
|-unboost|p2a: Corviknight|spd|1
|move|p2a: Corviknight|U-turn|p1a: Gholdengo
|-resisted|p1a: Gholdengo
|-damage|p1a: Gholdengo|91/100
|
|t:|1760374179
|switch|p2a: Enamorus|Enamorus, F|100/100|[from] U-turn
|
|upkeep
|turn|5
|
|t:|1760374188
|switch|p1a: Tornadus|Tornadus-Therian, M|100/100
|-damage|p1a: Tornadus|76/100|[from] Stealth Rock
|move|p2a: Enamorus|Mystical Fire|p1a: Tornadus
|-damage|p1a: Tornadus|59/100
|-unboost|p1a: Tornadus|spa|1
|
|upkeep
|turn|6
|
|t:|1760374202
|switch|p2a: Slowking|Slowking-Galar, M|100/100
|move|p1a: Tornadus|U-turn|p2a: Slowking
|-damage|p2a: Slowking|86/100
|
|t:|1760374205
|switch|p1a: Gholdengo|Gholdengo|91/100|[from] U-turn
|-damage|p1a: Gholdengo|85/100|[from] Stealth Rock
|
|upkeep
|turn|7
|
|t:|1760374224
|move|p1a: Gholdengo|Shadow Ball|p2a: Slowking
|-supereffective|p2a: Slowking
|-damage|p2a: Slowking|18/100
|move|p2a: Slowking|Psychic Noise|p1a: Gholdengo
|-resisted|p1a: Gholdengo
|-damage|p1a: Gholdengo|64/100
|-start|p1a: Gholdengo|move: Heal Block
|
|upkeep
|turn|8
|
|t:|1760374231
|move|p1a: Gholdengo|Shadow Ball|p2a: Slowking
|-supereffective|p2a: Slowking
|-damage|p2a: Slowking|0 fnt
|faint|p2a: Slowking
|
|-end|p1a: Gholdengo|move: Heal Block
|upkeep
|
|t:|1760374233
|switch|p2a: Ogerpon|Ogerpon-Wellspring, F|100/100
|turn|9
|
|t:|1760374243
|switch|p1a: Arcanine|Arcanine, F|100/100
|-ability|p1a: Arcanine|Intimidate|boost
|-unboost|p2a: Ogerpon|atk|1
|move|p2a: Ogerpon|Ivy Cudgel|p1a: Arcanine|[anim] Ivy Cudgel Water
|-supereffective|p1a: Arcanine
|-damage|p1a: Arcanine|19/100
|
|upkeep
|turn|10
|
|t:|1760374257
|switch|p1a: Ogerpon|Ogerpon-Wellspring, F|64/100
|-damage|p1a: Ogerpon|52/100|[from] Stealth Rock
|move|p2a: Ogerpon|U-turn|p1a: Ogerpon
|-supereffective|p1a: Ogerpon
|-damage|p1a: Ogerpon|2/100
|
|t:|1760374265
|switch|p2a: Corviknight|Corviknight, F|33/100|[from] U-turn
|-ability|p2a: Corviknight|Pressure
|
|upkeep
|turn|11
|
|t:|1760374270
|move|p1a: Ogerpon|Synthesis|p1a: Ogerpon
|-heal|p1a: Ogerpon|52/100
|move|p2a: Corviknight|Roost|p2a: Corviknight
|-heal|p2a: Corviknight|83/100
|-singleturn|p2a: Corviknight|move: Roost
|
|upkeep
|turn|12
|
|t:|1760374279
|move|p1a: Ogerpon|Synthesis|p1a: Ogerpon
|-heal|p1a: Ogerpon|100/100
|move|p2a: Corviknight|U-turn|p1a: Ogerpon
|-supereffective|p1a: Ogerpon
|-damage|p1a: Ogerpon|61/100
|
|t:|1760374286
|switch|p2a: Enamorus|Enamorus, F|100/100|[from] U-turn
|
|upkeep
|turn|13
|
|t:|1760374312
|-terastallize|p1a: Ogerpon|Water
|detailschange|p1a: Ogerpon|Ogerpon-Wellspring-Tera, F, tera:Water
|-ability|p1a: Ogerpon|Embody Aspect (Wellspring)|boost
|-boost|p1a: Ogerpon|spd|1
|move|p2a: Enamorus|Moonblast|p1a: Ogerpon
|-damage|p1a: Ogerpon|24/100
|move|p1a: Ogerpon|Ivy Cudgel|p2a: Enamorus|[anim] Ivy Cudgel Water
|-crit|p2a: Enamorus
|-damage|p2a: Enamorus|0 fnt
|faint|p2a: Enamorus
|
|upkeep
|
|t:|1760374329
|switch|p2a: Ogerpon|Ogerpon-Wellspring, F|100/100
|turn|14
|
|t:|1760374335
|move|p1a: Ogerpon|U-turn|p2a: Ogerpon
|-supereffective|p2a: Ogerpon
|-damage|p2a: Ogerpon|29/100
|
|t:|1760374341
|switch|p1a: Tornadus|Tornadus-Therian, M|92/100|[from] U-turn
|-damage|p1a: Tornadus|67/100|[from] Stealth Rock
|move|p2a: Ogerpon|Horn Leech|p1a: Tornadus
|-resisted|p1a: Tornadus
|-damage|p1a: Tornadus|43/100
|-heal|p2a: Ogerpon|43/100|[from] drain|[of] p1a: Tornadus
|
|upkeep
|turn|15
|inactive|youjustgotnoobed has 120 seconds left.
|
|t:|1760374372
|switch|p2a: Corviknight|Corviknight, F|83/100
|-ability|p2a: Corviknight|Pressure
|move|p1a: Tornadus|U-turn|p2a: Corviknight
|-resisted|p2a: Corviknight
|-damage|p2a: Corviknight|80/100
|-damage|p1a: Tornadus|26/100|[from] item: Rocky Helmet|[of] p2a: Corviknight
|
|t:|1760374375
|switch|p1a: Arcanine|Arcanine, F|19/100|[from] U-turn
|-ability|p1a: Arcanine|Intimidate|boost
|-unboost|p2a: Corviknight|atk|1
|
|upkeep
|turn|16
|inactive|No stall for you has 120 seconds left.
|inactive|youjustgotnoobed has 120 seconds left.
|
|t:|1760374418
|move|p1a: Arcanine|Morning Sun|p1a: Arcanine
|-heal|p1a: Arcanine|69/100
|move|p2a: Corviknight|U-turn|p1a: Arcanine
|-resisted|p1a: Arcanine
|-damage|p1a: Arcanine|64/100
|
|t:|1760374437
|switch|p2a: Great Tusk|Great Tusk|94/100 brn|[from] U-turn
|
|-heal|p2a: Great Tusk|100/100 brn|[from] item: Leftovers
|-damage|p2a: Great Tusk|94/100 brn|[from] brn
|upkeep
|turn|17
|inactive|youjustgotnoobed has 120 seconds left.
|
|t:|1760374462
|switch|p1a: Tornadus|Tornadus-Therian, M|59/100
|-damage|p1a: Tornadus|34/100|[from] Stealth Rock
|move|p2a: Great Tusk|Headlong Rush|p1a: Tornadus
|-immune|p1a: Tornadus
|
|-heal|p2a: Great Tusk|100/100 brn|[from] item: Leftovers
|-damage|p2a: Great Tusk|94/100 brn|[from] brn
|upkeep
|turn|18
|inactive|No stall for you has 90 seconds left.
|
|t:|1760374502
|-end|p2a: Great Tusk|Protosynthesis|[silent]
|switch|p2a: Corviknight|Corviknight, F|80/100
|-ability|p2a: Corviknight|Pressure
|move|p1a: Tornadus|Bleakwind Storm|p2a: Corviknight
|-resisted|p2a: Corviknight
|-damage|p2a: Corviknight|61/100
|
|upkeep
|turn|19
|inactive|No stall for you has 90 seconds left.
|
|t:|1760374511
|move|p1a: Tornadus|Heat Wave|p2a: Corviknight
|-supereffective|p2a: Corviknight
|-damage|p2a: Corviknight|19/100
|move|p2a: Corviknight|U-turn|p1a: Tornadus
|-resisted|p1a: Tornadus
|-damage|p1a: Tornadus|26/100
|inactive|No stall for you has 90 seconds left.
|
|t:|1760374528
|switch|p2a: Zamazenta|Zamazenta|100/100|[from] U-turn
|-ability|p2a: Zamazenta|Dauntless Shield|boost
|-boost|p2a: Zamazenta|def|1
|
|upkeep
|turn|20
|inactive|youjustgotnoobed has 120 seconds left.
|
|t:|1760374558
|switch|p1a: Tyranitar|Tyranitar, M|100/100
|-damage|p1a: Tyranitar|88/100|[from] Stealth Rock
|-weather|Sandstorm|[from] ability: Sand Stream|[of] p1a: Tyranitar
|move|p2a: Zamazenta|Stone Edge|p1a: Tyranitar
|-damage|p1a: Tyranitar|54/100
|-damage|p2a: Zamazenta|91/100|[from] item: Life Orb
|
|-weather|Sandstorm|[upkeep]
|-damage|p2a: Zamazenta|84/100|[from] Sandstorm
|upkeep
|turn|21
|inactive|youjustgotnoobed has 120 seconds left.
|
|t:|1760374583
|move|p2a: Zamazenta|Close Combat|p1a: Tyranitar
|-supereffective|p1a: Tyranitar
|-damage|p1a: Tyranitar|0 fnt
|-unboost|p2a: Zamazenta|def|1
|-unboost|p2a: Zamazenta|spd|1
|faint|p1a: Tyranitar
|-damage|p2a: Zamazenta|75/100|[from] item: Life Orb
|
|-weather|Sandstorm|[upkeep]
|-damage|p2a: Zamazenta|68/100|[from] Sandstorm
|upkeep
|
|t:|1760374586
|switch|p1a: Excadrill|Excadrill, F|100/100
|-damage|p1a: Excadrill|97/100|[from] Stealth Rock
|-item|p1a: Excadrill|Air Balloon
|turn|22
|
|t:|1760374597
|move|p1a: Excadrill|Iron Head|p2a: Zamazenta
|-damage|p2a: Zamazenta|25/100
|cant|p2a: Zamazenta|flinch
|
|-weather|Sandstorm|[upkeep]
|-damage|p2a: Zamazenta|19/100|[from] Sandstorm
|upkeep
|turn|23
|c|☆No stall for you|Nooooo
|inactive|No stall for you has 90 seconds left.
|
|t:|1760374619
|switch|p2a: Great Tusk|Great Tusk|94/100 brn
|move|p1a: Excadrill|Iron Head|p2a: Great Tusk
|-damage|p2a: Great Tusk|66/100 brn
|
|-weather|Sandstorm|[upkeep]
|-heal|p2a: Great Tusk|72/100 brn|[from] item: Leftovers
|-damage|p2a: Great Tusk|66/100 brn|[from] brn
|upkeep
|turn|24
|inactive|No stall for you has 90 seconds left.
|
|t:|1760374632
|move|p1a: Excadrill|Rapid Spin|p2a: Great Tusk
|-damage|p2a: Great Tusk|54/100 brn
|-boost|p1a: Excadrill|spe|1
|-sideend|p1: youjustgotnoobed|Stealth Rock|[from] move: Rapid Spin|[of] p1a: Excadrill
|move|p2a: Great Tusk|Knock Off|p1a: Excadrill
|-damage|p1a: Excadrill|78/100
|-enditem|p1a: Excadrill|Air Balloon
|
|-weather|none
|-heal|p2a: Great Tusk|60/100 brn|[from] item: Leftovers
|-damage|p2a: Great Tusk|54/100 brn|[from] brn
|upkeep
|turn|25
|
|t:|1760374640
|switch|p1a: Tornadus|Tornadus-Therian, M|59/100
|move|p2a: Great Tusk|Headlong Rush|p1a: Tornadus
|-immune|p1a: Tornadus
|
|-heal|p2a: Great Tusk|60/100 brn|[from] item: Leftovers
|-damage|p2a: Great Tusk|54/100 brn|[from] brn
|upkeep
|turn|26
|inactive|youjustgotnoobed has 120 seconds left.
|
|t:|1760374646
|move|p1a: Tornadus|U-turn|p2a: Great Tusk
|-resisted|p2a: Great Tusk
|-damage|p2a: Great Tusk|49/100 brn
|
|t:|1760374648
|switch|p1a: Arcanine|Arcanine, F|64/100|[from] U-turn
|-ability|p1a: Arcanine|Intimidate|boost
|-unboost|p2a: Great Tusk|atk|1
|move|p2a: Great Tusk|Stealth Rock|p1a: Arcanine
|-sidestart|p1: youjustgotnoobed|move: Stealth Rock
|
|-heal|p2a: Great Tusk|56/100 brn|[from] item: Leftovers
|-damage|p2a: Great Tusk|49/100 brn|[from] brn
|upkeep
|turn|27
|
|t:|1760374670
|move|p1a: Arcanine|Morning Sun|p1a: Arcanine
|-heal|p1a: Arcanine|100/100
|move|p2a: Great Tusk|Headlong Rush|p1a: Arcanine
|-supereffective|p1a: Arcanine
|-damage|p1a: Arcanine|61/100
|-unboost|p2a: Great Tusk|def|1
|-unboost|p2a: Great Tusk|spd|1
|
|-heal|p2a: Great Tusk|56/100 brn|[from] item: Leftovers
|-damage|p2a: Great Tusk|49/100 brn|[from] brn
|upkeep
|turn|28
|
|t:|1760374673
|switch|p1a: Tornadus|Tornadus-Therian, M|92/100
|-damage|p1a: Tornadus|68/100|[from] Stealth Rock
|move|p2a: Great Tusk|Knock Off|p1a: Tornadus
|-damage|p1a: Tornadus|57/100
|-enditem|p1a: Tornadus|Assault Vest|[from] move: Knock Off|[of] p2a: Great Tusk
|
|-heal|p2a: Great Tusk|56/100 brn|[from] item: Leftovers
|-damage|p2a: Great Tusk|49/100 brn|[from] brn
|upkeep
|turn|29
|
|t:|1760374681
|move|p1a: Tornadus|Bleakwind Storm|p2a: Great Tusk
|-supereffective|p2a: Great Tusk
|-damage|p2a: Great Tusk|0 fnt
|faint|p2a: Great Tusk
|-end|p2a: Great Tusk|Protosynthesis|[silent]
|
|upkeep
|
|t:|1760374685
|switch|p2a: Ogerpon|Ogerpon-Wellspring, F|43/100
|turn|30
|inactive|No stall for you has 120 seconds left.
|c|☆No stall for you|Oops missclick
|c|☆youjustgotnoobed|xd
|
|t:|1760374702
|-terastallize|p2a: Ogerpon|Water
|detailschange|p2a: Ogerpon|Ogerpon-Wellspring-Tera, F, tera:Water
|-ability|p2a: Ogerpon|Embody Aspect (Wellspring)|boost
|-boost|p2a: Ogerpon|spd|1
|move|p1a: Tornadus|U-turn|p2a: Ogerpon
|-damage|p2a: Ogerpon|22/100
|
|t:|1760374717
|switch|p1a: Ogerpon|Ogerpon-Wellspring-Tera, F, tera:Water|24/100|[from] U-turn
|-damage|p1a: Ogerpon|12/100|[from] Stealth Rock
|-ability|p1a: Ogerpon|Embody Aspect (Wellspring)|boost
|-boost|p1a: Ogerpon|spd|1
|move|p2a: Ogerpon|Ivy Cudgel|p1a: Ogerpon|[anim] Ivy Cudgel Water
|-resisted|p1a: Ogerpon
|-damage|p1a: Ogerpon|0 fnt
|faint|p1a: Ogerpon
|detailschange|p1: Ogerpon|Ogerpon-Wellspring, F|[silent]
|
|upkeep
|
|t:|1760374720
|switch|p1a: Arcanine|Arcanine, F|61/100
|-ability|p1a: Arcanine|Intimidate|boost
|-unboost|p2a: Ogerpon|atk|1
|turn|31
|inactive|No stall for you has 120 seconds left.
|
|t:|1760374744
|switch|p2a: Corviknight|Corviknight, F|19/100
|-ability|p2a: Corviknight|Pressure
|move|p1a: Arcanine|Extreme Speed|p2a: Corviknight
|-resisted|p2a: Corviknight
|-damage|p2a: Corviknight|13/100
|-damage|p1a: Arcanine|45/100|[from] item: Rocky Helmet|[of] p2a: Corviknight
|
|upkeep
|turn|32
|inactive|No stall for you has 120 seconds left.
|
|t:|1760374751
|move|p1a: Arcanine|Flare Blitz|p2a: Corviknight
|-supereffective|p2a: Corviknight
|-damage|p2a: Corviknight|0 fnt
|-damage|p1a: Arcanine|28/100|[from] item: Rocky Helmet|[of] p2a: Corviknight
|faint|p2a: Corviknight
|-damage|p1a: Arcanine|24/100|[from] Recoil
|
|upkeep
|inactive|No stall for you has 120 seconds left.
|
|t:|1760374760
|switch|p2a: Ogerpon|Ogerpon-Wellspring-Tera, F, tera:Water|22/100
|-ability|p2a: Ogerpon|Embody Aspect (Wellspring)|boost
|-boost|p2a: Ogerpon|spd|1
|turn|33
|
|t:|1760374766
|move|p1a: Arcanine|Extreme Speed|p2a: Ogerpon
|-damage|p2a: Ogerpon|0 fnt
|faint|p2a: Ogerpon
|detailschange|p2: Ogerpon|Ogerpon-Wellspring, F|[silent]
|
|upkeep
|
|t:|1760374769
|switch|p2a: Zamazenta|Zamazenta|19/100
|turn|34
|
|t:|1760374772
|move|p1a: Arcanine|Extreme Speed|p2a: Zamazenta
|-damage|p2a: Zamazenta|1/100
|move|p2a: Zamazenta|Stone Edge|p1a: Arcanine
|-supereffective|p1a: Arcanine
|-damage|p1a: Arcanine|0 fnt
|faint|p1a: Arcanine
|-damage|p2a: Zamazenta|0 fnt|[from] item: Life Orb
|faint|p2a: Zamazenta
|
|win|youjustgotnoobed
|raw|youjustgotnoobed's rating: 1434 &rarr; <strong>1457</strong><br />(+23 for winning)
|raw|No stall for you's rating: 1483 &rarr; <strong>1460</strong><br />(-23 for losing)
|c|☆No stall for you|Gg
|c|☆youjustgotnoobed|gg!
|l|☆youjustgotnoobed
|player|p1|
|l|☆No stall for you
|player|p2|
