|j|☆Denial II
|j|☆Edsled
|t:|1760404481
|gametype|singles
|player|p1|Denial II|shelly|1056
|player|p2|Edsled|benga|1087
|gen|9
|tier|[Gen 9] OU
|rated|
|rule|HP Percentage Mod: HP is shown in percentages
|rule|Endless Battle Clause: Forcing endless battles is banned
|rule|Species Clause: Limit one of each Pokémon
|rule|OHKO Clause: OHKO moves are banned
|rule|Evasion Items Clause: Evasion items are banned
|rule|Evasion Moves Clause: Evasion moves are banned
|rule|Evasion Abilities Clause: Evasion abilities are banned
|rule|Sleep Moves Clause: Sleep-inducing moves are banned
|clearpoke
|poke|p1|Hydrapple, M|
|poke|p1|Gastrodon-East, M|
|poke|p1|Starly, F|
|poke|p1|Electrode|
|poke|p1|Gardevoir, F|
|poke|p1|Salamence, M|
|poke|p2|Dragapult, M|
|poke|p2|Glimmora, M|
|poke|p2|Comfey, M|
|poke|p2|Kingambit, M|
|poke|p2|Ogerpon-Wellspring, F|
|poke|p2|Blaziken, M|
|teampreview
|inactive|Battle timer is ON: inactive players will automatically lose when time's up. (requested by Edsled)
|
|t:|1760404496
|teamsize|p1|6
|teamsize|p2|6
|start
|switch|p1a: Starly|Starly, F|100/100
|switch|p2a: Glimmora|Glimmora, M, shiny|100/100
|turn|1
|
|t:|1760404514
|move|p1a: Starly|Sand Attack|p2a: Glimmora
|-unboost|p2a: Glimmora|accuracy|1
|move|p2a: Glimmora|Mortal Spin|p1a: Starly
|-damage|p1a: Starly|83/100
|-status|p1a: Starly|psn
|
|-damage|p1a: Starly|71/100 psn|[from] psn
|upkeep
|turn|2
|
|t:|1760404525
|switch|p1a: Gardevoir|Gardevoir, F|100/100
|-ability|p1a: Gardevoir|Toxic Debris|Trace|[from] ability: Trace|[of] p2a: Glimmora
|move|p2a: Glimmora|Stealth Rock|p1a: Gardevoir
|-sidestart|p1: Denial II|move: Stealth Rock
|
|upkeep
|turn|3
|
|t:|1760404542
|move|p1a: Gardevoir|Psychic|p2a: Glimmora
|-supereffective|p2a: Glimmora
|-damage|p2a: Glimmora|9/100
|-enditem|p2a: Glimmora|Red Card|[of] p1a: Gardevoir
|drag|p1a: Gastrodon|Gastrodon-East, M|100/100
|-damage|p1a: Gastrodon|94/100|[from] Stealth Rock
|move|p2a: Glimmora|Mortal Spin|p1a: Gastrodon
|-resisted|p1a: Gastrodon
|-damage|p1a: Gastrodon|91/100
|-status|p1a: Gastrodon|psn
|
|-damage|p1a: Gastrodon|78/100 psn|[from] psn
|upkeep
|turn|4
|inactive|Edsled has 120 seconds left.
|
|t:|1760404579
|switch|p2a: Ogerpon|Ogerpon-Wellspring, F|100/100
|move|p1a: Gastrodon|Surf|p2a: Ogerpon
|-immune|p2a: Ogerpon|[from] ability: Water Absorb
|
|-damage|p1a: Gastrodon|66/100 psn|[from] psn
|upkeep
|turn|5
|inactive|Denial II has 120 seconds left.
|
|t:|1760404628
|move|p2a: Ogerpon|Spikes|p1a: Gastrodon
|-sidestart|p1: Denial II|Spikes
|move|p1a: Gastrodon|Sludge Wave|p2a: Ogerpon
|-supereffective|p2a: Ogerpon
|-damage|p2a: Ogerpon|29/100
|
|-damage|p1a: Gastrodon|54/100 psn|[from] psn
|upkeep
|turn|6
|inactive|Edsled has 120 seconds left.
|
|t:|1760404642
|switch|p2a: Glimmora|Glimmora, M, shiny|9/100
|move|p1a: Gastrodon|Sludge Wave|p2a: Glimmora
|-resisted|p2a: Glimmora
|-damage|p2a: Glimmora|1/100
|
|-damage|p1a: Gastrodon|41/100 psn|[from] psn
|upkeep
|turn|7
|inactive|Edsled has 120 seconds left.
|
|t:|1760404655
|move|p2a: Glimmora|Earth Power|p1a: Gastrodon
|-damage|p1a: Gastrodon|23/100 psn
|move|p1a: Gastrodon|Ice Beam|p2a: Glimmora
|-damage|p2a: Glimmora|0 fnt
|faint|p2a: Glimmora
|
|-damage|p1a: Gastrodon|11/100 psn|[from] psn
|upkeep
|inactive|Edsled has 120 seconds left.
|
|t:|1760404673
|switch|p2a: Blaziken|Blaziken, M, shiny|100/100
|turn|8
|inactive|Denial II has 90 seconds left.
|
|t:|1760404714
|move|p2a: Blaziken|Knock Off|p1a: Gastrodon
|-damage|p1a: Gastrodon|0 fnt
|-enditem|p1a: Gastrodon|Assault Vest|[from] move: Knock Off|[of] p2a: Blaziken
|faint|p1a: Gastrodon
|-damage|p2a: Blaziken|91/100|[from] item: Life Orb
|
|-ability|p2a: Blaziken|Speed Boost|boost
|-boost|p2a: Blaziken|spe|1
|upkeep
|
|t:|1760404727
|switch|p1a: Electrode|Electrode|100/100
|-damage|p1a: Electrode|88/100|[from] Stealth Rock
|-damage|p1a: Electrode|76/100|[from] Spikes
|turn|9
|
|t:|1760404736
|move|p2a: Blaziken|Protect|p2a: Blaziken
|-singleturn|p2a: Blaziken|Protect
|move|p1a: Electrode|Thunderbolt|p2a: Blaziken
|-activate|p2a: Blaziken|move: Protect
|
|-heal|p1a: Electrode|82/100|[from] item: Leftovers
|-ability|p2a: Blaziken|Speed Boost|boost
|-boost|p2a: Blaziken|spe|1
|upkeep
|turn|10
|inactive|Denial II has 90 seconds left.
|
|t:|1760404757
|move|p2a: Blaziken|Knock Off|p1a: Electrode
|-damage|p1a: Electrode|0 fnt
|-damage|p2a: Blaziken|66/100|[from] ability: Aftermath|[of] p1a: Electrode
|-enditem|p1a: Electrode|Leftovers|[from] move: Knock Off|[of] p2a: Blaziken
|faint|p1a: Electrode
|-damage|p2a: Blaziken|56/100|[from] item: Life Orb
|
|-ability|p2a: Blaziken|Speed Boost|boost
|-boost|p2a: Blaziken|spe|1
|upkeep
|
|t:|1760404762
|switch|p1a: Starly|Starly, F|71/100 psn
|-damage|p1a: Starly|46/100 psn|[from] Stealth Rock
|turn|11
|
|t:|1760404773
|move|p2a: Blaziken|Knock Off|p1a: Starly
|-damage|p1a: Starly|0 fnt
|-enditem|p1a: Starly|Choice Scarf|[from] move: Knock Off|[of] p2a: Blaziken
|faint|p1a: Starly
|-damage|p2a: Blaziken|46/100|[from] item: Life Orb
|
|-ability|p2a: Blaziken|Speed Boost|boost
|-boost|p2a: Blaziken|spe|1
|upkeep
|inactive|Denial II has 60 seconds left.
|
|t:|1760404809
|switch|p1a: Gardevoir|Gardevoir, F|100/100
|-damage|p1a: Gardevoir|88/100|[from] Stealth Rock
|-damage|p1a: Gardevoir|76/100|[from] Spikes
|-ability|p1a: Gardevoir|Speed Boost|Trace|[from] ability: Trace|[of] p2a: Blaziken
|turn|12
|
|t:|1760404820
|move|p2a: Blaziken|Knock Off|p1a: Gardevoir
|-damage|p1a: Gardevoir|0 fnt
|-enditem|p1a: Gardevoir|Weakness Policy|[from] move: Knock Off|[of] p2a: Blaziken
|faint|p1a: Gardevoir
|-damage|p2a: Blaziken|36/100|[from] item: Life Orb
|
|-ability|p2a: Blaziken|Speed Boost|boost
|-boost|p2a: Blaziken|spe|1
|upkeep
|
|t:|1760404825
|switch|p1a: Salamence|Salamence, M|100/100
|-damage|p1a: Salamence|76/100|[from] Stealth Rock
|turn|13
|
|t:|1760404836
|move|p2a: Blaziken|Knock Off|p1a: Salamence
|-damage|p1a: Salamence|22/100
|-enditem|p1a: Salamence|Focus Sash|[from] move: Knock Off|[of] p2a: Blaziken
|-damage|p2a: Blaziken|26/100|[from] item: Life Orb
|move|p1a: Salamence|Earthquake|p2a: Blaziken
|-supereffective|p2a: Blaziken
|-damage|p2a: Blaziken|0 fnt
|faint|p2a: Blaziken
|-ability|p1a: Salamence|Moxie|boost
|-boost|p1a: Salamence|atk|1
|
|upkeep
|
|t:|1760404841
|switch|p2a: Comfey|Comfey, M, shiny|100/100
|turn|14
|inactive|Denial II has 60 seconds left.
|
|t:|1760404868
|move|p2a: Comfey|Draining Kiss|p1a: Salamence
|-supereffective|p1a: Salamence
|-damage|p1a: Salamence|0 fnt
|faint|p1a: Salamence
|-damage|p2a: Comfey|91/100|[from] item: Life Orb
|
|upkeep
|
|t:|1760404871
|switch|p1a: Hydrapple|Hydrapple, M|100/100
|-damage|p1a: Hydrapple|88/100|[from] Stealth Rock
|-damage|p1a: Hydrapple|76/100|[from] Spikes
|-ability|p1a: Hydrapple|Supersweet Syrup
|-unboost|p2a: Comfey|evasion|1
|turn|15
|
|t:|1760404880
|-terastallize|p1a: Hydrapple|Fire
|move|p2a: Comfey|Draining Kiss|p1a: Hydrapple
|-resisted|p1a: Hydrapple
|-damage|p1a: Hydrapple|66/100
|-heal|p2a: Comfey|100/100|[from] drain|[of] p1a: Hydrapple
|-damage|p2a: Comfey|91/100|[from] item: Life Orb
|move|p1a: Hydrapple|Hydro Pump|p2a: Comfey
|-damage|p2a: Comfey|46/100
|
|upkeep
|turn|16
|inactive|Denial II has 60 seconds left.
|
|t:|1760404903
|-terastallize|p2a: Comfey|Ground
|move|p2a: Comfey|Tera Blast|p1a: Hydrapple|[anim] Tera Blast Ground
|-supereffective|p1a: Hydrapple
|-damage|p1a: Hydrapple|12/100
|-damage|p2a: Comfey|37/100|[from] item: Life Orb
|move|p1a: Hydrapple|Hydro Pump|p2a: Comfey
|-supereffective|p2a: Comfey
|-damage|p2a: Comfey|0 fnt
|faint|p2a: Comfey
|
|upkeep
|
|t:|1760404914
|switch|p2a: Ogerpon|Ogerpon-Wellspring, F|29/100
|turn|17
|inactive|Denial II has 60 seconds left.
|
|t:|1760404926
|move|p2a: Ogerpon|Ivy Cudgel|p1a: Hydrapple|[anim] Ivy Cudgel Water
|-supereffective|p1a: Hydrapple
|-damage|p1a: Hydrapple|0 fnt
|faint|p1a: Hydrapple
|
|win|Edsled
|raw|Denial II's rating: 1056 &rarr; <strong>1039</strong><br />(-17 for losing)
|raw|Edsled's rating: 1087 &rarr; <strong>1112</strong><br />(+25 for winning)
|l|☆Edsled
|player|p2|
|l|☆Denial II
|player|p1|
