|j|☆V_run658
|j|☆papagoi19
|t:|1760454955
|gametype|singles
|player|p1|V_run658|hugh|1438
|player|p2|papagoi19|gentleman-gen4|1471
|gen|9
|tier|[Gen 9] OU
|rated|
|rule|HP Percentage Mod: HP is shown in percentages
|rule|Endless Battle Clause: Forcing endless battles is banned
|rule|Species Clause: Limit one of each Pokémon
|rule|OHKO Clause: OHKO moves are banned
|rule|Evasion Items Clause: Evasion items are banned
|rule|Evasion Moves Clause: Evasion moves are banned
|rule|Evasion Abilities Clause: Evasion abilities are banned
|rule|Sleep Moves Clause: Sleep-inducing moves are banned
|clearpoke
|poke|p1|Greninja-*, M|
|poke|p1|Slowking-Galar, F|
|poke|p1|Conkeldurr, M|
|poke|p1|Garchomp, F|
|poke|p1|Rillaboom, F|
|poke|p1|Skeledirge, M|
|poke|p2|Dragapult, M|
|poke|p2|Clefable, F|
|poke|p2|Gliscor, M|
|poke|p2|Samurott-Hisui, M|
|poke|p2|Iron Treads|
|poke|p2|Slowking-Galar, M|
|teampreview
|inactive|Battle timer is ON: inactive players will automatically lose when time's up. (requested by V_run658)
|
|t:|1760454964
|teamsize|p1|6
|teamsize|p2|6
|start
|switch|p1a: Conkeldurr|Conkeldurr, M|100/100
|switch|p2a: Samurott|Samurott-Hisui, M, shiny|100/100
|turn|1
|
|t:|1760454982
|-terastallize|p2a: Samurott|Fairy
|move|p2a: Samurott|Aqua Cutter|p1a: Conkeldurr
|-damage|p1a: Conkeldurr|53/100
|move|p1a: Conkeldurr|Knock Off|p2a: Samurott
|-resisted|p2a: Samurott
|-damage|p2a: Samurott|74/100
|-enditem|p2a: Samurott|Focus Sash|[from] move: Knock Off|[of] p1a: Conkeldurr
|
|-status|p1a: Conkeldurr|brn|[from] item: Flame Orb
|upkeep
|turn|2
|
|t:|1760454993
|switch|p1a: Slowking|Slowking-Galar, F|100/100
|move|p2a: Samurott|Ceaseless Edge|p1a: Slowking|[miss]
|-miss|p2a: Samurott|p1a: Slowking
|
|upkeep
|turn|3
|
|t:|1760454997
|move|p2a: Samurott|Ceaseless Edge|p1a: Slowking
|-supereffective|p1a: Slowking
|-damage|p1a: Slowking|0 fnt
|-sidestart|p1: V_run658|Spikes
|faint|p1a: Slowking
|
|upkeep
|
|t:|1760455002
|switch|p1a: Greninja|Greninja, M|100/100
|-damage|p1a: Greninja|88/100|[from] Spikes
|turn|4
|
|t:|1760455005
|move|p1a: Greninja|Gunk Shot|p2a: Samurott
|-supereffective|p2a: Samurott
|-damage|p2a: Samurott|11/100
|move|p2a: Samurott|Ceaseless Edge|p1a: Greninja|[miss]
|-miss|p2a: Samurott|p1a: Greninja
|
|upkeep
|turn|5
|
|t:|1760455014
|move|p2a: Samurott|Sucker Punch|p1a: Greninja
|-resisted|p1a: Greninja
|-damage|p1a: Greninja|57/100
|move|p1a: Greninja|Ice Beam|p2a: Samurott
|-damage|p2a: Samurott|0 fnt
|faint|p2a: Samurott
|-ability|p1a: Greninja|Battle Bond|boost
|-boost|p1a: Greninja|atk|1
|-boost|p1a: Greninja|spa|1
|-boost|p1a: Greninja|spe|1
|-activate|p1a: Greninja|ability: Battle Bond
|
|upkeep
|
|t:|1760455018
|switch|p2a: Clefable|Clefable, F, shiny|100/100
|turn|6
|
|t:|1760455021
|-terastallize|p1a: Greninja|Poison
|move|p1a: Greninja|Gunk Shot|p2a: Clefable
|-supereffective|p2a: Clefable
|-damage|p2a: Clefable|37/100
|move|p2a: Clefable|Moonblast|p1a: Greninja
|-resisted|p1a: Greninja
|-damage|p1a: Greninja|32/100
|
|-heal|p2a: Clefable|43/100|[from] item: Leftovers
|upkeep
|turn|7
|
|t:|1760455028
|switch|p2a: Iron Treads|Iron Treads, shiny|100/100
|-enditem|p2a: Iron Treads|Booster Energy
|-activate|p2a: Iron Treads|ability: Quark Drive|[fromitem]
|-start|p2a: Iron Treads|quarkdriveatk
|move|p1a: Greninja|Gunk Shot|p2a: Iron Treads
|-immune|p2a: Iron Treads
|
|upkeep
|turn|8
|
|t:|1760455032
|move|p1a: Greninja|Water Shuriken|p2a: Iron Treads
|-supereffective|p2a: Iron Treads
|-damage|p2a: Iron Treads|72/100
|-supereffective|p2a: Iron Treads
|-damage|p2a: Iron Treads|44/100
|-supereffective|p2a: Iron Treads
|-damage|p2a: Iron Treads|17/100
|-supereffective|p2a: Iron Treads
|-damage|p2a: Iron Treads|0 fnt
|faint|p2a: Iron Treads
|-end|p2a: Iron Treads|Quark Drive|[silent]
|-hitcount|p2: Iron Treads|4
|
|upkeep
|-message|papagoi19 forfeited.
|
|win|V_run658
|raw|V_run658's rating: 1438 &rarr; <strong>1460</strong><br />(+22 for winning)
|raw|papagoi19's rating: 1471 &rarr; <strong>1449</strong><br />(-22 for losing)
|l|☆papagoi19
|player|p2|
|l|☆V_run658
|player|p1|
