|j|☆judeus911
|j|☆potayo
|t:|1760414961
|gametype|singles
|player|p1|judeus911|ghetsis|1457
|player|p2|potayo|169|1479
|gen|9
|tier|[Gen 9] OU
|rated|
|rule|HP Percentage Mod: HP is shown in percentages
|rule|Endless Battle Clause: Forcing endless battles is banned
|rule|Species Clause: Limit one of each Pokémon
|rule|OHKO Clause: OHKO moves are banned
|rule|Evasion Items Clause: Evasion items are banned
|rule|Evasion Moves Clause: Evasion moves are banned
|rule|Evasion Abilities Clause: Evasion abilities are banned
|rule|Sleep Moves Clause: Sleep-inducing moves are banned
|clearpoke
|poke|p1|Kingambit, F|
|poke|p1|Deoxys-Speed|
|poke|p1|Great Tusk|
|poke|p1|Dragonite, F|
|poke|p1|Iron Moth|
|poke|p1|Primarina, M|
|poke|p2|Indeedee, M|
|poke|p2|Hoopa-Unbound|
|poke|p2|Deoxys-Speed|
|poke|p2|Great Tusk|
|poke|p2|Hitmonlee, M|
|poke|p2|Thundurus, M|
|teampreview
|j| Rizzofreko
|inactive|Battle timer is ON: inactive players will automatically lose when time's up. (requested by potayo)
|
|t:|1760415013
|teamsize|p1|6
|teamsize|p2|6
|start
|switch|p1a: Dragonite|Dragonite, F, shiny|100/100
|switch|p2a: Indeedee|Indeedee, M|100/100
|-fieldstart|move: Psychic Terrain|[from] ability: Psychic Surge|[of] p2a: Indeedee
|turn|1
|
|t:|1760415028
|switch|p2a: Great Tusk|Great Tusk|100/100
|-enditem|p2a: Great Tusk|Booster Energy
|-activate|p2a: Great Tusk|ability: Protosynthesis|[fromitem]
|-start|p2a: Great Tusk|protosynthesisspe
|move|p1a: Dragonite|Outrage|p2a: Great Tusk
|-damage|p2a: Great Tusk|31/100
|
|upkeep
|turn|2
|
|t:|1760415036
|move|p2a: Great Tusk|Ice Spinner|p1a: Dragonite
|-supereffective|p1a: Dragonite
|-crit|p1a: Dragonite
|-damage|p1a: Dragonite|22/100
|-fieldend|move: Psychic Terrain
|move|p1a: Dragonite|Outrage|p2a: Great Tusk|[from] lockedmove
|-damage|p2a: Great Tusk|0 fnt
|faint|p2a: Great Tusk
|-end|p2a: Great Tusk|Protosynthesis|[silent]
|-start|p1a: Dragonite|confusion|[fatigue]
|
|upkeep
|
|t:|1760415045
|switch|p2a: Indeedee|Indeedee, M|100/100
|-fieldstart|move: Psychic Terrain|[from] ability: Psychic Surge|[of] p2a: Indeedee
|turn|3
|
|t:|1760415059
|switch|p1a: Kingambit|Kingambit, F|100/100
|move|p2a: Indeedee|Expanding Force|p1a: Kingambit
|-immune|p1a: Kingambit
|
|upkeep
|turn|4
|l| Rizzofreko
|
|t:|1760415070
|switch|p2a: Deoxys|Deoxys-Speed|100/100
|-ability|p2a: Deoxys|Pressure
|move|p1a: Kingambit|Swords Dance|p1a: Kingambit
|-boost|p1a: Kingambit|atk|2
|
|upkeep
|turn|5
|
|t:|1760415078
|move|p1a: Kingambit|Sucker Punch|p2a: Deoxys
|-activate|p2a: Deoxys|move: Psychic Terrain
|move|p2a: Deoxys|Superpower|p1a: Kingambit
|-supereffective|p1a: Kingambit
|-damage|p1a: Kingambit|0 fnt
|-unboost|p2a: Deoxys|atk|1
|-unboost|p2a: Deoxys|def|1
|faint|p1a: Kingambit
|-end|p1a: Kingambit|fallenundefined|[silent]
|-damage|p2a: Deoxys|91/100|[from] item: Life Orb
|
|upkeep
|
|t:|1760415095
|switch|p1a: Deoxys|Deoxys-Speed|100/100
|-ability|p1a: Deoxys|Pressure
|turn|6
|
|t:|1760415100
|switch|p2a: Hoopa|Hoopa-Unbound|100/100
|move|p1a: Deoxys|Shadow Ball|p2a: Hoopa
|-damage|p2a: Hoopa|78/100
|-damage|p1a: Deoxys|91/100|[from] item: Life Orb
|
|-heal|p2a: Hoopa|84/100|[from] item: Leftovers
|upkeep
|turn|7
|
|t:|1760415127
|switch|p1a: Dragonite|Dragonite, F, shiny|22/100
|move|p2a: Hoopa|Expanding Force|p1a: Dragonite
|-damage|p1a: Dragonite|0 fnt
|faint|p1a: Dragonite
|
|-heal|p2a: Hoopa|90/100|[from] item: Leftovers
|upkeep
|
|t:|1760415135
|switch|p1a: Primarina|Primarina, M|100/100
|turn|8
|
|t:|1760415140
|move|p2a: Hoopa|Expanding Force|p1a: Primarina
|-damage|p1a: Primarina|43/100
|move|p1a: Primarina|Moonblast|p2a: Hoopa
|-supereffective|p2a: Hoopa
|-damage|p2a: Hoopa|6/100
|
|-heal|p2a: Hoopa|12/100|[from] item: Leftovers
|upkeep
|turn|9
|
|t:|1760415149
|move|p2a: Hoopa|Expanding Force|p1a: Primarina
|-damage|p1a: Primarina|0 fnt
|faint|p1a: Primarina
|
|-heal|p2a: Hoopa|18/100|[from] item: Leftovers
|upkeep
|
|t:|1760415155
|switch|p1a: Deoxys|Deoxys-Speed|91/100
|-ability|p1a: Deoxys|Pressure
|turn|10
|
|t:|1760415163
|switch|p2a: Hitmonlee|Hitmonlee, M|100/100
|-enditem|p2a: Hitmonlee|Psychic Seed
|-boost|p2a: Hitmonlee|spd|1|[from] item: Psychic Seed
|move|p1a: Deoxys|Shadow Ball|p2a: Hitmonlee
|-damage|p2a: Hitmonlee|77/100
|-damage|p1a: Deoxys|81/100|[from] item: Life Orb
|
|-fieldend|move: Psychic Terrain
|upkeep
|turn|11
|
|t:|1760415172
|move|p1a: Deoxys|Psycho Boost|p2a: Hitmonlee
|-supereffective|p2a: Hitmonlee
|-damage|p2a: Hitmonlee|0 fnt
|-unboost|p1a: Deoxys|spa|2
|faint|p2a: Hitmonlee
|-damage|p1a: Deoxys|71/100|[from] item: Life Orb
|
|upkeep
|
|t:|1760415183
|switch|p2a: Indeedee|Indeedee, M|100/100
|-fieldstart|move: Psychic Terrain|[from] ability: Psychic Surge|[of] p2a: Indeedee
|turn|12
|
|t:|1760415188
|move|p1a: Deoxys|Shadow Ball|p2a: Indeedee
|-immune|p2a: Indeedee
|move|p2a: Indeedee|Expanding Force|p1a: Deoxys
|-resisted|p1a: Deoxys
|-damage|p1a: Deoxys|28/100
|
|upkeep
|turn|13
|
|t:|1760415194
|move|p1a: Deoxys|Focus Blast|p2a: Indeedee
|-damage|p2a: Indeedee|74/100
|-damage|p1a: Deoxys|19/100|[from] item: Life Orb
|move|p2a: Indeedee|Expanding Force|p1a: Deoxys
|-resisted|p1a: Deoxys
|-damage|p1a: Deoxys|0 fnt
|faint|p1a: Deoxys
|
|upkeep
|
|t:|1760415208
|switch|p1a: Great Tusk|Great Tusk|100/100
|-enditem|p1a: Great Tusk|Booster Energy
|-activate|p1a: Great Tusk|ability: Protosynthesis|[fromitem]
|-start|p1a: Great Tusk|protosynthesisatk
|turn|14
|
|t:|1760415212
|move|p1a: Great Tusk|Ice Spinner|p2a: Indeedee
|-damage|p2a: Indeedee|37/100
|-fieldend|move: Psychic Terrain
|move|p2a: Indeedee|Expanding Force|p1a: Great Tusk
|-supereffective|p1a: Great Tusk
|-damage|p1a: Great Tusk|19/100
|
|upkeep
|turn|15
|
|t:|1760415227
|move|p1a: Great Tusk|Close Combat|p2a: Indeedee
|-damage|p2a: Indeedee|0 fnt
|-unboost|p1a: Great Tusk|def|1
|-unboost|p1a: Great Tusk|spd|1
|faint|p2a: Indeedee
|
|upkeep
|
|t:|1760415231
|switch|p2a: Deoxys|Deoxys-Speed|91/100
|-ability|p2a: Deoxys|Pressure
|turn|16
|
|t:|1760415238
|move|p2a: Deoxys|Expanding Force|p1a: Great Tusk
|-supereffective|p1a: Great Tusk
|-damage|p1a: Great Tusk|0 fnt
|faint|p1a: Great Tusk
|-end|p1a: Great Tusk|Protosynthesis|[silent]
|-damage|p2a: Deoxys|81/100|[from] item: Life Orb
|
|upkeep
|
|t:|1760415244
|switch|p1a: Iron Moth|Iron Moth|100/100
|-enditem|p1a: Iron Moth|Booster Energy
|-activate|p1a: Iron Moth|ability: Quark Drive|[fromitem]
|-start|p1a: Iron Moth|quarkdrivespe
|turn|17
|
|t:|1760415252
|-terastallize|p1a: Iron Moth|Ground
|-terastallize|p2a: Deoxys|Psychic
|move|p1a: Iron Moth|Fiery Dance|p2a: Deoxys
|-damage|p2a: Deoxys|8/100
|move|p2a: Deoxys|Expanding Force|p1a: Iron Moth
|-damage|p1a: Iron Moth|37/100
|-damage|p2a: Deoxys|0 fnt|[from] item: Life Orb
|faint|p2a: Deoxys
|
|upkeep
|
|t:|1760415263
|switch|p2a: Thundurus|Thundurus, M|100/100
|turn|18
|
|t:|1760415269
|move|p1a: Iron Moth|Fiery Dance|p2a: Thundurus
|-damage|p2a: Thundurus|71/100
|move|p2a: Thundurus|Acrobatics|p1a: Iron Moth
|-damage|p1a: Iron Moth|6/100
|
|upkeep
|turn|19
|
|t:|1760415285
|move|p1a: Iron Moth|Fiery Dance|p2a: Thundurus
|-damage|p2a: Thundurus|38/100
|-boost|p1a: Iron Moth|spa|1
|move|p2a: Thundurus|Acrobatics|p1a: Iron Moth
|-damage|p1a: Iron Moth|0 fnt
|faint|p1a: Iron Moth
|-end|p1a: Iron Moth|Quark Drive|[silent]
|
|win|potayo
|raw|judeus911's rating: 1457 &rarr; <strong>1438</strong><br />(-19 for losing)
|raw|potayo's rating: 1479 &rarr; <strong>1498</strong><br />(+19 for winning)
|l|☆judeus911
|player|p1|
|l|☆potayo
|player|p2|
