|j|☆3r34t45
|j|‽GoComedy
|t:|1760449291
|gametype|singles
|player|p1|3r34t45|169|1382
|player|p2|GoComedy|102|1363
|gen|9
|tier|[Gen 9] OU
|rated|
|rule|HP Percentage Mod: HP is shown in percentages
|rule|Endless Battle Clause: Forcing endless battles is banned
|rule|Species Clause: Limit one of each Pokémon
|rule|OHKO Clause: OHKO moves are banned
|rule|Evasion Items Clause: Evasion items are banned
|rule|Evasion Moves Clause: Evasion moves are banned
|rule|Evasion Abilities Clause: Evasion abilities are banned
|rule|Sleep Moves Clause: Sleep-inducing moves are banned
|clearpoke
|poke|p1|Metagross|
|poke|p1|Slowking-Galar, M|
|poke|p1|Hydrapple, F|
|poke|p1|Rotom-Frost|
|poke|p1|Great Tusk|
|poke|p1|Dragapult, M|
|poke|p2|Weavile, M|
|poke|p2|Kyurem|
|poke|p2|Heatran, F|
|poke|p2|Rillaboom, M|
|poke|p2|Corviknight, M|
|poke|p2|Iron Moth|
|teampreview
|inactive|Battle timer is ON: inactive players will automatically lose when time's up. (requested by 3r34t45)
|inactive|GoComedy has 120 seconds left.
|
|t:|1760449325
|teamsize|p1|6
|teamsize|p2|6
|start
|switch|p1a: Metagross|Metagross|100/100
|switch|p2a: Heatran|Heatran, F|100/100
|turn|1
|
|t:|1760449343
|switch|p2a: Corviknight|Corviknight, M|100/100
|-ability|p2a: Corviknight|Pressure
|switch|p1a: Slowking|Slowking-Galar, M|100/100
|
|upkeep
|turn|2
|
|t:|1760449354
|move|p2a: Corviknight|U-turn|p1a: Slowking
|-damage|p1a: Slowking|86/100
|
|t:|1760449357
|switch|p2a: Heatran|Heatran, F|100/100|[from] U-turn
|-prepare|p1a: Slowking|Chilly Reception|[premajor]
|move|p1a: Slowking|Chilly Reception|p1a: Slowking
|-weather|Snowscape
|
|t:|1760449362
|switch|p1a: Great Tusk|Great Tusk|100/100|[from] Chilly Reception
|
|-weather|Snowscape|[upkeep]
|upkeep
|turn|3
|
|t:|1760449369
|switch|p2a: Corviknight|Corviknight, M|100/100
|-ability|p2a: Corviknight|Pressure
|move|p1a: Great Tusk|Earthquake|p2a: Corviknight
|-immune|p2a: Corviknight
|
|-weather|Snowscape|[upkeep]
|upkeep
|turn|4
|n|‽GoComedy|gocomedy
|
|t:|1760449391
|move|p1a: Great Tusk|Temper Flare|p2a: Corviknight
|-supereffective|p2a: Corviknight
|-damage|p2a: Corviknight|32/100
|-damage|p1a: Great Tusk|84/100|[from] item: Rocky Helmet|[of] p2a: Corviknight
|move|p2a: Corviknight|Brave Bird|p1a: Great Tusk
|-supereffective|p1a: Great Tusk
|-damage|p1a: Great Tusk|27/100
|-damage|p2a: Corviknight|15/100|[from] Recoil
|
|-weather|Snowscape|[upkeep]
|-heal|p1a: Great Tusk|34/100|[from] item: Leftovers
|upkeep
|turn|5
|
|t:|1760449403
|move|p1a: Great Tusk|Temper Flare|p2a: Corviknight
|-supereffective|p2a: Corviknight
|-crit|p2a: Corviknight
|-damage|p2a: Corviknight|0 fnt
|-damage|p1a: Great Tusk|17/100|[from] item: Rocky Helmet|[of] p2a: Corviknight
|faint|p2a: Corviknight
|
|-weather|Snowscape|[upkeep]
|-heal|p1a: Great Tusk|23/100|[from] item: Leftovers
|upkeep
|
|t:|1760449414
|switch|p2a: Kyurem|Kyurem|100/100
|-ability|p2a: Kyurem|Pressure
|turn|6
|
|t:|1760449426
|-end|p1a: Great Tusk|Protosynthesis|[silent]
|switch|p1a: Metagross|Metagross|100/100
|move|p2a: Kyurem|Draco Meteor|p1a: Metagross
|-resisted|p1a: Metagross
|-damage|p1a: Metagross|45/100
|-unboost|p2a: Kyurem|spa|2
|
|-weather|none
|upkeep
|turn|7
|
|t:|1760449432
|switch|p2a: Heatran|Heatran, F|100/100
|move|p1a: Metagross|Stealth Rock|p2a: Heatran
|-sidestart|p2: GoComedy|move: Stealth Rock
|
|upkeep
|turn|8
|
|t:|1760449439
|move|p2a: Heatran|Stealth Rock|p1a: Metagross
|-sidestart|p1: 3r34t45|move: Stealth Rock
|move|p1a: Metagross|Hammer Arm|p2a: Heatran
|-supereffective|p2a: Heatran
|-damage|p2a: Heatran|35/100
|-unboost|p1a: Metagross|spe|1
|
|-heal|p2a: Heatran|41/100|[from] item: Leftovers
|upkeep
|turn|9
|
|t:|1760449444
|move|p2a: Heatran|Magma Storm|p1a: Metagross
|-supereffective|p1a: Metagross
|-damage|p1a: Metagross|0 fnt
|faint|p1a: Metagross
|
|-heal|p2a: Heatran|48/100|[from] item: Leftovers
|upkeep
|
|t:|1760449447
|switch|p1a: Great Tusk|Great Tusk|23/100
|-damage|p1a: Great Tusk|20/100|[from] Stealth Rock
|turn|10
|
|t:|1760449460
|move|p1a: Great Tusk|Earthquake|p2a: Heatran
|-supereffective|p2a: Heatran
|-damage|p2a: Heatran|0 fnt
|faint|p2a: Heatran
|
|-heal|p1a: Great Tusk|27/100|[from] item: Leftovers
|upkeep
|
|t:|1760449463
|switch|p2a: Rillaboom|Rillaboom, M|100/100
|-damage|p2a: Rillaboom|88/100|[from] Stealth Rock
|-fieldstart|move: Grassy Terrain|[from] ability: Grassy Surge|[of] p2a: Rillaboom
|turn|11
|
|t:|1760449466
|-terastallize|p1a: Great Tusk|Fire
|move|p1a: Great Tusk|Rapid Spin|p2a: Rillaboom
|-damage|p2a: Rillaboom|67/100
|-boost|p1a: Great Tusk|spe|1
|-sideend|p1: 3r34t45|Stealth Rock|[from] move: Rapid Spin|[of] p1a: Great Tusk
|move|p2a: Rillaboom|U-turn|p1a: Great Tusk
|-resisted|p1a: Great Tusk
|-damage|p1a: Great Tusk|12/100
|
|t:|1760449479
|switch|p2a: Iron Moth|Iron Moth|100/100|[from] U-turn
|-damage|p2a: Iron Moth|76/100|[from] Stealth Rock
|-enditem|p2a: Iron Moth|Booster Energy
|-activate|p2a: Iron Moth|ability: Quark Drive|[fromitem]
|-start|p2a: Iron Moth|quarkdrivespe
|
|-heal|p2a: Iron Moth|82/100|[from] Grassy Terrain
|-heal|p1a: Great Tusk|18/100|[from] Grassy Terrain
|-heal|p1a: Great Tusk|24/100|[from] item: Leftovers
|upkeep
|turn|12
|
|t:|1760449490
|-end|p1a: Great Tusk|Protosynthesis|[silent]
|switch|p1a: Slowking|Slowking-Galar, M|100/100
|move|p2a: Iron Moth|Fiery Dance|p1a: Slowking
|-damage|p1a: Slowking|76/100
|
|-heal|p2a: Iron Moth|88/100|[from] Grassy Terrain
|-heal|p1a: Slowking|82/100|[from] Grassy Terrain
|-heal|p1a: Slowking|88/100|[from] item: Leftovers
|upkeep
|turn|13
|
|t:|1760449508
|-end|p2a: Iron Moth|Quark Drive|[silent]
|switch|p2a: Rillaboom|Rillaboom, M|67/100
|-damage|p2a: Rillaboom|55/100|[from] Stealth Rock
|move|p1a: Slowking|Psychic|p2a: Rillaboom
|-damage|p2a: Rillaboom|8/100
|
|-heal|p2a: Rillaboom|15/100|[from] Grassy Terrain
|-heal|p1a: Slowking|94/100|[from] Grassy Terrain
|-heal|p1a: Slowking|100/100|[from] item: Leftovers
|upkeep
|turn|14
|
|t:|1760449515
|switch|p1a: Hydrapple|Hydrapple, F|100/100
|move|p2a: Rillaboom|Knock Off|p1a: Hydrapple
|-damage|p1a: Hydrapple|61/100
|-enditem|p1a: Hydrapple|Leftovers|[from] move: Knock Off|[of] p2a: Rillaboom
|
|-heal|p2a: Rillaboom|21/100|[from] Grassy Terrain
|-heal|p1a: Hydrapple|67/100|[from] Grassy Terrain
|upkeep
|turn|15
|
|t:|1760449524
|switch|p2a: Iron Moth|Iron Moth|88/100
|-damage|p2a: Iron Moth|63/100|[from] Stealth Rock
|move|p1a: Hydrapple|Fickle Beam|p2a: Iron Moth|[anim] Fickle Beam All Out
|-activate|p1a: Hydrapple|move: Fickle Beam
|-damage|p2a: Iron Moth|0 fnt
|faint|p2a: Iron Moth
|-end|p2a: Iron Moth|Quark Drive|[silent]
|
|-heal|p1a: Hydrapple|73/100|[from] Grassy Terrain
|-fieldend|move: Grassy Terrain
|upkeep
|
|t:|1760449534
|switch|p2a: Kyurem|Kyurem|100/100
|-damage|p2a: Kyurem|76/100|[from] Stealth Rock
|-ability|p2a: Kyurem|Pressure
|turn|16
|
|t:|1760449539
|switch|p1a: Slowking|Slowking-Galar, M|100/100
|move|p2a: Kyurem|Ice Beam|p1a: Slowking
|-damage|p1a: Slowking|60/100
|
|-heal|p1a: Slowking|66/100|[from] item: Leftovers
|upkeep
|turn|17
|
|t:|1760449542
|move|p2a: Kyurem|Ice Beam|p1a: Slowking
|-damage|p1a: Slowking|25/100
|move|p1a: Slowking|Slack Off|p1a: Slowking
|-heal|p1a: Slowking|75/100
|
|-heal|p1a: Slowking|81/100|[from] item: Leftovers
|upkeep
|turn|18
|
|t:|1760449546
|move|p2a: Kyurem|Ice Beam|p1a: Slowking
|-damage|p1a: Slowking|38/100
|-status|p1a: Slowking|frz
|cant|p1a: Slowking|frz
|
|-heal|p1a: Slowking|44/100 frz|[from] item: Leftovers
|upkeep
|turn|19
|
|t:|1760449551
|move|p2a: Kyurem|Ice Beam|p1a: Slowking
|-damage|p1a: Slowking|2/100 frz
|cant|p1a: Slowking|frz
|
|-heal|p1a: Slowking|8/100 frz|[from] item: Leftovers
|upkeep
|turn|20
|
|t:|1760449554
|move|p2a: Kyurem|Ice Beam|p1a: Slowking
|-crit|p1a: Slowking
|-damage|p1a: Slowking|0 fnt
|faint|p1a: Slowking
|
|upkeep
|
|t:|1760449555
|switch|p1a: Dragapult|Dragapult, M|100/100
|turn|21
|
|t:|1760449560
|move|p1a: Dragapult|Draco Meteor|p2a: Kyurem
|-supereffective|p2a: Kyurem
|-damage|p2a: Kyurem|0 fnt
|-unboost|p1a: Dragapult|spa|2
|faint|p2a: Kyurem
|
|upkeep
|
|t:|1760449565
|switch|p2a: Rillaboom|Rillaboom, M|21/100
|-damage|p2a: Rillaboom|8/100|[from] Stealth Rock
|-fieldstart|move: Grassy Terrain|[from] ability: Grassy Surge|[of] p2a: Rillaboom
|turn|22
|
|t:|1760449569
|switch|p1a: Hydrapple|Hydrapple, F|100/100
|move|p2a: Rillaboom|Knock Off|p1a: Hydrapple
|-damage|p1a: Hydrapple|75/100
|
|-heal|p2a: Rillaboom|15/100|[from] Grassy Terrain
|-heal|p1a: Hydrapple|81/100|[from] Grassy Terrain
|upkeep
|turn|23
|
|t:|1760449577
|move|p2a: Rillaboom|Knock Off|p1a: Hydrapple
|-damage|p1a: Hydrapple|52/100
|move|p1a: Hydrapple|Nasty Plot|p1a: Hydrapple
|-boost|p1a: Hydrapple|spa|2
|
|-heal|p2a: Rillaboom|21/100|[from] Grassy Terrain
|-heal|p1a: Hydrapple|59/100|[from] Grassy Terrain
|upkeep
|turn|24
|
|t:|1760449582
|move|p2a: Rillaboom|Knock Off|p1a: Hydrapple
|-crit|p1a: Hydrapple
|-damage|p1a: Hydrapple|18/100
|move|p1a: Hydrapple|Fickle Beam|p2a: Rillaboom
|-damage|p2a: Rillaboom|0 fnt
|faint|p2a: Rillaboom
|
|-heal|p1a: Hydrapple|24/100|[from] Grassy Terrain
|upkeep
|
|t:|1760449584
|switch|p2a: Weavile|Weavile, M|100/100
|-damage|p2a: Weavile|76/100|[from] Stealth Rock
|-ability|p2a: Weavile|Pressure
|turn|25
|
|t:|1760449590
|move|p2a: Weavile|Knock Off|p1a: Hydrapple
|-damage|p1a: Hydrapple|0 fnt
|faint|p1a: Hydrapple
|-damage|p2a: Weavile|66/100|[from] item: Life Orb
|
|-heal|p2a: Weavile|72/100|[from] Grassy Terrain
|upkeep
|
|t:|1760449593
|switch|p1a: Rotom|Rotom-Frost|100/100
|turn|26
|
|t:|1760449603
|move|p1a: Rotom|Thunderbolt|p2a: Weavile
|-damage|p2a: Weavile|18/100
|move|p2a: Weavile|Swords Dance|p2a: Weavile
|-boost|p2a: Weavile|atk|2
|
|-heal|p2a: Weavile|24/100|[from] Grassy Terrain
|-fieldend|move: Grassy Terrain
|upkeep
|turn|27
|
|t:|1760449609
|move|p1a: Rotom|Thunderbolt|p2a: Weavile
|-damage|p2a: Weavile|0 fnt
|faint|p2a: Weavile
|
|win|3r34t45
|raw|3r34t45's rating: 1382 &rarr; <strong>1401</strong><br />(+19 for winning)
|raw|GoComedy's rating: 1363 &rarr; <strong>1344</strong><br />(-19 for losing)
|l|‽GoComedy
|player|p2|
|l|☆3r34t45
|player|p1|
