|j|☆aheq647
|j|☆Heliolower
|t:|1760329441
|gametype|singles
|player|p1|aheq647|hilda-wonderlauncher|1296
|player|p2|Heliolower|1|1257
|gen|9
|tier|[Gen 9] OU
|rated|
|rule|HP Percentage Mod: HP is shown in percentages
|rule|Endless Battle Clause: Forcing endless battles is banned
|rule|Species Clause: Limit one of each Pokémon
|rule|OHKO Clause: OHKO moves are banned
|rule|Evasion Items Clause: Evasion items are banned
|rule|Evasion Moves Clause: Evasion moves are banned
|rule|Evasion Abilities Clause: Evasion abilities are banned
|rule|Sleep Moves Clause: Sleep-inducing moves are banned
|clearpoke
|poke|p1|Goodra-Hisui, F|
|poke|p1|Moltres|
|poke|p1|Ogerpon-Wellspring, F|
|poke|p1|Landorus-Therian, M|
|poke|p1|Samurott-Hisui, F|
|poke|p1|Iron Treads|
|poke|p2|Clefable, F|
|poke|p2|Gliscor, M|
|poke|p2|Slowking, F|
|poke|p2|Dragapult, F|
|poke|p2|Ting-Lu|
|poke|p2|Lokix, M|
|teampreview
|inactive|Battle timer is ON: inactive players will automatically lose when time's up. (requested by aheq647)
|
|t:|1760329446
|teamsize|p1|6
|teamsize|p2|6
|start
|switch|p1a: Samurott|Samurott-Hisui, F|100/100
|switch|p2a: Gliscor|Gliscor, M|100/100
|turn|1
|
|t:|1760329451
|move|p2a: Gliscor|Protect|p2a: Gliscor
|-singleturn|p2a: Gliscor|Protect
|move|p1a: Samurott|Flip Turn|p2a: Gliscor
|-activate|p2a: Gliscor|move: Protect
|
|-status|p2a: Gliscor|tox|[from] item: Toxic Orb
|upkeep
|turn|2
|
|t:|1760329456
|move|p1a: Samurott|Flip Turn|p2a: Gliscor
|-supereffective|p2a: Gliscor
|-damage|p2a: Gliscor|52/100 tox
|
|t:|1760329462
|switch|p1a: Iron Treads|Iron Treads|100/100|[from] Flip Turn
|move|p2a: Gliscor|Spikes|p1a: Iron Treads
|-sidestart|p1: aheq647|Spikes
|
|-heal|p2a: Gliscor|65/100 tox|[from] ability: Poison Heal
|upkeep
|turn|3
|
|t:|1760329469
|move|p2a: Gliscor|Protect|p2a: Gliscor
|-singleturn|p2a: Gliscor|Protect
|move|p1a: Iron Treads|Ice Spinner|p2a: Gliscor
|-activate|p2a: Gliscor|move: Protect
|
|-heal|p2a: Gliscor|77/100 tox|[from] ability: Poison Heal
|upkeep
|turn|4
|
|t:|1760329483
|switch|p2a: Slowking|Slowking, F|100/100
|move|p1a: Iron Treads|Stealth Rock|p2a: Slowking
|-sidestart|p2: Heliolower|move: Stealth Rock
|
|upkeep
|turn|5
|
|t:|1760329489
|move|p1a: Iron Treads|Rapid Spin|p2a: Slowking
|-damage|p2a: Slowking|91/100
|-boost|p1a: Iron Treads|spe|1
|-sideend|p1: aheq647|Spikes|[from] move: Rapid Spin|[of] p1a: Iron Treads
|move|p2a: Slowking|Scald|p1a: Iron Treads
|-supereffective|p1a: Iron Treads
|-damage|p1a: Iron Treads|41/100
|
|upkeep
|turn|6
|
|t:|1760329499
|-end|p1a: Iron Treads|Quark Drive|[silent]
|switch|p1a: Ogerpon|Ogerpon-Wellspring, F|100/100
|move|p2a: Slowking|Scald|p1a: Ogerpon
|-immune|p1a: Ogerpon|[from] ability: Water Absorb
|
|upkeep
|turn|7
|
|t:|1760329509
|move|p1a: Ogerpon|Knock Off|p2a: Slowking
|-supereffective|p2a: Slowking
|-damage|p2a: Slowking|36/100
|-enditem|p2a: Slowking|Heavy-Duty Boots|[from] move: Knock Off|[of] p1a: Ogerpon
|-prepare|p2a: Slowking|Chilly Reception|[premajor]
|move|p2a: Slowking|Chilly Reception|p2a: Slowking
|-weather|Snowscape
|
|t:|1760329516
|switch|p2a: Dragapult|Dragapult, F|100/100|[from] Chilly Reception
|
|-weather|Snowscape|[upkeep]
|upkeep
|turn|8
|
|t:|1760329521
|move|p2a: Dragapult|Will-O-Wisp|p1a: Ogerpon
|-status|p1a: Ogerpon|brn
|move|p1a: Ogerpon|Knock Off|p2a: Dragapult
|-supereffective|p2a: Dragapult
|-damage|p2a: Dragapult|47/100
|-enditem|p2a: Dragapult|Heavy-Duty Boots|[from] move: Knock Off|[of] p1a: Ogerpon
|
|-weather|Snowscape|[upkeep]
|-damage|p1a: Ogerpon|95/100 brn|[from] brn
|upkeep
|turn|9
|
|t:|1760329525
|move|p2a: Dragapult|U-turn|p1a: Ogerpon
|-supereffective|p1a: Ogerpon
|-damage|p1a: Ogerpon|39/100 brn
|
|t:|1760329530
|switch|p2a: Gliscor|Gliscor, M|77/100 tox|[from] U-turn
|-damage|p2a: Gliscor|65/100 tox|[from] Stealth Rock
|move|p1a: Ogerpon|U-turn|p2a: Gliscor
|-resisted|p2a: Gliscor
|-damage|p2a: Gliscor|60/100 tox
|
|t:|1760329536
|switch|p1a: Samurott|Samurott-Hisui, F|100/100|[from] U-turn
|
|-weather|Snowscape|[upkeep]
|-heal|p2a: Gliscor|72/100 tox|[from] ability: Poison Heal
|upkeep
|turn|10
|
|t:|1760329542
|move|p2a: Gliscor|Protect|p2a: Gliscor
|-singleturn|p2a: Gliscor|Protect
|move|p1a: Samurott|Aqua Cutter|p2a: Gliscor
|-activate|p2a: Gliscor|move: Protect
|
|-weather|Snowscape|[upkeep]
|-heal|p2a: Gliscor|85/100 tox|[from] ability: Poison Heal
|upkeep
|turn|11
|
|t:|1760329547
|move|p1a: Samurott|Aqua Cutter|p2a: Gliscor
|-supereffective|p2a: Gliscor
|-damage|p2a: Gliscor|9/100 tox
|move|p2a: Gliscor|Toxic|p1a: Samurott
|-status|p1a: Samurott|tox
|
|-weather|none
|-damage|p1a: Samurott|94/100 tox|[from] psn
|-heal|p2a: Gliscor|22/100 tox|[from] ability: Poison Heal
|upkeep
|turn|12
|
|t:|1760329553
|switch|p1a: Ogerpon|Ogerpon-Wellspring, F|39/100 brn
|move|p2a: Gliscor|Protect||[still]
|-fail|p2a: Gliscor
|
|-heal|p2a: Gliscor|34/100 tox|[from] ability: Poison Heal
|-damage|p1a: Ogerpon|33/100 brn|[from] brn
|upkeep
|turn|13
|
|t:|1760329560
|switch|p2a: Clefable|Clefable, F|100/100
|move|p1a: Ogerpon|Ivy Cudgel|p2a: Clefable|[anim] Ivy Cudgel Water
|-damage|p2a: Clefable|77/100
|
|-heal|p2a: Clefable|83/100|[from] item: Leftovers
|-damage|p1a: Ogerpon|27/100 brn|[from] brn
|upkeep
|turn|14
|
|t:|1760329563
|move|p1a: Ogerpon|Knock Off|p2a: Clefable
|-resisted|p2a: Clefable
|-damage|p2a: Clefable|76/100
|-enditem|p2a: Clefable|Leftovers|[from] move: Knock Off|[of] p1a: Ogerpon
|move|p2a: Clefable|Stealth Rock|p1a: Ogerpon
|-sidestart|p1: aheq647|move: Stealth Rock
|
|-damage|p1a: Ogerpon|21/100 brn|[from] brn
|upkeep
|turn|15
|
|t:|1760329580
|move|p1a: Ogerpon|Ivy Cudgel|p2a: Clefable|[anim] Ivy Cudgel Water
|-damage|p2a: Clefable|53/100
|move|p2a: Clefable|Moonblast|p1a: Ogerpon
|-damage|p1a: Ogerpon|0 fnt
|faint|p1a: Ogerpon
|
|upkeep
|
|t:|1760329594
|switch|p1a: Goodra|Goodra-Hisui, F|100/100
|-damage|p1a: Goodra|94/100|[from] Stealth Rock
|turn|16
|
|t:|1760329606
|switch|p2a: Slowking|Slowking, F|69/100
|-damage|p2a: Slowking|57/100|[from] Stealth Rock
|move|p1a: Goodra|Heavy Slam|p2a: Slowking
|-resisted|p2a: Slowking
|-damage|p2a: Slowking|45/100
|
|upkeep
|turn|17
|
|t:|1760329610
|move|p2a: Slowking|Thunder Wave|p1a: Goodra
|-status|p1a: Goodra|par
|cant|p1a: Goodra|par
|
|upkeep
|turn|18
|
|t:|1760329614
|-prepare|p2a: Slowking|Chilly Reception|[premajor]
|move|p2a: Slowking|Chilly Reception|p2a: Slowking
|-weather|Snowscape
|
|t:|1760329619
|switch|p2a: Clefable|Clefable, F|53/100|[from] Chilly Reception
|move|p1a: Goodra|Dragon Tail|p2a: Clefable
|-immune|p2a: Clefable
|
|-weather|Snowscape|[upkeep]
|upkeep
|turn|19
|
|t:|1760329621
|move|p2a: Clefable|Moonlight|p2a: Clefable
|-heal|p2a: Clefable|78/100
|move|p1a: Goodra|Heavy Slam|p2a: Clefable
|-supereffective|p2a: Clefable
|-damage|p2a: Clefable|16/100
|
|-weather|Snowscape|[upkeep]
|upkeep
|turn|20
|
|t:|1760329632
|switch|p2a: Ting-Lu|Ting-Lu|100/100
|-damage|p2a: Ting-Lu|94/100|[from] Stealth Rock
|-ability|p2a: Ting-Lu|Vessel of Ruin
|move|p1a: Goodra|Heavy Slam|p2a: Ting-Lu
|-damage|p2a: Ting-Lu|87/100
|
|-weather|Snowscape|[upkeep]
|-heal|p2a: Ting-Lu|93/100|[from] item: Leftovers
|upkeep
|turn|21
|
|t:|1760329635
|move|p2a: Ting-Lu|Spikes|p1a: Goodra
|-sidestart|p1: aheq647|Spikes
|move|p1a: Goodra|Counter||[still]
|-fail|p1a: Goodra
|
|-weather|Snowscape|[upkeep]
|-heal|p2a: Ting-Lu|99/100|[from] item: Leftovers
|upkeep
|turn|22
|
|t:|1760329638
|move|p2a: Ting-Lu|Spikes|p1a: Goodra
|-sidestart|p1: aheq647|Spikes
|move|p1a: Goodra|Counter||[still]
|-fail|p1a: Goodra
|
|-weather|none
|-heal|p2a: Ting-Lu|100/100|[from] item: Leftovers
|upkeep
|turn|23
|
|t:|1760329641
|switch|p1a: Iron Treads|Iron Treads|41/100
|move|p2a: Ting-Lu|Spikes|p1a: Iron Treads
|-sidestart|p1: aheq647|Spikes
|
|upkeep
|turn|24
|
|t:|1760329646
|move|p1a: Iron Treads|Rapid Spin|p2a: Ting-Lu
|-damage|p2a: Ting-Lu|93/100
|-boost|p1a: Iron Treads|spe|1
|-sideend|p1: aheq647|Spikes|[from] move: Rapid Spin|[of] p1a: Iron Treads
|-sideend|p1: aheq647|Stealth Rock|[from] move: Rapid Spin|[of] p1a: Iron Treads
|move|p2a: Ting-Lu|Earthquake|p1a: Iron Treads
|-supereffective|p1a: Iron Treads
|-damage|p1a: Iron Treads|0 fnt
|faint|p1a: Iron Treads
|-end|p1a: Iron Treads|Quark Drive|[silent]
|
|-heal|p2a: Ting-Lu|99/100|[from] item: Leftovers
|upkeep
|
|t:|1760329652
|switch|p1a: Samurott|Samurott-Hisui, F|94/100 tox
|turn|25
|
|t:|1760329658
|switch|p2a: Clefable|Clefable, F|16/100
|move|p1a: Samurott|Ceaseless Edge|p2a: Clefable
|-resisted|p2a: Clefable
|-damage|p2a: Clefable|0 fnt
|-sidestart|p2: Heliolower|Spikes
|faint|p2a: Clefable
|
|-damage|p1a: Samurott|88/100 tox|[from] psn
|upkeep
|
|t:|1760329659
|switch|p2a: Lokix|Lokix, M|100/100
|turn|26
|
|t:|1760329663
|switch|p1a: Moltres|Moltres|100/100
|-terastallize|p2a: Lokix|Bug
|move|p2a: Lokix|First Impression|p1a: Moltres
|-resisted|p1a: Moltres
|-damage|p1a: Moltres|80/100
|
|upkeep
|turn|27
|
|t:|1760329671
|switch|p2a: Slowking|Slowking, F|78/100
|-damage|p2a: Slowking|65/100|[from] Stealth Rock
|-damage|p2a: Slowking|53/100|[from] Spikes
|move|p1a: Moltres|Roar|p2a: Slowking
|drag|p2a: Dragapult|Dragapult, F|47/100
|-damage|p2a: Dragapult|35/100|[from] Stealth Rock
|-damage|p2a: Dragapult|22/100|[from] Spikes
|
|upkeep
|turn|28
|
|t:|1760329683
|switch|p1a: Goodra|Goodra-Hisui, F|94/100 par
|move|p2a: Dragapult|U-turn|p1a: Goodra
|-resisted|p1a: Goodra
|-damage|p1a: Goodra|88/100 par
|
|t:|1760329687
|switch|p2a: Gliscor|Gliscor, M|34/100 tox|[from] U-turn
|-damage|p2a: Gliscor|22/100 tox|[from] Stealth Rock
|
|-heal|p2a: Gliscor|34/100 tox|[from] ability: Poison Heal
|upkeep
|turn|29
|
|t:|1760329696
|switch|p1a: Samurott|Samurott-Hisui, F|88/100 tox
|move|p2a: Gliscor|Protect||[still]
|-fail|p2a: Gliscor
|
|-damage|p1a: Samurott|82/100 tox|[from] psn
|-heal|p2a: Gliscor|47/100 tox|[from] ability: Poison Heal
|upkeep
|turn|30
|
|t:|1760329702
|switch|p2a: Dragapult|Dragapult, F|22/100
|-damage|p2a: Dragapult|10/100|[from] Stealth Rock
|-damage|p2a: Dragapult|0 fnt|[from] Spikes
|faint|p2a: Dragapult
|move|p1a: Samurott|Flip Turn|p2: Dragapult|[notarget]
|-fail|p1a: Samurott
|
|-damage|p1a: Samurott|69/100 tox|[from] psn
|upkeep
|
|t:|1760329708
|switch|p2a: Lokix|Lokix, M, tera:Bug|100/100
|turn|31
|
|t:|1760329711
|switch|p1a: Moltres|Moltres|80/100
|move|p2a: Lokix|First Impression|p1a: Moltres
|-resisted|p1a: Moltres
|-damage|p1a: Moltres|60/100
|
|upkeep
|turn|32
|
|t:|1760329717
|switch|p2a: Ting-Lu|Ting-Lu|99/100
|-damage|p2a: Ting-Lu|93/100|[from] Stealth Rock
|-damage|p2a: Ting-Lu|81/100|[from] Spikes
|-ability|p2a: Ting-Lu|Vessel of Ruin
|move|p1a: Moltres|Roost|p1a: Moltres
|-heal|p1a: Moltres|100/100
|-singleturn|p1a: Moltres|move: Roost
|
|-heal|p2a: Ting-Lu|87/100|[from] item: Leftovers
|upkeep
|turn|33
|
|t:|1760329722
|move|p2a: Ting-Lu|Spikes|p1a: Moltres
|-sidestart|p1: aheq647|Spikes
|move|p1a: Moltres|Roar|p2a: Ting-Lu
|drag|p2a: Lokix|Lokix, M, tera:Bug|100/100
|
|upkeep
|turn|34
|
|t:|1760329726
|switch|p2a: Ting-Lu|Ting-Lu|87/100
|-damage|p2a: Ting-Lu|81/100|[from] Stealth Rock
|-damage|p2a: Ting-Lu|68/100|[from] Spikes
|-ability|p2a: Ting-Lu|Vessel of Ruin
|move|p1a: Moltres|Roar|p2a: Ting-Lu
|drag|p2a: Lokix|Lokix, M, tera:Bug|100/100
|
|upkeep
|turn|35
|
|t:|1760329735
|move|p2a: Lokix|U-turn|p1a: Moltres
|-resisted|p1a: Moltres
|-damage|p1a: Moltres|84/100
|
|t:|1760329736
|switch|p2a: Ting-Lu|Ting-Lu|68/100|[from] U-turn
|-damage|p2a: Ting-Lu|62/100|[from] Stealth Rock
|-damage|p2a: Ting-Lu|50/100|[from] Spikes
|-ability|p2a: Ting-Lu|Vessel of Ruin
|move|p1a: Moltres|Roar|p2a: Ting-Lu
|drag|p2a: Slowking|Slowking, F|86/100
|-damage|p2a: Slowking|74/100|[from] Stealth Rock
|-damage|p2a: Slowking|61/100|[from] Spikes
|
|upkeep
|turn|36
|
|t:|1760329749
|move|p1a: Moltres|Hurricane|p2a: Slowking
|-damage|p2a: Slowking|25/100
|-start|p2a: Slowking|confusion
|-activate|p2a: Slowking|confusion
|move|p2a: Slowking|Scald|p1a: Moltres
|-supereffective|p1a: Moltres
|-damage|p1a: Moltres|31/100
|
|upkeep
|turn|37
|
|t:|1760329756
|move|p1a: Moltres|Roost|p1a: Moltres
|-heal|p1a: Moltres|81/100
|-singleturn|p1a: Moltres|move: Roost
|-prepare|p2a: Slowking|Chilly Reception|[premajor]
|-activate|p2a: Slowking|confusion
|move|p2a: Slowking|Chilly Reception|p2a: Slowking
|-weather|Snowscape
|
|t:|1760329760
|switch|p2a: Gliscor|Gliscor, M|47/100 tox|[from] Chilly Reception
|-damage|p2a: Gliscor|34/100 tox|[from] Stealth Rock
|
|-weather|Snowscape|[upkeep]
|-heal|p2a: Gliscor|47/100 tox|[from] ability: Poison Heal
|upkeep
|turn|38
|
|t:|1760329763
|move|p2a: Gliscor|Protect|p2a: Gliscor
|-singleturn|p2a: Gliscor|Protect
|move|p1a: Moltres|Roar|p2a: Gliscor
|drag|p2a: Lokix|Lokix, M, tera:Bug|100/100
|
|-weather|Snowscape|[upkeep]
|upkeep
|turn|39
|
|t:|1760329770
|move|p2a: Lokix|First Impression|p1a: Moltres
|-resisted|p1a: Moltres
|-damage|p1a: Moltres|60/100
|move|p1a: Moltres|Roost|p1a: Moltres
|-heal|p1a: Moltres|100/100
|-singleturn|p1a: Moltres|move: Roost
|
|-weather|Snowscape|[upkeep]
|upkeep
|turn|40
|
|t:|1760329778
|switch|p2a: Gliscor|Gliscor, M|47/100 tox
|-damage|p2a: Gliscor|34/100 tox|[from] Stealth Rock
|move|p1a: Moltres|Hurricane|p2a: Gliscor
|-damage|p2a: Gliscor|0 fnt
|faint|p2a: Gliscor
|
|-weather|Snowscape|[upkeep]
|upkeep
|
|t:|1760329782
|switch|p2a: Slowking|Slowking, F|58/100
|-damage|p2a: Slowking|46/100|[from] Stealth Rock
|-damage|p2a: Slowking|33/100|[from] Spikes
|turn|41
|
|t:|1760329789
|move|p1a: Moltres|Hurricane|p2a: Slowking|[miss]
|-miss|p1a: Moltres|p2a: Slowking
|move|p2a: Slowking|Scald|p1a: Moltres
|-supereffective|p1a: Moltres
|-damage|p1a: Moltres|42/100
|
|-weather|none
|upkeep
|turn|42
|
|t:|1760329792
|move|p1a: Moltres|Roost|p1a: Moltres
|-heal|p1a: Moltres|92/100
|-singleturn|p1a: Moltres|move: Roost
|move|p2a: Slowking|Scald|p1a: Moltres
|-supereffective|p1a: Moltres
|-damage|p1a: Moltres|40/100
|
|upkeep
|turn|43
|
|t:|1760329794
|move|p1a: Moltres|Hurricane|p2a: Slowking|[miss]
|-miss|p1a: Moltres|p2a: Slowking
|move|p2a: Slowking|Thunder Wave|p1a: Moltres
|-status|p1a: Moltres|par
|
|upkeep
|turn|44
|
|t:|1760329797
|move|p1a: Moltres|Roost|p1a: Moltres
|-heal|p1a: Moltres|90/100 par
|-singleturn|p1a: Moltres|move: Roost
|move|p2a: Slowking|Scald|p1a: Moltres
|-supereffective|p1a: Moltres
|-crit|p1a: Moltres
|-damage|p1a: Moltres|13/100 par
|
|upkeep
|turn|45
|
|t:|1760329798
|move|p1a: Moltres|Hurricane|p2a: Slowking|[miss]
|-miss|p1a: Moltres|p2a: Slowking
|move|p2a: Slowking|Scald|p1a: Moltres
|-supereffective|p1a: Moltres
|-damage|p1a: Moltres|0 fnt
|faint|p1a: Moltres
|
|upkeep
|
|t:|1760329804
|switch|p1a: Landorus|Landorus-Therian, M|100/100
|-ability|p1a: Landorus|Intimidate|boost
|-unboost|p2a: Slowking|atk|1
|turn|46
|
|t:|1760329833
|move|p1a: Landorus|Earthquake|p2a: Slowking
|-damage|p2a: Slowking|0 fnt
|faint|p2a: Slowking
|
|upkeep
|
|t:|1760329837
|switch|p2a: Lokix|Lokix, M, tera:Bug|100/100
|turn|47
|
|t:|1760329841
|switch|p1a: Samurott|Samurott-Hisui, F|69/100 tox
|-damage|p1a: Samurott|57/100 tox|[from] Spikes
|move|p2a: Lokix|First Impression|p1a: Samurott
|-supereffective|p1a: Samurott
|-damage|p1a: Samurott|0 fnt
|faint|p1a: Samurott
|
|upkeep
|
|t:|1760329850
|switch|p1a: Goodra|Goodra-Hisui, F|88/100 par
|-damage|p1a: Goodra|75/100 par|[from] Spikes
|turn|48
|
|t:|1760329868
|move|p2a: Lokix|U-turn|p1a: Goodra
|-resisted|p1a: Goodra
|-damage|p1a: Goodra|45/100 par
|
|t:|1760329869
|switch|p2a: Ting-Lu|Ting-Lu|50/100|[from] U-turn
|-damage|p2a: Ting-Lu|43/100|[from] Stealth Rock
|-damage|p2a: Ting-Lu|31/100|[from] Spikes
|-ability|p2a: Ting-Lu|Vessel of Ruin
|cant|p1a: Goodra|par
|
|-heal|p2a: Ting-Lu|37/100|[from] item: Leftovers
|upkeep
|turn|49
|
|t:|1760329877
|move|p2a: Ting-Lu|Earthquake|p1a: Goodra
|-supereffective|p1a: Goodra
|-damage|p1a: Goodra|0 fnt
|faint|p1a: Goodra
|
|-heal|p2a: Ting-Lu|43/100|[from] item: Leftovers
|upkeep
|
|t:|1760329878
|switch|p1a: Landorus|Landorus-Therian, M|100/100
|-ability|p1a: Landorus|Intimidate|boost
|-unboost|p2a: Ting-Lu|atk|1
|turn|50
|
|t:|1760329882
|-terastallize|p1a: Landorus|Ground
|move|p1a: Landorus|Earthquake|p2a: Ting-Lu
|-damage|p2a: Ting-Lu|0 fnt
|faint|p2a: Ting-Lu
|
|upkeep
|
|t:|1760329886
|switch|p2a: Lokix|Lokix, M, tera:Bug|100/100
|turn|51
|
|t:|1760329888
|move|p2a: Lokix|First Impression|p1a: Landorus
|-damage|p1a: Landorus|29/100
|move|p1a: Landorus|Earthquake|p2a: Lokix
|-resisted|p2a: Lokix
|-damage|p2a: Lokix|43/100
|
|upkeep
|turn|52
|
|t:|1760329892
|move|p2a: Lokix|Sucker Punch|p1a: Landorus
|-damage|p1a: Landorus|0 fnt
|faint|p1a: Landorus
|
|win|Heliolower
|raw|aheq647's rating: 1296 &rarr; <strong>1268</strong><br />(-28 for losing)
|raw|Heliolower's rating: 1257 &rarr; <strong>1285</strong><br />(+28 for winning)
|l|☆Heliolower
|player|p2|
|l|☆aheq647
|player|p1|
