|j|☆Cokeymaster
|j|☆TheyStoleMyLogs
|t:|1760386314
|gametype|singles
|player|p1|Cokeymaster|bellepa|1683
|player|p2|TheyStoleMyLogs|lance|1613
|gen|9
|tier|[Gen 9] OU
|rated|
|rule|HP Percentage Mod: HP is shown in percentages
|rule|Endless Battle Clause: Forcing endless battles is banned
|rule|Species Clause: Limit one of each Pokémon
|rule|OHKO Clause: OHKO moves are banned
|rule|Evasion Items Clause: Evasion items are banned
|rule|Evasion Moves Clause: Evasion moves are banned
|rule|Evasion Abilities Clause: Evasion abilities are banned
|rule|Sleep Moves Clause: Sleep-inducing moves are banned
|clearpoke
|poke|p1|Cinderace, F|
|poke|p1|Darkrai|
|poke|p1|Landorus-Therian, M|
|poke|p1|Zamazenta-*|
|poke|p1|Pecharunt|
|poke|p1|Primarina, M|
|poke|p2|Houndstone, F|
|poke|p2|Ting-Lu|
|poke|p2|Scizor, M|
|poke|p2|Arcanine-Hisui, M|
|poke|p2|Zapdos|
|poke|p2|Ogerpon-Wellspring, F|
|teampreview
|
|t:|1760386332
|teamsize|p1|6
|teamsize|p2|6
|start
|switch|p1a: Cinderace|Cinderace, F|100/100
|switch|p2a: Zapdos|Zapdos|100/100
|turn|1
|
|t:|1760386351
|move|p1a: Cinderace|Pyro Ball|p2a: Zapdos
|-damage|p2a: Zapdos|32/100
|move|p2a: Zapdos|Hurricane|p1a: Cinderace
|-damage|p1a: Cinderace|0 fnt
|faint|p1a: Cinderace
|
|upkeep
|
|t:|1760386367
|switch|p1a: Darkrai|Darkrai|100/100
|turn|2
|
|t:|1760386374
|switch|p2a: Scizor|Scizor, M|100/100
|move|p1a: Darkrai|Ice Beam|p2a: Scizor
|-resisted|p2a: Scizor
|-damage|p2a: Scizor|82/100
|
|upkeep
|turn|3
|
|t:|1760386384
|switch|p1a: Pecharunt|Pecharunt|100/100
|move|p2a: Scizor|Knock Off|p1a: Pecharunt
|-supereffective|p1a: Pecharunt
|-damage|p1a: Pecharunt|53/100
|-enditem|p1a: Pecharunt|Heavy-Duty Boots|[from] move: Knock Off|[of] p2a: Scizor
|
|upkeep
|turn|4
|
|t:|1760386391
|move|p1a: Pecharunt|Recover|p1a: Pecharunt
|-heal|p1a: Pecharunt|100/100
|move|p2a: Scizor|U-turn|p1a: Pecharunt
|-resisted|p1a: Pecharunt
|-damage|p1a: Pecharunt|94/100
|
|t:|1760386402
|switch|p2a: Zapdos|Zapdos|32/100|[from] U-turn
|
|upkeep
|turn|5
|
|t:|1760386409
|move|p2a: Zapdos|Volt Switch|p1a: Pecharunt
|-damage|p1a: Pecharunt|39/100
|
|t:|1760386417
|switch|p2a: Ting-Lu|Ting-Lu|100/100|[from] Volt Switch
|-ability|p2a: Ting-Lu|Vessel of Ruin
|move|p1a: Pecharunt|Malignant Chain|p2a: Ting-Lu
|-resisted|p2a: Ting-Lu
|-damage|p2a: Ting-Lu|94/100
|
|-heal|p2a: Ting-Lu|99/100|[from] item: Leftovers
|upkeep
|turn|6
|
|t:|1760386426
|move|p1a: Pecharunt|Recover|p1a: Pecharunt
|-heal|p1a: Pecharunt|89/100
|move|p2a: Ting-Lu|Payback|p1a: Pecharunt
|-supereffective|p1a: Pecharunt
|-damage|p1a: Pecharunt|44/100
|
|-heal|p2a: Ting-Lu|100/100|[from] item: Leftovers
|upkeep
|turn|7
|
|t:|1760386432
|move|p1a: Pecharunt|Recover|p1a: Pecharunt
|-heal|p1a: Pecharunt|94/100
|move|p2a: Ting-Lu|Payback|p1a: Pecharunt
|-supereffective|p1a: Pecharunt
|-damage|p1a: Pecharunt|46/100
|
|upkeep
|turn|8
|
|t:|1760386439
|move|p1a: Pecharunt|Parting Shot|p2a: Ting-Lu
|-unboost|p2a: Ting-Lu|atk|1
|-unboost|p2a: Ting-Lu|spa|1
|
|t:|1760386443
|switch|p1a: Primarina|Primarina, M|100/100|[from] Parting Shot
|move|p2a: Ting-Lu|Payback|p1a: Primarina
|-resisted|p1a: Primarina
|-crit|p1a: Primarina
|-damage|p1a: Primarina|82/100
|
|upkeep
|turn|9
|
|t:|1760386451
|switch|p2a: what's skill|Ogerpon-Wellspring, F|100/100
|move|p1a: Primarina|Surf|p2a: what's skill
|-immune|p2a: what's skill|[from] ability: Water Absorb
|
|upkeep
|turn|10
|
|t:|1760386461
|switch|p1a: Landorus|Landorus-Therian, M|100/100
|-ability|p1a: Landorus|Intimidate|boost
|-unboost|p2a: what's skill|atk|1
|move|p2a: what's skill|Spikes|p1a: Landorus
|-sidestart|p1: Cokeymaster|Spikes
|
|upkeep
|turn|11
|
|t:|1760386466
|move|p1a: Landorus|U-turn|p2a: what's skill
|-supereffective|p2a: what's skill
|-damage|p2a: what's skill|34/100
|
|t:|1760386474
|switch|p1a: Primarina|Primarina, M|82/100|[from] U-turn
|move|p2a: what's skill|Ivy Cudgel|p1a: Primarina|[anim] Ivy Cudgel Water
|-resisted|p1a: Primarina
|-damage|p1a: Primarina|53/100
|
|upkeep
|turn|12
|
|t:|1760386480
|move|p2a: what's skill|U-turn|p1a: Primarina
|-resisted|p1a: Primarina
|-damage|p1a: Primarina|41/100
|
|t:|1760386485
|switch|p2a: Arcanine|Arcanine-Hisui, M|100/100|[from] U-turn
|move|p1a: Primarina|Moonblast|p2a: Arcanine
|-resisted|p2a: Arcanine
|-damage|p2a: Arcanine|68/100
|
|upkeep
|turn|13
|
|t:|1760386496
|move|p2a: Arcanine|Flare Blitz|p1a: Primarina
|-resisted|p1a: Primarina
|-damage|p1a: Primarina|0 fnt
|faint|p1a: Primarina
|
|upkeep
|
|t:|1760386499
|switch|p1a: Landorus|Landorus-Therian, M|100/100
|-ability|p1a: Landorus|Intimidate|boost
|-unboost|p2a: Arcanine|atk|1
|turn|14
|
|t:|1760386504
|switch|p2a: Houndstone|Houndstone, F|100/100
|move|p1a: Landorus|Stone Edge|p2a: Houndstone
|-damage|p2a: Houndstone|73/100
|
|-heal|p2a: Houndstone|79/100|[from] item: Leftovers
|upkeep
|turn|15
|
|t:|1760386513
|switch|p1a: Darkrai|Darkrai|100/100
|move|p2a: Houndstone|Night Shade|p1a: Darkrai
|-damage|p1a: Darkrai|65/100
|
|-heal|p2a: Houndstone|86/100|[from] item: Leftovers
|upkeep
|turn|16
|
|t:|1760386520
|switch|p2a: Ting-Lu|Ting-Lu|100/100
|-ability|p2a: Ting-Lu|Vessel of Ruin
|move|p1a: Darkrai|Focus Blast|p2a: Ting-Lu
|-supereffective|p2a: Ting-Lu
|-damage|p2a: Ting-Lu|64/100
|
|-heal|p2a: Ting-Lu|71/100|[from] item: Leftovers
|upkeep
|turn|17
|
|t:|1760386535
|switch|p1a: Landorus|Landorus-Therian, M|100/100
|-ability|p1a: Landorus|Intimidate|boost
|-unboost|p2a: Ting-Lu|atk|1
|move|p2a: Ting-Lu|Earthquake|p1a: Landorus
|-immune|p1a: Landorus
|
|-heal|p2a: Ting-Lu|77/100|[from] item: Leftovers
|upkeep
|turn|18
|
|t:|1760386544
|move|p1a: Landorus|Stealth Rock|p2a: Ting-Lu
|-sidestart|p2: TheyStoleMyLogs|move: Stealth Rock
|move|p2a: Ting-Lu|Earthquake|p1a: Landorus
|-immune|p1a: Landorus
|
|-heal|p2a: Ting-Lu|83/100|[from] item: Leftovers
|upkeep
|turn|19
|
|t:|1760386549
|switch|p1a: Pecharunt|Pecharunt|46/100
|-damage|p1a: Pecharunt|34/100|[from] Spikes
|move|p2a: Ting-Lu|Earthquake|p1a: Pecharunt
|-supereffective|p1a: Pecharunt
|-damage|p1a: Pecharunt|6/100
|
|-heal|p2a: Ting-Lu|89/100|[from] item: Leftovers
|upkeep
|turn|20
|
|t:|1760386562
|switch|p2a: Scizor|Scizor, M|82/100
|-damage|p2a: Scizor|70/100|[from] Stealth Rock
|move|p1a: Pecharunt|Recover|p1a: Pecharunt
|-heal|p1a: Pecharunt|56/100
|
|upkeep
|turn|21
|
|t:|1760386565
|move|p1a: Pecharunt|Recover|p1a: Pecharunt
|-heal|p1a: Pecharunt|100/100
|move|p2a: Scizor|Defog|p1a: Pecharunt
|-unboost|p1a: Pecharunt|evasion|1
|-sideend|p1: Cokeymaster|Spikes|[from] move: Defog|[of] p2a: Scizor
|-sideend|p2: TheyStoleMyLogs|Stealth Rock|[from] move: Defog|[of] p2a: Scizor
|
|upkeep
|turn|22
|
|t:|1760386571
|switch|p2a: Ting-Lu|Ting-Lu|89/100
|-ability|p2a: Ting-Lu|Vessel of Ruin
|move|p1a: Pecharunt|Shadow Ball|p2a: Ting-Lu
|-resisted|p2a: Ting-Lu
|-damage|p2a: Ting-Lu|84/100
|
|-heal|p2a: Ting-Lu|90/100|[from] item: Leftovers
|upkeep
|turn|23
|
|t:|1760386576
|move|p1a: Pecharunt|Parting Shot|p2a: Ting-Lu
|-unboost|p2a: Ting-Lu|atk|1
|-unboost|p2a: Ting-Lu|spa|1
|
|t:|1760386578
|switch|p1a: Landorus|Landorus-Therian, M|100/100|[from] Parting Shot
|-ability|p1a: Landorus|Intimidate|boost
|-unboost|p2a: Ting-Lu|atk|1
|move|p2a: Ting-Lu|Payback|p1a: Landorus
|-damage|p1a: Landorus|89/100
|
|-heal|p2a: Ting-Lu|96/100|[from] item: Leftovers
|upkeep
|turn|24
|
|t:|1760386582
|switch|p2a: Scizor|Scizor, M|70/100
|move|p1a: Landorus|U-turn|p2a: Scizor
|-resisted|p2a: Scizor
|-damage|p2a: Scizor|57/100
|
|t:|1760386586
|switch|p1a: Pecharunt|Pecharunt|100/100|[from] U-turn
|
|upkeep
|turn|25
|
|t:|1760386594
|switch|p2a: Ting-Lu|Ting-Lu|96/100
|-ability|p2a: Ting-Lu|Vessel of Ruin
|move|p1a: Pecharunt|Parting Shot|p2a: Ting-Lu
|-unboost|p2a: Ting-Lu|atk|1
|-unboost|p2a: Ting-Lu|spa|1
|
|t:|1760386597
|switch|p1a: Landorus|Landorus-Therian, M|89/100|[from] Parting Shot
|-ability|p1a: Landorus|Intimidate|boost
|-unboost|p2a: Ting-Lu|atk|1
|
|-heal|p2a: Ting-Lu|100/100|[from] item: Leftovers
|upkeep
|turn|26
|
|t:|1760386602
|move|p1a: Landorus|Stealth Rock|p2a: Ting-Lu
|-sidestart|p2: TheyStoleMyLogs|move: Stealth Rock
|move|p2a: Ting-Lu|Payback|p1a: Landorus
|-damage|p1a: Landorus|66/100
|
|upkeep
|turn|27
|
|t:|1760386607
|switch|p1a: Pecharunt|Pecharunt|100/100
|move|p2a: Ting-Lu|Earthquake|p1a: Pecharunt
|-supereffective|p1a: Pecharunt
|-damage|p1a: Pecharunt|78/100
|
|upkeep
|turn|28
|
|t:|1760386618
|move|p1a: Pecharunt|Shadow Ball|p2a: Ting-Lu
|-resisted|p2a: Ting-Lu
|-damage|p2a: Ting-Lu|95/100
|move|p2a: Ting-Lu|Payback|p1a: Pecharunt
|-supereffective|p1a: Pecharunt
|-damage|p1a: Pecharunt|54/100
|
|-heal|p2a: Ting-Lu|100/100|[from] item: Leftovers
|upkeep
|turn|29
|l|☆Cokeymaster
|player|p1|
|j|☆Cokeymaster
|player|p1|Cokeymaster|bellepa|
|
|t:|1760386648
|switch|p2a: Scizor|Scizor, M|57/100
|-damage|p2a: Scizor|45/100|[from] Stealth Rock
|-enditem|p2a: Scizor|Sitrus Berry|[eat]
|-heal|p2a: Scizor|70/100|[from] item: Sitrus Berry
|move|p1a: Pecharunt|Recover|p1a: Pecharunt
|-heal|p1a: Pecharunt|100/100
|
|upkeep
|turn|30
|
|t:|1760386656
|move|p1a: Pecharunt|Shadow Ball|p2a: Scizor
|-damage|p2a: Scizor|41/100
|move|p2a: Scizor|Defog|p1a: Pecharunt
|-unboost|p1a: Pecharunt|evasion|1
|-sideend|p2: TheyStoleMyLogs|Stealth Rock|[from] move: Defog|[of] p2a: Scizor
|
|upkeep
|turn|31
|
|t:|1760386665
|switch|p2a: Ting-Lu|Ting-Lu|100/100
|-ability|p2a: Ting-Lu|Vessel of Ruin
|move|p1a: Pecharunt|Shadow Ball|p2a: Ting-Lu
|-resisted|p2a: Ting-Lu
|-damage|p2a: Ting-Lu|95/100
|
|-heal|p2a: Ting-Lu|100/100|[from] item: Leftovers
|upkeep
|turn|32
|
|t:|1760386672
|move|p1a: Pecharunt|Malignant Chain|p2a: Ting-Lu
|-resisted|p2a: Ting-Lu
|-damage|p2a: Ting-Lu|94/100
|-status|p2a: Ting-Lu|tox
|-start|p2a: Ting-Lu|confusion|[from] ability: Poison Puppeteer|[of] p1a: Pecharunt
|-activate|p2a: Ting-Lu|confusion
|move|p2a: Ting-Lu|Payback|p1a: Pecharunt
|-supereffective|p1a: Pecharunt
|-damage|p1a: Pecharunt|59/100
|
|-heal|p2a: Ting-Lu|99/100 tox|[from] item: Leftovers
|-damage|p2a: Ting-Lu|94/100 tox|[from] psn
|upkeep
|turn|33
|
|t:|1760386680
|switch|p2a: Scizor|Scizor, M|41/100
|move|p1a: Pecharunt|Recover|p1a: Pecharunt
|-heal|p1a: Pecharunt|100/100
|
|upkeep
|turn|34
|
|t:|1760386688
|switch|p2a: Ting-Lu|Ting-Lu|94/100 tox
|-ability|p2a: Ting-Lu|Vessel of Ruin
|move|p1a: Pecharunt|Shadow Ball|p2a: Ting-Lu
|-resisted|p2a: Ting-Lu
|-damage|p2a: Ting-Lu|89/100 tox
|-unboost|p2a: Ting-Lu|spd|1
|
|-heal|p2a: Ting-Lu|95/100 tox|[from] item: Leftovers
|-damage|p2a: Ting-Lu|89/100 tox|[from] psn
|upkeep
|turn|35
|
|t:|1760386694
|move|p1a: Pecharunt|Parting Shot|p2a: Ting-Lu
|-unboost|p2a: Ting-Lu|atk|1
|-unboost|p2a: Ting-Lu|spa|1
|
|t:|1760386697
|switch|p1a: Landorus|Landorus-Therian, M|66/100|[from] Parting Shot
|-ability|p1a: Landorus|Intimidate|boost
|-unboost|p2a: Ting-Lu|atk|1
|move|p2a: Ting-Lu|Payback|p1a: Landorus
|-damage|p1a: Landorus|55/100
|
|-heal|p2a: Ting-Lu|95/100 tox|[from] item: Leftovers
|-damage|p2a: Ting-Lu|83/100 tox|[from] psn
|upkeep
|turn|36
|
|t:|1760386703
|switch|p2a: Scizor|Scizor, M|41/100
|move|p1a: Landorus|U-turn|p2a: Scizor
|-resisted|p2a: Scizor
|-damage|p2a: Scizor|28/100
|
|t:|1760386708
|switch|p1a: Pecharunt|Pecharunt|100/100|[from] U-turn
|
|upkeep
|turn|37
|
|t:|1760386714
|switch|p2a: Ting-Lu|Ting-Lu|83/100 tox
|-ability|p2a: Ting-Lu|Vessel of Ruin
|move|p1a: Pecharunt|Parting Shot|p2a: Ting-Lu
|-unboost|p2a: Ting-Lu|atk|1
|-unboost|p2a: Ting-Lu|spa|1
|
|t:|1760386716
|switch|p1a: Landorus|Landorus-Therian, M|55/100|[from] Parting Shot
|-ability|p1a: Landorus|Intimidate|boost
|-unboost|p2a: Ting-Lu|atk|1
|
|-heal|p2a: Ting-Lu|89/100 tox|[from] item: Leftovers
|-damage|p2a: Ting-Lu|83/100 tox|[from] psn
|upkeep
|turn|38
|
|t:|1760386723
|switch|p2a: Arcanine|Arcanine-Hisui, M|68/100
|move|p1a: Landorus|U-turn|p2a: Arcanine
|-resisted|p2a: Arcanine
|-damage|p2a: Arcanine|52/100
|
|t:|1760386749
|switch|p1a: Pecharunt|Pecharunt|100/100|[from] U-turn
|
|upkeep
|turn|39
|
|t:|1760386755
|move|p2a: Arcanine|Flare Blitz|p1a: Pecharunt
|-damage|p1a: Pecharunt|49/100
|move|p1a: Pecharunt|Parting Shot|p2a: Arcanine
|-unboost|p2a: Arcanine|atk|1
|-unboost|p2a: Arcanine|spa|1
|
|t:|1760386763
|switch|p1a: Landorus|Landorus-Therian, M|55/100|[from] Parting Shot
|-ability|p1a: Landorus|Intimidate|boost
|-unboost|p2a: Arcanine|atk|1
|
|upkeep
|turn|40
|
|t:|1760386768
|switch|p2a: Scizor|Scizor, M|28/100
|move|p1a: Landorus|Stealth Rock|p2a: Scizor
|-sidestart|p2: TheyStoleMyLogs|move: Stealth Rock
|
|upkeep
|turn|41
|
|t:|1760386771
|switch|p1a: Pecharunt|Pecharunt|49/100
|move|p2a: Scizor|Defog|p1a: Pecharunt
|-unboost|p1a: Pecharunt|evasion|1
|-sideend|p2: TheyStoleMyLogs|Stealth Rock|[from] move: Defog|[of] p2a: Scizor
|
|upkeep
|turn|42
|
|t:|1760386775
|move|p1a: Pecharunt|Recover|p1a: Pecharunt
|-heal|p1a: Pecharunt|99/100
|move|p2a: Scizor|U-turn|p1a: Pecharunt
|-resisted|p1a: Pecharunt
|-damage|p1a: Pecharunt|93/100
|
|t:|1760386784
|switch|p2a: Ting-Lu|Ting-Lu|83/100 tox|[from] U-turn
|-ability|p2a: Ting-Lu|Vessel of Ruin
|
|-heal|p2a: Ting-Lu|89/100 tox|[from] item: Leftovers
|-damage|p2a: Ting-Lu|83/100 tox|[from] psn
|upkeep
|turn|43
|
|t:|1760386791
|move|p1a: Pecharunt|Parting Shot|p2a: Ting-Lu
|-unboost|p2a: Ting-Lu|atk|1
|-unboost|p2a: Ting-Lu|spa|1
|
|t:|1760386794
|switch|p1a: Zamazenta|Zamazenta|100/100|[from] Parting Shot
|-ability|p1a: Zamazenta|Dauntless Shield|boost
|-boost|p1a: Zamazenta|def|1
|move|p2a: Ting-Lu|Payback|p1a: Zamazenta
|-resisted|p1a: Zamazenta
|-damage|p1a: Zamazenta|97/100
|
|-heal|p2a: Ting-Lu|89/100 tox|[from] item: Leftovers
|-damage|p2a: Ting-Lu|77/100 tox|[from] psn
|upkeep
|turn|44
|
|t:|1760386803
|switch|p2a: Houndstone|Houndstone, F|86/100
|move|p1a: Zamazenta|Close Combat|p2a: Houndstone
|-immune|p2a: Houndstone
|
|-heal|p2a: Houndstone|92/100|[from] item: Leftovers
|upkeep
|turn|45
|
|t:|1760386811
|switch|p1a: Darkrai|Darkrai|65/100
|move|p2a: Houndstone|Night Shade|p1a: Darkrai
|-damage|p1a: Darkrai|29/100
|
|-heal|p2a: Houndstone|98/100|[from] item: Leftovers
|upkeep
|turn|46
|inactive|Battle timer is ON: inactive players will automatically lose when time's up. (requested by Cokeymaster)
|
|t:|1760386828
|switch|p2a: what's skill|Ogerpon-Wellspring, F|34/100
|move|p1a: Darkrai|Dark Pulse|p2a: what's skill
|-damage|p2a: what's skill|0 fnt
|faint|p2a: what's skill
|
|upkeep
|
|t:|1760386833
|switch|p2a: Scizor|Scizor, M|28/100
|turn|47
|
|t:|1760386841
|switch|p1a: Zamazenta|Zamazenta|97/100
|move|p2a: Scizor|Bullet Punch|p1a: Zamazenta
|-damage|p1a: Zamazenta|62/100
|
|upkeep
|turn|48
|
|t:|1760386845
|switch|p2a: Houndstone|Houndstone, F|98/100
|move|p1a: Zamazenta|Crunch|p2a: Houndstone
|-supereffective|p2a: Houndstone
|-damage|p2a: Houndstone|77/100
|
|-heal|p2a: Houndstone|83/100|[from] item: Leftovers
|upkeep
|turn|49
|
|t:|1760386850
|switch|p1a: Pecharunt|Pecharunt|93/100
|move|p2a: Houndstone|Night Shade|p1a: Pecharunt
|-damage|p1a: Pecharunt|66/100
|
|-heal|p2a: Houndstone|90/100|[from] item: Leftovers
|upkeep
|turn|50
|
|t:|1760386858
|switch|p2a: Ting-Lu|Ting-Lu|77/100 tox
|-ability|p2a: Ting-Lu|Vessel of Ruin
|move|p1a: Pecharunt|Parting Shot|p2a: Ting-Lu
|-unboost|p2a: Ting-Lu|atk|1
|-unboost|p2a: Ting-Lu|spa|1
|
|t:|1760386869
|switch|p1a: Landorus|Landorus-Therian, M|55/100|[from] Parting Shot
|-ability|p1a: Landorus|Intimidate|boost
|-unboost|p2a: Ting-Lu|atk|1
|
|-heal|p2a: Ting-Lu|83/100 tox|[from] item: Leftovers
|-damage|p2a: Ting-Lu|77/100 tox|[from] psn
|upkeep
|turn|51
|
|t:|1760386875
|move|p1a: Landorus|Earthquake|p2a: Ting-Lu
|-damage|p2a: Ting-Lu|46/100 tox
|move|p2a: Ting-Lu|Rest|p2a: Ting-Lu
|-status|p2a: Ting-Lu|slp|[from] move: Rest
|-heal|p2a: Ting-Lu|100/100 slp|[silent]
|
|upkeep
|turn|52
|
|t:|1760386884
|switch|p1a: Zamazenta|Zamazenta|62/100
|cant|p2a: Ting-Lu|slp
|move|p2a: Ting-Lu|Sleep Talk|p2a: Ting-Lu
|move|p2a: Ting-Lu|Payback|p1a: Zamazenta|[from] move: Sleep Talk
|-resisted|p1a: Zamazenta
|-damage|p1a: Zamazenta|58/100
|
|upkeep
|turn|53
|
|t:|1760386887
|switch|p2a: Houndstone|Houndstone, F|90/100
|move|p1a: Zamazenta|Close Combat|p2a: Houndstone
|-immune|p2a: Houndstone
|
|-heal|p2a: Houndstone|96/100|[from] item: Leftovers
|upkeep
|turn|54
|
|t:|1760386893
|move|p1a: Zamazenta|Crunch|p2a: Houndstone
|-supereffective|p2a: Houndstone
|-damage|p2a: Houndstone|74/100
|move|p2a: Houndstone|Night Shade|p1a: Zamazenta
|-damage|p1a: Zamazenta|27/100
|
|-heal|p2a: Houndstone|81/100|[from] item: Leftovers
|upkeep
|turn|55
|
|t:|1760386899
|switch|p1a: Pecharunt|Pecharunt|66/100
|move|p2a: Houndstone|Night Shade|p1a: Pecharunt
|-damage|p1a: Pecharunt|40/100
|
|-heal|p2a: Houndstone|87/100|[from] item: Leftovers
|upkeep
|turn|56
|
|t:|1760386904
|switch|p2a: Ting-Lu|Ting-Lu|100/100 slp
|-ability|p2a: Ting-Lu|Vessel of Ruin
|move|p1a: Pecharunt|Parting Shot|p2a: Ting-Lu
|-unboost|p2a: Ting-Lu|atk|1
|-unboost|p2a: Ting-Lu|spa|1
|
|t:|1760386906
|switch|p1a: Landorus|Landorus-Therian, M|55/100|[from] Parting Shot
|-ability|p1a: Landorus|Intimidate|boost
|-unboost|p2a: Ting-Lu|atk|1
|
|upkeep
|turn|57
|
|t:|1760386914
|move|p1a: Landorus|U-turn|p2a: Ting-Lu
|-supereffective|p2a: Ting-Lu
|-damage|p2a: Ting-Lu|72/100 slp
|
|t:|1760386916
|switch|p1a: Zamazenta|Zamazenta|27/100|[from] U-turn
|cant|p2a: Ting-Lu|slp
|move|p2a: Ting-Lu|Sleep Talk|p2a: Ting-Lu
|move|p2a: Ting-Lu|Payback|p1a: Zamazenta|[from] move: Sleep Talk
|-resisted|p1a: Zamazenta
|-damage|p1a: Zamazenta|23/100
|
|-heal|p2a: Ting-Lu|78/100 slp|[from] item: Leftovers
|upkeep
|turn|58
|
|t:|1760386920
|switch|p1a: Darkrai|Darkrai|29/100
|switch|p2a: Houndstone|Houndstone, F|87/100
|
|-heal|p2a: Houndstone|93/100|[from] item: Leftovers
|upkeep
|turn|59
|
|t:|1760386922
|switch|p2a: Ting-Lu|Ting-Lu|78/100 slp
|-ability|p2a: Ting-Lu|Vessel of Ruin
|move|p1a: Darkrai|Dark Pulse|p2a: Ting-Lu
|-resisted|p2a: Ting-Lu
|-damage|p2a: Ting-Lu|70/100 slp
|
|-heal|p2a: Ting-Lu|76/100 slp|[from] item: Leftovers
|-damage|p2a: Ting-Lu|64/100 slp|[from] ability: Bad Dreams|[of] p1a: Darkrai
|upkeep
|turn|60
|
|t:|1760386927
|move|p1a: Darkrai|Focus Blast|p2a: Ting-Lu
|-supereffective|p2a: Ting-Lu
|-damage|p2a: Ting-Lu|27/100 slp
|-curestatus|p2a: Ting-Lu|slp|[msg]
|move|p2a: Ting-Lu|Payback|p1a: Darkrai
|-resisted|p1a: Darkrai
|-damage|p1a: Darkrai|7/100
|
|-heal|p2a: Ting-Lu|34/100|[from] item: Leftovers
|upkeep
|turn|61
|
|t:|1760386944
|switch|p2a: Zapdos|Zapdos|32/100
|move|p1a: Darkrai|Dark Pulse|p2a: Zapdos
|-damage|p2a: Zapdos|0 fnt
|faint|p2a: Zapdos
|
|upkeep
|
|t:|1760386948
|switch|p2a: Scizor|Scizor, M|28/100
|turn|62
|
|t:|1760386952
|switch|p1a: Zamazenta|Zamazenta|23/100
|move|p2a: Scizor|Bullet Punch|p1a: Zamazenta
|-damage|p1a: Zamazenta|0 fnt
|faint|p1a: Zamazenta
|
|upkeep
|
|t:|1760386954
|switch|p1a: Landorus|Landorus-Therian, M|55/100
|-ability|p1a: Landorus|Intimidate|boost
|-unboost|p2a: Scizor|atk|1
|turn|63
|
|t:|1760386970
|switch|p2a: Houndstone|Houndstone, F|93/100
|move|p1a: Landorus|Earthquake|p2a: Houndstone
|-damage|p2a: Houndstone|51/100
|
|-heal|p2a: Houndstone|57/100|[from] item: Leftovers
|upkeep
|turn|64
|
|t:|1760386987
|move|p1a: Landorus|Earthquake|p2a: Houndstone
|-damage|p2a: Houndstone|11/100
|move|p2a: Houndstone|Charm|p1a: Landorus
|-unboost|p1a: Landorus|atk|2
|
|-heal|p2a: Houndstone|18/100|[from] item: Leftovers
|upkeep
|turn|65
|
|t:|1760386997
|move|p1a: Landorus|Earthquake|p2a: Houndstone
|-damage|p2a: Houndstone|0 fnt
|faint|p2a: Houndstone
|
|upkeep
|
|t:|1760387009
|switch|p2a: Ting-Lu|Ting-Lu|34/100
|-ability|p2a: Ting-Lu|Vessel of Ruin
|turn|66
|
|t:|1760387013
|move|p1a: Landorus|Earthquake|p2a: Ting-Lu
|-crit|p2a: Ting-Lu
|-damage|p2a: Ting-Lu|0 fnt
|faint|p2a: Ting-Lu
|
|upkeep
|
|t:|1760387022
|switch|p2a: Scizor|Scizor, M|28/100
|turn|67
|
|t:|1760387031
|switch|p1a: Pecharunt|Pecharunt|40/100
|-terastallize|p2a: Scizor|Steel
|move|p2a: Scizor|Bullet Punch|p1a: Pecharunt
|-damage|p1a: Pecharunt|13/100
|
|upkeep
|turn|68
|
|t:|1760387033
|move|p2a: Scizor|Bullet Punch|p1a: Pecharunt
|-damage|p1a: Pecharunt|0 fnt
|faint|p1a: Pecharunt
|
|upkeep
|
|t:|1760387035
|switch|p1a: Landorus|Landorus-Therian, M|55/100
|-ability|p1a: Landorus|Intimidate|boost
|-unboost|p2a: Scizor|atk|1
|turn|69
|
|t:|1760387039
|move|p2a: Scizor|Bullet Punch|p1a: Landorus
|-damage|p1a: Landorus|16/100
|move|p1a: Landorus|Earthquake|p2a: Scizor
|-supereffective|p2a: Scizor
|-crit|p2a: Scizor
|-damage|p2a: Scizor|0 fnt
|faint|p2a: Scizor
|
|upkeep
|
|t:|1760387041
|switch|p2a: Arcanine|Arcanine-Hisui, M|52/100
|turn|70
|
|t:|1760387044
|move|p2a: Arcanine|Extreme Speed|p1a: Landorus
|-damage|p1a: Landorus|0 fnt
|faint|p1a: Landorus
|
|upkeep
|
|t:|1760387046
|switch|p1a: Darkrai|Darkrai|7/100
|turn|71
|
|t:|1760387048
|-terastallize|p1a: Darkrai|Poison
|move|p2a: Arcanine|Extreme Speed|p1a: Darkrai
|-damage|p1a: Darkrai|0 fnt
|faint|p1a: Darkrai
|
|win|TheyStoleMyLogs
|raw|Cokeymaster's rating: 1683 &rarr; <strong>1659</strong><br />(-24 for losing)
|raw|TheyStoleMyLogs's rating: 1613 &rarr; <strong>1637</strong><br />(+24 for winning)
|c|☆TheyStoleMyLogs|gg
|c|☆Cokeymaster|Gg
|l|☆Cokeymaster
|player|p1|
|j| Nikator98
|l|☆TheyStoleMyLogs
|player|p2|
