|j|☆boldenhauer
|j|☆Swankentora
|t:|1760388158
|gametype|singles
|player|p1|boldenhauer|102|1433
|player|p2|Swankentora|n|1477
|gen|9
|tier|[Gen 9] OU
|rated|
|rule|HP Percentage Mod: HP is shown in percentages
|rule|Endless Battle Clause: Forcing endless battles is banned
|rule|Species Clause: Limit one of each Pokémon
|rule|OHKO Clause: OHKO moves are banned
|rule|Evasion Items Clause: Evasion items are banned
|rule|Evasion Moves Clause: Evasion moves are banned
|rule|Evasion Abilities Clause: Evasion abilities are banned
|rule|Sleep Moves Clause: Sleep-inducing moves are banned
|clearpoke
|poke|p1|Tinkaton, F|
|poke|p1|Zapdos-Galar|
|poke|p1|Kyurem|
|poke|p1|Ting-Lu|
|poke|p1|Gholdengo|
|poke|p1|Morpeko, M|
|poke|p2|Heatran, M|
|poke|p2|Iron Valiant|
|poke|p2|Iron Treads|
|poke|p2|Dragapult, F|
|poke|p2|Samurott-Hisui, F|
|poke|p2|Tornadus-Therian, M|
|teampreview
|
|t:|1760388173
|teamsize|p1|6
|teamsize|p2|6
|start
|switch|p1a: Morpeko|Morpeko, M|100/100
|switch|p2a: Dragapult|Dragapult, F|100/100
|turn|1
|
|t:|1760388189
|move|p2a: Dragapult|U-turn|p1a: Morpeko
|-supereffective|p1a: Morpeko
|-enditem|p1a: Morpeko|Focus Sash
|-damage|p1a: Morpeko|1/100
|
|t:|1760388192
|switch|p2a: Heatran|Heatran, M|100/100|[from] U-turn
|move|p1a: Morpeko|Knock Off|p2a: Heatran
|-damage|p2a: Heatran|75/100
|-damage|p1a: Morpeko|0 fnt|[from] item: Rocky Helmet|[of] p2a: Heatran
|faint|p1a: Morpeko
|
|upkeep
|
|t:|1760388197
|switch|p1a: Ting-Lu|Ting-Lu|100/100
|-ability|p1a: Ting-Lu|Vessel of Ruin
|turn|2
|
|t:|1760388202
|switch|p2a: Tornadus|Tornadus-Therian, M|100/100
|move|p1a: Ting-Lu|Spikes|p2a: Tornadus
|-sidestart|p2: Swankentora|Spikes
|
|upkeep
|turn|3
|
|t:|1760388205
|move|p2a: Tornadus|Knock Off|p1a: Ting-Lu
|-resisted|p1a: Ting-Lu
|-damage|p1a: Ting-Lu|97/100
|-enditem|p1a: Ting-Lu|Mental Herb|[from] move: Knock Off|[of] p2a: Tornadus
|move|p1a: Ting-Lu|Ruination|p2a: Tornadus
|-damage|p2a: Tornadus|51/100
|
|upkeep
|turn|4
|
|t:|1760388215
|move|p2a: Tornadus|Bleakwind Storm|p1a: Ting-Lu
|-damage|p1a: Ting-Lu|75/100
|move|p1a: Ting-Lu|Spikes|p2a: Tornadus
|-sidestart|p2: Swankentora|Spikes
|
|upkeep
|turn|5
|
|t:|1760388218
|move|p2a: Tornadus|U-turn|p1a: Ting-Lu
|-supereffective|p1a: Ting-Lu
|-damage|p1a: Ting-Lu|64/100
|
|t:|1760388221
|switch|p2a: Iron Treads|Iron Treads|100/100|[from] U-turn
|-damage|p2a: Iron Treads|84/100|[from] Spikes
|move|p1a: Ting-Lu|Spikes|p2a: Iron Treads
|-sidestart|p2: Swankentora|Spikes
|
|-heal|p2a: Iron Treads|90/100|[from] item: Leftovers
|upkeep
|turn|6
|
|t:|1760388225
|move|p2a: Iron Treads|Rapid Spin|p1a: Ting-Lu
|-damage|p1a: Ting-Lu|59/100
|-boost|p2a: Iron Treads|spe|1
|-sideend|p2: Swankentora|Spikes|[from] move: Rapid Spin|[of] p2a: Iron Treads
|move|p1a: Ting-Lu|Earthquake|p2a: Iron Treads
|-supereffective|p2a: Iron Treads
|-damage|p2a: Iron Treads|27/100
|
|-heal|p2a: Iron Treads|33/100|[from] item: Leftovers
|upkeep
|turn|7
|
|t:|1760388229
|move|p2a: Iron Treads|Ice Spinner|p1a: Ting-Lu
|-supereffective|p1a: Ting-Lu
|-damage|p1a: Ting-Lu|43/100
|move|p1a: Ting-Lu|Spikes|p2a: Iron Treads
|-sidestart|p2: Swankentora|Spikes
|
|-heal|p2a: Iron Treads|39/100|[from] item: Leftovers
|upkeep
|turn|8
|
|t:|1760388236
|-terastallize|p1a: Ting-Lu|Ghost
|move|p2a: Iron Treads|Rapid Spin|p1a: Ting-Lu
|-immune|p1a: Ting-Lu
|move|p1a: Ting-Lu|Earthquake|p2a: Iron Treads
|-supereffective|p2a: Iron Treads
|-damage|p2a: Iron Treads|0 fnt
|faint|p2a: Iron Treads
|-end|p2a: Iron Treads|Quark Drive|[silent]
|
|upkeep
|
|t:|1760388239
|switch|p2a: Iron Valiant|Iron Valiant|100/100
|-damage|p2a: Iron Valiant|88/100|[from] Spikes
|turn|9
|
|t:|1760388246
|move|p2a: Iron Valiant|Moonblast|p1a: Ting-Lu
|-crit|p1a: Ting-Lu
|-damage|p1a: Ting-Lu|0 fnt
|faint|p1a: Ting-Lu
|
|upkeep
|
|t:|1760388249
|switch|p1a: Tinkaton|Tinkaton, F|100/100
|-ability|p1a: Tinkaton|Mold Breaker
|-item|p1a: Tinkaton|Air Balloon
|turn|10
|
|t:|1760388253
|-end|p2a: Iron Valiant|Quark Drive|[silent]
|switch|p2a: Heatran|Heatran, M|75/100
|-damage|p2a: Heatran|62/100|[from] Spikes
|move|p1a: Tinkaton|Stealth Rock|p2a: Heatran
|-sidestart|p2: Swankentora|move: Stealth Rock
|
|upkeep
|turn|11
|
|t:|1760388261
|switch|p1a: Kyurem|Kyurem|100/100
|-ability|p1a: Kyurem|Pressure
|move|p2a: Heatran|Lava Plume|p1a: Kyurem
|-crit|p1a: Kyurem
|-damage|p1a: Kyurem|68/100
|
|-heal|p1a: Kyurem|74/100|[from] item: Leftovers
|upkeep
|turn|12
|
|t:|1760388266
|move|p1a: Kyurem|Substitute|p1a: Kyurem
|-start|p1a: Kyurem|Substitute
|-damage|p1a: Kyurem|49/100
|move|p2a: Heatran|Stealth Rock|p1a: Kyurem
|-sidestart|p1: boldenhauer|move: Stealth Rock
|
|-heal|p1a: Kyurem|56/100|[from] item: Leftovers
|upkeep
|turn|13
|
|t:|1760388270
|move|p1a: Kyurem|Dragon Dance|p1a: Kyurem
|-boost|p1a: Kyurem|atk|1
|-boost|p1a: Kyurem|spe|1
|move|p2a: Heatran|Lava Plume|p1a: Kyurem
|-end|p1a: Kyurem|Substitute
|
|-heal|p1a: Kyurem|62/100|[from] item: Leftovers
|upkeep
|turn|14
|
|t:|1760388273
|move|p1a: Kyurem|Protect|p1a: Kyurem
|-singleturn|p1a: Kyurem|Protect
|move|p2a: Heatran|Lava Plume|p1a: Kyurem
|-activate|p1a: Kyurem|move: Protect
|
|-heal|p1a: Kyurem|68/100|[from] item: Leftovers
|upkeep
|turn|15
|
|t:|1760388275
|move|p1a: Kyurem|Substitute|p1a: Kyurem
|-start|p1a: Kyurem|Substitute
|-damage|p1a: Kyurem|43/100
|move|p2a: Heatran|Lava Plume|p1a: Kyurem
|-activate|p1a: Kyurem|move: Substitute|[damage]
|
|-heal|p1a: Kyurem|49/100|[from] item: Leftovers
|upkeep
|turn|16
|
|t:|1760388278
|move|p1a: Kyurem|Protect|p1a: Kyurem
|-singleturn|p1a: Kyurem|Protect
|move|p2a: Heatran|Lava Plume|p1a: Kyurem
|-activate|p1a: Kyurem|move: Protect
|
|-heal|p1a: Kyurem|55/100|[from] item: Leftovers
|upkeep
|turn|17
|
|t:|1760388281
|move|p1a: Kyurem|Dragon Dance|p1a: Kyurem
|-boost|p1a: Kyurem|atk|1
|-boost|p1a: Kyurem|spe|1
|move|p2a: Heatran|Lava Plume|p1a: Kyurem
|-end|p1a: Kyurem|Substitute
|
|-heal|p1a: Kyurem|62/100|[from] item: Leftovers
|upkeep
|turn|18
|
|t:|1760388285
|move|p1a: Kyurem|Substitute|p1a: Kyurem
|-start|p1a: Kyurem|Substitute
|-damage|p1a: Kyurem|37/100
|move|p2a: Heatran|Lava Plume|p1a: Kyurem
|-activate|p1a: Kyurem|move: Substitute|[damage]
|
|-heal|p1a: Kyurem|43/100|[from] item: Leftovers
|upkeep
|turn|19
|
|t:|1760388292
|move|p1a: Kyurem|Protect|p1a: Kyurem
|-singleturn|p1a: Kyurem|Protect
|move|p2a: Heatran|Earth Power|p1a: Kyurem
|-activate|p1a: Kyurem|move: Protect
|
|-heal|p1a: Kyurem|49/100|[from] item: Leftovers
|upkeep
|turn|20
|
|t:|1760388309
|move|p1a: Kyurem|Dragon Dance|p1a: Kyurem
|-boost|p1a: Kyurem|atk|1
|-boost|p1a: Kyurem|spe|1
|move|p2a: Heatran|Earth Power|p1a: Kyurem
|-end|p1a: Kyurem|Substitute
|
|-heal|p1a: Kyurem|55/100|[from] item: Leftovers
|upkeep
|turn|21
|
|t:|1760388318
|move|p1a: Kyurem|Substitute|p1a: Kyurem
|-start|p1a: Kyurem|Substitute
|-damage|p1a: Kyurem|30/100
|move|p2a: Heatran|Earth Power|p1a: Kyurem
|-activate|p1a: Kyurem|move: Substitute|[damage]
|
|-heal|p1a: Kyurem|36/100|[from] item: Leftovers
|upkeep
|turn|22
|
|t:|1760388323
|move|p1a: Kyurem|Protect|p1a: Kyurem
|-singleturn|p1a: Kyurem|Protect
|move|p2a: Heatran|Will-O-Wisp|p1a: Kyurem
|-activate|p1a: Kyurem|move: Protect
|
|-heal|p1a: Kyurem|43/100|[from] item: Leftovers
|upkeep
|turn|23
|
|t:|1760388328
|move|p1a: Kyurem|Protect||[still]
|-fail|p1a: Kyurem
|move|p2a: Heatran|Earth Power|p1a: Kyurem
|-end|p1a: Kyurem|Substitute
|
|-heal|p1a: Kyurem|49/100|[from] item: Leftovers
|upkeep
|turn|24
|
|t:|1760388333
|move|p1a: Kyurem|Substitute|p1a: Kyurem
|-start|p1a: Kyurem|Substitute
|-damage|p1a: Kyurem|24/100
|move|p2a: Heatran|Earth Power|p1a: Kyurem
|-activate|p1a: Kyurem|move: Substitute|[damage]
|
|-heal|p1a: Kyurem|30/100|[from] item: Leftovers
|upkeep
|turn|25
|
|t:|1760388337
|move|p1a: Kyurem|Protect|p1a: Kyurem
|-singleturn|p1a: Kyurem|Protect
|move|p2a: Heatran|Will-O-Wisp|p1a: Kyurem
|-activate|p1a: Kyurem|move: Protect
|
|-heal|p1a: Kyurem|36/100|[from] item: Leftovers
|upkeep
|turn|26
|
|t:|1760388340
|move|p1a: Kyurem|Protect||[still]
|-fail|p1a: Kyurem
|move|p2a: Heatran|Earth Power|p1a: Kyurem
|-end|p1a: Kyurem|Substitute
|
|-heal|p1a: Kyurem|42/100|[from] item: Leftovers
|upkeep
|turn|27
|
|t:|1760388347
|move|p1a: Kyurem|Substitute|p1a: Kyurem
|-start|p1a: Kyurem|Substitute
|-damage|p1a: Kyurem|17/100
|move|p2a: Heatran|Earth Power|p1a: Kyurem
|-activate|p1a: Kyurem|move: Substitute|[damage]
|
|-heal|p1a: Kyurem|24/100|[from] item: Leftovers
|upkeep
|turn|28
|
|t:|1760388356
|move|p1a: Kyurem|Dragon Dance|p1a: Kyurem
|-boost|p1a: Kyurem|atk|1
|-boost|p1a: Kyurem|spe|1
|move|p2a: Heatran|Will-O-Wisp||[still]
|-fail|p2a: Heatran
|
|-heal|p1a: Kyurem|30/100|[from] item: Leftovers
|upkeep
|turn|29
|
|t:|1760388358
|move|p1a: Kyurem|Protect|p1a: Kyurem
|-singleturn|p1a: Kyurem|Protect
|move|p2a: Heatran|Earth Power|p1a: Kyurem
|-activate|p1a: Kyurem|move: Protect
|
|-heal|p1a: Kyurem|36/100|[from] item: Leftovers
|upkeep
|turn|30
|
|t:|1760388365
|move|p1a: Kyurem|Protect||[still]
|-fail|p1a: Kyurem
|move|p2a: Heatran|Lava Plume|p1a: Kyurem
|-end|p1a: Kyurem|Substitute
|
|-heal|p1a: Kyurem|42/100|[from] item: Leftovers
|upkeep
|turn|31
|
|t:|1760388368
|move|p1a: Kyurem|Substitute|p1a: Kyurem
|-start|p1a: Kyurem|Substitute
|-damage|p1a: Kyurem|17/100
|move|p2a: Heatran|Lava Plume|p1a: Kyurem
|-end|p1a: Kyurem|Substitute
|
|-heal|p1a: Kyurem|23/100|[from] item: Leftovers
|upkeep
|turn|32
|
|t:|1760388372
|move|p1a: Kyurem|Protect|p1a: Kyurem
|-singleturn|p1a: Kyurem|Protect
|move|p2a: Heatran|Lava Plume|p1a: Kyurem
|-activate|p1a: Kyurem|move: Protect
|
|-heal|p1a: Kyurem|30/100|[from] item: Leftovers
|upkeep
|turn|33
|
|t:|1760388375
|move|p1a: Kyurem|Substitute|p1a: Kyurem
|-start|p1a: Kyurem|Substitute
|-damage|p1a: Kyurem|5/100
|move|p2a: Heatran|Lava Plume|p1a: Kyurem
|-activate|p1a: Kyurem|move: Substitute|[damage]
|
|-heal|p1a: Kyurem|11/100|[from] item: Leftovers
|upkeep
|turn|34
|
|t:|1760388377
|move|p1a: Kyurem|Protect|p1a: Kyurem
|-singleturn|p1a: Kyurem|Protect
|move|p2a: Heatran|Lava Plume|p1a: Kyurem
|-activate|p1a: Kyurem|move: Protect
|
|-heal|p1a: Kyurem|17/100|[from] item: Leftovers
|upkeep
|turn|35
|
|t:|1760388381
|switch|p2a: Dragapult|Dragapult, F|100/100
|-damage|p2a: Dragapult|88/100|[from] Spikes
|-damage|p2a: Dragapult|76/100|[from] Stealth Rock
|move|p1a: Kyurem|Dragon Dance|p1a: Kyurem
|-boost|p1a: Kyurem|atk|1
|-boost|p1a: Kyurem|spe|1
|
|-heal|p1a: Kyurem|23/100|[from] item: Leftovers
|upkeep
|turn|36
|
|t:|1760388383
|move|p1a: Kyurem|Icicle Spear|p2a: Dragapult
|-supereffective|p2a: Dragapult
|-damage|p2a: Dragapult|0 fnt
|faint|p2a: Dragapult
|-hitcount|p2: Dragapult|1
|
|-heal|p1a: Kyurem|29/100|[from] item: Leftovers
|upkeep
|
|t:|1760388388
|switch|p2a: Iron Valiant|Iron Valiant|88/100
|-damage|p2a: Iron Valiant|76/100|[from] Spikes
|-damage|p2a: Iron Valiant|69/100|[from] Stealth Rock
|turn|37
|
|t:|1760388391
|move|p2a: Iron Valiant|Vacuum Wave|p1a: Kyurem
|-supereffective|p1a: Kyurem
|-end|p1a: Kyurem|Substitute
|move|p1a: Kyurem|Icicle Spear|p2a: Iron Valiant
|-damage|p2a: Iron Valiant|22/100
|-damage|p2a: Iron Valiant|0 fnt
|faint|p2a: Iron Valiant
|-end|p2a: Iron Valiant|Quark Drive|[silent]
|-hitcount|p2: Iron Valiant|2
|
|-heal|p1a: Kyurem|36/100|[from] item: Leftovers
|upkeep
|
|t:|1760388397
|switch|p2a: Samurott|Samurott-Hisui, F|100/100
|-damage|p2a: Samurott|88/100|[from] Spikes
|-damage|p2a: Samurott|76/100|[from] Stealth Rock
|turn|38
|
|t:|1760388404
|move|p1a: Kyurem|Protect|p1a: Kyurem
|-singleturn|p1a: Kyurem|Protect
|move|p2a: Samurott|Knock Off|p1a: Kyurem
|-activate|p1a: Kyurem|move: Protect
|
|-heal|p1a: Kyurem|42/100|[from] item: Leftovers
|upkeep
|turn|39
|
|t:|1760388407
|move|p1a: Kyurem|Icicle Spear|p2a: Samurott
|-resisted|p2a: Samurott
|-damage|p2a: Samurott|54/100
|-resisted|p2a: Samurott
|-damage|p2a: Samurott|32/100
|-resisted|p2a: Samurott
|-damage|p2a: Samurott|13/100
|-hitcount|p2a: Samurott|3
|move|p2a: Samurott|Knock Off|p1a: Kyurem
|-damage|p1a: Kyurem|10/100
|-enditem|p1a: Kyurem|Leftovers|[from] move: Knock Off|[of] p2a: Samurott
|
|upkeep
|turn|40
|
|t:|1760388416
|move|p2a: Samurott|Sucker Punch|p1a: Kyurem
|-crit|p1a: Kyurem
|-damage|p1a: Kyurem|0 fnt
|faint|p1a: Kyurem
|
|upkeep
|
|t:|1760388420
|switch|p1a: Zapdos|Zapdos-Galar|100/100
|-damage|p1a: Zapdos|88/100|[from] Stealth Rock
|turn|41
|
|t:|1760388428
|move|p1a: Zapdos|Thunderous Kick|p2a: Samurott
|-supereffective|p2a: Samurott
|-damage|p2a: Samurott|0 fnt
|faint|p2a: Samurott
|
|-heal|p1a: Zapdos|94/100|[from] item: Leftovers
|upkeep
|
|t:|1760388430
|switch|p2a: Heatran|Heatran, M|62/100
|-damage|p2a: Heatran|50/100|[from] Spikes
|-damage|p2a: Heatran|37/100|[from] Stealth Rock
|turn|42
|
|t:|1760388446
|move|p1a: Zapdos|Substitute|p1a: Zapdos
|-start|p1a: Zapdos|Substitute
|-damage|p1a: Zapdos|69/100
|move|p2a: Heatran|Will-O-Wisp||[still]
|-fail|p2a: Heatran
|
|-heal|p1a: Zapdos|75/100|[from] item: Leftovers
|upkeep
|turn|43
|-message|Swankentora forfeited.
|
|win|boldenhauer
|raw|boldenhauer's rating: 1415 &rarr; <strong>1439</strong><br />(+24 for winning)
|raw|Swankentora's rating: 1477 &rarr; <strong>1453</strong><br />(-24 for losing)
|l|☆Swankentora
|player|p2|
