|j|☆raskmus
|j|☆LaughingSRH
|t:|1760447665
|gametype|singles
|player|p1|raskmus|169|1362
|player|p2|LaughingSRH|bellelba|1345
|gen|9
|tier|[Gen 9] OU
|rated|
|rule|HP Percentage Mod: HP is shown in percentages
|rule|Endless Battle Clause: Forcing endless battles is banned
|rule|Species Clause: Limit one of each Pokémon
|rule|OHKO Clause: OHKO moves are banned
|rule|Evasion Items Clause: Evasion items are banned
|rule|Evasion Moves Clause: Evasion moves are banned
|rule|Evasion Abilities Clause: Evasion abilities are banned
|rule|Sleep Moves Clause: Sleep-inducing moves are banned
|clearpoke
|poke|p1|Zoroark-Hisui, F|
|poke|p1|Darkrai|
|poke|p1|Slowking-Galar, F|
|poke|p1|Great Tusk|
|poke|p1|Azumarill, F|
|poke|p1|Skarmory, F|
|poke|p2|Garchomp, M|
|poke|p2|Darkrai|
|poke|p2|Gholdengo|
|poke|p2|Ogerpon-Wellspring, F|
|poke|p2|Iron Valiant|
|poke|p2|Iron Treads|
|teampreview
|
|t:|1760447676
|teamsize|p1|6
|teamsize|p2|6
|start
|switch|p1a: Slowking|Slowking-Galar, F|100/100
|switch|p2a: Darkrai|Darkrai|100/100
|turn|1
|
|t:|1760447686
|switch|p1a: Skarmory|Skarmory, F|100/100
|move|p2a: Darkrai|Knock Off|p1a: Skarmory
|-damage|p1a: Skarmory|83/100
|-enditem|p1a: Skarmory|Heavy-Duty Boots|[from] move: Knock Off|[of] p2a: Darkrai
|
|upkeep
|turn|2
|
|t:|1760447695
|switch|p2a: Garchomp|Garchomp, M|100/100
|move|p1a: Skarmory|Spikes|p2a: Garchomp
|-sidestart|p2: LaughingSRH|Spikes
|
|upkeep
|turn|3
|
|t:|1760447710
|switch|p1a: Darkrai|Darkrai|100/100
|move|p2a: Garchomp|Stealth Rock|p1a: Darkrai
|-sidestart|p1: raskmus|move: Stealth Rock
|
|upkeep
|turn|4
|
|t:|1760447721
|switch|p2a: Iron Treads|Iron Treads|100/100
|-damage|p2a: Iron Treads|88/100|[from] Spikes
|move|p1a: Darkrai|Swords Dance|p1a: Darkrai
|-boost|p1a: Darkrai|atk|2
|
|-heal|p2a: Iron Treads|94/100|[from] item: Leftovers
|upkeep
|turn|5
|
|t:|1760447737
|move|p1a: Darkrai|Drain Punch|p2a: Iron Treads
|-supereffective|p2a: Iron Treads
|-damage|p2a: Iron Treads|18/100
|move|p2a: Iron Treads|Knock Off|p1a: Darkrai
|-resisted|p1a: Darkrai
|-damage|p1a: Darkrai|85/100
|-enditem|p1a: Darkrai|Black Glasses|[from] move: Knock Off|[of] p2a: Iron Treads
|
|-heal|p2a: Iron Treads|24/100|[from] item: Leftovers
|upkeep
|turn|6
|
|t:|1760447750
|-end|p2a: Iron Treads|Quark Drive|[silent]
|switch|p2a: Garchomp|Garchomp, M|100/100
|-damage|p2a: Garchomp|88/100|[from] Spikes
|move|p1a: Darkrai|Drain Punch|p2a: Garchomp
|-damage|p2a: Garchomp|60/100
|-heal|p1a: Darkrai|100/100|[from] drain|[of] p2a: Garchomp
|-damage|p1a: Darkrai|88/100|[from] ability: Rough Skin|[of] p2a: Garchomp
|-damage|p1a: Darkrai|72/100|[from] item: Rocky Helmet|[of] p2a: Garchomp
|
|upkeep
|turn|7
|
|t:|1760447757
|move|p1a: Darkrai|Knock Off|p2a: Garchomp
|-damage|p2a: Garchomp|6/100
|-damage|p1a: Darkrai|59/100|[from] ability: Rough Skin|[of] p2a: Garchomp
|-damage|p1a: Darkrai|43/100|[from] item: Rocky Helmet|[of] p2a: Garchomp
|-enditem|p2a: Garchomp|Rocky Helmet|[from] move: Knock Off|[of] p1a: Darkrai
|move|p2a: Garchomp|Spikes|p1a: Darkrai
|-sidestart|p1: raskmus|Spikes
|
|upkeep
|turn|8
|
|t:|1760447766
|move|p1a: Darkrai|Drain Punch|p2a: Garchomp
|-damage|p2a: Garchomp|0 fnt
|-heal|p1a: Darkrai|47/100|[from] drain|[of] p2a: Garchomp
|-damage|p1a: Darkrai|34/100|[from] ability: Rough Skin|[of] p2a: Garchomp
|faint|p2a: Garchomp
|
|upkeep
|
|t:|1760447773
|switch|p2a: Iron Valiant|Iron Valiant|100/100
|-damage|p2a: Iron Valiant|88/100|[from] Spikes
|-enditem|p2a: Iron Valiant|Booster Energy
|-activate|p2a: Iron Valiant|ability: Quark Drive|[fromitem]
|-start|p2a: Iron Valiant|quarkdrivespe
|turn|9
|
|t:|1760447786
|switch|p1a: Skarmory|Skarmory, F|83/100
|-damage|p1a: Skarmory|71/100|[from] Stealth Rock
|move|p2a: Iron Valiant|Calm Mind|p2a: Iron Valiant
|-boost|p2a: Iron Valiant|spa|1
|-boost|p2a: Iron Valiant|spd|1
|
|upkeep
|turn|10
|
|t:|1760447794
|move|p2a: Iron Valiant|Thunderbolt|p1a: Skarmory
|-supereffective|p1a: Skarmory
|-damage|p1a: Skarmory|0 fnt
|faint|p1a: Skarmory
|
|upkeep
|
|t:|1760447812
|switch|p1a: Slowking|Slowking-Galar, F|100/100
|-damage|p1a: Slowking|88/100|[from] Stealth Rock
|-damage|p1a: Slowking|76/100|[from] Spikes
|turn|11
|
|t:|1760447839
|-terastallize|p2a: Iron Valiant|Electric
|move|p2a: Iron Valiant|Thunderbolt|p1a: Slowking
|-damage|p1a: Slowking|36/100
|move|p1a: Slowking|Psychic Noise|p2a: Iron Valiant
|-damage|p2a: Iron Valiant|56/100
|-start|p2a: Iron Valiant|move: Heal Block
|
|-heal|p1a: Slowking|42/100|[from] item: Leftovers
|upkeep
|turn|12
|
|t:|1760447860
|move|p2a: Iron Valiant|Calm Mind|p2a: Iron Valiant
|-boost|p2a: Iron Valiant|spa|1
|-boost|p2a: Iron Valiant|spd|1
|move|p1a: Slowking|Psychic Noise|p2a: Iron Valiant
|-damage|p2a: Iron Valiant|32/100
|
|-heal|p1a: Slowking|48/100|[from] item: Leftovers
|-end|p2a: Iron Valiant|move: Heal Block
|upkeep
|turn|13
|
|t:|1760447866
|switch|p1a: Great Tusk|Great Tusk|100/100
|-damage|p1a: Great Tusk|98/100|[from] Stealth Rock
|-damage|p1a: Great Tusk|85/100|[from] Spikes
|move|p2a: Iron Valiant|Thunderbolt|p1a: Great Tusk
|-immune|p1a: Great Tusk
|
|-heal|p1a: Great Tusk|91/100|[from] item: Leftovers
|upkeep
|turn|14
|
|t:|1760447879
|-end|p1a: Great Tusk|Protosynthesis|[silent]
|switch|p1a: Azumarill|Azumarill, F|100/100
|-damage|p1a: Azumarill|88/100|[from] Stealth Rock
|-damage|p1a: Azumarill|76/100|[from] Spikes
|move|p2a: Iron Valiant|Moonblast|p1a: Azumarill
|-damage|p1a: Azumarill|0 fnt
|faint|p1a: Azumarill
|
|upkeep
|
|t:|1760447890
|switch|p1a: Slowking|Slowking-Galar, F|81/100
|-damage|p1a: Slowking|69/100|[from] Stealth Rock
|-damage|p1a: Slowking|56/100|[from] Spikes
|turn|15
|
|t:|1760447895
|move|p2a: Iron Valiant|Thunderbolt|p1a: Slowking
|-damage|p1a: Slowking|7/100
|move|p1a: Slowking|Psychic Noise|p2a: Iron Valiant
|-damage|p2a: Iron Valiant|7/100
|-start|p2a: Iron Valiant|move: Heal Block
|
|-heal|p1a: Slowking|13/100|[from] item: Leftovers
|upkeep
|turn|16
|-message|raskmus forfeited.
|
|win|LaughingSRH
|raw|raskmus's rating: 1362 &rarr; <strong>1341</strong><br />(-21 for losing)
|raw|LaughingSRH's rating: 1345 &rarr; <strong>1366</strong><br />(+21 for winning)
|l|☆raskmus
|player|p1|
|l|☆LaughingSRH
|player|p2|
