|j|☆deadpotatoes
|j|☆zy511226
|t:|1760321557
|gametype|singles
|player|p1|deadpotatoes|iris|1066
|player|p2|zy511226|cynthia|1108
|gen|9
|tier|[Gen 9] OU
|rated|
|rule|HP Percentage Mod: HP is shown in percentages
|rule|Endless Battle Clause: Forcing endless battles is banned
|rule|Species Clause: Limit one of each Pokémon
|rule|OHKO Clause: OHKO moves are banned
|rule|Evasion Items Clause: Evasion items are banned
|rule|Evasion Moves Clause: Evasion moves are banned
|rule|Evasion Abilities Clause: Evasion abilities are banned
|rule|Sleep Moves Clause: Sleep-inducing moves are banned
|clearpoke
|poke|p1|Dragapult, F|
|poke|p1|Moltres|
|poke|p1|Kingambit, F|
|poke|p1|Hydrapple, F|
|poke|p1|Iron Treads|
|poke|p1|Alomomola, F|
|poke|p2|Tyranitar, F|
|poke|p2|Excadrill, M|
|poke|p2|Gliscor, F|
|poke|p2|Arcanine-Hisui, F|
|poke|p2|Hippowdon, M|
|poke|p2|Metagross|
|teampreview
|inactive|Battle timer is ON: inactive players will automatically lose when time's up. (requested by deadpotatoes)
|inactive|zy511226 has 120 seconds left.
|
|t:|1760321596
|teamsize|p1|6
|teamsize|p2|6
|start
|switch|p1a: Alomomola|Alomomola, F|100/100
|switch|p2a: Tyranitar|Tyranitar, F, shiny|100/100
|-weather|Sandstorm|[from] ability: Sand Stream|[of] p2a: Tyranitar
|turn|1
|
|t:|1760321611
|switch|p2a: Metagross|Metagross|100/100
|move|p1a: Alomomola|Chilling Water|p2a: Metagross
|-crit|p2a: Metagross
|-damage|p2a: Metagross|88/100
|
|-weather|Sandstorm|[upkeep]
|-damage|p1a: Alomomola|94/100|[from] Sandstorm
|-heal|p2a: Metagross|94/100|[from] item: Leftovers
|upkeep
|turn|2
|
|t:|1760321623
|move|p2a: Metagross|Thunder Punch|p1a: Alomomola
|-supereffective|p1a: Alomomola
|-damage|p1a: Alomomola|63/100
|-damage|p2a: Metagross|77/100|[from] item: Rocky Helmet|[of] p1a: Alomomola
|move|p1a: Alomomola|Scald|p2a: Metagross
|-damage|p2a: Metagross|63/100
|-status|p2a: Metagross|brn
|
|-weather|Sandstorm|[upkeep]
|-damage|p1a: Alomomola|57/100|[from] Sandstorm
|-heal|p2a: Metagross|69/100 brn|[from] item: Leftovers
|-damage|p2a: Metagross|63/100 brn|[from] brn
|upkeep
|turn|3
|
|t:|1760321636
|switch|p1a: Iron Treads|Iron Treads|100/100
|move|p2a: Metagross|Thunder Punch|p1a: Iron Treads
|-immune|p1a: Iron Treads
|
|-weather|Sandstorm|[upkeep]
|-heal|p2a: Metagross|69/100 brn|[from] item: Leftovers
|-damage|p2a: Metagross|63/100 brn|[from] brn
|upkeep
|turn|4
|
|t:|1760321653
|move|p1a: Iron Treads|Rock Slide|p2a: Metagross
|-resisted|p2a: Metagross
|-damage|p2a: Metagross|55/100 brn
|move|p2a: Metagross|Explosion|p1a: Iron Treads
|-resisted|p1a: Iron Treads
|-damage|p1a: Iron Treads|78/100
|faint|p2a: Metagross
|
|-weather|Sandstorm|[upkeep]
|upkeep
|
|t:|1760321663
|switch|p2a: Excadrill|Excadrill, M|100/100
|turn|5
|
|t:|1760321678
|-end|p1a: Iron Treads|Quark Drive|[silent]
|switch|p1a: Moltres|Moltres|100/100
|move|p2a: Excadrill|Earthquake|p1a: Moltres
|-immune|p1a: Moltres
|
|-weather|none
|upkeep
|turn|6
|
|t:|1760321689
|switch|p2a: Hippowdon|Hippowdon, M|100/100
|-weather|Sandstorm|[from] ability: Sand Stream|[of] p2a: Hippowdon
|move|p1a: Moltres|Will-O-Wisp|p2a: Hippowdon|[miss]
|-miss|p1a: Moltres|p2a: Hippowdon
|
|-weather|Sandstorm|[upkeep]
|-damage|p1a: Moltres|94/100|[from] Sandstorm
|upkeep
|turn|7
|
|t:|1760321697
|move|p1a: Moltres|Will-O-Wisp|p2a: Hippowdon
|-status|p2a: Hippowdon|brn
|move|p2a: Hippowdon|Stealth Rock|p1a: Moltres
|-sidestart|p1: deadpotatoes|move: Stealth Rock
|
|-weather|Sandstorm|[upkeep]
|-damage|p1a: Moltres|88/100|[from] Sandstorm
|-damage|p2a: Hippowdon|94/100 brn|[from] brn
|upkeep
|turn|8
|
|t:|1760321705
|switch|p1a: Iron Treads|Iron Treads|78/100
|-damage|p1a: Iron Treads|75/100|[from] Stealth Rock
|move|p2a: Hippowdon|Protect||[still]
|-fail|p2a: Hippowdon
|
|-weather|Sandstorm|[upkeep]
|-damage|p2a: Hippowdon|88/100 brn|[from] brn
|upkeep
|turn|9
|
|t:|1760321708
|move|p1a: Iron Treads|Rapid Spin|p2a: Hippowdon
|-damage|p2a: Hippowdon|80/100 brn
|-boost|p1a: Iron Treads|spe|1
|-sideend|p1: deadpotatoes|Stealth Rock|[from] move: Rapid Spin|[of] p1a: Iron Treads
|move|p2a: Hippowdon|Whirlwind|p1a: Iron Treads
|-end|p1a: Iron Treads|Quark Drive|[silent]
|drag|p1a: Alomomola|Alomomola, F|90/100
|
|-weather|Sandstorm|[upkeep]
|-damage|p1a: Alomomola|84/100|[from] Sandstorm
|-damage|p2a: Hippowdon|74/100 brn|[from] brn
|upkeep
|turn|10
|
|t:|1760321720
|move|p1a: Alomomola|Chilling Water|p2a: Hippowdon
|-supereffective|p2a: Hippowdon
|-damage|p2a: Hippowdon|55/100 brn
|-unboost|p2a: Hippowdon|atk|1
|move|p2a: Hippowdon|Stealth Rock|p1a: Alomomola
|-sidestart|p1: deadpotatoes|move: Stealth Rock
|
|-weather|Sandstorm|[upkeep]
|-damage|p1a: Alomomola|78/100|[from] Sandstorm
|-damage|p2a: Hippowdon|49/100 brn|[from] brn
|upkeep
|turn|11
|
|t:|1760321730
|move|p1a: Alomomola|Wish|p1a: Alomomola
|move|p2a: Hippowdon|Slack Off|p2a: Hippowdon
|-heal|p2a: Hippowdon|99/100 brn
|
|-weather|Sandstorm|[upkeep]
|-damage|p1a: Alomomola|71/100|[from] Sandstorm
|-damage|p2a: Hippowdon|93/100 brn|[from] brn
|upkeep
|turn|12
|
|t:|1760321738
|move|p1a: Alomomola|Flip Turn|p2a: Hippowdon
|-supereffective|p2a: Hippowdon
|-damage|p2a: Hippowdon|74/100 brn
|
|t:|1760321742
|switch|p1a: Iron Treads|Iron Treads|75/100|[from] Flip Turn
|-damage|p1a: Iron Treads|72/100|[from] Stealth Rock
|move|p2a: Hippowdon|Whirlwind|p1a: Iron Treads
|-end|p1a: Iron Treads|Quark Drive|[silent]
|drag|p1a: Hydrapple|Hydrapple, F|100/100
|-damage|p1a: Hydrapple|88/100|[from] Stealth Rock
|
|-weather|Sandstorm|[upkeep]
|-damage|p1a: Hydrapple|82/100|[from] Sandstorm
|-heal|p1a: Hydrapple|100/100|[from] move: Wish|[wisher] Alomomola
|-damage|p2a: Hippowdon|68/100 brn|[from] brn
|upkeep
|turn|13
|
|t:|1760321758
|move|p1a: Hydrapple|Hydro Pump|p2a: Hippowdon
|-supereffective|p2a: Hippowdon
|-damage|p2a: Hippowdon|0 fnt
|faint|p2a: Hippowdon
|
|-weather|none
|upkeep
|
|t:|1760321763
|switch|p2a: Tyranitar|Tyranitar, F, shiny|100/100
|-weather|Sandstorm|[from] ability: Sand Stream|[of] p2a: Tyranitar
|turn|14
|
|t:|1760321772
|-terastallize|p2a: Tyranitar|Flying
|move|p2a: Tyranitar|Blizzard|p1a: Hydrapple
|-supereffective|p1a: Hydrapple
|-damage|p1a: Hydrapple|0 fnt
|faint|p1a: Hydrapple
|
|-weather|Sandstorm|[upkeep]
|-damage|p2a: Tyranitar|94/100|[from] Sandstorm
|upkeep
|
|t:|1760321780
|switch|p1a: Moltres|Moltres|88/100
|turn|15
|
|t:|1760321784
|switch|p2a: Excadrill|Excadrill, M|100/100
|move|p1a: Moltres|Will-O-Wisp|p2a: Excadrill
|-status|p2a: Excadrill|brn
|
|-weather|Sandstorm|[upkeep]
|-damage|p1a: Moltres|82/100|[from] Sandstorm
|-damage|p2a: Excadrill|94/100 brn|[from] brn
|upkeep
|turn|16
|
|t:|1760321793
|move|p2a: Excadrill|Rock Slide|p1a: Moltres
|-supereffective|p1a: Moltres
|-damage|p1a: Moltres|0 fnt
|faint|p1a: Moltres
|
|-weather|Sandstorm|[upkeep]
|-damage|p2a: Excadrill|88/100 brn|[from] brn
|upkeep
|
|t:|1760321799
|switch|p1a: Alomomola|Alomomola, F|100/100
|-damage|p1a: Alomomola|88/100|[from] Stealth Rock
|turn|17
|
|t:|1760321804
|switch|p2a: Gliscor|Gliscor, F|100/100
|move|p1a: Alomomola|Chilling Water|p2a: Gliscor
|-supereffective|p2a: Gliscor
|-damage|p2a: Gliscor|82/100
|-unboost|p2a: Gliscor|atk|1
|
|-weather|Sandstorm|[upkeep]
|-damage|p1a: Alomomola|82/100|[from] Sandstorm
|-status|p2a: Gliscor|tox|[from] item: Toxic Orb
|upkeep
|turn|18
|
|t:|1760321815
|move|p2a: Gliscor|Toxic|p1a: Alomomola
|-status|p1a: Alomomola|tox
|move|p1a: Alomomola|Wish|p1a: Alomomola
|
|-weather|none
|-heal|p2a: Gliscor|94/100 tox|[from] ability: Poison Heal
|-damage|p1a: Alomomola|76/100 tox|[from] psn
|upkeep
|turn|19
|
|t:|1760321824
|move|p2a: Gliscor|Protect|p2a: Gliscor
|-singleturn|p2a: Gliscor|Protect
|move|p1a: Alomomola|Chilling Water|p2a: Gliscor
|-activate|p2a: Gliscor|move: Protect
|
|-heal|p1a: Alomomola|100/100 tox|[from] move: Wish|[wisher] Alomomola
|-heal|p2a: Gliscor|100/100 tox|[from] ability: Poison Heal
|-damage|p1a: Alomomola|88/100 tox|[from] psn
|upkeep
|turn|20
|
|t:|1760321840
|move|p2a: Gliscor|Brick Break|p1a: Alomomola
|-damage|p1a: Alomomola|82/100 tox
|-damage|p2a: Gliscor|84/100 tox|[from] item: Rocky Helmet|[of] p1a: Alomomola
|move|p1a: Alomomola|Flip Turn|p2a: Gliscor
|-supereffective|p2a: Gliscor
|-damage|p2a: Gliscor|63/100 tox
|
|t:|1760321849
|switch|p1a: Dragapult|Dragapult, F|100/100|[from] Flip Turn
|-damage|p1a: Dragapult|88/100|[from] Stealth Rock
|
|-heal|p2a: Gliscor|75/100 tox|[from] ability: Poison Heal
|upkeep
|turn|21
|
|t:|1760321857
|move|p1a: Dragapult|Phantom Force||[still]
|-prepare|p1a: Dragapult|Phantom Force
|move|p2a: Gliscor|Toxic|p1a: Dragapult|[miss]
|-miss|p2a: Gliscor|p1a: Dragapult
|
|-heal|p2a: Gliscor|88/100 tox|[from] ability: Poison Heal
|upkeep
|turn|22
|
|t:|1760321863
|move|p1a: Dragapult|Phantom Force|p2a: Gliscor|[from] lockedmove
|-damage|p2a: Gliscor|36/100 tox
|move|p2a: Gliscor|Toxic|p1a: Dragapult
|-status|p1a: Dragapult|tox
|
|-damage|p1a: Dragapult|82/100 tox|[from] psn
|-heal|p2a: Gliscor|49/100 tox|[from] ability: Poison Heal
|upkeep
|turn|23
|
|t:|1760321871
|switch|p1a: Alomomola|Alomomola, F|100/100 tox
|-damage|p1a: Alomomola|88/100 tox|[from] Stealth Rock
|move|p2a: Gliscor|Brick Break|p1a: Alomomola
|-damage|p1a: Alomomola|82/100 tox
|-damage|p2a: Gliscor|32/100 tox|[from] item: Rocky Helmet|[of] p1a: Alomomola
|
|-heal|p2a: Gliscor|44/100 tox|[from] ability: Poison Heal
|-damage|p1a: Alomomola|76/100 tox|[from] psn
|upkeep
|turn|24
|
|t:|1760321881
|move|p2a: Gliscor|Protect|p2a: Gliscor
|-singleturn|p2a: Gliscor|Protect
|move|p1a: Alomomola|Scald|p2a: Gliscor
|-activate|p2a: Gliscor|move: Protect
|
|-heal|p2a: Gliscor|57/100 tox|[from] ability: Poison Heal
|-damage|p1a: Alomomola|64/100 tox|[from] psn
|upkeep
|turn|25
|
|t:|1760321890
|move|p2a: Gliscor|Protect||[still]
|-fail|p2a: Gliscor
|move|p1a: Alomomola|Scald|p2a: Gliscor
|-supereffective|p2a: Gliscor
|-damage|p2a: Gliscor|23/100 tox
|
|-heal|p2a: Gliscor|35/100 tox|[from] ability: Poison Heal
|-damage|p1a: Alomomola|45/100 tox|[from] psn
|upkeep
|turn|26
|
|t:|1760321903
|switch|p1a: Dragapult|Dragapult, F|82/100 tox
|-damage|p1a: Dragapult|70/100 tox|[from] Stealth Rock
|move|p2a: Gliscor|Protect||[still]
|-fail|p2a: Gliscor
|
|-damage|p1a: Dragapult|64/100 tox|[from] psn
|-heal|p2a: Gliscor|47/100 tox|[from] ability: Poison Heal
|upkeep
|turn|27
|
|t:|1760321912
|move|p2a: Gliscor|Protect|p2a: Gliscor
|-singleturn|p2a: Gliscor|Protect
|move|p1a: Dragapult|Phantom Force||[still]
|-prepare|p1a: Dragapult|Phantom Force
|
|-damage|p1a: Dragapult|52/100 tox|[from] psn
|-heal|p2a: Gliscor|60/100 tox|[from] ability: Poison Heal
|upkeep
|turn|28
|
|t:|1760321920
|switch|p2a: Tyranitar|Tyranitar, F, shiny, tera:Flying|94/100
|-weather|Sandstorm|[from] ability: Sand Stream|[of] p2a: Tyranitar
|move|p1a: Dragapult|Phantom Force|p2a: Tyranitar|[from] lockedmove
|-damage|p2a: Tyranitar|33/100
|
|-weather|Sandstorm|[upkeep]
|-damage|p1a: Dragapult|46/100 tox|[from] Sandstorm
|-damage|p2a: Tyranitar|27/100|[from] Sandstorm
|-damage|p1a: Dragapult|28/100 tox|[from] psn
|upkeep
|turn|29
|
|t:|1760321932
|move|p1a: Dragapult|Phantom Force||[still]
|-prepare|p1a: Dragapult|Phantom Force
|move|p2a: Tyranitar|Dark Pulse|p1a: Dragapult|[miss]
|-miss|p2a: Tyranitar|p1a: Dragapult
|
|-weather|Sandstorm|[upkeep]
|-damage|p1a: Dragapult|22/100 tox|[from] Sandstorm
|-damage|p2a: Tyranitar|21/100|[from] Sandstorm
|-damage|p1a: Dragapult|0 fnt|[from] psn
|faint|p1a: Dragapult
|upkeep
|
|t:|1760321949
|switch|p1a: Iron Treads|Iron Treads|72/100
|-damage|p1a: Iron Treads|69/100|[from] Stealth Rock
|turn|30
|
|t:|1760321957
|switch|p2a: Gliscor|Gliscor, F|60/100 tox
|move|p1a: Iron Treads|Rapid Spin|p2a: Gliscor
|-damage|p2a: Gliscor|50/100 tox
|-boost|p1a: Iron Treads|spe|1
|-sideend|p1: deadpotatoes|Stealth Rock|[from] move: Rapid Spin|[of] p1a: Iron Treads
|
|-weather|Sandstorm|[upkeep]
|-heal|p2a: Gliscor|62/100 tox|[from] ability: Poison Heal
|upkeep
|turn|31
|
|t:|1760321972
|move|p2a: Gliscor|Protect|p2a: Gliscor
|-singleturn|p2a: Gliscor|Protect
|move|p1a: Iron Treads|Rock Slide|p2a: Gliscor
|-activate|p2a: Gliscor|move: Protect
|
|-weather|Sandstorm|[upkeep]
|-heal|p2a: Gliscor|75/100 tox|[from] ability: Poison Heal
|upkeep
|turn|32
|
|t:|1760321979
|move|p1a: Iron Treads|Rock Slide|p2a: Gliscor
|-damage|p2a: Gliscor|59/100 tox
|move|p2a: Gliscor|Counter|p1a: Iron Treads
|-damage|p1a: Iron Treads|38/100
|-damage|p2a: Gliscor|43/100 tox|[from] item: Rocky Helmet|[of] p1a: Iron Treads
|
|-weather|none
|-heal|p2a: Gliscor|55/100 tox|[from] ability: Poison Heal
|upkeep
|turn|33
|
|t:|1760321990
|move|p2a: Gliscor|Protect|p2a: Gliscor
|-singleturn|p2a: Gliscor|Protect
|move|p1a: Iron Treads|Rock Slide|p2a: Gliscor
|-activate|p2a: Gliscor|move: Protect
|
|-heal|p2a: Gliscor|67/100 tox|[from] ability: Poison Heal
|upkeep
|turn|34
|
|t:|1760321998
|move|p1a: Iron Treads|Rock Slide|p2a: Gliscor
|-damage|p2a: Gliscor|51/100 tox
|cant|p2a: Gliscor|flinch
|
|-heal|p2a: Gliscor|63/100 tox|[from] ability: Poison Heal
|upkeep
|turn|35
|
|t:|1760322009
|-end|p1a: Iron Treads|Quark Drive|[silent]
|switch|p1a: Alomomola|Alomomola, F|78/100 tox
|move|p2a: Gliscor|Counter||[still]
|-fail|p2a: Gliscor
|
|-heal|p2a: Gliscor|75/100 tox|[from] ability: Poison Heal
|-damage|p1a: Alomomola|72/100 tox|[from] psn
|upkeep
|turn|36
|
|t:|1760322024
|switch|p2a: Tyranitar|Tyranitar, F, shiny, tera:Flying|21/100
|-weather|Sandstorm|[from] ability: Sand Stream|[of] p2a: Tyranitar
|move|p1a: Alomomola|Wish|p1a: Alomomola
|
|-weather|Sandstorm|[upkeep]
|-damage|p2a: Tyranitar|15/100|[from] Sandstorm
|-damage|p1a: Alomomola|66/100 tox|[from] Sandstorm
|-damage|p1a: Alomomola|54/100 tox|[from] psn
|upkeep
|turn|37
|
|t:|1760322048
|switch|p2a: Arcanine|Arcanine-Hisui, F|100/100
|move|p1a: Alomomola|Flip Turn|p2a: Arcanine
|-supereffective|p2a: Arcanine
|-crit|p2a: Arcanine
|-damage|p2a: Arcanine|0 fnt
|faint|p2a: Arcanine
|
|t:|1760322055
|switch|p1a: Iron Treads|Iron Treads|38/100|[from] Flip Turn
|
|-weather|Sandstorm|[upkeep]
|-heal|p1a: Iron Treads|100/100|[from] move: Wish|[wisher] Alomomola
|upkeep
|
|t:|1760322060
|switch|p2a: Excadrill|Excadrill, M|88/100 brn
|turn|38
|
|t:|1760322068
|move|p2a: Excadrill|Earthquake|p1a: Iron Treads
|-supereffective|p1a: Iron Treads
|-damage|p1a: Iron Treads|18/100
|move|p1a: Iron Treads|Earthquake|p2a: Excadrill
|-supereffective|p2a: Excadrill
|-damage|p2a: Excadrill|0 fnt
|faint|p2a: Excadrill
|
|-weather|Sandstorm|[upkeep]
|upkeep
|
|t:|1760322074
|switch|p2a: Gliscor|Gliscor, F|75/100 tox
|turn|39
|
|t:|1760322082
|-end|p1a: Iron Treads|Quark Drive|[silent]
|switch|p1a: Kingambit|Kingambit, F|100/100
|-activate|p1a: Kingambit|ability: Supreme Overlord
|-start|p1a: Kingambit|fallen3|[silent]
|move|p2a: Gliscor|Brick Break|p1a: Kingambit
|-supereffective|p1a: Kingambit
|-damage|p1a: Kingambit|54/100
|
|-weather|Sandstorm|[upkeep]
|-heal|p2a: Gliscor|88/100 tox|[from] ability: Poison Heal
|upkeep
|turn|40
|
|t:|1760322090
|move|p2a: Gliscor|Brick Break|p1a: Kingambit
|-supereffective|p1a: Kingambit
|-damage|p1a: Kingambit|8/100
|move|p1a: Kingambit|Swords Dance|p1a: Kingambit
|-boost|p1a: Kingambit|atk|2
|
|-weather|none
|-heal|p2a: Gliscor|99/100 tox|[from] ability: Poison Heal
|upkeep
|turn|41
|
|t:|1760322098
|move|p2a: Gliscor|Brick Break|p1a: Kingambit
|-supereffective|p1a: Kingambit
|-damage|p1a: Kingambit|0 fnt
|faint|p1a: Kingambit
|-end|p1a: Kingambit|fallen3|[silent]
|
|-heal|p2a: Gliscor|100/100 tox|[from] ability: Poison Heal
|upkeep
|
|t:|1760322103
|switch|p1a: Alomomola|Alomomola, F|87/100 tox
|turn|42
|
|t:|1760322108
|move|p2a: Gliscor|Protect|p2a: Gliscor
|-singleturn|p2a: Gliscor|Protect
|move|p1a: Alomomola|Wish|p1a: Alomomola
|
|-damage|p1a: Alomomola|81/100 tox|[from] psn
|upkeep
|turn|43
|
|t:|1760322118
|move|p2a: Gliscor|Toxic|p1a: Alomomola
|-fail|p1a: Alomomola|tox
|move|p1a: Alomomola|Flip Turn|p2a: Gliscor
|-supereffective|p2a: Gliscor
|-damage|p2a: Gliscor|79/100 tox
|
|t:|1760322123
|switch|p1a: Iron Treads|Iron Treads|18/100|[from] Flip Turn
|
|-heal|p1a: Iron Treads|100/100|[from] move: Wish|[wisher] Alomomola
|-heal|p2a: Gliscor|91/100 tox|[from] ability: Poison Heal
|upkeep
|turn|44
|
|t:|1760322134
|move|p1a: Iron Treads|Iron Head|p2a: Gliscor
|-damage|p2a: Gliscor|67/100 tox
|move|p2a: Gliscor|Counter|p1a: Iron Treads
|-damage|p1a: Iron Treads|52/100
|-damage|p2a: Gliscor|50/100 tox|[from] item: Rocky Helmet|[of] p1a: Iron Treads
|
|-heal|p2a: Gliscor|63/100 tox|[from] ability: Poison Heal
|upkeep
|turn|45
|
|t:|1760322143
|-end|p1a: Iron Treads|Quark Drive|[silent]
|switch|p1a: Alomomola|Alomomola, F|100/100 tox
|move|p2a: Gliscor|Counter||[still]
|-fail|p2a: Gliscor
|
|-heal|p2a: Gliscor|75/100 tox|[from] ability: Poison Heal
|-damage|p1a: Alomomola|94/100 tox|[from] psn
|upkeep
|turn|46
|
|t:|1760322148
|move|p2a: Gliscor|Brick Break|p1a: Alomomola
|-damage|p1a: Alomomola|85/100 tox
|-damage|p2a: Gliscor|58/100 tox|[from] item: Rocky Helmet|[of] p1a: Alomomola
|move|p1a: Alomomola|Wish|p1a: Alomomola
|
|-heal|p2a: Gliscor|71/100 tox|[from] ability: Poison Heal
|-damage|p1a: Alomomola|73/100 tox|[from] psn
|upkeep
|turn|47
|
|t:|1760322159
|move|p2a: Gliscor|Brick Break|p1a: Alomomola
|-damage|p1a: Alomomola|64/100 tox
|-damage|p2a: Gliscor|54/100 tox|[from] item: Rocky Helmet|[of] p1a: Alomomola
|move|p1a: Alomomola|Scald|p2a: Gliscor
|-supereffective|p2a: Gliscor
|-damage|p2a: Gliscor|25/100 tox
|
|-heal|p1a: Alomomola|100/100 tox|[from] move: Wish|[wisher] Alomomola
|-heal|p2a: Gliscor|38/100 tox|[from] ability: Poison Heal
|-damage|p1a: Alomomola|82/100 tox|[from] psn
|upkeep
|turn|48
|
|t:|1760322172
|move|p2a: Gliscor|Protect|p2a: Gliscor
|-singleturn|p2a: Gliscor|Protect
|move|p1a: Alomomola|Wish|p1a: Alomomola
|
|-heal|p2a: Gliscor|50/100 tox|[from] ability: Poison Heal
|-damage|p1a: Alomomola|57/100 tox|[from] psn
|upkeep
|turn|49
|
|t:|1760322181
|switch|p1a: Iron Treads|Iron Treads|52/100
|move|p2a: Gliscor|Brick Break|p1a: Iron Treads
|-supereffective|p1a: Iron Treads
|-damage|p1a: Iron Treads|20/100
|-damage|p2a: Gliscor|33/100 tox|[from] item: Rocky Helmet|[of] p1a: Iron Treads
|
|-heal|p1a: Iron Treads|100/100|[from] move: Wish|[wisher] Alomomola
|-heal|p2a: Gliscor|46/100 tox|[from] ability: Poison Heal
|upkeep
|turn|50
|
|t:|1760322194
|-end|p1a: Iron Treads|Quark Drive|[silent]
|switch|p1a: Alomomola|Alomomola, F|91/100 tox
|move|p2a: Gliscor|Counter||[still]
|-fail|p2a: Gliscor
|
|-heal|p2a: Gliscor|58/100 tox|[from] ability: Poison Heal
|-damage|p1a: Alomomola|84/100 tox|[from] psn
|upkeep
|turn|51
|
|t:|1760322201
|move|p1a: Alomomola|Wish|p1a: Alomomola
|move|p2a: Gliscor|Counter||[still]
|-fail|p2a: Gliscor
|
|-heal|p2a: Gliscor|70/100 tox|[from] ability: Poison Heal
|-damage|p1a: Alomomola|72/100 tox|[from] psn
|upkeep
|turn|52
|
|t:|1760322210
|move|p1a: Alomomola|Scald|p2a: Gliscor
|-supereffective|p2a: Gliscor
|-damage|p2a: Gliscor|40/100 tox
|move|p2a: Gliscor|Counter||[still]
|-fail|p2a: Gliscor
|
|-heal|p1a: Alomomola|100/100 tox|[from] move: Wish|[wisher] Alomomola
|-heal|p2a: Gliscor|52/100 tox|[from] ability: Poison Heal
|-damage|p1a: Alomomola|82/100 tox|[from] psn
|upkeep
|turn|53
|
|t:|1760322221
|move|p2a: Gliscor|Brick Break|p1a: Alomomola
|-damage|p1a: Alomomola|73/100 tox
|-damage|p2a: Gliscor|36/100 tox|[from] item: Rocky Helmet|[of] p1a: Alomomola
|move|p1a: Alomomola|Chilling Water|p2a: Gliscor
|-supereffective|p2a: Gliscor
|-damage|p2a: Gliscor|16/100 tox
|-unboost|p2a: Gliscor|atk|1
|
|-heal|p2a: Gliscor|29/100 tox|[from] ability: Poison Heal
|-damage|p1a: Alomomola|48/100 tox|[from] psn
|upkeep
|turn|54
|
|t:|1760322231
|switch|p1a: Iron Treads|Iron Treads|100/100
|move|p2a: Gliscor|Protect||[still]
|-fail|p2a: Gliscor
|
|-heal|p2a: Gliscor|41/100 tox|[from] ability: Poison Heal
|upkeep
|turn|55
|
|t:|1760322245
|move|p1a: Iron Treads|Rapid Spin|p2a: Gliscor
|-damage|p2a: Gliscor|31/100 tox
|-boost|p1a: Iron Treads|spe|1
|move|p2a: Gliscor|Counter|p1a: Iron Treads
|-damage|p1a: Iron Treads|81/100
|-damage|p2a: Gliscor|15/100 tox|[from] item: Rocky Helmet|[of] p1a: Iron Treads
|
|-heal|p2a: Gliscor|27/100 tox|[from] ability: Poison Heal
|upkeep
|turn|56
|
|t:|1760322255
|move|p2a: Gliscor|Protect|p2a: Gliscor
|-singleturn|p2a: Gliscor|Protect
|move|p1a: Iron Treads|Iron Head|p2a: Gliscor
|-activate|p2a: Gliscor|move: Protect
|
|-heal|p2a: Gliscor|39/100 tox|[from] ability: Poison Heal
|upkeep
|turn|57
|
|t:|1760322263
|move|p2a: Gliscor|Protect||[still]
|-fail|p2a: Gliscor
|move|p1a: Iron Treads|Iron Head|p2a: Gliscor
|-damage|p2a: Gliscor|15/100 tox
|
|-heal|p2a: Gliscor|27/100 tox|[from] ability: Poison Heal
|upkeep
|turn|58
|
|t:|1760322271
|-end|p1a: Iron Treads|Quark Drive|[silent]
|switch|p1a: Alomomola|Alomomola, F|82/100 tox
|move|p2a: Gliscor|Protect||[still]
|-fail|p2a: Gliscor
|
|-heal|p2a: Gliscor|39/100 tox|[from] ability: Poison Heal
|-damage|p1a: Alomomola|75/100 tox|[from] psn
|upkeep
|turn|59
|
|t:|1760322280
|move|p2a: Gliscor|Protect|p2a: Gliscor
|-singleturn|p2a: Gliscor|Protect
|move|p1a: Alomomola|Chilling Water|p2a: Gliscor
|-activate|p2a: Gliscor|move: Protect
|
|-heal|p2a: Gliscor|52/100 tox|[from] ability: Poison Heal
|-damage|p1a: Alomomola|63/100 tox|[from] psn
|upkeep
|turn|60
|
|t:|1760322290
|move|p2a: Gliscor|Toxic|p1a: Alomomola
|-fail|p1a: Alomomola|tox
|move|p1a: Alomomola|Chilling Water|p2a: Gliscor
|-supereffective|p2a: Gliscor
|-damage|p2a: Gliscor|31/100 tox
|-unboost|p2a: Gliscor|atk|1
|
|-heal|p2a: Gliscor|43/100 tox|[from] ability: Poison Heal
|-damage|p1a: Alomomola|45/100 tox|[from] psn
|upkeep
|turn|61
|
|t:|1760322302
|switch|p1a: Iron Treads|Iron Treads|81/100
|move|p2a: Gliscor|Toxic|p1a: Iron Treads
|-immune|p1a: Iron Treads
|
|-heal|p2a: Gliscor|56/100 tox|[from] ability: Poison Heal
|upkeep
|turn|62
|
|t:|1760322309
|-end|p1a: Iron Treads|Quark Drive|[silent]
|switch|p1a: Alomomola|Alomomola, F|78/100 tox
|move|p2a: Gliscor|Counter||[still]
|-fail|p2a: Gliscor
|
|-heal|p2a: Gliscor|68/100 tox|[from] ability: Poison Heal
|-damage|p1a: Alomomola|72/100 tox|[from] psn
|upkeep
|turn|63
|
|t:|1760322317
|switch|p1a: Iron Treads|Iron Treads|81/100
|move|p2a: Gliscor|Brick Break|p1a: Iron Treads
|-supereffective|p1a: Iron Treads
|-damage|p1a: Iron Treads|67/100
|-damage|p2a: Gliscor|51/100 tox|[from] item: Rocky Helmet|[of] p1a: Iron Treads
|
|-heal|p2a: Gliscor|64/100 tox|[from] ability: Poison Heal
|upkeep
|turn|64
|
|t:|1760322328
|move|p1a: Iron Treads|Iron Head|p2a: Gliscor
|-damage|p2a: Gliscor|36/100 tox
|cant|p2a: Gliscor|flinch
|
|-heal|p2a: Gliscor|49/100 tox|[from] ability: Poison Heal
|upkeep
|turn|65
|
|t:|1760322334
|-end|p1a: Iron Treads|Quark Drive|[silent]
|switch|p1a: Alomomola|Alomomola, F|100/100 tox
|move|p2a: Gliscor|Counter||[still]
|-fail|p2a: Gliscor
|
|-heal|p2a: Gliscor|61/100 tox|[from] ability: Poison Heal
|-damage|p1a: Alomomola|94/100 tox|[from] psn
|upkeep
|turn|66
|
|t:|1760322343
|move|p2a: Gliscor|Brick Break|p1a: Alomomola
|-damage|p1a: Alomomola|89/100 tox
|-damage|p2a: Gliscor|44/100 tox|[from] item: Rocky Helmet|[of] p1a: Alomomola
|move|p1a: Alomomola|Wish|p1a: Alomomola
|
|-heal|p2a: Gliscor|57/100 tox|[from] ability: Poison Heal
|-damage|p1a: Alomomola|77/100 tox|[from] psn
|upkeep
|turn|67
|
|t:|1760322352
|move|p2a: Gliscor|Toxic|p1a: Alomomola
|-fail|p1a: Alomomola|tox
|move|p1a: Alomomola|Flip Turn|p2a: Gliscor
|-supereffective|p2a: Gliscor
|-damage|p2a: Gliscor|33/100 tox
|
|t:|1760322357
|switch|p1a: Iron Treads|Iron Treads|67/100|[from] Flip Turn
|
|-heal|p1a: Iron Treads|100/100|[from] move: Wish|[wisher] Alomomola
|-heal|p2a: Gliscor|46/100 tox|[from] ability: Poison Heal
|upkeep
|turn|68
|
|t:|1760322366
|move|p1a: Iron Treads|Iron Head|p2a: Gliscor
|-damage|p2a: Gliscor|22/100 tox
|move|p2a: Gliscor|Counter|p1a: Iron Treads
|-damage|p1a: Iron Treads|53/100
|-damage|p2a: Gliscor|5/100 tox|[from] item: Rocky Helmet|[of] p1a: Iron Treads
|
|-heal|p2a: Gliscor|18/100 tox|[from] ability: Poison Heal
|upkeep
|turn|69
|
|t:|1760322373
|move|p2a: Gliscor|Protect|p2a: Gliscor
|-singleturn|p2a: Gliscor|Protect
|move|p1a: Iron Treads|Iron Head|p2a: Gliscor
|-activate|p2a: Gliscor|move: Protect
|
|-heal|p2a: Gliscor|30/100 tox|[from] ability: Poison Heal
|upkeep
|turn|70
|
|t:|1760322381
|-end|p1a: Iron Treads|Quark Drive|[silent]
|switch|p1a: Alomomola|Alomomola, F|100/100 tox
|move|p2a: Gliscor|Counter||[still]
|-fail|p2a: Gliscor
|
|-heal|p2a: Gliscor|42/100 tox|[from] ability: Poison Heal
|-damage|p1a: Alomomola|94/100 tox|[from] psn
|upkeep
|turn|71
|
|t:|1760322393
|move|p2a: Gliscor|Toxic|p1a: Alomomola
|-fail|p1a: Alomomola|tox
|move|p1a: Alomomola|Wish|p1a: Alomomola
|
|-heal|p2a: Gliscor|55/100 tox|[from] ability: Poison Heal
|-damage|p1a: Alomomola|82/100 tox|[from] psn
|upkeep
|turn|72
|
|t:|1760322403
|move|p2a: Gliscor|Toxic|p1a: Alomomola
|-fail|p1a: Alomomola|tox
|move|p1a: Alomomola|Scald|p2a: Gliscor
|-supereffective|p2a: Gliscor
|-crit|p2a: Gliscor
|-damage|p2a: Gliscor|5/100 tox
|
|-heal|p1a: Alomomola|100/100 tox|[from] move: Wish|[wisher] Alomomola
|-heal|p2a: Gliscor|18/100 tox|[from] ability: Poison Heal
|-damage|p1a: Alomomola|82/100 tox|[from] psn
|upkeep
|turn|73
|
|t:|1760322414
|move|p2a: Gliscor|Protect|p2a: Gliscor
|-singleturn|p2a: Gliscor|Protect
|move|p1a: Alomomola|Wish|p1a: Alomomola
|
|-heal|p2a: Gliscor|30/100 tox|[from] ability: Poison Heal
|-damage|p1a: Alomomola|57/100 tox|[from] psn
|upkeep
|turn|74
|
|t:|1760322422
|move|p2a: Gliscor|Toxic|p1a: Alomomola
|-fail|p1a: Alomomola|tox
|move|p1a: Alomomola|Flip Turn|p2a: Gliscor
|-supereffective|p2a: Gliscor
|-damage|p2a: Gliscor|9/100 tox
|
|t:|1760322427
|switch|p1a: Iron Treads|Iron Treads|53/100|[from] Flip Turn
|
|-heal|p1a: Iron Treads|100/100|[from] move: Wish|[wisher] Alomomola
|-heal|p2a: Gliscor|21/100 tox|[from] ability: Poison Heal
|upkeep
|turn|75
|
|t:|1760322436
|-end|p1a: Iron Treads|Quark Drive|[silent]
|switch|p1a: Alomomola|Alomomola, F|91/100 tox
|move|p2a: Gliscor|Counter||[still]
|-fail|p2a: Gliscor
|
|-heal|p2a: Gliscor|34/100 tox|[from] ability: Poison Heal
|-damage|p1a: Alomomola|84/100 tox|[from] psn
|upkeep
|turn|76
|
|t:|1760322445
|move|p1a: Alomomola|Scald|p2a: Gliscor
|-supereffective|p2a: Gliscor
|-damage|p2a: Gliscor|0 fnt
|faint|p2a: Gliscor
|
|-damage|p1a: Alomomola|72/100 tox|[from] psn
|upkeep
|
|t:|1760322449
|switch|p2a: Tyranitar|Tyranitar, F, shiny, tera:Flying|15/100
|-weather|Sandstorm|[from] ability: Sand Stream|[of] p2a: Tyranitar
|turn|77
|
|t:|1760322454
|move|p2a: Tyranitar|Tera Blast|p1a: Alomomola|[anim] Tera Blast Flying
|-damage|p1a: Alomomola|9/100 tox
|move|p1a: Alomomola|Flip Turn|p2a: Tyranitar
|-damage|p2a: Tyranitar|2/100
|
|t:|1760322459
|switch|p1a: Iron Treads|Iron Treads|100/100|[from] Flip Turn
|
|-weather|Sandstorm|[upkeep]
|-damage|p2a: Tyranitar|0 fnt|[from] Sandstorm
|faint|p2a: Tyranitar
|
|win|deadpotatoes
|raw|deadpotatoes's rating: 1066 &rarr; <strong>1100</strong><br />(+34 for winning)
|raw|zy511226's rating: 1108 &rarr; <strong>1080</strong><br />(-28 for losing)
|l|☆zy511226
|player|p2|
