|j|☆PrimeXStriker
|j|‽RainebowValiant
|t:|1760373610
|gametype|singles
|player|p1|PrimeXStriker|marshal|1599
|player|p2|RainebowValiant|bellelba|1653
|gen|9
|tier|[Gen 9] OU
|rated|
|rule|HP Percentage Mod: HP is shown in percentages
|rule|Endless Battle Clause: Forcing endless battles is banned
|rule|Species Clause: Limit one of each Pokémon
|rule|OHKO Clause: OHKO moves are banned
|rule|Evasion Items Clause: Evasion items are banned
|rule|Evasion Moves Clause: Evasion moves are banned
|rule|Evasion Abilities Clause: Evasion abilities are banned
|rule|Sleep Moves Clause: Sleep-inducing moves are banned
|clearpoke
|poke|p1|Zapdos-Galar|
|poke|p1|Iron Jugulis|
|poke|p1|Primarina, M|
|poke|p1|Cinderace, F|
|poke|p1|Tyranitar, M|
|poke|p1|Great Tusk|
|poke|p2|Araquanid, F|
|poke|p2|Gholdengo|
|poke|p2|Iron Moth|
|poke|p2|Iron Valiant|
|poke|p2|Raging Bolt|
|poke|p2|Kingambit, F|
|teampreview
|inactive|Battle timer is ON: inactive players will automatically lose when time's up. (requested by RainebowValiant)
|
|t:|1760373637
|teamsize|p1|6
|teamsize|p2|6
|start
|switch|p1a: Iron Jugulis|Iron Jugulis|100/100
|switch|p2a: Araquanid|Araquanid, F|100/100
|turn|1
|
|t:|1760373652
|move|p1a: Iron Jugulis|Air Slash|p2a: Araquanid
|-supereffective|p2a: Araquanid
|-damage|p2a: Araquanid|54/100
|move|p2a: Araquanid|Endeavor|p1a: Iron Jugulis
|-damage|p1a: Iron Jugulis|51/100
|
|upkeep
|turn|2
|j| FaronAan
|
|t:|1760373663
|move|p1a: Iron Jugulis|Air Slash|p2a: Araquanid
|-supereffective|p2a: Araquanid
|-damage|p2a: Araquanid|8/100
|move|p2a: Araquanid|Endeavor|p1a: Iron Jugulis
|-damage|p1a: Iron Jugulis|7/100
|
|upkeep
|turn|3
|-enditem|p2a: Araquanid|Custap Berry|[eat]
|-activate|p2a: Araquanid|item: Custap Berry|[consumed]
|
|t:|1760373673
|-end|p1a: Iron Jugulis|Quark Drive|[silent]
|switch|p1a: Tyranitar|Tyranitar, M|100/100
|-weather|Sandstorm|[from] ability: Sand Stream|[of] p1a: Tyranitar
|move|p2a: Araquanid|Surf|p1a: Tyranitar
|-supereffective|p1a: Tyranitar
|-damage|p1a: Tyranitar|69/100
|
|-weather|Sandstorm|[upkeep]
|-damage|p2a: Araquanid|1/100|[from] Sandstorm
|-heal|p1a: Tyranitar|75/100|[from] item: Leftovers
|upkeep
|turn|4
|
|t:|1760373689
|move|p1a: Tyranitar|Knock Off|p2a: Araquanid
|-crit|p2a: Araquanid
|-damage|p2a: Araquanid|0 fnt
|faint|p2a: Araquanid
|
|-weather|Sandstorm|[upkeep]
|-heal|p1a: Tyranitar|82/100|[from] item: Leftovers
|upkeep
|
|t:|1760373694
|switch|p2a: Iron Valiant|Iron Valiant|100/100
|-enditem|p2a: Iron Valiant|Booster Energy
|-activate|p2a: Iron Valiant|ability: Quark Drive|[fromitem]
|-start|p2a: Iron Valiant|quarkdrivespa
|turn|5
|
|t:|1760373702
|switch|p1a: Primarina|Primarina, M|100/100
|move|p2a: Iron Valiant|Calm Mind|p2a: Iron Valiant
|-boost|p2a: Iron Valiant|spa|1
|-boost|p2a: Iron Valiant|spd|1
|
|-weather|Sandstorm|[upkeep]
|-damage|p2a: Iron Valiant|94/100|[from] Sandstorm
|-damage|p1a: Primarina|94/100|[from] Sandstorm
|-heal|p1a: Primarina|100/100|[from] item: Leftovers
|upkeep
|turn|6
|
|t:|1760373707
|move|p2a: Iron Valiant|Moonblast|p1a: Primarina
|-damage|p1a: Primarina|22/100
|-unboost|p1a: Primarina|spa|1
|move|p1a: Primarina|Draining Kiss|p2a: Iron Valiant
|-supereffective|p2a: Iron Valiant
|-damage|p2a: Iron Valiant|59/100
|-heal|p1a: Primarina|43/100|[from] drain|[of] p2a: Iron Valiant
|
|-weather|Sandstorm|[upkeep]
|-damage|p2a: Iron Valiant|53/100|[from] Sandstorm
|-damage|p1a: Primarina|37/100|[from] Sandstorm
|-heal|p1a: Primarina|43/100|[from] item: Leftovers
|upkeep
|turn|7
|inactive|PrimeXStriker has 120 seconds left.
|inactive|PrimeXStriker has 90 seconds left.
|j| Goobshiester1st
|inactive|PrimeXStriker has 60 seconds left.
|
|t:|1760373811
|switch|p1a: Cinderace|Cinderace, F|100/100
|move|p2a: Iron Valiant|Moonblast|p1a: Cinderace
|-resisted|p1a: Cinderace
|-damage|p1a: Cinderace|29/100
|
|-weather|none
|upkeep
|turn|8
|j| kyrie sauce
|j| amefurikoneko
|
|t:|1760373840
|move|p1a: Cinderace|Sucker Punch|p2a: Iron Valiant
|-start|p1a: Cinderace|typechange|Dark|[from] ability: Libero
|-resisted|p2a: Iron Valiant
|-damage|p2a: Iron Valiant|42/100
|move|p2a: Iron Valiant|Vacuum Wave|p1a: Cinderace
|-supereffective|p1a: Cinderace
|-damage|p1a: Cinderace|0 fnt
|faint|p1a: Cinderace
|
|upkeep
|l| Goobshiester1st
|
|t:|1760373849
|switch|p1a: Primarina|Primarina, M|43/100
|turn|9
|
|t:|1760373853
|-terastallize|p1a: Primarina|Steel
|move|p2a: Iron Valiant|Moonblast|p1a: Primarina
|-resisted|p1a: Primarina
|-damage|p1a: Primarina|5/100
|move|p1a: Primarina|Draining Kiss|p2a: Iron Valiant
|-supereffective|p2a: Iron Valiant
|-damage|p2a: Iron Valiant|0 fnt
|-heal|p1a: Primarina|29/100|[from] drain|[of] p2a: Iron Valiant
|faint|p2a: Iron Valiant
|-end|p2a: Iron Valiant|Quark Drive|[silent]
|
|-heal|p1a: Primarina|35/100|[from] item: Leftovers
|upkeep
|
|t:|1760373855
|switch|p2a: Iron Moth|Iron Moth|100/100
|-enditem|p2a: Iron Moth|Booster Energy
|-activate|p2a: Iron Moth|ability: Quark Drive|[fromitem]
|-start|p2a: Iron Moth|quarkdrivespa
|turn|10
|
|t:|1760373860
|switch|p1a: Tyranitar|Tyranitar, M|82/100
|-weather|Sandstorm|[from] ability: Sand Stream|[of] p1a: Tyranitar
|move|p2a: Iron Moth|Fiery Dance|p1a: Tyranitar
|-resisted|p1a: Tyranitar
|-damage|p1a: Tyranitar|69/100
|
|-weather|Sandstorm|[upkeep]
|-damage|p2a: Iron Moth|95/100|[from] Sandstorm
|-heal|p1a: Tyranitar|75/100|[from] item: Leftovers
|upkeep
|turn|11
|inactive|PrimeXStriker has 60 seconds left.
|
|t:|1760373875
|-end|p2a: Iron Moth|Quark Drive|[silent]
|switch|p2a: Kingambit|Kingambit, F|100/100
|-activate|p2a: Kingambit|ability: Supreme Overlord
|-start|p2a: Kingambit|fallen2|[silent]
|-item|p2a: Kingambit|Air Balloon
|move|p1a: Tyranitar|Roar|p2a: Kingambit
|-end|p2a: Kingambit|fallen2|[silent]
|drag|p2a: Raging Bolt|Raging Bolt|100/100
|-enditem|p2a: Raging Bolt|Booster Energy
|-activate|p2a: Raging Bolt|ability: Protosynthesis|[fromitem]
|-start|p2a: Raging Bolt|protosynthesisspa
|
|-weather|Sandstorm|[upkeep]
|-damage|p2a: Raging Bolt|94/100|[from] Sandstorm
|-heal|p1a: Tyranitar|82/100|[from] item: Leftovers
|upkeep
|turn|12
|inactive|PrimeXStriker has 60 seconds left.
|
|t:|1760373885
|move|p2a: Raging Bolt|Dragon Pulse|p1a: Tyranitar
|-damage|p1a: Tyranitar|57/100
|move|p1a: Tyranitar|Ice Beam|p2a: Raging Bolt
|-supereffective|p2a: Raging Bolt
|-damage|p2a: Raging Bolt|58/100
|-status|p2a: Raging Bolt|frz
|
|-weather|Sandstorm|[upkeep]
|-damage|p2a: Raging Bolt|51/100 frz|[from] Sandstorm
|-heal|p1a: Tyranitar|63/100|[from] item: Leftovers
|upkeep
|turn|13
|
|t:|1760373889
|cant|p2a: Raging Bolt|frz
|move|p1a: Tyranitar|Ice Beam|p2a: Raging Bolt
|-supereffective|p2a: Raging Bolt
|-damage|p2a: Raging Bolt|12/100 frz
|
|-weather|Sandstorm|[upkeep]
|-damage|p2a: Raging Bolt|6/100 frz|[from] Sandstorm
|-heal|p1a: Tyranitar|69/100|[from] item: Leftovers
|upkeep
|turn|14
|l| kyrie sauce
|
|t:|1760373909
|-curestatus|p2a: Raging Bolt|frz|[msg]
|move|p2a: Raging Bolt|Dragon Pulse|p1a: Tyranitar
|-damage|p1a: Tyranitar|45/100
|move|p1a: Tyranitar|Knock Off|p2a: Raging Bolt
|-damage|p2a: Raging Bolt|0 fnt
|faint|p2a: Raging Bolt
|-end|p2a: Raging Bolt|Protosynthesis|[silent]
|
|-weather|none
|-heal|p1a: Tyranitar|51/100|[from] item: Leftovers
|upkeep
|
|t:|1760373913
|switch|p2a: Kingambit|Kingambit, F|100/100
|-activate|p2a: Kingambit|ability: Supreme Overlord
|-start|p2a: Kingambit|fallen3|[silent]
|-item|p2a: Kingambit|Air Balloon
|turn|15
|
|t:|1760373917
|move|p2a: Kingambit|Iron Head|p1a: Tyranitar
|-supereffective|p1a: Tyranitar
|-damage|p1a: Tyranitar|0 fnt
|faint|p1a: Tyranitar
|
|upkeep
|
|t:|1760373925
|switch|p1a: Great Tusk|Great Tusk|100/100
|turn|16
|l| amefurikoneko
|
|t:|1760373945
|move|p2a: Kingambit|Iron Head|p1a: Great Tusk
|-damage|p1a: Great Tusk|76/100
|-damage|p2a: Kingambit|84/100|[from] item: Rocky Helmet|[of] p1a: Great Tusk
|move|p1a: Great Tusk|Stealth Rock|p2a: Kingambit
|-sidestart|p2: RainebowValiant|move: Stealth Rock
|
|upkeep
|turn|17
|
|t:|1760373949
|move|p2a: Kingambit|Iron Head|p1a: Great Tusk
|-damage|p1a: Great Tusk|51/100
|-damage|p2a: Kingambit|68/100|[from] item: Rocky Helmet|[of] p1a: Great Tusk
|move|p1a: Great Tusk|Earthquake|p2a: Kingambit
|-immune|p2a: Kingambit
|
|upkeep
|turn|18
|
|t:|1760373953
|move|p2a: Kingambit|Iron Head|p1a: Great Tusk
|-damage|p1a: Great Tusk|23/100
|-damage|p2a: Kingambit|51/100|[from] item: Rocky Helmet|[of] p1a: Great Tusk
|move|p1a: Great Tusk|Ice Spinner|p2a: Kingambit
|-resisted|p2a: Kingambit
|-crit|p2a: Kingambit
|-damage|p2a: Kingambit|37/100
|-enditem|p2a: Kingambit|Air Balloon
|
|upkeep
|turn|19
|
|t:|1760373960
|move|p2a: Kingambit|Iron Head|p1a: Great Tusk
|-damage|p1a: Great Tusk|0 fnt
|-damage|p2a: Kingambit|21/100|[from] item: Rocky Helmet|[of] p1a: Great Tusk
|faint|p1a: Great Tusk
|-end|p1a: Great Tusk|Protosynthesis|[silent]
|
|upkeep
|
|t:|1760373967
|switch|p1a: Zapdos|Zapdos-Galar|100/100
|turn|20
|
|t:|1760373979
|move|p1a: Zapdos|U-turn|p2a: Kingambit
|-damage|p2a: Kingambit|0 fnt
|faint|p2a: Kingambit
|-end|p2a: Kingambit|fallen3|[silent]
|
|t:|1760373982
|switch|p1a: Iron Jugulis|Iron Jugulis|7/100|[from] U-turn
|
|upkeep
|
|t:|1760373989
|switch|p2a: Iron Moth|Iron Moth|95/100
|-damage|p2a: Iron Moth|70/100|[from] Stealth Rock
|turn|21
|
|t:|1760373992
|move|p1a: Iron Jugulis|Earth Power|p2a: Iron Moth
|-supereffective|p2a: Iron Moth
|-damage|p2a: Iron Moth|0 fnt
|faint|p2a: Iron Moth
|-end|p2a: Iron Moth|Quark Drive|[silent]
|
|upkeep
|
|t:|1760373994
|switch|p2a: Gholdengo|Gholdengo|100/100
|-damage|p2a: Gholdengo|94/100|[from] Stealth Rock
|-item|p2a: Gholdengo|Air Balloon
|turn|22
|
|t:|1760374000
|-end|p1a: Iron Jugulis|Quark Drive|[silent]
|switch|p1a: Primarina|Primarina, M, tera:Steel|35/100
|move|p2a: Gholdengo|Nasty Plot|p2a: Gholdengo
|-boost|p2a: Gholdengo|spa|2
|
|-heal|p1a: Primarina|41/100|[from] item: Leftovers
|upkeep
|turn|23
|
|t:|1760374010
|move|p2a: Gholdengo|Shadow Ball|p1a: Primarina
|-damage|p1a: Primarina|0 fnt
|faint|p1a: Primarina
|
|upkeep
|
|t:|1760374014
|switch|p1a: Iron Jugulis|Iron Jugulis|7/100
|turn|24
|j| Siddharth42c
|
|t:|1760374020
|-terastallize|p2a: Gholdengo|Flying
|move|p1a: Iron Jugulis|Dark Pulse|p2a: Gholdengo
|-damage|p2a: Gholdengo|47/100
|-enditem|p2a: Gholdengo|Air Balloon
|move|p2a: Gholdengo|Shadow Ball|p1a: Iron Jugulis
|-resisted|p1a: Iron Jugulis
|-damage|p1a: Iron Jugulis|0 fnt
|faint|p1a: Iron Jugulis
|-end|p1a: Iron Jugulis|Quark Drive|[silent]
|
|upkeep
|
|t:|1760374024
|switch|p1a: Zapdos|Zapdos-Galar|100/100
|turn|25
|
|t:|1760374026
|move|p1a: Zapdos|Brave Bird|p2a: Gholdengo
|-damage|p2a: Gholdengo|0 fnt
|faint|p2a: Gholdengo
|-damage|p1a: Zapdos|85/100|[from] Recoil
|
|win|PrimeXStriker
|raw|PrimeXStriker's rating: 1599 &rarr; <strong>1623</strong><br />(+24 for winning)
|raw|RainebowValiant's rating: 1674 &rarr; <strong>1650</strong><br />(-24 for losing)
|l|☆PrimeXStriker
|player|p1|
|l|‽RainebowValiant
|player|p2|
|l| FaronAan
|l| Siddharth42c
