|j|☆azeyar
|j|☆siroperation
|t:|1760405796
|gametype|singles
|player|p1|azeyar|maid|1494
|player|p2|siroperation|170|1508
|gen|9
|tier|[Gen 9] OU
|rated|
|rule|HP Percentage Mod: HP is shown in percentages
|rule|Endless Battle Clause: Forcing endless battles is banned
|rule|Species Clause: Limit one of each Pokémon
|rule|OHKO Clause: OHKO moves are banned
|rule|Evasion Items Clause: Evasion items are banned
|rule|Evasion Moves Clause: Evasion moves are banned
|rule|Evasion Abilities Clause: Evasion abilities are banned
|rule|Sleep Moves Clause: Sleep-inducing moves are banned
|clearpoke
|poke|p1|Latias, F|
|poke|p1|Ninetales-Alola, M|
|poke|p1|Zamazenta-*|
|poke|p1|Hatterene, F|
|poke|p1|Volcanion|
|poke|p1|Kingambit, M|
|poke|p2|Conkeldurr, M|
|poke|p2|Toxapex, M|
|poke|p2|Ting-Lu|
|poke|p2|Cyclizar, F|
|poke|p2|Bronzong|
|poke|p2|Tornadus-Therian, M|
|teampreview
|
|t:|1760405805
|teamsize|p1|6
|teamsize|p2|6
|start
|switch|p1a: Ninetales|Ninetales-Alola, M|100/100
|switch|p2a: Bronzong|Bronzong|100/100
|-weather|Snowscape|[from] ability: Snow Warning|[of] p1a: Ninetales
|turn|1
|
|t:|1760405816
|switch|p1a: Volcanion|Volcanion|100/100
|move|p2a: Bronzong|Heavy Slam|p1a: Volcanion
|-resisted|p1a: Volcanion
|-damage|p1a: Volcanion|98/100
|
|-weather|Snowscape|[upkeep]
|upkeep
|turn|2
|
|t:|1760405820
|switch|p2a: Toxapex|Toxapex, M|100/100
|move|p1a: Volcanion|Steam Eruption|p2a: Toxapex
|-resisted|p2a: Toxapex
|-damage|p2a: Toxapex|62/100
|-status|p2a: Toxapex|brn
|
|-weather|Snowscape|[upkeep]
|-damage|p2a: Toxapex|56/100 brn|[from] brn
|upkeep
|turn|3
|
|t:|1760405830
|switch|p1a: HAtsune miku|Hatterene, F|100/100
|move|p2a: Toxapex|Toxic|p1a: HAtsune miku
|move|p1a: HAtsune miku|Toxic||[from] ability: Magic Bounce|[still]
|-fail|p1a: HAtsune miku
|
|-weather|Snowscape|[upkeep]
|-damage|p2a: Toxapex|50/100 brn|[from] brn
|upkeep
|turn|4
|
|t:|1760405835
|switch|p2a: Bronzong|Bronzong|100/100
|move|p1a: HAtsune miku|Psychic Noise|p2a: Bronzong
|-resisted|p2a: Bronzong
|-damage|p2a: Bronzong|95/100
|-start|p2a: Bronzong|move: Heal Block
|
|-weather|Snowscape|[upkeep]
|upkeep
|turn|5
|
|t:|1760405841
|move|p1a: HAtsune miku|Nuzzle|p2a: Bronzong
|-damage|p2a: Bronzong|91/100
|-status|p2a: Bronzong|par
|move|p2a: Bronzong|Stealth Rock|p1a: HAtsune miku
|move|p1a: HAtsune miku|Stealth Rock|p2a: Bronzong|[from] ability: Magic Bounce
|-sidestart|p2: siroperation|move: Stealth Rock
|
|-weather|none
|-end|p2a: Bronzong|move: Heal Block
|upkeep
|turn|6
|
|t:|1760405848
|move|p1a: HAtsune miku|Psychic Noise|p2a: Bronzong
|-resisted|p2a: Bronzong
|-damage|p2a: Bronzong|86/100 par
|-start|p2a: Bronzong|move: Heal Block
|cant|p2a: Bronzong|par
|
|upkeep
|turn|7
|
|t:|1760405855
|switch|p1a: Volcanion|Volcanion|98/100
|cant|p2a: Bronzong|par
|
|-end|p2a: Bronzong|move: Heal Block
|upkeep
|turn|8
|
|t:|1760405859
|switch|p2a: Cyclizar|Cyclizar, F, shiny|100/100
|move|p1a: Volcanion|Earth Power|p2a: Cyclizar
|-damage|p2a: Cyclizar|33/100
|
|upkeep
|turn|9
|
|t:|1760405864
|move|p2a: Cyclizar|Rapid Spin|p1a: Volcanion
|-damage|p1a: Volcanion|81/100
|-boost|p2a: Cyclizar|spe|1
|-sideend|p2: siroperation|Stealth Rock|[from] move: Rapid Spin|[of] p2a: Cyclizar
|move|p1a: Volcanion|Earth Power|p2a: Cyclizar
|-damage|p2a: Cyclizar|0 fnt
|faint|p2a: Cyclizar
|
|upkeep
|
|t:|1760405886
|switch|p2a: Tornadus|Tornadus-Therian, M|100/100
|turn|10
|
|t:|1760405893
|switch|p1a: Ninetales|Ninetales-Alola, M|100/100
|-weather|Snowscape|[from] ability: Snow Warning|[of] p1a: Ninetales
|move|p2a: Tornadus|Knock Off|p1a: Ninetales
|-resisted|p1a: Ninetales
|-damage|p1a: Ninetales|92/100
|-enditem|p1a: Ninetales|Light Clay|[from] move: Knock Off|[of] p2a: Tornadus
|
|-weather|Snowscape|[upkeep]
|upkeep
|turn|11
|
|t:|1760405896
|switch|p2a: Bronzong|Bronzong|86/100 par
|move|p1a: Ninetales|Aurora Veil|p1a: Ninetales
|-sidestart|p1: azeyar|move: Aurora Veil
|
|-weather|Snowscape|[upkeep]
|upkeep
|turn|12
|
|t:|1760405903
|switch|p1a: Latias|Latias, F|100/100
|cant|p2a: Bronzong|par
|
|-weather|Snowscape|[upkeep]
|upkeep
|turn|13
|
|t:|1760405909
|switch|p2a: Ting-Lu|Ting-Lu|100/100
|-ability|p2a: Ting-Lu|Vessel of Ruin
|move|p1a: Latias|Agility|p1a: Latias
|-boost|p1a: Latias|spe|2
|
|-weather|Snowscape|[upkeep]
|upkeep
|turn|14
|
|t:|1760405912
|move|p1a: Latias|Aura Sphere|p2a: Ting-Lu
|-supereffective|p2a: Ting-Lu
|-crit|p2a: Ting-Lu
|-damage|p2a: Ting-Lu|73/100
|move|p2a: Ting-Lu|Whirlwind|p1a: Latias
|drag|p1a: Volcanion|Volcanion|81/100
|
|-weather|none
|-heal|p2a: Ting-Lu|79/100|[from] item: Leftovers
|upkeep
|turn|15
|
|t:|1760405925
|-terastallize|p2a: Ting-Lu|Water
|move|p1a: Volcanion|Steam Eruption|p2a: Ting-Lu
|-resisted|p2a: Ting-Lu
|-crit|p2a: Ting-Lu
|-damage|p2a: Ting-Lu|48/100
|move|p2a: Ting-Lu|Earthquake|p1a: Volcanion
|-supereffective|p1a: Volcanion
|-damage|p1a: Volcanion|44/100
|
|-heal|p2a: Ting-Lu|54/100|[from] item: Leftovers
|-sideend|p1: azeyar|move: Aurora Veil
|upkeep
|turn|16
|
|t:|1760405933
|switch|p1a: Ninetales|Ninetales-Alola, M|92/100
|-weather|Snowscape|[from] ability: Snow Warning|[of] p1a: Ninetales
|move|p2a: Ting-Lu|Earthquake|p1a: Ninetales
|-crit|p1a: Ninetales
|-damage|p1a: Ninetales|46/100
|
|-weather|Snowscape|[upkeep]
|-heal|p2a: Ting-Lu|60/100|[from] item: Leftovers
|upkeep
|turn|17
|
|t:|1760405939
|move|p1a: Ninetales|Aurora Veil|p1a: Ninetales
|-sidestart|p1: azeyar|move: Aurora Veil
|move|p2a: Ting-Lu|Spikes|p1a: Ninetales
|-sidestart|p1: azeyar|Spikes
|
|-weather|Snowscape|[upkeep]
|-heal|p2a: Ting-Lu|66/100|[from] item: Leftovers
|upkeep
|turn|18
|
|t:|1760405942
|switch|p2a: Bronzong|Bronzong|86/100 par
|move|p1a: Ninetales|Freeze-Dry|p2a: Bronzong
|-resisted|p2a: Bronzong
|-damage|p2a: Bronzong|79/100 par
|
|-weather|Snowscape|[upkeep]
|upkeep
|turn|19
|
|t:|1760405947
|switch|p1a: HAtsune miku|Hatterene, F|100/100
|-damage|p1a: HAtsune miku|88/100|[from] Spikes
|move|p2a: Bronzong|Heavy Slam|p1a: HAtsune miku
|-supereffective|p1a: HAtsune miku
|-damage|p1a: HAtsune miku|55/100
|
|-weather|Snowscape|[upkeep]
|-heal|p1a: HAtsune miku|61/100|[from] item: Leftovers
|upkeep
|turn|20
|
|t:|1760405953
|move|p1a: HAtsune miku|Psychic Noise|p2a: Bronzong
|-resisted|p2a: Bronzong
|-damage|p2a: Bronzong|74/100 par
|-start|p2a: Bronzong|move: Heal Block
|move|p2a: Bronzong|Heavy Slam|p1a: HAtsune miku
|-supereffective|p1a: HAtsune miku
|-damage|p1a: HAtsune miku|29/100
|
|-weather|none
|-heal|p1a: HAtsune miku|35/100|[from] item: Leftovers
|upkeep
|turn|21
|
|t:|1760405960
|switch|p1a: Volcanion|Volcanion|44/100
|-damage|p1a: Volcanion|32/100|[from] Spikes
|move|p2a: Bronzong|Heavy Slam|p1a: Volcanion
|-resisted|p1a: Volcanion
|-damage|p1a: Volcanion|30/100
|
|-end|p2a: Bronzong|move: Heal Block
|-sideend|p1: azeyar|move: Aurora Veil
|upkeep
|turn|22
|
|t:|1760405967
|switch|p2a: Tornadus|Tornadus-Therian, M|100/100
|-terastallize|p1a: Volcanion|Ground
|move|p1a: Volcanion|Earth Power|p2a: Tornadus
|-immune|p2a: Tornadus
|
|upkeep
|turn|23
|
|t:|1760405973
|switch|p1a: Latias|Latias, F|100/100
|move|p2a: Tornadus|Bleakwind Storm|p1a: Latias
|-damage|p1a: Latias|63/100
|-unboost|p1a: Latias|spe|1
|
|upkeep
|turn|24
|
|t:|1760405982
|move|p2a: Tornadus|Knock Off|p1a: Latias
|-supereffective|p1a: Latias
|-damage|p1a: Latias|32/100
|-enditem|p1a: Latias|Weakness Policy
|-boost|p1a: Latias|atk|2|[from] item: Weakness Policy
|-boost|p1a: Latias|spa|2|[from] item: Weakness Policy
|move|p1a: Latias|Agility|p1a: Latias
|-boost|p1a: Latias|spe|2
|
|upkeep
|turn|25
|
|t:|1760405989
|move|p1a: Latias|Stored Power|p2a: Tornadus
|-damage|p2a: Tornadus|22/100
|move|p2a: Tornadus|Bleakwind Storm|p1a: Latias
|-damage|p1a: Latias|0 fnt
|faint|p1a: Latias
|
|upkeep
|
|t:|1760405994
|switch|p1a: Ninetales|Ninetales-Alola, M|46/100
|-damage|p1a: Ninetales|34/100|[from] Spikes
|-weather|Snowscape|[from] ability: Snow Warning|[of] p1a: Ninetales
|turn|26
|
|t:|1760405998
|switch|p2a: Bronzong|Bronzong|74/100 par
|move|p1a: Ninetales|Aurora Veil|p1a: Ninetales
|-sidestart|p1: azeyar|move: Aurora Veil
|
|-weather|Snowscape|[upkeep]
|upkeep
|turn|27
|
|t:|1760406011
|switch|p1a: Kingambit|Kingambit, M|100/100
|-damage|p1a: Kingambit|88/100|[from] Spikes
|-activate|p1a: Kingambit|ability: Supreme Overlord
|-start|p1a: Kingambit|fallen1|[silent]
|cant|p2a: Bronzong|par
|
|-weather|Snowscape|[upkeep]
|-heal|p1a: Kingambit|94/100|[from] item: Leftovers
|upkeep
|turn|28
|
|t:|1760406020
|-end|p1a: Kingambit|fallen1|[silent]
|switch|p1a: HAtsune miku|Hatterene, F|35/100
|-damage|p1a: HAtsune miku|23/100|[from] Spikes
|switch|p2a: Conkeldurr|Conkeldurr, M, shiny|100/100
|
|-weather|Snowscape|[upkeep]
|-heal|p1a: HAtsune miku|28/100|[from] item: Leftovers
|-status|p2a: Conkeldurr|brn|[from] item: Flame Orb
|upkeep
|turn|29
|
|t:|1760406023
|move|p2a: Conkeldurr|Facade|p1a: HAtsune miku
|-damage|p1a: HAtsune miku|0 fnt
|faint|p1a: HAtsune miku
|
|-weather|Snowscape|[upkeep]
|-damage|p2a: Conkeldurr|94/100 brn|[from] brn
|upkeep
|
|t:|1760406029
|switch|p1a: Ninetales|Ninetales-Alola, M|34/100
|-damage|p1a: Ninetales|22/100|[from] Spikes
|turn|30
|
|t:|1760406034
|switch|p2a: Bronzong|Bronzong|74/100 par
|move|p1a: Ninetales|Moonblast|p2a: Bronzong
|-resisted|p2a: Bronzong
|-damage|p2a: Bronzong|66/100 par
|-unboost|p2a: Bronzong|spa|1
|
|-weather|none
|-sideend|p1: azeyar|move: Aurora Veil
|upkeep
|turn|31
|
|t:|1760406038
|switch|p1a: Volcanion|Volcanion, tera:Ground|30/100
|-damage|p1a: Volcanion|18/100|[from] Spikes
|cant|p2a: Bronzong|par
|
|upkeep
|turn|32
|
|t:|1760406048
|move|p1a: Volcanion|Steam Eruption|p2a: Bronzong
|-damage|p2a: Bronzong|0 fnt
|faint|p2a: Bronzong
|
|upkeep
|
|t:|1760406058
|switch|p2a: Conkeldurr|Conkeldurr, M, shiny|94/100 brn
|turn|33
|
|t:|1760406060
|move|p2a: Conkeldurr|Mach Punch|p1a: Volcanion
|-damage|p1a: Volcanion|0 fnt
|faint|p1a: Volcanion
|
|-damage|p2a: Conkeldurr|88/100 brn|[from] brn
|upkeep
|
|t:|1760406063
|switch|p1a: Ninetales|Ninetales-Alola, M|22/100
|-damage|p1a: Ninetales|9/100|[from] Spikes
|-weather|Snowscape|[from] ability: Snow Warning|[of] p1a: Ninetales
|turn|34
|
|t:|1760406065
|move|p2a: Conkeldurr|Mach Punch|p1a: Ninetales
|-damage|p1a: Ninetales|0 fnt
|faint|p1a: Ninetales
|
|-weather|Snowscape|[upkeep]
|-damage|p2a: Conkeldurr|82/100 brn|[from] brn
|upkeep
|
|t:|1760406067
|switch|p1a: Zamazenta|Zamazenta|100/100
|-damage|p1a: Zamazenta|88/100|[from] Spikes
|-ability|p1a: Zamazenta|Dauntless Shield|boost
|-boost|p1a: Zamazenta|def|1
|turn|35
|
|t:|1760406073
|switch|p2a: Toxapex|Toxapex, M|83/100 brn
|move|p1a: Zamazenta|Close Combat|p2a: Toxapex
|-resisted|p2a: Toxapex
|-damage|p2a: Toxapex|58/100 brn
|-unboost|p1a: Zamazenta|def|1
|-unboost|p1a: Zamazenta|spd|1
|-damage|p1a: Zamazenta|78/100|[from] item: Life Orb
|
|-weather|Snowscape|[upkeep]
|-damage|p2a: Toxapex|52/100 brn|[from] brn
|upkeep
|turn|36
|
|t:|1760406079
|switch|p1a: Kingambit|Kingambit, M|94/100
|-damage|p1a: Kingambit|82/100|[from] Spikes
|-activate|p1a: Kingambit|ability: Supreme Overlord
|-start|p1a: Kingambit|fallen4|[silent]
|move|p2a: Toxapex|Toxic|p1a: Kingambit
|-immune|p1a: Kingambit
|
|-weather|Snowscape|[upkeep]
|-heal|p1a: Kingambit|88/100|[from] item: Leftovers
|-damage|p2a: Toxapex|46/100 brn|[from] brn
|upkeep
|turn|37
|
|t:|1760406083
|switch|p2a: Conkeldurr|Conkeldurr, M, shiny|82/100 brn
|move|p1a: Kingambit|Kowtow Cleave|p2a: Conkeldurr
|-resisted|p2a: Conkeldurr
|-damage|p2a: Conkeldurr|50/100 brn
|
|-weather|Snowscape|[upkeep]
|-heal|p1a: Kingambit|94/100|[from] item: Leftovers
|-damage|p2a: Conkeldurr|44/100 brn|[from] brn
|upkeep
|turn|38
|
|t:|1760406093
|-end|p1a: Kingambit|fallen4|[silent]
|switch|p1a: Zamazenta|Zamazenta|78/100
|-damage|p1a: Zamazenta|66/100|[from] Spikes
|move|p2a: Conkeldurr|Mach Punch|p1a: Zamazenta
|-damage|p1a: Zamazenta|34/100
|
|-weather|none
|-damage|p2a: Conkeldurr|38/100 brn|[from] brn
|upkeep
|turn|39
|
|t:|1760406106
|switch|p2a: Tornadus|Tornadus-Therian, M|55/100
|move|p1a: Zamazenta|Close Combat|p2a: Tornadus
|-resisted|p2a: Tornadus
|-damage|p2a: Tornadus|0 fnt
|-unboost|p1a: Zamazenta|def|1
|-unboost|p1a: Zamazenta|spd|1
|faint|p2a: Tornadus
|-damage|p1a: Zamazenta|24/100|[from] item: Life Orb
|
|upkeep
|
|t:|1760406111
|switch|p2a: Toxapex|Toxapex, M|79/100 brn
|turn|40
|
|t:|1760406113
|switch|p1a: Kingambit|Kingambit, M|94/100
|-damage|p1a: Kingambit|82/100|[from] Spikes
|-activate|p1a: Kingambit|ability: Supreme Overlord
|-start|p1a: Kingambit|fallen4|[silent]
|move|p2a: Toxapex|Surf|p1a: Kingambit
|-damage|p1a: Kingambit|61/100
|
|-heal|p1a: Kingambit|68/100|[from] item: Leftovers
|-damage|p2a: Toxapex|73/100 brn|[from] brn
|upkeep
|turn|41
|
|t:|1760406119
|move|p1a: Kingambit|Kowtow Cleave|p2a: Toxapex
|-damage|p2a: Toxapex|33/100 brn
|move|p2a: Toxapex|Surf|p1a: Kingambit
|-damage|p1a: Kingambit|46/100
|
|-heal|p1a: Kingambit|52/100|[from] item: Leftovers
|-damage|p2a: Toxapex|27/100 brn|[from] brn
|upkeep
|turn|42
|
|t:|1760406124
|switch|p2a: Ting-Lu|Ting-Lu, tera:Water|66/100
|-ability|p2a: Ting-Lu|Vessel of Ruin
|move|p1a: Kingambit|Kowtow Cleave|p2a: Ting-Lu
|-damage|p2a: Ting-Lu|25/100
|
|-heal|p1a: Kingambit|58/100|[from] item: Leftovers
|-heal|p2a: Ting-Lu|32/100|[from] item: Leftovers
|upkeep
|turn|43
|
|t:|1760406132
|move|p1a: Kingambit|Sucker Punch|p2a: Ting-Lu
|-damage|p2a: Ting-Lu|2/100
|move|p2a: Ting-Lu|Earthquake|p1a: Kingambit
|-supereffective|p1a: Kingambit
|-damage|p1a: Kingambit|0 fnt
|faint|p1a: Kingambit
|-end|p1a: Kingambit|fallen4|[silent]
|
|-heal|p2a: Ting-Lu|8/100|[from] item: Leftovers
|upkeep
|
|t:|1760406135
|switch|p1a: Zamazenta|Zamazenta|24/100
|-damage|p1a: Zamazenta|12/100|[from] Spikes
|turn|44
|
|t:|1760406137
|move|p1a: Zamazenta|Stone Edge|p2a: Ting-Lu
|-damage|p2a: Ting-Lu|0 fnt
|faint|p2a: Ting-Lu
|-damage|p1a: Zamazenta|2/100|[from] item: Life Orb
|
|upkeep
|
|t:|1760406139
|switch|p2a: Conkeldurr|Conkeldurr, M, shiny|38/100 brn
|turn|45
|
|t:|1760406141
|move|p2a: Conkeldurr|Mach Punch|p1a: Zamazenta
|-damage|p1a: Zamazenta|0 fnt
|faint|p1a: Zamazenta
|
|win|siroperation
|raw|azeyar's rating: 1494 &rarr; <strong>1475</strong><br />(-19 for losing)
|raw|siroperation's rating: 1508 &rarr; <strong>1527</strong><br />(+19 for winning)
|l|☆azeyar
|player|p1|
|c|☆siroperation|ggs
|l|☆siroperation
|player|p2|
