|j|☆horsesbehorses
|j|☆FeeDWeeB
|t:|1760387156
|gametype|singles
|player|p1|horsesbehorses|169|1469
|player|p2|FeeDWeeB|169|1457
|gen|9
|tier|[Gen 9] OU
|rated|
|rule|HP Percentage Mod: HP is shown in percentages
|rule|Endless Battle Clause: Forcing endless battles is banned
|rule|Species Clause: Limit one of each Pokémon
|rule|OHKO Clause: OHKO moves are banned
|rule|Evasion Items Clause: Evasion items are banned
|rule|Evasion Moves Clause: Evasion moves are banned
|rule|Evasion Abilities Clause: Evasion abilities are banned
|rule|Sleep Moves Clause: Sleep-inducing moves are banned
|clearpoke
|poke|p1|Dragonite, F|
|poke|p1|Zamazenta-*|
|poke|p1|Landorus-Therian, M|
|poke|p1|Gholdengo|
|poke|p1|Darkrai|
|poke|p1|Hatterene, F|
|poke|p2|Dragapult, F|
|poke|p2|Landorus-Therian, M|
|poke|p2|Heatran, M|
|poke|p2|Raikou|
|poke|p2|Greninja-*, M|
|poke|p2|Zamazenta-*|
|teampreview
|inactive|Battle timer is ON: inactive players will automatically lose when time's up. (requested by horsesbehorses)
|
|t:|1760387170
|teamsize|p1|6
|teamsize|p2|6
|start
|switch|p1a: Hatterene|Hatterene, F|100/100
|switch|p2a: Landorus|Landorus-Therian, M|100/100
|-ability|p2a: Landorus|Intimidate|boost
|-unboost|p1a: Hatterene|atk|1
|turn|1
|
|t:|1760387174
|move|p2a: Landorus|U-turn|p1a: Hatterene
|-crit|p1a: Hatterene
|-damage|p1a: Hatterene|58/100
|
|t:|1760387176
|switch|p2a: Heatran|Heatran, M|100/100|[from] U-turn
|move|p1a: Hatterene|Psyshock|p2a: Heatran
|-resisted|p2a: Heatran
|-damage|p2a: Heatran|83/100
|
|-heal|p2a: Heatran|89/100|[from] item: Leftovers
|upkeep
|turn|2
|
|t:|1760387183
|switch|p1a: Dragonite|Dragonite, F|100/100
|move|p2a: Heatran|Flamethrower|p1a: Dragonite
|-resisted|p1a: Dragonite
|-damage|p1a: Dragonite|91/100
|
|-heal|p2a: Heatran|95/100|[from] item: Leftovers
|upkeep
|turn|3
|
|t:|1760387189
|move|p1a: Dragonite|Dragon Dance|p1a: Dragonite
|-boost|p1a: Dragonite|atk|1
|-boost|p1a: Dragonite|spe|1
|move|p2a: Heatran|Dragon Pulse|p1a: Dragonite
|-supereffective|p1a: Dragonite
|-damage|p1a: Dragonite|39/100
|
|-heal|p2a: Heatran|100/100|[from] item: Leftovers
|upkeep
|turn|4
|
|t:|1760387195
|-terastallize|p1a: Dragonite|Flying
|-terastallize|p2a: Heatran|Dragon
|move|p1a: Dragonite|Tera Blast|p2a: Heatran|[anim] Tera Blast Flying
|-damage|p2a: Heatran|30/100
|move|p2a: Heatran|Dragon Pulse|p1a: Dragonite
|-damage|p1a: Dragonite|0 fnt
|faint|p1a: Dragonite
|
|-heal|p2a: Heatran|36/100|[from] item: Leftovers
|upkeep
|
|t:|1760387202
|switch|p1a: Hatterene|Hatterene, F|58/100
|turn|5
|
|t:|1760387210
|move|p2a: Heatran|Earth Power|p1a: Hatterene
|-damage|p1a: Hatterene|42/100
|move|p1a: Hatterene|Draining Kiss|p2a: Heatran
|-supereffective|p2a: Heatran
|-damage|p2a: Heatran|1/100
|-heal|p1a: Hatterene|73/100|[from] drain|[of] p2a: Heatran
|
|-heal|p2a: Heatran|7/100|[from] item: Leftovers
|upkeep
|turn|6
|
|t:|1760387220
|switch|p1a: Landorus|Landorus-Therian, M|100/100
|-ability|p1a: Landorus|Intimidate|boost
|-unboost|p2a: Heatran|atk|1
|move|p2a: Heatran|Flamethrower|p1a: Landorus
|-damage|p1a: Landorus|63/100
|
|-heal|p2a: Heatran|13/100|[from] item: Leftovers
|upkeep
|turn|7
|
|t:|1760387226
|move|p1a: Landorus|Stealth Rock|p2a: Heatran
|-sidestart|p2: FeeDWeeB|move: Stealth Rock
|move|p2a: Heatran|Stealth Rock|p1a: Landorus
|-sidestart|p1: horsesbehorses|move: Stealth Rock
|
|-heal|p2a: Heatran|20/100|[from] item: Leftovers
|upkeep
|turn|8
|
|t:|1760387230
|move|p1a: Landorus|U-turn|p2a: Heatran
|-damage|p2a: Heatran|0 fnt
|faint|p2a: Heatran
|
|t:|1760387235
|switch|p1a: Zamazenta|Zamazenta|100/100|[from] U-turn
|-damage|p1a: Zamazenta|94/100|[from] Stealth Rock
|-ability|p1a: Zamazenta|Dauntless Shield|boost
|-boost|p1a: Zamazenta|def|1
|
|-heal|p1a: Zamazenta|100/100|[from] item: Leftovers
|upkeep
|
|t:|1760387247
|switch|p2a: Dragapult|Dragapult, F|100/100
|-damage|p2a: Dragapult|88/100|[from] Stealth Rock
|turn|9
|
|t:|1760387251
|move|p2a: Dragapult|Dragon Pulse|p1a: Zamazenta
|-damage|p1a: Zamazenta|45/100
|move|p1a: Zamazenta|Crunch|p2a: Dragapult
|-supereffective|p2a: Dragapult
|-damage|p2a: Dragapult|33/100
|
|-heal|p1a: Zamazenta|51/100|[from] item: Leftovers
|upkeep
|turn|10
|
|t:|1760387259
|switch|p2a: Greninja|Greninja, M|100/100
|-damage|p2a: Greninja|88/100|[from] Stealth Rock
|switch|p1a: Hatterene|Hatterene, F|73/100
|-damage|p1a: Hatterene|61/100|[from] Stealth Rock
|
|upkeep
|turn|11
|
|t:|1760387263
|move|p2a: Greninja|Sludge Wave|p1a: Hatterene
|-supereffective|p1a: Hatterene
|-damage|p1a: Hatterene|11/100
|-damage|p2a: Greninja|78/100|[from] item: Life Orb
|move|p1a: Hatterene|Draining Kiss|p2a: Greninja
|-supereffective|p2a: Greninja
|-damage|p2a: Greninja|2/100
|-heal|p1a: Hatterene|63/100|[from] drain|[of] p2a: Greninja
|
|upkeep
|turn|12
|
|t:|1760387271
|switch|p1a: Darkrai|Darkrai|100/100
|move|p2a: Greninja|Sludge Wave|p1a: Darkrai
|-damage|p1a: Darkrai|56/100
|-damage|p2a: Greninja|0 fnt|[from] item: Life Orb
|faint|p2a: Greninja
|
|upkeep
|
|t:|1760387287
|switch|p2a: Dragapult|Dragapult, F|33/100
|-damage|p2a: Dragapult|21/100|[from] Stealth Rock
|turn|13
|
|t:|1760387294
|move|p2a: Dragapult|Thunderbolt|p1a: Darkrai
|-damage|p1a: Darkrai|10/100
|move|p1a: Darkrai|Ice Beam|p2a: Dragapult
|-supereffective|p2a: Dragapult
|-damage|p2a: Dragapult|0 fnt
|faint|p2a: Dragapult
|
|upkeep
|
|t:|1760387301
|switch|p2a: Landorus|Landorus-Therian, M|100/100
|-damage|p2a: Landorus|88/100|[from] Stealth Rock
|-ability|p2a: Landorus|Intimidate|boost
|-unboost|p1a: Darkrai|atk|1
|turn|14
|
|t:|1760387305
|move|p2a: Landorus|U-turn|p1a: Darkrai
|-supereffective|p1a: Darkrai
|-damage|p1a: Darkrai|0 fnt
|faint|p1a: Darkrai
|
|t:|1760387319
|switch|p2a: Zamazenta|Zamazenta|100/100|[from] U-turn
|-damage|p2a: Zamazenta|94/100|[from] Stealth Rock
|-ability|p2a: Zamazenta|Dauntless Shield|boost
|-boost|p2a: Zamazenta|def|1
|
|upkeep
|
|t:|1760387323
|switch|p1a: Landorus|Landorus-Therian, M|63/100
|-damage|p1a: Landorus|51/100|[from] Stealth Rock
|-ability|p1a: Landorus|Intimidate|boost
|-unboost|p2a: Zamazenta|atk|1
|turn|15
|
|t:|1760387326
|move|p2a: Zamazenta|Iron Defense|p2a: Zamazenta
|-boost|p2a: Zamazenta|def|2
|move|p1a: Landorus|U-turn|p2a: Zamazenta
|-resisted|p2a: Zamazenta
|-damage|p2a: Zamazenta|91/100
|
|t:|1760387331
|switch|p1a: Zamazenta|Zamazenta|51/100|[from] U-turn
|-damage|p1a: Zamazenta|45/100|[from] Stealth Rock
|
|-heal|p1a: Zamazenta|51/100|[from] item: Leftovers
|upkeep
|turn|16
|
|t:|1760387335
|switch|p1a: Gholdengo|Gholdengo|100/100
|-damage|p1a: Gholdengo|94/100|[from] Stealth Rock
|move|p2a: Zamazenta|Body Press|p1a: Gholdengo
|-immune|p1a: Gholdengo
|
|upkeep
|turn|17
|
|t:|1760387339
|move|p2a: Zamazenta|Crunch|p1a: Gholdengo
|-supereffective|p1a: Gholdengo
|-damage|p1a: Gholdengo|67/100
|move|p1a: Gholdengo|Make It Rain|p2a: Zamazenta
|-damage|p2a: Zamazenta|27/100
|-unboost|p1a: Gholdengo|spa|1
|
|upkeep
|turn|18
|
|t:|1760387345
|switch|p1a: Hatterene|Hatterene, F|63/100
|-damage|p1a: Hatterene|50/100|[from] Stealth Rock
|move|p2a: Zamazenta|Rest|p2a: Zamazenta
|-status|p2a: Zamazenta|slp|[from] move: Rest
|-heal|p2a: Zamazenta|100/100 slp|[silent]
|-enditem|p2a: Zamazenta|Chesto Berry|[eat]
|-curestatus|p2a: Zamazenta|slp|[msg]
|
|upkeep
|turn|19
|
|t:|1760387352
|move|p2a: Zamazenta|Body Press|p1a: Hatterene
|-resisted|p1a: Hatterene
|-damage|p1a: Hatterene|26/100
|move|p1a: Hatterene|Draining Kiss|p2a: Zamazenta
|-supereffective|p2a: Zamazenta
|-damage|p2a: Zamazenta|61/100
|-heal|p1a: Hatterene|62/100|[from] drain|[of] p2a: Zamazenta
|
|upkeep
|turn|20
|
|t:|1760387360
|move|p2a: Zamazenta|Iron Defense|p2a: Zamazenta
|-boost|p2a: Zamazenta|def|2
|move|p1a: Hatterene|Draining Kiss|p2a: Zamazenta
|-supereffective|p2a: Zamazenta
|-damage|p2a: Zamazenta|19/100
|-heal|p1a: Hatterene|100/100|[from] drain|[of] p2a: Zamazenta
|
|upkeep
|turn|21
|
|t:|1760387366
|move|p2a: Zamazenta|Body Press|p1a: Hatterene
|-resisted|p1a: Hatterene
|-damage|p1a: Hatterene|68/100
|move|p1a: Hatterene|Draining Kiss|p2a: Zamazenta
|-supereffective|p2a: Zamazenta
|-damage|p2a: Zamazenta|0 fnt
|-heal|p1a: Hatterene|85/100|[from] drain|[of] p2a: Zamazenta
|faint|p2a: Zamazenta
|
|upkeep
|
|t:|1760387373
|switch|p2a: Raikou|Raikou|100/100
|-damage|p2a: Raikou|88/100|[from] Stealth Rock
|turn|22
|
|t:|1760387376
|move|p2a: Raikou|Calm Mind|p2a: Raikou
|-boost|p2a: Raikou|spa|1
|-boost|p2a: Raikou|spd|1
|move|p1a: Hatterene|Mystical Fire|p2a: Raikou
|-crit|p2a: Raikou
|-damage|p2a: Raikou|44/100
|-unboost|p2a: Raikou|spa|1
|
|-heal|p2a: Raikou|50/100|[from] item: Leftovers
|upkeep
|turn|23
|-message|FeeDWeeB forfeited.
|
|win|horsesbehorses
|raw|horsesbehorses's rating: 1469 &rarr; <strong>1488</strong><br />(+19 for winning)
|raw|FeeDWeeB's rating: 1457 &rarr; <strong>1438</strong><br />(-19 for losing)
|l|☆horsesbehorses
|player|p1|
|l|☆FeeDWeeB
|player|p2|
