|j|☆chedeqing
|j|☆Xoviet Yunion
|t:|1760369115
|gametype|singles
|player|p1|chedeqing|firebreather|1481
|player|p2|Xoviet Yunion|shauntal|1511
|gen|9
|tier|[Gen 9] OU
|rated|
|rule|HP Percentage Mod: HP is shown in percentages
|rule|Endless Battle Clause: Forcing endless battles is banned
|rule|Species Clause: Limit one of each Pokémon
|rule|OHKO Clause: OHKO moves are banned
|rule|Evasion Items Clause: Evasion items are banned
|rule|Evasion Moves Clause: Evasion moves are banned
|rule|Evasion Abilities Clause: Evasion abilities are banned
|rule|Sleep Moves Clause: Sleep-inducing moves are banned
|clearpoke
|poke|p1|Grimmsnarl, M|
|poke|p1|Hatterene, F|
|poke|p1|Gliscor, F|
|poke|p1|Dragonite, F|
|poke|p1|Raging Bolt|
|poke|p1|Ogerpon-Wellspring, F|
|poke|p2|Klefki, F|
|poke|p2|Smeargle, M|
|poke|p2|Tinkaton, F|
|poke|p2|Gholdengo|
|poke|p2|Glimmora, F|
|poke|p2|Toxicroak, M|
|teampreview
|inactive|Battle timer is ON: inactive players will automatically lose when time's up. (requested by chedeqing)
|
|t:|1760369127
|teamsize|p1|6
|teamsize|p2|6
|start
|switch|p1a: Hatterene|Hatterene, F, shiny|100/100
|switch|p2a: Gholdengo|Gholdengo|100/100
|turn|1
|
|t:|1760369135
|switch|p1a: Raging Bolt|Raging Bolt|100/100
|-enditem|p1a: Raging Bolt|Booster Energy
|-activate|p1a: Raging Bolt|ability: Protosynthesis|[fromitem]
|-start|p1a: Raging Bolt|protosynthesisspa
|move|p2a: Gholdengo|Make It Rain|p1a: Raging Bolt
|-resisted|p1a: Raging Bolt
|-damage|p1a: Raging Bolt|69/100
|-unboost|p2a: Gholdengo|spa|1
|
|upkeep
|turn|2
|
|t:|1760369145
|switch|p2a: Glimmora|Glimmora, F|100/100
|move|p1a: Raging Bolt|Thunderbolt|p2a: Glimmora
|-damage|p2a: Glimmora|12/100
|
|upkeep
|turn|3
|
|t:|1760369157
|move|p1a: Raging Bolt|Thunderclap|p2a: Glimmora
|-damage|p2a: Glimmora|0 fnt
|faint|p2a: Glimmora
|
|upkeep
|
|t:|1760369159
|switch|p2a: Toxicroak|Toxicroak, M|100/100
|turn|4
|
|t:|1760369163
|move|p1a: Raging Bolt|Thunderbolt|p2a: Toxicroak
|-damage|p2a: Toxicroak|8/100
|move|p2a: Toxicroak|Encore|p1a: Raging Bolt
|-start|p1a: Raging Bolt|Encore
|
|-heal|p2a: Toxicroak|14/100|[from] item: Black Sludge
|upkeep
|turn|5
|
|t:|1760369170
|move|p1a: Raging Bolt|Thunderbolt|p2a: Toxicroak
|-damage|p2a: Toxicroak|0 fnt
|faint|p2a: Toxicroak
|
|upkeep
|
|t:|1760369177
|switch|p2a: Tinkaton|Tinkaton, F|100/100
|-ability|p2a: Tinkaton|Mold Breaker
|-item|p2a: Tinkaton|Air Balloon
|turn|6
|
|t:|1760369186
|-end|p1a: Raging Bolt|Protosynthesis|[silent]
|switch|p1a: Gliscor|Gliscor, F, shiny|100/100
|move|p2a: Tinkaton|Play Rough|p1a: Gliscor
|-damage|p1a: Gliscor|81/100
|
|-status|p1a: Gliscor|tox|[from] item: Toxic Orb
|upkeep
|turn|7
|
|t:|1760369194
|move|p2a: Tinkaton|Stealth Rock|p1a: Gliscor
|-sidestart|p1: chedeqing|move: Stealth Rock
|move|p1a: Gliscor|Facade|p2a: Tinkaton
|-resisted|p2a: Tinkaton
|-damage|p2a: Tinkaton|83/100
|-enditem|p2a: Tinkaton|Air Balloon
|
|-heal|p1a: Gliscor|94/100 tox|[from] ability: Poison Heal
|upkeep
|turn|8
|
|t:|1760369206
|switch|p2a: Gholdengo|Gholdengo|100/100
|move|p1a: Gliscor|Swords Dance|p1a: Gliscor
|-boost|p1a: Gliscor|atk|2
|
|-heal|p1a: Gliscor|100/100 tox|[from] ability: Poison Heal
|upkeep
|turn|9
|
|t:|1760369214
|move|p2a: Gholdengo|Trick|p1a: Gliscor
|-activate|p2a: Gholdengo|move: Trick|[of] p1a: Gliscor
|-item|p1a: Gliscor|Choice Scarf|[from] move: Trick
|-item|p2a: Gholdengo|Toxic Orb|[from] move: Trick
|move|p1a: Gliscor|Facade|p2a: Gholdengo
|-immune|p2a: Gholdengo
|
|upkeep
|turn|10
|
|t:|1760369224
|move|p1a: Gliscor|Facade|p2a: Gholdengo
|-immune|p2a: Gholdengo
|move|p2a: Gholdengo|Shadow Ball|p1a: Gliscor
|-damage|p1a: Gliscor|61/100 tox
|
|-heal|p1a: Gliscor|74/100 tox|[from] ability: Poison Heal
|upkeep
|turn|11
|
|t:|1760369233
|switch|p1a: Grimmsnarl|Grimmsnarl, M, shiny|100/100
|-damage|p1a: Grimmsnarl|88/100|[from] Stealth Rock
|move|p2a: Gholdengo|Shadow Ball|p1a: Grimmsnarl
|-resisted|p1a: Grimmsnarl
|-crit|p1a: Grimmsnarl
|-damage|p1a: Grimmsnarl|66/100
|
|upkeep
|turn|12
|
|t:|1760369242
|move|p1a: Grimmsnarl|Light Screen|p1a: Grimmsnarl
|-sidestart|p1: chedeqing|move: Light Screen
|move|p2a: Gholdengo|Make It Rain|p1a: Grimmsnarl
|-supereffective|p1a: Grimmsnarl
|-damage|p1a: Grimmsnarl|14/100
|-unboost|p2a: Gholdengo|spa|1
|
|upkeep
|turn|13
|
|t:|1760369251
|switch|p2a: Tinkaton|Tinkaton, F|83/100
|-ability|p2a: Tinkaton|Mold Breaker
|switch|p1a: Hatterene|Hatterene, F, shiny|100/100
|-damage|p1a: Hatterene|88/100|[from] Stealth Rock
|
|-heal|p1a: Hatterene|94/100|[from] item: Leftovers
|upkeep
|turn|14
|
|t:|1760369260
|move|p2a: Tinkaton|Gigaton Hammer|p1a: Hatterene
|-supereffective|p1a: Hatterene
|-damage|p1a: Hatterene|22/100
|move|p1a: Hatterene|Mystical Fire|p2a: Tinkaton
|-supereffective|p2a: Tinkaton
|-damage|p2a: Tinkaton|47/100
|-unboost|p2a: Tinkaton|spa|1
|
|-heal|p1a: Hatterene|28/100|[from] item: Leftovers
|upkeep
|turn|15
|
|t:|1760369271
|switch|p1a: Ogerpon|Ogerpon-Wellspring, F|100/100
|-damage|p1a: Ogerpon|88/100|[from] Stealth Rock
|move|p2a: Tinkaton|Play Rough|p1a: Ogerpon
|-damage|p1a: Ogerpon|58/100
|
|upkeep
|turn|16
|
|t:|1760369281
|move|p1a: Ogerpon|Ivy Cudgel|p2a: Tinkaton|[anim] Ivy Cudgel Water
|-damage|p2a: Tinkaton|0 fnt
|faint|p2a: Tinkaton
|
|upkeep
|
|t:|1760369291
|switch|p2a: Gholdengo|Gholdengo|100/100
|turn|17
|
|t:|1760369296
|move|p1a: Ogerpon|Swords Dance|p1a: Ogerpon
|-boost|p1a: Ogerpon|atk|2
|move|p2a: Gholdengo|Shadow Ball|p1a: Ogerpon
|-damage|p1a: Ogerpon|35/100
|
|upkeep
|turn|18
|-message|Xoviet Yunion forfeited.
|
|win|chedeqing
|raw|chedeqing's rating: 1481 &rarr; <strong>1503</strong><br />(+22 for winning)
|raw|Xoviet Yunion's rating: 1511 &rarr; <strong>1489</strong><br />(-22 for losing)
|l|☆Xoviet Yunion
|player|p2|
|l|☆chedeqing
|player|p1|
