|j|☆romandlui
|j|☆horses aren't real
|t:|1760373806
|gametype|singles
|player|p1|romandlui|101|1517
|player|p2|horses aren't real|skullgruntf|1629
|gen|9
|tier|[Gen 9] OU
|rated|
|rule|HP Percentage Mod: HP is shown in percentages
|rule|Endless Battle Clause: Forcing endless battles is banned
|rule|Species Clause: Limit one of each Pokémon
|rule|OHKO Clause: OHKO moves are banned
|rule|Evasion Items Clause: Evasion items are banned
|rule|Evasion Moves Clause: Evasion moves are banned
|rule|Evasion Abilities Clause: Evasion abilities are banned
|rule|Sleep Moves Clause: Sleep-inducing moves are banned
|clearpoke
|poke|p1|Toucannon, F|
|poke|p1|Dragonite, M|
|poke|p1|Zamazenta-*|
|poke|p1|Iron Treads|
|poke|p1|Zapdos|
|poke|p1|Primarina, F|
|poke|p2|Ting-Lu|
|poke|p2|Rillaboom, F|
|poke|p2|Great Tusk|
|poke|p2|Gholdengo|
|poke|p2|Darkrai|
|poke|p2|Tornadus-Therian, M|
|teampreview
|inactive|Battle timer is ON: inactive players will automatically lose when time's up. (requested by horses aren't real)
|
|t:|1760373835
|teamsize|p1|6
|teamsize|p2|6
|start
|switch|p1a: Franky|Toucannon, F|100/100
|switch|p2a: Ting-Lu|Ting-Lu|100/100
|-ability|p2a: Ting-Lu|Vessel of Ruin
|turn|1
|
|t:|1760373842
|switch|p2a: Gholdengo|Gholdengo|100/100
|move|p1a: Franky|Brick Break|p2a: Gholdengo
|-immune|p2a: Gholdengo
|
|upkeep
|turn|2
|
|t:|1760373858
|move|p2a: Gholdengo|Make It Rain|p1a: Franky
|-damage|p1a: Franky|60/100
|-unboost|p2a: Gholdengo|spa|1
|move|p1a: Franky|Knock Off|p2a: Gholdengo
|-supereffective|p2a: Gholdengo
|-damage|p2a: Gholdengo|56/100
|-enditem|p2a: Gholdengo|Shuca Berry|[from] move: Knock Off|[of] p1a: Franky
|
|upkeep
|turn|3
|
|t:|1760373866
|move|p2a: Gholdengo|Nasty Plot|p2a: Gholdengo
|-boost|p2a: Gholdengo|spa|2
|move|p1a: Franky|Knock Off|p2a: Gholdengo
|-supereffective|p2a: Gholdengo
|-damage|p2a: Gholdengo|22/100
|
|upkeep
|turn|4
|
|t:|1760373884
|move|p2a: Gholdengo|Recover|p2a: Gholdengo
|-heal|p2a: Gholdengo|72/100
|move|p1a: Franky|Knock Off|p2a: Gholdengo
|-supereffective|p2a: Gholdengo
|-damage|p2a: Gholdengo|43/100
|
|upkeep
|turn|5
|
|t:|1760373889
|move|p2a: Gholdengo|Recover|p2a: Gholdengo
|-heal|p2a: Gholdengo|93/100
|move|p1a: Franky|Knock Off|p2a: Gholdengo
|-supereffective|p2a: Gholdengo
|-damage|p2a: Gholdengo|61/100
|
|upkeep
|turn|6
|
|t:|1760373892
|switch|p1a: Eustass Kid|Iron Treads|100/100
|-item|p1a: Eustass Kid|Air Balloon
|move|p2a: Gholdengo|Make It Rain|p1a: Eustass Kid
|-resisted|p1a: Eustass Kid
|-damage|p1a: Eustass Kid|49/100
|-unboost|p2a: Gholdengo|spa|1
|-enditem|p1a: Eustass Kid|Air Balloon
|
|upkeep
|turn|7
|
|t:|1760373898
|switch|p2a: Tornadus|Tornadus-Therian, M|100/100
|move|p1a: Eustass Kid|Knock Off|p2a: Tornadus
|-damage|p2a: Tornadus|68/100
|-enditem|p2a: Tornadus|Assault Vest|[from] move: Knock Off|[of] p1a: Eustass Kid
|
|upkeep
|turn|8
|
|t:|1760373907
|-end|p1a: Eustass Kid|Quark Drive|[silent]
|switch|p1a: Enel|Zapdos|100/100
|move|p2a: Tornadus|Heat Wave|p1a: Enel
|-damage|p1a: Enel|75/100
|
|upkeep
|turn|9
|
|t:|1760373914
|switch|p2a: Ting-Lu|Ting-Lu|100/100
|-ability|p2a: Ting-Lu|Vessel of Ruin
|move|p1a: Enel|Hurricane|p2a: Ting-Lu
|-damage|p2a: Ting-Lu|69/100
|
|-heal|p2a: Ting-Lu|75/100|[from] item: Leftovers
|upkeep
|turn|10
|
|t:|1760373922
|switch|p1a: Shanks|Zamazenta|100/100
|-ability|p1a: Shanks|Dauntless Shield|boost
|-boost|p1a: Shanks|def|1
|move|p2a: Ting-Lu|Whirlwind|p1a: Shanks
|drag|p1a: Enel|Zapdos|75/100
|
|-heal|p2a: Ting-Lu|81/100|[from] item: Leftovers
|upkeep
|turn|11
|
|t:|1760373925
|move|p1a: Enel|Hurricane|p2a: Ting-Lu
|-damage|p2a: Ting-Lu|50/100
|move|p2a: Ting-Lu|Spikes|p1a: Enel
|-sidestart|p1: romandlui|Spikes
|
|-heal|p2a: Ting-Lu|56/100|[from] item: Leftovers
|upkeep
|turn|12
|
|t:|1760373928
|move|p1a: Enel|Hurricane|p2a: Ting-Lu|[miss]
|-miss|p1a: Enel|p2a: Ting-Lu
|move|p2a: Ting-Lu|Whirlwind|p1a: Enel
|drag|p1a: Monkey D. nite|Dragonite, M|100/100
|
|-heal|p2a: Ting-Lu|62/100|[from] item: Leftovers
|upkeep
|turn|13
|
|t:|1760373934
|move|p1a: Monkey D. nite|Scale Shot|p2a: Ting-Lu|[miss]
|-miss|p1a: Monkey D. nite|p2a: Ting-Lu
|move|p2a: Ting-Lu|Ruination|p1a: Monkey D. nite
|-damage|p1a: Monkey D. nite|51/100
|
|-heal|p2a: Ting-Lu|68/100|[from] item: Leftovers
|upkeep
|turn|14
|
|t:|1760373937
|move|p1a: Monkey D. nite|Dragon Dance|p1a: Monkey D. nite
|-boost|p1a: Monkey D. nite|atk|1
|-boost|p1a: Monkey D. nite|spe|1
|move|p2a: Ting-Lu|Payback|p1a: Monkey D. nite
|-damage|p1a: Monkey D. nite|8/100
|
|-heal|p2a: Ting-Lu|74/100|[from] item: Leftovers
|upkeep
|turn|15
|
|t:|1760373939
|move|p1a: Monkey D. nite|Scale Shot|p2a: Ting-Lu
|-damage|p2a: Ting-Lu|63/100
|-damage|p2a: Ting-Lu|51/100
|-damage|p2a: Ting-Lu|40/100
|-damage|p2a: Ting-Lu|27/100
|-damage|p2a: Ting-Lu|15/100
|-hitcount|p2a: Ting-Lu|5
|-unboost|p1a: Monkey D. nite|def|1
|-boost|p1a: Monkey D. nite|spe|1
|move|p2a: Ting-Lu|Payback|p1a: Monkey D. nite
|-damage|p1a: Monkey D. nite|0 fnt
|faint|p1a: Monkey D. nite
|
|-heal|p2a: Ting-Lu|21/100|[from] item: Leftovers
|upkeep
|
|t:|1760373947
|switch|p1a: Enel|Zapdos|75/100
|turn|16
|
|t:|1760373950
|switch|p2a: Gholdengo|Gholdengo|61/100
|move|p1a: Enel|Hurricane|p2a: Gholdengo
|-resisted|p2a: Gholdengo
|-damage|p2a: Gholdengo|20/100
|
|upkeep
|turn|17
|
|t:|1760373956
|move|p1a: Enel|Hurricane|p2a: Gholdengo
|-resisted|p2a: Gholdengo
|-damage|p2a: Gholdengo|0 fnt
|faint|p2a: Gholdengo
|
|upkeep
|
|t:|1760373959
|switch|p2a: Darkrai|Darkrai|100/100
|turn|18
|
|t:|1760373961
|switch|p1a: Shirahoshi|Primarina, F|100/100
|-damage|p1a: Shirahoshi|88/100|[from] Spikes
|move|p2a: Darkrai|Ice Beam|p1a: Shirahoshi
|-resisted|p1a: Shirahoshi
|-damage|p1a: Shirahoshi|79/100
|
|upkeep
|turn|19
|
|t:|1760373968
|switch|p2a: Ting-Lu|Ting-Lu|21/100
|-ability|p2a: Ting-Lu|Vessel of Ruin
|move|p1a: Shirahoshi|Moonblast|p2a: Ting-Lu
|-supereffective|p2a: Ting-Lu
|-damage|p2a: Ting-Lu|0 fnt
|faint|p2a: Ting-Lu
|
|upkeep
|
|t:|1760373972
|switch|p2a: Great Tusk|Great Tusk|100/100
|turn|20
|
|t:|1760373976
|move|p2a: Great Tusk|Stealth Rock|p1a: Shirahoshi
|-sidestart|p1: romandlui|move: Stealth Rock
|move|p1a: Shirahoshi|Moonblast|p2a: Great Tusk
|-supereffective|p2a: Great Tusk
|-damage|p2a: Great Tusk|0 fnt
|faint|p2a: Great Tusk
|-end|p2a: Great Tusk|Protosynthesis|[silent]
|
|upkeep
|
|t:|1760373980
|switch|p2a: Rillaboom|Rillaboom, F|100/100
|-fieldstart|move: Grassy Terrain|[from] ability: Grassy Surge|[of] p2a: Rillaboom
|turn|21
|
|t:|1760373986
|move|p2a: Rillaboom|Grassy Glide|p1a: Shirahoshi
|-supereffective|p1a: Shirahoshi
|-damage|p1a: Shirahoshi|0 fnt
|faint|p1a: Shirahoshi
|
|upkeep
|
|t:|1760373991
|switch|p1a: Franky|Toucannon, F|60/100
|-damage|p1a: Franky|35/100|[from] Stealth Rock
|turn|22
|
|t:|1760373995
|-singleturn|p1a: Franky|move: Beak Blast
|move|p2a: Rillaboom|Knock Off|p1a: Franky
|-damage|p1a: Franky|0 fnt
|-status|p2a: Rillaboom|brn
|-enditem|p1a: Franky|Assault Vest|[from] move: Knock Off|[of] p2a: Rillaboom
|faint|p1a: Franky
|
|-damage|p2a: Rillaboom|94/100 brn|[from] brn
|upkeep
|
|t:|1760373999
|switch|p1a: Eustass Kid|Iron Treads|49/100
|-damage|p1a: Eustass Kid|37/100|[from] Spikes
|-damage|p1a: Eustass Kid|34/100|[from] Stealth Rock
|turn|23
|
|t:|1760374002
|move|p1a: Eustass Kid|Rapid Spin|p2a: Rillaboom
|-damage|p2a: Rillaboom|81/100 brn
|-boost|p1a: Eustass Kid|spe|1
|-sideend|p1: romandlui|Spikes|[from] move: Rapid Spin|[of] p1a: Eustass Kid
|-sideend|p1: romandlui|Stealth Rock|[from] move: Rapid Spin|[of] p1a: Eustass Kid
|move|p2a: Rillaboom|Low Kick|p1a: Eustass Kid
|-supereffective|p1a: Eustass Kid
|-damage|p1a: Eustass Kid|0 fnt
|faint|p1a: Eustass Kid
|-end|p1a: Eustass Kid|Quark Drive|[silent]
|
|-heal|p2a: Rillaboom|87/100 brn|[from] Grassy Terrain
|-damage|p2a: Rillaboom|81/100 brn|[from] brn
|upkeep
|
|t:|1760374005
|switch|p1a: Enel|Zapdos|75/100
|turn|24
|
|t:|1760374012
|move|p2a: Rillaboom|Grassy Glide|p1a: Enel
|-resisted|p1a: Enel
|-damage|p1a: Enel|64/100
|move|p1a: Enel|Heat Wave|p2a: Rillaboom
|-supereffective|p2a: Rillaboom
|-damage|p2a: Rillaboom|0 fnt
|faint|p2a: Rillaboom
|
|upkeep
|
|t:|1760374017
|switch|p2a: Darkrai|Darkrai|100/100
|turn|25
|
|t:|1760374023
|switch|p1a: Shanks|Zamazenta|100/100
|move|p2a: Darkrai|Ice Beam|p1a: Shanks
|-damage|p1a: Shanks|69/100
|
|-heal|p1a: Shanks|76/100|[from] Grassy Terrain
|upkeep
|turn|26
|
|t:|1760374028
|-terastallize|p2a: Darkrai|Poison
|move|p1a: Shanks|Stone Edge|p2a: Darkrai
|-damage|p2a: Darkrai|36/100
|move|p2a: Darkrai|Sludge Bomb|p1a: Shanks
|-damage|p1a: Shanks|30/100
|
|-heal|p1a: Shanks|36/100|[from] Grassy Terrain
|-heal|p2a: Darkrai|42/100|[from] Grassy Terrain
|upkeep
|turn|27
|
|t:|1760374033
|move|p1a: Shanks|Stone Edge|p2a: Darkrai
|-damage|p2a: Darkrai|0 fnt
|faint|p2a: Darkrai
|
|-heal|p1a: Shanks|43/100|[from] Grassy Terrain
|upkeep
|
|t:|1760374035
|switch|p2a: Tornadus|Tornadus-Therian, M|100/100
|turn|28
|
|t:|1760374038
|move|p1a: Shanks|Stone Edge|p2a: Tornadus
|-supereffective|p2a: Tornadus
|-damage|p2a: Tornadus|0 fnt
|faint|p2a: Tornadus
|
|win|romandlui
|raw|romandlui's rating: 1517 &rarr; <strong>1543</strong><br />(+26 for winning)
|raw|horses aren&apos;t real's rating: 1629 &rarr; <strong>1603</strong><br />(-26 for losing)
|l|☆romandlui
|player|p1|
|l|☆horses aren't real
|player|p2|
