|j|☆kurobots
|j|☆nailik76
|t:|1760371657
|gametype|singles
|player|p1|kurobots|ghetsis-gen5bw|1590
|player|p2|nailik76|janine|1634
|gen|9
|tier|[Gen 9] OU
|rated|
|rule|HP Percentage Mod: HP is shown in percentages
|rule|Endless Battle Clause: Forcing endless battles is banned
|rule|Species Clause: Limit one of each Pokémon
|rule|OHKO Clause: OHKO moves are banned
|rule|Evasion Items Clause: Evasion items are banned
|rule|Evasion Moves Clause: Evasion moves are banned
|rule|Evasion Abilities Clause: Evasion abilities are banned
|rule|Sleep Moves Clause: Sleep-inducing moves are banned
|clearpoke
|poke|p1|Skeledirge, M|
|poke|p1|Ogerpon-Wellspring, F|
|poke|p1|Dragapult, M|
|poke|p1|Weezing-Galar, M|
|poke|p1|Ting-Lu|
|poke|p1|Corviknight, F|
|poke|p2|Moltres|
|poke|p2|Dragapult, M|
|poke|p2|Great Tusk|
|poke|p2|Primarina, M|
|poke|p2|Kingambit, M|
|poke|p2|Okidogi, M|
|teampreview
|inactive|Battle timer is ON: inactive players will automatically lose when time's up. (requested by kurobots)
|
|t:|1760371697
|teamsize|p1|6
|teamsize|p2|6
|start
|switch|p1a: Weezing|Weezing-Galar, M|100/100
|switch|p2a: Primarina|Primarina, M|100/100
|-ability|p1a: Weezing|Neutralizing Gas
|turn|1
|
|t:|1760371710
|move|p1a: Weezing|Sludge Bomb|p2a: Primarina
|-supereffective|p2a: Primarina
|-damage|p2a: Primarina|71/100
|move|p2a: Primarina|Psychic Noise|p1a: Weezing
|-supereffective|p1a: Weezing
|-damage|p1a: Weezing|20/100
|-start|p1a: Weezing|move: Heal Block
|
|upkeep
|turn|2
|
|t:|1760371717
|-end|p1a: Weezing|ability: Neutralizing Gas
|switch|p1a: Ting-Lu|Ting-Lu, shiny|100/100
|-ability|p1a: Ting-Lu|Vessel of Ruin
|move|p2a: Primarina|Draining Kiss|p1a: Ting-Lu
|-supereffective|p1a: Ting-Lu
|-damage|p1a: Ting-Lu|79/100
|-heal|p2a: Primarina|94/100|[from] drain|[of] p1a: Ting-Lu
|
|-heal|p1a: Ting-Lu|85/100|[from] item: Leftovers
|upkeep
|turn|3
|
|t:|1760371723
|move|p2a: Primarina|Psychic Noise|p1a: Ting-Lu
|-supereffective|p1a: Ting-Lu
|-damage|p1a: Ting-Lu|49/100
|-start|p1a: Ting-Lu|move: Heal Block
|move|p1a: Ting-Lu|Stealth Rock|p2a: Primarina
|-sidestart|p2: nailik76|move: Stealth Rock
|
|upkeep
|turn|4
|
|t:|1760371729
|switch|p1a: Ogerpon|Ogerpon-Wellspring, F|100/100
|move|p2a: Primarina|Psychic Noise|p1a: Ogerpon
|-immune|p1a: Ogerpon|[from] ability: Water Absorb
|
|upkeep
|turn|5
|
|t:|1760371735
|switch|p2a: Moltres|Moltres|100/100
|move|p1a: Ogerpon|Knock Off|p2a: Moltres
|-damage|p2a: Moltres|77/100
|-enditem|p2a: Moltres|Heavy-Duty Boots|[from] move: Knock Off|[of] p1a: Ogerpon
|
|upkeep
|turn|6
|
|t:|1760371744
|move|p1a: Ogerpon|Ivy Cudgel|p2a: Moltres|[anim] Ivy Cudgel Water
|-supereffective|p2a: Moltres
|-damage|p2a: Moltres|1/100
|move|p2a: Moltres|Will-O-Wisp|p1a: Ogerpon
|-status|p1a: Ogerpon|brn
|
|-damage|p1a: Ogerpon|94/100 brn|[from] brn
|upkeep
|turn|7
|
|t:|1760371749
|move|p1a: Ogerpon|Ivy Cudgel|p2a: Moltres|[anim] Ivy Cudgel Water
|-supereffective|p2a: Moltres
|-damage|p2a: Moltres|0 fnt
|faint|p2a: Moltres
|
|-damage|p1a: Ogerpon|88/100 brn|[from] brn
|upkeep
|
|t:|1760371754
|switch|p2a: Okidogi|Okidogi, M|100/100
|-damage|p2a: Okidogi|94/100|[from] Stealth Rock
|turn|8
|
|t:|1760371760
|move|p1a: Ogerpon|Spikes|p2a: Okidogi
|-sidestart|p2: nailik76|Spikes
|move|p2a: Okidogi|Bulk Up|p2a: Okidogi
|-boost|p2a: Okidogi|atk|1
|-boost|p2a: Okidogi|def|1
|
|-heal|p2a: Okidogi|100/100|[from] item: Leftovers
|-damage|p1a: Ogerpon|82/100 brn|[from] brn
|upkeep
|turn|9
|
|t:|1760371768
|switch|p1a: Corviknight|Corviknight, F|100/100
|-ability|p1a: Corviknight|Pressure
|move|p2a: Okidogi|Gunk Shot|p1a: Corviknight
|-immune|p1a: Corviknight
|
|upkeep
|turn|10
|
|t:|1760371770
|move|p2a: Okidogi|Drain Punch|p1a: Corviknight
|-damage|p1a: Corviknight|66/100
|-damage|p2a: Okidogi|84/100|[from] item: Rocky Helmet|[of] p1a: Corviknight
|move|p1a: Corviknight|Iron Defense|p1a: Corviknight
|-boost|p1a: Corviknight|def|2
|
|-heal|p2a: Okidogi|90/100|[from] item: Leftovers
|upkeep
|turn|11
|
|t:|1760371776
|switch|p2a: Dragapult|Dragapult, M|100/100
|-damage|p2a: Dragapult|88/100|[from] Stealth Rock
|-damage|p2a: Dragapult|76/100|[from] Spikes
|move|p1a: Corviknight|Roost|p1a: Corviknight
|-heal|p1a: Corviknight|100/100
|-singleturn|p1a: Corviknight|move: Roost
|
|upkeep
|turn|12
|
|t:|1760371781
|switch|p1a: Ting-Lu|Ting-Lu, shiny|49/100
|-ability|p1a: Ting-Lu|Vessel of Ruin
|move|p2a: Dragapult|Flamethrower|p1a: Ting-Lu
|-damage|p1a: Ting-Lu|31/100
|
|-heal|p1a: Ting-Lu|38/100|[from] item: Leftovers
|upkeep
|turn|13
|
|t:|1760371787
|switch|p2a: Great Tusk|Great Tusk|100/100
|-damage|p2a: Great Tusk|98/100|[from] Stealth Rock
|-damage|p2a: Great Tusk|85/100|[from] Spikes
|move|p1a: Ting-Lu|Earthquake|p2a: Great Tusk
|-damage|p2a: Great Tusk|62/100
|
|-heal|p2a: Great Tusk|68/100|[from] item: Leftovers
|-heal|p1a: Ting-Lu|44/100|[from] item: Leftovers
|upkeep
|turn|14
|
|t:|1760371796
|move|p2a: Great Tusk|Stealth Rock|p1a: Ting-Lu
|-sidestart|p1: kurobots|move: Stealth Rock
|move|p1a: Ting-Lu|Earthquake|p2a: Great Tusk
|-damage|p2a: Great Tusk|46/100
|
|-heal|p2a: Great Tusk|52/100|[from] item: Leftovers
|-heal|p1a: Ting-Lu|50/100|[from] item: Leftovers
|upkeep
|turn|15
|
|t:|1760371802
|switch|p1a: Dragapult|Dragapult, M|100/100
|-damage|p1a: Dragapult|88/100|[from] Stealth Rock
|move|p2a: Great Tusk|Ice Spinner|p1a: Dragapult
|-supereffective|p1a: Dragapult
|-damage|p1a: Dragapult|28/100
|
|-heal|p2a: Great Tusk|59/100|[from] item: Leftovers
|upkeep
|turn|16
|
|t:|1760371811
|-end|p2a: Great Tusk|Protosynthesis|[silent]
|switch|p2a: Primarina|Primarina, M|94/100
|-damage|p2a: Primarina|81/100|[from] Stealth Rock
|-damage|p2a: Primarina|69/100|[from] Spikes
|move|p1a: Dragapult|Draco Meteor|p2a: Primarina
|-immune|p2a: Primarina
|
|upkeep
|turn|17
|
|t:|1760371819
|switch|p1a: Weezing|Weezing-Galar, M|20/100
|-ability|p1a: Weezing|Neutralizing Gas
|move|p2a: Primarina|Draining Kiss|p1a: Weezing
|-resisted|p1a: Weezing
|-damage|p1a: Weezing|0 fnt
|-heal|p2a: Primarina|83/100|[from] drain|[of] p1a: Weezing
|faint|p1a: Weezing
|-end|p1a: Weezing|ability: Neutralizing Gas
|
|upkeep
|
|t:|1760371825
|switch|p1a: Ogerpon|Ogerpon-Wellspring, F|82/100 brn
|-damage|p1a: Ogerpon|70/100 brn|[from] Stealth Rock
|turn|18
|
|t:|1760371829
|switch|p2a: Okidogi|Okidogi, M|90/100
|-damage|p2a: Okidogi|84/100|[from] Stealth Rock
|-damage|p2a: Okidogi|72/100|[from] Spikes
|move|p1a: Ogerpon|Knock Off|p2a: Okidogi
|-resisted|p2a: Okidogi
|-damage|p2a: Okidogi|65/100
|-enditem|p2a: Okidogi|Leftovers|[from] move: Knock Off|[of] p1a: Ogerpon
|
|-damage|p1a: Ogerpon|64/100 brn|[from] brn
|upkeep
|turn|19
|
|t:|1760371836
|move|p1a: Ogerpon|Spikes|p2a: Okidogi
|-sidestart|p2: nailik76|Spikes
|move|p2a: Okidogi|Drain Punch|p1a: Ogerpon
|-damage|p1a: Ogerpon|18/100 brn
|-heal|p2a: Okidogi|87/100|[from] drain|[of] p1a: Ogerpon
|
|-damage|p1a: Ogerpon|12/100 brn|[from] brn
|upkeep
|turn|20
|
|t:|1760371841
|move|p1a: Ogerpon|Spikes|p2a: Okidogi
|-sidestart|p2: nailik76|Spikes
|move|p2a: Okidogi|Drain Punch|p1a: Ogerpon
|-damage|p1a: Ogerpon|0 fnt
|-heal|p2a: Okidogi|93/100|[from] drain|[of] p1a: Ogerpon
|faint|p1a: Ogerpon
|
|upkeep
|
|t:|1760371855
|switch|p1a: Corviknight|Corviknight, F|100/100
|-damage|p1a: Corviknight|88/100|[from] Stealth Rock
|-ability|p1a: Corviknight|Pressure
|turn|21
|
|t:|1760371867
|switch|p2a: Great Tusk|Great Tusk|59/100
|-damage|p2a: Great Tusk|56/100|[from] Stealth Rock
|-damage|p2a: Great Tusk|31/100|[from] Spikes
|move|p1a: Corviknight|U-turn|p2a: Great Tusk
|-resisted|p2a: Great Tusk
|-damage|p2a: Great Tusk|26/100
|
|t:|1760371871
|switch|p1a: Dragapult|Dragapult, M|28/100|[from] U-turn
|-damage|p1a: Dragapult|16/100|[from] Stealth Rock
|
|-heal|p2a: Great Tusk|32/100|[from] item: Leftovers
|upkeep
|turn|22
|
|t:|1760371895
|move|p1a: Dragapult|Shadow Ball|p2a: Great Tusk
|-damage|p2a: Great Tusk|0 fnt
|faint|p2a: Great Tusk
|-end|p2a: Great Tusk|Protosynthesis|[silent]
|
|upkeep
|
|t:|1760371902
|switch|p2a: Primarina|Primarina, M|83/100
|-damage|p2a: Primarina|70/100|[from] Stealth Rock
|-damage|p2a: Primarina|45/100|[from] Spikes
|turn|23
|
|t:|1760371907
|move|p1a: Dragapult|Shadow Ball|p2a: Primarina
|-damage|p2a: Primarina|16/100
|-unboost|p2a: Primarina|spd|1
|move|p2a: Primarina|Draining Kiss|p1a: Dragapult
|-supereffective|p1a: Dragapult
|-damage|p1a: Dragapult|0 fnt
|-heal|p2a: Primarina|26/100|[from] drain|[of] p1a: Dragapult
|faint|p1a: Dragapult
|
|upkeep
|
|t:|1760371915
|switch|p1a: Skeledirge|Skeledirge, M|100/100
|turn|24
|
|t:|1760371925
|-terastallize|p1a: Skeledirge|Dark
|move|p1a: Skeledirge|Torch Song|p2a: Primarina
|-resisted|p2a: Primarina
|-damage|p2a: Primarina|18/100
|-boost|p1a: Skeledirge|spa|1
|move|p2a: Primarina|Psychic Noise|p1a: Skeledirge
|-damage|p1a: Skeledirge|68/100
|-start|p1a: Skeledirge|move: Heal Block
|
|upkeep
|turn|25
|
|t:|1760371933
|move|p1a: Skeledirge|Earth Power|p2a: Primarina
|-damage|p2a: Primarina|0 fnt
|faint|p2a: Primarina
|
|-end|p1a: Skeledirge|move: Heal Block
|upkeep
|
|t:|1760371949
|switch|p2a: Dragapult|Dragapult, M|76/100
|-damage|p2a: Dragapult|64/100|[from] Stealth Rock
|-damage|p2a: Dragapult|39/100|[from] Spikes
|turn|26
|
|t:|1760371953
|move|p2a: Dragapult|Draco Meteor|p1a: Skeledirge|[miss]
|-miss|p2a: Dragapult|p1a: Skeledirge
|move|p1a: Skeledirge|Slack Off|p1a: Skeledirge
|-heal|p1a: Skeledirge|100/100
|
|upkeep
|turn|27
|
|t:|1760371960
|move|p2a: Dragapult|Draco Meteor|p1a: Skeledirge
|-damage|p1a: Skeledirge|40/100
|-unboost|p2a: Dragapult|spa|2
|move|p1a: Skeledirge|Torch Song|p2a: Dragapult
|-resisted|p2a: Dragapult
|-damage|p2a: Dragapult|10/100
|-boost|p1a: Skeledirge|spa|1
|
|upkeep
|turn|28
|
|t:|1760371967
|move|p2a: Dragapult|Draco Meteor|p1a: Skeledirge
|-damage|p1a: Skeledirge|0 fnt
|-unboost|p2a: Dragapult|spa|2
|faint|p1a: Skeledirge
|
|upkeep
|
|t:|1760371973
|switch|p1a: Corviknight|Corviknight, F|88/100
|-damage|p1a: Corviknight|75/100|[from] Stealth Rock
|-ability|p1a: Corviknight|Pressure
|turn|29
|
|t:|1760371979
|switch|p2a: Okidogi|Okidogi, M|93/100
|-damage|p2a: Okidogi|87/100|[from] Stealth Rock
|-damage|p2a: Okidogi|62/100|[from] Spikes
|move|p1a: Corviknight|Iron Defense|p1a: Corviknight
|-boost|p1a: Corviknight|def|2
|
|upkeep
|turn|30
|
|t:|1760371983
|move|p2a: Okidogi|Bulk Up|p2a: Okidogi
|-boost|p2a: Okidogi|atk|1
|-boost|p2a: Okidogi|def|1
|move|p1a: Corviknight|Iron Defense|p1a: Corviknight
|-boost|p1a: Corviknight|def|2
|
|upkeep
|turn|31
|
|t:|1760371985
|move|p2a: Okidogi|Bulk Up|p2a: Okidogi
|-boost|p2a: Okidogi|atk|1
|-boost|p2a: Okidogi|def|1
|move|p1a: Corviknight|Iron Defense|p1a: Corviknight
|-boost|p1a: Corviknight|def|2
|
|upkeep
|turn|32
|
|t:|1760371988
|move|p2a: Okidogi|Bulk Up|p2a: Okidogi
|-boost|p2a: Okidogi|atk|1
|-boost|p2a: Okidogi|def|1
|move|p1a: Corviknight|Body Press|p2a: Okidogi
|-resisted|p2a: Okidogi
|-damage|p2a: Okidogi|45/100
|
|upkeep
|turn|33
|
|t:|1760371991
|move|p2a: Okidogi|Bulk Up|p2a: Okidogi
|-boost|p2a: Okidogi|atk|1
|-boost|p2a: Okidogi|def|1
|move|p1a: Corviknight|Body Press|p2a: Okidogi
|-resisted|p2a: Okidogi
|-damage|p2a: Okidogi|33/100
|
|upkeep
|turn|34
|
|t:|1760371995
|move|p2a: Okidogi|Drain Punch|p1a: Corviknight
|-damage|p1a: Corviknight|58/100
|-heal|p2a: Okidogi|42/100|[from] drain|[of] p1a: Corviknight
|-damage|p2a: Okidogi|25/100|[from] item: Rocky Helmet|[of] p1a: Corviknight
|move|p1a: Corviknight|Body Press|p2a: Okidogi
|-resisted|p2a: Okidogi
|-damage|p2a: Okidogi|12/100
|
|upkeep
|turn|35
|
|t:|1760372004
|move|p2a: Okidogi|Bulk Up|p2a: Okidogi
|-boost|p2a: Okidogi|atk|1
|-boost|p2a: Okidogi|def|1
|move|p1a: Corviknight|Roost|p1a: Corviknight
|-heal|p1a: Corviknight|100/100
|-singleturn|p1a: Corviknight|move: Roost
|
|upkeep
|turn|36
|
|t:|1760372009
|move|p2a: Okidogi|Drain Punch|p1a: Corviknight
|-damage|p1a: Corviknight|77/100
|-heal|p2a: Okidogi|24/100|[from] drain|[of] p1a: Corviknight
|-damage|p2a: Okidogi|8/100|[from] item: Rocky Helmet|[of] p1a: Corviknight
|move|p1a: Corviknight|Body Press|p2a: Okidogi
|-resisted|p2a: Okidogi
|-damage|p2a: Okidogi|0 fnt
|faint|p2a: Okidogi
|
|upkeep
|
|t:|1760372018
|switch|p2a: Dragapult|Dragapult, M|10/100
|-damage|p2a: Dragapult|0 fnt|[from] Stealth Rock
|faint|p2a: Dragapult
|
|t:|1760372019
|switch|p2a: Kingambit|Kingambit, M|100/100
|-damage|p2a: Kingambit|94/100|[from] Stealth Rock
|-damage|p2a: Kingambit|69/100|[from] Spikes
|-activate|p2a: Kingambit|ability: Supreme Overlord
|-start|p2a: Kingambit|fallen5|[silent]
|turn|37
|
|t:|1760372025
|-terastallize|p2a: Kingambit|Flying
|move|p2a: Kingambit|Swords Dance|p2a: Kingambit
|-boost|p2a: Kingambit|atk|2
|move|p1a: Corviknight|Body Press|p2a: Kingambit
|-resisted|p2a: Kingambit
|-damage|p2a: Kingambit|23/100
|
|-heal|p2a: Kingambit|29/100|[from] item: Leftovers
|upkeep
|turn|38
|
|t:|1760372032
|move|p2a: Kingambit|Kowtow Cleave|p1a: Corviknight
|-damage|p1a: Corviknight|53/100
|-damage|p2a: Kingambit|13/100|[from] item: Rocky Helmet|[of] p1a: Corviknight
|move|p1a: Corviknight|Body Press|p2a: Kingambit
|-resisted|p2a: Kingambit
|-damage|p2a: Kingambit|0 fnt
|faint|p2a: Kingambit
|-end|p2a: Kingambit|fallen5|[silent]
|
|win|kurobots
|raw|kurobots's rating: 1590 &rarr; <strong>1613</strong><br />(+23 for winning)
|raw|nailik76's rating: 1634 &rarr; <strong>1611</strong><br />(-23 for losing)
|l|☆nailik76
|player|p2|
|l|☆kurobots
|player|p1|
