|j|☆asstrublu
|j|☆gregererg
|t:|1760336569
|gametype|singles
|player|p1|asstrublu|n|1234
|player|p2|gregererg|170|1184
|gen|9
|tier|[Gen 9] OU
|rated|
|rule|HP Percentage Mod: HP is shown in percentages
|rule|Endless Battle Clause: Forcing endless battles is banned
|rule|Species Clause: Limit one of each Pokémon
|rule|OHKO Clause: OHKO moves are banned
|rule|Evasion Items Clause: Evasion items are banned
|rule|Evasion Moves Clause: Evasion moves are banned
|rule|Evasion Abilities Clause: Evasion abilities are banned
|rule|Sleep Moves Clause: Sleep-inducing moves are banned
|clearpoke
|poke|p1|Indeedee, M|
|poke|p1|Polteageist|
|poke|p1|Iron Crown|
|poke|p1|Landorus-Therian, M|
|poke|p1|Hawlucha, M|
|poke|p1|Cinderace, M|
|poke|p2|Torkoal, M|
|poke|p2|Heatran, F|
|poke|p2|Scovillain, F|
|poke|p2|Hatterene, F|
|poke|p2|Great Tusk|
|poke|p2|Walking Wake|
|teampreview
|inactive|Battle timer is ON: inactive players will automatically lose when time's up. (requested by asstrublu)
|
|t:|1760336583
|teamsize|p1|6
|teamsize|p2|6
|start
|switch|p1a: Indeedee|Indeedee, M|100/100
|switch|p2a: Heatran|Heatran, F|100/100
|-item|p2a: Heatran|Air Balloon
|-fieldstart|move: Psychic Terrain|[from] ability: Psychic Surge|[of] p1a: Indeedee
|turn|1
|inactive|asstrublu has 120 seconds left.
|
|t:|1760336633
|move|p2a: Heatran|Magma Storm|p1a: Indeedee
|-damage|p1a: Indeedee|36/100
|-activate|p1a: Indeedee|move: Magma Storm|[of] p2a: Heatran
|move|p1a: Indeedee|Expanding Force|p2a: Heatran
|-resisted|p2a: Heatran
|-damage|p2a: Heatran|71/100
|-enditem|p2a: Heatran|Air Balloon
|
|-damage|p1a: Indeedee|24/100|[from] move: Magma Storm|[partiallytrapped]
|upkeep
|turn|2
|
|t:|1760336646
|move|p2a: Heatran|Taunt|p1a: Indeedee
|-start|p1a: Indeedee|move: Taunt
|cant|p1a: Indeedee|move: Taunt|Healing Wish
|
|-damage|p1a: Indeedee|12/100|[from] move: Magma Storm|[partiallytrapped]
|upkeep
|turn|3
|
|t:|1760336652
|move|p2a: Heatran|Stealth Rock|p1a: Indeedee
|-sidestart|p1: asstrublu|move: Stealth Rock
|move|p1a: Indeedee|Expanding Force|p2a: Heatran
|-resisted|p2a: Heatran
|-damage|p2a: Heatran|42/100
|
|-damage|p1a: Indeedee|0 fnt|[from] move: Magma Storm|[partiallytrapped]
|faint|p1a: Indeedee
|upkeep
|inactive|asstrublu has 120 seconds left.
|
|t:|1760336677
|switch|p1a: Landorus|Landorus-Therian, M|100/100
|-damage|p1a: Landorus|88/100|[from] Stealth Rock
|-ability|p1a: Landorus|Intimidate|boost
|-unboost|p2a: Heatran|atk|1
|turn|4
|
|t:|1760336681
|switch|p2a: Hatterene|Hatterene, F, shiny|100/100
|move|p1a: Landorus|Earthquake|p2a: Hatterene
|-damage|p2a: Hatterene|58/100
|-enditem|p2a: Hatterene|Eject Button
|
|t:|1760336696
|switch|p2a: Walking Wake|Walking Wake|100/100
|
|upkeep
|turn|5
|
|t:|1760336705
|switch|p1a: Iron Crown|Iron Crown|100/100
|-damage|p1a: Iron Crown|94/100|[from] Stealth Rock
|move|p2a: Walking Wake|Hydro Steam|p1a: Iron Crown
|-damage|p1a: Iron Crown|29/100
|
|upkeep
|turn|6
|
|t:|1760336735
|-end|p2a: Walking Wake|Protosynthesis|[silent]
|switch|p2a: Torkoal|Torkoal, M|100/100
|-weather|SunnyDay|[from] ability: Drought|[of] p2a: Torkoal
|move|p1a: Iron Crown|Expanding Force|p2a: Torkoal
|-damage|p2a: Torkoal|0 fnt
|faint|p2a: Torkoal
|
|-weather|SunnyDay|[upkeep]
|upkeep
|
|t:|1760336743
|switch|p2a: Scovillain|Scovillain, F|100/100
|turn|7
|
|t:|1760336756
|move|p2a: Scovillain|Flamethrower|p1a: Iron Crown
|-supereffective|p1a: Iron Crown
|-damage|p1a: Iron Crown|0 fnt
|faint|p1a: Iron Crown
|-end|p1a: Iron Crown|Quark Drive|[silent]
|-damage|p2a: Scovillain|91/100|[from] item: Life Orb
|
|-weather|SunnyDay|[upkeep]
|upkeep
|
|t:|1760336759
|switch|p1a: Hawlucha|Hawlucha, M|100/100
|-damage|p1a: Hawlucha|88/100|[from] Stealth Rock
|-enditem|p1a: Hawlucha|Psychic Seed
|-boost|p1a: Hawlucha|spd|1|[from] item: Psychic Seed
|turn|8
|
|t:|1760336781
|switch|p2a: Heatran|Heatran, F|42/100
|move|p1a: Hawlucha|Acrobatics|p2a: Heatran
|-resisted|p2a: Heatran
|-damage|p2a: Heatran|18/100
|
|-weather|SunnyDay|[upkeep]
|-fieldend|move: Psychic Terrain
|upkeep
|turn|9
|
|t:|1760336789
|move|p1a: Hawlucha|Acrobatics|p2a: Heatran
|-resisted|p2a: Heatran
|-damage|p2a: Heatran|0 fnt
|faint|p2a: Heatran
|
|-weather|SunnyDay|[upkeep]
|upkeep
|
|t:|1760336794
|switch|p2a: Walking Wake|Walking Wake|100/100
|-activate|p2a: Walking Wake|ability: Protosynthesis
|-start|p2a: Walking Wake|protosynthesisspa
|turn|10
|
|t:|1760336802
|-terastallize|p1a: Hawlucha|Flying
|move|p1a: Hawlucha|Acrobatics|p2a: Walking Wake
|-damage|p2a: Walking Wake|31/100
|move|p2a: Walking Wake|Hydro Steam|p1a: Hawlucha
|-damage|p1a: Hawlucha|0 fnt
|faint|p1a: Hawlucha
|
|-weather|SunnyDay|[upkeep]
|upkeep
|
|t:|1760336809
|switch|p1a: Landorus|Landorus-Therian, M|88/100
|-damage|p1a: Landorus|76/100|[from] Stealth Rock
|-ability|p1a: Landorus|Intimidate|boost
|-unboost|p2a: Walking Wake|atk|1
|turn|11
|
|t:|1760336814
|move|p2a: Walking Wake|Hydro Steam|p1a: Landorus
|-supereffective|p1a: Landorus
|-damage|p1a: Landorus|0 fnt
|faint|p1a: Landorus
|
|-weather|SunnyDay|[upkeep]
|upkeep
|
|t:|1760336818
|switch|p1a: Cinderace|Cinderace, M|100/100
|turn|12
|inactive|gregererg has 120 seconds left.
|
|t:|1760336865
|move|p1a: Cinderace|High Jump Kick|p2a: Walking Wake
|-start|p1a: Cinderace|typechange|Fighting|[from] ability: Libero
|-damage|p2a: Walking Wake|0 fnt
|faint|p2a: Walking Wake
|-end|p2a: Walking Wake|Protosynthesis|[silent]
|
|-weather|SunnyDay|[upkeep]
|upkeep
|
|t:|1760336874
|switch|p2a: Scovillain|Scovillain, F|91/100
|turn|13
|
|t:|1760336879
|move|p2a: Scovillain|Flamethrower|p1a: Cinderace
|-damage|p1a: Cinderace|0 fnt
|faint|p1a: Cinderace
|-damage|p2a: Scovillain|81/100|[from] item: Life Orb
|
|-weather|none
|upkeep
|
|t:|1760336883
|switch|p1a: Polteageist|Polteageist|100/100
|-damage|p1a: Polteageist|88/100|[from] Stealth Rock
|turn|14
|inactive|gregererg has 120 seconds left.
|
|t:|1760336894
|move|p2a: Scovillain|Flamethrower|p1a: Polteageist
|-damage|p1a: Polteageist|27/100
|-status|p1a: Polteageist|brn
|-damage|p2a: Scovillain|71/100|[from] item: Life Orb
|move|p1a: Polteageist|Shell Smash|p1a: Polteageist
|-unboost|p1a: Polteageist|def|1
|-unboost|p1a: Polteageist|spd|1
|-boost|p1a: Polteageist|atk|2
|-boost|p1a: Polteageist|spa|2
|-boost|p1a: Polteageist|spe|2
|
|-damage|p1a: Polteageist|21/100 brn|[from] brn
|upkeep
|turn|15
|
|t:|1760336903
|move|p1a: Polteageist|Stored Power|p2a: Scovillain
|-damage|p2a: Scovillain|0 fnt
|faint|p2a: Scovillain
|
|-damage|p1a: Polteageist|15/100 brn|[from] brn
|upkeep
|
|t:|1760336906
|switch|p2a: Great Tusk|Great Tusk|100/100
|turn|16
|
|t:|1760336911
|-terastallize|p2a: Great Tusk|Fire
|move|p1a: Polteageist|Stored Power|p2a: Great Tusk
|-damage|p2a: Great Tusk|16/100
|move|p2a: Great Tusk|Headlong Rush|p1a: Polteageist
|-damage|p1a: Polteageist|0 fnt
|-unboost|p2a: Great Tusk|def|1
|-unboost|p2a: Great Tusk|spd|1
|faint|p1a: Polteageist
|
|win|gregererg
|raw|asstrublu's rating: 1234 &rarr; <strong>1205</strong><br />(-29 for losing)
|raw|gregererg's rating: 1184 &rarr; <strong>1213</strong><br />(+29 for winning)
|l|☆asstrublu
|player|p1|
|l|☆gregererg
|player|p2|
