|j|☆Desarac
|j|☆PixyPinks
|t:|1760396738
|gametype|singles
|player|p1|Desarac|preschooler|1113
|player|p2|PixyPinks|veteranf|1178
|gen|9
|tier|[Gen 9] OU
|rated|
|rule|HP Percentage Mod: HP is shown in percentages
|rule|Endless Battle Clause: Forcing endless battles is banned
|rule|Species Clause: Limit one of each Pokémon
|rule|OHKO Clause: OHKO moves are banned
|rule|Evasion Items Clause: Evasion items are banned
|rule|Evasion Moves Clause: Evasion moves are banned
|rule|Evasion Abilities Clause: Evasion abilities are banned
|rule|Sleep Moves Clause: Sleep-inducing moves are banned
|clearpoke
|poke|p1|Metagross|
|poke|p1|Dragapult, F|
|poke|p1|Dragonite, M|
|poke|p1|Zapdos|
|poke|p1|Latias, F|
|poke|p1|Ninetales-Alola, F|
|poke|p2|Enamorus, F|
|poke|p2|Kyurem|
|poke|p2|Landorus-Therian, M|
|poke|p2|Kingambit, F|
|poke|p2|Ogerpon-Wellspring, F|
|poke|p2|Glimmora, F|
|teampreview
|
|t:|1760396746
|teamsize|p1|6
|teamsize|p2|6
|start
|switch|p1a: Ninetales|Ninetales-Alola, F, shiny|100/100
|switch|p2a: Glimmora|Glimmora, F|100/100
|-weather|Snowscape|[from] ability: Snow Warning|[of] p1a: Ninetales
|turn|1
|
|t:|1760396757
|move|p1a: Ninetales|Aurora Veil|p1a: Ninetales
|-sidestart|p1: Desarac|move: Aurora Veil
|move|p2a: Glimmora|Spikes|p1a: Ninetales
|-sidestart|p1: Desarac|Spikes
|
|-weather|Snowscape|[upkeep]
|upkeep
|turn|2
|
|t:|1760396776
|switch|p1a: Latias|Latias, F|100/100
|move|p2a: Glimmora|Mortal Spin|p1a: Latias
|-damage|p1a: Latias|97/100
|-status|p1a: Latias|psn
|
|-weather|Snowscape|[upkeep]
|-heal|p1a: Latias|100/100 psn|[from] item: Leftovers
|-damage|p1a: Latias|88/100 psn|[from] psn
|upkeep
|turn|3
|
|t:|1760396787
|move|p1a: Latias|Calm Mind|p1a: Latias
|-boost|p1a: Latias|spa|1
|-boost|p1a: Latias|spd|1
|move|p2a: Glimmora|Spikes|p1a: Latias
|-sidestart|p1: Desarac|Spikes
|
|-weather|Snowscape|[upkeep]
|-heal|p1a: Latias|94/100 psn|[from] item: Leftovers
|-damage|p1a: Latias|82/100 psn|[from] psn
|upkeep
|turn|4
|
|t:|1760396801
|move|p1a: Latias|Calm Mind|p1a: Latias
|-boost|p1a: Latias|spa|1
|-boost|p1a: Latias|spd|1
|move|p2a: Glimmora|Power Gem|p1a: Latias
|-damage|p1a: Latias|75/100 psn
|
|-weather|Snowscape|[upkeep]
|-heal|p1a: Latias|81/100 psn|[from] item: Leftovers
|-damage|p1a: Latias|69/100 psn|[from] psn
|upkeep
|turn|5
|
|t:|1760396814
|move|p1a: Latias|Stored Power|p2a: Glimmora
|-supereffective|p2a: Glimmora
|-damage|p2a: Glimmora|0 fnt
|faint|p2a: Glimmora
|
|-weather|none
|-heal|p1a: Latias|75/100 psn|[from] item: Leftovers
|-damage|p1a: Latias|63/100 psn|[from] psn
|upkeep
|
|t:|1760396835
|switch|p2a: Kyurem|Kyurem|100/100
|-ability|p2a: Kyurem|Pressure
|turn|6
|
|t:|1760396850
|-terastallize|p2a: Kyurem|Dragon
|-terastallize|p1a: Latias|Poison
|move|p2a: Kyurem|Draco Meteor|p1a: Latias
|-damage|p1a: Latias|44/100 psn
|-unboost|p2a: Kyurem|spa|2
|move|p1a: Latias|Draining Kiss|p2a: Kyurem
|-supereffective|p2a: Kyurem
|-damage|p2a: Kyurem|53/100
|-heal|p1a: Latias|82/100 psn|[from] drain|[of] p2a: Kyurem
|
|-heal|p1a: Latias|88/100 psn|[from] item: Leftovers
|-damage|p1a: Latias|76/100 psn|[from] psn
|upkeep
|turn|7
|
|t:|1760396868
|switch|p2a: Kingambit|Kingambit, F|100/100
|-activate|p2a: Kingambit|ability: Supreme Overlord
|-start|p2a: Kingambit|fallen1|[silent]
|-item|p2a: Kingambit|Air Balloon
|move|p1a: Latias|Draining Kiss|p2a: Kingambit
|-damage|p2a: Kingambit|74/100
|-heal|p1a: Latias|95/100 psn|[from] drain|[of] p2a: Kingambit
|-enditem|p2a: Kingambit|Air Balloon
|
|-heal|p1a: Latias|100/100 psn|[from] item: Leftovers
|-damage|p1a: Latias|88/100 psn|[from] psn
|upkeep
|turn|8
|
|t:|1760396890
|move|p2a: Kingambit|Sucker Punch|p1a: Latias
|-damage|p1a: Latias|67/100 psn
|move|p1a: Latias|Aura Sphere|p2a: Kingambit
|-supereffective|p2a: Kingambit
|-damage|p2a: Kingambit|0 fnt
|faint|p2a: Kingambit
|-end|p2a: Kingambit|fallen1|[silent]
|
|-heal|p1a: Latias|73/100 psn|[from] item: Leftovers
|-damage|p1a: Latias|61/100 psn|[from] psn
|-sideend|p1: Desarac|move: Aurora Veil
|upkeep
|
|t:|1760396899
|switch|p2a: Kyurem|Kyurem, tera:Dragon|53/100
|-ability|p2a: Kyurem|Pressure
|turn|9
|
|t:|1760396909
|move|p2a: Kyurem|Draco Meteor|p1a: Latias
|-damage|p1a: Latias|21/100 psn
|-unboost|p2a: Kyurem|spa|2
|move|p1a: Latias|Draining Kiss|p2a: Kyurem
|-supereffective|p2a: Kyurem
|-damage|p2a: Kyurem|5/100
|-heal|p1a: Latias|60/100 psn|[from] drain|[of] p2a: Kyurem
|
|-heal|p1a: Latias|66/100 psn|[from] item: Leftovers
|-damage|p1a: Latias|54/100 psn|[from] psn
|upkeep
|turn|10
|
|t:|1760396922
|move|p2a: Kyurem|Draco Meteor|p1a: Latias
|-damage|p1a: Latias|33/100 psn
|-unboost|p2a: Kyurem|spa|2
|move|p1a: Latias|Calm Mind|p1a: Latias
|-boost|p1a: Latias|spa|1
|-boost|p1a: Latias|spd|1
|
|-heal|p1a: Latias|39/100 psn|[from] item: Leftovers
|-damage|p1a: Latias|27/100 psn|[from] psn
|upkeep
|turn|11
|
|t:|1760396934
|move|p2a: Kyurem|Draco Meteor|p1a: Latias
|-damage|p1a: Latias|18/100 psn
|-unboost|p2a: Kyurem|spa|2
|move|p1a: Latias|Draining Kiss|p2a: Kyurem
|-supereffective|p2a: Kyurem
|-damage|p2a: Kyurem|0 fnt
|-heal|p1a: Latias|21/100 psn|[from] drain|[of] p2a: Kyurem
|faint|p2a: Kyurem
|
|-heal|p1a: Latias|27/100 psn|[from] item: Leftovers
|-damage|p1a: Latias|15/100 psn|[from] psn
|upkeep
|
|t:|1760396952
|switch|p2a: Ogerpon|Ogerpon-Wellspring, F|100/100
|turn|12
|
|t:|1760396958
|move|p2a: Ogerpon|Knock Off|p1a: Latias
|-damage|p1a: Latias|0 fnt
|-enditem|p1a: Latias|Leftovers|[from] move: Knock Off|[of] p2a: Ogerpon
|faint|p1a: Latias
|
|upkeep
|
|t:|1760396973
|switch|p1a: Ninetales|Ninetales-Alola, F, shiny|100/100
|-damage|p1a: Ninetales|84/100|[from] Spikes
|-weather|Snowscape|[from] ability: Snow Warning|[of] p1a: Ninetales
|turn|13
|
|t:|1760396983
|move|p2a: Ogerpon|Taunt|p1a: Ninetales
|-start|p1a: Ninetales|move: Taunt
|cant|p1a: Ninetales|move: Taunt|Aurora Veil
|
|-weather|Snowscape|[upkeep]
|upkeep
|turn|14
|
|t:|1760396992
|move|p2a: Ogerpon|Knock Off|p1a: Ninetales
|-resisted|p1a: Ninetales
|-damage|p1a: Ninetales|66/100
|-enditem|p1a: Ninetales|Light Clay|[from] move: Knock Off|[of] p2a: Ogerpon
|move|p1a: Ninetales|Freeze-Dry|p2a: Ogerpon
|-supereffective|p2a: Ogerpon
|-damage|p2a: Ogerpon|0 fnt
|faint|p2a: Ogerpon
|
|-weather|Snowscape|[upkeep]
|upkeep
|
|t:|1760397000
|switch|p2a: Landorus|Landorus-Therian, M|100/100
|-ability|p2a: Landorus|Intimidate|boost
|-unboost|p1a: Ninetales|atk|1
|turn|15
|
|t:|1760397006
|move|p1a: Ninetales|Freeze-Dry|p2a: Landorus
|-supereffective|p2a: Landorus
|-damage|p2a: Landorus|0 fnt
|faint|p2a: Landorus
|
|-weather|Snowscape|[upkeep]
|-end|p1a: Ninetales|move: Taunt
|upkeep
|
|t:|1760397009
|switch|p2a: Enamorus|Enamorus, F|100/100
|turn|16
|
|t:|1760397016
|move|p1a: Ninetales|Freeze-Dry|p2a: Enamorus
|-supereffective|p2a: Enamorus
|-damage|p2a: Enamorus|8/100
|move|p2a: Enamorus|Superpower|p1a: Ninetales
|-damage|p1a: Ninetales|36/100
|-boost|p2a: Enamorus|atk|1
|-boost|p2a: Enamorus|def|1
|
|-weather|Snowscape|[upkeep]
|upkeep
|turn|17
|
|t:|1760397025
|move|p1a: Ninetales|Freeze-Dry|p2a: Enamorus
|-supereffective|p2a: Enamorus
|-damage|p2a: Enamorus|0 fnt
|faint|p2a: Enamorus
|
|win|Desarac
|raw|Desarac's rating: 1113 &rarr; <strong>1143</strong><br />(+30 for winning)
|raw|PixyPinks's rating: 1178 &rarr; <strong>1148</strong><br />(-30 for losing)
