|j|☆M8420
|j|☆zjy06720
|t:|1760351456
|gametype|singles
|player|p1|M8420|101|1540
|player|p2|zjy06720|red|1557
|gen|9
|tier|[Gen 9] OU
|rated|
|rule|HP Percentage Mod: HP is shown in percentages
|rule|Endless Battle Clause: Forcing endless battles is banned
|rule|Species Clause: Limit one of each Pokémon
|rule|OHKO Clause: OHKO moves are banned
|rule|Evasion Items Clause: Evasion items are banned
|rule|Evasion Moves Clause: Evasion moves are banned
|rule|Evasion Abilities Clause: Evasion abilities are banned
|rule|Sleep Moves Clause: Sleep-inducing moves are banned
|clearpoke
|poke|p1|Landorus-Therian, M|
|poke|p1|Pelipper, F|
|poke|p1|Toxicroak, F|
|poke|p1|Iron Treads|
|poke|p1|Barraskewda, F|
|poke|p1|Darkrai|
|poke|p2|Pelipper, F|
|poke|p2|Barraskewda, M|
|poke|p2|Hatterene, F|
|poke|p2|Raging Bolt|
|poke|p2|Hoopa-Unbound|
|poke|p2|Landorus-Therian, M|
|teampreview
|inactive|Battle timer is ON: inactive players will automatically lose when time's up. (requested by zjy06720)
|
|t:|1760351472
|teamsize|p1|6
|teamsize|p2|6
|start
|switch|p1a: Barraskewda|Barraskewda, F|100/100
|switch|p2a: Landorus|Landorus-Therian, M|100/100
|-ability|p2a: Landorus|Intimidate|boost
|-unboost|p1a: Barraskewda|atk|1
|turn|1
|
|t:|1760351498
|switch|p2a: Hatterene|Hatterene, F|100/100
|move|p1a: Barraskewda|Flip Turn|p2a: Hatterene
|-damage|p2a: Hatterene|73/100
|-enditem|p2a: Hatterene|Eject Button
|
|t:|1760351503
|switch|p2a: Raging Bolt|Raging Bolt|100/100
|-enditem|p2a: Raging Bolt|Booster Energy
|-activate|p2a: Raging Bolt|ability: Protosynthesis|[fromitem]
|-start|p2a: Raging Bolt|protosynthesisspa
|
|upkeep
|turn|2
|
|t:|1760351515
|switch|p1a: Iron Treads|Iron Treads|100/100
|move|p2a: Raging Bolt|Thunderclap||[still]
|-fail|p2a: Raging Bolt
|
|upkeep
|turn|3
|
|t:|1760351522
|-end|p2a: Raging Bolt|Protosynthesis|[silent]
|switch|p2a: Landorus|Landorus-Therian, M|100/100
|-ability|p2a: Landorus|Intimidate|boost
|-unboost|p1a: Iron Treads|atk|1
|move|p1a: Iron Treads|Earthquake|p2a: Landorus
|-immune|p2a: Landorus
|
|upkeep
|turn|4
|
|t:|1760351542
|-end|p1a: Iron Treads|Quark Drive|[silent]
|switch|p1a: Barraskewda|Barraskewda, F|100/100
|move|p2a: Landorus|Grass Knot|p1a: Barraskewda
|-supereffective|p1a: Barraskewda
|-damage|p1a: Barraskewda|6/100
|
|upkeep
|turn|5
|
|t:|1760351551
|move|p2a: Landorus|Grass Knot|p1a: Barraskewda
|-supereffective|p1a: Barraskewda
|-damage|p1a: Barraskewda|0 fnt
|faint|p1a: Barraskewda
|
|upkeep
|
|t:|1760351557
|switch|p1a: Pelipper|Pelipper, F|100/100
|-weather|RainDance|[from] ability: Drizzle|[of] p1a: Pelipper
|turn|6
|
|t:|1760351562
|switch|p2a: Hoopa|Hoopa-Unbound|100/100
|move|p1a: Pelipper|U-turn|p2a: Hoopa
|-supereffective|p2a: Hoopa
|-damage|p2a: Hoopa|43/100
|
|t:|1760351573
|switch|p1a: Landorus|Landorus-Therian, M|100/100|[from] U-turn
|-ability|p1a: Landorus|Intimidate|boost
|-unboost|p2a: Hoopa|atk|1
|
|-weather|RainDance|[upkeep]
|upkeep
|turn|7
|
|t:|1760351581
|switch|p2a: Hatterene|Hatterene, F|73/100
|move|p1a: Landorus|U-turn|p2a: Hatterene
|-damage|p2a: Hatterene|56/100
|
|t:|1760351605
|switch|p1a: Darkrai|Darkrai|100/100|[from] U-turn
|
|-weather|RainDance|[upkeep]
|upkeep
|turn|8
|
|t:|1760351612
|move|p1a: Darkrai|Sludge Bomb|p2a: Hatterene
|-supereffective|p2a: Hatterene
|-damage|p2a: Hatterene|0 fnt
|faint|p2a: Hatterene
|
|-weather|RainDance|[upkeep]
|upkeep
|
|t:|1760351616
|switch|p2a: Barraskewda|Barraskewda, M|100/100
|turn|9
|
|t:|1760351621
|switch|p2a: Landorus|Landorus-Therian, M|100/100
|-ability|p2a: Landorus|Intimidate|boost
|-unboost|p1a: Darkrai|atk|1
|switch|p1a: Toxicroak|Toxicroak, F|100/100
|
|-weather|RainDance|[upkeep]
|upkeep
|turn|10
|
|t:|1760351629
|switch|p1a: Pelipper|Pelipper, F|100/100
|move|p2a: Landorus|Weather Ball|p1a: Pelipper
|-resisted|p1a: Pelipper
|-damage|p1a: Pelipper|68/100
|
|-weather|RainDance|[upkeep]
|upkeep
|turn|11
|
|t:|1760351654
|switch|p2a: Raging Bolt|Raging Bolt|100/100
|move|p1a: Pelipper|Roost|p1a: Pelipper
|-heal|p1a: Pelipper|100/100
|-singleturn|p1a: Pelipper|move: Roost
|
|-weather|RainDance|[upkeep]
|upkeep
|turn|12
|
|t:|1760351660
|switch|p1a: Iron Treads|Iron Treads|100/100
|move|p2a: Raging Bolt|Weather Ball|p1a: Iron Treads
|-supereffective|p1a: Iron Treads
|-damage|p1a: Iron Treads|15/100
|
|-weather|RainDance|[upkeep]
|upkeep
|turn|13
|
|t:|1760351671
|-end|p2a: Raging Bolt|Protosynthesis|[silent]
|switch|p2a: Landorus|Landorus-Therian, M|100/100
|-ability|p2a: Landorus|Intimidate|boost
|-unboost|p1a: Iron Treads|atk|1
|move|p1a: Iron Treads|Iron Head|p2a: Landorus
|-damage|p2a: Landorus|76/100
|
|-weather|none
|upkeep
|turn|14
|
|t:|1760351680
|-end|p1a: Iron Treads|Quark Drive|[silent]
|switch|p1a: Pelipper|Pelipper, F|100/100
|-weather|RainDance|[from] ability: Drizzle|[of] p1a: Pelipper
|-terastallize|p2a: Landorus|Flying
|move|p2a: Landorus|Tera Blast|p1a: Pelipper|[anim] Tera Blast Flying
|-damage|p1a: Pelipper|21/100
|
|-weather|RainDance|[upkeep]
|upkeep
|turn|15
|
|t:|1760351692
|move|p2a: Landorus|Tera Blast|p1a: Pelipper|[anim] Tera Blast Flying
|-damage|p1a: Pelipper|0 fnt
|faint|p1a: Pelipper
|
|-weather|RainDance|[upkeep]
|upkeep
|
|t:|1760351696
|switch|p1a: Darkrai|Darkrai|100/100
|turn|16
|
|t:|1760351703
|switch|p2a: Hoopa|Hoopa-Unbound|43/100
|move|p1a: Darkrai|Dark Pulse|p2a: Hoopa
|-damage|p2a: Hoopa|6/100
|
|-weather|RainDance|[upkeep]
|upkeep
|turn|17
|
|t:|1760351708
|move|p1a: Darkrai|Dark Pulse|p2a: Hoopa
|-damage|p2a: Hoopa|0 fnt
|faint|p2a: Hoopa
|
|-weather|RainDance|[upkeep]
|upkeep
|
|t:|1760351714
|switch|p2a: Barraskewda|Barraskewda, M|100/100
|turn|18
|
|t:|1760351720
|switch|p1a: Toxicroak|Toxicroak, F|100/100
|move|p2a: Barraskewda|Close Combat|p1a: Toxicroak
|-resisted|p1a: Toxicroak
|-damage|p1a: Toxicroak|76/100
|-unboost|p2a: Barraskewda|def|1
|-unboost|p2a: Barraskewda|spd|1
|-damage|p2a: Barraskewda|84/100|[from] item: Rocky Helmet|[of] p1a: Toxicroak
|-damage|p2a: Barraskewda|74/100|[from] item: Life Orb
|
|-weather|RainDance|[upkeep]
|-heal|p1a: Toxicroak|88/100|[from] ability: Dry Skin
|upkeep
|turn|19
|
|t:|1760351737
|switch|p2a: Raging Bolt|Raging Bolt|100/100
|move|p1a: Toxicroak|Knock Off|p2a: Raging Bolt
|-damage|p2a: Raging Bolt|87/100
|
|-weather|RainDance|[upkeep]
|-heal|p1a: Toxicroak|100/100|[from] ability: Dry Skin
|upkeep
|turn|20
|
|t:|1760351748
|switch|p1a: Iron Treads|Iron Treads|15/100
|move|p2a: Raging Bolt|Dragon Pulse|p1a: Iron Treads
|-resisted|p1a: Iron Treads
|-damage|p1a: Iron Treads|0 fnt
|faint|p1a: Iron Treads
|-end|p1a: Iron Treads|Quark Drive|[silent]
|
|-weather|RainDance|[upkeep]
|upkeep
|
|t:|1760351757
|switch|p1a: Landorus|Landorus-Therian, M|100/100
|-ability|p1a: Landorus|Intimidate|boost
|-unboost|p2a: Raging Bolt|atk|1
|turn|21
|
|t:|1760351773
|-end|p2a: Raging Bolt|Protosynthesis|[silent]
|switch|p2a: Landorus|Landorus-Therian, M, tera:Flying|76/100
|-ability|p2a: Landorus|Intimidate|boost
|-unboost|p1a: Landorus|atk|1
|move|p1a: Landorus|Stealth Rock|p2a: Landorus
|-sidestart|p2: zjy06720|move: Stealth Rock
|
|-weather|none
|upkeep
|turn|22
|inactive|M8420 has 120 seconds left.
|
|t:|1760351800
|move|p2a: Landorus|Tera Blast|p1a: Landorus|[anim] Tera Blast Flying
|-damage|p1a: Landorus|37/100
|move|p1a: Landorus|U-turn|p2a: Landorus
|-resisted|p2a: Landorus
|-damage|p2a: Landorus|69/100
|
|t:|1760351805
|switch|p1a: Darkrai|Darkrai|100/100|[from] U-turn
|
|upkeep
|turn|23
|
|t:|1760351821
|switch|p2a: Pelipper|Pelipper, F|100/100
|-damage|p2a: Pelipper|76/100|[from] Stealth Rock
|-weather|RainDance|[from] ability: Drizzle|[of] p2a: Pelipper
|move|p1a: Darkrai|Dark Pulse|p2a: Pelipper
|-damage|p2a: Pelipper|19/100
|
|-weather|RainDance|[upkeep]
|upkeep
|turn|24
|
|t:|1760351834
|move|p1a: Darkrai|Dark Pulse|p2a: Pelipper
|-damage|p2a: Pelipper|0 fnt
|faint|p2a: Pelipper
|
|-weather|RainDance|[upkeep]
|upkeep
|
|t:|1760351839
|switch|p2a: Raging Bolt|Raging Bolt|87/100
|-damage|p2a: Raging Bolt|75/100|[from] Stealth Rock
|turn|25
|inactive|M8420 has 120 seconds left.
|
|t:|1760351866
|move|p1a: Darkrai|Dark Pulse|p2a: Raging Bolt
|-damage|p2a: Raging Bolt|34/100
|move|p2a: Raging Bolt|Dragon Pulse|p1a: Darkrai
|-damage|p1a: Darkrai|31/100
|
|-weather|RainDance|[upkeep]
|upkeep
|turn|26
|inactive|M8420 has 120 seconds left.
|
|t:|1760351873
|switch|p1a: Landorus|Landorus-Therian, M|37/100
|-ability|p1a: Landorus|Intimidate|boost
|-unboost|p2a: Raging Bolt|atk|1
|move|p2a: Raging Bolt|Thunderclap||[still]
|-fail|p2a: Raging Bolt
|
|-weather|RainDance|[upkeep]
|upkeep
|turn|27
|inactive|M8420 has 120 seconds left.
|
|t:|1760351889
|move|p1a: Landorus|Weather Ball|p2a: Raging Bolt
|-resisted|p2a: Raging Bolt
|-damage|p2a: Raging Bolt|14/100
|move|p2a: Raging Bolt|Dragon Pulse|p1a: Landorus
|-damage|p1a: Landorus|0 fnt
|faint|p1a: Landorus
|
|-weather|RainDance|[upkeep]
|upkeep
|
|t:|1760351903
|switch|p1a: Toxicroak|Toxicroak, F|100/100
|turn|28
|
|t:|1760351907
|move|p2a: Raging Bolt|Thunderclap|p1a: Toxicroak
|-damage|p1a: Toxicroak|48/100
|move|p1a: Toxicroak|Drain Punch|p2a: Raging Bolt
|-damage|p2a: Raging Bolt|0 fnt
|-heal|p1a: Toxicroak|56/100|[from] drain|[of] p2a: Raging Bolt
|faint|p2a: Raging Bolt
|-end|p2a: Raging Bolt|Protosynthesis|[silent]
|
|-weather|RainDance|[upkeep]
|-heal|p1a: Toxicroak|68/100|[from] ability: Dry Skin
|upkeep
|
|t:|1760351910
|switch|p2a: Landorus|Landorus-Therian, M, tera:Flying|69/100
|-damage|p2a: Landorus|44/100|[from] Stealth Rock
|-ability|p2a: Landorus|Intimidate|boost
|-unboost|p1a: Toxicroak|atk|1
|turn|29
|inactive|M8420 has 120 seconds left.
|
|t:|1760351943
|-terastallize|p1a: Toxicroak|Ghost
|move|p2a: Landorus|Tera Blast|p1a: Toxicroak|[anim] Tera Blast Flying
|-damage|p1a: Toxicroak|0 fnt
|faint|p1a: Toxicroak
|
|-weather|RainDance|[upkeep]
|upkeep
|
|t:|1760351948
|switch|p1a: Darkrai|Darkrai|31/100
|turn|30
|c|☆zjy06720|gg
|
|t:|1760351960
|move|p1a: Darkrai|Dark Pulse|p2a: Landorus
|-damage|p2a: Landorus|0 fnt
|faint|p2a: Landorus
|
|-weather|none
|upkeep
|c|☆M8420|gg
|
|t:|1760351964
|switch|p2a: Barraskewda|Barraskewda, M|74/100
|-damage|p2a: Barraskewda|62/100|[from] Stealth Rock
|turn|31
|
|t:|1760351970
|move|p2a: Barraskewda|Aqua Jet|p1a: Darkrai
|-damage|p1a: Darkrai|0 fnt
|faint|p1a: Darkrai
|-damage|p2a: Barraskewda|52/100|[from] item: Life Orb
|
|win|zjy06720
|raw|M8420's rating: 1540 &rarr; <strong>1521</strong><br />(-19 for losing)
|raw|zjy06720's rating: 1557 &rarr; <strong>1576</strong><br />(+19 for winning)
|l|☆M8420
|player|p1|
|l|☆zjy06720
|player|p2|
|j|☆zjy06720
|player|p2|zjy06720|red|
