|j|☆Lord Sodium
|j|☆vghhjg
|t:|1760305921
|gametype|singles
|player|p1|Lord Sodium|alec-anime|1517
|player|p2|vghhjg|2|1531
|gen|9
|tier|[Gen 9] OU
|rated|
|rule|HP Percentage Mod: HP is shown in percentages
|rule|Endless Battle Clause: Forcing endless battles is banned
|rule|Species Clause: Limit one of each Pokémon
|rule|OHKO Clause: OHKO moves are banned
|rule|Evasion Items Clause: Evasion items are banned
|rule|Evasion Moves Clause: Evasion moves are banned
|rule|Evasion Abilities Clause: Evasion abilities are banned
|rule|Sleep Moves Clause: Sleep-inducing moves are banned
|clearpoke
|poke|p1|Mamoswine, M|
|poke|p1|Slowking-Galar, M|
|poke|p1|Rillaboom, M|
|poke|p1|Corviknight, M|
|poke|p1|Samurott-Hisui, F|
|poke|p1|Raging Bolt|
|poke|p2|Ribombee, F|
|poke|p2|Gholdengo|
|poke|p2|Dragonite, M|
|poke|p2|Oricorio-Sensu, M|
|poke|p2|Primarina, M|
|poke|p2|Iron Treads|
|teampreview
|inactive|Battle timer is ON: inactive players will automatically lose when time's up. (requested by Lord Sodium)
|inactive|vghhjg has 120 seconds left.
|inactive|vghhjg has 90 seconds left.
|inactive|vghhjg has 60 seconds left.
|
|t:|1760306039
|teamsize|p1|6
|teamsize|p2|6
|start
|switch|p1a: Mamoswine|Mamoswine, M|100/100
|switch|p2a: Ribombee|Ribombee, F|100/100
|turn|1
|
|t:|1760306043
|move|p2a: Ribombee|Sticky Web|p1a: Mamoswine
|-sidestart|p1: Lord Sodium|move: Sticky Web
|move|p1a: Mamoswine|Icicle Spear|p2a: Ribombee
|-damage|p2a: Ribombee|71/100
|-damage|p2a: Ribombee|43/100
|-damage|p2a: Ribombee|17/100
|-damage|p2a: Ribombee|0 fnt
|faint|p2a: Ribombee
|-hitcount|p2: Ribombee|4
|
|upkeep
|
|t:|1760306055
|switch|p2a: Iron Treads|Iron Treads|100/100
|turn|2
|
|t:|1760306062
|switch|p1a: Corviknight|Corviknight, M|100/100
|-ability|p1a: Corviknight|Pressure
|move|p2a: Iron Treads|Stealth Rock|p1a: Corviknight
|-sidestart|p1: Lord Sodium|move: Stealth Rock
|
|upkeep
|turn|3
|inactive|vghhjg has 120 seconds left.
|inactive|vghhjg has 90 seconds left.
|
|t:|1760306099
|-end|p2a: Iron Treads|Quark Drive|[silent]
|switch|p2a: Gholdengo|Gholdengo|100/100
|-item|p2a: Gholdengo|Air Balloon
|switch|p1a: Samurott|Samurott-Hisui, F|100/100
|-activate|p1a: Samurott|move: Sticky Web
|-unboost|p1a: Samurott|spe|1
|-damage|p1a: Samurott|88/100|[from] Stealth Rock
|
|upkeep
|turn|4
|
|t:|1760306104
|switch|p2a: Primarina|Primarina, M|100/100
|move|p1a: Samurott|Ceaseless Edge|p2a: Primarina
|-resisted|p2a: Primarina
|-damage|p2a: Primarina|70/100
|-sidestart|p2: vghhjg|Spikes
|
|-heal|p2a: Primarina|76/100|[from] item: Leftovers
|upkeep
|turn|5
|
|t:|1760306108
|switch|p1a: Slowking|Slowking-Galar, M|100/100
|move|p2a: Primarina|Moonblast|p1a: Slowking
|-resisted|p1a: Slowking
|-damage|p1a: Slowking|85/100
|-unboost|p1a: Slowking|spa|1
|
|-heal|p2a: Primarina|82/100|[from] item: Leftovers
|upkeep
|turn|6
|
|t:|1760306117
|switch|p2a: Iron Treads|Iron Treads|100/100
|-damage|p2a: Iron Treads|88/100|[from] Spikes
|move|p1a: Slowking|Future Sight|p2a: Iron Treads
|-start|p1a: Slowking|move: Future Sight
|
|upkeep
|turn|7
|
|t:|1760306125
|switch|p1a: Corviknight|Corviknight, M|100/100
|-damage|p1a: Corviknight|88/100|[from] Stealth Rock
|-ability|p1a: Corviknight|Pressure
|move|p2a: Iron Treads|Knock Off|p1a: Corviknight
|-damage|p1a: Corviknight|70/100
|-damage|p2a: Iron Treads|72/100|[from] item: Rocky Helmet|[of] p1a: Corviknight
|-enditem|p1a: Corviknight|Rocky Helmet|[from] move: Knock Off|[of] p2a: Iron Treads
|
|upkeep
|turn|8
|inactive|vghhjg has 120 seconds left.
|inactive|vghhjg has 90 seconds left.
|
|t:|1760306184
|-end|p2a: Iron Treads|Quark Drive|[silent]
|switch|p2a: Gholdengo|Gholdengo|100/100
|-item|p2a: Gholdengo|Air Balloon
|move|p1a: Corviknight|Defog|p2a: Gholdengo
|-immune|p2a: Gholdengo|[from] ability: Good as Gold
|
|-end|p2a: Gholdengo|move: Future Sight
|-resisted|p2a: Gholdengo
|-crit|p2a: Gholdengo
|-damage|p2a: Gholdengo|60/100
|-enditem|p2a: Gholdengo|Air Balloon
|upkeep
|turn|9
|inactive|vghhjg has 90 seconds left.
|inactive|vghhjg has 60 seconds left.
|
|t:|1760306224
|switch|p1a: Samurott|Samurott-Hisui, F|88/100
|-activate|p1a: Samurott|move: Sticky Web
|-unboost|p1a: Samurott|spe|1
|-damage|p1a: Samurott|76/100|[from] Stealth Rock
|move|p2a: Gholdengo|Dazzling Gleam|p1a: Samurott
|-supereffective|p1a: Samurott
|-damage|p1a: Samurott|0 fnt
|faint|p1a: Samurott
|
|upkeep
|inactive|Lord Sodium has 120 seconds left.
|inactive|Lord Sodium has 90 seconds left.
|inactive|Lord Sodium has 60 seconds left.
|
|t:|1760306318
|switch|p1a: Rillaboom|Rillaboom, M|100/100
|-activate|p1a: Rillaboom|move: Sticky Web
|-unboost|p1a: Rillaboom|spe|1
|-damage|p1a: Rillaboom|88/100|[from] Stealth Rock
|-fieldstart|move: Grassy Terrain|[from] ability: Grassy Surge|[of] p1a: Rillaboom
|turn|10
|inactive|vghhjg has 60 seconds left.
|
|t:|1760306358
|switch|p2a: Oricorio|Oricorio-Sensu, M|100/100
|move|p1a: Rillaboom|Knock Off|p2a: Oricorio
|-supereffective|p2a: Oricorio
|-damage|p2a: Oricorio|10/100
|-enditem|p2a: Oricorio|Leftovers|[from] move: Knock Off|[of] p1a: Rillaboom
|-damage|p1a: Rillaboom|78/100|[from] item: Life Orb
|
|-heal|p1a: Rillaboom|84/100|[from] Grassy Terrain
|upkeep
|turn|11
|
|t:|1760306367
|move|p1a: Rillaboom|Grassy Glide|p2a: Oricorio
|-resisted|p2a: Oricorio
|-damage|p2a: Oricorio|0 fnt
|faint|p2a: Oricorio
|-damage|p1a: Rillaboom|74/100|[from] item: Life Orb
|
|-heal|p1a: Rillaboom|81/100|[from] Grassy Terrain
|upkeep
|
|t:|1760306376
|switch|p2a: Dragonite|Dragonite, M, shiny|100/100
|turn|12
|
|t:|1760306384
|-terastallize|p1a: Rillaboom|Rock
|move|p2a: Dragonite|Dragon Dance|p2a: Dragonite
|-boost|p2a: Dragonite|atk|1
|-boost|p2a: Dragonite|spe|1
|move|p1a: Rillaboom|Swords Dance|p1a: Rillaboom
|-boost|p1a: Rillaboom|atk|2
|
|-heal|p1a: Rillaboom|87/100|[from] Grassy Terrain
|upkeep
|turn|13
|
|t:|1760306392
|move|p2a: Dragonite|Encore|p1a: Rillaboom
|-start|p1a: Rillaboom|Encore
|move|p1a: Rillaboom|Swords Dance|p1a: Rillaboom
|-boost|p1a: Rillaboom|atk|2
|
|-heal|p1a: Rillaboom|93/100|[from] Grassy Terrain
|upkeep
|turn|14
|inactive|vghhjg has 60 seconds left.
|
|t:|1760306401
|switch|p2a: Gholdengo|Gholdengo|60/100
|-damage|p2a: Gholdengo|48/100|[from] Spikes
|switch|p1a: Corviknight|Corviknight, M|70/100
|-damage|p1a: Corviknight|57/100|[from] Stealth Rock
|-ability|p1a: Corviknight|Pressure
|
|-heal|p2a: Gholdengo|54/100|[from] Grassy Terrain
|-fieldend|move: Grassy Terrain
|upkeep
|turn|15
|
|t:|1760306412
|switch|p1a: Slowking|Slowking-Galar, M|100/100
|move|p2a: Gholdengo|Shadow Ball|p1a: Slowking
|-supereffective|p1a: Slowking
|-damage|p1a: Slowking|49/100
|-unboost|p1a: Slowking|spd|1
|
|upkeep
|turn|16
|
|t:|1760306422
|move|p2a: Gholdengo|Shadow Ball|p1a: Slowking
|-supereffective|p1a: Slowking
|-damage|p1a: Slowking|0 fnt
|faint|p1a: Slowking
|
|upkeep
|
|t:|1760306426
|switch|p1a: Raging Bolt|Raging Bolt|100/100
|-activate|p1a: Raging Bolt|move: Sticky Web
|-unboost|p1a: Raging Bolt|spe|1
|-damage|p1a: Raging Bolt|88/100|[from] Stealth Rock
|-enditem|p1a: Raging Bolt|Booster Energy
|-activate|p1a: Raging Bolt|ability: Protosynthesis|[fromitem]
|-start|p1a: Raging Bolt|protosynthesisspa
|turn|17
|inactive|vghhjg has 60 seconds left.
|
|t:|1760306454
|switch|p2a: Primarina|Primarina, M|82/100
|-damage|p2a: Primarina|69/100|[from] Spikes
|move|p1a: Raging Bolt|Dragon Pulse|p2a: Primarina
|-immune|p2a: Primarina
|
|-heal|p2a: Primarina|75/100|[from] item: Leftovers
|upkeep
|turn|18
|inactive|Lord Sodium has 120 seconds left.
|
|t:|1760306460
|move|p2a: Primarina|Substitute|p2a: Primarina
|-start|p2a: Primarina|Substitute
|-damage|p2a: Primarina|50/100
|move|p1a: Raging Bolt|Thunderbolt|p2a: Primarina
|-supereffective|p2a: Primarina
|-end|p2a: Primarina|Substitute
|
|-heal|p2a: Primarina|56/100|[from] item: Leftovers
|upkeep
|turn|19
|
|t:|1760306464
|switch|p2a: Iron Treads|Iron Treads|72/100
|-damage|p2a: Iron Treads|59/100|[from] Spikes
|move|p1a: Raging Bolt|Dragon Pulse|p2a: Iron Treads
|-resisted|p2a: Iron Treads
|-damage|p2a: Iron Treads|11/100
|
|upkeep
|turn|20
|
|t:|1760306472
|move|p2a: Iron Treads|Earthquake|p1a: Raging Bolt
|-supereffective|p1a: Raging Bolt
|-damage|p1a: Raging Bolt|0 fnt
|faint|p1a: Raging Bolt
|-end|p1a: Raging Bolt|Protosynthesis|[silent]
|
|upkeep
|
|t:|1760306481
|switch|p1a: Rillaboom|Rillaboom, M, tera:Rock|93/100
|-activate|p1a: Rillaboom|move: Sticky Web
|-unboost|p1a: Rillaboom|spe|1
|-damage|p1a: Rillaboom|81/100|[from] Stealth Rock
|-fieldstart|move: Grassy Terrain|[from] ability: Grassy Surge|[of] p1a: Rillaboom
|turn|21
|inactive|vghhjg has 90 seconds left.
|
|t:|1760306494
|move|p1a: Rillaboom|Grassy Glide|p2a: Iron Treads
|-damage|p2a: Iron Treads|0 fnt
|faint|p2a: Iron Treads
|-end|p2a: Iron Treads|Quark Drive|[silent]
|-damage|p1a: Rillaboom|71/100|[from] item: Life Orb
|
|-heal|p1a: Rillaboom|77/100|[from] Grassy Terrain
|upkeep
|
|t:|1760306508
|switch|p2a: Dragonite|Dragonite, M, shiny|100/100
|turn|22
|
|t:|1760306512
|move|p2a: Dragonite|Earthquake|p1a: Rillaboom
|-supereffective|p1a: Rillaboom
|-damage|p1a: Rillaboom|38/100
|move|p1a: Rillaboom|Tera Blast|p2a: Dragonite|[anim] Tera Blast Rock
|-supereffective|p2a: Dragonite
|-damage|p2a: Dragonite|36/100
|-damage|p1a: Rillaboom|28/100|[from] item: Life Orb
|
|-heal|p2a: Dragonite|43/100|[from] item: Leftovers
|-heal|p1a: Rillaboom|34/100|[from] Grassy Terrain
|upkeep
|turn|23
|
|t:|1760306518
|move|p2a: Dragonite|Earthquake|p1a: Rillaboom
|-supereffective|p1a: Rillaboom
|-damage|p1a: Rillaboom|0 fnt
|faint|p1a: Rillaboom
|
|-heal|p2a: Dragonite|49/100|[from] item: Leftovers
|upkeep
|
|t:|1760306522
|switch|p1a: Mamoswine|Mamoswine, M|100/100
|-activate|p1a: Mamoswine|move: Sticky Web
|-unboost|p1a: Mamoswine|spe|1
|-damage|p1a: Mamoswine|88/100|[from] Stealth Rock
|turn|24
|
|t:|1760306536
|move|p2a: Dragonite|Earthquake|p1a: Mamoswine
|-damage|p1a: Mamoswine|67/100
|move|p1a: Mamoswine|Icicle Spear|p2a: Dragonite
|-supereffective|p2a: Dragonite
|-damage|p2a: Dragonite|0 fnt
|faint|p2a: Dragonite
|-hitcount|p2: Dragonite|1
|
|-heal|p1a: Mamoswine|73/100|[from] Grassy Terrain
|upkeep
|
|t:|1760306544
|switch|p2a: Primarina|Primarina, M|56/100
|-damage|p2a: Primarina|44/100|[from] Spikes
|turn|25
|
|t:|1760306552
|move|p2a: Primarina|Moonblast|p1a: Mamoswine
|-damage|p1a: Mamoswine|10/100
|move|p1a: Mamoswine|Earthquake|p2a: Primarina
|-damage|p2a: Primarina|2/100
|
|-heal|p2a: Primarina|8/100|[from] Grassy Terrain
|-heal|p2a: Primarina|14/100|[from] item: Leftovers
|-heal|p1a: Mamoswine|16/100|[from] Grassy Terrain
|-fieldend|move: Grassy Terrain
|upkeep
|turn|26
|
|t:|1760306557
|move|p1a: Mamoswine|Ice Shard|p2a: Primarina
|-resisted|p2a: Primarina
|-crit|p2a: Primarina
|-damage|p2a: Primarina|0 fnt
|faint|p2a: Primarina
|
|upkeep
|
|t:|1760306560
|switch|p2a: Gholdengo|Gholdengo|54/100
|-damage|p2a: Gholdengo|42/100|[from] Spikes
|turn|27
|
|t:|1760306563
|move|p1a: Mamoswine|Ice Shard|p2a: Gholdengo
|-resisted|p2a: Gholdengo
|-damage|p2a: Gholdengo|28/100
|move|p2a: Gholdengo|Shadow Ball|p1a: Mamoswine
|-damage|p1a: Mamoswine|0 fnt
|faint|p1a: Mamoswine
|
|upkeep
|-message|Lord Sodium forfeited.
|
|win|vghhjg
|raw|Lord Sodium's rating: 1517 &rarr; <strong>1498</strong><br />(-19 for losing)
|raw|vghhjg's rating: 1531 &rarr; <strong>1550</strong><br />(+19 for winning)
|l|☆Lord Sodium
|player|p1|
|l|☆vghhjg
|player|p2|
