|j|‽flinchirator
|j|☆cardinals29
|t:|1760403312
|gametype|singles
|player|p1|flinchirator|miku-ice|1445
|player|p2|cardinals29|steven|1434
|gen|9
|tier|[Gen 9] OU
|rated|
|rule|HP Percentage Mod: HP is shown in percentages
|rule|Endless Battle Clause: Forcing endless battles is banned
|rule|Species Clause: Limit one of each Pokémon
|rule|OHKO Clause: OHKO moves are banned
|rule|Evasion Items Clause: Evasion items are banned
|rule|Evasion Moves Clause: Evasion moves are banned
|rule|Evasion Abilities Clause: Evasion abilities are banned
|rule|Sleep Moves Clause: Sleep-inducing moves are banned
|clearpoke
|poke|p1|Samurott-Hisui, F|
|poke|p1|Iron Treads|
|poke|p1|Pecharunt|
|poke|p1|Abomasnow, F|
|poke|p1|Dragonite, M|
|poke|p1|Kingambit, F|
|poke|p2|Gholdengo|
|poke|p2|Clefable, F|
|poke|p2|Raging Bolt|
|poke|p2|Darkrai|
|poke|p2|Ting-Lu|
|poke|p2|Great Tusk|
|teampreview
|inactive|Battle timer is ON: inactive players will automatically lose when time's up. (requested by flinchirator)
|
|t:|1760403341
|teamsize|p1|6
|teamsize|p2|6
|start
|switch|p1a: Abomasnow|Abomasnow, F|100/100
|switch|p2a: Darkrai|Darkrai|100/100
|-weather|Snowscape|[from] ability: Snow Warning|[of] p1a: Abomasnow
|turn|1
|
|t:|1760403350
|move|p2a: Darkrai|Will-O-Wisp|p1a: Abomasnow
|-status|p1a: Abomasnow|brn
|move|p1a: Abomasnow|Aurora Veil|p1a: Abomasnow
|-sidestart|p1: flinchirator|move: Aurora Veil
|
|-weather|Snowscape|[upkeep]
|-damage|p1a: Abomasnow|94/100 brn|[from] brn
|upkeep
|turn|2
|
|t:|1760403355
|move|p2a: Darkrai|Dark Pulse|p1a: Abomasnow
|-damage|p1a: Abomasnow|66/100 brn
|-damage|p2a: Darkrai|91/100|[from] item: Life Orb
|move|p1a: Abomasnow|Blizzard|p2a: Darkrai
|-damage|p2a: Darkrai|22/100
|
|-weather|Snowscape|[upkeep]
|-damage|p1a: Abomasnow|60/100 brn|[from] brn
|upkeep
|turn|3
|
|t:|1760403365
|move|p2a: Darkrai|Sludge Bomb|p1a: Abomasnow
|-supereffective|p1a: Abomasnow
|-damage|p1a: Abomasnow|15/100 brn
|-damage|p2a: Darkrai|13/100|[from] item: Life Orb
|move|p1a: Abomasnow|Earth Power|p2a: Darkrai
|-damage|p2a: Darkrai|0 fnt
|faint|p2a: Darkrai
|
|-weather|Snowscape|[upkeep]
|-damage|p1a: Abomasnow|9/100 brn|[from] brn
|upkeep
|
|t:|1760403382
|switch|p2a: Great Tusk|Great Tusk|100/100
|turn|4
|
|t:|1760403390
|move|p2a: Great Tusk|Ice Spinner|p1a: Abomasnow
|-damage|p1a: Abomasnow|0 fnt
|faint|p1a: Abomasnow
|
|-weather|Snowscape|[upkeep]
|upkeep
|
|t:|1760403397
|switch|p1a: Pecharunt|Pecharunt|100/100
|-item|p1a: Pecharunt|Air Balloon
|turn|5
|
|t:|1760403403
|-end|p2a: Great Tusk|Protosynthesis|[silent]
|switch|p2a: Ting-Lu|Ting-Lu|100/100
|-ability|p2a: Ting-Lu|Vessel of Ruin
|move|p1a: Pecharunt|Malignant Chain|p2a: Ting-Lu
|-resisted|p2a: Ting-Lu
|-damage|p2a: Ting-Lu|93/100
|
|-weather|none
|-heal|p2a: Ting-Lu|99/100|[from] item: Leftovers
|upkeep
|turn|6
|
|t:|1760403417
|switch|p1a: Dragonite|Dragonite, M|100/100
|move|p2a: Ting-Lu|Ruination|p1a: Dragonite
|-damage|p1a: Dragonite|51/100
|
|-heal|p2a: Ting-Lu|100/100|[from] item: Leftovers
|upkeep
|turn|7
|
|t:|1760403423
|move|p1a: Dragonite|Encore|p2a: Ting-Lu
|-start|p2a: Ting-Lu|Encore
|move|p2a: Ting-Lu|Ruination|p1a: Dragonite
|-damage|p1a: Dragonite|26/100
|
|upkeep
|turn|8
|
|t:|1760403435
|switch|p2a: Clefable|Clefable, F|100/100
|move|p1a: Dragonite|Dragon Dance|p1a: Dragonite
|-boost|p1a: Dragonite|atk|1
|-boost|p1a: Dragonite|spe|1
|
|-sideend|p1: flinchirator|move: Aurora Veil
|upkeep
|turn|9
|inactive|flinchirator has 120 seconds left.
|
|t:|1760403472
|move|p1a: Dragonite|Earthquake|p2a: Clefable
|-damage|p2a: Clefable|74/100
|move|p2a: Clefable|Moonblast|p1a: Dragonite
|-supereffective|p1a: Dragonite
|-damage|p1a: Dragonite|0 fnt
|faint|p1a: Dragonite
|
|upkeep
|-message|flinchirator forfeited.
|
|win|cardinals29
|raw|flinchirator's rating: 1445 &rarr; <strong>1424</strong><br />(-21 for losing)
|raw|cardinals29's rating: 1434 &rarr; <strong>1455</strong><br />(+21 for winning)
|l|‽flinchirator
|player|p1|
