|j|☆mercadocentral
|j|☆vallic
|t:|1760451168
|gametype|singles
|player|p1|mercadocentral|cynthia|1179
|player|p2|vallic|102|1165
|gen|9
|tier|[Gen 9] OU
|rated|
|rule|HP Percentage Mod: HP is shown in percentages
|rule|Endless Battle Clause: Forcing endless battles is banned
|rule|Species Clause: Limit one of each Pokémon
|rule|OHKO Clause: OHKO moves are banned
|rule|Evasion Items Clause: Evasion items are banned
|rule|Evasion Moves Clause: Evasion moves are banned
|rule|Evasion Abilities Clause: Evasion abilities are banned
|rule|Sleep Moves Clause: Sleep-inducing moves are banned
|clearpoke
|poke|p1|Pecharunt|
|poke|p1|Great Tusk|
|poke|p1|Ogerpon-Wellspring, F|
|poke|p1|Iron Crown|
|poke|p1|Landorus-Therian, M|
|poke|p1|Samurott-Hisui, M|
|poke|p2|Carbink, L1|
|poke|p2|Braviary-Hisui, M|
|poke|p2|Ursaluna, M|
|poke|p2|Kingambit, M|
|poke|p2|Iron Hands|
|poke|p2|Hatterene, F|
|teampreview
|inactive|Battle timer is ON: inactive players will automatically lose when time's up. (requested by vallic)
|
|t:|1760451205
|teamsize|p1|6
|teamsize|p2|6
|start
|switch|p1a: Landorus|Landorus-Therian, M|100/100
|switch|p2a: Carbink|Carbink, L1, shiny|100/100
|-ability|p1a: Landorus|Intimidate|boost
|-unboost|p2a: Carbink|atk|1
|turn|1
|
|t:|1760451218
|move|p1a: Landorus|U-turn|p2a: Carbink
|-resisted|p2a: Carbink
|-ability|p2a: Carbink|Sturdy
|-damage|p2a: Carbink|9/100
|
|t:|1760451225
|switch|p1a: Pecharunt|Pecharunt|100/100|[from] U-turn
|move|p2a: Carbink|Trick Room|p2a: Carbink
|-fieldstart|move: Trick Room|[of] p2a: Carbink
|
|-damage|p2a: Carbink|0 fnt|[from] item: Black Sludge
|faint|p2a: Carbink
|upkeep
|
|t:|1760451231
|switch|p2a: Ursaluna|Ursaluna, M|100/100
|turn|2
|
|t:|1760451244
|-terastallize|p1a: Pecharunt|Dark
|move|p2a: Ursaluna|Headlong Rush|p1a: Pecharunt
|-damage|p1a: Pecharunt|69/100
|-unboost|p2a: Ursaluna|def|1
|-unboost|p2a: Ursaluna|spd|1
|-damage|p2a: Ursaluna|84/100|[from] item: Rocky Helmet|[of] p1a: Pecharunt
|move|p1a: Pecharunt|Foul Play|p2a: Ursaluna
|-damage|p2a: Ursaluna|25/100
|
|-status|p2a: Ursaluna|brn|[from] item: Flame Orb
|upkeep
|turn|3
|
|t:|1760451256
|move|p2a: Ursaluna|Facade|p1a: Pecharunt
|-damage|p1a: Pecharunt|15/100
|-damage|p2a: Ursaluna|9/100 brn|[from] item: Rocky Helmet|[of] p1a: Pecharunt
|move|p1a: Pecharunt|Foul Play|p2a: Ursaluna
|-crit|p2a: Ursaluna
|-damage|p2a: Ursaluna|0 fnt
|faint|p2a: Ursaluna
|
|upkeep
|
|t:|1760451266
|switch|p2a: Braviary|Braviary-Hisui, M, shiny|100/100
|turn|4
|
|t:|1760451276
|switch|p1a: Landorus|Landorus-Therian, M|100/100
|-ability|p1a: Landorus|Intimidate|boost
|-unboost|p2a: Braviary|atk|1
|move|p2a: Braviary|Vacuum Wave|p1a: Landorus
|-resisted|p1a: Landorus
|-damage|p1a: Landorus|90/100
|-damage|p2a: Braviary|91/100|[from] item: Life Orb
|
|upkeep
|turn|5
|
|t:|1760451289
|move|p2a: Braviary|Hurricane|p1a: Landorus
|-damage|p1a: Landorus|0 fnt
|faint|p1a: Landorus
|
|-fieldend|move: Trick Room
|upkeep
|
|t:|1760451308
|switch|p1a: Iron Crown|Iron Crown|100/100
|turn|6
|
|t:|1760451315
|move|p1a: Iron Crown|Tachyon Cutter|p2a: Braviary
|-damage|p2a: Braviary|49/100
|-damage|p2a: Braviary|6/100
|-hitcount|p2a: Braviary|2
|move|p2a: Braviary|Heat Wave|p1a: Iron Crown
|-supereffective|p1a: Iron Crown
|-damage|p1a: Iron Crown|0 fnt
|faint|p1a: Iron Crown
|-end|p1a: Iron Crown|Quark Drive|[silent]
|
|upkeep
|inactive|mercadocentral has 120 seconds left.
|
|t:|1760451356
|switch|p1a: Pecharunt|Pecharunt, tera:Dark|15/100
|turn|7
|
|t:|1760451359
|move|p2a: Braviary|Vacuum Wave|p1a: Pecharunt
|-supereffective|p1a: Pecharunt
|-damage|p1a: Pecharunt|0 fnt
|faint|p1a: Pecharunt
|-damage|p2a: Braviary|0 fnt|[from] item: Life Orb
|faint|p2a: Braviary
|
|upkeep
|
|t:|1760451378
|switch|p1a: Great Tusk|Great Tusk|100/100
|switch|p2a: Hatterene|Hatterene, F|100/100
|-enditem|p1a: Great Tusk|Booster Energy
|-activate|p1a: Great Tusk|ability: Protosynthesis|[fromitem]
|-start|p1a: Great Tusk|protosynthesisspe
|turn|8
|
|t:|1760451387
|move|p1a: Great Tusk|Headlong Rush|p2a: Hatterene
|-damage|p2a: Hatterene|42/100
|-unboost|p1a: Great Tusk|def|1
|-unboost|p1a: Great Tusk|spd|1
|move|p2a: Hatterene|Trick Room|p2a: Hatterene
|-fieldstart|move: Trick Room|[of] p2a: Hatterene
|
|upkeep
|turn|9
|
|t:|1760451400
|move|p2a: Hatterene|Psychic Noise|p1a: Great Tusk
|-supereffective|p1a: Great Tusk
|-damage|p1a: Great Tusk|0 fnt
|faint|p1a: Great Tusk
|-end|p1a: Great Tusk|Protosynthesis|[silent]
|
|upkeep
|
|t:|1760451409
|switch|p1a: Samurott|Samurott-Hisui, M|100/100
|turn|10
|
|t:|1760451414
|move|p2a: Hatterene|Dazzling Gleam|p1a: Samurott
|-supereffective|p1a: Samurott
|-damage|p1a: Samurott|12/100
|move|p1a: Samurott|Flip Turn|p2a: Hatterene
|-damage|p2a: Hatterene|6/100
|
|t:|1760451419
|switch|p1a: Ogerpon|Ogerpon-Wellspring, F|100/100|[from] Flip Turn
|
|upkeep
|turn|11
|
|t:|1760451424
|move|p2a: Hatterene|Psychic Noise|p1a: Ogerpon
|-damage|p1a: Ogerpon|59/100
|-start|p1a: Ogerpon|move: Heal Block
|cant|p1a: Ogerpon|move: Heal Block|Synthesis
|
|upkeep
|turn|12
|inactive|mercadocentral has 120 seconds left.
|
|t:|1760451439
|move|p2a: Hatterene|Psychic Noise|p1a: Ogerpon
|-damage|p1a: Ogerpon|15/100
|move|p1a: Ogerpon|Swords Dance|p1a: Ogerpon
|-boost|p1a: Ogerpon|atk|2
|
|-end|p1a: Ogerpon|move: Heal Block
|-fieldend|move: Trick Room
|upkeep
|turn|13
|
|t:|1760451449
|move|p1a: Ogerpon|Synthesis|p1a: Ogerpon
|-heal|p1a: Ogerpon|65/100
|move|p2a: Hatterene|Psychic Noise|p1a: Ogerpon
|-damage|p1a: Ogerpon|22/100
|-start|p1a: Ogerpon|move: Heal Block
|
|upkeep
|turn|14
|
|t:|1760451458
|move|p1a: Ogerpon|Trailblaze|p2a: Hatterene
|-damage|p2a: Hatterene|0 fnt
|-boost|p1a: Ogerpon|spe|1
|faint|p2a: Hatterene
|
|-end|p1a: Ogerpon|move: Heal Block
|upkeep
|
|t:|1760451464
|switch|p2a: Kingambit|Kingambit, M|100/100
|-activate|p2a: Kingambit|ability: Supreme Overlord
|-start|p2a: Kingambit|fallen4|[silent]
|turn|15
|
|t:|1760451469
|move|p1a: Ogerpon|Synthesis|p1a: Ogerpon
|-heal|p1a: Ogerpon|72/100
|move|p2a: Kingambit|Kowtow Cleave|p1a: Ogerpon
|-damage|p1a: Ogerpon|0 fnt
|faint|p1a: Ogerpon
|
|upkeep
|-message|mercadocentral forfeited.
|
|win|vallic
|raw|mercadocentral's rating: 1179 &rarr; <strong>1153</strong><br />(-26 for losing)
|raw|vallic's rating: 1165 &rarr; <strong>1191</strong><br />(+26 for winning)
|l|☆mercadocentral
|player|p1|
|l|☆vallic
|player|p2|
