|j|☆Silent1ine
|j|☆SillyScallop
|t:|1760387857
|gametype|singles
|player|p1|Silent1ine|palmer|1485
|player|p2|SillyScallop|maid|1536
|gen|9
|tier|[Gen 9] OU
|rated|
|rule|HP Percentage Mod: HP is shown in percentages
|rule|Endless Battle Clause: Forcing endless battles is banned
|rule|Species Clause: Limit one of each Pokémon
|rule|OHKO Clause: OHKO moves are banned
|rule|Evasion Items Clause: Evasion items are banned
|rule|Evasion Moves Clause: Evasion moves are banned
|rule|Evasion Abilities Clause: Evasion abilities are banned
|rule|Sleep Moves Clause: Sleep-inducing moves are banned
|clearpoke
|poke|p1|Great Tusk|
|poke|p1|Kyurem|
|poke|p1|Alomomola, F|
|poke|p1|Cinderace, M|
|poke|p1|Dragapult, M|
|poke|p1|Kingambit, M|
|poke|p2|Hydrapple, M|
|poke|p2|Skarmory, F|
|poke|p2|Tyranitar, F|
|poke|p2|Alomomola, M|
|poke|p2|Clodsire, F|
|poke|p2|Clefable, F|
|teampreview
|inactive|Battle timer is ON: inactive players will automatically lose when time's up. (requested by SillyScallop)
|
|t:|1760387869
|teamsize|p1|6
|teamsize|p2|6
|start
|switch|p1a: Velkhana|Kyurem|100/100
|switch|p2a: Clefable|Clefable, F|100/100
|-ability|p1a: Velkhana|Pressure
|turn|1
|
|t:|1760387874
|move|p2a: Clefable|Protect|p2a: Clefable
|-singleturn|p2a: Clefable|Protect
|move|p1a: Velkhana|Freeze-Dry|p2a: Clefable
|-activate|p2a: Clefable|move: Protect
|
|upkeep
|turn|2
|
|t:|1760387883
|switch|p1a: Tsunderace|Cinderace, M|100/100
|switch|p2a: Tyranitar|Tyranitar, F|100/100
|-weather|Sandstorm|[from] ability: Sand Stream|[of] p2a: Tyranitar
|
|-weather|Sandstorm|[upkeep]
|-damage|p1a: Tsunderace|94/100|[from] Sandstorm
|upkeep
|turn|3
|
|t:|1760387890
|move|p1a: Tsunderace|Will-O-Wisp|p2a: Tyranitar
|-status|p2a: Tyranitar|brn
|move|p2a: Tyranitar|Stealth Rock|p1a: Tsunderace
|-sidestart|p1: Silent1ine|move: Stealth Rock
|
|-weather|Sandstorm|[upkeep]
|-damage|p1a: Tsunderace|88/100|[from] Sandstorm
|-damage|p2a: Tyranitar|94/100 brn|[from] brn
|upkeep
|turn|4
|
|t:|1760387894
|move|p1a: Tsunderace|Court Change|p1a: Tsunderace
|-start|p1a: Tsunderace|typechange|Normal|[from] ability: Libero
|-swapsideconditions
|-activate|p1a: Tsunderace|move: Court Change
|move|p2a: Tyranitar|Knock Off|p1a: Tsunderace
|-crit|p1a: Tsunderace
|-damage|p1a: Tsunderace|49/100
|-enditem|p1a: Tsunderace|Heavy-Duty Boots|[from] move: Knock Off|[of] p2a: Tyranitar
|
|-weather|Sandstorm|[upkeep]
|-damage|p1a: Tsunderace|43/100|[from] Sandstorm
|-damage|p2a: Tyranitar|88/100 brn|[from] brn
|upkeep
|turn|5
|
|t:|1760387902
|switch|p2a: Clefable|Clefable, F|100/100
|move|p1a: Tsunderace|U-turn|p2a: Clefable
|-resisted|p2a: Clefable
|-damage|p2a: Clefable|93/100
|
|t:|1760387912
|switch|p1a: Tuskothy Cool|Great Tusk|100/100|[from] U-turn
|
|-weather|Sandstorm|[upkeep]
|upkeep
|turn|6
|
|t:|1760387917
|-end|p1a: Tuskothy Cool|Protosynthesis|[silent]
|switch|p1a: Pinkacross Girl|Alomomola, F|100/100
|move|p2a: Clefable|Moonblast|p1a: Pinkacross Girl
|-damage|p1a: Pinkacross Girl|85/100
|
|-weather|none
|upkeep
|turn|7
|
|t:|1760387921
|move|p2a: Clefable|Knock Off|p1a: Pinkacross Girl
|-damage|p1a: Pinkacross Girl|74/100
|-enditem|p1a: Pinkacross Girl|Assault Vest|[from] move: Knock Off|[of] p2a: Clefable
|move|p1a: Pinkacross Girl|Flip Turn|p2a: Clefable
|-damage|p2a: Clefable|80/100
|
|t:|1760387931
|switch|p1a: Velkhana|Kyurem|100/100|[from] Flip Turn
|-ability|p1a: Velkhana|Pressure
|
|upkeep
|turn|8
|
|t:|1760387938
|move|p1a: Velkhana|Freeze-Dry|p2a: Clefable
|-damage|p2a: Clefable|31/100
|move|p2a: Clefable|Wish|p2a: Clefable
|
|upkeep
|turn|9
|
|t:|1760387946
|switch|p1a: WingWambit|Kingambit, M|100/100
|move|p2a: Clefable|Protect||[still]
|-fail|p2a: Clefable
|
|-heal|p2a: Clefable|81/100|[from] move: Wish|[wisher] Clefable
|upkeep
|turn|10
|
|t:|1760387952
|switch|p2a: Alomomola|Alomomola, M, shiny|100/100
|move|p1a: WingWambit|Swords Dance|p1a: WingWambit
|-boost|p1a: WingWambit|atk|2
|
|upkeep
|turn|11
|
|t:|1760387961
|move|p1a: WingWambit|Swords Dance|p1a: WingWambit
|-boost|p1a: WingWambit|atk|2
|move|p2a: Alomomola|Flip Turn|p1a: WingWambit
|-damage|p1a: WingWambit|88/100
|
|t:|1760387963
|switch|p2a: Clodsire|Clodsire, F|100/100|[from] Flip Turn
|
|-heal|p1a: WingWambit|94/100|[from] item: Leftovers
|upkeep
|turn|12
|
|t:|1760387966
|move|p1a: WingWambit|Kowtow Cleave|p2a: Clodsire
|-damage|p2a: Clodsire|64/100
|move|p2a: Clodsire|Earthquake|p1a: WingWambit
|-supereffective|p1a: WingWambit
|-crit|p1a: WingWambit
|-damage|p1a: WingWambit|38/100
|
|-heal|p1a: WingWambit|45/100|[from] item: Leftovers
|upkeep
|turn|13
|
|t:|1760387971
|-end|p1a: WingWambit|fallenundefined|[silent]
|switch|p1a: Tuskothy Cool|Great Tusk|100/100
|move|p2a: Clodsire|Recover|p2a: Clodsire
|-heal|p2a: Clodsire|100/100
|
|upkeep
|turn|14
|
|t:|1760387976
|switch|p2a: Alomomola|Alomomola, M, shiny|100/100
|move|p1a: Tuskothy Cool|Ice Spinner|p2a: Alomomola
|-resisted|p2a: Alomomola
|-damage|p2a: Alomomola|88/100
|
|upkeep
|turn|15
|
|t:|1760387980
|-end|p1a: Tuskothy Cool|Protosynthesis|[silent]
|switch|p1a: Pinkacross Girl|Alomomola, F|100/100
|move|p2a: Alomomola|Flip Turn|p1a: Pinkacross Girl
|-resisted|p1a: Pinkacross Girl
|-damage|p1a: Pinkacross Girl|94/100
|
|t:|1760387986
|switch|p2a: Clodsire|Clodsire, F|100/100|[from] Flip Turn
|
|upkeep
|turn|16
|
|t:|1760387988
|move|p1a: Pinkacross Girl|Flip Turn|p2a: Clodsire
|-supereffective|p2a: Clodsire
|-damage|p2a: Clodsire|77/100
|
|t:|1760387992
|switch|p1a: Velkhana|Kyurem|100/100|[from] Flip Turn
|-ability|p1a: Velkhana|Pressure
|move|p2a: Clodsire|Toxic|p1a: Velkhana
|-status|p1a: Velkhana|tox
|
|-damage|p1a: Velkhana|94/100 tox|[from] psn
|upkeep
|turn|17
|
|t:|1760388000
|switch|p2a: Tyranitar|Tyranitar, F|88/100 brn
|-weather|Sandstorm|[from] ability: Sand Stream|[of] p2a: Tyranitar
|move|p1a: Velkhana|Freeze-Dry|p2a: Tyranitar
|-damage|p2a: Tyranitar|66/100 brn
|
|-weather|Sandstorm|[upkeep]
|-damage|p1a: Velkhana|88/100 tox|[from] Sandstorm
|-damage|p1a: Velkhana|76/100 tox|[from] psn
|-damage|p2a: Tyranitar|59/100 brn|[from] brn
|upkeep
|turn|18
|
|t:|1760388003
|switch|p1a: Pinkacross Girl|Alomomola, F|100/100
|move|p2a: Tyranitar|Stealth Rock|p1a: Pinkacross Girl
|-sidestart|p1: Silent1ine|move: Stealth Rock
|
|-weather|Sandstorm|[upkeep]
|-damage|p1a: Pinkacross Girl|94/100|[from] Sandstorm
|-damage|p2a: Tyranitar|53/100 brn|[from] brn
|upkeep
|turn|19
|
|t:|1760388012
|switch|p2a: Alomomola|Alomomola, M, shiny|100/100
|move|p1a: Pinkacross Girl|Flip Turn|p2a: Alomomola
|-resisted|p2a: Alomomola
|-damage|p2a: Alomomola|95/100
|
|t:|1760388015
|switch|p1a: Tuskothy Cool|Great Tusk|100/100|[from] Flip Turn
|-damage|p1a: Tuskothy Cool|98/100|[from] Stealth Rock
|
|-weather|Sandstorm|[upkeep]
|-damage|p2a: Alomomola|89/100|[from] Sandstorm
|upkeep
|turn|20
|
|t:|1760388023
|move|p1a: Tuskothy Cool|Close Combat|p2a: Alomomola
|-damage|p2a: Alomomola|27/100
|-unboost|p1a: Tuskothy Cool|def|1
|-unboost|p1a: Tuskothy Cool|spd|1
|move|p2a: Alomomola|Flip Turn|p1a: Tuskothy Cool
|-supereffective|p1a: Tuskothy Cool
|-damage|p1a: Tuskothy Cool|62/100
|
|t:|1760388029
|switch|p2a: Skarmory|Skarmory, F|100/100|[from] Flip Turn
|-damage|p2a: Skarmory|88/100|[from] Stealth Rock
|
|-weather|Sandstorm|[upkeep]
|upkeep
|turn|21
|
|t:|1760388033
|move|p1a: Tuskothy Cool|Close Combat|p2a: Skarmory
|-damage|p2a: Skarmory|26/100
|-unboost|p1a: Tuskothy Cool|def|1
|-unboost|p1a: Tuskothy Cool|spd|1
|-damage|p1a: Tuskothy Cool|46/100|[from] item: Rocky Helmet|[of] p2a: Skarmory
|move|p2a: Skarmory|Spikes|p1a: Tuskothy Cool
|-sidestart|p1: Silent1ine|Spikes
|
|-weather|none
|upkeep
|turn|22
|inactive|SillyScallop has 120 seconds left.
|
|t:|1760388073
|switch|p2a: Clodsire|Clodsire, F|77/100
|move|p1a: Tuskothy Cool|Close Combat|p2a: Clodsire
|-resisted|p2a: Clodsire
|-damage|p2a: Clodsire|34/100
|-unboost|p1a: Tuskothy Cool|def|1
|-unboost|p1a: Tuskothy Cool|spd|1
|
|upkeep
|turn|23
|
|t:|1760388097
|move|p1a: Tuskothy Cool|Close Combat|p2a: Clodsire
|-resisted|p2a: Clodsire
|-damage|p2a: Clodsire|0 fnt
|-unboost|p1a: Tuskothy Cool|def|1
|-unboost|p1a: Tuskothy Cool|spd|1
|faint|p2a: Clodsire
|
|upkeep
|
|t:|1760388099
|switch|p2a: Alomomola|Alomomola, M, shiny|61/100
|turn|24
|
|t:|1760388106
|-end|p1a: Tuskothy Cool|Protosynthesis|[silent]
|switch|p1a: Velkhana|Kyurem|76/100 tox
|-damage|p1a: Velkhana|51/100 tox|[from] Stealth Rock
|-damage|p1a: Velkhana|39/100 tox|[from] Spikes
|-ability|p1a: Velkhana|Pressure
|-terastallize|p2a: Alomomola|Ghost
|move|p2a: Alomomola|Wish|p2a: Alomomola
|
|-damage|p1a: Velkhana|33/100 tox|[from] psn
|upkeep
|turn|25
|inactive|SillyScallop has 120 seconds left.
|
|t:|1760388112
|move|p2a: Alomomola|Protect|p2a: Alomomola
|-singleturn|p2a: Alomomola|Protect
|move|p1a: Velkhana|Draco Meteor|p2a: Alomomola
|-activate|p2a: Alomomola|move: Protect
|
|-heal|p2a: Alomomola|100/100|[from] move: Wish|[wisher] Alomomola
|-damage|p1a: Velkhana|20/100 tox|[from] psn
|upkeep
|turn|26
|
|t:|1760388116
|switch|p2a: Clefable|Clefable, F|81/100
|move|p1a: Velkhana|Draco Meteor|p2a: Clefable
|-immune|p2a: Clefable
|
|-damage|p1a: Velkhana|2/100 tox|[from] psn
|upkeep
|turn|27
|
|t:|1760388120
|move|p1a: Velkhana|Draco Meteor|p2a: Clefable
|-immune|p2a: Clefable
|move|p2a: Clefable|Knock Off|p1a: Velkhana
|-damage|p1a: Velkhana|0 fnt
|-enditem|p1a: Velkhana|Choice Specs|[from] move: Knock Off|[of] p2a: Clefable
|faint|p1a: Velkhana
|
|upkeep
|
|t:|1760388130
|switch|p1a: CUBE|Dragapult, M|100/100
|-damage|p1a: CUBE|88/100|[from] Stealth Rock
|-damage|p1a: CUBE|76/100|[from] Spikes
|turn|28
|
|t:|1760388133
|-terastallize|p1a: CUBE|Ghost
|move|p2a: Clefable|Protect|p2a: Clefable
|-singleturn|p2a: Clefable|Protect
|move|p1a: CUBE|Shadow Ball|p2a: Clefable
|-activate|p2a: Clefable|move: Protect
|
|upkeep
|turn|29
|
|t:|1760388143
|switch|p2a: Tyranitar|Tyranitar, F|53/100 brn
|-weather|Sandstorm|[from] ability: Sand Stream|[of] p2a: Tyranitar
|move|p1a: CUBE|Shadow Ball|p2a: Tyranitar
|-resisted|p2a: Tyranitar
|-damage|p2a: Tyranitar|41/100 brn
|-damage|p1a: CUBE|66/100|[from] item: Life Orb
|
|-weather|Sandstorm|[upkeep]
|-damage|p1a: CUBE|60/100|[from] Sandstorm
|-damage|p2a: Tyranitar|35/100 brn|[from] brn
|upkeep
|turn|30
|
|t:|1760388151
|move|p1a: CUBE|Hydro Pump|p2a: Tyranitar
|-supereffective|p2a: Tyranitar
|-damage|p2a: Tyranitar|2/100 brn
|-damage|p1a: CUBE|50/100|[from] item: Life Orb
|move|p2a: Tyranitar|Roar|p1a: CUBE
|drag|p1a: Tuskothy Cool|Great Tusk|46/100
|-damage|p1a: Tuskothy Cool|43/100|[from] Stealth Rock
|-damage|p1a: Tuskothy Cool|30/100|[from] Spikes
|
|-weather|Sandstorm|[upkeep]
|-damage|p2a: Tyranitar|0 fnt|[from] brn
|faint|p2a: Tyranitar
|upkeep
|
|t:|1760388156
|switch|p2a: Alomomola|Alomomola, M, shiny, tera:Ghost|100/100
|turn|31
|
|t:|1760388163
|-end|p1a: Tuskothy Cool|Protosynthesis|[silent]
|switch|p1a: Pinkacross Girl|Alomomola, F|100/100
|-damage|p1a: Pinkacross Girl|88/100|[from] Stealth Rock
|-damage|p1a: Pinkacross Girl|76/100|[from] Spikes
|move|p2a: Alomomola|Protect||[still]
|-fail|p2a: Alomomola
|
|-weather|Sandstorm|[upkeep]
|-damage|p2a: Alomomola|94/100|[from] Sandstorm
|-damage|p1a: Pinkacross Girl|70/100|[from] Sandstorm
|upkeep
|turn|32
|
|t:|1760388167
|move|p1a: Pinkacross Girl|Scald|p2a: Alomomola
|-damage|p2a: Alomomola|83/100
|move|p2a: Alomomola|Flip Turn|p1a: Pinkacross Girl
|-resisted|p1a: Pinkacross Girl
|-damage|p1a: Pinkacross Girl|64/100
|
|t:|1760388174
|switch|p2a: Hydrapple|Hydrapple, M|100/100|[from] Flip Turn
|
|-weather|Sandstorm|[upkeep]
|-damage|p2a: Hydrapple|94/100|[from] Sandstorm
|-damage|p1a: Pinkacross Girl|57/100|[from] Sandstorm
|upkeep
|turn|33
|
|t:|1760388180
|move|p2a: Hydrapple|Nasty Plot|p2a: Hydrapple
|-boost|p2a: Hydrapple|spa|2
|move|p1a: Pinkacross Girl|Mirror Coat||[still]
|-fail|p1a: Pinkacross Girl
|
|-weather|none
|upkeep
|turn|34
|
|t:|1760388188
|move|p2a: Hydrapple|Giga Drain|p1a: Pinkacross Girl
|-supereffective|p1a: Pinkacross Girl
|-damage|p1a: Pinkacross Girl|0 fnt
|-heal|p2a: Hydrapple|100/100|[from] drain|[of] p1a: Pinkacross Girl
|faint|p1a: Pinkacross Girl
|
|upkeep
|
|t:|1760388192
|switch|p1a: Tsunderace|Cinderace, M|43/100
|-damage|p1a: Tsunderace|18/100|[from] Stealth Rock
|-damage|p1a: Tsunderace|6/100|[from] Spikes
|turn|35
|
|t:|1760388198
|move|p1a: Tsunderace|Pyro Ball|p2a: Hydrapple
|-damage|p2a: Hydrapple|74/100
|move|p2a: Hydrapple|Giga Drain|p1a: Tsunderace
|-resisted|p1a: Tsunderace
|-damage|p1a: Tsunderace|0 fnt
|-heal|p2a: Hydrapple|76/100|[from] drain|[of] p1a: Tsunderace
|faint|p1a: Tsunderace
|
|upkeep
|
|t:|1760388203
|switch|p1a: CUBE|Dragapult, M, tera:Ghost|50/100
|-damage|p1a: CUBE|38/100|[from] Stealth Rock
|-damage|p1a: CUBE|26/100|[from] Spikes
|turn|36
|
|t:|1760388231
|switch|p2a: Clefable|Clefable, F|81/100
|move|p1a: CUBE|Shadow Ball|p2a: Clefable
|-damage|p2a: Clefable|19/100
|-damage|p1a: CUBE|16/100|[from] item: Life Orb
|
|upkeep
|turn|37
|
|t:|1760388235
|move|p2a: Clefable|Protect|p2a: Clefable
|-singleturn|p2a: Clefable|Protect
|move|p1a: CUBE|Shadow Ball|p2a: Clefable
|-activate|p2a: Clefable|move: Protect
|
|upkeep
|turn|38
|
|t:|1760388238
|move|p1a: CUBE|Shadow Ball|p2a: Clefable
|-damage|p2a: Clefable|0 fnt
|faint|p2a: Clefable
|-damage|p1a: CUBE|6/100|[from] item: Life Orb
|
|upkeep
|
|t:|1760388246
|switch|p2a: Alomomola|Alomomola, M, shiny, tera:Ghost|100/100
|turn|39
|
|t:|1760388249
|switch|p2a: Skarmory|Skarmory, F|26/100
|-damage|p2a: Skarmory|14/100|[from] Stealth Rock
|move|p1a: CUBE|Shadow Ball|p2a: Skarmory
|-damage|p2a: Skarmory|0 fnt
|faint|p2a: Skarmory
|-damage|p1a: CUBE|0 fnt|[from] item: Life Orb
|faint|p1a: CUBE
|
|upkeep
|
|t:|1760388257
|switch|p1a: WingWambit|Kingambit, M|45/100
|switch|p2a: Hydrapple|Hydrapple, M|100/100
|-damage|p1a: WingWambit|38/100|[from] Stealth Rock
|-damage|p1a: WingWambit|26/100|[from] Spikes
|-activate|p1a: WingWambit|ability: Supreme Overlord
|-start|p1a: WingWambit|fallen4|[silent]
|turn|40
|
|t:|1760388268
|move|p1a: WingWambit|Kowtow Cleave|p2a: Hydrapple
|-damage|p2a: Hydrapple|60/100
|move|p2a: Hydrapple|Earth Power|p1a: WingWambit
|-supereffective|p1a: WingWambit
|-damage|p1a: WingWambit|0 fnt
|faint|p1a: WingWambit
|-end|p1a: WingWambit|fallen4|[silent]
|
|upkeep
|
|t:|1760388270
|switch|p1a: Tuskothy Cool|Great Tusk|30/100
|-damage|p1a: Tuskothy Cool|27/100|[from] Stealth Rock
|-damage|p1a: Tuskothy Cool|15/100|[from] Spikes
|turn|41
|
|t:|1760388276
|move|p1a: Tuskothy Cool|Close Combat|p2a: Hydrapple
|-damage|p2a: Hydrapple|3/100
|-unboost|p1a: Tuskothy Cool|def|1
|-unboost|p1a: Tuskothy Cool|spd|1
|move|p2a: Hydrapple|Giga Drain|p1a: Tuskothy Cool
|-supereffective|p1a: Tuskothy Cool
|-damage|p1a: Tuskothy Cool|0 fnt
|-heal|p2a: Hydrapple|9/100|[from] drain|[of] p1a: Tuskothy Cool
|faint|p1a: Tuskothy Cool
|-end|p1a: Tuskothy Cool|Protosynthesis|[silent]
|
|win|SillyScallop
|raw|Silent1ine's rating: 1485 &rarr; <strong>1468</strong><br />(-17 for losing)
|raw|SillyScallop's rating: 1536 &rarr; <strong>1553</strong><br />(+17 for winning)
|l|☆Silent1ine
|player|p1|
