|badge|p1|bronze|gen9randombattle|100-7
|uhtml|medal-msg|<div class="broadcast-blue">Curious what those medals under the avatar are? PS now has Ladder Seasons! For more information, check out the <a href="https://www.smogon.com/forums/threads/3740067/">thread on Smogon.</a></div>
|badge|p2|silver|gen9doublesou|30-7
|badge|p2|bronze|gen9ru|100-7
|uhtml|medal-msg|<div class="broadcast-blue">Curious what those medals under the avatar are? PS now has Ladder Seasons! For more information, check out the <a href="https://www.smogon.com/forums/threads/3740067/">thread on Smogon.</a></div>
|j|☆ribena supernova
|j|☆3idk
|t:|1760358838
|gametype|singles
|player|p1|ribena supernova|leaf-masters|1596
|player|p2|3idk|cynthia-masters|1522
|gen|9
|tier|[Gen 9] OU
|rated|
|rule|HP Percentage Mod: HP is shown in percentages
|rule|Endless Battle Clause: Forcing endless battles is banned
|rule|Species Clause: Limit one of each Pokémon
|rule|OHKO Clause: OHKO moves are banned
|rule|Evasion Items Clause: Evasion items are banned
|rule|Evasion Moves Clause: Evasion moves are banned
|rule|Evasion Abilities Clause: Evasion abilities are banned
|rule|Sleep Moves Clause: Sleep-inducing moves are banned
|clearpoke
|poke|p1|Lokix, M|
|poke|p1|Iron Crown|
|poke|p1|Gliscor, F|
|poke|p1|Garganacl, M|
|poke|p1|Pecharunt|
|poke|p1|Cinderace, F|
|poke|p2|Pelipper, F|
|poke|p2|Tornadus-Therian, M|
|poke|p2|Iron Treads|
|poke|p2|Decidueye-Hisui, F|
|poke|p2|Barraskewda, F|
|poke|p2|Raging Bolt|
|teampreview
|inactive|Battle timer is ON: inactive players will automatically lose when time's up. (requested by 3idk)
|
|t:|1760358851
|teamsize|p1|6
|teamsize|p2|6
|start
|switch|p1a: Iron Crown|Iron Crown|100/100
|switch|p2a: Pelipper|Pelipper, F|100/100
|-weather|RainDance|[from] ability: Drizzle|[of] p2a: Pelipper
|turn|1
|c|☆ribena supernova|hf
|
|t:|1760358858
|switch|p2a: Iron Treads|Iron Treads|100/100
|move|p1a: Iron Crown|Focus Blast|p2a: Iron Treads|[miss]
|-miss|p1a: Iron Crown|p2a: Iron Treads
|
|-weather|RainDance|[upkeep]
|upkeep
|turn|2
|c|☆3idk|glhf
|
|t:|1760358871
|-end|p1a: Iron Crown|Quark Drive|[silent]
|switch|p1a: Garganacl|Garganacl, M|100/100
|-end|p2a: Iron Treads|Quark Drive|[silent]
|switch|p2a: Tornadus|Tornadus-Therian, M|100/100
|
|-weather|RainDance|[upkeep]
|upkeep
|turn|3
|
|t:|1760358876
|move|p1a: Garganacl|Protect|p1a: Garganacl
|-singleturn|p1a: Garganacl|Protect
|move|p2a: Tornadus|Weather Ball|p1a: Garganacl
|-activate|p1a: Garganacl|move: Protect
|
|-weather|RainDance|[upkeep]
|upkeep
|turn|4
|
|t:|1760358880
|-terastallize|p1a: Garganacl|Water
|move|p2a: Tornadus|Weather Ball|p1a: Garganacl
|-resisted|p1a: Garganacl
|-damage|p1a: Garganacl|75/100
|move|p1a: Garganacl|Salt Cure|p2a: Tornadus
|-supereffective|p2a: Tornadus
|-damage|p2a: Tornadus|62/100
|-start|p2a: Tornadus|Salt Cure
|
|-weather|RainDance|[upkeep]
|-heal|p1a: Garganacl|81/100|[from] item: Leftovers
|-damage|p2a: Tornadus|50/100|[from] Salt Cure
|upkeep
|turn|5
|
|t:|1760358885
|switch|p2a: Decidueye|Decidueye-Hisui, F|100/100
|move|p1a: Garganacl|Salt Cure|p2a: Decidueye
|-resisted|p2a: Decidueye
|-damage|p2a: Decidueye|95/100
|-start|p2a: Decidueye|Salt Cure
|
|-weather|RainDance|[upkeep]
|-heal|p1a: Garganacl|88/100|[from] item: Leftovers
|-damage|p2a: Decidueye|83/100|[from] Salt Cure
|upkeep
|turn|6
|
|t:|1760358893
|switch|p2a: Tornadus|Tornadus-Therian, M|83/100
|switch|p1a: Pecharunt|Pecharunt|100/100
|
|-weather|RainDance|[upkeep]
|upkeep
|turn|7
|
|t:|1760358901
|switch|p1a: Iron Crown|Iron Crown|100/100
|-terastallize|p2a: Tornadus|Flying
|move|p2a: Tornadus|Hurricane|p1a: Iron Crown
|-resisted|p1a: Iron Crown
|-damage|p1a: Iron Crown|46/100
|
|-weather|RainDance|[upkeep]
|upkeep
|turn|8
|
|t:|1760358905
|move|p2a: Tornadus|Hurricane|p1a: Iron Crown
|-resisted|p1a: Iron Crown
|-damage|p1a: Iron Crown|0 fnt
|faint|p1a: Iron Crown
|-end|p1a: Iron Crown|Quark Drive|[silent]
|
|-weather|none
|upkeep
|
|t:|1760358909
|switch|p1a: Garganacl|Garganacl, M, tera:Water|88/100
|turn|9
|
|t:|1760358916
|move|p2a: Tornadus|Hurricane|p1a: Garganacl
|-damage|p1a: Garganacl|18/100
|move|p1a: Garganacl|Stealth Rock|p2a: Tornadus
|-sidestart|p2: 3idk|move: Stealth Rock
|
|-heal|p1a: Garganacl|24/100|[from] item: Leftovers
|upkeep
|turn|10
|
|t:|1760358920
|move|p1a: Garganacl|Protect|p1a: Garganacl
|-singleturn|p1a: Garganacl|Protect
|move|p2a: Tornadus|Hurricane|p1a: Garganacl
|-activate|p1a: Garganacl|move: Protect
|
|-heal|p1a: Garganacl|30/100|[from] item: Leftovers
|upkeep
|turn|11
|
|t:|1760358922
|move|p2a: Tornadus|Hurricane|p1a: Garganacl
|-damage|p1a: Garganacl|0 fnt
|faint|p1a: Garganacl
|
|upkeep
|
|t:|1760358924
|switch|p1a: Gliscor|Gliscor, F|100/100
|turn|12
|
|t:|1760358929
|switch|p2a: Iron Treads|Iron Treads|100/100
|-damage|p2a: Iron Treads|98/100|[from] Stealth Rock
|move|p1a: Gliscor|Swords Dance|p1a: Gliscor
|-boost|p1a: Gliscor|atk|2
|
|-heal|p2a: Iron Treads|100/100|[from] item: Leftovers
|-status|p1a: Gliscor|tox|[from] item: Toxic Orb
|upkeep
|turn|13
|
|t:|1760358933
|-end|p2a: Iron Treads|Quark Drive|[silent]
|switch|p2a: Pelipper|Pelipper, F|100/100
|-damage|p2a: Pelipper|76/100|[from] Stealth Rock
|-weather|RainDance|[from] ability: Drizzle|[of] p2a: Pelipper
|move|p1a: Gliscor|Earthquake|p2a: Pelipper
|-immune|p2a: Pelipper
|
|-weather|RainDance|[upkeep]
|upkeep
|turn|14
|
|t:|1760358938
|switch|p2a: Iron Treads|Iron Treads|100/100
|-damage|p2a: Iron Treads|98/100|[from] Stealth Rock
|move|p1a: Gliscor|Facade|p2a: Iron Treads
|-resisted|p2a: Iron Treads
|-damage|p2a: Iron Treads|69/100
|
|-weather|RainDance|[upkeep]
|-heal|p2a: Iron Treads|75/100|[from] item: Leftovers
|upkeep
|turn|15
|
|t:|1760358942
|move|p1a: Gliscor|Earthquake|p2a: Iron Treads
|-supereffective|p2a: Iron Treads
|-damage|p2a: Iron Treads|0 fnt
|faint|p2a: Iron Treads
|-end|p2a: Iron Treads|Quark Drive|[silent]
|
|-weather|RainDance|[upkeep]
|upkeep
|
|t:|1760358945
|switch|p2a: Tornadus|Tornadus-Therian, M, tera:Flying|100/100
|-damage|p2a: Tornadus|76/100|[from] Stealth Rock
|turn|16
|
|t:|1760358948
|move|p1a: Gliscor|Protect|p1a: Gliscor
|-singleturn|p1a: Gliscor|Protect
|move|p2a: Tornadus|Hurricane|p1a: Gliscor
|-activate|p1a: Gliscor|move: Protect
|
|-weather|RainDance|[upkeep]
|upkeep
|turn|17
|
|t:|1760358955
|switch|p1a: Cinderace|Cinderace, F|100/100
|move|p2a: Tornadus|Hurricane|p1a: Cinderace
|-damage|p1a: Cinderace|0 fnt
|faint|p1a: Cinderace
|
|-weather|RainDance|[upkeep]
|upkeep
|
|t:|1760358956
|switch|p1a: Lokix|Lokix, M|100/100
|turn|18
|
|t:|1760358960
|switch|p2a: Decidueye|Decidueye-Hisui, F|83/100
|-damage|p2a: Decidueye|77/100|[from] Stealth Rock
|move|p1a: Lokix|U-turn|p2a: Decidueye
|-damage|p2a: Decidueye|48/100
|-damage|p1a: Lokix|84/100|[from] item: Rocky Helmet|[of] p2a: Decidueye
|
|t:|1760358963
|switch|p1a: Gliscor|Gliscor, F|100/100 tox|[from] U-turn
|
|-weather|RainDance|[upkeep]
|upkeep
|turn|19
|
|t:|1760358970
|move|p1a: Gliscor|Swords Dance|p1a: Gliscor
|-boost|p1a: Gliscor|atk|2
|move|p2a: Decidueye|Defog|p1a: Gliscor
|-unboost|p1a: Gliscor|evasion|1
|-sideend|p2: 3idk|Stealth Rock|[from] move: Defog|[of] p2a: Decidueye
|
|-weather|RainDance|[upkeep]
|upkeep
|turn|20
|
|t:|1760358973
|move|p1a: Gliscor|Facade|p2a: Decidueye
|-damage|p2a: Decidueye|0 fnt
|-damage|p1a: Gliscor|84/100 tox|[from] item: Rocky Helmet|[of] p2a: Decidueye
|faint|p2a: Decidueye
|
|-weather|none
|-heal|p1a: Gliscor|96/100 tox|[from] ability: Poison Heal
|upkeep
|
|t:|1760358979
|switch|p2a: Barraskewda|Barraskewda, F|100/100
|turn|21
|
|t:|1760358987
|move|p1a: Gliscor|Protect|p1a: Gliscor
|-singleturn|p1a: Gliscor|Protect
|move|p2a: Barraskewda|Liquidation|p1a: Gliscor
|-activate|p1a: Gliscor|move: Protect
|
|-heal|p1a: Gliscor|100/100 tox|[from] ability: Poison Heal
|upkeep
|turn|22
|
|t:|1760358991
|switch|p1a: Pecharunt|Pecharunt|100/100
|move|p2a: Barraskewda|Liquidation|p1a: Pecharunt
|-damage|p1a: Pecharunt|74/100
|-damage|p2a: Barraskewda|91/100|[from] item: Life Orb
|
|upkeep
|turn|23
|
|t:|1760358995
|move|p2a: Barraskewda|Flip Turn|p1a: Pecharunt
|-damage|p1a: Pecharunt|53/100
|-damage|p2a: Barraskewda|81/100|[from] item: Life Orb
|
|t:|1760359000
|switch|p2a: Pelipper|Pelipper, F|76/100|[from] Flip Turn
|-weather|RainDance|[from] ability: Drizzle|[of] p2a: Pelipper
|move|p1a: Pecharunt|Malignant Chain|p2a: Pelipper
|-damage|p2a: Pelipper|32/100
|-status|p2a: Pelipper|tox
|-start|p2a: Pelipper|confusion|[from] ability: Poison Puppeteer|[of] p1a: Pecharunt
|
|-weather|RainDance|[upkeep]
|-damage|p2a: Pelipper|26/100 tox|[from] psn
|upkeep
|turn|24
|
|t:|1760359006
|switch|p2a: Tornadus|Tornadus-Therian, M, tera:Flying|100/100
|move|p1a: Pecharunt|Recover|p1a: Pecharunt
|-heal|p1a: Pecharunt|100/100
|
|-weather|RainDance|[upkeep]
|upkeep
|turn|25
|
|t:|1760359011
|move|p2a: Tornadus|Hurricane|p1a: Pecharunt
|-damage|p1a: Pecharunt|7/100
|-start|p1a: Pecharunt|confusion
|-activate|p1a: Pecharunt|confusion
|-damage|p1a: Pecharunt|4/100|[from] confusion
|
|-weather|RainDance|[upkeep]
|upkeep
|turn|26
|-message|ribena supernova forfeited.
|
|win|3idk
|raw|ribena supernova's rating: 1596 &rarr; <strong>1572</strong><br />(-24 for losing)
|raw|3idk's rating: 1522 &rarr; <strong>1546</strong><br />(+24 for winning)
|l|☆ribena supernova
|player|p1|
|l|☆3idk
|player|p2|
