|j|☆prerolls
|j|☆Agent Derf
|t:|1760332395
|gametype|singles
|player|p1|prerolls|unknownf|1522
|player|p2|Agent Derf|102|1468
|gen|9
|tier|[Gen 9] OU
|rated|
|rule|HP Percentage Mod: HP is shown in percentages
|rule|Endless Battle Clause: Forcing endless battles is banned
|rule|Species Clause: Limit one of each Pokémon
|rule|OHKO Clause: OHKO moves are banned
|rule|Evasion Items Clause: Evasion items are banned
|rule|Evasion Moves Clause: Evasion moves are banned
|rule|Evasion Abilities Clause: Evasion abilities are banned
|rule|Sleep Moves Clause: Sleep-inducing moves are banned
|clearpoke
|poke|p1|Great Tusk|
|poke|p1|Kingambit, M|
|poke|p1|Raging Bolt|
|poke|p1|Walking Wake|
|poke|p1|Ninetales, M|
|poke|p1|Ceruledge, M|
|poke|p2|Typhlosion-Hisui, M|
|poke|p2|Ogerpon-Wellspring, F|
|poke|p2|Mienshao, M|
|poke|p2|Great Tusk|
|poke|p2|Glimmora, M|
|poke|p2|Dragapult, M|
|teampreview
|
|t:|1760332406
|teamsize|p1|6
|teamsize|p2|6
|start
|switch|p1a: Ninetales|Ninetales, M, shiny|100/100
|switch|p2a: Mienshao|Mienshao, M|100/100
|-weather|SunnyDay|[from] ability: Drought|[of] p1a: Ninetales
|turn|1
|inactive|Battle timer is ON: inactive players will automatically lose when time's up. (requested by Agent Derf)
|
|t:|1760332430
|switch|p1a: Ceruledge|Ceruledge, M|100/100
|move|p2a: Mienshao|U-turn|p1a: Ceruledge
|-resisted|p1a: Ceruledge
|-damage|p1a: Ceruledge|92/100
|-ability|p1a: Ceruledge|Weak Armor|boost
|-unboost|p1a: Ceruledge|def|1
|-boost|p1a: Ceruledge|spe|2
|-damage|p2a: Mienshao|91/100|[from] item: Life Orb
|
|t:|1760332445
|switch|p2a: Typhlosion|Typhlosion-Hisui, M|100/100|[from] U-turn
|
|-weather|SunnyDay|[upkeep]
|upkeep
|turn|2
|
|t:|1760332451
|switch|p2a: Glimmora|Glimmora, M|100/100
|move|p1a: Ceruledge|Poltergeist|p2a: Glimmora
|-activate|p2a: Glimmora|move: Poltergeist|Red Card
|-crit|p2a: Glimmora
|-damage|p2a: Glimmora|0 fnt
|-activate|p2a: Glimmora|ability: Toxic Debris
|-sidestart|p1: prerolls|move: Toxic Spikes
|faint|p2a: Glimmora
|
|-weather|SunnyDay|[upkeep]
|upkeep
|
|t:|1760332467
|switch|p2a: Great Tusk|Great Tusk|100/100
|-activate|p2a: Great Tusk|ability: Protosynthesis
|-start|p2a: Great Tusk|protosynthesisatk
|turn|3
|
|t:|1760332476
|switch|p1a: Kingambit|Kingambit, M|100/100
|-item|p1a: Kingambit|Air Balloon
|move|p2a: Great Tusk|Headlong Rush|p1a: Kingambit
|-immune|p1a: Kingambit
|
|-weather|SunnyDay|[upkeep]
|upkeep
|turn|4
|
|t:|1760332487
|-end|p1a: Kingambit|fallenundefined|[silent]
|switch|p1a: Ceruledge|Ceruledge, M|92/100
|move|p2a: Great Tusk|Rapid Spin|p1a: Ceruledge
|-immune|p1a: Ceruledge
|
|-weather|SunnyDay|[upkeep]
|upkeep
|turn|5
|inactive|prerolls has 120 seconds left.
|
|t:|1760332524
|move|p2a: Great Tusk|Bulk Up|p2a: Great Tusk
|-boost|p2a: Great Tusk|atk|1
|-boost|p2a: Great Tusk|def|1
|move|p1a: Ceruledge|Swords Dance|p1a: Ceruledge
|-boost|p1a: Ceruledge|atk|2
|
|-weather|SunnyDay|[upkeep]
|upkeep
|turn|6
|inactive|prerolls has 120 seconds left.
|
|t:|1760332532
|switch|p1a: Kingambit|Kingambit, M|100/100
|-item|p1a: Kingambit|Air Balloon
|move|p2a: Great Tusk|Headlong Rush|p1a: Kingambit
|-immune|p1a: Kingambit
|
|-weather|SunnyDay|[upkeep]
|upkeep
|turn|7
|inactive|prerolls has 120 seconds left.
|
|t:|1760332544
|-end|p1a: Kingambit|fallenundefined|[silent]
|switch|p1a: Walking Wake|Walking Wake|100/100
|-status|p1a: Walking Wake|psn
|-activate|p1a: Walking Wake|ability: Protosynthesis
|-start|p1a: Walking Wake|protosynthesisspe
|move|p2a: Great Tusk|Rapid Spin|p1a: Walking Wake
|-damage|p1a: Walking Wake|70/100 psn
|-boost|p2a: Great Tusk|spe|1
|
|-weather|SunnyDay|[upkeep]
|-damage|p1a: Walking Wake|58/100 psn|[from] psn
|upkeep
|turn|8
|inactive|prerolls has 120 seconds left.
|
|t:|1760332556
|-end|p2a: Great Tusk|Protosynthesis|[silent]
|switch|p2a: Mienshao|Mienshao, M|100/100
|move|p1a: Walking Wake|Hydro Steam|p2a: Mienshao
|-damage|p2a: Mienshao|0 fnt
|faint|p2a: Mienshao
|
|-weather|none
|-end|p1a: Walking Wake|Protosynthesis
|-damage|p1a: Walking Wake|45/100 psn|[from] psn
|upkeep
|
|t:|1760332561
|switch|p2a: Dragapult|Dragapult, M|100/100
|turn|9
|
|t:|1760332572
|-end|p1a: Walking Wake|Protosynthesis|[silent]
|switch|p1a: Ninetales|Ninetales, M, shiny|100/100
|-status|p1a: Ninetales|psn
|-weather|SunnyDay|[from] ability: Drought|[of] p1a: Ninetales
|move|p2a: Dragapult|Dragon Dance|p2a: Dragapult
|-boost|p2a: Dragapult|atk|1
|-boost|p2a: Dragapult|spe|1
|
|-weather|SunnyDay|[upkeep]
|-damage|p1a: Ninetales|88/100 psn|[from] psn
|upkeep
|turn|10
|
|t:|1760332592
|switch|p1a: Kingambit|Kingambit, M|100/100
|-item|p1a: Kingambit|Air Balloon
|move|p2a: Dragapult|Dragon Darts|p1a: Kingambit
|-resisted|p1a: Kingambit
|-damage|p1a: Kingambit|83/100
|-enditem|p1a: Kingambit|Air Balloon
|-anim|p2a: Dragapult|Dragon Darts|p1a: Kingambit
|-resisted|p1a: Kingambit
|-damage|p1a: Kingambit|67/100
|
|-weather|SunnyDay|[upkeep]
|upkeep
|turn|11
|
|t:|1760332611
|move|p2a: Dragapult|Substitute|p2a: Dragapult
|-start|p2a: Dragapult|Substitute
|-damage|p2a: Dragapult|76/100
|move|p1a: Kingambit|Kowtow Cleave|p2a: Dragapult
|-supereffective|p2a: Dragapult
|-end|p2a: Dragapult|Substitute
|
|-weather|SunnyDay|[upkeep]
|-heal|p2a: Dragapult|82/100|[from] item: Leftovers
|upkeep
|turn|12
|
|t:|1760332619
|-terastallize|p2a: Dragapult|Fire
|move|p2a: Dragapult|Tera Blast|p1a: Kingambit|[anim] Tera Blast Fire
|-supereffective|p1a: Kingambit
|-damage|p1a: Kingambit|0 fnt
|faint|p1a: Kingambit
|-end|p1a: Kingambit|fallenundefined|[silent]
|
|-weather|SunnyDay|[upkeep]
|-heal|p2a: Dragapult|88/100|[from] item: Leftovers
|upkeep
|inactive|prerolls has 120 seconds left.
|
|t:|1760332670
|switch|p1a: Ceruledge|Ceruledge, M|92/100
|turn|13
|
|t:|1760332696
|-terastallize|p1a: Ceruledge|Fairy
|move|p2a: Dragapult|Dragon Darts|p1a: Ceruledge
|-immune|p1a: Ceruledge
|move|p1a: Ceruledge|Poltergeist|p2a: Dragapult
|-activate|p2a: Dragapult|move: Poltergeist|Leftovers
|-damage|p2a: Dragapult|9/100
|
|-weather|SunnyDay|[upkeep]
|-heal|p2a: Dragapult|15/100|[from] item: Leftovers
|upkeep
|turn|14
|
|t:|1760332703
|move|p1a: Ceruledge|Shadow Sneak|p2a: Dragapult
|-damage|p2a: Dragapult|0 fnt
|faint|p2a: Dragapult
|
|-weather|SunnyDay|[upkeep]
|upkeep
|
|t:|1760332708
|switch|p2a: Great Tusk|Great Tusk|100/100
|-activate|p2a: Great Tusk|ability: Protosynthesis
|-start|p2a: Great Tusk|protosynthesisatk
|turn|15
|
|t:|1760332735
|switch|p1a: Walking Wake|Walking Wake|45/100 psn
|-activate|p1a: Walking Wake|ability: Protosynthesis
|-start|p1a: Walking Wake|protosynthesisspe
|move|p2a: Great Tusk|Rapid Spin|p1a: Walking Wake
|-damage|p1a: Walking Wake|23/100 psn
|-boost|p2a: Great Tusk|spe|1
|
|-weather|SunnyDay|[upkeep]
|-damage|p1a: Walking Wake|11/100 psn|[from] psn
|upkeep
|turn|16
|
|t:|1760332752
|-end|p2a: Great Tusk|Protosynthesis|[silent]
|switch|p2a: Typhlosion|Typhlosion-Hisui, M|100/100
|move|p1a: Walking Wake|Weather Ball|p2a: Typhlosion
|-resisted|p2a: Typhlosion
|-damage|p2a: Typhlosion|64/100
|
|-weather|none
|-end|p1a: Walking Wake|Protosynthesis
|-heal|p2a: Typhlosion|70/100|[from] item: Leftovers
|-damage|p1a: Walking Wake|0 fnt|[from] psn
|faint|p1a: Walking Wake
|-end|p1a: Walking Wake|Protosynthesis|[silent]
|upkeep
|inactive|prerolls has 90 seconds left.
|
|t:|1760332769
|switch|p1a: Ceruledge|Ceruledge, M, tera:Fairy|92/100
|turn|17
|
|t:|1760332777
|move|p2a: Typhlosion|Infernal Parade|p1a: Ceruledge
|-damage|p1a: Ceruledge|62/100
|move|p1a: Ceruledge|Poltergeist|p2a: Typhlosion
|-activate|p2a: Typhlosion|move: Poltergeist|Leftovers
|-supereffective|p2a: Typhlosion
|-damage|p2a: Typhlosion|0 fnt
|faint|p2a: Typhlosion
|
|upkeep
|
|t:|1760332784
|switch|p2a: Great Tusk|Great Tusk|100/100
|turn|18
|
|t:|1760332795
|move|p2a: Great Tusk|Rapid Spin|p1a: Ceruledge
|-damage|p1a: Ceruledge|42/100
|-boost|p2a: Great Tusk|spe|1
|-ability|p1a: Ceruledge|Weak Armor|boost
|-unboost|p1a: Ceruledge|def|1
|-boost|p1a: Ceruledge|spe|2
|move|p1a: Ceruledge|Swords Dance|p1a: Ceruledge
|-boost|p1a: Ceruledge|atk|2
|
|upkeep
|turn|19
|
|t:|1760332814
|move|p2a: Great Tusk|Bulk Up|p2a: Great Tusk
|-boost|p2a: Great Tusk|atk|1
|-boost|p2a: Great Tusk|def|1
|move|p1a: Ceruledge|Bitter Blade|p2a: Great Tusk
|-damage|p2a: Great Tusk|55/100
|-heal|p1a: Ceruledge|68/100|[from] drain|[of] p2a: Great Tusk
|
|-heal|p2a: Great Tusk|62/100|[from] item: Leftovers
|upkeep
|turn|20
|inactive|prerolls has 120 seconds left.
|
|t:|1760332829
|move|p1a: Ceruledge|Shadow Sneak|p2a: Great Tusk
|-damage|p2a: Great Tusk|42/100
|move|p2a: Great Tusk|Ice Spinner|p1a: Ceruledge
|-damage|p1a: Ceruledge|5/100
|-ability|p1a: Ceruledge|Weak Armor|boost
|-unboost|p1a: Ceruledge|def|1
|-boost|p1a: Ceruledge|spe|2
|
|-heal|p2a: Great Tusk|48/100|[from] item: Leftovers
|upkeep
|turn|21
|inactive|prerolls has 120 seconds left.
|
|t:|1760332844
|move|p1a: Ceruledge|Poltergeist|p2a: Great Tusk
|-activate|p2a: Great Tusk|move: Poltergeist|Leftovers
|-damage|p2a: Great Tusk|0 fnt
|faint|p2a: Great Tusk
|-end|p2a: Great Tusk|Protosynthesis|[silent]
|
|upkeep
|-message|Agent Derf forfeited.
|
|win|prerolls
|raw|prerolls's rating: 1522 &rarr; <strong>1540</strong><br />(+18 for winning)
|raw|Agent Derf's rating: 1494 &rarr; <strong>1476</strong><br />(-18 for losing)
|l|☆Agent Derf
|player|p2|
|l|☆prerolls
|player|p1|
