|j|☆TheGuardianB
|j|☆galourogue 3000
|inactive|Battle timer is ON: inactive players will automatically lose when time's up.
|t:|1760321523
|gametype|singles
|player|p1|TheGuardianB|266|
|player|p2|galourogue 3000|benga|
|gen|9
|tier|[Gen 9] OU
|rated|Tournament battle
|rule|HP Percentage Mod: HP is shown in percentages
|rule|Endless Battle Clause: Forcing endless battles is banned
|rule|Species Clause: Limit one of each Pokémon
|rule|OHKO Clause: OHKO moves are banned
|rule|Evasion Items Clause: Evasion items are banned
|rule|Evasion Moves Clause: Evasion moves are banned
|rule|Evasion Abilities Clause: Evasion abilities are banned
|rule|Sleep Moves Clause: Sleep-inducing moves are banned
|raw|<div class="infobox"><details class="readmore" open><summary><strong>1 custom rule:</strong></summary> -wobbuffet</details></div>
|clearpoke
|poke|p1|Naclstack, M|
|poke|p1|Cloyster, M|
|poke|p1|Whimsicott, M|
|poke|p2|Quaquaval, F|
|poke|p2|Poltchageist-Artisan|
|poke|p2|Girafarig, F|
|teampreview
|j|*Lady Monita ☀
|c|☆TheGuardianB|glhf
|c|☆galourogue 3000|y2
|
|t:|1760321540
|teamsize|p1|3
|teamsize|p2|3
|start
|switch|p1a: Whimsicott|Whimsicott, M|100/100
|switch|p2a: Poltchageist|Poltchageist-Artisan|100/100
|turn|1
|
|t:|1760321544
|move|p1a: Whimsicott|Substitute|p1a: Whimsicott
|-start|p1a: Whimsicott|Substitute
|-damage|p1a: Whimsicott|75/100
|move|p2a: Poltchageist|Calm Mind|p2a: Poltchageist
|-boost|p2a: Poltchageist|spa|1
|-boost|p2a: Poltchageist|spd|1
|
|-heal|p1a: Whimsicott|82/100|[from] item: Leftovers
|upkeep
|turn|2
|
|t:|1760321553
|switch|p1a: Naclstack|Naclstack, M|100/100
|move|p2a: Poltchageist|Calm Mind|p2a: Poltchageist
|-boost|p2a: Poltchageist|spa|1
|-boost|p2a: Poltchageist|spd|1
|
|upkeep
|turn|3
|
|t:|1760321563
|-terastallize|p1a: Naclstack|Ghost
|move|p2a: Poltchageist|Giga Drain|p1a: Naclstack
|-damage|p1a: Naclstack|46/100
|move|p1a: Naclstack|Salt Cure|p2a: Poltchageist
|-damage|p2a: Poltchageist|86/100
|-start|p2a: Poltchageist|Salt Cure
|
|-damage|p2a: Poltchageist|73/100|[from] Salt Cure
|upkeep
|turn|4
|
|t:|1760321570
|move|p1a: Naclstack|Protect|p1a: Naclstack
|-singleturn|p1a: Naclstack|Protect
|move|p2a: Poltchageist|Giga Drain|p1a: Naclstack
|-activate|p1a: Naclstack|move: Protect
|
|-damage|p2a: Poltchageist|61/100|[from] Salt Cure
|upkeep
|turn|5
|
|t:|1760321578
|switch|p1a: Whimsicott|Whimsicott, M|82/100
|move|p2a: Poltchageist|Giga Drain|p1a: Whimsicott
|-resisted|p1a: Whimsicott
|-damage|p1a: Whimsicott|44/100
|-heal|p2a: Poltchageist|83/100|[from] drain|[of] p1a: Whimsicott
|
|-heal|p1a: Whimsicott|50/100|[from] item: Leftovers
|-damage|p2a: Poltchageist|71/100|[from] Salt Cure
|upkeep
|turn|6
|
|t:|1760321582
|move|p1a: Whimsicott|Moonblast|p2a: Poltchageist
|-crit|p2a: Poltchageist
|-damage|p2a: Poltchageist|16/100
|move|p2a: Poltchageist|Shadow Ball|p1a: Whimsicott
|-damage|p1a: Whimsicott|0 fnt
|faint|p1a: Whimsicott
|
|-damage|p2a: Poltchageist|3/100|[from] Salt Cure
|upkeep
|
|t:|1760321588
|switch|p1a: Cloyster|Cloyster, M|100/100
|turn|7
|
|t:|1760321592
|move|p1a: Cloyster|Icicle Spear|p2a: Poltchageist
|-supereffective|p2a: Poltchageist
|-damage|p2a: Poltchageist|0 fnt
|faint|p2a: Poltchageist
|-hitcount|p2: Poltchageist|1
|
|upkeep
|
|t:|1760321594
|switch|p2a: Quaquaval|Quaquaval, F, shiny|100/100
|turn|8
|
|t:|1760321599
|switch|p1a: Naclstack|Naclstack, M, tera:Ghost|46/100
|move|p2a: Quaquaval|Close Combat|p1a: Naclstack
|-immune|p1a: Naclstack
|
|upkeep
|turn|9
|
|t:|1760321605
|switch|p2a: Girafarig|Girafarig, F, shiny|100/100
|move|p1a: Naclstack|Salt Cure|p2a: Girafarig
|-damage|p2a: Girafarig|92/100
|-start|p2a: Girafarig|Salt Cure
|
|-damage|p2a: Girafarig|79/100|[from] Salt Cure
|upkeep
|turn|10
|
|t:|1760321610
|-terastallize|p2a: Girafarig|Ground
|move|p2a: Girafarig|Earthquake|p1a: Naclstack
|-damage|p1a: Naclstack|30/100
|move|p1a: Naclstack|Recover|p1a: Naclstack
|-heal|p1a: Naclstack|80/100
|
|-damage|p2a: Girafarig|67/100|[from] Salt Cure
|upkeep
|turn|11
|
|t:|1760321622
|move|p2a: Girafarig|Calm Mind|p2a: Girafarig
|-boost|p2a: Girafarig|spa|1
|-boost|p2a: Girafarig|spd|1
|move|p1a: Naclstack|Body Press|p2a: Girafarig
|-damage|p2a: Girafarig|41/100
|
|-damage|p2a: Girafarig|28/100|[from] Salt Cure
|upkeep
|turn|12
|
|t:|1760321634
|move|p2a: Girafarig|Psyshock|p1a: Naclstack
|-damage|p1a: Naclstack|51/100
|move|p1a: Naclstack|Recover|p1a: Naclstack
|-heal|p1a: Naclstack|100/100
|
|-damage|p2a: Girafarig|16/100|[from] Salt Cure
|upkeep
|turn|13
|
|t:|1760321643
|switch|p1a: Cloyster|Cloyster, M|100/100
|move|p2a: Girafarig|Psyshock|p1a: Cloyster
|-damage|p1a: Cloyster|56/100
|
|-damage|p2a: Girafarig|3/100|[from] Salt Cure
|upkeep
|turn|14
|
|t:|1760321647
|move|p1a: Cloyster|Shell Smash|p1a: Cloyster
|-unboost|p1a: Cloyster|def|1
|-unboost|p1a: Cloyster|spd|1
|-boost|p1a: Cloyster|atk|2
|-boost|p1a: Cloyster|spa|2
|-boost|p1a: Cloyster|spe|2
|-enditem|p1a: Cloyster|White Herb
|-clearnegativeboost|p1a: Cloyster|[silent]
|move|p2a: Girafarig|Psyshock|p1a: Cloyster
|-damage|p1a: Cloyster|8/100
|
|-damage|p2a: Girafarig|0 fnt|[from] Salt Cure
|faint|p2a: Girafarig
|upkeep
|
|t:|1760321657
|switch|p2a: Quaquaval|Quaquaval, F, shiny|100/100
|turn|15
|c|☆galourogue 3000|gg
|
|t:|1760321664
|move|p1a: Cloyster|Icicle Spear|p2a: Quaquaval
|-resisted|p2a: Quaquaval
|-damage|p2a: Quaquaval|86/100
|-resisted|p2a: Quaquaval
|-damage|p2a: Quaquaval|71/100
|-resisted|p2a: Quaquaval
|-damage|p2a: Quaquaval|56/100
|-resisted|p2a: Quaquaval
|-damage|p2a: Quaquaval|43/100
|-resisted|p2a: Quaquaval
|-damage|p2a: Quaquaval|28/100
|-hitcount|p2a: Quaquaval|5
|move|p2a: Quaquaval|Knock Off|p1a: Cloyster
|-damage|p1a: Cloyster|0 fnt
|faint|p1a: Cloyster
|-ability|p2a: Quaquaval|Moxie|boost
|-boost|p2a: Quaquaval|atk|1
|
|upkeep
|
|t:|1760321674
|switch|p1a: Naclstack|Naclstack, M, tera:Ghost|100/100
|turn|16
|
|t:|1760321676
|move|p2a: Quaquaval|Knock Off|p1a: Naclstack
|-supereffective|p1a: Naclstack
|-damage|p1a: Naclstack|29/100
|-enditem|p1a: Naclstack|Eviolite|[from] move: Knock Off|[of] p2a: Quaquaval
|move|p1a: Naclstack|Body Press|p2a: Quaquaval
|-damage|p2a: Quaquaval|0 fnt
|faint|p2a: Quaquaval
|
|win|TheGuardianB
|n|☆TheGuardianB|theguardianb
|n|☆galourogue 3000|galourogue3000
|n|*Lady Monita ☀|ladymonita
