|j|☆gang696969
|j|☆RocketMilt
|t:|1760396490
|gametype|singles
|player|p1|gang696969|170|1431
|player|p2|RocketMilt|265|1409
|gen|9
|tier|[Gen 9] OU
|rated|
|rule|HP Percentage Mod: HP is shown in percentages
|rule|Endless Battle Clause: Forcing endless battles is banned
|rule|Species Clause: Limit one of each Pokémon
|rule|OHKO Clause: OHKO moves are banned
|rule|Evasion Items Clause: Evasion items are banned
|rule|Evasion Moves Clause: Evasion moves are banned
|rule|Evasion Abilities Clause: Evasion abilities are banned
|rule|Sleep Moves Clause: Sleep-inducing moves are banned
|clearpoke
|poke|p1|Ceruledge, F|
|poke|p1|Walking Wake|
|poke|p1|Dragonite, M|
|poke|p1|Torkoal, F|
|poke|p1|Venusaur, F|
|poke|p1|Kingambit, M|
|poke|p2|Porygon-Z|
|poke|p2|Rillaboom, F|
|poke|p2|Samurott-Hisui, M|
|poke|p2|Slowking-Galar, M|
|poke|p2|Great Tusk|
|poke|p2|Moltres|
|teampreview
|inactive|Battle timer is ON: inactive players will automatically lose when time's up. (requested by RocketMilt)
|inactive|gang696969 has 120 seconds left.
|inactive|gang696969 has 90 seconds left.
|
|t:|1760396574
|teamsize|p1|6
|teamsize|p2|6
|start
|switch|p1a: Torkoal|Torkoal, F|100/100
|switch|p2a: Slowking|Slowking-Galar, M|100/100
|-weather|SunnyDay|[from] ability: Drought|[of] p1a: Torkoal
|turn|1
|
|t:|1760396581
|move|p1a: Torkoal|Stealth Rock|p2a: Slowking
|-sidestart|p2: RocketMilt|move: Stealth Rock
|-prepare|p2a: Slowking|Chilly Reception|[premajor]
|move|p2a: Slowking|Chilly Reception|p2a: Slowking
|-weather|Snowscape
|
|t:|1760396585
|switch|p2a: Porygon-Z|Porygon-Z|100/100|[from] Chilly Reception
|-damage|p2a: Porygon-Z|88/100|[from] Stealth Rock
|-ability|p2a: Porygon-Z|Download|boost
|-boost|p2a: Porygon-Z|spa|1
|
|-weather|Snowscape|[upkeep]
|upkeep
|turn|2
|inactive|gang696969 has 120 seconds left.
|
|t:|1760396634
|switch|p1a: Ceruledge|Ceruledge, F|100/100
|move|p2a: Porygon-Z|Shadow Ball|p1a: Ceruledge
|-supereffective|p1a: Ceruledge
|-enditem|p1a: Ceruledge|Focus Sash
|-damage|p1a: Ceruledge|1/100
|
|-weather|Snowscape|[upkeep]
|upkeep
|turn|3
|
|t:|1760396653
|move|p1a: Ceruledge|Shadow Sneak|p2a: Porygon-Z
|-immune|p2a: Porygon-Z
|move|p2a: Porygon-Z|Shadow Ball|p1a: Ceruledge
|-supereffective|p1a: Ceruledge
|-damage|p1a: Ceruledge|0 fnt
|faint|p1a: Ceruledge
|
|-weather|Snowscape|[upkeep]
|upkeep
|inactive|gang696969 has 90 seconds left.
|
|t:|1760396669
|switch|p1a: Torkoal|Torkoal, F|100/100
|-weather|SunnyDay|[from] ability: Drought|[of] p1a: Torkoal
|turn|4
|
|t:|1760396678
|switch|p1a: Venusaur|Venusaur, F|100/100
|move|p2a: Porygon-Z|Shadow Ball|p1a: Venusaur
|-damage|p1a: Venusaur|32/100
|
|-weather|SunnyDay|[upkeep]
|upkeep
|turn|5
|
|t:|1760396691
|switch|p2a: Slowking|Slowking-Galar, M|100/100
|move|p1a: Venusaur|Solar Beam||[still]
|-prepare|p1a: Venusaur|Solar Beam
|-anim|p1a: Venusaur|Solar Beam|p2a: Slowking
|-resisted|p2a: Slowking
|-damage|p2a: Slowking|79/100
|-damage|p1a: Venusaur|22/100|[from] item: Life Orb
|
|-weather|SunnyDay|[upkeep]
|upkeep
|turn|6
|
|t:|1760396703
|switch|p1a: Dragonite|Dragonite, M|100/100
|-prepare|p2a: Slowking|Chilly Reception|[premajor]
|move|p2a: Slowking|Chilly Reception|p2a: Slowking
|-weather|Snowscape
|
|t:|1760396706
|switch|p2a: Great Tusk|Great Tusk|100/100|[from] Chilly Reception
|-damage|p2a: Great Tusk|98/100|[from] Stealth Rock
|-enditem|p2a: Great Tusk|Booster Energy
|-activate|p2a: Great Tusk|ability: Protosynthesis|[fromitem]
|-start|p2a: Great Tusk|protosynthesisspe
|
|-weather|Snowscape|[upkeep]
|upkeep
|turn|7
|
|t:|1760396716
|-terastallize|p1a: Dragonite|Fairy
|move|p2a: Great Tusk|Rapid Spin|p1a: Dragonite
|-damage|p1a: Dragonite|94/100
|-boost|p2a: Great Tusk|spe|1
|-sideend|p2: RocketMilt|Stealth Rock|[from] move: Rapid Spin|[of] p2a: Great Tusk
|move|p1a: Dragonite|Dragon Dance|p1a: Dragonite
|-boost|p1a: Dragonite|atk|1
|-boost|p1a: Dragonite|spe|1
|
|-weather|Snowscape|[upkeep]
|upkeep
|turn|8
|
|t:|1760396735
|-end|p2a: Great Tusk|Protosynthesis|[silent]
|switch|p2a: Moltres|Moltres|100/100
|move|p1a: Dragonite|Dragon Dance|p1a: Dragonite
|-boost|p1a: Dragonite|atk|1
|-boost|p1a: Dragonite|spe|1
|
|-weather|Snowscape|[upkeep]
|upkeep
|turn|9
|
|t:|1760396749
|switch|p1a: Torkoal|Torkoal, F|100/100
|-weather|SunnyDay|[from] ability: Drought|[of] p1a: Torkoal
|move|p2a: Moltres|Roar|p1a: Torkoal
|drag|p1a: Kingambit|Kingambit, M|100/100
|-activate|p1a: Kingambit|ability: Supreme Overlord
|-start|p1a: Kingambit|fallen1|[silent]
|
|-weather|SunnyDay|[upkeep]
|upkeep
|turn|10
|
|t:|1760396765
|-end|p1a: Kingambit|fallen1|[silent]
|switch|p1a: Walking Wake|Walking Wake|100/100
|-activate|p1a: Walking Wake|ability: Protosynthesis
|-start|p1a: Walking Wake|protosynthesisspe
|move|p2a: Moltres|U-turn|p1a: Walking Wake
|-damage|p1a: Walking Wake|85/100
|
|t:|1760396770
|switch|p2a: Slowking|Slowking-Galar, M|100/100|[from] U-turn
|
|-weather|SunnyDay|[upkeep]
|-heal|p1a: Walking Wake|92/100|[from] item: Leftovers
|upkeep
|turn|11
|
|t:|1760396780
|move|p1a: Walking Wake|Dragon Pulse|p2a: Slowking
|-damage|p2a: Slowking|75/100
|move|p2a: Slowking|Thunder Wave|p1a: Walking Wake
|-status|p1a: Walking Wake|par
|
|-weather|SunnyDay|[upkeep]
|-heal|p1a: Walking Wake|98/100 par|[from] item: Leftovers
|upkeep
|turn|12
|
|t:|1760396788
|cant|p1a: Walking Wake|par
|-prepare|p2a: Slowking|Chilly Reception|[premajor]
|move|p2a: Slowking|Chilly Reception|p2a: Slowking
|-weather|Snowscape
|-end|p1a: Walking Wake|Protosynthesis
|
|t:|1760396790
|switch|p2a: Samurott|Samurott-Hisui, M|100/100|[from] Chilly Reception
|
|-weather|Snowscape|[upkeep]
|-heal|p1a: Walking Wake|100/100 par|[from] item: Leftovers
|upkeep
|turn|13
|inactive|gang696969 has 120 seconds left.
|
|t:|1760396828
|-end|p1a: Walking Wake|Protosynthesis|[silent]
|switch|p1a: Torkoal|Torkoal, F|100/100
|-weather|SunnyDay|[from] ability: Drought|[of] p1a: Torkoal
|move|p2a: Samurott|Ceaseless Edge|p1a: Torkoal
|-damage|p1a: Torkoal|66/100
|-sidestart|p1: gang696969|Spikes
|
|-weather|SunnyDay|[upkeep]
|upkeep
|turn|14
|
|t:|1760396842
|move|p2a: Samurott|Knock Off|p1a: Torkoal
|-damage|p1a: Torkoal|35/100
|-enditem|p1a: Torkoal|Heat Rock|[from] move: Knock Off|[of] p2a: Samurott
|move|p1a: Torkoal|Stealth Rock|p2a: Samurott
|-sidestart|p2: RocketMilt|move: Stealth Rock
|
|-weather|SunnyDay|[upkeep]
|upkeep
|turn|15
|inactive|gang696969 has 90 seconds left.
|
|t:|1760396858
|switch|p1a: Venusaur|Venusaur, F|22/100
|-damage|p1a: Venusaur|10/100|[from] Spikes
|move|p2a: Samurott|Ceaseless Edge|p1a: Venusaur
|-damage|p1a: Venusaur|0 fnt
|-sidestart|p1: gang696969|Spikes
|faint|p1a: Venusaur
|
|-weather|SunnyDay|[upkeep]
|upkeep
|inactive|gang696969 has 90 seconds left.
|inactive|gang696969 has 60 seconds left.
|inactive|gang696969 has 30 seconds left.
|inactive|gang696969 has 20 seconds left.
|inactive|gang696969 has 15 seconds left.
|c|☆RocketMilt|Gg
|inactive|gang696969 has 10 seconds left.
|
|t:|1760396946
|switch|p1a: Walking Wake|Walking Wake|100/100 par
|-damage|p1a: Walking Wake|84/100 par|[from] Spikes
|-activate|p1a: Walking Wake|ability: Protosynthesis
|-start|p1a: Walking Wake|protosynthesisspe
|turn|16
|inactive|gang696969 has 20 seconds left this turn.
|inactive|gang696969 has 15 seconds left.
|
|t:|1760396952
|move|p1a: Walking Wake|Dragon Pulse|p2a: Samurott
|-damage|p2a: Samurott|69/100
|move|p2a: Samurott|Ceaseless Edge|p1a: Walking Wake
|-crit|p1a: Walking Wake
|-damage|p1a: Walking Wake|9/100 par
|-sidestart|p1: gang696969|Spikes
|
|-weather|SunnyDay|[upkeep]
|-heal|p1a: Walking Wake|16/100 par|[from] item: Leftovers
|upkeep
|turn|17
|inactive|gang696969 has 25 seconds left this turn.
|inactive|gang696969 has 20 seconds left.
|
|t:|1760396965
|move|p2a: Samurott|Sucker Punch|p1a: Walking Wake
|-damage|p1a: Walking Wake|0 fnt
|faint|p1a: Walking Wake
|-end|p1a: Walking Wake|Protosynthesis|[silent]
|
|-weather|SunnyDay|[upkeep]
|upkeep
|inactive|gang696969 has 25 seconds left this turn.
|inactive|gang696969 has 20 seconds left.
|
|t:|1760396972
|switch|p1a: Dragonite|Dragonite, M, tera:Fairy|94/100
|turn|18
|inactive|gang696969 has 30 seconds left this turn.
|
|t:|1760396981
|switch|p2a: Moltres|Moltres|100/100
|move|p1a: Dragonite|Dragon Dance|p1a: Dragonite
|-boost|p1a: Dragonite|atk|1
|-boost|p1a: Dragonite|spe|1
|
|-weather|SunnyDay|[upkeep]
|upkeep
|turn|19
|inactive|gang696969 has 30 seconds left.
|
|t:|1760396989
|move|p1a: Dragonite|Dragon Dance|p1a: Dragonite
|-boost|p1a: Dragonite|atk|1
|-boost|p1a: Dragonite|spe|1
|move|p2a: Moltres|Roar|p1a: Dragonite
|drag|p1a: Kingambit|Kingambit, M|100/100
|-damage|p1a: Kingambit|75/100|[from] Spikes
|-activate|p1a: Kingambit|ability: Supreme Overlord
|-start|p1a: Kingambit|fallen3|[silent]
|
|-weather|SunnyDay|[upkeep]
|upkeep
|turn|20
|
|t:|1760396998
|move|p2a: Moltres|Flamethrower|p1a: Kingambit
|-supereffective|p1a: Kingambit
|-damage|p1a: Kingambit|0 fnt
|faint|p1a: Kingambit
|-end|p1a: Kingambit|fallen3|[silent]
|
|-weather|none
|upkeep
|inactive|gang696969 has 30 seconds left.
|
|t:|1760397010
|switch|p1a: Dragonite|Dragonite, M, tera:Fairy|94/100
|turn|21
|
|t:|1760397014
|move|p1a: Dragonite|Dragon Dance|p1a: Dragonite
|-boost|p1a: Dragonite|atk|1
|-boost|p1a: Dragonite|spe|1
|move|p2a: Moltres|Roar|p1a: Dragonite
|drag|p1a: Torkoal|Torkoal, F|35/100
|-damage|p1a: Torkoal|10/100|[from] Spikes
|-weather|SunnyDay|[from] ability: Drought|[of] p1a: Torkoal
|
|-weather|SunnyDay|[upkeep]
|upkeep
|turn|22
|
|t:|1760397025
|move|p2a: Moltres|U-turn|p1a: Torkoal
|-resisted|p1a: Torkoal
|-damage|p1a: Torkoal|5/100
|
|t:|1760397028
|switch|p2a: Porygon-Z|Porygon-Z|88/100|[from] U-turn
|-damage|p2a: Porygon-Z|76/100|[from] Stealth Rock
|-ability|p2a: Porygon-Z|Download|boost
|-boost|p2a: Porygon-Z|spa|1
|move|p1a: Torkoal|Rapid Spin|p2a: Porygon-Z
|-damage|p2a: Porygon-Z|62/100
|-boost|p1a: Torkoal|spe|1
|-sideend|p1: gang696969|Spikes|[from] move: Rapid Spin|[of] p1a: Torkoal
|
|-weather|SunnyDay|[upkeep]
|upkeep
|turn|23
|
|t:|1760397040
|move|p2a: Porygon-Z|Tera Blast|p1a: Torkoal
|-damage|p1a: Torkoal|0 fnt
|faint|p1a: Torkoal
|
|-weather|SunnyDay|[upkeep]
|upkeep
|
|t:|1760397046
|switch|p1a: Dragonite|Dragonite, M, tera:Fairy|94/100
|turn|24
|
|t:|1760397049
|move|p2a: Porygon-Z|Tera Blast|p1a: Dragonite
|-damage|p1a: Dragonite|5/100
|move|p1a: Dragonite|Dragon Dance|p1a: Dragonite
|-boost|p1a: Dragonite|atk|1
|-boost|p1a: Dragonite|spe|1
|
|-weather|SunnyDay|[upkeep]
|upkeep
|turn|25
|inactive|gang696969 has 60 seconds left.
|
|t:|1760397058
|switch|p2a: Rillaboom|Rillaboom, F|100/100
|-damage|p2a: Rillaboom|88/100|[from] Stealth Rock
|-fieldstart|move: Grassy Terrain|[from] ability: Grassy Surge|[of] p2a: Rillaboom
|move|p1a: Dragonite|Extreme Speed|p2a: Rillaboom
|-damage|p2a: Rillaboom|35/100
|
|-weather|none
|-heal|p1a: Dragonite|11/100|[from] Grassy Terrain
|-heal|p2a: Rillaboom|41/100|[from] Grassy Terrain
|upkeep
|turn|26
|inactive|gang696969 has 60 seconds left.
|
|t:|1760397069
|move|p1a: Dragonite|Extreme Speed|p2a: Rillaboom
|-damage|p2a: Rillaboom|0 fnt
|faint|p2a: Rillaboom
|
|-heal|p1a: Dragonite|17/100|[from] Grassy Terrain
|upkeep
|
|t:|1760397079
|switch|p2a: Moltres|Moltres|100/100
|turn|27
|
|t:|1760397085
|move|p1a: Dragonite|Dragon Dance|p1a: Dragonite
|-boost|p1a: Dragonite|atk|1
|-boost|p1a: Dragonite|spe|1
|move|p2a: Moltres|Flamethrower|p1a: Dragonite
|-damage|p1a: Dragonite|0 fnt
|faint|p1a: Dragonite
|
|win|RocketMilt
|raw|gang696969's rating: 1431 &rarr; <strong>1410</strong><br />(-21 for losing)
|raw|RocketMilt's rating: 1409 &rarr; <strong>1430</strong><br />(+21 for winning)
|l|☆gang696969
|player|p1|
|l|☆RocketMilt
|player|p2|
