|j|☆GOT_SHADOW
|j|☆Forzbee
|t:|1760300869
|gametype|singles
|player|p1|GOT_SHADOW|lucas|1122
|player|p2|Forzbee|ghetsis-gen5bw|1051
|gen|9
|tier|[Gen 9] OU
|rated|
|rule|HP Percentage Mod: HP is shown in percentages
|rule|Endless Battle Clause: Forcing endless battles is banned
|rule|Species Clause: Limit one of each Pokémon
|rule|OHKO Clause: OHKO moves are banned
|rule|Evasion Items Clause: Evasion items are banned
|rule|Evasion Moves Clause: Evasion moves are banned
|rule|Evasion Abilities Clause: Evasion abilities are banned
|rule|Sleep Moves Clause: Sleep-inducing moves are banned
|clearpoke
|poke|p1|Goodra-Hisui, M|
|poke|p1|Corviknight, F|
|poke|p1|Ursaluna, F|
|poke|p1|Rotom-Wash|
|poke|p1|Vaporeon, F|
|poke|p1|Iron Jugulis|
|poke|p2|Malamar, M|
|poke|p2|Coalossal, F|
|poke|p2|Serperior, F|
|poke|p2|Cetitan, M|
|poke|p2|Camerupt, F|
|poke|p2|Krookodile, M|
|teampreview
|inactive|Battle timer is ON: inactive players will automatically lose when time's up. (requested by Forzbee)
|
|t:|1760300899
|teamsize|p1|6
|teamsize|p2|6
|start
|switch|p1a: Rotom|Rotom-Wash|100/100
|switch|p2a: Coalossal|Coalossal, F|100/100
|turn|1
|
|t:|1760300913
|move|p1a: Rotom|Trick|p2a: Coalossal
|-activate|p1a: Rotom|move: Trick|[of] p2a: Coalossal
|-item|p2a: Coalossal|Choice Scarf|[from] move: Trick
|-item|p1a: Rotom|Heavy-Duty Boots|[from] move: Trick
|move|p2a: Coalossal|Stealth Rock|p1a: Rotom
|-sidestart|p1: GOT_SHADOW|move: Stealth Rock
|
|upkeep
|turn|2
|c|☆GOT_SHADOW|good luck
|
|t:|1760300930
|switch|p2a: Serperior|Serperior, F|100/100
|move|p1a: Rotom|Volt Switch|p2a: Serperior
|-resisted|p2a: Serperior
|-damage|p2a: Serperior|84/100
|
|t:|1760300937
|switch|p1a: Corviknight|Corviknight, F|100/100|[from] Volt Switch
|-damage|p1a: Corviknight|88/100|[from] Stealth Rock
|-ability|p1a: Corviknight|Pressure
|
|-heal|p2a: Serperior|90/100|[from] item: Leftovers
|upkeep
|turn|3
|
|t:|1760300953
|move|p2a: Serperior|Glare|p1a: Corviknight
|-status|p1a: Corviknight|par
|cant|p1a: Corviknight|par
|
|-heal|p2a: Serperior|96/100|[from] item: Leftovers
|upkeep
|turn|4
|
|t:|1760300964
|-terastallize|p2a: Serperior|Fire
|move|p2a: Serperior|Tera Blast|p1a: Corviknight|[anim] Tera Blast Fire
|-supereffective|p1a: Corviknight
|-damage|p1a: Corviknight|30/100 par
|move|p1a: Corviknight|Defog|p2a: Serperior
|-boost|p2a: Serperior|evasion|1
|-sideend|p1: GOT_SHADOW|Stealth Rock|[from] move: Defog|[of] p1a: Corviknight
|
|-heal|p2a: Serperior|100/100|[from] item: Leftovers
|upkeep
|turn|5
|
|t:|1760300974
|move|p2a: Serperior|Tera Blast|p1a: Corviknight|[anim] Tera Blast Fire
|-supereffective|p1a: Corviknight
|-damage|p1a: Corviknight|0 fnt
|faint|p1a: Corviknight
|
|upkeep
|
|t:|1760300985
|switch|p1a: Iron Jugulis|Iron Jugulis|100/100
|-enditem|p1a: Iron Jugulis|Booster Energy
|-activate|p1a: Iron Jugulis|ability: Quark Drive|[fromitem]
|-start|p1a: Iron Jugulis|quarkdrivespe
|turn|6
|
|t:|1760301012
|switch|p2a: Cetitan|Cetitan, M|100/100
|move|p1a: Iron Jugulis|Earth Power|p2a: Cetitan
|-damage|p2a: Cetitan|77/100
|
|upkeep
|turn|7
|
|t:|1760301020
|-end|p1a: Iron Jugulis|Quark Drive|[silent]
|switch|p1a: Vaporeon|Vaporeon, F|100/100
|move|p2a: Cetitan|Ice Spinner|p1a: Vaporeon
|-resisted|p1a: Vaporeon
|-damage|p1a: Vaporeon|86/100
|
|-heal|p1a: Vaporeon|92/100|[from] item: Leftovers
|upkeep
|turn|8
|
|t:|1760301031
|move|p2a: Cetitan|Earthquake|p1a: Vaporeon
|-damage|p1a: Vaporeon|68/100
|move|p1a: Vaporeon|Scald|p2a: Cetitan
|-damage|p2a: Cetitan|52/100
|
|-heal|p1a: Vaporeon|74/100|[from] item: Leftovers
|upkeep
|turn|9
|
|t:|1760301041
|move|p2a: Cetitan|Earthquake|p1a: Vaporeon
|-damage|p1a: Vaporeon|48/100
|move|p1a: Vaporeon|Scald|p2a: Cetitan
|-damage|p2a: Cetitan|31/100
|-status|p2a: Cetitan|brn
|
|-heal|p1a: Vaporeon|55/100|[from] item: Leftovers
|-damage|p2a: Cetitan|25/100 brn|[from] brn
|upkeep
|turn|10
|
|t:|1760301062
|switch|p2a: Serperior|Serperior, F, tera:Fire|100/100
|move|p1a: Vaporeon|Wish|p1a: Vaporeon
|
|-heal|p1a: Vaporeon|61/100|[from] item: Leftovers
|upkeep
|turn|11
|
|t:|1760301070
|switch|p1a: Goodra|Goodra-Hisui, M|100/100
|move|p2a: Serperior|Leaf Storm|p1a: Goodra
|-resisted|p1a: Goodra
|-damage|p1a: Goodra|96/100
|-boost|p2a: Serperior|spa|2
|
|-heal|p1a: Goodra|100/100|[from] move: Wish|[wisher] Vaporeon
|upkeep
|turn|12
|inactive|Forzbee has 120 seconds left.
|
|t:|1760301097
|switch|p2a: Malamar|Malamar, M|100/100
|move|p1a: Goodra|Draco Meteor|p2a: Malamar
|-damage|p2a: Malamar|24/100
|-unboost|p1a: Goodra|spa|2
|
|-heal|p2a: Malamar|31/100|[from] item: Leftovers
|upkeep
|turn|13
|inactive|Forzbee has 120 seconds left.
|
|t:|1760301110
|switch|p1a: Vaporeon|Vaporeon, F|61/100
|move|p2a: Malamar|Rest|p2a: Malamar
|-status|p2a: Malamar|slp|[from] move: Rest
|-heal|p2a: Malamar|100/100 slp|[silent]
|
|-heal|p1a: Vaporeon|67/100|[from] item: Leftovers
|upkeep
|turn|14
|inactive|Forzbee has 120 seconds left.
|
|t:|1760301119
|cant|p2a: Malamar|slp
|move|p2a: Malamar|Sleep Talk|p2a: Malamar
|move|p2a: Malamar|Rest||[from] move: Sleep Talk|[still]
|-fail|p2a: Malamar
|move|p1a: Vaporeon|Wish|p1a: Vaporeon
|
|-heal|p1a: Vaporeon|73/100|[from] item: Leftovers
|upkeep
|turn|15
|inactive|Forzbee has 120 seconds left.
|
|t:|1760301130
|cant|p2a: Malamar|slp
|move|p2a: Malamar|Sleep Talk|p2a: Malamar
|move|p2a: Malamar|Superpower|p1a: Vaporeon|[from] move: Sleep Talk
|-damage|p1a: Vaporeon|45/100
|-boost|p2a: Malamar|atk|1
|-boost|p2a: Malamar|def|1
|move|p1a: Vaporeon|Scald|p2a: Malamar
|-crit|p2a: Malamar
|-damage|p2a: Malamar|52/100 slp
|
|-heal|p1a: Vaporeon|95/100|[from] move: Wish|[wisher] Vaporeon
|-heal|p2a: Malamar|58/100 slp|[from] item: Leftovers
|-heal|p1a: Vaporeon|100/100|[from] item: Leftovers
|upkeep
|turn|16
|inactive|Forzbee has 120 seconds left.
|
|t:|1760301149
|switch|p1a: Rotom|Rotom-Wash|100/100
|-curestatus|p2a: Malamar|slp|[msg]
|move|p2a: Malamar|Sleep Talk||[still]
|-fail|p2a: Malamar
|
|-heal|p2a: Malamar|64/100|[from] item: Leftovers
|upkeep
|turn|17
|inactive|Forzbee has 120 seconds left.
|
|t:|1760301162
|move|p1a: Rotom|Hydro Pump|p2a: Malamar
|-damage|p2a: Malamar|19/100
|move|p2a: Malamar|Superpower|p1a: Rotom
|-damage|p1a: Rotom|57/100
|-boost|p2a: Malamar|atk|1
|-boost|p2a: Malamar|def|1
|
|-heal|p2a: Malamar|25/100|[from] item: Leftovers
|upkeep
|turn|18
|
|t:|1760301172
|move|p1a: Rotom|Volt Switch|p2a: Malamar
|-damage|p2a: Malamar|0 fnt
|faint|p2a: Malamar
|
|t:|1760301193
|switch|p1a: Goodra|Goodra-Hisui, M|100/100|[from] Volt Switch
|
|upkeep
|
|t:|1760301207
|switch|p2a: Coalossal|Coalossal, F|100/100
|turn|19
|
|t:|1760301211
|switch|p1a: Iron Jugulis|Iron Jugulis|100/100
|move|p2a: Coalossal|Stealth Rock|p1a: Iron Jugulis
|-sidestart|p1: GOT_SHADOW|move: Stealth Rock
|
|upkeep
|turn|20
|
|t:|1760301231
|switch|p2a: Krookodile|Krookodile, M|100/100
|move|p1a: Iron Jugulis|Earth Power|p2a: Krookodile
|-damage|p2a: Krookodile|58/100
|
|upkeep
|turn|21
|
|t:|1760301244
|move|p2a: Krookodile|Stone Edge|p1a: Iron Jugulis
|-supereffective|p1a: Iron Jugulis
|-damage|p1a: Iron Jugulis|22/100
|move|p1a: Iron Jugulis|Air Slash|p2a: Krookodile
|-damage|p2a: Krookodile|5/100
|
|upkeep
|turn|22
|
|t:|1760301256
|-end|p1a: Iron Jugulis|Quark Drive|[silent]
|switch|p1a: Ursaluna|Ursaluna, F|100/100
|-damage|p1a: Ursaluna|94/100|[from] Stealth Rock
|move|p2a: Krookodile|Stone Edge|p1a: Ursaluna
|-resisted|p1a: Ursaluna
|-damage|p1a: Ursaluna|84/100
|
|-status|p1a: Ursaluna|brn|[from] item: Flame Orb
|upkeep
|turn|23
|
|t:|1760301273
|switch|p2a: Coalossal|Coalossal, F|100/100
|move|p1a: Ursaluna|Drain Punch|p2a: Coalossal
|-supereffective|p2a: Coalossal
|-damage|p2a: Coalossal|43/100
|-heal|p1a: Ursaluna|100/100 brn|[from] drain|[of] p2a: Coalossal
|
|-damage|p1a: Ursaluna|94/100 brn|[from] brn
|upkeep
|turn|24
|inactive|Forzbee has 120 seconds left.
|
|t:|1760301291
|move|p2a: Coalossal|Rock Blast|p1a: Ursaluna
|-resisted|p1a: Ursaluna
|-damage|p1a: Ursaluna|92/100 brn
|-resisted|p1a: Ursaluna
|-damage|p1a: Ursaluna|89/100 brn
|-resisted|p1a: Ursaluna
|-damage|p1a: Ursaluna|87/100 brn
|-hitcount|p1a: Ursaluna|3
|move|p1a: Ursaluna|Drain Punch|p2a: Coalossal
|-supereffective|p2a: Coalossal
|-damage|p2a: Coalossal|0 fnt
|-heal|p1a: Ursaluna|100/100 brn|[from] drain|[of] p2a: Coalossal
|faint|p2a: Coalossal
|
|-damage|p1a: Ursaluna|94/100 brn|[from] brn
|upkeep
|inactive|Forzbee has 120 seconds left.
|
|t:|1760301303
|switch|p2a: Serperior|Serperior, F, tera:Fire|100/100
|turn|25
|
|t:|1760301308
|switch|p1a: Goodra|Goodra-Hisui, M|100/100
|-damage|p1a: Goodra|94/100|[from] Stealth Rock
|move|p2a: Serperior|Leaf Storm|p1a: Goodra
|-resisted|p1a: Goodra
|-damage|p1a: Goodra|89/100
|-boost|p2a: Serperior|spa|2
|
|upkeep
|turn|26
|inactive|Forzbee has 120 seconds left.
|
|t:|1760301324
|switch|p2a: Camerupt|Camerupt, F|100/100
|move|p1a: Goodra|Draco Meteor|p2a: Camerupt
|-damage|p2a: Camerupt|18/100
|-unboost|p1a: Goodra|spa|2
|
|-heal|p2a: Camerupt|24/100|[from] item: Leftovers
|upkeep
|turn|27
|
|t:|1760301334
|move|p1a: Goodra|Draco Meteor|p2a: Camerupt
|-damage|p2a: Camerupt|0 fnt
|-unboost|p1a: Goodra|spa|2
|faint|p2a: Camerupt
|
|upkeep
|inactive|Forzbee has 120 seconds left.
|
|t:|1760301348
|switch|p2a: Krookodile|Krookodile, M|5/100
|turn|28
|
|t:|1760301352
|move|p2a: Krookodile|Earthquake|p1a: Goodra
|-supereffective|p1a: Goodra
|-damage|p1a: Goodra|5/100
|move|p1a: Goodra|Flash Cannon|p2a: Krookodile
|-damage|p2a: Krookodile|0 fnt
|faint|p2a: Krookodile
|
|upkeep
|
|t:|1760301360
|switch|p2a: Cetitan|Cetitan, M|25/100 brn
|turn|29
|
|t:|1760301366
|move|p2a: Cetitan|Ice Spinner|p1a: Goodra
|-damage|p1a: Goodra|0 fnt
|-ability|p1a: Goodra|Gooey
|-unboost|p2a: Cetitan|spe|1
|faint|p1a: Goodra
|
|-damage|p2a: Cetitan|18/100 brn|[from] brn
|upkeep
|
|t:|1760301376
|switch|p1a: Iron Jugulis|Iron Jugulis|22/100
|-damage|p1a: Iron Jugulis|0 fnt|[from] Stealth Rock
|faint|p1a: Iron Jugulis
|-end|p1a: Iron Jugulis|Quark Drive|[silent]
|
|t:|1760301391
|switch|p1a: Ursaluna|Ursaluna, F|94/100 brn
|-damage|p1a: Ursaluna|88/100 brn|[from] Stealth Rock
|turn|30
|
|t:|1760301404
|move|p2a: Cetitan|Liquidation|p1a: Ursaluna
|-supereffective|p1a: Ursaluna
|-damage|p1a: Ursaluna|66/100 brn
|move|p1a: Ursaluna|Drain Punch|p2a: Cetitan
|-supereffective|p2a: Cetitan
|-damage|p2a: Cetitan|0 fnt
|-heal|p1a: Ursaluna|75/100 brn|[from] drain|[of] p2a: Cetitan
|faint|p2a: Cetitan
|
|-damage|p1a: Ursaluna|69/100 brn|[from] brn
|upkeep
|
|t:|1760301413
|switch|p2a: Serperior|Serperior, F, tera:Fire|100/100
|turn|31
|
|t:|1760301418
|move|p2a: Serperior|Leaf Storm|p1a: Ursaluna
|-supereffective|p1a: Ursaluna
|-damage|p1a: Ursaluna|0 fnt
|-boost|p2a: Serperior|spa|2
|faint|p1a: Ursaluna
|
|upkeep
|
|t:|1760301424
|switch|p1a: Rotom|Rotom-Wash|57/100
|turn|32
|
|t:|1760301431
|-terastallize|p1a: Rotom|Electric
|move|p2a: Serperior|Leaf Storm|p1a: Rotom
|-damage|p1a: Rotom|0 fnt
|-boost|p2a: Serperior|spa|2
|faint|p1a: Rotom
|
|upkeep
|-message|GOT_SHADOW forfeited.
|
|win|Forzbee
|raw|GOT_SHADOW's rating: 1122 &rarr; <strong>1092</strong><br />(-30 for losing)
|raw|Forzbee's rating: 1051 &rarr; <strong>1090</strong><br />(+39 for winning)
|l|☆GOT_SHADOW
|player|p1|
|l|☆Forzbee
|player|p2|
