|j|☆Alexander Hoodlum
|j|☆IceFangLuxray
|inactive|Battle timer is ON: inactive players will automatically lose when time's up.
|t:|1760457420
|gametype|singles
|player|p1|Alexander Hoodlum|dawn-gen4pt|
|player|p2|IceFangLuxray|hilda|
|gen|9
|tier|[Gen 9] OU
|rated|Tournament battle
|rule|HP Percentage Mod: HP is shown in percentages
|rule|Endless Battle Clause: Forcing endless battles is banned
|rule|Species Clause: Limit one of each Pokémon
|rule|OHKO Clause: OHKO moves are banned
|rule|Evasion Items Clause: Evasion items are banned
|rule|Evasion Moves Clause: Evasion moves are banned
|rule|Evasion Abilities Clause: Evasion abilities are banned
|rule|Sleep Moves Clause: Sleep-inducing moves are banned
|clearpoke
|poke|p1|Araquanid, F|
|poke|p1|Cinderace, F|
|poke|p1|Great Tusk|
|poke|p1|Heatran, F|
|poke|p1|Sinistcha-Masterpiece|
|poke|p1|Darkrai|
|poke|p2|Samurott-Hisui, F|
|poke|p2|Iron Valiant|
|poke|p2|Raging Bolt|
|poke|p2|Moltres|
|poke|p2|Gholdengo|
|poke|p2|Ting-Lu|
|teampreview
|inactive|Alexander Hoodlum also wants the timer to be on.
|
|t:|1760457440
|teamsize|p1|6
|teamsize|p2|6
|start
|switch|p1a: Araquanid|Araquanid, F, shiny|100/100
|switch|p2a: Raging Bolt|Raging Bolt|100/100
|turn|1
|
|t:|1760457454
|switch|p1a: Sinistcha|Sinistcha-Masterpiece, shiny|100/100
|move|p2a: Raging Bolt|Dragon Pulse|p1a: Sinistcha
|-damage|p1a: Sinistcha|57/100
|
|-heal|p1a: Sinistcha|63/100|[from] item: Leftovers
|upkeep
|turn|2
|
|t:|1760457466
|move|p2a: Raging Bolt|Dragon Pulse|p1a: Sinistcha
|-damage|p1a: Sinistcha|17/100
|move|p1a: Sinistcha|Calm Mind|p1a: Sinistcha
|-boost|p1a: Sinistcha|spa|1
|-boost|p1a: Sinistcha|spd|1
|
|-heal|p1a: Sinistcha|23/100|[from] item: Leftovers
|upkeep
|turn|3
|
|t:|1760457473
|switch|p1a: Heatran|Heatran, F|100/100
|move|p2a: Raging Bolt|Dragon Pulse|p1a: Heatran
|-resisted|p1a: Heatran
|-damage|p1a: Heatran|85/100
|
|-heal|p1a: Heatran|91/100|[from] item: Leftovers
|upkeep
|turn|4
|
|t:|1760457482
|-end|p2a: Raging Bolt|Protosynthesis|[silent]
|switch|p2a: Ting-Lu|Ting-Lu|100/100
|-ability|p2a: Ting-Lu|Vessel of Ruin
|move|p1a: Heatran|Stealth Rock|p2a: Ting-Lu
|-sidestart|p2: IceFangLuxray|move: Stealth Rock
|
|-heal|p1a: Heatran|97/100|[from] item: Leftovers
|upkeep
|turn|5
|
|t:|1760457489
|move|p1a: Heatran|Taunt|p2a: Ting-Lu
|-start|p2a: Ting-Lu|move: Taunt
|cant|p2a: Ting-Lu|move: Taunt|Stealth Rock
|
|-heal|p1a: Heatran|100/100|[from] item: Leftovers
|upkeep
|turn|6
|
|t:|1760457495
|switch|p1a: Sinistcha|Sinistcha-Masterpiece, shiny|23/100
|move|p2a: Ting-Lu|Earthquake|p1a: Sinistcha
|-resisted|p1a: Sinistcha
|-damage|p1a: Sinistcha|5/100
|
|-heal|p1a: Sinistcha|12/100|[from] item: Leftovers
|upkeep
|turn|7
|
|t:|1760457502
|move|p1a: Sinistcha|Strength Sap|p2a: Ting-Lu
|-unboost|p2a: Ting-Lu|atk|1
|-heal|p1a: Sinistcha|86/100
|move|p2a: Ting-Lu|Earthquake|p1a: Sinistcha
|-resisted|p1a: Sinistcha
|-damage|p1a: Sinistcha|74/100
|
|-heal|p1a: Sinistcha|80/100|[from] item: Leftovers
|-end|p2a: Ting-Lu|move: Taunt
|upkeep
|turn|8
|j| ultracentrifuge
|
|t:|1760457511
|move|p1a: Sinistcha|Calm Mind|p1a: Sinistcha
|-boost|p1a: Sinistcha|spa|1
|-boost|p1a: Sinistcha|spd|1
|move|p2a: Ting-Lu|Stealth Rock|p1a: Sinistcha
|-sidestart|p1: Alexander Hoodlum|move: Stealth Rock
|
|-heal|p1a: Sinistcha|87/100|[from] item: Leftovers
|upkeep
|turn|9
|
|t:|1760457535
|move|p1a: Sinistcha|Matcha Gotcha|p2a: Ting-Lu
|-supereffective|p2a: Ting-Lu
|-damage|p2a: Ting-Lu|59/100
|-heal|p1a: Sinistcha|100/100|[from] drain|[of] p2a: Ting-Lu
|move|p2a: Ting-Lu|Whirlwind|p1a: Sinistcha
|drag|p1a: Darkrai|Darkrai|100/100
|
|upkeep
|turn|10
|
|t:|1760457547
|switch|p2a: Samurott|Samurott-Hisui, F|100/100
|-damage|p2a: Samurott|88/100|[from] Stealth Rock
|move|p1a: Darkrai|Will-O-Wisp|p2a: Samurott
|-status|p2a: Samurott|brn
|
|-damage|p2a: Samurott|82/100 brn|[from] brn
|upkeep
|turn|11
|l| ultracentrifuge
|
|t:|1760457560
|move|p2a: Samurott|Ceaseless Edge|p1a: Darkrai
|-resisted|p1a: Darkrai
|-crit|p1a: Darkrai
|-damage|p1a: Darkrai|79/100
|-sidestart|p1: Alexander Hoodlum|Spikes
|move|p1a: Darkrai|Sludge Bomb|p2a: Samurott
|-damage|p2a: Samurott|37/100 brn
|
|-damage|p2a: Samurott|30/100 brn|[from] brn
|upkeep
|turn|12
|inactive|Alexander Hoodlum has 120 seconds left.
|
|t:|1760457591
|move|p2a: Samurott|Ceaseless Edge|p1a: Darkrai
|-resisted|p1a: Darkrai
|-damage|p1a: Darkrai|65/100
|-sidestart|p1: Alexander Hoodlum|Spikes
|move|p1a: Darkrai|Sludge Bomb|p2a: Samurott
|-damage|p2a: Samurott|0 fnt
|faint|p2a: Samurott
|
|upkeep
|
|t:|1760457616
|switch|p2a: Raging Bolt|Raging Bolt|100/100
|turn|13
|inactive|Alexander Hoodlum has 120 seconds left.
|
|t:|1760457648
|move|p1a: Darkrai|Ice Beam|p2a: Raging Bolt
|-supereffective|p2a: Raging Bolt
|-damage|p2a: Raging Bolt|38/100
|move|p2a: Raging Bolt|Dragon Pulse|p1a: Darkrai
|-damage|p1a: Darkrai|0 fnt
|faint|p1a: Darkrai
|
|upkeep
|
|t:|1760457653
|switch|p1a: Great Tusk|Great Tusk|100/100
|turn|14
|
|t:|1760457660
|-end|p2a: Raging Bolt|Protosynthesis|[silent]
|switch|p2a: Gholdengo|Gholdengo|100/100
|-damage|p2a: Gholdengo|94/100|[from] Stealth Rock
|-item|p2a: Gholdengo|Air Balloon
|move|p1a: Great Tusk|Ice Spinner|p2a: Gholdengo
|-resisted|p2a: Gholdengo
|-damage|p2a: Gholdengo|80/100
|-enditem|p2a: Gholdengo|Air Balloon
|
|upkeep
|turn|15
|
|t:|1760457683
|-terastallize|p2a: Gholdengo|Fairy
|move|p1a: Great Tusk|Earthquake|p2a: Gholdengo
|-damage|p2a: Gholdengo|29/100
|move|p2a: Gholdengo|Make It Rain|p1a: Great Tusk
|-damage|p1a: Great Tusk|3/100
|-unboost|p2a: Gholdengo|spa|1
|
|upkeep
|turn|16
|inactive|Alexander Hoodlum has 120 seconds left.
|
|t:|1760457690
|switch|p2a: Moltres|Moltres|100/100
|move|p1a: Great Tusk|Rapid Spin|p2a: Moltres
|-damage|p2a: Moltres|89/100
|-boost|p1a: Great Tusk|spe|1
|-sideend|p1: Alexander Hoodlum|Spikes|[from] move: Rapid Spin|[of] p1a: Great Tusk
|-sideend|p1: Alexander Hoodlum|Stealth Rock|[from] move: Rapid Spin|[of] p1a: Great Tusk
|
|upkeep
|turn|17
|inactive|Alexander Hoodlum has 120 seconds left.
|
|t:|1760457703
|-end|p1a: Great Tusk|Protosynthesis|[silent]
|switch|p1a: Heatran|Heatran, F|100/100
|move|p2a: Moltres|U-turn|p1a: Heatran
|-resisted|p1a: Heatran
|-damage|p1a: Heatran|97/100
|
|t:|1760457709
|switch|p2a: Ting-Lu|Ting-Lu|59/100|[from] U-turn
|-ability|p2a: Ting-Lu|Vessel of Ruin
|
|-heal|p1a: Heatran|100/100|[from] item: Leftovers
|upkeep
|turn|18
|
|t:|1760457718
|switch|p1a: Araquanid|Araquanid, F, shiny|100/100
|move|p2a: Ting-Lu|Ruination|p1a: Araquanid
|-damage|p1a: Araquanid|50/100
|
|upkeep
|turn|19
|
|t:|1760457723
|switch|p2a: Raging Bolt|Raging Bolt|38/100
|move|p1a: Araquanid|Surf|p2a: Raging Bolt
|-resisted|p2a: Raging Bolt
|-damage|p2a: Raging Bolt|11/100
|
|upkeep
|turn|20
|
|t:|1760457729
|move|p1a: Araquanid|Endure|p1a: Araquanid
|-singleturn|p1a: Araquanid|move: Endure
|move|p2a: Raging Bolt|Dragon Pulse|p1a: Araquanid
|-damage|p1a: Araquanid|13/100
|
|upkeep
|turn|21
|-enditem|p1a: Araquanid|Custap Berry|[eat]
|-activate|p1a: Araquanid|item: Custap Berry|[consumed]
|
|t:|1760457740
|move|p1a: Araquanid|Surf|p2a: Raging Bolt
|-resisted|p2a: Raging Bolt
|-damage|p2a: Raging Bolt|0 fnt
|faint|p2a: Raging Bolt
|-end|p2a: Raging Bolt|Protosynthesis|[silent]
|
|upkeep
|
|t:|1760457751
|switch|p2a: Ting-Lu|Ting-Lu|59/100
|-ability|p2a: Ting-Lu|Vessel of Ruin
|turn|22
|c|☆Alexander Hoodlum|is your bolt choiced
|c|☆IceFangLuxray|boots
|
|t:|1760457761
|move|p2a: Ting-Lu|Stealth Rock|p1a: Araquanid
|-sidestart|p1: Alexander Hoodlum|move: Stealth Rock
|move|p1a: Araquanid|Surf|p2a: Ting-Lu
|-supereffective|p2a: Ting-Lu
|-damage|p2a: Ting-Lu|8/100
|
|upkeep
|turn|23
|
|t:|1760457779
|move|p2a: Ting-Lu|Earthquake|p1a: Araquanid
|-resisted|p1a: Araquanid
|-damage|p1a: Araquanid|0 fnt
|faint|p1a: Araquanid
|
|upkeep
|
|t:|1760457783
|switch|p1a: Cinderace|Cinderace, F|100/100
|turn|24
|
|t:|1760457788
|switch|p2a: Moltres|Moltres|89/100
|move|p1a: Cinderace|U-turn|p2a: Moltres
|-start|p1a: Cinderace|typechange|Bug|[from] ability: Libero
|-resisted|p2a: Moltres
|-damage|p2a: Moltres|83/100
|-status|p1a: Cinderace|brn|[from] ability: Flame Body|[of] p2a: Moltres
|
|t:|1760457794
|switch|p1a: Heatran|Heatran, F|100/100|[from] U-turn
|-damage|p1a: Heatran|88/100|[from] Stealth Rock
|
|-heal|p1a: Heatran|94/100|[from] item: Leftovers
|upkeep
|turn|25
|
|t:|1760457804
|move|p2a: Moltres|U-turn|p1a: Heatran
|-resisted|p1a: Heatran
|-damage|p1a: Heatran|91/100
|
|t:|1760457806
|switch|p2a: Ting-Lu|Ting-Lu|8/100|[from] U-turn
|-ability|p2a: Ting-Lu|Vessel of Ruin
|move|p1a: Heatran|Magma Storm|p2a: Ting-Lu|[miss]
|-miss|p1a: Heatran|p2a: Ting-Lu
|
|-heal|p1a: Heatran|98/100|[from] item: Leftovers
|upkeep
|turn|26
|
|t:|1760457810
|move|p1a: Heatran|Earth Power|p2a: Ting-Lu
|-damage|p2a: Ting-Lu|0 fnt
|faint|p2a: Ting-Lu
|
|-heal|p1a: Heatran|100/100|[from] item: Leftovers
|upkeep
|
|t:|1760457825
|switch|p2a: Iron Valiant|Iron Valiant|100/100
|-damage|p2a: Iron Valiant|94/100|[from] Stealth Rock
|-enditem|p2a: Iron Valiant|Booster Energy
|-activate|p2a: Iron Valiant|ability: Quark Drive|[fromitem]
|-start|p2a: Iron Valiant|quarkdrivespe
|turn|27
|
|t:|1760457838
|switch|p1a: Sinistcha|Sinistcha-Masterpiece, shiny|100/100
|-damage|p1a: Sinistcha|88/100|[from] Stealth Rock
|move|p2a: Iron Valiant|Close Combat|p1a: Sinistcha
|-immune|p1a: Sinistcha
|
|-heal|p1a: Sinistcha|94/100|[from] item: Leftovers
|upkeep
|turn|28
|
|t:|1760457843
|move|p2a: Iron Valiant|Knock Off|p1a: Sinistcha
|-supereffective|p1a: Sinistcha
|-crit|p1a: Sinistcha
|-damage|p1a: Sinistcha|23/100
|-enditem|p1a: Sinistcha|Leftovers|[from] move: Knock Off|[of] p2a: Iron Valiant
|move|p1a: Sinistcha|Strength Sap|p2a: Iron Valiant
|-unboost|p2a: Iron Valiant|atk|1
|-heal|p1a: Sinistcha|100/100
|
|upkeep
|turn|29
|
|t:|1760457854
|move|p2a: Iron Valiant|Encore|p1a: Sinistcha
|-start|p1a: Sinistcha|Encore
|move|p1a: Sinistcha|Strength Sap|p2a: Iron Valiant
|-unboost|p2a: Iron Valiant|atk|1
|
|upkeep
|turn|30
|j| Larp legion
|
|t:|1760457865
|switch|p1a: Cinderace|Cinderace, F|100/100 brn
|move|p2a: Iron Valiant|Moonblast|p1a: Cinderace
|-resisted|p1a: Cinderace
|-damage|p1a: Cinderace|67/100 brn
|
|-damage|p1a: Cinderace|61/100 brn|[from] brn
|upkeep
|turn|31
|l| Larp legion
|
|t:|1760457874
|-end|p2a: Iron Valiant|Quark Drive|[silent]
|switch|p2a: Moltres|Moltres|83/100
|move|p1a: Cinderace|Iron Head|p2a: Moltres
|-start|p1a: Cinderace|typechange|Steel|[from] ability: Libero
|-resisted|p2a: Moltres
|-damage|p2a: Moltres|76/100
|
|-damage|p1a: Cinderace|55/100 brn|[from] brn
|upkeep
|turn|32
|
|t:|1760457883
|move|p1a: Cinderace|U-turn|p2a: Moltres
|-resisted|p2a: Moltres
|-damage|p2a: Moltres|74/100
|
|t:|1760457887
|switch|p1a: Sinistcha|Sinistcha-Masterpiece, shiny|100/100|[from] U-turn
|-damage|p1a: Sinistcha|88/100|[from] Stealth Rock
|move|p2a: Moltres|Flamethrower|p1a: Sinistcha
|-supereffective|p1a: Sinistcha
|-damage|p1a: Sinistcha|57/100
|
|upkeep
|turn|33
|
|t:|1760457899
|move|p2a: Moltres|Flamethrower|p1a: Sinistcha
|-supereffective|p1a: Sinistcha
|-damage|p1a: Sinistcha|25/100
|move|p1a: Sinistcha|Strength Sap|p2a: Moltres
|-unboost|p2a: Moltres|atk|1
|-heal|p1a: Sinistcha|87/100
|
|upkeep
|turn|34
|
|t:|1760457909
|move|p1a: Sinistcha|Calm Mind|p1a: Sinistcha
|-boost|p1a: Sinistcha|spa|1
|-boost|p1a: Sinistcha|spd|1
|move|p2a: Moltres|Roar|p1a: Sinistcha
|drag|p1a: Heatran|Heatran, F|100/100
|-damage|p1a: Heatran|88/100|[from] Stealth Rock
|
|-heal|p1a: Heatran|94/100|[from] item: Leftovers
|upkeep
|turn|35
|
|t:|1760457927
|move|p2a: Moltres|Roost|p2a: Moltres
|-heal|p2a: Moltres|100/100
|-singleturn|p2a: Moltres|move: Roost
|move|p1a: Heatran|Magma Storm|p2a: Moltres|[miss]
|-miss|p1a: Heatran|p2a: Moltres
|
|-heal|p1a: Heatran|100/100|[from] item: Leftovers
|upkeep
|turn|36
|
|t:|1760457937
|switch|p2a: Gholdengo|Gholdengo, tera:Fairy|29/100
|-damage|p2a: Gholdengo|17/100|[from] Stealth Rock
|move|p1a: Heatran|Magma Storm|p2a: Gholdengo|[miss]
|-miss|p1a: Heatran|p2a: Gholdengo
|
|upkeep
|turn|37
|c|☆Alexander Hoodlum|christ.
|
|t:|1760457953
|move|p2a: Gholdengo|Shadow Ball|p1a: Heatran
|-damage|p1a: Heatran|70/100
|move|p1a: Heatran|Earth Power|p2a: Gholdengo
|-damage|p2a: Gholdengo|0 fnt
|faint|p2a: Gholdengo
|
|-heal|p1a: Heatran|76/100|[from] item: Leftovers
|upkeep
|
|t:|1760457959
|switch|p2a: Iron Valiant|Iron Valiant|94/100
|-damage|p2a: Iron Valiant|88/100|[from] Stealth Rock
|turn|38
|
|t:|1760457988
|switch|p1a: Great Tusk|Great Tusk|3/100
|move|p2a: Iron Valiant|Close Combat|p1a: Great Tusk
|-damage|p1a: Great Tusk|0 fnt
|-unboost|p2a: Iron Valiant|def|1
|-unboost|p2a: Iron Valiant|spd|1
|faint|p1a: Great Tusk
|-end|p1a: Great Tusk|Protosynthesis|[silent]
|
|upkeep
|inactive|Alexander Hoodlum has 120 seconds left.
|
|t:|1760458005
|switch|p1a: Heatran|Heatran, F|76/100
|-damage|p1a: Heatran|64/100|[from] Stealth Rock
|turn|39
|
|t:|1760458008
|-terastallize|p1a: Heatran|Grass
|move|p2a: Iron Valiant|Close Combat|p1a: Heatran
|-damage|p1a: Heatran|24/100
|-unboost|p2a: Iron Valiant|def|1
|-unboost|p2a: Iron Valiant|spd|1
|-status|p2a: Iron Valiant|brn|[from] ability: Flame Body|[of] p1a: Heatran
|move|p1a: Heatran|Magma Storm|p2a: Iron Valiant
|-damage|p2a: Iron Valiant|0 fnt
|faint|p2a: Iron Valiant
|-end|p2a: Iron Valiant|Quark Drive|[silent]
|
|-heal|p1a: Heatran|30/100|[from] item: Leftovers
|upkeep
|
|t:|1760458014
|switch|p2a: Moltres|Moltres|100/100
|turn|40
|
|t:|1760458021
|move|p2a: Moltres|Flamethrower|p1a: Heatran
|-supereffective|p1a: Heatran
|-damage|p1a: Heatran|0 fnt
|faint|p1a: Heatran
|
|upkeep
|
|t:|1760458024
|switch|p1a: Sinistcha|Sinistcha-Masterpiece, shiny|87/100
|-damage|p1a: Sinistcha|74/100|[from] Stealth Rock
|turn|41
|
|t:|1760458030
|move|p1a: Sinistcha|Strength Sap|p2a: Moltres
|-unboost|p2a: Moltres|atk|1
|-heal|p1a: Sinistcha|100/100
|move|p2a: Moltres|Roar|p1a: Sinistcha
|drag|p1a: Cinderace|Cinderace, F|55/100 brn
|
|-damage|p1a: Cinderace|49/100 brn|[from] brn
|upkeep
|turn|42
|
|t:|1760458036
|move|p1a: Cinderace|Iron Head|p2a: Moltres
|-start|p1a: Cinderace|typechange|Steel|[from] ability: Libero
|-resisted|p2a: Moltres
|-damage|p2a: Moltres|94/100
|move|p2a: Moltres|Flamethrower|p1a: Cinderace
|-supereffective|p1a: Cinderace
|-damage|p1a: Cinderace|0 fnt
|faint|p1a: Cinderace
|
|upkeep
|
|t:|1760458039
|switch|p1a: Sinistcha|Sinistcha-Masterpiece, shiny|100/100
|-damage|p1a: Sinistcha|88/100|[from] Stealth Rock
|turn|43
|
|t:|1760458053
|move|p2a: Moltres|Flamethrower|p1a: Sinistcha
|-supereffective|p1a: Sinistcha
|-damage|p1a: Sinistcha|55/100
|move|p1a: Sinistcha|Calm Mind|p1a: Sinistcha
|-boost|p1a: Sinistcha|spa|1
|-boost|p1a: Sinistcha|spd|1
|
|upkeep
|turn|44
|
|t:|1760458059
|move|p2a: Moltres|Flamethrower|p1a: Sinistcha
|-supereffective|p1a: Sinistcha
|-damage|p1a: Sinistcha|34/100
|move|p1a: Sinistcha|Strength Sap|p2a: Moltres
|-unboost|p2a: Moltres|atk|1
|-heal|p1a: Sinistcha|75/100
|
|upkeep
|turn|45
|
|t:|1760458064
|move|p2a: Moltres|Flamethrower|p1a: Sinistcha
|-supereffective|p1a: Sinistcha
|-damage|p1a: Sinistcha|52/100
|move|p1a: Sinistcha|Shadow Ball|p2a: Moltres
|-damage|p2a: Moltres|46/100
|
|upkeep
|turn|46
|
|t:|1760458072
|move|p2a: Moltres|Flamethrower|p1a: Sinistcha
|-supereffective|p1a: Sinistcha
|-damage|p1a: Sinistcha|29/100
|move|p1a: Sinistcha|Shadow Ball|p2a: Moltres
|-damage|p2a: Moltres|0 fnt
|faint|p2a: Moltres
|
|win|Alexander Hoodlum
|n|☆Alexander Hoodlum|alexanderhoodlum
|n|☆IceFangLuxray|icefangluxray
|c|☆IceFangLuxray|gg
|c|☆Alexander Hoodlum|gg
