|j|☆Swagataka
|j|☆SillyScallop
|t:|1760449977
|gametype|singles
|player|p1|Swagataka|byron|1647
|player|p2|SillyScallop|maid|1628
|gen|9
|tier|[Gen 9] OU
|rated|
|rule|HP Percentage Mod: HP is shown in percentages
|rule|Endless Battle Clause: Forcing endless battles is banned
|rule|Species Clause: Limit one of each Pokémon
|rule|OHKO Clause: OHKO moves are banned
|rule|Evasion Items Clause: Evasion items are banned
|rule|Evasion Moves Clause: Evasion moves are banned
|rule|Evasion Abilities Clause: Evasion abilities are banned
|rule|Sleep Moves Clause: Sleep-inducing moves are banned
|clearpoke
|poke|p1|Pecharunt|
|poke|p1|Great Tusk|
|poke|p1|Iron Crown|
|poke|p1|Lokix, M|
|poke|p1|Kingambit, M|
|poke|p1|Vespiquen, F|
|poke|p2|Weezing-Galar, F|
|poke|p2|Landorus-Therian, M|
|poke|p2|Corviknight, M|
|poke|p2|Alomomola, M|
|poke|p2|Darkrai|
|poke|p2|Lokix, M|
|teampreview
|
|t:|1760449987
|teamsize|p1|6
|teamsize|p2|6
|start
|switch|p1a: Vespiquen|Vespiquen, F, shiny|100/100
|switch|p2a: Landorus|Landorus-Therian, M|100/100
|-ability|p2a: Landorus|Intimidate|boost
|-unboost|p1a: Vespiquen|atk|1
|-ability|p1a: Vespiquen|Pressure
|turn|1
|inactive|Battle timer is ON: inactive players will automatically lose when time's up. (requested by SillyScallop)
|
|t:|1760449994
|move|p2a: Landorus|Stone Edge|p1a: Vespiquen|[miss]
|-miss|p2a: Landorus|p1a: Vespiquen
|move|p1a: Vespiquen|Toxic|p2a: Landorus
|-status|p2a: Landorus|tox
|
|-damage|p2a: Landorus|95/100 tox|[from] psn
|upkeep
|turn|2
|
|t:|1760450008
|switch|p2a: Alomomola|Alomomola, M|100/100
|switch|p1a: Great Tusk|Great Tusk|100/100
|
|upkeep
|turn|3
|
|t:|1760450018
|-end|p1a: Great Tusk|Protosynthesis|[silent]
|switch|p1a: Vespiquen|Vespiquen, F, shiny|100/100
|-ability|p1a: Vespiquen|Pressure
|move|p2a: Alomomola|Flip Turn|p1a: Vespiquen
|-crit|p1a: Vespiquen
|-damage|p1a: Vespiquen|77/100
|inactive|SillyScallop has 120 seconds left.
|
|t:|1760450070
|switch|p2a: Darkrai|Darkrai|100/100|[from] Flip Turn
|
|-heal|p1a: Vespiquen|83/100|[from] item: Leftovers
|upkeep
|turn|4
|
|t:|1760450086
|move|p2a: Darkrai|Ice Beam|p1a: Vespiquen
|-supereffective|p1a: Vespiquen
|-damage|p1a: Vespiquen|8/100
|move|p1a: Vespiquen|Toxic|p2a: Darkrai
|-status|p2a: Darkrai|tox
|
|-heal|p1a: Vespiquen|14/100|[from] item: Leftovers
|-damage|p2a: Darkrai|94/100 tox|[from] psn
|upkeep
|turn|5
|inactive|SillyScallop has 90 seconds left.
|inactive|Swagataka has 120 seconds left.
|
|t:|1760450136
|switch|p2a: Alomomola|Alomomola, M|100/100
|switch|p1a: Iron Crown|Iron Crown|100/100
|
|upkeep
|turn|6
|inactive|SillyScallop has 90 seconds left.
|
|t:|1760450145
|move|p1a: Iron Crown|Volt Switch|p2a: Alomomola
|-supereffective|p2a: Alomomola
|-damage|p2a: Alomomola|64/100
|
|t:|1760450157
|-end|p1a: Iron Crown|Quark Drive|[silent]
|switch|p1a: Pecharunt|Pecharunt|100/100|[from] Volt Switch
|move|p2a: Alomomola|Flip Turn|p1a: Pecharunt
|-damage|p1a: Pecharunt|93/100
|
|t:|1760450160
|switch|p2a: Darkrai|Darkrai|94/100 tox|[from] Flip Turn
|
|-damage|p2a: Darkrai|88/100 tox|[from] psn
|upkeep
|turn|7
|
|t:|1760450166
|switch|p1a: Kingambit|Kingambit, M|100/100
|-item|p1a: Kingambit|Air Balloon
|move|p2a: Darkrai|Dark Pulse|p1a: Kingambit
|-resisted|p1a: Kingambit
|-damage|p1a: Kingambit|67/100
|-enditem|p1a: Kingambit|Air Balloon
|
|-damage|p2a: Darkrai|76/100 tox|[from] psn
|upkeep
|turn|8
|
|t:|1760450173
|switch|p2a: Corviknight|Corviknight, M|100/100
|-ability|p2a: Corviknight|Pressure
|move|p1a: Kingambit|Iron Head|p2a: Corviknight
|-resisted|p2a: Corviknight
|-damage|p2a: Corviknight|85/100
|-damage|p1a: Kingambit|51/100|[from] item: Rocky Helmet|[of] p2a: Corviknight
|
|upkeep
|turn|9
|
|t:|1760450177
|move|p2a: Corviknight|U-turn|p1a: Kingambit
|-damage|p1a: Kingambit|39/100
|inactive|SillyScallop has 120 seconds left.
|
|t:|1760450184
|switch|p2a: Alomomola|Alomomola, M|98/100|[from] U-turn
|move|p1a: Kingambit|Thief|p2a: Alomomola
|-damage|p2a: Alomomola|74/100
|-enditem|p2a: Alomomola|Assault Vest|[silent]|[from] move: Thief|[of] p1a: Kingambit
|-item|p1a: Kingambit|Assault Vest|[from] move: Thief|[of] p2a: Alomomola
|
|upkeep
|turn|10
|
|t:|1760450192
|switch|p1a: Iron Crown|Iron Crown|100/100
|move|p2a: Alomomola|Flip Turn|p1a: Iron Crown
|-damage|p1a: Iron Crown|82/100
|
|t:|1760450197
|switch|p2a: Darkrai|Darkrai|76/100 tox|[from] Flip Turn
|
|-damage|p2a: Darkrai|70/100 tox|[from] psn
|upkeep
|turn|11
|
|t:|1760450200
|-end|p1a: Iron Crown|Quark Drive|[silent]
|switch|p1a: Kingambit|Kingambit, M|39/100
|move|p2a: Darkrai|Dark Pulse|p1a: Kingambit
|-resisted|p1a: Kingambit
|-damage|p1a: Kingambit|16/100
|
|-damage|p2a: Darkrai|58/100 tox|[from] psn
|upkeep
|turn|12
|
|t:|1760450204
|move|p1a: Kingambit|Sucker Punch|p2a: Darkrai
|-resisted|p2a: Darkrai
|-damage|p2a: Darkrai|33/100 tox
|move|p2a: Darkrai|Dark Pulse|p1a: Kingambit
|-resisted|p1a: Kingambit
|-damage|p1a: Kingambit|0 fnt
|faint|p1a: Kingambit
|
|-damage|p2a: Darkrai|15/100 tox|[from] psn
|upkeep
|
|t:|1760450211
|switch|p1a: Lokix|Lokix, M|100/100
|turn|13
|
|t:|1760450214
|switch|p2a: Corviknight|Corviknight, M|85/100
|-ability|p2a: Corviknight|Pressure
|move|p1a: Lokix|First Impression|p2a: Corviknight
|-resisted|p2a: Corviknight
|-damage|p2a: Corviknight|65/100
|-damage|p1a: Lokix|84/100|[from] item: Rocky Helmet|[of] p2a: Corviknight
|-damage|p1a: Lokix|74/100|[from] item: Life Orb
|
|upkeep
|turn|14
|
|t:|1760450220
|switch|p1a: Iron Crown|Iron Crown|82/100
|move|p2a: Corviknight|U-turn|p1a: Iron Crown
|-damage|p1a: Iron Crown|66/100
|
|t:|1760450224
|switch|p2a: Darkrai|Darkrai|15/100 tox|[from] U-turn
|
|-damage|p2a: Darkrai|9/100 tox|[from] psn
|upkeep
|turn|15
|
|t:|1760450231
|-end|p1a: Iron Crown|Quark Drive|[silent]
|switch|p1a: Great Tusk|Great Tusk|100/100
|move|p2a: Darkrai|Dark Pulse|p1a: Great Tusk
|-resisted|p1a: Great Tusk
|-damage|p1a: Great Tusk|48/100
|
|-damage|p2a: Darkrai|0 fnt|[from] psn
|faint|p2a: Darkrai
|upkeep
|
|t:|1760450239
|switch|p2a: Alomomola|Alomomola, M|100/100
|turn|16
|
|t:|1760450258
|-end|p1a: Great Tusk|Protosynthesis|[silent]
|switch|p1a: Pecharunt|Pecharunt|93/100
|move|p2a: Alomomola|Flip Turn|p1a: Pecharunt
|-damage|p1a: Pecharunt|86/100
|
|t:|1760450263
|switch|p2a: Landorus|Landorus-Therian, M|95/100 tox|[from] Flip Turn
|-ability|p2a: Landorus|Intimidate|boost
|-unboost|p1a: Pecharunt|atk|1
|
|-damage|p2a: Landorus|89/100 tox|[from] psn
|upkeep
|turn|17
|
|t:|1760450270
|move|p2a: Landorus|Stealth Rock|p1a: Pecharunt
|-sidestart|p1: Swagataka|move: Stealth Rock
|move|p1a: Pecharunt|Recover|p1a: Pecharunt
|-heal|p1a: Pecharunt|100/100
|
|-damage|p2a: Landorus|77/100 tox|[from] psn
|upkeep
|turn|18
|
|t:|1760450274
|switch|p2a: Weezing|Weezing-Galar, F|100/100
|-ability|p2a: Weezing|Neutralizing Gas
|move|p1a: Pecharunt|Parting Shot|p2a: Weezing
|-unboost|p2a: Weezing|atk|1
|-unboost|p2a: Weezing|spa|1
|
|t:|1760450277
|switch|p1a: Iron Crown|Iron Crown|66/100|[from] Parting Shot
|-damage|p1a: Iron Crown|60/100|[from] Stealth Rock
|
|upkeep
|turn|19
|
|t:|1760450283
|-end|p2a: Weezing|ability: Neutralizing Gas
|switch|p2a: Alomomola|Alomomola, M|100/100
|move|p1a: Iron Crown|Volt Switch|p2a: Alomomola
|-supereffective|p2a: Alomomola
|-damage|p2a: Alomomola|47/100
|
|t:|1760450286
|-end|p1a: Iron Crown|Quark Drive|[silent]
|switch|p1a: Great Tusk|Great Tusk|48/100|[from] Volt Switch
|
|upkeep
|turn|20
|
|t:|1760450290
|move|p1a: Great Tusk|Rapid Spin|p2a: Alomomola
|-damage|p2a: Alomomola|36/100
|-boost|p1a: Great Tusk|spe|1
|-sideend|p1: Swagataka|Stealth Rock|[from] move: Rapid Spin|[of] p1a: Great Tusk
|move|p2a: Alomomola|Flip Turn|p1a: Great Tusk
|-supereffective|p1a: Great Tusk
|-damage|p1a: Great Tusk|24/100
|
|t:|1760450293
|switch|p2a: Lokix|Lokix, M|100/100|[from] Flip Turn
|
|upkeep
|turn|21
|
|t:|1760450298
|-end|p1a: Great Tusk|Protosynthesis|[silent]
|switch|p1a: Pecharunt|Pecharunt|100/100
|move|p2a: Lokix|First Impression|p1a: Pecharunt
|-resisted|p1a: Pecharunt
|-damage|p1a: Pecharunt|86/100
|
|upkeep
|turn|22
|
|t:|1760450307
|switch|p2a: Corviknight|Corviknight, M|65/100
|-ability|p2a: Corviknight|Pressure
|move|p1a: Pecharunt|Parting Shot|p2a: Corviknight
|-unboost|p2a: Corviknight|atk|1
|-unboost|p2a: Corviknight|spa|1
|
|t:|1760450309
|switch|p1a: Iron Crown|Iron Crown|60/100|[from] Parting Shot
|
|upkeep
|turn|23
|
|t:|1760450313
|switch|p2a: Landorus|Landorus-Therian, M|77/100 tox
|-ability|p2a: Landorus|Intimidate|boost
|-unboost|p1a: Iron Crown|atk|1
|move|p1a: Iron Crown|Psychic Noise|p2a: Landorus
|-damage|p2a: Landorus|1/100 tox
|-start|p2a: Landorus|move: Heal Block
|
|-damage|p2a: Landorus|0 fnt|[from] psn
|faint|p2a: Landorus
|upkeep
|
|t:|1760450319
|switch|p2a: Lokix|Lokix, M|100/100
|turn|24
|
|t:|1760450324
|-end|p1a: Iron Crown|Quark Drive|[silent]
|switch|p1a: Pecharunt|Pecharunt|86/100
|move|p2a: Lokix|Knock Off|p1a: Pecharunt
|-supereffective|p1a: Pecharunt
|-damage|p1a: Pecharunt|15/100
|-enditem|p1a: Pecharunt|Heavy-Duty Boots|[from] move: Knock Off|[of] p2a: Lokix
|
|upkeep
|turn|25
|
|t:|1760450329
|move|p2a: Lokix|Knock Off|p1a: Pecharunt
|-supereffective|p1a: Pecharunt
|-crit|p1a: Pecharunt
|-damage|p1a: Pecharunt|0 fnt
|faint|p1a: Pecharunt
|
|upkeep
|
|t:|1760450332
|switch|p1a: Lokix|Lokix, M|74/100
|turn|26
|
|t:|1760450336
|switch|p1a: Iron Crown|Iron Crown|60/100
|switch|p2a: Corviknight|Corviknight, M|65/100
|-ability|p2a: Corviknight|Pressure
|
|upkeep
|turn|27
|
|t:|1760450345
|move|p1a: Iron Crown|Volt Switch|p2a: Corviknight
|-supereffective|p2a: Corviknight
|-damage|p2a: Corviknight|0 fnt
|faint|p2a: Corviknight
|
|t:|1760450350
|-end|p1a: Iron Crown|Quark Drive|[silent]
|switch|p1a: Lokix|Lokix, M|74/100|[from] Volt Switch
|
|upkeep
|
|t:|1760450356
|switch|p2a: Weezing|Weezing-Galar, F|100/100
|-ability|p2a: Weezing|Neutralizing Gas
|turn|28
|
|t:|1760450359
|switch|p1a: Iron Crown|Iron Crown|60/100
|move|p2a: Weezing|Will-O-Wisp|p1a: Iron Crown
|-status|p1a: Iron Crown|brn
|
|-damage|p1a: Iron Crown|53/100 brn|[from] brn
|upkeep
|turn|29
|
|t:|1760450370
|-end|p2a: Weezing|ability: Neutralizing Gas
|switch|p2a: Alomomola|Alomomola, M|70/100
|move|p1a: Iron Crown|Tachyon Cutter|p2a: Alomomola
|-resisted|p2a: Alomomola
|-damage|p2a: Alomomola|54/100
|-resisted|p2a: Alomomola
|-damage|p2a: Alomomola|38/100
|-hitcount|p2a: Alomomola|2
|
|-damage|p1a: Iron Crown|47/100 brn|[from] brn
|upkeep
|turn|30
|
|t:|1760450378
|-terastallize|p1a: Iron Crown|Steel
|move|p1a: Iron Crown|Tachyon Cutter|p2a: Alomomola
|-resisted|p2a: Alomomola
|-damage|p2a: Alomomola|17/100
|-resisted|p2a: Alomomola
|-damage|p2a: Alomomola|0 fnt
|faint|p2a: Alomomola
|-hitcount|p2: Alomomola|2
|
|-damage|p1a: Iron Crown|41/100 brn|[from] brn
|upkeep
|-message|SillyScallop forfeited.
|
|win|Swagataka
|raw|Swagataka's rating: 1647 &rarr; <strong>1666</strong><br />(+19 for winning)
|raw|SillyScallop's rating: 1628 &rarr; <strong>1609</strong><br />(-19 for losing)
|l|☆SillyScallop
|player|p2|
|l|☆Swagataka
|player|p1|
