|j|☆Lolproplayer
|j|☆teamskullenoxa
|t:|1760435837
|gametype|singles
|player|p1|Lolproplayer|102|1721
|player|p2|teamskullenoxa|102|1730
|gen|9
|tier|[Gen 9] OU
|rated|
|rule|HP Percentage Mod: HP is shown in percentages
|rule|Endless Battle Clause: Forcing endless battles is banned
|rule|Species Clause: Limit one of each Pokémon
|rule|OHKO Clause: OHKO moves are banned
|rule|Evasion Items Clause: Evasion items are banned
|rule|Evasion Moves Clause: Evasion moves are banned
|rule|Evasion Abilities Clause: Evasion abilities are banned
|rule|Sleep Moves Clause: Sleep-inducing moves are banned
|clearpoke
|poke|p1|Ursaluna, M|
|poke|p1|Cresselia, F|
|poke|p1|Iron Hands|
|poke|p1|Volcanion|
|poke|p1|Hatterene, F|
|poke|p1|Porygon2|
|poke|p2|Lokix, M|
|poke|p2|Slowking-Galar, F|
|poke|p2|Weavile, F|
|poke|p2|Enamorus, F|
|poke|p2|Alomomola, F|
|poke|p2|Cinderace, F|
|teampreview
|inactive|Battle timer is ON: inactive players will automatically lose when time's up. (requested by Lolproplayer)
|inactive|Lolproplayer has 120 seconds left.
|
|t:|1760435875
|teamsize|p1|6
|teamsize|p2|6
|start
|switch|p1a: Assfrasser|Ursaluna, M|100/100
|switch|p2a: Lokix|Lokix, M|100/100
|turn|1
|
|t:|1760435879
|move|p1a: Assfrasser|Protect|p1a: Assfrasser
|-singleturn|p1a: Assfrasser|Protect
|move|p2a: Lokix|Knock Off|p1a: Assfrasser
|-activate|p1a: Assfrasser|move: Protect
|
|-status|p1a: Assfrasser|brn|[from] item: Flame Orb
|upkeep
|turn|2
|
|t:|1760435886
|move|p2a: Lokix|U-turn|p1a: Assfrasser
|-damage|p1a: Assfrasser|71/100 brn
|
|t:|1760435892
|switch|p2a: Enamorus|Enamorus, F|100/100|[from] U-turn
|move|p1a: Assfrasser|Facade|p2a: Enamorus
|-damage|p2a: Enamorus|0 fnt
|faint|p2a: Enamorus
|
|-damage|p1a: Assfrasser|65/100 brn|[from] brn
|upkeep
|
|t:|1760435901
|switch|p2a: Weavile|Weavile, F|100/100
|-ability|p2a: Weavile|Pressure
|turn|3
|
|t:|1760435906
|-terastallize|p2a: Weavile|Ice
|-terastallize|p1a: Assfrasser|Normal
|move|p2a: Weavile|Triple Axel|p1a: Assfrasser
|-damage|p1a: Assfrasser|51/100 brn
|-damage|p1a: Assfrasser|24/100 brn
|-damage|p1a: Assfrasser|0 fnt
|faint|p1a: Assfrasser
|-hitcount|p1: Assfrasser|3
|
|upkeep
|
|t:|1760435924
|switch|p1a: Cumspolsion|Volcanion|100/100
|turn|4
|
|t:|1760435928
|switch|p2a: Alomomola|Alomomola, F|100/100
|switch|p1a: big mike|Iron Hands|100/100
|-enditem|p1a: big mike|Booster Energy
|-activate|p1a: big mike|ability: Quark Drive|[fromitem]
|-start|p1a: big mike|quarkdriveatk
|
|upkeep
|turn|5
|
|t:|1760435935
|move|p2a: Alomomola|Flip Turn|p1a: big mike
|-damage|p1a: big mike|91/100
|
|t:|1760435944
|switch|p2a: Cinderace|Cinderace, F|100/100|[from] Flip Turn
|move|p1a: big mike|Swords Dance|p1a: big mike
|-boost|p1a: big mike|atk|2
|
|upkeep
|turn|6
|
|t:|1760435954
|move|p2a: Cinderace|Pyro Ball|p1a: big mike
|-damage|p1a: big mike|57/100
|move|p1a: big mike|Drain Punch|p2a: Cinderace
|-damage|p2a: Cinderace|0 fnt
|-heal|p1a: big mike|87/100|[from] drain|[of] p2a: Cinderace
|faint|p2a: Cinderace
|
|upkeep
|
|t:|1760435967
|switch|p2a: Slowking|Slowking-Galar, F|100/100
|turn|7
|
|t:|1760435970
|move|p1a: big mike|Wild Charge|p2a: Slowking
|-damage|p2a: Slowking|0 fnt
|faint|p2a: Slowking
|-damage|p1a: big mike|67/100|[from] Recoil
|
|upkeep
|
|t:|1760435978
|switch|p2a: Weavile|Weavile, F, tera:Ice|100/100
|-ability|p2a: Weavile|Pressure
|turn|8
|
|t:|1760435989
|move|p2a: Weavile|Triple Axel|p1a: big mike
|-damage|p1a: big mike|55/100
|-hitcount|p1a: big mike|1
|move|p1a: big mike|Drain Punch|p2a: Weavile
|-supereffective|p2a: Weavile
|-damage|p2a: Weavile|0 fnt
|-heal|p1a: big mike|83/100|[from] drain|[of] p2a: Weavile
|faint|p2a: Weavile
|
|upkeep
|-message|teamskullenoxa forfeited.
|
|win|Lolproplayer
|raw|Lolproplayer's rating: 1721 &rarr; <strong>1742</strong><br />(+21 for winning)
|raw|teamskullenoxa's rating: 1730 &rarr; <strong>1709</strong><br />(-21 for losing)
|l|☆teamskullenoxa
|player|p2|
|l|☆Lolproplayer
|player|p1|
