|j|☆animals
|j|☆Earthbind
|t:|1760366465
|gametype|singles
|player|p1|animals|lady-gen4|1428
|player|p2|Earthbind|2|1389
|gen|9
|tier|[Gen 9] OU
|rated|
|rule|HP Percentage Mod: HP is shown in percentages
|rule|Endless Battle Clause: Forcing endless battles is banned
|rule|Species Clause: Limit one of each Pokémon
|rule|OHKO Clause: OHKO moves are banned
|rule|Evasion Items Clause: Evasion items are banned
|rule|Evasion Moves Clause: Evasion moves are banned
|rule|Evasion Abilities Clause: Evasion abilities are banned
|rule|Sleep Moves Clause: Sleep-inducing moves are banned
|clearpoke
|poke|p1|Darkrai|
|poke|p1|Clefable, F|
|poke|p1|Iron Valiant|
|poke|p1|Pecharunt|
|poke|p1|Iron Treads|
|poke|p1|Dragonite, M|
|poke|p2|Pelipper, F|
|poke|p2|Iron Treads|
|poke|p2|Toxicroak, F|
|poke|p2|Zapdos|
|poke|p2|Poliwrath, M|
|poke|p2|Walking Wake|
|teampreview
|inactive|Battle timer is ON: inactive players will automatically lose when time's up. (requested by animals)
|
|t:|1760366473
|teamsize|p1|6
|teamsize|p2|6
|start
|switch|p1a: Pecharunt|Pecharunt|100/100
|switch|p2a: Toxicroak|Toxicroak, F|100/100
|-item|p1a: Pecharunt|Air Balloon
|turn|1
|
|t:|1760366481
|switch|p1a: Iron Treads|Iron Treads|100/100
|move|p2a: Toxicroak|Knock Off|p1a: Iron Treads
|-damage|p1a: Iron Treads|83/100
|-enditem|p1a: Iron Treads|Leftovers|[from] move: Knock Off|[of] p2a: Toxicroak
|
|upkeep
|turn|2
|
|t:|1760366488
|switch|p2a: Pelipper|Pelipper, F|100/100
|-weather|RainDance|[from] ability: Drizzle|[of] p2a: Pelipper
|move|p1a: Iron Treads|Stealth Rock|p2a: Pelipper
|-sidestart|p2: Earthbind|move: Stealth Rock
|
|-weather|RainDance|[upkeep]
|upkeep
|turn|3
|j| idonteatpets
|
|t:|1760366495
|move|p1a: Iron Treads|Volt Switch|p2a: Pelipper
|-supereffective|p2a: Pelipper
|-damage|p2a: Pelipper|60/100
|
|t:|1760366503
|-end|p1a: Iron Treads|Quark Drive|[silent]
|switch|p1a: Dragonite|Dragonite, M, shiny|100/100|[from] Volt Switch
|move|p2a: Pelipper|U-turn|p1a: Dragonite
|-resisted|p1a: Dragonite
|-damage|p1a: Dragonite|99/100
|
|t:|1760366508
|switch|p2a: Toxicroak|Toxicroak, F|100/100|[from] U-turn
|-damage|p2a: Toxicroak|94/100|[from] Stealth Rock
|
|-weather|RainDance|[upkeep]
|-heal|p2a: Toxicroak|100/100|[from] ability: Dry Skin
|upkeep
|turn|4
|l| idonteatpets
|
|t:|1760366520
|switch|p1a: Pecharunt|Pecharunt|100/100
|-item|p1a: Pecharunt|Air Balloon
|-terastallize|p2a: Toxicroak|Ghost
|move|p2a: Toxicroak|Knock Off|p1a: Pecharunt
|-supereffective|p1a: Pecharunt
|-damage|p1a: Pecharunt|67/100
|-enditem|p1a: Pecharunt|Air Balloon
|
|-weather|RainDance|[upkeep]
|upkeep
|turn|5
|
|t:|1760366533
|switch|p2a: Iron Treads|Iron Treads|100/100
|-damage|p2a: Iron Treads|98/100|[from] Stealth Rock
|move|p1a: Pecharunt|Recover|p1a: Pecharunt
|-heal|p1a: Pecharunt|100/100
|
|-weather|RainDance|[upkeep]
|-heal|p2a: Iron Treads|100/100|[from] item: Leftovers
|upkeep
|turn|6
|
|t:|1760366546
|move|p1a: Pecharunt|Hex|p2a: Iron Treads
|-damage|p2a: Iron Treads|81/100
|move|p2a: Iron Treads|Earthquake|p1a: Pecharunt
|-supereffective|p1a: Pecharunt
|-damage|p1a: Pecharunt|49/100
|
|-weather|RainDance|[upkeep]
|-heal|p2a: Iron Treads|87/100|[from] item: Leftovers
|upkeep
|turn|7
|
|t:|1760366561
|switch|p1a: Dragonite|Dragonite, M, shiny|99/100
|move|p2a: Iron Treads|Earthquake|p1a: Dragonite
|-immune|p1a: Dragonite
|
|-weather|RainDance|[upkeep]
|-heal|p2a: Iron Treads|93/100|[from] item: Leftovers
|upkeep
|turn|8
|
|t:|1760366569
|-end|p2a: Iron Treads|Quark Drive|[silent]
|switch|p2a: Toxicroak|Toxicroak, F, tera:Ghost|100/100
|-damage|p2a: Toxicroak|88/100|[from] Stealth Rock
|move|p1a: Dragonite|Dragon Dance|p1a: Dragonite
|-boost|p1a: Dragonite|atk|1
|-boost|p1a: Dragonite|spe|1
|
|-weather|RainDance|[upkeep]
|-heal|p2a: Toxicroak|100/100|[from] ability: Dry Skin
|upkeep
|turn|9
|
|t:|1760366578
|switch|p1a: Pecharunt|Pecharunt|49/100
|move|p2a: Toxicroak|Toxic|p1a: Pecharunt
|-immune|p1a: Pecharunt
|
|-weather|none
|upkeep
|turn|10
|
|t:|1760366585
|switch|p2a: Iron Treads|Iron Treads|93/100
|-damage|p2a: Iron Treads|90/100|[from] Stealth Rock
|move|p1a: Pecharunt|Recover|p1a: Pecharunt
|-heal|p1a: Pecharunt|99/100
|
|-heal|p2a: Iron Treads|96/100|[from] item: Leftovers
|upkeep
|turn|11
|
|t:|1760366593
|switch|p1a: Dragonite|Dragonite, M, shiny|99/100
|move|p2a: Iron Treads|Rapid Spin|p1a: Dragonite
|-damage|p1a: Dragonite|88/100
|-boost|p2a: Iron Treads|spe|1
|-sideend|p2: Earthbind|Stealth Rock|[from] move: Rapid Spin|[of] p2a: Iron Treads
|
|-heal|p2a: Iron Treads|100/100|[from] item: Leftovers
|upkeep
|turn|12
|
|t:|1760366601
|move|p2a: Iron Treads|Volt Switch|p1a: Dragonite
|-damage|p1a: Dragonite|80/100
|
|t:|1760366605
|-end|p2a: Iron Treads|Quark Drive|[silent]
|switch|p2a: Toxicroak|Toxicroak, F, tera:Ghost|100/100|[from] Volt Switch
|move|p1a: Dragonite|Dragon Dance|p1a: Dragonite
|-boost|p1a: Dragonite|atk|1
|-boost|p1a: Dragonite|spe|1
|
|upkeep
|turn|13
|
|t:|1760366614
|switch|p1a: Iron Treads|Iron Treads|83/100
|move|p2a: Toxicroak|Knock Off|p1a: Iron Treads
|-damage|p1a: Iron Treads|71/100
|
|upkeep
|turn|14
|
|t:|1760366620
|switch|p2a: Pelipper|Pelipper, F|60/100
|-weather|RainDance|[from] ability: Drizzle|[of] p2a: Pelipper
|move|p1a: Iron Treads|Stealth Rock|p2a: Pelipper
|-sidestart|p2: Earthbind|move: Stealth Rock
|
|-weather|RainDance|[upkeep]
|upkeep
|turn|15
|
|t:|1760366627
|switch|p2a: One Punch Man|Poliwrath, M|100/100
|-damage|p2a: One Punch Man|94/100|[from] Stealth Rock
|move|p1a: Iron Treads|Volt Switch|p2a: One Punch Man
|-supereffective|p2a: One Punch Man
|-damage|p2a: One Punch Man|69/100
|
|t:|1760366630
|-end|p1a: Iron Treads|Quark Drive|[silent]
|switch|p1a: Pecharunt|Pecharunt|99/100|[from] Volt Switch
|
|-weather|RainDance|[upkeep]
|upkeep
|turn|16
|
|t:|1760366647
|move|p2a: One Punch Man|Belly Drum|p2a: One Punch Man
|-damage|p2a: One Punch Man|19/100
|-setboost|p2a: One Punch Man|atk|6|[from] move: Belly Drum
|-enditem|p2a: One Punch Man|Sitrus Berry|[eat]
|-heal|p2a: One Punch Man|44/100|[from] item: Sitrus Berry
|move|p1a: Pecharunt|Malignant Chain|p2a: One Punch Man
|-damage|p2a: One Punch Man|3/100
|-status|p2a: One Punch Man|tox
|-start|p2a: One Punch Man|confusion|[from] ability: Poison Puppeteer|[of] p1a: Pecharunt
|
|-weather|RainDance|[upkeep]
|-damage|p2a: One Punch Man|0 fnt|[from] psn
|faint|p2a: One Punch Man
|upkeep
|-message|Earthbind forfeited.
|
|win|animals
|raw|animals's rating: 1428 &rarr; <strong>1446</strong><br />(+18 for winning)
|raw|Earthbind's rating: 1389 &rarr; <strong>1371</strong><br />(-18 for losing)
|l|☆Earthbind
|player|p2|
|l|☆animals
|player|p1|
