|j|☆LucyLikePizza
|j|☆roommate108
|t:|1760448346
|gametype|singles
|player|p1|LucyLikePizza|karen|1540
|player|p2|roommate108|2|1486
|gen|9
|tier|[Gen 9] OU
|rated|
|rule|HP Percentage Mod: HP is shown in percentages
|rule|Endless Battle Clause: Forcing endless battles is banned
|rule|Species Clause: Limit one of each Pokémon
|rule|OHKO Clause: OHKO moves are banned
|rule|Evasion Items Clause: Evasion items are banned
|rule|Evasion Moves Clause: Evasion moves are banned
|rule|Evasion Abilities Clause: Evasion abilities are banned
|rule|Sleep Moves Clause: Sleep-inducing moves are banned
|clearpoke
|poke|p1|Iron Jugulis|
|poke|p1|Kingambit, M|
|poke|p1|Dragapult, M|
|poke|p1|Great Tusk|
|poke|p1|Iron Crown|
|poke|p1|Tornadus-Therian, M|
|poke|p2|Charizard, F|
|poke|p2|Torkoal, M|
|poke|p2|Walking Wake|
|poke|p2|Raging Bolt|
|poke|p2|Hatterene, F|
|poke|p2|Leavanny, F|
|teampreview
|
|t:|1760448358
|teamsize|p1|6
|teamsize|p2|6
|start
|switch|p1a: Iron Jugulis|Iron Jugulis|100/100
|switch|p2a: Leavanny|Leavanny, F|100/100
|-enditem|p1a: Iron Jugulis|Booster Energy
|-activate|p1a: Iron Jugulis|ability: Quark Drive|[fromitem]
|-start|p1a: Iron Jugulis|quarkdrivespa
|turn|1
|inactive|Battle timer is ON: inactive players will automatically lose when time's up. (requested by roommate108)
|
|t:|1760448379
|move|p1a: Iron Jugulis|Flamethrower|p2a: Leavanny
|-supereffective|p2a: Leavanny
|-enditem|p2a: Leavanny|Focus Sash
|-damage|p2a: Leavanny|1/100
|move|p2a: Leavanny|Sticky Web|p1a: Iron Jugulis
|-sidestart|p1: LucyLikePizza|move: Sticky Web
|
|upkeep
|turn|2
|inactive|roommate108 has 120 seconds left.
|
|t:|1760448419
|switch|p2a: Torkoal|Torkoal, M|100/100
|-weather|SunnyDay|[from] ability: Drought|[of] p2a: Torkoal
|move|p1a: Iron Jugulis|Tailwind|p1a: Iron Jugulis
|-sidestart|p1: LucyLikePizza|move: Tailwind
|
|-weather|SunnyDay|[upkeep]
|upkeep
|turn|3
|inactive|roommate108 has 120 seconds left.
|
|t:|1760448427
|switch|p2a: Leavanny|Leavanny, F|1/100
|move|p1a: Iron Jugulis|Earth Power|p2a: Leavanny
|-resisted|p2a: Leavanny
|-damage|p2a: Leavanny|0 fnt
|faint|p2a: Leavanny
|
|-weather|SunnyDay|[upkeep]
|upkeep
|inactive|roommate108 has 120 seconds left.
|
|t:|1760448436
|switch|p2a: Walking Wake|Walking Wake|100/100
|-activate|p2a: Walking Wake|ability: Protosynthesis
|-start|p2a: Walking Wake|protosynthesisspe
|turn|4
|
|t:|1760448442
|move|p1a: Iron Jugulis|Dark Pulse|p2a: Walking Wake
|-damage|p2a: Walking Wake|38/100
|cant|p2a: Walking Wake|flinch
|
|-weather|SunnyDay|[upkeep]
|upkeep
|turn|5
|
|t:|1760448452
|-end|p2a: Walking Wake|Protosynthesis|[silent]
|switch|p2a: Hatterene|Hatterene, F|100/100
|move|p1a: Iron Jugulis|Dark Pulse|p2a: Hatterene
|-damage|p2a: Hatterene|41/100
|-enditem|p2a: Hatterene|Eject Button
|
|t:|1760448454
|switch|p2a: Walking Wake|Walking Wake|38/100
|-activate|p2a: Walking Wake|ability: Protosynthesis
|-start|p2a: Walking Wake|protosynthesisspe
|
|-weather|SunnyDay|[upkeep]
|-sideend|p1: LucyLikePizza|move: Tailwind
|upkeep
|turn|6
|
|t:|1760448469
|-end|p1a: Iron Jugulis|Quark Drive|[silent]
|switch|p1a: Tornadus|Tornadus-Therian, M|100/100
|move|p2a: Walking Wake|Hydro Steam|p1a: Tornadus
|-damage|p1a: Tornadus|10/100
|
|-weather|SunnyDay|[upkeep]
|upkeep
|turn|7
|
|t:|1760448474
|move|p2a: Walking Wake|Hydro Steam|p1a: Tornadus
|-crit|p1a: Tornadus
|-damage|p1a: Tornadus|0 fnt
|faint|p1a: Tornadus
|
|-weather|SunnyDay|[upkeep]
|upkeep
|
|t:|1760448478
|switch|p1a: Iron Crown|Iron Crown|100/100
|-activate|p1a: Iron Crown|move: Sticky Web
|-unboost|p1a: Iron Crown|spe|1
|turn|8
|
|t:|1760448485
|move|p2a: Walking Wake|Hydro Steam|p1a: Iron Crown
|-damage|p1a: Iron Crown|53/100
|move|p1a: Iron Crown|Psychic Noise|p2a: Walking Wake
|-damage|p2a: Walking Wake|0 fnt
|faint|p2a: Walking Wake
|-end|p2a: Walking Wake|Protosynthesis|[silent]
|
|-weather|SunnyDay|[upkeep]
|upkeep
|
|t:|1760448491
|switch|p2a: Charizard|Charizard, F|100/100
|turn|9
|
|t:|1760448504
|-terastallize|p1a: Iron Crown|Water
|move|p2a: Charizard|Weather Ball|p1a: Iron Crown
|-resisted|p1a: Iron Crown
|-damage|p1a: Iron Crown|9/100
|move|p1a: Iron Crown|Volt Switch|p2a: Charizard
|-supereffective|p2a: Charizard
|-damage|p2a: Charizard|37/100
|
|t:|1760448509
|-end|p1a: Iron Crown|Quark Drive|[silent]
|switch|p1a: Dragapult|Dragapult, M|100/100|[from] Volt Switch
|-activate|p1a: Dragapult|move: Sticky Web
|-fail|p1a: Dragapult|unboost|[from] ability: Clear Body|[of] p1a: Dragapult
|
|-weather|none
|upkeep
|turn|10
|
|t:|1760448517
|move|p1a: Dragapult|U-turn|p2a: Charizard
|-resisted|p2a: Charizard
|-damage|p2a: Charizard|25/100
|
|t:|1760448521
|switch|p1a: Iron Crown|Iron Crown, tera:Water|9/100|[from] U-turn
|-activate|p1a: Iron Crown|move: Sticky Web
|-unboost|p1a: Iron Crown|spe|1
|move|p2a: Charizard|Weather Ball|p1a: Iron Crown
|-damage|p1a: Iron Crown|0 fnt
|faint|p1a: Iron Crown
|-end|p1a: Iron Crown|Quark Drive|[silent]
|
|upkeep
|
|t:|1760448526
|switch|p1a: Great Tusk|Great Tusk|100/100
|turn|11
|
|t:|1760448530
|move|p2a: Charizard|Weather Ball|p1a: Great Tusk
|-damage|p1a: Great Tusk|68/100
|move|p1a: Great Tusk|Rapid Spin|p2a: Charizard
|-damage|p2a: Charizard|0 fnt
|-boost|p1a: Great Tusk|spe|1
|-sideend|p1: LucyLikePizza|Sticky Web|[from] move: Rapid Spin|[of] p1a: Great Tusk
|faint|p2a: Charizard
|
|upkeep
|-message|roommate108 forfeited.
|
|win|LucyLikePizza
|raw|LucyLikePizza's rating: 1540 &rarr; <strong>1557</strong><br />(+17 for winning)
|raw|roommate108's rating: 1486 &rarr; <strong>1469</strong><br />(-17 for losing)
|l|☆roommate108
|player|p2|
