|j|☆Morolock
|j|☆bradx55
|t:|1760329389
|gametype|singles
|player|p1|Morolock|n|1218
|player|p2|bradx55|dancer|1178
|gen|9
|tier|[Gen 9] OU
|rated|
|rule|HP Percentage Mod: HP is shown in percentages
|rule|Endless Battle Clause: Forcing endless battles is banned
|rule|Species Clause: Limit one of each Pokémon
|rule|OHKO Clause: OHKO moves are banned
|rule|Evasion Items Clause: Evasion items are banned
|rule|Evasion Moves Clause: Evasion moves are banned
|rule|Evasion Abilities Clause: Evasion abilities are banned
|rule|Sleep Moves Clause: Sleep-inducing moves are banned
|clearpoke
|poke|p1|Great Tusk|
|poke|p1|Clefable, M|
|poke|p1|Dragapult, F|
|poke|p1|Kingambit, M|
|poke|p1|Enamorus, F|
|poke|p1|Scizor, M|
|poke|p2|Landorus-Therian, M|
|poke|p2|Tyranitar, F|
|poke|p2|Gholdengo|
|poke|p2|Incineroar, F|
|poke|p2|Tornadus-Therian, M|
|poke|p2|Zamazenta-*|
|teampreview
|inactive|Battle timer is ON: inactive players will automatically lose when time's up. (requested by Morolock)
|
|t:|1760329403
|teamsize|p1|6
|teamsize|p2|6
|start
|switch|p1a: Great Tusk|Great Tusk|100/100
|switch|p2a: Incineroar|Incineroar, F, shiny|100/100
|-ability|p2a: Incineroar|Intimidate|boost
|-unboost|p1a: Great Tusk|atk|1
|turn|1
|
|t:|1760329414
|switch|p2a: Landorus|Landorus-Therian, M|100/100
|-ability|p2a: Landorus|Intimidate|boost
|-unboost|p1a: Great Tusk|atk|1
|move|p1a: Great Tusk|Close Combat|p2a: Landorus
|-resisted|p2a: Landorus
|-damage|p2a: Landorus|85/100
|-unboost|p1a: Great Tusk|def|1
|-unboost|p1a: Great Tusk|spd|1
|-damage|p1a: Great Tusk|84/100|[from] item: Rocky Helmet|[of] p2a: Landorus
|
|upkeep
|turn|2
|
|t:|1760329425
|-end|p1a: Great Tusk|Protosynthesis|[silent]
|switch|p1a: Enamorus|Enamorus, F|100/100
|move|p2a: Landorus|Taunt|p1a: Enamorus
|-start|p1a: Enamorus|move: Taunt
|
|upkeep
|turn|3
|
|t:|1760329439
|switch|p2a: Tyranitar|Tyranitar, F, shiny|100/100
|-weather|Sandstorm|[from] ability: Sand Stream|[of] p2a: Tyranitar
|move|p1a: Enamorus|Moonblast|p2a: Tyranitar
|-supereffective|p2a: Tyranitar
|-damage|p2a: Tyranitar|38/100
|
|-weather|Sandstorm|[upkeep]
|-damage|p1a: Enamorus|94/100|[from] Sandstorm
|upkeep
|turn|4
|inactive|bradx55 has 120 seconds left.
|
|t:|1760329488
|-terastallize|p2a: Tyranitar|Flying
|move|p1a: Enamorus|Moonblast|p2a: Tyranitar
|-damage|p2a: Tyranitar|0 fnt
|faint|p2a: Tyranitar
|
|-weather|Sandstorm|[upkeep]
|-damage|p1a: Enamorus|88/100|[from] Sandstorm
|-end|p1a: Enamorus|move: Taunt
|upkeep
|
|t:|1760329496
|switch|p2a: Gholdengo|Gholdengo|100/100
|turn|5
|
|t:|1760329503
|switch|p1a: Scizor|Scizor, M|100/100
|move|p2a: Gholdengo|Shadow Ball|p1a: Scizor
|-damage|p1a: Scizor|47/100
|
|-weather|Sandstorm|[upkeep]
|upkeep
|turn|6
|
|t:|1760329515
|move|p1a: Scizor|Bullet Punch|p2a: Gholdengo
|-resisted|p2a: Gholdengo
|-damage|p2a: Gholdengo|70/100
|move|p2a: Gholdengo|Shadow Ball|p1a: Scizor
|-damage|p1a: Scizor|0 fnt
|faint|p1a: Scizor
|
|-weather|Sandstorm|[upkeep]
|upkeep
|
|t:|1760329528
|switch|p1a: Great Tusk|Great Tusk|84/100
|turn|7
|
|t:|1760329538
|switch|p2a: Landorus|Landorus-Therian, M|85/100
|-ability|p2a: Landorus|Intimidate|boost
|-unboost|p1a: Great Tusk|atk|1
|move|p1a: Great Tusk|Headlong Rush|p2a: Landorus
|-immune|p2a: Landorus
|
|-weather|none
|upkeep
|turn|8
|
|t:|1760329541
|move|p2a: Landorus|Stealth Rock|p1a: Great Tusk
|-sidestart|p1: Morolock|move: Stealth Rock
|move|p1a: Great Tusk|Ice Spinner|p2a: Landorus
|-supereffective|p2a: Landorus
|-damage|p2a: Landorus|13/100
|-damage|p1a: Great Tusk|68/100|[from] item: Rocky Helmet|[of] p2a: Landorus
|
|upkeep
|turn|9
|
|t:|1760329561
|move|p2a: Landorus|Earthquake|p1a: Great Tusk
|-damage|p1a: Great Tusk|36/100
|move|p1a: Great Tusk|Rapid Spin|p2a: Landorus
|-damage|p2a: Landorus|1/100
|-boost|p1a: Great Tusk|spe|1
|-damage|p1a: Great Tusk|19/100|[from] item: Rocky Helmet|[of] p2a: Landorus
|-sideend|p1: Morolock|Stealth Rock|[from] move: Rapid Spin|[of] p1a: Great Tusk
|
|upkeep
|turn|10
|inactive|bradx55 has 120 seconds left.
|
|t:|1760329581
|move|p1a: Great Tusk|Ice Spinner|p2a: Landorus
|-supereffective|p2a: Landorus
|-damage|p2a: Landorus|0 fnt
|-damage|p1a: Great Tusk|3/100|[from] item: Rocky Helmet|[of] p2a: Landorus
|faint|p2a: Landorus
|
|upkeep
|inactive|bradx55 has 120 seconds left.
|
|t:|1760329592
|switch|p2a: Gholdengo|Gholdengo|70/100
|turn|11
|
|t:|1760329597
|move|p1a: Great Tusk|Headlong Rush|p2a: Gholdengo
|-supereffective|p2a: Gholdengo
|-damage|p2a: Gholdengo|0 fnt
|-unboost|p1a: Great Tusk|def|1
|-unboost|p1a: Great Tusk|spd|1
|faint|p2a: Gholdengo
|
|upkeep
|
|t:|1760329605
|switch|p2a: Tornadus|Tornadus-Therian, M|100/100
|turn|12
|
|t:|1760329607
|move|p1a: Great Tusk|Ice Spinner|p2a: Tornadus
|-supereffective|p2a: Tornadus
|-damage|p2a: Tornadus|45/100
|move|p2a: Tornadus|U-turn|p1a: Great Tusk
|-resisted|p1a: Great Tusk
|-damage|p1a: Great Tusk|0 fnt
|faint|p1a: Great Tusk
|-end|p1a: Great Tusk|Protosynthesis|[silent]
|
|t:|1760329617
|switch|p2a: Incineroar|Incineroar, F, shiny|100/100|[from] U-turn
|
|upkeep
|
|t:|1760329625
|switch|p1a: Dragapult|Dragapult, F|100/100
|turn|13
|
|t:|1760329632
|move|p1a: Dragapult|Draco Meteor|p2a: Incineroar
|-damage|p2a: Incineroar|32/100
|-unboost|p1a: Dragapult|spa|2
|move|p2a: Incineroar|Knock Off|p1a: Dragapult
|-supereffective|p1a: Dragapult
|-damage|p1a: Dragapult|0 fnt
|-enditem|p1a: Dragapult|Choice Specs|[from] move: Knock Off|[of] p2a: Incineroar
|faint|p1a: Dragapult
|
|upkeep
|
|t:|1760329639
|switch|p1a: Enamorus|Enamorus, F|88/100
|turn|14
|
|t:|1760329643
|move|p1a: Enamorus|Moonblast|p2a: Incineroar
|-damage|p2a: Incineroar|0 fnt
|faint|p2a: Incineroar
|
|upkeep
|
|t:|1760329647
|switch|p2a: Zamazenta|Zamazenta|100/100
|-ability|p2a: Zamazenta|Dauntless Shield|boost
|-boost|p2a: Zamazenta|def|1
|turn|15
|
|t:|1760329653
|move|p1a: Enamorus|Moonblast|p2a: Zamazenta
|-supereffective|p2a: Zamazenta
|-damage|p2a: Zamazenta|6/100
|move|p2a: Zamazenta|Iron Head|p1a: Enamorus
|-supereffective|p1a: Enamorus
|-damage|p1a: Enamorus|8/100
|
|upkeep
|turn|16
|
|t:|1760329660
|switch|p2a: Tornadus|Tornadus-Therian, M|78/100
|move|p1a: Enamorus|Moonblast|p2a: Tornadus
|-damage|p2a: Tornadus|16/100
|-unboost|p2a: Tornadus|spa|1
|
|upkeep
|turn|17
|
|t:|1760329664
|move|p1a: Enamorus|Moonblast|p2a: Tornadus
|-damage|p2a: Tornadus|0 fnt
|faint|p2a: Tornadus
|
|upkeep
|-message|bradx55 forfeited.
|
|win|Morolock
|raw|Morolock's rating: 1218 &rarr; <strong>1240</strong><br />(+22 for winning)
|raw|bradx55's rating: 1178 &rarr; <strong>1156</strong><br />(-22 for losing)
|l|☆bradx55
|player|p2|
|l|☆Morolock
|player|p1|
