|j|☆xhwqqq
|j|☆skaybixe.io
|t:|1760436209
|gametype|singles
|player|p1|xhwqqq|170|1134
|player|p2|skaybixe.io|ghetsis-gen5bw|1134
|gen|9
|tier|[Gen 9] OU
|rated|
|rule|HP Percentage Mod: HP is shown in percentages
|rule|Endless Battle Clause: Forcing endless battles is banned
|rule|Species Clause: Limit one of each Pokémon
|rule|OHKO Clause: OHKO moves are banned
|rule|Evasion Items Clause: Evasion items are banned
|rule|Evasion Moves Clause: Evasion moves are banned
|rule|Evasion Abilities Clause: Evasion abilities are banned
|rule|Sleep Moves Clause: Sleep-inducing moves are banned
|clearpoke
|poke|p1|Ninetales-Alola, M|
|poke|p1|Cetitan, F|
|poke|p1|Torterra, F|
|poke|p1|Dragapult, F|
|poke|p1|Mandibuzz, F|
|poke|p1|Heatran, M|
|poke|p2|Metagross|
|poke|p2|Zapdos|
|poke|p2|Deoxys-Speed|
|poke|p2|Arboliva, F|
|poke|p2|Araquanid, F|
|poke|p2|Great Tusk|
|teampreview
|inactive|Battle timer is ON: inactive players will automatically lose when time's up. (requested by xhwqqq)
|
|t:|1760436229
|teamsize|p1|6
|teamsize|p2|6
|start
|switch|p1a: Dragapult|Dragapult, F|100/100
|switch|p2a: Araquanid|Araquanid, F|100/100
|turn|1
|
|t:|1760436236
|move|p1a: Dragapult|Thunderbolt|p2a: Araquanid
|-supereffective|p2a: Araquanid
|-damage|p2a: Araquanid|52/100
|move|p2a: Araquanid|Waterfall|p1a: Dragapult
|-resisted|p1a: Dragapult
|-damage|p1a: Dragapult|36/100
|
|upkeep
|turn|2
|
|t:|1760436245
|move|p1a: Dragapult|U-turn|p2a: Araquanid
|-damage|p2a: Araquanid|29/100
|
|t:|1760436248
|switch|p1a: Ninetales|Ninetales-Alola, M|100/100|[from] U-turn
|-weather|Snowscape|[from] ability: Snow Warning|[of] p1a: Ninetales
|move|p2a: Araquanid|Waterfall|p1a: Ninetales
|-damage|p1a: Ninetales|6/100
|
|-weather|Snowscape|[upkeep]
|upkeep
|turn|3
|
|t:|1760436258
|move|p1a: Ninetales|Aurora Veil|p1a: Ninetales
|-sidestart|p1: xhwqqq|move: Aurora Veil
|move|p2a: Araquanid|Waterfall|p1a: Ninetales
|-damage|p1a: Ninetales|0 fnt
|faint|p1a: Ninetales
|
|-weather|Snowscape|[upkeep]
|upkeep
|
|t:|1760436267
|switch|p1a: Torterra|Torterra, F|100/100
|turn|4
|
|t:|1760436272
|-terastallize|p1a: Torterra|Grass
|move|p1a: Torterra|Shell Smash|p1a: Torterra
|-unboost|p1a: Torterra|def|1
|-unboost|p1a: Torterra|spd|1
|-boost|p1a: Torterra|atk|2
|-boost|p1a: Torterra|spa|2
|-boost|p1a: Torterra|spe|2
|move|p2a: Araquanid|Waterfall|p1a: Torterra
|-resisted|p1a: Torterra
|-damage|p1a: Torterra|69/100
|
|-weather|Snowscape|[upkeep]
|upkeep
|turn|5
|
|t:|1760436289
|switch|p2a: Great Tusk|Great Tusk|100/100
|-enditem|p2a: Great Tusk|Booster Energy
|-activate|p2a: Great Tusk|ability: Protosynthesis|[fromitem]
|-start|p2a: Great Tusk|protosynthesisspe
|move|p1a: Torterra|Bullet Seed|p2a: Great Tusk
|-supereffective|p2a: Great Tusk
|-damage|p2a: Great Tusk|60/100
|-supereffective|p2a: Great Tusk
|-damage|p2a: Great Tusk|20/100
|-supereffective|p2a: Great Tusk
|-damage|p2a: Great Tusk|0 fnt
|faint|p2a: Great Tusk
|-end|p2a: Great Tusk|Protosynthesis|[silent]
|-hitcount|p2: Great Tusk|3
|
|-weather|Snowscape|[upkeep]
|upkeep
|
|t:|1760436300
|switch|p2a: Zapdos|Zapdos|100/100
|turn|6
|
|t:|1760436306
|move|p1a: Torterra|Rock Blast|p2a: Zapdos
|-supereffective|p2a: Zapdos
|-damage|p2a: Zapdos|75/100
|-supereffective|p2a: Zapdos
|-damage|p2a: Zapdos|53/100
|-supereffective|p2a: Zapdos
|-damage|p2a: Zapdos|28/100
|-supereffective|p2a: Zapdos
|-damage|p2a: Zapdos|2/100
|-hitcount|p2a: Zapdos|4
|move|p2a: Zapdos|Hurricane|p1a: Torterra
|-supereffective|p1a: Torterra
|-damage|p1a: Torterra|0 fnt
|faint|p1a: Torterra
|
|-weather|none
|upkeep
|
|t:|1760436321
|switch|p1a: Cetitan|Cetitan, F|100/100
|turn|7
|
|t:|1760436326
|move|p1a: Cetitan|Ice Shard|p2a: Zapdos
|-supereffective|p2a: Zapdos
|-damage|p2a: Zapdos|0 fnt
|faint|p2a: Zapdos
|-damage|p1a: Cetitan|91/100|[from] item: Life Orb
|
|upkeep
|
|t:|1760436331
|switch|p2a: Metagross|Metagross|100/100
|turn|8
|
|t:|1760436335
|move|p1a: Cetitan|Earthquake|p2a: Metagross
|-supereffective|p2a: Metagross
|-damage|p2a: Metagross|35/100
|-damage|p1a: Cetitan|81/100|[from] item: Life Orb
|move|p2a: Metagross|Heavy Slam|p1a: Cetitan
|-supereffective|p1a: Cetitan
|-damage|p1a: Cetitan|50/100
|
|upkeep
|turn|9
|
|t:|1760436345
|switch|p2a: Arboliva|Arboliva, F|100/100
|move|p1a: Cetitan|Earthquake|p2a: Arboliva
|-resisted|p2a: Arboliva
|-damage|p2a: Arboliva|79/100
|-fieldstart|move: Grassy Terrain|[from] ability: Seed Sower|[of] p2a: Arboliva
|-damage|p1a: Cetitan|40/100|[from] item: Life Orb
|
|-heal|p1a: Cetitan|46/100|[from] Grassy Terrain
|-heal|p2a: Arboliva|85/100|[from] Grassy Terrain
|upkeep
|turn|10
|
|t:|1760436357
|switch|p1a: Heatran|Heatran, M|100/100
|switch|p2a: Metagross|Metagross|35/100
|
|-heal|p2a: Metagross|41/100|[from] Grassy Terrain
|-sideend|p1: xhwqqq|move: Aurora Veil
|upkeep
|turn|11
|
|t:|1760436370
|move|p2a: Metagross|Bullet Punch|p1a: Heatran
|-resisted|p1a: Heatran
|-damage|p1a: Heatran|91/100
|move|p1a: Heatran|Magma Storm|p2a: Metagross
|-supereffective|p2a: Metagross
|-damage|p2a: Metagross|0 fnt
|faint|p2a: Metagross
|
|-heal|p1a: Heatran|97/100|[from] Grassy Terrain
|-heal|p1a: Heatran|100/100|[from] item: Leftovers
|upkeep
|
|t:|1760436372
|switch|p2a: Araquanid|Araquanid, F|29/100
|turn|12
|
|t:|1760436388
|switch|p1a: Mandibuzz|Mandibuzz, F|100/100
|move|p2a: Araquanid|Waterfall|p1a: Mandibuzz
|-damage|p1a: Mandibuzz|52/100
|-damage|p2a: Araquanid|13/100|[from] item: Rocky Helmet|[of] p1a: Mandibuzz
|
|-heal|p2a: Araquanid|19/100|[from] Grassy Terrain
|upkeep
|turn|13
|
|t:|1760436405
|move|p1a: Mandibuzz|Roost|p1a: Mandibuzz
|-heal|p1a: Mandibuzz|100/100
|-singleturn|p1a: Mandibuzz|move: Roost
|move|p2a: Araquanid|Waterfall|p1a: Mandibuzz
|-damage|p1a: Mandibuzz|52/100
|-damage|p2a: Araquanid|3/100|[from] item: Rocky Helmet|[of] p1a: Mandibuzz
|
|-heal|p1a: Mandibuzz|58/100|[from] Grassy Terrain
|-heal|p2a: Araquanid|9/100|[from] Grassy Terrain
|-fieldend|move: Grassy Terrain
|upkeep
|turn|14
|
|t:|1760436416
|switch|p2a: Arboliva|Arboliva, F|85/100
|move|p1a: Mandibuzz|Roost|p1a: Mandibuzz
|-heal|p1a: Mandibuzz|100/100
|-singleturn|p1a: Mandibuzz|move: Roost
|
|upkeep
|turn|15
|
|t:|1760436422
|move|p1a: Mandibuzz|Toxic|p2a: Arboliva
|-status|p2a: Arboliva|tox
|move|p2a: Arboliva|Alluring Voice|p1a: Mandibuzz
|-supereffective|p1a: Mandibuzz
|-crit|p1a: Mandibuzz
|-damage|p1a: Mandibuzz|47/100
|
|-damage|p2a: Arboliva|79/100 tox|[from] psn
|upkeep
|turn|16
|
|t:|1760436448
|switch|p1a: Heatran|Heatran, M|100/100
|switch|p2a: Araquanid|Araquanid, F|9/100
|
|upkeep
|turn|17
|
|t:|1760436456
|switch|p1a: Mandibuzz|Mandibuzz, F|47/100
|move|p2a: Araquanid|Leech Life|p1a: Mandibuzz
|-crit|p1a: Mandibuzz
|-damage|p1a: Mandibuzz|7/100
|-heal|p2a: Araquanid|34/100|[from] drain|[of] p1a: Mandibuzz
|-damage|p2a: Araquanid|17/100|[from] item: Rocky Helmet|[of] p1a: Mandibuzz
|
|upkeep
|turn|18
|
|t:|1760436469
|move|p1a: Mandibuzz|Roost|p1a: Mandibuzz
|-heal|p1a: Mandibuzz|57/100
|-singleturn|p1a: Mandibuzz|move: Roost
|move|p2a: Araquanid|Leech Life|p1a: Mandibuzz
|-supereffective|p1a: Mandibuzz
|-damage|p1a: Mandibuzz|3/100
|-heal|p2a: Araquanid|51/100|[from] drain|[of] p1a: Mandibuzz
|-damage|p2a: Araquanid|34/100|[from] item: Rocky Helmet|[of] p1a: Mandibuzz
|
|upkeep
|turn|19
|
|t:|1760436479
|switch|p1a: Heatran|Heatran, M|100/100
|move|p2a: Araquanid|Leech Life|p1a: Heatran
|-resisted|p1a: Heatran
|-damage|p1a: Heatran|88/100
|-heal|p2a: Araquanid|40/100|[from] drain|[of] p1a: Heatran
|
|-heal|p1a: Heatran|94/100|[from] item: Leftovers
|upkeep
|turn|20
|
|t:|1760436488
|switch|p2a: Arboliva|Arboliva, F|79/100 tox
|move|p1a: Heatran|Magma Storm|p2a: Arboliva|[miss]
|-miss|p1a: Heatran|p2a: Arboliva
|
|-heal|p1a: Heatran|100/100|[from] item: Leftovers
|-damage|p2a: Arboliva|73/100 tox|[from] psn
|upkeep
|turn|21
|
|t:|1760436496
|move|p1a: Heatran|Stealth Rock|p2a: Arboliva
|-sidestart|p2: skaybixe.io|move: Stealth Rock
|move|p2a: Arboliva|Earth Power|p1a: Heatran
|-supereffective|p1a: Heatran
|-damage|p1a: Heatran|19/100
|-unboost|p1a: Heatran|spd|1
|
|-heal|p1a: Heatran|25/100|[from] item: Leftovers
|-damage|p2a: Arboliva|60/100 tox|[from] psn
|upkeep
|turn|22
|
|t:|1760436506
|switch|p1a: Mandibuzz|Mandibuzz, F|3/100
|move|p2a: Arboliva|Earth Power|p1a: Mandibuzz
|-immune|p1a: Mandibuzz
|
|-damage|p2a: Arboliva|42/100 tox|[from] psn
|upkeep
|turn|23
|
|t:|1760436514
|move|p1a: Mandibuzz|Roost|p1a: Mandibuzz
|-heal|p1a: Mandibuzz|53/100
|-singleturn|p1a: Mandibuzz|move: Roost
|move|p2a: Arboliva|Alluring Voice|p1a: Mandibuzz
|-supereffective|p1a: Mandibuzz
|-damage|p1a: Mandibuzz|18/100
|
|-damage|p2a: Arboliva|18/100 tox|[from] psn
|upkeep
|turn|24
|
|t:|1760436529
|move|p1a: Mandibuzz|Roost|p1a: Mandibuzz
|-heal|p1a: Mandibuzz|68/100
|-singleturn|p1a: Mandibuzz|move: Roost
|move|p2a: Arboliva|Tera Blast|p1a: Mandibuzz
|-damage|p1a: Mandibuzz|40/100
|
|-damage|p2a: Arboliva|0 fnt|[from] psn
|faint|p2a: Arboliva
|upkeep
|
|t:|1760436540
|switch|p2a: Deoxys|Deoxys-Speed|100/100
|-damage|p2a: Deoxys|88/100|[from] Stealth Rock
|-ability|p2a: Deoxys|Pressure
|turn|25
|
|t:|1760436549
|move|p2a: Deoxys|Spikes|p1a: Mandibuzz
|-sidestart|p1: xhwqqq|Spikes
|move|p1a: Mandibuzz|Roost|p1a: Mandibuzz
|-heal|p1a: Mandibuzz|91/100
|-singleturn|p1a: Mandibuzz|move: Roost
|
|upkeep
|turn|26
|
|t:|1760436556
|move|p2a: Deoxys|Spikes|p1a: Mandibuzz
|-sidestart|p1: xhwqqq|Spikes
|move|p1a: Mandibuzz|Foul Play|p2a: Deoxys
|-supereffective|p2a: Deoxys
|-damage|p2a: Deoxys|18/100
|
|upkeep
|turn|27
|
|t:|1760436563
|move|p2a: Deoxys|Stealth Rock|p1a: Mandibuzz
|-sidestart|p1: xhwqqq|move: Stealth Rock
|move|p1a: Mandibuzz|Foul Play|p2a: Deoxys
|-supereffective|p2a: Deoxys
|-damage|p2a: Deoxys|0 fnt
|faint|p2a: Deoxys
|
|upkeep
|
|t:|1760436566
|switch|p2a: Araquanid|Araquanid, F|40/100
|-damage|p2a: Araquanid|15/100|[from] Stealth Rock
|turn|28
|
|t:|1760436577
|-terastallize|p2a: Araquanid|Water
|move|p1a: Mandibuzz|Toxic|p2a: Araquanid
|-status|p2a: Araquanid|tox
|move|p2a: Araquanid|Leech Life|p1a: Mandibuzz
|-damage|p1a: Mandibuzz|64/100
|-heal|p2a: Araquanid|32/100 tox|[from] drain|[of] p1a: Mandibuzz
|-damage|p2a: Araquanid|15/100 tox|[from] item: Rocky Helmet|[of] p1a: Mandibuzz
|
|-damage|p2a: Araquanid|9/100 tox|[from] psn
|upkeep
|turn|29
|
|t:|1760436587
|move|p1a: Mandibuzz|Foul Play|p2a: Araquanid
|-damage|p2a: Araquanid|0 fnt
|faint|p2a: Araquanid
|
|win|xhwqqq
|raw|xhwqqq's rating: 1134 &rarr; <strong>1159</strong><br />(+25 for winning)
|raw|skaybixe.io's rating: 1134 &rarr; <strong>1109</strong><br />(-25 for losing)
|l|☆skaybixe.io
|player|p2|
|l|☆xhwqqq
|player|p1|
