|j|☆kachodi
|j|☆ugh he's
|t:|1760451969
|gametype|singles
|player|p1|kachodi|lucas|1051
|player|p2|ugh he's|hilbert-wonderlauncher|1099
|gen|9
|tier|[Gen 9] OU
|rated|
|rule|HP Percentage Mod: HP is shown in percentages
|rule|Endless Battle Clause: Forcing endless battles is banned
|rule|Species Clause: Limit one of each Pokémon
|rule|OHKO Clause: OHKO moves are banned
|rule|Evasion Items Clause: Evasion items are banned
|rule|Evasion Moves Clause: Evasion moves are banned
|rule|Evasion Abilities Clause: Evasion abilities are banned
|rule|Sleep Moves Clause: Sleep-inducing moves are banned
|clearpoke
|poke|p1|Charizard, M|
|poke|p1|Magnezone|
|poke|p1|Torkoal, F|
|poke|p1|Blastoise, F|
|poke|p1|Braviary, M|
|poke|p1|Latios, M|
|poke|p2|Flygon, M|
|poke|p2|Corviknight, M|
|poke|p2|Primarina, F|
|poke|p2|Torterra, M|
|poke|p2|Lucario, M|
|poke|p2|Cinderace, M|
|teampreview
|
|t:|1760451987
|teamsize|p1|6
|teamsize|p2|6
|start
|switch|p1a: Charizard|Charizard, M|100/100
|switch|p2a: Flygon|Flygon, M|100/100
|turn|1
|
|t:|1760452006
|switch|p1a: Torkoal|Torkoal, F|100/100
|-weather|SunnyDay|[from] ability: Drought|[of] p1a: Torkoal
|move|p2a: Flygon|Throat Chop|p1a: Torkoal
|-damage|p1a: Torkoal|82/100
|-start|p1a: Torkoal|Throat Chop|[silent]
|
|-weather|SunnyDay|[upkeep]
|-heal|p1a: Torkoal|88/100|[from] item: Leftovers
|upkeep
|turn|2
|
|t:|1760452018
|move|p2a: Flygon|Earthquake|p1a: Torkoal
|-supereffective|p1a: Torkoal
|-damage|p1a: Torkoal|13/100
|move|p1a: Torkoal|Gyro Ball|p2a: Flygon
|-damage|p2a: Flygon|62/100
|
|-weather|SunnyDay|[upkeep]
|-heal|p1a: Torkoal|19/100|[from] item: Leftovers
|-end|p1a: Torkoal|Throat Chop|[silent]
|upkeep
|turn|3
|
|t:|1760452029
|move|p2a: Flygon|Earthquake|p1a: Torkoal
|-supereffective|p1a: Torkoal
|-damage|p1a: Torkoal|0 fnt
|faint|p1a: Torkoal
|
|-weather|SunnyDay|[upkeep]
|upkeep
|
|t:|1760452036
|switch|p1a: Latios|Latios, M|100/100
|turn|4
|
|t:|1760452042
|move|p1a: Latios|Trick|p2a: Flygon
|-activate|p1a: Latios|move: Trick|[of] p2a: Flygon
|-item|p2a: Flygon|Toxic Orb|[from] move: Trick
|-item|p1a: Latios|Assault Vest|[from] move: Trick
|move|p2a: Flygon|Earthquake|p1a: Latios
|-immune|p1a: Latios|[from] ability: Levitate
|
|-weather|SunnyDay|[upkeep]
|-status|p2a: Flygon|tox|[from] item: Toxic Orb
|upkeep
|turn|5
|
|t:|1760452073
|move|p1a: Latios|Solar Beam||[still]
|-prepare|p1a: Latios|Solar Beam
|-anim|p1a: Latios|Solar Beam|p2a: Flygon
|-damage|p2a: Flygon|2/100 tox
|move|p2a: Flygon|Throat Chop|p1a: Latios
|-supereffective|p1a: Latios
|-damage|p1a: Latios|32/100
|-start|p1a: Latios|Throat Chop|[silent]
|
|-weather|none
|-damage|p2a: Flygon|0 fnt|[from] psn
|faint|p2a: Flygon
|upkeep
|
|t:|1760452088
|switch|p2a: Primarina|Primarina, F|100/100
|turn|6
|inactive|Battle timer is ON: inactive players will automatically lose when time's up. (requested by kachodi)
|
|t:|1760452098
|switch|p1a: Magnezone|Magnezone|100/100
|-item|p1a: Magnezone|Air Balloon
|-terastallize|p2a: Primarina|Steel
|move|p2a: Primarina|Moonblast|p1a: Magnezone
|-resisted|p1a: Magnezone
|-damage|p1a: Magnezone|70/100
|-unboost|p1a: Magnezone|spa|1
|-enditem|p1a: Magnezone|Air Balloon
|
|upkeep
|turn|7
|
|t:|1760452120
|switch|p2a: Torterra|Torterra, M|100/100
|move|p1a: Magnezone|Light Screen|p1a: Magnezone
|-sidestart|p1: kachodi|move: Light Screen
|
|upkeep
|turn|8
|
|t:|1760452129
|switch|p1a: Charizard|Charizard, M|100/100
|move|p2a: Torterra|Stone Edge|p1a: Charizard
|-supereffective|p1a: Charizard
|-damage|p1a: Charizard|0 fnt
|faint|p1a: Charizard
|
|upkeep
|
|t:|1760452137
|switch|p1a: Braviary|Braviary, M|100/100
|turn|9
|
|t:|1760452154
|switch|p2a: Corviknight|Corviknight, M|100/100
|move|p1a: Braviary|Zen Headbutt|p2a: Corviknight
|-resisted|p2a: Corviknight
|-damage|p2a: Corviknight|79/100
|
|upkeep
|turn|10
|
|t:|1760452162
|switch|p1a: Magnezone|Magnezone|70/100
|move|p2a: Corviknight|Iron Head|p1a: Magnezone
|-resisted|p1a: Magnezone
|-damage|p1a: Magnezone|62/100
|
|upkeep
|turn|11
|
|t:|1760452172
|switch|p2a: Torterra|Torterra, M|100/100
|move|p1a: Magnezone|Reflect|p1a: Magnezone
|-sidestart|p1: kachodi|Reflect
|
|-sideend|p1: kachodi|move: Light Screen
|upkeep
|turn|12
|
|t:|1760452183
|move|p2a: Torterra|Stone Edge|p1a: Magnezone
|-resisted|p1a: Magnezone
|-damage|p1a: Magnezone|53/100
|move|p1a: Magnezone|Light Screen|p1a: Magnezone
|-sidestart|p1: kachodi|move: Light Screen
|
|upkeep
|turn|13
|
|t:|1760452193
|move|p2a: Torterra|Swords Dance|p2a: Torterra
|-boost|p2a: Torterra|atk|2
|move|p1a: Magnezone|Flash Cannon|p2a: Torterra
|-damage|p2a: Torterra|46/100
|
|upkeep
|turn|14
|
|t:|1760452200
|move|p2a: Torterra|Giga Drain|p1a: Magnezone
|-resisted|p1a: Magnezone
|-damage|p1a: Magnezone|47/100
|-heal|p2a: Torterra|48/100|[from] drain|[of] p1a: Magnezone
|move|p1a: Magnezone|Flash Cannon|p2a: Torterra
|-damage|p2a: Torterra|0 fnt
|faint|p2a: Torterra
|
|upkeep
|
|t:|1760452210
|switch|p2a: Cinderace|Cinderace, M|100/100
|turn|15
|
|t:|1760452215
|move|p2a: Cinderace|Scorching Sands|p1a: Magnezone
|-start|p2a: Cinderace|typechange|Ground|[from] ability: Libero
|-supereffective|p1a: Magnezone
|-damage|p1a: Magnezone|11/100
|-status|p1a: Magnezone|brn
|move|p1a: Magnezone|Thunderbolt|p2a: Cinderace
|-immune|p2a: Cinderace
|
|-damage|p1a: Magnezone|5/100 brn|[from] brn
|-sideend|p1: kachodi|Reflect
|upkeep
|turn|16
|
|t:|1760452230
|move|p2a: Cinderace|Scorching Sands|p1a: Magnezone
|-supereffective|p1a: Magnezone
|-damage|p1a: Magnezone|0 fnt
|faint|p1a: Magnezone
|
|-sideend|p1: kachodi|move: Light Screen
|upkeep
|
|t:|1760452236
|switch|p1a: Blastoise|Blastoise, F|100/100
|turn|17
|
|t:|1760452253
|switch|p2a: Corviknight|Corviknight, M|79/100
|move|p1a: Blastoise|Shell Smash|p1a: Blastoise
|-unboost|p1a: Blastoise|def|1
|-unboost|p1a: Blastoise|spd|1
|-boost|p1a: Blastoise|atk|2
|-boost|p1a: Blastoise|spa|2
|-boost|p1a: Blastoise|spe|2
|
|upkeep
|turn|18
|
|t:|1760452272
|move|p1a: Blastoise|Rain Dance|p1a: Blastoise
|-weather|RainDance
|move|p2a: Corviknight|Hurricane|p1a: Blastoise
|-damage|p1a: Blastoise|72/100
|
|-weather|RainDance|[upkeep]
|upkeep
|turn|19
|
|t:|1760452279
|move|p1a: Blastoise|Surf|p2a: Corviknight
|-damage|p2a: Corviknight|0 fnt
|faint|p2a: Corviknight
|
|-weather|RainDance|[upkeep]
|upkeep
|
|t:|1760452287
|switch|p2a: Lucario|Lucario, M|100/100
|turn|20
|
|t:|1760452293
|move|p1a: Blastoise|Surf|p2a: Lucario
|-damage|p2a: Lucario|0 fnt
|faint|p2a: Lucario
|
|-weather|RainDance|[upkeep]
|upkeep
|
|t:|1760452300
|switch|p2a: Primarina|Primarina, F, tera:Steel|100/100
|turn|21
|
|t:|1760452308
|move|p1a: Blastoise|Liquidation|p2a: Primarina
|-damage|p2a: Primarina|0 fnt
|faint|p2a: Primarina
|
|-weather|RainDance|[upkeep]
|upkeep
|
|t:|1760452314
|switch|p2a: Cinderace|Cinderace, M|100/100
|turn|22
|c|☆kachodi|Gg
|
|t:|1760452335
|move|p2a: Cinderace|Sucker Punch|p1a: Blastoise
|-start|p2a: Cinderace|typechange|Dark|[from] ability: Libero
|-damage|p1a: Blastoise|26/100
|move|p1a: Blastoise|Surf|p2a: Cinderace
|-damage|p2a: Cinderace|0 fnt
|faint|p2a: Cinderace
|
|win|kachodi
|raw|kachodi's rating: 1051 &rarr; <strong>1088</strong><br />(+37 for winning)
|raw|ugh he&apos;s's rating: 1099 &rarr; <strong>1071</strong><br />(-28 for losing)
|l|☆ugh he's
|player|p2|
|l|☆kachodi
|player|p1|
