|j|☆3r34t45
|j|‽cielolebogoss
|t:|1760438010
|gametype|singles
|player|p1|3r34t45|101|1400
|player|p2|cielolebogoss|ghetsis-gen5bw|1497
|gen|9
|tier|[Gen 9] OU
|rated|
|rule|HP Percentage Mod: HP is shown in percentages
|rule|Endless Battle Clause: Forcing endless battles is banned
|rule|Species Clause: Limit one of each Pokémon
|rule|OHKO Clause: OHKO moves are banned
|rule|Evasion Items Clause: Evasion items are banned
|rule|Evasion Moves Clause: Evasion moves are banned
|rule|Evasion Abilities Clause: Evasion abilities are banned
|rule|Sleep Moves Clause: Sleep-inducing moves are banned
|clearpoke
|poke|p1|Greninja-*, M|
|poke|p1|Great Tusk|
|poke|p1|Mew|
|poke|p1|Rotom-Frost|
|poke|p1|Hydrapple, M|
|poke|p1|Slowking-Galar, M|
|poke|p2|Manaphy|
|poke|p2|Ninetales-Alola, F|
|poke|p2|Iron Crown|
|poke|p2|Iron Moth|
|poke|p2|Kingambit, F|
|poke|p2|Ogerpon-Wellspring, F|
|teampreview
|inactive|Battle timer is ON: inactive players will automatically lose when time's up. (requested by 3r34t45)
|inactive|cielolebogoss has 120 seconds left.
|
|t:|1760438045
|teamsize|p1|6
|teamsize|p2|6
|start
|switch|p1a: Mew|Mew|100/100
|switch|p2a: Ogerpon|Ogerpon-Wellspring, F|100/100
|turn|1
|
|t:|1760438050
|move|p2a: Ogerpon|Ivy Cudgel|p1a: Mew|[anim] Ivy Cudgel Water
|-damage|p1a: Mew|46/100
|move|p1a: Mew|Volt Switch|p2a: Ogerpon
|-damage|p2a: Ogerpon|78/100
|
|t:|1760438052
|switch|p1a: Hydrapple|Hydrapple, M|100/100|[from] Volt Switch
|
|upkeep
|turn|2
|
|t:|1760438058
|switch|p2a: Ninetales|Ninetales-Alola, F|100/100
|-weather|Snowscape|[from] ability: Snow Warning|[of] p2a: Ninetales
|move|p1a: Hydrapple|Giga Drain|p2a: Ninetales
|-damage|p2a: Ninetales|52/100
|
|-weather|Snowscape|[upkeep]
|upkeep
|turn|3
|
|t:|1760438066
|switch|p1a: Mew|Mew|46/100
|move|p2a: Ninetales|Aurora Veil|p2a: Ninetales
|-sidestart|p2: cielolebogoss|move: Aurora Veil
|
|-weather|Snowscape|[upkeep]
|-heal|p1a: Mew|52/100|[from] item: Leftovers
|upkeep
|turn|4
|
|t:|1760438069
|move|p2a: Ninetales|Moonblast|p1a: Mew
|-damage|p1a: Mew|19/100
|move|p1a: Mew|Stealth Rock|p2a: Ninetales
|-sidestart|p2: cielolebogoss|move: Stealth Rock
|
|-weather|Snowscape|[upkeep]
|-heal|p1a: Mew|25/100|[from] item: Leftovers
|upkeep
|turn|5
|
|t:|1760438072
|switch|p1a: Slowking|Slowking-Galar, M|100/100
|move|p2a: Ninetales|Moonblast|p1a: Slowking
|-resisted|p1a: Slowking
|-damage|p1a: Slowking|90/100
|
|-weather|Snowscape|[upkeep]
|-heal|p1a: Slowking|96/100|[from] item: Leftovers
|upkeep
|turn|6
|
|t:|1760438077
|switch|p2a: Iron Moth|Iron Moth|100/100
|-damage|p2a: Iron Moth|76/100|[from] Stealth Rock
|-enditem|p2a: Iron Moth|Booster Energy
|-activate|p2a: Iron Moth|ability: Quark Drive|[fromitem]
|-start|p2a: Iron Moth|quarkdrivespe
|-prepare|p1a: Slowking|Chilly Reception|[premajor]
|move|p1a: Slowking|Chilly Reception|p1a: Slowking
|
|t:|1760438084
|switch|p1a: Mew|Mew|25/100|[from] Chilly Reception
|
|-weather|none
|-heal|p1a: Mew|31/100|[from] item: Leftovers
|upkeep
|turn|7
|
|t:|1760438089
|move|p2a: Iron Moth|Fiery Dance|p1a: Mew
|-damage|p1a: Mew|0 fnt
|-boost|p2a: Iron Moth|spa|1
|faint|p1a: Mew
|
|upkeep
|
|t:|1760438091
|switch|p1a: Slowking|Slowking-Galar, M|100/100
|turn|8
|
|t:|1760438093
|move|p2a: Iron Moth|Fiery Dance|p1a: Slowking
|-damage|p1a: Slowking|65/100
|-boost|p2a: Iron Moth|spa|1
|move|p1a: Slowking|Psychic|p2a: Iron Moth
|-supereffective|p2a: Iron Moth
|-damage|p2a: Iron Moth|38/100
|
|-heal|p1a: Slowking|71/100|[from] item: Leftovers
|upkeep
|turn|9
|
|t:|1760438099
|move|p2a: Iron Moth|Fiery Dance|p1a: Slowking
|-damage|p1a: Slowking|19/100
|-boost|p2a: Iron Moth|spa|1
|move|p1a: Slowking|Psychic|p2a: Iron Moth
|-supereffective|p2a: Iron Moth
|-damage|p2a: Iron Moth|2/100
|
|-heal|p1a: Slowking|25/100|[from] item: Leftovers
|upkeep
|turn|10
|
|t:|1760438105
|switch|p1a: Greninja|Greninja, M|100/100
|move|p2a: Iron Moth|Fiery Dance|p1a: Greninja
|-resisted|p1a: Greninja
|-damage|p1a: Greninja|18/100
|
|-sideend|p2: cielolebogoss|move: Aurora Veil
|upkeep
|turn|11
|
|t:|1760438112
|move|p2a: Iron Moth|Fiery Dance|p1a: Greninja
|-resisted|p1a: Greninja
|-damage|p1a: Greninja|0 fnt
|faint|p1a: Greninja
|
|upkeep
|
|t:|1760438113
|switch|p1a: Slowking|Slowking-Galar, M|58/100
|turn|12
|
|t:|1760438119
|move|p2a: Iron Moth|Fiery Dance|p1a: Slowking
|-damage|p1a: Slowking|0 fnt
|faint|p1a: Slowking
|
|upkeep
|-message|3r34t45 forfeited.
|
|win|cielolebogoss
|raw|3r34t45's rating: 1400 &rarr; <strong>1385</strong><br />(-15 for losing)
|raw|cielolebogoss's rating: 1497 &rarr; <strong>1512</strong><br />(+15 for winning)
|l|☆3r34t45
|player|p1|
|l|‽cielolebogoss
|player|p2|
