|j|☆suijilurenjia
|j|☆WhyArcher
|t:|1760452042
|gametype|singles
|player|p1|suijilurenjia|bugcatcher-gen4dp|1061
|player|p2|WhyArcher|phorus-unite|1059
|gen|9
|tier|[Gen 9] OU
|rated|
|rule|HP Percentage Mod: HP is shown in percentages
|rule|Endless Battle Clause: Forcing endless battles is banned
|rule|Species Clause: Limit one of each Pokémon
|rule|OHKO Clause: OHKO moves are banned
|rule|Evasion Items Clause: Evasion items are banned
|rule|Evasion Moves Clause: Evasion moves are banned
|rule|Evasion Abilities Clause: Evasion abilities are banned
|rule|Sleep Moves Clause: Sleep-inducing moves are banned
|clearpoke
|poke|p1|Mandibuzz, F|
|poke|p1|Coalossal, M|
|poke|p1|Slowking-Galar, M|
|poke|p1|Diancie|
|poke|p1|Zebstrika, M|
|poke|p1|Meowstic, M|
|poke|p2|Hydrapple, F|
|poke|p2|Ursaluna, M|
|poke|p2|Hatterene, F|
|poke|p2|Ceruledge, M|
|poke|p2|Zapdos|
|poke|p2|Pelipper, F|
|teampreview
|
|t:|1760452051
|teamsize|p1|6
|teamsize|p2|6
|start
|switch|p1a: Zebstrika|Zebstrika, M|100/100
|switch|p2a: Surfito|Pelipper, F|100/100
|-weather|RainDance|[from] ability: Drizzle|[of] p2a: Surfito
|turn|1
|
|t:|1760452065
|switch|p2a: Watonsita|Hatterene, F|100/100
|move|p1a: Zebstrika|Supercell Slam|p2a: Watonsita
|-damage|p2a: Watonsita|17/100
|-damage|p1a: Zebstrika|91/100|[from] item: Life Orb
|
|-weather|RainDance|[upkeep]
|-heal|p2a: Watonsita|22/100|[from] item: Leftovers
|upkeep
|turn|2
|
|t:|1760452075
|move|p1a: Zebstrika|High Horsepower|p2a: Watonsita
|-damage|p2a: Watonsita|0 fnt
|faint|p2a: Watonsita
|-damage|p1a: Zebstrika|81/100|[from] item: Life Orb
|
|-weather|RainDance|[upkeep]
|upkeep
|
|t:|1760452077
|switch|p2a: Cariñosito|Ursaluna, M|100/100
|turn|3
|
|t:|1760452087
|switch|p1a: Mandibuzz|Mandibuzz, F|100/100
|move|p2a: Cariñosito|Earthquake|p1a: Mandibuzz
|-immune|p1a: Mandibuzz
|
|-weather|RainDance|[upkeep]
|-status|p2a: Cariñosito|brn|[from] item: Flame Orb
|upkeep
|turn|4
|
|t:|1760452094
|move|p1a: Mandibuzz|Foul Play|p2a: Cariñosito
|-damage|p2a: Cariñosito|62/100 brn
|move|p2a: Cariñosito|Play Rough|p1a: Mandibuzz
|-supereffective|p1a: Mandibuzz
|-damage|p1a: Mandibuzz|35/100
|-damage|p2a: Cariñosito|46/100 brn|[from] item: Rocky Helmet|[of] p1a: Mandibuzz
|
|-weather|RainDance|[upkeep]
|-damage|p2a: Cariñosito|39/100 brn|[from] brn
|upkeep
|turn|5
|
|t:|1760452114
|move|p1a: Mandibuzz|Roost|p1a: Mandibuzz
|-heal|p1a: Mandibuzz|85/100
|-singleturn|p1a: Mandibuzz|move: Roost
|move|p2a: Cariñosito|Facade|p1a: Mandibuzz
|-damage|p1a: Mandibuzz|17/100
|-damage|p2a: Cariñosito|23/100 brn|[from] item: Rocky Helmet|[of] p1a: Mandibuzz
|
|-weather|none
|-damage|p2a: Cariñosito|16/100 brn|[from] brn
|upkeep
|turn|6
|inactive|Battle timer is ON: inactive players will automatically lose when time's up. (requested by suijilurenjia)
|
|t:|1760452126
|switch|p1a: Slowking|Slowking-Galar, M|100/100
|move|p2a: Cariñosito|Facade|p1a: Slowking
|-damage|p1a: Slowking|0 fnt
|faint|p1a: Slowking
|
|-damage|p2a: Cariñosito|10/100 brn|[from] brn
|upkeep
|
|t:|1760452138
|switch|p1a: Mandibuzz|Mandibuzz, F|17/100
|turn|7
|
|t:|1760452143
|move|p1a: Mandibuzz|Foul Play|p2a: Cariñosito
|-damage|p2a: Cariñosito|0 fnt
|faint|p2a: Cariñosito
|
|upkeep
|
|t:|1760452157
|switch|p2a: PeruvianApple|Hydrapple, F, shiny|100/100
|turn|8
|
|t:|1760452161
|move|p1a: Mandibuzz|Roost|p1a: Mandibuzz
|-heal|p1a: Mandibuzz|67/100
|-singleturn|p1a: Mandibuzz|move: Roost
|move|p2a: PeruvianApple|Body Press|p1a: Mandibuzz
|-supereffective|p1a: Mandibuzz
|-damage|p1a: Mandibuzz|38/100
|-damage|p2a: PeruvianApple|84/100|[from] item: Rocky Helmet|[of] p1a: Mandibuzz
|
|upkeep
|turn|9
|
|t:|1760452170
|switch|p1a: Diancie|Diancie|100/100
|move|p2a: PeruvianApple|Fickle Beam|p1a: Diancie
|-immune|p1a: Diancie
|
|upkeep
|turn|10
|
|t:|1760452180
|switch|p2a: Surfito|Pelipper, F|100/100
|-weather|RainDance|[from] ability: Drizzle|[of] p2a: Surfito
|move|p1a: Diancie|Moonblast|p2a: Surfito
|-damage|p2a: Surfito|37/100
|
|-weather|RainDance|[upkeep]
|upkeep
|turn|11
|
|t:|1760452188
|switch|p1a: Mandibuzz|Mandibuzz, F|38/100
|move|p2a: Surfito|Knock Off|p1a: Mandibuzz
|-resisted|p1a: Mandibuzz
|-damage|p1a: Mandibuzz|34/100
|-damage|p2a: Surfito|21/100|[from] item: Rocky Helmet|[of] p1a: Mandibuzz
|-enditem|p1a: Mandibuzz|Rocky Helmet|[from] move: Knock Off|[of] p2a: Surfito
|
|-weather|RainDance|[upkeep]
|upkeep
|turn|12
|
|t:|1760452194
|move|p1a: Mandibuzz|Roost|p1a: Mandibuzz
|-heal|p1a: Mandibuzz|84/100
|-singleturn|p1a: Mandibuzz|move: Roost
|move|p2a: Surfito|Ice Beam|p1a: Mandibuzz
|-damage|p1a: Mandibuzz|60/100
|
|-weather|RainDance|[upkeep]
|upkeep
|turn|13
|
|t:|1760452202
|move|p1a: Mandibuzz|Roost|p1a: Mandibuzz
|-heal|p1a: Mandibuzz|100/100
|-singleturn|p1a: Mandibuzz|move: Roost
|move|p2a: Surfito|Surf|p1a: Mandibuzz
|-damage|p1a: Mandibuzz|49/100
|
|-weather|RainDance|[upkeep]
|upkeep
|turn|14
|
|t:|1760452212
|move|p1a: Mandibuzz|Brave Bird|p2a: Surfito
|-damage|p2a: Surfito|0 fnt
|faint|p2a: Surfito
|-damage|p1a: Mandibuzz|44/100|[from] Recoil
|
|-weather|none
|upkeep
|
|t:|1760452215
|switch|p2a: Nugget|Zapdos|100/100
|turn|15
|
|t:|1760452224
|switch|p2a: Espadotas|Ceruledge, M|100/100
|switch|p1a: Zebstrika|Zebstrika, M|81/100
|
|upkeep
|turn|16
|
|t:|1760452231
|move|p1a: Zebstrika|Thunder Wave|p2a: Espadotas
|-status|p2a: Espadotas|par
|cant|p2a: Espadotas|par
|
|upkeep
|turn|17
|
|t:|1760452237
|move|p1a: Zebstrika|High Horsepower|p2a: Espadotas
|-supereffective|p2a: Espadotas
|-enditem|p2a: Espadotas|Focus Sash
|-damage|p2a: Espadotas|1/100 par
|-ability|p2a: Espadotas|Weak Armor|boost
|-unboost|p2a: Espadotas|def|1
|-boost|p2a: Espadotas|spe|2
|-damage|p1a: Zebstrika|71/100|[from] item: Life Orb
|move|p2a: Espadotas|Poltergeist|p1a: Zebstrika
|-activate|p1a: Zebstrika|move: Poltergeist|Life Orb
|-damage|p1a: Zebstrika|0 fnt
|faint|p1a: Zebstrika
|
|upkeep
|
|t:|1760452253
|switch|p1a: Mandibuzz|Mandibuzz, F|44/100
|turn|18
|
|t:|1760452262
|cant|p2a: Espadotas|par
|move|p1a: Mandibuzz|Roost|p1a: Mandibuzz
|-heal|p1a: Mandibuzz|94/100
|-singleturn|p1a: Mandibuzz|move: Roost
|
|upkeep
|turn|19
|
|t:|1760452267
|move|p2a: Espadotas|Brick Break|p1a: Mandibuzz
|-damage|p1a: Mandibuzz|80/100
|move|p1a: Mandibuzz|Foul Play|p2a: Espadotas
|-supereffective|p2a: Espadotas
|-damage|p2a: Espadotas|0 fnt
|faint|p2a: Espadotas
|
|upkeep
|
|t:|1760452271
|switch|p2a: Nugget|Zapdos|100/100
|turn|20
|
|t:|1760452278
|switch|p1a: Diancie|Diancie|100/100
|move|p2a: Nugget|Thunderbolt|p1a: Diancie
|-damage|p1a: Diancie|78/100
|
|upkeep
|turn|21
|
|t:|1760452287
|move|p2a: Nugget|Thunder|p1a: Diancie|[miss]
|-miss|p2a: Nugget|p1a: Diancie
|move|p1a: Diancie|Diamond Storm|p2a: Nugget
|-supereffective|p2a: Nugget
|-damage|p2a: Nugget|24/100
|
|upkeep
|turn|22
|
|t:|1760452293
|move|p2a: Nugget|Thunder|p1a: Diancie
|-damage|p1a: Diancie|52/100
|move|p1a: Diancie|Diamond Storm|p2a: Nugget
|-supereffective|p2a: Nugget
|-damage|p2a: Nugget|0 fnt
|faint|p2a: Nugget
|
|upkeep
|
|t:|1760452301
|switch|p2a: PeruvianApple|Hydrapple, F, shiny|100/100
|turn|23
|
|t:|1760452312
|move|p1a: Diancie|Moonblast|p2a: PeruvianApple
|-supereffective|p2a: PeruvianApple
|-damage|p2a: PeruvianApple|39/100
|move|p2a: PeruvianApple|Energy Ball|p1a: Diancie
|-supereffective|p1a: Diancie
|-damage|p1a: Diancie|8/100
|
|upkeep
|turn|24
|
|t:|1760452318
|-terastallize|p2a: PeruvianApple|Fire
|move|p1a: Diancie|Moonblast|p2a: PeruvianApple
|-resisted|p2a: PeruvianApple
|-damage|p2a: PeruvianApple|23/100
|move|p2a: PeruvianApple|Energy Ball|p1a: Diancie
|-supereffective|p1a: Diancie
|-damage|p1a: Diancie|0 fnt
|faint|p1a: Diancie
|
|upkeep
|
|t:|1760452327
|switch|p1a: Meowstic|Meowstic, M|100/100
|turn|25
|
|t:|1760452348
|move|p1a: Meowstic|Thunder Wave|p2a: PeruvianApple
|-status|p2a: PeruvianApple|par
|cant|p2a: PeruvianApple|par
|
|upkeep
|turn|26
|
|t:|1760452354
|move|p1a: Meowstic|Psychic|p2a: PeruvianApple
|-damage|p2a: PeruvianApple|0 fnt
|faint|p2a: PeruvianApple
|
|win|suijilurenjia
|raw|suijilurenjia's rating: 1061 &rarr; <strong>1092</strong><br />(+31 for winning)
|raw|WhyArcher's rating: 1059 &rarr; <strong>1040</strong><br />(-19 for losing)
|l|☆suijilurenjia
|player|p1|
|l|☆WhyArcher
|player|p2|
