|j|☆cheeselover255
|j|☆sirglizzi
|t:|1760367985
|gametype|singles
|player|p1|cheeselover255|102|1255
|player|p2|sirglizzi|lance|1277
|gen|9
|tier|[Gen 9] OU
|rated|
|rule|HP Percentage Mod: HP is shown in percentages
|rule|Endless Battle Clause: Forcing endless battles is banned
|rule|Species Clause: Limit one of each Pokémon
|rule|OHKO Clause: OHKO moves are banned
|rule|Evasion Items Clause: Evasion items are banned
|rule|Evasion Moves Clause: Evasion moves are banned
|rule|Evasion Abilities Clause: Evasion abilities are banned
|rule|Sleep Moves Clause: Sleep-inducing moves are banned
|clearpoke
|poke|p1|Landorus-Therian, M|
|poke|p1|Slowking-Galar, F|
|poke|p1|Gliscor, M|
|poke|p1|Primarina, M|
|poke|p1|Jolteon, M|
|poke|p1|Zamazenta-*|
|poke|p2|Tyranitar, F|
|poke|p2|Excadrill, F|
|poke|p2|Garchomp, F|
|poke|p2|Vaporeon, M|
|poke|p2|Moltres|
|poke|p2|Goodra-Hisui, M|
|teampreview
|inactive|Battle timer is ON: inactive players will automatically lose when time's up. (requested by sirglizzi)
|
|t:|1760368010
|teamsize|p1|6
|teamsize|p2|6
|start
|switch|p1a: Gliscor|Gliscor, M|100/100
|switch|p2a: Vaporeon|Vaporeon, M, shiny|100/100
|turn|1
|
|t:|1760368024
|switch|p2a: Goodra|Goodra-Hisui, M|100/100
|move|p1a: Gliscor|Protect||[still]
|-fail|p1a: Gliscor
|
|-status|p1a: Gliscor|tox|[from] item: Toxic Orb
|upkeep
|turn|2
|
|t:|1760368029
|switch|p1a: Slowking|Slowking-Galar, F|100/100
|move|p2a: Goodra|Ice Beam|p1a: Slowking
|-damage|p1a: Slowking|75/100
|-status|p1a: Slowking|frz
|
|upkeep
|turn|3
|
|t:|1760368037
|switch|p2a: Tyranitar|Tyranitar, F|100/100
|-weather|Sandstorm|[from] ability: Sand Stream|[of] p2a: Tyranitar
|cant|p1a: Slowking|frz
|
|-weather|Sandstorm|[upkeep]
|-damage|p1a: Slowking|69/100 frz|[from] Sandstorm
|upkeep
|turn|4
|
|t:|1760368057
|switch|p1a: Primarina|Primarina, M|100/100
|move|p2a: Tyranitar|Stealth Rock|p1a: Primarina
|-sidestart|p1: cheeselover255|move: Stealth Rock
|
|-weather|Sandstorm|[upkeep]
|-damage|p1a: Primarina|94/100|[from] Sandstorm
|-heal|p1a: Primarina|100/100|[from] item: Leftovers
|upkeep
|turn|5
|
|t:|1760368065
|switch|p2a: Goodra|Goodra-Hisui, M|100/100
|move|p1a: Primarina|Substitute|p1a: Primarina
|-start|p1a: Primarina|Substitute
|-damage|p1a: Primarina|75/100
|
|-weather|Sandstorm|[upkeep]
|-damage|p1a: Primarina|69/100|[from] Sandstorm
|-heal|p1a: Primarina|75/100|[from] item: Leftovers
|upkeep
|turn|6
|
|t:|1760368072
|move|p1a: Primarina|Calm Mind|p1a: Primarina
|-boost|p1a: Primarina|spa|1
|-boost|p1a: Primarina|spd|1
|move|p2a: Goodra|Flash Cannon|p1a: Primarina
|-activate|p1a: Primarina|move: Substitute|[damage]
|
|-weather|Sandstorm|[upkeep]
|-damage|p1a: Primarina|69/100|[from] Sandstorm
|-heal|p1a: Primarina|75/100|[from] item: Leftovers
|upkeep
|turn|7
|
|t:|1760368094
|switch|p2a: Vaporeon|Vaporeon, M, shiny|100/100
|move|p1a: Primarina|Calm Mind|p1a: Primarina
|-boost|p1a: Primarina|spa|1
|-boost|p1a: Primarina|spd|1
|
|-weather|none
|-heal|p1a: Primarina|82/100|[from] item: Leftovers
|upkeep
|turn|8
|
|t:|1760368098
|move|p1a: Primarina|Draining Kiss|p2a: Vaporeon
|-damage|p2a: Vaporeon|77/100
|-heal|p1a: Primarina|100/100|[from] drain|[of] p2a: Vaporeon
|move|p2a: Vaporeon|Whirlpool|p1a: Primarina
|-resisted|p1a: Primarina
|-end|p1a: Primarina|Substitute
|
|-heal|p2a: Vaporeon|83/100|[from] item: Leftovers
|upkeep
|turn|9
|
|t:|1760368106
|move|p1a: Primarina|Substitute|p1a: Primarina
|-start|p1a: Primarina|Substitute
|-damage|p1a: Primarina|75/100
|move|p2a: Vaporeon|Whirlpool|p1a: Primarina
|-resisted|p1a: Primarina
|-activate|p1a: Primarina|move: Substitute|[damage]
|
|-heal|p1a: Primarina|82/100|[from] item: Leftovers
|-heal|p2a: Vaporeon|89/100|[from] item: Leftovers
|upkeep
|turn|10
|
|t:|1760368108
|move|p1a: Primarina|Draining Kiss|p2a: Vaporeon
|-damage|p2a: Vaporeon|68/100
|-heal|p1a: Primarina|100/100|[from] drain|[of] p2a: Vaporeon
|move|p2a: Vaporeon|Whirlpool|p1a: Primarina
|-resisted|p1a: Primarina
|-activate|p1a: Primarina|move: Substitute|[damage]
|
|-heal|p2a: Vaporeon|74/100|[from] item: Leftovers
|upkeep
|turn|11
|
|t:|1760368111
|move|p1a: Primarina|Calm Mind|p1a: Primarina
|-boost|p1a: Primarina|spa|1
|-boost|p1a: Primarina|spd|1
|move|p2a: Vaporeon|Whirlpool|p1a: Primarina
|-resisted|p1a: Primarina
|-activate|p1a: Primarina|move: Substitute|[damage]
|
|-heal|p2a: Vaporeon|80/100|[from] item: Leftovers
|upkeep
|turn|12
|
|t:|1760368114
|move|p1a: Primarina|Draining Kiss|p2a: Vaporeon
|-damage|p2a: Vaporeon|52/100
|move|p2a: Vaporeon|Whirlpool|p1a: Primarina
|-resisted|p1a: Primarina
|-activate|p1a: Primarina|move: Substitute|[damage]
|
|-heal|p2a: Vaporeon|58/100|[from] item: Leftovers
|upkeep
|turn|13
|
|t:|1760368118
|move|p1a: Primarina|Draining Kiss|p2a: Vaporeon
|-damage|p2a: Vaporeon|29/100
|move|p2a: Vaporeon|Whirlpool|p1a: Primarina
|-resisted|p1a: Primarina
|-activate|p1a: Primarina|move: Substitute|[damage]
|
|-heal|p2a: Vaporeon|36/100|[from] item: Leftovers
|upkeep
|turn|14
|
|t:|1760368121
|move|p1a: Primarina|Draining Kiss|p2a: Vaporeon
|-damage|p2a: Vaporeon|5/100
|move|p2a: Vaporeon|Wish|p2a: Vaporeon
|
|-heal|p2a: Vaporeon|11/100|[from] item: Leftovers
|upkeep
|turn|15
|
|t:|1760368127
|move|p1a: Primarina|Calm Mind|p1a: Primarina
|-boost|p1a: Primarina|spa|1
|-boost|p1a: Primarina|spd|1
|move|p2a: Vaporeon|Scald|p1a: Primarina
|-resisted|p1a: Primarina
|-activate|p1a: Primarina|move: Substitute|[damage]
|
|-heal|p2a: Vaporeon|61/100|[from] move: Wish|[wisher] Vaporeon
|-heal|p2a: Vaporeon|68/100|[from] item: Leftovers
|upkeep
|turn|16
|
|t:|1760368129
|move|p1a: Primarina|Calm Mind|p1a: Primarina
|-boost|p1a: Primarina|spa|1
|-boost|p1a: Primarina|spd|1
|move|p2a: Vaporeon|Scald|p1a: Primarina
|-resisted|p1a: Primarina
|-activate|p1a: Primarina|move: Substitute|[damage]
|
|-heal|p2a: Vaporeon|74/100|[from] item: Leftovers
|upkeep
|turn|17
|
|t:|1760368131
|move|p1a: Primarina|Calm Mind|p1a: Primarina
|-boost|p1a: Primarina|spa|1
|-boost|p1a: Primarina|spd|1
|move|p2a: Vaporeon|Scald|p1a: Primarina
|-resisted|p1a: Primarina
|-activate|p1a: Primarina|move: Substitute|[damage]
|
|-heal|p2a: Vaporeon|80/100|[from] item: Leftovers
|upkeep
|turn|18
|
|t:|1760368133
|move|p1a: Primarina|Draining Kiss|p2a: Vaporeon
|-damage|p2a: Vaporeon|38/100
|move|p2a: Vaporeon|Scald|p1a: Primarina
|-resisted|p1a: Primarina
|-end|p1a: Primarina|Substitute
|
|-heal|p2a: Vaporeon|44/100|[from] item: Leftovers
|upkeep
|turn|19
|
|t:|1760368136
|move|p1a: Primarina|Substitute|p1a: Primarina
|-start|p1a: Primarina|Substitute
|-damage|p1a: Primarina|75/100
|move|p2a: Vaporeon|Wish|p2a: Vaporeon
|
|-heal|p1a: Primarina|82/100|[from] item: Leftovers
|-heal|p2a: Vaporeon|50/100|[from] item: Leftovers
|upkeep
|turn|20
|
|t:|1760368138
|move|p1a: Primarina|Draining Kiss|p2a: Vaporeon
|-damage|p2a: Vaporeon|2/100
|-heal|p1a: Primarina|100/100|[from] drain|[of] p2a: Vaporeon
|move|p2a: Vaporeon|Scald|p1a: Primarina
|-resisted|p1a: Primarina
|-activate|p1a: Primarina|move: Substitute|[damage]
|
|-heal|p2a: Vaporeon|52/100|[from] move: Wish|[wisher] Vaporeon
|-heal|p2a: Vaporeon|59/100|[from] item: Leftovers
|upkeep
|turn|21
|
|t:|1760368141
|move|p1a: Primarina|Draining Kiss|p2a: Vaporeon
|-damage|p2a: Vaporeon|13/100
|move|p2a: Vaporeon|Scald|p1a: Primarina
|-resisted|p1a: Primarina
|-activate|p1a: Primarina|move: Substitute|[damage]
|
|-heal|p2a: Vaporeon|20/100|[from] item: Leftovers
|upkeep
|turn|22
|
|t:|1760368144
|move|p1a: Primarina|Draining Kiss|p2a: Vaporeon
|-damage|p2a: Vaporeon|0 fnt
|faint|p2a: Vaporeon
|
|upkeep
|-message|sirglizzi forfeited.
|
|win|cheeselover255
|raw|cheeselover255's rating: 1255 &rarr; <strong>1282</strong><br />(+27 for winning)
|raw|sirglizzi's rating: 1277 &rarr; <strong>1250</strong><br />(-27 for losing)
|l|☆sirglizzi
|player|p2|
|l|☆cheeselover255
|player|p1|
