|j|☆Home is Wild
|j|☆dr. drake6782
|t:|1760390955
|gametype|singles
|player|p1|Home is Wild|170|1752
|player|p2|dr. drake6782|hilbert-masters|1796
|gen|9
|tier|[Gen 9] OU
|rated|
|rule|HP Percentage Mod: HP is shown in percentages
|rule|Endless Battle Clause: Forcing endless battles is banned
|rule|Species Clause: Limit one of each Pokémon
|rule|OHKO Clause: OHKO moves are banned
|rule|Evasion Items Clause: Evasion items are banned
|rule|Evasion Moves Clause: Evasion moves are banned
|rule|Evasion Abilities Clause: Evasion abilities are banned
|rule|Sleep Moves Clause: Sleep-inducing moves are banned
|clearpoke
|poke|p1|Kingambit, F|
|poke|p1|Garchomp, F|
|poke|p1|Kyurem|
|poke|p1|Hatterene, F|
|poke|p1|Zamazenta-*|
|poke|p1|Tornadus-Therian, M|
|poke|p2|Pelipper, F|
|poke|p2|Tornadus-Therian, M|
|poke|p2|Iron Treads|
|poke|p2|Decidueye-Hisui, F|
|poke|p2|Barraskewda, F|
|poke|p2|Raging Bolt|
|teampreview
|inactive|Battle timer is ON: inactive players will automatically lose when time's up. (requested by dr. drake6782)
|
|t:|1760390971
|teamsize|p1|6
|teamsize|p2|6
|start
|switch|p1a: Kyurem|Kyurem|100/100
|switch|p2a: Barraskewda|Barraskewda, F, shiny|100/100
|-ability|p1a: Kyurem|Pressure
|turn|1
|
|t:|1760390975
|switch|p1a: Hatterene|Hatterene, F|100/100
|move|p2a: Barraskewda|Close Combat|p1a: Hatterene
|-resisted|p1a: Hatterene
|-damage|p1a: Hatterene|88/100
|-unboost|p2a: Barraskewda|def|1
|-unboost|p2a: Barraskewda|spd|1
|-damage|p2a: Barraskewda|84/100|[from] item: Rocky Helmet|[of] p1a: Hatterene
|-damage|p2a: Barraskewda|74/100|[from] item: Life Orb
|
|upkeep
|turn|2
|
|t:|1760390980
|switch|p2a: Iron Treads|Iron Treads|100/100
|move|p1a: Hatterene|Pain Split|p2a: Iron Treads
|-sethp|p2a: Iron Treads|87/100|[from] move: Pain Split|[silent]
|-sethp|p1a: Hatterene|100/100|[from] move: Pain Split
|
|-heal|p2a: Iron Treads|93/100|[from] item: Leftovers
|upkeep
|turn|3
|
|t:|1760390988
|switch|p1a: Garchomp|Garchomp, F|100/100
|move|p2a: Iron Treads|Knock Off|p1a: Garchomp
|-damage|p1a: Garchomp|84/100
|-damage|p2a: Iron Treads|80/100|[from] ability: Rough Skin|[of] p1a: Garchomp
|-damage|p2a: Iron Treads|64/100|[from] item: Rocky Helmet|[of] p1a: Garchomp
|-enditem|p1a: Garchomp|Rocky Helmet|[from] move: Knock Off|[of] p2a: Iron Treads
|
|-heal|p2a: Iron Treads|70/100|[from] item: Leftovers
|upkeep
|turn|4
|
|t:|1760390995
|move|p1a: Garchomp|Stealth Rock|p2a: Iron Treads
|-sidestart|p2: dr. drake6782|move: Stealth Rock
|move|p2a: Iron Treads|Stealth Rock|p1a: Garchomp
|-sidestart|p1: Home is Wild|move: Stealth Rock
|
|-heal|p2a: Iron Treads|76/100|[from] item: Leftovers
|upkeep
|turn|5
|
|t:|1760390997
|move|p2a: Iron Treads|Rapid Spin|p1a: Garchomp
|-damage|p1a: Garchomp|75/100
|-boost|p2a: Iron Treads|spe|1
|-damage|p2a: Iron Treads|64/100|[from] ability: Rough Skin|[of] p1a: Garchomp
|-sideend|p2: dr. drake6782|Stealth Rock|[from] move: Rapid Spin|[of] p2a: Iron Treads
|move|p1a: Garchomp|Earthquake|p2a: Iron Treads
|-supereffective|p2a: Iron Treads
|-damage|p2a: Iron Treads|0 fnt
|faint|p2a: Iron Treads
|-end|p2a: Iron Treads|Quark Drive|[silent]
|
|upkeep
|
|t:|1760391012
|switch|p2a: Raging Bolt|Raging Bolt|100/100
|-enditem|p2a: Raging Bolt|Booster Energy
|-activate|p2a: Raging Bolt|ability: Protosynthesis|[fromitem]
|-start|p2a: Raging Bolt|protosynthesisspa
|turn|6
|
|t:|1760391015
|-terastallize|p2a: Raging Bolt|Bug
|move|p1a: Garchomp|Earthquake|p2a: Raging Bolt
|-resisted|p2a: Raging Bolt
|-damage|p2a: Raging Bolt|83/100
|move|p2a: Raging Bolt|Dragon Pulse|p1a: Garchomp
|-supereffective|p1a: Garchomp
|-damage|p1a: Garchomp|0 fnt
|faint|p1a: Garchomp
|
|upkeep
|
|t:|1760391037
|switch|p1a: Kyurem|Kyurem|100/100
|-damage|p1a: Kyurem|76/100|[from] Stealth Rock
|-ability|p1a: Kyurem|Pressure
|turn|7
|
|t:|1760391042
|move|p1a: Kyurem|Ice Beam|p2a: Raging Bolt
|-damage|p2a: Raging Bolt|38/100
|move|p2a: Raging Bolt|Dragon Pulse|p1a: Kyurem
|-supereffective|p1a: Kyurem
|-damage|p1a: Kyurem|0 fnt
|faint|p1a: Kyurem
|
|upkeep
|
|t:|1760391050
|switch|p1a: Kingambit|Kingambit, F|100/100
|-damage|p1a: Kingambit|94/100|[from] Stealth Rock
|-activate|p1a: Kingambit|ability: Supreme Overlord
|-start|p1a: Kingambit|fallen2|[silent]
|turn|8
|
|t:|1760391052
|move|p2a: Raging Bolt|Thunder|p1a: Kingambit
|-damage|p1a: Kingambit|12/100
|move|p1a: Kingambit|Kowtow Cleave|p2a: Raging Bolt
|-damage|p2a: Raging Bolt|0 fnt
|faint|p2a: Raging Bolt
|-end|p2a: Raging Bolt|Protosynthesis|[silent]
|
|-heal|p1a: Kingambit|18/100|[from] item: Leftovers
|upkeep
|
|t:|1760391063
|switch|p2a: Decidueye|Decidueye-Hisui, F, shiny|100/100
|turn|9
|
|t:|1760391067
|-end|p1a: Kingambit|fallen2|[silent]
|switch|p1a: Hatterene|Hatterene, F|100/100
|-damage|p1a: Hatterene|88/100|[from] Stealth Rock
|move|p2a: Decidueye|Triple Arrows|p1a: Hatterene
|-resisted|p1a: Hatterene
|-damage|p1a: Hatterene|82/100
|-unboost|p1a: Hatterene|def|1
|
|upkeep
|turn|10
|
|t:|1760391070
|move|p2a: Decidueye|U-turn|p1a: Hatterene
|-damage|p1a: Hatterene|61/100
|-damage|p2a: Decidueye|84/100|[from] item: Rocky Helmet|[of] p1a: Hatterene
|
|t:|1760391073
|switch|p2a: Pelipper|Pelipper, F|100/100|[from] U-turn
|-weather|RainDance|[from] ability: Drizzle|[of] p2a: Pelipper
|move|p1a: Hatterene|Psychic Noise|p2a: Pelipper
|-damage|p2a: Pelipper|57/100
|-start|p2a: Pelipper|move: Heal Block
|
|-weather|RainDance|[upkeep]
|upkeep
|turn|11
|
|t:|1760391077
|move|p2a: Pelipper|Surf|p1a: Hatterene
|-damage|p1a: Hatterene|12/100
|move|p1a: Hatterene|Draining Kiss|p2a: Pelipper
|-damage|p2a: Pelipper|23/100
|-heal|p1a: Hatterene|38/100|[from] drain|[of] p2a: Pelipper
|
|-weather|RainDance|[upkeep]
|-end|p2a: Pelipper|move: Heal Block
|upkeep
|turn|12
|
|t:|1760391081
|move|p2a: Pelipper|Surf|p1a: Hatterene
|-damage|p1a: Hatterene|0 fnt
|faint|p1a: Hatterene
|
|-weather|RainDance|[upkeep]
|upkeep
|
|t:|1760391082
|switch|p1a: Tornadus|Tornadus-Therian, M|100/100
|-damage|p1a: Tornadus|76/100|[from] Stealth Rock
|turn|13
|
|t:|1760391087
|move|p1a: Tornadus|Bleakwind Storm|p2a: Pelipper
|-damage|p2a: Pelipper|0 fnt
|faint|p2a: Pelipper
|
|-weather|RainDance|[upkeep]
|upkeep
|
|t:|1760391089
|switch|p2a: Barraskewda|Barraskewda, F, shiny|74/100
|turn|14
|
|t:|1760391108
|-terastallize|p1a: Tornadus|Water
|move|p2a: Barraskewda|Liquidation|p1a: Tornadus
|-resisted|p1a: Tornadus
|-damage|p1a: Tornadus|17/100
|-unboost|p1a: Tornadus|def|1
|-damage|p2a: Barraskewda|64/100|[from] item: Life Orb
|move|p1a: Tornadus|Bleakwind Storm|p2a: Barraskewda
|-damage|p2a: Barraskewda|0 fnt
|faint|p2a: Barraskewda
|
|-weather|RainDance|[upkeep]
|upkeep
|
|t:|1760391113
|switch|p2a: Tornadus|Tornadus-Therian, M|100/100
|turn|15
|
|t:|1760391117
|move|p2a: Tornadus|Hurricane|p1a: Tornadus
|-damage|p1a: Tornadus|0 fnt
|faint|p1a: Tornadus
|
|-weather|RainDance|[upkeep]
|upkeep
|
|t:|1760391119
|switch|p1a: Kingambit|Kingambit, F|18/100
|-damage|p1a: Kingambit|12/100|[from] Stealth Rock
|-activate|p1a: Kingambit|ability: Supreme Overlord
|-start|p1a: Kingambit|fallen4|[silent]
|turn|16
|
|t:|1760391121
|switch|p2a: Decidueye|Decidueye-Hisui, F, shiny|84/100
|move|p1a: Kingambit|Sucker Punch||[still]
|-fail|p1a: Kingambit
|
|-weather|RainDance|[upkeep]
|-heal|p1a: Kingambit|18/100|[from] item: Leftovers
|upkeep
|turn|17
|
|t:|1760391124
|move|p2a: Decidueye|Triple Arrows|p1a: Kingambit
|-supereffective|p1a: Kingambit
|-damage|p1a: Kingambit|0 fnt
|faint|p1a: Kingambit
|-end|p1a: Kingambit|fallen4|[silent]
|
|-weather|none
|upkeep
|
|t:|1760391125
|switch|p1a: Zamazenta|Zamazenta|100/100
|-damage|p1a: Zamazenta|94/100|[from] Stealth Rock
|-ability|p1a: Zamazenta|Dauntless Shield|boost
|-boost|p1a: Zamazenta|def|1
|turn|18
|
|t:|1760391128
|move|p1a: Zamazenta|Iron Defense|p1a: Zamazenta
|-boost|p1a: Zamazenta|def|2
|move|p2a: Decidueye|U-turn|p1a: Zamazenta
|-resisted|p1a: Zamazenta
|-damage|p1a: Zamazenta|91/100
|
|t:|1760391129
|switch|p2a: Tornadus|Tornadus-Therian, M|100/100|[from] U-turn
|
|upkeep
|turn|19
|
|t:|1760391131
|move|p1a: Zamazenta|Body Press|p2a: Tornadus
|-resisted|p2a: Tornadus
|-damage|p2a: Tornadus|38/100
|move|p2a: Tornadus|Hurricane|p1a: Zamazenta|[miss]
|-miss|p2a: Tornadus|p1a: Zamazenta
|
|upkeep
|turn|20
|
|t:|1760391134
|switch|p2a: Decidueye|Decidueye-Hisui, F, shiny|84/100
|move|p1a: Zamazenta|Body Press|p2a: Decidueye
|-damage|p2a: Decidueye|20/100
|-damage|p1a: Zamazenta|75/100|[from] item: Rocky Helmet|[of] p2a: Decidueye
|
|upkeep
|turn|21
|
|t:|1760391139
|move|p1a: Zamazenta|Iron Defense|p1a: Zamazenta
|-boost|p1a: Zamazenta|def|2
|move|p2a: Decidueye|U-turn|p1a: Zamazenta
|-resisted|p1a: Zamazenta
|-damage|p1a: Zamazenta|73/100
|
|t:|1760391140
|switch|p2a: Tornadus|Tornadus-Therian, M|71/100|[from] U-turn
|
|upkeep
|turn|22
|
|t:|1760391142
|switch|p2a: Decidueye|Decidueye-Hisui, F, shiny|20/100
|move|p1a: Zamazenta|Body Press|p2a: Decidueye
|-damage|p2a: Decidueye|0 fnt
|-damage|p1a: Zamazenta|56/100|[from] item: Rocky Helmet|[of] p2a: Decidueye
|faint|p2a: Decidueye
|
|upkeep
|
|t:|1760391144
|switch|p2a: Tornadus|Tornadus-Therian, M|100/100
|turn|23
|
|t:|1760391147
|move|p1a: Zamazenta|Rest|p1a: Zamazenta
|-status|p1a: Zamazenta|slp|[from] move: Rest
|-heal|p1a: Zamazenta|100/100 slp|[silent]
|-enditem|p1a: Zamazenta|Chesto Berry|[eat]
|-curestatus|p1a: Zamazenta|slp|[msg]
|move|p2a: Tornadus|Hurricane|p1a: Zamazenta
|-supereffective|p1a: Zamazenta
|-damage|p1a: Zamazenta|0 fnt
|faint|p1a: Zamazenta
|
|win|dr. drake6782
|raw|Home is Wild's rating: 1752 &rarr; <strong>1735</strong><br />(-17 for losing)
|raw|dr. drake6782's rating: 1796 &rarr; <strong>1813</strong><br />(+17 for winning)
|l|☆Home is Wild
|player|p1|
|c|☆dr. drake6782|gg
|l|☆dr. drake6782
|player|p2|
