|j|☆jwhi
|j|‽Strawhatspindo
|t:|1760379344
|gametype|singles
|player|p1|jwhi|ingo|1236
|player|p2|Strawhatspindo|102|1242
|gen|9
|tier|[Gen 9] OU
|rated|
|rule|HP Percentage Mod: HP is shown in percentages
|rule|Endless Battle Clause: Forcing endless battles is banned
|rule|Species Clause: Limit one of each Pokémon
|rule|OHKO Clause: OHKO moves are banned
|rule|Evasion Items Clause: Evasion items are banned
|rule|Evasion Moves Clause: Evasion moves are banned
|rule|Evasion Abilities Clause: Evasion abilities are banned
|rule|Sleep Moves Clause: Sleep-inducing moves are banned
|clearpoke
|poke|p1|Floatzel, F|
|poke|p1|Pelipper, F|
|poke|p1|Arcanine-Hisui, F|
|poke|p1|Kingdra, M|
|poke|p1|Lycanroc-Dusk, F|
|poke|p1|Salamence, M|
|poke|p2|Landorus-Therian, M|
|poke|p2|Skeledirge, M|
|poke|p2|Skarmory, M|
|poke|p2|Hydrapple, M|
|poke|p2|Samurott-Hisui, M|
|poke|p2|Fezandipiti, M|
|teampreview
|inactive|Battle timer is ON: inactive players will automatically lose when time's up. (requested by Strawhatspindo)
|
|t:|1760379367
|teamsize|p1|6
|teamsize|p2|6
|start
|switch|p1a: Lycanroc|Lycanroc-Dusk, F|100/100
|switch|p2a: Skarmory|Skarmory, M, shiny|100/100
|turn|1
|
|t:|1760379380
|move|p1a: Lycanroc|Swords Dance|p1a: Lycanroc
|-boost|p1a: Lycanroc|atk|2
|move|p2a: Skarmory|Body Press|p1a: Lycanroc
|-supereffective|p1a: Lycanroc
|-enditem|p1a: Lycanroc|Focus Sash
|-damage|p1a: Lycanroc|1/100
|
|upkeep
|turn|2
|
|t:|1760379398
|move|p1a: Lycanroc|Endeavor|p2a: Skarmory
|-damage|p2a: Skarmory|1/100
|-damage|p1a: Lycanroc|0 fnt|[from] item: Rocky Helmet|[of] p2a: Skarmory
|faint|p1a: Lycanroc
|move|p2a: Skarmory|Roost|p2a: Skarmory
|-heal|p2a: Skarmory|51/100
|-singleturn|p2a: Skarmory|move: Roost
|
|upkeep
|
|t:|1760379411
|switch|p1a: Pelipper|Pelipper, F|100/100
|-weather|RainDance|[from] ability: Drizzle|[of] p1a: Pelipper
|turn|3
|
|t:|1760379417
|move|p2a: Skarmory|Stealth Rock|p1a: Pelipper
|-sidestart|p1: jwhi|move: Stealth Rock
|move|p1a: Pelipper|U-turn|p2a: Skarmory
|-resisted|p2a: Skarmory
|-damage|p2a: Skarmory|50/100
|-damage|p1a: Pelipper|84/100|[from] item: Rocky Helmet|[of] p2a: Skarmory
|
|t:|1760379423
|switch|p1a: Floatzel|Floatzel, F|100/100|[from] U-turn
|-damage|p1a: Floatzel|88/100|[from] Stealth Rock
|
|-weather|RainDance|[upkeep]
|upkeep
|turn|4
|
|t:|1760379430
|move|p1a: Floatzel|Wave Crash|p2a: Skarmory
|-damage|p2a: Skarmory|0 fnt
|-damage|p1a: Floatzel|72/100|[from] item: Rocky Helmet|[of] p2a: Skarmory
|faint|p2a: Skarmory
|-damage|p1a: Floatzel|55/100|[from] Recoil
|
|-weather|RainDance|[upkeep]
|upkeep
|
|t:|1760379442
|switch|p2a: Landorus|Landorus-Therian, M, shiny|100/100
|-ability|p2a: Landorus|Intimidate|boost
|-unboost|p1a: Floatzel|atk|1
|turn|5
|
|t:|1760379472
|move|p1a: Floatzel|Wave Crash|p2a: Landorus
|-supereffective|p2a: Landorus
|-damage|p2a: Landorus|0 fnt
|faint|p2a: Landorus
|-damage|p1a: Floatzel|21/100|[from] Recoil
|
|-weather|RainDance|[upkeep]
|upkeep
|
|t:|1760379482
|switch|p2a: Hydrapple|Hydrapple, M|100/100
|turn|6
|inactive|jwhi has 120 seconds left.
|
|t:|1760379527
|switch|p2a: Samurott|Samurott-Hisui, M, shiny|100/100
|move|p1a: Floatzel|Double-Edge|p2a: Samurott
|-damage|p2a: Samurott|66/100
|-damage|p1a: Floatzel|9/100|[from] Recoil
|
|-weather|RainDance|[upkeep]
|upkeep
|turn|7
|
|t:|1760379538
|move|p1a: Floatzel|Wave Crash|p2a: Samurott
|-resisted|p2a: Samurott
|-damage|p2a: Samurott|19/100
|-damage|p1a: Floatzel|0 fnt|[from] Recoil
|faint|p1a: Floatzel
|move|p2a: Samurott|Knock Off|p1: Floatzel|[notarget]
|-fail|p2a: Samurott
|
|-weather|RainDance|[upkeep]
|upkeep
|
|t:|1760379553
|switch|p1a: Kingdra|Kingdra, M|100/100
|-damage|p1a: Kingdra|88/100|[from] Stealth Rock
|turn|8
|
|t:|1760379562
|move|p2a: Samurott|Sucker Punch|p1a: Kingdra
|-damage|p1a: Kingdra|47/100
|move|p1a: Kingdra|Hurricane|p2a: Samurott
|-damage|p2a: Samurott|0 fnt
|faint|p2a: Samurott
|-damage|p1a: Kingdra|37/100|[from] item: Life Orb
|
|-weather|RainDance|[upkeep]
|upkeep
|
|t:|1760379573
|switch|p2a: Fezandipiti|Fezandipiti, M|100/100
|turn|9
|inactive|jwhi has 120 seconds left.
|
|t:|1760379588
|move|p1a: Kingdra|Draco Meteor|p2a: Fezandipiti
|-immune|p2a: Fezandipiti
|move|p2a: Fezandipiti|Calm Mind|p2a: Fezandipiti
|-boost|p2a: Fezandipiti|spa|1
|-boost|p2a: Fezandipiti|spd|1
|
|-weather|RainDance|[upkeep]
|upkeep
|turn|10
|
|t:|1760379596
|move|p1a: Kingdra|Weather Ball|p2a: Fezandipiti
|-damage|p2a: Fezandipiti|65/100
|-damage|p1a: Kingdra|27/100|[from] item: Life Orb
|move|p2a: Fezandipiti|Moonblast|p1a: Kingdra
|-supereffective|p1a: Kingdra
|-damage|p1a: Kingdra|0 fnt
|faint|p1a: Kingdra
|
|-weather|none
|upkeep
|
|t:|1760379601
|switch|p1a: Arcanine|Arcanine-Hisui, F|100/100
|-damage|p1a: Arcanine|76/100|[from] Stealth Rock
|turn|11
|
|t:|1760379621
|switch|p2a: Hydrapple|Hydrapple, M|100/100
|move|p1a: Arcanine|Head Smash|p2a: Hydrapple
|-damage|p2a: Hydrapple|48/100
|
|upkeep
|turn|12
|
|t:|1760379631
|-terastallize|p2a: Hydrapple|Ground
|move|p1a: Arcanine|Head Smash|p2a: Hydrapple
|-resisted|p2a: Hydrapple
|-damage|p2a: Hydrapple|22/100
|move|p2a: Hydrapple|Giga Drain|p1a: Arcanine
|-damage|p1a: Arcanine|25/100
|-heal|p2a: Hydrapple|42/100|[from] drain|[of] p1a: Arcanine
|
|upkeep
|turn|13
|
|t:|1760379641
|move|p1a: Arcanine|Flare Blitz|p2a: Hydrapple
|-damage|p2a: Hydrapple|0 fnt
|faint|p2a: Hydrapple
|
|upkeep
|
|t:|1760379647
|switch|p2a: Skeledirge|Skeledirge, M, shiny|100/100
|turn|14
|inactive|jwhi has 120 seconds left.
|
|t:|1760379679
|move|p1a: Arcanine|Head Smash|p2a: Skeledirge
|-supereffective|p2a: Skeledirge
|-damage|p2a: Skeledirge|0 fnt
|faint|p2a: Skeledirge
|
|upkeep
|
|t:|1760379697
|switch|p2a: Fezandipiti|Fezandipiti, M|65/100
|turn|15
|
|t:|1760379702
|move|p1a: Arcanine|Flare Blitz|p2a: Fezandipiti
|-damage|p2a: Fezandipiti|6/100
|move|p2a: Fezandipiti|Moonblast|p1a: Arcanine
|-resisted|p1a: Arcanine
|-damage|p1a: Arcanine|9/100
|
|upkeep
|turn|16
|-message|Strawhatspindo forfeited.
|
|win|jwhi
|raw|jwhi's rating: 1236 &rarr; <strong>1261</strong><br />(+25 for winning)
|raw|Strawhatspindo's rating: 1242 &rarr; <strong>1217</strong><br />(-25 for losing)
|l|‽Strawhatspindo
|player|p2|
|l|☆jwhi
|player|p1|
