|j|☆bebedou
|j|☆djamaO
|t:|1760458402
|gametype|singles
|player|p1|bebedou|harlequin|1596
|player|p2|djamaO|benga|1587
|gen|9
|tier|[Gen 9] OU
|rated|
|rule|HP Percentage Mod: HP is shown in percentages
|rule|Endless Battle Clause: Forcing endless battles is banned
|rule|Species Clause: Limit one of each Pokémon
|rule|OHKO Clause: OHKO moves are banned
|rule|Evasion Items Clause: Evasion items are banned
|rule|Evasion Moves Clause: Evasion moves are banned
|rule|Evasion Abilities Clause: Evasion abilities are banned
|rule|Sleep Moves Clause: Sleep-inducing moves are banned
|clearpoke
|poke|p1|Gholdengo|
|poke|p1|Cinderace, M|
|poke|p1|Empoleon, M|
|poke|p1|Ribombee, M|
|poke|p1|Serperior, M|
|poke|p1|Kingambit, M|
|poke|p2|Garchomp, F|
|poke|p2|Alomomola, M|
|poke|p2|Slowking-Galar, M|
|poke|p2|Ditto|
|poke|p2|Great Tusk|
|poke|p2|Dragapult, M|
|teampreview
|inactive|Battle timer is ON: inactive players will automatically lose when time's up. (requested by bebedou)
|
|t:|1760458420
|teamsize|p1|6
|teamsize|p2|6
|start
|switch|p1a: Don't spin please|Ribombee, M|100/100
|switch|p2a: Slowking|Slowking-Galar, M|100/100
|turn|1
|
|t:|1760458429
|move|p1a: Don't spin please|Sticky Web|p2a: Slowking
|-sidestart|p2: djamaO|move: Sticky Web
|move|p2a: Slowking|Sludge Bomb|p1a: Don't spin please
|-supereffective|p1a: Don't spin please
|-enditem|p1a: Don't spin please|Focus Sash
|-damage|p1a: Don't spin please|1/100
|
|upkeep
|turn|2
|inactive|djamaO has 120 seconds left.
|
|t:|1760458473
|move|p1a: Don't spin please|Stun Spore|p2a: Slowking
|-status|p2a: Slowking|par
|move|p2a: Slowking|Sludge Bomb|p1a: Don't spin please
|-supereffective|p1a: Don't spin please
|-damage|p1a: Don't spin please|0 fnt
|faint|p1a: Don't spin please
|
|upkeep
|inactive|bebedou has 120 seconds left.
|
|t:|1760458512
|switch|p1a: Tom Thibodeau|Empoleon, M|100/100
|turn|3
|inactive|djamaO has 120 seconds left.
|
|t:|1760458519
|move|p1a: Tom Thibodeau|Surf|p2a: Slowking
|-damage|p2a: Slowking|74/100 par
|-prepare|p2a: Slowking|Chilly Reception|[premajor]
|move|p2a: Slowking|Chilly Reception|p2a: Slowking
|-weather|Snowscape
|inactive|djamaO has 120 seconds left.
|
|t:|1760458527
|switch|p2a: Garchomp|Garchomp, F|100/100|[from] Chilly Reception
|-activate|p2a: Garchomp|move: Sticky Web
|-unboost|p2a: Garchomp|spe|1
|
|-weather|Snowscape|[upkeep]
|upkeep
|turn|4
|
|t:|1760458542
|switch|p1a: Gholdengo|Gholdengo|100/100
|-item|p1a: Gholdengo|Air Balloon
|-terastallize|p2a: Garchomp|Ground
|move|p2a: Garchomp|Earthquake|p1a: Gholdengo
|-immune|p1a: Gholdengo
|
|-weather|Snowscape|[upkeep]
|upkeep
|turn|5
|
|t:|1760458558
|switch|p2a: Alomomola|Alomomola, M|100/100
|move|p1a: Gholdengo|Nasty Plot|p1a: Gholdengo
|-boost|p1a: Gholdengo|spa|2
|
|-weather|Snowscape|[upkeep]
|upkeep
|turn|6
|
|t:|1760458566
|move|p1a: Gholdengo|Shadow Ball|p2a: Alomomola
|-damage|p2a: Alomomola|0 fnt
|faint|p2a: Alomomola
|
|-weather|Snowscape|[upkeep]
|upkeep
|
|t:|1760458576
|switch|p2a: Ditto|Ditto|100/100
|-activate|p2a: Ditto|move: Sticky Web
|-unboost|p2a: Ditto|spe|1
|-transform|p2a: Ditto|p1a: Gholdengo|[from] ability: Imposter
|turn|7
|inactive|djamaO has 120 seconds left.
|inactive|djamaO has 90 seconds left.
|
|t:|1760458626
|switch|p1a: Not Defiant|Kingambit, M|100/100
|move|p2a: Ditto|Shadow Ball|p1a: Not Defiant
|-resisted|p1a: Not Defiant
|-damage|p1a: Not Defiant|51/100
|
|-weather|none
|-heal|p1a: Not Defiant|57/100|[from] item: Leftovers
|upkeep
|turn|8
|inactive|djamaO has 90 seconds left.
|
|t:|1760458639
|switch|p2a: Great Tusk|Great Tusk|100/100
|-activate|p2a: Great Tusk|move: Sticky Web
|-unboost|p2a: Great Tusk|spe|1
|move|p1a: Not Defiant|Kowtow Cleave|p2a: Great Tusk
|-resisted|p2a: Great Tusk
|-damage|p2a: Great Tusk|87/100
|
|-heal|p1a: Not Defiant|64/100|[from] item: Leftovers
|-heal|p2a: Great Tusk|93/100|[from] item: Leftovers
|upkeep
|turn|9
|
|t:|1760458649
|switch|p1a: Gholdengo|Gholdengo|100/100
|-item|p1a: Gholdengo|Air Balloon
|move|p2a: Great Tusk|Knock Off|p1a: Gholdengo
|-supereffective|p1a: Gholdengo
|-damage|p1a: Gholdengo|27/100
|-enditem|p1a: Gholdengo|Air Balloon
|
|-heal|p2a: Great Tusk|99/100|[from] item: Leftovers
|upkeep
|turn|10
|
|t:|1760458659
|move|p1a: Gholdengo|Make It Rain|p2a: Great Tusk
|-damage|p2a: Great Tusk|5/100
|-unboost|p1a: Gholdengo|spa|1
|move|p2a: Great Tusk|Knock Off|p1a: Gholdengo
|-supereffective|p1a: Gholdengo
|-damage|p1a: Gholdengo|0 fnt
|faint|p1a: Gholdengo
|
|-heal|p2a: Great Tusk|11/100|[from] item: Leftovers
|upkeep
|
|t:|1760458669
|switch|p1a: Flip Flop|Cinderace, M|100/100
|turn|11
|
|t:|1760458674
|-end|p2a: Great Tusk|Protosynthesis|[silent]
|switch|p2a: Ditto|Ditto|100/100
|-activate|p2a: Ditto|move: Sticky Web
|-unboost|p2a: Ditto|spe|1
|-transform|p2a: Ditto|p1a: Flip Flop|[from] ability: Imposter
|move|p1a: Flip Flop|Pyro Ball|p2a: Ditto
|-resisted|p2a: Ditto
|-damage|p2a: Ditto|67/100
|
|upkeep
|turn|12
|
|t:|1760458696
|move|p2a: Ditto|Court Change|p2a: Ditto
|-start|p2a: Ditto|typechange|Normal|[from] ability: Libero
|-swapsideconditions
|-activate|p2a: Ditto|move: Court Change
|move|p1a: Flip Flop|Court Change|p1a: Flip Flop
|-start|p1a: Flip Flop|typechange|Normal|[from] ability: Libero
|-swapsideconditions
|-activate|p1a: Flip Flop|move: Court Change
|
|upkeep
|turn|13
|
|t:|1760458704
|move|p2a: Ditto|Court Change|p2a: Ditto
|-swapsideconditions
|-activate|p2a: Ditto|move: Court Change
|move|p1a: Flip Flop|Court Change|p1a: Flip Flop
|-swapsideconditions
|-activate|p1a: Flip Flop|move: Court Change
|
|upkeep
|turn|14
|
|t:|1760458709
|move|p2a: Ditto|Court Change|p2a: Ditto
|-swapsideconditions
|-activate|p2a: Ditto|move: Court Change
|move|p1a: Flip Flop|High Jump Kick|p2a: Ditto
|-supereffective|p2a: Ditto
|-damage|p2a: Ditto|0 fnt
|faint|p2a: Ditto
|
|upkeep
|
|t:|1760458716
|switch|p2a: Garchomp|Garchomp, F, tera:Ground|100/100
|turn|15
|
|t:|1760458719
|move|p2a: Garchomp|Earthquake|p1a: Flip Flop
|-damage|p1a: Flip Flop|0 fnt
|faint|p1a: Flip Flop
|
|upkeep
|
|t:|1760458723
|switch|p1a: Sweeper #1|Serperior, M|100/100
|-activate|p1a: Sweeper #1|move: Sticky Web
|-boost|p1a: Sweeper #1|spe|1
|turn|16
|
|t:|1760458728
|switch|p2a: Slowking|Slowking-Galar, M|100/100 par
|move|p1a: Sweeper #1|Leaf Storm|p2a: Slowking|[miss]
|-miss|p1a: Sweeper #1|p2a: Slowking
|
|upkeep
|turn|17
|
|t:|1760458757
|switch|p1a: Tom Thibodeau|Empoleon, M|100/100
|-activate|p1a: Tom Thibodeau|move: Sticky Web
|-unboost|p1a: Tom Thibodeau|spe|1
|-ability|p1a: Tom Thibodeau|Competitive|boost
|-boost|p1a: Tom Thibodeau|spa|2
|move|p2a: Slowking|Sludge Bomb|p1a: Tom Thibodeau
|-immune|p1a: Tom Thibodeau
|
|upkeep
|turn|18
|
|t:|1760458766
|move|p1a: Tom Thibodeau|Surf|p2a: Slowking
|-damage|p2a: Slowking|46/100 par
|-prepare|p2a: Slowking|Chilly Reception|[premajor]
|move|p2a: Slowking|Chilly Reception|p2a: Slowking
|-weather|Snowscape
|
|t:|1760458772
|switch|p2a: Garchomp|Garchomp, F, tera:Ground|100/100|[from] Chilly Reception
|
|-weather|Snowscape|[upkeep]
|upkeep
|turn|19
|
|t:|1760458787
|-terastallize|p1a: Tom Thibodeau|Flying
|move|p2a: Garchomp|Earthquake|p1a: Tom Thibodeau
|-immune|p1a: Tom Thibodeau
|move|p1a: Tom Thibodeau|Ice Beam|p2a: Garchomp
|-supereffective|p2a: Garchomp
|-damage|p2a: Garchomp|0 fnt
|faint|p2a: Garchomp
|
|-weather|Snowscape|[upkeep]
|upkeep
|
|t:|1760458796
|switch|p2a: Dragapult|Dragapult, M|100/100
|turn|20
|
|t:|1760458800
|move|p2a: Dragapult|Draco Meteor|p1a: Tom Thibodeau
|-damage|p1a: Tom Thibodeau|28/100
|-unboost|p2a: Dragapult|spa|2
|move|p1a: Tom Thibodeau|Ice Beam|p2a: Dragapult
|-supereffective|p2a: Dragapult
|-damage|p2a: Dragapult|0 fnt
|faint|p2a: Dragapult
|
|-weather|Snowscape|[upkeep]
|-heal|p1a: Tom Thibodeau|34/100|[from] item: Leftovers
|upkeep
|
|t:|1760458809
|switch|p2a: Slowking|Slowking-Galar, M|79/100 par
|turn|21
|
|t:|1760458813
|move|p1a: Tom Thibodeau|Surf|p2a: Slowking
|-damage|p2a: Slowking|27/100 par
|move|p2a: Slowking|Psyshock|p1a: Tom Thibodeau
|-damage|p1a: Tom Thibodeau|6/100
|
|-weather|Snowscape|[upkeep]
|-heal|p1a: Tom Thibodeau|12/100|[from] item: Leftovers
|upkeep
|turn|22
|-message|djamaO forfeited.
|
|win|bebedou
|raw|bebedou's rating: 1596 &rarr; <strong>1615</strong><br />(+19 for winning)
|raw|djamaO's rating: 1587 &rarr; <strong>1568</strong><br />(-19 for losing)
|l|☆djamaO
|player|p2|
|l|☆bebedou
|player|p1|
