|j|☆Yajityyy
|j|☆The Power of Spam
|t:|1760310276
|gametype|singles
|player|p1|Yajityyy|burglar|1289
|player|p2|The Power of Spam|worker|1250
|gen|9
|tier|[Gen 9] OU
|rated|
|rule|HP Percentage Mod: HP is shown in percentages
|rule|Endless Battle Clause: Forcing endless battles is banned
|rule|Species Clause: Limit one of each Pokémon
|rule|OHKO Clause: OHKO moves are banned
|rule|Evasion Items Clause: Evasion items are banned
|rule|Evasion Moves Clause: Evasion moves are banned
|rule|Evasion Abilities Clause: Evasion abilities are banned
|rule|Sleep Moves Clause: Sleep-inducing moves are banned
|clearpoke
|poke|p1|Arcanine-Hisui, M|
|poke|p1|Darkrai|
|poke|p1|Great Tusk|
|poke|p1|Hatterene, F|
|poke|p1|Ogerpon-Wellspring, F|
|poke|p1|Zapdos|
|poke|p2|Landorus-Therian, M|
|poke|p2|Weavile, F|
|poke|p2|Heatran, M|
|poke|p2|Iron Hands|
|poke|p2|Deoxys-Speed|
|poke|p2|Glimmora, F|
|teampreview
|inactive|Battle timer is ON: inactive players will automatically lose when time's up. (requested by Yajityyy)
|
|t:|1760310297
|teamsize|p1|6
|teamsize|p2|6
|start
|switch|p1a: Larry|Great Tusk|100/100
|switch|p2a: Iron Hands|Iron Hands|100/100
|turn|1
|
|t:|1760310306
|move|p2a: Iron Hands|Fake Out|p1a: Larry
|-damage|p1a: Larry|88/100
|-damage|p2a: Iron Hands|84/100|[from] item: Rocky Helmet|[of] p1a: Larry
|cant|p1a: Larry|flinch
|
|upkeep
|turn|2
|
|t:|1760310313
|-end|p2a: Iron Hands|Quark Drive|[silent]
|switch|p2a: Deoxys|Deoxys-Speed|100/100
|-ability|p2a: Deoxys|Pressure
|move|p1a: Larry|Headlong Rush|p2a: Deoxys
|-damage|p2a: Deoxys|0 fnt
|-unboost|p1a: Larry|def|1
|-unboost|p1a: Larry|spd|1
|faint|p2a: Deoxys
|
|upkeep
|
|t:|1760310323
|switch|p2a: Weavile|Weavile, F|100/100
|-ability|p2a: Weavile|Pressure
|turn|3
|
|t:|1760310349
|-end|p1a: Larry|Protosynthesis|[silent]
|switch|p1a: RK9|Arcanine-Hisui, M|100/100
|move|p2a: Weavile|Swords Dance|p2a: Weavile
|-boost|p2a: Weavile|atk|2
|
|upkeep
|turn|4
|
|t:|1760310361
|move|p2a: Weavile|Knock Off|p1a: RK9
|-damage|p1a: RK9|0 fnt
|-enditem|p1a: RK9|Choice Band|[from] move: Knock Off|[of] p2a: Weavile
|faint|p1a: RK9
|
|upkeep
|inactive|Yajityyy has 120 seconds left.
|
|t:|1760310386
|switch|p1a: Larry|Great Tusk|88/100
|turn|5
|
|t:|1760310390
|-terastallize|p1a: Larry|Steel
|move|p2a: Weavile|Knock Off|p1a: Larry
|-damage|p1a: Larry|22/100
|-damage|p2a: Weavile|84/100|[from] item: Rocky Helmet|[of] p1a: Larry
|-enditem|p1a: Larry|Rocky Helmet|[from] move: Knock Off|[of] p2a: Weavile
|move|p1a: Larry|Headlong Rush|p2a: Weavile
|-damage|p2a: Weavile|0 fnt
|-unboost|p1a: Larry|def|1
|-unboost|p1a: Larry|spd|1
|faint|p2a: Weavile
|
|upkeep
|
|t:|1760310408
|switch|p2a: Landorus|Landorus-Therian, M|100/100
|-ability|p2a: Landorus|Intimidate|boost
|-unboost|p1a: Larry|atk|1
|turn|6
|
|t:|1760310413
|-end|p1a: Larry|Protosynthesis|[silent]
|switch|p1a: 2Zap|Zapdos|100/100
|move|p2a: Landorus|Stone Edge|p1a: 2Zap
|-supereffective|p1a: 2Zap
|-damage|p1a: 2Zap|40/100
|
|upkeep
|turn|7
|
|t:|1760310422
|switch|p1a: Larry|Great Tusk, tera:Steel|22/100
|move|p2a: Landorus|Stone Edge|p1a: Larry
|-resisted|p1a: Larry
|-damage|p1a: Larry|6/100
|
|upkeep
|turn|8
|
|t:|1760310432
|move|p2a: Landorus|Stone Edge|p1a: Larry
|-resisted|p1a: Larry
|-crit|p1a: Larry
|-damage|p1a: Larry|0 fnt
|faint|p1a: Larry
|-end|p1a: Larry|Protosynthesis|[silent]
|
|upkeep
|
|t:|1760310436
|switch|p1a: Shrek|Ogerpon-Wellspring, F|100/100
|turn|9
|
|t:|1760310441
|switch|p2a: Glimmora|Glimmora, F|100/100
|move|p1a: Shrek|Ivy Cudgel|p2a: Glimmora|[anim] Ivy Cudgel Water
|-supereffective|p2a: Glimmora
|-damage|p2a: Glimmora|0 fnt
|-activate|p2a: Glimmora|ability: Toxic Debris
|-sidestart|p1: Yajityyy|move: Toxic Spikes
|faint|p2a: Glimmora
|
|upkeep
|
|t:|1760310454
|switch|p2a: Landorus|Landorus-Therian, M|100/100
|-ability|p2a: Landorus|Intimidate|boost
|-unboost|p1a: Shrek|atk|1
|turn|10
|
|t:|1760310469
|switch|p1a: 2Zap|Zapdos|40/100
|move|p2a: Landorus|U-turn|p1a: 2Zap
|-resisted|p1a: 2Zap
|-damage|p1a: 2Zap|30/100
|
|t:|1760310476
|switch|p2a: Iron Hands|Iron Hands|84/100|[from] U-turn
|
|upkeep
|turn|11
|
|t:|1760310487
|move|p2a: Iron Hands|Fake Out|p1a: 2Zap
|-damage|p1a: 2Zap|18/100
|cant|p1a: 2Zap|flinch
|
|upkeep
|turn|12
|
|t:|1760310493
|move|p1a: 2Zap|Roost|p1a: 2Zap
|-heal|p1a: 2Zap|68/100
|-singleturn|p1a: 2Zap|move: Roost
|move|p2a: Iron Hands|Drain Punch|p1a: 2Zap
|-damage|p1a: 2Zap|37/100
|-heal|p2a: Iron Hands|96/100|[from] drain|[of] p1a: 2Zap
|
|upkeep
|turn|13
|
|t:|1760310502
|-end|p2a: Iron Hands|Quark Drive|[silent]
|switch|p2a: Heatran|Heatran, M|100/100
|move|p1a: 2Zap|Hurricane|p2a: Heatran
|-resisted|p2a: Heatran
|-damage|p2a: Heatran|80/100
|
|-heal|p2a: Heatran|87/100|[from] item: Leftovers
|upkeep
|turn|14
|
|t:|1760310512
|move|p1a: 2Zap|Thunder Wave|p2a: Heatran
|-status|p2a: Heatran|par
|move|p2a: Heatran|Magma Storm|p1a: 2Zap
|-damage|p1a: 2Zap|0 fnt
|faint|p1a: 2Zap
|
|-heal|p2a: Heatran|93/100 par|[from] item: Leftovers
|upkeep
|
|t:|1760310536
|switch|p1a: Shrek|Ogerpon-Wellspring, F|100/100
|-status|p1a: Shrek|psn
|turn|15
|
|t:|1760310540
|move|p1a: Shrek|Ivy Cudgel|p2a: Heatran|[anim] Ivy Cudgel Water
|-supereffective|p2a: Heatran
|-crit|p2a: Heatran
|-damage|p2a: Heatran|0 fnt
|faint|p2a: Heatran
|
|-damage|p1a: Shrek|88/100 psn|[from] psn
|upkeep
|
|t:|1760310548
|switch|p2a: Landorus|Landorus-Therian, M|100/100
|-ability|p2a: Landorus|Intimidate|boost
|-unboost|p1a: Shrek|atk|1
|turn|16
|
|t:|1760310558
|switch|p1a: Hattervoir|Hatterene, F, shiny|100/100
|-status|p1a: Hattervoir|psn
|move|p2a: Landorus|U-turn|p1a: Hattervoir
|-damage|p1a: Hattervoir|68/100 psn
|
|t:|1760310564
|switch|p2a: Iron Hands|Iron Hands|96/100|[from] U-turn
|
|-damage|p1a: Hattervoir|56/100 psn|[from] psn
|upkeep
|turn|17
|
|t:|1760310586
|move|p2a: Iron Hands|Fake Out|p1a: Hattervoir
|-damage|p1a: Hattervoir|38/100 psn
|cant|p1a: Hattervoir|flinch
|
|-damage|p1a: Hattervoir|26/100 psn|[from] psn
|upkeep
|turn|18
|
|t:|1760310594
|move|p2a: Iron Hands|Ice Punch|p1a: Hattervoir
|-damage|p1a: Hattervoir|0 fnt
|faint|p1a: Hattervoir
|
|upkeep
|
|t:|1760310609
|switch|p1a: Nightmare|Darkrai|100/100
|-status|p1a: Nightmare|psn
|turn|19
|
|t:|1760310614
|move|p1a: Nightmare|Trick|p2a: Iron Hands
|-activate|p1a: Nightmare|move: Trick|[of] p2a: Iron Hands
|-item|p2a: Iron Hands|Choice Scarf|[from] move: Trick
|-item|p1a: Nightmare|Assault Vest|[from] move: Trick
|move|p2a: Iron Hands|Drain Punch|p1a: Nightmare
|-supereffective|p1a: Nightmare
|-damage|p1a: Nightmare|0 fnt
|-heal|p2a: Iron Hands|100/100|[from] drain|[of] p1a: Nightmare
|faint|p1a: Nightmare
|
|upkeep
|
|t:|1760310620
|switch|p1a: Shrek|Ogerpon-Wellspring, F|88/100 psn
|turn|20
|
|t:|1760310626
|-terastallize|p2a: Iron Hands|Grass
|move|p1a: Shrek|Ivy Cudgel|p2a: Iron Hands|[anim] Ivy Cudgel Water
|-resisted|p2a: Iron Hands
|-damage|p2a: Iron Hands|82/100
|move|p2a: Iron Hands|Drain Punch|p1a: Shrek
|-damage|p1a: Shrek|25/100 psn
|-heal|p2a: Iron Hands|100/100|[from] drain|[of] p1a: Shrek
|
|-damage|p1a: Shrek|13/100 psn|[from] psn
|upkeep
|turn|21
|-message|Yajityyy forfeited.
|
|win|The Power of Spam
|raw|Yajityyy's rating: 1289 &rarr; <strong>1261</strong><br />(-28 for losing)
|raw|The Power of Spam's rating: 1250 &rarr; <strong>1278</strong><br />(+28 for winning)
|l|☆Yajityyy
|player|p1|
