|j|☆javiconb
|j|☆Archualudon=$
|t:|1760352854
|gametype|singles
|player|p1|javiconb|266|1355
|player|p2|Archualudon=$|drayton|1318
|gen|9
|tier|[Gen 9] OU
|rated|
|rule|HP Percentage Mod: HP is shown in percentages
|rule|Endless Battle Clause: Forcing endless battles is banned
|rule|Species Clause: Limit one of each Pokémon
|rule|OHKO Clause: OHKO moves are banned
|rule|Evasion Items Clause: Evasion items are banned
|rule|Evasion Moves Clause: Evasion moves are banned
|rule|Evasion Abilities Clause: Evasion abilities are banned
|rule|Sleep Moves Clause: Sleep-inducing moves are banned
|clearpoke
|poke|p1|Rabsca, F|
|poke|p1|Slowking-Galar, F|
|poke|p1|Ursaluna, M|
|poke|p1|Azumarill, M|
|poke|p1|Mimikyu, M|
|poke|p1|Kingambit, M|
|poke|p2|Dondozo, M|
|poke|p2|Blissey, F|
|poke|p2|Corviknight, M|
|poke|p2|Weezing-Galar, M|
|poke|p2|Gliscor, M|
|poke|p2|Toxapex, M|
|teampreview
|c|☆javiconb|que cojones es esto tu
|inactive|Battle timer is ON: inactive players will automatically lose when time's up. (requested by javiconb)
|
|t:|1760352922
|teamsize|p1|6
|teamsize|p2|6
|start
|switch|p1a: Azumarill|Azumarill, M|100/100
|switch|p2a: Weezing|Weezing-Galar, M|100/100
|-ability|p2a: Weezing|Neutralizing Gas
|turn|1
|inactive|javiconb has 120 seconds left.
|
|t:|1760352954
|switch|p1a: Slowking|Slowking-Galar, F|100/100
|move|p2a: Weezing|Will-O-Wisp|p1a: Slowking|[miss]
|-miss|p2a: Weezing|p1a: Slowking
|
|upkeep
|turn|2
|
|t:|1760352964
|move|p2a: Weezing|Will-O-Wisp|p1a: Slowking
|-status|p1a: Slowking|brn
|move|p1a: Slowking|Trick Room|p1a: Slowking
|-fieldstart|move: Trick Room|[of] p1a: Slowking
|
|-damage|p1a: Slowking|94/100 brn|[from] brn
|upkeep
|turn|3
|
|t:|1760352976
|-end|p2a: Weezing|ability: Neutralizing Gas
|switch|p2a: Corviknight|Corviknight, M|100/100
|-ability|p2a: Corviknight|Pressure
|move|p1a: Slowking|Sludge Wave|p2a: Corviknight
|-immune|p2a: Corviknight
|
|-damage|p1a: Slowking|88/100 brn|[from] brn
|upkeep
|turn|4
|
|t:|1760352980
|move|p1a: Slowking|Fire Blast|p2a: Corviknight
|-supereffective|p2a: Corviknight
|-damage|p2a: Corviknight|6/100
|-damage|p1a: Slowking|78/100 brn|[from] item: Life Orb
|move|p2a: Corviknight|Iron Defense|p2a: Corviknight
|-boost|p2a: Corviknight|def|2
|
|-heal|p2a: Corviknight|12/100|[from] item: Leftovers
|-damage|p1a: Slowking|72/100 brn|[from] brn
|upkeep
|turn|5
|
|t:|1760352986
|switch|p2a: Blissey|Blissey, F|100/100
|move|p1a: Slowking|Ice Beam|p2a: Blissey
|-damage|p2a: Blissey|87/100
|-damage|p1a: Slowking|62/100 brn|[from] item: Life Orb
|
|-heal|p2a: Blissey|93/100|[from] item: Leftovers
|-damage|p1a: Slowking|56/100 brn|[from] brn
|upkeep
|turn|6
|
|t:|1760352994
|switch|p1a: Rabsca|Rabsca, F|100/100
|move|p2a: Blissey|Stealth Rock|p1a: Rabsca
|-sidestart|p1: javiconb|move: Stealth Rock
|
|-heal|p2a: Blissey|99/100|[from] item: Leftovers
|-fieldend|move: Trick Room
|upkeep
|turn|7
|
|t:|1760353000
|switch|p2a: Corviknight|Corviknight, M|12/100
|-ability|p2a: Corviknight|Pressure
|move|p1a: Rabsca|Trick Room|p1a: Rabsca
|-fieldstart|move: Trick Room|[of] p1a: Rabsca
|
|-heal|p2a: Corviknight|19/100|[from] item: Leftovers
|upkeep
|turn|8
|
|t:|1760353007
|switch|p1a: Ursaluna|Ursaluna, M|100/100
|-damage|p1a: Ursaluna|94/100|[from] Stealth Rock
|move|p2a: Corviknight|Roost|p2a: Corviknight
|-heal|p2a: Corviknight|69/100
|-singleturn|p2a: Corviknight|move: Roost
|
|-heal|p2a: Corviknight|75/100|[from] item: Leftovers
|-status|p1a: Ursaluna|brn|[from] item: Flame Orb
|upkeep
|turn|9
|
|t:|1760353011
|-terastallize|p1a: Ursaluna|Normal
|move|p1a: Ursaluna|Facade|p2a: Corviknight
|-resisted|p2a: Corviknight
|-damage|p2a: Corviknight|24/100
|move|p2a: Corviknight|Iron Defense|p2a: Corviknight
|-boost|p2a: Corviknight|def|2
|
|-heal|p2a: Corviknight|31/100|[from] item: Leftovers
|-damage|p1a: Ursaluna|88/100 brn|[from] brn
|upkeep
|turn|10
|
|t:|1760353021
|move|p1a: Ursaluna|Facade|p2a: Corviknight
|-resisted|p2a: Corviknight
|-damage|p2a: Corviknight|5/100
|move|p2a: Corviknight|Roost|p2a: Corviknight
|-heal|p2a: Corviknight|55/100
|-singleturn|p2a: Corviknight|move: Roost
|
|-heal|p2a: Corviknight|61/100|[from] item: Leftovers
|-damage|p1a: Ursaluna|82/100 brn|[from] brn
|upkeep
|turn|11
|
|t:|1760353025
|move|p1a: Ursaluna|Swords Dance|p1a: Ursaluna
|-boost|p1a: Ursaluna|atk|2
|move|p2a: Corviknight|Body Press|p1a: Ursaluna
|-supereffective|p1a: Ursaluna
|-damage|p1a: Ursaluna|9/100 brn
|
|-heal|p2a: Corviknight|67/100|[from] item: Leftovers
|-damage|p1a: Ursaluna|3/100 brn|[from] brn
|-fieldend|move: Trick Room
|upkeep
|turn|12
|-message|javiconb forfeited.
|
|win|Archualudon=$
|raw|javiconb's rating: 1355 &rarr; <strong>1333</strong><br />(-22 for losing)
|raw|Archualudon=$'s rating: 1318 &rarr; <strong>1340</strong><br />(+22 for winning)
|l|☆javiconb
|player|p1|
|l|☆Archualudon=$
|player|p2|
