|j|☆BeeceZ
|j|☆Limelight_01
|t:|1760415321
|gametype|singles
|player|p1|BeeceZ|palmer|1199
|player|p2|Limelight_01|2|1156
|gen|9
|tier|[Gen 9] OU
|rated|
|rule|HP Percentage Mod: HP is shown in percentages
|rule|Endless Battle Clause: Forcing endless battles is banned
|rule|Species Clause: Limit one of each Pokémon
|rule|OHKO Clause: OHKO moves are banned
|rule|Evasion Items Clause: Evasion items are banned
|rule|Evasion Moves Clause: Evasion moves are banned
|rule|Evasion Abilities Clause: Evasion abilities are banned
|rule|Sleep Moves Clause: Sleep-inducing moves are banned
|clearpoke
|poke|p1|Cinderace, M|
|poke|p1|Luxray, F|
|poke|p1|Abomasnow, F|
|poke|p1|Lokix, M|
|poke|p1|Milotic, F|
|poke|p1|Gengar, M|
|poke|p2|Darkrai|
|poke|p2|Slowking-Galar, M|
|poke|p2|Iron Valiant|
|poke|p2|Cinderace, M|
|poke|p2|Gliscor, M|
|poke|p2|Lokix, M|
|teampreview
|inactive|Battle timer is ON: inactive players will automatically lose when time's up. (requested by Limelight_01)
|
|t:|1760415348
|teamsize|p1|6
|teamsize|p2|6
|start
|switch|p1a: Gengar|Gengar, M|100/100
|switch|p2a: Lokix|Lokix, M|100/100
|turn|1
|
|t:|1760415366
|switch|p1a: Luxray|Luxray, F|100/100
|-ability|p1a: Luxray|Intimidate|boost
|-unboost|p2a: Lokix|atk|1
|move|p2a: Lokix|First Impression|p1a: Luxray
|-damage|p1a: Luxray|70/100
|
|upkeep
|turn|2
|
|t:|1760415394
|switch|p2a: Gliscor|Gliscor, M, shiny|100/100
|move|p1a: Luxray|Play Rough|p2a: Gliscor
|-damage|p2a: Gliscor|80/100
|
|-status|p2a: Gliscor|tox|[from] item: Toxic Orb
|upkeep
|turn|3
|
|t:|1760415403
|move|p2a: Gliscor|Stealth Rock|p1a: Luxray
|-sidestart|p1: BeeceZ|move: Stealth Rock
|move|p1a: Luxray|Ice Fang|p2a: Gliscor
|-supereffective|p2a: Gliscor
|-damage|p2a: Gliscor|17/100 tox
|
|-heal|p2a: Gliscor|30/100 tox|[from] ability: Poison Heal
|upkeep
|turn|4
|
|t:|1760415413
|move|p2a: Gliscor|Protect|p2a: Gliscor
|-singleturn|p2a: Gliscor|Protect
|move|p1a: Luxray|Ice Fang|p2a: Gliscor
|-activate|p2a: Gliscor|move: Protect
|
|-heal|p2a: Gliscor|42/100 tox|[from] ability: Poison Heal
|upkeep
|turn|5
|inactive|Limelight_01 has 120 seconds left.
|
|t:|1760415448
|switch|p2a: Slowking|Slowking-Galar, M, shiny|100/100
|-terastallize|p1a: Luxray|Flying
|move|p1a: Luxray|Ice Fang|p2a: Slowking
|-damage|p2a: Slowking|75/100
|-damage|p1a: Luxray|54/100|[from] item: Rocky Helmet|[of] p2a: Slowking
|
|upkeep
|turn|6
|inactive|Limelight_01 has 120 seconds left.
|
|t:|1760415459
|move|p1a: Luxray|Supercell Slam|p2a: Slowking
|-damage|p2a: Slowking|23/100
|-damage|p1a: Luxray|37/100|[from] item: Rocky Helmet|[of] p2a: Slowking
|move|p2a: Slowking|Toxic|p1a: Luxray
|-status|p1a: Luxray|tox
|
|-damage|p1a: Luxray|31/100 tox|[from] psn
|upkeep
|turn|7
|
|t:|1760415468
|switch|p2a: Gliscor|Gliscor, M, shiny|42/100 tox
|move|p1a: Luxray|Ice Fang|p2a: Gliscor
|-supereffective|p2a: Gliscor
|-damage|p2a: Gliscor|0 fnt
|faint|p2a: Gliscor
|
|-damage|p1a: Luxray|19/100 tox|[from] psn
|upkeep
|inactive|Limelight_01 has 120 seconds left.
|
|t:|1760415483
|switch|p2a: Cinderace|Cinderace, M|100/100
|turn|8
|
|t:|1760415487
|move|p2a: Cinderace|Sucker Punch|p1a: Luxray
|-start|p2a: Cinderace|typechange|Dark|[from] ability: Libero
|-crit|p1a: Luxray
|-damage|p1a: Luxray|0 fnt
|faint|p1a: Luxray
|
|upkeep
|
|t:|1760415497
|switch|p1a: Lokix|Lokix, M|100/100
|-damage|p1a: Lokix|75/100|[from] Stealth Rock
|turn|9
|inactive|Limelight_01 has 120 seconds left.
|
|t:|1760415546
|switch|p2a: Slowking|Slowking-Galar, M, shiny|57/100
|move|p1a: Lokix|First Impression|p2a: Slowking
|-damage|p2a: Slowking|0 fnt
|-damage|p1a: Lokix|59/100|[from] item: Rocky Helmet|[of] p2a: Slowking
|faint|p2a: Slowking
|-damage|p1a: Lokix|49/100|[from] item: Life Orb
|
|upkeep
|
|t:|1760415554
|switch|p2a: Lokix|Lokix, M|100/100
|turn|10
|
|t:|1760415567
|switch|p1a: Cinderace|Cinderace, M|100/100
|move|p2a: Lokix|First Impression|p1a: Cinderace
|-resisted|p1a: Cinderace
|-damage|p1a: Cinderace|41/100
|
|upkeep
|turn|11
|
|t:|1760415586
|move|p2a: Lokix|Sucker Punch||[still]
|-fail|p2a: Lokix
|move|p1a: Cinderace|Court Change|p1a: Cinderace
|-start|p1a: Cinderace|typechange|Normal|[from] ability: Libero
|-swapsideconditions
|-activate|p1a: Cinderace|move: Court Change
|
|upkeep
|turn|12
|
|t:|1760415601
|switch|p2a: Cinderace|Cinderace, M|100/100
|move|p1a: Cinderace|Sucker Punch||[still]
|-fail|p1a: Cinderace
|
|upkeep
|turn|13
|
|t:|1760415613
|switch|p1a: Lokix|Lokix, M|49/100
|move|p2a: Cinderace|Court Change|p2a: Cinderace
|-start|p2a: Cinderace|typechange|Normal|[from] ability: Libero
|-swapsideconditions
|-activate|p2a: Cinderace|move: Court Change
|
|upkeep
|turn|14
|
|t:|1760415621
|move|p1a: Lokix|First Impression|p2a: Cinderace
|-damage|p2a: Cinderace|20/100
|-damage|p1a: Lokix|39/100|[from] item: Life Orb
|move|p2a: Cinderace|Sucker Punch||[still]
|-fail|p2a: Cinderace
|
|upkeep
|turn|15
|
|t:|1760415639
|move|p1a: Lokix|Sucker Punch|p2a: Cinderace
|-damage|p2a: Cinderace|0 fnt
|faint|p2a: Cinderace
|-damage|p1a: Lokix|29/100|[from] item: Life Orb
|
|upkeep
|
|t:|1760415647
|switch|p2a: Darkrai|Darkrai, shiny|100/100
|turn|16
|c|☆Limelight_01|Oh no
|
|t:|1760415654
|switch|p1a: Gengar|Gengar, M|100/100
|-damage|p1a: Gengar|88/100|[from] Stealth Rock
|move|p2a: Darkrai|Sucker Punch||[still]
|-fail|p2a: Darkrai
|
|upkeep
|turn|17
|inactive|Limelight_01 has 120 seconds left.
|
|t:|1760415674
|-terastallize|p2a: Darkrai|Poison
|move|p1a: Gengar|Destiny Bond|p1a: Gengar
|-singlemove|p1a: Gengar|Destiny Bond
|move|p2a: Darkrai|Ice Beam|p1a: Gengar
|-damage|p1a: Gengar|16/100
|-damage|p2a: Darkrai|91/100|[from] item: Life Orb
|
|upkeep
|turn|18
|inactive|Limelight_01 has 90 seconds left.
|
|t:|1760415719
|switch|p1a: Cinderace|Cinderace, M|41/100
|move|p2a: Darkrai|Sucker Punch||[still]
|-fail|p2a: Darkrai
|
|upkeep
|turn|19
|
|t:|1760415737
|move|p2a: Darkrai|Sucker Punch||[still]
|-fail|p2a: Darkrai
|move|p1a: Cinderace|Court Change|p1a: Cinderace
|-start|p1a: Cinderace|typechange|Normal|[from] ability: Libero
|-swapsideconditions
|-activate|p1a: Cinderace|move: Court Change
|
|upkeep
|turn|20
|
|t:|1760415758
|move|p2a: Darkrai|Sucker Punch|p1a: Cinderace
|-damage|p1a: Cinderace|2/100
|-damage|p2a: Darkrai|81/100|[from] item: Life Orb
|move|p1a: Cinderace|Pyro Ball|p2a: Darkrai
|-damage|p2a: Darkrai|32/100
|
|upkeep
|turn|21
|
|t:|1760415766
|move|p2a: Darkrai|Sucker Punch|p1a: Cinderace
|-damage|p1a: Cinderace|0 fnt
|faint|p1a: Cinderace
|-damage|p2a: Darkrai|22/100|[from] item: Life Orb
|
|upkeep
|
|t:|1760415773
|switch|p1a: Lokix|Lokix, M|29/100
|turn|22
|
|t:|1760415794
|move|p1a: Lokix|First Impression|p2a: Darkrai
|-resisted|p2a: Darkrai
|-damage|p2a: Darkrai|0 fnt
|faint|p2a: Darkrai
|-damage|p1a: Lokix|20/100|[from] item: Life Orb
|
|upkeep
|
|t:|1760415800
|switch|p2a: Lokix|Lokix, M|100/100
|turn|23
|
|t:|1760415826
|move|p2a: Lokix|First Impression|p1a: Lokix
|-supereffective|p1a: Lokix
|-damage|p1a: Lokix|0 fnt
|faint|p1a: Lokix
|
|upkeep
|
|t:|1760415836
|switch|p1a: Milotic|Milotic, F|100/100
|turn|24
|
|t:|1760415863
|move|p2a: Lokix|Sucker Punch|p1a: Milotic
|-damage|p1a: Milotic|65/100
|move|p1a: Milotic|Alluring Voice|p2a: Lokix
|-supereffective|p2a: Lokix
|-damage|p2a: Lokix|26/100
|
|upkeep
|turn|25
|inactive|Limelight_01 has 60 seconds left.
|
|t:|1760415880
|switch|p2a: Iron Valiant|Iron Valiant|100/100
|-damage|p2a: Iron Valiant|94/100|[from] Stealth Rock
|move|p1a: Milotic|Recover|p1a: Milotic
|-heal|p1a: Milotic|100/100
|
|upkeep
|turn|26
|
|t:|1760415888
|move|p2a: Iron Valiant|Thunderbolt|p1a: Milotic
|-supereffective|p1a: Milotic
|-damage|p1a: Milotic|13/100
|move|p1a: Milotic|Alluring Voice|p2a: Iron Valiant
|-supereffective|p2a: Iron Valiant
|-damage|p2a: Iron Valiant|10/100
|
|upkeep
|turn|27
|
|t:|1760415901
|move|p2a: Iron Valiant|Thunderbolt|p1a: Milotic
|-supereffective|p1a: Milotic
|-damage|p1a: Milotic|0 fnt
|faint|p1a: Milotic
|
|upkeep
|
|t:|1760415906
|switch|p1a: Gengar|Gengar, M|16/100
|turn|28
|
|t:|1760415921
|move|p1a: Gengar|Dazzling Gleam|p2a: Iron Valiant
|-supereffective|p2a: Iron Valiant
|-damage|p2a: Iron Valiant|0 fnt
|faint|p2a: Iron Valiant
|-end|p2a: Iron Valiant|Quark Drive|[silent]
|
|upkeep
|
|t:|1760415924
|switch|p2a: Lokix|Lokix, M|26/100
|turn|29
|
|t:|1760415932
|move|p2a: Lokix|First Impression|p1a: Gengar
|-resisted|p1a: Gengar
|-damage|p1a: Gengar|0 fnt
|faint|p1a: Gengar
|
|upkeep
|
|t:|1760415937
|switch|p1a: Abomasnow|Abomasnow, F|100/100
|-weather|Snowscape|[from] ability: Snow Warning|[of] p1a: Abomasnow
|turn|30
|
|t:|1760415945
|move|p2a: Lokix|Sucker Punch|p1a: Abomasnow
|-damage|p1a: Abomasnow|72/100
|move|p1a: Abomasnow|Blizzard|p2a: Lokix
|-damage|p2a: Lokix|0 fnt
|faint|p2a: Lokix
|
|win|BeeceZ
|raw|BeeceZ's rating: 1199 &rarr; <strong>1221</strong><br />(+22 for winning)
|raw|Limelight_01's rating: 1156 &rarr; <strong>1134</strong><br />(-22 for losing)
|c|☆BeeceZ|gg
|l|☆Limelight_01
|player|p2|
|l|☆BeeceZ
|player|p1|
