|j|☆RWBuster!
|j|☆8daniel8
|t:|1760359312
|gametype|singles
|player|p1|RWBuster!|clair|1340
|player|p2|8daniel8|koga|1354
|gen|9
|tier|[Gen 9] OU
|rated|
|rule|HP Percentage Mod: HP is shown in percentages
|rule|Endless Battle Clause: Forcing endless battles is banned
|rule|Species Clause: Limit one of each Pokémon
|rule|OHKO Clause: OHKO moves are banned
|rule|Evasion Items Clause: Evasion items are banned
|rule|Evasion Moves Clause: Evasion moves are banned
|rule|Evasion Abilities Clause: Evasion abilities are banned
|rule|Sleep Moves Clause: Sleep-inducing moves are banned
|clearpoke
|poke|p1|Keldeo-Resolute|
|poke|p1|Tyranitar, M|
|poke|p1|Dragapult, M|
|poke|p1|Cinderace, M|
|poke|p1|Sceptile, F|
|poke|p1|Scizor, M|
|poke|p2|Rhyperior, F|
|poke|p2|Corviknight, M|
|poke|p2|Primarina, F|
|poke|p2|Dragapult, F|
|poke|p2|Okidogi, M|
|poke|p2|Reuniclus, F|
|teampreview
|inactive|Battle timer is ON: inactive players will automatically lose when time's up. (requested by RWBuster!)
|
|t:|1760359328
|teamsize|p1|6
|teamsize|p2|6
|start
|switch|p1a: Sinclair|Sceptile, F|100/100
|switch|p2a: Dragapult|Dragapult, F|100/100
|turn|1
|
|t:|1760359346
|switch|p1a: Yi Sang|Scizor, M|100/100
|move|p2a: Dragapult|Dragon Darts|p1a: Yi Sang
|-resisted|p1a: Yi Sang
|-damage|p1a: Yi Sang|86/100
|-anim|p2a: Dragapult|Dragon Darts|p1a: Yi Sang
|-resisted|p1a: Yi Sang
|-damage|p1a: Yi Sang|70/100
|
|-heal|p1a: Yi Sang|76/100|[from] item: Leftovers
|upkeep
|turn|2
|
|t:|1760359359
|switch|p2a: Corviknight|Corviknight, M|100/100
|-ability|p2a: Corviknight|Pressure
|move|p1a: Yi Sang|Protect||[still]
|-fail|p1a: Yi Sang
|
|-heal|p1a: Yi Sang|82/100|[from] item: Leftovers
|upkeep
|turn|3
|
|t:|1760359373
|switch|p1a: Heathcliff|Cinderace, M|100/100
|move|p2a: Corviknight|U-turn|p1a: Heathcliff
|-resisted|p1a: Heathcliff
|-damage|p1a: Heathcliff|91/100
|
|t:|1760359380
|switch|p2a: Dragapult|Dragapult, F|100/100|[from] U-turn
|
|upkeep
|turn|4
|
|t:|1760359386
|move|p1a: Heathcliff|Sucker Punch|p2a: Dragapult
|-start|p1a: Heathcliff|typechange|Dark|[from] ability: Libero
|-supereffective|p2a: Dragapult
|-damage|p2a: Dragapult|8/100
|move|p2a: Dragapult|U-turn|p1a: Heathcliff
|-supereffective|p1a: Heathcliff
|-damage|p1a: Heathcliff|0 fnt
|faint|p1a: Heathcliff
|
|t:|1760359399
|switch|p2a: Rhyperior|Rhyperior, F|100/100|[from] U-turn
|
|upkeep
|
|t:|1760359404
|switch|p1a: Sinclair|Sceptile, F|100/100
|turn|5
|
|t:|1760359412
|-terastallize|p2a: Rhyperior|Flying
|move|p1a: Sinclair|Giga Drain|p2a: Rhyperior
|-resisted|p2a: Rhyperior
|-damage|p2a: Rhyperior|76/100
|move|p2a: Rhyperior|Heat Crash|p1a: Sinclair
|-supereffective|p1a: Sinclair
|-damage|p1a: Sinclair|0 fnt
|faint|p1a: Sinclair
|-damage|p2a: Rhyperior|66/100|[from] item: Life Orb
|
|upkeep
|
|t:|1760359427
|switch|p1a: Ishmael|Keldeo-Resolute|100/100
|turn|6
|
|t:|1760359434
|switch|p2a: Primarina|Primarina, F|100/100
|move|p1a: Ishmael|Hydro Pump|p2a: Primarina
|-resisted|p2a: Primarina
|-damage|p2a: Primarina|64/100
|
|-heal|p2a: Primarina|70/100|[from] item: Leftovers
|upkeep
|turn|7
|
|t:|1760359444
|switch|p1a: Yi Sang|Scizor, M|82/100
|move|p2a: Primarina|Calm Mind|p2a: Primarina
|-boost|p2a: Primarina|spa|1
|-boost|p2a: Primarina|spd|1
|
|-heal|p1a: Yi Sang|88/100|[from] item: Leftovers
|-heal|p2a: Primarina|76/100|[from] item: Leftovers
|upkeep
|turn|8
|
|t:|1760359453
|-terastallize|p1a: Yi Sang|Water
|move|p1a: Yi Sang|Swords Dance|p1a: Yi Sang
|-boost|p1a: Yi Sang|atk|2
|move|p2a: Primarina|Hyper Voice|p1a: Yi Sang
|-resisted|p1a: Yi Sang
|-damage|p1a: Yi Sang|43/100
|
|-heal|p1a: Yi Sang|49/100|[from] item: Leftovers
|-heal|p2a: Primarina|82/100|[from] item: Leftovers
|upkeep
|turn|9
|
|t:|1760359466
|move|p1a: Yi Sang|Bullet Punch|p2a: Primarina
|-damage|p2a: Primarina|20/100
|move|p2a: Primarina|Draining Kiss|p1a: Yi Sang
|-damage|p1a: Yi Sang|0 fnt
|-heal|p2a: Primarina|55/100|[from] drain|[of] p1a: Yi Sang
|faint|p1a: Yi Sang
|
|-heal|p2a: Primarina|61/100|[from] item: Leftovers
|upkeep
|
|t:|1760359476
|switch|p1a: Ishmael|Keldeo-Resolute|100/100
|turn|10
|
|t:|1760359480
|move|p1a: Ishmael|Secret Sword|p2a: Primarina
|-resisted|p2a: Primarina
|-damage|p2a: Primarina|20/100
|move|p2a: Primarina|Draining Kiss|p1a: Ishmael
|-supereffective|p1a: Ishmael
|-damage|p1a: Ishmael|0 fnt
|-heal|p2a: Primarina|86/100|[from] drain|[of] p1a: Ishmael
|faint|p1a: Ishmael
|
|-heal|p2a: Primarina|93/100|[from] item: Leftovers
|upkeep
|-message|RWBuster! forfeited.
|
|win|8daniel8
|raw|RWBuster!'s rating: 1340 &rarr; <strong>1321</strong><br />(-19 for losing)
|raw|8daniel8's rating: 1354 &rarr; <strong>1373</strong><br />(+19 for winning)
|l|☆RWBuster!
|player|p1|
|l|☆8daniel8
|player|p2|
