|j|☆im coral ❤
|j|☆EriCadalzo
|t:|1760328388
|gametype|singles
|player|p1|im coral ❤|lady|1430
|player|p2|EriCadalzo|cynthia-gen7|1466
|gen|9
|tier|[Gen 9] OU
|rated|
|rule|HP Percentage Mod: HP is shown in percentages
|rule|Endless Battle Clause: Forcing endless battles is banned
|rule|Species Clause: Limit one of each Pokémon
|rule|OHKO Clause: OHKO moves are banned
|rule|Evasion Items Clause: Evasion items are banned
|rule|Evasion Moves Clause: Evasion moves are banned
|rule|Evasion Abilities Clause: Evasion abilities are banned
|rule|Sleep Moves Clause: Sleep-inducing moves are banned
|clearpoke
|poke|p1|Ninetales, M|
|poke|p1|Corviknight, F|
|poke|p1|Walking Wake|
|poke|p1|Raging Bolt|
|poke|p1|Iron Moth|
|poke|p1|Great Tusk|
|poke|p2|Gholdengo|
|poke|p2|Darkrai|
|poke|p2|Ting-Lu|
|poke|p2|Zapdos|
|poke|p2|Primarina, F|
|poke|p2|Gliscor, M|
|teampreview
|
|t:|1760328416
|teamsize|p1|6
|teamsize|p2|6
|start
|switch|p1a: Delphоx|Ninetales, M|100/100
|switch|p2a: Ting-Lu|Ting-Lu|100/100
|-weather|SunnyDay|[from] ability: Drought|[of] p1a: Delphоx
|-ability|p2a: Ting-Lu|Vessel of Ruin
|turn|1
|
|t:|1760328427
|move|p1a: Delphоx|Will-O-Wisp|p2a: Ting-Lu|[miss]
|-miss|p1a: Delphоx|p2a: Ting-Lu
|move|p2a: Ting-Lu|Stealth Rock|p1a: Delphоx
|-sidestart|p1: im coral ❤|move: Stealth Rock
|
|-weather|SunnyDay|[upkeep]
|upkeep
|turn|2
|
|t:|1760328437
|move|p1a: Delphоx|Will-O-Wisp|p2a: Ting-Lu
|-status|p2a: Ting-Lu|brn
|move|p2a: Ting-Lu|Earthquake|p1a: Delphоx
|-supereffective|p1a: Delphоx
|-damage|p1a: Delphоx|47/100
|
|-weather|SunnyDay|[upkeep]
|-damage|p2a: Ting-Lu|94/100 brn|[from] brn
|upkeep
|turn|3
|
|t:|1760328441
|switch|p1a: Skаrmory|Corviknight, F, shiny|100/100
|-damage|p1a: Skаrmory|88/100|[from] Stealth Rock
|-ability|p1a: Skаrmory|Pressure
|move|p2a: Ting-Lu|Spikes|p1a: Skаrmory
|-sidestart|p1: im coral ❤|Spikes
|
|-weather|SunnyDay|[upkeep]
|-damage|p2a: Ting-Lu|88/100 brn|[from] brn
|upkeep
|turn|4
|
|t:|1760328443
|switch|p2a: Gholdengo|Gholdengo|100/100
|move|p1a: Skаrmory|Defog|p2a: Gholdengo
|-immune|p2a: Gholdengo|[from] ability: Good as Gold
|
|-weather|SunnyDay|[upkeep]
|upkeep
|turn|5
|
|t:|1760328447
|move|p2a: Gholdengo|Shadow Ball|p1a: Skаrmory
|-damage|p1a: Skаrmory|52/100
|-enditem|p1a: Skаrmory|Eject Button
|
|t:|1760328466
|switch|p1a: Vоlcarona|Iron Moth|100/100
|-damage|p1a: Vоlcarona|76/100|[from] Stealth Rock
|-damage|p1a: Vоlcarona|63/100|[from] Spikes
|-enditem|p1a: Vоlcarona|Booster Energy
|-activate|p1a: Vоlcarona|ability: Quark Drive|[fromitem]
|-start|p1a: Vоlcarona|quarkdrivespe
|
|-weather|SunnyDay|[upkeep]
|upkeep
|turn|6
|
|t:|1760328474
|switch|p2a: Ting-Lu|Ting-Lu|88/100 brn
|-ability|p2a: Ting-Lu|Vessel of Ruin
|-terastallize|p1a: Vоlcarona|Fire
|move|p1a: Vоlcarona|Fiery Dance|p2a: Ting-Lu
|-damage|p2a: Ting-Lu|52/100 brn
|-boost|p1a: Vоlcarona|spa|1
|
|-weather|SunnyDay|[upkeep]
|-damage|p2a: Ting-Lu|46/100 brn|[from] brn
|upkeep
|turn|7
|
|t:|1760328548
|move|p1a: Vоlcarona|Fiery Dance|p2a: Ting-Lu
|-damage|p2a: Ting-Lu|0 fnt
|faint|p2a: Ting-Lu
|
|-weather|SunnyDay|[upkeep]
|upkeep
|
|t:|1760328570
|switch|p2a: Gliscor|Gliscor, M|100/100
|turn|8
|
|t:|1760328580
|move|p2a: Gliscor|Protect|p2a: Gliscor
|-singleturn|p2a: Gliscor|Protect
|move|p1a: Vоlcarona|Fiery Dance|p2a: Gliscor
|-activate|p2a: Gliscor|move: Protect
|
|-weather|none
|-status|p2a: Gliscor|tox|[from] item: Toxic Orb
|upkeep
|turn|9
|
|t:|1760328585
|move|p1a: Vоlcarona|Overheat|p2a: Gliscor
|-damage|p2a: Gliscor|0 fnt
|-unboost|p1a: Vоlcarona|spa|2
|faint|p2a: Gliscor
|
|upkeep
|
|t:|1760328589
|switch|p2a: Primarina|Primarina, F|100/100
|turn|10
|
|t:|1760328599
|-end|p1a: Vоlcarona|Quark Drive|[silent]
|switch|p1a: Delphоx|Ninetales, M|47/100
|-damage|p1a: Delphоx|22/100|[from] Stealth Rock
|-damage|p1a: Delphоx|9/100|[from] Spikes
|-weather|SunnyDay|[from] ability: Drought|[of] p1a: Delphоx
|move|p2a: Primarina|Surf|p1a: Delphоx
|-supereffective|p1a: Delphоx
|-damage|p1a: Delphоx|0 fnt
|faint|p1a: Delphоx
|
|-weather|SunnyDay|[upkeep]
|upkeep
|
|t:|1760328606
|switch|p1a: Cоpperajah|Great Tusk|100/100
|-damage|p1a: Cоpperajah|98/100|[from] Stealth Rock
|-damage|p1a: Cоpperajah|85/100|[from] Spikes
|-activate|p1a: Cоpperajah|ability: Protosynthesis
|-start|p1a: Cоpperajah|protosynthesisspe
|turn|11
|
|t:|1760328616
|switch|p2a: Zapdos|Zapdos|100/100
|move|p1a: Cоpperajah|Rapid Spin|p2a: Zapdos
|-crit|p2a: Zapdos
|-damage|p2a: Zapdos|84/100
|-boost|p1a: Cоpperajah|spe|1
|-sideend|p1: im coral ❤|Spikes|[from] move: Rapid Spin|[of] p1a: Cоpperajah
|-sideend|p1: im coral ❤|Stealth Rock|[from] move: Rapid Spin|[of] p1a: Cоpperajah
|
|-weather|SunnyDay|[upkeep]
|-heal|p1a: Cоpperajah|91/100|[from] item: Leftovers
|upkeep
|turn|12
|
|t:|1760328623
|-end|p1a: Cоpperajah|Protosynthesis|[silent]
|switch|p1a: Gіrаfarig|Raging Bolt|100/100
|-activate|p1a: Gіrаfarig|ability: Protosynthesis
|-start|p1a: Gіrаfarig|protosynthesisspa
|move|p2a: Zapdos|Hurricane|p1a: Gіrаfarig|[miss]
|-miss|p2a: Zapdos|p1a: Gіrаfarig
|
|-weather|SunnyDay|[upkeep]
|upkeep
|turn|13
|
|t:|1760328627
|move|p1a: Gіrаfarig|Volt Switch|p2a: Zapdos
|-damage|p2a: Zapdos|34/100
|
|t:|1760328636
|-end|p1a: Gіrаfarig|Protosynthesis|[silent]
|switch|p1a: Cоpperajah|Great Tusk|91/100|[from] Volt Switch
|-activate|p1a: Cоpperajah|ability: Protosynthesis
|-start|p1a: Cоpperajah|protosynthesisspe
|move|p2a: Zapdos|Volt Switch|p1a: Cоpperajah
|-immune|p1a: Cоpperajah
|
|-weather|SunnyDay|[upkeep]
|-heal|p1a: Cоpperajah|98/100|[from] item: Leftovers
|upkeep
|turn|14
|
|t:|1760328646
|move|p1a: Cоpperajah|Ice Spinner|p2a: Zapdos
|-supereffective|p2a: Zapdos
|-damage|p2a: Zapdos|2/100
|-status|p1a: Cоpperajah|par|[from] ability: Static|[of] p2a: Zapdos
|move|p2a: Zapdos|Hurricane|p1a: Cоpperajah|[miss]
|-miss|p2a: Zapdos|p1a: Cоpperajah
|
|-weather|SunnyDay|[upkeep]
|-heal|p1a: Cоpperajah|100/100 par|[from] item: Leftovers
|upkeep
|turn|15
|
|t:|1760328654
|move|p2a: Zapdos|Roost|p2a: Zapdos
|-heal|p2a: Zapdos|52/100
|-singleturn|p2a: Zapdos|move: Roost
|move|p1a: Cоpperajah|Rapid Spin|p2a: Zapdos
|-damage|p2a: Zapdos|43/100
|-boost|p1a: Cоpperajah|spe|1
|
|-weather|SunnyDay|[upkeep]
|upkeep
|turn|16
|
|t:|1760328661
|cant|p1a: Cоpperajah|par
|move|p2a: Zapdos|Hurricane|p1a: Cоpperajah|[miss]
|-miss|p2a: Zapdos|p1a: Cоpperajah
|
|-weather|SunnyDay|[upkeep]
|upkeep
|turn|17
|
|t:|1760328665
|move|p1a: Cоpperajah|Ice Spinner|p2a: Zapdos
|-supereffective|p2a: Zapdos
|-damage|p2a: Zapdos|8/100
|move|p2a: Zapdos|Hurricane|p1a: Cоpperajah|[miss]
|-miss|p2a: Zapdos|p1a: Cоpperajah
|
|-weather|none
|-end|p1a: Cоpperajah|Protosynthesis
|upkeep
|turn|18
|
|t:|1760328668
|move|p2a: Zapdos|Hurricane|p1a: Cоpperajah|[miss]
|-miss|p2a: Zapdos|p1a: Cоpperajah
|move|p1a: Cоpperajah|Rapid Spin|p2a: Zapdos
|-damage|p2a: Zapdos|0 fnt
|-boost|p1a: Cоpperajah|spe|1
|faint|p2a: Zapdos
|
|upkeep
|
|t:|1760328675
|switch|p2a: Primarina|Primarina, F|100/100
|turn|19
|
|t:|1760328679
|move|p1a: Cоpperajah|Headlong Rush|p2a: Primarina
|-damage|p2a: Primarina|30/100
|-unboost|p1a: Cоpperajah|def|1
|-unboost|p1a: Cоpperajah|spd|1
|move|p2a: Primarina|Moonblast|p1a: Cоpperajah
|-supereffective|p1a: Cоpperajah
|-damage|p1a: Cоpperajah|0 fnt
|faint|p1a: Cоpperajah
|-end|p1a: Cоpperajah|Protosynthesis|[silent]
|
|upkeep
|
|t:|1760328693
|switch|p1a: Vоlcarona|Iron Moth, tera:Fire|63/100
|turn|20
|
|t:|1760328704
|move|p1a: Vоlcarona|Sludge Wave|p2a: Primarina
|-supereffective|p2a: Primarina
|-damage|p2a: Primarina|0 fnt
|faint|p2a: Primarina
|
|upkeep
|
|t:|1760328706
|switch|p2a: Darkrai|Darkrai|100/100
|turn|21
|
|t:|1760328714
|-end|p1a: Vоlcarona|Quark Drive|[silent]
|switch|p1a: Skаrmory|Corviknight, F, shiny|52/100
|-ability|p1a: Skаrmory|Pressure
|move|p2a: Darkrai|Dark Pulse|p1a: Skаrmory
|-damage|p1a: Skаrmory|19/100
|
|upkeep
|turn|22
|
|t:|1760328716
|move|p2a: Darkrai|Dark Pulse|p1a: Skаrmory
|-damage|p1a: Skаrmory|0 fnt
|faint|p1a: Skаrmory
|
|upkeep
|
|t:|1760328722
|switch|p1a: Gіrаfarig|Raging Bolt|100/100
|turn|23
|
|t:|1760328727
|move|p2a: Darkrai|Ice Beam|p1a: Gіrаfarig
|-supereffective|p1a: Gіrаfarig
|-damage|p1a: Gіrаfarig|56/100
|move|p1a: Gіrаfarig|Dragon Pulse|p2a: Darkrai
|-damage|p2a: Darkrai|31/100
|
|upkeep
|turn|24
|
|t:|1760328732
|switch|p2a: Gholdengo|Gholdengo|100/100
|move|p1a: Gіrаfarig|Thunderclap||[still]
|-fail|p1a: Gіrаfarig
|
|upkeep
|turn|25
|
|t:|1760328740
|-end|p1a: Gіrаfarig|Protosynthesis|[silent]
|switch|p1a: Pаlkia|Walking Wake|100/100
|move|p2a: Gholdengo|Shadow Ball|p1a: Pаlkia
|-damage|p1a: Pаlkia|51/100
|
|upkeep
|turn|26
|
|t:|1760328744
|move|p1a: Pаlkia|Hydro Steam|p2a: Gholdengo
|-damage|p2a: Gholdengo|43/100
|-damage|p1a: Pаlkia|41/100|[from] item: Life Orb
|move|p2a: Gholdengo|Shadow Ball|p1a: Pаlkia
|-damage|p1a: Pаlkia|0 fnt
|faint|p1a: Pаlkia
|-end|p1a: Pаlkia|Protosynthesis|[silent]
|
|upkeep
|
|t:|1760328747
|switch|p1a: Vоlcarona|Iron Moth, tera:Fire|63/100
|turn|27
|
|t:|1760328750
|move|p1a: Vоlcarona|Fiery Dance|p2a: Gholdengo
|-supereffective|p2a: Gholdengo
|-damage|p2a: Gholdengo|0 fnt
|faint|p2a: Gholdengo
|
|upkeep
|
|t:|1760328752
|switch|p2a: Darkrai|Darkrai|31/100
|turn|28
|
|t:|1760328753
|move|p2a: Darkrai|Dark Pulse|p1a: Vоlcarona
|-damage|p1a: Vоlcarona|20/100
|move|p1a: Vоlcarona|Fiery Dance|p2a: Darkrai
|-damage|p2a: Darkrai|0 fnt
|faint|p2a: Darkrai
|
|win|im coral ❤
|raw|im coral ❤'s rating: 1430 &rarr; <strong>1452</strong><br />(+22 for winning)
|raw|EriCadalzo's rating: 1466 &rarr; <strong>1444</strong><br />(-22 for losing)
|l|☆im coral ❤
|player|p1|
|l|☆EriCadalzo
|player|p2|
