|j|☆Home is Wild
|j|‽clodsirebiggestfan
|t:|1760451791
|gametype|singles
|player|p1|Home is Wild|266|1702
|player|p2|clodsirebiggestfan|miku-ghost|1794
|gen|9
|tier|[Gen 9] OU
|rated|
|rule|HP Percentage Mod: HP is shown in percentages
|rule|Endless Battle Clause: Forcing endless battles is banned
|rule|Species Clause: Limit one of each Pokémon
|rule|OHKO Clause: OHKO moves are banned
|rule|Evasion Items Clause: Evasion items are banned
|rule|Evasion Moves Clause: Evasion moves are banned
|rule|Evasion Abilities Clause: Evasion abilities are banned
|rule|Sleep Moves Clause: Sleep-inducing moves are banned
|clearpoke
|poke|p1|Kingambit, F|
|poke|p1|Garchomp, F|
|poke|p1|Kyurem|
|poke|p1|Hatterene, F|
|poke|p1|Zamazenta-*|
|poke|p1|Tornadus-Therian, M|
|poke|p2|Kingambit, F|
|poke|p2|Clodsire, F|
|poke|p2|Zamazenta-*|
|poke|p2|Weezing-Galar, F|
|poke|p2|Ogerpon, F|
|poke|p2|Raging Bolt|
|teampreview
|inactive|Battle timer is ON: inactive players will automatically lose when time's up. (requested by Home is Wild)
|
|t:|1760451797
|teamsize|p1|6
|teamsize|p2|6
|start
|switch|p1a: Garchomp|Garchomp, F|100/100
|switch|p2a: Ogerpon|Ogerpon, F|100/100
|turn|1
|
|t:|1760451802
|-terastallize|p2a: Ogerpon|Grass
|detailschange|p2a: Ogerpon|Ogerpon-Teal-Tera, F, tera:Grass
|-ability|p2a: Ogerpon|Embody Aspect (Teal)|boost
|-boost|p2a: Ogerpon|spe|1
|move|p2a: Ogerpon|Ivy Cudgel|p1a: Garchomp
|-damage|p1a: Garchomp|41/100
|move|p1a: Garchomp|Dragon Tail|p2a: Ogerpon
|-crit|p2a: Ogerpon
|-damage|p2a: Ogerpon|51/100
|drag|p2a: Kingambit|Kingambit, F|100/100
|
|upkeep
|turn|2
|
|t:|1760451811
|-end|p2a: Kingambit|fallenundefined|[silent]
|switch|p2a: Weezing|Weezing-Galar, F|100/100
|move|p1a: Garchomp|Earthquake|p2a: Weezing
|-immune|p2a: Weezing|[from] ability: Levitate
|
|upkeep
|turn|3
|
|t:|1760451820
|switch|p1a: Kyurem|Kyurem|100/100
|-ability|p1a: Kyurem|Pressure
|move|p2a: Weezing|Flamethrower|p1a: Kyurem
|-damage|p1a: Kyurem|90/100
|
|upkeep
|turn|4
|
|t:|1760451823
|move|p1a: Kyurem|Ice Beam|p2a: Weezing
|-damage|p2a: Weezing|37/100
|move|p2a: Weezing|Will-O-Wisp|p1a: Kyurem|[miss]
|-miss|p2a: Weezing|p1a: Kyurem
|
|upkeep
|turn|5
|
|t:|1760451827
|move|p1a: Kyurem|Ice Beam|p2a: Weezing
|-damage|p2a: Weezing|0 fnt
|faint|p2a: Weezing
|
|upkeep
|
|t:|1760451829
|switch|p2a: Kingambit|Kingambit, F|100/100
|-activate|p2a: Kingambit|ability: Supreme Overlord
|-start|p2a: Kingambit|fallen1|[silent]
|turn|6
|
|t:|1760451832
|move|p1a: Kyurem|Body Press|p2a: Kingambit
|-supereffective|p2a: Kingambit
|-damage|p2a: Kingambit|46/100
|move|p2a: Kingambit|Iron Head|p1a: Kyurem
|-supereffective|p1a: Kyurem
|-damage|p1a: Kyurem|25/100
|
|-heal|p2a: Kingambit|52/100|[from] item: Leftovers
|upkeep
|turn|7
|j| 54 Insane Rats
|
|t:|1760451836
|switch|p1a: Garchomp|Garchomp, F|41/100
|move|p2a: Kingambit|Sucker Punch||[still]
|-fail|p2a: Kingambit
|
|-heal|p2a: Kingambit|58/100|[from] item: Leftovers
|upkeep
|turn|8
|
|t:|1760451839
|move|p1a: Garchomp|Stealth Rock|p2a: Kingambit
|-sidestart|p2: clodsirebiggestfan|move: Stealth Rock
|move|p2a: Kingambit|Swords Dance|p2a: Kingambit
|-boost|p2a: Kingambit|atk|2
|
|-heal|p2a: Kingambit|65/100|[from] item: Leftovers
|upkeep
|turn|9
|
|t:|1760451843
|move|p2a: Kingambit|Sucker Punch||[still]
|-fail|p2a: Kingambit
|move|p1a: Garchomp|Spikes|p2a: Kingambit
|-sidestart|p2: clodsirebiggestfan|Spikes
|
|-heal|p2a: Kingambit|71/100|[from] item: Leftovers
|upkeep
|turn|10
|
|t:|1760451846
|move|p2a: Kingambit|Sucker Punch|p1a: Garchomp
|-damage|p1a: Garchomp|0 fnt
|-damage|p2a: Kingambit|58/100|[from] ability: Rough Skin|[of] p1a: Garchomp
|-damage|p2a: Kingambit|42/100|[from] item: Rocky Helmet|[of] p1a: Garchomp
|faint|p1a: Garchomp
|
|-heal|p2a: Kingambit|48/100|[from] item: Leftovers
|upkeep
|
|t:|1760451848
|switch|p1a: Zamazenta|Zamazenta|100/100
|-ability|p1a: Zamazenta|Dauntless Shield|boost
|-boost|p1a: Zamazenta|def|1
|turn|11
|
|t:|1760451850
|-end|p2a: Kingambit|fallen1|[silent]
|switch|p2a: Clodsire|Clodsire, F|100/100
|move|p1a: Zamazenta|Body Press|p2a: Clodsire
|-resisted|p2a: Clodsire
|-damage|p2a: Clodsire|81/100
|
|upkeep
|turn|12
|
|t:|1760451854
|switch|p1a: Hatterene|Hatterene, F|100/100
|move|p2a: Clodsire|Stealth Rock|p1a: Hatterene
|move|p1a: Hatterene|Stealth Rock||[from] ability: Magic Bounce|[still]
|-fail|p1a: Hatterene
|
|upkeep
|turn|13
|
|t:|1760451856
|switch|p2a: Kingambit|Kingambit, F|48/100
|-damage|p2a: Kingambit|42/100|[from] Stealth Rock
|-damage|p2a: Kingambit|29/100|[from] Spikes
|-activate|p2a: Kingambit|ability: Supreme Overlord
|-start|p2a: Kingambit|fallen1|[silent]
|move|p1a: Hatterene|Psychic Noise|p2a: Kingambit
|-immune|p2a: Kingambit
|
|-heal|p2a: Kingambit|35/100|[from] item: Leftovers
|upkeep
|turn|14
|
|t:|1760451859
|switch|p1a: Zamazenta|Zamazenta|100/100
|move|p2a: Kingambit|Iron Head|p1a: Zamazenta
|-damage|p1a: Zamazenta|67/100
|
|-heal|p2a: Kingambit|42/100|[from] item: Leftovers
|upkeep
|turn|15
|
|t:|1760451861
|-end|p2a: Kingambit|fallen1|[silent]
|switch|p2a: Clodsire|Clodsire, F|81/100
|move|p1a: Zamazenta|Body Press|p2a: Clodsire
|-resisted|p2a: Clodsire
|-damage|p2a: Clodsire|61/100
|
|upkeep
|turn|16
|
|t:|1760451864
|switch|p1a: Hatterene|Hatterene, F|100/100
|move|p2a: Clodsire|Recover|p2a: Clodsire
|-heal|p2a: Clodsire|100/100
|
|upkeep
|turn|17
|
|t:|1760451866
|switch|p2a: Kingambit|Kingambit, F|42/100
|-damage|p2a: Kingambit|35/100|[from] Stealth Rock
|-damage|p2a: Kingambit|23/100|[from] Spikes
|-activate|p2a: Kingambit|ability: Supreme Overlord
|-start|p2a: Kingambit|fallen1|[silent]
|move|p1a: Hatterene|Psychic Noise|p2a: Kingambit
|-immune|p2a: Kingambit
|
|-heal|p2a: Kingambit|29/100|[from] item: Leftovers
|upkeep
|turn|18
|
|t:|1760451874
|switch|p1a: Kyurem|Kyurem|25/100
|-ability|p1a: Kyurem|Pressure
|move|p2a: Kingambit|Iron Head|p1a: Kyurem
|-supereffective|p1a: Kyurem
|-damage|p1a: Kyurem|0 fnt
|faint|p1a: Kyurem
|
|-heal|p2a: Kingambit|35/100|[from] item: Leftovers
|upkeep
|
|t:|1760451876
|switch|p1a: Zamazenta|Zamazenta|67/100
|turn|19
|
|t:|1760451878
|-end|p2a: Kingambit|fallen1|[silent]
|switch|p2a: Clodsire|Clodsire, F|100/100
|move|p1a: Zamazenta|Body Press|p2a: Clodsire
|-resisted|p2a: Clodsire
|-damage|p2a: Clodsire|82/100
|
|upkeep
|turn|20
|
|t:|1760451881
|switch|p1a: Hatterene|Hatterene, F|100/100
|move|p2a: Clodsire|Earthquake|p1a: Hatterene
|-damage|p1a: Hatterene|77/100
|
|upkeep
|turn|21
|
|t:|1760451883
|switch|p2a: Kingambit|Kingambit, F|35/100
|-damage|p2a: Kingambit|29/100|[from] Stealth Rock
|-damage|p2a: Kingambit|17/100|[from] Spikes
|-activate|p2a: Kingambit|ability: Supreme Overlord
|-start|p2a: Kingambit|fallen1|[silent]
|move|p1a: Hatterene|Draining Kiss|p2a: Kingambit
|-damage|p2a: Kingambit|0 fnt
|-heal|p1a: Hatterene|93/100|[from] drain|[of] p2a: Kingambit
|faint|p2a: Kingambit
|-end|p2a: Kingambit|fallen1|[silent]
|
|upkeep
|
|t:|1760451887
|switch|p2a: Ogerpon|Ogerpon-Teal-Tera, F, tera:Grass|51/100
|-damage|p2a: Ogerpon|39/100|[from] Stealth Rock
|-damage|p2a: Ogerpon|27/100|[from] Spikes
|-ability|p2a: Ogerpon|Embody Aspect (Teal)|boost
|-boost|p2a: Ogerpon|spe|1
|turn|22
|
|t:|1760451911
|switch|p1a: Tornadus|Tornadus-Therian, M|100/100
|move|p2a: Ogerpon|Ivy Cudgel|p1a: Tornadus
|-resisted|p1a: Tornadus
|-damage|p1a: Tornadus|46/100
|
|upkeep
|turn|23
|
|t:|1760451914
|move|p2a: Ogerpon|Ivy Cudgel|p1a: Tornadus
|-resisted|p1a: Tornadus
|-damage|p1a: Tornadus|0 fnt
|faint|p1a: Tornadus
|
|upkeep
|
|t:|1760451915
|switch|p1a: Kingambit|Kingambit, F|100/100
|-activate|p1a: Kingambit|ability: Supreme Overlord
|-start|p1a: Kingambit|fallen3|[silent]
|turn|24
|
|t:|1760451927
|move|p2a: Ogerpon|Ivy Cudgel|p1a: Kingambit
|-resisted|p1a: Kingambit
|-damage|p1a: Kingambit|68/100
|move|p1a: Kingambit|Iron Head|p2a: Ogerpon
|-damage|p2a: Ogerpon|0 fnt
|faint|p2a: Ogerpon
|detailschange|p2: Ogerpon|Ogerpon, F|[silent]
|
|-heal|p1a: Kingambit|74/100|[from] item: Leftovers
|upkeep
|
|t:|1760451930
|switch|p2a: Zamazenta|Zamazenta|100/100
|-damage|p2a: Zamazenta|94/100|[from] Stealth Rock
|-damage|p2a: Zamazenta|82/100|[from] Spikes
|-ability|p2a: Zamazenta|Dauntless Shield|boost
|-boost|p2a: Zamazenta|def|1
|turn|25
|
|t:|1760451932
|-end|p1a: Kingambit|fallen3|[silent]
|switch|p1a: Hatterene|Hatterene, F|93/100
|move|p2a: Zamazenta|Body Press|p1a: Hatterene
|-resisted|p1a: Hatterene
|-damage|p1a: Hatterene|82/100
|-damage|p2a: Zamazenta|65/100|[from] item: Rocky Helmet|[of] p1a: Hatterene
|
|-heal|p2a: Zamazenta|72/100|[from] item: Leftovers
|upkeep
|turn|26
|
|t:|1760451934
|switch|p2a: Clodsire|Clodsire, F|82/100
|move|p1a: Hatterene|Psychic Noise|p2a: Clodsire
|-supereffective|p2a: Clodsire
|-damage|p2a: Clodsire|45/100
|-start|p2a: Clodsire|move: Heal Block
|
|upkeep
|turn|27
|
|t:|1760451938
|move|p1a: Hatterene|Psychic Noise|p2a: Clodsire
|-supereffective|p2a: Clodsire
|-damage|p2a: Clodsire|9/100
|move|p2a: Clodsire|Earthquake|p1a: Hatterene
|-damage|p1a: Hatterene|58/100
|
|-end|p2a: Clodsire|move: Heal Block
|upkeep
|turn|28
|
|t:|1760451939
|move|p1a: Hatterene|Psychic Noise|p2a: Clodsire
|-supereffective|p2a: Clodsire
|-damage|p2a: Clodsire|0 fnt
|faint|p2a: Clodsire
|
|upkeep
|
|t:|1760451941
|switch|p2a: Raging Bolt|Raging Bolt|100/100
|-damage|p2a: Raging Bolt|88/100|[from] Stealth Rock
|-damage|p2a: Raging Bolt|76/100|[from] Spikes
|turn|29
|
|t:|1760451944
|move|p2a: Raging Bolt|Calm Mind|p2a: Raging Bolt
|-boost|p2a: Raging Bolt|spa|1
|-boost|p2a: Raging Bolt|spd|1
|move|p1a: Hatterene|Draining Kiss|p2a: Raging Bolt
|-supereffective|p2a: Raging Bolt
|-damage|p2a: Raging Bolt|51/100
|-heal|p1a: Hatterene|85/100|[from] drain|[of] p2a: Raging Bolt
|
|-heal|p2a: Raging Bolt|57/100|[from] item: Leftovers
|upkeep
|turn|30
|
|t:|1760451948
|move|p2a: Raging Bolt|Calm Mind|p2a: Raging Bolt
|-boost|p2a: Raging Bolt|spa|1
|-boost|p2a: Raging Bolt|spd|1
|move|p1a: Hatterene|Psychic Noise|p2a: Raging Bolt
|-damage|p2a: Raging Bolt|42/100
|-start|p2a: Raging Bolt|move: Heal Block
|
|upkeep
|turn|31
|
|t:|1760451951
|move|p2a: Raging Bolt|Thunderbolt|p1a: Hatterene
|-damage|p1a: Hatterene|0 fnt
|faint|p1a: Hatterene
|
|-end|p2a: Raging Bolt|move: Heal Block
|upkeep
|
|t:|1760451954
|switch|p1a: Kingambit|Kingambit, F|74/100
|-activate|p1a: Kingambit|ability: Supreme Overlord
|-start|p1a: Kingambit|fallen4|[silent]
|turn|32
|
|t:|1760451958
|move|p1a: Kingambit|Sucker Punch|p2a: Raging Bolt
|-damage|p2a: Raging Bolt|9/100
|move|p2a: Raging Bolt|Thunderbolt|p1a: Kingambit
|-damage|p1a: Kingambit|0 fnt
|faint|p1a: Kingambit
|-end|p1a: Kingambit|fallen4|[silent]
|
|-heal|p2a: Raging Bolt|15/100|[from] item: Leftovers
|upkeep
|
|t:|1760451960
|switch|p1a: Zamazenta|Zamazenta|67/100
|turn|33
|
|t:|1760451963
|move|p2a: Raging Bolt|Thunderclap||[still]
|-fail|p2a: Raging Bolt
|move|p1a: Zamazenta|Rest|p1a: Zamazenta
|-status|p1a: Zamazenta|slp|[from] move: Rest
|-heal|p1a: Zamazenta|100/100 slp|[silent]
|-enditem|p1a: Zamazenta|Chesto Berry|[eat]
|-curestatus|p1a: Zamazenta|slp|[msg]
|
|-heal|p2a: Raging Bolt|21/100|[from] item: Leftovers
|upkeep
|turn|34
|
|t:|1760451968
|move|p2a: Raging Bolt|Thunderclap|p1a: Zamazenta
|-damage|p1a: Zamazenta|40/100
|move|p1a: Zamazenta|Body Press|p2a: Raging Bolt
|-damage|p2a: Raging Bolt|0 fnt
|faint|p2a: Raging Bolt
|-end|p2a: Raging Bolt|Protosynthesis|[silent]
|
|upkeep
|
|t:|1760451970
|switch|p2a: Zamazenta|Zamazenta|72/100
|-damage|p2a: Zamazenta|65/100|[from] Stealth Rock
|-damage|p2a: Zamazenta|53/100|[from] Spikes
|turn|35
|
|t:|1760451974
|move|p2a: Zamazenta|Body Press|p1a: Zamazenta
|-damage|p1a: Zamazenta|15/100
|move|p1a: Zamazenta|Iron Defense|p1a: Zamazenta
|-boost|p1a: Zamazenta|def|2
|
|-heal|p2a: Zamazenta|59/100|[from] item: Leftovers
|upkeep
|turn|36
|
|t:|1760451977
|move|p2a: Zamazenta|Iron Defense|p2a: Zamazenta
|-boost|p2a: Zamazenta|def|2
|move|p1a: Zamazenta|Body Press|p2a: Zamazenta
|-damage|p2a: Zamazenta|34/100
|
|-heal|p2a: Zamazenta|40/100|[from] item: Leftovers
|upkeep
|turn|37
|
|t:|1760451980
|move|p2a: Zamazenta|Body Press|p1a: Zamazenta
|-damage|p1a: Zamazenta|0 fnt
|faint|p1a: Zamazenta
|
|win|clodsirebiggestfan
|raw|Home is Wild's rating: 1702 &rarr; <strong>1687</strong><br />(-15 for losing)
|raw|clodsirebiggestfan's rating: 1794 &rarr; <strong>1809</strong><br />(+15 for winning)
|l|☆Home is Wild
|player|p1|
|l|‽clodsirebiggestfan
|player|p2|
|l| 54 Insane Rats
