|j|☆purple pastels
|j|☆koroyev1
|t:|1760380357
|gametype|singles
|player|p1|purple pastels|doubleteam|1538
|player|p2|koroyev1|roxanne|1565
|gen|9
|tier|[Gen 9] OU
|rated|
|rule|HP Percentage Mod: HP is shown in percentages
|rule|Endless Battle Clause: Forcing endless battles is banned
|rule|Species Clause: Limit one of each Pokémon
|rule|OHKO Clause: OHKO moves are banned
|rule|Evasion Items Clause: Evasion items are banned
|rule|Evasion Moves Clause: Evasion moves are banned
|rule|Evasion Abilities Clause: Evasion abilities are banned
|rule|Sleep Moves Clause: Sleep-inducing moves are banned
|clearpoke
|poke|p1|Tornadus-Therian, M|
|poke|p1|Garchomp, F|
|poke|p1|Mimikyu, F|
|poke|p1|Ribombee, F|
|poke|p1|Lucario, F|
|poke|p1|Cresselia, F|
|poke|p2|Landorus-Therian, M|
|poke|p2|Corviknight, M|
|poke|p2|Zoroark-Hisui, F|
|poke|p2|Raging Bolt|
|poke|p2|Pecharunt|
|poke|p2|Samurott-Hisui, M|
|teampreview
|inactive|Battle timer is ON: inactive players will automatically lose when time's up. (requested by purple pastels)
|
|t:|1760380370
|teamsize|p1|6
|teamsize|p2|6
|start
|switch|p1a: Ribombee|Ribombee, F|100/100
|switch|p2a: Ravana|Landorus-Therian, M|100/100
|-ability|p2a: Ravana|Intimidate|boost
|-unboost|p1a: Ribombee|atk|1
|turn|1
|
|t:|1760380373
|-terastallize|p2a: Ravana|Flying
|move|p1a: Ribombee|Trick|p2a: Ravana
|-activate|p1a: Ribombee|move: Trick|[of] p2a: Ravana
|-item|p2a: Ravana|Choice Scarf|[from] move: Trick
|-item|p1a: Ribombee|Choice Scarf|[from] move: Trick
|move|p2a: Ravana|Tera Blast|p1a: Ribombee|[anim] Tera Blast Flying
|-supereffective|p1a: Ribombee
|-damage|p1a: Ribombee|0 fnt
|faint|p1a: Ribombee
|
|upkeep
|
|t:|1760380383
|switch|p1a: Tornadus|Tornadus-Therian, M|100/100
|turn|2
|
|t:|1760380388
|switch|p2a: Halāhala|Pecharunt|100/100
|move|p1a: Tornadus|Bleakwind Storm|p2a: Halāhala
|-damage|p2a: Halāhala|43/100
|-unboost|p2a: Halāhala|spe|1
|-damage|p1a: Tornadus|91/100|[from] item: Life Orb
|
|upkeep
|turn|3
|
|t:|1760380394
|switch|p2a: Mangala|Samurott-Hisui, M|100/100
|move|p1a: Tornadus|Bleakwind Storm|p2a: Mangala
|-damage|p2a: Mangala|48/100
|-unboost|p2a: Mangala|spe|1
|-damage|p1a: Tornadus|81/100|[from] item: Life Orb
|
|upkeep
|turn|4
|
|t:|1760380399
|move|p2a: Mangala|Sucker Punch|p1a: Tornadus
|-damage|p1a: Tornadus|35/100
|move|p1a: Tornadus|Grass Knot|p2a: Mangala
|-supereffective|p2a: Mangala
|-damage|p2a: Mangala|0 fnt
|faint|p2a: Mangala
|-damage|p1a: Tornadus|25/100|[from] item: Life Orb
|
|upkeep
|
|t:|1760380404
|switch|p2a: Ravana|Landorus-Therian, M, tera:Flying|100/100
|-ability|p2a: Ravana|Intimidate|boost
|-unboost|p1a: Tornadus|atk|1
|turn|5
|
|t:|1760380413
|switch|p1a: Garchomp|Garchomp, F|100/100
|move|p2a: Ravana|Tera Blast|p1a: Garchomp|[anim] Tera Blast Flying
|-damage|p1a: Garchomp|37/100
|
|upkeep
|turn|6
|
|t:|1760380417
|move|p2a: Ravana|Tera Blast|p1a: Garchomp|[anim] Tera Blast Flying
|-damage|p1a: Garchomp|0 fnt
|faint|p1a: Garchomp
|
|upkeep
|
|t:|1760380419
|switch|p1a: Cresselia|Cresselia, F|100/100
|turn|7
|
|t:|1760380421
|move|p2a: Ravana|Tera Blast|p1a: Cresselia|[anim] Tera Blast Flying
|-damage|p1a: Cresselia|52/100
|move|p1a: Cresselia|Calm Mind|p1a: Cresselia
|-boost|p1a: Cresselia|spa|1
|-boost|p1a: Cresselia|spd|1
|
|-heal|p1a: Cresselia|58/100|[from] item: Leftovers
|upkeep
|turn|8
|
|t:|1760380426
|move|p2a: Ravana|Tera Blast|p1a: Cresselia|[anim] Tera Blast Flying
|-damage|p1a: Cresselia|14/100
|move|p1a: Cresselia|Moonlight|p1a: Cresselia
|-heal|p1a: Cresselia|64/100
|
|-heal|p1a: Cresselia|70/100|[from] item: Leftovers
|upkeep
|turn|9
|
|t:|1760380429
|move|p2a: Ravana|Tera Blast|p1a: Cresselia|[anim] Tera Blast Flying
|-damage|p1a: Cresselia|19/100
|move|p1a: Cresselia|Moonlight|p1a: Cresselia
|-heal|p1a: Cresselia|69/100
|
|-heal|p1a: Cresselia|75/100|[from] item: Leftovers
|upkeep
|turn|10
|
|t:|1760380432
|move|p2a: Ravana|Tera Blast|p1a: Cresselia|[anim] Tera Blast Flying
|-damage|p1a: Cresselia|29/100
|move|p1a: Cresselia|Moonlight|p1a: Cresselia
|-heal|p1a: Cresselia|79/100
|
|-heal|p1a: Cresselia|85/100|[from] item: Leftovers
|upkeep
|turn|11
|
|t:|1760380434
|move|p2a: Ravana|Tera Blast|p1a: Cresselia|[anim] Tera Blast Flying
|-damage|p1a: Cresselia|33/100
|move|p1a: Cresselia|Moonlight|p1a: Cresselia
|-heal|p1a: Cresselia|83/100
|
|-heal|p1a: Cresselia|89/100|[from] item: Leftovers
|upkeep
|turn|12
|
|t:|1760380446
|move|p2a: Ravana|Tera Blast|p1a: Cresselia|[anim] Tera Blast Flying
|-damage|p1a: Cresselia|40/100
|move|p1a: Cresselia|Moonlight|p1a: Cresselia
|-heal|p1a: Cresselia|90/100
|
|-heal|p1a: Cresselia|96/100|[from] item: Leftovers
|upkeep
|turn|13
|
|t:|1760380453
|move|p2a: Ravana|Tera Blast|p1a: Cresselia|[anim] Tera Blast Flying
|-damage|p1a: Cresselia|46/100
|move|p1a: Cresselia|Moonblast|p2a: Ravana
|-damage|p2a: Ravana|65/100
|-unboost|p2a: Ravana|spa|1
|
|-heal|p1a: Cresselia|53/100|[from] item: Leftovers
|upkeep
|turn|14
|
|t:|1760380456
|move|p2a: Ravana|Tera Blast|p1a: Cresselia|[anim] Tera Blast Flying
|-damage|p1a: Cresselia|8/100
|move|p1a: Cresselia|Moonlight|p1a: Cresselia
|-heal|p1a: Cresselia|58/100
|
|-heal|p1a: Cresselia|64/100|[from] item: Leftovers
|upkeep
|turn|15
|
|t:|1760380468
|switch|p1a: Lucario|Lucario, F|100/100
|move|p2a: Ravana|Tera Blast|p1a: Lucario|[anim] Tera Blast Flying
|-damage|p1a: Lucario|0 fnt
|faint|p1a: Lucario
|
|upkeep
|
|t:|1760380473
|switch|p1a: Tornadus|Tornadus-Therian, M|58/100
|turn|16
|
|t:|1760380479
|move|p2a: Ravana|Tera Blast|p1a: Tornadus|[anim] Tera Blast Flying
|-damage|p1a: Tornadus|0 fnt
|faint|p1a: Tornadus
|
|upkeep
|
|t:|1760380483
|switch|p1a: Mimikyu|Mimikyu, F|100/100
|turn|17
|
|t:|1760380486
|move|p2a: Ravana|Tera Blast|p1a: Mimikyu|[anim] Tera Blast Flying
|-activate|p1a: Mimikyu|ability: Disguise
|-damage|p1a: Mimikyu|100/100
|detailschange|p1a: Mimikyu|Mimikyu-Busted, F
|-damage|p1a: Mimikyu|88/100|[from] pokemon: Mimikyu-Busted
|move|p1a: Mimikyu|Play Rough|p2a: Ravana
|-damage|p2a: Ravana|6/100
|-damage|p1a: Mimikyu|78/100|[from] item: Life Orb
|
|upkeep
|turn|18
|
|t:|1760380488
|move|p1a: Mimikyu|Shadow Sneak|p2a: Ravana
|-damage|p2a: Ravana|0 fnt
|faint|p2a: Ravana
|-damage|p1a: Mimikyu|68/100|[from] item: Life Orb
|
|upkeep
|
|t:|1760380493
|switch|p2a: Halāhala|Pecharunt|43/100
|turn|19
|
|t:|1760380496
|move|p1a: Mimikyu|Swords Dance|p1a: Mimikyu
|-boost|p1a: Mimikyu|atk|2
|move|p2a: Halāhala|Recover|p2a: Halāhala
|-heal|p2a: Halāhala|93/100
|
|upkeep
|turn|20
|
|t:|1760380501
|move|p1a: Mimikyu|Shadow Sneak|p2a: Halāhala
|-supereffective|p2a: Halāhala
|-damage|p2a: Halāhala|51/100
|-damage|p1a: Mimikyu|52/100|[from] item: Rocky Helmet|[of] p2a: Halāhala
|-damage|p1a: Mimikyu|42/100|[from] item: Life Orb
|move|p2a: Halāhala|Malignant Chain|p1a: Mimikyu
|-damage|p1a: Mimikyu|1/100
|-status|p1a: Mimikyu|tox
|-start|p1a: Mimikyu|confusion|[from] ability: Poison Puppeteer|[of] p2a: Halāhala
|
|-damage|p1a: Mimikyu|0 fnt|[from] psn
|faint|p1a: Mimikyu
|upkeep
|
|t:|1760380503
|switch|p1a: Cresselia|Cresselia, F|64/100
|turn|21
|
|t:|1760380506
|-terastallize|p1a: Cresselia|Poison
|move|p1a: Cresselia|Calm Mind|p1a: Cresselia
|-boost|p1a: Cresselia|spa|1
|-boost|p1a: Cresselia|spd|1
|move|p2a: Halāhala|Shadow Ball|p1a: Cresselia
|-damage|p1a: Cresselia|53/100
|
|-heal|p1a: Cresselia|59/100|[from] item: Leftovers
|upkeep
|turn|22
|
|t:|1760380513
|move|p1a: Cresselia|Calm Mind|p1a: Cresselia
|-boost|p1a: Cresselia|spa|1
|-boost|p1a: Cresselia|spd|1
|move|p2a: Halāhala|Parting Shot|p1a: Cresselia
|-unboost|p1a: Cresselia|atk|1
|-unboost|p1a: Cresselia|spa|1
|
|t:|1760380516
|switch|p2a: Garuda|Corviknight, M|100/100|[from] Parting Shot
|
|-heal|p1a: Cresselia|65/100|[from] item: Leftovers
|upkeep
|turn|23
|
|t:|1760380520
|move|p2a: Garuda|Swords Dance|p2a: Garuda
|-boost|p2a: Garuda|atk|2
|move|p1a: Cresselia|Calm Mind|p1a: Cresselia
|-boost|p1a: Cresselia|spa|1
|-boost|p1a: Cresselia|spd|1
|
|-heal|p1a: Cresselia|71/100|[from] item: Leftovers
|upkeep
|turn|24
|
|t:|1760380523
|move|p2a: Garuda|Poltergeist|p1a: Cresselia|[miss]
|-miss|p2a: Garuda|p1a: Cresselia
|move|p1a: Cresselia|Stored Power|p2a: Garuda
|-enditem|p2a: Garuda|Focus Sash
|-damage|p2a: Garuda|1/100
|replace|p2a: Hanuman|Zoroark-Hisui, F
|-end|p2a: Hanuman|Illusion
|
|-heal|p1a: Cresselia|77/100|[from] item: Leftovers
|upkeep
|turn|25
|
|t:|1760380525
|move|p2a: Hanuman|Poltergeist|p1a: Cresselia
|-activate|p1a: Cresselia|move: Poltergeist|Leftovers
|-damage|p1a: Cresselia|7/100
|move|p1a: Cresselia|Stored Power|p2a: Hanuman
|-damage|p2a: Hanuman|0 fnt
|faint|p2a: Hanuman
|
|-heal|p1a: Cresselia|13/100|[from] item: Leftovers
|upkeep
|
|t:|1760380537
|switch|p2a: Garuda|Corviknight, M|100/100
|-ability|p2a: Garuda|Unnerve
|turn|26
|
|t:|1760380545
|move|p1a: Cresselia|Moonlight|p1a: Cresselia
|-heal|p1a: Cresselia|63/100
|move|p2a: Garuda|Brave Bird|p1a: Cresselia
|-damage|p1a: Cresselia|35/100
|-damage|p2a: Garuda|90/100|[from] Recoil
|
|-heal|p1a: Cresselia|41/100|[from] item: Leftovers
|-heal|p2a: Garuda|97/100|[from] item: Leftovers
|upkeep
|turn|27
|
|t:|1760380560
|move|p1a: Cresselia|Calm Mind|p1a: Cresselia
|-boost|p1a: Cresselia|spa|1
|-boost|p1a: Cresselia|spd|1
|move|p2a: Garuda|Brave Bird|p1a: Cresselia
|-damage|p1a: Cresselia|16/100
|-damage|p2a: Garuda|87/100|[from] Recoil
|
|-heal|p1a: Cresselia|22/100|[from] item: Leftovers
|-heal|p2a: Garuda|93/100|[from] item: Leftovers
|upkeep
|turn|28
|
|t:|1760380563
|move|p1a: Cresselia|Moonlight|p1a: Cresselia
|-heal|p1a: Cresselia|72/100
|move|p2a: Garuda|Brave Bird|p1a: Cresselia
|-damage|p1a: Cresselia|48/100
|-damage|p2a: Garuda|85/100|[from] Recoil
|
|-heal|p1a: Cresselia|54/100|[from] item: Leftovers
|-heal|p2a: Garuda|91/100|[from] item: Leftovers
|upkeep
|turn|29
|
|t:|1760380567
|move|p1a: Cresselia|Stored Power|p2a: Garuda
|-resisted|p2a: Garuda
|-damage|p2a: Garuda|52/100
|move|p2a: Garuda|Brave Bird|p1a: Cresselia
|-damage|p1a: Cresselia|28/100
|-damage|p2a: Garuda|43/100|[from] Recoil
|
|-heal|p1a: Cresselia|34/100|[from] item: Leftovers
|-heal|p2a: Garuda|49/100|[from] item: Leftovers
|upkeep
|turn|30
|
|t:|1760380578
|move|p1a: Cresselia|Calm Mind|p1a: Cresselia
|-boost|p1a: Cresselia|spa|1
|-boost|p1a: Cresselia|spd|1
|move|p2a: Garuda|Roost|p2a: Garuda
|-heal|p2a: Garuda|99/100
|-singleturn|p2a: Garuda|move: Roost
|
|-heal|p1a: Cresselia|40/100|[from] item: Leftovers
|-heal|p2a: Garuda|100/100|[from] item: Leftovers
|upkeep
|turn|31
|
|t:|1760380580
|move|p1a: Cresselia|Stored Power|p2a: Garuda
|-resisted|p2a: Garuda
|-damage|p2a: Garuda|45/100
|move|p2a: Garuda|Brave Bird|p1a: Cresselia
|-damage|p1a: Cresselia|12/100
|-damage|p2a: Garuda|34/100|[from] Recoil
|
|-heal|p1a: Cresselia|19/100|[from] item: Leftovers
|-heal|p2a: Garuda|41/100|[from] item: Leftovers
|upkeep
|turn|32
|
|t:|1760380586
|move|p1a: Cresselia|Stored Power|p2a: Garuda
|-resisted|p2a: Garuda
|-damage|p2a: Garuda|0 fnt
|faint|p2a: Garuda
|
|-heal|p1a: Cresselia|25/100|[from] item: Leftovers
|upkeep
|
|t:|1760380590
|switch|p2a: Indra|Raging Bolt|100/100
|turn|33
|
|t:|1760380601
|move|p1a: Cresselia|Stored Power|p2a: Indra
|-damage|p2a: Indra|0 fnt
|faint|p2a: Indra
|-end|p2a: Indra|Protosynthesis|[silent]
|
|-heal|p1a: Cresselia|31/100|[from] item: Leftovers
|upkeep
|
|t:|1760380602
|switch|p2a: Halāhala|Pecharunt|51/100
|turn|34
|
|t:|1760380607
|move|p1a: Cresselia|Stored Power|p2a: Halāhala
|-supereffective|p2a: Halāhala
|-damage|p2a: Halāhala|0 fnt
|faint|p2a: Halāhala
|
|win|purple pastels
|raw|purple pastels's rating: 1538 &rarr; <strong>1560</strong><br />(+22 for winning)
|raw|koroyev1's rating: 1565 &rarr; <strong>1543</strong><br />(-22 for losing)
|l|☆purple pastels
|player|p1|
|c|☆koroyev1|Literally won because of a 10% chance
|c|☆koroyev1|you’re sonnad
|l|☆koroyev1
|player|p2|
