|j|☆dimeeenietreecko
|j|☆ThatRandomMikuFan
|t:|1760339351
|gametype|singles
|player|p1|dimeeenietreecko|1|1095
|player|p2|ThatRandomMikuFan|102|1052
|gen|9
|tier|[Gen 9] OU
|rated|
|rule|HP Percentage Mod: HP is shown in percentages
|rule|Endless Battle Clause: Forcing endless battles is banned
|rule|Species Clause: Limit one of each Pokémon
|rule|OHKO Clause: OHKO moves are banned
|rule|Evasion Items Clause: Evasion items are banned
|rule|Evasion Moves Clause: Evasion moves are banned
|rule|Evasion Abilities Clause: Evasion abilities are banned
|rule|Sleep Moves Clause: Sleep-inducing moves are banned
|clearpoke
|poke|p1|Deoxys-Speed|
|poke|p1|Kyurem|
|poke|p1|Dragapult, F|
|poke|p1|Zamazenta-*|
|poke|p1|Zoroark-Hisui, M|
|poke|p1|Flapple, F|
|poke|p2|Garchomp, F|
|poke|p2|Iron Treads|
|poke|p2|Sylveon, M|
|poke|p2|Toxapex, M|
|poke|p2|Riolu, M|
|poke|p2|Espeon, F|
|teampreview
|inactive|Battle timer is ON: inactive players will automatically lose when time's up. (requested by dimeeenietreecko)
|
|t:|1760339370
|teamsize|p1|6
|teamsize|p2|6
|start
|switch|p1a: Flapple|Flapple, F|100/100
|switch|p2a: Espeon|Espeon, F|100/100
|turn|1
|
|t:|1760339383
|move|p2a: Espeon|Light Screen|p2a: Espeon
|-sidestart|p2: ThatRandomMikuFan|move: Light Screen
|move|p1a: Flapple|Dragon Dance|p1a: Flapple
|-boost|p1a: Flapple|atk|1
|-boost|p1a: Flapple|spe|1
|
|upkeep
|turn|2
|
|t:|1760339392
|move|p1a: Flapple|Dragon Dance|p1a: Flapple
|-boost|p1a: Flapple|atk|1
|-boost|p1a: Flapple|spe|1
|move|p2a: Espeon|Reflect|p2a: Espeon
|-sidestart|p2: ThatRandomMikuFan|Reflect
|
|upkeep
|turn|3
|
|t:|1760339399
|move|p1a: Flapple|Grav Apple|p2a: Espeon
|-crit|p2a: Espeon
|-damage|p2a: Espeon|0 fnt
|faint|p2a: Espeon
|
|upkeep
|
|t:|1760339407
|switch|p2a: Toxapex|Toxapex, M|100/100
|turn|4
|
|t:|1760339415
|move|p1a: Flapple|Leech Seed|p2a: Toxapex
|-start|p2a: Toxapex|move: Leech Seed
|move|p2a: Toxapex|Toxic Spikes|p1a: Flapple
|-sidestart|p1: dimeeenietreecko|move: Toxic Spikes
|
|-damage|p2a: Toxapex|88/100|[from] Leech Seed|[of] p1a: Flapple
|upkeep
|turn|5
|
|t:|1760339422
|move|p1a: Flapple|Grav Apple|p2a: Toxapex
|-damage|p2a: Toxapex|69/100
|-unboost|p2a: Toxapex|def|1
|move|p2a: Toxapex|Toxic Spikes|p1a: Flapple
|-sidestart|p1: dimeeenietreecko|move: Toxic Spikes
|
|-damage|p2a: Toxapex|57/100|[from] Leech Seed|[of] p1a: Flapple
|upkeep
|turn|6
|
|t:|1760339435
|switch|p2a: Garchomp|Garchomp, F|100/100
|move|p1a: Flapple|Dragon Dance|p1a: Flapple
|-boost|p1a: Flapple|atk|1
|-boost|p1a: Flapple|spe|1
|
|-status|p2a: Garchomp|tox|[from] item: Toxic Orb
|upkeep
|turn|7
|
|t:|1760339447
|move|p1a: Flapple|Grav Apple|p2a: Garchomp
|-damage|p2a: Garchomp|70/100 tox
|-unboost|p2a: Garchomp|def|1
|move|p2a: Garchomp|Stealth Rock|p1a: Flapple
|-sidestart|p1: dimeeenietreecko|move: Stealth Rock
|
|-damage|p2a: Garchomp|64/100 tox|[from] psn
|upkeep
|turn|8
|
|t:|1760339457
|move|p1a: Flapple|Grav Apple|p2a: Garchomp
|-damage|p2a: Garchomp|22/100 tox
|-unboost|p2a: Garchomp|def|1
|move|p2a: Garchomp|Spikes|p1a: Flapple
|-sidestart|p1: dimeeenietreecko|Spikes
|
|-damage|p2a: Garchomp|10/100 tox|[from] psn
|-sideend|p2: ThatRandomMikuFan|move: Light Screen
|upkeep
|turn|9
|
|t:|1760339469
|-terastallize|p2a: Garchomp|Steel
|move|p1a: Flapple|Grav Apple|p2a: Garchomp
|-resisted|p2a: Garchomp
|-damage|p2a: Garchomp|0 fnt
|faint|p2a: Garchomp
|
|-sideend|p2: ThatRandomMikuFan|Reflect
|upkeep
|
|t:|1760339478
|switch|p2a: Toxapex|Toxapex, M|57/100
|turn|10
|-message|ThatRandomMikuFan forfeited.
|
|win|dimeeenietreecko
|raw|dimeeenietreecko's rating: 1095 &rarr; <strong>1118</strong><br />(+23 for winning)
|raw|ThatRandomMikuFan's rating: 1052 &rarr; <strong>1036</strong><br />(-16 for losing)
|l|☆ThatRandomMikuFan
|player|p2|
|l|☆dimeeenietreecko
|player|p1|
