|badge|p2|bronze|gen9randombattle|100-7
|uhtml|medal-msg|<div class="broadcast-blue">Curious what those medals under the avatar are? PS now has Ladder Seasons! For more information, check out the <a href="https://www.smogon.com/forums/threads/3740067/">thread on Smogon.</a></div>
|j|☆Glinteighty
|j|☆SpongeGar & Patar
|t:|1760314005
|gametype|singles
|player|p1|Glinteighty|lady|1687
|player|p2|SpongeGar & Patar|266|1819
|gen|9
|tier|[Gen 9] OU
|rated|
|rule|HP Percentage Mod: HP is shown in percentages
|rule|Endless Battle Clause: Forcing endless battles is banned
|rule|Species Clause: Limit one of each Pokémon
|rule|OHKO Clause: OHKO moves are banned
|rule|Evasion Items Clause: Evasion items are banned
|rule|Evasion Moves Clause: Evasion moves are banned
|rule|Evasion Abilities Clause: Evasion abilities are banned
|rule|Sleep Moves Clause: Sleep-inducing moves are banned
|clearpoke
|poke|p1|Alomomola, M|
|poke|p1|Slowking-Galar, M|
|poke|p1|Great Tusk|
|poke|p1|Kyurem|
|poke|p1|Ogerpon-Wellspring, F|
|poke|p1|Gholdengo|
|poke|p2|Kyurem|
|poke|p2|Corviknight, M|
|poke|p2|Ting-Lu|
|poke|p2|Dondozo, M|
|poke|p2|Slowking-Galar, L99, M|
|poke|p2|Cinderace, M|
|teampreview
|
|t:|1760314055
|teamsize|p1|6
|teamsize|p2|6
|start
|switch|p1a: Great Tusk|Great Tusk|100/100
|switch|p2a: Cinderace|Cinderace, M|100/100
|turn|1
|inactive|Battle timer is ON: inactive players will automatically lose when time's up. (requested by SpongeGar & Patar)
|inactive|SpongeGar & Patar has 120 seconds left.
|
|t:|1760314104
|move|p2a: Cinderace|Will-O-Wisp|p1a: Great Tusk
|-status|p1a: Great Tusk|brn
|move|p1a: Great Tusk|Stealth Rock|p2a: Cinderace
|-sidestart|p2: SpongeGar & Patar|move: Stealth Rock
|
|-damage|p1a: Great Tusk|94/100 brn|[from] brn
|upkeep
|turn|2
|inactive|SpongeGar & Patar has 120 seconds left.
|
|t:|1760314152
|move|p2a: Cinderace|Court Change|p2a: Cinderace
|-swapsideconditions
|-activate|p2a: Cinderace|move: Court Change
|move|p1a: Great Tusk|Knock Off|p2a: Cinderace
|-damage|p2a: Cinderace|82/100
|-enditem|p2a: Cinderace|Heavy-Duty Boots|[from] move: Knock Off|[of] p1a: Great Tusk
|
|-damage|p1a: Great Tusk|88/100 brn|[from] brn
|upkeep
|turn|3
|inactive|SpongeGar & Patar has 90 seconds left.
|
|t:|1760314201
|switch|p2a: Kyurem|Kyurem|100/100
|-ability|p2a: Kyurem|Pressure
|move|p1a: Great Tusk|Stealth Rock|p2a: Kyurem
|-sidestart|p2: SpongeGar & Patar|move: Stealth Rock
|
|-damage|p1a: Great Tusk|82/100 brn|[from] brn
|upkeep
|turn|4
|inactive|SpongeGar & Patar has 60 seconds left.
|
|t:|1760314248
|move|p2a: Kyurem|Freeze-Dry|p1a: Great Tusk
|-supereffective|p1a: Great Tusk
|-damage|p1a: Great Tusk|0 fnt
|faint|p1a: Great Tusk
|-end|p1a: Great Tusk|Protosynthesis|[silent]
|
|upkeep
|j| Nikator98
|
|t:|1760314264
|switch|p1a: Gholdengo|Gholdengo|100/100
|-damage|p1a: Gholdengo|94/100|[from] Stealth Rock
|turn|5
|l| Nikator98
|
|t:|1760314274
|-terastallize|p2a: Kyurem|Ground
|move|p1a: Gholdengo|Shadow Ball|p2a: Kyurem
|-damage|p2a: Kyurem|59/100
|move|p2a: Kyurem|Earth Power|p1a: Gholdengo
|-supereffective|p1a: Gholdengo
|-damage|p1a: Gholdengo|0 fnt
|faint|p1a: Gholdengo
|
|-heal|p2a: Kyurem|65/100|[from] item: Leftovers
|upkeep
|
|t:|1760314278
|switch|p1a: Ogerpon|Ogerpon-Wellspring, F|100/100
|-damage|p1a: Ogerpon|88/100|[from] Stealth Rock
|turn|6
|
|t:|1760314298
|move|p2a: Kyurem|Protect|p2a: Kyurem
|-singleturn|p2a: Kyurem|Protect
|move|p1a: Ogerpon|Ivy Cudgel|p2a: Kyurem|[anim] Ivy Cudgel Water
|-activate|p2a: Kyurem|move: Protect
|
|-heal|p2a: Kyurem|71/100|[from] item: Leftovers
|upkeep
|turn|7
|inactive|SpongeGar & Patar has 60 seconds left.
|
|t:|1760314307
|switch|p2a: Dondozo|Dondozo, M|100/100
|-damage|p2a: Dondozo|88/100|[from] Stealth Rock
|move|p1a: Ogerpon|Ivy Cudgel|p2a: Dondozo|[anim] Ivy Cudgel Water
|-resisted|p2a: Dondozo
|-damage|p2a: Dondozo|74/100
|
|-heal|p2a: Dondozo|80/100|[from] item: Leftovers
|upkeep
|turn|8
|
|t:|1760314317
|move|p1a: Ogerpon|Spikes|p2a: Dondozo
|-sidestart|p2: SpongeGar & Patar|Spikes
|move|p2a: Dondozo|Body Press|p1a: Ogerpon
|-damage|p1a: Ogerpon|51/100
|
|-heal|p2a: Dondozo|86/100|[from] item: Leftovers
|upkeep
|turn|9
|
|t:|1760314326
|move|p1a: Ogerpon|Horn Leech|p2a: Dondozo
|-supereffective|p2a: Dondozo
|-damage|p2a: Dondozo|50/100
|-heal|p1a: Ogerpon|81/100|[from] drain|[of] p2a: Dondozo
|move|p2a: Dondozo|Body Press|p1a: Ogerpon
|-damage|p1a: Ogerpon|46/100
|
|-heal|p2a: Dondozo|56/100|[from] item: Leftovers
|upkeep
|turn|10
|
|t:|1760314336
|switch|p2a: Corviknight|Corviknight, M|100/100
|-damage|p2a: Corviknight|88/100|[from] Stealth Rock
|-ability|p2a: Corviknight|Pressure
|move|p1a: Ogerpon|Horn Leech|p2a: Corviknight
|-resisted|p2a: Corviknight
|-damage|p2a: Corviknight|81/100
|-heal|p1a: Ogerpon|51/100|[from] drain|[of] p2a: Corviknight
|-damage|p1a: Ogerpon|34/100|[from] item: Rocky Helmet|[of] p2a: Corviknight
|
|upkeep
|turn|11
|
|t:|1760314345
|switch|p1a: Alomomola|Alomomola, M|100/100
|move|p2a: Corviknight|Roost|p2a: Corviknight
|-heal|p2a: Corviknight|100/100
|-singleturn|p2a: Corviknight|move: Roost
|
|upkeep
|turn|12
|
|t:|1760314354
|move|p2a: Corviknight|Defog|p1a: Alomomola
|-unboost|p1a: Alomomola|evasion|1
|-sideend|p1: Glinteighty|Stealth Rock|[from] move: Defog|[of] p2a: Corviknight
|-sideend|p2: SpongeGar & Patar|Spikes|[from] move: Defog|[of] p2a: Corviknight
|-sideend|p2: SpongeGar & Patar|Stealth Rock|[from] move: Defog|[of] p2a: Corviknight
|move|p1a: Alomomola|Wish|p1a: Alomomola
|
|upkeep
|turn|13
|inactive|SpongeGar & Patar has 90 seconds left.
|inactive|SpongeGar & Patar has 60 seconds left.
|
|t:|1760314403
|switch|p2a: Dondozo|Dondozo, M|56/100
|move|p1a: Alomomola|Flip Turn|p2a: Dondozo
|-resisted|p2a: Dondozo
|-damage|p2a: Dondozo|53/100
|j| ultimathunder
|
|t:|1760314418
|switch|p1a: Ogerpon|Ogerpon-Wellspring, F|34/100|[from] Flip Turn
|
|-heal|p1a: Ogerpon|100/100|[from] move: Wish|[wisher] Alomomola
|-heal|p2a: Dondozo|59/100|[from] item: Leftovers
|upkeep
|turn|14
|inactive|SpongeGar & Patar has 60 seconds left.
|j| theviolator3000
|
|t:|1760314432
|move|p1a: Ogerpon|Horn Leech|p2a: Dondozo
|-supereffective|p2a: Dondozo
|-damage|p2a: Dondozo|17/100
|move|p2a: Dondozo|Body Press|p1a: Ogerpon
|-damage|p1a: Ogerpon|67/100
|
|-heal|p2a: Dondozo|23/100|[from] item: Leftovers
|upkeep
|turn|15
|
|t:|1760314441
|switch|p2a: Corviknight|Corviknight, M|100/100
|-ability|p2a: Corviknight|Pressure
|move|p1a: Ogerpon|U-turn|p2a: Corviknight
|-resisted|p2a: Corviknight
|-damage|p2a: Corviknight|96/100
|-damage|p1a: Ogerpon|50/100|[from] item: Rocky Helmet|[of] p2a: Corviknight
|
|t:|1760314446
|switch|p1a: Kyurem|Kyurem|100/100|[from] U-turn
|-ability|p1a: Kyurem|Pressure
|
|upkeep
|turn|16
|
|t:|1760314456
|move|p1a: Kyurem|Freeze-Dry|p2a: Corviknight
|-damage|p2a: Corviknight|59/100
|move|p2a: Corviknight|U-turn|p1a: Kyurem
|-damage|p1a: Kyurem|89/100
|
|t:|1760314466
|switch|p2a: Slowking|Slowking-Galar, L99, M|100/100|[from] U-turn
|
|-heal|p1a: Kyurem|95/100|[from] item: Leftovers
|upkeep
|turn|17
|
|t:|1760314476
|move|p1a: Kyurem|Substitute|p1a: Kyurem
|-start|p1a: Kyurem|Substitute
|-damage|p1a: Kyurem|70/100
|move|p2a: Slowking|Sludge Bomb|p1a: Kyurem
|-crit|p1a: Kyurem
|-end|p1a: Kyurem|Substitute
|
|-heal|p1a: Kyurem|76/100|[from] item: Leftovers
|upkeep
|turn|18
|
|t:|1760314485
|move|p1a: Kyurem|Protect|p1a: Kyurem
|-singleturn|p1a: Kyurem|Protect
|move|p2a: Slowking|Sludge Bomb|p1a: Kyurem
|-activate|p1a: Kyurem|move: Protect
|
|-heal|p1a: Kyurem|82/100|[from] item: Leftovers
|upkeep
|turn|19
|l| ultimathunder
|
|t:|1760314495
|move|p1a: Kyurem|Substitute|p1a: Kyurem
|-start|p1a: Kyurem|Substitute
|-damage|p1a: Kyurem|57/100
|move|p2a: Slowking|Sludge Bomb|p1a: Kyurem
|-end|p1a: Kyurem|Substitute
|
|-heal|p1a: Kyurem|63/100|[from] item: Leftovers
|upkeep
|turn|20
|inactive|SpongeGar & Patar has 90 seconds left.
|
|t:|1760314505
|move|p1a: Kyurem|Protect|p1a: Kyurem
|-singleturn|p1a: Kyurem|Protect
|move|p2a: Slowking|Sludge Bomb|p1a: Kyurem
|-activate|p1a: Kyurem|move: Protect
|
|-heal|p1a: Kyurem|70/100|[from] item: Leftovers
|upkeep
|turn|21
|
|t:|1760314530
|switch|p1a: Slowking|Slowking-Galar, M|100/100
|move|p2a: Slowking|Sludge Bomb|p1a: Slowking
|-resisted|p1a: Slowking
|-damage|p1a: Slowking|91/100
|
|upkeep
|turn|22
|inactive|SpongeGar & Patar has 90 seconds left.
|inactive|SpongeGar & Patar has 60 seconds left.
|
|t:|1760314581
|-prepare|p1a: Slowking|Chilly Reception|[premajor]
|move|p1a: Slowking|Chilly Reception|p1a: Slowking
|-weather|Snowscape
|
|t:|1760314588
|switch|p1a: Kyurem|Kyurem|70/100|[from] Chilly Reception
|-ability|p1a: Kyurem|Pressure
|move|p2a: Slowking|Future Sight|p1a: Kyurem
|-start|p2a: Slowking|move: Future Sight
|
|-weather|Snowscape|[upkeep]
|-heal|p1a: Kyurem|76/100|[from] item: Leftovers
|upkeep
|turn|23
|
|t:|1760314597
|move|p1a: Kyurem|Protect|p1a: Kyurem
|-singleturn|p1a: Kyurem|Protect
|move|p2a: Slowking|Sludge Bomb|p1a: Kyurem
|-activate|p1a: Kyurem|move: Protect
|
|-weather|Snowscape|[upkeep]
|-heal|p1a: Kyurem|82/100|[from] item: Leftovers
|upkeep
|turn|24
|
|t:|1760314607
|switch|p1a: Slowking|Slowking-Galar, M|100/100
|move|p2a: Slowking|Sludge Bomb|p1a: Slowking
|-resisted|p1a: Slowking
|-damage|p1a: Slowking|91/100
|
|-weather|Snowscape|[upkeep]
|-end|p1a: Slowking|move: Future Sight
|-crit|p1a: Slowking
|-damage|p1a: Slowking|52/100
|upkeep
|turn|25
|
|t:|1760314618
|-prepare|p1a: Slowking|Chilly Reception|[premajor]
|move|p1a: Slowking|Chilly Reception|p1a: Slowking
|j| ty-tyui↻
|
|t:|1760314621
|switch|p1a: Kyurem|Kyurem|82/100|[from] Chilly Reception
|-ability|p1a: Kyurem|Pressure
|move|p2a: Slowking|Future Sight|p1a: Kyurem
|-start|p2a: Slowking|move: Future Sight
|
|-weather|Snowscape|[upkeep]
|-heal|p1a: Kyurem|88/100|[from] item: Leftovers
|upkeep
|turn|26
|
|t:|1760314636
|switch|p1a: Slowking|Slowking-Galar, M|86/100
|move|p2a: Slowking|Sludge Bomb|p1a: Slowking
|-resisted|p1a: Slowking
|-damage|p1a: Slowking|76/100
|
|-weather|none
|upkeep
|turn|27
|
|t:|1760314647
|move|p1a: Slowking|Psychic Noise|p2a: Slowking
|-damage|p2a: Slowking|83/100
|-start|p2a: Slowking|move: Heal Block
|move|p2a: Slowking|Sludge Bomb|p1a: Slowking
|-resisted|p1a: Slowking
|-damage|p1a: Slowking|66/100
|
|-end|p1a: Slowking|move: Future Sight
|-damage|p1a: Slowking|43/100
|upkeep
|turn|28
|inactive|SpongeGar & Patar has 60 seconds left.
|
|t:|1760314697
|move|p1a: Slowking|Psychic Noise|p2a: Slowking
|-damage|p2a: Slowking|66/100
|move|p2a: Slowking|Future Sight|p1a: Slowking
|-start|p2a: Slowking|move: Future Sight
|
|-end|p2a: Slowking|move: Heal Block
|upkeep
|turn|29
|inactive|SpongeGar & Patar has 30 seconds left.
|l| ty-tyui↻
|inactive|SpongeGar & Patar has 20 seconds left.
|inactive|SpongeGar & Patar has 15 seconds left.
|inactive|SpongeGar & Patar has 10 seconds left.
|inactive|SpongeGar & Patar has 5 seconds left.
|
|t:|1760314746
|move|p1a: Slowking|Sludge Bomb|p2a: Slowking
|-resisted|p2a: Slowking
|-damage|p2a: Slowking|56/100
|move|p2a: Slowking|Toxic|p1a: Slowking
|-immune|p1a: Slowking
|
|upkeep
|turn|30
|inactive|SpongeGar & Patar has 15 seconds left this turn.
|inactive|SpongeGar & Patar has 10 seconds left.
|inactive|SpongeGar & Patar has 5 seconds left.
|
|t:|1760314756
|move|p1a: Slowking|Slack Off|p1a: Slowking
|-heal|p1a: Slowking|93/100
|move|p2a: Slowking|Sludge Bomb|p1a: Slowking
|-resisted|p1a: Slowking
|-damage|p1a: Slowking|82/100
|
|-end|p1a: Slowking|move: Future Sight
|-damage|p1a: Slowking|57/100
|upkeep
|turn|31
|inactive|SpongeGar & Patar has 15 seconds left this turn.
|inactive|SpongeGar & Patar has 10 seconds left.
|inactive|SpongeGar & Patar has 5 seconds left.
|
|t:|1760314767
|move|p1a: Slowking|Psychic Noise|p2a: Slowking
|-damage|p2a: Slowking|38/100
|-start|p2a: Slowking|move: Heal Block
|move|p2a: Slowking|Future Sight|p1a: Slowking
|-start|p2a: Slowking|move: Future Sight
|
|upkeep
|turn|32
|inactive|SpongeGar & Patar has 15 seconds left this turn.
|inactive|SpongeGar & Patar has 10 seconds left.
|inactive|SpongeGar & Patar has 5 seconds left.
|
|t:|1760314777
|switch|p2a: Kyurem|Kyurem, tera:Ground|71/100
|-ability|p2a: Kyurem|Pressure
|move|p1a: Slowking|Psychic Noise|p2a: Kyurem
|-damage|p2a: Kyurem|44/100
|-start|p2a: Kyurem|move: Heal Block
|
|upkeep
|turn|33
|inactive|SpongeGar & Patar has 15 seconds left this turn.
|inactive|SpongeGar & Patar has 10 seconds left.
|inactive|SpongeGar & Patar has 5 seconds left.
|
|t:|1760314794
|-terastallize|p1a: Slowking|Dark
|move|p2a: Kyurem|Earth Power|p1a: Slowking
|-damage|p1a: Slowking|31/100
|-prepare|p1a: Slowking|Chilly Reception|[premajor]
|move|p1a: Slowking|Chilly Reception|p1a: Slowking
|-weather|Snowscape
|
|t:|1760314795
|switch|p1a: Ogerpon|Ogerpon-Wellspring, F|50/100|[from] Chilly Reception
|
|-weather|Snowscape|[upkeep]
|-end|p1a: Ogerpon|move: Future Sight
|-damage|p1a: Ogerpon|0 fnt
|faint|p1a: Ogerpon
|-end|p2a: Kyurem|move: Heal Block
|upkeep
|
|t:|1760314801
|switch|p1a: Kyurem|Kyurem|88/100
|-ability|p1a: Kyurem|Pressure
|turn|34
|inactive|SpongeGar & Patar has 25 seconds left this turn.
|inactive|SpongeGar & Patar has 20 seconds left.
|
|t:|1760314815
|switch|p2a: Slowking|Slowking-Galar, L99, M|72/100
|move|p1a: Kyurem|Freeze-Dry|p2a: Slowking
|-damage|p2a: Slowking|48/100
|
|-weather|Snowscape|[upkeep]
|-heal|p1a: Kyurem|94/100|[from] item: Leftovers
|upkeep
|turn|35
|inactive|SpongeGar & Patar has 30 seconds left this turn.
|
|t:|1760314825
|move|p1a: Kyurem|Substitute|p1a: Kyurem
|-start|p1a: Kyurem|Substitute
|-damage|p1a: Kyurem|69/100
|move|p2a: Slowking|Sludge Bomb|p1a: Kyurem
|-end|p1a: Kyurem|Substitute
|
|-weather|Snowscape|[upkeep]
|-heal|p1a: Kyurem|76/100|[from] item: Leftovers
|upkeep
|turn|36
|inactive|SpongeGar & Patar has 30 seconds left.
|
|t:|1760314835
|move|p1a: Kyurem|Substitute|p1a: Kyurem
|-start|p1a: Kyurem|Substitute
|-damage|p1a: Kyurem|51/100
|move|p2a: Slowking|Future Sight|p1a: Kyurem
|-start|p2a: Slowking|move: Future Sight
|
|-weather|Snowscape|[upkeep]
|-heal|p1a: Kyurem|57/100|[from] item: Leftovers
|upkeep
|turn|37
|
|t:|1760314844
|switch|p2a: Ting-Lu|Ting-Lu|100/100
|-ability|p2a: Ting-Lu|Vessel of Ruin
|move|p1a: Kyurem|Earth Power|p2a: Ting-Lu
|-crit|p2a: Ting-Lu
|-damage|p2a: Ting-Lu|80/100
|
|-weather|none
|-heal|p1a: Kyurem|63/100|[from] item: Leftovers
|-heal|p2a: Ting-Lu|86/100|[from] item: Leftovers
|upkeep
|turn|38
|
|t:|1760314867
|move|p1a: Kyurem|Protect|p1a: Kyurem
|-singleturn|p1a: Kyurem|Protect
|move|p2a: Ting-Lu|Earthquake|p1a: Kyurem
|-activate|p1a: Kyurem|move: Protect
|
|-end|p1a: Kyurem|move: Future Sight
|-end|p1a: Kyurem|Substitute
|-heal|p1a: Kyurem|69/100|[from] item: Leftovers
|-heal|p2a: Ting-Lu|93/100|[from] item: Leftovers
|upkeep
|turn|39
|inactive|Glinteighty has 120 seconds left.
|
|t:|1760314908
|switch|p1a: Alomomola|Alomomola, M|100/100
|move|p2a: Ting-Lu|Earthquake|p1a: Alomomola
|-damage|p1a: Alomomola|81/100
|
|-heal|p2a: Ting-Lu|99/100|[from] item: Leftovers
|upkeep
|turn|40
|
|t:|1760314919
|move|p2a: Ting-Lu|Earthquake|p1a: Alomomola
|-damage|p1a: Alomomola|62/100
|move|p1a: Alomomola|Wish|p1a: Alomomola
|
|-heal|p2a: Ting-Lu|100/100|[from] item: Leftovers
|upkeep
|turn|41
|
|t:|1760314929
|switch|p2a: Corviknight|Corviknight, M|59/100
|-ability|p2a: Corviknight|Pressure
|move|p1a: Alomomola|Flip Turn|p2a: Corviknight
|-damage|p2a: Corviknight|49/100
|-damage|p1a: Alomomola|46/100|[from] item: Rocky Helmet|[of] p2a: Corviknight
|
|t:|1760314947
|switch|p1a: Kyurem|Kyurem|69/100|[from] Flip Turn
|-ability|p1a: Kyurem|Pressure
|
|-heal|p1a: Kyurem|100/100|[from] move: Wish|[wisher] Alomomola
|upkeep
|turn|42
|
|t:|1760314956
|move|p1a: Kyurem|Substitute|p1a: Kyurem
|-start|p1a: Kyurem|Substitute
|-damage|p1a: Kyurem|76/100
|move|p2a: Corviknight|Roost|p2a: Corviknight
|-heal|p2a: Corviknight|99/100
|-singleturn|p2a: Corviknight|move: Roost
|
|-heal|p1a: Kyurem|82/100|[from] item: Leftovers
|upkeep
|turn|43
|j| bloodhound q50
|inactive|Glinteighty has 120 seconds left.
|inactive|SpongeGar & Patar has 60 seconds left.
|j| Nikator98
|l| Nikator98
|
|t:|1760314983
|switch|p2a: Slowking|Slowking-Galar, L99, M|82/100
|move|p1a: Kyurem|Protect||[still]
|-fail|p1a: Kyurem
|
|-heal|p1a: Kyurem|88/100|[from] item: Leftovers
|upkeep
|turn|44
|j| ty-tyui↻
|
|t:|1760314992
|move|p1a: Kyurem|Freeze-Dry|p2a: Slowking
|-damage|p2a: Slowking|57/100
|move|p2a: Slowking|Future Sight|p1a: Kyurem
|-start|p2a: Slowking|move: Future Sight
|
|-heal|p1a: Kyurem|94/100|[from] item: Leftovers
|upkeep
|turn|45
|l| ty-tyui↻
|
|t:|1760315002
|switch|p2a: Ting-Lu|Ting-Lu|100/100
|-ability|p2a: Ting-Lu|Vessel of Ruin
|move|p1a: Kyurem|Earth Power|p2a: Ting-Lu
|-crit|p2a: Ting-Lu
|-damage|p2a: Ting-Lu|79/100
|
|-heal|p1a: Kyurem|99/100|[from] item: Leftovers
|-heal|p2a: Ting-Lu|85/100|[from] item: Leftovers
|upkeep
|turn|46
|
|t:|1760315011
|move|p1a: Kyurem|Protect|p1a: Kyurem
|-singleturn|p1a: Kyurem|Protect
|move|p2a: Ting-Lu|Earthquake|p1a: Kyurem
|-activate|p1a: Kyurem|move: Protect
|
|-end|p1a: Kyurem|move: Future Sight
|-end|p1a: Kyurem|Substitute
|-heal|p1a: Kyurem|100/100|[from] item: Leftovers
|-heal|p2a: Ting-Lu|91/100|[from] item: Leftovers
|upkeep
|turn|47
|
|t:|1760315021
|move|p1a: Kyurem|Freeze-Dry|p2a: Ting-Lu
|-supereffective|p2a: Ting-Lu
|-damage|p2a: Ting-Lu|56/100
|move|p2a: Ting-Lu|Earthquake|p1a: Kyurem
|-damage|p1a: Kyurem|70/100
|
|-heal|p1a: Kyurem|76/100|[from] item: Leftovers
|-heal|p2a: Ting-Lu|63/100|[from] item: Leftovers
|upkeep
|turn|48
|inactive|Glinteighty has 120 seconds left.
|
|t:|1760315071
|switch|p1a: Alomomola|Alomomola, M|79/100
|move|p2a: Ting-Lu|Rest|p2a: Ting-Lu
|-status|p2a: Ting-Lu|slp|[from] move: Rest
|-heal|p2a: Ting-Lu|100/100 slp|[silent]
|
|upkeep
|turn|49
|inactive|SpongeGar & Patar has 90 seconds left.
|inactive|SpongeGar & Patar has 60 seconds left.
|
|t:|1760315121
|cant|p2a: Ting-Lu|slp
|move|p2a: Ting-Lu|Sleep Talk|p2a: Ting-Lu
|move|p2a: Ting-Lu|Payback|p1a: Alomomola|[from] move: Sleep Talk
|-damage|p1a: Alomomola|69/100
|move|p1a: Alomomola|Flip Turn|p2a: Ting-Lu
|-supereffective|p2a: Ting-Lu
|-damage|p2a: Ting-Lu|84/100 slp
|inactive|Glinteighty has 90 seconds left.
|
|t:|1760315137
|switch|p1a: Kyurem|Kyurem|76/100|[from] Flip Turn
|-ability|p1a: Kyurem|Pressure
|
|-heal|p1a: Kyurem|82/100|[from] item: Leftovers
|-heal|p2a: Ting-Lu|90/100 slp|[from] item: Leftovers
|upkeep
|turn|50
|inactive|SpongeGar & Patar has 60 seconds left.
|
|t:|1760315147
|move|p1a: Kyurem|Substitute|p1a: Kyurem
|-start|p1a: Kyurem|Substitute
|-damage|p1a: Kyurem|57/100
|cant|p2a: Ting-Lu|slp
|move|p2a: Ting-Lu|Sleep Talk|p2a: Ting-Lu
|move|p2a: Ting-Lu|Rest||[from] move: Sleep Talk|[still]
|-fail|p2a: Ting-Lu
|
|-heal|p1a: Kyurem|63/100|[from] item: Leftovers
|-heal|p2a: Ting-Lu|97/100 slp|[from] item: Leftovers
|upkeep
|turn|51
|
|t:|1760315164
|move|p1a: Kyurem|Freeze-Dry|p2a: Ting-Lu
|-supereffective|p2a: Ting-Lu
|-damage|p2a: Ting-Lu|65/100 slp
|-curestatus|p2a: Ting-Lu|slp|[msg]
|move|p2a: Ting-Lu|Payback|p1a: Kyurem
|-end|p1a: Kyurem|Substitute
|
|-heal|p1a: Kyurem|70/100|[from] item: Leftovers
|-heal|p2a: Ting-Lu|71/100|[from] item: Leftovers
|upkeep
|turn|52
|
|t:|1760315173
|move|p1a: Kyurem|Freeze-Dry|p2a: Ting-Lu
|-supereffective|p2a: Ting-Lu
|-damage|p2a: Ting-Lu|40/100
|move|p2a: Ting-Lu|Earthquake|p1a: Kyurem
|-damage|p1a: Kyurem|40/100
|
|-heal|p1a: Kyurem|46/100|[from] item: Leftovers
|-heal|p2a: Ting-Lu|46/100|[from] item: Leftovers
|upkeep
|turn|53
|
|t:|1760315186
|switch|p1a: Alomomola|Alomomola, M|100/100
|move|p2a: Ting-Lu|Rest|p2a: Ting-Lu
|-status|p2a: Ting-Lu|slp|[from] move: Rest
|-heal|p2a: Ting-Lu|100/100 slp|[silent]
|
|upkeep
|turn|54
|
|t:|1760315195
|switch|p2a: Slowking|Slowking-Galar, L99, M|90/100
|move|p1a: Alomomola|Wish|p1a: Alomomola
|
|upkeep
|turn|55
|inactive|Glinteighty has 90 seconds left.
|
|t:|1760315221
|move|p1a: Alomomola|Flip Turn|p2a: Slowking
|-damage|p2a: Slowking|72/100
|
|t:|1760315224
|switch|p1a: Slowking|Slowking-Galar, M, tera:Dark|64/100|[from] Flip Turn
|move|p2a: Slowking|Toxic|p1a: Slowking
|-status|p1a: Slowking|tox
|
|-heal|p1a: Slowking|100/100 tox|[from] move: Wish|[wisher] Alomomola
|-damage|p1a: Slowking|94/100 tox|[from] psn
|upkeep
|turn|56
|
|t:|1760315233
|move|p1a: Slowking|Psychic Noise|p2a: Slowking
|-damage|p2a: Slowking|54/100
|-start|p2a: Slowking|move: Heal Block
|move|p2a: Slowking|Future Sight|p1a: Slowking
|-start|p2a: Slowking|move: Future Sight
|
|-damage|p1a: Slowking|82/100 tox|[from] psn
|upkeep
|turn|57
|
|t:|1760315243
|switch|p2a: Kyurem|Kyurem, tera:Ground|44/100
|-ability|p2a: Kyurem|Pressure
|-prepare|p1a: Slowking|Chilly Reception|[premajor]
|move|p1a: Slowking|Chilly Reception|p1a: Slowking
|-weather|Snowscape
|
|t:|1760315246
|switch|p1a: Kyurem|Kyurem|46/100|[from] Chilly Reception
|-ability|p1a: Kyurem|Pressure
|
|-weather|Snowscape|[upkeep]
|-heal|p2a: Kyurem|50/100|[from] item: Leftovers
|-heal|p1a: Kyurem|52/100|[from] item: Leftovers
|upkeep
|turn|58
|
|t:|1760315256
|switch|p2a: Slowking|Slowking-Galar, L99, M|87/100
|move|p1a: Kyurem|Freeze-Dry|p2a: Slowking
|-damage|p2a: Slowking|63/100
|
|-weather|Snowscape|[upkeep]
|-end|p1a: Kyurem|move: Future Sight
|-damage|p1a: Kyurem|17/100
|-heal|p1a: Kyurem|23/100|[from] item: Leftovers
|upkeep
|turn|59
|
|t:|1760315265
|move|p1a: Kyurem|Protect|p1a: Kyurem
|-singleturn|p1a: Kyurem|Protect
|-prepare|p2a: Slowking|Chilly Reception|[premajor]
|move|p2a: Slowking|Chilly Reception|p2a: Slowking
|
|t:|1760315274
|switch|p2a: Kyurem|Kyurem, tera:Ground|50/100|[from] Chilly Reception
|-ability|p2a: Kyurem|Pressure
|
|-weather|Snowscape|[upkeep]
|-heal|p2a: Kyurem|56/100|[from] item: Leftovers
|-heal|p1a: Kyurem|30/100|[from] item: Leftovers
|upkeep
|turn|60
|
|t:|1760315284
|move|p2a: Kyurem|Earth Power|p1a: Kyurem
|-damage|p1a: Kyurem|0 fnt
|faint|p1a: Kyurem
|
|-weather|Snowscape|[upkeep]
|-heal|p2a: Kyurem|63/100|[from] item: Leftovers
|upkeep
|-message|Glinteighty forfeited.
|
|win|SpongeGar & Patar
|raw|Glinteighty's rating: 1687 &rarr; <strong>1674</strong><br />(-13 for losing)
|raw|SpongeGar &amp; Patar's rating: 1819 &rarr; <strong>1832</strong><br />(+13 for winning)
|l|☆SpongeGar & Patar
|player|p2|
|l|☆Glinteighty
|player|p1|
