|j|☆sus skibidi
|j|☆cody gakpo wife
|t:|1760374878
|gametype|singles
|player|p1|sus skibidi|2|1431
|player|p2|cody gakpo wife|skyla|1437
|gen|9
|tier|[Gen 9] OU
|rated|
|rule|HP Percentage Mod: HP is shown in percentages
|rule|Endless Battle Clause: Forcing endless battles is banned
|rule|Species Clause: Limit one of each Pokémon
|rule|OHKO Clause: OHKO moves are banned
|rule|Evasion Items Clause: Evasion items are banned
|rule|Evasion Moves Clause: Evasion moves are banned
|rule|Evasion Abilities Clause: Evasion abilities are banned
|rule|Sleep Moves Clause: Sleep-inducing moves are banned
|clearpoke
|poke|p1|Fezandipiti, M|
|poke|p1|Iron Boulder|
|poke|p1|Great Tusk|
|poke|p1|Hydreigon, M|
|poke|p1|Hatterene, F|
|poke|p1|Ogerpon-Wellspring, F|
|poke|p2|Hoopa-Unbound|
|poke|p2|Ogerpon-Wellspring, F|
|poke|p2|Cinderace, F|
|poke|p2|Primarina, F|
|poke|p2|Corviknight, F|
|poke|p2|Landorus-Therian, M|
|teampreview
|
|t:|1760374900
|teamsize|p1|6
|teamsize|p2|6
|start
|switch|p1a: Hydreigon|Hydreigon, M|100/100
|switch|p2a: Ogerpon|Ogerpon-Wellspring, F|100/100
|turn|1
|
|t:|1760374906
|move|p2a: Ogerpon|Swords Dance|p2a: Ogerpon
|-boost|p2a: Ogerpon|atk|2
|move|p1a: Hydreigon|Dark Pulse|p2a: Ogerpon
|-damage|p2a: Ogerpon|56/100
|
|upkeep
|turn|2
|
|t:|1760374909
|move|p2a: Ogerpon|U-turn|p1a: Hydreigon
|-supereffective|p1a: Hydreigon
|-damage|p1a: Hydreigon|0 fnt
|faint|p1a: Hydreigon
|
|t:|1760374913
|switch|p2a: Hoopa|Hoopa-Unbound|100/100|[from] U-turn
|
|upkeep
|
|t:|1760374924
|switch|p1a: Iron Boulder|Iron Boulder|100/100
|turn|3
|inactive|Battle timer is ON: inactive players will automatically lose when time's up. (requested by cody gakpo wife)
|
|t:|1760374929
|move|p1a: Iron Boulder|Mighty Cleave|p2a: Hoopa
|-damage|p2a: Hoopa|0 fnt
|faint|p2a: Hoopa
|
|upkeep
|
|t:|1760374936
|switch|p2a: Landorus|Landorus-Therian, M|100/100
|-ability|p2a: Landorus|Intimidate|boost
|-unboost|p1a: Iron Boulder|atk|1
|turn|4
|
|t:|1760374943
|-end|p1a: Iron Boulder|Quark Drive|[silent]
|switch|p1a: Hatterene|Hatterene, F|100/100
|move|p2a: Landorus|U-turn|p1a: Hatterene
|-damage|p1a: Hatterene|76/100
|-damage|p2a: Landorus|84/100|[from] item: Rocky Helmet|[of] p1a: Hatterene
|
|t:|1760374952
|switch|p2a: Cinderace|Cinderace, F|100/100|[from] U-turn
|
|upkeep
|turn|5
|
|t:|1760374958
|move|p2a: Cinderace|U-turn|p1a: Hatterene
|-start|p2a: Cinderace|typechange|Bug|[from] ability: Libero
|-damage|p1a: Hatterene|53/100
|-damage|p2a: Cinderace|84/100|[from] item: Rocky Helmet|[of] p1a: Hatterene
|
|t:|1760374960
|switch|p2a: Landorus|Landorus-Therian, M|84/100|[from] U-turn
|-ability|p2a: Landorus|Intimidate|boost
|-unboost|p1a: Hatterene|atk|1
|move|p1a: Hatterene|Nuzzle|p2a: Landorus
|-immune|p2a: Landorus
|
|upkeep
|turn|6
|
|t:|1760374965
|move|p2a: Landorus|Earthquake|p1a: Hatterene
|-damage|p1a: Hatterene|0 fnt
|faint|p1a: Hatterene
|
|upkeep
|
|t:|1760374968
|switch|p1a: Ogerpon|Ogerpon-Wellspring, F|100/100
|turn|7
|
|t:|1760374972
|switch|p2a: Ogerpon|Ogerpon-Wellspring, F|56/100
|move|p1a: Ogerpon|Swords Dance|p1a: Ogerpon
|-boost|p1a: Ogerpon|atk|2
|
|upkeep
|turn|8
|
|t:|1760374975
|move|p1a: Ogerpon|Horn Leech|p2a: Ogerpon
|-damage|p2a: Ogerpon|0 fnt
|faint|p2a: Ogerpon
|
|upkeep
|
|t:|1760374979
|switch|p2a: Cinderace|Cinderace, F|84/100
|turn|9
|
|t:|1760374982
|move|p2a: Cinderace|Will-O-Wisp|p1a: Ogerpon
|-status|p1a: Ogerpon|brn
|move|p1a: Ogerpon|Ivy Cudgel|p2a: Cinderace|[anim] Ivy Cudgel Water
|-supereffective|p2a: Cinderace
|-crit|p2a: Cinderace
|-damage|p2a: Cinderace|0 fnt
|faint|p2a: Cinderace
|
|-damage|p1a: Ogerpon|95/100 brn|[from] brn
|upkeep
|
|t:|1760374986
|switch|p2a: Corviknight|Corviknight, F|100/100
|-ability|p2a: Corviknight|Pressure
|turn|10
|
|t:|1760374989
|move|p1a: Ogerpon|Knock Off|p2a: Corviknight
|-damage|p2a: Corviknight|78/100
|-damage|p1a: Ogerpon|78/100 brn|[from] item: Rocky Helmet|[of] p2a: Corviknight
|-enditem|p2a: Corviknight|Rocky Helmet|[from] move: Knock Off|[of] p1a: Ogerpon
|move|p2a: Corviknight|Iron Defense|p2a: Corviknight
|-boost|p2a: Corviknight|def|2
|
|-damage|p1a: Ogerpon|72/100 brn|[from] brn
|upkeep
|turn|11
|
|t:|1760374992
|move|p1a: Ogerpon|Ivy Cudgel|p2a: Corviknight|[anim] Ivy Cudgel Water
|-damage|p2a: Corviknight|61/100
|move|p2a: Corviknight|Iron Defense|p2a: Corviknight
|-boost|p2a: Corviknight|def|2
|
|-damage|p1a: Ogerpon|66/100 brn|[from] brn
|upkeep
|turn|12
|
|t:|1760374996
|move|p1a: Ogerpon|Ivy Cudgel|p2a: Corviknight|[anim] Ivy Cudgel Water
|-damage|p2a: Corviknight|49/100
|move|p2a: Corviknight|Iron Defense|p2a: Corviknight
|-boost|p2a: Corviknight|def|2
|
|-damage|p1a: Ogerpon|60/100 brn|[from] brn
|upkeep
|turn|13
|
|t:|1760374998
|move|p1a: Ogerpon|Ivy Cudgel|p2a: Corviknight|[anim] Ivy Cudgel Water
|-crit|p2a: Corviknight
|-damage|p2a: Corviknight|0 fnt
|faint|p2a: Corviknight
|
|-damage|p1a: Ogerpon|54/100 brn|[from] brn
|upkeep
|
|t:|1760375005
|switch|p2a: Primarina|Primarina, F|100/100
|turn|14
|
|t:|1760375011
|move|p1a: Ogerpon|Horn Leech|p2a: Primarina
|-supereffective|p2a: Primarina
|-damage|p2a: Primarina|0 fnt
|-heal|p1a: Ogerpon|100/100 brn|[from] drain|[of] p2a: Primarina
|faint|p2a: Primarina
|
|-damage|p1a: Ogerpon|95/100 brn|[from] brn
|upkeep
|
|t:|1760375016
|switch|p2a: Landorus|Landorus-Therian, M|84/100
|-ability|p2a: Landorus|Intimidate|boost
|-unboost|p1a: Ogerpon|atk|1
|turn|15
|
|t:|1760375021
|-terastallize|p2a: Landorus|Flying
|move|p2a: Landorus|Tera Blast|p1a: Ogerpon|[anim] Tera Blast Flying
|-supereffective|p1a: Ogerpon
|-damage|p1a: Ogerpon|0 fnt
|faint|p1a: Ogerpon
|
|upkeep
|
|t:|1760375024
|switch|p1a: Iron Boulder|Iron Boulder|100/100
|turn|16
|
|t:|1760375027
|move|p2a: Landorus|Tera Blast|p1a: Iron Boulder|[anim] Tera Blast Flying
|-resisted|p1a: Iron Boulder
|-damage|p1a: Iron Boulder|59/100
|move|p1a: Iron Boulder|Mighty Cleave|p2a: Landorus
|-supereffective|p2a: Landorus
|-damage|p2a: Landorus|0 fnt
|faint|p2a: Landorus
|
|win|sus skibidi
|raw|sus skibidi's rating: 1431 &rarr; <strong>1451</strong><br />(+20 for winning)
|raw|cody gakpo wife's rating: 1437 &rarr; <strong>1417</strong><br />(-20 for losing)
|l|☆cody gakpo wife
|player|p2|
