|j|☆Barronmaster
|j|☆qaqkiller
|t:|1760357282
|gametype|singles
|player|p1|Barronmaster|palmer|1672
|player|p2|qaqkiller|maid|1654
|gen|9
|tier|[Gen 9] OU
|rated|
|rule|HP Percentage Mod: HP is shown in percentages
|rule|Endless Battle Clause: Forcing endless battles is banned
|rule|Species Clause: Limit one of each Pokémon
|rule|OHKO Clause: OHKO moves are banned
|rule|Evasion Items Clause: Evasion items are banned
|rule|Evasion Moves Clause: Evasion moves are banned
|rule|Evasion Abilities Clause: Evasion abilities are banned
|rule|Sleep Moves Clause: Sleep-inducing moves are banned
|clearpoke
|poke|p1|Hoopa-Unbound|
|poke|p1|Ninetales-Alola, F|
|poke|p1|Slowking-Galar, M|
|poke|p1|Cloyster, F|
|poke|p1|Zoroark, M|
|poke|p1|Indeedee, M|
|poke|p2|Zamazenta-*|
|poke|p2|Iron Valiant|
|poke|p2|Sinistcha-Masterpiece|
|poke|p2|Gholdengo|
|poke|p2|Samurott-Hisui, M|
|poke|p2|Landorus-Therian, M|
|teampreview
|inactive|Battle timer is ON: inactive players will automatically lose when time's up. (requested by qaqkiller)
|
|t:|1760357310
|teamsize|p1|6
|teamsize|p2|6
|start
|switch|p1a: Ninetales|Ninetales-Alola, F|100/100
|switch|p2a: Gholdengo|Gholdengo, shiny|100/100
|-weather|Snowscape|[from] ability: Snow Warning|[of] p1a: Ninetales
|-item|p2a: Gholdengo|Air Balloon
|turn|1
|
|t:|1760357320
|-terastallize|p1a: Ninetales|Steel
|move|p1a: Ninetales|Aurora Veil|p1a: Ninetales
|-sidestart|p1: Barronmaster|move: Aurora Veil
|move|p2a: Gholdengo|Nasty Plot|p2a: Gholdengo
|-boost|p2a: Gholdengo|spa|2
|
|-weather|Snowscape|[upkeep]
|upkeep
|turn|2
|
|t:|1760357327
|switch|p1a: Hoopa|Hoopa-Unbound|100/100
|move|p2a: Gholdengo|Shadow Ball|p1a: Hoopa
|-damage|p1a: Hoopa|80/100
|
|-weather|Snowscape|[upkeep]
|upkeep
|turn|3
|
|t:|1760357342
|-terastallize|p2a: Gholdengo|Fairy
|move|p2a: Gholdengo|Make It Rain|p1a: Hoopa
|-damage|p1a: Hoopa|47/100
|-unboost|p2a: Gholdengo|spa|1
|move|p1a: Hoopa|Knock Off|p2a: Gholdengo
|-resisted|p2a: Gholdengo
|-damage|p2a: Gholdengo|67/100
|-enditem|p2a: Gholdengo|Air Balloon
|
|-weather|Snowscape|[upkeep]
|upkeep
|turn|4
|
|t:|1760357362
|move|p2a: Gholdengo|Shadow Ball|p1a: Hoopa
|-damage|p1a: Hoopa|30/100
|move|p1a: Hoopa|Psychic Noise|p2a: Gholdengo
|-damage|p2a: Gholdengo|6/100
|-start|p2a: Gholdengo|move: Heal Block
|
|-weather|Snowscape|[upkeep]
|upkeep
|turn|5
|
|t:|1760357375
|switch|p1a: Slowking|Slowking-Galar, M|100/100
|move|p2a: Gholdengo|Make It Rain|p1a: Slowking
|-damage|p1a: Slowking|66/100
|-unboost|p2a: Gholdengo|spa|1
|
|-weather|none
|-heal|p1a: Slowking|72/100|[from] item: Leftovers
|-end|p2a: Gholdengo|move: Heal Block
|upkeep
|turn|6
|
|t:|1760357384
|switch|p2a: Samurott|Samurott-Hisui, M, shiny|100/100
|move|p1a: Slowking|Trick Room|p1a: Slowking
|-fieldstart|move: Trick Room|[of] p1a: Slowking
|
|-heal|p1a: Slowking|78/100|[from] item: Leftovers
|upkeep
|turn|7
|
|t:|1760357396
|switch|p1a: Cloyster|Cloyster, F|100/100
|move|p2a: Samurott|Ceaseless Edge|p1a: Cloyster
|-crit|p1a: Cloyster
|-damage|p1a: Cloyster|49/100
|-sidestart|p1: Barronmaster|Spikes
|
|upkeep
|turn|8
|
|t:|1760357412
|move|p1a: Cloyster|Rock Blast|p2a: Samurott
|-damage|p2a: Samurott|93/100
|-damage|p2a: Samurott|84/100
|-damage|p2a: Samurott|76/100
|-damage|p2a: Samurott|68/100
|-damage|p2a: Samurott|60/100
|-hitcount|p2a: Samurott|5
|move|p2a: Samurott|Ceaseless Edge|p1a: Cloyster
|-damage|p1a: Cloyster|33/100
|-sidestart|p1: Barronmaster|Spikes
|
|-sideend|p1: Barronmaster|move: Aurora Veil
|upkeep
|turn|9
|
|t:|1760357419
|move|p2a: Samurott|Sucker Punch|p1a: Cloyster
|-damage|p1a: Cloyster|6/100
|move|p1a: Cloyster|Rock Blast|p2a: Samurott
|-damage|p2a: Samurott|52/100
|-damage|p2a: Samurott|43/100
|-damage|p2a: Samurott|35/100
|-damage|p2a: Samurott|26/100
|-damage|p2a: Samurott|17/100
|-hitcount|p2a: Samurott|5
|
|upkeep
|turn|10
|
|t:|1760357425
|move|p2a: Samurott|Sucker Punch||[still]
|-fail|p2a: Samurott
|move|p1a: Cloyster|Shell Smash|p1a: Cloyster
|-unboost|p1a: Cloyster|def|1
|-unboost|p1a: Cloyster|spd|1
|-boost|p1a: Cloyster|atk|2
|-boost|p1a: Cloyster|spa|2
|-boost|p1a: Cloyster|spe|2
|
|-fieldend|move: Trick Room
|upkeep
|turn|11
|
|t:|1760357429
|move|p1a: Cloyster|Ice Shard|p2a: Samurott
|-resisted|p2a: Samurott
|-damage|p2a: Samurott|0 fnt
|faint|p2a: Samurott
|
|upkeep
|
|t:|1760357433
|switch|p2a: Zamazenta|Zamazenta, shiny|100/100
|-ability|p2a: Zamazenta|Dauntless Shield|boost
|-boost|p2a: Zamazenta|def|1
|turn|12
|
|t:|1760357437
|move|p1a: Cloyster|Icicle Spear|p2a: Zamazenta
|-damage|p2a: Zamazenta|85/100
|-damage|p2a: Zamazenta|70/100
|-damage|p2a: Zamazenta|56/100
|-damage|p2a: Zamazenta|40/100
|-damage|p2a: Zamazenta|25/100
|-hitcount|p2a: Zamazenta|5
|move|p2a: Zamazenta|Heavy Slam|p1a: Cloyster
|-damage|p1a: Cloyster|0 fnt
|faint|p1a: Cloyster
|
|upkeep
|
|t:|1760357441
|switch|p1a: Slowking|Slowking-Galar, M|100/100
|-damage|p1a: Slowking|84/100|[from] Spikes
|turn|13
|
|t:|1760357444
|move|p2a: Zamazenta|Crunch|p1a: Slowking
|-supereffective|p1a: Slowking
|-damage|p1a: Slowking|29/100
|move|p1a: Slowking|Trick Room|p1a: Slowking
|-fieldstart|move: Trick Room|[of] p1a: Slowking
|
|-heal|p1a: Slowking|35/100|[from] item: Leftovers
|upkeep
|turn|14
|
|t:|1760357452
|switch|p2a: Gholdengo|Gholdengo, shiny, tera:Fairy|6/100
|move|p1a: Slowking|Psychic Noise|p2a: Gholdengo
|-crit|p2a: Gholdengo
|-damage|p2a: Gholdengo|0 fnt
|faint|p2a: Gholdengo
|
|-heal|p1a: Slowking|41/100|[from] item: Leftovers
|upkeep
|
|t:|1760357462
|switch|p2a: Landorus|Landorus-Therian, M, shiny|100/100
|-ability|p2a: Landorus|Intimidate|boost
|-unboost|p1a: Slowking|atk|1
|turn|15
|
|t:|1760357472
|move|p1a: Slowking|Psychic Noise|p2a: Landorus
|-damage|p2a: Landorus|61/100
|-start|p2a: Landorus|move: Heal Block
|move|p2a: Landorus|Stealth Rock|p1a: Slowking
|-sidestart|p1: Barronmaster|move: Stealth Rock
|
|-heal|p1a: Slowking|47/100|[from] item: Leftovers
|upkeep
|turn|16
|
|t:|1760357487
|move|p1a: Slowking|Psychic Noise|p2a: Landorus
|-damage|p2a: Landorus|20/100
|move|p2a: Landorus|Earthquake|p1a: Slowking
|-supereffective|p1a: Slowking
|-damage|p1a: Slowking|0 fnt
|faint|p1a: Slowking
|
|-end|p2a: Landorus|move: Heal Block
|upkeep
|inactive|Barronmaster has 120 seconds left.
|inactive|Barronmaster has 90 seconds left.
|
|t:|1760357550
|switch|p1a: Indeedee|Indeedee, M|100/100
|-damage|p1a: Indeedee|84/100|[from] Spikes
|-damage|p1a: Indeedee|72/100|[from] Stealth Rock
|-fieldstart|move: Psychic Terrain|[from] ability: Psychic Surge|[of] p1a: Indeedee
|turn|17
|inactive|Barronmaster has 90 seconds left.
|inactive|Barronmaster has 60 seconds left.
|
|t:|1760357594
|move|p1a: Indeedee|Healing Wish|p1a: Indeedee
|faint|p1a: Indeedee
|move|p2a: Landorus|Earthquake|p1: Indeedee|[notarget]
|-fail|p2a: Landorus
|
|-fieldend|move: Trick Room
|upkeep
|inactive|Barronmaster has 30 seconds left.
|inactive|Barronmaster has 20 seconds left.
|
|t:|1760357634
|switch|p1a: Ninetales|Ninetales-Alola, F, tera:Steel|100/100
|-damage|p1a: Ninetales|84/100|[from] Spikes
|-damage|p1a: Ninetales|78/100|[from] Stealth Rock
|-weather|Snowscape|[from] ability: Snow Warning|[of] p1a: Ninetales
|turn|18
|inactive|Barronmaster has 30 seconds left this turn.
|
|t:|1760357642
|move|p1a: Ninetales|Aurora Veil|p1a: Ninetales
|-sidestart|p1: Barronmaster|move: Aurora Veil
|move|p2a: Landorus|Earthquake|p1a: Ninetales
|-supereffective|p1a: Ninetales
|-damage|p1a: Ninetales|12/100
|
|-weather|Snowscape|[upkeep]
|upkeep
|turn|19
|
|t:|1760357647
|move|p1a: Ninetales|Blizzard|p2a: Landorus
|-supereffective|p2a: Landorus
|-damage|p2a: Landorus|0 fnt
|faint|p2a: Landorus
|
|-weather|Snowscape|[upkeep]
|upkeep
|
|t:|1760357651
|switch|p2a: Zamazenta|Zamazenta, shiny|25/100
|turn|20
|
|t:|1760357656
|move|p2a: Zamazenta|Heavy Slam|p1a: Ninetales
|-resisted|p1a: Ninetales
|-damage|p1a: Ninetales|0 fnt
|faint|p1a: Ninetales
|
|-weather|Snowscape|[upkeep]
|upkeep
|
|t:|1760357663
|switch|p1a: Hoopa|Hoopa-Unbound|100/100
|-damage|p1a: Hoopa|84/100|[from] Spikes
|-damage|p1a: Hoopa|72/100|[from] Stealth Rock
|turn|21
|
|t:|1760357669
|move|p2a: Zamazenta|Close Combat|p1a: Hoopa
|-supereffective|p1a: Hoopa
|-damage|p1a: Hoopa|0 fnt
|-unboost|p2a: Zamazenta|def|1
|-unboost|p2a: Zamazenta|spd|1
|replace|p1a: Zoroark|Zoroark, M
|-end|p1a: Zoroark|Illusion
|faint|p1a: Zoroark
|
|-weather|Snowscape|[upkeep]
|-fieldend|move: Psychic Terrain
|upkeep
|-message|Barronmaster forfeited.
|
|win|qaqkiller
|raw|Barronmaster's rating: 1672 &rarr; <strong>1651</strong><br />(-21 for losing)
|raw|qaqkiller's rating: 1654 &rarr; <strong>1675</strong><br />(+21 for winning)
|l|☆Barronmaster
|player|p1|
|l|☆qaqkiller
|player|p2|
