|j|☆uuyfgaifgigfwi
|j|☆Nslope
|t:|1760344049
|gametype|singles
|player|p1|uuyfgaifgigfwi|265|1055
|player|p2|Nslope|miku-ghost|1061
|gen|9
|tier|[Gen 9] OU
|rated|
|rule|HP Percentage Mod: HP is shown in percentages
|rule|Endless Battle Clause: Forcing endless battles is banned
|rule|Species Clause: Limit one of each Pokémon
|rule|OHKO Clause: OHKO moves are banned
|rule|Evasion Items Clause: Evasion items are banned
|rule|Evasion Moves Clause: Evasion moves are banned
|rule|Evasion Abilities Clause: Evasion abilities are banned
|rule|Sleep Moves Clause: Sleep-inducing moves are banned
|clearpoke
|poke|p1|Dragonite, M|
|poke|p1|Alomomola, F|
|poke|p1|Gholdengo|
|poke|p1|Tyranitar, M|
|poke|p1|Garchomp, F|
|poke|p1|Landorus-Therian, M|
|poke|p2|Weavile, F|
|poke|p2|Iron Valiant|
|poke|p2|Landorus-Therian, M|
|poke|p2|Alomomola, F|
|poke|p2|Hydrapple, F|
|poke|p2|Cinderace, F|
|teampreview
|
|t:|1760344082
|teamsize|p1|6
|teamsize|p2|6
|start
|switch|p1a: Tyranitar|Tyranitar, M|100/100
|switch|p2a: Iron Valiant|Iron Valiant|100/100
|-weather|Sandstorm|[from] ability: Sand Stream|[of] p1a: Tyranitar
|turn|1
|
|t:|1760344094
|switch|p1a: Gholdengo|Gholdengo|100/100
|move|p2a: Iron Valiant|Aura Sphere|p1a: Gholdengo
|-immune|p1a: Gholdengo
|
|-weather|Sandstorm|[upkeep]
|-damage|p2a: Iron Valiant|94/100|[from] Sandstorm
|upkeep
|turn|2
|
|t:|1760344105
|-end|p2a: Iron Valiant|Quark Drive|[silent]
|switch|p2a: Alomomola|Alomomola, F|100/100
|move|p1a: Gholdengo|Trick|p2a: Alomomola
|-activate|p1a: Gholdengo|move: Trick|[of] p2a: Alomomola
|-item|p2a: Alomomola|Choice Scarf|[from] move: Trick
|-item|p1a: Gholdengo|Assault Vest|[from] move: Trick
|
|-weather|Sandstorm|[upkeep]
|-damage|p2a: Alomomola|94/100|[from] Sandstorm
|upkeep
|turn|3
|
|t:|1760344117
|move|p1a: Gholdengo|Power Gem|p2a: Alomomola
|-damage|p2a: Alomomola|73/100
|move|p2a: Alomomola|Flip Turn|p1a: Gholdengo
|-damage|p1a: Gholdengo|80/100
|
|t:|1760344127
|switch|p2a: Landorus|Landorus-Therian, M|100/100|[from] Flip Turn
|-ability|p2a: Landorus|Intimidate|boost
|-unboost|p1a: Gholdengo|atk|1
|
|-weather|Sandstorm|[upkeep]
|upkeep
|turn|4
|
|t:|1760344137
|switch|p1a: Dragonite|Dragonite, M|100/100
|move|p2a: Landorus|Earthquake|p1a: Dragonite
|-immune|p1a: Dragonite
|
|-weather|Sandstorm|[upkeep]
|-damage|p1a: Dragonite|94/100|[from] Sandstorm
|-heal|p1a: Dragonite|100/100|[from] item: Leftovers
|upkeep
|turn|5
|
|t:|1760344156
|switch|p2a: Alomomola|Alomomola, F|100/100
|move|p1a: Dragonite|Encore||[still]
|-fail|p1a: Dragonite
|
|-weather|none
|upkeep
|turn|6
|
|t:|1760344172
|switch|p1a: Garchomp|Garchomp, F|100/100
|move|p2a: Alomomola|Flip Turn|p1a: Garchomp
|-damage|p1a: Garchomp|87/100
|-damage|p2a: Alomomola|88/100|[from] ability: Rough Skin|[of] p1a: Garchomp
|-damage|p2a: Alomomola|71/100|[from] item: Rocky Helmet|[of] p1a: Garchomp
|
|t:|1760344181
|switch|p2a: Weavile|Weavile, F|100/100|[from] Flip Turn
|-ability|p2a: Weavile|Pressure
|
|upkeep
|turn|7
|
|t:|1760344200
|switch|p1a: Alomomola|Alomomola, F|100/100
|move|p2a: Weavile|Icicle Crash|p1a: Alomomola
|-resisted|p1a: Alomomola
|-crit|p1a: Alomomola
|-damage|p1a: Alomomola|81/100
|
|upkeep
|turn|8
|
|t:|1760344221
|move|p2a: Weavile|Knock Off|p1a: Alomomola
|-damage|p1a: Alomomola|52/100
|-enditem|p1a: Alomomola|Heavy-Duty Boots|[from] move: Knock Off|[of] p2a: Weavile
|move|p1a: Alomomola|Scald|p2a: Weavile
|-damage|p2a: Weavile|80/100
|
|upkeep
|turn|9
|
|t:|1760344243
|move|p2a: Weavile|Knock Off|p1a: Alomomola
|-damage|p1a: Alomomola|30/100
|move|p1a: Alomomola|Flip Turn|p2a: Weavile
|-damage|p2a: Weavile|51/100
|inactive|Battle timer is ON: inactive players will automatically lose when time's up. (requested by Nslope)
|
|t:|1760344268
|switch|p1a: Dragonite|Dragonite, M|100/100|[from] Flip Turn
|
|upkeep
|turn|10
|
|t:|1760344276
|-terastallize|p2a: Weavile|Ghost
|-terastallize|p1a: Dragonite|Steel
|move|p2a: Weavile|Icicle Crash|p1a: Dragonite
|-resisted|p1a: Dragonite
|-crit|p1a: Dragonite
|-damage|p1a: Dragonite|87/100
|move|p1a: Dragonite|Fire Spin|p2a: Weavile
|-damage|p2a: Weavile|40/100
|-activate|p2a: Weavile|move: Fire Spin|[of] p1a: Dragonite
|
|-heal|p1a: Dragonite|93/100|[from] item: Leftovers
|-damage|p2a: Weavile|27/100|[from] move: Fire Spin|[partiallytrapped]
|upkeep
|turn|11
|
|t:|1760344291
|switch|p2a: Alomomola|Alomomola, F|100/100
|move|p1a: Dragonite|Protect||[still]
|-fail|p1a: Dragonite
|
|-heal|p1a: Dragonite|99/100|[from] item: Leftovers
|upkeep
|turn|12
|
|t:|1760344299
|switch|p1a: Garchomp|Garchomp, F|87/100
|move|p2a: Alomomola|Flip Turn|p1a: Garchomp
|-damage|p1a: Garchomp|72/100
|-damage|p2a: Alomomola|88/100|[from] ability: Rough Skin|[of] p1a: Garchomp
|-damage|p2a: Alomomola|71/100|[from] item: Rocky Helmet|[of] p1a: Garchomp
|
|t:|1760344313
|switch|p2a: Weavile|Weavile, F, tera:Ghost|27/100|[from] Flip Turn
|-ability|p2a: Weavile|Pressure
|
|upkeep
|turn|13
|
|t:|1760344330
|move|p2a: Weavile|Swords Dance|p2a: Weavile
|-boost|p2a: Weavile|atk|2
|move|p1a: Garchomp|Earthquake|p2a: Weavile
|-damage|p2a: Weavile|0 fnt
|faint|p2a: Weavile
|
|upkeep
|
|t:|1760344336
|switch|p2a: Landorus|Landorus-Therian, M|100/100
|-ability|p2a: Landorus|Intimidate|boost
|-unboost|p1a: Garchomp|atk|1
|turn|14
|
|t:|1760344355
|move|p2a: Landorus|Earthquake|p1a: Garchomp
|-damage|p1a: Garchomp|22/100
|move|p1a: Garchomp|Stealth Rock|p2a: Landorus
|-sidestart|p2: Nslope|move: Stealth Rock
|
|upkeep
|turn|15
|
|t:|1760344364
|switch|p1a: Landorus|Landorus-Therian, M|100/100
|-ability|p1a: Landorus|Intimidate|boost
|-unboost|p2a: Landorus|atk|1
|move|p2a: Landorus|Smack Down|p1a: Landorus
|-damage|p1a: Landorus|89/100
|-start|p1a: Landorus|Smack Down
|
|upkeep
|turn|16
|
|t:|1760344383
|switch|p2a: Hydrapple|Hydrapple, F|100/100
|move|p1a: Landorus|Taunt|p2a: Hydrapple
|-start|p2a: Hydrapple|move: Taunt
|
|upkeep
|turn|17
|
|t:|1760344396
|move|p1a: Landorus|U-turn|p2a: Hydrapple
|-supereffective|p2a: Hydrapple
|-damage|p2a: Hydrapple|49/100
|-damage|p1a: Landorus|79/100|[from] item: Life Orb
|
|t:|1760344404
|switch|p1a: Gholdengo|Gholdengo|80/100|[from] U-turn
|move|p2a: Hydrapple|Fickle Beam|p1a: Gholdengo|[anim] Fickle Beam All Out
|-activate|p2a: Hydrapple|move: Fickle Beam
|-resisted|p1a: Gholdengo
|-damage|p1a: Gholdengo|50/100
|
|upkeep
|turn|18
|
|t:|1760344420
|switch|p2a: Alomomola|Alomomola, F|100/100
|-damage|p2a: Alomomola|88/100|[from] Stealth Rock
|move|p1a: Gholdengo|Make It Rain|p2a: Alomomola
|-resisted|p2a: Alomomola
|-damage|p2a: Alomomola|64/100
|-unboost|p1a: Gholdengo|spa|1
|
|upkeep
|turn|19
|
|t:|1760344440
|switch|p1a: Alomomola|Alomomola, F|63/100
|move|p2a: Alomomola|Flip Turn|p1a: Alomomola
|-resisted|p1a: Alomomola
|-damage|p1a: Alomomola|58/100
|
|t:|1760344447
|switch|p2a: Iron Valiant|Iron Valiant|94/100|[from] Flip Turn
|-damage|p2a: Iron Valiant|88/100|[from] Stealth Rock
|
|upkeep
|turn|20
|
|t:|1760344459
|move|p2a: Iron Valiant|Thunderbolt|p1a: Alomomola
|-supereffective|p1a: Alomomola
|-damage|p1a: Alomomola|0 fnt
|faint|p1a: Alomomola
|
|upkeep
|
|t:|1760344473
|switch|p1a: Dragonite|Dragonite, M, tera:Steel|99/100
|turn|21
|l|☆Nslope
|inactive|Nslope disconnected and has a minute to reconnect!
|player|p2|
|j|☆Nslope
|inactive|Nslope reconnected and has 115 seconds left.
|player|p2|Nslope|miku-ghost|
|
|t:|1760344517
|-end|p2a: Iron Valiant|Quark Drive|[silent]
|switch|p2a: Alomomola|Alomomola, F|98/100
|-damage|p2a: Alomomola|85/100|[from] Stealth Rock
|move|p1a: Dragonite|Protect||[still]
|-fail|p1a: Dragonite
|
|-heal|p1a: Dragonite|100/100|[from] item: Leftovers
|upkeep
|turn|22
|
|t:|1760344545
|move|p1a: Dragonite|Fire Spin|p2a: Alomomola|[miss]
|-miss|p1a: Dragonite|p2a: Alomomola
|move|p2a: Alomomola|Flip Turn|p1a: Dragonite
|-damage|p1a: Dragonite|92/100
|
|t:|1760344551
|switch|p2a: Landorus|Landorus-Therian, M|100/100|[from] Flip Turn
|-damage|p2a: Landorus|88/100|[from] Stealth Rock
|-ability|p2a: Landorus|Intimidate|boost
|-unboost|p1a: Dragonite|atk|1
|
|-heal|p2a: Landorus|94/100|[from] item: Leftovers
|-heal|p1a: Dragonite|98/100|[from] item: Leftovers
|upkeep
|turn|23
|
|t:|1760344567
|switch|p1a: Landorus|Landorus-Therian, M|79/100
|-ability|p1a: Landorus|Intimidate|boost
|-unboost|p2a: Landorus|atk|1
|move|p2a: Landorus|Earthquake|p1a: Landorus
|-immune|p1a: Landorus
|
|-heal|p2a: Landorus|99/100|[from] item: Leftovers
|upkeep
|turn|24
|inactive|Nslope has 90 seconds left.
|
|t:|1760344598
|switch|p2a: Alomomola|Alomomola, F|100/100
|-damage|p2a: Alomomola|88/100|[from] Stealth Rock
|move|p1a: Landorus|Rock Slide|p2a: Alomomola
|-damage|p2a: Alomomola|61/100
|-damage|p1a: Landorus|69/100|[from] item: Life Orb
|
|upkeep
|turn|25
|
|t:|1760344612
|move|p2a: Alomomola|Aqua Jet|p1a: Landorus
|-supereffective|p1a: Landorus
|-damage|p1a: Landorus|50/100
|move|p1a: Landorus|Earthquake|p2a: Alomomola
|-damage|p2a: Alomomola|5/100
|-damage|p1a: Landorus|40/100|[from] item: Life Orb
|
|upkeep
|turn|26
|
|t:|1760344635
|move|p2a: Alomomola|Aqua Jet|p1a: Landorus
|-supereffective|p1a: Landorus
|-damage|p1a: Landorus|19/100
|move|p1a: Landorus|U-turn|p2a: Alomomola
|-damage|p2a: Alomomola|0 fnt
|faint|p2a: Alomomola
|-damage|p1a: Landorus|9/100|[from] item: Life Orb
|
|t:|1760344650
|switch|p1a: Tyranitar|Tyranitar, M|100/100|[from] U-turn
|-weather|Sandstorm|[from] ability: Sand Stream|[of] p1a: Tyranitar
|
|-weather|Sandstorm|[upkeep]
|upkeep
|
|t:|1760344661
|switch|p2a: Iron Valiant|Iron Valiant|88/100
|-damage|p2a: Iron Valiant|82/100|[from] Stealth Rock
|turn|27
|inactive|uuyfgaifgigfwi has 120 seconds left.
|
|t:|1760344683
|move|p2a: Iron Valiant|Aura Sphere|p1a: Tyranitar
|-supereffective|p1a: Tyranitar
|-damage|p1a: Tyranitar|0 fnt
|faint|p1a: Tyranitar
|
|-weather|Sandstorm|[upkeep]
|-damage|p2a: Iron Valiant|76/100|[from] Sandstorm
|upkeep
|inactive|uuyfgaifgigfwi has 120 seconds left.
|
|t:|1760344690
|switch|p1a: Gholdengo|Gholdengo|50/100
|turn|28
|
|t:|1760344704
|-end|p2a: Iron Valiant|Quark Drive|[silent]
|switch|p2a: Hydrapple|Hydrapple, F|82/100
|move|p1a: Gholdengo|Power Gem|p2a: Hydrapple
|-damage|p2a: Hydrapple|51/100
|
|-weather|Sandstorm|[upkeep]
|-damage|p2a: Hydrapple|45/100|[from] Sandstorm
|upkeep
|turn|29
|
|t:|1760344716
|move|p1a: Gholdengo|Power Gem|p2a: Hydrapple
|-damage|p2a: Hydrapple|15/100
|move|p2a: Hydrapple|Earth Power|p1a: Gholdengo
|-supereffective|p1a: Gholdengo
|-damage|p1a: Gholdengo|0 fnt
|faint|p1a: Gholdengo
|
|-weather|Sandstorm|[upkeep]
|-damage|p2a: Hydrapple|9/100|[from] Sandstorm
|upkeep
|inactive|uuyfgaifgigfwi has 120 seconds left.
|
|t:|1760344729
|switch|p1a: Dragonite|Dragonite, M, tera:Steel|98/100
|turn|30
|
|t:|1760344739
|switch|p2a: Landorus|Landorus-Therian, M|99/100
|-damage|p2a: Landorus|88/100|[from] Stealth Rock
|-ability|p2a: Landorus|Intimidate|boost
|-unboost|p1a: Dragonite|atk|1
|move|p1a: Dragonite|Fire Spin|p2a: Landorus
|-damage|p2a: Landorus|77/100
|-activate|p2a: Landorus|move: Fire Spin|[of] p1a: Dragonite
|
|-weather|none
|-heal|p2a: Landorus|83/100|[from] item: Leftovers
|-heal|p1a: Dragonite|100/100|[from] item: Leftovers
|-damage|p2a: Landorus|71/100|[from] move: Fire Spin|[partiallytrapped]
|upkeep
|turn|31
|
|t:|1760344753
|move|p1a: Dragonite|Protect|p1a: Dragonite
|-singleturn|p1a: Dragonite|Protect
|move|p2a: Landorus|Earthquake|p1a: Dragonite
|-activate|p1a: Dragonite|move: Protect
|
|-heal|p2a: Landorus|77/100|[from] item: Leftovers
|-damage|p2a: Landorus|65/100|[from] move: Fire Spin|[partiallytrapped]
|upkeep
|turn|32
|
|t:|1760344762
|switch|p1a: Landorus|Landorus-Therian, M|9/100
|-ability|p1a: Landorus|Intimidate|boost
|-unboost|p2a: Landorus|atk|1
|move|p2a: Landorus|Earthquake|p1a: Landorus
|-immune|p1a: Landorus
|
|-heal|p2a: Landorus|71/100|[from] item: Leftovers
|-end|p2a: Landorus|Fire Spin|[partiallytrapped]|[silent]
|upkeep
|turn|33
|
|t:|1760344773
|move|p2a: Landorus|Smack Down|p1a: Landorus
|-damage|p1a: Landorus|0 fnt
|faint|p1a: Landorus
|
|-heal|p2a: Landorus|77/100|[from] item: Leftovers
|upkeep
|
|t:|1760344779
|switch|p1a: Dragonite|Dragonite, M, tera:Steel|100/100
|turn|34
|
|t:|1760344785
|switch|p2a: Cinderace|Cinderace, F|100/100
|move|p1a: Dragonite|Fire Spin|p2a: Cinderace
|-resisted|p2a: Cinderace
|-damage|p2a: Cinderace|95/100
|-activate|p2a: Cinderace|move: Fire Spin|[of] p1a: Dragonite
|
|-damage|p2a: Cinderace|83/100|[from] move: Fire Spin|[partiallytrapped]
|upkeep
|turn|35
|inactive|Nslope has 120 seconds left.
|
|t:|1760344800
|move|p1a: Dragonite|Protect|p1a: Dragonite
|-singleturn|p1a: Dragonite|Protect
|move|p2a: Cinderace|Court Change|p2a: Cinderace
|-swapsideconditions
|-activate|p2a: Cinderace|move: Court Change
|
|-damage|p2a: Cinderace|71/100|[from] move: Fire Spin|[partiallytrapped]
|upkeep
|turn|36
|inactive|Nslope has 120 seconds left.
|
|t:|1760344808
|move|p2a: Cinderace|Pyro Ball|p1a: Dragonite
|-supereffective|p1a: Dragonite
|-damage|p1a: Dragonite|57/100
|move|p1a: Dragonite|Encore|p2a: Cinderace
|-start|p2a: Cinderace|Encore
|
|-heal|p1a: Dragonite|64/100|[from] item: Leftovers
|-damage|p2a: Cinderace|58/100|[from] move: Fire Spin|[partiallytrapped]
|upkeep
|turn|37
|
|t:|1760344816
|move|p1a: Dragonite|Protect|p1a: Dragonite
|-singleturn|p1a: Dragonite|Protect
|move|p2a: Cinderace|Pyro Ball|p1a: Dragonite
|-activate|p1a: Dragonite|move: Protect
|
|-heal|p1a: Dragonite|70/100|[from] item: Leftovers
|-damage|p2a: Cinderace|46/100|[from] move: Fire Spin|[partiallytrapped]
|upkeep
|turn|38
|
|t:|1760344830
|move|p1a: Dragonite|Protect||[still]
|-fail|p1a: Dragonite
|move|p2a: Cinderace|Pyro Ball|p1a: Dragonite
|-supereffective|p1a: Dragonite
|-damage|p1a: Dragonite|0 fnt
|faint|p1a: Dragonite
|
|-end|p2a: Cinderace|Fire Spin|[partiallytrapped]|[silent]
|upkeep
|-message|uuyfgaifgigfwi forfeited.
|
|win|Nslope
|raw|uuyfgaifgigfwi's rating: 1055 &rarr; <strong>1037</strong><br />(-18 for losing)
|raw|Nslope's rating: 1061 &rarr; <strong>1091</strong><br />(+30 for winning)
|l|☆uuyfgaifgigfwi
|player|p1|
