|j|☆Clairrr03
|j|☆V_run658
|t:|1760433925
|gametype|singles
|player|p1|Clairrr03|266|1394
|player|p2|V_run658|hugh|1431
|gen|9
|tier|[Gen 9] OU
|rated|
|rule|HP Percentage Mod: HP is shown in percentages
|rule|Endless Battle Clause: Forcing endless battles is banned
|rule|Species Clause: Limit one of each Pokémon
|rule|OHKO Clause: OHKO moves are banned
|rule|Evasion Items Clause: Evasion items are banned
|rule|Evasion Moves Clause: Evasion moves are banned
|rule|Evasion Abilities Clause: Evasion abilities are banned
|rule|Sleep Moves Clause: Sleep-inducing moves are banned
|clearpoke
|poke|p1|Tornadus-Therian, M|
|poke|p1|Pelipper, M|
|poke|p1|Revavroom, M|
|poke|p1|Samurott-Hisui, F|
|poke|p1|Great Tusk|
|poke|p1|Iron Valiant|
|poke|p2|Greninja-*, M|
|poke|p2|Slowking-Galar, F|
|poke|p2|Conkeldurr, F|
|poke|p2|Garchomp, F|
|poke|p2|Rillaboom, M|
|poke|p2|Skeledirge, M|
|teampreview
|inactive|Battle timer is ON: inactive players will automatically lose when time's up. (requested by Clairrr03)
|j| TheBergentruck
|l| TheBergentruck
|
|t:|1760433934
|teamsize|p1|6
|teamsize|p2|6
|start
|switch|p1a: Pelipper|Pelipper, M|100/100
|switch|p2a: Conkeldurr|Conkeldurr, F|100/100
|-weather|RainDance|[from] ability: Drizzle|[of] p1a: Pelipper
|turn|1
|
|t:|1760433940
|switch|p2a: Slowking|Slowking-Galar, F|100/100
|move|p1a: Pelipper|Hurricane|p2a: Slowking
|-damage|p2a: Slowking|68/100
|
|-weather|RainDance|[upkeep]
|upkeep
|turn|2
|
|t:|1760433945
|switch|p1a: Revavroom|Revavroom, M|100/100
|-item|p1a: Revavroom|Air Balloon
|move|p2a: Slowking|Future Sight|p1a: Revavroom
|-start|p2a: Slowking|move: Future Sight
|
|-weather|RainDance|[upkeep]
|upkeep
|turn|3
|
|t:|1760433952
|switch|p2a: Skeledirge|Skeledirge, M|100/100
|move|p1a: Revavroom|Gunk Shot|p2a: Skeledirge
|-resisted|p2a: Skeledirge
|-damage|p2a: Skeledirge|76/100
|
|-weather|RainDance|[upkeep]
|upkeep
|turn|4
|
|t:|1760433957
|switch|p1a: Samurott|Samurott-Hisui, F|100/100
|move|p2a: Skeledirge|Will-O-Wisp|p1a: Samurott
|-status|p1a: Samurott|brn
|
|-weather|RainDance|[upkeep]
|-end|p1a: Samurott|move: Future Sight
|-immune|p1a: Samurott
|-damage|p1a: Samurott|94/100 brn|[from] brn
|upkeep
|turn|5
|
|t:|1760433962
|switch|p2a: Conkeldurr|Conkeldurr, F|100/100
|move|p1a: Samurott|Flip Turn|p2a: Conkeldurr
|-damage|p2a: Conkeldurr|83/100
|
|t:|1760433966
|switch|p1a: Tornadus|Tornadus-Therian, M|100/100|[from] Flip Turn
|
|-weather|none
|-status|p2a: Conkeldurr|brn|[from] item: Flame Orb
|upkeep
|turn|6
|
|t:|1760433977
|switch|p2a: Slowking|Slowking-Galar, F|100/100
|move|p1a: Tornadus|U-turn|p2a: Slowking
|-damage|p2a: Slowking|85/100
|
|t:|1760433996
|switch|p1a: Samurott|Samurott-Hisui, F|94/100 brn|[from] U-turn
|
|-damage|p1a: Samurott|88/100 brn|[from] brn
|upkeep
|turn|7
|
|t:|1760434004
|switch|p2a: Garchomp|Garchomp, F|100/100
|move|p1a: Samurott|Ceaseless Edge|p2a: Garchomp
|-damage|p2a: Garchomp|78/100
|-damage|p1a: Samurott|76/100 brn|[from] ability: Rough Skin|[of] p2a: Garchomp
|-sidestart|p2: V_run658|Spikes
|
|-damage|p1a: Samurott|69/100 brn|[from] brn
|upkeep
|turn|8
|
|t:|1760434013
|switch|p1a: Pelipper|Pelipper, M|100/100
|-weather|RainDance|[from] ability: Drizzle|[of] p1a: Pelipper
|move|p2a: Garchomp|Iron Head|p1a: Pelipper
|-resisted|p1a: Pelipper
|-damage|p1a: Pelipper|82/100
|
|-weather|RainDance|[upkeep]
|upkeep
|turn|9
|
|t:|1760434017
|switch|p2a: Slowking|Slowking-Galar, F|100/100
|-damage|p2a: Slowking|88/100|[from] Spikes
|move|p1a: Pelipper|Weather Ball|p2a: Slowking
|-damage|p2a: Slowking|44/100
|
|-weather|RainDance|[upkeep]
|upkeep
|turn|10
|
|t:|1760434022
|switch|p1a: Tornadus|Tornadus-Therian, M|100/100
|move|p2a: Slowking|Future Sight|p1a: Tornadus
|-start|p2a: Slowking|move: Future Sight
|
|-weather|RainDance|[upkeep]
|upkeep
|turn|11
|
|t:|1760434025
|move|p1a: Tornadus|Nasty Plot|p1a: Tornadus
|-boost|p1a: Tornadus|spa|2
|move|p2a: Slowking|Ice Beam|p1a: Tornadus
|-supereffective|p1a: Tornadus
|-damage|p1a: Tornadus|39/100
|
|-weather|RainDance|[upkeep]
|upkeep
|turn|12
|
|t:|1760434033
|switch|p2a: Skeledirge|Skeledirge, M|76/100
|move|p1a: Tornadus|Hurricane|p2a: Skeledirge
|-damage|p2a: Skeledirge|44/100
|-start|p2a: Skeledirge|confusion
|
|-weather|none
|-end|p1a: Tornadus|move: Future Sight
|-damage|p1a: Tornadus|0 fnt
|faint|p1a: Tornadus
|upkeep
|
|t:|1760434036
|switch|p1a: Pelipper|Pelipper, M|82/100
|-weather|RainDance|[from] ability: Drizzle|[of] p1a: Pelipper
|turn|13
|
|t:|1760434041
|-terastallize|p2a: Skeledirge|Water
|move|p1a: Pelipper|Hurricane|p2a: Skeledirge
|-damage|p2a: Skeledirge|0 fnt
|faint|p2a: Skeledirge
|
|-weather|RainDance|[upkeep]
|upkeep
|
|t:|1760434046
|switch|p2a: Slowking|Slowking-Galar, F|77/100
|-damage|p2a: Slowking|65/100|[from] Spikes
|turn|14
|
|t:|1760434075
|switch|p1a: Revavroom|Revavroom, M|100/100
|-item|p1a: Revavroom|Air Balloon
|move|p2a: Slowking|Future Sight|p1a: Revavroom
|-start|p2a: Slowking|move: Future Sight
|
|-weather|RainDance|[upkeep]
|upkeep
|turn|15
|
|t:|1760434081
|switch|p2a: Conkeldurr|Conkeldurr, F|83/100 brn
|-damage|p2a: Conkeldurr|70/100 brn|[from] Spikes
|move|p1a: Revavroom|Gunk Shot|p2a: Conkeldurr
|-damage|p2a: Conkeldurr|17/100 brn
|
|-weather|RainDance|[upkeep]
|-damage|p2a: Conkeldurr|11/100 brn|[from] brn
|upkeep
|turn|16
|
|t:|1760434085
|switch|p1a: Great Tusk|Great Tusk|100/100
|move|p2a: Conkeldurr|Mach Punch|p1a: Great Tusk
|-damage|p1a: Great Tusk|82/100
|
|-weather|RainDance|[upkeep]
|-end|p1a: Great Tusk|move: Future Sight
|-supereffective|p1a: Great Tusk
|-damage|p1a: Great Tusk|0 fnt
|faint|p1a: Great Tusk
|-end|p1a: Great Tusk|Protosynthesis|[silent]
|-damage|p2a: Conkeldurr|5/100 brn|[from] brn
|upkeep
|
|t:|1760434090
|switch|p1a: Iron Valiant|Iron Valiant|100/100
|-enditem|p1a: Iron Valiant|Booster Energy
|-activate|p1a: Iron Valiant|ability: Quark Drive|[fromitem]
|-start|p1a: Iron Valiant|quarkdrivespe
|turn|17
|
|t:|1760434092
|move|p2a: Conkeldurr|Mach Punch|p1a: Iron Valiant
|-resisted|p1a: Iron Valiant
|-damage|p1a: Iron Valiant|76/100
|move|p1a: Iron Valiant|Calm Mind|p1a: Iron Valiant
|-boost|p1a: Iron Valiant|spa|1
|-boost|p1a: Iron Valiant|spd|1
|
|-weather|none
|-damage|p2a: Conkeldurr|0 fnt|[from] brn
|faint|p2a: Conkeldurr
|upkeep
|
|t:|1760434097
|switch|p2a: Slowking|Slowking-Galar, F|98/100
|-damage|p2a: Slowking|86/100|[from] Spikes
|turn|18
|
|t:|1760434100
|move|p1a: Iron Valiant|Shadow Ball|p2a: Slowking
|-supereffective|p2a: Slowking
|-damage|p2a: Slowking|49/100
|-unboost|p2a: Slowking|spd|1
|move|p2a: Slowking|Sludge Bomb|p1a: Iron Valiant
|-supereffective|p1a: Iron Valiant
|-damage|p1a: Iron Valiant|0 fnt
|faint|p1a: Iron Valiant
|-end|p1a: Iron Valiant|Quark Drive|[silent]
|
|upkeep
|
|t:|1760434108
|switch|p1a: Pelipper|Pelipper, M|82/100
|-weather|RainDance|[from] ability: Drizzle|[of] p1a: Pelipper
|turn|19
|
|t:|1760434112
|move|p1a: Pelipper|Hurricane|p2a: Slowking
|-damage|p2a: Slowking|0 fnt
|faint|p2a: Slowking
|
|-weather|RainDance|[upkeep]
|upkeep
|
|t:|1760434114
|switch|p2a: Greninja|Greninja, M|100/100
|-damage|p2a: Greninja|88/100|[from] Spikes
|turn|20
|
|t:|1760434117
|move|p2a: Greninja|Dark Pulse|p1a: Pelipper
|-damage|p1a: Pelipper|15/100
|move|p1a: Pelipper|Hurricane|p2a: Greninja
|-damage|p2a: Greninja|0 fnt
|faint|p2a: Greninja
|
|-weather|RainDance|[upkeep]
|upkeep
|
|t:|1760434121
|switch|p2a: Rillaboom|Rillaboom, M|100/100
|-damage|p2a: Rillaboom|88/100|[from] Spikes
|-fieldstart|move: Grassy Terrain|[from] ability: Grassy Surge|[of] p2a: Rillaboom
|turn|21
|
|t:|1760434124
|move|p2a: Rillaboom|Grassy Glide|p1a: Pelipper
|-damage|p1a: Pelipper|0 fnt
|faint|p1a: Pelipper
|-damage|p2a: Rillaboom|78/100|[from] item: Life Orb
|
|-weather|RainDance|[upkeep]
|-heal|p2a: Rillaboom|84/100|[from] Grassy Terrain
|upkeep
|
|t:|1760434128
|switch|p1a: Revavroom|Revavroom, M|100/100
|-item|p1a: Revavroom|Air Balloon
|turn|22
|
|t:|1760434132
|move|p2a: Rillaboom|Grassy Glide|p1a: Revavroom
|-resisted|p1a: Revavroom
|-damage|p1a: Revavroom|84/100
|-enditem|p1a: Revavroom|Air Balloon
|-damage|p2a: Rillaboom|74/100|[from] item: Life Orb
|move|p1a: Revavroom|Shift Gear|p1a: Revavroom
|-boost|p1a: Revavroom|spe|2
|-boost|p1a: Revavroom|atk|1
|
|-weather|RainDance|[upkeep]
|-heal|p1a: Revavroom|90/100|[from] Grassy Terrain
|-heal|p2a: Rillaboom|81/100|[from] Grassy Terrain
|upkeep
|turn|23
|
|t:|1760434136
|move|p1a: Revavroom|Gunk Shot|p2a: Rillaboom|[miss]
|-miss|p1a: Revavroom|p2a: Rillaboom
|move|p2a: Rillaboom|Drain Punch|p1a: Revavroom
|-damage|p1a: Revavroom|42/100
|-heal|p2a: Rillaboom|100/100|[from] drain|[of] p1a: Revavroom
|-damage|p2a: Rillaboom|91/100|[from] item: Life Orb
|
|-weather|none
|-heal|p1a: Revavroom|48/100|[from] Grassy Terrain
|-heal|p2a: Rillaboom|97/100|[from] Grassy Terrain
|upkeep
|turn|24
|
|t:|1760434139
|move|p2a: Rillaboom|Grassy Glide|p1a: Revavroom
|-resisted|p1a: Revavroom
|-damage|p1a: Revavroom|32/100
|-damage|p2a: Rillaboom|87/100|[from] item: Life Orb
|move|p1a: Revavroom|Gunk Shot|p2a: Rillaboom
|-supereffective|p2a: Rillaboom
|-damage|p2a: Rillaboom|0 fnt
|faint|p2a: Rillaboom
|
|-heal|p1a: Revavroom|38/100|[from] Grassy Terrain
|upkeep
|
|t:|1760434142
|switch|p2a: Garchomp|Garchomp, F|78/100
|-damage|p2a: Garchomp|65/100|[from] Spikes
|turn|25
|
|t:|1760434150
|-terastallize|p1a: Revavroom|Ground
|move|p1a: Revavroom|High Horsepower|p2a: Garchomp|[miss]
|-miss|p1a: Revavroom|p2a: Garchomp
|move|p2a: Garchomp|Earthquake|p1a: Revavroom
|-damage|p1a: Revavroom|3/100
|
|-heal|p1a: Revavroom|9/100|[from] Grassy Terrain
|-heal|p2a: Garchomp|71/100|[from] Grassy Terrain
|-fieldend|move: Grassy Terrain
|upkeep
|turn|26
|
|t:|1760434156
|move|p1a: Revavroom|High Horsepower|p2a: Garchomp
|-damage|p2a: Garchomp|0 fnt
|-damage|p1a: Revavroom|0 fnt|[from] ability: Rough Skin|[of] p2a: Garchomp
|faint|p2a: Garchomp
|faint|p1a: Revavroom
|
|win|Clairrr03
|raw|Clairrr03's rating: 1394 &rarr; <strong>1416</strong><br />(+22 for winning)
|raw|V_run658's rating: 1431 &rarr; <strong>1409</strong><br />(-22 for losing)
|l|☆Clairrr03
|player|p1|
|l|☆V_run658
|player|p2|
