|j|☆leiberemix
|j|☆epichackergirl
|t:|1760345388
|gametype|singles
|player|p1|leiberemix|shelly-gen3|1061
|player|p2|epichackergirl|iris-gen5bw2|1007
|gen|9
|tier|[Gen 9] OU
|rated|
|rule|HP Percentage Mod: HP is shown in percentages
|rule|Endless Battle Clause: Forcing endless battles is banned
|rule|Species Clause: Limit one of each Pokémon
|rule|OHKO Clause: OHKO moves are banned
|rule|Evasion Items Clause: Evasion items are banned
|rule|Evasion Moves Clause: Evasion moves are banned
|rule|Evasion Abilities Clause: Evasion abilities are banned
|rule|Sleep Moves Clause: Sleep-inducing moves are banned
|clearpoke
|poke|p1|Landorus-Therian, M|
|poke|p1|Samurott-Hisui, F|
|poke|p1|Pecharunt|
|poke|p1|Scizor, M|
|poke|p1|Latios, M|
|poke|p1|Zamazenta-*|
|poke|p2|Gliscor, F|
|poke|p2|Blissey, F|
|poke|p2|Dragonite, M|
|poke|p2|Ogerpon-Wellspring, F|
|poke|p2|Alomomola, F|
|poke|p2|Great Tusk|
|teampreview
|inactive|Battle timer is ON: inactive players will automatically lose when time's up. (requested by leiberemix)
|
|t:|1760345404
|teamsize|p1|6
|teamsize|p2|6
|start
|switch|p1a: Landorus|Landorus-Therian, M|100/100
|switch|p2a: Ogerpon|Ogerpon-Wellspring, F|100/100
|-ability|p1a: Landorus|Intimidate|boost
|-unboost|p2a: Ogerpon|atk|1
|turn|1
|
|t:|1760345414
|switch|p1a: Samurott|Samurott-Hisui, F|100/100
|move|p2a: Ogerpon|Ivy Cudgel|p1a: Samurott|[anim] Ivy Cudgel Water
|-resisted|p1a: Samurott
|-damage|p1a: Samurott|78/100
|
|upkeep
|turn|2
|
|t:|1760345420
|move|p2a: Ogerpon|Play Rough|p1a: Samurott
|-supereffective|p1a: Samurott
|-damage|p1a: Samurott|19/100
|move|p1a: Samurott|Ceaseless Edge|p2a: Ogerpon
|-damage|p2a: Ogerpon|32/100
|-sidestart|p2: epichackergirl|Spikes
|
|upkeep
|turn|3
|
|t:|1760345428
|switch|p1a: Pecharunt|Pecharunt|100/100
|move|p2a: Ogerpon|Play Rough|p1a: Pecharunt
|-resisted|p1a: Pecharunt
|-damage|p1a: Pecharunt|94/100
|
|upkeep
|turn|4
|
|t:|1760345445
|move|p2a: Ogerpon|Knock Off|p1a: Pecharunt
|-supereffective|p1a: Pecharunt
|-damage|p1a: Pecharunt|65/100
|-enditem|p1a: Pecharunt|Heavy-Duty Boots|[from] move: Knock Off|[of] p2a: Ogerpon
|move|p1a: Pecharunt|Parting Shot|p2a: Ogerpon
|-unboost|p2a: Ogerpon|atk|1
|-unboost|p2a: Ogerpon|spa|1
|
|t:|1760345450
|switch|p1a: Landorus|Landorus-Therian, M|100/100|[from] Parting Shot
|-ability|p1a: Landorus|Intimidate|boost
|-unboost|p2a: Ogerpon|atk|1
|
|upkeep
|turn|5
|
|t:|1760345463
|switch|p2a: Alomomola|Alomomola, F|100/100
|move|p1a: Landorus|Stealth Rock|p2a: Alomomola
|-sidestart|p2: epichackergirl|move: Stealth Rock
|
|upkeep
|turn|6
|
|t:|1760345471
|move|p1a: Landorus|U-turn|p2a: Alomomola
|-damage|p2a: Alomomola|89/100
|
|t:|1760345473
|switch|p1a: Samurott|Samurott-Hisui, F|19/100|[from] U-turn
|move|p2a: Alomomola|Scald|p1a: Samurott
|-resisted|p1a: Samurott
|-damage|p1a: Samurott|13/100
|
|upkeep
|turn|7
|
|t:|1760345480
|move|p1a: Samurott|Ceaseless Edge|p2a: Alomomola
|-damage|p2a: Alomomola|63/100
|-sidestart|p2: epichackergirl|Spikes
|move|p2a: Alomomola|Wish|p2a: Alomomola
|
|upkeep
|turn|8
|
|t:|1760345485
|move|p1a: Samurott|Ceaseless Edge|p2a: Alomomola
|-damage|p2a: Alomomola|38/100
|-sidestart|p2: epichackergirl|Spikes
|move|p2a: Alomomola|Flip Turn|p1a: Samurott
|-resisted|p1a: Samurott
|-damage|p1a: Samurott|2/100
|
|t:|1760345495
|switch|p2a: Ogerpon|Ogerpon-Wellspring, F|32/100|[from] Flip Turn
|-damage|p2a: Ogerpon|7/100|[from] Spikes
|-damage|p2a: Ogerpon|0 fnt|[from] Stealth Rock
|faint|p2a: Ogerpon
|
|upkeep
|-message|epichackergirl forfeited.
|
|win|leiberemix
|raw|leiberemix's rating: 1061 &rarr; <strong>1087</strong><br />(+26 for winning)
|raw|epichackergirl's rating: 1007 &rarr; <strong>1000</strong><br />(-7 for losing)
|l|☆epichackergirl
|player|p2|
