|j|☆remmyymmer
|j|☆prince_holdaspoon
|t:|1760307959
|gametype|singles
|player|p1|remmyymmer|102|1552
|player|p2|prince_holdaspoon|schoolkid-gen4dp|1531
|gen|9
|tier|[Gen 9] OU
|rated|
|rule|HP Percentage Mod: HP is shown in percentages
|rule|Endless Battle Clause: Forcing endless battles is banned
|rule|Species Clause: Limit one of each Pokémon
|rule|OHKO Clause: OHKO moves are banned
|rule|Evasion Items Clause: Evasion items are banned
|rule|Evasion Moves Clause: Evasion moves are banned
|rule|Evasion Abilities Clause: Evasion abilities are banned
|rule|Sleep Moves Clause: Sleep-inducing moves are banned
|clearpoke
|poke|p1|Gliscor, F|
|poke|p1|Ting-Lu|
|poke|p1|Weavile, F|
|poke|p1|Dragonite, F|
|poke|p1|Corviknight, F|
|poke|p1|Clefable, F|
|poke|p2|Pelipper, F|
|poke|p2|Kingdra, M|
|poke|p2|Ogerpon-Wellspring, F|
|poke|p2|Garchomp, F|
|poke|p2|Hatterene, F|
|poke|p2|Primarina, F|
|teampreview
|inactive|Battle timer is ON: inactive players will automatically lose when time's up. (requested by remmyymmer)
|
|t:|1760307970
|teamsize|p1|6
|teamsize|p2|6
|start
|switch|p1a: Ting-Lu|Ting-Lu|100/100
|switch|p2a: Pelipper|Pelipper, F|100/100
|-weather|RainDance|[from] ability: Drizzle|[of] p2a: Pelipper
|-ability|p1a: Ting-Lu|Vessel of Ruin
|turn|1
|
|t:|1760307985
|switch|p2a: Hatterene|Hatterene, F|100/100
|switch|p1a: Weavile|Weavile, F|100/100
|-ability|p1a: Weavile|Pressure
|
|-weather|RainDance|[upkeep]
|upkeep
|turn|2
|
|t:|1760307993
|switch|p1a: Gliscor|Gliscor, F|100/100
|move|p2a: Hatterene|Nuzzle|p1a: Gliscor
|-immune|p1a: Gliscor
|
|-weather|RainDance|[upkeep]
|-status|p1a: Gliscor|tox|[from] item: Toxic Orb
|upkeep
|turn|3
|
|t:|1760308001
|switch|p2a: Ogerpon|Ogerpon-Wellspring, F|100/100
|move|p1a: Gliscor|Swords Dance|p1a: Gliscor
|-boost|p1a: Gliscor|atk|2
|
|-weather|RainDance|[upkeep]
|upkeep
|turn|4
|
|t:|1760308007
|-terastallize|p1a: Gliscor|Normal
|move|p2a: Ogerpon|Encore|p1a: Gliscor
|-start|p1a: Gliscor|Encore
|move|p1a: Gliscor|Swords Dance|p1a: Gliscor
|-boost|p1a: Gliscor|atk|2
|
|-weather|RainDance|[upkeep]
|upkeep
|turn|5
|
|t:|1760308018
|switch|p1a: Dragonite|Dragonite, F|100/100
|move|p2a: Ogerpon|Swords Dance|p2a: Ogerpon
|-boost|p2a: Ogerpon|atk|2
|
|-weather|RainDance|[upkeep]
|upkeep
|turn|6
|
|t:|1760308025
|move|p2a: Ogerpon|Ivy Cudgel|p1a: Dragonite|[anim] Ivy Cudgel Water
|-resisted|p1a: Dragonite
|-damage|p1a: Dragonite|69/100
|move|p1a: Dragonite|Dragon Dance|p1a: Dragonite
|-boost|p1a: Dragonite|atk|1
|-boost|p1a: Dragonite|spe|1
|
|-weather|RainDance|[upkeep]
|upkeep
|turn|7
|
|t:|1760308033
|switch|p2a: Hatterene|Hatterene, F|100/100
|move|p1a: Dragonite|Extreme Speed|p2a: Hatterene
|-damage|p2a: Hatterene|62/100
|-damage|p1a: Dragonite|52/100|[from] item: Rocky Helmet|[of] p2a: Hatterene
|
|-weather|RainDance|[upkeep]
|upkeep
|turn|8
|
|t:|1760308041
|move|p1a: Dragonite|Dragon Dance|p1a: Dragonite
|-boost|p1a: Dragonite|atk|1
|-boost|p1a: Dragonite|spe|1
|move|p2a: Hatterene|Psychic Noise|p1a: Dragonite
|-damage|p1a: Dragonite|20/100
|-start|p1a: Dragonite|move: Heal Block
|
|-weather|none
|upkeep
|turn|9
|
|t:|1760308049
|move|p1a: Dragonite|Earthquake|p2a: Hatterene
|-damage|p2a: Hatterene|0 fnt
|faint|p2a: Hatterene
|
|-end|p1a: Dragonite|move: Heal Block
|upkeep
|
|t:|1760308058
|switch|p2a: Pelipper|Pelipper, F|100/100
|-weather|RainDance|[from] ability: Drizzle|[of] p2a: Pelipper
|turn|10
|
|t:|1760308063
|move|p1a: Dragonite|Roost|p1a: Dragonite
|-heal|p1a: Dragonite|70/100
|-singleturn|p1a: Dragonite|move: Roost
|move|p2a: Pelipper|Hurricane|p1a: Dragonite
|-damage|p1a: Dragonite|29/100
|
|-weather|RainDance|[upkeep]
|upkeep
|turn|11
|
|t:|1760308071
|move|p1a: Dragonite|Roost|p1a: Dragonite
|-heal|p1a: Dragonite|79/100
|-singleturn|p1a: Dragonite|move: Roost
|move|p2a: Pelipper|U-turn|p1a: Dragonite
|-damage|p1a: Dragonite|70/100
|
|t:|1760308076
|switch|p2a: Garchomp|Garchomp, F|100/100|[from] U-turn
|
|-weather|RainDance|[upkeep]
|upkeep
|turn|12
|
|t:|1760308080
|move|p1a: Dragonite|Earthquake|p2a: Garchomp
|-damage|p2a: Garchomp|28/100
|move|p2a: Garchomp|Scale Shot|p1a: Dragonite
|-supereffective|p1a: Dragonite
|-damage|p1a: Dragonite|47/100
|-supereffective|p1a: Dragonite
|-damage|p1a: Dragonite|25/100
|-supereffective|p1a: Dragonite
|-damage|p1a: Dragonite|0 fnt
|faint|p1a: Dragonite
|-hitcount|p1: Dragonite|3
|-unboost|p2a: Garchomp|def|1
|-boost|p2a: Garchomp|spe|1
|
|-weather|RainDance|[upkeep]
|upkeep
|
|t:|1760308085
|switch|p1a: Weavile|Weavile, F|100/100
|-ability|p1a: Weavile|Pressure
|turn|13
|
|t:|1760308096
|switch|p2a: Primarina|Primarina, F|100/100
|move|p1a: Weavile|Ice Shard|p2a: Primarina
|-resisted|p2a: Primarina
|-damage|p2a: Primarina|91/100
|
|-weather|RainDance|[upkeep]
|-heal|p2a: Primarina|97/100|[from] item: Leftovers
|upkeep
|turn|14
|
|t:|1760308106
|move|p1a: Weavile|Knock Off|p2a: Primarina
|-resisted|p2a: Primarina
|-damage|p2a: Primarina|73/100
|-enditem|p2a: Primarina|Leftovers|[from] move: Knock Off|[of] p1a: Weavile
|move|p2a: Primarina|Substitute|p2a: Primarina
|-start|p2a: Primarina|Substitute
|-damage|p2a: Primarina|48/100
|
|-weather|RainDance|[upkeep]
|upkeep
|turn|15
|
|t:|1760308113
|switch|p1a: Ting-Lu|Ting-Lu|100/100
|-ability|p1a: Ting-Lu|Vessel of Ruin
|move|p2a: Primarina|Psychic Noise|p1a: Ting-Lu
|-supereffective|p1a: Ting-Lu
|-damage|p1a: Ting-Lu|50/100
|-start|p1a: Ting-Lu|move: Heal Block
|
|-weather|RainDance|[upkeep]
|upkeep
|turn|16
|
|t:|1760308123
|move|p2a: Primarina|Psychic Noise|p1a: Ting-Lu
|-supereffective|p1a: Ting-Lu
|-damage|p1a: Ting-Lu|4/100
|move|p1a: Ting-Lu|Earthquake|p2a: Primarina
|-end|p2a: Primarina|Substitute
|
|-weather|RainDance|[upkeep]
|-end|p1a: Ting-Lu|move: Heal Block
|upkeep
|turn|17
|
|t:|1760308131
|move|p2a: Primarina|Draining Kiss|p1a: Ting-Lu
|-supereffective|p1a: Ting-Lu
|-damage|p1a: Ting-Lu|0 fnt
|-heal|p2a: Primarina|51/100|[from] drain|[of] p1a: Ting-Lu
|faint|p1a: Ting-Lu
|
|-weather|none
|upkeep
|
|t:|1760308144
|switch|p1a: Clefable|Clefable, F|100/100
|turn|18
|
|t:|1760308148
|move|p1a: Clefable|Calm Mind|p1a: Clefable
|-boost|p1a: Clefable|spa|1
|-boost|p1a: Clefable|spd|1
|move|p2a: Primarina|Substitute|p2a: Primarina
|-start|p2a: Primarina|Substitute
|-damage|p2a: Primarina|26/100
|
|upkeep
|turn|19
|
|t:|1760308154
|move|p1a: Clefable|Moonblast|p2a: Primarina
|-end|p2a: Primarina|Substitute
|move|p2a: Primarina|Calm Mind|p2a: Primarina
|-boost|p2a: Primarina|spa|1
|-boost|p2a: Primarina|spd|1
|
|upkeep
|turn|20
|
|t:|1760308159
|move|p1a: Clefable|Moonblast|p2a: Primarina
|-damage|p2a: Primarina|0 fnt
|faint|p2a: Primarina
|
|upkeep
|
|t:|1760308164
|switch|p2a: Pelipper|Pelipper, F|100/100
|-weather|RainDance|[from] ability: Drizzle|[of] p2a: Pelipper
|turn|21
|
|t:|1760308168
|move|p1a: Clefable|Thunder Wave|p2a: Pelipper|[miss]
|-miss|p1a: Clefable|p2a: Pelipper
|move|p2a: Pelipper|U-turn|p1a: Clefable
|-resisted|p1a: Clefable
|-damage|p1a: Clefable|97/100
|
|t:|1760308174
|switch|p2a: Ogerpon|Ogerpon-Wellspring, F|100/100|[from] U-turn
|
|-weather|RainDance|[upkeep]
|upkeep
|turn|22
|
|t:|1760308181
|-terastallize|p2a: Ogerpon|Water
|detailschange|p2a: Ogerpon|Ogerpon-Wellspring-Tera, F, tera:Water
|-ability|p2a: Ogerpon|Embody Aspect (Wellspring)|boost
|-boost|p2a: Ogerpon|spd|1
|move|p2a: Ogerpon|Ivy Cudgel|p1a: Clefable|[anim] Ivy Cudgel Water
|-damage|p1a: Clefable|15/100
|move|p1a: Clefable|Thunder Wave|p2a: Ogerpon
|-status|p2a: Ogerpon|par
|
|-weather|RainDance|[upkeep]
|upkeep
|turn|23
|inactive|remmyymmer has 120 seconds left.
|
|t:|1760308211
|switch|p1a: Corviknight|Corviknight, F|100/100
|-ability|p1a: Corviknight|Pressure
|cant|p2a: Ogerpon|par
|
|-weather|RainDance|[upkeep]
|upkeep
|turn|24
|
|t:|1760308218
|move|p1a: Corviknight|Iron Defense|p1a: Corviknight
|-boost|p1a: Corviknight|def|2
|move|p2a: Ogerpon|Swords Dance|p2a: Ogerpon
|-boost|p2a: Ogerpon|atk|2
|
|-weather|RainDance|[upkeep]
|upkeep
|turn|25
|
|t:|1760308224
|move|p1a: Corviknight|Body Press|p2a: Ogerpon
|-damage|p2a: Ogerpon|38/100 par
|move|p2a: Ogerpon|Encore|p1a: Corviknight
|-start|p1a: Corviknight|Encore
|
|-weather|RainDance|[upkeep]
|upkeep
|turn|26
|
|t:|1760308230
|switch|p2a: Kingdra|Kingdra, M|100/100
|move|p1a: Corviknight|Body Press|p2a: Kingdra
|-damage|p2a: Kingdra|30/100
|
|-weather|RainDance|[upkeep]
|upkeep
|turn|27
|
|t:|1760308240
|move|p2a: Kingdra|Weather Ball|p1a: Corviknight
|-damage|p1a: Corviknight|13/100
|-damage|p2a: Kingdra|20/100|[from] item: Life Orb
|move|p1a: Corviknight|Body Press|p2a: Kingdra
|-damage|p2a: Kingdra|0 fnt
|faint|p2a: Kingdra
|
|-weather|RainDance|[upkeep]
|upkeep
|
|t:|1760308249
|switch|p2a: Garchomp|Garchomp, F|28/100
|turn|28
|
|t:|1760308256
|move|p2a: Garchomp|Scale Shot|p1a: Corviknight
|-resisted|p1a: Corviknight
|-damage|p1a: Corviknight|11/100
|-resisted|p1a: Corviknight
|-damage|p1a: Corviknight|9/100
|-resisted|p1a: Corviknight
|-damage|p1a: Corviknight|6/100
|-resisted|p1a: Corviknight
|-damage|p1a: Corviknight|4/100
|-resisted|p1a: Corviknight
|-damage|p1a: Corviknight|2/100
|-hitcount|p1a: Corviknight|5
|-unboost|p2a: Garchomp|def|1
|-boost|p2a: Garchomp|spe|1
|move|p1a: Corviknight|Body Press|p2a: Garchomp
|-damage|p2a: Garchomp|0 fnt
|-damage|p1a: Corviknight|0 fnt|[from] ability: Rough Skin|[of] p2a: Garchomp
|faint|p2a: Garchomp
|faint|p1a: Corviknight
|
|-weather|none
|upkeep
|
|t:|1760308273
|switch|p2a: Ogerpon|Ogerpon-Wellspring-Tera, F, tera:Water|38/100 par
|switch|p1a: Clefable|Clefable, F|15/100
|-ability|p2a: Ogerpon|Embody Aspect (Wellspring)|boost
|-boost|p2a: Ogerpon|spd|1
|turn|29
|
|t:|1760308278
|move|p2a: Ogerpon|Horn Leech|p1a: Clefable
|-crit|p1a: Clefable
|-damage|p1a: Clefable|0 fnt
|-heal|p2a: Ogerpon|47/100 par|[from] drain|[of] p1a: Clefable
|faint|p1a: Clefable
|
|upkeep
|
|t:|1760308286
|switch|p1a: Gliscor|Gliscor, F, tera:Normal|100/100 tox
|turn|30
|
|t:|1760308292
|move|p1a: Gliscor|Facade|p2a: Ogerpon
|-damage|p2a: Ogerpon|0 fnt
|faint|p2a: Ogerpon
|detailschange|p2: Ogerpon|Ogerpon-Wellspring, F|[silent]
|
|upkeep
|
|t:|1760308296
|switch|p2a: Pelipper|Pelipper, F|100/100
|-weather|RainDance|[from] ability: Drizzle|[of] p2a: Pelipper
|turn|31
|
|t:|1760308301
|move|p1a: Gliscor|Facade|p2a: Pelipper
|-damage|p2a: Pelipper|51/100
|move|p2a: Pelipper|Hurricane|p1a: Gliscor
|-damage|p1a: Gliscor|52/100 tox
|-start|p1a: Gliscor|confusion
|
|-weather|RainDance|[upkeep]
|-heal|p1a: Gliscor|64/100 tox|[from] ability: Poison Heal
|upkeep
|turn|32
|
|t:|1760308310
|-activate|p1a: Gliscor|confusion
|move|p1a: Gliscor|Protect|p1a: Gliscor
|-singleturn|p1a: Gliscor|Protect
|move|p2a: Pelipper|Weather Ball|p1a: Gliscor
|-activate|p1a: Gliscor|move: Protect
|
|-weather|RainDance|[upkeep]
|-heal|p1a: Gliscor|77/100 tox|[from] ability: Poison Heal
|upkeep
|turn|33
|
|t:|1760308318
|-activate|p1a: Gliscor|confusion
|move|p1a: Gliscor|Facade|p2a: Pelipper
|-damage|p2a: Pelipper|0 fnt
|faint|p2a: Pelipper
|
|win|remmyymmer
|raw|remmyymmer's rating: 1552 &rarr; <strong>1571</strong><br />(+19 for winning)
|raw|prince_holdaspoon's rating: 1531 &rarr; <strong>1512</strong><br />(-19 for losing)
|l|☆prince_holdaspoon
|player|p2|
|l|☆remmyymmer
|player|p1|
