|j|☆lalololole
|j|☆DoctorHaus69
|t:|1760392835
|gametype|singles
|player|p1|lalololole|unknownf|1079
|player|p2|DoctorHaus69|265|1081
|gen|9
|tier|[Gen 9] OU
|rated|
|rule|HP Percentage Mod: HP is shown in percentages
|rule|Endless Battle Clause: Forcing endless battles is banned
|rule|Species Clause: Limit one of each Pokémon
|rule|OHKO Clause: OHKO moves are banned
|rule|Evasion Items Clause: Evasion items are banned
|rule|Evasion Moves Clause: Evasion moves are banned
|rule|Evasion Abilities Clause: Evasion abilities are banned
|rule|Sleep Moves Clause: Sleep-inducing moves are banned
|clearpoke
|poke|p1|Clefable, M|
|poke|p1|Garchomp, F|
|poke|p1|Ceruledge, M|
|poke|p1|Empoleon, F|
|poke|p1|Vivillon-Fancy, F|
|poke|p1|Froslass, F|
|poke|p2|Jolteon, M|
|poke|p2|Vaporeon, M|
|poke|p2|Umbreon, M|
|poke|p2|Espeon, M|
|poke|p2|Sylveon, M|
|poke|p2|Torkoal, F|
|teampreview
|
|t:|1760392846
|teamsize|p1|6
|teamsize|p2|6
|start
|switch|p1a: Vivillon|Vivillon-Fancy, F, shiny|100/100
|switch|p2a: Torkoal|Torkoal, F|100/100
|-weather|SunnyDay|[from] ability: Drought|[of] p2a: Torkoal
|turn|1
|inactive|Battle timer is ON: inactive players will automatically lose when time's up. (requested by lalololole)
|inactive|lalololole has 120 seconds left.
|
|t:|1760392878
|move|p1a: Vivillon|Poison Powder|p2a: Torkoal
|-status|p2a: Torkoal|psn
|move|p2a: Torkoal|Body Press|p1a: Vivillon
|-resisted|p1a: Vivillon
|-damage|p1a: Vivillon|86/100
|
|-weather|SunnyDay|[upkeep]
|-damage|p2a: Torkoal|88/100 psn|[from] psn
|upkeep
|turn|2
|
|t:|1760392904
|move|p1a: Vivillon|Hurricane|p2a: Torkoal
|-damage|p2a: Torkoal|33/100 psn
|move|p2a: Torkoal|Shell Smash|p2a: Torkoal
|-unboost|p2a: Torkoal|def|1
|-unboost|p2a: Torkoal|spd|1
|-boost|p2a: Torkoal|atk|2
|-boost|p2a: Torkoal|spa|2
|-boost|p2a: Torkoal|spe|2
|
|-weather|SunnyDay|[upkeep]
|-damage|p2a: Torkoal|20/100 psn|[from] psn
|upkeep
|turn|3
|inactive|DoctorHaus69 has 120 seconds left.
|
|t:|1760392926
|switch|p2a: Vaporeon|Vaporeon, M|100/100
|move|p1a: Vivillon|Hurricane|p2a: Vaporeon
|-damage|p2a: Vaporeon|68/100
|
|-weather|SunnyDay|[upkeep]
|upkeep
|turn|4
|inactive|DoctorHaus69 has 120 seconds left.
|
|t:|1760392939
|move|p1a: Vivillon|Poison Powder|p2a: Vaporeon
|-status|p2a: Vaporeon|psn
|move|p2a: Vaporeon|Copycat|p2a: Vaporeon
|move|p2a: Vaporeon|Poison Powder|p1a: Vivillon|[from] move: Copycat
|-status|p1a: Vivillon|psn
|
|-weather|SunnyDay|[upkeep]
|-damage|p1a: Vivillon|74/100 psn|[from] psn
|-damage|p2a: Vaporeon|55/100 psn|[from] psn
|upkeep
|turn|5
|inactive|DoctorHaus69 has 120 seconds left.
|
|t:|1760392969
|move|p1a: Vivillon|Quiver Dance|p1a: Vivillon
|-boost|p1a: Vivillon|spa|1
|-boost|p1a: Vivillon|spd|1
|-boost|p1a: Vivillon|spe|1
|move|p2a: Vaporeon|Ice Beam|p1a: Vivillon
|-supereffective|p1a: Vivillon
|-damage|p1a: Vivillon|15/100 psn
|
|-weather|none
|-damage|p1a: Vivillon|3/100 psn|[from] psn
|-damage|p2a: Vaporeon|43/100 psn|[from] psn
|upkeep
|turn|6
|
|t:|1760392981
|move|p1a: Vivillon|Hurricane|p2a: Vaporeon
|-damage|p2a: Vaporeon|0 fnt
|faint|p2a: Vaporeon
|
|-damage|p1a: Vivillon|0 fnt|[from] psn
|faint|p1a: Vivillon
|upkeep
|inactive|DoctorHaus69 has 90 seconds left.
|
|t:|1760393010
|switch|p1a: Froslass|Froslass, F|100/100
|switch|p2a: Jolteon|Jolteon, M|100/100
|turn|7
|
|t:|1760393020
|move|p2a: Jolteon|Thunderbolt|p1a: Froslass
|-damage|p1a: Froslass|30/100
|-start|p2a: Jolteon|Disable|Thunderbolt|[from] ability: Cursed Body|[of] p1a: Froslass
|move|p1a: Froslass|Will-O-Wisp|p2a: Jolteon
|-status|p2a: Jolteon|brn
|
|-damage|p2a: Jolteon|95/100 brn|[from] brn
|upkeep
|turn|8
|inactive|DoctorHaus69 has 90 seconds left.
|
|t:|1760393032
|switch|p1a: Garchomp|Garchomp, F|100/100
|move|p2a: Jolteon|Volt Switch|p1a: Garchomp
|-immune|p1a: Garchomp
|
|-damage|p2a: Jolteon|89/100 brn|[from] brn
|upkeep
|turn|9
|inactive|DoctorHaus69 has 90 seconds left.
|
|t:|1760393060
|-terastallize|p2a: Jolteon|Ice
|move|p2a: Jolteon|Tera Blast|p1a: Garchomp|[anim] Tera Blast Ice
|-supereffective|p1a: Garchomp
|-damage|p1a: Garchomp|0 fnt
|faint|p1a: Garchomp
|
|-damage|p2a: Jolteon|83/100 brn|[from] brn
|upkeep
|
|t:|1760393072
|switch|p1a: Ceruledge|Ceruledge, M|100/100
|turn|10
|
|t:|1760393085
|move|p2a: Jolteon|Volt Switch|p1a: Ceruledge
|-damage|p1a: Ceruledge|59/100
|
|t:|1760393094
|switch|p2a: Umbreon|Umbreon, M|100/100|[from] Volt Switch
|move|p1a: Ceruledge|Swords Dance|p1a: Ceruledge
|-boost|p1a: Ceruledge|atk|2
|
|upkeep
|turn|11
|inactive|lalololole has 120 seconds left.
|
|t:|1760393127
|move|p1a: Ceruledge|Bitter Blade|p2a: Umbreon
|-damage|p2a: Umbreon|30/100
|-heal|p1a: Ceruledge|100/100|[from] drain|[of] p2a: Umbreon
|move|p2a: Umbreon|Foul Play|p1a: Ceruledge
|-supereffective|p1a: Ceruledge
|-damage|p1a: Ceruledge|0 fnt
|faint|p1a: Ceruledge
|
|-heal|p2a: Umbreon|36/100|[from] item: Leftovers
|upkeep
|inactive|lalololole has 120 seconds left.
|
|t:|1760393136
|switch|p1a: Froslass|Froslass, F|30/100
|turn|12
|inactive|DoctorHaus69 has 90 seconds left.
|
|t:|1760393148
|move|p1a: Froslass|Destiny Bond|p1a: Froslass
|-singlemove|p1a: Froslass|Destiny Bond
|move|p2a: Umbreon|Foul Play|p1a: Froslass
|-supereffective|p1a: Froslass
|-damage|p1a: Froslass|0 fnt
|faint|p1a: Froslass
|-activate|p1a: Froslass|move: Destiny Bond
|faint|p2a: Umbreon
|
|upkeep
|
|t:|1760393171
|switch|p1a: Clefable|Clefable, M|100/100
|switch|p2a: Jolteon|Jolteon, M, tera:Ice|83/100 brn
|turn|13
|
|t:|1760393186
|move|p2a: Jolteon|Thunderbolt|p1a: Clefable
|-damage|p1a: Clefable|63/100
|move|p1a: Clefable|Calm Mind|p1a: Clefable
|-boost|p1a: Clefable|spa|1
|-boost|p1a: Clefable|spd|1
|
|-heal|p1a: Clefable|69/100|[from] item: Leftovers
|-damage|p2a: Jolteon|77/100 brn|[from] brn
|upkeep
|turn|14
|inactive|DoctorHaus69 has 60 seconds left.
|
|t:|1760393216
|move|p2a: Jolteon|Thunderbolt|p1a: Clefable
|-damage|p1a: Clefable|43/100
|move|p1a: Clefable|Calm Mind|p1a: Clefable
|-boost|p1a: Clefable|spa|1
|-boost|p1a: Clefable|spd|1
|
|-heal|p1a: Clefable|49/100|[from] item: Leftovers
|-damage|p2a: Jolteon|71/100 brn|[from] brn
|upkeep
|turn|15
|inactive|DoctorHaus69 has 60 seconds left.
|
|t:|1760393225
|move|p2a: Jolteon|Tera Blast|p1a: Clefable|[anim] Tera Blast Ice
|-damage|p1a: Clefable|32/100
|move|p1a: Clefable|Moonlight|p1a: Clefable
|-heal|p1a: Clefable|82/100
|
|-heal|p1a: Clefable|88/100|[from] item: Leftovers
|-damage|p2a: Jolteon|65/100 brn|[from] brn
|upkeep
|turn|16
|inactive|DoctorHaus69 has 60 seconds left.
|
|t:|1760393241
|switch|p2a: Sylveon|Sylveon, M|100/100
|move|p1a: Clefable|Future Sight|p2a: Sylveon
|-start|p1a: Clefable|move: Future Sight
|
|-heal|p1a: Clefable|94/100|[from] item: Leftovers
|upkeep
|turn|17
|inactive|DoctorHaus69 has 60 seconds left.
|
|t:|1760393253
|move|p1a: Clefable|Flamethrower|p2a: Sylveon
|-damage|p2a: Sylveon|64/100
|move|p2a: Sylveon|Hyper Voice|p1a: Clefable
|-damage|p1a: Clefable|70/100
|
|-heal|p1a: Clefable|76/100|[from] item: Leftovers
|-heal|p2a: Sylveon|70/100|[from] item: Leftovers
|upkeep
|turn|18
|inactive|DoctorHaus69 has 60 seconds left.
|
|t:|1760393263
|move|p2a: Sylveon|Protect|p2a: Sylveon
|-singleturn|p2a: Sylveon|Protect
|move|p1a: Clefable|Flamethrower|p2a: Sylveon
|-activate|p2a: Sylveon|move: Protect
|
|-end|p2a: Sylveon|move: Future Sight
|-damage|p2a: Sylveon|16/100
|-heal|p2a: Sylveon|23/100|[from] item: Leftovers
|-heal|p1a: Clefable|82/100|[from] item: Leftovers
|upkeep
|turn|19
|inactive|DoctorHaus69 has 60 seconds left.
|
|t:|1760393286
|move|p1a: Clefable|Calm Mind|p1a: Clefable
|-boost|p1a: Clefable|spa|1
|-boost|p1a: Clefable|spd|1
|move|p2a: Sylveon|Hyper Voice|p1a: Clefable
|-damage|p1a: Clefable|63/100
|
|-heal|p2a: Sylveon|29/100|[from] item: Leftovers
|-heal|p1a: Clefable|69/100|[from] item: Leftovers
|upkeep
|turn|20
|
|t:|1760393297
|switch|p2a: Espeon|Espeon, M|100/100
|move|p1a: Clefable|Future Sight|p2a: Espeon
|-start|p1a: Clefable|move: Future Sight
|
|-heal|p1a: Clefable|75/100|[from] item: Leftovers
|upkeep
|turn|21
|
|t:|1760393306
|move|p2a: Espeon|Psychic|p1a: Clefable
|-damage|p1a: Clefable|50/100
|-damage|p2a: Espeon|91/100|[from] item: Life Orb
|move|p1a: Clefable|Flamethrower|p2a: Espeon
|-damage|p2a: Espeon|0 fnt
|faint|p2a: Espeon
|
|-heal|p1a: Clefable|56/100|[from] item: Leftovers
|upkeep
|
|t:|1760393318
|switch|p2a: Torkoal|Torkoal, F|20/100 psn
|-weather|SunnyDay|[from] ability: Drought|[of] p2a: Torkoal
|turn|22
|
|t:|1760393325
|move|p1a: Clefable|Moonlight|p1a: Clefable
|-heal|p1a: Clefable|100/100
|move|p2a: Torkoal|Earthquake|p1a: Clefable
|-crit|p1a: Clefable
|-damage|p1a: Clefable|65/100
|
|-weather|SunnyDay|[upkeep]
|-end|p2a: Torkoal|move: Future Sight
|-damage|p2a: Torkoal|0 fnt
|faint|p2a: Torkoal
|-heal|p1a: Clefable|71/100|[from] item: Leftovers
|upkeep
|
|t:|1760393341
|switch|p2a: Jolteon|Jolteon, M, tera:Ice|65/100 brn
|turn|23
|
|t:|1760393359
|move|p2a: Jolteon|Thunderbolt|p1a: Clefable
|-damage|p1a: Clefable|56/100
|move|p1a: Clefable|Flamethrower|p2a: Jolteon
|-supereffective|p2a: Jolteon
|-damage|p2a: Jolteon|0 fnt
|faint|p2a: Jolteon
|
|-weather|SunnyDay|[upkeep]
|-heal|p1a: Clefable|62/100|[from] item: Leftovers
|upkeep
|
|t:|1760393368
|switch|p2a: Sylveon|Sylveon, M|29/100
|turn|24
|
|t:|1760393373
|move|p2a: Sylveon|Wish|p2a: Sylveon
|move|p1a: Clefable|Future Sight|p2a: Sylveon
|-start|p1a: Clefable|move: Future Sight
|
|-weather|SunnyDay|[upkeep]
|-heal|p1a: Clefable|68/100|[from] item: Leftovers
|-heal|p2a: Sylveon|35/100|[from] item: Leftovers
|upkeep
|turn|25
|
|t:|1760393381
|move|p2a: Sylveon|Protect|p2a: Sylveon
|-singleturn|p2a: Sylveon|Protect
|move|p1a: Clefable|Flamethrower|p2a: Sylveon
|-activate|p2a: Sylveon|move: Protect
|
|-weather|SunnyDay|[upkeep]
|-heal|p2a: Sylveon|85/100|[from] move: Wish|[wisher] Sylveon
|-heal|p2a: Sylveon|91/100|[from] item: Leftovers
|-heal|p1a: Clefable|74/100|[from] item: Leftovers
|upkeep
|turn|26
|
|t:|1760393392
|move|p1a: Clefable|Flamethrower|p2a: Sylveon
|-damage|p2a: Sylveon|24/100
|move|p2a: Sylveon|Wish|p2a: Sylveon
|
|-weather|none
|-end|p2a: Sylveon|move: Future Sight
|-damage|p2a: Sylveon|0 fnt
|faint|p2a: Sylveon
|
|win|lalololole
|raw|lalololole's rating: 1079 &rarr; <strong>1107</strong><br />(+28 for winning)
|raw|DoctorHaus69's rating: 1081 &rarr; <strong>1059</strong><br />(-22 for losing)
|l|☆DoctorHaus69
|player|p2|
|l|☆lalololole
|player|p1|
