|j|☆bluebrine
|j|☆Crocodile E
|t:|1760451607
|gametype|singles
|player|p1|bluebrine|tuber|1460
|player|p2|Crocodile E|boarder|1486
|gen|9
|tier|[Gen 9] OU
|rated|
|rule|HP Percentage Mod: HP is shown in percentages
|rule|Endless Battle Clause: Forcing endless battles is banned
|rule|Species Clause: Limit one of each Pokémon
|rule|OHKO Clause: OHKO moves are banned
|rule|Evasion Items Clause: Evasion items are banned
|rule|Evasion Moves Clause: Evasion moves are banned
|rule|Evasion Abilities Clause: Evasion abilities are banned
|rule|Sleep Moves Clause: Sleep-inducing moves are banned
|clearpoke
|poke|p1|Ting-Lu|
|poke|p1|Alomomola, M|
|poke|p1|Corviknight, F|
|poke|p1|Deoxys-Speed|
|poke|p1|Okidogi, M|
|poke|p1|Maushold-Four|
|poke|p2|Glimmora, M|
|poke|p2|Iron Treads|
|poke|p2|Polteageist-Antique|
|poke|p2|Raging Bolt|
|poke|p2|Dragonite, M|
|poke|p2|Zamazenta-*|
|teampreview
|inactive|Battle timer is ON: inactive players will automatically lose when time's up. (requested by Crocodile E)
|
|t:|1760451617
|teamsize|p1|6
|teamsize|p2|6
|start
|switch|p1a: Deoxys|Deoxys-Speed|100/100
|switch|p2a: Iron Treads|Iron Treads|100/100
|-ability|p1a: Deoxys|Pressure
|-enditem|p2a: Iron Treads|Booster Energy
|-activate|p2a: Iron Treads|ability: Quark Drive|[fromitem]
|-start|p2a: Iron Treads|quarkdrivespe
|turn|1
|
|t:|1760451623
|move|p2a: Iron Treads|Knock Off|p1a: Deoxys
|-supereffective|p1a: Deoxys
|-damage|p1a: Deoxys|27/100
|-enditem|p1a: Deoxys|Wise Glasses|[from] move: Knock Off|[of] p2a: Iron Treads
|move|p1a: Deoxys|Ice Beam|p2a: Iron Treads
|-damage|p2a: Iron Treads|66/100
|
|upkeep
|turn|2
|
|t:|1760451629
|switch|p1a: Ting-Lu|Ting-Lu|100/100
|-ability|p1a: Ting-Lu|Vessel of Ruin
|move|p2a: Iron Treads|Knock Off|p1a: Ting-Lu
|-resisted|p1a: Ting-Lu
|-damage|p1a: Ting-Lu|94/100
|-enditem|p1a: Ting-Lu|Leftovers|[from] move: Knock Off|[of] p2a: Iron Treads
|
|upkeep
|turn|3
|
|t:|1760451648
|move|p2a: Iron Treads|Stealth Rock|p1a: Ting-Lu
|-sidestart|p1: bluebrine|move: Stealth Rock
|move|p1a: Ting-Lu|Ruination|p2a: Iron Treads
|-damage|p2a: Iron Treads|34/100
|
|upkeep
|turn|4
|
|t:|1760451657
|move|p2a: Iron Treads|Endeavor|p1a: Ting-Lu
|-damage|p1a: Ting-Lu|26/100
|move|p1a: Ting-Lu|Stealth Rock|p2a: Iron Treads
|-sidestart|p2: Crocodile E|move: Stealth Rock
|
|upkeep
|turn|5
|
|t:|1760451662
|-terastallize|p1a: Ting-Lu|Ghost
|move|p2a: Iron Treads|Rapid Spin|p1a: Ting-Lu
|-immune|p1a: Ting-Lu
|move|p1a: Ting-Lu|Whirlwind|p2a: Iron Treads
|-end|p2a: Iron Treads|Quark Drive|[silent]
|drag|p2a: Dragonite|Dragonite, M|100/100
|-damage|p2a: Dragonite|76/100|[from] Stealth Rock
|
|upkeep
|turn|6
|
|t:|1760451665
|move|p2a: Dragonite|Outrage|p1a: Ting-Lu
|-crit|p1a: Ting-Lu
|-damage|p1a: Ting-Lu|0 fnt
|faint|p1a: Ting-Lu
|
|upkeep
|
|t:|1760451682
|switch|p1a: Corviknight|Corviknight, F|100/100
|-damage|p1a: Corviknight|88/100|[from] Stealth Rock
|-ability|p1a: Corviknight|Pressure
|turn|7
|
|t:|1760451690
|move|p2a: Dragonite|Outrage|p1a: Corviknight|[from] lockedmove
|-resisted|p1a: Corviknight
|-damage|p1a: Corviknight|59/100
|-start|p2a: Dragonite|confusion|[fatigue]
|move|p1a: Corviknight|Roost|p1a: Corviknight
|-heal|p1a: Corviknight|100/100
|-singleturn|p1a: Corviknight|move: Roost
|
|upkeep
|turn|8
|
|t:|1760451706
|switch|p2a: Iron Treads|Iron Treads|34/100
|-damage|p2a: Iron Treads|30/100|[from] Stealth Rock
|switch|p1a: Okidogi|Okidogi, M|100/100
|-damage|p1a: Okidogi|94/100|[from] Stealth Rock
|
|upkeep
|turn|9
|
|t:|1760451709
|move|p2a: Iron Treads|Rapid Spin|p1a: Okidogi
|-damage|p1a: Okidogi|84/100
|-boost|p2a: Iron Treads|spe|1
|-sideend|p2: Crocodile E|Stealth Rock|[from] move: Rapid Spin|[of] p2a: Iron Treads
|move|p1a: Okidogi|Drain Punch|p2a: Iron Treads
|-supereffective|p2a: Iron Treads
|-damage|p2a: Iron Treads|0 fnt
|-heal|p1a: Okidogi|99/100|[from] drain|[of] p2a: Iron Treads
|faint|p2a: Iron Treads
|-end|p2a: Iron Treads|Quark Drive|[silent]
|
|upkeep
|
|t:|1760451712
|switch|p2a: Polteageist|Polteageist-Antique|100/100
|turn|10
|
|t:|1760451718
|move|p2a: Polteageist|Shell Smash|p2a: Polteageist
|-unboost|p2a: Polteageist|def|1
|-unboost|p2a: Polteageist|spd|1
|-boost|p2a: Polteageist|atk|2
|-boost|p2a: Polteageist|spa|2
|-boost|p2a: Polteageist|spe|2
|move|p1a: Okidogi|Knock Off|p2a: Polteageist
|-supereffective|p2a: Polteageist
|-enditem|p2a: Polteageist|Focus Sash
|-damage|p2a: Polteageist|1/100
|-ability|p2a: Polteageist|Weak Armor|boost
|-unboost|p2a: Polteageist|def|1
|-boost|p2a: Polteageist|spe|2
|
|upkeep
|turn|11
|-message|bluebrine forfeited.
|
|win|Crocodile E
|raw|bluebrine's rating: 1460 &rarr; <strong>1441</strong><br />(-19 for losing)
|raw|Crocodile E's rating: 1486 &rarr; <strong>1505</strong><br />(+19 for winning)
|l|☆bluebrine
|player|p1|
|l|☆Crocodile E
|player|p2|
