|j|☆torvik en place
|j|☆Johnny tots
|t:|1760388257
|gametype|singles
|player|p1|torvik en place|gambler|1831
|player|p2|Johnny tots|169|1867
|gen|9
|tier|[Gen 9] OU
|rated|
|rule|HP Percentage Mod: HP is shown in percentages
|rule|Endless Battle Clause: Forcing endless battles is banned
|rule|Species Clause: Limit one of each Pokémon
|rule|OHKO Clause: OHKO moves are banned
|rule|Evasion Items Clause: Evasion items are banned
|rule|Evasion Moves Clause: Evasion moves are banned
|rule|Evasion Abilities Clause: Evasion abilities are banned
|rule|Sleep Moves Clause: Sleep-inducing moves are banned
|clearpoke
|poke|p1|Darkrai|
|poke|p1|Enamorus, F|
|poke|p1|Cinderace, F|
|poke|p1|Great Tusk|
|poke|p1|Alomomola, F|
|poke|p1|Amoonguss, F|
|poke|p2|Rillaboom, F|
|poke|p2|Klefki, F|
|poke|p2|Manaphy|
|poke|p2|Ogerpon-Wellspring, F|
|poke|p2|Pecharunt|
|poke|p2|Clefable, F|
|teampreview
|inactive|Battle timer is ON: inactive players will automatically lose when time's up. (requested by Johnny tots)
|
|t:|1760388269
|teamsize|p1|6
|teamsize|p2|6
|start
|switch|p1a: Great Tusk|Great Tusk|100/100
|switch|p2a: Klefki|Klefki, F|100/100
|turn|1
|
|t:|1760388271
|move|p2a: Klefki|Reflect|p2a: Klefki
|-sidestart|p2: Johnny tots|Reflect
|move|p1a: Great Tusk|Headlong Rush|p2a: Klefki
|-supereffective|p2a: Klefki
|-damage|p2a: Klefki|50/100
|-unboost|p1a: Great Tusk|def|1
|-unboost|p1a: Great Tusk|spd|1
|
|upkeep
|turn|2
|
|t:|1760388275
|switch|p2a: Rillaboom|Rillaboom, F|100/100
|-fieldstart|move: Grassy Terrain|[from] ability: Grassy Surge|[of] p2a: Rillaboom
|move|p1a: Great Tusk|Headlong Rush|p2a: Rillaboom
|-resisted|p2a: Rillaboom
|-damage|p2a: Rillaboom|84/100
|-unboost|p1a: Great Tusk|def|1
|-unboost|p1a: Great Tusk|spd|1
|
|-heal|p2a: Rillaboom|90/100|[from] Grassy Terrain
|upkeep
|turn|3
|
|t:|1760388280
|-end|p1a: Great Tusk|Protosynthesis|[silent]
|switch|p1a: Amoonguss|Amoonguss, F|100/100
|move|p2a: Rillaboom|Knock Off|p1a: Amoonguss
|-damage|p1a: Amoonguss|75/100
|-enditem|p1a: Amoonguss|Eject Pack|[from] move: Knock Off|[of] p2a: Rillaboom
|
|-heal|p2a: Rillaboom|96/100|[from] Grassy Terrain
|-heal|p1a: Amoonguss|81/100|[from] Grassy Terrain
|upkeep
|turn|4
|
|t:|1760388286
|switch|p2a: Klefki|Klefki, F|50/100
|move|p1a: Amoonguss|Leaf Storm|p2a: Klefki
|-resisted|p2a: Klefki
|-damage|p2a: Klefki|17/100
|-unboost|p1a: Amoonguss|spa|2
|
|-heal|p2a: Klefki|23/100|[from] Grassy Terrain
|-heal|p1a: Amoonguss|87/100|[from] Grassy Terrain
|upkeep
|turn|5
|
|t:|1760388296
|move|p2a: Klefki|Light Screen|p2a: Klefki
|-sidestart|p2: Johnny tots|move: Light Screen
|move|p1a: Amoonguss|Leaf Storm|p2a: Klefki
|-resisted|p2a: Klefki
|-damage|p2a: Klefki|17/100
|-unboost|p1a: Amoonguss|spa|2
|
|-heal|p2a: Klefki|23/100|[from] Grassy Terrain
|-heal|p1a: Amoonguss|93/100|[from] Grassy Terrain
|upkeep
|turn|6
|
|t:|1760388314
|switch|p2a: Clefable|Clefable, F|100/100
|move|p1a: Amoonguss|Leaf Storm|p2a: Clefable
|-damage|p2a: Clefable|92/100
|-unboost|p1a: Amoonguss|spa|2
|
|-heal|p2a: Clefable|98/100|[from] Grassy Terrain
|-heal|p2a: Clefable|100/100|[from] item: Leftovers
|-heal|p1a: Amoonguss|99/100|[from] Grassy Terrain
|upkeep
|turn|7
|
|t:|1760388319
|move|p2a: Clefable|Calm Mind|p2a: Clefable
|-boost|p2a: Clefable|spa|1
|-boost|p2a: Clefable|spd|1
|move|p1a: Amoonguss|Clear Smog|p2a: Clefable
|-supereffective|p2a: Clefable
|-damage|p2a: Clefable|98/100
|-clearboost|p2a: Clefable
|
|-heal|p2a: Clefable|100/100|[from] Grassy Terrain
|-heal|p1a: Amoonguss|100/100|[from] Grassy Terrain
|upkeep
|turn|8
|
|t:|1760388324
|move|p2a: Clefable|Fire Blast|p1a: Amoonguss
|-supereffective|p1a: Amoonguss
|-damage|p1a: Amoonguss|45/100
|move|p1a: Amoonguss|Clear Smog|p2a: Clefable
|-supereffective|p2a: Clefable
|-damage|p2a: Clefable|97/100
|-clearboost|p2a: Clefable
|
|-heal|p2a: Clefable|100/100|[from] Grassy Terrain
|-heal|p1a: Amoonguss|51/100|[from] Grassy Terrain
|-sideend|p2: Johnny tots|Reflect
|upkeep
|turn|9
|j| OP Earthquakes
|
|t:|1760388339
|move|p2a: Clefable|Calm Mind|p2a: Clefable
|-boost|p2a: Clefable|spa|1
|-boost|p2a: Clefable|spd|1
|move|p1a: Amoonguss|Clear Smog|p2a: Clefable
|-supereffective|p2a: Clefable
|-crit|p2a: Clefable
|-damage|p2a: Clefable|56/100
|-clearboost|p2a: Clefable
|
|-heal|p2a: Clefable|62/100|[from] Grassy Terrain
|-heal|p2a: Clefable|68/100|[from] item: Leftovers
|-heal|p1a: Amoonguss|57/100|[from] Grassy Terrain
|-fieldend|move: Grassy Terrain
|upkeep
|turn|10
|
|t:|1760388350
|switch|p1a: Cinderace|Cinderace, F|100/100
|move|p2a: Clefable|Fire Blast|p1a: Cinderace|[miss]
|-miss|p2a: Clefable|p1a: Cinderace
|
|-heal|p2a: Clefable|74/100|[from] item: Leftovers
|upkeep
|turn|11
|
|t:|1760388354
|switch|p2a: Manaphy|Manaphy|100/100
|move|p1a: Cinderace|Pyro Ball|p2a: Manaphy
|-resisted|p2a: Manaphy
|-damage|p2a: Manaphy|79/100
|
|-heal|p2a: Manaphy|85/100|[from] item: Leftovers
|upkeep
|turn|12
|
|t:|1760388362
|move|p1a: Cinderace|U-turn|p2a: Manaphy
|-damage|p2a: Manaphy|67/100
|
|t:|1760388370
|switch|p1a: Enamorus|Enamorus, F|100/100|[from] U-turn
|move|p2a: Manaphy|Scald|p1a: Enamorus
|-damage|p1a: Enamorus|43/100
|-status|p1a: Enamorus|brn
|
|-heal|p2a: Manaphy|73/100|[from] item: Leftovers
|-damage|p1a: Enamorus|37/100 brn|[from] brn
|-sideend|p2: Johnny tots|move: Light Screen
|upkeep
|turn|13
|
|t:|1760388382
|switch|p2a: Pecharunt|Pecharunt|100/100
|move|p1a: Enamorus|Moonblast|p2a: Pecharunt
|-resisted|p2a: Pecharunt
|-crit|p2a: Pecharunt
|-damage|p2a: Pecharunt|47/100
|
|-heal|p2a: Pecharunt|53/100|[from] item: Leftovers
|-damage|p1a: Enamorus|31/100 brn|[from] brn
|upkeep
|turn|14
|
|t:|1760388394
|switch|p1a: Amoonguss|Amoonguss, F|90/100
|switch|p2a: Rillaboom|Rillaboom, F|96/100
|-fieldstart|move: Grassy Terrain|[from] ability: Grassy Surge|[of] p2a: Rillaboom
|
|-heal|p2a: Rillaboom|100/100|[from] Grassy Terrain
|-heal|p1a: Amoonguss|96/100|[from] Grassy Terrain
|upkeep
|turn|15
|
|t:|1760388402
|switch|p2a: Manaphy|Manaphy|73/100
|move|p1a: Amoonguss|Leaf Storm|p2a: Manaphy
|-supereffective|p2a: Manaphy
|-damage|p2a: Manaphy|0 fnt
|-unboost|p1a: Amoonguss|spa|2
|faint|p2a: Manaphy
|
|-heal|p1a: Amoonguss|100/100|[from] Grassy Terrain
|upkeep
|c|☆Johnny tots|Nuts
|
|t:|1760388420
|switch|p2a: Pecharunt|Pecharunt|53/100
|turn|16
|
|t:|1760388427
|switch|p1a: Alomomola|Alomomola, F|100/100
|move|p2a: Pecharunt|Nasty Plot|p2a: Pecharunt
|-boost|p2a: Pecharunt|spa|2
|
|-heal|p2a: Pecharunt|59/100|[from] Grassy Terrain
|-heal|p2a: Pecharunt|65/100|[from] item: Leftovers
|upkeep
|turn|17
|
|t:|1760388431
|move|p2a: Pecharunt|Malignant Chain|p1a: Alomomola
|-damage|p1a: Alomomola|57/100
|-status|p1a: Alomomola|tox
|-start|p1a: Alomomola|confusion|[from] ability: Poison Puppeteer|[of] p2a: Pecharunt
|-activate|p1a: Alomomola|confusion
|-damage|p1a: Alomomola|51/100 tox|[from] confusion
|
|-heal|p2a: Pecharunt|71/100|[from] Grassy Terrain
|-heal|p2a: Pecharunt|77/100|[from] item: Leftovers
|-heal|p1a: Alomomola|58/100 tox|[from] Grassy Terrain
|-damage|p1a: Alomomola|51/100 tox|[from] psn
|upkeep
|turn|18
|
|t:|1760388439
|move|p2a: Pecharunt|Malignant Chain|p1a: Alomomola
|-damage|p1a: Alomomola|9/100 tox
|-activate|p1a: Alomomola|confusion
|move|p1a: Alomomola|Flip Turn|p2a: Pecharunt
|-damage|p2a: Pecharunt|67/100
|j| atlas tales
|
|t:|1760388450
|switch|p1a: Enamorus|Enamorus, F|31/100 brn|[from] Flip Turn
|
|-heal|p2a: Pecharunt|73/100|[from] Grassy Terrain
|-heal|p2a: Pecharunt|79/100|[from] item: Leftovers
|-damage|p1a: Enamorus|25/100 brn|[from] brn
|upkeep
|turn|19
|l| atlas tales
|
|t:|1760388467
|-terastallize|p2a: Pecharunt|Water
|move|p1a: Enamorus|Moonblast|p2a: Pecharunt
|-damage|p2a: Pecharunt|7/100
|-unboost|p2a: Pecharunt|spa|1
|move|p2a: Pecharunt|Hex|p1a: Enamorus
|-damage|p1a: Enamorus|0 fnt
|faint|p1a: Enamorus
|
|-heal|p2a: Pecharunt|13/100|[from] Grassy Terrain
|-heal|p2a: Pecharunt|19/100|[from] item: Leftovers
|upkeep
|c|☆Johnny tots|Ur sick
|c|☆torvik en place|u play screens
|c|☆torvik en place|dont talk to me ty
|inactive|torvik en place has 120 seconds left.
|c|☆Johnny tots|I mean in a good way
|c|☆Johnny tots|but ok
|
|t:|1760388504
|switch|p1a: Darkrai|Darkrai|100/100
|turn|20
|
|t:|1760388516
|switch|p2a: Clefable|Clefable, F|74/100
|move|p1a: Darkrai|Dark Pulse|p2a: Clefable
|-resisted|p2a: Clefable
|-damage|p2a: Clefable|50/100
|
|-heal|p2a: Clefable|56/100|[from] Grassy Terrain
|-heal|p2a: Clefable|62/100|[from] item: Leftovers
|upkeep
|turn|21
|j| Dhoom Again
|inactive|torvik en place has 120 seconds left.
|
|t:|1760388545
|switch|p1a: Cinderace|Cinderace, F|100/100
|switch|p2a: Pecharunt|Pecharunt, tera:Water|19/100
|
|-heal|p2a: Pecharunt|25/100|[from] Grassy Terrain
|-heal|p2a: Pecharunt|31/100|[from] item: Leftovers
|-fieldend|move: Grassy Terrain
|upkeep
|turn|22
|
|t:|1760388552
|move|p1a: Cinderace|U-turn|p2a: Pecharunt
|-damage|p2a: Pecharunt|20/100
|
|t:|1760388561
|switch|p1a: Amoonguss|Amoonguss, F|100/100|[from] U-turn
|move|p2a: Pecharunt|Malignant Chain|p1a: Amoonguss
|-damage|p1a: Amoonguss|61/100
|
|-heal|p2a: Pecharunt|27/100|[from] item: Leftovers
|upkeep
|turn|23
|
|t:|1760388568
|switch|p2a: Rillaboom|Rillaboom, F|100/100
|-fieldstart|move: Grassy Terrain|[from] ability: Grassy Surge|[of] p2a: Rillaboom
|move|p1a: Amoonguss|Leaf Storm|p2a: Rillaboom|[miss]
|-miss|p1a: Amoonguss|p2a: Rillaboom
|
|-heal|p1a: Amoonguss|67/100|[from] Grassy Terrain
|upkeep
|turn|24
|
|t:|1760388583
|switch|p2a: Klefki|Klefki, F|23/100
|move|p1a: Amoonguss|Leaf Storm|p2a: Klefki
|-resisted|p2a: Klefki
|-damage|p2a: Klefki|0 fnt
|-unboost|p1a: Amoonguss|spa|2
|faint|p2a: Klefki
|
|-heal|p1a: Amoonguss|73/100|[from] Grassy Terrain
|upkeep
|
|t:|1760388590
|switch|p2a: Clefable|Clefable, F|62/100
|turn|25
|
|t:|1760388596
|switch|p1a: Great Tusk|Great Tusk|100/100
|move|p2a: Clefable|Calm Mind|p2a: Clefable
|-boost|p2a: Clefable|spa|1
|-boost|p2a: Clefable|spd|1
|
|-heal|p2a: Clefable|69/100|[from] Grassy Terrain
|-heal|p2a: Clefable|75/100|[from] item: Leftovers
|upkeep
|turn|26
|
|t:|1760388604
|-terastallize|p1a: Great Tusk|Ground
|move|p1a: Great Tusk|Headlong Rush|p2a: Clefable
|-damage|p2a: Clefable|0 fnt
|-unboost|p1a: Great Tusk|def|1
|-unboost|p1a: Great Tusk|spd|1
|faint|p2a: Clefable
|
|upkeep
|
|t:|1760388610
|switch|p2a: Ogerpon|Ogerpon-Wellspring, F|100/100
|turn|27
|
|t:|1760388612
|-end|p1a: Great Tusk|Protosynthesis|[silent]
|switch|p1a: Amoonguss|Amoonguss, F|100/100
|move|p2a: Ogerpon|Swords Dance|p2a: Ogerpon
|-boost|p2a: Ogerpon|atk|2
|
|upkeep
|turn|28
|
|t:|1760388616
|move|p2a: Ogerpon|Ivy Cudgel|p1a: Amoonguss|[anim] Ivy Cudgel Water
|-resisted|p1a: Amoonguss
|-damage|p1a: Amoonguss|59/100
|move|p1a: Amoonguss|Clear Smog|p2a: Ogerpon
|-supereffective|p2a: Ogerpon
|-damage|p2a: Ogerpon|66/100
|-clearboost|p2a: Ogerpon
|
|-heal|p2a: Ogerpon|72/100|[from] Grassy Terrain
|-heal|p1a: Amoonguss|65/100|[from] Grassy Terrain
|upkeep
|turn|29
|
|t:|1760388623
|move|p2a: Ogerpon|Swords Dance|p2a: Ogerpon
|-boost|p2a: Ogerpon|atk|2
|move|p1a: Amoonguss|Clear Smog|p2a: Ogerpon
|-supereffective|p2a: Ogerpon
|-damage|p2a: Ogerpon|38/100
|-clearboost|p2a: Ogerpon
|
|-heal|p2a: Ogerpon|44/100|[from] Grassy Terrain
|-heal|p1a: Amoonguss|71/100|[from] Grassy Terrain
|upkeep
|turn|30
|
|t:|1760388626
|switch|p2a: Rillaboom|Rillaboom, F|100/100
|move|p1a: Amoonguss|Clear Smog|p2a: Rillaboom
|-supereffective|p2a: Rillaboom
|-damage|p2a: Rillaboom|66/100
|-clearboost|p2a: Rillaboom
|
|-heal|p2a: Rillaboom|72/100|[from] Grassy Terrain
|-heal|p1a: Amoonguss|77/100|[from] Grassy Terrain
|-fieldend|move: Grassy Terrain
|upkeep
|turn|31
|-message|Johnny tots forfeited.
|
|win|torvik en place
|raw|torvik en place's rating: 1831 &rarr; <strong>1853</strong><br />(+22 for winning)
|raw|Johnny tots's rating: 1867 &rarr; <strong>1845</strong><br />(-22 for losing)
|l|☆Johnny tots
|player|p2|
|l|☆torvik en place
|player|p1|
|l| Dhoom Again
