|j|☆ConnerTEP
|j|☆Osiris' Requiem
|t:|1760328214
|gametype|singles
|player|p1|ConnerTEP|clair-masters|1374
|player|p2|Osiris' Requiem|fennel|1419
|gen|9
|tier|[Gen 9] OU
|rated|
|rule|HP Percentage Mod: HP is shown in percentages
|rule|Endless Battle Clause: Forcing endless battles is banned
|rule|Species Clause: Limit one of each Pokémon
|rule|OHKO Clause: OHKO moves are banned
|rule|Evasion Items Clause: Evasion items are banned
|rule|Evasion Moves Clause: Evasion moves are banned
|rule|Evasion Abilities Clause: Evasion abilities are banned
|rule|Sleep Moves Clause: Sleep-inducing moves are banned
|clearpoke
|poke|p1|Sinistcha|
|poke|p1|Iron Valiant|
|poke|p1|Heatran, F|
|poke|p1|Samurott-Hisui, F|
|poke|p1|Great Tusk|
|poke|p1|Dragapult, F|
|poke|p2|Dragapult, M|
|poke|p2|Samurott-Hisui, F|
|poke|p2|Hydrapple, F|
|poke|p2|Moltres|
|poke|p2|Scizor, M|
|poke|p2|Great Tusk|
|teampreview
|inactive|Battle timer is ON: inactive players will automatically lose when time's up. (requested by ConnerTEP)
|
|t:|1760328240
|teamsize|p1|6
|teamsize|p2|6
|start
|switch|p1a: Iron Valiant|Iron Valiant|100/100
|switch|p2a: Great Tusk|Great Tusk|100/100
|-enditem|p1a: Iron Valiant|Booster Energy
|-activate|p1a: Iron Valiant|ability: Quark Drive|[fromitem]
|-start|p1a: Iron Valiant|quarkdrivespe
|turn|1
|
|t:|1760328244
|-end|p2a: Great Tusk|Protosynthesis|[silent]
|switch|p2a: Moltres|Moltres|100/100
|move|p1a: Iron Valiant|Swords Dance|p1a: Iron Valiant
|-boost|p1a: Iron Valiant|atk|2
|
|upkeep
|turn|2
|
|t:|1760328251
|-terastallize|p1a: Iron Valiant|Dark
|move|p1a: Iron Valiant|Knock Off|p2a: Moltres
|-damage|p2a: Moltres|31/100
|-status|p1a: Iron Valiant|brn|[from] ability: Flame Body|[of] p2a: Moltres
|-enditem|p2a: Moltres|Heavy-Duty Boots|[from] move: Knock Off|[of] p1a: Iron Valiant
|move|p2a: Moltres|Roost|p2a: Moltres
|-heal|p2a: Moltres|81/100
|-singleturn|p2a: Moltres|move: Roost
|
|-damage|p1a: Iron Valiant|94/100 brn|[from] brn
|upkeep
|turn|3
|
|t:|1760328258
|move|p1a: Iron Valiant|Swords Dance|p1a: Iron Valiant
|-boost|p1a: Iron Valiant|atk|2
|move|p2a: Moltres|Flamethrower|p1a: Iron Valiant
|-damage|p1a: Iron Valiant|25/100 brn
|
|-damage|p1a: Iron Valiant|18/100 brn|[from] brn
|upkeep
|turn|4
|
|t:|1760328264
|move|p1a: Iron Valiant|Knock Off|p2a: Moltres
|-damage|p2a: Moltres|49/100
|move|p2a: Moltres|Roost|p2a: Moltres
|-heal|p2a: Moltres|99/100
|-singleturn|p2a: Moltres|move: Roost
|
|-damage|p1a: Iron Valiant|12/100 brn|[from] brn
|upkeep
|turn|5
|
|t:|1760328267
|-end|p1a: Iron Valiant|Quark Drive|[silent]
|switch|p1a: Samurott|Samurott-Hisui, F|100/100
|move|p2a: Moltres|U-turn|p1a: Samurott
|-supereffective|p1a: Samurott
|-damage|p1a: Samurott|65/100
|
|t:|1760328281
|switch|p2a: Hydrapple|Hydrapple, F|100/100|[from] U-turn
|
|upkeep
|turn|6
|
|t:|1760328285
|move|p1a: Samurott|Knock Off|p2a: Hydrapple
|-damage|p2a: Hydrapple|76/100
|-damage|p1a: Samurott|48/100|[from] item: Rocky Helmet|[of] p2a: Hydrapple
|-enditem|p2a: Hydrapple|Rocky Helmet|[from] move: Knock Off|[of] p1a: Samurott
|move|p2a: Hydrapple|Nasty Plot|p2a: Hydrapple
|-boost|p2a: Hydrapple|spa|2
|
|upkeep
|turn|7
|
|t:|1760328292
|move|p1a: Samurott|Ceaseless Edge|p2a: Hydrapple
|-damage|p2a: Hydrapple|53/100
|-sidestart|p2: Osiris' Requiem|Spikes
|move|p2a: Hydrapple|Earth Power|p1a: Samurott
|-damage|p1a: Samurott|1/100
|-unboost|p1a: Samurott|spd|1
|
|upkeep
|turn|8
|
|t:|1760328304
|move|p1a: Samurott|Ceaseless Edge|p2a: Hydrapple
|-damage|p2a: Hydrapple|27/100
|-sidestart|p2: Osiris' Requiem|Spikes
|move|p2a: Hydrapple|Giga Drain|p1a: Samurott
|-supereffective|p1a: Samurott
|-damage|p1a: Samurott|0 fnt
|-heal|p2a: Hydrapple|27/100|[from] drain|[of] p1a: Samurott
|faint|p1a: Samurott
|
|upkeep
|
|t:|1760328319
|switch|p1a: Dragapult|Dragapult, F|100/100
|turn|9
|
|t:|1760328341
|switch|p2a: Moltres|Moltres|99/100
|move|p1a: Dragapult|U-turn|p2a: Moltres
|-resisted|p2a: Moltres
|-damage|p2a: Moltres|96/100
|
|t:|1760328350
|switch|p1a: Heatran|Heatran, F|100/100|[from] U-turn
|-item|p1a: Heatran|Air Balloon
|
|upkeep
|turn|10
|
|t:|1760328353
|move|p2a: Moltres|U-turn|p1a: Heatran
|-resisted|p1a: Heatran
|-damage|p1a: Heatran|98/100
|-enditem|p1a: Heatran|Air Balloon
|
|t:|1760328357
|switch|p2a: Samurott|Samurott-Hisui, F|100/100|[from] U-turn
|-damage|p2a: Samurott|84/100|[from] Spikes
|move|p1a: Heatran|Stealth Rock|p2a: Samurott
|-sidestart|p2: Osiris' Requiem|move: Stealth Rock
|
|upkeep
|turn|11
|
|t:|1760328366
|switch|p1a: Iron Valiant|Iron Valiant, tera:Dark|12/100 brn
|move|p2a: Samurott|Ceaseless Edge|p1a: Iron Valiant
|-resisted|p1a: Iron Valiant
|-damage|p1a: Iron Valiant|0 fnt
|-sidestart|p1: ConnerTEP|Spikes
|faint|p1a: Iron Valiant
|-end|p1a: Iron Valiant|Quark Drive|[silent]
|
|upkeep
|
|t:|1760328371
|switch|p1a: Great Tusk|Great Tusk, shiny|100/100
|-damage|p1a: Great Tusk|88/100|[from] Spikes
|turn|12
|
|t:|1760328376
|move|p1a: Great Tusk|Rapid Spin|p2a: Samurott
|-damage|p2a: Samurott|65/100
|-boost|p1a: Great Tusk|spe|1
|-sideend|p1: ConnerTEP|Spikes|[from] move: Rapid Spin|[of] p1a: Great Tusk
|move|p2a: Samurott|Aqua Cutter|p1a: Great Tusk
|-supereffective|p1a: Great Tusk
|-damage|p1a: Great Tusk|27/100
|
|-heal|p1a: Great Tusk|33/100|[from] item: Leftovers
|upkeep
|turn|13
|
|t:|1760328394
|move|p1a: Great Tusk|Headlong Rush|p2a: Samurott
|-damage|p2a: Samurott|0 fnt
|-unboost|p1a: Great Tusk|def|1
|-unboost|p1a: Great Tusk|spd|1
|faint|p2a: Samurott
|
|-heal|p1a: Great Tusk|40/100|[from] item: Leftovers
|upkeep
|inactive|Osiris' Requiem has 120 seconds left.
|inactive|Osiris' Requiem has 90 seconds left.
|
|t:|1760328447
|switch|p2a: Scizor|Scizor, M|100/100
|-damage|p2a: Scizor|84/100|[from] Spikes
|-damage|p2a: Scizor|72/100|[from] Stealth Rock
|turn|14
|inactive|Osiris' Requiem has 90 seconds left.
|
|t:|1760328458
|move|p1a: Great Tusk|Bulk Up|p1a: Great Tusk
|-boost|p1a: Great Tusk|atk|1
|-boost|p1a: Great Tusk|def|1
|move|p2a: Scizor|Close Combat|p1a: Great Tusk
|-damage|p1a: Great Tusk|0 fnt
|-unboost|p2a: Scizor|def|1
|-unboost|p2a: Scizor|spd|1
|faint|p1a: Great Tusk
|-end|p1a: Great Tusk|Protosynthesis|[silent]
|
|upkeep
|
|t:|1760328463
|switch|p1a: Dragapult|Dragapult, F|100/100
|turn|15
|inactive|Osiris' Requiem has 90 seconds left.
|
|t:|1760328485
|switch|p2a: Dragapult|Dragapult, M|100/100
|-damage|p2a: Dragapult|84/100|[from] Spikes
|-damage|p2a: Dragapult|72/100|[from] Stealth Rock
|move|p1a: Dragapult|Flamethrower|p2a: Dragapult
|-resisted|p2a: Dragapult
|-damage|p2a: Dragapult|43/100
|
|upkeep
|turn|16
|inactive|Osiris' Requiem has 90 seconds left.
|
|t:|1760328495
|switch|p1a: Heatran|Heatran, F|98/100
|move|p2a: Dragapult|Dragon Dance|p2a: Dragapult
|-boost|p2a: Dragapult|atk|1
|-boost|p2a: Dragapult|spe|1
|
|upkeep
|turn|17
|
|t:|1760328500
|move|p2a: Dragapult|Phantom Force||[still]
|-prepare|p2a: Dragapult|Phantom Force
|move|p1a: Heatran|Magma Storm|p2a: Dragapult|[miss]
|-miss|p1a: Heatran|p2a: Dragapult
|
|upkeep
|turn|18
|
|t:|1760328503
|move|p2a: Dragapult|Phantom Force|p1a: Heatran|[from] lockedmove
|-damage|p1a: Heatran|38/100
|move|p1a: Heatran|Magma Storm|p2a: Dragapult
|-resisted|p2a: Dragapult
|-damage|p2a: Dragapult|11/100
|-activate|p2a: Dragapult|move: Magma Storm|[of] p1a: Heatran
|
|-damage|p2a: Dragapult|0 fnt|[from] move: Magma Storm|[partiallytrapped]
|faint|p2a: Dragapult
|upkeep
|
|t:|1760328515
|switch|p2a: Great Tusk|Great Tusk|100/100
|turn|19
|
|t:|1760328519
|switch|p1a: Sinistcha|Sinistcha|100/100
|move|p2a: Great Tusk|Headlong Rush|p1a: Sinistcha
|-resisted|p1a: Sinistcha
|-damage|p1a: Sinistcha|80/100
|-unboost|p2a: Great Tusk|def|1
|-unboost|p2a: Great Tusk|spd|1
|
|upkeep
|turn|20
|
|t:|1760328526
|-end|p2a: Great Tusk|Protosynthesis|[silent]
|switch|p2a: Moltres|Moltres|96/100
|-damage|p2a: Moltres|46/100|[from] Stealth Rock
|move|p1a: Sinistcha|Shadow Ball|p2a: Moltres
|-damage|p2a: Moltres|16/100
|-unboost|p2a: Moltres|spd|1
|
|upkeep
|turn|21
|
|t:|1760328532
|switch|p1a: Dragapult|Dragapult, F|100/100
|move|p2a: Moltres|Flamethrower|p1a: Dragapult
|-resisted|p1a: Dragapult
|-damage|p1a: Dragapult|75/100
|
|upkeep
|turn|22
|
|t:|1760328537
|move|p1a: Dragapult|Flamethrower|p2a: Moltres
|-resisted|p2a: Moltres
|-damage|p2a: Moltres|0 fnt
|faint|p2a: Moltres
|
|upkeep
|inactive|Osiris' Requiem has 120 seconds left.
|
|t:|1760328566
|switch|p2a: Great Tusk|Great Tusk|100/100
|turn|23
|
|t:|1760328571
|switch|p1a: Heatran|Heatran, F|38/100
|move|p2a: Great Tusk|Ice Spinner|p1a: Heatran
|-resisted|p1a: Heatran
|-damage|p1a: Heatran|32/100
|
|upkeep
|turn|24
|
|t:|1760328578
|switch|p1a: Sinistcha|Sinistcha|80/100
|move|p2a: Great Tusk|Headlong Rush|p1a: Sinistcha
|-resisted|p1a: Sinistcha
|-damage|p1a: Sinistcha|58/100
|-unboost|p2a: Great Tusk|def|1
|-unboost|p2a: Great Tusk|spd|1
|
|upkeep
|turn|25
|
|t:|1760328589
|move|p2a: Great Tusk|Ice Spinner|p1a: Sinistcha
|-supereffective|p1a: Sinistcha
|-damage|p1a: Sinistcha|18/100
|move|p1a: Sinistcha|Matcha Gotcha|p2a: Great Tusk
|-supereffective|p2a: Great Tusk
|-damage|p2a: Great Tusk|0 fnt
|-heal|p1a: Sinistcha|72/100|[from] drain|[of] p2a: Great Tusk
|faint|p2a: Great Tusk
|-end|p2a: Great Tusk|Protosynthesis|[silent]
|
|upkeep
|
|t:|1760328592
|switch|p2a: Hydrapple|Hydrapple, F|61/100
|-damage|p2a: Hydrapple|44/100|[from] Spikes
|-damage|p2a: Hydrapple|32/100|[from] Stealth Rock
|turn|26
|
|t:|1760328595
|move|p1a: Sinistcha|Shadow Ball|p2a: Hydrapple
|-damage|p2a: Hydrapple|0 fnt
|faint|p2a: Hydrapple
|
|upkeep
|
|t:|1760328597
|switch|p2a: Scizor|Scizor, M|72/100
|-damage|p2a: Scizor|55/100|[from] Spikes
|-damage|p2a: Scizor|43/100|[from] Stealth Rock
|turn|27
|c|☆Osiris' Requiem|gg
|
|t:|1760328602
|move|p2a: Scizor|Bullet Punch|p1a: Sinistcha
|-damage|p1a: Sinistcha|37/100
|move|p1a: Sinistcha|Shadow Ball|p2a: Scizor
|-damage|p2a: Scizor|3/100
|-unboost|p2a: Scizor|spd|1
|
|upkeep
|turn|28
|
|t:|1760328605
|-terastallize|p2a: Scizor|Steel
|move|p2a: Scizor|Bullet Punch|p1a: Sinistcha
|-damage|p1a: Sinistcha|0 fnt
|faint|p1a: Sinistcha
|
|upkeep
|
|t:|1760328608
|switch|p1a: Heatran|Heatran, F|32/100
|turn|29
|
|t:|1760328610
|move|p2a: Scizor|Bullet Punch|p1a: Heatran
|-resisted|p1a: Heatran
|-damage|p1a: Heatran|19/100
|move|p1a: Heatran|Magma Storm|p2a: Scizor
|-supereffective|p2a: Scizor
|-damage|p2a: Scizor|0 fnt
|faint|p2a: Scizor
|
|win|ConnerTEP
|raw|ConnerTEP's rating: 1374 &rarr; <strong>1397</strong><br />(+23 for winning)
|raw|Osiris&apos; Requiem's rating: 1419 &rarr; <strong>1396</strong><br />(-23 for losing)
|c|☆ConnerTEP|gg
|l|☆Osiris' Requiem
|player|p2|
|l|☆ConnerTEP
|player|p1|
