|j|☆eros maniac
|j|☆DontMissMantine
|t:|1760449652
|gametype|singles
|player|p1|eros maniac|hilbert-wonderlauncher|1795
|player|p2|DontMissMantine|lucas|1712
|gen|9
|tier|[Gen 9] OU
|rated|
|rule|HP Percentage Mod: HP is shown in percentages
|rule|Endless Battle Clause: Forcing endless battles is banned
|rule|Species Clause: Limit one of each Pokémon
|rule|OHKO Clause: OHKO moves are banned
|rule|Evasion Items Clause: Evasion items are banned
|rule|Evasion Moves Clause: Evasion moves are banned
|rule|Evasion Abilities Clause: Evasion abilities are banned
|rule|Sleep Moves Clause: Sleep-inducing moves are banned
|clearpoke
|poke|p1|Frosmoth, F|
|poke|p1|Maushold-Four|
|poke|p1|Krookodile, F|
|poke|p1|Sinistcha|
|poke|p1|Alomomola, F|
|poke|p1|Weezing-Galar, M|
|poke|p2|Pelipper, M|
|poke|p2|Beartic, F|
|poke|p2|Barraskewda, M|
|poke|p2|Ogerpon-Wellspring, F|
|poke|p2|Zapdos|
|poke|p2|Hatterene, F|
|teampreview
|inactive|Battle timer is ON: inactive players will automatically lose when time's up. (requested by eros maniac)
|
|t:|1760449660
|teamsize|p1|6
|teamsize|p2|6
|start
|switch|p1a: Krookodile|Krookodile, F|100/100
|switch|p2a: Pelipper|Pelipper, M|100/100
|-ability|p1a: Krookodile|Intimidate|boost
|-unboost|p2a: Pelipper|atk|1
|-weather|RainDance|[from] ability: Drizzle|[of] p2a: Pelipper
|turn|1
|
|t:|1760449669
|switch|p2a: Ogerpon|Ogerpon-Wellspring, F|100/100
|move|p1a: Krookodile|Stone Edge|p2a: Ogerpon|[miss]
|-miss|p1a: Krookodile|p2a: Ogerpon
|
|-weather|RainDance|[upkeep]
|upkeep
|turn|2
|
|t:|1760449677
|switch|p1a: Sinistcha|Sinistcha, shiny|100/100
|move|p2a: Ogerpon|Ivy Cudgel|p1a: Sinistcha|[anim] Ivy Cudgel Water
|-resisted|p1a: Sinistcha
|-damage|p1a: Sinistcha|69/100
|
|-weather|RainDance|[upkeep]
|upkeep
|turn|3
|
|t:|1760449685
|switch|p2a: Zapdos|Zapdos|100/100
|move|p1a: Sinistcha|Strength Sap|p2a: Zapdos
|-unboost|p2a: Zapdos|atk|1
|-heal|p1a: Sinistcha|100/100
|
|-weather|RainDance|[upkeep]
|upkeep
|turn|4
|
|t:|1760449714
|switch|p1a: Frosmoth|Frosmoth, F, shiny|100/100
|move|p2a: Zapdos|Hurricane|p1a: Frosmoth
|-supereffective|p1a: Frosmoth
|-damage|p1a: Frosmoth|59/100
|
|-weather|RainDance|[upkeep]
|-heal|p1a: Frosmoth|65/100|[from] item: Leftovers
|upkeep
|turn|5
|l|☆eros maniac
|inactive|eros maniac disconnected and has a minute to reconnect!
|player|p1|
|j|☆eros maniac
|inactive|eros maniac reconnected and has 145 seconds left.
|player|p1|eros maniac|hilbert-wonderlauncher|
|
|t:|1760449728
|-terastallize|p1a: Frosmoth|Electric
|move|p2a: Zapdos|Volt Switch|p1a: Frosmoth
|-resisted|p1a: Frosmoth
|-damage|p1a: Frosmoth|59/100
|
|t:|1760449733
|switch|p2a: Beartic|Beartic, F|100/100|[from] Volt Switch
|move|p1a: Frosmoth|Tera Blast|p2a: Beartic|[anim] Tera Blast Electric
|-damage|p2a: Beartic|56/100
|
|-weather|RainDance|[upkeep]
|-heal|p1a: Frosmoth|65/100|[from] item: Leftovers
|upkeep
|turn|6
|
|t:|1760449742
|switch|p1a: Alomomola|Alomomola, F, shiny|100/100
|move|p2a: Beartic|Swords Dance|p2a: Beartic
|-boost|p2a: Beartic|atk|2
|
|-weather|RainDance|[upkeep]
|upkeep
|turn|7
|
|t:|1760449750
|switch|p1a: Krookodile|Krookodile, F|100/100
|-ability|p1a: Krookodile|Intimidate|boost
|-unboost|p2a: Beartic|atk|1
|-terastallize|p2a: Beartic|Electric
|move|p2a: Beartic|Tera Blast|p1a: Krookodile|[anim] Tera Blast Electric
|-immune|p1a: Krookodile
|
|-weather|RainDance|[upkeep]
|upkeep
|turn|8
|
|t:|1760449764
|switch|p1a: Weezing|Weezing-Galar, M|100/100
|-ability|p1a: Weezing|Neutralizing Gas
|move|p2a: Beartic|Icicle Spear|p1a: Weezing
|-damage|p1a: Weezing|87/100
|-damage|p1a: Weezing|73/100
|-damage|p1a: Weezing|58/100
|-damage|p1a: Weezing|44/100
|-hitcount|p1a: Weezing|4
|
|-weather|none
|upkeep
|turn|9
|
|t:|1760449780
|move|p2a: Beartic|Icicle Spear|p1a: Weezing
|-damage|p1a: Weezing|30/100
|-damage|p1a: Weezing|15/100
|-damage|p1a: Weezing|1/100
|-damage|p1a: Weezing|0 fnt
|faint|p1a: Weezing
|-end|p1a: Weezing|ability: Neutralizing Gas
|-hitcount|p1: Weezing|4
|
|upkeep
|
|t:|1760449782
|switch|p1a: Maushold|Maushold-Four|100/100
|turn|10
|
|t:|1760449804
|switch|p2a: Pelipper|Pelipper, M|100/100
|-weather|RainDance|[from] ability: Drizzle|[of] p2a: Pelipper
|move|p1a: Maushold|Population Bomb|p2a: Pelipper
|-damage|p2a: Pelipper|92/100
|-damage|p2a: Pelipper|84/100
|-damage|p2a: Pelipper|76/100
|-damage|p2a: Pelipper|67/100
|-damage|p2a: Pelipper|58/100
|-damage|p2a: Pelipper|49/100
|-damage|p2a: Pelipper|41/100
|-damage|p2a: Pelipper|32/100
|-damage|p2a: Pelipper|23/100
|-crit|p2a: Pelipper
|-damage|p2a: Pelipper|11/100
|-hitcount|p2a: Pelipper|10
|
|-weather|RainDance|[upkeep]
|upkeep
|turn|11
|inactive|DontMissMantine has 120 seconds left.
|
|t:|1760449824
|switch|p2a: Hatterene|Hatterene, F|100/100
|move|p1a: Maushold|Tidy Up|p1a: Maushold
|-boost|p1a: Maushold|atk|1
|-boost|p1a: Maushold|spe|1
|
|-weather|RainDance|[upkeep]
|upkeep
|turn|12
|
|t:|1760449832
|move|p1a: Maushold|Population Bomb|p2a: Hatterene
|-damage|p2a: Hatterene|87/100
|-damage|p2a: Hatterene|74/100
|-damage|p2a: Hatterene|60/100
|-damage|p2a: Hatterene|47/100
|-damage|p2a: Hatterene|33/100
|-damage|p2a: Hatterene|19/100
|-damage|p2a: Hatterene|6/100
|-damage|p2a: Hatterene|0 fnt
|faint|p2a: Hatterene
|-hitcount|p2: Hatterene|8
|
|-weather|RainDance|[upkeep]
|upkeep
|inactive|DontMissMantine has 120 seconds left.
|
|t:|1760449846
|switch|p2a: Barraskewda|Barraskewda, M|100/100
|turn|13
|
|t:|1760449850
|switch|p1a: Alomomola|Alomomola, F, shiny|100/100
|move|p2a: Barraskewda|Flip Turn|p1a: Alomomola
|-resisted|p1a: Alomomola
|-damage|p1a: Alomomola|83/100
|-damage|p2a: Barraskewda|84/100|[from] item: Rocky Helmet|[of] p1a: Alomomola
|
|t:|1760449857
|switch|p2a: Zapdos|Zapdos|100/100|[from] Flip Turn
|
|-weather|RainDance|[upkeep]
|upkeep
|turn|14
|
|t:|1760449864
|switch|p1a: Frosmoth|Frosmoth, F, shiny, tera:Electric|65/100
|move|p2a: Zapdos|Hurricane|p1a: Frosmoth
|-resisted|p1a: Frosmoth
|-damage|p1a: Frosmoth|54/100
|-start|p1a: Frosmoth|confusion
|
|-weather|RainDance|[upkeep]
|-heal|p1a: Frosmoth|60/100|[from] item: Leftovers
|upkeep
|turn|15
|
|t:|1760449877
|move|p2a: Zapdos|Volt Switch|p1a: Frosmoth
|-resisted|p1a: Frosmoth
|-damage|p1a: Frosmoth|54/100
|
|t:|1760449880
|switch|p2a: Barraskewda|Barraskewda, M|84/100|[from] Volt Switch
|-activate|p1a: Frosmoth|confusion
|move|p1a: Frosmoth|Ice Beam|p2a: Barraskewda
|-resisted|p2a: Barraskewda
|-damage|p2a: Barraskewda|42/100
|
|-weather|RainDance|[upkeep]
|-heal|p1a: Frosmoth|60/100|[from] item: Leftovers
|upkeep
|turn|16
|
|t:|1760449891
|switch|p1a: Alomomola|Alomomola, F, shiny|100/100
|move|p2a: Barraskewda|Flip Turn|p1a: Alomomola
|-resisted|p1a: Alomomola
|-damage|p1a: Alomomola|81/100
|-damage|p2a: Barraskewda|25/100|[from] item: Rocky Helmet|[of] p1a: Alomomola
|
|t:|1760449898
|switch|p2a: Ogerpon|Ogerpon-Wellspring, F|100/100|[from] Flip Turn
|
|-weather|RainDance|[upkeep]
|upkeep
|turn|17
|
|t:|1760449904
|switch|p1a: Sinistcha|Sinistcha, shiny|100/100
|move|p2a: Ogerpon|Ivy Cudgel|p1a: Sinistcha|[anim] Ivy Cudgel Water
|-resisted|p1a: Sinistcha
|-damage|p1a: Sinistcha|70/100
|
|-weather|none
|upkeep
|turn|18
|
|t:|1760449913
|move|p2a: Ogerpon|Ivy Cudgel|p1a: Sinistcha|[anim] Ivy Cudgel Water
|-resisted|p1a: Sinistcha
|-damage|p1a: Sinistcha|50/100
|move|p1a: Sinistcha|Matcha Gotcha|p2a: Ogerpon
|-damage|p2a: Ogerpon|61/100
|-heal|p1a: Sinistcha|67/100|[from] drain|[of] p2a: Ogerpon
|
|upkeep
|turn|19
|
|t:|1760449922
|move|p2a: Ogerpon|Encore|p1a: Sinistcha
|-start|p1a: Sinistcha|Encore
|move|p1a: Sinistcha|Matcha Gotcha|p2a: Ogerpon
|-damage|p2a: Ogerpon|24/100
|-heal|p1a: Sinistcha|83/100|[from] drain|[of] p2a: Ogerpon
|
|upkeep
|turn|20
|
|t:|1760449931
|switch|p2a: Zapdos|Zapdos|100/100
|switch|p1a: Krookodile|Krookodile, F|100/100
|-ability|p1a: Krookodile|Intimidate|boost
|-unboost|p2a: Zapdos|atk|1
|
|upkeep
|turn|21
|
|t:|1760449938
|move|p2a: Zapdos|Hurricane|p1a: Krookodile
|-damage|p1a: Krookodile|37/100
|move|p1a: Krookodile|Knock Off|p2a: Zapdos
|-damage|p2a: Zapdos|5/100
|-status|p1a: Krookodile|par|[from] ability: Static|[of] p2a: Zapdos
|-enditem|p2a: Zapdos|Assault Vest|[from] move: Knock Off|[of] p1a: Krookodile
|
|upkeep
|turn|22
|
|t:|1760449948
|move|p2a: Zapdos|Hurricane|p1a: Krookodile
|-damage|p1a: Krookodile|0 fnt
|faint|p1a: Krookodile
|
|upkeep
|
|t:|1760449954
|switch|p1a: Frosmoth|Frosmoth, F, shiny, tera:Electric|60/100
|turn|23
|
|t:|1760449964
|move|p2a: Zapdos|Volt Switch|p1a: Frosmoth
|-resisted|p1a: Frosmoth
|-damage|p1a: Frosmoth|53/100
|
|t:|1760449970
|switch|p2a: Barraskewda|Barraskewda, M|25/100|[from] Volt Switch
|move|p1a: Frosmoth|Ice Beam|p2a: Barraskewda
|-resisted|p2a: Barraskewda
|-damage|p2a: Barraskewda|0 fnt
|faint|p2a: Barraskewda
|
|-heal|p1a: Frosmoth|59/100|[from] item: Leftovers
|upkeep
|
|t:|1760449980
|switch|p2a: Ogerpon|Ogerpon-Wellspring, F|24/100
|turn|24
|
|t:|1760449984
|switch|p1a: Sinistcha|Sinistcha, shiny|83/100
|move|p2a: Ogerpon|Ivy Cudgel|p1a: Sinistcha|[anim] Ivy Cudgel Water
|-resisted|p1a: Sinistcha
|-damage|p1a: Sinistcha|62/100
|
|upkeep
|turn|25
|
|t:|1760449991
|switch|p2a: Pelipper|Pelipper, M|11/100
|-weather|RainDance|[from] ability: Drizzle|[of] p2a: Pelipper
|move|p1a: Sinistcha|Matcha Gotcha|p2a: Pelipper
|-damage|p2a: Pelipper|0 fnt
|-heal|p1a: Sinistcha|67/100|[from] drain|[of] p2a: Pelipper
|faint|p2a: Pelipper
|
|-weather|RainDance|[upkeep]
|upkeep
|j| wgw2333
|
|t:|1760450006
|switch|p2a: Zapdos|Zapdos|5/100
|turn|26
|
|t:|1760450010
|switch|p1a: Frosmoth|Frosmoth, F, shiny, tera:Electric|59/100
|move|p2a: Zapdos|Weather Ball|p1a: Frosmoth
|-damage|p1a: Frosmoth|41/100
|
|-weather|RainDance|[upkeep]
|-heal|p1a: Frosmoth|47/100|[from] item: Leftovers
|upkeep
|turn|27
|
|t:|1760450018
|move|p2a: Zapdos|Weather Ball|p1a: Frosmoth
|-damage|p1a: Frosmoth|26/100
|move|p1a: Frosmoth|Ice Beam|p2a: Zapdos
|-supereffective|p2a: Zapdos
|-damage|p2a: Zapdos|0 fnt
|faint|p2a: Zapdos
|
|-weather|RainDance|[upkeep]
|-heal|p1a: Frosmoth|32/100|[from] item: Leftovers
|upkeep
|
|t:|1760450029
|switch|p2a: Beartic|Beartic, F, tera:Electric|56/100
|turn|28
|
|t:|1760450035
|move|p2a: Beartic|Swords Dance|p2a: Beartic
|-boost|p2a: Beartic|atk|2
|move|p1a: Frosmoth|Ice Beam|p2a: Beartic
|-damage|p2a: Beartic|7/100
|
|-weather|RainDance|[upkeep]
|-heal|p1a: Frosmoth|38/100|[from] item: Leftovers
|upkeep
|turn|29
|
|t:|1760450056
|switch|p1a: Alomomola|Alomomola, F, shiny|100/100
|move|p2a: Beartic|Tera Blast|p1a: Alomomola|[anim] Tera Blast Electric
|-supereffective|p1a: Alomomola
|-damage|p1a: Alomomola|0 fnt
|faint|p1a: Alomomola
|
|-weather|RainDance|[upkeep]
|upkeep
|
|t:|1760450066
|switch|p1a: Frosmoth|Frosmoth, F, shiny, tera:Electric|38/100
|turn|30
|
|t:|1760450074
|move|p2a: Beartic|Icicle Spear|p1a: Frosmoth
|-damage|p1a: Frosmoth|0 fnt
|faint|p1a: Frosmoth
|-hitcount|p1: Frosmoth|1
|
|-weather|RainDance|[upkeep]
|upkeep
|
|t:|1760450076
|switch|p1a: Sinistcha|Sinistcha, shiny|67/100
|turn|31
|
|t:|1760450082
|move|p2a: Beartic|Icicle Spear|p1a: Sinistcha
|-supereffective|p1a: Sinistcha
|-damage|p1a: Sinistcha|25/100
|-supereffective|p1a: Sinistcha
|-damage|p1a: Sinistcha|0 fnt
|faint|p1a: Sinistcha
|-hitcount|p1: Sinistcha|2
|
|-weather|RainDance|[upkeep]
|upkeep
|
|t:|1760450084
|switch|p1a: Maushold|Maushold-Four|100/100
|turn|32
|
|t:|1760450092
|move|p2a: Beartic|Icicle Spear|p1a: Maushold
|-damage|p1a: Maushold|58/100
|-damage|p1a: Maushold|16/100
|-damage|p1a: Maushold|0 fnt
|faint|p1a: Maushold
|-hitcount|p1: Maushold|3
|
|win|DontMissMantine
|raw|eros maniac's rating: 1795 &rarr; <strong>1770</strong><br />(-25 for losing)
|raw|DontMissMantine's rating: 1712 &rarr; <strong>1737</strong><br />(+25 for winning)
|l|☆eros maniac
|player|p1|
|l|☆DontMissMantine
|player|p2|
