|j|☆Sablacefly
|j|‽socaselectah
|t:|1760389721
|gametype|singles
|player|p1|Sablacefly|ghetsis-gen5bw|1315
|player|p2|socaselectah|266|1354
|gen|9
|tier|[Gen 9] OU
|rated|
|rule|HP Percentage Mod: HP is shown in percentages
|rule|Endless Battle Clause: Forcing endless battles is banned
|rule|Species Clause: Limit one of each Pokémon
|rule|OHKO Clause: OHKO moves are banned
|rule|Evasion Items Clause: Evasion items are banned
|rule|Evasion Moves Clause: Evasion moves are banned
|rule|Evasion Abilities Clause: Evasion abilities are banned
|rule|Sleep Moves Clause: Sleep-inducing moves are banned
|clearpoke
|poke|p1|Zamazenta-*|
|poke|p1|Ogerpon-Wellspring, F|
|poke|p1|Raging Bolt|
|poke|p1|Hatterene, F|
|poke|p1|Ceruledge, M|
|poke|p1|Glimmora, M|
|poke|p2|Torkoal, M|
|poke|p2|Clefable, F|
|poke|p2|Mandibuzz, F|
|poke|p2|Walking Wake|
|poke|p2|Iron Moth|
|poke|p2|Brute Bonnet|
|teampreview
|inactive|Battle timer is ON: inactive players will automatically lose when time's up. (requested by Sablacefly)
|
|t:|1760389825
|teamsize|p1|6
|teamsize|p2|6
|start
|switch|p1a: Glimmora|Glimmora, M|100/100
|switch|p2a: Walking Wake|Walking Wake|100/100
|turn|1
|inactiveoff|Battle timer is now OFF.
|
|t:|1760389844
|move|p2a: Walking Wake|Hydro Steam|p1a: Glimmora
|-supereffective|p1a: Glimmora
|-enditem|p1a: Glimmora|Focus Sash
|-damage|p1a: Glimmora|1/100
|move|p1a: Glimmora|Mortal Spin|p2a: Walking Wake
|-damage|p2a: Walking Wake|94/100
|-status|p2a: Walking Wake|psn
|
|-damage|p2a: Walking Wake|82/100 psn|[from] psn
|upkeep
|turn|2
|
|t:|1760389900
|move|p2a: Walking Wake|Hydro Steam|p1a: Glimmora
|-supereffective|p1a: Glimmora
|-damage|p1a: Glimmora|0 fnt
|faint|p1a: Glimmora
|
|-damage|p2a: Walking Wake|70/100 psn|[from] psn
|upkeep
|
|t:|1760389914
|switch|p1a: Hatterene|Hatterene, F|100/100
|turn|3
|
|t:|1760389919
|-end|p2a: Walking Wake|Protosynthesis|[silent]
|switch|p2a: Clefable|Clefable, F|100/100
|move|p1a: Hatterene|Draining Kiss|p2a: Clefable
|-damage|p2a: Clefable|79/100
|
|upkeep
|turn|4
|
|t:|1760389927
|move|p2a: Clefable|Trick|p1a: Hatterene
|-activate|p2a: Clefable|move: Trick|[of] p1a: Hatterene
|-item|p1a: Hatterene|Choice Scarf|[from] move: Trick
|-item|p2a: Clefable|Assault Vest|[from] move: Trick
|move|p1a: Hatterene|Psychic Noise|p2a: Clefable
|-damage|p2a: Clefable|60/100
|-start|p2a: Clefable|move: Heal Block
|
|upkeep
|turn|5
|
|t:|1760389984
|switch|p2a: Mandibuzz|Mandibuzz, F|100/100
|move|p1a: Hatterene|Psychic Noise|p2a: Mandibuzz
|-immune|p2a: Mandibuzz
|
|upkeep
|turn|6
|inactive|Battle timer is ON: inactive players will automatically lose when time's up. (requested by socaselectah)
|
|t:|1760390008
|switch|p2a: Walking Wake|Walking Wake|70/100 psn
|switch|p1a: Raging Bolt|Raging Bolt|100/100
|-enditem|p1a: Raging Bolt|Booster Energy
|-activate|p1a: Raging Bolt|ability: Protosynthesis|[fromitem]
|-start|p1a: Raging Bolt|protosynthesisspa
|
|-damage|p2a: Walking Wake|58/100 psn|[from] psn
|upkeep
|turn|7
|inactive|socaselectah has 120 seconds left.
|
|t:|1760390063
|-terastallize|p1a: Raging Bolt|Fairy
|move|p2a: Walking Wake|Draco Meteor|p1a: Raging Bolt
|-immune|p1a: Raging Bolt
|move|p1a: Raging Bolt|Thunderbolt|p2a: Walking Wake
|-damage|p2a: Walking Wake|0 fnt
|faint|p2a: Walking Wake
|-end|p2a: Walking Wake|Protosynthesis|[silent]
|
|upkeep
|
|t:|1760390069
|switch|p2a: Clefable|Clefable, F|60/100
|turn|8
|
|t:|1760390073
|move|p1a: Raging Bolt|Thunderbolt|p2a: Clefable
|-damage|p2a: Clefable|26/100
|move|p2a: Clefable|Moonblast|p1a: Raging Bolt
|-damage|p1a: Raging Bolt|73/100
|
|upkeep
|turn|9
|
|t:|1760390079
|move|p1a: Raging Bolt|Thunderbolt|p2a: Clefable
|-damage|p2a: Clefable|0 fnt
|faint|p2a: Clefable
|
|upkeep
|
|t:|1760390082
|switch|p2a: Torkoal|Torkoal, M|100/100
|-weather|SunnyDay|[from] ability: Drought|[of] p2a: Torkoal
|turn|10
|
|t:|1760390091
|switch|p2a: Mandibuzz|Mandibuzz, F|100/100
|move|p1a: Raging Bolt|Thunderbolt|p2a: Mandibuzz
|-supereffective|p2a: Mandibuzz
|-damage|p2a: Mandibuzz|0 fnt
|faint|p2a: Mandibuzz
|
|-weather|SunnyDay|[upkeep]
|upkeep
|
|t:|1760390094
|switch|p2a: Brute Bonnet|Brute Bonnet|100/100
|-activate|p2a: Brute Bonnet|ability: Protosynthesis
|-start|p2a: Brute Bonnet|protosynthesisatk
|turn|11
|
|t:|1760390102
|move|p1a: Raging Bolt|Dragon Pulse|p2a: Brute Bonnet
|-damage|p2a: Brute Bonnet|35/100
|move|p2a: Brute Bonnet|Growth|p2a: Brute Bonnet
|-boost|p2a: Brute Bonnet|atk|2
|-boost|p2a: Brute Bonnet|spa|2
|
|-weather|SunnyDay|[upkeep]
|upkeep
|turn|12
|
|t:|1760390109
|move|p2a: Brute Bonnet|Sucker Punch|p1a: Raging Bolt
|-resisted|p1a: Raging Bolt
|-damage|p1a: Raging Bolt|32/100
|move|p1a: Raging Bolt|Dragon Pulse|p2a: Brute Bonnet
|-damage|p2a: Brute Bonnet|0 fnt
|faint|p2a: Brute Bonnet
|-end|p2a: Brute Bonnet|Protosynthesis|[silent]
|
|-weather|SunnyDay|[upkeep]
|upkeep
|
|t:|1760390115
|switch|p2a: Iron Moth|Iron Moth|100/100
|-enditem|p2a: Iron Moth|Booster Energy
|-activate|p2a: Iron Moth|ability: Quark Drive|[fromitem]
|-start|p2a: Iron Moth|quarkdrivespe
|turn|13
|
|t:|1760390120
|move|p2a: Iron Moth|Fiery Dance|p1a: Raging Bolt
|-damage|p1a: Raging Bolt|0 fnt
|-boost|p2a: Iron Moth|spa|1
|faint|p1a: Raging Bolt
|-end|p1a: Raging Bolt|Protosynthesis|[silent]
|
|-weather|SunnyDay|[upkeep]
|upkeep
|
|t:|1760390138
|switch|p1a: Ogerpon|Ogerpon-Wellspring, F|100/100
|turn|14
|
|t:|1760390157
|-terastallize|p2a: Iron Moth|Flying
|move|p2a: Iron Moth|Fiery Dance|p1a: Ogerpon
|-damage|p1a: Ogerpon|0 fnt
|faint|p1a: Ogerpon
|
|-weather|SunnyDay|[upkeep]
|upkeep
|
|t:|1760390164
|switch|p1a: Hatterene|Hatterene, F|100/100
|turn|15
|inactive|socaselectah has 120 seconds left.
|
|t:|1760390212
|move|p2a: Iron Moth|Substitute|p2a: Iron Moth
|-start|p2a: Iron Moth|Substitute
|-damage|p2a: Iron Moth|76/100
|move|p1a: Hatterene|Psyshock|p2a: Iron Moth
|-end|p2a: Iron Moth|Substitute
|
|-weather|SunnyDay|[upkeep]
|upkeep
|turn|16
|
|t:|1760390219
|move|p2a: Iron Moth|Fiery Dance|p1a: Hatterene
|-damage|p1a: Hatterene|5/100
|move|p1a: Hatterene|Psyshock|p2a: Iron Moth
|-damage|p2a: Iron Moth|6/100
|
|-weather|SunnyDay|[upkeep]
|upkeep
|turn|17
|inactive|socaselectah has 120 seconds left.
|
|t:|1760390226
|move|p2a: Iron Moth|Fiery Dance|p1a: Hatterene
|-damage|p1a: Hatterene|0 fnt
|faint|p1a: Hatterene
|
|-weather|none
|upkeep
|
|t:|1760390232
|switch|p1a: Ceruledge|Ceruledge, M, shiny|100/100
|turn|18
|
|t:|1760390235
|-end|p2a: Iron Moth|Quark Drive|[silent]
|switch|p2a: Torkoal|Torkoal, M|100/100
|-weather|SunnyDay|[from] ability: Drought|[of] p2a: Torkoal
|move|p1a: Ceruledge|Shadow Sneak|p2a: Torkoal
|-damage|p2a: Torkoal|90/100
|
|-weather|SunnyDay|[upkeep]
|upkeep
|turn|19
|
|t:|1760390242
|move|p1a: Ceruledge|Swords Dance|p1a: Ceruledge
|-boost|p1a: Ceruledge|atk|2
|move|p2a: Torkoal|Lava Plume|p1a: Ceruledge
|-resisted|p1a: Ceruledge
|-damage|p1a: Ceruledge|79/100
|
|-weather|SunnyDay|[upkeep]
|upkeep
|turn|20
|
|t:|1760390248
|move|p1a: Ceruledge|Swords Dance|p1a: Ceruledge
|-boost|p1a: Ceruledge|atk|2
|move|p2a: Torkoal|Lava Plume|p1a: Ceruledge
|-resisted|p1a: Ceruledge
|-damage|p1a: Ceruledge|55/100
|
|-weather|SunnyDay|[upkeep]
|upkeep
|turn|21
|
|t:|1760390257
|move|p1a: Ceruledge|Bitter Blade|p2a: Torkoal
|-resisted|p2a: Torkoal
|-damage|p2a: Torkoal|35/100
|-heal|p1a: Ceruledge|88/100|[from] drain|[of] p2a: Torkoal
|move|p2a: Torkoal|Lava Plume|p1a: Ceruledge
|-resisted|p1a: Ceruledge
|-damage|p1a: Ceruledge|66/100
|
|-weather|SunnyDay|[upkeep]
|upkeep
|turn|22
|inactive|socaselectah has 120 seconds left.
|inactive|socaselectah has 90 seconds left.
|inactive|socaselectah has 60 seconds left.
|-message|socaselectah forfeited.
|
|win|Sablacefly
|raw|Sablacefly's rating: 1315 &rarr; <strong>1337</strong><br />(+22 for winning)
|raw|socaselectah's rating: 1354 &rarr; <strong>1332</strong><br />(-22 for losing)
|l|‽socaselectah
|player|p2|
|l|☆Sablacefly
|player|p1|
