|j|☆YumeKasumi76
|j|☆maiborra
|t:|1760354402
|gametype|singles
|player|p1|YumeKasumi76|102|1203
|player|p2|maiborra|266|1238
|gen|9
|tier|[Gen 9] OU
|rated|
|rule|HP Percentage Mod: HP is shown in percentages
|rule|Endless Battle Clause: Forcing endless battles is banned
|rule|Species Clause: Limit one of each Pokémon
|rule|OHKO Clause: OHKO moves are banned
|rule|Evasion Items Clause: Evasion items are banned
|rule|Evasion Moves Clause: Evasion moves are banned
|rule|Evasion Abilities Clause: Evasion abilities are banned
|rule|Sleep Moves Clause: Sleep-inducing moves are banned
|clearpoke
|poke|p1|Heracross, M|
|poke|p1|Latias, F|
|poke|p1|Honchkrow, M|
|poke|p1|Heatran, M|
|poke|p1|Brambleghast, M|
|poke|p1|Suicune|
|poke|p2|Hoopa-Unbound|
|poke|p2|Corviknight, F|
|poke|p2|Zamazenta-*|
|poke|p2|Dondozo, M|
|poke|p2|Slowking-Galar, M|
|poke|p2|Cinderace, F|
|teampreview
|inactive|Battle timer is ON: inactive players will automatically lose when time's up. (requested by YumeKasumi76)
|c|☆maiborra|I like your team
|
|t:|1760354432
|teamsize|p1|6
|teamsize|p2|6
|start
|switch|p1a: MapoTofu|Heatran, M|100/100
|switch|p2a: Cinderace|Cinderace, F|100/100
|turn|1
|
|t:|1760354439
|switch|p2a: Slowking|Slowking-Galar, M|100/100
|move|p1a: MapoTofu|Stealth Rock|p2a: Slowking
|-sidestart|p2: maiborra|move: Stealth Rock
|
|upkeep
|turn|2
|
|t:|1760354444
|move|p1a: MapoTofu|Magma Storm|p2a: Slowking
|-damage|p2a: Slowking|74/100
|-activate|p2a: Slowking|move: Magma Storm|[of] p1a: MapoTofu
|move|p2a: Slowking|Thunder Wave|p1a: MapoTofu
|-status|p1a: MapoTofu|par
|
|-damage|p2a: Slowking|62/100|[from] move: Magma Storm|[partiallytrapped]
|upkeep
|turn|3
|
|t:|1760354449
|move|p1a: MapoTofu|Taunt|p2a: Slowking
|-start|p2a: Slowking|move: Taunt
|-prepare|p2a: Slowking|Chilly Reception|[premajor]
|cant|p2a: Slowking|move: Taunt|Chilly Reception
|
|-damage|p2a: Slowking|49/100|[from] move: Magma Storm|[partiallytrapped]
|upkeep
|turn|4
|
|t:|1760354457
|cant|p1a: MapoTofu|par
|move|p2a: Slowking|Future Sight|p1a: MapoTofu
|-start|p2a: Slowking|move: Future Sight
|
|-damage|p2a: Slowking|37/100|[from] move: Magma Storm|[partiallytrapped]
|upkeep
|turn|5
|
|t:|1760354466
|move|p1a: MapoTofu|Magma Storm|p2a: Slowking
|-damage|p2a: Slowking|11/100
|move|p2a: Slowking|Future Sight||[still]
|-fail|p2a: Slowking
|
|-damage|p2a: Slowking|0 fnt|[from] move: Magma Storm|[partiallytrapped]
|faint|p2a: Slowking
|upkeep
|
|t:|1760354478
|switch|p2a: Hoopa|Hoopa-Unbound|100/100
|-damage|p2a: Hoopa|88/100|[from] Stealth Rock
|turn|6
|
|t:|1760354489
|switch|p1a: Purifier|Suicune|100/100
|-ability|p1a: Purifier|Pressure
|move|p2a: Hoopa|Drain Punch|p1a: Purifier
|-damage|p1a: Purifier|69/100
|-heal|p2a: Hoopa|100/100|[from] drain|[of] p1a: Purifier
|
|-end|p1a: Purifier|move: Future Sight
|-damage|p1a: Purifier|37/100
|-heal|p1a: Purifier|43/100|[from] item: Leftovers
|upkeep
|turn|7
|
|t:|1760354512
|switch|p1a: Bianca|Latias, F|100/100
|move|p2a: Hoopa|Drain Punch|p1a: Bianca
|-resisted|p1a: Bianca
|-damage|p1a: Bianca|81/100
|
|upkeep
|turn|8
|
|t:|1760354519
|switch|p2a: Corviknight|Corviknight, F|100/100
|-damage|p2a: Corviknight|88/100|[from] Stealth Rock
|move|p1a: Bianca|Tailwind|p1a: Bianca
|-sidestart|p1: YumeKasumi76|move: Tailwind
|
|upkeep
|turn|9
|
|t:|1760354525
|move|p1a: Bianca|Draco Meteor|p2a: Corviknight
|-resisted|p2a: Corviknight
|-damage|p2a: Corviknight|66/100
|-unboost|p1a: Bianca|spa|2
|-enditem|p1a: Bianca|Eject Pack
|
|t:|1760354528
|switch|p1a: Shinetori|Honchkrow, M|100/100
|move|p2a: Corviknight|U-turn|p1a: Shinetori
|-damage|p1a: Shinetori|76/100
|
|t:|1760354539
|switch|p2a: Zamazenta|Zamazenta|100/100|[from] U-turn
|-damage|p2a: Zamazenta|94/100|[from] Stealth Rock
|-ability|p2a: Zamazenta|Dauntless Shield|boost
|-boost|p2a: Zamazenta|def|1
|
|upkeep
|turn|10
|
|t:|1760354543
|move|p1a: Shinetori|Brave Bird|p2a: Zamazenta
|-supereffective|p2a: Zamazenta
|-damage|p2a: Zamazenta|0 fnt
|faint|p2a: Zamazenta
|-ability|p1a: Shinetori|Moxie|boost
|-boost|p1a: Shinetori|atk|1
|-damage|p1a: Shinetori|46/100|[from] Recoil
|-damage|p1a: Shinetori|36/100|[from] item: Life Orb
|
|upkeep
|-message|maiborra forfeited.
|
|win|YumeKasumi76
|raw|YumeKasumi76's rating: 1203 &rarr; <strong>1231</strong><br />(+28 for winning)
|raw|maiborra's rating: 1238 &rarr; <strong>1210</strong><br />(-28 for losing)
|l|☆maiborra
|player|p2|
|l|☆YumeKasumi76
|player|p1|
