|j|☆kaelja
|j|☆ichoseyoupoppo
|t:|1760442192
|gametype|singles
|player|p1|kaelja|dahlia|1184
|player|p2|ichoseyoupoppo|101|1250
|gen|9
|tier|[Gen 9] OU
|rated|
|rule|HP Percentage Mod: HP is shown in percentages
|rule|Endless Battle Clause: Forcing endless battles is banned
|rule|Species Clause: Limit one of each Pokémon
|rule|OHKO Clause: OHKO moves are banned
|rule|Evasion Items Clause: Evasion items are banned
|rule|Evasion Moves Clause: Evasion moves are banned
|rule|Evasion Abilities Clause: Evasion abilities are banned
|rule|Sleep Moves Clause: Sleep-inducing moves are banned
|clearpoke
|poke|p1|Crabominable, F|
|poke|p1|Slowking-Galar, F|
|poke|p1|Samurott-Hisui, M|
|poke|p1|Great Tusk|
|poke|p1|Flamigo, M|
|poke|p1|Primarina, F|
|poke|p2|Hippowdon, F|
|poke|p2|Latios, M|
|poke|p2|Excadrill, M|
|poke|p2|Primarina, M|
|poke|p2|Skarmory, M|
|poke|p2|Weavile, F|
|teampreview
|inactive|Battle timer is ON: inactive players will automatically lose when time's up. (requested by kaelja)
|
|t:|1760442206
|teamsize|p1|6
|teamsize|p2|6
|start
|switch|p1a: Samurott|Samurott-Hisui, M|100/100
|switch|p2a: Skarmory|Skarmory, M|100/100
|turn|1
|inactive|kaelja has 120 seconds left.
|
|t:|1760442238
|move|p1a: Samurott|Ceaseless Edge|p2a: Skarmory
|-damage|p2a: Skarmory|75/100
|-damage|p1a: Samurott|84/100|[from] item: Rocky Helmet|[of] p2a: Skarmory
|-sidestart|p2: ichoseyoupoppo|Spikes
|move|p2a: Skarmory|Iron Defense|p2a: Skarmory
|-boost|p2a: Skarmory|def|2
|
|upkeep
|turn|2
|inactive|kaelja has 120 seconds left.
|
|t:|1760442258
|switch|p1a: Slowking|Slowking-Galar, F|100/100
|move|p2a: Skarmory|Spikes|p1a: Slowking
|-sidestart|p1: kaelja|Spikes
|
|upkeep
|turn|3
|
|t:|1760442264
|move|p2a: Skarmory|Spikes|p1a: Slowking
|-sidestart|p1: kaelja|Spikes
|move|p1a: Slowking|Flamethrower|p2a: Skarmory
|-supereffective|p2a: Skarmory
|-damage|p2a: Skarmory|16/100
|
|upkeep
|turn|4
|inactive|kaelja has 120 seconds left.
|
|t:|1760442282
|move|p2a: Skarmory|Spikes|p1a: Slowking
|-sidestart|p1: kaelja|Spikes
|move|p1a: Slowking|Flamethrower|p2a: Skarmory
|-supereffective|p2a: Skarmory
|-damage|p2a: Skarmory|0 fnt
|faint|p2a: Skarmory
|
|upkeep
|
|t:|1760442286
|switch|p2a: Excadrill|Excadrill, M|100/100
|-item|p2a: Excadrill|Air Balloon
|turn|5
|inactive|kaelja has 120 seconds left.
|
|t:|1760442307
|-terastallize|p2a: Excadrill|Ground
|-terastallize|p1a: Slowking|Dark
|move|p2a: Excadrill|Rapid Spin|p1a: Slowking
|-damage|p1a: Slowking|88/100
|-boost|p2a: Excadrill|spe|1
|-damage|p2a: Excadrill|84/100|[from] item: Rocky Helmet|[of] p1a: Slowking
|-sideend|p2: ichoseyoupoppo|Spikes|[from] move: Rapid Spin|[of] p2a: Excadrill
|move|p1a: Slowking|Trick Room|p1a: Slowking
|-fieldstart|move: Trick Room|[of] p1a: Slowking
|
|upkeep
|turn|6
|inactive|kaelja has 120 seconds left.
|
|t:|1760442333
|switch|p2a: Primarina|Primarina, M|100/100
|-prepare|p1a: Slowking|Chilly Reception|[premajor]
|move|p1a: Slowking|Chilly Reception|p1a: Slowking
|-weather|Snowscape
|
|t:|1760442347
|switch|p1a: Primarina|Primarina, F|100/100|[from] Chilly Reception
|-damage|p1a: Primarina|76/100|[from] Spikes
|
|-weather|Snowscape|[upkeep]
|upkeep
|turn|7
|
|t:|1760442358
|move|p1a: Primarina|Moonblast|p2a: Primarina
|-damage|p2a: Primarina|73/100
|move|p2a: Primarina|Flip Turn|p1a: Primarina
|-resisted|p1a: Primarina
|-damage|p1a: Primarina|66/100
|
|t:|1760442371
|switch|p2a: Hippowdon|Hippowdon, F|100/100|[from] Flip Turn
|-weather|Sandstorm|[from] ability: Sand Stream|[of] p2a: Hippowdon
|
|-weather|Sandstorm|[upkeep]
|-damage|p1a: Primarina|60/100|[from] Sandstorm
|upkeep
|turn|8
|inactive|kaelja has 120 seconds left.
|inactive|kaelja has 90 seconds left.
|inactive|kaelja has 60 seconds left.
|
|t:|1760442443
|move|p2a: Hippowdon|Earthquake|p1a: Primarina
|-damage|p1a: Primarina|13/100
|move|p1a: Primarina|Hyper Voice|p2a: Hippowdon
|-supereffective|p2a: Hippowdon
|-damage|p2a: Hippowdon|6/100
|
|-weather|Sandstorm|[upkeep]
|-damage|p1a: Primarina|7/100|[from] Sandstorm
|-heal|p2a: Hippowdon|12/100|[from] item: Leftovers
|upkeep
|turn|9
|
|t:|1760442449
|move|p2a: Hippowdon|Earthquake|p1a: Primarina
|-damage|p1a: Primarina|0 fnt
|faint|p1a: Primarina
|
|-weather|Sandstorm|[upkeep]
|-heal|p2a: Hippowdon|18/100|[from] item: Leftovers
|-fieldend|move: Trick Room
|upkeep
|
|t:|1760442455
|switch|p1a: Samurott|Samurott-Hisui, M|84/100
|-damage|p1a: Samurott|59/100|[from] Spikes
|turn|10
|
|t:|1760442463
|move|p1a: Samurott|Ceaseless Edge|p2a: Hippowdon
|-damage|p2a: Hippowdon|0 fnt
|-sidestart|p2: ichoseyoupoppo|Spikes
|faint|p2a: Hippowdon
|
|-weather|Sandstorm|[upkeep]
|-damage|p1a: Samurott|53/100|[from] Sandstorm
|upkeep
|
|t:|1760442465
|switch|p2a: Excadrill|Excadrill, M, tera:Ground|84/100
|-item|p2a: Excadrill|Air Balloon
|turn|11
|
|t:|1760442477
|move|p2a: Excadrill|Earthquake|p1a: Samurott
|-damage|p1a: Samurott|0 fnt
|faint|p1a: Samurott
|
|-weather|none
|upkeep
|
|t:|1760442482
|switch|p1a: Great Tusk|Great Tusk|100/100
|-damage|p1a: Great Tusk|76/100|[from] Spikes
|-enditem|p1a: Great Tusk|Booster Energy
|-activate|p1a: Great Tusk|ability: Protosynthesis|[fromitem]
|-start|p1a: Great Tusk|protosynthesisatk
|turn|12
|
|t:|1760442496
|switch|p2a: Latios|Latios, M|100/100
|move|p1a: Great Tusk|Rapid Spin|p2a: Latios
|-damage|p2a: Latios|70/100
|-boost|p1a: Great Tusk|spe|1
|-sideend|p1: kaelja|Spikes|[from] move: Rapid Spin|[of] p1a: Great Tusk
|
|upkeep
|turn|13
|
|t:|1760442503
|move|p1a: Great Tusk|Knock Off|p2a: Latios
|-supereffective|p2a: Latios
|-damage|p2a: Latios|0 fnt
|-enditem|p2a: Latios|Choice Specs|[from] move: Knock Off|[of] p1a: Great Tusk
|faint|p2a: Latios
|
|upkeep
|
|t:|1760442506
|switch|p2a: Primarina|Primarina, M|73/100
|-damage|p2a: Primarina|61/100|[from] Spikes
|turn|14
|
|t:|1760442513
|move|p1a: Great Tusk|Earthquake|p2a: Primarina
|-damage|p2a: Primarina|0 fnt
|faint|p2a: Primarina
|
|upkeep
|
|t:|1760442516
|switch|p2a: Weavile|Weavile, F|100/100
|-ability|p2a: Weavile|Pressure
|turn|15
|inactive|kaelja has 120 seconds left.
|
|t:|1760442522
|move|p1a: Great Tusk|Stone Edge|p2a: Weavile|[miss]
|-miss|p1a: Great Tusk|p2a: Weavile
|move|p2a: Weavile|Triple Axel|p1a: Great Tusk
|-supereffective|p1a: Great Tusk
|-damage|p1a: Great Tusk|62/100
|-supereffective|p1a: Great Tusk
|-damage|p1a: Great Tusk|38/100
|-supereffective|p1a: Great Tusk
|-damage|p1a: Great Tusk|0 fnt
|faint|p1a: Great Tusk
|-end|p1a: Great Tusk|Protosynthesis|[silent]
|-hitcount|p1: Great Tusk|3
|
|upkeep
|inactive|kaelja has 120 seconds left.
|
|t:|1760442528
|switch|p1a: Flamigo|Flamigo, M|100/100
|turn|16
|
|t:|1760442531
|move|p1a: Flamigo|Close Combat|p2a: Weavile
|-supereffective|p2a: Weavile
|-damage|p2a: Weavile|0 fnt
|-unboost|p1a: Flamigo|def|1
|-unboost|p1a: Flamigo|spd|1
|faint|p2a: Weavile
|
|upkeep
|
|t:|1760442533
|switch|p2a: Excadrill|Excadrill, M, tera:Ground|84/100
|-item|p2a: Excadrill|Air Balloon
|turn|17
|
|t:|1760442536
|move|p1a: Flamigo|Close Combat|p2a: Excadrill
|-damage|p2a: Excadrill|0 fnt
|-unboost|p1a: Flamigo|def|1
|-unboost|p1a: Flamigo|spd|1
|-enditem|p2a: Excadrill|Air Balloon
|faint|p2a: Excadrill
|
|win|kaelja
|raw|kaelja's rating: 1184 &rarr; <strong>1214</strong><br />(+30 for winning)
|raw|ichoseyoupoppo's rating: 1250 &rarr; <strong>1220</strong><br />(-30 for losing)
