|j|☆DeCompaniu
|j|☆the ou godfather
|t:|1760375343
|gametype|singles
|player|p1|DeCompaniu|richboy|1409
|player|p2|the ou godfather|pokemonranger|1456
|gen|9
|tier|[Gen 9] OU
|rated|
|rule|HP Percentage Mod: HP is shown in percentages
|rule|Endless Battle Clause: Forcing endless battles is banned
|rule|Species Clause: Limit one of each Pokémon
|rule|OHKO Clause: OHKO moves are banned
|rule|Evasion Items Clause: Evasion items are banned
|rule|Evasion Moves Clause: Evasion moves are banned
|rule|Evasion Abilities Clause: Evasion abilities are banned
|rule|Sleep Moves Clause: Sleep-inducing moves are banned
|clearpoke
|poke|p1|Rillaboom, M|
|poke|p1|Serperior, F|
|poke|p1|Hawlucha, M|
|poke|p1|Ninetales-Alola, M|
|poke|p1|Glimmora, M|
|poke|p1|Chandelure, F|
|poke|p2|Pawniard, M|
|poke|p2|Bisharp, M|
|poke|p2|Kingambit, M|
|poke|p2|Pecharunt|
|poke|p2|Latias, F|
|poke|p2|Gholdengo|
|teampreview
|
|t:|1760375352
|teamsize|p1|6
|teamsize|p2|6
|start
|switch|p1a: Chandelure|Chandelure, F|100/100
|switch|p2a: Pawniard|Pawniard, M|100/100
|turn|1
|
|t:|1760375361
|move|p1a: Chandelure|Trick|p2a: Pawniard
|-activate|p1a: Chandelure|move: Trick|[of] p2a: Pawniard
|-item|p2a: Pawniard|Choice Scarf|[from] move: Trick
|-item|p1a: Chandelure|Focus Sash|[from] move: Trick
|move|p2a: Pawniard|Stealth Rock|p1a: Chandelure
|-sidestart|p1: DeCompaniu|move: Stealth Rock
|
|upkeep
|turn|2
|
|t:|1760375371
|switch|p2a: Latias|Latias, F|100/100
|move|p1a: Chandelure|Flamethrower|p2a: Latias
|-resisted|p2a: Latias
|-damage|p2a: Latias|83/100
|
|upkeep
|turn|3
|
|t:|1760375379
|move|p2a: Latias|Agility|p2a: Latias
|-boost|p2a: Latias|spe|2
|move|p1a: Chandelure|Shadow Ball|p2a: Latias
|-supereffective|p2a: Latias
|-damage|p2a: Latias|15/100
|-enditem|p2a: Latias|Weakness Policy
|-boost|p2a: Latias|atk|2|[from] item: Weakness Policy
|-boost|p2a: Latias|spa|2|[from] item: Weakness Policy
|
|upkeep
|turn|4
|
|t:|1760375390
|move|p2a: Latias|Stored Power|p1a: Chandelure
|-enditem|p1a: Chandelure|Focus Sash
|-damage|p1a: Chandelure|1/100
|move|p1a: Chandelure|Shadow Ball|p2a: Latias
|-supereffective|p2a: Latias
|-damage|p2a: Latias|0 fnt
|faint|p2a: Latias
|
|upkeep
|
|t:|1760375397
|switch|p2a: Pawniard|Pawniard, M|100/100
|turn|5
|
|t:|1760375404
|move|p2a: Pawniard|Iron Head|p1a: Chandelure
|-resisted|p1a: Chandelure
|-damage|p1a: Chandelure|0 fnt
|faint|p1a: Chandelure
|
|upkeep
|
|t:|1760375414
|switch|p1a: Rillaboom|Rillaboom, M|100/100
|-damage|p1a: Rillaboom|88/100|[from] Stealth Rock
|-fieldstart|move: Grassy Terrain|[from] ability: Grassy Surge|[of] p1a: Rillaboom
|turn|6
|
|t:|1760375420
|move|p2a: Pawniard|Iron Head|p1a: Rillaboom
|-damage|p1a: Rillaboom|60/100
|move|p1a: Rillaboom|U-turn|p2a: Pawniard
|-damage|p2a: Pawniard|26/100
|
|t:|1760375425
|switch|p1a: Hawlucha|Hawlucha, M|100/100|[from] U-turn
|-damage|p1a: Hawlucha|88/100|[from] Stealth Rock
|-enditem|p1a: Hawlucha|Grassy Seed
|-boost|p1a: Hawlucha|def|1|[from] item: Grassy Seed
|
|-heal|p2a: Pawniard|32/100|[from] Grassy Terrain
|upkeep
|turn|7
|
|t:|1760375435
|switch|p2a: Gholdengo|Gholdengo|100/100
|-item|p2a: Gholdengo|Air Balloon
|move|p1a: Hawlucha|Swords Dance|p1a: Hawlucha
|-boost|p1a: Hawlucha|atk|2
|
|upkeep
|turn|8
|
|t:|1760375449
|-terastallize|p1a: Hawlucha|Dark
|move|p1a: Hawlucha|Throat Chop|p2a: Gholdengo
|-supereffective|p2a: Gholdengo
|-damage|p2a: Gholdengo|0 fnt
|-enditem|p2a: Gholdengo|Air Balloon
|faint|p2a: Gholdengo
|
|-heal|p1a: Hawlucha|94/100|[from] Grassy Terrain
|upkeep
|
|t:|1760375466
|switch|p2a: Pecharunt|Pecharunt|100/100
|turn|9
|
|t:|1760375473
|move|p1a: Hawlucha|Swords Dance|p1a: Hawlucha
|-boost|p1a: Hawlucha|atk|2
|move|p2a: Pecharunt|Malignant Chain|p1a: Hawlucha
|-damage|p1a: Hawlucha|45/100
|
|-heal|p1a: Hawlucha|51/100|[from] Grassy Terrain
|upkeep
|turn|10
|
|t:|1760375482
|move|p1a: Hawlucha|Throat Chop|p2a: Pecharunt
|-supereffective|p2a: Pecharunt
|-damage|p2a: Pecharunt|0 fnt
|faint|p2a: Pecharunt
|
|-heal|p1a: Hawlucha|57/100|[from] Grassy Terrain
|-fieldend|move: Grassy Terrain
|upkeep
|
|t:|1760375487
|switch|p2a: Bisharp|Bisharp, M|100/100
|turn|11
|
|t:|1760375493
|-terastallize|p2a: Bisharp|Flying
|move|p1a: Hawlucha|Close Combat|p2a: Bisharp
|-resisted|p2a: Bisharp
|-damage|p2a: Bisharp|44/100
|-unboost|p1a: Hawlucha|def|1
|-unboost|p1a: Hawlucha|spd|1
|move|p2a: Bisharp|Iron Head|p1a: Hawlucha
|-damage|p1a: Hawlucha|0 fnt
|faint|p1a: Hawlucha
|
|upkeep
|
|t:|1760375507
|switch|p1a: Ninetales|Ninetales-Alola, M|100/100
|-damage|p1a: Ninetales|76/100|[from] Stealth Rock
|-weather|Snowscape|[from] ability: Snow Warning|[of] p1a: Ninetales
|turn|12
|
|t:|1760375515
|move|p1a: Ninetales|Aurora Veil|p1a: Ninetales
|-sidestart|p1: DeCompaniu|move: Aurora Veil
|move|p2a: Bisharp|Iron Head|p1a: Ninetales
|-supereffective|p1a: Ninetales
|-damage|p1a: Ninetales|0 fnt
|faint|p1a: Ninetales
|
|-weather|Snowscape|[upkeep]
|upkeep
|
|t:|1760375524
|switch|p1a: Serperior|Serperior, F|100/100
|-damage|p1a: Serperior|88/100|[from] Stealth Rock
|turn|13
|
|t:|1760375529
|move|p1a: Serperior|Leaf Storm|p2a: Bisharp
|-resisted|p2a: Bisharp
|-damage|p2a: Bisharp|21/100
|-boost|p1a: Serperior|spa|2
|move|p2a: Bisharp|Iron Head|p1a: Serperior
|-damage|p1a: Serperior|60/100
|
|-weather|Snowscape|[upkeep]
|-heal|p1a: Serperior|66/100|[from] item: Leftovers
|upkeep
|turn|14
|
|t:|1760375539
|move|p2a: Bisharp|Sucker Punch|p1a: Serperior
|-damage|p1a: Serperior|43/100
|move|p1a: Serperior|Leaf Storm|p2a: Bisharp
|-resisted|p2a: Bisharp
|-damage|p2a: Bisharp|0 fnt
|-boost|p1a: Serperior|spa|2
|faint|p2a: Bisharp
|
|-weather|Snowscape|[upkeep]
|-heal|p1a: Serperior|49/100|[from] item: Leftovers
|upkeep
|
|t:|1760375542
|switch|p2a: Pawniard|Pawniard, M|32/100
|turn|15
|
|t:|1760375553
|move|p2a: Pawniard|Thunder Wave|p1a: Serperior
|-status|p1a: Serperior|par
|move|p1a: Serperior|Substitute|p1a: Serperior
|-start|p1a: Serperior|Substitute
|-damage|p1a: Serperior|24/100 par
|
|-weather|Snowscape|[upkeep]
|-heal|p1a: Serperior|30/100 par|[from] item: Leftovers
|upkeep
|turn|16
|
|t:|1760375563
|switch|p2a: Kingambit|Kingambit, M|100/100
|-activate|p2a: Kingambit|ability: Supreme Overlord
|-start|p2a: Kingambit|fallen4|[silent]
|move|p1a: Serperior|Leaf Storm|p2a: Kingambit
|-resisted|p2a: Kingambit
|-damage|p2a: Kingambit|23/100
|-boost|p1a: Serperior|spa|2
|
|-weather|none
|-heal|p2a: Kingambit|29/100|[from] item: Leftovers
|-heal|p1a: Serperior|37/100 par|[from] item: Leftovers
|upkeep
|turn|17
|
|t:|1760375576
|move|p2a: Kingambit|Sucker Punch|p1a: Serperior
|-end|p1a: Serperior|Substitute
|move|p1a: Serperior|Dragon Pulse|p2a: Kingambit
|-resisted|p2a: Kingambit
|-damage|p2a: Kingambit|0 fnt
|faint|p2a: Kingambit
|-end|p2a: Kingambit|fallen4|[silent]
|
|-heal|p1a: Serperior|43/100 par|[from] item: Leftovers
|upkeep
|
|t:|1760375581
|switch|p2a: Pawniard|Pawniard, M|32/100
|turn|18
|
|t:|1760375591
|move|p2a: Pawniard|Iron Head|p1a: Serperior
|-damage|p1a: Serperior|24/100 par
|move|p1a: Serperior|Dragon Pulse|p2a: Pawniard
|-resisted|p2a: Pawniard
|-damage|p2a: Pawniard|0 fnt
|faint|p2a: Pawniard
|
|win|DeCompaniu
|raw|DeCompaniu's rating: 1409 &rarr; <strong>1432</strong><br />(+23 for winning)
|raw|the ou godfather's rating: 1456 &rarr; <strong>1433</strong><br />(-23 for losing)
|l|☆the ou godfather
|player|p2|
