|j|☆Kadeerkarim64
|j|☆josepedrosc25
|t:|1760366893
|gametype|singles
|player|p1|Kadeerkarim64|iris-gen5bw2|1180
|player|p2|josepedrosc25|preschooler|1165
|gen|9
|tier|[Gen 9] OU
|rated|
|rule|HP Percentage Mod: HP is shown in percentages
|rule|Endless Battle Clause: Forcing endless battles is banned
|rule|Species Clause: Limit one of each Pokémon
|rule|OHKO Clause: OHKO moves are banned
|rule|Evasion Items Clause: Evasion items are banned
|rule|Evasion Moves Clause: Evasion moves are banned
|rule|Evasion Abilities Clause: Evasion abilities are banned
|rule|Sleep Moves Clause: Sleep-inducing moves are banned
|clearpoke
|poke|p1|Goodra, F|
|poke|p1|Blastoise, F|
|poke|p1|Slaking, F|
|poke|p1|Chesnaught, M|
|poke|p1|Clefable, M|
|poke|p1|Cinderace, M|
|poke|p2|Great Tusk|
|poke|p2|Kingambit, M|
|poke|p2|Raging Bolt|
|poke|p2|Walking Wake|
|poke|p2|Ninetales, M|
|poke|p2|Ceruledge, F|
|teampreview
|
|t:|1760366909
|teamsize|p1|6
|teamsize|p2|6
|start
|switch|p1a: Slaking|Slaking, F|100/100
|switch|p2a: Raging Bolt|Raging Bolt|100/100
|turn|1
|
|t:|1760366947
|-end|p2a: Raging Bolt|Protosynthesis|[silent]
|switch|p2a: Ninetales|Ninetales, M|100/100
|-weather|SunnyDay|[from] ability: Drought|[of] p2a: Ninetales
|-terastallize|p1a: Slaking|Normal
|move|p1a: Slaking|Double-Edge|p2a: Ninetales
|-damage|p2a: Ninetales|0 fnt
|faint|p2a: Ninetales
|-damage|p1a: Slaking|79/100|[from] Recoil
|-damage|p1a: Slaking|69/100|[from] item: Life Orb
|
|-weather|SunnyDay|[upkeep]
|upkeep
|
|t:|1760366954
|switch|p2a: Ceruledge|Ceruledge, F|100/100
|turn|2
|
|t:|1760366975
|switch|p1a: Chesnaught|Chesnaught, M|100/100
|move|p2a: Ceruledge|Swords Dance|p2a: Ceruledge
|-boost|p2a: Ceruledge|atk|2
|
|-weather|SunnyDay|[upkeep]
|upkeep
|turn|3
|
|t:|1760366984
|move|p2a: Ceruledge|Bitter Blade|p1a: Chesnaught
|-supereffective|p1a: Chesnaught
|-damage|p1a: Chesnaught|0 fnt
|-damage|p2a: Ceruledge|84/100|[from] item: Rocky Helmet|[of] p1a: Chesnaught
|faint|p1a: Chesnaught
|
|-weather|SunnyDay|[upkeep]
|upkeep
|
|t:|1760366994
|switch|p1a: Slaking|Slaking, F, tera:Normal|69/100
|turn|4
|
|t:|1760367009
|switch|p2a: Kingambit|Kingambit, M|100/100
|-activate|p2a: Kingambit|ability: Supreme Overlord
|-start|p2a: Kingambit|fallen1|[silent]
|-item|p2a: Kingambit|Air Balloon
|move|p1a: Slaking|Knock Off|p2a: Kingambit
|-resisted|p2a: Kingambit
|-damage|p2a: Kingambit|80/100
|-enditem|p2a: Kingambit|Air Balloon
|-damage|p1a: Slaking|59/100|[from] item: Life Orb
|
|-weather|SunnyDay|[upkeep]
|upkeep
|turn|5
|
|t:|1760367064
|switch|p1a: Cinderace|Cinderace, M|100/100
|-end|p2a: Kingambit|fallen1|[silent]
|switch|p2a: Walking Wake|Walking Wake|100/100
|-activate|p2a: Walking Wake|ability: Protosynthesis
|-start|p2a: Walking Wake|protosynthesisspe
|
|-weather|SunnyDay|[upkeep]
|upkeep
|turn|6
|
|t:|1760367087
|switch|p1a: Clefable|Clefable, M|100/100
|move|p2a: Walking Wake|Draco Meteor|p1a: Clefable
|-immune|p1a: Clefable
|
|-weather|SunnyDay|[upkeep]
|upkeep
|turn|7
|
|t:|1760367109
|-terastallize|p2a: Walking Wake|Stellar
|move|p2a: Walking Wake|Hydro Steam|p1a: Clefable
|-damage|p1a: Clefable|17/100
|move|p1a: Clefable|Calm Mind|p1a: Clefable
|-boost|p1a: Clefable|spa|1
|-boost|p1a: Clefable|spd|1
|
|-weather|SunnyDay|[upkeep]
|-heal|p1a: Clefable|23/100|[from] item: Leftovers
|upkeep
|turn|8
|-message|Kadeerkarim64 forfeited.
|
|win|josepedrosc25
|raw|Kadeerkarim64's rating: 1180 &rarr; <strong>1154</strong><br />(-26 for losing)
|raw|josepedrosc25's rating: 1165 &rarr; <strong>1191</strong><br />(+26 for winning)
|l|☆Kadeerkarim64
|player|p1|
|l|☆josepedrosc25
|player|p2|
