|badge|p2|bronze|gen9ubers|100-7
|uhtml|medal-msg|<div class="broadcast-blue">Curious what those medals under the avatar are? PS now has Ladder Seasons! For more information, check out the <a href="https://www.smogon.com/forums/threads/3740067/">thread on Smogon.</a></div>
|j|☆clodsirebiggestfan
|j|☆Nikator98
|t:|1760445649
|gametype|singles
|player|p1|clodsirebiggestfan|miku-ghost|1662
|player|p2|Nikator98|giovanni|1684
|gen|9
|tier|[Gen 9] OU
|rated|
|rule|HP Percentage Mod: HP is shown in percentages
|rule|Endless Battle Clause: Forcing endless battles is banned
|rule|Species Clause: Limit one of each Pokémon
|rule|OHKO Clause: OHKO moves are banned
|rule|Evasion Items Clause: Evasion items are banned
|rule|Evasion Moves Clause: Evasion moves are banned
|rule|Evasion Abilities Clause: Evasion abilities are banned
|rule|Sleep Moves Clause: Sleep-inducing moves are banned
|clearpoke
|poke|p1|Kingambit, M|
|poke|p1|Clodsire, F|
|poke|p1|Zamazenta-*|
|poke|p1|Weezing-Galar, F|
|poke|p1|Ogerpon, F|
|poke|p1|Raging Bolt|
|poke|p2|Metagross|
|poke|p2|Great Tusk|
|poke|p2|Haxorus, M|
|poke|p2|Iron Moth|
|poke|p2|Zoroark-Hisui, M|
|poke|p2|Ninetales-Alola, F|
|teampreview
|c|☆clodsirebiggestfan|nice team
|c|☆clodsirebiggestfan|glhf
|
|t:|1760445661
|teamsize|p1|6
|teamsize|p2|6
|start
|switch|p1a: Kingambit|Kingambit, M|100/100
|switch|p2a: Arquillian Sentry|Metagross|100/100
|turn|1
|c|☆Nikator98|ty u2
|
|t:|1760445671
|switch|p2a: Kumaryia|Great Tusk, shiny|100/100
|move|p1a: Kingambit|Iron Head|p2a: Kumaryia
|-damage|p2a: Kumaryia|70/100
|
|upkeep
|turn|2
|
|t:|1760445680
|-end|p1a: Kingambit|fallenundefined|[silent]
|switch|p1a: Weezing|Weezing-Galar, F|100/100
|move|p2a: Kumaryia|Knock Off|p1a: Weezing
|-resisted|p1a: Weezing
|-damage|p1a: Weezing|89/100
|-enditem|p1a: Weezing|Leftovers|[from] move: Knock Off|[of] p2a: Kumaryia
|
|upkeep
|turn|3
|j| Reynnyer
|
|t:|1760445711
|-end|p2a: Kumaryia|Protosynthesis|[silent]
|switch|p2a: Kumaryia|Great Tusk, shiny|100/100
|move|p1a: Weezing|Will-O-Wisp|p2a: Kumaryia|[miss]
|-miss|p1a: Weezing|p2a: Kumaryia
|
|upkeep
|turn|4
|l| Reynnyer
|
|t:|1760445717
|switch|p1a: Clodsire|Clodsire, F|100/100
|move|p2a: Kumaryia|Bitter Malice|p1a: Clodsire
|-damage|p1a: Clodsire|73/100
|-unboost|p1a: Clodsire|atk|1
|
|upkeep
|turn|5
|
|t:|1760445725
|switch|p2a: Arquillian Sentry|Metagross|100/100
|move|p1a: Clodsire|Stealth Rock|p2a: Arquillian Sentry
|-sidestart|p2: Nikator98|move: Stealth Rock
|
|upkeep
|turn|6
|
|t:|1760445735
|switch|p1a: Weezing|Weezing-Galar, F|89/100
|move|p2a: Arquillian Sentry|Stealth Rock|p1a: Weezing
|-sidestart|p1: clodsirebiggestfan|move: Stealth Rock
|
|upkeep
|turn|7
|
|t:|1760445746
|switch|p2a: Kumaryia|Great Tusk, shiny|100/100
|-damage|p2a: Kumaryia|88/100|[from] Stealth Rock
|move|p1a: Weezing|Will-O-Wisp|p2a: Kumaryia
|-status|p2a: Kumaryia|brn
|
|-damage|p2a: Kumaryia|82/100 brn|[from] brn
|upkeep
|turn|8
|c|☆clodsirebiggestfan|wait
|c|☆clodsirebiggestfan|oh nvm i forgot
|c|☆clodsirebiggestfan|i thought the game was telling me it was zoroark
|c|☆Nikator98|lol
|c|☆clodsirebiggestfan|but u havent sent ur actual tusk out yet
|j| bloodhound q50
|
|t:|1760445781
|move|p2a: Kumaryia|Bitter Malice|p1a: Weezing
|-crit|p1a: Weezing
|-damage|p1a: Weezing|0 fnt
|faint|p1a: Weezing
|
|-damage|p2a: Kumaryia|76/100 brn|[from] brn
|upkeep
|
|t:|1760445783
|switch|p1a: Clodsire|Clodsire, F|73/100
|turn|9
|c| bloodhound q50|Duude
|c|☆Nikator98|sry
|c|☆Nikator98|for crit
|c|☆clodsirebiggestfan|it didnt matter
|c| bloodhound q50|that animation with Tusk was wild
|c|☆clodsirebiggestfan|that boy was not destined for greatness
|
|t:|1760445816
|move|p2a: Kumaryia|Bitter Malice|p1a: Clodsire
|-damage|p1a: Clodsire|42/100
|-unboost|p1a: Clodsire|atk|1
|move|p1a: Clodsire|Earthquake|p2a: Kumaryia
|-damage|p2a: Kumaryia|36/100 brn
|replace|p2a: Van Helsing|Zoroark-Hisui, M, shiny
|-end|p2a: Van Helsing|Illusion
|
|-damage|p2a: Van Helsing|30/100 brn|[from] brn
|upkeep
|turn|10
|
|t:|1760445826
|switch|p2a: Arquillian Sentry|Metagross|100/100
|-damage|p2a: Arquillian Sentry|94/100|[from] Stealth Rock
|move|p1a: Clodsire|Recover|p1a: Clodsire
|-heal|p1a: Clodsire|92/100
|
|upkeep
|turn|11
|j| Disscratch
|
|t:|1760445834
|switch|p1a: Kingambit|Kingambit, M|100/100
|-damage|p1a: Kingambit|94/100|[from] Stealth Rock
|-activate|p1a: Kingambit|ability: Supreme Overlord
|-start|p1a: Kingambit|fallen1|[silent]
|move|p2a: Arquillian Sentry|Psychic Fangs|p1a: Kingambit
|-immune|p1a: Kingambit
|
|-heal|p1a: Kingambit|100/100|[from] item: Leftovers
|upkeep
|turn|12
|
|t:|1760445843
|switch|p2a: Kumaryia|Great Tusk, shiny|70/100
|move|p1a: Kingambit|Sucker Punch||[still]
|-fail|p1a: Kingambit
|
|upkeep
|turn|13
|
|t:|1760445855
|move|p2a: Kumaryia|Rapid Spin|p1a: Kingambit
|-resisted|p1a: Kingambit
|-damage|p1a: Kingambit|95/100
|-boost|p2a: Kumaryia|spe|1
|-sideend|p2: Nikator98|Stealth Rock|[from] move: Rapid Spin|[of] p2a: Kumaryia
|move|p1a: Kingambit|Iron Head|p2a: Kumaryia
|-damage|p2a: Kumaryia|39/100
|
|-heal|p1a: Kingambit|100/100|[from] item: Leftovers
|upkeep
|turn|14
|
|t:|1760445864
|move|p2a: Kumaryia|Headlong Rush|p1a: Kingambit
|-supereffective|p1a: Kingambit
|-damage|p1a: Kingambit|20/100
|-unboost|p2a: Kumaryia|def|1
|-unboost|p2a: Kumaryia|spd|1
|move|p1a: Kingambit|Iron Head|p2a: Kumaryia
|-damage|p2a: Kumaryia|0 fnt
|faint|p2a: Kumaryia
|-end|p2a: Kumaryia|Protosynthesis|[silent]
|
|-heal|p1a: Kingambit|26/100|[from] item: Leftovers
|upkeep
|
|t:|1760445878
|switch|p2a: Asfaloth|Ninetales-Alola, F, shiny|100/100
|-weather|Snowscape|[from] ability: Snow Warning|[of] p2a: Asfaloth
|turn|15
|
|t:|1760445882
|move|p2a: Asfaloth|Moonblast|p1a: Kingambit
|-damage|p1a: Kingambit|0 fnt
|faint|p1a: Kingambit
|-end|p1a: Kingambit|fallen1|[silent]
|
|-weather|Snowscape|[upkeep]
|upkeep
|
|t:|1760445885
|switch|p1a: Clodsire|Clodsire, F|92/100
|turn|16
|
|t:|1760445896
|move|p2a: Asfaloth|Aurora Veil|p2a: Asfaloth
|-sidestart|p2: Nikator98|move: Aurora Veil
|move|p1a: Clodsire|Toxic|p2a: Asfaloth
|-status|p2a: Asfaloth|tox
|
|-weather|Snowscape|[upkeep]
|-damage|p2a: Asfaloth|94/100 tox|[from] psn
|upkeep
|turn|17
|j| Dozkek
|
|t:|1760445902
|move|p2a: Asfaloth|Encore|p1a: Clodsire
|-start|p1a: Clodsire|Encore
|move|p1a: Clodsire|Toxic|p2a: Asfaloth
|-fail|p2a: Asfaloth|tox
|
|-weather|Snowscape|[upkeep]
|-damage|p2a: Asfaloth|82/100 tox|[from] psn
|upkeep
|turn|18
|
|t:|1760445910
|switch|p2a: Arquillian Sentry|Metagross|94/100
|switch|p1a: Raging Bolt|Raging Bolt|100/100
|-damage|p1a: Raging Bolt|88/100|[from] Stealth Rock
|
|-weather|Snowscape|[upkeep]
|-heal|p1a: Raging Bolt|94/100|[from] item: Leftovers
|upkeep
|turn|19
|
|t:|1760445918
|move|p2a: Arquillian Sentry|Psychic Fangs|p1a: Raging Bolt
|-damage|p1a: Raging Bolt|64/100
|move|p1a: Raging Bolt|Calm Mind|p1a: Raging Bolt
|-boost|p1a: Raging Bolt|spa|1
|-boost|p1a: Raging Bolt|spd|1
|
|-weather|none
|-heal|p1a: Raging Bolt|70/100|[from] item: Leftovers
|upkeep
|turn|20
|
|t:|1760445930
|switch|p2a: Asfaloth|Ninetales-Alola, F, shiny|82/100 tox
|-weather|Snowscape|[from] ability: Snow Warning|[of] p2a: Asfaloth
|move|p1a: Raging Bolt|Thunderbolt|p2a: Asfaloth
|-damage|p2a: Asfaloth|49/100 tox
|
|-weather|Snowscape|[upkeep]
|-heal|p1a: Raging Bolt|76/100|[from] item: Leftovers
|-damage|p2a: Asfaloth|43/100 tox|[from] psn
|upkeep
|turn|21
|
|t:|1760445941
|move|p2a: Asfaloth|Moonblast|p1a: Raging Bolt
|-supereffective|p1a: Raging Bolt
|-damage|p1a: Raging Bolt|40/100
|move|p1a: Raging Bolt|Thunderbolt|p2a: Asfaloth
|-crit|p2a: Asfaloth
|-damage|p2a: Asfaloth|0 fnt
|faint|p2a: Asfaloth
|
|-weather|Snowscape|[upkeep]
|-heal|p1a: Raging Bolt|46/100|[from] item: Leftovers
|upkeep
|c|☆clodsirebiggestfan|srry
|l| Dozkek
|
|t:|1760445951
|switch|p2a: Lacelle|Haxorus, M|100/100
|-ability|p2a: Lacelle|Mold Breaker
|turn|22
|c|☆clodsirebiggestfan|actually
|c|☆clodsirebiggestfan|mightve been worse for me lol
|
|t:|1760445962
|-terastallize|p1a: Raging Bolt|Bug
|move|p2a: Lacelle|Scale Shot|p1a: Raging Bolt|[miss]
|-miss|p2a: Lacelle|p1a: Raging Bolt
|move|p1a: Raging Bolt|Dragon Pulse|p2a: Lacelle
|-supereffective|p2a: Lacelle
|-damage|p2a: Lacelle|13/100
|
|-weather|Snowscape|[upkeep]
|-heal|p1a: Raging Bolt|52/100|[from] item: Leftovers
|upkeep
|turn|23
|c|☆Nikator98|lol that's my typical rng
|c|☆clodsirebiggestfan|idk whats going on this game
|c|☆Nikator98|I pay a crit twice over
|c|☆clodsirebiggestfan|feels like one of those fever dream games
|j| wgw2333
|
|t:|1760446009
|switch|p2a: Gothmog|Iron Moth|100/100
|-enditem|p2a: Gothmog|Booster Energy
|-activate|p2a: Gothmog|ability: Quark Drive|[fromitem]
|-start|p2a: Gothmog|quarkdrivespe
|move|p1a: Raging Bolt|Thunderclap||[still]
|-fail|p1a: Raging Bolt
|
|-weather|Snowscape|[upkeep]
|-heal|p1a: Raging Bolt|58/100|[from] item: Leftovers
|-sideend|p2: Nikator98|move: Aurora Veil
|upkeep
|turn|24
|l| wgw2333
|
|t:|1760446020
|-end|p1a: Raging Bolt|Protosynthesis|[silent]
|switch|p1a: Clodsire|Clodsire, F|92/100
|move|p2a: Gothmog|Fiery Dance|p1a: Clodsire
|-damage|p1a: Clodsire|72/100
|
|-weather|none
|upkeep
|turn|25
|
|t:|1760446027
|-end|p2a: Gothmog|Quark Drive|[silent]
|switch|p2a: Arquillian Sentry|Metagross|94/100
|move|p1a: Clodsire|Stealth Rock|p2a: Arquillian Sentry
|-sidestart|p2: Nikator98|move: Stealth Rock
|
|upkeep
|turn|26
|
|t:|1760446033
|switch|p1a: Raging Bolt|Raging Bolt, tera:Bug|58/100
|-damage|p1a: Raging Bolt|33/100|[from] Stealth Rock
|move|p2a: Arquillian Sentry|Psychic Fangs|p1a: Raging Bolt
|-damage|p1a: Raging Bolt|5/100
|
|-heal|p1a: Raging Bolt|12/100|[from] item: Leftovers
|upkeep
|turn|27
|
|t:|1760446041
|move|p1a: Raging Bolt|Thunderclap|p2a: Arquillian Sentry
|-crit|p2a: Arquillian Sentry
|-damage|p2a: Arquillian Sentry|41/100
|move|p2a: Arquillian Sentry|Meteor Mash|p1a: Raging Bolt|[miss]
|-miss|p2a: Arquillian Sentry|p1a: Raging Bolt
|
|-heal|p1a: Raging Bolt|18/100|[from] item: Leftovers
|upkeep
|turn|28
|c|☆clodsirebiggestfan|what
|c|☆clodsirebiggestfan|lol
|c|☆Nikator98|told ya
|
|t:|1760446056
|move|p1a: Raging Bolt|Thunderclap|p2a: Arquillian Sentry
|-damage|p2a: Arquillian Sentry|9/100
|move|p2a: Arquillian Sentry|Psychic Fangs|p1a: Raging Bolt
|-damage|p1a: Raging Bolt|0 fnt
|faint|p1a: Raging Bolt
|-end|p1a: Raging Bolt|Protosynthesis|[silent]
|
|upkeep
|
|t:|1760446059
|switch|p1a: Zamazenta|Zamazenta|100/100
|-damage|p1a: Zamazenta|94/100|[from] Stealth Rock
|-ability|p1a: Zamazenta|Dauntless Shield|boost
|-boost|p1a: Zamazenta|def|1
|turn|29
|-enditem|p2a: Arquillian Sentry|Custap Berry|[eat]
|-activate|p2a: Arquillian Sentry|item: Custap Berry|[consumed]
|
|t:|1760446066
|move|p2a: Arquillian Sentry|Psychic Fangs|p1a: Zamazenta
|-supereffective|p1a: Zamazenta
|-damage|p1a: Zamazenta|43/100
|move|p1a: Zamazenta|Iron Defense|p1a: Zamazenta
|-boost|p1a: Zamazenta|def|2
|
|-heal|p1a: Zamazenta|49/100|[from] item: Leftovers
|upkeep
|turn|30
|c|☆clodsirebiggestfan|ow
|
|t:|1760446074
|move|p1a: Zamazenta|Body Press|p2a: Arquillian Sentry
|-damage|p2a: Arquillian Sentry|0 fnt
|faint|p2a: Arquillian Sentry
|
|-heal|p1a: Zamazenta|56/100|[from] item: Leftovers
|upkeep
|
|t:|1760446080
|switch|p2a: Gothmog|Iron Moth|100/100
|-damage|p2a: Gothmog|76/100|[from] Stealth Rock
|turn|31
|
|t:|1760446084
|move|p1a: Zamazenta|Body Press|p2a: Gothmog
|-resisted|p2a: Gothmog
|-damage|p2a: Gothmog|12/100
|move|p2a: Gothmog|Fiery Dance|p1a: Zamazenta
|-damage|p1a: Zamazenta|24/100
|
|-heal|p1a: Zamazenta|30/100|[from] item: Leftovers
|upkeep
|turn|32
|c|☆clodsirebiggestfan|gg
|
|t:|1760446099
|move|p1a: Zamazenta|Body Press|p2a: Gothmog
|-resisted|p2a: Gothmog
|-damage|p2a: Gothmog|0 fnt
|faint|p2a: Gothmog
|-end|p2a: Gothmog|Quark Drive|[silent]
|
|-heal|p1a: Zamazenta|36/100|[from] item: Leftovers
|upkeep
|
|t:|1760446105
|switch|p2a: Lacelle|Haxorus, M|30/100 brn
|-damage|p2a: Lacelle|17/100 brn|[from] Stealth Rock
|turn|33
|
|t:|1760446110
|move|p1a: Zamazenta|Crunch|p2a: Lacelle
|-supereffective|p2a: Lacelle
|-damage|p2a: Lacelle|0 fnt
|replace|p2a: Van Helsing|Zoroark-Hisui, M, shiny
|-end|p2a: Van Helsing|Illusion
|faint|p2a: Van Helsing
|
|-heal|p1a: Zamazenta|42/100|[from] item: Leftovers
|upkeep
|c|☆clodsirebiggestfan|i almost missclicked
|c|☆Nikator98|gg
|j| Samurajen
|c|☆Nikator98|lol
|c|☆clodsirebiggestfan|that wouldve been funny
|
|t:|1760446120
|switch|p2a: Lacelle|Haxorus, M|13/100
|-damage|p2a: Lacelle|1/100|[from] Stealth Rock
|-ability|p2a: Lacelle|Mold Breaker
|turn|34
|
|t:|1760446125
|move|p1a: Zamazenta|Body Press|p2a: Lacelle
|-damage|p2a: Lacelle|0 fnt
|faint|p2a: Lacelle
|
|win|clodsirebiggestfan
|raw|clodsirebiggestfan's rating: 1662 &rarr; <strong>1683</strong><br />(+21 for winning)
|raw|Nikator98's rating: 1684 &rarr; <strong>1663</strong><br />(-21 for losing)
|c|☆clodsirebiggestfan|gg
|l|☆clodsirebiggestfan
|player|p1|
|l| Disscratch
|l| Samurajen
