|j|☆sawm0n
|j|☆YourFriendSanti
|t:|1760379139
|gametype|singles
|player|p1|sawm0n|ingo|1147
|player|p2|YourFriendSanti|hilbert-wonderlauncher|1141
|gen|9
|tier|[Gen 9] OU
|rated|
|rule|HP Percentage Mod: HP is shown in percentages
|rule|Endless Battle Clause: Forcing endless battles is banned
|rule|Species Clause: Limit one of each Pokémon
|rule|OHKO Clause: OHKO moves are banned
|rule|Evasion Items Clause: Evasion items are banned
|rule|Evasion Moves Clause: Evasion moves are banned
|rule|Evasion Abilities Clause: Evasion abilities are banned
|rule|Sleep Moves Clause: Sleep-inducing moves are banned
|clearpoke
|poke|p1|Dragapult, F|
|poke|p1|Dragonite, M|
|poke|p1|Weavile, F|
|poke|p1|Weezing-Galar, F|
|poke|p1|Moltres|
|poke|p1|Lokix, F|
|poke|p2|Dedenne, F|
|poke|p2|Pincurchin, M|
|poke|p2|Excadrill, F|
|poke|p2|Pelipper, F|
|poke|p2|Overqwil, M|
|poke|p2|Goodra, M|
|teampreview
|inactive|Battle timer is ON: inactive players will automatically lose when time's up. (requested by sawm0n)
|
|t:|1760379147
|teamsize|p1|6
|teamsize|p2|6
|start
|switch|p1a: Dragapult|Dragapult, F|100/100
|switch|p2a: Pincurchin|Pincurchin, M|100/100
|-fieldstart|move: Electric Terrain|[from] ability: Electric Surge|[of] p2a: Pincurchin
|turn|1
|
|t:|1760379156
|move|p1a: Dragapult|Will-O-Wisp|p2a: Pincurchin
|-status|p2a: Pincurchin|brn
|move|p2a: Pincurchin|Memento|p1a: Dragapult
|-unboost|p1a: Dragapult|atk|2
|-unboost|p1a: Dragapult|spa|2
|faint|p2a: Pincurchin
|
|upkeep
|
|t:|1760379165
|switch|p2a: Dedene|Dedenne, F|100/100
|turn|2
|
|t:|1760379168
|move|p1a: Dragapult|Will-O-Wisp|p2a: Dedene
|-status|p2a: Dedene|brn
|move|p2a: Dedene|Charge Beam|p1a: Dragapult
|-resisted|p1a: Dragapult
|-damage|p1a: Dragapult|84/100
|
|-damage|p2a: Dedene|94/100 brn|[from] brn
|upkeep
|turn|3
|
|t:|1760379183
|switch|p1a: Weezing|Weezing-Galar, F|100/100
|-ability|p1a: Weezing|Neutralizing Gas
|move|p2a: Dedene|Charge Beam|p1a: Weezing
|-damage|p1a: Weezing|68/100
|-boost|p2a: Dedene|spa|1
|
|-heal|p1a: Weezing|74/100|[from] item: Black Sludge
|-damage|p2a: Dedene|88/100 brn|[from] brn
|upkeep
|turn|4
|
|t:|1760379198
|move|p2a: Dedene|Charge Beam|p1a: Weezing
|-damage|p1a: Weezing|30/100
|-boost|p2a: Dedene|spa|1
|move|p1a: Weezing|Sludge Wave|p2a: Dedene
|-supereffective|p2a: Dedene
|-crit|p2a: Dedene
|-damage|p2a: Dedene|0 fnt
|faint|p2a: Dedene
|
|-heal|p1a: Weezing|37/100|[from] item: Black Sludge
|upkeep
|
|t:|1760379207
|switch|p2a: Excadrill|Excadrill, F|100/100
|turn|5
|
|t:|1760379211
|move|p2a: Excadrill|Rapid Spin|p1a: Weezing
|-damage|p1a: Weezing|13/100
|-boost|p2a: Excadrill|spe|1
|-damage|p2a: Excadrill|91/100|[from] item: Life Orb
|move|p1a: Weezing|Will-O-Wisp|p2a: Excadrill
|-status|p2a: Excadrill|brn
|
|-heal|p1a: Weezing|19/100|[from] item: Black Sludge
|-damage|p2a: Excadrill|84/100 brn|[from] brn
|upkeep
|turn|6
|
|t:|1760379224
|-end|p1a: Weezing|ability: Neutralizing Gas
|-ability|p2a: Excadrill|Mold Breaker
|switch|p1a: Moltres|Moltres|100/100
|-ability|p1a: Moltres|Pressure
|move|p2a: Excadrill|Swords Dance|p2a: Excadrill
|-boost|p2a: Excadrill|atk|2
|
|-damage|p2a: Excadrill|78/100 brn|[from] brn
|upkeep
|turn|7
|
|t:|1760379240
|-terastallize|p2a: Excadrill|Ground
|move|p2a: Excadrill|Swords Dance|p2a: Excadrill
|-boost|p2a: Excadrill|atk|2
|move|p1a: Moltres|Flamethrower|p2a: Excadrill
|-damage|p2a: Excadrill|25/100 brn
|
|-damage|p2a: Excadrill|19/100 brn|[from] brn
|upkeep
|turn|8
|
|t:|1760379251
|move|p2a: Excadrill|Rapid Spin|p1a: Moltres
|-damage|p1a: Moltres|66/100
|-boost|p2a: Excadrill|spe|1
|-damage|p2a: Excadrill|9/100 brn|[from] item: Life Orb
|move|p1a: Moltres|Flamethrower|p2a: Excadrill
|-damage|p2a: Excadrill|0 fnt
|faint|p2a: Excadrill
|
|-fieldend|move: Electric Terrain
|upkeep
|
|t:|1760379256
|switch|p2a: Pelipper|Pelipper, F|100/100
|-weather|RainDance|[from] ability: Drizzle|[of] p2a: Pelipper
|turn|9
|
|t:|1760379270
|move|p1a: Moltres|U-turn|p2a: Pelipper
|-resisted|p2a: Pelipper
|-damage|p2a: Pelipper|95/100
|
|t:|1760379273
|switch|p1a: Dragonite|Dragonite, M|100/100|[from] U-turn
|move|p2a: Pelipper|Weather Ball|p1a: Dragonite
|-resisted|p1a: Dragonite
|-damage|p1a: Dragonite|88/100
|
|-weather|RainDance|[upkeep]
|upkeep
|turn|10
|
|t:|1760379284
|switch|p2a: Overqwil|Overqwil, M|100/100
|move|p1a: Dragonite|Extreme Speed|p2a: Overqwil
|-damage|p2a: Overqwil|71/100
|
|-weather|RainDance|[upkeep]
|upkeep
|turn|11
|
|t:|1760379303
|move|p2a: Overqwil|Poison Jab|p1a: Dragonite
|-damage|p1a: Dragonite|52/100
|move|p1a: Dragonite|Earthquake|p2a: Overqwil
|-supereffective|p2a: Overqwil
|-damage|p2a: Overqwil|0 fnt
|faint|p2a: Overqwil
|
|-weather|RainDance|[upkeep]
|upkeep
|
|t:|1760379310
|switch|p2a: Goodra|Goodra, M|100/100
|turn|12
|
|t:|1760379319
|move|p1a: Dragonite|Earthquake|p2a: Goodra
|-damage|p2a: Goodra|63/100
|move|p2a: Goodra|Toxic|p1a: Dragonite
|-status|p1a: Dragonite|tox
|
|-weather|RainDance|[upkeep]
|-heal|p2a: Goodra|69/100|[from] item: Leftovers
|-damage|p1a: Dragonite|45/100 tox|[from] psn
|upkeep
|turn|13
|
|t:|1760379329
|move|p1a: Dragonite|Earthquake|p2a: Goodra
|-damage|p2a: Goodra|30/100
|move|p2a: Goodra|Acid Armor|p2a: Goodra
|-boost|p2a: Goodra|def|2
|
|-weather|RainDance|[upkeep]
|-heal|p2a: Goodra|37/100|[from] item: Leftovers
|-damage|p1a: Dragonite|33/100 tox|[from] psn
|upkeep
|turn|14
|
|t:|1760379339
|move|p1a: Dragonite|Earthquake|p2a: Goodra
|-damage|p2a: Goodra|16/100
|move|p2a: Goodra|Rest|p2a: Goodra
|-status|p2a: Goodra|slp|[from] move: Rest
|-heal|p2a: Goodra|100/100 slp|[silent]
|
|-weather|RainDance|[upkeep]
|-activate|p2a: Goodra|ability: Hydration
|-curestatus|p2a: Goodra|slp|[msg]
|-damage|p1a: Dragonite|14/100 tox|[from] psn
|upkeep
|turn|15
|
|t:|1760379352
|move|p1a: Dragonite|Earthquake|p2a: Goodra
|-damage|p2a: Goodra|82/100
|move|p2a: Goodra|Acid Armor|p2a: Goodra
|-boost|p2a: Goodra|def|2
|
|-weather|RainDance|[upkeep]
|-heal|p2a: Goodra|88/100|[from] item: Leftovers
|-damage|p1a: Dragonite|0 fnt|[from] psn
|faint|p1a: Dragonite
|upkeep
|
|t:|1760379364
|switch|p1a: Weezing|Weezing-Galar, F|19/100
|-ability|p1a: Weezing|Neutralizing Gas
|turn|16
|
|t:|1760379387
|switch|p2a: Pelipper|Pelipper, F|95/100
|move|p1a: Weezing|Strange Steam|p2a: Pelipper
|-damage|p2a: Pelipper|53/100
|
|-weather|none
|-heal|p1a: Weezing|25/100|[from] item: Black Sludge
|upkeep
|turn|17
|
|t:|1760379396
|move|p2a: Pelipper|Roost|p2a: Pelipper
|-heal|p2a: Pelipper|100/100
|-singleturn|p2a: Pelipper|move: Roost
|move|p1a: Weezing|Strange Steam|p2a: Pelipper
|-damage|p2a: Pelipper|56/100
|-start|p2a: Pelipper|confusion
|
|-heal|p1a: Weezing|31/100|[from] item: Black Sludge
|upkeep
|turn|18
|-message|YourFriendSanti forfeited.
|
|win|sawm0n
|raw|sawm0n's rating: 1147 &rarr; <strong>1172</strong><br />(+25 for winning)
|raw|YourFriendSanti's rating: 1141 &rarr; <strong>1116</strong><br />(-25 for losing)
|l|☆YourFriendSanti
|player|p2|
|l|☆sawm0n
|player|p1|
