|j|☆ArrULearnerKayJay
|j|☆Myadetectiveroyal
|t:|1760396400
|gametype|singles
|player|p1|ArrULearnerKayJay|zinnia|1250
|player|p2|Myadetectiveroyal|picnicker|1248
|gen|9
|tier|[Gen 9] OU
|rated|
|rule|HP Percentage Mod: HP is shown in percentages
|rule|Endless Battle Clause: Forcing endless battles is banned
|rule|Species Clause: Limit one of each Pokémon
|rule|OHKO Clause: OHKO moves are banned
|rule|Evasion Items Clause: Evasion items are banned
|rule|Evasion Moves Clause: Evasion moves are banned
|rule|Evasion Abilities Clause: Evasion abilities are banned
|rule|Sleep Moves Clause: Sleep-inducing moves are banned
|clearpoke
|poke|p1|Iron Valiant|
|poke|p1|Samurott-Hisui, F|
|poke|p1|Scizor, F|
|poke|p1|Dragonite, F|
|poke|p1|Great Tusk|
|poke|p1|Iron Moth|
|poke|p2|Sandslash, F|
|poke|p2|Tyranitar, F|
|poke|p2|Houndstone, F|
|poke|p2|Corviknight, M|
|poke|p2|Hydrapple, M|
|poke|p2|Fezandipiti, M|
|teampreview
|inactive|Battle timer is ON: inactive players will automatically lose when time's up. (requested by Myadetectiveroyal)
|
|t:|1760396413
|teamsize|p1|6
|teamsize|p2|6
|start
|switch|p1a: Samurott|Samurott-Hisui, F|100/100
|switch|p2a: Frozis|Fezandipiti, M|100/100
|turn|1
|
|t:|1760396419
|move|p1a: Samurott|Flip Turn|p2a: Frozis
|-damage|p2a: Frozis|70/100
|
|t:|1760396422
|switch|p1a: Scizor|Scizor, F|100/100|[from] Flip Turn
|move|p2a: Frozis|Moonblast|p1a: Scizor
|-resisted|p1a: Scizor
|-damage|p1a: Scizor|87/100
|
|upkeep
|turn|2
|
|t:|1760396431
|switch|p2a: Piaf sasuke|Corviknight, M|100/100
|-ability|p2a: Piaf sasuke|Unnerve
|move|p1a: Scizor|Knock Off|p2a: Piaf sasuke
|-damage|p2a: Piaf sasuke|78/100
|-enditem|p2a: Piaf sasuke|Leftovers|[from] move: Knock Off|[of] p1a: Scizor
|
|upkeep
|turn|3
|
|t:|1760396440
|move|p2a: Piaf sasuke|U-turn|p1a: Scizor
|-resisted|p1a: Scizor
|-damage|p1a: Scizor|80/100
|-damage|p2a: Piaf sasuke|61/100|[from] item: Rocky Helmet|[of] p1a: Scizor
|
|t:|1760396448
|switch|p2a: Frozis|Fezandipiti, M|70/100|[from] U-turn
|move|p1a: Scizor|U-turn|p2a: Frozis
|-resisted|p2a: Frozis
|-crit|p2a: Frozis
|-damage|p2a: Frozis|56/100
|
|t:|1760396456
|switch|p1a: Samurott|Samurott-Hisui, F|100/100|[from] U-turn
|
|upkeep
|turn|4
|
|t:|1760396465
|move|p1a: Samurott|Razor Shell|p2a: Frozis
|-damage|p2a: Frozis|6/100
|move|p2a: Frozis|Roost|p2a: Frozis
|-heal|p2a: Frozis|56/100
|-singleturn|p2a: Frozis|move: Roost
|
|upkeep
|turn|5
|
|t:|1760396473
|switch|p1a: Scizor|Scizor, F|80/100
|move|p2a: Frozis|Moonblast|p1a: Scizor
|-resisted|p1a: Scizor
|-damage|p1a: Scizor|66/100
|-unboost|p1a: Scizor|spa|1
|
|upkeep
|turn|6
|
|t:|1760396482
|move|p1a: Scizor|Bullet Punch|p2a: Frozis
|-supereffective|p2a: Frozis
|-damage|p2a: Frozis|0 fnt
|faint|p2a: Frozis
|
|upkeep
|
|t:|1760396487
|switch|p2a: Tyrakaiju|Tyranitar, F|100/100
|-weather|Sandstorm|[from] ability: Sand Stream|[of] p2a: Tyrakaiju
|turn|7
|
|t:|1760396493
|move|p1a: Scizor|U-turn|p2a: Tyrakaiju
|-supereffective|p2a: Tyrakaiju
|-damage|p2a: Tyrakaiju|50/100
|
|t:|1760396498
|switch|p1a: Great Tusk|Great Tusk|100/100|[from] U-turn
|move|p2a: Tyrakaiju|Knock Off|p1a: Great Tusk
|-resisted|p1a: Great Tusk
|-damage|p1a: Great Tusk|86/100
|-enditem|p1a: Great Tusk|Assault Vest|[from] move: Knock Off|[of] p2a: Tyrakaiju
|
|-weather|Sandstorm|[upkeep]
|upkeep
|turn|8
|
|t:|1760396508
|switch|p2a: Sacrifice inutile|Houndstone, F|100/100
|move|p1a: Great Tusk|Headlong Rush|p2a: Sacrifice inutile
|-damage|p2a: Sacrifice inutile|24/100
|-unboost|p1a: Great Tusk|def|1
|-unboost|p1a: Great Tusk|spd|1
|
|-weather|Sandstorm|[upkeep]
|upkeep
|turn|9
|
|t:|1760396519
|-end|p1a: Great Tusk|Protosynthesis|[silent]
|switch|p1a: Scizor|Scizor, F|66/100
|move|p2a: Sacrifice inutile|Poltergeist|p1a: Scizor
|-activate|p1a: Scizor|move: Poltergeist|Rocky Helmet
|-damage|p1a: Scizor|0 fnt
|faint|p1a: Scizor
|
|-weather|Sandstorm|[upkeep]
|upkeep
|
|t:|1760396527
|switch|p1a: Samurott|Samurott-Hisui, F|100/100
|turn|10
|
|t:|1760396534
|switch|p2a: Hydre pomme|Hydrapple, M|100/100
|move|p1a: Samurott|Ceaseless Edge|p2a: Hydre pomme
|-damage|p2a: Hydre pomme|77/100
|-sidestart|p2: Myadetectiveroyal|Spikes
|
|-weather|Sandstorm|[upkeep]
|-damage|p1a: Samurott|94/100|[from] Sandstorm
|-damage|p2a: Hydre pomme|70/100|[from] Sandstorm
|upkeep
|turn|11
|
|t:|1760396545
|switch|p1a: Iron Moth|Iron Moth|100/100
|-enditem|p1a: Iron Moth|Booster Energy
|-activate|p1a: Iron Moth|ability: Quark Drive|[fromitem]
|-start|p1a: Iron Moth|quarkdrivespa
|move|p2a: Hydre pomme|Earth Power|p1a: Iron Moth
|-supereffective|p1a: Iron Moth
|-damage|p1a: Iron Moth|0 fnt
|faint|p1a: Iron Moth
|-end|p1a: Iron Moth|Quark Drive|[silent]
|
|-weather|Sandstorm|[upkeep]
|-damage|p2a: Hydre pomme|64/100|[from] Sandstorm
|upkeep
|
|t:|1760396557
|switch|p1a: Great Tusk|Great Tusk|86/100
|turn|12
|
|t:|1760396561
|move|p1a: Great Tusk|Ice Spinner|p2a: Hydre pomme
|-supereffective|p2a: Hydre pomme
|-damage|p2a: Hydre pomme|0 fnt
|faint|p2a: Hydre pomme
|
|-weather|Sandstorm|[upkeep]
|upkeep
|
|t:|1760396567
|switch|p2a: Sacrifice inutile|Houndstone, F|24/100
|-damage|p2a: Sacrifice inutile|11/100|[from] Spikes
|turn|13
|
|t:|1760396575
|move|p2a: Sacrifice inutile|Poltergeist||[still]
|-fail|p2a: Sacrifice inutile
|move|p1a: Great Tusk|Ice Spinner|p2a: Sacrifice inutile
|-damage|p2a: Sacrifice inutile|0 fnt
|faint|p2a: Sacrifice inutile
|
|-weather|Sandstorm|[upkeep]
|upkeep
|
|t:|1760396584
|switch|p2a: Piaf sasuke|Corviknight, M|61/100
|-ability|p2a: Piaf sasuke|Unnerve
|turn|14
|
|t:|1760396590
|move|p1a: Great Tusk|Close Combat|p2a: Piaf sasuke
|-damage|p2a: Piaf sasuke|20/100
|-unboost|p1a: Great Tusk|def|1
|-unboost|p1a: Great Tusk|spd|1
|move|p2a: Piaf sasuke|Roost|p2a: Piaf sasuke
|-heal|p2a: Piaf sasuke|70/100
|-singleturn|p2a: Piaf sasuke|move: Roost
|
|-weather|none
|upkeep
|turn|15
|
|t:|1760396601
|-end|p1a: Great Tusk|Protosynthesis|[silent]
|switch|p1a: Samurott|Samurott-Hisui, F|94/100
|move|p2a: Piaf sasuke|Roost|p2a: Piaf sasuke
|-heal|p2a: Piaf sasuke|100/100
|-singleturn|p2a: Piaf sasuke|move: Roost
|
|upkeep
|turn|16
|
|t:|1760396609
|move|p1a: Samurott|Ceaseless Edge|p2a: Piaf sasuke
|-damage|p2a: Piaf sasuke|75/100
|-sidestart|p2: Myadetectiveroyal|Spikes
|move|p2a: Piaf sasuke|U-turn|p1a: Samurott
|-supereffective|p1a: Samurott
|-damage|p1a: Samurott|59/100
|
|t:|1760396615
|switch|p2a: Tyrakaiju|Tyranitar, F|50/100|[from] U-turn
|-damage|p2a: Tyrakaiju|33/100|[from] Spikes
|-weather|Sandstorm|[from] ability: Sand Stream|[of] p2a: Tyrakaiju
|
|-weather|Sandstorm|[upkeep]
|-damage|p1a: Samurott|53/100|[from] Sandstorm
|upkeep
|turn|17
|
|t:|1760396626
|switch|p1a: Great Tusk|Great Tusk|86/100
|move|p2a: Tyrakaiju|Stealth Rock|p1a: Great Tusk
|-sidestart|p1: ArrULearnerKayJay|move: Stealth Rock
|
|-weather|Sandstorm|[upkeep]
|upkeep
|turn|18
|
|t:|1760396636
|move|p1a: Great Tusk|Rapid Spin|p2a: Tyrakaiju
|-resisted|p2a: Tyrakaiju
|-damage|p2a: Tyrakaiju|28/100
|-boost|p1a: Great Tusk|spe|1
|-sideend|p1: ArrULearnerKayJay|Stealth Rock|[from] move: Rapid Spin|[of] p1a: Great Tusk
|move|p2a: Tyrakaiju|Low Kick|p1a: Great Tusk
|-damage|p1a: Great Tusk|65/100
|
|-weather|Sandstorm|[upkeep]
|upkeep
|turn|19
|
|t:|1760396645
|move|p1a: Great Tusk|Close Combat|p2a: Tyrakaiju
|-supereffective|p2a: Tyrakaiju
|-damage|p2a: Tyrakaiju|0 fnt
|-unboost|p1a: Great Tusk|def|1
|-unboost|p1a: Great Tusk|spd|1
|faint|p2a: Tyrakaiju
|
|-weather|Sandstorm|[upkeep]
|upkeep
|
|t:|1760396652
|switch|p2a: Sandaslash|Sandslash, F|100/100
|-damage|p2a: Sandaslash|84/100|[from] Spikes
|turn|20
|
|t:|1760396667
|move|p2a: Sandaslash|Earthquake|p1a: Great Tusk
|-crit|p1a: Great Tusk
|-damage|p1a: Great Tusk|0 fnt
|faint|p1a: Great Tusk
|-end|p1a: Great Tusk|Protosynthesis|[silent]
|-damage|p2a: Sandaslash|74/100|[from] item: Life Orb
|
|-weather|Sandstorm|[upkeep]
|upkeep
|
|t:|1760396676
|switch|p1a: Dragonite|Dragonite, F|100/100
|turn|21
|
|t:|1760396681
|move|p2a: Sandaslash|Stone Edge|p1a: Dragonite|[miss]
|-miss|p2a: Sandaslash|p1a: Dragonite
|move|p1a: Dragonite|Dragon Dance|p1a: Dragonite
|-boost|p1a: Dragonite|atk|1
|-boost|p1a: Dragonite|spe|1
|
|-weather|Sandstorm|[upkeep]
|-damage|p1a: Dragonite|94/100|[from] Sandstorm
|upkeep
|turn|22
|
|t:|1760396690
|-terastallize|p2a: Sandaslash|Ghost
|move|p2a: Sandaslash|Stone Edge|p1a: Dragonite
|-supereffective|p1a: Dragonite
|-damage|p1a: Dragonite|7/100
|-damage|p2a: Sandaslash|64/100|[from] item: Life Orb
|move|p1a: Dragonite|Dragon Claw|p2a: Sandaslash
|-damage|p2a: Sandaslash|0 fnt
|faint|p2a: Sandaslash
|
|-weather|Sandstorm|[upkeep]
|-damage|p1a: Dragonite|0 fnt|[from] Sandstorm
|faint|p1a: Dragonite
|upkeep
|
|t:|1760396710
|switch|p1a: Iron Valiant|Iron Valiant|100/100
|switch|p2a: Piaf sasuke|Corviknight, M|75/100
|-ability|p2a: Piaf sasuke|Unnerve
|turn|23
|-message|Myadetectiveroyal forfeited.
|
|win|ArrULearnerKayJay
|raw|ArrULearnerKayJay's rating: 1250 &rarr; <strong>1275</strong><br />(+25 for winning)
|raw|Myadetectiveroyal's rating: 1248 &rarr; <strong>1223</strong><br />(-25 for losing)
|l|☆Myadetectiveroyal
|player|p2|
|l|☆ArrULearnerKayJay
|player|p1|
