|j|☆Patback279
|j|☆zwhao
|t:|1760320873
|gametype|singles
|player|p1|Patback279|266|1301
|player|p2|zwhao|dawn|1303
|gen|9
|tier|[Gen 9] OU
|rated|
|rule|HP Percentage Mod: HP is shown in percentages
|rule|Endless Battle Clause: Forcing endless battles is banned
|rule|Species Clause: Limit one of each Pokémon
|rule|OHKO Clause: OHKO moves are banned
|rule|Evasion Items Clause: Evasion items are banned
|rule|Evasion Moves Clause: Evasion moves are banned
|rule|Evasion Abilities Clause: Evasion abilities are banned
|rule|Sleep Moves Clause: Sleep-inducing moves are banned
|clearpoke
|poke|p1|Clawitzer, F|
|poke|p1|Goodra-Hisui, M|
|poke|p1|Venomoth, M|
|poke|p1|Landorus-Therian, M|
|poke|p1|Fezandipiti, M|
|poke|p1|Raikou|
|poke|p2|Alomomola, F|
|poke|p2|Landorus-Therian, M|
|poke|p2|Kingambit, M|
|poke|p2|Primarina, F|
|poke|p2|Heatran, M|
|poke|p2|Zapdos|
|teampreview
|
|t:|1760320896
|teamsize|p1|6
|teamsize|p2|6
|start
|switch|p1a: Landorus|Landorus-Therian, M|100/100
|switch|p2a: Primarina|Primarina, F|100/100
|-ability|p1a: Landorus|Intimidate|boost
|-unboost|p2a: Primarina|atk|1
|turn|1
|
|t:|1760320919
|move|p1a: Landorus|U-turn|p2a: Primarina
|-resisted|p2a: Primarina
|-damage|p2a: Primarina|92/100
|
|t:|1760320922
|switch|p1a: Clawitzer|Clawitzer, F|100/100|[from] U-turn
|move|p2a: Primarina|Ice Beam|p1a: Clawitzer
|-resisted|p1a: Clawitzer
|-damage|p1a: Clawitzer|84/100
|-status|p1a: Clawitzer|frz
|
|upkeep
|turn|2
|
|t:|1760320932
|cant|p1a: Clawitzer|frz
|move|p2a: Primarina|Moonblast|p1a: Clawitzer
|-damage|p1a: Clawitzer|31/100 frz
|-unboost|p1a: Clawitzer|spa|1
|
|upkeep
|turn|3
|
|t:|1760320940
|cant|p1a: Clawitzer|frz
|move|p2a: Primarina|Moonblast|p1a: Clawitzer
|-damage|p1a: Clawitzer|0 fnt
|faint|p1a: Clawitzer
|
|upkeep
|
|t:|1760320944
|switch|p1a: Fezandipiti|Fezandipiti, M|100/100
|turn|4
|
|t:|1760320958
|switch|p2a: Heatran|Heatran, M|100/100
|move|p1a: Fezandipiti|Swords Dance|p1a: Fezandipiti
|-boost|p1a: Fezandipiti|atk|2
|
|upkeep
|turn|5
|
|t:|1760320969
|-terastallize|p1a: Fezandipiti|Normal
|move|p1a: Fezandipiti|Tail Slap|p2a: Heatran
|-resisted|p2a: Heatran
|-damage|p2a: Heatran|87/100
|-resisted|p2a: Heatran
|-damage|p2a: Heatran|74/100
|-resisted|p2a: Heatran
|-damage|p2a: Heatran|60/100
|-resisted|p2a: Heatran
|-damage|p2a: Heatran|48/100
|-resisted|p2a: Heatran
|-damage|p2a: Heatran|35/100
|-hitcount|p2a: Heatran|5
|move|p2a: Heatran|Flamethrower|p1a: Fezandipiti
|-damage|p1a: Fezandipiti|64/100
|
|-heal|p2a: Heatran|41/100|[from] item: Leftovers
|upkeep
|turn|6
|
|t:|1760320984
|move|p2a: Heatran|Protect|p2a: Heatran
|-singleturn|p2a: Heatran|Protect
|move|p1a: Fezandipiti|Tail Slap|p2a: Heatran
|-activate|p2a: Heatran|move: Protect
|
|-heal|p2a: Heatran|47/100|[from] item: Leftovers
|upkeep
|turn|7
|
|t:|1760320997
|switch|p2a: Alomomola|Alomomola, F|100/100
|move|p1a: Fezandipiti|Tail Slap|p2a: Alomomola
|-damage|p2a: Alomomola|77/100
|-damage|p1a: Fezandipiti|48/100|[from] item: Rocky Helmet|[of] p2a: Alomomola
|-damage|p2a: Alomomola|57/100
|-damage|p1a: Fezandipiti|31/100|[from] item: Rocky Helmet|[of] p2a: Alomomola
|-damage|p2a: Alomomola|37/100
|-damage|p1a: Fezandipiti|15/100|[from] item: Rocky Helmet|[of] p2a: Alomomola
|-damage|p2a: Alomomola|14/100
|-damage|p1a: Fezandipiti|0 fnt|[from] item: Rocky Helmet|[of] p2a: Alomomola
|faint|p1a: Fezandipiti
|-hitcount|p2a: Alomomola|4
|
|upkeep
|
|t:|1760321012
|switch|p1a: Raikou|Raikou|100/100
|turn|8
|
|t:|1760321023
|move|p2a: Alomomola|Protect|p2a: Alomomola
|-singleturn|p2a: Alomomola|Protect
|move|p1a: Raikou|Scald|p2a: Alomomola
|-activate|p2a: Alomomola|move: Protect
|
|upkeep
|turn|9
|
|t:|1760321037
|switch|p2a: Primarina|Primarina, F|92/100
|move|p1a: Raikou|Scald|p2a: Primarina
|-resisted|p2a: Primarina
|-damage|p2a: Primarina|82/100
|
|upkeep
|turn|10
|
|t:|1760321067
|switch|p1a: Goodra|Goodra-Hisui, M|100/100
|move|p2a: Primarina|Flip Turn|p1a: Goodra
|-resisted|p1a: Goodra
|-damage|p1a: Goodra|94/100
|
|t:|1760321085
|switch|p2a: Landorus|Landorus-Therian, M|100/100|[from] Flip Turn
|-ability|p2a: Landorus|Intimidate|boost
|-unboost|p1a: Goodra|atk|1
|
|-heal|p1a: Goodra|99/100|[from] item: Leftovers
|upkeep
|turn|11
|
|t:|1760321093
|switch|p1a: Landorus|Landorus-Therian, M|100/100
|-ability|p1a: Landorus|Intimidate|boost
|-unboost|p2a: Landorus|atk|1
|move|p2a: Landorus|Stealth Rock|p1a: Landorus
|-sidestart|p1: Patback279|move: Stealth Rock
|
|upkeep
|turn|12
|
|t:|1760321106
|move|p2a: Landorus|U-turn|p1a: Landorus
|-resisted|p1a: Landorus
|-damage|p1a: Landorus|94/100
|-damage|p2a: Landorus|84/100|[from] item: Rocky Helmet|[of] p1a: Landorus
|
|t:|1760321118
|switch|p2a: Alomomola|Alomomola, F|47/100|[from] U-turn
|move|p1a: Landorus|Stealth Rock|p2a: Alomomola
|-sidestart|p2: zwhao|move: Stealth Rock
|
|upkeep
|turn|13
|
|t:|1760321125
|move|p1a: Landorus|Taunt|p2a: Alomomola
|-start|p2a: Alomomola|move: Taunt
|move|p2a: Alomomola|Flip Turn|p1a: Landorus
|-supereffective|p1a: Landorus
|-damage|p1a: Landorus|64/100
|-damage|p2a: Alomomola|30/100|[from] item: Rocky Helmet|[of] p1a: Landorus
|
|t:|1760321145
|switch|p2a: Primarina|Primarina, F|82/100|[from] Flip Turn
|-damage|p2a: Primarina|69/100|[from] Stealth Rock
|
|upkeep
|turn|14
|
|t:|1760321172
|move|p1a: Landorus|Earthquake|p2a: Primarina
|-damage|p2a: Primarina|28/100
|move|p2a: Primarina|Surf|p1a: Landorus
|-supereffective|p1a: Landorus
|-damage|p1a: Landorus|0 fnt
|faint|p1a: Landorus
|
|upkeep
|
|t:|1760321177
|switch|p1a: Venomoth|Venomoth, M|100/100
|-damage|p1a: Venomoth|76/100|[from] Stealth Rock
|turn|15
|
|t:|1760321185
|move|p1a: Venomoth|Quiver Dance|p1a: Venomoth
|-boost|p1a: Venomoth|spa|1
|-boost|p1a: Venomoth|spd|1
|-boost|p1a: Venomoth|spe|1
|move|p2a: Primarina|Surf|p1a: Venomoth
|-damage|p1a: Venomoth|15/100
|
|upkeep
|turn|16
|
|t:|1760321194
|move|p1a: Venomoth|Giga Drain|p2a: Primarina
|-supereffective|p2a: Primarina
|-damage|p2a: Primarina|0 fnt
|-heal|p1a: Venomoth|33/100|[from] drain|[of] p2a: Primarina
|faint|p2a: Primarina
|
|upkeep
|
|t:|1760321212
|switch|p2a: Zapdos|Zapdos|100/100
|-damage|p2a: Zapdos|75/100|[from] Stealth Rock
|turn|17
|
|t:|1760321217
|move|p1a: Venomoth|Sludge Wave|p2a: Zapdos
|-damage|p2a: Zapdos|9/100
|-enditem|p2a: Zapdos|Sitrus Berry|[eat]
|-heal|p2a: Zapdos|34/100|[from] item: Sitrus Berry
|move|p2a: Zapdos|Brave Bird|p1a: Venomoth
|-supereffective|p1a: Venomoth
|-damage|p1a: Venomoth|0 fnt
|faint|p1a: Venomoth
|-damage|p2a: Zapdos|26/100|[from] Recoil
|
|upkeep
|
|t:|1760321225
|switch|p1a: Goodra|Goodra-Hisui, M|99/100
|-damage|p1a: Goodra|94/100|[from] Stealth Rock
|turn|18
|
|t:|1760321232
|move|p2a: Zapdos|Roost|p2a: Zapdos
|-heal|p2a: Zapdos|76/100
|-singleturn|p2a: Zapdos|move: Roost
|move|p1a: Goodra|Acid Armor|p1a: Goodra
|-boost|p1a: Goodra|def|2
|
|-heal|p1a: Goodra|99/100|[from] item: Leftovers
|upkeep
|turn|19
|
|t:|1760321241
|move|p2a: Zapdos|Thunderbolt|p1a: Goodra
|-resisted|p1a: Goodra
|-damage|p1a: Goodra|91/100
|move|p1a: Goodra|Acid Armor|p1a: Goodra
|-boost|p1a: Goodra|def|2
|
|-heal|p1a: Goodra|97/100|[from] item: Leftovers
|upkeep
|turn|20
|
|t:|1760321250
|move|p2a: Zapdos|Thunderbolt|p1a: Goodra
|-resisted|p1a: Goodra
|-damage|p1a: Goodra|87/100
|move|p1a: Goodra|Body Press|p2a: Zapdos
|-resisted|p2a: Zapdos
|-damage|p2a: Zapdos|49/100
|-status|p1a: Goodra|par|[from] ability: Static|[of] p2a: Zapdos
|
|-heal|p1a: Goodra|93/100 par|[from] item: Leftovers
|upkeep
|turn|21
|
|t:|1760321260
|move|p2a: Zapdos|Roost|p2a: Zapdos
|-heal|p2a: Zapdos|99/100
|-singleturn|p2a: Zapdos|move: Roost
|move|p1a: Goodra|Acid Armor|p1a: Goodra
|-boost|p1a: Goodra|def|2
|
|-heal|p1a: Goodra|99/100 par|[from] item: Leftovers
|upkeep
|turn|22
|
|t:|1760321268
|move|p2a: Zapdos|Thunderbolt|p1a: Goodra
|-resisted|p1a: Goodra
|-damage|p1a: Goodra|90/100 par
|cant|p1a: Goodra|par
|
|-heal|p1a: Goodra|96/100 par|[from] item: Leftovers
|upkeep
|turn|23
|
|t:|1760321275
|move|p2a: Zapdos|Thunderbolt|p1a: Goodra
|-resisted|p1a: Goodra
|-damage|p1a: Goodra|87/100 par
|cant|p1a: Goodra|par
|
|-heal|p1a: Goodra|93/100 par|[from] item: Leftovers
|upkeep
|turn|24
|
|t:|1760321285
|move|p2a: Zapdos|Volt Switch|p1a: Goodra
|-resisted|p1a: Goodra
|-damage|p1a: Goodra|86/100 par
|
|t:|1760321289
|switch|p2a: Alomomola|Alomomola, F|64/100|[from] Volt Switch
|-damage|p2a: Alomomola|51/100|[from] Stealth Rock
|move|p1a: Goodra|Body Press|p2a: Alomomola
|-damage|p2a: Alomomola|1/100
|-damage|p1a: Goodra|69/100 par|[from] item: Rocky Helmet|[of] p2a: Alomomola
|
|-heal|p1a: Goodra|75/100 par|[from] item: Leftovers
|upkeep
|turn|25
|
|t:|1760321301
|move|p2a: Alomomola|Wish|p2a: Alomomola
|move|p1a: Goodra|Knock Off|p2a: Alomomola
|-damage|p2a: Alomomola|0 fnt
|-damage|p1a: Goodra|59/100 par|[from] item: Rocky Helmet|[of] p2a: Alomomola
|-enditem|p2a: Alomomola|Rocky Helmet|[from] move: Knock Off|[of] p1a: Goodra
|faint|p2a: Alomomola
|
|-heal|p1a: Goodra|65/100 par|[from] item: Leftovers
|upkeep
|
|t:|1760321320
|switch|p2a: Kingambit|Kingambit, M|100/100
|-damage|p2a: Kingambit|94/100|[from] Stealth Rock
|turn|26
|
|t:|1760321326
|-terastallize|p2a: Kingambit|Ghost
|move|p2a: Kingambit|Swords Dance|p2a: Kingambit
|-boost|p2a: Kingambit|atk|2
|cant|p1a: Goodra|par
|
|-heal|p2a: Kingambit|100/100|[from] move: Wish|[wisher] Alomomola
|-heal|p1a: Goodra|71/100 par|[from] item: Leftovers
|upkeep
|turn|27
|
|t:|1760321338
|move|p2a: Kingambit|Kowtow Cleave|p1a: Goodra
|-damage|p1a: Goodra|44/100 par
|move|p1a: Goodra|Knock Off|p2a: Kingambit
|-supereffective|p2a: Kingambit
|-damage|p2a: Kingambit|69/100
|-enditem|p2a: Kingambit|Black Glasses|[from] move: Knock Off|[of] p1a: Goodra
|
|-heal|p1a: Goodra|50/100 par|[from] item: Leftovers
|upkeep
|turn|28
|
|t:|1760321350
|move|p2a: Kingambit|Brick Break|p1a: Goodra
|-supereffective|p1a: Goodra
|-damage|p1a: Goodra|21/100 par
|move|p1a: Goodra|Draco Meteor|p2a: Kingambit
|-damage|p2a: Kingambit|26/100
|-unboost|p1a: Goodra|spa|2
|
|-heal|p1a: Goodra|27/100 par|[from] item: Leftovers
|upkeep
|turn|29
|
|t:|1760321362
|move|p2a: Kingambit|Kowtow Cleave|p1a: Goodra
|-damage|p1a: Goodra|3/100 par
|move|p1a: Goodra|Knock Off|p2a: Kingambit
|-supereffective|p2a: Kingambit
|-crit|p2a: Kingambit
|-damage|p2a: Kingambit|0 fnt
|faint|p2a: Kingambit
|
|-heal|p1a: Goodra|9/100 par|[from] item: Leftovers
|upkeep
|
|t:|1760321372
|switch|p2a: Landorus|Landorus-Therian, M|84/100
|-damage|p2a: Landorus|72/100|[from] Stealth Rock
|-ability|p2a: Landorus|Intimidate|boost
|-unboost|p1a: Goodra|atk|1
|turn|30
|
|t:|1760321378
|move|p2a: Landorus|Earthquake|p1a: Goodra
|-supereffective|p1a: Goodra
|-damage|p1a: Goodra|0 fnt
|faint|p1a: Goodra
|
|upkeep
|
|t:|1760321381
|switch|p1a: Raikou|Raikou|100/100
|-damage|p1a: Raikou|88/100|[from] Stealth Rock
|turn|31
|
|t:|1760321386
|move|p1a: Raikou|Scald|p2a: Landorus
|-supereffective|p2a: Landorus
|-damage|p2a: Landorus|0 fnt
|faint|p2a: Landorus
|
|upkeep
|
|t:|1760321401
|switch|p2a: Heatran|Heatran, M|47/100
|-damage|p2a: Heatran|35/100|[from] Stealth Rock
|turn|32
|
|t:|1760321407
|move|p1a: Raikou|Scald|p2a: Heatran
|-supereffective|p2a: Heatran
|-damage|p2a: Heatran|0 fnt
|faint|p2a: Heatran
|
|upkeep
|
|t:|1760321412
|switch|p2a: Zapdos|Zapdos|99/100
|-damage|p2a: Zapdos|74/100|[from] Stealth Rock
|turn|33
|
|t:|1760321417
|move|p1a: Raikou|Scald|p2a: Zapdos
|-damage|p2a: Zapdos|35/100
|move|p2a: Zapdos|Roost|p2a: Zapdos
|-heal|p2a: Zapdos|85/100
|-singleturn|p2a: Zapdos|move: Roost
|
|upkeep
|turn|34
|inactive|Battle timer is ON: inactive players will automatically lose when time's up. (requested by Patback279)
|
|t:|1760321428
|move|p1a: Raikou|Scald|p2a: Zapdos
|-damage|p2a: Zapdos|46/100
|move|p2a: Zapdos|Thunderbolt|p1a: Raikou
|-resisted|p1a: Raikou
|-damage|p1a: Raikou|70/100
|
|upkeep
|turn|35
|
|t:|1760321435
|move|p1a: Raikou|Scald|p2a: Zapdos
|-damage|p2a: Zapdos|6/100
|move|p2a: Zapdos|Roost|p2a: Zapdos
|-heal|p2a: Zapdos|56/100
|-singleturn|p2a: Zapdos|move: Roost
|
|upkeep
|turn|36
|
|t:|1760321442
|move|p1a: Raikou|Scald|p2a: Zapdos
|-damage|p2a: Zapdos|20/100
|move|p2a: Zapdos|Roost|p2a: Zapdos
|-heal|p2a: Zapdos|70/100
|-singleturn|p2a: Zapdos|move: Roost
|
|upkeep
|turn|37
|
|t:|1760321450
|move|p1a: Raikou|Scald|p2a: Zapdos
|-damage|p2a: Zapdos|30/100
|-status|p2a: Zapdos|brn
|move|p2a: Zapdos|Roost|p2a: Zapdos
|-heal|p2a: Zapdos|80/100 brn
|-singleturn|p2a: Zapdos|move: Roost
|
|-damage|p2a: Zapdos|74/100 brn|[from] brn
|upkeep
|turn|38
|-message|zwhao forfeited.
|
|win|Patback279
|raw|Patback279's rating: 1301 &rarr; <strong>1321</strong><br />(+20 for winning)
|raw|zwhao's rating: 1303 &rarr; <strong>1283</strong><br />(-20 for losing)
|l|☆zwhao
|player|p2|
|l|☆Patback279
|player|p1|
