|j|☆lRedl2024
|j|☆haoyue118
|t:|1760440637
|gametype|singles
|player|p1|lRedl2024|red|1275
|player|p2|haoyue118|169|1287
|gen|9
|tier|[Gen 9] OU
|rated|
|rule|HP Percentage Mod: HP is shown in percentages
|rule|Endless Battle Clause: Forcing endless battles is banned
|rule|Species Clause: Limit one of each Pokémon
|rule|OHKO Clause: OHKO moves are banned
|rule|Evasion Items Clause: Evasion items are banned
|rule|Evasion Moves Clause: Evasion moves are banned
|rule|Evasion Abilities Clause: Evasion abilities are banned
|rule|Sleep Moves Clause: Sleep-inducing moves are banned
|clearpoke
|poke|p1|Pelipper, F|
|poke|p1|Keldeo-Resolute|
|poke|p1|Zapdos|
|poke|p1|Iron Treads|
|poke|p1|Barraskewda, F|
|poke|p1|Kingdra, M|
|poke|p2|Glimmora, F|
|poke|p2|Iron Treads|
|poke|p2|Polteageist-Antique|
|poke|p2|Raging Bolt|
|poke|p2|Dragonite, F|
|poke|p2|Zamazenta-*|
|teampreview
|
|t:|1760440678
|teamsize|p1|6
|teamsize|p2|6
|start
|switch|p1a: Iron Treads|Iron Treads, shiny|100/100
|switch|p2a: Polteageist|Polteageist-Antique|100/100
|turn|1
|
|t:|1760440685
|move|p1a: Iron Treads|Knock Off|p2a: Polteageist
|-supereffective|p2a: Polteageist
|-enditem|p2a: Polteageist|Focus Sash
|-damage|p2a: Polteageist|1/100
|-ability|p2a: Polteageist|Weak Armor|boost
|-unboost|p2a: Polteageist|def|1
|-boost|p2a: Polteageist|spe|2
|move|p2a: Polteageist|Shell Smash|p2a: Polteageist
|-unboost|p2a: Polteageist|def|1
|-unboost|p2a: Polteageist|spd|1
|-boost|p2a: Polteageist|atk|2
|-boost|p2a: Polteageist|spa|2
|-boost|p2a: Polteageist|spe|2
|
|upkeep
|turn|2
|
|t:|1760440703
|move|p2a: Polteageist|Stored Power|p1a: Iron Treads
|-resisted|p1a: Iron Treads
|-damage|p1a: Iron Treads|0 fnt
|faint|p1a: Iron Treads
|-end|p1a: Iron Treads|Quark Drive|[silent]
|
|upkeep
|
|t:|1760440715
|switch|p1a: Pelipper|Pelipper, F|100/100
|-weather|RainDance|[from] ability: Drizzle|[of] p1a: Pelipper
|turn|3
|
|t:|1760440724
|move|p2a: Polteageist|Stored Power|p1a: Pelipper
|-damage|p1a: Pelipper|0 fnt
|faint|p1a: Pelipper
|
|-weather|RainDance|[upkeep]
|upkeep
|
|t:|1760440732
|switch|p1a: Barraskewda|Barraskewda, F, shiny|100/100
|turn|4
|
|t:|1760440744
|move|p1a: Barraskewda|Throat Chop|p2a: Polteageist
|-supereffective|p2a: Polteageist
|-damage|p2a: Polteageist|0 fnt
|faint|p2a: Polteageist
|-damage|p1a: Barraskewda|91/100|[from] item: Life Orb
|
|-weather|RainDance|[upkeep]
|upkeep
|
|t:|1760440750
|switch|p2a: Glimmora|Glimmora, F|100/100
|turn|5
|
|t:|1760440768
|switch|p1a: Kingdra|Kingdra, M|100/100
|move|p2a: Glimmora|Energy Ball|p1a: Kingdra
|-damage|p1a: Kingdra|59/100
|
|-weather|RainDance|[upkeep]
|upkeep
|turn|6
|
|t:|1760440774
|move|p1a: Kingdra|Weather Ball|p2a: Glimmora
|-supereffective|p2a: Glimmora
|-damage|p2a: Glimmora|0 fnt
|faint|p2a: Glimmora
|
|-weather|RainDance|[upkeep]
|upkeep
|
|t:|1760440782
|switch|p2a: Raging Bolt|Raging Bolt|100/100
|-enditem|p2a: Raging Bolt|Booster Energy
|-activate|p2a: Raging Bolt|ability: Protosynthesis|[fromitem]
|-start|p2a: Raging Bolt|protosynthesisspa
|turn|7
|
|t:|1760440788
|switch|p1a: Zapdos|Zapdos, shiny|100/100
|move|p2a: Raging Bolt|Thunderclap||[still]
|-fail|p2a: Raging Bolt
|
|-weather|RainDance|[upkeep]
|upkeep
|turn|8
|
|t:|1760440792
|move|p2a: Raging Bolt|Calm Mind|p2a: Raging Bolt
|-boost|p2a: Raging Bolt|spa|1
|-boost|p2a: Raging Bolt|spd|1
|move|p1a: Zapdos|Hurricane|p2a: Raging Bolt
|-resisted|p2a: Raging Bolt
|-damage|p2a: Raging Bolt|85/100
|-start|p2a: Raging Bolt|confusion
|
|-weather|RainDance|[upkeep]
|upkeep
|turn|9
|
|t:|1760440799
|-activate|p2a: Raging Bolt|confusion
|move|p2a: Raging Bolt|Calm Mind|p2a: Raging Bolt
|-boost|p2a: Raging Bolt|spa|1
|-boost|p2a: Raging Bolt|spd|1
|move|p1a: Zapdos|Hurricane|p2a: Raging Bolt
|-resisted|p2a: Raging Bolt
|-damage|p2a: Raging Bolt|74/100
|
|-weather|RainDance|[upkeep]
|upkeep
|turn|10
|
|t:|1760440805
|-activate|p2a: Raging Bolt|confusion
|move|p2a: Raging Bolt|Calm Mind|p2a: Raging Bolt
|-boost|p2a: Raging Bolt|spa|1
|-boost|p2a: Raging Bolt|spd|1
|move|p1a: Zapdos|Hurricane|p2a: Raging Bolt
|-resisted|p2a: Raging Bolt
|-damage|p2a: Raging Bolt|66/100
|
|-weather|none
|upkeep
|turn|11
|
|t:|1760440815
|-activate|p2a: Raging Bolt|confusion
|move|p2a: Raging Bolt|Calm Mind|p2a: Raging Bolt
|-boost|p2a: Raging Bolt|spa|1
|-boost|p2a: Raging Bolt|spd|1
|move|p1a: Zapdos|Hurricane|p2a: Raging Bolt
|-resisted|p2a: Raging Bolt
|-crit|p2a: Raging Bolt
|-damage|p2a: Raging Bolt|35/100
|
|upkeep
|turn|12
|
|t:|1760440823
|-end|p2a: Raging Bolt|confusion
|move|p2a: Raging Bolt|Thunderbolt|p1a: Zapdos
|-damage|p1a: Zapdos|0 fnt
|faint|p1a: Zapdos
|
|upkeep
|
|t:|1760440827
|switch|p1a: Barraskewda|Barraskewda, F, shiny|91/100
|turn|13
|
|t:|1760440830
|move|p2a: Raging Bolt|Thunderclap||[still]
|-fail|p2a: Raging Bolt
|move|p1a: Barraskewda|Substitute|p1a: Barraskewda
|-start|p1a: Barraskewda|Substitute
|-damage|p1a: Barraskewda|66/100
|
|upkeep
|turn|14
|
|t:|1760440837
|move|p1a: Barraskewda|Close Combat|p2a: Raging Bolt
|-damage|p2a: Raging Bolt|0 fnt
|-unboost|p1a: Barraskewda|def|1
|-unboost|p1a: Barraskewda|spd|1
|faint|p2a: Raging Bolt
|-end|p2a: Raging Bolt|Protosynthesis|[silent]
|-damage|p1a: Barraskewda|56/100|[from] item: Life Orb
|
|upkeep
|
|t:|1760440844
|switch|p2a: Zamazenta|Zamazenta|100/100
|-ability|p2a: Zamazenta|Dauntless Shield|boost
|-boost|p2a: Zamazenta|def|1
|turn|15
|
|t:|1760440850
|move|p2a: Zamazenta|Body Press|p1a: Barraskewda
|-end|p1a: Barraskewda|Substitute
|move|p1a: Barraskewda|Liquidation|p2a: Zamazenta
|-damage|p2a: Zamazenta|71/100
|-damage|p1a: Barraskewda|46/100|[from] item: Life Orb
|
|-heal|p2a: Zamazenta|77/100|[from] item: Leftovers
|upkeep
|turn|16
|
|t:|1760440862
|move|p2a: Zamazenta|Iron Defense|p2a: Zamazenta
|-boost|p2a: Zamazenta|def|2
|move|p1a: Barraskewda|Liquidation|p2a: Zamazenta
|-damage|p2a: Zamazenta|60/100
|-damage|p1a: Barraskewda|36/100|[from] item: Life Orb
|
|-heal|p2a: Zamazenta|66/100|[from] item: Leftovers
|upkeep
|turn|17
|
|t:|1760440867
|move|p2a: Zamazenta|Body Press|p1a: Barraskewda
|-damage|p1a: Barraskewda|0 fnt
|faint|p1a: Barraskewda
|
|-heal|p2a: Zamazenta|72/100|[from] item: Leftovers
|upkeep
|
|t:|1760440869
|switch|p1a: Kingdra|Kingdra, M|59/100
|turn|18
|
|t:|1760440873
|move|p2a: Zamazenta|Body Press|p1a: Kingdra
|-damage|p1a: Kingdra|0 fnt
|faint|p1a: Kingdra
|
|-heal|p2a: Zamazenta|79/100|[from] item: Leftovers
|upkeep
|
|t:|1760440875
|switch|p1a: Keldeo|Keldeo-Resolute|100/100
|turn|19
|
|t:|1760440884
|move|p2a: Zamazenta|Body Press|p1a: Keldeo
|-damage|p1a: Keldeo|0 fnt
|faint|p1a: Keldeo
|
|win|haoyue118
|raw|lRedl2024's rating: 1275 &rarr; <strong>1251</strong><br />(-24 for losing)
|raw|haoyue118's rating: 1287 &rarr; <strong>1311</strong><br />(+24 for winning)
|l|☆lRedl2024
|player|p1|
|l|☆haoyue118
|player|p2|
