|j|☆SirSleepy
|j|☆hoons
|t:|1760343692
|gametype|singles
|player|p1|SirSleepy|ltsurge|1534
|player|p2|hoons|102|1508
|gen|9
|tier|[Gen 9] OU
|rated|
|rule|HP Percentage Mod: HP is shown in percentages
|rule|Endless Battle Clause: Forcing endless battles is banned
|rule|Species Clause: Limit one of each Pokémon
|rule|OHKO Clause: OHKO moves are banned
|rule|Evasion Items Clause: Evasion items are banned
|rule|Evasion Moves Clause: Evasion moves are banned
|rule|Evasion Abilities Clause: Evasion abilities are banned
|rule|Sleep Moves Clause: Sleep-inducing moves are banned
|clearpoke
|poke|p1|Scizor, M|
|poke|p1|Tornadus-Therian, M|
|poke|p1|Zamazenta-*|
|poke|p1|Garganacl, F|
|poke|p1|Alomomola, F|
|poke|p1|Darkrai|
|poke|p2|Cinderace, F|
|poke|p2|Raging Bolt|
|poke|p2|Zamazenta-*|
|poke|p2|Ogerpon-Cornerstone, F|
|poke|p2|Kingambit, F|
|poke|p2|Enamorus, F|
|teampreview
|inactive|Battle timer is ON: inactive players will automatically lose when time's up. (requested by SirSleepy)
|
|t:|1760343715
|teamsize|p1|6
|teamsize|p2|6
|start
|switch|p1a: Mihawk|Tornadus-Therian, M|100/100
|switch|p2a: Enamorus|Enamorus, F|100/100
|turn|1
|
|t:|1760343721
|move|p2a: Enamorus|Moonblast|p1a: Mihawk
|-damage|p1a: Mihawk|60/100
|-unboost|p1a: Mihawk|spa|1
|move|p1a: Mihawk|Knock Off|p2a: Enamorus
|-resisted|p2a: Enamorus
|-damage|p2a: Enamorus|84/100
|-enditem|p2a: Enamorus|Choice Scarf|[from] move: Knock Off|[of] p1a: Mihawk
|
|upkeep
|turn|2
|
|t:|1760343729
|move|p1a: Mihawk|Bleakwind Storm|p2a: Enamorus
|-damage|p2a: Enamorus|46/100
|move|p2a: Enamorus|Moonblast|p1a: Mihawk
|-damage|p1a: Mihawk|25/100
|
|upkeep
|turn|3
|
|t:|1760343742
|switch|p2a: Cinderace|Cinderace, F|100/100
|-terastallize|p1a: Mihawk|Steel
|move|p1a: Mihawk|Bleakwind Storm|p2a: Cinderace
|-damage|p2a: Cinderace|70/100
|
|upkeep
|turn|4
|
|t:|1760343749
|move|p1a: Mihawk|U-turn|p2a: Cinderace
|-resisted|p2a: Cinderace
|-damage|p2a: Cinderace|60/100
|
|t:|1760343752
|switch|p1a: Halibut|Alomomola, F|100/100|[from] U-turn
|move|p2a: Cinderace|U-turn|p1a: Halibut
|-damage|p1a: Halibut|90/100
|
|t:|1760343768
|switch|p2a: Raging Bolt|Raging Bolt|100/100|[from] U-turn
|
|upkeep
|turn|5
|
|t:|1760343781
|switch|p1a: Dwayne|Garganacl, F|100/100
|move|p2a: Raging Bolt|Calm Mind|p2a: Raging Bolt
|-boost|p2a: Raging Bolt|spa|1
|-boost|p2a: Raging Bolt|spd|1
|
|upkeep
|turn|6
|
|t:|1760343787
|move|p2a: Raging Bolt|Thunderbolt|p1a: Dwayne
|-damage|p1a: Dwayne|51/100
|move|p1a: Dwayne|Salt Cure|p2a: Raging Bolt
|-damage|p2a: Raging Bolt|91/100
|-start|p2a: Raging Bolt|Salt Cure
|
|-heal|p2a: Raging Bolt|97/100|[from] item: Leftovers
|-heal|p1a: Dwayne|58/100|[from] item: Leftovers
|-damage|p2a: Raging Bolt|85/100|[from] Salt Cure
|upkeep
|turn|7
|
|t:|1760343796
|move|p2a: Raging Bolt|Calm Mind|p2a: Raging Bolt
|-boost|p2a: Raging Bolt|spa|1
|-boost|p2a: Raging Bolt|spd|1
|move|p1a: Dwayne|Recover|p1a: Dwayne
|-heal|p1a: Dwayne|100/100
|
|-heal|p2a: Raging Bolt|91/100|[from] item: Leftovers
|-damage|p2a: Raging Bolt|79/100|[from] Salt Cure
|upkeep
|turn|8
|
|t:|1760343806
|move|p2a: Raging Bolt|Thunderbolt|p1a: Dwayne
|-damage|p1a: Dwayne|39/100
|move|p1a: Dwayne|Salt Cure|p2a: Raging Bolt
|-damage|p2a: Raging Bolt|69/100
|
|-heal|p2a: Raging Bolt|75/100|[from] item: Leftovers
|-heal|p1a: Dwayne|46/100|[from] item: Leftovers
|-damage|p2a: Raging Bolt|62/100|[from] Salt Cure
|upkeep
|turn|9
|
|t:|1760343814
|move|p1a: Dwayne|Protect|p1a: Dwayne
|-singleturn|p1a: Dwayne|Protect
|move|p2a: Raging Bolt|Thunderbolt|p1a: Dwayne
|-activate|p1a: Dwayne|move: Protect
|
|-heal|p2a: Raging Bolt|69/100|[from] item: Leftovers
|-heal|p1a: Dwayne|52/100|[from] item: Leftovers
|-damage|p2a: Raging Bolt|56/100|[from] Salt Cure
|upkeep
|turn|10
|
|t:|1760343825
|switch|p1a: Mihawk|Tornadus-Therian, M, tera:Steel|58/100
|move|p2a: Raging Bolt|Thunderbolt|p1a: Mihawk
|-damage|p1a: Mihawk|0 fnt
|faint|p1a: Mihawk
|
|-heal|p2a: Raging Bolt|62/100|[from] item: Leftovers
|-damage|p2a: Raging Bolt|50/100|[from] Salt Cure
|upkeep
|
|t:|1760343837
|switch|p1a: Inuyasha|Zamazenta|100/100
|-ability|p1a: Inuyasha|Dauntless Shield|boost
|-boost|p1a: Inuyasha|def|1
|turn|11
|
|t:|1760343843
|-terastallize|p2a: Raging Bolt|Bug
|move|p1a: Inuyasha|Play Rough|p2a: Raging Bolt
|-damage|p2a: Raging Bolt|31/100
|move|p2a: Raging Bolt|Thunderbolt|p1a: Inuyasha
|-damage|p1a: Inuyasha|19/100
|
|-heal|p2a: Raging Bolt|37/100|[from] item: Leftovers
|-damage|p2a: Raging Bolt|25/100|[from] Salt Cure
|upkeep
|turn|12
|
|t:|1760343852
|switch|p1a: Firefly|Scizor, M|100/100
|move|p2a: Raging Bolt|Thunderclap||[still]
|-fail|p2a: Raging Bolt
|
|-heal|p2a: Raging Bolt|31/100|[from] item: Leftovers
|-damage|p2a: Raging Bolt|18/100|[from] Salt Cure
|upkeep
|turn|13
|
|t:|1760343860
|move|p1a: Firefly|Bullet Punch|p2a: Raging Bolt
|-damage|p2a: Raging Bolt|0 fnt
|faint|p2a: Raging Bolt
|-end|p2a: Raging Bolt|Protosynthesis|[silent]
|
|upkeep
|
|t:|1760343865
|switch|p2a: Cinderace|Cinderace, F|60/100
|turn|14
|
|t:|1760343869
|switch|p1a: Halibut|Alomomola, F|100/100
|move|p2a: Cinderace|U-turn|p1a: Halibut
|-damage|p1a: Halibut|89/100
|
|t:|1760343873
|switch|p2a: Ogerpon|Ogerpon-Cornerstone, F|100/100|[from] U-turn
|
|upkeep
|turn|15
|
|t:|1760343883
|move|p2a: Ogerpon|Ivy Cudgel|p1a: Halibut|[anim] Ivy Cudgel Rock
|-damage|p1a: Halibut|61/100
|move|p1a: Halibut|Flip Turn|p2a: Ogerpon
|-damage|p2a: Ogerpon|82/100
|
|t:|1760343891
|switch|p1a: Inuyasha|Zamazenta|19/100|[from] Flip Turn
|
|upkeep
|turn|16
|
|t:|1760343896
|switch|p2a: Zamazenta|Zamazenta, shiny|100/100
|-ability|p2a: Zamazenta|Dauntless Shield|boost
|-boost|p2a: Zamazenta|def|1
|move|p1a: Inuyasha|Close Combat|p2a: Zamazenta
|-damage|p2a: Zamazenta|62/100
|-unboost|p1a: Inuyasha|def|1
|-unboost|p1a: Inuyasha|spd|1
|
|upkeep
|turn|17
|
|t:|1760343905
|switch|p1a: Halibut|Alomomola, F|94/100
|move|p2a: Zamazenta|Close Combat|p1a: Halibut
|-crit|p1a: Halibut
|-damage|p1a: Halibut|38/100
|-unboost|p2a: Zamazenta|def|1
|-unboost|p2a: Zamazenta|spd|1
|
|upkeep
|turn|18
|
|t:|1760343917
|move|p2a: Zamazenta|Close Combat|p1a: Halibut
|-damage|p1a: Halibut|4/100
|-unboost|p2a: Zamazenta|def|1
|-unboost|p2a: Zamazenta|spd|1
|move|p1a: Halibut|Flip Turn|p2a: Zamazenta
|-damage|p2a: Zamazenta|41/100
|
|t:|1760343927
|switch|p1a: Firefly|Scizor, M|100/100|[from] Flip Turn
|
|upkeep
|turn|19
|
|t:|1760343937
|switch|p2a: Kingambit|Kingambit, F|100/100
|-activate|p2a: Kingambit|ability: Supreme Overlord
|-start|p2a: Kingambit|fallen1|[silent]
|-item|p2a: Kingambit|Air Balloon
|move|p1a: Firefly|Bullet Punch|p2a: Kingambit
|-resisted|p2a: Kingambit
|-damage|p2a: Kingambit|85/100
|-enditem|p2a: Kingambit|Air Balloon
|
|upkeep
|turn|20
|
|t:|1760343946
|move|p2a: Kingambit|Kowtow Cleave|p1a: Firefly
|-damage|p1a: Firefly|41/100
|move|p1a: Firefly|Close Combat|p2a: Kingambit
|-supereffective|p2a: Kingambit
|-damage|p2a: Kingambit|0 fnt
|-unboost|p1a: Firefly|def|1
|-unboost|p1a: Firefly|spd|1
|faint|p2a: Kingambit
|-end|p2a: Kingambit|fallen1|[silent]
|
|-heal|p1a: Firefly|47/100|[from] item: Leftovers
|upkeep
|
|t:|1760343950
|switch|p2a: Cinderace|Cinderace, F|60/100
|turn|21
|
|t:|1760343957
|switch|p1a: Halibut|Alomomola, F|38/100
|move|p2a: Cinderace|U-turn|p1a: Halibut
|-damage|p1a: Halibut|28/100
|
|t:|1760343961
|switch|p2a: Ogerpon|Ogerpon-Cornerstone, F|82/100|[from] U-turn
|
|upkeep
|turn|22
|
|t:|1760343965
|switch|p1a: Dwayne|Garganacl, F|52/100
|move|p2a: Ogerpon|Horn Leech|p1a: Dwayne
|-supereffective|p1a: Dwayne
|-damage|p1a: Dwayne|0 fnt
|-heal|p2a: Ogerpon|100/100|[from] drain|[of] p1a: Dwayne
|faint|p1a: Dwayne
|
|upkeep
|
|t:|1760343972
|switch|p1a: Firefly|Scizor, M|47/100
|turn|23
|
|t:|1760343978
|move|p2a: Ogerpon|Ivy Cudgel|p1a: Firefly|[anim] Ivy Cudgel Rock
|-damage|p1a: Firefly|0 fnt
|faint|p1a: Firefly
|
|upkeep
|
|t:|1760343984
|switch|p1a: Kuro|Darkrai|100/100
|turn|24
|
|t:|1760343989
|move|p1a: Kuro|Sludge Bomb|p2a: Ogerpon
|-crit|p2a: Ogerpon
|-damage|p2a: Ogerpon|43/100
|move|p2a: Ogerpon|Ivy Cudgel|p1a: Kuro|[anim] Ivy Cudgel Rock
|-damage|p1a: Kuro|25/100
|
|upkeep
|turn|25
|
|t:|1760343995
|move|p1a: Kuro|Sludge Bomb|p2a: Ogerpon
|-damage|p2a: Ogerpon|8/100
|move|p2a: Ogerpon|Horn Leech|p1a: Kuro
|-damage|p1a: Kuro|0 fnt
|-heal|p2a: Ogerpon|20/100|[from] drain|[of] p1a: Kuro
|faint|p1a: Kuro
|
|upkeep
|
|t:|1760344003
|switch|p1a: Inuyasha|Zamazenta|19/100
|turn|26
|
|t:|1760344010
|switch|p2a: Enamorus|Enamorus, F|46/100
|move|p1a: Inuyasha|Stone Edge|p2a: Enamorus
|-supereffective|p2a: Enamorus
|-damage|p2a: Enamorus|0 fnt
|faint|p2a: Enamorus
|
|upkeep
|
|t:|1760344013
|switch|p2a: Zamazenta|Zamazenta, shiny|41/100
|turn|27
|
|t:|1760344018
|switch|p1a: Halibut|Alomomola, F|62/100
|move|p2a: Zamazenta|Close Combat|p1a: Halibut
|-damage|p1a: Halibut|26/100
|-unboost|p2a: Zamazenta|def|1
|-unboost|p2a: Zamazenta|spd|1
|
|upkeep
|turn|28
|
|t:|1760344027
|move|p2a: Zamazenta|Close Combat|p1a: Halibut
|-damage|p1a: Halibut|0 fnt
|-unboost|p2a: Zamazenta|def|1
|-unboost|p2a: Zamazenta|spd|1
|faint|p1a: Halibut
|
|upkeep
|
|t:|1760344033
|switch|p1a: Inuyasha|Zamazenta|19/100
|turn|29
|
|t:|1760344035
|switch|p2a: Ogerpon|Ogerpon-Cornerstone, F|20/100
|move|p1a: Inuyasha|Close Combat|p2a: Ogerpon
|-supereffective|p2a: Ogerpon
|-damage|p2a: Ogerpon|0 fnt
|-unboost|p1a: Inuyasha|def|1
|-unboost|p1a: Inuyasha|spd|1
|faint|p2a: Ogerpon
|
|upkeep
|
|t:|1760344042
|switch|p2a: Cinderace|Cinderace, F|60/100
|turn|30
|
|t:|1760344045
|move|p1a: Inuyasha|Close Combat|p2a: Cinderace
|-damage|p2a: Cinderace|0 fnt
|-unboost|p1a: Inuyasha|def|1
|-unboost|p1a: Inuyasha|spd|1
|faint|p2a: Cinderace
|
|upkeep
|
|t:|1760344047
|switch|p2a: Zamazenta|Zamazenta, shiny|41/100
|turn|31
|
|t:|1760344052
|move|p1a: Inuyasha|Close Combat|p2a: Zamazenta
|-damage|p2a: Zamazenta|0 fnt
|-unboost|p1a: Inuyasha|def|1
|-unboost|p1a: Inuyasha|spd|1
|faint|p2a: Zamazenta
|
|win|SirSleepy
|raw|SirSleepy's rating: 1534 &rarr; <strong>1553</strong><br />(+19 for winning)
|raw|hoons's rating: 1508 &rarr; <strong>1489</strong><br />(-19 for losing)
|l|☆hoons
|player|p2|
|l|☆SirSleepy
|player|p1|
