|j|☆jsk69
|j|☆captainnawhal
|t:|1760330161
|gametype|singles
|player|p1|jsk69|2|1387
|player|p2|captainnawhal|1|1335
|gen|9
|tier|[Gen 9] OU
|rated|
|rule|HP Percentage Mod: HP is shown in percentages
|rule|Endless Battle Clause: Forcing endless battles is banned
|rule|Species Clause: Limit one of each Pokémon
|rule|OHKO Clause: OHKO moves are banned
|rule|Evasion Items Clause: Evasion items are banned
|rule|Evasion Moves Clause: Evasion moves are banned
|rule|Evasion Abilities Clause: Evasion abilities are banned
|rule|Sleep Moves Clause: Sleep-inducing moves are banned
|clearpoke
|poke|p1|Gholdengo|
|poke|p1|Moltres|
|poke|p1|Zamazenta-*|
|poke|p1|Great Tusk|
|poke|p1|Quaquaval, F|
|poke|p1|Latias, F|
|poke|p2|Iron Boulder|
|poke|p2|Garganacl, F|
|poke|p2|Minior-Orange|
|poke|p2|Excadrill, F|
|poke|p2|Tyranitar, F|
|poke|p2|Palossand, F|
|teampreview
|inactive|Battle timer is ON: inactive players will automatically lose when time's up. (requested by captainnawhal)
|
|t:|1760330178
|teamsize|p1|6
|teamsize|p2|6
|start
|switch|p1a: Great Tusk|Great Tusk|100/100
|switch|p2a: Minior|Minior-Orange|100/100
|-formechange|p2a: Minior|Minior-Meteor||[from] ability: Shields Down
|turn|1
|
|t:|1760330189
|move|p1a: Great Tusk|Knock Off|p2a: Minior
|-damage|p2a: Minior|71/100
|-enditem|p2a: Minior|Aguav Berry|[from] move: Knock Off|[of] p1a: Great Tusk
|move|p2a: Minior|Shell Smash|p2a: Minior
|-unboost|p2a: Minior|def|1
|-unboost|p2a: Minior|spd|1
|-boost|p2a: Minior|atk|2
|-boost|p2a: Minior|spa|2
|-boost|p2a: Minior|spe|2
|
|upkeep
|turn|2
|
|t:|1760330201
|move|p2a: Minior|Cosmic Power|p2a: Minior
|-boost|p2a: Minior|def|1
|-boost|p2a: Minior|spd|1
|move|p1a: Great Tusk|Stealth Rock|p2a: Minior
|-sidestart|p2: captainnawhal|move: Stealth Rock
|
|upkeep
|turn|3
|
|t:|1760330209
|move|p2a: Minior|Cosmic Power|p2a: Minior
|-boost|p2a: Minior|def|1
|-boost|p2a: Minior|spd|1
|move|p1a: Great Tusk|Ice Spinner|p2a: Minior
|-supereffective|p2a: Minior
|-damage|p2a: Minior|40/100
|
|-formechange|p2a: Minior|Minior-Orange||[from] ability: Shields Down
|upkeep
|turn|4
|
|t:|1760330218
|move|p2a: Minior|Acrobatics|p1a: Great Tusk
|-supereffective|p1a: Great Tusk
|-damage|p1a: Great Tusk|9/100
|move|p1a: Great Tusk|Ice Spinner|p2a: Minior
|-supereffective|p2a: Minior
|-damage|p2a: Minior|0 fnt
|faint|p2a: Minior
|
|-heal|p1a: Great Tusk|15/100|[from] item: Leftovers
|upkeep
|
|t:|1760330226
|switch|p2a: Tyranitar|Tyranitar, F|100/100
|-damage|p2a: Tyranitar|88/100|[from] Stealth Rock
|-weather|Sandstorm|[from] ability: Sand Stream|[of] p2a: Tyranitar
|turn|5
|
|t:|1760330231
|switch|p2a: Excadrill|Excadrill, F|100/100
|-damage|p2a: Excadrill|97/100|[from] Stealth Rock
|-item|p2a: Excadrill|Air Balloon
|move|p1a: Great Tusk|Knock Off|p2a: Excadrill
|-damage|p2a: Excadrill|59/100
|-enditem|p2a: Excadrill|Air Balloon
|
|-weather|Sandstorm|[upkeep]
|-heal|p1a: Great Tusk|22/100|[from] item: Leftovers
|upkeep
|turn|6
|
|t:|1760330238
|move|p2a: Excadrill|Iron Head|p1a: Great Tusk
|-damage|p1a: Great Tusk|0 fnt
|faint|p1a: Great Tusk
|-end|p1a: Great Tusk|Protosynthesis|[silent]
|
|-weather|Sandstorm|[upkeep]
|upkeep
|
|t:|1760330250
|switch|p1a: Quaquaval|Quaquaval, F|100/100
|turn|7
|
|t:|1760330255
|switch|p2a: Palossand|Palossand, F|100/100
|-damage|p2a: Palossand|94/100|[from] Stealth Rock
|move|p1a: Quaquaval|Aqua Step|p2a: Palossand
|-supereffective|p2a: Palossand
|-damage|p2a: Palossand|14/100
|-boost|p1a: Quaquaval|spe|1
|-ability|p2a: Palossand|Water Compaction|boost
|-boost|p2a: Palossand|def|2
|
|-weather|Sandstorm|[upkeep]
|-damage|p1a: Quaquaval|94/100|[from] Sandstorm
|-heal|p2a: Palossand|20/100|[from] item: Leftovers
|upkeep
|turn|8
|
|t:|1760330270
|move|p1a: Quaquaval|Aqua Step|p2a: Palossand
|-supereffective|p2a: Palossand
|-damage|p2a: Palossand|0 fnt
|-boost|p1a: Quaquaval|spe|1
|faint|p2a: Palossand
|-ability|p1a: Quaquaval|Moxie|boost
|-boost|p1a: Quaquaval|atk|1
|
|-weather|Sandstorm|[upkeep]
|-damage|p1a: Quaquaval|88/100|[from] Sandstorm
|upkeep
|
|t:|1760330282
|switch|p2a: Excadrill|Excadrill, F|59/100
|-damage|p2a: Excadrill|56/100|[from] Stealth Rock
|turn|9
|
|t:|1760330291
|move|p2a: Excadrill|Rapid Spin|p1a: Quaquaval
|-damage|p1a: Quaquaval|62/100
|-boost|p2a: Excadrill|spe|1
|-sideend|p2: captainnawhal|Stealth Rock|[from] move: Rapid Spin|[of] p2a: Excadrill
|move|p1a: Quaquaval|Aqua Step|p2a: Excadrill
|-supereffective|p2a: Excadrill
|-damage|p2a: Excadrill|0 fnt
|-boost|p1a: Quaquaval|spe|1
|faint|p2a: Excadrill
|-ability|p1a: Quaquaval|Moxie|boost
|-boost|p1a: Quaquaval|atk|1
|
|-weather|Sandstorm|[upkeep]
|-damage|p1a: Quaquaval|55/100|[from] Sandstorm
|upkeep
|
|t:|1760330304
|switch|p2a: Iron Boulder|Iron Boulder|100/100
|-enditem|p2a: Iron Boulder|Booster Energy
|-activate|p2a: Iron Boulder|ability: Quark Drive|[fromitem]
|-start|p2a: Iron Boulder|quarkdrivespe
|turn|10
|
|t:|1760330315
|-terastallize|p1a: Quaquaval|Water
|-terastallize|p2a: Iron Boulder|Flying
|move|p1a: Quaquaval|Aqua Step|p2a: Iron Boulder
|-damage|p2a: Iron Boulder|0 fnt
|-boost|p1a: Quaquaval|spe|1
|faint|p2a: Iron Boulder
|-end|p2a: Iron Boulder|Quark Drive|[silent]
|-ability|p1a: Quaquaval|Moxie|boost
|-boost|p1a: Quaquaval|atk|1
|
|-weather|Sandstorm|[upkeep]
|-damage|p1a: Quaquaval|49/100|[from] Sandstorm
|upkeep
|-message|captainnawhal forfeited.
|
|win|jsk69
|raw|jsk69's rating: 1387 &rarr; <strong>1404</strong><br />(+17 for winning)
|raw|captainnawhal's rating: 1335 &rarr; <strong>1318</strong><br />(-17 for losing)
|l|☆captainnawhal
|player|p2|
|l|☆jsk69
|player|p1|
