|j|☆SillyScallop
|j|☆0rlandont
|t:|1760380522
|gametype|singles
|player|p1|SillyScallop|maid|1486
|player|p2|0rlandont|blue|1421
|gen|9
|tier|[Gen 9] OU
|rated|
|rule|HP Percentage Mod: HP is shown in percentages
|rule|Endless Battle Clause: Forcing endless battles is banned
|rule|Species Clause: Limit one of each Pokémon
|rule|OHKO Clause: OHKO moves are banned
|rule|Evasion Items Clause: Evasion items are banned
|rule|Evasion Moves Clause: Evasion moves are banned
|rule|Evasion Abilities Clause: Evasion abilities are banned
|rule|Sleep Moves Clause: Sleep-inducing moves are banned
|clearpoke
|poke|p1|Zamazenta-*|
|poke|p1|Cinderace, F|
|poke|p1|Slowking-Galar, M|
|poke|p1|Corviknight, F|
|poke|p1|Ting-Lu|
|poke|p1|Kyurem|
|poke|p2|Cinderace, M|
|poke|p2|Meowscarada, F|
|poke|p2|Gholdengo|
|poke|p2|Iron Valiant|
|poke|p2|Walking Wake|
|poke|p2|Iron Hands|
|teampreview
|inactive|Battle timer is ON: inactive players will automatically lose when time's up. (requested by SillyScallop)
|
|t:|1760380540
|teamsize|p1|6
|teamsize|p2|6
|start
|switch|p1a: Cinderace|Cinderace, F|100/100
|switch|p2a: Stand Proud|Cinderace, M|100/100
|turn|1
|
|t:|1760380545
|move|p2a: Stand Proud|High Jump Kick|p1a: Cinderace
|-start|p2a: Stand Proud|typechange|Fighting|[from] ability: Libero
|-damage|p1a: Cinderace|18/100
|move|p1a: Cinderace|U-turn|p2a: Stand Proud
|-resisted|p2a: Stand Proud
|-damage|p2a: Stand Proud|86/100
|inactive|SillyScallop has 120 seconds left.
|
|t:|1760380583
|switch|p1a: Slowking|Slowking-Galar, M|100/100|[from] U-turn
|
|upkeep
|turn|2
|
|t:|1760380587
|switch|p2a: Gholdengoat|Gholdengo|100/100
|-prepare|p1a: Slowking|Chilly Reception|[premajor]
|move|p1a: Slowking|Chilly Reception|p1a: Slowking
|-weather|Snowscape
|
|t:|1760380592
|switch|p1a: Ting-Lu|Ting-Lu|100/100|[from] Chilly Reception
|-ability|p1a: Ting-Lu|Vessel of Ruin
|
|-weather|Snowscape|[upkeep]
|upkeep
|turn|3
|
|t:|1760380596
|switch|p2a: You're Strong|Walking Wake|100/100
|move|p1a: Ting-Lu|Payback|p2a: You're Strong
|-damage|p2a: You're Strong|81/100
|
|-weather|Snowscape|[upkeep]
|upkeep
|turn|4
|
|t:|1760380604
|-end|p2a: You're Strong|Protosynthesis|[silent]
|switch|p2a: Stand Proud|Cinderace, M|86/100
|move|p1a: Ting-Lu|Earthquake|p2a: Stand Proud
|-supereffective|p2a: Stand Proud
|-damage|p2a: Stand Proud|0 fnt
|faint|p2a: Stand Proud
|
|-weather|Snowscape|[upkeep]
|upkeep
|
|t:|1760380610
|switch|p2a: You're Strong|Walking Wake|81/100
|turn|5
|inactive|SillyScallop has 120 seconds left.
|
|t:|1760380649
|move|p2a: You're Strong|Hydro Steam|p1a: Ting-Lu
|-supereffective|p1a: Ting-Lu
|-damage|p1a: Ting-Lu|59/100
|-damage|p2a: You're Strong|71/100|[from] item: Life Orb
|move|p1a: Ting-Lu|Earthquake|p2a: You're Strong
|-damage|p2a: You're Strong|28/100
|
|-weather|Snowscape|[upkeep]
|-heal|p1a: Ting-Lu|65/100|[from] item: Leftovers
|upkeep
|turn|6
|
|t:|1760380666
|move|p2a: You're Strong|Hydro Steam|p1a: Ting-Lu
|-supereffective|p1a: Ting-Lu
|-damage|p1a: Ting-Lu|24/100
|-damage|p2a: You're Strong|18/100|[from] item: Life Orb
|move|p1a: Ting-Lu|Rest|p1a: Ting-Lu
|-status|p1a: Ting-Lu|slp|[from] move: Rest
|-heal|p1a: Ting-Lu|100/100 slp|[silent]
|
|-weather|none
|upkeep
|turn|7
|
|t:|1760380671
|move|p2a: You're Strong|Hydro Steam|p1a: Ting-Lu
|-supereffective|p1a: Ting-Lu
|-damage|p1a: Ting-Lu|59/100 slp
|-damage|p2a: You're Strong|8/100|[from] item: Life Orb
|cant|p1a: Ting-Lu|slp
|move|p1a: Ting-Lu|Sleep Talk|p1a: Ting-Lu
|move|p1a: Ting-Lu|Payback|p2a: You're Strong|[from] move: Sleep Talk
|-damage|p2a: You're Strong|0 fnt
|faint|p2a: You're Strong
|-end|p2a: You're Strong|Protosynthesis|[silent]
|
|-heal|p1a: Ting-Lu|66/100 slp|[from] item: Leftovers
|upkeep
|
|t:|1760380691
|switch|p2a: The Strongest|Iron Hands|100/100
|turn|8
|inactive|SillyScallop has 120 seconds left.
|
|t:|1760380733
|switch|p1a: Slowking|Slowking-Galar, M|100/100
|move|p2a: The Strongest|Drain Punch|p1a: Slowking
|-resisted|p1a: Slowking
|-damage|p1a: Slowking|92/100
|
|upkeep
|turn|9
|
|t:|1760380737
|move|p2a: The Strongest|Earthquake|p1a: Slowking
|-supereffective|p1a: Slowking
|-enditem|p1a: Slowking|Shuca Berry|[eat]
|-enditem|p1a: Slowking|Shuca Berry|[weaken]
|-damage|p1a: Slowking|61/100
|move|p1a: Slowking|Future Sight|p2a: The Strongest
|-start|p1a: Slowking|move: Future Sight
|
|upkeep
|turn|10
|
|t:|1760380759
|switch|p1a: Corviknight|Corviknight, F|100/100
|-ability|p1a: Corviknight|Pressure
|move|p2a: The Strongest|Drain Punch|p1a: Corviknight
|-damage|p1a: Corviknight|72/100
|-damage|p2a: The Strongest|84/100|[from] item: Rocky Helmet|[of] p1a: Corviknight
|
|upkeep
|turn|11
|
|t:|1760380765
|-end|p2a: The Strongest|Quark Drive|[silent]
|switch|p2a: Gholdengoat|Gholdengo|100/100
|move|p1a: Corviknight|Iron Defense|p1a: Corviknight
|-boost|p1a: Corviknight|def|2
|
|-end|p2a: Gholdengoat|move: Future Sight
|-resisted|p2a: Gholdengoat
|-damage|p2a: Gholdengoat|76/100
|upkeep
|turn|12
|
|t:|1760380787
|switch|p1a: Ting-Lu|Ting-Lu|66/100 slp
|-ability|p1a: Ting-Lu|Vessel of Ruin
|move|p2a: Gholdengoat|Thunderbolt|p1a: Ting-Lu
|-immune|p1a: Ting-Lu
|
|-heal|p1a: Ting-Lu|72/100 slp|[from] item: Leftovers
|upkeep
|turn|13
|
|t:|1760380795
|switch|p2a: I'm You|Meowscarada, F|100/100
|cant|p1a: Ting-Lu|slp
|
|-heal|p1a: Ting-Lu|78/100 slp|[from] item: Leftovers
|upkeep
|turn|14
|
|t:|1760380812
|switch|p1a: Corviknight|Corviknight, F|72/100
|-ability|p1a: Corviknight|Pressure
|move|p2a: I'm You|Flower Trick|p1a: Corviknight
|-start|p2a: I'm You|typechange|Grass|[from] ability: Protean
|-resisted|p1a: Corviknight
|-crit|p1a: Corviknight
|-damage|p1a: Corviknight|64/100
|
|upkeep
|turn|15
|-message|0rlandont forfeited.
|
|win|SillyScallop
|raw|SillyScallop's rating: 1486 &rarr; <strong>1502</strong><br />(+16 for winning)
|raw|0rlandont's rating: 1421 &rarr; <strong>1405</strong><br />(-16 for losing)
|l|☆0rlandont
|player|p2|
