|j|☆Stompe
|j|☆jojonotsuck
|t:|1760462123
|gametype|singles
|player|p1|Stompe|169|1608
|player|p2|jojonotsuck|skullgrunt|1599
|gen|9
|tier|[Gen 9] OU
|rated|
|rule|HP Percentage Mod: HP is shown in percentages
|rule|Endless Battle Clause: Forcing endless battles is banned
|rule|Species Clause: Limit one of each Pokémon
|rule|OHKO Clause: OHKO moves are banned
|rule|Evasion Items Clause: Evasion items are banned
|rule|Evasion Moves Clause: Evasion moves are banned
|rule|Evasion Abilities Clause: Evasion abilities are banned
|rule|Sleep Moves Clause: Sleep-inducing moves are banned
|clearpoke
|poke|p1|Zamazenta-*|
|poke|p1|Pecharunt|
|poke|p1|Darkrai|
|poke|p1|Blaziken, M|
|poke|p1|Scream Tail|
|poke|p1|Cresselia, F|
|poke|p2|Excadrill, M|
|poke|p2|Tyranitar, F|
|poke|p2|Tinkaton, F|
|poke|p2|Sinistcha|
|poke|p2|Moltres|
|poke|p2|Ogerpon-Wellspring, F|
|teampreview
|
|t:|1760462145
|teamsize|p1|6
|teamsize|p2|6
|start
|switch|p1a: Scream Tail|Scream Tail|100/100
|switch|p2a: Tinkaton|Tinkaton, F|100/100
|-ability|p2a: Tinkaton|Mold Breaker
|-item|p2a: Tinkaton|Air Balloon
|turn|1
|
|t:|1760462152
|move|p2a: Tinkaton|Stealth Rock|p1a: Scream Tail
|-sidestart|p1: Stompe|move: Stealth Rock
|move|p1a: Scream Tail|Thunder Wave|p2a: Tinkaton
|-status|p2a: Tinkaton|par
|
|upkeep
|turn|2
|
|t:|1760462162
|-end|p1a: Scream Tail|Protosynthesis|[silent]
|switch|p1a: Pecharunt|Pecharunt|100/100
|-damage|p1a: Pecharunt|88/100|[from] Stealth Rock
|move|p2a: Tinkaton|Thunder Wave|p1a: Pecharunt|[miss]
|-miss|p2a: Tinkaton|p1a: Pecharunt
|
|upkeep
|turn|3
|
|t:|1760462171
|move|p1a: Pecharunt|Nasty Plot|p1a: Pecharunt
|-boost|p1a: Pecharunt|spa|2
|cant|p2a: Tinkaton|par
|
|upkeep
|turn|4
|
|t:|1760462175
|move|p1a: Pecharunt|Hex|p2a: Tinkaton
|-damage|p2a: Tinkaton|41/100 par
|-enditem|p2a: Tinkaton|Air Balloon
|move|p2a: Tinkaton|Encore|p1a: Pecharunt
|-start|p1a: Pecharunt|Encore
|
|upkeep
|turn|5
|
|t:|1760462179
|switch|p2a: Tyranitar|Tyranitar, F|100/100
|-weather|Sandstorm|[from] ability: Sand Stream|[of] p2a: Tyranitar
|move|p1a: Pecharunt|Hex|p2a: Tyranitar
|-resisted|p2a: Tyranitar
|-damage|p2a: Tyranitar|88/100
|
|-weather|Sandstorm|[upkeep]
|-damage|p1a: Pecharunt|82/100|[from] Sandstorm
|upkeep
|turn|6
|
|t:|1760462184
|switch|p1a: Scream Tail|Scream Tail|100/100
|-damage|p1a: Scream Tail|88/100|[from] Stealth Rock
|move|p2a: Tyranitar|Knock Off|p1a: Scream Tail
|-damage|p1a: Scream Tail|28/100
|-damage|p2a: Tyranitar|72/100|[from] item: Rocky Helmet|[of] p1a: Scream Tail
|-enditem|p1a: Scream Tail|Rocky Helmet|[from] move: Knock Off|[of] p2a: Tyranitar
|
|-weather|Sandstorm|[upkeep]
|-damage|p1a: Scream Tail|22/100|[from] Sandstorm
|upkeep
|turn|7
|
|t:|1760462191
|move|p1a: Scream Tail|Thunder Wave|p2a: Tyranitar
|-status|p2a: Tyranitar|par
|cant|p2a: Tyranitar|par
|
|-weather|Sandstorm|[upkeep]
|-damage|p1a: Scream Tail|16/100|[from] Sandstorm
|upkeep
|turn|8
|
|t:|1760462194
|move|p1a: Scream Tail|Wish|p1a: Scream Tail
|move|p2a: Tyranitar|Knock Off|p1a: Scream Tail
|-damage|p1a: Scream Tail|0 fnt
|faint|p1a: Scream Tail
|-end|p1a: Scream Tail|Protosynthesis|[silent]
|
|-weather|Sandstorm|[upkeep]
|upkeep
|
|t:|1760462200
|switch|p1a: Darkrai|Darkrai|100/100
|-damage|p1a: Darkrai|88/100|[from] Stealth Rock
|turn|9
|
|t:|1760462211
|switch|p2a: Tinkaton|Tinkaton, F|41/100 par
|-ability|p2a: Tinkaton|Mold Breaker
|move|p1a: Darkrai|Nasty Plot|p1a: Darkrai
|-boost|p1a: Darkrai|spa|2
|
|-weather|none
|-heal|p1a: Darkrai|100/100|[from] move: Wish|[wisher] Scream Tail
|upkeep
|turn|10
|
|t:|1760462217
|move|p1a: Darkrai|Dark Pulse|p2a: Tinkaton
|-resisted|p2a: Tinkaton
|-damage|p2a: Tinkaton|0 fnt
|faint|p2a: Tinkaton
|-damage|p1a: Darkrai|91/100|[from] item: Life Orb
|
|upkeep
|
|t:|1760462222
|switch|p2a: Tyranitar|Tyranitar, F|72/100 par
|-weather|Sandstorm|[from] ability: Sand Stream|[of] p2a: Tyranitar
|turn|11
|
|t:|1760462225
|move|p1a: Darkrai|Dark Pulse|p2a: Tyranitar
|-resisted|p2a: Tyranitar
|-damage|p2a: Tyranitar|32/100 par
|-damage|p1a: Darkrai|81/100|[from] item: Life Orb
|move|p2a: Tyranitar|Low Kick|p1a: Darkrai
|-supereffective|p1a: Darkrai
|-damage|p1a: Darkrai|0 fnt
|faint|p1a: Darkrai
|
|-weather|Sandstorm|[upkeep]
|upkeep
|
|t:|1760462234
|switch|p1a: Blaziken|Blaziken, M|100/100
|-damage|p1a: Blaziken|88/100|[from] Stealth Rock
|turn|12
|
|t:|1760462249
|switch|p2a: Moltres|Moltres|100/100
|move|p1a: Blaziken|Focus Energy|p1a: Blaziken
|-start|p1a: Blaziken|move: Focus Energy
|
|-weather|Sandstorm|[upkeep]
|-damage|p1a: Blaziken|82/100|[from] Sandstorm
|-damage|p2a: Moltres|94/100|[from] Sandstorm
|-ability|p1a: Blaziken|Speed Boost|boost
|-boost|p1a: Blaziken|spe|1
|upkeep
|turn|13
|
|t:|1760462254
|move|p1a: Blaziken|Protect|p1a: Blaziken
|-singleturn|p1a: Blaziken|Protect
|move|p2a: Moltres|Roar|p1a: Blaziken
|drag|p1a: Cresselia|Cresselia, F|100/100
|-damage|p1a: Cresselia|88/100|[from] Stealth Rock
|
|-weather|Sandstorm|[upkeep]
|-damage|p2a: Moltres|88/100|[from] Sandstorm
|-damage|p1a: Cresselia|82/100|[from] Sandstorm
|upkeep
|turn|14
|
|t:|1760462264
|switch|p1a: Pecharunt|Pecharunt|82/100
|-damage|p1a: Pecharunt|70/100|[from] Stealth Rock
|move|p2a: Moltres|U-turn|p1a: Pecharunt
|-resisted|p1a: Pecharunt
|-damage|p1a: Pecharunt|68/100
|-damage|p2a: Moltres|72/100|[from] item: Rocky Helmet|[of] p1a: Pecharunt
|
|t:|1760462277
|switch|p2a: Excadrill|Excadrill, M|100/100|[from] U-turn
|-item|p2a: Excadrill|Air Balloon
|
|-weather|Sandstorm|[upkeep]
|-damage|p1a: Pecharunt|62/100|[from] Sandstorm
|upkeep
|turn|15
|
|t:|1760462284
|switch|p1a: Zamazenta|Zamazenta|100/100
|-damage|p1a: Zamazenta|94/100|[from] Stealth Rock
|-ability|p1a: Zamazenta|Dauntless Shield|boost
|-boost|p1a: Zamazenta|def|1
|move|p2a: Excadrill|Earthquake|p1a: Zamazenta
|-damage|p1a: Zamazenta|68/100
|
|-weather|none
|-heal|p1a: Zamazenta|74/100|[from] item: Leftovers
|upkeep
|turn|16
|
|t:|1760462292
|switch|p2a: Sinistcha|Sinistcha|100/100
|move|p1a: Zamazenta|Iron Defense|p1a: Zamazenta
|-boost|p1a: Zamazenta|def|2
|
|-heal|p1a: Zamazenta|80/100|[from] item: Leftovers
|upkeep
|turn|17
|
|t:|1760462303
|switch|p1a: Pecharunt|Pecharunt|62/100
|-damage|p1a: Pecharunt|50/100|[from] Stealth Rock
|move|p2a: Sinistcha|Shadow Ball|p1a: Pecharunt
|-supereffective|p1a: Pecharunt
|-damage|p1a: Pecharunt|0 fnt
|faint|p1a: Pecharunt
|
|upkeep
|-message|Stompe forfeited.
|
|win|jojonotsuck
|raw|Stompe's rating: 1608 &rarr; <strong>1587</strong><br />(-21 for losing)
|raw|jojonotsuck's rating: 1599 &rarr; <strong>1620</strong><br />(+21 for winning)
|l|☆Stompe
|player|p1|
|l|☆jojonotsuck
|player|p2|
