|j|☆juancbas1234
|j|☆KantoKing1307
|t:|1760371253
|gametype|singles
|player|p1|juancbas1234|170|1389
|player|p2|KantoKing1307|1|1380
|gen|9
|tier|[Gen 9] OU
|rated|
|rule|HP Percentage Mod: HP is shown in percentages
|rule|Endless Battle Clause: Forcing endless battles is banned
|rule|Species Clause: Limit one of each Pokémon
|rule|OHKO Clause: OHKO moves are banned
|rule|Evasion Items Clause: Evasion items are banned
|rule|Evasion Moves Clause: Evasion moves are banned
|rule|Evasion Abilities Clause: Evasion abilities are banned
|rule|Sleep Moves Clause: Sleep-inducing moves are banned
|clearpoke
|poke|p1|Iron Valiant|
|poke|p1|Gholdengo|
|poke|p1|Dragonite, F|
|poke|p1|Glimmora, M|
|poke|p1|Great Tusk|
|poke|p1|Kingambit, M|
|poke|p2|Jolteon, M|
|poke|p2|Quaquaval, M|
|poke|p2|Arcanine-Hisui, M|
|poke|p2|Corviknight, M|
|poke|p2|Scizor, M|
|poke|p2|Mew|
|teampreview
|
|t:|1760371286
|teamsize|p1|6
|teamsize|p2|6
|start
|switch|p1a: Glimmora|Glimmora, M|100/100
|switch|p2a: Jolteon|Jolteon, M|100/100
|turn|1
|
|t:|1760371296
|move|p2a: Jolteon|Thunderbolt|p1a: Glimmora
|-damage|p1a: Glimmora|10/100
|move|p1a: Glimmora|Stealth Rock|p2a: Jolteon
|-sidestart|p2: KantoKing1307|move: Stealth Rock
|
|upkeep
|turn|2
|
|t:|1760371302
|move|p2a: Jolteon|Thunderbolt|p1a: Glimmora
|-damage|p1a: Glimmora|0 fnt
|faint|p1a: Glimmora
|
|upkeep
|
|t:|1760371309
|switch|p1a: Gholdengo|Gholdengo|100/100
|turn|3
|
|t:|1760371312
|move|p1a: Gholdengo|Trick|p2a: Jolteon
|-activate|p1a: Gholdengo|move: Trick|[of] p2a: Jolteon
|-item|p2a: Jolteon|Choice Scarf|[from] move: Trick
|-item|p1a: Gholdengo|Choice Specs|[from] move: Trick
|move|p2a: Jolteon|Thunderbolt|p1a: Gholdengo
|-crit|p1a: Gholdengo
|-damage|p1a: Gholdengo|21/100
|
|upkeep
|turn|4
|
|t:|1760371325
|switch|p2a: Corviknight|Corviknight, M|100/100
|-damage|p2a: Corviknight|88/100|[from] Stealth Rock
|switch|p1a: Great Tusk|Great Tusk|100/100
|-enditem|p1a: Great Tusk|Booster Energy
|-activate|p1a: Great Tusk|ability: Protosynthesis|[fromitem]
|-start|p1a: Great Tusk|protosynthesisatk
|
|upkeep
|turn|5
|
|t:|1760371340
|-end|p1a: Great Tusk|Protosynthesis|[silent]
|switch|p1a: Gholdengo|Gholdengo|21/100
|move|p2a: Corviknight|U-turn|p1a: Gholdengo
|-resisted|p1a: Gholdengo
|-damage|p1a: Gholdengo|17/100
|
|t:|1760371348
|switch|p2a: Jolteon|Jolteon, M|100/100|[from] U-turn
|-damage|p2a: Jolteon|88/100|[from] Stealth Rock
|
|upkeep
|turn|6
|
|t:|1760371354
|move|p2a: Jolteon|Shadow Ball|p1a: Gholdengo
|-supereffective|p1a: Gholdengo
|-damage|p1a: Gholdengo|0 fnt
|faint|p1a: Gholdengo
|
|upkeep
|
|t:|1760371362
|switch|p1a: Great Tusk|Great Tusk|100/100
|turn|7
|
|t:|1760371377
|move|p2a: Jolteon|Shadow Ball|p1a: Great Tusk
|-damage|p1a: Great Tusk|66/100
|move|p1a: Great Tusk|Close Combat|p2a: Jolteon
|-damage|p2a: Jolteon|0 fnt
|-unboost|p1a: Great Tusk|def|1
|-unboost|p1a: Great Tusk|spd|1
|faint|p2a: Jolteon
|
|upkeep
|
|t:|1760371386
|switch|p2a: Quaquaval|Quaquaval, M|100/100
|-damage|p2a: Quaquaval|94/100|[from] Stealth Rock
|turn|8
|
|t:|1760371413
|-terastallize|p1a: Great Tusk|Ground
|move|p1a: Great Tusk|Headlong Rush|p2a: Quaquaval
|-damage|p2a: Quaquaval|0 fnt
|-unboost|p1a: Great Tusk|def|1
|-unboost|p1a: Great Tusk|spd|1
|faint|p2a: Quaquaval
|
|upkeep
|
|t:|1760371424
|switch|p2a: Corviknight|Corviknight, M|88/100
|-damage|p2a: Corviknight|76/100|[from] Stealth Rock
|turn|9
|
|t:|1760371498
|move|p1a: Great Tusk|Close Combat|p2a: Corviknight
|-damage|p2a: Corviknight|36/100
|-unboost|p1a: Great Tusk|def|1
|-unboost|p1a: Great Tusk|spd|1
|-damage|p1a: Great Tusk|49/100|[from] item: Rocky Helmet|[of] p2a: Corviknight
|move|p2a: Corviknight|Defog|p1a: Great Tusk
|-unboost|p1a: Great Tusk|evasion|1
|-sideend|p2: KantoKing1307|Stealth Rock|[from] move: Defog|[of] p2a: Corviknight
|
|upkeep
|turn|10
|
|t:|1760371515
|move|p1a: Great Tusk|Close Combat|p2a: Corviknight
|-damage|p2a: Corviknight|0 fnt
|-unboost|p1a: Great Tusk|def|1
|-unboost|p1a: Great Tusk|spd|1
|-damage|p1a: Great Tusk|33/100|[from] item: Rocky Helmet|[of] p2a: Corviknight
|faint|p2a: Corviknight
|
|upkeep
|
|t:|1760371531
|switch|p2a: Arcanine|Arcanine-Hisui, M|100/100
|turn|11
|
|t:|1760371555
|move|p2a: Arcanine|Extreme Speed|p1a: Great Tusk
|-damage|p1a: Great Tusk|0 fnt
|faint|p1a: Great Tusk
|-end|p1a: Great Tusk|Protosynthesis|[silent]
|
|upkeep
|
|t:|1760371566
|switch|p1a: Iron Valiant|Iron Valiant|100/100
|turn|12
|
|t:|1760371620
|move|p2a: Arcanine|Extreme Speed|p1a: Iron Valiant
|-damage|p1a: Iron Valiant|54/100
|move|p1a: Iron Valiant|Swords Dance|p1a: Iron Valiant
|-boost|p1a: Iron Valiant|atk|2
|
|upkeep
|turn|13
|
|t:|1760371676
|move|p2a: Arcanine|Extreme Speed|p1a: Iron Valiant
|-damage|p1a: Iron Valiant|7/100
|move|p1a: Iron Valiant|Close Combat|p2a: Arcanine
|-supereffective|p2a: Arcanine
|-damage|p2a: Arcanine|0 fnt
|-unboost|p1a: Iron Valiant|def|1
|-unboost|p1a: Iron Valiant|spd|1
|faint|p2a: Arcanine
|-damage|p1a: Iron Valiant|0 fnt|[from] item: Life Orb
|faint|p1a: Iron Valiant
|-end|p1a: Iron Valiant|Quark Drive|[silent]
|
|upkeep
|-message|juancbas1234 forfeited.
|
|win|KantoKing1307
|raw|juancbas1234's rating: 1389 &rarr; <strong>1368</strong><br />(-21 for losing)
|raw|KantoKing1307's rating: 1380 &rarr; <strong>1401</strong><br />(+21 for winning)
|l|☆juancbas1234
|player|p1|
