|j|☆airgoile2001
|j|☆blackjesus111
|t:|1760443797
|gametype|singles
|player|p1|airgoile2001|102|1118
|player|p2|blackjesus111|cyrus|1153
|gen|9
|tier|[Gen 9] OU
|rated|
|rule|HP Percentage Mod: HP is shown in percentages
|rule|Endless Battle Clause: Forcing endless battles is banned
|rule|Species Clause: Limit one of each Pokémon
|rule|OHKO Clause: OHKO moves are banned
|rule|Evasion Items Clause: Evasion items are banned
|rule|Evasion Moves Clause: Evasion moves are banned
|rule|Evasion Abilities Clause: Evasion abilities are banned
|rule|Sleep Moves Clause: Sleep-inducing moves are banned
|clearpoke
|poke|p1|Zamazenta-*|
|poke|p1|Ninetales-Alola, M|
|poke|p1|Darkrai|
|poke|p1|Ceruledge, F|
|poke|p1|Gliscor, M|
|poke|p1|Hatterene, F|
|poke|p2|Goodra-Hisui, M|
|poke|p2|Ampharos, M|
|poke|p2|Crawdaunt, M|
|poke|p2|Thundurus, M|
|poke|p2|Glimmora, M|
|poke|p2|Toxapex, F|
|teampreview
|
|t:|1760443829
|teamsize|p1|6
|teamsize|p2|6
|start
|switch|p1a: Darkrai|Darkrai|100/100
|switch|p2a: Sheepachu|Ampharos, M|100/100
|turn|1
|
|t:|1760443836
|move|p1a: Darkrai|Dark Pulse|p2a: Sheepachu
|-damage|p2a: Sheepachu|50/100
|move|p2a: Sheepachu|Agility|p2a: Sheepachu
|-boost|p2a: Sheepachu|spe|2
|
|upkeep
|turn|2
|
|t:|1760443846
|move|p2a: Sheepachu|Meteor Beam||[still]
|-prepare|p2a: Sheepachu|Meteor Beam
|-boost|p2a: Sheepachu|spa|1
|-enditem|p2a: Sheepachu|Power Herb
|-anim|p2a: Sheepachu|Meteor Beam|p1a: Darkrai|[miss]
|-miss|p2a: Sheepachu|p1a: Darkrai
|move|p1a: Darkrai|Dark Pulse|p2a: Sheepachu
|-damage|p2a: Sheepachu|0 fnt
|faint|p2a: Sheepachu
|
|upkeep
|
|t:|1760443855
|switch|p2a: Mr. Craw|Crawdaunt, M|100/100
|turn|3
|
|t:|1760443858
|move|p1a: Darkrai|Focus Blast|p2a: Mr. Craw|[miss]
|-miss|p1a: Darkrai|p2a: Mr. Craw
|move|p2a: Mr. Craw|Swords Dance|p2a: Mr. Craw
|-boost|p2a: Mr. Craw|atk|2
|
|upkeep
|turn|4
|
|t:|1760443875
|-terastallize|p2a: Mr. Craw|Water
|move|p1a: Darkrai|Focus Blast|p2a: Mr. Craw
|-damage|p2a: Mr. Craw|6/100
|move|p2a: Mr. Craw|Crabhammer|p1a: Darkrai|[miss]
|-miss|p2a: Mr. Craw|p1a: Darkrai
|
|upkeep
|turn|5
|
|t:|1760443891
|move|p2a: Mr. Craw|Aqua Jet|p1a: Darkrai
|-damage|p1a: Darkrai|0 fnt
|faint|p1a: Darkrai
|-damage|p2a: Mr. Craw|0 fnt|[from] item: Life Orb
|faint|p2a: Mr. Craw
|
|upkeep
|
|t:|1760443899
|switch|p1a: Ninetales|Ninetales-Alola, M|100/100
|switch|p2a: Glimmy|Glimmora, M|100/100
|-weather|Snowscape|[from] ability: Snow Warning|[of] p1a: Ninetales
|turn|6
|
|t:|1760443908
|move|p1a: Ninetales|Aurora Veil|p1a: Ninetales
|-sidestart|p1: airgoile2001|move: Aurora Veil
|move|p2a: Glimmy|Sludge Wave|p1a: Ninetales
|-supereffective|p1a: Ninetales
|-damage|p1a: Ninetales|49/100
|
|-weather|Snowscape|[upkeep]
|upkeep
|turn|7
|
|t:|1760443914
|switch|p1a: Hatterene|Hatterene, F, shiny|100/100
|move|p2a: Glimmy|Toxic Spikes|p1a: Hatterene
|move|p1a: Hatterene|Toxic Spikes|p2a: Glimmy|[from] ability: Magic Bounce
|-sidestart|p2: blackjesus111|move: Toxic Spikes
|
|-weather|Snowscape|[upkeep]
|upkeep
|turn|8
|-message|blackjesus111 forfeited.
|
|win|airgoile2001
|raw|airgoile2001's rating: 1118 &rarr; <strong>1146</strong><br />(+28 for winning)
|raw|blackjesus111's rating: 1153 &rarr; <strong>1125</strong><br />(-28 for losing)
|l|☆blackjesus111
|player|p2|
|l|☆airgoile2001
|player|p1|
