|j|☆shenlin
|j|☆kuraiyagare
|t:|1760452963
|gametype|singles
|player|p1|shenlin|cyclist|1331
|player|p2|kuraiyagare|mars|1339
|gen|9
|tier|[Gen 9] OU
|rated|
|rule|HP Percentage Mod: HP is shown in percentages
|rule|Endless Battle Clause: Forcing endless battles is banned
|rule|Species Clause: Limit one of each Pokémon
|rule|OHKO Clause: OHKO moves are banned
|rule|Evasion Items Clause: Evasion items are banned
|rule|Evasion Moves Clause: Evasion moves are banned
|rule|Evasion Abilities Clause: Evasion abilities are banned
|rule|Sleep Moves Clause: Sleep-inducing moves are banned
|clearpoke
|poke|p1|Cinderace, F|
|poke|p1|Kingambit, M|
|poke|p1|Iron Valiant|
|poke|p1|Slowking-Galar, F|
|poke|p1|Iron Crown|
|poke|p1|Ogerpon-Wellspring, F|
|poke|p2|Bastiodon, M|
|poke|p2|Gardevoir, F|
|poke|p2|Talonflame, F|
|poke|p2|Lokix, F|
|poke|p2|Drifblim, M|
|poke|p2|Cloyster, M|
|teampreview
|inactive|Battle timer is ON: inactive players will automatically lose when time's up. (requested by shenlin)
|
|t:|1760453049
|teamsize|p1|6
|teamsize|p2|6
|start
|switch|p1a: Iron Crown|Iron Crown|100/100
|switch|p2a: avg linux user|Lokix, F|100/100
|-enditem|p1a: Iron Crown|Booster Energy
|-activate|p1a: Iron Crown|ability: Quark Drive|[fromitem]
|-start|p1a: Iron Crown|quarkdrivespa
|turn|1
|
|t:|1760453059
|-terastallize|p2a: avg linux user|Dark
|move|p2a: avg linux user|Sucker Punch||[still]
|-fail|p2a: avg linux user
|move|p1a: Iron Crown|Agility|p1a: Iron Crown
|-boost|p1a: Iron Crown|spe|2
|
|upkeep
|turn|2
|
|t:|1760453071
|-terastallize|p1a: Iron Crown|Fighting
|move|p1a: Iron Crown|Calm Mind|p1a: Iron Crown
|-boost|p1a: Iron Crown|spa|1
|-boost|p1a: Iron Crown|spd|1
|move|p2a: avg linux user|Knock Off|p1a: Iron Crown
|-resisted|p1a: Iron Crown
|-damage|p1a: Iron Crown|55/100
|
|upkeep
|turn|3
|
|t:|1760453084
|move|p2a: avg linux user|Sucker Punch|p1a: Iron Crown
|-resisted|p1a: Iron Crown
|-damage|p1a: Iron Crown|5/100
|move|p1a: Iron Crown|Tera Blast|p2a: avg linux user|[anim] Tera Blast Fighting
|-supereffective|p2a: avg linux user
|-damage|p2a: avg linux user|0 fnt
|faint|p2a: avg linux user
|
|upkeep
|
|t:|1760453090
|switch|p2a: Gardenia|Gardevoir, F|100/100
|turn|4
|
|t:|1760453101
|move|p2a: Gardenia|Vacuum Wave|p1a: Iron Crown
|-damage|p1a: Iron Crown|0 fnt
|faint|p1a: Iron Crown
|-end|p1a: Iron Crown|Quark Drive|[silent]
|
|upkeep
|l|☆shenlin
|inactive|shenlin disconnected and has a minute to reconnect!
|player|p1|
|j|☆shenlin
|inactive|shenlin reconnected and has 120 seconds left.
|player|p1|shenlin|cyclist|
|
|t:|1760453131
|switch|p1a: Ogerpon|Ogerpon-Wellspring, F|100/100
|-ability|p2a: Gardenia|Water Absorb|Trace|[from] ability: Trace|[of] p1a: Ogerpon
|turn|5
|inactive|shenlin has 120 seconds left.
|
|t:|1760453149
|move|p1a: Ogerpon|Wood Hammer|p2a: Gardenia
|-enditem|p2a: Gardenia|Focus Sash
|-damage|p2a: Gardenia|1/100
|-damage|p1a: Ogerpon|70/100|[from] Recoil
|move|p2a: Gardenia|Psyshock|p1a: Ogerpon
|-damage|p1a: Ogerpon|13/100
|
|upkeep
|turn|6
|inactive|shenlin has 120 seconds left.
|
|t:|1760453163
|switch|p1a: Slowking|Slowking-Galar, F, shiny|100/100
|move|p2a: Gardenia|Vacuum Wave|p1a: Slowking
|-resisted|p1a: Slowking
|-damage|p1a: Slowking|98/100
|
|upkeep
|turn|7
|inactive|shenlin has 120 seconds left.
|
|t:|1760453170
|move|p2a: Gardenia|Destiny Bond|p2a: Gardenia
|-singlemove|p2a: Gardenia|Destiny Bond
|move|p1a: Slowking|Sludge Bomb|p2a: Gardenia
|-supereffective|p2a: Gardenia
|-damage|p2a: Gardenia|0 fnt
|faint|p2a: Gardenia
|-activate|p2a: Gardenia|move: Destiny Bond
|faint|p1a: Slowking
|
|upkeep
|
|t:|1760453181
|switch|p2a: Vatra|Talonflame, F|100/100
|switch|p1a: Ogerpon|Ogerpon-Wellspring, F|13/100
|turn|8
|
|t:|1760453190
|switch|p1a: Cinderace|Cinderace, F, shiny|100/100
|move|p2a: Vatra|Brave Bird|p1a: Cinderace
|-damage|p1a: Cinderace|47/100
|-damage|p2a: Vatra|79/100|[from] Recoil
|
|upkeep
|turn|9
|
|t:|1760453198
|move|p2a: Vatra|Brave Bird|p1a: Cinderace
|-damage|p1a: Cinderace|0 fnt
|faint|p1a: Cinderace
|-damage|p2a: Vatra|60/100|[from] Recoil
|
|upkeep
|
|t:|1760453207
|switch|p1a: Kingambit|Kingambit, M, shiny|100/100
|-activate|p1a: Kingambit|ability: Supreme Overlord
|-start|p1a: Kingambit|fallen3|[silent]
|turn|10
|
|t:|1760453214
|move|p1a: Kingambit|Sucker Punch||[still]
|-fail|p1a: Kingambit
|move|p2a: Vatra|Will-O-Wisp|p1a: Kingambit
|-status|p1a: Kingambit|brn
|
|-damage|p1a: Kingambit|94/100 brn|[from] brn
|upkeep
|turn|11
|
|t:|1760453218
|switch|p2a: Bastiodon|Bastiodon, M|100/100
|move|p1a: Kingambit|Sucker Punch||[still]
|-fail|p1a: Kingambit
|
|-heal|p1a: Kingambit|100/100 brn|[from] item: Leftovers
|-damage|p1a: Kingambit|94/100 brn|[from] brn
|upkeep
|turn|12
|
|t:|1760453223
|move|p1a: Kingambit|Kowtow Cleave|p2a: Bastiodon
|-damage|p2a: Bastiodon|82/100
|move|p2a: Bastiodon|Stealth Rock|p1a: Kingambit
|-sidestart|p1: shenlin|move: Stealth Rock
|
|-heal|p1a: Kingambit|100/100 brn|[from] item: Leftovers
|-damage|p1a: Kingambit|94/100 brn|[from] brn
|upkeep
|turn|13
|
|t:|1760453233
|move|p1a: Kingambit|Swords Dance|p1a: Kingambit
|-boost|p1a: Kingambit|atk|2
|move|p2a: Bastiodon|Roar|p1a: Kingambit
|-end|p1a: Kingambit|fallen3|[silent]
|drag|p1a: Iron Valiant|Iron Valiant, shiny|100/100
|-damage|p1a: Iron Valiant|94/100|[from] Stealth Rock
|-enditem|p1a: Iron Valiant|Booster Energy
|-activate|p1a: Iron Valiant|ability: Quark Drive|[fromitem]
|-start|p1a: Iron Valiant|quarkdrivespe
|
|upkeep
|turn|14
|
|t:|1760453245
|move|p1a: Iron Valiant|Calm Mind|p1a: Iron Valiant
|-boost|p1a: Iron Valiant|spa|1
|-boost|p1a: Iron Valiant|spd|1
|move|p2a: Bastiodon|Roar|p1a: Iron Valiant
|-end|p1a: Iron Valiant|Quark Drive|[silent]
|drag|p1a: Ogerpon|Ogerpon-Wellspring, F|13/100
|-damage|p1a: Ogerpon|0 fnt|[from] Stealth Rock
|faint|p1a: Ogerpon
|
|upkeep
|-message|shenlin forfeited.
|
|win|kuraiyagare
|raw|shenlin's rating: 1331 &rarr; <strong>1311</strong><br />(-20 for losing)
|raw|kuraiyagare's rating: 1339 &rarr; <strong>1359</strong><br />(+20 for winning)
|l|☆shenlin
|player|p1|
|l|☆kuraiyagare
|player|p2|
