|j|☆atristars
|j|‽TAMEY JULLS
|t:|1760434710
|gametype|singles
|player|p1|atristars|102|1155
|player|p2|TAMEY JULLS|riley|1175
|gen|9
|tier|[Gen 9] OU
|rated|
|rule|HP Percentage Mod: HP is shown in percentages
|rule|Endless Battle Clause: Forcing endless battles is banned
|rule|Species Clause: Limit one of each Pokémon
|rule|OHKO Clause: OHKO moves are banned
|rule|Evasion Items Clause: Evasion items are banned
|rule|Evasion Moves Clause: Evasion moves are banned
|rule|Evasion Abilities Clause: Evasion abilities are banned
|rule|Sleep Moves Clause: Sleep-inducing moves are banned
|clearpoke
|poke|p1|Walking Wake|
|poke|p1|Ting-Lu|
|poke|p1|Slowking-Galar, F|
|poke|p1|Gholdengo|
|poke|p1|Dragonite, M|
|poke|p1|Kyurem|
|poke|p2|Tornadus, M|
|poke|p2|Incineroar, M|
|poke|p2|Primarina, F|
|poke|p2|Ogerpon-Cornerstone, F|
|poke|p2|Gengar, M|
|poke|p2|Garchomp, M|
|teampreview
|inactive|Battle timer is ON: inactive players will automatically lose when time's up. (requested by TAMEY JULLS)
|
|t:|1760434726
|teamsize|p1|6
|teamsize|p2|6
|start
|switch|p1a: Ting-Lu|Ting-Lu|100/100
|switch|p2a: Primarina|Primarina, F|100/100
|-ability|p1a: Ting-Lu|Vessel of Ruin
|turn|1
|
|t:|1760434731
|switch|p1a: Slowking|Slowking-Galar, F|100/100
|move|p2a: Primarina|Moonblast|p1a: Slowking
|-resisted|p1a: Slowking
|-damage|p1a: Slowking|80/100
|-unboost|p1a: Slowking|spa|1
|
|-heal|p1a: Slowking|86/100|[from] item: Leftovers
|upkeep
|turn|2
|
|t:|1760434740
|switch|p2a: Incineroar|Incineroar, M|100/100
|-ability|p2a: Incineroar|Intimidate|boost
|-unboost|p1a: Slowking|atk|1
|-prepare|p1a: Slowking|Chilly Reception|[premajor]
|move|p1a: Slowking|Chilly Reception|p1a: Slowking
|-weather|Snowscape
|
|t:|1760434753
|switch|p1a: Ting-Lu|Ting-Lu|100/100|[from] Chilly Reception
|-ability|p1a: Ting-Lu|Vessel of Ruin
|
|-weather|Snowscape|[upkeep]
|upkeep
|turn|3
|
|t:|1760434758
|move|p2a: Incineroar|Parting Shot|p1a: Ting-Lu
|-unboost|p1a: Ting-Lu|atk|1
|-unboost|p1a: Ting-Lu|spa|1
|
|t:|1760434760
|switch|p2a: Primarina|Primarina, F|100/100|[from] Parting Shot
|move|p1a: Ting-Lu|Stealth Rock|p2a: Primarina
|-sidestart|p2: TAMEY JULLS|move: Stealth Rock
|
|-weather|Snowscape|[upkeep]
|upkeep
|turn|4
|
|t:|1760434767
|switch|p1a: Slowking|Slowking-Galar, F|100/100
|move|p2a: Primarina|Moonblast|p1a: Slowking
|-resisted|p1a: Slowking
|-damage|p1a: Slowking|81/100
|
|-weather|Snowscape|[upkeep]
|-heal|p1a: Slowking|87/100|[from] item: Leftovers
|upkeep
|turn|5
|
|t:|1760434772
|switch|p2a: Incineroar|Incineroar, M|100/100
|-damage|p2a: Incineroar|76/100|[from] Stealth Rock
|-ability|p2a: Incineroar|Intimidate|boost
|-unboost|p1a: Slowking|atk|1
|move|p1a: Slowking|Sludge Bomb|p2a: Incineroar
|-damage|p2a: Incineroar|44/100
|
|-weather|Snowscape|[upkeep]
|-heal|p2a: Incineroar|50/100|[from] item: Leftovers
|-heal|p1a: Slowking|93/100|[from] item: Leftovers
|upkeep
|turn|6
|
|t:|1760434780
|switch|p1a: Ting-Lu|Ting-Lu|100/100
|-ability|p1a: Ting-Lu|Vessel of Ruin
|move|p2a: Incineroar|Knock Off|p1a: Ting-Lu
|-resisted|p1a: Ting-Lu
|-damage|p1a: Ting-Lu|92/100
|-enditem|p1a: Ting-Lu|Leftovers|[from] move: Knock Off|[of] p2a: Incineroar
|
|-weather|none
|-heal|p2a: Incineroar|57/100|[from] item: Leftovers
|upkeep
|turn|7
|
|t:|1760434789
|move|p2a: Incineroar|Parting Shot|p1a: Ting-Lu
|-unboost|p1a: Ting-Lu|atk|1
|-unboost|p1a: Ting-Lu|spa|1
|
|t:|1760434792
|switch|p2a: Primarina|Primarina, F|100/100|[from] Parting Shot
|-damage|p2a: Primarina|88/100|[from] Stealth Rock
|move|p1a: Ting-Lu|Spikes|p2a: Primarina
|-sidestart|p2: TAMEY JULLS|Spikes
|
|upkeep
|turn|8
|
|t:|1760434797
|switch|p1a: Slowking|Slowking-Galar, F|100/100
|move|p2a: Primarina|Hyper Voice|p1a: Slowking
|-damage|p1a: Slowking|62/100
|
|-heal|p1a: Slowking|68/100|[from] item: Leftovers
|upkeep
|turn|9
|
|t:|1760434804
|switch|p2a: Incineroar|Incineroar, M|57/100
|-damage|p2a: Incineroar|32/100|[from] Stealth Rock
|-damage|p2a: Incineroar|19/100|[from] Spikes
|-ability|p2a: Incineroar|Intimidate|boost
|-unboost|p1a: Slowking|atk|1
|move|p1a: Slowking|Psychic Noise|p2a: Incineroar
|-immune|p2a: Incineroar
|
|-heal|p2a: Incineroar|25/100|[from] item: Leftovers
|-heal|p1a: Slowking|74/100|[from] item: Leftovers
|upkeep
|turn|10
|
|t:|1760434815
|switch|p1a: Ting-Lu|Ting-Lu|92/100
|-ability|p1a: Ting-Lu|Vessel of Ruin
|move|p2a: Incineroar|Parting Shot|p1a: Ting-Lu
|-unboost|p1a: Ting-Lu|atk|1
|-unboost|p1a: Ting-Lu|spa|1
|
|t:|1760434822
|switch|p2a: Primarina|Primarina, F|88/100|[from] Parting Shot
|-damage|p2a: Primarina|76/100|[from] Stealth Rock
|-damage|p2a: Primarina|63/100|[from] Spikes
|
|upkeep
|turn|11
|
|t:|1760434829
|switch|p1a: Slowking|Slowking-Galar, F|100/100
|move|p2a: Primarina|Hyper Voice|p1a: Slowking
|-damage|p1a: Slowking|64/100
|
|-heal|p1a: Slowking|70/100|[from] item: Leftovers
|upkeep
|turn|12
|
|t:|1760434835
|switch|p2a: Incineroar|Incineroar, M|25/100
|-damage|p2a: Incineroar|0 fnt|[from] Stealth Rock
|faint|p2a: Incineroar
|move|p1a: Slowking|Sludge Bomb|p2: Incineroar|[notarget]
|-fail|p1a: Slowking
|
|-heal|p1a: Slowking|76/100|[from] item: Leftovers
|upkeep
|
|t:|1760434840
|switch|p2a: Ogerpon|Ogerpon-Cornerstone, F|100/100
|-damage|p2a: Ogerpon|88/100|[from] Stealth Rock
|-damage|p2a: Ogerpon|76/100|[from] Spikes
|turn|13
|
|t:|1760434846
|-terastallize|p2a: Ogerpon|Rock
|detailschange|p2a: Ogerpon|Ogerpon-Cornerstone-Tera, F, tera:Rock
|-ability|p2a: Ogerpon|Embody Aspect (Cornerstone)|boost
|-boost|p2a: Ogerpon|def|1
|move|p2a: Ogerpon|Swords Dance|p2a: Ogerpon
|-boost|p2a: Ogerpon|atk|2
|move|p1a: Slowking|Ice Beam|p2a: Ogerpon
|-damage|p2a: Ogerpon|39/100
|
|-heal|p1a: Slowking|82/100|[from] item: Leftovers
|upkeep
|turn|14
|
|t:|1760434854
|switch|p1a: Ting-Lu|Ting-Lu|92/100
|-ability|p1a: Ting-Lu|Vessel of Ruin
|move|p2a: Ogerpon|Ivy Cudgel|p1a: Ting-Lu|[anim] Ivy Cudgel Rock
|-resisted|p1a: Ting-Lu
|-damage|p1a: Ting-Lu|57/100
|
|upkeep
|turn|15
|
|t:|1760434862
|-terastallize|p1a: Ting-Lu|Poison
|move|p2a: Ogerpon|Horn Leech|p1a: Ting-Lu
|-resisted|p1a: Ting-Lu
|-damage|p1a: Ting-Lu|39/100
|-heal|p2a: Ogerpon|55/100|[from] drain|[of] p1a: Ting-Lu
|move|p1a: Ting-Lu|Earthquake|p2a: Ogerpon
|-supereffective|p2a: Ogerpon
|-damage|p2a: Ogerpon|0 fnt
|faint|p2a: Ogerpon
|detailschange|p2: Ogerpon|Ogerpon-Cornerstone, F|[silent]
|
|upkeep
|
|t:|1760434866
|switch|p2a: Tornadus|Tornadus, M|100/100
|turn|16
|
|t:|1760434871
|move|p2a: Tornadus|Bleakwind Storm|p1a: Ting-Lu
|-damage|p1a: Ting-Lu|8/100
|-unboost|p1a: Ting-Lu|spe|1
|move|p1a: Ting-Lu|Spikes|p2a: Tornadus
|-sidestart|p2: TAMEY JULLS|Spikes
|
|upkeep
|turn|17
|
|t:|1760434873
|move|p2a: Tornadus|Bleakwind Storm|p1a: Ting-Lu
|-damage|p1a: Ting-Lu|0 fnt
|faint|p1a: Ting-Lu
|
|upkeep
|
|t:|1760434878
|switch|p1a: Kyurem|Kyurem|100/100
|-ability|p1a: Kyurem|Pressure
|turn|18
|-message|TAMEY JULLS forfeited.
|
|win|atristars
|raw|atristars's rating: 1155 &rarr; <strong>1181</strong><br />(+26 for winning)
|raw|TAMEY JULLS's rating: 1175 &rarr; <strong>1149</strong><br />(-26 for losing)
|l|‽TAMEY JULLS
|player|p2|
|l|☆atristars
|player|p1|
