|j|☆trimac1
|j|☆ay cheu
|t:|1760326967
|gametype|singles
|player|p1|trimac1|flannery|1331
|player|p2|ay cheu|riley|1417
|gen|9
|tier|[Gen 9] OU
|rated|
|rule|HP Percentage Mod: HP is shown in percentages
|rule|Endless Battle Clause: Forcing endless battles is banned
|rule|Species Clause: Limit one of each Pokémon
|rule|OHKO Clause: OHKO moves are banned
|rule|Evasion Items Clause: Evasion items are banned
|rule|Evasion Moves Clause: Evasion moves are banned
|rule|Evasion Abilities Clause: Evasion abilities are banned
|rule|Sleep Moves Clause: Sleep-inducing moves are banned
|clearpoke
|poke|p1|Dragonite, M|
|poke|p1|Gliscor, M|
|poke|p1|Kingambit, M|
|poke|p1|Corviknight, M|
|poke|p1|Primarina, F|
|poke|p1|Raging Bolt|
|poke|p2|Arcanine-Hisui, M|
|poke|p2|Hydreigon, M|
|poke|p2|Sandy Shocks|
|poke|p2|Jirachi|
|poke|p2|Noivern, M|
|poke|p2|Azumarill, M|
|teampreview
|inactive|Battle timer is ON: inactive players will automatically lose when time's up. (requested by trimac1)
|
|t:|1760326977
|teamsize|p1|6
|teamsize|p2|6
|start
|switch|p1a: Primarina|Primarina, F|100/100
|switch|p2a: Azumarill|Azumarill, M|100/100
|turn|1
|
|t:|1760326985
|move|p1a: Primarina|Moonblast|p2a: Azumarill
|-damage|p2a: Azumarill|67/100
|-unboost|p2a: Azumarill|spa|1
|move|p2a: Azumarill|Knock Off|p1a: Primarina
|-resisted|p1a: Primarina
|-damage|p1a: Primarina|73/100
|-enditem|p1a: Primarina|Assault Vest|[from] move: Knock Off|[of] p2a: Azumarill
|
|upkeep
|turn|2
|
|t:|1760326993
|move|p1a: Primarina|Flip Turn|p2a: Azumarill
|-resisted|p2a: Azumarill
|-damage|p2a: Azumarill|60/100
|
|t:|1760326999
|switch|p1a: Corviknight|Corviknight, M|100/100|[from] Flip Turn
|-ability|p1a: Corviknight|Pressure
|move|p2a: Azumarill|Play Rough|p1a: Corviknight
|-resisted|p1a: Corviknight
|-damage|p1a: Corviknight|84/100
|
|-heal|p1a: Corviknight|90/100|[from] item: Leftovers
|upkeep
|turn|3
|
|t:|1760327009
|switch|p2a: Jirachi|Jirachi|100/100
|move|p1a: Corviknight|Brave Bird|p2a: Jirachi
|-resisted|p2a: Jirachi
|-damage|p2a: Jirachi|85/100
|-damage|p1a: Corviknight|85/100|[from] Recoil
|
|-heal|p2a: Jirachi|91/100|[from] item: Leftovers
|-heal|p1a: Corviknight|91/100|[from] item: Leftovers
|upkeep
|turn|4
|
|t:|1760327017
|move|p2a: Jirachi|Wish|p2a: Jirachi
|move|p1a: Corviknight|U-turn|p2a: Jirachi
|-damage|p2a: Jirachi|80/100
|
|t:|1760327029
|switch|p1a: Gliscor|Gliscor, M|100/100|[from] U-turn
|
|-heal|p2a: Jirachi|86/100|[from] item: Leftovers
|-status|p1a: Gliscor|tox|[from] item: Toxic Orb
|upkeep
|turn|5
|
|t:|1760327035
|switch|p2a: Azumarill|Azumarill, M|60/100
|move|p1a: Gliscor|Earthquake|p2a: Azumarill
|-damage|p2a: Azumarill|25/100
|
|-heal|p2a: Azumarill|75/100|[from] move: Wish|[wisher] Jirachi
|upkeep
|turn|6
|
|t:|1760327044
|move|p1a: Gliscor|Toxic|p2a: Azumarill
|-status|p2a: Azumarill|tox
|move|p2a: Azumarill|Knock Off|p1a: Gliscor
|-damage|p1a: Gliscor|70/100 tox
|-enditem|p1a: Gliscor|Toxic Orb|[from] move: Knock Off|[of] p2a: Azumarill
|
|-heal|p1a: Gliscor|82/100 tox|[from] ability: Poison Heal
|-damage|p2a: Azumarill|69/100 tox|[from] psn
|upkeep
|turn|7
|
|t:|1760327053
|move|p1a: Gliscor|Stealth Rock|p2a: Azumarill
|-sidestart|p2: ay cheu|move: Stealth Rock
|move|p2a: Azumarill|Liquidation|p1a: Gliscor
|-supereffective|p1a: Gliscor
|-damage|p1a: Gliscor|0 fnt
|faint|p1a: Gliscor
|
|-damage|p2a: Azumarill|57/100 tox|[from] psn
|upkeep
|
|t:|1760327070
|switch|p1a: Corviknight|Corviknight, M|91/100
|-ability|p1a: Corviknight|Pressure
|turn|8
|
|t:|1760327074
|switch|p2a: Sandy Shocks|Sandy Shocks|100/100
|-damage|p2a: Sandy Shocks|94/100|[from] Stealth Rock
|move|p1a: Corviknight|U-turn|p2a: Sandy Shocks
|-damage|p2a: Sandy Shocks|77/100
|
|t:|1760327088
|switch|p1a: Dragonite|Dragonite, M|100/100|[from] U-turn
|
|upkeep
|turn|9
|
|t:|1760327096
|move|p2a: Sandy Shocks|Discharge|p1a: Dragonite
|-damage|p1a: Dragonite|81/100
|-status|p1a: Dragonite|par
|move|p1a: Dragonite|Dragon Dance|p1a: Dragonite
|-boost|p1a: Dragonite|atk|1
|-boost|p1a: Dragonite|spe|1
|
|upkeep
|turn|10
|
|t:|1760327103
|move|p2a: Sandy Shocks|Volt Switch|p1a: Dragonite
|-damage|p1a: Dragonite|44/100 par
|
|t:|1760327107
|-end|p2a: Sandy Shocks|Protosynthesis|[silent]
|switch|p2a: Noivern|Noivern, M|100/100|[from] Volt Switch
|-item|p1a: Dragonite|Heavy-Duty Boots|[from] ability: Frisk|[of] p2a: Noivern
|cant|p1a: Dragonite|par
|
|upkeep
|turn|11
|
|t:|1760327115
|-terastallize|p2a: Noivern|Fairy
|move|p1a: Dragonite|Extreme Speed|p2a: Noivern
|-damage|p2a: Noivern|55/100
|move|p2a: Noivern|Defog|p1a: Dragonite
|-unboost|p1a: Dragonite|evasion|1
|-sideend|p2: ay cheu|Stealth Rock|[from] move: Defog|[of] p2a: Noivern
|
|upkeep
|turn|12
|
|t:|1760327124
|switch|p1a: Kingambit|Kingambit, M|100/100
|-activate|p1a: Kingambit|ability: Supreme Overlord
|-start|p1a: Kingambit|fallen1|[silent]
|move|p2a: Noivern|Roost|p2a: Noivern
|-heal|p2a: Noivern|100/100
|
|upkeep
|turn|13
|
|t:|1760327130
|move|p2a: Noivern|U-turn|p1a: Kingambit
|-damage|p1a: Kingambit|92/100
|
|t:|1760327136
|switch|p2a: Jirachi|Jirachi|86/100|[from] U-turn
|move|p1a: Kingambit|Iron Head|p2a: Jirachi
|-resisted|p2a: Jirachi
|-damage|p2a: Jirachi|65/100
|
|-heal|p2a: Jirachi|71/100|[from] item: Leftovers
|-heal|p1a: Kingambit|98/100|[from] item: Leftovers
|upkeep
|turn|14
|
|t:|1760327155
|move|p2a: Jirachi|U-turn|p1a: Kingambit
|-damage|p1a: Kingambit|86/100
|
|t:|1760327158
|switch|p2a: Azumarill|Azumarill, M|57/100 tox|[from] U-turn
|move|p1a: Kingambit|Kowtow Cleave|p2a: Azumarill
|-resisted|p2a: Azumarill
|-damage|p2a: Azumarill|29/100 tox
|
|-heal|p1a: Kingambit|92/100|[from] item: Leftovers
|-damage|p2a: Azumarill|23/100 tox|[from] psn
|upkeep
|turn|15
|
|t:|1760327169
|move|p1a: Kingambit|Sucker Punch|p2a: Azumarill
|-resisted|p2a: Azumarill
|-damage|p2a: Azumarill|0 fnt
|faint|p2a: Azumarill
|
|-heal|p1a: Kingambit|98/100|[from] item: Leftovers
|upkeep
|
|t:|1760327172
|switch|p2a: 灰灰|Arcanine-Hisui, M|100/100
|turn|16
|
|t:|1760327187
|-end|p1a: Kingambit|fallen1|[silent]
|switch|p1a: Primarina|Primarina, F|73/100
|move|p2a: 灰灰|Head Smash|p1a: Primarina
|-damage|p1a: Primarina|0 fnt
|faint|p1a: Primarina
|
|upkeep
|
|t:|1760327198
|switch|p1a: Dragonite|Dragonite, M|44/100 par
|turn|17
|
|t:|1760327216
|switch|p2a: Noivern|Noivern, M, tera:Fairy|100/100
|-item|p1a: Dragonite|Heavy-Duty Boots|[from] ability: Frisk|[of] p2a: Noivern
|switch|p1a: Corviknight|Corviknight, M|91/100
|-ability|p1a: Corviknight|Pressure
|
|-heal|p1a: Corviknight|97/100|[from] item: Leftovers
|upkeep
|turn|18
|
|t:|1760327225
|move|p2a: Noivern|U-turn|p1a: Corviknight
|-resisted|p1a: Corviknight
|-damage|p1a: Corviknight|95/100
|
|t:|1760327231
|switch|p2a: 灰灰|Arcanine-Hisui, M|100/100|[from] U-turn
|move|p1a: Corviknight|U-turn|p2a: 灰灰
|-resisted|p2a: 灰灰
|-damage|p2a: 灰灰|91/100
|
|t:|1760327249
|switch|p1a: Kingambit|Kingambit, M|98/100|[from] U-turn
|-activate|p1a: Kingambit|ability: Supreme Overlord
|-start|p1a: Kingambit|fallen2|[silent]
|
|-heal|p1a: Kingambit|100/100|[from] item: Leftovers
|upkeep
|turn|19
|
|t:|1760327255
|move|p1a: Kingambit|Sucker Punch|p2a: 灰灰
|-damage|p2a: 灰灰|27/100
|move|p2a: 灰灰|Flare Blitz|p1a: Kingambit
|-supereffective|p1a: Kingambit
|-damage|p1a: Kingambit|0 fnt
|faint|p1a: Kingambit
|-end|p1a: Kingambit|fallen2|[silent]
|
|upkeep
|
|t:|1760327261
|switch|p1a: Raging Bolt|Raging Bolt|100/100
|-enditem|p1a: Raging Bolt|Booster Energy
|-activate|p1a: Raging Bolt|ability: Protosynthesis|[fromitem]
|-start|p1a: Raging Bolt|protosynthesisspa
|turn|20
|
|t:|1760327269
|switch|p2a: Noivern|Noivern, M, tera:Fairy|100/100
|move|p1a: Raging Bolt|Thunderclap||[still]
|-fail|p1a: Raging Bolt
|
|upkeep
|turn|21
|
|t:|1760327274
|move|p2a: Noivern|U-turn|p1a: Raging Bolt
|-damage|p1a: Raging Bolt|91/100
|
|t:|1760327277
|switch|p2a: Sandy Shocks|Sandy Shocks|77/100|[from] U-turn
|move|p1a: Raging Bolt|Dragon Pulse|p2a: Sandy Shocks
|-damage|p2a: Sandy Shocks|0 fnt
|faint|p2a: Sandy Shocks
|-end|p2a: Sandy Shocks|Protosynthesis|[silent]
|
|upkeep
|
|t:|1760327283
|switch|p2a: Hydreigon|Hydreigon, M|100/100
|turn|22
|
|t:|1760327287
|-terastallize|p1a: Raging Bolt|Fairy
|move|p2a: Hydreigon|U-turn|p1a: Raging Bolt
|-resisted|p1a: Raging Bolt
|-damage|p1a: Raging Bolt|84/100
|
|t:|1760327289
|switch|p2a: Noivern|Noivern, M, tera:Fairy|100/100|[from] U-turn
|move|p1a: Raging Bolt|Dragon Pulse|p2a: Noivern
|-immune|p2a: Noivern
|
|upkeep
|turn|23
|
|t:|1760327296
|move|p2a: Noivern|Hurricane|p1a: Raging Bolt
|-damage|p1a: Raging Bolt|47/100
|move|p1a: Raging Bolt|Thunderbolt|p2a: Noivern
|-damage|p2a: Noivern|20/100
|-status|p2a: Noivern|par
|
|upkeep
|turn|24
|
|t:|1760327306
|switch|p2a: Jirachi|Jirachi|71/100
|move|p1a: Raging Bolt|Thunderbolt|p2a: Jirachi
|-damage|p2a: Jirachi|31/100
|-status|p2a: Jirachi|par
|
|-heal|p2a: Jirachi|37/100 par|[from] item: Leftovers
|upkeep
|turn|25
|
|t:|1760327314
|move|p1a: Raging Bolt|Thunderbolt|p2a: Jirachi
|-damage|p2a: Jirachi|0 fnt
|faint|p2a: Jirachi
|
|upkeep
|
|t:|1760327317
|switch|p2a: 灰灰|Arcanine-Hisui, M|27/100
|turn|26
|
|t:|1760327320
|move|p2a: 灰灰|Extreme Speed|p1a: Raging Bolt
|-damage|p1a: Raging Bolt|13/100
|move|p1a: Raging Bolt|Thunderclap||[still]
|-fail|p1a: Raging Bolt
|
|upkeep
|turn|27
|
|t:|1760327329
|-end|p1a: Raging Bolt|Protosynthesis|[silent]
|switch|p1a: Corviknight|Corviknight, M|95/100
|-ability|p1a: Corviknight|Pressure
|move|p2a: 灰灰|Extreme Speed|p1a: Corviknight
|-resisted|p1a: Corviknight
|-damage|p1a: Corviknight|84/100
|
|-heal|p1a: Corviknight|90/100|[from] item: Leftovers
|upkeep
|turn|28
|
|t:|1760327340
|switch|p2a: Noivern|Noivern, M, tera:Fairy|20/100 par
|-item|p1a: Corviknight|Leftovers|[from] ability: Frisk|[of] p2a: Noivern
|move|p1a: Corviknight|Brave Bird|p2a: Noivern
|-damage|p2a: Noivern|0 fnt
|faint|p2a: Noivern
|-damage|p1a: Corviknight|85/100|[from] Recoil
|
|-heal|p1a: Corviknight|91/100|[from] item: Leftovers
|upkeep
|
|t:|1760327346
|switch|p2a: 灰灰|Arcanine-Hisui, M|27/100
|turn|29
|
|t:|1760327355
|move|p2a: 灰灰|Flare Blitz|p1a: Corviknight
|-supereffective|p1a: Corviknight
|-damage|p1a: Corviknight|0 fnt
|faint|p1a: Corviknight
|
|upkeep
|
|t:|1760327360
|switch|p1a: Dragonite|Dragonite, M|44/100 par
|turn|30
|
|t:|1760327363
|move|p1a: Dragonite|Extreme Speed|p2a: 灰灰
|-resisted|p2a: 灰灰
|-damage|p2a: 灰灰|10/100
|move|p2a: 灰灰|Flare Blitz|p1a: Dragonite
|-resisted|p1a: Dragonite
|-damage|p1a: Dragonite|0 fnt
|faint|p1a: Dragonite
|
|upkeep
|
|t:|1760327370
|switch|p1a: Raging Bolt|Raging Bolt, tera:Fairy|13/100
|turn|31
|
|t:|1760327373
|switch|p2a: Hydreigon|Hydreigon, M|100/100
|move|p1a: Raging Bolt|Thunderbolt|p2a: Hydreigon
|-resisted|p2a: Hydreigon
|-damage|p2a: Hydreigon|68/100
|
|upkeep
|turn|32
|
|t:|1760327378
|move|p2a: Hydreigon|Dark Pulse|p1a: Raging Bolt
|-resisted|p1a: Raging Bolt
|-damage|p1a: Raging Bolt|0 fnt
|faint|p1a: Raging Bolt
|-end|p1a: Raging Bolt|Protosynthesis|[silent]
|
|win|ay cheu
|raw|trimac1's rating: 1331 &rarr; <strong>1316</strong><br />(-15 for losing)
|raw|ay cheu's rating: 1417 &rarr; <strong>1432</strong><br />(+15 for winning)
|l|☆trimac1
|player|p1|
