|j|☆Maothewhitecat
|j|☆RenzuHatsu
|t:|1760396541
|gametype|singles
|player|p1|Maothewhitecat|102|1148
|player|p2|RenzuHatsu|gambler|1093
|gen|9
|tier|[Gen 9] OU
|rated|
|rule|HP Percentage Mod: HP is shown in percentages
|rule|Endless Battle Clause: Forcing endless battles is banned
|rule|Species Clause: Limit one of each Pokémon
|rule|OHKO Clause: OHKO moves are banned
|rule|Evasion Items Clause: Evasion items are banned
|rule|Evasion Moves Clause: Evasion moves are banned
|rule|Evasion Abilities Clause: Evasion abilities are banned
|rule|Sleep Moves Clause: Sleep-inducing moves are banned
|clearpoke
|poke|p1|Great Tusk|
|poke|p1|Kingambit, M|
|poke|p1|Raging Bolt|
|poke|p1|Walking Wake|
|poke|p1|Ninetales, F|
|poke|p1|Ceruledge, F|
|poke|p2|Chandelure, M|
|poke|p2|Metagross|
|poke|p2|Garganacl, M|
|poke|p2|Salamence, F|
|poke|p2|Grimmsnarl, M|
|poke|p2|Gliscor, M|
|teampreview
|c|☆Maothewhitecat|Hello
|c|☆RenzuHatsu|yoo
|
|t:|1760396590
|teamsize|p1|6
|teamsize|p2|6
|start
|switch|p1a: Ninetales|Ninetales, F|100/100
|switch|p2a: Metagross|Metagross|100/100
|-weather|SunnyDay|[from] ability: Drought|[of] p1a: Ninetales
|turn|1
|
|t:|1760396605
|switch|p1a: Great Tusk|Great Tusk|100/100
|-activate|p1a: Great Tusk|ability: Protosynthesis
|-start|p1a: Great Tusk|protosynthesisatk
|move|p2a: Metagross|Agility|p2a: Metagross
|-boost|p2a: Metagross|spe|2
|
|-weather|SunnyDay|[upkeep]
|upkeep
|turn|2
|
|t:|1760396616
|move|p2a: Metagross|Meteor Mash|p1a: Great Tusk
|-damage|p1a: Great Tusk|68/100
|-boost|p2a: Metagross|atk|1
|move|p1a: Great Tusk|Headlong Rush|p2a: Metagross
|-supereffective|p2a: Metagross
|-damage|p2a: Metagross|0 fnt
|-unboost|p1a: Great Tusk|def|1
|-unboost|p1a: Great Tusk|spd|1
|faint|p2a: Metagross
|
|-weather|SunnyDay|[upkeep]
|upkeep
|
|t:|1760396629
|switch|p2a: Grimmsnarl|Grimmsnarl, M|100/100
|turn|3
|
|t:|1760396638
|-end|p1a: Great Tusk|Protosynthesis|[silent]
|switch|p1a: Kingambit|Kingambit, M|100/100
|-item|p1a: Kingambit|Air Balloon
|move|p2a: Grimmsnarl|Reflect|p2a: Grimmsnarl
|-sidestart|p2: RenzuHatsu|Reflect
|
|-weather|SunnyDay|[upkeep]
|upkeep
|turn|4
|
|t:|1760396654
|-end|p1a: Kingambit|fallenundefined|[silent]
|switch|p1a: Raging Bolt|Raging Bolt|100/100
|-activate|p1a: Raging Bolt|ability: Protosynthesis
|-start|p1a: Raging Bolt|protosynthesisspa
|switch|p2a: Gliscor|Gliscor, M|100/100
|
|-weather|SunnyDay|[upkeep]
|-status|p2a: Gliscor|tox|[from] item: Toxic Orb
|upkeep
|turn|5
|
|t:|1760396660
|move|p2a: Gliscor|Tailwind|p2a: Gliscor
|-sidestart|p2: RenzuHatsu|move: Tailwind
|move|p1a: Raging Bolt|Dragon Pulse|p2a: Gliscor
|-damage|p2a: Gliscor|0 fnt
|faint|p2a: Gliscor
|-damage|p1a: Raging Bolt|91/100|[from] item: Life Orb
|
|-weather|SunnyDay|[upkeep]
|upkeep
|
|t:|1760396667
|switch|p2a: Salamence|Salamence, F|100/100
|turn|6
|
|t:|1760396677
|-terastallize|p2a: Salamence|Ground
|move|p2a: Salamence|Earthquake|p1a: Raging Bolt
|-supereffective|p1a: Raging Bolt
|-damage|p1a: Raging Bolt|0 fnt
|faint|p1a: Raging Bolt
|-end|p1a: Raging Bolt|Protosynthesis|[silent]
|-ability|p2a: Salamence|Moxie|boost
|-boost|p2a: Salamence|atk|1
|
|-weather|SunnyDay|[upkeep]
|upkeep
|
|t:|1760396685
|switch|p1a: Walking Wake|Walking Wake|100/100
|-activate|p1a: Walking Wake|ability: Protosynthesis
|-start|p1a: Walking Wake|protosynthesisspe
|turn|7
|
|t:|1760396694
|move|p2a: Salamence|Dragon Claw|p1a: Walking Wake
|-supereffective|p1a: Walking Wake
|-damage|p1a: Walking Wake|0 fnt
|faint|p1a: Walking Wake
|-end|p1a: Walking Wake|Protosynthesis|[silent]
|-ability|p2a: Salamence|Moxie|boost
|-boost|p2a: Salamence|atk|1
|
|-weather|SunnyDay|[upkeep]
|upkeep
|
|t:|1760396720
|switch|p1a: Ceruledge|Ceruledge, F|100/100
|turn|8
|
|t:|1760396727
|move|p1a: Ceruledge|Shadow Sneak|p2a: Salamence
|-damage|p2a: Salamence|87/100
|move|p2a: Salamence|Earthquake|p1a: Ceruledge
|-supereffective|p1a: Ceruledge
|-damage|p1a: Ceruledge|0 fnt
|faint|p1a: Ceruledge
|-ability|p2a: Salamence|Moxie|boost
|-boost|p2a: Salamence|atk|1
|
|-weather|none
|-sideend|p2: RenzuHatsu|move: Tailwind
|upkeep
|
|t:|1760396755
|switch|p1a: Ninetales|Ninetales, F|100/100
|-weather|SunnyDay|[from] ability: Drought|[of] p1a: Ninetales
|turn|9
|
|t:|1760396764
|move|p1a: Ninetales|Overheat|p2a: Salamence
|-damage|p2a: Salamence|0 fnt
|-unboost|p1a: Ninetales|spa|2
|faint|p2a: Salamence
|
|-weather|SunnyDay|[upkeep]
|upkeep
|
|t:|1760396772
|switch|p2a: Garganacl|Garganacl, M|100/100
|turn|10
|
|t:|1760396784
|move|p1a: Ninetales|Scorching Sands|p2a: Garganacl
|-supereffective|p2a: Garganacl
|-damage|p2a: Garganacl|87/100
|move|p2a: Garganacl|Salt Cure|p1a: Ninetales
|-supereffective|p1a: Ninetales
|-damage|p1a: Ninetales|57/100
|-start|p1a: Ninetales|Salt Cure
|
|-weather|SunnyDay|[upkeep]
|-heal|p2a: Garganacl|93/100|[from] item: Leftovers
|-damage|p1a: Ninetales|45/100|[from] Salt Cure
|-sideend|p2: RenzuHatsu|Reflect
|upkeep
|turn|11
|
|t:|1760396800
|switch|p1a: Great Tusk|Great Tusk|68/100
|-activate|p1a: Great Tusk|ability: Protosynthesis
|-start|p1a: Great Tusk|protosynthesisatk
|switch|p2a: Chandelure|Chandelure, M|100/100
|
|-weather|SunnyDay|[upkeep]
|upkeep
|turn|12
|
|t:|1760396809
|-end|p1a: Great Tusk|Protosynthesis|[silent]
|switch|p1a: Ninetales|Ninetales, F|45/100
|move|p2a: Chandelure|Fire Blast|p1a: Ninetales
|-resisted|p1a: Ninetales
|-damage|p1a: Ninetales|0 fnt
|faint|p1a: Ninetales
|
|-weather|SunnyDay|[upkeep]
|upkeep
|
|t:|1760396811
|switch|p1a: Kingambit|Kingambit, M|100/100
|-activate|p1a: Kingambit|ability: Supreme Overlord
|-start|p1a: Kingambit|fallen4|[silent]
|-item|p1a: Kingambit|Air Balloon
|turn|13
|
|t:|1760396815
|switch|p2a: Grimmsnarl|Grimmsnarl, M|100/100
|move|p1a: Kingambit|Sucker Punch||[still]
|-fail|p1a: Kingambit
|
|-weather|SunnyDay|[upkeep]
|upkeep
|turn|14
|
|t:|1760396821
|-end|p1a: Kingambit|fallen4|[silent]
|switch|p1a: Great Tusk|Great Tusk|68/100
|-activate|p1a: Great Tusk|ability: Protosynthesis
|-start|p1a: Great Tusk|protosynthesisatk
|move|p2a: Grimmsnarl|Spirit Break|p1a: Great Tusk
|-supereffective|p1a: Great Tusk
|-damage|p1a: Great Tusk|22/100
|-unboost|p1a: Great Tusk|spa|1
|
|-weather|SunnyDay|[upkeep]
|upkeep
|turn|15
|
|t:|1760396826
|-terastallize|p1a: Great Tusk|Fire
|move|p1a: Great Tusk|Temper Flare|p2a: Grimmsnarl
|-damage|p2a: Grimmsnarl|13/100
|move|p2a: Grimmsnarl|Spirit Break|p1a: Great Tusk
|-resisted|p1a: Great Tusk
|-damage|p1a: Great Tusk|9/100
|-unboost|p1a: Great Tusk|spa|1
|
|-weather|SunnyDay|[upkeep]
|upkeep
|turn|16
|
|t:|1760396837
|move|p2a: Grimmsnarl|Parting Shot|p1a: Great Tusk
|-unboost|p1a: Great Tusk|atk|1
|-unboost|p1a: Great Tusk|spa|1
|
|t:|1760396841
|switch|p2a: Garganacl|Garganacl, M|93/100|[from] Parting Shot
|move|p1a: Great Tusk|Rapid Spin|p2a: Garganacl
|-resisted|p2a: Garganacl
|-damage|p2a: Garganacl|88/100
|-boost|p1a: Great Tusk|spe|1
|
|-weather|none
|-end|p1a: Great Tusk|Protosynthesis
|-heal|p2a: Garganacl|94/100|[from] item: Leftovers
|upkeep
|turn|17
|
|t:|1760396854
|move|p1a: Great Tusk|Headlong Rush|p2a: Garganacl
|-supereffective|p2a: Garganacl
|-damage|p2a: Garganacl|38/100
|-unboost|p1a: Great Tusk|def|1
|-unboost|p1a: Great Tusk|spd|1
|move|p2a: Garganacl|Salt Cure|p1a: Great Tusk
|-supereffective|p1a: Great Tusk
|-damage|p1a: Great Tusk|0 fnt
|faint|p1a: Great Tusk
|-end|p1a: Great Tusk|Protosynthesis|[silent]
|
|-heal|p2a: Garganacl|44/100|[from] item: Leftovers
|upkeep
|
|t:|1760396860
|switch|p1a: Kingambit|Kingambit, M|100/100
|-activate|p1a: Kingambit|ability: Supreme Overlord
|-start|p1a: Kingambit|fallen5|[silent]
|-item|p1a: Kingambit|Air Balloon
|turn|18
|
|t:|1760396866
|move|p2a: Garganacl|Protect|p2a: Garganacl
|-singleturn|p2a: Garganacl|Protect
|move|p1a: Kingambit|Low Kick|p2a: Garganacl
|-activate|p2a: Garganacl|move: Protect
|
|-heal|p2a: Garganacl|50/100|[from] item: Leftovers
|upkeep
|turn|19
|
|t:|1760396872
|move|p1a: Kingambit|Swords Dance|p1a: Kingambit
|-boost|p1a: Kingambit|atk|2
|move|p2a: Garganacl|Body Press|p1a: Kingambit
|-supereffective|p1a: Kingambit
|-damage|p1a: Kingambit|4/100
|-enditem|p1a: Kingambit|Air Balloon
|
|-heal|p2a: Garganacl|56/100|[from] item: Leftovers
|upkeep
|turn|20
|
|t:|1760396882
|move|p1a: Kingambit|Kowtow Cleave|p2a: Garganacl
|-damage|p2a: Garganacl|0 fnt
|faint|p2a: Garganacl
|
|upkeep
|
|t:|1760396888
|switch|p2a: Grimmsnarl|Grimmsnarl, M|13/100
|turn|21
|
|t:|1760396895
|move|p1a: Kingambit|Sucker Punch||[still]
|-fail|p1a: Kingambit
|move|p2a: Grimmsnarl|Reflect|p2a: Grimmsnarl
|-sidestart|p2: RenzuHatsu|Reflect
|
|upkeep
|turn|22
|
|t:|1760396899
|move|p1a: Kingambit|Sucker Punch|p2a: Grimmsnarl
|-resisted|p2a: Grimmsnarl
|-damage|p2a: Grimmsnarl|0 fnt
|faint|p2a: Grimmsnarl
|
|upkeep
|
|t:|1760396901
|switch|p2a: Chandelure|Chandelure, M|100/100
|turn|23
|
|t:|1760396904
|move|p1a: Kingambit|Sucker Punch|p2a: Chandelure
|-supereffective|p2a: Chandelure
|-damage|p2a: Chandelure|0 fnt
|faint|p2a: Chandelure
|
|win|Maothewhitecat
|raw|Maothewhitecat's rating: 1148 &rarr; <strong>1169</strong><br />(+21 for winning)
|raw|RenzuHatsu's rating: 1093 &rarr; <strong>1073</strong><br />(-20 for losing)
|c|☆RenzuHatsu|gg
|c|☆Maothewhitecat|gg
