|j|☆henry151th
|j|☆AjonymousNon
|t:|1760331920
|gametype|singles
|player|p1|henry151th|wallace|1703
|player|p2|AjonymousNon|workerice|1739
|gen|9
|tier|[Gen 9] OU
|rated|
|rule|HP Percentage Mod: HP is shown in percentages
|rule|Endless Battle Clause: Forcing endless battles is banned
|rule|Species Clause: Limit one of each Pokémon
|rule|OHKO Clause: OHKO moves are banned
|rule|Evasion Items Clause: Evasion items are banned
|rule|Evasion Moves Clause: Evasion moves are banned
|rule|Evasion Abilities Clause: Evasion abilities are banned
|rule|Sleep Moves Clause: Sleep-inducing moves are banned
|clearpoke
|poke|p1|Tyranitar, F|
|poke|p1|Excadrill, F|
|poke|p1|Garganacl, F|
|poke|p1|Tornadus-Therian, M|
|poke|p1|Keldeo-Resolute|
|poke|p1|Pecharunt|
|poke|p2|Great Tusk|
|poke|p2|Ogerpon-Cornerstone, F|
|poke|p2|Rillaboom, F|
|poke|p2|Tyranitar, F|
|poke|p2|Corviknight, F|
|poke|p2|Dragapult, M|
|teampreview
|inactive|Battle timer is ON: inactive players will automatically lose when time's up. (requested by AjonymousNon)
|
|t:|1760331949
|teamsize|p1|6
|teamsize|p2|6
|start
|switch|p1a: Keldeo|Keldeo-Resolute|100/100
|switch|p2a: Tyranitar|Tyranitar, F|100/100
|-weather|Sandstorm|[from] ability: Sand Stream|[of] p2a: Tyranitar
|turn|1
|
|t:|1760331958
|switch|p2a: Dragapult|Dragapult, M|100/100
|move|p1a: Keldeo|Icy Wind|p2a: Dragapult
|-supereffective|p2a: Dragapult
|-damage|p2a: Dragapult|23/100
|
|-weather|Sandstorm|[upkeep]
|-damage|p2a: Dragapult|17/100|[from] Sandstorm
|-damage|p1a: Keldeo|94/100|[from] Sandstorm
|-heal|p2a: Dragapult|23/100|[from] item: Leftovers
|upkeep
|turn|2
|
|t:|1760331970
|switch|p2a: Tyranitar|Tyranitar, F|100/100
|switch|p1a: Garganacl|Garganacl, F|100/100
|
|-weather|Sandstorm|[upkeep]
|upkeep
|turn|3
|
|t:|1760331974
|move|p2a: Tyranitar|Knock Off|p1a: Garganacl
|-damage|p1a: Garganacl|74/100
|-enditem|p1a: Garganacl|Leftovers|[from] move: Knock Off|[of] p2a: Tyranitar
|move|p1a: Garganacl|Body Press|p2a: Tyranitar
|-supereffective|p2a: Tyranitar
|-damage|p2a: Tyranitar|27/100
|
|-weather|Sandstorm|[upkeep]
|-heal|p2a: Tyranitar|33/100|[from] item: Leftovers
|upkeep
|turn|4
|
|t:|1760331983
|switch|p2a: Great Tusk|Great Tusk|100/100
|switch|p1a: Keldeo|Keldeo-Resolute|94/100
|
|-weather|Sandstorm|[upkeep]
|-damage|p1a: Keldeo|88/100|[from] Sandstorm
|upkeep
|turn|5
|j| treyvxughn
|l| treyvxughn
|
|t:|1760331993
|-end|p2a: Great Tusk|Protosynthesis|[silent]
|switch|p2a: Dragapult|Dragapult, M|23/100
|move|p1a: Keldeo|Surf|p2a: Dragapult
|-resisted|p2a: Dragapult
|-damage|p2a: Dragapult|0 fnt
|faint|p2a: Dragapult
|
|-weather|none
|upkeep
|
|t:|1760331998
|switch|p2a: Ogerpon|Ogerpon-Cornerstone, F|100/100
|turn|6
|j| AbrarS
|
|t:|1760332003
|switch|p1a: Tornadus|Tornadus-Therian, M|100/100
|move|p2a: Ogerpon|Swords Dance|p2a: Ogerpon
|-boost|p2a: Ogerpon|atk|2
|
|upkeep
|turn|7
|
|t:|1760332008
|move|p1a: Tornadus|Foul Play|p2a: Ogerpon
|-damage|p2a: Ogerpon|26/100
|move|p2a: Ogerpon|Horn Leech|p1a: Tornadus
|-resisted|p1a: Tornadus
|-damage|p1a: Tornadus|39/100
|-heal|p2a: Ogerpon|57/100|[from] drain|[of] p1a: Tornadus
|
|upkeep
|turn|8
|
|t:|1760332015
|-terastallize|p2a: Ogerpon|Rock
|detailschange|p2a: Ogerpon|Ogerpon-Cornerstone-Tera, F, tera:Rock
|-ability|p2a: Ogerpon|Embody Aspect (Cornerstone)|boost
|-boost|p2a: Ogerpon|def|1
|move|p1a: Tornadus|Foul Play|p2a: Ogerpon
|-damage|p2a: Ogerpon|1/100
|move|p2a: Ogerpon|Horn Leech|p1a: Tornadus
|-resisted|p1a: Tornadus
|-damage|p1a: Tornadus|0 fnt
|-heal|p2a: Ogerpon|21/100|[from] drain|[of] p1a: Tornadus
|faint|p1a: Tornadus
|
|upkeep
|
|t:|1760332018
|switch|p1a: Keldeo|Keldeo-Resolute|88/100
|turn|9
|
|t:|1760332022
|switch|p2a: Corviknight|Corviknight, F|100/100
|-ability|p2a: Corviknight|Pressure
|move|p1a: Keldeo|Vacuum Wave|p2a: Corviknight
|-damage|p2a: Corviknight|70/100
|
|upkeep
|turn|10
|
|t:|1760332027
|switch|p1a: Tyranitar|Tyranitar, F|100/100
|-weather|Sandstorm|[from] ability: Sand Stream|[of] p1a: Tyranitar
|move|p2a: Corviknight|U-turn|p1a: Tyranitar
|-supereffective|p1a: Tyranitar
|-damage|p1a: Tyranitar|77/100
|
|t:|1760332029
|switch|p2a: Ogerpon|Ogerpon-Cornerstone-Tera, F, tera:Rock|21/100|[from] U-turn
|-ability|p2a: Ogerpon|Embody Aspect (Cornerstone)|boost
|-boost|p2a: Ogerpon|def|1
|
|-weather|Sandstorm|[upkeep]
|upkeep
|turn|11
|
|t:|1760332039
|switch|p1a: Pecharunt|Pecharunt|100/100
|move|p2a: Ogerpon|Horn Leech|p1a: Pecharunt
|-resisted|p1a: Pecharunt
|-damage|p1a: Pecharunt|89/100
|-heal|p2a: Ogerpon|28/100|[from] drain|[of] p1a: Pecharunt
|
|-weather|Sandstorm|[upkeep]
|-damage|p1a: Pecharunt|83/100|[from] Sandstorm
|upkeep
|turn|12
|j| ZeroIQ McGoo
|
|t:|1760332049
|switch|p2a: Great Tusk|Great Tusk|100/100
|move|p1a: Pecharunt|Parting Shot|p2a: Great Tusk
|-unboost|p2a: Great Tusk|atk|1
|-unboost|p2a: Great Tusk|spa|1
|
|t:|1760332051
|switch|p1a: Keldeo|Keldeo-Resolute|88/100|[from] Parting Shot
|
|-weather|Sandstorm|[upkeep]
|-damage|p1a: Keldeo|82/100|[from] Sandstorm
|upkeep
|turn|13
|
|t:|1760332055
|-end|p2a: Great Tusk|Protosynthesis|[silent]
|switch|p2a: Rillaboom|Rillaboom, F|100/100
|-fieldstart|move: Grassy Terrain|[from] ability: Grassy Surge|[of] p2a: Rillaboom
|move|p1a: Keldeo|Surf|p2a: Rillaboom
|-resisted|p2a: Rillaboom
|-damage|p2a: Rillaboom|51/100
|
|-weather|Sandstorm|[upkeep]
|-damage|p1a: Keldeo|76/100|[from] Sandstorm
|-damage|p2a: Rillaboom|44/100|[from] Sandstorm
|-heal|p1a: Keldeo|82/100|[from] Grassy Terrain
|-heal|p2a: Rillaboom|51/100|[from] Grassy Terrain
|upkeep
|turn|14
|
|t:|1760332061
|switch|p1a: Pecharunt|Pecharunt|83/100
|move|p2a: Rillaboom|Knock Off|p1a: Pecharunt
|-supereffective|p1a: Pecharunt
|-damage|p1a: Pecharunt|29/100
|-enditem|p1a: Pecharunt|Heavy-Duty Boots|[from] move: Knock Off|[of] p2a: Rillaboom
|
|-weather|Sandstorm|[upkeep]
|-damage|p2a: Rillaboom|44/100|[from] Sandstorm
|-damage|p1a: Pecharunt|23/100|[from] Sandstorm
|-heal|p2a: Rillaboom|51/100|[from] Grassy Terrain
|-heal|p1a: Pecharunt|29/100|[from] Grassy Terrain
|upkeep
|turn|15
|
|t:|1760332067
|move|p2a: Rillaboom|Knock Off|p1a: Pecharunt
|-supereffective|p1a: Pecharunt
|-damage|p1a: Pecharunt|0 fnt
|faint|p1a: Pecharunt
|
|-weather|Sandstorm|[upkeep]
|-damage|p2a: Rillaboom|44/100|[from] Sandstorm
|-heal|p2a: Rillaboom|51/100|[from] Grassy Terrain
|upkeep
|
|t:|1760332068
|switch|p1a: Keldeo|Keldeo-Resolute|82/100
|turn|16
|
|t:|1760332074
|switch|p2a: Corviknight|Corviknight, F|70/100
|-ability|p2a: Corviknight|Pressure
|-terastallize|p1a: Keldeo|Water
|move|p1a: Keldeo|Surf|p2a: Corviknight
|-damage|p2a: Corviknight|0 fnt
|faint|p2a: Corviknight
|
|-weather|Sandstorm|[upkeep]
|-damage|p1a: Keldeo|76/100|[from] Sandstorm
|-heal|p1a: Keldeo|82/100|[from] Grassy Terrain
|upkeep
|
|t:|1760332079
|switch|p2a: Rillaboom|Rillaboom, F|51/100
|turn|17
|
|t:|1760332083
|switch|p1a: Garganacl|Garganacl, F|74/100
|move|p2a: Rillaboom|Grassy Glide|p1a: Garganacl
|-supereffective|p1a: Garganacl
|-damage|p1a: Garganacl|0 fnt
|faint|p1a: Garganacl
|
|-weather|none
|-heal|p2a: Rillaboom|57/100|[from] Grassy Terrain
|-fieldend|move: Grassy Terrain
|upkeep
|
|t:|1760332087
|switch|p1a: Excadrill|Excadrill, F|100/100
|turn|18
|
|t:|1760332089
|switch|p2a: Great Tusk|Great Tusk|100/100
|move|p1a: Excadrill|Iron Head|p2a: Great Tusk
|-damage|p2a: Great Tusk|63/100
|-damage|p1a: Excadrill|91/100|[from] item: Life Orb
|
|upkeep
|turn|19
|
|t:|1760332093
|switch|p1a: Tyranitar|Tyranitar, F|77/100
|-weather|Sandstorm|[from] ability: Sand Stream|[of] p1a: Tyranitar
|move|p2a: Great Tusk|Rapid Spin|p1a: Tyranitar
|-resisted|p1a: Tyranitar
|-damage|p1a: Tyranitar|71/100
|-boost|p2a: Great Tusk|spe|1
|
|-weather|Sandstorm|[upkeep]
|upkeep
|turn|20
|
|t:|1760332096
|move|p2a: Great Tusk|Headlong Rush|p1a: Tyranitar
|-supereffective|p1a: Tyranitar
|-damage|p1a: Tyranitar|0 fnt
|-unboost|p2a: Great Tusk|def|1
|-unboost|p2a: Great Tusk|spd|1
|faint|p1a: Tyranitar
|
|-weather|Sandstorm|[upkeep]
|upkeep
|
|t:|1760332098
|switch|p1a: Keldeo|Keldeo-Resolute, tera:Water|82/100
|turn|21
|
|t:|1760332100
|move|p1a: Keldeo|Vacuum Wave|p2a: Great Tusk
|-damage|p2a: Great Tusk|33/100
|move|p2a: Great Tusk|Headlong Rush|p1a: Keldeo
|-damage|p1a: Keldeo|17/100
|-unboost|p2a: Great Tusk|def|1
|-unboost|p2a: Great Tusk|spd|1
|
|-weather|Sandstorm|[upkeep]
|-damage|p1a: Keldeo|11/100|[from] Sandstorm
|upkeep
|turn|22
|
|t:|1760332121
|-end|p2a: Great Tusk|Protosynthesis|[silent]
|switch|p2a: Tyranitar|Tyranitar, F|33/100
|move|p1a: Keldeo|Vacuum Wave|p2a: Tyranitar
|-supereffective|p2a: Tyranitar
|-damage|p2a: Tyranitar|0 fnt
|faint|p2a: Tyranitar
|
|-weather|Sandstorm|[upkeep]
|-damage|p1a: Keldeo|5/100|[from] Sandstorm
|upkeep
|
|t:|1760332127
|switch|p2a: Great Tusk|Great Tusk|33/100
|turn|23
|
|t:|1760332129
|move|p1a: Keldeo|Vacuum Wave|p2a: Great Tusk
|-damage|p2a: Great Tusk|14/100
|move|p2a: Great Tusk|Rapid Spin|p1a: Keldeo
|-damage|p1a: Keldeo|0 fnt
|-boost|p2a: Great Tusk|spe|1
|faint|p1a: Keldeo
|
|-weather|Sandstorm|[upkeep]
|upkeep
|
|t:|1760332131
|switch|p1a: Excadrill|Excadrill, F|91/100
|turn|24
|
|t:|1760332136
|move|p1a: Excadrill|Earthquake|p2a: Great Tusk
|-damage|p2a: Great Tusk|0 fnt
|faint|p2a: Great Tusk
|-end|p2a: Great Tusk|Protosynthesis|[silent]
|-damage|p1a: Excadrill|81/100|[from] item: Life Orb
|
|-weather|Sandstorm|[upkeep]
|upkeep
|
|t:|1760332138
|switch|p2a: Rillaboom|Rillaboom, F|57/100
|-fieldstart|move: Grassy Terrain|[from] ability: Grassy Surge|[of] p2a: Rillaboom
|turn|25
|
|t:|1760332140
|move|p2a: Rillaboom|Grassy Glide|p1a: Excadrill
|-damage|p1a: Excadrill|0 fnt
|faint|p1a: Excadrill
|
|win|AjonymousNon
|raw|henry151th's rating: 1703 &rarr; <strong>1685</strong><br />(-18 for losing)
|raw|AjonymousNon's rating: 1739 &rarr; <strong>1757</strong><br />(+18 for winning)
|c|☆AjonymousNon|gg
|l|☆AjonymousNon
|player|p2|
|l| ZeroIQ McGoo
|l| AbrarS
