|j|☆Menos jungle
|j|☆itstheboyjay
|t:|1760337952
|gametype|singles
|player|p1|Menos jungle|lass-gen4dp|1185
|player|p2|itstheboyjay|169|1163
|gen|9
|tier|[Gen 9] OU
|rated|
|rule|HP Percentage Mod: HP is shown in percentages
|rule|Endless Battle Clause: Forcing endless battles is banned
|rule|Species Clause: Limit one of each Pokémon
|rule|OHKO Clause: OHKO moves are banned
|rule|Evasion Items Clause: Evasion items are banned
|rule|Evasion Moves Clause: Evasion moves are banned
|rule|Evasion Abilities Clause: Evasion abilities are banned
|rule|Sleep Moves Clause: Sleep-inducing moves are banned
|clearpoke
|poke|p1|Ninetales, M|
|poke|p1|Espeon, F|
|poke|p1|Great Tusk|
|poke|p1|Slither Wing|
|poke|p1|Iron Moth|
|poke|p1|Raging Bolt|
|poke|p2|Salamence, M|
|poke|p2|Dusclops, M|
|poke|p2|Jirachi|
|poke|p2|Milotic, F|
|poke|p2|Slaking, F|
|poke|p2|Seviper, F|
|teampreview
|j| hajimi666
|
|t:|1760337960
|teamsize|p1|6
|teamsize|p2|6
|start
|switch|p1a: Ninetales|Ninetales, M|100/100
|switch|p2a: Seviper|Seviper, F, shiny|100/100
|-weather|SunnyDay|[from] ability: Drought|[of] p1a: Ninetales
|turn|1
|
|t:|1760337966
|move|p1a: Ninetales|Will-O-Wisp|p2a: Seviper
|-status|p2a: Seviper|brn
|move|p2a: Seviper|Switcheroo|p1a: Ninetales
|-activate|p2a: Seviper|move: Trick|[of] p1a: Ninetales
|-item|p1a: Ninetales|Choice Scarf|[from] move: Switcheroo
|-item|p2a: Seviper|Heat Rock|[from] move: Switcheroo
|
|-weather|SunnyDay|[upkeep]
|-activate|p2a: Seviper|ability: Shed Skin
|-curestatus|p2a: Seviper|brn|[msg]
|upkeep
|turn|2
|
|t:|1760337976
|move|p1a: Ninetales|Encore|p2a: Seviper
|-start|p2a: Seviper|Encore
|move|p2a: Seviper|Switcheroo|p1a: Ninetales
|-activate|p2a: Seviper|move: Trick|[of] p1a: Ninetales
|-item|p1a: Ninetales|Heat Rock|[from] move: Switcheroo
|-item|p2a: Seviper|Choice Scarf|[from] move: Switcheroo
|
|-weather|SunnyDay|[upkeep]
|upkeep
|turn|3
|
|t:|1760337986
|switch|p1a: Great Tusk|Great Tusk|100/100
|-activate|p1a: Great Tusk|ability: Protosynthesis
|-start|p1a: Great Tusk|protosynthesisatk
|move|p2a: Seviper|Switcheroo|p1a: Great Tusk
|-activate|p2a: Seviper|move: Trick|[of] p1a: Great Tusk
|-item|p1a: Great Tusk|Choice Scarf|[from] move: Switcheroo
|-item|p2a: Seviper|Choice Scarf|[from] move: Switcheroo
|
|-weather|SunnyDay|[upkeep]
|upkeep
|turn|4
|
|t:|1760337995
|switch|p2a: Salamence|Salamence, M, shiny|100/100
|-ability|p2a: Salamence|Intimidate|boost
|-unboost|p1a: Great Tusk|atk|1
|move|p1a: Great Tusk|Knock Off|p2a: Salamence
|-damage|p2a: Salamence|61/100
|-enditem|p2a: Salamence|Choice Specs|[from] move: Knock Off|[of] p1a: Great Tusk
|
|-weather|SunnyDay|[upkeep]
|upkeep
|turn|5
|
|t:|1760338023
|-end|p1a: Great Tusk|Protosynthesis|[silent]
|switch|p1a: Raging Bolt|Raging Bolt|100/100
|-activate|p1a: Raging Bolt|ability: Protosynthesis
|-start|p1a: Raging Bolt|protosynthesisspa
|move|p2a: Salamence|Fire Blast|p1a: Raging Bolt
|-resisted|p1a: Raging Bolt
|-damage|p1a: Raging Bolt|75/100
|
|-weather|SunnyDay|[upkeep]
|upkeep
|turn|6
|
|t:|1760338031
|move|p1a: Raging Bolt|Volt Switch|p2a: Salamence
|-damage|p2a: Salamence|0 fnt
|faint|p2a: Salamence
|c|☆itstheboyjay|what the
|c|☆itstheboyjay|choice scarf twice
|inactive|Battle timer is ON: inactive players will automatically lose when time's up. (requested by itstheboyjay)
|
|t:|1760338080
|-end|p1a: Raging Bolt|Protosynthesis|[silent]
|switch|p1a: Iron Moth|Iron Moth|100/100|[from] Volt Switch
|
|-weather|SunnyDay|[upkeep]
|upkeep
|
|t:|1760338086
|switch|p2a: Milotic|Milotic, F, shiny|100/100
|turn|7
|inactive|Menos jungle has 120 seconds left.
|l| hajimi666
|
|t:|1760338121
|-end|p1a: Iron Moth|Quark Drive|[silent]
|switch|p1a: Raging Bolt|Raging Bolt|75/100
|-activate|p1a: Raging Bolt|ability: Protosynthesis
|-start|p1a: Raging Bolt|protosynthesisspa
|move|p2a: Milotic|Mirror Coat||[still]
|-fail|p2a: Milotic
|
|-weather|SunnyDay|[upkeep]
|upkeep
|turn|8
|
|t:|1760338128
|-end|p1a: Raging Bolt|Protosynthesis|[silent]
|switch|p1a: Slither Wing|Slither Wing|100/100
|-activate|p1a: Slither Wing|ability: Protosynthesis
|-start|p1a: Slither Wing|protosynthesisatk
|move|p2a: Milotic|Mirror Coat||[still]
|-fail|p2a: Milotic
|
|-weather|none
|-end|p1a: Slither Wing|Protosynthesis
|upkeep
|turn|9
|
|t:|1760338136
|switch|p2a: Dusclops|Dusclops, M, shiny|100/100
|-ability|p2a: Dusclops|Pressure
|move|p1a: Slither Wing|U-turn|p2a: Dusclops
|-resisted|p2a: Dusclops
|-damage|p2a: Dusclops|85/100
|inactive|Menos jungle has 120 seconds left.
|inactive|Menos jungle has 90 seconds left.
|
|t:|1760338191
|-end|p1a: Slither Wing|Protosynthesis|[silent]
|switch|p1a: Ninetales|Ninetales, M|100/100|[from] U-turn
|-weather|SunnyDay|[from] ability: Drought|[of] p1a: Ninetales
|
|-weather|SunnyDay|[upkeep]
|upkeep
|turn|10
|inactive|Menos jungle has 90 seconds left.
|
|t:|1760338197
|move|p1a: Ninetales|Will-O-Wisp|p2a: Dusclops
|-status|p2a: Dusclops|brn
|move|p2a: Dusclops|Bind|p1a: Ninetales
|-damage|p1a: Ninetales|99/100
|-activate|p1a: Ninetales|move: Bind|[of] p2a: Dusclops
|
|-weather|SunnyDay|[upkeep]
|-damage|p2a: Dusclops|79/100 brn|[from] brn
|-damage|p1a: Ninetales|87/100|[from] move: Bind|[partiallytrapped]
|upkeep
|turn|11
|
|t:|1760338207
|move|p1a: Ninetales|Encore|p2a: Dusclops
|-start|p2a: Dusclops|Encore
|move|p2a: Dusclops|Bind|p1a: Ninetales
|-damage|p1a: Ninetales|85/100
|
|-weather|SunnyDay|[upkeep]
|-damage|p2a: Dusclops|73/100 brn|[from] brn
|-damage|p1a: Ninetales|73/100|[from] move: Bind|[partiallytrapped]
|upkeep
|turn|12
|
|t:|1760338218
|move|p1a: Ninetales|Flamethrower|p2a: Dusclops
|-damage|p2a: Dusclops|48/100 brn
|move|p2a: Dusclops|Bind|p1a: Ninetales
|-damage|p1a: Ninetales|72/100
|
|-weather|SunnyDay|[upkeep]
|-damage|p2a: Dusclops|42/100 brn|[from] brn
|-damage|p1a: Ninetales|59/100|[from] move: Bind|[partiallytrapped]
|upkeep
|turn|13
|
|t:|1760338227
|move|p1a: Ninetales|Flamethrower|p2a: Dusclops
|-damage|p2a: Dusclops|18/100 brn
|move|p2a: Dusclops|Bind|p1a: Ninetales
|-damage|p1a: Ninetales|58/100
|
|-weather|SunnyDay|[upkeep]
|-damage|p2a: Dusclops|12/100 brn|[from] brn
|-damage|p1a: Ninetales|46/100|[from] move: Bind|[partiallytrapped]
|-end|p2a: Dusclops|Encore
|upkeep
|turn|14
|
|t:|1760338240
|switch|p2a: Milotic|Milotic, F, shiny|100/100
|move|p1a: Ninetales|Flamethrower|p2a: Milotic
|-resisted|p2a: Milotic
|-damage|p2a: Milotic|87/100
|-status|p2a: Milotic|brn
|
|-weather|SunnyDay|[upkeep]
|-heal|p2a: Milotic|93/100 brn|[from] item: Leftovers
|-damage|p2a: Milotic|87/100 brn|[from] brn
|-end|p1a: Ninetales|Bind|[partiallytrapped]
|upkeep
|turn|15
|
|t:|1760338259
|switch|p1a: Slither Wing|Slither Wing|100/100
|-activate|p1a: Slither Wing|ability: Protosynthesis
|-start|p1a: Slither Wing|protosynthesisatk
|move|p2a: Milotic|Scald|p1a: Slither Wing
|-damage|p1a: Slither Wing|82/100
|
|-weather|SunnyDay|[upkeep]
|-heal|p2a: Milotic|93/100 brn|[from] item: Leftovers
|-damage|p2a: Milotic|87/100 brn|[from] brn
|upkeep
|turn|16
|
|t:|1760338270
|switch|p2a: Seviper|Seviper, F, shiny|100/100
|move|p1a: Slither Wing|U-turn|p2a: Seviper
|-resisted|p2a: Seviper
|-damage|p2a: Seviper|64/100
|
|t:|1760338282
|-end|p1a: Slither Wing|Protosynthesis|[silent]
|switch|p1a: Iron Moth|Iron Moth|100/100|[from] U-turn
|
|-weather|none
|upkeep
|turn|17
|
|t:|1760338289
|switch|p2a: Milotic|Milotic, F, shiny|87/100 brn
|move|p1a: Iron Moth|Fiery Dance|p2a: Milotic
|-resisted|p2a: Milotic
|-damage|p2a: Milotic|66/100 brn
|-boost|p1a: Iron Moth|spa|1
|
|-heal|p2a: Milotic|72/100 brn|[from] item: Leftovers
|-damage|p2a: Milotic|66/100 brn|[from] brn
|upkeep
|turn|18
|
|t:|1760338298
|-end|p1a: Iron Moth|Quark Drive|[silent]
|switch|p1a: Ninetales|Ninetales, M|46/100
|-weather|SunnyDay|[from] ability: Drought|[of] p1a: Ninetales
|move|p2a: Milotic|Ice Beam|p1a: Ninetales
|-resisted|p1a: Ninetales
|-damage|p1a: Ninetales|34/100
|
|-weather|SunnyDay|[upkeep]
|-heal|p2a: Milotic|72/100 brn|[from] item: Leftovers
|-damage|p2a: Milotic|66/100 brn|[from] brn
|upkeep
|turn|19
|inactive|Menos jungle has 120 seconds left.
|
|t:|1760338319
|move|p1a: Ninetales|Encore|p2a: Milotic
|-start|p2a: Milotic|Encore
|move|p2a: Milotic|Ice Beam|p1a: Ninetales
|-resisted|p1a: Ninetales
|-crit|p1a: Ninetales
|-damage|p1a: Ninetales|13/100
|
|-weather|SunnyDay|[upkeep]
|-heal|p2a: Milotic|72/100 brn|[from] item: Leftovers
|-damage|p2a: Milotic|66/100 brn|[from] brn
|upkeep
|turn|20
|
|t:|1760338334
|switch|p1a: Iron Moth|Iron Moth|100/100
|move|p2a: Milotic|Ice Beam|p1a: Iron Moth
|-resisted|p1a: Iron Moth
|-damage|p1a: Iron Moth|87/100
|
|-weather|SunnyDay|[upkeep]
|-heal|p2a: Milotic|72/100 brn|[from] item: Leftovers
|-damage|p2a: Milotic|66/100 brn|[from] brn
|upkeep
|turn|21
|
|t:|1760338344
|switch|p2a: Dusclops|Dusclops, M, shiny|12/100 brn
|-ability|p2a: Dusclops|Pressure
|move|p1a: Iron Moth|Fiery Dance|p2a: Dusclops
|-damage|p2a: Dusclops|0 fnt
|-boost|p1a: Iron Moth|spa|1
|faint|p2a: Dusclops
|
|-weather|SunnyDay|[upkeep]
|upkeep
|
|t:|1760338353
|switch|p2a: Jirachi|Jirachi, shiny|100/100
|turn|22
|inactive|Menos jungle has 120 seconds left.
|
|t:|1760338374
|-terastallize|p2a: Jirachi|Psychic
|move|p1a: Iron Moth|Fiery Dance|p2a: Jirachi
|-damage|p2a: Jirachi|10/100
|-boost|p1a: Iron Moth|spa|1
|move|p2a: Jirachi|Zen Headbutt|p1a: Iron Moth
|-supereffective|p1a: Iron Moth
|-damage|p1a: Iron Moth|0 fnt
|faint|p1a: Iron Moth
|-end|p1a: Iron Moth|Quark Drive|[silent]
|
|-weather|SunnyDay|[upkeep]
|upkeep
|
|t:|1760338386
|switch|p1a: Raging Bolt|Raging Bolt|75/100
|-activate|p1a: Raging Bolt|ability: Protosynthesis
|-start|p1a: Raging Bolt|protosynthesisspa
|turn|23
|
|t:|1760338395
|move|p1a: Raging Bolt|Volt Switch|p2a: Jirachi
|-damage|p2a: Jirachi|0 fnt
|faint|p2a: Jirachi
|
|t:|1760338403
|-end|p1a: Raging Bolt|Protosynthesis|[silent]
|switch|p1a: Slither Wing|Slither Wing|82/100|[from] Volt Switch
|-activate|p1a: Slither Wing|ability: Protosynthesis
|-start|p1a: Slither Wing|protosynthesisatk
|
|-weather|SunnyDay|[upkeep]
|upkeep
|
|t:|1760338409
|switch|p2a: Slaking|Slaking, F, shiny|100/100
|turn|24
|
|t:|1760338413
|-terastallize|p1a: Slither Wing|Bug
|move|p1a: Slither Wing|First Impression|p2a: Slaking
|-damage|p2a: Slaking|0 fnt
|faint|p2a: Slaking
|
|-weather|SunnyDay|[upkeep]
|upkeep
|
|t:|1760338421
|switch|p2a: Seviper|Seviper, F, shiny|64/100
|turn|25
|
|t:|1760338431
|-end|p1a: Slither Wing|Protosynthesis|[silent]
|switch|p1a: Great Tusk|Great Tusk|100/100
|-activate|p1a: Great Tusk|ability: Protosynthesis
|-start|p1a: Great Tusk|protosynthesisatk
|move|p2a: Seviper|Gunk Shot|p1a: Great Tusk
|-resisted|p1a: Great Tusk
|-damage|p1a: Great Tusk|85/100
|-status|p1a: Great Tusk|psn
|
|-weather|none
|-end|p1a: Great Tusk|Protosynthesis
|-damage|p1a: Great Tusk|73/100 psn|[from] psn
|upkeep
|turn|26
|
|t:|1760338441
|move|p1a: Great Tusk|Headlong Rush|p2a: Seviper
|-supereffective|p2a: Seviper
|-damage|p2a: Seviper|0 fnt
|-unboost|p1a: Great Tusk|def|1
|-unboost|p1a: Great Tusk|spd|1
|faint|p2a: Seviper
|
|-damage|p1a: Great Tusk|61/100 psn|[from] psn
|upkeep
|
|t:|1760338449
|switch|p2a: Milotic|Milotic, F, shiny|66/100 brn
|turn|27
|inactive|Menos jungle has 120 seconds left.
|
|t:|1760338485
|-end|p1a: Great Tusk|Protosynthesis|[silent]
|switch|p1a: Espeon|Espeon, F|100/100
|move|p2a: Milotic|Recover|p2a: Milotic
|-heal|p2a: Milotic|100/100 brn
|
|-damage|p2a: Milotic|94/100 brn|[from] brn
|upkeep
|turn|28
|
|t:|1760338492
|move|p1a: Espeon|Trick|p2a: Milotic
|-activate|p1a: Espeon|move: Trick|[of] p2a: Milotic
|-item|p2a: Milotic|Choice Scarf|[from] move: Trick
|-item|p1a: Espeon|Leftovers|[from] move: Trick
|move|p2a: Milotic|Mirror Coat||[still]
|-fail|p2a: Milotic
|
|-damage|p2a: Milotic|88/100 brn|[from] brn
|upkeep
|turn|29
|inactive|Menos jungle has 120 seconds left.
|c|☆itstheboyjay|you could have jsut kllled me
|c|☆itstheboyjay|dont be a dick
|inactive|Menos jungle has 90 seconds left.
|
|t:|1760338560
|switch|p1a: Ninetales|Ninetales, M|13/100
|-weather|SunnyDay|[from] ability: Drought|[of] p1a: Ninetales
|move|p2a: Milotic|Mirror Coat||[still]
|-fail|p2a: Milotic
|
|-weather|SunnyDay|[upkeep]
|-damage|p2a: Milotic|82/100 brn|[from] brn
|upkeep
|turn|30
|
|t:|1760338568
|move|p1a: Ninetales|Healing Wish|p1a: Ninetales
|faint|p1a: Ninetales
|move|p2a: Milotic|Mirror Coat|p1: Ninetales|[notarget]
|-fail|p2a: Milotic
|
|-weather|SunnyDay|[upkeep]
|-damage|p2a: Milotic|76/100 brn|[from] brn
|upkeep
|
|t:|1760338572
|switch|p1a: Great Tusk|Great Tusk|61/100 psn
|-heal|p1a: Great Tusk|100/100|[from] move: Healing Wish
|-activate|p1a: Great Tusk|ability: Protosynthesis
|-start|p1a: Great Tusk|protosynthesisatk
|turn|31
|
|t:|1760338581
|move|p1a: Great Tusk|Headlong Rush|p2a: Milotic
|-damage|p2a: Milotic|0 fnt
|-unboost|p1a: Great Tusk|def|1
|-unboost|p1a: Great Tusk|spd|1
|faint|p2a: Milotic
|
|win|Menos jungle
|raw|Menos jungle's rating: 1185 &rarr; <strong>1208</strong><br />(+23 for winning)
|raw|itstheboyjay's rating: 1163 &rarr; <strong>1140</strong><br />(-23 for losing)
|l|☆itstheboyjay
|player|p2|
|l|☆Menos jungle
|player|p1|
