|j|☆0us
|j|☆MrDinosaur128
|inactive|Battle timer is ON: inactive players will automatically lose when time's up.
|t:|1760402254
|gametype|singles
|player|p1|0us|lucas|
|player|p2|MrDinosaur128|pokemaniac|
|gen|9
|tier|[Gen 9] OU
|rated|Tournament battle
|rule|HP Percentage Mod: HP is shown in percentages
|rule|Endless Battle Clause: Forcing endless battles is banned
|rule|Species Clause: Limit one of each Pokémon
|rule|OHKO Clause: OHKO moves are banned
|rule|Evasion Items Clause: Evasion items are banned
|rule|Evasion Moves Clause: Evasion moves are banned
|rule|Evasion Abilities Clause: Evasion abilities are banned
|rule|Sleep Moves Clause: Sleep-inducing moves are banned
|clearpoke
|poke|p1|Deoxys-Speed|
|poke|p1|Iron Crown|
|poke|p1|Ogerpon-Wellspring, F|
|poke|p1|Raging Bolt|
|poke|p1|Ceruledge, F|
|poke|p1|Iron Jugulis|
|poke|p2|Kingambit, F|
|poke|p2|Kyurem|
|poke|p2|Gholdengo|
|poke|p2|Araquanid, F|
|poke|p2|Dragapult, F|
|poke|p2|Ting-Lu|
|teampreview
|j| Larp Legion
|
|t:|1760402268
|teamsize|p1|6
|teamsize|p2|6
|start
|switch|p1a: Deoxys|Deoxys-Speed|100/100
|switch|p2a: Araquanid|Araquanid, F|100/100
|-ability|p1a: Deoxys|Pressure
|turn|1
|
|t:|1760402277
|move|p1a: Deoxys|Taunt|p2a: Araquanid
|-start|p2a: Araquanid|move: Taunt
|move|p2a: Araquanid|Liquidation|p1a: Deoxys
|-damage|p1a: Deoxys|16/100
|
|upkeep
|turn|2
|
|t:|1760402285
|move|p1a: Deoxys|Reflect|p1a: Deoxys
|-sidestart|p1: 0us|Reflect
|move|p2a: Araquanid|Liquidation|p1a: Deoxys
|-damage|p1a: Deoxys|0 fnt
|faint|p1a: Deoxys
|
|upkeep
|
|t:|1760402291
|switch|p1a: Iron Mugulis|Iron Jugulis|100/100
|-enditem|p1a: Iron Mugulis|Booster Energy
|-activate|p1a: Iron Mugulis|ability: Quark Drive|[fromitem]
|-start|p1a: Iron Mugulis|quarkdrivespe
|turn|3
|
|t:|1760402305
|move|p1a: Iron Mugulis|Work Up|p1a: Iron Mugulis
|-boost|p1a: Iron Mugulis|atk|1
|-boost|p1a: Iron Mugulis|spa|1
|move|p2a: Araquanid|Mirror Coat||[still]
|-fail|p2a: Araquanid
|
|-end|p2a: Araquanid|move: Taunt
|upkeep
|turn|4
|
|t:|1760402313
|move|p1a: Iron Mugulis|Taunt|p2a: Araquanid
|-start|p2a: Araquanid|move: Taunt
|move|p2a: Araquanid|Mirror Coat||[still]
|-fail|p2a: Araquanid
|
|upkeep
|turn|5
|j| mr.creep69
|
|t:|1760402325
|move|p1a: Iron Mugulis|Work Up|p1a: Iron Mugulis
|-boost|p1a: Iron Mugulis|atk|1
|-boost|p1a: Iron Mugulis|spa|1
|move|p2a: Araquanid|Leech Life|p1a: Iron Mugulis
|-damage|p1a: Iron Mugulis|81/100
|
|upkeep
|turn|6
|l| mr.creep69
|inactive|0us has 120 seconds left.
|
|t:|1760402375
|move|p1a: Iron Mugulis|Hurricane|p2a: Araquanid|[miss]
|-miss|p1a: Iron Mugulis|p2a: Araquanid
|move|p2a: Araquanid|Mirror Coat||[still]
|-fail|p2a: Araquanid
|
|-end|p2a: Araquanid|move: Taunt
|upkeep
|turn|7
|
|t:|1760402381
|move|p1a: Iron Mugulis|Hurricane|p2a: Araquanid
|-supereffective|p2a: Araquanid
|-enditem|p2a: Araquanid|Focus Sash
|-damage|p2a: Araquanid|1/100
|move|p2a: Araquanid|Sticky Web|p1a: Iron Mugulis
|-sidestart|p1: 0us|move: Sticky Web
|
|upkeep
|turn|8
|
|t:|1760402392
|move|p1a: Iron Mugulis|Hurricane|p2a: Araquanid|[miss]
|-miss|p1a: Iron Mugulis|p2a: Araquanid
|move|p2a: Araquanid|Leech Life|p1a: Iron Mugulis
|-damage|p1a: Iron Mugulis|63/100
|-heal|p2a: Araquanid|10/100|[from] drain|[of] p1a: Iron Mugulis
|
|upkeep
|turn|9
|
|t:|1760402402
|move|p1a: Iron Mugulis|Hurricane|p2a: Araquanid
|-supereffective|p2a: Araquanid
|-damage|p2a: Araquanid|0 fnt
|faint|p2a: Araquanid
|
|-sideend|p1: 0us|Reflect
|upkeep
|
|t:|1760402404
|switch|p2a: Ting-Lu|Ting-Lu|100/100
|-ability|p2a: Ting-Lu|Vessel of Ruin
|turn|10
|
|t:|1760402408
|move|p1a: Iron Mugulis|Taunt|p2a: Ting-Lu
|-start|p2a: Ting-Lu|move: Taunt
|cant|p2a: Ting-Lu|move: Taunt|Whirlwind
|
|upkeep
|turn|11
|
|t:|1760402430
|switch|p2a: Kyurem|Kyurem|100/100
|-ability|p2a: Kyurem|Pressure
|move|p1a: Iron Mugulis|Hurricane|p2a: Kyurem
|-damage|p2a: Kyurem|0 fnt
|faint|p2a: Kyurem
|
|upkeep
|
|t:|1760402432
|switch|p2a: Gholdengo|Gholdengo|100/100
|turn|12
|
|t:|1760402445
|-terastallize|p2a: Gholdengo|Fairy
|move|p1a: Iron Mugulis|Hurricane|p2a: Gholdengo
|-damage|p2a: Gholdengo|0 fnt
|faint|p2a: Gholdengo
|
|upkeep
|
|t:|1760402457
|switch|p2a: Kingambit|Kingambit, F|100/100
|-activate|p2a: Kingambit|ability: Supreme Overlord
|-start|p2a: Kingambit|fallen3|[silent]
|turn|13
|
|t:|1760402463
|move|p1a: Iron Mugulis|Earth Power|p2a: Kingambit
|-supereffective|p2a: Kingambit
|-damage|p2a: Kingambit|0 fnt
|faint|p2a: Kingambit
|-end|p2a: Kingambit|fallen3|[silent]
|
|upkeep
|-message|MrDinosaur128 forfeited.
|
|win|0us
|n|☆0us|0us
|n|☆MrDinosaur128|mrdinosaur128
|n| Larp Legion|larplegion
|l|☆MrDinosaur128
|player|p2|
|c|☆0us|gg
