|j|☆yuanyuchen
|j|☆wgy191919
|t:|1760416908
|gametype|singles
|player|p1|yuanyuchen|101|1489
|player|p2|wgy191919|170|1522
|gen|9
|tier|[Gen 9] OU
|rated|
|rule|HP Percentage Mod: HP is shown in percentages
|rule|Endless Battle Clause: Forcing endless battles is banned
|rule|Species Clause: Limit one of each Pokémon
|rule|OHKO Clause: OHKO moves are banned
|rule|Evasion Items Clause: Evasion items are banned
|rule|Evasion Moves Clause: Evasion moves are banned
|rule|Evasion Abilities Clause: Evasion abilities are banned
|rule|Sleep Moves Clause: Sleep-inducing moves are banned
|clearpoke
|poke|p1|Zapdos|
|poke|p1|Great Tusk|
|poke|p1|Lokix, F|
|poke|p1|Iron Crown|
|poke|p1|Zamazenta-*|
|poke|p1|Alomomola, F|
|poke|p2|Dragonite, F|
|poke|p2|Hatterene, F|
|poke|p2|Kyurem|
|poke|p2|Ting-Lu|
|poke|p2|Gengar, F|
|poke|p2|Volcanion|
|teampreview
|inactive|Battle timer is ON: inactive players will automatically lose when time's up. (requested by wgy191919)
|
|t:|1760416928
|teamsize|p1|6
|teamsize|p2|6
|start
|switch|p1a: Iron Crown|Iron Crown|100/100
|switch|p2a: Kyurem|Kyurem|100/100
|-ability|p2a: Kyurem|Pressure
|turn|1
|
|t:|1760416945
|move|p1a: Iron Crown|Psychic Noise|p2a: Kyurem
|-damage|p2a: Kyurem|50/100
|-start|p2a: Kyurem|move: Heal Block
|move|p2a: Kyurem|Earth Power|p1a: Iron Crown
|-supereffective|p1a: Iron Crown
|-damage|p1a: Iron Crown|13/100
|
|upkeep
|turn|2
|
|t:|1760416960
|-end|p1a: Iron Crown|Quark Drive|[silent]
|switch|p1a: Alomomola|Alomomola, F|100/100
|switch|p2a: Ting-Lu|Ting-Lu|100/100
|-ability|p2a: Ting-Lu|Vessel of Ruin
|
|upkeep
|turn|3
|
|t:|1760416969
|switch|p2a: Volcanion|Volcanion|100/100
|move|p1a: Alomomola|Flip Turn|p2a: Volcanion
|-immune|p2a: Volcanion|[from] ability: Water Absorb
|
|upkeep
|turn|4
|
|t:|1760416987
|move|p2a: Volcanion|Flamethrower|p1a: Alomomola
|-resisted|p1a: Alomomola
|-damage|p1a: Alomomola|90/100
|move|p1a: Alomomola|Mirror Coat|p2a: Volcanion
|-damage|p2a: Volcanion|72/100
|
|upkeep
|turn|5
|
|t:|1760416997
|move|p2a: Volcanion|Body Press|p1a: Alomomola
|-damage|p1a: Alomomola|71/100
|move|p1a: Alomomola|Play Rough|p2a: Volcanion
|-resisted|p2a: Volcanion
|-damage|p2a: Volcanion|67/100
|
|upkeep
|turn|6
|
|t:|1760417017
|switch|p1a: Zapdos|Zapdos, shiny|100/100
|move|p2a: Volcanion|Flamethrower|p1a: Zapdos
|-damage|p1a: Zapdos|64/100
|
|upkeep
|turn|7
|
|t:|1760417030
|switch|p2a: Ting-Lu|Ting-Lu|100/100
|-ability|p2a: Ting-Lu|Vessel of Ruin
|move|p1a: Zapdos|U-turn|p2a: Ting-Lu
|-supereffective|p2a: Ting-Lu
|-damage|p2a: Ting-Lu|86/100
|inactive|yuanyuchen has 120 seconds left.
|
|t:|1760417042
|switch|p1a: Lokix|Lokix, F, shiny|100/100|[from] U-turn
|
|-heal|p2a: Ting-Lu|92/100|[from] item: Leftovers
|upkeep
|turn|8
|
|t:|1760417048
|switch|p2a: Volcanion|Volcanion|67/100
|move|p1a: Lokix|Leech Life|p2a: Volcanion
|-resisted|p2a: Volcanion
|-damage|p2a: Volcanion|34/100
|
|upkeep
|turn|9
|
|t:|1760417061
|move|p1a: Lokix|Leech Life|p2a: Volcanion
|-resisted|p2a: Volcanion
|-damage|p2a: Volcanion|0 fnt
|faint|p2a: Volcanion
|
|upkeep
|
|t:|1760417069
|switch|p2a: Kyurem|Kyurem|50/100
|-ability|p2a: Kyurem|Pressure
|turn|10
|
|t:|1760417086
|switch|p1a: Alomomola|Alomomola, F|100/100
|move|p2a: Kyurem|Freeze-Dry|p1a: Alomomola
|-supereffective|p1a: Alomomola
|-damage|p1a: Alomomola|41/100
|
|upkeep
|turn|11
|inactive|yuanyuchen has 120 seconds left.
|
|t:|1760417102
|-terastallize|p1a: Alomomola|Fairy
|move|p2a: Kyurem|Freeze-Dry|p1a: Alomomola
|-crit|p1a: Alomomola
|-damage|p1a: Alomomola|0 fnt
|faint|p1a: Alomomola
|
|upkeep
|inactive|yuanyuchen has 120 seconds left.
|
|t:|1760417116
|switch|p1a: Lokix|Lokix, F, shiny|100/100
|turn|12
|
|t:|1760417131
|move|p1a: Lokix|First Impression|p2a: Kyurem
|-damage|p2a: Kyurem|0 fnt
|faint|p2a: Kyurem
|
|upkeep
|
|t:|1760417137
|switch|p2a: Dragonite|Dragonite, F|100/100
|turn|13
|inactive|yuanyuchen has 120 seconds left.
|
|t:|1760417159
|switch|p1a: Zamazenta|Zamazenta|100/100
|-ability|p1a: Zamazenta|Dauntless Shield|boost
|-boost|p1a: Zamazenta|def|1
|move|p2a: Dragonite|Dragon Dance|p2a: Dragonite
|-boost|p2a: Dragonite|atk|1
|-boost|p2a: Dragonite|spe|1
|
|upkeep
|turn|14
|
|t:|1760417180
|move|p1a: Zamazenta|Ice Fang|p2a: Dragonite
|-supereffective|p2a: Dragonite
|-damage|p2a: Dragonite|38/100
|move|p2a: Dragonite|Dragon Dance|p2a: Dragonite
|-boost|p2a: Dragonite|atk|1
|-boost|p2a: Dragonite|spe|1
|
|upkeep
|turn|15
|
|t:|1760417193
|-terastallize|p2a: Dragonite|Fairy
|move|p2a: Dragonite|Roost|p2a: Dragonite
|-heal|p2a: Dragonite|88/100
|move|p1a: Zamazenta|Ice Fang|p2a: Dragonite
|-damage|p2a: Dragonite|57/100
|
|upkeep
|turn|16
|inactive|yuanyuchen has 120 seconds left.
|
|t:|1760417209
|switch|p1a: Iron Crown|Iron Crown|13/100
|move|p2a: Dragonite|Roost|p2a: Dragonite
|-heal|p2a: Dragonite|100/100
|
|upkeep
|turn|17
|
|t:|1760417216
|move|p2a: Dragonite|Earthquake|p1a: Iron Crown
|-supereffective|p1a: Iron Crown
|-damage|p1a: Iron Crown|0 fnt
|faint|p1a: Iron Crown
|-end|p1a: Iron Crown|Quark Drive|[silent]
|
|upkeep
|inactive|yuanyuchen has 120 seconds left.
|
|t:|1760417229
|switch|p1a: Lokix|Lokix, F, shiny|100/100
|turn|18
|
|t:|1760417232
|move|p1a: Lokix|First Impression|p2a: Dragonite
|-resisted|p2a: Dragonite
|-damage|p2a: Dragonite|73/100
|move|p2a: Dragonite|Tera Blast|p1a: Lokix|[anim] Tera Blast Fairy
|-supereffective|p1a: Lokix
|-crit|p1a: Lokix
|-damage|p1a: Lokix|0 fnt
|faint|p1a: Lokix
|
|upkeep
|inactive|yuanyuchen has 120 seconds left.
|
|t:|1760417248
|switch|p1a: Zamazenta|Zamazenta|100/100
|turn|19
|
|t:|1760417255
|move|p2a: Dragonite|Tera Blast|p1a: Zamazenta|[anim] Tera Blast Fairy
|-supereffective|p1a: Zamazenta
|-damage|p1a: Zamazenta|0 fnt
|faint|p1a: Zamazenta
|
|upkeep
|-message|yuanyuchen forfeited.
|
|win|wgy191919
|raw|yuanyuchen's rating: 1489 &rarr; <strong>1471</strong><br />(-18 for losing)
|raw|wgy191919's rating: 1522 &rarr; <strong>1540</strong><br />(+18 for winning)
|l|☆yuanyuchen
|player|p1|
|l|☆wgy191919
|player|p2|
