|j|☆pcklee
|j|☆winslowyoudog
|t:|1760455359
|gametype|singles
|player|p1|pcklee|102|1669
|player|p2|winslowyoudog|169|1791
|gen|9
|tier|[Gen 9] OU
|rated|
|rule|HP Percentage Mod: HP is shown in percentages
|rule|Endless Battle Clause: Forcing endless battles is banned
|rule|Species Clause: Limit one of each Pokémon
|rule|OHKO Clause: OHKO moves are banned
|rule|Evasion Items Clause: Evasion items are banned
|rule|Evasion Moves Clause: Evasion moves are banned
|rule|Evasion Abilities Clause: Evasion abilities are banned
|rule|Sleep Moves Clause: Sleep-inducing moves are banned
|clearpoke
|poke|p1|Kingambit, F|
|poke|p1|Great Tusk|
|poke|p1|Dragapult, M|
|poke|p1|Iron Valiant|
|poke|p1|Heatran, F|
|poke|p1|Rillaboom, M|
|poke|p2|Gliscor, M|
|poke|p2|Ting-Lu|
|poke|p2|Ogerpon-Wellspring, F|
|poke|p2|Gholdengo|
|poke|p2|Dragonite, F|
|poke|p2|Glimmora, M|
|teampreview
|
|t:|1760455384
|teamsize|p1|6
|teamsize|p2|6
|start
|switch|p1a: Dragapult|Dragapult, M|100/100
|switch|p2a: Ting-Lu|Ting-Lu|100/100
|-ability|p2a: Ting-Lu|Vessel of Ruin
|turn|1
|
|t:|1760455406
|move|p1a: Dragapult|Will-O-Wisp|p2a: Ting-Lu
|-status|p2a: Ting-Lu|brn
|move|p2a: Ting-Lu|Stealth Rock|p1a: Dragapult
|-sidestart|p1: pcklee|move: Stealth Rock
|
|-damage|p2a: Ting-Lu|94/100 brn|[from] brn
|upkeep
|turn|2
|
|t:|1760455415
|move|p1a: Dragapult|U-turn|p2a: Ting-Lu
|-supereffective|p2a: Ting-Lu
|-crit|p2a: Ting-Lu
|-damage|p2a: Ting-Lu|65/100 brn
|
|t:|1760455424
|switch|p1a: Rillaboom|Rillaboom, M|100/100|[from] U-turn
|-damage|p1a: Rillaboom|88/100|[from] Stealth Rock
|-fieldstart|move: Grassy Terrain|[from] ability: Grassy Surge|[of] p1a: Rillaboom
|move|p2a: Ting-Lu|Ruination|p1a: Rillaboom
|-damage|p1a: Rillaboom|44/100
|
|-heal|p1a: Rillaboom|50/100|[from] Grassy Terrain
|-heal|p2a: Ting-Lu|71/100 brn|[from] Grassy Terrain
|-heal|p2a: Ting-Lu|77/100 brn|[from] item: Leftovers
|-damage|p2a: Ting-Lu|71/100 brn|[from] brn
|upkeep
|turn|3
|
|t:|1760455436
|switch|p2a: Glimmora|Glimmora, M|100/100
|move|p1a: Rillaboom|U-turn|p2a: Glimmora
|-resisted|p2a: Glimmora
|-damage|p2a: Glimmora|85/100
|-activate|p2a: Glimmora|ability: Toxic Debris
|-sidestart|p1: pcklee|move: Toxic Spikes
|-enditem|p2a: Glimmora|Red Card|[of] p1a: Rillaboom
|drag|p1a: Heatran|Heatran, F|100/100
|-damage|p1a: Heatran|88/100|[from] Stealth Rock
|
|-heal|p2a: Glimmora|91/100|[from] Grassy Terrain
|-heal|p1a: Heatran|94/100|[from] Grassy Terrain
|-heal|p1a: Heatran|100/100|[from] item: Leftovers
|upkeep
|turn|4
|
|t:|1760455454
|move|p2a: Glimmora|Earth Power|p1a: Heatran
|-supereffective|p1a: Heatran
|-damage|p1a: Heatran|30/100
|move|p1a: Heatran|Flash Cannon|p2a: Glimmora
|-supereffective|p2a: Glimmora
|-damage|p2a: Glimmora|16/100
|
|-heal|p2a: Glimmora|22/100|[from] Grassy Terrain
|-heal|p1a: Heatran|36/100|[from] Grassy Terrain
|-heal|p1a: Heatran|42/100|[from] item: Leftovers
|upkeep
|turn|5
|
|t:|1760455477
|-terastallize|p1a: Heatran|Grass
|move|p2a: Glimmora|Earth Power|p1a: Heatran
|-resisted|p1a: Heatran
|-damage|p1a: Heatran|34/100
|move|p1a: Heatran|Stealth Rock|p2a: Glimmora
|-sidestart|p2: winslowyoudog|move: Stealth Rock
|
|-heal|p2a: Glimmora|29/100|[from] Grassy Terrain
|-heal|p1a: Heatran|40/100|[from] Grassy Terrain
|-heal|p1a: Heatran|46/100|[from] item: Leftovers
|upkeep
|turn|6
|
|t:|1760455490
|move|p2a: Glimmora|Mortal Spin|p1a: Heatran
|-supereffective|p1a: Heatran
|-damage|p1a: Heatran|35/100
|-status|p1a: Heatran|psn
|-sideend|p2: winslowyoudog|Stealth Rock|[from] move: Mortal Spin|[of] p2a: Glimmora
|move|p1a: Heatran|Magma Storm|p2a: Glimmora
|-resisted|p2a: Glimmora
|-damage|p2a: Glimmora|5/100
|-activate|p2a: Glimmora|move: Magma Storm|[of] p1a: Heatran
|
|-heal|p2a: Glimmora|11/100|[from] Grassy Terrain
|-heal|p1a: Heatran|42/100 psn|[from] Grassy Terrain
|-heal|p1a: Heatran|48/100 psn|[from] item: Leftovers
|-damage|p1a: Heatran|35/100 psn|[from] psn
|-damage|p2a: Glimmora|0 fnt|[from] move: Magma Storm|[partiallytrapped]
|faint|p2a: Glimmora
|-fieldend|move: Grassy Terrain
|upkeep
|
|t:|1760455508
|switch|p2a: Gholdengo|Gholdengo|100/100
|turn|7
|
|t:|1760455512
|move|p2a: Gholdengo|Shadow Ball|p1a: Heatran
|-damage|p1a: Heatran|9/100 psn
|move|p1a: Heatran|Magma Storm|p2a: Gholdengo
|-supereffective|p2a: Gholdengo
|-damage|p2a: Gholdengo|0 fnt
|faint|p2a: Gholdengo
|
|-heal|p1a: Heatran|15/100 psn|[from] item: Leftovers
|-damage|p1a: Heatran|3/100 psn|[from] psn
|upkeep
|
|t:|1760455533
|switch|p2a: Gliscor|Gliscor, M|100/100
|turn|8
|
|t:|1760455547
|switch|p1a: Great Tusk|Great Tusk|100/100
|move|p2a: Gliscor|Protect||[still]
|-fail|p2a: Gliscor
|
|-status|p2a: Gliscor|tox|[from] item: Toxic Orb
|upkeep
|turn|9
|
|t:|1760455578
|switch|p2a: Ogerpon|Ogerpon-Wellspring, F|100/100
|move|p1a: Great Tusk|Rapid Spin|p2a: Ogerpon
|-crit|p2a: Ogerpon
|-damage|p2a: Ogerpon|70/100
|-boost|p1a: Great Tusk|spe|1
|-sideend|p1: pcklee|Toxic Spikes|[from] move: Rapid Spin|[of] p1a: Great Tusk
|-sideend|p1: pcklee|Stealth Rock|[from] move: Rapid Spin|[of] p1a: Great Tusk
|
|upkeep
|turn|10
|
|t:|1760455596
|move|p1a: Great Tusk|Close Combat|p2a: Ogerpon
|-damage|p2a: Ogerpon|6/100
|-unboost|p1a: Great Tusk|def|1
|-unboost|p1a: Great Tusk|spd|1
|move|p2a: Ogerpon|Ivy Cudgel|p1a: Great Tusk|[anim] Ivy Cudgel Water
|-supereffective|p1a: Great Tusk
|-damage|p1a: Great Tusk|0 fnt
|faint|p1a: Great Tusk
|-end|p1a: Great Tusk|Protosynthesis|[silent]
|
|upkeep
|
|t:|1760455614
|switch|p1a: Dragapult|Dragapult, M|100/100
|turn|11
|j| poor ce
|
|t:|1760455626
|switch|p2a: Ting-Lu|Ting-Lu|71/100 brn
|-ability|p2a: Ting-Lu|Vessel of Ruin
|move|p1a: Dragapult|U-turn|p2a: Ting-Lu
|-supereffective|p2a: Ting-Lu
|-damage|p2a: Ting-Lu|50/100 brn
|j| JustAbsolvement
|j| bigtestsofbig
|l| JustAbsolvement
|
|t:|1760455663
|switch|p1a: Rillaboom|Rillaboom, M|50/100|[from] U-turn
|-fieldstart|move: Grassy Terrain|[from] ability: Grassy Surge|[of] p1a: Rillaboom
|
|-heal|p1a: Rillaboom|56/100|[from] Grassy Terrain
|-heal|p2a: Ting-Lu|56/100 brn|[from] Grassy Terrain
|-heal|p2a: Ting-Lu|62/100 brn|[from] item: Leftovers
|-damage|p2a: Ting-Lu|56/100 brn|[from] brn
|upkeep
|turn|12
|
|t:|1760455679
|move|p1a: Rillaboom|Wood Hammer|p2a: Ting-Lu
|-supereffective|p2a: Ting-Lu
|-damage|p2a: Ting-Lu|0 fnt
|faint|p2a: Ting-Lu
|-damage|p1a: Rillaboom|30/100|[from] Recoil
|
|-heal|p1a: Rillaboom|37/100|[from] Grassy Terrain
|upkeep
|
|t:|1760455694
|switch|p2a: Dragonite|Dragonite, F|100/100
|turn|13
|
|t:|1760455724
|move|p2a: Dragonite|Rock Slide|p1a: Rillaboom|[miss]
|-miss|p2a: Dragonite|p1a: Rillaboom
|move|p1a: Rillaboom|Wood Hammer|p2a: Dragonite
|-resisted|p2a: Dragonite
|-damage|p2a: Dragonite|82/100
|-damage|p1a: Rillaboom|31/100|[from] Recoil
|
|-heal|p1a: Rillaboom|37/100|[from] Grassy Terrain
|upkeep
|turn|14
|c|☆pcklee|mb
|
|t:|1760455735
|move|p2a: Dragonite|Extreme Speed|p1a: Rillaboom
|-damage|p1a: Rillaboom|7/100
|move|p1a: Rillaboom|Wood Hammer|p2a: Dragonite
|-resisted|p2a: Dragonite
|-damage|p2a: Dragonite|43/100
|-damage|p1a: Rillaboom|0 fnt|[from] Recoil
|faint|p1a: Rillaboom
|
|upkeep
|j| abGodc
|j| 54 Insane Rats
|
|t:|1760455790
|switch|p1a: Dragapult|Dragapult, M|100/100
|turn|15
|
|t:|1760455794
|switch|p2a: Ogerpon|Ogerpon-Wellspring, F|6/100
|move|p1a: Dragapult|Draco Meteor|p2a: Ogerpon
|-damage|p2a: Ogerpon|0 fnt
|-unboost|p1a: Dragapult|spa|2
|faint|p2a: Ogerpon
|
|-fieldend|move: Grassy Terrain
|upkeep
|
|t:|1760455796
|switch|p2a: Gliscor|Gliscor, M|100/100 tox
|turn|16
|
|t:|1760455803
|switch|p1a: Heatran|Heatran, F, tera:Grass|3/100 psn
|move|p2a: Gliscor|Swords Dance|p2a: Gliscor
|-boost|p2a: Gliscor|atk|2
|
|-heal|p1a: Heatran|9/100 psn|[from] item: Leftovers
|-damage|p1a: Heatran|0 fnt|[from] psn
|faint|p1a: Heatran
|upkeep
|l| abGodc
|
|t:|1760455838
|switch|p1a: Iron Valiant|Iron Valiant|100/100
|-enditem|p1a: Iron Valiant|Booster Energy
|-activate|p1a: Iron Valiant|ability: Quark Drive|[fromitem]
|-start|p1a: Iron Valiant|quarkdrivespe
|turn|17
|
|t:|1760455847
|-terastallize|p2a: Gliscor|Fairy
|move|p1a: Iron Valiant|Moonblast|p2a: Gliscor
|-damage|p2a: Gliscor|44/100 tox
|move|p2a: Gliscor|Tera Blast|p1a: Iron Valiant|[anim] Tera Blast Fairy
|-supereffective|p1a: Iron Valiant
|-damage|p1a: Iron Valiant|0 fnt
|faint|p1a: Iron Valiant
|-end|p1a: Iron Valiant|Quark Drive|[silent]
|
|-heal|p2a: Gliscor|57/100 tox|[from] ability: Poison Heal
|upkeep
|
|t:|1760455865
|switch|p1a: Kingambit|Kingambit, F|100/100
|-activate|p1a: Kingambit|ability: Supreme Overlord
|-start|p1a: Kingambit|fallen4|[silent]
|turn|18
|
|t:|1760455873
|move|p2a: Gliscor|Earthquake|p1a: Kingambit
|-supereffective|p1a: Kingambit
|-damage|p1a: Kingambit|5/100
|move|p1a: Kingambit|Iron Head|p2a: Gliscor
|-supereffective|p2a: Gliscor
|-damage|p2a: Gliscor|0 fnt
|faint|p2a: Gliscor
|
|-heal|p1a: Kingambit|11/100|[from] item: Leftovers
|upkeep
|
|t:|1760455883
|switch|p2a: Dragonite|Dragonite, F|43/100
|turn|19
|
|t:|1760455899
|move|p2a: Dragonite|Extreme Speed|p1a: Kingambit
|-resisted|p1a: Kingambit
|-damage|p1a: Kingambit|0 fnt
|faint|p1a: Kingambit
|-end|p1a: Kingambit|fallen4|[silent]
|
|upkeep
|
|t:|1760455904
|switch|p1a: Dragapult|Dragapult, M|100/100
|turn|20
|
|t:|1760455910
|move|p1a: Dragapult|Draco Meteor|p2a: Dragonite
|-supereffective|p2a: Dragonite
|-damage|p2a: Dragonite|0 fnt
|-unboost|p1a: Dragapult|spa|2
|faint|p2a: Dragonite
|
|win|pcklee
|raw|pcklee's rating: 1669 &rarr; <strong>1696</strong><br />(+27 for winning)
|raw|winslowyoudog's rating: 1791 &rarr; <strong>1764</strong><br />(-27 for losing)
|c|☆pcklee|gg
|l|☆winslowyoudog
|player|p2|
|c|☆pcklee|wp
|l| 54 Insane Rats
|l|☆pcklee
|player|p1|
|l| poor ce
