|j|☆Buterte
|j|☆wonderfulmasterog
|t:|1760324282
|gametype|singles
|player|p1|Buterte|skier|1161
|player|p2|wonderfulmasterog|psychic|1125
|gen|9
|tier|[Gen 9] OU
|rated|
|rule|HP Percentage Mod: HP is shown in percentages
|rule|Endless Battle Clause: Forcing endless battles is banned
|rule|Species Clause: Limit one of each Pokémon
|rule|OHKO Clause: OHKO moves are banned
|rule|Evasion Items Clause: Evasion items are banned
|rule|Evasion Moves Clause: Evasion moves are banned
|rule|Evasion Abilities Clause: Evasion abilities are banned
|rule|Sleep Moves Clause: Sleep-inducing moves are banned
|clearpoke
|poke|p1|Dondozo, F|
|poke|p1|Blissey, F|
|poke|p1|Corviknight, F|
|poke|p1|Weezing-Galar, F|
|poke|p1|Gliscor, F|
|poke|p1|Toxapex, F|
|poke|p2|Dunsparce, M|
|poke|p2|Jirachi|
|poke|p2|Feraligatr, M|
|poke|p2|Garganacl, M|
|poke|p2|Deoxys-Speed|
|poke|p2|Alomomola, F|
|teampreview
|inactive|Battle timer is ON: inactive players will automatically lose when time's up. (requested by wonderfulmasterog)
|
|t:|1760324312
|teamsize|p1|6
|teamsize|p2|6
|start
|switch|p1a: FATASS #2|Gliscor, F|100/100
|switch|p2a: Deoxys|Deoxys-Speed|100/100
|-ability|p2a: Deoxys|Pressure
|turn|1
|
|t:|1760324326
|move|p2a: Deoxys|Knock Off|p1a: FATASS #2
|-damage|p1a: FATASS #2|73/100
|-enditem|p1a: FATASS #2|Toxic Orb|[from] move: Knock Off|[of] p2a: Deoxys
|move|p1a: FATASS #2|Spikes|p2a: Deoxys
|-sidestart|p2: wonderfulmasterog|Spikes
|
|upkeep
|turn|2
|
|t:|1760324344
|switch|p2a: Garganacl|Garganacl, M, shiny|100/100
|-damage|p2a: Garganacl|88/100|[from] Spikes
|move|p1a: FATASS #2|Spikes|p2a: Garganacl
|-sidestart|p2: wonderfulmasterog|Spikes
|
|-heal|p2a: Garganacl|94/100|[from] item: Leftovers
|upkeep
|turn|3
|
|t:|1760324353
|move|p1a: FATASS #2|Spikes|p2a: Garganacl
|-sidestart|p2: wonderfulmasterog|Spikes
|move|p2a: Garganacl|Salt Cure|p1a: FATASS #2
|-crit|p1a: FATASS #2
|-damage|p1a: FATASS #2|57/100
|-start|p1a: FATASS #2|Salt Cure
|
|-heal|p2a: Garganacl|100/100|[from] item: Leftovers
|-damage|p1a: FATASS #2|44/100|[from] Salt Cure
|upkeep
|turn|4
|
|t:|1760324367
|move|p1a: FATASS #2|Earthquake|p2a: Garganacl
|-supereffective|p2a: Garganacl
|-damage|p2a: Garganacl|57/100
|move|p2a: Garganacl|Curse|p2a: Garganacl
|-unboost|p2a: Garganacl|spe|1
|-boost|p2a: Garganacl|atk|1
|-boost|p2a: Garganacl|def|1
|
|-heal|p2a: Garganacl|63/100|[from] item: Leftovers
|-damage|p1a: FATASS #2|32/100|[from] Salt Cure
|upkeep
|turn|5
|
|t:|1760324383
|switch|p1a: FATASS #6|Weezing-Galar, F|100/100
|-ability|p1a: FATASS #6|Neutralizing Gas
|move|p2a: Garganacl|Recover|p2a: Garganacl
|-heal|p2a: Garganacl|100/100
|
|upkeep
|turn|6
|
|t:|1760324391
|move|p1a: FATASS #6|Will-O-Wisp|p2a: Garganacl|[miss]
|-miss|p1a: FATASS #6|p2a: Garganacl
|move|p2a: Garganacl|Salt Cure|p1a: FATASS #6
|-damage|p1a: FATASS #6|88/100
|-start|p1a: FATASS #6|Salt Cure
|
|-damage|p1a: FATASS #6|75/100|[from] Salt Cure
|upkeep
|turn|7
|
|t:|1760324403
|switch|p2a: Deoxys|Deoxys-Speed|100/100
|-damage|p2a: Deoxys|76/100|[from] Spikes
|move|p1a: FATASS #6|Will-O-Wisp|p2a: Deoxys
|-status|p2a: Deoxys|brn
|
|-damage|p2a: Deoxys|70/100 brn|[from] brn
|-damage|p1a: FATASS #6|63/100|[from] Salt Cure
|upkeep
|turn|8
|
|t:|1760324418
|-end|p1a: FATASS #6|ability: Neutralizing Gas
|-ability|p2a: Deoxys|Pressure
|switch|p1a: FATASS #4|Blissey, F|100/100
|move|p2a: Deoxys|Trick|p1a: FATASS #4
|-activate|p2a: Deoxys|move: Trick|[of] p1a: FATASS #4
|-item|p1a: FATASS #4|Choice Band|[from] move: Trick
|-item|p2a: Deoxys|Leftovers|[from] move: Trick
|
|-heal|p2a: Deoxys|76/100 brn|[from] item: Leftovers
|-damage|p2a: Deoxys|70/100 brn|[from] brn
|upkeep
|turn|9
|
|t:|1760324428
|move|p2a: Deoxys|Stealth Rock|p1a: FATASS #4
|-sidestart|p1: Buterte|move: Stealth Rock
|move|p1a: FATASS #4|Stealth Rock|p2a: Deoxys
|-sidestart|p2: wonderfulmasterog|move: Stealth Rock
|
|-heal|p2a: Deoxys|76/100 brn|[from] item: Leftovers
|-damage|p2a: Deoxys|70/100 brn|[from] brn
|upkeep
|turn|10
|
|t:|1760324437
|switch|p1a: FATASS #1|Toxapex, F|100/100
|-damage|p1a: FATASS #1|88/100|[from] Stealth Rock
|move|p2a: Deoxys|Night Shade|p1a: FATASS #1
|-damage|p1a: FATASS #1|55/100
|
|-heal|p2a: Deoxys|76/100 brn|[from] item: Leftovers
|-heal|p1a: FATASS #1|61/100|[from] item: Leftovers
|-damage|p2a: Deoxys|70/100 brn|[from] brn
|upkeep
|turn|11
|c|☆Buterte|EWWWW
|
|t:|1760324455
|move|p2a: Deoxys|Knock Off|p1a: FATASS #1
|-damage|p1a: FATASS #1|52/100
|-enditem|p1a: FATASS #1|Leftovers|[from] move: Knock Off|[of] p2a: Deoxys
|move|p1a: FATASS #1|Toxic Spikes|p2a: Deoxys
|-sidestart|p2: wonderfulmasterog|move: Toxic Spikes
|
|-heal|p2a: Deoxys|76/100 brn|[from] item: Leftovers
|-damage|p2a: Deoxys|70/100 brn|[from] brn
|upkeep
|turn|12
|
|t:|1760324468
|move|p2a: Deoxys|Night Shade|p1a: FATASS #1
|-damage|p1a: FATASS #1|20/100
|move|p1a: FATASS #1|Toxic Spikes|p2a: Deoxys
|-sidestart|p2: wonderfulmasterog|move: Toxic Spikes
|
|-heal|p2a: Deoxys|76/100 brn|[from] item: Leftovers
|-damage|p2a: Deoxys|70/100 brn|[from] brn
|upkeep
|turn|13
|
|t:|1760324477
|switch|p1a: FATASS #4|Blissey, F|100/100
|-damage|p1a: FATASS #4|88/100|[from] Stealth Rock
|move|p2a: Deoxys|Night Shade|p1a: FATASS #4
|-immune|p1a: FATASS #4
|
|-heal|p2a: Deoxys|76/100 brn|[from] item: Leftovers
|-damage|p2a: Deoxys|70/100 brn|[from] brn
|upkeep
|turn|14
|
|t:|1760324490
|switch|p2a: Garganacl|Garganacl, M, shiny|100/100
|-damage|p2a: Garganacl|76/100|[from] Spikes
|-damage|p2a: Garganacl|63/100|[from] Stealth Rock
|move|p1a: FATASS #4|Seismic Toss|p2a: Garganacl
|-damage|p2a: Garganacl|36/100
|
|-heal|p2a: Garganacl|43/100|[from] item: Leftovers
|upkeep
|turn|15
|
|t:|1760324507
|-terastallize|p2a: Garganacl|Ghost
|move|p1a: FATASS #4|Seismic Toss|p2a: Garganacl
|-immune|p2a: Garganacl
|move|p2a: Garganacl|Salt Cure|p1a: FATASS #4
|-damage|p1a: FATASS #4|73/100
|-start|p1a: FATASS #4|Salt Cure
|
|-heal|p2a: Garganacl|49/100|[from] item: Leftovers
|-damage|p1a: FATASS #4|61/100|[from] Salt Cure
|upkeep
|turn|16
|
|t:|1760324526
|switch|p1a: FATASS #3|Dondozo, F|100/100
|-damage|p1a: FATASS #3|88/100|[from] Stealth Rock
|move|p2a: Garganacl|Recover|p2a: Garganacl
|-heal|p2a: Garganacl|99/100
|
|-heal|p1a: FATASS #3|94/100|[from] item: Leftovers
|-heal|p2a: Garganacl|100/100|[from] item: Leftovers
|upkeep
|turn|17
|inactive|Buterte has 120 seconds left.
|
|t:|1760324553
|move|p2a: Garganacl|Salt Cure|p1a: FATASS #3
|-damage|p1a: FATASS #3|89/100
|-start|p1a: FATASS #3|Salt Cure
|move|p1a: FATASS #3|Avalanche|p2a: Garganacl
|-damage|p2a: Garganacl|82/100
|
|-heal|p1a: FATASS #3|95/100|[from] item: Leftovers
|-heal|p2a: Garganacl|88/100|[from] item: Leftovers
|-damage|p1a: FATASS #3|70/100|[from] Salt Cure
|upkeep
|turn|18
|inactive|Buterte has 120 seconds left.
|
|t:|1760324572
|switch|p1a: FATASS #6|Weezing-Galar, F|63/100
|-ability|p1a: FATASS #6|Neutralizing Gas
|move|p2a: Garganacl|Curse|p1a: FATASS #6
|-start|p1a: FATASS #6|Curse|[of] p2a: Garganacl
|-damage|p2a: Garganacl|38/100
|
|-heal|p2a: Garganacl|44/100|[from] item: Leftovers
|-damage|p1a: FATASS #6|38/100|[from] Curse
|upkeep
|turn|19
|inactive|Buterte has 120 seconds left.
|
|t:|1760324590
|switch|p2a: Deoxys|Deoxys-Speed|70/100 brn
|-damage|p2a: Deoxys|45/100 brn|[from] Spikes
|-damage|p2a: Deoxys|33/100 brn|[from] Stealth Rock
|move|p1a: FATASS #6|Strange Steam|p2a: Deoxys|[miss]
|-miss|p1a: FATASS #6|p2a: Deoxys
|
|-heal|p2a: Deoxys|39/100 brn|[from] item: Leftovers
|-damage|p2a: Deoxys|33/100 brn|[from] brn
|-damage|p1a: FATASS #6|13/100|[from] Curse
|upkeep
|turn|20
|
|t:|1760324611
|-end|p1a: FATASS #6|ability: Neutralizing Gas
|-ability|p2a: Deoxys|Pressure
|switch|p1a: FATASS #4|Blissey, F|61/100
|-damage|p1a: FATASS #4|48/100|[from] Stealth Rock
|move|p2a: Deoxys|Knock Off|p1a: FATASS #4
|-damage|p1a: FATASS #4|38/100
|-enditem|p1a: FATASS #4|Choice Band|[from] move: Knock Off|[of] p2a: Deoxys
|
|-heal|p2a: Deoxys|39/100 brn|[from] item: Leftovers
|-damage|p2a: Deoxys|33/100 brn|[from] brn
|upkeep
|turn|21
|inactive|Buterte has 90 seconds left.
|
|t:|1760324633
|switch|p2a: Garganacl|Garganacl, M, shiny, tera:Ghost|44/100
|-damage|p2a: Garganacl|20/100|[from] Spikes
|-damage|p2a: Garganacl|7/100|[from] Stealth Rock
|move|p1a: FATASS #4|Soft-Boiled|p1a: FATASS #4
|-heal|p1a: FATASS #4|88/100
|
|-heal|p2a: Garganacl|13/100|[from] item: Leftovers
|upkeep
|turn|22
|inactive|Buterte has 90 seconds left.
|
|t:|1760324666
|switch|p1a: FATASS #6|Weezing-Galar, F|13/100
|-ability|p1a: FATASS #6|Neutralizing Gas
|move|p2a: Garganacl|Recover|p2a: Garganacl
|-heal|p2a: Garganacl|64/100
|
|-heal|p2a: Garganacl|70/100|[from] item: Leftovers
|upkeep
|turn|23
|
|t:|1760324680
|switch|p2a: Deoxys|Deoxys-Speed|33/100 brn
|-damage|p2a: Deoxys|8/100 brn|[from] Spikes
|-damage|p2a: Deoxys|0 fnt|[from] Stealth Rock
|faint|p2a: Deoxys
|move|p1a: FATASS #6|Strange Steam|p2: Deoxys|[notarget]
|-fail|p1a: FATASS #6
|
|upkeep
|
|t:|1760324688
|switch|p2a: Jirachi|Jirachi|100/100
|-damage|p2a: Jirachi|76/100|[from] Spikes
|-damage|p2a: Jirachi|70/100|[from] Stealth Rock
|turn|24
|
|t:|1760324706
|-end|p1a: FATASS #6|ability: Neutralizing Gas
|switch|p1a: FATASS #5|Corviknight, F|100/100
|-damage|p1a: FATASS #5|88/100|[from] Stealth Rock
|-ability|p1a: FATASS #5|Pressure
|move|p2a: Jirachi|Iron Head|p1a: FATASS #5
|-resisted|p1a: FATASS #5
|-damage|p1a: FATASS #5|79/100
|
|-heal|p2a: Jirachi|76/100|[from] item: Leftovers
|-heal|p1a: FATASS #5|86/100|[from] item: Leftovers
|upkeep
|turn|25
|c|☆wonderfulmasterog|defog
|c|☆wonderfulmasterog|go on
|inactive|Buterte has 60 seconds left.
|c|☆Buterte|chatgpt says not to
|
|t:|1760324736
|move|p2a: Jirachi|Thunder Wave|p1a: FATASS #5|[miss]
|-miss|p2a: Jirachi|p1a: FATASS #5
|move|p1a: FATASS #5|Iron Defense|p1a: FATASS #5
|-boost|p1a: FATASS #5|def|2
|
|-heal|p2a: Jirachi|82/100|[from] item: Leftovers
|-heal|p1a: FATASS #5|92/100|[from] item: Leftovers
|upkeep
|turn|26
|inactive|Buterte has 60 seconds left.
|
|t:|1760324746
|move|p2a: Jirachi|Thunder Wave|p1a: FATASS #5
|-status|p1a: FATASS #5|par
|cant|p1a: FATASS #5|par
|
|-heal|p2a: Jirachi|88/100|[from] item: Leftovers
|-heal|p1a: FATASS #5|98/100 par|[from] item: Leftovers
|upkeep
|turn|27
|c|☆Buterte|IM ALL IN
|inactive|Buterte has 60 seconds left.
|
|t:|1760324757
|move|p2a: Jirachi|Iron Head|p1a: FATASS #5
|-resisted|p1a: FATASS #5
|-damage|p1a: FATASS #5|93/100 par
|move|p1a: FATASS #5|Iron Defense|p1a: FATASS #5
|-boost|p1a: FATASS #5|def|2
|
|-heal|p2a: Jirachi|94/100|[from] item: Leftovers
|-heal|p1a: FATASS #5|99/100 par|[from] item: Leftovers
|upkeep
|turn|28
|c|☆Buterte|AGAIn
|
|t:|1760324767
|move|p2a: Jirachi|Cosmic Power|p2a: Jirachi
|-boost|p2a: Jirachi|def|1
|-boost|p2a: Jirachi|spd|1
|move|p1a: FATASS #5|Iron Defense|p1a: FATASS #5
|-boost|p1a: FATASS #5|def|2
|
|-heal|p2a: Jirachi|99/100|[from] item: Leftovers
|-heal|p1a: FATASS #5|100/100 par|[from] item: Leftovers
|upkeep
|turn|29
|
|t:|1760324774
|move|p2a: Jirachi|Iron Head|p1a: FATASS #5
|-resisted|p1a: FATASS #5
|-damage|p1a: FATASS #5|98/100 par
|cant|p1a: FATASS #5|flinch
|
|-heal|p2a: Jirachi|100/100|[from] item: Leftovers
|-heal|p1a: FATASS #5|100/100 par|[from] item: Leftovers
|upkeep
|turn|30
|
|t:|1760324781
|move|p2a: Jirachi|Cosmic Power|p2a: Jirachi
|-boost|p2a: Jirachi|def|1
|-boost|p2a: Jirachi|spd|1
|cant|p1a: FATASS #5|par
|
|upkeep
|turn|31
|
|t:|1760324786
|move|p2a: Jirachi|Cosmic Power|p2a: Jirachi
|-boost|p2a: Jirachi|def|1
|-boost|p2a: Jirachi|spd|1
|cant|p1a: FATASS #5|par
|
|upkeep
|turn|32
|
|t:|1760324791
|move|p2a: Jirachi|Cosmic Power|p2a: Jirachi
|-boost|p2a: Jirachi|def|1
|-boost|p2a: Jirachi|spd|1
|move|p1a: FATASS #5|Body Press|p2a: Jirachi
|-damage|p2a: Jirachi|73/100
|
|-heal|p2a: Jirachi|79/100|[from] item: Leftovers
|upkeep
|turn|33
|
|t:|1760324798
|move|p2a: Jirachi|Cosmic Power|p2a: Jirachi
|-boost|p2a: Jirachi|def|1
|-boost|p2a: Jirachi|spd|1
|move|p1a: FATASS #5|Body Press|p2a: Jirachi
|-damage|p2a: Jirachi|55/100
|
|-heal|p2a: Jirachi|61/100|[from] item: Leftovers
|upkeep
|turn|34
|
|t:|1760324807
|move|p2a: Jirachi|Shadow Ball|p1a: FATASS #5
|-damage|p1a: FATASS #5|84/100 par
|-unboost|p1a: FATASS #5|spd|1
|move|p1a: FATASS #5|Body Press|p2a: Jirachi
|-damage|p2a: Jirachi|37/100
|
|-heal|p2a: Jirachi|43/100|[from] item: Leftovers
|-heal|p1a: FATASS #5|90/100 par|[from] item: Leftovers
|upkeep
|turn|35
|inactive|Buterte has 120 seconds left.
|
|t:|1760324816
|move|p2a: Jirachi|Shadow Ball|p1a: FATASS #5
|-damage|p1a: FATASS #5|65/100 par
|-unboost|p1a: FATASS #5|spd|1
|move|p1a: FATASS #5|Body Press|p2a: Jirachi
|-damage|p2a: Jirachi|18/100
|
|-heal|p2a: Jirachi|24/100|[from] item: Leftovers
|-heal|p1a: FATASS #5|72/100 par|[from] item: Leftovers
|upkeep
|turn|36
|inactive|Buterte has 120 seconds left.
|
|t:|1760324826
|move|p2a: Jirachi|Shadow Ball|p1a: FATASS #5
|-damage|p1a: FATASS #5|41/100 par
|move|p1a: FATASS #5|Roost|p1a: FATASS #5
|-heal|p1a: FATASS #5|91/100 par
|-singleturn|p1a: FATASS #5|move: Roost
|
|-heal|p2a: Jirachi|31/100|[from] item: Leftovers
|-heal|p1a: FATASS #5|98/100 par|[from] item: Leftovers
|upkeep
|turn|37
|
|t:|1760324834
|move|p2a: Jirachi|Shadow Ball|p1a: FATASS #5
|-damage|p1a: FATASS #5|65/100 par
|-unboost|p1a: FATASS #5|spd|1
|cant|p1a: FATASS #5|par
|
|-heal|p2a: Jirachi|37/100|[from] item: Leftovers
|-heal|p1a: FATASS #5|71/100 par|[from] item: Leftovers
|upkeep
|turn|38
|
|t:|1760324842
|move|p2a: Jirachi|Shadow Ball|p1a: FATASS #5
|-damage|p1a: FATASS #5|29/100 par
|-unboost|p1a: FATASS #5|spd|1
|move|p1a: FATASS #5|Roost|p1a: FATASS #5
|-heal|p1a: FATASS #5|79/100 par
|-singleturn|p1a: FATASS #5|move: Roost
|
|-heal|p2a: Jirachi|43/100|[from] item: Leftovers
|-heal|p1a: FATASS #5|85/100 par|[from] item: Leftovers
|upkeep
|turn|39
|
|t:|1760324851
|move|p2a: Jirachi|Shadow Ball|p1a: FATASS #5
|-damage|p1a: FATASS #5|39/100 par
|move|p1a: FATASS #5|Body Press|p2a: Jirachi
|-damage|p2a: Jirachi|21/100
|
|-heal|p2a: Jirachi|27/100|[from] item: Leftovers
|-heal|p1a: FATASS #5|45/100 par|[from] item: Leftovers
|upkeep
|turn|40
|
|t:|1760324878
|move|p2a: Jirachi|Iron Head|p1a: FATASS #5
|-resisted|p1a: FATASS #5
|-damage|p1a: FATASS #5|43/100 par
|cant|p1a: FATASS #5|flinch
|
|-heal|p2a: Jirachi|33/100|[from] item: Leftovers
|-heal|p1a: FATASS #5|49/100 par|[from] item: Leftovers
|upkeep
|turn|41
|
|t:|1760324885
|move|p2a: Jirachi|Shadow Ball|p1a: FATASS #5
|-damage|p1a: FATASS #5|0 fnt
|faint|p1a: FATASS #5
|
|-heal|p2a: Jirachi|39/100|[from] item: Leftovers
|upkeep
|inactive|Buterte has 120 seconds left.
|
|t:|1760324906
|switch|p1a: FATASS #4|Blissey, F|88/100
|-damage|p1a: FATASS #4|75/100|[from] Stealth Rock
|turn|42
|inactive|Buterte has 120 seconds left.
|
|t:|1760324911
|move|p2a: Jirachi|Thunder Wave|p1a: FATASS #4
|-status|p1a: FATASS #4|par
|cant|p1a: FATASS #4|par
|
|-heal|p2a: Jirachi|45/100|[from] item: Leftovers
|upkeep
|turn|43
|
|t:|1760324918
|move|p2a: Jirachi|Iron Head|p1a: FATASS #4
|-damage|p1a: FATASS #4|42/100 par
|cant|p1a: FATASS #4|flinch
|
|-heal|p2a: Jirachi|51/100|[from] item: Leftovers
|upkeep
|turn|44
|
|t:|1760324924
|move|p2a: Jirachi|Iron Head|p1a: FATASS #4
|-damage|p1a: FATASS #4|11/100 par
|move|p1a: FATASS #4|Soft-Boiled|p1a: FATASS #4
|-heal|p1a: FATASS #4|61/100 par
|
|-heal|p2a: Jirachi|57/100|[from] item: Leftovers
|upkeep
|turn|45
|
|t:|1760324930
|move|p2a: Jirachi|Iron Head|p1a: FATASS #4
|-damage|p1a: FATASS #4|29/100 par
|cant|p1a: FATASS #4|flinch
|
|-heal|p2a: Jirachi|64/100|[from] item: Leftovers
|upkeep
|turn|46
|
|t:|1760324936
|move|p2a: Jirachi|Iron Head|p1a: FATASS #4
|-damage|p1a: FATASS #4|0 fnt
|faint|p1a: FATASS #4
|
|-heal|p2a: Jirachi|70/100|[from] item: Leftovers
|upkeep
|
|t:|1760324952
|switch|p1a: FATASS #1|Toxapex, F|53/100
|-damage|p1a: FATASS #1|40/100|[from] Stealth Rock
|turn|47
|
|t:|1760324957
|move|p2a: Jirachi|Thunder Wave|p1a: FATASS #1
|-status|p1a: FATASS #1|par
|cant|p1a: FATASS #1|par
|
|-heal|p2a: Jirachi|76/100|[from] item: Leftovers
|upkeep
|turn|48
|
|t:|1760324963
|move|p2a: Jirachi|Shadow Ball|p1a: FATASS #1
|-damage|p1a: FATASS #1|29/100 par
|move|p1a: FATASS #1|Haze|p1a: FATASS #1
|-clearallboost
|
|-heal|p2a: Jirachi|82/100|[from] item: Leftovers
|upkeep
|turn|49
|
|t:|1760324970
|move|p2a: Jirachi|Shadow Ball|p1a: FATASS #1
|-damage|p1a: FATASS #1|17/100 par
|-unboost|p1a: FATASS #1|spd|1
|move|p1a: FATASS #1|Recover|p1a: FATASS #1
|-heal|p1a: FATASS #1|67/100 par
|
|-heal|p2a: Jirachi|88/100|[from] item: Leftovers
|upkeep
|turn|50
|
|t:|1760324990
|switch|p1a: FATASS #3|Dondozo, F|70/100
|-damage|p1a: FATASS #3|58/100|[from] Stealth Rock
|move|p2a: Jirachi|Shadow Ball|p1a: FATASS #3
|-damage|p1a: FATASS #3|41/100
|
|-heal|p2a: Jirachi|94/100|[from] item: Leftovers
|-heal|p1a: FATASS #3|47/100|[from] item: Leftovers
|upkeep
|turn|51
|
|t:|1760325005
|move|p2a: Jirachi|Thunder Wave|p1a: FATASS #3
|-status|p1a: FATASS #3|par
|move|p1a: FATASS #3|Body Press|p2a: Jirachi
|-damage|p2a: Jirachi|74/100
|
|-heal|p2a: Jirachi|80/100|[from] item: Leftovers
|-heal|p1a: FATASS #3|53/100 par|[from] item: Leftovers
|upkeep
|turn|52
|
|t:|1760325013
|move|p2a: Jirachi|Shadow Ball|p1a: FATASS #3
|-damage|p1a: FATASS #3|38/100 par
|move|p1a: FATASS #3|Body Press|p2a: Jirachi
|-damage|p2a: Jirachi|59/100
|
|-heal|p2a: Jirachi|65/100|[from] item: Leftovers
|-heal|p1a: FATASS #3|45/100 par|[from] item: Leftovers
|upkeep
|turn|53
|
|t:|1760325018
|move|p2a: Jirachi|Iron Head|p1a: FATASS #3
|-resisted|p1a: FATASS #3
|-damage|p1a: FATASS #3|38/100 par
|cant|p1a: FATASS #3|flinch
|
|-heal|p2a: Jirachi|71/100|[from] item: Leftovers
|-heal|p1a: FATASS #3|44/100 par|[from] item: Leftovers
|upkeep
|turn|54
|
|t:|1760325022
|move|p2a: Jirachi|Iron Head|p1a: FATASS #3
|-resisted|p1a: FATASS #3
|-damage|p1a: FATASS #3|37/100 par
|cant|p1a: FATASS #3|flinch
|
|-heal|p2a: Jirachi|77/100|[from] item: Leftovers
|-heal|p1a: FATASS #3|44/100 par|[from] item: Leftovers
|upkeep
|turn|55
|
|t:|1760325025
|move|p2a: Jirachi|Iron Head|p1a: FATASS #3
|-resisted|p1a: FATASS #3
|-damage|p1a: FATASS #3|37/100 par
|cant|p1a: FATASS #3|flinch
|
|-heal|p2a: Jirachi|83/100|[from] item: Leftovers
|-heal|p1a: FATASS #3|43/100 par|[from] item: Leftovers
|upkeep
|turn|56
|
|t:|1760325028
|move|p2a: Jirachi|Iron Head|p1a: FATASS #3
|-resisted|p1a: FATASS #3
|-crit|p1a: FATASS #3
|-damage|p1a: FATASS #3|34/100 par
|cant|p1a: FATASS #3|flinch
|
|-heal|p2a: Jirachi|90/100|[from] item: Leftovers
|-heal|p1a: FATASS #3|40/100 par|[from] item: Leftovers
|upkeep
|turn|57
|
|t:|1760325032
|move|p2a: Jirachi|Shadow Ball|p1a: FATASS #3
|-damage|p1a: FATASS #3|23/100 par
|-unboost|p1a: FATASS #3|spd|1
|move|p1a: FATASS #3|Body Press|p2a: Jirachi
|-damage|p2a: Jirachi|68/100
|
|-heal|p2a: Jirachi|74/100|[from] item: Leftovers
|-heal|p1a: FATASS #3|29/100 par|[from] item: Leftovers
|upkeep
|turn|58
|
|t:|1760325035
|move|p2a: Jirachi|Shadow Ball|p1a: FATASS #3
|-damage|p1a: FATASS #3|6/100 par
|move|p1a: FATASS #3|Rest|p1a: FATASS #3
|-status|p1a: FATASS #3|slp|[from] move: Rest
|-heal|p1a: FATASS #3|100/100 slp|[silent]
|
|-heal|p2a: Jirachi|80/100|[from] item: Leftovers
|upkeep
|turn|59
|c|☆Buterte|gpt-5 ran out
|
|t:|1760325044
|move|p2a: Jirachi|Shadow Ball|p1a: FATASS #3
|-damage|p1a: FATASS #3|77/100 slp
|-unboost|p1a: FATASS #3|spd|1
|cant|p1a: FATASS #3|slp
|move|p1a: FATASS #3|Sleep Talk|p1a: FATASS #3
|move|p1a: FATASS #3|Body Press|p2a: Jirachi|[from] move: Sleep Talk
|-damage|p2a: Jirachi|56/100
|
|-heal|p2a: Jirachi|62/100|[from] item: Leftovers
|-heal|p1a: FATASS #3|83/100 slp|[from] item: Leftovers
|upkeep
|turn|60
|c|☆Buterte|give me a min
|c|☆wonderfulmasterog|brother, you're cooked either way
|
|t:|1760325069
|move|p2a: Jirachi|Shadow Ball|p1a: FATASS #3
|-damage|p1a: FATASS #3|52/100 slp
|cant|p1a: FATASS #3|slp
|move|p1a: FATASS #3|Sleep Talk|p1a: FATASS #3
|move|p1a: FATASS #3|Avalanche|p2a: Jirachi|[from] move: Sleep Talk
|-resisted|p2a: Jirachi
|-damage|p2a: Jirachi|52/100
|
|-heal|p2a: Jirachi|58/100|[from] item: Leftovers
|-heal|p1a: FATASS #3|58/100 slp|[from] item: Leftovers
|upkeep
|turn|61
|
|t:|1760325080
|move|p2a: Jirachi|Shadow Ball|p1a: FATASS #3
|-damage|p1a: FATASS #3|28/100 slp
|-unboost|p1a: FATASS #3|spd|1
|-curestatus|p1a: FATASS #3|slp|[msg]
|move|p1a: FATASS #3|Rest|p1a: FATASS #3
|-status|p1a: FATASS #3|slp|[from] move: Rest
|-heal|p1a: FATASS #3|100/100 slp|[silent]
|
|-heal|p2a: Jirachi|64/100|[from] item: Leftovers
|upkeep
|turn|62
|
|t:|1760325091
|move|p2a: Jirachi|Cosmic Power|p2a: Jirachi
|-boost|p2a: Jirachi|def|1
|-boost|p2a: Jirachi|spd|1
|cant|p1a: FATASS #3|slp
|move|p1a: FATASS #3|Sleep Talk|p1a: FATASS #3
|move|p1a: FATASS #3|Rest||[from] move: Sleep Talk|[still]
|-fail|p1a: FATASS #3
|
|-heal|p2a: Jirachi|70/100|[from] item: Leftovers
|upkeep
|turn|63
|
|t:|1760325100
|move|p2a: Jirachi|Cosmic Power|p2a: Jirachi
|-boost|p2a: Jirachi|def|1
|-boost|p2a: Jirachi|spd|1
|cant|p1a: FATASS #3|slp
|move|p1a: FATASS #3|Sleep Talk|p1a: FATASS #3
|move|p1a: FATASS #3|Body Press|p2a: Jirachi|[from] move: Sleep Talk
|-damage|p2a: Jirachi|49/100
|
|-heal|p2a: Jirachi|55/100|[from] item: Leftovers
|upkeep
|turn|64
|
|t:|1760325112
|move|p2a: Jirachi|Cosmic Power|p2a: Jirachi
|-boost|p2a: Jirachi|def|1
|-boost|p2a: Jirachi|spd|1
|-curestatus|p1a: FATASS #3|slp|[msg]
|move|p1a: FATASS #3|Sleep Talk||[still]
|-fail|p1a: FATASS #3
|
|-heal|p2a: Jirachi|61/100|[from] item: Leftovers
|upkeep
|turn|65
|
|t:|1760325122
|switch|p1a: FATASS #1|Toxapex, F|100/100 par
|-damage|p1a: FATASS #1|88/100 par|[from] Stealth Rock
|move|p2a: Jirachi|Cosmic Power|p2a: Jirachi
|-boost|p2a: Jirachi|def|1
|-boost|p2a: Jirachi|spd|1
|
|-heal|p2a: Jirachi|67/100|[from] item: Leftovers
|upkeep
|turn|66
|
|t:|1760325131
|switch|p2a: Garganacl|Garganacl, M, shiny, tera:Ghost|70/100
|-damage|p2a: Garganacl|45/100|[from] Spikes
|-damage|p2a: Garganacl|33/100|[from] Stealth Rock
|move|p1a: FATASS #1|Haze|p1a: FATASS #1
|-clearallboost
|
|-heal|p2a: Garganacl|39/100|[from] item: Leftovers
|upkeep
|turn|67
|inactive|Buterte has 120 seconds left.
|
|t:|1760325167
|move|p2a: Garganacl|Recover|p2a: Garganacl
|-heal|p2a: Garganacl|89/100
|cant|p1a: FATASS #1|par
|
|-heal|p2a: Garganacl|95/100|[from] item: Leftovers
|upkeep
|turn|68
|inactive|Buterte has 120 seconds left.
|
|t:|1760325180
|switch|p1a: FATASS #6|Weezing-Galar, F|13/100
|-ability|p1a: FATASS #6|Neutralizing Gas
|move|p2a: Garganacl|Salt Cure|p1a: FATASS #6
|-damage|p1a: FATASS #6|4/100
|-start|p1a: FATASS #6|Salt Cure
|
|-heal|p2a: Garganacl|100/100|[from] item: Leftovers
|-damage|p1a: FATASS #6|0 fnt|[from] Salt Cure
|faint|p1a: FATASS #6
|-end|p1a: FATASS #6|ability: Neutralizing Gas
|upkeep
|
|t:|1760325190
|switch|p1a: FATASS #2|Gliscor, F|32/100
|-damage|p1a: FATASS #2|19/100|[from] Stealth Rock
|turn|69
|
|t:|1760325193
|move|p1a: FATASS #2|Knock Off|p2a: Garganacl
|-supereffective|p2a: Garganacl
|-damage|p2a: Garganacl|71/100
|-enditem|p2a: Garganacl|Leftovers|[from] move: Knock Off|[of] p1a: FATASS #2
|move|p2a: Garganacl|Salt Cure|p1a: FATASS #2
|-damage|p1a: FATASS #2|7/100
|-start|p1a: FATASS #2|Salt Cure
|
|-damage|p1a: FATASS #2|0 fnt|[from] Salt Cure
|faint|p1a: FATASS #2
|upkeep
|inactive|Buterte has 120 seconds left.
|
|t:|1760325205
|switch|p1a: FATASS #3|Dondozo, F|100/100
|-damage|p1a: FATASS #3|88/100|[from] Stealth Rock
|turn|70
|
|t:|1760325209
|move|p2a: Garganacl|Salt Cure|p1a: FATASS #3
|-damage|p1a: FATASS #3|82/100
|-start|p1a: FATASS #3|Salt Cure
|move|p1a: FATASS #3|Avalanche|p2a: Garganacl
|-damage|p2a: Garganacl|53/100
|
|-heal|p1a: FATASS #3|88/100|[from] item: Leftovers
|-damage|p1a: FATASS #3|63/100|[from] Salt Cure
|upkeep
|turn|71
|
|t:|1760325218
|move|p2a: Garganacl|Curse|p1a: FATASS #3
|-start|p1a: FATASS #3|Curse|[of] p2a: Garganacl
|-damage|p2a: Garganacl|3/100
|move|p1a: FATASS #3|Avalanche|p2a: Garganacl
|-damage|p2a: Garganacl|0 fnt
|faint|p2a: Garganacl
|
|-heal|p1a: FATASS #3|69/100|[from] item: Leftovers
|-damage|p1a: FATASS #3|44/100|[from] Curse
|-damage|p1a: FATASS #3|19/100|[from] Salt Cure
|upkeep
|
|t:|1760325229
|switch|p2a: Jirachi|Jirachi|67/100
|-damage|p2a: Jirachi|42/100|[from] Spikes
|-damage|p2a: Jirachi|36/100|[from] Stealth Rock
|turn|72
|
|t:|1760325236
|move|p2a: Jirachi|Shadow Ball|p1a: FATASS #3
|-damage|p1a: FATASS #3|4/100
|-unboost|p1a: FATASS #3|spd|1
|move|p1a: FATASS #3|Rest|p1a: FATASS #3
|-status|p1a: FATASS #3|slp|[from] move: Rest
|-heal|p1a: FATASS #3|100/100 slp|[silent]
|
|-heal|p2a: Jirachi|42/100|[from] item: Leftovers
|-damage|p1a: FATASS #3|76/100 slp|[from] Curse
|-damage|p1a: FATASS #3|51/100 slp|[from] Salt Cure
|upkeep
|turn|73
|
|t:|1760325251
|switch|p1a: FATASS #1|Toxapex, F|100/100 par
|-damage|p1a: FATASS #1|88/100 par|[from] Stealth Rock
|move|p2a: Jirachi|Iron Head|p1a: FATASS #1
|-resisted|p1a: FATASS #1
|-damage|p1a: FATASS #1|77/100 par
|
|-heal|p2a: Jirachi|48/100|[from] item: Leftovers
|upkeep
|turn|74
|
|t:|1760325260
|move|p2a: Jirachi|Iron Head|p1a: FATASS #1
|-resisted|p1a: FATASS #1
|-crit|p1a: FATASS #1
|-damage|p1a: FATASS #1|58/100 par
|cant|p1a: FATASS #1|flinch
|
|-heal|p2a: Jirachi|54/100|[from] item: Leftovers
|upkeep
|turn|75
|
|t:|1760325270
|switch|p1a: FATASS #3|Dondozo, F|51/100 slp
|-damage|p1a: FATASS #3|38/100 slp|[from] Stealth Rock
|move|p2a: Jirachi|Iron Head|p1a: FATASS #3
|-resisted|p1a: FATASS #3
|-damage|p1a: FATASS #3|32/100 slp
|
|-heal|p2a: Jirachi|60/100|[from] item: Leftovers
|-heal|p1a: FATASS #3|38/100 slp|[from] item: Leftovers
|upkeep
|turn|76
|c|☆wonderfulmasterog|you're pp stalling, how original
|
|t:|1760325290
|move|p2a: Jirachi|Iron Head|p1a: FATASS #3
|-resisted|p1a: FATASS #3
|-damage|p1a: FATASS #3|31/100 slp
|cant|p1a: FATASS #3|slp
|
|-heal|p2a: Jirachi|66/100|[from] item: Leftovers
|-heal|p1a: FATASS #3|37/100 slp|[from] item: Leftovers
|upkeep
|turn|77
|c|☆Buterte|zzzzzzzzzz
|
|t:|1760325298
|move|p2a: Jirachi|Iron Head|p1a: FATASS #3
|-resisted|p1a: FATASS #3
|-damage|p1a: FATASS #3|31/100 slp
|cant|p1a: FATASS #3|slp
|
|-heal|p2a: Jirachi|72/100|[from] item: Leftovers
|-heal|p1a: FATASS #3|37/100 slp|[from] item: Leftovers
|upkeep
|turn|78
|c|☆Buterte|you're losing against a bunch of fatasses
|c|☆Buterte|you brought the most boring team of all time lil bro
|c|☆Buterte|and ur still throwing
|
|t:|1760325324
|switch|p2a: Feraligatr|Feraligatr, M, shiny|100/100
|-damage|p2a: Feraligatr|76/100|[from] Spikes
|-damage|p2a: Feraligatr|64/100|[from] Stealth Rock
|-status|p2a: Feraligatr|tox
|-curestatus|p1a: FATASS #3|slp|[msg]
|move|p1a: FATASS #3|Rest|p1a: FATASS #3
|-status|p1a: FATASS #3|slp|[from] move: Rest
|-heal|p1a: FATASS #3|100/100 slp|[silent]
|
|-damage|p2a: Feraligatr|57/100 tox|[from] psn
|upkeep
|turn|79
|c|☆wonderfulmasterog|I'm not stalling, relying on entry hazards and rest but ight
|inactive|wonderfulmasterog has 120 seconds left.
|
|t:|1760325356
|move|p2a: Feraligatr|Dragon Dance|p2a: Feraligatr
|-boost|p2a: Feraligatr|atk|1
|-boost|p2a: Feraligatr|spe|1
|cant|p1a: FATASS #3|slp
|move|p1a: FATASS #3|Sleep Talk|p1a: FATASS #3
|move|p1a: FATASS #3|Body Press|p2a: Feraligatr|[from] move: Sleep Talk
|-damage|p2a: Feraligatr|27/100 tox
|
|-damage|p2a: Feraligatr|15/100 tox|[from] psn
|upkeep
|turn|80
|
|t:|1760325365
|move|p2a: Feraligatr|Earthquake|p1a: FATASS #3
|-damage|p1a: FATASS #3|80/100 slp
|-damage|p2a: Feraligatr|5/100 tox|[from] item: Life Orb
|cant|p1a: FATASS #3|slp
|move|p1a: FATASS #3|Sleep Talk|p1a: FATASS #3
|move|p1a: FATASS #3|Body Press|p2a: Feraligatr|[from] move: Sleep Talk
|-damage|p2a: Feraligatr|0 fnt
|faint|p2a: Feraligatr
|
|-heal|p1a: FATASS #3|87/100 slp|[from] item: Leftovers
|upkeep
|
|t:|1760325374
|switch|p2a: Dunsparce|Dunsparce, M, shiny|100/100
|-damage|p2a: Dunsparce|75/100|[from] Spikes
|-damage|p2a: Dunsparce|63/100|[from] Stealth Rock
|-status|p2a: Dunsparce|tox
|turn|81
|c|☆Buterte|buddy you dragon danced in front of unaware
|c|☆Buterte|youre talking crazy the bouncer just asked you to leave the function
|
|t:|1760325391
|move|p2a: Dunsparce|Coil|p2a: Dunsparce
|-boost|p2a: Dunsparce|atk|1
|-boost|p2a: Dunsparce|def|1
|-boost|p2a: Dunsparce|accuracy|1
|-curestatus|p1a: FATASS #3|slp|[msg]
|move|p1a: FATASS #3|Sleep Talk||[still]
|-fail|p1a: FATASS #3
|
|-heal|p1a: FATASS #3|93/100|[from] item: Leftovers
|-damage|p2a: Dunsparce|57/100 tox|[from] psn
|upkeep
|turn|82
|
|t:|1760325402
|move|p2a: Dunsparce|Body Slam|p1a: FATASS #3
|-damage|p1a: FATASS #3|83/100
|move|p1a: FATASS #3|Body Press|p2a: Dunsparce
|-supereffective|p2a: Dunsparce
|-damage|p2a: Dunsparce|18/100 tox
|
|-heal|p1a: FATASS #3|89/100|[from] item: Leftovers
|-damage|p2a: Dunsparce|5/100 tox|[from] psn
|upkeep
|turn|83
|
|t:|1760325406
|move|p2a: Dunsparce|Roost|p2a: Dunsparce
|-heal|p2a: Dunsparce|55/100 tox
|-singleturn|p2a: Dunsparce|move: Roost
|move|p1a: FATASS #3|Avalanche|p2a: Dunsparce
|-damage|p2a: Dunsparce|46/100 tox
|
|-heal|p1a: FATASS #3|96/100|[from] item: Leftovers
|-damage|p2a: Dunsparce|27/100 tox|[from] psn
|upkeep
|turn|84
|
|t:|1760325411
|move|p2a: Dunsparce|Roost|p2a: Dunsparce
|-heal|p2a: Dunsparce|77/100 tox
|-singleturn|p2a: Dunsparce|move: Roost
|move|p1a: FATASS #3|Avalanche|p2a: Dunsparce
|-damage|p2a: Dunsparce|66/100 tox
|
|-heal|p1a: FATASS #3|100/100|[from] item: Leftovers
|-damage|p2a: Dunsparce|41/100 tox|[from] psn
|upkeep
|turn|85
|
|t:|1760325416
|move|p2a: Dunsparce|Roost|p2a: Dunsparce
|-heal|p2a: Dunsparce|91/100 tox
|-singleturn|p2a: Dunsparce|move: Roost
|move|p1a: FATASS #3|Sleep Talk||[still]
|-fail|p1a: FATASS #3
|
|-damage|p2a: Dunsparce|60/100 tox|[from] psn
|upkeep
|turn|86
|
|t:|1760325419
|move|p2a: Dunsparce|Roost|p2a: Dunsparce
|-heal|p2a: Dunsparce|100/100 tox
|-singleturn|p2a: Dunsparce|move: Roost
|move|p1a: FATASS #3|Avalanche|p2a: Dunsparce
|-damage|p2a: Dunsparce|90/100 tox
|
|-damage|p2a: Dunsparce|53/100 tox|[from] psn
|upkeep
|turn|87
|
|t:|1760325423
|move|p2a: Dunsparce|Roost|p2a: Dunsparce
|-heal|p2a: Dunsparce|100/100 tox
|-singleturn|p2a: Dunsparce|move: Roost
|move|p1a: FATASS #3|Avalanche|p2a: Dunsparce
|-damage|p2a: Dunsparce|89/100 tox
|
|-damage|p2a: Dunsparce|46/100 tox|[from] psn
|upkeep
|turn|88
|
|t:|1760325428
|switch|p2a: Alomomola|Alomomola, F, shiny|100/100
|-damage|p2a: Alomomola|75/100|[from] Spikes
|-damage|p2a: Alomomola|63/100|[from] Stealth Rock
|-status|p2a: Alomomola|tox
|move|p1a: FATASS #3|Body Press|p2a: Alomomola
|-damage|p2a: Alomomola|43/100 tox
|
|-heal|p2a: Alomomola|49/100 tox|[from] item: Leftovers
|-damage|p2a: Alomomola|43/100 tox|[from] psn
|upkeep
|turn|89
|
|t:|1760325433
|move|p2a: Alomomola|Flip Turn|p1a: FATASS #3
|-resisted|p1a: FATASS #3
|-damage|p1a: FATASS #3|97/100
|
|t:|1760325437
|switch|p2a: Jirachi|Jirachi|72/100|[from] Flip Turn
|-damage|p2a: Jirachi|48/100|[from] Spikes
|-damage|p2a: Jirachi|42/100|[from] Stealth Rock
|move|p1a: FATASS #3|Body Press|p2a: Jirachi
|-damage|p2a: Jirachi|18/100
|
|-heal|p2a: Jirachi|24/100|[from] item: Leftovers
|-heal|p1a: FATASS #3|100/100|[from] item: Leftovers
|upkeep
|turn|90
|
|t:|1760325442
|switch|p2a: Alomomola|Alomomola, F, shiny|76/100 tox
|-damage|p2a: Alomomola|51/100 tox|[from] Spikes
|-damage|p2a: Alomomola|39/100 tox|[from] Stealth Rock
|move|p1a: FATASS #3|Body Press|p2a: Alomomola
|-damage|p2a: Alomomola|18/100 tox
|
|-heal|p2a: Alomomola|24/100 tox|[from] item: Leftovers
|-damage|p2a: Alomomola|18/100 tox|[from] psn
|upkeep
|turn|91
|
|t:|1760325444
|move|p2a: Alomomola|Flip Turn|p1a: FATASS #3
|-resisted|p1a: FATASS #3
|-damage|p1a: FATASS #3|97/100
|
|t:|1760325449
|switch|p2a: Dunsparce|Dunsparce, M, shiny|46/100 tox|[from] Flip Turn
|-damage|p2a: Dunsparce|21/100 tox|[from] Spikes
|-damage|p2a: Dunsparce|8/100 tox|[from] Stealth Rock
|move|p1a: FATASS #3|Body Press|p2a: Dunsparce
|-supereffective|p2a: Dunsparce
|-damage|p2a: Dunsparce|0 fnt
|faint|p2a: Dunsparce
|
|-heal|p1a: FATASS #3|100/100|[from] item: Leftovers
|upkeep
|
|t:|1760325451
|switch|p2a: Jirachi|Jirachi|24/100
|-damage|p2a: Jirachi|0 fnt|[from] Spikes
|faint|p2a: Jirachi
|
|t:|1760325453
|switch|p2a: Alomomola|Alomomola, F, shiny|51/100 tox
|-damage|p2a: Alomomola|26/100 tox|[from] Spikes
|-damage|p2a: Alomomola|13/100 tox|[from] Stealth Rock
|turn|92
|
|t:|1760325456
|move|p2a: Alomomola|Protect|p2a: Alomomola
|-singleturn|p2a: Alomomola|Protect
|move|p1a: FATASS #3|Body Press|p2a: Alomomola
|-activate|p2a: Alomomola|move: Protect
|
|-heal|p2a: Alomomola|20/100 tox|[from] item: Leftovers
|-damage|p2a: Alomomola|13/100 tox|[from] psn
|upkeep
|turn|93
|c|☆Buterte|oh my goodness
|c|☆Buterte|what happend bro
|
|t:|1760325464
|move|p2a: Alomomola|Wish|p2a: Alomomola
|move|p1a: FATASS #3|Body Press|p2a: Alomomola
|-damage|p2a: Alomomola|0 fnt
|faint|p2a: Alomomola
|
|win|Buterte
|raw|Buterte's rating: 1161 &rarr; <strong>1183</strong><br />(+22 for winning)
|raw|wonderfulmasterog's rating: 1125 &rarr; <strong>1103</strong><br />(-22 for losing)
|c|☆Buterte|you got cooked
|c|☆Buterte|after all that talking
|c|☆wonderfulmasterog|i need sleep, not everyone pp stalls
|c|☆wonderfulmasterog|i have a live
|c|☆Buterte|+22
|c|☆Buterte|you sat here for 93 turns bro
|c|☆Buterte|nice life u got
|c|☆wonderfulmasterog|you did too
|c|☆Buterte|im chilling
|c|☆Buterte|go to sleep wagie
|c|☆wonderfulmasterog|at least my team's viable
|c|☆Buterte|cap u lost
|c|☆wonderfulmasterog|so many counter
|c|☆Buterte|ur bad
|c|☆Buterte|we trolled the whole time
|c|☆Buterte|u lost to us trying this team for the first time
|c|☆wonderfulmasterog|i wonder why
|c|☆Buterte|your team legit does nothing
|c|☆wonderfulmasterog|you rely on entry hazards
|c|☆Buterte|you rely on nothing
|c|☆Buterte|your team makes 0 progress
|c|☆Buterte|go back to the teambuilder lil bro
|c|☆wonderfulmasterog|para flinch, life orb sheer force
|c|☆Buterte|yea but u did 0 to dozo
|c|☆Buterte|sorry
|c|☆wonderfulmasterog|cause you gotta use bacis
|c|☆wonderfulmasterog|you use the same moves
|c|☆wonderfulmasterog|lame
|c|☆Buterte|bro stopped using real words
|c|☆Buterte|its ok dude
|c|☆Buterte|i know ur fuming
|c|☆Buterte|Hey, don’t let that loss get you down! 💪😎 Losing to a stall team happens to everyone—it’s part of the game. Every defeat is just XP for your skills! 🌟✨ Take a deep breath 🧘‍♂️, analyze what went wrong 🕵️‍♀️, tweak your strategy 🔄, and come back stronger. 💥🔥 Remember, even the best trainers lose sometimes, but they rise every single time! 🚀⚡
|c|☆Buterte|You’ve got this! 🏆🎮💯
|c|☆Buterte|don't punch another hole in the wall
|c|☆wonderfulmasterog|when ppl don't know how to build teams but copy everyone else
|c|☆Buterte|got gpt-5 back
|c|☆wonderfulmasterog|yes
|c|☆Buterte|clearly u don't know how to build either
|c|☆wonderfulmasterog|mine had plenty of synergy
|c|☆wonderfulmasterog|you just dont understand serene grace para flinch
|c|☆Buterte|dont you have to be up early
|l|☆wonderfulmasterog
|player|p2|
|c|☆Buterte|for your amazon delivery job
