|j|☆miscellandorus
|j|☆AnythingTeam
|t:|1760385750
|gametype|singles
|player|p1|miscellandorus|2|1381
|player|p2|AnythingTeam|170|1423
|gen|9
|tier|[Gen 9] OU
|rated|
|rule|HP Percentage Mod: HP is shown in percentages
|rule|Endless Battle Clause: Forcing endless battles is banned
|rule|Species Clause: Limit one of each Pokémon
|rule|OHKO Clause: OHKO moves are banned
|rule|Evasion Items Clause: Evasion items are banned
|rule|Evasion Moves Clause: Evasion moves are banned
|rule|Evasion Abilities Clause: Evasion abilities are banned
|rule|Sleep Moves Clause: Sleep-inducing moves are banned
|clearpoke
|poke|p1|Raikou|
|poke|p1|Slowking-Galar, F|
|poke|p1|Samurott-Hisui, F|
|poke|p1|Iron Treads|
|poke|p1|Hydrapple, F|
|poke|p1|Zamazenta-*|
|poke|p2|Iron Valiant|
|poke|p2|Ting-Lu|
|poke|p2|Quaquaval, M|
|poke|p2|Scizor, F|
|poke|p2|Latios, M|
|poke|p2|Zapdos|
|teampreview
|
|t:|1760385769
|teamsize|p1|6
|teamsize|p2|6
|start
|switch|p1a: Raikou|Raikou|100/100
|switch|p2a: 100% Unlucky|Zapdos|100/100
|-ability|p1a: Raikou|Pressure
|turn|1
|
|t:|1760385776
|switch|p2a: Ting-Lu|Ting-Lu|100/100
|-ability|p2a: Ting-Lu|Vessel of Ruin
|move|p1a: Raikou|Scald|p2a: Ting-Lu
|-supereffective|p2a: Ting-Lu
|-damage|p2a: Ting-Lu|67/100
|
|-heal|p2a: Ting-Lu|73/100|[from] item: Leftovers
|upkeep
|turn|2
|
|t:|1760385784
|switch|p1a: Hydrapple|Hydrapple, F|100/100
|move|p2a: Ting-Lu|Stealth Rock|p1a: Hydrapple
|-sidestart|p1: miscellandorus|move: Stealth Rock
|
|-heal|p2a: Ting-Lu|79/100|[from] item: Leftovers
|upkeep
|turn|3
|
|t:|1760385794
|move|p1a: Hydrapple|Nasty Plot|p1a: Hydrapple
|-boost|p1a: Hydrapple|spa|2
|move|p2a: Ting-Lu|Whirlwind|p1a: Hydrapple
|drag|p1a: Slowking|Slowking-Galar, F|100/100
|
|-heal|p2a: Ting-Lu|86/100|[from] item: Leftovers
|upkeep
|turn|4
|
|t:|1760385801
|switch|p1a: Hydrapple|Hydrapple, F|100/100
|move|p2a: Ting-Lu|Earthquake|p1a: Hydrapple
|-resisted|p1a: Hydrapple
|-damage|p1a: Hydrapple|87/100
|
|-heal|p2a: Ting-Lu|92/100|[from] item: Leftovers
|upkeep
|turn|5
|
|t:|1760385805
|move|p1a: Hydrapple|Giga Drain|p2a: Ting-Lu
|-supereffective|p2a: Ting-Lu
|-damage|p2a: Ting-Lu|46/100
|-heal|p1a: Hydrapple|100/100|[from] drain|[of] p2a: Ting-Lu
|move|p2a: Ting-Lu|Whirlwind|p1a: Hydrapple
|drag|p1a: Raikou|Raikou|100/100
|-ability|p1a: Raikou|Pressure
|
|-heal|p2a: Ting-Lu|52/100|[from] item: Leftovers
|upkeep
|turn|6
|
|t:|1760385813
|switch|p1a: Hydrapple|Hydrapple, F|100/100
|move|p2a: Ting-Lu|Ruination|p1a: Hydrapple
|-damage|p1a: Hydrapple|50/100
|
|-heal|p2a: Ting-Lu|58/100|[from] item: Leftovers
|upkeep
|turn|7
|
|t:|1760385817
|switch|p2a: Scizor|Scizor, F|100/100
|move|p1a: Hydrapple|Giga Drain|p2a: Scizor
|-resisted|p2a: Scizor
|-damage|p2a: Scizor|89/100
|-heal|p1a: Hydrapple|55/100|[from] drain|[of] p2a: Scizor
|
|upkeep
|turn|8
|
|t:|1760385828
|switch|p1a: Zamazenta|Zamazenta|100/100
|-damage|p1a: Zamazenta|94/100|[from] Stealth Rock
|-ability|p1a: Zamazenta|Dauntless Shield|boost
|-boost|p1a: Zamazenta|def|1
|move|p2a: Scizor|U-turn|p1a: Zamazenta
|-resisted|p1a: Zamazenta
|-damage|p1a: Zamazenta|80/100
|
|t:|1760385845
|switch|p2a: 100% Unlucky|Zapdos|100/100|[from] U-turn
|
|-heal|p1a: Zamazenta|87/100|[from] item: Leftovers
|upkeep
|turn|9
|
|t:|1760385848
|switch|p1a: Raikou|Raikou|100/100
|-ability|p1a: Raikou|Pressure
|move|p2a: 100% Unlucky|Hurricane|p1a: Raikou
|-resisted|p1a: Raikou
|-damage|p1a: Raikou|77/100
|
|upkeep
|turn|10
|
|t:|1760385852
|move|p1a: Raikou|Scald|p2a: 100% Unlucky
|-damage|p2a: 100% Unlucky|74/100
|move|p2a: 100% Unlucky|Volt Switch|p1a: Raikou
|-resisted|p1a: Raikou
|-damage|p1a: Raikou|61/100
|
|t:|1760385860
|switch|p2a: Latios|Latios, M|100/100|[from] Volt Switch
|
|upkeep
|turn|11
|
|t:|1760385864
|switch|p1a: Slowking|Slowking-Galar, F|100/100
|move|p2a: Latios|Draco Meteor|p1a: Slowking
|-damage|p1a: Slowking|55/100
|-unboost|p2a: Latios|spa|2
|
|upkeep
|turn|12
|
|t:|1760385868
|switch|p2a: Ting-Lu|Ting-Lu|58/100
|-ability|p2a: Ting-Lu|Vessel of Ruin
|-prepare|p1a: Slowking|Chilly Reception|[premajor]
|move|p1a: Slowking|Chilly Reception|p1a: Slowking
|-weather|Snowscape
|
|t:|1760385871
|switch|p1a: Zamazenta|Zamazenta|87/100|[from] Chilly Reception
|-damage|p1a: Zamazenta|80/100|[from] Stealth Rock
|
|-weather|Snowscape|[upkeep]
|-heal|p1a: Zamazenta|87/100|[from] item: Leftovers
|-heal|p2a: Ting-Lu|65/100|[from] item: Leftovers
|upkeep
|turn|13
|
|t:|1760385874
|switch|p1a: Raikou|Raikou|61/100
|-ability|p1a: Raikou|Pressure
|move|p2a: Ting-Lu|Whirlwind|p1a: Raikou
|drag|p1a: Hydrapple|Hydrapple, F|89/100
|
|-weather|Snowscape|[upkeep]
|-heal|p2a: Ting-Lu|71/100|[from] item: Leftovers
|upkeep
|turn|14
|
|t:|1760385881
|switch|p2a: Scizor|Scizor, F|89/100
|move|p1a: Hydrapple|Giga Drain|p2a: Scizor
|-resisted|p2a: Scizor
|-damage|p2a: Scizor|77/100
|-heal|p1a: Hydrapple|94/100|[from] drain|[of] p2a: Scizor
|
|-weather|Snowscape|[upkeep]
|upkeep
|turn|15
|
|t:|1760385893
|switch|p1a: Zamazenta|Zamazenta|87/100
|-damage|p1a: Zamazenta|80/100|[from] Stealth Rock
|move|p2a: Scizor|Knock Off|p1a: Zamazenta
|-resisted|p1a: Zamazenta
|-damage|p1a: Zamazenta|61/100
|-enditem|p1a: Zamazenta|Leftovers|[from] move: Knock Off|[of] p2a: Scizor
|
|-weather|Snowscape|[upkeep]
|upkeep
|turn|16
|
|t:|1760385898
|switch|p2a: 100% Unlucky|Zapdos|74/100
|move|p1a: Zamazenta|Body Press|p2a: 100% Unlucky
|-resisted|p2a: 100% Unlucky
|-damage|p2a: 100% Unlucky|57/100
|-status|p1a: Zamazenta|par|[from] ability: Static|[of] p2a: 100% Unlucky
|
|-weather|none
|upkeep
|turn|17
|
|t:|1760385904
|switch|p1a: Slowking|Slowking-Galar, F|89/100
|move|p2a: 100% Unlucky|Roost|p2a: 100% Unlucky
|-heal|p2a: 100% Unlucky|100/100
|-singleturn|p2a: 100% Unlucky|move: Roost
|
|upkeep
|turn|18
|
|t:|1760385906
|move|p2a: 100% Unlucky|Discharge|p1a: Slowking
|-damage|p1a: Slowking|66/100
|-status|p1a: Slowking|par
|move|p1a: Slowking|Future Sight|p2a: 100% Unlucky
|-start|p1a: Slowking|move: Future Sight
|
|upkeep
|turn|19
|
|t:|1760385912
|move|p2a: 100% Unlucky|Volt Switch|p1a: Slowking
|-damage|p1a: Slowking|48/100 par
|
|t:|1760385918
|switch|p2a: Latios|Latios, M|100/100|[from] Volt Switch
|-prepare|p1a: Slowking|Chilly Reception|[premajor]
|move|p1a: Slowking|Chilly Reception|p1a: Slowking
|-weather|Snowscape
|
|t:|1760385921
|switch|p1a: Samurott|Samurott-Hisui, F|100/100|[from] Chilly Reception
|
|-weather|Snowscape|[upkeep]
|upkeep
|turn|20
|
|t:|1760385932
|move|p2a: Latios|Draco Meteor|p1a: Samurott
|-damage|p1a: Samurott|0 fnt
|-unboost|p2a: Latios|spa|2
|faint|p1a: Samurott
|
|-weather|Snowscape|[upkeep]
|-end|p2a: Latios|move: Future Sight
|-resisted|p2a: Latios
|-damage|p2a: Latios|76/100
|upkeep
|
|t:|1760385948
|switch|p1a: Slowking|Slowking-Galar, F|81/100 par
|turn|21
|
|t:|1760385953
|switch|p2a: Ting-Lu|Ting-Lu|71/100
|-ability|p2a: Ting-Lu|Vessel of Ruin
|-prepare|p1a: Slowking|Chilly Reception|[premajor]
|move|p1a: Slowking|Chilly Reception|p1a: Slowking
|
|t:|1760385957
|switch|p1a: Hydrapple|Hydrapple, F|100/100|[from] Chilly Reception
|
|-weather|Snowscape|[upkeep]
|-heal|p2a: Ting-Lu|77/100|[from] item: Leftovers
|upkeep
|turn|22
|
|t:|1760385959
|move|p1a: Hydrapple|Nasty Plot|p1a: Hydrapple
|-boost|p1a: Hydrapple|spa|2
|move|p2a: Ting-Lu|Whirlwind|p1a: Hydrapple
|drag|p1a: Raikou|Raikou|61/100
|-ability|p1a: Raikou|Pressure
|
|-weather|Snowscape|[upkeep]
|-heal|p2a: Ting-Lu|83/100|[from] item: Leftovers
|upkeep
|turn|23
|
|t:|1760385967
|move|p1a: Raikou|Scald|p2a: Ting-Lu
|-supereffective|p2a: Ting-Lu
|-damage|p2a: Ting-Lu|52/100
|move|p2a: Ting-Lu|Ruination|p1a: Raikou
|-damage|p1a: Raikou|31/100
|
|-weather|none
|-heal|p2a: Ting-Lu|58/100|[from] item: Leftovers
|upkeep
|turn|24
|
|t:|1760385975
|switch|p1a: Hydrapple|Hydrapple, F|100/100
|switch|p2a: Scizor|Scizor, F|77/100
|
|upkeep
|turn|25
|
|t:|1760385980
|-terastallize|p1a: Hydrapple|Poison
|move|p2a: Scizor|U-turn|p1a: Hydrapple
|-resisted|p1a: Hydrapple
|-damage|p1a: Hydrapple|77/100
|
|t:|1760385986
|switch|p2a: 100% Unlucky|Zapdos|100/100|[from] U-turn
|move|p1a: Hydrapple|Nasty Plot|p1a: Hydrapple
|-boost|p1a: Hydrapple|spa|2
|
|upkeep
|turn|26
|
|t:|1760385990
|move|p2a: 100% Unlucky|Discharge|p1a: Hydrapple
|-damage|p1a: Hydrapple|39/100
|move|p1a: Hydrapple|Fickle Beam|p2a: 100% Unlucky
|-damage|p2a: 100% Unlucky|15/100
|
|upkeep
|turn|27
|
|t:|1760385997
|move|p2a: 100% Unlucky|Discharge|p1a: Hydrapple
|-damage|p1a: Hydrapple|1/100
|move|p1a: Hydrapple|Giga Drain|p2a: 100% Unlucky
|-resisted|p2a: 100% Unlucky
|-damage|p2a: 100% Unlucky|0 fnt
|-heal|p1a: Hydrapple|8/100|[from] drain|[of] p2a: 100% Unlucky
|faint|p2a: 100% Unlucky
|
|upkeep
|
|t:|1760386002
|switch|p2a: Quaquaval|Quaquaval, M|100/100
|turn|28
|
|t:|1760386007
|switch|p1a: Slowking|Slowking-Galar, F|100/100 par
|move|p2a: Quaquaval|Aqua Step|p1a: Slowking
|-damage|p1a: Slowking|62/100 par
|-boost|p2a: Quaquaval|spe|1
|
|upkeep
|turn|29
|
|t:|1760386013
|move|p2a: Quaquaval|Knock Off|p1a: Slowking
|-supereffective|p1a: Slowking
|-damage|p1a: Slowking|5/100 par
|-enditem|p1a: Slowking|Heavy-Duty Boots|[from] move: Knock Off|[of] p2a: Quaquaval
|-prepare|p1a: Slowking|Chilly Reception|[premajor]
|move|p1a: Slowking|Chilly Reception|p1a: Slowking
|-weather|Snowscape
|
|t:|1760386031
|switch|p1a: Hydrapple|Hydrapple, F, tera:Poison|41/100|[from] Chilly Reception
|
|-weather|Snowscape|[upkeep]
|upkeep
|turn|30
|
|t:|1760386036
|switch|p1a: Slowking|Slowking-Galar, F|38/100 par
|-damage|p1a: Slowking|25/100 par|[from] Stealth Rock
|-terastallize|p2a: Quaquaval|Water
|move|p2a: Quaquaval|Aqua Step|p1a: Slowking
|-damage|p1a: Slowking|0 fnt
|-boost|p2a: Quaquaval|spe|1
|faint|p1a: Slowking
|-ability|p2a: Quaquaval|Moxie|boost
|-boost|p2a: Quaquaval|atk|1
|
|-weather|Snowscape|[upkeep]
|upkeep
|
|t:|1760386045
|switch|p1a: Hydrapple|Hydrapple, F, tera:Poison|75/100
|turn|31
|
|t:|1760386048
|move|p2a: Quaquaval|Aqua Step|p1a: Hydrapple
|-damage|p1a: Hydrapple|2/100
|-boost|p2a: Quaquaval|spe|1
|move|p1a: Hydrapple|Giga Drain|p2a: Quaquaval
|-supereffective|p2a: Quaquaval
|-damage|p2a: Quaquaval|35/100
|-heal|p1a: Hydrapple|31/100|[from] drain|[of] p2a: Quaquaval
|
|-weather|Snowscape|[upkeep]
|upkeep
|turn|32
|
|t:|1760386058
|move|p2a: Quaquaval|Aqua Step|p1a: Hydrapple
|-damage|p1a: Hydrapple|0 fnt
|-boost|p2a: Quaquaval|spe|1
|faint|p1a: Hydrapple
|-ability|p2a: Quaquaval|Moxie|boost
|-boost|p2a: Quaquaval|atk|1
|
|-weather|Snowscape|[upkeep]
|upkeep
|-message|miscellandorus forfeited.
|
|win|AnythingTeam
|raw|miscellandorus's rating: 1381 &rarr; <strong>1363</strong><br />(-18 for losing)
|raw|AnythingTeam's rating: 1423 &rarr; <strong>1441</strong><br />(+18 for winning)
|l|☆miscellandorus
|player|p1|
|c|☆AnythingTeam|g
|c|☆AnythingTeam|gg
|l|☆AnythingTeam
|player|p2|
