|j|☆TheRaptorChoco
|j|☆dzspeaking
|t:|1760429048
|gametype|singles
|player|p1|TheRaptorChoco|265|1116
|player|p2|dzspeaking|1|1166
|gen|9
|tier|[Gen 9] OU
|rated|
|rule|HP Percentage Mod: HP is shown in percentages
|rule|Endless Battle Clause: Forcing endless battles is banned
|rule|Species Clause: Limit one of each Pokémon
|rule|OHKO Clause: OHKO moves are banned
|rule|Evasion Items Clause: Evasion items are banned
|rule|Evasion Moves Clause: Evasion moves are banned
|rule|Evasion Abilities Clause: Evasion abilities are banned
|rule|Sleep Moves Clause: Sleep-inducing moves are banned
|clearpoke
|poke|p1|Meloetta|
|poke|p1|Deoxys-Speed|
|poke|p1|Enamorus, F|
|poke|p1|Corviknight, M|
|poke|p1|Garchomp, M|
|poke|p1|Rotom-Wash|
|poke|p2|Cinderace, M|
|poke|p2|Corviknight, M|
|poke|p2|Gliscor, F|
|poke|p2|Garganacl, M|
|poke|p2|Ogerpon-Wellspring, F|
|poke|p2|Zamazenta-*|
|teampreview
|
|t:|1760429055
|teamsize|p1|6
|teamsize|p2|6
|start
|switch|p1a: Deoxys|Deoxys-Speed|100/100
|switch|p2a: Gliscor|Gliscor, F|100/100
|-ability|p1a: Deoxys|Pressure
|turn|1
|
|t:|1760429064
|move|p2a: Gliscor|Protect|p2a: Gliscor
|-singleturn|p2a: Gliscor|Protect
|move|p1a: Deoxys|Taunt|p2a: Gliscor
|-activate|p2a: Gliscor|move: Protect
|
|-status|p2a: Gliscor|tox|[from] item: Toxic Orb
|upkeep
|turn|2
|
|t:|1760429073
|move|p1a: Deoxys|Stealth Rock|p2a: Gliscor
|-sidestart|p2: dzspeaking|move: Stealth Rock
|move|p2a: Gliscor|Toxic|p1a: Deoxys
|-status|p1a: Deoxys|tox
|
|-damage|p1a: Deoxys|95/100 tox|[from] psn
|upkeep
|turn|3
|
|t:|1760429079
|move|p1a: Deoxys|Psycho Boost|p2a: Gliscor
|-damage|p2a: Gliscor|61/100 tox
|-unboost|p1a: Deoxys|spa|2
|move|p2a: Gliscor|Stealth Rock|p1a: Deoxys
|-sidestart|p1: TheRaptorChoco|move: Stealth Rock
|
|-damage|p1a: Deoxys|83/100 tox|[from] psn
|-heal|p2a: Gliscor|73/100 tox|[from] ability: Poison Heal
|upkeep
|turn|4
|
|t:|1760429087
|move|p2a: Gliscor|Protect|p2a: Gliscor
|-singleturn|p2a: Gliscor|Protect
|move|p1a: Deoxys|Spikes|p2a: Gliscor
|-sidestart|p2: dzspeaking|Spikes
|
|-damage|p1a: Deoxys|65/100 tox|[from] psn
|-heal|p2a: Gliscor|86/100 tox|[from] ability: Poison Heal
|upkeep
|turn|5
|
|t:|1760429095
|move|p1a: Deoxys|Spikes|p2a: Gliscor
|-sidestart|p2: dzspeaking|Spikes
|move|p2a: Gliscor|Earthquake|p1a: Deoxys
|-damage|p1a: Deoxys|25/100 tox
|
|-damage|p1a: Deoxys|1/100 tox|[from] psn
|-heal|p2a: Gliscor|98/100 tox|[from] ability: Poison Heal
|upkeep
|turn|6
|
|t:|1760429103
|move|p2a: Gliscor|Protect|p2a: Gliscor
|-singleturn|p2a: Gliscor|Protect
|move|p1a: Deoxys|Spikes|p2a: Gliscor
|-sidestart|p2: dzspeaking|Spikes
|
|-damage|p1a: Deoxys|0 fnt|[from] psn
|faint|p1a: Deoxys
|-heal|p2a: Gliscor|100/100 tox|[from] ability: Poison Heal
|upkeep
|
|t:|1760429114
|switch|p1a: Garchomp|Garchomp, M, shiny|100/100
|-damage|p1a: Garchomp|94/100|[from] Stealth Rock
|turn|7
|
|t:|1760429138
|move|p1a: Garchomp|Swords Dance|p1a: Garchomp
|-boost|p1a: Garchomp|atk|2
|move|p2a: Gliscor|Toxic|p1a: Garchomp
|-status|p1a: Garchomp|tox
|
|-damage|p1a: Garchomp|88/100 tox|[from] psn
|upkeep
|turn|8
|
|t:|1760429147
|move|p2a: Gliscor|Protect|p2a: Gliscor
|-singleturn|p2a: Gliscor|Protect
|move|p1a: Garchomp|Scale Shot|p2a: Gliscor
|-activate|p2a: Gliscor|move: Protect
|
|-damage|p1a: Garchomp|76/100 tox|[from] psn
|upkeep
|turn|9
|
|t:|1760429154
|move|p1a: Garchomp|Scale Shot|p2a: Gliscor
|-damage|p2a: Gliscor|80/100 tox
|-damage|p2a: Gliscor|59/100 tox
|-damage|p2a: Gliscor|38/100 tox
|-damage|p2a: Gliscor|18/100 tox
|-hitcount|p2a: Gliscor|4
|-unboost|p1a: Garchomp|def|1
|-boost|p1a: Garchomp|spe|1
|move|p2a: Gliscor|Earthquake|p1a: Garchomp
|-crit|p1a: Garchomp
|-damage|p1a: Garchomp|0 fnt
|faint|p1a: Garchomp
|
|-heal|p2a: Gliscor|31/100 tox|[from] ability: Poison Heal
|upkeep
|
|t:|1760429170
|switch|p1a: Meloetta|Meloetta|100/100
|-damage|p1a: Meloetta|88/100|[from] Stealth Rock
|turn|10
|
|t:|1760429179
|move|p2a: Gliscor|Protect|p2a: Gliscor
|-singleturn|p2a: Gliscor|Protect
|move|p1a: Meloetta|Relic Song|p2a: Gliscor
|-activate|p2a: Gliscor|move: Protect
|
|-heal|p2a: Gliscor|43/100 tox|[from] ability: Poison Heal
|upkeep
|turn|11
|
|t:|1760429198
|switch|p2a: Corviknight|Corviknight, M|100/100
|-damage|p2a: Corviknight|88/100|[from] Stealth Rock
|-ability|p2a: Corviknight|Pressure
|move|p1a: Meloetta|Relic Song|p2a: Corviknight
|-resisted|p2a: Corviknight
|-damage|p2a: Corviknight|73/100
|-formechange|p1a: Meloetta|Meloetta-Pirouette|[msg]
|
|upkeep
|turn|12
|
|t:|1760429209
|move|p1a: Meloetta|U-turn|p2a: Corviknight
|-resisted|p2a: Corviknight
|-damage|p2a: Corviknight|70/100
|-damage|p1a: Meloetta|72/100|[from] item: Rocky Helmet|[of] p2a: Corviknight
|
|t:|1760429215
|switch|p1a: Rotom|Rotom-Wash|100/100|[from] U-turn
|-damage|p1a: Rotom|88/100|[from] Stealth Rock
|move|p2a: Corviknight|Brave Bird|p1a: Rotom
|-resisted|p1a: Rotom
|-damage|p1a: Rotom|68/100
|-damage|p2a: Corviknight|65/100|[from] Recoil
|
|-heal|p1a: Rotom|74/100|[from] item: Leftovers
|upkeep
|turn|13
|
|t:|1760429227
|switch|p2a: Gliscor|Gliscor, F|43/100 tox
|-damage|p2a: Gliscor|31/100 tox|[from] Stealth Rock
|move|p1a: Rotom|Will-O-Wisp|p2a: Gliscor|[miss]
|-miss|p1a: Rotom|p2a: Gliscor
|
|-heal|p1a: Rotom|80/100|[from] item: Leftovers
|-heal|p2a: Gliscor|43/100 tox|[from] ability: Poison Heal
|upkeep
|turn|14
|
|t:|1760429236
|move|p2a: Gliscor|Protect|p2a: Gliscor
|-singleturn|p2a: Gliscor|Protect
|move|p1a: Rotom|Hydro Pump|p2a: Gliscor
|-activate|p2a: Gliscor|move: Protect
|
|-heal|p1a: Rotom|87/100|[from] item: Leftovers
|-heal|p2a: Gliscor|56/100 tox|[from] ability: Poison Heal
|upkeep
|turn|15
|
|t:|1760429245
|switch|p2a: Ogerpon|Ogerpon-Wellspring, F|100/100
|-damage|p2a: Ogerpon|88/100|[from] Stealth Rock
|-damage|p2a: Ogerpon|63/100|[from] Spikes
|move|p1a: Rotom|Volt Switch|p2a: Ogerpon
|-damage|p2a: Ogerpon|23/100
|
|t:|1760429253
|switch|p1a: Meloetta|Meloetta|72/100|[from] Volt Switch
|-damage|p1a: Meloetta|59/100|[from] Stealth Rock
|
|upkeep
|turn|16
|
|t:|1760429261
|move|p2a: Ogerpon|Knock Off|p1a: Meloetta
|-supereffective|p1a: Meloetta
|-damage|p1a: Meloetta|0 fnt
|-enditem|p1a: Meloetta|Expert Belt|[from] move: Knock Off|[of] p2a: Ogerpon
|faint|p1a: Meloetta
|
|upkeep
|
|t:|1760429270
|switch|p1a: Corviknight|Corviknight, M|100/100
|-damage|p1a: Corviknight|88/100|[from] Stealth Rock
|turn|17
|
|t:|1760429279
|move|p2a: Ogerpon|U-turn|p1a: Corviknight
|-resisted|p1a: Corviknight
|-damage|p1a: Corviknight|82/100
|
|t:|1760429283
|switch|p2a: Cinderace|Cinderace, M|100/100|[from] U-turn
|move|p1a: Corviknight|Bulk Up|p1a: Corviknight
|-boost|p1a: Corviknight|atk|1
|-boost|p1a: Corviknight|def|1
|
|-heal|p1a: Corviknight|88/100|[from] item: Leftovers
|upkeep
|turn|18
|
|t:|1760429291
|move|p2a: Cinderace|Pyro Ball|p1a: Corviknight
|-supereffective|p1a: Corviknight
|-damage|p1a: Corviknight|17/100
|move|p1a: Corviknight|Drill Peck|p2a: Cinderace
|-damage|p2a: Cinderace|50/100
|
|-heal|p1a: Corviknight|23/100|[from] item: Leftovers
|upkeep
|turn|19
|
|t:|1760429302
|move|p2a: Cinderace|Pyro Ball|p1a: Corviknight
|-supereffective|p1a: Corviknight
|-damage|p1a: Corviknight|0 fnt
|faint|p1a: Corviknight
|
|upkeep
|
|t:|1760429307
|switch|p1a: Rotom|Rotom-Wash|87/100
|-damage|p1a: Rotom|74/100|[from] Stealth Rock
|turn|20
|
|t:|1760429317
|move|p2a: Cinderace|U-turn|p1a: Rotom
|-start|p2a: Cinderace|typechange|Bug|[from] ability: Libero
|-damage|p1a: Rotom|31/100
|
|t:|1760429320
|switch|p2a: Ogerpon|Ogerpon-Wellspring, F|23/100|[from] U-turn
|-damage|p2a: Ogerpon|11/100|[from] Stealth Rock
|-damage|p2a: Ogerpon|0 fnt|[from] Spikes
|faint|p2a: Ogerpon
|move|p1a: Rotom|Hydro Pump|p2: Ogerpon|[notarget]
|-fail|p1a: Rotom
|
|-heal|p1a: Rotom|38/100|[from] item: Leftovers
|upkeep
|
|t:|1760429333
|switch|p2a: Cinderace|Cinderace, M|50/100
|turn|21
|
|t:|1760429340
|move|p2a: Cinderace|U-turn|p1a: Rotom
|-start|p2a: Cinderace|typechange|Bug|[from] ability: Libero
|-damage|p1a: Rotom|0 fnt
|faint|p1a: Rotom
|
|t:|1760429346
|switch|p2a: Gliscor|Gliscor, F|56/100 tox|[from] U-turn
|-damage|p2a: Gliscor|43/100 tox|[from] Stealth Rock
|
|-heal|p2a: Gliscor|56/100 tox|[from] ability: Poison Heal
|upkeep
|
|t:|1760429348
|switch|p1a: Enamorus|Enamorus, F|100/100
|-damage|p1a: Enamorus|76/100|[from] Stealth Rock
|turn|22
|
|t:|1760429356
|move|p2a: Gliscor|Protect|p2a: Gliscor
|-singleturn|p2a: Gliscor|Protect
|move|p1a: Enamorus|Moonblast|p2a: Gliscor
|-activate|p2a: Gliscor|move: Protect
|
|-heal|p2a: Gliscor|68/100 tox|[from] ability: Poison Heal
|upkeep
|turn|23
|
|t:|1760429363
|move|p1a: Enamorus|Moonblast|p2a: Gliscor
|-damage|p2a: Gliscor|10/100 tox
|move|p2a: Gliscor|Toxic|p1a: Enamorus
|-status|p1a: Enamorus|tox
|
|-damage|p1a: Enamorus|69/100 tox|[from] psn
|-heal|p2a: Gliscor|22/100 tox|[from] ability: Poison Heal
|upkeep
|turn|24
|
|t:|1760429373
|move|p2a: Gliscor|Protect|p2a: Gliscor
|-singleturn|p2a: Gliscor|Protect
|move|p1a: Enamorus|Moonblast|p2a: Gliscor
|-activate|p2a: Gliscor|move: Protect
|
|-damage|p1a: Enamorus|57/100 tox|[from] psn
|-heal|p2a: Gliscor|34/100 tox|[from] ability: Poison Heal
|upkeep
|turn|25
|c|☆TheRaptorChoco|well gg
|
|t:|1760429383
|switch|p2a: Corviknight|Corviknight, M|65/100
|-damage|p2a: Corviknight|52/100|[from] Stealth Rock
|-ability|p2a: Corviknight|Pressure
|move|p1a: Enamorus|Moonblast|p2a: Corviknight
|-resisted|p2a: Corviknight
|-damage|p2a: Corviknight|14/100
|
|-damage|p1a: Enamorus|38/100 tox|[from] psn
|upkeep
|turn|26
|
|t:|1760429392
|-terastallize|p1a: Enamorus|Fairy
|move|p1a: Enamorus|Moonblast|p2a: Corviknight
|-resisted|p2a: Corviknight
|-damage|p2a: Corviknight|0 fnt
|faint|p2a: Corviknight
|
|-damage|p1a: Enamorus|13/100 tox|[from] psn
|upkeep
|
|t:|1760429399
|switch|p2a: Gliscor|Gliscor, F|34/100 tox
|-damage|p2a: Gliscor|22/100 tox|[from] Stealth Rock
|turn|27
|
|t:|1760429404
|move|p2a: Gliscor|Protect|p2a: Gliscor
|-singleturn|p2a: Gliscor|Protect
|move|p1a: Enamorus|Moonblast|p2a: Gliscor
|-activate|p2a: Gliscor|move: Protect
|
|-damage|p1a: Enamorus|0 fnt|[from] psn
|faint|p1a: Enamorus
|
|win|dzspeaking
|raw|TheRaptorChoco's rating: 1116 &rarr; <strong>1095</strong><br />(-21 for losing)
|raw|dzspeaking's rating: 1166 &rarr; <strong>1187</strong><br />(+21 for winning)
|l|☆TheRaptorChoco
|player|p1|
|l|☆dzspeaking
|player|p2|
