|badge|p2|bronze|gen9ou|100-7
|uhtml|medal-msg|<div class="broadcast-blue">Curious what those medals under the avatar are? PS now has Ladder Seasons! For more information, check out the <a href="https://www.smogon.com/forums/threads/3740067/">thread on Smogon.</a></div>
|j|☆stariaki
|j|☆Trainer #39
|t:|1760453276
|gametype|singles
|player|p1|stariaki|266|1806
|player|p2|Trainer #39|bugsy|1822
|gen|9
|tier|[Gen 9] OU
|rated|
|rule|HP Percentage Mod: HP is shown in percentages
|rule|Endless Battle Clause: Forcing endless battles is banned
|rule|Species Clause: Limit one of each Pokémon
|rule|OHKO Clause: OHKO moves are banned
|rule|Evasion Items Clause: Evasion items are banned
|rule|Evasion Moves Clause: Evasion moves are banned
|rule|Evasion Abilities Clause: Evasion abilities are banned
|rule|Sleep Moves Clause: Sleep-inducing moves are banned
|clearpoke
|poke|p1|Polteageist|
|poke|p1|Scizor, M|
|poke|p1|Dragonite, M|
|poke|p1|Great Tusk|
|poke|p1|Cinderace, M|
|poke|p1|Alomomola, F|
|poke|p2|Blissey, F|
|poke|p2|Corviknight, M|
|poke|p2|Dondozo, M|
|poke|p2|Gliscor, M|
|poke|p2|Clefable, M|
|poke|p2|Slowking-Galar, M|
|teampreview
|j| Pikmin 13
|inactive|Battle timer is ON: inactive players will automatically lose when time's up. (requested by stariaki)
|j| jenwnwkkwjwi
|inactive|Trainer #39 has 120 seconds left.
|
|t:|1760453342
|teamsize|p1|6
|teamsize|p2|6
|start
|switch|p1a: Scizor|Scizor, M|100/100
|switch|p2a: 🇮🇱=stop genocide|Gliscor, M|100/100
|turn|1
|
|t:|1760453348
|move|p2a: 🇮🇱=stop genocide|Protect|p2a: 🇮🇱=stop genocide
|-singleturn|p2a: 🇮🇱=stop genocide|Protect
|move|p1a: Scizor|Knock Off|p2a: 🇮🇱=stop genocide
|-activate|p2a: 🇮🇱=stop genocide|move: Protect
|
|-status|p2a: 🇮🇱=stop genocide|tox|[from] item: Toxic Orb
|upkeep
|turn|2
|
|t:|1760453350
|move|p2a: 🇮🇱=stop genocide|Earthquake|p1a: Scizor
|-damage|p1a: Scizor|73/100
|move|p1a: Scizor|Knock Off|p2a: 🇮🇱=stop genocide
|-damage|p2a: 🇮🇱=stop genocide|65/100 tox
|-enditem|p2a: 🇮🇱=stop genocide|Toxic Orb|[from] move: Knock Off|[of] p1a: Scizor
|
|-heal|p2a: 🇮🇱=stop genocide|77/100 tox|[from] ability: Poison Heal
|upkeep
|turn|3
|
|t:|1760453354
|switch|p1a: Great Tusk|Great Tusk|100/100
|move|p2a: 🇮🇱=stop genocide|Earthquake|p1a: Great Tusk
|-damage|p1a: Great Tusk|82/100
|
|-heal|p2a: 🇮🇱=stop genocide|90/100 tox|[from] ability: Poison Heal
|upkeep
|turn|4
|
|t:|1760453357
|move|p2a: 🇮🇱=stop genocide|Toxic|p1a: Great Tusk
|-status|p1a: Great Tusk|tox
|move|p1a: Great Tusk|Ice Spinner|p2a: 🇮🇱=stop genocide
|-supereffective|p2a: 🇮🇱=stop genocide
|-damage|p2a: 🇮🇱=stop genocide|12/100 tox
|
|-heal|p2a: 🇮🇱=stop genocide|24/100 tox|[from] ability: Poison Heal
|-damage|p1a: Great Tusk|76/100 tox|[from] psn
|upkeep
|turn|5
|
|t:|1760453368
|switch|p2a: Charlie Kirk: idc|Corviknight, M|100/100
|-ability|p2a: Charlie Kirk: idc|Pressure
|move|p1a: Great Tusk|Ice Spinner|p2a: Charlie Kirk: idc
|-damage|p2a: Charlie Kirk: idc|81/100
|-damage|p1a: Great Tusk|60/100 tox|[from] item: Rocky Helmet|[of] p2a: Charlie Kirk: idc
|
|-damage|p1a: Great Tusk|47/100 tox|[from] psn
|upkeep
|turn|6
|
|t:|1760453379
|move|p1a: Great Tusk|Close Combat|p2a: Charlie Kirk: idc
|-damage|p2a: Charlie Kirk: idc|40/100
|-unboost|p1a: Great Tusk|def|1
|-unboost|p1a: Great Tusk|spd|1
|-damage|p1a: Great Tusk|31/100 tox|[from] item: Rocky Helmet|[of] p2a: Charlie Kirk: idc
|move|p2a: Charlie Kirk: idc|U-turn|p1a: Great Tusk
|-resisted|p1a: Great Tusk
|-damage|p1a: Great Tusk|24/100 tox
|
|t:|1760453382
|switch|p2a: 🇮🇱=stop genocide|Gliscor, M|24/100 tox|[from] U-turn
|
|-heal|p2a: 🇮🇱=stop genocide|37/100 tox|[from] ability: Poison Heal
|-damage|p1a: Great Tusk|6/100 tox|[from] psn
|upkeep
|turn|7
|
|t:|1760453385
|move|p2a: 🇮🇱=stop genocide|Protect|p2a: 🇮🇱=stop genocide
|-singleturn|p2a: 🇮🇱=stop genocide|Protect
|move|p1a: Great Tusk|Ice Spinner|p2a: 🇮🇱=stop genocide
|-activate|p2a: 🇮🇱=stop genocide|move: Protect
|
|-heal|p2a: 🇮🇱=stop genocide|49/100 tox|[from] ability: Poison Heal
|-damage|p1a: Great Tusk|0 fnt|[from] psn
|faint|p1a: Great Tusk
|-end|p1a: Great Tusk|Protosynthesis|[silent]
|upkeep
|
|t:|1760453388
|switch|p1a: Dragonite|Dragonite, M|100/100
|turn|8
|
|t:|1760453390
|switch|p2a: Charlie Kirk: idc|Corviknight, M|40/100
|-ability|p2a: Charlie Kirk: idc|Pressure
|move|p1a: Dragonite|Ice Spinner|p2a: Charlie Kirk: idc
|-crit|p2a: Charlie Kirk: idc
|-damage|p2a: Charlie Kirk: idc|14/100
|-damage|p1a: Dragonite|84/100|[from] item: Rocky Helmet|[of] p2a: Charlie Kirk: idc
|
|-heal|p1a: Dragonite|90/100|[from] item: Leftovers
|upkeep
|turn|9
|
|t:|1760453393
|switch|p2a: 808 and curses|Dondozo, M|100/100
|move|p1a: Dragonite|Ice Spinner|p2a: 808 and curses
|-resisted|p2a: 808 and curses
|-damage|p2a: 808 and curses|95/100
|
|-heal|p1a: Dragonite|96/100|[from] item: Leftovers
|-heal|p2a: 808 and curses|100/100|[from] item: Leftovers
|upkeep
|turn|10
|
|t:|1760453396
|switch|p1a: Cinderace|Cinderace, M|100/100
|move|p2a: 808 and curses|Curse|p2a: 808 and curses
|-unboost|p2a: 808 and curses|spe|1
|-boost|p2a: 808 and curses|atk|1
|-boost|p2a: 808 and curses|def|1
|
|upkeep
|turn|11
|
|t:|1760453400
|move|p1a: Cinderace|Will-O-Wisp|p2a: 808 and curses
|-status|p2a: 808 and curses|brn
|move|p2a: 808 and curses|Waterfall|p1a: Cinderace
|-supereffective|p1a: Cinderace
|-damage|p1a: Cinderace|44/100
|
|-damage|p2a: 808 and curses|94/100 brn|[from] brn
|upkeep
|turn|12
|
|t:|1760453414
|switch|p2a: Charlie Kirk: idc|Corviknight, M|14/100
|-ability|p2a: Charlie Kirk: idc|Pressure
|move|p1a: Cinderace|Pyro Ball|p2a: Charlie Kirk: idc|[miss]
|-miss|p1a: Cinderace|p2a: Charlie Kirk: idc
|
|upkeep
|turn|13
|
|t:|1760453418
|switch|p2a: 808 and curses|Dondozo, M|94/100 brn
|move|p1a: Cinderace|U-turn|p2a: 808 and curses
|-damage|p2a: 808 and curses|84/100 brn
|
|t:|1760453419
|switch|p1a: Polteageist|Polteageist|100/100|[from] U-turn
|
|-heal|p2a: 808 and curses|91/100 brn|[from] item: Leftovers
|-damage|p2a: 808 and curses|84/100 brn|[from] brn
|upkeep
|turn|14
|
|t:|1760453421
|switch|p2a: Charli xcx|Clefable, M|100/100
|move|p1a: Polteageist|Shell Smash|p1a: Polteageist
|-unboost|p1a: Polteageist|def|1
|-unboost|p1a: Polteageist|spd|1
|-boost|p1a: Polteageist|atk|2
|-boost|p1a: Polteageist|spa|2
|-boost|p1a: Polteageist|spe|2
|
|upkeep
|turn|15
|
|t:|1760453426
|-terastallize|p1a: Polteageist|Fighting
|move|p1a: Polteageist|Tera Blast|p2a: Charli xcx|[anim] Tera Blast Fighting
|-resisted|p2a: Charli xcx
|-damage|p2a: Charli xcx|85/100
|move|p2a: Charli xcx|Knock Off|p1a: Polteageist
|-resisted|p1a: Polteageist
|-damage|p1a: Polteageist|86/100
|-ability|p1a: Polteageist|Weak Armor|boost
|-unboost|p1a: Polteageist|def|1
|-boost|p1a: Polteageist|spe|2
|-enditem|p1a: Polteageist|Focus Sash|[from] move: Knock Off|[of] p2a: Charli xcx
|
|upkeep
|turn|16
|
|t:|1760453430
|move|p1a: Polteageist|Stored Power|p2a: Charli xcx
|-damage|p2a: Charli xcx|41/100
|move|p2a: Charli xcx|Moonblast|p1a: Polteageist
|-supereffective|p1a: Polteageist
|-damage|p1a: Polteageist|7/100
|
|upkeep
|turn|17
|
|t:|1760453435
|-terastallize|p2a: Charli xcx|Dark
|move|p1a: Polteageist|Tera Blast|p2a: Charli xcx|[anim] Tera Blast Fighting
|-supereffective|p2a: Charli xcx
|-damage|p2a: Charli xcx|0 fnt
|faint|p2a: Charli xcx
|
|upkeep
|
|t:|1760453437
|switch|p2a: brat|Blissey, F|100/100
|turn|18
|
|t:|1760453439
|switch|p1a: Alomomola|Alomomola, F|100/100
|move|p2a: brat|Shadow Ball|p1a: Alomomola
|-damage|p1a: Alomomola|84/100
|
|upkeep
|turn|19
|
|t:|1760453442
|move|p2a: brat|Stealth Rock|p1a: Alomomola
|-sidestart|p1: stariaki|move: Stealth Rock
|move|p1a: Alomomola|Wish|p1a: Alomomola
|
|upkeep
|turn|20
|
|t:|1760453447
|switch|p2a: LeJ/ovni/la lettre|Slowking-Galar, M|100/100
|move|p1a: Alomomola|Flip Turn|p2a: LeJ/ovni/la lettre
|-damage|p2a: LeJ/ovni/la lettre|80/100
|
|t:|1760453454
|switch|p1a: Cinderace|Cinderace, M|44/100|[from] Flip Turn
|
|-heal|p1a: Cinderace|100/100|[from] move: Wish|[wisher] Alomomola
|upkeep
|turn|21
|
|t:|1760453458
|move|p1a: Cinderace|Court Change|p1a: Cinderace
|-swapsideconditions
|-activate|p1a: Cinderace|move: Court Change
|move|p2a: LeJ/ovni/la lettre|Sludge Bomb|p1a: Cinderace
|-damage|p1a: Cinderace|56/100
|
|upkeep
|turn|22
|
|t:|1760453466
|switch|p2a: Charlie Kirk: idc|Corviknight, M|14/100
|-damage|p2a: Charlie Kirk: idc|2/100|[from] Stealth Rock
|-ability|p2a: Charlie Kirk: idc|Pressure
|move|p1a: Cinderace|Pyro Ball|p2a: Charlie Kirk: idc
|-supereffective|p2a: Charlie Kirk: idc
|-damage|p2a: Charlie Kirk: idc|0 fnt
|faint|p2a: Charlie Kirk: idc
|
|upkeep
|
|t:|1760453468
|switch|p2a: 🇮🇱=stop genocide|Gliscor, M|49/100 tox
|-damage|p2a: 🇮🇱=stop genocide|37/100 tox|[from] Stealth Rock
|turn|23
|
|t:|1760453476
|move|p2a: 🇮🇱=stop genocide|Protect|p2a: 🇮🇱=stop genocide
|-singleturn|p2a: 🇮🇱=stop genocide|Protect
|move|p1a: Cinderace|Pyro Ball|p2a: 🇮🇱=stop genocide
|-activate|p2a: 🇮🇱=stop genocide|move: Protect
|
|-heal|p2a: 🇮🇱=stop genocide|49/100 tox|[from] ability: Poison Heal
|upkeep
|turn|24
|
|t:|1760453481
|move|p1a: Cinderace|U-turn|p2a: 🇮🇱=stop genocide
|-resisted|p2a: 🇮🇱=stop genocide
|-damage|p2a: 🇮🇱=stop genocide|42/100 tox
|
|t:|1760453482
|switch|p1a: Scizor|Scizor, M|73/100|[from] U-turn
|move|p2a: 🇮🇱=stop genocide|Toxic|p1a: Scizor
|-immune|p1a: Scizor
|
|-heal|p2a: 🇮🇱=stop genocide|54/100 tox|[from] ability: Poison Heal
|upkeep
|turn|25
|
|t:|1760453486
|move|p2a: 🇮🇱=stop genocide|Protect|p2a: 🇮🇱=stop genocide
|-singleturn|p2a: 🇮🇱=stop genocide|Protect
|move|p1a: Scizor|U-turn|p2a: 🇮🇱=stop genocide
|-activate|p2a: 🇮🇱=stop genocide|move: Protect
|
|-heal|p2a: 🇮🇱=stop genocide|67/100 tox|[from] ability: Poison Heal
|upkeep
|turn|26
|
|t:|1760453489
|move|p2a: 🇮🇱=stop genocide|Earthquake|p1a: Scizor
|-damage|p1a: Scizor|45/100
|move|p1a: Scizor|U-turn|p2a: 🇮🇱=stop genocide
|-resisted|p2a: 🇮🇱=stop genocide
|-damage|p2a: 🇮🇱=stop genocide|49/100 tox
|
|t:|1760453498
|switch|p1a: Dragonite|Dragonite, M|96/100|[from] U-turn
|
|-heal|p1a: Dragonite|100/100|[from] item: Leftovers
|-heal|p2a: 🇮🇱=stop genocide|62/100 tox|[from] ability: Poison Heal
|upkeep
|turn|27
|
|t:|1760453501
|move|p2a: 🇮🇱=stop genocide|Protect|p2a: 🇮🇱=stop genocide
|-singleturn|p2a: 🇮🇱=stop genocide|Protect
|move|p1a: Dragonite|Dragon Dance|p1a: Dragonite
|-boost|p1a: Dragonite|atk|1
|-boost|p1a: Dragonite|spe|1
|
|-heal|p2a: 🇮🇱=stop genocide|74/100 tox|[from] ability: Poison Heal
|upkeep
|turn|28
|
|t:|1760453508
|switch|p2a: 808 and curses|Dondozo, M|84/100 brn
|-damage|p2a: 808 and curses|72/100 brn|[from] Stealth Rock
|move|p1a: Dragonite|Ice Spinner|p2a: 808 and curses
|-resisted|p2a: 808 and curses
|-damage|p2a: 808 and curses|66/100 brn
|
|-heal|p2a: 808 and curses|72/100 brn|[from] item: Leftovers
|-damage|p2a: 808 and curses|66/100 brn|[from] brn
|upkeep
|turn|29
|
|t:|1760453510
|switch|p1a: Alomomola|Alomomola, F|100/100
|move|p2a: 808 and curses|Rest|p2a: 808 and curses
|-status|p2a: 808 and curses|slp|[from] move: Rest
|-heal|p2a: 808 and curses|100/100 slp|[silent]
|
|upkeep
|turn|30
|
|t:|1760453512
|move|p1a: Alomomola|Wish|p1a: Alomomola
|cant|p2a: 808 and curses|slp
|move|p2a: 808 and curses|Sleep Talk|p2a: 808 and curses
|move|p2a: 808 and curses|Rest||[from] move: Sleep Talk|[still]
|-fail|p2a: 808 and curses
|
|upkeep
|turn|31
|
|t:|1760453519
|move|p1a: Alomomola|Flip Turn|p2a: 808 and curses
|-resisted|p2a: 808 and curses
|-damage|p2a: 808 and curses|97/100 slp
|
|t:|1760453520
|switch|p1a: Polteageist|Polteageist, tera:Fighting|7/100|[from] Flip Turn
|cant|p2a: 808 and curses|slp
|move|p2a: 808 and curses|Sleep Talk|p2a: 808 and curses
|move|p2a: 808 and curses|Rest||[from] move: Sleep Talk|[still]
|-fail|p2a: 808 and curses
|
|-heal|p1a: Polteageist|100/100|[from] move: Wish|[wisher] Alomomola
|-heal|p2a: 808 and curses|100/100 slp|[from] item: Leftovers
|upkeep
|turn|32
|
|t:|1760453544
|switch|p1a: Scizor|Scizor, M|45/100
|switch|p2a: 🇮🇱=stop genocide|Gliscor, M|74/100 tox
|-damage|p2a: 🇮🇱=stop genocide|62/100 tox|[from] Stealth Rock
|
|-heal|p2a: 🇮🇱=stop genocide|74/100 tox|[from] ability: Poison Heal
|upkeep
|turn|33
|
|t:|1760453548
|move|p2a: 🇮🇱=stop genocide|Earthquake|p1a: Scizor
|-damage|p1a: Scizor|14/100
|move|p1a: Scizor|Knock Off|p2a: 🇮🇱=stop genocide
|-damage|p2a: 🇮🇱=stop genocide|52/100 tox
|
|-heal|p2a: 🇮🇱=stop genocide|65/100 tox|[from] ability: Poison Heal
|upkeep
|turn|34
|
|t:|1760453550
|move|p2a: 🇮🇱=stop genocide|Earthquake|p1a: Scizor
|-crit|p1a: Scizor
|-damage|p1a: Scizor|0 fnt
|faint|p1a: Scizor
|
|-heal|p2a: 🇮🇱=stop genocide|77/100 tox|[from] ability: Poison Heal
|upkeep
|
|t:|1760453553
|switch|p1a: Dragonite|Dragonite, M|100/100
|turn|35
|
|t:|1760453559
|move|p2a: 🇮🇱=stop genocide|Protect|p2a: 🇮🇱=stop genocide
|-singleturn|p2a: 🇮🇱=stop genocide|Protect
|move|p1a: Dragonite|Ice Spinner|p2a: 🇮🇱=stop genocide
|-activate|p2a: 🇮🇱=stop genocide|move: Protect
|
|-heal|p2a: 🇮🇱=stop genocide|89/100 tox|[from] ability: Poison Heal
|upkeep
|turn|36
|
|t:|1760453565
|switch|p1a: Polteageist|Polteageist, tera:Fighting|100/100
|move|p2a: 🇮🇱=stop genocide|Toxic|p1a: Polteageist|[miss]
|-miss|p2a: 🇮🇱=stop genocide|p1a: Polteageist
|
|-heal|p2a: 🇮🇱=stop genocide|100/100 tox|[from] ability: Poison Heal
|upkeep
|turn|37
|
|t:|1760453581
|switch|p1a: Dragonite|Dragonite, M|100/100
|move|p2a: 🇮🇱=stop genocide|Toxic|p1a: Dragonite|[miss]
|-miss|p2a: 🇮🇱=stop genocide|p1a: Dragonite
|
|upkeep
|turn|38
|c|☆stariaki|Damn
|
|t:|1760453586
|switch|p2a: 808 and curses|Dondozo, M|100/100 slp
|-damage|p2a: 808 and curses|88/100 slp|[from] Stealth Rock
|move|p1a: Dragonite|Dragon Dance|p1a: Dragonite
|-boost|p1a: Dragonite|atk|1
|-boost|p1a: Dragonite|spe|1
|
|-heal|p2a: 808 and curses|94/100 slp|[from] item: Leftovers
|upkeep
|turn|39
|
|t:|1760453590
|switch|p1a: Polteageist|Polteageist, tera:Fighting|100/100
|-curestatus|p2a: 808 and curses|slp|[msg]
|move|p2a: 808 and curses|Curse|p2a: 808 and curses
|-unboost|p2a: 808 and curses|spe|1
|-boost|p2a: 808 and curses|atk|1
|-boost|p2a: 808 and curses|def|1
|
|-heal|p2a: 808 and curses|99/100|[from] item: Leftovers
|upkeep
|turn|40
|
|t:|1760453592
|move|p1a: Polteageist|Shell Smash|p1a: Polteageist
|-unboost|p1a: Polteageist|def|1
|-unboost|p1a: Polteageist|spd|1
|-boost|p1a: Polteageist|atk|2
|-boost|p1a: Polteageist|spa|2
|-boost|p1a: Polteageist|spe|2
|move|p2a: 808 and curses|Waterfall|p1a: Polteageist
|-damage|p1a: Polteageist|25/100
|-ability|p1a: Polteageist|Weak Armor|boost
|-unboost|p1a: Polteageist|def|1
|-boost|p1a: Polteageist|spe|2
|
|-heal|p2a: 808 and curses|100/100|[from] item: Leftovers
|upkeep
|turn|41
|
|t:|1760453595
|switch|p1a: Alomomola|Alomomola, F|100/100
|move|p2a: 808 and curses|Waterfall|p1a: Alomomola
|-resisted|p1a: Alomomola
|-damage|p1a: Alomomola|90/100
|-damage|p2a: 808 and curses|84/100|[from] item: Rocky Helmet|[of] p1a: Alomomola
|
|-heal|p2a: 808 and curses|90/100|[from] item: Leftovers
|upkeep
|turn|42
|
|t:|1760453597
|move|p1a: Alomomola|Wish|p1a: Alomomola
|move|p2a: 808 and curses|Curse|p2a: 808 and curses
|-unboost|p2a: 808 and curses|spe|1
|-boost|p2a: 808 and curses|atk|1
|-boost|p2a: 808 and curses|def|1
|
|-heal|p2a: 808 and curses|96/100|[from] item: Leftovers
|upkeep
|turn|43
|
|t:|1760453603
|move|p1a: Alomomola|Flip Turn|p2a: 808 and curses
|-resisted|p2a: 808 and curses
|-damage|p2a: 808 and curses|94/100
|
|t:|1760453604
|switch|p1a: Dragonite|Dragonite, M|100/100|[from] Flip Turn
|move|p2a: 808 and curses|Waterfall|p1a: Dragonite
|-resisted|p1a: Dragonite
|-damage|p1a: Dragonite|88/100
|
|-heal|p1a: Dragonite|100/100|[from] move: Wish|[wisher] Alomomola
|-heal|p2a: 808 and curses|99/100|[from] item: Leftovers
|upkeep
|turn|44
|
|t:|1760453613
|switch|p1a: Alomomola|Alomomola, F|100/100
|move|p2a: 808 and curses|Curse|p2a: 808 and curses
|-unboost|p2a: 808 and curses|spe|1
|-boost|p2a: 808 and curses|atk|1
|-boost|p2a: 808 and curses|def|1
|
|-heal|p2a: 808 and curses|100/100|[from] item: Leftovers
|upkeep
|turn|45
|
|t:|1760453615
|move|p1a: Alomomola|Wish|p1a: Alomomola
|move|p2a: 808 and curses|Curse|p2a: 808 and curses
|-unboost|p2a: 808 and curses|spe|1
|-boost|p2a: 808 and curses|atk|1
|-boost|p2a: 808 and curses|def|1
|
|upkeep
|turn|46
|
|t:|1760453622
|move|p1a: Alomomola|Flip Turn|p2a: 808 and curses
|-resisted|p2a: 808 and curses
|-damage|p2a: 808 and curses|99/100
|
|t:|1760453623
|switch|p1a: Dragonite|Dragonite, M|100/100|[from] Flip Turn
|move|p2a: 808 and curses|Waterfall|p1a: Dragonite
|-resisted|p1a: Dragonite
|-crit|p1a: Dragonite
|-damage|p1a: Dragonite|71/100
|
|-heal|p1a: Dragonite|100/100|[from] move: Wish|[wisher] Alomomola
|-heal|p2a: 808 and curses|100/100|[from] item: Leftovers
|upkeep
|turn|47
|
|t:|1760453627
|switch|p1a: Alomomola|Alomomola, F|100/100
|move|p2a: 808 and curses|Curse|p2a: 808 and curses
|-unboost|p2a: 808 and curses|spe|1
|-boost|p2a: 808 and curses|atk|1
|-boost|p2a: 808 and curses|def|1
|
|upkeep
|turn|48
|
|t:|1760453630
|switch|p2a: 🇮🇱=stop genocide|Gliscor, M|100/100 tox
|-damage|p2a: 🇮🇱=stop genocide|88/100 tox|[from] Stealth Rock
|move|p1a: Alomomola|Wish|p1a: Alomomola
|
|-heal|p2a: 🇮🇱=stop genocide|100/100 tox|[from] ability: Poison Heal
|upkeep
|turn|49
|
|t:|1760453635
|move|p2a: 🇮🇱=stop genocide|Substitute|p2a: 🇮🇱=stop genocide
|-start|p2a: 🇮🇱=stop genocide|Substitute
|-damage|p2a: 🇮🇱=stop genocide|76/100 tox
|move|p1a: Alomomola|Flip Turn|p2a: 🇮🇱=stop genocide
|-supereffective|p2a: 🇮🇱=stop genocide
|-activate|p2a: 🇮🇱=stop genocide|move: Substitute|[damage]
|
|t:|1760453637
|switch|p1a: Polteageist|Polteageist, tera:Fighting|25/100|[from] Flip Turn
|
|-heal|p1a: Polteageist|100/100|[from] move: Wish|[wisher] Alomomola
|-heal|p2a: 🇮🇱=stop genocide|88/100 tox|[from] ability: Poison Heal
|upkeep
|turn|50
|
|t:|1760453639
|switch|p1a: Dragonite|Dragonite, M|100/100
|move|p2a: 🇮🇱=stop genocide|Toxic|p1a: Dragonite
|-status|p1a: Dragonite|tox
|
|-damage|p1a: Dragonite|94/100 tox|[from] psn
|-heal|p2a: 🇮🇱=stop genocide|100/100 tox|[from] ability: Poison Heal
|upkeep
|turn|51
|
|t:|1760453643
|switch|p2a: 808 and curses|Dondozo, M|100/100
|-damage|p2a: 808 and curses|88/100|[from] Stealth Rock
|move|p1a: Dragonite|Ice Spinner|p2a: 808 and curses
|-resisted|p2a: 808 and curses
|-damage|p2a: 808 and curses|82/100
|
|-heal|p1a: Dragonite|100/100 tox|[from] item: Leftovers
|-heal|p2a: 808 and curses|88/100|[from] item: Leftovers
|-damage|p1a: Dragonite|88/100 tox|[from] psn
|upkeep
|turn|52
|
|t:|1760453645
|switch|p1a: Cinderace|Cinderace, M|56/100
|move|p2a: 808 and curses|Curse|p2a: 808 and curses
|-unboost|p2a: 808 and curses|spe|1
|-boost|p2a: 808 and curses|atk|1
|-boost|p2a: 808 and curses|def|1
|
|-heal|p2a: 808 and curses|95/100|[from] item: Leftovers
|upkeep
|turn|53
|
|t:|1760453647
|move|p1a: Cinderace|Will-O-Wisp|p2a: 808 and curses|[miss]
|-miss|p1a: Cinderace|p2a: 808 and curses
|move|p2a: 808 and curses|Waterfall|p1a: Cinderace
|-supereffective|p1a: Cinderace
|-damage|p1a: Cinderace|0 fnt
|faint|p1a: Cinderace
|
|-heal|p2a: 808 and curses|100/100|[from] item: Leftovers
|upkeep
|j| seer boy2
|
|t:|1760453656
|switch|p1a: Alomomola|Alomomola, F|100/100
|turn|54
|
|t:|1760453661
|move|p1a: Alomomola|Flip Turn|p2a: 808 and curses
|-resisted|p2a: 808 and curses
|-damage|p2a: 808 and curses|98/100
|
|t:|1760453663
|switch|p1a: Dragonite|Dragonite, M|88/100 tox|[from] Flip Turn
|move|p2a: 808 and curses|Curse|p2a: 808 and curses
|-unboost|p2a: 808 and curses|spe|1
|-boost|p2a: 808 and curses|atk|1
|-boost|p2a: 808 and curses|def|1
|
|-heal|p1a: Dragonite|94/100 tox|[from] item: Leftovers
|-heal|p2a: 808 and curses|100/100|[from] item: Leftovers
|-damage|p1a: Dragonite|88/100 tox|[from] psn
|upkeep
|turn|55
|
|t:|1760453668
|switch|p1a: Alomomola|Alomomola, F|100/100
|move|p2a: 808 and curses|Curse|p2a: 808 and curses
|-unboost|p2a: 808 and curses|spe|1
|-boost|p2a: 808 and curses|atk|1
|-boost|p2a: 808 and curses|def|1
|
|upkeep
|turn|56
|
|t:|1760453670
|move|p1a: Alomomola|Wish|p1a: Alomomola
|move|p2a: 808 and curses|Curse|p2a: 808 and curses
|-unboost|p2a: 808 and curses|spe|1
|-boost|p2a: 808 and curses|atk|1
|-boost|p2a: 808 and curses|def|1
|
|upkeep
|turn|57
|
|t:|1760453673
|move|p1a: Alomomola|Play Rough|p2a: 808 and curses
|-damage|p2a: 808 and curses|98/100
|move|p2a: 808 and curses|Waterfall|p1a: Alomomola
|-resisted|p1a: Alomomola
|-damage|p1a: Alomomola|77/100
|-damage|p2a: 808 and curses|81/100|[from] item: Rocky Helmet|[of] p1a: Alomomola
|
|-heal|p1a: Alomomola|100/100|[from] move: Wish|[wisher] Alomomola
|-heal|p2a: 808 and curses|88/100|[from] item: Leftovers
|upkeep
|turn|58
|
|t:|1760453675
|move|p1a: Alomomola|Wish|p1a: Alomomola
|move|p2a: 808 and curses|Curse|p2a: 808 and curses
|-unboost|p2a: 808 and curses|spe|1
|-boost|p2a: 808 and curses|atk|1
|-boost|p2a: 808 and curses|def|1
|
|-heal|p2a: 808 and curses|94/100|[from] item: Leftovers
|upkeep
|turn|59
|
|t:|1760453682
|move|p1a: Alomomola|Protect|p1a: Alomomola
|-singleturn|p1a: Alomomola|Protect
|move|p2a: 808 and curses|Curse|p2a: 808 and curses
|-unboost|p2a: 808 and curses|spe|1
|-boost|p2a: 808 and curses|atk|1
|-boost|p2a: 808 and curses|def|1
|
|-heal|p2a: 808 and curses|99/100|[from] item: Leftovers
|upkeep
|turn|60
|
|t:|1760453687
|move|p1a: Alomomola|Wish|p1a: Alomomola
|move|p2a: 808 and curses|Waterfall|p1a: Alomomola
|-resisted|p1a: Alomomola
|-damage|p1a: Alomomola|69/100
|-damage|p2a: 808 and curses|83/100|[from] item: Rocky Helmet|[of] p1a: Alomomola
|
|-heal|p2a: 808 and curses|89/100|[from] item: Leftovers
|upkeep
|turn|61
|
|t:|1760453705
|move|p1a: Alomomola|Play Rough|p2a: 808 and curses
|-damage|p2a: 808 and curses|88/100
|move|p2a: 808 and curses|Waterfall|p1a: Alomomola
|-resisted|p1a: Alomomola
|-damage|p1a: Alomomola|38/100
|-damage|p2a: 808 and curses|71/100|[from] item: Rocky Helmet|[of] p1a: Alomomola
|
|-heal|p1a: Alomomola|88/100|[from] move: Wish|[wisher] Alomomola
|-heal|p2a: 808 and curses|77/100|[from] item: Leftovers
|upkeep
|turn|62
|
|t:|1760453712
|move|p1a: Alomomola|Wish|p1a: Alomomola
|move|p2a: 808 and curses|Waterfall|p1a: Alomomola
|-resisted|p1a: Alomomola
|-damage|p1a: Alomomola|61/100
|-damage|p2a: 808 and curses|60/100|[from] item: Rocky Helmet|[of] p1a: Alomomola
|
|-heal|p2a: 808 and curses|67/100|[from] item: Leftovers
|upkeep
|turn|63
|
|t:|1760453717
|move|p1a: Alomomola|Play Rough|p2a: 808 and curses
|-damage|p2a: 808 and curses|65/100
|move|p2a: 808 and curses|Waterfall|p1a: Alomomola
|-resisted|p1a: Alomomola
|-damage|p1a: Alomomola|30/100
|-damage|p2a: 808 and curses|48/100|[from] item: Rocky Helmet|[of] p1a: Alomomola
|
|-heal|p1a: Alomomola|80/100|[from] move: Wish|[wisher] Alomomola
|-heal|p2a: 808 and curses|54/100|[from] item: Leftovers
|upkeep
|turn|64
|j| Samurajen
|
|t:|1760453724
|move|p1a: Alomomola|Play Rough|p2a: 808 and curses
|-damage|p2a: 808 and curses|52/100
|move|p2a: 808 and curses|Rest|p2a: 808 and curses
|-status|p2a: 808 and curses|slp|[from] move: Rest
|-heal|p2a: 808 and curses|100/100 slp|[silent]
|
|upkeep
|turn|65
|
|t:|1760453725
|switch|p1a: Polteageist|Polteageist, tera:Fighting|100/100
|cant|p2a: 808 and curses|slp
|move|p2a: 808 and curses|Sleep Talk|p2a: 808 and curses
|move|p2a: 808 and curses|Rest||[from] move: Sleep Talk|[still]
|-fail|p2a: 808 and curses
|
|upkeep
|turn|66
|
|t:|1760453728
|move|p1a: Polteageist|Shell Smash|p1a: Polteageist
|-unboost|p1a: Polteageist|def|1
|-unboost|p1a: Polteageist|spd|1
|-boost|p1a: Polteageist|atk|2
|-boost|p1a: Polteageist|spa|2
|-boost|p1a: Polteageist|spe|2
|cant|p2a: 808 and curses|slp
|move|p2a: 808 and curses|Sleep Talk|p2a: 808 and curses
|move|p2a: 808 and curses|Waterfall|p1a: Polteageist|[from] move: Sleep Talk
|-damage|p1a: Polteageist|0 fnt
|faint|p1a: Polteageist
|
|upkeep
|j| bornusdino
|c|☆stariaki|Damn
|c|☆stariaki|Gg
|
|t:|1760453737
|switch|p1a: Alomomola|Alomomola, F|100/100
|turn|67
|
|t:|1760453743
|move|p1a: Alomomola|Flip Turn|p2a: 808 and curses
|-resisted|p2a: 808 and curses
|-damage|p2a: 808 and curses|99/100 slp
|-message|stariaki forfeited.
|
|win|Trainer #39
|raw|stariaki's rating: 1806 &rarr; <strong>1787</strong><br />(-19 for losing)
|raw|Trainer #39's rating: 1822 &rarr; <strong>1841</strong><br />(+19 for winning)
|l|☆stariaki
|player|p1|
|l|☆Trainer #39
|player|p2|
|l| bornusdino
|l| Pikmin 13
