|j|☆Chatrizard
|j|☆felipe01788
|t:|1760437681
|gametype|singles
|player|p1|Chatrizard|cowgirl|1344
|player|p2|felipe01788|blackbelt|1277
|gen|9
|tier|[Gen 9] OU
|rated|
|rule|HP Percentage Mod: HP is shown in percentages
|rule|Endless Battle Clause: Forcing endless battles is banned
|rule|Species Clause: Limit one of each Pokémon
|rule|OHKO Clause: OHKO moves are banned
|rule|Evasion Items Clause: Evasion items are banned
|rule|Evasion Moves Clause: Evasion moves are banned
|rule|Evasion Abilities Clause: Evasion abilities are banned
|rule|Sleep Moves Clause: Sleep-inducing moves are banned
|clearpoke
|poke|p1|Furret, M|
|poke|p1|Glimmora, M|
|poke|p1|Zamazenta-*|
|poke|p1|Scizor, M|
|poke|p1|Iron Valiant|
|poke|p1|Dragonite, M|
|poke|p2|Garchomp, M|
|poke|p2|Darkrai|
|poke|p2|Gholdengo|
|poke|p2|Ogerpon-Wellspring, F|
|poke|p2|Iron Valiant|
|poke|p2|Iron Treads|
|teampreview
|inactive|Battle timer is ON: inactive players will automatically lose when time's up. (requested by Chatrizard)
|inactive|felipe01788 has 120 seconds left.
|
|t:|1760437762
|teamsize|p1|6
|teamsize|p2|6
|start
|switch|p1a: Glimmora|Glimmora, M|100/100
|switch|p2a: Garchomp|Garchomp, M|100/100
|turn|1
|
|t:|1760437766
|move|p1a: Glimmora|Stealth Rock|p2a: Garchomp
|-sidestart|p2: felipe01788|move: Stealth Rock
|move|p2a: Garchomp|Earthquake|p1a: Glimmora
|-supereffective|p1a: Glimmora
|-damage|p1a: Glimmora|0 fnt
|-activate|p1a: Glimmora|ability: Toxic Debris
|-sidestart|p2: felipe01788|move: Toxic Spikes
|faint|p1a: Glimmora
|
|upkeep
|
|t:|1760437780
|switch|p1a: Iron Valiant|Iron Valiant|100/100
|-enditem|p1a: Iron Valiant|Booster Energy
|-activate|p1a: Iron Valiant|ability: Quark Drive|[fromitem]
|-start|p1a: Iron Valiant|quarkdrivespe
|turn|2
|
|t:|1760437789
|switch|p2a: Gholdengo|Gholdengo|100/100
|-damage|p2a: Gholdengo|94/100|[from] Stealth Rock
|-item|p2a: Gholdengo|Air Balloon
|move|p1a: Iron Valiant|Knock Off|p2a: Gholdengo
|-supereffective|p2a: Gholdengo
|-damage|p2a: Gholdengo|54/100
|-enditem|p2a: Gholdengo|Air Balloon
|
|upkeep
|turn|3
|
|t:|1760437813
|-end|p1a: Iron Valiant|Quark Drive|[silent]
|switch|p1a: Scizor|Scizor, M|100/100
|move|p2a: Gholdengo|Recover|p2a: Gholdengo
|-heal|p2a: Gholdengo|100/100
|
|upkeep
|turn|4
|
|t:|1760437820
|move|p2a: Gholdengo|Thunder Wave|p1a: Scizor
|-status|p1a: Scizor|par
|move|p1a: Scizor|Swords Dance|p1a: Scizor
|-boost|p1a: Scizor|atk|2
|
|upkeep
|turn|5
|
|t:|1760437831
|move|p2a: Gholdengo|Hex|p1a: Scizor
|-damage|p1a: Scizor|20/100 par
|move|p1a: Scizor|Knock Off|p2a: Gholdengo
|-supereffective|p2a: Gholdengo
|-damage|p2a: Gholdengo|16/100
|-damage|p1a: Scizor|10/100 par|[from] item: Life Orb
|
|upkeep
|turn|6
|
|t:|1760437846
|move|p1a: Scizor|Bullet Punch|p2a: Gholdengo
|-resisted|p2a: Gholdengo
|-damage|p2a: Gholdengo|0 fnt
|faint|p2a: Gholdengo
|-damage|p1a: Scizor|0 fnt|[from] item: Life Orb
|faint|p1a: Scizor
|
|upkeep
|
|t:|1760437856
|switch|p2a: Iron Treads|Iron Treads|100/100
|switch|p1a: Iron Valiant|Iron Valiant|100/100
|-damage|p2a: Iron Treads|98/100|[from] Stealth Rock
|turn|7
|
|t:|1760437867
|move|p1a: Iron Valiant|Close Combat|p2a: Iron Treads
|-supereffective|p2a: Iron Treads
|-damage|p2a: Iron Treads|13/100
|-unboost|p1a: Iron Valiant|def|1
|-unboost|p1a: Iron Valiant|spd|1
|move|p2a: Iron Treads|Rapid Spin|p1a: Iron Valiant
|-damage|p1a: Iron Valiant|74/100
|-boost|p2a: Iron Treads|spe|1
|-sideend|p2: felipe01788|Toxic Spikes|[from] move: Rapid Spin|[of] p2a: Iron Treads
|-sideend|p2: felipe01788|Stealth Rock|[from] move: Rapid Spin|[of] p2a: Iron Treads
|
|-heal|p2a: Iron Treads|19/100|[from] item: Leftovers
|upkeep
|turn|8
|
|t:|1760437879
|-end|p1a: Iron Valiant|Quark Drive|[silent]
|switch|p1a: Zamazenta|Zamazenta|100/100
|-ability|p1a: Zamazenta|Dauntless Shield|boost
|-boost|p1a: Zamazenta|def|1
|move|p2a: Iron Treads|Earthquake|p1a: Zamazenta
|-damage|p1a: Zamazenta|76/100
|
|-heal|p2a: Iron Treads|25/100|[from] item: Leftovers
|upkeep
|turn|9
|
|t:|1760437897
|-end|p2a: Iron Treads|Quark Drive|[silent]
|switch|p2a: Iron Valiant|Iron Valiant|100/100
|-enditem|p2a: Iron Valiant|Booster Energy
|-activate|p2a: Iron Valiant|ability: Quark Drive|[fromitem]
|-start|p2a: Iron Valiant|quarkdrivespe
|move|p1a: Zamazenta|Close Combat|p2a: Iron Valiant
|-resisted|p2a: Iron Valiant
|-damage|p2a: Iron Valiant|61/100
|-unboost|p1a: Zamazenta|def|1
|-unboost|p1a: Zamazenta|spd|1
|
|upkeep
|turn|10
|
|t:|1760437920
|switch|p1a: Iron Valiant|Iron Valiant|74/100
|move|p2a: Iron Valiant|Moonblast|p1a: Iron Valiant
|-supereffective|p1a: Iron Valiant
|-damage|p1a: Iron Valiant|0 fnt
|faint|p1a: Iron Valiant
|-end|p1a: Iron Valiant|Quark Drive|[silent]
|
|upkeep
|inactive|Chatrizard has 120 seconds left.
|
|t:|1760437936
|switch|p1a: Dragonite|Dragonite, M|100/100
|turn|11
|
|t:|1760437939
|-end|p2a: Iron Valiant|Quark Drive|[silent]
|switch|p2a: Garchomp|Garchomp, M|100/100
|-terastallize|p1a: Dragonite|Ground
|move|p1a: Dragonite|Encore||[still]
|-fail|p1a: Dragonite
|
|upkeep
|turn|12
|
|t:|1760437945
|move|p1a: Dragonite|Dragon Dance|p1a: Dragonite
|-boost|p1a: Dragonite|atk|1
|-boost|p1a: Dragonite|spe|1
|move|p2a: Garchomp|Dragon Tail|p1a: Dragonite
|-damage|p1a: Dragonite|87/100
|drag|p1a: Zamazenta|Zamazenta|76/100
|
|upkeep
|turn|13
|
|t:|1760437956
|move|p1a: Zamazenta|Ice Fang|p2a: Garchomp
|-supereffective|p2a: Garchomp
|-crit|p2a: Garchomp
|-damage|p2a: Garchomp|15/100
|-damage|p1a: Zamazenta|63/100|[from] ability: Rough Skin|[of] p2a: Garchomp
|-damage|p1a: Zamazenta|47/100|[from] item: Rocky Helmet|[of] p2a: Garchomp
|move|p2a: Garchomp|Spikes|p1a: Zamazenta
|-sidestart|p1: Chatrizard|Spikes
|
|upkeep
|turn|14
|
|t:|1760437969
|move|p1a: Zamazenta|Crunch|p2a: Garchomp
|-damage|p2a: Garchomp|0 fnt
|-damage|p1a: Zamazenta|34/100|[from] ability: Rough Skin|[of] p2a: Garchomp
|-damage|p1a: Zamazenta|18/100|[from] item: Rocky Helmet|[of] p2a: Garchomp
|faint|p2a: Garchomp
|
|upkeep
|
|t:|1760437975
|switch|p2a: Ogerpon|Ogerpon-Wellspring, F|100/100
|turn|15
|
|t:|1760437982
|move|p1a: Zamazenta|Close Combat|p2a: Ogerpon
|-damage|p2a: Ogerpon|25/100
|-unboost|p1a: Zamazenta|def|1
|-unboost|p1a: Zamazenta|spd|1
|move|p2a: Ogerpon|Trailblaze|p1a: Zamazenta
|-damage|p1a: Zamazenta|0 fnt
|-boost|p2a: Ogerpon|spe|1
|faint|p1a: Zamazenta
|
|upkeep
|
|t:|1760437987
|switch|p1a: Dragonite|Dragonite, M, tera:Ground|87/100
|turn|16
|
|t:|1760437998
|move|p2a: Ogerpon|Ivy Cudgel|p1a: Dragonite|[anim] Ivy Cudgel Water
|-supereffective|p1a: Dragonite
|-damage|p1a: Dragonite|0 fnt
|faint|p1a: Dragonite
|
|upkeep
|
|t:|1760438001
|switch|p1a: Furret|Furret, M|100/100
|-damage|p1a: Furret|88/100|[from] Spikes
|-item|p2a: Ogerpon|Wellspring Mask|[from] ability: Frisk|[of] p1a: Furret
|turn|17
|
|t:|1760438004
|move|p2a: Ogerpon|Ivy Cudgel|p1a: Furret|[anim] Ivy Cudgel Water
|-damage|p1a: Furret|5/100
|move|p1a: Furret|Tidy Up|p1a: Furret
|-sideend|p1: Chatrizard|Spikes
|-activate|p1a: Furret|move: Tidy Up
|-boost|p1a: Furret|atk|1
|-boost|p1a: Furret|spe|1
|
|upkeep
|turn|18
|
|t:|1760438009
|move|p2a: Ogerpon|Ivy Cudgel|p1a: Furret|[anim] Ivy Cudgel Water
|-crit|p1a: Furret
|-damage|p1a: Furret|0 fnt
|faint|p1a: Furret
|
|win|felipe01788
|raw|Chatrizard's rating: 1344 &rarr; <strong>1320</strong><br />(-24 for losing)
|raw|felipe01788's rating: 1277 &rarr; <strong>1307</strong><br />(+30 for winning)
|l|☆Chatrizard
|player|p1|
|l|☆felipe01788
|player|p2|
