|j|☆paaa11
|j|☆huevo_pipipi
|t:|1760382818
|gametype|singles
|player|p1|paaa11|266|1106
|player|p2|huevo_pipipi|266|1121
|gen|9
|tier|[Gen 9] OU
|rated|
|rule|HP Percentage Mod: HP is shown in percentages
|rule|Endless Battle Clause: Forcing endless battles is banned
|rule|Species Clause: Limit one of each Pokémon
|rule|OHKO Clause: OHKO moves are banned
|rule|Evasion Items Clause: Evasion items are banned
|rule|Evasion Moves Clause: Evasion moves are banned
|rule|Evasion Abilities Clause: Evasion abilities are banned
|rule|Sleep Moves Clause: Sleep-inducing moves are banned
|clearpoke
|poke|p1|Cinderace, F|
|poke|p1|Inteleon, F|
|poke|p1|Rillaboom, M|
|poke|p1|Jolteon, M|
|poke|p1|Houndstone, M|
|poke|p1|Deoxys-Speed|
|poke|p2|Azumarill, F|
|poke|p2|Skeledirge, M|
|poke|p2|Oinkologne, M|
|poke|p2|Gallade, M|
|poke|p2|Appletun, M|
|poke|p2|Corviknight, F|
|teampreview
|inactive|Battle timer is ON: inactive players will automatically lose when time's up. (requested by paaa11)
|
|t:|1760382830
|teamsize|p1|6
|teamsize|p2|6
|start
|switch|p1a: Inteleon|Inteleon, F|100/100
|switch|p2a: Ingaturoña|Corviknight, F|100/100
|turn|1
|
|t:|1760382834
|move|p1a: Inteleon|Snipe Shot|p2a: Ingaturoña
|-crit|p2a: Ingaturoña
|-damage|p2a: Ingaturoña|16/100
|move|p2a: Ingaturoña|U-turn|p1a: Inteleon
|-damage|p1a: Inteleon|74/100
|
|t:|1760382840
|switch|p2a: Silson|Gallade, M|100/100|[from] U-turn
|
|upkeep
|turn|2
|
|t:|1760382852
|move|p2a: Silson|Psycho Cut|p1a: Inteleon
|-damage|p1a: Inteleon|0 fnt
|faint|p1a: Inteleon
|
|upkeep
|
|t:|1760382865
|switch|p1a: Deoxys|Deoxys-Speed|100/100
|-ability|p1a: Deoxys|Pressure
|turn|3
|
|t:|1760382868
|switch|p2a: Ingaturoña|Corviknight, F|16/100
|move|p1a: Deoxys|Thunder Wave|p2a: Ingaturoña
|-status|p2a: Ingaturoña|par
|
|upkeep
|turn|4
|
|t:|1760382874
|move|p1a: Deoxys|Ice Beam|p2a: Ingaturoña
|-damage|p2a: Ingaturoña|0 fnt
|faint|p2a: Ingaturoña
|
|upkeep
|
|t:|1760382893
|switch|p2a: Lia|Azumarill, F|100/100
|turn|5
|
|t:|1760382904
|move|p1a: Deoxys|Knock Off|p2a: Lia
|-resisted|p2a: Lia
|-damage|p2a: Lia|90/100
|-enditem|p2a: Lia|Choice Band|[from] move: Knock Off|[of] p1a: Deoxys
|move|p2a: Lia|Knock Off|p1a: Deoxys
|-supereffective|p1a: Deoxys
|-enditem|p1a: Deoxys|Focus Sash
|-damage|p1a: Deoxys|1/100
|
|upkeep
|turn|6
|
|t:|1760382917
|move|p2a: Lia|Aqua Jet|p1a: Deoxys
|-damage|p1a: Deoxys|0 fnt
|faint|p1a: Deoxys
|
|upkeep
|
|t:|1760382919
|switch|p1a: Rillaboom|Rillaboom, M|100/100
|-fieldstart|move: Grassy Terrain|[from] ability: Grassy Surge|[of] p1a: Rillaboom
|-enditem|p1a: Rillaboom|Grassy Seed
|-boost|p1a: Rillaboom|def|1|[from] item: Grassy Seed
|turn|7
|
|t:|1760382924
|switch|p2a: Merienda|Appletun, M|100/100
|move|p1a: Rillaboom|Swords Dance|p1a: Rillaboom
|-boost|p1a: Rillaboom|atk|2
|
|upkeep
|turn|8
|
|t:|1760382931
|move|p1a: Rillaboom|Knock Off|p2a: Merienda
|-damage|p2a: Merienda|54/100
|-enditem|p2a: Merienda|Sitrus Berry|[from] move: Knock Off|[of] p1a: Rillaboom
|move|p2a: Merienda|Apple Acid|p1a: Rillaboom
|-resisted|p1a: Rillaboom
|-damage|p1a: Rillaboom|76/100
|-unboost|p1a: Rillaboom|spd|1
|
|-heal|p1a: Rillaboom|82/100|[from] Grassy Terrain
|-heal|p2a: Merienda|60/100|[from] Grassy Terrain
|upkeep
|turn|9
|
|t:|1760382942
|move|p1a: Rillaboom|Knock Off|p2a: Merienda
|-damage|p2a: Merienda|33/100
|move|p2a: Merienda|Draco Meteor|p1a: Rillaboom
|-damage|p1a: Rillaboom|0 fnt
|-unboost|p2a: Merienda|spa|2
|faint|p1a: Rillaboom
|
|-heal|p2a: Merienda|39/100|[from] Grassy Terrain
|upkeep
|
|t:|1760382948
|switch|p1a: Jolteon|Jolteon, M|100/100
|turn|10
|
|t:|1760382955
|move|p1a: Jolteon|Calm Mind|p1a: Jolteon
|-boost|p1a: Jolteon|spa|1
|-boost|p1a: Jolteon|spd|1
|move|p2a: Merienda|Leech Seed|p1a: Jolteon
|-start|p1a: Jolteon|move: Leech Seed
|
|-heal|p2a: Merienda|45/100|[from] Grassy Terrain
|-damage|p1a: Jolteon|88/100|[from] Leech Seed|[of] p2a: Merienda
|-heal|p2a: Merienda|53/100|[silent]
|upkeep
|turn|11
|
|t:|1760382966
|move|p1a: Jolteon|Shadow Ball|p2a: Merienda
|-damage|p2a: Merienda|5/100
|-damage|p1a: Jolteon|78/100|[from] item: Life Orb
|move|p2a: Merienda|Apple Acid|p1a: Jolteon
|-damage|p1a: Jolteon|62/100
|-unboost|p1a: Jolteon|spd|1
|
|-heal|p1a: Jolteon|68/100|[from] Grassy Terrain
|-heal|p2a: Merienda|11/100|[from] Grassy Terrain
|-damage|p1a: Jolteon|55/100|[from] Leech Seed|[of] p2a: Merienda
|-heal|p2a: Merienda|19/100|[silent]
|-fieldend|move: Grassy Terrain
|upkeep
|turn|12
|
|t:|1760382980
|move|p1a: Jolteon|Tera Blast|p2a: Merienda
|-damage|p2a: Merienda|0 fnt
|faint|p2a: Merienda
|-damage|p1a: Jolteon|45/100|[from] item: Life Orb
|
|upkeep
|
|t:|1760382984
|switch|p2a: Silson|Gallade, M|100/100
|turn|13
|
|t:|1760382988
|move|p2a: Silson|Psycho Cut|p1a: Jolteon
|-damage|p1a: Jolteon|0 fnt
|faint|p1a: Jolteon
|
|upkeep
|
|t:|1760382993
|switch|p1a: Houndstone|Houndstone, M|100/100
|turn|14
|
|t:|1760382998
|move|p2a: Silson|Psycho Cut|p1a: Houndstone
|-damage|p1a: Houndstone|52/100
|move|p1a: Houndstone|Will-O-Wisp|p2a: Silson|[miss]
|-miss|p1a: Houndstone|p2a: Silson
|
|-heal|p1a: Houndstone|58/100|[from] item: Leftovers
|upkeep
|turn|15
|
|t:|1760383007
|move|p2a: Silson|Psycho Cut|p1a: Houndstone
|-damage|p1a: Houndstone|15/100
|move|p1a: Houndstone|Will-O-Wisp|p2a: Silson
|-status|p2a: Silson|brn
|
|-heal|p1a: Houndstone|21/100|[from] item: Leftovers
|-damage|p2a: Silson|94/100 brn|[from] brn
|upkeep
|turn|16
|
|t:|1760383011
|move|p1a: Houndstone|Shadow Sneak|p2a: Silson
|-supereffective|p2a: Silson
|-damage|p2a: Silson|35/100 brn
|move|p2a: Silson|Psycho Cut|p1a: Houndstone
|-damage|p1a: Houndstone|0 fnt
|faint|p1a: Houndstone
|
|-damage|p2a: Silson|29/100 brn|[from] brn
|upkeep
|
|t:|1760383015
|switch|p1a: Cinderace|Cinderace, F|100/100
|turn|17
|
|t:|1760383018
|move|p1a: Cinderace|Sucker Punch|p2a: Silson
|-start|p1a: Cinderace|typechange|Dark|[from] ability: Libero
|-damage|p2a: Silson|0 fnt
|faint|p2a: Silson
|
|upkeep
|
|t:|1760383029
|switch|p2a: Yaelito|Oinkologne, M|100/100
|turn|18
|
|t:|1760383033
|move|p1a: Cinderace|High Jump Kick|p2a: Yaelito
|-supereffective|p2a: Yaelito
|-damage|p2a: Yaelito|13/100
|-ability|p1a: Cinderace|Lingering Aroma|Libero|[from] ability: Lingering Aroma|[of] p2a: Yaelito
|-activate|p2a: Yaelito|ability: Lingering Aroma|Libero|[of] p1a: Cinderace
|move|p2a: Yaelito|Double-Edge|p1a: Cinderace
|-damage|p1a: Cinderace|0 fnt
|faint|p1a: Cinderace
|-damage|p2a: Yaelito|0 fnt|[from] Recoil
|faint|p2a: Yaelito
|
|win|huevo_pipipi
|raw|paaa11's rating: 1106 &rarr; <strong>1082</strong><br />(-24 for losing)
|raw|huevo_pipipi's rating: 1121 &rarr; <strong>1145</strong><br />(+24 for winning)
|l|☆paaa11
|player|p1|
|l|☆huevo_pipipi
|player|p2|
