|j|☆ddnsyde
|j|☆mahbles
|t:|1760330426
|gametype|singles
|player|p1|ddnsyde|rocketgrunt|1249
|player|p2|mahbles|266|1230
|gen|9
|tier|[Gen 9] OU
|rated|
|rule|HP Percentage Mod: HP is shown in percentages
|rule|Endless Battle Clause: Forcing endless battles is banned
|rule|Species Clause: Limit one of each Pokémon
|rule|OHKO Clause: OHKO moves are banned
|rule|Evasion Items Clause: Evasion items are banned
|rule|Evasion Moves Clause: Evasion moves are banned
|rule|Evasion Abilities Clause: Evasion abilities are banned
|rule|Sleep Moves Clause: Sleep-inducing moves are banned
|clearpoke
|poke|p1|Indeedee, M|
|poke|p1|Forretress, M|
|poke|p1|Polteageist|
|poke|p1|Metagross|
|poke|p1|Porygon-Z|
|poke|p1|Dragapult, F|
|poke|p2|Lokix, M|
|poke|p2|Iron Hands|
|poke|p2|Ogerpon-Wellspring, F|
|poke|p2|Great Tusk|
|poke|p2|Moltres|
|poke|p2|Gholdengo|
|teampreview
|inactive|Battle timer is ON: inactive players will automatically lose when time's up. (requested by mahbles)
|
|t:|1760330460
|teamsize|p1|6
|teamsize|p2|6
|start
|switch|p1a: Metagross|Metagross|100/100
|switch|p2a: Gholdengo|Gholdengo|100/100
|turn|1
|
|t:|1760330466
|move|p2a: Gholdengo|Thunder|p1a: Metagross
|-crit|p1a: Metagross
|-damage|p1a: Metagross|47/100
|-status|p1a: Metagross|par
|cant|p1a: Metagross|par
|
|upkeep
|turn|2
|
|t:|1760330475
|move|p2a: Gholdengo|Shadow Ball|p1a: Metagross
|-supereffective|p1a: Metagross
|-damage|p1a: Metagross|0 fnt
|faint|p1a: Metagross
|
|upkeep
|
|t:|1760330479
|switch|p1a: Porygon-Z|Porygon-Z|100/100
|turn|3
|c|☆mahbles|that was
|c|☆mahbles|supposed to be thunder wave
|
|t:|1760330489
|switch|p2a: Lokix|Lokix, M|100/100
|move|p1a: Porygon-Z|Dark Pulse|p2a: Lokix
|-resisted|p2a: Lokix
|-damage|p2a: Lokix|75/100
|
|upkeep
|turn|4
|
|t:|1760330505
|switch|p1a: Dragapult|Dragapult, F|100/100
|move|p2a: Lokix|U-turn|p1a: Dragapult
|-resisted|p1a: Dragapult
|-damage|p1a: Dragapult|53/100
|
|t:|1760330516
|switch|p2a: Iron Hands|Iron Hands|100/100|[from] U-turn
|
|upkeep
|turn|5
|
|t:|1760330525
|move|p1a: Dragapult|Dragon Darts|p2a: Iron Hands
|-damage|p2a: Iron Hands|80/100
|-anim|p1a: Dragapult|Dragon Darts|p2a: Iron Hands
|-damage|p2a: Iron Hands|59/100
|move|p2a: Iron Hands|Ice Punch|p1a: Dragapult
|-supereffective|p1a: Dragapult
|-damage|p1a: Dragapult|0 fnt
|faint|p1a: Dragapult
|
|upkeep
|
|t:|1760330532
|switch|p1a: Forretress|Forretress, M|100/100
|turn|6
|
|t:|1760330538
|-end|p2a: Iron Hands|Quark Drive|[silent]
|switch|p2a: Moltres|Moltres|100/100
|move|p1a: Forretress|Stealth Rock|p2a: Moltres
|-sidestart|p2: mahbles|move: Stealth Rock
|
|upkeep
|turn|7
|
|t:|1760330545
|switch|p1a: Indeedee|Indeedee, M|100/100
|-fieldstart|move: Psychic Terrain|[from] ability: Psychic Surge|[of] p1a: Indeedee
|move|p2a: Moltres|Flamethrower|p1a: Indeedee
|-damage|p1a: Indeedee|53/100
|
|upkeep
|turn|8
|
|t:|1760330553
|move|p1a: Indeedee|Healing Wish|p1a: Indeedee
|faint|p1a: Indeedee
|move|p2a: Moltres|Roar|p1: Indeedee|[notarget]
|-fail|p2a: Moltres
|
|upkeep
|
|t:|1760330558
|switch|p1a: Porygon-Z|Porygon-Z|100/100
|turn|9
|
|t:|1760330566
|move|p1a: Porygon-Z|Thunderbolt|p2a: Moltres
|-supereffective|p2a: Moltres
|-damage|p2a: Moltres|36/100
|move|p2a: Moltres|Flamethrower|p1a: Porygon-Z
|-damage|p1a: Porygon-Z|53/100
|
|upkeep
|turn|10
|
|t:|1760330576
|switch|p1a: Polteageist|Polteageist|100/100
|switch|p2a: Great Tusk|Great Tusk|100/100
|
|upkeep
|turn|11
|
|t:|1760330581
|move|p2a: Great Tusk|Knock Off|p1a: Polteageist
|-supereffective|p1a: Polteageist
|-enditem|p1a: Polteageist|Focus Sash
|-damage|p1a: Polteageist|1/100
|-ability|p1a: Polteageist|Weak Armor|boost
|-unboost|p1a: Polteageist|def|1
|-boost|p1a: Polteageist|spe|2
|move|p1a: Polteageist|Shell Smash|p1a: Polteageist
|-unboost|p1a: Polteageist|def|1
|-unboost|p1a: Polteageist|spd|1
|-boost|p1a: Polteageist|atk|2
|-boost|p1a: Polteageist|spa|2
|-boost|p1a: Polteageist|spe|2
|
|upkeep
|turn|12
|
|t:|1760330592
|move|p1a: Polteageist|Stored Power|p2a: Great Tusk
|-supereffective|p2a: Great Tusk
|-damage|p2a: Great Tusk|0 fnt
|faint|p2a: Great Tusk
|-end|p2a: Great Tusk|Protosynthesis|[silent]
|
|upkeep
|
|t:|1760330611
|switch|p2a: Gholdengo|Gholdengo|100/100
|-damage|p2a: Gholdengo|94/100|[from] Stealth Rock
|turn|13
|
|t:|1760330614
|move|p1a: Polteageist|Shadow Ball|p2a: Gholdengo
|-supereffective|p2a: Gholdengo
|-damage|p2a: Gholdengo|0 fnt
|faint|p2a: Gholdengo
|
|upkeep
|
|t:|1760330630
|switch|p2a: Iron Hands|Iron Hands|59/100
|-damage|p2a: Iron Hands|53/100|[from] Stealth Rock
|turn|14
|
|t:|1760330635
|move|p1a: Polteageist|Stored Power|p2a: Iron Hands
|-supereffective|p2a: Iron Hands
|-damage|p2a: Iron Hands|0 fnt
|faint|p2a: Iron Hands
|-end|p2a: Iron Hands|Quark Drive|[silent]
|
|-fieldend|move: Psychic Terrain
|upkeep
|
|t:|1760330640
|switch|p2a: Lokix|Lokix, M|75/100
|turn|15
|
|t:|1760330657
|move|p2a: Lokix|First Impression|p1a: Polteageist
|-resisted|p1a: Polteageist
|-damage|p1a: Polteageist|0 fnt
|faint|p1a: Polteageist
|
|upkeep
|
|t:|1760330662
|switch|p1a: Forretress|Forretress, M|100/100
|turn|16
|
|t:|1760330671
|move|p2a: Lokix|U-turn|p1a: Forretress
|-resisted|p1a: Forretress
|-damage|p1a: Forretress|77/100
|
|t:|1760330673
|switch|p2a: Moltres|Moltres|36/100|[from] U-turn
|move|p1a: Forretress|Explosion|p2a: Moltres
|-damage|p2a: Moltres|0 fnt
|faint|p1a: Forretress
|faint|p2a: Moltres
|
|upkeep
|
|t:|1760330678
|switch|p2a: Ogerpon|Ogerpon-Wellspring, F|100/100
|switch|p1a: Porygon-Z|Porygon-Z|53/100
|-heal|p1a: Porygon-Z|100/100|[from] move: Healing Wish
|-damage|p2a: Ogerpon|88/100|[from] Stealth Rock
|turn|17
|
|t:|1760330693
|-terastallize|p1a: Porygon-Z|Electric
|move|p1a: Porygon-Z|Thunderbolt|p2a: Ogerpon
|-damage|p2a: Ogerpon|18/100
|move|p2a: Ogerpon|Swords Dance|p2a: Ogerpon
|-boost|p2a: Ogerpon|atk|2
|
|upkeep
|turn|18
|
|t:|1760330701
|move|p1a: Porygon-Z|Thunderbolt|p2a: Ogerpon
|-damage|p2a: Ogerpon|0 fnt
|faint|p2a: Ogerpon
|
|upkeep
|
|t:|1760330703
|switch|p2a: Lokix|Lokix, M|75/100
|turn|19
|
|t:|1760330707
|-terastallize|p2a: Lokix|Bug
|move|p2a: Lokix|First Impression|p1a: Porygon-Z
|-damage|p1a: Porygon-Z|10/100
|move|p1a: Porygon-Z|Thunderbolt|p2a: Lokix
|-damage|p2a: Lokix|0 fnt
|faint|p2a: Lokix
|
|win|ddnsyde
|raw|ddnsyde's rating: 1249 &rarr; <strong>1273</strong><br />(+24 for winning)
|raw|mahbles's rating: 1230 &rarr; <strong>1206</strong><br />(-24 for losing)
|l|☆mahbles
|player|p2|
|l|☆ddnsyde
|player|p1|
