|j|☆DowDadderLemon
|j|☆LX1987
|t:|1760452274
|gametype|singles
|player|p1|DowDadderLemon|266|1421
|player|p2|LX1987|266|1429
|gen|9
|tier|[Gen 9] OU
|rated|
|rule|HP Percentage Mod: HP is shown in percentages
|rule|Endless Battle Clause: Forcing endless battles is banned
|rule|Species Clause: Limit one of each Pokémon
|rule|OHKO Clause: OHKO moves are banned
|rule|Evasion Items Clause: Evasion items are banned
|rule|Evasion Moves Clause: Evasion moves are banned
|rule|Evasion Abilities Clause: Evasion abilities are banned
|rule|Sleep Moves Clause: Sleep-inducing moves are banned
|clearpoke
|poke|p1|Dusknoir, F|
|poke|p1|Hattrem, F|
|poke|p1|Donphan, L1, F|
|poke|p1|Rampardos, M|
|poke|p1|Braviary-Hisui, M|
|poke|p1|Deoxys-Defense|
|poke|p2|Chesnaught, F|
|poke|p2|Entei|
|poke|p2|Weezing-Galar, F|
|poke|p2|Dragapult, F|
|poke|p2|Swampert, F|
|poke|p2|Glimmora, M|
|teampreview
|l|☆LX1987
|player|p2|
|
|t:|1760452289
|teamsize|p1|6
|teamsize|p2|6
|start
|switch|p1a: Rampardos|Rampardos, M|100/100
|switch|p2a: Glimmora|Glimmora, M|100/100
|turn|1
|inactive|Battle timer is ON: inactive players will automatically lose when time's up. (requested by DowDadderLemon)
|j|☆LX1987
|inactive|LX1987 reconnected and has 145 seconds left.
|player|p2|LX1987|266|
|
|t:|1760452317
|move|p2a: Glimmora|Stealth Rock|p1a: Rampardos
|-sidestart|p1: DowDadderLemon|move: Stealth Rock
|move|p1a: Rampardos|Earth Power|p2a: Glimmora
|-supereffective|p2a: Glimmora
|-enditem|p2a: Glimmora|Focus Sash
|-damage|p2a: Glimmora|1/100
|
|upkeep
|turn|2
|
|t:|1760452337
|switch|p1a: Hattrem|Hattrem, F|100/100
|-damage|p1a: Hattrem|88/100|[from] Stealth Rock
|move|p2a: Glimmora|Earth Power|p1a: Hattrem
|-damage|p1a: Hattrem|70/100
|
|upkeep
|turn|3
|
|t:|1760452347
|move|p2a: Glimmora|Mortal Spin|p1a: Hattrem
|-damage|p1a: Hattrem|64/100
|-status|p1a: Hattrem|psn
|move|p1a: Hattrem|Trick Room|p1a: Hattrem
|-fieldstart|move: Trick Room|[of] p1a: Hattrem
|
|-damage|p1a: Hattrem|52/100 psn|[from] psn
|upkeep
|turn|4
|
|t:|1760452366
|switch|p1a: Rampardos|Rampardos, M|100/100
|-damage|p1a: Rampardos|88/100|[from] Stealth Rock
|move|p2a: Glimmora|Power Gem|p1a: Rampardos
|-damage|p1a: Rampardos|29/100
|
|upkeep
|turn|5
|
|t:|1760452375
|move|p1a: Rampardos|Ice Beam|p2a: Glimmora
|-damage|p2a: Glimmora|0 fnt
|faint|p2a: Glimmora
|
|upkeep
|
|t:|1760452386
|switch|p2a: Weezing|Weezing-Galar, F|100/100
|-ability|p2a: Weezing|Neutralizing Gas
|turn|6
|
|t:|1760452396
|move|p1a: Rampardos|Earth Power|p2a: Weezing
|-supereffective|p2a: Weezing
|-damage|p2a: Weezing|20/100
|-damage|p1a: Rampardos|19/100|[from] item: Life Orb
|move|p2a: Weezing|Strange Steam|p1a: Rampardos
|-damage|p1a: Rampardos|0 fnt
|faint|p1a: Rampardos
|
|-heal|p2a: Weezing|26/100|[from] item: Black Sludge
|upkeep
|
|t:|1760452409
|switch|p1a: Dusknoir|Dusknoir, F|100/100
|-damage|p1a: Dusknoir|88/100|[from] Stealth Rock
|turn|7
|
|t:|1760452414
|move|p1a: Dusknoir|Poltergeist|p2a: Weezing
|-activate|p2a: Weezing|move: Poltergeist|Black Sludge
|-damage|p2a: Weezing|0 fnt
|faint|p2a: Weezing
|-end|p2a: Weezing|ability: Neutralizing Gas
|
|-fieldend|move: Trick Room
|upkeep
|
|t:|1760452422
|switch|p2a: Chesnaught|Chesnaught, F|100/100
|turn|8
|
|t:|1760452437
|switch|p1a: Deoxys|Deoxys-Defense|100/100
|-damage|p1a: Deoxys|88/100|[from] Stealth Rock
|-ability|p1a: Deoxys|Pressure
|move|p2a: Chesnaught|Taunt|p1a: Deoxys
|-start|p1a: Deoxys|move: Taunt
|
|upkeep
|turn|9
|
|t:|1760452448
|move|p2a: Chesnaught|Knock Off|p1a: Deoxys
|-supereffective|p1a: Deoxys
|-damage|p1a: Deoxys|60/100
|-enditem|p1a: Deoxys|Eject Pack|[from] move: Knock Off|[of] p2a: Chesnaught
|move|p1a: Deoxys|Psycho Boost|p2a: Chesnaught
|-supereffective|p2a: Chesnaught
|-damage|p2a: Chesnaught|2/100
|-unboost|p1a: Deoxys|spa|2
|
|upkeep
|turn|10
|
|t:|1760452459
|switch|p2a: Swampert|Swampert, F|100/100
|move|p1a: Deoxys|Psycho Boost|p2a: Swampert
|-damage|p2a: Swampert|92/100
|-unboost|p1a: Deoxys|spa|2
|
|-end|p1a: Deoxys|move: Taunt
|upkeep
|turn|11
|
|t:|1760452480
|move|p1a: Deoxys|Spikes|p2a: Swampert
|-sidestart|p2: LX1987|Spikes
|move|p2a: Swampert|Flip Turn|p1a: Deoxys
|-damage|p1a: Deoxys|44/100
|
|t:|1760452486
|switch|p2a: Dragapult|Dragapult, F|100/100|[from] Flip Turn
|-damage|p2a: Dragapult|88/100|[from] Spikes
|
|upkeep
|turn|12
|
|t:|1760452496
|switch|p1a: Bait|Donphan, L1, F|100/100
|-damage|p1a: Bait|93/100|[from] Stealth Rock
|move|p2a: Dragapult|Will-O-Wisp|p1a: Bait
|-status|p1a: Bait|brn
|
|-damage|p1a: Bait|85/100 brn|[from] brn
|upkeep
|turn|13
|
|t:|1760452506
|move|p2a: Dragapult|Hex|p1a: Bait
|-damage|p1a: Bait|0 fnt
|faint|p1a: Bait
|-damage|p2a: Dragapult|78/100|[from] item: Life Orb
|
|upkeep
|
|t:|1760452517
|switch|p1a: Dusknoir|Dusknoir, F|88/100
|-damage|p1a: Dusknoir|76/100|[from] Stealth Rock
|-item|p2a: Dragapult|Life Orb|[from] ability: Frisk|[of] p1a: Dusknoir
|turn|14
|
|t:|1760452531
|-terastallize|p1a: Dusknoir|Ice
|move|p2a: Dragapult|Will-O-Wisp|p1a: Dusknoir
|-status|p1a: Dusknoir|brn
|move|p1a: Dusknoir|Trick Room|p1a: Dusknoir
|-fieldstart|move: Trick Room|[of] p1a: Dusknoir
|
|-damage|p1a: Dusknoir|70/100 brn|[from] brn
|upkeep
|turn|15
|
|t:|1760452542
|move|p1a: Dusknoir|Poltergeist|p2a: Dragapult
|-activate|p2a: Dragapult|move: Poltergeist|Life Orb
|-supereffective|p2a: Dragapult
|-damage|p2a: Dragapult|10/100
|move|p2a: Dragapult|Draco Meteor|p1a: Dusknoir
|-damage|p1a: Dusknoir|0 fnt
|-unboost|p2a: Dragapult|spa|2
|faint|p1a: Dusknoir
|-damage|p2a: Dragapult|0 fnt|[from] item: Life Orb
|faint|p2a: Dragapult
|
|upkeep
|
|t:|1760452556
|switch|p1a: Braviary|Braviary-Hisui, M|100/100
|switch|p2a: Swampert|Swampert, F|92/100
|-damage|p2a: Swampert|80/100|[from] Spikes
|-damage|p1a: Braviary|76/100|[from] Stealth Rock
|turn|16
|
|t:|1760452564
|move|p1a: Braviary|Psychic|p2a: Swampert
|-damage|p2a: Swampert|42/100
|move|p2a: Swampert|Avalanche|p1a: Braviary
|-supereffective|p1a: Braviary
|-damage|p1a: Braviary|7/100
|
|upkeep
|turn|17
|
|t:|1760452573
|move|p2a: Swampert|Flip Turn|p1a: Braviary
|-damage|p1a: Braviary|0 fnt
|faint|p1a: Braviary
|
|t:|1760452578
|switch|p2a: Chesnaught|Chesnaught, F|2/100|[from] Flip Turn
|-damage|p2a: Chesnaught|0 fnt|[from] Spikes
|faint|p2a: Chesnaught
|
|upkeep
|
|t:|1760452586
|switch|p1a: Deoxys|Deoxys-Defense|44/100
|switch|p2a: Swampert|Swampert, F|42/100
|-damage|p2a: Swampert|30/100|[from] Spikes
|-damage|p1a: Deoxys|32/100|[from] Stealth Rock
|-ability|p1a: Deoxys|Pressure
|turn|18
|
|t:|1760452595
|move|p2a: Swampert|Knock Off|p1a: Deoxys
|-supereffective|p1a: Deoxys
|-damage|p1a: Deoxys|11/100
|move|p1a: Deoxys|Psycho Boost|p2a: Swampert
|-damage|p2a: Swampert|12/100
|-unboost|p1a: Deoxys|spa|2
|
|-fieldend|move: Trick Room
|upkeep
|turn|19
|
|t:|1760452610
|move|p2a: Swampert|Earthquake|p1a: Deoxys
|-damage|p1a: Deoxys|0 fnt
|faint|p1a: Deoxys
|
|upkeep
|
|t:|1760452612
|switch|p1a: Hattrem|Hattrem, F|52/100 psn
|-damage|p1a: Hattrem|39/100 psn|[from] Stealth Rock
|turn|20
|
|t:|1760452619
|move|p2a: Swampert|Knock Off|p1a: Hattrem
|-supereffective|p1a: Hattrem
|-damage|p1a: Hattrem|0 fnt
|-enditem|p1a: Hattrem|Eviolite|[from] move: Knock Off|[of] p2a: Swampert
|faint|p1a: Hattrem
|
|win|LX1987
|raw|DowDadderLemon's rating: 1421 &rarr; <strong>1401</strong><br />(-20 for losing)
|raw|LX1987's rating: 1429 &rarr; <strong>1449</strong><br />(+20 for winning)
|l|☆DowDadderLemon
|player|p1|
