|j|☆teikavideo
|j|☆groovythunder
|t:|1760373862
|gametype|singles
|player|p1|teikavideo|1|1546
|player|p2|groovythunder|170|1617
|gen|9
|tier|[Gen 9] OU
|rated|
|rule|HP Percentage Mod: HP is shown in percentages
|rule|Endless Battle Clause: Forcing endless battles is banned
|rule|Species Clause: Limit one of each Pokémon
|rule|OHKO Clause: OHKO moves are banned
|rule|Evasion Items Clause: Evasion items are banned
|rule|Evasion Moves Clause: Evasion moves are banned
|rule|Evasion Abilities Clause: Evasion abilities are banned
|rule|Sleep Moves Clause: Sleep-inducing moves are banned
|clearpoke
|poke|p1|Tyranitar, F|
|poke|p1|Excadrill, F|
|poke|p1|Hydrapple, M|
|poke|p1|Garganacl, F|
|poke|p1|Talonflame, F|
|poke|p1|Dragapult, M|
|poke|p2|Ninetales, M|
|poke|p2|Great Tusk|
|poke|p2|Heatran, M|
|poke|p2|Walking Wake|
|poke|p2|Raging Bolt|
|poke|p2|Sinistcha|
|teampreview
|inactive|Battle timer is ON: inactive players will automatically lose when time's up. (requested by teikavideo)
|
|t:|1760373874
|teamsize|p1|6
|teamsize|p2|6
|start
|switch|p1a: Tyranitar|Tyranitar, F|100/100
|switch|p2a: Ninetales|Ninetales, M|100/100
|-weather|SunnyDay|[from] ability: Drought|[of] p2a: Ninetales
|-weather|Sandstorm|[from] ability: Sand Stream|[of] p1a: Tyranitar
|turn|1
|
|t:|1760373887
|move|p2a: Ninetales|Will-O-Wisp|p1a: Tyranitar|[miss]
|-miss|p2a: Ninetales|p1a: Tyranitar
|move|p1a: Tyranitar|Stealth Rock|p2a: Ninetales
|-sidestart|p2: groovythunder|move: Stealth Rock
|
|-weather|Sandstorm|[upkeep]
|-damage|p2a: Ninetales|95/100|[from] Sandstorm
|upkeep
|turn|2
|
|t:|1760373894
|move|p2a: Ninetales|Encore|p1a: Tyranitar
|-start|p1a: Tyranitar|Encore
|move|p1a: Tyranitar|Stealth Rock||[still]
|-fail|p1a: Tyranitar
|
|-weather|Sandstorm|[upkeep]
|-damage|p2a: Ninetales|89/100|[from] Sandstorm
|upkeep
|turn|3
|
|t:|1760373902
|switch|p2a: Great Tusk|Great Tusk|100/100
|switch|p1a: Talonflame|Talonflame, F|100/100
|
|-weather|Sandstorm|[upkeep]
|-damage|p1a: Talonflame|94/100|[from] Sandstorm
|upkeep
|turn|4
|
|t:|1760373909
|move|p2a: Great Tusk|Rapid Spin|p1a: Talonflame
|-damage|p1a: Talonflame|82/100
|-boost|p2a: Great Tusk|spe|1
|-sideend|p2: groovythunder|Stealth Rock|[from] move: Rapid Spin|[of] p2a: Great Tusk
|move|p1a: Talonflame|Will-O-Wisp|p2a: Great Tusk
|-status|p2a: Great Tusk|brn
|
|-weather|Sandstorm|[upkeep]
|-damage|p1a: Talonflame|75/100|[from] Sandstorm
|-damage|p2a: Great Tusk|94/100 brn|[from] brn
|upkeep
|turn|5
|
|t:|1760373920
|move|p2a: Great Tusk|Knock Off|p1a: Talonflame
|-damage|p1a: Talonflame|63/100
|-enditem|p1a: Talonflame|Heavy-Duty Boots|[from] move: Knock Off|[of] p2a: Great Tusk
|move|p1a: Talonflame|U-turn|p2a: Great Tusk
|-resisted|p2a: Great Tusk
|-damage|p2a: Great Tusk|91/100 brn
|
|t:|1760373928
|switch|p1a: Hydrapple|Hydrapple, M|100/100|[from] U-turn
|
|-weather|Sandstorm|[upkeep]
|-damage|p1a: Hydrapple|94/100|[from] Sandstorm
|-damage|p2a: Great Tusk|85/100 brn|[from] brn
|upkeep
|turn|6
|
|t:|1760373935
|-end|p2a: Great Tusk|Protosynthesis|[silent]
|switch|p2a: Heatran|Heatran, M|100/100
|move|p1a: Hydrapple|Nasty Plot|p1a: Hydrapple
|-boost|p1a: Hydrapple|spa|2
|
|-weather|Sandstorm|[upkeep]
|-damage|p1a: Hydrapple|88/100|[from] Sandstorm
|upkeep
|turn|7
|
|t:|1760373944
|-terastallize|p2a: Heatran|Ghost
|move|p2a: Heatran|Magma Storm|p1a: Hydrapple
|-damage|p1a: Hydrapple|47/100
|-activate|p1a: Hydrapple|move: Magma Storm|[of] p2a: Heatran
|move|p1a: Hydrapple|Earth Power|p2a: Heatran
|-damage|p2a: Heatran|66/100
|-unboost|p2a: Heatran|spd|1
|
|-weather|Sandstorm|[upkeep]
|-damage|p2a: Heatran|60/100|[from] Sandstorm
|-damage|p1a: Hydrapple|41/100|[from] Sandstorm
|-heal|p2a: Heatran|66/100|[from] item: Leftovers
|-damage|p1a: Hydrapple|29/100|[from] move: Magma Storm|[partiallytrapped]
|upkeep
|turn|8
|
|t:|1760373961
|move|p2a: Heatran|Flash Cannon|p1a: Hydrapple
|-damage|p1a: Hydrapple|0 fnt
|faint|p1a: Hydrapple
|
|-weather|none
|-heal|p2a: Heatran|72/100|[from] item: Leftovers
|upkeep
|
|t:|1760373967
|switch|p1a: Dragapult|Dragapult, M|100/100
|turn|9
|
|t:|1760373975
|switch|p2a: Ninetales|Ninetales, M|89/100
|-weather|SunnyDay|[from] ability: Drought|[of] p2a: Ninetales
|-terastallize|p1a: Dragapult|Ghost
|move|p1a: Dragapult|Tera Blast|p2a: Ninetales|[anim] Tera Blast Ghost
|-crit|p2a: Ninetales
|-damage|p2a: Ninetales|0 fnt
|faint|p2a: Ninetales
|
|-weather|SunnyDay|[upkeep]
|upkeep
|
|t:|1760373981
|switch|p2a: Walking Wake|Walking Wake|100/100
|-activate|p2a: Walking Wake|ability: Protosynthesis
|-start|p2a: Walking Wake|protosynthesisspe
|turn|10
|
|t:|1760373994
|switch|p1a: Tyranitar|Tyranitar, F|100/100
|-weather|Sandstorm|[from] ability: Sand Stream|[of] p1a: Tyranitar
|-end|p2a: Walking Wake|Protosynthesis
|move|p2a: Walking Wake|Hydro Steam|p1a: Tyranitar
|-supereffective|p1a: Tyranitar
|-damage|p1a: Tyranitar|45/100
|
|-weather|Sandstorm|[upkeep]
|-damage|p2a: Walking Wake|94/100|[from] Sandstorm
|upkeep
|turn|11
|
|t:|1760374005
|move|p2a: Walking Wake|Hydro Steam|p1a: Tyranitar
|-supereffective|p1a: Tyranitar
|-damage|p1a: Tyranitar|0 fnt
|faint|p1a: Tyranitar
|
|-weather|Sandstorm|[upkeep]
|-damage|p2a: Walking Wake|88/100|[from] Sandstorm
|upkeep
|
|t:|1760374013
|switch|p1a: Dragapult|Dragapult, M, tera:Ghost|100/100
|turn|12
|
|t:|1760374027
|-end|p2a: Walking Wake|Protosynthesis|[silent]
|switch|p2a: Great Tusk|Great Tusk|85/100 brn
|move|p1a: Dragapult|Tera Blast|p2a: Great Tusk|[anim] Tera Blast Ghost
|-damage|p2a: Great Tusk|29/100 brn
|
|-weather|Sandstorm|[upkeep]
|-damage|p1a: Dragapult|95/100|[from] Sandstorm
|-damage|p2a: Great Tusk|23/100 brn|[from] brn
|upkeep
|turn|13
|
|t:|1760374036
|move|p1a: Dragapult|Tera Blast|p2a: Great Tusk|[anim] Tera Blast Ghost
|-damage|p2a: Great Tusk|0 fnt
|faint|p2a: Great Tusk
|-end|p2a: Great Tusk|Protosynthesis|[silent]
|
|-weather|Sandstorm|[upkeep]
|-damage|p1a: Dragapult|89/100|[from] Sandstorm
|upkeep
|
|t:|1760374039
|switch|p2a: Raging Bolt|Raging Bolt|100/100
|turn|14
|
|t:|1760374049
|switch|p1a: Excadrill|Excadrill, F|100/100
|move|p2a: Raging Bolt|Draco Meteor|p1a: Excadrill
|-resisted|p1a: Excadrill
|-damage|p1a: Excadrill|52/100
|-unboost|p2a: Raging Bolt|spa|2
|
|-weather|Sandstorm|[upkeep]
|-damage|p2a: Raging Bolt|94/100|[from] Sandstorm
|-heal|p1a: Excadrill|58/100|[from] item: Leftovers
|upkeep
|turn|15
|
|t:|1760374060
|-end|p2a: Raging Bolt|Protosynthesis|[silent]
|switch|p2a: Heatran|Heatran, M, tera:Ghost|72/100
|move|p1a: Excadrill|Swords Dance|p1a: Excadrill
|-boost|p1a: Excadrill|atk|2
|
|-weather|Sandstorm|[upkeep]
|-damage|p2a: Heatran|66/100|[from] Sandstorm
|-heal|p1a: Excadrill|64/100|[from] item: Leftovers
|-heal|p2a: Heatran|72/100|[from] item: Leftovers
|upkeep
|turn|16
|
|t:|1760374069
|move|p1a: Excadrill|Earthquake|p2a: Heatran
|-damage|p2a: Heatran|0 fnt
|faint|p2a: Heatran
|
|-weather|Sandstorm|[upkeep]
|-heal|p1a: Excadrill|71/100|[from] item: Leftovers
|upkeep
|
|t:|1760374072
|switch|p2a: Sinistcha|Sinistcha|100/100
|turn|17
|
|t:|1760374078
|move|p1a: Excadrill|Iron Head|p2a: Sinistcha
|-damage|p2a: Sinistcha|47/100
|cant|p2a: Sinistcha|flinch
|
|-weather|none
|-heal|p1a: Excadrill|77/100|[from] item: Leftovers
|-heal|p2a: Sinistcha|53/100|[from] item: Leftovers
|upkeep
|turn|18
|
|t:|1760374085
|switch|p2a: Walking Wake|Walking Wake|88/100
|move|p1a: Excadrill|Iron Head|p2a: Walking Wake
|-resisted|p2a: Walking Wake
|-damage|p2a: Walking Wake|49/100
|
|-heal|p1a: Excadrill|83/100|[from] item: Leftovers
|upkeep
|turn|19
|
|t:|1760374096
|switch|p1a: Talonflame|Talonflame, F|63/100
|move|p2a: Walking Wake|Hydro Steam|p1a: Talonflame
|-supereffective|p1a: Talonflame
|-damage|p1a: Talonflame|0 fnt
|faint|p1a: Talonflame
|
|upkeep
|
|t:|1760374105
|switch|p1a: Dragapult|Dragapult, M, tera:Ghost|89/100
|turn|20
|
|t:|1760374114
|move|p1a: Dragapult|Dragon Darts|p2a: Walking Wake
|-supereffective|p2a: Walking Wake
|-damage|p2a: Walking Wake|0 fnt
|faint|p2a: Walking Wake
|-end|p2a: Walking Wake|Protosynthesis|[silent]
|
|upkeep
|
|t:|1760374117
|switch|p2a: Sinistcha|Sinistcha|53/100
|turn|21
|
|t:|1760374120
|move|p1a: Dragapult|Dragon Darts|p2a: Sinistcha
|-damage|p2a: Sinistcha|24/100
|-anim|p1a: Dragapult|Dragon Darts|p2a: Sinistcha
|-damage|p2a: Sinistcha|0 fnt
|faint|p2a: Sinistcha
|
|upkeep
|-message|groovythunder forfeited.
|
|win|teikavideo
|raw|teikavideo's rating: 1546 &rarr; <strong>1570</strong><br />(+24 for winning)
|raw|groovythunder's rating: 1617 &rarr; <strong>1593</strong><br />(-24 for losing)
|l|☆groovythunder
|player|p2|
|c|☆teikavideo|ggs
|l|☆teikavideo
|player|p1|
