|j|☆arcadecarol
|j|☆Runredrun
|t:|1760368907
|gametype|singles
|player|p1|arcadecarol|parasollady|1141
|player|p2|Runredrun|cameraman|1120
|gen|9
|tier|[Gen 9] OU
|rated|
|rule|HP Percentage Mod: HP is shown in percentages
|rule|Endless Battle Clause: Forcing endless battles is banned
|rule|Species Clause: Limit one of each Pokémon
|rule|OHKO Clause: OHKO moves are banned
|rule|Evasion Items Clause: Evasion items are banned
|rule|Evasion Moves Clause: Evasion moves are banned
|rule|Evasion Abilities Clause: Evasion abilities are banned
|rule|Sleep Moves Clause: Sleep-inducing moves are banned
|clearpoke
|poke|p1|Magnezone|
|poke|p1|Iron Valiant|
|poke|p1|Heatran, F|
|poke|p1|Kyurem|
|poke|p1|Corviknight, F|
|poke|p1|Deoxys-Defense|
|poke|p2|Illumise, F|
|poke|p2|Rhydon, M|
|poke|p2|Suicune|
|poke|p2|Vileplume, F|
|poke|p2|Oinkologne-F, F|
|poke|p2|Mandibuzz, F|
|teampreview
|c|☆arcadecarol|Glhf
|inactive|Battle timer is ON: inactive players will automatically lose when time's up. (requested by Runredrun)
|c|☆Runredrun|thanks
|c|☆arcadecarol|Np
|
|t:|1760368922
|teamsize|p1|6
|teamsize|p2|6
|start
|switch|p1a: Magnezone|Magnezone|100/100
|switch|p2a: Mary Jane|Illumise, F, shiny|100/100
|turn|1
|c|☆Runredrun|same to you
|
|t:|1760368932
|move|p2a: Mary Jane|Trick|p1a: Magnezone
|-activate|p2a: Mary Jane|move: Trick|[of] p1a: Magnezone
|-item|p1a: Magnezone|Sticky Barb|[from] move: Trick
|-item|p2a: Mary Jane|Choice Specs|[from] move: Trick
|move|p1a: Magnezone|Volt Switch|p2a: Mary Jane
|-damage|p2a: Mary Jane|47/100
|
|t:|1760368939
|switch|p1a: Heatran|Heatran, F, shiny|100/100|[from] Volt Switch
|
|upkeep
|turn|2
|
|t:|1760368947
|move|p2a: Mary Jane|Thunder Wave|p1a: Heatran
|-status|p1a: Heatran|par
|cant|p1a: Heatran|par
|
|upkeep
|turn|3
|
|t:|1760368954
|switch|p2a: I Believe in You|Rhydon, M, shiny|100/100
|move|p1a: Heatran|Lava Plume|p2a: I Believe in You
|-resisted|p2a: I Believe in You
|-damage|p2a: I Believe in You|76/100
|
|upkeep
|turn|4
|
|t:|1760368964
|switch|p1a: Corviknight|Corviknight, F|100/100
|move|p2a: I Believe in You|Stealth Rock|p1a: Corviknight
|-sidestart|p1: arcadecarol|move: Stealth Rock
|
|upkeep
|turn|5
|
|t:|1760368974
|switch|p2a: DRover|Suicune, shiny|100/100
|-ability|p2a: DRover|Pressure
|move|p1a: Corviknight|Bulk Up|p1a: Corviknight
|-boost|p1a: Corviknight|atk|1
|-boost|p1a: Corviknight|def|1
|
|upkeep
|turn|6
|
|t:|1760368982
|move|p2a: DRover|Scald|p1a: Corviknight
|-damage|p1a: Corviknight|80/100
|move|p1a: Corviknight|Bulk Up|p1a: Corviknight
|-boost|p1a: Corviknight|atk|1
|-boost|p1a: Corviknight|def|1
|
|upkeep
|turn|7
|
|t:|1760368993
|move|p2a: DRover|Scald|p1a: Corviknight
|-damage|p1a: Corviknight|58/100
|move|p1a: Corviknight|Brave Bird|p2a: DRover
|-damage|p2a: DRover|44/100
|-damage|p1a: Corviknight|40/100|[from] Recoil
|
|-heal|p2a: DRover|50/100|[from] item: Leftovers
|upkeep
|turn|8
|
|t:|1760369002
|move|p2a: DRover|Scald|p1a: Corviknight
|-damage|p1a: Corviknight|17/100
|move|p1a: Corviknight|Roost|p1a: Corviknight
|-heal|p1a: Corviknight|67/100
|-singleturn|p1a: Corviknight|move: Roost
|
|-heal|p2a: DRover|56/100|[from] item: Leftovers
|upkeep
|turn|9
|
|t:|1760369010
|move|p2a: DRover|Scald|p1a: Corviknight
|-damage|p1a: Corviknight|48/100
|move|p1a: Corviknight|Roost|p1a: Corviknight
|-heal|p1a: Corviknight|98/100
|-singleturn|p1a: Corviknight|move: Roost
|
|-heal|p2a: DRover|62/100|[from] item: Leftovers
|upkeep
|turn|10
|
|t:|1760369020
|move|p2a: DRover|Scald|p1a: Corviknight
|-damage|p1a: Corviknight|76/100
|-status|p1a: Corviknight|brn
|move|p1a: Corviknight|Body Press|p2a: DRover
|-damage|p2a: DRover|49/100
|
|-heal|p2a: DRover|55/100|[from] item: Leftovers
|-damage|p1a: Corviknight|70/100 brn|[from] brn
|upkeep
|turn|11
|
|t:|1760369032
|move|p2a: DRover|Scald|p1a: Corviknight
|-damage|p1a: Corviknight|51/100 brn
|move|p1a: Corviknight|Brave Bird|p2a: DRover
|-damage|p2a: DRover|27/100
|-damage|p1a: Corviknight|42/100 brn|[from] Recoil
|
|-heal|p2a: DRover|33/100|[from] item: Leftovers
|-damage|p1a: Corviknight|36/100 brn|[from] brn
|upkeep
|turn|12
|
|t:|1760369042
|move|p2a: DRover|Rest|p2a: DRover
|-status|p2a: DRover|slp|[from] move: Rest
|-heal|p2a: DRover|100/100 slp|[silent]
|move|p1a: Corviknight|Roost|p1a: Corviknight
|-heal|p1a: Corviknight|86/100 brn
|-singleturn|p1a: Corviknight|move: Roost
|
|-damage|p1a: Corviknight|80/100 brn|[from] brn
|upkeep
|turn|13
|
|t:|1760369053
|cant|p2a: DRover|slp
|move|p2a: DRover|Sleep Talk|p2a: DRover
|move|p2a: DRover|Rest||[from] move: Sleep Talk|[still]
|-fail|p2a: DRover
|move|p1a: Corviknight|Bulk Up|p1a: Corviknight
|-boost|p1a: Corviknight|atk|1
|-boost|p1a: Corviknight|def|1
|
|-damage|p1a: Corviknight|74/100 brn|[from] brn
|upkeep
|turn|14
|
|t:|1760369064
|cant|p2a: DRover|slp
|move|p2a: DRover|Sleep Talk|p2a: DRover
|move|p2a: DRover|Scald|p1a: Corviknight|[from] move: Sleep Talk
|-damage|p1a: Corviknight|53/100 brn
|move|p1a: Corviknight|Bulk Up|p1a: Corviknight
|-boost|p1a: Corviknight|atk|1
|-boost|p1a: Corviknight|def|1
|
|-damage|p1a: Corviknight|47/100 brn|[from] brn
|upkeep
|turn|15
|inactive|Runredrun has 120 seconds left.
|
|t:|1760369097
|switch|p2a: Oinkologne|Oinkologne-F, F, shiny|100/100
|move|p1a: Corviknight|Roost|p1a: Corviknight
|-heal|p1a: Corviknight|97/100 brn
|-singleturn|p1a: Corviknight|move: Roost
|
|-damage|p1a: Corviknight|91/100 brn|[from] brn
|upkeep
|turn|16
|inactive|Runredrun has 120 seconds left.
|
|t:|1760369115
|move|p2a: Oinkologne|Stuff Cheeks|p2a: Oinkologne
|-boost|p2a: Oinkologne|def|2
|-enditem|p2a: Oinkologne|Salac Berry|[eat]
|-boost|p2a: Oinkologne|spe|1|[from] item: Salac Berry
|move|p1a: Corviknight|Body Press|p2a: Oinkologne
|-supereffective|p2a: Oinkologne
|-damage|p2a: Oinkologne|68/100
|
|-damage|p1a: Corviknight|85/100 brn|[from] brn
|upkeep
|turn|17
|inactive|Runredrun has 120 seconds left.
|
|t:|1760369126
|move|p2a: Oinkologne|Body Slam|p1a: Corviknight
|-resisted|p1a: Corviknight
|-damage|p1a: Corviknight|80/100 brn
|-damage|p2a: Oinkologne|52/100|[from] item: Rocky Helmet|[of] p1a: Corviknight
|move|p1a: Corviknight|Brave Bird|p2a: Oinkologne
|-damage|p2a: Oinkologne|22/100
|-damage|p1a: Corviknight|71/100 brn|[from] Recoil
|
|-damage|p1a: Corviknight|65/100 brn|[from] brn
|upkeep
|turn|18
|
|t:|1760369136
|move|p2a: Oinkologne|Lash Out|p1a: Corviknight
|-damage|p1a: Corviknight|59/100 brn
|-damage|p2a: Oinkologne|5/100|[from] item: Rocky Helmet|[of] p1a: Corviknight
|move|p1a: Corviknight|Roost|p1a: Corviknight
|-heal|p1a: Corviknight|100/100 brn
|-singleturn|p1a: Corviknight|move: Roost
|
|-damage|p1a: Corviknight|94/100 brn|[from] brn
|upkeep
|turn|19
|inactive|Runredrun has 120 seconds left.
|
|t:|1760369152
|switch|p2a: Mary Jane|Illumise, F, shiny|47/100
|move|p1a: Corviknight|Body Press|p2a: Mary Jane
|-resisted|p2a: Mary Jane
|-damage|p2a: Mary Jane|29/100
|
|-damage|p1a: Corviknight|88/100 brn|[from] brn
|upkeep
|turn|20
|inactive|Runredrun has 120 seconds left.
|j| MRH1106
|
|t:|1760369171
|move|p2a: Mary Jane|Trick|p1a: Corviknight
|-activate|p2a: Mary Jane|move: Trick|[of] p1a: Corviknight
|-item|p1a: Corviknight|Choice Specs|[from] move: Trick
|-item|p2a: Mary Jane|Rocky Helmet|[from] move: Trick
|move|p1a: Corviknight|Brave Bird|p2a: Mary Jane
|-supereffective|p2a: Mary Jane
|-crit|p2a: Mary Jane
|-damage|p2a: Mary Jane|0 fnt
|-damage|p1a: Corviknight|72/100 brn|[from] item: Rocky Helmet|[of] p2a: Mary Jane
|faint|p2a: Mary Jane
|-damage|p1a: Corviknight|65/100 brn|[from] Recoil
|
|-damage|p1a: Corviknight|59/100 brn|[from] brn
|upkeep
|inactive|Runredrun has 120 seconds left.
|c|☆arcadecarol|How conniving
|
|t:|1760369188
|switch|p2a: DRover|Suicune, shiny|100/100 slp
|-ability|p2a: DRover|Pressure
|turn|21
|j| paternozzo
|l| paternozzo
|
|t:|1760369198
|-curestatus|p2a: DRover|slp|[msg]
|move|p2a: DRover|Scald|p1a: Corviknight
|-damage|p1a: Corviknight|39/100 brn
|move|p1a: Corviknight|Brave Bird|p2a: DRover
|-damage|p2a: DRover|61/100
|-damage|p1a: Corviknight|26/100 brn|[from] Recoil
|
|-heal|p2a: DRover|67/100|[from] item: Leftovers
|-damage|p1a: Corviknight|20/100 brn|[from] brn
|upkeep
|turn|22
|c|☆Runredrun|lol
|inactive|Runredrun has 120 seconds left.
|
|t:|1760369218
|switch|p1a: Deoxys|Deoxys-Defense|100/100
|-damage|p1a: Deoxys|88/100|[from] Stealth Rock
|-ability|p1a: Deoxys|Pressure
|move|p2a: DRover|Scald|p1a: Deoxys
|-damage|p1a: Deoxys|64/100
|
|-heal|p1a: Deoxys|71/100|[from] item: Leftovers
|-heal|p2a: DRover|73/100|[from] item: Leftovers
|upkeep
|turn|23
|inactive|Runredrun has 120 seconds left.
|
|t:|1760369229
|switch|p2a: Mandibuzz|Mandibuzz, F, shiny|100/100
|move|p1a: Deoxys|Cosmic Power|p1a: Deoxys
|-boost|p1a: Deoxys|def|1
|-boost|p1a: Deoxys|spd|1
|
|-heal|p1a: Deoxys|77/100|[from] item: Leftovers
|upkeep
|turn|24
|
|t:|1760369243
|switch|p1a: Heatran|Heatran, F, shiny|100/100 par
|-damage|p1a: Heatran|88/100 par|[from] Stealth Rock
|move|p2a: Mandibuzz|Knock Off|p1a: Heatran
|-damage|p1a: Heatran|65/100 par
|-enditem|p1a: Heatran|Leftovers|[from] move: Knock Off|[of] p2a: Mandibuzz
|
|upkeep
|turn|25
|
|t:|1760369258
|switch|p2a: I Believe in You|Rhydon, M, shiny|76/100
|move|p1a: Heatran|Lava Plume|p2a: I Believe in You
|-resisted|p2a: I Believe in You
|-damage|p2a: I Believe in You|52/100
|
|upkeep
|turn|26
|inactive|Runredrun has 120 seconds left.
|
|t:|1760369274
|switch|p1a: Corviknight|Corviknight, F|20/100 brn
|-damage|p1a: Corviknight|8/100 brn|[from] Stealth Rock
|move|p2a: I Believe in You|Earthquake|p1a: Corviknight
|-immune|p1a: Corviknight
|
|-damage|p1a: Corviknight|2/100 brn|[from] brn
|upkeep
|turn|27
|inactive|Runredrun has 120 seconds left.
|
|t:|1760369287
|switch|p2a: DRover|Suicune, shiny|73/100
|-ability|p2a: DRover|Pressure
|move|p1a: Corviknight|Brave Bird|p2a: DRover
|-damage|p2a: DRover|60/100
|-damage|p1a: Corviknight|0 fnt|[from] Recoil
|faint|p1a: Corviknight
|
|-heal|p2a: DRover|66/100|[from] item: Leftovers
|upkeep
|c|☆arcadecarol|Im fucked
|c|☆arcadecarol|Rip corv
|
|t:|1760369298
|switch|p1a: Magnezone|Magnezone|100/100
|-damage|p1a: Magnezone|94/100|[from] Stealth Rock
|turn|28
|c|☆Runredrun|lol
|
|t:|1760369306
|switch|p2a: Oinkologne|Oinkologne-F, F, shiny|5/100
|move|p1a: Magnezone|Flash Cannon|p2a: Oinkologne
|-damage|p2a: Oinkologne|0 fnt
|faint|p2a: Oinkologne
|
|-damage|p1a: Magnezone|82/100|[from] item: Sticky Barb
|upkeep
|
|t:|1760369315
|switch|p2a: I Believe in You|Rhydon, M, shiny|52/100
|turn|29
|
|t:|1760369325
|-terastallize|p1a: Magnezone|Fighting
|move|p1a: Magnezone|Tera Blast|p2a: I Believe in You|[anim] Tera Blast Fighting
|-supereffective|p2a: I Believe in You
|-damage|p2a: I Believe in You|0 fnt
|faint|p2a: I Believe in You
|
|-damage|p1a: Magnezone|70/100|[from] item: Sticky Barb
|upkeep
|
|t:|1760369333
|switch|p2a: Mandibuzz|Mandibuzz, F, shiny|100/100
|turn|30
|
|t:|1760369339
|move|p1a: Magnezone|Thunderbolt|p2a: Mandibuzz
|-supereffective|p2a: Mandibuzz
|-damage|p2a: Mandibuzz|15/100
|move|p2a: Mandibuzz|Toxic|p1a: Magnezone
|-status|p1a: Magnezone|tox
|
|-heal|p2a: Mandibuzz|21/100|[from] item: Leftovers
|-damage|p1a: Magnezone|63/100 tox|[from] psn
|-damage|p1a: Magnezone|51/100 tox|[from] item: Sticky Barb
|upkeep
|turn|31
|
|t:|1760369351
|switch|p2a: Vileplume|Vileplume, F, shiny|100/100
|move|p1a: Magnezone|Volt Switch|p2a: Vileplume
|-resisted|p2a: Vileplume
|-damage|p2a: Vileplume|75/100
|
|t:|1760369367
|switch|p1a: Kyurem|Kyurem|100/100|[from] Volt Switch
|-damage|p1a: Kyurem|76/100|[from] Stealth Rock
|-ability|p1a: Kyurem|Pressure
|
|upkeep
|turn|32
|j| GOAT of CC1v1
|
|t:|1760369377
|switch|p2a: DRover|Suicune, shiny|66/100
|-ability|p2a: DRover|Pressure
|move|p1a: Kyurem|Freeze-Dry|p2a: DRover
|-supereffective|p2a: DRover
|-damage|p2a: DRover|0 fnt
|faint|p2a: DRover
|
|upkeep
|j| Yorozu Likes Bug♆
|l| Yorozu Likes Bug♆
|
|t:|1760369385
|switch|p2a: Vileplume|Vileplume, F, shiny|75/100
|turn|33
|
|t:|1760369389
|move|p1a: Kyurem|Freeze-Dry|p2a: Vileplume
|-supereffective|p2a: Vileplume
|-damage|p2a: Vileplume|0 fnt
|faint|p2a: Vileplume
|
|upkeep
|l| GOAT of CC1v1
|c|☆arcadecarol|Ggs
|
|t:|1760369393
|switch|p2a: Mandibuzz|Mandibuzz, F, shiny|21/100
|turn|34
|
|t:|1760369397
|move|p1a: Kyurem|Freeze-Dry|p2a: Mandibuzz
|-supereffective|p2a: Mandibuzz
|-damage|p2a: Mandibuzz|0 fnt
|faint|p2a: Mandibuzz
|
|win|arcadecarol
|raw|arcadecarol's rating: 1141 &rarr; <strong>1164</strong><br />(+23 for winning)
|raw|Runredrun's rating: 1120 &rarr; <strong>1097</strong><br />(-23 for losing)
|l|☆Runredrun
|player|p2|
|l|☆arcadecarol
|player|p1|
