|j|☆FalFal
|j|☆mach95a113
|t:|1760385424
|gametype|singles
|player|p1|FalFal|1|1104
|player|p2|mach95a113|gardenia|1112
|gen|9
|tier|[Gen 9] OU
|rated|
|rule|HP Percentage Mod: HP is shown in percentages
|rule|Endless Battle Clause: Forcing endless battles is banned
|rule|Species Clause: Limit one of each Pokémon
|rule|OHKO Clause: OHKO moves are banned
|rule|Evasion Items Clause: Evasion items are banned
|rule|Evasion Moves Clause: Evasion moves are banned
|rule|Evasion Abilities Clause: Evasion abilities are banned
|rule|Sleep Moves Clause: Sleep-inducing moves are banned
|clearpoke
|poke|p1|Chesnaught, F|
|poke|p1|Weezing, M|
|poke|p1|Magnezone|
|poke|p1|Hydreigon, F|
|poke|p1|Politoed, M|
|poke|p1|Salamence, F|
|poke|p2|Serperior, F|
|poke|p2|Hoopa-Unbound|
|poke|p2|Grimmsnarl, M|
|poke|p2|Great Tusk|
|poke|p2|Glimmora, F|
|poke|p2|Blaziken, F|
|teampreview
|c|☆mach95a113|Good luck!
|inactive|Battle timer is ON: inactive players will automatically lose when time's up. (requested by FalFal)
|c|☆FalFal|Thanks
|
|t:|1760385471
|teamsize|p1|6
|teamsize|p2|6
|start
|switch|p1a: Hydreigon|Hydreigon, F, shiny|100/100
|switch|p2a: Glimmora|Glimmora, F|100/100
|turn|1
|
|t:|1760385488
|move|p1a: Hydreigon|U-turn|p2a: Glimmora
|-resisted|p2a: Glimmora
|-damage|p2a: Glimmora|92/100
|-activate|p2a: Glimmora|ability: Toxic Debris
|-sidestart|p1: FalFal|move: Toxic Spikes
|
|t:|1760385505
|switch|p1a: Magnezone|Magnezone|100/100|[from] U-turn
|move|p2a: Glimmora|Spikes|p1a: Magnezone
|-sidestart|p1: FalFal|Spikes
|
|upkeep
|turn|2
|
|t:|1760385519
|switch|p1a: Hydreigon|Hydreigon, F, shiny|100/100
|move|p2a: Glimmora|Memento|p1a: Hydreigon
|-unboost|p1a: Hydreigon|atk|2
|-unboost|p1a: Hydreigon|spa|2
|faint|p2a: Glimmora
|
|upkeep
|
|t:|1760385532
|switch|p2a: Blaziken|Blaziken, F|100/100
|turn|3
|
|t:|1760385548
|move|p1a: Hydreigon|U-turn|p2a: Blaziken
|-resisted|p2a: Blaziken
|-damage|p2a: Blaziken|98/100
|
|t:|1760385550
|switch|p1a: Weezing|Weezing, M|100/100|[from] U-turn
|-ability|p1a: Weezing|Neutralizing Gas
|-sideend|p1: FalFal|move: Toxic Spikes|[of] p1a: Weezing
|-damage|p1a: Weezing|88/100|[from] Spikes
|move|p2a: Blaziken|Substitute|p2a: Blaziken
|-start|p2a: Blaziken|Substitute
|-damage|p2a: Blaziken|73/100
|
|-heal|p2a: Blaziken|79/100|[from] item: Leftovers
|-heal|p1a: Weezing|94/100|[from] item: Black Sludge
|upkeep
|turn|4
|
|t:|1760385569
|move|p2a: Blaziken|Swords Dance|p2a: Blaziken
|-boost|p2a: Blaziken|atk|2
|move|p1a: Weezing|Flamethrower|p2a: Blaziken
|-resisted|p2a: Blaziken
|-activate|p2a: Blaziken|move: Substitute|[damage]
|
|-heal|p2a: Blaziken|85/100|[from] item: Leftovers
|-heal|p1a: Weezing|99/100|[from] item: Black Sludge
|upkeep
|turn|5
|
|t:|1760385582
|move|p2a: Blaziken|Swords Dance|p2a: Blaziken
|-boost|p2a: Blaziken|atk|2
|move|p1a: Weezing|Haze|p1a: Weezing
|-clearallboost
|
|-heal|p2a: Blaziken|91/100|[from] item: Leftovers
|-heal|p1a: Weezing|100/100|[from] item: Black Sludge
|upkeep
|turn|6
|
|t:|1760385595
|switch|p2a: Grimmsnarl|Grimmsnarl, M|100/100
|move|p1a: Weezing|Flamethrower|p2a: Grimmsnarl
|-damage|p2a: Grimmsnarl|88/100
|
|upkeep
|turn|7
|
|t:|1760385604
|move|p1a: Weezing|Toxic|p2a: Grimmsnarl
|-status|p2a: Grimmsnarl|tox
|move|p2a: Grimmsnarl|Light Screen|p2a: Grimmsnarl
|-sidestart|p2: mach95a113|move: Light Screen
|
|-damage|p2a: Grimmsnarl|82/100 tox|[from] psn
|upkeep
|turn|8
|inactive|FalFal has 120 seconds left.
|
|t:|1760385635
|move|p1a: Weezing|Flamethrower|p2a: Grimmsnarl
|-damage|p2a: Grimmsnarl|74/100 tox
|move|p2a: Grimmsnarl|Reflect|p2a: Grimmsnarl
|-sidestart|p2: mach95a113|Reflect
|
|-damage|p2a: Grimmsnarl|62/100 tox|[from] psn
|upkeep
|turn|9
|
|t:|1760385642
|move|p1a: Weezing|Protect|p1a: Weezing
|-singleturn|p1a: Weezing|Protect
|move|p2a: Grimmsnarl|Parting Shot|p1a: Weezing
|-activate|p1a: Weezing|move: Protect
|
|-damage|p2a: Grimmsnarl|44/100 tox|[from] psn
|upkeep
|turn|10
|inactive|FalFal has 120 seconds left.
|
|t:|1760385657
|-end|p1a: Weezing|ability: Neutralizing Gas
|switch|p1a: Chesnaught|Chesnaught, F|100/100
|-damage|p1a: Chesnaught|88/100|[from] Spikes
|move|p2a: Grimmsnarl|Parting Shot|p1a: Chesnaught
|-unboost|p1a: Chesnaught|atk|1
|-unboost|p1a: Chesnaught|spa|1
|inactive|mach95a113 has 120 seconds left.
|
|t:|1760385692
|switch|p2a: Great Tusk|Great Tusk|100/100|[from] Parting Shot
|-enditem|p2a: Great Tusk|Booster Energy
|-activate|p2a: Great Tusk|ability: Protosynthesis|[fromitem]
|-start|p2a: Great Tusk|protosynthesisatk
|
|-heal|p1a: Chesnaught|94/100|[from] item: Leftovers
|upkeep
|turn|11
|
|t:|1760385704
|move|p2a: Great Tusk|Stealth Rock|p1a: Chesnaught
|-sidestart|p1: FalFal|move: Stealth Rock
|move|p1a: Chesnaught|Leech Seed|p2a: Great Tusk
|-start|p2a: Great Tusk|move: Leech Seed
|
|-heal|p1a: Chesnaught|99/100|[from] item: Leftovers
|-damage|p2a: Great Tusk|88/100|[from] Leech Seed|[of] p1a: Chesnaught
|-heal|p1a: Chesnaught|100/100|[silent]
|upkeep
|turn|12
|
|t:|1760385709
|move|p2a: Great Tusk|Taunt|p1a: Chesnaught
|-start|p1a: Chesnaught|move: Taunt
|cant|p1a: Chesnaught|move: Taunt|Iron Defense
|
|-damage|p2a: Great Tusk|76/100|[from] Leech Seed|[of] p1a: Chesnaught
|upkeep
|turn|13
|
|t:|1760385716
|move|p2a: Great Tusk|Close Combat|p1a: Chesnaught
|-damage|p1a: Chesnaught|35/100
|-unboost|p2a: Great Tusk|def|1
|-unboost|p2a: Great Tusk|spd|1
|move|p1a: Chesnaught|Body Press|p2a: Great Tusk
|-damage|p2a: Great Tusk|58/100
|
|-heal|p1a: Chesnaught|41/100|[from] item: Leftovers
|-damage|p2a: Great Tusk|46/100|[from] Leech Seed|[of] p1a: Chesnaught
|-heal|p1a: Chesnaught|53/100|[silent]
|upkeep
|turn|14
|
|t:|1760385732
|switch|p1a: Salamence|Salamence, F, shiny|100/100
|-damage|p1a: Salamence|75/100|[from] Stealth Rock
|-ability|p1a: Salamence|Intimidate|boost
|-unboost|p2a: Great Tusk|atk|1
|move|p2a: Great Tusk|Close Combat|p1a: Salamence
|-resisted|p1a: Salamence
|-damage|p1a: Salamence|43/100
|-unboost|p2a: Great Tusk|def|1
|-unboost|p2a: Great Tusk|spd|1
|
|-damage|p2a: Great Tusk|33/100|[from] Leech Seed|[of] p1a: Salamence
|-heal|p1a: Salamence|57/100|[silent]
|-sideend|p2: mach95a113|move: Light Screen
|upkeep
|turn|15
|
|t:|1760385752
|move|p1a: Salamence|Dual Wingbeat|p2a: Great Tusk|[miss]
|-miss|p1a: Salamence|p2a: Great Tusk
|move|p2a: Great Tusk|Close Combat|p1a: Salamence
|-resisted|p1a: Salamence
|-damage|p1a: Salamence|22/100
|-unboost|p2a: Great Tusk|def|1
|-unboost|p2a: Great Tusk|spd|1
|
|-damage|p2a: Great Tusk|21/100|[from] Leech Seed|[of] p1a: Salamence
|-heal|p1a: Salamence|36/100|[silent]
|-sideend|p2: mach95a113|Reflect
|upkeep
|turn|16
|
|t:|1760385762
|move|p1a: Salamence|Temper Flare|p2a: Great Tusk
|-damage|p2a: Great Tusk|0 fnt
|faint|p2a: Great Tusk
|-end|p2a: Great Tusk|Protosynthesis|[silent]
|-damage|p1a: Salamence|26/100|[from] item: Life Orb
|
|upkeep
|
|t:|1760385776
|switch|p2a: Grimmsnarl|Grimmsnarl, M|44/100 tox
|turn|17
|
|t:|1760385786
|move|p2a: Grimmsnarl|Reflect|p2a: Grimmsnarl
|-sidestart|p2: mach95a113|Reflect
|move|p1a: Salamence|Dual Wingbeat|p2a: Grimmsnarl
|-damage|p2a: Grimmsnarl|28/100 tox
|-damage|p2a: Grimmsnarl|9/100 tox
|-hitcount|p2a: Grimmsnarl|2
|-damage|p1a: Salamence|16/100|[from] item: Life Orb
|
|-damage|p2a: Grimmsnarl|3/100 tox|[from] psn
|upkeep
|turn|18
|
|t:|1760385793
|move|p2a: Grimmsnarl|Light Screen|p2a: Grimmsnarl
|-sidestart|p2: mach95a113|move: Light Screen
|move|p1a: Salamence|Dual Wingbeat|p2a: Grimmsnarl
|-crit|p2a: Grimmsnarl
|-damage|p2a: Grimmsnarl|0 fnt
|faint|p2a: Grimmsnarl
|-hitcount|p2: Grimmsnarl|1
|-damage|p1a: Salamence|7/100|[from] item: Life Orb
|
|upkeep
|
|t:|1760385808
|switch|p2a: Serperior|Serperior, F|100/100
|turn|19
|
|t:|1760385828
|switch|p1a: Weezing|Weezing, M|100/100
|-ability|p1a: Weezing|Neutralizing Gas
|-damage|p1a: Weezing|88/100|[from] Spikes
|-damage|p1a: Weezing|76/100|[from] Stealth Rock
|-terastallize|p2a: Serperior|Stellar
|move|p2a: Serperior|Tera Blast|p1a: Weezing|[anim] Tera Blast Stellar
|-damage|p1a: Weezing|51/100
|-unboost|p2a: Serperior|atk|1
|-unboost|p2a: Serperior|spa|1
|
|-heal|p1a: Weezing|57/100|[from] item: Black Sludge
|upkeep
|turn|20
|inactive|mach95a113 has 120 seconds left.
|
|t:|1760385849
|switch|p2a: Hoopa|Hoopa-Unbound|100/100
|move|p1a: Weezing|Toxic|p2a: Hoopa
|-status|p2a: Hoopa|tox
|
|-heal|p1a: Weezing|63/100|[from] item: Black Sludge
|-damage|p2a: Hoopa|94/100 tox|[from] psn
|upkeep
|turn|21
|inactive|mach95a113 has 120 seconds left.
|
|t:|1760385865
|-end|p1a: Weezing|ability: Neutralizing Gas
|switch|p1a: Hydreigon|Hydreigon, F, shiny|100/100
|-damage|p1a: Hydreigon|88/100|[from] Stealth Rock
|move|p2a: Hoopa|Hyperspace Fury|p1a: Hydreigon
|-resisted|p1a: Hydreigon
|-damage|p1a: Hydreigon|34/100
|-unboost|p2a: Hoopa|def|1
|
|-damage|p2a: Hoopa|82/100 tox|[from] psn
|upkeep
|turn|22
|inactive|mach95a113 has 120 seconds left.
|
|t:|1760385879
|switch|p2a: Blaziken|Blaziken, F|91/100
|move|p1a: Hydreigon|U-turn|p2a: Blaziken
|-resisted|p2a: Blaziken
|-crit|p2a: Blaziken
|-damage|p2a: Blaziken|82/100
|
|t:|1760385887
|switch|p1a: Salamence|Salamence, F, shiny|7/100|[from] U-turn
|-damage|p1a: Salamence|0 fnt|[from] Stealth Rock
|faint|p1a: Salamence
|
|-heal|p2a: Blaziken|88/100|[from] item: Leftovers
|upkeep
|
|t:|1760385900
|switch|p1a: Chesnaught|Chesnaught, F|53/100
|-damage|p1a: Chesnaught|41/100|[from] Spikes
|-damage|p1a: Chesnaught|35/100|[from] Stealth Rock
|turn|23
|
|t:|1760385909
|move|p2a: Blaziken|Substitute|p2a: Blaziken
|-start|p2a: Blaziken|Substitute
|-damage|p2a: Blaziken|63/100
|move|p1a: Chesnaught|Leech Seed||[still]
|-fail|p1a: Chesnaught
|
|-heal|p2a: Blaziken|69/100|[from] item: Leftovers
|-heal|p1a: Chesnaught|41/100|[from] item: Leftovers
|-ability|p2a: Blaziken|Speed Boost|boost
|-boost|p2a: Blaziken|spe|1
|upkeep
|turn|24
|
|t:|1760385924
|move|p2a: Blaziken|Swords Dance|p2a: Blaziken
|-boost|p2a: Blaziken|atk|2
|move|p1a: Chesnaught|Iron Defense|p1a: Chesnaught
|-boost|p1a: Chesnaught|def|2
|
|-heal|p2a: Blaziken|75/100|[from] item: Leftovers
|-heal|p1a: Chesnaught|47/100|[from] item: Leftovers
|-sideend|p2: mach95a113|Reflect
|-ability|p2a: Blaziken|Speed Boost|boost
|-boost|p2a: Blaziken|spe|1
|upkeep
|turn|25
|
|t:|1760385932
|move|p2a: Blaziken|Swords Dance|p2a: Blaziken
|-boost|p2a: Blaziken|atk|2
|move|p1a: Chesnaught|Iron Defense|p1a: Chesnaught
|-boost|p1a: Chesnaught|def|2
|
|-heal|p2a: Blaziken|81/100|[from] item: Leftovers
|-heal|p1a: Chesnaught|53/100|[from] item: Leftovers
|-sideend|p2: mach95a113|move: Light Screen
|-ability|p2a: Blaziken|Speed Boost|boost
|-boost|p2a: Blaziken|spe|1
|upkeep
|turn|26
|
|t:|1760385945
|move|p2a: Blaziken|Close Combat|p1a: Chesnaught
|-damage|p1a: Chesnaught|7/100
|-unboost|p2a: Blaziken|def|1
|-unboost|p2a: Blaziken|spd|1
|move|p1a: Chesnaught|Iron Defense|p1a: Chesnaught
|-boost|p1a: Chesnaught|def|2
|
|-heal|p2a: Blaziken|87/100|[from] item: Leftovers
|-heal|p1a: Chesnaught|13/100|[from] item: Leftovers
|-ability|p2a: Blaziken|Speed Boost|boost
|-boost|p2a: Blaziken|spe|1
|upkeep
|turn|27
|
|t:|1760385950
|move|p1a: Chesnaught|Spiky Shield|p1a: Chesnaught
|-singleturn|p1a: Chesnaught|move: Protect
|move|p2a: Blaziken|Close Combat|p1a: Chesnaught
|-activate|p1a: Chesnaught|move: Protect
|-damage|p2a: Blaziken|75/100|[from] Spiky Shield|[of] p1a: Chesnaught
|
|-heal|p2a: Blaziken|81/100|[from] item: Leftovers
|-heal|p1a: Chesnaught|19/100|[from] item: Leftovers
|-ability|p2a: Blaziken|Speed Boost|boost
|-boost|p2a: Blaziken|spe|1
|upkeep
|turn|28
|
|t:|1760385964
|move|p2a: Blaziken|Close Combat|p1a: Chesnaught
|-damage|p1a: Chesnaught|0 fnt
|-unboost|p2a: Blaziken|def|1
|-unboost|p2a: Blaziken|spd|1
|faint|p1a: Chesnaught
|
|-heal|p2a: Blaziken|87/100|[from] item: Leftovers
|-ability|p2a: Blaziken|Speed Boost|boost
|-boost|p2a: Blaziken|spe|1
|upkeep
|
|t:|1760385976
|switch|p1a: Politoed|Politoed, M|100/100
|-damage|p1a: Politoed|88/100|[from] Spikes
|-damage|p1a: Politoed|75/100|[from] Stealth Rock
|-weather|RainDance|[from] ability: Drizzle|[of] p1a: Politoed
|turn|29
|
|t:|1760385982
|move|p2a: Blaziken|Close Combat|p1a: Politoed
|-damage|p1a: Politoed|0 fnt
|-unboost|p2a: Blaziken|def|1
|-unboost|p2a: Blaziken|spd|1
|faint|p1a: Politoed
|
|-weather|RainDance|[upkeep]
|-heal|p2a: Blaziken|93/100|[from] item: Leftovers
|upkeep
|
|t:|1760385990
|switch|p1a: Weezing|Weezing, M|63/100
|-ability|p1a: Weezing|Neutralizing Gas
|-damage|p1a: Weezing|51/100|[from] Spikes
|-damage|p1a: Weezing|39/100|[from] Stealth Rock
|turn|30
|
|t:|1760385997
|move|p1a: Weezing|Protect|p1a: Weezing
|-singleturn|p1a: Weezing|Protect
|move|p2a: Blaziken|Close Combat|p1a: Weezing
|-activate|p1a: Weezing|move: Protect
|
|-weather|RainDance|[upkeep]
|-heal|p2a: Blaziken|99/100|[from] item: Leftovers
|-heal|p1a: Weezing|45/100|[from] item: Black Sludge
|upkeep
|turn|31
|
|t:|1760386003
|move|p2a: Blaziken|Close Combat|p1a: Weezing
|-resisted|p1a: Weezing
|-crit|p1a: Weezing
|-damage|p1a: Weezing|0 fnt
|-unboost|p2a: Blaziken|def|1
|-unboost|p2a: Blaziken|spd|1
|faint|p1a: Weezing
|-end|p1a: Weezing|ability: Neutralizing Gas
|
|-weather|RainDance|[upkeep]
|-heal|p2a: Blaziken|100/100|[from] item: Leftovers
|upkeep
|
|t:|1760386010
|switch|p1a: Hydreigon|Hydreigon, F, shiny|34/100
|-damage|p1a: Hydreigon|21/100|[from] Stealth Rock
|turn|32
|
|t:|1760386018
|move|p2a: Blaziken|Protect|p2a: Blaziken
|-singleturn|p2a: Blaziken|Protect
|move|p1a: Hydreigon|Hydro Pump|p2a: Blaziken
|-activate|p2a: Blaziken|move: Protect
|
|-weather|RainDance|[upkeep]
|upkeep
|turn|33
|
|t:|1760386024
|move|p2a: Blaziken|Close Combat|p1a: Hydreigon
|-supereffective|p1a: Hydreigon
|-damage|p1a: Hydreigon|0 fnt
|-unboost|p2a: Blaziken|def|1
|-unboost|p2a: Blaziken|spd|1
|faint|p1a: Hydreigon
|
|-weather|none
|upkeep
|
|t:|1760386026
|switch|p1a: Magnezone|Magnezone|100/100
|-damage|p1a: Magnezone|88/100|[from] Spikes
|-damage|p1a: Magnezone|82/100|[from] Stealth Rock
|turn|34
|
|t:|1760386031
|-terastallize|p1a: Magnezone|Electric
|move|p2a: Blaziken|Close Combat|p1a: Magnezone
|-damage|p1a: Magnezone|0 fnt
|-unboost|p2a: Blaziken|def|1
|-unboost|p2a: Blaziken|spd|1
|faint|p1a: Magnezone
|
|win|mach95a113
|raw|FalFal's rating: 1104 &rarr; <strong>1080</strong><br />(-24 for losing)
|raw|mach95a113's rating: 1112 &rarr; <strong>1136</strong><br />(+24 for winning)
|c|☆mach95a113|Gg
|c|☆FalFal|Gg
|l|☆FalFal
|player|p1|
|c|☆mach95a113|!showteam
|c| mach95a113|/raw <div class="infobox"><details><summary>View team</summary>Serperior @ Leftovers  <br />Ability: Contrary  <br />Tera Type: Stellar  <br />EVs: 252 SpA &#x2f; 4 SpD &#x2f; 252 Spe  <br />Timid Nature  <br />- Substitute  <br />- Glare  <br />- Leaf Storm  <br />- Tera Blast  <br /><br />Hoopa (Hoopa-Unbound) @ Choice Band  <br />Ability: Magician  <br />Tera Type: Psychic  <br />EVs: 240 HP &#x2f; 252 Atk &#x2f; 16 Spe  <br />- Hyperspace Fury  <br />- Trick  <br />- Thunder Wave  <br />- Reflect  <br /><br />Grimmsnarl (M) @ Light Clay  <br />Ability: Prankster  <br />Tera Type: Dark  <br />EVs: 252 HP &#x2f; 4 Def &#x2f; 252 SpD  <br />Calm Nature  <br />- Parting Shot  <br />- Hammer Arm  <br />- Light Screen  <br />- Reflect  <br /><br />Great Tusk @ Booster Energy  <br />Ability: Protosynthesis  <br />Hidden Power: Fighting  <br />Tera Type: Ground  <br />EVs: 252 Atk &#x2f; 4 SpD &#x2f; 252 Spe  <br />Jolly Nature  <br />- Close Combat  <br />- Headlong Rush  <br />- Stealth Rock  <br />- Taunt  <br /><br />Glimmora @ Focus Sash  <br />Ability: Toxic Debris  <br />Tera Type: Rock  <br />EVs: 252 HP &#x2f; 4 SpD &#x2f; 252 Spe  <br />Timid Nature  <br />IVs: 0 Atk  <br />- Toxic Spikes  <br />- Stealth Rock  <br />- Spikes  <br />- Memento  <br /><br />Blaziken @ Leftovers  <br />Ability: Speed Boost  <br />Tera Type: Flying  <br />EVs: 252 Atk &#x2f; 4 SpD &#x2f; 252 Spe  <br />Jolly Nature  <br />- Substitute  <br />- Protect  <br />- Swords Dance  <br />- Close Combat  <br /><br /></details></div>
|c|☆mach95a113|(Turn 22, Salamence died to Rocks)
