|j|☆tuiujju
|j|☆YourFriendSanti
|t:|1760374422
|gametype|singles
|player|p1|tuiujju|101|1183
|player|p2|YourFriendSanti|hilbert-wonderlauncher|1153
|gen|9
|tier|[Gen 9] OU
|rated|
|rule|HP Percentage Mod: HP is shown in percentages
|rule|Endless Battle Clause: Forcing endless battles is banned
|rule|Species Clause: Limit one of each Pokémon
|rule|OHKO Clause: OHKO moves are banned
|rule|Evasion Items Clause: Evasion items are banned
|rule|Evasion Moves Clause: Evasion moves are banned
|rule|Evasion Abilities Clause: Evasion abilities are banned
|rule|Sleep Moves Clause: Sleep-inducing moves are banned
|clearpoke
|poke|p1|Ceruledge, M|
|poke|p1|Kleavor, M|
|poke|p1|Metagross|
|poke|p1|Primarina, M|
|poke|p1|Thundurus-Therian, M|
|poke|p1|Gastrodon, F|
|poke|p2|Dedenne, F|
|poke|p2|Pincurchin, F|
|poke|p2|Excadrill, F|
|poke|p2|Pelipper, M|
|poke|p2|Overqwil, M|
|poke|p2|Goodra, M|
|teampreview
|
|t:|1760374436
|teamsize|p1|6
|teamsize|p2|6
|start
|switch|p1a: Kleavor|Kleavor, M|100/100
|switch|p2a: Pincurchin|Pincurchin, F|100/100
|-fieldstart|move: Electric Terrain|[from] ability: Electric Surge|[of] p2a: Pincurchin
|turn|1
|
|t:|1760374457
|move|p1a: Kleavor|Stone Axe|p2a: Pincurchin
|-damage|p2a: Pincurchin|57/100
|-sidestart|p2: YourFriendSanti|move: Stealth Rock
|move|p2a: Pincurchin|Scald|p1a: Kleavor
|-supereffective|p1a: Kleavor
|-damage|p1a: Kleavor|43/100
|
|upkeep
|turn|2
|
|t:|1760374467
|switch|p1a: Gastrodon|Gastrodon, F|100/100
|move|p2a: Pincurchin|Memento|p1a: Gastrodon
|-unboost|p1a: Gastrodon|atk|2
|-unboost|p1a: Gastrodon|spa|2
|faint|p2a: Pincurchin
|
|upkeep
|
|t:|1760374473
|switch|p2a: Excadrill|Excadrill, F|100/100
|-damage|p2a: Excadrill|97/100|[from] Stealth Rock
|-ability|p2a: Excadrill|Mold Breaker
|turn|3
|
|t:|1760374479
|move|p2a: Excadrill|Rapid Spin|p1a: Gastrodon
|-damage|p1a: Gastrodon|71/100
|-boost|p2a: Excadrill|spe|1
|-sideend|p2: YourFriendSanti|Stealth Rock|[from] move: Rapid Spin|[of] p2a: Excadrill
|-damage|p2a: Excadrill|87/100|[from] item: Life Orb
|move|p1a: Gastrodon|Earth Power|p2a: Excadrill
|-supereffective|p2a: Excadrill
|-damage|p2a: Excadrill|49/100
|
|-heal|p1a: Gastrodon|77/100|[from] item: Leftovers
|upkeep
|turn|4
|
|t:|1760374491
|move|p2a: Excadrill|Swords Dance|p2a: Excadrill
|-boost|p2a: Excadrill|atk|2
|move|p1a: Gastrodon|Earth Power|p2a: Excadrill
|-supereffective|p2a: Excadrill
|-damage|p2a: Excadrill|12/100
|
|-heal|p1a: Gastrodon|83/100|[from] item: Leftovers
|upkeep
|turn|5
|
|t:|1760374501
|switch|p1a: Metagross|Metagross, shiny|100/100
|move|p2a: Excadrill|Earthquake|p1a: Metagross
|-supereffective|p1a: Metagross
|-damage|p1a: Metagross|0 fnt
|faint|p1a: Metagross
|-damage|p2a: Excadrill|2/100|[from] item: Life Orb
|
|upkeep
|
|t:|1760374510
|switch|p1a: Ceruledge|Ceruledge, M|100/100
|turn|6
|
|t:|1760374514
|move|p1a: Ceruledge|Shadow Sneak|p2a: Excadrill
|-damage|p2a: Excadrill|0 fnt
|faint|p2a: Excadrill
|-damage|p1a: Ceruledge|91/100|[from] item: Life Orb
|
|upkeep
|
|t:|1760374520
|switch|p2a: Dedene|Dedenne, F|100/100
|turn|7
|
|t:|1760374526
|move|p2a: Dedene|Charge Beam|p1a: Ceruledge
|-damage|p1a: Ceruledge|60/100
|-boost|p2a: Dedene|spa|1
|move|p1a: Ceruledge|Will-O-Wisp|p2a: Dedene
|-status|p2a: Dedene|brn
|
|-damage|p2a: Dedene|94/100 brn|[from] brn
|upkeep
|turn|8
|
|t:|1760374536
|move|p2a: Dedene|Thunderbolt|p1a: Ceruledge
|-damage|p1a: Ceruledge|0 fnt
|faint|p1a: Ceruledge
|
|-damage|p2a: Dedene|88/100 brn|[from] brn
|-fieldend|move: Electric Terrain
|upkeep
|
|t:|1760374547
|switch|p1a: Primarina|Primarina, M|100/100
|turn|9
|
|t:|1760374553
|switch|p1a: Thundurus|Thundurus-Therian, M|100/100
|move|p2a: Dedene|Charge Beam|p1a: Thundurus
|-immune|p1a: Thundurus|[from] ability: Volt Absorb
|
|-damage|p2a: Dedene|82/100 brn|[from] brn
|upkeep
|turn|10
|
|t:|1760374563
|move|p2a: Dedene|Dazzling Gleam|p1a: Thundurus
|-damage|p1a: Thundurus|37/100
|move|p1a: Thundurus|Dark Pulse|p2a: Dedene
|-resisted|p2a: Dedene
|-damage|p2a: Dedene|56/100 brn
|
|-damage|p2a: Dedene|50/100 brn|[from] brn
|upkeep
|turn|11
|
|t:|1760374573
|move|p1a: Thundurus|Dark Pulse|p2a: Dedene
|-resisted|p2a: Dedene
|-damage|p2a: Dedene|27/100 brn
|move|p2a: Dedene|Dazzling Gleam|p1a: Thundurus
|-damage|p1a: Thundurus|0 fnt
|faint|p1a: Thundurus
|
|-damage|p2a: Dedene|20/100 brn|[from] brn
|upkeep
|-enditem|p2a: Dedene|Petaya Berry|[eat]
|-boost|p2a: Dedene|spa|1|[from] item: Petaya Berry
|-heal|p2a: Dedene|54/100 brn|[from] ability: Cheek Pouch
|
|t:|1760374588
|switch|p1a: Kleavor|Kleavor, M|43/100
|turn|12
|
|t:|1760374593
|move|p1a: Kleavor|Stone Axe|p2a: Dedene
|-crit|p2a: Dedene
|-damage|p2a: Dedene|0 fnt
|-sidestart|p2: YourFriendSanti|move: Stealth Rock
|faint|p2a: Dedene
|
|upkeep
|
|t:|1760374605
|switch|p2a: Goodra|Goodra, M|100/100
|-damage|p2a: Goodra|88/100|[from] Stealth Rock
|turn|13
|
|t:|1760374613
|-terastallize|p2a: Goodra|Steel
|move|p1a: Kleavor|Stone Axe|p2a: Goodra
|-resisted|p2a: Goodra
|-crit|p2a: Goodra
|-damage|p2a: Goodra|45/100
|move|p2a: Goodra|Toxic|p1a: Kleavor
|-status|p1a: Kleavor|tox
|
|-heal|p2a: Goodra|51/100|[from] item: Leftovers
|-damage|p1a: Kleavor|37/100 tox|[from] psn
|upkeep
|turn|14
|
|t:|1760374627
|move|p1a: Kleavor|Stone Axe|p2a: Goodra
|-resisted|p2a: Goodra
|-damage|p2a: Goodra|20/100
|move|p2a: Goodra|Acid Armor|p2a: Goodra
|-boost|p2a: Goodra|def|2
|
|-heal|p2a: Goodra|27/100|[from] item: Leftovers
|-damage|p1a: Kleavor|25/100 tox|[from] psn
|upkeep
|turn|15
|
|t:|1760374638
|move|p1a: Kleavor|Stone Axe|p2a: Goodra
|-resisted|p2a: Goodra
|-damage|p2a: Goodra|12/100
|move|p2a: Goodra|Rest|p2a: Goodra
|-status|p2a: Goodra|slp|[from] move: Rest
|-heal|p2a: Goodra|100/100 slp|[silent]
|
|-damage|p1a: Kleavor|7/100 tox|[from] psn
|upkeep
|turn|16
|
|t:|1760374648
|move|p1a: Kleavor|Stone Axe|p2a: Goodra
|-resisted|p2a: Goodra
|-damage|p2a: Goodra|86/100 slp
|cant|p2a: Goodra|slp
|
|-heal|p2a: Goodra|92/100 slp|[from] item: Leftovers
|-damage|p1a: Kleavor|0 fnt|[from] psn
|faint|p1a: Kleavor
|upkeep
|
|t:|1760374658
|switch|p1a: Gastrodon|Gastrodon, F|83/100
|turn|17
|
|t:|1760374662
|cant|p2a: Goodra|slp
|move|p1a: Gastrodon|Earth Power|p2a: Goodra
|-supereffective|p2a: Goodra
|-damage|p2a: Goodra|65/100 slp
|
|-heal|p2a: Goodra|72/100 slp|[from] item: Leftovers
|-heal|p1a: Gastrodon|89/100|[from] item: Leftovers
|upkeep
|turn|18
|
|t:|1760374671
|-curestatus|p2a: Goodra|slp|[msg]
|move|p2a: Goodra|Toxic|p1a: Gastrodon
|-status|p1a: Gastrodon|tox
|move|p1a: Gastrodon|Earth Power|p2a: Goodra
|-supereffective|p2a: Goodra
|-damage|p2a: Goodra|45/100
|-unboost|p2a: Goodra|spd|1
|
|-heal|p2a: Goodra|51/100|[from] item: Leftovers
|-heal|p1a: Gastrodon|95/100 tox|[from] item: Leftovers
|-damage|p1a: Gastrodon|89/100 tox|[from] psn
|upkeep
|turn|19
|
|t:|1760374684
|move|p2a: Goodra|Dragon Pulse|p1a: Gastrodon
|-damage|p1a: Gastrodon|70/100 tox
|move|p1a: Gastrodon|Earth Power|p2a: Goodra
|-supereffective|p2a: Goodra
|-damage|p2a: Goodra|7/100
|
|-heal|p2a: Goodra|13/100|[from] item: Leftovers
|-heal|p1a: Gastrodon|76/100 tox|[from] item: Leftovers
|-damage|p1a: Gastrodon|63/100 tox|[from] psn
|upkeep
|turn|20
|
|t:|1760374695
|move|p2a: Goodra|Rest|p2a: Goodra
|-status|p2a: Goodra|slp|[from] move: Rest
|-heal|p2a: Goodra|100/100 slp|[silent]
|move|p1a: Gastrodon|Earth Power|p2a: Goodra
|-supereffective|p2a: Goodra
|-damage|p2a: Goodra|58/100 slp
|
|-heal|p2a: Goodra|64/100 slp|[from] item: Leftovers
|-heal|p1a: Gastrodon|70/100 tox|[from] item: Leftovers
|-damage|p1a: Gastrodon|51/100 tox|[from] psn
|upkeep
|turn|21
|
|t:|1760374706
|switch|p2a: Pelipper|Pelipper, M|100/100
|-damage|p2a: Pelipper|76/100|[from] Stealth Rock
|-weather|RainDance|[from] ability: Drizzle|[of] p2a: Pelipper
|move|p1a: Gastrodon|Earth Power|p2a: Pelipper
|-immune|p2a: Pelipper
|
|-weather|RainDance|[upkeep]
|-heal|p1a: Gastrodon|57/100 tox|[from] item: Leftovers
|-damage|p1a: Gastrodon|33/100 tox|[from] psn
|upkeep
|turn|22
|
|t:|1760374723
|switch|p1a: Primarina|Primarina, M|100/100
|move|p2a: Pelipper|Hurricane|p1a: Primarina
|-damage|p1a: Primarina|80/100
|-start|p1a: Primarina|confusion
|
|-weather|RainDance|[upkeep]
|upkeep
|turn|23
|
|t:|1760374738
|switch|p2a: Goodra|Goodra, M, tera:Steel|64/100 slp
|-damage|p2a: Goodra|58/100 slp|[from] Stealth Rock
|-activate|p1a: Primarina|confusion
|move|p1a: Primarina|Draining Kiss|p2a: Goodra
|-resisted|p2a: Goodra
|-damage|p2a: Goodra|51/100 slp
|-heal|p1a: Primarina|87/100|[from] drain|[of] p2a: Goodra
|
|-weather|RainDance|[upkeep]
|-activate|p2a: Goodra|ability: Hydration
|-curestatus|p2a: Goodra|slp|[msg]
|-heal|p2a: Goodra|57/100|[from] item: Leftovers
|upkeep
|turn|24
|
|t:|1760374757
|move|p2a: Goodra|Toxic|p1a: Primarina
|-status|p1a: Primarina|tox
|-activate|p1a: Primarina|confusion
|-damage|p1a: Primarina|79/100 tox|[from] confusion
|
|-weather|RainDance|[upkeep]
|-heal|p2a: Goodra|64/100|[from] item: Leftovers
|-damage|p1a: Primarina|73/100 tox|[from] psn
|upkeep
|turn|25
|-message|tuiujju forfeited.
|
|win|YourFriendSanti
|raw|tuiujju's rating: 1183 &rarr; <strong>1156</strong><br />(-27 for losing)
|raw|YourFriendSanti's rating: 1153 &rarr; <strong>1180</strong><br />(+27 for winning)
|l|☆tuiujju
|player|p1|
|l|☆YourFriendSanti
|player|p2|
