|j|☆Alex_F2B
|j|☆Yelo_Galaxy
|t:|1760299940
|gametype|singles
|player|p1|Alex_F2B|2|1516
|player|p2|Yelo_Galaxy|265|1484
|gen|9
|tier|[Gen 9] OU
|rated|
|rule|HP Percentage Mod: HP is shown in percentages
|rule|Endless Battle Clause: Forcing endless battles is banned
|rule|Species Clause: Limit one of each Pokémon
|rule|OHKO Clause: OHKO moves are banned
|rule|Evasion Items Clause: Evasion items are banned
|rule|Evasion Moves Clause: Evasion moves are banned
|rule|Evasion Abilities Clause: Evasion abilities are banned
|rule|Sleep Moves Clause: Sleep-inducing moves are banned
|clearpoke
|poke|p1|Gholdengo|
|poke|p1|Ting-Lu|
|poke|p1|Ogerpon-Wellspring, F|
|poke|p1|Kingambit, M|
|poke|p1|Gliscor, F|
|poke|p1|Kyurem|
|poke|p2|Torkoal, F|
|poke|p2|Hatterene, F|
|poke|p2|Raging Bolt|
|poke|p2|Slither Wing|
|poke|p2|Venusaur, F|
|poke|p2|Walking Wake|
|teampreview
|inactive|Battle timer is ON: inactive players will automatically lose when time's up. (requested by Yelo_Galaxy)
|c|☆Yelo_Galaxy|hf
|c|☆Alex_F2B|2u
|c|☆Alex_F2B|u2
|
|t:|1760299982
|teamsize|p1|6
|teamsize|p2|6
|start
|switch|p1a: Kyurem|Kyurem|100/100
|switch|p2a: Slither Wing|Slither Wing|100/100
|-ability|p1a: Kyurem|Pressure
|turn|1
|
|t:|1760299988
|move|p1a: Kyurem|Protect|p1a: Kyurem
|-singleturn|p1a: Kyurem|Protect
|move|p2a: Slither Wing|First Impression|p1a: Kyurem
|-activate|p1a: Kyurem|move: Protect
|
|upkeep
|turn|2
|
|t:|1760299995
|switch|p1a: Gliscor|Gliscor, F|100/100
|move|p2a: Slither Wing|U-turn|p1a: Gliscor
|-resisted|p1a: Gliscor
|-damage|p1a: Gliscor|87/100
|
|t:|1760300001
|-end|p2a: Slither Wing|Protosynthesis|[silent]
|switch|p2a: Torkoal|Torkoal, F|100/100|[from] U-turn
|-weather|SunnyDay|[from] ability: Drought|[of] p2a: Torkoal
|
|-weather|SunnyDay|[upkeep]
|-status|p1a: Gliscor|tox|[from] item: Toxic Orb
|upkeep
|turn|3
|
|t:|1760300011
|move|p1a: Gliscor|U-turn|p2a: Torkoal
|-resisted|p2a: Torkoal
|-damage|p2a: Torkoal|94/100
|
|t:|1760300013
|switch|p1a: Ting-Lu|Ting-Lu|100/100|[from] U-turn
|-ability|p1a: Ting-Lu|Vessel of Ruin
|move|p2a: Torkoal|Stealth Rock|p1a: Ting-Lu
|-sidestart|p1: Alex_F2B|move: Stealth Rock
|
|-weather|SunnyDay|[upkeep]
|upkeep
|turn|4
|
|t:|1760300020
|switch|p2a: Hatterene|Hatterene, F|100/100
|-item|p2a: Hatterene|Air Balloon
|move|p1a: Ting-Lu|Earthquake|p2a: Hatterene
|-immune|p2a: Hatterene
|
|-weather|SunnyDay|[upkeep]
|upkeep
|turn|5
|
|t:|1760300024
|move|p1a: Ting-Lu|Ruination|p2a: Hatterene
|-damage|p2a: Hatterene|50/100
|-enditem|p2a: Hatterene|Air Balloon
|move|p2a: Hatterene|Dazzling Gleam|p1a: Ting-Lu
|-supereffective|p1a: Ting-Lu
|-damage|p1a: Ting-Lu|63/100
|
|-weather|SunnyDay|[upkeep]
|-heal|p1a: Ting-Lu|69/100|[from] item: Leftovers
|upkeep
|turn|6
|
|t:|1760300035
|move|p1a: Ting-Lu|Earthquake|p2a: Hatterene
|-damage|p2a: Hatterene|21/100
|move|p2a: Hatterene|Dazzling Gleam|p1a: Ting-Lu
|-supereffective|p1a: Ting-Lu
|-damage|p1a: Ting-Lu|32/100
|
|-weather|SunnyDay|[upkeep]
|-heal|p1a: Ting-Lu|38/100|[from] item: Leftovers
|upkeep
|turn|7
|
|t:|1760300040
|switch|p2a: Walking Wake|Walking Wake|100/100
|-activate|p2a: Walking Wake|ability: Protosynthesis
|-start|p2a: Walking Wake|protosynthesisspe
|move|p1a: Ting-Lu|Earthquake|p2a: Walking Wake
|-damage|p2a: Walking Wake|62/100
|
|-weather|SunnyDay|[upkeep]
|-heal|p1a: Ting-Lu|44/100|[from] item: Leftovers
|upkeep
|turn|8
|
|t:|1760300049
|move|p2a: Walking Wake|Hydro Steam|p1a: Ting-Lu
|-supereffective|p1a: Ting-Lu
|-damage|p1a: Ting-Lu|0 fnt
|faint|p1a: Ting-Lu
|
|-weather|SunnyDay|[upkeep]
|upkeep
|
|t:|1760300054
|switch|p1a: Kyurem|Kyurem|100/100
|-ability|p1a: Kyurem|Pressure
|turn|9
|
|t:|1760300065
|move|p2a: Walking Wake|Draco Meteor|p1a: Kyurem
|-supereffective|p1a: Kyurem
|-damage|p1a: Kyurem|0 fnt
|-unboost|p2a: Walking Wake|spa|2
|faint|p1a: Kyurem
|
|-weather|none
|-end|p2a: Walking Wake|Protosynthesis
|upkeep
|c|☆Alex_F2B|bruv
|
|t:|1760300075
|switch|p1a: Gholdengo|Gholdengo|100/100
|-damage|p1a: Gholdengo|94/100|[from] Stealth Rock
|turn|10
|c|☆Yelo_Galaxy|i was like
|c|☆Yelo_Galaxy|tera electric?
|c|☆Alex_F2B|damn
|c|☆Alex_F2B|attack of surpise
|c|☆Yelo_Galaxy|why not go oger
|
|t:|1760300096
|-end|p2a: Walking Wake|Protosynthesis|[silent]
|switch|p2a: Torkoal|Torkoal, F|94/100
|-weather|SunnyDay|[from] ability: Drought|[of] p2a: Torkoal
|move|p1a: Gholdengo|Shadow Ball|p2a: Torkoal
|-damage|p2a: Torkoal|39/100
|
|-weather|SunnyDay|[upkeep]
|upkeep
|turn|11
|c|☆Alex_F2B|utility set
|
|t:|1760300108
|switch|p2a: Hatterene|Hatterene, F|21/100
|move|p1a: Gholdengo|Shadow Ball|p2a: Hatterene
|-supereffective|p2a: Hatterene
|-damage|p2a: Hatterene|0 fnt
|faint|p2a: Hatterene
|
|-weather|SunnyDay|[upkeep]
|upkeep
|
|t:|1760300113
|switch|p2a: Venusaur|Venusaur, F|100/100
|turn|12
|
|t:|1760300119
|-terastallize|p1a: Gholdengo|Fairy
|move|p2a: Venusaur|Weather Ball|p1a: Gholdengo
|-damage|p1a: Gholdengo|23/100
|-damage|p2a: Venusaur|91/100|[from] item: Life Orb
|move|p1a: Gholdengo|Shadow Ball|p2a: Venusaur
|-damage|p2a: Venusaur|36/100
|
|-weather|SunnyDay|[upkeep]
|upkeep
|turn|13
|
|t:|1760300126
|move|p2a: Venusaur|Giga Drain|p1a: Gholdengo
|-damage|p1a: Gholdengo|0 fnt
|-heal|p2a: Venusaur|48/100|[from] drain|[of] p1a: Gholdengo
|faint|p1a: Gholdengo
|-damage|p2a: Venusaur|38/100|[from] item: Life Orb
|
|-weather|SunnyDay|[upkeep]
|upkeep
|
|t:|1760300128
|switch|p1a: Kingambit|Kingambit, M|100/100
|-damage|p1a: Kingambit|94/100|[from] Stealth Rock
|-activate|p1a: Kingambit|ability: Supreme Overlord
|-start|p1a: Kingambit|fallen3|[silent]
|turn|14
|
|t:|1760300131
|move|p1a: Kingambit|Sucker Punch|p2a: Venusaur
|-damage|p2a: Venusaur|0 fnt
|faint|p2a: Venusaur
|
|-weather|SunnyDay|[upkeep]
|upkeep
|
|t:|1760300135
|switch|p2a: Raging Bolt|Raging Bolt|100/100
|-activate|p2a: Raging Bolt|ability: Protosynthesis
|-start|p2a: Raging Bolt|protosynthesisspa
|turn|15
|
|t:|1760300141
|move|p2a: Raging Bolt|Weather Ball|p1a: Kingambit
|-supereffective|p1a: Kingambit
|-damage|p1a: Kingambit|0 fnt
|faint|p1a: Kingambit
|-end|p1a: Kingambit|fallen3|[silent]
|-damage|p2a: Raging Bolt|91/100|[from] item: Life Orb
|
|-weather|SunnyDay|[upkeep]
|upkeep
|
|t:|1760300144
|switch|p1a: Gliscor|Gliscor, F|87/100 tox
|-damage|p1a: Gliscor|75/100 tox|[from] Stealth Rock
|turn|16
|
|t:|1760300147
|move|p1a: Gliscor|Toxic|p2a: Raging Bolt
|-status|p2a: Raging Bolt|tox
|move|p2a: Raging Bolt|Weather Ball|p1a: Gliscor
|-damage|p1a: Gliscor|0 fnt
|faint|p1a: Gliscor
|-damage|p2a: Raging Bolt|81/100 tox|[from] item: Life Orb
|
|-weather|SunnyDay|[upkeep]
|-damage|p2a: Raging Bolt|74/100 tox|[from] psn
|upkeep
|c|☆Alex_F2B|gg
|c|☆Yelo_Galaxy|gg
|-message|Alex_F2B forfeited.
|
|win|Yelo_Galaxy
|raw|Alex_F2B's rating: 1516 &rarr; <strong>1494</strong><br />(-22 for losing)
|raw|Yelo_Galaxy's rating: 1484 &rarr; <strong>1506</strong><br />(+22 for winning)
|l|☆Alex_F2B
|player|p1|
|l|☆Yelo_Galaxy
|player|p2|
