|j|☆ErroDeDigitacao
|j|☆cr aries
|t:|1760388096
|gametype|singles
|player|p1|ErroDeDigitacao|265|1594
|player|p2|cr aries|170|1502
|gen|9
|tier|[Gen 9] OU
|rated|
|rule|HP Percentage Mod: HP is shown in percentages
|rule|Endless Battle Clause: Forcing endless battles is banned
|rule|Species Clause: Limit one of each Pokémon
|rule|OHKO Clause: OHKO moves are banned
|rule|Evasion Items Clause: Evasion items are banned
|rule|Evasion Moves Clause: Evasion moves are banned
|rule|Evasion Abilities Clause: Evasion abilities are banned
|rule|Sleep Moves Clause: Sleep-inducing moves are banned
|clearpoke
|poke|p1|Iron Crown|
|poke|p1|Primarina, M|
|poke|p1|Great Tusk|
|poke|p1|Alomomola, F|
|poke|p1|Scizor, F|
|poke|p1|Dragonite, M|
|poke|p2|Weavile, M|
|poke|p2|Gholdengo|
|poke|p2|Slowking-Galar, F|
|poke|p2|Corviknight, M|
|poke|p2|Sandy Shocks|
|poke|p2|Heatran, F|
|teampreview
|inactive|Battle timer is ON: inactive players will automatically lose when time's up. (requested by ErroDeDigitacao)
|
|t:|1760388109
|teamsize|p1|6
|teamsize|p2|6
|start
|switch|p1a: Primarina|Primarina, M|100/100
|switch|p2a: Weavile|Weavile, M|100/100
|turn|1
|
|t:|1760388132
|switch|p2a: Corviknight|Corviknight, M|100/100
|-ability|p2a: Corviknight|Pressure
|move|p1a: Primarina|Flip Turn|p2a: Corviknight
|-damage|p2a: Corviknight|92/100
|-damage|p1a: Primarina|84/100|[from] item: Rocky Helmet|[of] p2a: Corviknight
|
|t:|1760388139
|switch|p1a: Iron Crown|Iron Crown|100/100|[from] Flip Turn
|
|upkeep
|turn|2
|
|t:|1760388143
|switch|p2a: Slowking|Slowking-Galar, F|100/100
|move|p1a: Iron Crown|Tachyon Cutter|p2a: Slowking
|-damage|p2a: Slowking|77/100
|-damage|p2a: Slowking|54/100
|-hitcount|p2a: Slowking|2
|
|upkeep
|turn|3
|
|t:|1760388145
|move|p1a: Iron Crown|Tachyon Cutter|p2a: Slowking
|-damage|p2a: Slowking|33/100
|-damage|p2a: Slowking|11/100
|-hitcount|p2a: Slowking|2
|-prepare|p2a: Slowking|Chilly Reception|[premajor]
|move|p2a: Slowking|Chilly Reception|p2a: Slowking
|-weather|Snowscape
|
|t:|1760388148
|switch|p2a: Heatran|Heatran, F|100/100|[from] Chilly Reception
|
|-weather|Snowscape|[upkeep]
|upkeep
|turn|4
|
|t:|1760388153
|-end|p1a: Iron Crown|Quark Drive|[silent]
|switch|p1a: Primarina|Primarina, M|84/100
|move|p2a: Heatran|Magma Storm|p1a: Primarina|[miss]
|-miss|p2a: Heatran|p1a: Primarina
|
|-weather|Snowscape|[upkeep]
|upkeep
|turn|5
|
|t:|1760388158
|move|p2a: Heatran|Protect|p2a: Heatran
|-singleturn|p2a: Heatran|Protect
|move|p1a: Primarina|Surf|p2a: Heatran
|-activate|p2a: Heatran|move: Protect
|
|-weather|Snowscape|[upkeep]
|upkeep
|turn|6
|
|t:|1760388168
|move|p1a: Primarina|Flip Turn|p2a: Heatran
|-supereffective|p2a: Heatran
|-damage|p2a: Heatran|80/100
|
|t:|1760388172
|switch|p1a: Iron Crown|Iron Crown|100/100|[from] Flip Turn
|move|p2a: Heatran|Stealth Rock|p1a: Iron Crown
|-sidestart|p1: ErroDeDigitacao|move: Stealth Rock
|
|-weather|Snowscape|[upkeep]
|-heal|p2a: Heatran|87/100|[from] item: Leftovers
|upkeep
|turn|7
|
|t:|1760388177
|move|p2a: Heatran|Protect|p2a: Heatran
|-singleturn|p2a: Heatran|Protect
|move|p1a: Iron Crown|Volt Switch|p2a: Heatran
|-activate|p2a: Heatran|move: Protect
|
|-weather|none
|-heal|p2a: Heatran|93/100|[from] item: Leftovers
|upkeep
|turn|8
|
|t:|1760388184
|-end|p1a: Iron Crown|Quark Drive|[silent]
|switch|p1a: Great Tusk|Great Tusk|100/100
|move|p2a: Heatran|Magma Storm|p1a: Great Tusk|[miss]
|-miss|p2a: Heatran|p1a: Great Tusk
|
|-heal|p2a: Heatran|99/100|[from] item: Leftovers
|upkeep
|turn|9
|
|t:|1760388188
|switch|p2a: Corviknight|Corviknight, M|92/100
|-ability|p2a: Corviknight|Pressure
|move|p1a: Great Tusk|Stealth Rock|p2a: Corviknight
|-sidestart|p2: cr aries|move: Stealth Rock
|
|upkeep
|turn|10
|
|t:|1760388192
|-end|p1a: Great Tusk|Protosynthesis|[silent]
|switch|p1a: Iron Crown|Iron Crown|100/100
|-damage|p1a: Iron Crown|94/100|[from] Stealth Rock
|move|p2a: Corviknight|Defog|p1a: Iron Crown
|-unboost|p1a: Iron Crown|evasion|1
|-sideend|p1: ErroDeDigitacao|Stealth Rock|[from] move: Defog|[of] p2a: Corviknight
|-sideend|p2: cr aries|Stealth Rock|[from] move: Defog|[of] p2a: Corviknight
|
|upkeep
|turn|11
|
|t:|1760388197
|switch|p2a: Slowking|Slowking-Galar, F|44/100
|move|p1a: Iron Crown|Volt Switch|p2a: Slowking
|-damage|p2a: Slowking|23/100
|
|t:|1760388201
|-end|p1a: Iron Crown|Quark Drive|[silent]
|switch|p1a: Scizor|Scizor, F|100/100|[from] Volt Switch
|
|upkeep
|turn|12
|
|t:|1760388208
|switch|p2a: Gholdengo|Gholdengo|100/100
|move|p1a: Scizor|Close Combat|p2a: Gholdengo
|-immune|p2a: Gholdengo
|
|upkeep
|turn|13
|
|t:|1760388213
|switch|p1a: Alomomola|Alomomola, F|100/100
|move|p2a: Gholdengo|Shadow Ball|p1a: Alomomola
|-damage|p1a: Alomomola|57/100
|-unboost|p1a: Alomomola|spd|1
|
|upkeep
|turn|14
|
|t:|1760388216
|move|p1a: Alomomola|Protect|p1a: Alomomola
|-singleturn|p1a: Alomomola|Protect
|move|p2a: Gholdengo|Shadow Ball|p1a: Alomomola
|-activate|p1a: Alomomola|move: Protect
|
|upkeep
|turn|15
|
|t:|1760388219
|switch|p1a: Primarina|Primarina, M|84/100
|move|p2a: Gholdengo|Shadow Ball|p1a: Primarina
|-damage|p1a: Primarina|61/100
|-unboost|p1a: Primarina|spd|1
|
|upkeep
|turn|16
|
|t:|1760388223
|move|p2a: Gholdengo|Shadow Ball|p1a: Primarina
|-damage|p1a: Primarina|25/100
|-unboost|p1a: Primarina|spd|1
|move|p1a: Primarina|Surf|p2a: Gholdengo
|-damage|p2a: Gholdengo|30/100
|
|upkeep
|turn|17
|
|t:|1760388231
|switch|p1a: Alomomola|Alomomola, F|90/100
|move|p2a: Gholdengo|Shadow Ball|p1a: Alomomola
|-damage|p1a: Alomomola|50/100
|
|upkeep
|turn|18
|
|t:|1760388235
|move|p2a: Gholdengo|Recover|p2a: Gholdengo
|-heal|p2a: Gholdengo|80/100
|move|p1a: Alomomola|Flip Turn|p2a: Gholdengo
|-damage|p2a: Gholdengo|70/100
|
|t:|1760388238
|switch|p1a: Great Tusk|Great Tusk|100/100|[from] Flip Turn
|
|upkeep
|turn|19
|
|t:|1760388242
|switch|p2a: Corviknight|Corviknight, M|92/100
|-ability|p2a: Corviknight|Pressure
|move|p1a: Great Tusk|Headlong Rush|p2a: Corviknight
|-immune|p2a: Corviknight
|
|upkeep
|turn|20
|
|t:|1760388246
|-end|p1a: Great Tusk|Protosynthesis|[silent]
|switch|p1a: Iron Crown|Iron Crown|94/100
|move|p2a: Corviknight|Brave Bird|p1a: Iron Crown
|-resisted|p1a: Iron Crown
|-damage|p1a: Iron Crown|75/100
|-damage|p2a: Corviknight|87/100|[from] Recoil
|
|upkeep
|turn|21
|
|t:|1760388251
|switch|p2a: Heatran|Heatran, F|99/100
|move|p1a: Iron Crown|Volt Switch|p2a: Heatran
|-crit|p2a: Heatran
|-damage|p2a: Heatran|57/100
|
|t:|1760388257
|-end|p1a: Iron Crown|Quark Drive|[silent]
|switch|p1a: Dragonite|Dragonite, M|100/100|[from] Volt Switch
|
|-heal|p2a: Heatran|63/100|[from] item: Leftovers
|upkeep
|turn|22
|
|t:|1760388259
|switch|p2a: Corviknight|Corviknight, M|87/100
|-ability|p2a: Corviknight|Pressure
|move|p1a: Dragonite|Dragon Dance|p1a: Dragonite
|-boost|p1a: Dragonite|atk|1
|-boost|p1a: Dragonite|spe|1
|
|upkeep
|turn|23
|
|t:|1760388262
|move|p1a: Dragonite|Dragon Dance|p1a: Dragonite
|-boost|p1a: Dragonite|atk|1
|-boost|p1a: Dragonite|spe|1
|move|p2a: Corviknight|Brave Bird|p1a: Dragonite
|-damage|p1a: Dragonite|79/100
|-damage|p2a: Corviknight|81/100|[from] Recoil
|
|upkeep
|turn|24
|
|t:|1760388266
|move|p1a: Dragonite|Dragon Dance|p1a: Dragonite
|-boost|p1a: Dragonite|atk|1
|-boost|p1a: Dragonite|spe|1
|move|p2a: Corviknight|Brave Bird|p1a: Dragonite
|-damage|p1a: Dragonite|37/100
|-damage|p2a: Corviknight|70/100|[from] Recoil
|
|upkeep
|turn|25
|
|t:|1760388269
|move|p1a: Dragonite|Roost|p1a: Dragonite
|-heal|p1a: Dragonite|87/100
|-singleturn|p1a: Dragonite|move: Roost
|move|p2a: Corviknight|Roost|p2a: Corviknight
|-heal|p2a: Corviknight|100/100
|-singleturn|p2a: Corviknight|move: Roost
|
|upkeep
|turn|26
|
|t:|1760388272
|move|p1a: Dragonite|Dragon Dance|p1a: Dragonite
|-boost|p1a: Dragonite|atk|1
|-boost|p1a: Dragonite|spe|1
|move|p2a: Corviknight|Brave Bird|p1a: Dragonite
|-damage|p1a: Dragonite|47/100
|-damage|p2a: Corviknight|89/100|[from] Recoil
|
|upkeep
|turn|27
|
|t:|1760388274
|move|p1a: Dragonite|Roost|p1a: Dragonite
|-heal|p1a: Dragonite|97/100
|-singleturn|p1a: Dragonite|move: Roost
|move|p2a: Corviknight|Brave Bird|p1a: Dragonite
|-damage|p1a: Dragonite|58/100
|-damage|p2a: Corviknight|79/100|[from] Recoil
|
|upkeep
|turn|28
|
|t:|1760388277
|move|p1a: Dragonite|Roost|p1a: Dragonite
|-heal|p1a: Dragonite|100/100
|-singleturn|p1a: Dragonite|move: Roost
|move|p2a: Corviknight|Brave Bird|p1a: Dragonite
|-damage|p1a: Dragonite|79/100
|-damage|p2a: Corviknight|73/100|[from] Recoil
|
|upkeep
|turn|29
|
|t:|1760388279
|move|p1a: Dragonite|Dragon Dance|p1a: Dragonite
|-boost|p1a: Dragonite|atk|1
|-boost|p1a: Dragonite|spe|1
|move|p2a: Corviknight|Brave Bird|p1a: Dragonite
|-damage|p1a: Dragonite|35/100
|-damage|p2a: Corviknight|62/100|[from] Recoil
|
|upkeep
|turn|30
|
|t:|1760388282
|move|p1a: Dragonite|Roost|p1a: Dragonite
|-heal|p1a: Dragonite|86/100
|-singleturn|p1a: Dragonite|move: Roost
|move|p2a: Corviknight|Brave Bird|p1a: Dragonite
|-damage|p1a: Dragonite|41/100
|-damage|p2a: Corviknight|50/100|[from] Recoil
|
|upkeep
|turn|31
|
|t:|1760388284
|move|p1a: Dragonite|Roost|p1a: Dragonite
|-heal|p1a: Dragonite|91/100
|-singleturn|p1a: Dragonite|move: Roost
|move|p2a: Corviknight|Roost|p2a: Corviknight
|-heal|p2a: Corviknight|99/100
|-singleturn|p2a: Corviknight|move: Roost
|
|upkeep
|turn|32
|
|t:|1760388294
|move|p1a: Dragonite|Roost|p1a: Dragonite
|-heal|p1a: Dragonite|100/100
|-singleturn|p1a: Dragonite|move: Roost
|move|p2a: Corviknight|Brave Bird|p1a: Dragonite
|-damage|p1a: Dragonite|79/100
|-damage|p2a: Corviknight|94/100|[from] Recoil
|
|upkeep
|turn|33
|
|t:|1760388300
|move|p1a: Dragonite|Dragon Dance|p1a: Dragonite
|-boost|p1a: Dragonite|atk|1
|-boost|p1a: Dragonite|spe|1
|move|p2a: Corviknight|U-turn|p1a: Dragonite
|-resisted|p1a: Dragonite
|-damage|p1a: Dragonite|71/100
|
|t:|1760388302
|switch|p2a: Weavile|Weavile, M|100/100|[from] U-turn
|
|upkeep
|turn|34
|
|t:|1760388305
|switch|p2a: Gholdengo|Gholdengo|70/100
|-terastallize|p1a: Dragonite|Flying
|move|p1a: Dragonite|Tera Blast|p2a: Gholdengo|[anim] Tera Blast Flying
|-resisted|p2a: Gholdengo
|-damage|p2a: Gholdengo|0 fnt
|faint|p2a: Gholdengo
|
|upkeep
|
|t:|1760388319
|switch|p2a: Corviknight|Corviknight, M|94/100
|-ability|p2a: Corviknight|Pressure
|turn|35
|
|t:|1760388323
|move|p1a: Dragonite|Tera Blast|p2a: Corviknight|[anim] Tera Blast Flying
|-resisted|p2a: Corviknight
|-damage|p2a: Corviknight|30/100
|move|p2a: Corviknight|Brave Bird|p1a: Dragonite
|-damage|p1a: Dragonite|27/100
|-damage|p2a: Corviknight|18/100|[from] Recoil
|
|upkeep
|turn|36
|
|t:|1760388328
|move|p1a: Dragonite|Roost|p1a: Dragonite
|-heal|p1a: Dragonite|77/100
|-hint|If a Terastallized Pokemon uses Roost, it remains Flying-type.
|move|p2a: Corviknight|Brave Bird|p1a: Dragonite
|-damage|p1a: Dragonite|35/100
|-damage|p2a: Corviknight|7/100|[from] Recoil
|
|upkeep
|turn|37
|
|t:|1760388332
|move|p1a: Dragonite|Roost|p1a: Dragonite
|-heal|p1a: Dragonite|85/100
|-hint|If a Terastallized Pokemon uses Roost, it remains Flying-type.
|move|p2a: Corviknight|Brave Bird|p1a: Dragonite
|-damage|p1a: Dragonite|48/100
|-damage|p2a: Corviknight|0 fnt|[from] Recoil
|faint|p2a: Corviknight
|
|upkeep
|
|t:|1760388334
|switch|p2a: Weavile|Weavile, M|100/100
|turn|38
|
|t:|1760388335
|move|p2a: Weavile|Ice Shard|p1a: Dragonite
|-supereffective|p1a: Dragonite
|-damage|p1a: Dragonite|5/100
|move|p1a: Dragonite|Tera Blast|p2a: Weavile|[anim] Tera Blast Flying
|-damage|p2a: Weavile|0 fnt
|faint|p2a: Weavile
|
|upkeep
|-message|cr aries forfeited.
|
|win|ErroDeDigitacao
|raw|ErroDeDigitacao's rating: 1594 &rarr; <strong>1609</strong><br />(+15 for winning)
|raw|cr aries's rating: 1502 &rarr; <strong>1487</strong><br />(-15 for losing)
|l|☆cr aries
|player|p2|
