|j|☆Arcadia Dominus
|j|☆Semelene3
|t:|1760436213
|gametype|singles
|player|p1|Arcadia Dominus|red-masters2|1568
|player|p2|Semelene3|pokemonrangerf-gen4|1533
|gen|9
|tier|[Gen 9] OU
|rated|
|rule|HP Percentage Mod: HP is shown in percentages
|rule|Endless Battle Clause: Forcing endless battles is banned
|rule|Species Clause: Limit one of each Pokémon
|rule|OHKO Clause: OHKO moves are banned
|rule|Evasion Items Clause: Evasion items are banned
|rule|Evasion Moves Clause: Evasion moves are banned
|rule|Evasion Abilities Clause: Evasion abilities are banned
|rule|Sleep Moves Clause: Sleep-inducing moves are banned
|clearpoke
|poke|p1|Rillaboom, M|
|poke|p1|Hawlucha, M|
|poke|p1|Gholdengo|
|poke|p1|Manaphy|
|poke|p1|Ursaluna, M|
|poke|p1|Raging Bolt|
|poke|p2|Pelipper, F|
|poke|p2|Barraskewda, M|
|poke|p2|Zapdos|
|poke|p2|Corviknight, M|
|poke|p2|Clodsire, M|
|poke|p2|Incineroar, M|
|teampreview
|inactive|Battle timer is ON: inactive players will automatically lose when time's up. (requested by Arcadia Dominus)
|
|t:|1760436226
|teamsize|p1|6
|teamsize|p2|6
|start
|switch|p1a: The Domain|Rillaboom, M, shiny|100/100
|switch|p2a: Pelipper|Pelipper, F|100/100
|-fieldstart|move: Grassy Terrain|[from] ability: Grassy Surge|[of] p1a: The Domain
|-weather|RainDance|[from] ability: Drizzle|[of] p2a: Pelipper
|turn|1
|
|t:|1760436238
|switch|p1a: The Monolith|Raging Bolt|100/100
|-enditem|p1a: The Monolith|Grassy Seed
|-boost|p1a: The Monolith|def|1|[from] item: Grassy Seed
|move|p2a: Pelipper|Hurricane|p1a: The Monolith
|-resisted|p1a: The Monolith
|-crit|p1a: The Monolith
|-damage|p1a: The Monolith|78/100
|
|-weather|RainDance|[upkeep]
|-heal|p1a: The Monolith|84/100|[from] Grassy Terrain
|upkeep
|turn|2
|
|t:|1760436241
|switch|p2a: Clodsire|Clodsire, M|100/100
|move|p1a: The Monolith|Calm Mind|p1a: The Monolith
|-boost|p1a: The Monolith|spa|1
|-boost|p1a: The Monolith|spd|1
|
|-weather|RainDance|[upkeep]
|-heal|p1a: The Monolith|90/100|[from] Grassy Terrain
|upkeep
|turn|3
|
|t:|1760436248
|move|p1a: The Monolith|Calm Mind|p1a: The Monolith
|-boost|p1a: The Monolith|spa|1
|-boost|p1a: The Monolith|spd|1
|move|p2a: Clodsire|Toxic|p1a: The Monolith
|-status|p1a: The Monolith|tox
|
|-weather|RainDance|[upkeep]
|-heal|p1a: The Monolith|96/100 tox|[from] Grassy Terrain
|-damage|p1a: The Monolith|90/100 tox|[from] psn
|upkeep
|turn|4
|
|t:|1760436253
|move|p1a: The Monolith|Dragon Pulse|p2a: Clodsire
|-damage|p2a: Clodsire|48/100
|move|p2a: Clodsire|Recover|p2a: Clodsire
|-heal|p2a: Clodsire|98/100
|
|-weather|RainDance|[upkeep]
|-heal|p1a: The Monolith|96/100 tox|[from] Grassy Terrain
|-heal|p2a: Clodsire|100/100|[from] Grassy Terrain
|-damage|p1a: The Monolith|84/100 tox|[from] psn
|upkeep
|turn|5
|
|t:|1760436261
|move|p1a: The Monolith|Calm Mind|p1a: The Monolith
|-boost|p1a: The Monolith|spa|1
|-boost|p1a: The Monolith|spd|1
|move|p2a: Clodsire|Earthquake|p1a: The Monolith
|-supereffective|p1a: The Monolith
|-damage|p1a: The Monolith|68/100 tox
|
|-weather|RainDance|[upkeep]
|-heal|p1a: The Monolith|74/100 tox|[from] Grassy Terrain
|-damage|p1a: The Monolith|55/100 tox|[from] psn
|upkeep
|turn|6
|
|t:|1760436273
|move|p1a: The Monolith|Calm Mind|p1a: The Monolith
|-boost|p1a: The Monolith|spa|1
|-boost|p1a: The Monolith|spd|1
|move|p2a: Clodsire|Recover||[still]
|-fail|p2a: Clodsire|heal
|
|-weather|RainDance|[upkeep]
|-heal|p1a: The Monolith|61/100 tox|[from] Grassy Terrain
|-damage|p1a: The Monolith|37/100 tox|[from] psn
|upkeep
|turn|7
|
|t:|1760436280
|move|p1a: The Monolith|Dragon Pulse|p2a: Clodsire
|-damage|p2a: Clodsire|26/100
|move|p2a: Clodsire|Recover|p2a: Clodsire
|-heal|p2a: Clodsire|76/100
|
|-weather|RainDance|[upkeep]
|-heal|p1a: The Monolith|43/100 tox|[from] Grassy Terrain
|-heal|p2a: Clodsire|82/100|[from] Grassy Terrain
|-heal|p2a: Clodsire|88/100|[from] item: Leftovers
|-damage|p1a: The Monolith|12/100 tox|[from] psn
|upkeep
|turn|8
|
|t:|1760436286
|move|p1a: The Monolith|Dragon Pulse|p2a: Clodsire
|-damage|p2a: Clodsire|8/100
|move|p2a: Clodsire|Recover|p2a: Clodsire
|-heal|p2a: Clodsire|58/100
|
|-weather|none
|-heal|p1a: The Monolith|18/100 tox|[from] Grassy Terrain
|-heal|p2a: Clodsire|64/100|[from] Grassy Terrain
|-heal|p2a: Clodsire|70/100|[from] item: Leftovers
|-damage|p1a: The Monolith|0 fnt|[from] psn
|faint|p1a: The Monolith
|-end|p1a: The Monolith|Protosynthesis|[silent]
|-fieldend|move: Grassy Terrain
|upkeep
|
|t:|1760436291
|switch|p1a: The Domain|Rillaboom, M, shiny|100/100
|-fieldstart|move: Grassy Terrain|[from] ability: Grassy Surge|[of] p1a: The Domain
|turn|9
|
|t:|1760436297
|switch|p2a: Pelipper|Pelipper, F|100/100
|-weather|RainDance|[from] ability: Drizzle|[of] p2a: Pelipper
|move|p1a: The Domain|Swords Dance|p1a: The Domain
|-boost|p1a: The Domain|atk|2
|
|-weather|RainDance|[upkeep]
|upkeep
|turn|10
|
|t:|1760436310
|switch|p2a: Incineroar|Incineroar, M, shiny|100/100
|-ability|p2a: Incineroar|Intimidate|boost
|-unboost|p1a: The Domain|atk|1
|-terastallize|p1a: The Domain|Grass
|move|p1a: The Domain|Grassy Glide|p2a: Incineroar
|-resisted|p2a: Incineroar
|-crit|p2a: Incineroar
|-damage|p2a: Incineroar|59/100
|
|-weather|RainDance|[upkeep]
|-heal|p2a: Incineroar|65/100|[from] Grassy Terrain
|upkeep
|turn|11
|
|t:|1760436319
|switch|p1a: The Deceiver|Manaphy, shiny|100/100
|-enditem|p1a: The Deceiver|Grassy Seed
|-boost|p1a: The Deceiver|def|1|[from] item: Grassy Seed
|-terastallize|p2a: Incineroar|Grass
|move|p2a: Incineroar|Will-O-Wisp|p1a: The Deceiver
|-status|p1a: The Deceiver|brn
|
|-weather|RainDance|[upkeep]
|-activate|p1a: The Deceiver|ability: Hydration
|-curestatus|p1a: The Deceiver|brn|[msg]
|-heal|p2a: Incineroar|71/100|[from] Grassy Terrain
|upkeep
|turn|12
|
|t:|1760436324
|move|p1a: The Deceiver|Tail Glow|p1a: The Deceiver
|-boost|p1a: The Deceiver|spa|3
|move|p2a: Incineroar|Parting Shot|p1a: The Deceiver
|-unboost|p1a: The Deceiver|atk|1
|-unboost|p1a: The Deceiver|spa|1
|
|t:|1760436327
|switch|p2a: Zapdos|Zapdos, shiny|100/100|[from] Parting Shot
|
|-weather|RainDance|[upkeep]
|upkeep
|turn|13
|
|t:|1760436333
|move|p2a: Zapdos|Volt Switch|p1a: The Deceiver
|-supereffective|p1a: The Deceiver
|-damage|p1a: The Deceiver|37/100
|
|t:|1760436339
|switch|p2a: Clodsire|Clodsire, M|70/100|[from] Volt Switch
|move|p1a: The Deceiver|Surf|p2a: Clodsire
|-heal|p2a: Clodsire|95/100|[from] ability: Water Absorb|[of] p1a: The Deceiver
|
|-weather|RainDance|[upkeep]
|-heal|p1a: The Deceiver|43/100|[from] Grassy Terrain
|-heal|p2a: Clodsire|100/100|[from] Grassy Terrain
|upkeep
|turn|14
|
|t:|1760436345
|move|p1a: The Deceiver|Tail Glow|p1a: The Deceiver
|-boost|p1a: The Deceiver|spa|3
|move|p2a: Clodsire|Earthquake|p1a: The Deceiver
|-damage|p1a: The Deceiver|35/100
|
|-weather|RainDance|[upkeep]
|-heal|p1a: The Deceiver|41/100|[from] Grassy Terrain
|upkeep
|turn|15
|
|t:|1760436351
|move|p1a: The Deceiver|Energy Ball|p2a: Clodsire
|-damage|p2a: Clodsire|26/100
|move|p2a: Clodsire|Stealth Rock|p1a: The Deceiver
|-sidestart|p1: Arcadia Dominus|move: Stealth Rock
|
|-weather|RainDance|[upkeep]
|-heal|p1a: The Deceiver|48/100|[from] Grassy Terrain
|-heal|p2a: Clodsire|32/100|[from] Grassy Terrain
|-heal|p2a: Clodsire|39/100|[from] item: Leftovers
|upkeep
|turn|16
|
|t:|1760436357
|move|p1a: The Deceiver|Energy Ball|p2a: Clodsire
|-damage|p2a: Clodsire|0 fnt
|faint|p2a: Clodsire
|
|-weather|none
|-heal|p1a: The Deceiver|54/100|[from] Grassy Terrain
|-fieldend|move: Grassy Terrain
|upkeep
|
|t:|1760436361
|switch|p2a: Zapdos|Zapdos, shiny|100/100
|turn|17
|
|t:|1760436369
|move|p2a: Zapdos|Volt Switch|p1a: The Deceiver
|-supereffective|p1a: The Deceiver
|-damage|p1a: The Deceiver|0 fnt
|faint|p1a: The Deceiver
|
|t:|1760436372
|switch|p2a: Pelipper|Pelipper, F|100/100|[from] Volt Switch
|-weather|RainDance|[from] ability: Drizzle|[of] p2a: Pelipper
|
|-weather|RainDance|[upkeep]
|upkeep
|
|t:|1760436374
|switch|p1a: The Domain|Rillaboom, M, shiny, tera:Grass|100/100
|-damage|p1a: The Domain|88/100|[from] Stealth Rock
|-fieldstart|move: Grassy Terrain|[from] ability: Grassy Surge|[of] p1a: The Domain
|turn|18
|
|t:|1760436384
|switch|p1a: The Bear|Ursaluna, M|100/100
|-damage|p1a: The Bear|94/100|[from] Stealth Rock
|-enditem|p1a: The Bear|Grassy Seed
|-boost|p1a: The Bear|def|1|[from] item: Grassy Seed
|move|p2a: Pelipper|Hurricane|p1a: The Bear
|-damage|p1a: The Bear|70/100
|-start|p1a: The Bear|confusion
|
|-weather|RainDance|[upkeep]
|-heal|p1a: The Bear|76/100|[from] Grassy Terrain
|upkeep
|turn|19
|
|t:|1760436388
|-activate|p1a: The Bear|confusion
|move|p1a: The Bear|Swords Dance|p1a: The Bear
|-boost|p1a: The Bear|atk|2
|move|p2a: Pelipper|Weather Ball|p1a: The Bear
|-immune|p1a: The Bear|[from] ability: Bulletproof
|
|-weather|RainDance|[upkeep]
|-heal|p1a: The Bear|82/100|[from] Grassy Terrain
|upkeep
|turn|20
|inactive|Semelene3 has 120 seconds left.
|
|t:|1760436423
|-activate|p1a: The Bear|confusion
|-damage|p1a: The Bear|70/100|[from] confusion
|move|p2a: Pelipper|U-turn|p1a: The Bear
|-damage|p1a: The Bear|65/100
|
|t:|1760436426
|switch|p2a: Barraskewda|Barraskewda, M|100/100|[from] U-turn
|
|-weather|RainDance|[upkeep]
|-heal|p1a: The Bear|71/100|[from] Grassy Terrain
|upkeep
|turn|21
|
|t:|1760436443
|move|p2a: Barraskewda|Liquidation|p1a: The Bear
|-supereffective|p1a: The Bear
|-damage|p1a: The Bear|0 fnt
|faint|p1a: The Bear
|
|-weather|RainDance|[upkeep]
|upkeep
|
|t:|1760436451
|switch|p1a: The Domain|Rillaboom, M, shiny, tera:Grass|88/100
|-damage|p1a: The Domain|76/100|[from] Stealth Rock
|turn|22
|
|t:|1760436455
|switch|p2a: Incineroar|Incineroar, M, shiny, tera:Grass|71/100
|-ability|p2a: Incineroar|Intimidate|boost
|-unboost|p1a: The Domain|atk|1
|move|p1a: The Domain|Swords Dance|p1a: The Domain
|-boost|p1a: The Domain|atk|2
|
|-weather|RainDance|[upkeep]
|-heal|p1a: The Domain|82/100|[from] Grassy Terrain
|-heal|p2a: Incineroar|77/100|[from] Grassy Terrain
|upkeep
|turn|23
|
|t:|1760436466
|switch|p1a: The Gholden Shower|Gholdengo|100/100
|-damage|p1a: The Gholden Shower|94/100|[from] Stealth Rock
|-enditem|p1a: The Gholden Shower|Grassy Seed
|-boost|p1a: The Gholden Shower|def|1|[from] item: Grassy Seed
|move|p2a: Incineroar|Will-O-Wisp|p1a: The Gholden Shower
|-immune|p1a: The Gholden Shower|[from] ability: Good as Gold
|
|-weather|RainDance|[upkeep]
|-heal|p1a: The Gholden Shower|100/100|[from] Grassy Terrain
|-heal|p2a: Incineroar|83/100|[from] Grassy Terrain
|upkeep
|turn|24
|
|t:|1760436468
|move|p1a: The Gholden Shower|Nasty Plot|p1a: The Gholden Shower
|-boost|p1a: The Gholden Shower|spa|2
|move|p2a: Incineroar|Knock Off|p1a: The Gholden Shower
|-supereffective|p1a: The Gholden Shower
|-damage|p1a: The Gholden Shower|69/100
|
|-weather|none
|-heal|p1a: The Gholden Shower|75/100|[from] Grassy Terrain
|-heal|p2a: Incineroar|89/100|[from] Grassy Terrain
|upkeep
|turn|25
|
|t:|1760436483
|switch|p2a: Pelipper|Pelipper, F|100/100
|-weather|RainDance|[from] ability: Drizzle|[of] p2a: Pelipper
|move|p1a: The Gholden Shower|Shadow Ball|p2a: Pelipper
|-damage|p2a: Pelipper|0 fnt
|faint|p2a: Pelipper
|
|-weather|RainDance|[upkeep]
|-heal|p1a: The Gholden Shower|81/100|[from] Grassy Terrain
|-fieldend|move: Grassy Terrain
|upkeep
|
|t:|1760436490
|switch|p2a: Barraskewda|Barraskewda, M|100/100
|turn|26
|
|t:|1760436494
|move|p2a: Barraskewda|Liquidation|p1a: The Gholden Shower
|-damage|p1a: The Gholden Shower|9/100
|move|p1a: The Gholden Shower|Shadow Ball|p2a: Barraskewda
|-damage|p2a: Barraskewda|0 fnt
|faint|p2a: Barraskewda
|
|-weather|RainDance|[upkeep]
|upkeep
|
|t:|1760436500
|switch|p2a: Zapdos|Zapdos, shiny|100/100
|turn|27
|
|t:|1760436507
|move|p2a: Zapdos|Weather Ball|p1a: The Gholden Shower
|-damage|p1a: The Gholden Shower|0 fnt
|faint|p1a: The Gholden Shower
|
|-weather|RainDance|[upkeep]
|upkeep
|
|t:|1760436510
|switch|p1a: The Domain|Rillaboom, M, shiny, tera:Grass|82/100
|-damage|p1a: The Domain|70/100|[from] Stealth Rock
|-fieldstart|move: Grassy Terrain|[from] ability: Grassy Surge|[of] p1a: The Domain
|turn|28
|
|t:|1760436515
|move|p2a: Zapdos|Hurricane|p1a: The Domain
|-supereffective|p1a: The Domain
|-damage|p1a: The Domain|0 fnt
|faint|p1a: The Domain
|
|-weather|RainDance|[upkeep]
|upkeep
|-message|Arcadia Dominus forfeited.
|
|win|Semelene3
|raw|Arcadia Dominus's rating: 1568 &rarr; <strong>1546</strong><br />(-22 for losing)
|raw|Semelene3's rating: 1533 &rarr; <strong>1555</strong><br />(+22 for winning)
|l|☆Arcadia Dominus
|player|p1|
|l|☆Semelene3
|player|p2|
