|j|☆marching_cubes
|j|☆CAZSYZ
|t:|1760416744
|gametype|singles
|player|p1|marching_cubes|169|1472
|player|p2|CAZSYZ|lady|1437
|gen|9
|tier|[Gen 9] OU
|rated|
|rule|HP Percentage Mod: HP is shown in percentages
|rule|Endless Battle Clause: Forcing endless battles is banned
|rule|Species Clause: Limit one of each Pokémon
|rule|OHKO Clause: OHKO moves are banned
|rule|Evasion Items Clause: Evasion items are banned
|rule|Evasion Moves Clause: Evasion moves are banned
|rule|Evasion Abilities Clause: Evasion abilities are banned
|rule|Sleep Moves Clause: Sleep-inducing moves are banned
|clearpoke
|poke|p1|Wo-Chien|
|poke|p1|Gholdengo|
|poke|p1|Garchomp, F|
|poke|p1|Iron Treads|
|poke|p1|Dragapult, F|
|poke|p1|Scizor, F|
|poke|p2|Charizard, F|
|poke|p2|Torkoal, F|
|poke|p2|Hatterene, F|
|poke|p2|Great Tusk|
|poke|p2|Lilligant-Hisui, F|
|poke|p2|Walking Wake|
|teampreview
|inactive|Battle timer is ON: inactive players will automatically lose when time's up. (requested by CAZSYZ)
|
|t:|1760416753
|teamsize|p1|6
|teamsize|p2|6
|start
|switch|p1a: Garchomp|Garchomp, F|100/100
|switch|p2a: Torkoal|Torkoal, F|100/100
|-weather|SunnyDay|[from] ability: Drought|[of] p2a: Torkoal
|turn|1
|
|t:|1760416765
|switch|p2a: Hatterene|Hatterene, F, shiny|100/100
|move|p1a: Garchomp|Earthquake|p2a: Hatterene
|-damage|p2a: Hatterene|58/100
|-enditem|p2a: Hatterene|Eject Button
|
|t:|1760416773
|switch|p2a: Lilligant|Lilligant-Hisui, F|100/100
|
|-weather|SunnyDay|[upkeep]
|upkeep
|turn|2
|
|t:|1760416784
|-terastallize|p1a: Garchomp|Ghost
|move|p2a: Lilligant|Triple Axel|p1a: Garchomp
|-damage|p1a: Garchomp|94/100
|-damage|p2a: Lilligant|88/100|[from] ability: Rough Skin|[of] p1a: Garchomp
|-damage|p2a: Lilligant|72/100|[from] item: Rocky Helmet|[of] p1a: Garchomp
|-damage|p1a: Garchomp|84/100
|-damage|p2a: Lilligant|60/100|[from] ability: Rough Skin|[of] p1a: Garchomp
|-damage|p2a: Lilligant|43/100|[from] item: Rocky Helmet|[of] p1a: Garchomp
|-damage|p1a: Garchomp|68/100
|-damage|p2a: Lilligant|31/100|[from] ability: Rough Skin|[of] p1a: Garchomp
|-damage|p2a: Lilligant|14/100|[from] item: Rocky Helmet|[of] p1a: Garchomp
|-hitcount|p1a: Garchomp|3
|-damage|p2a: Lilligant|5/100|[from] item: Life Orb
|move|p1a: Garchomp|Stealth Rock|p2a: Lilligant
|-sidestart|p2: CAZSYZ|move: Stealth Rock
|
|-weather|SunnyDay|[upkeep]
|upkeep
|turn|3
|
|t:|1760416796
|move|p2a: Lilligant|Solar Blade||[still]
|-prepare|p2a: Lilligant|Solar Blade
|-anim|p2a: Lilligant|Solar Blade|p1a: Garchomp
|-damage|p1a: Garchomp|18/100
|-damage|p2a: Lilligant|0 fnt|[from] ability: Rough Skin|[of] p1a: Garchomp
|faint|p2a: Lilligant
|move|p1a: Garchomp|Earthquake|p2: Lilligant|[notarget]
|-fail|p1a: Garchomp
|
|-weather|SunnyDay|[upkeep]
|upkeep
|
|t:|1760416808
|switch|p2a: Walking Wake|Walking Wake|100/100
|-damage|p2a: Walking Wake|88/100|[from] Stealth Rock
|-activate|p2a: Walking Wake|ability: Protosynthesis
|-start|p2a: Walking Wake|protosynthesisspe
|turn|4
|
|t:|1760416816
|switch|p1a: Wo-Chien|Wo-Chien|100/100
|-ability|p1a: Wo-Chien|Tablets of Ruin
|move|p2a: Walking Wake|Hydro Steam|p1a: Wo-Chien
|-resisted|p1a: Wo-Chien
|-damage|p1a: Wo-Chien|69/100
|
|-weather|SunnyDay|[upkeep]
|-heal|p1a: Wo-Chien|75/100|[from] item: Leftovers
|upkeep
|turn|5
|
|t:|1760416829
|-end|p2a: Walking Wake|Protosynthesis|[silent]
|switch|p2a: Hatterene|Hatterene, F, shiny|58/100
|-damage|p2a: Hatterene|45/100|[from] Stealth Rock
|move|p1a: Wo-Chien|Substitute|p1a: Wo-Chien
|-start|p1a: Wo-Chien|Substitute
|-damage|p1a: Wo-Chien|50/100
|
|-weather|SunnyDay|[upkeep]
|-heal|p1a: Wo-Chien|57/100|[from] item: Leftovers
|upkeep
|turn|6
|
|t:|1760416836
|move|p1a: Wo-Chien|Knock Off|p2a: Hatterene
|-damage|p2a: Hatterene|27/100
|move|p2a: Hatterene|Dazzling Gleam|p1a: Wo-Chien
|-supereffective|p1a: Wo-Chien
|-end|p1a: Wo-Chien|Substitute
|
|-weather|SunnyDay|[upkeep]
|-heal|p1a: Wo-Chien|63/100|[from] item: Leftovers
|upkeep
|turn|7
|
|t:|1760416842
|move|p1a: Wo-Chien|Protect|p1a: Wo-Chien
|-singleturn|p1a: Wo-Chien|Protect
|move|p2a: Hatterene|Healing Wish|p2a: Hatterene
|faint|p2a: Hatterene
|
|-weather|SunnyDay|[upkeep]
|-heal|p1a: Wo-Chien|69/100|[from] item: Leftovers
|upkeep
|
|t:|1760416853
|switch|p2a: Great Tusk|Great Tusk|100/100
|-damage|p2a: Great Tusk|98/100|[from] Stealth Rock
|-activate|p2a: Great Tusk|ability: Protosynthesis
|-start|p2a: Great Tusk|protosynthesisatk
|turn|8
|
|t:|1760416862
|switch|p1a: Garchomp|Garchomp, F, tera:Ghost|18/100
|move|p2a: Great Tusk|Knock Off|p1a: Garchomp
|-supereffective|p1a: Garchomp
|-damage|p1a: Garchomp|0 fnt
|-damage|p2a: Great Tusk|85/100|[from] ability: Rough Skin|[of] p1a: Garchomp
|-damage|p2a: Great Tusk|69/100|[from] item: Rocky Helmet|[of] p1a: Garchomp
|-enditem|p1a: Garchomp|Rocky Helmet|[from] move: Knock Off|[of] p2a: Great Tusk
|faint|p1a: Garchomp
|
|-weather|none
|-end|p2a: Great Tusk|Protosynthesis
|upkeep
|
|t:|1760416868
|switch|p1a: Dragapult|Dragapult, F|100/100
|turn|9
|
|t:|1760416875
|-end|p2a: Great Tusk|Protosynthesis|[silent]
|switch|p2a: Torkoal|Torkoal, F|100/100
|-damage|p2a: Torkoal|76/100|[from] Stealth Rock
|-weather|SunnyDay|[from] ability: Drought|[of] p2a: Torkoal
|move|p1a: Dragapult|U-turn|p2a: Torkoal
|-resisted|p2a: Torkoal
|-damage|p2a: Torkoal|70/100
|
|t:|1760416884
|switch|p1a: Wo-Chien|Wo-Chien|69/100|[from] U-turn
|-ability|p1a: Wo-Chien|Tablets of Ruin
|
|-weather|SunnyDay|[upkeep]
|-heal|p1a: Wo-Chien|75/100|[from] item: Leftovers
|upkeep
|turn|10
|
|t:|1760416889
|move|p1a: Wo-Chien|Substitute|p1a: Wo-Chien
|-start|p1a: Wo-Chien|Substitute
|-damage|p1a: Wo-Chien|50/100
|move|p2a: Torkoal|Rapid Spin|p1a: Wo-Chien
|-activate|p1a: Wo-Chien|move: Substitute|[damage]
|-sideend|p2: CAZSYZ|Stealth Rock|[from] move: Rapid Spin|[of] p2a: Torkoal
|-boost|p2a: Torkoal|spe|1
|
|-weather|SunnyDay|[upkeep]
|-heal|p1a: Wo-Chien|56/100|[from] item: Leftovers
|upkeep
|turn|11
|
|t:|1760416894
|move|p1a: Wo-Chien|Leech Seed|p2a: Torkoal
|-start|p2a: Torkoal|move: Leech Seed
|move|p2a: Torkoal|Stealth Rock|p1a: Wo-Chien
|-sidestart|p1: marching_cubes|move: Stealth Rock
|
|-weather|SunnyDay|[upkeep]
|-heal|p1a: Wo-Chien|62/100|[from] item: Leftovers
|-damage|p2a: Torkoal|58/100|[from] Leech Seed|[of] p1a: Wo-Chien
|-heal|p1a: Wo-Chien|74/100|[silent]
|upkeep
|turn|12
|
|t:|1760416898
|switch|p2a: Great Tusk|Great Tusk|69/100
|-heal|p2a: Great Tusk|100/100|[from] move: Healing Wish
|-activate|p2a: Great Tusk|ability: Protosynthesis
|-start|p2a: Great Tusk|protosynthesisatk
|move|p1a: Wo-Chien|Protect||[still]
|-fail|p1a: Wo-Chien
|
|-weather|SunnyDay|[upkeep]
|-heal|p1a: Wo-Chien|80/100|[from] item: Leftovers
|upkeep
|turn|13
|
|t:|1760416906
|move|p2a: Great Tusk|Knock Off|p1a: Wo-Chien
|-resisted|p1a: Wo-Chien
|-activate|p1a: Wo-Chien|move: Substitute|[damage]
|move|p1a: Wo-Chien|Leech Seed|p2a: Great Tusk
|-start|p2a: Great Tusk|move: Leech Seed
|
|-weather|SunnyDay|[upkeep]
|-heal|p1a: Wo-Chien|86/100|[from] item: Leftovers
|-damage|p2a: Great Tusk|88/100|[from] Leech Seed|[of] p1a: Wo-Chien
|-heal|p1a: Wo-Chien|98/100|[silent]
|upkeep
|turn|14
|
|t:|1760416920
|-end|p2a: Great Tusk|Protosynthesis|[silent]
|switch|p2a: Walking Wake|Walking Wake|88/100
|-activate|p2a: Walking Wake|ability: Protosynthesis
|-start|p2a: Walking Wake|protosynthesisspe
|move|p1a: Wo-Chien|Leech Seed|p2a: Walking Wake
|-start|p2a: Walking Wake|move: Leech Seed
|
|-weather|SunnyDay|[upkeep]
|-heal|p1a: Wo-Chien|100/100|[from] item: Leftovers
|-damage|p2a: Walking Wake|76/100|[from] Leech Seed|[of] p1a: Wo-Chien
|upkeep
|turn|15
|
|t:|1760416927
|move|p2a: Walking Wake|Flamethrower|p1a: Wo-Chien
|-supereffective|p1a: Wo-Chien
|-end|p1a: Wo-Chien|Substitute
|move|p1a: Wo-Chien|Knock Off|p2a: Walking Wake
|-damage|p2a: Walking Wake|45/100
|-enditem|p2a: Walking Wake|Choice Specs|[from] move: Knock Off|[of] p1a: Wo-Chien
|
|-weather|SunnyDay|[upkeep]
|-damage|p2a: Walking Wake|33/100|[from] Leech Seed|[of] p1a: Wo-Chien
|upkeep
|turn|16
|
|t:|1760416932
|move|p1a: Wo-Chien|Protect|p1a: Wo-Chien
|-singleturn|p1a: Wo-Chien|Protect
|move|p2a: Walking Wake|Flamethrower|p1a: Wo-Chien
|-activate|p1a: Wo-Chien|move: Protect
|
|-weather|none
|-end|p2a: Walking Wake|Protosynthesis
|-damage|p2a: Walking Wake|20/100|[from] Leech Seed|[of] p1a: Wo-Chien
|upkeep
|turn|17
|
|t:|1760416938
|-end|p2a: Walking Wake|Protosynthesis|[silent]
|switch|p2a: Torkoal|Torkoal, F|58/100
|-weather|SunnyDay|[from] ability: Drought|[of] p2a: Torkoal
|move|p1a: Wo-Chien|Substitute|p1a: Wo-Chien
|-start|p1a: Wo-Chien|Substitute
|-damage|p1a: Wo-Chien|76/100
|
|-weather|SunnyDay|[upkeep]
|-heal|p1a: Wo-Chien|82/100|[from] item: Leftovers
|upkeep
|turn|18
|
|t:|1760416949
|switch|p2a: Great Tusk|Great Tusk|88/100
|-activate|p2a: Great Tusk|ability: Protosynthesis
|-start|p2a: Great Tusk|protosynthesisatk
|move|p1a: Wo-Chien|Leech Seed|p2a: Great Tusk
|-start|p2a: Great Tusk|move: Leech Seed
|
|-weather|SunnyDay|[upkeep]
|-heal|p1a: Wo-Chien|88/100|[from] item: Leftovers
|-damage|p2a: Great Tusk|76/100|[from] Leech Seed|[of] p1a: Wo-Chien
|-heal|p1a: Wo-Chien|99/100|[silent]
|upkeep
|turn|19
|
|t:|1760416957
|move|p1a: Wo-Chien|Protect|p1a: Wo-Chien
|-singleturn|p1a: Wo-Chien|Protect
|move|p2a: Great Tusk|Rapid Spin|p1a: Wo-Chien
|-activate|p1a: Wo-Chien|move: Protect
|
|-weather|SunnyDay|[upkeep]
|-heal|p1a: Wo-Chien|100/100|[from] item: Leftovers
|-damage|p2a: Great Tusk|63/100|[from] Leech Seed|[of] p1a: Wo-Chien
|upkeep
|turn|20
|
|t:|1760416962
|move|p2a: Great Tusk|Rapid Spin|p1a: Wo-Chien
|-activate|p1a: Wo-Chien|move: Substitute|[damage]
|-end|p2a: Great Tusk|Leech Seed|[from] move: Rapid Spin|[of] p2a: Great Tusk
|-boost|p2a: Great Tusk|spe|1
|move|p1a: Wo-Chien|Leech Seed|p2a: Great Tusk
|-start|p2a: Great Tusk|move: Leech Seed
|
|-weather|SunnyDay|[upkeep]
|-damage|p2a: Great Tusk|51/100|[from] Leech Seed|[of] p1a: Wo-Chien
|upkeep
|turn|21
|
|t:|1760416970
|move|p2a: Great Tusk|Rapid Spin|p1a: Wo-Chien
|-activate|p1a: Wo-Chien|move: Substitute|[damage]
|-end|p2a: Great Tusk|Leech Seed|[from] move: Rapid Spin|[of] p2a: Great Tusk
|-boost|p2a: Great Tusk|spe|1
|move|p1a: Wo-Chien|Leech Seed|p2a: Great Tusk
|-start|p2a: Great Tusk|move: Leech Seed
|
|-weather|SunnyDay|[upkeep]
|-damage|p2a: Great Tusk|39/100|[from] Leech Seed|[of] p1a: Wo-Chien
|upkeep
|turn|22
|
|t:|1760416977
|move|p1a: Wo-Chien|Protect|p1a: Wo-Chien
|-singleturn|p1a: Wo-Chien|Protect
|move|p2a: Great Tusk|Close Combat|p1a: Wo-Chien
|-activate|p1a: Wo-Chien|move: Protect
|
|-weather|SunnyDay|[upkeep]
|-damage|p2a: Great Tusk|26/100|[from] Leech Seed|[of] p1a: Wo-Chien
|upkeep
|turn|23
|
|t:|1760416980
|move|p2a: Great Tusk|Close Combat|p1a: Wo-Chien
|-supereffective|p1a: Wo-Chien
|-end|p1a: Wo-Chien|Substitute
|-unboost|p2a: Great Tusk|def|1
|-unboost|p2a: Great Tusk|spd|1
|-enditem|p2a: Great Tusk|Eject Pack
|
|t:|1760416987
|-end|p2a: Great Tusk|Protosynthesis|[silent]
|switch|p2a: Walking Wake|Walking Wake|20/100
|-activate|p2a: Walking Wake|ability: Protosynthesis
|-start|p2a: Walking Wake|protosynthesisspe
|move|p1a: Wo-Chien|Leech Seed|p2a: Walking Wake|[miss]
|-miss|p1a: Wo-Chien|p2a: Walking Wake
|
|-weather|SunnyDay|[upkeep]
|upkeep
|turn|24
|
|t:|1760416996
|move|p1a: Wo-Chien|Protect|p1a: Wo-Chien
|-singleturn|p1a: Wo-Chien|Protect
|move|p2a: Walking Wake|Flamethrower|p1a: Wo-Chien
|-activate|p1a: Wo-Chien|move: Protect
|
|-weather|none
|-end|p2a: Walking Wake|Protosynthesis
|upkeep
|turn|25
|
|t:|1760417000
|move|p2a: Walking Wake|Flamethrower|p1a: Wo-Chien
|-supereffective|p1a: Wo-Chien
|-damage|p1a: Wo-Chien|61/100
|move|p1a: Wo-Chien|Substitute|p1a: Wo-Chien
|-start|p1a: Wo-Chien|Substitute
|-damage|p1a: Wo-Chien|36/100
|
|-heal|p1a: Wo-Chien|42/100|[from] item: Leftovers
|upkeep
|turn|26
|
|t:|1760417005
|move|p2a: Walking Wake|Flamethrower|p1a: Wo-Chien
|-supereffective|p1a: Wo-Chien
|-end|p1a: Wo-Chien|Substitute
|move|p1a: Wo-Chien|Leech Seed|p2a: Walking Wake|[miss]
|-miss|p1a: Wo-Chien|p2a: Walking Wake
|
|-heal|p1a: Wo-Chien|48/100|[from] item: Leftovers
|upkeep
|turn|27
|
|t:|1760417010
|move|p1a: Wo-Chien|Protect|p1a: Wo-Chien
|-singleturn|p1a: Wo-Chien|Protect
|move|p2a: Walking Wake|Flamethrower|p1a: Wo-Chien
|-activate|p1a: Wo-Chien|move: Protect
|
|-heal|p1a: Wo-Chien|54/100|[from] item: Leftovers
|upkeep
|turn|28
|
|t:|1760417014
|switch|p1a: Dragapult|Dragapult, F|100/100
|move|p2a: Walking Wake|Flamethrower|p1a: Dragapult
|-resisted|p1a: Dragapult
|-damage|p1a: Dragapult|76/100
|
|upkeep
|turn|29
|
|t:|1760417020
|-end|p2a: Walking Wake|Protosynthesis|[silent]
|switch|p2a: Torkoal|Torkoal, F|58/100
|-weather|SunnyDay|[from] ability: Drought|[of] p2a: Torkoal
|move|p1a: Dragapult|Hex|p2a: Torkoal
|-damage|p2a: Torkoal|20/100
|
|-weather|SunnyDay|[upkeep]
|upkeep
|turn|30
|
|t:|1760417029
|move|p1a: Dragapult|Hex|p2a: Torkoal
|-damage|p2a: Torkoal|0 fnt
|faint|p2a: Torkoal
|
|-weather|SunnyDay|[upkeep]
|upkeep
|
|t:|1760417033
|switch|p2a: Walking Wake|Walking Wake|20/100
|-activate|p2a: Walking Wake|ability: Protosynthesis
|-start|p2a: Walking Wake|protosynthesisspe
|turn|31
|
|t:|1760417042
|switch|p1a: Gholdengo|Gholdengo|100/100
|-damage|p1a: Gholdengo|94/100|[from] Stealth Rock
|move|p2a: Walking Wake|Hydro Steam|p1a: Gholdengo
|-damage|p1a: Gholdengo|34/100
|
|-weather|SunnyDay|[upkeep]
|upkeep
|turn|32
|
|t:|1760417046
|move|p2a: Walking Wake|Hydro Steam|p1a: Gholdengo
|-damage|p1a: Gholdengo|0 fnt
|faint|p1a: Gholdengo
|
|-weather|SunnyDay|[upkeep]
|upkeep
|
|t:|1760417049
|switch|p1a: Scizor|Scizor, F|100/100
|-damage|p1a: Scizor|88/100|[from] Stealth Rock
|turn|33
|
|t:|1760417059
|-terastallize|p2a: Walking Wake|Water
|move|p1a: Scizor|Bullet Punch|p2a: Walking Wake
|-resisted|p2a: Walking Wake
|-damage|p2a: Walking Wake|0 fnt
|faint|p2a: Walking Wake
|-end|p2a: Walking Wake|Protosynthesis|[silent]
|
|-weather|SunnyDay|[upkeep]
|upkeep
|
|t:|1760417062
|switch|p2a: Charizard|Charizard, F|100/100
|turn|34
|
|t:|1760417067
|switch|p1a: Iron Treads|Iron Treads|100/100
|-damage|p1a: Iron Treads|97/100|[from] Stealth Rock
|-item|p1a: Iron Treads|Air Balloon
|move|p2a: Charizard|Flamethrower|p1a: Iron Treads
|-supereffective|p1a: Iron Treads
|-damage|p1a: Iron Treads|0 fnt
|-enditem|p1a: Iron Treads|Air Balloon
|faint|p1a: Iron Treads
|-end|p1a: Iron Treads|Quark Drive|[silent]
|
|-weather|SunnyDay|[upkeep]
|-damage|p2a: Charizard|88/100|[from] ability: Solar Power|[of] p2a: Charizard
|upkeep
|
|t:|1760417070
|switch|p1a: Dragapult|Dragapult, F|76/100
|turn|35
|
|t:|1760417076
|move|p1a: Dragapult|Dragon Darts|p2a: Charizard
|-damage|p2a: Charizard|57/100
|-anim|p1a: Dragapult|Dragon Darts|p2a: Charizard
|-damage|p2a: Charizard|29/100
|move|p2a: Charizard|Flamethrower|p1a: Dragapult
|-resisted|p1a: Dragapult
|-crit|p1a: Dragapult
|-damage|p1a: Dragapult|0 fnt
|faint|p1a: Dragapult
|
|-weather|SunnyDay|[upkeep]
|-damage|p2a: Charizard|17/100|[from] ability: Solar Power|[of] p2a: Charizard
|upkeep
|
|t:|1760417084
|switch|p1a: Scizor|Scizor, F|88/100
|-damage|p1a: Scizor|76/100|[from] Stealth Rock
|turn|36
|
|t:|1760417086
|move|p1a: Scizor|Bullet Punch|p2a: Charizard
|-resisted|p2a: Charizard
|-damage|p2a: Charizard|0 fnt
|faint|p2a: Charizard
|
|-weather|none
|upkeep
|
|t:|1760417088
|switch|p2a: Great Tusk|Great Tusk|26/100
|turn|37
|
|t:|1760417094
|move|p1a: Scizor|Bullet Punch|p2a: Great Tusk
|-damage|p2a: Great Tusk|0 fnt
|faint|p2a: Great Tusk
|-end|p2a: Great Tusk|Protosynthesis|[silent]
|
|win|marching_cubes
|raw|marching_cubes's rating: 1472 &rarr; <strong>1490</strong><br />(+18 for winning)
|raw|CAZSYZ's rating: 1437 &rarr; <strong>1419</strong><br />(-18 for losing)
|l|☆CAZSYZ
|player|p2|
|l|☆marching_cubes
|player|p1|
