|j|☆godplayer46
|j|☆Czsfhhhjjjhgggg
|t:|1760333062
|gametype|singles
|player|p1|godplayer46|102|1067
|player|p2|Czsfhhhjjjhgggg|2|1070
|gen|9
|tier|[Gen 9] OU
|rated|
|rule|HP Percentage Mod: HP is shown in percentages
|rule|Endless Battle Clause: Forcing endless battles is banned
|rule|Species Clause: Limit one of each Pokémon
|rule|OHKO Clause: OHKO moves are banned
|rule|Evasion Items Clause: Evasion items are banned
|rule|Evasion Moves Clause: Evasion moves are banned
|rule|Evasion Abilities Clause: Evasion abilities are banned
|rule|Sleep Moves Clause: Sleep-inducing moves are banned
|clearpoke
|poke|p1|Alomomola, F|
|poke|p1|Blissey, F|
|poke|p1|Ceruledge, F|
|poke|p1|Rillaboom, M|
|poke|p1|Torkoal, F|
|poke|p1|Brute Bonnet|
|poke|p2|Rillaboom, M|
|poke|p2|Meowscarada, F|
|poke|p2|Ogerpon-Cornerstone, F|
|poke|p2|Sinistcha-Masterpiece|
|poke|p2|Hydrapple, F|
|poke|p2|Serperior, F|
|teampreview
|inactive|Battle timer is ON: inactive players will automatically lose when time's up. (requested by godplayer46)
|
|t:|1760333072
|teamsize|p1|6
|teamsize|p2|6
|start
|switch|p1a: Torkoal|Torkoal, F|100/100
|switch|p2a: Rillaboom|Rillaboom, M|100/100
|-fieldstart|move: Grassy Terrain|[from] ability: Grassy Surge|[of] p2a: Rillaboom
|-weather|SunnyDay|[from] ability: Drought|[of] p1a: Torkoal
|turn|1
|j| Biggest Fan Stan
|j| A man named Derp
|j| unregisteredmono
|
|t:|1760333078
|move|p2a: Rillaboom|U-turn|p1a: Torkoal
|-resisted|p1a: Torkoal
|-damage|p1a: Torkoal|90/100
|
|t:|1760333081
|switch|p2a: Hydrapple|Hydrapple, F|100/100|[from] U-turn
|move|p1a: Torkoal|Overheat|p2a: Hydrapple|[miss]
|-miss|p1a: Torkoal|p2a: Hydrapple
|
|-weather|SunnyDay|[upkeep]
|-heal|p1a: Torkoal|96/100|[from] Grassy Terrain
|upkeep
|turn|2
|
|t:|1760333086
|move|p2a: Hydrapple|Nasty Plot|p2a: Hydrapple
|-boost|p2a: Hydrapple|spa|2
|move|p1a: Torkoal|Stealth Rock|p2a: Hydrapple
|-sidestart|p2: Czsfhhhjjjhgggg|move: Stealth Rock
|
|-weather|SunnyDay|[upkeep]
|-heal|p1a: Torkoal|100/100|[from] Grassy Terrain
|upkeep
|turn|3
|c| A man named Derp|godplayer
|c| Biggest Fan Stan|Godplayer
|
|t:|1760333092
|move|p2a: Hydrapple|Earth Power|p1a: Torkoal
|-supereffective|p1a: Torkoal
|-damage|p1a: Torkoal|6/100
|move|p1a: Torkoal|Overheat|p2a: Hydrapple
|-damage|p2a: Hydrapple|53/100
|-unboost|p1a: Torkoal|spa|2
|
|-weather|SunnyDay|[upkeep]
|-heal|p2a: Hydrapple|59/100|[from] Grassy Terrain
|-heal|p2a: Hydrapple|65/100|[from] item: Leftovers
|-heal|p1a: Torkoal|12/100|[from] Grassy Terrain
|upkeep
|turn|4
|c| A man named Derp|mine
|c| Biggest Fan Stan|shit
|
|t:|1760333101
|switch|p1a: Blissey|Blissey, F|100/100
|move|p2a: Hydrapple|Giga Drain|p1a: Blissey
|-damage|p1a: Blissey|80/100
|-heal|p2a: Hydrapple|83/100|[from] drain|[of] p1a: Blissey
|
|-weather|SunnyDay|[upkeep]
|-heal|p1a: Blissey|86/100|[from] Grassy Terrain
|-heal|p1a: Blissey|92/100|[from] item: Leftovers
|-heal|p2a: Hydrapple|89/100|[from] Grassy Terrain
|-heal|p2a: Hydrapple|96/100|[from] item: Leftovers
|upkeep
|turn|5
|
|t:|1760333106
|move|p1a: Blissey|Thunder Wave|p2a: Hydrapple
|-status|p2a: Hydrapple|par
|move|p2a: Hydrapple|Nasty Plot|p2a: Hydrapple
|-boost|p2a: Hydrapple|spa|2
|
|-weather|SunnyDay|[upkeep]
|-heal|p1a: Blissey|98/100|[from] Grassy Terrain
|-heal|p1a: Blissey|100/100|[from] item: Leftovers
|-heal|p2a: Hydrapple|100/100 par|[from] Grassy Terrain
|upkeep
|turn|6
|
|t:|1760333111
|move|p1a: Blissey|Seismic Toss|p2a: Hydrapple
|-damage|p2a: Hydrapple|76/100 par
|move|p2a: Hydrapple|Nasty Plot|p2a: Hydrapple
|-boost|p2a: Hydrapple|spa|2
|
|-weather|SunnyDay|[upkeep]
|-heal|p2a: Hydrapple|83/100 par|[from] Grassy Terrain
|-heal|p2a: Hydrapple|89/100 par|[from] item: Leftovers
|upkeep
|turn|7
|c| A man named Derp|which one you got mono?
|c| A man named Derp|…hello?
|inactive|godplayer46 has 120 seconds left.
|
|t:|1760333151
|move|p1a: Blissey|Seismic Toss|p2a: Hydrapple
|-damage|p2a: Hydrapple|65/100 par
|move|p2a: Hydrapple|Giga Drain|p1a: Blissey
|-damage|p1a: Blissey|57/100
|-heal|p2a: Hydrapple|100/100 par|[from] drain|[of] p1a: Blissey
|
|-weather|SunnyDay|[upkeep]
|-heal|p1a: Blissey|63/100|[from] Grassy Terrain
|-heal|p1a: Blissey|69/100|[from] item: Leftovers
|upkeep
|turn|8
|l| unregisteredmono
|c| A man named Derp|…HELLOO
|c| Biggest Fan Stan|i think that one's just a lurker
|
|t:|1760333159
|switch|p1a: Ceruledge|Ceruledge, F|100/100
|move|p2a: Hydrapple|Giga Drain|p1a: Ceruledge
|-resisted|p1a: Ceruledge
|-damage|p1a: Ceruledge|1/100
|
|-weather|none
|-heal|p1a: Ceruledge|7/100|[from] Grassy Terrain
|-fieldend|move: Grassy Terrain
|upkeep
|turn|9
|inactive|godplayer46 has 120 seconds left.
|
|t:|1760333168
|-terastallize|p1a: Ceruledge|Fire
|move|p1a: Ceruledge|Bitter Blade|p2a: Hydrapple
|-damage|p2a: Hydrapple|53/100 par
|-heal|p1a: Ceruledge|41/100|[from] drain|[of] p2a: Hydrapple
|move|p2a: Hydrapple|Giga Drain|p1a: Ceruledge
|-resisted|p1a: Ceruledge
|-damage|p1a: Ceruledge|0 fnt
|-heal|p2a: Hydrapple|67/100 par|[from] drain|[of] p1a: Ceruledge
|faint|p1a: Ceruledge
|
|-heal|p2a: Hydrapple|74/100 par|[from] item: Leftovers
|upkeep
|inactive|godplayer46 has 120 seconds left.
|
|t:|1760333177
|switch|p1a: Torkoal|Torkoal, F|12/100
|-weather|SunnyDay|[from] ability: Drought|[of] p1a: Torkoal
|turn|10
|c| A man named Derp|That was kinda funnu
|
|t:|1760333180
|move|p1a: Torkoal|Overheat|p2a: Hydrapple
|-damage|p2a: Hydrapple|26/100 par
|-unboost|p1a: Torkoal|spa|2
|move|p2a: Hydrapple|Giga Drain|p1a: Torkoal
|-resisted|p1a: Torkoal
|-damage|p1a: Torkoal|0 fnt
|-heal|p2a: Hydrapple|31/100 par|[from] drain|[of] p1a: Torkoal
|faint|p1a: Torkoal
|
|-weather|SunnyDay|[upkeep]
|-heal|p2a: Hydrapple|37/100 par|[from] item: Leftovers
|upkeep
|c| Biggest Fan Stan|*funny
|
|t:|1760333187
|switch|p1a: Brute Bonnet|Brute Bonnet|100/100
|-activate|p1a: Brute Bonnet|ability: Protosynthesis
|-start|p1a: Brute Bonnet|protosynthesisatk
|turn|11
|c| A man named Derp|hish
|
|t:|1760333192
|move|p1a: Brute Bonnet|Crunch|p2a: Hydrapple
|-damage|p2a: Hydrapple|0 fnt
|faint|p2a: Hydrapple
|
|-weather|SunnyDay|[upkeep]
|upkeep
|
|t:|1760333196
|switch|p2a: Rillaboom|Rillaboom, M|100/100
|-damage|p2a: Rillaboom|88/100|[from] Stealth Rock
|-fieldstart|move: Grassy Terrain|[from] ability: Grassy Surge|[of] p2a: Rillaboom
|turn|12
|
|t:|1760333205
|move|p2a: Rillaboom|U-turn|p1a: Brute Bonnet
|-supereffective|p1a: Brute Bonnet
|-enditem|p1a: Brute Bonnet|Focus Sash
|-damage|p1a: Brute Bonnet|1/100
|l| A man named Derp
|
|t:|1760333214
|switch|p2a: Serperior|Serperior, F|100/100|[from] U-turn
|-damage|p2a: Serperior|88/100|[from] Stealth Rock
|move|p1a: Brute Bonnet|Crunch|p2a: Serperior
|-damage|p2a: Serperior|22/100
|
|-weather|SunnyDay|[upkeep]
|-heal|p2a: Serperior|28/100|[from] Grassy Terrain
|-heal|p2a: Serperior|35/100|[from] item: Leftovers
|-heal|p1a: Brute Bonnet|7/100|[from] Grassy Terrain
|upkeep
|turn|13
|
|t:|1760333222
|move|p2a: Serperior|Leaf Storm|p1a: Brute Bonnet
|-resisted|p1a: Brute Bonnet
|-damage|p1a: Brute Bonnet|0 fnt
|-boost|p2a: Serperior|spa|2
|faint|p1a: Brute Bonnet
|-end|p1a: Brute Bonnet|Protosynthesis|[silent]
|
|-weather|SunnyDay|[upkeep]
|-heal|p2a: Serperior|41/100|[from] Grassy Terrain
|-heal|p2a: Serperior|47/100|[from] item: Leftovers
|upkeep
|c| Biggest Fan Stan|damm
|
|t:|1760333227
|switch|p1a: Blissey|Blissey, F|69/100
|turn|14
|
|t:|1760333230
|move|p2a: Serperior|Glare|p1a: Blissey
|-status|p1a: Blissey|par
|move|p1a: Blissey|Seismic Toss|p2a: Serperior
|-damage|p2a: Serperior|13/100
|
|-weather|SunnyDay|[upkeep]
|-heal|p2a: Serperior|19/100|[from] Grassy Terrain
|-heal|p2a: Serperior|25/100|[from] item: Leftovers
|-heal|p1a: Blissey|76/100 par|[from] Grassy Terrain
|-heal|p1a: Blissey|82/100 par|[from] item: Leftovers
|upkeep
|turn|15
|
|t:|1760333239
|move|p2a: Serperior|Leaf Storm|p1a: Blissey|[miss]
|-miss|p2a: Serperior|p1a: Blissey
|move|p1a: Blissey|Thunder Wave|p2a: Serperior
|-status|p2a: Serperior|par
|
|-weather|SunnyDay|[upkeep]
|-heal|p2a: Serperior|31/100 par|[from] Grassy Terrain
|-heal|p2a: Serperior|37/100 par|[from] item: Leftovers
|-heal|p1a: Blissey|88/100 par|[from] Grassy Terrain
|-heal|p1a: Blissey|94/100 par|[from] item: Leftovers
|upkeep
|turn|16
|j| A man named Derp
|
|t:|1760333242
|move|p2a: Serperior|Leaf Storm|p1a: Blissey
|-damage|p1a: Blissey|62/100 par
|-boost|p2a: Serperior|spa|2
|move|p1a: Blissey|Seismic Toss|p2a: Serperior
|-damage|p2a: Serperior|3/100 par
|
|-weather|SunnyDay|[upkeep]
|-heal|p2a: Serperior|9/100 par|[from] Grassy Terrain
|-heal|p2a: Serperior|15/100 par|[from] item: Leftovers
|-heal|p1a: Blissey|68/100 par|[from] Grassy Terrain
|-heal|p1a: Blissey|74/100 par|[from] item: Leftovers
|upkeep
|turn|17
|
|t:|1760333249
|move|p2a: Serperior|Leaf Storm|p1a: Blissey
|-crit|p1a: Blissey
|-damage|p1a: Blissey|0 fnt
|-boost|p2a: Serperior|spa|2
|faint|p1a: Blissey
|
|-weather|none
|-heal|p2a: Serperior|21/100 par|[from] Grassy Terrain
|-heal|p2a: Serperior|28/100 par|[from] item: Leftovers
|upkeep
|c| A man named Derp|My phone goin cray
|
|t:|1760333259
|switch|p1a: Rillaboom|Rillaboom, M|100/100
|turn|18
|
|t:|1760333275
|move|p1a: Rillaboom|U-turn|p2a: Serperior
|-supereffective|p2a: Serperior
|-damage|p2a: Serperior|0 fnt
|faint|p2a: Serperior
|c| Biggest Fan Stan|Nah you just worried about losing to a monoteam XD
|
|t:|1760333280
|switch|p1a: Alomomola|Alomomola, F|100/100|[from] U-turn
|
|upkeep
|
|t:|1760333283
|switch|p2a: Meowscarada|Meowscarada, F|100/100
|-damage|p2a: Meowscarada|88/100|[from] Stealth Rock
|turn|19
|c| A man named Derp|Oh shit he’s LOSING!?
|c| Biggest Fan Stan|yeah
|
|t:|1760333289
|move|p2a: Meowscarada|Flower Trick|p1a: Alomomola
|-start|p2a: Meowscarada|typechange|Grass|[from] ability: Protean
|-supereffective|p1a: Alomomola
|-crit|p1a: Alomomola
|-damage|p1a: Alomomola|0 fnt
|faint|p1a: Alomomola
|
|-heal|p2a: Meowscarada|94/100|[from] Grassy Terrain
|-fieldend|move: Grassy Terrain
|upkeep
|c| A man named Derp|Daaamn wtf
|
|t:|1760333295
|switch|p1a: Rillaboom|Rillaboom, M|100/100
|-fieldstart|move: Grassy Terrain|[from] ability: Grassy Surge|[of] p1a: Rillaboom
|turn|20
|
|t:|1760333305
|move|p2a: Meowscarada|Flower Trick|p1a: Rillaboom
|-resisted|p1a: Rillaboom
|-crit|p1a: Rillaboom
|-damage|p1a: Rillaboom|50/100
|move|p1a: Rillaboom|U-turn|p2a: Meowscarada
|-supereffective|p2a: Meowscarada
|-damage|p2a: Meowscarada|14/100
|
|-heal|p2a: Meowscarada|20/100|[from] Grassy Terrain
|-heal|p1a: Rillaboom|56/100|[from] Grassy Terrain
|upkeep
|turn|21
|
|t:|1760333312
|move|p2a: Meowscarada|Flower Trick|p1a: Rillaboom
|-resisted|p1a: Rillaboom
|-crit|p1a: Rillaboom
|-damage|p1a: Rillaboom|11/100
|move|p1a: Rillaboom|U-turn|p2a: Meowscarada
|-supereffective|p2a: Meowscarada
|-damage|p2a: Meowscarada|0 fnt
|faint|p2a: Meowscarada
|
|-heal|p1a: Rillaboom|18/100|[from] Grassy Terrain
|upkeep
|
|t:|1760333317
|switch|p2a: Ogerpon|Ogerpon-Cornerstone, F|100/100
|-damage|p2a: Ogerpon|88/100|[from] Stealth Rock
|turn|22
|
|t:|1760333320
|move|p2a: Ogerpon|Ivy Cudgel|p1a: Rillaboom|[anim] Ivy Cudgel Rock
|-damage|p1a: Rillaboom|0 fnt
|faint|p1a: Rillaboom
|
|win|Czsfhhhjjjhgggg
|raw|godplayer46's rating: 1067 &rarr; <strong>1047</strong><br />(-20 for losing)
|raw|Czsfhhhjjjhgggg's rating: 1070 &rarr; <strong>1099</strong><br />(+29 for winning)
|l|☆godplayer46
|player|p1|
|c| Biggest Fan Stan|hell yeah
|c| A man named Derp|that’s crazy
|l| Biggest Fan Stan
|c| A man named Derp|Man wtf
|l| A man named Derp
|l|☆Czsfhhhjjjhgggg
|player|p2|
