|j|☆snaobei
|j|☆ineverhaxed
|t:|1760453541
|gametype|singles
|player|p1|snaobei|2|1279
|player|p2|ineverhaxed|102|1334
|gen|9
|tier|[Gen 9] OU
|rated|
|rule|HP Percentage Mod: HP is shown in percentages
|rule|Endless Battle Clause: Forcing endless battles is banned
|rule|Species Clause: Limit one of each Pokémon
|rule|OHKO Clause: OHKO moves are banned
|rule|Evasion Items Clause: Evasion items are banned
|rule|Evasion Moves Clause: Evasion moves are banned
|rule|Evasion Abilities Clause: Evasion abilities are banned
|rule|Sleep Moves Clause: Sleep-inducing moves are banned
|clearpoke
|poke|p1|Gliscor, F|
|poke|p1|Hatterene, F|
|poke|p1|Kingambit, F|
|poke|p1|Ogerpon-Wellspring, F|
|poke|p1|Garganacl, F|
|poke|p1|Zapdos|
|poke|p2|Electrode-Hisui|
|poke|p2|Drifblim, M|
|poke|p2|Blissey, F|
|poke|p2|Darkrai|
|poke|p2|Cinderace, M|
|poke|p2|Lokix, M|
|teampreview
|
|t:|1760453561
|teamsize|p1|6
|teamsize|p2|6
|start
|switch|p1a: Gliscor|Gliscor, F|100/100
|switch|p2a: Darkrai|Darkrai|100/100
|turn|1
|
|t:|1760453576
|switch|p1a: Kingambit|Kingambit, F|100/100
|move|p2a: Darkrai|Trick|p1a: Kingambit
|-activate|p2a: Darkrai|move: Trick|[of] p1a: Kingambit
|-item|p1a: Kingambit|Choice Scarf|[from] move: Trick
|-item|p2a: Darkrai|Assault Vest|[from] move: Trick
|
|upkeep
|turn|2
|
|t:|1760453588
|-end|p1a: Kingambit|fallenundefined|[silent]
|switch|p1a: Hatterene|Hatterene, F|100/100
|move|p2a: Darkrai|Dark Pulse|p1a: Hatterene
|-damage|p1a: Hatterene|66/100
|
|-heal|p1a: Hatterene|72/100|[from] item: Leftovers
|upkeep
|turn|3
|
|t:|1760453604
|move|p2a: Darkrai|Knock Off|p1a: Hatterene
|-damage|p1a: Hatterene|44/100
|-enditem|p1a: Hatterene|Leftovers|[from] move: Knock Off|[of] p2a: Darkrai
|move|p1a: Hatterene|Nuzzle|p2a: Darkrai
|-damage|p2a: Darkrai|95/100
|-status|p2a: Darkrai|par
|
|upkeep
|turn|4
|
|t:|1760453614
|move|p2a: Darkrai|Dark Pulse|p1a: Hatterene
|-damage|p1a: Hatterene|9/100
|move|p1a: Hatterene|Draining Kiss|p2a: Darkrai
|-supereffective|p2a: Darkrai
|-damage|p2a: Darkrai|50/100 par
|-heal|p1a: Hatterene|39/100|[from] drain|[of] p2a: Darkrai
|
|upkeep
|turn|5
|
|t:|1760453623
|cant|p2a: Darkrai|par
|move|p1a: Hatterene|Draining Kiss|p2a: Darkrai
|-supereffective|p2a: Darkrai
|-damage|p2a: Darkrai|12/100 par
|-heal|p1a: Hatterene|65/100|[from] drain|[of] p2a: Darkrai
|
|upkeep
|turn|6
|
|t:|1760453644
|move|p2a: Darkrai|Dark Pulse|p1a: Hatterene
|-damage|p1a: Hatterene|30/100
|move|p1a: Hatterene|Draining Kiss|p2a: Darkrai
|-supereffective|p2a: Darkrai
|-damage|p2a: Darkrai|0 fnt
|-heal|p1a: Hatterene|38/100|[from] drain|[of] p2a: Darkrai
|faint|p2a: Darkrai
|
|upkeep
|
|t:|1760453653
|switch|p2a: Lokix|Lokix, M|100/100
|turn|7
|
|t:|1760453657
|move|p1a: Hatterene|Protect|p1a: Hatterene
|-singleturn|p1a: Hatterene|Protect
|move|p2a: Lokix|U-turn|p1a: Hatterene
|-activate|p1a: Hatterene|move: Protect
|
|upkeep
|turn|8
|
|t:|1760453681
|switch|p1a: Garganacl|Garganacl, F|100/100
|move|p2a: Lokix|U-turn|p1a: Garganacl
|-damage|p1a: Garganacl|80/100
|-damage|p2a: Lokix|84/100|[from] item: Rocky Helmet|[of] p1a: Garganacl
|
|t:|1760453687
|switch|p2a: Electrode|Electrode-Hisui|100/100|[from] U-turn
|
|upkeep
|turn|9
|
|t:|1760453693
|move|p2a: Electrode|Chloroblast|p1a: Garganacl
|-supereffective|p1a: Garganacl
|-damage|p1a: Garganacl|0 fnt
|faint|p1a: Garganacl
|-damage|p2a: Electrode|50/100|[from] Recoil
|
|upkeep
|
|t:|1760453700
|switch|p1a: Zapdos|Zapdos|100/100
|turn|10
|
|t:|1760453715
|move|p2a: Electrode|Chloroblast|p1a: Zapdos
|-resisted|p1a: Zapdos
|-damage|p1a: Zapdos|46/100
|-damage|p2a: Electrode|0 fnt|[from] Recoil
|faint|p2a: Electrode
|move|p1a: Zapdos|Heat Wave|p2: Electrode|[notarget]
|-fail|p1a: Zapdos
|
|upkeep
|
|t:|1760453722
|switch|p2a: Blissey|Blissey, F|100/100
|turn|11
|
|t:|1760453735
|move|p1a: Zapdos|Volt Switch|p2a: Blissey
|-damage|p2a: Blissey|87/100
|
|t:|1760453738
|switch|p1a: Hatterene|Hatterene, F|38/100|[from] Volt Switch
|move|p2a: Blissey|Ice Beam|p1a: Hatterene
|-damage|p1a: Hatterene|23/100
|
|-heal|p2a: Blissey|93/100|[from] item: Leftovers
|upkeep
|turn|12
|
|t:|1760453748
|move|p2a: Blissey|Thunder|p1a: Hatterene|[miss]
|-miss|p2a: Blissey|p1a: Hatterene
|move|p1a: Hatterene|Nuzzle|p2a: Blissey
|-damage|p2a: Blissey|89/100
|-status|p2a: Blissey|par
|
|-heal|p2a: Blissey|95/100 par|[from] item: Leftovers
|upkeep
|turn|13
|-message|ineverhaxed forfeited.
|
|win|snaobei
|raw|snaobei's rating: 1279 &rarr; <strong>1308</strong><br />(+29 for winning)
|raw|ineverhaxed's rating: 1334 &rarr; <strong>1311</strong><br />(-23 for losing)
|l|☆ineverhaxed
|player|p2|
|l|☆snaobei
|player|p1|
