|j|☆horses aren't real
|j|☆yokodai
|t:|1760357705
|gametype|singles
|player|p1|horses aren't real|skullgruntf|1555
|player|p2|yokodai|101|1565
|gen|9
|tier|[Gen 9] OU
|rated|
|rule|HP Percentage Mod: HP is shown in percentages
|rule|Endless Battle Clause: Forcing endless battles is banned
|rule|Species Clause: Limit one of each Pokémon
|rule|OHKO Clause: OHKO moves are banned
|rule|Evasion Items Clause: Evasion items are banned
|rule|Evasion Moves Clause: Evasion moves are banned
|rule|Evasion Abilities Clause: Evasion abilities are banned
|rule|Sleep Moves Clause: Sleep-inducing moves are banned
|clearpoke
|poke|p1|Ting-Lu|
|poke|p1|Rillaboom, F|
|poke|p1|Great Tusk|
|poke|p1|Gholdengo|
|poke|p1|Darkrai|
|poke|p1|Tornadus-Therian, M|
|poke|p2|Mamoswine, M|
|poke|p2|Ting-Lu|
|poke|p2|Gastrodon, M|
|poke|p2|Clodsire, M|
|poke|p2|Great Tusk|
|poke|p2|Landorus-Therian, M|
|teampreview
|inactive|Battle timer is ON: inactive players will automatically lose when time's up. (requested by horses aren't real)
|inactive|horses aren't real has 120 seconds left.
|
|t:|1760357743
|teamsize|p1|6
|teamsize|p2|6
|start
|switch|p1a: Darkrai|Darkrai|100/100
|switch|p2a: Mamoswine|Mamoswine, M|100/100
|turn|1
|
|t:|1760357749
|switch|p2a: Ting-Lu|Ting-Lu|100/100
|-ability|p2a: Ting-Lu|Vessel of Ruin
|move|p1a: Darkrai|Dark Pulse|p2a: Ting-Lu
|-resisted|p2a: Ting-Lu
|-damage|p2a: Ting-Lu|93/100
|
|upkeep
|turn|2
|
|t:|1760357753
|move|p1a: Darkrai|Ice Beam|p2a: Ting-Lu
|-supereffective|p2a: Ting-Lu
|-damage|p2a: Ting-Lu|75/100
|move|p2a: Ting-Lu|Ruination|p1a: Darkrai
|-damage|p1a: Darkrai|51/100
|
|upkeep
|turn|3
|
|t:|1760357757
|move|p1a: Darkrai|Knock Off|p2a: Ting-Lu
|-resisted|p2a: Ting-Lu
|-damage|p2a: Ting-Lu|66/100
|-enditem|p2a: Ting-Lu|Assault Vest|[from] move: Knock Off|[of] p1a: Darkrai
|move|p2a: Ting-Lu|Earthquake|p1a: Darkrai
|-damage|p1a: Darkrai|0 fnt
|faint|p1a: Darkrai
|
|upkeep
|
|t:|1760357764
|switch|p1a: Ting-Lu|Ting-Lu|100/100
|-ability|p1a: Ting-Lu|Vessel of Ruin
|turn|4
|
|t:|1760357771
|move|p2a: Ting-Lu|Ruination|p1a: Ting-Lu
|-damage|p1a: Ting-Lu|50/100
|move|p1a: Ting-Lu|Spikes|p2a: Ting-Lu
|-sidestart|p2: yokodai|Spikes
|
|-heal|p1a: Ting-Lu|57/100|[from] item: Leftovers
|upkeep
|turn|5
|
|t:|1760357782
|switch|p2a: Great Tusk|Great Tusk|100/100
|-damage|p2a: Great Tusk|88/100|[from] Spikes
|move|p1a: Ting-Lu|Whirlwind|p2a: Great Tusk
|-end|p2a: Great Tusk|Protosynthesis|[silent]
|drag|p2a: Ting-Lu|Ting-Lu|66/100
|-damage|p2a: Ting-Lu|53/100|[from] Spikes
|-ability|p2a: Ting-Lu|Vessel of Ruin
|
|-heal|p1a: Ting-Lu|63/100|[from] item: Leftovers
|upkeep
|turn|6
|
|t:|1760357793
|switch|p1a: Rillaboom|Rillaboom, F|100/100
|-fieldstart|move: Grassy Terrain|[from] ability: Grassy Surge|[of] p1a: Rillaboom
|move|p2a: Ting-Lu|Ruination|p1a: Rillaboom
|-damage|p1a: Rillaboom|50/100
|
|-heal|p1a: Rillaboom|57/100|[from] Grassy Terrain
|-heal|p2a: Ting-Lu|59/100|[from] Grassy Terrain
|upkeep
|turn|7
|
|t:|1760357799
|move|p1a: Rillaboom|Low Kick|p2a: Ting-Lu
|-supereffective|p2a: Ting-Lu
|-damage|p2a: Ting-Lu|14/100
|move|p2a: Ting-Lu|Payback|p1a: Rillaboom
|-crit|p1a: Rillaboom
|-damage|p1a: Rillaboom|0 fnt
|faint|p1a: Rillaboom
|
|-heal|p2a: Ting-Lu|20/100|[from] Grassy Terrain
|upkeep
|
|t:|1760357816
|switch|p1a: Great Tusk|Great Tusk|100/100
|turn|8
|
|t:|1760357821
|move|p1a: Great Tusk|Ice Spinner|p2a: Ting-Lu
|-supereffective|p2a: Ting-Lu
|-damage|p2a: Ting-Lu|0 fnt
|-fieldend|move: Grassy Terrain
|faint|p2a: Ting-Lu
|
|upkeep
|
|t:|1760357836
|switch|p2a: Landorus|Landorus-Therian, M|100/100
|-ability|p2a: Landorus|Intimidate|boost
|-unboost|p1a: Great Tusk|atk|1
|turn|9
|
|t:|1760357852
|-end|p1a: Great Tusk|Protosynthesis|[silent]
|switch|p1a: Tornadus|Tornadus-Therian, M|100/100
|move|p2a: Landorus|Earth Power|p1a: Tornadus
|-immune|p1a: Tornadus
|
|upkeep
|turn|10
|
|t:|1760357860
|switch|p2a: Clodsire|Clodsire, M|100/100
|-damage|p2a: Clodsire|88/100|[from] Spikes
|move|p1a: Tornadus|Knock Off|p2a: Clodsire
|-damage|p2a: Clodsire|74/100
|-enditem|p2a: Clodsire|Leftovers|[from] move: Knock Off|[of] p1a: Tornadus
|
|upkeep
|turn|11
|
|t:|1760357865
|move|p1a: Tornadus|U-turn|p2a: Clodsire
|-resisted|p2a: Clodsire
|-damage|p2a: Clodsire|69/100
|
|t:|1760357866
|switch|p1a: Gholdengo|Gholdengo|100/100|[from] U-turn
|move|p2a: Clodsire|Toxic Spikes|p1a: Gholdengo
|-sidestart|p1: horses aren't real|move: Toxic Spikes
|
|upkeep
|turn|12
|
|t:|1760357875
|move|p1a: Gholdengo|Nasty Plot|p1a: Gholdengo
|-boost|p1a: Gholdengo|spa|2
|move|p2a: Clodsire|Recover|p2a: Clodsire
|-heal|p2a: Clodsire|100/100
|
|upkeep
|turn|13
|j| dionysos
|
|t:|1760357878
|move|p1a: Gholdengo|Shadow Ball|p2a: Clodsire
|-damage|p2a: Clodsire|76/100
|-unboost|p2a: Clodsire|spd|1
|move|p2a: Clodsire|Earthquake|p1a: Gholdengo
|-supereffective|p1a: Gholdengo
|-crit|p1a: Gholdengo
|-enditem|p1a: Gholdengo|Shuca Berry|[eat]
|-enditem|p1a: Gholdengo|Shuca Berry|[weaken]
|-damage|p1a: Gholdengo|70/100
|
|upkeep
|turn|14
|l| dionysos
|
|t:|1760357899
|move|p1a: Gholdengo|Make It Rain|p2a: Clodsire
|-damage|p2a: Clodsire|13/100
|-unboost|p1a: Gholdengo|spa|1
|move|p2a: Clodsire|Recover|p2a: Clodsire
|-heal|p2a: Clodsire|63/100
|
|upkeep
|turn|15
|
|t:|1760357908
|move|p1a: Gholdengo|Make It Rain|p2a: Clodsire
|-crit|p2a: Clodsire
|-damage|p2a: Clodsire|0 fnt
|-unboost|p1a: Gholdengo|spa|1
|faint|p2a: Clodsire
|
|upkeep
|
|t:|1760357921
|switch|p2a: Gastrodon|Gastrodon, M|100/100
|-damage|p2a: Gastrodon|88/100|[from] Spikes
|turn|16
|
|t:|1760357924
|move|p1a: Gholdengo|Shadow Ball|p2a: Gastrodon
|-damage|p2a: Gastrodon|54/100
|move|p2a: Gastrodon|Hydro Pump|p1a: Gholdengo
|-damage|p1a: Gholdengo|3/100
|
|upkeep
|turn|17
|
|t:|1760357931
|move|p1a: Gholdengo|Nasty Plot|p1a: Gholdengo
|-boost|p1a: Gholdengo|spa|2
|move|p2a: Gastrodon|Hydro Pump|p1a: Gholdengo
|-damage|p1a: Gholdengo|0 fnt
|faint|p1a: Gholdengo
|
|upkeep
|
|t:|1760357932
|switch|p1a: Tornadus|Tornadus-Therian, M|100/100
|turn|18
|
|t:|1760357937
|move|p1a: Tornadus|Bleakwind Storm|p2a: Gastrodon
|-damage|p2a: Gastrodon|17/100
|move|p2a: Gastrodon|Hydro Pump|p1a: Tornadus
|-damage|p1a: Tornadus|52/100
|
|upkeep
|turn|19
|
|t:|1760357945
|move|p1a: Tornadus|Bleakwind Storm|p2a: Gastrodon
|-damage|p2a: Gastrodon|0 fnt
|faint|p2a: Gastrodon
|
|upkeep
|
|t:|1760357948
|switch|p2a: Mamoswine|Mamoswine, M|100/100
|-damage|p2a: Mamoswine|88/100|[from] Spikes
|turn|20
|
|t:|1760357957
|move|p1a: Tornadus|U-turn|p2a: Mamoswine
|-damage|p2a: Mamoswine|74/100
|
|t:|1760357958
|switch|p1a: Ting-Lu|Ting-Lu|63/100|[from] U-turn
|-status|p1a: Ting-Lu|psn
|-ability|p1a: Ting-Lu|Vessel of Ruin
|move|p2a: Mamoswine|Icicle Spear|p1a: Ting-Lu
|-supereffective|p1a: Ting-Lu
|-damage|p1a: Ting-Lu|40/100 psn
|-supereffective|p1a: Ting-Lu
|-damage|p1a: Ting-Lu|14/100 psn
|-supereffective|p1a: Ting-Lu
|-damage|p1a: Ting-Lu|0 fnt
|faint|p1a: Ting-Lu
|-hitcount|p1: Ting-Lu|3
|
|upkeep
|
|t:|1760357961
|switch|p1a: Great Tusk|Great Tusk|100/100
|-status|p1a: Great Tusk|psn
|turn|21
|
|t:|1760357975
|switch|p2a: Landorus|Landorus-Therian, M|100/100
|-ability|p2a: Landorus|Intimidate|boost
|-unboost|p1a: Great Tusk|atk|1
|move|p1a: Great Tusk|Headlong Rush|p2a: Landorus
|-immune|p2a: Landorus
|
|-damage|p1a: Great Tusk|88/100 psn|[from] psn
|upkeep
|turn|22
|
|t:|1760357981
|-terastallize|p2a: Landorus|Ice
|move|p1a: Great Tusk|Stealth Rock|p2a: Landorus
|-sidestart|p2: yokodai|move: Stealth Rock
|move|p2a: Landorus|Tera Blast|p1a: Great Tusk|[anim] Tera Blast Ice
|-supereffective|p1a: Great Tusk
|-damage|p1a: Great Tusk|0 fnt
|faint|p1a: Great Tusk
|-end|p1a: Great Tusk|Protosynthesis|[silent]
|
|upkeep
|
|t:|1760357984
|switch|p1a: Tornadus|Tornadus-Therian, M|85/100
|turn|23
|
|t:|1760357989
|-terastallize|p1a: Tornadus|Steel
|move|p1a: Tornadus|Heat Wave|p2a: Landorus|[miss]
|-miss|p1a: Tornadus|p2a: Landorus
|move|p2a: Landorus|Tera Blast|p1a: Tornadus|[anim] Tera Blast Ice
|-resisted|p1a: Tornadus
|-damage|p1a: Tornadus|72/100
|
|upkeep
|turn|24
|
|t:|1760357993
|move|p1a: Tornadus|Heat Wave|p2a: Landorus
|-supereffective|p2a: Landorus
|-damage|p2a: Landorus|51/100
|move|p2a: Landorus|Earth Power|p1a: Tornadus
|-supereffective|p1a: Tornadus
|-damage|p1a: Tornadus|15/100
|
|upkeep
|turn|25
|
|t:|1760357999
|move|p1a: Tornadus|Heat Wave|p2a: Landorus
|-supereffective|p2a: Landorus
|-damage|p2a: Landorus|2/100
|move|p2a: Landorus|Earth Power|p1a: Tornadus
|-supereffective|p1a: Tornadus
|-damage|p1a: Tornadus|0 fnt
|faint|p1a: Tornadus
|
|win|yokodai
|raw|horses aren&apos;t real's rating: 1555 &rarr; <strong>1536</strong><br />(-19 for losing)
|raw|yokodai's rating: 1565 &rarr; <strong>1584</strong><br />(+19 for winning)
|l|☆yokodai
|player|p2|
|c|☆horses aren't real|unfortunate doesnt begin to
|l|☆horses aren't real
|player|p1|
