|j|☆Tvppp
|j|☆Dolost
|t:|1760415763
|gametype|singles
|player|p1|Tvppp|flint|1063
|player|p2|Dolost|gentleman-gen4dp|1055
|gen|9
|tier|[Gen 9] OU
|rated|
|rule|HP Percentage Mod: HP is shown in percentages
|rule|Endless Battle Clause: Forcing endless battles is banned
|rule|Species Clause: Limit one of each Pokémon
|rule|OHKO Clause: OHKO moves are banned
|rule|Evasion Items Clause: Evasion items are banned
|rule|Evasion Moves Clause: Evasion moves are banned
|rule|Evasion Abilities Clause: Evasion abilities are banned
|rule|Sleep Moves Clause: Sleep-inducing moves are banned
|clearpoke
|poke|p1|Zamazenta-*|
|poke|p1|Alomomola, F|
|poke|p1|Kingambit, M|
|poke|p1|Raging Bolt|
|poke|p1|Ting-Lu|
|poke|p1|Rillaboom, F|
|poke|p2|Porygon-Z|
|poke|p2|Wo-Chien|
|poke|p2|Ursaluna, M|
|poke|p2|Amoonguss, M|
|poke|p2|Sylveon, M|
|poke|p2|Weezing-Galar, M|
|teampreview
|
|t:|1760415780
|teamsize|p1|6
|teamsize|p2|6
|start
|switch|p1a: Rillaboom|Rillaboom, F, shiny|100/100
|switch|p2a: Porygon-Z|Porygon-Z|100/100
|-fieldstart|move: Grassy Terrain|[from] ability: Grassy Surge|[of] p1a: Rillaboom
|turn|1
|
|t:|1760415789
|move|p1a: Rillaboom|Fake Out|p2a: Porygon-Z
|-damage|p2a: Porygon-Z|82/100
|cant|p2a: Porygon-Z|flinch
|
|-heal|p2a: Porygon-Z|88/100|[from] Grassy Terrain
|upkeep
|turn|2
|
|t:|1760415798
|switch|p1a: Alomomola|Alomomola, F, shiny|100/100
|switch|p2a: Amoonguss|Amoonguss, M|100/100
|
|upkeep
|turn|3
|
|t:|1760415807
|move|p1a: Alomomola|Flip Turn|p2a: Amoonguss
|-resisted|p2a: Amoonguss
|-damage|p2a: Amoonguss|96/100
|-damage|p1a: Alomomola|84/100|[from] item: Rocky Helmet|[of] p2a: Amoonguss
|
|t:|1760415813
|switch|p1a: Rillaboom|Rillaboom, F, shiny|100/100|[from] Flip Turn
|move|p2a: Amoonguss|Toxic|p1a: Rillaboom
|-status|p1a: Rillaboom|tox
|
|-heal|p2a: Amoonguss|100/100|[from] Grassy Terrain
|-damage|p1a: Rillaboom|94/100 tox|[from] psn
|upkeep
|turn|4
|
|t:|1760415830
|switch|p1a: Ting-Lu|Ting-Lu, shiny|100/100
|-ability|p1a: Ting-Lu|Vessel of Ruin
|move|p2a: Amoonguss|Foul Play|p1a: Ting-Lu
|-resisted|p1a: Ting-Lu
|-damage|p1a: Ting-Lu|95/100
|
|-heal|p1a: Ting-Lu|100/100|[from] Grassy Terrain
|upkeep
|turn|5
|
|t:|1760415844
|move|p1a: Ting-Lu|Stealth Rock|p2a: Amoonguss
|-sidestart|p2: Dolost|move: Stealth Rock
|move|p2a: Amoonguss|Giga Drain|p1a: Ting-Lu
|-supereffective|p1a: Ting-Lu
|-damage|p1a: Ting-Lu|66/100
|
|-heal|p1a: Ting-Lu|72/100|[from] Grassy Terrain
|-heal|p1a: Ting-Lu|78/100|[from] item: Leftovers
|-fieldend|move: Grassy Terrain
|upkeep
|turn|6
|
|t:|1760415854
|move|p1a: Ting-Lu|Spikes|p2a: Amoonguss
|-sidestart|p2: Dolost|Spikes
|move|p2a: Amoonguss|Toxic|p1a: Ting-Lu
|-status|p1a: Ting-Lu|tox
|
|-heal|p1a: Ting-Lu|84/100 tox|[from] item: Leftovers
|-damage|p1a: Ting-Lu|78/100 tox|[from] psn
|upkeep
|turn|7
|
|t:|1760415867
|move|p1a: Ting-Lu|Spikes|p2a: Amoonguss
|-sidestart|p2: Dolost|Spikes
|move|p2a: Amoonguss|Foul Play|p1a: Ting-Lu
|-resisted|p1a: Ting-Lu
|-damage|p1a: Ting-Lu|73/100 tox
|
|-heal|p1a: Ting-Lu|79/100 tox|[from] item: Leftovers
|-damage|p1a: Ting-Lu|67/100 tox|[from] psn
|upkeep
|turn|8
|
|t:|1760415887
|switch|p2a: Porygon-Z|Porygon-Z|88/100
|-damage|p2a: Porygon-Z|76/100|[from] Stealth Rock
|-damage|p2a: Porygon-Z|59/100|[from] Spikes
|move|p1a: Ting-Lu|Whirlwind|p2a: Porygon-Z
|drag|p2a: Wo-Chien|Wo-Chien|100/100
|-damage|p2a: Wo-Chien|88/100|[from] Stealth Rock
|-damage|p2a: Wo-Chien|72/100|[from] Spikes
|-ability|p2a: Wo-Chien|Tablets of Ruin
|
|-heal|p2a: Wo-Chien|78/100|[from] item: Leftovers
|-heal|p1a: Ting-Lu|73/100 tox|[from] item: Leftovers
|-damage|p1a: Ting-Lu|55/100 tox|[from] psn
|upkeep
|turn|9
|
|t:|1760415903
|move|p2a: Wo-Chien|Knock Off|p1a: Ting-Lu
|-resisted|p1a: Ting-Lu
|-damage|p1a: Ting-Lu|48/100 tox
|-enditem|p1a: Ting-Lu|Leftovers|[from] move: Knock Off|[of] p2a: Wo-Chien
|move|p1a: Ting-Lu|Whirlwind|p2a: Wo-Chien
|drag|p2a: Weezing|Weezing-Galar, M|100/100
|-damage|p2a: Weezing|88/100|[from] Stealth Rock
|
|-damage|p1a: Ting-Lu|24/100 tox|[from] psn
|upkeep
|turn|10
|
|t:|1760415919
|switch|p1a: Rillaboom|Rillaboom, F, shiny|94/100 tox
|-fieldstart|move: Grassy Terrain|[from] ability: Grassy Surge|[of] p1a: Rillaboom
|move|p2a: Weezing|Toxic Spikes|p1a: Rillaboom
|-sidestart|p1: Tvppp|move: Toxic Spikes
|
|-heal|p1a: Rillaboom|100/100 tox|[from] Grassy Terrain
|-damage|p1a: Rillaboom|94/100 tox|[from] psn
|upkeep
|turn|11
|
|t:|1760415932
|move|p1a: Rillaboom|Fake Out|p2a: Weezing
|-damage|p2a: Weezing|79/100
|-damage|p1a: Rillaboom|78/100 tox|[from] item: Rocky Helmet|[of] p2a: Weezing
|cant|p2a: Weezing|flinch
|
|-heal|p1a: Rillaboom|84/100 tox|[from] Grassy Terrain
|-heal|p1a: Rillaboom|90/100 tox|[from] item: Leftovers
|-damage|p1a: Rillaboom|78/100 tox|[from] psn
|upkeep
|turn|12
|
|t:|1760415946
|move|p1a: Rillaboom|Earthquake|p2a: Weezing
|-immune|p2a: Weezing|[from] ability: Levitate
|move|p2a: Weezing|Toxic Spikes|p1a: Rillaboom
|-sidestart|p1: Tvppp|move: Toxic Spikes
|
|-heal|p1a: Rillaboom|84/100 tox|[from] Grassy Terrain
|-heal|p1a: Rillaboom|90/100 tox|[from] item: Leftovers
|-damage|p1a: Rillaboom|72/100 tox|[from] psn
|upkeep
|turn|13
|
|t:|1760415958
|move|p1a: Rillaboom|Grassy Glide|p2a: Weezing
|-resisted|p2a: Weezing
|-damage|p2a: Weezing|68/100
|-damage|p1a: Rillaboom|55/100 tox|[from] item: Rocky Helmet|[of] p2a: Weezing
|move|p2a: Weezing|Strange Steam|p1a: Rillaboom
|-damage|p1a: Rillaboom|20/100 tox
|-start|p1a: Rillaboom|confusion
|
|-heal|p1a: Rillaboom|26/100 tox|[from] Grassy Terrain
|-heal|p1a: Rillaboom|32/100 tox|[from] item: Leftovers
|-damage|p1a: Rillaboom|8/100 tox|[from] psn
|upkeep
|turn|14
|
|t:|1760415973
|-activate|p1a: Rillaboom|confusion
|-damage|p1a: Rillaboom|0 fnt|[from] confusion
|faint|p1a: Rillaboom
|move|p2a: Weezing|Strange Steam|p1: Rillaboom|[notarget]
|-fail|p2a: Weezing
|
|-fieldend|move: Grassy Terrain
|upkeep
|
|t:|1760415987
|switch|p1a: Kingambit|Kingambit, M, shiny|100/100
|-activate|p1a: Kingambit|ability: Supreme Overlord
|-start|p1a: Kingambit|fallen1|[silent]
|turn|15
|
|t:|1760416005
|switch|p2a: Ursaluna|Ursaluna, M|100/100
|-damage|p2a: Ursaluna|94/100|[from] Stealth Rock
|-damage|p2a: Ursaluna|78/100|[from] Spikes
|move|p1a: Kingambit|Iron Head|p2a: Ursaluna
|-damage|p2a: Ursaluna|36/100
|
|-status|p2a: Ursaluna|brn|[from] item: Flame Orb
|upkeep
|turn|16
|
|t:|1760416018
|-terastallize|p1a: Kingambit|Dark
|move|p1a: Kingambit|Sucker Punch|p2a: Ursaluna
|-damage|p2a: Ursaluna|0 fnt
|faint|p2a: Ursaluna
|
|upkeep
|
|t:|1760416031
|switch|p2a: Wo-Chien|Wo-Chien|78/100
|-damage|p2a: Wo-Chien|65/100|[from] Stealth Rock
|-damage|p2a: Wo-Chien|49/100|[from] Spikes
|-ability|p2a: Wo-Chien|Tablets of Ruin
|turn|17
|
|t:|1760416040
|move|p2a: Wo-Chien|Leech Seed|p1a: Kingambit
|-start|p1a: Kingambit|move: Leech Seed
|move|p1a: Kingambit|Aerial Ace|p2a: Wo-Chien
|-supereffective|p2a: Wo-Chien
|-crit|p2a: Wo-Chien
|-damage|p2a: Wo-Chien|9/100
|
|-heal|p2a: Wo-Chien|15/100|[from] item: Leftovers
|-damage|p1a: Kingambit|88/100|[from] Leech Seed|[of] p2a: Wo-Chien
|-heal|p2a: Wo-Chien|26/100|[silent]
|upkeep
|turn|18
|
|t:|1760416056
|move|p2a: Wo-Chien|Protect|p2a: Wo-Chien
|-singleturn|p2a: Wo-Chien|Protect
|move|p1a: Kingambit|Iron Head|p2a: Wo-Chien
|-activate|p2a: Wo-Chien|move: Protect
|
|-heal|p2a: Wo-Chien|32/100|[from] item: Leftovers
|-damage|p1a: Kingambit|76/100|[from] Leech Seed|[of] p2a: Wo-Chien
|-heal|p2a: Wo-Chien|44/100|[silent]
|upkeep
|turn|19
|
|t:|1760416076
|switch|p2a: Porygon-Z|Porygon-Z|59/100
|-damage|p2a: Porygon-Z|47/100|[from] Stealth Rock
|-damage|p2a: Porygon-Z|31/100|[from] Spikes
|-end|p1a: Kingambit|fallen1|[silent]
|switch|p1a: Ting-Lu|Ting-Lu, shiny|24/100 tox
|-ability|p1a: Ting-Lu|Vessel of Ruin
|
|-damage|p1a: Ting-Lu|18/100 tox|[from] psn
|upkeep
|turn|20
|
|t:|1760416095
|-terastallize|p2a: Porygon-Z|Ground
|move|p2a: Porygon-Z|Tera Blast|p1a: Ting-Lu|[anim] Tera Blast Ground
|-damage|p1a: Ting-Lu|0 fnt
|faint|p1a: Ting-Lu
|
|upkeep
|
|t:|1760416115
|switch|p1a: Alomomola|Alomomola, F, shiny|100/100
|-status|p1a: Alomomola|tox
|turn|21
|
|t:|1760416121
|move|p2a: Porygon-Z|Thunderbolt|p1a: Alomomola
|-supereffective|p1a: Alomomola
|-damage|p1a: Alomomola|52/100 tox
|move|p1a: Alomomola|Scald|p2a: Porygon-Z
|-supereffective|p2a: Porygon-Z
|-damage|p2a: Porygon-Z|0 fnt
|faint|p2a: Porygon-Z
|
|-heal|p1a: Alomomola|58/100 tox|[from] item: Leftovers
|-damage|p1a: Alomomola|52/100 tox|[from] psn
|upkeep
|l|☆Tvppp
|player|p1|
|
|t:|1760416139
|switch|p2a: Amoonguss|Amoonguss, M|100/100
|-damage|p2a: Amoonguss|88/100|[from] Stealth Rock
|-damage|p2a: Amoonguss|71/100|[from] Spikes
|turn|22
|j|☆Tvppp
|player|p1|Tvppp|flint|
|
|t:|1760416160
|move|p1a: Alomomola|Wish|p1a: Alomomola
|move|p2a: Amoonguss|Giga Drain|p1a: Alomomola
|-supereffective|p1a: Alomomola
|-damage|p1a: Alomomola|20/100 tox
|-heal|p2a: Amoonguss|91/100|[from] drain|[of] p1a: Alomomola
|
|-heal|p1a: Alomomola|27/100 tox|[from] item: Leftovers
|-damage|p1a: Alomomola|14/100 tox|[from] psn
|upkeep
|turn|23
|
|t:|1760416170
|move|p1a: Alomomola|Scald|p2a: Amoonguss
|-resisted|p2a: Amoonguss
|-crit|p2a: Amoonguss
|-damage|p2a: Amoonguss|82/100
|move|p2a: Amoonguss|Giga Drain|p1a: Alomomola
|-supereffective|p1a: Alomomola
|-damage|p1a: Alomomola|0 fnt
|-heal|p2a: Amoonguss|91/100|[from] drain|[of] p1a: Alomomola
|faint|p1a: Alomomola
|
|upkeep
|
|t:|1760416180
|switch|p1a: Kingambit|Kingambit, M, shiny, tera:Dark|76/100
|-status|p1a: Kingambit|tox
|-activate|p1a: Kingambit|ability: Supreme Overlord
|-start|p1a: Kingambit|fallen3|[silent]
|turn|24
|
|t:|1760416192
|switch|p2a: Wo-Chien|Wo-Chien|44/100
|-damage|p2a: Wo-Chien|31/100|[from] Stealth Rock
|-damage|p2a: Wo-Chien|15/100|[from] Spikes
|-ability|p2a: Wo-Chien|Tablets of Ruin
|move|p1a: Kingambit|Aerial Ace|p2a: Wo-Chien
|-supereffective|p2a: Wo-Chien
|-damage|p2a: Wo-Chien|0 fnt
|faint|p2a: Wo-Chien
|
|-damage|p1a: Kingambit|70/100 tox|[from] psn
|upkeep
|
|t:|1760416208
|switch|p2a: Weezing|Weezing-Galar, M|68/100
|-damage|p2a: Weezing|55/100|[from] Stealth Rock
|turn|25
|
|t:|1760416219
|move|p2a: Weezing|Strange Steam|p1a: Kingambit
|-supereffective|p1a: Kingambit
|-damage|p1a: Kingambit|27/100 tox
|move|p1a: Kingambit|Kowtow Cleave|p2a: Weezing
|-resisted|p2a: Weezing
|-damage|p2a: Weezing|29/100
|-damage|p1a: Kingambit|11/100 tox|[from] item: Rocky Helmet|[of] p2a: Weezing
|
|-damage|p1a: Kingambit|0 fnt|[from] psn
|faint|p1a: Kingambit
|-end|p1a: Kingambit|fallen3|[silent]
|upkeep
|
|t:|1760416230
|switch|p1a: Raging Bolt|Raging Bolt|100/100
|-status|p1a: Raging Bolt|tox
|turn|26
|
|t:|1760416239
|move|p1a: Raging Bolt|Thunderclap|p2a: Weezing
|-damage|p2a: Weezing|0 fnt
|faint|p2a: Weezing
|
|-damage|p1a: Raging Bolt|94/100 tox|[from] psn
|upkeep
|
|t:|1760416246
|switch|p2a: Amoonguss|Amoonguss, M|100/100
|-damage|p2a: Amoonguss|88/100|[from] Stealth Rock
|-damage|p2a: Amoonguss|71/100|[from] Spikes
|turn|27
|
|t:|1760416256
|move|p1a: Raging Bolt|Draco Meteor|p2a: Amoonguss
|-damage|p2a: Amoonguss|0 fnt
|-unboost|p1a: Raging Bolt|spa|2
|faint|p2a: Amoonguss
|
|-damage|p1a: Raging Bolt|82/100 tox|[from] psn
|upkeep
|
|t:|1760416264
|switch|p2a: Sylveon|Sylveon, M|100/100
|-damage|p2a: Sylveon|88/100|[from] Stealth Rock
|-damage|p2a: Sylveon|71/100|[from] Spikes
|turn|28
|
|t:|1760416270
|move|p1a: Raging Bolt|Thunderclap||[still]
|-fail|p1a: Raging Bolt
|move|p2a: Sylveon|Wish|p2a: Sylveon
|
|-damage|p1a: Raging Bolt|63/100 tox|[from] psn
|upkeep
|turn|29
|
|t:|1760416278
|move|p1a: Raging Bolt|Thunderclap||[still]
|-fail|p1a: Raging Bolt
|move|p2a: Sylveon|Calm Mind|p2a: Sylveon
|-boost|p2a: Sylveon|spa|1
|-boost|p2a: Sylveon|spd|1
|
|-heal|p2a: Sylveon|100/100|[from] move: Wish|[wisher] Sylveon
|-damage|p1a: Raging Bolt|38/100 tox|[from] psn
|upkeep
|turn|30
|
|t:|1760416289
|move|p1a: Raging Bolt|Draco Meteor|p2a: Sylveon
|-immune|p2a: Sylveon
|move|p2a: Sylveon|Moonblast|p1a: Raging Bolt
|-supereffective|p1a: Raging Bolt
|-damage|p1a: Raging Bolt|0 fnt
|faint|p1a: Raging Bolt
|-end|p1a: Raging Bolt|Protosynthesis|[silent]
|
|upkeep
|
|t:|1760416298
|switch|p1a: Zamazenta|Zamazenta, shiny|100/100
|-status|p1a: Zamazenta|tox
|-ability|p1a: Zamazenta|Dauntless Shield|boost
|-boost|p1a: Zamazenta|def|1
|turn|31
|
|t:|1760416306
|move|p1a: Zamazenta|Heavy Slam|p2a: Sylveon
|-supereffective|p2a: Sylveon
|-damage|p2a: Sylveon|0 fnt
|faint|p2a: Sylveon
|-damage|p1a: Zamazenta|91/100 tox|[from] item: Life Orb
|
|win|Tvppp
|raw|Tvppp's rating: 1063 &rarr; <strong>1093</strong><br />(+30 for winning)
|raw|Dolost's rating: 1055 &rarr; <strong>1037</strong><br />(-18 for losing)
|l|☆Tvppp
|player|p1|
|l|☆Dolost
|player|p2|
