|j|☆comboyzzz
|j|☆jakkuza
|t:|1760330479
|gametype|singles
|player|p1|comboyzzz|brock|1214
|player|p2|jakkuza|dawn|1241
|gen|9
|tier|[Gen 9] OU
|rated|
|rule|HP Percentage Mod: HP is shown in percentages
|rule|Endless Battle Clause: Forcing endless battles is banned
|rule|Species Clause: Limit one of each Pokémon
|rule|OHKO Clause: OHKO moves are banned
|rule|Evasion Items Clause: Evasion items are banned
|rule|Evasion Moves Clause: Evasion moves are banned
|rule|Evasion Abilities Clause: Evasion abilities are banned
|rule|Sleep Moves Clause: Sleep-inducing moves are banned
|clearpoke
|poke|p1|Araquanid, F|
|poke|p1|Hawlucha, M|
|poke|p1|Hatterene, F|
|poke|p1|Porygon2|
|poke|p1|Dragapult, F|
|poke|p1|Great Tusk|
|poke|p2|Garganacl, F|
|poke|p2|Polteageist|
|poke|p2|Clefable, M|
|poke|p2|Rillaboom, M|
|poke|p2|Zamazenta-*|
|poke|p2|Ditto|
|teampreview
|inactive|Battle timer is ON: inactive players will automatically lose when time's up. (requested by comboyzzz)
|
|t:|1760330494
|teamsize|p1|6
|teamsize|p2|6
|start
|switch|p1a: Dragapult|Dragapult, F|100/100
|switch|p2a: Zamazenta|Zamazenta|100/100
|-ability|p2a: Zamazenta|Dauntless Shield|boost
|-boost|p2a: Zamazenta|def|1
|turn|1
|j| electrofug
|
|t:|1760330518
|move|p1a: Dragapult|U-turn|p2a: Zamazenta
|-resisted|p2a: Zamazenta
|-damage|p2a: Zamazenta|96/100
|
|t:|1760330523
|switch|p1a: Hatterene|Hatterene, F|100/100|[from] U-turn
|move|p2a: Zamazenta|Crunch|p1a: Hatterene
|-damage|p1a: Hatterene|77/100
|
|-heal|p1a: Hatterene|83/100|[from] item: Leftovers
|upkeep
|turn|2
|
|t:|1760330539
|-terastallize|p2a: Zamazenta|Dark
|move|p2a: Zamazenta|Heavy Slam|p1a: Hatterene
|-supereffective|p1a: Hatterene
|-damage|p1a: Hatterene|4/100
|move|p1a: Hatterene|Calm Mind|p1a: Hatterene
|-boost|p1a: Hatterene|spa|1
|-boost|p1a: Hatterene|spd|1
|
|-heal|p1a: Hatterene|10/100|[from] item: Leftovers
|upkeep
|turn|3
|
|t:|1760330552
|switch|p1a: Great Tusk|Great Tusk|100/100
|-enditem|p1a: Great Tusk|Booster Energy
|-activate|p1a: Great Tusk|ability: Protosynthesis|[fromitem]
|-start|p1a: Great Tusk|protosynthesisatk
|move|p2a: Zamazenta|Crunch|p1a: Great Tusk
|-resisted|p1a: Great Tusk
|-damage|p1a: Great Tusk|85/100
|
|upkeep
|turn|4
|
|t:|1760330579
|move|p2a: Zamazenta|Ice Fang|p1a: Great Tusk
|-supereffective|p1a: Great Tusk
|-damage|p1a: Great Tusk|47/100
|move|p1a: Great Tusk|Stealth Rock|p2a: Zamazenta
|-sidestart|p2: jakkuza|move: Stealth Rock
|
|upkeep
|turn|5
|
|t:|1760330586
|move|p2a: Zamazenta|Ice Fang|p1a: Great Tusk
|-supereffective|p1a: Great Tusk
|-damage|p1a: Great Tusk|7/100
|-status|p1a: Great Tusk|frz
|cant|p1a: Great Tusk|frz
|
|upkeep
|turn|6
|
|t:|1760330594
|move|p2a: Zamazenta|Crunch|p1a: Great Tusk
|-resisted|p1a: Great Tusk
|-damage|p1a: Great Tusk|0 fnt
|faint|p1a: Great Tusk
|-end|p1a: Great Tusk|Protosynthesis|[silent]
|
|upkeep
|
|t:|1760330606
|switch|p1a: Hawlucha|Hawlucha, M|100/100
|turn|7
|
|t:|1760330626
|move|p2a: Zamazenta|Ice Fang|p1a: Hawlucha
|-supereffective|p1a: Hawlucha
|-damage|p1a: Hawlucha|22/100
|cant|p1a: Hawlucha|flinch
|
|upkeep
|turn|8
|
|t:|1760330632
|move|p2a: Zamazenta|Crunch|p1a: Hawlucha
|-resisted|p1a: Hawlucha
|-damage|p1a: Hawlucha|0 fnt
|faint|p1a: Hawlucha
|
|upkeep
|
|t:|1760330637
|switch|p1a: Hatterene|Hatterene, F|10/100
|turn|9
|
|t:|1760330639
|move|p2a: Zamazenta|Crunch|p1a: Hatterene
|-damage|p1a: Hatterene|0 fnt
|faint|p1a: Hatterene
|
|upkeep
|
|t:|1760330643
|switch|p1a: Dragapult|Dragapult, F|100/100
|turn|10
|
|t:|1760330645
|move|p1a: Dragapult|Draco Meteor|p2a: Zamazenta
|-damage|p2a: Zamazenta|20/100
|-unboost|p1a: Dragapult|spa|2
|move|p2a: Zamazenta|Crunch|p1a: Dragapult
|-supereffective|p1a: Dragapult
|-damage|p1a: Dragapult|0 fnt
|faint|p1a: Dragapult
|
|upkeep
|
|t:|1760330652
|switch|p1a: Araquanid|Araquanid, F|100/100
|turn|11
|
|t:|1760330660
|move|p2a: Zamazenta|Crunch|p1a: Araquanid
|-damage|p1a: Araquanid|55/100
|move|p1a: Araquanid|Liquidation|p2a: Zamazenta
|-damage|p2a: Zamazenta|0 fnt
|faint|p2a: Zamazenta
|
|upkeep
|
|t:|1760330674
|switch|p2a: Clefable|Clefable, M|100/100
|turn|12
|
|t:|1760330678
|move|p2a: Clefable|Cosmic Power|p2a: Clefable
|-boost|p2a: Clefable|def|1
|-boost|p2a: Clefable|spd|1
|move|p1a: Araquanid|Liquidation|p2a: Clefable
|-damage|p2a: Clefable|59/100
|
|-heal|p2a: Clefable|65/100|[from] item: Leftovers
|upkeep
|turn|13
|
|t:|1760330690
|move|p2a: Clefable|Cosmic Power|p2a: Clefable
|-boost|p2a: Clefable|def|1
|-boost|p2a: Clefable|spd|1
|move|p1a: Araquanid|Liquidation|p2a: Clefable
|-damage|p2a: Clefable|34/100
|
|-heal|p2a: Clefable|40/100|[from] item: Leftovers
|upkeep
|turn|14
|
|t:|1760330697
|move|p2a: Clefable|Moonlight|p2a: Clefable
|-heal|p2a: Clefable|90/100
|move|p1a: Araquanid|Liquidation|p2a: Clefable
|-damage|p2a: Clefable|61/100
|
|-heal|p2a: Clefable|67/100|[from] item: Leftovers
|upkeep
|turn|15
|
|t:|1760330705
|move|p2a: Clefable|Cosmic Power|p2a: Clefable
|-boost|p2a: Clefable|def|1
|-boost|p2a: Clefable|spd|1
|move|p1a: Araquanid|Liquidation|p2a: Clefable
|-damage|p2a: Clefable|45/100
|
|-heal|p2a: Clefable|51/100|[from] item: Leftovers
|upkeep
|turn|16
|
|t:|1760330714
|move|p2a: Clefable|Moonlight|p2a: Clefable
|-heal|p2a: Clefable|100/100
|move|p1a: Araquanid|Liquidation|p2a: Clefable
|-damage|p2a: Clefable|74/100
|
|-heal|p2a: Clefable|80/100|[from] item: Leftovers
|upkeep
|turn|17
|
|t:|1760330721
|move|p2a: Clefable|Cosmic Power|p2a: Clefable
|-boost|p2a: Clefable|def|1
|-boost|p2a: Clefable|spd|1
|move|p1a: Araquanid|Crunch|p2a: Clefable
|-resisted|p2a: Clefable
|-damage|p2a: Clefable|77/100
|
|-heal|p2a: Clefable|83/100|[from] item: Leftovers
|upkeep
|turn|18
|
|t:|1760330723
|move|p2a: Clefable|Cosmic Power|p2a: Clefable
|-boost|p2a: Clefable|def|1
|-boost|p2a: Clefable|spd|1
|move|p1a: Araquanid|Crunch|p2a: Clefable
|-resisted|p2a: Clefable
|-damage|p2a: Clefable|81/100
|
|-heal|p2a: Clefable|87/100|[from] item: Leftovers
|upkeep
|turn|19
|
|t:|1760330731
|move|p2a: Clefable|Cosmic Power|p2a: Clefable
|-boost|p2a: Clefable|def|1
|-boost|p2a: Clefable|spd|1
|move|p1a: Araquanid|Crunch|p2a: Clefable
|-resisted|p2a: Clefable
|-crit|p2a: Clefable
|-damage|p2a: Clefable|73/100
|
|-heal|p2a: Clefable|79/100|[from] item: Leftovers
|upkeep
|turn|20
|
|t:|1760330736
|move|p2a: Clefable|Charge Beam|p1a: Araquanid
|-supereffective|p1a: Araquanid
|-damage|p1a: Araquanid|42/100
|-boost|p2a: Clefable|spa|1
|move|p1a: Araquanid|Mirror Coat|p2a: Clefable
|-damage|p2a: Clefable|56/100
|
|-heal|p2a: Clefable|62/100|[from] item: Leftovers
|upkeep
|turn|21
|
|t:|1760330743
|move|p2a: Clefable|Charge Beam|p1a: Araquanid
|-supereffective|p1a: Araquanid
|-damage|p1a: Araquanid|21/100
|move|p1a: Araquanid|Mirror Coat|p2a: Clefable
|-damage|p2a: Clefable|26/100
|
|-heal|p2a: Clefable|32/100|[from] item: Leftovers
|upkeep
|turn|22
|
|t:|1760330752
|move|p2a: Clefable|Moonlight|p2a: Clefable
|-heal|p2a: Clefable|82/100
|move|p1a: Araquanid|Liquidation|p2a: Clefable
|-crit|p2a: Clefable
|-damage|p2a: Clefable|0 fnt
|faint|p2a: Clefable
|
|upkeep
|
|t:|1760330774
|switch|p2a: Rillaboom|Rillaboom, M|100/100
|-damage|p2a: Rillaboom|88/100|[from] Stealth Rock
|-fieldstart|move: Grassy Terrain|[from] ability: Grassy Surge|[of] p2a: Rillaboom
|turn|23
|
|t:|1760330777
|move|p2a: Rillaboom|Wood Hammer|p1a: Araquanid
|-damage|p1a: Araquanid|0 fnt
|faint|p1a: Araquanid
|-damage|p2a: Rillaboom|82/100|[from] Recoil
|
|-heal|p2a: Rillaboom|88/100|[from] Grassy Terrain
|upkeep
|
|t:|1760330780
|switch|p1a: Porygon2|Porygon2|100/100
|turn|24
|l| electrofug
|
|t:|1760330787
|move|p2a: Rillaboom|Wood Hammer|p1a: Porygon2
|-damage|p1a: Porygon2|25/100
|-damage|p2a: Rillaboom|61/100|[from] Recoil
|move|p1a: Porygon2|Tri Attack|p2a: Rillaboom
|-damage|p2a: Rillaboom|0 fnt
|faint|p2a: Rillaboom
|
|-heal|p1a: Porygon2|31/100|[from] Grassy Terrain
|upkeep
|
|t:|1760330794
|switch|p2a: Ditto|Ditto|100/100
|-damage|p2a: Ditto|88/100|[from] Stealth Rock
|-transform|p2a: Ditto|p1a: Porygon2|[from] ability: Imposter
|turn|25
|
|t:|1760330801
|move|p2a: Ditto|Tri Attack|p1a: Porygon2
|-damage|p1a: Porygon2|7/100
|move|p1a: Porygon2|Recover|p1a: Porygon2
|-heal|p1a: Porygon2|57/100
|
|-heal|p2a: Ditto|94/100|[from] Grassy Terrain
|-heal|p1a: Porygon2|63/100|[from] Grassy Terrain
|upkeep
|turn|26
|
|t:|1760330810
|move|p2a: Ditto|Tri Attack|p1a: Porygon2
|-damage|p1a: Porygon2|39/100
|move|p1a: Porygon2|Recover|p1a: Porygon2
|-heal|p1a: Porygon2|89/100
|
|-heal|p2a: Ditto|99/100|[from] Grassy Terrain
|-heal|p1a: Porygon2|95/100|[from] Grassy Terrain
|upkeep
|turn|27
|
|t:|1760330817
|move|p2a: Ditto|Tri Attack|p1a: Porygon2
|-damage|p1a: Porygon2|69/100
|-status|p1a: Porygon2|brn
|move|p1a: Porygon2|Tri Attack|p2a: Ditto
|-damage|p2a: Ditto|37/100
|
|-heal|p2a: Ditto|43/100|[from] Grassy Terrain
|-heal|p1a: Porygon2|75/100 brn|[from] Grassy Terrain
|-damage|p1a: Porygon2|69/100 brn|[from] brn
|-fieldend|move: Grassy Terrain
|upkeep
|turn|28
|
|t:|1760330829
|move|p2a: Ditto|Tri Attack|p1a: Porygon2
|-damage|p1a: Porygon2|42/100 brn
|move|p1a: Porygon2|Tri Attack|p2a: Ditto
|-damage|p2a: Ditto|0 fnt
|faint|p2a: Ditto
|
|-damage|p1a: Porygon2|36/100 brn|[from] brn
|upkeep
|
|t:|1760330838
|switch|p2a: Garganacl|Garganacl, F|100/100
|-damage|p2a: Garganacl|88/100|[from] Stealth Rock
|turn|29
|
|t:|1760330841
|move|p1a: Porygon2|Recover|p1a: Porygon2
|-heal|p1a: Porygon2|86/100 brn
|move|p2a: Garganacl|Salt Cure|p1a: Porygon2
|-damage|p1a: Porygon2|76/100 brn
|-start|p1a: Porygon2|Salt Cure
|
|-heal|p2a: Garganacl|94/100|[from] item: Leftovers
|-damage|p1a: Porygon2|70/100 brn|[from] brn
|-damage|p1a: Porygon2|57/100 brn|[from] Salt Cure
|upkeep
|turn|30
|-message|comboyzzz forfeited.
|
|win|jakkuza
|raw|comboyzzz's rating: 1214 &rarr; <strong>1191</strong><br />(-23 for losing)
|raw|jakkuza's rating: 1241 &rarr; <strong>1264</strong><br />(+23 for winning)
|l|☆comboyzzz
|player|p1|
|l|☆jakkuza
|player|p2|
