|j|☆Crocodile E
|j|☆dia90
|t:|1760454736
|gametype|singles
|player|p1|Crocodile E|boarder|1489
|player|p2|dia90|2|1597
|gen|9
|tier|[Gen 9] OU
|rated|
|rule|HP Percentage Mod: HP is shown in percentages
|rule|Endless Battle Clause: Forcing endless battles is banned
|rule|Species Clause: Limit one of each Pokémon
|rule|OHKO Clause: OHKO moves are banned
|rule|Evasion Items Clause: Evasion items are banned
|rule|Evasion Moves Clause: Evasion moves are banned
|rule|Evasion Abilities Clause: Evasion abilities are banned
|rule|Sleep Moves Clause: Sleep-inducing moves are banned
|clearpoke
|poke|p1|Glimmora, F|
|poke|p1|Iron Treads|
|poke|p1|Polteageist-Antique|
|poke|p1|Raging Bolt|
|poke|p1|Dragonite, M|
|poke|p1|Zamazenta-*|
|poke|p2|Rillaboom, F|
|poke|p2|Ogerpon, F|
|poke|p2|Raging Bolt|
|poke|p2|Greninja-*, M|
|poke|p2|Cinderace, M|
|poke|p2|Scizor, M|
|teampreview
|inactive|Battle timer is ON: inactive players will automatically lose when time's up. (requested by Crocodile E)
|
|t:|1760454741
|teamsize|p1|6
|teamsize|p2|6
|start
|switch|p1a: Glimmora|Glimmora, F|100/100
|switch|p2a: Scizor|Scizor, M|100/100
|turn|1
|
|t:|1760454749
|move|p2a: Scizor|Bullet Punch|p1a: Glimmora
|-supereffective|p1a: Glimmora
|-damage|p1a: Glimmora|0 fnt
|-activate|p1a: Glimmora|ability: Toxic Debris
|-sidestart|p2: dia90|move: Toxic Spikes
|faint|p1a: Glimmora
|-damage|p2a: Scizor|91/100|[from] item: Life Orb
|
|upkeep
|
|t:|1760454758
|switch|p1a: Iron Treads|Iron Treads|100/100
|-enditem|p1a: Iron Treads|Booster Energy
|-activate|p1a: Iron Treads|ability: Quark Drive|[fromitem]
|-start|p1a: Iron Treads|quarkdrivespe
|turn|2
|
|t:|1760454771
|move|p1a: Iron Treads|Knock Off|p2a: Scizor
|-crit|p2a: Scizor
|-damage|p2a: Scizor|56/100
|-enditem|p2a: Scizor|Life Orb|[from] move: Knock Off|[of] p1a: Iron Treads
|move|p2a: Scizor|Swords Dance|p2a: Scizor
|-boost|p2a: Scizor|atk|2
|
|upkeep
|turn|3
|
|t:|1760454779
|move|p1a: Iron Treads|Stealth Rock|p2a: Scizor
|-sidestart|p2: dia90|move: Stealth Rock
|move|p2a: Scizor|Knock Off|p1a: Iron Treads
|-damage|p1a: Iron Treads|63/100
|
|upkeep
|turn|4
|
|t:|1760454787
|move|p1a: Iron Treads|Knock Off|p2a: Scizor
|-damage|p2a: Scizor|41/100
|move|p2a: Scizor|Knock Off|p1a: Iron Treads
|-damage|p1a: Iron Treads|27/100
|
|upkeep
|turn|5
|
|t:|1760454793
|move|p2a: Scizor|Bullet Punch|p1a: Iron Treads
|-resisted|p1a: Iron Treads
|-damage|p1a: Iron Treads|0 fnt
|faint|p1a: Iron Treads
|-end|p1a: Iron Treads|Quark Drive|[silent]
|
|upkeep
|
|t:|1760454796
|switch|p1a: Zamazenta|Zamazenta|100/100
|-ability|p1a: Zamazenta|Dauntless Shield|boost
|-boost|p1a: Zamazenta|def|1
|turn|6
|
|t:|1760454801
|move|p2a: Scizor|Bullet Punch|p1a: Zamazenta
|-damage|p1a: Zamazenta|70/100
|move|p1a: Zamazenta|Iron Defense|p1a: Zamazenta
|-boost|p1a: Zamazenta|def|2
|
|-heal|p1a: Zamazenta|76/100|[from] item: Leftovers
|upkeep
|turn|7
|
|t:|1760454807
|move|p2a: Scizor|Bullet Punch|p1a: Zamazenta
|-damage|p1a: Zamazenta|58/100
|move|p1a: Zamazenta|Iron Defense|p1a: Zamazenta
|-boost|p1a: Zamazenta|def|2
|
|-heal|p1a: Zamazenta|64/100|[from] item: Leftovers
|upkeep
|turn|8
|
|t:|1760454814
|move|p2a: Scizor|Bullet Punch|p1a: Zamazenta
|-damage|p1a: Zamazenta|51/100
|move|p1a: Zamazenta|Body Press|p2a: Scizor
|-damage|p2a: Scizor|0 fnt
|faint|p2a: Scizor
|
|-heal|p1a: Zamazenta|58/100|[from] item: Leftovers
|upkeep
|
|t:|1760454825
|switch|p2a: Raging Bolt|Raging Bolt|100/100
|-status|p2a: Raging Bolt|psn
|-damage|p2a: Raging Bolt|88/100 psn|[from] Stealth Rock
|turn|9
|
|t:|1760454832
|-terastallize|p2a: Raging Bolt|Fairy
|move|p1a: Zamazenta|Body Press|p2a: Raging Bolt
|-resisted|p2a: Raging Bolt
|-crit|p2a: Raging Bolt
|-damage|p2a: Raging Bolt|4/100 psn
|move|p2a: Raging Bolt|Thunderbolt|p1a: Zamazenta
|-damage|p1a: Zamazenta|0 fnt
|faint|p1a: Zamazenta
|
|-damage|p2a: Raging Bolt|0 fnt|[from] psn
|faint|p2a: Raging Bolt
|-end|p2a: Raging Bolt|Protosynthesis|[silent]
|upkeep
|
|t:|1760454842
|switch|p1a: Dragonite|Dragonite, M|100/100
|switch|p2a: Cinderace|Cinderace, M|100/100
|turn|10
|
|t:|1760454847
|move|p2a: Cinderace|Will-O-Wisp|p1a: Dragonite
|-status|p1a: Dragonite|brn
|move|p1a: Dragonite|Outrage|p2a: Cinderace
|-damage|p2a: Cinderace|28/100
|
|-damage|p1a: Dragonite|94/100 brn|[from] brn
|upkeep
|turn|11
|
|t:|1760454855
|move|p2a: Cinderace|Court Change|p2a: Cinderace
|-swapsideconditions
|-activate|p2a: Cinderace|move: Court Change
|move|p1a: Dragonite|Outrage|p2a: Cinderace|[from] lockedmove
|-damage|p2a: Cinderace|0 fnt
|faint|p2a: Cinderace
|-start|p1a: Dragonite|confusion|[fatigue]
|
|-damage|p1a: Dragonite|88/100 brn|[from] brn
|upkeep
|
|t:|1760454864
|switch|p2a: Rillaboom|Rillaboom, F|100/100
|-fieldstart|move: Grassy Terrain|[from] ability: Grassy Surge|[of] p2a: Rillaboom
|turn|12
|
|t:|1760454868
|switch|p1a: Polteageist|Polteageist-Antique|100/100
|-status|p1a: Polteageist|psn
|-damage|p1a: Polteageist|88/100 psn|[from] Stealth Rock
|move|p2a: Rillaboom|U-turn|p1a: Polteageist
|-resisted|p1a: Polteageist
|-damage|p1a: Polteageist|66/100 psn
|-ability|p1a: Polteageist|Weak Armor|boost
|-unboost|p1a: Polteageist|def|1
|-boost|p1a: Polteageist|spe|2
|
|t:|1760454878
|switch|p2a: Ogerpon|Ogerpon, F|100/100|[from] U-turn
|
|-heal|p1a: Polteageist|72/100 psn|[from] Grassy Terrain
|-damage|p1a: Polteageist|60/100 psn|[from] psn
|upkeep
|turn|13
|
|t:|1760454887
|move|p1a: Polteageist|Shadow Ball|p2a: Ogerpon
|-damage|p2a: Ogerpon|48/100
|move|p2a: Ogerpon|Swords Dance|p2a: Ogerpon
|-boost|p2a: Ogerpon|atk|2
|
|-heal|p1a: Polteageist|66/100 psn|[from] Grassy Terrain
|-heal|p2a: Ogerpon|54/100|[from] Grassy Terrain
|-damage|p1a: Polteageist|53/100 psn|[from] psn
|upkeep
|turn|14
|
|t:|1760454896
|move|p2a: Ogerpon|Grassy Glide|p1a: Polteageist
|-damage|p1a: Polteageist|0 fnt
|faint|p1a: Polteageist
|-damage|p2a: Ogerpon|44/100|[from] item: Life Orb
|
|-heal|p2a: Ogerpon|50/100|[from] Grassy Terrain
|upkeep
|
|t:|1760454900
|switch|p1a: Raging Bolt|Raging Bolt|100/100
|-status|p1a: Raging Bolt|psn
|-damage|p1a: Raging Bolt|88/100 psn|[from] Stealth Rock
|-enditem|p1a: Raging Bolt|Booster Energy
|-activate|p1a: Raging Bolt|ability: Protosynthesis|[fromitem]
|-start|p1a: Raging Bolt|protosynthesisspa
|turn|15
|
|t:|1760454909
|-terastallize|p1a: Raging Bolt|Bug
|move|p2a: Ogerpon|Power Whip|p1a: Raging Bolt
|-resisted|p1a: Raging Bolt
|-crit|p1a: Raging Bolt
|-damage|p1a: Raging Bolt|0 fnt
|faint|p1a: Raging Bolt
|-end|p1a: Raging Bolt|Protosynthesis|[silent]
|-damage|p2a: Ogerpon|40/100|[from] item: Life Orb
|
|-heal|p2a: Ogerpon|46/100|[from] Grassy Terrain
|upkeep
|-message|Crocodile E forfeited.
|
|win|dia90
|raw|Crocodile E's rating: 1489 &rarr; <strong>1475</strong><br />(-14 for losing)
|raw|dia90's rating: 1597 &rarr; <strong>1611</strong><br />(+14 for winning)
|l|☆Crocodile E
|player|p1|
|l|☆dia90
|player|p2|
