|j|☆getreyal
|j|☆jamel1
|t:|1760343757
|gametype|singles
|player|p1|getreyal|pokemonbreeder-gen4|1673
|player|p2|jamel1|1|1647
|gen|9
|tier|[Gen 9] OU
|rated|
|rule|HP Percentage Mod: HP is shown in percentages
|rule|Endless Battle Clause: Forcing endless battles is banned
|rule|Species Clause: Limit one of each Pokémon
|rule|OHKO Clause: OHKO moves are banned
|rule|Evasion Items Clause: Evasion items are banned
|rule|Evasion Moves Clause: Evasion moves are banned
|rule|Evasion Abilities Clause: Evasion abilities are banned
|rule|Sleep Moves Clause: Sleep-inducing moves are banned
|clearpoke
|poke|p1|Corviknight, F|
|poke|p1|Great Tusk|
|poke|p1|Heatran, M|
|poke|p1|Clefable, M|
|poke|p1|Samurott-Hisui, F|
|poke|p1|Deoxys-Speed|
|poke|p2|Gyarados, M|
|poke|p2|Maushold|
|poke|p2|Deoxys-Defense|
|poke|p2|Sandaconda, M|
|poke|p2|Serperior, F|
|poke|p2|Kommo-o, M|
|teampreview
|
|t:|1760343765
|teamsize|p1|6
|teamsize|p2|6
|start
|switch|p1a: Heatran|Heatran, M|100/100
|switch|p2a: Sandaconda|Sandaconda, M|100/100
|turn|1
|
|t:|1760343767
|move|p2a: Sandaconda|Glare|p1a: Heatran
|-status|p1a: Heatran|par
|move|p1a: Heatran|Substitute|p1a: Heatran
|-start|p1a: Heatran|Substitute
|-damage|p1a: Heatran|76/100 par
|
|-heal|p1a: Heatran|82/100 par|[from] item: Leftovers
|upkeep
|turn|2
|
|t:|1760343770
|move|p2a: Sandaconda|Stealth Rock|p1a: Heatran
|-sidestart|p1: getreyal|move: Stealth Rock
|cant|p1a: Heatran|par
|
|-heal|p1a: Heatran|88/100 par|[from] item: Leftovers
|upkeep
|turn|3
|
|t:|1760343774
|move|p2a: Sandaconda|Earthquake|p1a: Heatran
|-supereffective|p1a: Heatran
|-end|p1a: Heatran|Substitute
|move|p1a: Heatran|Magma Storm|p2a: Sandaconda
|-damage|p2a: Sandaconda|34/100
|-activate|p2a: Sandaconda|move: Magma Storm|[of] p1a: Heatran
|
|-heal|p1a: Heatran|94/100 par|[from] item: Leftovers
|-damage|p2a: Sandaconda|22/100|[from] move: Magma Storm|[partiallytrapped]
|upkeep
|turn|4
|
|t:|1760343780
|switch|p1a: Great Tusk|Great Tusk|100/100
|-damage|p1a: Great Tusk|98/100|[from] Stealth Rock
|move|p2a: Sandaconda|Glare|p1a: Great Tusk
|-status|p1a: Great Tusk|par
|
|-heal|p1a: Great Tusk|100/100 par|[from] item: Leftovers
|-end|p2a: Sandaconda|Magma Storm|[partiallytrapped]|[silent]
|upkeep
|turn|5
|
|t:|1760343785
|move|p2a: Sandaconda|Earthquake|p1a: Great Tusk
|-damage|p1a: Great Tusk|73/100 par
|cant|p1a: Great Tusk|par
|
|-heal|p1a: Great Tusk|79/100 par|[from] item: Leftovers
|upkeep
|turn|6
|
|t:|1760343787
|move|p2a: Sandaconda|Earthquake|p1a: Great Tusk
|-damage|p1a: Great Tusk|50/100 par
|cant|p1a: Great Tusk|par
|
|-heal|p1a: Great Tusk|56/100 par|[from] item: Leftovers
|upkeep
|turn|7
|
|t:|1760343790
|move|p2a: Sandaconda|Earthquake|p1a: Great Tusk
|-damage|p1a: Great Tusk|27/100 par
|move|p1a: Great Tusk|Rapid Spin|p2a: Sandaconda
|-damage|p2a: Sandaconda|7/100
|-boost|p1a: Great Tusk|spe|1
|-sideend|p1: getreyal|Stealth Rock|[from] move: Rapid Spin|[of] p1a: Great Tusk
|
|-heal|p1a: Great Tusk|33/100 par|[from] item: Leftovers
|upkeep
|turn|8
|
|t:|1760343793
|move|p2a: Sandaconda|Stealth Rock|p1a: Great Tusk
|-sidestart|p1: getreyal|move: Stealth Rock
|cant|p1a: Great Tusk|par
|
|-heal|p1a: Great Tusk|40/100 par|[from] item: Leftovers
|upkeep
|turn|9
|
|t:|1760343794
|move|p2a: Sandaconda|Earthquake|p1a: Great Tusk
|-damage|p1a: Great Tusk|12/100 par
|move|p1a: Great Tusk|Rapid Spin|p2a: Sandaconda
|-damage|p2a: Sandaconda|0 fnt
|-boost|p1a: Great Tusk|spe|1
|-sideend|p1: getreyal|Stealth Rock|[from] move: Rapid Spin|[of] p1a: Great Tusk
|faint|p2a: Sandaconda
|
|-heal|p1a: Great Tusk|18/100 par|[from] item: Leftovers
|upkeep
|
|t:|1760343797
|switch|p2a: Serperior|Serperior, F|100/100
|turn|10
|
|t:|1760343803
|-end|p1a: Great Tusk|Protosynthesis|[silent]
|switch|p1a: Corviknight|Corviknight, F|100/100
|-ability|p1a: Corviknight|Pressure
|move|p2a: Serperior|Light Screen|p2a: Serperior
|-sidestart|p2: jamel1|move: Light Screen
|
|upkeep
|turn|11
|
|t:|1760343806
|move|p2a: Serperior|Reflect|p2a: Serperior
|-sidestart|p2: jamel1|Reflect
|move|p1a: Corviknight|U-turn|p2a: Serperior
|-supereffective|p2a: Serperior
|-damage|p2a: Serperior|84/100
|
|t:|1760343811
|switch|p1a: Clefable|Clefable, M|100/100|[from] U-turn
|
|upkeep
|turn|12
|
|t:|1760343813
|move|p2a: Serperior|Leaf Storm|p1a: Clefable
|-damage|p1a: Clefable|56/100
|-boost|p2a: Serperior|spa|2
|move|p1a: Clefable|Stealth Rock|p2a: Serperior
|-sidestart|p2: jamel1|move: Stealth Rock
|
|-heal|p1a: Clefable|62/100|[from] item: Leftovers
|upkeep
|turn|13
|
|t:|1760343825
|switch|p2a: Kommo-o|Kommo-o, M|100/100
|-damage|p2a: Kommo-o|94/100|[from] Stealth Rock
|switch|p1a: Heatran|Heatran, M|94/100 par
|
|-heal|p1a: Heatran|100/100 par|[from] item: Leftovers
|upkeep
|turn|14
|
|t:|1760343827
|switch|p1a: Clefable|Clefable, M|62/100
|move|p2a: Kommo-o|Substitute|p2a: Kommo-o
|-start|p2a: Kommo-o|Substitute
|-damage|p2a: Kommo-o|69/100
|
|-heal|p1a: Clefable|69/100|[from] item: Leftovers
|upkeep
|turn|15
|
|t:|1760343830
|-terastallize|p2a: Kommo-o|Steel
|move|p2a: Kommo-o|Clangorous Soul|p2a: Kommo-o
|-boost|p2a: Kommo-o|atk|1
|-boost|p2a: Kommo-o|def|1
|-boost|p2a: Kommo-o|spa|1
|-boost|p2a: Kommo-o|spd|1
|-boost|p2a: Kommo-o|spe|1
|-damage|p2a: Kommo-o|36/100
|move|p1a: Clefable|Moonblast|p2a: Kommo-o
|-resisted|p2a: Kommo-o
|-activate|p2a: Kommo-o|move: Substitute|[damage]
|
|-heal|p1a: Clefable|75/100|[from] item: Leftovers
|upkeep
|turn|16
|
|t:|1760343840
|move|p2a: Kommo-o|Clangorous Soul|p2a: Kommo-o
|-boost|p2a: Kommo-o|atk|1
|-boost|p2a: Kommo-o|def|1
|-boost|p2a: Kommo-o|spa|1
|-boost|p2a: Kommo-o|spd|1
|-boost|p2a: Kommo-o|spe|1
|-damage|p2a: Kommo-o|3/100
|-enditem|p2a: Kommo-o|Lansat Berry|[eat]
|-start|p2a: Kommo-o|move: Focus Energy
|move|p1a: Clefable|Knock Off|p2a: Kommo-o
|-activate|p2a: Kommo-o|move: Substitute|[damage]
|
|-heal|p1a: Clefable|81/100|[from] item: Leftovers
|upkeep
|turn|17
|
|t:|1760343851
|move|p2a: Kommo-o|Shadow Claw|p1a: Clefable
|-crit|p1a: Clefable
|-damage|p1a: Clefable|28/100
|move|p1a: Clefable|Moonblast|p2a: Kommo-o
|-resisted|p2a: Kommo-o
|-activate|p2a: Kommo-o|move: Substitute|[damage]
|
|-heal|p1a: Clefable|35/100|[from] item: Leftovers
|-sideend|p2: jamel1|move: Light Screen
|upkeep
|turn|18
|
|t:|1760343856
|switch|p1a: Corviknight|Corviknight, F|100/100
|-ability|p1a: Corviknight|Pressure
|move|p2a: Kommo-o|Drain Punch|p1a: Corviknight
|-crit|p1a: Corviknight
|-damage|p1a: Corviknight|30/100
|-heal|p2a: Kommo-o|50/100|[from] drain|[of] p1a: Corviknight
|-damage|p2a: Kommo-o|33/100|[from] item: Rocky Helmet|[of] p1a: Corviknight
|
|-sideend|p2: jamel1|Reflect
|upkeep
|turn|19
|
|t:|1760343868
|switch|p1a: Great Tusk|Great Tusk|18/100 par
|move|p2a: Kommo-o|Drain Punch|p1a: Great Tusk
|-damage|p1a: Great Tusk|0 fnt
|-heal|p2a: Kommo-o|46/100|[from] drain|[of] p1a: Great Tusk
|faint|p1a: Great Tusk
|-end|p1a: Great Tusk|Protosynthesis|[silent]
|
|upkeep
|
|t:|1760343888
|switch|p1a: Samurott|Samurott-Hisui, F|100/100
|turn|20
|
|t:|1760343891
|-terastallize|p1a: Samurott|Poison
|move|p2a: Kommo-o|Drain Punch|p1a: Samurott
|-resisted|p1a: Samurott
|-damage|p1a: Samurott|56/100
|-heal|p2a: Kommo-o|74/100|[from] drain|[of] p1a: Samurott
|move|p1a: Samurott|Ceaseless Edge|p2a: Kommo-o
|-end|p2a: Kommo-o|Substitute
|-sidestart|p2: jamel1|Spikes
|
|upkeep
|turn|21
|
|t:|1760343900
|move|p1a: Samurott|Sucker Punch|p2a: Kommo-o
|-damage|p2a: Kommo-o|60/100
|move|p2a: Kommo-o|Drain Punch|p1a: Samurott
|-resisted|p1a: Samurott
|-damage|p1a: Samurott|15/100
|-heal|p2a: Kommo-o|87/100|[from] drain|[of] p1a: Samurott
|
|upkeep
|turn|22
|-message|getreyal forfeited.
|
|win|jamel1
|raw|getreyal's rating: 1673 &rarr; <strong>1652</strong><br />(-21 for losing)
|raw|jamel1's rating: 1647 &rarr; <strong>1668</strong><br />(+21 for winning)
|l|☆getreyal
|player|p1|
