|j|☆swankytroll45
|j|☆gfdvshtfkutyil
|t:|1760414476
|gametype|singles
|player|p1|swankytroll45|169|1355
|player|p2|gfdvshtfkutyil|102|1277
|gen|9
|tier|[Gen 9] OU
|rated|
|rule|HP Percentage Mod: HP is shown in percentages
|rule|Endless Battle Clause: Forcing endless battles is banned
|rule|Species Clause: Limit one of each Pokémon
|rule|OHKO Clause: OHKO moves are banned
|rule|Evasion Items Clause: Evasion items are banned
|rule|Evasion Moves Clause: Evasion moves are banned
|rule|Evasion Abilities Clause: Evasion abilities are banned
|rule|Sleep Moves Clause: Sleep-inducing moves are banned
|clearpoke
|poke|p1|Great Tusk|
|poke|p1|Heatran, M|
|poke|p1|Weavile, M|
|poke|p1|Primarina, M|
|poke|p1|Ogerpon, F|
|poke|p1|Pecharunt|
|poke|p2|Glimmora, F|
|poke|p2|Dragapult, M|
|poke|p2|Hatterene, F|
|poke|p2|Iron Treads|
|poke|p2|Zamazenta-*|
|poke|p2|Enamorus, F|
|teampreview
|inactive|Battle timer is ON: inactive players will automatically lose when time's up. (requested by gfdvshtfkutyil)
|
|t:|1760414500
|teamsize|p1|6
|teamsize|p2|6
|start
|switch|p1a: Behemoth|Great Tusk, shiny|100/100
|switch|p2a: Zamazenta|Zamazenta|100/100
|-ability|p2a: Zamazenta|Dauntless Shield|boost
|-boost|p2a: Zamazenta|def|1
|turn|1
|
|t:|1760414508
|-end|p1a: Behemoth|Protosynthesis|[silent]
|switch|p1a: Overseer|Pecharunt|100/100
|move|p2a: Zamazenta|Play Rough|p1a: Overseer|[miss]
|-miss|p2a: Zamazenta|p1a: Overseer
|
|upkeep
|turn|2
|
|t:|1760414522
|switch|p2a: Iron Treads|Iron Treads|100/100
|move|p1a: Overseer|Parting Shot|p2a: Iron Treads
|-unboost|p2a: Iron Treads|atk|1
|-unboost|p2a: Iron Treads|spa|1
|inactive|swankytroll45 has 120 seconds left.
|
|t:|1760414565
|switch|p1a: Celestine|Primarina, M, shiny|100/100|[from] Parting Shot
|
|upkeep
|turn|3
|
|t:|1760414574
|move|p2a: Iron Treads|Volt Switch|p1a: Celestine
|-supereffective|p1a: Celestine
|-damage|p1a: Celestine|92/100
|
|t:|1760414596
|-end|p2a: Iron Treads|Quark Drive|[silent]
|switch|p2a: Hatterene|Hatterene, F|100/100|[from] Volt Switch
|move|p1a: Celestine|Psychic Noise|p2a: Hatterene
|-damage|p2a: Hatterene|64/100
|-start|p2a: Hatterene|move: Heal Block
|
|upkeep
|turn|4
|inactive|swankytroll45 has 120 seconds left.
|
|t:|1760414623
|move|p1a: Celestine|Moonblast|p2a: Hatterene
|-damage|p2a: Hatterene|20/100
|-unboost|p2a: Hatterene|spa|1
|move|p2a: Hatterene|Nuzzle|p1a: Celestine
|-supereffective|p1a: Celestine
|-damage|p1a: Celestine|82/100
|-status|p1a: Celestine|par
|
|-end|p2a: Hatterene|move: Heal Block
|upkeep
|turn|5
|
|t:|1760414636
|switch|p2a: Iron Treads|Iron Treads|100/100
|move|p1a: Celestine|Whirlpool|p2a: Iron Treads
|-supereffective|p2a: Iron Treads
|-damage|p2a: Iron Treads|72/100
|-activate|p2a: Iron Treads|move: Whirlpool|[of] p1a: Celestine
|
|-damage|p2a: Iron Treads|60/100|[from] move: Whirlpool|[partiallytrapped]
|upkeep
|turn|6
|
|t:|1760414651
|move|p2a: Iron Treads|Earthquake|p1a: Celestine
|-crit|p1a: Celestine
|-damage|p1a: Celestine|19/100 par
|move|p1a: Celestine|Flip Turn|p2a: Iron Treads
|-supereffective|p2a: Iron Treads
|-damage|p2a: Iron Treads|43/100
|
|t:|1760414665
|switch|p1a: Bandit|Weavile, M, shiny|100/100|[from] Flip Turn
|-ability|p1a: Bandit|Pressure
|
|-end|p2a: Iron Treads|Whirlpool|[partiallytrapped]|[silent]
|upkeep
|turn|7
|
|t:|1760414677
|move|p1a: Bandit|Triple Axel|p2a: Iron Treads
|-crit|p2a: Iron Treads
|-damage|p2a: Iron Treads|29/100
|-damage|p2a: Iron Treads|14/100
|-damage|p2a: Iron Treads|0 fnt
|faint|p2a: Iron Treads
|-end|p2a: Iron Treads|Quark Drive|[silent]
|-hitcount|p2: Iron Treads|3
|
|upkeep
|
|t:|1760414691
|switch|p2a: Zamazenta|Zamazenta|100/100
|turn|8
|
|t:|1760414696
|switch|p1a: Overseer|Pecharunt|100/100
|move|p2a: Zamazenta|Heavy Slam|p1a: Overseer
|-damage|p1a: Overseer|75/100
|-damage|p2a: Zamazenta|84/100|[from] item: Rocky Helmet|[of] p1a: Overseer
|-damage|p2a: Zamazenta|74/100|[from] item: Life Orb
|
|upkeep
|turn|9
|inactive|swankytroll45 has 120 seconds left.
|
|t:|1760414710
|switch|p2a: Hatterene|Hatterene, F|20/100
|move|p1a: Overseer|Malignant Chain|p2a: Hatterene
|-supereffective|p2a: Hatterene
|-damage|p2a: Hatterene|0 fnt
|faint|p2a: Hatterene
|
|upkeep
|
|t:|1760414720
|switch|p2a: Enamorus|Enamorus, F|100/100
|turn|10
|
|t:|1760414733
|switch|p1a: Celestine|Primarina, M, shiny|19/100 par
|-terastallize|p2a: Enamorus|Fighting
|move|p2a: Enamorus|Calm Mind|p2a: Enamorus
|-boost|p2a: Enamorus|spa|1
|-boost|p2a: Enamorus|spd|1
|
|upkeep
|turn|11
|
|t:|1760414744
|move|p2a: Enamorus|Draining Kiss|p1a: Celestine
|-damage|p1a: Celestine|0 fnt
|faint|p1a: Celestine
|
|upkeep
|inactive|swankytroll45 has 120 seconds left.
|
|t:|1760414771
|switch|p1a: Anonymous|Ogerpon, F|100/100
|turn|12
|
|t:|1760414778
|move|p1a: Anonymous|Ivy Cudgel|p2a: Enamorus
|-damage|p2a: Enamorus|0 fnt
|faint|p2a: Enamorus
|
|upkeep
|
|t:|1760414782
|switch|p2a: Zamazenta|Zamazenta|74/100
|turn|13
|
|t:|1760414787
|switch|p1a: Overseer|Pecharunt|75/100
|move|p2a: Zamazenta|Close Combat|p1a: Overseer
|-immune|p1a: Overseer
|
|upkeep
|turn|14
|
|t:|1760414797
|move|p2a: Zamazenta|Heavy Slam|p1a: Overseer
|-damage|p1a: Overseer|47/100
|-damage|p2a: Zamazenta|57/100|[from] item: Rocky Helmet|[of] p1a: Overseer
|-damage|p2a: Zamazenta|48/100|[from] item: Life Orb
|move|p1a: Overseer|Parting Shot|p2a: Zamazenta
|-unboost|p2a: Zamazenta|atk|1
|-unboost|p2a: Zamazenta|spa|1
|
|t:|1760414815
|switch|p1a: Anonymous|Ogerpon, F|100/100|[from] Parting Shot
|
|upkeep
|turn|15
|-message|gfdvshtfkutyil forfeited.
|
|win|swankytroll45
|raw|swankytroll45's rating: 1355 &rarr; <strong>1371</strong><br />(+16 for winning)
|raw|gfdvshtfkutyil's rating: 1277 &rarr; <strong>1258</strong><br />(-19 for losing)
|l|☆gfdvshtfkutyil
|player|p2|
|l|☆swankytroll45
|player|p1|
