|j|☆suijilurenjia
|j|☆xyphose
|t:|1760373440
|gametype|singles
|player|p1|suijilurenjia|bugcatcher-gen4dp|1143
|player|p2|xyphose|sabrina|1092
|gen|9
|tier|[Gen 9] OU
|rated|
|rule|HP Percentage Mod: HP is shown in percentages
|rule|Endless Battle Clause: Forcing endless battles is banned
|rule|Species Clause: Limit one of each Pokémon
|rule|OHKO Clause: OHKO moves are banned
|rule|Evasion Items Clause: Evasion items are banned
|rule|Evasion Moves Clause: Evasion moves are banned
|rule|Evasion Abilities Clause: Evasion abilities are banned
|rule|Sleep Moves Clause: Sleep-inducing moves are banned
|clearpoke
|poke|p1|Dragonite, M|
|poke|p1|Charizard, M|
|poke|p1|Gyarados, F|
|poke|p1|Zapdos|
|poke|p1|Gengar, M|
|poke|p1|Rhyperior, M|
|poke|p2|Jumpluff, M|
|poke|p2|Ditto|
|poke|p2|Scizor, F|
|poke|p2|Quagsire, F|
|poke|p2|Dragonite, F|
|poke|p2|Arbok, F|
|teampreview
|inactive|Battle timer is ON: inactive players will automatically lose when time's up. (requested by xyphose)
|
|t:|1760373450
|teamsize|p1|6
|teamsize|p2|6
|start
|switch|p1a: Rhyperior|Rhyperior, M|100/100
|switch|p2a: Arbok|Arbok, F|100/100
|-ability|p2a: Arbok|Intimidate|boost
|-unboost|p1a: Rhyperior|atk|1
|turn|1
|
|t:|1760373454
|-terastallize|p2a: Arbok|Dragon
|move|p2a: Arbok|Coil|p2a: Arbok
|-boost|p2a: Arbok|atk|1
|-boost|p2a: Arbok|def|1
|-boost|p2a: Arbok|accuracy|1
|move|p1a: Rhyperior|Earthquake|p2a: Arbok
|-damage|p2a: Arbok|66/100
|
|upkeep
|turn|2
|
|t:|1760373464
|switch|p1a: Gyarados|Gyarados, F|100/100
|-ability|p1a: Gyarados|Intimidate|boost
|-unboost|p2a: Arbok|atk|1
|move|p2a: Arbok|Earthquake|p1a: Gyarados
|-immune|p1a: Gyarados
|
|upkeep
|turn|3
|
|t:|1760373472
|move|p1a: Gyarados|Scale Shot|p2a: Arbok
|-supereffective|p2a: Arbok
|-damage|p2a: Arbok|42/100
|-supereffective|p2a: Arbok
|-damage|p2a: Arbok|17/100
|-supereffective|p2a: Arbok
|-damage|p2a: Arbok|0 fnt
|faint|p2a: Arbok
|-hitcount|p2: Arbok|3
|-unboost|p1a: Gyarados|def|1
|-boost|p1a: Gyarados|spe|1
|-damage|p1a: Gyarados|91/100|[from] item: Life Orb
|
|upkeep
|
|t:|1760373483
|switch|p2a: Scizor|Scizor, F|100/100
|turn|4
|
|t:|1760373488
|switch|p1a: Rhyperior|Rhyperior, M|100/100
|move|p2a: Scizor|Swords Dance|p2a: Scizor
|-boost|p2a: Scizor|atk|2
|
|upkeep
|turn|5
|
|t:|1760373493
|move|p2a: Scizor|Close Combat|p1a: Rhyperior
|-supereffective|p1a: Rhyperior
|-damage|p1a: Rhyperior|16/100
|-unboost|p2a: Scizor|def|1
|-unboost|p2a: Scizor|spd|1
|move|p1a: Rhyperior|Temper Flare|p2a: Scizor
|-supereffective|p2a: Scizor
|-damage|p2a: Scizor|0 fnt
|faint|p2a: Scizor
|
|-heal|p1a: Rhyperior|22/100|[from] item: Leftovers
|upkeep
|
|t:|1760373504
|switch|p2a: Dragonite|Dragonite, F|100/100
|turn|6
|
|t:|1760373510
|switch|p1a: Gyarados|Gyarados, F|91/100
|-ability|p1a: Gyarados|Intimidate|boost
|-fail|p2a: Dragonite|unboost|Attack|[from] ability: Inner Focus|[of] p2a: Dragonite
|move|p2a: Dragonite|Dragon Dance|p2a: Dragonite
|-boost|p2a: Dragonite|atk|1
|-boost|p2a: Dragonite|spe|1
|
|upkeep
|turn|7
|
|t:|1760373522
|move|p2a: Dragonite|Outrage|p1a: Gyarados
|-damage|p1a: Gyarados|0 fnt
|faint|p1a: Gyarados
|-damage|p2a: Dragonite|91/100|[from] item: Life Orb
|
|upkeep
|
|t:|1760373530
|switch|p1a: Rhyperior|Rhyperior, M|22/100
|turn|8
|
|t:|1760373536
|move|p2a: Dragonite|Outrage|p1a: Rhyperior|[from] lockedmove
|-damage|p1a: Rhyperior|0 fnt
|faint|p1a: Rhyperior
|-damage|p2a: Dragonite|81/100|[from] item: Life Orb
|-start|p2a: Dragonite|confusion|[fatigue]
|
|upkeep
|
|t:|1760373543
|switch|p1a: Gengar|Gengar, M|100/100
|turn|9
|
|t:|1760373552
|-terastallize|p1a: Gengar|Ghost
|move|p1a: Gengar|Shadow Ball|p2a: Dragonite
|-damage|p2a: Dragonite|17/100
|-activate|p2a: Dragonite|confusion
|move|p2a: Dragonite|Earthquake|p1a: Gengar
|-damage|p1a: Gengar|0 fnt
|-start|p2a: Dragonite|Disable|Earthquake|[from] ability: Cursed Body|[of] p1a: Gengar
|faint|p1a: Gengar
|-damage|p2a: Dragonite|7/100|[from] item: Life Orb
|
|upkeep
|inactive|suijilurenjia has 120 seconds left.
|
|t:|1760373582
|switch|p1a: Dragonite|Dragonite, M|100/100
|turn|10
|
|t:|1760373591
|-activate|p2a: Dragonite|confusion
|move|p2a: Dragonite|Extreme Speed|p1a: Dragonite
|-damage|p1a: Dragonite|72/100
|-damage|p2a: Dragonite|0 fnt|[from] item: Life Orb
|faint|p2a: Dragonite
|move|p1a: Dragonite|Dragon Dance|p1a: Dragonite
|-boost|p1a: Dragonite|atk|1
|-boost|p1a: Dragonite|spe|1
|
|upkeep
|
|t:|1760373599
|switch|p2a: Ditto|Ditto|100/100
|-transform|p2a: Ditto|p1a: Dragonite|[from] ability: Imposter
|turn|11
|
|t:|1760373604
|move|p2a: Ditto|Outrage|p1a: Dragonite
|-supereffective|p1a: Dragonite
|-damage|p1a: Dragonite|0 fnt
|faint|p1a: Dragonite
|
|upkeep
|
|t:|1760373608
|switch|p1a: Zapdos|Zapdos|100/100
|turn|12
|
|t:|1760373611
|move|p2a: Ditto|Outrage|p1a: Zapdos|[from] lockedmove
|-damage|p1a: Zapdos|0 fnt
|-status|p2a: Ditto|par|[from] ability: Static|[of] p1a: Zapdos
|faint|p1a: Zapdos
|-start|p2a: Ditto|confusion|[fatigue]
|
|upkeep
|
|t:|1760373612
|switch|p1a: Charizard|Charizard, M|100/100
|turn|13
|
|t:|1760373620
|move|p1a: Charizard|Overheat|p2a: Ditto|[miss]
|-miss|p1a: Charizard|p2a: Ditto
|-activate|p2a: Ditto|confusion
|move|p2a: Ditto|Outrage|p1a: Charizard
|-damage|p1a: Charizard|0 fnt
|faint|p1a: Charizard
|
|win|xyphose
|raw|suijilurenjia's rating: 1143 &rarr; <strong>1114</strong><br />(-29 for losing)
|raw|xyphose's rating: 1092 &rarr; <strong>1122</strong><br />(+30 for winning)
|l|☆suijilurenjia
|player|p1|
|l|☆xyphose
|player|p2|
