|j|☆sook9
|j|☆Tuan Pham
|t:|1760440252
|gametype|singles
|player|p1|sook9|maid|1148
|player|p2|Tuan Pham|youngster-gen4dp|1159
|gen|9
|tier|[Gen 9] OU
|rated|
|rule|HP Percentage Mod: HP is shown in percentages
|rule|Endless Battle Clause: Forcing endless battles is banned
|rule|Species Clause: Limit one of each Pokémon
|rule|OHKO Clause: OHKO moves are banned
|rule|Evasion Items Clause: Evasion items are banned
|rule|Evasion Moves Clause: Evasion moves are banned
|rule|Evasion Abilities Clause: Evasion abilities are banned
|rule|Sleep Moves Clause: Sleep-inducing moves are banned
|clearpoke
|poke|p1|Shiftry, F|
|poke|p1|Gyarados, M|
|poke|p1|Incineroar, M|
|poke|p1|Salamence, F|
|poke|p1|Zoroark, F|
|poke|p1|Muk-Alola, F|
|poke|p2|Gliscor, F|
|poke|p2|Garganacl, F|
|poke|p2|Vileplume, F|
|poke|p2|Gengar, F|
|poke|p2|Corviknight, F|
|poke|p2|Toxapex, M|
|teampreview
|
|t:|1760440256
|teamsize|p1|6
|teamsize|p2|6
|start
|switch|p1a: Muk|Muk-Alola, F, shiny|100/100
|switch|p2a: Gliscor|Gliscor, F|100/100
|turn|1
|inactive|Battle timer is ON: inactive players will automatically lose when time's up. (requested by sook9)
|
|t:|1760440262
|move|p2a: Gliscor|Substitute|p2a: Gliscor
|-start|p2a: Gliscor|Substitute
|-damage|p2a: Gliscor|75/100
|move|p1a: Muk|Knock Off|p2a: Gliscor
|-end|p2a: Gliscor|Substitute
|
|-status|p2a: Gliscor|tox|[from] item: Toxic Orb
|upkeep
|turn|2
|
|t:|1760440271
|move|p2a: Gliscor|Earthquake|p1a: Muk
|-supereffective|p1a: Muk
|-damage|p1a: Muk|54/100
|move|p1a: Muk|Brick Break|p2a: Gliscor
|-resisted|p2a: Gliscor
|-damage|p2a: Gliscor|69/100 tox
|
|-heal|p2a: Gliscor|82/100 tox|[from] ability: Poison Heal
|upkeep
|turn|3
|
|t:|1760440279
|switch|p1a: Salamence|Salamence, F, shiny|100/100
|-ability|p1a: Salamence|Intimidate|boost
|-unboost|p2a: Gliscor|atk|1
|move|p2a: Gliscor|Earthquake|p1a: Salamence
|-immune|p1a: Salamence
|
|-heal|p2a: Gliscor|94/100 tox|[from] ability: Poison Heal
|upkeep
|turn|4
|
|t:|1760440290
|move|p1a: Salamence|Air Slash|p2a: Gliscor
|-damage|p2a: Gliscor|36/100 tox
|move|p2a: Gliscor|Toxic|p1a: Salamence
|-status|p1a: Salamence|tox
|
|-damage|p1a: Salamence|94/100 tox|[from] psn
|-heal|p2a: Gliscor|48/100 tox|[from] ability: Poison Heal
|upkeep
|turn|5
|
|t:|1760440300
|switch|p1a: Incineroar|Incineroar, M|100/100
|-ability|p1a: Incineroar|Intimidate|boost
|-unboost|p2a: Gliscor|atk|1
|move|p2a: Gliscor|Protect||[still]
|-fail|p2a: Gliscor
|
|-heal|p2a: Gliscor|61/100 tox|[from] ability: Poison Heal
|upkeep
|turn|6
|
|t:|1760440324
|switch|p2a: Toxapex|Toxapex, M|100/100
|move|p1a: Incineroar|Flare Blitz|p2a: Toxapex
|-resisted|p2a: Toxapex
|-damage|p2a: Toxapex|71/100
|-damage|p1a: Incineroar|91/100|[from] Recoil
|
|-heal|p2a: Toxapex|77/100|[from] item: Leftovers
|upkeep
|turn|7
|
|t:|1760440332
|switch|p1a: Muk|Muk-Alola, F, shiny|54/100
|move|p2a: Toxapex|Baneful Bunker||[still]
|-fail|p2a: Toxapex
|
|-heal|p2a: Toxapex|83/100|[from] item: Leftovers
|upkeep
|turn|8
|
|t:|1760440339
|switch|p2a: Gliscor|Gliscor, F|61/100 tox
|move|p1a: Muk|Knock Off|p2a: Gliscor
|-damage|p2a: Gliscor|38/100 tox
|-enditem|p2a: Gliscor|Toxic Orb|[from] move: Knock Off|[of] p1a: Muk
|
|-heal|p2a: Gliscor|50/100 tox|[from] ability: Poison Heal
|upkeep
|turn|9
|
|t:|1760440351
|move|p2a: Gliscor|Earthquake|p1a: Muk
|-supereffective|p1a: Muk
|-damage|p1a: Muk|9/100
|move|p1a: Muk|Body Slam|p2a: Gliscor
|-damage|p2a: Gliscor|37/100 tox
|
|-heal|p2a: Gliscor|50/100 tox|[from] ability: Poison Heal
|upkeep
|turn|10
|
|t:|1760440358
|move|p2a: Gliscor|Earthquake|p1a: Muk
|-supereffective|p1a: Muk
|-damage|p1a: Muk|0 fnt
|faint|p1a: Muk
|
|-heal|p2a: Gliscor|62/100 tox|[from] ability: Poison Heal
|upkeep
|
|t:|1760440365
|switch|p1a: Salamence|Salamence, F, shiny|94/100 tox
|-ability|p1a: Salamence|Intimidate|boost
|-unboost|p2a: Gliscor|atk|1
|turn|11
|
|t:|1760440370
|switch|p2a: Toxapex|Toxapex, M|100/100
|move|p1a: Salamence|Hurricane|p2a: Toxapex|[miss]
|-miss|p1a: Salamence|p2a: Toxapex
|
|-damage|p1a: Salamence|88/100 tox|[from] psn
|upkeep
|turn|12
|
|t:|1760440380
|move|p2a: Toxapex|Baneful Bunker|p2a: Toxapex
|-singleturn|p2a: Toxapex|move: Protect
|move|p1a: Salamence|Hurricane|p2a: Toxapex
|-activate|p2a: Toxapex|move: Protect
|
|-damage|p1a: Salamence|76/100 tox|[from] psn
|upkeep
|turn|13
|
|t:|1760440398
|switch|p2a: Vileplume|Vileplume, F|100/100
|move|p1a: Salamence|Hurricane|p2a: Vileplume|[miss]
|-miss|p1a: Salamence|p2a: Vileplume
|
|-damage|p1a: Salamence|58/100 tox|[from] psn
|upkeep
|turn|14
|-message|sook9 forfeited.
|
|win|Tuan Pham
|raw|sook9's rating: 1148 &rarr; <strong>1124</strong><br />(-24 for losing)
|raw|Tuan Pham's rating: 1159 &rarr; <strong>1183</strong><br />(+24 for winning)
|l|☆sook9
|player|p1|
|l|☆Tuan Pham
|player|p2|
