|j|☆gorple
|j|☆ZerilleQ
|t:|1760422104
|gametype|singles
|player|p1|gorple|burglar|1133
|player|p2|ZerilleQ|byron|1103
|gen|9
|tier|[Gen 9] OU
|rated|
|rule|HP Percentage Mod: HP is shown in percentages
|rule|Endless Battle Clause: Forcing endless battles is banned
|rule|Species Clause: Limit one of each Pokémon
|rule|OHKO Clause: OHKO moves are banned
|rule|Evasion Items Clause: Evasion items are banned
|rule|Evasion Moves Clause: Evasion moves are banned
|rule|Evasion Abilities Clause: Evasion abilities are banned
|rule|Sleep Moves Clause: Sleep-inducing moves are banned
|clearpoke
|poke|p1|Ninetales, F|
|poke|p1|Walking Wake|
|poke|p1|Venusaur, M|
|poke|p1|Cresselia, F|
|poke|p1|Great Tusk|
|poke|p1|Weavile, F|
|poke|p2|Blaziken, M|
|poke|p2|Hydrapple, M|
|poke|p2|Serperior, M|
|poke|p2|Ceruledge, F|
|poke|p2|Garganacl, M|
|poke|p2|Greninja-*, F|
|teampreview
|
|t:|1760422116
|teamsize|p1|6
|teamsize|p2|6
|start
|switch|p1a: Ninetales|Ninetales, F|100/100
|switch|p2a: Nero|Greninja, F, shiny|100/100
|-weather|SunnyDay|[from] ability: Drought|[of] p1a: Ninetales
|turn|1
|
|t:|1760422132
|switch|p1a: Venusaur|Venusaur, M|100/100
|move|p2a: Nero|Hydro Pump|p1a: Venusaur
|-start|p2a: Nero|typechange|Water|[from] ability: Protean
|-resisted|p1a: Venusaur
|-damage|p1a: Venusaur|88/100
|
|-weather|SunnyDay|[upkeep]
|upkeep
|turn|2
|
|t:|1760422146
|switch|p2a: KAWK|Blaziken, M|100/100
|move|p1a: Venusaur|Solar Beam||[still]
|-prepare|p1a: Venusaur|Solar Beam
|-anim|p1a: Venusaur|Solar Beam|p2a: KAWK
|-resisted|p2a: KAWK
|-damage|p2a: KAWK|37/100
|-damage|p1a: Venusaur|78/100|[from] item: Life Orb
|
|-weather|SunnyDay|[upkeep]
|upkeep
|turn|3
|
|t:|1760422157
|switch|p1a: Weavile|Weavile, F|100/100
|-ability|p1a: Weavile|Pressure
|move|p2a: KAWK|Protect||[still]
|-fail|p2a: KAWK
|
|-weather|SunnyDay|[upkeep]
|-ability|p2a: KAWK|Speed Boost|boost
|-boost|p2a: KAWK|spe|1
|upkeep
|turn|4
|
|t:|1760422175
|move|p1a: Weavile|Fake Out|p2a: KAWK
|-damage|p2a: KAWK|9/100
|-damage|p1a: Weavile|91/100|[from] item: Life Orb
|cant|p2a: KAWK|flinch
|
|-weather|SunnyDay|[upkeep]
|-ability|p2a: KAWK|Speed Boost|boost
|-boost|p2a: KAWK|spe|1
|upkeep
|turn|5
|
|t:|1760422189
|move|p1a: Weavile|Ice Shard|p2a: KAWK
|-resisted|p2a: KAWK
|-damage|p2a: KAWK|0 fnt
|faint|p2a: KAWK
|-damage|p1a: Weavile|81/100|[from] item: Life Orb
|
|-weather|SunnyDay|[upkeep]
|upkeep
|
|t:|1760422202
|switch|p2a: Giant Salt|Garganacl, M|100/100
|turn|6
|
|t:|1760422229
|switch|p1a: Great Tusk|Great Tusk|100/100
|-activate|p1a: Great Tusk|ability: Protosynthesis
|-start|p1a: Great Tusk|protosynthesisatk
|move|p2a: Giant Salt|Stealth Rock|p1a: Great Tusk
|-sidestart|p1: gorple|move: Stealth Rock
|
|-weather|SunnyDay|[upkeep]
|upkeep
|turn|7
|
|t:|1760422241
|switch|p2a: Superior Drake|Serperior, M, shiny|100/100
|move|p1a: Great Tusk|Rapid Spin|p2a: Superior Drake
|-damage|p2a: Superior Drake|71/100
|-boost|p1a: Great Tusk|spe|1
|-sideend|p1: gorple|Stealth Rock|[from] move: Rapid Spin|[of] p1a: Great Tusk
|
|-weather|SunnyDay|[upkeep]
|-heal|p2a: Superior Drake|78/100|[from] item: Leftovers
|upkeep
|turn|8
|
|t:|1760422258
|-end|p1a: Great Tusk|Protosynthesis|[silent]
|switch|p1a: Venusaur|Venusaur, M|78/100
|move|p2a: Superior Drake|Leaf Storm|p1a: Venusaur
|-resisted|p1a: Venusaur
|-damage|p1a: Venusaur|64/100
|-boost|p2a: Superior Drake|spa|2
|
|-weather|none
|-heal|p2a: Superior Drake|84/100|[from] item: Leftovers
|upkeep
|turn|9
|
|t:|1760422270
|-terastallize|p2a: Superior Drake|Fire
|move|p2a: Superior Drake|Tera Blast|p1a: Venusaur|[anim] Tera Blast Fire
|-supereffective|p1a: Venusaur
|-damage|p1a: Venusaur|0 fnt
|faint|p1a: Venusaur
|
|-heal|p2a: Superior Drake|90/100|[from] item: Leftovers
|upkeep
|
|t:|1760422283
|switch|p1a: Weavile|Weavile, F|81/100
|-ability|p1a: Weavile|Pressure
|turn|10
|
|t:|1760422293
|move|p1a: Weavile|Fake Out|p2a: Superior Drake
|-damage|p2a: Superior Drake|67/100
|-damage|p1a: Weavile|71/100|[from] item: Life Orb
|cant|p2a: Superior Drake|flinch
|
|-heal|p2a: Superior Drake|73/100|[from] item: Leftovers
|upkeep
|turn|11
|
|t:|1760422311
|switch|p1a: Ninetales|Ninetales, F|100/100
|-weather|SunnyDay|[from] ability: Drought|[of] p1a: Ninetales
|move|p2a: Superior Drake|Tera Blast|p1a: Ninetales|[anim] Tera Blast Fire
|-resisted|p1a: Ninetales
|-damage|p1a: Ninetales|43/100
|
|-weather|SunnyDay|[upkeep]
|-heal|p2a: Superior Drake|80/100|[from] item: Leftovers
|upkeep
|turn|12
|
|t:|1760422345
|switch|p1a: Cresselia|Cresselia, F|100/100
|move|p2a: Superior Drake|Dragon Pulse|p1a: Cresselia
|-damage|p1a: Cresselia|74/100
|
|-weather|SunnyDay|[upkeep]
|-heal|p2a: Superior Drake|86/100|[from] item: Leftovers
|-heal|p1a: Cresselia|80/100|[from] item: Leftovers
|upkeep
|turn|13
|
|t:|1760422359
|move|p2a: Superior Drake|Leaf Storm|p1a: Cresselia
|-damage|p1a: Cresselia|26/100
|-boost|p2a: Superior Drake|spa|2
|move|p1a: Cresselia|Confuse Ray|p2a: Superior Drake
|-start|p2a: Superior Drake|confusion
|
|-weather|SunnyDay|[upkeep]
|-heal|p2a: Superior Drake|92/100|[from] item: Leftovers
|-heal|p1a: Cresselia|32/100|[from] item: Leftovers
|upkeep
|turn|14
|
|t:|1760422371
|-activate|p2a: Superior Drake|confusion
|move|p2a: Superior Drake|Tera Blast|p1a: Cresselia|[anim] Tera Blast Fire
|-damage|p1a: Cresselia|0 fnt
|faint|p1a: Cresselia
|
|-weather|SunnyDay|[upkeep]
|-heal|p2a: Superior Drake|98/100|[from] item: Leftovers
|upkeep
|
|t:|1760422379
|switch|p1a: Walking Wake|Walking Wake|100/100
|-activate|p1a: Walking Wake|ability: Protosynthesis
|-start|p1a: Walking Wake|protosynthesisspe
|turn|15
|
|t:|1760422389
|move|p1a: Walking Wake|Draco Meteor|p2a: Superior Drake
|-damage|p2a: Superior Drake|0 fnt
|-unboost|p1a: Walking Wake|spa|2
|faint|p2a: Superior Drake
|
|-weather|SunnyDay|[upkeep]
|upkeep
|
|t:|1760422393
|switch|p2a: Giant Salt|Garganacl, M|100/100
|turn|16
|
|t:|1760422402
|-end|p1a: Walking Wake|Protosynthesis|[silent]
|switch|p1a: Great Tusk|Great Tusk|100/100
|-activate|p1a: Great Tusk|ability: Protosynthesis
|-start|p1a: Great Tusk|protosynthesisatk
|move|p2a: Giant Salt|Salt Cure|p1a: Great Tusk
|-resisted|p1a: Great Tusk
|-damage|p1a: Great Tusk|97/100
|-start|p1a: Great Tusk|Salt Cure
|
|-weather|SunnyDay|[upkeep]
|-damage|p1a: Great Tusk|85/100|[from] Salt Cure
|upkeep
|turn|17
|
|t:|1760422462
|switch|p2a: Drake|Hydrapple, M|100/100
|move|p1a: Great Tusk|Close Combat|p2a: Drake
|-damage|p2a: Drake|36/100
|-unboost|p1a: Great Tusk|def|1
|-unboost|p1a: Great Tusk|spd|1
|
|-weather|SunnyDay|[upkeep]
|-damage|p1a: Great Tusk|72/100|[from] Salt Cure
|upkeep
|turn|18
|
|t:|1760422475
|move|p1a: Great Tusk|Close Combat|p2a: Drake
|-damage|p2a: Drake|0 fnt
|-unboost|p1a: Great Tusk|def|1
|-unboost|p1a: Great Tusk|spd|1
|faint|p2a: Drake
|
|-weather|none
|-end|p1a: Great Tusk|Protosynthesis
|-damage|p1a: Great Tusk|60/100|[from] Salt Cure
|upkeep
|
|t:|1760422478
|switch|p2a: Nero|Greninja, F, shiny|100/100
|turn|19
|
|t:|1760422504
|-end|p1a: Great Tusk|Protosynthesis|[silent]
|switch|p1a: Ninetales|Ninetales, F|43/100
|-weather|SunnyDay|[from] ability: Drought|[of] p1a: Ninetales
|move|p2a: Nero|Hydro Pump|p1a: Ninetales
|-start|p2a: Nero|typechange|Water|[from] ability: Protean
|-supereffective|p1a: Ninetales
|-damage|p1a: Ninetales|0 fnt
|faint|p1a: Ninetales
|
|-weather|SunnyDay|[upkeep]
|upkeep
|
|t:|1760422519
|switch|p1a: Weavile|Weavile, F|71/100
|-ability|p1a: Weavile|Pressure
|turn|20
|
|t:|1760422528
|move|p1a: Weavile|Fake Out|p2a: Nero
|-damage|p2a: Nero|66/100
|-damage|p1a: Weavile|61/100|[from] item: Life Orb
|cant|p2a: Nero|flinch
|
|-weather|SunnyDay|[upkeep]
|upkeep
|turn|21
|
|t:|1760422537
|switch|p1a: Walking Wake|Walking Wake|100/100
|-activate|p1a: Walking Wake|ability: Protosynthesis
|-start|p1a: Walking Wake|protosynthesisspe
|move|p2a: Nero|Hydro Pump|p1a: Walking Wake
|-resisted|p1a: Walking Wake
|-damage|p1a: Walking Wake|93/100
|
|-weather|SunnyDay|[upkeep]
|upkeep
|turn|22
|
|t:|1760422551
|switch|p2a: Giant Salt|Garganacl, M|100/100
|-terastallize|p1a: Walking Wake|Dragon
|move|p1a: Walking Wake|Draco Meteor|p2a: Giant Salt
|-damage|p2a: Giant Salt|0 fnt
|-unboost|p1a: Walking Wake|spa|2
|faint|p2a: Giant Salt
|
|-weather|SunnyDay|[upkeep]
|upkeep
|
|t:|1760422556
|switch|p2a: Drone|Ceruledge, F|100/100
|turn|23
|
|t:|1760422560
|move|p1a: Walking Wake|Draco Meteor|p2a: Drone
|-damage|p2a: Drone|20/100
|-unboost|p1a: Walking Wake|spa|2
|move|p2a: Drone|Dragon Claw|p1a: Walking Wake
|-supereffective|p1a: Walking Wake
|-damage|p1a: Walking Wake|6/100
|
|-weather|SunnyDay|[upkeep]
|upkeep
|turn|24
|
|t:|1760422566
|move|p1a: Walking Wake|Draco Meteor|p2a: Drone
|-damage|p2a: Drone|0 fnt
|-unboost|p1a: Walking Wake|spa|2
|faint|p2a: Drone
|
|-weather|SunnyDay|[upkeep]
|upkeep
|
|t:|1760422570
|switch|p2a: Nero|Greninja, F, shiny|66/100
|turn|25
|
|t:|1760422575
|move|p1a: Walking Wake|Draco Meteor|p2a: Nero
|-damage|p2a: Nero|13/100
|move|p2a: Nero|Dark Pulse|p1a: Walking Wake
|-start|p2a: Nero|typechange|Dark|[from] ability: Protean
|-damage|p1a: Walking Wake|0 fnt
|faint|p1a: Walking Wake
|-end|p1a: Walking Wake|Protosynthesis|[silent]
|
|-weather|SunnyDay|[upkeep]
|upkeep
|
|t:|1760422580
|switch|p1a: Weavile|Weavile, F|61/100
|-ability|p1a: Weavile|Pressure
|turn|26
|-message|ZerilleQ forfeited.
|
|win|gorple
|raw|gorple's rating: 1133 &rarr; <strong>1156</strong><br />(+23 for winning)
|raw|ZerilleQ's rating: 1103 &rarr; <strong>1080</strong><br />(-23 for losing)
|l|☆ZerilleQ
|player|p2|
|c|☆gorple|gg
