|j|☆amnakoy
|j|☆ACopperKettlr
|t:|1760371503
|gametype|singles
|player|p1|amnakoy|workerice|1380
|player|p2|ACopperKettlr|1|1473
|gen|9
|tier|[Gen 9] OU
|rated|
|rule|HP Percentage Mod: HP is shown in percentages
|rule|Endless Battle Clause: Forcing endless battles is banned
|rule|Species Clause: Limit one of each Pokémon
|rule|OHKO Clause: OHKO moves are banned
|rule|Evasion Items Clause: Evasion items are banned
|rule|Evasion Moves Clause: Evasion moves are banned
|rule|Evasion Abilities Clause: Evasion abilities are banned
|rule|Sleep Moves Clause: Sleep-inducing moves are banned
|clearpoke
|poke|p1|Enamorus, F|
|poke|p1|Serperior, F|
|poke|p1|Ribombee, M|
|poke|p1|Cinderace, M|
|poke|p1|Kingambit, F|
|poke|p1|Malamar, M|
|poke|p2|Ninetales, F|
|poke|p2|Raging Bolt|
|poke|p2|Venusaur, M|
|poke|p2|Walking Wake|
|poke|p2|Hatterene, F|
|poke|p2|Scizor, M|
|teampreview
|inactive|Battle timer is ON: inactive players will automatically lose when time's up. (requested by ACopperKettlr)
|inactive|amnakoy also wants the timer to be on.
|
|t:|1760371522
|teamsize|p1|6
|teamsize|p2|6
|start
|switch|p1a: Ribombee|Ribombee, M, shiny|100/100
|switch|p2a: Scizor|Scizor, M|100/100
|turn|1
|
|t:|1760371527
|move|p2a: Scizor|Bullet Punch|p1a: Ribombee
|-supereffective|p1a: Ribombee
|-enditem|p1a: Ribombee|Focus Sash
|-damage|p1a: Ribombee|1/100
|-damage|p2a: Scizor|91/100|[from] item: Life Orb
|move|p1a: Ribombee|Sticky Web|p2a: Scizor
|-sidestart|p2: ACopperKettlr|move: Sticky Web
|
|upkeep
|turn|2
|
|t:|1760371533
|move|p1a: Ribombee|Stun Spore|p2a: Scizor
|-status|p2a: Scizor|par
|move|p2a: Scizor|Defog|p1a: Ribombee
|-unboost|p1a: Ribombee|evasion|1
|-sideend|p2: ACopperKettlr|Sticky Web|[from] move: Defog|[of] p2a: Scizor
|
|upkeep
|turn|3
|
|t:|1760371542
|switch|p1a: Cinderace|Cinderace, M|100/100
|move|p2a: Scizor|Bullet Punch|p1a: Cinderace
|-resisted|p1a: Cinderace
|-damage|p1a: Cinderace|68/100
|-damage|p2a: Scizor|81/100 par|[from] item: Life Orb
|
|upkeep
|turn|4
|
|t:|1760371550
|switch|p2a: Ninetale|Ninetales, F, shiny|100/100
|-weather|SunnyDay|[from] ability: Drought|[of] p2a: Ninetale
|move|p1a: Cinderace|Pyro Ball|p2a: Ninetale
|-resisted|p2a: Ninetale
|-damage|p2a: Ninetale|50/100
|
|-weather|SunnyDay|[upkeep]
|upkeep
|turn|5
|
|t:|1760371559
|switch|p2a: Walking Wake|Walking Wake|100/100
|-activate|p2a: Walking Wake|ability: Protosynthesis
|-start|p2a: Walking Wake|protosynthesisspe
|move|p1a: Cinderace|Pyro Ball|p2a: Walking Wake|[miss]
|-miss|p1a: Cinderace|p2a: Walking Wake
|
|-weather|SunnyDay|[upkeep]
|upkeep
|turn|6
|
|t:|1760371576
|move|p2a: Walking Wake|Hydro Steam|p1a: Cinderace
|-supereffective|p1a: Cinderace
|-damage|p1a: Cinderace|0 fnt
|faint|p1a: Cinderace
|
|-weather|SunnyDay|[upkeep]
|upkeep
|
|t:|1760371578
|switch|p1a: Serperior|Serperior, F|100/100
|turn|7
|
|t:|1760371600
|-end|p2a: Walking Wake|Protosynthesis|[silent]
|switch|p2a: Scizor|Scizor, M|81/100 par
|move|p1a: Serperior|Leaf Storm|p2a: Scizor
|-resisted|p2a: Scizor
|-damage|p2a: Scizor|61/100 par
|-boost|p1a: Serperior|spa|2
|-damage|p1a: Serperior|91/100|[from] item: Life Orb
|
|-weather|SunnyDay|[upkeep]
|upkeep
|turn|8
|inactive|amnakoy has 120 seconds left.
|
|t:|1760371621
|switch|p1a: Malamar|Malamar, M|100/100
|move|p2a: Scizor|Bullet Punch|p1a: Malamar
|-crit|p1a: Malamar
|-damage|p1a: Malamar|14/100
|-damage|p2a: Scizor|51/100 par|[from] item: Life Orb
|
|-weather|SunnyDay|[upkeep]
|upkeep
|turn|9
|
|t:|1760371629
|switch|p1a: Kingambit|Kingambit, F|100/100
|move|p2a: Scizor|Bullet Punch|p1a: Kingambit
|-resisted|p1a: Kingambit
|-damage|p1a: Kingambit|84/100
|-damage|p2a: Scizor|41/100 par|[from] item: Life Orb
|
|-weather|SunnyDay|[upkeep]
|-heal|p1a: Kingambit|90/100|[from] item: Leftovers
|upkeep
|turn|10
|inactive|ACopperKettlr has 120 seconds left.
|
|t:|1760371683
|switch|p2a: Venusaur|Venusaur, M|100/100
|move|p1a: Kingambit|Sucker Punch||[still]
|-fail|p1a: Kingambit
|
|-weather|SunnyDay|[upkeep]
|-heal|p1a: Kingambit|97/100|[from] item: Leftovers
|upkeep
|turn|11
|
|t:|1760371698
|switch|p1a: Malamar|Malamar, M|14/100
|move|p2a: Venusaur|Weather Ball|p1a: Malamar
|-damage|p1a: Malamar|0 fnt
|faint|p1a: Malamar
|-damage|p2a: Venusaur|91/100|[from] item: Life Orb
|
|-weather|none
|upkeep
|
|t:|1760371700
|switch|p1a: Ribombee|Ribombee, M, shiny|1/100
|turn|12
|
|t:|1760371706
|switch|p2a: Scizor|Scizor, M|41/100 par
|move|p1a: Ribombee|Sticky Web|p2a: Scizor
|-sidestart|p2: ACopperKettlr|move: Sticky Web
|
|upkeep
|turn|13
|
|t:|1760371710
|move|p1a: Ribombee|Sticky Web||[still]
|-fail|p1a: Ribombee
|move|p2a: Scizor|Defog|p1a: Ribombee
|-unboost|p1a: Ribombee|evasion|1
|-sideend|p2: ACopperKettlr|Sticky Web|[from] move: Defog|[of] p2a: Scizor
|
|upkeep
|turn|14
|
|t:|1760371715
|move|p2a: Scizor|Bullet Punch|p1a: Ribombee
|-supereffective|p1a: Ribombee
|-damage|p1a: Ribombee|0 fnt
|faint|p1a: Ribombee
|-damage|p2a: Scizor|31/100 par|[from] item: Life Orb
|
|upkeep
|
|t:|1760371717
|switch|p1a: Kingambit|Kingambit, F|97/100
|turn|15
|
|t:|1760371729
|move|p1a: Kingambit|Kowtow Cleave|p2a: Scizor
|-damage|p2a: Scizor|0 fnt
|faint|p2a: Scizor
|
|-heal|p1a: Kingambit|100/100|[from] item: Leftovers
|upkeep
|
|t:|1760371736
|switch|p2a: Ninetale|Ninetales, F, shiny|50/100
|-weather|SunnyDay|[from] ability: Drought|[of] p2a: Ninetale
|turn|16
|
|t:|1760371745
|-terastallize|p1a: Kingambit|Dark
|move|p2a: Ninetale|Will-O-Wisp|p1a: Kingambit|[miss]
|-miss|p2a: Ninetale|p1a: Kingambit
|move|p1a: Kingambit|Swords Dance|p1a: Kingambit
|-boost|p1a: Kingambit|atk|2
|
|-weather|SunnyDay|[upkeep]
|upkeep
|turn|17
|
|t:|1760371751
|move|p2a: Ninetale|Will-O-Wisp|p1a: Kingambit
|-status|p1a: Kingambit|brn
|move|p1a: Kingambit|Kowtow Cleave|p2a: Ninetale
|-damage|p2a: Ninetale|0 fnt
|faint|p2a: Ninetale
|
|-weather|SunnyDay|[upkeep]
|-damage|p1a: Kingambit|94/100 brn|[from] brn
|upkeep
|
|t:|1760371761
|switch|p2a: Walking Wake|Walking Wake|100/100
|-activate|p2a: Walking Wake|ability: Protosynthesis
|-start|p2a: Walking Wake|protosynthesisspe
|turn|18
|
|t:|1760371764
|move|p1a: Kingambit|Sucker Punch|p2a: Walking Wake
|-damage|p2a: Walking Wake|37/100
|move|p2a: Walking Wake|Hydro Steam|p1a: Kingambit
|-damage|p1a: Kingambit|9/100 brn
|
|-weather|SunnyDay|[upkeep]
|-heal|p1a: Kingambit|16/100 brn|[from] item: Leftovers
|-damage|p1a: Kingambit|9/100 brn|[from] brn
|upkeep
|turn|19
|
|t:|1760371769
|move|p1a: Kingambit|Sucker Punch|p2a: Walking Wake
|-damage|p2a: Walking Wake|0 fnt
|faint|p2a: Walking Wake
|-end|p2a: Walking Wake|Protosynthesis|[silent]
|
|-weather|SunnyDay|[upkeep]
|-heal|p1a: Kingambit|16/100 brn|[from] item: Leftovers
|-damage|p1a: Kingambit|9/100 brn|[from] brn
|upkeep
|
|t:|1760371774
|switch|p2a: Haterene|Hatterene, F, shiny|100/100
|turn|20
|
|t:|1760371778
|move|p1a: Kingambit|Iron Head|p2a: Haterene
|-supereffective|p2a: Haterene
|-damage|p2a: Haterene|18/100
|move|p2a: Haterene|Dazzling Gleam|p1a: Kingambit
|-supereffective|p1a: Kingambit
|-damage|p1a: Kingambit|0 fnt
|faint|p1a: Kingambit
|
|-weather|SunnyDay|[upkeep]
|upkeep
|
|t:|1760371787
|switch|p1a: Enamorus|Enamorus, F, shiny|100/100
|turn|21
|
|t:|1760371801
|move|p1a: Enamorus|Superpower|p2a: Haterene
|-resisted|p2a: Haterene
|-damage|p2a: Haterene|10/100
|-boost|p1a: Enamorus|atk|1
|-boost|p1a: Enamorus|def|1
|move|p2a: Haterene|Nuzzle|p1a: Enamorus
|-supereffective|p1a: Enamorus
|-damage|p1a: Enamorus|92/100
|-status|p1a: Enamorus|par
|
|-weather|SunnyDay|[upkeep]
|upkeep
|turn|22
|
|t:|1760371809
|move|p1a: Enamorus|Superpower|p2a: Haterene
|-resisted|p2a: Haterene
|-damage|p2a: Haterene|0 fnt
|-boost|p1a: Enamorus|atk|1
|-boost|p1a: Enamorus|def|1
|faint|p2a: Haterene
|
|-weather|SunnyDay|[upkeep]
|upkeep
|
|t:|1760371813
|switch|p2a: Raging Bolt|Raging Bolt|100/100
|-activate|p2a: Raging Bolt|ability: Protosynthesis
|-start|p2a: Raging Bolt|protosynthesisspa
|turn|23
|
|t:|1760371818
|move|p1a: Enamorus|Superpower|p2a: Raging Bolt
|-damage|p2a: Raging Bolt|41/100
|-boost|p1a: Enamorus|atk|1
|-boost|p1a: Enamorus|def|1
|move|p2a: Raging Bolt|Thunderbolt|p1a: Enamorus
|-supereffective|p1a: Enamorus
|-damage|p1a: Enamorus|0 fnt
|faint|p1a: Enamorus
|
|-weather|none
|-end|p2a: Raging Bolt|Protosynthesis
|upkeep
|
|t:|1760371821
|switch|p1a: Serperior|Serperior, F|91/100
|turn|24
|
|t:|1760371824
|move|p1a: Serperior|Substitute|p1a: Serperior
|-start|p1a: Serperior|Substitute
|-damage|p1a: Serperior|66/100
|move|p2a: Raging Bolt|Dragon Pulse|p1a: Serperior
|-end|p1a: Serperior|Substitute
|
|upkeep
|turn|25
|
|t:|1760371831
|move|p1a: Serperior|Leaf Storm|p2a: Raging Bolt
|-resisted|p2a: Raging Bolt
|-damage|p2a: Raging Bolt|13/100
|-boost|p1a: Serperior|spa|2
|-damage|p1a: Serperior|56/100|[from] item: Life Orb
|move|p2a: Raging Bolt|Dragon Pulse|p1a: Serperior
|-damage|p1a: Serperior|0 fnt
|faint|p1a: Serperior
|
|win|ACopperKettlr
|raw|amnakoy's rating: 1380 &rarr; <strong>1365</strong><br />(-15 for losing)
|raw|ACopperKettlr's rating: 1473 &rarr; <strong>1488</strong><br />(+15 for winning)
|l|☆ACopperKettlr
|player|p2|
|l|☆amnakoy
|player|p1|
