|j|☆Overgame00
|j|☆birdra
|t:|1760447566
|gametype|singles
|player|p1|Overgame00|baker|1414
|player|p2|birdra|dawn|1405
|gen|9
|tier|[Gen 9] OU
|rated|
|rule|HP Percentage Mod: HP is shown in percentages
|rule|Endless Battle Clause: Forcing endless battles is banned
|rule|Species Clause: Limit one of each Pokémon
|rule|OHKO Clause: OHKO moves are banned
|rule|Evasion Items Clause: Evasion items are banned
|rule|Evasion Moves Clause: Evasion moves are banned
|rule|Evasion Abilities Clause: Evasion abilities are banned
|rule|Sleep Moves Clause: Sleep-inducing moves are banned
|clearpoke
|poke|p1|Revavroom, M|
|poke|p1|Enamorus, F|
|poke|p1|Cinderace, M|
|poke|p1|Ting-Lu|
|poke|p1|Ogerpon-Wellspring, F|
|poke|p1|Raging Bolt|
|poke|p2|Meloetta|
|poke|p2|Weezing-Galar, F|
|poke|p2|Magnezone|
|poke|p2|Rillaboom, F|
|poke|p2|Cobalion|
|poke|p2|Kyurem|
|teampreview
|
|t:|1760447572
|teamsize|p1|6
|teamsize|p2|6
|start
|switch|p1a: Napoli|Cinderace, M|100/100
|switch|p2a: Meloetta|Meloetta|100/100
|turn|1
|
|t:|1760447578
|move|p1a: Napoli|U-turn|p2a: Meloetta
|-start|p1a: Napoli|typechange|Bug|[from] ability: Libero
|-supereffective|p2a: Meloetta
|-damage|p2a: Meloetta|20/100
|
|t:|1760447586
|switch|p1a: Bambi|Ting-Lu|100/100|[from] U-turn
|-ability|p1a: Bambi|Vessel of Ruin
|move|p2a: Meloetta|Relic Song|p1a: Bambi
|-damage|p1a: Bambi|87/100
|-status|p1a: Bambi|slp|[from] move: Relic Song
|-formechange|p2a: Meloetta|Meloetta-Pirouette|[msg]
|
|-heal|p2a: Meloetta|26/100|[from] item: Leftovers
|-heal|p1a: Bambi|93/100 slp|[from] item: Leftovers
|upkeep
|turn|2
|
|t:|1760447591
|move|p2a: Meloetta|Close Combat|p1a: Bambi
|-supereffective|p1a: Bambi
|-damage|p1a: Bambi|30/100 slp
|-unboost|p2a: Meloetta|def|1
|-unboost|p2a: Meloetta|spd|1
|cant|p1a: Bambi|slp
|
|-heal|p2a: Meloetta|32/100|[from] item: Leftovers
|-heal|p1a: Bambi|36/100 slp|[from] item: Leftovers
|upkeep
|turn|3
|
|t:|1760447598
|move|p2a: Meloetta|Close Combat|p1a: Bambi
|-supereffective|p1a: Bambi
|-damage|p1a: Bambi|0 fnt
|-unboost|p2a: Meloetta|def|1
|-unboost|p2a: Meloetta|spd|1
|faint|p1a: Bambi
|
|-heal|p2a: Meloetta|38/100|[from] item: Leftovers
|upkeep
|
|t:|1760447604
|switch|p1a: RatherMadThunder|Raging Bolt|100/100
|turn|4
|
|t:|1760447610
|switch|p2a: Rillaboom|Rillaboom, F|100/100
|-fieldstart|move: Grassy Terrain|[from] ability: Grassy Surge|[of] p2a: Rillaboom
|move|p1a: RatherMadThunder|Volt Switch|p2a: Rillaboom
|-resisted|p2a: Rillaboom
|-damage|p2a: Rillaboom|77/100
|
|t:|1760447612
|-end|p1a: RatherMadThunder|Protosynthesis|[silent]
|switch|p1a: TURBOMOTORE|Revavroom, M|100/100|[from] Volt Switch
|
|-heal|p2a: Rillaboom|83/100|[from] Grassy Terrain
|upkeep
|turn|5
|
|t:|1760447615
|move|p1a: TURBOMOTORE|Shift Gear|p1a: TURBOMOTORE
|-boost|p1a: TURBOMOTORE|spe|2
|-boost|p1a: TURBOMOTORE|atk|1
|move|p2a: Rillaboom|High Horsepower|p1a: TURBOMOTORE
|-supereffective|p1a: TURBOMOTORE
|-damage|p1a: TURBOMOTORE|11/100
|
|-heal|p1a: TURBOMOTORE|17/100|[from] Grassy Terrain
|-heal|p1a: TURBOMOTORE|23/100|[from] item: Leftovers
|-heal|p2a: Rillaboom|89/100|[from] Grassy Terrain
|upkeep
|turn|6
|
|t:|1760447626
|switch|p2a: Magnezone|Magnezone|100/100
|move|p1a: TURBOMOTORE|Gunk Shot|p2a: Magnezone
|-immune|p2a: Magnezone
|
|-heal|p1a: TURBOMOTORE|29/100|[from] Grassy Terrain
|-heal|p1a: TURBOMOTORE|35/100|[from] item: Leftovers
|upkeep
|turn|7
|
|t:|1760447631
|move|p1a: TURBOMOTORE|High Horsepower|p2a: Magnezone
|-supereffective|p2a: Magnezone
|-damage|p2a: Magnezone|0 fnt
|faint|p2a: Magnezone
|
|-heal|p1a: TURBOMOTORE|41/100|[from] Grassy Terrain
|-heal|p1a: TURBOMOTORE|47/100|[from] item: Leftovers
|upkeep
|
|t:|1760447638
|switch|p2a: Cobalion|Cobalion|100/100
|turn|8
|
|t:|1760447647
|move|p1a: TURBOMOTORE|High Horsepower|p2a: Cobalion
|-supereffective|p2a: Cobalion
|-damage|p2a: Cobalion|37/100
|-damage|p1a: TURBOMOTORE|30/100|[from] item: Rocky Helmet|[of] p2a: Cobalion
|move|p2a: Cobalion|Iron Defense|p2a: Cobalion
|-boost|p2a: Cobalion|def|2
|
|-heal|p1a: TURBOMOTORE|36/100|[from] Grassy Terrain
|-heal|p1a: TURBOMOTORE|42/100|[from] item: Leftovers
|-heal|p2a: Cobalion|43/100|[from] Grassy Terrain
|upkeep
|turn|9
|
|t:|1760447654
|move|p1a: TURBOMOTORE|High Horsepower|p2a: Cobalion
|-supereffective|p2a: Cobalion
|-damage|p2a: Cobalion|9/100
|-damage|p1a: TURBOMOTORE|25/100|[from] item: Rocky Helmet|[of] p2a: Cobalion
|move|p2a: Cobalion|Body Press|p1a: TURBOMOTORE
|-damage|p1a: TURBOMOTORE|0 fnt
|faint|p1a: TURBOMOTORE
|
|-heal|p2a: Cobalion|15/100|[from] Grassy Terrain
|upkeep
|
|t:|1760447665
|switch|p1a: Ogeporn|Ogerpon-Wellspring, F|100/100
|turn|10
|
|t:|1760447670
|move|p1a: Ogeporn|Ivy Cudgel|p2a: Cobalion|[anim] Ivy Cudgel Water
|-damage|p2a: Cobalion|0 fnt
|faint|p2a: Cobalion
|
|upkeep
|
|t:|1760447673
|switch|p2a: Kyurem|Kyurem|100/100
|-ability|p2a: Kyurem|Pressure
|turn|11
|
|t:|1760447686
|switch|p1a: Napoli|Cinderace, M|100/100
|move|p2a: Kyurem|Substitute|p2a: Kyurem
|-start|p2a: Kyurem|Substitute
|-damage|p2a: Kyurem|75/100
|
|-heal|p2a: Kyurem|82/100|[from] Grassy Terrain
|-heal|p2a: Kyurem|88/100|[from] item: Leftovers
|-fieldend|move: Grassy Terrain
|upkeep
|turn|12
|
|t:|1760447689
|move|p2a: Kyurem|Protect|p2a: Kyurem
|-singleturn|p2a: Kyurem|Protect
|move|p1a: Napoli|Pyro Ball|p2a: Kyurem
|-activate|p2a: Kyurem|move: Protect
|
|-heal|p2a: Kyurem|94/100|[from] item: Leftovers
|upkeep
|turn|13
|
|t:|1760447695
|move|p1a: Napoli|U-turn|p2a: Kyurem
|-start|p1a: Napoli|typechange|Bug|[from] ability: Libero
|-end|p2a: Kyurem|Substitute
|
|t:|1760447699
|switch|p1a: Enamorbius|Enamorus, F|100/100|[from] U-turn
|move|p2a: Kyurem|Earth Power|p1a: Enamorbius
|-immune|p1a: Enamorbius
|
|-heal|p2a: Kyurem|99/100|[from] item: Leftovers
|upkeep
|turn|14
|
|t:|1760447703
|move|p2a: Kyurem|Protect|p2a: Kyurem
|-singleturn|p2a: Kyurem|Protect
|move|p1a: Enamorbius|Moonblast|p2a: Kyurem
|-activate|p2a: Kyurem|move: Protect
|
|-heal|p2a: Kyurem|100/100|[from] item: Leftovers
|upkeep
|turn|15
|
|t:|1760447708
|switch|p2a: Weezing|Weezing-Galar, F|100/100
|-fieldstart|move: Misty Terrain|[from] ability: Misty Surge|[of] p2a: Weezing
|-terastallize|p1a: Enamorbius|Fairy
|move|p1a: Enamorbius|Moonblast|p2a: Weezing
|-resisted|p2a: Weezing
|-damage|p2a: Weezing|65/100
|
|upkeep
|turn|16
|
|t:|1760447718
|switch|p1a: Ogeporn|Ogerpon-Wellspring, F|100/100
|move|p2a: Weezing|Toxic Spikes|p1a: Ogeporn
|-sidestart|p1: Overgame00|move: Toxic Spikes
|
|upkeep
|turn|17
|
|t:|1760447721
|move|p1a: Ogeporn|Swords Dance|p1a: Ogeporn
|-boost|p1a: Ogeporn|atk|2
|move|p2a: Weezing|Gunk Shot|p1a: Ogeporn
|-supereffective|p1a: Ogeporn
|-damage|p1a: Ogeporn|4/100
|
|upkeep
|turn|18
|
|t:|1760447736
|move|p1a: Ogeporn|Ivy Cudgel|p2a: Weezing|[anim] Ivy Cudgel Water
|-damage|p2a: Weezing|0 fnt
|faint|p2a: Weezing
|
|upkeep
|
|t:|1760447740
|switch|p2a: Rillaboom|Rillaboom, F|89/100
|-fieldstart|move: Grassy Terrain|[from] ability: Grassy Surge|[of] p2a: Rillaboom
|turn|19
|
|t:|1760447747
|move|p1a: Ogeporn|Ivy Cudgel|p2a: Rillaboom|[anim] Ivy Cudgel Water
|-resisted|p2a: Rillaboom
|-damage|p2a: Rillaboom|35/100
|move|p2a: Rillaboom|U-turn|p1a: Ogeporn
|-supereffective|p1a: Ogeporn
|-damage|p1a: Ogeporn|0 fnt
|faint|p1a: Ogeporn
|
|t:|1760447751
|switch|p2a: Kyurem|Kyurem|100/100|[from] U-turn
|-ability|p2a: Kyurem|Pressure
|
|upkeep
|
|t:|1760447753
|switch|p1a: Napoli|Cinderace, M|100/100
|turn|20
|
|t:|1760447760
|move|p2a: Kyurem|Protect|p2a: Kyurem
|-singleturn|p2a: Kyurem|Protect
|move|p1a: Napoli|Court Change|p1a: Napoli
|-start|p1a: Napoli|typechange|Normal|[from] ability: Libero
|-swapsideconditions
|-activate|p1a: Napoli|move: Court Change
|
|upkeep
|turn|21
|
|t:|1760447765
|move|p1a: Napoli|U-turn|p2a: Kyurem
|-damage|p2a: Kyurem|80/100
|
|t:|1760447768
|switch|p1a: RatherMadThunder|Raging Bolt|100/100|[from] U-turn
|move|p2a: Kyurem|Substitute|p2a: Kyurem
|-start|p2a: Kyurem|Substitute
|-damage|p2a: Kyurem|55/100
|
|-heal|p2a: Kyurem|61/100|[from] Grassy Terrain
|-heal|p2a: Kyurem|67/100|[from] item: Leftovers
|upkeep
|turn|22
|
|t:|1760447772
|move|p2a: Kyurem|Protect|p2a: Kyurem
|-singleturn|p2a: Kyurem|Protect
|move|p1a: RatherMadThunder|Draco Meteor|p2a: Kyurem
|-activate|p2a: Kyurem|move: Protect
|
|-heal|p2a: Kyurem|73/100|[from] Grassy Terrain
|-heal|p2a: Kyurem|80/100|[from] item: Leftovers
|upkeep
|turn|23
|
|t:|1760447779
|move|p2a: Kyurem|Freeze-Dry|p1a: RatherMadThunder
|-supereffective|p1a: RatherMadThunder
|-damage|p1a: RatherMadThunder|37/100
|move|p1a: RatherMadThunder|Draco Meteor|p2a: Kyurem
|-supereffective|p2a: Kyurem
|-end|p2a: Kyurem|Substitute
|-unboost|p1a: RatherMadThunder|spa|2
|
|-heal|p2a: Kyurem|86/100|[from] Grassy Terrain
|-heal|p2a: Kyurem|92/100|[from] item: Leftovers
|-heal|p1a: RatherMadThunder|43/100|[from] Grassy Terrain
|-heal|p1a: RatherMadThunder|49/100|[from] item: Leftovers
|upkeep
|turn|24
|
|t:|1760447788
|-end|p1a: RatherMadThunder|Protosynthesis|[silent]
|switch|p1a: Napoli|Cinderace, M|100/100
|move|p2a: Kyurem|Substitute|p2a: Kyurem
|-start|p2a: Kyurem|Substitute
|-damage|p2a: Kyurem|67/100
|
|-heal|p2a: Kyurem|73/100|[from] Grassy Terrain
|-heal|p2a: Kyurem|79/100|[from] item: Leftovers
|upkeep
|turn|25
|
|t:|1760447794
|move|p2a: Kyurem|Protect|p2a: Kyurem
|-singleturn|p2a: Kyurem|Protect
|move|p1a: Napoli|Pyro Ball|p2a: Kyurem
|-activate|p2a: Kyurem|move: Protect
|
|-heal|p2a: Kyurem|85/100|[from] Grassy Terrain
|-heal|p2a: Kyurem|91/100|[from] item: Leftovers
|upkeep
|turn|26
|
|t:|1760447800
|move|p1a: Napoli|U-turn|p2a: Kyurem
|-start|p1a: Napoli|typechange|Bug|[from] ability: Libero
|-end|p2a: Kyurem|Substitute
|
|t:|1760447802
|switch|p1a: Enamorbius|Enamorus, F, tera:Fairy|100/100|[from] U-turn
|move|p2a: Kyurem|Earth Power|p1a: Enamorbius
|-damage|p1a: Enamorbius|53/100
|
|-heal|p1a: Enamorbius|59/100|[from] Grassy Terrain
|-heal|p2a: Kyurem|97/100|[from] Grassy Terrain
|-heal|p2a: Kyurem|100/100|[from] item: Leftovers
|-fieldend|move: Grassy Terrain
|upkeep
|turn|27
|
|t:|1760447812
|-terastallize|p2a: Kyurem|Ghost
|move|p1a: Enamorbius|Moonblast|p2a: Kyurem
|-damage|p2a: Kyurem|35/100
|-unboost|p2a: Kyurem|spa|1
|move|p2a: Kyurem|Freeze-Dry|p1a: Enamorbius
|-damage|p1a: Enamorbius|23/100
|
|-heal|p2a: Kyurem|41/100|[from] item: Leftovers
|upkeep
|turn|28
|
|t:|1760447822
|move|p2a: Kyurem|Protect|p2a: Kyurem
|-singleturn|p2a: Kyurem|Protect
|move|p1a: Enamorbius|Moonblast|p2a: Kyurem
|-activate|p2a: Kyurem|move: Protect
|
|-heal|p2a: Kyurem|47/100|[from] item: Leftovers
|upkeep
|turn|29
|
|t:|1760447834
|move|p1a: Enamorbius|Moonblast|p2a: Kyurem
|-damage|p2a: Kyurem|0 fnt
|faint|p2a: Kyurem
|
|upkeep
|
|t:|1760447835
|switch|p2a: Meloetta|Meloetta|38/100
|-status|p2a: Meloetta|psn
|turn|30
|
|t:|1760447839
|move|p1a: Enamorbius|Moonblast|p2a: Meloetta
|-crit|p2a: Meloetta
|-damage|p2a: Meloetta|0 fnt
|faint|p2a: Meloetta
|
|upkeep
|-message|birdra forfeited.
|
|win|Overgame00
|raw|Overgame00's rating: 1414 &rarr; <strong>1433</strong><br />(+19 for winning)
|raw|birdra's rating: 1405 &rarr; <strong>1386</strong><br />(-19 for losing)
|l|☆birdra
|player|p2|
|l|☆Overgame00
|player|p1|
