|j|☆Havestol
|j|☆EG BASTIAN
|t:|1760308262
|gametype|singles
|player|p1|Havestol|170|1463
|player|p2|EG BASTIAN|266|1432
|gen|9
|tier|[Gen 9] OU
|rated|
|rule|HP Percentage Mod: HP is shown in percentages
|rule|Endless Battle Clause: Forcing endless battles is banned
|rule|Species Clause: Limit one of each Pokémon
|rule|OHKO Clause: OHKO moves are banned
|rule|Evasion Items Clause: Evasion items are banned
|rule|Evasion Moves Clause: Evasion moves are banned
|rule|Evasion Abilities Clause: Evasion abilities are banned
|rule|Sleep Moves Clause: Sleep-inducing moves are banned
|clearpoke
|poke|p1|Gardevoir, F|
|poke|p1|Clodsire, M|
|poke|p1|Alomomola, F|
|poke|p1|Heatran, F|
|poke|p1|Mandibuzz, F|
|poke|p1|Dragapult, F|
|poke|p2|Torkoal, F|
|poke|p2|Brute Bonnet|
|poke|p2|Walking Wake|
|poke|p2|Hatterene, F|
|poke|p2|Thundurus-Therian, M|
|poke|p2|Ceruledge, M|
|teampreview
|inactive|Battle timer is ON: inactive players will automatically lose when time's up. (requested by EG BASTIAN)
|
|t:|1760308281
|teamsize|p1|6
|teamsize|p2|6
|start
|switch|p1a: Gardevoir|Gardevoir, F|100/100
|switch|p2a: Witch|Hatterene, F, shiny|100/100
|-ability|p1a: Gardevoir|Magic Bounce|Trace|[from] ability: Trace|[of] p2a: Witch
|turn|1
|
|t:|1760308294
|switch|p1a: Heatran|Heatran, F|100/100
|move|p2a: Witch|Nuzzle|p1a: Heatran
|-damage|p1a: Heatran|97/100
|-status|p1a: Heatran|par
|
|-heal|p1a: Heatran|100/100 par|[from] item: Leftovers
|upkeep
|turn|2
|
|t:|1760308304
|switch|p2a: Great Bait|Torkoal, F, shiny|100/100
|-weather|SunnyDay|[from] ability: Drought|[of] p2a: Great Bait
|cant|p1a: Heatran|par
|
|-weather|SunnyDay|[upkeep]
|upkeep
|turn|3
|c|☆Havestol|I clicked rocks
|c|☆EG BASTIAN|Rock?
|c|☆EG BASTIAN|bad play lol
|c|☆Havestol|Stealth rock
|
|t:|1760308334
|move|p1a: Heatran|Magma Storm|p2a: Great Bait
|-resisted|p2a: Great Bait
|-damage|p2a: Great Bait|58/100
|-activate|p2a: Great Bait|move: Magma Storm|[of] p1a: Heatran
|move|p2a: Great Bait|Earthquake|p1a: Heatran
|-supereffective|p1a: Heatran
|-crit|p1a: Heatran
|-damage|p1a: Heatran|0 fnt
|faint|p1a: Heatran
|
|-weather|SunnyDay|[upkeep]
|-end|p2a: Great Bait|Magma Storm|[partiallytrapped]|[silent]
|upkeep
|c|☆EG BASTIAN|Why Sr?
|inactive|Havestol has 120 seconds left.
|c|☆Havestol|Cus I knew you would switch
|inactive|Havestol has 90 seconds left.
|
|t:|1760308380
|switch|p1a: Dragapult|Dragapult, F|100/100
|turn|4
|c|☆EG BASTIAN|Mmm but i have rs
|c|☆EG BASTIAN|bad play rocks
|c|☆Havestol|???
|c|☆EG BASTIAN|You must make damage
|inactive|EG BASTIAN has 120 seconds left.
|c|☆Havestol|I just witch to pult
|c|☆Havestol|Switch
|
|t:|1760308411
|-terastallize|p1a: Dragapult|Ghost
|move|p1a: Dragapult|Tera Blast|p2a: Great Bait|[anim] Tera Blast Ghost
|-damage|p2a: Great Bait|0 fnt
|faint|p2a: Great Bait
|
|-weather|SunnyDay|[upkeep]
|upkeep
|c|☆EG BASTIAN|Overheat
|c|☆EG BASTIAN|Die pult
|inactive|EG BASTIAN has 90 seconds left.
|c|☆EG BASTIAN|And tran para
|
|t:|1760308445
|switch|p2a: Knight|Ceruledge, M|100/100
|turn|5
|
|t:|1760308452
|switch|p1a: Mandibuzz|Mandibuzz, F|100/100
|move|p2a: Knight|Swords Dance|p2a: Knight
|-boost|p2a: Knight|atk|2
|
|-weather|SunnyDay|[upkeep]
|upkeep
|turn|6
|c|☆Havestol|That doesn’t kill pult lmao
|inactive|Havestol has 90 seconds left.
|
|t:|1760308479
|move|p2a: Knight|Bitter Blade|p1a: Mandibuzz
|-damage|p1a: Mandibuzz|12/100
|move|p1a: Mandibuzz|Foul Play|p2a: Knight
|-supereffective|p2a: Knight
|-enditem|p2a: Knight|Focus Sash
|-damage|p2a: Knight|1/100
|-ability|p2a: Knight|Weak Armor|boost
|-unboost|p2a: Knight|def|1
|-boost|p2a: Knight|spe|2
|
|-weather|SunnyDay|[upkeep]
|upkeep
|turn|7
|inactive|Havestol has 90 seconds left.
|c|☆EG BASTIAN|Rocks was bad play and alomola in
|
|t:|1760308504
|move|p2a: Knight|Bitter Blade|p1a: Mandibuzz
|-damage|p1a: Mandibuzz|0 fnt
|-heal|p2a: Knight|9/100|[from] drain|[of] p1a: Mandibuzz
|faint|p1a: Mandibuzz
|
|-weather|SunnyDay|[upkeep]
|upkeep
|inactive|Havestol has 90 seconds left.
|
|t:|1760308510
|switch|p1a: Alomomola|Alomomola, F|100/100
|turn|8
|
|t:|1760308518
|-terastallize|p2a: Knight|Ghost
|move|p2a: Knight|Bitter Blade|p1a: Alomomola
|-resisted|p1a: Alomomola
|-damage|p1a: Alomomola|62/100
|-heal|p2a: Knight|45/100|[from] drain|[of] p1a: Alomomola
|move|p1a: Alomomola|Flip Turn|p2a: Knight
|-damage|p2a: Knight|28/100
|-ability|p2a: Knight|Weak Armor|boost
|-unboost|p2a: Knight|def|1
|-boost|p2a: Knight|spe|2
|c|☆Havestol|I’m done arguing with a brainlet
|
|t:|1760308532
|switch|p1a: Gardevoir|Gardevoir, F|100/100|[from] Flip Turn
|-ability|p1a: Gardevoir|Weak Armor|Trace|[from] ability: Trace|[of] p2a: Knight
|
|-weather|SunnyDay|[upkeep]
|-status|p1a: Gardevoir|tox|[from] item: Toxic Orb
|upkeep
|turn|9
|
|t:|1760308541
|move|p2a: Knight|Poltergeist|p1a: Gardevoir
|-activate|p1a: Gardevoir|move: Poltergeist|Toxic Orb
|-supereffective|p1a: Gardevoir
|-damage|p1a: Gardevoir|0 fnt
|faint|p1a: Gardevoir
|
|-weather|none
|upkeep
|
|t:|1760308545
|switch|p1a: Alomomola|Alomomola, F|95/100
|turn|10
|c|☆EG BASTIAN|Gg
|
|t:|1760308550
|move|p2a: Knight|Poltergeist|p1a: Alomomola|[miss]
|-miss|p2a: Knight|p1a: Alomomola
|move|p1a: Alomomola|Flip Turn|p2a: Knight
|-damage|p2a: Knight|0 fnt
|faint|p2a: Knight
|
|t:|1760308556
|switch|p1a: Clodsire|Clodsire, M|100/100|[from] Flip Turn
|
|upkeep
|c|☆EG BASTIAN|Mmm
|inactive|EG BASTIAN has 120 seconds left.
|
|t:|1760308573
|switch|p2a: Witch|Hatterene, F, shiny|100/100
|turn|11
|
|t:|1760308577
|switch|p1a: Alomomola|Alomomola, F|100/100
|move|p2a: Witch|Psychic Noise|p1a: Alomomola
|-damage|p1a: Alomomola|62/100
|-start|p1a: Alomomola|move: Heal Block
|
|upkeep
|turn|12
|
|t:|1760308587
|move|p2a: Witch|Nuzzle|p1a: Alomomola
|-supereffective|p1a: Alomomola
|-damage|p1a: Alomomola|57/100
|-status|p1a: Alomomola|par
|move|p1a: Alomomola|Flip Turn|p2a: Witch
|-damage|p2a: Witch|84/100
|-enditem|p2a: Witch|Eject Button
|
|t:|1760308596
|switch|p2a: BRUTE FORCE|Brute Bonnet|100/100
|
|-end|p1a: Alomomola|move: Heal Block
|upkeep
|turn|13
|
|t:|1760308601
|switch|p1a: Clodsire|Clodsire, M|100/100
|move|p2a: BRUTE FORCE|Bullet Seed|p1a: Clodsire
|-damage|p1a: Clodsire|86/100
|-damage|p1a: Clodsire|71/100
|-damage|p1a: Clodsire|58/100
|-damage|p1a: Clodsire|45/100
|-damage|p1a: Clodsire|32/100
|-hitcount|p1a: Clodsire|5
|
|upkeep
|turn|14
|l|☆Havestol
|inactive|Havestol disconnected and has a minute to reconnect!
|player|p1|
|j|☆Havestol
|inactive|Havestol reconnected.
|player|p1|Havestol|170|
|c|☆EG BASTIAN|Dont understan your plays….
|inactive|EG BASTIAN has 120 seconds left.
|c|☆EG BASTIAN|Are you noob?
|
|t:|1760308634
|move|p2a: BRUTE FORCE|Bullet Seed|p1a: Clodsire
|-damage|p1a: Clodsire|19/100
|-damage|p1a: Clodsire|5/100
|-damage|p1a: Clodsire|0 fnt
|faint|p1a: Clodsire
|-hitcount|p1: Clodsire|3
|
|upkeep
|c|☆Havestol|It’s almost like rocks would have prevented ceruledge. Killing 30
|c|☆Havestol|You don’t get spin off dipshit
|c|☆Havestol|i sack pult for it
|inactive|Havestol has 120 seconds left.
|
|t:|1760308664
|switch|p1a: Dragapult|Dragapult, F, tera:Ghost|100/100
|turn|15
|inactive|EG BASTIAN has 120 seconds left.
|c|☆EG BASTIAN|I win with treath brute force
|
|t:|1760308686
|move|p1a: Dragapult|U-turn|p2a: BRUTE FORCE
|-supereffective|p2a: BRUTE FORCE
|-damage|p2a: BRUTE FORCE|0 fnt
|faint|p2a: BRUTE FORCE
|-end|p2a: BRUTE FORCE|Protosynthesis|[silent]
|
|t:|1760308689
|switch|p1a: Alomomola|Alomomola, F|91/100 par|[from] U-turn
|
|upkeep
|
|t:|1760308692
|switch|p2a: Storm|Thundurus-Therian, M|100/100
|turn|16
|
|t:|1760308697
|move|p2a: Storm|Thunderbolt|p1a: Alomomola
|-supereffective|p1a: Alomomola
|-damage|p1a: Alomomola|0 fnt
|faint|p1a: Alomomola
|
|upkeep
|
|t:|1760308698
|switch|p1a: Dragapult|Dragapult, F, tera:Ghost|100/100
|turn|17
|
|t:|1760308703
|move|p1a: Dragapult|Tera Blast|p2a: Storm|[anim] Tera Blast Ghost
|-damage|p2a: Storm|0 fnt
|faint|p2a: Storm
|
|upkeep
|
|t:|1760308723
|switch|p2a: Shark|Walking Wake|100/100
|turn|18
|
|t:|1760308726
|move|p1a: Dragapult|Tera Blast|p2a: Shark|[anim] Tera Blast Ghost
|-damage|p2a: Shark|11/100
|move|p2a: Shark|Hydro Steam|p1a: Dragapult
|-damage|p1a: Dragapult|42/100
|
|upkeep
|turn|19
|
|t:|1760308732
|move|p1a: Dragapult|Tera Blast|p2a: Shark|[anim] Tera Blast Ghost
|-damage|p2a: Shark|0 fnt
|faint|p2a: Shark
|-end|p2a: Shark|Protosynthesis|[silent]
|
|upkeep
|c|☆Havestol|gg noob
|
|t:|1760308734
|switch|p2a: Witch|Hatterene, F, shiny|84/100
|turn|20
|c|☆EG BASTIAN|I leave…
|c|☆EG BASTIAN|gg
|c|☆EG BASTIAN|for has
|
|t:|1760308752
|move|p1a: Dragapult|Tera Blast|p2a: Witch|[anim] Tera Blast Ghost
|-supereffective|p2a: Witch
|-damage|p2a: Witch|0 fnt
|faint|p2a: Witch
|
|win|Havestol
|raw|Havestol's rating: 1463 &rarr; <strong>1481</strong><br />(+18 for winning)
|raw|EG BASTIAN's rating: 1432 &rarr; <strong>1414</strong><br />(-18 for losing)
|c|☆Havestol|Trash ass llayer
|c|☆Havestol|player
|l|☆EG BASTIAN
|player|p2|
|c|☆Havestol|jump
|l|☆Havestol
|player|p1|
