|j|☆afsgdhtr
|j|☆9xE
|t:|1760443410
|gametype|singles
|player|p1|afsgdhtr|hilbert|1182
|player|p2|9xE|saturn|1222
|gen|9
|tier|[Gen 9] OU
|rated|
|rule|HP Percentage Mod: HP is shown in percentages
|rule|Endless Battle Clause: Forcing endless battles is banned
|rule|Species Clause: Limit one of each Pokémon
|rule|OHKO Clause: OHKO moves are banned
|rule|Evasion Items Clause: Evasion items are banned
|rule|Evasion Moves Clause: Evasion moves are banned
|rule|Evasion Abilities Clause: Evasion abilities are banned
|rule|Sleep Moves Clause: Sleep-inducing moves are banned
|clearpoke
|poke|p1|Okidogi, M|
|poke|p1|Bisharp, M|
|poke|p1|Talonflame, F|
|poke|p1|Iron Jugulis|
|poke|p1|Scyther, M|
|poke|p1|Sandy Shocks|
|poke|p2|Iron Moth|
|poke|p2|Azelf|
|poke|p2|Scream Tail|
|poke|p2|Weavile, M|
|poke|p2|Blissey, F|
|poke|p2|Great Tusk|
|teampreview
|inactive|Battle timer is ON: inactive players will automatically lose when time's up. (requested by 9xE)
|
|t:|1760443419
|teamsize|p1|6
|teamsize|p2|6
|start
|switch|p1a: Talonflame|Talonflame, F|100/100
|switch|p2a: Silly lil goober|Azelf|100/100
|turn|1
|
|t:|1760443433
|move|p1a: Talonflame|U-turn|p2a: Silly lil goober
|-supereffective|p2a: Silly lil goober
|-damage|p2a: Silly lil goober|52/100
|
|t:|1760443440
|switch|p1a: Bisharp|Bisharp, M|100/100|[from] U-turn
|move|p2a: Silly lil goober|Thunder Wave|p1a: Bisharp|[miss]
|-miss|p2a: Silly lil goober|p1a: Bisharp
|
|upkeep
|turn|2
|
|t:|1760443449
|move|p2a: Silly lil goober|Stealth Rock|p1a: Bisharp
|-sidestart|p1: afsgdhtr|move: Stealth Rock
|move|p1a: Bisharp|Swords Dance|p1a: Bisharp
|-boost|p1a: Bisharp|atk|2
|
|upkeep
|turn|3
|
|t:|1760443455
|move|p2a: Silly lil goober|Encore|p1a: Bisharp
|-start|p1a: Bisharp|Encore
|move|p1a: Bisharp|Swords Dance|p1a: Bisharp
|-boost|p1a: Bisharp|atk|2
|
|upkeep
|turn|4
|
|t:|1760443461
|switch|p2a: Better Volcarona|Iron Moth, shiny|100/100
|-enditem|p2a: Better Volcarona|Booster Energy
|-activate|p2a: Better Volcarona|ability: Quark Drive|[fromitem]
|-start|p2a: Better Volcarona|quarkdrivespa
|move|p1a: Bisharp|Swords Dance|p1a: Bisharp
|-boost|p1a: Bisharp|atk|2
|
|upkeep
|turn|5
|
|t:|1760443470
|switch|p1a: Talonflame|Talonflame, F|100/100
|move|p2a: Better Volcarona|Fiery Dance|p1a: Talonflame
|-resisted|p1a: Talonflame
|-damage|p1a: Talonflame|60/100
|-boost|p2a: Better Volcarona|spa|1
|
|upkeep
|turn|6
|
|t:|1760443480
|move|p1a: Talonflame|Brave Bird|p2a: Better Volcarona
|-damage|p2a: Better Volcarona|20/100
|-damage|p1a: Talonflame|33/100|[from] Recoil
|move|p2a: Better Volcarona|Sludge Wave|p1a: Talonflame
|-crit|p1a: Talonflame
|-damage|p1a: Talonflame|0 fnt
|faint|p1a: Talonflame
|
|upkeep
|
|t:|1760443483
|switch|p1a: Bisharp|Bisharp, M|100/100
|-damage|p1a: Bisharp|95/100|[from] Stealth Rock
|turn|7
|
|t:|1760443493
|move|p1a: Bisharp|Sucker Punch|p2a: Better Volcarona
|-damage|p2a: Better Volcarona|0 fnt
|faint|p2a: Better Volcarona
|-end|p2a: Better Volcarona|Quark Drive|[silent]
|
|upkeep
|
|t:|1760443499
|switch|p2a: Silly lil goober|Azelf|52/100
|turn|8
|
|t:|1760443508
|switch|p1a: Sandy Shocks|Sandy Shocks|100/100
|-damage|p1a: Sandy Shocks|94/100|[from] Stealth Rock
|-enditem|p1a: Sandy Shocks|Booster Energy
|-activate|p1a: Sandy Shocks|ability: Protosynthesis|[fromitem]
|-start|p1a: Sandy Shocks|protosynthesisspa
|move|p2a: Silly lil goober|Knock Off|p1a: Sandy Shocks
|-damage|p1a: Sandy Shocks|73/100
|
|upkeep
|turn|9
|
|t:|1760443520
|switch|p2a: Egghead|Blissey, F|100/100
|move|p1a: Sandy Shocks|Thunderbolt|p2a: Egghead
|-damage|p2a: Egghead|79/100
|-status|p2a: Egghead|par
|
|-heal|p2a: Egghead|85/100 par|[from] item: Leftovers
|upkeep
|turn|10
|
|t:|1760443529
|-end|p1a: Sandy Shocks|Protosynthesis|[silent]
|switch|p1a: Okidogi|Okidogi, M|100/100
|-damage|p1a: Okidogi|94/100|[from] Stealth Rock
|move|p2a: Egghead|Seismic Toss|p1a: Okidogi
|-damage|p1a: Okidogi|68/100
|
|-heal|p1a: Okidogi|74/100|[from] item: Leftovers
|-heal|p2a: Egghead|91/100 par|[from] item: Leftovers
|upkeep
|turn|11
|
|t:|1760443539
|-curestatus|p2a: Egghead|par|[from] ability: Natural Cure
|switch|p2a: Mammoth|Great Tusk|100/100
|move|p1a: Okidogi|Bulk Up|p1a: Okidogi
|-boost|p1a: Okidogi|atk|1
|-boost|p1a: Okidogi|def|1
|
|-heal|p1a: Okidogi|80/100|[from] item: Leftovers
|upkeep
|turn|12
|
|t:|1760443549
|move|p2a: Mammoth|Knock Off|p1a: Okidogi
|-resisted|p1a: Okidogi
|-damage|p1a: Okidogi|71/100
|-enditem|p1a: Okidogi|Leftovers|[from] move: Knock Off|[of] p2a: Mammoth
|move|p1a: Okidogi|Ice Punch|p2a: Mammoth
|-supereffective|p2a: Mammoth
|-crit|p2a: Mammoth
|-damage|p2a: Mammoth|4/100
|
|upkeep
|turn|13
|
|t:|1760443562
|move|p2a: Mammoth|Headlong Rush|p1a: Okidogi
|-supereffective|p1a: Okidogi
|-damage|p1a: Okidogi|2/100
|-unboost|p2a: Mammoth|def|1
|-unboost|p2a: Mammoth|spd|1
|move|p1a: Okidogi|Drain Punch|p2a: Mammoth
|-damage|p2a: Mammoth|0 fnt
|-heal|p1a: Okidogi|4/100|[from] drain|[of] p2a: Mammoth
|faint|p2a: Mammoth
|-end|p2a: Mammoth|Protosynthesis|[silent]
|
|upkeep
|
|t:|1760443573
|switch|p2a: Roll the dice|Weavile, M|100/100
|-ability|p2a: Roll the dice|Pressure
|turn|14
|
|t:|1760443578
|move|p2a: Roll the dice|Fake Out|p1a: Okidogi
|-damage|p1a: Okidogi|0 fnt
|faint|p1a: Okidogi
|
|upkeep
|
|t:|1760443583
|switch|p1a: Bisharp|Bisharp, M|95/100
|-damage|p1a: Bisharp|89/100|[from] Stealth Rock
|turn|15
|
|t:|1760443589
|move|p2a: Roll the dice|Knock Off|p1a: Bisharp
|-resisted|p1a: Bisharp
|-damage|p1a: Bisharp|73/100
|-enditem|p1a: Bisharp|Eviolite|[from] move: Knock Off|[of] p2a: Roll the dice
|move|p1a: Bisharp|Swords Dance|p1a: Bisharp
|-boost|p1a: Bisharp|atk|2
|
|upkeep
|turn|16
|
|t:|1760443615
|move|p2a: Roll the dice|Triple Axel|p1a: Bisharp
|-resisted|p1a: Bisharp
|-damage|p1a: Bisharp|68/100
|-resisted|p1a: Bisharp
|-damage|p1a: Bisharp|59/100
|-resisted|p1a: Bisharp
|-damage|p1a: Bisharp|43/100
|-hitcount|p1a: Bisharp|3
|move|p1a: Bisharp|Iron Head|p2a: Roll the dice
|-supereffective|p2a: Roll the dice
|-enditem|p2a: Roll the dice|Focus Sash
|-damage|p2a: Roll the dice|1/100
|
|upkeep
|turn|17
|
|t:|1760443626
|move|p2a: Roll the dice|Ice Shard|p1a: Bisharp
|-resisted|p1a: Bisharp
|-damage|p1a: Bisharp|33/100
|move|p1a: Bisharp|Swords Dance|p1a: Bisharp
|-boost|p1a: Bisharp|atk|2
|
|upkeep
|turn|18
|
|t:|1760443633
|move|p2a: Roll the dice|Ice Shard|p1a: Bisharp
|-resisted|p1a: Bisharp
|-damage|p1a: Bisharp|23/100
|move|p1a: Bisharp|Iron Head|p2a: Roll the dice
|-supereffective|p2a: Roll the dice
|-damage|p2a: Roll the dice|0 fnt
|faint|p2a: Roll the dice
|
|upkeep
|inactive|9xE has 120 seconds left.
|
|t:|1760443649
|switch|p2a: Keeby|Scream Tail, shiny|100/100
|-enditem|p2a: Keeby|Booster Energy
|-activate|p2a: Keeby|ability: Protosynthesis|[fromitem]
|-start|p2a: Keeby|protosynthesisspe
|turn|19
|
|t:|1760443656
|move|p1a: Bisharp|Sucker Punch|p2a: Keeby
|-damage|p2a: Keeby|2/100
|move|p2a: Keeby|Dazzling Gleam|p1a: Bisharp
|-damage|p1a: Bisharp|0 fnt
|faint|p1a: Bisharp
|
|upkeep
|
|t:|1760443659
|switch|p1a: Sandy Shocks|Sandy Shocks|73/100
|-damage|p1a: Sandy Shocks|66/100|[from] Stealth Rock
|turn|20
|
|t:|1760443669
|-end|p2a: Keeby|Protosynthesis|[silent]
|switch|p2a: Egghead|Blissey, F|91/100
|move|p1a: Sandy Shocks|Earth Power|p2a: Egghead
|-damage|p2a: Egghead|74/100
|
|-heal|p2a: Egghead|80/100|[from] item: Leftovers
|upkeep
|turn|21
|
|t:|1760443677
|-end|p1a: Sandy Shocks|Protosynthesis|[silent]
|switch|p1a: Scyther|Scyther, M|100/100
|-damage|p1a: Scyther|50/100|[from] Stealth Rock
|move|p2a: Egghead|Seismic Toss|p1a: Scyther
|-damage|p1a: Scyther|20/100
|
|-heal|p2a: Egghead|86/100|[from] item: Leftovers
|upkeep
|turn|22
|
|t:|1760443687
|move|p1a: Scyther|Defog|p2a: Egghead
|-unboost|p2a: Egghead|evasion|1
|-sideend|p1: afsgdhtr|Stealth Rock|[from] move: Defog|[of] p1a: Scyther
|move|p2a: Egghead|Seismic Toss|p1a: Scyther
|-damage|p1a: Scyther|0 fnt
|faint|p1a: Scyther
|
|-heal|p2a: Egghead|93/100|[from] item: Leftovers
|upkeep
|
|t:|1760443692
|switch|p1a: Iron Jugulis|Iron Jugulis|100/100
|-enditem|p1a: Iron Jugulis|Booster Energy
|-activate|p1a: Iron Jugulis|ability: Quark Drive|[fromitem]
|-start|p1a: Iron Jugulis|quarkdrivespe
|turn|23
|
|t:|1760443701
|-terastallize|p1a: Iron Jugulis|Dark
|move|p1a: Iron Jugulis|Dark Pulse|p2a: Egghead
|-damage|p2a: Egghead|71/100
|move|p2a: Egghead|Seismic Toss|p1a: Iron Jugulis
|-damage|p1a: Iron Jugulis|70/100
|
|-heal|p2a: Egghead|77/100|[from] item: Leftovers
|upkeep
|turn|24
|
|t:|1760443711
|move|p1a: Iron Jugulis|Dark Pulse|p2a: Egghead
|-damage|p2a: Egghead|59/100
|cant|p2a: Egghead|flinch
|
|-heal|p2a: Egghead|65/100|[from] item: Leftovers
|upkeep
|turn|25
|
|t:|1760443719
|move|p1a: Iron Jugulis|Dark Pulse|p2a: Egghead
|-damage|p2a: Egghead|43/100
|move|p2a: Egghead|Soft-Boiled|p2a: Egghead
|-heal|p2a: Egghead|93/100
|
|-heal|p2a: Egghead|99/100|[from] item: Leftovers
|upkeep
|turn|26
|
|t:|1760443727
|move|p1a: Iron Jugulis|Earth Power|p2a: Egghead
|-damage|p2a: Egghead|89/100
|-unboost|p2a: Egghead|spd|1
|move|p2a: Egghead|Seismic Toss|p1a: Iron Jugulis
|-damage|p1a: Iron Jugulis|40/100
|
|-heal|p2a: Egghead|95/100|[from] item: Leftovers
|upkeep
|turn|27
|
|t:|1760443737
|move|p1a: Iron Jugulis|Dark Pulse|p2a: Egghead
|-damage|p2a: Egghead|64/100
|move|p2a: Egghead|Seismic Toss|p1a: Iron Jugulis
|-damage|p1a: Iron Jugulis|9/100
|
|-heal|p2a: Egghead|70/100|[from] item: Leftovers
|upkeep
|turn|28
|-message|afsgdhtr forfeited.
|
|win|9xE
|raw|afsgdhtr's rating: 1201 &rarr; <strong>1178</strong><br />(-23 for losing)
|raw|9xE's rating: 1222 &rarr; <strong>1245</strong><br />(+23 for winning)
|l|☆afsgdhtr
|player|p1|
|l|☆9xE
|player|p2|
