|j|☆LusterSN
|j|☆dr. drake6782
|t:|1760397396
|gametype|singles
|player|p1|LusterSN|lucas-gen4pt|1578
|player|p2|dr. drake6782|hilbert-masters|1748
|gen|9
|tier|[Gen 9] OU
|rated|
|rule|HP Percentage Mod: HP is shown in percentages
|rule|Endless Battle Clause: Forcing endless battles is banned
|rule|Species Clause: Limit one of each Pokémon
|rule|OHKO Clause: OHKO moves are banned
|rule|Evasion Items Clause: Evasion items are banned
|rule|Evasion Moves Clause: Evasion moves are banned
|rule|Evasion Abilities Clause: Evasion abilities are banned
|rule|Sleep Moves Clause: Sleep-inducing moves are banned
|clearpoke
|poke|p1|Gastrodon, F|
|poke|p1|Gliscor, M|
|poke|p1|Walking Wake|
|poke|p1|Slowking-Galar, F|
|poke|p1|Zamazenta-*|
|poke|p1|Kingambit, F|
|poke|p2|Necrozma|
|poke|p2|Kingambit, F|
|poke|p2|Samurott-Hisui, F|
|poke|p2|Iron Treads|
|poke|p2|Pecharunt|
|poke|p2|Enamorus, F|
|teampreview
|inactive|Battle timer is ON: inactive players will automatically lose when time's up. (requested by dr. drake6782)
|inactive|LusterSN has 120 seconds left.
|
|t:|1760397455
|teamsize|p1|6
|teamsize|p2|6
|start
|switch|p1a: Walking Wake|Walking Wake|100/100
|switch|p2a: Musashi's Scallop|Samurott-Hisui, F, shiny|100/100
|turn|1
|
|t:|1760397464
|move|p1a: Walking Wake|Draco Meteor|p2a: Musashi's Scallop
|-damage|p2a: Musashi's Scallop|0 fnt
|-unboost|p1a: Walking Wake|spa|2
|faint|p2a: Musashi's Scallop
|
|upkeep
|
|t:|1760397469
|switch|p2a: Medusa|Enamorus, F, shiny|100/100
|turn|2
|
|t:|1760397475
|-end|p1a: Walking Wake|Protosynthesis|[silent]
|switch|p1a: Slowking|Slowking-Galar, F|100/100
|move|p2a: Medusa|Earth Power|p1a: Slowking
|-supereffective|p1a: Slowking
|-damage|p1a: Slowking|62/100
|
|upkeep
|turn|3
|
|t:|1760397487
|switch|p2a: Star fragment|Necrozma, shiny|100/100
|-prepare|p1a: Slowking|Chilly Reception|[premajor]
|move|p1a: Slowking|Chilly Reception|p1a: Slowking
|-weather|Snowscape
|
|t:|1760397495
|switch|p1a: Walking Wake|Walking Wake|100/100|[from] Chilly Reception
|
|-weather|Snowscape|[upkeep]
|upkeep
|turn|4
|
|t:|1760397512
|move|p1a: Walking Wake|Knock Off|p2a: Star fragment
|-supereffective|p2a: Star fragment
|-enditem|p2a: Star fragment|Colbur Berry|[eat]
|-enditem|p2a: Star fragment|Colbur Berry|[weaken]
|-damage|p2a: Star fragment|90/100
|move|p2a: Star fragment|Trick Room|p2a: Star fragment
|-fieldstart|move: Trick Room|[of] p2a: Star fragment
|
|-weather|Snowscape|[upkeep]
|upkeep
|turn|5
|
|t:|1760397520
|-terastallize|p2a: Star fragment|Fairy
|move|p2a: Star fragment|Tera Blast|p1a: Walking Wake|[anim] Tera Blast Fairy
|-supereffective|p1a: Walking Wake
|-damage|p1a: Walking Wake|0 fnt
|faint|p1a: Walking Wake
|-end|p1a: Walking Wake|Protosynthesis|[silent]
|
|-weather|Snowscape|[upkeep]
|upkeep
|
|t:|1760397526
|switch|p1a: Slowking|Slowking-Galar, F|95/100
|turn|6
|
|t:|1760397536
|switch|p2a: Donphandroid|Iron Treads|100/100
|-prepare|p1a: Slowking|Chilly Reception|[premajor]
|move|p1a: Slowking|Chilly Reception|p1a: Slowking
|
|t:|1760397550
|switch|p1a: Zamazenta|Zamazenta|100/100|[from] Chilly Reception
|-ability|p1a: Zamazenta|Dauntless Shield|boost
|-boost|p1a: Zamazenta|def|1
|
|-weather|Snowscape|[upkeep]
|upkeep
|turn|7
|
|t:|1760397565
|-end|p2a: Donphandroid|Quark Drive|[silent]
|switch|p2a: Star fragment|Necrozma, shiny, tera:Fairy|90/100
|move|p1a: Zamazenta|Crunch|p2a: Star fragment
|-resisted|p2a: Star fragment
|-damage|p2a: Star fragment|78/100
|
|-weather|none
|upkeep
|turn|8
|
|t:|1760397572
|switch|p1a: Slowking|Slowking-Galar, F|100/100
|move|p2a: Star fragment|Photon Geyser|p1a: Slowking
|-damage|p1a: Slowking|69/100
|
|-fieldend|move: Trick Room
|upkeep
|turn|9
|
|t:|1760397579
|switch|p2a: Donphandroid|Iron Treads|100/100
|move|p1a: Slowking|Future Sight|p2a: Donphandroid
|-start|p1a: Slowking|move: Future Sight
|
|upkeep
|turn|10
|
|t:|1760397584
|switch|p1a: Zamazenta|Zamazenta|100/100
|move|p2a: Donphandroid|Earthquake|p1a: Zamazenta
|-damage|p1a: Zamazenta|60/100
|
|upkeep
|turn|11
|
|t:|1760397590
|-end|p2a: Donphandroid|Quark Drive|[silent]
|switch|p2a: Star fragment|Necrozma, shiny, tera:Fairy|78/100
|move|p1a: Zamazenta|Close Combat|p2a: Star fragment
|-resisted|p2a: Star fragment
|-damage|p2a: Star fragment|52/100
|-unboost|p1a: Zamazenta|def|1
|-unboost|p1a: Zamazenta|spd|1
|
|-end|p2a: Star fragment|move: Future Sight
|-damage|p2a: Star fragment|9/100
|upkeep
|turn|12
|
|t:|1760397604
|move|p1a: Zamazenta|Crunch|p2a: Star fragment
|-resisted|p2a: Star fragment
|-damage|p2a: Star fragment|0 fnt
|faint|p2a: Star fragment
|
|upkeep
|
|t:|1760397608
|switch|p2a: Medusa|Enamorus, F, shiny|100/100
|turn|13
|
|t:|1760397613
|switch|p1a: Slowking|Slowking-Galar, F|100/100
|move|p2a: Medusa|Earth Power|p1a: Slowking
|-supereffective|p1a: Slowking
|-damage|p1a: Slowking|62/100
|-unboost|p1a: Slowking|spd|1
|
|upkeep
|turn|14
|
|t:|1760397621
|move|p2a: Medusa|Earth Power|p1a: Slowking
|-supereffective|p1a: Slowking
|-damage|p1a: Slowking|2/100
|move|p1a: Slowking|Sludge Bomb|p2a: Medusa
|-supereffective|p2a: Medusa
|-damage|p2a: Medusa|9/100
|
|upkeep
|turn|15
|
|t:|1760397630
|move|p2a: Medusa|Earth Power|p1a: Slowking
|-supereffective|p1a: Slowking
|-damage|p1a: Slowking|0 fnt
|faint|p1a: Slowking
|
|upkeep
|
|t:|1760397644
|switch|p1a: Gliscor|Gliscor, M|100/100
|turn|16
|inactive|dr. drake6782 has 120 seconds left.
|
|t:|1760397687
|switch|p2a: Mochi Mochi|Pecharunt|100/100
|-item|p2a: Mochi Mochi|Air Balloon
|move|p1a: Gliscor|Protect||[still]
|-fail|p1a: Gliscor
|
|-status|p1a: Gliscor|tox|[from] item: Toxic Orb
|upkeep
|turn|17
|
|t:|1760397691
|move|p2a: Mochi Mochi|Shadow Ball|p1a: Gliscor
|-damage|p1a: Gliscor|70/100 tox
|move|p1a: Gliscor|Swords Dance|p1a: Gliscor
|-boost|p1a: Gliscor|atk|2
|
|-heal|p1a: Gliscor|82/100 tox|[from] ability: Poison Heal
|upkeep
|turn|18
|inactive|dr. drake6782 has 120 seconds left.
|
|t:|1760397706
|move|p2a: Mochi Mochi|Shadow Ball|p1a: Gliscor
|-damage|p1a: Gliscor|48/100 tox
|move|p1a: Gliscor|Ice Fang|p2a: Mochi Mochi
|-damage|p2a: Mochi Mochi|77/100
|-enditem|p2a: Mochi Mochi|Air Balloon
|
|-heal|p1a: Gliscor|60/100 tox|[from] ability: Poison Heal
|upkeep
|turn|19
|
|t:|1760397711
|switch|p2a: Medusa|Enamorus, F, shiny|9/100
|move|p1a: Gliscor|Protect||[still]
|-fail|p1a: Gliscor
|
|-heal|p1a: Gliscor|73/100 tox|[from] ability: Poison Heal
|upkeep
|turn|20
|
|t:|1760397715
|move|p1a: Gliscor|Protect|p1a: Gliscor
|-singleturn|p1a: Gliscor|Protect
|move|p2a: Medusa|Moonblast|p1a: Gliscor
|-activate|p1a: Gliscor|move: Protect
|
|-heal|p1a: Gliscor|85/100 tox|[from] ability: Poison Heal
|upkeep
|turn|21
|
|t:|1760397718
|move|p2a: Medusa|Moonblast|p1a: Gliscor
|-damage|p1a: Gliscor|17/100 tox
|move|p1a: Gliscor|Ice Fang|p2a: Medusa
|-supereffective|p2a: Medusa
|-damage|p2a: Medusa|0 fnt
|faint|p2a: Medusa
|
|-heal|p1a: Gliscor|29/100 tox|[from] ability: Poison Heal
|upkeep
|
|t:|1760397722
|switch|p2a: Donphandroid|Iron Treads|100/100
|turn|22
|
|t:|1760397724
|move|p1a: Gliscor|Protect|p1a: Gliscor
|-singleturn|p1a: Gliscor|Protect
|move|p2a: Donphandroid|Ice Spinner|p1a: Gliscor
|-activate|p1a: Gliscor|move: Protect
|
|-heal|p1a: Gliscor|42/100 tox|[from] ability: Poison Heal
|upkeep
|turn|23
|
|t:|1760397730
|switch|p1a: Zamazenta|Zamazenta|60/100
|move|p2a: Donphandroid|Ice Spinner|p1a: Zamazenta
|-damage|p1a: Zamazenta|38/100
|
|upkeep
|turn|24
|
|t:|1760397733
|-end|p2a: Donphandroid|Quark Drive|[silent]
|switch|p2a: Mochi Mochi|Pecharunt|77/100
|move|p1a: Zamazenta|Crunch|p2a: Mochi Mochi
|-supereffective|p2a: Mochi Mochi
|-damage|p2a: Mochi Mochi|43/100
|
|upkeep
|turn|25
|
|t:|1760397737
|switch|p1a: Kingambit|Kingambit, F|100/100
|-activate|p1a: Kingambit|ability: Supreme Overlord
|-start|p1a: Kingambit|fallen2|[silent]
|move|p2a: Mochi Mochi|Malignant Chain|p1a: Kingambit
|-immune|p1a: Kingambit
|
|upkeep
|turn|26
|
|t:|1760397742
|switch|p2a: Donphandroid|Iron Treads|100/100
|move|p1a: Kingambit|Kowtow Cleave|p2a: Donphandroid
|-damage|p2a: Donphandroid|31/100
|
|upkeep
|turn|27
|
|t:|1760397749
|move|p1a: Kingambit|Sucker Punch|p2a: Donphandroid
|-damage|p2a: Donphandroid|0 fnt
|faint|p2a: Donphandroid
|-end|p2a: Donphandroid|Quark Drive|[silent]
|
|upkeep
|
|t:|1760397751
|switch|p2a: Checkmate bitch|Kingambit, F|100/100
|-activate|p2a: Checkmate bitch|ability: Supreme Overlord
|-start|p2a: Checkmate bitch|fallen4|[silent]
|turn|28
|
|t:|1760397759
|move|p1a: Kingambit|Iron Head|p2a: Checkmate bitch
|-resisted|p2a: Checkmate bitch
|-damage|p2a: Checkmate bitch|78/100
|cant|p2a: Checkmate bitch|flinch
|
|upkeep
|turn|29
|
|t:|1760397765
|move|p1a: Kingambit|Iron Head|p2a: Checkmate bitch
|-resisted|p2a: Checkmate bitch
|-damage|p2a: Checkmate bitch|57/100
|move|p2a: Checkmate bitch|Swords Dance|p2a: Checkmate bitch
|-boost|p2a: Checkmate bitch|atk|2
|
|upkeep
|turn|30
|
|t:|1760397773
|move|p2a: Checkmate bitch|Sucker Punch|p1a: Kingambit
|-resisted|p1a: Kingambit
|-damage|p1a: Kingambit|40/100
|move|p1a: Kingambit|Iron Head|p2a: Checkmate bitch
|-resisted|p2a: Checkmate bitch
|-damage|p2a: Checkmate bitch|36/100
|
|upkeep
|turn|31
|
|t:|1760397778
|move|p1a: Kingambit|Sucker Punch|p2a: Checkmate bitch
|-resisted|p2a: Checkmate bitch
|-damage|p2a: Checkmate bitch|13/100
|move|p2a: Checkmate bitch|Kowtow Cleave|p1a: Kingambit
|-resisted|p1a: Kingambit
|-damage|p1a: Kingambit|0 fnt
|faint|p1a: Kingambit
|-end|p1a: Kingambit|fallen2|[silent]
|
|upkeep
|
|t:|1760397780
|switch|p1a: Gastrodon|Gastrodon, F|100/100
|turn|32
|
|t:|1760397788
|move|p2a: Checkmate bitch|Kowtow Cleave|p1a: Gastrodon
|-damage|p1a: Gastrodon|0 fnt
|-damage|p2a: Checkmate bitch|0 fnt|[from] item: Rocky Helmet|[of] p1a: Gastrodon
|faint|p1a: Gastrodon
|faint|p2a: Checkmate bitch
|-end|p2a: Checkmate bitch|fallen4|[silent]
|
|upkeep
|
|t:|1760397792
|switch|p2a: Mochi Mochi|Pecharunt|43/100
|switch|p1a: Zamazenta|Zamazenta|38/100
|turn|33
|
|t:|1760397796
|move|p1a: Zamazenta|Crunch|p2a: Mochi Mochi
|-supereffective|p2a: Mochi Mochi
|-damage|p2a: Mochi Mochi|11/100
|-unboost|p2a: Mochi Mochi|def|1
|move|p2a: Mochi Mochi|Recover|p2a: Mochi Mochi
|-heal|p2a: Mochi Mochi|61/100
|
|upkeep
|turn|34
|
|t:|1760397798
|move|p1a: Zamazenta|Crunch|p2a: Mochi Mochi
|-supereffective|p2a: Mochi Mochi
|-damage|p2a: Mochi Mochi|15/100
|-unboost|p2a: Mochi Mochi|def|1
|move|p2a: Mochi Mochi|Recover|p2a: Mochi Mochi
|-heal|p2a: Mochi Mochi|65/100
|
|upkeep
|turn|35
|
|t:|1760397801
|move|p1a: Zamazenta|Crunch|p2a: Mochi Mochi
|-supereffective|p2a: Mochi Mochi
|-crit|p2a: Mochi Mochi
|-damage|p2a: Mochi Mochi|0 fnt
|faint|p2a: Mochi Mochi
|
|win|LusterSN
|raw|LusterSN's rating: 1578 &rarr; <strong>1608</strong><br />(+30 for winning)
|raw|dr. drake6782's rating: 1765 &rarr; <strong>1735</strong><br />(-30 for losing)
|l|☆dr. drake6782
|player|p2|
|l|☆LusterSN
|player|p1|
