|j|☆sneedemnfeedem
|j|☆adv 1v1
|t:|1760335472
|gametype|singles
|player|p1|sneedemnfeedem|265|1414
|player|p2|adv 1v1|lisia|1495
|gen|9
|tier|[Gen 9] OU
|rated|
|rule|HP Percentage Mod: HP is shown in percentages
|rule|Endless Battle Clause: Forcing endless battles is banned
|rule|Species Clause: Limit one of each Pokémon
|rule|OHKO Clause: OHKO moves are banned
|rule|Evasion Items Clause: Evasion items are banned
|rule|Evasion Moves Clause: Evasion moves are banned
|rule|Evasion Abilities Clause: Evasion abilities are banned
|rule|Sleep Moves Clause: Sleep-inducing moves are banned
|clearpoke
|poke|p1|Kingambit, F|
|poke|p1|Kyurem|
|poke|p1|Iron Moth|
|poke|p1|Great Tusk|
|poke|p1|Primarina, M|
|poke|p1|Pecharunt|
|poke|p2|Jirachi|
|poke|p2|Ursaluna, F|
|poke|p2|Iron Hands|
|poke|p2|Volcanion|
|poke|p2|Moltres-Galar|
|poke|p2|Rillaboom, M|
|teampreview
|inactive|Battle timer is ON: inactive players will automatically lose when time's up. (requested by adv 1v1)
|inactive|adv 1v1 has 120 seconds left.
|
|t:|1760335506
|teamsize|p1|6
|teamsize|p2|6
|start
|switch|p1a: Iron Moth|Iron Moth|100/100
|switch|p2a: Iron Hands|Iron Hands|100/100
|-enditem|p2a: Iron Hands|Booster Energy
|-activate|p2a: Iron Hands|ability: Quark Drive|[fromitem]
|-start|p2a: Iron Hands|quarkdriveatk
|turn|1
|
|t:|1760335522
|move|p1a: Iron Moth|Fiery Dance|p2a: Iron Hands
|-damage|p2a: Iron Hands|30/100
|move|p2a: Iron Hands|Thunder Punch|p1a: Iron Moth
|-damage|p1a: Iron Moth|4/100
|
|upkeep
|turn|2
|
|t:|1760335530
|move|p1a: Iron Moth|Fiery Dance|p2a: Iron Hands
|-damage|p2a: Iron Hands|0 fnt
|-boost|p1a: Iron Moth|spa|1
|faint|p2a: Iron Hands
|-end|p2a: Iron Hands|Quark Drive|[silent]
|
|upkeep
|
|t:|1760335533
|switch|p2a: Rillaboom|Rillaboom, M|100/100
|-fieldstart|move: Grassy Terrain|[from] ability: Grassy Surge|[of] p2a: Rillaboom
|turn|3
|
|t:|1760335535
|-end|p1a: Iron Moth|Quark Drive|[silent]
|switch|p1a: Pecharunt|Pecharunt|100/100
|move|p2a: Rillaboom|Grassy Glide|p1a: Pecharunt
|-resisted|p1a: Pecharunt
|-damage|p1a: Pecharunt|88/100
|-damage|p2a: Rillaboom|84/100|[from] item: Rocky Helmet|[of] p1a: Pecharunt
|-damage|p2a: Rillaboom|74/100|[from] item: Life Orb
|
|-heal|p2a: Rillaboom|80/100|[from] Grassy Terrain
|-heal|p1a: Pecharunt|94/100|[from] Grassy Terrain
|upkeep
|turn|4
|
|t:|1760335542
|switch|p2a: Jirachi|Jirachi|100/100
|move|p1a: Pecharunt|Malignant Chain|p2a: Jirachi
|-immune|p2a: Jirachi
|
|-heal|p1a: Pecharunt|99/100|[from] Grassy Terrain
|upkeep
|turn|5
|
|t:|1760335549
|move|p2a: Jirachi|Trick|p1a: Pecharunt
|-activate|p2a: Jirachi|move: Trick|[of] p1a: Pecharunt
|-item|p1a: Pecharunt|Choice Scarf|[from] move: Trick
|-item|p2a: Jirachi|Rocky Helmet|[from] move: Trick
|move|p1a: Pecharunt|Shadow Ball|p2a: Jirachi
|-supereffective|p2a: Jirachi
|-damage|p2a: Jirachi|52/100
|
|-heal|p1a: Pecharunt|100/100|[from] Grassy Terrain
|-heal|p2a: Jirachi|59/100|[from] Grassy Terrain
|upkeep
|turn|6
|
|t:|1760335553
|switch|p2a: Ursaluna|Ursaluna, F|100/100
|move|p1a: Pecharunt|Shadow Ball|p2a: Ursaluna
|-immune|p2a: Ursaluna
|
|-status|p2a: Ursaluna|brn|[from] item: Flame Orb
|upkeep
|turn|7
|
|t:|1760335561
|switch|p1a: Primarina|Primarina, M|100/100
|move|p2a: Ursaluna|Trailblaze|p1a: Primarina
|-supereffective|p1a: Primarina
|-damage|p1a: Primarina|25/100
|-boost|p2a: Ursaluna|spe|1
|
|-heal|p1a: Primarina|31/100|[from] Grassy Terrain
|-damage|p2a: Ursaluna|94/100 brn|[from] brn
|-fieldend|move: Grassy Terrain
|upkeep
|turn|8
|
|t:|1760335572
|move|p2a: Ursaluna|Trailblaze|p1a: Primarina
|-supereffective|p1a: Primarina
|-damage|p1a: Primarina|0 fnt
|-boost|p2a: Ursaluna|spe|1
|faint|p1a: Primarina
|
|-damage|p2a: Ursaluna|88/100 brn|[from] brn
|upkeep
|
|t:|1760335585
|switch|p1a: Great Tusk|Great Tusk|100/100
|-enditem|p1a: Great Tusk|Booster Energy
|-activate|p1a: Great Tusk|ability: Protosynthesis|[fromitem]
|-start|p1a: Great Tusk|protosynthesisatk
|turn|9
|
|t:|1760335588
|-terastallize|p2a: Ursaluna|Normal
|move|p2a: Ursaluna|Facade|p1a: Great Tusk
|-damage|p1a: Great Tusk|0 fnt
|faint|p1a: Great Tusk
|-end|p1a: Great Tusk|Protosynthesis|[silent]
|
|-damage|p2a: Ursaluna|82/100 brn|[from] brn
|upkeep
|
|t:|1760335592
|switch|p1a: Pecharunt|Pecharunt|100/100
|turn|10
|
|t:|1760335595
|move|p2a: Ursaluna|Headlong Rush|p1a: Pecharunt
|-supereffective|p1a: Pecharunt
|-damage|p1a: Pecharunt|0 fnt
|-unboost|p2a: Ursaluna|def|1
|-unboost|p2a: Ursaluna|spd|1
|faint|p1a: Pecharunt
|
|-damage|p2a: Ursaluna|76/100 brn|[from] brn
|upkeep
|
|t:|1760335602
|switch|p1a: Iron Moth|Iron Moth|4/100
|turn|11
|
|t:|1760335606
|move|p2a: Ursaluna|Facade|p1a: Iron Moth
|-damage|p1a: Iron Moth|0 fnt
|faint|p1a: Iron Moth
|-end|p1a: Iron Moth|Quark Drive|[silent]
|
|-damage|p2a: Ursaluna|69/100 brn|[from] brn
|upkeep
|
|t:|1760335608
|switch|p1a: Kingambit|Kingambit, F|100/100
|-activate|p1a: Kingambit|ability: Supreme Overlord
|-start|p1a: Kingambit|fallen4|[silent]
|turn|12
|
|t:|1760335614
|-terastallize|p1a: Kingambit|Flying
|move|p2a: Ursaluna|Headlong Rush|p1a: Kingambit
|-immune|p1a: Kingambit
|move|p1a: Kingambit|Swords Dance|p1a: Kingambit
|-boost|p1a: Kingambit|atk|2
|
|-damage|p2a: Ursaluna|63/100 brn|[from] brn
|upkeep
|turn|13
|
|t:|1760335620
|switch|p2a: Jirachi|Jirachi|59/100
|move|p1a: Kingambit|Sucker Punch||[still]
|-fail|p1a: Kingambit
|
|upkeep
|turn|14
|
|t:|1760335626
|move|p1a: Kingambit|Sucker Punch||[still]
|-fail|p1a: Kingambit
|move|p2a: Jirachi|Healing Wish|p2a: Jirachi
|faint|p2a: Jirachi
|
|upkeep
|
|t:|1760335650
|switch|p2a: Ursaluna|Ursaluna, F, tera:Normal|63/100 brn
|-heal|p2a: Ursaluna|100/100|[from] move: Healing Wish
|turn|15
|
|t:|1760335656
|move|p2a: Ursaluna|Supercell Slam|p1a: Kingambit
|-supereffective|p1a: Kingambit
|-damage|p1a: Kingambit|39/100
|move|p1a: Kingambit|Kowtow Cleave|p2a: Ursaluna
|-damage|p2a: Ursaluna|0 fnt
|faint|p2a: Ursaluna
|
|-heal|p1a: Kingambit|45/100|[from] item: Leftovers
|upkeep
|
|t:|1760335671
|switch|p2a: Volcanion|Volcanion|100/100
|turn|16
|
|t:|1760335675
|move|p1a: Kingambit|Sucker Punch|p2a: Volcanion
|-damage|p2a: Volcanion|4/100
|move|p2a: Volcanion|Flamethrower|p1a: Kingambit
|-damage|p1a: Kingambit|0 fnt
|faint|p1a: Kingambit
|-end|p1a: Kingambit|fallen4|[silent]
|
|upkeep
|
|t:|1760335678
|switch|p1a: Kyurem|Kyurem|100/100
|-ability|p1a: Kyurem|Pressure
|turn|17
|
|t:|1760335684
|move|p1a: Kyurem|Dragon Dance|p1a: Kyurem
|-boost|p1a: Kyurem|atk|1
|-boost|p1a: Kyurem|spe|1
|move|p2a: Volcanion|Flamethrower|p1a: Kyurem
|-damage|p1a: Kyurem|47/100
|
|upkeep
|turn|18
|
|t:|1760335687
|move|p1a: Kyurem|Icicle Spear|p2a: Volcanion
|-resisted|p2a: Volcanion
|-damage|p2a: Volcanion|0 fnt
|faint|p2a: Volcanion
|-hitcount|p2: Volcanion|1
|
|upkeep
|
|t:|1760335690
|switch|p2a: Rillaboom|Rillaboom, M|80/100
|-fieldstart|move: Grassy Terrain|[from] ability: Grassy Surge|[of] p2a: Rillaboom
|turn|19
|
|t:|1760335694
|move|p2a: Rillaboom|Fake Out|p1a: Kyurem
|-damage|p1a: Kyurem|32/100
|-damage|p2a: Rillaboom|70/100|[from] item: Life Orb
|cant|p1a: Kyurem|flinch
|
|-heal|p1a: Kyurem|38/100|[from] Grassy Terrain
|-heal|p2a: Rillaboom|76/100|[from] Grassy Terrain
|upkeep
|turn|20
|
|t:|1760335700
|switch|p2a: Moltres|Moltres-Galar|100/100
|move|p1a: Kyurem|Icicle Spear|p2a: Moltres
|-supereffective|p2a: Moltres
|-damage|p2a: Moltres|58/100
|-supereffective|p2a: Moltres
|-damage|p2a: Moltres|12/100
|-supereffective|p2a: Moltres
|-damage|p2a: Moltres|0 fnt
|faint|p2a: Moltres
|-hitcount|p2: Moltres|3
|
|-heal|p1a: Kyurem|44/100|[from] Grassy Terrain
|upkeep
|
|t:|1760335702
|switch|p2a: Rillaboom|Rillaboom, M|76/100
|turn|21
|
|t:|1760335706
|move|p2a: Rillaboom|Fake Out|p1a: Kyurem
|-damage|p1a: Kyurem|28/100
|-damage|p2a: Rillaboom|66/100|[from] item: Life Orb
|cant|p1a: Kyurem|flinch
|
|-heal|p1a: Kyurem|34/100|[from] Grassy Terrain
|-heal|p2a: Rillaboom|73/100|[from] Grassy Terrain
|upkeep
|turn|22
|
|t:|1760335709
|move|p2a: Rillaboom|Grassy Glide|p1a: Kyurem
|-resisted|p1a: Kyurem
|-damage|p1a: Kyurem|12/100
|-damage|p2a: Rillaboom|63/100|[from] item: Life Orb
|move|p1a: Kyurem|Icicle Spear|p2a: Rillaboom
|-supereffective|p2a: Rillaboom
|-damage|p2a: Rillaboom|16/100
|-supereffective|p2a: Rillaboom
|-damage|p2a: Rillaboom|0 fnt
|faint|p2a: Rillaboom
|-hitcount|p2: Rillaboom|2
|
|win|sneedemnfeedem
|raw|sneedemnfeedem's rating: 1414 &rarr; <strong>1439</strong><br />(+25 for winning)
|raw|adv 1v1's rating: 1495 &rarr; <strong>1470</strong><br />(-25 for losing)
|l|☆adv 1v1
|player|p2|
|c|☆sneedemnfeedem|gg
