|j|‽IxXDarkraiXxI
|j|☆jarrah1z
|t:|1760441054
|gametype|singles
|player|p1|IxXDarkraiXxI|170|1267
|player|p2|jarrah1z|blue|1255
|gen|9
|tier|[Gen 9] OU
|rated|
|rule|HP Percentage Mod: HP is shown in percentages
|rule|Endless Battle Clause: Forcing endless battles is banned
|rule|Species Clause: Limit one of each Pokémon
|rule|OHKO Clause: OHKO moves are banned
|rule|Evasion Items Clause: Evasion items are banned
|rule|Evasion Moves Clause: Evasion moves are banned
|rule|Evasion Abilities Clause: Evasion abilities are banned
|rule|Sleep Moves Clause: Sleep-inducing moves are banned
|clearpoke
|poke|p1|Darkrai|
|poke|p1|Corviknight, M|
|poke|p1|Gliscor, M|
|poke|p1|Hoopa-Unbound|
|poke|p1|Primarina, F|
|poke|p1|Dragonite, M|
|poke|p2|Raging Bolt|
|poke|p2|Iron Valiant|
|poke|p2|Iron Treads|
|poke|p2|Iron Jugulis|
|poke|p2|Iron Crown|
|poke|p2|Iron Moth|
|teampreview
|inactive|Battle timer is ON: inactive players will automatically lose when time's up. (requested by jarrah1z)
|inactive|IxXDarkraiXxI has 120 seconds left.
|
|t:|1760441094
|teamsize|p1|6
|teamsize|p2|6
|start
|switch|p1a: Gliscor|Gliscor, M, shiny|100/100
|switch|p2a: Iron Crown|Iron Crown|100/100
|turn|1
|inactive|IxXDarkraiXxI has 120 seconds left.
|
|t:|1760441152
|move|p2a: Iron Crown|Electric Terrain|p2a: Iron Crown
|-fieldstart|move: Electric Terrain
|-activate|p2a: Iron Crown|ability: Quark Drive
|-start|p2a: Iron Crown|quarkdrivespe
|move|p1a: Gliscor|Earthquake|p2a: Iron Crown
|-supereffective|p2a: Iron Crown
|-damage|p2a: Iron Crown|37/100
|
|-status|p1a: Gliscor|tox|[from] item: Toxic Orb
|upkeep
|turn|2
|
|t:|1760441164
|-end|p2a: Iron Crown|Quark Drive|[silent]
|switch|p2a: Iron Moth|Iron Moth, shiny|100/100
|-item|p2a: Iron Moth|Air Balloon
|-activate|p2a: Iron Moth|ability: Quark Drive
|-start|p2a: Iron Moth|quarkdrivespe
|move|p1a: Gliscor|Protect||[still]
|-fail|p1a: Gliscor
|
|upkeep
|turn|3
|
|t:|1760441171
|move|p2a: Iron Moth|Fiery Dance|p1a: Gliscor
|-damage|p1a: Gliscor|55/100 tox
|-boost|p2a: Iron Moth|spa|1
|move|p1a: Gliscor|U-turn|p2a: Iron Moth
|-resisted|p2a: Iron Moth
|-damage|p2a: Iron Moth|96/100
|-enditem|p2a: Iron Moth|Air Balloon
|
|t:|1760441176
|switch|p1a: Hoopa|Hoopa-Unbound|100/100|[from] U-turn
|
|upkeep
|turn|4
|
|t:|1760441185
|-terastallize|p2a: Iron Moth|Fairy
|move|p2a: Iron Moth|Dazzling Gleam|p1a: Hoopa
|-supereffective|p1a: Hoopa
|-damage|p1a: Hoopa|41/100
|move|p1a: Hoopa|Psychic Noise|p2a: Iron Moth
|-damage|p2a: Iron Moth|46/100
|-start|p2a: Iron Moth|move: Heal Block
|
|upkeep
|turn|5
|
|t:|1760441196
|-terastallize|p1a: Hoopa|Poison
|move|p2a: Iron Moth|Dazzling Gleam|p1a: Hoopa
|-resisted|p1a: Hoopa
|-damage|p1a: Hoopa|25/100
|move|p1a: Hoopa|Thunderbolt|p2a: Iron Moth
|-damage|p2a: Iron Moth|0 fnt
|faint|p2a: Iron Moth
|-end|p2a: Iron Moth|Quark Drive|[silent]
|
|upkeep
|
|t:|1760441207
|switch|p2a: Iron Valiant|Iron Valiant, shiny|100/100
|-activate|p2a: Iron Valiant|ability: Quark Drive
|-start|p2a: Iron Valiant|quarkdrivespe
|turn|6
|
|t:|1760441210
|move|p2a: Iron Valiant|Knock Off|p1a: Hoopa
|-damage|p1a: Hoopa|0 fnt
|-enditem|p1a: Hoopa|Assault Vest|[from] move: Knock Off|[of] p2a: Iron Valiant
|faint|p1a: Hoopa
|-damage|p2a: Iron Valiant|91/100|[from] item: Life Orb
|
|upkeep
|
|t:|1760441219
|switch|p1a: Gliscor|Gliscor, M, shiny|55/100 tox
|turn|7
|
|t:|1760441224
|move|p1a: Gliscor|Protect|p1a: Gliscor
|-singleturn|p1a: Gliscor|Protect
|move|p2a: Iron Valiant|Moonblast|p1a: Gliscor
|-activate|p1a: Gliscor|move: Protect
|
|-heal|p1a: Gliscor|68/100 tox|[from] ability: Poison Heal
|upkeep
|turn|8
|
|t:|1760441232
|move|p2a: Iron Valiant|Moonblast|p1a: Gliscor
|-damage|p1a: Gliscor|0 fnt
|faint|p1a: Gliscor
|-damage|p2a: Iron Valiant|81/100|[from] item: Life Orb
|
|-fieldend|move: Electric Terrain
|-end|p2a: Iron Valiant|Quark Drive
|upkeep
|
|t:|1760441235
|switch|p1a: Primarina|Primarina, F, shiny|100/100
|turn|9
|
|t:|1760441247
|-end|p2a: Iron Valiant|Quark Drive|[silent]
|switch|p2a: Iron Crown|Iron Crown|37/100
|move|p1a: Primarina|Surf|p2a: Iron Crown
|-damage|p2a: Iron Crown|0 fnt
|faint|p2a: Iron Crown
|-end|p2a: Iron Crown|Quark Drive|[silent]
|
|upkeep
|
|t:|1760441254
|switch|p2a: Raging Bolt|Raging Bolt|100/100
|turn|10
|
|t:|1760441263
|move|p1a: Primarina|Moonblast|p2a: Raging Bolt
|-supereffective|p2a: Raging Bolt
|-damage|p2a: Raging Bolt|0 fnt
|faint|p2a: Raging Bolt
|-end|p2a: Raging Bolt|Protosynthesis|[silent]
|
|upkeep
|inactive|jarrah1z has 120 seconds left.
|
|t:|1760441293
|switch|p2a: Iron Jugulis|Iron Jugulis, shiny|100/100
|turn|11
|
|t:|1760441302
|move|p2a: Iron Jugulis|Meteor Beam||[still]
|-prepare|p2a: Iron Jugulis|Meteor Beam
|-boost|p2a: Iron Jugulis|spa|1
|-enditem|p2a: Iron Jugulis|Power Herb
|-anim|p2a: Iron Jugulis|Meteor Beam|p1a: Primarina
|-crit|p1a: Primarina
|-damage|p1a: Primarina|49/100
|move|p1a: Primarina|Moonblast|p2a: Iron Jugulis
|-supereffective|p2a: Iron Jugulis
|-damage|p2a: Iron Jugulis|0 fnt
|faint|p2a: Iron Jugulis
|-end|p2a: Iron Jugulis|Quark Drive|[silent]
|
|upkeep
|
|t:|1760441312
|switch|p2a: Iron Treads|Iron Treads, shiny|100/100
|turn|12
|
|t:|1760441315
|move|p2a: Iron Treads|Earthquake|p1a: Primarina
|-damage|p1a: Primarina|0 fnt
|faint|p1a: Primarina
|
|upkeep
|
|t:|1760441324
|switch|p1a: Darkrai|Darkrai, shiny|100/100
|turn|13
|
|t:|1760441334
|move|p1a: Darkrai|Dark Pulse|p2a: Iron Treads
|-damage|p2a: Iron Treads|40/100
|move|p2a: Iron Treads|Earthquake|p1a: Darkrai
|-damage|p1a: Darkrai|34/100
|
|upkeep
|turn|14
|
|t:|1760441349
|move|p1a: Darkrai|Dark Pulse|p2a: Iron Treads
|-damage|p2a: Iron Treads|0 fnt
|faint|p2a: Iron Treads
|-end|p2a: Iron Treads|Quark Drive|[silent]
|
|upkeep
|
|t:|1760441350
|switch|p2a: Iron Valiant|Iron Valiant, shiny|81/100
|turn|15
|
|t:|1760441370
|move|p1a: Darkrai|Sludge Bomb|p2a: Iron Valiant
|-supereffective|p2a: Iron Valiant
|-damage|p2a: Iron Valiant|0 fnt
|faint|p2a: Iron Valiant
|-end|p2a: Iron Valiant|Quark Drive|[silent]
|
|win|IxXDarkraiXxI
|raw|IxXDarkraiXxI's rating: 1267 &rarr; <strong>1291</strong><br />(+24 for winning)
|raw|jarrah1z's rating: 1255 &rarr; <strong>1231</strong><br />(-24 for losing)
|l|☆jarrah1z
|player|p2|
|l|‽IxXDarkraiXxI
|player|p1|
