|badge|p1|silver|gen9ubers|30-7
|uhtml|medal-msg|<div class="broadcast-blue">Curious what those medals under the avatar are? PS now has Ladder Seasons! For more information, check out the <a href="https://www.smogon.com/forums/threads/3740067/">thread on Smogon.</a></div>
|badge|p2|bronze|gen9randombattle|100-7
|uhtml|medal-msg|<div class="broadcast-blue">Curious what those medals under the avatar are? PS now has Ladder Seasons! For more information, check out the <a href="https://www.smogon.com/forums/threads/3740067/">thread on Smogon.</a></div>
|j|☆5 player games
|j|☆SpongeGar & Patar
|t:|1760413244
|gametype|singles
|player|p1|5 player games|1|1721
|player|p2|SpongeGar & Patar|266|1814
|gen|9
|tier|[Gen 9] OU
|rated|
|rule|HP Percentage Mod: HP is shown in percentages
|rule|Endless Battle Clause: Forcing endless battles is banned
|rule|Species Clause: Limit one of each Pokémon
|rule|OHKO Clause: OHKO moves are banned
|rule|Evasion Items Clause: Evasion items are banned
|rule|Evasion Moves Clause: Evasion moves are banned
|rule|Evasion Abilities Clause: Evasion abilities are banned
|rule|Sleep Moves Clause: Sleep-inducing moves are banned
|clearpoke
|poke|p1|Great Tusk|
|poke|p1|Tinkaton, F|
|poke|p1|Gliscor, M|
|poke|p1|Darkrai|
|poke|p1|Pecharunt|
|poke|p1|Dragonite, M|
|poke|p2|Kyurem|
|poke|p2|Corviknight, F|
|poke|p2|Ting-Lu|
|poke|p2|Dondozo, F|
|poke|p2|Slowking-Galar, L99, M|
|poke|p2|Cinderace, F|
|teampreview
|j| Rizzofreko
|c|☆5 player games|how are you still haunting me
|inactive|Battle timer is ON: inactive players will automatically lose when time's up. (requested by 5 player games)
|
|t:|1760413294
|teamsize|p1|6
|teamsize|p2|6
|start
|switch|p1a: Darkrai|Darkrai|100/100
|switch|p2a: Kyurem|Kyurem|100/100
|-ability|p2a: Kyurem|Pressure
|turn|1
|inactive|SpongeGar & Patar also wants the timer to be on.
|inactive|SpongeGar & Patar has 120 seconds left.
|
|t:|1760413342
|move|p1a: Darkrai|Knock Off|p2a: Kyurem
|-damage|p2a: Kyurem|64/100
|-enditem|p2a: Kyurem|Leftovers|[from] move: Knock Off|[of] p1a: Darkrai
|move|p2a: Kyurem|Freeze-Dry|p1a: Darkrai
|-damage|p1a: Darkrai|50/100
|
|upkeep
|turn|2
|inactive|SpongeGar & Patar has 90 seconds left.
|j| Joao v9898
|
|t:|1760413391
|switch|p1a: Tinkaton|Tinkaton, F|100/100
|-ability|p1a: Tinkaton|Mold Breaker
|-item|p1a: Tinkaton|Air Balloon
|move|p2a: Kyurem|Freeze-Dry|p1a: Tinkaton
|-resisted|p1a: Tinkaton
|-damage|p1a: Tinkaton|86/100
|-status|p1a: Tinkaton|frz
|-enditem|p1a: Tinkaton|Air Balloon
|
|upkeep
|turn|3
|l| Joao v9898
|inactive|SpongeGar & Patar has 60 seconds left.
|inactive|5 player games has 120 seconds left.
|l| Rizzofreko
|inactive|SpongeGar & Patar has 30 seconds left.
|
|t:|1760413442
|move|p2a: Kyurem|Earth Power|p1a: Tinkaton
|-supereffective|p1a: Tinkaton
|-damage|p1a: Tinkaton|31/100 frz
|cant|p1a: Tinkaton|frz
|
|upkeep
|turn|4
|j| keyshotbab
|inactive|5 player games has 120 seconds left.
|inactive|SpongeGar & Patar has 30 seconds left.
|
|t:|1760413454
|move|p2a: Kyurem|Earth Power|p1a: Tinkaton
|-supereffective|p1a: Tinkaton
|-damage|p1a: Tinkaton|0 fnt
|faint|p1a: Tinkaton
|
|upkeep
|inactive|5 player games has 120 seconds left.
|
|t:|1760413468
|switch|p1a: Darkrai|Darkrai|50/100
|turn|5
|inactive|5 player games has 120 seconds left.
|
|t:|1760413477
|-terastallize|p1a: Darkrai|Dark
|move|p1a: Darkrai|Dark Pulse|p2a: Kyurem
|-damage|p2a: Kyurem|0 fnt
|faint|p2a: Kyurem
|
|upkeep
|
|t:|1760413486
|switch|p2a: Dondozo|Dondozo, F|100/100
|turn|6
|l| keyshotbab
|
|t:|1760413496
|switch|p1a: Pecharunt|Pecharunt|100/100
|move|p2a: Dondozo|Body Press|p1a: Pecharunt
|-immune|p1a: Pecharunt
|
|upkeep
|turn|7
|
|t:|1760413506
|move|p1a: Pecharunt|Parting Shot|p2a: Dondozo
|-unboost|p2a: Dondozo|atk|1
|-unboost|p2a: Dondozo|spa|1
|inactive|5 player games has 120 seconds left.
|
|t:|1760413528
|switch|p1a: Gliscor|Gliscor, M|100/100|[from] Parting Shot
|move|p2a: Dondozo|Curse|p2a: Dondozo
|-unboost|p2a: Dondozo|spe|1
|-boost|p2a: Dondozo|atk|1
|-boost|p2a: Dondozo|def|1
|
|-status|p1a: Gliscor|tox|[from] item: Toxic Orb
|upkeep
|turn|8
|inactive|SpongeGar & Patar has 60 seconds left.
|
|t:|1760413537
|move|p1a: Gliscor|Knock Off|p2a: Dondozo
|-damage|p2a: Dondozo|94/100
|-enditem|p2a: Dondozo|Leftovers|[from] move: Knock Off|[of] p1a: Gliscor
|move|p2a: Dondozo|Curse|p2a: Dondozo
|-unboost|p2a: Dondozo|spe|1
|-boost|p2a: Dondozo|atk|1
|-boost|p2a: Dondozo|def|1
|
|upkeep
|turn|9
|inactive|SpongeGar & Patar has 60 seconds left.
|
|t:|1760413548
|switch|p1a: Pecharunt|Pecharunt|100/100
|move|p2a: Dondozo|Waterfall|p1a: Pecharunt
|-damage|p1a: Pecharunt|81/100
|
|upkeep
|turn|10
|
|t:|1760413557
|switch|p2a: Slowking|Slowking-Galar, L99, M|100/100
|move|p1a: Pecharunt|Malignant Chain|p2a: Slowking
|-resisted|p2a: Slowking
|-damage|p2a: Slowking|91/100
|
|upkeep
|turn|11
|
|t:|1760413573
|move|p1a: Pecharunt|Parting Shot|p2a: Slowking
|-unboost|p2a: Slowking|atk|1
|-unboost|p2a: Slowking|spa|1
|
|t:|1760413582
|switch|p1a: Gliscor|Gliscor, M|100/100 tox|[from] Parting Shot
|move|p2a: Slowking|Future Sight|p1a: Gliscor
|-start|p2a: Slowking|move: Future Sight
|
|upkeep
|turn|12
|
|t:|1760413591
|switch|p2a: Dondozo|Dondozo, F|94/100
|move|p1a: Gliscor|Knock Off|p2a: Dondozo
|-damage|p2a: Dondozo|88/100
|
|upkeep
|turn|13
|
|t:|1760413614
|move|p1a: Gliscor|Spikes|p2a: Dondozo
|-sidestart|p2: SpongeGar & Patar|Spikes
|move|p2a: Dondozo|Waterfall|p1a: Gliscor
|-supereffective|p1a: Gliscor
|-damage|p1a: Gliscor|61/100 tox
|
|-end|p1a: Gliscor|move: Future Sight
|-damage|p1a: Gliscor|23/100 tox
|-heal|p1a: Gliscor|35/100 tox|[from] ability: Poison Heal
|upkeep
|turn|14
|inactive|SpongeGar & Patar has 60 seconds left.
|inactive|5 player games has 120 seconds left.
|
|t:|1760413675
|switch|p2a: Corviknight|Corviknight, F|100/100
|-ability|p2a: Corviknight|Pressure
|move|p1a: Gliscor|U-turn|p2a: Corviknight
|-resisted|p2a: Corviknight
|-damage|p2a: Corviknight|98/100
|-damage|p1a: Gliscor|19/100 tox|[from] item: Rocky Helmet|[of] p2a: Corviknight
|
|t:|1760413684
|switch|p1a: Darkrai|Darkrai, tera:Dark|50/100|[from] U-turn
|
|upkeep
|turn|15
|inactive|SpongeGar & Patar has 30 seconds left.
|inactive|SpongeGar & Patar has 20 seconds left.
|inactive|SpongeGar & Patar has 15 seconds left.
|
|t:|1760413733
|switch|p2a: Ting-Lu|Ting-Lu|100/100
|-damage|p2a: Ting-Lu|88/100|[from] Spikes
|-ability|p2a: Ting-Lu|Vessel of Ruin
|move|p1a: Darkrai|Dark Pulse|p2a: Ting-Lu
|-resisted|p2a: Ting-Lu
|-damage|p2a: Ting-Lu|75/100
|
|-heal|p2a: Ting-Lu|81/100|[from] item: Leftovers
|upkeep
|turn|16
|inactive|SpongeGar & Patar has 25 seconds left this turn.
|inactive|SpongeGar & Patar has 20 seconds left.
|
|t:|1760413742
|switch|p1a: Gliscor|Gliscor, M|19/100 tox
|move|p2a: Ting-Lu|Payback|p1a: Gliscor
|-damage|p1a: Gliscor|5/100 tox
|
|-heal|p2a: Ting-Lu|87/100|[from] item: Leftovers
|-heal|p1a: Gliscor|18/100 tox|[from] ability: Poison Heal
|upkeep
|turn|17
|inactive|SpongeGar & Patar has 30 seconds left this turn.
|inactive|SpongeGar & Patar has 20 seconds left.
|
|t:|1760413754
|switch|p2a: Corviknight|Corviknight, F|98/100
|-ability|p2a: Corviknight|Pressure
|move|p1a: Gliscor|U-turn|p2a: Corviknight
|-resisted|p2a: Corviknight
|-damage|p2a: Corviknight|96/100
|-damage|p1a: Gliscor|1/100 tox|[from] item: Rocky Helmet|[of] p2a: Corviknight
|inactive|5 player games has 120 seconds left.
|
|t:|1760413773
|switch|p1a: Great Tusk|Great Tusk|100/100|[from] U-turn
|
|upkeep
|turn|18
|inactive|5 player games has 120 seconds left.
|inactive|SpongeGar & Patar has 30 seconds left.
|
|t:|1760413782
|-end|p1a: Great Tusk|Protosynthesis|[silent]
|switch|p1a: Gliscor|Gliscor, M|1/100 tox
|move|p2a: Corviknight|Defog|p1a: Gliscor
|-unboost|p1a: Gliscor|evasion|1
|-sideend|p2: SpongeGar & Patar|Spikes|[from] move: Defog|[of] p2a: Corviknight
|
|-heal|p1a: Gliscor|14/100 tox|[from] ability: Poison Heal
|upkeep
|turn|19
|
|t:|1760413792
|move|p1a: Gliscor|Spikes|p2a: Corviknight
|-sidestart|p2: SpongeGar & Patar|Spikes
|move|p2a: Corviknight|U-turn|p1a: Gliscor
|-resisted|p1a: Gliscor
|-damage|p1a: Gliscor|8/100 tox
|inactive|SpongeGar & Patar has 30 seconds left.
|
|t:|1760413802
|switch|p2a: Cinderace|Cinderace, F|100/100|[from] U-turn
|
|-heal|p1a: Gliscor|21/100 tox|[from] ability: Poison Heal
|upkeep
|turn|20
|
|t:|1760413818
|move|p2a: Cinderace|Court Change|p2a: Cinderace
|-swapsideconditions
|-activate|p2a: Cinderace|move: Court Change
|move|p1a: Gliscor|Knock Off|p2a: Cinderace
|-damage|p2a: Cinderace|74/100
|-enditem|p2a: Cinderace|Heavy-Duty Boots|[from] move: Knock Off|[of] p1a: Gliscor
|
|-heal|p1a: Gliscor|33/100 tox|[from] ability: Poison Heal
|upkeep
|turn|21
|
|t:|1760413828
|move|p1a: Gliscor|Protect|p1a: Gliscor
|-singleturn|p1a: Gliscor|Protect
|move|p2a: Cinderace|Pyro Ball|p1a: Gliscor
|-activate|p1a: Gliscor|move: Protect
|
|-heal|p1a: Gliscor|46/100 tox|[from] ability: Poison Heal
|upkeep
|turn|22
|
|t:|1760413844
|switch|p1a: Pecharunt|Pecharunt|81/100
|move|p2a: Cinderace|Pyro Ball|p1a: Pecharunt
|-damage|p1a: Pecharunt|57/100
|
|upkeep
|turn|23
|
|t:|1760413854
|move|p2a: Cinderace|Pyro Ball|p1a: Pecharunt
|-damage|p1a: Pecharunt|36/100
|-status|p1a: Pecharunt|brn
|move|p1a: Pecharunt|Recover|p1a: Pecharunt
|-heal|p1a: Pecharunt|87/100 brn
|
|-damage|p1a: Pecharunt|80/100 brn|[from] brn
|upkeep
|turn|24
|
|t:|1760413863
|move|p2a: Cinderace|Pyro Ball|p1a: Pecharunt
|-damage|p1a: Pecharunt|57/100 brn
|move|p1a: Pecharunt|Parting Shot|p2a: Cinderace
|-unboost|p2a: Cinderace|atk|1
|-unboost|p2a: Cinderace|spa|1
|
|t:|1760413867
|switch|p1a: Gliscor|Gliscor, M|46/100 tox|[from] Parting Shot
|
|-heal|p1a: Gliscor|58/100 tox|[from] ability: Poison Heal
|upkeep
|turn|25
|inactive|SpongeGar & Patar has 60 seconds left.
|
|t:|1760413876
|move|p2a: Cinderace|Pyro Ball|p1a: Gliscor
|-damage|p1a: Gliscor|32/100 tox
|move|p1a: Gliscor|Spikes|p2a: Cinderace
|-sidestart|p2: SpongeGar & Patar|Spikes
|
|-heal|p1a: Gliscor|45/100 tox|[from] ability: Poison Heal
|upkeep
|turn|26
|
|t:|1760413886
|switch|p2a: Corviknight|Corviknight, F|96/100
|-ability|p2a: Corviknight|Pressure
|move|p1a: Gliscor|Knock Off|p2a: Corviknight
|-damage|p2a: Corviknight|83/100
|-damage|p1a: Gliscor|28/100 tox|[from] item: Rocky Helmet|[of] p2a: Corviknight
|-enditem|p2a: Corviknight|Rocky Helmet|[from] move: Knock Off|[of] p1a: Gliscor
|
|-heal|p1a: Gliscor|41/100 tox|[from] ability: Poison Heal
|upkeep
|turn|27
|
|t:|1760413895
|move|p1a: Gliscor|Protect|p1a: Gliscor
|-singleturn|p1a: Gliscor|Protect
|move|p2a: Corviknight|Roost|p2a: Corviknight
|-heal|p2a: Corviknight|100/100
|-singleturn|p2a: Corviknight|move: Roost
|
|-heal|p1a: Gliscor|53/100 tox|[from] ability: Poison Heal
|upkeep
|turn|28
|
|t:|1760413905
|move|p1a: Gliscor|Spikes|p2a: Corviknight
|-sidestart|p2: SpongeGar & Patar|Spikes
|move|p2a: Corviknight|Brave Bird|p1a: Gliscor
|-damage|p1a: Gliscor|23/100 tox
|-damage|p2a: Corviknight|92/100|[from] Recoil
|
|-heal|p1a: Gliscor|36/100 tox|[from] ability: Poison Heal
|upkeep
|turn|29
|
|t:|1760413914
|move|p1a: Gliscor|Spikes|p2a: Corviknight
|-sidestart|p2: SpongeGar & Patar|Spikes
|move|p2a: Corviknight|Defog|p1a: Gliscor
|-unboost|p1a: Gliscor|evasion|1
|-sideend|p1: 5 player games|Spikes|[from] move: Defog|[of] p2a: Corviknight
|-sideend|p2: SpongeGar & Patar|Spikes|[from] move: Defog|[of] p2a: Corviknight
|
|-heal|p1a: Gliscor|48/100 tox|[from] ability: Poison Heal
|upkeep
|turn|30
|
|t:|1760413924
|move|p1a: Gliscor|Spikes|p2a: Corviknight
|-sidestart|p2: SpongeGar & Patar|Spikes
|move|p2a: Corviknight|Brave Bird|p1a: Gliscor
|-damage|p1a: Gliscor|19/100 tox
|-damage|p2a: Corviknight|83/100|[from] Recoil
|
|-heal|p1a: Gliscor|32/100 tox|[from] ability: Poison Heal
|upkeep
|turn|31
|inactive|SpongeGar & Patar has 90 seconds left.
|
|t:|1760413934
|move|p1a: Gliscor|Protect|p1a: Gliscor
|-singleturn|p1a: Gliscor|Protect
|move|p2a: Corviknight|Defog|p1a: Gliscor
|-activate|p1a: Gliscor|move: Protect
|
|-heal|p1a: Gliscor|44/100 tox|[from] ability: Poison Heal
|upkeep
|turn|32
|
|t:|1760413954
|move|p1a: Gliscor|Spikes|p2a: Corviknight
|-sidestart|p2: SpongeGar & Patar|Spikes
|move|p2a: Corviknight|Defog|p1a: Gliscor
|-unboost|p1a: Gliscor|evasion|1
|-sideend|p2: SpongeGar & Patar|Spikes|[from] move: Defog|[of] p2a: Corviknight
|
|-heal|p1a: Gliscor|57/100 tox|[from] ability: Poison Heal
|upkeep
|turn|33
|
|t:|1760413963
|move|p1a: Gliscor|Knock Off|p2a: Corviknight
|-damage|p2a: Corviknight|75/100
|move|p2a: Corviknight|Roost|p2a: Corviknight
|-heal|p2a: Corviknight|100/100
|-singleturn|p2a: Corviknight|move: Roost
|
|-heal|p1a: Gliscor|69/100 tox|[from] ability: Poison Heal
|upkeep
|turn|34
|
|t:|1760413973
|move|p1a: Gliscor|Knock Off|p2a: Corviknight
|-damage|p2a: Corviknight|92/100
|move|p2a: Corviknight|Brave Bird|p1a: Gliscor
|-damage|p1a: Gliscor|43/100 tox
|-damage|p2a: Corviknight|84/100|[from] Recoil
|
|-heal|p1a: Gliscor|55/100 tox|[from] ability: Poison Heal
|upkeep
|turn|35
|
|t:|1760413984
|move|p1a: Gliscor|Spikes|p2a: Corviknight
|-sidestart|p2: SpongeGar & Patar|Spikes
|move|p2a: Corviknight|Roost|p2a: Corviknight
|-heal|p2a: Corviknight|100/100
|-singleturn|p2a: Corviknight|move: Roost
|
|-heal|p1a: Gliscor|68/100 tox|[from] ability: Poison Heal
|upkeep
|turn|36
|
|t:|1760413997
|move|p1a: Gliscor|U-turn|p2a: Corviknight
|-resisted|p2a: Corviknight
|-damage|p2a: Corviknight|98/100
|j| Joao v9898
|
|t:|1760414000
|switch|p1a: Pecharunt|Pecharunt|57/100 brn|[from] U-turn
|move|p2a: Corviknight|Defog|p1a: Pecharunt
|-unboost|p1a: Pecharunt|evasion|1
|-sideend|p2: SpongeGar & Patar|Spikes|[from] move: Defog|[of] p2a: Corviknight
|
|-damage|p1a: Pecharunt|51/100 brn|[from] brn
|upkeep
|turn|37
|l| Joao v9898
|inactive|SpongeGar & Patar has 120 seconds left.
|
|t:|1760414009
|move|p1a: Pecharunt|Recover|p1a: Pecharunt
|-heal|p1a: Pecharunt|100/100 brn
|move|p2a: Corviknight|Brave Bird|p1a: Pecharunt
|-damage|p1a: Pecharunt|82/100 brn
|-damage|p2a: Corviknight|92/100|[from] Recoil
|
|-damage|p1a: Pecharunt|75/100 brn|[from] brn
|upkeep
|turn|38
|
|t:|1760414019
|move|p1a: Pecharunt|Parting Shot|p2a: Corviknight
|-unboost|p2a: Corviknight|atk|1
|-unboost|p2a: Corviknight|spa|1
|
|t:|1760414022
|switch|p1a: Gliscor|Gliscor, M|68/100 tox|[from] Parting Shot
|move|p2a: Corviknight|Brave Bird|p1a: Gliscor
|-damage|p1a: Gliscor|48/100 tox
|-damage|p2a: Corviknight|87/100|[from] Recoil
|
|-heal|p1a: Gliscor|61/100 tox|[from] ability: Poison Heal
|upkeep
|turn|39
|
|t:|1760414036
|switch|p2a: Cinderace|Cinderace, F|74/100
|move|p1a: Gliscor|Knock Off|p2a: Cinderace
|-damage|p2a: Cinderace|58/100
|
|-heal|p1a: Gliscor|73/100 tox|[from] ability: Poison Heal
|upkeep
|turn|40
|
|t:|1760414046
|move|p2a: Cinderace|Pyro Ball|p1a: Gliscor
|-damage|p1a: Gliscor|36/100 tox
|move|p1a: Gliscor|Knock Off|p2a: Cinderace
|-damage|p2a: Cinderace|42/100
|
|-heal|p1a: Gliscor|48/100 tox|[from] ability: Poison Heal
|upkeep
|turn|41
|
|t:|1760414056
|move|p1a: Gliscor|Protect|p1a: Gliscor
|-singleturn|p1a: Gliscor|Protect
|move|p2a: Cinderace|Will-O-Wisp|p1a: Gliscor
|-activate|p1a: Gliscor|move: Protect
|
|-heal|p1a: Gliscor|61/100 tox|[from] ability: Poison Heal
|upkeep
|turn|42
|
|t:|1760414065
|move|p2a: Cinderace|Pyro Ball|p1a: Gliscor
|-damage|p1a: Gliscor|23/100 tox
|move|p1a: Gliscor|U-turn|p2a: Cinderace
|-resisted|p2a: Cinderace
|-damage|p2a: Cinderace|33/100
|
|t:|1760414068
|switch|p1a: Darkrai|Darkrai, tera:Dark|50/100|[from] U-turn
|
|upkeep
|turn|43
|inactive|SpongeGar & Patar has 120 seconds left.
|
|t:|1760414116
|switch|p2a: Ting-Lu|Ting-Lu|87/100
|-ability|p2a: Ting-Lu|Vessel of Ruin
|move|p1a: Darkrai|Knock Off|p2a: Ting-Lu
|-resisted|p2a: Ting-Lu
|-damage|p2a: Ting-Lu|74/100
|-enditem|p2a: Ting-Lu|Leftovers|[from] move: Knock Off|[of] p1a: Darkrai
|
|upkeep
|turn|44
|inactive|SpongeGar & Patar has 90 seconds left.
|
|t:|1760414164
|switch|p1a: Dragonite|Dragonite, M|100/100
|move|p2a: Ting-Lu|Payback|p1a: Dragonite
|-damage|p1a: Dragonite|90/100
|
|-heal|p1a: Dragonite|96/100|[from] item: Leftovers
|upkeep
|turn|45
|inactive|SpongeGar & Patar has 60 seconds left.
|
|t:|1760414213
|move|p1a: Dragonite|Dragon Dance|p1a: Dragonite
|-boost|p1a: Dragonite|atk|1
|-boost|p1a: Dragonite|spe|1
|move|p2a: Ting-Lu|Payback|p1a: Dragonite
|-damage|p1a: Dragonite|53/100
|
|-heal|p1a: Dragonite|59/100|[from] item: Leftovers
|upkeep
|turn|46
|
|t:|1760414223
|move|p1a: Dragonite|Roost|p1a: Dragonite
|-heal|p1a: Dragonite|100/100
|-singleturn|p1a: Dragonite|move: Roost
|move|p2a: Ting-Lu|Payback|p1a: Dragonite
|-damage|p1a: Dragonite|80/100
|
|-heal|p1a: Dragonite|87/100|[from] item: Leftovers
|upkeep
|turn|47
|
|t:|1760414233
|switch|p2a: Dondozo|Dondozo, F|88/100
|move|p1a: Dragonite|Earthquake|p2a: Dondozo
|-damage|p2a: Dondozo|72/100
|
|-heal|p1a: Dragonite|93/100|[from] item: Leftovers
|upkeep
|turn|48
|
|t:|1760414242
|move|p1a: Dragonite|Tera Blast|p2a: Dondozo
|-damage|p2a: Dondozo|57/100
|move|p2a: Dondozo|Curse|p2a: Dondozo
|-unboost|p2a: Dondozo|spe|1
|-boost|p2a: Dondozo|atk|1
|-boost|p2a: Dondozo|def|1
|
|-heal|p1a: Dragonite|99/100|[from] item: Leftovers
|upkeep
|turn|49
|
|t:|1760414252
|switch|p1a: Pecharunt|Pecharunt|75/100 brn
|move|p2a: Dondozo|Curse|p2a: Dondozo
|-unboost|p2a: Dondozo|spe|1
|-boost|p2a: Dondozo|atk|1
|-boost|p2a: Dondozo|def|1
|
|-damage|p1a: Pecharunt|69/100 brn|[from] brn
|upkeep
|turn|50
|inactive|SpongeGar & Patar has 60 seconds left.
|
|t:|1760414261
|move|p1a: Pecharunt|Malignant Chain|p2a: Dondozo
|-damage|p2a: Dondozo|25/100
|move|p2a: Dondozo|Waterfall|p1a: Pecharunt
|-damage|p1a: Pecharunt|44/100 brn
|
|-damage|p1a: Pecharunt|38/100 brn|[from] brn
|upkeep
|turn|51
|
|t:|1760414273
|switch|p2a: Slowking|Slowking-Galar, L99, M|100/100
|move|p1a: Pecharunt|Recover|p1a: Pecharunt
|-heal|p1a: Pecharunt|88/100 brn
|
|-damage|p1a: Pecharunt|82/100 brn|[from] brn
|upkeep
|turn|52
|
|t:|1760414282
|move|p1a: Pecharunt|Parting Shot|p2a: Slowking
|-unboost|p2a: Slowking|atk|1
|-unboost|p2a: Slowking|spa|1
|j| nutstomp.mp4
|
|t:|1760414290
|switch|p1a: Dragonite|Dragonite, M|99/100|[from] Parting Shot
|move|p2a: Slowking|Future Sight|p1a: Dragonite
|-start|p2a: Slowking|move: Future Sight
|
|-heal|p1a: Dragonite|100/100|[from] item: Leftovers
|upkeep
|turn|53
|
|t:|1760414302
|-terastallize|p2a: Slowking|Water
|move|p1a: Dragonite|Dragon Dance|p1a: Dragonite
|-boost|p1a: Dragonite|atk|1
|-boost|p1a: Dragonite|spe|1
|move|p2a: Slowking|Toxic|p1a: Dragonite
|-status|p1a: Dragonite|tox
|
|-damage|p1a: Dragonite|94/100 tox|[from] psn
|upkeep
|turn|54
|
|t:|1760414311
|move|p1a: Dragonite|Earthquake|p2a: Slowking
|-damage|p2a: Slowking|45/100
|move|p2a: Slowking|Sludge Bomb|p1a: Dragonite
|-damage|p1a: Dragonite|73/100 tox
|
|-end|p1a: Dragonite|move: Future Sight
|-crit|p1a: Dragonite
|-damage|p1a: Dragonite|9/100 tox
|-heal|p1a: Dragonite|15/100 tox|[from] item: Leftovers
|-damage|p1a: Dragonite|2/100 tox|[from] psn
|upkeep
|turn|55
|inactive|SpongeGar & Patar has 90 seconds left.
|
|t:|1760414327
|switch|p2a: Corviknight|Corviknight, F|87/100
|-ability|p2a: Corviknight|Pressure
|move|p1a: Dragonite|Roost|p1a: Dragonite
|-heal|p1a: Dragonite|53/100 tox
|-singleturn|p1a: Dragonite|move: Roost
|
|-heal|p1a: Dragonite|59/100 tox|[from] item: Leftovers
|-damage|p1a: Dragonite|40/100 tox|[from] psn
|upkeep
|turn|56
|inactive|SpongeGar & Patar has 90 seconds left.
|
|t:|1760414338
|move|p1a: Dragonite|Tera Blast|p2a: Corviknight
|-resisted|p2a: Corviknight
|-damage|p2a: Corviknight|79/100
|move|p2a: Corviknight|Brave Bird|p1a: Dragonite
|-damage|p1a: Dragonite|0 fnt
|faint|p1a: Dragonite
|-damage|p2a: Corviknight|69/100|[from] Recoil
|
|upkeep
|inactive|5 player games has 120 seconds left.
|
|t:|1760414366
|switch|p1a: Pecharunt|Pecharunt|82/100 brn
|turn|57
|
|t:|1760414375
|move|p1a: Pecharunt|Parting Shot|p2a: Corviknight
|-unboost|p2a: Corviknight|atk|1
|-unboost|p2a: Corviknight|spa|1
|
|t:|1760414378
|switch|p1a: Gliscor|Gliscor, M|23/100 tox|[from] Parting Shot
|move|p2a: Corviknight|U-turn|p1a: Gliscor
|-resisted|p1a: Gliscor
|-damage|p1a: Gliscor|20/100 tox
|
|t:|1760414388
|switch|p2a: Dondozo|Dondozo, F|25/100|[from] U-turn
|
|-heal|p1a: Gliscor|32/100 tox|[from] ability: Poison Heal
|upkeep
|turn|58
|
|t:|1760414407
|switch|p1a: Pecharunt|Pecharunt|82/100 brn
|move|p2a: Dondozo|Rest|p2a: Dondozo
|-status|p2a: Dondozo|slp|[from] move: Rest
|-heal|p2a: Dondozo|100/100 slp|[silent]
|
|-damage|p1a: Pecharunt|76/100 brn|[from] brn
|upkeep
|turn|59
|
|t:|1760414416
|switch|p2a: Slowking|Slowking-Galar, L99, M, tera:Water|78/100
|move|p1a: Pecharunt|Parting Shot|p2a: Slowking
|-unboost|p2a: Slowking|atk|1
|-unboost|p2a: Slowking|spa|1
|j| mowmowpow
|
|t:|1760414430
|switch|p1a: Great Tusk|Great Tusk|100/100|[from] Parting Shot
|
|upkeep
|turn|60
|inactive|SpongeGar & Patar has 120 seconds left.
|l| nutstomp.mp4
|inactive|SpongeGar & Patar has 90 seconds left.
|
|t:|1760414479
|switch|p2a: Corviknight|Corviknight, F|69/100
|-ability|p2a: Corviknight|Pressure
|move|p1a: Great Tusk|Close Combat|p2a: Corviknight
|-damage|p2a: Corviknight|34/100
|-unboost|p1a: Great Tusk|def|1
|-unboost|p1a: Great Tusk|spd|1
|
|upkeep
|turn|61
|inactive|SpongeGar & Patar has 90 seconds left.
|inactive|SpongeGar & Patar has 60 seconds left.
|
|t:|1760414529
|move|p1a: Great Tusk|Close Combat|p2a: Corviknight
|-damage|p2a: Corviknight|0 fnt
|-unboost|p1a: Great Tusk|def|1
|-unboost|p1a: Great Tusk|spd|1
|faint|p2a: Corviknight
|
|upkeep
|j| xzmxzmx
|inactive|SpongeGar & Patar has 30 seconds left.
|l| xzmxzmx
|inactive|SpongeGar & Patar has 20 seconds left.
|inactive|SpongeGar & Patar has 15 seconds left.
|inactive|SpongeGar & Patar has 10 seconds left.
|
|t:|1760414577
|switch|p2a: Cinderace|Cinderace, F|33/100
|turn|62
|inactive|SpongeGar & Patar has 20 seconds left this turn.
|inactive|SpongeGar & Patar has 15 seconds left.
|
|t:|1760414586
|-end|p1a: Great Tusk|Protosynthesis|[silent]
|switch|p1a: Pecharunt|Pecharunt|76/100 brn
|move|p2a: Cinderace|Pyro Ball|p1a: Pecharunt
|-damage|p1a: Pecharunt|43/100 brn
|
|-damage|p1a: Pecharunt|37/100 brn|[from] brn
|upkeep
|turn|63
|inactive|SpongeGar & Patar has 25 seconds left this turn.
|j| MasterHR
|inactive|SpongeGar & Patar has 20 seconds left.
|
|t:|1760414596
|move|p2a: Cinderace|U-turn|p1a: Pecharunt
|-resisted|p1a: Pecharunt
|-damage|p1a: Pecharunt|35/100 brn
|inactive|SpongeGar & Patar has 25 seconds left this turn.
|inactive|SpongeGar & Patar has 20 seconds left.
|
|t:|1760414606
|switch|p2a: Slowking|Slowking-Galar, L99, M, tera:Water|100/100|[from] U-turn
|move|p1a: Pecharunt|Malignant Chain|p2a: Slowking
|-damage|p2a: Slowking|80/100
|
|-damage|p1a: Pecharunt|29/100 brn|[from] brn
|upkeep
|turn|64
|inactive|SpongeGar & Patar has 30 seconds left this turn.
|
|t:|1760414615
|move|p1a: Pecharunt|Malignant Chain|p2a: Slowking
|-damage|p2a: Slowking|62/100
|move|p2a: Slowking|Future Sight|p1a: Pecharunt
|-start|p2a: Slowking|move: Future Sight
|
|-damage|p1a: Pecharunt|23/100 brn|[from] brn
|upkeep
|turn|65
|inactive|SpongeGar & Patar has 30 seconds left.
|
|t:|1760414627
|switch|p1a: Gliscor|Gliscor, M|32/100 tox
|move|p2a: Slowking|Sludge Bomb|p1a: Gliscor
|-resisted|p1a: Gliscor
|-damage|p1a: Gliscor|20/100 tox
|
|-heal|p1a: Gliscor|32/100 tox|[from] ability: Poison Heal
|upkeep
|turn|66
|
|t:|1760414639
|move|p1a: Gliscor|Knock Off|p2a: Slowking
|-damage|p2a: Slowking|41/100
|-enditem|p2a: Slowking|Heavy-Duty Boots|[from] move: Knock Off|[of] p1a: Gliscor
|move|p2a: Slowking|Toxic|p1a: Gliscor
|-fail|p1a: Gliscor|tox
|
|-end|p1a: Gliscor|move: Future Sight
|-damage|p1a: Gliscor|0 fnt
|faint|p1a: Gliscor
|upkeep
|
|t:|1760414657
|switch|p1a: Darkrai|Darkrai, tera:Dark|50/100
|turn|67
|
|t:|1760414666
|switch|p2a: Ting-Lu|Ting-Lu|74/100
|-ability|p2a: Ting-Lu|Vessel of Ruin
|move|p1a: Darkrai|Dark Pulse|p2a: Ting-Lu
|-resisted|p2a: Ting-Lu
|-damage|p2a: Ting-Lu|60/100
|
|upkeep
|turn|68
|
|t:|1760414676
|switch|p1a: Great Tusk|Great Tusk|100/100
|switch|p2a: Cinderace|Cinderace, F|33/100
|
|upkeep
|turn|69
|
|t:|1760414692
|switch|p2a: Slowking|Slowking-Galar, L99, M, tera:Water|74/100
|move|p1a: Great Tusk|Close Combat|p2a: Slowking
|-damage|p2a: Slowking|11/100
|-unboost|p1a: Great Tusk|def|1
|-unboost|p1a: Great Tusk|spd|1
|
|upkeep
|turn|70
|inactive|SpongeGar & Patar has 60 seconds left.
|
|t:|1760414702
|switch|p2a: Dondozo|Dondozo, F|100/100 slp
|move|p1a: Great Tusk|Rapid Spin|p2a: Dondozo
|-damage|p2a: Dondozo|93/100 slp
|-boost|p1a: Great Tusk|spe|1
|
|upkeep
|turn|71
|
|t:|1760414712
|-end|p1a: Great Tusk|Protosynthesis|[silent]
|switch|p1a: Pecharunt|Pecharunt|23/100 brn
|cant|p2a: Dondozo|slp
|
|-damage|p1a: Pecharunt|17/100 brn|[from] brn
|upkeep
|turn|72
|
|t:|1760414721
|switch|p2a: Slowking|Slowking-Galar, L99, M, tera:Water|45/100
|move|p1a: Pecharunt|Recover|p1a: Pecharunt
|-heal|p1a: Pecharunt|67/100 brn
|
|-damage|p1a: Pecharunt|61/100 brn|[from] brn
|upkeep
|turn|73
|
|t:|1760414742
|switch|p2a: Ting-Lu|Ting-Lu|60/100
|-ability|p2a: Ting-Lu|Vessel of Ruin
|move|p1a: Pecharunt|Parting Shot|p2a: Ting-Lu
|-unboost|p2a: Ting-Lu|atk|1
|-unboost|p2a: Ting-Lu|spa|1
|
|t:|1760414745
|switch|p1a: Great Tusk|Great Tusk|100/100|[from] Parting Shot
|
|upkeep
|turn|74
|
|t:|1760414754
|switch|p2a: Dondozo|Dondozo, F|93/100 slp
|move|p1a: Great Tusk|Headlong Rush|p2a: Dondozo
|-damage|p2a: Dondozo|64/100 slp
|-unboost|p1a: Great Tusk|def|1
|-unboost|p1a: Great Tusk|spd|1
|
|upkeep
|turn|75
|inactive|SpongeGar & Patar has 90 seconds left.
|
|t:|1760414764
|switch|p2a: Slowking|Slowking-Galar, L99, M, tera:Water|78/100
|move|p1a: Great Tusk|Headlong Rush|p2a: Slowking
|-damage|p2a: Slowking|12/100
|-unboost|p1a: Great Tusk|def|1
|-unboost|p1a: Great Tusk|spd|1
|
|upkeep
|turn|76
|
|t:|1760414774
|switch|p2a: Dondozo|Dondozo, F|64/100 slp
|move|p1a: Great Tusk|Headlong Rush|p2a: Dondozo
|-damage|p2a: Dondozo|34/100 slp
|-unboost|p1a: Great Tusk|def|1
|-unboost|p1a: Great Tusk|spd|1
|
|upkeep
|turn|77
|
|t:|1760414783
|switch|p2a: Slowking|Slowking-Galar, L99, M, tera:Water|45/100
|move|p1a: Great Tusk|Headlong Rush|p2a: Slowking
|-damage|p2a: Slowking|0 fnt
|-unboost|p1a: Great Tusk|def|1
|-unboost|p1a: Great Tusk|spd|1
|faint|p2a: Slowking
|
|upkeep
|
|t:|1760414793
|switch|p2a: Cinderace|Cinderace, F|33/100
|turn|78
|
|t:|1760414802
|-end|p1a: Great Tusk|Protosynthesis|[silent]
|switch|p1a: Pecharunt|Pecharunt|61/100 brn
|move|p2a: Cinderace|U-turn|p1a: Pecharunt
|-resisted|p1a: Pecharunt
|-damage|p1a: Pecharunt|59/100 brn
|
|t:|1760414812
|switch|p2a: Ting-Lu|Ting-Lu|60/100|[from] U-turn
|-ability|p2a: Ting-Lu|Vessel of Ruin
|
|-damage|p1a: Pecharunt|53/100 brn|[from] brn
|upkeep
|turn|79
|
|t:|1760414821
|switch|p2a: Cinderace|Cinderace, F|33/100
|move|p1a: Pecharunt|Parting Shot|p2a: Cinderace
|-unboost|p2a: Cinderace|atk|1
|-unboost|p2a: Cinderace|spa|1
|
|t:|1760414825
|switch|p1a: Darkrai|Darkrai, tera:Dark|50/100|[from] Parting Shot
|
|upkeep
|turn|80
|inactive|SpongeGar & Patar has 120 seconds left.
|inactive|SpongeGar & Patar has 90 seconds left.
|
|t:|1760414872
|switch|p2a: Ting-Lu|Ting-Lu|60/100
|-ability|p2a: Ting-Lu|Vessel of Ruin
|move|p1a: Darkrai|Dark Pulse|p2a: Ting-Lu
|-resisted|p2a: Ting-Lu
|-damage|p2a: Ting-Lu|45/100
|
|upkeep
|turn|81
|inactive|SpongeGar & Patar has 60 seconds left.
|j| Goobshiester1st
|
|t:|1760414920
|switch|p1a: Great Tusk|Great Tusk|100/100
|switch|p2a: Cinderace|Cinderace, F|33/100
|
|upkeep
|turn|82
|
|t:|1760414929
|-end|p1a: Great Tusk|Protosynthesis|[silent]
|switch|p1a: Pecharunt|Pecharunt|53/100 brn
|move|p2a: Cinderace|U-turn|p1a: Pecharunt
|-resisted|p1a: Pecharunt
|-damage|p1a: Pecharunt|51/100 brn
|
|t:|1760414939
|switch|p2a: Ting-Lu|Ting-Lu|45/100|[from] U-turn
|-ability|p2a: Ting-Lu|Vessel of Ruin
|
|-damage|p1a: Pecharunt|45/100 brn|[from] brn
|upkeep
|turn|83
|
|t:|1760414948
|move|p1a: Pecharunt|Malignant Chain|p2a: Ting-Lu
|-resisted|p2a: Ting-Lu
|-damage|p2a: Ting-Lu|39/100
|move|p2a: Ting-Lu|Earthquake|p1a: Pecharunt
|-supereffective|p1a: Pecharunt
|-damage|p1a: Pecharunt|8/100 brn
|
|-damage|p1a: Pecharunt|2/100 brn|[from] brn
|upkeep
|turn|84
|inactive|SpongeGar & Patar has 60 seconds left.
|
|t:|1760414958
|move|p1a: Pecharunt|Malignant Chain|p2a: Ting-Lu
|-resisted|p2a: Ting-Lu
|-damage|p2a: Ting-Lu|33/100
|-status|p2a: Ting-Lu|tox
|-start|p2a: Ting-Lu|confusion|[from] ability: Poison Puppeteer|[of] p1a: Pecharunt
|-activate|p2a: Ting-Lu|confusion
|move|p2a: Ting-Lu|Payback|p1a: Pecharunt
|-supereffective|p1a: Pecharunt
|-damage|p1a: Pecharunt|0 fnt
|faint|p1a: Pecharunt
|
|-damage|p2a: Ting-Lu|27/100 tox|[from] psn
|upkeep
|
|t:|1760414967
|switch|p1a: Great Tusk|Great Tusk|100/100
|turn|85
|
|t:|1760414976
|move|p1a: Great Tusk|Rapid Spin|p2a: Ting-Lu
|-damage|p2a: Ting-Lu|17/100 tox
|-boost|p1a: Great Tusk|spe|1
|-activate|p2a: Ting-Lu|confusion
|-damage|p2a: Ting-Lu|12/100 tox|[from] confusion
|
|-damage|p2a: Ting-Lu|0 fnt|[from] psn
|faint|p2a: Ting-Lu
|upkeep
|
|t:|1760414984
|switch|p2a: Dondozo|Dondozo, F|34/100 slp
|turn|86
|
|t:|1760414991
|move|p1a: Great Tusk|Headlong Rush|p2a: Dondozo
|-damage|p2a: Dondozo|8/100 slp
|-unboost|p1a: Great Tusk|def|1
|-unboost|p1a: Great Tusk|spd|1
|cant|p2a: Dondozo|slp
|
|upkeep
|turn|87
|
|t:|1760414999
|move|p1a: Great Tusk|Headlong Rush|p2a: Dondozo
|-damage|p2a: Dondozo|0 fnt
|-unboost|p1a: Great Tusk|def|1
|-unboost|p1a: Great Tusk|spd|1
|faint|p2a: Dondozo
|
|upkeep
|
|t:|1760415006
|switch|p2a: Cinderace|Cinderace, F|33/100
|turn|88
|
|t:|1760415010
|move|p1a: Great Tusk|Headlong Rush|p2a: Cinderace
|-supereffective|p2a: Cinderace
|-damage|p2a: Cinderace|0 fnt
|-unboost|p1a: Great Tusk|def|1
|-unboost|p1a: Great Tusk|spd|1
|faint|p2a: Cinderace
|
|win|5 player games
|raw|5 player games's rating: 1721 &rarr; <strong>1746</strong><br />(+25 for winning)
|raw|SpongeGar &amp; Patar's rating: 1814 &rarr; <strong>1789</strong><br />(-25 for losing)
|l|☆SpongeGar & Patar
|player|p2|
|c|☆5 player games|gg
|l|☆5 player games
|player|p1|
|l| mowmowpow
