|j|‽XIXINANA
|j|☆Ac_30
|t:|1760374777
|gametype|singles
|player|p1|XIXINANA|nate|1314
|player|p2|Ac_30|dancer|1311
|gen|9
|tier|[Gen 9] OU
|rated|
|rule|HP Percentage Mod: HP is shown in percentages
|rule|Endless Battle Clause: Forcing endless battles is banned
|rule|Species Clause: Limit one of each Pokémon
|rule|OHKO Clause: OHKO moves are banned
|rule|Evasion Items Clause: Evasion items are banned
|rule|Evasion Moves Clause: Evasion moves are banned
|rule|Evasion Abilities Clause: Evasion abilities are banned
|rule|Sleep Moves Clause: Sleep-inducing moves are banned
|clearpoke
|poke|p1|Lycanroc-Midnight, M|
|poke|p1|Zoroark-Hisui, M|
|poke|p1|Volcanion|
|poke|p1|Cobalion|
|poke|p1|Iron Hands|
|poke|p1|Regidrago|
|poke|p2|Scizor, M|
|poke|p2|Sinistcha|
|poke|p2|Araquanid, M|
|poke|p2|Garganacl, M|
|poke|p2|Chansey, F|
|poke|p2|Iron Hands|
|teampreview
|inactive|Battle timer is ON: inactive players will automatically lose when time's up. (requested by XIXINANA)
|
|t:|1760374803
|teamsize|p1|6
|teamsize|p2|6
|start
|switch|p1a: Lycanroc|Lycanroc-Midnight, M|100/100
|switch|p2a: Charlotte|Araquanid, M, shiny|100/100
|turn|1
|
|t:|1760374807
|move|p1a: Lycanroc|Stone Edge|p2a: Charlotte
|-supereffective|p2a: Charlotte
|-damage|p2a: Charlotte|0 fnt
|faint|p2a: Charlotte
|-damage|p1a: Lycanroc|91/100|[from] item: Life Orb
|
|upkeep
|
|t:|1760374810
|switch|p2a: Scizor|Scizor, M|100/100
|turn|2
|
|t:|1760374813
|switch|p1a: Volcanion|Volcanion|100/100
|move|p2a: Scizor|Bullet Punch|p1a: Volcanion
|-resisted|p1a: Volcanion
|-damage|p1a: Volcanion|92/100
|
|upkeep
|turn|3
|
|t:|1760374821
|switch|p2a: Shang tsung|Chansey, F|100/100
|move|p1a: Volcanion|Steam Eruption|p2a: Shang tsung
|-damage|p2a: Shang tsung|82/100
|
|upkeep
|turn|4
|
|t:|1760374826
|switch|p1a: Cobalion|Cobalion|100/100
|move|p2a: Shang tsung|Thunder Wave|p1a: Cobalion
|-status|p1a: Cobalion|par
|
|upkeep
|turn|5
|
|t:|1760374836
|switch|p2a: Iron Hands|Iron Hands|100/100
|move|p1a: Cobalion|Stealth Rock|p2a: Iron Hands
|-sidestart|p2: Ac_30|move: Stealth Rock
|
|upkeep
|turn|6
|
|t:|1760374844
|cant|p1a: Cobalion|par
|move|p2a: Iron Hands|Swords Dance|p2a: Iron Hands
|-boost|p2a: Iron Hands|atk|2
|
|upkeep
|turn|7
|
|t:|1760374850
|move|p1a: Cobalion|Reflect|p1a: Cobalion
|-sidestart|p1: XIXINANA|Reflect
|move|p2a: Iron Hands|Thunder Punch|p1a: Cobalion
|-damage|p1a: Cobalion|72/100 par
|
|upkeep
|turn|8
|
|t:|1760374863
|switch|p1a: Volcanion|Volcanion|100/100
|move|p2a: Iron Hands|Swords Dance|p2a: Iron Hands
|-boost|p2a: Iron Hands|atk|2
|
|upkeep
|turn|9
|
|t:|1760374872
|move|p1a: Volcanion|Bitter Malice|p2a: Iron Hands
|-damage|p2a: Iron Hands|49/100
|-unboost|p2a: Iron Hands|atk|1
|move|p2a: Iron Hands|Thunder Punch|p1a: Volcanion
|-crit|p1a: Volcanion
|-damage|p1a: Volcanion|0 fnt
|replace|p1a: Zoroark|Zoroark-Hisui, M
|-end|p1a: Zoroark|Illusion
|faint|p1a: Zoroark
|
|upkeep
|
|t:|1760374898
|switch|p1a: Regidrago|Regidrago|100/100
|turn|10
|
|t:|1760374919
|move|p1a: Regidrago|Dragon Energy|p2a: Iron Hands
|-damage|p2a: Iron Hands|0 fnt
|faint|p2a: Iron Hands
|-end|p2a: Iron Hands|Quark Drive|[silent]
|
|upkeep
|-message|Ac_30 forfeited.
|
|win|XIXINANA
|raw|XIXINANA's rating: 1314 &rarr; <strong>1334</strong><br />(+20 for winning)
|raw|Ac_30's rating: 1311 &rarr; <strong>1291</strong><br />(-20 for losing)
|l|☆Ac_30
|player|p2|
|l|‽XIXINANA
|player|p1|
