|j|☆deadlifts23
|j|☆show05black
|t:|1760437130
|gametype|singles
|player|p1|deadlifts23|265|1312
|player|p2|show05black|170|1303
|gen|9
|tier|[Gen 9] OU
|rated|
|rule|HP Percentage Mod: HP is shown in percentages
|rule|Endless Battle Clause: Forcing endless battles is banned
|rule|Species Clause: Limit one of each Pokémon
|rule|OHKO Clause: OHKO moves are banned
|rule|Evasion Items Clause: Evasion items are banned
|rule|Evasion Moves Clause: Evasion moves are banned
|rule|Evasion Abilities Clause: Evasion abilities are banned
|rule|Sleep Moves Clause: Sleep-inducing moves are banned
|clearpoke
|poke|p1|Landorus-Therian, M|
|poke|p1|Zapdos|
|poke|p1|Volcanion|
|poke|p1|Tyranitar, M|
|poke|p1|Darkrai|
|poke|p1|Cinderace, F|
|poke|p2|Kingambit, M|
|poke|p2|Great Tusk|
|poke|p2|Salamence, M|
|poke|p2|Suicune|
|poke|p2|Chandelure, F|
|poke|p2|Gardevoir, M|
|teampreview
|inactive|Battle timer is ON: inactive players will automatically lose when time's up. (requested by show05black)
|inactive|deadlifts23 has 120 seconds left.
|inactive|deadlifts23 has 90 seconds left.
|
|t:|1760437272
|teamsize|p1|6
|teamsize|p2|6
|start
|switch|p1a: Volcanion|Volcanion|100/100
|switch|p2a: Anomaly|Great Tusk|100/100
|turn|1
|
|t:|1760437287
|-end|p2a: Anomaly|Protosynthesis|[silent]
|switch|p2a: Suicune|Suicune, shiny|100/100
|-ability|p2a: Suicune|Pressure
|move|p1a: Volcanion|Steam Eruption|p2a: Suicune
|-resisted|p2a: Suicune
|-damage|p2a: Suicune|79/100
|-status|p2a: Suicune|brn
|
|-damage|p2a: Suicune|73/100 brn|[from] brn
|upkeep
|turn|2
|inactive|deadlifts23 has 120 seconds left.
|inactive|deadlifts23 has 90 seconds left.
|
|t:|1760437348
|move|p2a: Suicune|Tailwind|p2a: Suicune
|-sidestart|p2: show05black|move: Tailwind
|move|p1a: Volcanion|Earth Power|p2a: Suicune
|-damage|p2a: Suicune|50/100 brn
|
|-damage|p2a: Suicune|44/100 brn|[from] brn
|upkeep
|turn|3
|inactive|deadlifts23 has 90 seconds left.
|
|t:|1760437375
|switch|p2a: Gardevoir|Gardevoir, M, shiny|100/100
|-ability|p2a: Gardevoir|Water Absorb|Trace|[from] ability: Trace|[of] p1a: Volcanion
|move|p1a: Volcanion|Earth Power|p2a: Gardevoir
|-damage|p2a: Gardevoir|68/100
|
|upkeep
|turn|4
|
|t:|1760437383
|move|p2a: Gardevoir|Psychic|p1a: Volcanion
|-damage|p1a: Volcanion|53/100
|-damage|p2a: Gardevoir|58/100|[from] item: Life Orb
|move|p1a: Volcanion|Sludge Wave|p2a: Gardevoir
|-supereffective|p2a: Gardevoir
|-damage|p2a: Gardevoir|0 fnt
|faint|p2a: Gardevoir
|
|upkeep
|
|t:|1760437401
|switch|p2a: Anomaly|Great Tusk|100/100
|turn|5
|inactive|deadlifts23 has 90 seconds left.
|
|t:|1760437407
|move|p2a: Anomaly|Stealth Rock|p1a: Volcanion
|-sidestart|p1: deadlifts23|move: Stealth Rock
|move|p1a: Volcanion|Steam Eruption|p2a: Anomaly
|-supereffective|p2a: Anomaly
|-damage|p2a: Anomaly|0 fnt
|faint|p2a: Anomaly
|-end|p2a: Anomaly|Protosynthesis|[silent]
|
|-sideend|p2: show05black|move: Tailwind
|upkeep
|
|t:|1760437413
|switch|p2a: Suicune|Suicune, shiny|44/100 brn
|-ability|p2a: Suicune|Pressure
|turn|6
|
|t:|1760437427
|move|p2a: Suicune|Tailwind|p2a: Suicune
|-sidestart|p2: show05black|move: Tailwind
|move|p1a: Volcanion|Earth Power|p2a: Suicune
|-damage|p2a: Suicune|19/100 brn
|
|-damage|p2a: Suicune|13/100 brn|[from] brn
|upkeep
|turn|7
|
|t:|1760437432
|move|p2a: Suicune|Rest|p2a: Suicune
|-status|p2a: Suicune|slp|[from] move: Rest
|-heal|p2a: Suicune|100/100 slp|[silent]
|-enditem|p2a: Suicune|Chesto Berry|[eat]
|-curestatus|p2a: Suicune|slp|[msg]
|move|p1a: Volcanion|Earth Power|p2a: Suicune
|-damage|p2a: Suicune|78/100
|
|upkeep
|turn|8
|
|t:|1760437438
|switch|p2a: Salamence|Salamence, M|100/100
|switch|p1a: Zapdos|Zapdos|100/100
|-damage|p1a: Zapdos|75/100|[from] Stealth Rock
|
|-heal|p1a: Zapdos|82/100|[from] item: Leftovers
|upkeep
|turn|9
|
|t:|1760437451
|-terastallize|p2a: Salamence|Fire
|move|p2a: Salamence|Dragon Dance|p2a: Salamence
|-boost|p2a: Salamence|atk|1
|-boost|p2a: Salamence|spe|1
|move|p1a: Zapdos|Thunder Wave|p2a: Salamence
|-status|p2a: Salamence|par
|
|-heal|p1a: Zapdos|88/100|[from] item: Leftovers
|-sideend|p2: show05black|move: Tailwind
|upkeep
|turn|10
|
|t:|1760437458
|move|p2a: Salamence|Dragon Dance|p2a: Salamence
|-boost|p2a: Salamence|atk|1
|-boost|p2a: Salamence|spe|1
|move|p1a: Zapdos|Discharge|p2a: Salamence
|-damage|p2a: Salamence|49/100 par
|
|-heal|p1a: Zapdos|94/100|[from] item: Leftovers
|upkeep
|turn|11
|
|t:|1760437464
|move|p2a: Salamence|Dragon Claw|p1a: Zapdos
|-damage|p1a: Zapdos|0 fnt
|faint|p1a: Zapdos
|-ability|p2a: Salamence|Moxie|boost
|-boost|p2a: Salamence|atk|1
|-damage|p2a: Salamence|39/100 par|[from] item: Life Orb
|
|upkeep
|
|t:|1760437468
|switch|p1a: Landorus|Landorus-Therian, M|100/100
|-damage|p1a: Landorus|88/100|[from] Stealth Rock
|-ability|p1a: Landorus|Intimidate|boost
|-unboost|p2a: Salamence|atk|1
|turn|12
|
|t:|1760437471
|cant|p2a: Salamence|par
|move|p1a: Landorus|Earthquake|p2a: Salamence
|-supereffective|p2a: Salamence
|-damage|p2a: Salamence|0 fnt
|faint|p2a: Salamence
|
|upkeep
|
|t:|1760437473
|switch|p2a: Suicune|Suicune, shiny|78/100
|-ability|p2a: Suicune|Pressure
|turn|13
|
|t:|1760437489
|move|p2a: Suicune|Calm Mind|p2a: Suicune
|-boost|p2a: Suicune|spa|1
|-boost|p2a: Suicune|spd|1
|move|p1a: Landorus|Taunt|p2a: Suicune
|-start|p2a: Suicune|move: Taunt
|
|upkeep
|turn|14
|
|t:|1760437500
|move|p2a: Suicune|Scald|p1a: Landorus
|-supereffective|p1a: Landorus
|-damage|p1a: Landorus|19/100
|-status|p1a: Landorus|brn
|move|p1a: Landorus|Earthquake|p2a: Suicune
|-damage|p2a: Suicune|64/100
|
|-damage|p1a: Landorus|13/100 brn|[from] brn
|upkeep
|turn|15
|
|t:|1760437509
|move|p2a: Suicune|Scald|p1a: Landorus
|-supereffective|p1a: Landorus
|-damage|p1a: Landorus|0 fnt
|faint|p1a: Landorus
|
|upkeep
|
|t:|1760437513
|switch|p1a: Darkrai|Darkrai|100/100
|-damage|p1a: Darkrai|88/100|[from] Stealth Rock
|turn|16
|
|t:|1760437516
|move|p1a: Darkrai|Nasty Plot|p1a: Darkrai
|-boost|p1a: Darkrai|spa|2
|move|p2a: Suicune|Scald|p1a: Darkrai
|-damage|p1a: Darkrai|35/100
|-status|p1a: Darkrai|brn
|
|-damage|p1a: Darkrai|29/100 brn|[from] brn
|-end|p2a: Suicune|move: Taunt
|upkeep
|turn|17
|
|t:|1760437519
|move|p1a: Darkrai|Psyshock|p2a: Suicune
|-damage|p2a: Suicune|27/100
|move|p2a: Suicune|Tailwind|p2a: Suicune
|-sidestart|p2: show05black|move: Tailwind
|
|-damage|p1a: Darkrai|23/100 brn|[from] brn
|upkeep
|turn|18
|
|t:|1760437522
|move|p2a: Suicune|Scald|p1a: Darkrai
|-damage|p1a: Darkrai|0 fnt
|faint|p1a: Darkrai
|
|upkeep
|
|t:|1760437525
|switch|p1a: Volcanion|Volcanion|53/100
|-damage|p1a: Volcanion|28/100|[from] Stealth Rock
|turn|19
|
|t:|1760437535
|switch|p2a: Meruem|Kingambit, M, shiny|100/100
|-activate|p2a: Meruem|ability: Supreme Overlord
|-start|p2a: Meruem|fallen3|[silent]
|move|p1a: Volcanion|Earth Power|p2a: Meruem
|-supereffective|p2a: Meruem
|-damage|p2a: Meruem|35/100
|
|upkeep
|turn|20
|
|t:|1760437539
|move|p2a: Meruem|Sucker Punch|p1a: Volcanion
|-damage|p1a: Volcanion|0 fnt
|faint|p1a: Volcanion
|
|-sideend|p2: show05black|move: Tailwind
|upkeep
|
|t:|1760437542
|switch|p1a: Cinderace|Cinderace, F|100/100
|-damage|p1a: Cinderace|76/100|[from] Stealth Rock
|turn|21
|
|t:|1760437551
|move|p2a: Meruem|Sucker Punch||[still]
|-fail|p2a: Meruem
|move|p1a: Cinderace|Court Change|p1a: Cinderace
|-start|p1a: Cinderace|typechange|Normal|[from] ability: Libero
|-swapsideconditions
|-activate|p1a: Cinderace|move: Court Change
|
|-heal|p1a: Cinderace|82/100|[from] item: Leftovers
|upkeep
|turn|22
|
|t:|1760437556
|move|p2a: Meruem|Sucker Punch|p1a: Cinderace
|-damage|p1a: Cinderace|6/100
|move|p1a: Cinderace|Pyro Ball|p2a: Meruem|[miss]
|-miss|p1a: Cinderace|p2a: Meruem
|
|-heal|p1a: Cinderace|12/100|[from] item: Leftovers
|upkeep
|turn|23
|-message|deadlifts23 forfeited.
|
|win|show05black
|raw|deadlifts23's rating: 1276 &rarr; <strong>1253</strong><br />(-23 for losing)
|raw|show05black's rating: 1303 &rarr; <strong>1321</strong><br />(+18 for winning)
|l|☆show05black
|player|p2|
