|j|☆Kavishdeutubers
|j|☆Ketchupabd
|t:|1760442913
|gametype|singles
|player|p1|Kavishdeutubers|lucas-gen4pt|1052
|player|p2|Ketchupabd|170|1000
|gen|9
|tier|[Gen 9] OU
|rated|
|rule|HP Percentage Mod: HP is shown in percentages
|rule|Endless Battle Clause: Forcing endless battles is banned
|rule|Species Clause: Limit one of each Pokémon
|rule|OHKO Clause: OHKO moves are banned
|rule|Evasion Items Clause: Evasion items are banned
|rule|Evasion Moves Clause: Evasion moves are banned
|rule|Evasion Abilities Clause: Evasion abilities are banned
|rule|Sleep Moves Clause: Sleep-inducing moves are banned
|clearpoke
|poke|p1|Gholdengo|
|poke|p1|Dragonite, F|
|poke|p1|Zapdos|
|poke|p1|Rillaboom, M|
|poke|p1|Iron Treads|
|poke|p1|Walking Wake|
|poke|p2|Landorus-Therian, M|
|poke|p2|Samurott-Hisui, F|
|poke|p2|Iron Treads|
|poke|p2|Scizor, M|
|poke|p2|Latios, M|
|poke|p2|Zamazenta-*|
|teampreview
|
|t:|1760442923
|teamsize|p1|6
|teamsize|p2|6
|start
|switch|p1a: Walking Wake|Walking Wake|100/100
|switch|p2a: Latios|Latios, M|100/100
|turn|1
|
|t:|1760442933
|-terastallize|p1a: Walking Wake|Water
|move|p1a: Walking Wake|Draco Meteor|p2a: Latios
|-supereffective|p2a: Latios
|-crit|p2a: Latios
|-damage|p2a: Latios|0 fnt
|-unboost|p1a: Walking Wake|spa|2
|faint|p2a: Latios
|
|upkeep
|
|t:|1760442940
|switch|p2a: Iron Treads|Iron Treads|100/100
|turn|2
|
|t:|1760442949
|-end|p1a: Walking Wake|Protosynthesis|[silent]
|switch|p1a: Iron Treads|Iron Treads|100/100
|move|p2a: Iron Treads|Earthquake|p1a: Iron Treads
|-supereffective|p1a: Iron Treads
|-damage|p1a: Iron Treads|25/100
|
|-heal|p1a: Iron Treads|31/100|[from] item: Leftovers
|upkeep
|turn|3
|
|t:|1760442957
|move|p2a: Iron Treads|Protect|p2a: Iron Treads
|-singleturn|p2a: Iron Treads|Protect
|move|p1a: Iron Treads|Earthquake|p2a: Iron Treads
|-activate|p2a: Iron Treads|move: Protect
|
|-heal|p1a: Iron Treads|37/100|[from] item: Leftovers
|upkeep
|turn|4
|
|t:|1760442964
|move|p2a: Iron Treads|Earthquake|p1a: Iron Treads
|-supereffective|p1a: Iron Treads
|-damage|p1a: Iron Treads|0 fnt
|faint|p1a: Iron Treads
|-end|p1a: Iron Treads|Quark Drive|[silent]
|
|upkeep
|
|t:|1760442969
|switch|p1a: Rillaboom|Rillaboom, M|100/100
|-fieldstart|move: Grassy Terrain|[from] ability: Grassy Surge|[of] p1a: Rillaboom
|turn|5
|
|t:|1760442976
|move|p2a: Iron Treads|Protect|p2a: Iron Treads
|-singleturn|p2a: Iron Treads|Protect
|move|p1a: Rillaboom|Knock Off|p2a: Iron Treads
|-activate|p2a: Iron Treads|move: Protect
|
|upkeep
|turn|6
|
|t:|1760442982
|move|p2a: Iron Treads|Steel Roller|p1a: Rillaboom
|-damage|p1a: Rillaboom|35/100
|-fieldend|move: Grassy Terrain
|move|p1a: Rillaboom|Wood Hammer|p2a: Iron Treads
|-damage|p2a: Iron Treads|43/100
|-damage|p1a: Rillaboom|17/100|[from] Recoil
|
|upkeep
|turn|7
|
|t:|1760442989
|move|p2a: Iron Treads|Protect|p2a: Iron Treads
|-singleturn|p2a: Iron Treads|Protect
|move|p1a: Rillaboom|Wood Hammer|p2a: Iron Treads
|-activate|p2a: Iron Treads|move: Protect
|
|upkeep
|turn|8
|
|t:|1760442995
|move|p2a: Iron Treads|Steel Roller||[still]
|-fail|p2a: Iron Treads
|move|p1a: Rillaboom|Wood Hammer|p2a: Iron Treads
|-damage|p2a: Iron Treads|0 fnt
|faint|p2a: Iron Treads
|-end|p2a: Iron Treads|Quark Drive|[silent]
|-damage|p1a: Rillaboom|3/100|[from] Recoil
|
|upkeep
|
|t:|1760443002
|switch|p2a: Samurott|Samurott-Hisui, F|100/100
|turn|9
|
|t:|1760443006
|move|p2a: Samurott|Aqua Jet|p1a: Rillaboom
|-resisted|p1a: Rillaboom
|-crit|p1a: Rillaboom
|-damage|p1a: Rillaboom|0 fnt
|faint|p1a: Rillaboom
|
|upkeep
|
|t:|1760443016
|switch|p1a: Dragonite|Dragonite, F|100/100
|turn|10
|
|t:|1760443020
|move|p1a: Dragonite|Dragon Dance|p1a: Dragonite
|-boost|p1a: Dragonite|atk|1
|-boost|p1a: Dragonite|spe|1
|move|p2a: Samurott|Razor Shell|p1a: Dragonite
|-resisted|p1a: Dragonite
|-damage|p1a: Dragonite|85/100
|-unboost|p1a: Dragonite|def|1
|
|upkeep
|turn|11
|
|t:|1760443030
|-terastallize|p2a: Samurott|Ground
|move|p1a: Dragonite|Extreme Speed|p2a: Samurott
|-damage|p2a: Samurott|40/100
|move|p2a: Samurott|Knock Off|p1a: Dragonite
|-damage|p1a: Dragonite|10/100
|-enditem|p1a: Dragonite|Heavy-Duty Boots|[from] move: Knock Off|[of] p2a: Samurott
|
|upkeep
|turn|12
|
|t:|1760443040
|move|p1a: Dragonite|Extreme Speed|p2a: Samurott
|-damage|p2a: Samurott|0 fnt
|faint|p2a: Samurott
|
|upkeep
|
|t:|1760443045
|switch|p2a: Zamazenta|Zamazenta|100/100
|-ability|p2a: Zamazenta|Dauntless Shield|boost
|-boost|p2a: Zamazenta|def|1
|turn|13
|
|t:|1760443052
|move|p2a: Zamazenta|Crunch|p1a: Dragonite
|-damage|p1a: Dragonite|0 fnt
|faint|p1a: Dragonite
|
|upkeep
|
|t:|1760443054
|switch|p1a: Walking Wake|Walking Wake, tera:Water|100/100
|turn|14
|
|t:|1760443057
|move|p2a: Zamazenta|Iron Defense|p2a: Zamazenta
|-boost|p2a: Zamazenta|def|2
|move|p1a: Walking Wake|Hydro Steam|p2a: Zamazenta
|-damage|p2a: Zamazenta|34/100
|
|-heal|p2a: Zamazenta|40/100|[from] item: Leftovers
|upkeep
|turn|15
|
|t:|1760443066
|-end|p1a: Walking Wake|Protosynthesis|[silent]
|switch|p1a: Gholdengo|Gholdengo|100/100
|move|p2a: Zamazenta|Body Press|p1a: Gholdengo
|-immune|p1a: Gholdengo
|
|-heal|p2a: Zamazenta|46/100|[from] item: Leftovers
|upkeep
|turn|16
|
|t:|1760443074
|switch|p2a: Landorus|Landorus-Therian, M|100/100
|-ability|p2a: Landorus|Intimidate|boost
|-unboost|p1a: Gholdengo|atk|1
|move|p1a: Gholdengo|Make It Rain|p2a: Landorus
|-damage|p2a: Landorus|15/100
|-unboost|p1a: Gholdengo|spa|1
|
|upkeep
|turn|17
|
|t:|1760443084
|switch|p1a: Zapdos|Zapdos|100/100
|move|p2a: Landorus|Earthquake|p1a: Zapdos
|-immune|p1a: Zapdos
|
|upkeep
|turn|18
|
|t:|1760443090
|move|p2a: Landorus|U-turn|p1a: Zapdos
|-resisted|p1a: Zapdos
|-damage|p1a: Zapdos|92/100
|-status|p2a: Landorus|par|[from] ability: Static|[of] p1a: Zapdos
|
|t:|1760443095
|switch|p2a: Scizor|Scizor, M|100/100|[from] U-turn
|move|p1a: Zapdos|Hurricane|p2a: Scizor
|-damage|p2a: Scizor|33/100
|
|upkeep
|turn|19
|
|t:|1760443104
|move|p1a: Zapdos|Thunderbolt|p2a: Scizor
|-damage|p2a: Scizor|0 fnt
|faint|p2a: Scizor
|
|upkeep
|
|t:|1760443108
|switch|p2a: Landorus|Landorus-Therian, M|15/100 par
|-ability|p2a: Landorus|Intimidate|boost
|-unboost|p1a: Zapdos|atk|1
|turn|20
|
|t:|1760443112
|move|p1a: Zapdos|Hurricane|p2a: Landorus
|-damage|p2a: Landorus|0 fnt
|faint|p2a: Landorus
|
|upkeep
|
|t:|1760443116
|switch|p2a: Zamazenta|Zamazenta|46/100
|turn|21
|
|t:|1760443121
|move|p2a: Zamazenta|Iron Defense|p2a: Zamazenta
|-boost|p2a: Zamazenta|def|2
|move|p1a: Zapdos|Thunderbolt|p2a: Zamazenta
|-damage|p2a: Zamazenta|13/100
|
|-heal|p2a: Zamazenta|19/100|[from] item: Leftovers
|upkeep
|turn|22
|
|t:|1760443128
|move|p2a: Zamazenta|Body Press|p1a: Zapdos
|-resisted|p1a: Zapdos
|-damage|p1a: Zapdos|66/100
|-status|p2a: Zamazenta|par|[from] ability: Static|[of] p1a: Zapdos
|move|p1a: Zapdos|Thunderbolt|p2a: Zamazenta
|-damage|p2a: Zamazenta|0 fnt
|faint|p2a: Zamazenta
|
|win|Kavishdeutubers
|raw|Kavishdeutubers's rating: 1052 &rarr; <strong>1079</strong><br />(+27 for winning)
|raw|Ketchupabd's rating: 1000 &rarr; <strong>1000</strong><br />(+0 for losing)
