|j|☆vqd
|j|☆spotifytweaks
|t:|1760372326
|gametype|singles
|player|p1|vqd|psychic|
|player|p2|spotifytweaks|101|
|gen|9
|tier|[Gen 9] OU
|rule|HP Percentage Mod: HP is shown in percentages
|rule|Endless Battle Clause: Forcing endless battles is banned
|rule|Species Clause: Limit one of each Pokémon
|rule|OHKO Clause: OHKO moves are banned
|rule|Evasion Items Clause: Evasion items are banned
|rule|Evasion Moves Clause: Evasion moves are banned
|rule|Evasion Abilities Clause: Evasion abilities are banned
|rule|Sleep Moves Clause: Sleep-inducing moves are banned
|clearpoke
|poke|p1|Ribombee, M|
|poke|p1|Gholdengo|
|poke|p1|Sinistcha-Masterpiece|
|poke|p1|Iron Valiant|
|poke|p1|Kingambit, F|
|poke|p1|Raging Bolt|
|poke|p2|Great Tusk|
|poke|p2|Heatran, M|
|poke|p2|Weavile, M|
|poke|p2|Primarina, M|
|poke|p2|Ogerpon, F|
|poke|p2|Pecharunt|
|teampreview
|inactive|Battle timer is ON: inactive players will automatically lose when time's up. (requested by spotifytweaks)
|c|☆spotifytweaks|glhf
|c|☆vqd|glhf
|
|t:|1760372347
|teamsize|p1|6
|teamsize|p2|6
|start
|switch|p1a: Ribombee|Ribombee, M|100/100
|switch|p2a: Bandit|Weavile, M, shiny|100/100
|-ability|p2a: Bandit|Pressure
|turn|1
|inactive|vqd has 270 seconds left.
|
|t:|1760372397
|switch|p1a: Kingambit|Kingambit, F|100/100
|-item|p1a: Kingambit|Air Balloon
|move|p2a: Bandit|Triple Axel|p1a: Kingambit
|-resisted|p1a: Kingambit
|-damage|p1a: Kingambit|95/100
|-enditem|p1a: Kingambit|Air Balloon
|-resisted|p1a: Kingambit
|-damage|p1a: Kingambit|83/100
|-resisted|p1a: Kingambit
|-damage|p1a: Kingambit|64/100
|-hitcount|p1a: Kingambit|3
|
|upkeep
|turn|2
|
|t:|1760372420
|switch|p2a: Behemoth|Great Tusk, shiny|100/100
|-end|p1a: Kingambit|fallenundefined|[silent]
|switch|p1a: Ribombee|Ribombee, M|100/100
|
|upkeep
|turn|3
|
|t:|1760372425
|move|p1a: Ribombee|Sticky Web|p2a: Behemoth
|-sidestart|p2: spotifytweaks|move: Sticky Web
|move|p2a: Behemoth|Rapid Spin|p1a: Ribombee
|-damage|p1a: Ribombee|68/100
|-boost|p2a: Behemoth|spe|1
|-sideend|p2: spotifytweaks|Sticky Web|[from] move: Rapid Spin|[of] p2a: Behemoth
|
|upkeep
|turn|4
|inactive|spotifytweaks has 270 seconds left.
|inactive|spotifytweaks has 240 seconds left.
|
|t:|1760372491
|-terastallize|p2a: Behemoth|Ground
|move|p2a: Behemoth|Headlong Rush|p1a: Ribombee
|-resisted|p1a: Ribombee
|-damage|p1a: Ribombee|0 fnt
|-unboost|p2a: Behemoth|def|1
|-unboost|p2a: Behemoth|spd|1
|faint|p1a: Ribombee
|
|upkeep
|
|t:|1760372513
|switch|p1a: Sinistcha|Sinistcha-Masterpiece|100/100
|turn|5
|inactive|spotifytweaks has 240 seconds left.
|inactive|vqd has 240 seconds left.
|
|t:|1760372541
|-end|p2a: Behemoth|Protosynthesis|[silent]
|switch|p2a: Bandit|Weavile, M, shiny|100/100
|-ability|p2a: Bandit|Pressure
|switch|p1a: Raging Bolt|Raging Bolt|100/100
|-enditem|p1a: Raging Bolt|Booster Energy
|-activate|p1a: Raging Bolt|ability: Protosynthesis|[fromitem]
|-start|p1a: Raging Bolt|protosynthesisspa
|
|upkeep
|turn|6
|inactive|vqd has 240 seconds left.
|
|t:|1760372556
|-terastallize|p1a: Raging Bolt|Fairy
|move|p2a: Bandit|Triple Axel|p1a: Raging Bolt
|-damage|p1a: Raging Bolt|86/100
|-damage|p1a: Raging Bolt|60/100
|-damage|p1a: Raging Bolt|17/100
|-hitcount|p1a: Raging Bolt|3
|move|p1a: Raging Bolt|Calm Mind|p1a: Raging Bolt
|-boost|p1a: Raging Bolt|spa|1
|-boost|p1a: Raging Bolt|spd|1
|
|upkeep
|turn|7
|
|t:|1760372567
|switch|p2a: Behemoth|Great Tusk, shiny, tera:Ground|100/100
|move|p1a: Raging Bolt|Thunderclap||[still]
|-fail|p1a: Raging Bolt
|
|upkeep
|turn|8
|
|t:|1760372578
|-end|p1a: Raging Bolt|Protosynthesis|[silent]
|switch|p1a: Sinistcha|Sinistcha-Masterpiece|100/100
|move|p2a: Behemoth|Rapid Spin|p1a: Sinistcha
|-immune|p1a: Sinistcha
|
|upkeep
|turn|9
|
|t:|1760372592
|-end|p2a: Behemoth|Protosynthesis|[silent]
|switch|p2a: Bandit|Weavile, M, shiny|100/100
|-ability|p2a: Bandit|Pressure
|move|p1a: Sinistcha|Strength Sap|p2a: Bandit
|-unboost|p2a: Bandit|atk|1
|
|upkeep
|turn|10
|
|t:|1760372600
|move|p2a: Bandit|Triple Axel|p1a: Sinistcha
|-supereffective|p1a: Sinistcha
|-damage|p1a: Sinistcha|85/100
|-supereffective|p1a: Sinistcha
|-damage|p1a: Sinistcha|53/100
|-supereffective|p1a: Sinistcha
|-damage|p1a: Sinistcha|4/100
|-hitcount|p1a: Sinistcha|3
|move|p1a: Sinistcha|Strength Sap|p2a: Bandit
|-unboost|p2a: Bandit|atk|1
|-heal|p1a: Sinistcha|78/100
|
|-heal|p1a: Sinistcha|84/100|[from] item: Leftovers
|upkeep
|turn|11
|
|t:|1760372613
|switch|p2a: Chaos|Heatran, M, shiny|100/100
|-item|p2a: Chaos|Air Balloon
|move|p1a: Sinistcha|Strength Sap|p2a: Chaos
|-unboost|p2a: Chaos|atk|1
|-heal|p1a: Sinistcha|100/100
|
|upkeep
|turn|12
|
|t:|1760372623
|switch|p1a: Raging Bolt|Raging Bolt, tera:Fairy|17/100
|move|p2a: Chaos|Stealth Rock|p1a: Raging Bolt
|-sidestart|p1: vqd|move: Stealth Rock
|
|upkeep
|turn|13
|inactive|spotifytweaks has 240 seconds left.
|
|t:|1760372641
|move|p2a: Chaos|Earth Power|p1a: Raging Bolt
|-damage|p1a: Raging Bolt|0 fnt
|faint|p1a: Raging Bolt
|-end|p1a: Raging Bolt|Protosynthesis|[silent]
|
|upkeep
|inactive|vqd has 270 seconds left.
|
|t:|1760372658
|switch|p1a: Iron Valiant|Iron Valiant|100/100
|-damage|p1a: Iron Valiant|94/100|[from] Stealth Rock
|-enditem|p1a: Iron Valiant|Booster Energy
|-activate|p1a: Iron Valiant|ability: Quark Drive|[fromitem]
|-start|p1a: Iron Valiant|quarkdriveatk
|turn|14
|inactive|vqd has 270 seconds left.
|inactive|spotifytweaks has 240 seconds left.
|inactive|spotifytweaks has 210 seconds left.
|
|t:|1760372694
|move|p1a: Iron Valiant|Close Combat|p2a: Chaos
|-supereffective|p2a: Chaos
|-damage|p2a: Chaos|0 fnt
|-unboost|p1a: Iron Valiant|def|1
|-unboost|p1a: Iron Valiant|spd|1
|-enditem|p2a: Chaos|Air Balloon
|faint|p2a: Chaos
|
|upkeep
|inactive|spotifytweaks has 210 seconds left.
|
|t:|1760372706
|switch|p2a: Celestine|Primarina, M, shiny|100/100
|turn|15
|inactive|spotifytweaks has 210 seconds left.
|
|t:|1760372717
|-end|p1a: Iron Valiant|Quark Drive|[silent]
|switch|p1a: Gholdengo|Gholdengo|100/100
|-damage|p1a: Gholdengo|94/100|[from] Stealth Rock
|move|p2a: Celestine|Moonblast|p1a: Gholdengo
|-resisted|p1a: Gholdengo
|-damage|p1a: Gholdengo|63/100
|
|upkeep
|turn|16
|inactive|spotifytweaks has 210 seconds left.
|inactive|vqd has 270 seconds left.
|inactive|spotifytweaks has 180 seconds left.
|
|t:|1760372761
|switch|p2a: Behemoth|Great Tusk, shiny, tera:Ground|100/100
|move|p1a: Gholdengo|Nasty Plot|p1a: Gholdengo
|-boost|p1a: Gholdengo|spa|2
|
|upkeep
|turn|17
|
|t:|1760372768
|switch|p1a: Sinistcha|Sinistcha-Masterpiece|100/100
|-damage|p1a: Sinistcha|88/100|[from] Stealth Rock
|move|p2a: Behemoth|Headlong Rush|p1a: Sinistcha
|-resisted|p1a: Sinistcha
|-damage|p1a: Sinistcha|56/100
|-unboost|p2a: Behemoth|def|1
|-unboost|p2a: Behemoth|spd|1
|
|-heal|p1a: Sinistcha|62/100|[from] item: Leftovers
|upkeep
|turn|18
|
|t:|1760372774
|move|p2a: Behemoth|Ice Spinner|p1a: Sinistcha
|-supereffective|p1a: Sinistcha
|-damage|p1a: Sinistcha|11/100
|move|p1a: Sinistcha|Strength Sap|p2a: Behemoth
|-unboost|p2a: Behemoth|atk|1
|-heal|p1a: Sinistcha|100/100
|
|upkeep
|turn|19
|inactive|vqd has 270 seconds left.
|
|t:|1760372791
|-end|p2a: Behemoth|Protosynthesis|[silent]
|switch|p2a: Bandit|Weavile, M, shiny|100/100
|-ability|p2a: Bandit|Pressure
|move|p1a: Sinistcha|Matcha Gotcha|p2a: Bandit
|-damage|p2a: Bandit|57/100
|
|upkeep
|turn|20
|inactive|vqd has 270 seconds left.
|
|t:|1760372812
|switch|p1a: Gholdengo|Gholdengo|63/100
|-damage|p1a: Gholdengo|57/100|[from] Stealth Rock
|move|p2a: Bandit|Knock Off|p1a: Gholdengo
|-supereffective|p1a: Gholdengo
|-damage|p1a: Gholdengo|0 fnt
|-enditem|p1a: Gholdengo|Metal Coat|[from] move: Knock Off|[of] p2a: Bandit
|faint|p1a: Gholdengo
|
|upkeep
|
|t:|1760372820
|switch|p1a: Iron Valiant|Iron Valiant|94/100
|-damage|p1a: Iron Valiant|88/100|[from] Stealth Rock
|turn|21
|
|t:|1760372828
|switch|p2a: Celestine|Primarina, M, shiny|100/100
|move|p1a: Iron Valiant|Knock Off|p2a: Celestine
|-resisted|p2a: Celestine
|-damage|p2a: Celestine|79/100
|-enditem|p2a: Celestine|Assault Vest|[from] move: Knock Off|[of] p1a: Iron Valiant
|
|upkeep
|turn|22
|inactive|vqd has 270 seconds left.
|inactive|vqd has 240 seconds left.
|inactive|vqd has 210 seconds left.
|
|t:|1760372902
|-end|p1a: Iron Valiant|Quark Drive|[silent]
|switch|p1a: Sinistcha|Sinistcha-Masterpiece|100/100
|-damage|p1a: Sinistcha|88/100|[from] Stealth Rock
|move|p2a: Celestine|Moonblast|p1a: Sinistcha
|-damage|p1a: Sinistcha|14/100
|-unboost|p1a: Sinistcha|spa|1
|
|-heal|p1a: Sinistcha|20/100|[from] item: Leftovers
|upkeep
|turn|23
|inactive|spotifytweaks has 210 seconds left.
|
|t:|1760372919
|switch|p2a: Anonymous|Ogerpon, F|100/100
|move|p1a: Sinistcha|Matcha Gotcha|p2a: Anonymous
|-resisted|p2a: Anonymous
|-damage|p2a: Anonymous|88/100
|-heal|p1a: Sinistcha|27/100|[from] drain|[of] p2a: Anonymous
|
|-heal|p1a: Sinistcha|33/100|[from] item: Leftovers
|upkeep
|turn|24
|
|t:|1760372930
|move|p2a: Anonymous|U-turn|p1a: Sinistcha
|-damage|p1a: Sinistcha|3/100
|
|t:|1760372934
|switch|p2a: Overseer|Pecharunt|100/100|[from] U-turn
|move|p1a: Sinistcha|Strength Sap|p2a: Overseer
|-unboost|p2a: Overseer|atk|1
|-heal|p1a: Sinistcha|57/100
|
|-heal|p1a: Sinistcha|63/100|[from] item: Leftovers
|upkeep
|turn|25
|inactive|vqd has 210 seconds left.
|
|t:|1760372955
|move|p1a: Sinistcha|Shadow Ball|p2a: Overseer
|-supereffective|p2a: Overseer
|-damage|p2a: Overseer|56/100
|move|p2a: Overseer|Malignant Chain|p1a: Sinistcha
|-damage|p1a: Sinistcha|19/100
|
|-heal|p1a: Sinistcha|25/100|[from] item: Leftovers
|upkeep
|turn|26
|
|t:|1760372965
|move|p1a: Sinistcha|Shadow Ball|p2a: Overseer
|-supereffective|p2a: Overseer
|-damage|p2a: Overseer|13/100
|move|p2a: Overseer|Parting Shot|p1a: Sinistcha
|-unboost|p1a: Sinistcha|atk|1
|-unboost|p1a: Sinistcha|spa|1
|
|t:|1760372971
|switch|p2a: Anonymous|Ogerpon, F|88/100|[from] Parting Shot
|
|-heal|p1a: Sinistcha|32/100|[from] item: Leftovers
|upkeep
|turn|27
|inactive|spotifytweaks has 240 seconds left.
|
|t:|1760372976
|move|p2a: Anonymous|Knock Off|p1a: Sinistcha
|-supereffective|p1a: Sinistcha
|-damage|p1a: Sinistcha|0 fnt
|-enditem|p1a: Sinistcha|Leftovers|[from] move: Knock Off|[of] p2a: Anonymous
|faint|p1a: Sinistcha
|
|upkeep
|
|t:|1760372999
|switch|p1a: Iron Valiant|Iron Valiant|88/100
|-damage|p1a: Iron Valiant|82/100|[from] Stealth Rock
|turn|28
|
|t:|1760373014
|switch|p2a: Overseer|Pecharunt|13/100
|move|p1a: Iron Valiant|Swords Dance|p1a: Iron Valiant
|-boost|p1a: Iron Valiant|atk|2
|
|upkeep
|turn|29
|
|t:|1760373017
|move|p1a: Iron Valiant|Knock Off|p2a: Overseer
|-supereffective|p2a: Overseer
|-damage|p2a: Overseer|0 fnt
|-damage|p1a: Iron Valiant|65/100|[from] item: Rocky Helmet|[of] p2a: Overseer
|-enditem|p2a: Overseer|Rocky Helmet|[from] move: Knock Off|[of] p1a: Iron Valiant
|faint|p2a: Overseer
|
|upkeep
|
|t:|1760373041
|switch|p2a: Bandit|Weavile, M, shiny|57/100
|-ability|p2a: Bandit|Pressure
|turn|30
|
|t:|1760373048
|move|p2a: Bandit|Triple Axel|p1a: Iron Valiant
|-damage|p1a: Iron Valiant|46/100
|-damage|p1a: Iron Valiant|6/100
|-damage|p1a: Iron Valiant|0 fnt
|faint|p1a: Iron Valiant
|-end|p1a: Iron Valiant|Quark Drive|[silent]
|-hitcount|p1: Iron Valiant|3
|
|upkeep
|
|t:|1760373053
|switch|p1a: Kingambit|Kingambit, F|64/100
|-damage|p1a: Kingambit|58/100|[from] Stealth Rock
|-activate|p1a: Kingambit|ability: Supreme Overlord
|-start|p1a: Kingambit|fallen5|[silent]
|turn|31
|inactive|vqd has 240 seconds left.
|inactive|spotifytweaks has 270 seconds left.
|inactive|vqd has 210 seconds left.
|inactive|spotifytweaks has 240 seconds left.
|inactive|vqd has 180 seconds left.
|
|t:|1760373130
|switch|p2a: Behemoth|Great Tusk, shiny, tera:Ground|100/100
|move|p1a: Kingambit|Kowtow Cleave|p2a: Behemoth
|-damage|p2a: Behemoth|49/100
|
|upkeep
|turn|32
|inactive|vqd has 180 seconds left.
|c|☆spotifytweaks|fuck
|c|☆spotifytweaks|misclick
|c|☆vqd|its fine i played terrible too
|c|☆spotifytweaks|udm sharing right
|inactive|vqd has 150 seconds left.
|
|t:|1760373167
|move|p2a: Behemoth|Headlong Rush|p1a: Kingambit
|-supereffective|p1a: Kingambit
|-damage|p1a: Kingambit|0 fnt
|-unboost|p2a: Behemoth|def|1
|-unboost|p2a: Behemoth|spd|1
|faint|p1a: Kingambit
|-end|p1a: Kingambit|fallen5|[silent]
|
|win|spotifytweaks
|c|☆vqd|yea its fine
