|j|☆saz 0619
|j|☆blazartrafalgar
|t:|1760328187
|gametype|singles
|player|p1|saz 0619|steven|1545
|player|p2|blazartrafalgar|2|1518
|gen|9
|tier|[Gen 9] OU
|rated|
|rule|HP Percentage Mod: HP is shown in percentages
|rule|Endless Battle Clause: Forcing endless battles is banned
|rule|Species Clause: Limit one of each Pokémon
|rule|OHKO Clause: OHKO moves are banned
|rule|Evasion Items Clause: Evasion items are banned
|rule|Evasion Moves Clause: Evasion moves are banned
|rule|Evasion Abilities Clause: Evasion abilities are banned
|rule|Sleep Moves Clause: Sleep-inducing moves are banned
|clearpoke
|poke|p1|Dragapult, M|
|poke|p1|Glimmora, M|
|poke|p1|Comfey, M|
|poke|p1|Kingambit, M|
|poke|p1|Ogerpon-Wellspring, F|
|poke|p1|Blaziken, M|
|poke|p2|Meowscarada, F|
|poke|p2|Cinderace, M|
|poke|p2|Moltres|
|poke|p2|Gholdengo|
|poke|p2|Raging Bolt|
|poke|p2|Dragonite, F|
|teampreview
|inactive|Battle timer is ON: inactive players will automatically lose when time's up. (requested by blazartrafalgar)
|inactive|saz 0619 also wants the timer to be on.
|
|t:|1760328199
|teamsize|p1|6
|teamsize|p2|6
|start
|switch|p1a: Dragapult|Dragapult, M, shiny|100/100
|switch|p2a: Gholdengo|Gholdengo|100/100
|turn|1
|
|t:|1760328205
|switch|p1a: Kingambit|Kingambit, M, shiny|100/100
|switch|p2a: Raging Bolt|Raging Bolt|100/100
|
|upkeep
|turn|2
|
|t:|1760328212
|-terastallize|p2a: Raging Bolt|Electric
|move|p2a: Raging Bolt|Volt Switch|p1a: Kingambit
|-damage|p1a: Kingambit|52/100
|
|t:|1760328216
|-end|p2a: Raging Bolt|Protosynthesis|[silent]
|switch|p2a: Moltres|Moltres|100/100|[from] Volt Switch
|move|p1a: Kingambit|Kowtow Cleave|p2a: Moltres
|-damage|p2a: Moltres|69/100
|
|-heal|p1a: Kingambit|58/100|[from] item: Leftovers
|upkeep
|turn|3
|
|t:|1760328225
|switch|p2a: Gholdengo|Gholdengo|100/100
|-end|p1a: Kingambit|fallenundefined|[silent]
|switch|p1a: Glimmora|Glimmora, M|100/100
|
|upkeep
|turn|4
|
|t:|1760328230
|switch|p1a: Ogerpon|Ogerpon-Wellspring, F|100/100
|move|p2a: Gholdengo|Make It Rain|p1a: Ogerpon
|-resisted|p1a: Ogerpon
|-damage|p1a: Ogerpon|56/100
|-unboost|p2a: Gholdengo|spa|1
|-damage|p2a: Gholdengo|91/100|[from] item: Life Orb
|
|upkeep
|turn|5
|
|t:|1760328240
|switch|p2a: Raging Bolt|Raging Bolt, tera:Electric|100/100
|move|p1a: Ogerpon|U-turn|p2a: Raging Bolt
|-damage|p2a: Raging Bolt|75/100
|
|t:|1760328248
|switch|p1a: Glimmora|Glimmora, M|100/100|[from] U-turn
|
|upkeep
|turn|6
|
|t:|1760328254
|move|p2a: Raging Bolt|Thunderclap|p1a: Glimmora
|-damage|p1a: Glimmora|45/100
|-enditem|p1a: Glimmora|Red Card|[of] p2a: Raging Bolt
|-end|p2a: Raging Bolt|Protosynthesis|[silent]
|drag|p2a: Meowscarada|Meowscarada, F|100/100
|move|p1a: Glimmora|Earth Power|p2a: Meowscarada
|-resisted|p2a: Meowscarada
|-damage|p2a: Meowscarada|82/100
|
|upkeep
|turn|7
|
|t:|1760328266
|move|p2a: Meowscarada|Flower Trick|p1a: Glimmora
|-start|p2a: Meowscarada|typechange|Grass|[from] ability: Protean
|-crit|p1a: Glimmora
|-damage|p1a: Glimmora|2/100
|-activate|p1a: Glimmora|ability: Toxic Debris
|-sidestart|p2: blazartrafalgar|move: Toxic Spikes
|-damage|p2a: Meowscarada|72/100|[from] item: Life Orb
|move|p1a: Glimmora|Stealth Rock|p2a: Meowscarada
|-sidestart|p2: blazartrafalgar|move: Stealth Rock
|
|upkeep
|turn|8
|
|t:|1760328279
|move|p2a: Meowscarada|Knock Off|p1a: Glimmora
|-damage|p1a: Glimmora|0 fnt
|-activate|p1a: Glimmora|ability: Toxic Debris
|-sidestart|p2: blazartrafalgar|move: Toxic Spikes
|faint|p1a: Glimmora
|-damage|p2a: Meowscarada|62/100|[from] item: Life Orb
|
|upkeep
|
|t:|1760328286
|switch|p1a: Dragapult|Dragapult, M, shiny|100/100
|turn|9
|
|t:|1760328290
|move|p1a: Dragapult|Dragon Darts|p2a: Meowscarada
|-damage|p2a: Meowscarada|19/100
|-anim|p1a: Dragapult|Dragon Darts|p2a: Meowscarada
|-damage|p2a: Meowscarada|0 fnt
|faint|p2a: Meowscarada
|-damage|p1a: Dragapult|91/100|[from] item: Life Orb
|
|upkeep
|
|t:|1760328294
|switch|p2a: Cinderace|Cinderace, M|100/100
|turn|10
|
|t:|1760328299
|-terastallize|p1a: Dragapult|Dragon
|move|p2a: Cinderace|Sucker Punch|p1a: Dragapult
|-start|p2a: Cinderace|typechange|Dark|[from] ability: Libero
|-damage|p1a: Dragapult|45/100
|move|p1a: Dragapult|Dragon Darts|p2a: Cinderace
|-damage|p2a: Cinderace|47/100
|-anim|p1a: Dragapult|Dragon Darts|p2a: Cinderace
|-damage|p2a: Cinderace|0 fnt
|faint|p2a: Cinderace
|-damage|p1a: Dragapult|35/100|[from] item: Life Orb
|
|upkeep
|
|t:|1760328311
|switch|p2a: Raging Bolt|Raging Bolt, tera:Electric|75/100
|-status|p2a: Raging Bolt|tox
|-damage|p2a: Raging Bolt|63/100 tox|[from] Stealth Rock
|turn|11
|
|t:|1760328320
|switch|p1a: Ogerpon|Ogerpon-Wellspring, F|56/100
|move|p2a: Raging Bolt|Volt Switch|p1a: Ogerpon
|-damage|p1a: Ogerpon|0 fnt
|faint|p1a: Ogerpon
|
|t:|1760328328
|-end|p2a: Raging Bolt|Protosynthesis|[silent]
|switch|p2a: Moltres|Moltres|69/100|[from] Volt Switch
|
|upkeep
|
|t:|1760328331
|switch|p1a: Dragapult|Dragapult, M, shiny, tera:Dragon|35/100
|turn|12
|
|t:|1760328336
|move|p1a: Dragapult|Draco Meteor|p2a: Moltres
|-damage|p2a: Moltres|0 fnt
|-unboost|p1a: Dragapult|spa|2
|faint|p2a: Moltres
|-damage|p1a: Dragapult|25/100|[from] item: Life Orb
|
|upkeep
|
|t:|1760328349
|switch|p2a: Raging Bolt|Raging Bolt, tera:Electric|63/100 tox
|-damage|p2a: Raging Bolt|50/100 tox|[from] Stealth Rock
|turn|13
|
|t:|1760328352
|switch|p1a: Kingambit|Kingambit, M, shiny|58/100
|-activate|p1a: Kingambit|ability: Supreme Overlord
|-start|p1a: Kingambit|fallen2|[silent]
|move|p2a: Raging Bolt|Discharge|p1a: Kingambit
|-damage|p1a: Kingambit|3/100
|
|-heal|p1a: Kingambit|10/100|[from] item: Leftovers
|-damage|p2a: Raging Bolt|44/100 tox|[from] psn
|upkeep
|turn|14
|
|t:|1760328361
|move|p2a: Raging Bolt|Thunderclap|p1a: Kingambit
|-damage|p1a: Kingambit|0 fnt
|faint|p1a: Kingambit
|-end|p1a: Kingambit|fallen2|[silent]
|
|-damage|p2a: Raging Bolt|32/100 tox|[from] psn
|upkeep
|
|t:|1760328364
|switch|p1a: Comfey|Comfey, M, shiny|100/100
|turn|15
|
|t:|1760328370
|move|p1a: Comfey|Draining Kiss|p2a: Raging Bolt
|-damage|p2a: Raging Bolt|20/100 tox
|-damage|p1a: Comfey|91/100|[from] item: Life Orb
|move|p2a: Raging Bolt|Discharge|p1a: Comfey
|-damage|p1a: Comfey|29/100
|-status|p1a: Comfey|par
|
|-damage|p2a: Raging Bolt|2/100 tox|[from] psn
|upkeep
|turn|16
|
|t:|1760328380
|move|p1a: Comfey|Draining Kiss|p2a: Raging Bolt
|-damage|p2a: Raging Bolt|0 fnt
|-heal|p1a: Comfey|30/100 par|[from] drain|[of] p2a: Raging Bolt
|faint|p2a: Raging Bolt
|-end|p2a: Raging Bolt|Protosynthesis|[silent]
|-damage|p1a: Comfey|20/100 par|[from] item: Life Orb
|
|upkeep
|
|t:|1760328384
|switch|p2a: Gholdengo|Gholdengo|91/100
|-damage|p2a: Gholdengo|85/100|[from] Stealth Rock
|turn|17
|
|t:|1760328386
|cant|p1a: Comfey|par
|move|p2a: Gholdengo|Shadow Ball|p1a: Comfey
|-damage|p1a: Comfey|0 fnt
|faint|p1a: Comfey
|-damage|p2a: Gholdengo|75/100|[from] item: Life Orb
|
|upkeep
|
|t:|1760328389
|switch|p1a: Dragapult|Dragapult, M, shiny, tera:Dragon|25/100
|turn|18
|
|t:|1760328395
|move|p1a: Dragapult|Shadow Ball|p2a: Gholdengo
|-supereffective|p2a: Gholdengo
|-damage|p2a: Gholdengo|0 fnt
|faint|p2a: Gholdengo
|-damage|p1a: Dragapult|16/100|[from] item: Life Orb
|
|upkeep
|
|t:|1760328398
|switch|p2a: Dragonite|Dragonite, F|100/100
|-damage|p2a: Dragonite|76/100|[from] Stealth Rock
|turn|19
|
|t:|1760328400
|move|p2a: Dragonite|Extreme Speed|p1a: Dragapult
|-damage|p1a: Dragapult|0 fnt
|faint|p1a: Dragapult
|
|upkeep
|
|t:|1760328403
|switch|p1a: Blaziken|Blaziken, M, shiny|100/100
|turn|20
|
|t:|1760328407
|move|p2a: Dragonite|Extreme Speed|p1a: Blaziken
|-damage|p1a: Blaziken|51/100
|move|p1a: Blaziken|Knock Off|p2a: Dragonite
|-damage|p2a: Dragonite|31/100
|-enditem|p2a: Dragonite|Weakness Policy|[from] move: Knock Off|[of] p1a: Blaziken
|-damage|p1a: Blaziken|41/100|[from] item: Life Orb
|
|-ability|p1a: Blaziken|Speed Boost|boost
|-boost|p1a: Blaziken|spe|1
|upkeep
|turn|21
|
|t:|1760328417
|move|p2a: Dragonite|Extreme Speed|p1a: Blaziken
|-damage|p1a: Blaziken|0 fnt
|faint|p1a: Blaziken
|
|win|blazartrafalgar
|raw|saz 0619's rating: 1545 &rarr; <strong>1523</strong><br />(-22 for losing)
|raw|blazartrafalgar's rating: 1518 &rarr; <strong>1540</strong><br />(+22 for winning)
|c|☆blazartrafalgar|GG
|l|☆saz 0619
|player|p1|
|l|☆blazartrafalgar
|player|p2|
