|j|☆l 3asses
|j|☆RWBuster!
|t:|1760358543
|gametype|singles
|player|p1|l 3asses|policeman-gen4|1415
|player|p2|RWBuster!|clair|1339
|gen|9
|tier|[Gen 9] OU
|rated|
|rule|HP Percentage Mod: HP is shown in percentages
|rule|Endless Battle Clause: Forcing endless battles is banned
|rule|Species Clause: Limit one of each Pokémon
|rule|OHKO Clause: OHKO moves are banned
|rule|Evasion Items Clause: Evasion items are banned
|rule|Evasion Moves Clause: Evasion moves are banned
|rule|Evasion Abilities Clause: Evasion abilities are banned
|rule|Sleep Moves Clause: Sleep-inducing moves are banned
|clearpoke
|poke|p1|Kingambit, F|
|poke|p1|Alomomola, M|
|poke|p1|Enamorus, F|
|poke|p1|Great Tusk|
|poke|p1|Gholdengo|
|poke|p1|Ribombee, F|
|poke|p2|Keldeo-Resolute|
|poke|p2|Tyranitar, M|
|poke|p2|Dragapult, M|
|poke|p2|Cinderace, M|
|poke|p2|Sceptile, M|
|poke|p2|Scizor, M|
|teampreview
|inactive|Battle timer is ON: inactive players will automatically lose when time's up. (requested by RWBuster!)
|
|t:|1760358564
|teamsize|p1|6
|teamsize|p2|6
|start
|switch|p1a: Ribombee|Ribombee, F|100/100
|switch|p2a: Yi Sang|Scizor, M|100/100
|turn|1
|
|t:|1760358580
|switch|p1a: Alomomola|Alomomola, M|100/100
|move|p2a: Yi Sang|Swords Dance|p2a: Yi Sang
|-boost|p2a: Yi Sang|atk|2
|
|upkeep
|turn|2
|
|t:|1760358589
|move|p2a: Yi Sang|U-turn|p1a: Alomomola
|-damage|p1a: Alomomola|63/100
|-damage|p2a: Yi Sang|84/100|[from] item: Rocky Helmet|[of] p1a: Alomomola
|
|t:|1760358598
|switch|p2a: Sinclair|Sceptile, M|100/100|[from] U-turn
|move|p1a: Alomomola|Scald|p2a: Sinclair
|-resisted|p2a: Sinclair
|-damage|p2a: Sinclair|92/100
|
|upkeep
|turn|3
|
|t:|1760358607
|switch|p1a: Gholdengo|Gholdengo|100/100
|move|p2a: Sinclair|Giga Drain|p1a: Gholdengo
|-resisted|p1a: Gholdengo
|-damage|p1a: Gholdengo|80/100
|-heal|p2a: Sinclair|100/100|[from] drain|[of] p1a: Gholdengo
|
|upkeep
|turn|4
|
|t:|1760358615
|switch|p2a: Mersault|Tyranitar, M|100/100
|-weather|Sandstorm|[from] ability: Sand Stream|[of] p2a: Mersault
|move|p1a: Gholdengo|Make It Rain|p2a: Mersault
|-supereffective|p2a: Mersault
|-damage|p2a: Mersault|32/100
|-unboost|p1a: Gholdengo|spa|1
|
|-weather|Sandstorm|[upkeep]
|upkeep
|turn|5
|
|t:|1760358636
|switch|p2a: Heathcliff|Cinderace, M|100/100
|move|p1a: Gholdengo|Make It Rain|p2a: Heathcliff
|-resisted|p2a: Heathcliff
|-damage|p2a: Heathcliff|57/100
|-unboost|p1a: Gholdengo|spa|1
|
|-weather|Sandstorm|[upkeep]
|-damage|p2a: Heathcliff|51/100|[from] Sandstorm
|upkeep
|turn|6
|
|t:|1760358648
|switch|p1a: Alomomola|Alomomola, M|97/100
|move|p2a: Heathcliff|Pyro Ball|p1a: Alomomola
|-resisted|p1a: Alomomola
|-damage|p1a: Alomomola|79/100
|
|-weather|Sandstorm|[upkeep]
|-damage|p2a: Heathcliff|45/100|[from] Sandstorm
|-damage|p1a: Alomomola|72/100|[from] Sandstorm
|upkeep
|turn|7
|
|t:|1760358664
|move|p2a: Heathcliff|Gunk Shot|p1a: Alomomola
|-start|p2a: Heathcliff|typechange|Poison|[from] ability: Libero
|-damage|p1a: Alomomola|35/100
|move|p1a: Alomomola|Flip Turn|p2a: Heathcliff
|-damage|p2a: Heathcliff|22/100
|
|t:|1760358678
|switch|p1a: Enamorus|Enamorus, F|100/100|[from] Flip Turn
|
|-weather|Sandstorm|[upkeep]
|-damage|p1a: Enamorus|94/100|[from] Sandstorm
|-damage|p2a: Heathcliff|16/100|[from] Sandstorm
|upkeep
|turn|8
|
|t:|1760358684
|move|p1a: Enamorus|Earth Power|p2a: Heathcliff
|-supereffective|p2a: Heathcliff
|-damage|p2a: Heathcliff|0 fnt
|faint|p2a: Heathcliff
|
|-weather|none
|upkeep
|
|t:|1760358690
|switch|p2a: Yi Sang|Scizor, M|84/100
|turn|9
|
|t:|1760358695
|switch|p1a: Alomomola|Alomomola, M|69/100
|move|p2a: Yi Sang|Swords Dance|p2a: Yi Sang
|-boost|p2a: Yi Sang|atk|2
|
|-heal|p2a: Yi Sang|90/100|[from] item: Leftovers
|upkeep
|turn|10
|
|t:|1760358721
|move|p2a: Yi Sang|Protect|p2a: Yi Sang
|-singleturn|p2a: Yi Sang|Protect
|move|p1a: Alomomola|Flip Turn|p2a: Yi Sang
|-activate|p2a: Yi Sang|move: Protect
|
|-heal|p2a: Yi Sang|96/100|[from] item: Leftovers
|upkeep
|turn|11
|
|t:|1760358733
|move|p1a: Alomomola|Scald|p2a: Yi Sang
|-damage|p2a: Yi Sang|79/100
|-status|p2a: Yi Sang|brn
|move|p2a: Yi Sang|U-turn|p1a: Alomomola
|-damage|p1a: Alomomola|50/100
|-damage|p2a: Yi Sang|63/100 brn|[from] item: Rocky Helmet|[of] p1a: Alomomola
|inactive|RWBuster! has 120 seconds left.
|
|t:|1760358749
|switch|p2a: Ishmael|Keldeo-Resolute|100/100|[from] U-turn
|
|upkeep
|turn|12
|
|t:|1760358757
|move|p2a: Ishmael|Secret Sword|p1a: Alomomola
|-damage|p1a: Alomomola|12/100
|move|p1a: Alomomola|Mirror Coat|p2a: Ishmael
|-damage|p2a: Ishmael|0 fnt
|faint|p2a: Ishmael
|
|upkeep
|
|t:|1760358767
|switch|p2a: Sinclair|Sceptile, M|100/100
|turn|13
|
|t:|1760358772
|switch|p1a: Ribombee|Ribombee, F|100/100
|move|p2a: Sinclair|Giga Drain|p1a: Ribombee
|-resisted|p1a: Ribombee
|-damage|p1a: Ribombee|70/100
|
|upkeep
|turn|14
|
|t:|1760358781
|switch|p2a: Yi Sang|Scizor, M|63/100 brn
|move|p1a: Ribombee|Bug Buzz|p2a: Yi Sang
|-resisted|p2a: Yi Sang
|-damage|p2a: Yi Sang|42/100 brn
|
|-heal|p2a: Yi Sang|48/100 brn|[from] item: Leftovers
|-damage|p2a: Yi Sang|42/100 brn|[from] brn
|upkeep
|turn|15
|
|t:|1760358791
|switch|p1a: Alomomola|Alomomola, M|45/100
|move|p2a: Yi Sang|Bullet Punch|p1a: Alomomola
|-resisted|p1a: Alomomola
|-damage|p1a: Alomomola|41/100
|-damage|p2a: Yi Sang|25/100 brn|[from] item: Rocky Helmet|[of] p1a: Alomomola
|
|-heal|p2a: Yi Sang|31/100 brn|[from] item: Leftovers
|-damage|p2a: Yi Sang|25/100 brn|[from] brn
|upkeep
|turn|16
|
|t:|1760358800
|move|p1a: Alomomola|Wish|p1a: Alomomola
|move|p2a: Yi Sang|U-turn|p1a: Alomomola
|-damage|p1a: Alomomola|32/100
|-damage|p2a: Yi Sang|9/100 brn|[from] item: Rocky Helmet|[of] p1a: Alomomola
|
|t:|1760358806
|switch|p2a: Sinclair|Sceptile, M|100/100|[from] U-turn
|
|upkeep
|turn|17
|
|t:|1760358814
|switch|p1a: Gholdengo|Gholdengo|80/100
|move|p2a: Sinclair|Giga Drain|p1a: Gholdengo
|-resisted|p1a: Gholdengo
|-damage|p1a: Gholdengo|58/100
|
|-heal|p1a: Gholdengo|100/100|[from] move: Wish|[wisher] Alomomola
|upkeep
|turn|18
|
|t:|1760358826
|switch|p2a: Yi Sang|Scizor, M|9/100 brn
|move|p1a: Gholdengo|Shadow Ball|p2a: Yi Sang
|-damage|p2a: Yi Sang|0 fnt
|faint|p2a: Yi Sang
|
|upkeep
|
|t:|1760358833
|switch|p2a: Faust|Dragapult, M|100/100
|turn|19
|
|t:|1760358840
|-terastallize|p1a: Gholdengo|Steel
|move|p2a: Faust|Shadow Ball|p1a: Gholdengo
|-damage|p1a: Gholdengo|49/100
|-unboost|p1a: Gholdengo|spd|1
|-damage|p2a: Faust|91/100|[from] item: Life Orb
|move|p1a: Gholdengo|Shadow Ball|p2a: Faust
|-supereffective|p2a: Faust
|-damage|p2a: Faust|0 fnt
|faint|p2a: Faust
|
|upkeep
|
|t:|1760358851
|switch|p2a: Sinclair|Sceptile, M|100/100
|turn|20
|
|t:|1760358856
|-terastallize|p2a: Sinclair|Ground
|move|p2a: Sinclair|Tera Blast|p1a: Gholdengo|[anim] Tera Blast Ground
|-supereffective|p1a: Gholdengo
|-damage|p1a: Gholdengo|0 fnt
|faint|p1a: Gholdengo
|
|upkeep
|
|t:|1760358861
|switch|p1a: Ribombee|Ribombee, F|70/100
|turn|21
|
|t:|1760358866
|move|p1a: Ribombee|Switcheroo|p2a: Sinclair
|-activate|p1a: Ribombee|move: Trick|[of] p2a: Sinclair
|-item|p2a: Sinclair|Choice Scarf|[from] move: Switcheroo
|-item|p1a: Ribombee|Weakness Policy|[from] move: Switcheroo
|move|p2a: Sinclair|Giga Drain|p1a: Ribombee
|-resisted|p1a: Ribombee
|-damage|p1a: Ribombee|40/100
|
|upkeep
|turn|22
|
|t:|1760358881
|move|p2a: Sinclair|Giga Drain|p1a: Ribombee
|-resisted|p1a: Ribombee
|-damage|p1a: Ribombee|9/100
|move|p1a: Ribombee|Moonblast|p2a: Sinclair
|-damage|p2a: Sinclair|42/100
|
|upkeep
|turn|23
|
|t:|1760358890
|switch|p1a: Enamorus|Enamorus, F|94/100
|move|p2a: Sinclair|Giga Drain|p1a: Enamorus
|-resisted|p1a: Enamorus
|-damage|p1a: Enamorus|68/100
|-heal|p2a: Sinclair|56/100|[from] drain|[of] p1a: Enamorus
|
|upkeep
|turn|24
|
|t:|1760358896
|move|p1a: Enamorus|Superpower|p2a: Sinclair
|-damage|p2a: Sinclair|0 fnt
|-boost|p1a: Enamorus|atk|1
|-boost|p1a: Enamorus|def|1
|faint|p2a: Sinclair
|
|upkeep
|-message|RWBuster! forfeited.
|
|win|l 3asses
|raw|l 3asses's rating: 1415 &rarr; <strong>1431</strong><br />(+16 for winning)
|raw|RWBuster!'s rating: 1339 &rarr; <strong>1323</strong><br />(-16 for losing)
|l|☆RWBuster!
|player|p2|
|l|☆l 3asses
|player|p1|
