|j|☆TerabyteTiger
|j|☆jynzeo
|t:|1760446006
|gametype|singles
|player|p1|TerabyteTiger|pokekid|1343
|player|p2|jynzeo|flannery|1265
|gen|9
|tier|[Gen 9] OU
|rated|
|rule|HP Percentage Mod: HP is shown in percentages
|rule|Endless Battle Clause: Forcing endless battles is banned
|rule|Species Clause: Limit one of each Pokémon
|rule|OHKO Clause: OHKO moves are banned
|rule|Evasion Items Clause: Evasion items are banned
|rule|Evasion Moves Clause: Evasion moves are banned
|rule|Evasion Abilities Clause: Evasion abilities are banned
|rule|Sleep Moves Clause: Sleep-inducing moves are banned
|clearpoke
|poke|p1|Kingambit, F|
|poke|p1|Cinderace, F|
|poke|p1|Landorus-Therian, M|
|poke|p1|Iron Valiant|
|poke|p1|Kyurem|
|poke|p1|Slowking-Galar, M|
|poke|p2|Fezandipiti, M|
|poke|p2|Skarmory, M|
|poke|p2|Jolteon, F|
|poke|p2|Quaquaval, F|
|poke|p2|Dudunsparce-*, F|
|poke|p2|Skeledirge, M|
|teampreview
|inactive|Battle timer is ON: inactive players will automatically lose when time's up. (requested by TerabyteTiger)
|
|t:|1760446020
|teamsize|p1|6
|teamsize|p2|6
|start
|switch|p1a: Homelandor|Landorus-Therian, M, shiny|100/100
|switch|p2a: Dudunsparce|Dudunsparce, F, shiny|100/100
|-ability|p1a: Homelandor|Intimidate|boost
|-unboost|p2a: Dudunsparce|atk|1
|turn|1
|
|t:|1760446027
|move|p1a: Homelandor|Taunt|p2a: Dudunsparce
|-start|p2a: Dudunsparce|move: Taunt
|move|p2a: Dudunsparce|Ice Beam|p1a: Homelandor
|-supereffective|p1a: Homelandor
|-damage|p1a: Homelandor|0 fnt
|faint|p1a: Homelandor
|
|upkeep
|
|t:|1760446041
|switch|p1a: Mr. Freeze|Kyurem, shiny|100/100
|-ability|p1a: Mr. Freeze|Pressure
|turn|2
|
|t:|1760446054
|move|p1a: Mr. Freeze|Substitute|p1a: Mr. Freeze
|-start|p1a: Mr. Freeze|Substitute
|-damage|p1a: Mr. Freeze|76/100
|move|p2a: Dudunsparce|Body Press|p1a: Mr. Freeze
|-supereffective|p1a: Mr. Freeze
|-end|p1a: Mr. Freeze|Substitute
|
|-heal|p1a: Mr. Freeze|82/100|[from] item: Leftovers
|upkeep
|turn|3
|
|t:|1760446062
|move|p1a: Mr. Freeze|Body Press|p2a: Dudunsparce
|-supereffective|p2a: Dudunsparce
|-damage|p2a: Dudunsparce|72/100
|move|p2a: Dudunsparce|Body Press|p1a: Mr. Freeze
|-supereffective|p1a: Mr. Freeze
|-damage|p1a: Mr. Freeze|44/100
|
|-heal|p1a: Mr. Freeze|50/100|[from] item: Leftovers
|-end|p2a: Dudunsparce|move: Taunt
|upkeep
|turn|4
|
|t:|1760446072
|switch|p1a: Chillionaire|Slowking-Galar, M, shiny|100/100
|move|p2a: Dudunsparce|Body Press|p1a: Chillionaire
|-resisted|p1a: Chillionaire
|-damage|p1a: Chillionaire|95/100
|
|upkeep
|turn|5
|
|t:|1760446079
|move|p2a: Dudunsparce|Earth Power|p1a: Chillionaire
|-supereffective|p1a: Chillionaire
|-damage|p1a: Chillionaire|69/100
|-prepare|p1a: Chillionaire|Chilly Reception|[premajor]
|move|p1a: Chillionaire|Chilly Reception|p1a: Chillionaire
|-weather|Snowscape
|
|t:|1760446094
|switch|p1a: Kristine|Cinderace, F, shiny|100/100|[from] Chilly Reception
|
|-weather|Snowscape|[upkeep]
|upkeep
|turn|6
|
|t:|1760446099
|move|p1a: Kristine|U-turn|p2a: Dudunsparce
|-damage|p2a: Dudunsparce|56/100
|
|t:|1760446102
|switch|p1a: Chillionaire|Slowking-Galar, M, shiny|100/100|[from] U-turn
|move|p2a: Dudunsparce|Earth Power|p1a: Chillionaire
|-supereffective|p1a: Chillionaire
|-damage|p1a: Chillionaire|71/100
|
|-weather|Snowscape|[upkeep]
|upkeep
|turn|7
|
|t:|1760446109
|move|p2a: Dudunsparce|Earth Power|p1a: Chillionaire
|-supereffective|p1a: Chillionaire
|-damage|p1a: Chillionaire|41/100
|-prepare|p1a: Chillionaire|Chilly Reception|[premajor]
|move|p1a: Chillionaire|Chilly Reception|p1a: Chillionaire
|
|t:|1760446113
|switch|p1a: Kristine|Cinderace, F, shiny|100/100|[from] Chilly Reception
|
|-weather|Snowscape|[upkeep]
|upkeep
|turn|8
|
|t:|1760446120
|switch|p2a: Skarmory|Skarmory, M, shiny|100/100
|move|p1a: Kristine|U-turn|p2a: Skarmory
|-resisted|p2a: Skarmory
|-damage|p2a: Skarmory|98/100
|-damage|p1a: Kristine|84/100|[from] item: Rocky Helmet|[of] p2a: Skarmory
|
|t:|1760446125
|switch|p1a: Mr. Freeze|Kyurem, shiny|50/100|[from] U-turn
|-ability|p1a: Mr. Freeze|Pressure
|
|-weather|Snowscape|[upkeep]
|-heal|p1a: Mr. Freeze|57/100|[from] item: Leftovers
|upkeep
|turn|9
|
|t:|1760446128
|move|p1a: Mr. Freeze|Freeze-Dry|p2a: Skarmory
|-damage|p2a: Skarmory|48/100
|move|p2a: Skarmory|Body Press|p1a: Mr. Freeze
|-supereffective|p1a: Mr. Freeze
|-damage|p1a: Mr. Freeze|18/100
|
|-weather|none
|-heal|p1a: Mr. Freeze|24/100|[from] item: Leftovers
|upkeep
|turn|10
|
|t:|1760446137
|switch|p2a: Skeledirge|Skeledirge, M, shiny|100/100
|move|p1a: Mr. Freeze|Freeze-Dry|p2a: Skeledirge
|-resisted|p2a: Skeledirge
|-damage|p2a: Skeledirge|89/100
|
|-heal|p1a: Mr. Freeze|30/100|[from] item: Leftovers
|upkeep
|turn|11
|
|t:|1760446145
|move|p1a: Mr. Freeze|Earth Power|p2a: Skeledirge
|-supereffective|p2a: Skeledirge
|-damage|p2a: Skeledirge|46/100
|move|p2a: Skeledirge|Torch Song|p1a: Mr. Freeze
|-damage|p1a: Mr. Freeze|3/100
|-boost|p2a: Skeledirge|spa|1
|
|-heal|p1a: Mr. Freeze|9/100|[from] item: Leftovers
|upkeep
|turn|12
|
|t:|1760446161
|-terastallize|p1a: Mr. Freeze|Ground
|move|p1a: Mr. Freeze|Earth Power|p2a: Skeledirge
|-supereffective|p2a: Skeledirge
|-damage|p2a: Skeledirge|0 fnt
|faint|p2a: Skeledirge
|
|-heal|p1a: Mr. Freeze|15/100|[from] item: Leftovers
|upkeep
|
|t:|1760446171
|switch|p2a: Jolteon|Jolteon, F, shiny|100/100
|turn|13
|
|t:|1760446181
|move|p2a: Jolteon|Tera Blast|p1a: Mr. Freeze
|-damage|p1a: Mr. Freeze|0 fnt
|faint|p1a: Mr. Freeze
|
|upkeep
|
|t:|1760446196
|switch|p1a: WALL-Y|Iron Valiant|100/100
|-enditem|p1a: WALL-Y|Booster Energy
|-activate|p1a: WALL-Y|ability: Quark Drive|[fromitem]
|-start|p1a: WALL-Y|quarkdrivespe
|turn|14
|
|t:|1760446201
|switch|p2a: Skarmory|Skarmory, M, shiny|48/100
|move|p1a: WALL-Y|Encore||[still]
|-fail|p1a: WALL-Y
|
|upkeep
|turn|15
|
|t:|1760446205
|move|p1a: WALL-Y|Shadow Ball|p2a: Skarmory
|-damage|p2a: Skarmory|14/100
|move|p2a: Skarmory|Roost|p2a: Skarmory
|-heal|p2a: Skarmory|64/100
|-singleturn|p2a: Skarmory|move: Roost
|
|upkeep
|turn|16
|
|t:|1760446211
|move|p1a: WALL-Y|Encore|p2a: Skarmory
|-start|p2a: Skarmory|Encore
|move|p2a: Skarmory|Roost|p2a: Skarmory
|-heal|p2a: Skarmory|100/100
|-singleturn|p2a: Skarmory|move: Roost
|
|upkeep
|turn|17
|
|t:|1760446216
|switch|p2a: Fezandipiti|Fezandipiti, M|100/100
|move|p1a: WALL-Y|Calm Mind|p1a: WALL-Y
|-boost|p1a: WALL-Y|spa|1
|-boost|p1a: WALL-Y|spd|1
|
|upkeep
|turn|18
|
|t:|1760446223
|move|p1a: WALL-Y|Shadow Ball|p2a: Fezandipiti
|-damage|p2a: Fezandipiti|69/100
|move|p2a: Fezandipiti|Acid Spray|p1a: WALL-Y
|-supereffective|p1a: WALL-Y
|-damage|p1a: WALL-Y|75/100
|-unboost|p1a: WALL-Y|spd|2
|-status|p1a: WALL-Y|tox|[from] ability: Toxic Chain|[of] p2a: Fezandipiti
|
|-heal|p2a: Fezandipiti|75/100|[from] item: Leftovers
|-damage|p1a: WALL-Y|69/100 tox|[from] psn
|upkeep
|turn|19
|
|t:|1760446235
|move|p1a: WALL-Y|Encore|p2a: Fezandipiti
|-start|p2a: Fezandipiti|Encore
|move|p2a: Fezandipiti|Acid Spray|p1a: WALL-Y
|-supereffective|p1a: WALL-Y
|-damage|p1a: WALL-Y|12/100 tox
|-unboost|p1a: WALL-Y|spd|2
|
|-heal|p2a: Fezandipiti|82/100|[from] item: Leftovers
|-damage|p1a: WALL-Y|0 fnt|[from] psn
|faint|p1a: WALL-Y
|-end|p1a: WALL-Y|Quark Drive|[silent]
|upkeep
|
|t:|1760446239
|switch|p1a: Daenerys|Kingambit, F|100/100
|-activate|p1a: Daenerys|ability: Supreme Overlord
|-start|p1a: Daenerys|fallen3|[silent]
|turn|20
|
|t:|1760446242
|switch|p2a: Skarmory|Skarmory, M, shiny|100/100
|move|p1a: Daenerys|Swords Dance|p1a: Daenerys
|-boost|p1a: Daenerys|atk|2
|
|upkeep
|turn|21
|
|t:|1760446247
|move|p2a: Skarmory|Body Press|p1a: Daenerys
|-supereffective|p1a: Daenerys
|-damage|p1a: Daenerys|5/100
|move|p1a: Daenerys|Iron Head|p2a: Skarmory
|-resisted|p2a: Skarmory
|-damage|p2a: Skarmory|68/100
|-damage|p1a: Daenerys|0 fnt|[from] item: Rocky Helmet|[of] p2a: Skarmory
|faint|p1a: Daenerys
|-end|p1a: Daenerys|fallen3|[silent]
|
|upkeep
|
|t:|1760446250
|switch|p1a: Kristine|Cinderace, F, shiny|84/100
|turn|22
|c|☆TerabyteTiger|Gg
|
|t:|1760446257
|move|p1a: Kristine|Pyro Ball|p2a: Skarmory
|-supereffective|p2a: Skarmory
|-damage|p2a: Skarmory|13/100
|move|p2a: Skarmory|Brave Bird|p1a: Kristine
|-damage|p1a: Kristine|45/100
|-damage|p2a: Skarmory|0 fnt|[from] Recoil
|faint|p2a: Skarmory
|
|upkeep
|c|☆TerabyteTiger|Neat team
|
|t:|1760446261
|switch|p2a: Jolteon|Jolteon, F, shiny|100/100
|turn|23
|
|t:|1760446265
|switch|p1a: Chillionaire|Slowking-Galar, M, shiny|74/100
|move|p2a: Jolteon|Discharge|p1a: Chillionaire
|-damage|p1a: Chillionaire|50/100
|
|upkeep
|turn|24
|
|t:|1760446275
|move|p2a: Jolteon|Discharge|p1a: Chillionaire
|-damage|p1a: Chillionaire|27/100
|move|p1a: Chillionaire|Sludge Bomb|p2a: Jolteon
|-damage|p2a: Jolteon|60/100
|
|upkeep
|turn|25
|
|t:|1760446280
|move|p2a: Jolteon|Discharge|p1a: Chillionaire
|-damage|p1a: Chillionaire|5/100
|-prepare|p1a: Chillionaire|Chilly Reception|[premajor]
|move|p1a: Chillionaire|Chilly Reception|p1a: Chillionaire
|-weather|Snowscape
|
|t:|1760446282
|switch|p1a: Kristine|Cinderace, F, shiny|45/100|[from] Chilly Reception
|
|-weather|Snowscape|[upkeep]
|upkeep
|turn|26
|
|t:|1760446285
|move|p2a: Jolteon|Discharge|p1a: Kristine
|-damage|p1a: Kristine|0 fnt
|faint|p1a: Kristine
|
|-weather|Snowscape|[upkeep]
|upkeep
|
|t:|1760446287
|switch|p1a: Chillionaire|Slowking-Galar, M, shiny|38/100
|turn|27
|
|t:|1760446289
|move|p2a: Jolteon|Discharge|p1a: Chillionaire
|-damage|p1a: Chillionaire|14/100
|-status|p1a: Chillionaire|par
|move|p1a: Chillionaire|Psychic Noise|p2a: Jolteon
|-damage|p2a: Jolteon|21/100
|-start|p2a: Jolteon|move: Heal Block
|
|-weather|Snowscape|[upkeep]
|upkeep
|turn|28
|-message|TerabyteTiger forfeited.
|
|win|jynzeo
|raw|TerabyteTiger's rating: 1343 &rarr; <strong>1319</strong><br />(-24 for losing)
|raw|jynzeo's rating: 1265 &rarr; <strong>1296</strong><br />(+31 for winning)
|l|☆TerabyteTiger
|player|p1|
|l|☆jynzeo
|player|p2|
