|j|☆PanQuijotesco
|j|☆rokel
|t:|1760342616
|gametype|singles
|player|p1|PanQuijotesco|169|1056
|player|p2|rokel|wallace|1102
|gen|9
|tier|[Gen 9] OU
|rated|
|rule|HP Percentage Mod: HP is shown in percentages
|rule|Endless Battle Clause: Forcing endless battles is banned
|rule|Species Clause: Limit one of each Pokémon
|rule|OHKO Clause: OHKO moves are banned
|rule|Evasion Items Clause: Evasion items are banned
|rule|Evasion Moves Clause: Evasion moves are banned
|rule|Evasion Abilities Clause: Evasion abilities are banned
|rule|Sleep Moves Clause: Sleep-inducing moves are banned
|clearpoke
|poke|p1|Okidogi, M|
|poke|p1|Heatran, F|
|poke|p1|Hydreigon, M|
|poke|p1|Alomomola, F|
|poke|p1|Iron Boulder|
|poke|p1|Great Tusk|
|poke|p2|Pelipper, M|
|poke|p2|Poliwrath, M|
|poke|p2|Darkrai|
|poke|p2|Dragonite, M|
|poke|p2|Alomomola, F|
|poke|p2|Cyclizar, F|
|teampreview
|inactive|Battle timer is ON: inactive players will automatically lose when time's up. (requested by rokel)
|
|t:|1760342625
|teamsize|p1|6
|teamsize|p2|6
|start
|switch|p1a: Heatran|Heatran, F|100/100
|switch|p2a: Pelipper|Pelipper, M|100/100
|-weather|RainDance|[from] ability: Drizzle|[of] p2a: Pelipper
|turn|1
|
|t:|1760342637
|move|p1a: Heatran|Stealth Rock|p2a: Pelipper
|-sidestart|p2: rokel|move: Stealth Rock
|move|p2a: Pelipper|U-turn|p1a: Heatran
|-resisted|p1a: Heatran
|-damage|p1a: Heatran|99/100
|
|t:|1760342641
|switch|p2a: Poliwrath|Poliwrath, M|100/100|[from] U-turn
|-damage|p2a: Poliwrath|94/100|[from] Stealth Rock
|
|-weather|RainDance|[upkeep]
|-heal|p1a: Heatran|100/100|[from] item: Leftovers
|upkeep
|turn|2
|
|t:|1760342650
|-terastallize|p1a: Heatran|Grass
|move|p2a: Poliwrath|Belly Drum|p2a: Poliwrath
|-damage|p2a: Poliwrath|44/100
|-setboost|p2a: Poliwrath|atk|6|[from] move: Belly Drum
|-enditem|p2a: Poliwrath|Sitrus Berry|[eat]
|-heal|p2a: Poliwrath|69/100|[from] item: Sitrus Berry
|move|p1a: Heatran|Will-O-Wisp|p2a: Poliwrath
|-status|p2a: Poliwrath|brn
|
|-weather|RainDance|[upkeep]
|-damage|p2a: Poliwrath|63/100 brn|[from] brn
|upkeep
|turn|3
|
|t:|1760342664
|move|p2a: Poliwrath|Drain Punch|p1a: Heatran
|-damage|p1a: Heatran|44/100
|-heal|p2a: Poliwrath|97/100 brn|[from] drain|[of] p1a: Heatran
|move|p1a: Heatran|Magma Storm|p2a: Poliwrath|[miss]
|-miss|p1a: Heatran|p2a: Poliwrath
|
|-weather|RainDance|[upkeep]
|-heal|p1a: Heatran|50/100|[from] item: Leftovers
|-damage|p2a: Poliwrath|91/100 brn|[from] brn
|upkeep
|turn|4
|
|t:|1760342683
|switch|p1a: Alomomola|Alomomola, F|100/100
|move|p2a: Poliwrath|Drain Punch|p1a: Alomomola
|-damage|p1a: Alomomola|63/100
|-heal|p2a: Poliwrath|100/100 brn|[from] drain|[of] p1a: Alomomola
|-damage|p2a: Poliwrath|84/100 brn|[from] item: Rocky Helmet|[of] p1a: Alomomola
|
|-weather|RainDance|[upkeep]
|-damage|p2a: Poliwrath|78/100 brn|[from] brn
|upkeep
|turn|5
|
|t:|1760342694
|move|p2a: Poliwrath|Knock Off|p1a: Alomomola
|-damage|p1a: Alomomola|29/100
|-damage|p2a: Poliwrath|61/100 brn|[from] item: Rocky Helmet|[of] p1a: Alomomola
|-enditem|p1a: Alomomola|Rocky Helmet|[from] move: Knock Off|[of] p2a: Poliwrath
|move|p1a: Alomomola|Wish|p1a: Alomomola
|
|-weather|RainDance|[upkeep]
|-damage|p2a: Poliwrath|55/100 brn|[from] brn
|upkeep
|turn|6
|
|t:|1760342704
|move|p1a: Alomomola|Protect|p1a: Alomomola
|-singleturn|p1a: Alomomola|Protect
|move|p2a: Poliwrath|Drain Punch|p1a: Alomomola
|-activate|p1a: Alomomola|move: Protect
|
|-weather|RainDance|[upkeep]
|-heal|p1a: Alomomola|79/100|[from] move: Wish|[wisher] Alomomola
|-damage|p2a: Poliwrath|49/100 brn|[from] brn
|upkeep
|turn|7
|
|t:|1760342714
|move|p2a: Poliwrath|Drain Punch|p1a: Alomomola
|-damage|p1a: Alomomola|40/100
|-heal|p2a: Poliwrath|82/100 brn|[from] drain|[of] p1a: Alomomola
|move|p1a: Alomomola|Wish|p1a: Alomomola
|
|-weather|RainDance|[upkeep]
|-damage|p2a: Poliwrath|75/100 brn|[from] brn
|upkeep
|turn|8
|
|t:|1760342723
|move|p1a: Alomomola|Protect|p1a: Alomomola
|-singleturn|p1a: Alomomola|Protect
|move|p2a: Poliwrath|Drain Punch|p1a: Alomomola
|-activate|p1a: Alomomola|move: Protect
|
|-weather|none
|-heal|p1a: Alomomola|90/100|[from] move: Wish|[wisher] Alomomola
|-damage|p2a: Poliwrath|69/100 brn|[from] brn
|upkeep
|turn|9
|
|t:|1760342733
|move|p2a: Poliwrath|Drain Punch|p1a: Alomomola
|-damage|p1a: Alomomola|55/100
|-heal|p2a: Poliwrath|98/100 brn|[from] drain|[of] p1a: Alomomola
|move|p1a: Alomomola|Flip Turn|p2a: Poliwrath
|-resisted|p2a: Poliwrath
|-damage|p2a: Poliwrath|91/100 brn
|
|t:|1760342746
|switch|p1a: Hydreigon|Hydreigon, M|100/100|[from] Flip Turn
|
|-damage|p2a: Poliwrath|84/100 brn|[from] brn
|upkeep
|turn|10
|
|t:|1760342753
|move|p1a: Hydreigon|Draco Meteor|p2a: Poliwrath
|-damage|p2a: Poliwrath|10/100 brn
|-unboost|p1a: Hydreigon|spa|2
|move|p2a: Poliwrath|Drain Punch|p1a: Hydreigon
|-supereffective|p1a: Hydreigon
|-damage|p1a: Hydreigon|0 fnt
|-heal|p2a: Poliwrath|60/100 brn|[from] drain|[of] p1a: Hydreigon
|faint|p1a: Hydreigon
|
|-damage|p2a: Poliwrath|54/100 brn|[from] brn
|upkeep
|
|t:|1760342776
|switch|p1a: Iron Boulder|Iron Boulder|100/100
|-enditem|p1a: Iron Boulder|Booster Energy
|-activate|p1a: Iron Boulder|ability: Quark Drive|[fromitem]
|-start|p1a: Iron Boulder|quarkdrivespe
|turn|11
|
|t:|1760342787
|-terastallize|p2a: Poliwrath|Ghost
|move|p1a: Iron Boulder|Mighty Cleave|p2a: Poliwrath
|-damage|p2a: Poliwrath|0 fnt
|faint|p2a: Poliwrath
|
|upkeep
|
|t:|1760342797
|switch|p2a: Cyclizar|Cyclizar, F|100/100
|turn|12
|
|t:|1760342801
|move|p1a: Iron Boulder|Close Combat|p2a: Cyclizar
|-supereffective|p2a: Cyclizar
|-damage|p2a: Cyclizar|0 fnt
|-unboost|p1a: Iron Boulder|def|1
|-unboost|p1a: Iron Boulder|spd|1
|faint|p2a: Cyclizar
|
|upkeep
|
|t:|1760342805
|switch|p2a: Dragonite|Dragonite, M|100/100
|turn|13
|
|t:|1760342815
|-end|p1a: Iron Boulder|Quark Drive|[silent]
|switch|p1a: Alomomola|Alomomola, F|88/100
|move|p2a: Dragonite|Low Kick|p1a: Alomomola
|-damage|p1a: Alomomola|76/100
|
|upkeep
|turn|14
|
|t:|1760342823
|move|p2a: Dragonite|Dragon Dance|p2a: Dragonite
|-boost|p2a: Dragonite|atk|1
|-boost|p2a: Dragonite|spe|1
|move|p1a: Alomomola|Scald|p2a: Dragonite
|-resisted|p2a: Dragonite
|-damage|p2a: Dragonite|97/100
|
|upkeep
|turn|15
|
|t:|1760342830
|switch|p2a: Alomomola|Alomomola, F|100/100
|move|p1a: Alomomola|Flip Turn|p2a: Alomomola
|-resisted|p2a: Alomomola
|-damage|p2a: Alomomola|96/100
|
|t:|1760342840
|switch|p1a: Heatran|Heatran, F, tera:Grass|50/100|[from] Flip Turn
|
|-heal|p1a: Heatran|56/100|[from] item: Leftovers
|upkeep
|turn|16
|
|t:|1760342848
|move|p1a: Heatran|Magma Storm|p2a: Alomomola
|-resisted|p2a: Alomomola
|-damage|p2a: Alomomola|69/100
|-activate|p2a: Alomomola|move: Magma Storm|[of] p1a: Heatran
|move|p2a: Alomomola|Wish|p2a: Alomomola
|
|-heal|p1a: Heatran|62/100|[from] item: Leftovers
|-damage|p2a: Alomomola|57/100|[from] move: Magma Storm|[partiallytrapped]
|upkeep
|turn|17
|
|t:|1760342870
|move|p1a: Heatran|Will-O-Wisp|p2a: Alomomola
|-status|p2a: Alomomola|brn
|move|p2a: Alomomola|Flip Turn|p1a: Heatran
|-resisted|p1a: Heatran
|-damage|p1a: Heatran|59/100
|
|t:|1760342877
|switch|p2a: Darkrai|Darkrai|100/100|[from] Flip Turn
|-damage|p2a: Darkrai|88/100|[from] Stealth Rock
|
|-heal|p2a: Darkrai|100/100|[from] move: Wish|[wisher] Alomomola
|-heal|p1a: Heatran|65/100|[from] item: Leftovers
|upkeep
|turn|18
|
|t:|1760342889
|move|p2a: Darkrai|Nasty Plot|p2a: Darkrai
|-boost|p2a: Darkrai|spa|2
|move|p1a: Heatran|Flash Cannon|p2a: Darkrai
|-damage|p2a: Darkrai|55/100
|
|-heal|p1a: Heatran|71/100|[from] item: Leftovers
|upkeep
|turn|19
|
|t:|1760342898
|move|p2a: Darkrai|Ice Beam|p1a: Heatran
|-supereffective|p1a: Heatran
|-damage|p1a: Heatran|0 fnt
|faint|p1a: Heatran
|
|upkeep
|
|t:|1760342903
|switch|p1a: Okidogi|Okidogi, M|100/100
|turn|20
|
|t:|1760342909
|switch|p2a: Alomomola|Alomomola, F|90/100 brn
|move|p1a: Okidogi|Drain Punch|p2a: Alomomola
|-damage|p2a: Alomomola|73/100 brn
|
|-damage|p2a: Alomomola|67/100 brn|[from] brn
|upkeep
|turn|21
|
|t:|1760342932
|move|p1a: Okidogi|Poison Jab|p2a: Alomomola
|-crit|p2a: Alomomola
|-damage|p2a: Alomomola|37/100 brn
|move|p2a: Alomomola|Flip Turn|p1a: Okidogi
|-damage|p1a: Okidogi|95/100
|
|t:|1760342939
|switch|p2a: Pelipper|Pelipper, M|100/100|[from] Flip Turn
|-damage|p2a: Pelipper|76/100|[from] Stealth Rock
|-weather|RainDance|[from] ability: Drizzle|[of] p2a: Pelipper
|
|-weather|RainDance|[upkeep]
|upkeep
|turn|22
|
|t:|1760342957
|move|p1a: Okidogi|Ice Punch|p2a: Pelipper
|-damage|p2a: Pelipper|57/100
|move|p2a: Pelipper|Hydro Pump|p1a: Okidogi
|-damage|p1a: Okidogi|60/100
|
|-weather|RainDance|[upkeep]
|upkeep
|turn|23
|
|t:|1760342965
|switch|p1a: Alomomola|Alomomola, F|100/100
|move|p2a: Pelipper|Hurricane|p1a: Alomomola
|-damage|p1a: Alomomola|60/100
|
|-weather|RainDance|[upkeep]
|upkeep
|turn|24
|
|t:|1760342973
|move|p2a: Pelipper|Roost|p2a: Pelipper
|-heal|p2a: Pelipper|100/100
|-singleturn|p2a: Pelipper|move: Roost
|move|p1a: Alomomola|Wish|p1a: Alomomola
|
|-weather|RainDance|[upkeep]
|upkeep
|turn|25
|
|t:|1760342983
|move|p1a: Alomomola|Scald|p2a: Pelipper
|-resisted|p2a: Pelipper
|-damage|p2a: Pelipper|86/100
|move|p2a: Pelipper|Hurricane|p1a: Alomomola
|-damage|p1a: Alomomola|17/100
|-start|p1a: Alomomola|confusion
|
|-weather|RainDance|[upkeep]
|-heal|p1a: Alomomola|67/100|[from] move: Wish|[wisher] Alomomola
|upkeep
|turn|26
|
|t:|1760342994
|move|p2a: Pelipper|Hurricane|p1a: Alomomola
|-damage|p1a: Alomomola|26/100
|-activate|p1a: Alomomola|confusion
|move|p1a: Alomomola|Wish|p1a: Alomomola
|
|-weather|RainDance|[upkeep]
|upkeep
|turn|27
|
|t:|1760343001
|-activate|p1a: Alomomola|confusion
|move|p1a: Alomomola|Protect|p1a: Alomomola
|-singleturn|p1a: Alomomola|Protect
|move|p2a: Pelipper|Hurricane|p1a: Alomomola
|-activate|p1a: Alomomola|move: Protect
|
|-weather|RainDance|[upkeep]
|-heal|p1a: Alomomola|76/100|[from] move: Wish|[wisher] Alomomola
|upkeep
|turn|28
|
|t:|1760343011
|-end|p1a: Alomomola|confusion
|move|p1a: Alomomola|Wish|p1a: Alomomola
|move|p2a: Pelipper|Hurricane|p1a: Alomomola
|-damage|p1a: Alomomola|35/100
|-start|p1a: Alomomola|confusion
|
|-weather|none
|upkeep
|turn|29
|
|t:|1760343021
|-activate|p1a: Alomomola|confusion
|-damage|p1a: Alomomola|32/100|[from] confusion
|move|p2a: Pelipper|Hurricane|p1a: Alomomola
|-damage|p1a: Alomomola|0 fnt
|faint|p1a: Alomomola
|
|upkeep
|
|t:|1760343032
|switch|p1a: Iron Boulder|Iron Boulder|100/100
|turn|30
|
|t:|1760343035
|switch|p2a: Dragonite|Dragonite, M|97/100
|move|p1a: Iron Boulder|Mighty Cleave|p2a: Dragonite
|-supereffective|p2a: Dragonite
|-damage|p2a: Dragonite|0 fnt
|faint|p2a: Dragonite
|
|upkeep
|
|t:|1760343040
|switch|p2a: Alomomola|Alomomola, F|71/100 brn
|turn|31
|
|t:|1760343057
|-end|p1a: Iron Boulder|Quark Drive|[silent]
|switch|p1a: Okidogi|Okidogi, M|60/100
|move|p2a: Alomomola|Flip Turn|p1a: Okidogi
|-damage|p1a: Okidogi|54/100
|
|t:|1760343062
|switch|p2a: Pelipper|Pelipper, M|86/100|[from] Flip Turn
|-damage|p2a: Pelipper|61/100|[from] Stealth Rock
|-weather|RainDance|[from] ability: Drizzle|[of] p2a: Pelipper
|
|-weather|RainDance|[upkeep]
|upkeep
|turn|32
|
|t:|1760343074
|move|p1a: Okidogi|Poison Jab|p2a: Pelipper
|-damage|p2a: Pelipper|33/100
|move|p2a: Pelipper|Hurricane|p1a: Okidogi
|-supereffective|p1a: Okidogi
|-damage|p1a: Okidogi|1/100
|
|-weather|RainDance|[upkeep]
|upkeep
|turn|33
|
|t:|1760343082
|move|p1a: Okidogi|Poison Jab|p2a: Pelipper
|-damage|p2a: Pelipper|5/100
|-status|p2a: Pelipper|psn
|move|p2a: Pelipper|Roost|p2a: Pelipper
|-heal|p2a: Pelipper|55/100 psn
|-singleturn|p2a: Pelipper|move: Roost
|
|-weather|RainDance|[upkeep]
|-damage|p2a: Pelipper|43/100 psn|[from] psn
|upkeep
|turn|34
|
|t:|1760343093
|move|p1a: Okidogi|Poison Jab|p2a: Pelipper
|-damage|p2a: Pelipper|14/100 psn
|move|p2a: Pelipper|Roost|p2a: Pelipper
|-heal|p2a: Pelipper|64/100 psn
|-singleturn|p2a: Pelipper|move: Roost
|
|-weather|RainDance|[upkeep]
|-damage|p2a: Pelipper|52/100 psn|[from] psn
|upkeep
|turn|35
|
|t:|1760343105
|move|p1a: Okidogi|Poison Jab|p2a: Pelipper
|-damage|p2a: Pelipper|21/100 psn
|move|p2a: Pelipper|Hurricane|p1a: Okidogi
|-supereffective|p1a: Okidogi
|-damage|p1a: Okidogi|0 fnt
|faint|p1a: Okidogi
|
|-weather|RainDance|[upkeep]
|-damage|p2a: Pelipper|9/100 psn|[from] psn
|upkeep
|
|t:|1760343115
|switch|p1a: Iron Boulder|Iron Boulder|100/100
|turn|36
|
|t:|1760343121
|move|p1a: Iron Boulder|Mighty Cleave|p2a: Pelipper
|-supereffective|p2a: Pelipper
|-crit|p2a: Pelipper
|-damage|p2a: Pelipper|0 fnt
|faint|p2a: Pelipper
|
|-weather|RainDance|[upkeep]
|upkeep
|
|t:|1760343124
|switch|p2a: Alomomola|Alomomola, F|100/100 brn
|turn|37
|
|t:|1760343132
|-end|p1a: Iron Boulder|Quark Drive|[silent]
|switch|p1a: Great Tusk|Great Tusk|100/100
|move|p2a: Alomomola|Flip Turn|p1a: Great Tusk
|-supereffective|p1a: Great Tusk
|-damage|p1a: Great Tusk|83/100
|
|t:|1760343136
|switch|p2a: Darkrai|Darkrai|55/100|[from] Flip Turn
|-damage|p2a: Darkrai|43/100|[from] Stealth Rock
|
|-weather|RainDance|[upkeep]
|-heal|p1a: Great Tusk|89/100|[from] item: Leftovers
|upkeep
|turn|38
|
|t:|1760343147
|move|p2a: Darkrai|Ice Beam|p1a: Great Tusk
|-supereffective|p1a: Great Tusk
|-damage|p1a: Great Tusk|0 fnt
|faint|p1a: Great Tusk
|-end|p1a: Great Tusk|Protosynthesis|[silent]
|
|-weather|none
|upkeep
|
|t:|1760343153
|switch|p1a: Iron Boulder|Iron Boulder|100/100
|turn|39
|
|t:|1760343157
|switch|p2a: Alomomola|Alomomola, F|100/100 brn
|move|p1a: Iron Boulder|Mighty Cleave|p2a: Alomomola
|-damage|p2a: Alomomola|76/100 brn
|
|-damage|p2a: Alomomola|70/100 brn|[from] brn
|upkeep
|turn|40
|
|t:|1760343167
|move|p1a: Iron Boulder|Swords Dance|p1a: Iron Boulder
|-boost|p1a: Iron Boulder|atk|2
|move|p2a: Alomomola|Flip Turn|p1a: Iron Boulder
|-supereffective|p1a: Iron Boulder
|-damage|p1a: Iron Boulder|79/100
|
|t:|1760343172
|switch|p2a: Darkrai|Darkrai|43/100|[from] Flip Turn
|-damage|p2a: Darkrai|30/100|[from] Stealth Rock
|
|upkeep
|turn|41
|
|t:|1760343178
|move|p2a: Darkrai|Dark Pulse|p1a: Iron Boulder
|-supereffective|p1a: Iron Boulder
|-damage|p1a: Iron Boulder|0 fnt
|faint|p1a: Iron Boulder
|-end|p1a: Iron Boulder|Quark Drive|[silent]
|
|win|rokel
|raw|PanQuijotesco's rating: 1056 &rarr; <strong>1040</strong><br />(-16 for losing)
|raw|rokel's rating: 1102 &rarr; <strong>1124</strong><br />(+22 for winning)
|l|☆PanQuijotesco
|player|p1|
|l|☆rokel
|player|p2|
