|j|☆TestingMyNewTeam2
|j|☆Joshiboy10
|t:|1760433440
|gametype|singles
|player|p1|TestingMyNewTeam2|266|1107
|player|p2|Joshiboy10|ethan|1098
|gen|9
|tier|[Gen 9] OU
|rated|
|rule|HP Percentage Mod: HP is shown in percentages
|rule|Endless Battle Clause: Forcing endless battles is banned
|rule|Species Clause: Limit one of each Pokémon
|rule|OHKO Clause: OHKO moves are banned
|rule|Evasion Items Clause: Evasion items are banned
|rule|Evasion Moves Clause: Evasion moves are banned
|rule|Evasion Abilities Clause: Evasion abilities are banned
|rule|Sleep Moves Clause: Sleep-inducing moves are banned
|clearpoke
|poke|p1|Heatran, M|
|poke|p1|Alomomola, M|
|poke|p1|Blissey, F|
|poke|p1|Great Tusk|
|poke|p1|Latias, F|
|poke|p1|Ogerpon-Wellspring, F|
|poke|p2|Greninja-*, M|
|poke|p2|Reuniclus, M|
|poke|p2|Ampharos, F|
|poke|p2|Talonflame, M|
|poke|p2|Noivern, F|
|poke|p2|Garchomp, M|
|teampreview
|inactive|Battle timer is ON: inactive players will automatically lose when time's up. (requested by TestingMyNewTeam2)
|j| Bulma's Panties
|l| Bulma's Panties
|
|t:|1760433464
|teamsize|p1|6
|teamsize|p2|6
|start
|switch|p1a: Alomomola|Alomomola, M, shiny|100/100
|switch|p2a: Phoenix|Talonflame, M|100/100
|turn|1
|
|t:|1760433472
|move|p2a: Phoenix|U-turn|p1a: Alomomola
|-damage|p1a: Alomomola|92/100
|-damage|p2a: Phoenix|84/100|[from] item: Rocky Helmet|[of] p1a: Alomomola
|
|t:|1760433476
|switch|p2a: Batman|Noivern, F|100/100|[from] U-turn
|move|p1a: Alomomola|Flip Turn|p2a: Batman
|-resisted|p2a: Batman
|-damage|p2a: Batman|90/100
|
|t:|1760433506
|switch|p1a: Great Tusk|Great Tusk, shiny|100/100|[from] Flip Turn
|
|upkeep
|turn|2
|
|t:|1760433523
|move|p2a: Batman|Air Slash|p1a: Great Tusk
|-supereffective|p1a: Great Tusk
|-damage|p1a: Great Tusk|0 fnt
|faint|p1a: Great Tusk
|-end|p1a: Great Tusk|Protosynthesis|[silent]
|-damage|p2a: Batman|80/100|[from] item: Life Orb
|
|upkeep
|
|t:|1760433540
|switch|p1a: Latias|Latias, F, shiny|100/100
|turn|3
|
|t:|1760433550
|-terastallize|p1a: Latias|Poison
|move|p2a: Batman|Dragon Pulse|p1a: Latias
|-damage|p1a: Latias|65/100
|-damage|p2a: Batman|70/100|[from] item: Life Orb
|move|p1a: Latias|Agility|p1a: Latias
|-boost|p1a: Latias|spe|2
|
|upkeep
|turn|4
|c|☆Joshiboy10|good tera
|
|t:|1760433571
|move|p1a: Latias|Calm Mind|p1a: Latias
|-boost|p1a: Latias|spa|1
|-boost|p1a: Latias|spd|1
|move|p2a: Batman|Dragon Pulse|p1a: Latias
|-damage|p1a: Latias|41/100
|-damage|p2a: Batman|60/100|[from] item: Life Orb
|
|upkeep
|turn|5
|
|t:|1760433578
|move|p1a: Latias|Draining Kiss|p2a: Batman
|-supereffective|p2a: Batman
|-damage|p2a: Batman|11/100
|-heal|p1a: Latias|72/100|[from] drain|[of] p2a: Batman
|move|p2a: Batman|Draco Meteor|p1a: Latias
|-damage|p1a: Latias|36/100
|-unboost|p2a: Batman|spa|2
|-damage|p2a: Batman|1/100|[from] item: Life Orb
|
|upkeep
|turn|6
|
|t:|1760433591
|move|p1a: Latias|Draining Kiss|p2a: Batman
|-supereffective|p2a: Batman
|-damage|p2a: Batman|0 fnt
|-heal|p1a: Latias|36/100|[from] drain|[of] p2a: Batman
|faint|p2a: Batman
|
|upkeep
|
|t:|1760433596
|switch|p2a: Atom-Bomb|Garchomp, M|100/100
|turn|7
|
|t:|1760433601
|-terastallize|p2a: Atom-Bomb|Steel
|move|p1a: Latias|Draining Kiss|p2a: Atom-Bomb
|-resisted|p2a: Atom-Bomb
|-damage|p2a: Atom-Bomb|90/100
|-heal|p1a: Latias|44/100|[from] drain|[of] p2a: Atom-Bomb
|-damage|p1a: Latias|32/100|[from] ability: Rough Skin|[of] p2a: Atom-Bomb
|-damage|p1a: Latias|15/100|[from] item: Rocky Helmet|[of] p2a: Atom-Bomb
|move|p2a: Atom-Bomb|Earthquake|p1a: Latias
|-immune|p1a: Latias|[from] ability: Levitate
|
|upkeep
|turn|8
|
|t:|1760433615
|move|p1a: Latias|Stored Power|p2a: Atom-Bomb
|-resisted|p2a: Atom-Bomb
|-damage|p2a: Atom-Bomb|59/100
|move|p2a: Atom-Bomb|Dragon Claw|p1a: Latias
|-damage|p1a: Latias|0 fnt
|faint|p1a: Latias
|
|upkeep
|
|t:|1760433622
|switch|p1a: Heatran|Heatran, M, shiny|100/100
|-item|p1a: Heatran|Air Balloon
|turn|9
|
|t:|1760433628
|move|p2a: Atom-Bomb|Earthquake|p1a: Heatran
|-immune|p1a: Heatran
|move|p1a: Heatran|Magma Storm|p2a: Atom-Bomb
|-supereffective|p2a: Atom-Bomb
|-damage|p2a: Atom-Bomb|0 fnt
|faint|p2a: Atom-Bomb
|
|upkeep
|
|t:|1760433642
|switch|p2a: Froaks|Greninja, M|100/100
|turn|10
|
|t:|1760433652
|switch|p1a: Alomomola|Alomomola, M, shiny|100/100
|move|p2a: Froaks|Ice Beam|p1a: Alomomola
|-start|p2a: Froaks|typechange|Ice|[from] ability: Protean
|-resisted|p1a: Alomomola
|-damage|p1a: Alomomola|76/100
|
|upkeep
|turn|11
|
|t:|1760433669
|switch|p2a: Cleopatra|Ampharos, F|100/100
|move|p1a: Alomomola|Tickle|p2a: Cleopatra
|-unboost|p2a: Cleopatra|atk|1
|-unboost|p2a: Cleopatra|def|1
|
|upkeep
|turn|12
|
|t:|1760433683
|move|p1a: Alomomola|Protect|p1a: Alomomola
|-singleturn|p1a: Alomomola|Protect
|move|p2a: Cleopatra|Thunderbolt|p1a: Alomomola
|-activate|p1a: Alomomola|move: Protect
|
|upkeep
|turn|13
|
|t:|1760433690
|switch|p1a: Ogerpon|Ogerpon-Wellspring, F|100/100
|move|p2a: Cleopatra|Thunderbolt|p1a: Ogerpon
|-damage|p1a: Ogerpon|48/100
|
|upkeep
|turn|14
|
|t:|1760433700
|move|p1a: Ogerpon|Ivy Cudgel|p2a: Cleopatra|[anim] Ivy Cudgel Water
|-damage|p2a: Cleopatra|9/100
|move|p2a: Cleopatra|Thunderbolt|p1a: Ogerpon
|-damage|p1a: Ogerpon|0 fnt
|faint|p1a: Ogerpon
|
|-heal|p2a: Cleopatra|15/100|[from] item: Leftovers
|upkeep
|
|t:|1760433709
|switch|p1a: Heatran|Heatran, M, shiny|100/100
|-item|p1a: Heatran|Air Balloon
|turn|15
|
|t:|1760433722
|move|p1a: Heatran|Magma Storm|p2a: Cleopatra
|-damage|p2a: Cleopatra|0 fnt
|faint|p2a: Cleopatra
|
|upkeep
|
|t:|1760433729
|switch|p2a: Booger|Reuniclus, M|100/100
|turn|16
|
|t:|1760433732
|move|p1a: Heatran|Magma Storm|p2a: Booger
|-damage|p2a: Booger|64/100
|-activate|p2a: Booger|move: Magma Storm|[of] p1a: Heatran
|move|p2a: Booger|Trick Room|p2a: Booger
|-fieldstart|move: Trick Room|[of] p2a: Booger
|
|-damage|p2a: Booger|52/100|[from] move: Magma Storm|[partiallytrapped]
|upkeep
|turn|17
|
|t:|1760433742
|move|p1a: Heatran|Protect|p1a: Heatran
|-singleturn|p1a: Heatran|Protect
|move|p2a: Booger|Psychic|p1a: Heatran
|-activate|p1a: Heatran|move: Protect
|
|-damage|p2a: Booger|40/100|[from] move: Magma Storm|[partiallytrapped]
|upkeep
|turn|18
|
|t:|1760433755
|move|p2a: Booger|Psychic|p1a: Heatran
|-resisted|p1a: Heatran
|-damage|p1a: Heatran|81/100
|-enditem|p1a: Heatran|Air Balloon
|-damage|p2a: Booger|30/100|[from] item: Life Orb
|move|p1a: Heatran|Earth Power|p2a: Booger
|-damage|p2a: Booger|6/100
|
|-damage|p2a: Booger|0 fnt|[from] move: Magma Storm|[partiallytrapped]
|faint|p2a: Booger
|upkeep
|c|☆Joshiboy10|well played
|
|t:|1760433768
|switch|p2a: Phoenix|Talonflame, M|84/100
|turn|19
|
|t:|1760433776
|move|p1a: Heatran|Magma Storm|p2a: Phoenix
|-resisted|p2a: Phoenix
|-damage|p2a: Phoenix|53/100
|-activate|p2a: Phoenix|move: Magma Storm|[of] p1a: Heatran
|move|p2a: Phoenix|Brave Bird|p1a: Heatran
|-resisted|p1a: Heatran
|-damage|p1a: Heatran|61/100
|-damage|p2a: Phoenix|45/100|[from] Recoil
|
|-damage|p2a: Phoenix|32/100|[from] move: Magma Storm|[partiallytrapped]
|upkeep
|turn|20
|
|t:|1760433787
|move|p1a: Heatran|Protect|p1a: Heatran
|-singleturn|p1a: Heatran|Protect
|move|p2a: Phoenix|Flare Blitz|p1a: Heatran
|-activate|p1a: Heatran|move: Protect
|
|-damage|p2a: Phoenix|20/100|[from] move: Magma Storm|[partiallytrapped]
|-fieldend|move: Trick Room
|upkeep
|turn|21
|
|t:|1760433795
|move|p2a: Phoenix|Flare Blitz|p1a: Heatran
|-damage|p1a: Heatran|23/100
|-damage|p2a: Phoenix|3/100|[from] Recoil
|move|p1a: Heatran|Magma Storm|p2a: Phoenix|[miss]
|-miss|p1a: Heatran|p2a: Phoenix
|
|-damage|p2a: Phoenix|0 fnt|[from] move: Magma Storm|[partiallytrapped]
|faint|p2a: Phoenix
|upkeep
|
|t:|1760433804
|switch|p2a: Froaks|Greninja, M|100/100
|turn|22
|
|t:|1760433814
|switch|p1a: Alomomola|Alomomola, M, shiny|100/100
|move|p2a: Froaks|Surf|p1a: Alomomola
|-start|p2a: Froaks|typechange|Water|[from] ability: Protean
|-resisted|p1a: Alomomola
|-damage|p1a: Alomomola|77/100
|
|upkeep
|turn|23
|
|t:|1760433821
|move|p2a: Froaks|Dark Pulse|p1a: Alomomola
|-damage|p1a: Alomomola|47/100
|move|p1a: Alomomola|Wish|p1a: Alomomola
|
|upkeep
|turn|24
|
|t:|1760433830
|move|p2a: Froaks|Dark Pulse|p1a: Alomomola
|-damage|p1a: Alomomola|17/100
|move|p1a: Alomomola|Flip Turn|p2a: Froaks
|-resisted|p2a: Froaks
|-damage|p2a: Froaks|88/100
|
|t:|1760433836
|switch|p1a: Heatran|Heatran, M, shiny|23/100|[from] Flip Turn
|
|-heal|p1a: Heatran|92/100|[from] move: Wish|[wisher] Alomomola
|upkeep
|turn|25
|
|t:|1760433848
|move|p2a: Froaks|Surf|p1a: Heatran
|-supereffective|p1a: Heatran
|-damage|p1a: Heatran|43/100
|move|p1a: Heatran|Magma Storm|p2a: Froaks
|-resisted|p2a: Froaks
|-damage|p2a: Froaks|54/100
|-activate|p2a: Froaks|move: Magma Storm|[of] p1a: Heatran
|
|-damage|p2a: Froaks|42/100|[from] move: Magma Storm|[partiallytrapped]
|upkeep
|turn|26
|
|t:|1760433856
|move|p1a: Heatran|Protect|p1a: Heatran
|-singleturn|p1a: Heatran|Protect
|move|p2a: Froaks|Surf|p1a: Heatran
|-activate|p1a: Heatran|move: Protect
|
|-damage|p2a: Froaks|29/100|[from] move: Magma Storm|[partiallytrapped]
|upkeep
|turn|27
|
|t:|1760433869
|switch|p1a: Blissey|Blissey, F, shiny|100/100
|move|p2a: Froaks|Surf|p1a: Blissey
|-damage|p1a: Blissey|85/100
|
|-end|p2a: Froaks|Magma Storm|[partiallytrapped]|[silent]
|upkeep
|turn|28
|c|☆Joshiboy10|ggs
|-message|Joshiboy10 forfeited.
|
|win|TestingMyNewTeam2
|raw|TestingMyNewTeam2's rating: 1107 &rarr; <strong>1131</strong><br />(+24 for winning)
|raw|Joshiboy10's rating: 1098 &rarr; <strong>1074</strong><br />(-24 for losing)
|l|☆Joshiboy10
|player|p2|
|l|☆TestingMyNewTeam2
|player|p1|
