|j|☆xw haha
|j|☆peach boy test
|t:|1760338737
|gametype|singles
|player|p1|xw haha|volkner|1293
|player|p2|peach boy test|drayden|1243
|gen|9
|tier|[Gen 9] OU
|rated|
|rule|HP Percentage Mod: HP is shown in percentages
|rule|Endless Battle Clause: Forcing endless battles is banned
|rule|Species Clause: Limit one of each Pokémon
|rule|OHKO Clause: OHKO moves are banned
|rule|Evasion Items Clause: Evasion items are banned
|rule|Evasion Moves Clause: Evasion moves are banned
|rule|Evasion Abilities Clause: Evasion abilities are banned
|rule|Sleep Moves Clause: Sleep-inducing moves are banned
|clearpoke
|poke|p1|Weezing-Galar, M|
|poke|p1|Garganacl, M|
|poke|p1|Gholdengo|
|poke|p1|Raging Bolt|
|poke|p1|Great Tusk|
|poke|p1|Iron Valiant|
|poke|p2|Iron Hands|
|poke|p2|Moltres|
|poke|p2|Oricorio-Sensu, M|
|poke|p2|Weezing-Galar, M|
|poke|p2|Garchomp, M|
|poke|p2|Lokix, F|
|teampreview
|inactive|Battle timer is ON: inactive players will automatically lose when time's up. (requested by peach boy test)
|c|☆peach boy test|glhf!
|c|☆peach boy test|:)
|
|t:|1760338748
|teamsize|p1|6
|teamsize|p2|6
|start
|switch|p1a: Weezing|Weezing-Galar, M|100/100
|switch|p2a: Garth Champ|Garchomp, M|100/100
|turn|1
|
|t:|1760338757
|move|p2a: Garth Champ|Earthquake|p1a: Weezing
|-immune|p1a: Weezing|[from] ability: Levitate
|move|p1a: Weezing|Strange Steam|p2a: Garth Champ
|-supereffective|p2a: Garth Champ
|-damage|p2a: Garth Champ|53/100
|
|upkeep
|turn|2
|c|☆peach boy test|oh
|c|☆peach boy test|not neutralising gas? interesting
|
|t:|1760338774
|switch|p2a: trawl mez|Moltres|100/100
|move|p1a: Weezing|Strange Steam|p2a: trawl mez
|-resisted|p2a: trawl mez
|-damage|p2a: trawl mez|86/100
|
|upkeep
|turn|3
|
|t:|1760338782
|switch|p1a: Garganacl|Garganacl, M|100/100
|move|p2a: trawl mez|Flamethrower|p1a: Garganacl
|-resisted|p1a: Garganacl
|-damage|p1a: Garganacl|88/100
|
|-heal|p1a: Garganacl|94/100|[from] item: Leftovers
|upkeep
|turn|4
|
|t:|1760338794
|move|p2a: trawl mez|U-turn|p1a: Garganacl
|-damage|p1a: Garganacl|84/100
|
|t:|1760338797
|switch|p2a: walling Geezer|Weezing-Galar, M|100/100|[from] U-turn
|-ability|p2a: walling Geezer|Neutralizing Gas
|move|p1a: Garganacl|Stealth Rock|p2a: walling Geezer
|-sidestart|p2: peach boy test|move: Stealth Rock
|
|-heal|p1a: Garganacl|90/100|[from] item: Leftovers
|upkeep
|turn|5
|
|t:|1760338808
|move|p1a: Garganacl|Protect|p1a: Garganacl
|-singleturn|p1a: Garganacl|Protect
|move|p2a: walling Geezer|Will-O-Wisp|p1a: Garganacl
|-activate|p1a: Garganacl|move: Protect
|
|-heal|p1a: Garganacl|96/100|[from] item: Leftovers
|upkeep
|turn|6
|
|t:|1760338817
|switch|p1a: Weezing|Weezing-Galar, M|100/100
|move|p2a: walling Geezer|Defog|p1a: Weezing
|-unboost|p1a: Weezing|evasion|1
|-sideend|p2: peach boy test|Stealth Rock|[from] move: Defog|[of] p2a: walling Geezer
|
|upkeep
|turn|7
|
|t:|1760338826
|move|p2a: walling Geezer|Will-O-Wisp|p1a: Weezing
|-status|p1a: Weezing|brn
|move|p1a: Weezing|Strange Steam|p2a: walling Geezer
|-resisted|p2a: walling Geezer
|-damage|p2a: walling Geezer|82/100
|
|-damage|p1a: Weezing|95/100 brn|[from] brn
|upkeep
|turn|8
|
|t:|1760338835
|move|p1a: Weezing|Will-O-Wisp|p2a: walling Geezer
|-status|p2a: walling Geezer|brn
|move|p2a: walling Geezer|Strange Steam|p1a: Weezing
|-resisted|p1a: Weezing
|-damage|p1a: Weezing|74/100 brn
|
|-heal|p1a: Weezing|80/100 brn|[from] item: Black Sludge
|-damage|p1a: Weezing|74/100 brn|[from] brn
|-damage|p2a: walling Geezer|76/100 brn|[from] brn
|upkeep
|turn|9
|c|☆peach boy test|any reason why not neutralising gas?
|
|t:|1760338856
|-end|p2a: walling Geezer|ability: Neutralizing Gas
|switch|p2a: trawl mez|Moltres|86/100
|move|p1a: Weezing|Strange Steam|p2a: trawl mez
|-resisted|p2a: trawl mez
|-damage|p2a: trawl mez|72/100
|
|-heal|p1a: Weezing|80/100 brn|[from] item: Black Sludge
|-damage|p1a: Weezing|74/100 brn|[from] brn
|upkeep
|turn|10
|
|t:|1760338873
|switch|p1a: Raging Bolt|Raging Bolt|100/100
|move|p2a: trawl mez|U-turn|p1a: Raging Bolt
|-damage|p1a: Raging Bolt|89/100
|
|t:|1760338877
|switch|p2a: walling Geezer|Weezing-Galar, M|76/100 brn|[from] U-turn
|-ability|p2a: walling Geezer|Neutralizing Gas
|
|-damage|p2a: walling Geezer|70/100 brn|[from] brn
|upkeep
|turn|11
|
|t:|1760338885
|-end|p2a: walling Geezer|ability: Neutralizing Gas
|switch|p2a: Garth Champ|Garchomp, M|53/100
|move|p1a: Raging Bolt|Volt Switch|p2a: Garth Champ
|-immune|p2a: Garth Champ
|
|upkeep
|turn|12
|
|t:|1760338899
|-end|p1a: Raging Bolt|Protosynthesis|[silent]
|switch|p1a: Great Tusk|Great Tusk|100/100
|move|p2a: Garth Champ|Stealth Rock|p1a: Great Tusk
|-sidestart|p1: xw haha|move: Stealth Rock
|
|upkeep
|turn|13
|
|t:|1760338907
|switch|p2a: Ollie Corio|Oricorio-Sensu, M|100/100
|move|p1a: Great Tusk|Rapid Spin|p2a: Ollie Corio
|-immune|p2a: Ollie Corio
|
|upkeep
|turn|14
|
|t:|1760338920
|move|p2a: Ollie Corio|Hurricane|p1a: Great Tusk
|-supereffective|p1a: Great Tusk
|-damage|p1a: Great Tusk|6/100
|move|p1a: Great Tusk|Knock Off|p2a: Ollie Corio
|-supereffective|p2a: Ollie Corio
|-damage|p2a: Ollie Corio|32/100
|-damage|p1a: Great Tusk|0 fnt|[from] item: Rocky Helmet|[of] p2a: Ollie Corio
|faint|p1a: Great Tusk
|-end|p1a: Great Tusk|Protosynthesis|[silent]
|
|upkeep
|
|t:|1760338935
|switch|p1a: Raging Bolt|Raging Bolt|89/100
|-damage|p1a: Raging Bolt|77/100|[from] Stealth Rock
|turn|15
|
|t:|1760338944
|switch|p2a: Garth Champ|Garchomp, M|53/100
|move|p1a: Raging Bolt|Draco Meteor|p2a: Garth Champ
|-supereffective|p2a: Garth Champ
|-damage|p2a: Garth Champ|0 fnt
|-unboost|p1a: Raging Bolt|spa|2
|faint|p2a: Garth Champ
|
|upkeep
|
|t:|1760338948
|switch|p2a: walling Geezer|Weezing-Galar, M|70/100 brn
|-ability|p2a: walling Geezer|Neutralizing Gas
|turn|16
|c|☆peach boy test|nice i almost went weezing
|c|☆peach boy test|got the 50/50 wrong lol
|
|t:|1760338962
|-end|p1a: Raging Bolt|Protosynthesis|[silent]
|switch|p1a: Weezing|Weezing-Galar, M|74/100 brn
|-damage|p1a: Weezing|62/100 brn|[from] Stealth Rock
|move|p2a: walling Geezer|Strange Steam|p1a: Weezing
|-resisted|p1a: Weezing
|-damage|p1a: Weezing|45/100 brn
|
|-heal|p1a: Weezing|51/100 brn|[from] item: Black Sludge
|-damage|p2a: walling Geezer|64/100 brn|[from] brn
|-damage|p1a: Weezing|45/100 brn|[from] brn
|upkeep
|turn|17
|
|t:|1760338973
|move|p2a: walling Geezer|Strange Steam|p1a: Weezing
|-resisted|p1a: Weezing
|-damage|p1a: Weezing|27/100 brn
|move|p1a: Weezing|Defog|p2a: walling Geezer
|-unboost|p2a: walling Geezer|evasion|1
|-sideend|p1: xw haha|Stealth Rock|[from] move: Defog|[of] p1a: Weezing
|
|-heal|p1a: Weezing|33/100 brn|[from] item: Black Sludge
|-damage|p2a: walling Geezer|58/100 brn|[from] brn
|-damage|p1a: Weezing|27/100 brn|[from] brn
|upkeep
|turn|18
|
|t:|1760338985
|switch|p1a: Gholdengo|Gholdengo|100/100
|-item|p1a: Gholdengo|Air Balloon
|move|p2a: walling Geezer|Strange Steam|p1a: Gholdengo
|-resisted|p1a: Gholdengo
|-damage|p1a: Gholdengo|87/100
|-enditem|p1a: Gholdengo|Air Balloon
|
|-damage|p2a: walling Geezer|52/100 brn|[from] brn
|upkeep
|turn|19
|
|t:|1760338996
|-end|p2a: walling Geezer|ability: Neutralizing Gas
|switch|p2a: Ollie Corio|Oricorio-Sensu, M|32/100
|move|p1a: Gholdengo|Shadow Ball|p2a: Ollie Corio
|-supereffective|p2a: Ollie Corio
|-damage|p2a: Ollie Corio|0 fnt
|faint|p2a: Ollie Corio
|
|upkeep
|
|t:|1760339000
|switch|p2a: trawl mez|Moltres|72/100
|turn|20
|
|t:|1760339010
|switch|p1a: Garganacl|Garganacl, M|96/100
|move|p2a: trawl mez|Flamethrower|p1a: Garganacl
|-resisted|p1a: Garganacl
|-damage|p1a: Garganacl|84/100
|
|-heal|p1a: Garganacl|90/100|[from] item: Leftovers
|upkeep
|turn|21
|
|t:|1760339019
|move|p2a: trawl mez|U-turn|p1a: Garganacl
|-damage|p1a: Garganacl|80/100
|
|t:|1760339021
|switch|p2a: walling Geezer|Weezing-Galar, M|52/100 brn|[from] U-turn
|-ability|p2a: walling Geezer|Neutralizing Gas
|move|p1a: Garganacl|Salt Cure|p2a: walling Geezer
|-damage|p2a: walling Geezer|44/100 brn
|-start|p2a: walling Geezer|Salt Cure
|
|-heal|p1a: Garganacl|86/100|[from] item: Leftovers
|-damage|p2a: walling Geezer|38/100 brn|[from] brn
|-damage|p2a: walling Geezer|25/100 brn|[from] Salt Cure
|upkeep
|turn|22
|
|t:|1760339034
|move|p1a: Garganacl|Protect|p1a: Garganacl
|-singleturn|p1a: Garganacl|Protect
|move|p2a: walling Geezer|Pain Split|p1a: Garganacl
|-activate|p1a: Garganacl|move: Protect
|
|-heal|p1a: Garganacl|93/100|[from] item: Leftovers
|-damage|p2a: walling Geezer|19/100 brn|[from] brn
|-damage|p2a: walling Geezer|7/100 brn|[from] Salt Cure
|upkeep
|turn|23
|
|t:|1760339045
|switch|p1a: Gholdengo|Gholdengo|87/100
|move|p2a: walling Geezer|Will-O-Wisp|p1a: Gholdengo
|-status|p1a: Gholdengo|brn
|
|-damage|p1a: Gholdengo|81/100 brn|[from] brn
|-damage|p2a: walling Geezer|1/100 brn|[from] brn
|-damage|p2a: walling Geezer|0 fnt|[from] Salt Cure
|faint|p2a: walling Geezer
|-end|p2a: walling Geezer|ability: Neutralizing Gas
|upkeep
|
|t:|1760339058
|switch|p2a: Ramen Kaider|Lokix, F|100/100
|turn|24
|
|t:|1760339067
|switch|p1a: Weezing|Weezing-Galar, M|27/100 brn
|move|p2a: Ramen Kaider|Sucker Punch||[still]
|-fail|p2a: Ramen Kaider
|
|-heal|p1a: Weezing|33/100 brn|[from] item: Black Sludge
|-damage|p1a: Weezing|27/100 brn|[from] brn
|upkeep
|turn|25
|
|t:|1760339076
|switch|p2a: trawl mez|Moltres|72/100
|move|p1a: Weezing|Strange Steam|p2a: trawl mez
|-resisted|p2a: trawl mez
|-damage|p2a: trawl mez|58/100
|
|-heal|p1a: Weezing|33/100 brn|[from] item: Black Sludge
|-damage|p1a: Weezing|27/100 brn|[from] brn
|upkeep
|turn|26
|
|t:|1760339086
|switch|p1a: Garganacl|Garganacl, M|93/100
|move|p2a: trawl mez|Roost|p2a: trawl mez
|-heal|p2a: trawl mez|100/100
|-singleturn|p2a: trawl mez|move: Roost
|
|-heal|p1a: Garganacl|99/100|[from] item: Leftovers
|upkeep
|turn|27
|
|t:|1760339098
|move|p2a: trawl mez|U-turn|p1a: Garganacl
|-damage|p1a: Garganacl|88/100
|
|t:|1760339113
|switch|p2a: Brian Hands|Iron Hands|100/100|[from] U-turn
|-enditem|p2a: Brian Hands|Booster Energy
|-activate|p2a: Brian Hands|ability: Quark Drive|[fromitem]
|-start|p2a: Brian Hands|quarkdriveatk
|move|p1a: Garganacl|Stealth Rock|p2a: Brian Hands
|-sidestart|p2: peach boy test|move: Stealth Rock
|
|-heal|p1a: Garganacl|95/100|[from] item: Leftovers
|upkeep
|turn|28
|inactive|peach boy test has 120 seconds left.
|
|t:|1760339150
|move|p2a: Brian Hands|Swords Dance|p2a: Brian Hands
|-boost|p2a: Brian Hands|atk|2
|move|p1a: Garganacl|Salt Cure|p2a: Brian Hands
|-resisted|p2a: Brian Hands
|-damage|p2a: Brian Hands|96/100
|-start|p2a: Brian Hands|Salt Cure
|
|-heal|p1a: Garganacl|100/100|[from] item: Leftovers
|-damage|p2a: Brian Hands|84/100|[from] Salt Cure
|upkeep
|turn|29
|
|t:|1760339161
|switch|p1a: Weezing|Weezing-Galar, M|27/100 brn
|move|p2a: Brian Hands|Thunder Punch|p1a: Weezing
|-damage|p1a: Weezing|0 fnt
|faint|p1a: Weezing
|
|-damage|p2a: Brian Hands|72/100|[from] Salt Cure
|upkeep
|
|t:|1760339177
|switch|p1a: Iron Valiant|Iron Valiant|100/100
|-enditem|p1a: Iron Valiant|Booster Energy
|-activate|p1a: Iron Valiant|ability: Quark Drive|[fromitem]
|-start|p1a: Iron Valiant|quarkdrivespe
|turn|30
|inactive|peach boy test has 120 seconds left.
|
|t:|1760339190
|-terastallize|p2a: Brian Hands|Flying
|move|p1a: Iron Valiant|Moonblast|p2a: Brian Hands
|-damage|p2a: Brian Hands|39/100
|-unboost|p2a: Brian Hands|spa|1
|move|p2a: Brian Hands|Drain Punch|p1a: Iron Valiant
|-resisted|p1a: Iron Valiant
|-damage|p1a: Iron Valiant|30/100
|-heal|p2a: Brian Hands|62/100|[from] drain|[of] p1a: Iron Valiant
|
|-damage|p2a: Brian Hands|49/100|[from] Salt Cure
|upkeep
|turn|31
|inactive|peach boy test has 120 seconds left.
|
|t:|1760339207
|move|p1a: Iron Valiant|Moonblast|p2a: Brian Hands
|-damage|p2a: Brian Hands|18/100
|move|p2a: Brian Hands|Thunder Punch|p1a: Iron Valiant
|-damage|p1a: Iron Valiant|0 fnt
|faint|p1a: Iron Valiant
|-end|p1a: Iron Valiant|Quark Drive|[silent]
|
|-damage|p2a: Brian Hands|6/100|[from] Salt Cure
|upkeep
|
|t:|1760339217
|switch|p1a: Garganacl|Garganacl, M|100/100
|turn|32
|
|t:|1760339227
|move|p1a: Garganacl|Protect|p1a: Garganacl
|-singleturn|p1a: Garganacl|Protect
|move|p2a: Brian Hands|Drain Punch|p1a: Garganacl
|-activate|p1a: Garganacl|move: Protect
|
|-damage|p2a: Brian Hands|0 fnt|[from] Salt Cure
|faint|p2a: Brian Hands
|-end|p2a: Brian Hands|Quark Drive|[silent]
|upkeep
|
|t:|1760339232
|switch|p2a: Ramen Kaider|Lokix, F|100/100
|-damage|p2a: Ramen Kaider|76/100|[from] Stealth Rock
|turn|33
|c|☆peach boy test|nice
|
|t:|1760339246
|switch|p1a: Gholdengo|Gholdengo|81/100 brn
|move|p2a: Ramen Kaider|First Impression|p1a: Gholdengo
|-resisted|p1a: Gholdengo
|-damage|p1a: Gholdengo|58/100 brn
|
|-damage|p1a: Gholdengo|52/100 brn|[from] brn
|upkeep
|turn|34
|
|t:|1760339271
|move|p2a: Ramen Kaider|Sucker Punch||[still]
|-fail|p2a: Ramen Kaider
|move|p1a: Gholdengo|Recover|p1a: Gholdengo
|-heal|p1a: Gholdengo|100/100 brn
|
|-damage|p1a: Gholdengo|94/100 brn|[from] brn
|upkeep
|turn|35
|
|t:|1760339289
|switch|p2a: trawl mez|Moltres|100/100
|move|p1a: Gholdengo|Focus Blast|p2a: trawl mez
|-resisted|p2a: trawl mez
|-damage|p2a: trawl mez|77/100
|
|-damage|p1a: Gholdengo|88/100 brn|[from] brn
|upkeep
|turn|36
|
|t:|1760339304
|switch|p1a: Garganacl|Garganacl, M|100/100
|move|p2a: trawl mez|Flamethrower|p1a: Garganacl
|-resisted|p1a: Garganacl
|-damage|p1a: Garganacl|89/100
|
|-heal|p1a: Garganacl|95/100|[from] item: Leftovers
|upkeep
|turn|37
|
|t:|1760339313
|move|p1a: Garganacl|Salt Cure|p2a: trawl mez
|-supereffective|p2a: trawl mez
|-damage|p2a: trawl mez|43/100
|-start|p2a: trawl mez|Salt Cure
|move|p2a: trawl mez|Roar|p1a: Garganacl
|drag|p1a: Gholdengo|Gholdengo|88/100 brn
|
|-damage|p1a: Gholdengo|82/100 brn|[from] brn
|-damage|p2a: trawl mez|30/100|[from] Salt Cure
|upkeep
|turn|38
|
|t:|1760339325
|switch|p1a: Garganacl|Garganacl, M|95/100
|move|p2a: trawl mez|U-turn|p1a: Garganacl
|-damage|p1a: Garganacl|85/100
|
|t:|1760339327
|switch|p2a: Ramen Kaider|Lokix, F|76/100|[from] U-turn
|-damage|p2a: Ramen Kaider|51/100|[from] Stealth Rock
|
|-heal|p1a: Garganacl|91/100|[from] item: Leftovers
|upkeep
|turn|39
|
|t:|1760339336
|move|p1a: Garganacl|Protect|p1a: Garganacl
|-singleturn|p1a: Garganacl|Protect
|move|p2a: Ramen Kaider|First Impression|p1a: Garganacl
|-activate|p1a: Garganacl|move: Protect
|
|-heal|p1a: Garganacl|97/100|[from] item: Leftovers
|upkeep
|turn|40
|c|☆peach boy test|ggwp!
|c|☆peach boy test|have a great day
|
|t:|1760339345
|move|p2a: Ramen Kaider|Knock Off|p1a: Garganacl
|-damage|p1a: Garganacl|63/100
|-enditem|p1a: Garganacl|Leftovers|[from] move: Knock Off|[of] p2a: Ramen Kaider
|move|p1a: Garganacl|Salt Cure|p2a: Ramen Kaider
|-supereffective|p2a: Ramen Kaider
|-damage|p2a: Ramen Kaider|16/100
|-start|p2a: Ramen Kaider|Salt Cure
|
|-damage|p2a: Ramen Kaider|4/100|[from] Salt Cure
|upkeep
|turn|41
|-message|peach boy test forfeited.
|
|win|xw haha
|raw|xw haha's rating: 1293 &rarr; <strong>1314</strong><br />(+21 for winning)
|raw|peach boy test's rating: 1243 &rarr; <strong>1222</strong><br />(-21 for losing)
|l|☆xw haha
|player|p1|
|l|☆peach boy test
|player|p2|
