|j|☆Potential Man
|j|☆hrt boymoder
|t:|1760314974
|gametype|singles
|player|p1|Potential Man|brock-gen2|1550
|player|p2|hrt boymoder|elaine|1553
|gen|9
|tier|[Gen 9] OU
|rated|
|rule|HP Percentage Mod: HP is shown in percentages
|rule|Endless Battle Clause: Forcing endless battles is banned
|rule|Species Clause: Limit one of each Pokémon
|rule|OHKO Clause: OHKO moves are banned
|rule|Evasion Items Clause: Evasion items are banned
|rule|Evasion Moves Clause: Evasion moves are banned
|rule|Evasion Abilities Clause: Evasion abilities are banned
|rule|Sleep Moves Clause: Sleep-inducing moves are banned
|clearpoke
|poke|p1|Toxtricity, M|
|poke|p1|Landorus-Therian, M|
|poke|p1|Kingambit, F|
|poke|p1|Dragonite, F|
|poke|p1|Primarina, M|
|poke|p1|Iron Treads|
|poke|p2|Zapdos|
|poke|p2|Great Tusk|
|poke|p2|Lokix, F|
|poke|p2|Gliscor, F|
|poke|p2|Alomomola, F|
|poke|p2|Dragapult, F|
|teampreview
|inactive|Battle timer is ON: inactive players will automatically lose when time's up. (requested by hrt boymoder)
|
|t:|1760314986
|teamsize|p1|6
|teamsize|p2|6
|start
|switch|p1a: Bad Amp|Toxtricity, M|100/100
|switch|p2a: Lokix|Lokix, F|100/100
|turn|1
|
|t:|1760314995
|move|p2a: Lokix|U-turn|p1a: Bad Amp
|-resisted|p1a: Bad Amp
|-damage|p1a: Bad Amp|30/100
|
|t:|1760314997
|switch|p2a: Great Tusk|Great Tusk|100/100|[from] U-turn
|move|p1a: Bad Amp|Boomburst|p2a: Great Tusk
|-damage|p2a: Great Tusk|0 fnt
|faint|p2a: Great Tusk
|-end|p2a: Great Tusk|Protosynthesis|[silent]
|
|upkeep
|
|t:|1760315005
|switch|p2a: Dragapult|Dragapult, F|100/100
|turn|2
|
|t:|1760315012
|switch|p1a: Iron Treads|Iron Treads|100/100
|move|p2a: Dragapult|Shadow Ball|p1a: Iron Treads
|-damage|p1a: Iron Treads|23/100
|
|-heal|p1a: Iron Treads|29/100|[from] item: Leftovers
|upkeep
|turn|3
|
|t:|1760315016
|-end|p1a: Iron Treads|Quark Drive|[silent]
|switch|p1a: Kingambit|Kingambit, F|100/100
|move|p2a: Dragapult|Shadow Ball|p1a: Kingambit
|-resisted|p1a: Kingambit
|-damage|p1a: Kingambit|73/100
|
|upkeep
|turn|4
|
|t:|1760315020
|switch|p2a: Zapdos|Zapdos|100/100
|-end|p1a: Kingambit|fallenundefined|[silent]
|switch|p1a: Bad Amp|Toxtricity, M|30/100
|
|upkeep
|turn|5
|
|t:|1760315035
|move|p1a: Bad Amp|Volt Switch|p2a: Zapdos
|-damage|p2a: Zapdos|50/100
|
|t:|1760315038
|switch|p1a: Iron Treads|Iron Treads|29/100|[from] Volt Switch
|move|p2a: Zapdos|U-turn|p1a: Iron Treads
|-resisted|p1a: Iron Treads
|-damage|p1a: Iron Treads|23/100
|
|t:|1760315049
|switch|p2a: Dragapult|Dragapult, F|100/100|[from] U-turn
|
|-heal|p1a: Iron Treads|29/100|[from] item: Leftovers
|upkeep
|turn|6
|
|t:|1760315053
|-end|p1a: Iron Treads|Quark Drive|[silent]
|switch|p1a: Kingambit|Kingambit, F|73/100
|move|p2a: Dragapult|Flamethrower|p1a: Kingambit
|-supereffective|p1a: Kingambit
|-damage|p1a: Kingambit|2/100
|
|upkeep
|turn|7
|
|t:|1760315060
|switch|p2a: Alomomola|Alomomola, F|100/100
|move|p1a: Kingambit|Kowtow Cleave|p2a: Alomomola
|-damage|p2a: Alomomola|61/100
|
|upkeep
|turn|8
|
|t:|1760315068
|-end|p1a: Kingambit|fallenundefined|[silent]
|switch|p1a: Primarina|Primarina, M|100/100
|move|p2a: Alomomola|Flip Turn|p1a: Primarina
|-resisted|p1a: Primarina
|-damage|p1a: Primarina|90/100
|
|t:|1760315069
|switch|p2a: Zapdos|Zapdos|50/100|[from] Flip Turn
|
|upkeep
|turn|9
|
|t:|1760315073
|move|p2a: Zapdos|Roost|p2a: Zapdos
|-heal|p2a: Zapdos|99/100
|-singleturn|p2a: Zapdos|move: Roost
|move|p1a: Primarina|Psychic Noise|p2a: Zapdos
|-damage|p2a: Zapdos|74/100
|-start|p2a: Zapdos|move: Heal Block
|
|upkeep
|turn|10
|
|t:|1760315076
|switch|p1a: Iron Treads|Iron Treads|29/100
|move|p2a: Zapdos|Discharge|p1a: Iron Treads
|-immune|p1a: Iron Treads
|
|-heal|p1a: Iron Treads|35/100|[from] item: Leftovers
|-end|p2a: Zapdos|move: Heal Block
|upkeep
|turn|11
|
|t:|1760315080
|move|p1a: Iron Treads|Stealth Rock|p2a: Zapdos
|-sidestart|p2: hrt boymoder|move: Stealth Rock
|move|p2a: Zapdos|U-turn|p1a: Iron Treads
|-resisted|p1a: Iron Treads
|-damage|p1a: Iron Treads|29/100
|
|t:|1760315085
|switch|p2a: Dragapult|Dragapult, F|100/100|[from] U-turn
|-damage|p2a: Dragapult|88/100|[from] Stealth Rock
|
|-heal|p1a: Iron Treads|36/100|[from] item: Leftovers
|upkeep
|turn|12
|
|t:|1760315089
|move|p2a: Dragapult|Shadow Ball|p1a: Iron Treads
|-crit|p1a: Iron Treads
|-damage|p1a: Iron Treads|0 fnt
|faint|p1a: Iron Treads
|-end|p1a: Iron Treads|Quark Drive|[silent]
|
|upkeep
|
|t:|1760315091
|switch|p1a: Bad Amp|Toxtricity, M|30/100
|turn|13
|
|t:|1760315099
|switch|p2a: Alomomola|Alomomola, F|95/100
|-damage|p2a: Alomomola|82/100|[from] Stealth Rock
|-terastallize|p1a: Bad Amp|Normal
|move|p1a: Bad Amp|Overdrive|p2a: Alomomola
|-supereffective|p2a: Alomomola
|-damage|p2a: Alomomola|0 fnt
|faint|p2a: Alomomola
|
|upkeep
|
|t:|1760315106
|switch|p2a: Gliscor|Gliscor, F, shiny|100/100
|-damage|p2a: Gliscor|88/100|[from] Stealth Rock
|turn|14
|
|t:|1760315113
|switch|p1a: Primarina|Primarina, M|90/100
|move|p2a: Gliscor|Swords Dance|p2a: Gliscor
|-boost|p2a: Gliscor|atk|2
|
|-status|p2a: Gliscor|tox|[from] item: Toxic Orb
|upkeep
|turn|15
|
|t:|1760315119
|move|p2a: Gliscor|Protect|p2a: Gliscor
|-singleturn|p2a: Gliscor|Protect
|move|p1a: Primarina|Surf|p2a: Gliscor
|-activate|p2a: Gliscor|move: Protect
|
|-heal|p2a: Gliscor|100/100 tox|[from] ability: Poison Heal
|upkeep
|turn|16
|
|t:|1760315124
|-terastallize|p2a: Gliscor|Normal
|move|p2a: Gliscor|Swords Dance|p2a: Gliscor
|-boost|p2a: Gliscor|atk|2
|move|p1a: Primarina|Surf|p2a: Gliscor
|-crit|p2a: Gliscor
|-damage|p2a: Gliscor|15/100 tox
|
|-heal|p2a: Gliscor|27/100 tox|[from] ability: Poison Heal
|upkeep
|turn|17
|
|t:|1760315129
|move|p2a: Gliscor|Protect|p2a: Gliscor
|-singleturn|p2a: Gliscor|Protect
|move|p1a: Primarina|Surf|p2a: Gliscor
|-activate|p2a: Gliscor|move: Protect
|
|-heal|p2a: Gliscor|40/100 tox|[from] ability: Poison Heal
|upkeep
|turn|18
|
|t:|1760315131
|move|p2a: Gliscor|Facade|p1a: Primarina
|-damage|p1a: Primarina|0 fnt
|faint|p1a: Primarina
|
|-heal|p2a: Gliscor|52/100 tox|[from] ability: Poison Heal
|upkeep
|
|t:|1760315135
|switch|p1a: Dragonite|Dragonite, F|100/100
|turn|19
|
|t:|1760315137
|move|p2a: Gliscor|Facade|p1a: Dragonite
|-damage|p1a: Dragonite|21/100
|move|p1a: Dragonite|Dragon Dance|p1a: Dragonite
|-boost|p1a: Dragonite|atk|1
|-boost|p1a: Dragonite|spe|1
|
|-heal|p2a: Gliscor|65/100 tox|[from] ability: Poison Heal
|upkeep
|turn|20
|
|t:|1760315141
|move|p2a: Gliscor|Protect|p2a: Gliscor
|-singleturn|p2a: Gliscor|Protect
|move|p1a: Dragonite|Extreme Speed|p2a: Gliscor
|-activate|p2a: Gliscor|move: Protect
|
|-heal|p2a: Gliscor|77/100 tox|[from] ability: Poison Heal
|upkeep
|turn|21
|
|t:|1760315142
|move|p1a: Dragonite|Extreme Speed|p2a: Gliscor
|-damage|p2a: Gliscor|42/100 tox
|move|p2a: Gliscor|Facade|p1a: Dragonite
|-damage|p1a: Dragonite|0 fnt
|faint|p1a: Dragonite
|
|-heal|p2a: Gliscor|55/100 tox|[from] ability: Poison Heal
|upkeep
|
|t:|1760315148
|switch|p1a: T.M. Opera O|Landorus-Therian, M|100/100
|-ability|p1a: T.M. Opera O|Intimidate|boost
|-unboost|p2a: Gliscor|atk|1
|turn|22
|
|t:|1760315155
|move|p2a: Gliscor|Protect|p2a: Gliscor
|-singleturn|p2a: Gliscor|Protect
|move|p1a: T.M. Opera O|Earthquake|p2a: Gliscor
|-activate|p2a: Gliscor|move: Protect
|
|-heal|p2a: Gliscor|67/100 tox|[from] ability: Poison Heal
|upkeep
|turn|23
|
|t:|1760315156
|move|p1a: T.M. Opera O|Earthquake|p2a: Gliscor
|-damage|p2a: Gliscor|23/100 tox
|move|p2a: Gliscor|Facade|p1a: T.M. Opera O
|-damage|p1a: T.M. Opera O|0 fnt
|faint|p1a: T.M. Opera O
|
|-heal|p2a: Gliscor|35/100 tox|[from] ability: Poison Heal
|upkeep
|
|t:|1760315160
|switch|p1a: Kingambit|Kingambit, F|2/100
|-activate|p1a: Kingambit|ability: Supreme Overlord
|-start|p1a: Kingambit|fallen4|[silent]
|turn|24
|
|t:|1760315164
|switch|p2a: Zapdos|Zapdos|74/100
|move|p1a: Kingambit|Swords Dance|p1a: Kingambit
|-boost|p1a: Kingambit|atk|2
|
|upkeep
|turn|25
|
|t:|1760315168
|move|p1a: Kingambit|Sucker Punch|p2a: Zapdos
|-damage|p2a: Zapdos|0 fnt
|faint|p2a: Zapdos
|
|upkeep
|
|t:|1760315169
|switch|p2a: Lokix|Lokix, F|100/100
|-damage|p2a: Lokix|76/100|[from] Stealth Rock
|turn|26
|
|t:|1760315174
|-end|p1a: Kingambit|fallen4|[silent]
|switch|p1a: Bad Amp|Toxtricity, M, tera:Normal|30/100
|move|p2a: Lokix|First Impression|p1a: Bad Amp
|-damage|p1a: Bad Amp|0 fnt
|faint|p1a: Bad Amp
|
|upkeep
|
|t:|1760315175
|switch|p1a: Kingambit|Kingambit, F|2/100
|-activate|p1a: Kingambit|ability: Supreme Overlord
|-start|p1a: Kingambit|fallen5|[silent]
|turn|27
|
|t:|1760315178
|switch|p2a: Dragapult|Dragapult, F|88/100
|-damage|p2a: Dragapult|76/100|[from] Stealth Rock
|move|p1a: Kingambit|Swords Dance|p1a: Kingambit
|-boost|p1a: Kingambit|atk|2
|
|upkeep
|turn|28
|
|t:|1760315180
|move|p1a: Kingambit|Sucker Punch|p2a: Dragapult
|-supereffective|p2a: Dragapult
|-damage|p2a: Dragapult|0 fnt
|faint|p2a: Dragapult
|
|upkeep
|
|t:|1760315181
|switch|p2a: Lokix|Lokix, F|76/100
|-damage|p2a: Lokix|51/100|[from] Stealth Rock
|turn|29
|
|t:|1760315183
|move|p2a: Lokix|First Impression|p1a: Kingambit
|-damage|p1a: Kingambit|0 fnt
|faint|p1a: Kingambit
|-end|p1a: Kingambit|fallen5|[silent]
|
|win|hrt boymoder
|raw|Potential Man's rating: 1550 &rarr; <strong>1530</strong><br />(-20 for losing)
|raw|hrt boymoder's rating: 1553 &rarr; <strong>1573</strong><br />(+20 for winning)
|l|☆hrt boymoder
|player|p2|
