|j|☆bananana324
|j|☆sakhan
|t:|1760389090
|gametype|singles
|player|p1|bananana324|102|1248
|player|p2|sakhan|2|1185
|gen|9
|tier|[Gen 9] OU
|rated|
|rule|HP Percentage Mod: HP is shown in percentages
|rule|Endless Battle Clause: Forcing endless battles is banned
|rule|Species Clause: Limit one of each Pokémon
|rule|OHKO Clause: OHKO moves are banned
|rule|Evasion Items Clause: Evasion items are banned
|rule|Evasion Moves Clause: Evasion moves are banned
|rule|Evasion Abilities Clause: Evasion abilities are banned
|rule|Sleep Moves Clause: Sleep-inducing moves are banned
|clearpoke
|poke|p1|Bellibolt, M|
|poke|p1|Pelipper, F|
|poke|p1|Kyurem|
|poke|p1|Kingambit, F|
|poke|p1|Qwilfish-Hisui, F|
|poke|p1|Blastoise, F|
|poke|p2|Garchomp, M|
|poke|p2|Garganacl, F|
|poke|p2|Ribombee, F|
|poke|p2|Blaziken, F|
|poke|p2|Iron Moth|
|poke|p2|Terrakion|
|teampreview
|inactive|Battle timer is ON: inactive players will automatically lose when time's up. (requested by sakhan)
|
|t:|1760389097
|teamsize|p1|6
|teamsize|p2|6
|start
|switch|p1a: Qwilfish|Qwilfish-Hisui, F|100/100
|switch|p2a: Ribombee|Ribombee, F|100/100
|turn|1
|
|t:|1760389104
|move|p2a: Ribombee|Stun Spore|p1a: Qwilfish
|-status|p1a: Qwilfish|par
|move|p1a: Qwilfish|Barb Barrage|p2a: Ribombee
|-supereffective|p2a: Ribombee
|-enditem|p2a: Ribombee|Focus Sash
|-damage|p2a: Ribombee|1/100
|
|upkeep
|turn|2
|
|t:|1760389111
|move|p2a: Ribombee|Sticky Web|p1a: Qwilfish
|-sidestart|p1: bananana324|move: Sticky Web
|move|p1a: Qwilfish|Barb Barrage|p2a: Ribombee
|-supereffective|p2a: Ribombee
|-damage|p2a: Ribombee|0 fnt
|faint|p2a: Ribombee
|
|upkeep
|
|t:|1760389128
|switch|p2a: Garchomp|Garchomp, M|100/100
|turn|3
|
|t:|1760389133
|switch|p1a: Pelipper|Pelipper, F|100/100
|-weather|RainDance|[from] ability: Drizzle|[of] p1a: Pelipper
|move|p2a: Garchomp|Swords Dance|p2a: Garchomp
|-boost|p2a: Garchomp|atk|2
|
|-weather|RainDance|[upkeep]
|upkeep
|turn|4
|
|t:|1760389141
|move|p2a: Garchomp|Scale Shot|p1a: Pelipper
|-crit|p1a: Pelipper
|-damage|p1a: Pelipper|69/100
|-damage|p1a: Pelipper|51/100
|-damage|p1a: Pelipper|33/100
|-damage|p1a: Pelipper|12/100
|-damage|p1a: Pelipper|0 fnt
|faint|p1a: Pelipper
|-hitcount|p1: Pelipper|5
|-unboost|p2a: Garchomp|def|1
|-boost|p2a: Garchomp|spe|1
|
|-weather|RainDance|[upkeep]
|upkeep
|
|t:|1760389161
|switch|p1a: Kyurem|Kyurem|100/100
|-ability|p1a: Kyurem|Pressure
|turn|5
|
|t:|1760389177
|-terastallize|p1a: Kyurem|Ice
|move|p2a: Garchomp|Earthquake|p1a: Kyurem
|-damage|p1a: Kyurem|0 fnt
|faint|p1a: Kyurem
|
|-weather|RainDance|[upkeep]
|upkeep
|
|t:|1760389183
|switch|p1a: Blastoise|Blastoise, F|100/100
|-activate|p1a: Blastoise|move: Sticky Web
|-unboost|p1a: Blastoise|spe|1
|-enditem|p1a: Blastoise|White Herb
|-clearnegativeboost|p1a: Blastoise|[silent]
|turn|6
|
|t:|1760389196
|move|p2a: Garchomp|Scale Shot|p1a: Blastoise
|-crit|p1a: Blastoise
|-damage|p1a: Blastoise|54/100
|-damage|p1a: Blastoise|24/100
|-damage|p1a: Blastoise|0 fnt
|faint|p1a: Blastoise
|-hitcount|p1: Blastoise|3
|-unboost|p2a: Garchomp|def|1
|-boost|p2a: Garchomp|spe|1
|
|-weather|RainDance|[upkeep]
|upkeep
|-message|bananana324 forfeited.
|
|win|sakhan
|raw|bananana324's rating: 1248 &rarr; <strong>1219</strong><br />(-29 for losing)
|raw|sakhan's rating: 1185 &rarr; <strong>1214</strong><br />(+29 for winning)
|l|☆bananana324
|player|p1|
|l|☆sakhan
|player|p2|
