|j|☆karuaan
|j|☆mightynoctowl
|t:|1760416414
|gametype|singles
|player|p1|karuaan|169|1198
|player|p2|mightynoctowl|101|1191
|gen|9
|tier|[Gen 9] OU
|rated|
|rule|HP Percentage Mod: HP is shown in percentages
|rule|Endless Battle Clause: Forcing endless battles is banned
|rule|Species Clause: Limit one of each Pokémon
|rule|OHKO Clause: OHKO moves are banned
|rule|Evasion Items Clause: Evasion items are banned
|rule|Evasion Moves Clause: Evasion moves are banned
|rule|Evasion Abilities Clause: Evasion abilities are banned
|rule|Sleep Moves Clause: Sleep-inducing moves are banned
|clearpoke
|poke|p1|Rillaboom, F|
|poke|p1|Moltres|
|poke|p1|Primarina, M|
|poke|p1|Raging Bolt|
|poke|p1|Iron Crown|
|poke|p1|Great Tusk|
|poke|p2|Moltres|
|poke|p2|Chansey, F|
|poke|p2|Clefable, M|
|poke|p2|Sandslash, F|
|poke|p2|Vileplume, M|
|poke|p2|Jolteon, F|
|teampreview
|inactive|Battle timer is ON: inactive players will automatically lose when time's up. (requested by mightynoctowl)
|
|t:|1760416429
|teamsize|p1|6
|teamsize|p2|6
|start
|switch|p1a: Rillaboom|Rillaboom, F|100/100
|switch|p2a: Moltres|Moltres|100/100
|-fieldstart|move: Grassy Terrain|[from] ability: Grassy Surge|[of] p1a: Rillaboom
|turn|1
|
|t:|1760416438
|move|p1a: Rillaboom|Knock Off|p2a: Moltres
|-damage|p2a: Moltres|61/100
|-enditem|p2a: Moltres|Heavy-Duty Boots|[from] move: Knock Off|[of] p1a: Rillaboom
|move|p2a: Moltres|U-turn|p1a: Rillaboom
|-supereffective|p1a: Rillaboom
|-damage|p1a: Rillaboom|67/100
|
|t:|1760416446
|switch|p2a: Vileplume|Vileplume, M|100/100|[from] U-turn
|
|-heal|p1a: Rillaboom|73/100|[from] Grassy Terrain
|upkeep
|turn|2
|
|t:|1760416453
|move|p1a: Rillaboom|Knock Off|p2a: Vileplume
|-crit|p2a: Vileplume
|-damage|p2a: Vileplume|38/100
|-enditem|p2a: Vileplume|Leftovers|[from] move: Knock Off|[of] p1a: Rillaboom
|move|p2a: Vileplume|Giga Drain|p1a: Rillaboom
|-resisted|p1a: Rillaboom
|-damage|p1a: Rillaboom|49/100
|-heal|p2a: Vileplume|49/100|[from] drain|[of] p1a: Rillaboom
|
|-heal|p1a: Rillaboom|55/100|[from] Grassy Terrain
|-heal|p2a: Vileplume|56/100|[from] Grassy Terrain
|upkeep
|turn|3
|
|t:|1760416463
|switch|p1a: Moltres|Moltres|100/100
|move|p2a: Vileplume|Giga Drain|p1a: Moltres
|-resisted|p1a: Moltres
|-damage|p1a: Moltres|91/100
|-heal|p2a: Vileplume|61/100|[from] drain|[of] p1a: Moltres
|
|-heal|p2a: Vileplume|67/100|[from] Grassy Terrain
|upkeep
|turn|4
|
|t:|1760416471
|switch|p2a: Chansey|Chansey, F|100/100
|move|p1a: Moltres|Will-O-Wisp|p2a: Chansey|[miss]
|-miss|p1a: Moltres|p2a: Chansey
|
|upkeep
|turn|5
|
|t:|1760416477
|move|p1a: Moltres|U-turn|p2a: Chansey
|-crit|p2a: Chansey
|-damage|p2a: Chansey|86/100
|
|t:|1760416480
|switch|p1a: Great Tusk|Great Tusk|100/100|[from] U-turn
|move|p2a: Chansey|Stealth Rock|p1a: Great Tusk
|-sidestart|p1: karuaan|move: Stealth Rock
|
|-heal|p2a: Chansey|92/100|[from] Grassy Terrain
|-fieldend|move: Grassy Terrain
|upkeep
|turn|6
|
|t:|1760416487
|switch|p2a: Moltres|Moltres|61/100
|move|p1a: Great Tusk|Rapid Spin|p2a: Moltres
|-damage|p2a: Moltres|49/100
|-boost|p1a: Great Tusk|spe|1
|-status|p1a: Great Tusk|brn|[from] ability: Flame Body|[of] p2a: Moltres
|-sideend|p1: karuaan|Stealth Rock|[from] move: Rapid Spin|[of] p1a: Great Tusk
|
|-damage|p1a: Great Tusk|94/100 brn|[from] brn
|upkeep
|turn|7
|
|t:|1760416502
|-end|p1a: Great Tusk|Protosynthesis|[silent]
|switch|p1a: Primarina|Primarina, M|100/100
|move|p2a: Moltres|Roost|p2a: Moltres
|-heal|p2a: Moltres|99/100
|-singleturn|p2a: Moltres|move: Roost
|
|upkeep
|turn|8
|
|t:|1760416510
|switch|p2a: Chansey|Chansey, F|92/100
|move|p1a: Primarina|Surf|p2a: Chansey
|-crit|p2a: Chansey
|-damage|p2a: Chansey|70/100
|
|upkeep
|turn|9
|
|t:|1760416517
|switch|p1a: Great Tusk|Great Tusk|94/100 brn
|move|p2a: Chansey|Stealth Rock|p1a: Great Tusk
|-sidestart|p1: karuaan|move: Stealth Rock
|
|-damage|p1a: Great Tusk|88/100 brn|[from] brn
|upkeep
|turn|10
|
|t:|1760416523
|switch|p2a: Moltres|Moltres|99/100
|move|p1a: Great Tusk|Rapid Spin|p2a: Moltres
|-damage|p2a: Moltres|93/100
|-boost|p1a: Great Tusk|spe|1
|-sideend|p1: karuaan|Stealth Rock|[from] move: Rapid Spin|[of] p1a: Great Tusk
|
|-damage|p1a: Great Tusk|82/100 brn|[from] brn
|upkeep
|turn|11
|
|t:|1760416534
|-end|p1a: Great Tusk|Protosynthesis|[silent]
|switch|p1a: Raging Bolt|Raging Bolt|100/100
|-enditem|p1a: Raging Bolt|Booster Energy
|-activate|p1a: Raging Bolt|ability: Protosynthesis|[fromitem]
|-start|p1a: Raging Bolt|protosynthesisspa
|move|p2a: Moltres|Flamethrower|p1a: Raging Bolt
|-resisted|p1a: Raging Bolt
|-damage|p1a: Raging Bolt|82/100
|
|upkeep
|turn|12
|
|t:|1760416552
|switch|p2a: Sandslash|Sandslash, F|100/100
|move|p1a: Raging Bolt|Calm Mind|p1a: Raging Bolt
|-boost|p1a: Raging Bolt|spa|1
|-boost|p1a: Raging Bolt|spd|1
|
|upkeep
|turn|13
|
|t:|1760416562
|switch|p2a: Clefable|Clefable, M|100/100
|move|p1a: Raging Bolt|Dragon Pulse|p2a: Clefable
|-immune|p2a: Clefable
|
|upkeep
|turn|14
|
|t:|1760416576
|move|p1a: Raging Bolt|Thunderbolt|p2a: Clefable
|-damage|p2a: Clefable|40/100
|move|p2a: Clefable|Moonblast|p1a: Raging Bolt
|-supereffective|p1a: Raging Bolt
|-damage|p1a: Raging Bolt|26/100
|
|-heal|p2a: Clefable|46/100|[from] item: Leftovers
|upkeep
|turn|15
|
|t:|1760416587
|switch|p2a: Chansey|Chansey, F|70/100
|move|p1a: Raging Bolt|Thunderclap||[still]
|-fail|p1a: Raging Bolt
|
|upkeep
|turn|16
|
|t:|1760416598
|move|p1a: Raging Bolt|Thunderbolt|p2a: Chansey
|-damage|p2a: Chansey|41/100
|move|p2a: Chansey|Seismic Toss|p1a: Raging Bolt
|-damage|p1a: Raging Bolt|0 fnt
|faint|p1a: Raging Bolt
|-end|p1a: Raging Bolt|Protosynthesis|[silent]
|
|upkeep
|
|t:|1760416605
|switch|p1a: Primarina|Primarina, M|100/100
|turn|17
|
|t:|1760416612
|move|p1a: Primarina|Psychic Noise|p2a: Chansey
|-damage|p2a: Chansey|33/100
|-start|p2a: Chansey|move: Heal Block
|cant|p2a: Chansey|move: Heal Block|Soft-Boiled
|
|upkeep
|turn|18
|
|t:|1760416629
|move|p1a: Primarina|Moonblast|p2a: Chansey
|-damage|p2a: Chansey|18/100
|-unboost|p2a: Chansey|spa|1
|move|p2a: Chansey|Thunder Wave|p1a: Primarina
|-status|p1a: Primarina|par
|
|-end|p2a: Chansey|move: Heal Block
|upkeep
|turn|19
|
|t:|1760416637
|move|p2a: Chansey|Soft-Boiled|p2a: Chansey
|-heal|p2a: Chansey|68/100
|move|p1a: Primarina|Psychic Noise|p2a: Chansey
|-damage|p2a: Chansey|61/100
|-start|p2a: Chansey|move: Heal Block
|
|upkeep
|turn|20
|
|t:|1760416647
|switch|p1a: Rillaboom|Rillaboom, F|55/100
|-fieldstart|move: Grassy Terrain|[from] ability: Grassy Surge|[of] p1a: Rillaboom
|move|p2a: Chansey|Stealth Rock|p1a: Rillaboom
|-sidestart|p1: karuaan|move: Stealth Rock
|
|-heal|p1a: Rillaboom|61/100|[from] Grassy Terrain
|-end|p2a: Chansey|move: Heal Block
|upkeep
|turn|21
|
|t:|1760416660
|switch|p2a: Vileplume|Vileplume, M|67/100
|move|p1a: Rillaboom|Wood Hammer|p2a: Vileplume
|-resisted|p2a: Vileplume
|-damage|p2a: Vileplume|42/100
|-damage|p1a: Rillaboom|52/100|[from] Recoil
|
|-heal|p1a: Rillaboom|59/100|[from] Grassy Terrain
|-heal|p2a: Vileplume|48/100|[from] Grassy Terrain
|upkeep
|turn|22
|
|t:|1760416670
|switch|p1a: Moltres|Moltres|91/100
|move|p2a: Vileplume|Giga Drain|p1a: Moltres
|-resisted|p1a: Moltres
|-damage|p1a: Moltres|82/100
|-heal|p2a: Vileplume|53/100|[from] drain|[of] p1a: Moltres
|
|-heal|p2a: Vileplume|59/100|[from] Grassy Terrain
|upkeep
|turn|23
|
|t:|1760416680
|switch|p2a: Chansey|Chansey, F|61/100
|move|p1a: Moltres|Flamethrower|p2a: Chansey
|-damage|p2a: Chansey|51/100
|
|-heal|p2a: Chansey|57/100|[from] Grassy Terrain
|upkeep
|turn|24
|
|t:|1760416687
|move|p1a: Moltres|U-turn|p2a: Chansey
|-damage|p2a: Chansey|47/100
|
|t:|1760416693
|switch|p1a: Great Tusk|Great Tusk|82/100 brn|[from] U-turn
|move|p2a: Chansey|Seismic Toss|p1a: Great Tusk
|-damage|p1a: Great Tusk|55/100 brn
|
|-heal|p1a: Great Tusk|61/100 brn|[from] Grassy Terrain
|-heal|p2a: Chansey|53/100|[from] Grassy Terrain
|-damage|p1a: Great Tusk|55/100 brn|[from] brn
|-fieldend|move: Grassy Terrain
|upkeep
|turn|25
|
|t:|1760416705
|switch|p2a: Moltres|Moltres|93/100
|move|p1a: Great Tusk|Rapid Spin|p2a: Moltres
|-damage|p2a: Moltres|87/100
|-boost|p1a: Great Tusk|spe|1
|-sideend|p1: karuaan|Stealth Rock|[from] move: Rapid Spin|[of] p1a: Great Tusk
|
|-damage|p1a: Great Tusk|49/100 brn|[from] brn
|upkeep
|turn|26
|
|t:|1760416720
|move|p1a: Great Tusk|Close Combat|p2a: Moltres
|-resisted|p2a: Moltres
|-damage|p2a: Moltres|77/100
|-unboost|p1a: Great Tusk|def|1
|-unboost|p1a: Great Tusk|spd|1
|move|p2a: Moltres|Flamethrower|p1a: Great Tusk
|-damage|p1a: Great Tusk|0 fnt
|faint|p1a: Great Tusk
|-end|p1a: Great Tusk|Protosynthesis|[silent]
|
|upkeep
|-message|karuaan forfeited.
|
|win|mightynoctowl
|raw|karuaan's rating: 1198 &rarr; <strong>1172</strong><br />(-26 for losing)
|raw|mightynoctowl's rating: 1191 &rarr; <strong>1217</strong><br />(+26 for winning)
|l|☆karuaan
|player|p1|
|l|☆mightynoctowl
|player|p2|
