|j|☆Shaymas
|j|‽pikachulover32
|t:|1760429677
|gametype|singles
|player|p1|Shaymas|rancher|1468
|player|p2|pikachulover32|brendan|1479
|gen|9
|tier|[Gen 9] OU
|rated|
|rule|HP Percentage Mod: HP is shown in percentages
|rule|Endless Battle Clause: Forcing endless battles is banned
|rule|Species Clause: Limit one of each Pokémon
|rule|OHKO Clause: OHKO moves are banned
|rule|Evasion Items Clause: Evasion items are banned
|rule|Evasion Moves Clause: Evasion moves are banned
|rule|Evasion Abilities Clause: Evasion abilities are banned
|rule|Sleep Moves Clause: Sleep-inducing moves are banned
|clearpoke
|poke|p1|Tyranitar, F|
|poke|p1|Excadrill, M|
|poke|p1|Kingambit, M|
|poke|p1|Garchomp, F|
|poke|p1|Pecharunt|
|poke|p1|Rotom-Wash|
|poke|p2|Weezing-Galar, M|
|poke|p2|Iron Treads|
|poke|p2|Samurott-Hisui, M|
|poke|p2|Slowking-Galar, F|
|poke|p2|Garchomp, M|
|poke|p2|Zapdos|
|teampreview
|inactive|Battle timer is ON: inactive players will automatically lose when time's up. (requested by pikachulover32)
|
|t:|1760429697
|teamsize|p1|6
|teamsize|p2|6
|start
|switch|p1a: Rotom|Rotom-Wash|100/100
|switch|p2a: Slowking|Slowking-Galar, F, shiny|100/100
|turn|1
|
|t:|1760429718
|move|p1a: Rotom|Volt Switch|p2a: Slowking
|-crit|p2a: Slowking
|-damage|p2a: Slowking|80/100
|
|t:|1760429721
|switch|p1a: Tyranitar|Tyranitar, F|100/100|[from] Volt Switch
|-weather|Sandstorm|[from] ability: Sand Stream|[of] p1a: Tyranitar
|move|p2a: Slowking|Sludge Bomb|p1a: Tyranitar
|-resisted|p1a: Tyranitar
|-damage|p1a: Tyranitar|91/100
|
|-weather|Sandstorm|[upkeep]
|-damage|p2a: Slowking|74/100|[from] Sandstorm
|upkeep
|turn|2
|
|t:|1760429740
|switch|p2a: Garchomp|Garchomp, M|100/100
|move|p1a: Tyranitar|Knock Off|p2a: Garchomp
|-damage|p2a: Garchomp|75/100
|-damage|p1a: Tyranitar|78/100|[from] ability: Rough Skin|[of] p2a: Garchomp
|-damage|p1a: Tyranitar|62/100|[from] item: Rocky Helmet|[of] p2a: Garchomp
|-enditem|p2a: Garchomp|Rocky Helmet|[from] move: Knock Off|[of] p1a: Tyranitar
|
|-weather|Sandstorm|[upkeep]
|upkeep
|turn|3
|
|t:|1760429753
|move|p2a: Garchomp|Stealth Rock|p1a: Tyranitar
|-sidestart|p1: Shaymas|move: Stealth Rock
|move|p1a: Tyranitar|Ice Beam|p2a: Garchomp
|-supereffective|p2a: Garchomp
|-damage|p2a: Garchomp|0 fnt
|faint|p2a: Garchomp
|
|-weather|Sandstorm|[upkeep]
|upkeep
|
|t:|1760429762
|switch|p2a: Samurott|Samurott-Hisui, M, shiny|100/100
|turn|4
|
|t:|1760429766
|switch|p1a: Rotom|Rotom-Wash|100/100
|-damage|p1a: Rotom|88/100|[from] Stealth Rock
|move|p2a: Samurott|Aqua Cutter|p1a: Rotom
|-resisted|p1a: Rotom
|-damage|p1a: Rotom|67/100
|
|-weather|Sandstorm|[upkeep]
|-damage|p2a: Samurott|94/100|[from] Sandstorm
|-damage|p1a: Rotom|61/100|[from] Sandstorm
|-heal|p1a: Rotom|67/100|[from] item: Leftovers
|upkeep
|turn|5
|
|t:|1760429779
|switch|p2a: Slowking|Slowking-Galar, F, shiny|100/100
|move|p1a: Rotom|Will-O-Wisp|p2a: Slowking
|-status|p2a: Slowking|brn
|
|-weather|Sandstorm|[upkeep]
|-damage|p1a: Rotom|61/100|[from] Sandstorm
|-damage|p2a: Slowking|94/100 brn|[from] Sandstorm
|-heal|p1a: Rotom|67/100|[from] item: Leftovers
|-damage|p2a: Slowking|88/100 brn|[from] brn
|upkeep
|turn|6
|
|t:|1760429790
|move|p1a: Rotom|Pain Split|p2a: Slowking
|-sethp|p2a: Slowking|70/100 brn|[from] move: Pain Split|[silent]
|-sethp|p1a: Rotom|90/100|[from] move: Pain Split
|move|p2a: Slowking|Surf|p1a: Rotom
|-resisted|p1a: Rotom
|-damage|p1a: Rotom|74/100
|
|-weather|Sandstorm|[upkeep]
|-damage|p1a: Rotom|67/100|[from] Sandstorm
|-damage|p2a: Slowking|64/100 brn|[from] Sandstorm
|-heal|p1a: Rotom|74/100|[from] item: Leftovers
|-damage|p2a: Slowking|58/100 brn|[from] brn
|upkeep
|turn|7
|
|t:|1760429803
|move|p1a: Rotom|Volt Switch|p2a: Slowking
|-damage|p2a: Slowking|44/100 brn
|
|t:|1760429806
|switch|p1a: Excadrill|Excadrill, M|100/100|[from] Volt Switch
|-damage|p1a: Excadrill|97/100|[from] Stealth Rock
|move|p2a: Slowking|Sludge Bomb|p1a: Excadrill
|-immune|p1a: Excadrill
|
|-weather|Sandstorm|[upkeep]
|-damage|p2a: Slowking|38/100 brn|[from] Sandstorm
|-damage|p2a: Slowking|32/100 brn|[from] brn
|upkeep
|turn|8
|
|t:|1760429820
|switch|p2a: Weezing|Weezing-Galar, M|100/100
|move|p1a: Excadrill|Rapid Spin|p2a: Weezing
|-damage|p2a: Weezing|85/100
|-boost|p1a: Excadrill|spe|1
|-damage|p1a: Excadrill|81/100|[from] item: Rocky Helmet|[of] p2a: Weezing
|-sideend|p1: Shaymas|Stealth Rock|[from] move: Rapid Spin|[of] p1a: Excadrill
|-damage|p1a: Excadrill|71/100|[from] item: Life Orb
|
|-weather|none
|upkeep
|turn|9
|
|t:|1760429831
|move|p1a: Excadrill|Earthquake|p2a: Weezing
|-immune|p2a: Weezing|[from] ability: Levitate
|move|p2a: Weezing|Will-O-Wisp|p1a: Excadrill
|-status|p1a: Excadrill|brn
|
|-damage|p1a: Excadrill|65/100 brn|[from] brn
|upkeep
|turn|10
|
|t:|1760429841
|move|p1a: Excadrill|Swords Dance|p1a: Excadrill
|-boost|p1a: Excadrill|atk|2
|move|p2a: Weezing|Will-O-Wisp|p1a: Excadrill
|-fail|p1a: Excadrill|brn
|
|-damage|p1a: Excadrill|59/100 brn|[from] brn
|upkeep
|turn|11
|
|t:|1760429850
|switch|p2a: Zapdos|Zapdos, shiny|100/100
|move|p1a: Excadrill|Swords Dance|p1a: Excadrill
|-boost|p1a: Excadrill|atk|2
|
|-damage|p1a: Excadrill|53/100 brn|[from] brn
|upkeep
|turn|12
|
|t:|1760429858
|move|p1a: Excadrill|Rock Slide|p2a: Zapdos
|-supereffective|p2a: Zapdos
|-damage|p2a: Zapdos|1/100
|-damage|p1a: Excadrill|43/100 brn|[from] item: Life Orb
|move|p2a: Zapdos|Heat Wave|p1a: Excadrill
|-supereffective|p1a: Excadrill
|-crit|p1a: Excadrill
|-damage|p1a: Excadrill|0 fnt
|faint|p1a: Excadrill
|
|upkeep
|
|t:|1760429865
|switch|p1a: Garchomp|Garchomp, F|100/100
|turn|13
|
|t:|1760429871
|move|p1a: Garchomp|Scale Shot|p2a: Zapdos|[miss]
|-miss|p1a: Garchomp|p2a: Zapdos
|move|p2a: Zapdos|Hurricane|p1a: Garchomp
|-damage|p1a: Garchomp|34/100
|-start|p1a: Garchomp|confusion
|
|upkeep
|turn|14
|
|t:|1760429879
|switch|p2a: Weezing|Weezing-Galar, M|85/100
|-activate|p1a: Garchomp|confusion
|move|p1a: Garchomp|Scale Shot|p2a: Weezing
|-immune|p2a: Weezing
|
|upkeep
|turn|15
|
|t:|1760429886
|-terastallize|p1a: Garchomp|Fire
|-activate|p1a: Garchomp|confusion
|move|p1a: Garchomp|Swords Dance|p1a: Garchomp
|-boost|p1a: Garchomp|atk|2
|move|p2a: Weezing|Will-O-Wisp|p1a: Garchomp
|-immune|p1a: Garchomp
|
|upkeep
|turn|16
|
|t:|1760429896
|-activate|p1a: Garchomp|confusion
|move|p1a: Garchomp|Swords Dance|p1a: Garchomp
|-boost|p1a: Garchomp|atk|2
|move|p2a: Weezing|Clear Smog|p1a: Garchomp
|-damage|p1a: Garchomp|19/100
|-clearboost|p1a: Garchomp
|
|upkeep
|turn|17
|
|t:|1760429905
|-end|p1a: Garchomp|confusion
|move|p1a: Garchomp|Fire Fang|p2a: Weezing
|-damage|p2a: Weezing|63/100
|-status|p2a: Weezing|brn
|-damage|p1a: Garchomp|2/100|[from] item: Rocky Helmet|[of] p2a: Weezing
|move|p2a: Weezing|Clear Smog|p1a: Garchomp
|-damage|p1a: Garchomp|0 fnt
|-clearboost|p1a: Garchomp
|faint|p1a: Garchomp
|
|-damage|p2a: Weezing|57/100 brn|[from] brn
|upkeep
|
|t:|1760429913
|switch|p1a: Rotom|Rotom-Wash|74/100
|turn|18
|
|t:|1760429926
|switch|p2a: Slowking|Slowking-Galar, F, shiny|65/100 brn
|move|p1a: Rotom|Hydro Pump|p2a: Slowking
|-damage|p2a: Slowking|43/100 brn
|
|-heal|p1a: Rotom|80/100|[from] item: Leftovers
|-damage|p2a: Slowking|37/100 brn|[from] brn
|upkeep
|turn|19
|
|t:|1760429936
|move|p1a: Rotom|Hydro Pump|p2a: Slowking
|-damage|p2a: Slowking|15/100 brn
|move|p2a: Slowking|Surf|p1a: Rotom
|-resisted|p1a: Rotom
|-damage|p1a: Rotom|65/100
|
|-heal|p1a: Rotom|71/100|[from] item: Leftovers
|-damage|p2a: Slowking|8/100 brn|[from] brn
|upkeep
|turn|20
|
|t:|1760429947
|move|p1a: Rotom|Hydro Pump|p2a: Slowking
|-damage|p2a: Slowking|0 fnt
|faint|p2a: Slowking
|
|-heal|p1a: Rotom|77/100|[from] item: Leftovers
|upkeep
|
|t:|1760429954
|switch|p2a: Zapdos|Zapdos, shiny|1/100
|turn|21
|
|t:|1760429958
|move|p2a: Zapdos|Roost|p2a: Zapdos
|-heal|p2a: Zapdos|51/100
|-singleturn|p2a: Zapdos|move: Roost
|move|p1a: Rotom|Volt Switch|p2a: Zapdos
|-resisted|p2a: Zapdos
|-damage|p2a: Zapdos|37/100
|
|t:|1760429963
|switch|p1a: Tyranitar|Tyranitar, F|62/100|[from] Volt Switch
|-weather|Sandstorm|[from] ability: Sand Stream|[of] p1a: Tyranitar
|
|-weather|Sandstorm|[upkeep]
|-damage|p2a: Zapdos|31/100|[from] Sandstorm
|upkeep
|turn|22
|
|t:|1760429972
|move|p2a: Zapdos|Volt Switch|p1a: Tyranitar
|-damage|p1a: Tyranitar|46/100
|
|t:|1760429977
|switch|p2a: Weezing|Weezing-Galar, M|57/100 brn|[from] Volt Switch
|move|p1a: Tyranitar|Knock Off|p2a: Weezing
|-resisted|p2a: Weezing
|-damage|p2a: Weezing|43/100 brn
|-damage|p1a: Tyranitar|29/100|[from] item: Rocky Helmet|[of] p2a: Weezing
|-enditem|p2a: Weezing|Rocky Helmet|[from] move: Knock Off|[of] p1a: Tyranitar
|
|-weather|Sandstorm|[upkeep]
|-damage|p2a: Weezing|37/100 brn|[from] Sandstorm
|-damage|p2a: Weezing|31/100 brn|[from] brn
|upkeep
|turn|23
|
|t:|1760429989
|move|p2a: Weezing|Will-O-Wisp|p1a: Tyranitar|[miss]
|-miss|p2a: Weezing|p1a: Tyranitar
|move|p1a: Tyranitar|Ice Beam|p2a: Weezing
|-damage|p2a: Weezing|3/100 brn
|
|-weather|Sandstorm|[upkeep]
|-damage|p2a: Weezing|0 fnt|[from] Sandstorm
|faint|p2a: Weezing
|upkeep
|
|t:|1760430001
|switch|p2a: Samurott|Samurott-Hisui, M, shiny|94/100
|turn|24
|
|t:|1760430013
|switch|p1a: Rotom|Rotom-Wash|77/100
|move|p2a: Samurott|Ceaseless Edge|p1a: Rotom
|-damage|p1a: Rotom|41/100
|-sidestart|p1: Shaymas|Spikes
|
|-weather|Sandstorm|[upkeep]
|-damage|p2a: Samurott|88/100|[from] Sandstorm
|-damage|p1a: Rotom|34/100|[from] Sandstorm
|-heal|p1a: Rotom|41/100|[from] item: Leftovers
|upkeep
|turn|25
|
|t:|1760430024
|-terastallize|p2a: Samurott|Dark
|move|p2a: Samurott|Ceaseless Edge|p1a: Rotom
|-damage|p1a: Rotom|0 fnt
|-sidestart|p1: Shaymas|Spikes
|faint|p1a: Rotom
|
|-weather|Sandstorm|[upkeep]
|-damage|p2a: Samurott|82/100|[from] Sandstorm
|upkeep
|
|t:|1760430033
|switch|p1a: Kingambit|Kingambit, M|100/100
|-damage|p1a: Kingambit|84/100|[from] Spikes
|-activate|p1a: Kingambit|ability: Supreme Overlord
|-start|p1a: Kingambit|fallen3|[silent]
|turn|26
|
|t:|1760430042
|move|p2a: Samurott|Aqua Cutter|p1a: Kingambit
|-damage|p1a: Kingambit|43/100
|move|p1a: Kingambit|Swords Dance|p1a: Kingambit
|-boost|p1a: Kingambit|atk|2
|
|-weather|Sandstorm|[upkeep]
|-damage|p2a: Samurott|76/100|[from] Sandstorm
|upkeep
|turn|27
|
|t:|1760430062
|move|p1a: Kingambit|Sucker Punch|p2a: Samurott
|-resisted|p2a: Samurott
|-damage|p2a: Samurott|0 fnt
|faint|p2a: Samurott
|
|-weather|Sandstorm|[upkeep]
|upkeep
|
|t:|1760430068
|switch|p2a: Zapdos|Zapdos, shiny|31/100
|turn|28
|
|t:|1760430078
|move|p2a: Zapdos|Heat Wave|p1a: Kingambit
|-supereffective|p1a: Kingambit
|-crit|p1a: Kingambit
|-damage|p1a: Kingambit|0 fnt
|faint|p1a: Kingambit
|-end|p1a: Kingambit|fallen3|[silent]
|
|-weather|none
|upkeep
|
|t:|1760430086
|switch|p1a: Tyranitar|Tyranitar, F|29/100
|-damage|p1a: Tyranitar|13/100|[from] Spikes
|-weather|Sandstorm|[from] ability: Sand Stream|[of] p1a: Tyranitar
|turn|29
|
|t:|1760430093
|move|p2a: Zapdos|Volt Switch|p1a: Tyranitar
|-damage|p1a: Tyranitar|0 fnt
|faint|p1a: Tyranitar
|
|t:|1760430097
|switch|p2a: Iron Treads|Iron Treads, shiny|100/100|[from] Volt Switch
|
|-weather|Sandstorm|[upkeep]
|upkeep
|
|t:|1760430099
|switch|p1a: Pecharunt|Pecharunt|100/100
|-item|p1a: Pecharunt|Air Balloon
|turn|30
|
|t:|1760430107
|move|p2a: Iron Treads|Iron Head|p1a: Pecharunt
|-damage|p1a: Pecharunt|82/100
|-enditem|p1a: Pecharunt|Air Balloon
|move|p1a: Pecharunt|Shadow Ball|p2a: Iron Treads
|-damage|p2a: Iron Treads|79/100
|
|-weather|Sandstorm|[upkeep]
|-damage|p1a: Pecharunt|76/100|[from] Sandstorm
|upkeep
|turn|31
|-message|Shaymas forfeited.
|
|win|pikachulover32
|raw|Shaymas's rating: 1468 &rarr; <strong>1449</strong><br />(-19 for losing)
|raw|pikachulover32's rating: 1479 &rarr; <strong>1498</strong><br />(+19 for winning)
|l|☆Shaymas
|player|p1|
|l|‽pikachulover32
|player|p2|
