|j|☆agtsaucisse
|j|☆Ayayaphone
|t:|1760443361
|gametype|singles
|player|p1|agtsaucisse|blaine|1306
|player|p2|Ayayaphone|2|1278
|gen|9
|tier|[Gen 9] OU
|rated|
|rule|HP Percentage Mod: HP is shown in percentages
|rule|Endless Battle Clause: Forcing endless battles is banned
|rule|Species Clause: Limit one of each Pokémon
|rule|OHKO Clause: OHKO moves are banned
|rule|Evasion Items Clause: Evasion items are banned
|rule|Evasion Moves Clause: Evasion moves are banned
|rule|Evasion Abilities Clause: Evasion abilities are banned
|rule|Sleep Moves Clause: Sleep-inducing moves are banned
|clearpoke
|poke|p1|Armarouge, M|
|poke|p1|Deoxys-Speed|
|poke|p1|Sceptile, F|
|poke|p1|Indeedee, M|
|poke|p1|Hawlucha, F|
|poke|p1|Great Tusk|
|poke|p2|Tinkaton, F|
|poke|p2|Gallade, M|
|poke|p2|Zapdos|
|poke|p2|Serperior, F|
|poke|p2|Tentacruel, M|
|poke|p2|Gliscor, M|
|teampreview
|inactive|Battle timer is ON: inactive players will automatically lose when time's up. (requested by Ayayaphone)
|
|t:|1760443376
|teamsize|p1|6
|teamsize|p2|6
|start
|switch|p1a: Great Tusk|Great Tusk|100/100
|switch|p2a: Tinkaton|Tinkaton, F|100/100
|-ability|p2a: Tinkaton|Mold Breaker
|-enditem|p1a: Great Tusk|Booster Energy
|-activate|p1a: Great Tusk|ability: Protosynthesis|[fromitem]
|-start|p1a: Great Tusk|protosynthesisspe
|turn|1
|
|t:|1760443398
|switch|p2a: Zapdos|Zapdos|100/100
|move|p1a: Great Tusk|Taunt|p2a: Zapdos
|-start|p2a: Zapdos|move: Taunt
|
|upkeep
|turn|2
|
|t:|1760443411
|-terastallize|p1a: Great Tusk|Steel
|move|p1a: Great Tusk|Head Smash|p2a: Zapdos|[miss]
|-miss|p1a: Great Tusk|p2a: Zapdos
|move|p2a: Zapdos|Hurricane|p1a: Great Tusk
|-resisted|p1a: Great Tusk
|-damage|p1a: Great Tusk|72/100
|
|upkeep
|turn|3
|
|t:|1760443417
|move|p1a: Great Tusk|Head Smash|p2a: Zapdos
|-supereffective|p2a: Zapdos
|-damage|p2a: Zapdos|35/100
|-damage|p1a: Great Tusk|43/100|[from] Recoil
|move|p2a: Zapdos|Hurricane|p1a: Great Tusk|[miss]
|-miss|p2a: Zapdos|p1a: Great Tusk
|
|-end|p2a: Zapdos|move: Taunt
|upkeep
|turn|4
|
|t:|1760443426
|switch|p2a: Gliscor|Gliscor, M|100/100
|move|p1a: Great Tusk|Head Smash|p2a: Gliscor
|-damage|p2a: Gliscor|75/100
|-damage|p1a: Great Tusk|33/100|[from] Recoil
|
|-status|p2a: Gliscor|tox|[from] item: Toxic Orb
|upkeep
|turn|5
|
|t:|1760443430
|move|p2a: Gliscor|Protect|p2a: Gliscor
|-singleturn|p2a: Gliscor|Protect
|move|p1a: Great Tusk|Taunt|p2a: Gliscor
|-activate|p2a: Gliscor|move: Protect
|
|-heal|p2a: Gliscor|87/100 tox|[from] ability: Poison Heal
|upkeep
|turn|6
|
|t:|1760443441
|move|p1a: Great Tusk|Taunt|p2a: Gliscor
|-start|p2a: Gliscor|move: Taunt
|move|p2a: Gliscor|Earthquake|p1a: Great Tusk
|-supereffective|p1a: Great Tusk
|-damage|p1a: Great Tusk|0 fnt
|faint|p1a: Great Tusk
|-end|p1a: Great Tusk|Protosynthesis|[silent]
|
|-heal|p2a: Gliscor|99/100 tox|[from] ability: Poison Heal
|upkeep
|inactive|agtsaucisse has 120 seconds left.
|
|t:|1760443476
|switch|p1a: Indeedee|Indeedee, M|100/100
|-fieldstart|move: Psychic Terrain|[from] ability: Psychic Surge|[of] p1a: Indeedee
|turn|7
|
|t:|1760443483
|move|p2a: Gliscor|U-turn|p1a: Indeedee
|-supereffective|p1a: Indeedee
|-damage|p1a: Indeedee|63/100
|
|t:|1760443487
|switch|p2a: Tinkaton|Tinkaton, F|100/100|[from] U-turn
|-ability|p2a: Tinkaton|Mold Breaker
|move|p1a: Indeedee|Expanding Force|p2a: Tinkaton
|-resisted|p2a: Tinkaton
|-crit|p2a: Tinkaton
|-damage|p2a: Tinkaton|68/100
|
|-heal|p2a: Tinkaton|74/100|[from] item: Leftovers
|upkeep
|turn|8
|inactive|agtsaucisse has 120 seconds left.
|
|t:|1760443509
|move|p2a: Tinkaton|Stealth Rock|p1a: Indeedee
|-sidestart|p1: agtsaucisse|move: Stealth Rock
|move|p1a: Indeedee|Encore|p2a: Tinkaton
|-start|p2a: Tinkaton|Encore
|
|-heal|p2a: Tinkaton|80/100|[from] item: Leftovers
|upkeep
|turn|9
|
|t:|1760443519
|switch|p2a: Gliscor|Gliscor, M|99/100 tox
|switch|p1a: Hawlucha|Hawlucha, F|100/100
|-damage|p1a: Hawlucha|88/100|[from] Stealth Rock
|-enditem|p1a: Hawlucha|Psychic Seed
|-boost|p1a: Hawlucha|spd|1|[from] item: Psychic Seed
|
|-heal|p2a: Gliscor|100/100 tox|[from] ability: Poison Heal
|upkeep
|turn|10
|
|t:|1760443524
|move|p1a: Hawlucha|Swords Dance|p1a: Hawlucha
|-boost|p1a: Hawlucha|atk|2
|move|p2a: Gliscor|U-turn|p1a: Hawlucha
|-resisted|p1a: Hawlucha
|-damage|p1a: Hawlucha|83/100
|
|t:|1760443529
|switch|p2a: Zapdos|Zapdos|35/100|[from] U-turn
|
|upkeep
|turn|11
|inactive|agtsaucisse has 120 seconds left.
|
|t:|1760443557
|move|p1a: Hawlucha|Close Combat|p2a: Zapdos
|-resisted|p2a: Zapdos
|-damage|p2a: Zapdos|0 fnt
|-unboost|p1a: Hawlucha|def|1
|-unboost|p1a: Hawlucha|spd|1
|faint|p2a: Zapdos
|
|upkeep
|
|t:|1760443575
|switch|p2a: Tinkaton|Tinkaton, F|80/100
|-ability|p2a: Tinkaton|Mold Breaker
|turn|12
|
|t:|1760443580
|-terastallize|p2a: Tinkaton|Fairy
|move|p1a: Hawlucha|Close Combat|p2a: Tinkaton
|-resisted|p2a: Tinkaton
|-damage|p2a: Tinkaton|14/100
|-unboost|p1a: Hawlucha|def|1
|-unboost|p1a: Hawlucha|spd|1
|move|p2a: Tinkaton|Thunder Wave|p1a: Hawlucha
|-status|p1a: Hawlucha|par
|
|-heal|p2a: Tinkaton|20/100|[from] item: Leftovers
|upkeep
|turn|13
|
|t:|1760443589
|move|p2a: Tinkaton|Gigaton Hammer|p1a: Hawlucha
|-damage|p1a: Hawlucha|0 fnt
|faint|p1a: Hawlucha
|
|-heal|p2a: Tinkaton|26/100|[from] item: Leftovers
|upkeep
|inactive|agtsaucisse has 120 seconds left.
|
|t:|1760443613
|switch|p1a: Sceptile|Sceptile, F|100/100
|-damage|p1a: Sceptile|88/100|[from] Stealth Rock
|-enditem|p1a: Sceptile|Psychic Seed
|-boost|p1a: Sceptile|spd|1|[from] item: Psychic Seed
|turn|14
|
|t:|1760443618
|move|p1a: Sceptile|Swords Dance|p1a: Sceptile
|-boost|p1a: Sceptile|atk|2
|move|p2a: Tinkaton|Thunder Wave|p1a: Sceptile
|-status|p1a: Sceptile|par
|
|-heal|p2a: Tinkaton|32/100|[from] item: Leftovers
|-fieldend|move: Psychic Terrain
|upkeep
|turn|15
|
|t:|1760443624
|move|p2a: Tinkaton|Knock Off|p1a: Sceptile
|-damage|p1a: Sceptile|71/100 par
|move|p1a: Sceptile|Earthquake|p2a: Tinkaton
|-damage|p2a: Tinkaton|0 fnt
|faint|p2a: Tinkaton
|
|upkeep
|
|t:|1760443630
|switch|p2a: Gliscor|Gliscor, M|100/100 tox
|turn|16
|
|t:|1760443634
|move|p1a: Sceptile|Leaf Blade|p2a: Gliscor
|-damage|p2a: Gliscor|50/100 tox
|move|p2a: Gliscor|U-turn|p1a: Sceptile
|-supereffective|p1a: Sceptile
|-damage|p1a: Sceptile|30/100 par
|
|t:|1760443641
|switch|p2a: Serperior|Serperior, F|100/100|[from] U-turn
|
|upkeep
|turn|17
|
|t:|1760443650
|switch|p1a: Indeedee|Indeedee, M|63/100
|-damage|p1a: Indeedee|51/100|[from] Stealth Rock
|-fieldstart|move: Psychic Terrain|[from] ability: Psychic Surge|[of] p1a: Indeedee
|move|p2a: Serperior|Leaf Storm|p1a: Indeedee
|-damage|p1a: Indeedee|11/100
|-boost|p2a: Serperior|spa|2
|
|upkeep
|turn|18
|
|t:|1760443659
|move|p2a: Serperior|Substitute|p2a: Serperior
|-start|p2a: Serperior|Substitute
|-damage|p2a: Serperior|76/100
|move|p1a: Indeedee|Healing Wish|p1a: Indeedee
|faint|p1a: Indeedee
|
|-heal|p2a: Serperior|82/100|[from] item: Leftovers
|upkeep
|
|t:|1760443675
|switch|p1a: Armarouge|Armarouge, M|100/100
|-damage|p1a: Armarouge|76/100|[from] Stealth Rock
|turn|19
|
|t:|1760443689
|move|p2a: Serperior|Glare|p1a: Armarouge
|-status|p1a: Armarouge|par
|move|p1a: Armarouge|Expanding Force|p2a: Serperior
|-end|p2a: Serperior|Substitute
|-damage|p1a: Armarouge|66/100 par|[from] item: Life Orb
|
|-heal|p2a: Serperior|88/100|[from] item: Leftovers
|upkeep
|turn|20
|
|t:|1760443696
|move|p2a: Serperior|Substitute|p2a: Serperior
|-start|p2a: Serperior|Substitute
|-damage|p2a: Serperior|63/100
|move|p1a: Armarouge|Expanding Force|p2a: Serperior
|-end|p2a: Serperior|Substitute
|-damage|p1a: Armarouge|56/100 par|[from] item: Life Orb
|
|-heal|p2a: Serperior|69/100|[from] item: Leftovers
|upkeep
|turn|21
|
|t:|1760443700
|move|p2a: Serperior|Substitute|p2a: Serperior
|-start|p2a: Serperior|Substitute
|-damage|p2a: Serperior|45/100
|move|p1a: Armarouge|Expanding Force|p2a: Serperior
|-end|p2a: Serperior|Substitute
|-damage|p1a: Armarouge|46/100 par|[from] item: Life Orb
|
|-heal|p2a: Serperior|51/100|[from] item: Leftovers
|upkeep
|turn|22
|
|t:|1760443703
|move|p2a: Serperior|Substitute|p2a: Serperior
|-start|p2a: Serperior|Substitute
|-damage|p2a: Serperior|26/100
|move|p1a: Armarouge|Expanding Force|p2a: Serperior
|-end|p2a: Serperior|Substitute
|-damage|p1a: Armarouge|36/100 par|[from] item: Life Orb
|
|-heal|p2a: Serperior|32/100|[from] item: Leftovers
|upkeep
|turn|23
|
|t:|1760443714
|move|p2a: Serperior|Substitute|p2a: Serperior
|-start|p2a: Serperior|Substitute
|-damage|p2a: Serperior|7/100
|move|p1a: Armarouge|Expanding Force|p2a: Serperior
|-end|p2a: Serperior|Substitute
|-damage|p1a: Armarouge|26/100 par|[from] item: Life Orb
|
|-heal|p2a: Serperior|13/100|[from] item: Leftovers
|upkeep
|turn|24
|
|t:|1760443725
|move|p2a: Serperior|Leech Seed|p1a: Armarouge
|-start|p1a: Armarouge|move: Leech Seed
|move|p1a: Armarouge|Expanding Force|p2a: Serperior
|-damage|p2a: Serperior|0 fnt
|faint|p2a: Serperior
|-damage|p1a: Armarouge|16/100 par|[from] item: Life Orb
|
|-fieldend|move: Psychic Terrain
|upkeep
|inactive|Ayayaphone has 120 seconds left.
|
|t:|1760443755
|switch|p2a: Gliscor|Gliscor, M|50/100 tox
|turn|25
|inactive|Ayayaphone has 120 seconds left.
|
|t:|1760443762
|move|p2a: Gliscor|Protect|p2a: Gliscor
|-singleturn|p2a: Gliscor|Protect
|cant|p1a: Armarouge|par
|
|-damage|p1a: Armarouge|4/100 par|[from] Leech Seed|[of] p2a: Gliscor
|-heal|p2a: Gliscor|61/100 tox|[silent]
|-heal|p2a: Gliscor|73/100 tox|[from] ability: Poison Heal
|upkeep
|turn|26
|
|t:|1760443766
|move|p2a: Gliscor|Spikes|p1a: Armarouge
|-sidestart|p1: agtsaucisse|Spikes
|move|p1a: Armarouge|Armor Cannon|p2a: Gliscor
|-damage|p2a: Gliscor|0 fnt
|-unboost|p1a: Armarouge|def|1
|-unboost|p1a: Armarouge|spd|1
|faint|p2a: Gliscor
|-damage|p1a: Armarouge|0 fnt|[from] item: Life Orb
|faint|p1a: Armarouge
|
|upkeep
|
|t:|1760443781
|switch|p2a: Gallade|Gallade, M|100/100
|switch|p1a: Deoxys|Deoxys-Speed|100/100
|-damage|p1a: Deoxys|88/100|[from] Stealth Rock
|-damage|p1a: Deoxys|76/100|[from] Spikes
|-ability|p1a: Deoxys|Pressure
|turn|27
|
|t:|1760443790
|move|p1a: Deoxys|Expanding Force|p2a: Gallade
|-damage|p2a: Gallade|53/100
|-damage|p1a: Deoxys|66/100|[from] item: Life Orb
|move|p2a: Gallade|Psycho Cut|p1a: Deoxys
|-resisted|p1a: Deoxys
|-damage|p1a: Deoxys|19/100
|
|upkeep
|turn|28
|
|t:|1760443798
|move|p1a: Deoxys|Expanding Force|p2a: Gallade
|-damage|p2a: Gallade|6/100
|-damage|p1a: Deoxys|9/100|[from] item: Life Orb
|move|p2a: Gallade|Psycho Cut|p1a: Deoxys
|-resisted|p1a: Deoxys
|-crit|p1a: Deoxys
|-damage|p1a: Deoxys|0 fnt
|faint|p1a: Deoxys
|
|upkeep
|
|t:|1760443804
|switch|p1a: Sceptile|Sceptile, F|30/100 par
|-heal|p1a: Sceptile|100/100|[from] move: Healing Wish
|-damage|p1a: Sceptile|88/100|[from] Stealth Rock
|-damage|p1a: Sceptile|75/100|[from] Spikes
|turn|29
|
|t:|1760443813
|move|p1a: Sceptile|Earthquake|p2a: Gallade
|-damage|p2a: Gallade|0 fnt
|faint|p2a: Gallade
|
|upkeep
|-message|Ayayaphone forfeited.
|
|win|agtsaucisse
|raw|agtsaucisse's rating: 1306 &rarr; <strong>1324</strong><br />(+18 for winning)
|raw|Ayayaphone's rating: 1278 &rarr; <strong>1255</strong><br />(-23 for losing)
|l|☆Ayayaphone
|player|p2|
|l|☆agtsaucisse
|player|p1|
