|j|☆dianciexia蒂安希侠
|j|☆Glonicium
|t:|1760425978
|gametype|singles
|player|p1|dianciexia蒂安希侠|caitlin-masters|1364
|player|p2|Glonicium|dawn-masters2|1371
|gen|9
|tier|[Gen 9] OU
|rated|
|rule|HP Percentage Mod: HP is shown in percentages
|rule|Endless Battle Clause: Forcing endless battles is banned
|rule|Species Clause: Limit one of each Pokémon
|rule|OHKO Clause: OHKO moves are banned
|rule|Evasion Items Clause: Evasion items are banned
|rule|Evasion Moves Clause: Evasion moves are banned
|rule|Evasion Abilities Clause: Evasion abilities are banned
|rule|Sleep Moves Clause: Sleep-inducing moves are banned
|clearpoke
|poke|p1|Zamazenta-*|
|poke|p1|Dragapult, M|
|poke|p1|Raging Bolt|
|poke|p1|Moltres|
|poke|p1|Iron Treads|
|poke|p1|Samurott-Hisui, F|
|poke|p2|Pelipper, F|
|poke|p2|Barraskewda, M|
|poke|p2|Hoopa-Unbound|
|poke|p2|Kyurem|
|poke|p2|Zapdos|
|poke|p2|Iron Treads|
|teampreview
|inactive|Battle timer is ON: inactive players will automatically lose when time's up. (requested by dianciexia蒂安希侠)
|
|t:|1760425988
|teamsize|p1|6
|teamsize|p2|6
|start
|switch|p1a: 90%≠don't blunder|Samurott-Hisui, F|100/100
|switch|p2a: Kyurem|Kyurem|100/100
|-ability|p2a: Kyurem|Pressure
|turn|1
|
|t:|1760425996
|switch|p2a: Iron Treads|Iron Treads|100/100
|move|p1a: 90%≠don't blunder|Ceaseless Edge|p2a: Iron Treads
|-damage|p2a: Iron Treads|37/100
|-sidestart|p2: Glonicium|Spikes
|-enditem|p2a: Iron Treads|Eject Button
|
|t:|1760426003
|-end|p2a: Iron Treads|Quark Drive|[silent]
|switch|p2a: Zapdos|Zapdos|100/100
|
|upkeep
|turn|2
|
|t:|1760426014
|switch|p1a: 踩踩背|Iron Treads|100/100
|move|p2a: Zapdos|Volt Switch|p1a: 踩踩背
|-immune|p1a: 踩踩背
|
|upkeep
|turn|3
|
|t:|1760426025
|switch|p2a: Pelipper|Pelipper, F|100/100
|-weather|RainDance|[from] ability: Drizzle|[of] p2a: Pelipper
|move|p1a: 踩踩背|Stealth Rock|p2a: Pelipper
|-sidestart|p2: Glonicium|move: Stealth Rock
|
|-weather|RainDance|[upkeep]
|upkeep
|turn|4
|
|t:|1760426031
|switch|p2a: Zapdos|Zapdos|100/100
|move|p1a: 踩踩背|Knock Off|p2a: Zapdos
|-damage|p2a: Zapdos|73/100
|-status|p1a: 踩踩背|par|[from] ability: Static|[of] p2a: Zapdos
|-enditem|p2a: Zapdos|Heavy-Duty Boots|[from] move: Knock Off|[of] p1a: 踩踩背
|
|-weather|RainDance|[upkeep]
|upkeep
|turn|5
|
|t:|1760426038
|-end|p1a: 踩踩背|Quark Drive|[silent]
|switch|p1a: 长脖奶龙|Raging Bolt|100/100
|move|p2a: Zapdos|Weather Ball|p1a: 长脖奶龙
|-resisted|p1a: 长脖奶龙
|-damage|p1a: 长脖奶龙|76/100
|
|-weather|RainDance|[upkeep]
|upkeep
|turn|6
|
|t:|1760426041
|move|p2a: Zapdos|Volt Switch|p1a: 长脖奶龙
|-resisted|p1a: 长脖奶龙
|-crit|p1a: 长脖奶龙
|-damage|p1a: 长脖奶龙|65/100
|
|t:|1760426057
|switch|p2a: Hoopa|Hoopa-Unbound|100/100|[from] Volt Switch
|-damage|p2a: Hoopa|88/100|[from] Spikes
|-damage|p2a: Hoopa|76/100|[from] Stealth Rock
|move|p1a: 长脖奶龙|Volt Switch|p2a: Hoopa
|-damage|p2a: Hoopa|41/100
|
|t:|1760426079
|-end|p1a: 长脖奶龙|Protosynthesis|[silent]
|switch|p1a: 90%≠don't blunder|Samurott-Hisui, F|100/100|[from] Volt Switch
|
|-weather|RainDance|[upkeep]
|upkeep
|turn|7
|
|t:|1760426095
|move|p2a: Hoopa|Brick Break|p1a: 90%≠don't blunder
|-supereffective|p1a: 90%≠don't blunder
|-damage|p1a: 90%≠don't blunder|0 fnt
|faint|p1a: 90%≠don't blunder
|
|-weather|RainDance|[upkeep]
|upkeep
|
|t:|1760426118
|switch|p1a: 24岁 喜欢发射孩子|Dragapult, M|100/100
|turn|8
|
|t:|1760426122
|move|p1a: 24岁 喜欢发射孩子|U-turn|p2a: Hoopa
|-supereffective|p2a: Hoopa
|-damage|p2a: Hoopa|0 fnt
|faint|p2a: Hoopa
|
|t:|1760426131
|switch|p1a: 长脖奶龙|Raging Bolt|65/100|[from] U-turn
|
|-weather|RainDance|[upkeep]
|upkeep
|inactive|Glonicium has 120 seconds left.
|
|t:|1760426162
|switch|p2a: Kyurem|Kyurem|100/100
|-damage|p2a: Kyurem|88/100|[from] Spikes
|-damage|p2a: Kyurem|63/100|[from] Stealth Rock
|-ability|p2a: Kyurem|Pressure
|turn|9
|inactive|Glonicium has 120 seconds left.
|
|t:|1760426197
|switch|p2a: Iron Treads|Iron Treads|37/100
|-damage|p2a: Iron Treads|24/100|[from] Spikes
|-damage|p2a: Iron Treads|21/100|[from] Stealth Rock
|-end|p1a: 长脖奶龙|Protosynthesis|[silent]
|switch|p1a: 踩踩背|Iron Treads|100/100 par
|
|-weather|RainDance|[upkeep]
|upkeep
|turn|10
|inactive|Glonicium has 120 seconds left.
|
|t:|1760426215
|-end|p1a: 踩踩背|Quark Drive|[silent]
|switch|p1a: 24岁 喜欢发射孩子|Dragapult, M|100/100
|move|p2a: Iron Treads|Earthquake|p1a: 24岁 喜欢发射孩子
|-damage|p1a: 24岁 喜欢发射孩子|38/100
|
|-weather|none
|upkeep
|turn|11
|inactive|Glonicium has 120 seconds left.
|
|t:|1760426244
|-end|p2a: Iron Treads|Quark Drive|[silent]
|switch|p2a: Pelipper|Pelipper, F|100/100
|-damage|p2a: Pelipper|76/100|[from] Stealth Rock
|-weather|RainDance|[from] ability: Drizzle|[of] p2a: Pelipper
|move|p1a: 24岁 喜欢发射孩子|Shadow Ball|p2a: Pelipper
|-damage|p2a: Pelipper|11/100
|-unboost|p2a: Pelipper|spd|1
|
|-weather|RainDance|[upkeep]
|upkeep
|turn|12
|
|t:|1760426251
|move|p1a: 24岁 喜欢发射孩子|Shadow Ball|p2a: Pelipper
|-damage|p2a: Pelipper|0 fnt
|faint|p2a: Pelipper
|
|-weather|RainDance|[upkeep]
|upkeep
|
|t:|1760426262
|switch|p2a: Barraskewda|Barraskewda, M|100/100
|-damage|p2a: Barraskewda|88/100|[from] Spikes
|-damage|p2a: Barraskewda|76/100|[from] Stealth Rock
|turn|13
|
|t:|1760426269
|switch|p1a: 踩踩背|Iron Treads|100/100 par
|move|p2a: Barraskewda|Flip Turn|p1a: 踩踩背
|-supereffective|p1a: 踩踩背
|-damage|p1a: 踩踩背|13/100 par
|-damage|p2a: Barraskewda|66/100|[from] item: Life Orb
|
|t:|1760426281
|switch|p2a: Iron Treads|Iron Treads|21/100|[from] Flip Turn
|-damage|p2a: Iron Treads|9/100|[from] Spikes
|-damage|p2a: Iron Treads|5/100|[from] Stealth Rock
|
|-weather|RainDance|[upkeep]
|-heal|p1a: 踩踩背|19/100 par|[from] item: Leftovers
|upkeep
|turn|14
|
|t:|1760426291
|-terastallize|p1a: 踩踩背|Ghost
|move|p2a: Iron Treads|Earthquake|p1a: 踩踩背
|-damage|p1a: 踩踩背|0 fnt
|faint|p1a: 踩踩背
|-end|p1a: 踩踩背|Quark Drive|[silent]
|
|-weather|RainDance|[upkeep]
|upkeep
|
|t:|1760426296
|switch|p1a: 24岁 喜欢发射孩子|Dragapult, M|38/100
|turn|15
|
|t:|1760426300
|move|p1a: 24岁 喜欢发射孩子|U-turn|p2a: Iron Treads
|-resisted|p2a: Iron Treads
|-damage|p2a: Iron Treads|0 fnt
|faint|p2a: Iron Treads
|-end|p2a: Iron Treads|Quark Drive|[silent]
|
|t:|1760426305
|switch|p1a: 脑袋尖尖的|Zamazenta|100/100|[from] U-turn
|-ability|p1a: 脑袋尖尖的|Dauntless Shield|boost
|-boost|p1a: 脑袋尖尖的|def|1
|
|-weather|RainDance|[upkeep]
|upkeep
|
|t:|1760426322
|switch|p2a: Zapdos|Zapdos|73/100
|-damage|p2a: Zapdos|48/100|[from] Stealth Rock
|turn|16
|
|t:|1760426328
|move|p1a: 脑袋尖尖的|Ice Fang|p2a: Zapdos|[miss]
|-miss|p1a: 脑袋尖尖的|p2a: Zapdos
|move|p2a: Zapdos|Volt Switch|p1a: 脑袋尖尖的
|-damage|p1a: 脑袋尖尖的|68/100
|
|t:|1760426335
|switch|p2a: Kyurem|Kyurem|63/100|[from] Volt Switch
|-damage|p2a: Kyurem|51/100|[from] Spikes
|-damage|p2a: Kyurem|26/100|[from] Stealth Rock
|-ability|p2a: Kyurem|Pressure
|
|-weather|RainDance|[upkeep]
|upkeep
|turn|17
|
|t:|1760426345
|move|p2a: Kyurem|Draco Meteor|p1a: 脑袋尖尖的
|-damage|p1a: 脑袋尖尖的|0 fnt
|-unboost|p2a: Kyurem|spa|2
|faint|p1a: 脑袋尖尖的
|
|-weather|RainDance|[upkeep]
|upkeep
|
|t:|1760426351
|switch|p1a: 长脖奶龙|Raging Bolt|65/100
|turn|18
|
|t:|1760426355
|move|p1a: 长脖奶龙|Thunderclap|p2a: Kyurem
|-resisted|p2a: Kyurem
|-damage|p2a: Kyurem|7/100
|move|p2a: Kyurem|Draco Meteor|p1a: 长脖奶龙
|-supereffective|p1a: 长脖奶龙
|-damage|p1a: 长脖奶龙|0 fnt
|-unboost|p2a: Kyurem|spa|2
|faint|p1a: 长脖奶龙
|-end|p1a: 长脖奶龙|Protosynthesis|[silent]
|
|-weather|none
|upkeep
|
|t:|1760426358
|switch|p1a: 24岁 喜欢发射孩子|Dragapult, M|38/100
|turn|19
|
|t:|1760426361
|switch|p1a: Moltres|Moltres|100/100
|move|p2a: Kyurem|Draco Meteor|p1a: Moltres
|-damage|p1a: Moltres|75/100
|-unboost|p2a: Kyurem|spa|2
|
|upkeep
|turn|20
|
|t:|1760426378
|move|p2a: Kyurem|Draco Meteor|p1a: Moltres
|-damage|p1a: Moltres|55/100
|move|p1a: Moltres|U-turn|p2a: Kyurem
|-crit|p2a: Kyurem
|-damage|p2a: Kyurem|0 fnt
|faint|p2a: Kyurem
|
|t:|1760426383
|switch|p1a: 24岁 喜欢发射孩子|Dragapult, M|38/100|[from] U-turn
|
|upkeep
|
|t:|1760426397
|switch|p2a: Barraskewda|Barraskewda, M|66/100
|-damage|p2a: Barraskewda|54/100|[from] Spikes
|-damage|p2a: Barraskewda|42/100|[from] Stealth Rock
|turn|21
|
|t:|1760426405
|-terastallize|p2a: Barraskewda|Water
|move|p2a: Barraskewda|Aqua Jet|p1a: 24岁 喜欢发射孩子
|-resisted|p1a: 24岁 喜欢发射孩子
|-damage|p1a: 24岁 喜欢发射孩子|12/100
|-damage|p2a: Barraskewda|32/100|[from] item: Life Orb
|move|p1a: 24岁 喜欢发射孩子|Shadow Ball|p2a: Barraskewda
|-damage|p2a: Barraskewda|0 fnt
|faint|p2a: Barraskewda
|
|upkeep
|
|t:|1760426408
|switch|p2a: Zapdos|Zapdos|48/100
|-damage|p2a: Zapdos|23/100|[from] Stealth Rock
|turn|22
|
|t:|1760426414
|move|p1a: 24岁 喜欢发射孩子|Shadow Ball|p2a: Zapdos
|-damage|p2a: Zapdos|0 fnt
|faint|p2a: Zapdos
|
|win|dianciexia蒂安希侠
|raw|dianciexia蒂安希侠's rating: 1324 &rarr; <strong>1347</strong><br />(+23 for winning)
|raw|Glonicium's rating: 1371 &rarr; <strong>1348</strong><br />(-23 for losing)
