|j|☆we2022
|j|☆Munch144447
|t:|1760436396
|gametype|singles
|player|p1|we2022|1|1154
|player|p2|Munch144447|265|1119
|gen|9
|tier|[Gen 9] OU
|rated|
|rule|HP Percentage Mod: HP is shown in percentages
|rule|Endless Battle Clause: Forcing endless battles is banned
|rule|Species Clause: Limit one of each Pokémon
|rule|OHKO Clause: OHKO moves are banned
|rule|Evasion Items Clause: Evasion items are banned
|rule|Evasion Moves Clause: Evasion moves are banned
|rule|Evasion Abilities Clause: Evasion abilities are banned
|rule|Sleep Moves Clause: Sleep-inducing moves are banned
|clearpoke
|poke|p1|Ceruledge, M|
|poke|p1|Ogerpon-Wellspring, F|
|poke|p1|Dragapult, F|
|poke|p1|Great Tusk|
|poke|p1|Glimmora, F|
|poke|p1|Moltres|
|poke|p2|Tauros-Paldea-Aqua, M|
|poke|p2|Vileplume, M|
|poke|p2|Delphox, M|
|poke|p2|Cramorant, M|
|poke|p2|Sudowoodo, F|
|poke|p2|Komala, M|
|teampreview
|
|t:|1760436408
|teamsize|p1|6
|teamsize|p2|6
|start
|switch|p1a: Dragapult|Dragapult, F|100/100
|switch|p2a: Komala|Komala, M|100/100
|-ability|p2a: Komala|Comatose
|turn|1
|inactive|Battle timer is ON: inactive players will automatically lose when time's up. (requested by we2022)
|
|t:|1760436465
|switch|p2a: Vileplume|Vileplume, M|100/100
|-terastallize|p1a: Dragapult|Dragon
|move|p1a: Dragapult|Draco Meteor|p2a: Vileplume|[miss]
|-miss|p1a: Dragapult|p2a: Vileplume
|
|upkeep
|turn|2
|
|t:|1760436472
|-terastallize|p2a: Vileplume|Steel
|move|p1a: Dragapult|Draco Meteor|p2a: Vileplume
|-resisted|p2a: Vileplume
|-damage|p2a: Vileplume|42/100
|-unboost|p1a: Dragapult|spa|2
|move|p2a: Vileplume|Sludge Bomb|p1a: Dragapult
|-damage|p1a: Dragapult|40/100
|
|-heal|p2a: Vileplume|48/100|[from] item: Leftovers
|upkeep
|turn|3
|
|t:|1760436481
|switch|p1a: Moltres|Moltres|100/100
|move|p2a: Vileplume|Strength Sap|p1a: Moltres
|-unboost|p1a: Moltres|atk|1
|-heal|p2a: Vileplume|100/100
|
|upkeep
|turn|4
|
|t:|1760436487
|switch|p2a: Sudowoodo|Sudowoodo, F|100/100
|move|p1a: Moltres|Flamethrower|p2a: Sudowoodo
|-resisted|p2a: Sudowoodo
|-damage|p2a: Sudowoodo|73/100
|
|upkeep
|turn|5
|
|t:|1760436491
|move|p1a: Moltres|U-turn|p2a: Sudowoodo
|-damage|p2a: Sudowoodo|63/100
|
|t:|1760436493
|switch|p1a: Ogerpon|Ogerpon-Wellspring, F|100/100|[from] U-turn
|move|p2a: Sudowoodo|Rock Blast|p1a: Ogerpon
|-damage|p1a: Ogerpon|86/100
|-damage|p1a: Ogerpon|68/100
|-damage|p1a: Ogerpon|53/100
|-damage|p1a: Ogerpon|38/100
|-damage|p1a: Ogerpon|22/100
|-hitcount|p1a: Ogerpon|5
|
|upkeep
|turn|6
|
|t:|1760436503
|switch|p2a: Cramorant|Cramorant, M|100/100
|move|p1a: Ogerpon|Ivy Cudgel|p2a: Cramorant|[anim] Ivy Cudgel Water
|-resisted|p2a: Cramorant
|-damage|p2a: Cramorant|68/100
|
|-heal|p2a: Cramorant|74/100|[from] item: Leftovers
|upkeep
|turn|7
|
|t:|1760436508
|move|p1a: Ogerpon|U-turn|p2a: Cramorant
|-resisted|p2a: Cramorant
|-damage|p2a: Cramorant|57/100
|
|t:|1760436511
|switch|p1a: Glimmora|Glimmora, F|100/100|[from] U-turn
|move|p2a: Cramorant|Ice Beam|p1a: Glimmora
|-damage|p1a: Glimmora|74/100
|
|-heal|p2a: Cramorant|64/100|[from] item: Leftovers
|upkeep
|turn|8
|inactive|Munch144447 has 120 seconds left.
|
|t:|1760436560
|switch|p2a: Komala|Komala, M|100/100
|-ability|p2a: Komala|Comatose
|move|p1a: Glimmora|Spikes|p2a: Komala
|-sidestart|p2: Munch144447|Spikes
|
|upkeep
|turn|9
|
|t:|1760436567
|move|p1a: Glimmora|Spikes|p2a: Komala
|-sidestart|p2: Munch144447|Spikes
|move|p2a: Komala|Rapid Spin|p1a: Glimmora
|-resisted|p1a: Glimmora
|-damage|p1a: Glimmora|58/100
|-boost|p2a: Komala|spe|1
|-activate|p1a: Glimmora|ability: Toxic Debris
|-sidestart|p2: Munch144447|move: Toxic Spikes
|-sideend|p2: Munch144447|Spikes|[from] move: Rapid Spin|[of] p2a: Komala
|-sideend|p2: Munch144447|Toxic Spikes|[from] move: Rapid Spin|[of] p2a: Komala
|
|upkeep
|turn|10
|
|t:|1760436571
|move|p2a: Komala|Earthquake|p1a: Glimmora
|-supereffective|p1a: Glimmora
|-crit|p1a: Glimmora
|-damage|p1a: Glimmora|0 fnt
|-activate|p1a: Glimmora|ability: Toxic Debris
|-sidestart|p2: Munch144447|move: Toxic Spikes
|faint|p1a: Glimmora
|
|upkeep
|
|t:|1760436576
|switch|p1a: Great Tusk|Great Tusk|100/100
|turn|11
|
|t:|1760436582
|move|p2a: Komala|Rapid Spin|p1a: Great Tusk
|-damage|p1a: Great Tusk|81/100
|-boost|p2a: Komala|spe|1
|-sideend|p2: Munch144447|Toxic Spikes|[from] move: Rapid Spin|[of] p2a: Komala
|move|p1a: Great Tusk|Headlong Rush|p2a: Komala
|-damage|p2a: Komala|0 fnt
|-unboost|p1a: Great Tusk|def|1
|-unboost|p1a: Great Tusk|spd|1
|faint|p2a: Komala
|
|upkeep
|
|t:|1760436587
|switch|p2a: Delphox|Delphox, M|100/100
|turn|12
|
|t:|1760436593
|-end|p1a: Great Tusk|Protosynthesis|[silent]
|switch|p1a: Moltres|Moltres|100/100
|move|p2a: Delphox|Psyshock|p1a: Moltres
|-damage|p1a: Moltres|71/100
|
|upkeep
|turn|13
|
|t:|1760436600
|switch|p2a: Cramorant|Cramorant, M|64/100
|move|p1a: Moltres|U-turn|p2a: Cramorant
|-resisted|p2a: Cramorant
|-damage|p2a: Cramorant|56/100
|
|t:|1760436608
|switch|p1a: Dragapult|Dragapult, F, tera:Dragon|40/100|[from] U-turn
|
|-heal|p2a: Cramorant|62/100|[from] item: Leftovers
|upkeep
|turn|14
|
|t:|1760436614
|switch|p2a: Vileplume|Vileplume, M, tera:Steel|100/100
|move|p1a: Dragapult|Draco Meteor|p2a: Vileplume
|-resisted|p2a: Vileplume
|-damage|p2a: Vileplume|39/100
|-unboost|p1a: Dragapult|spa|2
|
|-heal|p2a: Vileplume|46/100|[from] item: Leftovers
|upkeep
|turn|15
|
|t:|1760436621
|switch|p1a: Ceruledge|Ceruledge, M|100/100
|move|p2a: Vileplume|Strength Sap|p1a: Ceruledge
|-unboost|p1a: Ceruledge|atk|1
|-heal|p2a: Vileplume|100/100
|
|upkeep
|turn|16
|
|t:|1760436625
|switch|p2a: Sudowoodo|Sudowoodo, F|63/100
|move|p1a: Ceruledge|Swords Dance|p1a: Ceruledge
|-boost|p1a: Ceruledge|atk|2
|
|upkeep
|turn|17
|
|t:|1760436627
|move|p1a: Ceruledge|Swords Dance|p1a: Ceruledge
|-boost|p1a: Ceruledge|atk|2
|move|p2a: Sudowoodo|Rock Blast|p1a: Ceruledge
|-supereffective|p1a: Ceruledge
|-damage|p1a: Ceruledge|65/100
|-ability|p1a: Ceruledge|Weak Armor|boost
|-unboost|p1a: Ceruledge|def|1
|-boost|p1a: Ceruledge|spe|2
|-supereffective|p1a: Ceruledge
|-damage|p1a: Ceruledge|18/100
|-ability|p1a: Ceruledge|Weak Armor|boost
|-unboost|p1a: Ceruledge|def|1
|-boost|p1a: Ceruledge|spe|2
|-supereffective|p1a: Ceruledge
|-damage|p1a: Ceruledge|0 fnt
|faint|p1a: Ceruledge
|-hitcount|p1: Ceruledge|3
|
|upkeep
|-message|we2022 forfeited.
|
|win|Munch144447
|raw|we2022's rating: 1154 &rarr; <strong>1126</strong><br />(-28 for losing)
|raw|Munch144447's rating: 1119 &rarr; <strong>1147</strong><br />(+28 for winning)
|l|☆we2022
|player|p1|
|l|☆Munch144447
|player|p2|
