|j|☆Celestial nolonolo
|j|☆wattdog21
|t:|1760448112
|gametype|singles
|player|p1|Celestial nolonolo|ghetsis-gen5bw|1542
|player|p2|wattdog21|volkner|1538
|gen|9
|tier|[Gen 9] OU
|rated|
|rule|HP Percentage Mod: HP is shown in percentages
|rule|Endless Battle Clause: Forcing endless battles is banned
|rule|Species Clause: Limit one of each Pokémon
|rule|OHKO Clause: OHKO moves are banned
|rule|Evasion Items Clause: Evasion items are banned
|rule|Evasion Moves Clause: Evasion moves are banned
|rule|Evasion Abilities Clause: Evasion abilities are banned
|rule|Sleep Moves Clause: Sleep-inducing moves are banned
|clearpoke
|poke|p1|Pelipper, M|
|poke|p1|Basculegion, M|
|poke|p1|Iron Treads|
|poke|p1|Toxicroak, M|
|poke|p1|Raging Bolt|
|poke|p1|Tornadus-Therian, M|
|poke|p2|Tyranitar, M|
|poke|p2|Corviknight, M|
|poke|p2|Clodsire, M|
|poke|p2|Gliscor, F|
|poke|p2|Scizor, F|
|poke|p2|Heatran, M|
|teampreview
|inactive|Battle timer is ON: inactive players will automatically lose when time's up. (requested by wattdog21)
|
|t:|1760448124
|teamsize|p1|6
|teamsize|p2|6
|start
|switch|p1a: Iron Treads|Iron Treads|100/100
|switch|p2a: Scizor|Scizor, F|100/100
|turn|1
|
|t:|1760448130
|move|p1a: Iron Treads|Stealth Rock|p2a: Scizor
|-sidestart|p2: wattdog21|move: Stealth Rock
|move|p2a: Scizor|Close Combat|p1a: Iron Treads
|-supereffective|p1a: Iron Treads
|-damage|p1a: Iron Treads|0 fnt
|-unboost|p2a: Scizor|def|1
|-unboost|p2a: Scizor|spd|1
|faint|p1a: Iron Treads
|-end|p1a: Iron Treads|Quark Drive|[silent]
|
|upkeep
|
|t:|1760448142
|switch|p1a: Toxicroak|Toxicroak, M|100/100
|turn|2
|
|t:|1760448145
|switch|p2a: Corviknight|Corviknight, M|100/100
|-damage|p2a: Corviknight|88/100|[from] Stealth Rock
|move|p1a: Toxicroak|Knock Off|p2a: Corviknight
|-damage|p2a: Corviknight|73/100
|-damage|p1a: Toxicroak|84/100|[from] item: Rocky Helmet|[of] p2a: Corviknight
|-enditem|p2a: Corviknight|Rocky Helmet|[from] move: Knock Off|[of] p1a: Toxicroak
|
|upkeep
|turn|3
|
|t:|1760448155
|switch|p1a: Pelipper|Pelipper, M|100/100
|-weather|RainDance|[from] ability: Drizzle|[of] p1a: Pelipper
|move|p2a: Corviknight|Defog|p1a: Pelipper
|-unboost|p1a: Pelipper|evasion|1
|-sideend|p2: wattdog21|Stealth Rock|[from] move: Defog|[of] p2a: Corviknight
|
|-weather|RainDance|[upkeep]
|upkeep
|turn|4
|
|t:|1760448164
|switch|p2a: Tyranitar|Tyranitar, M|100/100
|-weather|Sandstorm|[from] ability: Sand Stream|[of] p2a: Tyranitar
|move|p1a: Pelipper|U-turn|p2a: Tyranitar
|-supereffective|p2a: Tyranitar
|-damage|p2a: Tyranitar|84/100
|
|t:|1760448169
|switch|p1a: Tornadus|Tornadus-Therian, M|100/100|[from] U-turn
|
|-weather|Sandstorm|[upkeep]
|-damage|p1a: Tornadus|94/100|[from] Sandstorm
|upkeep
|turn|5
|
|t:|1760448177
|move|p1a: Tornadus|Focus Blast|p2a: Tyranitar
|-supereffective|p2a: Tyranitar
|-damage|p2a: Tyranitar|33/100
|move|p2a: Tyranitar|Stone Edge|p1a: Tornadus
|-supereffective|p1a: Tornadus
|-damage|p1a: Tornadus|0 fnt
|faint|p1a: Tornadus
|
|-weather|Sandstorm|[upkeep]
|upkeep
|
|t:|1760448189
|switch|p1a: Basculegion|Basculegion, M|100/100
|turn|6
|
|t:|1760448194
|switch|p2a: Clodsire|Clodsire, M|100/100
|-terastallize|p1a: Basculegion|Ghost
|move|p1a: Basculegion|Tera Blast|p2a: Clodsire|[anim] Tera Blast Ghost
|-damage|p2a: Clodsire|14/100
|
|-weather|Sandstorm|[upkeep]
|-damage|p1a: Basculegion|94/100|[from] Sandstorm
|-heal|p2a: Clodsire|20/100|[from] item: Black Sludge
|upkeep
|turn|7
|
|t:|1760448207
|move|p1a: Basculegion|Tera Blast|p2a: Clodsire|[anim] Tera Blast Ghost
|-damage|p2a: Clodsire|0 fnt
|faint|p2a: Clodsire
|
|-weather|Sandstorm|[upkeep]
|-damage|p1a: Basculegion|88/100|[from] Sandstorm
|upkeep
|
|t:|1760448215
|switch|p2a: Tyranitar|Tyranitar, M|33/100
|turn|8
|
|t:|1760448223
|switch|p1a: Toxicroak|Toxicroak, M|84/100
|move|p2a: Tyranitar|Knock Off|p1a: Toxicroak
|-resisted|p1a: Toxicroak
|-damage|p1a: Toxicroak|60/100
|-damage|p2a: Tyranitar|16/100|[from] item: Rocky Helmet|[of] p1a: Toxicroak
|-enditem|p1a: Toxicroak|Rocky Helmet|[from] move: Knock Off|[of] p2a: Tyranitar
|
|-weather|none
|upkeep
|turn|9
|
|t:|1760448239
|switch|p1a: Pelipper|Pelipper, M|100/100
|-weather|RainDance|[from] ability: Drizzle|[of] p1a: Pelipper
|switch|p2a: Gliscor|Gliscor, F|100/100
|
|-weather|RainDance|[upkeep]
|-status|p2a: Gliscor|tox|[from] item: Toxic Orb
|upkeep
|turn|10
|
|t:|1760448251
|switch|p1a: Raging Bolt|Raging Bolt|100/100
|-enditem|p1a: Raging Bolt|Booster Energy
|-activate|p1a: Raging Bolt|ability: Protosynthesis|[fromitem]
|-start|p1a: Raging Bolt|protosynthesisspa
|move|p2a: Gliscor|Facade|p1a: Raging Bolt
|-damage|p1a: Raging Bolt|62/100
|
|-weather|RainDance|[upkeep]
|upkeep
|turn|11
|
|t:|1760448261
|move|p2a: Gliscor|Earthquake|p1a: Raging Bolt
|-supereffective|p1a: Raging Bolt
|-damage|p1a: Raging Bolt|0 fnt
|faint|p1a: Raging Bolt
|-end|p1a: Raging Bolt|Protosynthesis|[silent]
|
|-weather|RainDance|[upkeep]
|upkeep
|
|t:|1760448266
|switch|p1a: Basculegion|Basculegion, M, tera:Ghost|88/100
|turn|12
|
|t:|1760448270
|switch|p2a: Tyranitar|Tyranitar, M|16/100
|-weather|Sandstorm|[from] ability: Sand Stream|[of] p2a: Tyranitar
|move|p1a: Basculegion|Flip Turn|p2a: Tyranitar
|-supereffective|p2a: Tyranitar
|-damage|p2a: Tyranitar|0 fnt
|faint|p2a: Tyranitar
|
|t:|1760448272
|switch|p1a: Pelipper|Pelipper, M|100/100|[from] Flip Turn
|-weather|RainDance|[from] ability: Drizzle|[of] p1a: Pelipper
|
|-weather|RainDance|[upkeep]
|upkeep
|
|t:|1760448295
|switch|p2a: Gliscor|Gliscor, F|100/100 tox
|turn|13
|
|t:|1760448298
|move|p2a: Gliscor|Swords Dance|p2a: Gliscor
|-boost|p2a: Gliscor|atk|2
|move|p1a: Pelipper|Surf|p2a: Gliscor
|-supereffective|p2a: Gliscor
|-damage|p2a: Gliscor|0 fnt
|faint|p2a: Gliscor
|
|-weather|RainDance|[upkeep]
|upkeep
|
|t:|1760448309
|switch|p2a: Heatran|Heatran, M|100/100
|-item|p2a: Heatran|Air Balloon
|turn|14
|
|t:|1760448318
|-terastallize|p2a: Heatran|Grass
|move|p2a: Heatran|Tera Blast|p1a: Pelipper|[anim] Tera Blast Grass
|-damage|p1a: Pelipper|35/100
|move|p1a: Pelipper|U-turn|p2a: Heatran
|-supereffective|p2a: Heatran
|-damage|p2a: Heatran|86/100
|-enditem|p2a: Heatran|Air Balloon
|inactive|Celestial nolonolo has 120 seconds left.
|inactive|Celestial nolonolo has 90 seconds left.
|inactive|Celestial nolonolo has 60 seconds left.
|
|t:|1760448411
|switch|p1a: Basculegion|Basculegion, M, tera:Ghost|88/100|[from] U-turn
|
|-weather|RainDance|[upkeep]
|upkeep
|turn|15
|
|t:|1760448419
|move|p1a: Basculegion|Tera Blast|p2a: Heatran|[anim] Tera Blast Ghost
|-damage|p2a: Heatran|19/100
|move|p2a: Heatran|Earth Power|p1a: Basculegion
|-damage|p1a: Basculegion|51/100
|
|-weather|RainDance|[upkeep]
|upkeep
|turn|16
|
|t:|1760448428
|move|p1a: Basculegion|Tera Blast|p2a: Heatran|[anim] Tera Blast Ghost
|-damage|p2a: Heatran|0 fnt
|faint|p2a: Heatran
|
|-weather|RainDance|[upkeep]
|upkeep
|
|t:|1760448435
|switch|p2a: Scizor|Scizor, F|100/100
|turn|17
|
|t:|1760448439
|switch|p1a: Toxicroak|Toxicroak, M|60/100
|move|p2a: Scizor|Bullet Punch|p1a: Toxicroak
|-damage|p1a: Toxicroak|12/100
|
|-weather|RainDance|[upkeep]
|-heal|p1a: Toxicroak|24/100|[from] ability: Dry Skin
|upkeep
|turn|18
|inactive|Celestial nolonolo has 90 seconds left.
|
|t:|1760448457
|move|p2a: Scizor|Bullet Punch|p1a: Toxicroak
|-damage|p1a: Toxicroak|0 fnt
|faint|p1a: Toxicroak
|
|-weather|RainDance|[upkeep]
|upkeep
|
|t:|1760448459
|switch|p1a: Pelipper|Pelipper, M|35/100
|turn|19
|
|t:|1760448465
|move|p2a: Scizor|Bullet Punch|p1a: Pelipper
|-resisted|p1a: Pelipper
|-damage|p1a: Pelipper|15/100
|move|p1a: Pelipper|Roost|p1a: Pelipper
|-heal|p1a: Pelipper|65/100
|-singleturn|p1a: Pelipper|move: Roost
|
|-weather|none
|upkeep
|turn|20
|
|t:|1760448477
|switch|p2a: Corviknight|Corviknight, M|73/100
|move|p1a: Pelipper|U-turn|p2a: Corviknight
|-resisted|p2a: Corviknight
|-damage|p2a: Corviknight|72/100
|
|t:|1760448478
|switch|p1a: Basculegion|Basculegion, M, tera:Ghost|51/100|[from] U-turn
|
|upkeep
|turn|21
|
|t:|1760448494
|move|p1a: Basculegion|Tera Blast|p2a: Corviknight|[anim] Tera Blast Ghost
|-damage|p2a: Corviknight|29/100
|move|p2a: Corviknight|Iron Defense|p2a: Corviknight
|-boost|p2a: Corviknight|def|2
|
|upkeep
|turn|22
|
|t:|1760448501
|switch|p1a: Pelipper|Pelipper, M|65/100
|-weather|RainDance|[from] ability: Drizzle|[of] p1a: Pelipper
|move|p2a: Corviknight|Roost|p2a: Corviknight
|-heal|p2a: Corviknight|79/100
|-singleturn|p2a: Corviknight|move: Roost
|
|-weather|RainDance|[upkeep]
|upkeep
|turn|23
|
|t:|1760448514
|switch|p2a: Scizor|Scizor, F|100/100
|move|p1a: Pelipper|Surf|p2a: Scizor
|-damage|p2a: Scizor|43/100
|
|-weather|RainDance|[upkeep]
|upkeep
|turn|24
|
|t:|1760448522
|move|p2a: Scizor|Dual Wingbeat|p1a: Pelipper
|-damage|p1a: Pelipper|40/100
|-crit|p1a: Pelipper
|-damage|p1a: Pelipper|1/100
|-hitcount|p1a: Pelipper|2
|move|p1a: Pelipper|Roost|p1a: Pelipper
|-heal|p1a: Pelipper|52/100
|-singleturn|p1a: Pelipper|move: Roost
|
|-weather|RainDance|[upkeep]
|upkeep
|turn|25
|
|t:|1760448534
|move|p2a: Scizor|Dual Wingbeat|p1a: Pelipper
|-damage|p1a: Pelipper|27/100
|-damage|p1a: Pelipper|0 fnt
|faint|p1a: Pelipper
|-hitcount|p1: Pelipper|2
|
|-weather|RainDance|[upkeep]
|upkeep
|
|t:|1760448536
|switch|p1a: Basculegion|Basculegion, M, tera:Ghost|51/100
|turn|26
|
|t:|1760448545
|switch|p2a: Corviknight|Corviknight, M|79/100
|move|p1a: Basculegion|Wave Crash|p2a: Corviknight
|-damage|p2a: Corviknight|0 fnt
|faint|p2a: Corviknight
|-damage|p1a: Basculegion|23/100|[from] Recoil
|
|-weather|RainDance|[upkeep]
|upkeep
|
|t:|1760448555
|switch|p2a: Scizor|Scizor, F|43/100
|turn|27
|
|t:|1760448558
|move|p2a: Scizor|Bullet Punch|p1a: Basculegion
|-crit|p1a: Basculegion
|-damage|p1a: Basculegion|0 fnt
|faint|p1a: Basculegion
|
|win|wattdog21
|raw|Celestial nolonolo's rating: 1542 &rarr; <strong>1522</strong><br />(-20 for losing)
|raw|wattdog21's rating: 1538 &rarr; <strong>1558</strong><br />(+20 for winning)
|l|☆Celestial nolonolo
|player|p1|
|c|☆wattdog21|Gg
|l|☆wattdog21
|player|p2|
