|j|☆bloodmoon55
|j|☆homerac
|t:|1760386448
|gametype|singles
|player|p1|bloodmoon55|bruno|1269
|player|p2|homerac|266|1250
|gen|9
|tier|[Gen 9] OU
|rated|
|rule|HP Percentage Mod: HP is shown in percentages
|rule|Endless Battle Clause: Forcing endless battles is banned
|rule|Species Clause: Limit one of each Pokémon
|rule|OHKO Clause: OHKO moves are banned
|rule|Evasion Items Clause: Evasion items are banned
|rule|Evasion Moves Clause: Evasion moves are banned
|rule|Evasion Abilities Clause: Evasion abilities are banned
|rule|Sleep Moves Clause: Sleep-inducing moves are banned
|clearpoke
|poke|p1|Ribombee, F|
|poke|p1|Meowscarada, F|
|poke|p1|Enamorus, F|
|poke|p1|Kingambit, M|
|poke|p1|Corviknight, M|
|poke|p1|Slowking-Galar, M|
|poke|p2|Araquanid, F|
|poke|p2|Darkrai|
|poke|p2|Garchomp, F|
|poke|p2|Primarina, F|
|poke|p2|Breloom, M|
|poke|p2|Oricorio-Pom-Pom, M|
|teampreview
|inactive|Battle timer is ON: inactive players will automatically lose when time's up. (requested by bloodmoon55)
|
|t:|1760386454
|teamsize|p1|6
|teamsize|p2|6
|start
|switch|p1a: Enamorus|Enamorus, F|100/100
|switch|p2a: Primarina|Primarina, F|100/100
|turn|1
|
|t:|1760386462
|move|p1a: Enamorus|Moonblast|p2a: Primarina
|-damage|p2a: Primarina|58/100
|-unboost|p2a: Primarina|spa|1
|move|p2a: Primarina|Surf|p1a: Enamorus
|-damage|p1a: Enamorus|49/100
|
|upkeep
|turn|2
|
|t:|1760386469
|move|p1a: Enamorus|Moonblast|p2a: Primarina
|-damage|p2a: Primarina|18/100
|move|p2a: Primarina|Surf|p1a: Enamorus
|-damage|p1a: Enamorus|0 fnt
|faint|p1a: Enamorus
|
|upkeep
|
|t:|1760386472
|switch|p1a: Meowscarada|Meowscarada, F|100/100
|turn|3
|
|t:|1760386478
|switch|p2a: Garchomp|Garchomp, F|100/100
|move|p1a: Meowscarada|U-turn|p2a: Garchomp
|-start|p1a: Meowscarada|typechange|Bug|[from] ability: Protean
|-damage|p2a: Garchomp|49/100
|-damage|p1a: Meowscarada|88/100|[from] ability: Rough Skin|[of] p2a: Garchomp
|-damage|p1a: Meowscarada|72/100|[from] item: Rocky Helmet|[of] p2a: Garchomp
|
|t:|1760386482
|switch|p1a: Ribombee|Ribombee, F|100/100|[from] U-turn
|
|upkeep
|turn|4
|
|t:|1760386489
|move|p1a: Ribombee|Moonblast|p2a: Garchomp
|-supereffective|p2a: Garchomp
|-damage|p2a: Garchomp|0 fnt
|faint|p2a: Garchomp
|
|upkeep
|
|t:|1760386495
|switch|p2a: Araquanid|Araquanid, F|100/100
|turn|5
|
|t:|1760386498
|move|p1a: Ribombee|Stun Spore|p2a: Araquanid
|-status|p2a: Araquanid|par
|move|p2a: Araquanid|Liquidation|p1a: Ribombee
|-enditem|p1a: Ribombee|Focus Sash
|-damage|p1a: Ribombee|1/100
|
|upkeep
|turn|6
|
|t:|1760386505
|move|p1a: Ribombee|Sticky Web|p2a: Araquanid
|-sidestart|p2: homerac|move: Sticky Web
|move|p2a: Araquanid|Sticky Web|p1a: Ribombee
|-sidestart|p1: bloodmoon55|move: Sticky Web
|
|upkeep
|turn|7
|
|t:|1760386508
|move|p1a: Ribombee|Skill Swap|p2a: Araquanid
|-activate|p1a: Ribombee|move: Skill Swap|Water Bubble|Shield Dust|[of] p2a: Araquanid
|move|p2a: Araquanid|Liquidation|p1a: Ribombee
|-damage|p1a: Ribombee|0 fnt
|faint|p1a: Ribombee
|
|upkeep
|
|t:|1760386516
|switch|p1a: Slowking|Slowking-Galar, M|100/100
|turn|8
|
|t:|1760386520
|switch|p2a: Primarina|Primarina, F|18/100
|-activate|p2a: Primarina|move: Sticky Web
|-unboost|p2a: Primarina|spe|1
|move|p1a: Slowking|Future Sight|p2a: Primarina
|-start|p1a: Slowking|move: Future Sight
|
|upkeep
|turn|9
|
|t:|1760386528
|move|p2a: Primarina|Flip Turn|p1a: Slowking
|-damage|p1a: Slowking|77/100
|
|t:|1760386531
|switch|p2a: Araquanid|Araquanid, F|100/100 par|[from] Flip Turn
|-activate|p2a: Araquanid|move: Sticky Web
|-unboost|p2a: Araquanid|spe|1
|move|p1a: Slowking|Sludge Bomb|p2a: Araquanid
|-damage|p2a: Araquanid|71/100 par
|
|-heal|p2a: Araquanid|77/100 par|[from] item: Leftovers
|upkeep
|turn|10
|
|t:|1760386542
|-prepare|p1a: Slowking|Chilly Reception|[premajor]
|move|p1a: Slowking|Chilly Reception|p1a: Slowking
|-weather|Snowscape
|
|t:|1760386544
|switch|p1a: Corviknight|Corviknight, M|100/100|[from] Chilly Reception
|-ability|p1a: Corviknight|Pressure
|move|p2a: Araquanid|Liquidation|p1a: Corviknight
|-damage|p1a: Corviknight|63/100
|-damage|p2a: Araquanid|61/100 par|[from] item: Rocky Helmet|[of] p1a: Corviknight
|
|-weather|Snowscape|[upkeep]
|-end|p2a: Araquanid|move: Future Sight
|-damage|p2a: Araquanid|23/100 par
|-heal|p2a: Araquanid|29/100 par|[from] item: Leftovers
|upkeep
|turn|11
|
|t:|1760386556
|switch|p2a: Oricorio|Oricorio-Pom-Pom, M|100/100
|move|p1a: Corviknight|Roost|p1a: Corviknight
|-heal|p1a: Corviknight|100/100
|-singleturn|p1a: Corviknight|move: Roost
|
|-weather|Snowscape|[upkeep]
|upkeep
|turn|12
|
|t:|1760386563
|move|p2a: Oricorio|Revelation Dance|p1a: Corviknight
|-supereffective|p1a: Corviknight
|-damage|p1a: Corviknight|17/100
|move|p1a: Corviknight|U-turn|p2a: Oricorio
|-resisted|p2a: Oricorio
|-damage|p2a: Oricorio|90/100
|
|t:|1760386565
|switch|p1a: Slowking|Slowking-Galar, M|100/100|[from] U-turn
|
|-weather|Snowscape|[upkeep]
|upkeep
|turn|13
|
|t:|1760386575
|switch|p2a: Primarina|Primarina, F|18/100
|-activate|p2a: Primarina|move: Sticky Web
|-unboost|p2a: Primarina|spe|1
|move|p1a: Slowking|Future Sight|p2a: Primarina
|-start|p1a: Slowking|move: Future Sight
|
|-weather|Snowscape|[upkeep]
|upkeep
|turn|14
|
|t:|1760386581
|move|p2a: Primarina|Flip Turn|p1a: Slowking
|-damage|p1a: Slowking|76/100
|
|t:|1760386584
|switch|p2a: Araquanid|Araquanid, F|29/100 par|[from] Flip Turn
|-activate|p2a: Araquanid|move: Sticky Web
|-unboost|p2a: Araquanid|spe|1
|move|p1a: Slowking|Sludge Bomb|p2a: Araquanid
|-damage|p2a: Araquanid|2/100 par
|
|-weather|none
|-heal|p2a: Araquanid|8/100 par|[from] item: Leftovers
|upkeep
|turn|15
|
|t:|1760386593
|move|p1a: Slowking|Sludge Bomb|p2a: Araquanid
|-damage|p2a: Araquanid|0 fnt
|faint|p2a: Araquanid
|
|-hint|Future Sight did not hit because the target is fainted.
|upkeep
|
|t:|1760386599
|switch|p2a: Darkrai|Darkrai|100/100
|-activate|p2a: Darkrai|move: Sticky Web
|-unboost|p2a: Darkrai|spe|1
|turn|16
|
|t:|1760386602
|move|p2a: Darkrai|Dark Pulse|p1a: Slowking
|-supereffective|p1a: Slowking
|-damage|p1a: Slowking|8/100
|move|p1a: Slowking|Thunder Wave|p2a: Darkrai
|-status|p2a: Darkrai|par
|
|upkeep
|turn|17
|
|t:|1760386608
|move|p2a: Darkrai|Dark Pulse|p1a: Slowking
|-supereffective|p1a: Slowking
|-damage|p1a: Slowking|0 fnt
|faint|p1a: Slowking
|
|upkeep
|
|t:|1760386611
|switch|p1a: Corviknight|Corviknight, M|17/100
|-ability|p1a: Corviknight|Pressure
|turn|18
|
|t:|1760386617
|switch|p2a: Oricorio|Oricorio-Pom-Pom, M|90/100
|move|p1a: Corviknight|Defog|p2a: Oricorio
|-unboost|p2a: Oricorio|evasion|1
|-sideend|p2: homerac|Sticky Web|[from] move: Defog|[of] p1a: Corviknight
|-sideend|p1: bloodmoon55|Sticky Web|[from] move: Defog|[of] p1a: Corviknight
|
|upkeep
|turn|19
|
|t:|1760386624
|move|p2a: Oricorio|Quiver Dance|p2a: Oricorio
|-boost|p2a: Oricorio|spa|1
|-boost|p2a: Oricorio|spd|1
|-boost|p2a: Oricorio|spe|1
|move|p1a: Corviknight|U-turn|p2a: Oricorio
|-resisted|p2a: Oricorio
|-damage|p2a: Oricorio|79/100
|
|t:|1760386626
|switch|p1a: Meowscarada|Meowscarada, F|72/100|[from] U-turn
|
|upkeep
|turn|20
|
|t:|1760386632
|move|p2a: Oricorio|Air Slash|p1a: Meowscarada
|-supereffective|p1a: Meowscarada
|-damage|p1a: Meowscarada|0 fnt
|faint|p1a: Meowscarada
|
|upkeep
|-message|bloodmoon55 forfeited.
|
|win|homerac
|raw|bloodmoon55's rating: 1269 &rarr; <strong>1243</strong><br />(-26 for losing)
|raw|homerac's rating: 1250 &rarr; <strong>1276</strong><br />(+26 for winning)
|l|☆bloodmoon55
|player|p1|
|l|☆homerac
|player|p2|
