|j|☆waterdrinker48
|j|☆LeonOnRoids
|t:|1760365691
|gametype|singles
|player|p1|waterdrinker48|miku-ghost|1185
|player|p2|LeonOnRoids|swimmerf|1218
|gen|9
|tier|[Gen 9] OU
|rated|
|rule|HP Percentage Mod: HP is shown in percentages
|rule|Endless Battle Clause: Forcing endless battles is banned
|rule|Species Clause: Limit one of each Pokémon
|rule|OHKO Clause: OHKO moves are banned
|rule|Evasion Items Clause: Evasion items are banned
|rule|Evasion Moves Clause: Evasion moves are banned
|rule|Evasion Abilities Clause: Evasion abilities are banned
|rule|Sleep Moves Clause: Sleep-inducing moves are banned
|clearpoke
|poke|p1|Sneasel-Hisui, F|
|poke|p1|Kingambit, F|
|poke|p1|Dragapult, M|
|poke|p1|Landorus-Therian, M|
|poke|p1|Slowking-Galar, M|
|poke|p1|Corviknight, M|
|poke|p2|Garganacl, F|
|poke|p2|Dragapult, F|
|poke|p2|Ogerpon-Wellspring, F|
|poke|p2|Moltres|
|poke|p2|Zamazenta-*|
|poke|p2|Iron Treads|
|teampreview
|inactive|Battle timer is ON: inactive players will automatically lose when time's up. (requested by LeonOnRoids)
|inactive|waterdrinker48 also wants the timer to be on.
|
|t:|1760365707
|teamsize|p1|6
|teamsize|p2|6
|start
|switch|p1a: Landorus|Landorus-Therian, M|100/100
|switch|p2a: Garganacl|Garganacl, F|100/100
|-ability|p1a: Landorus|Intimidate|boost
|-unboost|p2a: Garganacl|atk|1
|turn|1
|
|t:|1760365719
|move|p1a: Landorus|Taunt|p2a: Garganacl
|-start|p2a: Garganacl|move: Taunt
|move|p2a: Garganacl|Salt Cure|p1a: Landorus
|-damage|p1a: Landorus|92/100
|-start|p1a: Landorus|Salt Cure
|
|-damage|p1a: Landorus|80/100|[from] Salt Cure
|upkeep
|turn|2
|
|t:|1760365734
|move|p1a: Landorus|Stealth Rock|p2a: Garganacl
|-sidestart|p2: LeonOnRoids|move: Stealth Rock
|move|p2a: Garganacl|Salt Cure|p1a: Landorus
|-damage|p1a: Landorus|71/100
|
|-damage|p1a: Landorus|59/100|[from] Salt Cure
|upkeep
|turn|3
|
|t:|1760365741
|move|p1a: Landorus|U-turn|p2a: Garganacl
|-damage|p2a: Garganacl|86/100
|
|t:|1760365744
|switch|p1a: Slowking|Slowking-Galar, M|100/100|[from] U-turn
|move|p2a: Garganacl|Salt Cure|p1a: Slowking
|-damage|p1a: Slowking|91/100
|-start|p1a: Slowking|Salt Cure
|
|-heal|p2a: Garganacl|92/100|[from] item: Leftovers
|-damage|p1a: Slowking|79/100|[from] Salt Cure
|-end|p2a: Garganacl|move: Taunt
|upkeep
|turn|4
|
|t:|1760365771
|switch|p2a: Iron Treads|Iron Treads|100/100
|-damage|p2a: Iron Treads|98/100|[from] Stealth Rock
|move|p1a: Slowking|Future Sight|p2a: Iron Treads
|-start|p1a: Slowking|move: Future Sight
|
|-heal|p2a: Iron Treads|100/100|[from] item: Leftovers
|-damage|p1a: Slowking|66/100|[from] Salt Cure
|upkeep
|turn|5
|
|t:|1760365790
|switch|p1a: Dragapult|Dragapult, M|100/100
|move|p2a: Iron Treads|Knock Off|p1a: Dragapult
|-supereffective|p1a: Dragapult
|-damage|p1a: Dragapult|37/100
|-enditem|p1a: Dragapult|Choice Specs|[from] move: Knock Off|[of] p2a: Iron Treads
|
|upkeep
|turn|6
|
|t:|1760365799
|move|p1a: Dragapult|Flamethrower|p2a: Iron Treads
|-supereffective|p2a: Iron Treads
|-damage|p2a: Iron Treads|58/100
|move|p2a: Iron Treads|Stealth Rock|p1a: Dragapult
|-sidestart|p1: waterdrinker48|move: Stealth Rock
|
|-end|p2a: Iron Treads|move: Future Sight
|-resisted|p2a: Iron Treads
|-crit|p2a: Iron Treads
|-damage|p2a: Iron Treads|30/100
|-heal|p2a: Iron Treads|36/100|[from] item: Leftovers
|upkeep
|turn|7
|
|t:|1760365811
|-end|p2a: Iron Treads|Quark Drive|[silent]
|switch|p2a: Moltres|Moltres|100/100
|move|p1a: Dragapult|Flamethrower|p2a: Moltres
|-resisted|p2a: Moltres
|-damage|p2a: Moltres|88/100
|
|upkeep
|turn|8
|
|t:|1760365830
|move|p1a: Dragapult|U-turn|p2a: Moltres
|-resisted|p2a: Moltres
|-damage|p2a: Moltres|85/100
|-status|p1a: Dragapult|brn|[from] ability: Flame Body|[of] p2a: Moltres
|
|t:|1760365834
|switch|p1a: Slowking|Slowking-Galar, M|99/100|[from] U-turn
|move|p2a: Moltres|Flamethrower|p1a: Slowking
|-damage|p1a: Slowking|76/100
|
|upkeep
|turn|9
|
|t:|1760365841
|move|p2a: Moltres|Will-O-Wisp|p1a: Slowking
|-status|p1a: Slowking|brn
|move|p1a: Slowking|Future Sight|p2a: Moltres
|-start|p1a: Slowking|move: Future Sight
|
|-damage|p1a: Slowking|70/100 brn|[from] brn
|upkeep
|turn|10
|l|☆waterdrinker48
|inactive|waterdrinker48 disconnected and has a minute to reconnect!
|player|p1|
|j|☆waterdrinker48
|inactive|waterdrinker48 reconnected and has 135 seconds left.
|player|p1|waterdrinker48|miku-ghost|
|inactive|waterdrinker48 has 120 seconds left.
|
|t:|1760365876
|switch|p2a: Iron Treads|Iron Treads|36/100
|-damage|p2a: Iron Treads|33/100|[from] Stealth Rock
|move|p1a: Slowking|Toxic|p2a: Iron Treads
|-immune|p2a: Iron Treads
|
|-heal|p2a: Iron Treads|39/100|[from] item: Leftovers
|-damage|p1a: Slowking|64/100 brn|[from] brn
|upkeep
|turn|11
|inactive|waterdrinker48 has 120 seconds left.
|
|t:|1760365891
|switch|p1a: Landorus|Landorus-Therian, M|59/100
|-damage|p1a: Landorus|46/100|[from] Stealth Rock
|-ability|p1a: Landorus|Intimidate|boost
|-unboost|p2a: Iron Treads|atk|1
|move|p2a: Iron Treads|Knock Off|p1a: Landorus
|-damage|p1a: Landorus|31/100
|-damage|p2a: Iron Treads|23/100|[from] item: Rocky Helmet|[of] p1a: Landorus
|-enditem|p1a: Landorus|Rocky Helmet|[from] move: Knock Off|[of] p2a: Iron Treads
|
|-end|p2a: Iron Treads|move: Future Sight
|-resisted|p2a: Iron Treads
|-damage|p2a: Iron Treads|4/100
|-heal|p2a: Iron Treads|10/100|[from] item: Leftovers
|upkeep
|turn|12
|
|t:|1760365905
|move|p1a: Landorus|Earthquake|p2a: Iron Treads
|-supereffective|p2a: Iron Treads
|-damage|p2a: Iron Treads|0 fnt
|faint|p2a: Iron Treads
|-end|p2a: Iron Treads|Quark Drive|[silent]
|
|upkeep
|
|t:|1760365917
|switch|p2a: Dragapult|Dragapult, F|100/100
|turn|13
|
|t:|1760365923
|move|p2a: Dragapult|Hex|p1a: Landorus
|-damage|p1a: Landorus|3/100
|move|p1a: Landorus|Earthquake|p2a: Dragapult
|-damage|p2a: Dragapult|41/100
|
|upkeep
|turn|14
|
|t:|1760365930
|move|p2a: Dragapult|Hex|p1a: Landorus
|-crit|p1a: Landorus
|-damage|p1a: Landorus|0 fnt
|faint|p1a: Landorus
|
|upkeep
|
|t:|1760365936
|switch|p1a: Dragapult|Dragapult, M|37/100 brn
|-damage|p1a: Dragapult|25/100 brn|[from] Stealth Rock
|turn|15
|
|t:|1760365943
|switch|p2a: Garganacl|Garganacl, F|92/100
|-damage|p2a: Garganacl|79/100|[from] Stealth Rock
|move|p1a: Dragapult|Shadow Ball|p2a: Garganacl
|-damage|p2a: Garganacl|67/100
|
|-heal|p2a: Garganacl|74/100|[from] item: Leftovers
|-damage|p1a: Dragapult|19/100 brn|[from] brn
|upkeep
|turn|16
|
|t:|1760365962
|move|p1a: Dragapult|Draco Meteor|p2a: Garganacl
|-crit|p2a: Garganacl
|-damage|p2a: Garganacl|23/100
|-unboost|p1a: Dragapult|spa|2
|move|p2a: Garganacl|Salt Cure|p1a: Dragapult
|-damage|p1a: Dragapult|1/100 brn
|-start|p1a: Dragapult|Salt Cure
|
|-heal|p2a: Garganacl|29/100|[from] item: Leftovers
|-damage|p1a: Dragapult|0 fnt|[from] brn
|faint|p1a: Dragapult
|upkeep
|
|t:|1760365967
|switch|p1a: Sneasel|Sneasel-Hisui, F|100/100
|-damage|p1a: Sneasel|95/100|[from] Stealth Rock
|turn|17
|
|t:|1760365977
|-terastallize|p2a: Garganacl|Electric
|move|p1a: Sneasel|Swords Dance|p1a: Sneasel
|-boost|p1a: Sneasel|atk|2
|move|p2a: Garganacl|Recover|p2a: Garganacl
|-heal|p2a: Garganacl|79/100
|
|-heal|p2a: Garganacl|85/100|[from] item: Leftovers
|upkeep
|turn|18
|
|t:|1760365983
|move|p1a: Sneasel|Poison Jab|p2a: Garganacl
|-damage|p2a: Garganacl|43/100
|move|p2a: Garganacl|Salt Cure|p1a: Sneasel
|-resisted|p1a: Sneasel
|-damage|p1a: Sneasel|85/100
|-start|p1a: Sneasel|Salt Cure
|
|-heal|p2a: Garganacl|49/100|[from] item: Leftovers
|-damage|p1a: Sneasel|72/100|[from] Salt Cure
|upkeep
|turn|19
|
|t:|1760366007
|move|p1a: Sneasel|Poison Jab|p2a: Garganacl
|-damage|p2a: Garganacl|7/100
|move|p2a: Garganacl|Recover|p2a: Garganacl
|-heal|p2a: Garganacl|57/100
|
|-heal|p2a: Garganacl|63/100|[from] item: Leftovers
|-damage|p1a: Sneasel|60/100|[from] Salt Cure
|upkeep
|turn|20
|
|t:|1760366013
|move|p1a: Sneasel|Swords Dance|p1a: Sneasel
|-boost|p1a: Sneasel|atk|2
|move|p2a: Garganacl|Recover|p2a: Garganacl
|-heal|p2a: Garganacl|100/100
|
|-damage|p1a: Sneasel|48/100|[from] Salt Cure
|upkeep
|turn|21
|
|t:|1760366018
|move|p1a: Sneasel|Close Combat|p2a: Garganacl
|-crit|p2a: Garganacl
|-damage|p2a: Garganacl|0 fnt
|-unboost|p1a: Sneasel|def|1
|-unboost|p1a: Sneasel|spd|1
|faint|p2a: Garganacl
|
|-damage|p1a: Sneasel|35/100|[from] Salt Cure
|upkeep
|
|t:|1760366033
|switch|p2a: Dragapult|Dragapult, F|41/100
|turn|22
|
|t:|1760366041
|move|p2a: Dragapult|U-turn|p1a: Sneasel
|-resisted|p1a: Sneasel
|-damage|p1a: Sneasel|25/100
|
|t:|1760366046
|switch|p2a: Zamazenta|Zamazenta|100/100|[from] U-turn
|-damage|p2a: Zamazenta|94/100|[from] Stealth Rock
|-ability|p2a: Zamazenta|Dauntless Shield|boost
|-boost|p2a: Zamazenta|def|1
|move|p1a: Sneasel|Shadow Claw|p2a: Zamazenta
|-damage|p2a: Zamazenta|57/100
|
|-damage|p1a: Sneasel|13/100|[from] Salt Cure
|upkeep
|turn|23
|
|t:|1760366059
|move|p2a: Zamazenta|Heavy Slam|p1a: Sneasel
|-damage|p1a: Sneasel|0 fnt
|faint|p1a: Sneasel
|
|upkeep
|
|t:|1760366065
|switch|p1a: Slowking|Slowking-Galar, M|97/100 brn
|turn|24
|
|t:|1760366070
|move|p2a: Zamazenta|Crunch|p1a: Slowking
|-supereffective|p1a: Slowking
|-damage|p1a: Slowking|30/100 brn
|move|p1a: Slowking|Future Sight|p2a: Zamazenta
|-start|p1a: Slowking|move: Future Sight
|
|-damage|p1a: Slowking|24/100 brn|[from] brn
|upkeep
|turn|25
|
|t:|1760366078
|switch|p1a: Corviknight|Corviknight, M|100/100
|-ability|p1a: Corviknight|Pressure
|move|p2a: Zamazenta|Close Combat|p1a: Corviknight
|-damage|p1a: Corviknight|65/100
|-unboost|p2a: Zamazenta|def|1
|-unboost|p2a: Zamazenta|spd|1
|
|upkeep
|turn|26
|inactive|LeonOnRoids has 120 seconds left.
|
|t:|1760366108
|switch|p2a: Ogerpon|Ogerpon-Wellspring, F|100/100
|-damage|p2a: Ogerpon|88/100|[from] Stealth Rock
|move|p1a: Corviknight|Defog|p2a: Ogerpon
|-unboost|p2a: Ogerpon|evasion|1
|-sideend|p2: LeonOnRoids|Stealth Rock|[from] move: Defog|[of] p1a: Corviknight
|-sideend|p1: waterdrinker48|Stealth Rock|[from] move: Defog|[of] p1a: Corviknight
|
|-end|p2a: Ogerpon|move: Future Sight
|-crit|p2a: Ogerpon
|-damage|p2a: Ogerpon|25/100
|upkeep
|turn|27
|
|t:|1760366117
|move|p2a: Ogerpon|Synthesis|p2a: Ogerpon
|-heal|p2a: Ogerpon|75/100
|move|p1a: Corviknight|U-turn|p2a: Ogerpon
|-supereffective|p2a: Ogerpon
|-damage|p2a: Ogerpon|42/100
|
|t:|1760366120
|switch|p1a: Slowking|Slowking-Galar, M|57/100 brn|[from] U-turn
|
|-damage|p1a: Slowking|51/100 brn|[from] brn
|upkeep
|turn|28
|
|t:|1760366129
|move|p2a: Ogerpon|Swords Dance|p2a: Ogerpon
|-boost|p2a: Ogerpon|atk|2
|move|p1a: Slowking|Toxic|p2a: Ogerpon
|-status|p2a: Ogerpon|tox
|
|-damage|p2a: Ogerpon|36/100 tox|[from] psn
|-damage|p1a: Slowking|45/100 brn|[from] brn
|upkeep
|turn|29
|
|t:|1760366133
|switch|p1a: Corviknight|Corviknight, M|65/100
|-ability|p1a: Corviknight|Pressure
|move|p2a: Ogerpon|Synthesis|p2a: Ogerpon
|-heal|p2a: Ogerpon|86/100 tox
|
|-damage|p2a: Ogerpon|74/100 tox|[from] psn
|upkeep
|turn|30
|
|t:|1760366142
|move|p2a: Ogerpon|Ivy Cudgel|p1a: Corviknight|[anim] Ivy Cudgel Water
|-damage|p1a: Corviknight|0 fnt
|faint|p1a: Corviknight
|
|-damage|p2a: Ogerpon|55/100 tox|[from] psn
|upkeep
|
|t:|1760366146
|switch|p1a: Slowking|Slowking-Galar, M|78/100 brn
|turn|31
|
|t:|1760366152
|move|p2a: Ogerpon|Synthesis|p2a: Ogerpon
|-heal|p2a: Ogerpon|100/100 tox
|move|p1a: Slowking|Future Sight|p2a: Ogerpon
|-start|p1a: Slowking|move: Future Sight
|
|-damage|p2a: Ogerpon|76/100 tox|[from] psn
|-damage|p1a: Slowking|72/100 brn|[from] brn
|upkeep
|turn|32
|
|t:|1760366158
|move|p2a: Ogerpon|Ivy Cudgel|p1a: Slowking|[anim] Ivy Cudgel Water
|-damage|p1a: Slowking|0 fnt
|faint|p1a: Slowking
|
|-damage|p2a: Ogerpon|45/100 tox|[from] psn
|upkeep
|
|t:|1760366161
|switch|p1a: Kingambit|Kingambit, F|100/100
|-activate|p1a: Kingambit|ability: Supreme Overlord
|-start|p1a: Kingambit|fallen5|[silent]
|turn|33
|
|t:|1760366169
|move|p1a: Kingambit|Sucker Punch||[still]
|-fail|p1a: Kingambit
|move|p2a: Ogerpon|Synthesis|p2a: Ogerpon
|-heal|p2a: Ogerpon|95/100 tox
|
|-end|p2a: Ogerpon|move: Future Sight
|-damage|p2a: Ogerpon|52/100 tox
|-damage|p2a: Ogerpon|15/100 tox|[from] psn
|upkeep
|turn|34
|
|t:|1760366184
|move|p2a: Ogerpon|Ivy Cudgel|p1a: Kingambit|[anim] Ivy Cudgel Water
|-damage|p1a: Kingambit|25/100
|move|p1a: Kingambit|Kowtow Cleave|p2a: Ogerpon
|-damage|p2a: Ogerpon|0 fnt
|faint|p2a: Ogerpon
|
|upkeep
|c|☆LeonOnRoids|lol
|
|t:|1760366191
|switch|p2a: Moltres|Moltres|85/100
|turn|35
|
|t:|1760366196
|move|p2a: Moltres|Will-O-Wisp|p1a: Kingambit
|-status|p1a: Kingambit|brn
|-enditem|p1a: Kingambit|Lum Berry|[eat]
|-curestatus|p1a: Kingambit|brn|[msg]
|move|p1a: Kingambit|Kowtow Cleave|p2a: Moltres
|-damage|p2a: Moltres|23/100
|
|upkeep
|turn|36
|
|t:|1760366202
|move|p2a: Moltres|Will-O-Wisp|p1a: Kingambit
|-status|p1a: Kingambit|brn
|move|p1a: Kingambit|Kowtow Cleave|p2a: Moltres
|-damage|p2a: Moltres|0 fnt
|faint|p2a: Moltres
|
|-damage|p1a: Kingambit|19/100 brn|[from] brn
|upkeep
|
|t:|1760366209
|switch|p2a: Zamazenta|Zamazenta|57/100
|turn|37
|
|t:|1760366217
|-terastallize|p1a: Kingambit|Flying
|move|p2a: Zamazenta|Close Combat|p1a: Kingambit
|-resisted|p1a: Kingambit
|-damage|p1a: Kingambit|0 fnt
|-unboost|p2a: Zamazenta|def|1
|-unboost|p2a: Zamazenta|spd|1
|faint|p1a: Kingambit
|-end|p1a: Kingambit|fallen5|[silent]
|
|win|LeonOnRoids
|raw|waterdrinker48's rating: 1185 &rarr; <strong>1162</strong><br />(-23 for losing)
|raw|LeonOnRoids's rating: 1218 &rarr; <strong>1241</strong><br />(+23 for winning)
|l|☆waterdrinker48
|player|p1|
|l|☆LeonOnRoids
|player|p2|
