|j|☆djamaO
|j|☆goshdarnittt
|t:|1760459765
|gametype|singles
|player|p1|djamaO|benga|1570
|player|p2|goshdarnittt|2|1602
|gen|9
|tier|[Gen 9] OU
|rated|
|rule|HP Percentage Mod: HP is shown in percentages
|rule|Endless Battle Clause: Forcing endless battles is banned
|rule|Species Clause: Limit one of each Pokémon
|rule|OHKO Clause: OHKO moves are banned
|rule|Evasion Items Clause: Evasion items are banned
|rule|Evasion Moves Clause: Evasion moves are banned
|rule|Evasion Abilities Clause: Evasion abilities are banned
|rule|Sleep Moves Clause: Sleep-inducing moves are banned
|clearpoke
|poke|p1|Garchomp, M|
|poke|p1|Alomomola, M|
|poke|p1|Slowking-Galar, M|
|poke|p1|Ditto|
|poke|p1|Great Tusk|
|poke|p1|Dragapult, M|
|poke|p2|Slowking-Galar, M|
|poke|p2|Iron Valiant|
|poke|p2|Dragonite, M|
|poke|p2|Gholdengo|
|poke|p2|Moltres|
|poke|p2|Great Tusk|
|teampreview
|inactive|Battle timer is ON: inactive players will automatically lose when time's up. (requested by djamaO)
|inactive|goshdarnittt has 120 seconds left.
|
|t:|1760459806
|teamsize|p1|6
|teamsize|p2|6
|start
|switch|p1a: Ditto|Ditto|100/100
|switch|p2a: Great Tusk|Great Tusk|100/100
|-transform|p1a: Ditto|p2a: Great Tusk|[from] ability: Imposter
|turn|1
|
|t:|1760459815
|-end|p1a: Ditto|Protosynthesis|[silent]
|switch|p1a: Alomomola|Alomomola, M|100/100
|move|p2a: Great Tusk|Rapid Spin|p1a: Alomomola
|-damage|p1a: Alomomola|91/100
|-boost|p2a: Great Tusk|spe|1
|
|upkeep
|turn|2
|
|t:|1760459822
|-end|p2a: Great Tusk|Protosynthesis|[silent]
|switch|p2a: Slowking|Slowking-Galar, M|100/100
|move|p1a: Alomomola|Scald|p2a: Slowking
|-damage|p2a: Slowking|93/100
|
|upkeep
|turn|3
|
|t:|1760459829
|move|p1a: Alomomola|Flip Turn|p2a: Slowking
|-damage|p2a: Slowking|77/100
|
|t:|1760459832
|switch|p1a: Slowking|Slowking-Galar, M|100/100|[from] Flip Turn
|move|p2a: Slowking|Future Sight|p1a: Slowking
|-start|p2a: Slowking|move: Future Sight
|
|upkeep
|turn|4
|
|t:|1760459840
|switch|p2a: Gholdengo|Gholdengo|100/100
|move|p1a: Slowking|Future Sight|p2a: Gholdengo
|-start|p1a: Slowking|move: Future Sight
|
|upkeep
|turn|5
|
|t:|1760459848
|move|p2a: Gholdengo|Shadow Ball|p1a: Slowking
|-supereffective|p1a: Slowking
|-damage|p1a: Slowking|46/100
|-prepare|p1a: Slowking|Chilly Reception|[premajor]
|move|p1a: Slowking|Chilly Reception|p1a: Slowking
|-weather|Snowscape
|
|t:|1760459855
|switch|p1a: Ditto|Ditto|100/100|[from] Chilly Reception
|-transform|p1a: Ditto|p2a: Gholdengo|[from] ability: Imposter
|
|-weather|Snowscape|[upkeep]
|-end|p1a: Ditto|move: Future Sight
|-resisted|p1a: Ditto
|-damage|p1a: Ditto|61/100
|upkeep
|turn|6
|
|t:|1760459864
|move|p1a: Ditto|Shadow Ball|p2a: Gholdengo
|-supereffective|p2a: Gholdengo
|-damage|p2a: Gholdengo|5/100
|-unboost|p2a: Gholdengo|spd|1
|move|p2a: Gholdengo|Shadow Ball|p1a: Ditto
|-supereffective|p1a: Ditto
|-damage|p1a: Ditto|0 fnt
|faint|p1a: Ditto
|
|-weather|Snowscape|[upkeep]
|-end|p2a: Gholdengo|move: Future Sight
|-resisted|p2a: Gholdengo
|-damage|p2a: Gholdengo|0 fnt
|faint|p2a: Gholdengo
|upkeep
|
|t:|1760459877
|switch|p2a: Great Tusk|Great Tusk|100/100
|switch|p1a: Great Tusk|Great Tusk|100/100
|turn|7
|
|t:|1760459883
|move|p2a: Great Tusk|Stealth Rock|p1a: Great Tusk
|-sidestart|p1: djamaO|move: Stealth Rock
|move|p1a: Great Tusk|Knock Off|p2a: Great Tusk
|-resisted|p2a: Great Tusk
|-damage|p2a: Great Tusk|88/100
|-enditem|p2a: Great Tusk|Heavy-Duty Boots|[from] move: Knock Off|[of] p1a: Great Tusk
|
|-weather|Snowscape|[upkeep]
|upkeep
|turn|8
|
|t:|1760459890
|-end|p2a: Great Tusk|Protosynthesis|[silent]
|switch|p2a: Moltres|Moltres|100/100
|move|p1a: Great Tusk|Rapid Spin|p2a: Moltres
|-damage|p2a: Moltres|88/100
|-boost|p1a: Great Tusk|spe|1
|-sideend|p1: djamaO|Stealth Rock|[from] move: Rapid Spin|[of] p1a: Great Tusk
|
|-weather|Snowscape|[upkeep]
|upkeep
|turn|9
|
|t:|1760459901
|-end|p1a: Great Tusk|Protosynthesis|[silent]
|switch|p1a: Slowking|Slowking-Galar, M|79/100
|move|p2a: Moltres|Flamethrower|p1a: Slowking
|-damage|p1a: Slowking|58/100
|
|-weather|none
|upkeep
|turn|10
|
|t:|1760459908
|move|p2a: Moltres|U-turn|p1a: Slowking
|-damage|p1a: Slowking|44/100
|
|t:|1760459911
|switch|p2a: Great Tusk|Great Tusk|88/100|[from] U-turn
|move|p1a: Slowking|Future Sight|p2a: Great Tusk
|-start|p1a: Slowking|move: Future Sight
|
|upkeep
|turn|11
|
|t:|1760459916
|switch|p1a: Alomomola|Alomomola, M|100/100
|move|p2a: Great Tusk|Stealth Rock|p1a: Alomomola
|-sidestart|p1: djamaO|move: Stealth Rock
|
|upkeep
|turn|12
|
|t:|1760459921
|-end|p2a: Great Tusk|Protosynthesis|[silent]
|switch|p2a: Slowking|Slowking-Galar, M|100/100
|move|p1a: Alomomola|Flip Turn|p2a: Slowking
|-damage|p2a: Slowking|85/100
|
|t:|1760459926
|switch|p1a: Dragapult|Dragapult, M|100/100|[from] Flip Turn
|-damage|p1a: Dragapult|88/100|[from] Stealth Rock
|
|-end|p2a: Slowking|move: Future Sight
|-damage|p2a: Slowking|59/100
|upkeep
|turn|13
|
|t:|1760459940
|-terastallize|p2a: Slowking|Water
|move|p1a: Dragapult|Shadow Ball|p2a: Slowking
|-damage|p2a: Slowking|29/100
|move|p2a: Slowking|Ice Beam|p1a: Dragapult
|-supereffective|p1a: Dragapult
|-damage|p1a: Dragapult|11/100
|
|upkeep
|turn|14
|
|t:|1760459963
|switch|p2a: Iron Valiant|Iron Valiant|100/100
|-enditem|p2a: Iron Valiant|Booster Energy
|-activate|p2a: Iron Valiant|ability: Quark Drive|[fromitem]
|-start|p2a: Iron Valiant|quarkdrivespe
|move|p1a: Dragapult|Shadow Ball|p2a: Iron Valiant
|-damage|p2a: Iron Valiant|0 fnt
|faint|p2a: Iron Valiant
|-end|p2a: Iron Valiant|Quark Drive|[silent]
|
|upkeep
|
|t:|1760459970
|switch|p2a: Slowking|Slowking-Galar, M, tera:Water|62/100
|turn|15
|
|t:|1760459975
|switch|p1a: Slowking|Slowking-Galar, M|78/100
|move|p2a: Slowking|Sludge Bomb|p1a: Slowking
|-resisted|p1a: Slowking
|-damage|p1a: Slowking|65/100
|
|upkeep
|turn|16
|
|t:|1760459985
|switch|p2a: Great Tusk|Great Tusk|88/100
|move|p1a: Slowking|Sludge Bomb|p2a: Great Tusk
|-resisted|p2a: Great Tusk
|-damage|p2a: Great Tusk|60/100
|
|upkeep
|turn|17
|
|t:|1760459992
|switch|p1a: Alomomola|Alomomola, M|100/100
|move|p2a: Great Tusk|Headlong Rush|p1a: Alomomola
|-damage|p1a: Alomomola|64/100
|-unboost|p2a: Great Tusk|def|1
|-unboost|p2a: Great Tusk|spd|1
|
|upkeep
|turn|18
|
|t:|1760459999
|-end|p2a: Great Tusk|Protosynthesis|[silent]
|switch|p2a: Moltres|Moltres|88/100
|move|p1a: Alomomola|Wish|p1a: Alomomola
|
|upkeep
|turn|19
|
|t:|1760460006
|move|p1a: Alomomola|Flip Turn|p2a: Moltres
|-supereffective|p2a: Moltres
|-damage|p2a: Moltres|67/100
|
|t:|1760460014
|switch|p1a: Slowking|Slowking-Galar, M|98/100|[from] Flip Turn
|move|p2a: Moltres|Roar|p1a: Slowking
|drag|p1a: Garchomp|Garchomp, M|100/100
|-damage|p1a: Garchomp|94/100|[from] Stealth Rock
|
|-heal|p1a: Garchomp|100/100|[from] move: Wish|[wisher] Alomomola
|upkeep
|turn|20
|
|t:|1760460024
|move|p1a: Garchomp|Stone Edge|p2a: Moltres
|-supereffective|p2a: Moltres
|-damage|p2a: Moltres|0 fnt
|faint|p2a: Moltres
|
|upkeep
|
|t:|1760460028
|switch|p2a: Slowking|Slowking-Galar, M, tera:Water|95/100
|turn|21
|
|t:|1760460034
|switch|p1a: Slowking|Slowking-Galar, M|100/100
|move|p2a: Slowking|Future Sight|p1a: Slowking
|-start|p2a: Slowking|move: Future Sight
|
|upkeep
|turn|22
|
|t:|1760460039
|move|p2a: Slowking|Ice Beam|p1a: Slowking
|-damage|p1a: Slowking|82/100
|move|p1a: Slowking|Future Sight|p2a: Slowking
|-start|p1a: Slowking|move: Future Sight
|
|upkeep
|turn|23
|
|t:|1760460044
|move|p2a: Slowking|Ice Beam|p1a: Slowking
|-damage|p1a: Slowking|64/100
|-status|p1a: Slowking|frz
|cant|p1a: Slowking|frz
|
|-end|p1a: Slowking|move: Future Sight
|-damage|p1a: Slowking|26/100 frz
|upkeep
|turn|24
|
|t:|1760460056
|switch|p1a: Alomomola|Alomomola, M|97/100
|move|p2a: Slowking|Future Sight|p1a: Alomomola
|-start|p2a: Slowking|move: Future Sight
|
|-end|p2a: Slowking|move: Future Sight
|-damage|p2a: Slowking|72/100
|upkeep
|turn|25
|
|t:|1760460064
|switch|p1a: Slowking|Slowking-Galar, M|59/100 frz
|move|p2a: Slowking|Sludge Bomb|p1a: Slowking
|-resisted|p1a: Slowking
|-damage|p1a: Slowking|46/100 frz
|
|upkeep
|turn|26
|
|t:|1760460077
|switch|p2a: Great Tusk|Great Tusk|60/100
|switch|p1a: Alomomola|Alomomola, M|100/100
|
|-end|p1a: Alomomola|move: Future Sight
|-damage|p1a: Alomomola|28/100
|upkeep
|turn|27
|
|t:|1760460085
|switch|p1a: Great Tusk|Great Tusk|100/100
|-damage|p1a: Great Tusk|98/100|[from] Stealth Rock
|move|p2a: Great Tusk|Headlong Rush|p1a: Great Tusk
|-damage|p1a: Great Tusk|65/100
|-unboost|p2a: Great Tusk|def|1
|-unboost|p2a: Great Tusk|spd|1
|
|-heal|p1a: Great Tusk|71/100|[from] item: Leftovers
|upkeep
|turn|28
|
|t:|1760460095
|move|p2a: Great Tusk|Ice Spinner|p1a: Great Tusk
|-supereffective|p1a: Great Tusk
|-damage|p1a: Great Tusk|37/100
|move|p1a: Great Tusk|Rapid Spin|p2a: Great Tusk
|-damage|p2a: Great Tusk|40/100
|-boost|p1a: Great Tusk|spe|1
|-sideend|p1: djamaO|Stealth Rock|[from] move: Rapid Spin|[of] p1a: Great Tusk
|
|-heal|p1a: Great Tusk|44/100|[from] item: Leftovers
|upkeep
|turn|29
|
|t:|1760460104
|move|p1a: Great Tusk|Ice Spinner|p2a: Great Tusk
|-supereffective|p2a: Great Tusk
|-damage|p2a: Great Tusk|0 fnt
|faint|p2a: Great Tusk
|-end|p2a: Great Tusk|Protosynthesis|[silent]
|
|-heal|p1a: Great Tusk|50/100|[from] item: Leftovers
|upkeep
|
|t:|1760460106
|switch|p2a: Slowking|Slowking-Galar, M, tera:Water|100/100
|turn|30
|
|t:|1760460115
|move|p1a: Great Tusk|Knock Off|p2a: Slowking
|-damage|p2a: Slowking|65/100
|-enditem|p2a: Slowking|Assault Vest|[from] move: Knock Off|[of] p1a: Great Tusk
|move|p2a: Slowking|Future Sight|p1a: Great Tusk
|-start|p2a: Slowking|move: Future Sight
|
|-heal|p1a: Great Tusk|56/100|[from] item: Leftovers
|upkeep
|turn|31
|
|t:|1760460122
|move|p1a: Great Tusk|Headlong Rush|p2a: Slowking
|-damage|p2a: Slowking|0 fnt
|-unboost|p1a: Great Tusk|def|1
|-unboost|p1a: Great Tusk|spd|1
|faint|p2a: Slowking
|
|-heal|p1a: Great Tusk|62/100|[from] item: Leftovers
|upkeep
|
|t:|1760460124
|switch|p2a: Dragonite|Dragonite, M|100/100
|turn|32
|
|t:|1760460130
|move|p1a: Great Tusk|Ice Spinner|p2a: Dragonite
|-supereffective|p2a: Dragonite
|-damage|p2a: Dragonite|40/100
|move|p2a: Dragonite|Dragon Dance|p2a: Dragonite
|-boost|p2a: Dragonite|atk|1
|-boost|p2a: Dragonite|spe|1
|
|-end|p1a: Great Tusk|move: Future Sight
|-supereffective|p1a: Great Tusk
|-damage|p1a: Great Tusk|0 fnt
|faint|p1a: Great Tusk
|-end|p1a: Great Tusk|Protosynthesis|[silent]
|upkeep
|
|t:|1760460139
|switch|p1a: Garchomp|Garchomp, M|100/100
|turn|33
|
|t:|1760460144
|move|p1a: Garchomp|Outrage|p2a: Dragonite
|-supereffective|p2a: Dragonite
|-damage|p2a: Dragonite|0 fnt
|faint|p2a: Dragonite
|
|win|djamaO
|raw|djamaO's rating: 1570 &rarr; <strong>1592</strong><br />(+22 for winning)
|raw|goshdarnittt's rating: 1602 &rarr; <strong>1580</strong><br />(-22 for losing)
|l|☆goshdarnittt
|player|p2|
|l|☆djamaO
|player|p1|
