|j|☆tijzen
|j|☆Sasuke0119
|t:|1760353929
|gametype|singles
|player|p1|tijzen|worker|1307
|player|p2|Sasuke0119|2|1290
|gen|9
|tier|[Gen 9] OU
|rated|
|rule|HP Percentage Mod: HP is shown in percentages
|rule|Endless Battle Clause: Forcing endless battles is banned
|rule|Species Clause: Limit one of each Pokémon
|rule|OHKO Clause: OHKO moves are banned
|rule|Evasion Items Clause: Evasion items are banned
|rule|Evasion Moves Clause: Evasion moves are banned
|rule|Evasion Abilities Clause: Evasion abilities are banned
|rule|Sleep Moves Clause: Sleep-inducing moves are banned
|clearpoke
|poke|p1|Alomomola, M|
|poke|p1|Raging Bolt|
|poke|p1|Lokix, F|
|poke|p1|Great Tusk|
|poke|p1|Latios, M|
|poke|p1|Snorlax, F|
|poke|p2|Dragonite, M|
|poke|p2|Gholdengo|
|poke|p2|Samurott-Hisui, F|
|poke|p2|Zapdos|
|poke|p2|Goodra-Hisui, F|
|poke|p2|Corviknight, F|
|teampreview
|inactive|Battle timer is ON: inactive players will automatically lose when time's up. (requested by Sasuke0119)
|
|t:|1760353936
|teamsize|p1|6
|teamsize|p2|6
|start
|switch|p1a: Great Tusk|Great Tusk|100/100
|switch|p2a: Samurott|Samurott-Hisui, F|100/100
|turn|1
|
|t:|1760353944
|move|p1a: Great Tusk|Close Combat|p2a: Samurott
|-supereffective|p2a: Samurott
|-damage|p2a: Samurott|0 fnt
|-unboost|p1a: Great Tusk|def|1
|-unboost|p1a: Great Tusk|spd|1
|faint|p2a: Samurott
|
|upkeep
|
|t:|1760353958
|switch|p2a: Zapdos|Zapdos|100/100
|turn|2
|
|t:|1760353967
|-end|p1a: Great Tusk|Protosynthesis|[silent]
|switch|p1a: Snorlax|Snorlax, F|100/100
|move|p2a: Zapdos|Hurricane|p1a: Snorlax
|-damage|p1a: Snorlax|81/100
|-start|p1a: Snorlax|confusion
|
|upkeep
|turn|3
|
|t:|1760353976
|move|p2a: Zapdos|Thunderbolt|p1a: Snorlax
|-damage|p1a: Snorlax|67/100
|-activate|p1a: Snorlax|confusion
|move|p1a: Snorlax|Body Slam|p2a: Zapdos
|-damage|p2a: Zapdos|68/100
|
|upkeep
|turn|4
|
|t:|1760353984
|move|p2a: Zapdos|Volt Switch|p1a: Snorlax
|-damage|p1a: Snorlax|55/100
|
|t:|1760353987
|switch|p2a: Gholdengo|Gholdengo|100/100|[from] Volt Switch
|-activate|p1a: Snorlax|confusion
|-damage|p1a: Snorlax|43/100|[from] confusion
|
|upkeep
|turn|5
|
|t:|1760353996
|move|p2a: Gholdengo|Make It Rain|p1a: Snorlax
|-damage|p1a: Snorlax|17/100
|-unboost|p2a: Gholdengo|spa|1
|-end|p1a: Snorlax|confusion
|move|p1a: Snorlax|Crunch|p2a: Gholdengo
|-supereffective|p2a: Gholdengo
|-damage|p2a: Gholdengo|53/100
|
|-heal|p2a: Gholdengo|59/100|[from] item: Leftovers
|upkeep
|turn|6
|
|t:|1760354006
|switch|p2a: Goodra|Goodra-Hisui, F|100/100
|switch|p1a: Alomomola|Alomomola, M|100/100
|
|upkeep
|turn|7
|
|t:|1760354012
|move|p1a: Alomomola|Wish|p1a: Alomomola
|move|p2a: Goodra|Dragon Tail|p1a: Alomomola
|-damage|p1a: Alomomola|89/100
|drag|p1a: Great Tusk|Great Tusk|100/100
|
|upkeep
|turn|8
|
|t:|1760354020
|move|p1a: Great Tusk|Stealth Rock|p2a: Goodra
|-sidestart|p2: Sasuke0119|move: Stealth Rock
|move|p2a: Goodra|Dragon Tail|p1a: Great Tusk|[miss]
|-miss|p2a: Goodra|p1a: Great Tusk
|
|upkeep
|turn|9
|-message|Sasuke0119 forfeited.
|
|win|tijzen
|raw|tijzen's rating: 1307 &rarr; <strong>1326</strong><br />(+19 for winning)
|raw|Sasuke0119's rating: 1290 &rarr; <strong>1266</strong><br />(-24 for losing)
|l|☆Sasuke0119
|player|p2|
|l|☆tijzen
|player|p1|
