|j|‽clodsirebiggestfan
|j|☆stariaki
|t:|1760452203
|gametype|singles
|player|p1|clodsirebiggestfan|miku-ghost|1784
|player|p2|stariaki|266|1817
|gen|9
|tier|[Gen 9] OU
|rated|
|rule|HP Percentage Mod: HP is shown in percentages
|rule|Endless Battle Clause: Forcing endless battles is banned
|rule|Species Clause: Limit one of each Pokémon
|rule|OHKO Clause: OHKO moves are banned
|rule|Evasion Items Clause: Evasion items are banned
|rule|Evasion Moves Clause: Evasion moves are banned
|rule|Evasion Abilities Clause: Evasion abilities are banned
|rule|Sleep Moves Clause: Sleep-inducing moves are banned
|clearpoke
|poke|p1|Kingambit, F|
|poke|p1|Clodsire, F|
|poke|p1|Zamazenta-*|
|poke|p1|Weezing-Galar, F|
|poke|p1|Ogerpon, F|
|poke|p1|Raging Bolt|
|poke|p2|Polteageist|
|poke|p2|Scizor, M|
|poke|p2|Dragonite, F|
|poke|p2|Great Tusk|
|poke|p2|Cinderace, F|
|poke|p2|Alomomola, M|
|teampreview
|
|t:|1760452218
|teamsize|p1|6
|teamsize|p2|6
|start
|switch|p1a: Ogerpon|Ogerpon, F|100/100
|switch|p2a: Scizor|Scizor, M|100/100
|turn|1
|
|t:|1760452221
|switch|p1a: Weezing|Weezing-Galar, F|100/100
|move|p2a: Scizor|U-turn|p1a: Weezing
|-resisted|p1a: Weezing
|-damage|p1a: Weezing|91/100
|-damage|p2a: Scizor|84/100|[from] item: Rocky Helmet|[of] p1a: Weezing
|
|t:|1760452239
|switch|p2a: Cinderace|Cinderace, F|100/100|[from] U-turn
|
|upkeep
|turn|2
|
|t:|1760452262
|move|p2a: Cinderace|Will-O-Wisp|p1a: Weezing
|-status|p1a: Weezing|brn
|move|p1a: Weezing|Flamethrower|p2a: Cinderace
|-resisted|p2a: Cinderace
|-damage|p2a: Cinderace|87/100
|
|-damage|p1a: Weezing|85/100 brn|[from] brn
|upkeep
|turn|3
|
|t:|1760452266
|move|p2a: Cinderace|Pyro Ball|p1a: Weezing
|-damage|p1a: Weezing|47/100 brn
|move|p1a: Weezing|Flamethrower|p2a: Cinderace
|-resisted|p2a: Cinderace
|-damage|p2a: Cinderace|74/100
|
|-damage|p1a: Weezing|41/100 brn|[from] brn
|upkeep
|turn|4
|
|t:|1760452274
|move|p2a: Cinderace|Pyro Ball|p1a: Weezing
|-damage|p1a: Weezing|2/100 brn
|move|p1a: Weezing|Pain Split|p2a: Cinderace
|-sethp|p2a: Cinderace|38/100|[from] move: Pain Split|[silent]
|-sethp|p1a: Weezing|34/100 brn|[from] move: Pain Split
|
|-damage|p1a: Weezing|28/100 brn|[from] brn
|upkeep
|turn|5
|
|t:|1760452277
|move|p2a: Cinderace|Pyro Ball|p1a: Weezing|[miss]
|-miss|p2a: Cinderace|p1a: Weezing
|move|p1a: Weezing|Flamethrower|p2a: Cinderace
|-resisted|p2a: Cinderace
|-damage|p2a: Cinderace|24/100
|
|-damage|p1a: Weezing|22/100 brn|[from] brn
|upkeep
|turn|6
|
|t:|1760452279
|move|p2a: Cinderace|Pyro Ball|p1a: Weezing
|-damage|p1a: Weezing|0 fnt
|faint|p1a: Weezing
|
|upkeep
|
|t:|1760452282
|switch|p1a: Zamazenta|Zamazenta|100/100
|-ability|p1a: Zamazenta|Dauntless Shield|boost
|-boost|p1a: Zamazenta|def|1
|turn|7
|
|t:|1760452295
|move|p1a: Zamazenta|Body Press|p2a: Cinderace
|-damage|p2a: Cinderace|0 fnt
|faint|p2a: Cinderace
|
|upkeep
|
|t:|1760452297
|switch|p2a: Polteageist|Polteageist|100/100
|turn|8
|
|t:|1760452305
|move|p2a: Polteageist|Shell Smash|p2a: Polteageist
|-unboost|p2a: Polteageist|def|1
|-unboost|p2a: Polteageist|spd|1
|-boost|p2a: Polteageist|atk|2
|-boost|p2a: Polteageist|spa|2
|-boost|p2a: Polteageist|spe|2
|move|p1a: Zamazenta|Roar|p2a: Polteageist
|drag|p2a: Alomomola|Alomomola, M|100/100
|
|upkeep
|turn|9
|
|t:|1760452308
|move|p1a: Zamazenta|Iron Defense|p1a: Zamazenta
|-boost|p1a: Zamazenta|def|2
|move|p2a: Alomomola|Flip Turn|p1a: Zamazenta
|-damage|p1a: Zamazenta|96/100
|
|t:|1760452311
|switch|p2a: Polteageist|Polteageist|100/100|[from] Flip Turn
|
|-heal|p1a: Zamazenta|100/100|[from] item: Leftovers
|upkeep
|turn|10
|
|t:|1760452313
|move|p2a: Polteageist|Shell Smash|p2a: Polteageist
|-unboost|p2a: Polteageist|def|1
|-unboost|p2a: Polteageist|spd|1
|-boost|p2a: Polteageist|atk|2
|-boost|p2a: Polteageist|spa|2
|-boost|p2a: Polteageist|spe|2
|move|p1a: Zamazenta|Roar|p2a: Polteageist
|drag|p2a: Great Tusk|Great Tusk|100/100
|
|upkeep
|turn|11
|
|t:|1760452318
|-end|p2a: Great Tusk|Protosynthesis|[silent]
|switch|p2a: Polteageist|Polteageist|100/100
|move|p1a: Zamazenta|Iron Defense|p1a: Zamazenta
|-boost|p1a: Zamazenta|def|2
|
|upkeep
|turn|12
|
|t:|1760452324
|move|p2a: Polteageist|Shadow Ball|p1a: Zamazenta
|-damage|p1a: Zamazenta|67/100
|-unboost|p1a: Zamazenta|spd|1
|move|p1a: Zamazenta|Roar|p2a: Polteageist
|drag|p2a: Great Tusk|Great Tusk|100/100
|
|-heal|p1a: Zamazenta|73/100|[from] item: Leftovers
|upkeep
|turn|13
|
|t:|1760452332
|-end|p2a: Great Tusk|Protosynthesis|[silent]
|switch|p2a: Alomomola|Alomomola, M|100/100
|move|p1a: Zamazenta|Crunch|p2a: Alomomola
|-damage|p2a: Alomomola|89/100
|-damage|p1a: Zamazenta|57/100|[from] item: Rocky Helmet|[of] p2a: Alomomola
|
|-heal|p1a: Zamazenta|63/100|[from] item: Leftovers
|upkeep
|turn|14
|
|t:|1760452334
|move|p1a: Zamazenta|Body Press|p2a: Alomomola
|-damage|p2a: Alomomola|31/100
|-damage|p1a: Zamazenta|46/100|[from] item: Rocky Helmet|[of] p2a: Alomomola
|move|p2a: Alomomola|Flip Turn|p1a: Zamazenta
|-damage|p1a: Zamazenta|43/100
|
|t:|1760452337
|switch|p2a: Polteageist|Polteageist|100/100|[from] Flip Turn
|
|-heal|p1a: Zamazenta|49/100|[from] item: Leftovers
|upkeep
|turn|15
|
|t:|1760452340
|move|p2a: Polteageist|Shell Smash|p2a: Polteageist
|-unboost|p2a: Polteageist|def|1
|-unboost|p2a: Polteageist|spd|1
|-boost|p2a: Polteageist|atk|2
|-boost|p2a: Polteageist|spa|2
|-boost|p2a: Polteageist|spe|2
|move|p1a: Zamazenta|Roar|p2a: Polteageist
|drag|p2a: Dragonite|Dragonite, F|100/100
|
|-heal|p1a: Zamazenta|55/100|[from] item: Leftovers
|upkeep
|turn|16
|
|t:|1760452343
|switch|p2a: Alomomola|Alomomola, M|64/100
|move|p1a: Zamazenta|Body Press|p2a: Alomomola
|-damage|p2a: Alomomola|3/100
|-damage|p1a: Zamazenta|39/100|[from] item: Rocky Helmet|[of] p2a: Alomomola
|
|-heal|p1a: Zamazenta|45/100|[from] item: Leftovers
|upkeep
|turn|17
|
|t:|1760452346
|move|p1a: Zamazenta|Crunch|p2a: Alomomola
|-damage|p2a: Alomomola|0 fnt
|-damage|p1a: Zamazenta|28/100|[from] item: Rocky Helmet|[of] p2a: Alomomola
|faint|p2a: Alomomola
|
|-heal|p1a: Zamazenta|35/100|[from] item: Leftovers
|upkeep
|
|t:|1760452348
|switch|p2a: Polteageist|Polteageist|100/100
|turn|18
|
|t:|1760452351
|move|p1a: Zamazenta|Crunch|p2a: Polteageist
|-supereffective|p2a: Polteageist
|-damage|p2a: Polteageist|17/100
|-unboost|p2a: Polteageist|def|1
|-ability|p2a: Polteageist|Weak Armor|boost
|-unboost|p2a: Polteageist|def|1
|-boost|p2a: Polteageist|spe|2
|move|p2a: Polteageist|Shadow Ball|p1a: Zamazenta
|-damage|p1a: Zamazenta|0 fnt
|faint|p1a: Zamazenta
|
|upkeep
|
|t:|1760452356
|switch|p1a: Raging Bolt|Raging Bolt|100/100
|turn|19
|
|t:|1760452361
|move|p2a: Polteageist|Shadow Ball|p1a: Raging Bolt
|-damage|p1a: Raging Bolt|65/100
|move|p1a: Raging Bolt|Thunderbolt|p2a: Polteageist
|-damage|p2a: Polteageist|0 fnt
|faint|p2a: Polteageist
|
|-heal|p1a: Raging Bolt|71/100|[from] item: Leftovers
|upkeep
|
|t:|1760452364
|switch|p2a: Great Tusk|Great Tusk|100/100
|turn|20
|
|t:|1760452367
|-end|p1a: Raging Bolt|Protosynthesis|[silent]
|switch|p1a: Ogerpon|Ogerpon, F|100/100
|move|p2a: Great Tusk|Ice Spinner|p1a: Ogerpon
|-supereffective|p1a: Ogerpon
|-damage|p1a: Ogerpon|13/100
|
|upkeep
|turn|21
|
|t:|1760452374
|-end|p2a: Great Tusk|Protosynthesis|[silent]
|switch|p2a: Scizor|Scizor, M|84/100
|move|p1a: Ogerpon|Knock Off|p2a: Scizor
|-damage|p2a: Scizor|32/100
|-enditem|p2a: Scizor|Choice Band|[from] move: Knock Off|[of] p1a: Ogerpon
|
|upkeep
|turn|22
|
|t:|1760452380
|move|p2a: Scizor|Bullet Punch|p1a: Ogerpon
|-damage|p1a: Ogerpon|0 fnt
|faint|p1a: Ogerpon
|
|upkeep
|
|t:|1760452384
|switch|p1a: Clodsire|Clodsire, F|100/100
|turn|23
|j| 54 Insane Rats
|
|t:|1760452390
|move|p2a: Scizor|Knock Off|p1a: Clodsire
|-damage|p1a: Clodsire|57/100
|-enditem|p1a: Clodsire|Heavy-Duty Boots|[from] move: Knock Off|[of] p2a: Scizor
|move|p1a: Clodsire|Earthquake|p2a: Scizor
|-damage|p2a: Scizor|5/100
|
|upkeep
|turn|24
|j| 3idk
|
|t:|1760452400
|move|p2a: Scizor|U-turn|p1a: Clodsire
|-resisted|p1a: Clodsire
|-damage|p1a: Clodsire|35/100
|
|t:|1760452409
|switch|p2a: Great Tusk|Great Tusk|100/100|[from] U-turn
|move|p1a: Clodsire|Recover|p1a: Clodsire
|-heal|p1a: Clodsire|85/100
|
|upkeep
|turn|25
|
|t:|1760452414
|move|p2a: Great Tusk|Earthquake|p1a: Clodsire
|-supereffective|p1a: Clodsire
|-damage|p1a: Clodsire|0 fnt
|faint|p1a: Clodsire
|
|upkeep
|
|t:|1760452420
|switch|p1a: Raging Bolt|Raging Bolt|71/100
|turn|26
|
|t:|1760452424
|-terastallize|p1a: Raging Bolt|Bug
|move|p2a: Great Tusk|Earthquake|p1a: Raging Bolt
|-resisted|p1a: Raging Bolt
|-damage|p1a: Raging Bolt|54/100
|move|p1a: Raging Bolt|Calm Mind|p1a: Raging Bolt
|-boost|p1a: Raging Bolt|spa|1
|-boost|p1a: Raging Bolt|spd|1
|
|-heal|p1a: Raging Bolt|60/100|[from] item: Leftovers
|upkeep
|turn|27
|j| 654654m
|
|t:|1760452456
|move|p2a: Great Tusk|Ice Spinner|p1a: Raging Bolt
|-damage|p1a: Raging Bolt|41/100
|move|p1a: Raging Bolt|Dragon Pulse|p2a: Great Tusk
|-damage|p2a: Great Tusk|53/100
|
|-heal|p1a: Raging Bolt|47/100|[from] item: Leftovers
|upkeep
|turn|28
|
|t:|1760452464
|move|p2a: Great Tusk|Ice Spinner|p1a: Raging Bolt
|-damage|p1a: Raging Bolt|29/100
|move|p1a: Raging Bolt|Calm Mind|p1a: Raging Bolt
|-boost|p1a: Raging Bolt|spa|1
|-boost|p1a: Raging Bolt|spd|1
|
|-heal|p1a: Raging Bolt|35/100|[from] item: Leftovers
|upkeep
|turn|29
|
|t:|1760452473
|move|p2a: Great Tusk|Ice Spinner|p1a: Raging Bolt
|-damage|p1a: Raging Bolt|19/100
|move|p1a: Raging Bolt|Dragon Pulse|p2a: Great Tusk
|-damage|p2a: Great Tusk|0 fnt
|faint|p2a: Great Tusk
|-end|p2a: Great Tusk|Protosynthesis|[silent]
|
|-heal|p1a: Raging Bolt|25/100|[from] item: Leftovers
|upkeep
|
|t:|1760452476
|switch|p2a: Scizor|Scizor, M|5/100
|turn|30
|
|t:|1760452480
|move|p2a: Scizor|Bullet Punch|p1a: Raging Bolt
|-damage|p1a: Raging Bolt|4/100
|move|p1a: Raging Bolt|Dragon Pulse|p2a: Scizor
|-resisted|p2a: Scizor
|-damage|p2a: Scizor|0 fnt
|faint|p2a: Scizor
|
|-heal|p1a: Raging Bolt|10/100|[from] item: Leftovers
|upkeep
|
|t:|1760452482
|switch|p2a: Dragonite|Dragonite, F|100/100
|turn|31
|
|t:|1760452503
|-terastallize|p2a: Dragonite|Steel
|move|p2a: Dragonite|Dragon Dance|p2a: Dragonite
|-boost|p2a: Dragonite|atk|1
|-boost|p2a: Dragonite|spe|1
|move|p1a: Raging Bolt|Dragon Pulse|p2a: Dragonite
|-resisted|p2a: Dragonite
|-damage|p2a: Dragonite|84/100
|
|-heal|p2a: Dragonite|90/100|[from] item: Leftovers
|-heal|p1a: Raging Bolt|16/100|[from] item: Leftovers
|upkeep
|turn|32
|
|t:|1760452508
|move|p2a: Dragonite|Earthquake|p1a: Raging Bolt
|-resisted|p1a: Raging Bolt
|-damage|p1a: Raging Bolt|1/100
|move|p1a: Raging Bolt|Thunderbolt|p2a: Dragonite
|-damage|p2a: Dragonite|14/100
|
|-heal|p2a: Dragonite|20/100|[from] item: Leftovers
|-heal|p1a: Raging Bolt|7/100|[from] item: Leftovers
|upkeep
|turn|33
|
|t:|1760452510
|move|p2a: Dragonite|Roost|p2a: Dragonite
|-heal|p2a: Dragonite|70/100
|move|p1a: Raging Bolt|Thunderbolt|p2a: Dragonite
|-damage|p2a: Dragonite|3/100
|
|-heal|p2a: Dragonite|9/100|[from] item: Leftovers
|-heal|p1a: Raging Bolt|14/100|[from] item: Leftovers
|upkeep
|turn|34
|
|t:|1760452513
|move|p2a: Dragonite|Ice Spinner|p1a: Raging Bolt
|-damage|p1a: Raging Bolt|0 fnt
|faint|p1a: Raging Bolt
|-end|p1a: Raging Bolt|Protosynthesis|[silent]
|
|-heal|p2a: Dragonite|15/100|[from] item: Leftovers
|upkeep
|
|t:|1760452515
|switch|p1a: Kingambit|Kingambit, F|100/100
|-activate|p1a: Kingambit|ability: Supreme Overlord
|-start|p1a: Kingambit|fallen5|[silent]
|turn|35
|
|t:|1760452517
|move|p2a: Dragonite|Earthquake|p1a: Kingambit
|-supereffective|p1a: Kingambit
|-damage|p1a: Kingambit|41/100
|move|p1a: Kingambit|Low Kick|p2a: Dragonite
|-supereffective|p2a: Dragonite
|-damage|p2a: Dragonite|0 fnt
|faint|p2a: Dragonite
|
|win|clodsirebiggestfan
|raw|clodsirebiggestfan's rating: 1784 &rarr; <strong>1806</strong><br />(+22 for winning)
|raw|stariaki's rating: 1817 &rarr; <strong>1795</strong><br />(-22 for losing)
|l| 54 Insane Rats
|c|☆stariaki|Im so stupid, gg
|l|☆stariaki
|player|p2|
|l|‽clodsirebiggestfan
|player|p1|
|j| quero chorizo
|l| 654654m
