|j|☆xdye
|j|‽universe mon
|t:|1760378611
|gametype|singles
|player|p1|xdye|iris-gen5bw2|1707
|player|p2|universe mon|li|1672
|gen|9
|tier|[Gen 9] OU
|rated|
|rule|HP Percentage Mod: HP is shown in percentages
|rule|Endless Battle Clause: Forcing endless battles is banned
|rule|Species Clause: Limit one of each Pokémon
|rule|OHKO Clause: OHKO moves are banned
|rule|Evasion Items Clause: Evasion items are banned
|rule|Evasion Moves Clause: Evasion moves are banned
|rule|Evasion Abilities Clause: Evasion abilities are banned
|rule|Sleep Moves Clause: Sleep-inducing moves are banned
|clearpoke
|poke|p1|Blissey, F|
|poke|p1|Gliscor, M|
|poke|p1|Mandibuzz, F|
|poke|p1|Pecharunt|
|poke|p1|Talonflame, F|
|poke|p1|Toxapex, F|
|poke|p2|Ninetales-Alola, M|
|poke|p2|Klefki, M|
|poke|p2|Latias, F|
|poke|p2|Maushold-Four|
|poke|p2|Ogerpon-Wellspring, F|
|poke|p2|Necrozma|
|teampreview
|inactive|Battle timer is ON: inactive players will automatically lose when time's up. (requested by universe mon)
|c|☆xdye|hf
|
|t:|1760378622
|teamsize|p1|6
|teamsize|p2|6
|start
|switch|p1a: Gliscor|Gliscor, M|100/100
|switch|p2a: Klefki|Klefki, M|100/100
|turn|1
|
|t:|1760378634
|move|p2a: Klefki|Reflect|p2a: Klefki
|-sidestart|p2: universe mon|Reflect
|move|p1a: Gliscor|Earthquake|p2a: Klefki
|-supereffective|p2a: Klefki
|-damage|p2a: Klefki|69/100
|
|-status|p1a: Gliscor|tox|[from] item: Toxic Orb
|upkeep
|turn|2
|
|t:|1760378637
|move|p2a: Klefki|Light Screen|p2a: Klefki
|-sidestart|p2: universe mon|move: Light Screen
|move|p1a: Gliscor|Knock Off|p2a: Klefki
|-resisted|p2a: Klefki
|-damage|p2a: Klefki|63/100
|-enditem|p2a: Klefki|Light Clay|[from] move: Knock Off|[of] p1a: Gliscor
|
|upkeep
|turn|3
|
|t:|1760378641
|switch|p2a: Latias|Latias, F|100/100
|move|p1a: Gliscor|Spikes|p2a: Latias
|-sidestart|p2: universe mon|Spikes
|
|upkeep
|turn|4
|
|t:|1760378648
|switch|p1a: Toxapex|Toxapex, F|100/100
|move|p2a: Latias|Calm Mind|p2a: Latias
|-boost|p2a: Latias|spa|1
|-boost|p2a: Latias|spd|1
|
|upkeep
|turn|5
|
|t:|1760378663
|switch|p2a: Klefki|Klefki, M|63/100
|-damage|p2a: Klefki|50/100|[from] Spikes
|-terastallize|p1a: Toxapex|Steel
|move|p1a: Toxapex|Haze|p1a: Toxapex
|-clearallboost
|
|upkeep
|turn|6
|
|t:|1760378670
|switch|p2a: Ninetales|Ninetales-Alola, M|100/100
|-damage|p2a: Ninetales|88/100|[from] Spikes
|-weather|Snowscape|[from] ability: Snow Warning|[of] p2a: Ninetales
|switch|p1a: Gliscor|Gliscor, M|100/100 tox
|
|-weather|Snowscape|[upkeep]
|upkeep
|turn|7
|
|t:|1760378680
|switch|p1a: Blissey|Blissey, F|100/100
|move|p2a: Ninetales|Aurora Veil|p2a: Ninetales
|-sidestart|p2: universe mon|move: Aurora Veil
|
|-weather|Snowscape|[upkeep]
|upkeep
|turn|8
|
|t:|1760378689
|move|p2a: Ninetales|Misty Terrain|p2a: Ninetales
|-fieldstart|move: Misty Terrain
|move|p1a: Blissey|Stealth Rock|p2a: Ninetales
|-sidestart|p2: universe mon|move: Stealth Rock
|
|-weather|Snowscape|[upkeep]
|-sideend|p2: universe mon|Reflect
|upkeep
|turn|9
|inactive|xdye has 120 seconds left.
|c|☆xdye|you know aurora veil doesn't stack reduction with light screen/reflect, right?
|
|t:|1760378730
|switch|p2a: Maushold|Maushold-Four|100/100
|-damage|p2a: Maushold|88/100|[from] Spikes
|-damage|p2a: Maushold|76/100|[from] Stealth Rock
|move|p1a: Blissey|Calm Mind|p1a: Blissey
|-boost|p1a: Blissey|spa|1
|-boost|p1a: Blissey|spd|1
|
|-weather|Snowscape|[upkeep]
|-sideend|p2: universe mon|move: Light Screen
|upkeep
|turn|10
|
|t:|1760378734
|switch|p1a: Pecharunt|Pecharunt|100/100
|move|p2a: Maushold|Tidy Up|p2a: Maushold
|-sideend|p2: universe mon|Spikes
|-sideend|p2: universe mon|Stealth Rock
|-activate|p2a: Maushold|move: Tidy Up
|-boost|p2a: Maushold|atk|1
|-boost|p2a: Maushold|spe|1
|
|-weather|none
|upkeep
|turn|11
|inactive|xdye has 120 seconds left.
|
|t:|1760378749
|move|p2a: Maushold|Bite|p1a: Pecharunt
|-supereffective|p1a: Pecharunt
|-damage|p1a: Pecharunt|68/100
|cant|p1a: Pecharunt|flinch
|
|upkeep
|turn|12
|
|t:|1760378753
|move|p2a: Maushold|Bite|p1a: Pecharunt
|-supereffective|p1a: Pecharunt
|-damage|p1a: Pecharunt|37/100
|cant|p1a: Pecharunt|flinch
|
|-fieldend|Misty Terrain
|upkeep
|turn|13
|
|t:|1760378757
|switch|p1a: Talonflame|Talonflame, F|100/100
|move|p2a: Maushold|Bite|p1a: Talonflame
|-damage|p1a: Talonflame|69/100
|
|upkeep
|turn|14
|
|t:|1760378766
|move|p2a: Maushold|Population Bomb|p1a: Talonflame
|-damage|p1a: Talonflame|52/100
|-damage|p1a: Talonflame|36/100
|-damage|p1a: Talonflame|20/100
|-damage|p1a: Talonflame|3/100
|-damage|p1a: Talonflame|0 fnt
|-status|p2a: Maushold|brn|[from] ability: Flame Body|[of] p1a: Talonflame
|faint|p1a: Talonflame
|-hitcount|p1: Talonflame|5
|
|-damage|p2a: Maushold|69/100 brn|[from] brn
|-sideend|p2: universe mon|move: Aurora Veil
|upkeep
|
|t:|1760378769
|switch|p1a: Pecharunt|Pecharunt|37/100
|turn|15
|
|t:|1760378772
|move|p2a: Maushold|Bite|p1a: Pecharunt
|-supereffective|p1a: Pecharunt
|-damage|p1a: Pecharunt|20/100
|cant|p1a: Pecharunt|flinch
|
|-damage|p2a: Maushold|63/100 brn|[from] brn
|upkeep
|turn|16
|
|t:|1760378775
|move|p2a: Maushold|Bite|p1a: Pecharunt
|-supereffective|p1a: Pecharunt
|-damage|p1a: Pecharunt|2/100
|move|p1a: Pecharunt|Recover|p1a: Pecharunt
|-heal|p1a: Pecharunt|52/100
|
|-damage|p2a: Maushold|57/100 brn|[from] brn
|upkeep
|turn|17
|
|t:|1760378778
|move|p2a: Maushold|Encore|p1a: Pecharunt
|-start|p1a: Pecharunt|Encore
|move|p1a: Pecharunt|Recover|p1a: Pecharunt
|-heal|p1a: Pecharunt|100/100
|
|-damage|p2a: Maushold|51/100 brn|[from] brn
|upkeep
|turn|18
|
|t:|1760378782
|switch|p1a: Toxapex|Toxapex, F, tera:Steel|100/100
|move|p2a: Maushold|Population Bomb|p1a: Toxapex
|-resisted|p1a: Toxapex
|-damage|p1a: Toxapex|97/100
|-resisted|p1a: Toxapex
|-damage|p1a: Toxapex|94/100
|-resisted|p1a: Toxapex
|-damage|p1a: Toxapex|90/100
|-resisted|p1a: Toxapex
|-damage|p1a: Toxapex|86/100
|-resisted|p1a: Toxapex
|-damage|p1a: Toxapex|83/100
|-resisted|p1a: Toxapex
|-damage|p1a: Toxapex|79/100
|-resisted|p1a: Toxapex
|-damage|p1a: Toxapex|76/100
|-resisted|p1a: Toxapex
|-damage|p1a: Toxapex|72/100
|-resisted|p1a: Toxapex
|-damage|p1a: Toxapex|69/100
|-resisted|p1a: Toxapex
|-damage|p1a: Toxapex|66/100
|-hitcount|p1a: Toxapex|10
|
|-damage|p2a: Maushold|44/100 brn|[from] brn
|upkeep
|turn|19
|
|t:|1760378787
|switch|p1a: Pecharunt|Pecharunt|100/100
|move|p2a: Maushold|Population Bomb|p1a: Pecharunt
|-immune|p1a: Pecharunt
|
|-damage|p2a: Maushold|38/100 brn|[from] brn
|upkeep
|turn|20
|
|t:|1760378791
|switch|p2a: Ninetales|Ninetales-Alola, M|88/100
|-weather|Snowscape|[from] ability: Snow Warning|[of] p2a: Ninetales
|move|p1a: Pecharunt|Foul Play|p2a: Ninetales
|-resisted|p2a: Ninetales
|-damage|p2a: Ninetales|84/100
|
|-weather|Snowscape|[upkeep]
|upkeep
|turn|21
|
|t:|1760378795
|switch|p1a: Blissey|Blissey, F|100/100
|move|p2a: Ninetales|Encore||[still]
|-fail|p2a: Ninetales
|
|-weather|Snowscape|[upkeep]
|upkeep
|turn|22
|
|t:|1760378797
|move|p2a: Ninetales|Aurora Veil|p2a: Ninetales
|-sidestart|p2: universe mon|move: Aurora Veil
|move|p1a: Blissey|Stealth Rock|p2a: Ninetales
|-sidestart|p2: universe mon|move: Stealth Rock
|
|-weather|Snowscape|[upkeep]
|upkeep
|turn|23
|
|t:|1760378816
|switch|p2a: Maushold|Maushold-Four|38/100 brn
|-damage|p2a: Maushold|26/100 brn|[from] Stealth Rock
|move|p1a: Blissey|Shadow Ball|p2a: Maushold
|-immune|p2a: Maushold
|
|-weather|Snowscape|[upkeep]
|-damage|p2a: Maushold|20/100 brn|[from] brn
|upkeep
|turn|24
|
|t:|1760378819
|switch|p1a: Pecharunt|Pecharunt|100/100
|move|p2a: Maushold|Tidy Up|p2a: Maushold
|-sideend|p2: universe mon|Stealth Rock
|-activate|p2a: Maushold|move: Tidy Up
|-boost|p2a: Maushold|atk|1
|-boost|p2a: Maushold|spe|1
|
|-weather|none
|-damage|p2a: Maushold|13/100 brn|[from] brn
|upkeep
|turn|25
|
|t:|1760378827
|move|p2a: Maushold|Bite|p1a: Pecharunt
|-supereffective|p1a: Pecharunt
|-damage|p1a: Pecharunt|83/100
|move|p1a: Pecharunt|Foul Play|p2a: Maushold
|-damage|p2a: Maushold|0 fnt
|faint|p2a: Maushold
|
|upkeep
|
|t:|1760378837
|switch|p2a: Ninetales|Ninetales-Alola, M|84/100
|-weather|Snowscape|[from] ability: Snow Warning|[of] p2a: Ninetales
|turn|26
|
|t:|1760378840
|switch|p1a: Blissey|Blissey, F|100/100
|move|p2a: Ninetales|Encore||[still]
|-fail|p2a: Ninetales
|
|-weather|Snowscape|[upkeep]
|upkeep
|turn|27
|
|t:|1760378844
|switch|p2a: Ogerpon|Ogerpon-Wellspring, F|100/100
|move|p1a: Blissey|Stealth Rock|p2a: Ogerpon
|-sidestart|p2: universe mon|move: Stealth Rock
|
|-weather|Snowscape|[upkeep]
|upkeep
|turn|28
|
|t:|1760378846
|switch|p1a: Mandibuzz|Mandibuzz, F|100/100
|move|p2a: Ogerpon|Swords Dance|p2a: Ogerpon
|-boost|p2a: Ogerpon|atk|2
|
|-weather|Snowscape|[upkeep]
|upkeep
|turn|29
|
|t:|1760378853
|move|p2a: Ogerpon|Ivy Cudgel|p1a: Mandibuzz|[anim] Ivy Cudgel Water
|-damage|p1a: Mandibuzz|27/100
|move|p1a: Mandibuzz|Toxic|p2a: Ogerpon
|-status|p2a: Ogerpon|tox
|
|-weather|Snowscape|[upkeep]
|-damage|p2a: Ogerpon|95/100 tox|[from] psn
|-sideend|p2: universe mon|move: Aurora Veil
|upkeep
|turn|30
|
|t:|1760378866
|move|p2a: Ogerpon|Ivy Cudgel|p1a: Mandibuzz|[anim] Ivy Cudgel Water
|-damage|p1a: Mandibuzz|0 fnt
|faint|p1a: Mandibuzz
|
|-weather|none
|-damage|p2a: Ogerpon|83/100 tox|[from] psn
|upkeep
|
|t:|1760378872
|switch|p1a: Pecharunt|Pecharunt|83/100
|turn|31
|
|t:|1760378885
|move|p2a: Ogerpon|Ivy Cudgel|p1a: Pecharunt|[anim] Ivy Cudgel Water
|-damage|p1a: Pecharunt|25/100
|move|p1a: Pecharunt|Foul Play|p2a: Ogerpon
|-damage|p2a: Ogerpon|0 fnt
|faint|p2a: Ogerpon
|
|upkeep
|
|t:|1760378900
|switch|p2a: Ninetales|Ninetales-Alola, M|84/100
|-damage|p2a: Ninetales|59/100|[from] Stealth Rock
|-weather|Snowscape|[from] ability: Snow Warning|[of] p2a: Ninetales
|turn|32
|
|t:|1760378903
|move|p2a: Ninetales|Encore|p1a: Pecharunt
|-start|p1a: Pecharunt|Encore
|move|p1a: Pecharunt|Foul Play|p2a: Ninetales
|-resisted|p2a: Ninetales
|-damage|p2a: Ninetales|55/100
|
|-weather|Snowscape|[upkeep]
|upkeep
|turn|33
|
|t:|1760378913
|switch|p2a: Necrozma|Necrozma|100/100
|-damage|p2a: Necrozma|88/100|[from] Stealth Rock
|switch|p1a: Blissey|Blissey, F|100/100
|
|-weather|Snowscape|[upkeep]
|-heal|p2a: Necrozma|94/100|[from] item: Leftovers
|upkeep
|turn|34
|
|t:|1760378922
|switch|p1a: Toxapex|Toxapex, F, tera:Steel|99/100
|-terastallize|p2a: Necrozma|Fighting
|move|p2a: Necrozma|Dragon Dance|p2a: Necrozma
|-boost|p2a: Necrozma|atk|1
|-boost|p2a: Necrozma|spe|1
|
|-weather|Snowscape|[upkeep]
|-heal|p2a: Necrozma|99/100|[from] item: Leftovers
|upkeep
|turn|35
|
|t:|1760378933
|move|p2a: Necrozma|Brick Break|p1a: Toxapex
|-supereffective|p1a: Toxapex
|-damage|p1a: Toxapex|14/100
|move|p1a: Toxapex|Toxic|p2a: Necrozma|[miss]
|-miss|p1a: Toxapex|p2a: Necrozma
|
|-weather|Snowscape|[upkeep]
|-heal|p2a: Necrozma|100/100|[from] item: Leftovers
|upkeep
|turn|36
|
|t:|1760378940
|switch|p1a: Pecharunt|Pecharunt|25/100
|move|p2a: Necrozma|Photon Geyser|p1a: Pecharunt
|-supereffective|p1a: Pecharunt
|-damage|p1a: Pecharunt|0 fnt
|faint|p1a: Pecharunt
|
|-weather|none
|upkeep
|
|t:|1760378942
|switch|p1a: Gliscor|Gliscor, M|100/100 tox
|turn|37
|
|t:|1760378945
|move|p2a: Necrozma|Dragon Dance|p2a: Necrozma
|-boost|p2a: Necrozma|atk|1
|-boost|p2a: Necrozma|spe|1
|move|p1a: Gliscor|Earthquake|p2a: Necrozma
|-damage|p2a: Necrozma|66/100
|
|-heal|p2a: Necrozma|72/100|[from] item: Leftovers
|upkeep
|turn|38
|
|t:|1760378949
|move|p2a: Necrozma|Photon Geyser|p1a: Gliscor
|-damage|p1a: Gliscor|27/100 tox
|move|p1a: Gliscor|Knock Off|p2a: Necrozma
|-resisted|p2a: Necrozma
|-damage|p2a: Necrozma|61/100
|-enditem|p2a: Necrozma|Leftovers|[from] move: Knock Off|[of] p1a: Gliscor
|
|-heal|p1a: Gliscor|39/100 tox|[from] ability: Poison Heal
|upkeep
|turn|39
|
|t:|1760378955
|move|p2a: Necrozma|Photon Geyser|p1a: Gliscor
|-damage|p1a: Gliscor|0 fnt
|faint|p1a: Gliscor
|
|upkeep
|
|t:|1760378957
|switch|p1a: Toxapex|Toxapex, F, tera:Steel|47/100
|turn|40
|
|t:|1760378960
|move|p2a: Necrozma|Brick Break|p1a: Toxapex
|-supereffective|p1a: Toxapex
|-damage|p1a: Toxapex|0 fnt
|faint|p1a: Toxapex
|
|upkeep
|
|t:|1760378962
|switch|p1a: Blissey|Blissey, F|100/100
|turn|41
|
|t:|1760378964
|move|p2a: Necrozma|Brick Break|p1a: Blissey
|-supereffective|p1a: Blissey
|-damage|p1a: Blissey|0 fnt
|faint|p1a: Blissey
|
|win|universe mon
|raw|xdye's rating: 1707 &rarr; <strong>1685</strong><br />(-22 for losing)
|raw|universe mon's rating: 1672 &rarr; <strong>1694</strong><br />(+22 for winning)
|l|☆xdye
|player|p1|
