|j|☆MrHankHill
|j|☆KURO_4_
|t:|1760314492
|gametype|singles
|player|p1|MrHankHill|wattson|1252
|player|p2|KURO_4_|170|1206
|gen|9
|tier|[Gen 9] OU
|rated|
|rule|HP Percentage Mod: HP is shown in percentages
|rule|Endless Battle Clause: Forcing endless battles is banned
|rule|Species Clause: Limit one of each Pokémon
|rule|OHKO Clause: OHKO moves are banned
|rule|Evasion Items Clause: Evasion items are banned
|rule|Evasion Moves Clause: Evasion moves are banned
|rule|Evasion Abilities Clause: Evasion abilities are banned
|rule|Sleep Moves Clause: Sleep-inducing moves are banned
|clearpoke
|poke|p1|Torkoal, F|
|poke|p1|Dragonite, F|
|poke|p1|Great Tusk|
|poke|p1|Raging Bolt|
|poke|p1|Cinderace, F|
|poke|p1|Landorus-Therian, M|
|poke|p2|Garganacl, F|
|poke|p2|Corviknight, M|
|poke|p2|Zapdos|
|poke|p2|Primarina, F|
|poke|p2|Gliscor, F|
|poke|p2|Zamazenta-*|
|teampreview
|inactive|Battle timer is ON: inactive players will automatically lose when time's up. (requested by MrHankHill)
|
|t:|1760314510
|teamsize|p1|6
|teamsize|p2|6
|start
|switch|p1a: Raging Bolt|Raging Bolt|100/100
|switch|p2a: Primarina|Primarina, F|100/100
|turn|1
|
|t:|1760314518
|move|p1a: Raging Bolt|Volt Switch|p2a: Primarina
|-supereffective|p2a: Primarina
|-damage|p2a: Primarina|0 fnt
|faint|p2a: Primarina
|
|t:|1760314527
|-end|p1a: Raging Bolt|Protosynthesis|[silent]
|switch|p1a: Cinderace|Cinderace, F|100/100|[from] Volt Switch
|
|upkeep
|
|t:|1760314535
|switch|p2a: Garganacl|Garganacl, F, shiny|100/100
|turn|2
|
|t:|1760314540
|move|p1a: Cinderace|U-turn|p2a: Garganacl
|-start|p1a: Cinderace|typechange|Bug|[from] ability: Libero
|-damage|p2a: Garganacl|77/100
|
|t:|1760314550
|switch|p1a: Great Tusk|Great Tusk|100/100|[from] U-turn
|move|p2a: Garganacl|Salt Cure|p1a: Great Tusk
|-resisted|p1a: Great Tusk
|-damage|p1a: Great Tusk|98/100
|-start|p1a: Great Tusk|Salt Cure
|
|-heal|p2a: Garganacl|84/100|[from] item: Leftovers
|-damage|p1a: Great Tusk|86/100|[from] Salt Cure
|upkeep
|turn|3
|
|t:|1760314563
|-end|p1a: Great Tusk|Protosynthesis|[silent]
|switch|p1a: Raging Bolt|Raging Bolt|100/100
|switch|p2a: Corviknight|Corviknight, M, shiny|100/100
|-ability|p2a: Corviknight|Pressure
|
|upkeep
|turn|4
|
|t:|1760314578
|switch|p2a: Garganacl|Garganacl, F, shiny|84/100
|move|p1a: Raging Bolt|Draco Meteor|p2a: Garganacl
|-damage|p2a: Garganacl|6/100
|-unboost|p1a: Raging Bolt|spa|2
|
|-heal|p2a: Garganacl|12/100|[from] item: Leftovers
|upkeep
|turn|5
|
|t:|1760314587
|move|p1a: Raging Bolt|Draco Meteor|p2a: Garganacl
|-damage|p2a: Garganacl|0 fnt
|-unboost|p1a: Raging Bolt|spa|2
|faint|p2a: Garganacl
|
|upkeep
|
|t:|1760314592
|switch|p2a: Gliscor|Gliscor, F|100/100
|turn|6
|
|t:|1760314596
|-end|p1a: Raging Bolt|Protosynthesis|[silent]
|switch|p1a: Great Tusk|Great Tusk|86/100
|move|p2a: Gliscor|Swords Dance|p2a: Gliscor
|-boost|p2a: Gliscor|atk|2
|
|-status|p2a: Gliscor|tox|[from] item: Toxic Orb
|upkeep
|turn|7
|
|t:|1760314606
|-terastallize|p2a: Gliscor|Normal
|move|p2a: Gliscor|Facade|p1a: Great Tusk
|-damage|p1a: Great Tusk|2/100
|-damage|p2a: Gliscor|84/100 tox|[from] item: Rocky Helmet|[of] p1a: Great Tusk
|move|p1a: Great Tusk|Ice Spinner|p2a: Gliscor
|-damage|p2a: Gliscor|59/100 tox
|
|-heal|p2a: Gliscor|71/100 tox|[from] ability: Poison Heal
|upkeep
|turn|8
|
|t:|1760314615
|move|p2a: Gliscor|Earthquake|p1a: Great Tusk
|-damage|p1a: Great Tusk|0 fnt
|faint|p1a: Great Tusk
|-end|p1a: Great Tusk|Protosynthesis|[silent]
|
|-heal|p2a: Gliscor|84/100 tox|[from] ability: Poison Heal
|upkeep
|
|t:|1760314620
|switch|p1a: Landorus|Landorus-Therian, M|100/100
|-ability|p1a: Landorus|Intimidate|boost
|-unboost|p2a: Gliscor|atk|1
|turn|9
|
|t:|1760314628
|move|p1a: Landorus|Earthquake|p2a: Gliscor
|-damage|p2a: Gliscor|33/100 tox
|move|p2a: Gliscor|Knock Off|p1a: Landorus
|-damage|p1a: Landorus|51/100
|-enditem|p1a: Landorus|Choice Scarf|[from] move: Knock Off|[of] p2a: Gliscor
|
|-heal|p2a: Gliscor|46/100 tox|[from] ability: Poison Heal
|upkeep
|turn|10
|
|t:|1760314637
|move|p2a: Gliscor|Facade|p1a: Landorus
|-damage|p1a: Landorus|0 fnt
|faint|p1a: Landorus
|
|-heal|p2a: Gliscor|58/100 tox|[from] ability: Poison Heal
|upkeep
|
|t:|1760314647
|switch|p1a: Raging Bolt|Raging Bolt|100/100
|turn|11
|
|t:|1760314662
|move|p2a: Gliscor|Earthquake|p1a: Raging Bolt
|-supereffective|p1a: Raging Bolt
|-damage|p1a: Raging Bolt|0 fnt
|faint|p1a: Raging Bolt
|-end|p1a: Raging Bolt|Protosynthesis|[silent]
|
|-heal|p2a: Gliscor|70/100 tox|[from] ability: Poison Heal
|upkeep
|
|t:|1760314666
|switch|p1a: Dragonite|Dragonite, F|100/100
|turn|12
|
|t:|1760314673
|move|p2a: Gliscor|Knock Off|p1a: Dragonite
|-damage|p1a: Dragonite|79/100
|-enditem|p1a: Dragonite|Loaded Dice|[from] move: Knock Off|[of] p2a: Gliscor
|move|p1a: Dragonite|Dragon Dance|p1a: Dragonite
|-boost|p1a: Dragonite|atk|1
|-boost|p1a: Dragonite|spe|1
|
|-heal|p2a: Gliscor|83/100 tox|[from] ability: Poison Heal
|upkeep
|turn|13
|
|t:|1760314681
|move|p1a: Dragonite|Encore|p2a: Gliscor
|-start|p2a: Gliscor|Encore
|move|p2a: Gliscor|Knock Off|p1a: Dragonite
|-damage|p1a: Dragonite|46/100
|
|-heal|p2a: Gliscor|95/100 tox|[from] ability: Poison Heal
|upkeep
|turn|14
|
|t:|1760314691
|switch|p2a: Zapdos|Zapdos|100/100
|move|p1a: Dragonite|Dragon Dance|p1a: Dragonite
|-boost|p1a: Dragonite|atk|1
|-boost|p1a: Dragonite|spe|1
|
|upkeep
|turn|15
|
|t:|1760314696
|move|p1a: Dragonite|Scale Shot|p2a: Zapdos
|-damage|p2a: Zapdos|71/100
|-damage|p2a: Zapdos|42/100
|-hitcount|p2a: Zapdos|2
|-unboost|p1a: Dragonite|def|1
|-boost|p1a: Dragonite|spe|1
|move|p2a: Zapdos|Discharge|p1a: Dragonite
|-damage|p1a: Dragonite|11/100
|
|upkeep
|turn|16
|
|t:|1760314706
|move|p1a: Dragonite|Scale Shot|p2a: Zapdos
|-damage|p2a: Zapdos|12/100
|-damage|p2a: Zapdos|0 fnt
|faint|p2a: Zapdos
|-hitcount|p2: Zapdos|2
|-unboost|p1a: Dragonite|def|1
|-boost|p1a: Dragonite|spe|1
|
|upkeep
|
|t:|1760314714
|switch|p2a: Corviknight|Corviknight, M, shiny|100/100
|-ability|p2a: Corviknight|Pressure
|turn|17
|
|t:|1760314719
|move|p1a: Dragonite|Dragon Dance|p1a: Dragonite
|-boost|p1a: Dragonite|atk|1
|-boost|p1a: Dragonite|spe|1
|move|p2a: Corviknight|Brave Bird|p1a: Dragonite
|-damage|p1a: Dragonite|0 fnt
|faint|p1a: Dragonite
|-damage|p2a: Corviknight|98/100|[from] Recoil
|
|upkeep
|
|t:|1760314722
|switch|p1a: Cinderace|Cinderace, F|100/100
|turn|18
|
|t:|1760314728
|move|p1a: Cinderace|Pyro Ball|p2a: Corviknight
|-supereffective|p2a: Corviknight
|-crit|p2a: Corviknight
|-damage|p2a: Corviknight|0 fnt
|faint|p2a: Corviknight
|
|upkeep
|
|t:|1760314733
|switch|p2a: Zamazenta|Zamazenta|100/100
|-ability|p2a: Zamazenta|Dauntless Shield|boost
|-boost|p2a: Zamazenta|def|1
|turn|19
|
|t:|1760314738
|switch|p1a: Torkoal|Torkoal, F|100/100
|-weather|SunnyDay|[from] ability: Drought|[of] p1a: Torkoal
|move|p2a: Zamazenta|Iron Defense|p2a: Zamazenta
|-boost|p2a: Zamazenta|def|2
|
|-weather|SunnyDay|[upkeep]
|upkeep
|turn|20
|
|t:|1760314745
|move|p2a: Zamazenta|Body Press|p1a: Torkoal
|-damage|p1a: Torkoal|46/100
|move|p1a: Torkoal|Clear Smog|p2a: Zamazenta
|-damage|p2a: Zamazenta|90/100
|-clearboost|p2a: Zamazenta
|
|-weather|SunnyDay|[upkeep]
|-heal|p2a: Zamazenta|96/100|[from] item: Leftovers
|upkeep
|turn|21
|
|t:|1760314754
|move|p2a: Zamazenta|Substitute|p2a: Zamazenta
|-start|p2a: Zamazenta|Substitute
|-damage|p2a: Zamazenta|71/100
|move|p1a: Torkoal|Fire Blast|p2a: Zamazenta
|-end|p2a: Zamazenta|Substitute
|
|-weather|SunnyDay|[upkeep]
|-heal|p2a: Zamazenta|78/100|[from] item: Leftovers
|upkeep
|turn|22
|
|t:|1760314766
|move|p2a: Zamazenta|Substitute|p2a: Zamazenta
|-start|p2a: Zamazenta|Substitute
|-damage|p2a: Zamazenta|53/100
|move|p1a: Torkoal|Fire Blast|p2a: Zamazenta
|-end|p2a: Zamazenta|Substitute
|
|-weather|SunnyDay|[upkeep]
|-heal|p2a: Zamazenta|59/100|[from] item: Leftovers
|upkeep
|turn|23
|
|t:|1760314784
|move|p2a: Zamazenta|Substitute|p2a: Zamazenta
|-start|p2a: Zamazenta|Substitute
|-damage|p2a: Zamazenta|34/100
|move|p1a: Torkoal|Fire Blast|p2a: Zamazenta
|-end|p2a: Zamazenta|Substitute
|
|-weather|SunnyDay|[upkeep]
|-heal|p2a: Zamazenta|40/100|[from] item: Leftovers
|upkeep
|turn|24
|
|t:|1760314791
|move|p2a: Zamazenta|Substitute|p2a: Zamazenta
|-start|p2a: Zamazenta|Substitute
|-damage|p2a: Zamazenta|15/100
|move|p1a: Torkoal|Fire Blast|p2a: Zamazenta
|-end|p2a: Zamazenta|Substitute
|
|-weather|SunnyDay|[upkeep]
|-heal|p2a: Zamazenta|22/100|[from] item: Leftovers
|upkeep
|turn|25
|
|t:|1760314800
|move|p2a: Zamazenta|Body Press|p1a: Torkoal
|-damage|p1a: Torkoal|23/100
|move|p1a: Torkoal|Fire Blast|p2a: Zamazenta
|-damage|p2a: Zamazenta|0 fnt
|faint|p2a: Zamazenta
|
|-weather|SunnyDay|[upkeep]
|upkeep
|
|t:|1760314808
|switch|p2a: Gliscor|Gliscor, F, tera:Normal|95/100 tox
|turn|26
|
|t:|1760314821
|-terastallize|p1a: Torkoal|Flying
|move|p2a: Gliscor|Facade|p1a: Torkoal
|-damage|p1a: Torkoal|0 fnt
|faint|p1a: Torkoal
|
|-weather|none
|-heal|p2a: Gliscor|100/100 tox|[from] ability: Poison Heal
|upkeep
|
|t:|1760314826
|switch|p1a: Cinderace|Cinderace, F|100/100
|turn|27
|
|t:|1760314831
|move|p1a: Cinderace|Pyro Ball|p2a: Gliscor
|-damage|p2a: Gliscor|43/100 tox
|move|p2a: Gliscor|Facade|p1a: Cinderace
|-damage|p1a: Cinderace|19/100
|
|-heal|p2a: Gliscor|55/100 tox|[from] ability: Poison Heal
|upkeep
|turn|28
|
|t:|1760314838
|move|p1a: Cinderace|Pyro Ball|p2a: Gliscor
|-damage|p2a: Gliscor|0 fnt
|faint|p2a: Gliscor
|
|win|MrHankHill
|raw|MrHankHill's rating: 1252 &rarr; <strong>1274</strong><br />(+22 for winning)
|raw|KURO_4_'s rating: 1206 &rarr; <strong>1184</strong><br />(-22 for losing)
|l|☆KURO_4_
|player|p2|
