|j|☆pokefan1827
|j|☆snowclaw2
|t:|1760336031
|gametype|singles
|player|p1|pokefan1827|ninjaboy|1142
|player|p2|snowclaw2|rosa|1220
|gen|9
|tier|[Gen 9] OU
|rated|
|rule|HP Percentage Mod: HP is shown in percentages
|rule|Endless Battle Clause: Forcing endless battles is banned
|rule|Species Clause: Limit one of each Pokémon
|rule|OHKO Clause: OHKO moves are banned
|rule|Evasion Items Clause: Evasion items are banned
|rule|Evasion Moves Clause: Evasion moves are banned
|rule|Evasion Abilities Clause: Evasion abilities are banned
|rule|Sleep Moves Clause: Sleep-inducing moves are banned
|clearpoke
|poke|p1|Ambipom, M|
|poke|p1|Hydrapple, M|
|poke|p1|Meloetta|
|poke|p1|Sandy Shocks|
|poke|p1|Rotom-Wash|
|poke|p1|Infernape, F|
|poke|p2|Kyurem|
|poke|p2|Corviknight, F|
|poke|p2|Cinderace, F|
|poke|p2|Slowking-Galar, F|
|poke|p2|Kingambit, F|
|poke|p2|Dondozo, F|
|teampreview
|inactive|Battle timer is ON: inactive players will automatically lose when time's up. (requested by snowclaw2)
|
|t:|1760336061
|teamsize|p1|6
|teamsize|p2|6
|start
|switch|p1a: Meloetta|Meloetta|100/100
|switch|p2a: Slowking|Slowking-Galar, F|100/100
|turn|1
|
|t:|1760336072
|move|p1a: Meloetta|U-turn|p2a: Slowking
|-damage|p2a: Slowking|89/100
|
|t:|1760336097
|switch|p1a: Rotom|Rotom-Wash|100/100|[from] U-turn
|-prepare|p2a: Slowking|Chilly Reception|[premajor]
|move|p2a: Slowking|Chilly Reception|p2a: Slowking
|-weather|Snowscape
|
|t:|1760336106
|switch|p2a: Kyurem|Kyurem|100/100|[from] Chilly Reception
|-ability|p2a: Kyurem|Pressure
|
|-weather|Snowscape|[upkeep]
|upkeep
|turn|2
|
|t:|1760336125
|move|p2a: Kyurem|Freeze-Dry|p1a: Rotom
|-supereffective|p1a: Rotom
|-damage|p1a: Rotom|0 fnt
|faint|p1a: Rotom
|
|-weather|Snowscape|[upkeep]
|upkeep
|inactive|pokefan1827 has 120 seconds left.
|
|t:|1760336136
|switch|p1a: Infernape|Infernape, F|100/100
|turn|3
|
|t:|1760336146
|switch|p2a: Slowking|Slowking-Galar, F|100/100
|move|p1a: Infernape|Drain Punch|p2a: Slowking
|-resisted|p2a: Slowking
|-damage|p2a: Slowking|88/100
|-damage|p1a: Infernape|91/100|[from] item: Life Orb
|
|-weather|Snowscape|[upkeep]
|-heal|p2a: Slowking|94/100|[from] item: Leftovers
|upkeep
|turn|4
|
|t:|1760336160
|switch|p1a: Sandy Shocks|Sandy Shocks|100/100
|-enditem|p1a: Sandy Shocks|Booster Energy
|-activate|p1a: Sandy Shocks|ability: Protosynthesis|[fromitem]
|-start|p1a: Sandy Shocks|protosynthesisspa
|move|p2a: Slowking|Future Sight|p1a: Sandy Shocks
|-start|p2a: Slowking|move: Future Sight
|
|-weather|Snowscape|[upkeep]
|-heal|p2a: Slowking|99/100|[from] item: Leftovers
|upkeep
|turn|5
|inactive|snowclaw2 has 120 seconds left.
|
|t:|1760336206
|switch|p2a: Dondozo|Dondozo, F|100/100
|move|p1a: Sandy Shocks|Earth Power|p2a: Dondozo
|-damage|p2a: Dondozo|41/100
|
|-weather|none
|-heal|p2a: Dondozo|47/100|[from] item: Leftovers
|upkeep
|turn|6
|inactive|pokefan1827 has 120 seconds left.
|
|t:|1760336224
|switch|p2a: Kyurem|Kyurem|100/100
|-ability|p2a: Kyurem|Pressure
|move|p1a: Sandy Shocks|Thunderbolt|p2a: Kyurem
|-resisted|p2a: Kyurem
|-damage|p2a: Kyurem|74/100
|
|-end|p1a: Sandy Shocks|move: Future Sight
|-damage|p1a: Sandy Shocks|21/100
|upkeep
|turn|7
|
|t:|1760336241
|move|p1a: Sandy Shocks|Earth Power|p2a: Kyurem
|-damage|p2a: Kyurem|18/100
|move|p2a: Kyurem|Earth Power|p1a: Sandy Shocks
|-supereffective|p1a: Sandy Shocks
|-damage|p1a: Sandy Shocks|0 fnt
|faint|p1a: Sandy Shocks
|-end|p1a: Sandy Shocks|Protosynthesis|[silent]
|
|upkeep
|inactive|pokefan1827 has 120 seconds left.
|
|t:|1760336265
|switch|p1a: Ambipom|Ambipom, M|100/100
|turn|8
|
|t:|1760336274
|switch|p2a: Kingambit|Kingambit, F|100/100
|move|p1a: Ambipom|Fake Out|p2a: Kingambit
|-resisted|p2a: Kingambit
|-damage|p2a: Kingambit|89/100
|
|upkeep
|turn|9
|inactive|snowclaw2 has 120 seconds left.
|
|t:|1760336289
|move|p1a: Ambipom|U-turn|p2a: Kingambit
|-damage|p2a: Kingambit|74/100
|
|t:|1760336292
|switch|p1a: Infernape|Infernape, F|91/100|[from] U-turn
|move|p2a: Kingambit|Kowtow Cleave|p1a: Infernape
|-resisted|p1a: Infernape
|-damage|p1a: Infernape|48/100
|
|upkeep
|turn|10
|inactive|snowclaw2 has 120 seconds left.
|
|t:|1760336303
|-end|p2a: Kingambit|fallenundefined|[silent]
|switch|p2a: Slowking|Slowking-Galar, F|100/100
|move|p1a: Infernape|Fire Punch|p2a: Slowking
|-damage|p2a: Slowking|47/100
|-damage|p1a: Infernape|38/100|[from] item: Life Orb
|
|-heal|p2a: Slowking|53/100|[from] item: Leftovers
|upkeep
|turn|11
|inactive|snowclaw2 has 120 seconds left.
|
|t:|1760336331
|switch|p2a: Cinderace|Cinderace, F|100/100
|move|p1a: Infernape|Fire Punch|p2a: Cinderace
|-resisted|p2a: Cinderace
|-damage|p2a: Cinderace|63/100
|-damage|p1a: Infernape|28/100|[from] item: Life Orb
|
|upkeep
|turn|12
|
|t:|1760336355
|switch|p1a: Ambipom|Ambipom, M|100/100
|move|p2a: Cinderace|Pyro Ball|p1a: Ambipom
|-damage|p1a: Ambipom|3/100
|
|upkeep
|turn|13
|
|t:|1760336364
|switch|p2a: Kingambit|Kingambit, F|74/100
|move|p1a: Ambipom|Fake Out|p2a: Kingambit
|-resisted|p2a: Kingambit
|-damage|p2a: Kingambit|62/100
|
|upkeep
|turn|14
|
|t:|1760336377
|move|p1a: Ambipom|Knock Off|p2a: Kingambit
|-resisted|p2a: Kingambit
|-damage|p2a: Kingambit|51/100
|-enditem|p2a: Kingambit|Assault Vest|[from] move: Knock Off|[of] p1a: Ambipom
|move|p2a: Kingambit|Kowtow Cleave|p1a: Ambipom
|-damage|p1a: Ambipom|0 fnt
|faint|p1a: Ambipom
|
|upkeep
|
|t:|1760336384
|switch|p1a: Infernape|Infernape, F|28/100
|turn|15
|inactive|snowclaw2 has 120 seconds left.
|
|t:|1760336390
|move|p2a: Kingambit|Sucker Punch|p1a: Infernape
|-resisted|p1a: Infernape
|-damage|p1a: Infernape|0 fnt
|faint|p1a: Infernape
|
|upkeep
|
|t:|1760336398
|switch|p1a: Hydrapple|Hydrapple, M|100/100
|turn|16
|
|t:|1760336409
|-end|p2a: Kingambit|fallenundefined|[silent]
|switch|p2a: Corviknight|Corviknight, F|100/100
|move|p1a: Hydrapple|Hydro Pump|p2a: Corviknight
|-damage|p2a: Corviknight|58/100
|
|-heal|p2a: Corviknight|65/100|[from] item: Leftovers
|upkeep
|turn|17
|
|t:|1760336417
|-terastallize|p1a: Hydrapple|Fire
|move|p2a: Corviknight|U-turn|p1a: Hydrapple
|-resisted|p1a: Hydrapple
|-damage|p1a: Hydrapple|95/100
|
|t:|1760336422
|switch|p2a: Slowking|Slowking-Galar, F|86/100|[from] U-turn
|move|p1a: Hydrapple|Tera Blast|p2a: Slowking|[anim] Tera Blast Fire
|-damage|p2a: Slowking|53/100
|
|-heal|p2a: Slowking|59/100|[from] item: Leftovers
|upkeep
|turn|18
|
|t:|1760336432
|move|p1a: Hydrapple|Fickle Beam|p2a: Slowking
|-damage|p2a: Slowking|26/100
|move|p2a: Slowking|Sludge Wave|p1a: Hydrapple
|-damage|p1a: Hydrapple|62/100
|
|-heal|p2a: Slowking|32/100|[from] item: Leftovers
|upkeep
|turn|19
|
|t:|1760336440
|move|p1a: Hydrapple|Fickle Beam|p2a: Slowking
|-damage|p2a: Slowking|0 fnt
|faint|p2a: Slowking
|
|upkeep
|
|t:|1760336451
|switch|p2a: Kyurem|Kyurem|18/100
|-ability|p2a: Kyurem|Pressure
|turn|20
|
|t:|1760336459
|move|p2a: Kyurem|Earth Power|p1a: Hydrapple
|-supereffective|p1a: Hydrapple
|-damage|p1a: Hydrapple|5/100
|move|p1a: Hydrapple|Tera Blast|p2a: Kyurem|[anim] Tera Blast Fire
|-damage|p2a: Kyurem|0 fnt
|faint|p2a: Kyurem
|
|upkeep
|
|t:|1760336470
|switch|p2a: Cinderace|Cinderace, F|63/100
|turn|21
|
|t:|1760336475
|move|p2a: Cinderace|Pyro Ball|p1a: Hydrapple
|-resisted|p1a: Hydrapple
|-damage|p1a: Hydrapple|0 fnt
|faint|p1a: Hydrapple
|
|upkeep
|
|t:|1760336477
|switch|p1a: Meloetta|Meloetta|100/100
|turn|22
|
|t:|1760336486
|move|p2a: Cinderace|Pyro Ball|p1a: Meloetta
|-damage|p1a: Meloetta|45/100
|move|p1a: Meloetta|Hyper Voice|p2a: Cinderace
|-damage|p2a: Cinderace|0 fnt
|faint|p2a: Cinderace
|
|-heal|p1a: Meloetta|51/100|[from] item: Leftovers
|upkeep
|
|t:|1760336496
|switch|p2a: Kingambit|Kingambit, F|51/100
|-activate|p2a: Kingambit|ability: Supreme Overlord
|-start|p2a: Kingambit|fallen3|[silent]
|turn|23
|
|t:|1760336502
|move|p1a: Meloetta|Hyper Voice|p2a: Kingambit
|-resisted|p2a: Kingambit
|-damage|p2a: Kingambit|25/100
|move|p2a: Kingambit|Kowtow Cleave|p1a: Meloetta
|-supereffective|p1a: Meloetta
|-damage|p1a: Meloetta|0 fnt
|faint|p1a: Meloetta
|
|win|snowclaw2
|raw|pokefan1827's rating: 1142 &rarr; <strong>1123</strong><br />(-19 for losing)
|raw|snowclaw2's rating: 1220 &rarr; <strong>1239</strong><br />(+19 for winning)
|l|☆pokefan1827
|player|p1|
|l|☆snowclaw2
|player|p2|
