|j|☆Wolflord149643
|j|☆Ruske
|t:|1760460065
|gametype|singles
|player|p1|Wolflord149643|gambler|1090
|player|p2|Ruske|hilbert|1137
|gen|9
|tier|[Gen 9] OU
|rated|
|rule|HP Percentage Mod: HP is shown in percentages
|rule|Endless Battle Clause: Forcing endless battles is banned
|rule|Species Clause: Limit one of each Pokémon
|rule|OHKO Clause: OHKO moves are banned
|rule|Evasion Items Clause: Evasion items are banned
|rule|Evasion Moves Clause: Evasion moves are banned
|rule|Evasion Abilities Clause: Evasion abilities are banned
|rule|Sleep Moves Clause: Sleep-inducing moves are banned
|clearpoke
|poke|p1|Kilowattrel, M|
|poke|p1|Spidops, F|
|poke|p1|Blastoise, M|
|poke|p1|Palossand, M|
|poke|p1|Dragonite, F|
|poke|p1|Squawkabilly, M|
|poke|p2|Greninja-*, M|
|poke|p2|Skarmory, F|
|poke|p2|Gholdengo|
|poke|p2|Slowking-Galar, M|
|poke|p2|Ceruledge, M|
|poke|p2|Pikachu, M|
|teampreview
|
|t:|1760460078
|teamsize|p1|6
|teamsize|p2|6
|start
|switch|p1a: Kilowattrel|Kilowattrel, M|100/100
|switch|p2a: Skarmory|Skarmory, F|100/100
|turn|1
|
|t:|1760460088
|move|p1a: Kilowattrel|Tailwind|p1a: Kilowattrel
|-sidestart|p1: Wolflord149643|move: Tailwind
|-start|p1a: Kilowattrel|Charge|Tailwind|[from] ability: Wind Power
|move|p2a: Skarmory|Stealth Rock|p1a: Kilowattrel
|-sidestart|p1: Wolflord149643|move: Stealth Rock
|
|upkeep
|turn|2
|
|t:|1760460097
|move|p1a: Kilowattrel|Electro Ball|p2a: Skarmory
|-supereffective|p2a: Skarmory
|-damage|p2a: Skarmory|0 fnt
|faint|p2a: Skarmory
|-damage|p1a: Kilowattrel|91/100|[from] item: Life Orb
|-end|p1a: Kilowattrel|Charge|[silent]
|
|upkeep
|
|t:|1760460106
|switch|p2a: Bruno Fernandes|Pikachu, M|100/100
|turn|3
|
|t:|1760460116
|switch|p1a: Palossand|Palossand, M, shiny|100/100
|-damage|p1a: Palossand|94/100|[from] Stealth Rock
|move|p2a: Bruno Fernandes|Fake Out|p1a: Palossand
|-immune|p1a: Palossand
|
|upkeep
|turn|4
|
|t:|1760460124
|switch|p2a: Greninja|Greninja, M|100/100
|move|p1a: Palossand|Scorching Sands|p2a: Greninja
|-damage|p2a: Greninja|49/100
|-status|p2a: Greninja|brn
|
|-damage|p2a: Greninja|43/100 brn|[from] brn
|-sideend|p1: Wolflord149643|move: Tailwind
|upkeep
|turn|5
|
|t:|1760460135
|switch|p1a: Blastoise|Blastoise, M|100/100
|-damage|p1a: Blastoise|88/100|[from] Stealth Rock
|move|p2a: Greninja|Dark Pulse|p1a: Blastoise
|-damage|p1a: Blastoise|55/100
|
|-damage|p2a: Greninja|37/100 brn|[from] brn
|upkeep
|turn|6
|
|t:|1760460151
|-terastallize|p1a: Blastoise|Electric
|move|p2a: Greninja|Dark Pulse|p1a: Blastoise
|-damage|p1a: Blastoise|23/100
|move|p1a: Blastoise|Tera Blast|p2a: Greninja|[anim] Tera Blast Electric
|-supereffective|p2a: Greninja
|-damage|p2a: Greninja|0 fnt
|faint|p2a: Greninja
|
|upkeep
|
|t:|1760460162
|switch|p2a: Ceruledge|Ceruledge, M|100/100
|turn|7
|
|t:|1760460170
|move|p2a: Ceruledge|Poltergeist|p1a: Blastoise
|-activate|p1a: Blastoise|move: Poltergeist|White Herb
|-damage|p1a: Blastoise|0 fnt
|faint|p1a: Blastoise
|
|upkeep
|inactive|Battle timer is ON: inactive players will automatically lose when time's up. (requested by Ruske)
|
|t:|1760460199
|switch|p1a: Dragonite|Dragonite, F|100/100
|-damage|p1a: Dragonite|76/100|[from] Stealth Rock
|turn|8
|
|t:|1760460216
|switch|p2a: Gholdengo|Gholdengo|100/100
|-item|p2a: Gholdengo|Air Balloon
|move|p1a: Dragonite|Draco Meteor|p2a: Gholdengo
|-resisted|p2a: Gholdengo
|-damage|p2a: Gholdengo|54/100
|-unboost|p1a: Dragonite|spa|2
|-enditem|p2a: Gholdengo|Air Balloon
|
|upkeep
|turn|9
|
|t:|1760460231
|switch|p1a: Spidops|Spidops, F|100/100
|-damage|p1a: Spidops|76/100|[from] Stealth Rock
|move|p2a: Gholdengo|Power Gem|p1a: Spidops
|-supereffective|p1a: Spidops
|-damage|p1a: Spidops|0 fnt
|faint|p1a: Spidops
|
|upkeep
|
|t:|1760460246
|switch|p1a: Kilowattrel|Kilowattrel, M|91/100
|-damage|p1a: Kilowattrel|66/100|[from] Stealth Rock
|turn|10
|
|t:|1760460254
|move|p1a: Kilowattrel|Electro Ball|p2a: Gholdengo
|-crit|p2a: Gholdengo
|-damage|p2a: Gholdengo|0 fnt
|faint|p2a: Gholdengo
|-damage|p1a: Kilowattrel|56/100|[from] item: Life Orb
|
|upkeep
|
|t:|1760460265
|switch|p2a: Ceruledge|Ceruledge, M|100/100
|turn|11
|
|t:|1760460270
|move|p2a: Ceruledge|Bitter Blade|p1a: Kilowattrel
|-damage|p1a: Kilowattrel|0 fnt
|faint|p1a: Kilowattrel
|
|upkeep
|
|t:|1760460282
|switch|p1a: Dragonite|Dragonite, F|76/100
|-damage|p1a: Dragonite|51/100|[from] Stealth Rock
|turn|12
|
|t:|1760460287
|switch|p2a: Slowking|Slowking-Galar, M|100/100
|move|p1a: Dragonite|Draco Meteor|p2a: Slowking
|-damage|p2a: Slowking|32/100
|-unboost|p1a: Dragonite|spa|2
|
|-heal|p2a: Slowking|39/100|[from] item: Leftovers
|upkeep
|turn|13
|
|t:|1760460297
|move|p1a: Dragonite|Draco Meteor|p2a: Slowking
|-damage|p2a: Slowking|6/100
|-unboost|p1a: Dragonite|spa|2
|-prepare|p2a: Slowking|Chilly Reception|[premajor]
|move|p2a: Slowking|Chilly Reception|p2a: Slowking
|-weather|Snowscape
|
|t:|1760460302
|switch|p2a: Bruno Fernandes|Pikachu, M|100/100|[from] Chilly Reception
|
|-weather|Snowscape|[upkeep]
|upkeep
|turn|14
|
|t:|1760460309
|switch|p2a: Slowking|Slowking-Galar, M|39/100
|move|p1a: Dragonite|Draco Meteor|p2a: Slowking
|-damage|p2a: Slowking|17/100
|-unboost|p1a: Dragonite|spa|2
|
|-weather|Snowscape|[upkeep]
|-heal|p2a: Slowking|23/100|[from] item: Leftovers
|upkeep
|turn|15
|
|t:|1760460320
|move|p1a: Dragonite|Draco Meteor|p2a: Slowking
|-damage|p2a: Slowking|7/100
|move|p2a: Slowking|Slack Off|p2a: Slowking
|-heal|p2a: Slowking|57/100
|
|-weather|Snowscape|[upkeep]
|-heal|p2a: Slowking|63/100|[from] item: Leftovers
|upkeep
|turn|16
|
|t:|1760460332
|move|p1a: Dragonite|Draco Meteor|p2a: Slowking
|-damage|p2a: Slowking|47/100
|move|p2a: Slowking|Calm Mind|p2a: Slowking
|-boost|p2a: Slowking|spa|1
|-boost|p2a: Slowking|spd|1
|
|-weather|Snowscape|[upkeep]
|-heal|p2a: Slowking|53/100|[from] item: Leftovers
|upkeep
|turn|17
|
|t:|1760460341
|switch|p1a: Palossand|Palossand, M, shiny|94/100
|-damage|p1a: Palossand|88/100|[from] Stealth Rock
|move|p2a: Slowking|Slack Off|p2a: Slowking
|-heal|p2a: Slowking|100/100
|
|-weather|none
|upkeep
|turn|18
|
|t:|1760460356
|-terastallize|p2a: Slowking|Poison
|move|p1a: Palossand|Shadow Ball|p2a: Slowking
|-damage|p2a: Slowking|78/100
|move|p2a: Slowking|Psyshock|p1a: Palossand
|-damage|p1a: Palossand|47/100
|
|-heal|p2a: Slowking|84/100|[from] item: Leftovers
|upkeep
|turn|19
|
|t:|1760460367
|move|p1a: Palossand|Shore Up|p1a: Palossand
|-heal|p1a: Palossand|97/100
|move|p2a: Slowking|Calm Mind|p2a: Slowking
|-boost|p2a: Slowking|spa|1
|-boost|p2a: Slowking|spd|1
|
|-heal|p2a: Slowking|90/100|[from] item: Leftovers
|upkeep
|turn|20
|
|t:|1760460375
|move|p1a: Palossand|Scorching Sands|p2a: Slowking
|-supereffective|p2a: Slowking
|-damage|p2a: Slowking|64/100
|-status|p2a: Slowking|brn
|move|p2a: Slowking|Calm Mind|p2a: Slowking
|-boost|p2a: Slowking|spa|1
|-boost|p2a: Slowking|spd|1
|
|-heal|p2a: Slowking|70/100 brn|[from] item: Leftovers
|-damage|p2a: Slowking|64/100 brn|[from] brn
|upkeep
|turn|21
|
|t:|1760460390
|move|p1a: Palossand|Stealth Rock|p2a: Slowking
|-sidestart|p2: Ruske|move: Stealth Rock
|move|p2a: Slowking|Slack Off|p2a: Slowking
|-heal|p2a: Slowking|100/100 brn
|
|-damage|p2a: Slowking|94/100 brn|[from] brn
|upkeep
|turn|22
|
|t:|1760460397
|move|p1a: Palossand|Scorching Sands|p2a: Slowking
|-supereffective|p2a: Slowking
|-damage|p2a: Slowking|71/100 brn
|move|p2a: Slowking|Psyshock|p1a: Palossand
|-damage|p1a: Palossand|33/100
|
|-heal|p2a: Slowking|77/100 brn|[from] item: Leftovers
|-damage|p2a: Slowking|71/100 brn|[from] brn
|upkeep
|turn|23
|
|t:|1760460407
|move|p1a: Palossand|Shore Up|p1a: Palossand
|-heal|p1a: Palossand|83/100
|move|p2a: Slowking|Psyshock|p1a: Palossand
|-damage|p1a: Palossand|21/100
|
|-heal|p2a: Slowking|77/100 brn|[from] item: Leftovers
|-damage|p2a: Slowking|71/100 brn|[from] brn
|upkeep
|turn|24
|
|t:|1760460417
|move|p1a: Palossand|Shore Up|p1a: Palossand
|-heal|p1a: Palossand|71/100
|move|p2a: Slowking|Psyshock|p1a: Palossand
|-damage|p1a: Palossand|4/100
|
|-heal|p2a: Slowking|77/100 brn|[from] item: Leftovers
|-damage|p2a: Slowking|71/100 brn|[from] brn
|upkeep
|turn|25
|
|t:|1760460427
|move|p1a: Palossand|Scorching Sands|p2a: Slowking
|-supereffective|p2a: Slowking
|-damage|p2a: Slowking|49/100 brn
|move|p2a: Slowking|Slack Off|p2a: Slowking
|-heal|p2a: Slowking|99/100 brn
|
|-heal|p2a: Slowking|100/100 brn|[from] item: Leftovers
|-damage|p2a: Slowking|94/100 brn|[from] brn
|upkeep
|turn|26
|
|t:|1760460437
|move|p1a: Palossand|Scorching Sands|p2a: Slowking
|-supereffective|p2a: Slowking
|-damage|p2a: Slowking|73/100 brn
|move|p2a: Slowking|Calm Mind|p2a: Slowking
|-boost|p2a: Slowking|spa|1
|-boost|p2a: Slowking|spd|1
|
|-heal|p2a: Slowking|79/100 brn|[from] item: Leftovers
|-damage|p2a: Slowking|73/100 brn|[from] brn
|upkeep
|turn|27
|
|t:|1760460448
|move|p1a: Palossand|Scorching Sands|p2a: Slowking
|-supereffective|p2a: Slowking
|-damage|p2a: Slowking|55/100 brn
|move|p2a: Slowking|Slack Off|p2a: Slowking
|-heal|p2a: Slowking|100/100 brn
|
|-damage|p2a: Slowking|94/100 brn|[from] brn
|upkeep
|turn|28
|
|t:|1760460458
|move|p1a: Palossand|Scorching Sands|p2a: Slowking
|-supereffective|p2a: Slowking
|-damage|p2a: Slowking|76/100 brn
|move|p2a: Slowking|Psyshock|p1a: Palossand
|-damage|p1a: Palossand|0 fnt
|faint|p1a: Palossand
|
|-heal|p2a: Slowking|82/100 brn|[from] item: Leftovers
|-damage|p2a: Slowking|76/100 brn|[from] brn
|upkeep
|
|t:|1760460471
|switch|p1a: Dragonite|Dragonite, F|51/100
|-damage|p1a: Dragonite|26/100|[from] Stealth Rock
|turn|29
|
|t:|1760460479
|move|p1a: Dragonite|Draco Meteor|p2a: Slowking
|-damage|p2a: Slowking|54/100 brn
|-unboost|p1a: Dragonite|spa|2
|move|p2a: Slowking|Psyshock|p1a: Dragonite
|-crit|p1a: Dragonite
|-damage|p1a: Dragonite|0 fnt
|faint|p1a: Dragonite
|
|-heal|p2a: Slowking|60/100 brn|[from] item: Leftovers
|-damage|p2a: Slowking|54/100 brn|[from] brn
|upkeep
|
|t:|1760460491
|switch|p1a: Squawkabilly|Squawkabilly, M|100/100
|-damage|p1a: Squawkabilly|76/100|[from] Stealth Rock
|turn|30
|
|t:|1760460497
|move|p1a: Squawkabilly|Protect|p1a: Squawkabilly
|-singleturn|p1a: Squawkabilly|Protect
|move|p2a: Slowking|Psyshock|p1a: Squawkabilly
|-activate|p1a: Squawkabilly|move: Protect
|
|-heal|p2a: Slowking|60/100 brn|[from] item: Leftovers
|-damage|p2a: Slowking|54/100 brn|[from] brn
|-status|p1a: Squawkabilly|brn|[from] item: Flame Orb
|upkeep
|turn|31
|
|t:|1760460508
|move|p1a: Squawkabilly|Facade|p2a: Slowking
|-damage|p2a: Slowking|0 fnt
|faint|p2a: Slowking
|
|-damage|p1a: Squawkabilly|69/100 brn|[from] brn
|upkeep
|
|t:|1760460518
|switch|p2a: Bruno Fernandes|Pikachu, M|100/100
|-damage|p2a: Bruno Fernandes|88/100|[from] Stealth Rock
|turn|32
|
|t:|1760460528
|move|p2a: Bruno Fernandes|Fake Out|p1a: Squawkabilly
|-damage|p1a: Squawkabilly|51/100 brn
|cant|p1a: Squawkabilly|flinch
|
|-damage|p1a: Squawkabilly|45/100 brn|[from] brn
|upkeep
|turn|33
|
|t:|1760460536
|move|p2a: Bruno Fernandes|Quick Attack|p1a: Squawkabilly
|-damage|p1a: Squawkabilly|29/100 brn
|move|p1a: Squawkabilly|Facade|p2a: Bruno Fernandes
|-damage|p2a: Bruno Fernandes|0 fnt
|faint|p2a: Bruno Fernandes
|
|-damage|p1a: Squawkabilly|22/100 brn|[from] brn
|upkeep
|
|t:|1760460539
|switch|p2a: Ceruledge|Ceruledge, M|100/100
|-damage|p2a: Ceruledge|76/100|[from] Stealth Rock
|turn|34
|
|t:|1760460553
|move|p2a: Ceruledge|Bitter Blade|p1a: Squawkabilly
|-crit|p1a: Squawkabilly
|-damage|p1a: Squawkabilly|0 fnt
|-heal|p2a: Ceruledge|87/100|[from] drain|[of] p1a: Squawkabilly
|faint|p1a: Squawkabilly
|
|win|Ruske
|raw|Wolflord149643's rating: 1090 &rarr; <strong>1070</strong><br />(-20 for losing)
|raw|Ruske's rating: 1137 &rarr; <strong>1159</strong><br />(+22 for winning)
|c|☆Wolflord149643|Gg
|c|☆Ruske|gg
|l|☆Ruske
|player|p2|
|l|☆Wolflord149643
|player|p1|
