|j|☆ZyroXDragon
|j|☆BobbyAxe1
|t:|1760305568
|gametype|singles
|player|p1|ZyroXDragon|blue|1507
|player|p2|BobbyAxe1|gambler|1498
|gen|9
|tier|[Gen 9] OU
|rated|
|rule|HP Percentage Mod: HP is shown in percentages
|rule|Endless Battle Clause: Forcing endless battles is banned
|rule|Species Clause: Limit one of each Pokémon
|rule|OHKO Clause: OHKO moves are banned
|rule|Evasion Items Clause: Evasion items are banned
|rule|Evasion Moves Clause: Evasion moves are banned
|rule|Evasion Abilities Clause: Evasion abilities are banned
|rule|Sleep Moves Clause: Sleep-inducing moves are banned
|clearpoke
|poke|p1|Dondozo, M|
|poke|p1|Gliscor, M|
|poke|p1|Toxapex, M|
|poke|p1|Clefable, F|
|poke|p1|Blissey, F|
|poke|p1|Slowking-Galar, F|
|poke|p2|Vileplume, F|
|poke|p2|Tyranitar, M|
|poke|p2|Reuniclus, F|
|poke|p2|Spiritomb, F|
|poke|p2|Heracross, M|
|poke|p2|Zoroark-Hisui, M|
|teampreview
|inactive|Battle timer is ON: inactive players will automatically lose when time's up. (requested by ZyroXDragon)
|
|t:|1760305602
|teamsize|p1|6
|teamsize|p2|6
|start
|switch|p1a: Toxapex|Toxapex, M|100/100
|switch|p2a: Reuniclus|Reuniclus, F|100/100
|turn|1
|
|t:|1760305612
|move|p2a: Reuniclus|Poltergeist|p1a: Toxapex
|-activate|p1a: Toxapex|move: Poltergeist|Black Sludge
|-damage|p1a: Toxapex|63/100
|-damage|p2a: Reuniclus|91/100|[from] item: Life Orb
|move|p1a: Toxapex|Infestation|p2a: Reuniclus
|-resisted|p2a: Reuniclus
|-damage|p2a: Reuniclus|87/100
|-activate|p2a: Reuniclus|move: Infestation|[of] p1a: Toxapex
|replace|p2a: Zoroark|Zoroark-Hisui, M
|-end|p2a: Zoroark|Illusion
|
|-heal|p1a: Toxapex|70/100|[from] item: Black Sludge
|-damage|p2a: Zoroark|75/100|[from] move: Infestation|[partiallytrapped]
|upkeep
|turn|2
|
|t:|1760305626
|move|p1a: Toxapex|Baneful Bunker|p1a: Toxapex
|-singleturn|p1a: Toxapex|move: Protect
|move|p2a: Zoroark|Poltergeist|p1a: Toxapex
|-activate|p1a: Toxapex|move: Protect
|
|-heal|p1a: Toxapex|76/100|[from] item: Black Sludge
|-damage|p2a: Zoroark|63/100|[from] move: Infestation|[partiallytrapped]
|upkeep
|turn|3
|
|t:|1760305636
|move|p2a: Zoroark|Poltergeist|p1a: Toxapex
|-activate|p1a: Toxapex|move: Poltergeist|Black Sludge
|-damage|p1a: Toxapex|37/100
|-damage|p2a: Zoroark|53/100|[from] item: Life Orb
|move|p1a: Toxapex|Recover|p1a: Toxapex
|-heal|p1a: Toxapex|87/100
|
|-heal|p1a: Toxapex|94/100|[from] item: Black Sludge
|-damage|p2a: Zoroark|41/100|[from] move: Infestation|[partiallytrapped]
|upkeep
|turn|4
|
|t:|1760305649
|move|p2a: Zoroark|Memento|p1a: Toxapex
|-unboost|p1a: Toxapex|atk|2
|-unboost|p1a: Toxapex|spa|2
|faint|p2a: Zoroark
|move|p1a: Toxapex|Toxic Spikes|p2: Zoroark
|-sidestart|p2: BobbyAxe1|move: Toxic Spikes
|
|-heal|p1a: Toxapex|99/100|[from] item: Black Sludge
|upkeep
|
|t:|1760305661
|switch|p2a: Vileplume|Vileplume, F|100/100
|-sideend|p2: BobbyAxe1|move: Toxic Spikes|[of] p2a: Vileplume
|turn|5
|
|t:|1760305664
|switch|p1a: Clefable|Clefable, F|100/100
|move|p2a: Vileplume|Leech Seed|p1a: Clefable
|-start|p1a: Clefable|move: Leech Seed
|
|upkeep
|turn|6
|
|t:|1760305672
|move|p1a: Clefable|Knock Off|p2a: Vileplume
|-damage|p2a: Vileplume|82/100
|-enditem|p2a: Vileplume|Black Sludge|[from] move: Knock Off|[of] p1a: Clefable
|move|p2a: Vileplume|Sludge Bomb|p1a: Clefable
|-supereffective|p1a: Clefable
|-damage|p1a: Clefable|54/100
|
|-heal|p1a: Clefable|60/100|[from] item: Leftovers
|upkeep
|turn|7
|
|t:|1760305685
|switch|p1a: Slowking|Slowking-Galar, F|100/100
|move|p2a: Vileplume|Sludge Bomb|p1a: Slowking
|-resisted|p1a: Slowking
|-damage|p1a: Slowking|90/100
|
|upkeep
|turn|8
|
|t:|1760305695
|switch|p2a: Tyranitar|Tyranitar, M|100/100
|-weather|Sandstorm|[from] ability: Sand Stream|[of] p2a: Tyranitar
|move|p1a: Slowking|Psychic Noise|p2a: Tyranitar
|-immune|p2a: Tyranitar
|
|-weather|Sandstorm|[upkeep]
|-damage|p1a: Slowking|84/100|[from] Sandstorm
|upkeep
|turn|9
|
|t:|1760305706
|switch|p1a: Clefable|Clefable, F|60/100
|move|p2a: Tyranitar|Knock Off|p1a: Clefable
|-resisted|p1a: Clefable
|-damage|p1a: Clefable|28/100
|-enditem|p1a: Clefable|Leftovers|[from] move: Knock Off|[of] p2a: Tyranitar
|
|-weather|Sandstorm|[upkeep]
|upkeep
|turn|10
|
|t:|1760305718
|move|p2a: Tyranitar|Stealth Rock|p1a: Clefable
|-sidestart|p1: ZyroXDragon|move: Stealth Rock
|move|p1a: Clefable|Moonlight|p1a: Clefable
|-heal|p1a: Clefable|53/100
|
|-weather|Sandstorm|[upkeep]
|upkeep
|turn|11
|
|t:|1760305726
|move|p2a: Tyranitar|Stone Edge|p1a: Clefable|[miss]
|-miss|p2a: Tyranitar|p1a: Clefable
|move|p1a: Clefable|Thunder Wave|p2a: Tyranitar
|-status|p2a: Tyranitar|par
|
|-weather|Sandstorm|[upkeep]
|upkeep
|turn|12
|
|t:|1760305738
|move|p1a: Clefable|Moonlight|p1a: Clefable
|-heal|p1a: Clefable|78/100
|cant|p2a: Tyranitar|par
|
|-weather|none
|upkeep
|turn|13
|
|t:|1760305745
|move|p1a: Clefable|Knock Off|p2a: Tyranitar
|-resisted|p2a: Tyranitar
|-damage|p2a: Tyranitar|94/100 par
|-enditem|p2a: Tyranitar|Leftovers|[from] move: Knock Off|[of] p1a: Clefable
|move|p2a: Tyranitar|Stone Edge|p1a: Clefable
|-crit|p1a: Clefable
|-damage|p1a: Clefable|0 fnt
|faint|p1a: Clefable
|
|upkeep
|
|t:|1760305752
|switch|p1a: Toxapex|Toxapex, M|100/100
|-damage|p1a: Toxapex|88/100|[from] Stealth Rock
|turn|14
|
|t:|1760305759
|switch|p2a: Vileplume|Vileplume, F|82/100
|move|p1a: Toxapex|Infestation|p2a: Vileplume
|-damage|p2a: Vileplume|80/100
|-activate|p2a: Vileplume|move: Infestation|[of] p1a: Toxapex
|
|-heal|p1a: Toxapex|94/100|[from] item: Black Sludge
|-damage|p2a: Vileplume|67/100|[from] move: Infestation|[partiallytrapped]
|upkeep
|turn|15
|
|t:|1760305768
|move|p1a: Toxapex|Baneful Bunker|p1a: Toxapex
|-singleturn|p1a: Toxapex|move: Protect
|move|p2a: Vileplume|Leech Seed|p1a: Toxapex
|-activate|p1a: Toxapex|move: Protect
|
|-heal|p1a: Toxapex|100/100|[from] item: Black Sludge
|-damage|p2a: Vileplume|55/100|[from] move: Infestation|[partiallytrapped]
|upkeep
|turn|16
|
|t:|1760305786
|move|p2a: Vileplume|Leech Seed|p1a: Toxapex|[miss]
|-miss|p2a: Vileplume|p1a: Toxapex
|move|p1a: Toxapex|Toxic Spikes|p2a: Vileplume
|-sidestart|p2: BobbyAxe1|move: Toxic Spikes
|
|-damage|p2a: Vileplume|42/100|[from] move: Infestation|[partiallytrapped]
|upkeep
|turn|17
|
|t:|1760305797
|move|p1a: Toxapex|Baneful Bunker|p1a: Toxapex
|-singleturn|p1a: Toxapex|move: Protect
|move|p2a: Vileplume|Sludge Bomb|p1a: Toxapex
|-activate|p1a: Toxapex|move: Protect
|
|-damage|p2a: Vileplume|30/100|[from] move: Infestation|[partiallytrapped]
|upkeep
|turn|18
|
|t:|1760305806
|move|p2a: Vileplume|Strength Sap|p1a: Toxapex
|-unboost|p1a: Toxapex|atk|1
|-heal|p2a: Vileplume|63/100
|move|p1a: Toxapex|Infestation|p2a: Vileplume
|-damage|p2a: Vileplume|61/100
|-status|p1a: Toxapex|par|[from] ability: Effect Spore|[of] p2a: Vileplume
|
|-damage|p2a: Vileplume|48/100|[from] move: Infestation|[partiallytrapped]
|upkeep
|turn|19
|
|t:|1760305818
|move|p2a: Vileplume|Leech Seed|p1a: Toxapex
|-start|p1a: Toxapex|move: Leech Seed
|move|p1a: Toxapex|Toxic Spikes|p2a: Vileplume
|-sidestart|p2: BobbyAxe1|move: Toxic Spikes
|
|-damage|p1a: Toxapex|88/100 par|[from] Leech Seed|[of] p2a: Vileplume
|-heal|p2a: Vileplume|59/100|[silent]
|-end|p2a: Vileplume|Infestation|[partiallytrapped]
|upkeep
|turn|20
|
|t:|1760305829
|switch|p2a: Reuniclus|Reuniclus, F|100/100
|-status|p2a: Reuniclus|tox
|switch|p1a: Slowking|Slowking-Galar, F|100/100
|
|upkeep
|turn|21
|
|t:|1760305837
|-prepare|p1a: Slowking|Chilly Reception|[premajor]
|move|p1a: Slowking|Chilly Reception|p1a: Slowking
|-weather|Snowscape
|
|t:|1760305841
|switch|p1a: Blissey|Blissey, F|100/100|[from] Chilly Reception
|move|p2a: Reuniclus|Psychic Noise|p1a: Blissey
|-damage|p1a: Blissey|83/100
|-start|p1a: Blissey|move: Heal Block
|
|-weather|Snowscape|[upkeep]
|upkeep
|turn|22
|
|t:|1760305851
|move|p1a: Blissey|Seismic Toss|p2a: Reuniclus
|-damage|p2a: Reuniclus|77/100 tox
|move|p2a: Reuniclus|Calm Mind|p2a: Reuniclus
|-boost|p2a: Reuniclus|spa|1
|-boost|p2a: Reuniclus|spd|1
|
|-weather|Snowscape|[upkeep]
|-end|p1a: Blissey|move: Heal Block
|upkeep
|turn|23
|
|t:|1760305860
|move|p1a: Blissey|Calm Mind|p1a: Blissey
|-boost|p1a: Blissey|spa|1
|-boost|p1a: Blissey|spd|1
|move|p2a: Reuniclus|Calm Mind|p2a: Reuniclus
|-boost|p2a: Reuniclus|spa|1
|-boost|p2a: Reuniclus|spd|1
|
|-weather|Snowscape|[upkeep]
|upkeep
|turn|24
|
|t:|1760305874
|switch|p2a: Vileplume|Vileplume, F|59/100
|-sideend|p2: BobbyAxe1|move: Toxic Spikes|[of] p2a: Vileplume
|move|p1a: Blissey|Calm Mind|p1a: Blissey
|-boost|p1a: Blissey|spa|1
|-boost|p1a: Blissey|spd|1
|
|-weather|Snowscape|[upkeep]
|upkeep
|turn|25
|
|t:|1760305881
|move|p1a: Blissey|Flamethrower|p2a: Vileplume
|-supereffective|p2a: Vileplume
|-damage|p2a: Vileplume|10/100
|move|p2a: Vileplume|Leech Seed|p1a: Blissey
|-start|p1a: Blissey|move: Leech Seed
|
|-weather|none
|-damage|p1a: Blissey|71/100|[from] Leech Seed|[of] p2a: Vileplume
|-heal|p2a: Vileplume|35/100|[silent]
|upkeep
|turn|26
|
|t:|1760305897
|switch|p1a: Gliscor|Gliscor, M|100/100
|-damage|p1a: Gliscor|88/100|[from] Stealth Rock
|switch|p2a: Reuniclus|Reuniclus, F|77/100 tox
|
|-status|p1a: Gliscor|tox|[from] item: Toxic Orb
|upkeep
|turn|27
|
|t:|1760305908
|move|p1a: Gliscor|Knock Off|p2a: Reuniclus
|-supereffective|p2a: Reuniclus
|-damage|p2a: Reuniclus|33/100 tox
|-enditem|p2a: Reuniclus|Life Orb|[from] move: Knock Off|[of] p1a: Gliscor
|move|p2a: Reuniclus|Psychic Noise|p1a: Gliscor
|-damage|p1a: Gliscor|42/100 tox
|-start|p1a: Gliscor|move: Heal Block
|
|upkeep
|turn|28
|
|t:|1760305918
|move|p1a: Gliscor|Spikes|p2a: Reuniclus
|-sidestart|p2: BobbyAxe1|Spikes
|move|p2a: Reuniclus|Recover|p2a: Reuniclus
|-heal|p2a: Reuniclus|83/100 tox
|
|-end|p1a: Gliscor|move: Heal Block
|upkeep
|turn|29
|
|t:|1760305926
|switch|p1a: Blissey|Blissey, F|71/100
|move|p2a: Reuniclus|Psychic Noise|p1a: Blissey
|-damage|p1a: Blissey|57/100
|-start|p1a: Blissey|move: Heal Block
|
|upkeep
|turn|30
|
|t:|1760305939
|switch|p2a: Vileplume|Vileplume, F|35/100
|-damage|p2a: Vileplume|23/100|[from] Spikes
|move|p1a: Blissey|Calm Mind|p1a: Blissey
|-boost|p1a: Blissey|spa|1
|-boost|p1a: Blissey|spd|1
|
|-end|p1a: Blissey|move: Heal Block
|upkeep
|turn|31
|
|t:|1760305950
|move|p1a: Blissey|Flamethrower|p2a: Vileplume
|-supereffective|p2a: Vileplume
|-damage|p2a: Vileplume|0 fnt
|faint|p2a: Vileplume
|
|upkeep
|
|t:|1760305961
|switch|p2a: Tyranitar|Tyranitar, M|94/100 par
|-damage|p2a: Tyranitar|82/100 par|[from] Spikes
|-weather|Sandstorm|[from] ability: Sand Stream|[of] p2a: Tyranitar
|turn|32
|
|t:|1760305967
|move|p1a: Blissey|Soft-Boiled|p1a: Blissey
|-heal|p1a: Blissey|100/100
|move|p2a: Tyranitar|Stone Edge|p1a: Blissey|[miss]
|-miss|p2a: Tyranitar|p1a: Blissey
|
|-weather|Sandstorm|[upkeep]
|-damage|p1a: Blissey|94/100|[from] Sandstorm
|upkeep
|turn|33
|
|t:|1760305980
|switch|p1a: Toxapex|Toxapex, M|100/100 par
|-damage|p1a: Toxapex|88/100 par|[from] Stealth Rock
|move|p2a: Tyranitar|Stone Edge|p1a: Toxapex
|-damage|p1a: Toxapex|53/100 par
|
|-weather|Sandstorm|[upkeep]
|-damage|p1a: Toxapex|47/100 par|[from] Sandstorm
|-heal|p1a: Toxapex|53/100 par|[from] item: Black Sludge
|upkeep
|turn|34
|
|t:|1760305991
|move|p2a: Tyranitar|Earthquake|p1a: Toxapex
|-supereffective|p1a: Toxapex
|-damage|p1a: Toxapex|9/100 par
|move|p1a: Toxapex|Toxic Spikes|p2a: Tyranitar
|-sidestart|p2: BobbyAxe1|move: Toxic Spikes
|
|-weather|Sandstorm|[upkeep]
|-damage|p1a: Toxapex|3/100 par|[from] Sandstorm
|-heal|p1a: Toxapex|9/100 par|[from] item: Black Sludge
|upkeep
|turn|35
|
|t:|1760306002
|move|p1a: Toxapex|Baneful Bunker|p1a: Toxapex
|-singleturn|p1a: Toxapex|move: Protect
|move|p2a: Tyranitar|Knock Off|p1a: Toxapex
|-activate|p1a: Toxapex|move: Protect
|
|-weather|Sandstorm|[upkeep]
|-damage|p1a: Toxapex|3/100 par|[from] Sandstorm
|-heal|p1a: Toxapex|9/100 par|[from] item: Black Sludge
|upkeep
|turn|36
|
|t:|1760306016
|switch|p1a: Gliscor|Gliscor, M|42/100 tox
|-damage|p1a: Gliscor|29/100 tox|[from] Stealth Rock
|move|p2a: Tyranitar|Knock Off|p1a: Gliscor
|-damage|p1a: Gliscor|0 fnt
|-enditem|p1a: Gliscor|Toxic Orb|[from] move: Knock Off|[of] p2a: Tyranitar
|faint|p1a: Gliscor
|
|-weather|none
|upkeep
|
|t:|1760306027
|switch|p1a: Dondozo|Dondozo, M|100/100
|turn|37
|
|t:|1760306037
|move|p1a: Dondozo|Waterfall|p2a: Tyranitar
|-supereffective|p2a: Tyranitar
|-damage|p2a: Tyranitar|42/100 par
|move|p2a: Tyranitar|Knock Off|p1a: Dondozo
|-damage|p1a: Dondozo|75/100
|-enditem|p1a: Dondozo|Heavy-Duty Boots|[from] move: Knock Off|[of] p2a: Tyranitar
|
|upkeep
|turn|38
|
|t:|1760306052
|move|p1a: Dondozo|Waterfall|p2a: Tyranitar
|-supereffective|p2a: Tyranitar
|-damage|p2a: Tyranitar|1/100 par
|cant|p2a: Tyranitar|flinch
|
|upkeep
|turn|39
|
|t:|1760306058
|move|p1a: Dondozo|Waterfall|p2a: Tyranitar
|-supereffective|p2a: Tyranitar
|-damage|p2a: Tyranitar|0 fnt
|faint|p2a: Tyranitar
|
|upkeep
|
|t:|1760306065
|switch|p2a: Reuniclus|Reuniclus, F|83/100 tox
|turn|40
|
|t:|1760306071
|switch|p1a: Blissey|Blissey, F|94/100
|move|p2a: Reuniclus|Psychic Noise|p1a: Blissey
|-damage|p1a: Blissey|81/100
|-start|p1a: Blissey|move: Heal Block
|
|upkeep
|turn|41
|
|t:|1760306083
|switch|p2a: Heracross|Heracross, M|100/100
|-damage|p2a: Heracross|88/100|[from] Spikes
|-status|p2a: Heracross|psn
|move|p1a: Blissey|Calm Mind|p1a: Blissey
|-boost|p1a: Blissey|spa|1
|-boost|p1a: Blissey|spd|1
|
|-heal|p2a: Heracross|94/100 psn|[from] item: Leftovers
|-damage|p2a: Heracross|82/100 psn|[from] psn
|-end|p1a: Blissey|move: Heal Block
|upkeep
|turn|42
|
|t:|1760306098
|switch|p1a: Toxapex|Toxapex, M|43/100 par
|-damage|p1a: Toxapex|30/100 par|[from] Stealth Rock
|move|p2a: Heracross|Lunge|p1a: Toxapex
|-resisted|p1a: Toxapex
|-damage|p1a: Toxapex|15/100 par
|-unboost|p1a: Toxapex|atk|1
|
|-heal|p2a: Heracross|88/100 psn|[from] item: Leftovers
|-heal|p1a: Toxapex|22/100 par|[from] item: Black Sludge
|-damage|p2a: Heracross|75/100 psn|[from] psn
|upkeep
|turn|43
|
|t:|1760306112
|move|p1a: Toxapex|Baneful Bunker|p1a: Toxapex
|-singleturn|p1a: Toxapex|move: Protect
|move|p2a: Heracross|Spikes|p1a: Toxapex
|-sidestart|p1: ZyroXDragon|Spikes
|
|-heal|p2a: Heracross|82/100 psn|[from] item: Leftovers
|-heal|p1a: Toxapex|28/100 par|[from] item: Black Sludge
|-damage|p2a: Heracross|69/100 psn|[from] psn
|upkeep
|turn|44
|
|t:|1760306122
|move|p2a: Heracross|Knock Off|p1a: Toxapex
|-damage|p1a: Toxapex|3/100 par
|-enditem|p1a: Toxapex|Black Sludge|[from] move: Knock Off|[of] p2a: Heracross
|move|p1a: Toxapex|Infestation|p2a: Heracross
|-resisted|p2a: Heracross
|-damage|p2a: Heracross|68/100 psn
|-activate|p2a: Heracross|move: Infestation|[of] p1a: Toxapex
|
|-heal|p2a: Heracross|74/100 psn|[from] item: Leftovers
|-damage|p2a: Heracross|61/100 psn|[from] psn
|-damage|p2a: Heracross|49/100 psn|[from] move: Infestation|[partiallytrapped]
|upkeep
|turn|45
|
|t:|1760306135
|cant|p1a: Toxapex|par
|move|p2a: Heracross|Spikes|p1a: Toxapex
|-sidestart|p1: ZyroXDragon|Spikes
|
|-heal|p2a: Heracross|55/100 psn|[from] item: Leftovers
|-damage|p2a: Heracross|43/100 psn|[from] psn
|-damage|p2a: Heracross|30/100 psn|[from] move: Infestation|[partiallytrapped]
|upkeep
|turn|46
|
|t:|1760306144
|move|p1a: Toxapex|Baneful Bunker|p1a: Toxapex
|-singleturn|p1a: Toxapex|move: Protect
|move|p2a: Heracross|Knock Off|p1a: Toxapex
|-activate|p1a: Toxapex|move: Protect
|
|-heal|p2a: Heracross|36/100 psn|[from] item: Leftovers
|-damage|p2a: Heracross|24/100 psn|[from] psn
|-damage|p2a: Heracross|12/100 psn|[from] move: Infestation|[partiallytrapped]
|upkeep
|turn|47
|
|t:|1760306154
|move|p2a: Heracross|Spikes|p1a: Toxapex
|-sidestart|p1: ZyroXDragon|Spikes
|cant|p1a: Toxapex|par
|
|-heal|p2a: Heracross|18/100 psn|[from] item: Leftovers
|-damage|p2a: Heracross|5/100 psn|[from] psn
|-damage|p2a: Heracross|0 fnt|[from] move: Infestation|[partiallytrapped]
|faint|p2a: Heracross
|upkeep
|
|t:|1760306165
|switch|p2a: Spiritomb|Spiritomb, F|100/100
|-damage|p2a: Spiritomb|88/100|[from] Spikes
|-status|p2a: Spiritomb|psn
|-ability|p2a: Spiritomb|Pressure
|turn|48
|
|t:|1760306174
|move|p2a: Spiritomb|Night Shade|p1a: Toxapex
|-damage|p1a: Toxapex|0 fnt
|faint|p1a: Toxapex
|
|-heal|p2a: Spiritomb|94/100 psn|[from] item: Leftovers
|-damage|p2a: Spiritomb|82/100 psn|[from] psn
|upkeep
|
|t:|1760306179
|switch|p1a: Dondozo|Dondozo, M|75/100
|-damage|p1a: Dondozo|63/100|[from] Stealth Rock
|-damage|p1a: Dondozo|38/100|[from] Spikes
|turn|49
|
|t:|1760306187
|move|p2a: Spiritomb|Will-O-Wisp|p1a: Dondozo
|-status|p1a: Dondozo|brn
|move|p1a: Dondozo|Rest|p1a: Dondozo
|-status|p1a: Dondozo|slp|[from] move: Rest
|-heal|p1a: Dondozo|100/100 slp|[silent]
|
|-heal|p2a: Spiritomb|88/100 psn|[from] item: Leftovers
|-damage|p2a: Spiritomb|75/100 psn|[from] psn
|upkeep
|turn|50
|
|t:|1760306198
|cant|p1a: Dondozo|slp
|move|p1a: Dondozo|Sleep Talk|p1a: Dondozo
|move|p1a: Dondozo|Waterfall|p2a: Spiritomb|[from] move: Sleep Talk
|-damage|p2a: Spiritomb|50/100 psn
|move|p2a: Spiritomb|Night Shade|p1a: Dondozo
|-damage|p1a: Dondozo|81/100 slp
|
|-heal|p2a: Spiritomb|57/100 psn|[from] item: Leftovers
|-damage|p2a: Spiritomb|44/100 psn|[from] psn
|upkeep
|turn|51
|
|t:|1760306210
|move|p2a: Spiritomb|Night Shade|p1a: Dondozo
|-damage|p1a: Dondozo|61/100 slp
|cant|p1a: Dondozo|slp
|move|p1a: Dondozo|Sleep Talk|p1a: Dondozo
|move|p1a: Dondozo|Curse|p1a: Dondozo|[from] move: Sleep Talk
|-unboost|p1a: Dondozo|spe|1
|-boost|p1a: Dondozo|atk|1
|-boost|p1a: Dondozo|def|1
|
|-heal|p2a: Spiritomb|50/100 psn|[from] item: Leftovers
|-damage|p2a: Spiritomb|38/100 psn|[from] psn
|upkeep
|turn|52
|
|t:|1760306225
|move|p2a: Spiritomb|Pain Split|p1a: Dondozo
|-sethp|p1a: Dondozo|42/100 slp|[from] move: Pain Split|[silent]
|-sethp|p2a: Spiritomb|69/100 psn|[from] move: Pain Split
|-curestatus|p1a: Dondozo|slp|[msg]
|move|p1a: Dondozo|Rest|p1a: Dondozo
|-status|p1a: Dondozo|slp|[from] move: Rest
|-heal|p1a: Dondozo|100/100 slp|[silent]
|
|-heal|p2a: Spiritomb|75/100 psn|[from] item: Leftovers
|-damage|p2a: Spiritomb|63/100 psn|[from] psn
|upkeep
|turn|53
|
|t:|1760306237
|move|p2a: Spiritomb|Pain Split|p1a: Dondozo
|-sethp|p1a: Dondozo|69/100 slp|[from] move: Pain Split|[silent]
|-sethp|p2a: Spiritomb|100/100 psn|[from] move: Pain Split
|cant|p1a: Dondozo|slp
|move|p1a: Dondozo|Sleep Talk|p1a: Dondozo
|move|p1a: Dondozo|Rest||[from] move: Sleep Talk|[still]
|-fail|p1a: Dondozo
|
|-damage|p2a: Spiritomb|88/100 psn|[from] psn
|upkeep
|turn|54
|
|t:|1760306249
|move|p2a: Spiritomb|Night Shade|p1a: Dondozo
|-damage|p1a: Dondozo|50/100 slp
|cant|p1a: Dondozo|slp
|move|p1a: Dondozo|Sleep Talk|p1a: Dondozo
|move|p1a: Dondozo|Curse|p1a: Dondozo|[from] move: Sleep Talk
|-unboost|p1a: Dondozo|spe|1
|-boost|p1a: Dondozo|atk|1
|-boost|p1a: Dondozo|def|1
|
|-heal|p2a: Spiritomb|94/100 psn|[from] item: Leftovers
|-damage|p2a: Spiritomb|82/100 psn|[from] psn
|upkeep
|turn|55
|
|t:|1760306262
|move|p2a: Spiritomb|Night Shade|p1a: Dondozo
|-damage|p1a: Dondozo|30/100 slp
|-curestatus|p1a: Dondozo|slp|[msg]
|move|p1a: Dondozo|Waterfall|p2a: Spiritomb
|-damage|p2a: Spiritomb|34/100 psn
|
|-heal|p2a: Spiritomb|40/100 psn|[from] item: Leftovers
|-damage|p2a: Spiritomb|28/100 psn|[from] psn
|upkeep
|turn|56
|
|t:|1760306278
|move|p2a: Spiritomb|Pain Split|p1a: Dondozo
|-sethp|p1a: Dondozo|23/100|[from] move: Pain Split|[silent]
|-sethp|p2a: Spiritomb|38/100 psn|[from] move: Pain Split
|move|p1a: Dondozo|Rest|p1a: Dondozo
|-status|p1a: Dondozo|slp|[from] move: Rest
|-heal|p1a: Dondozo|100/100 slp|[silent]
|
|-heal|p2a: Spiritomb|45/100 psn|[from] item: Leftovers
|-damage|p2a: Spiritomb|32/100 psn|[from] psn
|upkeep
|turn|57
|
|t:|1760306289
|move|p2a: Spiritomb|Pain Split|p1a: Dondozo
|-sethp|p1a: Dondozo|60/100 slp|[from] move: Pain Split|[silent]
|-sethp|p2a: Spiritomb|99/100 psn|[from] move: Pain Split
|cant|p1a: Dondozo|slp
|move|p1a: Dondozo|Sleep Talk|p1a: Dondozo
|move|p1a: Dondozo|Curse|p1a: Dondozo|[from] move: Sleep Talk
|-unboost|p1a: Dondozo|spe|1
|-boost|p1a: Dondozo|atk|1
|-boost|p1a: Dondozo|def|1
|
|-heal|p2a: Spiritomb|100/100 psn|[from] item: Leftovers
|-damage|p2a: Spiritomb|88/100 psn|[from] psn
|upkeep
|turn|58
|
|t:|1760306303
|move|p2a: Spiritomb|Night Shade|p1a: Dondozo
|-damage|p1a: Dondozo|40/100 slp
|cant|p1a: Dondozo|slp
|move|p1a: Dondozo|Sleep Talk|p1a: Dondozo
|move|p1a: Dondozo|Rest||[from] move: Sleep Talk|[still]
|-fail|p1a: Dondozo
|
|-heal|p2a: Spiritomb|94/100 psn|[from] item: Leftovers
|-damage|p2a: Spiritomb|82/100 psn|[from] psn
|upkeep
|turn|59
|
|t:|1760306315
|move|p2a: Spiritomb|Night Shade|p1a: Dondozo
|-damage|p1a: Dondozo|20/100 slp
|-curestatus|p1a: Dondozo|slp|[msg]
|move|p1a: Dondozo|Rest|p1a: Dondozo
|-status|p1a: Dondozo|slp|[from] move: Rest
|-heal|p1a: Dondozo|100/100 slp|[silent]
|
|-heal|p2a: Spiritomb|88/100 psn|[from] item: Leftovers
|-damage|p2a: Spiritomb|75/100 psn|[from] psn
|upkeep
|turn|60
|
|t:|1760306330
|move|p2a: Spiritomb|Pain Split|p1a: Dondozo
|-sethp|p1a: Dondozo|73/100 slp|[from] move: Pain Split|[silent]
|-sethp|p2a: Spiritomb|100/100 psn|[from] move: Pain Split
|cant|p1a: Dondozo|slp
|move|p1a: Dondozo|Sleep Talk|p1a: Dondozo
|move|p1a: Dondozo|Waterfall|p2a: Spiritomb|[from] move: Sleep Talk
|-damage|p2a: Spiritomb|39/100 psn
|
|-heal|p2a: Spiritomb|45/100 psn|[from] item: Leftovers
|-damage|p2a: Spiritomb|33/100 psn|[from] psn
|upkeep
|turn|61
|
|t:|1760306343
|move|p2a: Spiritomb|Pain Split|p1a: Dondozo
|-sethp|p1a: Dondozo|47/100 slp|[from] move: Pain Split|[silent]
|-sethp|p2a: Spiritomb|77/100 psn|[from] move: Pain Split
|cant|p1a: Dondozo|slp
|move|p1a: Dondozo|Sleep Talk|p1a: Dondozo
|move|p1a: Dondozo|Waterfall|p2a: Spiritomb|[from] move: Sleep Talk
|-damage|p2a: Spiritomb|20/100 psn
|
|-heal|p2a: Spiritomb|26/100 psn|[from] item: Leftovers
|-damage|p2a: Spiritomb|14/100 psn|[from] psn
|upkeep
|turn|62
|
|t:|1760306356
|move|p2a: Spiritomb|Pain Split|p1a: Dondozo
|-sethp|p1a: Dondozo|27/100 slp|[from] move: Pain Split|[silent]
|-sethp|p2a: Spiritomb|45/100 psn|[from] move: Pain Split
|-curestatus|p1a: Dondozo|slp|[msg]
|move|p1a: Dondozo|Waterfall|p2a: Spiritomb
|-damage|p2a: Spiritomb|0 fnt
|faint|p2a: Spiritomb
|
|upkeep
|
|t:|1760306365
|switch|p2a: Reuniclus|Reuniclus, F|83/100 tox
|turn|63
|
|t:|1760306376
|move|p2a: Reuniclus|Psychic Noise|p1a: Dondozo
|-damage|p1a: Dondozo|0 fnt
|faint|p1a: Dondozo
|
|upkeep
|
|t:|1760306380
|switch|p1a: Blissey|Blissey, F|81/100
|turn|64
|
|t:|1760306384
|move|p1a: Blissey|Calm Mind|p1a: Blissey
|-boost|p1a: Blissey|spa|1
|-boost|p1a: Blissey|spd|1
|move|p2a: Reuniclus|Calm Mind|p2a: Reuniclus
|-boost|p2a: Reuniclus|spa|1
|-boost|p2a: Reuniclus|spd|1
|
|upkeep
|turn|65
|
|t:|1760306391
|move|p1a: Blissey|Calm Mind|p1a: Blissey
|-boost|p1a: Blissey|spa|1
|-boost|p1a: Blissey|spd|1
|move|p2a: Reuniclus|Calm Mind|p2a: Reuniclus
|-boost|p2a: Reuniclus|spa|1
|-boost|p2a: Reuniclus|spd|1
|
|upkeep
|turn|66
|
|t:|1760306398
|move|p1a: Blissey|Calm Mind|p1a: Blissey
|-boost|p1a: Blissey|spa|1
|-boost|p1a: Blissey|spd|1
|move|p2a: Reuniclus|Calm Mind|p2a: Reuniclus
|-boost|p2a: Reuniclus|spa|1
|-boost|p2a: Reuniclus|spd|1
|
|upkeep
|turn|67
|
|t:|1760306404
|move|p1a: Blissey|Calm Mind|p1a: Blissey
|-boost|p1a: Blissey|spa|1
|-boost|p1a: Blissey|spd|1
|move|p2a: Reuniclus|Calm Mind|p2a: Reuniclus
|-boost|p2a: Reuniclus|spa|1
|-boost|p2a: Reuniclus|spd|1
|
|upkeep
|turn|68
|
|t:|1760306411
|move|p1a: Blissey|Calm Mind|p1a: Blissey
|-boost|p1a: Blissey|spa|1
|-boost|p1a: Blissey|spd|1
|move|p2a: Reuniclus|Calm Mind|p2a: Reuniclus
|-boost|p2a: Reuniclus|spa|1
|-boost|p2a: Reuniclus|spd|1
|
|upkeep
|turn|69
|
|t:|1760306418
|move|p1a: Blissey|Calm Mind|p1a: Blissey
|-boost|p1a: Blissey|spa|1
|-boost|p1a: Blissey|spd|1
|move|p2a: Reuniclus|Calm Mind|p2a: Reuniclus
|-boost|p2a: Reuniclus|spa|1
|-boost|p2a: Reuniclus|spd|1
|
|upkeep
|turn|70
|
|t:|1760306434
|move|p1a: Blissey|Seismic Toss|p2a: Reuniclus
|-damage|p2a: Reuniclus|59/100 tox
|move|p2a: Reuniclus|Calm Mind|p2a: Reuniclus
|-boost|p2a: Reuniclus|spa|0
|-boost|p2a: Reuniclus|spd|0
|
|upkeep
|turn|71
|
|t:|1760306441
|move|p1a: Blissey|Seismic Toss|p2a: Reuniclus
|-damage|p2a: Reuniclus|35/100 tox
|move|p2a: Reuniclus|Focus Blast|p1a: Blissey|[miss]
|-miss|p2a: Reuniclus|p1a: Blissey
|
|upkeep
|turn|72
|
|t:|1760306448
|move|p1a: Blissey|Seismic Toss|p2a: Reuniclus
|-damage|p2a: Reuniclus|12/100 tox
|move|p2a: Reuniclus|Recover|p2a: Reuniclus
|-heal|p2a: Reuniclus|62/100 tox
|
|upkeep
|turn|73
|
|t:|1760306458
|-terastallize|p1a: Blissey|Ghost
|move|p1a: Blissey|Seismic Toss|p2a: Reuniclus
|-damage|p2a: Reuniclus|38/100 tox
|move|p2a: Reuniclus|Focus Blast|p1a: Blissey
|-immune|p1a: Blissey
|
|upkeep
|turn|74
|
|t:|1760306473
|move|p1a: Blissey|Seismic Toss|p2a: Reuniclus
|-damage|p2a: Reuniclus|15/100 tox
|move|p2a: Reuniclus|Recover|p2a: Reuniclus
|-heal|p2a: Reuniclus|65/100 tox
|
|upkeep
|turn|75
|
|t:|1760306483
|move|p1a: Blissey|Seismic Toss|p2a: Reuniclus
|-damage|p2a: Reuniclus|41/100 tox
|move|p2a: Reuniclus|Psychic Noise|p1a: Blissey
|-damage|p1a: Blissey|68/100
|-start|p1a: Blissey|move: Heal Block
|
|upkeep
|turn|76
|inactive|BobbyAxe1 has 120 seconds left.
|-message|BobbyAxe1 forfeited.
|
|win|ZyroXDragon
|raw|ZyroXDragon's rating: 1507 &rarr; <strong>1526</strong><br />(+19 for winning)
|raw|BobbyAxe1's rating: 1498 &rarr; <strong>1479</strong><br />(-19 for losing)
|l|☆BobbyAxe1
|player|p2|
|l|☆ZyroXDragon
|player|p1|
