|j|☆Punta.7
|j|☆IceyMochi
|t:|1760458262
|gametype|singles
|player|p1|Punta.7|2|1222
|player|p2|IceyMochi|caitlin|1173
|gen|9
|tier|[Gen 9] OU
|rated|
|rule|HP Percentage Mod: HP is shown in percentages
|rule|Endless Battle Clause: Forcing endless battles is banned
|rule|Species Clause: Limit one of each Pokémon
|rule|OHKO Clause: OHKO moves are banned
|rule|Evasion Items Clause: Evasion items are banned
|rule|Evasion Moves Clause: Evasion moves are banned
|rule|Evasion Abilities Clause: Evasion abilities are banned
|rule|Sleep Moves Clause: Sleep-inducing moves are banned
|clearpoke
|poke|p1|Regice|
|poke|p1|Cresselia, F|
|poke|p1|Slowking-Galar, M|
|poke|p1|Tornadus-Therian, M|
|poke|p1|Great Tusk|
|poke|p1|Kyurem|
|poke|p2|Landorus-Therian, M|
|poke|p2|Ogerpon-Wellspring, F|
|poke|p2|Zamazenta-*|
|poke|p2|Raging Bolt|
|poke|p2|Pecharunt|
|poke|p2|Iron Treads|
|teampreview
|c|☆IceyMochi|glhf
|inactive|Battle timer is ON: inactive players will automatically lose when time's up. (requested by IceyMochi)
|inactive|Punta.7 has 120 seconds left.
|
|t:|1760458330
|teamsize|p1|6
|teamsize|p2|6
|start
|switch|p1a: Kyurem|Kyurem|100/100
|switch|p2a: Landorus|Landorus-Therian, M|100/100
|-ability|p1a: Kyurem|Pressure
|-ability|p2a: Landorus|Intimidate|boost
|-unboost|p1a: Kyurem|atk|1
|turn|1
|
|t:|1760458335
|move|p1a: Kyurem|Freeze-Dry|p2a: Landorus
|-supereffective|p2a: Landorus
|-damage|p2a: Landorus|0 fnt
|faint|p2a: Landorus
|
|upkeep
|
|t:|1760458343
|switch|p2a: Iron Treads|Iron Treads|100/100
|turn|2
|
|t:|1760458372
|switch|p1a: Cresselia|Cresselia, F|100/100
|move|p2a: Iron Treads|Knock Off|p1a: Cresselia
|-supereffective|p1a: Cresselia
|-damage|p1a: Cresselia|73/100
|-enditem|p1a: Cresselia|Leftovers|[from] move: Knock Off|[of] p2a: Iron Treads
|
|upkeep
|turn|3
|
|t:|1760458380
|move|p2a: Iron Treads|Volt Switch|p1a: Cresselia
|-damage|p1a: Cresselia|65/100
|
|t:|1760458387
|-end|p2a: Iron Treads|Quark Drive|[silent]
|switch|p2a: Ogerpon|Ogerpon-Wellspring, F|100/100|[from] Volt Switch
|move|p1a: Cresselia|Gravity|p1a: Cresselia
|-fieldstart|move: Gravity
|
|upkeep
|turn|4
|
|t:|1760458391
|move|p2a: Ogerpon|Swords Dance|p2a: Ogerpon
|-boost|p2a: Ogerpon|atk|2
|move|p1a: Cresselia|Thunder Wave|p2a: Ogerpon
|-status|p2a: Ogerpon|par
|
|upkeep
|turn|5
|
|t:|1760458400
|move|p1a: Cresselia|Lunar Dance|p1a: Cresselia
|faint|p1a: Cresselia
|move|p2a: Ogerpon|Ivy Cudgel|p1: Cresselia|[notarget]
|-fail|p2a: Ogerpon
|
|upkeep
|
|t:|1760458411
|switch|p1a: Tornadus|Tornadus-Therian, M|100/100
|turn|6
|
|t:|1760458416
|-terastallize|p1a: Tornadus|Flying
|move|p1a: Tornadus|Hurricane|p2a: Ogerpon
|-supereffective|p2a: Ogerpon
|-damage|p2a: Ogerpon|0 fnt
|faint|p2a: Ogerpon
|-damage|p1a: Tornadus|91/100|[from] item: Life Orb
|
|upkeep
|
|t:|1760458423
|switch|p2a: Raging Bolt|Raging Bolt|100/100
|-enditem|p2a: Raging Bolt|Booster Energy
|-activate|p2a: Raging Bolt|ability: Protosynthesis|[fromitem]
|-start|p2a: Raging Bolt|protosynthesisspa
|turn|7
|
|t:|1760458437
|switch|p1a: Regice|Regice|100/100
|move|p2a: Raging Bolt|Dragon Pulse|p1a: Regice
|-damage|p1a: Regice|66/100
|
|-fieldend|move: Gravity
|upkeep
|turn|8
|
|t:|1760458449
|-end|p2a: Raging Bolt|Protosynthesis|[silent]
|switch|p2a: Zamazenta|Zamazenta|100/100
|-ability|p2a: Zamazenta|Dauntless Shield|boost
|-boost|p2a: Zamazenta|def|1
|move|p1a: Regice|Gravity|p1a: Regice
|-fieldstart|move: Gravity
|
|upkeep
|turn|9
|
|t:|1760458467
|switch|p1a: Slowking|Slowking-Galar, M|100/100
|move|p2a: Zamazenta|Substitute|p2a: Zamazenta
|-start|p2a: Zamazenta|Substitute
|-damage|p2a: Zamazenta|76/100
|
|-heal|p2a: Zamazenta|82/100|[from] item: Leftovers
|upkeep
|turn|10
|
|t:|1760458484
|move|p2a: Zamazenta|Psychic Fangs|p1a: Slowking
|-damage|p1a: Slowking|79/100
|move|p1a: Slowking|Future Sight|p2a: Zamazenta
|-start|p1a: Slowking|move: Future Sight
|
|-heal|p2a: Zamazenta|88/100|[from] item: Leftovers
|upkeep
|turn|11
|
|t:|1760458495
|move|p2a: Zamazenta|Iron Defense|p2a: Zamazenta
|-boost|p2a: Zamazenta|def|2
|move|p1a: Slowking|Sludge Bomb|p2a: Zamazenta
|-end|p2a: Zamazenta|Substitute
|
|-heal|p2a: Zamazenta|94/100|[from] item: Leftovers
|upkeep
|turn|12
|
|t:|1760458504
|switch|p2a: Iron Treads|Iron Treads|100/100
|move|p1a: Slowking|Sludge Bomb|p2a: Iron Treads
|-immune|p2a: Iron Treads
|
|-end|p2a: Iron Treads|move: Future Sight
|-resisted|p2a: Iron Treads
|-damage|p2a: Iron Treads|79/100
|-heal|p2a: Iron Treads|86/100|[from] item: Leftovers
|-fieldend|move: Gravity
|upkeep
|turn|13
|
|t:|1760458519
|move|p2a: Iron Treads|Volt Switch|p1a: Slowking
|-damage|p1a: Slowking|70/100
|
|t:|1760458525
|-end|p2a: Iron Treads|Quark Drive|[silent]
|switch|p2a: Pecharunt|Pecharunt|100/100|[from] Volt Switch
|-prepare|p1a: Slowking|Chilly Reception|[premajor]
|move|p1a: Slowking|Chilly Reception|p1a: Slowking
|-weather|Snowscape
|
|t:|1760458544
|switch|p1a: Regice|Regice|66/100|[from] Chilly Reception
|-heal|p1a: Regice|100/100|[from] move: Lunar Dance
|
|-weather|Snowscape|[upkeep]
|upkeep
|turn|14
|
|t:|1760458559
|move|p2a: Pecharunt|Parting Shot|p1a: Regice
|-unboost|p1a: Regice|atk|1
|-unboost|p1a: Regice|spa|1
|
|t:|1760458563
|switch|p2a: Zamazenta|Zamazenta|94/100|[from] Parting Shot
|move|p1a: Regice|Blizzard|p2a: Zamazenta
|-damage|p2a: Zamazenta|66/100
|
|-weather|Snowscape|[upkeep]
|-heal|p2a: Zamazenta|72/100|[from] item: Leftovers
|upkeep
|turn|15
|
|t:|1760458576
|switch|p1a: Slowking|Slowking-Galar, M|100/100
|move|p2a: Zamazenta|Body Press|p1a: Slowking
|-resisted|p1a: Slowking
|-damage|p1a: Slowking|92/100
|
|-weather|Snowscape|[upkeep]
|-heal|p2a: Zamazenta|79/100|[from] item: Leftovers
|upkeep
|turn|16
|
|t:|1760458579
|switch|p2a: Iron Treads|Iron Treads|86/100
|move|p1a: Slowking|Future Sight|p2a: Iron Treads
|-start|p1a: Slowking|move: Future Sight
|
|-weather|Snowscape|[upkeep]
|-heal|p2a: Iron Treads|92/100|[from] item: Leftovers
|upkeep
|turn|17
|
|t:|1760458592
|move|p2a: Iron Treads|Knock Off|p1a: Slowking
|-supereffective|p1a: Slowking
|-damage|p1a: Slowking|41/100
|-enditem|p1a: Slowking|Shuca Berry|[from] move: Knock Off|[of] p2a: Iron Treads
|move|p1a: Slowking|Flamethrower|p2a: Iron Treads
|-supereffective|p2a: Iron Treads
|-damage|p2a: Iron Treads|48/100
|
|-weather|none
|-heal|p2a: Iron Treads|54/100|[from] item: Leftovers
|upkeep
|turn|18
|
|t:|1760458605
|switch|p1a: Great Tusk|Great Tusk|100/100
|-enditem|p1a: Great Tusk|Booster Energy
|-activate|p1a: Great Tusk|ability: Protosynthesis|[fromitem]
|-start|p1a: Great Tusk|protosynthesisatk
|move|p2a: Iron Treads|Earthquake|p1a: Great Tusk
|-damage|p1a: Great Tusk|75/100
|
|-end|p2a: Iron Treads|move: Future Sight
|-resisted|p2a: Iron Treads
|-damage|p2a: Iron Treads|31/100
|-heal|p2a: Iron Treads|38/100|[from] item: Leftovers
|upkeep
|turn|19
|
|t:|1760458615
|-end|p2a: Iron Treads|Quark Drive|[silent]
|switch|p2a: Zamazenta|Zamazenta|79/100
|move|p1a: Great Tusk|Rapid Spin|p2a: Zamazenta
|-damage|p2a: Zamazenta|61/100
|-boost|p1a: Great Tusk|spe|1
|
|-heal|p2a: Zamazenta|67/100|[from] item: Leftovers
|upkeep
|turn|20
|
|t:|1760458622
|move|p1a: Great Tusk|Headlong Rush|p2a: Zamazenta
|-damage|p2a: Zamazenta|3/100
|-unboost|p1a: Great Tusk|def|1
|-unboost|p1a: Great Tusk|spd|1
|move|p2a: Zamazenta|Psychic Fangs|p1a: Great Tusk
|-supereffective|p1a: Great Tusk
|-crit|p1a: Great Tusk
|-damage|p1a: Great Tusk|0 fnt
|faint|p1a: Great Tusk
|-end|p1a: Great Tusk|Protosynthesis|[silent]
|
|-heal|p2a: Zamazenta|9/100|[from] item: Leftovers
|upkeep
|
|t:|1760458631
|switch|p1a: Tornadus|Tornadus-Therian, M, tera:Flying|100/100
|turn|21
|
|t:|1760458637
|move|p2a: Zamazenta|Psychic Fangs|p1a: Tornadus
|-damage|p1a: Tornadus|71/100
|move|p1a: Tornadus|Sludge Bomb|p2a: Zamazenta
|-damage|p2a: Zamazenta|0 fnt
|faint|p2a: Zamazenta
|-damage|p1a: Tornadus|62/100|[from] item: Life Orb
|
|upkeep
|
|t:|1760458640
|switch|p2a: Raging Bolt|Raging Bolt|100/100
|turn|22
|
|t:|1760458645
|switch|p1a: Slowking|Slowking-Galar, M|75/100
|move|p2a: Raging Bolt|Thunderbolt|p1a: Slowking
|-damage|p1a: Slowking|31/100
|
|upkeep
|turn|23
|
|t:|1760458651
|move|p2a: Raging Bolt|Thunderbolt|p1a: Slowking
|-damage|p1a: Slowking|0 fnt
|faint|p1a: Slowking
|
|upkeep
|
|t:|1760458659
|switch|p1a: Regice|Regice|100/100
|turn|24
|
|t:|1760458663
|-end|p2a: Raging Bolt|Protosynthesis|[silent]
|switch|p2a: Iron Treads|Iron Treads|38/100
|move|p1a: Regice|Gravity|p1a: Regice
|-fieldstart|move: Gravity
|
|-heal|p2a: Iron Treads|44/100|[from] item: Leftovers
|upkeep
|turn|25
|
|t:|1760458684
|move|p2a: Iron Treads|Knock Off|p1a: Regice
|-damage|p1a: Regice|77/100
|-enditem|p1a: Regice|Heavy-Duty Boots|[from] move: Knock Off|[of] p2a: Iron Treads
|move|p1a: Regice|Focus Blast|p2a: Iron Treads
|-supereffective|p2a: Iron Treads
|-damage|p2a: Iron Treads|0 fnt
|faint|p2a: Iron Treads
|-end|p2a: Iron Treads|Quark Drive|[silent]
|
|upkeep
|
|t:|1760458691
|switch|p2a: Pecharunt|Pecharunt|100/100
|turn|26
|
|t:|1760458710
|move|p2a: Pecharunt|Parting Shot|p1a: Regice
|-unboost|p1a: Regice|atk|1
|-unboost|p1a: Regice|spa|1
|
|t:|1760458713
|switch|p2a: Raging Bolt|Raging Bolt|100/100|[from] Parting Shot
|move|p1a: Regice|Blizzard|p2a: Raging Bolt
|-supereffective|p2a: Raging Bolt
|-damage|p2a: Raging Bolt|27/100
|
|upkeep
|turn|27
|
|t:|1760458720
|move|p2a: Raging Bolt|Thunderbolt|p1a: Regice
|-damage|p1a: Regice|50/100
|move|p1a: Regice|Blizzard|p2a: Raging Bolt
|-supereffective|p2a: Raging Bolt
|-damage|p2a: Raging Bolt|0 fnt
|faint|p2a: Raging Bolt
|-end|p2a: Raging Bolt|Protosynthesis|[silent]
|
|upkeep
|
|t:|1760458722
|switch|p2a: Pecharunt|Pecharunt|100/100
|turn|28
|
|t:|1760458725
|move|p2a: Pecharunt|Malignant Chain|p1a: Regice
|-damage|p1a: Regice|34/100
|move|p1a: Regice|Blizzard|p2a: Pecharunt
|-damage|p2a: Pecharunt|74/100
|
|-fieldend|move: Gravity
|upkeep
|turn|29
|
|t:|1760458734
|move|p2a: Pecharunt|Malignant Chain|p1a: Regice
|-damage|p1a: Regice|18/100
|-status|p1a: Regice|tox
|-start|p1a: Regice|confusion|[from] ability: Poison Puppeteer|[of] p2a: Pecharunt
|-activate|p1a: Regice|confusion
|move|p1a: Regice|Gravity|p1a: Regice
|-fieldstart|move: Gravity
|
|-damage|p1a: Regice|12/100 tox|[from] psn
|upkeep
|turn|30
|
|t:|1760458738
|move|p2a: Pecharunt|Recover|p2a: Pecharunt
|-heal|p2a: Pecharunt|100/100
|-activate|p1a: Regice|confusion
|move|p1a: Regice|Blizzard|p2a: Pecharunt
|-damage|p2a: Pecharunt|73/100
|
|-damage|p1a: Regice|0 fnt|[from] psn
|faint|p1a: Regice
|upkeep
|
|t:|1760458741
|switch|p1a: Kyurem|Kyurem|100/100
|-ability|p1a: Kyurem|Pressure
|turn|31
|
|t:|1760458745
|move|p1a: Kyurem|Blizzard|p2a: Pecharunt
|-damage|p2a: Pecharunt|6/100
|move|p2a: Pecharunt|Malignant Chain|p1a: Kyurem
|-damage|p1a: Kyurem|66/100
|
|upkeep
|turn|32
|
|t:|1760458749
|move|p1a: Kyurem|Blizzard|p2a: Pecharunt
|-damage|p2a: Pecharunt|0 fnt
|faint|p2a: Pecharunt
|
|win|Punta.7
|raw|Punta.7's rating: 1222 &rarr; <strong>1243</strong><br />(+21 for winning)
|raw|IceyMochi's rating: 1173 &rarr; <strong>1152</strong><br />(-21 for losing)
|c|☆IceyMochi|gg
|c|☆Punta.7|Gg
|l|☆IceyMochi
|player|p2|
|l|☆Punta.7
|player|p1|
