|j|☆miyagi is waifu
|j|☆Team BBIO 38
|t:|1760387375
|gametype|singles
|player|p1|miyagi is waifu|265|1386
|player|p2|Team BBIO 38|dragontamer|1371
|gen|9
|tier|[Gen 9] OU
|rated|
|rule|HP Percentage Mod: HP is shown in percentages
|rule|Endless Battle Clause: Forcing endless battles is banned
|rule|Species Clause: Limit one of each Pokémon
|rule|OHKO Clause: OHKO moves are banned
|rule|Evasion Items Clause: Evasion items are banned
|rule|Evasion Moves Clause: Evasion moves are banned
|rule|Evasion Abilities Clause: Evasion abilities are banned
|rule|Sleep Moves Clause: Sleep-inducing moves are banned
|clearpoke
|poke|p1|Darkrai|
|poke|p1|Great Tusk|
|poke|p1|Gholdengo|
|poke|p1|Kingambit, M|
|poke|p1|Glimmora, M|
|poke|p1|Dragonite, M|
|poke|p2|Dusclops, M|
|poke|p2|Blissey, F|
|poke|p2|Flamigo, M|
|poke|p2|Latias, F|
|poke|p2|Darkrai|
|poke|p2|Ambipom, M|
|teampreview
|inactive|Battle timer is ON: inactive players will automatically lose when time's up. (requested by Team BBIO 38)
|
|t:|1760387381
|teamsize|p1|6
|teamsize|p2|6
|start
|switch|p1a: Glimmora|Glimmora, M, shiny|100/100
|switch|p2a: Darkrai|Darkrai|100/100
|turn|1
|
|t:|1760387390
|move|p2a: Darkrai|Psychic|p1a: Glimmora
|-supereffective|p1a: Glimmora
|-damage|p1a: Glimmora|0 fnt
|faint|p1a: Glimmora
|
|upkeep
|
|t:|1760387406
|switch|p1a: Kingambit|Kingambit, M|100/100
|-activate|p1a: Kingambit|ability: Supreme Overlord
|-start|p1a: Kingambit|fallen1|[silent]
|turn|2
|
|t:|1760387420
|switch|p2a: Flamigo|Flamigo, M|100/100
|move|p1a: Kingambit|Swords Dance|p1a: Kingambit
|-boost|p1a: Kingambit|atk|2
|
|upkeep
|turn|3
|
|t:|1760387429
|-terastallize|p1a: Kingambit|Flying
|move|p2a: Flamigo|Close Combat|p1a: Kingambit
|-resisted|p1a: Kingambit
|-damage|p1a: Kingambit|80/100
|-unboost|p2a: Flamigo|def|1
|-unboost|p2a: Flamigo|spd|1
|move|p1a: Kingambit|Iron Head|p2a: Flamigo
|-damage|p2a: Flamigo|0 fnt
|faint|p2a: Flamigo
|
|-heal|p1a: Kingambit|86/100|[from] item: Leftovers
|upkeep
|
|t:|1760387442
|switch|p2a: Darkrai|Darkrai|100/100
|turn|4
|
|t:|1760387450
|move|p2a: Darkrai|Ice Beam|p1a: Kingambit
|-supereffective|p1a: Kingambit
|-damage|p1a: Kingambit|0 fnt
|faint|p1a: Kingambit
|-end|p1a: Kingambit|fallen1|[silent]
|
|upkeep
|
|t:|1760387466
|switch|p1a: Great Tusk|Great Tusk, shiny|100/100
|-enditem|p1a: Great Tusk|Booster Energy
|-activate|p1a: Great Tusk|ability: Protosynthesis|[fromitem]
|-start|p1a: Great Tusk|protosynthesisspe
|turn|5
|
|t:|1760387481
|switch|p2a: Dusclops|Dusclops, M|100/100
|move|p1a: Great Tusk|Bulk Up|p1a: Great Tusk
|-boost|p1a: Great Tusk|atk|1
|-boost|p1a: Great Tusk|def|1
|
|upkeep
|turn|6
|
|t:|1760387491
|move|p1a: Great Tusk|Headlong Rush|p2a: Dusclops
|-damage|p2a: Dusclops|60/100
|-unboost|p1a: Great Tusk|def|1
|-unboost|p1a: Great Tusk|spd|1
|move|p2a: Dusclops|Will-O-Wisp|p1a: Great Tusk
|-status|p1a: Great Tusk|brn
|
|-damage|p1a: Great Tusk|94/100 brn|[from] brn
|upkeep
|turn|7
|
|t:|1760387501
|-end|p1a: Great Tusk|Protosynthesis|[silent]
|switch|p1a: Darkrai|Darkrai, shiny|100/100
|move|p2a: Dusclops|Pain Split|p1a: Darkrai
|-sethp|p1a: Darkrai|81/100|[from] move: Pain Split|[silent]
|-sethp|p2a: Dusclops|80/100|[from] move: Pain Split
|
|upkeep
|turn|8
|
|t:|1760387509
|switch|p2a: Blissey|Blissey, F|100/100
|move|p1a: Darkrai|Knock Off|p2a: Blissey
|-damage|p2a: Blissey|62/100
|-enditem|p2a: Blissey|Leftovers|[from] move: Knock Off|[of] p1a: Darkrai
|
|upkeep
|turn|9
|
|t:|1760387530
|switch|p1a: Gholdengo|Gholdengo, shiny|100/100
|-item|p1a: Gholdengo|Air Balloon
|move|p2a: Blissey|Thunder Wave|p1a: Gholdengo
|-immune|p1a: Gholdengo|[from] ability: Good as Gold
|
|upkeep
|turn|10
|
|t:|1760387553
|move|p1a: Gholdengo|Nasty Plot|p1a: Gholdengo
|-boost|p1a: Gholdengo|spa|2
|move|p2a: Blissey|Soft-Boiled|p2a: Blissey
|-heal|p2a: Blissey|100/100
|
|upkeep
|turn|11
|
|t:|1760387561
|switch|p2a: Ambipom|Ambipom, M|100/100
|move|p1a: Gholdengo|Make It Rain|p2a: Ambipom
|-damage|p2a: Ambipom|0 fnt
|-unboost|p1a: Gholdengo|spa|1
|faint|p2a: Ambipom
|
|upkeep
|inactive|Team BBIO 38 has 120 seconds left.
|
|t:|1760387576
|switch|p2a: Darkrai|Darkrai|100/100
|turn|12
|
|t:|1760387587
|switch|p1a: Great Tusk|Great Tusk, shiny|94/100 brn
|move|p2a: Darkrai|Dark Pulse|p1a: Great Tusk
|-resisted|p1a: Great Tusk
|-damage|p1a: Great Tusk|55/100 brn
|
|-damage|p1a: Great Tusk|49/100 brn|[from] brn
|upkeep
|turn|13
|
|t:|1760387604
|switch|p2a: Dusclops|Dusclops, M|80/100
|-end|p1a: Great Tusk|Protosynthesis|[silent]
|switch|p1a: Gholdengo|Gholdengo, shiny|100/100
|-item|p1a: Gholdengo|Air Balloon
|
|upkeep
|turn|14
|
|t:|1760387623
|move|p1a: Gholdengo|Nasty Plot|p1a: Gholdengo
|-boost|p1a: Gholdengo|spa|2
|move|p2a: Dusclops|Night Shade|p1a: Gholdengo
|-damage|p1a: Gholdengo|69/100
|-enditem|p1a: Gholdengo|Air Balloon
|
|upkeep
|turn|15
|inactive|Team BBIO 38 has 120 seconds left.
|
|t:|1760387646
|switch|p2a: Blissey|Blissey, F|100/100
|move|p1a: Gholdengo|Shadow Ball|p2a: Blissey
|-immune|p2a: Blissey
|
|upkeep
|turn|16
|
|t:|1760387666
|move|p1a: Gholdengo|Make It Rain|p2a: Blissey
|-damage|p2a: Blissey|58/100
|-unboost|p1a: Gholdengo|spa|1
|move|p2a: Blissey|Seismic Toss|p1a: Gholdengo
|-immune|p1a: Gholdengo
|
|upkeep
|turn|17
|inactive|Team BBIO 38 has 120 seconds left.
|
|t:|1760387681
|switch|p2a: Darkrai|Darkrai|100/100
|move|p1a: Gholdengo|Nasty Plot|p1a: Gholdengo
|-boost|p1a: Gholdengo|spa|2
|
|upkeep
|turn|18
|
|t:|1760387687
|switch|p1a: Great Tusk|Great Tusk, shiny|49/100 brn
|move|p2a: Darkrai|Dark Pulse|p1a: Great Tusk
|-resisted|p1a: Great Tusk
|-damage|p1a: Great Tusk|10/100 brn
|
|-damage|p1a: Great Tusk|4/100 brn|[from] brn
|upkeep
|turn|19
|
|t:|1760387695
|move|p2a: Darkrai|Dark Pulse|p1a: Great Tusk
|-resisted|p1a: Great Tusk
|-crit|p1a: Great Tusk
|-damage|p1a: Great Tusk|0 fnt
|faint|p1a: Great Tusk
|-end|p1a: Great Tusk|Protosynthesis|[silent]
|
|upkeep
|
|t:|1760387699
|switch|p1a: Darkrai|Darkrai, shiny|81/100
|turn|20
|
|t:|1760387704
|switch|p2a: Blissey|Blissey, F|58/100
|move|p1a: Darkrai|Ice Beam|p2a: Blissey
|-damage|p2a: Blissey|47/100
|
|upkeep
|turn|21
|
|t:|1760387710
|switch|p1a: Gholdengo|Gholdengo, shiny|69/100
|move|p2a: Blissey|Soft-Boiled|p2a: Blissey
|-heal|p2a: Blissey|97/100
|
|upkeep
|turn|22
|
|t:|1760387718
|move|p1a: Gholdengo|Nasty Plot|p1a: Gholdengo
|-boost|p1a: Gholdengo|spa|2
|move|p2a: Blissey|Seismic Toss|p1a: Gholdengo
|-immune|p1a: Gholdengo
|
|upkeep
|turn|23
|
|t:|1760387728
|move|p1a: Gholdengo|Nasty Plot|p1a: Gholdengo
|-boost|p1a: Gholdengo|spa|2
|move|p2a: Blissey|Seismic Toss|p1a: Gholdengo
|-immune|p1a: Gholdengo
|
|upkeep
|turn|24
|
|t:|1760387734
|move|p1a: Gholdengo|Make It Rain|p2a: Blissey
|-damage|p2a: Blissey|35/100
|-unboost|p1a: Gholdengo|spa|1
|move|p2a: Blissey|Seismic Toss|p1a: Gholdengo
|-immune|p1a: Gholdengo
|
|upkeep
|turn|25
|
|t:|1760387741
|move|p1a: Gholdengo|Make It Rain|p2a: Blissey
|-damage|p2a: Blissey|0 fnt
|-unboost|p1a: Gholdengo|spa|1
|faint|p2a: Blissey
|
|upkeep
|
|t:|1760387750
|switch|p2a: Darkrai|Darkrai|100/100
|turn|26
|
|t:|1760387761
|switch|p1a: Darkrai|Darkrai, shiny|81/100
|move|p2a: Darkrai|Dark Pulse|p1a: Darkrai
|-resisted|p1a: Darkrai
|-damage|p1a: Darkrai|30/100
|
|upkeep
|turn|27
|
|t:|1760387766
|move|p2a: Darkrai|Dark Pulse|p1a: Darkrai
|-resisted|p1a: Darkrai
|-damage|p1a: Darkrai|0 fnt
|faint|p1a: Darkrai
|
|upkeep
|
|t:|1760387769
|switch|p1a: Dragonite|Dragonite, M, shiny|100/100
|turn|28
|
|t:|1760387772
|move|p2a: Darkrai|Dark Pulse|p1a: Dragonite
|-damage|p1a: Dragonite|79/100
|move|p1a: Dragonite|Dragon Dance|p1a: Dragonite
|-boost|p1a: Dragonite|atk|1
|-boost|p1a: Dragonite|spe|1
|
|upkeep
|turn|29
|
|t:|1760387782
|switch|p2a: Dusclops|Dusclops, M|80/100
|-item|p1a: Dragonite|Covert Cloak|[from] ability: Frisk|[of] p2a: Dusclops
|move|p1a: Dragonite|Earthquake|p2a: Dusclops
|-damage|p2a: Dusclops|59/100
|
|upkeep
|turn|30
|
|t:|1760387795
|move|p1a: Dragonite|Roost|p1a: Dragonite
|-heal|p1a: Dragonite|100/100
|-singleturn|p1a: Dragonite|move: Roost
|move|p2a: Dusclops|Will-O-Wisp|p1a: Dragonite
|-status|p1a: Dragonite|brn
|
|-damage|p1a: Dragonite|94/100 brn|[from] brn
|upkeep
|turn|31
|
|t:|1760387825
|move|p1a: Dragonite|Dragon Dance|p1a: Dragonite
|-boost|p1a: Dragonite|atk|1
|-boost|p1a: Dragonite|spe|1
|move|p2a: Dusclops|Haze|p2a: Dusclops
|-clearallboost
|
|-damage|p1a: Dragonite|88/100 brn|[from] brn
|upkeep
|turn|32
|
|t:|1760387834
|move|p1a: Dragonite|Dragon Dance|p1a: Dragonite
|-boost|p1a: Dragonite|atk|1
|-boost|p1a: Dragonite|spe|1
|move|p2a: Dusclops|Pain Split|p1a: Dragonite
|-sethp|p1a: Dragonite|66/100 brn|[from] move: Pain Split|[silent]
|-sethp|p2a: Dusclops|89/100|[from] move: Pain Split
|
|-damage|p1a: Dragonite|59/100 brn|[from] brn
|upkeep
|turn|33
|inactive|miyagi is waifu has 120 seconds left.
|
|t:|1760387860
|switch|p1a: Gholdengo|Gholdengo, shiny|69/100
|move|p2a: Dusclops|Night Shade|p1a: Gholdengo
|-damage|p1a: Gholdengo|37/100
|
|upkeep
|turn|34
|inactive|miyagi is waifu has 120 seconds left.
|
|t:|1760387873
|move|p1a: Gholdengo|Nasty Plot|p1a: Gholdengo
|-boost|p1a: Gholdengo|spa|2
|move|p2a: Dusclops|Night Shade|p1a: Gholdengo
|-damage|p1a: Gholdengo|5/100
|
|upkeep
|turn|35
|
|t:|1760387878
|move|p1a: Gholdengo|Shadow Ball|p2a: Dusclops
|-supereffective|p2a: Dusclops
|-damage|p2a: Dusclops|0 fnt
|faint|p2a: Dusclops
|
|upkeep
|
|t:|1760387884
|switch|p2a: Darkrai|Darkrai|100/100
|turn|36
|
|t:|1760387887
|move|p2a: Darkrai|Ice Beam|p1a: Gholdengo
|-resisted|p1a: Gholdengo
|-damage|p1a: Gholdengo|0 fnt
|faint|p1a: Gholdengo
|
|upkeep
|
|t:|1760387888
|switch|p1a: Dragonite|Dragonite, M, shiny|59/100 brn
|turn|37
|
|t:|1760387894
|move|p2a: Darkrai|Ice Beam|p1a: Dragonite
|-supereffective|p1a: Dragonite
|-damage|p1a: Dragonite|0 fnt
|faint|p1a: Dragonite
|
|win|Team BBIO 38
|raw|miyagi is waifu's rating: 1386 &rarr; <strong>1365</strong><br />(-21 for losing)
|raw|Team BBIO 38's rating: 1371 &rarr; <strong>1392</strong><br />(+21 for winning)
|l|☆Team BBIO 38
|player|p2|
|l|☆miyagi is waifu
|player|p1|
