|j|☆arcadecarol
|j|☆Nameless Moron
|t:|1760360744
|gametype|singles
|player|p1|arcadecarol|parasollady|1063
|player|p2|Nameless Moron|unknown|1092
|gen|9
|tier|[Gen 9] OU
|rated|
|rule|HP Percentage Mod: HP is shown in percentages
|rule|Endless Battle Clause: Forcing endless battles is banned
|rule|Species Clause: Limit one of each Pokémon
|rule|OHKO Clause: OHKO moves are banned
|rule|Evasion Items Clause: Evasion items are banned
|rule|Evasion Moves Clause: Evasion moves are banned
|rule|Evasion Abilities Clause: Evasion abilities are banned
|rule|Sleep Moves Clause: Sleep-inducing moves are banned
|clearpoke
|poke|p1|Magnezone|
|poke|p1|Ogerpon-Wellspring, F|
|poke|p1|Maushold-Four|
|poke|p1|Kyurem|
|poke|p1|Alomomola, M|
|poke|p1|Mandibuzz, F|
|poke|p2|Weezing-Galar, F|
|poke|p2|Ogerpon-Wellspring, F|
|poke|p2|Great Tusk|
|poke|p2|Glimmora, F|
|poke|p2|Hawlucha, M|
|poke|p2|Enamorus, F|
|teampreview
|inactive|Battle timer is ON: inactive players will automatically lose when time's up. (requested by Nameless Moron)
|c|☆arcadecarol|Glhf
|
|t:|1760360765
|teamsize|p1|6
|teamsize|p2|6
|start
|switch|p1a: Kyurem|Kyurem|100/100
|switch|p2a: Weezing|Weezing-Galar, F|100/100
|-ability|p1a: Kyurem|Pressure
|-fieldstart|move: Misty Terrain|[from] ability: Misty Surge|[of] p2a: Weezing
|turn|1
|c|☆Nameless Moron|glhf
|
|t:|1760360779
|move|p1a: Kyurem|Earth Power|p2a: Weezing
|-supereffective|p2a: Weezing
|-crit|p2a: Weezing
|-damage|p2a: Weezing|0 fnt
|faint|p2a: Weezing
|
|upkeep
|
|t:|1760360787
|switch|p2a: Great Tusk|Great Tusk|100/100
|-enditem|p2a: Great Tusk|Booster Energy
|-activate|p2a: Great Tusk|ability: Protosynthesis|[fromitem]
|-start|p2a: Great Tusk|protosynthesisspe
|turn|2
|c|☆arcadecarol|Ooo misty terrain
|
|t:|1760360797
|switch|p1a: culture vulture|Mandibuzz, F|100/100
|move|p2a: Great Tusk|Bulk Up|p2a: Great Tusk
|-boost|p2a: Great Tusk|atk|1
|-boost|p2a: Great Tusk|def|1
|
|upkeep
|turn|3
|
|t:|1760360806
|move|p2a: Great Tusk|Ice Spinner|p1a: culture vulture
|-supereffective|p1a: culture vulture
|-damage|p1a: culture vulture|59/100
|-ability|p1a: culture vulture|Weak Armor|boost
|-unboost|p1a: culture vulture|def|1
|-boost|p1a: culture vulture|spe|2
|-fieldend|Misty Terrain
|move|p1a: culture vulture|Whirlwind|p2a: Great Tusk
|-end|p2a: Great Tusk|Protosynthesis|[silent]
|drag|p2a: Hawlucha|Hawlucha, M|100/100
|
|upkeep
|turn|4
|
|t:|1760360820
|move|p1a: culture vulture|Toxic|p2a: Hawlucha
|-status|p2a: Hawlucha|tox
|move|p2a: Hawlucha|Rock Slide|p1a: culture vulture
|-supereffective|p1a: culture vulture
|-damage|p1a: culture vulture|17/100
|-ability|p1a: culture vulture|Weak Armor|boost
|-unboost|p1a: culture vulture|def|1
|-boost|p1a: culture vulture|spe|2
|
|-damage|p2a: Hawlucha|94/100 tox|[from] psn
|upkeep
|turn|5
|
|t:|1760360839
|switch|p1a: Alomomola|Alomomola, M|100/100
|move|p2a: Hawlucha|Acrobatics|p1a: Alomomola
|-damage|p1a: Alomomola|87/100
|
|-damage|p2a: Hawlucha|82/100 tox|[from] psn
|upkeep
|turn|6
|
|t:|1760360848
|switch|p2a: Ogerpon|Ogerpon-Wellspring, F|100/100
|move|p1a: Alomomola|Wish|p1a: Alomomola
|
|upkeep
|turn|7
|
|t:|1760360855
|move|p2a: Ogerpon|Swords Dance|p2a: Ogerpon
|-boost|p2a: Ogerpon|atk|2
|move|p1a: Alomomola|Acrobatics|p2a: Ogerpon
|-supereffective|p2a: Ogerpon
|-damage|p2a: Ogerpon|73/100
|
|-heal|p1a: Alomomola|100/100|[from] move: Wish|[wisher] Alomomola
|upkeep
|turn|8
|
|t:|1760360867
|move|p1a: Alomomola|Protect|p1a: Alomomola
|-singleturn|p1a: Alomomola|Protect
|move|p2a: Ogerpon|Trailblaze|p1a: Alomomola
|-activate|p1a: Alomomola|move: Protect
|
|upkeep
|turn|9
|c|☆Nameless Moron|acrobatics
|c|☆Nameless Moron|on alomomola
|c|☆arcadecarol|For this exact reason actually lol
|c|☆Nameless Moron|great
|
|t:|1760360892
|move|p2a: Ogerpon|Trailblaze|p1a: Alomomola
|-supereffective|p1a: Alomomola
|-damage|p1a: Alomomola|36/100
|-boost|p2a: Ogerpon|spe|1
|move|p1a: Alomomola|Acrobatics|p2a: Ogerpon
|-supereffective|p2a: Ogerpon
|-damage|p2a: Ogerpon|49/100
|
|upkeep
|turn|10
|
|t:|1760360902
|move|p1a: Alomomola|Protect|p1a: Alomomola
|-singleturn|p1a: Alomomola|Protect
|move|p2a: Ogerpon|Swords Dance|p2a: Ogerpon
|-boost|p2a: Ogerpon|atk|2
|
|upkeep
|turn|11
|
|t:|1760360919
|move|p2a: Ogerpon|Trailblaze|p1a: Alomomola
|-supereffective|p1a: Alomomola
|-damage|p1a: Alomomola|0 fnt
|-boost|p2a: Ogerpon|spe|1
|faint|p1a: Alomomola
|
|upkeep
|
|t:|1760360927
|switch|p1a: Kyurem|Kyurem|100/100
|-ability|p1a: Kyurem|Pressure
|turn|12
|
|t:|1760360934
|move|p2a: Ogerpon|Play Rough|p1a: Kyurem
|-supereffective|p1a: Kyurem
|-damage|p1a: Kyurem|0 fnt
|faint|p1a: Kyurem
|
|upkeep
|
|t:|1760360939
|switch|p1a: Maushold|Maushold-Four|100/100
|turn|13
|
|t:|1760360944
|move|p2a: Ogerpon|Ivy Cudgel|p1a: Maushold|[anim] Ivy Cudgel Water
|-damage|p1a: Maushold|0 fnt
|faint|p1a: Maushold
|
|upkeep
|
|t:|1760360950
|switch|p1a: Ogerpon|Ogerpon-Wellspring, F|100/100
|turn|14
|
|t:|1760360954
|move|p2a: Ogerpon|Trailblaze|p1a: Ogerpon
|-damage|p1a: Ogerpon|0 fnt
|-boost|p2a: Ogerpon|spe|1
|faint|p1a: Ogerpon
|
|upkeep
|c|☆arcadecarol|Welp
|c|☆arcadecarol|Gg
|
|t:|1760360962
|switch|p1a: Magnezone|Magnezone|100/100
|turn|15
|
|t:|1760360977
|move|p2a: Ogerpon|Ivy Cudgel|p1a: Magnezone|[anim] Ivy Cudgel Water
|-damage|p1a: Magnezone|0 fnt
|faint|p1a: Magnezone
|
|upkeep
|-message|arcadecarol forfeited.
|
|win|Nameless Moron
|raw|arcadecarol's rating: 1063 &rarr; <strong>1045</strong><br />(-18 for losing)
|raw|Nameless Moron's rating: 1092 &rarr; <strong>1116</strong><br />(+24 for winning)
|l|☆arcadecarol
|player|p1|
