|j|☆Ebastia12
|j|☆Crocodile E
|t:|1760455904
|gametype|singles
|player|p1|Ebastia12|101|1536
|player|p2|Crocodile E|boarder|1469
|gen|9
|tier|[Gen 9] OU
|rated|
|rule|HP Percentage Mod: HP is shown in percentages
|rule|Endless Battle Clause: Forcing endless battles is banned
|rule|Species Clause: Limit one of each Pokémon
|rule|OHKO Clause: OHKO moves are banned
|rule|Evasion Items Clause: Evasion items are banned
|rule|Evasion Moves Clause: Evasion moves are banned
|rule|Evasion Abilities Clause: Evasion abilities are banned
|rule|Sleep Moves Clause: Sleep-inducing moves are banned
|clearpoke
|poke|p1|Gholdengo|
|poke|p1|Iron Treads|
|poke|p1|Moltres|
|poke|p1|Samurott-Hisui, M|
|poke|p1|Sinistcha|
|poke|p1|Ting-Lu|
|poke|p2|Glimmora, M|
|poke|p2|Iron Treads|
|poke|p2|Polteageist-Antique|
|poke|p2|Raging Bolt|
|poke|p2|Dragonite, F|
|poke|p2|Zamazenta-*|
|teampreview
|inactive|Battle timer is ON: inactive players will automatically lose when time's up. (requested by Crocodile E)
|j| I despise gliscor
|
|t:|1760455910
|teamsize|p1|6
|teamsize|p2|6
|start
|switch|p1a: Gholdengo|Gholdengo|100/100
|switch|p2a: Iron Treads|Iron Treads|100/100
|-enditem|p2a: Iron Treads|Booster Energy
|-activate|p2a: Iron Treads|ability: Quark Drive|[fromitem]
|-start|p2a: Iron Treads|quarkdrivespe
|turn|1
|l| I despise gliscor
|
|t:|1760455917
|move|p2a: Iron Treads|Knock Off|p1a: Gholdengo
|-supereffective|p1a: Gholdengo
|-damage|p1a: Gholdengo|43/100
|-enditem|p1a: Gholdengo|Metal Coat|[from] move: Knock Off|[of] p2a: Iron Treads
|move|p1a: Gholdengo|Make It Rain|p2a: Iron Treads
|-resisted|p2a: Iron Treads
|-damage|p2a: Iron Treads|56/100
|-unboost|p1a: Gholdengo|spa|1
|
|upkeep
|turn|2
|inactive|Ebastia12 has 120 seconds left.
|
|t:|1760455963
|switch|p1a: Moltres|Moltres|100/100
|move|p2a: Iron Treads|Stealth Rock|p1a: Moltres
|-sidestart|p1: Ebastia12|move: Stealth Rock
|
|upkeep
|turn|3
|
|t:|1760455967
|move|p2a: Iron Treads|Knock Off|p1a: Moltres
|-damage|p1a: Moltres|83/100
|-enditem|p1a: Moltres|Heavy-Duty Boots|[from] move: Knock Off|[of] p2a: Iron Treads
|move|p1a: Moltres|Flamethrower|p2a: Iron Treads
|-supereffective|p2a: Iron Treads
|-damage|p2a: Iron Treads|0 fnt
|faint|p2a: Iron Treads
|-end|p2a: Iron Treads|Quark Drive|[silent]
|
|upkeep
|
|t:|1760455970
|switch|p2a: Glimmora|Glimmora, M|100/100
|turn|4
|inactive|Ebastia12 has 120 seconds left.
|
|t:|1760455982
|switch|p1a: Ting-Lu|Ting-Lu|100/100
|-damage|p1a: Ting-Lu|94/100|[from] Stealth Rock
|-ability|p1a: Ting-Lu|Vessel of Ruin
|move|p2a: Glimmora|Power Gem|p1a: Ting-Lu
|-resisted|p1a: Ting-Lu
|-damage|p1a: Ting-Lu|86/100
|
|-heal|p1a: Ting-Lu|92/100|[from] item: Leftovers
|upkeep
|turn|5
|
|t:|1760455988
|switch|p2a: Dragonite|Dragonite, F|100/100
|move|p1a: Ting-Lu|Earthquake|p2a: Dragonite
|-immune|p2a: Dragonite
|
|-heal|p1a: Ting-Lu|99/100|[from] item: Leftovers
|upkeep
|turn|6
|
|t:|1760455994
|move|p2a: Dragonite|Outrage|p1a: Ting-Lu
|-crit|p1a: Ting-Lu
|-damage|p1a: Ting-Lu|8/100
|move|p1a: Ting-Lu|Stealth Rock|p2a: Dragonite
|-sidestart|p2: Crocodile E|move: Stealth Rock
|
|-heal|p1a: Ting-Lu|14/100|[from] item: Leftovers
|upkeep
|turn|7
|
|t:|1760456011
|switch|p1a: Iron Treads|Iron Treads|100/100
|-damage|p1a: Iron Treads|98/100|[from] Stealth Rock
|move|p2a: Dragonite|Outrage|p1a: Iron Treads|[from] lockedmove
|-resisted|p1a: Iron Treads
|-damage|p1a: Iron Treads|57/100
|-start|p2a: Dragonite|confusion|[fatigue]
|
|upkeep
|turn|8
|
|t:|1760456026
|switch|p2a: Polteageist|Polteageist-Antique|100/100
|-damage|p2a: Polteageist|88/100|[from] Stealth Rock
|move|p1a: Iron Treads|Rapid Spin|p2a: Polteageist
|-immune|p2a: Polteageist
|
|upkeep
|turn|9
|
|t:|1760456031
|move|p1a: Iron Treads|Earthquake|p2a: Polteageist
|-damage|p2a: Polteageist|14/100
|-ability|p2a: Polteageist|Weak Armor|boost
|-unboost|p2a: Polteageist|def|1
|-boost|p2a: Polteageist|spe|2
|move|p2a: Polteageist|Shell Smash|p2a: Polteageist
|-unboost|p2a: Polteageist|def|1
|-unboost|p2a: Polteageist|spd|1
|-boost|p2a: Polteageist|atk|2
|-boost|p2a: Polteageist|spa|2
|-boost|p2a: Polteageist|spe|2
|
|upkeep
|turn|10
|
|t:|1760456048
|-end|p1a: Iron Treads|Quark Drive|[silent]
|switch|p1a: Ting-Lu|Ting-Lu|14/100
|-damage|p1a: Ting-Lu|8/100|[from] Stealth Rock
|-ability|p1a: Ting-Lu|Vessel of Ruin
|move|p2a: Polteageist|Shadow Ball|p1a: Ting-Lu
|-resisted|p1a: Ting-Lu
|-damage|p1a: Ting-Lu|0 fnt
|faint|p1a: Ting-Lu
|
|upkeep
|inactive|Ebastia12 has 120 seconds left.
|
|t:|1760456077
|switch|p1a: Samurott|Samurott-Hisui, M|100/100
|-damage|p1a: Samurott|88/100|[from] Stealth Rock
|turn|11
|
|t:|1760456084
|move|p2a: Polteageist|Shadow Ball|p1a: Samurott
|-resisted|p1a: Samurott
|-damage|p1a: Samurott|15/100
|move|p1a: Samurott|Ceaseless Edge|p2a: Polteageist
|-supereffective|p2a: Polteageist
|-damage|p2a: Polteageist|0 fnt
|-sidestart|p2: Crocodile E|Spikes
|faint|p2a: Polteageist
|
|upkeep
|
|t:|1760456091
|switch|p2a: Glimmora|Glimmora, M|100/100
|-damage|p2a: Glimmora|88/100|[from] Stealth Rock
|-damage|p2a: Glimmora|76/100|[from] Spikes
|turn|12
|inactive|Ebastia12 has 120 seconds left.
|
|t:|1760456107
|move|p2a: Glimmora|Earth Power|p1a: Samurott
|-crit|p1a: Samurott
|-damage|p1a: Samurott|0 fnt
|faint|p1a: Samurott
|
|upkeep
|
|t:|1760456126
|switch|p1a: Sinistcha|Sinistcha|100/100
|turn|13
|
|t:|1760456135
|switch|p2a: Dragonite|Dragonite, F|100/100
|-damage|p2a: Dragonite|76/100|[from] Stealth Rock
|move|p1a: Sinistcha|Calm Mind|p1a: Sinistcha
|-boost|p1a: Sinistcha|spa|1
|-boost|p1a: Sinistcha|spd|1
|
|upkeep
|turn|14
|inactive|Ebastia12 has 120 seconds left.
|
|t:|1760456141
|move|p2a: Dragonite|Outrage|p1a: Sinistcha
|-damage|p1a: Sinistcha|22/100
|move|p1a: Sinistcha|Strength Sap|p2a: Dragonite
|-unboost|p2a: Dragonite|atk|1
|-heal|p1a: Sinistcha|100/100
|
|upkeep
|turn|15
|
|t:|1760456144
|move|p2a: Dragonite|Outrage|p1a: Sinistcha|[from] lockedmove
|-damage|p1a: Sinistcha|52/100
|move|p1a: Sinistcha|Strength Sap|p2a: Dragonite
|-unboost|p2a: Dragonite|atk|1
|-heal|p1a: Sinistcha|100/100
|
|upkeep
|turn|16
|
|t:|1760456148
|move|p2a: Dragonite|Outrage|p1a: Sinistcha|[from] lockedmove
|-damage|p1a: Sinistcha|67/100
|-start|p2a: Dragonite|confusion|[fatigue]
|move|p1a: Sinistcha|Calm Mind|p1a: Sinistcha
|-boost|p1a: Sinistcha|spa|1
|-boost|p1a: Sinistcha|spd|1
|
|upkeep
|turn|17
|
|t:|1760456153
|switch|p2a: Glimmora|Glimmora, M|76/100
|-damage|p2a: Glimmora|63/100|[from] Stealth Rock
|-damage|p2a: Glimmora|51/100|[from] Spikes
|move|p1a: Sinistcha|Strength Sap|p2a: Glimmora
|-unboost|p2a: Glimmora|atk|1
|-heal|p1a: Sinistcha|97/100
|
|upkeep
|turn|18
|
|t:|1760456157
|move|p2a: Glimmora|Sludge Wave|p1a: Sinistcha
|-damage|p1a: Sinistcha|65/100
|move|p1a: Sinistcha|Shadow Ball|p2a: Glimmora
|-damage|p2a: Glimmora|0 fnt
|faint|p2a: Glimmora
|
|upkeep
|
|t:|1760456162
|switch|p2a: Dragonite|Dragonite, F|76/100
|-damage|p2a: Dragonite|51/100|[from] Stealth Rock
|turn|19
|
|t:|1760456189
|switch|p1a: Gholdengo|Gholdengo|43/100
|-damage|p1a: Gholdengo|37/100|[from] Stealth Rock
|move|p2a: Dragonite|Outrage|p1a: Gholdengo
|-resisted|p1a: Gholdengo
|-damage|p1a: Gholdengo|0 fnt
|faint|p1a: Gholdengo
|
|upkeep
|inactive|Ebastia12 has 120 seconds left.
|
|t:|1760456201
|switch|p1a: Iron Treads|Iron Treads|57/100
|-damage|p1a: Iron Treads|54/100|[from] Stealth Rock
|turn|20
|
|t:|1760456203
|move|p1a: Iron Treads|Rapid Spin|p2a: Dragonite
|-damage|p2a: Dragonite|39/100
|-boost|p1a: Iron Treads|spe|1
|-sideend|p1: Ebastia12|Stealth Rock|[from] move: Rapid Spin|[of] p1a: Iron Treads
|move|p2a: Dragonite|Outrage|p1a: Iron Treads|[from] lockedmove
|-resisted|p1a: Iron Treads
|-damage|p1a: Iron Treads|12/100
|
|upkeep
|turn|21
|
|t:|1760456209
|move|p1a: Iron Treads|Ice Spinner|p2a: Dragonite
|-supereffective|p2a: Dragonite
|-damage|p2a: Dragonite|0 fnt
|faint|p2a: Dragonite
|
|upkeep
|
|t:|1760456211
|switch|p2a: Zamazenta|Zamazenta|100/100
|-damage|p2a: Zamazenta|94/100|[from] Stealth Rock
|-damage|p2a: Zamazenta|82/100|[from] Spikes
|-ability|p2a: Zamazenta|Dauntless Shield|boost
|-boost|p2a: Zamazenta|def|1
|turn|22
|
|t:|1760456221
|-end|p1a: Iron Treads|Quark Drive|[silent]
|switch|p1a: Moltres|Moltres|83/100
|-terastallize|p2a: Zamazenta|Fire
|move|p2a: Zamazenta|Iron Defense|p2a: Zamazenta
|-boost|p2a: Zamazenta|def|2
|
|-heal|p2a: Zamazenta|88/100|[from] item: Leftovers
|upkeep
|turn|23
|
|t:|1760456238
|move|p2a: Zamazenta|Body Press|p1a: Moltres
|-resisted|p1a: Moltres
|-damage|p1a: Moltres|50/100
|move|p1a: Moltres|U-turn|p2a: Zamazenta
|-resisted|p2a: Zamazenta
|-damage|p2a: Zamazenta|86/100
|
|t:|1760456246
|switch|p1a: Sinistcha|Sinistcha|65/100|[from] U-turn
|
|-heal|p2a: Zamazenta|92/100|[from] item: Leftovers
|upkeep
|turn|24
|
|t:|1760456249
|move|p1a: Sinistcha|Strength Sap|p2a: Zamazenta
|-unboost|p2a: Zamazenta|atk|1
|-heal|p1a: Sinistcha|100/100
|move|p2a: Zamazenta|Roar|p1a: Sinistcha
|drag|p1a: Iron Treads|Iron Treads|12/100
|
|-heal|p2a: Zamazenta|99/100|[from] item: Leftovers
|upkeep
|turn|25
|
|t:|1760456257
|-end|p1a: Iron Treads|Quark Drive|[silent]
|switch|p1a: Sinistcha|Sinistcha|100/100
|move|p2a: Zamazenta|Body Press|p1a: Sinistcha
|-immune|p1a: Sinistcha
|
|-heal|p2a: Zamazenta|100/100|[from] item: Leftovers
|upkeep
|turn|26
|
|t:|1760456262
|move|p2a: Zamazenta|Crunch|p1a: Sinistcha
|-supereffective|p1a: Sinistcha
|-damage|p1a: Sinistcha|81/100
|move|p1a: Sinistcha|Shadow Ball|p2a: Zamazenta
|-damage|p2a: Zamazenta|71/100
|
|-heal|p2a: Zamazenta|77/100|[from] item: Leftovers
|upkeep
|turn|27
|
|t:|1760456269
|move|p1a: Sinistcha|Shadow Ball|p2a: Zamazenta
|-damage|p2a: Zamazenta|49/100
|move|p2a: Zamazenta|Roar|p1a: Sinistcha
|drag|p1a: Iron Treads|Iron Treads|12/100
|
|-heal|p2a: Zamazenta|55/100|[from] item: Leftovers
|upkeep
|turn|28
|
|t:|1760456276
|switch|p2a: Raging Bolt|Raging Bolt|100/100
|-damage|p2a: Raging Bolt|88/100|[from] Stealth Rock
|-damage|p2a: Raging Bolt|76/100|[from] Spikes
|-enditem|p2a: Raging Bolt|Booster Energy
|-activate|p2a: Raging Bolt|ability: Protosynthesis|[fromitem]
|-start|p2a: Raging Bolt|protosynthesisspa
|-end|p1a: Iron Treads|Quark Drive|[silent]
|switch|p1a: Sinistcha|Sinistcha|81/100
|
|upkeep
|turn|29
|
|t:|1760456285
|switch|p1a: Iron Treads|Iron Treads|12/100
|move|p2a: Raging Bolt|Dragon Pulse|p1a: Iron Treads
|-resisted|p1a: Iron Treads
|-damage|p1a: Iron Treads|0 fnt
|faint|p1a: Iron Treads
|-end|p1a: Iron Treads|Quark Drive|[silent]
|
|upkeep
|
|t:|1760456299
|switch|p1a: Sinistcha|Sinistcha|81/100
|turn|30
|
|t:|1760456306
|move|p2a: Raging Bolt|Dragon Pulse|p1a: Sinistcha
|-damage|p1a: Sinistcha|6/100
|move|p1a: Sinistcha|Shadow Ball|p2a: Raging Bolt
|-damage|p2a: Raging Bolt|44/100
|
|upkeep
|turn|31
|
|t:|1760456311
|move|p2a: Raging Bolt|Thunderbolt|p1a: Sinistcha
|-resisted|p1a: Sinistcha
|-crit|p1a: Sinistcha
|-damage|p1a: Sinistcha|0 fnt
|faint|p1a: Sinistcha
|
|upkeep
|
|t:|1760456329
|switch|p1a: Moltres|Moltres|50/100
|turn|32
|
|t:|1760456337
|-terastallize|p1a: Moltres|Fairy
|move|p2a: Raging Bolt|Thunderbolt|p1a: Moltres
|-damage|p1a: Moltres|0 fnt
|faint|p1a: Moltres
|
|win|Crocodile E
|raw|Ebastia12's rating: 1536 &rarr; <strong>1512</strong><br />(-24 for losing)
|raw|Crocodile E's rating: 1469 &rarr; <strong>1493</strong><br />(+24 for winning)
|l|☆Crocodile E
|player|p2|
|l|☆Ebastia12
|player|p1|
