|j|☆Nitrobinet
|j|☆CaradeCoso
|inactive|Battle timer is ON: inactive players will automatically lose when time's up.
|t:|1760404230
|gametype|singles
|player|p1|Nitrobinet|roughneck|
|player|p2|CaradeCoso|pokekid|
|gen|9
|tier|[Gen 9] OU
|rated|Tournament battle
|rule|HP Percentage Mod: HP is shown in percentages
|rule|Endless Battle Clause: Forcing endless battles is banned
|rule|Species Clause: Limit one of each Pokémon
|rule|OHKO Clause: OHKO moves are banned
|rule|Evasion Items Clause: Evasion items are banned
|rule|Evasion Moves Clause: Evasion moves are banned
|rule|Evasion Abilities Clause: Evasion abilities are banned
|rule|Sleep Moves Clause: Sleep-inducing moves are banned
|clearpoke
|poke|p1|Toxtricity, F|
|poke|p1|Great Tusk|
|poke|p1|Rillaboom, M|
|poke|p1|Cinderace, F|
|poke|p1|Dragonite, F|
|poke|p1|Gholdengo|
|poke|p2|Dragonite, M|
|poke|p2|Darkrai|
|poke|p2|Iron Moth|
|poke|p2|Scizor, M|
|poke|p2|Great Tusk|
|poke|p2|Zapdos|
|teampreview
|j|*Lady Monita ☀
|inactive|Nitrobinet also wants the timer to be on.
|c|☆CaradeCoso|Suerte!
|c|☆Nitrobinet|igualmente
|
|t:|1760404258
|teamsize|p1|6
|teamsize|p2|6
|start
|switch|p1a: Great Tusk|Great Tusk|100/100
|switch|p2a: enFERRRmo|Dragonite, M, shiny|100/100
|-enditem|p1a: Great Tusk|Booster Energy
|-activate|p1a: Great Tusk|ability: Protosynthesis|[fromitem]
|-start|p1a: Great Tusk|protosynthesisatk
|turn|1
|
|t:|1760404270
|switch|p2a: Zapeoh|Scizor, M, shiny|100/100
|move|p1a: Great Tusk|Rapid Spin|p2a: Zapeoh
|-resisted|p2a: Zapeoh
|-damage|p2a: Zapeoh|88/100
|-boost|p1a: Great Tusk|spe|1
|
|upkeep
|turn|2
|
|t:|1760404278
|move|p1a: Great Tusk|Bulk Up|p1a: Great Tusk
|-boost|p1a: Great Tusk|atk|1
|-boost|p1a: Great Tusk|def|1
|move|p2a: Zapeoh|U-turn|p1a: Great Tusk
|-resisted|p1a: Great Tusk
|-crit|p1a: Great Tusk
|-damage|p1a: Great Tusk|70/100
|
|t:|1760404290
|switch|p2a: Come primas|Zapdos|100/100|[from] U-turn
|
|upkeep
|turn|3
|
|t:|1760404294
|move|p1a: Great Tusk|Ice Spinner|p2a: Come primas
|-supereffective|p2a: Come primas
|-damage|p2a: Come primas|11/100
|move|p2a: Come primas|Hurricane|p1a: Great Tusk
|-supereffective|p1a: Great Tusk
|-damage|p1a: Great Tusk|0 fnt
|faint|p1a: Great Tusk
|-end|p1a: Great Tusk|Protosynthesis|[silent]
|
|upkeep
|
|t:|1760404302
|switch|p1a: Toxtricity|Toxtricity, F, shiny|100/100
|turn|4
|
|t:|1760404313
|switch|p2a: Chris FPS viejito|Great Tusk|100/100
|-enditem|p2a: Chris FPS viejito|Booster Energy
|-activate|p2a: Chris FPS viejito|ability: Protosynthesis|[fromitem]
|-start|p2a: Chris FPS viejito|protosynthesisspe
|move|p1a: Toxtricity|Shift Gear|p1a: Toxtricity
|-boost|p1a: Toxtricity|spe|2
|-boost|p1a: Toxtricity|atk|1
|
|upkeep
|turn|5
|
|t:|1760404324
|switch|p1a: Rillaboom|Rillaboom, M|100/100
|-fieldstart|move: Grassy Terrain|[from] ability: Grassy Surge|[of] p1a: Rillaboom
|move|p2a: Chris FPS viejito|Rapid Spin|p1a: Rillaboom
|-damage|p1a: Rillaboom|83/100
|-boost|p2a: Chris FPS viejito|spe|1
|
|-heal|p1a: Rillaboom|89/100|[from] Grassy Terrain
|upkeep
|turn|6
|
|t:|1760404331
|move|p2a: Chris FPS viejito|Ice Spinner|p1a: Rillaboom
|-supereffective|p1a: Rillaboom
|-damage|p1a: Rillaboom|35/100
|-fieldend|move: Grassy Terrain
|move|p1a: Rillaboom|Knock Off|p2a: Chris FPS viejito
|-resisted|p2a: Chris FPS viejito
|-damage|p2a: Chris FPS viejito|89/100
|
|upkeep
|turn|7
|
|t:|1760404340
|switch|p1a: Gholdengo|Gholdengo|100/100
|move|p2a: Chris FPS viejito|Bulk Up|p2a: Chris FPS viejito
|-boost|p2a: Chris FPS viejito|atk|1
|-boost|p2a: Chris FPS viejito|def|1
|
|upkeep
|turn|8
|
|t:|1760404346
|switch|p1a: Rillaboom|Rillaboom, M|35/100
|-fieldstart|move: Grassy Terrain|[from] ability: Grassy Surge|[of] p1a: Rillaboom
|move|p2a: Chris FPS viejito|Headlong Rush|p1a: Rillaboom
|-resisted|p1a: Rillaboom
|-damage|p1a: Rillaboom|0 fnt
|-unboost|p2a: Chris FPS viejito|def|1
|-unboost|p2a: Chris FPS viejito|spd|1
|faint|p1a: Rillaboom
|
|-heal|p2a: Chris FPS viejito|95/100|[from] Grassy Terrain
|upkeep
|
|t:|1760404354
|switch|p1a: Dragonite|Dragonite, F|100/100
|turn|9
|
|t:|1760404360
|move|p2a: Chris FPS viejito|Ice Spinner|p1a: Dragonite
|-supereffective|p1a: Dragonite
|-damage|p1a: Dragonite|21/100
|-fieldend|move: Grassy Terrain
|move|p1a: Dragonite|Dragon Dance|p1a: Dragonite
|-boost|p1a: Dragonite|atk|1
|-boost|p1a: Dragonite|spe|1
|
|upkeep
|turn|10
|
|t:|1760404369
|-terastallize|p2a: Chris FPS viejito|Electric
|move|p2a: Chris FPS viejito|Rapid Spin|p1a: Dragonite
|-damage|p1a: Dragonite|0 fnt
|-boost|p2a: Chris FPS viejito|spe|1
|faint|p1a: Dragonite
|
|upkeep
|
|t:|1760404373
|switch|p1a: Cinderace|Cinderace, F|100/100
|turn|11
|
|t:|1760404377
|move|p2a: Chris FPS viejito|Headlong Rush|p1a: Cinderace
|-supereffective|p1a: Cinderace
|-damage|p1a: Cinderace|0 fnt
|-unboost|p2a: Chris FPS viejito|def|1
|-unboost|p2a: Chris FPS viejito|spd|1
|faint|p1a: Cinderace
|
|upkeep
|
|t:|1760404380
|switch|p1a: Gholdengo|Gholdengo|100/100
|turn|12
|
|t:|1760404384
|-terastallize|p1a: Gholdengo|Fighting
|move|p2a: Chris FPS viejito|Headlong Rush|p1a: Gholdengo
|-damage|p1a: Gholdengo|7/100
|-unboost|p2a: Chris FPS viejito|def|1
|-unboost|p2a: Chris FPS viejito|spd|1
|move|p1a: Gholdengo|Focus Blast|p2a: Chris FPS viejito
|-damage|p2a: Chris FPS viejito|0 fnt
|faint|p2a: Chris FPS viejito
|-end|p2a: Chris FPS viejito|Protosynthesis|[silent]
|
|upkeep
|
|t:|1760404390
|switch|p2a: Zapeoh|Scizor, M, shiny|88/100
|turn|13
|
|t:|1760404393
|move|p2a: Zapeoh|Bullet Punch|p1a: Gholdengo
|-damage|p1a: Gholdengo|0 fnt
|faint|p1a: Gholdengo
|
|upkeep
|
|t:|1760404394
|switch|p1a: Toxtricity|Toxtricity, F, shiny|100/100
|turn|14
|
|t:|1760404396
|move|p2a: Zapeoh|Bullet Punch|p1a: Toxtricity
|-resisted|p1a: Toxtricity
|-damage|p1a: Toxtricity|66/100
|move|p1a: Toxtricity|Shift Gear|p1a: Toxtricity
|-boost|p1a: Toxtricity|spe|2
|-boost|p1a: Toxtricity|atk|1
|
|upkeep
|turn|15
|
|t:|1760404400
|move|p2a: Zapeoh|Bullet Punch|p1a: Toxtricity
|-resisted|p1a: Toxtricity
|-damage|p1a: Toxtricity|33/100
|move|p1a: Toxtricity|Overdrive|p2a: Zapeoh
|-damage|p2a: Zapeoh|18/100
|-enditem|p1a: Toxtricity|Throat Spray
|-boost|p1a: Toxtricity|spa|1|[from] item: Throat Spray
|
|upkeep
|turn|16
|
|t:|1760404406
|move|p2a: Zapeoh|Bullet Punch|p1a: Toxtricity
|-resisted|p1a: Toxtricity
|-damage|p1a: Toxtricity|0 fnt
|faint|p1a: Toxtricity
|
|win|CaradeCoso
|n|☆Nitrobinet|nitrobinet
|n|☆CaradeCoso|caradecoso
|n|*Lady Monita ☀|ladymonita
|l|*Lady Monita ☀
|l|☆Nitrobinet
|player|p1|
