|j|☆isaac_gam3r
|j|☆yokodai
|t:|1760443988
|gametype|singles
|player|p1|isaac_gam3r|acetrainer-gen4dp|1617
|player|p2|yokodai|101|1595
|gen|9
|tier|[Gen 9] OU
|rated|
|rule|HP Percentage Mod: HP is shown in percentages
|rule|Endless Battle Clause: Forcing endless battles is banned
|rule|Species Clause: Limit one of each Pokémon
|rule|OHKO Clause: OHKO moves are banned
|rule|Evasion Items Clause: Evasion items are banned
|rule|Evasion Moves Clause: Evasion moves are banned
|rule|Evasion Abilities Clause: Evasion abilities are banned
|rule|Sleep Moves Clause: Sleep-inducing moves are banned
|clearpoke
|poke|p1|Garchomp, F|
|poke|p1|Raging Bolt|
|poke|p1|Primarina, M|
|poke|p1|Heatran, F|
|poke|p1|Weezing-Galar, M|
|poke|p1|Weavile, F|
|poke|p2|Mamoswine, M|
|poke|p2|Ting-Lu|
|poke|p2|Gastrodon, M|
|poke|p2|Clodsire, F|
|poke|p2|Great Tusk|
|poke|p2|Landorus-Therian, M|
|teampreview
|inactive|Battle timer is ON: inactive players will automatically lose when time's up. (requested by isaac_gam3r)
|
|t:|1760444005
|teamsize|p1|6
|teamsize|p2|6
|start
|switch|p1a: Weavile|Weavile, F|100/100
|switch|p2a: Landorus|Landorus-Therian, M|100/100
|-ability|p1a: Weavile|Pressure
|-ability|p2a: Landorus|Intimidate|boost
|-unboost|p1a: Weavile|atk|1
|turn|1
|
|t:|1760444014
|switch|p1a: Weezing|Weezing-Galar, M, shiny|100/100
|switch|p2a: Great Tusk|Great Tusk|100/100
|
|upkeep
|turn|2
|
|t:|1760444032
|-end|p2a: Great Tusk|Protosynthesis|[silent]
|switch|p2a: Clodsire|Clodsire, F|100/100
|move|p1a: Weezing|Will-O-Wisp|p2a: Clodsire
|-status|p2a: Clodsire|brn
|
|-damage|p2a: Clodsire|94/100 brn|[from] brn
|upkeep
|turn|3
|
|t:|1760444037
|move|p1a: Weezing|Strange Steam|p2a: Clodsire
|-resisted|p2a: Clodsire
|-damage|p2a: Clodsire|85/100 brn
|-start|p2a: Clodsire|confusion
|-activate|p2a: Clodsire|confusion
|move|p2a: Clodsire|Toxic Spikes|p1a: Weezing
|-sidestart|p1: isaac_gam3r|move: Toxic Spikes
|
|-heal|p2a: Clodsire|91/100 brn|[from] item: Leftovers
|-damage|p2a: Clodsire|85/100 brn|[from] brn
|upkeep
|turn|4
|
|t:|1760444047
|move|p1a: Weezing|Defog|p2a: Clodsire
|-unboost|p2a: Clodsire|evasion|1
|-sideend|p1: isaac_gam3r|Toxic Spikes|[from] move: Defog|[of] p1a: Weezing
|-end|p2a: Clodsire|confusion
|move|p2a: Clodsire|Toxic Spikes|p1a: Weezing
|-sidestart|p1: isaac_gam3r|move: Toxic Spikes
|
|-heal|p2a: Clodsire|91/100 brn|[from] item: Leftovers
|-damage|p2a: Clodsire|85/100 brn|[from] brn
|upkeep
|turn|5
|
|t:|1760444054
|switch|p2a: Gastrodon|Gastrodon, M|100/100
|move|p1a: Weezing|Defog|p2a: Gastrodon
|-unboost|p2a: Gastrodon|evasion|1
|-sideend|p1: isaac_gam3r|Toxic Spikes|[from] move: Defog|[of] p1a: Weezing
|
|upkeep
|turn|6
|
|t:|1760444059
|switch|p1a: Primarina|Primarina, M|100/100
|move|p2a: Gastrodon|Hydro Pump|p1a: Primarina
|-resisted|p1a: Primarina
|-damage|p1a: Primarina|71/100
|
|-heal|p1a: Primarina|77/100|[from] item: Leftovers
|upkeep
|turn|7
|
|t:|1760444064
|switch|p2a: Clodsire|Clodsire, F|85/100 brn
|move|p1a: Primarina|Calm Mind|p1a: Primarina
|-boost|p1a: Primarina|spa|1
|-boost|p1a: Primarina|spd|1
|
|-heal|p1a: Primarina|83/100|[from] item: Leftovers
|-heal|p2a: Clodsire|91/100 brn|[from] item: Leftovers
|-damage|p2a: Clodsire|85/100 brn|[from] brn
|upkeep
|turn|8
|
|t:|1760444071
|switch|p2a: Ting-Lu|Ting-Lu|100/100
|-ability|p2a: Ting-Lu|Vessel of Ruin
|move|p1a: Primarina|Draining Kiss|p2a: Ting-Lu
|-supereffective|p2a: Ting-Lu
|-crit|p2a: Ting-Lu
|-damage|p2a: Ting-Lu|62/100
|-heal|p1a: Primarina|100/100|[from] drain|[of] p2a: Ting-Lu
|
|upkeep
|turn|9
|
|t:|1760444085
|move|p1a: Primarina|Hyper Voice|p2a: Ting-Lu
|-supereffective|p2a: Ting-Lu
|-damage|p2a: Ting-Lu|17/100
|move|p2a: Ting-Lu|Ruination|p1a: Primarina|[miss]
|-miss|p2a: Ting-Lu|p1a: Primarina
|
|upkeep
|turn|10
|-message|yokodai forfeited.
|
|win|isaac_gam3r
|raw|isaac_gam3r's rating: 1617 &rarr; <strong>1636</strong><br />(+19 for winning)
|raw|yokodai's rating: 1595 &rarr; <strong>1576</strong><br />(-19 for losing)
|l|☆yokodai
|player|p2|
|l|☆isaac_gam3r
|player|p1|
