|j|☆Diegogris@!
|j|☆Swagataka
|t:|1760454281
|gametype|singles
|player|p1|Diegogris|officeworker|1545
|player|p2|Swagataka|byron|1584
|gen|9
|tier|[Gen 9] OU
|rated|
|rule|HP Percentage Mod: HP is shown in percentages
|rule|Endless Battle Clause: Forcing endless battles is banned
|rule|Species Clause: Limit one of each Pokémon
|rule|OHKO Clause: OHKO moves are banned
|rule|Evasion Items Clause: Evasion items are banned
|rule|Evasion Moves Clause: Evasion moves are banned
|rule|Evasion Abilities Clause: Evasion abilities are banned
|rule|Sleep Moves Clause: Sleep-inducing moves are banned
|clearpoke
|poke|p1|Enamorus, F|
|poke|p1|Great Tusk|
|poke|p1|Iron Crown|
|poke|p1|Lokix, M|
|poke|p1|Alomomola, M|
|poke|p1|Pecharunt|
|poke|p2|Kingambit, F|
|poke|p2|Regigigas|
|poke|p2|Zoroark-Hisui, M|
|poke|p2|Great Tusk|
|poke|p2|Pecharunt|
|poke|p2|Quaquaval, F|
|teampreview
|
|t:|1760454334
|teamsize|p1|6
|teamsize|p2|6
|start
|switch|p1a: Edgar|Lokix, M, shiny|100/100
|switch|p2a: R.E.G.R.E.M.I.X|Regigigas, shiny|100/100
|-start|p2a: R.E.G.R.E.M.I.X|ability: Slow Start
|turn|1
|
|t:|1760454345
|move|p1a: Edgar|Knock Off|p2a: R.E.G.R.E.M.I.X
|-damage|p2a: R.E.G.R.E.M.I.X|51/100
|-enditem|p2a: R.E.G.R.E.M.I.X|Choice Specs|[from] move: Knock Off|[of] p1a: Edgar
|move|p2a: R.E.G.R.E.M.I.X|Knock Off|p1a: Edgar
|-resisted|p1a: Edgar
|-damage|p1a: Edgar|88/100
|-enditem|p1a: Edgar|Choice Band|[from] move: Knock Off|[of] p2a: R.E.G.R.E.M.I.X
|
|upkeep
|turn|2
|
|t:|1760454374
|move|p1a: Edgar|Leech Life|p2a: R.E.G.R.E.M.I.X
|-damage|p2a: R.E.G.R.E.M.I.X|21/100
|-heal|p1a: Edgar|100/100|[from] drain|[of] p2a: R.E.G.R.E.M.I.X
|move|p2a: R.E.G.R.E.M.I.X|Knock Off|p1a: Edgar
|-resisted|p1a: Edgar
|-damage|p1a: Edgar|92/100
|
|upkeep
|turn|3
|
|t:|1760454380
|switch|p2a: Irönhead|Kingambit, F|100/100
|-item|p2a: Irönhead|Air Balloon
|move|p1a: Edgar|Leech Life|p2a: Irönhead
|-damage|p2a: Irönhead|69/100
|-heal|p1a: Edgar|100/100|[from] drain|[of] p2a: Irönhead
|-enditem|p2a: Irönhead|Air Balloon
|
|upkeep
|turn|4
|
|t:|1760454384
|move|p1a: Edgar|U-turn|p2a: Irönhead
|-damage|p2a: Irönhead|43/100
|
|t:|1760454386
|switch|p1a: Behemoth|Great Tusk, shiny|100/100|[from] U-turn
|move|p2a: Irönhead|Thief|p1a: Behemoth
|-resisted|p1a: Behemoth
|-damage|p1a: Behemoth|88/100
|-enditem|p1a: Behemoth|Heavy-Duty Boots|[silent]|[from] move: Thief|[of] p2a: Irönhead
|-item|p2a: Irönhead|Heavy-Duty Boots|[from] move: Thief|[of] p1a: Behemoth
|
|upkeep
|turn|5
|
|t:|1760454392
|switch|p2a: Steely Don|Great Tusk|100/100
|move|p1a: Behemoth|Stealth Rock|p2a: Steely Don
|-sidestart|p2: Swagataka|move: Stealth Rock
|
|upkeep
|turn|6
|
|t:|1760454396
|-end|p1a: Behemoth|Protosynthesis|[silent]
|switch|p1a: Overseer|Pecharunt|100/100
|move|p2a: Steely Don|Rapid Spin|p1a: Overseer
|-immune|p1a: Overseer
|
|upkeep
|turn|7
|
|t:|1760454400
|-end|p2a: Steely Don|Protosynthesis|[silent]
|switch|p2a: Irönhead|Kingambit, F|43/100
|move|p1a: Overseer|Malignant Chain|p2a: Irönhead
|-immune|p2a: Irönhead
|
|upkeep
|turn|8
|
|t:|1760454403
|switch|p1a: Behemoth|Great Tusk, shiny|88/100
|move|p2a: Irönhead|Iron Head|p1a: Behemoth
|-damage|p1a: Behemoth|54/100
|
|upkeep
|turn|9
|
|t:|1760454406
|switch|p2a: Steely Don|Great Tusk|100/100
|move|p1a: Behemoth|Headlong Rush|p2a: Steely Don
|-damage|p2a: Steely Don|57/100
|-unboost|p1a: Behemoth|def|1
|-unboost|p1a: Behemoth|spd|1
|
|upkeep
|turn|10
|
|t:|1760454410
|-end|p1a: Behemoth|Protosynthesis|[silent]
|switch|p1a: Overseer|Pecharunt|100/100
|move|p2a: Steely Don|Rapid Spin|p1a: Overseer
|-immune|p1a: Overseer
|
|upkeep
|turn|11
|
|t:|1760454414
|move|p2a: Steely Don|Headlong Rush|p1a: Overseer
|-supereffective|p1a: Overseer
|-damage|p1a: Overseer|40/100
|-unboost|p2a: Steely Don|def|1
|-unboost|p2a: Steely Don|spd|1
|move|p1a: Overseer|Parting Shot|p2a: Steely Don
|-unboost|p2a: Steely Don|atk|1
|-unboost|p2a: Steely Don|spa|1
|
|t:|1760454420
|switch|p1a: Gin|Enamorus, F, shiny|100/100|[from] Parting Shot
|
|upkeep
|turn|12
|j| Jinghan Yu
|l| Jinghan Yu
|
|t:|1760454424
|-end|p2a: Steely Don|Protosynthesis|[silent]
|switch|p2a: R.E.G.R.E.M.I.X|Regigigas, shiny|21/100
|-damage|p2a: R.E.G.R.E.M.I.X|8/100|[from] Stealth Rock
|-start|p2a: R.E.G.R.E.M.I.X|ability: Slow Start
|move|p1a: Gin|Earth Power|p2a: R.E.G.R.E.M.I.X
|-damage|p2a: R.E.G.R.E.M.I.X|0 fnt
|faint|p2a: R.E.G.R.E.M.I.X
|
|upkeep
|
|t:|1760454438
|switch|p2a: Steely Don|Great Tusk|100/100
|-damage|p2a: Steely Don|88/100|[from] Stealth Rock
|-item|p2a: Steely Don|Air Balloon
|turn|13
|
|t:|1760454457
|switch|p1a: Pisces|Alomomola, M, shiny|100/100
|move|p2a: Steely Don|Shadow Ball|p1a: Pisces
|-damage|p1a: Pisces|76/100
|
|upkeep
|turn|14
|
|t:|1760454473
|switch|p2a: Quack Sabbath|Quaquaval, F|100/100
|-damage|p2a: Quack Sabbath|94/100|[from] Stealth Rock
|move|p1a: Pisces|Flip Turn|p2a: Quack Sabbath
|-resisted|p2a: Quack Sabbath
|-damage|p2a: Quack Sabbath|86/100
|
|t:|1760454501
|switch|p1a: Gin|Enamorus, F, shiny|100/100|[from] Flip Turn
|
|-heal|p2a: Quack Sabbath|92/100|[from] item: Leftovers
|upkeep
|turn|15
|
|t:|1760454505
|switch|p2a: Apacherunt|Pecharunt|100/100
|move|p1a: Gin|Moonblast|p2a: Apacherunt
|-resisted|p2a: Apacherunt
|-damage|p2a: Apacherunt|74/100
|
|upkeep
|turn|16
|
|t:|1760454512
|switch|p1a: Braveheart|Iron Crown|100/100
|move|p2a: Apacherunt|Parting Shot|p1a: Braveheart
|-unboost|p1a: Braveheart|atk|1
|-unboost|p1a: Braveheart|spa|1
|
|t:|1760454516
|switch|p2a: Steely Don|Great Tusk|88/100|[from] Parting Shot
|-damage|p2a: Steely Don|76/100|[from] Stealth Rock
|-item|p2a: Steely Don|Air Balloon
|
|upkeep
|turn|17
|
|t:|1760454524
|switch|p2a: Steely Don|Great Tusk|57/100
|-end|p1a: Braveheart|Quark Drive|[silent]
|switch|p1a: Pisces|Alomomola, M, shiny|100/100
|
|upkeep
|turn|18
|
|t:|1760454528
|move|p2a: Steely Don|Rapid Spin|p1a: Pisces
|-damage|p1a: Pisces|89/100
|-boost|p2a: Steely Don|spe|1
|-sideend|p2: Swagataka|Stealth Rock|[from] move: Rapid Spin|[of] p2a: Steely Don
|move|p1a: Pisces|Scald|p2a: Steely Don
|-supereffective|p2a: Steely Don
|-damage|p2a: Steely Don|16/100
|
|upkeep
|turn|19
|
|t:|1760454532
|move|p2a: Steely Don|Knock Off|p1a: Pisces
|-damage|p1a: Pisces|66/100
|-enditem|p1a: Pisces|Assault Vest|[from] move: Knock Off|[of] p2a: Steely Don
|move|p1a: Pisces|Flip Turn|p2a: Steely Don
|-supereffective|p2a: Steely Don
|-damage|p2a: Steely Don|0 fnt
|faint|p2a: Steely Don
|-end|p2a: Steely Don|Protosynthesis|[silent]
|
|t:|1760454535
|switch|p1a: Behemoth|Great Tusk, shiny|54/100|[from] Flip Turn
|
|upkeep
|
|t:|1760454538
|switch|p2a: Quack Sabbath|Quaquaval, F|92/100
|turn|20
|
|t:|1760454551
|-end|p1a: Behemoth|Protosynthesis|[silent]
|switch|p1a: Overseer|Pecharunt|40/100
|move|p2a: Quack Sabbath|Aqua Step|p1a: Overseer
|-damage|p1a: Overseer|23/100
|-boost|p2a: Quack Sabbath|spe|1
|
|-heal|p2a: Quack Sabbath|98/100|[from] item: Leftovers
|upkeep
|turn|21
|
|t:|1760454554
|switch|p1a: Pisces|Alomomola, M, shiny|99/100
|move|p2a: Quack Sabbath|Bulk Up|p2a: Quack Sabbath
|-boost|p2a: Quack Sabbath|atk|1
|-boost|p2a: Quack Sabbath|def|1
|
|-heal|p2a: Quack Sabbath|100/100|[from] item: Leftovers
|upkeep
|turn|22
|
|t:|1760454560
|move|p2a: Quack Sabbath|Aqua Step|p1a: Pisces
|-resisted|p1a: Pisces
|-damage|p1a: Pisces|81/100
|-boost|p2a: Quack Sabbath|spe|1
|move|p1a: Pisces|Scald|p2a: Quack Sabbath
|-resisted|p2a: Quack Sabbath
|-damage|p2a: Quack Sabbath|92/100
|-status|p2a: Quack Sabbath|brn
|
|-heal|p2a: Quack Sabbath|98/100 brn|[from] item: Leftovers
|-damage|p2a: Quack Sabbath|92/100 brn|[from] brn
|upkeep
|turn|23
|
|t:|1760454562
|move|p2a: Quack Sabbath|Bulk Up|p2a: Quack Sabbath
|-boost|p2a: Quack Sabbath|atk|1
|-boost|p2a: Quack Sabbath|def|1
|move|p1a: Pisces|Play Rough|p2a: Quack Sabbath
|-supereffective|p2a: Quack Sabbath
|-damage|p2a: Quack Sabbath|73/100 brn
|
|-heal|p2a: Quack Sabbath|79/100 brn|[from] item: Leftovers
|-damage|p2a: Quack Sabbath|73/100 brn|[from] brn
|upkeep
|turn|24
|
|t:|1760454571
|move|p2a: Quack Sabbath|Bulk Up|p2a: Quack Sabbath
|-boost|p2a: Quack Sabbath|atk|1
|-boost|p2a: Quack Sabbath|def|1
|move|p1a: Pisces|Flip Turn|p2a: Quack Sabbath
|-resisted|p2a: Quack Sabbath
|-damage|p2a: Quack Sabbath|70/100 brn
|
|t:|1760454575
|switch|p1a: Overseer|Pecharunt|23/100|[from] Flip Turn
|
|-heal|p2a: Quack Sabbath|76/100 brn|[from] item: Leftovers
|-damage|p2a: Quack Sabbath|70/100 brn|[from] brn
|upkeep
|turn|25
|
|t:|1760454578
|move|p2a: Quack Sabbath|Bulk Up|p2a: Quack Sabbath
|-boost|p2a: Quack Sabbath|atk|1
|-boost|p2a: Quack Sabbath|def|1
|move|p1a: Overseer|Recover|p1a: Overseer
|-heal|p1a: Overseer|74/100
|
|-heal|p2a: Quack Sabbath|76/100 brn|[from] item: Leftovers
|-damage|p2a: Quack Sabbath|70/100 brn|[from] brn
|upkeep
|turn|26
|
|t:|1760454584
|move|p2a: Quack Sabbath|Encore|p1a: Overseer
|-start|p1a: Overseer|Encore
|move|p1a: Overseer|Recover|p1a: Overseer
|-heal|p1a: Overseer|100/100
|
|-heal|p2a: Quack Sabbath|76/100 brn|[from] item: Leftovers
|-damage|p2a: Quack Sabbath|70/100 brn|[from] brn
|upkeep
|turn|27
|
|t:|1760454588
|switch|p1a: Gin|Enamorus, F, shiny|100/100
|move|p2a: Quack Sabbath|Aqua Step|p1a: Gin
|-damage|p1a: Gin|9/100
|-boost|p2a: Quack Sabbath|spe|1
|
|-heal|p2a: Quack Sabbath|76/100 brn|[from] item: Leftovers
|-damage|p2a: Quack Sabbath|70/100 brn|[from] brn
|upkeep
|turn|28
|
|t:|1760454592
|switch|p1a: Pisces|Alomomola, M, shiny|100/100
|move|p2a: Quack Sabbath|Aqua Step|p1a: Pisces
|-resisted|p1a: Pisces
|-crit|p1a: Pisces
|-damage|p1a: Pisces|72/100
|-boost|p2a: Quack Sabbath|spe|1
|
|-heal|p2a: Quack Sabbath|76/100 brn|[from] item: Leftovers
|-damage|p2a: Quack Sabbath|70/100 brn|[from] brn
|upkeep
|turn|29
|
|t:|1760454595
|move|p2a: Quack Sabbath|Bulk Up|p2a: Quack Sabbath
|-boost|p2a: Quack Sabbath|atk|1
|-boost|p2a: Quack Sabbath|def|1
|move|p1a: Pisces|Play Rough|p2a: Quack Sabbath
|-supereffective|p2a: Quack Sabbath
|-damage|p2a: Quack Sabbath|59/100 brn
|
|-heal|p2a: Quack Sabbath|66/100 brn|[from] item: Leftovers
|-damage|p2a: Quack Sabbath|59/100 brn|[from] brn
|upkeep
|turn|30
|
|t:|1760454598
|move|p2a: Quack Sabbath|Bulk Up|p2a: Quack Sabbath
|-boost|p2a: Quack Sabbath|atk|1
|-boost|p2a: Quack Sabbath|def|1
|move|p1a: Pisces|Play Rough|p2a: Quack Sabbath
|-supereffective|p2a: Quack Sabbath
|-damage|p2a: Quack Sabbath|50/100 brn
|
|-heal|p2a: Quack Sabbath|56/100 brn|[from] item: Leftovers
|-damage|p2a: Quack Sabbath|50/100 brn|[from] brn
|upkeep
|turn|31
|
|t:|1760454601
|move|p2a: Quack Sabbath|Aqua Step|p1a: Pisces
|-resisted|p1a: Pisces
|-damage|p1a: Pisces|46/100
|-boost|p2a: Quack Sabbath|spe|1
|move|p1a: Pisces|Play Rough|p2a: Quack Sabbath
|-supereffective|p2a: Quack Sabbath
|-damage|p2a: Quack Sabbath|41/100 brn
|
|-heal|p2a: Quack Sabbath|47/100 brn|[from] item: Leftovers
|-damage|p2a: Quack Sabbath|41/100 brn|[from] brn
|upkeep
|turn|32
|
|t:|1760454604
|move|p2a: Quack Sabbath|Close Combat|p1a: Pisces
|-damage|p1a: Pisces|0 fnt
|-unboost|p2a: Quack Sabbath|def|1
|-unboost|p2a: Quack Sabbath|spd|1
|faint|p1a: Pisces
|
|-heal|p2a: Quack Sabbath|47/100 brn|[from] item: Leftovers
|-damage|p2a: Quack Sabbath|41/100 brn|[from] brn
|upkeep
|
|t:|1760454612
|switch|p1a: Overseer|Pecharunt|100/100
|turn|33
|
|t:|1760454615
|-terastallize|p2a: Quack Sabbath|Steel
|move|p2a: Quack Sabbath|Aqua Step|p1a: Overseer
|-damage|p1a: Overseer|67/100
|-boost|p2a: Quack Sabbath|spe|1
|move|p1a: Overseer|Malignant Chain|p2a: Quack Sabbath
|-immune|p2a: Quack Sabbath
|
|-heal|p2a: Quack Sabbath|47/100 brn|[from] item: Leftovers
|-damage|p2a: Quack Sabbath|41/100 brn|[from] brn
|upkeep
|turn|34
|
|t:|1760454617
|move|p2a: Quack Sabbath|Encore|p1a: Overseer
|-start|p1a: Overseer|Encore
|move|p1a: Overseer|Malignant Chain|p2a: Quack Sabbath
|-immune|p2a: Quack Sabbath
|
|-heal|p2a: Quack Sabbath|47/100 brn|[from] item: Leftovers
|-damage|p2a: Quack Sabbath|41/100 brn|[from] brn
|upkeep
|turn|35
|
|t:|1760454620
|switch|p1a: Gin|Enamorus, F, shiny|9/100
|move|p2a: Quack Sabbath|Aqua Step|p1a: Gin
|-damage|p1a: Gin|0 fnt
|faint|p1a: Gin
|
|-heal|p2a: Quack Sabbath|47/100 brn|[from] item: Leftovers
|-damage|p2a: Quack Sabbath|41/100 brn|[from] brn
|upkeep
|
|t:|1760454621
|switch|p1a: Overseer|Pecharunt|67/100
|turn|36
|
|t:|1760454623
|move|p2a: Quack Sabbath|Aqua Step|p1a: Overseer
|-damage|p1a: Overseer|34/100
|move|p1a: Overseer|Foul Play|p2a: Quack Sabbath
|-damage|p2a: Quack Sabbath|1/100 brn
|
|-heal|p2a: Quack Sabbath|8/100 brn|[from] item: Leftovers
|-damage|p2a: Quack Sabbath|1/100 brn|[from] brn
|upkeep
|turn|37
|
|t:|1760454641
|-terastallize|p1a: Overseer|Grass
|move|p2a: Quack Sabbath|Aqua Step|p1a: Overseer
|-resisted|p1a: Overseer
|-damage|p1a: Overseer|17/100
|move|p1a: Overseer|Recover|p1a: Overseer
|-heal|p1a: Overseer|68/100
|
|-heal|p2a: Quack Sabbath|8/100 brn|[from] item: Leftovers
|-damage|p2a: Quack Sabbath|1/100 brn|[from] brn
|upkeep
|turn|38
|
|t:|1760454647
|switch|p1a: Edgar|Lokix, M, shiny|100/100
|move|p2a: Quack Sabbath|Close Combat|p1a: Edgar
|-damage|p1a: Edgar|0 fnt
|-unboost|p2a: Quack Sabbath|def|1
|-unboost|p2a: Quack Sabbath|spd|1
|faint|p1a: Edgar
|
|-heal|p2a: Quack Sabbath|8/100 brn|[from] item: Leftovers
|-damage|p2a: Quack Sabbath|1/100 brn|[from] brn
|upkeep
|
|t:|1760454650
|switch|p1a: Overseer|Pecharunt, tera:Grass|68/100
|turn|39
|
|t:|1760454652
|move|p2a: Quack Sabbath|Close Combat|p1a: Overseer
|-damage|p1a: Overseer|11/100
|-unboost|p2a: Quack Sabbath|def|1
|-unboost|p2a: Quack Sabbath|spd|1
|move|p1a: Overseer|Foul Play|p2a: Quack Sabbath
|-damage|p2a: Quack Sabbath|0 fnt
|faint|p2a: Quack Sabbath
|
|upkeep
|
|t:|1760454655
|switch|p2a: Apacherunt|Pecharunt|76/100
|-item|p2a: Apacherunt|Air Balloon
|turn|40
|
|t:|1760454661
|move|p2a: Apacherunt|Shadow Ball|p1a: Overseer
|-damage|p1a: Overseer|0 fnt
|faint|p1a: Overseer
|
|upkeep
|
|t:|1760454664
|switch|p1a: Braveheart|Iron Crown|100/100
|turn|41
|
|t:|1760454676
|switch|p2a: Apacherunt|Pecharunt|74/100
|move|p1a: Braveheart|Tachyon Cutter|p2a: Apacherunt
|-damage|p2a: Apacherunt|34/100
|-damage|p2a: Apacherunt|0 fnt
|faint|p2a: Apacherunt
|-hitcount|p2: Apacherunt|2
|
|upkeep
|
|t:|1760454677
|switch|p2a: Irönhead|Kingambit, F|43/100
|turn|42
|
|t:|1760454680
|-end|p1a: Braveheart|Quark Drive|[silent]
|switch|p1a: Behemoth|Great Tusk, shiny|54/100
|switch|p2a: Irönhead|Kingambit, F|76/100
|-item|p2a: Irönhead|Air Balloon
|
|upkeep
|turn|43
|
|t:|1760454684
|move|p2a: Irönhead|Shadow Ball|p1a: Behemoth
|-damage|p1a: Behemoth|0 fnt
|faint|p1a: Behemoth
|-end|p1a: Behemoth|Protosynthesis|[silent]
|
|upkeep
|
|t:|1760454686
|switch|p1a: Braveheart|Iron Crown|100/100
|turn|44
|c|☆Diegogris|gg
|c|☆Swagataka|gg
|-message|Diegogris forfeited.
|
|win|Swagataka
|raw|Diegogris's rating: 1545 &rarr; <strong>1527</strong><br />(-18 for losing)
|raw|Swagataka's rating: 1584 &rarr; <strong>1602</strong><br />(+18 for winning)
|l|☆Diegogris
|player|p1|
|l|☆Swagataka
|player|p2|
