|j|☆Real Glim Shady
|j|☆siroperation
|t:|1760367900
|gametype|singles
|player|p1|Real Glim Shady|dragontamer|1435
|player|p2|siroperation|266|1471
|gen|9
|tier|[Gen 9] OU
|rated|
|rule|HP Percentage Mod: HP is shown in percentages
|rule|Endless Battle Clause: Forcing endless battles is banned
|rule|Species Clause: Limit one of each Pokémon
|rule|OHKO Clause: OHKO moves are banned
|rule|Evasion Items Clause: Evasion items are banned
|rule|Evasion Moves Clause: Evasion moves are banned
|rule|Evasion Abilities Clause: Evasion abilities are banned
|rule|Sleep Moves Clause: Sleep-inducing moves are banned
|clearpoke
|poke|p1|Ninetales, M|
|poke|p1|Walking Wake|
|poke|p1|Great Tusk|
|poke|p1|Hatterene, F|
|poke|p1|Blaziken, M|
|poke|p1|Dragapult, F|
|poke|p2|Conkeldurr, M|
|poke|p2|Alomomola, M|
|poke|p2|Ting-Lu|
|poke|p2|Cyclizar, M|
|poke|p2|Bronzong|
|poke|p2|Tornadus-Therian, M|
|teampreview
|inactive|Battle timer is ON: inactive players will automatically lose when time's up. (requested by Real Glim Shady)
|
|t:|1760367916
|teamsize|p1|6
|teamsize|p2|6
|start
|switch|p1a: Nine Inch Tails|Ninetales, M, shiny|100/100
|switch|p2a: Alomomola|Alomomola, M|100/100
|-weather|SunnyDay|[from] ability: Drought|[of] p1a: Nine Inch Tails
|turn|1
|
|t:|1760367922
|move|p1a: Nine Inch Tails|Will-O-Wisp|p2a: Alomomola
|-status|p2a: Alomomola|brn
|move|p2a: Alomomola|Flip Turn|p1a: Nine Inch Tails
|-supereffective|p1a: Nine Inch Tails
|-damage|p1a: Nine Inch Tails|89/100
|
|t:|1760367925
|switch|p2a: Conkeldurr|Conkeldurr, M, shiny|100/100|[from] Flip Turn
|
|-weather|SunnyDay|[upkeep]
|-status|p2a: Conkeldurr|brn|[from] item: Flame Orb
|upkeep
|turn|2
|
|t:|1760367936
|switch|p1a: Tuskathan|Great Tusk|100/100
|-activate|p1a: Tuskathan|ability: Protosynthesis
|-start|p1a: Tuskathan|protosynthesisatk
|move|p2a: Conkeldurr|Knock Off|p1a: Tuskathan
|-resisted|p1a: Tuskathan
|-damage|p1a: Tuskathan|80/100
|-enditem|p1a: Tuskathan|Leftovers|[from] move: Knock Off|[of] p2a: Conkeldurr
|
|-weather|SunnyDay|[upkeep]
|-damage|p2a: Conkeldurr|94/100 brn|[from] brn
|upkeep
|turn|3
|
|t:|1760367947
|move|p1a: Tuskathan|Headlong Rush|p2a: Conkeldurr
|-damage|p2a: Conkeldurr|24/100 brn
|-unboost|p1a: Tuskathan|def|1
|-unboost|p1a: Tuskathan|spd|1
|move|p2a: Conkeldurr|Drain Punch|p1a: Tuskathan
|-damage|p1a: Tuskathan|16/100
|-heal|p2a: Conkeldurr|57/100 brn|[from] drain|[of] p1a: Tuskathan
|
|-weather|SunnyDay|[upkeep]
|-damage|p2a: Conkeldurr|51/100 brn|[from] brn
|upkeep
|turn|4
|
|t:|1760367960
|-end|p1a: Tuskathan|Protosynthesis|[silent]
|switch|p1a: Dragapult|Dragapult, F|100/100
|move|p2a: Conkeldurr|Mach Punch|p1a: Dragapult
|-immune|p1a: Dragapult
|
|-weather|SunnyDay|[upkeep]
|-damage|p2a: Conkeldurr|45/100 brn|[from] brn
|upkeep
|turn|5
|
|t:|1760367966
|switch|p2a: Alomomola|Alomomola, M|100/100 brn
|move|p1a: Dragapult|U-turn|p2a: Alomomola
|-damage|p2a: Alomomola|88/100 brn
|
|t:|1760367979
|switch|p1a: Blaziken|Blaziken, M|100/100|[from] U-turn
|
|-weather|SunnyDay|[upkeep]
|-damage|p2a: Alomomola|82/100 brn|[from] brn
|upkeep
|turn|6
|
|t:|1760367987
|move|p1a: Blaziken|Swords Dance|p1a: Blaziken
|-boost|p1a: Blaziken|atk|2
|move|p2a: Alomomola|Flip Turn|p1a: Blaziken
|-supereffective|p1a: Blaziken
|-damage|p1a: Blaziken|88/100
|
|t:|1760367993
|switch|p2a: Ting-Lu|Ting-Lu|100/100|[from] Flip Turn
|-ability|p2a: Ting-Lu|Vessel of Ruin
|
|-weather|SunnyDay|[upkeep]
|-heal|p1a: Blaziken|94/100|[from] item: Leftovers
|-ability|p1a: Blaziken|Speed Boost|boost
|-boost|p1a: Blaziken|spe|1
|upkeep
|turn|7
|
|t:|1760368000
|-terastallize|p1a: Blaziken|Fire
|-terastallize|p2a: Ting-Lu|Water
|move|p1a: Blaziken|Flare Blitz|p2a: Ting-Lu
|-resisted|p2a: Ting-Lu
|-crit|p2a: Ting-Lu
|-damage|p2a: Ting-Lu|2/100
|-damage|p1a: Blaziken|38/100|[from] Recoil
|move|p2a: Ting-Lu|Whirlwind|p1a: Blaziken
|drag|p1a: Dragapult|Dragapult, F|100/100
|
|-weather|SunnyDay|[upkeep]
|-heal|p2a: Ting-Lu|8/100|[from] item: Leftovers
|upkeep
|turn|8
|
|t:|1760368013
|switch|p2a: Alomomola|Alomomola, M|100/100 brn
|move|p1a: Dragapult|Dragon Darts|p2a: Alomomola
|-damage|p2a: Alomomola|88/100 brn
|-anim|p1a: Dragapult|Dragon Darts|p2a: Alomomola
|-damage|p2a: Alomomola|74/100 brn
|
|-weather|none
|-damage|p2a: Alomomola|68/100 brn|[from] brn
|upkeep
|turn|9
|c|☆siroperation|lol
|
|t:|1760368020
|move|p1a: Dragapult|Hex|p2a: Alomomola
|-damage|p2a: Alomomola|17/100 brn
|move|p2a: Alomomola|Wish|p2a: Alomomola
|
|-damage|p2a: Alomomola|11/100 brn|[from] brn
|upkeep
|turn|10
|
|t:|1760368031
|switch|p2a: Tornadus|Tornadus-Therian, M|100/100
|move|p1a: Dragapult|Hex|p2a: Tornadus
|-damage|p2a: Tornadus|77/100
|
|-heal|p2a: Tornadus|100/100|[from] move: Wish|[wisher] Alomomola
|upkeep
|turn|11
|
|t:|1760368036
|move|p1a: Dragapult|Will-O-Wisp|p2a: Tornadus|[miss]
|-miss|p1a: Dragapult|p2a: Tornadus
|move|p2a: Tornadus|Knock Off|p1a: Dragapult
|-supereffective|p1a: Dragapult
|-damage|p1a: Dragapult|42/100
|-enditem|p1a: Dragapult|Heavy-Duty Boots|[from] move: Knock Off|[of] p2a: Tornadus
|
|upkeep
|turn|12
|
|t:|1760368041
|switch|p2a: Alomomola|Alomomola, M|44/100 brn
|move|p1a: Dragapult|Will-O-Wisp|p2a: Alomomola
|-fail|p2a: Alomomola|brn
|
|-damage|p2a: Alomomola|38/100 brn|[from] brn
|upkeep
|turn|13
|
|t:|1760368046
|switch|p2a: Tornadus|Tornadus-Therian, M|100/100
|move|p1a: Dragapult|U-turn|p2a: Tornadus
|-resisted|p2a: Tornadus
|-damage|p2a: Tornadus|88/100
|
|t:|1760368063
|switch|p1a: Blaziken|Blaziken, M, tera:Fire|38/100|[from] U-turn
|
|-heal|p1a: Blaziken|44/100|[from] item: Leftovers
|upkeep
|turn|14
|
|t:|1760368081
|move|p1a: Blaziken|Protect|p1a: Blaziken
|-singleturn|p1a: Blaziken|Protect
|move|p2a: Tornadus|Bleakwind Storm|p1a: Blaziken
|-activate|p1a: Blaziken|move: Protect
|
|-heal|p1a: Blaziken|50/100|[from] item: Leftovers
|-ability|p1a: Blaziken|Speed Boost|boost
|-boost|p1a: Blaziken|spe|1
|upkeep
|turn|15
|
|t:|1760368087
|switch|p2a: Alomomola|Alomomola, M|71/100 brn
|move|p1a: Blaziken|Flare Blitz|p2a: Alomomola
|-resisted|p2a: Alomomola
|-damage|p2a: Alomomola|46/100 brn
|-damage|p1a: Blaziken|37/100|[from] Recoil
|
|-heal|p1a: Blaziken|43/100|[from] item: Leftovers
|-damage|p2a: Alomomola|40/100 brn|[from] brn
|-ability|p1a: Blaziken|Speed Boost|boost
|-boost|p1a: Blaziken|spe|1
|upkeep
|turn|16
|
|t:|1760368097
|switch|p1a: Nine Inch Tails|Ninetales, M, shiny|89/100
|-weather|SunnyDay|[from] ability: Drought|[of] p1a: Nine Inch Tails
|switch|p2a: Ting-Lu|Ting-Lu, tera:Water|8/100
|-ability|p2a: Ting-Lu|Vessel of Ruin
|
|-weather|SunnyDay|[upkeep]
|-heal|p2a: Ting-Lu|14/100|[from] item: Leftovers
|upkeep
|turn|17
|
|t:|1760368102
|switch|p2a: Alomomola|Alomomola, M|73/100 brn
|move|p1a: Nine Inch Tails|Weather Ball|p2a: Alomomola
|-resisted|p2a: Alomomola
|-damage|p2a: Alomomola|47/100 brn
|
|-weather|SunnyDay|[upkeep]
|-damage|p2a: Alomomola|41/100 brn|[from] brn
|upkeep
|turn|18
|
|t:|1760368107
|move|p1a: Nine Inch Tails|Weather Ball|p2a: Alomomola
|-resisted|p2a: Alomomola
|-damage|p2a: Alomomola|15/100 brn
|move|p2a: Alomomola|Wish|p2a: Alomomola
|
|-weather|SunnyDay|[upkeep]
|-damage|p2a: Alomomola|9/100 brn|[from] brn
|upkeep
|turn|19
|
|t:|1760368116
|switch|p2a: Tornadus|Tornadus-Therian, M|100/100
|move|p1a: Nine Inch Tails|Weather Ball|p2a: Tornadus
|-damage|p2a: Tornadus|57/100
|
|-weather|SunnyDay|[upkeep]
|-heal|p2a: Tornadus|100/100|[from] move: Wish|[wisher] Alomomola
|upkeep
|turn|20
|
|t:|1760368128
|switch|p1a: Hatterene|Hatterene, F|100/100
|move|p2a: Tornadus|Knock Off|p1a: Hatterene
|-damage|p1a: Hatterene|84/100
|-enditem|p1a: Hatterene|Eject Button|[from] move: Knock Off|[of] p2a: Tornadus
|
|-weather|SunnyDay|[upkeep]
|upkeep
|turn|21
|
|t:|1760368146
|switch|p2a: Bronzong|Bronzong|100/100
|move|p1a: Hatterene|Psychic Noise|p2a: Bronzong
|-resisted|p2a: Bronzong
|-damage|p2a: Bronzong|95/100
|-start|p2a: Bronzong|move: Heal Block
|
|-weather|SunnyDay|[upkeep]
|upkeep
|turn|22
|
|t:|1760368155
|switch|p1a: Blaziken|Blaziken, M, tera:Fire|43/100
|move|p2a: Bronzong|Heavy Slam|p1a: Blaziken
|-resisted|p1a: Blaziken
|-damage|p1a: Blaziken|24/100
|
|-weather|SunnyDay|[upkeep]
|-heal|p1a: Blaziken|30/100|[from] item: Leftovers
|-end|p2a: Bronzong|move: Heal Block
|upkeep
|turn|23
|
|t:|1760368170
|move|p1a: Blaziken|Flare Blitz|p2a: Bronzong
|-supereffective|p2a: Bronzong
|-damage|p2a: Bronzong|0 fnt
|faint|p2a: Bronzong
|-damage|p1a: Blaziken|0 fnt|[from] Recoil
|faint|p1a: Blaziken
|
|-weather|none
|upkeep
|
|t:|1760368176
|switch|p1a: Nine Inch Tails|Ninetales, M, shiny|89/100
|switch|p2a: Alomomola|Alomomola, M|42/100 brn
|-weather|SunnyDay|[from] ability: Drought|[of] p1a: Nine Inch Tails
|turn|24
|
|t:|1760368185
|move|p1a: Nine Inch Tails|Weather Ball|p2a: Alomomola
|-resisted|p2a: Alomomola
|-damage|p2a: Alomomola|18/100 brn
|move|p2a: Alomomola|Wish|p2a: Alomomola
|
|-weather|SunnyDay|[upkeep]
|-damage|p2a: Alomomola|12/100 brn|[from] brn
|upkeep
|turn|25
|inactive|Real Glim Shady has 120 seconds left.
|
|t:|1760368217
|switch|p2a: Tornadus|Tornadus-Therian, M|100/100
|move|p1a: Nine Inch Tails|Will-O-Wisp|p2a: Tornadus
|-status|p2a: Tornadus|brn
|
|-weather|SunnyDay|[upkeep]
|-damage|p2a: Tornadus|94/100 brn|[from] brn
|upkeep
|turn|26
|
|t:|1760368222
|switch|p1a: Dragapult|Dragapult, F|42/100
|move|p2a: Tornadus|Knock Off|p1a: Dragapult
|-supereffective|p1a: Dragapult
|-damage|p1a: Dragapult|21/100
|
|-weather|SunnyDay|[upkeep]
|-damage|p2a: Tornadus|88/100 brn|[from] brn
|upkeep
|turn|27
|
|t:|1760368234
|move|p1a: Dragapult|Hex|p2a: Tornadus
|-damage|p2a: Tornadus|41/100 brn
|move|p2a: Tornadus|Bleakwind Storm|p1a: Dragapult
|-damage|p1a: Dragapult|0 fnt
|faint|p1a: Dragapult
|
|-weather|SunnyDay|[upkeep]
|-damage|p2a: Tornadus|35/100 brn|[from] brn
|upkeep
|
|t:|1760368243
|switch|p1a: Nine Inch Tails|Ninetales, M, shiny|89/100
|turn|28
|
|t:|1760368252
|switch|p2a: Cyclizar|Cyclizar, M, shiny|100/100
|move|p1a: Nine Inch Tails|Weather Ball|p2a: Cyclizar
|-resisted|p2a: Cyclizar
|-damage|p2a: Cyclizar|63/100
|
|-weather|SunnyDay|[upkeep]
|upkeep
|turn|29
|
|t:|1760368262
|move|p2a: Cyclizar|Knock Off|p1a: Nine Inch Tails
|-damage|p1a: Nine Inch Tails|57/100
|-enditem|p1a: Nine Inch Tails|Heat Rock|[from] move: Knock Off|[of] p2a: Cyclizar
|move|p1a: Nine Inch Tails|Weather Ball|p2a: Cyclizar
|-resisted|p2a: Cyclizar
|-damage|p2a: Cyclizar|21/100
|
|-weather|SunnyDay|[upkeep]
|upkeep
|turn|30
|
|t:|1760368270
|switch|p2a: Alomomola|Alomomola, M|45/100 brn
|move|p1a: Nine Inch Tails|Weather Ball|p2a: Alomomola
|-resisted|p2a: Alomomola
|-damage|p2a: Alomomola|19/100 brn
|
|-weather|SunnyDay|[upkeep]
|-damage|p2a: Alomomola|13/100 brn|[from] brn
|upkeep
|turn|31
|
|t:|1760368282
|switch|p2a: Cyclizar|Cyclizar, M, shiny|54/100
|move|p1a: Nine Inch Tails|Weather Ball|p2a: Cyclizar
|-resisted|p2a: Cyclizar
|-damage|p2a: Cyclizar|17/100
|
|-weather|none
|upkeep
|turn|32
|
|t:|1760368290
|switch|p2a: Alomomola|Alomomola, M|46/100 brn
|switch|p1a: Hatterene|Hatterene, F|84/100
|
|-damage|p2a: Alomomola|40/100 brn|[from] brn
|upkeep
|turn|33
|
|t:|1760368306
|switch|p2a: Tornadus|Tornadus-Therian, M|68/100 brn
|switch|p1a: Nine Inch Tails|Ninetales, M, shiny|57/100
|-weather|SunnyDay|[from] ability: Drought|[of] p1a: Nine Inch Tails
|
|-weather|SunnyDay|[upkeep]
|-damage|p2a: Tornadus|62/100 brn|[from] brn
|upkeep
|turn|34
|
|t:|1760368313
|move|p2a: Tornadus|Bleakwind Storm|p1a: Nine Inch Tails
|-damage|p1a: Nine Inch Tails|4/100
|move|p1a: Nine Inch Tails|Weather Ball|p2a: Tornadus
|-damage|p2a: Tornadus|12/100 brn
|
|-weather|SunnyDay|[upkeep]
|-damage|p2a: Tornadus|6/100 brn|[from] brn
|upkeep
|turn|35
|
|t:|1760368322
|switch|p1a: WalkingOnSunshine|Walking Wake|100/100
|-activate|p1a: WalkingOnSunshine|ability: Protosynthesis
|-start|p1a: WalkingOnSunshine|protosynthesisspa
|move|p2a: Tornadus|U-turn|p1a: WalkingOnSunshine
|-damage|p1a: WalkingOnSunshine|93/100
|inactive|siroperation has 120 seconds left.
|
|t:|1760368360
|switch|p2a: Cyclizar|Cyclizar, M, shiny|50/100|[from] U-turn
|
|-weather|SunnyDay|[upkeep]
|upkeep
|turn|36
|inactive|siroperation has 120 seconds left.
|inactive|siroperation has 90 seconds left.
|
|t:|1760368411
|move|p2a: Cyclizar|Knock Off|p1a: WalkingOnSunshine
|-damage|p1a: WalkingOnSunshine|68/100
|-enditem|p1a: WalkingOnSunshine|Choice Specs|[from] move: Knock Off|[of] p2a: Cyclizar
|move|p1a: WalkingOnSunshine|Hydro Steam|p2a: Cyclizar
|-resisted|p2a: Cyclizar
|-damage|p2a: Cyclizar|0 fnt
|faint|p2a: Cyclizar
|
|-weather|SunnyDay|[upkeep]
|upkeep
|
|t:|1760368416
|switch|p2a: Conkeldurr|Conkeldurr, M, shiny|45/100 brn
|turn|37
|
|t:|1760368419
|move|p2a: Conkeldurr|Mach Punch|p1a: WalkingOnSunshine
|-damage|p1a: WalkingOnSunshine|29/100
|move|p1a: WalkingOnSunshine|Hydro Steam|p2a: Conkeldurr
|-damage|p2a: Conkeldurr|0 fnt
|faint|p2a: Conkeldurr
|
|-weather|none
|-end|p1a: WalkingOnSunshine|Protosynthesis
|upkeep
|
|t:|1760368428
|switch|p2a: Tornadus|Tornadus-Therian, M|39/100 brn
|turn|38
|inactive|siroperation has 90 seconds left.
|
|t:|1760368435
|-end|p1a: WalkingOnSunshine|Protosynthesis|[silent]
|switch|p1a: Tuskathan|Great Tusk|16/100
|move|p2a: Tornadus|Bleakwind Storm|p1a: Tuskathan
|-supereffective|p1a: Tuskathan
|-crit|p1a: Tuskathan
|-damage|p1a: Tuskathan|0 fnt
|faint|p1a: Tuskathan
|-end|p1a: Tuskathan|Protosynthesis|[silent]
|
|-damage|p2a: Tornadus|33/100 brn|[from] brn
|upkeep
|
|t:|1760368443
|switch|p1a: Hatterene|Hatterene, F|84/100
|turn|39
|
|t:|1760368450
|move|p2a: Tornadus|U-turn|p1a: Hatterene
|-crit|p1a: Hatterene
|-damage|p1a: Hatterene|74/100
|
|t:|1760368455
|switch|p2a: Alomomola|Alomomola, M|73/100 brn|[from] U-turn
|move|p1a: Hatterene|Psychic Noise|p2a: Alomomola
|-damage|p2a: Alomomola|43/100 brn
|-start|p2a: Alomomola|move: Heal Block
|
|-damage|p2a: Alomomola|37/100 brn|[from] brn
|upkeep
|turn|40
|
|t:|1760368462
|switch|p2a: Tornadus|Tornadus-Therian, M|66/100 brn
|move|p1a: Hatterene|Draining Kiss|p2a: Tornadus
|-damage|p2a: Tornadus|47/100 brn
|-heal|p1a: Hatterene|88/100|[from] drain|[of] p2a: Tornadus
|
|-damage|p2a: Tornadus|41/100 brn|[from] brn
|upkeep
|turn|41
|
|t:|1760368469
|switch|p2a: Alomomola|Alomomola, M|70/100 brn
|move|p1a: Hatterene|Psychic Noise|p2a: Alomomola
|-damage|p2a: Alomomola|37/100 brn
|-start|p2a: Alomomola|move: Heal Block
|
|-damage|p2a: Alomomola|31/100 brn|[from] brn
|upkeep
|turn|42
|inactive|siroperation has 120 seconds left.
|
|t:|1760368478
|switch|p2a: Tornadus|Tornadus-Therian, M|74/100 brn
|move|p1a: Hatterene|Draining Kiss|p2a: Tornadus
|-damage|p2a: Tornadus|57/100 brn
|-heal|p1a: Hatterene|99/100|[from] drain|[of] p2a: Tornadus
|
|-damage|p2a: Tornadus|51/100 brn|[from] brn
|upkeep
|turn|43
|inactive|siroperation has 120 seconds left.
|
|t:|1760368489
|switch|p2a: Alomomola|Alomomola, M|64/100 brn
|move|p1a: Hatterene|Psychic Noise|p2a: Alomomola
|-damage|p2a: Alomomola|34/100 brn
|-start|p2a: Alomomola|move: Heal Block
|
|-damage|p2a: Alomomola|28/100 brn|[from] brn
|upkeep
|turn|44
|inactive|siroperation has 120 seconds left.
|
|t:|1760368500
|move|p1a: Hatterene|Psychic Noise|p2a: Alomomola
|-damage|p2a: Alomomola|0 fnt
|faint|p2a: Alomomola
|
|upkeep
|inactive|siroperation has 120 seconds left.
|
|t:|1760368510
|switch|p2a: Ting-Lu|Ting-Lu, tera:Water|14/100
|-ability|p2a: Ting-Lu|Vessel of Ruin
|turn|45
|
|t:|1760368512
|move|p2a: Ting-Lu|Earthquake|p1a: Hatterene
|-damage|p1a: Hatterene|68/100
|move|p1a: Hatterene|Psychic Noise|p2a: Ting-Lu
|-damage|p2a: Ting-Lu|0 fnt
|faint|p2a: Ting-Lu
|
|upkeep
|
|t:|1760368517
|switch|p2a: Tornadus|Tornadus-Therian, M|84/100 brn
|turn|46
|
|t:|1760368520
|move|p2a: Tornadus|Bleakwind Storm|p1a: Hatterene
|-damage|p1a: Hatterene|22/100
|move|p1a: Hatterene|Draining Kiss|p2a: Tornadus
|-damage|p2a: Tornadus|66/100 brn
|-heal|p1a: Hatterene|34/100|[from] drain|[of] p2a: Tornadus
|
|-damage|p2a: Tornadus|60/100 brn|[from] brn
|upkeep
|turn|47
|
|t:|1760368539
|move|p2a: Tornadus|Bleakwind Storm|p1a: Hatterene
|-damage|p1a: Hatterene|0 fnt
|faint|p1a: Hatterene
|
|-damage|p2a: Tornadus|54/100 brn|[from] brn
|upkeep
|
|t:|1760368543
|switch|p1a: Nine Inch Tails|Ninetales, M, shiny|4/100
|-weather|SunnyDay|[from] ability: Drought|[of] p1a: Nine Inch Tails
|turn|48
|
|t:|1760368549
|move|p2a: Tornadus|Knock Off|p1a: Nine Inch Tails
|-damage|p1a: Nine Inch Tails|0 fnt
|faint|p1a: Nine Inch Tails
|
|-weather|SunnyDay|[upkeep]
|-damage|p2a: Tornadus|48/100 brn|[from] brn
|upkeep
|
|t:|1760368550
|switch|p1a: WalkingOnSunshine|Walking Wake|29/100
|-activate|p1a: WalkingOnSunshine|ability: Protosynthesis
|-start|p1a: WalkingOnSunshine|protosynthesisspa
|turn|49
|
|t:|1760368553
|move|p2a: Tornadus|Bleakwind Storm|p1a: WalkingOnSunshine
|-damage|p1a: WalkingOnSunshine|0 fnt
|faint|p1a: WalkingOnSunshine
|-end|p1a: WalkingOnSunshine|Protosynthesis|[silent]
|
|win|siroperation
|raw|Real Glim Shady's rating: 1435 &rarr; <strong>1417</strong><br />(-18 for losing)
|raw|siroperation's rating: 1471 &rarr; <strong>1489</strong><br />(+18 for winning)
|l|☆Real Glim Shady
|player|p1|
|l|☆siroperation
|player|p2|
