|badge|p1|bronze|gen9randombattle|100-7
|uhtml|medal-msg|<div class="broadcast-blue">Curious what those medals under the avatar are? PS now has Ladder Seasons! For more information, check out the <a href="https://www.smogon.com/forums/threads/3740067/">thread on Smogon.</a></div>
|j|☆SpongeGar & Patar
|j|☆naxduck
|t:|1760365796
|gametype|singles
|player|p1|SpongeGar & Patar|266|1825
|player|p2|naxduck|1|1759
|gen|9
|tier|[Gen 9] OU
|rated|
|rule|HP Percentage Mod: HP is shown in percentages
|rule|Endless Battle Clause: Forcing endless battles is banned
|rule|Species Clause: Limit one of each Pokémon
|rule|OHKO Clause: OHKO moves are banned
|rule|Evasion Items Clause: Evasion items are banned
|rule|Evasion Moves Clause: Evasion moves are banned
|rule|Evasion Abilities Clause: Evasion abilities are banned
|rule|Sleep Moves Clause: Sleep-inducing moves are banned
|clearpoke
|poke|p1|Kyurem|
|poke|p1|Corviknight, M|
|poke|p1|Ting-Lu|
|poke|p1|Dondozo, M|
|poke|p1|Slowking-Galar, L99, F|
|poke|p1|Cinderace, M|
|poke|p2|Raging Bolt|
|poke|p2|Slowking-Galar, F|
|poke|p2|Corviknight, F|
|poke|p2|Ogerpon, F|
|poke|p2|Ting-Lu|
|poke|p2|Volcanion|
|teampreview
|inactive|Battle timer is ON: inactive players will automatically lose when time's up. (requested by naxduck)
|inactive|SpongeGar & Patar has 120 seconds left.
|
|t:|1760365846
|teamsize|p1|6
|teamsize|p2|6
|start
|switch|p1a: Kyurem|Kyurem|100/100
|switch|p2a: Ogerpon|Ogerpon, F|100/100
|-ability|p1a: Kyurem|Pressure
|turn|1
|inactive|SpongeGar & Patar also wants the timer to be on.
|inactive|SpongeGar & Patar has 120 seconds left.
|inactive|naxduck has 120 seconds left.
|
|t:|1760365894
|-terastallize|p2a: Ogerpon|Grass
|detailschange|p2a: Ogerpon|Ogerpon-Teal-Tera, F, tera:Grass
|-ability|p2a: Ogerpon|Embody Aspect (Teal)|boost
|-boost|p2a: Ogerpon|spe|1
|move|p2a: Ogerpon|Low Kick|p1a: Kyurem
|-supereffective|p1a: Kyurem
|-damage|p1a: Kyurem|0 fnt
|faint|p1a: Kyurem
|
|upkeep
|inactive|SpongeGar & Patar has 90 seconds left.
|
|t:|1760365943
|switch|p1a: Slowking|Slowking-Galar, L99, F|100/100
|turn|2
|j| Swagboss123456789
|inactive|SpongeGar & Patar has 60 seconds left.
|inactive|SpongeGar & Patar has 30 seconds left.
|
|t:|1760365992
|switch|p2a: Slowking|Slowking-Galar, F|100/100
|move|p1a: Slowking|Future Sight|p2a: Slowking
|-start|p1a: Slowking|move: Future Sight
|
|upkeep
|turn|3
|
|t:|1760366001
|move|p2a: Slowking|Sludge Bomb|p1a: Slowking
|-resisted|p1a: Slowking
|-damage|p1a: Slowking|91/100
|move|p1a: Slowking|Sludge Bomb|p2a: Slowking
|-resisted|p2a: Slowking
|-damage|p2a: Slowking|91/100
|
|upkeep
|turn|4
|
|t:|1760366014
|move|p2a: Slowking|Thunder Wave|p1a: Slowking
|-status|p1a: Slowking|par
|cant|p1a: Slowking|par
|
|-end|p2a: Slowking|move: Future Sight
|-damage|p2a: Slowking|63/100
|upkeep
|turn|5
|
|t:|1760366023
|move|p2a: Slowking|Future Sight|p1a: Slowking
|-start|p2a: Slowking|move: Future Sight
|move|p1a: Slowking|Toxic|p2a: Slowking
|-immune|p2a: Slowking
|
|upkeep
|turn|6
|
|t:|1760366033
|move|p2a: Slowking|Sludge Bomb|p1a: Slowking
|-resisted|p1a: Slowking
|-damage|p1a: Slowking|80/100 par
|move|p1a: Slowking|Toxic|p2a: Slowking
|-immune|p2a: Slowking
|
|upkeep
|turn|7
|
|t:|1760366043
|move|p2a: Slowking|Sludge Bomb|p1a: Slowking
|-resisted|p1a: Slowking
|-damage|p1a: Slowking|70/100 par
|move|p1a: Slowking|Toxic|p2a: Slowking
|-immune|p2a: Slowking
|
|-end|p1a: Slowking|move: Future Sight
|-damage|p1a: Slowking|45/100 par
|upkeep
|turn|8
|
|t:|1760366053
|move|p2a: Slowking|Future Sight|p1a: Slowking
|-start|p2a: Slowking|move: Future Sight
|move|p1a: Slowking|Toxic|p2a: Slowking
|-immune|p2a: Slowking
|
|upkeep
|turn|9
|
|t:|1760366062
|move|p2a: Slowking|Sludge Bomb|p1a: Slowking
|-resisted|p1a: Slowking
|-damage|p1a: Slowking|35/100 par
|move|p1a: Slowking|Toxic|p2a: Slowking
|-immune|p2a: Slowking
|
|upkeep
|turn|10
|
|t:|1760366073
|switch|p1a: Ting-Lu|Ting-Lu|100/100
|-ability|p1a: Ting-Lu|Vessel of Ruin
|move|p2a: Slowking|Sludge Bomb|p1a: Ting-Lu
|-resisted|p1a: Ting-Lu
|-damage|p1a: Ting-Lu|93/100
|
|-end|p1a: Ting-Lu|move: Future Sight
|-immune|p1a: Ting-Lu
|-heal|p1a: Ting-Lu|99/100|[from] item: Leftovers
|upkeep
|turn|11
|
|t:|1760366083
|switch|p1a: Slowking|Slowking-Galar, L99, F|68/100 par
|switch|p2a: Corviknight|Corviknight, F|100/100
|-ability|p2a: Corviknight|Pressure
|
|upkeep
|turn|12
|
|t:|1760366092
|move|p2a: Corviknight|U-turn|p1a: Slowking
|-damage|p1a: Slowking|53/100 par
|
|t:|1760366094
|switch|p2a: Slowking|Slowking-Galar, F|96/100|[from] U-turn
|cant|p1a: Slowking|par
|
|upkeep
|turn|13
|
|t:|1760366104
|move|p2a: Slowking|Future Sight|p1a: Slowking
|-start|p2a: Slowking|move: Future Sight
|move|p1a: Slowking|Future Sight|p2a: Slowking
|-start|p1a: Slowking|move: Future Sight
|
|upkeep
|turn|14
|
|t:|1760366116
|-prepare|p2a: Slowking|Chilly Reception|[premajor]
|move|p2a: Slowking|Chilly Reception|p2a: Slowking
|-weather|Snowscape
|
|t:|1760366119
|switch|p2a: Corviknight|Corviknight, F|100/100|[from] Chilly Reception
|-ability|p2a: Corviknight|Pressure
|move|p1a: Slowking|Toxic|p2a: Corviknight
|-immune|p2a: Corviknight
|
|-weather|Snowscape|[upkeep]
|upkeep
|turn|15
|
|t:|1760366128
|switch|p1a: Ting-Lu|Ting-Lu|99/100
|-ability|p1a: Ting-Lu|Vessel of Ruin
|move|p2a: Corviknight|U-turn|p1a: Ting-Lu
|-supereffective|p1a: Ting-Lu
|-damage|p1a: Ting-Lu|83/100
|l| Swagboss123456789
|
|t:|1760366145
|switch|p2a: Volcanion|Volcanion|100/100|[from] U-turn
|
|-weather|Snowscape|[upkeep]
|-end|p2a: Volcanion|move: Future Sight
|-crit|p2a: Volcanion
|-damage|p2a: Volcanion|51/100
|-end|p1a: Ting-Lu|move: Future Sight
|-immune|p1a: Ting-Lu
|-heal|p1a: Ting-Lu|89/100|[from] item: Leftovers
|upkeep
|turn|16
|inactive|SpongeGar & Patar has 90 seconds left.
|
|t:|1760366154
|switch|p2a: Ogerpon|Ogerpon-Teal-Tera, F, tera:Grass|100/100
|-ability|p2a: Ogerpon|Embody Aspect (Teal)|boost
|-boost|p2a: Ogerpon|spe|1
|move|p1a: Ting-Lu|Earthquake|p2a: Ogerpon
|-resisted|p2a: Ogerpon
|-damage|p2a: Ogerpon|75/100
|
|-weather|Snowscape|[upkeep]
|-heal|p1a: Ting-Lu|95/100|[from] item: Leftovers
|upkeep
|turn|17
|inactive|SpongeGar & Patar has 90 seconds left.
|inactive|SpongeGar & Patar has 60 seconds left.
|
|t:|1760366206
|switch|p1a: Corviknight|Corviknight, M|100/100
|-ability|p1a: Corviknight|Pressure
|move|p2a: Ogerpon|U-turn|p1a: Corviknight
|-resisted|p1a: Corviknight
|-damage|p1a: Corviknight|95/100
|-damage|p2a: Ogerpon|58/100|[from] item: Rocky Helmet|[of] p1a: Corviknight
|
|t:|1760366208
|switch|p2a: Raging Bolt|Raging Bolt|100/100|[from] U-turn
|
|-weather|Snowscape|[upkeep]
|upkeep
|turn|18
|inactive|SpongeGar & Patar has 60 seconds left.
|inactive|SpongeGar & Patar has 30 seconds left.
|
|t:|1760366257
|-end|p2a: Raging Bolt|Protosynthesis|[silent]
|switch|p2a: Corviknight|Corviknight, F|100/100
|-ability|p2a: Corviknight|Pressure
|switch|p1a: Ting-Lu|Ting-Lu|95/100
|-ability|p1a: Ting-Lu|Vessel of Ruin
|
|-weather|none
|-heal|p1a: Ting-Lu|100/100|[from] item: Leftovers
|upkeep
|turn|19
|inactive|SpongeGar & Patar has 30 seconds left.
|
|t:|1760366266
|move|p2a: Corviknight|Body Press|p1a: Ting-Lu
|-supereffective|p1a: Ting-Lu
|-damage|p1a: Ting-Lu|69/100
|move|p1a: Ting-Lu|Earthquake|p2a: Corviknight
|-immune|p2a: Corviknight
|
|-heal|p1a: Ting-Lu|75/100|[from] item: Leftovers
|upkeep
|turn|20
|inactive|SpongeGar & Patar has 30 seconds left.
|
|t:|1760366278
|move|p2a: Corviknight|Body Press|p1a: Ting-Lu
|-supereffective|p1a: Ting-Lu
|-damage|p1a: Ting-Lu|49/100
|move|p1a: Ting-Lu|Earthquake|p2a: Corviknight
|-immune|p2a: Corviknight
|
|-heal|p1a: Ting-Lu|55/100|[from] item: Leftovers
|upkeep
|turn|21
|inactive|SpongeGar & Patar has 30 seconds left.
|
|t:|1760366288
|move|p2a: Corviknight|Body Press|p1a: Ting-Lu
|-supereffective|p1a: Ting-Lu
|-damage|p1a: Ting-Lu|28/100
|move|p1a: Ting-Lu|Earthquake|p2a: Corviknight
|-immune|p2a: Corviknight
|
|-heal|p1a: Ting-Lu|34/100|[from] item: Leftovers
|upkeep
|turn|22
|inactive|SpongeGar & Patar has 30 seconds left.
|
|t:|1760366298
|move|p2a: Corviknight|U-turn|p1a: Ting-Lu
|-supereffective|p1a: Ting-Lu
|-damage|p1a: Ting-Lu|16/100
|
|t:|1760366301
|switch|p2a: Ogerpon|Ogerpon-Teal-Tera, F, tera:Grass|58/100|[from] U-turn
|-ability|p2a: Ogerpon|Embody Aspect (Teal)|boost
|-boost|p2a: Ogerpon|spe|1
|move|p1a: Ting-Lu|Rest|p1a: Ting-Lu
|-status|p1a: Ting-Lu|slp|[from] move: Rest
|-heal|p1a: Ting-Lu|100/100 slp|[silent]
|
|upkeep
|turn|23
|
|t:|1760366310
|switch|p1a: Corviknight|Corviknight, M|95/100
|-ability|p1a: Corviknight|Pressure
|move|p2a: Ogerpon|Knock Off|p1a: Corviknight
|-damage|p1a: Corviknight|65/100
|-damage|p2a: Ogerpon|41/100|[from] item: Rocky Helmet|[of] p1a: Corviknight
|-enditem|p1a: Corviknight|Rocky Helmet|[from] move: Knock Off|[of] p2a: Ogerpon
|
|upkeep
|turn|24
|
|t:|1760366320
|switch|p2a: Corviknight|Corviknight, F|100/100
|-ability|p2a: Corviknight|Pressure
|move|p1a: Corviknight|U-turn|p2a: Corviknight
|-resisted|p2a: Corviknight
|-damage|p2a: Corviknight|98/100
|-damage|p1a: Corviknight|49/100|[from] item: Rocky Helmet|[of] p2a: Corviknight
|
|t:|1760366330
|switch|p1a: Slowking|Slowking-Galar, L99, F|86/100 par|[from] U-turn
|
|upkeep
|turn|25
|
|t:|1760366339
|move|p2a: Corviknight|U-turn|p1a: Slowking
|-damage|p1a: Slowking|72/100 par
|
|t:|1760366342
|switch|p2a: Slowking|Slowking-Galar, F|100/100|[from] U-turn
|move|p1a: Slowking|Toxic|p2a: Slowking
|-immune|p2a: Slowking
|
|upkeep
|turn|26
|inactive|SpongeGar & Patar has 60 seconds left.
|
|t:|1760366352
|move|p2a: Slowking|Future Sight|p1a: Slowking
|-start|p2a: Slowking|move: Future Sight
|move|p1a: Slowking|Future Sight|p2a: Slowking
|-start|p1a: Slowking|move: Future Sight
|
|upkeep
|turn|27
|
|t:|1760366361
|switch|p2a: Corviknight|Corviknight, F|98/100
|-ability|p2a: Corviknight|Pressure
|move|p1a: Slowking|Toxic|p2a: Corviknight
|-immune|p2a: Corviknight
|
|upkeep
|turn|28
|
|t:|1760366370
|switch|p1a: Ting-Lu|Ting-Lu|100/100 slp
|-ability|p1a: Ting-Lu|Vessel of Ruin
|move|p2a: Corviknight|Defog|p1a: Ting-Lu
|-unboost|p1a: Ting-Lu|evasion|1
|
|-end|p2a: Corviknight|move: Future Sight
|-resisted|p2a: Corviknight
|-damage|p2a: Corviknight|84/100
|-end|p1a: Ting-Lu|move: Future Sight
|-immune|p1a: Ting-Lu
|upkeep
|turn|29
|
|t:|1760366380
|move|p2a: Corviknight|Body Press|p1a: Ting-Lu
|-supereffective|p1a: Ting-Lu
|-damage|p1a: Ting-Lu|71/100 slp
|cant|p1a: Ting-Lu|slp
|move|p1a: Ting-Lu|Sleep Talk|p1a: Ting-Lu
|move|p1a: Ting-Lu|Earthquake|p2a: Corviknight|[from] move: Sleep Talk
|-immune|p2a: Corviknight
|
|-heal|p1a: Ting-Lu|77/100 slp|[from] item: Leftovers
|upkeep
|turn|30
|
|t:|1760366394
|move|p2a: Corviknight|U-turn|p1a: Ting-Lu
|-supereffective|p1a: Ting-Lu
|-damage|p1a: Ting-Lu|60/100 slp
|
|t:|1760366405
|switch|p2a: Ting-Lu|Ting-Lu|100/100|[from] U-turn
|-ability|p2a: Ting-Lu|Vessel of Ruin
|cant|p1a: Ting-Lu|slp
|move|p1a: Ting-Lu|Sleep Talk|p1a: Ting-Lu
|move|p1a: Ting-Lu|Rest||[from] move: Sleep Talk|[still]
|-fail|p1a: Ting-Lu
|
|-heal|p1a: Ting-Lu|67/100 slp|[from] item: Leftovers
|upkeep
|turn|31
|inactive|SpongeGar & Patar has 90 seconds left.
|
|t:|1760366415
|-curestatus|p1a: Ting-Lu|slp|[msg]
|move|p1a: Ting-Lu|Earthquake|p2a: Ting-Lu
|-damage|p2a: Ting-Lu|78/100
|move|p2a: Ting-Lu|Ruination|p1a: Ting-Lu
|-damage|p1a: Ting-Lu|34/100
|
|-heal|p1a: Ting-Lu|40/100|[from] item: Leftovers
|-heal|p2a: Ting-Lu|84/100|[from] item: Leftovers
|upkeep
|turn|32
|j| rerissohot
|inactive|SpongeGar & Patar has 90 seconds left.
|l| rerissohot
|inactive|SpongeGar & Patar has 60 seconds left.
|
|t:|1760366465
|switch|p2a: Corviknight|Corviknight, F|84/100
|-ability|p2a: Corviknight|Pressure
|move|p1a: Ting-Lu|Earthquake|p2a: Corviknight
|-immune|p2a: Corviknight
|
|-heal|p1a: Ting-Lu|46/100|[from] item: Leftovers
|upkeep
|turn|33
|
|t:|1760366475
|move|p2a: Corviknight|Body Press|p1a: Ting-Lu
|-supereffective|p1a: Ting-Lu
|-damage|p1a: Ting-Lu|16/100
|move|p1a: Ting-Lu|Rest|p1a: Ting-Lu
|-status|p1a: Ting-Lu|slp|[from] move: Rest
|-heal|p1a: Ting-Lu|100/100 slp|[silent]
|
|upkeep
|turn|34
|inactive|SpongeGar & Patar has 60 seconds left.
|
|t:|1760366485
|move|p2a: Corviknight|Body Press|p1a: Ting-Lu
|-supereffective|p1a: Ting-Lu
|-damage|p1a: Ting-Lu|71/100 slp
|cant|p1a: Ting-Lu|slp
|move|p1a: Ting-Lu|Sleep Talk|p1a: Ting-Lu
|move|p1a: Ting-Lu|Payback|p2a: Corviknight|[from] move: Sleep Talk
|-damage|p2a: Corviknight|62/100
|-damage|p1a: Ting-Lu|54/100 slp|[from] item: Rocky Helmet|[of] p2a: Corviknight
|
|-heal|p1a: Ting-Lu|61/100 slp|[from] item: Leftovers
|upkeep
|turn|35
|inactive|SpongeGar & Patar has 60 seconds left.
|
|t:|1760366495
|move|p2a: Corviknight|Roost|p2a: Corviknight
|-heal|p2a: Corviknight|100/100
|-singleturn|p2a: Corviknight|move: Roost
|cant|p1a: Ting-Lu|slp
|move|p1a: Ting-Lu|Sleep Talk|p1a: Ting-Lu
|move|p1a: Ting-Lu|Earthquake|p2a: Corviknight|[from] move: Sleep Talk
|-supereffective|p2a: Corviknight
|-damage|p2a: Corviknight|53/100
|
|-heal|p1a: Ting-Lu|67/100 slp|[from] item: Leftovers
|upkeep
|turn|36
|inactive|SpongeGar & Patar has 60 seconds left.
|
|t:|1760366505
|move|p2a: Corviknight|Roost|p2a: Corviknight
|-heal|p2a: Corviknight|100/100
|-singleturn|p2a: Corviknight|move: Roost
|-curestatus|p1a: Ting-Lu|slp|[msg]
|move|p1a: Ting-Lu|Rest|p1a: Ting-Lu
|-status|p1a: Ting-Lu|slp|[from] move: Rest
|-heal|p1a: Ting-Lu|100/100 slp|[silent]
|
|upkeep
|turn|37
|
|t:|1760366514
|move|p2a: Corviknight|Defog|p1a: Ting-Lu
|-unboost|p1a: Ting-Lu|evasion|1
|cant|p1a: Ting-Lu|slp
|move|p1a: Ting-Lu|Sleep Talk|p1a: Ting-Lu
|move|p1a: Ting-Lu|Earthquake|p2a: Corviknight|[from] move: Sleep Talk
|-immune|p2a: Corviknight
|
|upkeep
|turn|38
|
|t:|1760366523
|move|p2a: Corviknight|Defog|p1a: Ting-Lu
|-unboost|p1a: Ting-Lu|evasion|1
|cant|p1a: Ting-Lu|slp
|move|p1a: Ting-Lu|Sleep Talk|p1a: Ting-Lu
|move|p1a: Ting-Lu|Payback|p2a: Corviknight|[from] move: Sleep Talk
|-damage|p2a: Corviknight|77/100
|-damage|p1a: Ting-Lu|84/100 slp|[from] item: Rocky Helmet|[of] p2a: Corviknight
|
|-heal|p1a: Ting-Lu|90/100 slp|[from] item: Leftovers
|upkeep
|turn|39
|
|t:|1760366533
|move|p2a: Corviknight|Defog|p1a: Ting-Lu
|-unboost|p1a: Ting-Lu|evasion|1
|-curestatus|p1a: Ting-Lu|slp|[msg]
|move|p1a: Ting-Lu|Earthquake|p2a: Corviknight
|-immune|p2a: Corviknight
|
|-heal|p1a: Ting-Lu|96/100|[from] item: Leftovers
|upkeep
|turn|40
|
|t:|1760366542
|move|p2a: Corviknight|Defog|p1a: Ting-Lu
|-unboost|p1a: Ting-Lu|evasion|1
|move|p1a: Ting-Lu|Earthquake|p2a: Corviknight
|-immune|p2a: Corviknight
|
|-heal|p1a: Ting-Lu|100/100|[from] item: Leftovers
|upkeep
|turn|41
|
|t:|1760366552
|move|p2a: Corviknight|Defog|p1a: Ting-Lu
|-unboost|p1a: Ting-Lu|evasion|1
|move|p1a: Ting-Lu|Earthquake|p2a: Corviknight
|-immune|p2a: Corviknight
|
|upkeep
|turn|42
|inactive|SpongeGar & Patar has 90 seconds left.
|
|t:|1760366561
|switch|p1a: Slowking|Slowking-Galar, L99, F|100/100 par
|move|p2a: Corviknight|Defog|p1a: Slowking
|-unboost|p1a: Slowking|evasion|1
|
|upkeep
|turn|43
|
|t:|1760366570
|move|p2a: Corviknight|U-turn|p1a: Slowking
|-damage|p1a: Slowking|85/100 par
|
|t:|1760366573
|switch|p2a: Slowking|Slowking-Galar, F|100/100|[from] U-turn
|cant|p1a: Slowking|par
|
|upkeep
|turn|44
|
|t:|1760366582
|move|p2a: Slowking|Future Sight|p1a: Slowking
|-start|p2a: Slowking|move: Future Sight
|cant|p1a: Slowking|par
|
|upkeep
|turn|45
|
|t:|1760366592
|switch|p2a: Corviknight|Corviknight, F|77/100
|-ability|p2a: Corviknight|Pressure
|move|p1a: Slowking|Toxic|p2a: Corviknight
|-immune|p2a: Corviknight
|
|upkeep
|turn|46
|
|t:|1760366601
|move|p2a: Corviknight|U-turn|p1a: Slowking
|-damage|p1a: Slowking|69/100 par
|
|t:|1760366603
|switch|p2a: Slowking|Slowking-Galar, F|100/100|[from] U-turn
|cant|p1a: Slowking|par
|
|-end|p1a: Slowking|move: Future Sight
|-damage|p1a: Slowking|41/100 par
|upkeep
|turn|47
|
|t:|1760366612
|move|p2a: Slowking|Future Sight|p1a: Slowking
|-start|p2a: Slowking|move: Future Sight
|move|p1a: Slowking|Toxic|p2a: Slowking
|-immune|p2a: Slowking
|
|upkeep
|turn|48
|
|t:|1760366621
|switch|p2a: Corviknight|Corviknight, F|77/100
|-ability|p2a: Corviknight|Pressure
|move|p1a: Slowking|Sludge Bomb|p2a: Corviknight
|-immune|p2a: Corviknight
|
|upkeep
|turn|49
|
|t:|1760366641
|switch|p1a: Ting-Lu|Ting-Lu|100/100
|-ability|p1a: Ting-Lu|Vessel of Ruin
|move|p2a: Corviknight|Defog|p1a: Ting-Lu
|-unboost|p1a: Ting-Lu|evasion|1
|
|-end|p1a: Ting-Lu|move: Future Sight
|-immune|p1a: Ting-Lu
|upkeep
|turn|50
|
|t:|1760366651
|switch|p1a: Slowking|Slowking-Galar, L99, F|74/100 par
|move|p2a: Corviknight|Body Press|p1a: Slowking
|-resisted|p1a: Slowking
|-damage|p1a: Slowking|67/100 par
|
|upkeep
|turn|51
|
|t:|1760366661
|move|p2a: Corviknight|U-turn|p1a: Slowking
|-damage|p1a: Slowking|52/100 par
|
|t:|1760366663
|switch|p2a: Slowking|Slowking-Galar, F|100/100|[from] U-turn
|move|p1a: Slowking|Toxic|p2a: Slowking
|-immune|p2a: Slowking
|
|upkeep
|turn|52
|
|t:|1760366672
|switch|p2a: Corviknight|Corviknight, F|77/100
|-ability|p2a: Corviknight|Pressure
|move|p1a: Slowking|Toxic|p2a: Corviknight
|-immune|p2a: Corviknight
|
|upkeep
|turn|53
|
|t:|1760366681
|switch|p1a: Dondozo|Dondozo, M|100/100
|move|p2a: Corviknight|U-turn|p1a: Dondozo
|-damage|p1a: Dondozo|94/100
|
|t:|1760366684
|switch|p2a: Ogerpon|Ogerpon-Teal-Tera, F, tera:Grass|41/100|[from] U-turn
|-ability|p2a: Ogerpon|Embody Aspect (Teal)|boost
|-boost|p2a: Ogerpon|spe|1
|
|-heal|p1a: Dondozo|99/100|[from] item: Leftovers
|upkeep
|turn|54
|
|t:|1760366693
|switch|p1a: Corviknight|Corviknight, M|49/100
|-ability|p1a: Corviknight|Pressure
|move|p2a: Ogerpon|Ivy Cudgel|p1a: Corviknight
|-resisted|p1a: Corviknight
|-damage|p1a: Corviknight|35/100
|
|upkeep
|turn|55
|
|t:|1760366704
|switch|p2a: Volcanion|Volcanion|51/100
|move|p1a: Corviknight|Roost|p1a: Corviknight
|-heal|p1a: Corviknight|85/100
|-singleturn|p1a: Corviknight|move: Roost
|
|upkeep
|turn|56
|j| Swagboss123456789
|inactive|SpongeGar & Patar has 120 seconds left.
|
|t:|1760366753
|switch|p1a: Slowking|Slowking-Galar, L99, F|85/100 par
|move|p2a: Volcanion|Flamethrower|p1a: Slowking
|-damage|p1a: Slowking|55/100 par
|
|upkeep
|turn|57
|inactive|SpongeGar & Patar has 90 seconds left.
|
|t:|1760366802
|switch|p2a: Corviknight|Corviknight, F|77/100
|-ability|p2a: Corviknight|Pressure
|move|p1a: Slowking|Sludge Bomb|p2a: Corviknight
|-immune|p2a: Corviknight
|
|upkeep
|turn|58
|
|t:|1760366812
|switch|p1a: Dondozo|Dondozo, M|99/100
|move|p2a: Corviknight|U-turn|p1a: Dondozo
|-damage|p1a: Dondozo|94/100
|
|t:|1760366819
|switch|p2a: Raging Bolt|Raging Bolt|100/100|[from] U-turn
|
|-heal|p1a: Dondozo|100/100|[from] item: Leftovers
|upkeep
|turn|59
|l| Swagboss123456789
|
|t:|1760366828
|switch|p1a: Ting-Lu|Ting-Lu|100/100
|-ability|p1a: Ting-Lu|Vessel of Ruin
|move|p2a: Raging Bolt|Volt Switch|p1a: Ting-Lu
|-immune|p1a: Ting-Lu
|
|upkeep
|turn|60
|inactive|SpongeGar & Patar has 90 seconds left.
|inactive|SpongeGar & Patar has 60 seconds left.
|
|t:|1760366878
|-end|p2a: Raging Bolt|Protosynthesis|[silent]
|switch|p2a: Corviknight|Corviknight, F|77/100
|-ability|p2a: Corviknight|Pressure
|switch|p1a: Dondozo|Dondozo, M|100/100
|
|upkeep
|turn|61
|
|t:|1760366887
|move|p2a: Corviknight|U-turn|p1a: Dondozo
|-damage|p1a: Dondozo|94/100
|
|t:|1760366891
|switch|p2a: Raging Bolt|Raging Bolt|100/100|[from] U-turn
|move|p1a: Dondozo|Body Press|p2a: Raging Bolt
|-damage|p2a: Raging Bolt|79/100
|
|-heal|p1a: Dondozo|99/100|[from] item: Leftovers
|upkeep
|turn|62
|inactive|SpongeGar & Patar has 60 seconds left.
|
|t:|1760366904
|-end|p2a: Raging Bolt|Protosynthesis|[silent]
|switch|p2a: Corviknight|Corviknight, F|77/100
|-ability|p2a: Corviknight|Pressure
|switch|p1a: Ting-Lu|Ting-Lu|100/100
|-ability|p1a: Ting-Lu|Vessel of Ruin
|
|upkeep
|turn|63
|
|t:|1760366913
|switch|p1a: Dondozo|Dondozo, M|99/100
|move|p2a: Corviknight|U-turn|p1a: Dondozo
|-damage|p1a: Dondozo|94/100
|
|t:|1760366916
|switch|p2a: Ogerpon|Ogerpon-Teal-Tera, F, tera:Grass|41/100|[from] U-turn
|-ability|p2a: Ogerpon|Embody Aspect (Teal)|boost
|-boost|p2a: Ogerpon|spe|1
|
|-heal|p1a: Dondozo|99/100|[from] item: Leftovers
|upkeep
|turn|64
|
|t:|1760366926
|switch|p1a: Corviknight|Corviknight, M|85/100
|-ability|p1a: Corviknight|Pressure
|move|p2a: Ogerpon|Ivy Cudgel|p1a: Corviknight
|-resisted|p1a: Corviknight
|-damage|p1a: Corviknight|70/100
|
|upkeep
|turn|65
|
|t:|1760366935
|switch|p2a: Corviknight|Corviknight, F|77/100
|-ability|p2a: Corviknight|Pressure
|move|p1a: Corviknight|U-turn|p2a: Corviknight
|-resisted|p2a: Corviknight
|-damage|p2a: Corviknight|75/100
|-damage|p1a: Corviknight|53/100|[from] item: Rocky Helmet|[of] p2a: Corviknight
|
|t:|1760366945
|switch|p1a: Cinderace|Cinderace, M|100/100|[from] U-turn
|
|upkeep
|turn|66
|
|t:|1760366954
|switch|p2a: Volcanion|Volcanion|51/100
|move|p1a: Cinderace|U-turn|p2a: Volcanion
|-resisted|p2a: Volcanion
|-damage|p2a: Volcanion|44/100
|
|t:|1760366964
|switch|p1a: Slowking|Slowking-Galar, L99, F|88/100 par|[from] U-turn
|
|upkeep
|turn|67
|
|t:|1760366974
|switch|p2a: Corviknight|Corviknight, F|75/100
|-ability|p2a: Corviknight|Pressure
|move|p1a: Slowking|Sludge Bomb|p2a: Corviknight
|-immune|p2a: Corviknight
|
|upkeep
|turn|68
|inactive|SpongeGar & Patar has 90 seconds left.
|
|t:|1760366983
|move|p2a: Corviknight|U-turn|p1a: Slowking
|-damage|p1a: Slowking|74/100 par
|
|t:|1760366986
|switch|p2a: Slowking|Slowking-Galar, F|100/100|[from] U-turn
|move|p1a: Slowking|Sludge Bomb|p2a: Slowking
|-resisted|p2a: Slowking
|-damage|p2a: Slowking|90/100
|
|upkeep
|turn|69
|
|t:|1760366996
|switch|p2a: Corviknight|Corviknight, F|75/100
|-ability|p2a: Corviknight|Pressure
|cant|p1a: Slowking|par
|
|upkeep
|turn|70
|
|t:|1760367006
|switch|p1a: Dondozo|Dondozo, M|99/100
|move|p2a: Corviknight|U-turn|p1a: Dondozo
|-damage|p1a: Dondozo|94/100
|
|t:|1760367011
|switch|p2a: Ogerpon|Ogerpon-Teal-Tera, F, tera:Grass|41/100|[from] U-turn
|-ability|p2a: Ogerpon|Embody Aspect (Teal)|boost
|-boost|p2a: Ogerpon|spe|1
|
|-heal|p1a: Dondozo|99/100|[from] item: Leftovers
|upkeep
|turn|71
|
|t:|1760367020
|move|p2a: Ogerpon|Ivy Cudgel|p1a: Dondozo
|-supereffective|p1a: Dondozo
|-damage|p1a: Dondozo|7/100
|move|p1a: Dondozo|Body Press|p2a: Ogerpon
|-damage|p2a: Ogerpon|7/100
|
|-heal|p1a: Dondozo|13/100|[from] item: Leftovers
|upkeep
|turn|72
|
|t:|1760367030
|switch|p2a: Volcanion|Volcanion|44/100
|switch|p1a: Corviknight|Corviknight, M|53/100
|-ability|p1a: Corviknight|Pressure
|
|upkeep
|turn|73
|inactive|SpongeGar & Patar has 120 seconds left.
|inactive|SpongeGar & Patar has 90 seconds left.
|
|t:|1760367079
|switch|p1a: Slowking|Slowking-Galar, L99, F|100/100 par
|move|p2a: Volcanion|Flamethrower|p1a: Slowking
|-damage|p1a: Slowking|74/100 par
|
|upkeep
|turn|74
|inactive|SpongeGar & Patar has 60 seconds left.
|
|t:|1760367128
|switch|p2a: Corviknight|Corviknight, F|75/100
|-ability|p2a: Corviknight|Pressure
|move|p1a: Slowking|Sludge Bomb|p2a: Corviknight
|-immune|p2a: Corviknight
|
|upkeep
|turn|75
|
|t:|1760367137
|move|p2a: Corviknight|U-turn|p1a: Slowking
|-damage|p1a: Slowking|58/100 par
|
|t:|1760367140
|switch|p2a: Slowking|Slowking-Galar, F|100/100|[from] U-turn
|cant|p1a: Slowking|par
|
|upkeep
|turn|76
|inactive|SpongeGar & Patar has 60 seconds left.
|
|t:|1760367149
|move|p2a: Slowking|Future Sight|p1a: Slowking
|-start|p2a: Slowking|move: Future Sight
|move|p1a: Slowking|Sludge Bomb|p2a: Slowking
|-resisted|p2a: Slowking
|-damage|p2a: Slowking|90/100
|
|upkeep
|turn|77
|inactive|SpongeGar & Patar has 60 seconds left.
|
|t:|1760367159
|switch|p2a: Corviknight|Corviknight, F|75/100
|-ability|p2a: Corviknight|Pressure
|cant|p1a: Slowking|par
|
|upkeep
|turn|78
|
|t:|1760367168
|switch|p1a: Ting-Lu|Ting-Lu|100/100
|-ability|p1a: Ting-Lu|Vessel of Ruin
|move|p2a: Corviknight|Body Press|p1a: Ting-Lu
|-supereffective|p1a: Ting-Lu
|-damage|p1a: Ting-Lu|72/100
|
|-end|p1a: Ting-Lu|move: Future Sight
|-immune|p1a: Ting-Lu
|-heal|p1a: Ting-Lu|79/100|[from] item: Leftovers
|upkeep
|turn|79
|
|t:|1760367179
|switch|p1a: Slowking|Slowking-Galar, L99, F|92/100 par
|move|p2a: Corviknight|Defog|p1a: Slowking
|-unboost|p1a: Slowking|evasion|1
|
|upkeep
|turn|80
|
|t:|1760367188
|switch|p2a: Slowking|Slowking-Galar, F|100/100
|cant|p1a: Slowking|par
|
|upkeep
|turn|81
|
|t:|1760367197
|move|p2a: Slowking|Future Sight|p1a: Slowking
|-start|p2a: Slowking|move: Future Sight
|move|p1a: Slowking|Sludge Bomb|p2a: Slowking
|-resisted|p2a: Slowking
|-damage|p2a: Slowking|91/100
|
|upkeep
|turn|82
|
|t:|1760367207
|switch|p2a: Corviknight|Corviknight, F|75/100
|-ability|p2a: Corviknight|Pressure
|-prepare|p1a: Slowking|Chilly Reception|[premajor]
|cant|p1a: Slowking|par
|
|upkeep
|turn|83
|
|t:|1760367217
|move|p2a: Corviknight|U-turn|p1a: Slowking
|-damage|p1a: Slowking|77/100 par
|
|t:|1760367219
|switch|p2a: Slowking|Slowking-Galar, F|100/100|[from] U-turn
|move|p1a: Slowking|Sludge Bomb|p2a: Slowking
|-resisted|p2a: Slowking
|-damage|p2a: Slowking|92/100
|
|-end|p1a: Slowking|move: Future Sight
|-damage|p1a: Slowking|49/100 par
|upkeep
|turn|84
|inactive|SpongeGar & Patar has 90 seconds left.
|
|t:|1760367229
|switch|p2a: Corviknight|Corviknight, F|75/100
|-ability|p2a: Corviknight|Pressure
|move|p1a: Slowking|Sludge Bomb|p2a: Corviknight
|-immune|p2a: Corviknight
|
|upkeep
|turn|85
|inactive|SpongeGar & Patar has 90 seconds left.
|j| iamfrhaan007
|
|t:|1760367238
|move|p2a: Corviknight|U-turn|p1a: Slowking
|-damage|p1a: Slowking|35/100 par
|
|t:|1760367241
|switch|p2a: Slowking|Slowking-Galar, F|100/100|[from] U-turn
|move|p1a: Slowking|Sludge Bomb|p2a: Slowking
|-resisted|p2a: Slowking
|-damage|p2a: Slowking|90/100
|
|upkeep
|turn|86
|
|t:|1760367251
|switch|p2a: Corviknight|Corviknight, F|75/100
|-ability|p2a: Corviknight|Pressure
|switch|p1a: Ting-Lu|Ting-Lu|79/100
|-ability|p1a: Ting-Lu|Vessel of Ruin
|
|-heal|p1a: Ting-Lu|85/100|[from] item: Leftovers
|upkeep
|turn|87
|l| iamfrhaan007
|
|t:|1760367261
|switch|p1a: Slowking|Slowking-Galar, L99, F|69/100 par
|move|p2a: Corviknight|Defog|p1a: Slowking
|-unboost|p1a: Slowking|evasion|1
|
|upkeep
|turn|88
|
|t:|1760367270
|switch|p2a: Ogerpon|Ogerpon-Teal-Tera, F, tera:Grass|7/100
|-ability|p2a: Ogerpon|Embody Aspect (Teal)|boost
|-boost|p2a: Ogerpon|spe|1
|move|p1a: Slowking|Future Sight|p2a: Ogerpon
|-start|p1a: Slowking|move: Future Sight
|
|upkeep
|turn|89
|
|t:|1760367279
|switch|p1a: Corviknight|Corviknight, M|53/100
|-ability|p1a: Corviknight|Pressure
|move|p2a: Ogerpon|Knock Off|p1a: Corviknight
|-damage|p1a: Corviknight|33/100
|
|upkeep
|turn|90
|inactive|SpongeGar & Patar has 120 seconds left.
|
|t:|1760367289
|switch|p2a: Corviknight|Corviknight, F|75/100
|-ability|p2a: Corviknight|Pressure
|move|p1a: Corviknight|U-turn|p2a: Corviknight
|-resisted|p2a: Corviknight
|-damage|p2a: Corviknight|73/100
|-damage|p1a: Corviknight|16/100|[from] item: Rocky Helmet|[of] p2a: Corviknight
|inactive|SpongeGar & Patar has 120 seconds left.
|
|t:|1760367299
|switch|p1a: Dondozo|Dondozo, M|13/100|[from] U-turn
|
|-end|p2a: Corviknight|move: Future Sight
|-resisted|p2a: Corviknight
|-damage|p2a: Corviknight|52/100
|-heal|p1a: Dondozo|19/100|[from] item: Leftovers
|upkeep
|turn|91
|
|t:|1760367308
|move|p2a: Corviknight|U-turn|p1a: Dondozo
|-damage|p1a: Dondozo|13/100
|
|t:|1760367310
|switch|p2a: Ogerpon|Ogerpon-Teal-Tera, F, tera:Grass|7/100|[from] U-turn
|-ability|p2a: Ogerpon|Embody Aspect (Teal)|boost
|-boost|p2a: Ogerpon|spe|1
|move|p1a: Dondozo|Curse|p1a: Dondozo
|-unboost|p1a: Dondozo|spe|1
|-boost|p1a: Dondozo|atk|1
|-boost|p1a: Dondozo|def|1
|
|-heal|p1a: Dondozo|20/100|[from] item: Leftovers
|upkeep
|turn|92
|
|t:|1760367319
|move|p2a: Ogerpon|Ivy Cudgel|p1a: Dondozo
|-supereffective|p1a: Dondozo
|-damage|p1a: Dondozo|0 fnt
|faint|p1a: Dondozo
|
|upkeep
|
|t:|1760367329
|switch|p1a: Corviknight|Corviknight, M|16/100
|-ability|p1a: Corviknight|Pressure
|turn|93
|
|t:|1760367339
|switch|p2a: Volcanion|Volcanion|44/100
|move|p1a: Corviknight|Roost|p1a: Corviknight
|-heal|p1a: Corviknight|66/100
|-singleturn|p1a: Corviknight|move: Roost
|
|upkeep
|turn|94
|inactive|SpongeGar & Patar has 120 seconds left.
|
|t:|1760367388
|-terastallize|p1a: Corviknight|Dragon
|move|p2a: Volcanion|Steam Eruption|p1a: Corviknight|[miss]
|-miss|p2a: Volcanion|p1a: Corviknight
|move|p1a: Corviknight|Roost|p1a: Corviknight
|-heal|p1a: Corviknight|100/100
|
|upkeep
|turn|95
|inactive|SpongeGar & Patar has 90 seconds left.
|
|t:|1760367438
|move|p2a: Volcanion|Will-O-Wisp|p1a: Corviknight
|-status|p1a: Corviknight|brn
|move|p1a: Corviknight|Brave Bird|p2a: Volcanion
|-damage|p2a: Volcanion|28/100
|-damage|p1a: Corviknight|96/100 brn|[from] Recoil
|
|-damage|p1a: Corviknight|90/100 brn|[from] brn
|upkeep
|turn|96
|
|t:|1760367448
|switch|p2a: Corviknight|Corviknight, F|52/100
|-ability|p2a: Corviknight|Pressure
|move|p1a: Corviknight|U-turn|p2a: Corviknight
|-resisted|p2a: Corviknight
|-damage|p2a: Corviknight|51/100
|-damage|p1a: Corviknight|73/100 brn|[from] item: Rocky Helmet|[of] p2a: Corviknight
|
|t:|1760367458
|switch|p1a: Cinderace|Cinderace, M|100/100|[from] U-turn
|
|upkeep
|turn|97
|
|t:|1760367468
|switch|p2a: Volcanion|Volcanion|28/100
|move|p1a: Cinderace|Pyro Ball|p2a: Volcanion
|-resisted|p2a: Volcanion
|-damage|p2a: Volcanion|18/100
|
|upkeep
|turn|98
|
|t:|1760367478
|move|p1a: Cinderace|U-turn|p2a: Volcanion
|-resisted|p2a: Volcanion
|-damage|p2a: Volcanion|10/100
|
|t:|1760367488
|switch|p1a: Corviknight|Corviknight, M, tera:Dragon|73/100 brn|[from] U-turn
|-ability|p1a: Corviknight|Pressure
|move|p2a: Volcanion|Steam Eruption|p1a: Corviknight
|-resisted|p1a: Corviknight
|-damage|p1a: Corviknight|45/100 brn
|
|-damage|p1a: Corviknight|39/100 brn|[from] brn
|upkeep
|turn|99
|
|t:|1760367498
|switch|p2a: Corviknight|Corviknight, F|51/100
|-ability|p2a: Corviknight|Pressure
|move|p1a: Corviknight|U-turn|p2a: Corviknight
|-resisted|p2a: Corviknight
|-damage|p2a: Corviknight|50/100
|-damage|p1a: Corviknight|23/100 brn|[from] item: Rocky Helmet|[of] p2a: Corviknight
|
|t:|1760367509
|switch|p1a: Cinderace|Cinderace, M|100/100|[from] U-turn
|
|upkeep
|turn|100
|
|t:|1760367518
|switch|p2a: Raging Bolt|Raging Bolt|79/100
|move|p1a: Cinderace|Pyro Ball|p2a: Raging Bolt
|-resisted|p2a: Raging Bolt
|-damage|p2a: Raging Bolt|59/100
|
|upkeep
|turn|101
|inactive|SpongeGar & Patar has 60 seconds left.
|
|t:|1760367568
|move|p1a: Cinderace|U-turn|p2a: Raging Bolt
|-damage|p2a: Raging Bolt|44/100
|inactive|SpongeGar & Patar has 30 seconds left.
|inactive|SpongeGar & Patar has 20 seconds left.
|inactive|SpongeGar & Patar has 15 seconds left.
|inactive|SpongeGar & Patar has 10 seconds left.
|inactive|SpongeGar & Patar has 5 seconds left.
|
|t:|1760367618
|switch|p1a: Ting-Lu|Ting-Lu|85/100|[from] U-turn
|-ability|p1a: Ting-Lu|Vessel of Ruin
|move|p2a: Raging Bolt|Volt Switch|p1a: Ting-Lu
|-immune|p1a: Ting-Lu
|
|-heal|p1a: Ting-Lu|91/100|[from] item: Leftovers
|upkeep
|turn|102
|inactive|SpongeGar & Patar has 10 seconds left this turn.
|inactive|SpongeGar & Patar has 5 seconds left.
|
|t:|1760367627
|-end|p2a: Raging Bolt|Protosynthesis|[silent]
|switch|p2a: Corviknight|Corviknight, F|50/100
|-ability|p2a: Corviknight|Pressure
|switch|p1a: Corviknight|Corviknight, M, tera:Dragon|23/100 brn
|-ability|p1a: Corviknight|Pressure
|
|-damage|p1a: Corviknight|17/100 brn|[from] brn
|upkeep
|turn|103
|inactive|SpongeGar & Patar has 10 seconds left this turn.
|inactive|SpongeGar & Patar has 5 seconds left.
|
|t:|1760367637
|switch|p1a: Cinderace|Cinderace, M|100/100
|move|p2a: Corviknight|Body Press|p1a: Cinderace
|-damage|p1a: Cinderace|67/100
|
|upkeep
|turn|104
|inactive|SpongeGar & Patar has 10 seconds left this turn.
|inactive|SpongeGar & Patar has 5 seconds left.
|-message|SpongeGar & Patar lost due to inactivity.
|
|win|naxduck
|raw|SpongeGar &amp; Patar's rating: 1825 &rarr; <strong>1801</strong><br />(-24 for losing)
|raw|naxduck's rating: 1759 &rarr; <strong>1783</strong><br />(+24 for winning)
|l|☆SpongeGar & Patar
|player|p1|
