|j|☆thevoard3333
|j|☆haldernspacemarie
|t:|1760360464
|gametype|singles
|player|p1|thevoard3333|265|1336
|player|p2|haldernspacemarie|roxie|1370
|gen|9
|tier|[Gen 9] OU
|rated|
|rule|HP Percentage Mod: HP is shown in percentages
|rule|Endless Battle Clause: Forcing endless battles is banned
|rule|Species Clause: Limit one of each Pokémon
|rule|OHKO Clause: OHKO moves are banned
|rule|Evasion Items Clause: Evasion items are banned
|rule|Evasion Moves Clause: Evasion moves are banned
|rule|Evasion Abilities Clause: Evasion abilities are banned
|rule|Sleep Moves Clause: Sleep-inducing moves are banned
|clearpoke
|poke|p1|Haxorus, F|
|poke|p1|Ninetales-Alola, F|
|poke|p1|Mamoswine, F|
|poke|p1|Corviknight, F|
|poke|p1|Frosmoth, M|
|poke|p1|Azumarill, F|
|poke|p2|Great Tusk|
|poke|p2|Heatran, M|
|poke|p2|Weavile, M|
|poke|p2|Primarina, M|
|poke|p2|Ogerpon, F|
|poke|p2|Pecharunt|
|teampreview
|inactive|Battle timer is ON: inactive players will automatically lose when time's up. (requested by thevoard3333)
|
|t:|1760360470
|teamsize|p1|6
|teamsize|p2|6
|start
|switch|p1a: Ninetales|Ninetales-Alola, F|100/100
|switch|p2a: Chaos|Heatran, M, shiny|100/100
|-weather|Snowscape|[from] ability: Snow Warning|[of] p1a: Ninetales
|-item|p2a: Chaos|Air Balloon
|turn|1
|
|t:|1760360481
|move|p1a: Ninetales|Aurora Veil|p1a: Ninetales
|-sidestart|p1: thevoard3333|move: Aurora Veil
|move|p2a: Chaos|Magma Storm|p1a: Ninetales
|-supereffective|p1a: Ninetales
|-damage|p1a: Ninetales|47/100
|-activate|p1a: Ninetales|move: Magma Storm|[of] p2a: Chaos
|
|-weather|Snowscape|[upkeep]
|-damage|p1a: Ninetales|35/100|[from] move: Magma Storm|[partiallytrapped]
|upkeep
|turn|2
|
|t:|1760360498
|switch|p2a: Celestine|Primarina, M, shiny|100/100
|move|p1a: Ninetales|Freeze-Dry|p2a: Celestine
|-supereffective|p2a: Celestine
|-damage|p2a: Celestine|81/100
|
|-weather|Snowscape|[upkeep]
|-end|p1a: Ninetales|Magma Storm|[partiallytrapped]|[silent]
|upkeep
|turn|3
|
|t:|1760360511
|switch|p1a: Frosmoth|Frosmoth, M|100/100
|move|p2a: Celestine|Whirlpool|p1a: Frosmoth|[miss]
|-miss|p2a: Celestine|p1a: Frosmoth
|
|-weather|Snowscape|[upkeep]
|upkeep
|turn|4
|
|t:|1760360518
|move|p1a: Frosmoth|Quiver Dance|p1a: Frosmoth
|-boost|p1a: Frosmoth|spa|1
|-boost|p1a: Frosmoth|spd|1
|-boost|p1a: Frosmoth|spe|1
|move|p2a: Celestine|Flip Turn|p1a: Frosmoth
|-damage|p1a: Frosmoth|92/100
|
|t:|1760360529
|switch|p2a: Chaos|Heatran, M, shiny|100/100|[from] Flip Turn
|-item|p2a: Chaos|Air Balloon
|
|-weather|Snowscape|[upkeep]
|upkeep
|turn|5
|
|t:|1760360536
|-terastallize|p1a: Frosmoth|Electric
|move|p1a: Frosmoth|Tera Blast|p2a: Chaos|[anim] Tera Blast Electric
|-damage|p2a: Chaos|37/100
|-enditem|p2a: Chaos|Air Balloon
|move|p2a: Chaos|Magma Storm|p1a: Frosmoth
|-damage|p1a: Frosmoth|81/100
|-activate|p1a: Frosmoth|move: Magma Storm|[of] p2a: Chaos
|
|-weather|none
|-damage|p1a: Frosmoth|68/100|[from] move: Magma Storm|[partiallytrapped]
|upkeep
|turn|6
|
|t:|1760360555
|switch|p2a: Behemoth|Great Tusk, shiny|100/100
|move|p1a: Frosmoth|Tera Blast|p2a: Behemoth|[anim] Tera Blast Electric
|-immune|p2a: Behemoth
|
|-end|p1a: Frosmoth|Magma Storm|[partiallytrapped]|[silent]
|upkeep
|turn|7
|
|t:|1760360566
|-end|p2a: Behemoth|Protosynthesis|[silent]
|switch|p2a: Chaos|Heatran, M, shiny|37/100
|move|p1a: Frosmoth|Giga Drain|p2a: Chaos
|-resisted|p2a: Chaos
|-damage|p2a: Chaos|28/100
|-heal|p1a: Frosmoth|74/100|[from] drain|[of] p2a: Chaos
|
|upkeep
|turn|8
|
|t:|1760360577
|move|p1a: Frosmoth|Tera Blast|p2a: Chaos|[anim] Tera Blast Electric
|-damage|p2a: Chaos|0 fnt
|faint|p2a: Chaos
|
|-sideend|p1: thevoard3333|move: Aurora Veil
|upkeep
|
|t:|1760360588
|switch|p2a: Anonymous|Ogerpon, F|100/100
|turn|9
|
|t:|1760360597
|-terastallize|p2a: Anonymous|Grass
|detailschange|p2a: Anonymous|Ogerpon-Teal-Tera, F, tera:Grass
|-ability|p2a: Anonymous|Embody Aspect (Teal)|boost
|-boost|p2a: Anonymous|spe|1
|move|p2a: Anonymous|Knock Off|p1a: Frosmoth
|-damage|p1a: Frosmoth|0 fnt
|-enditem|p1a: Frosmoth|Heavy-Duty Boots|[from] move: Knock Off|[of] p2a: Anonymous
|faint|p1a: Frosmoth
|
|upkeep
|
|t:|1760360612
|switch|p1a: Corviknight|Corviknight, F|100/100
|-ability|p1a: Corviknight|Pressure
|turn|10
|
|t:|1760360628
|switch|p2a: Overseer|Pecharunt|100/100
|move|p1a: Corviknight|U-turn|p2a: Overseer
|-resisted|p2a: Overseer
|-damage|p2a: Overseer|99/100
|-damage|p1a: Corviknight|84/100|[from] item: Rocky Helmet|[of] p2a: Overseer
|
|t:|1760360637
|switch|p1a: Ninetales|Ninetales-Alola, F|35/100|[from] U-turn
|-weather|Snowscape|[from] ability: Snow Warning|[of] p1a: Ninetales
|
|-weather|Snowscape|[upkeep]
|upkeep
|turn|11
|
|t:|1760360643
|move|p1a: Ninetales|Aurora Veil|p1a: Ninetales
|-sidestart|p1: thevoard3333|move: Aurora Veil
|move|p2a: Overseer|Malignant Chain|p1a: Ninetales
|-supereffective|p1a: Ninetales
|-damage|p1a: Ninetales|6/100
|-status|p1a: Ninetales|tox
|-start|p1a: Ninetales|confusion|[from] ability: Poison Puppeteer|[of] p2a: Overseer
|
|-weather|Snowscape|[upkeep]
|-damage|p1a: Ninetales|0 fnt|[from] psn
|faint|p1a: Ninetales
|upkeep
|inactive|thevoard3333 has 120 seconds left.
|
|t:|1760360674
|switch|p1a: Haxorus|Haxorus, F|100/100
|-ability|p1a: Haxorus|Mold Breaker
|turn|12
|
|t:|1760360681
|move|p1a: Haxorus|Dragon Dance|p1a: Haxorus
|-boost|p1a: Haxorus|atk|1
|-boost|p1a: Haxorus|spe|1
|move|p2a: Overseer|Parting Shot|p1a: Haxorus
|-unboost|p1a: Haxorus|atk|1
|-unboost|p1a: Haxorus|spa|1
|
|t:|1760360692
|switch|p2a: Celestine|Primarina, M, shiny|81/100|[from] Parting Shot
|
|-weather|Snowscape|[upkeep]
|upkeep
|turn|13
|inactive|thevoard3333 has 120 seconds left.
|
|t:|1760360723
|move|p1a: Haxorus|Dragon Dance|p1a: Haxorus
|-boost|p1a: Haxorus|atk|1
|-boost|p1a: Haxorus|spe|1
|move|p2a: Celestine|Moonblast|p1a: Haxorus
|-supereffective|p1a: Haxorus
|-damage|p1a: Haxorus|27/100
|
|-weather|Snowscape|[upkeep]
|upkeep
|turn|14
|
|t:|1760360732
|move|p1a: Haxorus|Earthquake|p2a: Celestine
|-damage|p2a: Celestine|10/100
|move|p2a: Celestine|Moonblast|p1a: Haxorus
|-supereffective|p1a: Haxorus
|-damage|p1a: Haxorus|0 fnt
|faint|p1a: Haxorus
|
|-weather|none
|upkeep
|
|t:|1760360739
|switch|p1a: Mamoswine|Mamoswine, F|100/100
|turn|15
|
|t:|1760360745
|move|p1a: Mamoswine|Trailblaze|p2a: Celestine
|-supereffective|p2a: Celestine
|-damage|p2a: Celestine|0 fnt
|-boost|p1a: Mamoswine|spe|1
|faint|p2a: Celestine
|
|upkeep
|
|t:|1760360750
|switch|p2a: Anonymous|Ogerpon-Teal-Tera, F, tera:Grass|100/100
|-ability|p2a: Anonymous|Embody Aspect (Teal)|boost
|-boost|p2a: Anonymous|spe|1
|turn|16
|
|t:|1760360764
|move|p2a: Anonymous|Ivy Cudgel|p1a: Mamoswine
|-supereffective|p1a: Mamoswine
|-damage|p1a: Mamoswine|0 fnt
|faint|p1a: Mamoswine
|
|upkeep
|
|t:|1760360770
|switch|p1a: Corviknight|Corviknight, F|84/100
|-ability|p1a: Corviknight|Pressure
|turn|17
|
|t:|1760360777
|switch|p2a: Overseer|Pecharunt|99/100
|move|p1a: Corviknight|U-turn|p2a: Overseer
|-resisted|p2a: Overseer
|-damage|p2a: Overseer|97/100
|-damage|p1a: Corviknight|67/100|[from] item: Rocky Helmet|[of] p2a: Overseer
|
|t:|1760360779
|switch|p1a: Azumarill|Azumarill, F|100/100|[from] U-turn
|
|upkeep
|turn|18
|
|t:|1760360784
|move|p2a: Overseer|Malignant Chain|p1a: Azumarill
|-supereffective|p1a: Azumarill
|-damage|p1a: Azumarill|72/100
|-status|p1a: Azumarill|tox
|-start|p1a: Azumarill|confusion|[from] ability: Poison Puppeteer|[of] p2a: Overseer
|-activate|p1a: Azumarill|confusion
|move|p1a: Azumarill|Belly Drum|p1a: Azumarill
|-damage|p1a: Azumarill|22/100 tox
|-setboost|p1a: Azumarill|atk|6|[from] move: Belly Drum
|-enditem|p1a: Azumarill|Sitrus Berry|[eat]
|-heal|p1a: Azumarill|47/100 tox|[from] item: Sitrus Berry
|
|-damage|p1a: Azumarill|40/100 tox|[from] psn
|-sideend|p1: thevoard3333|move: Aurora Veil
|upkeep
|turn|19
|
|t:|1760360810
|move|p2a: Overseer|Malignant Chain|p1a: Azumarill
|-supereffective|p1a: Azumarill
|-damage|p1a: Azumarill|0 fnt
|faint|p1a: Azumarill
|
|upkeep
|-message|thevoard3333 forfeited.
|
|win|haldernspacemarie
|raw|thevoard3333's rating: 1336 &rarr; <strong>1318</strong><br />(-18 for losing)
|raw|haldernspacemarie's rating: 1370 &rarr; <strong>1388</strong><br />(+18 for winning)
|l|☆thevoard3333
|player|p1|
