|j|☆mucino
|j|☆deus3xmachina
|t:|1760415440
|gametype|singles
|player|p1|mucino|2|1334
|player|p2|deus3xmachina|rika|1344
|gen|9
|tier|[Gen 9] OU
|rated|
|rule|HP Percentage Mod: HP is shown in percentages
|rule|Endless Battle Clause: Forcing endless battles is banned
|rule|Species Clause: Limit one of each Pokémon
|rule|OHKO Clause: OHKO moves are banned
|rule|Evasion Items Clause: Evasion items are banned
|rule|Evasion Moves Clause: Evasion moves are banned
|rule|Evasion Abilities Clause: Evasion abilities are banned
|rule|Sleep Moves Clause: Sleep-inducing moves are banned
|clearpoke
|poke|p1|Clodsire, M|
|poke|p1|Kingambit, F|
|poke|p1|Porygon-Z|
|poke|p1|Chandelure, M|
|poke|p1|Primarina, M|
|poke|p1|Grimmsnarl, M|
|poke|p2|Raging Bolt|
|poke|p2|Gliscor, F|
|poke|p2|Cinderace, M|
|poke|p2|Iron Valiant|
|poke|p2|Alomomola, F|
|poke|p2|Blissey, F|
|teampreview
|inactive|Battle timer is ON: inactive players will automatically lose when time's up. (requested by mucino)
|
|t:|1760415472
|teamsize|p1|6
|teamsize|p2|6
|start
|switch|p1a: Chandelure|Chandelure, M|100/100
|switch|p2a: Raging Bolt|Raging Bolt|100/100
|turn|1
|
|t:|1760415485
|switch|p1a: Clodsire|Clodsire, M|100/100
|move|p2a: Raging Bolt|Draco Meteor|p1a: Clodsire
|-damage|p1a: Clodsire|13/100
|-unboost|p2a: Raging Bolt|spa|2
|
|-heal|p1a: Clodsire|19/100|[from] item: Leftovers
|upkeep
|turn|2
|
|t:|1760415489
|move|p2a: Raging Bolt|Draco Meteor|p1a: Clodsire
|-damage|p1a: Clodsire|0 fnt
|-unboost|p2a: Raging Bolt|spa|2
|faint|p1a: Clodsire
|
|upkeep
|
|t:|1760415495
|switch|p1a: Primarina|Primarina, M|100/100
|turn|3
|
|t:|1760415498
|-end|p2a: Raging Bolt|Protosynthesis|[silent]
|switch|p2a: Blissey|Blissey, F|100/100
|switch|p1a: Chandelure|Chandelure, M|100/100
|
|upkeep
|turn|4
|
|t:|1760415501
|move|p1a: Chandelure|Trick|p2a: Blissey
|-activate|p1a: Chandelure|move: Trick|[of] p2a: Blissey
|-item|p2a: Blissey|Choice Scarf|[from] move: Trick
|-item|p1a: Chandelure|Heavy-Duty Boots|[from] move: Trick
|move|p2a: Blissey|Thunder Wave|p1a: Chandelure
|-status|p1a: Chandelure|par
|
|upkeep
|turn|5
|
|t:|1760415507
|switch|p2a: Gliscor|Gliscor, F|100/100
|move|p1a: Chandelure|Trick|p2a: Gliscor
|-activate|p1a: Chandelure|move: Trick|[of] p2a: Gliscor
|-item|p2a: Gliscor|Heavy-Duty Boots|[from] move: Trick
|-item|p1a: Chandelure|Toxic Orb|[from] move: Trick
|
|upkeep
|turn|6
|
|t:|1760415514
|move|p2a: Gliscor|Knock Off|p1a: Chandelure
|-supereffective|p1a: Chandelure
|-damage|p1a: Chandelure|35/100 par
|-enditem|p1a: Chandelure|Toxic Orb|[from] move: Knock Off|[of] p2a: Gliscor
|move|p1a: Chandelure|Shadow Ball|p2a: Gliscor
|-damage|p2a: Gliscor|39/100
|
|upkeep
|turn|7
|
|t:|1760415518
|move|p2a: Gliscor|U-turn|p1a: Chandelure
|-resisted|p1a: Chandelure
|-damage|p1a: Chandelure|30/100 par
|
|t:|1760415520
|switch|p2a: Blissey|Blissey, F|100/100|[from] U-turn
|cant|p1a: Chandelure|par
|
|upkeep
|turn|8
|
|t:|1760415538
|switch|p2a: Gliscor|Gliscor, F|39/100
|cant|p1a: Chandelure|par
|
|upkeep
|turn|9
|
|t:|1760415542
|-terastallize|p1a: Chandelure|Grass
|move|p2a: Gliscor|Knock Off|p1a: Chandelure
|-damage|p1a: Chandelure|10/100 par
|cant|p1a: Chandelure|par
|
|upkeep
|turn|10
|
|t:|1760415546
|move|p2a: Gliscor|U-turn|p1a: Chandelure
|-supereffective|p1a: Chandelure
|-damage|p1a: Chandelure|0 fnt
|faint|p1a: Chandelure
|
|t:|1760415549
|switch|p2a: Alomomola|Alomomola, F|100/100|[from] U-turn
|
|upkeep
|
|t:|1760415552
|switch|p1a: Porygon-Z|Porygon-Z|100/100
|turn|11
|
|t:|1760415555
|move|p1a: Porygon-Z|Tri Attack|p2a: Alomomola
|-damage|p2a: Alomomola|0 fnt
|faint|p2a: Alomomola
|
|upkeep
|
|t:|1760415559
|switch|p2a: Iron Valiant|Iron Valiant|100/100
|-enditem|p2a: Iron Valiant|Booster Energy
|-activate|p2a: Iron Valiant|ability: Quark Drive|[fromitem]
|-start|p2a: Iron Valiant|quarkdrivespe
|turn|12
|
|t:|1760415567
|-end|p2a: Iron Valiant|Quark Drive|[silent]
|switch|p2a: Blissey|Blissey, F|100/100
|switch|p1a: Grimmsnarl|Grimmsnarl, M|100/100
|
|upkeep
|turn|13
|
|t:|1760415571
|move|p1a: Grimmsnarl|Taunt|p2a: Blissey
|-start|p2a: Blissey|move: Taunt
|cant|p2a: Blissey|move: Taunt|Thunder Wave
|
|upkeep
|turn|14
|
|t:|1760415575
|move|p2a: Blissey|Flamethrower|p1a: Grimmsnarl
|-damage|p1a: Grimmsnarl|82/100
|move|p1a: Grimmsnarl|Spirit Break|p2a: Blissey
|-damage|p2a: Blissey|56/100
|-unboost|p2a: Blissey|spa|1
|
|upkeep
|turn|15
|
|t:|1760415582
|switch|p2a: Gliscor|Gliscor, F|39/100
|move|p1a: Grimmsnarl|Spirit Break|p2a: Gliscor
|-damage|p2a: Gliscor|16/100
|-unboost|p2a: Gliscor|spa|1
|
|upkeep
|turn|16
|
|t:|1760415585
|move|p2a: Gliscor|U-turn|p1a: Grimmsnarl
|-damage|p1a: Grimmsnarl|64/100
|
|t:|1760415590
|switch|p2a: Cinderace|Cinderace, M|100/100|[from] U-turn
|move|p1a: Grimmsnarl|Spirit Break|p2a: Cinderace
|-resisted|p2a: Cinderace
|-damage|p2a: Cinderace|77/100
|-unboost|p2a: Cinderace|spa|1
|
|upkeep
|turn|17
|
|t:|1760415595
|move|p1a: Grimmsnarl|Reflect|p1a: Grimmsnarl
|-sidestart|p1: mucino|Reflect
|move|p2a: Cinderace|Will-O-Wisp|p1a: Grimmsnarl
|-status|p1a: Grimmsnarl|brn
|
|-damage|p1a: Grimmsnarl|58/100 brn|[from] brn
|upkeep
|turn|18
|
|t:|1760415599
|move|p1a: Grimmsnarl|Taunt|p2a: Cinderace
|-start|p2a: Cinderace|move: Taunt
|cant|p2a: Cinderace|move: Taunt|Court Change
|
|-damage|p1a: Grimmsnarl|52/100 brn|[from] brn
|upkeep
|turn|19
|
|t:|1760415604
|switch|p1a: Primarina|Primarina, M|100/100
|move|p2a: Cinderace|U-turn|p1a: Primarina
|-resisted|p1a: Primarina
|-damage|p1a: Primarina|95/100
|
|t:|1760415607
|switch|p2a: Gliscor|Gliscor, F|16/100|[from] U-turn
|
|upkeep
|turn|20
|
|t:|1760415609
|move|p2a: Gliscor|Toxic|p1a: Primarina
|-status|p1a: Primarina|tox
|move|p1a: Primarina|Hyper Voice|p2a: Gliscor
|-supereffective|p2a: Gliscor
|-damage|p2a: Gliscor|0 fnt
|faint|p2a: Gliscor
|
|-damage|p1a: Primarina|89/100 tox|[from] psn
|upkeep
|
|t:|1760415612
|switch|p2a: Blissey|Blissey, F|56/100
|turn|21
|
|t:|1760415615
|switch|p1a: Grimmsnarl|Grimmsnarl, M|52/100 brn
|move|p2a: Blissey|Soft-Boiled|p2a: Blissey
|-heal|p2a: Blissey|100/100
|
|-damage|p1a: Grimmsnarl|45/100 brn|[from] brn
|upkeep
|turn|22
|
|t:|1760415618
|switch|p2a: Cinderace|Cinderace, M|77/100
|move|p1a: Grimmsnarl|Taunt|p2a: Cinderace
|-start|p2a: Cinderace|move: Taunt
|
|-damage|p1a: Grimmsnarl|39/100 brn|[from] brn
|upkeep
|turn|23
|
|t:|1760415621
|move|p2a: Cinderace|U-turn|p1a: Grimmsnarl
|-damage|p1a: Grimmsnarl|28/100 brn
|
|t:|1760415626
|switch|p2a: Iron Valiant|Iron Valiant|100/100|[from] U-turn
|move|p1a: Grimmsnarl|Spirit Break|p2a: Iron Valiant
|-supereffective|p2a: Iron Valiant
|-damage|p2a: Iron Valiant|46/100
|-unboost|p2a: Iron Valiant|spa|1
|
|-damage|p1a: Grimmsnarl|22/100 brn|[from] brn
|upkeep
|turn|24
|
|t:|1760415631
|move|p2a: Iron Valiant|Moonblast|p1a: Grimmsnarl
|-supereffective|p1a: Grimmsnarl
|-damage|p1a: Grimmsnarl|0 fnt
|faint|p1a: Grimmsnarl
|
|-sideend|p1: mucino|Reflect
|upkeep
|
|t:|1760415636
|switch|p1a: Primarina|Primarina, M|89/100 tox
|turn|25
|
|t:|1760415641
|move|p2a: Iron Valiant|Moonblast|p1a: Primarina
|-damage|p1a: Primarina|72/100 tox
|move|p1a: Primarina|Moonblast|p2a: Iron Valiant
|-supereffective|p2a: Iron Valiant
|-damage|p2a: Iron Valiant|0 fnt
|faint|p2a: Iron Valiant
|-end|p2a: Iron Valiant|Quark Drive|[silent]
|
|-damage|p1a: Primarina|66/100 tox|[from] psn
|upkeep
|
|t:|1760415644
|switch|p2a: Blissey|Blissey, F|100/100
|turn|26
|
|t:|1760415648
|move|p2a: Blissey|Soft-Boiled||[still]
|-fail|p2a: Blissey|heal
|move|p1a: Primarina|Moonblast|p2a: Blissey
|-damage|p2a: Blissey|83/100
|
|-damage|p1a: Primarina|54/100 tox|[from] psn
|upkeep
|turn|27
|
|t:|1760415652
|switch|p2a: Cinderace|Cinderace, M|77/100
|switch|p1a: Kingambit|Kingambit, F|100/100
|-activate|p1a: Kingambit|ability: Supreme Overlord
|-start|p1a: Kingambit|fallen3|[silent]
|
|upkeep
|turn|28
|
|t:|1760415655
|-end|p1a: Kingambit|fallen3|[silent]
|switch|p1a: Primarina|Primarina, M|54/100 tox
|move|p2a: Cinderace|Will-O-Wisp||[still]
|-fail|p2a: Cinderace
|
|-damage|p1a: Primarina|48/100 tox|[from] psn
|upkeep
|turn|29
|
|t:|1760415657
|move|p2a: Cinderace|U-turn|p1a: Primarina
|-resisted|p1a: Primarina
|-damage|p1a: Primarina|36/100 tox
|
|t:|1760415659
|switch|p2a: Blissey|Blissey, F|83/100|[from] U-turn
|move|p1a: Primarina|Hyper Voice|p2a: Blissey
|-damage|p2a: Blissey|67/100
|
|-damage|p1a: Primarina|24/100 tox|[from] psn
|upkeep
|turn|30
|
|t:|1760415663
|switch|p1a: Kingambit|Kingambit, F|100/100
|-activate|p1a: Kingambit|ability: Supreme Overlord
|-start|p1a: Kingambit|fallen3|[silent]
|move|p2a: Blissey|Calm Mind|p2a: Blissey
|-boost|p2a: Blissey|spa|1
|-boost|p2a: Blissey|spd|1
|
|upkeep
|turn|31
|
|t:|1760415666
|switch|p2a: Cinderace|Cinderace, M|77/100
|move|p1a: Kingambit|Iron Head|p2a: Cinderace
|-resisted|p2a: Cinderace
|-damage|p2a: Cinderace|40/100
|
|upkeep
|turn|32
|
|t:|1760415670
|-end|p1a: Kingambit|fallen3|[silent]
|switch|p1a: Primarina|Primarina, M|24/100 tox
|move|p2a: Cinderace|Pyro Ball|p1a: Primarina
|-resisted|p1a: Primarina
|-damage|p1a: Primarina|0 fnt
|faint|p1a: Primarina
|
|upkeep
|
|t:|1760415673
|switch|p1a: Porygon-Z|Porygon-Z|100/100
|turn|33
|
|t:|1760415676
|switch|p2a: Blissey|Blissey, F|67/100
|move|p1a: Porygon-Z|Tri Attack|p2a: Blissey
|-damage|p2a: Blissey|40/100
|
|upkeep
|turn|34
|
|t:|1760415679
|switch|p1a: Kingambit|Kingambit, F|100/100
|-activate|p1a: Kingambit|ability: Supreme Overlord
|-start|p1a: Kingambit|fallen4|[silent]
|move|p2a: Blissey|Thunder Wave|p1a: Kingambit
|-status|p1a: Kingambit|par
|
|upkeep
|turn|35
|
|t:|1760415682
|switch|p2a: Cinderace|Cinderace, M|40/100
|move|p1a: Kingambit|Iron Head|p2a: Cinderace
|-resisted|p2a: Cinderace
|-damage|p2a: Cinderace|1/100
|
|upkeep
|turn|36
|
|t:|1760415686
|move|p1a: Kingambit|Sucker Punch||[still]
|-fail|p1a: Kingambit
|move|p2a: Cinderace|Will-O-Wisp||[still]
|-fail|p2a: Cinderace
|
|upkeep
|turn|37
|
|t:|1760415689
|move|p2a: Cinderace|Pyro Ball|p1a: Kingambit
|-supereffective|p1a: Kingambit
|-damage|p1a: Kingambit|0 fnt
|faint|p1a: Kingambit
|-end|p1a: Kingambit|fallen4|[silent]
|
|upkeep
|
|t:|1760415691
|switch|p1a: Porygon-Z|Porygon-Z|100/100
|turn|38
|c|☆deus3xmachina|gg
|
|t:|1760415694
|move|p2a: Cinderace|Pyro Ball|p1a: Porygon-Z|[miss]
|-miss|p2a: Cinderace|p1a: Porygon-Z
|move|p1a: Porygon-Z|Tri Attack|p2a: Cinderace
|-damage|p2a: Cinderace|0 fnt
|faint|p2a: Cinderace
|
|upkeep
|
|t:|1760415696
|switch|p2a: Blissey|Blissey, F|40/100
|turn|39
|
|t:|1760415700
|-terastallize|p2a: Blissey|Ghost
|move|p1a: Porygon-Z|Tri Attack|p2a: Blissey
|-immune|p2a: Blissey
|move|p2a: Blissey|Flamethrower|p1a: Porygon-Z
|-damage|p1a: Porygon-Z|76/100
|
|upkeep
|turn|40
|-message|mucino forfeited.
|
|win|deus3xmachina
|raw|mucino's rating: 1334 &rarr; <strong>1315</strong><br />(-19 for losing)
|raw|deus3xmachina's rating: 1344 &rarr; <strong>1363</strong><br />(+19 for winning)
|l|☆mucino
|player|p1|
|l|☆deus3xmachina
|player|p2|
