|j|☆wyyxhsgsnd
|j|☆esekmangal
|t:|1760352005
|gametype|singles
|player|p1|wyyxhsgsnd|madame-gen4dp|1264
|player|p2|esekmangal|flannery|1231
|gen|9
|tier|[Gen 9] OU
|rated|
|rule|HP Percentage Mod: HP is shown in percentages
|rule|Endless Battle Clause: Forcing endless battles is banned
|rule|Species Clause: Limit one of each Pokémon
|rule|OHKO Clause: OHKO moves are banned
|rule|Evasion Items Clause: Evasion items are banned
|rule|Evasion Moves Clause: Evasion moves are banned
|rule|Evasion Abilities Clause: Evasion abilities are banned
|rule|Sleep Moves Clause: Sleep-inducing moves are banned
|clearpoke
|poke|p1|Charizard, M|
|poke|p1|Lycanroc-Dusk, F|
|poke|p1|Blaziken, F|
|poke|p1|Iron Crown|
|poke|p1|Darkrai|
|poke|p1|Great Tusk|
|poke|p2|Arcanine-Hisui, F|
|poke|p2|Ogerpon-Wellspring, F|
|poke|p2|Clodsire, M|
|poke|p2|Skarmory, F|
|poke|p2|Hatterene, F|
|poke|p2|Darkrai|
|teampreview
|
|t:|1760352013
|teamsize|p1|6
|teamsize|p2|6
|start
|switch|p1a: Lycanroc|Lycanroc-Dusk, F|100/100
|switch|p2a: Arcanine|Arcanine-Hisui, F|100/100
|turn|1
|inactive|Battle timer is ON: inactive players will automatically lose when time's up. (requested by wyyxhsgsnd)
|
|t:|1760352020
|move|p1a: Lycanroc|Stealth Rock|p2a: Arcanine
|-sidestart|p2: esekmangal|move: Stealth Rock
|move|p2a: Arcanine|Head Smash|p1a: Lycanroc
|-enditem|p1a: Lycanroc|Focus Sash
|-damage|p1a: Lycanroc|1/100
|
|upkeep
|turn|2
|
|t:|1760352025
|move|p1a: Lycanroc|Endeavor|p2a: Arcanine
|-damage|p2a: Arcanine|1/100
|move|p2a: Arcanine|Head Smash|p1a: Lycanroc
|-damage|p1a: Lycanroc|0 fnt
|faint|p1a: Lycanroc
|
|upkeep
|
|t:|1760352032
|switch|p1a: Great Tusk|Great Tusk|100/100
|-enditem|p1a: Great Tusk|Booster Energy
|-activate|p1a: Great Tusk|ability: Protosynthesis|[fromitem]
|-start|p1a: Great Tusk|protosynthesisspe
|turn|3
|
|t:|1760352039
|switch|p2a: Skarmory|Skarmory, F|100/100
|-damage|p2a: Skarmory|88/100|[from] Stealth Rock
|move|p1a: Great Tusk|Bulk Up|p1a: Great Tusk
|-boost|p1a: Great Tusk|atk|1
|-boost|p1a: Great Tusk|def|1
|
|upkeep
|turn|4
|
|t:|1760352043
|move|p1a: Great Tusk|Ice Spinner|p2a: Skarmory
|-damage|p2a: Skarmory|67/100
|-damage|p1a: Great Tusk|84/100|[from] item: Rocky Helmet|[of] p2a: Skarmory
|move|p2a: Skarmory|Stealth Rock|p1a: Great Tusk
|-sidestart|p1: wyyxhsgsnd|move: Stealth Rock
|
|upkeep
|turn|5
|
|t:|1760352050
|move|p1a: Great Tusk|Rapid Spin|p2a: Skarmory
|-resisted|p2a: Skarmory
|-damage|p2a: Skarmory|61/100
|-boost|p1a: Great Tusk|spe|1
|-damage|p1a: Great Tusk|67/100|[from] item: Rocky Helmet|[of] p2a: Skarmory
|-sideend|p1: wyyxhsgsnd|Stealth Rock|[from] move: Rapid Spin|[of] p1a: Great Tusk
|move|p2a: Skarmory|Brave Bird|p1a: Great Tusk
|-supereffective|p1a: Great Tusk
|-damage|p1a: Great Tusk|37/100
|-damage|p2a: Skarmory|48/100|[from] Recoil
|
|upkeep
|turn|6
|
|t:|1760352058
|-end|p1a: Great Tusk|Protosynthesis|[silent]
|switch|p1a: Charizard|Charizard, M|100/100
|move|p2a: Skarmory|Roost|p2a: Skarmory
|-heal|p2a: Skarmory|98/100
|-singleturn|p2a: Skarmory|move: Roost
|
|upkeep
|turn|7
|
|t:|1760352068
|switch|p2a: Clodsire|Clodsire, M|100/100
|-damage|p2a: Clodsire|94/100|[from] Stealth Rock
|move|p1a: Charizard|Belly Drum|p1a: Charizard
|-damage|p1a: Charizard|50/100
|-setboost|p1a: Charizard|atk|6|[from] move: Belly Drum
|-enditem|p1a: Charizard|Sitrus Berry|[eat]
|-heal|p1a: Charizard|75/100|[from] item: Sitrus Berry
|
|-heal|p2a: Clodsire|100/100|[from] item: Black Sludge
|upkeep
|turn|8
|
|t:|1760352079
|move|p2a: Clodsire|Protect|p2a: Clodsire
|-singleturn|p2a: Clodsire|Protect
|move|p1a: Charizard|Flame Charge|p2a: Clodsire
|-activate|p2a: Clodsire|move: Protect
|
|upkeep
|turn|9
|
|t:|1760352084
|-terastallize|p2a: Clodsire|Water
|move|p1a: Charizard|Flame Charge|p2a: Clodsire
|-resisted|p2a: Clodsire
|-damage|p2a: Clodsire|90/100
|-boost|p1a: Charizard|spe|1
|move|p2a: Clodsire|Toxic|p1a: Charizard
|-status|p1a: Charizard|tox
|
|-damage|p2a: Clodsire|77/100|[from] item: Black Sludge
|-damage|p1a: Charizard|69/100 tox|[from] psn
|upkeep
|turn|10
|
|t:|1760352093
|move|p2a: Clodsire|Protect|p2a: Clodsire
|-singleturn|p2a: Clodsire|Protect
|move|p1a: Charizard|Acrobatics|p2a: Clodsire
|-activate|p2a: Clodsire|move: Protect
|
|-damage|p2a: Clodsire|65/100|[from] item: Black Sludge
|-damage|p1a: Charizard|57/100 tox|[from] psn
|upkeep
|turn|11
|
|t:|1760352097
|move|p1a: Charizard|Acrobatics|p2a: Clodsire
|-damage|p2a: Clodsire|14/100
|move|p2a: Clodsire|Recover|p2a: Clodsire
|-heal|p2a: Clodsire|64/100
|
|-damage|p2a: Clodsire|52/100|[from] item: Black Sludge
|-damage|p1a: Charizard|39/100 tox|[from] psn
|upkeep
|turn|12
|
|t:|1760352105
|switch|p1a: Iron Crown|Iron Crown|100/100
|-enditem|p1a: Iron Crown|Booster Energy
|-activate|p1a: Iron Crown|ability: Quark Drive|[fromitem]
|-start|p1a: Iron Crown|quarkdrivespe
|move|p2a: Clodsire|Recover|p2a: Clodsire
|-heal|p2a: Clodsire|100/100
|
|-damage|p2a: Clodsire|88/100|[from] item: Black Sludge
|upkeep
|turn|13
|
|t:|1760352110
|move|p1a: Iron Crown|Calm Mind|p1a: Iron Crown
|-boost|p1a: Iron Crown|spa|1
|-boost|p1a: Iron Crown|spd|1
|move|p2a: Clodsire|Earth Power|p1a: Iron Crown
|-supereffective|p1a: Iron Crown
|-damage|p1a: Iron Crown|67/100
|-unboost|p1a: Iron Crown|spd|1
|
|-damage|p2a: Clodsire|75/100|[from] item: Black Sludge
|upkeep
|turn|14
|-message|wyyxhsgsnd forfeited.
|
|win|esekmangal
|raw|wyyxhsgsnd's rating: 1264 &rarr; <strong>1237</strong><br />(-27 for losing)
|raw|esekmangal's rating: 1231 &rarr; <strong>1258</strong><br />(+27 for winning)
|l|☆wyyxhsgsnd
|player|p1|
|l|☆esekmangal
|player|p2|
