|j|☆DowDadderLemon
|j|☆spongeon
|t:|1760450866
|gametype|singles
|player|p1|DowDadderLemon|266|1438
|player|p2|spongeon|169|1397
|gen|9
|tier|[Gen 9] OU
|rated|
|rule|HP Percentage Mod: HP is shown in percentages
|rule|Endless Battle Clause: Forcing endless battles is banned
|rule|Species Clause: Limit one of each Pokémon
|rule|OHKO Clause: OHKO moves are banned
|rule|Evasion Items Clause: Evasion items are banned
|rule|Evasion Moves Clause: Evasion moves are banned
|rule|Evasion Abilities Clause: Evasion abilities are banned
|rule|Sleep Moves Clause: Sleep-inducing moves are banned
|clearpoke
|poke|p1|Dusknoir, F|
|poke|p1|Hattrem, F|
|poke|p1|Donphan, L1, F|
|poke|p1|Rampardos, F|
|poke|p1|Braviary-Hisui, M|
|poke|p1|Deoxys-Defense|
|poke|p2|Zamazenta-*|
|poke|p2|Zapdos|
|poke|p2|Comfey, M|
|poke|p2|Sandslash-Alola, M|
|poke|p2|Slowking-Galar, F|
|poke|p2|Darkrai|
|teampreview
|inactive|Battle timer is ON: inactive players will automatically lose when time's up. (requested by DowDadderLemon)
|
|t:|1760450880
|teamsize|p1|6
|teamsize|p2|6
|start
|switch|p1a: Bait|Donphan, L1, F|100/100
|switch|p2a: Zapdos|Zapdos|100/100
|turn|1
|
|t:|1760450894
|move|p2a: Zapdos|Hurricane|p1a: Bait|[miss]
|-miss|p2a: Zapdos|p1a: Bait
|move|p1a: Bait|Endeavor|p2a: Zapdos
|-damage|p2a: Zapdos|5/100
|
|upkeep
|turn|2
|
|t:|1760450917
|move|p2a: Zapdos|Heat Wave|p1a: Bait
|-ability|p1a: Bait|Sturdy
|-damage|p1a: Bait|8/100
|-damage|p2a: Zapdos|0 fnt|[from] item: Life Orb
|faint|p2a: Zapdos
|move|p1a: Bait|Sandstorm|p1a: Bait
|-weather|Sandstorm
|
|-weather|Sandstorm|[upkeep]
|upkeep
|inactive|spongeon has 120 seconds left.
|
|t:|1760450933
|switch|p2a: Comfey|Comfey, M|100/100
|turn|3
|
|t:|1760450937
|move|p2a: Comfey|Draining Kiss|p1a: Bait
|-crit|p1a: Bait
|-damage|p1a: Bait|0 fnt
|faint|p1a: Bait
|
|-weather|Sandstorm|[upkeep]
|-damage|p2a: Comfey|94/100|[from] Sandstorm
|upkeep
|
|t:|1760450948
|switch|p1a: Dusknoir|Dusknoir, F|100/100
|-item|p2a: Comfey|Expert Belt|[from] ability: Frisk|[of] p1a: Dusknoir
|turn|4
|
|t:|1760450956
|switch|p2a: Darkrai|Darkrai|100/100
|move|p1a: Dusknoir|Poltergeist|p2a: Darkrai
|-activate|p2a: Darkrai|move: Poltergeist|Leftovers
|-resisted|p2a: Darkrai
|-damage|p2a: Darkrai|65/100
|
|-weather|Sandstorm|[upkeep]
|-damage|p2a: Darkrai|59/100|[from] Sandstorm
|-damage|p1a: Dusknoir|94/100|[from] Sandstorm
|-heal|p2a: Darkrai|65/100|[from] item: Leftovers
|upkeep
|turn|5
|
|t:|1760450970
|move|p2a: Darkrai|Substitute|p2a: Darkrai
|-start|p2a: Darkrai|Substitute
|-damage|p2a: Darkrai|40/100
|move|p1a: Dusknoir|Trick Room|p1a: Dusknoir
|-fieldstart|move: Trick Room|[of] p1a: Dusknoir
|
|-weather|Sandstorm|[upkeep]
|-damage|p1a: Dusknoir|88/100|[from] Sandstorm
|-damage|p2a: Darkrai|34/100|[from] Sandstorm
|-heal|p2a: Darkrai|40/100|[from] item: Leftovers
|upkeep
|turn|6
|
|t:|1760450983
|move|p1a: Dusknoir|Ice Punch|p2a: Darkrai
|-end|p2a: Darkrai|Substitute
|move|p2a: Darkrai|Nasty Plot|p2a: Darkrai
|-boost|p2a: Darkrai|spa|2
|
|-weather|none
|-heal|p2a: Darkrai|46/100|[from] item: Leftovers
|upkeep
|turn|7
|
|t:|1760451001
|-terastallize|p1a: Dusknoir|Ice
|move|p1a: Dusknoir|Ice Punch|p2a: Darkrai
|-damage|p2a: Darkrai|0 fnt
|faint|p2a: Darkrai
|
|upkeep
|
|t:|1760451014
|switch|p2a: Zamazenta|Zamazenta|100/100
|-ability|p2a: Zamazenta|Dauntless Shield|boost
|-boost|p2a: Zamazenta|def|1
|turn|8
|
|t:|1760451027
|move|p1a: Dusknoir|Poltergeist|p2a: Zamazenta
|-activate|p2a: Zamazenta|move: Poltergeist|Chesto Berry
|-damage|p2a: Zamazenta|77/100
|move|p2a: Zamazenta|Iron Defense|p2a: Zamazenta
|-boost|p2a: Zamazenta|def|2
|
|upkeep
|turn|9
|
|t:|1760451038
|switch|p1a: Deoxys|Deoxys-Defense|100/100
|-ability|p1a: Deoxys|Pressure
|move|p2a: Zamazenta|Iron Defense|p2a: Zamazenta
|-boost|p2a: Zamazenta|def|2
|
|-fieldend|move: Trick Room
|upkeep
|turn|10
|
|t:|1760451049
|move|p2a: Zamazenta|Body Press|p1a: Deoxys
|-resisted|p1a: Deoxys
|-damage|p1a: Deoxys|57/100
|move|p1a: Deoxys|Trick Room|p1a: Deoxys
|-fieldstart|move: Trick Room|[of] p1a: Deoxys
|
|upkeep
|turn|11
|
|t:|1760451055
|move|p1a: Deoxys|Psycho Boost|p2a: Zamazenta
|-supereffective|p2a: Zamazenta
|-damage|p2a: Zamazenta|15/100
|-unboost|p1a: Deoxys|spa|2
|-enditem|p1a: Deoxys|Eject Pack
|
|t:|1760451070
|switch|p1a: Braviary|Braviary-Hisui, M|100/100
|move|p2a: Zamazenta|Body Press|p1a: Braviary
|-resisted|p1a: Braviary
|-damage|p1a: Braviary|62/100
|
|upkeep
|turn|12
|
|t:|1760451089
|switch|p2a: Slowking|Slowking-Galar, F|100/100
|move|p1a: Braviary|Psychic|p2a: Slowking
|-damage|p2a: Slowking|47/100
|
|upkeep
|turn|13
|
|t:|1760451098
|-prepare|p2a: Slowking|Chilly Reception|[premajor]
|move|p2a: Slowking|Chilly Reception|p2a: Slowking
|-weather|Snowscape
|
|t:|1760451112
|switch|p2a: Comfey|Comfey, M|94/100|[from] Chilly Reception
|move|p1a: Braviary|Psychic|p2a: Comfey
|-damage|p2a: Comfey|14/100
|
|-weather|Snowscape|[upkeep]
|upkeep
|turn|14
|
|t:|1760451121
|move|p2a: Comfey|Draining Kiss|p1a: Braviary
|-damage|p1a: Braviary|39/100
|-heal|p2a: Comfey|38/100|[from] drain|[of] p1a: Braviary
|move|p1a: Braviary|Psychic|p2a: Comfey
|-damage|p2a: Comfey|0 fnt
|faint|p2a: Comfey
|
|-weather|Snowscape|[upkeep]
|-fieldend|move: Trick Room
|upkeep
|
|t:|1760451128
|switch|p2a: Slowking|Slowking-Galar, F|80/100
|turn|15
|
|t:|1760451135
|move|p1a: Braviary|Hurricane|p2a: Slowking
|-damage|p2a: Slowking|9/100
|-prepare|p2a: Slowking|Chilly Reception|[premajor]
|move|p2a: Slowking|Chilly Reception|p2a: Slowking
|
|t:|1760451143
|switch|p2a: Sandslash|Sandslash-Alola, M|100/100|[from] Chilly Reception
|
|-weather|Snowscape|[upkeep]
|upkeep
|turn|16
|
|t:|1760451151
|move|p1a: Braviary|Vacuum Wave|p2a: Sandslash
|-supereffective|p2a: Sandslash
|-damage|p2a: Sandslash|2/100
|-damage|p1a: Braviary|29/100|[from] item: Life Orb
|move|p2a: Sandslash|Swords Dance|p2a: Sandslash
|-boost|p2a: Sandslash|atk|2
|
|-weather|Snowscape|[upkeep]
|upkeep
|turn|17
|
|t:|1760451157
|move|p1a: Braviary|Vacuum Wave|p2a: Sandslash
|-supereffective|p2a: Sandslash
|-damage|p2a: Sandslash|0 fnt
|faint|p2a: Sandslash
|-damage|p1a: Braviary|19/100|[from] item: Life Orb
|
|-weather|Snowscape|[upkeep]
|upkeep
|
|t:|1760451161
|switch|p2a: Slowking|Slowking-Galar, F|42/100
|turn|18
|
|t:|1760451167
|move|p1a: Braviary|Psychic|p2a: Slowking
|-damage|p2a: Slowking|0 fnt
|faint|p2a: Slowking
|
|-weather|Snowscape|[upkeep]
|upkeep
|
|t:|1760451169
|switch|p2a: Zamazenta|Zamazenta|15/100
|turn|19
|
|t:|1760451175
|move|p1a: Braviary|Vacuum Wave|p2a: Zamazenta
|-damage|p2a: Zamazenta|0 fnt
|faint|p2a: Zamazenta
|-damage|p1a: Braviary|9/100|[from] item: Life Orb
|
|win|DowDadderLemon
|raw|DowDadderLemon's rating: 1438 &rarr; <strong>1456</strong><br />(+18 for winning)
|raw|spongeon's rating: 1397 &rarr; <strong>1379</strong><br />(-18 for losing)
|l|☆spongeon
|player|p2|
|l|☆DowDadderLemon
|player|p1|
