|j|☆suicidalwatermelon
|j|☆leosyspu
|t:|1760429212
|gametype|singles
|player|p1|suicidalwatermelon|nurse|1284
|player|p2|leosyspu|cynthia|1282
|gen|9
|tier|[Gen 9] OU
|rated|
|rule|HP Percentage Mod: HP is shown in percentages
|rule|Endless Battle Clause: Forcing endless battles is banned
|rule|Species Clause: Limit one of each Pokémon
|rule|OHKO Clause: OHKO moves are banned
|rule|Evasion Items Clause: Evasion items are banned
|rule|Evasion Moves Clause: Evasion moves are banned
|rule|Evasion Abilities Clause: Evasion abilities are banned
|rule|Sleep Moves Clause: Sleep-inducing moves are banned
|clearpoke
|poke|p1|Ursaluna, M|
|poke|p1|Meowscarada, F|
|poke|p1|Slowking-Galar, F|
|poke|p1|Great Tusk|
|poke|p1|Moltres|
|poke|p1|Gholdengo|
|poke|p2|Gardevoir, F|
|poke|p2|Galvantula, F|
|poke|p2|Cinderace, M|
|poke|p2|Conkeldurr, M|
|poke|p2|Empoleon, M|
|poke|p2|Arcanine-Hisui, M|
|teampreview
|inactive|Battle timer is ON: inactive players will automatically lose when time's up. (requested by leosyspu)
|
|t:|1760429220
|teamsize|p1|6
|teamsize|p2|6
|start
|switch|p1a: Moltres|Moltres|100/100
|switch|p2a: Arcanine|Arcanine-Hisui, M|100/100
|turn|1
|j| Bulma's Panties
|
|t:|1760429229
|switch|p1a: Great Tusk|Great Tusk|100/100
|move|p2a: Arcanine|Flare Blitz|p1a: Great Tusk
|-damage|p1a: Great Tusk|37/100
|-damage|p2a: Arcanine|84/100|[from] item: Rocky Helmet|[of] p1a: Great Tusk
|
|upkeep
|turn|2
|l| Bulma's Panties
|
|t:|1760429244
|-end|p1a: Great Tusk|Protosynthesis|[silent]
|switch|p1a: Moltres|Moltres|100/100
|move|p2a: Arcanine|Flare Blitz|p1a: Moltres
|-resisted|p1a: Moltres
|-damage|p1a: Moltres|72/100
|
|upkeep
|turn|3
|
|t:|1760429261
|move|p2a: Arcanine|Flare Blitz|p1a: Moltres
|-resisted|p1a: Moltres
|-damage|p1a: Moltres|41/100
|move|p1a: Moltres|U-turn|p2a: Arcanine
|-resisted|p2a: Arcanine
|-damage|p2a: Arcanine|75/100
|
|t:|1760429264
|switch|p1a: Ursaluna|Ursaluna, M|100/100|[from] U-turn
|
|upkeep
|turn|4
|
|t:|1760429271
|move|p2a: Arcanine|Flare Blitz|p1a: Ursaluna
|-damage|p1a: Ursaluna|36/100
|move|p1a: Ursaluna|Bulk Up|p1a: Ursaluna
|-boost|p1a: Ursaluna|atk|1
|-boost|p1a: Ursaluna|def|1
|
|-heal|p1a: Ursaluna|42/100|[from] item: Leftovers
|upkeep
|turn|5
|
|t:|1760429280
|move|p1a: Ursaluna|Protect|p1a: Ursaluna
|-singleturn|p1a: Ursaluna|Protect
|move|p2a: Arcanine|Flare Blitz|p1a: Ursaluna
|-activate|p1a: Ursaluna|move: Protect
|
|-heal|p1a: Ursaluna|48/100|[from] item: Leftovers
|upkeep
|turn|6
|
|t:|1760429287
|move|p2a: Arcanine|Flare Blitz|p1a: Ursaluna
|-damage|p1a: Ursaluna|9/100
|move|p1a: Ursaluna|Earthquake|p2a: Arcanine
|-supereffective|p2a: Arcanine
|-damage|p2a: Arcanine|0 fnt
|faint|p2a: Arcanine
|
|-heal|p1a: Ursaluna|15/100|[from] item: Leftovers
|upkeep
|
|t:|1760429297
|switch|p2a: Galvantula|Galvantula, F|100/100
|turn|7
|
|t:|1760429303
|move|p2a: Galvantula|Energy Ball|p1a: Ursaluna
|-supereffective|p1a: Ursaluna
|-damage|p1a: Ursaluna|0 fnt
|faint|p1a: Ursaluna
|
|upkeep
|
|t:|1760429316
|switch|p1a: Slowking|Slowking-Galar, F|100/100
|turn|8
|
|t:|1760429320
|move|p2a: Galvantula|Sticky Web|p1a: Slowking
|-sidestart|p1: suicidalwatermelon|move: Sticky Web
|move|p1a: Slowking|Toxic Spikes|p2a: Galvantula
|-sidestart|p2: leosyspu|move: Toxic Spikes
|
|upkeep
|turn|9
|
|t:|1760429325
|switch|p2a: Empoleon|Empoleon, M|100/100
|move|p1a: Slowking|Toxic Spikes|p2a: Empoleon
|-sidestart|p2: leosyspu|move: Toxic Spikes
|
|upkeep
|turn|10
|
|t:|1760429331
|switch|p1a: Gholdengo|Gholdengo|100/100
|-activate|p1a: Gholdengo|move: Sticky Web
|-unboost|p1a: Gholdengo|spe|1
|move|p2a: Empoleon|Stealth Rock|p1a: Gholdengo
|-sidestart|p1: suicidalwatermelon|move: Stealth Rock
|
|upkeep
|turn|11
|
|t:|1760429339
|switch|p2a: Cinderace|Cinderace, M|100/100
|move|p1a: Gholdengo|Shadow Ball|p2a: Cinderace
|-damage|p2a: Cinderace|39/100
|
|upkeep
|turn|12
|
|t:|1760429346
|move|p2a: Cinderace|Pyro Ball|p1a: Gholdengo
|-supereffective|p1a: Gholdengo
|-damage|p1a: Gholdengo|0 fnt
|faint|p1a: Gholdengo
|
|upkeep
|
|t:|1760429350
|switch|p1a: Great Tusk|Great Tusk|37/100
|-activate|p1a: Great Tusk|move: Sticky Web
|-unboost|p1a: Great Tusk|spe|1
|-damage|p1a: Great Tusk|34/100|[from] Stealth Rock
|turn|13
|
|t:|1760429355
|-terastallize|p1a: Great Tusk|Fire
|move|p2a: Cinderace|Pyro Ball|p1a: Great Tusk
|-resisted|p1a: Great Tusk
|-damage|p1a: Great Tusk|14/100
|move|p1a: Great Tusk|Rapid Spin|p2a: Cinderace
|-damage|p2a: Cinderace|13/100
|-boost|p1a: Great Tusk|spe|1
|-sideend|p1: suicidalwatermelon|Stealth Rock|[from] move: Rapid Spin|[of] p1a: Great Tusk
|-sideend|p1: suicidalwatermelon|Sticky Web|[from] move: Rapid Spin|[of] p1a: Great Tusk
|
|upkeep
|turn|14
|
|t:|1760429370
|-end|p1a: Great Tusk|Protosynthesis|[silent]
|switch|p1a: Moltres|Moltres|41/100
|move|p2a: Cinderace|Pyro Ball|p1a: Moltres
|-resisted|p1a: Moltres
|-damage|p1a: Moltres|22/100
|
|upkeep
|turn|15
|
|t:|1760429381
|-terastallize|p2a: Cinderace|Fire
|move|p2a: Cinderace|Pyro Ball|p1a: Moltres
|-resisted|p1a: Moltres
|-damage|p1a: Moltres|0 fnt
|faint|p1a: Moltres
|
|upkeep
|
|t:|1760429389
|switch|p1a: Meowscarada|Meowscarada, F|100/100
|turn|16
|l|☆leosyspu
|inactive|leosyspu disconnected and has a minute to reconnect!
|player|p2|
|j|☆leosyspu
|inactive|leosyspu reconnected and has 145 seconds left.
|player|p2|leosyspu|cynthia|
|
|t:|1760429405
|move|p2a: Cinderace|Sucker Punch|p1a: Meowscarada
|-resisted|p1a: Meowscarada
|-damage|p1a: Meowscarada|83/100
|move|p1a: Meowscarada|Knock Off|p2a: Cinderace
|-damage|p2a: Cinderace|0 fnt
|-enditem|p2a: Cinderace|Heavy-Duty Boots|[from] move: Knock Off|[of] p1a: Meowscarada
|faint|p2a: Cinderace
|
|upkeep
|
|t:|1760429414
|switch|p2a: Conkeldurr|Conkeldurr, M|100/100
|-status|p2a: Conkeldurr|tox
|turn|17
|
|t:|1760429419
|switch|p1a: Great Tusk|Great Tusk, tera:Fire|14/100
|move|p2a: Conkeldurr|Knock Off|p1a: Great Tusk
|-damage|p1a: Great Tusk|0 fnt
|-damage|p2a: Conkeldurr|84/100 tox|[from] item: Rocky Helmet|[of] p1a: Great Tusk
|-enditem|p1a: Great Tusk|Rocky Helmet|[from] move: Knock Off|[of] p2a: Conkeldurr
|faint|p1a: Great Tusk
|-end|p1a: Great Tusk|Protosynthesis|[silent]
|
|-damage|p2a: Conkeldurr|78/100 tox|[from] psn
|upkeep
|
|t:|1760429426
|switch|p1a: Slowking|Slowking-Galar, F|100/100
|turn|18
|
|t:|1760429432
|move|p2a: Conkeldurr|Knock Off|p1a: Slowking
|-supereffective|p1a: Slowking
|-damage|p1a: Slowking|10/100
|-enditem|p1a: Slowking|Heavy-Duty Boots|[from] move: Knock Off|[of] p2a: Conkeldurr
|move|p1a: Slowking|Future Sight|p2a: Conkeldurr
|-start|p1a: Slowking|move: Future Sight
|
|-damage|p2a: Conkeldurr|66/100 tox|[from] psn
|upkeep
|turn|19
|
|t:|1760429440
|move|p2a: Conkeldurr|Drain Punch|p1a: Slowking
|-resisted|p1a: Slowking
|-damage|p1a: Slowking|0 fnt
|-heal|p2a: Conkeldurr|70/100 tox|[from] drain|[of] p1a: Slowking
|faint|p1a: Slowking
|
|-damage|p2a: Conkeldurr|52/100 tox|[from] psn
|upkeep
|
|t:|1760429442
|switch|p1a: Meowscarada|Meowscarada, F|83/100
|turn|20
|
|t:|1760429450
|move|p2a: Conkeldurr|Mach Punch|p1a: Meowscarada
|-supereffective|p1a: Meowscarada
|-damage|p1a: Meowscarada|0 fnt
|faint|p1a: Meowscarada
|
|win|leosyspu
|raw|suicidalwatermelon's rating: 1284 &rarr; <strong>1259</strong><br />(-25 for losing)
|raw|leosyspu's rating: 1282 &rarr; <strong>1307</strong><br />(+25 for winning)
|l|☆suicidalwatermelon
|player|p1|
|l|☆leosyspu
|player|p2|
