|j|☆UhHowDoIWin
|j|☆gotissues
|t:|1760375368
|gametype|singles
|player|p1|UhHowDoIWin|skierf|1051
|player|p2|gotissues|hiker-gen4|1100
|gen|9
|tier|[Gen 9] OU
|rated|
|rule|HP Percentage Mod: HP is shown in percentages
|rule|Endless Battle Clause: Forcing endless battles is banned
|rule|Species Clause: Limit one of each Pokémon
|rule|OHKO Clause: OHKO moves are banned
|rule|Evasion Items Clause: Evasion items are banned
|rule|Evasion Moves Clause: Evasion moves are banned
|rule|Evasion Abilities Clause: Evasion abilities are banned
|rule|Sleep Moves Clause: Sleep-inducing moves are banned
|clearpoke
|poke|p1|Feraligatr, M|
|poke|p1|Rotom|
|poke|p1|Heatran, M|
|poke|p1|Hatterene, F|
|poke|p1|Garchomp, M|
|poke|p1|Meowscarada, F|
|poke|p2|Slowking-Galar, M|
|poke|p2|Hoopa-Unbound|
|poke|p2|Zamazenta-*|
|poke|p2|Oricorio, F|
|poke|p2|Zoroark-Hisui, M|
|poke|p2|Goodra-Hisui, M|
|teampreview
|inactive|Battle timer is ON: inactive players will automatically lose when time's up. (requested by gotissues)
|
|t:|1760375380
|teamsize|p1|6
|teamsize|p2|6
|start
|switch|p1a: Not A Legendary|Heatran, M|100/100
|switch|p2a: Goodra|Goodra-Hisui, M, shiny|100/100
|turn|1
|
|t:|1760375405
|move|p2a: Goodra|Trick|p1a: Not A Legendary
|-activate|p2a: Goodra|move: Trick|[of] p1a: Not A Legendary
|-item|p1a: Not A Legendary|Choice Scarf|[from] move: Trick
|-item|p2a: Goodra|Leftovers|[from] move: Trick
|move|p1a: Not A Legendary|Stealth Rock|p2a: Goodra
|-sidestart|p2: gotissues|move: Stealth Rock
|
|upkeep
|turn|2
|
|t:|1760375423
|switch|p1a: Cynthia Spawn|Garchomp, M|100/100
|move|p2a: Goodra|Bitter Malice|p1a: Cynthia Spawn
|-damage|p1a: Cynthia Spawn|45/100
|-unboost|p1a: Cynthia Spawn|atk|1
|
|upkeep
|turn|3
|
|t:|1760375434
|move|p1a: Cynthia Spawn|Swords Dance|p1a: Cynthia Spawn
|-boost|p1a: Cynthia Spawn|atk|2
|move|p2a: Goodra|Bitter Malice|p1a: Cynthia Spawn
|-damage|p1a: Cynthia Spawn|0 fnt
|faint|p1a: Cynthia Spawn
|
|upkeep
|inactive|UhHowDoIWin has 120 seconds left.
|
|t:|1760375445
|switch|p1a: Not A Legendary|Heatran, M|100/100
|turn|4
|
|t:|1760375449
|move|p2a: Goodra|U-turn|p1a: Not A Legendary
|-resisted|p1a: Not A Legendary
|-damage|p1a: Not A Legendary|98/100
|
|t:|1760375452
|switch|p2a: Oricorio|Oricorio, F, shiny|100/100|[from] U-turn
|-damage|p2a: Oricorio|50/100|[from] Stealth Rock
|move|p1a: Not A Legendary|Flare Blitz|p2a: Oricorio
|-resisted|p2a: Oricorio
|-damage|p2a: Oricorio|28/100
|-damage|p1a: Not A Legendary|92/100|[from] Recoil
|-enditem|p2a: Oricorio|Red Card|[of] p1a: Not A Legendary
|drag|p1a: Underrated Mon|Feraligatr, M|100/100
|
|upkeep
|turn|5
|
|t:|1760375477
|move|p1a: Underrated Mon|Agility|p1a: Underrated Mon
|-boost|p1a: Underrated Mon|spe|2
|move|p2a: Oricorio|Roost|p2a: Oricorio
|-heal|p2a: Oricorio|78/100
|-singleturn|p2a: Oricorio|move: Roost
|
|upkeep
|turn|6
|
|t:|1760375494
|move|p1a: Underrated Mon|Liquidation|p2a: Oricorio
|-supereffective|p2a: Oricorio
|-damage|p2a: Oricorio|0 fnt
|faint|p2a: Oricorio
|
|upkeep
|inactive|gotissues has 120 seconds left.
|
|t:|1760375512
|switch|p2a: Zamazenta|Zamazenta|100/100
|-damage|p2a: Zamazenta|94/100|[from] Stealth Rock
|-ability|p2a: Zamazenta|Dauntless Shield|boost
|-boost|p2a: Zamazenta|def|1
|turn|7
|
|t:|1760375531
|-terastallize|p1a: Underrated Mon|Water
|move|p1a: Underrated Mon|Liquidation|p2a: Zamazenta
|-damage|p2a: Zamazenta|56/100
|move|p2a: Zamazenta|Iron Defense|p2a: Zamazenta
|-boost|p2a: Zamazenta|def|2
|
|-heal|p2a: Zamazenta|62/100|[from] item: Leftovers
|upkeep
|turn|8
|
|t:|1760375545
|move|p1a: Underrated Mon|Liquidation|p2a: Zamazenta
|-damage|p2a: Zamazenta|41/100
|move|p2a: Zamazenta|Body Press|p1a: Underrated Mon
|-damage|p1a: Underrated Mon|0 fnt
|faint|p1a: Underrated Mon
|
|-heal|p2a: Zamazenta|48/100|[from] item: Leftovers
|upkeep
|
|t:|1760375554
|switch|p1a: Motor|Rotom|100/100
|turn|9
|
|t:|1760375560
|move|p1a: Motor|Shadow Ball|p2a: Zamazenta
|-damage|p2a: Zamazenta|16/100
|move|p2a: Zamazenta|Crunch|p1a: Motor
|-supereffective|p1a: Motor
|-damage|p1a: Motor|29/100
|-unboost|p1a: Motor|def|1
|
|-heal|p2a: Zamazenta|22/100|[from] item: Leftovers
|upkeep
|turn|10
|
|t:|1760375571
|switch|p2a: Goodra|Goodra-Hisui, M, shiny|100/100
|-damage|p2a: Goodra|88/100|[from] Stealth Rock
|move|p1a: Motor|Shadow Ball|p2a: Goodra
|-immune|p2a: Goodra
|
|-heal|p2a: Goodra|94/100|[from] item: Leftovers
|upkeep
|turn|11
|
|t:|1760375586
|switch|p1a: Wizard|Hatterene, F|100/100
|move|p2a: Goodra|Bitter Malice|p1a: Wizard
|-supereffective|p1a: Wizard
|-damage|p1a: Wizard|25/100
|-unboost|p1a: Wizard|atk|1
|
|-heal|p2a: Goodra|99/100|[from] item: Leftovers
|upkeep
|turn|12
|
|t:|1760375600
|move|p2a: Goodra|Bitter Malice|p1a: Wizard
|-supereffective|p1a: Wizard
|-damage|p1a: Wizard|0 fnt
|faint|p1a: Wizard
|
|-heal|p2a: Goodra|100/100|[from] item: Leftovers
|upkeep
|
|t:|1760375610
|switch|p1a: Not A Legendary|Heatran, M|92/100
|turn|13
|
|t:|1760375613
|move|p2a: Goodra|U-turn|p1a: Not A Legendary
|-resisted|p1a: Not A Legendary
|-damage|p1a: Not A Legendary|90/100
|-message|UhHowDoIWin forfeited.
|
|win|gotissues
|raw|UhHowDoIWin's rating: 1051 &rarr; <strong>1036</strong><br />(-15 for losing)
|raw|gotissues's rating: 1100 &rarr; <strong>1121</strong><br />(+21 for winning)
|l|☆UhHowDoIWin
|player|p1|
|l|☆gotissues
|player|p2|
