|j|☆xianggujun
|j|☆jinshanghongmao
|t:|1760332899
|gametype|singles
|player|p1|xianggujun|lass-gen4dp|1184
|player|p2|jinshanghongmao|rosa|1150
|gen|9
|tier|[Gen 9] OU
|rated|
|rule|HP Percentage Mod: HP is shown in percentages
|rule|Endless Battle Clause: Forcing endless battles is banned
|rule|Species Clause: Limit one of each Pokémon
|rule|OHKO Clause: OHKO moves are banned
|rule|Evasion Items Clause: Evasion items are banned
|rule|Evasion Moves Clause: Evasion moves are banned
|rule|Evasion Abilities Clause: Evasion abilities are banned
|rule|Sleep Moves Clause: Sleep-inducing moves are banned
|clearpoke
|poke|p1|Pelipper, M|
|poke|p1|Barraskewda, F|
|poke|p1|Zapdos|
|poke|p1|Clodsire, M|
|poke|p1|Corviknight, F|
|poke|p1|Incineroar, F|
|poke|p2|Pelipper, F|
|poke|p2|Vaporeon, M|
|poke|p2|Clodsire, M|
|poke|p2|Hydrapple, F|
|poke|p2|Corviknight, M|
|poke|p2|Zapdos|
|teampreview
|inactive|Battle timer is ON: inactive players will automatically lose when time's up. (requested by xianggujun)
|
|t:|1760332909
|teamsize|p1|6
|teamsize|p2|6
|start
|switch|p1a: Clodsire|Clodsire, M|100/100
|switch|p2a: Zapdos|Zapdos|100/100
|turn|1
|
|t:|1760332922
|switch|p2a: Pelipper|Pelipper, F|100/100
|-weather|RainDance|[from] ability: Drizzle|[of] p2a: Pelipper
|move|p1a: Clodsire|Stealth Rock|p2a: Pelipper
|-sidestart|p2: jinshanghongmao|move: Stealth Rock
|
|-weather|RainDance|[upkeep]
|upkeep
|turn|2
|
|t:|1760332929
|move|p2a: Pelipper|Tailwind|p2a: Pelipper
|-sidestart|p2: jinshanghongmao|move: Tailwind
|move|p1a: Clodsire|Toxic|p2a: Pelipper
|-status|p2a: Pelipper|tox
|
|-weather|RainDance|[upkeep]
|-damage|p2a: Pelipper|94/100 tox|[from] psn
|upkeep
|turn|3
|
|t:|1760332936
|switch|p1a: Corviknight|Corviknight, F|100/100
|-ability|p1a: Corviknight|Pressure
|move|p2a: Pelipper|U-turn|p1a: Corviknight
|-resisted|p1a: Corviknight
|-damage|p1a: Corviknight|99/100
|-damage|p2a: Pelipper|78/100 tox|[from] item: Rocky Helmet|[of] p1a: Corviknight
|
|t:|1760332940
|switch|p2a: Zapdos|Zapdos|100/100|[from] U-turn
|-damage|p2a: Zapdos|76/100|[from] Stealth Rock
|
|-weather|RainDance|[upkeep]
|upkeep
|turn|4
|
|t:|1760332964
|move|p2a: Zapdos|Thunder|p1a: Corviknight
|-supereffective|p1a: Corviknight
|-damage|p1a: Corviknight|0 fnt
|faint|p1a: Corviknight
|
|-weather|RainDance|[upkeep]
|upkeep
|inactive|xianggujun has 120 seconds left.
|
|t:|1760333002
|switch|p1a: Clodsire|Clodsire, M|100/100
|turn|5
|
|t:|1760333016
|switch|p2a: Pelipper|Pelipper, F|78/100 tox
|-damage|p2a: Pelipper|53/100 tox|[from] Stealth Rock
|switch|p1a: Incineroar|Incineroar, F|100/100
|-ability|p1a: Incineroar|Intimidate|boost
|-unboost|p2a: Pelipper|atk|1
|
|-weather|RainDance|[upkeep]
|-damage|p2a: Pelipper|47/100 tox|[from] psn
|-sideend|p2: jinshanghongmao|move: Tailwind
|upkeep
|turn|6
|
|t:|1760333032
|switch|p1a: Clodsire|Clodsire, M|100/100
|move|p2a: Pelipper|Roost|p2a: Pelipper
|-heal|p2a: Pelipper|97/100 tox
|-singleturn|p2a: Pelipper|move: Roost
|
|-weather|RainDance|[upkeep]
|-damage|p2a: Pelipper|85/100 tox|[from] psn
|upkeep
|turn|7
|
|t:|1760333042
|switch|p1a: Pelipper|Pelipper, M|100/100
|move|p2a: Pelipper|Tailwind|p2a: Pelipper
|-sidestart|p2: jinshanghongmao|move: Tailwind
|
|-weather|RainDance|[upkeep]
|-damage|p2a: Pelipper|66/100 tox|[from] psn
|upkeep
|turn|8
|
|t:|1760333059
|switch|p2a: Clodsire|Clodsire, M|100/100
|-damage|p2a: Clodsire|94/100|[from] Stealth Rock
|move|p1a: Pelipper|Ice Beam|p2a: Clodsire
|-supereffective|p2a: Clodsire
|-damage|p2a: Clodsire|69/100
|-status|p2a: Clodsire|frz
|
|-weather|none
|-heal|p2a: Clodsire|75/100 frz|[from] item: Leftovers
|upkeep
|turn|9
|
|t:|1760333069
|move|p1a: Pelipper|Ice Beam|p2a: Clodsire
|-supereffective|p2a: Clodsire
|-damage|p2a: Clodsire|48/100 frz
|-curestatus|p2a: Clodsire|frz|[msg]
|move|p2a: Clodsire|Recover|p2a: Clodsire
|-heal|p2a: Clodsire|98/100
|
|-heal|p2a: Clodsire|100/100|[from] item: Leftovers
|upkeep
|turn|10
|
|t:|1760333079
|move|p1a: Pelipper|U-turn|p2a: Clodsire
|-resisted|p2a: Clodsire
|-damage|p2a: Clodsire|96/100
|
|t:|1760333082
|switch|p1a: Clodsire|Clodsire, M|100/100|[from] U-turn
|move|p2a: Clodsire|Toxic|p1a: Clodsire
|-immune|p1a: Clodsire
|
|-heal|p2a: Clodsire|100/100|[from] item: Leftovers
|-sideend|p2: jinshanghongmao|move: Tailwind
|upkeep
|turn|11
|inactive|xianggujun has 120 seconds left.
|
|t:|1760333096
|switch|p2a: Corviknight|Corviknight, M|100/100
|-damage|p2a: Corviknight|88/100|[from] Stealth Rock
|-ability|p2a: Corviknight|Pressure
|move|p1a: Clodsire|Earthquake|p2a: Corviknight
|-immune|p2a: Corviknight
|
|upkeep
|turn|12
|inactive|xianggujun has 120 seconds left.
|
|t:|1760333104
|switch|p1a: Incineroar|Incineroar, F|100/100
|-ability|p1a: Incineroar|Intimidate|boost
|-unboost|p2a: Corviknight|atk|1
|move|p2a: Corviknight|Defog|p1a: Incineroar
|-unboost|p1a: Incineroar|evasion|1
|-sideend|p2: jinshanghongmao|Stealth Rock|[from] move: Defog|[of] p2a: Corviknight
|
|upkeep
|turn|13
|
|t:|1760333125
|switch|p2a: Pelipper|Pelipper, F|66/100 tox
|-weather|RainDance|[from] ability: Drizzle|[of] p2a: Pelipper
|move|p1a: Incineroar|Knock Off|p2a: Pelipper
|-damage|p2a: Pelipper|38/100 tox
|-enditem|p2a: Pelipper|Damp Rock|[from] move: Knock Off|[of] p1a: Incineroar
|
|-weather|RainDance|[upkeep]
|-damage|p2a: Pelipper|32/100 tox|[from] psn
|upkeep
|turn|14
|
|t:|1760333137
|move|p2a: Pelipper|Roost|p2a: Pelipper
|-heal|p2a: Pelipper|82/100 tox
|-singleturn|p2a: Pelipper|move: Roost
|move|p1a: Incineroar|Knock Off|p2a: Pelipper
|-damage|p2a: Pelipper|63/100 tox
|
|-weather|RainDance|[upkeep]
|-damage|p2a: Pelipper|51/100 tox|[from] psn
|upkeep
|turn|15
|
|t:|1760333145
|switch|p2a: Vaporeon|Vaporeon, M|100/100
|move|p1a: Incineroar|Parting Shot|p2a: Vaporeon
|-unboost|p2a: Vaporeon|atk|1
|-unboost|p2a: Vaporeon|spa|1
|
|t:|1760333150
|switch|p1a: Zapdos|Zapdos|100/100|[from] Parting Shot
|
|-weather|RainDance|[upkeep]
|upkeep
|turn|16
|
|t:|1760333159
|switch|p2a: Clodsire|Clodsire, M|100/100
|move|p1a: Zapdos|Weather Ball|p2a: Clodsire
|-immune|p2a: Clodsire|[from] ability: Water Absorb
|
|-weather|RainDance|[upkeep]
|upkeep
|turn|17
|
|t:|1760333166
|move|p1a: Zapdos|Hurricane|p2a: Clodsire
|-damage|p2a: Clodsire|73/100
|-start|p2a: Clodsire|confusion
|-activate|p2a: Clodsire|confusion
|-damage|p2a: Clodsire|65/100|[from] confusion
|
|-weather|RainDance|[upkeep]
|-heal|p2a: Clodsire|71/100|[from] item: Leftovers
|upkeep
|turn|18
|
|t:|1760333179
|switch|p1a: Clodsire|Clodsire, M|100/100
|-activate|p2a: Clodsire|confusion
|-damage|p2a: Clodsire|63/100|[from] confusion
|
|-weather|RainDance|[upkeep]
|-heal|p2a: Clodsire|69/100|[from] item: Leftovers
|upkeep
|turn|19
|
|t:|1760333191
|switch|p2a: Corviknight|Corviknight, M|88/100
|-ability|p2a: Corviknight|Pressure
|move|p1a: Clodsire|Stealth Rock|p2a: Corviknight
|-sidestart|p2: jinshanghongmao|move: Stealth Rock
|
|-weather|RainDance|[upkeep]
|upkeep
|turn|20
|
|t:|1760333201
|switch|p1a: Incineroar|Incineroar, F|100/100
|-ability|p1a: Incineroar|Intimidate|boost
|-unboost|p2a: Corviknight|atk|1
|move|p2a: Corviknight|Defog|p1a: Incineroar
|-unboost|p1a: Incineroar|evasion|1
|-sideend|p2: jinshanghongmao|Stealth Rock|[from] move: Defog|[of] p2a: Corviknight
|
|-weather|none
|upkeep
|turn|21
|
|t:|1760333210
|move|p2a: Corviknight|Body Press|p1a: Incineroar
|-supereffective|p1a: Incineroar
|-damage|p1a: Incineroar|67/100
|move|p1a: Incineroar|Will-O-Wisp|p2a: Corviknight
|-status|p2a: Corviknight|brn
|
|-damage|p2a: Corviknight|82/100 brn|[from] brn
|upkeep
|turn|22
|
|t:|1760333219
|move|p2a: Corviknight|U-turn|p1a: Incineroar
|-damage|p1a: Incineroar|64/100
|
|t:|1760333225
|switch|p2a: Pelipper|Pelipper, F|51/100 tox|[from] U-turn
|-weather|RainDance|[from] ability: Drizzle|[of] p2a: Pelipper
|move|p1a: Incineroar|Drain Punch|p2a: Pelipper
|-resisted|p2a: Pelipper
|-damage|p2a: Pelipper|44/100 tox
|-heal|p1a: Incineroar|67/100|[from] drain|[of] p2a: Pelipper
|
|-weather|RainDance|[upkeep]
|-damage|p2a: Pelipper|38/100 tox|[from] psn
|upkeep
|turn|23
|
|t:|1760333234
|move|p2a: Pelipper|Roost|p2a: Pelipper
|-heal|p2a: Pelipper|88/100 tox
|-singleturn|p2a: Pelipper|move: Roost
|move|p1a: Incineroar|Parting Shot|p2a: Pelipper
|-unboost|p2a: Pelipper|atk|1
|-unboost|p2a: Pelipper|spa|1
|
|t:|1760333247
|switch|p1a: Barraskewda|Barraskewda, F|100/100|[from] Parting Shot
|
|-weather|RainDance|[upkeep]
|-damage|p2a: Pelipper|75/100 tox|[from] psn
|upkeep
|turn|24
|
|t:|1760333253
|move|p1a: Barraskewda|Ice Fang|p2a: Pelipper
|-damage|p2a: Pelipper|49/100 tox
|move|p2a: Pelipper|Tailwind|p2a: Pelipper
|-sidestart|p2: jinshanghongmao|move: Tailwind
|
|-weather|RainDance|[upkeep]
|-damage|p2a: Pelipper|31/100 tox|[from] psn
|upkeep
|turn|25
|
|t:|1760333261
|move|p1a: Barraskewda|Ice Fang|p2a: Pelipper
|-damage|p2a: Pelipper|4/100 tox
|cant|p2a: Pelipper|flinch
|
|-weather|RainDance|[upkeep]
|-damage|p2a: Pelipper|0 fnt|[from] psn
|faint|p2a: Pelipper
|upkeep
|
|t:|1760333268
|switch|p2a: Zapdos|Zapdos|76/100
|turn|26
|
|t:|1760333278
|switch|p1a: Clodsire|Clodsire, M|100/100
|move|p2a: Zapdos|Thunder|p1a: Clodsire
|-immune|p1a: Clodsire
|
|-weather|none
|upkeep
|turn|27
|
|t:|1760333286
|switch|p2a: Hydrapple|Hydrapple, F|100/100
|move|p1a: Clodsire|Stealth Rock|p2a: Hydrapple
|-sidestart|p2: jinshanghongmao|move: Stealth Rock
|
|-sideend|p2: jinshanghongmao|move: Tailwind
|upkeep
|turn|28
|
|t:|1760333292
|move|p2a: Hydrapple|Nasty Plot|p2a: Hydrapple
|-boost|p2a: Hydrapple|spa|2
|move|p1a: Clodsire|Toxic|p2a: Hydrapple
|-status|p2a: Hydrapple|tox
|
|-damage|p2a: Hydrapple|94/100 tox|[from] psn
|upkeep
|turn|29
|
|t:|1760333311
|switch|p1a: Incineroar|Incineroar, F|67/100
|-ability|p1a: Incineroar|Intimidate|boost
|-unboost|p2a: Hydrapple|atk|1
|move|p2a: Hydrapple|Fickle Beam|p1a: Incineroar
|-damage|p1a: Incineroar|5/100
|
|-damage|p2a: Hydrapple|82/100 tox|[from] psn
|upkeep
|turn|30
|
|t:|1760333322
|move|p1a: Incineroar|Knock Off|p2a: Hydrapple
|-damage|p2a: Hydrapple|61/100 tox
|-enditem|p2a: Hydrapple|Heavy-Duty Boots|[from] move: Knock Off|[of] p1a: Incineroar
|move|p2a: Hydrapple|Fickle Beam|p1a: Incineroar
|-damage|p1a: Incineroar|0 fnt
|faint|p1a: Incineroar
|
|-damage|p2a: Hydrapple|43/100 tox|[from] psn
|upkeep
|
|t:|1760333329
|switch|p1a: Pelipper|Pelipper, M|100/100
|-weather|RainDance|[from] ability: Drizzle|[of] p1a: Pelipper
|turn|31
|
|t:|1760333335
|move|p1a: Pelipper|Ice Beam|p2a: Hydrapple
|-supereffective|p2a: Hydrapple
|-damage|p2a: Hydrapple|0 fnt
|faint|p2a: Hydrapple
|
|-weather|RainDance|[upkeep]
|upkeep
|
|t:|1760333339
|switch|p2a: Vaporeon|Vaporeon, M|100/100
|-damage|p2a: Vaporeon|88/100|[from] Stealth Rock
|turn|32
|
|t:|1760333366
|move|p1a: Pelipper|U-turn|p2a: Vaporeon
|-damage|p2a: Vaporeon|78/100
|
|t:|1760333370
|switch|p1a: Clodsire|Clodsire, M|100/100|[from] U-turn
|move|p2a: Vaporeon|Calm Mind|p2a: Vaporeon
|-boost|p2a: Vaporeon|spa|1
|-boost|p2a: Vaporeon|spd|1
|
|-weather|RainDance|[upkeep]
|-heal|p2a: Vaporeon|85/100|[from] item: Leftovers
|upkeep
|turn|33
|
|t:|1760333378
|move|p2a: Vaporeon|Calm Mind|p2a: Vaporeon
|-boost|p2a: Vaporeon|spa|1
|-boost|p2a: Vaporeon|spd|1
|move|p1a: Clodsire|Toxic|p2a: Vaporeon
|-status|p2a: Vaporeon|tox
|
|-weather|RainDance|[upkeep]
|-activate|p2a: Vaporeon|ability: Hydration
|-curestatus|p2a: Vaporeon|tox|[msg]
|-heal|p2a: Vaporeon|91/100|[from] item: Leftovers
|upkeep
|turn|34
|inactive|xianggujun has 120 seconds left.
|
|t:|1760333437
|move|p2a: Vaporeon|Alluring Voice|p1a: Clodsire
|-resisted|p1a: Clodsire
|-damage|p1a: Clodsire|85/100
|move|p1a: Clodsire|Earthquake|p2a: Vaporeon
|-damage|p2a: Vaporeon|61/100
|
|-weather|RainDance|[upkeep]
|-heal|p2a: Vaporeon|68/100|[from] item: Leftovers
|-heal|p1a: Clodsire|91/100|[from] item: Leftovers
|upkeep
|turn|35
|
|t:|1760333444
|move|p2a: Vaporeon|Calm Mind|p2a: Vaporeon
|-boost|p2a: Vaporeon|spa|1
|-boost|p2a: Vaporeon|spd|1
|move|p1a: Clodsire|Toxic|p2a: Vaporeon
|-status|p2a: Vaporeon|tox
|
|-weather|RainDance|[upkeep]
|-activate|p2a: Vaporeon|ability: Hydration
|-curestatus|p2a: Vaporeon|tox|[msg]
|-heal|p2a: Vaporeon|74/100|[from] item: Leftovers
|-heal|p1a: Clodsire|97/100|[from] item: Leftovers
|upkeep
|turn|36
|
|t:|1760333451
|move|p2a: Vaporeon|Calm Mind|p2a: Vaporeon
|-boost|p2a: Vaporeon|spa|1
|-boost|p2a: Vaporeon|spd|1
|move|p1a: Clodsire|Earthquake|p2a: Vaporeon
|-damage|p2a: Vaporeon|45/100
|
|-weather|RainDance|[upkeep]
|-heal|p2a: Vaporeon|52/100|[from] item: Leftovers
|-heal|p1a: Clodsire|100/100|[from] item: Leftovers
|upkeep
|turn|37
|
|t:|1760333473
|move|p2a: Vaporeon|Rest|p2a: Vaporeon
|-status|p2a: Vaporeon|slp|[from] move: Rest
|-heal|p2a: Vaporeon|100/100 slp|[silent]
|move|p1a: Clodsire|Earthquake|p2a: Vaporeon
|-damage|p2a: Vaporeon|69/100 slp
|
|-weather|RainDance|[upkeep]
|-activate|p2a: Vaporeon|ability: Hydration
|-curestatus|p2a: Vaporeon|slp|[msg]
|-heal|p2a: Vaporeon|75/100|[from] item: Leftovers
|upkeep
|turn|38
|
|t:|1760333487
|move|p2a: Vaporeon|Alluring Voice|p1a: Clodsire
|-resisted|p1a: Clodsire
|-damage|p1a: Clodsire|76/100
|move|p1a: Clodsire|Earthquake|p2a: Vaporeon
|-damage|p2a: Vaporeon|46/100
|
|-weather|none
|-heal|p2a: Vaporeon|52/100|[from] item: Leftovers
|-heal|p1a: Clodsire|83/100|[from] item: Leftovers
|upkeep
|turn|39
|
|t:|1760333496
|switch|p2a: Corviknight|Corviknight, M|82/100 brn
|-damage|p2a: Corviknight|70/100 brn|[from] Stealth Rock
|-ability|p2a: Corviknight|Pressure
|move|p1a: Clodsire|Earthquake|p2a: Corviknight
|-immune|p2a: Corviknight
|
|-heal|p1a: Clodsire|89/100|[from] item: Leftovers
|-damage|p2a: Corviknight|64/100 brn|[from] brn
|upkeep
|turn|40
|inactive|xianggujun has 90 seconds left.
|
|t:|1760333522
|switch|p1a: Pelipper|Pelipper, M|100/100
|-weather|RainDance|[from] ability: Drizzle|[of] p1a: Pelipper
|move|p2a: Corviknight|Roost|p2a: Corviknight
|-heal|p2a: Corviknight|100/100 brn
|-singleturn|p2a: Corviknight|move: Roost
|
|-weather|RainDance|[upkeep]
|-damage|p2a: Corviknight|94/100 brn|[from] brn
|upkeep
|turn|41
|inactive|xianggujun has 90 seconds left.
|
|t:|1760333537
|switch|p2a: Clodsire|Clodsire, M|69/100
|-damage|p2a: Clodsire|63/100|[from] Stealth Rock
|move|p1a: Pelipper|U-turn|p2a: Clodsire
|-resisted|p2a: Clodsire
|-crit|p2a: Clodsire
|-damage|p2a: Clodsire|56/100
|
|t:|1760333547
|switch|p1a: Barraskewda|Barraskewda, F|100/100|[from] U-turn
|
|-weather|RainDance|[upkeep]
|-heal|p2a: Clodsire|62/100|[from] item: Leftovers
|upkeep
|turn|42
|
|t:|1760333558
|move|p1a: Barraskewda|Ice Fang|p2a: Clodsire
|-supereffective|p2a: Clodsire
|-crit|p2a: Clodsire
|-damage|p2a: Clodsire|0 fnt
|faint|p2a: Clodsire
|
|-weather|RainDance|[upkeep]
|upkeep
|
|t:|1760333563
|switch|p2a: Corviknight|Corviknight, M|94/100 brn
|-damage|p2a: Corviknight|82/100 brn|[from] Stealth Rock
|-ability|p2a: Corviknight|Pressure
|turn|43
|
|t:|1760333574
|switch|p1a: Zapdos|Zapdos|100/100
|move|p2a: Corviknight|Roost|p2a: Corviknight
|-heal|p2a: Corviknight|100/100 brn
|-singleturn|p2a: Corviknight|move: Roost
|
|-weather|RainDance|[upkeep]
|-damage|p2a: Corviknight|94/100 brn|[from] brn
|upkeep
|turn|44
|
|t:|1760333585
|switch|p2a: Zapdos|Zapdos|76/100
|-damage|p2a: Zapdos|51/100|[from] Stealth Rock
|move|p1a: Zapdos|Thunder|p2a: Zapdos
|-damage|p2a: Zapdos|0 fnt
|faint|p2a: Zapdos
|
|-weather|RainDance|[upkeep]
|upkeep
|
|t:|1760333592
|switch|p2a: Vaporeon|Vaporeon, M|52/100
|-damage|p2a: Vaporeon|39/100|[from] Stealth Rock
|turn|45
|-message|jinshanghongmao forfeited.
|
|win|xianggujun
|raw|xianggujun's rating: 1184 &rarr; <strong>1207</strong><br />(+23 for winning)
|raw|jinshanghongmao's rating: 1150 &rarr; <strong>1127</strong><br />(-23 for losing)
|l|☆jinshanghongmao
|player|p2|
|l|☆xianggujun
|player|p1|
