|j|☆whoops252!
|j|☆CaptainOrb
|t:|1760309189
|gametype|singles
|player|p1|whoops252!|2|1436
|player|p2|CaptainOrb|hilbert-wonderlauncher|1452
|gen|9
|tier|[Gen 9] OU
|rated|
|rule|HP Percentage Mod: HP is shown in percentages
|rule|Endless Battle Clause: Forcing endless battles is banned
|rule|Species Clause: Limit one of each Pokémon
|rule|OHKO Clause: OHKO moves are banned
|rule|Evasion Items Clause: Evasion items are banned
|rule|Evasion Moves Clause: Evasion moves are banned
|rule|Evasion Abilities Clause: Evasion abilities are banned
|rule|Sleep Moves Clause: Sleep-inducing moves are banned
|clearpoke
|poke|p1|Rillaboom, M|
|poke|p1|Dodrio, F|
|poke|p1|Garganacl, M|
|poke|p1|Iron Treads|
|poke|p1|Raging Bolt|
|poke|p1|Araquanid, F|
|poke|p2|Garganacl, F|
|poke|p2|Dragapult, F|
|poke|p2|Ogerpon-Wellspring, F|
|poke|p2|Moltres|
|poke|p2|Zamazenta-*|
|poke|p2|Iron Treads|
|teampreview
|
|t:|1760309203
|teamsize|p1|6
|teamsize|p2|6
|start
|switch|p1a: Garganacl|Garganacl, M|100/100
|switch|p2a: Garganacl|Garganacl, F|100/100
|turn|1
|
|t:|1760309209
|move|p2a: Garganacl|Iron Defense|p2a: Garganacl
|-boost|p2a: Garganacl|def|2
|move|p1a: Garganacl|Stealth Rock|p2a: Garganacl
|-sidestart|p2: CaptainOrb|move: Stealth Rock
|
|upkeep
|turn|2
|
|t:|1760309214
|move|p2a: Garganacl|Salt Cure|p1a: Garganacl
|-damage|p1a: Garganacl|92/100
|-start|p1a: Garganacl|Salt Cure
|move|p1a: Garganacl|Salt Cure|p2a: Garganacl
|-damage|p2a: Garganacl|96/100
|-start|p2a: Garganacl|Salt Cure
|
|-heal|p2a: Garganacl|100/100|[from] item: Leftovers
|-heal|p1a: Garganacl|98/100|[from] item: Leftovers
|-damage|p2a: Garganacl|88/100|[from] Salt Cure
|-damage|p1a: Garganacl|85/100|[from] Salt Cure
|upkeep
|turn|3
|
|t:|1760309227
|switch|p1a: Araquanid|Araquanid, F|100/100
|move|p2a: Garganacl|Iron Defense|p2a: Garganacl
|-boost|p2a: Garganacl|def|2
|
|-heal|p2a: Garganacl|94/100|[from] item: Leftovers
|-damage|p2a: Garganacl|82/100|[from] Salt Cure
|upkeep
|turn|4
|
|t:|1760309231
|move|p1a: Araquanid|Sticky Web|p2a: Garganacl
|-sidestart|p2: CaptainOrb|move: Sticky Web
|move|p2a: Garganacl|Salt Cure|p1a: Araquanid
|-supereffective|p1a: Araquanid
|-damage|p1a: Araquanid|72/100
|-start|p1a: Araquanid|Salt Cure
|
|-heal|p2a: Garganacl|88/100|[from] item: Leftovers
|-damage|p1a: Araquanid|47/100|[from] Salt Cure
|-damage|p2a: Garganacl|76/100|[from] Salt Cure
|upkeep
|turn|5
|
|t:|1760309236
|move|p1a: Araquanid|Surf|p2a: Garganacl
|-supereffective|p2a: Garganacl
|-damage|p2a: Garganacl|0 fnt
|faint|p2a: Garganacl
|
|-damage|p1a: Araquanid|22/100|[from] Salt Cure
|upkeep
|
|t:|1760309240
|switch|p2a: Iron Treads|Iron Treads|100/100
|-damage|p2a: Iron Treads|98/100|[from] Stealth Rock
|-activate|p2a: Iron Treads|move: Sticky Web
|-unboost|p2a: Iron Treads|spe|1
|turn|6
|-enditem|p1a: Araquanid|Custap Berry|[eat]
|-activate|p1a: Araquanid|item: Custap Berry|[consumed]
|
|t:|1760309250
|-end|p2a: Iron Treads|Quark Drive|[silent]
|switch|p2a: Dragapult|Dragapult, F|100/100
|-terastallize|p1a: Araquanid|Ghost
|move|p1a: Araquanid|Endeavor|p2a: Dragapult
|-immune|p2a: Dragapult
|
|-damage|p1a: Araquanid|9/100|[from] Salt Cure
|upkeep
|turn|7
|
|t:|1760309263
|switch|p1a: Rillaboom|Rillaboom, M|100/100
|-fieldstart|move: Grassy Terrain|[from] ability: Grassy Surge|[of] p1a: Rillaboom
|move|p2a: Dragapult|Hex|p1a: Rillaboom
|-damage|p1a: Rillaboom|66/100
|
|-heal|p1a: Rillaboom|72/100|[from] Grassy Terrain
|upkeep
|turn|8
|
|t:|1760309268
|move|p2a: Dragapult|Will-O-Wisp|p1a: Rillaboom
|-status|p1a: Rillaboom|brn
|move|p1a: Rillaboom|Knock Off|p2a: Dragapult
|-supereffective|p2a: Dragapult
|-damage|p2a: Dragapult|56/100
|-enditem|p2a: Dragapult|Heavy-Duty Boots|[from] move: Knock Off|[of] p1a: Rillaboom
|
|-heal|p2a: Dragapult|62/100|[from] Grassy Terrain
|-heal|p1a: Rillaboom|78/100 brn|[from] Grassy Terrain
|-damage|p1a: Rillaboom|72/100 brn|[from] brn
|upkeep
|turn|9
|
|t:|1760309274
|move|p2a: Dragapult|U-turn|p1a: Rillaboom
|-supereffective|p1a: Rillaboom
|-damage|p1a: Rillaboom|40/100 brn
|
|t:|1760309280
|switch|p2a: Iron Treads|Iron Treads|98/100|[from] U-turn
|-damage|p2a: Iron Treads|95/100|[from] Stealth Rock
|-activate|p2a: Iron Treads|move: Sticky Web
|-unboost|p2a: Iron Treads|spe|1
|move|p1a: Rillaboom|U-turn|p2a: Iron Treads
|-resisted|p2a: Iron Treads
|-damage|p2a: Iron Treads|90/100
|inactive|Battle timer is ON: inactive players will automatically lose when time's up. (requested by CaptainOrb)
|
|t:|1760309293
|switch|p1a: Araquanid|Araquanid, F, tera:Ghost|9/100|[from] U-turn
|
|-heal|p2a: Iron Treads|96/100|[from] Grassy Terrain
|-heal|p2a: Iron Treads|100/100|[from] item: Leftovers
|-heal|p1a: Araquanid|15/100|[from] Grassy Terrain
|upkeep
|turn|10
|
|t:|1760309300
|move|p2a: Iron Treads|Knock Off|p1a: Araquanid
|-supereffective|p1a: Araquanid
|-damage|p1a: Araquanid|0 fnt
|faint|p1a: Araquanid
|
|upkeep
|
|t:|1760309303
|switch|p1a: Dodrio|Dodrio, F|100/100
|-enditem|p1a: Dodrio|Grassy Seed
|-boost|p1a: Dodrio|def|1|[from] item: Grassy Seed
|turn|11
|
|t:|1760309305
|move|p1a: Dodrio|Swords Dance|p1a: Dodrio
|-boost|p1a: Dodrio|atk|2
|move|p2a: Iron Treads|Rapid Spin|p1a: Dodrio
|-damage|p1a: Dodrio|84/100
|-boost|p2a: Iron Treads|spe|1
|-sideend|p2: CaptainOrb|Stealth Rock|[from] move: Rapid Spin|[of] p2a: Iron Treads
|-sideend|p2: CaptainOrb|Sticky Web|[from] move: Rapid Spin|[of] p2a: Iron Treads
|
|upkeep
|turn|12
|
|t:|1760309315
|-end|p2a: Iron Treads|Quark Drive|[silent]
|switch|p2a: Moltres|Moltres|100/100
|move|p1a: Dodrio|Low Kick|p2a: Moltres
|-resisted|p2a: Moltres
|-damage|p2a: Moltres|82/100
|
|upkeep
|turn|13
|
|t:|1760309322
|move|p1a: Dodrio|Acrobatics|p2a: Moltres
|-damage|p2a: Moltres|0 fnt
|-status|p1a: Dodrio|brn|[from] ability: Flame Body|[of] p2a: Moltres
|faint|p2a: Moltres
|
|-damage|p1a: Dodrio|78/100 brn|[from] brn
|upkeep
|
|t:|1760309329
|switch|p2a: Dragapult|Dragapult, F|62/100
|turn|14
|
|t:|1760309335
|move|p2a: Dragapult|Draco Meteor|p1a: Dodrio|[miss]
|-miss|p2a: Dragapult|p1a: Dodrio
|move|p1a: Dodrio|Taunt|p2a: Dragapult
|-start|p2a: Dragapult|move: Taunt
|
|-heal|p2a: Dragapult|68/100|[from] Grassy Terrain
|-damage|p1a: Dodrio|72/100 brn|[from] brn
|-fieldend|move: Grassy Terrain
|upkeep
|turn|15
|
|t:|1760309341
|move|p2a: Dragapult|Draco Meteor|p1a: Dodrio|[miss]
|-miss|p2a: Dragapult|p1a: Dodrio
|move|p1a: Dodrio|Acrobatics|p2a: Dragapult
|-damage|p2a: Dragapult|0 fnt
|faint|p2a: Dragapult
|
|-damage|p1a: Dodrio|66/100 brn|[from] brn
|upkeep
|
|t:|1760309345
|switch|p2a: Zamazenta|Zamazenta|100/100
|-ability|p2a: Zamazenta|Dauntless Shield|boost
|-boost|p2a: Zamazenta|def|1
|turn|16
|
|t:|1760309349
|move|p2a: Zamazenta|Ice Fang|p1a: Dodrio
|-supereffective|p1a: Dodrio
|-damage|p1a: Dodrio|10/100 brn
|move|p1a: Dodrio|Acrobatics|p2a: Zamazenta
|-supereffective|p2a: Zamazenta
|-damage|p2a: Zamazenta|39/100
|
|-damage|p1a: Dodrio|4/100 brn|[from] brn
|upkeep
|turn|17
|
|t:|1760309353
|move|p2a: Zamazenta|Ice Fang|p1a: Dodrio
|-supereffective|p1a: Dodrio
|-damage|p1a: Dodrio|0 fnt
|faint|p1a: Dodrio
|
|upkeep
|
|t:|1760309362
|switch|p1a: Rillaboom|Rillaboom, M|40/100 brn
|-fieldstart|move: Grassy Terrain|[from] ability: Grassy Surge|[of] p1a: Rillaboom
|turn|18
|
|t:|1760309367
|switch|p2a: Iron Treads|Iron Treads|100/100
|move|p1a: Rillaboom|U-turn|p2a: Iron Treads
|-resisted|p2a: Iron Treads
|-damage|p2a: Iron Treads|96/100
|
|t:|1760309371
|switch|p1a: Iron Treads|Iron Treads|100/100|[from] U-turn
|
|-heal|p2a: Iron Treads|100/100|[from] Grassy Terrain
|upkeep
|turn|19
|
|t:|1760309374
|move|p1a: Iron Treads|Earthquake|p2a: Iron Treads
|-supereffective|p2a: Iron Treads
|-crit|p2a: Iron Treads
|-damage|p2a: Iron Treads|46/100
|move|p2a: Iron Treads|Earthquake|p1a: Iron Treads
|-supereffective|p1a: Iron Treads
|-damage|p1a: Iron Treads|66/100
|
|-heal|p1a: Iron Treads|72/100|[from] Grassy Terrain
|-heal|p1a: Iron Treads|79/100|[from] item: Leftovers
|-heal|p2a: Iron Treads|52/100|[from] Grassy Terrain
|-heal|p2a: Iron Treads|58/100|[from] item: Leftovers
|upkeep
|turn|20
|
|t:|1760309380
|-end|p2a: Iron Treads|Quark Drive|[silent]
|switch|p2a: Ogerpon|Ogerpon-Wellspring, F|100/100
|move|p1a: Iron Treads|Earthquake|p2a: Ogerpon
|-resisted|p2a: Ogerpon
|-crit|p2a: Ogerpon
|-damage|p2a: Ogerpon|81/100
|
|-heal|p1a: Iron Treads|85/100|[from] Grassy Terrain
|-heal|p1a: Iron Treads|91/100|[from] item: Leftovers
|-heal|p2a: Ogerpon|87/100|[from] Grassy Terrain
|upkeep
|turn|21
|
|t:|1760309391
|-end|p1a: Iron Treads|Quark Drive|[silent]
|switch|p1a: Raging Bolt|Raging Bolt|100/100
|-enditem|p1a: Raging Bolt|Grassy Seed
|-boost|p1a: Raging Bolt|def|1|[from] item: Grassy Seed
|move|p2a: Ogerpon|Trailblaze|p1a: Raging Bolt
|-resisted|p1a: Raging Bolt
|-damage|p1a: Raging Bolt|88/100
|-boost|p2a: Ogerpon|spe|1
|
|-heal|p2a: Ogerpon|93/100|[from] Grassy Terrain
|-heal|p1a: Raging Bolt|94/100|[from] Grassy Terrain
|upkeep
|turn|22
|
|t:|1760309395
|switch|p2a: Iron Treads|Iron Treads|58/100
|move|p1a: Raging Bolt|Calm Mind|p1a: Raging Bolt
|-boost|p1a: Raging Bolt|spa|1
|-boost|p1a: Raging Bolt|spd|1
|
|-heal|p2a: Iron Treads|64/100|[from] Grassy Terrain
|-heal|p2a: Iron Treads|70/100|[from] item: Leftovers
|-heal|p1a: Raging Bolt|100/100|[from] Grassy Terrain
|upkeep
|turn|23
|
|t:|1760309400
|move|p2a: Iron Treads|Earthquake|p1a: Raging Bolt
|-supereffective|p1a: Raging Bolt
|-crit|p1a: Raging Bolt
|-damage|p1a: Raging Bolt|48/100
|move|p1a: Raging Bolt|Dragon Pulse|p2a: Iron Treads
|-resisted|p2a: Iron Treads
|-damage|p2a: Iron Treads|39/100
|
|-heal|p2a: Iron Treads|46/100|[from] Grassy Terrain
|-heal|p2a: Iron Treads|52/100|[from] item: Leftovers
|-heal|p1a: Raging Bolt|54/100|[from] Grassy Terrain
|upkeep
|turn|24
|
|t:|1760309407
|move|p2a: Iron Treads|Earthquake|p1a: Raging Bolt
|-supereffective|p1a: Raging Bolt
|-damage|p1a: Raging Bolt|31/100
|move|p1a: Raging Bolt|Dragon Pulse|p2a: Iron Treads
|-resisted|p2a: Iron Treads
|-damage|p2a: Iron Treads|20/100
|
|-heal|p2a: Iron Treads|26/100|[from] Grassy Terrain
|-heal|p2a: Iron Treads|33/100|[from] item: Leftovers
|-heal|p1a: Raging Bolt|37/100|[from] Grassy Terrain
|upkeep
|turn|25
|
|t:|1760309412
|move|p2a: Iron Treads|Earthquake|p1a: Raging Bolt
|-supereffective|p1a: Raging Bolt
|-damage|p1a: Raging Bolt|10/100
|move|p1a: Raging Bolt|Dragon Pulse|p2a: Iron Treads
|-resisted|p2a: Iron Treads
|-damage|p2a: Iron Treads|2/100
|
|-heal|p2a: Iron Treads|8/100|[from] Grassy Terrain
|-heal|p2a: Iron Treads|14/100|[from] item: Leftovers
|-heal|p1a: Raging Bolt|17/100|[from] Grassy Terrain
|-fieldend|move: Grassy Terrain
|upkeep
|turn|26
|
|t:|1760309415
|move|p2a: Iron Treads|Earthquake|p1a: Raging Bolt
|-supereffective|p1a: Raging Bolt
|-damage|p1a: Raging Bolt|0 fnt
|faint|p1a: Raging Bolt
|-end|p1a: Raging Bolt|Protosynthesis|[silent]
|
|-heal|p2a: Iron Treads|20/100|[from] item: Leftovers
|upkeep
|
|t:|1760309417
|switch|p1a: Rillaboom|Rillaboom, M|40/100 brn
|-fieldstart|move: Grassy Terrain|[from] ability: Grassy Surge|[of] p1a: Rillaboom
|turn|27
|
|t:|1760309422
|move|p1a: Rillaboom|Grassy Glide|p2a: Iron Treads
|-damage|p2a: Iron Treads|5/100
|move|p2a: Iron Treads|Knock Off|p1a: Rillaboom
|-damage|p1a: Rillaboom|16/100 brn
|-enditem|p1a: Rillaboom|Terrain Extender|[from] move: Knock Off|[of] p2a: Iron Treads
|
|-heal|p2a: Iron Treads|11/100|[from] Grassy Terrain
|-heal|p2a: Iron Treads|17/100|[from] item: Leftovers
|-heal|p1a: Rillaboom|22/100 brn|[from] Grassy Terrain
|-damage|p1a: Rillaboom|16/100 brn|[from] brn
|upkeep
|turn|28
|
|t:|1760309432
|move|p1a: Rillaboom|Grassy Glide|p2a: Iron Treads
|-damage|p2a: Iron Treads|1/100
|move|p2a: Iron Treads|Rapid Spin|p1a: Rillaboom
|-damage|p1a: Rillaboom|4/100 brn
|-boost|p2a: Iron Treads|spe|1
|
|-heal|p2a: Iron Treads|7/100|[from] Grassy Terrain
|-heal|p2a: Iron Treads|13/100|[from] item: Leftovers
|-heal|p1a: Rillaboom|10/100 brn|[from] Grassy Terrain
|-damage|p1a: Rillaboom|4/100 brn|[from] brn
|upkeep
|turn|29
|
|t:|1760309440
|move|p1a: Rillaboom|Grassy Glide|p2a: Iron Treads
|-damage|p2a: Iron Treads|0 fnt
|faint|p2a: Iron Treads
|-end|p2a: Iron Treads|Quark Drive|[silent]
|
|-heal|p1a: Rillaboom|10/100 brn|[from] Grassy Terrain
|-damage|p1a: Rillaboom|4/100 brn|[from] brn
|upkeep
|
|t:|1760309443
|switch|p2a: Ogerpon|Ogerpon-Wellspring, F|93/100
|turn|30
|
|t:|1760309447
|move|p2a: Ogerpon|Swords Dance|p2a: Ogerpon
|-boost|p2a: Ogerpon|atk|2
|move|p1a: Rillaboom|U-turn|p2a: Ogerpon
|-supereffective|p2a: Ogerpon
|-damage|p2a: Ogerpon|65/100
|
|t:|1760309451
|switch|p1a: Iron Treads|Iron Treads|91/100|[from] U-turn
|
|-heal|p1a: Iron Treads|97/100|[from] Grassy Terrain
|-heal|p1a: Iron Treads|100/100|[from] item: Leftovers
|-heal|p2a: Ogerpon|72/100|[from] Grassy Terrain
|upkeep
|turn|31
|
|t:|1760309456
|move|p1a: Iron Treads|Steel Roller|p2a: Ogerpon
|-resisted|p2a: Ogerpon
|-damage|p2a: Ogerpon|41/100
|-fieldend|move: Grassy Terrain
|move|p2a: Ogerpon|Trailblaze|p1a: Iron Treads
|-damage|p1a: Iron Treads|51/100
|-boost|p2a: Ogerpon|spe|1
|
|-heal|p1a: Iron Treads|57/100|[from] item: Leftovers
|upkeep
|turn|32
|
|t:|1760309466
|-terastallize|p2a: Ogerpon|Water
|detailschange|p2a: Ogerpon|Ogerpon-Wellspring-Tera, F, tera:Water
|-ability|p2a: Ogerpon|Embody Aspect (Wellspring)|boost
|-boost|p2a: Ogerpon|spd|1
|move|p2a: Ogerpon|Ivy Cudgel|p1a: Iron Treads|[anim] Ivy Cudgel Water
|-supereffective|p1a: Iron Treads
|-damage|p1a: Iron Treads|0 fnt
|faint|p1a: Iron Treads
|-end|p1a: Iron Treads|Quark Drive|[silent]
|
|upkeep
|
|t:|1760309470
|switch|p1a: Rillaboom|Rillaboom, M|4/100 brn
|-fieldstart|move: Grassy Terrain|[from] ability: Grassy Surge|[of] p1a: Rillaboom
|turn|33
|
|t:|1760309472
|move|p1a: Rillaboom|Grassy Glide|p2a: Ogerpon
|-supereffective|p2a: Ogerpon
|-crit|p2a: Ogerpon
|-damage|p2a: Ogerpon|0 fnt
|faint|p2a: Ogerpon
|detailschange|p2: Ogerpon|Ogerpon-Wellspring, F|[silent]
|
|-heal|p1a: Rillaboom|10/100 brn|[from] Grassy Terrain
|-damage|p1a: Rillaboom|4/100 brn|[from] brn
|upkeep
|
|t:|1760309476
|switch|p2a: Zamazenta|Zamazenta|39/100
|turn|34
|
|t:|1760309479
|move|p2a: Zamazenta|Ice Fang|p1a: Rillaboom
|-supereffective|p1a: Rillaboom
|-damage|p1a: Rillaboom|0 fnt
|faint|p1a: Rillaboom
|
|-heal|p2a: Zamazenta|45/100|[from] Grassy Terrain
|upkeep
|
|t:|1760309481
|switch|p1a: Garganacl|Garganacl, M|85/100
|turn|35
|
|t:|1760309484
|move|p2a: Zamazenta|Heavy Slam|p1a: Garganacl
|-supereffective|p1a: Garganacl
|-damage|p1a: Garganacl|63/100
|move|p1a: Garganacl|Salt Cure|p2a: Zamazenta
|-resisted|p2a: Zamazenta
|-crit|p2a: Zamazenta
|-damage|p2a: Zamazenta|36/100
|-start|p2a: Zamazenta|Salt Cure
|
|-heal|p2a: Zamazenta|42/100|[from] Grassy Terrain
|-heal|p1a: Garganacl|70/100|[from] Grassy Terrain
|-heal|p1a: Garganacl|76/100|[from] item: Leftovers
|-damage|p2a: Zamazenta|29/100|[from] Salt Cure
|upkeep
|turn|36
|
|t:|1760309487
|move|p1a: Garganacl|Protect|p1a: Garganacl
|-singleturn|p1a: Garganacl|Protect
|move|p2a: Zamazenta|Close Combat|p1a: Garganacl
|-activate|p1a: Garganacl|move: Protect
|
|-heal|p2a: Zamazenta|36/100|[from] Grassy Terrain
|-heal|p1a: Garganacl|82/100|[from] Grassy Terrain
|-heal|p1a: Garganacl|88/100|[from] item: Leftovers
|-damage|p2a: Zamazenta|23/100|[from] Salt Cure
|upkeep
|turn|37
|
|t:|1760309489
|move|p2a: Zamazenta|Close Combat|p1a: Garganacl
|-supereffective|p1a: Garganacl
|-damage|p1a: Garganacl|0 fnt
|-unboost|p2a: Zamazenta|def|1
|-unboost|p2a: Zamazenta|spd|1
|faint|p1a: Garganacl
|
|win|CaptainOrb
|raw|whoops252!'s rating: 1436 &rarr; <strong>1417</strong><br />(-19 for losing)
|raw|CaptainOrb's rating: 1452 &rarr; <strong>1471</strong><br />(+19 for winning)
|l|☆whoops252!
|player|p1|
|l|☆CaptainOrb
|player|p2|
