|badge|p1|silver|gen9doublesou|30-7
|badge|p1|bronze|gen9ru|100-7
|uhtml|medal-msg|<div class="broadcast-blue">Curious what those medals under the avatar are? PS now has Ladder Seasons! For more information, check out the <a href="https://www.smogon.com/forums/threads/3740067/">thread on Smogon.</a></div>
|j|☆3idk
|j|☆deepak johnson
|t:|1760364358
|gametype|singles
|player|p1|3idk|cynthia-masters|1615
|player|p2|deepak johnson|swimmerf|1603
|gen|9
|tier|[Gen 9] OU
|rated|
|rule|HP Percentage Mod: HP is shown in percentages
|rule|Endless Battle Clause: Forcing endless battles is banned
|rule|Species Clause: Limit one of each Pokémon
|rule|OHKO Clause: OHKO moves are banned
|rule|Evasion Items Clause: Evasion items are banned
|rule|Evasion Moves Clause: Evasion moves are banned
|rule|Evasion Abilities Clause: Evasion abilities are banned
|rule|Sleep Moves Clause: Sleep-inducing moves are banned
|clearpoke
|poke|p1|Pelipper, M|
|poke|p1|Tornadus-Therian, M|
|poke|p1|Iron Treads|
|poke|p1|Decidueye-Hisui, F|
|poke|p1|Barraskewda, M|
|poke|p1|Raging Bolt|
|poke|p2|Gholdengo|
|poke|p2|Ceruledge, F|
|poke|p2|Enamorus, F|
|poke|p2|Ribombee, M|
|poke|p2|Quaquaval, F|
|poke|p2|Iron Treads|
|teampreview
|inactive|Battle timer is ON: inactive players will automatically lose when time's up. (requested by 3idk)
|inactive|deepak johnson has 120 seconds left.
|
|t:|1760364405
|teamsize|p1|6
|teamsize|p2|6
|start
|switch|p1a: Pelipper|Pelipper, M|100/100
|switch|p2a: Iron Treads|Iron Treads|100/100
|-weather|RainDance|[from] ability: Drizzle|[of] p1a: Pelipper
|-enditem|p2a: Iron Treads|Booster Energy
|-activate|p2a: Iron Treads|ability: Quark Drive|[fromitem]
|-start|p2a: Iron Treads|quarkdriveatk
|turn|1
|inactive|3idk has 120 seconds left.
|inactive|deepak johnson has 120 seconds left.
|
|t:|1760364462
|move|p2a: Iron Treads|Supercell Slam|p1a: Pelipper
|-supereffective|p1a: Pelipper
|-damage|p1a: Pelipper|0 fnt
|faint|p1a: Pelipper
|
|-weather|RainDance|[upkeep]
|upkeep
|
|t:|1760364466
|switch|p1a: Barraskewda|Barraskewda, M|100/100
|turn|2
|inactive|deepak johnson has 120 seconds left.
|
|t:|1760364482
|-end|p2a: Iron Treads|Quark Drive|[silent]
|switch|p2a: Quaquaval|Quaquaval, F|100/100
|move|p1a: Barraskewda|Liquidation|p2a: Quaquaval
|-resisted|p2a: Quaquaval
|-crit|p2a: Quaquaval
|-damage|p2a: Quaquaval|16/100
|-damage|p1a: Barraskewda|91/100|[from] item: Life Orb
|
|-weather|RainDance|[upkeep]
|upkeep
|turn|3
|
|t:|1760364487
|move|p1a: Barraskewda|Liquidation|p2a: Quaquaval
|-resisted|p2a: Quaquaval
|-damage|p2a: Quaquaval|0 fnt
|faint|p2a: Quaquaval
|-damage|p1a: Barraskewda|81/100|[from] item: Life Orb
|
|-weather|RainDance|[upkeep]
|upkeep
|
|t:|1760364489
|switch|p2a: Ribombee|Ribombee, M, shiny|100/100
|turn|4
|
|t:|1760364493
|move|p1a: Barraskewda|Flip Turn|p2a: Ribombee
|-enditem|p2a: Ribombee|Focus Sash
|-damage|p2a: Ribombee|1/100
|-damage|p1a: Barraskewda|71/100|[from] item: Life Orb
|
|t:|1760364496
|switch|p1a: Iron Treads|Iron Treads|100/100|[from] Flip Turn
|move|p2a: Ribombee|Sticky Web|p1a: Iron Treads
|-sidestart|p1: 3idk|move: Sticky Web
|
|-weather|RainDance|[upkeep]
|upkeep
|turn|5
|
|t:|1760364501
|switch|p2a: Gholdengo|Gholdengo|100/100
|-item|p2a: Gholdengo|Air Balloon
|move|p1a: Iron Treads|Stealth Rock|p2a: Gholdengo
|-sidestart|p2: deepak johnson|move: Stealth Rock
|
|-weather|RainDance|[upkeep]
|upkeep
|turn|6
|
|t:|1760364506
|move|p2a: Gholdengo|Shadow Ball|p1a: Iron Treads
|-damage|p1a: Iron Treads|61/100
|-unboost|p1a: Iron Treads|spd|1
|move|p1a: Iron Treads|Knock Off|p2a: Gholdengo
|-supereffective|p2a: Gholdengo
|-damage|p2a: Gholdengo|47/100
|-enditem|p2a: Gholdengo|Air Balloon
|
|-weather|RainDance|[upkeep]
|-heal|p1a: Iron Treads|67/100|[from] item: Leftovers
|upkeep
|turn|7
|
|t:|1760364512
|-end|p1a: Iron Treads|Quark Drive|[silent]
|switch|p1a: Tornadus|Tornadus-Therian, M|100/100
|move|p2a: Gholdengo|Shadow Ball|p1a: Tornadus
|-crit|p1a: Tornadus
|-damage|p1a: Tornadus|15/100
|
|-weather|RainDance|[upkeep]
|upkeep
|turn|8
|
|t:|1760364518
|switch|p2a: Ribombee|Ribombee, M, shiny|1/100
|-damage|p2a: Ribombee|0 fnt|[from] Stealth Rock
|faint|p2a: Ribombee
|move|p1a: Tornadus|Weather Ball|p2: Ribombee|[notarget]
|-fail|p1a: Tornadus
|
|-weather|none
|upkeep
|
|t:|1760364519
|switch|p2a: Iron Treads|Iron Treads|100/100
|-damage|p2a: Iron Treads|98/100|[from] Stealth Rock
|turn|9
|
|t:|1760364526
|switch|p1a: Decidueye|Decidueye-Hisui, F|100/100
|-activate|p1a: Decidueye|move: Sticky Web
|-unboost|p1a: Decidueye|spe|1
|move|p2a: Iron Treads|Rapid Spin|p1a: Decidueye
|-damage|p1a: Decidueye|88/100
|-boost|p2a: Iron Treads|spe|1
|-damage|p2a: Iron Treads|81/100|[from] item: Rocky Helmet|[of] p1a: Decidueye
|-sideend|p2: deepak johnson|Stealth Rock|[from] move: Rapid Spin|[of] p2a: Iron Treads
|
|upkeep
|turn|10
|
|t:|1760364530
|-end|p2a: Iron Treads|Quark Drive|[silent]
|switch|p2a: Gholdengo|Gholdengo|47/100
|move|p1a: Decidueye|Defog|p2a: Gholdengo
|-immune|p2a: Gholdengo|[from] ability: Good as Gold
|
|upkeep
|turn|11
|
|t:|1760364535
|move|p2a: Gholdengo|Dazzling Gleam|p1a: Decidueye
|-supereffective|p1a: Decidueye
|-damage|p1a: Decidueye|32/100
|move|p1a: Decidueye|Triple Arrows|p2a: Gholdengo
|-supereffective|p2a: Gholdengo
|-damage|p2a: Gholdengo|0 fnt
|faint|p2a: Gholdengo
|
|upkeep
|
|t:|1760364539
|switch|p2a: Enamorus|Enamorus, F|100/100
|turn|12
|
|t:|1760364543
|move|p2a: Enamorus|Moonblast|p1a: Decidueye
|-supereffective|p1a: Decidueye
|-damage|p1a: Decidueye|0 fnt
|faint|p1a: Decidueye
|
|upkeep
|
|t:|1760364548
|switch|p1a: Iron Treads|Iron Treads|67/100
|-activate|p1a: Iron Treads|move: Sticky Web
|-unboost|p1a: Iron Treads|spe|1
|turn|13
|
|t:|1760364552
|switch|p2a: Ceruledge|Ceruledge, F|100/100
|move|p1a: Iron Treads|Earthquake|p2a: Ceruledge
|-supereffective|p2a: Ceruledge
|-enditem|p2a: Ceruledge|Focus Sash
|-damage|p2a: Ceruledge|1/100
|-ability|p2a: Ceruledge|Weak Armor|boost
|-unboost|p2a: Ceruledge|def|1
|-boost|p2a: Ceruledge|spe|2
|
|-heal|p1a: Iron Treads|73/100|[from] item: Leftovers
|upkeep
|turn|14
|
|t:|1760364559
|-end|p1a: Iron Treads|Quark Drive|[silent]
|switch|p1a: Raging Bolt|Raging Bolt|100/100
|-activate|p1a: Raging Bolt|move: Sticky Web
|-unboost|p1a: Raging Bolt|spe|1
|-enditem|p1a: Raging Bolt|Booster Energy
|-activate|p1a: Raging Bolt|ability: Protosynthesis|[fromitem]
|-start|p1a: Raging Bolt|protosynthesisspa
|move|p2a: Ceruledge|Bitter Blade|p1a: Raging Bolt
|-resisted|p1a: Raging Bolt
|-damage|p1a: Raging Bolt|79/100
|-heal|p2a: Ceruledge|16/100|[from] drain|[of] p1a: Raging Bolt
|
|upkeep
|turn|15
|
|t:|1760364564
|switch|p2a: Iron Treads|Iron Treads|81/100
|move|p1a: Raging Bolt|Dragon Pulse|p2a: Iron Treads
|-resisted|p2a: Iron Treads
|-damage|p2a: Iron Treads|41/100
|
|upkeep
|turn|16
|
|t:|1760364573
|-end|p1a: Raging Bolt|Protosynthesis|[silent]
|switch|p1a: Tornadus|Tornadus-Therian, M|48/100
|move|p2a: Iron Treads|Rapid Spin|p1a: Tornadus
|-damage|p1a: Tornadus|24/100
|-boost|p2a: Iron Treads|spe|1
|
|upkeep
|turn|17
|
|t:|1760364581
|move|p2a: Iron Treads|Ice Spinner|p1a: Tornadus
|-supereffective|p1a: Tornadus
|-damage|p1a: Tornadus|0 fnt
|faint|p1a: Tornadus
|
|upkeep
|
|t:|1760364584
|switch|p1a: Barraskewda|Barraskewda, M|71/100
|-activate|p1a: Barraskewda|move: Sticky Web
|-unboost|p1a: Barraskewda|spe|1
|turn|18
|
|t:|1760364588
|move|p1a: Barraskewda|Aqua Jet|p2a: Iron Treads
|-supereffective|p2a: Iron Treads
|-damage|p2a: Iron Treads|0 fnt
|faint|p2a: Iron Treads
|-end|p2a: Iron Treads|Quark Drive|[silent]
|-damage|p1a: Barraskewda|61/100|[from] item: Life Orb
|
|upkeep
|
|t:|1760364592
|switch|p2a: Enamorus|Enamorus, F|100/100
|turn|19
|
|t:|1760364599
|-terastallize|p2a: Enamorus|Stellar
|move|p1a: Barraskewda|Aqua Jet|p2a: Enamorus
|-damage|p2a: Enamorus|56/100
|-damage|p1a: Barraskewda|51/100|[from] item: Life Orb
|move|p2a: Enamorus|Tera Blast|p1a: Barraskewda|[anim] Tera Blast Stellar
|-damage|p1a: Barraskewda|0 fnt
|-boost|p2a: Enamorus|atk|1
|-boost|p2a: Enamorus|spa|1
|faint|p1a: Barraskewda
|
|upkeep
|
|t:|1760364604
|switch|p1a: Raging Bolt|Raging Bolt|79/100
|-activate|p1a: Raging Bolt|move: Sticky Web
|-unboost|p1a: Raging Bolt|spe|1
|turn|20
|
|t:|1760364610
|move|p1a: Raging Bolt|Thunderclap|p2a: Enamorus
|-supereffective|p2a: Enamorus
|-damage|p2a: Enamorus|0 fnt
|faint|p2a: Enamorus
|
|upkeep
|
|t:|1760364613
|switch|p2a: Ceruledge|Ceruledge, F|16/100
|turn|21
|
|t:|1760364619
|move|p2a: Ceruledge|Bitter Blade|p1a: Raging Bolt
|-resisted|p1a: Raging Bolt
|-damage|p1a: Raging Bolt|58/100
|-heal|p2a: Ceruledge|31/100|[from] drain|[of] p1a: Raging Bolt
|move|p1a: Raging Bolt|Dragon Pulse|p2a: Ceruledge
|-crit|p2a: Ceruledge
|-damage|p2a: Ceruledge|0 fnt
|faint|p2a: Ceruledge
|
|win|3idk
|raw|3idk's rating: 1615 &rarr; <strong>1634</strong><br />(+19 for winning)
|raw|deepak johnson's rating: 1603 &rarr; <strong>1584</strong><br />(-19 for losing)
|l|☆deepak johnson
|player|p2|
|l|☆3idk
|player|p1|
