|j|‽Dranzerzx
|j|☆teatrero mugroso
|t:|1760356969
|gametype|singles
|player|p1|Dranzerzx|marshal|1405
|player|p2|teatrero mugroso|blue|1347
|gen|9
|tier|[Gen 9] OU
|rated|
|rule|HP Percentage Mod: HP is shown in percentages
|rule|Endless Battle Clause: Forcing endless battles is banned
|rule|Species Clause: Limit one of each Pokémon
|rule|OHKO Clause: OHKO moves are banned
|rule|Evasion Items Clause: Evasion items are banned
|rule|Evasion Moves Clause: Evasion moves are banned
|rule|Evasion Abilities Clause: Evasion abilities are banned
|rule|Sleep Moves Clause: Sleep-inducing moves are banned
|clearpoke
|poke|p1|Cinderace, F|
|poke|p1|Great Tusk|
|poke|p1|Slowking-Galar, F|
|poke|p1|Samurott-Hisui, M|
|poke|p1|Latios, M|
|poke|p1|Dragapult, M|
|poke|p2|Clefable, F|
|poke|p2|Blastoise, F|
|poke|p2|Gengar, M|
|poke|p2|Magneton|
|poke|p2|Dragonite, F|
|poke|p2|Moltres|
|teampreview
|inactive|Battle timer is ON: inactive players will automatically lose when time's up. (requested by teatrero mugroso)
|
|t:|1760356989
|teamsize|p1|6
|teamsize|p2|6
|start
|switch|p1a: Cinderace|Cinderace, F, shiny|100/100
|switch|p2a: Blastoise|Blastoise, F|100/100
|turn|1
|
|t:|1760356996
|move|p1a: Cinderace|High Jump Kick|p2a: Blastoise|[miss]
|-start|p1a: Cinderace|typechange|Fighting|[from] ability: Libero
|-miss|p1a: Cinderace|p2a: Blastoise
|-damage|p1a: Cinderace|51/100|[from] highjumpkick
|move|p2a: Blastoise|Flip Turn|p1a: Cinderace
|-damage|p1a: Cinderace|26/100
|
|t:|1760357013
|switch|p2a: Dragonite|Dragonite, F|100/100|[from] Flip Turn
|
|upkeep
|turn|2
|
|t:|1760357018
|switch|p1a: Slowking|Slowking-Galar, F, shiny|100/100
|move|p2a: Dragonite|Extreme Speed|p1a: Slowking
|-damage|p1a: Slowking|53/100
|
|upkeep
|turn|3
|
|t:|1760357027
|-terastallize|p2a: Dragonite|Normal
|move|p2a: Dragonite|Extreme Speed|p1a: Slowking
|-crit|p1a: Slowking
|-damage|p1a: Slowking|0 fnt
|faint|p1a: Slowking
|
|upkeep
|
|t:|1760357032
|switch|p1a: Dragapult|Dragapult, M, shiny|100/100
|turn|4
|
|t:|1760357036
|switch|p2a: Clefable|Clefable, F|100/100
|move|p1a: Dragapult|Will-O-Wisp|p2a: Clefable
|-status|p2a: Clefable|brn
|
|-damage|p2a: Clefable|94/100 brn|[from] brn
|upkeep
|turn|5
|
|t:|1760357044
|move|p1a: Dragapult|U-turn|p2a: Clefable
|-resisted|p2a: Clefable
|-damage|p2a: Clefable|85/100 brn
|
|t:|1760357055
|switch|p1a: Cinderace|Cinderace, F, shiny|26/100|[from] U-turn
|move|p2a: Clefable|Thunder Wave|p1a: Cinderace
|-status|p1a: Cinderace|par
|
|-heal|p2a: Clefable|92/100 brn|[from] item: Leftovers
|-damage|p2a: Clefable|85/100 brn|[from] brn
|upkeep
|turn|6
|
|t:|1760357064
|switch|p2a: Blastoise|Blastoise, F|100/100
|move|p1a: Cinderace|Pyro Ball|p2a: Blastoise
|-resisted|p2a: Blastoise
|-damage|p2a: Blastoise|69/100
|
|-heal|p2a: Blastoise|76/100|[from] item: Leftovers
|upkeep
|turn|7
|
|t:|1760357072
|switch|p1a: Samurott|Samurott-Hisui, M, shiny|100/100
|move|p2a: Blastoise|Flip Turn|p1a: Samurott
|-resisted|p1a: Samurott
|-damage|p1a: Samurott|89/100
|
|t:|1760357080
|switch|p2a: Gengar|Gengar, M|100/100|[from] Flip Turn
|
|upkeep
|turn|8
|
|t:|1760357087
|move|p2a: Gengar|Focus Blast|p1a: Samurott
|-supereffective|p1a: Samurott
|-damage|p1a: Samurott|0 fnt
|faint|p1a: Samurott
|
|upkeep
|
|t:|1760357103
|switch|p1a: Dragapult|Dragapult, M, shiny|100/100
|turn|9
|c|☆teatrero mugroso|first gen
|
|t:|1760357108
|move|p1a: Dragapult|U-turn|p2a: Gengar
|-resisted|p2a: Gengar
|-damage|p2a: Gengar|92/100
|
|t:|1760357117
|switch|p1a: Cinderace|Cinderace, F, shiny|26/100 par|[from] U-turn
|move|p2a: Gengar|Shadow Ball|p1a: Cinderace
|-damage|p1a: Cinderace|0 fnt
|faint|p1a: Cinderace
|
|upkeep
|
|t:|1760357120
|switch|p1a: Dragapult|Dragapult, M, shiny|100/100
|turn|10
|
|t:|1760357130
|switch|p2a: Moltres|Moltres|100/100
|move|p1a: Dragapult|Hex|p2a: Moltres
|-damage|p2a: Moltres|71/100
|
|upkeep
|turn|11
|
|t:|1760357138
|switch|p1a: Latios|Latios, M, shiny|100/100
|switch|p2a: Clefable|Clefable, F|85/100 brn
|
|-heal|p2a: Clefable|92/100 brn|[from] item: Leftovers
|-damage|p2a: Clefable|85/100 brn|[from] brn
|upkeep
|turn|12
|
|t:|1760357147
|switch|p1a: Great Tusk|Great Tusk, shiny|100/100
|move|p2a: Clefable|Stealth Rock|p1a: Great Tusk
|-sidestart|p1: Dranzerzx|move: Stealth Rock
|
|-heal|p2a: Clefable|92/100 brn|[from] item: Leftovers
|-damage|p2a: Clefable|85/100 brn|[from] brn
|upkeep
|turn|13
|
|t:|1760357155
|switch|p2a: Moltres|Moltres|71/100
|move|p1a: Great Tusk|Headlong Rush|p2a: Moltres
|-immune|p2a: Moltres
|
|upkeep
|turn|14
|
|t:|1760357162
|move|p2a: Moltres|Air Slash|p1a: Great Tusk
|-supereffective|p1a: Great Tusk
|-damage|p1a: Great Tusk|23/100
|cant|p1a: Great Tusk|flinch
|
|upkeep
|turn|15
|
|t:|1760357177
|-end|p1a: Great Tusk|Protosynthesis|[silent]
|switch|p1a: Dragapult|Dragapult, M, shiny|100/100
|move|p2a: Moltres|Air Slash|p1a: Dragapult
|-damage|p1a: Dragapult|58/100
|
|upkeep
|turn|16
|
|t:|1760357182
|move|p1a: Dragapult|Hex|p2a: Moltres
|-damage|p2a: Moltres|40/100
|move|p2a: Moltres|Air Slash|p1a: Dragapult
|-damage|p1a: Dragapult|15/100
|
|upkeep
|turn|17
|
|t:|1760357189
|move|p1a: Dragapult|Hex|p2a: Moltres
|-damage|p2a: Moltres|7/100
|move|p2a: Moltres|Roost|p2a: Moltres
|-heal|p2a: Moltres|57/100
|-singleturn|p2a: Moltres|move: Roost
|
|upkeep
|turn|18
|
|t:|1760357197
|move|p1a: Dragapult|Hex|p2a: Moltres
|-damage|p2a: Moltres|26/100
|move|p2a: Moltres|Will-O-Wisp|p1a: Dragapult
|-status|p1a: Dragapult|brn
|
|-damage|p1a: Dragapult|9/100 brn|[from] brn
|upkeep
|turn|19
|
|t:|1760357204
|move|p1a: Dragapult|Hex|p2a: Moltres
|-damage|p2a: Moltres|0 fnt
|faint|p2a: Moltres
|
|-damage|p1a: Dragapult|3/100 brn|[from] brn
|upkeep
|
|t:|1760357214
|switch|p2a: Blastoise|Blastoise, F|76/100
|turn|20
|
|t:|1760357222
|move|p1a: Dragapult|Hex|p2a: Blastoise
|-damage|p2a: Blastoise|51/100
|move|p2a: Blastoise|Flip Turn|p1a: Dragapult
|-resisted|p1a: Dragapult
|-damage|p1a: Dragapult|0 fnt
|faint|p1a: Dragapult
|
|t:|1760357231
|switch|p2a: Dragonite|Dragonite, F, tera:Normal|100/100|[from] Flip Turn
|
|upkeep
|
|t:|1760357235
|switch|p1a: Great Tusk|Great Tusk, shiny|23/100
|turn|21
|
|t:|1760357239
|move|p2a: Dragonite|Extreme Speed|p1a: Great Tusk
|-damage|p1a: Great Tusk|0 fnt
|faint|p1a: Great Tusk
|-end|p1a: Great Tusk|Protosynthesis|[silent]
|
|upkeep
|c|☆teatrero mugroso|gg
|
|t:|1760357243
|switch|p1a: Latios|Latios, M, shiny|100/100
|-damage|p1a: Latios|88/100|[from] Stealth Rock
|turn|22
|
|t:|1760357248
|-terastallize|p1a: Latios|Steel
|move|p2a: Dragonite|Extreme Speed|p1a: Latios
|-resisted|p1a: Latios
|-damage|p1a: Latios|37/100
|move|p1a: Latios|Psychic Noise|p2a: Dragonite
|-damage|p2a: Dragonite|81/100
|-start|p2a: Dragonite|move: Heal Block
|
|upkeep
|turn|23
|-message|Dranzerzx forfeited.
|
|win|teatrero mugroso
|raw|Dranzerzx's rating: 1405 &rarr; <strong>1382</strong><br />(-23 for losing)
|raw|teatrero mugroso's rating: 1347 &rarr; <strong>1370</strong><br />(+23 for winning)
|l|‽Dranzerzx
|player|p1|
|l|☆teatrero mugroso
|player|p2|
