|j|☆generic_personname
|j|☆And I ooooooop
|t:|1760432114
|gametype|singles
|player|p1|generic_personname|phoebe-masters|1315
|player|p2|And I ooooooop|bellelba|1301
|gen|9
|tier|[Gen 9] OU
|rated|
|rule|HP Percentage Mod: HP is shown in percentages
|rule|Endless Battle Clause: Forcing endless battles is banned
|rule|Species Clause: Limit one of each Pokémon
|rule|OHKO Clause: OHKO moves are banned
|rule|Evasion Items Clause: Evasion items are banned
|rule|Evasion Moves Clause: Evasion moves are banned
|rule|Evasion Abilities Clause: Evasion abilities are banned
|rule|Sleep Moves Clause: Sleep-inducing moves are banned
|clearpoke
|poke|p1|Iron Treads|
|poke|p1|Darkrai|
|poke|p1|Sylveon, F|
|poke|p1|Slowking, M|
|poke|p1|Meowscarada, F|
|poke|p1|Garchomp, M|
|poke|p2|Serperior, F|
|poke|p2|Great Tusk|
|poke|p2|Hatterene, F|
|poke|p2|Arcanine-Hisui, M|
|poke|p2|Alomomola, F|
|poke|p2|Kingambit, F|
|teampreview
|inactive|Battle timer is ON: inactive players will automatically lose when time's up. (requested by generic_personname)
|
|t:|1760432142
|teamsize|p1|6
|teamsize|p2|6
|start
|switch|p1a: taylor swift|Meowscarada, F|100/100
|switch|p2a: Great Tusk|Great Tusk|100/100
|turn|1
|
|t:|1760432151
|move|p1a: taylor swift|Flower Trick|p2a: Great Tusk
|-start|p1a: taylor swift|typechange|Grass|[from] ability: Protean
|-supereffective|p2a: Great Tusk
|-crit|p2a: Great Tusk
|-damage|p2a: Great Tusk|28/100
|move|p2a: Great Tusk|Knock Off|p1a: taylor swift
|-damage|p1a: taylor swift|57/100
|-enditem|p1a: taylor swift|Choice Band|[from] move: Knock Off|[of] p2a: Great Tusk
|
|-heal|p2a: Great Tusk|34/100|[from] item: Leftovers
|upkeep
|turn|2
|
|t:|1760432161
|-end|p2a: Great Tusk|Protosynthesis|[silent]
|switch|p2a: Kingambit|Kingambit, F|100/100
|move|p1a: taylor swift|Flower Trick|p2a: Kingambit
|-resisted|p2a: Kingambit
|-crit|p2a: Kingambit
|-damage|p2a: Kingambit|83/100
|
|-heal|p2a: Kingambit|89/100|[from] item: Leftovers
|upkeep
|turn|3
|
|t:|1760432177
|switch|p1a: Never chompover|Garchomp, M|100/100
|move|p2a: Kingambit|Low Kick|p1a: Never chompover
|-damage|p1a: Never chompover|82/100
|-damage|p2a: Kingambit|76/100|[from] ability: Rough Skin|[of] p1a: Never chompover
|-damage|p2a: Kingambit|60/100|[from] item: Rocky Helmet|[of] p1a: Never chompover
|
|-heal|p2a: Kingambit|66/100|[from] item: Leftovers
|upkeep
|turn|4
|
|t:|1760432186
|-end|p2a: Kingambit|fallenundefined|[silent]
|switch|p2a: Hatterene|Hatterene, F|100/100
|move|p1a: Never chompover|Earthquake|p2a: Hatterene
|-damage|p2a: Hatterene|51/100
|
|upkeep
|turn|5
|
|t:|1760432192
|switch|p1a: Iron truck|Iron Treads|100/100
|-item|p1a: Iron truck|Air Balloon
|move|p2a: Hatterene|Draining Kiss|p1a: Iron truck
|-resisted|p1a: Iron truck
|-damage|p1a: Iron truck|81/100
|-heal|p2a: Hatterene|66/100|[from] drain|[of] p1a: Iron truck
|-enditem|p1a: Iron truck|Air Balloon
|
|upkeep
|turn|6
|
|t:|1760432197
|switch|p2a: Alomomola|Alomomola, F|100/100
|move|p1a: Iron truck|Knock Off|p2a: Alomomola
|-damage|p2a: Alomomola|79/100
|-enditem|p2a: Alomomola|Assault Vest|[from] move: Knock Off|[of] p1a: Iron truck
|
|upkeep
|turn|7
|
|t:|1760432206
|-end|p1a: Iron truck|Quark Drive|[silent]
|switch|p1a: taylor swift|Meowscarada, F|57/100
|move|p2a: Alomomola|Scald|p1a: taylor swift
|-resisted|p1a: taylor swift
|-damage|p1a: taylor swift|46/100
|-status|p1a: taylor swift|brn
|
|-damage|p1a: taylor swift|40/100 brn|[from] brn
|upkeep
|turn|8
|
|t:|1760432217
|move|p1a: taylor swift|U-turn|p2a: Alomomola
|-start|p1a: taylor swift|typechange|Bug|[from] ability: Protean
|-damage|p2a: Alomomola|67/100
|
|t:|1760432221
|switch|p1a: Never chompover|Garchomp, M|82/100|[from] U-turn
|move|p2a: Alomomola|Flip Turn|p1a: Never chompover
|-damage|p1a: Never chompover|71/100
|-damage|p2a: Alomomola|55/100|[from] ability: Rough Skin|[of] p1a: Never chompover
|-damage|p2a: Alomomola|38/100|[from] item: Rocky Helmet|[of] p1a: Never chompover
|
|t:|1760432238
|switch|p2a: Serperior|Serperior, F, shiny|100/100|[from] Flip Turn
|
|upkeep
|turn|9
|
|t:|1760432254
|move|p2a: Serperior|Leaf Storm|p1a: Never chompover
|-damage|p1a: Never chompover|23/100
|-boost|p2a: Serperior|spa|2
|move|p1a: Never chompover|Dragon Tail|p2a: Serperior
|-damage|p2a: Serperior|72/100
|drag|p2a: Arcanine|Arcanine-Hisui, M|100/100
|
|upkeep
|turn|10
|
|t:|1760432269
|switch|p1a: Not glowking??|Slowking, M|100/100
|move|p2a: Arcanine|Flare Blitz|p1a: Not glowking??
|-resisted|p1a: Not glowking??
|-damage|p1a: Not glowking??|63/100
|
|upkeep
|turn|11
|
|t:|1760432281
|switch|p2a: Hatterene|Hatterene, F|66/100
|-prepare|p1a: Not glowking??|Chilly Reception|[premajor]
|move|p1a: Not glowking??|Chilly Reception|p1a: Not glowking??
|-weather|Snowscape
|
|t:|1760432293
|switch|p1a: Trans Rights|Sylveon, F|100/100|[from] Chilly Reception
|
|-weather|Snowscape|[upkeep]
|upkeep
|turn|12
|
|t:|1760432299
|move|p1a: Trans Rights|Calm Mind|p1a: Trans Rights
|-boost|p1a: Trans Rights|spa|1
|-boost|p1a: Trans Rights|spd|1
|move|p2a: Hatterene|Nuzzle|p1a: Trans Rights
|-damage|p1a: Trans Rights|97/100
|-status|p1a: Trans Rights|par
|
|-weather|Snowscape|[upkeep]
|-heal|p1a: Trans Rights|100/100 par|[from] item: Leftovers
|upkeep
|turn|13
|
|t:|1760432304
|move|p2a: Hatterene|Mystical Fire|p1a: Trans Rights
|-damage|p1a: Trans Rights|88/100 par
|-unboost|p1a: Trans Rights|spa|1
|move|p1a: Trans Rights|Calm Mind|p1a: Trans Rights
|-boost|p1a: Trans Rights|spa|1
|-boost|p1a: Trans Rights|spd|1
|
|-weather|Snowscape|[upkeep]
|-heal|p1a: Trans Rights|94/100 par|[from] item: Leftovers
|upkeep
|turn|14
|
|t:|1760432311
|move|p2a: Hatterene|Mystical Fire|p1a: Trans Rights
|-damage|p1a: Trans Rights|86/100 par
|-unboost|p1a: Trans Rights|spa|1
|move|p1a: Trans Rights|Hyper Voice|p2a: Hatterene
|-damage|p2a: Hatterene|42/100
|
|-weather|Snowscape|[upkeep]
|-heal|p1a: Trans Rights|92/100 par|[from] item: Leftovers
|upkeep
|turn|15
|
|t:|1760432317
|switch|p1a: Never chompover|Garchomp, M|23/100
|move|p2a: Hatterene|Psyshock|p1a: Never chompover
|-damage|p1a: Never chompover|0 fnt
|faint|p1a: Never chompover
|
|-weather|none
|upkeep
|
|t:|1760432328
|switch|p1a: Iron truck|Iron Treads|81/100
|turn|16
|
|t:|1760432332
|move|p1a: Iron truck|Earthquake|p2a: Hatterene
|-damage|p2a: Hatterene|0 fnt
|faint|p2a: Hatterene
|
|upkeep
|
|t:|1760432341
|switch|p2a: Serperior|Serperior, F, shiny|72/100
|turn|17
|
|t:|1760432346
|move|p2a: Serperior|Leaf Storm|p1a: Iron truck
|-damage|p1a: Iron truck|16/100
|-boost|p2a: Serperior|spa|2
|move|p1a: Iron truck|Ice Spinner|p2a: Serperior
|-supereffective|p2a: Serperior
|-damage|p2a: Serperior|6/100
|
|-heal|p2a: Serperior|13/100|[from] item: Leftovers
|upkeep
|turn|18
|
|t:|1760432368
|move|p2a: Serperior|Leaf Storm|p1a: Iron truck
|-damage|p1a: Iron truck|0 fnt
|-boost|p2a: Serperior|spa|2
|faint|p1a: Iron truck
|-end|p1a: Iron truck|Quark Drive|[silent]
|
|-heal|p2a: Serperior|19/100|[from] item: Leftovers
|upkeep
|
|t:|1760432370
|switch|p1a: I'm eepy|Darkrai|100/100
|turn|19
|
|t:|1760432380
|move|p1a: I'm eepy|Dark Pulse|p2a: Serperior
|-damage|p2a: Serperior|0 fnt
|faint|p2a: Serperior
|
|upkeep
|
|t:|1760432385
|switch|p2a: Kingambit|Kingambit, F|66/100
|-activate|p2a: Kingambit|ability: Supreme Overlord
|-start|p2a: Kingambit|fallen2|[silent]
|turn|20
|
|t:|1760432392
|switch|p1a: taylor swift|Meowscarada, F|40/100 brn
|move|p2a: Kingambit|Iron Head|p1a: taylor swift
|-crit|p1a: taylor swift
|-damage|p1a: taylor swift|0 fnt
|faint|p1a: taylor swift
|
|-heal|p2a: Kingambit|72/100|[from] item: Leftovers
|upkeep
|
|t:|1760432400
|switch|p1a: I'm eepy|Darkrai|100/100
|turn|21
|
|t:|1760432407
|move|p1a: I'm eepy|Will-O-Wisp|p2a: Kingambit
|-status|p2a: Kingambit|brn
|move|p2a: Kingambit|Iron Head|p1a: I'm eepy
|-damage|p1a: I'm eepy|62/100
|
|-heal|p2a: Kingambit|78/100 brn|[from] item: Leftovers
|-damage|p2a: Kingambit|72/100 brn|[from] brn
|upkeep
|turn|22
|
|t:|1760432416
|switch|p1a: Trans Rights|Sylveon, F|92/100 par
|-end|p2a: Kingambit|fallen2|[silent]
|switch|p2a: Alomomola|Alomomola, F|71/100
|
|-heal|p1a: Trans Rights|98/100 par|[from] item: Leftovers
|upkeep
|turn|23
|
|t:|1760432421
|move|p2a: Alomomola|Flip Turn|p1a: Trans Rights
|-damage|p1a: Trans Rights|84/100 par
|
|t:|1760432423
|switch|p2a: Arcanine|Arcanine-Hisui, M|100/100|[from] Flip Turn
|move|p1a: Trans Rights|Calm Mind|p1a: Trans Rights
|-boost|p1a: Trans Rights|spa|1
|-boost|p1a: Trans Rights|spd|1
|
|-heal|p1a: Trans Rights|90/100 par|[from] item: Leftovers
|upkeep
|turn|24
|
|t:|1760432429
|cant|p1a: Trans Rights|par
|move|p2a: Arcanine|Flare Blitz|p1a: Trans Rights
|-damage|p1a: Trans Rights|21/100 par
|
|-heal|p1a: Trans Rights|27/100 par|[from] item: Leftovers
|upkeep
|turn|25
|
|t:|1760432431
|switch|p1a: Not glowking??|Slowking, M|96/100
|move|p2a: Arcanine|Flare Blitz|p1a: Not glowking??
|-resisted|p1a: Not glowking??
|-damage|p1a: Not glowking??|64/100
|-status|p1a: Not glowking??|brn
|
|-damage|p1a: Not glowking??|58/100 brn|[from] brn
|upkeep
|turn|26
|
|t:|1760432440
|switch|p2a: Alomomola|Alomomola, F|100/100
|-prepare|p1a: Not glowking??|Chilly Reception|[premajor]
|move|p1a: Not glowking??|Chilly Reception|p1a: Not glowking??
|-weather|Snowscape
|
|t:|1760432442
|switch|p1a: I'm eepy|Darkrai|62/100|[from] Chilly Reception
|
|-weather|Snowscape|[upkeep]
|upkeep
|turn|27
|
|t:|1760432447
|move|p1a: I'm eepy|Trick|p2a: Alomomola
|-activate|p1a: I'm eepy|move: Trick|[of] p2a: Alomomola
|-item|p2a: Alomomola|Choice Scarf|[from] move: Trick
|-enditem|p1a: I'm eepy|Choice Scarf|[silent]|[from] move: Trick
|move|p2a: Alomomola|Mirror Coat||[still]
|-fail|p2a: Alomomola
|
|-weather|Snowscape|[upkeep]
|upkeep
|turn|28
|
|t:|1760432458
|switch|p2a: Great Tusk|Great Tusk|34/100
|move|p1a: I'm eepy|Will-O-Wisp|p2a: Great Tusk
|-status|p2a: Great Tusk|brn
|
|-weather|Snowscape|[upkeep]
|-heal|p2a: Great Tusk|41/100 brn|[from] item: Leftovers
|-damage|p2a: Great Tusk|34/100 brn|[from] brn
|upkeep
|turn|29
|
|t:|1760432464
|move|p1a: I'm eepy|Ice Beam|p2a: Great Tusk
|-supereffective|p2a: Great Tusk
|-damage|p2a: Great Tusk|0 fnt
|faint|p2a: Great Tusk
|-end|p2a: Great Tusk|Protosynthesis|[silent]
|
|-weather|Snowscape|[upkeep]
|upkeep
|
|t:|1760432486
|switch|p2a: Arcanine|Arcanine-Hisui, M|100/100
|turn|30
|
|t:|1760432495
|switch|p1a: Not glowking??|Slowking, M|91/100 brn
|move|p2a: Arcanine|Head Smash|p1a: Not glowking??
|-damage|p1a: Not glowking??|0 fnt
|faint|p1a: Not glowking??
|
|-weather|none
|upkeep
|
|t:|1760432502
|switch|p1a: I'm eepy|Darkrai|62/100
|turn|31
|
|t:|1760432504
|switch|p2a: Alomomola|Alomomola, F|100/100
|move|p1a: I'm eepy|Dark Pulse|p2a: Alomomola
|-damage|p2a: Alomomola|68/100
|
|upkeep
|turn|32
|
|t:|1760432507
|move|p1a: I'm eepy|Will-O-Wisp|p2a: Alomomola
|-status|p2a: Alomomola|brn
|move|p2a: Alomomola|Scald|p1a: I'm eepy
|-damage|p1a: I'm eepy|46/100
|
|-damage|p2a: Alomomola|62/100 brn|[from] brn
|upkeep
|turn|33
|
|t:|1760432513
|switch|p1a: Trans Rights|Sylveon, F|27/100 par
|move|p2a: Alomomola|Scald|p1a: Trans Rights
|-damage|p1a: Trans Rights|18/100 par
|
|-heal|p1a: Trans Rights|24/100 par|[from] item: Leftovers
|-damage|p2a: Alomomola|56/100 brn|[from] brn
|upkeep
|turn|34
|
|t:|1760432518
|switch|p2a: Kingambit|Kingambit, F|72/100 brn
|-activate|p2a: Kingambit|ability: Supreme Overlord
|-start|p2a: Kingambit|fallen3|[silent]
|cant|p1a: Trans Rights|par
|
|-heal|p2a: Kingambit|78/100 brn|[from] item: Leftovers
|-heal|p1a: Trans Rights|30/100 par|[from] item: Leftovers
|-damage|p2a: Kingambit|72/100 brn|[from] brn
|upkeep
|turn|35
|
|t:|1760432523
|cant|p1a: Trans Rights|par
|move|p2a: Kingambit|Iron Head|p1a: Trans Rights
|-supereffective|p1a: Trans Rights
|-crit|p1a: Trans Rights
|-damage|p1a: Trans Rights|0 fnt
|faint|p1a: Trans Rights
|
|-heal|p2a: Kingambit|78/100 brn|[from] item: Leftovers
|-damage|p2a: Kingambit|72/100 brn|[from] brn
|upkeep
|
|t:|1760432525
|switch|p1a: I'm eepy|Darkrai|46/100
|turn|36
|
|t:|1760432533
|-end|p2a: Kingambit|fallen3|[silent]
|switch|p2a: Alomomola|Alomomola, F|89/100 brn
|-terastallize|p1a: I'm eepy|Ghost
|move|p1a: I'm eepy|Dark Pulse|p2a: Alomomola
|-damage|p2a: Alomomola|59/100 brn
|
|-damage|p2a: Alomomola|53/100 brn|[from] brn
|upkeep
|turn|37
|
|t:|1760432541
|move|p1a: I'm eepy|Dark Pulse|p2a: Alomomola
|-damage|p2a: Alomomola|19/100 brn
|move|p2a: Alomomola|Mirror Coat|p1a: I'm eepy
|-damage|p1a: I'm eepy|0 fnt
|faint|p1a: I'm eepy
|
|win|And I ooooooop
|raw|generic_personname's rating: 1315 &rarr; <strong>1294</strong><br />(-21 for losing)
|raw|And I ooooooop's rating: 1301 &rarr; <strong>1322</strong><br />(+21 for winning)
|l|☆generic_personname
|player|p1|
|l|☆And I ooooooop
|player|p2|
