|j|☆LDJohnson
|j|☆mlap3000
|t:|1760423817
|gametype|singles
|player|p1|LDJohnson|1|1362
|player|p2|mlap3000|volkner|1401
|gen|9
|tier|[Gen 9] OU
|rated|
|rule|HP Percentage Mod: HP is shown in percentages
|rule|Endless Battle Clause: Forcing endless battles is banned
|rule|Species Clause: Limit one of each Pokémon
|rule|OHKO Clause: OHKO moves are banned
|rule|Evasion Items Clause: Evasion items are banned
|rule|Evasion Moves Clause: Evasion moves are banned
|rule|Evasion Abilities Clause: Evasion abilities are banned
|rule|Sleep Moves Clause: Sleep-inducing moves are banned
|clearpoke
|poke|p1|Primarina, F|
|poke|p1|Raging Bolt|
|poke|p1|Rillaboom, M|
|poke|p1|Great Tusk|
|poke|p1|Ceruledge, F|
|poke|p1|Kingambit, M|
|poke|p2|Primarina, M|
|poke|p2|Cinderace, M|
|poke|p2|Garchomp, M|
|poke|p2|Gliscor, F|
|poke|p2|Zamazenta-*|
|poke|p2|Darkrai|
|teampreview
|inactive|Battle timer is ON: inactive players will automatically lose when time's up. (requested by mlap3000)
|
|t:|1760423834
|teamsize|p1|6
|teamsize|p2|6
|start
|switch|p1a: Primarina|Primarina, F|100/100
|switch|p2a: Garchomp|Garchomp, M|100/100
|turn|1
|
|t:|1760423847
|switch|p2a: Primarina|Primarina, M|100/100
|move|p1a: Primarina|Ice Beam|p2a: Primarina
|-resisted|p2a: Primarina
|-damage|p2a: Primarina|90/100
|
|upkeep
|turn|2
|
|t:|1760423854
|switch|p1a: Rillaboom|Rillaboom, M|100/100
|-fieldstart|move: Grassy Terrain|[from] ability: Grassy Surge|[of] p1a: Rillaboom
|move|p2a: Primarina|Moonblast|p1a: Rillaboom
|-damage|p1a: Rillaboom|43/100
|-unboost|p1a: Rillaboom|spa|1
|
|-heal|p1a: Rillaboom|50/100|[from] Grassy Terrain
|-heal|p1a: Rillaboom|56/100|[from] item: Leftovers
|-heal|p2a: Primarina|96/100|[from] Grassy Terrain
|upkeep
|turn|3
|
|t:|1760423868
|switch|p2a: Cinderace|Cinderace, M|100/100
|move|p1a: Rillaboom|Knock Off|p2a: Cinderace
|-damage|p2a: Cinderace|63/100
|-enditem|p2a: Cinderace|Heavy-Duty Boots|[from] move: Knock Off|[of] p1a: Rillaboom
|
|-heal|p2a: Cinderace|69/100|[from] Grassy Terrain
|-heal|p1a: Rillaboom|62/100|[from] Grassy Terrain
|-heal|p1a: Rillaboom|68/100|[from] item: Leftovers
|upkeep
|turn|4
|
|t:|1760423880
|switch|p1a: Great Tusk|Great Tusk|100/100
|move|p2a: Cinderace|U-turn|p1a: Great Tusk
|-resisted|p1a: Great Tusk
|-crit|p1a: Great Tusk
|-damage|p1a: Great Tusk|93/100
|
|t:|1760423893
|switch|p2a: Darkrai|Darkrai|100/100|[from] U-turn
|
|-heal|p1a: Great Tusk|99/100|[from] Grassy Terrain
|upkeep
|turn|5
|
|t:|1760423901
|move|p2a: Darkrai|Nasty Plot|p2a: Darkrai
|-boost|p2a: Darkrai|spa|2
|move|p1a: Great Tusk|Close Combat|p2a: Darkrai
|-supereffective|p2a: Darkrai
|-damage|p2a: Darkrai|0 fnt
|-unboost|p1a: Great Tusk|def|1
|-unboost|p1a: Great Tusk|spd|1
|faint|p2a: Darkrai
|
|-heal|p1a: Great Tusk|100/100|[from] Grassy Terrain
|upkeep
|
|t:|1760423912
|switch|p2a: 16 bron|Zamazenta|100/100
|-ability|p2a: 16 bron|Dauntless Shield|boost
|-boost|p2a: 16 bron|def|1
|turn|6
|inactive|LDJohnson has 120 seconds left.
|
|t:|1760423962
|-end|p1a: Great Tusk|Protosynthesis|[silent]
|switch|p1a: Primarina|Primarina, F|100/100
|move|p2a: 16 bron|Heavy Slam|p1a: Primarina
|-damage|p1a: Primarina|67/100
|
|-heal|p1a: Primarina|73/100|[from] Grassy Terrain
|-fieldend|move: Grassy Terrain
|upkeep
|turn|7
|
|t:|1760423982
|-terastallize|p2a: 16 bron|Steel
|move|p2a: 16 bron|Heavy Slam|p1a: Primarina
|-damage|p1a: Primarina|26/100
|move|p1a: Primarina|Moonblast|p2a: 16 bron
|-resisted|p2a: 16 bron
|-damage|p2a: 16 bron|82/100
|-unboost|p2a: 16 bron|spa|1
|
|-heal|p2a: 16 bron|88/100|[from] item: Leftovers
|upkeep
|turn|8
|
|t:|1760423993
|switch|p1a: Rillaboom|Rillaboom, M|68/100
|-fieldstart|move: Grassy Terrain|[from] ability: Grassy Surge|[of] p1a: Rillaboom
|move|p2a: 16 bron|Iron Defense|p2a: 16 bron
|-boost|p2a: 16 bron|def|2
|
|-heal|p2a: 16 bron|94/100|[from] Grassy Terrain
|-heal|p2a: 16 bron|100/100|[from] item: Leftovers
|-heal|p1a: Rillaboom|74/100|[from] Grassy Terrain
|-heal|p1a: Rillaboom|80/100|[from] item: Leftovers
|upkeep
|turn|9
|
|t:|1760424006
|move|p2a: 16 bron|Iron Defense|p2a: 16 bron
|-boost|p2a: 16 bron|def|2
|move|p1a: Rillaboom|U-turn|p2a: 16 bron
|-resisted|p2a: 16 bron
|-damage|p2a: 16 bron|98/100
|
|t:|1760424019
|switch|p1a: Ceruledge|Ceruledge, F|100/100|[from] U-turn
|
|-heal|p2a: 16 bron|100/100|[from] Grassy Terrain
|upkeep
|turn|10
|
|t:|1760424026
|move|p2a: 16 bron|Crunch|p1a: Ceruledge
|-supereffective|p1a: Ceruledge
|-damage|p1a: Ceruledge|48/100
|-unboost|p1a: Ceruledge|def|1
|-ability|p1a: Ceruledge|Weak Armor|boost
|-unboost|p1a: Ceruledge|def|1
|-boost|p1a: Ceruledge|spe|2
|-enditem|p1a: Ceruledge|Weakness Policy
|-boost|p1a: Ceruledge|atk|2|[from] item: Weakness Policy
|-boost|p1a: Ceruledge|spa|2|[from] item: Weakness Policy
|move|p1a: Ceruledge|Bulk Up|p1a: Ceruledge
|-boost|p1a: Ceruledge|atk|1
|-boost|p1a: Ceruledge|def|1
|
|-heal|p1a: Ceruledge|54/100|[from] Grassy Terrain
|upkeep
|turn|11
|inactive|LDJohnson has 120 seconds left.
|
|t:|1760424040
|-terastallize|p1a: Ceruledge|Fighting
|move|p1a: Ceruledge|Bitter Blade|p2a: 16 bron
|-supereffective|p2a: 16 bron
|-damage|p2a: 16 bron|46/100
|-heal|p1a: Ceruledge|87/100|[from] drain|[of] p2a: 16 bron
|move|p2a: 16 bron|Crunch|p1a: Ceruledge
|-resisted|p1a: Ceruledge
|-damage|p1a: Ceruledge|67/100
|-ability|p1a: Ceruledge|Weak Armor|boost
|-unboost|p1a: Ceruledge|def|1
|-boost|p1a: Ceruledge|spe|2
|
|-heal|p1a: Ceruledge|73/100|[from] Grassy Terrain
|-heal|p2a: 16 bron|52/100|[from] Grassy Terrain
|-heal|p2a: 16 bron|58/100|[from] item: Leftovers
|upkeep
|turn|12
|
|t:|1760424053
|move|p1a: Ceruledge|Bitter Blade|p2a: 16 bron
|-supereffective|p2a: 16 bron
|-damage|p2a: 16 bron|4/100
|-heal|p1a: Ceruledge|100/100|[from] drain|[of] p2a: 16 bron
|move|p2a: 16 bron|Body Press|p1a: Ceruledge
|-damage|p1a: Ceruledge|0 fnt
|faint|p1a: Ceruledge
|
|-heal|p2a: 16 bron|10/100|[from] Grassy Terrain
|-heal|p2a: 16 bron|16/100|[from] item: Leftovers
|-fieldend|move: Grassy Terrain
|upkeep
|inactive|LDJohnson has 120 seconds left.
|
|t:|1760424067
|switch|p1a: Rillaboom|Rillaboom, M|80/100
|-fieldstart|move: Grassy Terrain|[from] ability: Grassy Surge|[of] p1a: Rillaboom
|turn|13
|
|t:|1760424071
|move|p2a: 16 bron|Body Press|p1a: Rillaboom
|-damage|p1a: Rillaboom|0 fnt
|faint|p1a: Rillaboom
|
|-heal|p2a: 16 bron|22/100|[from] Grassy Terrain
|-heal|p2a: 16 bron|28/100|[from] item: Leftovers
|upkeep
|
|t:|1760424086
|switch|p1a: Raging Bolt|Raging Bolt|100/100
|-enditem|p1a: Raging Bolt|Booster Energy
|-activate|p1a: Raging Bolt|ability: Protosynthesis|[fromitem]
|-start|p1a: Raging Bolt|protosynthesisspa
|turn|14
|inactive|mlap3000 has 120 seconds left.
|inactive|mlap3000 has 90 seconds left.
|
|t:|1760424147
|switch|p2a: Garchomp|Garchomp, M|100/100
|move|p1a: Raging Bolt|Thunderclap||[still]
|-fail|p1a: Raging Bolt
|
|upkeep
|turn|15
|inactive|mlap3000 has 90 seconds left.
|
|t:|1760424161
|-end|p1a: Raging Bolt|Protosynthesis|[silent]
|switch|p1a: Primarina|Primarina, F|26/100
|move|p2a: Garchomp|Earthquake|p1a: Primarina
|-damage|p1a: Primarina|0 fnt
|faint|p1a: Primarina
|
|upkeep
|
|t:|1760424171
|switch|p1a: Great Tusk|Great Tusk|100/100
|turn|16
|inactive|mlap3000 has 90 seconds left.
|
|t:|1760424213
|switch|p2a: 16 bron|Zamazenta, tera:Steel|28/100
|move|p1a: Great Tusk|Close Combat|p2a: 16 bron
|-supereffective|p2a: 16 bron
|-damage|p2a: 16 bron|0 fnt
|-unboost|p1a: Great Tusk|def|1
|-unboost|p1a: Great Tusk|spd|1
|faint|p2a: 16 bron
|
|upkeep
|inactive|mlap3000 has 60 seconds left.
|
|t:|1760424234
|switch|p2a: Primarina|Primarina, M|96/100
|turn|17
|
|t:|1760424246
|-end|p1a: Great Tusk|Protosynthesis|[silent]
|switch|p1a: Kingambit|Kingambit, M|100/100
|-activate|p1a: Kingambit|ability: Supreme Overlord
|-start|p1a: Kingambit|fallen3|[silent]
|move|p2a: Primarina|Moonblast|p1a: Kingambit
|-damage|p1a: Kingambit|45/100
|
|-heal|p2a: Primarina|100/100|[from] Grassy Terrain
|-heal|p1a: Kingambit|51/100|[from] Grassy Terrain
|-fieldend|move: Grassy Terrain
|upkeep
|turn|18
|inactive|mlap3000 has 60 seconds left.
|
|t:|1760424260
|move|p2a: Primarina|Moonblast|p1a: Kingambit
|-damage|p1a: Kingambit|0 fnt
|faint|p1a: Kingambit
|-end|p1a: Kingambit|fallen3|[silent]
|
|upkeep
|
|t:|1760424270
|switch|p1a: Raging Bolt|Raging Bolt|100/100
|turn|19
|inactive|mlap3000 has 60 seconds left.
|
|t:|1760424286
|switch|p2a: Gliscor|Gliscor, F|100/100
|move|p1a: Raging Bolt|Draco Meteor|p2a: Gliscor
|-damage|p2a: Gliscor|31/100
|-unboost|p1a: Raging Bolt|spa|2
|
|-status|p2a: Gliscor|tox|[from] item: Toxic Orb
|upkeep
|turn|20
|inactive|mlap3000 has 60 seconds left.
|
|t:|1760424307
|move|p2a: Gliscor|Knock Off|p1a: Raging Bolt
|-damage|p1a: Raging Bolt|87/100
|move|p1a: Raging Bolt|Heavy Slam|p2a: Gliscor
|-damage|p2a: Gliscor|15/100 tox
|
|-heal|p2a: Gliscor|28/100 tox|[from] ability: Poison Heal
|upkeep
|turn|21
|
|t:|1760424323
|-end|p1a: Raging Bolt|Protosynthesis|[silent]
|switch|p1a: Great Tusk|Great Tusk|100/100
|move|p2a: Gliscor|Earthquake|p1a: Great Tusk
|-damage|p1a: Great Tusk|85/100
|
|-heal|p2a: Gliscor|40/100 tox|[from] ability: Poison Heal
|upkeep
|turn|22
|
|t:|1760424332
|move|p2a: Gliscor|Toxic|p1a: Great Tusk
|-status|p1a: Great Tusk|tox
|move|p1a: Great Tusk|Knock Off|p2a: Gliscor
|-crit|p2a: Gliscor
|-damage|p2a: Gliscor|4/100 tox
|-enditem|p2a: Gliscor|Toxic Orb|[from] move: Knock Off|[of] p1a: Great Tusk
|
|-heal|p2a: Gliscor|16/100 tox|[from] ability: Poison Heal
|-damage|p1a: Great Tusk|79/100 tox|[from] psn
|upkeep
|turn|23
|
|t:|1760424346
|move|p2a: Gliscor|Protect|p2a: Gliscor
|-singleturn|p2a: Gliscor|Protect
|move|p1a: Great Tusk|Knock Off|p2a: Gliscor
|-activate|p2a: Gliscor|move: Protect
|
|-heal|p2a: Gliscor|29/100 tox|[from] ability: Poison Heal
|-damage|p1a: Great Tusk|66/100 tox|[from] psn
|upkeep
|turn|24
|inactive|mlap3000 has 30 seconds left.
|
|t:|1760424376
|move|p2a: Gliscor|Earthquake|p1a: Great Tusk
|-damage|p1a: Great Tusk|50/100 tox
|move|p1a: Great Tusk|Close Combat|p2a: Gliscor
|-resisted|p2a: Gliscor
|-damage|p2a: Gliscor|7/100 tox
|-unboost|p1a: Great Tusk|def|1
|-unboost|p1a: Great Tusk|spd|1
|
|-heal|p2a: Gliscor|20/100 tox|[from] ability: Poison Heal
|-damage|p1a: Great Tusk|31/100 tox|[from] psn
|upkeep
|turn|25
|inactive|mlap3000 has 30 seconds left.
|
|t:|1760424403
|move|p2a: Gliscor|Protect|p2a: Gliscor
|-singleturn|p2a: Gliscor|Protect
|move|p1a: Great Tusk|Rapid Spin|p2a: Gliscor
|-activate|p2a: Gliscor|move: Protect
|
|-heal|p2a: Gliscor|32/100 tox|[from] ability: Poison Heal
|-damage|p1a: Great Tusk|6/100 tox|[from] psn
|upkeep
|turn|26
|inactive|mlap3000 has 30 seconds left.
|
|t:|1760424413
|move|p2a: Gliscor|Knock Off|p1a: Great Tusk
|-resisted|p1a: Great Tusk
|-damage|p1a: Great Tusk|0 fnt
|-enditem|p1a: Great Tusk|Heavy-Duty Boots|[from] move: Knock Off|[of] p2a: Gliscor
|faint|p1a: Great Tusk
|-end|p1a: Great Tusk|Protosynthesis|[silent]
|
|-heal|p2a: Gliscor|45/100 tox|[from] ability: Poison Heal
|upkeep
|
|t:|1760424417
|switch|p1a: Raging Bolt|Raging Bolt|87/100
|turn|27
|
|t:|1760424426
|move|p2a: Gliscor|Protect|p2a: Gliscor
|-singleturn|p2a: Gliscor|Protect
|move|p1a: Raging Bolt|Draco Meteor|p2a: Gliscor
|-activate|p2a: Gliscor|move: Protect
|
|-heal|p2a: Gliscor|57/100 tox|[from] ability: Poison Heal
|upkeep
|turn|28
|
|t:|1760424439
|move|p2a: Gliscor|Earthquake|p1a: Raging Bolt
|-supereffective|p1a: Raging Bolt
|-damage|p1a: Raging Bolt|23/100
|move|p1a: Raging Bolt|Draco Meteor|p2a: Gliscor
|-damage|p2a: Gliscor|0 fnt
|-unboost|p1a: Raging Bolt|spa|2
|faint|p2a: Gliscor
|
|upkeep
|
|t:|1760424447
|switch|p2a: Garchomp|Garchomp, M|100/100
|turn|29
|
|t:|1760424456
|move|p2a: Garchomp|Earthquake|p1a: Raging Bolt
|-supereffective|p1a: Raging Bolt
|-damage|p1a: Raging Bolt|0 fnt
|faint|p1a: Raging Bolt
|-end|p1a: Raging Bolt|Protosynthesis|[silent]
|
|win|mlap3000
|raw|LDJohnson's rating: 1362 &rarr; <strong>1344</strong><br />(-18 for losing)
|raw|mlap3000's rating: 1401 &rarr; <strong>1419</strong><br />(+18 for winning)
|l|☆LDJohnson
|player|p1|
