|j|☆Destro303
|j|☆yuhy
|t:|1760306569
|gametype|singles
|player|p1|Destro303|grimsley|1449
|player|p2|yuhy|benga|1401
|gen|9
|tier|[Gen 9] OU
|rated|
|rule|HP Percentage Mod: HP is shown in percentages
|rule|Endless Battle Clause: Forcing endless battles is banned
|rule|Species Clause: Limit one of each Pokémon
|rule|OHKO Clause: OHKO moves are banned
|rule|Evasion Items Clause: Evasion items are banned
|rule|Evasion Moves Clause: Evasion moves are banned
|rule|Evasion Abilities Clause: Evasion abilities are banned
|rule|Sleep Moves Clause: Sleep-inducing moves are banned
|clearpoke
|poke|p1|Great Tusk|
|poke|p1|Slowking-Galar, M|
|poke|p1|Corviknight, M|
|poke|p1|Cinderace, M|
|poke|p1|Raging Bolt|
|poke|p1|Meowscarada, M|
|poke|p2|Dragapult, F|
|poke|p2|Ogerpon-Wellspring, F|
|poke|p2|Zamazenta-*|
|poke|p2|Clefable, F|
|poke|p2|Corviknight, M|
|poke|p2|Ting-Lu|
|teampreview
|inactive|Battle timer is ON: inactive players will automatically lose when time's up. (requested by Destro303)
|
|t:|1760306583
|teamsize|p1|6
|teamsize|p2|6
|start
|switch|p1a: Meowscarada|Meowscarada, M|100/100
|switch|p2a: Clefable|Clefable, F|100/100
|turn|1
|
|t:|1760306593
|move|p1a: Meowscarada|U-turn|p2a: Clefable
|-start|p1a: Meowscarada|typechange|Bug|[from] ability: Protean
|-resisted|p2a: Clefable
|-damage|p2a: Clefable|82/100
|-damage|p1a: Meowscarada|84/100|[from] item: Rocky Helmet|[of] p2a: Clefable
|
|t:|1760306600
|switch|p1a: Slowking|Slowking-Galar, M|100/100|[from] U-turn
|move|p2a: Clefable|Thunder Wave|p1a: Slowking|[miss]
|-miss|p2a: Clefable|p1a: Slowking
|
|upkeep
|turn|2
|
|t:|1760306610
|move|p2a: Clefable|Stealth Rock|p1a: Slowking
|-sidestart|p1: Destro303|move: Stealth Rock
|move|p1a: Slowking|Sludge Bomb|p2a: Clefable
|-supereffective|p2a: Clefable
|-damage|p2a: Clefable|38/100
|-status|p2a: Clefable|psn
|
|upkeep
|turn|3
|
|t:|1760306623
|move|p2a: Clefable|Moonlight|p2a: Clefable
|-heal|p2a: Clefable|88/100 psn
|move|p1a: Slowking|Flamethrower|p2a: Clefable
|-damage|p2a: Clefable|73/100 psn
|
|upkeep
|turn|4
|
|t:|1760306630
|switch|p2a: Ting-Lu|Ting-Lu|100/100
|-ability|p2a: Ting-Lu|Vessel of Ruin
|move|p1a: Slowking|Sludge Bomb|p2a: Ting-Lu
|-resisted|p2a: Ting-Lu
|-damage|p2a: Ting-Lu|96/100
|-status|p2a: Ting-Lu|psn
|
|-damage|p2a: Ting-Lu|83/100 psn|[from] psn
|upkeep
|turn|5
|
|t:|1760306641
|switch|p1a: Corviknight|Corviknight, M|100/100
|-damage|p1a: Corviknight|88/100|[from] Stealth Rock
|-ability|p1a: Corviknight|Pressure
|move|p2a: Ting-Lu|Ruination|p1a: Corviknight
|-damage|p1a: Corviknight|44/100
|
|-damage|p2a: Ting-Lu|71/100 psn|[from] psn
|upkeep
|turn|6
|
|t:|1760306652
|switch|p2a: Ogerpon|Ogerpon-Wellspring, F|100/100
|move|p1a: Corviknight|U-turn|p2a: Ogerpon
|-supereffective|p2a: Ogerpon
|-damage|p2a: Ogerpon|61/100
|
|t:|1760306664
|switch|p1a: Cinderace|Cinderace, M|100/100|[from] U-turn
|
|upkeep
|turn|7
|
|t:|1760306675
|move|p1a: Cinderace|Sucker Punch||[still]
|-fail|p1a: Cinderace
|move|p2a: Ogerpon|Encore|p1a: Cinderace
|-start|p1a: Cinderace|Encore
|
|upkeep
|turn|8
|
|t:|1760306687
|switch|p1a: Meowscarada|Meowscarada, M|84/100
|-damage|p1a: Meowscarada|72/100|[from] Stealth Rock
|move|p2a: Ogerpon|Spikes|p1a: Meowscarada
|-sidestart|p1: Destro303|Spikes
|
|upkeep
|turn|9
|
|t:|1760306696
|switch|p2a: Corviknight|Corviknight, M|100/100
|-ability|p2a: Corviknight|Pressure
|move|p1a: Meowscarada|Knock Off|p2a: Corviknight
|-start|p1a: Meowscarada|typechange|Dark|[from] ability: Protean
|-damage|p2a: Corviknight|70/100
|-damage|p1a: Meowscarada|55/100|[from] item: Rocky Helmet|[of] p2a: Corviknight
|-enditem|p2a: Corviknight|Rocky Helmet|[from] move: Knock Off|[of] p1a: Meowscarada
|
|upkeep
|turn|10
|
|t:|1760306708
|switch|p1a: Great Tusk|Great Tusk|100/100
|-damage|p1a: Great Tusk|98/100|[from] Stealth Rock
|-damage|p1a: Great Tusk|85/100|[from] Spikes
|move|p2a: Corviknight|U-turn|p1a: Great Tusk
|-resisted|p1a: Great Tusk
|-damage|p1a: Great Tusk|80/100
|-damage|p2a: Corviknight|54/100|[from] item: Rocky Helmet|[of] p1a: Great Tusk
|
|t:|1760306712
|switch|p2a: Ogerpon|Ogerpon-Wellspring, F|61/100|[from] U-turn
|
|upkeep
|turn|11
|
|t:|1760306735
|move|p2a: Ogerpon|Ivy Cudgel|p1a: Great Tusk|[anim] Ivy Cudgel Water
|-supereffective|p1a: Great Tusk
|-damage|p1a: Great Tusk|0 fnt
|faint|p1a: Great Tusk
|-end|p1a: Great Tusk|Protosynthesis|[silent]
|
|upkeep
|
|t:|1760306745
|switch|p1a: Meowscarada|Meowscarada, M|55/100
|-damage|p1a: Meowscarada|43/100|[from] Stealth Rock
|-damage|p1a: Meowscarada|31/100|[from] Spikes
|turn|12
|
|t:|1760306750
|switch|p2a: Clefable|Clefable, F|73/100 psn
|move|p1a: Meowscarada|U-turn|p2a: Clefable
|-start|p1a: Meowscarada|typechange|Bug|[from] ability: Protean
|-resisted|p2a: Clefable
|-damage|p2a: Clefable|56/100 psn
|-damage|p1a: Meowscarada|14/100|[from] item: Rocky Helmet|[of] p2a: Clefable
|
|t:|1760306759
|switch|p1a: Cinderace|Cinderace, M|100/100|[from] U-turn
|
|upkeep
|turn|13
|
|t:|1760306764
|move|p1a: Cinderace|Pyro Ball|p2a: Clefable
|-damage|p2a: Clefable|0 fnt
|faint|p2a: Clefable
|
|upkeep
|
|t:|1760306790
|switch|p2a: Dragapult|Dragapult, F|100/100
|turn|14
|
|t:|1760306801
|move|p1a: Cinderace|Sucker Punch|p2a: Dragapult
|-start|p1a: Cinderace|typechange|Dark|[from] ability: Libero
|-supereffective|p2a: Dragapult
|-damage|p2a: Dragapult|0 fnt
|faint|p2a: Dragapult
|
|upkeep
|c|☆yuhy|im literally so braindead
|inactive|yuhy has 120 seconds left.
|
|t:|1760306830
|switch|p2a: Zamazenta|Zamazenta|100/100
|-ability|p2a: Zamazenta|Dauntless Shield|boost
|-boost|p2a: Zamazenta|def|1
|turn|15
|inactive|yuhy has 120 seconds left.
|
|t:|1760306837
|switch|p1a: Meowscarada|Meowscarada, M|14/100
|-damage|p1a: Meowscarada|2/100|[from] Stealth Rock
|-damage|p1a: Meowscarada|0 fnt|[from] Spikes
|faint|p1a: Meowscarada
|move|p2a: Zamazenta|Close Combat|p1: Meowscarada|[notarget]
|-fail|p2a: Zamazenta
|
|upkeep
|
|t:|1760306845
|switch|p1a: Slowking|Slowking-Galar, M|100/100
|-damage|p1a: Slowking|88/100|[from] Stealth Rock
|-damage|p1a: Slowking|76/100|[from] Spikes
|turn|16
|
|t:|1760306851
|switch|p2a: Ting-Lu|Ting-Lu|71/100 psn
|-ability|p2a: Ting-Lu|Vessel of Ruin
|move|p1a: Slowking|Psyshock|p2a: Ting-Lu
|-immune|p2a: Ting-Lu
|
|-damage|p2a: Ting-Lu|58/100 psn|[from] psn
|upkeep
|turn|17
|
|t:|1760306861
|switch|p2a: Ogerpon|Ogerpon-Wellspring, F|61/100
|switch|p1a: Corviknight|Corviknight, M|44/100
|-damage|p1a: Corviknight|32/100|[from] Stealth Rock
|-ability|p1a: Corviknight|Pressure
|
|upkeep
|turn|18
|
|t:|1760306888
|switch|p1a: Slowking|Slowking-Galar, M|100/100
|-damage|p1a: Slowking|88/100|[from] Stealth Rock
|-damage|p1a: Slowking|76/100|[from] Spikes
|move|p2a: Ogerpon|Ivy Cudgel|p1a: Slowking|[anim] Ivy Cudgel Water
|-damage|p1a: Slowking|31/100
|
|upkeep
|turn|19
|
|t:|1760306898
|move|p2a: Ogerpon|Ivy Cudgel|p1a: Slowking|[anim] Ivy Cudgel Water
|-damage|p1a: Slowking|0 fnt
|faint|p1a: Slowking
|
|upkeep
|
|t:|1760306904
|switch|p1a: Raging Bolt|Raging Bolt|100/100
|-damage|p1a: Raging Bolt|88/100|[from] Stealth Rock
|-damage|p1a: Raging Bolt|76/100|[from] Spikes
|turn|20
|
|t:|1760306910
|move|p2a: Ogerpon|Ivy Cudgel|p1a: Raging Bolt|[anim] Ivy Cudgel Water
|-resisted|p1a: Raging Bolt
|-damage|p1a: Raging Bolt|50/100
|move|p1a: Raging Bolt|Draco Meteor|p2a: Ogerpon
|-damage|p2a: Ogerpon|0 fnt
|-unboost|p1a: Raging Bolt|spa|2
|faint|p2a: Ogerpon
|
|upkeep
|
|t:|1760306921
|switch|p2a: Zamazenta|Zamazenta|100/100
|turn|21
|
|t:|1760306932
|move|p2a: Zamazenta|Close Combat|p1a: Raging Bolt
|-damage|p1a: Raging Bolt|0 fnt
|-unboost|p2a: Zamazenta|def|1
|-unboost|p2a: Zamazenta|spd|1
|faint|p1a: Raging Bolt
|-end|p1a: Raging Bolt|Protosynthesis|[silent]
|
|upkeep
|
|t:|1760306939
|switch|p1a: Corviknight|Corviknight, M|32/100
|-damage|p1a: Corviknight|20/100|[from] Stealth Rock
|-ability|p1a: Corviknight|Pressure
|turn|22
|
|t:|1760306945
|-terastallize|p1a: Corviknight|Ghost
|move|p2a: Zamazenta|Close Combat|p1a: Corviknight
|-immune|p1a: Corviknight
|move|p1a: Corviknight|Roost|p1a: Corviknight
|-heal|p1a: Corviknight|70/100
|
|upkeep
|turn|23
|
|t:|1760306959
|switch|p2a: Ting-Lu|Ting-Lu|58/100 psn
|-ability|p2a: Ting-Lu|Vessel of Ruin
|move|p1a: Corviknight|Iron Defense|p1a: Corviknight
|-boost|p1a: Corviknight|def|2
|
|-damage|p2a: Ting-Lu|46/100 psn|[from] psn
|upkeep
|turn|24
|
|t:|1760306973
|move|p1a: Corviknight|Body Press|p2a: Ting-Lu
|-supereffective|p2a: Ting-Lu
|-damage|p2a: Ting-Lu|0 fnt
|faint|p2a: Ting-Lu
|
|upkeep
|
|t:|1760306976
|switch|p2a: Corviknight|Corviknight, M|54/100
|-ability|p2a: Corviknight|Pressure
|turn|25
|
|t:|1760306982
|move|p2a: Corviknight|Iron Defense|p2a: Corviknight
|-boost|p2a: Corviknight|def|2
|move|p1a: Corviknight|Roost|p1a: Corviknight
|-heal|p1a: Corviknight|100/100
|
|upkeep
|turn|26
|
|t:|1760306989
|move|p2a: Corviknight|Iron Defense|p2a: Corviknight
|-boost|p2a: Corviknight|def|2
|move|p1a: Corviknight|Iron Defense|p1a: Corviknight
|-boost|p1a: Corviknight|def|2
|
|upkeep
|turn|27
|
|t:|1760306996
|move|p2a: Corviknight|Iron Defense|p2a: Corviknight
|-boost|p2a: Corviknight|def|2
|move|p1a: Corviknight|Body Press|p2a: Corviknight
|-damage|p2a: Corviknight|43/100
|
|upkeep
|turn|28
|
|t:|1760307009
|move|p2a: Corviknight|Iron Defense|p2a: Corviknight
|-boost|p2a: Corviknight|def|0
|move|p1a: Corviknight|Iron Defense|p1a: Corviknight
|-boost|p1a: Corviknight|def|2
|
|upkeep
|turn|29
|
|t:|1760307015
|move|p2a: Corviknight|Iron Defense|p2a: Corviknight
|-boost|p2a: Corviknight|def|0
|move|p1a: Corviknight|Body Press|p2a: Corviknight
|-damage|p2a: Corviknight|28/100
|
|upkeep
|turn|30
|
|t:|1760307021
|move|p2a: Corviknight|Roost|p2a: Corviknight
|-heal|p2a: Corviknight|78/100
|-singleturn|p2a: Corviknight|move: Roost
|move|p1a: Corviknight|Body Press|p2a: Corviknight
|-supereffective|p2a: Corviknight
|-damage|p2a: Corviknight|48/100
|
|upkeep
|turn|31
|
|t:|1760307033
|-terastallize|p2a: Corviknight|Water
|move|p2a: Corviknight|Iron Defense|p2a: Corviknight
|-boost|p2a: Corviknight|def|0
|move|p1a: Corviknight|Iron Defense|p1a: Corviknight
|-boost|p1a: Corviknight|def|0
|
|upkeep
|turn|32
|
|t:|1760307040
|move|p2a: Corviknight|Iron Defense|p2a: Corviknight
|-boost|p2a: Corviknight|def|0
|move|p1a: Corviknight|Iron Defense|p1a: Corviknight
|-boost|p1a: Corviknight|def|0
|
|upkeep
|turn|33
|
|t:|1760307049
|switch|p2a: Zamazenta|Zamazenta|100/100
|move|p1a: Corviknight|Iron Defense|p1a: Corviknight
|-boost|p1a: Corviknight|def|0
|
|upkeep
|turn|34
|
|t:|1760307055
|move|p2a: Zamazenta|Crunch|p1a: Corviknight
|-supereffective|p1a: Corviknight
|-damage|p1a: Corviknight|84/100
|-damage|p2a: Zamazenta|84/100|[from] item: Rocky Helmet|[of] p1a: Corviknight
|move|p1a: Corviknight|Body Press|p2a: Zamazenta
|-damage|p2a: Zamazenta|5/100
|
|upkeep
|turn|35
|
|t:|1760307063
|move|p2a: Zamazenta|Crunch|p1a: Corviknight
|-supereffective|p1a: Corviknight
|-damage|p1a: Corviknight|71/100
|-unboost|p1a: Corviknight|def|1
|-damage|p2a: Zamazenta|0 fnt|[from] item: Rocky Helmet|[of] p1a: Corviknight
|faint|p2a: Zamazenta
|move|p1a: Corviknight|Roost|p1a: Corviknight
|-heal|p1a: Corviknight|100/100
|
|upkeep
|
|t:|1760307065
|switch|p2a: Corviknight|Corviknight, M, tera:Water|48/100
|-ability|p2a: Corviknight|Pressure
|turn|36
|
|t:|1760307074
|move|p2a: Corviknight|Iron Defense|p2a: Corviknight
|-boost|p2a: Corviknight|def|2
|move|p1a: Corviknight|Body Press|p2a: Corviknight
|-damage|p2a: Corviknight|21/100
|
|upkeep
|turn|37
|
|t:|1760307081
|move|p2a: Corviknight|Roost|p2a: Corviknight
|-heal|p2a: Corviknight|71/100
|move|p1a: Corviknight|Body Press|p2a: Corviknight
|-damage|p2a: Corviknight|48/100
|
|upkeep
|turn|38
|
|t:|1760307087
|move|p2a: Corviknight|Iron Defense|p2a: Corviknight
|-boost|p2a: Corviknight|def|2
|move|p1a: Corviknight|Iron Defense|p1a: Corviknight
|-boost|p1a: Corviknight|def|1
|
|upkeep
|turn|39
|
|t:|1760307103
|move|p2a: Corviknight|Iron Defense|p2a: Corviknight
|-boost|p2a: Corviknight|def|2
|move|p1a: Corviknight|Iron Defense|p1a: Corviknight
|-boost|p1a: Corviknight|def|0
|
|upkeep
|turn|40
|
|t:|1760307112
|move|p2a: Corviknight|U-turn|p1a: Corviknight
|-resisted|p1a: Corviknight
|-damage|p1a: Corviknight|99/100
|-damage|p2a: Corviknight|31/100|[from] item: Rocky Helmet|[of] p1a: Corviknight
|move|p1a: Corviknight|Iron Defense|p1a: Corviknight
|-boost|p1a: Corviknight|def|0
|
|upkeep
|turn|41
|
|t:|1760307120
|move|p2a: Corviknight|Roost|p2a: Corviknight
|-heal|p2a: Corviknight|81/100
|move|p1a: Corviknight|Body Press|p2a: Corviknight
|-damage|p2a: Corviknight|66/100
|
|upkeep
|turn|42
|
|t:|1760307128
|move|p2a: Corviknight|Body Press|p1a: Corviknight
|-immune|p1a: Corviknight
|move|p1a: Corviknight|Iron Defense|p1a: Corviknight
|-boost|p1a: Corviknight|def|0
|
|upkeep
|turn|43
|
|t:|1760307135
|move|p2a: Corviknight|Iron Defense|p2a: Corviknight
|-boost|p2a: Corviknight|def|0
|move|p1a: Corviknight|Iron Defense|p1a: Corviknight
|-boost|p1a: Corviknight|def|0
|
|upkeep
|turn|44
|
|t:|1760307143
|move|p2a: Corviknight|Iron Defense|p2a: Corviknight
|-boost|p2a: Corviknight|def|0
|move|p1a: Corviknight|Iron Defense|p1a: Corviknight
|-boost|p1a: Corviknight|def|0
|
|upkeep
|turn|45
|
|t:|1760307150
|move|p2a: Corviknight|Iron Defense|p2a: Corviknight
|-boost|p2a: Corviknight|def|0
|move|p1a: Corviknight|Iron Defense|p1a: Corviknight
|-boost|p1a: Corviknight|def|0
|
|upkeep
|turn|46
|
|t:|1760307163
|move|p2a: Corviknight|Iron Defense|p2a: Corviknight
|-boost|p2a: Corviknight|def|0
|move|p1a: Corviknight|Iron Defense|p1a: Corviknight
|-boost|p1a: Corviknight|def|0
|
|upkeep
|turn|47
|
|t:|1760307170
|move|p2a: Corviknight|Iron Defense|p2a: Corviknight
|-boost|p2a: Corviknight|def|0
|move|p1a: Corviknight|Iron Defense|p1a: Corviknight
|-boost|p1a: Corviknight|def|0
|
|upkeep
|turn|48
|
|t:|1760307180
|move|p2a: Corviknight|Iron Defense|p2a: Corviknight
|-boost|p2a: Corviknight|def|0
|move|p1a: Corviknight|Iron Defense|p1a: Corviknight
|-boost|p1a: Corviknight|def|0
|
|upkeep
|turn|49
|
|t:|1760307192
|move|p2a: Corviknight|Iron Defense|p2a: Corviknight
|-boost|p2a: Corviknight|def|0
|move|p1a: Corviknight|Iron Defense|p1a: Corviknight
|-boost|p1a: Corviknight|def|0
|
|upkeep
|turn|50
|
|t:|1760307209
|move|p2a: Corviknight|Iron Defense|p2a: Corviknight
|-boost|p2a: Corviknight|def|0
|move|p1a: Corviknight|Iron Defense|p1a: Corviknight
|-boost|p1a: Corviknight|def|0
|
|upkeep
|turn|51
|
|t:|1760307220
|move|p2a: Corviknight|Iron Defense|p2a: Corviknight
|-boost|p2a: Corviknight|def|0
|move|p1a: Corviknight|Iron Defense|p1a: Corviknight
|-boost|p1a: Corviknight|def|0
|
|upkeep
|turn|52
|
|t:|1760307240
|move|p2a: Corviknight|Iron Defense|p2a: Corviknight
|-boost|p2a: Corviknight|def|0
|move|p1a: Corviknight|Iron Defense|p1a: Corviknight
|-boost|p1a: Corviknight|def|0
|
|upkeep
|turn|53
|
|t:|1760307257
|move|p2a: Corviknight|Iron Defense|p2a: Corviknight
|-boost|p2a: Corviknight|def|0
|move|p1a: Corviknight|Iron Defense|p1a: Corviknight
|-boost|p1a: Corviknight|def|0
|
|upkeep
|turn|54
|
|t:|1760307270
|move|p2a: Corviknight|Iron Defense|p2a: Corviknight
|-boost|p2a: Corviknight|def|0
|move|p1a: Corviknight|Iron Defense|p1a: Corviknight
|-boost|p1a: Corviknight|def|0
|
|upkeep
|turn|55
|
|t:|1760307285
|move|p2a: Corviknight|Iron Defense|p2a: Corviknight
|-boost|p2a: Corviknight|def|0
|move|p1a: Corviknight|Iron Defense|p1a: Corviknight
|-boost|p1a: Corviknight|def|0
|
|upkeep
|turn|56
|
|t:|1760307291
|move|p2a: Corviknight|Iron Defense|p2a: Corviknight
|-boost|p2a: Corviknight|def|0
|move|p1a: Corviknight|Body Press|p2a: Corviknight
|-damage|p2a: Corviknight|51/100
|
|upkeep
|turn|57
|
|t:|1760307301
|move|p2a: Corviknight|Body Press|p1a: Corviknight
|-immune|p1a: Corviknight
|move|p1a: Corviknight|Iron Defense|p1a: Corviknight
|-boost|p1a: Corviknight|def|0
|
|upkeep
|turn|58
|
|t:|1760307313
|move|p2a: Corviknight|Body Press|p1a: Corviknight
|-immune|p1a: Corviknight
|move|p1a: Corviknight|U-turn|p2a: Corviknight
|-damage|p2a: Corviknight|49/100
|
|t:|1760307318
|switch|p1a: Cinderace|Cinderace, M|100/100|[from] U-turn
|
|upkeep
|turn|59
|
|t:|1760307325
|move|p1a: Cinderace|Low Kick|p2a: Corviknight
|-start|p1a: Cinderace|typechange|Fighting|[from] ability: Libero
|-damage|p2a: Corviknight|41/100
|move|p2a: Corviknight|Body Press|p1a: Cinderace
|-damage|p1a: Cinderace|0 fnt
|faint|p1a: Cinderace
|
|upkeep
|
|t:|1760307333
|switch|p1a: Corviknight|Corviknight, M, tera:Ghost|99/100
|-damage|p1a: Corviknight|87/100|[from] Stealth Rock
|-damage|p1a: Corviknight|74/100|[from] Spikes
|-ability|p1a: Corviknight|Pressure
|turn|60
|
|t:|1760307339
|move|p2a: Corviknight|Roost|p2a: Corviknight
|-heal|p2a: Corviknight|91/100
|move|p1a: Corviknight|Roost|p1a: Corviknight
|-heal|p1a: Corviknight|100/100
|
|upkeep
|turn|61
|
|t:|1760307354
|move|p2a: Corviknight|Body Press|p1a: Corviknight
|-immune|p1a: Corviknight
|move|p1a: Corviknight|U-turn|p2a: Corviknight
|-damage|p2a: Corviknight|88/100
|
|upkeep
|turn|62
|
|t:|1760307360
|move|p2a: Corviknight|Body Press|p1a: Corviknight
|-immune|p1a: Corviknight
|move|p1a: Corviknight|U-turn|p2a: Corviknight
|-damage|p2a: Corviknight|86/100
|
|upkeep
|turn|63
|
|t:|1760307366
|move|p2a: Corviknight|Body Press|p1a: Corviknight
|-immune|p1a: Corviknight
|move|p1a: Corviknight|U-turn|p2a: Corviknight
|-damage|p2a: Corviknight|83/100
|
|upkeep
|turn|64
|
|t:|1760307372
|move|p2a: Corviknight|Body Press|p1a: Corviknight
|-immune|p1a: Corviknight
|move|p1a: Corviknight|U-turn|p2a: Corviknight
|-damage|p2a: Corviknight|81/100
|
|upkeep
|turn|65
|
|t:|1760307379
|move|p2a: Corviknight|Body Press|p1a: Corviknight
|-immune|p1a: Corviknight
|move|p1a: Corviknight|U-turn|p2a: Corviknight
|-damage|p2a: Corviknight|78/100
|
|upkeep
|turn|66
|
|t:|1760307387
|move|p2a: Corviknight|U-turn|p1a: Corviknight
|-resisted|p1a: Corviknight
|-damage|p1a: Corviknight|95/100
|-damage|p2a: Corviknight|61/100|[from] item: Rocky Helmet|[of] p1a: Corviknight
|move|p1a: Corviknight|U-turn|p2a: Corviknight
|-damage|p2a: Corviknight|59/100
|
|upkeep
|turn|67
|
|t:|1760307395
|move|p2a: Corviknight|U-turn|p1a: Corviknight
|-resisted|p1a: Corviknight
|-damage|p1a: Corviknight|90/100
|-damage|p2a: Corviknight|42/100|[from] item: Rocky Helmet|[of] p1a: Corviknight
|move|p1a: Corviknight|U-turn|p2a: Corviknight
|-damage|p2a: Corviknight|40/100
|
|upkeep
|turn|68
|
|t:|1760307402
|move|p2a: Corviknight|U-turn|p1a: Corviknight
|-resisted|p1a: Corviknight
|-damage|p1a: Corviknight|85/100
|-damage|p2a: Corviknight|23/100|[from] item: Rocky Helmet|[of] p1a: Corviknight
|move|p1a: Corviknight|U-turn|p2a: Corviknight
|-damage|p2a: Corviknight|21/100
|
|upkeep
|turn|69
|
|t:|1760307409
|move|p2a: Corviknight|Roost|p2a: Corviknight
|-heal|p2a: Corviknight|71/100
|move|p1a: Corviknight|U-turn|p2a: Corviknight
|-damage|p2a: Corviknight|68/100
|
|upkeep
|turn|70
|
|t:|1760307419
|move|p2a: Corviknight|U-turn|p1a: Corviknight
|-resisted|p1a: Corviknight
|-damage|p1a: Corviknight|80/100
|-damage|p2a: Corviknight|51/100|[from] item: Rocky Helmet|[of] p1a: Corviknight
|move|p1a: Corviknight|U-turn|p2a: Corviknight
|-crit|p2a: Corviknight
|-damage|p2a: Corviknight|37/100
|
|upkeep
|turn|71
|
|t:|1760307441
|move|p2a: Corviknight|Roost|p2a: Corviknight
|-heal|p2a: Corviknight|87/100
|move|p1a: Corviknight|U-turn|p2a: Corviknight
|-damage|p2a: Corviknight|84/100
|
|upkeep
|turn|72
|
|t:|1760307448
|move|p2a: Corviknight|U-turn|p1a: Corviknight
|-resisted|p1a: Corviknight
|-damage|p1a: Corviknight|75/100
|-damage|p2a: Corviknight|68/100|[from] item: Rocky Helmet|[of] p1a: Corviknight
|move|p1a: Corviknight|Roost|p1a: Corviknight
|-heal|p1a: Corviknight|100/100
|
|upkeep
|turn|73
|
|t:|1760307455
|move|p2a: Corviknight|U-turn|p1a: Corviknight
|-resisted|p1a: Corviknight
|-damage|p1a: Corviknight|95/100
|-damage|p2a: Corviknight|51/100|[from] item: Rocky Helmet|[of] p1a: Corviknight
|move|p1a: Corviknight|U-turn|p2a: Corviknight
|-damage|p2a: Corviknight|49/100
|
|upkeep
|turn|74
|
|t:|1760307462
|move|p2a: Corviknight|U-turn|p1a: Corviknight
|-resisted|p1a: Corviknight
|-damage|p1a: Corviknight|90/100
|-damage|p2a: Corviknight|32/100|[from] item: Rocky Helmet|[of] p1a: Corviknight
|move|p1a: Corviknight|U-turn|p2a: Corviknight
|-damage|p2a: Corviknight|29/100
|
|upkeep
|turn|75
|
|t:|1760307469
|move|p2a: Corviknight|U-turn|p1a: Corviknight
|-resisted|p1a: Corviknight
|-damage|p1a: Corviknight|85/100
|-damage|p2a: Corviknight|13/100|[from] item: Rocky Helmet|[of] p1a: Corviknight
|move|p1a: Corviknight|U-turn|p2a: Corviknight
|-damage|p2a: Corviknight|10/100
|
|upkeep
|turn|76
|
|t:|1760307478
|move|p2a: Corviknight|Roost|p2a: Corviknight
|-heal|p2a: Corviknight|60/100
|move|p1a: Corviknight|Roost|p1a: Corviknight
|-heal|p1a: Corviknight|100/100
|
|upkeep
|turn|77
|
|t:|1760307485
|move|p2a: Corviknight|U-turn|p1a: Corviknight
|-resisted|p1a: Corviknight
|-damage|p1a: Corviknight|95/100
|-damage|p2a: Corviknight|44/100|[from] item: Rocky Helmet|[of] p1a: Corviknight
|move|p1a: Corviknight|U-turn|p2a: Corviknight
|-damage|p2a: Corviknight|41/100
|
|upkeep
|turn|78
|
|t:|1760307493
|move|p2a: Corviknight|U-turn|p1a: Corviknight
|-resisted|p1a: Corviknight
|-damage|p1a: Corviknight|90/100
|-damage|p2a: Corviknight|25/100|[from] item: Rocky Helmet|[of] p1a: Corviknight
|move|p1a: Corviknight|Roost|p1a: Corviknight
|-heal|p1a: Corviknight|100/100
|
|upkeep
|turn|79
|
|t:|1760307501
|move|p2a: Corviknight|Roost|p2a: Corviknight
|-heal|p2a: Corviknight|75/100
|move|p1a: Corviknight|Roost||[still]
|-fail|p1a: Corviknight|heal
|
|upkeep
|turn|80
|
|t:|1760307507
|move|p2a: Corviknight|U-turn|p1a: Corviknight
|-resisted|p1a: Corviknight
|-damage|p1a: Corviknight|95/100
|-damage|p2a: Corviknight|58/100|[from] item: Rocky Helmet|[of] p1a: Corviknight
|-activate|p1a: Corviknight|move: Struggle
|move|p1a: Corviknight|Struggle|p2a: Corviknight
|-damage|p2a: Corviknight|56/100
|-damage|p1a: Corviknight|71/100|[from] recoil
|
|upkeep
|turn|81
|
|t:|1760307516
|move|p2a: Corviknight|U-turn|p1a: Corviknight
|-resisted|p1a: Corviknight
|-damage|p1a: Corviknight|65/100
|-damage|p2a: Corviknight|40/100|[from] item: Rocky Helmet|[of] p1a: Corviknight
|-activate|p1a: Corviknight|move: Struggle
|move|p1a: Corviknight|Struggle|p2a: Corviknight
|-damage|p2a: Corviknight|37/100
|-damage|p1a: Corviknight|40/100|[from] recoil
|
|upkeep
|turn|82
|
|t:|1760307524
|move|p2a: Corviknight|U-turn|p1a: Corviknight
|-resisted|p1a: Corviknight
|-damage|p1a: Corviknight|35/100
|-damage|p2a: Corviknight|21/100|[from] item: Rocky Helmet|[of] p1a: Corviknight
|-activate|p1a: Corviknight|move: Struggle
|move|p1a: Corviknight|Struggle|p2a: Corviknight
|-damage|p2a: Corviknight|19/100
|-damage|p1a: Corviknight|10/100|[from] recoil
|
|upkeep
|turn|83
|
|t:|1760307533
|move|p2a: Corviknight|U-turn|p1a: Corviknight
|-resisted|p1a: Corviknight
|-damage|p1a: Corviknight|5/100
|-damage|p2a: Corviknight|2/100|[from] item: Rocky Helmet|[of] p1a: Corviknight
|-activate|p1a: Corviknight|move: Struggle
|move|p1a: Corviknight|Struggle|p2a: Corviknight
|-crit|p2a: Corviknight
|-damage|p2a: Corviknight|0 fnt
|faint|p2a: Corviknight
|-damage|p1a: Corviknight|0 fnt|[from] recoil
|faint|p1a: Corviknight
|
|win|Destro303
|raw|Destro303's rating: 1449 &rarr; <strong>1466</strong><br />(+17 for winning)
|raw|yuhy's rating: 1401 &rarr; <strong>1384</strong><br />(-17 for losing)
|l|☆yuhy
|player|p2|
