|j|☆chasconi
|j|☆ThatHoopaLover
|t:|1760416662
|gametype|singles
|player|p1|chasconi|dawn|1173
|player|p2|ThatHoopaLover|swimmerf-gen4|1189
|gen|9
|tier|[Gen 9] OU
|rated|
|rule|HP Percentage Mod: HP is shown in percentages
|rule|Endless Battle Clause: Forcing endless battles is banned
|rule|Species Clause: Limit one of each Pokémon
|rule|OHKO Clause: OHKO moves are banned
|rule|Evasion Items Clause: Evasion items are banned
|rule|Evasion Moves Clause: Evasion moves are banned
|rule|Evasion Abilities Clause: Evasion abilities are banned
|rule|Sleep Moves Clause: Sleep-inducing moves are banned
|clearpoke
|poke|p1|Gliscor, F|
|poke|p1|Skeledirge, M|
|poke|p1|Kingambit, F|
|poke|p1|Rotom-Wash|
|poke|p1|Dragapult, F|
|poke|p1|Iron Treads|
|poke|p2|Lilligant-Hisui, F|
|poke|p2|Gliscor, M|
|poke|p2|Ogerpon-Wellspring, F|
|poke|p2|Hoopa-Unbound|
|poke|p2|Cinderace, M|
|poke|p2|Darkrai|
|teampreview
|c|☆ThatHoopaLover|glhf
|j| dhunte
|
|t:|1760416671
|teamsize|p1|6
|teamsize|p2|6
|start
|switch|p1a: Iron Treads|Iron Treads|100/100
|switch|p2a: Taokaka|Lilligant-Hisui, F, shiny|100/100
|-enditem|p1a: Iron Treads|Booster Energy
|-activate|p1a: Iron Treads|ability: Quark Drive|[fromitem]
|-start|p1a: Iron Treads|quarkdrivespe
|turn|1
|
|t:|1760416680
|-terastallize|p1a: Iron Treads|Ghost
|move|p1a: Iron Treads|Stealth Rock|p2a: Taokaka
|-sidestart|p2: ThatHoopaLover|move: Stealth Rock
|move|p2a: Taokaka|Victory Dance|p2a: Taokaka
|-boost|p2a: Taokaka|atk|1
|-boost|p2a: Taokaka|def|1
|-boost|p2a: Taokaka|spe|1
|
|upkeep
|turn|2
|
|t:|1760416696
|move|p1a: Iron Treads|Steel Beam|p2a: Taokaka
|-damage|p2a: Taokaka|25/100
|-damage|p1a: Iron Treads|50/100|[from] steelbeam
|move|p2a: Taokaka|Victory Dance|p2a: Taokaka
|-boost|p2a: Taokaka|atk|1
|-boost|p2a: Taokaka|def|1
|-boost|p2a: Taokaka|spe|1
|
|upkeep
|turn|3
|
|t:|1760416705
|move|p2a: Taokaka|Leaf Blade|p1a: Iron Treads
|-damage|p1a: Iron Treads|0 fnt
|faint|p1a: Iron Treads
|-end|p1a: Iron Treads|Quark Drive|[silent]
|
|upkeep
|
|t:|1760416720
|switch|p1a: Dragapult|Dragapult, F, shiny|100/100
|turn|4
|
|t:|1760416723
|move|p1a: Dragapult|Sucker Punch|p2a: Taokaka
|-resisted|p2a: Taokaka
|-damage|p2a: Taokaka|13/100
|-damage|p1a: Dragapult|91/100|[from] item: Life Orb
|move|p2a: Taokaka|Triple Axel|p1a: Dragapult|[miss]
|-miss|p2a: Taokaka|p1a: Dragapult
|
|upkeep
|turn|5
|
|t:|1760416731
|move|p2a: Taokaka|Triple Axel|p1a: Dragapult
|-supereffective|p1a: Dragapult
|-damage|p1a: Dragapult|44/100
|-hitcount|p1a: Dragapult|1
|move|p1a: Dragapult|U-turn|p2a: Taokaka
|-damage|p2a: Taokaka|0 fnt
|faint|p2a: Taokaka
|-damage|p1a: Dragapult|34/100|[from] item: Life Orb
|
|t:|1760416744
|switch|p1a: Rotom|Rotom-Wash, shiny|100/100|[from] U-turn
|
|upkeep
|
|t:|1760416751
|switch|p2a: Almighty Hoopa|Hoopa-Unbound|100/100
|-damage|p2a: Almighty Hoopa|88/100|[from] Stealth Rock
|turn|6
|
|t:|1760416756
|move|p1a: Rotom|Will-O-Wisp|p2a: Almighty Hoopa
|-status|p2a: Almighty Hoopa|brn
|move|p2a: Almighty Hoopa|Hyperspace Fury|p1a: Rotom
|-damage|p1a: Rotom|60/100
|-unboost|p2a: Almighty Hoopa|def|1
|
|-heal|p1a: Rotom|66/100|[from] item: Leftovers
|-damage|p2a: Almighty Hoopa|82/100 brn|[from] brn
|upkeep
|turn|7
|
|t:|1760416764
|switch|p2a: Yuuki Terumi|Cinderace, M, shiny|100/100
|move|p1a: Rotom|Hydro Pump|p2a: Yuuki Terumi
|-supereffective|p2a: Yuuki Terumi
|-damage|p2a: Yuuki Terumi|0 fnt
|faint|p2a: Yuuki Terumi
|
|-heal|p1a: Rotom|73/100|[from] item: Leftovers
|upkeep
|
|t:|1760416767
|switch|p2a: Rachel Alucard|Darkrai|100/100
|-damage|p2a: Rachel Alucard|88/100|[from] Stealth Rock
|turn|8
|
|t:|1760416777
|move|p2a: Rachel Alucard|Nasty Plot|p2a: Rachel Alucard
|-boost|p2a: Rachel Alucard|spa|2
|move|p1a: Rotom|Volt Switch|p2a: Rachel Alucard
|-damage|p2a: Rachel Alucard|55/100
|
|t:|1760416785
|switch|p1a: Dragapult|Dragapult, F, shiny|34/100|[from] Volt Switch
|
|upkeep
|turn|9
|
|t:|1760416790
|-terastallize|p2a: Rachel Alucard|Poison
|move|p1a: Dragapult|U-turn|p2a: Rachel Alucard
|-resisted|p2a: Rachel Alucard
|-damage|p2a: Rachel Alucard|35/100
|-damage|p1a: Dragapult|24/100|[from] item: Life Orb
|
|t:|1760416798
|switch|p1a: Kingambit|Kingambit, F, shiny|100/100|[from] U-turn
|-activate|p1a: Kingambit|ability: Supreme Overlord
|-start|p1a: Kingambit|fallen1|[silent]
|move|p2a: Rachel Alucard|Dark Pulse|p1a: Kingambit
|-resisted|p1a: Kingambit
|-damage|p1a: Kingambit|52/100
|
|upkeep
|turn|10
|
|t:|1760416809
|move|p1a: Kingambit|Sucker Punch|p2a: Rachel Alucard
|-damage|p2a: Rachel Alucard|0 fnt
|faint|p2a: Rachel Alucard
|
|upkeep
|
|t:|1760416812
|switch|p2a: Impish Gypsophila|Ogerpon-Wellspring, F|100/100
|-damage|p2a: Impish Gypsophila|88/100|[from] Stealth Rock
|turn|11
|
|t:|1760416818
|move|p1a: Kingambit|Sucker Punch||[still]
|-fail|p1a: Kingambit
|move|p2a: Impish Gypsophila|Swords Dance|p2a: Impish Gypsophila
|-boost|p2a: Impish Gypsophila|atk|2
|
|upkeep
|turn|12
|l| dhunte
|
|t:|1760416822
|move|p2a: Impish Gypsophila|Trailblaze|p1a: Kingambit
|-resisted|p1a: Kingambit
|-damage|p1a: Kingambit|27/100
|-boost|p2a: Impish Gypsophila|spe|1
|move|p1a: Kingambit|Kowtow Cleave|p2a: Impish Gypsophila
|-damage|p2a: Impish Gypsophila|0 fnt
|faint|p2a: Impish Gypsophila
|
|upkeep
|
|t:|1760416826
|switch|p2a: I'm sorry|Gliscor, M|100/100
|-damage|p2a: I'm sorry|88/100|[from] Stealth Rock
|turn|13
|
|t:|1760416832
|move|p1a: Kingambit|Sucker Punch||[still]
|-fail|p1a: Kingambit
|move|p2a: I'm sorry|Toxic|p1a: Kingambit
|-immune|p1a: Kingambit
|
|-status|p2a: I'm sorry|tox|[from] item: Toxic Orb
|upkeep
|turn|14
|
|t:|1760416836
|move|p1a: Kingambit|Sucker Punch||[still]
|-fail|p1a: Kingambit
|move|p2a: I'm sorry|Substitute|p2a: I'm sorry
|-start|p2a: I'm sorry|Substitute
|-damage|p2a: I'm sorry|63/100 tox
|
|-heal|p2a: I'm sorry|76/100 tox|[from] ability: Poison Heal
|upkeep
|turn|15
|
|t:|1760416840
|move|p2a: I'm sorry|Knock Off|p1a: Kingambit
|-resisted|p1a: Kingambit
|-damage|p1a: Kingambit|18/100
|-enditem|p1a: Kingambit|Black Glasses|[from] move: Knock Off|[of] p2a: I'm sorry
|move|p1a: Kingambit|Kowtow Cleave|p2a: I'm sorry
|-end|p2a: I'm sorry|Substitute
|
|-heal|p2a: I'm sorry|88/100 tox|[from] ability: Poison Heal
|upkeep
|turn|16
|
|t:|1760416846
|move|p2a: I'm sorry|Substitute|p2a: I'm sorry
|-start|p2a: I'm sorry|Substitute
|-damage|p2a: I'm sorry|63/100 tox
|move|p1a: Kingambit|Kowtow Cleave|p2a: I'm sorry
|-crit|p2a: I'm sorry
|-end|p2a: I'm sorry|Substitute
|
|-heal|p2a: I'm sorry|76/100 tox|[from] ability: Poison Heal
|upkeep
|turn|17
|
|t:|1760416852
|move|p2a: I'm sorry|Protect|p2a: I'm sorry
|-singleturn|p2a: I'm sorry|Protect
|move|p1a: Kingambit|Kowtow Cleave|p2a: I'm sorry
|-activate|p2a: I'm sorry|move: Protect
|
|-heal|p2a: I'm sorry|88/100 tox|[from] ability: Poison Heal
|upkeep
|turn|18
|
|t:|1760416856
|move|p2a: I'm sorry|Knock Off|p1a: Kingambit
|-resisted|p1a: Kingambit
|-damage|p1a: Kingambit|12/100
|move|p1a: Kingambit|Kowtow Cleave|p2a: I'm sorry
|-damage|p2a: I'm sorry|47/100 tox
|
|-heal|p2a: I'm sorry|59/100 tox|[from] ability: Poison Heal
|upkeep
|turn|19
|
|t:|1760416864
|move|p2a: I'm sorry|Substitute|p2a: I'm sorry
|-start|p2a: I'm sorry|Substitute
|-damage|p2a: I'm sorry|35/100 tox
|move|p1a: Kingambit|Kowtow Cleave|p2a: I'm sorry
|-end|p2a: I'm sorry|Substitute
|
|-heal|p2a: I'm sorry|47/100 tox|[from] ability: Poison Heal
|upkeep
|turn|20
|
|t:|1760416869
|move|p2a: I'm sorry|Protect|p2a: I'm sorry
|-singleturn|p2a: I'm sorry|Protect
|move|p1a: Kingambit|Kowtow Cleave|p2a: I'm sorry
|-activate|p2a: I'm sorry|move: Protect
|
|-heal|p2a: I'm sorry|59/100 tox|[from] ability: Poison Heal
|upkeep
|turn|21
|
|t:|1760416871
|move|p2a: I'm sorry|Knock Off|p1a: Kingambit
|-resisted|p1a: Kingambit
|-damage|p1a: Kingambit|5/100
|move|p1a: Kingambit|Kowtow Cleave|p2a: I'm sorry
|-crit|p2a: I'm sorry
|-damage|p2a: I'm sorry|0 fnt
|faint|p2a: I'm sorry
|
|upkeep
|
|t:|1760416873
|switch|p2a: Almighty Hoopa|Hoopa-Unbound|82/100 brn
|-damage|p2a: Almighty Hoopa|69/100 brn|[from] Stealth Rock
|turn|22
|c|☆ThatHoopaLover|gg
|
|t:|1760416881
|move|p1a: Kingambit|Sucker Punch|p2a: Almighty Hoopa
|-damage|p2a: Almighty Hoopa|0 fnt
|faint|p2a: Almighty Hoopa
|
|win|chasconi
|raw|chasconi's rating: 1173 &rarr; <strong>1199</strong><br />(+26 for winning)
|raw|ThatHoopaLover's rating: 1189 &rarr; <strong>1163</strong><br />(-26 for losing)
|l|☆ThatHoopaLover
|player|p2|
|c|☆chasconi|gg
|l|☆chasconi
|player|p1|
