|badge|p2|bronze|gen9ou|100-7
|uhtml|medal-msg|<div class="broadcast-blue">Curious what those medals under the avatar are? PS now has Ladder Seasons! For more information, check out the <a href="https://www.smogon.com/forums/threads/3740067/">thread on Smogon.</a></div>
|j|☆mr tickley
|j|☆Prav33n
|t:|1760398644
|gametype|singles
|player|p1|mr tickley|preschooler|1708
|player|p2|Prav33n|koga|1758
|gen|9
|tier|[Gen 9] OU
|rated|
|rule|HP Percentage Mod: HP is shown in percentages
|rule|Endless Battle Clause: Forcing endless battles is banned
|rule|Species Clause: Limit one of each Pokémon
|rule|OHKO Clause: OHKO moves are banned
|rule|Evasion Items Clause: Evasion items are banned
|rule|Evasion Moves Clause: Evasion moves are banned
|rule|Evasion Abilities Clause: Evasion abilities are banned
|rule|Sleep Moves Clause: Sleep-inducing moves are banned
|clearpoke
|poke|p1|Duraludon, M|
|poke|p1|Great Tusk|
|poke|p1|Rillaboom, M|
|poke|p1|Dragapult, M|
|poke|p1|Samurott-Hisui, F|
|poke|p1|Slowking-Galar, F|
|poke|p2|Dragonite, F|
|poke|p2|Ting-Lu|
|poke|p2|Zamazenta-*|
|poke|p2|Moltres|
|poke|p2|Ogerpon-Wellspring, F|
|poke|p2|Gholdengo|
|teampreview
|inactive|Battle timer is ON: inactive players will automatically lose when time's up. (requested by mr tickley)
|j| The red tour
|inactive|mr tickley has 120 seconds left.
|
|t:|1760398687
|teamsize|p1|6
|teamsize|p2|6
|start
|switch|p1a: Dragapult|Dragapult, M|100/100
|switch|p2a: Moltres|Moltres|100/100
|turn|1
|
|t:|1760398702
|switch|p2a: Ting-Lu|Ting-Lu, shiny|100/100
|-ability|p2a: Ting-Lu|Vessel of Ruin
|move|p1a: Dragapult|Draco Meteor|p2a: Ting-Lu
|-damage|p2a: Ting-Lu|64/100
|-unboost|p1a: Dragapult|spa|2
|
|-heal|p2a: Ting-Lu|70/100|[from] item: Leftovers
|upkeep
|turn|2
|j| Edsled
|
|t:|1760398710
|switch|p1a: Samurott|Samurott-Hisui, F|100/100
|move|p2a: Ting-Lu|Ruination|p1a: Samurott
|-damage|p1a: Samurott|51/100
|
|-heal|p2a: Ting-Lu|76/100|[from] item: Leftovers
|upkeep
|turn|3
|
|t:|1760398715
|move|p1a: Samurott|Swords Dance|p1a: Samurott
|-boost|p1a: Samurott|atk|2
|move|p2a: Ting-Lu|Earthquake|p1a: Samurott
|-damage|p1a: Samurott|8/100
|
|-heal|p2a: Ting-Lu|82/100|[from] item: Leftovers
|upkeep
|turn|4
|
|t:|1760398722
|switch|p2a: Zamazenta|Zamazenta|100/100
|-ability|p2a: Zamazenta|Dauntless Shield|boost
|-boost|p2a: Zamazenta|def|1
|move|p1a: Samurott|Swords Dance|p1a: Samurott
|-boost|p1a: Samurott|atk|2
|
|upkeep
|turn|5
|
|t:|1760398727
|switch|p1a: Slowking|Slowking-Galar, F|100/100
|move|p2a: Zamazenta|Crunch|p1a: Slowking
|-supereffective|p1a: Slowking
|-damage|p1a: Slowking|45/100
|
|upkeep
|turn|6
|
|t:|1760398734
|switch|p1a: Great Tusk|Great Tusk|100/100
|move|p2a: Zamazenta|Close Combat|p1a: Great Tusk
|-damage|p1a: Great Tusk|67/100
|-unboost|p2a: Zamazenta|def|1
|-unboost|p2a: Zamazenta|spd|1
|-damage|p2a: Zamazenta|84/100|[from] item: Rocky Helmet|[of] p1a: Great Tusk
|
|upkeep
|turn|7
|
|t:|1760398743
|-end|p1a: Great Tusk|Protosynthesis|[silent]
|switch|p1a: Dragapult|Dragapult, M|100/100
|move|p2a: Zamazenta|Close Combat|p1a: Dragapult
|-immune|p1a: Dragapult
|
|upkeep
|turn|8
|
|t:|1760398747
|switch|p2a: Moltres|Moltres|100/100
|move|p1a: Dragapult|U-turn|p2a: Moltres
|-resisted|p2a: Moltres
|-damage|p2a: Moltres|98/100
|
|t:|1760398751
|switch|p1a: Samurott|Samurott-Hisui, F|8/100|[from] U-turn
|
|upkeep
|turn|9
|
|t:|1760398754
|switch|p2a: Zamazenta|Zamazenta|84/100
|move|p1a: Samurott|Ceaseless Edge|p2a: Zamazenta
|-resisted|p2a: Zamazenta
|-damage|p2a: Zamazenta|58/100
|-sidestart|p2: Prav33n|Spikes
|
|upkeep
|turn|10
|
|t:|1760398777
|switch|p1a: Great Tusk|Great Tusk|67/100
|move|p2a: Zamazenta|Crunch|p1a: Great Tusk
|-resisted|p1a: Great Tusk
|-damage|p1a: Great Tusk|59/100
|-damage|p2a: Zamazenta|41/100|[from] item: Rocky Helmet|[of] p1a: Great Tusk
|
|upkeep
|turn|11
|
|t:|1760398788
|switch|p2a: Ting-Lu|Ting-Lu, shiny|82/100
|-damage|p2a: Ting-Lu|70/100|[from] Spikes
|-ability|p2a: Ting-Lu|Vessel of Ruin
|move|p1a: Great Tusk|Headlong Rush|p2a: Ting-Lu
|-damage|p2a: Ting-Lu|42/100
|-unboost|p1a: Great Tusk|def|1
|-unboost|p1a: Great Tusk|spd|1
|
|-heal|p2a: Ting-Lu|48/100|[from] item: Leftovers
|upkeep
|turn|12
|
|t:|1760398792
|move|p1a: Great Tusk|Close Combat|p2a: Ting-Lu
|-supereffective|p2a: Ting-Lu
|-damage|p2a: Ting-Lu|0 fnt
|-unboost|p1a: Great Tusk|def|1
|-unboost|p1a: Great Tusk|spd|1
|faint|p2a: Ting-Lu
|
|upkeep
|
|t:|1760398795
|switch|p2a: Ogerpon|Ogerpon-Wellspring, F|100/100
|-damage|p2a: Ogerpon|88/100|[from] Spikes
|turn|13
|
|t:|1760398797
|-end|p1a: Great Tusk|Protosynthesis|[silent]
|switch|p1a: Duraludon|Duraludon, M|100/100
|move|p2a: Ogerpon|Horn Leech|p1a: Duraludon
|-resisted|p1a: Duraludon
|-damage|p1a: Duraludon|96/100
|-heal|p2a: Ogerpon|91/100|[from] drain|[of] p1a: Duraludon
|
|upkeep
|turn|14
|
|t:|1760398807
|move|p2a: Ogerpon|Taunt|p1a: Duraludon
|-start|p1a: Duraludon|move: Taunt
|cant|p1a: Duraludon|move: Taunt|Stealth Rock
|
|upkeep
|turn|15
|
|t:|1760398810
|move|p2a: Ogerpon|Swords Dance|p2a: Ogerpon
|-boost|p2a: Ogerpon|atk|2
|move|p1a: Duraludon|Body Press|p2a: Ogerpon
|-damage|p2a: Ogerpon|53/100
|
|upkeep
|turn|16
|
|t:|1760398818
|switch|p2a: Moltres|Moltres|98/100
|move|p1a: Duraludon|Body Press|p2a: Moltres
|-resisted|p2a: Moltres
|-damage|p2a: Moltres|88/100
|
|-end|p1a: Duraludon|move: Taunt
|upkeep
|turn|17
|
|t:|1760398824
|switch|p1a: Slowking|Slowking-Galar, F|78/100
|move|p2a: Moltres|Flamethrower|p1a: Slowking
|-crit|p1a: Slowking
|-damage|p1a: Slowking|46/100
|
|upkeep
|turn|18
|
|t:|1760398828
|-prepare|p1a: Slowking|Chilly Reception|[premajor]
|move|p1a: Slowking|Chilly Reception|p1a: Slowking
|-weather|Snowscape
|
|t:|1760398842
|switch|p1a: Rillaboom|Rillaboom, M|100/100|[from] Chilly Reception
|-fieldstart|move: Grassy Terrain|[from] ability: Grassy Surge|[of] p1a: Rillaboom
|move|p2a: Moltres|Roar|p1a: Rillaboom
|drag|p1a: Samurott|Samurott-Hisui, F|8/100
|
|-weather|Snowscape|[upkeep]
|-heal|p1a: Samurott|14/100|[from] Grassy Terrain
|upkeep
|turn|19
|
|t:|1760398852
|move|p1a: Samurott|Aqua Cutter|p2a: Moltres
|-supereffective|p2a: Moltres
|-damage|p2a: Moltres|17/100
|move|p2a: Moltres|U-turn|p1a: Samurott
|-supereffective|p1a: Samurott
|-damage|p1a: Samurott|0 fnt
|faint|p1a: Samurott
|
|t:|1760398856
|switch|p2a: Zamazenta|Zamazenta|41/100|[from] U-turn
|
|-weather|Snowscape|[upkeep]
|-heal|p2a: Zamazenta|48/100|[from] Grassy Terrain
|upkeep
|
|t:|1760398860
|switch|p1a: Rillaboom|Rillaboom, M|100/100
|turn|20
|
|t:|1760398864
|move|p2a: Zamazenta|Ice Fang|p1a: Rillaboom
|-supereffective|p1a: Rillaboom
|-damage|p1a: Rillaboom|54/100
|move|p1a: Rillaboom|Knock Off|p2a: Zamazenta
|-resisted|p2a: Zamazenta
|-damage|p2a: Zamazenta|26/100
|-enditem|p2a: Zamazenta|Heavy-Duty Boots|[from] move: Knock Off|[of] p1a: Rillaboom
|-damage|p1a: Rillaboom|44/100|[from] item: Life Orb
|
|-weather|Snowscape|[upkeep]
|-heal|p2a: Zamazenta|32/100|[from] Grassy Terrain
|-heal|p1a: Rillaboom|50/100|[from] Grassy Terrain
|upkeep
|turn|21
|
|t:|1760398872
|switch|p2a: Moltres|Moltres|17/100
|move|p1a: Rillaboom|Knock Off|p2a: Moltres
|-damage|p2a: Moltres|0 fnt
|-enditem|p2a: Moltres|Heavy-Duty Boots|[from] move: Knock Off|[of] p1a: Rillaboom
|faint|p2a: Moltres
|-damage|p1a: Rillaboom|40/100|[from] item: Life Orb
|
|-weather|Snowscape|[upkeep]
|-heal|p1a: Rillaboom|46/100|[from] Grassy Terrain
|upkeep
|
|t:|1760398875
|switch|p2a: Dragonite|Dragonite, F|100/100
|turn|22
|
|t:|1760398878
|move|p1a: Rillaboom|U-turn|p2a: Dragonite
|-resisted|p2a: Dragonite
|-damage|p2a: Dragonite|91/100
|-damage|p1a: Rillaboom|36/100|[from] item: Life Orb
|
|t:|1760398881
|switch|p1a: Duraludon|Duraludon, M|96/100|[from] U-turn
|move|p2a: Dragonite|Dragon Dance|p2a: Dragonite
|-boost|p2a: Dragonite|atk|1
|-boost|p2a: Dragonite|spe|1
|
|-weather|none
|-heal|p1a: Duraludon|100/100|[from] Grassy Terrain
|-fieldend|move: Grassy Terrain
|upkeep
|turn|23
|
|t:|1760398889
|move|p2a: Dragonite|Earthquake|p1a: Duraludon
|-supereffective|p1a: Duraludon
|-damage|p1a: Duraludon|50/100
|move|p1a: Duraludon|Thunder Wave|p2a: Dragonite
|-status|p2a: Dragonite|par
|
|upkeep
|turn|24
|
|t:|1760398903
|move|p1a: Duraludon|Flash Cannon|p2a: Dragonite
|-damage|p2a: Dragonite|54/100 par
|move|p2a: Dragonite|Encore|p1a: Duraludon
|-start|p1a: Duraludon|Encore
|
|upkeep
|turn|25
|
|t:|1760398912
|move|p1a: Duraludon|Flash Cannon|p2a: Dragonite
|-damage|p2a: Dragonite|19/100 par
|-unboost|p2a: Dragonite|spd|1
|move|p2a: Dragonite|Dragon Dance|p2a: Dragonite
|-boost|p2a: Dragonite|atk|1
|-boost|p2a: Dragonite|spe|1
|
|upkeep
|turn|26
|
|t:|1760398916
|move|p2a: Dragonite|Earthquake|p1a: Duraludon
|-supereffective|p1a: Duraludon
|-damage|p1a: Duraludon|0 fnt
|faint|p1a: Duraludon
|
|upkeep
|
|t:|1760398918
|switch|p1a: Dragapult|Dragapult, M|100/100
|turn|27
|
|t:|1760398920
|move|p1a: Dragapult|Shadow Ball|p2a: Dragonite
|-damage|p2a: Dragonite|0 fnt
|faint|p2a: Dragonite
|
|upkeep
|
|t:|1760398922
|switch|p2a: Gholdengo|Gholdengo|100/100
|-damage|p2a: Gholdengo|88/100|[from] Spikes
|turn|28
|
|t:|1760398949
|switch|p1a: Rillaboom|Rillaboom, M|36/100
|-fieldstart|move: Grassy Terrain|[from] ability: Grassy Surge|[of] p1a: Rillaboom
|move|p2a: Gholdengo|Shadow Ball|p1a: Rillaboom
|-crit|p1a: Rillaboom
|-damage|p1a: Rillaboom|0 fnt
|faint|p1a: Rillaboom
|
|-heal|p2a: Gholdengo|94/100|[from] Grassy Terrain
|upkeep
|
|t:|1760398950
|switch|p1a: Slowking|Slowking-Galar, F|80/100
|turn|29
|j| 54 Insane Rats
|
|t:|1760398964
|-terastallize|p2a: Gholdengo|Ghost
|-terastallize|p1a: Slowking|Water
|move|p2a: Gholdengo|Shadow Ball|p1a: Slowking
|-crit|p1a: Slowking
|-damage|p1a: Slowking|27/100
|-prepare|p1a: Slowking|Chilly Reception|[premajor]
|move|p1a: Slowking|Chilly Reception|p1a: Slowking
|-weather|Snowscape
|
|t:|1760398971
|switch|p1a: Great Tusk|Great Tusk|59/100|[from] Chilly Reception
|
|-weather|Snowscape|[upkeep]
|-heal|p2a: Gholdengo|99/100|[from] Grassy Terrain
|-heal|p1a: Great Tusk|65/100|[from] Grassy Terrain
|upkeep
|turn|30
|j| Arcangel666
|-message|mr tickley forfeited.
|
|win|Prav33n
|raw|mr tickley's rating: 1708 &rarr; <strong>1691</strong><br />(-17 for losing)
|raw|Prav33n's rating: 1758 &rarr; <strong>1775</strong><br />(+17 for winning)
|l|☆mr tickley
|player|p1|
|l| Arcangel666
