|j|☆norebuhl
|j|☆capitolg
|t:|1760307523
|gametype|singles
|player|p1|norebuhl|169|1134
|player|p2|capitolg|bellelba|1180
|gen|9
|tier|[Gen 9] OU
|rated|
|rule|HP Percentage Mod: HP is shown in percentages
|rule|Endless Battle Clause: Forcing endless battles is banned
|rule|Species Clause: Limit one of each Pokémon
|rule|OHKO Clause: OHKO moves are banned
|rule|Evasion Items Clause: Evasion items are banned
|rule|Evasion Moves Clause: Evasion moves are banned
|rule|Evasion Abilities Clause: Evasion abilities are banned
|rule|Sleep Moves Clause: Sleep-inducing moves are banned
|clearpoke
|poke|p1|Ceruledge, M|
|poke|p1|Dragapult, M|
|poke|p1|Kingambit, F|
|poke|p1|Darkrai|
|poke|p1|Pecharunt|
|poke|p1|Samurott-Hisui, F|
|poke|p2|Vikavolt, M|
|poke|p2|Gothitelle, M|
|poke|p2|Smeargle, F|
|poke|p2|Empoleon, M|
|poke|p2|Passimian, M|
|poke|p2|Trevenant, M|
|teampreview
|
|t:|1760307551
|teamsize|p1|6
|teamsize|p2|6
|start
|switch|p1a: Samurott|Samurott-Hisui, F|100/100
|switch|p2a: Vikavolt|Vikavolt, M|100/100
|turn|1
|
|t:|1760307558
|move|p1a: Samurott|Ceaseless Edge|p2a: Vikavolt
|-damage|p2a: Vikavolt|56/100
|-sidestart|p2: capitolg|Spikes
|move|p2a: Vikavolt|Sticky Web|p1a: Samurott
|-sidestart|p1: norebuhl|move: Sticky Web
|
|upkeep
|turn|2
|
|t:|1760307564
|move|p1a: Samurott|Ceaseless Edge|p2a: Vikavolt
|-crit|p2a: Vikavolt
|-damage|p2a: Vikavolt|0 fnt
|-sidestart|p2: capitolg|Spikes
|faint|p2a: Vikavolt
|
|upkeep
|
|t:|1760307567
|switch|p2a: Smeargle|Smeargle, F|100/100
|-damage|p2a: Smeargle|84/100|[from] Spikes
|turn|3
|
|t:|1760307571
|move|p2a: Smeargle|Burning Bulwark|p2a: Smeargle
|-singleturn|p2a: Smeargle|move: Protect
|move|p1a: Samurott|Ceaseless Edge|p2a: Smeargle
|-activate|p2a: Smeargle|move: Protect
|-status|p1a: Samurott|brn
|
|-damage|p1a: Samurott|94/100 brn|[from] brn
|upkeep
|turn|4
|
|t:|1760307581
|move|p1a: Samurott|Ceaseless Edge|p2a: Smeargle
|-damage|p2a: Smeargle|29/100
|-sidestart|p2: capitolg|Spikes
|move|p2a: Smeargle|Trick Room|p2a: Smeargle
|-fieldstart|move: Trick Room|[of] p2a: Smeargle
|
|-damage|p1a: Samurott|88/100 brn|[from] brn
|upkeep
|turn|5
|
|t:|1760307591
|move|p2a: Smeargle|Court Change|p2a: Smeargle
|-swapsideconditions
|-activate|p2a: Smeargle|move: Court Change
|move|p1a: Samurott|Knock Off|p2a: Smeargle
|-damage|p2a: Smeargle|0 fnt
|-enditem|p2a: Smeargle|Focus Sash|[from] move: Knock Off|[of] p1a: Samurott
|faint|p2a: Smeargle
|
|-damage|p1a: Samurott|82/100 brn|[from] brn
|upkeep
|
|t:|1760307601
|switch|p2a: Passimian|Passimian, M|100/100
|-activate|p2a: Passimian|move: Sticky Web
|-unboost|p2a: Passimian|spe|1
|-ability|p2a: Passimian|Defiant|boost
|-boost|p2a: Passimian|atk|2
|turn|6
|
|t:|1760307614
|switch|p1a: Ceruledge|Ceruledge, M|100/100
|-damage|p1a: Ceruledge|76/100|[from] Spikes
|move|p2a: Passimian|Drain Punch|p1a: Ceruledge
|-immune|p1a: Ceruledge
|
|upkeep
|turn|7
|
|t:|1760307625
|move|p2a: Passimian|Earthquake|p1a: Ceruledge
|-supereffective|p1a: Ceruledge
|-damage|p1a: Ceruledge|0 fnt
|faint|p1a: Ceruledge
|
|upkeep
|
|t:|1760307637
|switch|p1a: Samurott|Samurott-Hisui, F|82/100 brn
|-damage|p1a: Samurott|57/100 brn|[from] Spikes
|turn|8
|
|t:|1760307641
|switch|p1a: Pecharunt|Pecharunt|100/100
|move|p2a: Passimian|Drain Punch|p1a: Pecharunt
|-immune|p1a: Pecharunt
|
|-fieldend|move: Trick Room
|upkeep
|turn|9
|
|t:|1760307649
|switch|p2a: Empoleon|Empoleon, M|100/100
|-activate|p2a: Empoleon|move: Sticky Web
|-unboost|p2a: Empoleon|spe|1
|-ability|p2a: Empoleon|Competitive|boost
|-boost|p2a: Empoleon|spa|2
|move|p1a: Pecharunt|Parting Shot|p2a: Empoleon
|-unboost|p2a: Empoleon|atk|1
|-ability|p2a: Empoleon|Competitive|boost
|-boost|p2a: Empoleon|spa|2
|-unboost|p2a: Empoleon|spa|1
|-ability|p2a: Empoleon|Competitive|boost
|-boost|p2a: Empoleon|spa|2
|
|t:|1760307664
|switch|p1a: Samurott|Samurott-Hisui, F|57/100 brn|[from] Parting Shot
|-damage|p1a: Samurott|32/100 brn|[from] Spikes
|
|-damage|p1a: Samurott|26/100 brn|[from] brn
|upkeep
|turn|10
|
|t:|1760307670
|move|p2a: Empoleon|Vacuum Wave|p1a: Samurott
|-supereffective|p1a: Samurott
|-damage|p1a: Samurott|0 fnt
|faint|p1a: Samurott
|
|upkeep
|
|t:|1760307677
|switch|p1a: Kingambit|Kingambit, F|100/100
|-damage|p1a: Kingambit|76/100|[from] Spikes
|-activate|p1a: Kingambit|ability: Supreme Overlord
|-start|p1a: Kingambit|fallen2|[silent]
|turn|11
|
|t:|1760307684
|-terastallize|p1a: Kingambit|Ghost
|move|p2a: Empoleon|Vacuum Wave|p1a: Kingambit
|-immune|p1a: Kingambit
|move|p1a: Kingambit|Swords Dance|p1a: Kingambit
|-boost|p1a: Kingambit|atk|2
|
|-heal|p1a: Kingambit|82/100|[from] item: Leftovers
|upkeep
|turn|12
|
|t:|1760307693
|move|p1a: Kingambit|Kowtow Cleave|p2a: Empoleon
|-damage|p2a: Empoleon|0 fnt
|faint|p2a: Empoleon
|
|-heal|p1a: Kingambit|88/100|[from] item: Leftovers
|upkeep
|
|t:|1760307700
|switch|p2a: Gothitelle|Gothitelle, M|100/100
|-activate|p2a: Gothitelle|move: Sticky Web
|-unboost|p2a: Gothitelle|spe|1
|-ability|p2a: Gothitelle|Competitive|boost
|-boost|p2a: Gothitelle|spa|2
|turn|13
|
|t:|1760307704
|-terastallize|p2a: Gothitelle|Fighting
|move|p1a: Kingambit|Kowtow Cleave|p2a: Gothitelle
|-resisted|p2a: Gothitelle
|-damage|p2a: Gothitelle|37/100
|move|p2a: Gothitelle|Shadow Ball|p1a: Kingambit
|-supereffective|p1a: Kingambit
|-damage|p1a: Kingambit|0 fnt
|faint|p1a: Kingambit
|-end|p1a: Kingambit|fallen2|[silent]
|
|-heal|p2a: Gothitelle|44/100|[from] item: Leftovers
|upkeep
|
|t:|1760307717
|switch|p1a: Pecharunt|Pecharunt|100/100
|turn|14
|
|t:|1760307725
|move|p1a: Pecharunt|Malignant Chain|p2a: Gothitelle
|-damage|p2a: Gothitelle|14/100
|move|p2a: Gothitelle|Trick Room|p2a: Gothitelle
|-fieldstart|move: Trick Room|[of] p2a: Gothitelle
|
|-heal|p2a: Gothitelle|21/100|[from] item: Leftovers
|upkeep
|turn|15
|
|t:|1760307751
|move|p2a: Gothitelle|Psychic Noise|p1a: Pecharunt
|-supereffective|p1a: Pecharunt
|-damage|p1a: Pecharunt|0 fnt
|faint|p1a: Pecharunt
|
|-heal|p2a: Gothitelle|27/100|[from] item: Leftovers
|upkeep
|
|t:|1760307755
|switch|p1a: Dragapult|Dragapult, M|100/100
|turn|16
|
|t:|1760307765
|move|p2a: Gothitelle|Shadow Ball|p1a: Dragapult
|-supereffective|p1a: Dragapult
|-damage|p1a: Dragapult|0 fnt
|faint|p1a: Dragapult
|
|-heal|p2a: Gothitelle|33/100|[from] item: Leftovers
|upkeep
|-message|norebuhl forfeited.
|
|win|capitolg
|raw|norebuhl's rating: 1134 &rarr; <strong>1112</strong><br />(-22 for losing)
|raw|capitolg's rating: 1180 &rarr; <strong>1202</strong><br />(+22 for winning)
|l|☆norebuhl
|player|p1|
|l|☆capitolg
|player|p2|
