|j|☆MnjRomero7
|j|☆Joao V9898
|t:|1760322271
|gametype|singles
|player|p1|MnjRomero7|101|1381
|player|p2|Joao V9898|n|1421
|gen|9
|tier|[Gen 9] OU
|rated|
|rule|HP Percentage Mod: HP is shown in percentages
|rule|Endless Battle Clause: Forcing endless battles is banned
|rule|Species Clause: Limit one of each Pokémon
|rule|OHKO Clause: OHKO moves are banned
|rule|Evasion Items Clause: Evasion items are banned
|rule|Evasion Moves Clause: Evasion moves are banned
|rule|Evasion Abilities Clause: Evasion abilities are banned
|rule|Sleep Moves Clause: Sleep-inducing moves are banned
|clearpoke
|poke|p1|Iron Crown|
|poke|p1|Zamazenta-*|
|poke|p1|Dondozo, M|
|poke|p1|Mandibuzz, F|
|poke|p1|Zapdos|
|poke|p1|Volcanion|
|poke|p2|Pecharunt|
|poke|p2|Primarina, M|
|poke|p2|Heatran, M|
|poke|p2|Weavile, M|
|poke|p2|Ogerpon, F|
|poke|p2|Great Tusk|
|teampreview
|j| tsugia
|inactive|Battle timer is ON: inactive players will automatically lose when time's up. (requested by Joao V9898)
|
|t:|1760322296
|teamsize|p1|6
|teamsize|p2|6
|start
|switch|p1a: Zapdos|Zapdos|100/100
|switch|p2a: Weavile|Weavile, M|100/100
|-ability|p2a: Weavile|Pressure
|turn|1
|
|t:|1760322305
|switch|p1a: Dondozo|Dondozo, M|100/100
|move|p2a: Weavile|Triple Axel|p1a: Dondozo|[miss]
|-miss|p2a: Weavile|p1a: Dondozo
|
|upkeep
|turn|2
|
|t:|1760322314
|switch|p2a: Pecharunt|Pecharunt|100/100
|move|p1a: Dondozo|Liquidation|p2a: Pecharunt
|-damage|p2a: Pecharunt|86/100
|-damage|p1a: Dondozo|84/100|[from] item: Rocky Helmet|[of] p2a: Pecharunt
|
|upkeep
|turn|3
|
|t:|1760322332
|switch|p1a: Iron Crown|Iron Crown|100/100
|move|p2a: Pecharunt|Malignant Chain|p1a: Iron Crown
|-immune|p1a: Iron Crown
|
|upkeep
|turn|4
|
|t:|1760322345
|switch|p2a: Heatran|Heatran, M|100/100
|-item|p2a: Heatran|Air Balloon
|move|p1a: Iron Crown|Volt Switch|p2a: Heatran
|-damage|p2a: Heatran|79/100
|-enditem|p2a: Heatran|Air Balloon
|
|t:|1760322359
|-end|p1a: Iron Crown|Quark Drive|[silent]
|switch|p1a: Volcanion|Volcanion|100/100|[from] Volt Switch
|
|upkeep
|turn|5
|
|t:|1760322382
|switch|p2a: Primarina|Primarina, M|100/100
|move|p1a: Volcanion|Earth Power|p2a: Primarina
|-damage|p2a: Primarina|87/100
|
|upkeep
|turn|6
|
|t:|1760322393
|move|p1a: Volcanion|Sludge Wave|p2a: Primarina
|-supereffective|p2a: Primarina
|-damage|p2a: Primarina|59/100
|move|p2a: Primarina|Flip Turn|p1a: Volcanion
|-immune|p1a: Volcanion|[from] ability: Water Absorb
|
|upkeep
|turn|7
|
|t:|1760322405
|move|p1a: Volcanion|Earth Power|p2a: Primarina
|-damage|p2a: Primarina|45/100
|move|p2a: Primarina|Moonblast|p1a: Volcanion
|-resisted|p1a: Volcanion
|-damage|p1a: Volcanion|82/100
|
|upkeep
|turn|8
|
|t:|1760322413
|switch|p2a: Great Tusk|Great Tusk|100/100
|move|p1a: Volcanion|Sludge Wave|p2a: Great Tusk
|-resisted|p2a: Great Tusk
|-damage|p2a: Great Tusk|78/100
|
|upkeep
|turn|9
|
|t:|1760322422
|-end|p2a: Great Tusk|Protosynthesis|[silent]
|switch|p2a: Ogerpon|Ogerpon, F|100/100
|switch|p1a: Dondozo|Dondozo, M|84/100
|
|upkeep
|turn|10
|
|t:|1760322430
|-terastallize|p1a: Dondozo|Grass
|move|p2a: Ogerpon|U-turn|p1a: Dondozo
|-supereffective|p1a: Dondozo
|-damage|p1a: Dondozo|54/100
|-damage|p2a: Ogerpon|84/100|[from] item: Rocky Helmet|[of] p1a: Dondozo
|
|t:|1760322436
|switch|p2a: Pecharunt|Pecharunt|86/100|[from] U-turn
|move|p1a: Dondozo|Body Press|p2a: Pecharunt
|-immune|p2a: Pecharunt
|
|upkeep
|turn|11
|
|t:|1760322454
|switch|p1a: Mandibuzz|Mandibuzz, F|100/100
|move|p2a: Pecharunt|Parting Shot|p1a: Mandibuzz
|-unboost|p1a: Mandibuzz|atk|1
|-unboost|p1a: Mandibuzz|spa|1
|
|t:|1760322460
|switch|p2a: Weavile|Weavile, M|100/100|[from] Parting Shot
|-ability|p2a: Weavile|Pressure
|
|upkeep
|turn|12
|
|t:|1760322470
|switch|p1a: Dondozo|Dondozo, M, tera:Grass|54/100
|move|p2a: Weavile|Triple Axel|p1a: Dondozo
|-supereffective|p1a: Dondozo
|-damage|p1a: Dondozo|41/100
|-damage|p2a: Weavile|84/100|[from] item: Rocky Helmet|[of] p1a: Dondozo
|-supereffective|p1a: Dondozo
|-damage|p1a: Dondozo|13/100
|-damage|p2a: Weavile|68/100|[from] item: Rocky Helmet|[of] p1a: Dondozo
|-supereffective|p1a: Dondozo
|-damage|p1a: Dondozo|0 fnt
|-damage|p2a: Weavile|51/100|[from] item: Rocky Helmet|[of] p1a: Dondozo
|faint|p1a: Dondozo
|-hitcount|p1: Dondozo|3
|
|upkeep
|
|t:|1760322498
|switch|p1a: Zamazenta|Zamazenta|100/100
|-ability|p1a: Zamazenta|Dauntless Shield|boost
|-boost|p1a: Zamazenta|def|1
|turn|13
|
|t:|1760322506
|switch|p2a: Pecharunt|Pecharunt|86/100
|move|p1a: Zamazenta|Crunch|p2a: Pecharunt
|-supereffective|p2a: Pecharunt
|-damage|p2a: Pecharunt|49/100
|-damage|p1a: Zamazenta|84/100|[from] item: Rocky Helmet|[of] p2a: Pecharunt
|
|upkeep
|turn|14
|
|t:|1760322516
|switch|p1a: Iron Crown|Iron Crown|100/100
|move|p2a: Pecharunt|Recover|p2a: Pecharunt
|-heal|p2a: Pecharunt|99/100
|
|upkeep
|turn|15
|
|t:|1760322526
|switch|p2a: Heatran|Heatran, M|79/100
|move|p1a: Iron Crown|Volt Switch|p2a: Heatran
|-damage|p2a: Heatran|56/100
|
|t:|1760322539
|-end|p1a: Iron Crown|Quark Drive|[silent]
|switch|p1a: Zapdos|Zapdos|100/100|[from] Volt Switch
|
|upkeep
|turn|16
|
|t:|1760322546
|move|p1a: Zapdos|Thunderbolt|p2a: Heatran
|-damage|p2a: Heatran|0 fnt
|faint|p2a: Heatran
|
|upkeep
|
|t:|1760322552
|switch|p2a: Weavile|Weavile, M|51/100
|-ability|p2a: Weavile|Pressure
|turn|17
|
|t:|1760322557
|switch|p1a: Zamazenta|Zamazenta|84/100
|move|p2a: Weavile|Triple Axel|p1a: Zamazenta
|-damage|p1a: Zamazenta|70/100
|-damage|p1a: Zamazenta|40/100
|-damage|p1a: Zamazenta|0 fnt
|faint|p1a: Zamazenta
|-hitcount|p1: Zamazenta|3
|
|upkeep
|
|t:|1760322569
|switch|p1a: Iron Crown|Iron Crown|100/100
|turn|18
|
|t:|1760322578
|switch|p2a: Ogerpon|Ogerpon, F|84/100
|move|p1a: Iron Crown|Tachyon Cutter|p2a: Ogerpon
|-damage|p2a: Ogerpon|52/100
|-damage|p2a: Ogerpon|24/100
|-hitcount|p2a: Ogerpon|2
|
|upkeep
|turn|19
|
|t:|1760322587
|move|p2a: Ogerpon|U-turn|p1a: Iron Crown
|-damage|p1a: Iron Crown|67/100
|
|t:|1760322593
|switch|p2a: Primarina|Primarina, M|45/100|[from] U-turn
|move|p1a: Iron Crown|Tachyon Cutter|p2a: Primarina
|-damage|p2a: Primarina|31/100
|-damage|p2a: Primarina|19/100
|-hitcount|p2a: Primarina|2
|
|upkeep
|turn|20
|
|t:|1760322602
|move|p1a: Iron Crown|Tachyon Cutter|p2a: Primarina
|-damage|p2a: Primarina|6/100
|-damage|p2a: Primarina|0 fnt
|faint|p2a: Primarina
|-hitcount|p2: Primarina|2
|
|upkeep
|
|t:|1760322605
|switch|p2a: Weavile|Weavile, M|51/100
|-ability|p2a: Weavile|Pressure
|turn|21
|
|t:|1760322611
|-end|p1a: Iron Crown|Quark Drive|[silent]
|switch|p1a: Mandibuzz|Mandibuzz, F|100/100
|move|p2a: Weavile|Knock Off|p1a: Mandibuzz
|-resisted|p1a: Mandibuzz
|-damage|p1a: Mandibuzz|73/100
|-enditem|p1a: Mandibuzz|Heavy-Duty Boots|[from] move: Knock Off|[of] p2a: Weavile
|
|upkeep
|turn|22
|
|t:|1760322623
|switch|p2a: Pecharunt|Pecharunt|99/100
|move|p1a: Mandibuzz|Knock Off|p2a: Pecharunt
|-supereffective|p2a: Pecharunt
|-damage|p2a: Pecharunt|78/100
|-damage|p1a: Mandibuzz|56/100|[from] item: Rocky Helmet|[of] p2a: Pecharunt
|-enditem|p2a: Pecharunt|Rocky Helmet|[from] move: Knock Off|[of] p1a: Mandibuzz
|
|upkeep
|turn|23
|
|t:|1760322635
|switch|p1a: Iron Crown|Iron Crown|67/100
|move|p2a: Pecharunt|Shadow Ball|p1a: Iron Crown
|-supereffective|p1a: Iron Crown
|-damage|p1a: Iron Crown|21/100
|
|upkeep
|turn|24
|
|t:|1760322648
|switch|p2a: Ogerpon|Ogerpon, F|24/100
|move|p1a: Iron Crown|Tachyon Cutter|p2a: Ogerpon
|-damage|p2a: Ogerpon|0 fnt
|faint|p2a: Ogerpon
|-hitcount|p2: Ogerpon|1
|
|upkeep
|
|t:|1760322653
|switch|p2a: Weavile|Weavile, M|51/100
|-ability|p2a: Weavile|Pressure
|turn|25
|
|t:|1760322661
|-end|p1a: Iron Crown|Quark Drive|[silent]
|switch|p1a: Mandibuzz|Mandibuzz, F|56/100
|move|p2a: Weavile|Triple Axel|p1a: Mandibuzz
|-supereffective|p1a: Mandibuzz
|-damage|p1a: Mandibuzz|32/100
|-supereffective|p1a: Mandibuzz
|-damage|p1a: Mandibuzz|0 fnt
|faint|p1a: Mandibuzz
|-hitcount|p1: Mandibuzz|2
|
|upkeep
|
|t:|1760322676
|switch|p1a: Volcanion|Volcanion|82/100
|turn|26
|
|t:|1760322688
|switch|p2a: Pecharunt|Pecharunt|78/100
|move|p1a: Volcanion|Steam Eruption|p2a: Pecharunt
|-damage|p2a: Pecharunt|30/100
|
|upkeep
|turn|27
|
|t:|1760322699
|move|p2a: Pecharunt|Recover|p2a: Pecharunt
|-heal|p2a: Pecharunt|80/100
|move|p1a: Volcanion|Earth Power|p2a: Pecharunt
|-supereffective|p2a: Pecharunt
|-damage|p2a: Pecharunt|27/100
|
|upkeep
|turn|28
|
|t:|1760322708
|move|p2a: Pecharunt|Malignant Chain|p1a: Volcanion
|-damage|p1a: Volcanion|58/100
|-status|p1a: Volcanion|tox
|-start|p1a: Volcanion|confusion|[from] ability: Poison Puppeteer|[of] p2a: Pecharunt
|-activate|p1a: Volcanion|confusion
|move|p1a: Volcanion|Earth Power|p2a: Pecharunt
|-supereffective|p2a: Pecharunt
|-damage|p2a: Pecharunt|0 fnt
|faint|p2a: Pecharunt
|
|-damage|p1a: Volcanion|52/100 tox|[from] psn
|upkeep
|
|t:|1760322717
|switch|p2a: Great Tusk|Great Tusk|78/100
|turn|29
|
|t:|1760322725
|switch|p1a: Zapdos|Zapdos|100/100
|move|p2a: Great Tusk|Ice Spinner|p1a: Zapdos
|-supereffective|p1a: Zapdos
|-damage|p1a: Zapdos|32/100
|-status|p2a: Great Tusk|par|[from] ability: Static|[of] p1a: Zapdos
|
|upkeep
|turn|30
|
|t:|1760322734
|move|p1a: Zapdos|Hurricane|p2a: Great Tusk|[miss]
|-miss|p1a: Zapdos|p2a: Great Tusk
|cant|p2a: Great Tusk|par
|
|upkeep
|turn|31
|
|t:|1760322740
|move|p1a: Zapdos|Hurricane|p2a: Great Tusk
|-supereffective|p2a: Great Tusk
|-damage|p2a: Great Tusk|0 fnt
|faint|p2a: Great Tusk
|-end|p2a: Great Tusk|Protosynthesis|[silent]
|
|upkeep
|
|t:|1760322743
|switch|p2a: Weavile|Weavile, M|51/100
|-ability|p2a: Weavile|Pressure
|turn|32
|
|t:|1760322749
|-terastallize|p2a: Weavile|Ice
|move|p2a: Weavile|Triple Axel|p1a: Zapdos
|-supereffective|p1a: Zapdos
|-damage|p1a: Zapdos|0 fnt
|-status|p2a: Weavile|par|[from] ability: Static|[of] p1a: Zapdos
|faint|p1a: Zapdos
|-hitcount|p1: Zapdos|1
|
|upkeep
|c|☆Joao V9898|HYPER ROBBED
|
|t:|1760322759
|switch|p1a: Iron Crown|Iron Crown|21/100
|turn|33
|-message|Joao V9898 forfeited.
|
|win|MnjRomero7
|raw|MnjRomero7's rating: 1381 &rarr; <strong>1403</strong><br />(+22 for winning)
|raw|Joao V9898's rating: 1421 &rarr; <strong>1399</strong><br />(-22 for losing)
|l|☆Joao V9898
|player|p2|
