|j|☆butts99999
|j|☆ryan cowtinho
|t:|1760378470
|gametype|singles
|player|p1|butts99999|skierf|1768
|player|p2|ryan cowtinho|101|1772
|gen|9
|tier|[Gen 9] OU
|rated|
|rule|HP Percentage Mod: HP is shown in percentages
|rule|Endless Battle Clause: Forcing endless battles is banned
|rule|Species Clause: Limit one of each Pokémon
|rule|OHKO Clause: OHKO moves are banned
|rule|Evasion Items Clause: Evasion items are banned
|rule|Evasion Moves Clause: Evasion moves are banned
|rule|Evasion Abilities Clause: Evasion abilities are banned
|rule|Sleep Moves Clause: Sleep-inducing moves are banned
|clearpoke
|poke|p1|Kingambit, F|
|poke|p1|Cinderace, F|
|poke|p1|Landorus-Therian, M|
|poke|p1|Iron Valiant|
|poke|p1|Kyurem|
|poke|p1|Slowking-Galar, M|
|poke|p2|Landorus-Therian, M|
|poke|p2|Iron Valiant|
|poke|p2|Samurott-Hisui, F|
|poke|p2|Pecharunt|
|poke|p2|Iron Crown|
|poke|p2|Hydrapple, F|
|teampreview
|c|☆butts99999|hf
|inactive|Battle timer is ON: inactive players will automatically lose when time's up. (requested by butts99999)
|inactive|butts99999 has 120 seconds left.
|
|t:|1760378507
|teamsize|p1|6
|teamsize|p2|6
|start
|switch|p1a: Homelandor|Landorus-Therian, M, shiny|100/100
|switch|p2a: Iron Crown|Iron Crown|100/100
|-ability|p1a: Homelandor|Intimidate|boost
|-unboost|p2a: Iron Crown|atk|1
|turn|1
|
|t:|1760378523
|switch|p1a: Chillionaire|Slowking-Galar, M, shiny|100/100
|move|p2a: Iron Crown|Tachyon Cutter|p1a: Chillionaire
|-damage|p1a: Chillionaire|78/100
|-damage|p1a: Chillionaire|54/100
|-hitcount|p1a: Chillionaire|2
|
|upkeep
|turn|2
|
|t:|1760378533
|-terastallize|p2a: Iron Crown|Steel
|move|p2a: Iron Crown|Tachyon Cutter|p1a: Chillionaire
|-damage|p1a: Chillionaire|25/100
|-damage|p1a: Chillionaire|0 fnt
|faint|p1a: Chillionaire
|-hitcount|p1: Chillionaire|2
|
|upkeep
|
|t:|1760378543
|switch|p1a: Kristine|Cinderace, F, shiny|100/100
|turn|3
|
|t:|1760378563
|-end|p2a: Iron Crown|Quark Drive|[silent]
|switch|p2a: Pecharunt|Pecharunt|100/100
|move|p1a: Kristine|Will-O-Wisp|p2a: Pecharunt
|-status|p2a: Pecharunt|brn
|
|-damage|p2a: Pecharunt|94/100 brn|[from] brn
|upkeep
|turn|4
|
|t:|1760378568
|move|p1a: Kristine|U-turn|p2a: Pecharunt
|-resisted|p2a: Pecharunt
|-damage|p2a: Pecharunt|92/100 brn
|
|t:|1760378570
|switch|p1a: Daenerys|Kingambit, F|100/100|[from] U-turn
|-activate|p1a: Daenerys|ability: Supreme Overlord
|-start|p1a: Daenerys|fallen1|[silent]
|move|p2a: Pecharunt|Parting Shot|p1a: Daenerys
|-unboost|p1a: Daenerys|atk|1
|-unboost|p1a: Daenerys|spa|1
|j| Joao v9898
|
|t:|1760378575
|switch|p2a: Landorus|Landorus-Therian, M|100/100|[from] Parting Shot
|-ability|p2a: Landorus|Intimidate|boost
|-unboost|p1a: Daenerys|atk|1
|
|upkeep
|turn|5
|
|t:|1760378581
|-end|p1a: Daenerys|fallen1|[silent]
|switch|p1a: Homelandor|Landorus-Therian, M, shiny|100/100
|-ability|p1a: Homelandor|Intimidate|boost
|-unboost|p2a: Landorus|atk|1
|move|p2a: Landorus|Stealth Rock|p1a: Homelandor
|-sidestart|p1: butts99999|move: Stealth Rock
|
|upkeep
|turn|6
|l| Joao v9898
|
|t:|1760378593
|move|p2a: Landorus|U-turn|p1a: Homelandor
|-resisted|p1a: Homelandor
|-damage|p1a: Homelandor|94/100
|j| FaronAan
|
|t:|1760378597
|switch|p2a: Hydrapple|Hydrapple, F|100/100|[from] U-turn
|move|p1a: Homelandor|Earthquake|p2a: Hydrapple
|-resisted|p2a: Hydrapple
|-damage|p2a: Hydrapple|88/100
|
|-heal|p1a: Homelandor|99/100|[from] item: Leftovers
|upkeep
|turn|7
|
|t:|1760378602
|move|p1a: Homelandor|U-turn|p2a: Hydrapple
|-supereffective|p2a: Hydrapple
|-damage|p2a: Hydrapple|64/100
|
|t:|1760378605
|switch|p1a: Kristine|Cinderace, F, shiny|100/100|[from] U-turn
|move|p2a: Hydrapple|Nasty Plot|p2a: Hydrapple
|-boost|p2a: Hydrapple|spa|2
|
|upkeep
|turn|8
|
|t:|1760378611
|move|p1a: Kristine|Court Change|p1a: Kristine
|-swapsideconditions
|-activate|p1a: Kristine|move: Court Change
|move|p2a: Hydrapple|Fickle Beam|p1a: Kristine|[anim] Fickle Beam All Out
|-activate|p2a: Hydrapple|move: Fickle Beam
|-damage|p1a: Kristine|0 fnt
|faint|p1a: Kristine
|
|upkeep
|
|t:|1760378615
|switch|p1a: Mr. Freeze|Kyurem, shiny|100/100
|-ability|p1a: Mr. Freeze|Pressure
|turn|9
|c| FaronAan|butts do you feel anything now playing mons?
|c|☆butts99999|hahaha
|c| FaronAan|or has the malaise persisted?
|c|☆butts99999|im doing a little better
|c|☆butts99999|this meta is still cringe
|inactive|butts99999 has 120 seconds left.
|c| FaronAan|agreed
|c|☆butts99999|but its not making me numb rn
|j| dragonlatios1
|c| FaronAan|gen 10 is looking interesting?
|
|t:|1760378657
|switch|p2a: Iron Crown|Iron Crown, tera:Steel|100/100
|-damage|p2a: Iron Crown|94/100|[from] Stealth Rock
|move|p1a: Mr. Freeze|Substitute|p1a: Mr. Freeze
|-start|p1a: Mr. Freeze|Substitute
|-damage|p1a: Mr. Freeze|76/100
|
|-heal|p1a: Mr. Freeze|82/100|[from] item: Leftovers
|upkeep
|turn|10
|c| FaronAan|idk if you've seen the leaks
|c|☆butts99999|ya
|c|☆butts99999|wind and waves
|c|☆butts99999|looks cool
|
|t:|1760378674
|-terastallize|p1a: Mr. Freeze|Ground
|move|p2a: Iron Crown|Tachyon Cutter|p1a: Mr. Freeze
|-end|p1a: Mr. Freeze|Substitute
|-damage|p1a: Mr. Freeze|37/100
|-hitcount|p1a: Mr. Freeze|2
|move|p1a: Mr. Freeze|Earth Power|p2a: Iron Crown
|-supereffective|p2a: Iron Crown
|-damage|p2a: Iron Crown|0 fnt
|faint|p2a: Iron Crown
|-end|p2a: Iron Crown|Quark Drive|[silent]
|
|-heal|p1a: Mr. Freeze|43/100|[from] item: Leftovers
|upkeep
|
|t:|1760378686
|switch|p2a: Samurott|Samurott-Hisui, F|100/100
|-damage|p2a: Samurott|88/100|[from] Stealth Rock
|turn|11
|
|t:|1760378697
|switch|p1a: Homelandor|Landorus-Therian, M, shiny|99/100
|-ability|p1a: Homelandor|Intimidate|boost
|-unboost|p2a: Samurott|atk|1
|move|p2a: Samurott|Razor Shell|p1a: Homelandor
|-supereffective|p1a: Homelandor
|-damage|p1a: Homelandor|42/100
|
|-heal|p1a: Homelandor|48/100|[from] item: Leftovers
|upkeep
|turn|12
|
|t:|1760378704
|switch|p1a: Daenerys|Kingambit, F|100/100
|-activate|p1a: Daenerys|ability: Supreme Overlord
|-start|p1a: Daenerys|fallen2|[silent]
|switch|p2a: Landorus|Landorus-Therian, M|100/100
|-damage|p2a: Landorus|88/100|[from] Stealth Rock
|-ability|p2a: Landorus|Intimidate|boost
|-unboost|p1a: Daenerys|atk|1
|
|upkeep
|turn|13
|inactive|butts99999 has 120 seconds left.
|
|t:|1760378710
|-end|p1a: Daenerys|fallen2|[silent]
|switch|p1a: Mr. Freeze|Kyurem, shiny, tera:Ground|43/100
|-ability|p1a: Mr. Freeze|Pressure
|move|p2a: Landorus|Stealth Rock|p1a: Mr. Freeze
|-sidestart|p1: butts99999|move: Stealth Rock
|
|-heal|p1a: Mr. Freeze|50/100|[from] item: Leftovers
|upkeep
|turn|14
|
|t:|1760378717
|move|p1a: Mr. Freeze|Freeze-Dry|p2a: Landorus
|-supereffective|p2a: Landorus
|-damage|p2a: Landorus|0 fnt
|faint|p2a: Landorus
|
|-heal|p1a: Mr. Freeze|56/100|[from] item: Leftovers
|upkeep
|
|t:|1760378722
|switch|p2a: Samurott|Samurott-Hisui, F|88/100
|-damage|p2a: Samurott|76/100|[from] Stealth Rock
|turn|15
|
|t:|1760378727
|switch|p1a: Homelandor|Landorus-Therian, M, shiny|48/100
|-damage|p1a: Homelandor|36/100|[from] Stealth Rock
|-ability|p1a: Homelandor|Intimidate|boost
|-unboost|p2a: Samurott|atk|1
|move|p2a: Samurott|Ceaseless Edge|p1a: Homelandor
|-damage|p1a: Homelandor|9/100
|-sidestart|p1: butts99999|Spikes
|
|-heal|p1a: Homelandor|15/100|[from] item: Leftovers
|upkeep
|turn|16
|
|t:|1760378735
|move|p2a: Samurott|Aqua Jet|p1a: Homelandor
|-supereffective|p1a: Homelandor
|-damage|p1a: Homelandor|0 fnt
|faint|p1a: Homelandor
|
|upkeep
|
|t:|1760378738
|switch|p1a: WALL-Y|Iron Valiant|100/100
|-damage|p1a: WALL-Y|94/100|[from] Stealth Rock
|-damage|p1a: WALL-Y|82/100|[from] Spikes
|-enditem|p1a: WALL-Y|Booster Energy
|-activate|p1a: WALL-Y|ability: Quark Drive|[fromitem]
|-start|p1a: WALL-Y|quarkdrivespe
|turn|17
|
|t:|1760378741
|switch|p2a: Pecharunt|Pecharunt|92/100 brn
|move|p1a: WALL-Y|Calm Mind|p1a: WALL-Y
|-boost|p1a: WALL-Y|spa|1
|-boost|p1a: WALL-Y|spd|1
|
|-damage|p2a: Pecharunt|86/100 brn|[from] brn
|upkeep
|turn|18
|c| FaronAan|there's apparently a procedurally generated pokemon
|c| FaronAan|which sounds like nonsense tbh
|
|t:|1760378764
|move|p1a: WALL-Y|Calm Mind|p1a: WALL-Y
|-boost|p1a: WALL-Y|spa|1
|-boost|p1a: WALL-Y|spd|1
|move|p2a: Pecharunt|Malignant Chain|p1a: WALL-Y
|-supereffective|p1a: WALL-Y
|-damage|p1a: WALL-Y|28/100
|-status|p1a: WALL-Y|tox
|-start|p1a: WALL-Y|confusion|[from] ability: Poison Puppeteer|[of] p2a: Pecharunt
|
|-damage|p1a: WALL-Y|22/100 tox|[from] psn
|-damage|p2a: Pecharunt|80/100 brn|[from] brn
|upkeep
|turn|19
|
|t:|1760378770
|-activate|p1a: WALL-Y|confusion
|move|p1a: WALL-Y|Shadow Ball|p2a: Pecharunt
|-supereffective|p2a: Pecharunt
|-damage|p2a: Pecharunt|0 fnt
|faint|p2a: Pecharunt
|
|-damage|p1a: WALL-Y|9/100 tox|[from] psn
|upkeep
|
|t:|1760378774
|switch|p2a: Samurott|Samurott-Hisui, F|76/100
|-damage|p2a: Samurott|64/100|[from] Stealth Rock
|turn|20
|
|t:|1760378780
|move|p2a: Samurott|Aqua Jet|p1a: WALL-Y
|-damage|p1a: WALL-Y|0 fnt
|faint|p1a: WALL-Y
|-end|p1a: WALL-Y|Quark Drive|[silent]
|
|upkeep
|
|t:|1760378782
|switch|p1a: Daenerys|Kingambit, F|100/100
|-damage|p1a: Daenerys|94/100|[from] Stealth Rock
|-damage|p1a: Daenerys|82/100|[from] Spikes
|-activate|p1a: Daenerys|ability: Supreme Overlord
|-start|p1a: Daenerys|fallen4|[silent]
|turn|21
|c| FaronAan|but maybe they pull it off
|
|t:|1760378789
|move|p2a: Samurott|Razor Shell|p1a: Daenerys
|-damage|p1a: Daenerys|41/100
|move|p1a: Daenerys|Iron Head|p2a: Samurott
|-resisted|p2a: Samurott
|-damage|p2a: Samurott|27/100
|
|-heal|p1a: Daenerys|47/100|[from] item: Leftovers
|upkeep
|turn|22
|
|t:|1760378796
|move|p2a: Samurott|Razor Shell|p1a: Daenerys
|-damage|p1a: Daenerys|8/100
|-unboost|p1a: Daenerys|def|1
|move|p1a: Daenerys|Iron Head|p2a: Samurott
|-resisted|p2a: Samurott
|-crit|p2a: Samurott
|-damage|p2a: Samurott|0 fnt
|faint|p2a: Samurott
|
|-heal|p1a: Daenerys|14/100|[from] item: Leftovers
|upkeep
|c|☆butts99999|i lose to val
|c|☆butts99999|gg
|
|t:|1760378807
|switch|p2a: Iron Valiant|Iron Valiant|100/100
|-damage|p2a: Iron Valiant|94/100|[from] Stealth Rock
|-enditem|p2a: Iron Valiant|Booster Energy
|-activate|p2a: Iron Valiant|ability: Quark Drive|[fromitem]
|-start|p2a: Iron Valiant|quarkdrivespe
|turn|23
|
|t:|1760378809
|move|p2a: Iron Valiant|Moonblast|p1a: Daenerys
|-damage|p1a: Daenerys|0 fnt
|faint|p1a: Daenerys
|-end|p1a: Daenerys|fallen4|[silent]
|
|upkeep
|
|t:|1760378811
|switch|p1a: Mr. Freeze|Kyurem, shiny, tera:Ground|56/100
|-damage|p1a: Mr. Freeze|50/100|[from] Stealth Rock
|-damage|p1a: Mr. Freeze|37/100|[from] Spikes
|-ability|p1a: Mr. Freeze|Pressure
|turn|24
|
|t:|1760378827
|move|p2a: Iron Valiant|Moonblast|p1a: Mr. Freeze
|-damage|p1a: Mr. Freeze|0 fnt
|faint|p1a: Mr. Freeze
|
|win|ryan cowtinho
|raw|butts99999's rating: 1768 &rarr; <strong>1748</strong><br />(-20 for losing)
|raw|ryan cowtinho's rating: 1772 &rarr; <strong>1792</strong><br />(+20 for winning)
|l|☆ryan cowtinho
|player|p2|
|l|☆butts99999
|player|p1|
|l| dragonlatios1
|l| FaronAan
