|j|☆JeanNeymarjrXD2
|j|☆ppppppz
|t:|1760335839
|gametype|singles
|player|p1|JeanNeymarjrXD2|169|1097
|player|p2|ppppppz|preschooler|1146
|gen|9
|tier|[Gen 9] OU
|rated|
|rule|HP Percentage Mod: HP is shown in percentages
|rule|Endless Battle Clause: Forcing endless battles is banned
|rule|Species Clause: Limit one of each Pokémon
|rule|OHKO Clause: OHKO moves are banned
|rule|Evasion Items Clause: Evasion items are banned
|rule|Evasion Moves Clause: Evasion moves are banned
|rule|Evasion Abilities Clause: Evasion abilities are banned
|rule|Sleep Moves Clause: Sleep-inducing moves are banned
|clearpoke
|poke|p1|Florges, F|
|poke|p1|Moltres-Galar|
|poke|p1|Glastrier|
|poke|p1|Zarude-Dada|
|poke|p1|Slither Wing|
|poke|p1|Ninetales, M|
|poke|p2|Gliscor, F|
|poke|p2|Skarmory, M|
|poke|p2|Alomomola, M|
|poke|p2|Toxapex, M|
|poke|p2|Chansey, F|
|poke|p2|Great Tusk|
|teampreview
|inactive|Battle timer is ON: inactive players will automatically lose when time's up. (requested by JeanNeymarjrXD2)
|
|t:|1760335867
|teamsize|p1|6
|teamsize|p2|6
|start
|switch|p1a: Zarude|Zarude-Dada|100/100
|switch|p2a: Toxapex|Toxapex, M|100/100
|turn|1
|
|t:|1760335875
|move|p2a: Toxapex|Baneful Bunker|p2a: Toxapex
|-singleturn|p2a: Toxapex|move: Protect
|move|p1a: Zarude|Taunt|p2a: Toxapex
|-activate|p2a: Toxapex|move: Protect
|
|upkeep
|turn|2
|
|t:|1760335902
|move|p1a: Zarude|Taunt|p2a: Toxapex
|-start|p2a: Toxapex|move: Taunt
|cant|p2a: Toxapex|move: Taunt|Toxic Spikes
|
|upkeep
|turn|3
|
|t:|1760335912
|switch|p2a: Skarmory|Skarmory, M|100/100
|move|p1a: Zarude|Knock Off|p2a: Skarmory
|-damage|p2a: Skarmory|72/100
|-damage|p1a: Zarude|84/100|[from] item: Rocky Helmet|[of] p2a: Skarmory
|-enditem|p2a: Skarmory|Rocky Helmet|[from] move: Knock Off|[of] p1a: Zarude
|
|upkeep
|turn|4
|
|t:|1760335921
|move|p1a: Zarude|Taunt|p2a: Skarmory
|-start|p2a: Skarmory|move: Taunt
|cant|p2a: Skarmory|move: Taunt|Spikes
|
|upkeep
|turn|5
|
|t:|1760335934
|move|p1a: Zarude|Close Combat|p2a: Skarmory
|-damage|p2a: Skarmory|49/100
|-unboost|p1a: Zarude|def|1
|-unboost|p1a: Zarude|spd|1
|move|p2a: Skarmory|Body Press|p1a: Zarude
|-supereffective|p1a: Zarude
|-damage|p1a: Zarude|0 fnt
|faint|p1a: Zarude
|
|upkeep
|
|t:|1760335960
|switch|p1a: Moltres|Moltres-Galar|100/100
|turn|6
|
|t:|1760335975
|switch|p2a: Alomomola|Alomomola, M, shiny|100/100
|move|p1a: Moltres|Fiery Wrath|p2a: Alomomola
|-damage|p2a: Alomomola|50/100
|
|upkeep
|turn|7
|
|t:|1760335997
|move|p2a: Alomomola|Protect|p2a: Alomomola
|-singleturn|p2a: Alomomola|Protect
|move|p1a: Moltres|Fiery Wrath|p2a: Alomomola
|-activate|p2a: Alomomola|move: Protect
|
|upkeep
|turn|8
|inactive|ppppppz has 120 seconds left.
|
|t:|1760336036
|switch|p1a: Glastrier|Glastrier|100/100
|switch|p2a: Chansey|Chansey, F|100/100
|
|upkeep
|turn|9
|inactive|ppppppz has 120 seconds left.
|
|t:|1760336051
|switch|p2a: Skarmory|Skarmory, M|49/100
|move|p1a: Glastrier|Iron Defense|p1a: Glastrier
|-boost|p1a: Glastrier|def|2
|
|upkeep
|turn|10
|inactive|ppppppz has 120 seconds left.
|
|t:|1760336062
|move|p2a: Skarmory|Roost|p2a: Skarmory
|-heal|p2a: Skarmory|99/100
|-singleturn|p2a: Skarmory|move: Roost
|move|p1a: Glastrier|Body Press|p2a: Skarmory
|-supereffective|p2a: Skarmory
|-damage|p2a: Skarmory|36/100
|
|upkeep
|turn|11
|inactive|ppppppz has 120 seconds left.
|
|t:|1760336075
|move|p1a: Glastrier|Body Press|p2a: Skarmory
|-damage|p2a: Skarmory|8/100
|move|p2a: Skarmory|Whirlwind|p1a: Glastrier
|drag|p1a: Ninetales|Ninetales, M|100/100
|-weather|SunnyDay|[from] ability: Drought|[of] p1a: Ninetales
|
|-weather|SunnyDay|[upkeep]
|upkeep
|turn|12
|inactive|ppppppz has 120 seconds left.
|
|t:|1760336090
|switch|p1a: Glastrier|Glastrier|100/100
|switch|p2a: Alomomola|Alomomola, M, shiny|83/100
|
|-weather|SunnyDay|[upkeep]
|upkeep
|turn|13
|inactive|ppppppz has 120 seconds left.
|
|t:|1760336104
|move|p2a: Alomomola|Wish|p2a: Alomomola
|move|p1a: Glastrier|Iron Defense|p1a: Glastrier
|-boost|p1a: Glastrier|def|2
|
|-weather|SunnyDay|[upkeep]
|upkeep
|turn|14
|inactive|ppppppz has 120 seconds left.
|
|t:|1760336115
|move|p2a: Alomomola|Flip Turn|p1a: Glastrier
|-damage|p1a: Glastrier|98/100
|
|t:|1760336119
|switch|p2a: Toxapex|Toxapex, M|100/100|[from] Flip Turn
|move|p1a: Glastrier|Avalanche|p2a: Toxapex
|-resisted|p2a: Toxapex
|-damage|p2a: Toxapex|90/100
|-damage|p1a: Glastrier|81/100|[from] item: Rocky Helmet|[of] p2a: Toxapex
|
|-weather|SunnyDay|[upkeep]
|-heal|p2a: Toxapex|100/100|[from] move: Wish|[wisher] Alomomola
|upkeep
|turn|15
|inactive|ppppppz has 120 seconds left.
|-message|JeanNeymarjrXD2 forfeited.
|
|win|ppppppz
|raw|JeanNeymarjrXD2's rating: 1097 &rarr; <strong>1076</strong><br />(-21 for losing)
|raw|ppppppz's rating: 1146 &rarr; <strong>1167</strong><br />(+21 for winning)
|l|☆JeanNeymarjrXD2
|player|p1|
|l|☆ppppppz
|player|p2|
