|j|☆BonslyHarveyOswald
|j|☆Randomizer15
|t:|1760406330
|gametype|singles
|player|p1|BonslyHarveyOswald|170|1311
|player|p2|Randomizer15|101|1330
|gen|9
|tier|[Gen 9] OU
|rated|
|rule|HP Percentage Mod: HP is shown in percentages
|rule|Endless Battle Clause: Forcing endless battles is banned
|rule|Species Clause: Limit one of each Pokémon
|rule|OHKO Clause: OHKO moves are banned
|rule|Evasion Items Clause: Evasion items are banned
|rule|Evasion Moves Clause: Evasion moves are banned
|rule|Evasion Abilities Clause: Evasion abilities are banned
|rule|Sleep Moves Clause: Sleep-inducing moves are banned
|clearpoke
|poke|p1|Hydrapple, F|
|poke|p1|Heatran, F|
|poke|p1|Alomomola, M|
|poke|p1|Hatterene, F|
|poke|p1|Ting-Lu|
|poke|p1|Dragapult, F|
|poke|p2|Dragapult, F|
|poke|p2|Bellossom, F|
|poke|p2|Gholdengo|
|poke|p2|Iron Hands|
|poke|p2|Slowking-Galar, F|
|poke|p2|Persian, M|
|teampreview
|inactive|Battle timer is ON: inactive players will automatically lose when time's up. (requested by BonslyHarveyOswald)
|
|t:|1760406345
|teamsize|p1|6
|teamsize|p2|6
|start
|switch|p1a: Heatran|Heatran, F|100/100
|switch|p2a: Slowking|Slowking-Galar, F|100/100
|turn|1
|
|t:|1760406353
|move|p1a: Heatran|Stealth Rock|p2a: Slowking
|-sidestart|p2: Randomizer15|move: Stealth Rock
|move|p2a: Slowking|Acid Spray|p1a: Heatran
|-immune|p1a: Heatran
|
|upkeep
|turn|2
|
|t:|1760406358
|move|p1a: Heatran|Earth Power|p2a: Slowking
|-supereffective|p2a: Slowking
|-damage|p2a: Slowking|55/100
|-prepare|p2a: Slowking|Chilly Reception|[premajor]
|move|p2a: Slowking|Chilly Reception|p2a: Slowking
|-weather|Snowscape
|
|t:|1760406369
|switch|p2a: Iron Hands|Iron Hands|100/100|[from] Chilly Reception
|-damage|p2a: Iron Hands|94/100|[from] Stealth Rock
|
|-weather|Snowscape|[upkeep]
|upkeep
|turn|3
|
|t:|1760406382
|switch|p1a: Hatterene|Hatterene, F|100/100
|move|p2a: Iron Hands|Fake Out|p1a: Hatterene
|-damage|p1a: Hatterene|87/100
|-damage|p2a: Iron Hands|78/100|[from] item: Rocky Helmet|[of] p1a: Hatterene
|
|-weather|Snowscape|[upkeep]
|upkeep
|turn|4
|
|t:|1760406395
|-end|p2a: Iron Hands|Quark Drive|[silent]
|switch|p2a: Slowking|Slowking-Galar, F|89/100
|-damage|p2a: Slowking|76/100|[from] Stealth Rock
|move|p1a: Hatterene|Draining Kiss|p2a: Slowking
|-resisted|p2a: Slowking
|-damage|p2a: Slowking|68/100
|-heal|p1a: Hatterene|95/100|[from] drain|[of] p2a: Slowking
|-damage|p1a: Hatterene|78/100|[from] item: Rocky Helmet|[of] p2a: Slowking
|
|-weather|Snowscape|[upkeep]
|upkeep
|turn|5
|inactive|Randomizer15 has 120 seconds left.
|
|t:|1760406430
|switch|p1a: Heatran|Heatran, F|100/100
|move|p2a: Slowking|Acid Spray|p1a: Heatran
|-immune|p1a: Heatran
|
|-weather|Snowscape|[upkeep]
|upkeep
|turn|6
|
|t:|1760406437
|switch|p2a: Iron Hands|Iron Hands|78/100
|-damage|p2a: Iron Hands|72/100|[from] Stealth Rock
|move|p1a: Heatran|Taunt|p2a: Iron Hands
|-start|p2a: Iron Hands|move: Taunt
|
|-weather|none
|upkeep
|turn|7
|
|t:|1760406447
|switch|p1a: Hatterene|Hatterene, F|78/100
|move|p2a: Iron Hands|Supercell Slam|p1a: Hatterene
|-damage|p1a: Hatterene|32/100
|-damage|p2a: Iron Hands|55/100|[from] item: Rocky Helmet|[of] p1a: Hatterene
|
|upkeep
|turn|8
|
|t:|1760406457
|switch|p1a: Ting-Lu|Ting-Lu|100/100
|-ability|p1a: Ting-Lu|Vessel of Ruin
|move|p2a: Iron Hands|Supercell Slam|p1a: Ting-Lu
|-immune|p1a: Ting-Lu
|-damage|p2a: Iron Hands|5/100|[from] supercellslam
|
|-end|p2a: Iron Hands|move: Taunt
|upkeep
|turn|9
|
|t:|1760406467
|switch|p1a: Hatterene|Hatterene, F|32/100
|move|p2a: Iron Hands|Drain Punch|p1a: Hatterene
|-resisted|p1a: Hatterene
|-damage|p1a: Hatterene|23/100
|-heal|p2a: Iron Hands|9/100|[from] drain|[of] p1a: Hatterene
|-damage|p2a: Iron Hands|0 fnt|[from] item: Rocky Helmet|[of] p1a: Hatterene
|faint|p2a: Iron Hands
|-end|p2a: Iron Hands|Quark Drive|[silent]
|
|upkeep
|
|t:|1760406473
|switch|p2a: Bellossom|Bellossom, F|100/100
|turn|10
|
|t:|1760406478
|move|p2a: Bellossom|Quiver Dance|p2a: Bellossom
|-boost|p2a: Bellossom|spa|1
|-boost|p2a: Bellossom|spd|1
|-boost|p2a: Bellossom|spe|1
|move|p1a: Hatterene|Nuzzle|p2a: Bellossom
|-resisted|p2a: Bellossom
|-damage|p2a: Bellossom|99/100
|-status|p2a: Bellossom|par
|
|upkeep
|turn|11
|
|t:|1760406481
|move|p2a: Bellossom|Quiver Dance|p2a: Bellossom
|-boost|p2a: Bellossom|spa|1
|-boost|p2a: Bellossom|spd|1
|-boost|p2a: Bellossom|spe|1
|move|p1a: Hatterene|Pain Split|p2a: Bellossom
|-sethp|p2a: Bellossom|59/100 par|[from] move: Pain Split|[silent]
|-sethp|p1a: Hatterene|66/100|[from] move: Pain Split
|
|upkeep
|turn|12
|
|t:|1760406486
|move|p2a: Bellossom|Sludge Bomb|p1a: Hatterene
|-supereffective|p1a: Hatterene
|-damage|p1a: Hatterene|0 fnt
|faint|p1a: Hatterene
|
|upkeep
|
|t:|1760406498
|switch|p1a: Heatran|Heatran, F|100/100
|turn|13
|
|t:|1760406506
|move|p2a: Bellossom|Strength Sap|p1a: Heatran
|-unboost|p1a: Heatran|atk|1
|-heal|p2a: Bellossom|100/100 par
|move|p1a: Heatran|Magma Storm|p2a: Bellossom
|-supereffective|p2a: Bellossom
|-damage|p2a: Bellossom|58/100 par
|-activate|p2a: Bellossom|move: Magma Storm|[of] p1a: Heatran
|
|-damage|p2a: Bellossom|45/100 par|[from] move: Magma Storm|[partiallytrapped]
|upkeep
|turn|14
|
|t:|1760406513
|cant|p2a: Bellossom|par
|move|p1a: Heatran|Taunt|p2a: Bellossom
|-start|p2a: Bellossom|move: Taunt
|
|-damage|p2a: Bellossom|33/100 par|[from] move: Magma Storm|[partiallytrapped]
|upkeep
|turn|15
|
|t:|1760406518
|move|p2a: Bellossom|Giga Drain|p1a: Heatran
|-resisted|p1a: Heatran
|-damage|p1a: Heatran|92/100
|-heal|p2a: Bellossom|37/100 par|[from] drain|[of] p1a: Heatran
|move|p1a: Heatran|Magma Storm|p2a: Bellossom
|-supereffective|p2a: Bellossom
|-damage|p2a: Bellossom|0 fnt
|faint|p2a: Bellossom
|
|-heal|p1a: Heatran|99/100|[from] item: Leftovers
|upkeep
|
|t:|1760406527
|switch|p2a: Persian|Persian, M|100/100
|-damage|p2a: Persian|88/100|[from] Stealth Rock
|turn|16
|
|t:|1760406531
|move|p2a: Persian|Nasty Plot|p2a: Persian
|-boost|p2a: Persian|spa|2
|move|p1a: Heatran|Magma Storm|p2a: Persian
|-damage|p2a: Persian|15/100
|-activate|p2a: Persian|move: Magma Storm|[of] p1a: Heatran
|
|-heal|p1a: Heatran|100/100|[from] item: Leftovers
|-damage|p2a: Persian|3/100|[from] move: Magma Storm|[partiallytrapped]
|upkeep
|turn|17
|
|t:|1760406538
|move|p2a: Persian|Chilling Water|p1a: Heatran
|-supereffective|p1a: Heatran
|-damage|p1a: Heatran|56/100
|-unboost|p1a: Heatran|atk|1
|move|p1a: Heatran|Earth Power|p2a: Persian
|-damage|p2a: Persian|0 fnt
|faint|p2a: Persian
|
|-heal|p1a: Heatran|62/100|[from] item: Leftovers
|upkeep
|
|t:|1760406543
|switch|p2a: Slowking|Slowking-Galar, F|100/100
|-damage|p2a: Slowking|88/100|[from] Stealth Rock
|turn|18
|
|t:|1760406548
|move|p1a: Heatran|Taunt|p2a: Slowking
|-start|p2a: Slowking|move: Taunt
|move|p2a: Slowking|Psyshock|p1a: Heatran
|-resisted|p1a: Heatran
|-damage|p1a: Heatran|50/100
|
|-heal|p1a: Heatran|56/100|[from] item: Leftovers
|upkeep
|turn|19
|
|t:|1760406550
|move|p1a: Heatran|Magma Storm|p2a: Slowking
|-damage|p2a: Slowking|54/100
|-activate|p2a: Slowking|move: Magma Storm|[of] p1a: Heatran
|move|p2a: Slowking|Psyshock|p1a: Heatran
|-resisted|p1a: Heatran
|-damage|p1a: Heatran|43/100
|
|-heal|p1a: Heatran|49/100|[from] item: Leftovers
|-damage|p2a: Slowking|42/100|[from] move: Magma Storm|[partiallytrapped]
|upkeep
|turn|20
|
|t:|1760406553
|move|p1a: Heatran|Earth Power|p2a: Slowking
|-supereffective|p2a: Slowking
|-damage|p2a: Slowking|0 fnt
|faint|p2a: Slowking
|
|-heal|p1a: Heatran|56/100|[from] item: Leftovers
|upkeep
|
|t:|1760406557
|switch|p2a: Gholdengo|Gholdengo|100/100
|-damage|p2a: Gholdengo|94/100|[from] Stealth Rock
|turn|21
|
|t:|1760406560
|move|p2a: Gholdengo|Shadow Ball|p1a: Heatran
|-damage|p1a: Heatran|29/100
|move|p1a: Heatran|Magma Storm|p2a: Gholdengo
|-supereffective|p2a: Gholdengo
|-damage|p2a: Gholdengo|4/100
|-activate|p2a: Gholdengo|move: Magma Storm|[of] p1a: Heatran
|
|-heal|p1a: Heatran|35/100|[from] item: Leftovers
|-damage|p2a: Gholdengo|0 fnt|[from] move: Magma Storm|[partiallytrapped]
|faint|p2a: Gholdengo
|upkeep
|
|t:|1760406562
|switch|p2a: Dragapult|Dragapult, F|100/100
|-damage|p2a: Dragapult|88/100|[from] Stealth Rock
|turn|22
|
|t:|1760406565
|move|p2a: Dragapult|Hex|p1a: Heatran
|-damage|p1a: Heatran|19/100
|move|p1a: Heatran|Magma Storm|p2a: Dragapult
|-resisted|p2a: Dragapult
|-damage|p2a: Dragapult|58/100
|-activate|p2a: Dragapult|move: Magma Storm|[of] p1a: Heatran
|
|-heal|p2a: Dragapult|64/100|[from] item: Leftovers
|-heal|p1a: Heatran|25/100|[from] item: Leftovers
|-damage|p2a: Dragapult|52/100|[from] move: Magma Storm|[partiallytrapped]
|upkeep
|turn|23
|
|t:|1760406569
|move|p2a: Dragapult|Hex|p1a: Heatran
|-damage|p1a: Heatran|8/100
|move|p1a: Heatran|Earth Power|p2a: Dragapult
|-crit|p2a: Dragapult
|-damage|p2a: Dragapult|0 fnt
|faint|p2a: Dragapult
|
|win|BonslyHarveyOswald
|raw|BonslyHarveyOswald's rating: 1311 &rarr; <strong>1332</strong><br />(+21 for winning)
|raw|Randomizer15's rating: 1330 &rarr; <strong>1309</strong><br />(-21 for losing)
|c|☆BonslyHarveyOswald|gg
|c|☆Randomizer15|gg
|l|☆BonslyHarveyOswald
|player|p1|
|l|☆Randomizer15
|player|p2|
