|j|☆Swagataka
|j|☆teamskullenoxa
|t:|1760391587
|gametype|singles
|player|p1|Swagataka|byron|1707
|player|p2|teamskullenoxa|102|1744
|gen|9
|tier|[Gen 9] OU
|rated|
|rule|HP Percentage Mod: HP is shown in percentages
|rule|Endless Battle Clause: Forcing endless battles is banned
|rule|Species Clause: Limit one of each Pokémon
|rule|OHKO Clause: OHKO moves are banned
|rule|Evasion Items Clause: Evasion items are banned
|rule|Evasion Moves Clause: Evasion moves are banned
|rule|Evasion Abilities Clause: Evasion abilities are banned
|rule|Sleep Moves Clause: Sleep-inducing moves are banned
|clearpoke
|poke|p1|Kingambit, M|
|poke|p1|Regigigas|
|poke|p1|Great Tusk|
|poke|p1|Pecharunt|
|poke|p1|Crabominable, M|
|poke|p1|Zoroark-Hisui, M|
|poke|p2|Lokix, M|
|poke|p2|Slowking-Galar, F|
|poke|p2|Weavile, F|
|poke|p2|Enamorus, F|
|poke|p2|Alomomola, M|
|poke|p2|Cinderace, M|
|teampreview
|
|t:|1760391634
|teamsize|p1|6
|teamsize|p2|6
|start
|switch|p1a: Crabominable|Crabominable, M|100/100
|switch|p2a: Alomomola|Alomomola, M|100/100
|turn|1
|
|t:|1760391644
|switch|p2a: Slowking|Slowking-Galar, F|100/100
|move|p1a: Crabominable|Drain Punch|p2a: Slowking
|-resisted|p2a: Slowking
|-damage|p2a: Slowking|90/100
|
|upkeep
|turn|2
|j| OP Earthquakes
|
|t:|1760391655
|move|p1a: Crabominable|Knock Off|p2a: Slowking
|-supereffective|p2a: Slowking
|-damage|p2a: Slowking|37/100
|-enditem|p2a: Slowking|Shuca Berry|[from] move: Knock Off|[of] p1a: Crabominable
|move|p2a: Slowking|Future Sight|p1a: Crabominable
|-start|p2a: Slowking|move: Future Sight
|
|upkeep
|turn|3
|
|t:|1760391661
|switch|p2a: Alomomola|Alomomola, M|100/100
|-singleturn|p1a: Crabominable|move: Focus Punch
|move|p1a: Crabominable|Focus Punch|p2a: Alomomola
|-damage|p2a: Alomomola|5/100
|
|upkeep
|turn|4
|
|t:|1760391676
|switch|p1a: Kingambit|Kingambit, M|100/100
|-item|p1a: Kingambit|Air Balloon
|move|p2a: Alomomola|Flip Turn|p1a: Kingambit
|-damage|p1a: Kingambit|89/100
|-enditem|p1a: Kingambit|Air Balloon
|
|t:|1760391722
|switch|p2a: Cinderace|Cinderace, M|100/100|[from] Flip Turn
|
|-end|p1a: Kingambit|move: Future Sight
|-immune|p1a: Kingambit
|upkeep
|turn|5
|
|t:|1760391727
|switch|p1a: Pecharunt|Pecharunt|100/100
|move|p2a: Cinderace|U-turn|p1a: Pecharunt
|-resisted|p1a: Pecharunt
|-damage|p1a: Pecharunt|98/100
|
|t:|1760391738
|switch|p2a: Weavile|Weavile, F|100/100|[from] U-turn
|-ability|p2a: Weavile|Pressure
|
|upkeep
|turn|6
|
|t:|1760391741
|move|p2a: Weavile|Knock Off|p1a: Pecharunt
|-supereffective|p1a: Pecharunt
|-damage|p1a: Pecharunt|37/100
|-enditem|p1a: Pecharunt|Heavy-Duty Boots|[from] move: Knock Off|[of] p2a: Weavile
|move|p1a: Pecharunt|Toxic|p2a: Weavile
|-status|p2a: Weavile|tox
|-start|p2a: Weavile|confusion|[from] ability: Poison Puppeteer|[of] p1a: Pecharunt
|
|-damage|p2a: Weavile|94/100 tox|[from] psn
|upkeep
|turn|7
|
|t:|1760391749
|switch|p1a: Regigigas|Regigigas, shiny|100/100
|-start|p1a: Regigigas|ability: Slow Start
|-activate|p2a: Weavile|confusion
|move|p2a: Weavile|Knock Off|p1a: Regigigas
|-damage|p1a: Regigigas|46/100
|-enditem|p1a: Regigigas|Choice Specs|[from] move: Knock Off|[of] p2a: Weavile
|
|-damage|p2a: Weavile|82/100 tox|[from] psn
|upkeep
|turn|8
|c| OP Earthquakes|happy to see ppl still using specs gigas
|
|t:|1760391786
|switch|p2a: Alomomola|Alomomola, M|38/100
|switch|p1a: Crabominable|Crabominable, M|100/100
|
|upkeep
|turn|9
|
|t:|1760391795
|move|p2a: Alomomola|Aqua Jet|p1a: Crabominable
|-damage|p1a: Crabominable|90/100
|move|p1a: Crabominable|Drain Punch|p2a: Alomomola
|-damage|p2a: Alomomola|0 fnt
|-heal|p1a: Crabominable|100/100|[from] drain|[of] p2a: Alomomola
|faint|p2a: Alomomola
|
|upkeep
|c|☆Swagataka|crab is the new wave
|
|t:|1760391815
|switch|p2a: Cinderace|Cinderace, M|100/100
|turn|10
|
|t:|1760391822
|switch|p1a: Regigigas|Regigigas, shiny|46/100
|-start|p1a: Regigigas|ability: Slow Start
|move|p2a: Cinderace|Pyro Ball|p1a: Regigigas
|-damage|p1a: Regigigas|2/100
|
|upkeep
|turn|11
|j| swagboss123456789
|
|t:|1760391828
|move|p2a: Cinderace|Pyro Ball|p1a: Regigigas
|-damage|p1a: Regigigas|0 fnt
|faint|p1a: Regigigas
|
|upkeep
|
|t:|1760391830
|switch|p1a: Pecharunt|Pecharunt|37/100
|turn|12
|
|t:|1760391834
|-terastallize|p2a: Cinderace|Grass
|move|p2a: Cinderace|Pyro Ball|p1a: Pecharunt
|-damage|p1a: Pecharunt|11/100
|move|p1a: Pecharunt|Recover|p1a: Pecharunt
|-heal|p1a: Pecharunt|61/100
|
|upkeep
|turn|13
|
|t:|1760391839
|move|p2a: Cinderace|U-turn|p1a: Pecharunt
|-resisted|p1a: Pecharunt
|-damage|p1a: Pecharunt|59/100
|
|t:|1760391844
|switch|p2a: Slowking|Slowking-Galar, F|70/100|[from] U-turn
|move|p1a: Pecharunt|Recover|p1a: Pecharunt
|-heal|p1a: Pecharunt|100/100
|
|upkeep
|turn|14
|
|t:|1760391850
|move|p1a: Pecharunt|Parting Shot|p2a: Slowking
|-unboost|p2a: Slowking|atk|1
|-unboost|p2a: Slowking|spa|1
|
|t:|1760391851
|switch|p1a: Crabominable|Crabominable, M|100/100|[from] Parting Shot
|-prepare|p2a: Slowking|Chilly Reception|[premajor]
|move|p2a: Slowking|Chilly Reception|p2a: Slowking
|-weather|Snowscape
|
|t:|1760391854
|switch|p2a: Enamorus|Enamorus, F|100/100|[from] Chilly Reception
|
|-weather|Snowscape|[upkeep]
|upkeep
|turn|15
|
|t:|1760391861
|switch|p1a: Pecharunt|Pecharunt|100/100
|move|p2a: Enamorus|Earth Power|p1a: Pecharunt
|-supereffective|p1a: Pecharunt
|-damage|p1a: Pecharunt|28/100
|
|-weather|Snowscape|[upkeep]
|upkeep
|turn|16
|
|t:|1760391864
|switch|p1a: Crabominable|Crabominable, M|100/100
|-item|p1a: Crabominable|Air Balloon
|move|p2a: Enamorus|Earth Power|p1a: Crabominable
|-immune|p1a: Crabominable
|
|-weather|Snowscape|[upkeep]
|upkeep
|turn|17
|
|t:|1760391875
|switch|p2a: Lokix|Lokix, M|100/100
|move|p1a: Crabominable|Shadow Ball|p2a: Lokix
|-resisted|p2a: Lokix
|-damage|p2a: Lokix|58/100
|
|-weather|Snowscape|[upkeep]
|upkeep
|turn|18
|
|t:|1760391890
|switch|p1a: Crabominable|Crabominable, M|100/100
|move|p2a: Lokix|Sucker Punch||[still]
|-fail|p2a: Lokix
|
|-weather|none
|upkeep
|turn|19
|
|t:|1760391894
|move|p2a: Lokix|U-turn|p1a: Crabominable
|-resisted|p1a: Crabominable
|-damage|p1a: Crabominable|54/100
|
|t:|1760391905
|switch|p2a: Slowking|Slowking-Galar, F|100/100|[from] U-turn
|move|p1a: Crabominable|Ice Hammer|p2a: Slowking
|-damage|p2a: Slowking|43/100
|-unboost|p1a: Crabominable|spe|1
|
|upkeep
|turn|20
|
|t:|1760391912
|move|p1a: Crabominable|Ice Hammer|p2a: Slowking
|-damage|p2a: Slowking|0 fnt
|-unboost|p1a: Crabominable|spe|1
|faint|p2a: Slowking
|
|upkeep
|
|t:|1760391924
|switch|p2a: Enamorus|Enamorus, F|100/100
|turn|21
|
|t:|1760391927
|move|p2a: Enamorus|Moonblast|p1a: Crabominable
|-supereffective|p1a: Crabominable
|-crit|p1a: Crabominable
|-damage|p1a: Crabominable|0 fnt
|faint|p1a: Crabominable
|
|upkeep
|
|t:|1760391931
|switch|p1a: Kingambit|Kingambit, M|89/100
|turn|22
|
|t:|1760391954
|move|p2a: Enamorus|Moonblast|p1a: Kingambit
|-damage|p1a: Kingambit|30/100
|move|p1a: Kingambit|Iron Head|p2a: Enamorus
|-supereffective|p2a: Enamorus
|-damage|p2a: Enamorus|0 fnt
|faint|p2a: Enamorus
|
|upkeep
|
|t:|1760391958
|switch|p2a: Lokix|Lokix, M|58/100
|turn|23
|
|t:|1760391970
|switch|p1a: Kingambit|Kingambit, M|100/100
|-item|p1a: Kingambit|Air Balloon
|move|p2a: Lokix|U-turn|p1a: Kingambit
|-resisted|p1a: Kingambit
|-damage|p1a: Kingambit|10/100
|replace|p1a: Linkin Zark|Zoroark-Hisui, M, shiny
|-end|p1a: Linkin Zark|Illusion
|-enditem|p1a: Linkin Zark|Air Balloon
|j| Edsled
|
|t:|1760391977
|switch|p2a: Cinderace|Cinderace, M, tera:Grass|100/100|[from] U-turn
|
|upkeep
|turn|24
|
|t:|1760391992
|move|p2a: Cinderace|U-turn|p1a: Linkin Zark
|-resisted|p1a: Linkin Zark
|-damage|p1a: Linkin Zark|0 fnt
|faint|p1a: Linkin Zark
|
|t:|1760392000
|switch|p2a: Weavile|Weavile, F|82/100 tox|[from] U-turn
|-ability|p2a: Weavile|Pressure
|
|-damage|p2a: Weavile|76/100 tox|[from] psn
|upkeep
|
|t:|1760392006
|switch|p1a: Great Tusk|Great Tusk|100/100
|turn|25
|
|t:|1760392008
|-terastallize|p1a: Great Tusk|Ice
|move|p2a: Weavile|Triple Axel|p1a: Great Tusk|[miss]
|-miss|p2a: Weavile|p1a: Great Tusk
|move|p1a: Great Tusk|Rapid Spin|p2a: Weavile
|-damage|p2a: Weavile|46/100 tox
|-boost|p1a: Great Tusk|spe|1
|
|-damage|p2a: Weavile|34/100 tox|[from] psn
|upkeep
|turn|26
|
|t:|1760392014
|move|p1a: Great Tusk|Headlong Rush|p2a: Weavile
|-damage|p2a: Weavile|0 fnt
|-unboost|p1a: Great Tusk|def|1
|-unboost|p1a: Great Tusk|spd|1
|faint|p2a: Weavile
|
|upkeep
|
|t:|1760392016
|switch|p2a: Cinderace|Cinderace, M, tera:Grass|100/100
|turn|27
|
|t:|1760392019
|move|p1a: Great Tusk|Ice Spinner|p2a: Cinderace
|-supereffective|p2a: Cinderace
|-crit|p2a: Cinderace
|-damage|p2a: Cinderace|0 fnt
|faint|p2a: Cinderace
|
|upkeep
|
|t:|1760392022
|switch|p2a: Lokix|Lokix, M|58/100
|turn|28
|
|t:|1760392024
|move|p2a: Lokix|First Impression|p1a: Great Tusk
|-damage|p1a: Great Tusk|45/100
|move|p1a: Great Tusk|Ice Spinner|p2a: Lokix
|-damage|p2a: Lokix|0 fnt
|faint|p2a: Lokix
|
|win|Swagataka
|raw|Swagataka's rating: 1707 &rarr; <strong>1729</strong><br />(+22 for winning)
|raw|teamskullenoxa's rating: 1744 &rarr; <strong>1722</strong><br />(-22 for losing)
|l|☆teamskullenoxa
|player|p2|
|c|☆Swagataka|#crabbed
|l|☆Swagataka
|player|p1|
|l| OP Earthquakes
|l| swagboss123456789
