|j|☆icebeamprodigy
|j|☆dia90
|t:|1760324545
|gametype|singles
|player|p1|icebeamprodigy|170|1843
|player|p2|dia90|101|1777
|gen|9
|tier|[Gen 9] OU
|rated|
|rule|HP Percentage Mod: HP is shown in percentages
|rule|Endless Battle Clause: Forcing endless battles is banned
|rule|Species Clause: Limit one of each Pokémon
|rule|OHKO Clause: OHKO moves are banned
|rule|Evasion Items Clause: Evasion items are banned
|rule|Evasion Moves Clause: Evasion moves are banned
|rule|Evasion Abilities Clause: Evasion abilities are banned
|rule|Sleep Moves Clause: Sleep-inducing moves are banned
|clearpoke
|poke|p1|Pelipper, F|
|poke|p1|Barraskewda, F|
|poke|p1|Zapdos|
|poke|p1|Iron Treads|
|poke|p1|Ogerpon-Wellspring, F|
|poke|p1|Keldeo|
|poke|p2|Ursaluna, F|
|poke|p2|Raging Bolt|
|poke|p2|Cinderace, F|
|poke|p2|Pecharunt|
|poke|p2|Ogerpon, F|
|poke|p2|Scizor, F|
|teampreview
|inactive|Battle timer is ON: inactive players will automatically lose when time's up. (requested by dia90)
|
|t:|1760324566
|teamsize|p1|6
|teamsize|p2|6
|start
|switch|p1a: Pelipper|Pelipper, F|100/100
|switch|p2a: Cinderace|Cinderace, F|100/100
|-weather|RainDance|[from] ability: Drizzle|[of] p1a: Pelipper
|turn|1
|
|t:|1760324572
|move|p2a: Cinderace|U-turn|p1a: Pelipper
|-start|p2a: Cinderace|typechange|Bug|[from] ability: Libero
|-resisted|p1a: Pelipper
|-damage|p1a: Pelipper|87/100
|
|t:|1760324579
|switch|p2a: Raging Bolt|Raging Bolt|100/100|[from] U-turn
|move|p1a: Pelipper|U-turn|p2a: Raging Bolt
|-damage|p2a: Raging Bolt|92/100
|
|t:|1760324581
|switch|p1a: Iron Treads|Iron Treads|100/100|[from] U-turn
|
|-weather|RainDance|[upkeep]
|upkeep
|turn|2
|
|t:|1760324590
|-end|p2a: Raging Bolt|Protosynthesis|[silent]
|switch|p2a: Ogerpon|Ogerpon, F|100/100
|move|p1a: Iron Treads|Knock Off|p2a: Ogerpon
|-damage|p2a: Ogerpon|70/100
|-enditem|p2a: Ogerpon|Choice Band|[from] move: Knock Off|[of] p1a: Iron Treads
|
|-weather|RainDance|[upkeep]
|upkeep
|turn|3
|
|t:|1760324597
|move|p2a: Ogerpon|Knock Off|p1a: Iron Treads
|-damage|p1a: Iron Treads|73/100
|-enditem|p1a: Iron Treads|Eject Button|[from] move: Knock Off|[of] p2a: Ogerpon
|move|p1a: Iron Treads|Stealth Rock|p2a: Ogerpon
|-sidestart|p2: dia90|move: Stealth Rock
|
|-weather|RainDance|[upkeep]
|upkeep
|turn|4
|
|t:|1760324605
|-end|p1a: Iron Treads|Quark Drive|[silent]
|switch|p1a: Pelipper|Pelipper, F|87/100
|move|p2a: Ogerpon|Power Whip|p1a: Pelipper
|-damage|p1a: Pelipper|34/100
|
|-weather|RainDance|[upkeep]
|upkeep
|turn|5
|
|t:|1760324616
|-terastallize|p1a: Pelipper|Grass
|move|p2a: Ogerpon|Knock Off|p1a: Pelipper
|-damage|p1a: Pelipper|5/100
|-enditem|p1a: Pelipper|Damp Rock|[from] move: Knock Off|[of] p2a: Ogerpon
|move|p1a: Pelipper|Hurricane|p2a: Ogerpon
|-supereffective|p2a: Ogerpon
|-damage|p2a: Ogerpon|0 fnt
|faint|p2a: Ogerpon
|
|-weather|RainDance|[upkeep]
|upkeep
|
|t:|1760324625
|switch|p2a: Cinderace|Cinderace, F|100/100
|turn|6
|
|t:|1760324639
|switch|p1a: Keldeo|Keldeo|100/100
|move|p2a: Cinderace|Court Change|p2a: Cinderace
|-start|p2a: Cinderace|typechange|Normal|[from] ability: Libero
|-swapsideconditions
|-activate|p2a: Cinderace|move: Court Change
|
|-weather|RainDance|[upkeep]
|upkeep
|turn|7
|
|t:|1760324647
|move|p2a: Cinderace|U-turn|p1a: Keldeo
|-resisted|p1a: Keldeo
|-damage|p1a: Keldeo|88/100
|
|t:|1760324651
|switch|p2a: Raging Bolt|Raging Bolt|92/100|[from] U-turn
|move|p1a: Keldeo|Surf|p2a: Raging Bolt
|-resisted|p2a: Raging Bolt
|-damage|p2a: Raging Bolt|50/100
|
|-weather|RainDance|[upkeep]
|upkeep
|turn|8
|
|t:|1760324658
|move|p1a: Keldeo|Surf|p2a: Raging Bolt
|-resisted|p2a: Raging Bolt
|-damage|p2a: Raging Bolt|7/100
|move|p2a: Raging Bolt|Draco Meteor|p1a: Keldeo|[miss]
|-miss|p2a: Raging Bolt|p1a: Keldeo
|
|-weather|none
|upkeep
|turn|9
|
|t:|1760324664
|move|p1a: Keldeo|Surf|p2a: Raging Bolt
|-resisted|p2a: Raging Bolt
|-damage|p2a: Raging Bolt|0 fnt
|faint|p2a: Raging Bolt
|-end|p2a: Raging Bolt|Protosynthesis|[silent]
|
|upkeep
|j| kyrie sauce
|
|t:|1760324673
|switch|p2a: Pecharunt|Pecharunt|100/100
|turn|10
|
|t:|1760324692
|move|p1a: Keldeo|Surf|p2a: Pecharunt
|-damage|p2a: Pecharunt|27/100
|move|p2a: Pecharunt|Malignant Chain|p1a: Keldeo
|-crit|p1a: Keldeo
|-damage|p1a: Keldeo|38/100
|-status|p1a: Keldeo|tox
|-start|p1a: Keldeo|confusion|[from] ability: Poison Puppeteer|[of] p2a: Pecharunt
|
|-heal|p2a: Pecharunt|33/100|[from] item: Leftovers
|-damage|p1a: Keldeo|32/100 tox|[from] psn
|upkeep
|turn|11
|
|t:|1760324708
|-activate|p1a: Keldeo|confusion
|-damage|p1a: Keldeo|25/100 tox|[from] confusion
|move|p2a: Pecharunt|Hex|p1a: Keldeo
|-crit|p1a: Keldeo
|-damage|p1a: Keldeo|0 fnt
|faint|p1a: Keldeo
|
|-heal|p2a: Pecharunt|39/100|[from] item: Leftovers
|upkeep
|
|t:|1760324717
|switch|p1a: Iron Treads|Iron Treads|73/100
|-damage|p1a: Iron Treads|70/100|[from] Stealth Rock
|turn|12
|
|t:|1760324727
|move|p1a: Iron Treads|Earthquake|p2a: Pecharunt
|-supereffective|p2a: Pecharunt
|-damage|p2a: Pecharunt|5/100
|move|p2a: Pecharunt|Recover|p2a: Pecharunt
|-heal|p2a: Pecharunt|55/100
|
|-heal|p2a: Pecharunt|62/100|[from] item: Leftovers
|upkeep
|turn|13
|
|t:|1760324735
|move|p1a: Iron Treads|Stealth Rock|p2a: Pecharunt
|-sidestart|p2: dia90|move: Stealth Rock
|move|p2a: Pecharunt|Recover|p2a: Pecharunt
|-heal|p2a: Pecharunt|100/100
|
|upkeep
|turn|14
|
|t:|1760324741
|move|p1a: Iron Treads|Knock Off|p2a: Pecharunt
|-supereffective|p2a: Pecharunt
|-damage|p2a: Pecharunt|78/100
|-enditem|p2a: Pecharunt|Leftovers|[from] move: Knock Off|[of] p1a: Iron Treads
|move|p2a: Pecharunt|Hex|p1a: Iron Treads
|-damage|p1a: Iron Treads|52/100
|
|upkeep
|turn|15
|
|t:|1760324747
|-end|p1a: Iron Treads|Quark Drive|[silent]
|switch|p1a: Pelipper|Pelipper, F, tera:Grass|5/100
|-damage|p1a: Pelipper|0 fnt|[from] Stealth Rock
|faint|p1a: Pelipper
|move|p2a: Pecharunt|Parting Shot|p1: Pelipper|[notarget]
|-fail|p2a: Pecharunt
|
|upkeep
|
|t:|1760324749
|switch|p1a: Zapdos|Zapdos|100/100
|-damage|p1a: Zapdos|76/100|[from] Stealth Rock
|turn|16
|
|t:|1760324758
|move|p1a: Zapdos|Hurricane|p2a: Pecharunt|[miss]
|-miss|p1a: Zapdos|p2a: Pecharunt
|move|p2a: Pecharunt|Malignant Chain|p1a: Zapdos
|-damage|p1a: Zapdos|40/100
|-status|p1a: Zapdos|tox
|-start|p1a: Zapdos|confusion|[from] ability: Poison Puppeteer|[of] p2a: Pecharunt
|
|-damage|p1a: Zapdos|34/100 tox|[from] psn
|upkeep
|turn|17
|l| kyrie sauce
|
|t:|1760324768
|-activate|p1a: Zapdos|confusion
|move|p1a: Zapdos|Hurricane|p2a: Pecharunt
|-damage|p2a: Pecharunt|0 fnt
|faint|p2a: Pecharunt
|
|-damage|p1a: Zapdos|21/100 tox|[from] psn
|upkeep
|
|t:|1760324774
|switch|p2a: Scizor|Scizor, F|100/100
|-damage|p2a: Scizor|88/100|[from] Stealth Rock
|turn|18
|
|t:|1760324780
|switch|p1a: Iron Treads|Iron Treads|52/100
|-damage|p1a: Iron Treads|49/100|[from] Stealth Rock
|move|p2a: Scizor|Bullet Punch|p1a: Iron Treads
|-resisted|p1a: Iron Treads
|-damage|p1a: Iron Treads|37/100
|
|upkeep
|turn|19
|
|t:|1760324793
|switch|p2a: Ursaluna|Ursaluna, F|100/100
|-damage|p2a: Ursaluna|94/100|[from] Stealth Rock
|move|p1a: Iron Treads|Knock Off|p2a: Ursaluna
|-damage|p2a: Ursaluna|78/100
|-enditem|p2a: Ursaluna|Choice Band|[from] move: Knock Off|[of] p1a: Iron Treads
|
|upkeep
|turn|20
|
|t:|1760324813
|move|p1a: Iron Treads|Rapid Spin|p2a: Ursaluna
|-damage|p2a: Ursaluna|69/100
|-boost|p1a: Iron Treads|spe|1
|-sideend|p1: icebeamprodigy|Stealth Rock|[from] move: Rapid Spin|[of] p1a: Iron Treads
|move|p2a: Ursaluna|Headlong Rush|p1a: Iron Treads
|-supereffective|p1a: Iron Treads
|-damage|p1a: Iron Treads|0 fnt
|-unboost|p2a: Ursaluna|def|1
|-unboost|p2a: Ursaluna|spd|1
|faint|p1a: Iron Treads
|-end|p1a: Iron Treads|Quark Drive|[silent]
|
|upkeep
|
|t:|1760324823
|switch|p1a: Barraskewda|Barraskewda, F|100/100
|turn|21
|
|t:|1760324830
|move|p1a: Barraskewda|Flip Turn|p2a: Ursaluna
|-supereffective|p2a: Ursaluna
|-damage|p2a: Ursaluna|0 fnt
|faint|p2a: Ursaluna
|
|t:|1760324836
|switch|p1a: Ogerpon|Ogerpon-Wellspring, F|100/100|[from] Flip Turn
|
|upkeep
|
|t:|1760324840
|switch|p2a: Cinderace|Cinderace, F|100/100
|turn|22
|
|t:|1760324848
|switch|p1a: Zapdos|Zapdos|21/100 tox
|move|p2a: Cinderace|Court Change|p2a: Cinderace
|-start|p2a: Cinderace|typechange|Normal|[from] ability: Libero
|-swapsideconditions
|-activate|p2a: Cinderace|move: Court Change
|
|-damage|p1a: Zapdos|15/100 tox|[from] psn
|upkeep
|turn|23
|
|t:|1760324856
|move|p2a: Cinderace|Pyro Ball|p1a: Zapdos
|-damage|p1a: Zapdos|0 fnt
|faint|p1a: Zapdos
|
|upkeep
|
|t:|1760324859
|switch|p1a: Barraskewda|Barraskewda, F|100/100
|-damage|p1a: Barraskewda|88/100|[from] Stealth Rock
|turn|24
|
|t:|1760324863
|move|p1a: Barraskewda|Close Combat|p2a: Cinderace
|-supereffective|p2a: Cinderace
|-damage|p2a: Cinderace|0 fnt
|-unboost|p1a: Barraskewda|def|1
|-unboost|p1a: Barraskewda|spd|1
|faint|p2a: Cinderace
|
|upkeep
|
|t:|1760324869
|switch|p2a: Scizor|Scizor, F|88/100
|turn|25
|
|t:|1760324874
|move|p1a: Barraskewda|Liquidation|p2a: Scizor
|-damage|p2a: Scizor|45/100
|-unboost|p2a: Scizor|def|1
|move|p2a: Scizor|U-turn|p1a: Barraskewda
|-damage|p1a: Barraskewda|0 fnt
|faint|p1a: Barraskewda
|
|upkeep
|
|t:|1760324877
|switch|p1a: Ogerpon|Ogerpon-Wellspring, F|100/100
|-damage|p1a: Ogerpon|88/100|[from] Stealth Rock
|turn|26
|
|t:|1760324883
|move|p1a: Ogerpon|Ivy Cudgel|p2a: Scizor|[anim] Ivy Cudgel Water
|-damage|p2a: Scizor|0 fnt
|faint|p2a: Scizor
|
|win|icebeamprodigy
|raw|icebeamprodigy's rating: 1843 &rarr; <strong>1859</strong><br />(+16 for winning)
|raw|dia90's rating: 1777 &rarr; <strong>1761</strong><br />(-16 for losing)
|l|☆dia90
|player|p2|
|l|☆icebeamprodigy
|player|p1|
