|j|☆UserJexx
|j|☆bobbydeoliscool
|t:|1760457760
|gametype|singles
|player|p1|UserJexx|lusamine-nihilego|1598
|player|p2|bobbydeoliscool|102|1586
|gen|9
|tier|[Gen 9] OU
|rated|
|rule|HP Percentage Mod: HP is shown in percentages
|rule|Endless Battle Clause: Forcing endless battles is banned
|rule|Species Clause: Limit one of each Pokémon
|rule|OHKO Clause: OHKO moves are banned
|rule|Evasion Items Clause: Evasion items are banned
|rule|Evasion Moves Clause: Evasion moves are banned
|rule|Evasion Abilities Clause: Evasion abilities are banned
|rule|Sleep Moves Clause: Sleep-inducing moves are banned
|clearpoke
|poke|p1|Goodra-Hisui, F|
|poke|p1|Corviknight, M|
|poke|p1|Garchomp, F|
|poke|p1|Hatterene, F|
|poke|p1|Ditto|
|poke|p1|Ceruledge, F|
|poke|p2|Moltres|
|poke|p2|Zamazenta-*|
|poke|p2|Darkrai|
|poke|p2|Hydrapple, M|
|poke|p2|Ting-Lu|
|poke|p2|Tinkaton, F|
|teampreview
|inactive|Battle timer is ON: inactive players will automatically lose when time's up. (requested by UserJexx)
|
|t:|1760457774
|teamsize|p1|6
|teamsize|p2|6
|start
|switch|p1a: Baldur Shell|Goodra-Hisui, F|100/100
|switch|p2a: Tinkaton|Tinkaton, F|100/100
|-ability|p2a: Tinkaton|Mold Breaker
|turn|1
|j| sunkyunko
|
|t:|1760457780
|move|p2a: Tinkaton|Thunder Wave|p1a: Baldur Shell
|-status|p1a: Baldur Shell|par
|move|p1a: Baldur Shell|Earthquake|p2a: Tinkaton
|-supereffective|p2a: Tinkaton
|-damage|p2a: Tinkaton|28/100
|
|upkeep
|turn|2
|
|t:|1760457787
|move|p2a: Tinkaton|Stealth Rock|p1a: Baldur Shell
|-sidestart|p1: UserJexx|move: Stealth Rock
|move|p1a: Baldur Shell|Earthquake|p2a: Tinkaton
|-supereffective|p2a: Tinkaton
|-damage|p2a: Tinkaton|0 fnt
|faint|p2a: Tinkaton
|
|upkeep
|
|t:|1760457795
|switch|p2a: Hydrapple|Hydrapple, M|100/100
|turn|3
|
|t:|1760457798
|move|p2a: Hydrapple|Nasty Plot|p2a: Hydrapple
|-boost|p2a: Hydrapple|spa|2
|move|p1a: Baldur Shell|Ice Spinner|p2a: Hydrapple
|-supereffective|p2a: Hydrapple
|-damage|p2a: Hydrapple|44/100
|
|upkeep
|turn|4
|
|t:|1760457804
|move|p2a: Hydrapple|Earth Power|p1a: Baldur Shell
|-supereffective|p1a: Baldur Shell
|-damage|p1a: Baldur Shell|58/100 par
|move|p1a: Baldur Shell|Ice Spinner|p2a: Hydrapple
|-supereffective|p2a: Hydrapple
|-damage|p2a: Hydrapple|0 fnt
|faint|p2a: Hydrapple
|
|upkeep
|
|t:|1760457807
|switch|p2a: Ting-Lu|Ting-Lu|100/100
|-ability|p2a: Ting-Lu|Vessel of Ruin
|turn|5
|
|t:|1760457810
|switch|p1a: Defender’s Crest|Corviknight, M, shiny|100/100
|-damage|p1a: Defender’s Crest|88/100|[from] Stealth Rock
|-ability|p1a: Defender’s Crest|Pressure
|move|p2a: Ting-Lu|Earthquake|p1a: Defender’s Crest
|-immune|p1a: Defender’s Crest
|
|upkeep
|turn|6
|
|t:|1760457836
|move|p1a: Defender’s Crest|Defog|p2a: Ting-Lu
|-unboost|p2a: Ting-Lu|evasion|1
|-sideend|p1: UserJexx|Stealth Rock|[from] move: Defog|[of] p1a: Defender’s Crest
|move|p2a: Ting-Lu|Ruination|p1a: Defender’s Crest
|-damage|p1a: Defender’s Crest|44/100
|
|upkeep
|turn|7
|
|t:|1760457839
|switch|p1a: Hiveblood|Hatterene, F, shiny|100/100
|move|p2a: Ting-Lu|Whirlwind|p1a: Hiveblood
|move|p1a: Hiveblood|Whirlwind|p2a: Ting-Lu|[from] ability: Magic Bounce
|drag|p2a: Moltres|Moltres|100/100
|
|upkeep
|turn|8
|inactive|bobbydeoliscool has 120 seconds left.
|
|t:|1760457875
|switch|p1a: Sharp Shadow|Ceruledge, F|100/100
|move|p2a: Moltres|U-turn|p1a: Sharp Shadow
|-resisted|p1a: Sharp Shadow
|-damage|p1a: Sharp Shadow|95/100
|
|t:|1760457878
|switch|p2a: Darkrai|Darkrai, shiny|100/100|[from] U-turn
|
|upkeep
|turn|9
|
|t:|1760457884
|move|p1a: Sharp Shadow|Close Combat|p2a: Darkrai
|-supereffective|p2a: Darkrai
|-damage|p2a: Darkrai|0 fnt
|-unboost|p1a: Sharp Shadow|def|1
|-unboost|p1a: Sharp Shadow|spd|1
|faint|p2a: Darkrai
|
|upkeep
|-message|bobbydeoliscool forfeited.
|
|win|UserJexx
|raw|UserJexx's rating: 1598 &rarr; <strong>1617</strong><br />(+19 for winning)
|raw|bobbydeoliscool's rating: 1586 &rarr; <strong>1567</strong><br />(-19 for losing)
|l|☆bobbydeoliscool
|player|p2|
|l|☆UserJexx
|player|p1|
