|j|☆thebestbender
|j|☆ZATUGRO
|t:|1760400741
|gametype|singles
|player|p1|thebestbender|n|1280
|player|p2|ZATUGRO|alder|1333
|gen|9
|tier|[Gen 9] OU
|rated|
|rule|HP Percentage Mod: HP is shown in percentages
|rule|Endless Battle Clause: Forcing endless battles is banned
|rule|Species Clause: Limit one of each Pokémon
|rule|OHKO Clause: OHKO moves are banned
|rule|Evasion Items Clause: Evasion items are banned
|rule|Evasion Moves Clause: Evasion moves are banned
|rule|Evasion Abilities Clause: Evasion abilities are banned
|rule|Sleep Moves Clause: Sleep-inducing moves are banned
|clearpoke
|poke|p1|Slowking-Galar, F|
|poke|p1|Cinderace, M|
|poke|p1|Enamorus, F|
|poke|p1|Darkrai|
|poke|p1|Gliscor, F|
|poke|p1|Great Tusk|
|poke|p2|Tyranitar, F|
|poke|p2|Rillaboom, F|
|poke|p2|Sceptile, M|
|poke|p2|Zapdos|
|poke|p2|Gholdengo|
|poke|p2|Garchomp, M|
|teampreview
|inactive|Battle timer is ON: inactive players will automatically lose when time's up. (requested by ZATUGRO)
|inactive|thebestbender also wants the timer to be on.
|
|t:|1760400759
|teamsize|p1|6
|teamsize|p2|6
|start
|switch|p1a: Gliscor|Gliscor, F|100/100
|switch|p2a: Rillaboom|Rillaboom, F, shiny|100/100
|-fieldstart|move: Grassy Terrain|[from] ability: Grassy Surge|[of] p2a: Rillaboom
|turn|1
|
|t:|1760400775
|move|p1a: Gliscor|Protect|p1a: Gliscor
|-singleturn|p1a: Gliscor|Protect
|move|p2a: Rillaboom|Wood Hammer|p1a: Gliscor
|-activate|p1a: Gliscor|move: Protect
|
|-status|p1a: Gliscor|tox|[from] item: Toxic Orb
|upkeep
|turn|2
|
|t:|1760400783
|switch|p2a: Gholdengo|Gholdengo, shiny|100/100
|-item|p2a: Gholdengo|Air Balloon
|move|p1a: Gliscor|Toxic|p2a: Gholdengo
|-immune|p2a: Gholdengo|[from] ability: Good as Gold
|
|upkeep
|turn|3
|
|t:|1760400793
|move|p1a: Gliscor|Stealth Rock|p2a: Gholdengo
|-sidestart|p2: ZATUGRO|move: Stealth Rock
|move|p2a: Gholdengo|Hex|p1a: Gliscor
|-damage|p1a: Gliscor|12/100 tox
|
|-heal|p1a: Gliscor|24/100 tox|[from] ability: Poison Heal
|upkeep
|turn|4
|
|t:|1760400803
|move|p1a: Gliscor|Protect|p1a: Gliscor
|-singleturn|p1a: Gliscor|Protect
|move|p2a: Gholdengo|Hex|p1a: Gliscor
|-activate|p1a: Gliscor|move: Protect
|
|-heal|p1a: Gliscor|36/100 tox|[from] ability: Poison Heal
|upkeep
|turn|5
|
|t:|1760400815
|switch|p1a: Darkrai|Darkrai|100/100
|move|p2a: Gholdengo|Hex|p1a: Darkrai
|-resisted|p1a: Darkrai
|-damage|p1a: Darkrai|76/100
|
|-heal|p1a: Darkrai|82/100|[from] Grassy Terrain
|-fieldend|move: Grassy Terrain
|upkeep
|turn|6
|
|t:|1760400835
|switch|p2a: Tyranitar|Tyranitar, F, shiny|100/100
|-damage|p2a: Tyranitar|88/100|[from] Stealth Rock
|-weather|Sandstorm|[from] ability: Sand Stream|[of] p2a: Tyranitar
|move|p1a: Darkrai|Dark Pulse|p2a: Tyranitar
|-resisted|p2a: Tyranitar
|-damage|p2a: Tyranitar|75/100
|-damage|p1a: Darkrai|72/100|[from] item: Life Orb
|
|-weather|Sandstorm|[upkeep]
|-damage|p1a: Darkrai|66/100|[from] Sandstorm
|-heal|p2a: Tyranitar|82/100|[from] item: Leftovers
|upkeep
|turn|7
|
|t:|1760400851
|switch|p1a: Great Tusk|Great Tusk|100/100
|move|p2a: Tyranitar|Stealth Rock|p1a: Great Tusk
|-sidestart|p1: thebestbender|move: Stealth Rock
|
|-weather|Sandstorm|[upkeep]
|-heal|p2a: Tyranitar|88/100|[from] item: Leftovers
|upkeep
|turn|8
|
|t:|1760400861
|switch|p2a: Gholdengo|Gholdengo, shiny|100/100
|-damage|p2a: Gholdengo|94/100|[from] Stealth Rock
|-item|p2a: Gholdengo|Air Balloon
|move|p1a: Great Tusk|Knock Off|p2a: Gholdengo
|-supereffective|p2a: Gholdengo
|-damage|p2a: Gholdengo|29/100
|-enditem|p2a: Gholdengo|Air Balloon
|
|-weather|Sandstorm|[upkeep]
|upkeep
|turn|9
|
|t:|1760400877
|switch|p2a: Zapdos|Zapdos, shiny|100/100
|move|p1a: Great Tusk|Knock Off|p2a: Zapdos
|-damage|p2a: Zapdos|74/100
|-status|p1a: Great Tusk|par|[from] ability: Static|[of] p2a: Zapdos
|-enditem|p2a: Zapdos|Heavy-Duty Boots|[from] move: Knock Off|[of] p1a: Great Tusk
|
|-weather|Sandstorm|[upkeep]
|-damage|p2a: Zapdos|68/100|[from] Sandstorm
|upkeep
|turn|10
|
|t:|1760400893
|-end|p1a: Great Tusk|Protosynthesis|[silent]
|switch|p1a: Slowking|Slowking-Galar, F|100/100
|-damage|p1a: Slowking|88/100|[from] Stealth Rock
|move|p2a: Zapdos|Heat Wave|p1a: Slowking
|-damage|p1a: Slowking|73/100
|
|-weather|none
|upkeep
|turn|11
|
|t:|1760400915
|move|p2a: Zapdos|Volt Switch|p1a: Slowking
|-crit|p1a: Slowking
|-damage|p1a: Slowking|48/100
|
|t:|1760400920
|switch|p2a: Rillaboom|Rillaboom, F, shiny|100/100|[from] Volt Switch
|-damage|p2a: Rillaboom|88/100|[from] Stealth Rock
|-fieldstart|move: Grassy Terrain|[from] ability: Grassy Surge|[of] p2a: Rillaboom
|move|p1a: Slowking|Fire Blast|p2a: Rillaboom
|-supereffective|p2a: Rillaboom
|-damage|p2a: Rillaboom|0 fnt
|faint|p2a: Rillaboom
|
|-heal|p1a: Slowking|54/100|[from] Grassy Terrain
|upkeep
|
|t:|1760400932
|switch|p2a: Tyranitar|Tyranitar, F, shiny|88/100
|-damage|p2a: Tyranitar|75/100|[from] Stealth Rock
|-weather|Sandstorm|[from] ability: Sand Stream|[of] p2a: Tyranitar
|turn|12
|
|t:|1760400943
|switch|p1a: Gliscor|Gliscor, F|36/100 tox
|-damage|p1a: Gliscor|24/100 tox|[from] Stealth Rock
|move|p2a: Tyranitar|Knock Off|p1a: Gliscor
|-damage|p1a: Gliscor|0 fnt
|-enditem|p1a: Gliscor|Toxic Orb|[from] move: Knock Off|[of] p2a: Tyranitar
|faint|p1a: Gliscor
|
|-weather|Sandstorm|[upkeep]
|-heal|p2a: Tyranitar|82/100|[from] Grassy Terrain
|-heal|p2a: Tyranitar|88/100|[from] item: Leftovers
|upkeep
|
|t:|1760400953
|switch|p1a: Great Tusk|Great Tusk|100/100 par
|turn|13
|
|t:|1760400962
|move|p1a: Great Tusk|Knock Off|p2a: Tyranitar
|-resisted|p2a: Tyranitar
|-damage|p2a: Tyranitar|75/100
|-enditem|p2a: Tyranitar|Leftovers|[from] move: Knock Off|[of] p1a: Great Tusk
|move|p2a: Tyranitar|Dragon Tail|p1a: Great Tusk
|-damage|p1a: Great Tusk|85/100 par
|-end|p1a: Great Tusk|Protosynthesis|[silent]
|drag|p1a: Slowking|Slowking-Galar, F|87/100
|-damage|p1a: Slowking|75/100|[from] Stealth Rock
|
|-weather|Sandstorm|[upkeep]
|-damage|p1a: Slowking|69/100|[from] Sandstorm
|-heal|p2a: Tyranitar|82/100|[from] Grassy Terrain
|-heal|p1a: Slowking|75/100|[from] Grassy Terrain
|upkeep
|turn|14
|inactive|thebestbender has 120 seconds left.
|
|t:|1760401006
|switch|p1a: Enamorus|Enamorus, F|100/100
|-damage|p1a: Enamorus|76/100|[from] Stealth Rock
|move|p2a: Tyranitar|Knock Off|p1a: Enamorus
|-resisted|p1a: Enamorus
|-damage|p1a: Enamorus|37/100
|-enditem|p1a: Enamorus|Choice Scarf|[from] move: Knock Off|[of] p2a: Tyranitar
|
|-weather|Sandstorm|[upkeep]
|-damage|p1a: Enamorus|31/100|[from] Sandstorm
|-heal|p2a: Tyranitar|88/100|[from] Grassy Terrain
|upkeep
|turn|15
|
|t:|1760401021
|switch|p2a: Sceptile|Sceptile, M, shiny|100/100
|-damage|p2a: Sceptile|88/100|[from] Stealth Rock
|-enditem|p2a: Sceptile|Grassy Seed
|-boost|p2a: Sceptile|def|1|[from] item: Grassy Seed
|move|p1a: Enamorus|Moonblast|p2a: Sceptile
|-damage|p2a: Sceptile|21/100
|-unboost|p2a: Sceptile|spa|1
|
|-weather|Sandstorm|[upkeep]
|-damage|p2a: Sceptile|15/100|[from] Sandstorm
|-damage|p1a: Enamorus|25/100|[from] Sandstorm
|-heal|p2a: Sceptile|21/100|[from] Grassy Terrain
|-fieldend|move: Grassy Terrain
|upkeep
|turn|16
|
|t:|1760401038
|move|p2a: Sceptile|Leaf Blade|p1a: Enamorus
|-resisted|p1a: Enamorus
|-damage|p1a: Enamorus|0 fnt
|faint|p1a: Enamorus
|
|-weather|none
|upkeep
|
|t:|1760401052
|switch|p1a: Cinderace|Cinderace, M|100/100
|-damage|p1a: Cinderace|76/100|[from] Stealth Rock
|turn|17
|
|t:|1760401061
|move|p2a: Sceptile|Dragon Claw|p1a: Cinderace
|-crit|p1a: Cinderace
|-damage|p1a: Cinderace|25/100
|move|p1a: Cinderace|U-turn|p2a: Sceptile
|-start|p1a: Cinderace|typechange|Bug|[from] ability: Libero
|-supereffective|p2a: Sceptile
|-damage|p2a: Sceptile|0 fnt
|faint|p2a: Sceptile
|
|t:|1760401074
|switch|p1a: Great Tusk|Great Tusk|85/100 par|[from] U-turn
|
|upkeep
|
|t:|1760401085
|switch|p2a: Gholdengo|Gholdengo, shiny|29/100
|-damage|p2a: Gholdengo|23/100|[from] Stealth Rock
|turn|18
|
|t:|1760401098
|move|p2a: Gholdengo|Hex|p1a: Great Tusk
|-damage|p1a: Great Tusk|0 fnt
|faint|p1a: Great Tusk
|-end|p1a: Great Tusk|Protosynthesis|[silent]
|
|upkeep
|
|t:|1760401107
|switch|p1a: Darkrai|Darkrai|66/100
|-damage|p1a: Darkrai|54/100|[from] Stealth Rock
|turn|19
|
|t:|1760401115
|switch|p2a: Tyranitar|Tyranitar, F, shiny|88/100
|-damage|p2a: Tyranitar|75/100|[from] Stealth Rock
|-weather|Sandstorm|[from] ability: Sand Stream|[of] p2a: Tyranitar
|move|p1a: Darkrai|Nasty Plot|p1a: Darkrai
|-boost|p1a: Darkrai|spa|2
|
|-weather|Sandstorm|[upkeep]
|-damage|p1a: Darkrai|47/100|[from] Sandstorm
|upkeep
|turn|20
|
|t:|1760401131
|move|p1a: Darkrai|Ice Beam|p2a: Tyranitar
|-damage|p2a: Tyranitar|38/100
|-status|p2a: Tyranitar|frz
|-damage|p1a: Darkrai|38/100|[from] item: Life Orb
|cant|p2a: Tyranitar|frz
|
|-weather|Sandstorm|[upkeep]
|-damage|p1a: Darkrai|31/100|[from] Sandstorm
|upkeep
|turn|21
|
|t:|1760401145
|move|p1a: Darkrai|Ice Beam|p2a: Tyranitar
|-damage|p2a: Tyranitar|0 fnt
|faint|p2a: Tyranitar
|-damage|p1a: Darkrai|21/100|[from] item: Life Orb
|
|-weather|Sandstorm|[upkeep]
|-damage|p1a: Darkrai|15/100|[from] Sandstorm
|upkeep
|
|t:|1760401155
|switch|p2a: Garchomp|Garchomp, M, shiny|100/100
|-damage|p2a: Garchomp|94/100|[from] Stealth Rock
|turn|22
|
|t:|1760401162
|-terastallize|p2a: Garchomp|Steel
|move|p1a: Darkrai|Ice Beam|p2a: Garchomp
|-resisted|p2a: Garchomp
|-damage|p2a: Garchomp|45/100
|-damage|p1a: Darkrai|5/100|[from] item: Life Orb
|move|p2a: Garchomp|Scale Shot|p1a: Darkrai
|-damage|p1a: Darkrai|0 fnt
|faint|p1a: Darkrai
|-hitcount|p1: Darkrai|1
|-unboost|p2a: Garchomp|def|1
|-boost|p2a: Garchomp|spe|1
|
|-weather|Sandstorm|[upkeep]
|upkeep
|
|t:|1760401172
|switch|p1a: Slowking|Slowking-Galar, F|100/100
|-damage|p1a: Slowking|88/100|[from] Stealth Rock
|turn|23
|
|t:|1760401185
|move|p2a: Garchomp|Earthquake|p1a: Slowking
|-supereffective|p1a: Slowking
|-damage|p1a: Slowking|0 fnt
|faint|p1a: Slowking
|
|-weather|none
|upkeep
|
|t:|1760401188
|switch|p1a: Cinderace|Cinderace, M|25/100
|-damage|p1a: Cinderace|0 fnt|[from] Stealth Rock
|faint|p1a: Cinderace
|
|win|ZATUGRO
|raw|thebestbender's rating: 1280 &rarr; <strong>1259</strong><br />(-21 for losing)
|raw|ZATUGRO's rating: 1333 &rarr; <strong>1350</strong><br />(+17 for winning)
|l|☆thebestbender
|player|p1|
|l|☆ZATUGRO
|player|p2|
