|j|☆csgoAFK
|j|☆melodramaticbat34
|t:|1760432837
|gametype|singles
|player|p1|csgoAFK|steven|1450
|player|p2|melodramaticbat34|101|1374
|gen|9
|tier|[Gen 9] OU
|rated|
|rule|HP Percentage Mod: HP is shown in percentages
|rule|Endless Battle Clause: Forcing endless battles is banned
|rule|Species Clause: Limit one of each Pokémon
|rule|OHKO Clause: OHKO moves are banned
|rule|Evasion Items Clause: Evasion items are banned
|rule|Evasion Moves Clause: Evasion moves are banned
|rule|Evasion Abilities Clause: Evasion abilities are banned
|rule|Sleep Moves Clause: Sleep-inducing moves are banned
|clearpoke
|poke|p1|Kingambit, F|
|poke|p1|Cinderace, F|
|poke|p1|Landorus-Therian, M|
|poke|p1|Iron Valiant|
|poke|p1|Kyurem|
|poke|p1|Slowking-Galar, M|
|poke|p2|Garganacl, M|
|poke|p2|Hippowdon, M|
|poke|p2|Tornadus-Therian, M|
|poke|p2|Ogerpon-Wellspring, F|
|poke|p2|Glimmora, M|
|poke|p2|Hatterene, F|
|teampreview
|
|t:|1760432846
|teamsize|p1|6
|teamsize|p2|6
|start
|switch|p1a: Landorus|Landorus-Therian, M, shiny|100/100
|switch|p2a: Ogerpon|Ogerpon-Wellspring, F|100/100
|-ability|p1a: Landorus|Intimidate|boost
|-unboost|p2a: Ogerpon|atk|1
|turn|1
|inactive|Battle timer is ON: inactive players will automatically lose when time's up. (requested by csgoAFK)
|
|t:|1760432858
|-terastallize|p2a: Ogerpon|Water
|detailschange|p2a: Ogerpon|Ogerpon-Wellspring-Tera, F, tera:Water
|-ability|p2a: Ogerpon|Embody Aspect (Wellspring)|boost
|-boost|p2a: Ogerpon|spd|1
|move|p2a: Ogerpon|Swords Dance|p2a: Ogerpon
|-boost|p2a: Ogerpon|atk|2
|move|p1a: Landorus|U-turn|p2a: Ogerpon
|-damage|p2a: Ogerpon|70/100
|
|t:|1760432867
|switch|p1a: Iron Valiant|Iron Valiant|100/100|[from] U-turn
|-enditem|p1a: Iron Valiant|Booster Energy
|-activate|p1a: Iron Valiant|ability: Quark Drive|[fromitem]
|-start|p1a: Iron Valiant|quarkdrivespe
|
|upkeep
|turn|2
|
|t:|1760432876
|move|p1a: Iron Valiant|Encore|p2a: Ogerpon
|-start|p2a: Ogerpon|Encore
|move|p2a: Ogerpon|Swords Dance|p2a: Ogerpon
|-boost|p2a: Ogerpon|atk|2
|
|upkeep
|turn|3
|
|t:|1760432887
|switch|p2a: Hippowdon|Hippowdon, M|100/100
|-weather|Sandstorm|[from] ability: Sand Stream|[of] p2a: Hippowdon
|move|p1a: Iron Valiant|Calm Mind|p1a: Iron Valiant
|-boost|p1a: Iron Valiant|spa|1
|-boost|p1a: Iron Valiant|spd|1
|
|-weather|Sandstorm|[upkeep]
|-damage|p1a: Iron Valiant|94/100|[from] Sandstorm
|upkeep
|turn|4
|
|t:|1760432899
|move|p1a: Iron Valiant|Moonblast|p2a: Hippowdon
|-damage|p2a: Hippowdon|45/100
|move|p2a: Hippowdon|Whirlwind|p1a: Iron Valiant
|-end|p1a: Iron Valiant|Quark Drive|[silent]
|drag|p1a: Kyurem|Kyurem, shiny|100/100
|-ability|p1a: Kyurem|Pressure
|
|-weather|Sandstorm|[upkeep]
|-damage|p1a: Kyurem|94/100|[from] Sandstorm
|-heal|p1a: Kyurem|100/100|[from] item: Leftovers
|upkeep
|turn|5
|
|t:|1760432913
|switch|p2a: Garganacl|Garganacl, M|100/100
|move|p1a: Kyurem|Freeze-Dry|p2a: Garganacl
|-damage|p2a: Garganacl|85/100
|
|-weather|Sandstorm|[upkeep]
|-damage|p1a: Kyurem|94/100|[from] Sandstorm
|-heal|p1a: Kyurem|100/100|[from] item: Leftovers
|-heal|p2a: Garganacl|91/100|[from] item: Leftovers
|upkeep
|turn|6
|
|t:|1760432923
|move|p1a: Kyurem|Substitute|p1a: Kyurem
|-start|p1a: Kyurem|Substitute
|-damage|p1a: Kyurem|76/100
|move|p2a: Garganacl|Salt Cure|p1a: Kyurem
|-supereffective|p1a: Kyurem
|-end|p1a: Kyurem|Substitute
|
|-weather|Sandstorm|[upkeep]
|-damage|p1a: Kyurem|69/100|[from] Sandstorm
|-heal|p1a: Kyurem|76/100|[from] item: Leftovers
|-heal|p2a: Garganacl|97/100|[from] item: Leftovers
|upkeep
|turn|7
|
|t:|1760432936
|switch|p1a: Landorus|Landorus-Therian, M, shiny|100/100
|-ability|p1a: Landorus|Intimidate|boost
|-unboost|p2a: Garganacl|atk|1
|move|p2a: Garganacl|Salt Cure|p1a: Landorus
|-damage|p1a: Landorus|90/100
|-start|p1a: Landorus|Salt Cure
|
|-weather|none
|-heal|p2a: Garganacl|100/100|[from] item: Leftovers
|-damage|p1a: Landorus|78/100|[from] Salt Cure
|upkeep
|turn|8
|
|t:|1760432950
|switch|p2a: Tornadus|Tornadus-Therian, M|100/100
|move|p1a: Landorus|U-turn|p2a: Tornadus
|-resisted|p2a: Tornadus
|-damage|p2a: Tornadus|87/100
|
|t:|1760432960
|switch|p1a: Slowking|Slowking-Galar, M, shiny|100/100|[from] U-turn
|
|upkeep
|turn|9
|
|t:|1760432969
|switch|p2a: Hippowdon|Hippowdon, M|45/100
|-weather|Sandstorm|[from] ability: Sand Stream|[of] p2a: Hippowdon
|-prepare|p1a: Slowking|Chilly Reception|[premajor]
|move|p1a: Slowking|Chilly Reception|p1a: Slowking
|-weather|Snowscape
|
|t:|1760432976
|switch|p1a: Kyurem|Kyurem, shiny|76/100|[from] Chilly Reception
|-ability|p1a: Kyurem|Pressure
|
|-weather|Snowscape|[upkeep]
|-heal|p1a: Kyurem|82/100|[from] item: Leftovers
|upkeep
|turn|10
|
|t:|1760432985
|move|p1a: Kyurem|Freeze-Dry|p2a: Hippowdon
|-supereffective|p2a: Hippowdon
|-damage|p2a: Hippowdon|0 fnt
|faint|p2a: Hippowdon
|
|-weather|Snowscape|[upkeep]
|-heal|p1a: Kyurem|88/100|[from] item: Leftovers
|upkeep
|
|t:|1760432992
|switch|p2a: Glimmora|Glimmora, M|100/100
|turn|11
|inactive|csgoAFK has 120 seconds left.
|
|t:|1760433034
|move|p1a: Kyurem|Earth Power|p2a: Glimmora
|-supereffective|p2a: Glimmora
|-enditem|p2a: Glimmora|Focus Sash
|-damage|p2a: Glimmora|1/100
|move|p2a: Glimmora|Power Gem|p1a: Kyurem
|-supereffective|p1a: Kyurem
|-damage|p1a: Kyurem|12/100
|
|-weather|Snowscape|[upkeep]
|-heal|p1a: Kyurem|19/100|[from] item: Leftovers
|upkeep
|turn|12
|
|t:|1760433050
|move|p1a: Kyurem|Freeze-Dry|p2a: Glimmora
|-crit|p2a: Glimmora
|-damage|p2a: Glimmora|0 fnt
|faint|p2a: Glimmora
|
|-weather|Snowscape|[upkeep]
|-heal|p1a: Kyurem|25/100|[from] item: Leftovers
|upkeep
|
|t:|1760433057
|switch|p2a: Hatterene|Hatterene, F|100/100
|turn|13
|
|t:|1760433071
|switch|p1a: Slowking|Slowking-Galar, M, shiny|100/100
|move|p2a: Hatterene|Nuzzle|p1a: Slowking
|-damage|p1a: Slowking|96/100
|-status|p1a: Slowking|par
|
|-weather|none
|upkeep
|turn|14
|
|t:|1760433082
|move|p2a: Hatterene|Psyshock|p1a: Slowking
|-damage|p1a: Slowking|53/100 par
|cant|p1a: Slowking|par
|
|upkeep
|turn|15
|
|t:|1760433090
|move|p2a: Hatterene|Mystical Fire|p1a: Slowking
|-damage|p1a: Slowking|37/100 par
|-unboost|p1a: Slowking|spa|1
|move|p1a: Slowking|Sludge Bomb|p2a: Hatterene
|-supereffective|p2a: Hatterene
|-damage|p2a: Hatterene|70/100
|
|upkeep
|turn|16
|
|t:|1760433100
|switch|p1a: Landorus|Landorus-Therian, M, shiny|78/100
|-ability|p1a: Landorus|Intimidate|boost
|-unboost|p2a: Hatterene|atk|1
|move|p2a: Hatterene|Psyshock|p1a: Landorus
|-damage|p1a: Landorus|40/100
|
|upkeep
|turn|17
|
|t:|1760433110
|move|p1a: Landorus|U-turn|p2a: Hatterene
|-damage|p2a: Hatterene|45/100
|
|t:|1760433112
|switch|p1a: Slowking|Slowking-Galar, M, shiny|71/100 par|[from] U-turn
|move|p2a: Hatterene|Draining Kiss|p1a: Slowking
|-resisted|p1a: Slowking
|-damage|p1a: Slowking|62/100 par
|-heal|p2a: Hatterene|53/100|[from] drain|[of] p1a: Slowking
|
|upkeep
|turn|18
|
|t:|1760433121
|switch|p2a: Garganacl|Garganacl, M|100/100
|cant|p1a: Slowking|par
|
|upkeep
|turn|19
|
|t:|1760433143
|move|p2a: Garganacl|Salt Cure|p1a: Slowking
|-damage|p1a: Slowking|47/100 par
|-start|p1a: Slowking|Salt Cure
|-prepare|p1a: Slowking|Chilly Reception|[premajor]
|cant|p1a: Slowking|par
|
|-damage|p1a: Slowking|34/100 par|[from] Salt Cure
|upkeep
|turn|20
|
|t:|1760433153
|move|p2a: Garganacl|Salt Cure|p1a: Slowking
|-damage|p1a: Slowking|19/100 par
|-prepare|p1a: Slowking|Chilly Reception|[premajor]
|cant|p1a: Slowking|par
|
|-damage|p1a: Slowking|7/100 par|[from] Salt Cure
|upkeep
|turn|21
|
|t:|1760433179
|switch|p1a: Landorus|Landorus-Therian, M, shiny|40/100
|-ability|p1a: Landorus|Intimidate|boost
|-unboost|p2a: Garganacl|atk|1
|move|p2a: Garganacl|Stealth Rock|p1a: Landorus
|-sidestart|p1: csgoAFK|move: Stealth Rock
|
|upkeep
|turn|22
|
|t:|1760433192
|switch|p2a: Tornadus|Tornadus-Therian, M|100/100
|move|p1a: Landorus|Earthquake|p2a: Tornadus
|-immune|p2a: Tornadus
|
|upkeep
|turn|23
|inactive|csgoAFK has 120 seconds left.
|
|t:|1760433235
|switch|p1a: Slowking|Slowking-Galar, M, shiny|40/100 par
|move|p2a: Tornadus|Bleakwind Storm|p1a: Slowking
|-damage|p1a: Slowking|16/100 par
|
|upkeep
|turn|24
|
|t:|1760433243
|move|p2a: Tornadus|Bleakwind Storm|p1a: Slowking
|-damage|p1a: Slowking|0 fnt
|faint|p1a: Slowking
|
|upkeep
|inactive|csgoAFK has 90 seconds left.
|
|t:|1760433281
|switch|p1a: Cinderace|Cinderace, F, shiny|100/100
|turn|25
|
|t:|1760433286
|move|p2a: Tornadus|U-turn|p1a: Cinderace
|-resisted|p1a: Cinderace
|-damage|p1a: Cinderace|92/100
|
|t:|1760433290
|switch|p2a: Garganacl|Garganacl, M|100/100|[from] U-turn
|move|p1a: Cinderace|Court Change|p1a: Cinderace
|-swapsideconditions
|-activate|p1a: Cinderace|move: Court Change
|
|upkeep
|turn|26
|
|t:|1760433298
|move|p1a: Cinderace|U-turn|p2a: Garganacl
|-damage|p2a: Garganacl|87/100
|
|t:|1760433299
|switch|p1a: Kyurem|Kyurem, shiny|25/100|[from] U-turn
|-ability|p1a: Kyurem|Pressure
|move|p2a: Garganacl|Salt Cure|p1a: Kyurem
|-supereffective|p1a: Kyurem
|-damage|p1a: Kyurem|0 fnt
|faint|p1a: Kyurem
|
|-heal|p2a: Garganacl|93/100|[from] item: Leftovers
|upkeep
|
|t:|1760433305
|switch|p1a: Kingambit|Kingambit, F|100/100
|-activate|p1a: Kingambit|ability: Supreme Overlord
|-start|p1a: Kingambit|fallen2|[silent]
|turn|27
|
|t:|1760433316
|move|p1a: Kingambit|Swords Dance|p1a: Kingambit
|-boost|p1a: Kingambit|atk|2
|move|p2a: Garganacl|Salt Cure|p1a: Kingambit
|-resisted|p1a: Kingambit
|-damage|p1a: Kingambit|95/100
|-start|p1a: Kingambit|Salt Cure
|
|-heal|p1a: Kingambit|100/100|[from] item: Leftovers
|-heal|p2a: Garganacl|99/100|[from] item: Leftovers
|-damage|p1a: Kingambit|76/100|[from] Salt Cure
|upkeep
|turn|28
|
|t:|1760433328
|move|p1a: Kingambit|Iron Head|p2a: Garganacl
|-supereffective|p2a: Garganacl
|-damage|p2a: Garganacl|0 fnt
|faint|p2a: Garganacl
|
|-heal|p1a: Kingambit|82/100|[from] item: Leftovers
|-damage|p1a: Kingambit|57/100|[from] Salt Cure
|upkeep
|
|t:|1760433336
|switch|p2a: Ogerpon|Ogerpon-Wellspring-Tera, F, tera:Water|70/100
|-damage|p2a: Ogerpon|57/100|[from] Stealth Rock
|-ability|p2a: Ogerpon|Embody Aspect (Wellspring)|boost
|-boost|p2a: Ogerpon|spd|1
|turn|29
|
|t:|1760433345
|-end|p1a: Kingambit|fallen2|[silent]
|switch|p1a: Landorus|Landorus-Therian, M, shiny|40/100
|-ability|p1a: Landorus|Intimidate|boost
|-unboost|p2a: Ogerpon|atk|1
|move|p2a: Ogerpon|Ivy Cudgel|p1a: Landorus|[anim] Ivy Cudgel Water
|-supereffective|p1a: Landorus
|-damage|p1a: Landorus|0 fnt
|faint|p1a: Landorus
|
|upkeep
|inactive|csgoAFK has 120 seconds left.
|
|t:|1760433394
|switch|p1a: Cinderace|Cinderace, F, shiny|92/100
|turn|30
|
|t:|1760433399
|switch|p2a: Hatterene|Hatterene, F|53/100
|-damage|p2a: Hatterene|41/100|[from] Stealth Rock
|move|p1a: Cinderace|Will-O-Wisp|p2a: Hatterene
|move|p2a: Hatterene|Will-O-Wisp|p1a: Cinderace|[from] ability: Magic Bounce
|-immune|p1a: Cinderace
|
|upkeep
|turn|31
|
|t:|1760433410
|move|p1a: Cinderace|Pyro Ball|p2a: Hatterene
|-damage|p2a: Hatterene|0 fnt
|faint|p2a: Hatterene
|
|upkeep
|
|t:|1760433416
|switch|p2a: Tornadus|Tornadus-Therian, M|100/100
|-damage|p2a: Tornadus|76/100|[from] Stealth Rock
|turn|32
|inactive|csgoAFK has 120 seconds left.
|
|t:|1760433427
|move|p2a: Tornadus|Bleakwind Storm|p1a: Cinderace
|-damage|p1a: Cinderace|45/100
|move|p1a: Cinderace|Pyro Ball|p2a: Tornadus
|-damage|p2a: Tornadus|24/100
|
|upkeep
|turn|33
|
|t:|1760433434
|move|p2a: Tornadus|Bleakwind Storm|p1a: Cinderace
|-damage|p1a: Cinderace|2/100
|move|p1a: Cinderace|Pyro Ball|p2a: Tornadus
|-damage|p2a: Tornadus|0 fnt
|faint|p2a: Tornadus
|
|upkeep
|-message|melodramaticbat34 forfeited.
|
|win|csgoAFK
|raw|csgoAFK's rating: 1450 &rarr; <strong>1466</strong><br />(+16 for winning)
|raw|melodramaticbat34's rating: 1374 &rarr; <strong>1358</strong><br />(-16 for losing)
|l|☆melodramaticbat34
|player|p2|
|l|☆csgoAFK
|player|p1|
