|badge|p1|silver|gen9doublesou|30-7
|badge|p1|bronze|gen9ru|100-7
|uhtml|medal-msg|<div class="broadcast-blue">Curious what those medals under the avatar are? PS now has Ladder Seasons! For more information, check out the <a href="https://www.smogon.com/forums/threads/3740067/">thread on Smogon.</a></div>
|j|☆3idk
|j|☆DIGIWAYNE123
|t:|1760358175
|gametype|singles
|player|p1|3idk|cynthia-masters|1477
|player|p2|DIGIWAYNE123|swimmerf-gen4|1486
|gen|9
|tier|[Gen 9] OU
|rated|
|rule|HP Percentage Mod: HP is shown in percentages
|rule|Endless Battle Clause: Forcing endless battles is banned
|rule|Species Clause: Limit one of each Pokémon
|rule|OHKO Clause: OHKO moves are banned
|rule|Evasion Items Clause: Evasion items are banned
|rule|Evasion Moves Clause: Evasion moves are banned
|rule|Evasion Abilities Clause: Evasion abilities are banned
|rule|Sleep Moves Clause: Sleep-inducing moves are banned
|clearpoke
|poke|p1|Pelipper, M|
|poke|p1|Tornadus-Therian, M|
|poke|p1|Iron Treads|
|poke|p1|Decidueye-Hisui, M|
|poke|p1|Barraskewda, M|
|poke|p1|Raging Bolt|
|poke|p2|Armarouge, M|
|poke|p2|Indeedee, M|
|poke|p2|Great Tusk|
|poke|p2|Hoopa-Unbound|
|poke|p2|Scream Tail|
|poke|p2|Drednaw, F|
|teampreview
|inactive|Battle timer is ON: inactive players will automatically lose when time's up. (requested by 3idk)
|
|t:|1760358186
|teamsize|p1|6
|teamsize|p2|6
|start
|switch|p1a: Pelipper|Pelipper, M|100/100
|switch|p2a: Scream Tail|Scream Tail|100/100
|-weather|RainDance|[from] ability: Drizzle|[of] p1a: Pelipper
|-enditem|p2a: Scream Tail|Booster Energy
|-activate|p2a: Scream Tail|ability: Protosynthesis|[fromitem]
|-start|p2a: Scream Tail|protosynthesisspe
|turn|1
|
|t:|1760358191
|move|p2a: Scream Tail|Stealth Rock|p1a: Pelipper
|-sidestart|p1: 3idk|move: Stealth Rock
|move|p1a: Pelipper|U-turn|p2a: Scream Tail
|-damage|p2a: Scream Tail|94/100
|
|t:|1760358198
|switch|p1a: Iron Treads|Iron Treads|100/100|[from] U-turn
|-damage|p1a: Iron Treads|98/100|[from] Stealth Rock
|
|-weather|RainDance|[upkeep]
|-heal|p1a: Iron Treads|100/100|[from] item: Leftovers
|upkeep
|turn|2
|
|t:|1760358203
|move|p2a: Scream Tail|Misty Explosion|p1a: Iron Treads
|-resisted|p1a: Iron Treads
|-damage|p1a: Iron Treads|90/100
|faint|p2a: Scream Tail
|-end|p2a: Scream Tail|Protosynthesis|[silent]
|move|p1a: Iron Treads|Stealth Rock|p2: Scream Tail
|-sidestart|p2: DIGIWAYNE123|move: Stealth Rock
|
|-weather|RainDance|[upkeep]
|-heal|p1a: Iron Treads|96/100|[from] item: Leftovers
|upkeep
|
|t:|1760358206
|switch|p2a: Great Tusk|Great Tusk|100/100
|-damage|p2a: Great Tusk|98/100|[from] Stealth Rock
|-enditem|p2a: Great Tusk|Booster Energy
|-activate|p2a: Great Tusk|ability: Protosynthesis|[fromitem]
|-start|p2a: Great Tusk|protosynthesisspe
|turn|3
|
|t:|1760358218
|-terastallize|p1a: Iron Treads|Ghost
|move|p2a: Great Tusk|Bulk Up|p2a: Great Tusk
|-boost|p2a: Great Tusk|atk|1
|-boost|p2a: Great Tusk|def|1
|move|p1a: Iron Treads|Rapid Spin|p2a: Great Tusk
|-damage|p2a: Great Tusk|91/100
|-boost|p1a: Iron Treads|spe|1
|-sideend|p1: 3idk|Stealth Rock|[from] move: Rapid Spin|[of] p1a: Iron Treads
|
|-weather|RainDance|[upkeep]
|-heal|p1a: Iron Treads|100/100|[from] item: Leftovers
|upkeep
|turn|4
|
|t:|1760358227
|-end|p1a: Iron Treads|Quark Drive|[silent]
|switch|p1a: Decidueye|Decidueye-Hisui, M|100/100
|move|p2a: Great Tusk|Knock Off|p1a: Decidueye
|-resisted|p1a: Decidueye
|-crit|p1a: Decidueye
|-damage|p1a: Decidueye|76/100
|-damage|p2a: Great Tusk|74/100|[from] item: Rocky Helmet|[of] p1a: Decidueye
|-enditem|p1a: Decidueye|Rocky Helmet|[from] move: Knock Off|[of] p2a: Great Tusk
|
|-weather|RainDance|[upkeep]
|upkeep
|turn|5
|
|t:|1760358235
|-terastallize|p2a: Great Tusk|Fire
|move|p2a: Great Tusk|Rapid Spin|p1a: Decidueye
|-damage|p1a: Decidueye|59/100
|-boost|p2a: Great Tusk|spe|1
|-sideend|p2: DIGIWAYNE123|Stealth Rock|[from] move: Rapid Spin|[of] p2a: Great Tusk
|move|p1a: Decidueye|U-turn|p2a: Great Tusk
|-resisted|p2a: Great Tusk
|-damage|p2a: Great Tusk|70/100
|
|t:|1760358240
|switch|p1a: Barraskewda|Barraskewda, M|100/100|[from] U-turn
|
|-weather|RainDance|[upkeep]
|upkeep
|turn|6
|
|t:|1760358247
|move|p1a: Barraskewda|Liquidation|p2a: Great Tusk
|-supereffective|p2a: Great Tusk
|-damage|p2a: Great Tusk|0 fnt
|faint|p2a: Great Tusk
|-end|p2a: Great Tusk|Protosynthesis|[silent]
|-damage|p1a: Barraskewda|91/100|[from] item: Life Orb
|
|-weather|RainDance|[upkeep]
|upkeep
|
|t:|1760358251
|switch|p2a: Indeedee|Indeedee, M|100/100
|-fieldstart|move: Psychic Terrain|[from] ability: Psychic Surge|[of] p2a: Indeedee
|turn|7
|
|t:|1760358268
|switch|p2a: Hoopa|Hoopa-Unbound|100/100
|move|p1a: Barraskewda|Flip Turn|p2a: Hoopa
|-damage|p2a: Hoopa|15/100
|-damage|p1a: Barraskewda|81/100|[from] item: Life Orb
|
|t:|1760358272
|switch|p1a: Tornadus|Tornadus-Therian, M|100/100|[from] Flip Turn
|
|-weather|RainDance|[upkeep]
|upkeep
|turn|8
|
|t:|1760358277
|move|p1a: Tornadus|U-turn|p2a: Hoopa
|-supereffective|p2a: Hoopa
|-damage|p2a: Hoopa|0 fnt
|faint|p2a: Hoopa
|
|t:|1760358280
|switch|p1a: Barraskewda|Barraskewda, M|81/100|[from] U-turn
|
|-weather|none
|upkeep
|
|t:|1760358283
|switch|p2a: Drednaw|Drednaw, F|100/100
|turn|9
|
|t:|1760358287
|move|p1a: Barraskewda|Flip Turn|p2a: Drednaw
|-damage|p2a: Drednaw|55/100
|-damage|p1a: Barraskewda|71/100|[from] item: Life Orb
|
|t:|1760358292
|switch|p1a: Pelipper|Pelipper, M|100/100|[from] Flip Turn
|-weather|RainDance|[from] ability: Drizzle|[of] p1a: Pelipper
|move|p2a: Drednaw|Shell Smash|p2a: Drednaw
|-unboost|p2a: Drednaw|def|1
|-unboost|p2a: Drednaw|spd|1
|-boost|p2a: Drednaw|atk|2
|-boost|p2a: Drednaw|spa|2
|-boost|p2a: Drednaw|spe|2
|
|-weather|RainDance|[upkeep]
|upkeep
|turn|10
|
|t:|1760358296
|move|p2a: Drednaw|Ice Fang|p1a: Pelipper
|-damage|p1a: Pelipper|53/100
|move|p1a: Pelipper|Surf|p2a: Drednaw
|-damage|p2a: Drednaw|0 fnt
|faint|p2a: Drednaw
|
|-weather|RainDance|[upkeep]
|upkeep
|
|t:|1760358299
|switch|p2a: Armarouge|Armarouge, M|100/100
|turn|11
|
|t:|1760358303
|move|p2a: Armarouge|Calm Mind|p2a: Armarouge
|-boost|p2a: Armarouge|spa|1
|-boost|p2a: Armarouge|spd|1
|move|p1a: Pelipper|U-turn|p2a: Armarouge
|-damage|p2a: Armarouge|90/100
|-ability|p2a: Armarouge|Weak Armor|boost
|-unboost|p2a: Armarouge|def|1
|-boost|p2a: Armarouge|spe|2
|
|t:|1760358307
|switch|p1a: Barraskewda|Barraskewda, M|71/100|[from] U-turn
|
|-weather|RainDance|[upkeep]
|upkeep
|turn|12
|
|t:|1760358311
|move|p2a: Armarouge|Endure|p2a: Armarouge
|-singleturn|p2a: Armarouge|move: Endure
|move|p1a: Barraskewda|Liquidation|p2a: Armarouge
|-supereffective|p2a: Armarouge
|-crit|p2a: Armarouge
|-activate|p2a: Armarouge|move: Endure
|-damage|p2a: Armarouge|1/100
|-unboost|p2a: Armarouge|def|1
|-ability|p2a: Armarouge|Weak Armor|boost
|-unboost|p2a: Armarouge|def|1
|-boost|p2a: Armarouge|spe|2
|-damage|p1a: Barraskewda|61/100|[from] item: Life Orb
|
|-weather|RainDance|[upkeep]
|upkeep
|turn|13
|
|t:|1760358318
|switch|p1a: Decidueye|Decidueye-Hisui, M|59/100
|move|p2a: Armarouge|Expanding Force|p1a: Decidueye
|-supereffective|p1a: Decidueye
|-damage|p1a: Decidueye|0 fnt
|faint|p1a: Decidueye
|
|-weather|RainDance|[upkeep]
|upkeep
|
|t:|1760358325
|switch|p1a: Iron Treads|Iron Treads, tera:Ghost|100/100
|turn|14
|
|t:|1760358330
|move|p2a: Armarouge|Expanding Force|p1a: Iron Treads
|-damage|p1a: Iron Treads|0 fnt
|faint|p1a: Iron Treads
|-end|p1a: Iron Treads|Quark Drive|[silent]
|
|-weather|RainDance|[upkeep]
|-fieldend|move: Psychic Terrain
|upkeep
|
|t:|1760358334
|switch|p1a: Barraskewda|Barraskewda, M|61/100
|turn|15
|
|t:|1760358342
|move|p2a: Armarouge|Endure|p2a: Armarouge
|-singleturn|p2a: Armarouge|move: Endure
|move|p1a: Barraskewda|Aqua Jet|p2a: Armarouge
|-supereffective|p2a: Armarouge
|-activate|p2a: Armarouge|move: Endure
|-damage|p2a: Armarouge|1/100
|-ability|p2a: Armarouge|Weak Armor|boost
|-unboost|p2a: Armarouge|def|1
|-boost|p2a: Armarouge|spe|2
|-damage|p1a: Barraskewda|51/100|[from] item: Life Orb
|
|-weather|RainDance|[upkeep]
|upkeep
|turn|16
|
|t:|1760358350
|switch|p2a: Indeedee|Indeedee, M|100/100
|-fieldstart|move: Psychic Terrain|[from] ability: Psychic Surge|[of] p2a: Indeedee
|move|p1a: Barraskewda|Aqua Jet|p2a: Indeedee
|-activate|p2a: Indeedee|move: Psychic Terrain
|
|-weather|none
|upkeep
|turn|17
|
|t:|1760358357
|move|p1a: Barraskewda|Flip Turn|p2a: Indeedee
|-damage|p2a: Indeedee|11/100
|-damage|p1a: Barraskewda|41/100|[from] item: Life Orb
|
|t:|1760358362
|switch|p1a: Pelipper|Pelipper, M|53/100|[from] Flip Turn
|-weather|RainDance|[from] ability: Drizzle|[of] p1a: Pelipper
|move|p2a: Indeedee|Healing Wish|p2a: Indeedee
|faint|p2a: Indeedee
|
|-weather|RainDance|[upkeep]
|upkeep
|
|t:|1760358364
|switch|p2a: Armarouge|Armarouge, M|1/100
|-heal|p2a: Armarouge|100/100|[from] move: Healing Wish
|turn|18
|
|t:|1760358367
|move|p2a: Armarouge|Expanding Force|p1a: Pelipper
|-damage|p1a: Pelipper|0 fnt
|faint|p1a: Pelipper
|
|-weather|RainDance|[upkeep]
|upkeep
|
|t:|1760358370
|switch|p1a: Tornadus|Tornadus-Therian, M|100/100
|turn|19
|
|t:|1760358375
|move|p1a: Tornadus|Hurricane|p2a: Armarouge
|-enditem|p2a: Armarouge|Focus Sash
|-damage|p2a: Armarouge|1/100
|-start|p2a: Armarouge|confusion
|-activate|p2a: Armarouge|confusion
|move|p2a: Armarouge|Calm Mind|p2a: Armarouge
|-boost|p2a: Armarouge|spa|1
|-boost|p2a: Armarouge|spd|1
|
|-weather|RainDance|[upkeep]
|upkeep
|turn|20
|
|t:|1760358379
|-activate|p2a: Armarouge|confusion
|-damage|p2a: Armarouge|0 fnt|[from] confusion
|faint|p2a: Armarouge
|
|win|3idk
|raw|3idk's rating: 1477 &rarr; <strong>1498</strong><br />(+21 for winning)
|raw|DIGIWAYNE123's rating: 1486 &rarr; <strong>1465</strong><br />(-21 for losing)
|l|☆DIGIWAYNE123
|player|p2|
|l|☆3idk
|player|p1|
