|j|☆kingofdondons
|j|☆BonslyHarveyOswald
|t:|1760415871
|gametype|singles
|player|p1|kingofdondons|skyla|1439
|player|p2|BonslyHarveyOswald|170|1412
|gen|9
|tier|[Gen 9] OU
|rated|
|rule|HP Percentage Mod: HP is shown in percentages
|rule|Endless Battle Clause: Forcing endless battles is banned
|rule|Species Clause: Limit one of each Pokémon
|rule|OHKO Clause: OHKO moves are banned
|rule|Evasion Items Clause: Evasion items are banned
|rule|Evasion Moves Clause: Evasion moves are banned
|rule|Evasion Abilities Clause: Evasion abilities are banned
|rule|Sleep Moves Clause: Sleep-inducing moves are banned
|clearpoke
|poke|p1|Deoxys-Speed|
|poke|p1|Glimmora, M|
|poke|p1|Iron Valiant|
|poke|p1|Great Tusk|
|poke|p1|Dragonite, F|
|poke|p1|Kingambit, F|
|poke|p2|Gholdengo|
|poke|p2|Ceruledge, F|
|poke|p2|Enamorus, F|
|poke|p2|Ribombee, M|
|poke|p2|Quaquaval, F|
|poke|p2|Iron Treads|
|teampreview
|inactive|Battle timer is ON: inactive players will automatically lose when time's up. (requested by kingofdondons)
|j| flooferly
|
|t:|1760415891
|teamsize|p1|6
|teamsize|p2|6
|start
|switch|p1a: Deoxys|Deoxys-Speed|100/100
|switch|p2a: Gholdengo|Gholdengo|100/100
|-ability|p1a: Deoxys|Pressure
|-item|p2a: Gholdengo|Air Balloon
|turn|1
|
|t:|1760415897
|move|p1a: Deoxys|Light Screen|p1a: Deoxys
|-sidestart|p1: kingofdondons|move: Light Screen
|move|p2a: Gholdengo|Shadow Ball|p1a: Deoxys
|-supereffective|p1a: Deoxys
|-crit|p1a: Deoxys
|-damage|p1a: Deoxys|0 fnt
|faint|p1a: Deoxys
|
|upkeep
|
|t:|1760415917
|switch|p1a: Great Tusk|Great Tusk|100/100
|-enditem|p1a: Great Tusk|Booster Energy
|-activate|p1a: Great Tusk|ability: Protosynthesis|[fromitem]
|-start|p1a: Great Tusk|protosynthesisspe
|turn|2
|
|t:|1760415922
|move|p1a: Great Tusk|Ice Spinner|p2a: Gholdengo
|-resisted|p2a: Gholdengo
|-damage|p2a: Gholdengo|87/100
|-enditem|p2a: Gholdengo|Air Balloon
|move|p2a: Gholdengo|Dazzling Gleam|p1a: Great Tusk
|-supereffective|p1a: Great Tusk
|-damage|p1a: Great Tusk|61/100
|
|upkeep
|turn|3
|
|t:|1760415934
|switch|p2a: Enamorus|Enamorus, F|100/100
|move|p1a: Great Tusk|Bulk Up|p1a: Great Tusk
|-boost|p1a: Great Tusk|atk|1
|-boost|p1a: Great Tusk|def|1
|
|upkeep
|turn|4
|
|t:|1760415944
|switch|p2a: Iron Treads|Iron Treads|100/100
|-enditem|p2a: Iron Treads|Booster Energy
|-activate|p2a: Iron Treads|ability: Quark Drive|[fromitem]
|-start|p2a: Iron Treads|quarkdriveatk
|move|p1a: Great Tusk|Ice Spinner|p2a: Iron Treads
|-damage|p2a: Iron Treads|72/100
|
|upkeep
|turn|5
|
|t:|1760415959
|move|p1a: Great Tusk|Rapid Spin|p2a: Iron Treads
|-resisted|p2a: Iron Treads
|-damage|p2a: Iron Treads|63/100
|-boost|p1a: Great Tusk|spe|1
|move|p2a: Iron Treads|Ice Spinner|p1a: Great Tusk
|-supereffective|p1a: Great Tusk
|-damage|p1a: Great Tusk|32/100
|
|upkeep
|turn|6
|
|t:|1760415962
|move|p1a: Great Tusk|Headlong Rush|p2a: Iron Treads
|-supereffective|p2a: Iron Treads
|-damage|p2a: Iron Treads|0 fnt
|-unboost|p1a: Great Tusk|def|1
|-unboost|p1a: Great Tusk|spd|1
|faint|p2a: Iron Treads
|-end|p2a: Iron Treads|Quark Drive|[silent]
|
|upkeep
|
|t:|1760415965
|switch|p2a: Ceruledge|Ceruledge, F|100/100
|turn|7
|
|t:|1760415972
|move|p1a: Great Tusk|Ice Spinner|p2a: Ceruledge
|-resisted|p2a: Ceruledge
|-damage|p2a: Ceruledge|78/100
|-ability|p2a: Ceruledge|Weak Armor|boost
|-unboost|p2a: Ceruledge|def|1
|-boost|p2a: Ceruledge|spe|2
|move|p2a: Ceruledge|Bitter Blade|p1a: Great Tusk
|-damage|p1a: Great Tusk|0 fnt
|-heal|p2a: Ceruledge|100/100|[from] drain|[of] p1a: Great Tusk
|faint|p1a: Great Tusk
|-end|p1a: Great Tusk|Protosynthesis|[silent]
|
|upkeep
|
|t:|1760415990
|switch|p1a: Glimmora|Glimmora, M|100/100
|turn|8
|
|t:|1760416004
|move|p2a: Ceruledge|Poltergeist|p1a: Glimmora
|-activate|p1a: Glimmora|move: Poltergeist|Power Herb
|-damage|p1a: Glimmora|24/100
|-activate|p1a: Glimmora|ability: Toxic Debris
|-sidestart|p2: BonslyHarveyOswald|move: Toxic Spikes
|move|p1a: Glimmora|Meteor Beam||[still]
|-prepare|p1a: Glimmora|Meteor Beam
|-boost|p1a: Glimmora|spa|1
|-enditem|p1a: Glimmora|Power Herb
|-anim|p1a: Glimmora|Meteor Beam|p2a: Ceruledge
|-supereffective|p2a: Ceruledge
|-enditem|p2a: Ceruledge|Focus Sash
|-damage|p2a: Ceruledge|1/100
|
|-sideend|p1: kingofdondons|move: Light Screen
|upkeep
|turn|9
|inactive|kingofdondons has 120 seconds left.
|
|t:|1760416051
|move|p2a: Ceruledge|Bitter Blade|p1a: Glimmora
|-resisted|p1a: Glimmora
|-damage|p1a: Glimmora|0 fnt
|-heal|p2a: Ceruledge|14/100|[from] drain|[of] p1a: Glimmora
|-activate|p1a: Glimmora|ability: Toxic Debris
|-sidestart|p2: BonslyHarveyOswald|move: Toxic Spikes
|faint|p1a: Glimmora
|
|upkeep
|
|t:|1760416065
|switch|p1a: Iron Valiant|Iron Valiant|100/100
|-enditem|p1a: Iron Valiant|Booster Energy
|-activate|p1a: Iron Valiant|ability: Quark Drive|[fromitem]
|-start|p1a: Iron Valiant|quarkdrivespe
|turn|10
|
|t:|1760416070
|move|p1a: Iron Valiant|Shadow Ball|p2a: Ceruledge
|-supereffective|p2a: Ceruledge
|-damage|p2a: Ceruledge|0 fnt
|faint|p2a: Ceruledge
|
|upkeep
|
|t:|1760416081
|switch|p2a: Ribombee|Ribombee, M, shiny|100/100
|-status|p2a: Ribombee|tox
|turn|11
|inactive|kingofdondons has 120 seconds left.
|
|t:|1760416108
|move|p1a: Iron Valiant|Calm Mind|p1a: Iron Valiant
|-boost|p1a: Iron Valiant|spa|1
|-boost|p1a: Iron Valiant|spd|1
|move|p2a: Ribombee|Stun Spore|p1a: Iron Valiant
|-status|p1a: Iron Valiant|par
|
|-damage|p2a: Ribombee|94/100 tox|[from] psn
|upkeep
|turn|12
|
|t:|1760416113
|move|p2a: Ribombee|Moonblast|p1a: Iron Valiant
|-supereffective|p1a: Iron Valiant
|-damage|p1a: Iron Valiant|4/100 par
|-unboost|p1a: Iron Valiant|spa|1
|cant|p1a: Iron Valiant|par
|
|-damage|p2a: Ribombee|82/100 tox|[from] psn
|upkeep
|turn|13
|
|t:|1760416117
|move|p2a: Ribombee|Moonblast|p1a: Iron Valiant
|-supereffective|p1a: Iron Valiant
|-damage|p1a: Iron Valiant|0 fnt
|faint|p1a: Iron Valiant
|-end|p1a: Iron Valiant|Quark Drive|[silent]
|
|-damage|p2a: Ribombee|64/100 tox|[from] psn
|upkeep
|inactive|kingofdondons has 120 seconds left.
|
|t:|1760416123
|switch|p1a: Kingambit|Kingambit, F|100/100
|-activate|p1a: Kingambit|ability: Supreme Overlord
|-start|p1a: Kingambit|fallen4|[silent]
|turn|14
|
|t:|1760416130
|move|p2a: Ribombee|Stun Spore|p1a: Kingambit
|-status|p1a: Kingambit|par
|-enditem|p1a: Kingambit|Lum Berry|[eat]
|-curestatus|p1a: Kingambit|par|[msg]
|move|p1a: Kingambit|Kowtow Cleave|p2a: Ribombee
|-resisted|p2a: Ribombee
|-damage|p2a: Ribombee|16/100 tox
|
|-damage|p2a: Ribombee|0 fnt|[from] psn
|faint|p2a: Ribombee
|upkeep
|
|t:|1760416135
|switch|p2a: Quaquaval|Quaquaval, F|100/100
|-status|p2a: Quaquaval|tox
|turn|15
|
|t:|1760416146
|move|p2a: Quaquaval|Knock Off|p1a: Kingambit
|-resisted|p1a: Kingambit
|-crit|p1a: Kingambit
|-damage|p1a: Kingambit|89/100
|move|p1a: Kingambit|Low Kick|p2a: Quaquaval
|-damage|p2a: Quaquaval|60/100 tox
|
|-damage|p2a: Quaquaval|54/100 tox|[from] psn
|upkeep
|turn|16
|
|t:|1760416149
|move|p2a: Quaquaval|Rapid Spin|p1a: Kingambit
|-resisted|p1a: Kingambit
|-damage|p1a: Kingambit|83/100
|-boost|p2a: Quaquaval|spe|1
|-sideend|p2: BonslyHarveyOswald|Toxic Spikes|[from] move: Rapid Spin|[of] p2a: Quaquaval
|move|p1a: Kingambit|Low Kick|p2a: Quaquaval
|-damage|p2a: Quaquaval|10/100 tox
|
|-damage|p2a: Quaquaval|0 fnt|[from] psn
|faint|p2a: Quaquaval
|upkeep
|
|t:|1760416163
|switch|p2a: Enamorus|Enamorus, F|100/100
|turn|17
|
|t:|1760416166
|move|p2a: Enamorus|Superpower|p1a: Kingambit
|-supereffective|p1a: Kingambit
|-damage|p1a: Kingambit|0 fnt
|-boost|p2a: Enamorus|atk|1
|-boost|p2a: Enamorus|def|1
|faint|p1a: Kingambit
|-end|p1a: Kingambit|fallen4|[silent]
|
|upkeep
|
|t:|1760416169
|switch|p1a: Dragonite|Dragonite, F|100/100
|turn|18
|
|t:|1760416183
|-terastallize|p2a: Enamorus|Stellar
|-terastallize|p1a: Dragonite|Flying
|move|p2a: Enamorus|Tera Blast|p1a: Dragonite|[anim] Tera Blast Stellar
|-supereffective|p1a: Dragonite
|-damage|p1a: Dragonite|52/100
|-boost|p2a: Enamorus|atk|1
|-boost|p2a: Enamorus|spa|1
|move|p1a: Dragonite|Dragon Dance|p1a: Dragonite
|-boost|p1a: Dragonite|atk|1
|-boost|p1a: Dragonite|spe|1
|
|-heal|p1a: Dragonite|58/100|[from] item: Leftovers
|upkeep
|turn|19
|
|t:|1760416205
|move|p1a: Dragonite|Dragon Dance|p1a: Dragonite
|-boost|p1a: Dragonite|atk|1
|-boost|p1a: Dragonite|spe|1
|move|p2a: Enamorus|Tera Blast|p1a: Dragonite|[anim] Tera Blast Stellar
|-supereffective|p1a: Dragonite
|-damage|p1a: Dragonite|0 fnt
|-boost|p2a: Enamorus|atk|1
|-boost|p2a: Enamorus|spa|1
|faint|p1a: Dragonite
|
|win|BonslyHarveyOswald
|raw|kingofdondons's rating: 1439 &rarr; <strong>1417</strong><br />(-22 for losing)
|raw|BonslyHarveyOswald's rating: 1412 &rarr; <strong>1434</strong><br />(+22 for winning)
|l|☆kingofdondons
|player|p1|
|l|☆BonslyHarveyOswald
|player|p2|
