|j|☆saiiiidok
|j|‽Clump_017
|t:|1760447075
|gametype|singles
|player|p1|saiiiidok|alder|1371
|player|p2|Clump_017|2|1433
|gen|9
|tier|[Gen 9] OU
|rated|
|rule|HP Percentage Mod: HP is shown in percentages
|rule|Endless Battle Clause: Forcing endless battles is banned
|rule|Species Clause: Limit one of each Pokémon
|rule|OHKO Clause: OHKO moves are banned
|rule|Evasion Items Clause: Evasion items are banned
|rule|Evasion Moves Clause: Evasion moves are banned
|rule|Evasion Abilities Clause: Evasion abilities are banned
|rule|Sleep Moves Clause: Sleep-inducing moves are banned
|clearpoke
|poke|p1|Iron Crown|
|poke|p1|Samurott-Hisui, F|
|poke|p1|Zapdos|
|poke|p1|Dragapult, F|
|poke|p1|Great Tusk|
|poke|p1|Iron Boulder|
|poke|p2|Heatran, M|
|poke|p2|Rillaboom, M|
|poke|p2|Ogerpon-Wellspring, F|
|poke|p2|Dragapult, M|
|poke|p2|Great Tusk|
|poke|p2|Bronzong|
|teampreview
|inactive|Battle timer is ON: inactive players will automatically lose when time's up. (requested by saiiiidok)
|inactive|saiiiidok has 120 seconds left.
|
|t:|1760447110
|teamsize|p1|6
|teamsize|p2|6
|start
|switch|p1a: Everytime We Touch|Samurott-Hisui, F|100/100
|switch|p2a: Rillaboom|Rillaboom, M|100/100
|-fieldstart|move: Grassy Terrain|[from] ability: Grassy Surge|[of] p2a: Rillaboom
|turn|1
|
|t:|1760447113
|switch|p1a: Hurikan|Zapdos|100/100
|move|p2a: Rillaboom|U-turn|p1a: Hurikan
|-resisted|p1a: Hurikan
|-damage|p1a: Hurikan|91/100
|-status|p2a: Rillaboom|par|[from] ability: Static|[of] p1a: Hurikan
|
|t:|1760447121
|switch|p2a: Dragapult|Dragapult, M|100/100|[from] U-turn
|
|upkeep
|turn|2
|inactive|saiiiidok has 120 seconds left.
|
|t:|1760447152
|move|p2a: Dragapult|Draco Meteor|p1a: Hurikan
|-damage|p1a: Hurikan|4/100
|-unboost|p2a: Dragapult|spa|2
|move|p1a: Hurikan|Roost|p1a: Hurikan
|-heal|p1a: Hurikan|54/100
|-singleturn|p1a: Hurikan|move: Roost
|
|-heal|p1a: Hurikan|60/100|[from] Grassy Terrain
|upkeep
|turn|3
|inactive|saiiiidok has 120 seconds left.
|
|t:|1760447165
|switch|p2a: Heatran|Heatran, M|100/100
|move|p1a: Hurikan|Roost|p1a: Hurikan
|-heal|p1a: Hurikan|100/100
|-singleturn|p1a: Hurikan|move: Roost
|
|upkeep
|turn|4
|
|t:|1760447173
|move|p1a: Hurikan|U-turn|p2a: Heatran
|-resisted|p2a: Heatran
|-damage|p2a: Heatran|98/100
|
|t:|1760447178
|switch|p1a: Pump It|Great Tusk|100/100|[from] U-turn
|move|p2a: Heatran|Magma Storm|p1a: Pump It
|-damage|p1a: Pump It|31/100
|-activate|p1a: Pump It|move: Magma Storm|[of] p2a: Heatran
|
|-heal|p1a: Pump It|38/100|[from] Grassy Terrain
|-heal|p2a: Heatran|100/100|[from] Grassy Terrain
|-damage|p1a: Pump It|25/100|[from] move: Magma Storm|[partiallytrapped]
|upkeep
|turn|5
|
|t:|1760447194
|switch|p2a: Bronzong|Bronzong|100/100
|move|p1a: Pump It|Stealth Rock|p2a: Bronzong
|-sidestart|p2: Clump_017|move: Stealth Rock
|
|-heal|p1a: Pump It|31/100|[from] Grassy Terrain
|-end|p1a: Pump It|Magma Storm|[partiallytrapped]|[silent]
|upkeep
|turn|6
|
|t:|1760447200
|-end|p1a: Pump It|Protosynthesis|[silent]
|switch|p1a: Everytime We Touch|Samurott-Hisui, F|100/100
|move|p2a: Bronzong|Body Press|p1a: Everytime We Touch
|-supereffective|p1a: Everytime We Touch
|-damage|p1a: Everytime We Touch|32/100
|
|-heal|p1a: Everytime We Touch|38/100|[from] Grassy Terrain
|upkeep
|turn|7
|
|t:|1760447204
|move|p1a: Everytime We Touch|Flip Turn|p2a: Bronzong
|-damage|p2a: Bronzong|81/100
|
|t:|1760447208
|switch|p1a: Parasite|Dragapult, F|100/100|[from] Flip Turn
|move|p2a: Bronzong|Body Press|p1a: Parasite
|-immune|p1a: Parasite
|
|upkeep
|turn|8
|
|t:|1760447213
|switch|p2a: Heatran|Heatran, M|100/100
|-damage|p2a: Heatran|88/100|[from] Stealth Rock
|-terastallize|p1a: Parasite|Ghost
|move|p1a: Parasite|Tera Blast|p2a: Heatran|[anim] Tera Blast Ghost
|-damage|p2a: Heatran|19/100
|
|-heal|p2a: Heatran|25/100|[from] Grassy Terrain
|-heal|p2a: Heatran|31/100|[from] item: Leftovers
|-fieldend|move: Grassy Terrain
|upkeep
|turn|9
|
|t:|1760447223
|switch|p2a: Great Tusk|Great Tusk|100/100
|move|p1a: Parasite|Tera Blast|p2a: Great Tusk|[anim] Tera Blast Ghost
|-damage|p2a: Great Tusk|41/100
|
|upkeep
|turn|10
|
|t:|1760447229
|move|p1a: Parasite|Tera Blast|p2a: Great Tusk|[anim] Tera Blast Ghost
|-damage|p2a: Great Tusk|0 fnt
|faint|p2a: Great Tusk
|-end|p2a: Great Tusk|Protosynthesis|[silent]
|
|upkeep
|
|t:|1760447233
|switch|p2a: Dragapult|Dragapult, M|100/100
|-damage|p2a: Dragapult|88/100|[from] Stealth Rock
|turn|11
|
|t:|1760447238
|switch|p1a: Pump It|Great Tusk|31/100
|move|p2a: Dragapult|Shadow Ball|p1a: Pump It
|-damage|p1a: Pump It|0 fnt
|faint|p1a: Pump It
|-end|p1a: Pump It|Protosynthesis|[silent]
|
|upkeep
|
|t:|1760447240
|switch|p1a: Everytime We Touch|Samurott-Hisui, F|38/100
|turn|12
|
|t:|1760447246
|switch|p2a: Bronzong|Bronzong|81/100
|-damage|p2a: Bronzong|75/100|[from] Stealth Rock
|move|p1a: Everytime We Touch|Ceaseless Edge|p2a: Bronzong
|-supereffective|p2a: Bronzong
|-enditem|p2a: Bronzong|Colbur Berry|[eat]
|-enditem|p2a: Bronzong|Colbur Berry|[weaken]
|-damage|p2a: Bronzong|45/100
|-sidestart|p2: Clump_017|Spikes
|
|upkeep
|turn|13
|
|t:|1760447248
|move|p1a: Everytime We Touch|Ceaseless Edge|p2a: Bronzong
|-supereffective|p2a: Bronzong
|-damage|p2a: Bronzong|0 fnt
|-sidestart|p2: Clump_017|Spikes
|faint|p2a: Bronzong
|
|upkeep
|
|t:|1760447257
|switch|p2a: Ogerpon|Ogerpon-Wellspring, F|100/100
|-damage|p2a: Ogerpon|88/100|[from] Stealth Rock
|-damage|p2a: Ogerpon|72/100|[from] Spikes
|turn|14
|
|t:|1760447267
|switch|p1a: Hurikan|Zapdos|100/100
|move|p2a: Ogerpon|Swords Dance|p2a: Ogerpon
|-boost|p2a: Ogerpon|atk|2
|
|upkeep
|turn|15
|
|t:|1760447276
|-terastallize|p2a: Ogerpon|Water
|detailschange|p2a: Ogerpon|Ogerpon-Wellspring-Tera, F, tera:Water
|-ability|p2a: Ogerpon|Embody Aspect (Wellspring)|boost
|-boost|p2a: Ogerpon|spd|1
|move|p2a: Ogerpon|Ivy Cudgel|p1a: Hurikan|[anim] Ivy Cudgel Water
|-damage|p1a: Hurikan|0 fnt
|faint|p1a: Hurikan
|
|upkeep
|
|t:|1760447284
|switch|p1a: Parasite|Dragapult, F, tera:Ghost|100/100
|turn|16
|
|t:|1760447286
|move|p1a: Parasite|Tera Blast|p2a: Ogerpon|[anim] Tera Blast Ghost
|-damage|p2a: Ogerpon|0 fnt
|faint|p2a: Ogerpon
|detailschange|p2: Ogerpon|Ogerpon-Wellspring, F|[silent]
|
|upkeep
|
|t:|1760447292
|switch|p2a: Rillaboom|Rillaboom, M|100/100 par
|-damage|p2a: Rillaboom|88/100 par|[from] Stealth Rock
|-damage|p2a: Rillaboom|71/100 par|[from] Spikes
|-fieldstart|move: Grassy Terrain|[from] ability: Grassy Surge|[of] p2a: Rillaboom
|turn|17
|
|t:|1760447295
|switch|p1a: Mindreader|Iron Crown|100/100
|cant|p2a: Rillaboom|par
|
|-heal|p2a: Rillaboom|78/100 par|[from] Grassy Terrain
|upkeep
|turn|18
|
|t:|1760447299
|move|p1a: Mindreader|Volt Switch|p2a: Rillaboom
|-resisted|p2a: Rillaboom
|-damage|p2a: Rillaboom|57/100 par
|
|t:|1760447304
|-end|p1a: Mindreader|Quark Drive|[silent]
|switch|p1a: Revery|Iron Boulder|100/100|[from] Volt Switch
|-enditem|p1a: Revery|Booster Energy
|-activate|p1a: Revery|ability: Quark Drive|[fromitem]
|-start|p1a: Revery|quarkdrivespe
|move|p2a: Rillaboom|U-turn|p1a: Revery
|-supereffective|p1a: Revery
|-damage|p1a: Revery|34/100
|
|t:|1760447311
|switch|p2a: Heatran|Heatran, M|31/100|[from] U-turn
|-damage|p2a: Heatran|19/100|[from] Stealth Rock
|-damage|p2a: Heatran|2/100|[from] Spikes
|
|-heal|p1a: Revery|41/100|[from] Grassy Terrain
|-heal|p2a: Heatran|9/100|[from] Grassy Terrain
|-heal|p2a: Heatran|15/100|[from] item: Leftovers
|upkeep
|turn|19
|
|t:|1760447314
|move|p1a: Revery|Mighty Cleave|p2a: Heatran
|-damage|p2a: Heatran|0 fnt
|faint|p2a: Heatran
|
|-heal|p1a: Revery|47/100|[from] Grassy Terrain
|upkeep
|
|t:|1760447316
|switch|p2a: Rillaboom|Rillaboom, M|57/100 par
|-damage|p2a: Rillaboom|45/100 par|[from] Stealth Rock
|-damage|p2a: Rillaboom|28/100 par|[from] Spikes
|turn|20
|
|t:|1760447320
|move|p2a: Rillaboom|Grassy Glide|p1a: Revery
|-supereffective|p1a: Revery
|-damage|p1a: Revery|0 fnt
|faint|p1a: Revery
|-end|p1a: Revery|Quark Drive|[silent]
|
|-heal|p2a: Rillaboom|34/100 par|[from] Grassy Terrain
|upkeep
|
|t:|1760447322
|switch|p1a: Mindreader|Iron Crown|100/100
|turn|21
|
|t:|1760447325
|move|p1a: Mindreader|Tachyon Cutter|p2a: Rillaboom
|-damage|p2a: Rillaboom|0 fnt
|faint|p2a: Rillaboom
|-hitcount|p2: Rillaboom|1
|
|upkeep
|
|t:|1760447327
|switch|p2a: Dragapult|Dragapult, M|88/100
|-damage|p2a: Dragapult|76/100|[from] Stealth Rock
|-damage|p2a: Dragapult|59/100|[from] Spikes
|turn|22
|
|t:|1760447329
|move|p2a: Dragapult|Shadow Ball|p1a: Mindreader
|-supereffective|p1a: Mindreader
|-damage|p1a: Mindreader|0 fnt
|faint|p1a: Mindreader
|-end|p1a: Mindreader|Quark Drive|[silent]
|
|-heal|p2a: Dragapult|65/100|[from] Grassy Terrain
|upkeep
|
|t:|1760447331
|switch|p1a: Parasite|Dragapult, F, tera:Ghost|100/100
|turn|23
|
|t:|1760447334
|move|p1a: Parasite|Sucker Punch|p2a: Dragapult
|-supereffective|p2a: Dragapult
|-damage|p2a: Dragapult|0 fnt
|faint|p2a: Dragapult
|
|win|saiiiidok
|raw|saiiiidok's rating: 1371 &rarr; <strong>1395</strong><br />(+24 for winning)
|raw|Clump_017's rating: 1433 &rarr; <strong>1409</strong><br />(-24 for losing)
|l|‽Clump_017
|player|p2|
|l|☆saiiiidok
|player|p1|
