|j|☆CourtTre
|j|☆Fhantazy
|t:|1760429204
|gametype|singles
|player|p1|CourtTre|clair|1387
|player|p2|Fhantazy|morty-masters|1360
|gen|9
|tier|[Gen 9] OU
|rated|
|rule|HP Percentage Mod: HP is shown in percentages
|rule|Endless Battle Clause: Forcing endless battles is banned
|rule|Species Clause: Limit one of each Pokémon
|rule|OHKO Clause: OHKO moves are banned
|rule|Evasion Items Clause: Evasion items are banned
|rule|Evasion Moves Clause: Evasion moves are banned
|rule|Evasion Abilities Clause: Evasion abilities are banned
|rule|Sleep Moves Clause: Sleep-inducing moves are banned
|clearpoke
|poke|p1|Rillaboom, M|
|poke|p1|Primarina, F|
|poke|p1|Cinderace, M|
|poke|p1|Polteageist|
|poke|p1|Serperior, F|
|poke|p1|Smeargle, M|
|poke|p2|Skeledirge, F|
|poke|p2|Alomomola, F|
|poke|p2|Gliscor, M|
|poke|p2|Hydrapple, M|
|poke|p2|Clefable, F|
|poke|p2|Talonflame, F|
|teampreview
|inactive|Battle timer is ON: inactive players will automatically lose when time's up. (requested by CourtTre)
|
|t:|1760429221
|teamsize|p1|6
|teamsize|p2|6
|start
|switch|p1a: Smeargle|Smeargle, M|100/100
|switch|p2a: Skeledirge|Skeledirge, F|100/100
|turn|1
|
|t:|1760429225
|move|p1a: Smeargle|Toxic Thread|p2a: Skeledirge
|-unboost|p2a: Skeledirge|spe|1
|-status|p2a: Skeledirge|psn
|move|p2a: Skeledirge|Flame Charge|p1a: Smeargle
|-damage|p1a: Smeargle|40/100
|-boost|p2a: Skeledirge|spe|1
|
|-damage|p2a: Skeledirge|88/100 psn|[from] psn
|upkeep
|turn|2
|
|t:|1760429234
|move|p1a: Smeargle|Sticky Web|p2a: Skeledirge
|-sidestart|p2: Fhantazy|move: Sticky Web
|move|p2a: Skeledirge|Torch Song|p1a: Smeargle
|-damage|p1a: Smeargle|0 fnt
|-boost|p2a: Skeledirge|spa|1
|faint|p1a: Smeargle
|
|-damage|p2a: Skeledirge|76/100 psn|[from] psn
|upkeep
|
|t:|1760429245
|switch|p1a: Primarina|Primarina, F|100/100
|turn|3
|
|t:|1760429257
|move|p2a: Skeledirge|Shadow Ball|p1a: Primarina
|-damage|p1a: Primarina|72/100
|move|p1a: Primarina|Moonblast|p2a: Skeledirge
|-resisted|p2a: Skeledirge
|-damage|p2a: Skeledirge|40/100 psn
|-unboost|p2a: Skeledirge|spa|1
|
|-damage|p2a: Skeledirge|28/100 psn|[from] psn
|upkeep
|turn|4
|
|t:|1760429265
|move|p2a: Skeledirge|Shadow Ball|p1a: Primarina
|-damage|p1a: Primarina|50/100
|move|p1a: Primarina|Moonblast|p2a: Skeledirge
|-resisted|p2a: Skeledirge
|-damage|p2a: Skeledirge|0 fnt
|faint|p2a: Skeledirge
|
|upkeep
|
|t:|1760429280
|switch|p2a: Clefable|Clefable, F|100/100
|-activate|p2a: Clefable|move: Sticky Web
|-unboost|p2a: Clefable|spe|1
|turn|5
|
|t:|1760429285
|move|p1a: Primarina|Moonblast|p2a: Clefable
|-crit|p2a: Clefable
|-damage|p2a: Clefable|9/100
|move|p2a: Clefable|Calm Mind|p2a: Clefable
|-boost|p2a: Clefable|spa|1
|-boost|p2a: Clefable|spd|1
|
|upkeep
|turn|6
|
|t:|1760429295
|move|p1a: Primarina|Moonblast|p2a: Clefable
|-damage|p2a: Clefable|0 fnt
|faint|p2a: Clefable
|
|upkeep
|
|t:|1760429297
|switch|p2a: Gliscor|Gliscor, M|100/100
|turn|7
|
|t:|1760429306
|switch|p1a: Polteageist|Polteageist, shiny|100/100
|move|p2a: Gliscor|Earthquake|p1a: Polteageist
|-damage|p1a: Polteageist|24/100
|-ability|p1a: Polteageist|Weak Armor|boost
|-unboost|p1a: Polteageist|def|1
|-boost|p1a: Polteageist|spe|2
|
|-status|p2a: Gliscor|tox|[from] item: Toxic Orb
|upkeep
|turn|8
|
|t:|1760429321
|move|p1a: Polteageist|Shadow Ball|p2a: Gliscor
|-damage|p2a: Gliscor|29/100 tox
|move|p2a: Gliscor|Knock Off|p1a: Polteageist
|-supereffective|p1a: Polteageist
|-damage|p1a: Polteageist|0 fnt
|-enditem|p1a: Polteageist|Focus Sash|[from] move: Knock Off|[of] p2a: Gliscor
|faint|p1a: Polteageist
|
|-heal|p2a: Gliscor|42/100 tox|[from] ability: Poison Heal
|upkeep
|
|t:|1760429327
|switch|p1a: Rillaboom|Rillaboom, M|100/100
|-fieldstart|move: Grassy Terrain|[from] ability: Grassy Surge|[of] p1a: Rillaboom
|turn|9
|
|t:|1760429338
|move|p2a: Gliscor|Protect|p2a: Gliscor
|-singleturn|p2a: Gliscor|Protect
|move|p1a: Rillaboom|Wood Hammer|p2a: Gliscor
|-activate|p2a: Gliscor|move: Protect
|
|-heal|p2a: Gliscor|54/100 tox|[from] ability: Poison Heal
|upkeep
|turn|10
|
|t:|1760429343
|switch|p2a: Hydrapple|Hydrapple, M|100/100
|-activate|p2a: Hydrapple|move: Sticky Web
|-unboost|p2a: Hydrapple|spe|1
|move|p1a: Rillaboom|Wood Hammer|p2a: Hydrapple
|-resisted|p2a: Hydrapple
|-damage|p2a: Hydrapple|83/100
|-damage|p1a: Rillaboom|95/100|[from] Recoil
|
|-heal|p1a: Rillaboom|100/100|[from] Grassy Terrain
|-heal|p2a: Hydrapple|89/100|[from] Grassy Terrain
|upkeep
|turn|11
|
|t:|1760429347
|move|p1a: Rillaboom|U-turn|p2a: Hydrapple
|-supereffective|p2a: Hydrapple
|-damage|p2a: Hydrapple|50/100
|
|t:|1760429350
|switch|p1a: Primarina|Primarina, F|50/100|[from] U-turn
|move|p2a: Hydrapple|Giga Drain|p1a: Primarina
|-supereffective|p1a: Primarina
|-damage|p1a: Primarina|0 fnt
|-heal|p2a: Hydrapple|72/100|[from] drain|[of] p1a: Primarina
|faint|p1a: Primarina
|
|-heal|p2a: Hydrapple|78/100|[from] Grassy Terrain
|upkeep
|
|t:|1760429358
|switch|p1a: Cinderace|Cinderace, M|100/100
|turn|12
|
|t:|1760429361
|move|p1a: Cinderace|U-turn|p2a: Hydrapple
|-start|p1a: Cinderace|typechange|Bug|[from] ability: Libero
|-supereffective|p2a: Hydrapple
|-damage|p2a: Hydrapple|30/100
|
|t:|1760429365
|switch|p1a: Rillaboom|Rillaboom, M|100/100|[from] U-turn
|move|p2a: Hydrapple|Giga Drain|p1a: Rillaboom
|-resisted|p1a: Rillaboom
|-damage|p1a: Rillaboom|71/100
|-heal|p2a: Hydrapple|45/100|[from] drain|[of] p1a: Rillaboom
|
|-heal|p1a: Rillaboom|77/100|[from] Grassy Terrain
|-heal|p2a: Hydrapple|51/100|[from] Grassy Terrain
|upkeep
|turn|13
|
|t:|1760429369
|switch|p2a: Gliscor|Gliscor, M|54/100 tox
|move|p1a: Rillaboom|U-turn|p2a: Gliscor
|-resisted|p2a: Gliscor
|-damage|p2a: Gliscor|41/100 tox
|
|t:|1760429372
|switch|p1a: Cinderace|Cinderace, M|100/100|[from] U-turn
|
|-heal|p2a: Gliscor|53/100 tox|[from] ability: Poison Heal
|-fieldend|move: Grassy Terrain
|upkeep
|turn|14
|
|t:|1760429376
|move|p2a: Gliscor|Protect|p2a: Gliscor
|-singleturn|p2a: Gliscor|Protect
|move|p1a: Cinderace|Pyro Ball|p2a: Gliscor
|-activate|p2a: Gliscor|move: Protect
|
|-heal|p2a: Gliscor|66/100 tox|[from] ability: Poison Heal
|upkeep
|turn|15
|
|t:|1760429383
|switch|p2a: Alomomola|Alomomola, F|100/100
|move|p1a: Cinderace|U-turn|p2a: Alomomola
|-start|p1a: Cinderace|typechange|Bug|[from] ability: Libero
|-damage|p2a: Alomomola|82/100
|
|t:|1760429388
|switch|p1a: Rillaboom|Rillaboom, M|77/100|[from] U-turn
|-fieldstart|move: Grassy Terrain|[from] ability: Grassy Surge|[of] p1a: Rillaboom
|
|-heal|p1a: Rillaboom|83/100|[from] Grassy Terrain
|-heal|p2a: Alomomola|88/100|[from] Grassy Terrain
|upkeep
|turn|16
|
|t:|1760429391
|move|p2a: Alomomola|Protect|p2a: Alomomola
|-singleturn|p2a: Alomomola|Protect
|move|p1a: Rillaboom|U-turn|p2a: Alomomola
|-activate|p2a: Alomomola|move: Protect
|
|-heal|p1a: Rillaboom|89/100|[from] Grassy Terrain
|-heal|p2a: Alomomola|94/100|[from] Grassy Terrain
|upkeep
|turn|17
|
|t:|1760429396
|move|p1a: Rillaboom|U-turn|p2a: Alomomola
|-damage|p2a: Alomomola|81/100
|
|t:|1760429399
|switch|p1a: Serperior|Serperior, F|100/100|[from] U-turn
|move|p2a: Alomomola|Flip Turn|p1a: Serperior
|-resisted|p1a: Serperior
|-damage|p1a: Serperior|91/100
|
|t:|1760429404
|switch|p2a: Hydrapple|Hydrapple, M|84/100|[from] Flip Turn
|-activate|p2a: Hydrapple|move: Sticky Web
|-unboost|p2a: Hydrapple|spe|1
|
|-heal|p1a: Serperior|97/100|[from] Grassy Terrain
|-heal|p1a: Serperior|100/100|[from] item: Leftovers
|-heal|p2a: Hydrapple|90/100|[from] Grassy Terrain
|upkeep
|turn|18
|
|t:|1760429407
|move|p1a: Serperior|Dragon Pulse|p2a: Hydrapple
|-supereffective|p2a: Hydrapple
|-damage|p2a: Hydrapple|47/100
|move|p2a: Hydrapple|Fickle Beam|p1a: Serperior
|-damage|p1a: Serperior|17/100
|
|-heal|p1a: Serperior|23/100|[from] Grassy Terrain
|-heal|p1a: Serperior|29/100|[from] item: Leftovers
|-heal|p2a: Hydrapple|53/100|[from] Grassy Terrain
|upkeep
|turn|19
|
|t:|1760429416
|move|p1a: Serperior|Dragon Pulse|p2a: Hydrapple
|-supereffective|p2a: Hydrapple
|-damage|p2a: Hydrapple|11/100
|move|p2a: Hydrapple|Fickle Beam|p1a: Serperior
|-damage|p1a: Serperior|0 fnt
|faint|p1a: Serperior
|
|-heal|p2a: Hydrapple|17/100|[from] Grassy Terrain
|-fieldend|move: Grassy Terrain
|upkeep
|
|t:|1760429420
|switch|p1a: Rillaboom|Rillaboom, M|89/100
|-fieldstart|move: Grassy Terrain|[from] ability: Grassy Surge|[of] p1a: Rillaboom
|turn|20
|
|t:|1760429426
|move|p1a: Rillaboom|Knock Off|p2a: Hydrapple
|-crit|p2a: Hydrapple
|-damage|p2a: Hydrapple|0 fnt
|-enditem|p2a: Hydrapple|Choice Specs|[from] move: Knock Off|[of] p1a: Rillaboom
|faint|p2a: Hydrapple
|
|-heal|p1a: Rillaboom|96/100|[from] Grassy Terrain
|upkeep
|
|t:|1760429431
|switch|p2a: Talonflame|Talonflame, F|100/100
|turn|21
|
|t:|1760429442
|-terastallize|p1a: Rillaboom|Water
|move|p2a: Talonflame|Swords Dance|p2a: Talonflame
|-boost|p2a: Talonflame|atk|2
|move|p1a: Rillaboom|Knock Off|p2a: Talonflame
|-damage|p2a: Talonflame|44/100
|-enditem|p2a: Talonflame|Heavy-Duty Boots|[from] move: Knock Off|[of] p1a: Rillaboom
|
|-heal|p1a: Rillaboom|100/100|[from] Grassy Terrain
|upkeep
|turn|22
|
|t:|1760429457
|move|p1a: Rillaboom|Grassy Glide|p2a: Talonflame
|-resisted|p2a: Talonflame
|-damage|p2a: Talonflame|27/100
|move|p2a: Talonflame|Roost|p2a: Talonflame
|-heal|p2a: Talonflame|78/100
|-singleturn|p2a: Talonflame|move: Roost
|
|-heal|p2a: Talonflame|84/100|[from] Grassy Terrain
|upkeep
|turn|23
|
|t:|1760429464
|switch|p1a: Cinderace|Cinderace, M|100/100
|move|p2a: Talonflame|Swords Dance|p2a: Talonflame
|-boost|p2a: Talonflame|atk|2
|
|upkeep
|turn|24
|
|t:|1760429469
|move|p2a: Talonflame|Brave Bird|p1a: Cinderace
|-damage|p1a: Cinderace|0 fnt
|faint|p1a: Cinderace
|-damage|p2a: Talonflame|50/100|[from] Recoil
|
|-fieldend|move: Grassy Terrain
|upkeep
|
|t:|1760429471
|switch|p1a: Rillaboom|Rillaboom, M, tera:Water|100/100
|-fieldstart|move: Grassy Terrain|[from] ability: Grassy Surge|[of] p1a: Rillaboom
|turn|25
|
|t:|1760429478
|move|p2a: Talonflame|Brave Bird|p1a: Rillaboom
|-damage|p1a: Rillaboom|0 fnt
|faint|p1a: Rillaboom
|-damage|p2a: Talonflame|5/100|[from] Recoil
|
|win|Fhantazy
|raw|CourtTre's rating: 1387 &rarr; <strong>1365</strong><br />(-22 for losing)
|raw|Fhantazy's rating: 1360 &rarr; <strong>1382</strong><br />(+22 for winning)
|l|☆Fhantazy
|player|p2|
|l|☆CourtTre
|player|p1|
