|j|☆j0000000oi
|j|☆qing yun bing dao
|t:|1760332084
|gametype|singles
|player|p1|j0000000oi|iris|1124
|player|p2|qing yun bing dao|teamrocket|1182
|gen|9
|tier|[Gen 9] OU
|rated|
|rule|HP Percentage Mod: HP is shown in percentages
|rule|Endless Battle Clause: Forcing endless battles is banned
|rule|Species Clause: Limit one of each Pokémon
|rule|OHKO Clause: OHKO moves are banned
|rule|Evasion Items Clause: Evasion items are banned
|rule|Evasion Moves Clause: Evasion moves are banned
|rule|Evasion Abilities Clause: Evasion abilities are banned
|rule|Sleep Moves Clause: Sleep-inducing moves are banned
|clearpoke
|poke|p1|Meowscarada, F|
|poke|p1|Cinderace, F|
|poke|p1|Vaporeon, F|
|poke|p1|Hydreigon, M|
|poke|p1|Alcremie-Rainbow-Swirl, F|
|poke|p1|Arcanine-Hisui, F|
|poke|p2|Great Tusk|
|poke|p2|Raging Bolt|
|poke|p2|Dragapult, F|
|poke|p2|Slowking-Galar, F|
|poke|p2|Kingambit, M|
|poke|p2|Ogerpon-Wellspring, F|
|teampreview
|
|t:|1760332099
|teamsize|p1|6
|teamsize|p2|6
|start
|switch|p1a: Vaporeon|Vaporeon, F, shiny|100/100
|switch|p2a: Dragapult|Dragapult, F|100/100
|turn|1
|
|t:|1760332111
|move|p2a: Dragapult|Will-O-Wisp|p1a: Vaporeon
|-status|p1a: Vaporeon|brn
|move|p1a: Vaporeon|Acid Armor|p1a: Vaporeon
|-boost|p1a: Vaporeon|def|2
|
|-damage|p1a: Vaporeon|94/100 brn|[from] brn
|upkeep
|turn|2
|
|t:|1760332119
|move|p2a: Dragapult|Hex|p1a: Vaporeon
|-damage|p1a: Vaporeon|55/100 brn
|move|p1a: Vaporeon|Ice Beam|p2a: Dragapult
|-supereffective|p2a: Dragapult
|-damage|p2a: Dragapult|2/100
|
|-heal|p1a: Vaporeon|61/100 brn|[from] item: Leftovers
|-damage|p1a: Vaporeon|55/100 brn|[from] brn
|upkeep
|turn|3
|
|t:|1760332134
|move|p2a: Dragapult|U-turn|p1a: Vaporeon
|-damage|p1a: Vaporeon|45/100 brn
|
|t:|1760332139
|switch|p2a: Slowking|Slowking-Galar, F|100/100|[from] U-turn
|move|p1a: Vaporeon|Ice Beam|p2a: Slowking
|-damage|p2a: Slowking|84/100
|
|-heal|p1a: Vaporeon|51/100 brn|[from] item: Leftovers
|-damage|p1a: Vaporeon|45/100 brn|[from] brn
|upkeep
|turn|4
|
|t:|1760332153
|move|p1a: Vaporeon|Calm Mind|p1a: Vaporeon
|-boost|p1a: Vaporeon|spa|1
|-boost|p1a: Vaporeon|spd|1
|move|p2a: Slowking|Sludge Bomb|p1a: Vaporeon
|-damage|p1a: Vaporeon|27/100 brn
|
|-heal|p1a: Vaporeon|33/100 brn|[from] item: Leftovers
|-damage|p1a: Vaporeon|27/100 brn|[from] brn
|upkeep
|turn|5
|
|t:|1760332174
|move|p1a: Vaporeon|Ice Beam|p2a: Slowking
|-damage|p2a: Slowking|59/100
|move|p2a: Slowking|Sludge Bomb|p1a: Vaporeon
|-damage|p1a: Vaporeon|10/100 brn
|
|-heal|p1a: Vaporeon|16/100 brn|[from] item: Leftovers
|-damage|p1a: Vaporeon|10/100 brn|[from] brn
|upkeep
|turn|6
|
|t:|1760332184
|move|p1a: Vaporeon|Ice Beam|p2a: Slowking
|-damage|p2a: Slowking|35/100
|move|p2a: Slowking|Sludge Bomb|p1a: Vaporeon
|-damage|p1a: Vaporeon|0 fnt
|faint|p1a: Vaporeon
|
|upkeep
|
|t:|1760332202
|switch|p1a: Cinderace|Cinderace, F|100/100
|turn|7
|
|t:|1760332223
|move|p1a: Cinderace|Swords Dance|p1a: Cinderace
|-start|p1a: Cinderace|typechange|Normal|[from] ability: Libero
|-boost|p1a: Cinderace|atk|2
|move|p2a: Slowking|Sludge Bomb|p1a: Cinderace
|-damage|p1a: Cinderace|55/100
|
|upkeep
|turn|8
|
|t:|1760332232
|move|p1a: Cinderace|U-turn|p2a: Slowking
|-damage|p2a: Slowking|0 fnt
|faint|p2a: Slowking
|-damage|p1a: Cinderace|45/100|[from] item: Life Orb
|
|t:|1760332239
|switch|p1a: Alcremie|Alcremie-Rainbow-Swirl, F|100/100|[from] U-turn
|
|upkeep
|
|t:|1760332260
|switch|p2a: Dragapult|Dragapult, F|2/100
|turn|9
|
|t:|1760332267
|move|p2a: Dragapult|U-turn|p1a: Alcremie
|-resisted|p1a: Alcremie
|-damage|p1a: Alcremie|90/100
|
|t:|1760332271
|switch|p2a: Ogerpon|Ogerpon-Wellspring, F|100/100|[from] U-turn
|move|p1a: Alcremie|Draining Kiss|p2a: Ogerpon
|-damage|p2a: Ogerpon|78/100
|-heal|p1a: Alcremie|100/100|[from] drain|[of] p2a: Ogerpon
|
|upkeep
|turn|10
|
|t:|1760332281
|move|p2a: Ogerpon|Ivy Cudgel|p1a: Alcremie|[anim] Ivy Cudgel Water
|-damage|p1a: Alcremie|47/100
|move|p1a: Alcremie|Acid Armor|p1a: Alcremie
|-boost|p1a: Alcremie|def|2
|
|-heal|p1a: Alcremie|53/100|[from] item: Leftovers
|upkeep
|turn|11
|
|t:|1760332290
|-terastallize|p2a: Ogerpon|Water
|detailschange|p2a: Ogerpon|Ogerpon-Wellspring-Tera, F, tera:Water
|-ability|p2a: Ogerpon|Embody Aspect (Wellspring)|boost
|-boost|p2a: Ogerpon|spd|1
|move|p2a: Ogerpon|Ivy Cudgel|p1a: Alcremie|[anim] Ivy Cudgel Water
|-damage|p1a: Alcremie|16/100
|move|p1a: Alcremie|Draining Kiss|p2a: Ogerpon
|-damage|p2a: Ogerpon|62/100
|-heal|p1a: Alcremie|28/100|[from] drain|[of] p2a: Ogerpon
|
|-heal|p1a: Alcremie|34/100|[from] item: Leftovers
|upkeep
|turn|12
|
|t:|1760332304
|-terastallize|p1a: Alcremie|Steel
|move|p2a: Ogerpon|Ivy Cudgel|p1a: Alcremie|[anim] Ivy Cudgel Water
|-damage|p1a: Alcremie|0 fnt
|faint|p1a: Alcremie
|
|upkeep
|
|t:|1760332313
|switch|p1a: Arcanine|Arcanine-Hisui, F|100/100
|turn|13
|
|t:|1760332320
|move|p1a: Arcanine|Close Combat|p2a: Ogerpon
|-damage|p2a: Ogerpon|8/100
|-unboost|p1a: Arcanine|def|1
|-unboost|p1a: Arcanine|spd|1
|move|p2a: Ogerpon|Ivy Cudgel|p1a: Arcanine|[anim] Ivy Cudgel Water
|-supereffective|p1a: Arcanine
|-damage|p1a: Arcanine|0 fnt
|faint|p1a: Arcanine
|
|upkeep
|
|t:|1760332330
|switch|p1a: Meowscarada|Meowscarada, F|100/100
|turn|14
|
|t:|1760332336
|move|p1a: Meowscarada|Flower Trick|p2a: Ogerpon
|-start|p1a: Meowscarada|typechange|Grass|[from] ability: Protean
|-supereffective|p2a: Ogerpon
|-crit|p2a: Ogerpon
|-damage|p2a: Ogerpon|0 fnt
|faint|p2a: Ogerpon
|detailschange|p2: Ogerpon|Ogerpon-Wellspring, F|[silent]
|
|upkeep
|
|t:|1760332349
|switch|p2a: Dragapult|Dragapult, F|2/100
|turn|15
|
|t:|1760332360
|move|p2a: Dragapult|U-turn|p1a: Meowscarada
|-supereffective|p1a: Meowscarada
|-damage|p1a: Meowscarada|38/100
|
|t:|1760332367
|switch|p2a: Raging Bolt|Raging Bolt|100/100|[from] U-turn
|-enditem|p2a: Raging Bolt|Booster Energy
|-activate|p2a: Raging Bolt|ability: Protosynthesis|[fromitem]
|-start|p2a: Raging Bolt|protosynthesisspa
|move|p1a: Meowscarada|Knock Off|p2a: Raging Bolt
|-damage|p2a: Raging Bolt|80/100
|
|upkeep
|turn|16
|
|t:|1760332382
|move|p1a: Meowscarada|Play Rough|p2a: Raging Bolt
|-supereffective|p2a: Raging Bolt
|-damage|p2a: Raging Bolt|22/100
|move|p2a: Raging Bolt|Calm Mind|p2a: Raging Bolt
|-boost|p2a: Raging Bolt|spa|1
|-boost|p2a: Raging Bolt|spd|1
|
|upkeep
|turn|17
|
|t:|1760332390
|move|p2a: Raging Bolt|Thunderclap|p1a: Meowscarada
|-resisted|p1a: Meowscarada
|-damage|p1a: Meowscarada|0 fnt
|faint|p1a: Meowscarada
|
|upkeep
|
|t:|1760332397
|switch|p1a: Hydreigon|Hydreigon, M|100/100
|turn|18
|
|t:|1760332407
|move|p2a: Raging Bolt|Thunderclap|p1a: Hydreigon
|-resisted|p1a: Hydreigon
|-damage|p1a: Hydreigon|56/100
|move|p1a: Hydreigon|Dark Pulse|p2a: Raging Bolt
|-damage|p2a: Raging Bolt|0 fnt
|faint|p2a: Raging Bolt
|-end|p2a: Raging Bolt|Protosynthesis|[silent]
|
|upkeep
|
|t:|1760332416
|switch|p2a: Dragapult|Dragapult, F|2/100
|turn|19
|
|t:|1760332419
|move|p2a: Dragapult|Dragon Darts|p1a: Hydreigon
|-supereffective|p1a: Hydreigon
|-damage|p1a: Hydreigon|5/100
|-anim|p2a: Dragapult|Dragon Darts|p1a: Hydreigon
|-supereffective|p1a: Hydreigon
|-damage|p1a: Hydreigon|0 fnt
|faint|p1a: Hydreigon
|
|upkeep
|
|t:|1760332426
|switch|p1a: Cinderace|Cinderace, F|45/100
|turn|20
|
|t:|1760332433
|move|p2a: Dragapult|Will-O-Wisp|p1a: Cinderace|[miss]
|-miss|p2a: Dragapult|p1a: Cinderace
|move|p1a: Cinderace|Swords Dance|p1a: Cinderace
|-start|p1a: Cinderace|typechange|Normal|[from] ability: Libero
|-boost|p1a: Cinderace|atk|2
|
|upkeep
|turn|21
|
|t:|1760332443
|move|p2a: Dragapult|Will-O-Wisp|p1a: Cinderace
|-status|p1a: Cinderace|brn
|move|p1a: Cinderace|Iron Head|p2a: Dragapult
|-damage|p2a: Dragapult|0 fnt
|faint|p2a: Dragapult
|-damage|p1a: Cinderace|35/100 brn|[from] item: Life Orb
|
|-damage|p1a: Cinderace|29/100 brn|[from] brn
|upkeep
|
|t:|1760332457
|switch|p2a: Great Tusk|Great Tusk|100/100
|turn|22
|
|t:|1760332463
|move|p1a: Cinderace|U-turn|p2a: Great Tusk
|-resisted|p2a: Great Tusk
|-damage|p2a: Great Tusk|89/100
|-damage|p1a: Cinderace|12/100 brn|[from] item: Rocky Helmet|[of] p2a: Great Tusk
|-damage|p1a: Cinderace|2/100 brn|[from] item: Life Orb
|move|p2a: Great Tusk|Headlong Rush|p1a: Cinderace
|-damage|p1a: Cinderace|0 fnt
|-unboost|p2a: Great Tusk|def|1
|-unboost|p2a: Great Tusk|spd|1
|faint|p1a: Cinderace
|
|win|qing yun bing dao
|raw|j0000000oi's rating: 1124 &rarr; <strong>1103</strong><br />(-21 for losing)
|raw|qing yun bing dao's rating: 1182 &rarr; <strong>1203</strong><br />(+21 for winning)
|l|☆j0000000oi
|player|p1|
|l|☆qing yun bing dao
|player|p2|
|j|☆qing yun bing dao
|player|p2|qing yun bing dao|teamrocket|
|l|☆qing yun bing dao
|player|p2|
