|j|☆Chillmaxxer
|j|☆ktiltnieks
|t:|1760301648
|gametype|singles
|player|p1|Chillmaxxer|scientist-gen4|1427
|player|p2|ktiltnieks|colress|1461
|gen|9
|tier|[Gen 9] OU
|rated|
|rule|HP Percentage Mod: HP is shown in percentages
|rule|Endless Battle Clause: Forcing endless battles is banned
|rule|Species Clause: Limit one of each Pokémon
|rule|OHKO Clause: OHKO moves are banned
|rule|Evasion Items Clause: Evasion items are banned
|rule|Evasion Moves Clause: Evasion moves are banned
|rule|Evasion Abilities Clause: Evasion abilities are banned
|rule|Sleep Moves Clause: Sleep-inducing moves are banned
|clearpoke
|poke|p1|Moltres-Galar|
|poke|p1|Pelipper, M|
|poke|p1|Pawmot, M|
|poke|p1|Quaquaval, M|
|poke|p1|Beartic, F|
|poke|p1|Basculegion, M|
|poke|p2|Ogerpon-Wellspring, F|
|poke|p2|Kingambit, F|
|poke|p2|Landorus-Therian, M|
|poke|p2|Glimmora, M|
|poke|p2|Dragapult, F|
|poke|p2|Iron Valiant|
|teampreview
|
|t:|1760301677
|teamsize|p1|6
|teamsize|p2|6
|start
|switch|p1a: Pelipper|Pelipper, M|100/100
|switch|p2a: Landorus|Landorus-Therian, M|100/100
|-ability|p2a: Landorus|Intimidate|boost
|-unboost|p1a: Pelipper|atk|1
|-weather|RainDance|[from] ability: Drizzle|[of] p1a: Pelipper
|turn|1
|
|t:|1760301687
|move|p2a: Landorus|Stealth Rock|p1a: Pelipper
|-sidestart|p1: Chillmaxxer|move: Stealth Rock
|move|p1a: Pelipper|Hurricane|p2a: Landorus
|-damage|p2a: Landorus|59/100
|-start|p2a: Landorus|confusion
|
|-weather|RainDance|[upkeep]
|upkeep
|turn|2
|
|t:|1760301695
|-activate|p2a: Landorus|confusion
|move|p2a: Landorus|U-turn|p1a: Pelipper
|-resisted|p1a: Pelipper
|-damage|p1a: Pelipper|92/100
|
|t:|1760301699
|switch|p2a: Kingambit|Kingambit, F|100/100|[from] U-turn
|move|p1a: Pelipper|U-turn|p2a: Kingambit
|-damage|p2a: Kingambit|96/100
|
|t:|1760301709
|switch|p1a: Quaquaval|Quaquaval, M|100/100|[from] U-turn
|-damage|p1a: Quaquaval|94/100|[from] Stealth Rock
|
|-weather|RainDance|[upkeep]
|-heal|p2a: Kingambit|100/100|[from] item: Leftovers
|upkeep
|turn|3
|
|t:|1760301719
|-end|p2a: Kingambit|fallenundefined|[silent]
|switch|p2a: Dragapult|Dragapult, F|100/100
|move|p1a: Quaquaval|Substitute|p1a: Quaquaval
|-start|p1a: Quaquaval|Substitute
|-damage|p1a: Quaquaval|69/100
|
|-weather|RainDance|[upkeep]
|upkeep
|turn|4
|
|t:|1760301725
|move|p2a: Dragapult|Shadow Ball|p1a: Quaquaval
|-end|p1a: Quaquaval|Substitute
|move|p1a: Quaquaval|Aqua Step|p2a: Dragapult
|-resisted|p2a: Dragapult
|-damage|p2a: Dragapult|59/100
|-boost|p1a: Quaquaval|spe|1
|
|-weather|RainDance|[upkeep]
|upkeep
|turn|5
|
|t:|1760301737
|-terastallize|p2a: Dragapult|Ghost
|move|p1a: Quaquaval|Substitute|p1a: Quaquaval
|-start|p1a: Quaquaval|Substitute
|-damage|p1a: Quaquaval|44/100
|move|p2a: Dragapult|Shadow Ball|p1a: Quaquaval
|-end|p1a: Quaquaval|Substitute
|
|-weather|RainDance|[upkeep]
|upkeep
|turn|6
|
|t:|1760301742
|move|p1a: Quaquaval|Aqua Step|p2a: Dragapult
|-damage|p2a: Dragapult|0 fnt
|-boost|p1a: Quaquaval|spe|1
|faint|p2a: Dragapult
|
|-weather|RainDance|[upkeep]
|upkeep
|
|t:|1760301746
|switch|p2a: Kingambit|Kingambit, F|100/100
|-activate|p2a: Kingambit|ability: Supreme Overlord
|-start|p2a: Kingambit|fallen1|[silent]
|turn|7
|
|t:|1760301754
|move|p2a: Kingambit|Sucker Punch|p1a: Quaquaval
|-resisted|p1a: Quaquaval
|-damage|p1a: Quaquaval|15/100
|-enditem|p1a: Quaquaval|Liechi Berry|[eat]
|-boost|p1a: Quaquaval|atk|1|[from] item: Liechi Berry
|move|p1a: Quaquaval|Rapid Spin|p2a: Kingambit
|-resisted|p2a: Kingambit
|-damage|p2a: Kingambit|92/100
|-boost|p1a: Quaquaval|spe|1
|-sideend|p1: Chillmaxxer|Stealth Rock|[from] move: Rapid Spin|[of] p1a: Quaquaval
|
|-weather|RainDance|[upkeep]
|-heal|p2a: Kingambit|98/100|[from] item: Leftovers
|upkeep
|turn|8
|
|t:|1760301758
|move|p2a: Kingambit|Sucker Punch||[still]
|-fail|p2a: Kingambit
|move|p1a: Quaquaval|Substitute|p1a: Quaquaval
|-fail|p1a: Quaquaval|move: Substitute|[weak]
|
|-weather|none
|-heal|p2a: Kingambit|100/100|[from] item: Leftovers
|upkeep
|turn|9
|
|t:|1760301762
|move|p2a: Kingambit|Sucker Punch||[still]
|-fail|p2a: Kingambit
|move|p1a: Quaquaval|Substitute|p1a: Quaquaval
|-fail|p1a: Quaquaval|move: Substitute|[weak]
|
|upkeep
|turn|10
|
|t:|1760301765
|move|p2a: Kingambit|Sucker Punch||[still]
|-fail|p2a: Kingambit
|move|p1a: Quaquaval|Substitute|p1a: Quaquaval
|-fail|p1a: Quaquaval|move: Substitute|[weak]
|
|upkeep
|turn|11
|
|t:|1760301767
|move|p1a: Quaquaval|Substitute|p1a: Quaquaval
|-fail|p1a: Quaquaval|move: Substitute|[weak]
|move|p2a: Kingambit|Kowtow Cleave|p1a: Quaquaval
|-resisted|p1a: Quaquaval
|-damage|p1a: Quaquaval|0 fnt
|faint|p1a: Quaquaval
|
|upkeep
|
|t:|1760301774
|switch|p1a: Pawmot|Pawmot, M|100/100
|turn|12
|
|t:|1760301792
|-end|p2a: Kingambit|fallen1|[silent]
|switch|p2a: Ogerpon|Ogerpon-Wellspring, F|100/100
|move|p1a: Pawmot|Revival Blessing|p1a: Pawmot
|-enditem|p1a: Pawmot|Leppa Berry|[eat]
|-activate|p1a: Pawmot|item: Leppa Berry|Revival Blessing|[consumed]
|
|t:|1760301796
|-heal|p1: Quaquaval|50/100|[from] move: Revival Blessing
|
|upkeep
|turn|13
|
|t:|1760301802
|switch|p1a: Pelipper|Pelipper, M|92/100
|-weather|RainDance|[from] ability: Drizzle|[of] p1a: Pelipper
|move|p2a: Ogerpon|Play Rough|p1a: Pelipper
|-damage|p1a: Pelipper|64/100
|
|-weather|RainDance|[upkeep]
|upkeep
|turn|14
|
|t:|1760301811
|switch|p2a: Glimmora|Glimmora, M|100/100
|move|p1a: Pelipper|U-turn|p2a: Glimmora
|-resisted|p2a: Glimmora
|-damage|p2a: Glimmora|95/100
|-activate|p2a: Glimmora|ability: Toxic Debris
|-sidestart|p1: Chillmaxxer|move: Toxic Spikes
|
|t:|1760301827
|switch|p1a: Beartic|Beartic, F|100/100|[from] U-turn
|-status|p1a: Beartic|psn
|
|-weather|RainDance|[upkeep]
|-damage|p1a: Beartic|88/100 psn|[from] psn
|upkeep
|turn|15
|
|t:|1760301841
|move|p1a: Beartic|Earthquake|p2a: Glimmora
|-supereffective|p2a: Glimmora
|-damage|p2a: Glimmora|0 fnt
|-activate|p2a: Glimmora|ability: Toxic Debris
|-sidestart|p1: Chillmaxxer|move: Toxic Spikes
|faint|p2a: Glimmora
|-damage|p1a: Beartic|78/100 psn|[from] item: Life Orb
|
|-weather|RainDance|[upkeep]
|-damage|p1a: Beartic|66/100 psn|[from] psn
|upkeep
|
|t:|1760301851
|switch|p2a: Landorus|Landorus-Therian, M|59/100
|-ability|p2a: Landorus|Intimidate|boost
|-unboost|p1a: Beartic|atk|1
|turn|16
|
|t:|1760301862
|move|p1a: Beartic|Icicle Crash|p2a: Landorus
|-supereffective|p2a: Landorus
|-damage|p2a: Landorus|0 fnt
|faint|p2a: Landorus
|-damage|p1a: Beartic|56/100 psn|[from] item: Life Orb
|
|-weather|RainDance|[upkeep]
|-damage|p1a: Beartic|43/100 psn|[from] psn
|upkeep
|
|t:|1760301867
|switch|p2a: Kingambit|Kingambit, F|100/100
|-activate|p2a: Kingambit|ability: Supreme Overlord
|-start|p2a: Kingambit|fallen3|[silent]
|turn|17
|
|t:|1760301870
|move|p2a: Kingambit|Sucker Punch|p1a: Beartic
|-damage|p1a: Beartic|0 fnt
|faint|p1a: Beartic
|
|-weather|RainDance|[upkeep]
|upkeep
|
|t:|1760301876
|switch|p1a: Pawmot|Pawmot, M|100/100
|-status|p1a: Pawmot|tox
|turn|18
|
|t:|1760301886
|-end|p2a: Kingambit|fallen3|[silent]
|switch|p2a: Iron Valiant|Iron Valiant|100/100
|-enditem|p2a: Iron Valiant|Booster Energy
|-activate|p2a: Iron Valiant|ability: Quark Drive|[fromitem]
|-start|p2a: Iron Valiant|quarkdrivespe
|move|p1a: Pawmot|Revival Blessing|p1a: Pawmot
|
|t:|1760301888
|-heal|p1: Beartic|50/100|[from] move: Revival Blessing
|
|-weather|RainDance|[upkeep]
|-damage|p1a: Pawmot|94/100 tox|[from] psn
|upkeep
|turn|19
|
|t:|1760301892
|move|p2a: Iron Valiant|Swords Dance|p2a: Iron Valiant
|-boost|p2a: Iron Valiant|atk|2
|move|p1a: Pawmot|Volt Switch|p2a: Iron Valiant
|-damage|p2a: Iron Valiant|71/100
|
|t:|1760301911
|switch|p1a: Pelipper|Pelipper, M|64/100|[from] Volt Switch
|
|-weather|RainDance|[upkeep]
|upkeep
|turn|20
|
|t:|1760301925
|move|p2a: Iron Valiant|Spirit Break|p1a: Pelipper
|-damage|p1a: Pelipper|4/100
|-unboost|p1a: Pelipper|spa|1
|move|p1a: Pelipper|Surf|p2a: Iron Valiant
|-damage|p2a: Iron Valiant|22/100
|
|-weather|none
|upkeep
|turn|21
|
|t:|1760301935
|switch|p1a: Pawmot|Pawmot, M|94/100 tox
|move|p2a: Iron Valiant|Spirit Break|p1a: Pawmot
|-supereffective|p1a: Pawmot
|-damage|p1a: Pawmot|0 fnt
|faint|p1a: Pawmot
|
|upkeep
|
|t:|1760301966
|switch|p1a: Basculegion|Basculegion, M|100/100
|-status|p1a: Basculegion|tox
|turn|22
|
|t:|1760301971
|move|p1a: Basculegion|Aqua Jet|p2a: Iron Valiant
|-crit|p2a: Iron Valiant
|-damage|p2a: Iron Valiant|0 fnt
|faint|p2a: Iron Valiant
|-end|p2a: Iron Valiant|Quark Drive|[silent]
|
|-damage|p1a: Basculegion|94/100 tox|[from] psn
|upkeep
|
|t:|1760301980
|switch|p2a: Ogerpon|Ogerpon-Wellspring, F|100/100
|turn|23
|
|t:|1760301984
|switch|p1a: Pelipper|Pelipper, M|4/100
|-weather|RainDance|[from] ability: Drizzle|[of] p1a: Pelipper
|move|p2a: Ogerpon|Horn Leech|p1a: Pelipper
|-damage|p1a: Pelipper|0 fnt
|faint|p1a: Pelipper
|
|-weather|RainDance|[upkeep]
|upkeep
|
|t:|1760302005
|switch|p1a: Quaquaval|Quaquaval, M|50/100
|-status|p1a: Quaquaval|tox
|turn|24
|
|t:|1760302011
|move|p2a: Ogerpon|Horn Leech|p1a: Quaquaval
|-supereffective|p1a: Quaquaval
|-damage|p1a: Quaquaval|0 fnt
|faint|p1a: Quaquaval
|
|-weather|RainDance|[upkeep]
|upkeep
|
|t:|1760302017
|switch|p1a: Moltres|Moltres-Galar|100/100
|turn|25
|
|t:|1760302033
|switch|p1a: Basculegion|Basculegion, M|94/100 tox
|move|p2a: Ogerpon|Ivy Cudgel|p1a: Basculegion|[anim] Ivy Cudgel Water
|-resisted|p1a: Basculegion
|-damage|p1a: Basculegion|41/100 tox
|
|-weather|RainDance|[upkeep]
|-damage|p1a: Basculegion|35/100 tox|[from] psn
|upkeep
|turn|26
|
|t:|1760302041
|move|p1a: Basculegion|Head Smash|p2a: Ogerpon
|-damage|p2a: Ogerpon|0 fnt
|faint|p2a: Ogerpon
|-damage|p1a: Basculegion|0 fnt|[from] Recoil
|faint|p1a: Basculegion
|
|-weather|RainDance|[upkeep]
|upkeep
|
|t:|1760302053
|switch|p2a: Kingambit|Kingambit, F|100/100
|switch|p1a: Moltres|Moltres-Galar|100/100
|-activate|p2a: Kingambit|ability: Supreme Overlord
|-start|p2a: Kingambit|fallen5|[silent]
|turn|27
|
|t:|1760302063
|-terastallize|p1a: Moltres|Dark
|move|p1a: Moltres|Foul Play|p2a: Kingambit
|-resisted|p2a: Kingambit
|-damage|p2a: Kingambit|72/100
|move|p2a: Kingambit|Swords Dance|p2a: Kingambit
|-boost|p2a: Kingambit|atk|2
|
|-weather|RainDance|[upkeep]
|-heal|p2a: Kingambit|79/100|[from] item: Leftovers
|upkeep
|turn|28
|
|t:|1760302068
|move|p1a: Moltres|Foul Play|p2a: Kingambit
|-resisted|p2a: Kingambit
|-damage|p2a: Kingambit|26/100
|move|p2a: Kingambit|Iron Head|p1a: Moltres
|-damage|p1a: Moltres|0 fnt
|faint|p1a: Moltres
|
|-weather|RainDance|[upkeep]
|-heal|p2a: Kingambit|32/100|[from] item: Leftovers
|upkeep
|
|t:|1760302072
|switch|p1a: Beartic|Beartic, F|50/100
|-status|p1a: Beartic|tox
|turn|29
|
|t:|1760302080
|move|p2a: Kingambit|Sucker Punch|p1a: Beartic
|-damage|p1a: Beartic|0 fnt
|faint|p1a: Beartic
|
|win|ktiltnieks
|raw|Chillmaxxer's rating: 1427 &rarr; <strong>1409</strong><br />(-18 for losing)
|raw|ktiltnieks's rating: 1461 &rarr; <strong>1479</strong><br />(+18 for winning)
|c|☆ktiltnieks|gg
|c|☆Chillmaxxer|gg
|l|☆Chillmaxxer
|player|p1|
|l|☆ktiltnieks
|player|p2|
|j|☆Chillmaxxer
|player|p1|Chillmaxxer|scientist-gen4|
