|j|☆luketheidiot
|j|☆YJIOG
|t:|1760407772
|gametype|singles
|player|p1|luketheidiot|iris-gen5bw2|1135
|player|p2|YJIOG|scientist-gen4dp|1125
|gen|9
|tier|[Gen 9] OU
|rated|
|rule|HP Percentage Mod: HP is shown in percentages
|rule|Endless Battle Clause: Forcing endless battles is banned
|rule|Species Clause: Limit one of each Pokémon
|rule|OHKO Clause: OHKO moves are banned
|rule|Evasion Items Clause: Evasion items are banned
|rule|Evasion Moves Clause: Evasion moves are banned
|rule|Evasion Abilities Clause: Evasion abilities are banned
|rule|Sleep Moves Clause: Sleep-inducing moves are banned
|clearpoke
|poke|p1|Greninja-*, M|
|poke|p1|Talonflame, M|
|poke|p1|Volcanion|
|poke|p1|Diancie|
|poke|p1|Gogoat, M|
|poke|p1|Florges-Blue, F|
|poke|p2|Electivire, F|
|poke|p2|Alomomola, F|
|poke|p2|Dragapult, F|
|poke|p2|Hydrapple, F|
|poke|p2|Great Tusk|
|poke|p2|Goodra-Hisui, M|
|teampreview
|inactive|Battle timer is ON: inactive players will automatically lose when time's up. (requested by luketheidiot)
|
|t:|1760407787
|teamsize|p1|6
|teamsize|p2|6
|start
|switch|p1a: Volcanion|Volcanion|100/100
|switch|p2a: Electivire|Electivire, F|100/100
|turn|1
|
|t:|1760407794
|move|p2a: Electivire|Thunderbolt|p1a: Volcanion
|-supereffective|p1a: Volcanion
|-damage|p1a: Volcanion|4/100
|-status|p1a: Volcanion|par
|-damage|p2a: Electivire|91/100|[from] item: Life Orb
|cant|p1a: Volcanion|par
|
|-heal|p1a: Volcanion|10/100 par|[from] item: Leftovers
|upkeep
|turn|2
|
|t:|1760407806
|move|p2a: Electivire|Earthquake|p1a: Volcanion
|-supereffective|p1a: Volcanion
|-damage|p1a: Volcanion|0 fnt
|faint|p1a: Volcanion
|-damage|p2a: Electivire|81/100|[from] item: Life Orb
|
|upkeep
|
|t:|1760407826
|switch|p1a: Diancie|Diancie|100/100
|turn|3
|
|t:|1760407830
|-terastallize|p2a: Electivire|Ground
|move|p2a: Electivire|Earthquake|p1a: Diancie
|-supereffective|p1a: Diancie
|-damage|p1a: Diancie|13/100
|-damage|p2a: Electivire|71/100|[from] item: Life Orb
|move|p1a: Diancie|Diamond Storm|p2a: Electivire
|-resisted|p2a: Electivire
|-damage|p2a: Electivire|41/100
|
|-heal|p1a: Diancie|19/100|[from] item: Leftovers
|upkeep
|turn|4
|
|t:|1760407842
|move|p2a: Electivire|Thunderbolt|p1a: Diancie
|-damage|p1a: Diancie|0 fnt
|faint|p1a: Diancie
|-damage|p2a: Electivire|31/100|[from] item: Life Orb
|
|upkeep
|
|t:|1760407856
|switch|p1a: Gogoat|Gogoat, M|100/100
|turn|5
|
|t:|1760407859
|switch|p2a: Hydrapple|Hydrapple, F|100/100
|move|p1a: Gogoat|Trailblaze|p2a: Hydrapple
|-resisted|p2a: Hydrapple
|-damage|p2a: Hydrapple|98/100
|-boost|p1a: Gogoat|spe|1
|
|upkeep
|turn|6
|
|t:|1760407867
|move|p1a: Gogoat|Bulk Up|p1a: Gogoat
|-boost|p1a: Gogoat|atk|1
|-boost|p1a: Gogoat|def|1
|move|p2a: Hydrapple|Nasty Plot|p2a: Hydrapple
|-boost|p2a: Hydrapple|spa|2
|
|upkeep
|turn|7
|
|t:|1760407874
|switch|p1a: Florges|Florges-Blue, F|100/100
|move|p2a: Hydrapple|Fickle Beam|p1a: Florges
|-immune|p1a: Florges
|
|upkeep
|turn|8
|
|t:|1760407882
|switch|p2a: Goodra|Goodra-Hisui, M|100/100
|move|p1a: Florges|Moonblast|p2a: Goodra
|-damage|p2a: Goodra|86/100
|
|upkeep
|turn|9
|
|t:|1760407888
|move|p1a: Florges|Protect|p1a: Florges
|-singleturn|p1a: Florges|Protect
|move|p2a: Goodra|Knock Off|p1a: Florges
|-activate|p1a: Florges|move: Protect
|
|upkeep
|turn|10
|
|t:|1760407898
|move|p1a: Florges|Wish|p1a: Florges
|move|p2a: Goodra|Flash Cannon|p1a: Florges
|-supereffective|p1a: Florges
|-damage|p1a: Florges|60/100
|
|-heal|p1a: Florges|67/100|[from] item: Leftovers
|upkeep
|turn|11
|
|t:|1760407908
|-terastallize|p1a: Florges|Ground
|move|p1a: Florges|Tera Blast|p2a: Goodra|[anim] Tera Blast Ground
|-supereffective|p2a: Goodra
|-damage|p2a: Goodra|59/100
|move|p2a: Goodra|Knock Off|p1a: Florges
|-damage|p1a: Florges|38/100
|-enditem|p1a: Florges|Leftovers|[from] move: Knock Off|[of] p2a: Goodra
|
|-heal|p1a: Florges|88/100|[from] move: Wish|[wisher] Florges
|upkeep
|turn|12
|
|t:|1760407928
|move|p1a: Florges|Wish|p1a: Florges
|move|p2a: Goodra|Flash Cannon|p1a: Florges
|-damage|p1a: Florges|70/100
|
|upkeep
|turn|13
|
|t:|1760407940
|switch|p2a: Alomomola|Alomomola, F|100/100
|move|p1a: Florges|Tera Blast|p2a: Alomomola|[anim] Tera Blast Ground
|-damage|p2a: Alomomola|55/100
|
|-heal|p1a: Florges|100/100|[from] move: Wish|[wisher] Florges
|upkeep
|turn|14
|
|t:|1760407950
|switch|p1a: Gogoat|Gogoat, M|100/100
|move|p2a: Alomomola|Flip Turn|p1a: Gogoat
|-resisted|p1a: Gogoat
|-damage|p1a: Gogoat|90/100
|
|t:|1760407957
|switch|p2a: Hydrapple|Hydrapple, F|100/100|[from] Flip Turn
|
|-heal|p1a: Gogoat|97/100|[from] item: Leftovers
|upkeep
|turn|15
|
|t:|1760407965
|switch|p1a: Talonflame|Talonflame, M|100/100
|move|p2a: Hydrapple|Giga Drain|p1a: Talonflame
|-resisted|p1a: Talonflame
|-damage|p1a: Talonflame|89/100
|
|upkeep
|turn|16
|
|t:|1760407973
|switch|p2a: Alomomola|Alomomola, F|88/100
|move|p1a: Talonflame|Flare Blitz|p2a: Alomomola
|-resisted|p2a: Alomomola
|-damage|p2a: Alomomola|76/100
|-damage|p1a: Talonflame|82/100|[from] Recoil
|
|upkeep
|turn|17
|
|t:|1760407981
|switch|p1a: Gogoat|Gogoat, M|97/100
|move|p2a: Alomomola|Wish|p2a: Alomomola
|
|-heal|p1a: Gogoat|100/100|[from] item: Leftovers
|upkeep
|turn|18
|
|t:|1760407989
|switch|p2a: Hydrapple|Hydrapple, F|100/100
|move|p1a: Gogoat|Trailblaze|p2a: Hydrapple
|-resisted|p2a: Hydrapple
|-damage|p2a: Hydrapple|98/100
|-boost|p1a: Gogoat|spe|1
|
|-heal|p2a: Hydrapple|100/100|[from] move: Wish|[wisher] Alomomola
|upkeep
|turn|19
|
|t:|1760408000
|move|p1a: Gogoat|Bulk Up|p1a: Gogoat
|-boost|p1a: Gogoat|atk|1
|-boost|p1a: Gogoat|def|1
|move|p2a: Hydrapple|Fickle Beam|p1a: Gogoat
|-damage|p1a: Gogoat|66/100
|
|-heal|p1a: Gogoat|73/100|[from] item: Leftovers
|upkeep
|turn|20
|
|t:|1760408008
|move|p1a: Gogoat|Bulk Up|p1a: Gogoat
|-boost|p1a: Gogoat|atk|1
|-boost|p1a: Gogoat|def|1
|move|p2a: Hydrapple|Nasty Plot|p2a: Hydrapple
|-boost|p2a: Hydrapple|spa|2
|
|-heal|p1a: Gogoat|79/100|[from] item: Leftovers
|upkeep
|turn|21
|
|t:|1760408017
|move|p1a: Gogoat|Trailblaze|p2a: Hydrapple
|-resisted|p2a: Hydrapple
|-damage|p2a: Hydrapple|94/100
|-boost|p1a: Gogoat|spe|1
|move|p2a: Hydrapple|Fickle Beam|p1a: Gogoat
|-damage|p1a: Gogoat|14/100
|
|-heal|p1a: Gogoat|21/100|[from] item: Leftovers
|upkeep
|turn|22
|
|t:|1760408027
|move|p1a: Gogoat|Milk Drink|p1a: Gogoat
|-heal|p1a: Gogoat|71/100
|move|p2a: Hydrapple|Giga Drain|p1a: Gogoat
|-ability|p1a: Gogoat|Sap Sipper|boost
|-boost|p1a: Gogoat|atk|1
|
|-heal|p1a: Gogoat|77/100|[from] item: Leftovers
|upkeep
|turn|23
|
|t:|1760408035
|move|p1a: Gogoat|Earthquake|p2a: Hydrapple
|-resisted|p2a: Hydrapple
|-damage|p2a: Hydrapple|73/100
|move|p2a: Hydrapple|Fickle Beam|p1a: Gogoat
|-damage|p1a: Gogoat|10/100
|
|-heal|p1a: Gogoat|16/100|[from] item: Leftovers
|upkeep
|turn|24
|
|t:|1760408045
|move|p1a: Gogoat|Milk Drink|p1a: Gogoat
|-heal|p1a: Gogoat|66/100
|move|p2a: Hydrapple|Nasty Plot|p2a: Hydrapple
|-boost|p2a: Hydrapple|spa|2
|
|-heal|p1a: Gogoat|72/100|[from] item: Leftovers
|upkeep
|turn|25
|
|t:|1760408053
|move|p1a: Gogoat|Earthquake|p2a: Hydrapple
|-resisted|p2a: Hydrapple
|-damage|p2a: Hydrapple|51/100
|move|p2a: Hydrapple|Fickle Beam|p1a: Gogoat|[anim] Fickle Beam All Out
|-activate|p2a: Hydrapple|move: Fickle Beam
|-damage|p1a: Gogoat|0 fnt
|faint|p1a: Gogoat
|
|upkeep
|
|t:|1760408056
|switch|p1a: Talonflame|Talonflame, M|82/100
|turn|26
|
|t:|1760408063
|switch|p2a: Alomomola|Alomomola, F|100/100
|move|p1a: Talonflame|Flare Blitz|p2a: Alomomola
|-resisted|p2a: Alomomola
|-damage|p2a: Alomomola|89/100
|-damage|p1a: Talonflame|75/100|[from] Recoil
|
|upkeep
|turn|27
|
|t:|1760408070
|move|p1a: Talonflame|Flare Blitz|p2a: Alomomola
|-resisted|p2a: Alomomola
|-damage|p2a: Alomomola|77/100
|-status|p2a: Alomomola|brn
|-damage|p1a: Talonflame|68/100|[from] Recoil
|move|p2a: Alomomola|Wish|p2a: Alomomola
|
|-damage|p2a: Alomomola|71/100 brn|[from] brn
|upkeep
|turn|28
|
|t:|1760408081
|move|p1a: Talonflame|Flare Blitz|p2a: Alomomola
|-resisted|p2a: Alomomola
|-damage|p2a: Alomomola|59/100 brn
|-damage|p1a: Talonflame|61/100|[from] Recoil
|move|p2a: Alomomola|Flip Turn|p1a: Talonflame
|-supereffective|p1a: Talonflame
|-damage|p1a: Talonflame|38/100
|
|t:|1760408090
|switch|p2a: Electivire|Electivire, F, tera:Ground|31/100|[from] Flip Turn
|
|-heal|p2a: Electivire|100/100|[from] move: Wish|[wisher] Alomomola
|upkeep
|turn|29
|
|t:|1760408097
|switch|p2a: Alomomola|Alomomola, F|92/100 brn
|move|p1a: Talonflame|Roost|p1a: Talonflame
|-heal|p1a: Talonflame|88/100
|-singleturn|p1a: Talonflame|move: Roost
|
|-damage|p2a: Alomomola|86/100 brn|[from] brn
|upkeep
|turn|30
|
|t:|1760408106
|move|p1a: Talonflame|Brave Bird|p2a: Alomomola
|-damage|p2a: Alomomola|62/100 brn
|-damage|p1a: Talonflame|74/100|[from] Recoil
|move|p2a: Alomomola|Wish|p2a: Alomomola
|
|-damage|p2a: Alomomola|56/100 brn|[from] brn
|upkeep
|turn|31
|
|t:|1760408114
|move|p1a: Talonflame|Brave Bird|p2a: Alomomola
|-damage|p2a: Alomomola|33/100 brn
|-damage|p1a: Talonflame|60/100|[from] Recoil
|move|p2a: Alomomola|Flip Turn|p1a: Talonflame
|-supereffective|p1a: Talonflame
|-damage|p1a: Talonflame|35/100
|
|t:|1760408121
|switch|p2a: Goodra|Goodra-Hisui, M|59/100|[from] Flip Turn
|
|-heal|p2a: Goodra|100/100|[from] move: Wish|[wisher] Alomomola
|upkeep
|turn|32
|
|t:|1760408128
|switch|p2a: Alomomola|Alomomola, F|66/100 brn
|move|p1a: Talonflame|Flare Blitz|p2a: Alomomola
|-resisted|p2a: Alomomola
|-damage|p2a: Alomomola|54/100 brn
|-damage|p1a: Talonflame|27/100|[from] Recoil
|
|-damage|p2a: Alomomola|48/100 brn|[from] brn
|upkeep
|turn|33
|-message|luketheidiot forfeited.
|
|win|YJIOG
|raw|luketheidiot's rating: 1135 &rarr; <strong>1109</strong><br />(-26 for losing)
|raw|YJIOG's rating: 1125 &rarr; <strong>1151</strong><br />(+26 for winning)
|l|☆luketheidiot
|player|p1|
|l|☆YJIOG
|player|p2|
