|j|☆trubeliever
|j|☆ballyhoogreen
|t:|1760368153
|gametype|singles
|player|p1|trubeliever|pokemaniac|1155
|player|p2|ballyhoogreen|maid|1171
|gen|9
|tier|[Gen 9] OU
|rated|
|rule|HP Percentage Mod: HP is shown in percentages
|rule|Endless Battle Clause: Forcing endless battles is banned
|rule|Species Clause: Limit one of each Pokémon
|rule|OHKO Clause: OHKO moves are banned
|rule|Evasion Items Clause: Evasion items are banned
|rule|Evasion Moves Clause: Evasion moves are banned
|rule|Evasion Abilities Clause: Evasion abilities are banned
|rule|Sleep Moves Clause: Sleep-inducing moves are banned
|clearpoke
|poke|p1|Dragapult, F|
|poke|p1|Slowking-Galar, M|
|poke|p1|Gliscor, F|
|poke|p1|Hatterene, F|
|poke|p1|Gholdengo|
|poke|p1|Samurott-Hisui, M|
|poke|p2|Glastrier|
|poke|p2|Slowbro-Galar, M|
|poke|p2|Polteageist|
|poke|p2|Cinccino, M|
|poke|p2|Jirachi|
|poke|p2|Tatsugiri-Stretchy, M|
|teampreview
|inactive|Battle timer is ON: inactive players will automatically lose when time's up. (requested by trubeliever)
|
|t:|1760368172
|teamsize|p1|6
|teamsize|p2|6
|start
|switch|p1a: Dragapult|Dragapult, F, shiny|100/100
|switch|p2a: LetsGoGambling|Slowbro-Galar, M|100/100
|turn|1
|
|t:|1760368192
|-terastallize|p2a: LetsGoGambling|Fire
|move|p1a: Dragapult|U-turn|p2a: LetsGoGambling
|-resisted|p2a: LetsGoGambling
|-damage|p2a: LetsGoGambling|91/100
|
|t:|1760368198
|switch|p1a: Gholdengo|Gholdengo|100/100|[from] U-turn
|move|p2a: LetsGoGambling|Belly Drum|p2a: LetsGoGambling
|-damage|p2a: LetsGoGambling|41/100
|-setboost|p2a: LetsGoGambling|atk|6|[from] move: Belly Drum
|
|upkeep
|turn|2
|-activate|p2a: LetsGoGambling|item: Quick Claw
|
|t:|1760368208
|switch|p1a: Gliscor|Gliscor, F|100/100
|move|p2a: LetsGoGambling|Liquidation|p1a: Gliscor
|-supereffective|p1a: Gliscor
|-damage|p1a: Gliscor|0 fnt
|faint|p1a: Gliscor
|
|upkeep
|inactive|trubeliever has 120 seconds left.
|
|t:|1760368238
|switch|p1a: Gholdengo|Gholdengo|100/100
|turn|3
|-activate|p2a: LetsGoGambling|item: Quick Claw
|
|t:|1760368242
|move|p2a: LetsGoGambling|Liquidation|p1a: Gholdengo
|-damage|p1a: Gholdengo|13/100
|-damage|p2a: LetsGoGambling|24/100|[from] item: Rocky Helmet|[of] p1a: Gholdengo
|move|p1a: Gholdengo|Hex|p2a: LetsGoGambling
|-damage|p2a: LetsGoGambling|0 fnt
|faint|p2a: LetsGoGambling
|
|upkeep
|
|t:|1760368252
|switch|p2a: D!ckParasite|Tatsugiri-Stretchy, M|100/100
|turn|4
|
|t:|1760368255
|move|p2a: D!ckParasite|Surf|p1a: Gholdengo
|-damage|p1a: Gholdengo|0 fnt
|faint|p1a: Gholdengo
|
|upkeep
|
|t:|1760368259
|switch|p1a: Slowking|Slowking-Galar, M|100/100
|turn|5
|
|t:|1760368262
|move|p2a: D!ckParasite|Nasty Plot|p2a: D!ckParasite
|-boost|p2a: D!ckParasite|spa|2
|move|p1a: Slowking|Thunder Wave|p2a: D!ckParasite
|-status|p2a: D!ckParasite|par
|
|upkeep
|turn|6
|
|t:|1760368271
|cant|p2a: D!ckParasite|par
|-prepare|p1a: Slowking|Chilly Reception|[premajor]
|move|p1a: Slowking|Chilly Reception|p1a: Slowking
|-weather|Snowscape
|
|t:|1760368281
|switch|p1a: Samurott|Samurott-Hisui, M|100/100|[from] Chilly Reception
|
|-weather|Snowscape|[upkeep]
|upkeep
|turn|7
|
|t:|1760368287
|move|p1a: Samurott|Encore|p2a: D!ckParasite
|-start|p2a: D!ckParasite|Encore
|cant|p2a: D!ckParasite|par
|
|-weather|Snowscape|[upkeep]
|upkeep
|turn|8
|
|t:|1760368293
|switch|p2a: Uma|Glastrier|100/100
|move|p1a: Samurott|Ceaseless Edge|p2a: Uma
|-damage|p2a: Uma|81/100
|-sidestart|p2: ballyhoogreen|Spikes
|-enditem|p2a: Uma|Red Card|[of] p1a: Samurott
|drag|p1a: Slowking|Slowking-Galar, M|100/100
|
|-weather|Snowscape|[upkeep]
|upkeep
|turn|9
|
|t:|1760368306
|move|p2a: Uma|Crunch|p1a: Slowking
|-supereffective|p1a: Slowking
|-damage|p1a: Slowking|35/100
|-prepare|p1a: Slowking|Chilly Reception|[premajor]
|move|p1a: Slowking|Chilly Reception|p1a: Slowking
|
|t:|1760368309
|switch|p1a: Dragapult|Dragapult, F, shiny|100/100|[from] Chilly Reception
|
|-weather|Snowscape|[upkeep]
|upkeep
|turn|10
|
|t:|1760368316
|move|p1a: Dragapult|Will-O-Wisp|p2a: Uma
|-status|p2a: Uma|brn
|move|p2a: Uma|Avalanche|p1a: Dragapult
|-supereffective|p1a: Dragapult
|-damage|p1a: Dragapult|48/100
|
|-weather|none
|-damage|p2a: Uma|75/100 brn|[from] brn
|upkeep
|turn|11
|
|t:|1760368326
|-terastallize|p1a: Dragapult|Fairy
|move|p1a: Dragapult|Hex|p2a: Uma
|-damage|p2a: Uma|32/100 brn
|move|p2a: Uma|Avalanche|p1a: Dragapult
|-damage|p1a: Dragapult|0 fnt
|faint|p1a: Dragapult
|-ability|p2a: Uma|Chilling Neigh|boost
|-boost|p2a: Uma|atk|1
|
|-damage|p2a: Uma|25/100 brn|[from] brn
|upkeep
|
|t:|1760368336
|switch|p1a: Samurott|Samurott-Hisui, M|100/100
|turn|12
|
|t:|1760368345
|move|p1a: Samurott|Razor Shell|p2a: Uma
|-damage|p2a: Uma|0 fnt
|faint|p2a: Uma
|
|upkeep
|
|t:|1760368351
|switch|p2a: D!ckParasite|Tatsugiri-Stretchy, M|100/100 par
|-damage|p2a: D!ckParasite|88/100 par|[from] Spikes
|turn|13
|
|t:|1760368357
|switch|p1a: Slowking|Slowking-Galar, M|68/100
|move|p2a: D!ckParasite|Surf|p1a: Slowking
|-damage|p1a: Slowking|42/100
|
|upkeep
|turn|14
|
|t:|1760368364
|move|p2a: D!ckParasite|Surf|p1a: Slowking
|-damage|p1a: Slowking|14/100
|-prepare|p1a: Slowking|Chilly Reception|[premajor]
|move|p1a: Slowking|Chilly Reception|p1a: Slowking
|-weather|Snowscape
|
|t:|1760368368
|switch|p1a: Samurott|Samurott-Hisui, M|100/100|[from] Chilly Reception
|
|-weather|Snowscape|[upkeep]
|upkeep
|turn|15
|
|t:|1760368371
|move|p1a: Samurott|Ceaseless Edge|p2a: D!ckParasite
|-damage|p2a: D!ckParasite|7/100 par
|-sidestart|p2: ballyhoogreen|Spikes
|move|p2a: D!ckParasite|Dragon Pulse|p1a: Samurott
|-damage|p1a: Samurott|35/100
|
|-weather|Snowscape|[upkeep]
|upkeep
|turn|16
|
|t:|1760368380
|move|p1a: Samurott|Ceaseless Edge|p2a: D!ckParasite
|-damage|p2a: D!ckParasite|0 fnt
|-sidestart|p2: ballyhoogreen|Spikes
|faint|p2a: D!ckParasite
|
|-weather|Snowscape|[upkeep]
|upkeep
|
|t:|1760368382
|switch|p2a: Rat|Cinccino, M|100/100
|-damage|p2a: Rat|75/100|[from] Spikes
|turn|17
|
|t:|1760368389
|move|p2a: Rat|Tidy Up|p2a: Rat
|-sideend|p2: ballyhoogreen|Spikes
|-activate|p2a: Rat|move: Tidy Up
|-boost|p2a: Rat|atk|1
|-boost|p2a: Rat|spe|1
|move|p1a: Samurott|Encore|p2a: Rat
|-start|p2a: Rat|Encore
|
|-weather|Snowscape|[upkeep]
|upkeep
|turn|18
|
|t:|1760368393
|switch|p2a: Crotch|Jirachi|100/100
|move|p1a: Samurott|Knock Off|p2a: Crotch
|-supereffective|p2a: Crotch
|-damage|p2a: Crotch|19/100
|-enditem|p2a: Crotch|Heavy-Duty Boots|[from] move: Knock Off|[of] p1a: Samurott
|
|-weather|none
|upkeep
|turn|19
|
|t:|1760368404
|switch|p1a: Slowking|Slowking-Galar, M|47/100
|move|p2a: Crotch|Doom Desire|p1a: Slowking
|-start|p2a: Crotch|Doom Desire
|
|upkeep
|turn|20
|inactive|trubeliever has 120 seconds left.
|
|t:|1760368440
|move|p2a: Crotch|Wish|p2a: Crotch
|move|p1a: Slowking|Thunder Wave|p2a: Crotch
|-status|p2a: Crotch|par
|
|upkeep
|turn|21
|inactive|trubeliever has 120 seconds left.
|
|t:|1760368450
|move|p2a: Crotch|U-turn|p1a: Slowking
|-damage|p1a: Slowking|33/100
|
|t:|1760368453
|switch|p2a: Rat|Cinccino, M|75/100|[from] U-turn
|move|p1a: Slowking|Psychic Noise|p2a: Rat
|-damage|p2a: Rat|28/100
|-start|p2a: Rat|move: Heal Block
|
|-end|p1a: Slowking|move: Doom Desire
|-damage|p1a: Slowking|3/100
|upkeep
|turn|22
|inactive|trubeliever has 120 seconds left.
|
|t:|1760368465
|switch|p1a: Hatterene|Hatterene, F|100/100
|move|p2a: Rat|Tail Slap|p1a: Hatterene
|-damage|p1a: Hatterene|88/100
|-damage|p1a: Hatterene|75/100
|-crit|p1a: Hatterene
|-damage|p1a: Hatterene|54/100
|-damage|p1a: Hatterene|41/100
|-damage|p1a: Hatterene|27/100
|-hitcount|p1a: Hatterene|5
|-enditem|p1a: Hatterene|Red Card|[of] p2a: Rat
|drag|p2a: Crotch|Jirachi|19/100 par
|
|upkeep
|turn|23
|
|t:|1760368470
|move|p2a: Crotch|Doom Desire|p1a: Hatterene
|-start|p2a: Crotch|Doom Desire
|move|p1a: Hatterene|Healing Wish|p1a: Hatterene
|faint|p1a: Hatterene
|
|upkeep
|
|t:|1760368476
|switch|p1a: Samurott|Samurott-Hisui, M|35/100
|-heal|p1a: Samurott|100/100|[from] move: Healing Wish
|turn|24
|
|t:|1760368480
|move|p1a: Samurott|Knock Off|p2a: Crotch
|-supereffective|p2a: Crotch
|-damage|p2a: Crotch|0 fnt
|faint|p2a: Crotch
|
|upkeep
|
|t:|1760368482
|switch|p2a: Rat|Cinccino, M|28/100
|turn|25
|
|t:|1760368488
|move|p2a: Rat|Tail Slap|p1a: Samurott
|-damage|p1a: Samurott|81/100
|-damage|p1a: Samurott|63/100
|-damage|p1a: Samurott|43/100
|-damage|p1a: Samurott|24/100
|-damage|p1a: Samurott|5/100
|-hitcount|p1a: Samurott|5
|move|p1a: Samurott|Knock Off|p2a: Rat
|-damage|p2a: Rat|0 fnt
|-enditem|p2a: Rat|Loaded Dice|[from] move: Knock Off|[of] p1a: Samurott
|faint|p2a: Rat
|
|-end|p1a: Samurott|move: Doom Desire
|-resisted|p1a: Samurott
|-damage|p1a: Samurott|0 fnt
|faint|p1a: Samurott
|upkeep
|
|t:|1760368494
|switch|p2a: Piss|Polteageist|100/100
|switch|p1a: Slowking|Slowking-Galar, M|36/100
|turn|26
|
|t:|1760368499
|move|p2a: Piss|Shadow Ball|p1a: Slowking
|-supereffective|p1a: Slowking
|-damage|p1a: Slowking|0 fnt
|faint|p1a: Slowking
|
|win|ballyhoogreen
|raw|trubeliever's rating: 1155 &rarr; <strong>1131</strong><br />(-24 for losing)
|raw|ballyhoogreen's rating: 1171 &rarr; <strong>1195</strong><br />(+24 for winning)
|l|☆ballyhoogreen
|player|p2|
|l|☆trubeliever
|player|p1|
