|j|☆arteris dewberry
|j|☆HiDreigon176
|t:|1760388646
|gametype|singles
|player|p1|arteris dewberry|lucas|1193
|player|p2|HiDreigon176|cynthia-gen4|1185
|gen|9
|tier|[Gen 9] OU
|rated|
|rule|HP Percentage Mod: HP is shown in percentages
|rule|Endless Battle Clause: Forcing endless battles is banned
|rule|Species Clause: Limit one of each Pokémon
|rule|OHKO Clause: OHKO moves are banned
|rule|Evasion Items Clause: Evasion items are banned
|rule|Evasion Moves Clause: Evasion moves are banned
|rule|Evasion Abilities Clause: Evasion abilities are banned
|rule|Sleep Moves Clause: Sleep-inducing moves are banned
|clearpoke
|poke|p1|Ambipom, M|
|poke|p1|Shiftry, M|
|poke|p1|Venusaur, F|
|poke|p1|Magmortar, M|
|poke|p1|Gallade, M|
|poke|p1|Ninetales, M|
|poke|p2|Gliscor, M|
|poke|p2|Dondozo, M|
|poke|p2|Iron Crown|
|poke|p2|Cinderace, M|
|poke|p2|Ogerpon, F|
|poke|p2|Slowking-Galar, M|
|teampreview
|
|t:|1760388656
|teamsize|p1|6
|teamsize|p2|6
|start
|switch|p1a: Ambipom|Ambipom, M|100/100
|switch|p2a: Gliscor|Gliscor, M|100/100
|turn|1
|
|t:|1760388667
|move|p1a: Ambipom|Sunny Day|p1a: Ambipom
|-weather|SunnyDay
|move|p2a: Gliscor|Knock Off|p1a: Ambipom
|-damage|p1a: Ambipom|64/100
|-enditem|p1a: Ambipom|Heat Rock|[from] move: Knock Off|[of] p2a: Gliscor
|
|-weather|SunnyDay|[upkeep]
|-status|p2a: Gliscor|tox|[from] item: Toxic Orb
|upkeep
|turn|2
|
|t:|1760388678
|switch|p2a: Dondozo|Dondozo, M|100/100
|move|p1a: Ambipom|U-turn|p2a: Dondozo
|-damage|p2a: Dondozo|92/100
|
|t:|1760388703
|switch|p1a: Venusaur|Venusaur, F|100/100|[from] U-turn
|
|-weather|SunnyDay|[upkeep]
|-heal|p2a: Dondozo|98/100|[from] item: Leftovers
|upkeep
|turn|3
|
|t:|1760388714
|switch|p2a: Slowking|Slowking-Galar, M|100/100
|move|p1a: Venusaur|Solar Beam||[still]
|-prepare|p1a: Venusaur|Solar Beam
|-anim|p1a: Venusaur|Solar Beam|p2a: Slowking
|-resisted|p2a: Slowking
|-damage|p2a: Slowking|85/100
|
|-weather|SunnyDay|[upkeep]
|upkeep
|turn|4
|
|t:|1760388733
|switch|p1a: Gallade|Gallade, M|100/100
|move|p2a: Slowking|Future Sight|p1a: Gallade
|-start|p2a: Slowking|move: Future Sight
|
|-weather|SunnyDay|[upkeep]
|upkeep
|turn|5
|
|t:|1760388741
|switch|p2a: Gliscor|Gliscor, M|100/100 tox
|move|p1a: Gallade|Psycho Cut|p2a: Gliscor
|-damage|p2a: Gliscor|54/100 tox
|
|-weather|SunnyDay|[upkeep]
|-heal|p2a: Gliscor|66/100 tox|[from] ability: Poison Heal
|upkeep
|turn|6
|
|t:|1760388767
|switch|p1a: Venusaur|Venusaur, F|100/100
|move|p2a: Gliscor|Protect||[still]
|-fail|p2a: Gliscor
|
|-weather|SunnyDay|[upkeep]
|-end|p1a: Venusaur|move: Future Sight
|-supereffective|p1a: Venusaur
|-damage|p1a: Venusaur|0 fnt
|faint|p1a: Venusaur
|-heal|p2a: Gliscor|78/100 tox|[from] ability: Poison Heal
|upkeep
|
|t:|1760388783
|switch|p1a: Magmortar|Magmortar, M|100/100
|turn|7
|
|t:|1760388789
|switch|p2a: Dondozo|Dondozo, M|98/100
|move|p1a: Magmortar|Solar Beam||[still]
|-prepare|p1a: Magmortar|Solar Beam
|-anim|p1a: Magmortar|Solar Beam|p2a: Dondozo
|-supereffective|p2a: Dondozo
|-damage|p2a: Dondozo|0 fnt
|faint|p2a: Dondozo
|
|-weather|SunnyDay|[upkeep]
|upkeep
|
|t:|1760388804
|switch|p2a: Gliscor|Gliscor, M|78/100 tox
|turn|8
|
|t:|1760388815
|switch|p1a: Ninetales|Ninetales, M|100/100
|move|p2a: Gliscor|Protect||[still]
|-fail|p2a: Gliscor
|
|-weather|none
|-heal|p2a: Gliscor|91/100 tox|[from] ability: Poison Heal
|upkeep
|turn|9
|
|t:|1760388827
|move|p2a: Gliscor|Protect|p2a: Gliscor
|-singleturn|p2a: Gliscor|Protect
|move|p1a: Ninetales|Baby-Doll Eyes|p2a: Gliscor
|-activate|p2a: Gliscor|move: Protect
|
|-heal|p2a: Gliscor|100/100 tox|[from] ability: Poison Heal
|upkeep
|turn|10
|
|t:|1760388837
|move|p1a: Ninetales|Baby-Doll Eyes|p2a: Gliscor
|-unboost|p2a: Gliscor|atk|1
|move|p2a: Gliscor|Toxic|p1a: Ninetales
|-status|p1a: Ninetales|tox
|
|-damage|p1a: Ninetales|94/100 tox|[from] psn
|upkeep
|turn|11
|
|t:|1760388849
|switch|p1a: Magmortar|Magmortar, M|100/100
|move|p2a: Gliscor|Knock Off|p1a: Magmortar
|-damage|p1a: Magmortar|77/100
|-enditem|p1a: Magmortar|Choice Specs|[from] move: Knock Off|[of] p2a: Gliscor
|
|upkeep
|turn|12
|
|t:|1760388862
|-terastallize|p1a: Magmortar|Fire
|move|p2a: Gliscor|Earthquake|p1a: Magmortar
|-supereffective|p1a: Magmortar
|-damage|p1a: Magmortar|3/100
|move|p1a: Magmortar|Overheat|p2a: Gliscor
|-damage|p2a: Gliscor|0 fnt
|-unboost|p1a: Magmortar|spa|2
|faint|p2a: Gliscor
|
|upkeep
|
|t:|1760388874
|switch|p2a: Cinderace|Cinderace, M|100/100
|turn|13
|
|t:|1760388882
|move|p2a: Cinderace|U-turn|p1a: Magmortar
|-start|p2a: Cinderace|typechange|Bug|[from] ability: Libero
|-resisted|p1a: Magmortar
|-damage|p1a: Magmortar|0 fnt
|faint|p1a: Magmortar
|
|t:|1760388903
|switch|p2a: Ogerpon|Ogerpon, F|100/100|[from] U-turn
|
|upkeep
|
|t:|1760388909
|switch|p1a: Ambipom|Ambipom, M|64/100
|turn|14
|
|t:|1760388920
|move|p1a: Ambipom|Sunny Day|p1a: Ambipom
|-weather|SunnyDay
|move|p2a: Ogerpon|Encore|p1a: Ambipom
|-start|p1a: Ambipom|Encore
|
|-weather|SunnyDay|[upkeep]
|upkeep
|turn|15
|
|t:|1760388934
|switch|p1a: Shiftry|Shiftry, M|100/100
|move|p2a: Ogerpon|Ivy Cudgel|p1a: Shiftry
|-resisted|p1a: Shiftry
|-damage|p1a: Shiftry|63/100
|
|-weather|SunnyDay|[upkeep]
|upkeep
|turn|16
|
|t:|1760388943
|switch|p2a: Slowking|Slowking-Galar, M|100/100
|move|p1a: Shiftry|Knock Off|p2a: Slowking
|-supereffective|p2a: Slowking
|-damage|p2a: Slowking|0 fnt
|-enditem|p2a: Slowking|Heavy-Duty Boots|[from] move: Knock Off|[of] p1a: Shiftry
|faint|p2a: Slowking
|-damage|p1a: Shiftry|53/100|[from] item: Life Orb
|
|-weather|SunnyDay|[upkeep]
|upkeep
|
|t:|1760388957
|switch|p2a: Ogerpon|Ogerpon, F|100/100
|turn|17
|
|t:|1760388968
|move|p1a: Shiftry|Explosion|p2a: Ogerpon
|-damage|p2a: Ogerpon|0 fnt
|faint|p1a: Shiftry
|faint|p2a: Ogerpon
|
|-weather|SunnyDay|[upkeep]
|upkeep
|
|t:|1760388997
|switch|p2a: Iron Crown|Iron Crown|100/100
|switch|p1a: Gallade|Gallade, M|100/100
|-enditem|p2a: Iron Crown|Booster Energy
|-activate|p2a: Iron Crown|ability: Quark Drive|[fromitem]
|-start|p2a: Iron Crown|quarkdrivespa
|turn|18
|
|t:|1760389018
|move|p1a: Gallade|Night Slash|p2a: Iron Crown
|-supereffective|p2a: Iron Crown
|-damage|p2a: Iron Crown|17/100
|move|p2a: Iron Crown|Tachyon Cutter|p1a: Gallade
|-damage|p1a: Gallade|64/100
|-damage|p1a: Gallade|28/100
|-hitcount|p1a: Gallade|2
|
|-weather|none
|upkeep
|turn|19
|
|t:|1760389029
|-end|p2a: Iron Crown|Quark Drive|[silent]
|switch|p2a: Cinderace|Cinderace, M|100/100
|move|p1a: Gallade|Night Slash|p2a: Cinderace
|-damage|p2a: Cinderace|50/100
|
|upkeep
|turn|20
|
|t:|1760389043
|switch|p1a: Ninetales|Ninetales, M|94/100 tox
|-weather|SunnyDay|[from] ability: Drought|[of] p1a: Ninetales
|move|p2a: Cinderace|Pyro Ball|p1a: Ninetales
|-resisted|p1a: Ninetales
|-damage|p1a: Ninetales|58/100 tox
|-enditem|p1a: Ninetales|Eject Button
|
|t:|1760389052
|switch|p1a: Gallade|Gallade, M|28/100
|
|-weather|SunnyDay|[upkeep]
|upkeep
|turn|21
|
|t:|1760389063
|move|p1a: Gallade|Sacred Sword|p2a: Cinderace
|-damage|p2a: Cinderace|0 fnt
|faint|p2a: Cinderace
|
|-weather|SunnyDay|[upkeep]
|upkeep
|-message|HiDreigon176 forfeited.
|
|win|arteris dewberry
|raw|arteris dewberry's rating: 1193 &rarr; <strong>1217</strong><br />(+24 for winning)
|raw|HiDreigon176's rating: 1185 &rarr; <strong>1161</strong><br />(-24 for losing)
|l|☆HiDreigon176
|player|p2|
|l|☆arteris dewberry
|player|p1|
