|j|☆Zicofool
|j|☆PINGaBurger
|t:|1760315610
|gametype|singles
|player|p1|Zicofool|miku-water|1573
|player|p2|PINGaBurger|266|1668
|gen|9
|tier|[Gen 9] OU
|rated|
|rule|HP Percentage Mod: HP is shown in percentages
|rule|Endless Battle Clause: Forcing endless battles is banned
|rule|Species Clause: Limit one of each Pokémon
|rule|OHKO Clause: OHKO moves are banned
|rule|Evasion Items Clause: Evasion items are banned
|rule|Evasion Moves Clause: Evasion moves are banned
|rule|Evasion Abilities Clause: Evasion abilities are banned
|rule|Sleep Moves Clause: Sleep-inducing moves are banned
|clearpoke
|poke|p1|Ogerpon, F|
|poke|p1|Maushold-Four|
|poke|p1|Volcanion|
|poke|p1|Fezandipiti, M|
|poke|p1|Garchomp, M|
|poke|p1|Tyranitar, F|
|poke|p2|Maushold|
|poke|p2|Iron Boulder|
|poke|p2|Iron Crown|
|poke|p2|Deoxys-Speed|
|poke|p2|Indeedee, M|
|poke|p2|Kyurem|
|teampreview
|
|t:|1760315624
|teamsize|p1|6
|teamsize|p2|6
|start
|switch|p1a: Ogerpon|Ogerpon, F|100/100
|switch|p2a: Indeedee|Indeedee, M, shiny|100/100
|-fieldstart|move: Psychic Terrain|[from] ability: Psychic Surge|[of] p2a: Indeedee
|turn|1
|inactive|Battle timer is ON: inactive players will automatically lose when time's up. (requested by PINGaBurger)
|
|t:|1760315641
|switch|p2a: Kyurem|Kyurem|100/100
|-ability|p2a: Kyurem|Pressure
|move|p1a: Ogerpon|U-turn|p2a: Kyurem
|-damage|p2a: Kyurem|64/100
|
|t:|1760315645
|switch|p1a: Tyranitar|Tyranitar, F|100/100|[from] U-turn
|-weather|Sandstorm|[from] ability: Sand Stream|[of] p1a: Tyranitar
|
|-weather|Sandstorm|[upkeep]
|-damage|p2a: Kyurem|58/100|[from] Sandstorm
|upkeep
|turn|2
|
|t:|1760315653
|move|p2a: Kyurem|Icicle Spear|p1a: Tyranitar
|-damage|p1a: Tyranitar|92/100
|-damage|p1a: Tyranitar|81/100
|-damage|p1a: Tyranitar|72/100
|-damage|p1a: Tyranitar|61/100
|-hitcount|p1a: Tyranitar|4
|move|p1a: Tyranitar|Knock Off|p2a: Kyurem
|-damage|p2a: Kyurem|0 fnt
|-enditem|p2a: Kyurem|Loaded Dice|[from] move: Knock Off|[of] p1a: Tyranitar
|faint|p2a: Kyurem
|
|-weather|Sandstorm|[upkeep]
|upkeep
|
|t:|1760315682
|switch|p2a: Mutant|Deoxys-Speed, shiny|100/100
|-ability|p2a: Mutant|Pressure
|turn|3
|
|t:|1760315689
|-terastallize|p2a: Mutant|Fighting
|move|p2a: Mutant|Tera Blast|p1a: Tyranitar|[anim] Tera Blast Fighting
|-supereffective|p1a: Tyranitar
|-damage|p1a: Tyranitar|0 fnt
|faint|p1a: Tyranitar
|-damage|p2a: Mutant|91/100|[from] item: Life Orb
|
|-weather|Sandstorm|[upkeep]
|-damage|p2a: Mutant|84/100|[from] Sandstorm
|upkeep
|
|t:|1760315695
|switch|p1a: Ogerpon|Ogerpon, F|100/100
|turn|4
|
|t:|1760315711
|switch|p2a: Maushold|Maushold|100/100
|-terastallize|p1a: Ogerpon|Grass
|detailschange|p1a: Ogerpon|Ogerpon-Teal-Tera, F, tera:Grass
|-ability|p1a: Ogerpon|Embody Aspect (Teal)|boost
|-boost|p1a: Ogerpon|spe|1
|move|p1a: Ogerpon|Ivy Cudgel|p2a: Maushold
|-damage|p2a: Maushold|0 fnt
|faint|p2a: Maushold
|
|-weather|Sandstorm|[upkeep]
|-damage|p1a: Ogerpon|95/100|[from] Sandstorm
|upkeep
|
|t:|1760315720
|switch|p2a: Iron Crown|Iron Crown|100/100
|turn|5
|
|t:|1760315726
|switch|p1a: Garchomp|Garchomp, M|100/100
|move|p2a: Iron Crown|Expanding Force|p1a: Garchomp
|-damage|p1a: Garchomp|0 fnt
|faint|p1a: Garchomp
|
|-weather|none
|upkeep
|
|t:|1760315731
|switch|p1a: Ogerpon|Ogerpon-Teal-Tera, F, tera:Grass|95/100
|-ability|p1a: Ogerpon|Embody Aspect (Teal)|boost
|-boost|p1a: Ogerpon|spe|1
|turn|6
|
|t:|1760315733
|move|p1a: Ogerpon|Knock Off|p2a: Iron Crown
|-supereffective|p2a: Iron Crown
|-damage|p2a: Iron Crown|0 fnt
|-enditem|p2a: Iron Crown|Choice Specs|[from] move: Knock Off|[of] p1a: Ogerpon
|faint|p2a: Iron Crown
|-end|p2a: Iron Crown|Quark Drive|[silent]
|
|upkeep
|
|t:|1760315759
|switch|p2a: Iron Boulder|Iron Boulder|100/100
|-enditem|p2a: Iron Boulder|Booster Energy
|-activate|p2a: Iron Boulder|ability: Quark Drive|[fromitem]
|-start|p2a: Iron Boulder|quarkdriveatk
|turn|7
|inactive|Zicofool has 120 seconds left.
|
|t:|1760315816
|move|p1a: Ogerpon|Knock Off|p2a: Iron Boulder
|-supereffective|p2a: Iron Boulder
|-damage|p2a: Iron Boulder|18/100
|move|p2a: Iron Boulder|Agility|p2a: Iron Boulder
|-boost|p2a: Iron Boulder|spe|2
|
|upkeep
|turn|8
|inactive|Zicofool has 90 seconds left.
|
|t:|1760315835
|switch|p1a: Fezandipiti|Fezandipiti, M|100/100
|move|p2a: Iron Boulder|Zen Headbutt|p1a: Fezandipiti
|-supereffective|p1a: Fezandipiti
|-damage|p1a: Fezandipiti|0 fnt
|faint|p1a: Fezandipiti
|
|-fieldend|move: Psychic Terrain
|upkeep
|inactive|Zicofool has 90 seconds left.
|
|t:|1760315845
|switch|p1a: Ogerpon|Ogerpon-Teal-Tera, F, tera:Grass|95/100
|-ability|p1a: Ogerpon|Embody Aspect (Teal)|boost
|-boost|p1a: Ogerpon|spe|1
|turn|9
|
|t:|1760315862
|move|p2a: Iron Boulder|Zen Headbutt|p1a: Ogerpon
|-damage|p1a: Ogerpon|15/100
|move|p1a: Ogerpon|Ivy Cudgel|p2a: Iron Boulder
|-supereffective|p2a: Iron Boulder
|-damage|p2a: Iron Boulder|0 fnt
|faint|p2a: Iron Boulder
|-end|p2a: Iron Boulder|Quark Drive|[silent]
|
|upkeep
|
|t:|1760315867
|switch|p2a: Indeedee|Indeedee, M, shiny|100/100
|-fieldstart|move: Psychic Terrain|[from] ability: Psychic Surge|[of] p2a: Indeedee
|turn|10
|
|t:|1760315872
|move|p1a: Ogerpon|Ivy Cudgel|p2a: Indeedee
|-damage|p2a: Indeedee|0 fnt
|faint|p2a: Indeedee
|
|upkeep
|
|t:|1760315874
|switch|p2a: Mutant|Deoxys-Speed, shiny, tera:Fighting|84/100
|-ability|p2a: Mutant|Pressure
|turn|11
|
|t:|1760315876
|move|p1a: Ogerpon|Ivy Cudgel|p2a: Mutant
|-damage|p2a: Mutant|0 fnt
|faint|p2a: Mutant
|
|win|Zicofool
|raw|Zicofool's rating: 1573 &rarr; <strong>1598</strong><br />(+25 for winning)
|raw|PINGaBurger's rating: 1668 &rarr; <strong>1643</strong><br />(-25 for losing)
|l|☆Zicofool
|player|p1|
