|j|☆tz142174606
|j|☆arcryd
|t:|1760342261
|gametype|singles
|player|p1|tz142174606|crasherwake|1298
|player|p2|arcryd|adaman-masters|1280
|gen|9
|tier|[Gen 9] OU
|rated|
|rule|HP Percentage Mod: HP is shown in percentages
|rule|Endless Battle Clause: Forcing endless battles is banned
|rule|Species Clause: Limit one of each Pokémon
|rule|OHKO Clause: OHKO moves are banned
|rule|Evasion Items Clause: Evasion items are banned
|rule|Evasion Moves Clause: Evasion moves are banned
|rule|Evasion Abilities Clause: Evasion abilities are banned
|rule|Sleep Moves Clause: Sleep-inducing moves are banned
|clearpoke
|poke|p1|Pelipper, M|
|poke|p1|Kingdra, F|
|poke|p1|Scizor, M|
|poke|p1|Zapdos|
|poke|p1|Chansey, F|
|poke|p1|Dragonite, F|
|poke|p2|Arcanine-Hisui, F|
|poke|p2|Iron Valiant|
|poke|p2|Walking Wake|
|poke|p2|Great Tusk|
|poke|p2|Corviknight, M|
|poke|p2|Slowking-Galar, M|
|teampreview
|inactive|Battle timer is ON: inactive players will automatically lose when time's up. (requested by arcryd)
|
|t:|1760342278
|teamsize|p1|6
|teamsize|p2|6
|start
|switch|p1a: Zapdos|Zapdos, shiny|100/100
|switch|p2a: Arcanine|Arcanine-Hisui, F|100/100
|turn|1
|
|t:|1760342293
|move|p1a: Zapdos|U-turn|p2a: Arcanine
|-resisted|p2a: Arcanine
|-damage|p2a: Arcanine|92/100
|
|t:|1760342300
|switch|p1a: Scizor|Scizor, M, shiny|100/100|[from] U-turn
|move|p2a: Arcanine|Head Smash|p1a: Scizor
|-damage|p1a: Scizor|0 fnt
|faint|p1a: Scizor
|
|upkeep
|
|t:|1760342307
|switch|p1a: Pelipper|Pelipper, M, shiny|100/100
|-weather|RainDance|[from] ability: Drizzle|[of] p1a: Pelipper
|turn|2
|
|t:|1760342313
|move|p2a: Arcanine|Head Smash|p1a: Pelipper
|-supereffective|p1a: Pelipper
|-damage|p1a: Pelipper|0 fnt
|faint|p1a: Pelipper
|
|-weather|RainDance|[upkeep]
|upkeep
|
|t:|1760342319
|switch|p1a: Kingdra|Kingdra, F, shiny|100/100
|turn|3
|
|t:|1760342327
|switch|p2a: Slowking|Slowking-Galar, M|100/100
|move|p1a: Kingdra|Weather Ball|p2a: Slowking
|-damage|p2a: Slowking|44/100
|
|-weather|RainDance|[upkeep]
|upkeep
|turn|4
|
|t:|1760342335
|switch|p2a: Walking Wake|Walking Wake|100/100
|move|p1a: Kingdra|Weather Ball|p2a: Walking Wake
|-resisted|p2a: Walking Wake
|-damage|p2a: Walking Wake|71/100
|
|-weather|RainDance|[upkeep]
|upkeep
|turn|5
|
|t:|1760342344
|switch|p1a: Chansey|Chansey, F, shiny|100/100
|move|p2a: Walking Wake|Draco Meteor|p1a: Chansey
|-crit|p1a: Chansey
|-damage|p1a: Chansey|73/100
|-unboost|p2a: Walking Wake|spa|2
|
|-weather|RainDance|[upkeep]
|upkeep
|turn|6
|
|t:|1760342354
|move|p2a: Walking Wake|Flip Turn|p1a: Chansey
|-damage|p1a: Chansey|44/100
|
|t:|1760342364
|-end|p2a: Walking Wake|Protosynthesis|[silent]
|switch|p2a: Iron Valiant|Iron Valiant|100/100|[from] Flip Turn
|-enditem|p2a: Iron Valiant|Booster Energy
|-activate|p2a: Iron Valiant|ability: Quark Drive|[fromitem]
|-start|p2a: Iron Valiant|quarkdrivespe
|move|p1a: Chansey|Stealth Rock|p2a: Iron Valiant
|-sidestart|p2: arcryd|move: Stealth Rock
|
|-weather|RainDance|[upkeep]
|upkeep
|turn|7
|
|t:|1760342373
|move|p2a: Iron Valiant|Calm Mind|p2a: Iron Valiant
|-boost|p2a: Iron Valiant|spa|1
|-boost|p2a: Iron Valiant|spd|1
|move|p1a: Chansey|Thunder Wave|p2a: Iron Valiant
|-status|p2a: Iron Valiant|par
|
|-weather|RainDance|[upkeep]
|upkeep
|turn|8
|
|t:|1760342381
|-end|p2a: Iron Valiant|Quark Drive|[silent]
|switch|p2a: Great Tusk|Great Tusk|100/100
|-damage|p2a: Great Tusk|98/100|[from] Stealth Rock
|move|p1a: Chansey|Soft-Boiled|p1a: Chansey
|-heal|p1a: Chansey|95/100
|
|-weather|RainDance|[upkeep]
|-heal|p2a: Great Tusk|100/100|[from] item: Leftovers
|upkeep
|turn|9
|
|t:|1760342391
|switch|p1a: Zapdos|Zapdos, shiny|100/100
|move|p2a: Great Tusk|Rapid Spin|p1a: Zapdos
|-damage|p1a: Zapdos|84/100
|-boost|p2a: Great Tusk|spe|1
|-status|p2a: Great Tusk|par|[from] ability: Static|[of] p1a: Zapdos
|-sideend|p2: arcryd|Stealth Rock|[from] move: Rapid Spin|[of] p2a: Great Tusk
|
|-weather|none
|upkeep
|turn|10
|
|t:|1760342402
|move|p1a: Zapdos|Hurricane|p2a: Great Tusk
|-supereffective|p2a: Great Tusk
|-damage|p2a: Great Tusk|0 fnt
|faint|p2a: Great Tusk
|-end|p2a: Great Tusk|Protosynthesis|[silent]
|
|upkeep
|
|t:|1760342408
|switch|p2a: Arcanine|Arcanine-Hisui, F|92/100
|turn|11
|
|t:|1760342413
|switch|p1a: Kingdra|Kingdra, F, shiny|100/100
|move|p2a: Arcanine|Head Smash|p1a: Kingdra|[miss]
|-miss|p2a: Arcanine|p1a: Kingdra
|
|upkeep
|turn|12
|
|t:|1760342421
|move|p2a: Arcanine|Head Smash|p1a: Kingdra
|-damage|p1a: Kingdra|0 fnt
|faint|p1a: Kingdra
|
|upkeep
|
|t:|1760342428
|switch|p1a: Dragonite|Dragonite, F|100/100
|turn|13
|
|t:|1760342436
|-terastallize|p1a: Dragonite|Normal
|move|p2a: Arcanine|Head Smash|p1a: Dragonite
|-crit|p1a: Dragonite
|-damage|p1a: Dragonite|12/100
|move|p1a: Dragonite|Dragon Dance|p1a: Dragonite
|-boost|p1a: Dragonite|atk|1
|-boost|p1a: Dragonite|spe|1
|
|upkeep
|turn|14
|
|t:|1760342447
|switch|p2a: Corviknight|Corviknight, M|100/100
|-ability|p2a: Corviknight|Pressure
|move|p1a: Dragonite|Dragon Dance|p1a: Dragonite
|-boost|p1a: Dragonite|atk|1
|-boost|p1a: Dragonite|spe|1
|
|upkeep
|turn|15
|
|t:|1760342457
|move|p1a: Dragonite|Extreme Speed|p2a: Corviknight
|-resisted|p2a: Corviknight
|-damage|p2a: Corviknight|73/100
|-damage|p1a: Dragonite|0 fnt|[from] item: Rocky Helmet|[of] p2a: Corviknight
|faint|p1a: Dragonite
|move|p2a: Corviknight|Brave Bird|p1: Dragonite|[notarget]
|-fail|p2a: Corviknight
|
|upkeep
|-message|tz142174606 forfeited.
|
|win|arcryd
|raw|tz142174606's rating: 1298 &rarr; <strong>1272</strong><br />(-26 for losing)
|raw|arcryd's rating: 1280 &rarr; <strong>1306</strong><br />(+26 for winning)
|l|☆tz142174606
|player|p1|
