|j|☆apotato135
|j|☆modegobelin
|t:|1760320289
|gametype|singles
|player|p1|apotato135|swimmer-gen4dp|1604
|player|p2|modegobelin|1|1660
|gen|9
|tier|[Gen 9] OU
|rated|
|rule|HP Percentage Mod: HP is shown in percentages
|rule|Endless Battle Clause: Forcing endless battles is banned
|rule|Species Clause: Limit one of each Pokémon
|rule|OHKO Clause: OHKO moves are banned
|rule|Evasion Items Clause: Evasion items are banned
|rule|Evasion Moves Clause: Evasion moves are banned
|rule|Evasion Abilities Clause: Evasion abilities are banned
|rule|Sleep Moves Clause: Sleep-inducing moves are banned
|clearpoke
|poke|p1|Ribombee, M|
|poke|p1|Kingambit, F|
|poke|p1|Milotic, M|
|poke|p1|Serperior, M|
|poke|p1|Dragapult, M|
|poke|p1|Cinderace, F|
|poke|p2|Glimmora, F|
|poke|p2|Rillaboom, F|
|poke|p2|Serperior, M|
|poke|p2|Ogerpon-Wellspring, F|
|poke|p2|Hatterene, F|
|poke|p2|Heatran, M|
|teampreview
|inactive|Battle timer is ON: inactive players will automatically lose when time's up. (requested by apotato135)
|
|t:|1760320299
|teamsize|p1|6
|teamsize|p2|6
|start
|switch|p1a: Ribombee|Ribombee, M|100/100
|switch|p2a: Glimmora|Glimmora, F|100/100
|turn|1
|
|t:|1760320305
|move|p1a: Ribombee|Stun Spore|p2a: Glimmora
|-status|p2a: Glimmora|par
|move|p2a: Glimmora|Meteor Beam||[still]
|-prepare|p2a: Glimmora|Meteor Beam
|-boost|p2a: Glimmora|spa|1
|-enditem|p2a: Glimmora|Power Herb
|-anim|p2a: Glimmora|Meteor Beam|p1a: Ribombee
|-supereffective|p1a: Ribombee
|-enditem|p1a: Ribombee|Focus Sash
|-damage|p1a: Ribombee|1/100
|
|upkeep
|turn|2
|
|t:|1760320314
|move|p1a: Ribombee|Sticky Web|p2a: Glimmora
|-sidestart|p2: modegobelin|move: Sticky Web
|cant|p2a: Glimmora|par
|
|upkeep
|turn|3
|
|t:|1760320319
|switch|p1a: Kingambit|Kingambit, F|100/100
|move|p2a: Glimmora|Earth Power|p1a: Kingambit
|-supereffective|p1a: Kingambit
|-damage|p1a: Kingambit|0 fnt
|faint|p1a: Kingambit
|
|upkeep
|
|t:|1760320332
|switch|p1a: Dragapult|Dragapult, M|100/100
|turn|4
|
|t:|1760320336
|move|p1a: Dragapult|Hex|p2a: Glimmora
|-damage|p2a: Glimmora|0 fnt
|faint|p2a: Glimmora
|-damage|p1a: Dragapult|91/100|[from] item: Life Orb
|
|upkeep
|
|t:|1760320345
|switch|p2a: Rillaboom|Rillaboom, F|100/100
|-activate|p2a: Rillaboom|move: Sticky Web
|-unboost|p2a: Rillaboom|spe|1
|-fieldstart|move: Grassy Terrain|[from] ability: Grassy Surge|[of] p2a: Rillaboom
|turn|5
|j| opighhhrrrno
|inactive|apotato135 has 120 seconds left.
|
|t:|1760320395
|move|p1a: Dragapult|Will-O-Wisp|p2a: Rillaboom
|-status|p2a: Rillaboom|brn
|move|p2a: Rillaboom|Knock Off|p1a: Dragapult
|-supereffective|p1a: Dragapult
|-damage|p1a: Dragapult|43/100
|-enditem|p1a: Dragapult|Life Orb|[from] move: Knock Off|[of] p2a: Rillaboom
|
|-heal|p1a: Dragapult|49/100|[from] Grassy Terrain
|-damage|p2a: Rillaboom|94/100 brn|[from] brn
|upkeep
|turn|6
|
|t:|1760320402
|switch|p2a: Heatran|Heatran, M|100/100
|-activate|p2a: Heatran|move: Sticky Web
|-unboost|p2a: Heatran|spe|1
|move|p1a: Dragapult|Hex|p2a: Heatran
|-damage|p2a: Heatran|83/100
|
|-heal|p1a: Dragapult|55/100|[from] Grassy Terrain
|-heal|p2a: Heatran|89/100|[from] Grassy Terrain
|-heal|p2a: Heatran|96/100|[from] item: Leftovers
|upkeep
|turn|7
|
|t:|1760320418
|move|p1a: Dragapult|U-turn|p2a: Heatran
|-resisted|p2a: Heatran
|-damage|p2a: Heatran|91/100
|
|t:|1760320421
|switch|p1a: Milotic|Milotic, M|100/100|[from] U-turn
|move|p2a: Heatran|Magma Storm|p1a: Milotic
|-resisted|p1a: Milotic
|-damage|p1a: Milotic|91/100
|-activate|p1a: Milotic|move: Magma Storm|[of] p2a: Heatran
|
|-heal|p1a: Milotic|97/100|[from] Grassy Terrain
|-heal|p2a: Heatran|98/100|[from] Grassy Terrain
|-heal|p2a: Heatran|100/100|[from] item: Leftovers
|-damage|p1a: Milotic|84/100|[from] move: Magma Storm|[partiallytrapped]
|upkeep
|turn|8
|inactive|apotato135 has 120 seconds left.
|
|t:|1760320430
|switch|p2a: Ogerpon|Ogerpon-Wellspring, F|100/100
|-activate|p2a: Ogerpon|move: Sticky Web
|-unboost|p2a: Ogerpon|spe|1
|move|p1a: Milotic|Scald|p2a: Ogerpon
|-immune|p2a: Ogerpon|[from] ability: Water Absorb
|
|-heal|p1a: Milotic|90/100|[from] Grassy Terrain
|-end|p1a: Milotic|Magma Storm|[partiallytrapped]|[silent]
|upkeep
|turn|9
|
|t:|1760320437
|switch|p1a: Serperior|Serperior, M|100/100
|move|p2a: Ogerpon|Swords Dance|p2a: Ogerpon
|-boost|p2a: Ogerpon|atk|2
|
|upkeep
|turn|10
|
|t:|1760320445
|switch|p2a: Heatran|Heatran, M|100/100
|-activate|p2a: Heatran|move: Sticky Web
|-unboost|p2a: Heatran|spe|1
|move|p1a: Serperior|Glare|p2a: Heatran
|-status|p2a: Heatran|par
|
|upkeep
|turn|11
|
|t:|1760320460
|move|p1a: Serperior|Substitute|p1a: Serperior
|-start|p1a: Serperior|Substitute
|-damage|p1a: Serperior|76/100
|move|p2a: Heatran|Magma Storm|p1a: Serperior|[miss]
|-miss|p2a: Heatran|p1a: Serperior
|
|-heal|p1a: Serperior|82/100|[from] Grassy Terrain
|-heal|p1a: Serperior|88/100|[from] item: Leftovers
|upkeep
|turn|12
|
|t:|1760320469
|move|p1a: Serperior|Leaf Storm|p2a: Heatran
|-resisted|p2a: Heatran
|-damage|p2a: Heatran|91/100 par
|-boost|p1a: Serperior|spa|2
|move|p2a: Heatran|Taunt|p1a: Serperior
|-start|p1a: Serperior|move: Taunt
|
|-heal|p1a: Serperior|94/100|[from] Grassy Terrain
|-heal|p1a: Serperior|99/100|[from] item: Leftovers
|-heal|p2a: Heatran|97/100 par|[from] Grassy Terrain
|-heal|p2a: Heatran|100/100 par|[from] item: Leftovers
|-fieldend|move: Grassy Terrain
|upkeep
|turn|13
|
|t:|1760320472
|move|p1a: Serperior|Leaf Storm|p2a: Heatran
|-resisted|p2a: Heatran
|-damage|p2a: Heatran|85/100 par
|-boost|p1a: Serperior|spa|2
|move|p2a: Heatran|Magma Storm|p1a: Serperior
|-supereffective|p1a: Serperior
|-end|p1a: Serperior|Substitute
|
|-heal|p1a: Serperior|100/100|[from] item: Leftovers
|-heal|p2a: Heatran|91/100 par|[from] item: Leftovers
|upkeep
|turn|14
|
|t:|1760320475
|move|p1a: Serperior|Leaf Storm|p2a: Heatran|[miss]
|-miss|p1a: Serperior|p2a: Heatran
|cant|p2a: Heatran|par
|
|-heal|p2a: Heatran|97/100 par|[from] item: Leftovers
|upkeep
|turn|15
|
|t:|1760320478
|move|p1a: Serperior|Leaf Storm|p2a: Heatran|[miss]
|-miss|p1a: Serperior|p2a: Heatran
|move|p2a: Heatran|Magma Storm|p1a: Serperior|[miss]
|-miss|p2a: Heatran|p1a: Serperior
|
|-heal|p2a: Heatran|100/100 par|[from] item: Leftovers
|-end|p1a: Serperior|move: Taunt
|upkeep
|turn|16
|
|t:|1760320483
|move|p1a: Serperior|Substitute|p1a: Serperior
|-start|p1a: Serperior|Substitute
|-damage|p1a: Serperior|76/100
|move|p2a: Heatran|Taunt|p1a: Serperior
|-start|p1a: Serperior|move: Taunt
|
|-heal|p1a: Serperior|82/100|[from] item: Leftovers
|upkeep
|turn|17
|
|t:|1760320489
|move|p1a: Serperior|Leaf Storm|p2a: Heatran
|-resisted|p2a: Heatran
|-damage|p2a: Heatran|80/100 par
|-boost|p1a: Serperior|spa|2
|move|p2a: Heatran|Magma Storm|p1a: Serperior|[miss]
|-miss|p2a: Heatran|p1a: Serperior
|
|-heal|p1a: Serperior|88/100|[from] item: Leftovers
|-heal|p2a: Heatran|86/100 par|[from] item: Leftovers
|upkeep
|turn|18
|
|t:|1760320495
|-terastallize|p1a: Serperior|Stellar
|move|p1a: Serperior|Tera Blast|p2a: Heatran|[anim] Tera Blast Stellar
|-damage|p2a: Heatran|10/100 par
|-boost|p1a: Serperior|atk|1
|move|p2a: Heatran|Magma Storm|p1a: Serperior
|-supereffective|p1a: Serperior
|-end|p1a: Serperior|Substitute
|
|-heal|p1a: Serperior|94/100|[from] item: Leftovers
|-heal|p2a: Heatran|16/100 par|[from] item: Leftovers
|upkeep
|turn|19
|
|t:|1760320501
|move|p1a: Serperior|Tera Blast|p2a: Heatran|[anim] Tera Blast Stellar
|-damage|p2a: Heatran|0 fnt
|-boost|p1a: Serperior|atk|1
|faint|p2a: Heatran
|
|-heal|p1a: Serperior|99/100|[from] item: Leftovers
|-end|p1a: Serperior|move: Taunt
|upkeep
|inactive|modegobelin has 120 seconds left.
|
|t:|1760320533
|switch|p2a: Rillaboom|Rillaboom, F|94/100 brn
|-activate|p2a: Rillaboom|move: Sticky Web
|-unboost|p2a: Rillaboom|spe|1
|-fieldstart|move: Grassy Terrain|[from] ability: Grassy Surge|[of] p2a: Rillaboom
|turn|20
|
|t:|1760320539
|move|p1a: Serperior|Tera Blast|p2a: Rillaboom|[anim] Tera Blast Stellar
|-damage|p2a: Rillaboom|0 fnt
|-boost|p1a: Serperior|atk|1
|faint|p2a: Rillaboom
|
|-heal|p1a: Serperior|100/100|[from] Grassy Terrain
|upkeep
|
|t:|1760320546
|switch|p2a: Ogerpon|Ogerpon-Wellspring, F|100/100
|-activate|p2a: Ogerpon|move: Sticky Web
|-unboost|p2a: Ogerpon|spe|1
|turn|21
|
|t:|1760320549
|move|p2a: Ogerpon|Grassy Glide|p1a: Serperior
|-resisted|p1a: Serperior
|-damage|p1a: Serperior|71/100
|move|p1a: Serperior|Leaf Storm|p2a: Ogerpon
|-damage|p2a: Ogerpon|0 fnt
|faint|p2a: Ogerpon
|
|-heal|p1a: Serperior|77/100|[from] Grassy Terrain
|-heal|p1a: Serperior|83/100|[from] item: Leftovers
|upkeep
|
|t:|1760320553
|switch|p2a: Serperior|Serperior, M|100/100
|-activate|p2a: Serperior|move: Sticky Web
|-boost|p2a: Serperior|spe|1
|turn|22
|
|t:|1760320559
|-terastallize|p2a: Serperior|Grass
|move|p2a: Serperior|Leaf Storm|p1a: Serperior
|-resisted|p1a: Serperior
|-crit|p1a: Serperior
|-damage|p1a: Serperior|5/100
|-boost|p2a: Serperior|spa|2
|move|p1a: Serperior|Tera Blast|p2a: Serperior|[anim] Tera Blast Stellar
|-supereffective|p2a: Serperior
|-crit|p2a: Serperior
|-damage|p2a: Serperior|0 fnt
|-boost|p1a: Serperior|atk|1
|faint|p2a: Serperior
|
|-heal|p1a: Serperior|11/100|[from] Grassy Terrain
|-heal|p1a: Serperior|17/100|[from] item: Leftovers
|upkeep
|c|☆modegobelin|wp gg
|-message|modegobelin forfeited.
|
|win|apotato135
|raw|apotato135's rating: 1604 &rarr; <strong>1627</strong><br />(+23 for winning)
|raw|modegobelin's rating: 1660 &rarr; <strong>1637</strong><br />(-23 for losing)
|l|☆modegobelin
|player|p2|
|l|☆apotato135
|player|p1|
