|badge|p1|silver|gen9doublesou|30-7
|badge|p1|bronze|gen9ru|100-7
|uhtml|medal-msg|<div class="broadcast-blue">Curious what those medals under the avatar are? PS now has Ladder Seasons! For more information, check out the <a href="https://www.smogon.com/forums/threads/3740067/">thread on Smogon.</a></div>
|j|☆3idk
|j|☆ollierob1
|t:|1760359424
|gametype|singles
|player|p1|3idk|cynthia-masters|1569
|player|p2|ollierob1|hoopster|1621
|gen|9
|tier|[Gen 9] OU
|rated|
|rule|HP Percentage Mod: HP is shown in percentages
|rule|Endless Battle Clause: Forcing endless battles is banned
|rule|Species Clause: Limit one of each Pokémon
|rule|OHKO Clause: OHKO moves are banned
|rule|Evasion Items Clause: Evasion items are banned
|rule|Evasion Moves Clause: Evasion moves are banned
|rule|Evasion Abilities Clause: Evasion abilities are banned
|rule|Sleep Moves Clause: Sleep-inducing moves are banned
|clearpoke
|poke|p1|Pelipper, F|
|poke|p1|Tornadus-Therian, M|
|poke|p1|Iron Treads|
|poke|p1|Decidueye-Hisui, M|
|poke|p1|Barraskewda, M|
|poke|p1|Raging Bolt|
|poke|p2|Great Tusk|
|poke|p2|Glimmora, M|
|poke|p2|Dragonite, M|
|poke|p2|Deoxys-Speed|
|poke|p2|Ceruledge, M|
|poke|p2|Iron Valiant|
|teampreview
|inactive|Battle timer is ON: inactive players will automatically lose when time's up. (requested by 3idk)
|inactive|ollierob1 has 120 seconds left.
|
|t:|1760359463
|teamsize|p1|6
|teamsize|p2|6
|start
|switch|p1a: Iron Treads|Iron Treads|100/100
|switch|p2a: Deoxys|Deoxys-Speed, shiny|100/100
|-ability|p2a: Deoxys|Pressure
|turn|1
|
|t:|1760359471
|move|p2a: Deoxys|Reflect|p2a: Deoxys
|-sidestart|p2: ollierob1|Reflect
|move|p1a: Iron Treads|Knock Off|p2a: Deoxys
|-supereffective|p2a: Deoxys
|-damage|p2a: Deoxys|74/100
|-enditem|p2a: Deoxys|Light Clay|[from] move: Knock Off|[of] p1a: Iron Treads
|
|upkeep
|turn|2
|
|t:|1760359478
|move|p2a: Deoxys|Night Shade|p1a: Iron Treads
|-damage|p1a: Iron Treads|74/100
|move|p1a: Iron Treads|Stealth Rock|p2a: Deoxys
|-sidestart|p2: ollierob1|move: Stealth Rock
|
|-heal|p1a: Iron Treads|80/100|[from] item: Leftovers
|upkeep
|turn|3
|
|t:|1760359486
|move|p2a: Deoxys|Night Shade|p1a: Iron Treads
|-damage|p1a: Iron Treads|54/100
|move|p1a: Iron Treads|Earthquake|p2a: Deoxys
|-damage|p2a: Deoxys|55/100
|
|-heal|p1a: Iron Treads|60/100|[from] item: Leftovers
|upkeep
|turn|4
|
|t:|1760359497
|-end|p1a: Iron Treads|Quark Drive|[silent]
|switch|p1a: Pelipper|Pelipper, F|100/100
|-weather|RainDance|[from] ability: Drizzle|[of] p1a: Pelipper
|move|p2a: Deoxys|Night Shade|p1a: Pelipper
|-damage|p1a: Pelipper|70/100
|
|-weather|RainDance|[upkeep]
|upkeep
|turn|5
|
|t:|1760359503
|switch|p1a: Iron Treads|Iron Treads|60/100
|move|p2a: Deoxys|Light Screen|p2a: Deoxys
|-sidestart|p2: ollierob1|move: Light Screen
|
|-weather|RainDance|[upkeep]
|-heal|p1a: Iron Treads|66/100|[from] item: Leftovers
|upkeep
|turn|6
|
|t:|1760359511
|-end|p1a: Iron Treads|Quark Drive|[silent]
|switch|p1a: Tornadus|Tornadus-Therian, M|100/100
|move|p2a: Deoxys|Night Shade|p1a: Tornadus
|-damage|p1a: Tornadus|67/100
|
|-weather|RainDance|[upkeep]
|upkeep
|turn|7
|
|t:|1760359519
|move|p2a: Deoxys|Night Shade|p1a: Tornadus
|-damage|p1a: Tornadus|34/100
|move|p1a: Tornadus|U-turn|p2a: Deoxys
|-supereffective|p2a: Deoxys
|-damage|p2a: Deoxys|40/100
|
|t:|1760359522
|switch|p1a: Barraskewda|Barraskewda, M|100/100|[from] U-turn
|
|-weather|RainDance|[upkeep]
|upkeep
|turn|8
|
|t:|1760359526
|move|p1a: Barraskewda|Flip Turn|p2a: Deoxys
|-damage|p2a: Deoxys|7/100
|-damage|p1a: Barraskewda|91/100|[from] item: Life Orb
|
|t:|1760359532
|switch|p1a: Decidueye|Decidueye-Hisui, M|100/100|[from] Flip Turn
|move|p2a: Deoxys|Night Shade|p1a: Decidueye
|-damage|p1a: Decidueye|74/100
|
|-weather|RainDance|[upkeep]
|-sideend|p2: ollierob1|Reflect
|upkeep
|turn|9
|
|t:|1760359538
|switch|p1a: Iron Treads|Iron Treads|66/100
|move|p2a: Deoxys|Reflect|p2a: Deoxys
|-sidestart|p2: ollierob1|Reflect
|
|-weather|RainDance|[upkeep]
|-heal|p1a: Iron Treads|72/100|[from] item: Leftovers
|-sideend|p2: ollierob1|move: Light Screen
|upkeep
|turn|10
|
|t:|1760359545
|move|p2a: Deoxys|Light Screen|p2a: Deoxys
|-sidestart|p2: ollierob1|move: Light Screen
|move|p1a: Iron Treads|Rapid Spin|p2a: Deoxys
|-damage|p2a: Deoxys|0 fnt
|-boost|p1a: Iron Treads|spe|1
|faint|p2a: Deoxys
|
|-weather|RainDance|[upkeep]
|-heal|p1a: Iron Treads|78/100|[from] item: Leftovers
|upkeep
|
|t:|1760359571
|switch|p2a: Dragonite|Dragonite, M, shiny|100/100
|-damage|p2a: Dragonite|76/100|[from] Stealth Rock
|turn|11
|c|☆3idk|whats the 4th move on deoxys?
|
|t:|1760359580
|move|p1a: Iron Treads|Knock Off|p2a: Dragonite
|-damage|p2a: Dragonite|65/100
|-enditem|p2a: Dragonite|Kee Berry|[from] move: Knock Off|[of] p1a: Iron Treads
|move|p2a: Dragonite|Dragon Dance|p2a: Dragonite
|-boost|p2a: Dragonite|atk|1
|-boost|p2a: Dragonite|spe|1
|
|-weather|none
|-heal|p1a: Iron Treads|84/100|[from] item: Leftovers
|upkeep
|turn|12
|
|t:|1760359592
|-end|p1a: Iron Treads|Quark Drive|[silent]
|switch|p1a: Decidueye|Decidueye-Hisui, M|74/100
|move|p2a: Dragonite|Dragon Dance|p2a: Dragonite
|-boost|p2a: Dragonite|atk|1
|-boost|p2a: Dragonite|spe|1
|
|upkeep
|turn|13
|inactive|ollierob1 has 120 seconds left.
|inactive|ollierob1 has 90 seconds left.
|
|t:|1760359653
|move|p2a: Dragonite|Roost|p2a: Dragonite
|-heal|p2a: Dragonite|100/100
|-singleturn|p2a: Dragonite|move: Roost
|move|p1a: Decidueye|U-turn|p2a: Dragonite
|-damage|p2a: Dragonite|97/100
|
|t:|1760359663
|switch|p1a: Raging Bolt|Raging Bolt|100/100|[from] U-turn
|-enditem|p1a: Raging Bolt|Booster Energy
|-activate|p1a: Raging Bolt|ability: Protosynthesis|[fromitem]
|-start|p1a: Raging Bolt|protosynthesisspa
|
|-sideend|p2: ollierob1|Reflect
|upkeep
|turn|14
|
|t:|1760359673
|-terastallize|p2a: Dragonite|Fairy
|-terastallize|p1a: Raging Bolt|Bug
|move|p2a: Dragonite|Tera Blast|p1a: Raging Bolt|[anim] Tera Blast Fairy
|-damage|p1a: Raging Bolt|35/100
|move|p1a: Raging Bolt|Dragon Pulse|p2a: Dragonite
|-immune|p2a: Dragonite
|
|-sideend|p2: ollierob1|move: Light Screen
|upkeep
|turn|15
|
|t:|1760359688
|move|p2a: Dragonite|Tera Blast|p1a: Raging Bolt|[anim] Tera Blast Fairy
|-damage|p1a: Raging Bolt|0 fnt
|faint|p1a: Raging Bolt
|-end|p1a: Raging Bolt|Protosynthesis|[silent]
|
|upkeep
|
|t:|1760359694
|switch|p1a: Pelipper|Pelipper, F|70/100
|-weather|RainDance|[from] ability: Drizzle|[of] p1a: Pelipper
|turn|16
|
|t:|1760359699
|switch|p1a: Iron Treads|Iron Treads|84/100
|move|p2a: Dragonite|Tera Blast|p1a: Iron Treads|[anim] Tera Blast Fairy
|-resisted|p1a: Iron Treads
|-damage|p1a: Iron Treads|56/100
|
|-weather|RainDance|[upkeep]
|-heal|p1a: Iron Treads|62/100|[from] item: Leftovers
|upkeep
|turn|17
|
|t:|1760359711
|move|p2a: Dragonite|Dragon Dance|p2a: Dragonite
|-boost|p2a: Dragonite|atk|1
|-boost|p2a: Dragonite|spe|1
|move|p1a: Iron Treads|Earthquake|p2a: Dragonite
|-damage|p2a: Dragonite|65/100
|
|-weather|RainDance|[upkeep]
|-heal|p1a: Iron Treads|68/100|[from] item: Leftovers
|upkeep
|turn|18
|
|t:|1760359718
|move|p2a: Dragonite|Roost|p2a: Dragonite
|-heal|p2a: Dragonite|100/100
|move|p1a: Iron Treads|Earthquake|p2a: Dragonite
|-damage|p2a: Dragonite|82/100
|
|-weather|RainDance|[upkeep]
|-heal|p1a: Iron Treads|74/100|[from] item: Leftovers
|upkeep
|turn|19
|inactive|ollierob1 has 120 seconds left.
|
|t:|1760359725
|move|p2a: Dragonite|Roost|p2a: Dragonite
|-heal|p2a: Dragonite|100/100
|move|p1a: Iron Treads|Earthquake|p2a: Dragonite
|-crit|p2a: Dragonite
|-damage|p2a: Dragonite|73/100
|
|-weather|RainDance|[upkeep]
|-heal|p1a: Iron Treads|80/100|[from] item: Leftovers
|upkeep
|turn|20
|
|t:|1760359732
|move|p2a: Dragonite|Roost|p2a: Dragonite
|-heal|p2a: Dragonite|100/100
|move|p1a: Iron Treads|Earthquake|p2a: Dragonite
|-damage|p2a: Dragonite|84/100
|
|-weather|RainDance|[upkeep]
|-heal|p1a: Iron Treads|86/100|[from] item: Leftovers
|upkeep
|turn|21
|
|t:|1760359736
|-end|p1a: Iron Treads|Quark Drive|[silent]
|switch|p1a: Barraskewda|Barraskewda, M|91/100
|move|p2a: Dragonite|Dragon Dance|p2a: Dragonite
|-boost|p2a: Dragonite|atk|1
|-boost|p2a: Dragonite|spe|1
|
|-weather|RainDance|[upkeep]
|upkeep
|turn|22
|c|☆ollierob1|Goated
|
|t:|1760359743
|move|p1a: Barraskewda|Liquidation|p2a: Dragonite
|-damage|p2a: Dragonite|0 fnt
|faint|p2a: Dragonite
|-damage|p1a: Barraskewda|81/100|[from] item: Life Orb
|
|-weather|RainDance|[upkeep]
|upkeep
|-message|ollierob1 forfeited.
|
|win|3idk
|raw|3idk's rating: 1569 &rarr; <strong>1592</strong><br />(+23 for winning)
|raw|ollierob1's rating: 1621 &rarr; <strong>1598</strong><br />(-23 for losing)
|l|☆ollierob1
|player|p2|
|l|☆3idk
|player|p1|
