|j|☆roommate108
|j|☆EGmiau
|t:|1760460415
|gametype|singles
|player|p1|roommate108|2|1558
|player|p2|EGmiau|bianca|1607
|gen|9
|tier|[Gen 9] OU
|rated|
|rule|HP Percentage Mod: HP is shown in percentages
|rule|Endless Battle Clause: Forcing endless battles is banned
|rule|Species Clause: Limit one of each Pokémon
|rule|OHKO Clause: OHKO moves are banned
|rule|Evasion Items Clause: Evasion items are banned
|rule|Evasion Moves Clause: Evasion moves are banned
|rule|Evasion Abilities Clause: Evasion abilities are banned
|rule|Sleep Moves Clause: Sleep-inducing moves are banned
|clearpoke
|poke|p1|Torkoal, F|
|poke|p1|Raging Bolt|
|poke|p1|Walking Wake|
|poke|p1|Hatterene, F|
|poke|p1|Charizard, M|
|poke|p1|Leavanny, F|
|poke|p2|Gholdengo|
|poke|p2|Gliscor, F|
|poke|p2|Meowscarada, M|
|poke|p2|Dragonite, F|
|poke|p2|Slowking-Galar, M|
|poke|p2|Corviknight, F|
|teampreview
|inactive|Battle timer is ON: inactive players will automatically lose when time's up. (requested by roommate108)
|c|☆EGmiau|glhf
|
|t:|1760460426
|teamsize|p1|6
|teamsize|p2|6
|start
|switch|p1a: Torkoal|Torkoal, F|100/100
|switch|p2a: Gliscor|Gliscor, F|100/100
|-weather|SunnyDay|[from] ability: Drought|[of] p1a: Torkoal
|turn|1
|
|t:|1760460430
|switch|p1a: Hatterene|Hatterene, F|100/100
|move|p2a: Gliscor|Protect||[still]
|-fail|p2a: Gliscor
|
|-weather|SunnyDay|[upkeep]
|-status|p2a: Gliscor|tox|[from] item: Toxic Orb
|upkeep
|turn|2
|
|t:|1760460439
|move|p2a: Gliscor|Protect|p2a: Gliscor
|-singleturn|p2a: Gliscor|Protect
|move|p1a: Hatterene|Healing Wish|p1a: Hatterene
|faint|p1a: Hatterene
|
|-weather|SunnyDay|[upkeep]
|upkeep
|
|t:|1760460441
|switch|p1a: Charizard|Charizard, M|100/100
|turn|3
|
|t:|1760460452
|-terastallize|p2a: Gliscor|Water
|move|p1a: Charizard|Weather Ball|p2a: Gliscor
|-resisted|p2a: Gliscor
|-damage|p2a: Gliscor|9/100 tox
|move|p2a: Gliscor|Toxic|p1a: Charizard
|-status|p1a: Charizard|tox
|
|-weather|SunnyDay|[upkeep]
|-damage|p1a: Charizard|88/100 tox|[from] ability: Solar Power|[of] p1a: Charizard
|-damage|p1a: Charizard|82/100 tox|[from] psn
|-heal|p2a: Gliscor|21/100 tox|[from] ability: Poison Heal
|upkeep
|turn|4
|
|t:|1760460459
|move|p2a: Gliscor|Protect|p2a: Gliscor
|-singleturn|p2a: Gliscor|Protect
|move|p1a: Charizard|Weather Ball|p2a: Gliscor
|-activate|p2a: Gliscor|move: Protect
|
|-weather|SunnyDay|[upkeep]
|-damage|p1a: Charizard|70/100 tox|[from] ability: Solar Power|[of] p1a: Charizard
|-damage|p1a: Charizard|57/100 tox|[from] psn
|-heal|p2a: Gliscor|34/100 tox|[from] ability: Poison Heal
|upkeep
|turn|5
|
|t:|1760460463
|switch|p2a: Dragonite|Dragonite, F|100/100
|move|p1a: Charizard|Weather Ball|p2a: Dragonite
|-resisted|p2a: Dragonite
|-damage|p2a: Dragonite|69/100
|
|-weather|SunnyDay|[upkeep]
|-damage|p1a: Charizard|45/100 tox|[from] ability: Solar Power|[of] p1a: Charizard
|-damage|p1a: Charizard|27/100 tox|[from] psn
|upkeep
|turn|6
|
|t:|1760460488
|switch|p1a: Walking Wake|Walking Wake|100/100
|-activate|p1a: Walking Wake|ability: Protosynthesis
|-start|p1a: Walking Wake|protosynthesisspe
|move|p2a: Dragonite|Roost|p2a: Dragonite
|-heal|p2a: Dragonite|100/100
|-singleturn|p2a: Dragonite|move: Roost
|
|-weather|SunnyDay|[upkeep]
|upkeep
|turn|7
|
|t:|1760460492
|move|p1a: Walking Wake|Draco Meteor|p2a: Dragonite|[miss]
|-miss|p1a: Walking Wake|p2a: Dragonite
|move|p2a: Dragonite|Dragon Tail|p1a: Walking Wake
|-supereffective|p1a: Walking Wake
|-damage|p1a: Walking Wake|21/100
|-end|p1a: Walking Wake|Protosynthesis|[silent]
|drag|p1a: Raging Bolt|Raging Bolt|100/100
|-activate|p1a: Raging Bolt|ability: Protosynthesis
|-start|p1a: Raging Bolt|protosynthesisspa
|
|-weather|SunnyDay|[upkeep]
|upkeep
|turn|8
|
|t:|1760460501
|move|p1a: Raging Bolt|Draco Meteor|p2a: Dragonite
|-supereffective|p2a: Dragonite
|-damage|p2a: Dragonite|0 fnt
|-unboost|p1a: Raging Bolt|spa|2
|faint|p2a: Dragonite
|-damage|p1a: Raging Bolt|91/100|[from] item: Life Orb
|
|-weather|none
|-end|p1a: Raging Bolt|Protosynthesis
|upkeep
|
|t:|1760460510
|switch|p2a: Meowscarada|Meowscarada, M|100/100
|turn|9
|
|t:|1760460513
|-end|p1a: Raging Bolt|Protosynthesis|[silent]
|switch|p1a: Torkoal|Torkoal, F|100/100
|-weather|SunnyDay|[from] ability: Drought|[of] p1a: Torkoal
|move|p2a: Meowscarada|Knock Off|p1a: Torkoal
|-start|p2a: Meowscarada|typechange|Dark|[from] ability: Protean
|-damage|p1a: Torkoal|73/100
|-enditem|p1a: Torkoal|Heat Rock|[from] move: Knock Off|[of] p2a: Meowscarada
|
|-weather|SunnyDay|[upkeep]
|upkeep
|turn|10
|
|t:|1760460519
|switch|p1a: Walking Wake|Walking Wake|21/100
|-heal|p1a: Walking Wake|100/100|[from] move: Healing Wish
|-activate|p1a: Walking Wake|ability: Protosynthesis
|-start|p1a: Walking Wake|protosynthesisspe
|move|p2a: Meowscarada|U-turn|p1a: Walking Wake
|-damage|p1a: Walking Wake|75/100
|
|t:|1760460532
|switch|p2a: Gliscor|Gliscor, F, tera:Water|34/100 tox|[from] U-turn
|
|-weather|SunnyDay|[upkeep]
|-heal|p2a: Gliscor|46/100 tox|[from] ability: Poison Heal
|upkeep
|turn|11
|
|t:|1760460535
|-end|p1a: Walking Wake|Protosynthesis|[silent]
|switch|p1a: Charizard|Charizard, M|27/100 tox
|move|p2a: Gliscor|Protect||[still]
|-fail|p2a: Gliscor
|
|-weather|SunnyDay|[upkeep]
|-damage|p1a: Charizard|14/100 tox|[from] ability: Solar Power|[of] p1a: Charizard
|-damage|p1a: Charizard|8/100 tox|[from] psn
|-heal|p2a: Gliscor|59/100 tox|[from] ability: Poison Heal
|upkeep
|turn|12
|
|t:|1760460538
|move|p2a: Gliscor|Protect|p2a: Gliscor
|-singleturn|p2a: Gliscor|Protect
|move|p1a: Charizard|Overheat|p2a: Gliscor
|-activate|p2a: Gliscor|move: Protect
|
|-weather|SunnyDay|[upkeep]
|-damage|p1a: Charizard|0 fnt|[from] ability: Solar Power|[of] p1a: Charizard
|faint|p1a: Charizard
|-heal|p2a: Gliscor|71/100 tox|[from] ability: Poison Heal
|upkeep
|
|t:|1760460540
|switch|p1a: Raging Bolt|Raging Bolt|91/100
|-activate|p1a: Raging Bolt|ability: Protosynthesis
|-start|p1a: Raging Bolt|protosynthesisspa
|turn|13
|
|t:|1760460548
|switch|p2a: Meowscarada|Meowscarada, M|100/100
|move|p1a: Raging Bolt|Thunderbolt|p2a: Meowscarada
|-resisted|p2a: Meowscarada
|-damage|p2a: Meowscarada|28/100
|-damage|p1a: Raging Bolt|81/100|[from] item: Life Orb
|
|-weather|SunnyDay|[upkeep]
|upkeep
|turn|14
|
|t:|1760460557
|switch|p2a: Gholdengo|Gholdengo|100/100
|move|p1a: Raging Bolt|Thunderclap||[still]
|-fail|p1a: Raging Bolt
|
|-weather|SunnyDay|[upkeep]
|upkeep
|turn|15
|
|t:|1760460559
|-terastallize|p1a: Raging Bolt|Electric
|move|p2a: Gholdengo|Trick|p1a: Raging Bolt
|-activate|p2a: Gholdengo|move: Trick|[of] p1a: Raging Bolt
|-item|p1a: Raging Bolt|Choice Scarf|[from] move: Trick
|-item|p2a: Gholdengo|Life Orb|[from] move: Trick
|move|p1a: Raging Bolt|Thunderbolt|p2a: Gholdengo
|-damage|p2a: Gholdengo|0 fnt
|faint|p2a: Gholdengo
|
|-weather|SunnyDay|[upkeep]
|upkeep
|
|t:|1760460578
|switch|p2a: Meowscarada|Meowscarada, M|28/100
|turn|16
|
|t:|1760460587
|move|p2a: Meowscarada|Flower Trick|p1a: Raging Bolt
|-start|p2a: Meowscarada|typechange|Grass|[from] ability: Protean
|-crit|p1a: Raging Bolt
|-damage|p1a: Raging Bolt|37/100
|move|p1a: Raging Bolt|Thunderbolt|p2a: Meowscarada
|-resisted|p2a: Meowscarada
|-damage|p2a: Meowscarada|0 fnt
|faint|p2a: Meowscarada
|
|-weather|none
|-end|p1a: Raging Bolt|Protosynthesis
|upkeep
|
|t:|1760460594
|switch|p2a: Slowking|Slowking-Galar, M|100/100
|turn|17
|
|t:|1760460598
|-end|p1a: Raging Bolt|Protosynthesis|[silent]
|switch|p1a: Torkoal|Torkoal, F|73/100
|-weather|SunnyDay|[from] ability: Drought|[of] p1a: Torkoal
|move|p2a: Slowking|Future Sight|p1a: Torkoal
|-start|p2a: Slowking|move: Future Sight
|
|-weather|SunnyDay|[upkeep]
|upkeep
|turn|18
|
|t:|1760460601
|move|p2a: Slowking|Sludge Wave|p1a: Torkoal
|-damage|p1a: Torkoal|29/100
|move|p1a: Torkoal|Will-O-Wisp|p2a: Slowking
|-status|p2a: Slowking|brn
|
|-weather|SunnyDay|[upkeep]
|-damage|p2a: Slowking|94/100 brn|[from] brn
|upkeep
|turn|19
|
|t:|1760460606
|-prepare|p2a: Slowking|Chilly Reception|[premajor]
|move|p2a: Slowking|Chilly Reception|p2a: Slowking
|-weather|Snowscape
|
|t:|1760460609
|switch|p2a: Gliscor|Gliscor, F, tera:Water|71/100 tox|[from] Chilly Reception
|move|p1a: Torkoal|Weather Ball|p2a: Gliscor
|-resisted|p2a: Gliscor
|-damage|p2a: Gliscor|59/100 tox
|
|-weather|Snowscape|[upkeep]
|-end|p1a: Torkoal|move: Future Sight
|-damage|p1a: Torkoal|0 fnt
|faint|p1a: Torkoal
|-heal|p2a: Gliscor|71/100 tox|[from] ability: Poison Heal
|upkeep
|
|t:|1760460612
|switch|p1a: Raging Bolt|Raging Bolt, tera:Electric|37/100
|turn|20
|
|t:|1760460616
|switch|p2a: Slowking|Slowking-Galar, M|100/100 brn
|move|p1a: Raging Bolt|Thunderbolt|p2a: Slowking
|-damage|p2a: Slowking|61/100 brn
|
|-weather|Snowscape|[upkeep]
|-damage|p2a: Slowking|55/100 brn|[from] brn
|upkeep
|turn|21
|
|t:|1760460619
|move|p1a: Raging Bolt|Thunderbolt|p2a: Slowking
|-damage|p2a: Slowking|12/100 brn
|move|p2a: Slowking|Slack Off|p2a: Slowking
|-heal|p2a: Slowking|62/100 brn
|
|-weather|Snowscape|[upkeep]
|-damage|p2a: Slowking|56/100 brn|[from] brn
|upkeep
|turn|22
|
|t:|1760460622
|move|p1a: Raging Bolt|Thunderbolt|p2a: Slowking
|-damage|p2a: Slowking|14/100 brn
|move|p2a: Slowking|Slack Off|p2a: Slowking
|-heal|p2a: Slowking|64/100 brn
|
|-weather|Snowscape|[upkeep]
|-damage|p2a: Slowking|58/100 brn|[from] brn
|upkeep
|turn|23
|
|t:|1760460625
|move|p1a: Raging Bolt|Thunderbolt|p2a: Slowking
|-damage|p2a: Slowking|19/100 brn
|move|p2a: Slowking|Slack Off|p2a: Slowking
|-heal|p2a: Slowking|69/100 brn
|
|-weather|none
|-damage|p2a: Slowking|63/100 brn|[from] brn
|upkeep
|turn|24
|
|t:|1760460627
|move|p1a: Raging Bolt|Thunderbolt|p2a: Slowking
|-damage|p2a: Slowking|18/100 brn
|move|p2a: Slowking|Slack Off|p2a: Slowking
|-heal|p2a: Slowking|68/100 brn
|
|-damage|p2a: Slowking|62/100 brn|[from] brn
|upkeep
|turn|25
|
|t:|1760460632
|move|p1a: Raging Bolt|Thunderbolt|p2a: Slowking
|-crit|p2a: Slowking
|-damage|p2a: Slowking|0 fnt
|faint|p2a: Slowking
|
|upkeep
|
|t:|1760460638
|switch|p2a: Gliscor|Gliscor, F, tera:Water|71/100 tox
|turn|26
|
|t:|1760460640
|move|p2a: Gliscor|Protect|p2a: Gliscor
|-singleturn|p2a: Gliscor|Protect
|move|p1a: Raging Bolt|Thunderbolt|p2a: Gliscor
|-activate|p2a: Gliscor|move: Protect
|
|-heal|p2a: Gliscor|84/100 tox|[from] ability: Poison Heal
|upkeep
|turn|27
|
|t:|1760460641
|move|p1a: Raging Bolt|Thunderbolt|p2a: Gliscor
|-supereffective|p2a: Gliscor
|-crit|p2a: Gliscor
|-damage|p2a: Gliscor|0 fnt
|faint|p2a: Gliscor
|
|upkeep
|c|☆EGmiau|gg
|-message|EGmiau forfeited.
|
|win|roommate108
|raw|roommate108's rating: 1558 &rarr; <strong>1581</strong><br />(+23 for winning)
|raw|EGmiau's rating: 1607 &rarr; <strong>1584</strong><br />(-23 for losing)
|l|☆EGmiau
|player|p2|
|l|☆roommate108
|player|p1|
