|j|☆pigsiayers
|j|☆smoad
|t:|1760348560
|gametype|singles
|player|p1|pigsiayers|veteran-gen4|1182
|player|p2|smoad|101|1170
|gen|9
|tier|[Gen 9] OU
|rated|
|rule|HP Percentage Mod: HP is shown in percentages
|rule|Endless Battle Clause: Forcing endless battles is banned
|rule|Species Clause: Limit one of each Pokémon
|rule|OHKO Clause: OHKO moves are banned
|rule|Evasion Items Clause: Evasion items are banned
|rule|Evasion Moves Clause: Evasion moves are banned
|rule|Evasion Abilities Clause: Evasion abilities are banned
|rule|Sleep Moves Clause: Sleep-inducing moves are banned
|clearpoke
|poke|p1|Ninetales-Alola, F|
|poke|p1|Sandslash-Alola, M|
|poke|p1|Chandelure, F|
|poke|p1|Slowking-Galar, M|
|poke|p1|Meowscarada, F|
|poke|p1|Mandibuzz, F|
|poke|p2|Latios, M|
|poke|p2|Serperior, F|
|poke|p2|Samurott-Hisui, F|
|poke|p2|Great Tusk|
|poke|p2|Gholdengo|
|poke|p2|Okidogi, M|
|teampreview
|inactive|Battle timer is ON: inactive players will automatically lose when time's up. (requested by smoad)
|
|t:|1760348568
|teamsize|p1|6
|teamsize|p2|6
|start
|switch|p1a: Ninetales|Ninetales-Alola, F|100/100
|switch|p2a: Samurott|Samurott-Hisui, F|100/100
|-weather|Snowscape|[from] ability: Snow Warning|[of] p1a: Ninetales
|turn|1
|
|t:|1760348577
|move|p2a: Samurott|Ceaseless Edge|p1a: Ninetales
|-resisted|p1a: Ninetales
|-crit|p1a: Ninetales
|-damage|p1a: Ninetales|69/100
|-sidestart|p1: pigsiayers|Spikes
|move|p1a: Ninetales|Freeze-Dry|p2a: Samurott
|-supereffective|p2a: Samurott
|-damage|p2a: Samurott|20/100
|
|-weather|Snowscape|[upkeep]
|upkeep
|turn|2
|
|t:|1760348591
|move|p2a: Samurott|Ceaseless Edge|p1a: Ninetales
|-resisted|p1a: Ninetales
|-damage|p1a: Ninetales|49/100
|-sidestart|p1: pigsiayers|Spikes
|move|p1a: Ninetales|Moonblast|p2a: Samurott
|-supereffective|p2a: Samurott
|-damage|p2a: Samurott|0 fnt
|faint|p2a: Samurott
|
|-weather|Snowscape|[upkeep]
|upkeep
|
|t:|1760348610
|switch|p2a: Latios|Latios, M|100/100
|turn|3
|
|t:|1760348613
|move|p2a: Latios|Luster Purge|p1a: Ninetales
|-damage|p1a: Ninetales|0 fnt
|faint|p1a: Ninetales
|
|-weather|Snowscape|[upkeep]
|upkeep
|
|t:|1760348617
|switch|p1a: Chandelure|Chandelure, F|100/100
|-damage|p1a: Chandelure|84/100|[from] Spikes
|turn|4
|
|t:|1760348622
|move|p1a: Chandelure|Shadow Ball|p2a: Latios
|-supereffective|p2a: Latios
|-damage|p2a: Latios|4/100
|move|p2a: Latios|Luster Purge|p1a: Chandelure
|-damage|p1a: Chandelure|0 fnt
|faint|p1a: Chandelure
|
|-weather|Snowscape|[upkeep]
|upkeep
|
|t:|1760348627
|switch|p1a: Sandslash|Sandslash-Alola, M|100/100
|turn|5
|
|t:|1760348631
|move|p1a: Sandslash|Triple Axel|p2a: Latios
|-supereffective|p2a: Latios
|-damage|p2a: Latios|0 fnt
|faint|p2a: Latios
|-hitcount|p2: Latios|1
|
|-weather|none
|upkeep
|
|t:|1760348634
|switch|p2a: Serperior|Serperior, F|100/100
|turn|6
|
|t:|1760348637
|-terastallize|p2a: Serperior|Poison
|move|p2a: Serperior|Leaf Storm|p1a: Sandslash
|-resisted|p1a: Sandslash
|-damage|p1a: Sandslash|70/100
|-boost|p2a: Serperior|spa|2
|move|p1a: Sandslash|Triple Axel|p2a: Serperior
|-damage|p2a: Serperior|91/100
|-hitcount|p2a: Serperior|1
|
|-heal|p2a: Serperior|97/100|[from] item: Leftovers
|upkeep
|turn|7
|
|t:|1760348641
|move|p2a: Serperior|Leaf Storm|p1a: Sandslash
|-resisted|p1a: Sandslash
|-damage|p1a: Sandslash|16/100
|-boost|p2a: Serperior|spa|2
|move|p1a: Sandslash|Earthquake|p2a: Serperior
|-supereffective|p2a: Serperior
|-crit|p2a: Serperior
|-damage|p2a: Serperior|0 fnt
|faint|p2a: Serperior
|
|upkeep
|
|t:|1760348646
|switch|p2a: Great Tusk|Great Tusk|100/100
|turn|8
|
|t:|1760348654
|switch|p1a: Slowking|Slowking-Galar, M|100/100
|-damage|p1a: Slowking|84/100|[from] Spikes
|move|p2a: Great Tusk|Rapid Spin|p1a: Slowking
|-crit|p1a: Slowking
|-damage|p1a: Slowking|57/100
|-boost|p2a: Great Tusk|spe|1
|
|-heal|p1a: Slowking|63/100|[from] item: Leftovers
|upkeep
|turn|9
|
|t:|1760348660
|move|p2a: Great Tusk|Headlong Rush|p1a: Slowking
|-supereffective|p1a: Slowking
|-damage|p1a: Slowking|0 fnt
|-unboost|p2a: Great Tusk|def|1
|-unboost|p2a: Great Tusk|spd|1
|faint|p1a: Slowking
|
|upkeep
|
|t:|1760348665
|switch|p1a: Mandibuzz|Mandibuzz, F|100/100
|turn|10
|
|t:|1760348669
|move|p2a: Great Tusk|Stealth Rock|p1a: Mandibuzz
|-sidestart|p1: pigsiayers|move: Stealth Rock
|move|p1a: Mandibuzz|Foul Play|p2a: Great Tusk
|-resisted|p2a: Great Tusk
|-damage|p2a: Great Tusk|75/100
|-damage|p1a: Mandibuzz|84/100|[from] item: Rocky Helmet|[of] p2a: Great Tusk
|
|upkeep
|turn|11
|
|t:|1760348674
|move|p2a: Great Tusk|Ice Spinner|p1a: Mandibuzz
|-supereffective|p1a: Mandibuzz
|-damage|p1a: Mandibuzz|55/100
|move|p1a: Mandibuzz|Defog|p2a: Great Tusk
|-unboost|p2a: Great Tusk|evasion|1
|-sideend|p1: pigsiayers|Spikes|[from] move: Defog|[of] p1a: Mandibuzz
|-sideend|p1: pigsiayers|Stealth Rock|[from] move: Defog|[of] p1a: Mandibuzz
|
|upkeep
|turn|12
|
|t:|1760348681
|-end|p2a: Great Tusk|Protosynthesis|[silent]
|switch|p2a: Gholdengo|Gholdengo|100/100
|move|p1a: Mandibuzz|Foul Play|p2a: Gholdengo
|-supereffective|p2a: Gholdengo
|-damage|p2a: Gholdengo|76/100
|
|upkeep
|turn|13
|
|t:|1760348688
|move|p2a: Gholdengo|Make It Rain|p1a: Mandibuzz
|-damage|p1a: Mandibuzz|14/100
|-unboost|p2a: Gholdengo|spa|1
|move|p1a: Mandibuzz|U-turn|p2a: Gholdengo
|-resisted|p2a: Gholdengo
|-damage|p2a: Gholdengo|74/100
|
|t:|1760348692
|switch|p1a: Meowscarada|Meowscarada, F|100/100|[from] U-turn
|
|upkeep
|turn|14
|
|t:|1760348703
|switch|p2a: Great Tusk|Great Tusk|75/100
|move|p1a: Meowscarada|Knock Off|p2a: Great Tusk
|-start|p1a: Meowscarada|typechange|Dark|[from] ability: Protean
|-resisted|p2a: Great Tusk
|-damage|p2a: Great Tusk|55/100
|-damage|p1a: Meowscarada|84/100|[from] item: Rocky Helmet|[of] p2a: Great Tusk
|-enditem|p2a: Great Tusk|Rocky Helmet|[from] move: Knock Off|[of] p1a: Meowscarada
|-damage|p1a: Meowscarada|74/100|[from] item: Life Orb
|
|upkeep
|turn|15
|
|t:|1760348711
|move|p1a: Meowscarada|Flower Trick|p2a: Great Tusk
|-supereffective|p2a: Great Tusk
|-crit|p2a: Great Tusk
|-damage|p2a: Great Tusk|0 fnt
|faint|p2a: Great Tusk
|-end|p2a: Great Tusk|Protosynthesis|[silent]
|-damage|p1a: Meowscarada|64/100|[from] item: Life Orb
|
|upkeep
|
|t:|1760348718
|switch|p2a: Okidogi|Okidogi, M|100/100
|turn|16
|
|t:|1760348723
|move|p1a: Meowscarada|U-turn|p2a: Okidogi
|-resisted|p2a: Okidogi
|-damage|p2a: Okidogi|95/100
|-damage|p1a: Meowscarada|54/100|[from] item: Life Orb
|
|t:|1760348727
|switch|p1a: Mandibuzz|Mandibuzz, F|14/100|[from] U-turn
|move|p2a: Okidogi|Close Combat|p1a: Mandibuzz
|-damage|p1a: Mandibuzz|0 fnt
|-unboost|p2a: Okidogi|def|1
|-unboost|p2a: Okidogi|spd|1
|faint|p1a: Mandibuzz
|
|upkeep
|
|t:|1760348731
|switch|p1a: Sandslash|Sandslash-Alola, M|16/100
|turn|17
|
|t:|1760348736
|switch|p2a: Gholdengo|Gholdengo|74/100
|move|p1a: Sandslash|Earthquake|p2a: Gholdengo
|-supereffective|p2a: Gholdengo
|-damage|p2a: Gholdengo|28/100
|
|upkeep
|turn|18
|
|t:|1760348741
|move|p2a: Gholdengo|Make It Rain|p1a: Sandslash
|-damage|p1a: Sandslash|0 fnt
|-unboost|p2a: Gholdengo|spa|1
|faint|p1a: Sandslash
|
|upkeep
|
|t:|1760348743
|switch|p1a: Meowscarada|Meowscarada, F|54/100
|turn|19
|
|t:|1760348754
|move|p1a: Meowscarada|Knock Off|p2a: Gholdengo
|-start|p1a: Meowscarada|typechange|Dark|[from] ability: Protean
|-supereffective|p2a: Gholdengo
|-damage|p2a: Gholdengo|0 fnt
|-enditem|p2a: Gholdengo|Covert Cloak|[from] move: Knock Off|[of] p1a: Meowscarada
|faint|p2a: Gholdengo
|-damage|p1a: Meowscarada|45/100|[from] item: Life Orb
|
|upkeep
|
|t:|1760348757
|switch|p2a: Okidogi|Okidogi, M|95/100
|turn|20
|
|t:|1760348761
|-terastallize|p1a: Meowscarada|Grass
|move|p1a: Meowscarada|Play Rough|p2a: Okidogi
|-damage|p2a: Okidogi|67/100
|-damage|p1a: Meowscarada|35/100|[from] item: Life Orb
|move|p2a: Okidogi|Close Combat|p1a: Meowscarada
|-damage|p1a: Meowscarada|0 fnt
|-unboost|p2a: Okidogi|def|1
|-unboost|p2a: Okidogi|spd|1
|faint|p1a: Meowscarada
|
|win|smoad
|raw|pigsiayers's rating: 1182 &rarr; <strong>1156</strong><br />(-26 for losing)
|raw|smoad's rating: 1170 &rarr; <strong>1196</strong><br />(+26 for winning)
|l|☆pigsiayers
|player|p1|
|l|☆smoad
|player|p2|
