|j|☆aaron200589
|j|☆Jynzeo
|t:|1760379628
|gametype|singles
|player|p1|aaron200589|giovanni|1320
|player|p2|Jynzeo|flannery|1240
|gen|9
|tier|[Gen 9] OU
|rated|
|rule|HP Percentage Mod: HP is shown in percentages
|rule|Endless Battle Clause: Forcing endless battles is banned
|rule|Species Clause: Limit one of each Pokémon
|rule|OHKO Clause: OHKO moves are banned
|rule|Evasion Items Clause: Evasion items are banned
|rule|Evasion Moves Clause: Evasion moves are banned
|rule|Evasion Abilities Clause: Evasion abilities are banned
|rule|Sleep Moves Clause: Sleep-inducing moves are banned
|clearpoke
|poke|p1|Glastrier|
|poke|p1|Ursaluna, F|
|poke|p1|Cresselia, F|
|poke|p1|Torkoal, F|
|poke|p1|Slowking-Galar, M|
|poke|p1|Crawdaunt, F|
|poke|p2|Espeon, F|
|poke|p2|Klefki, F|
|poke|p2|Hoopa-Unbound|
|poke|p2|Thundurus-Therian, M|
|poke|p2|Skeledirge, F|
|poke|p2|Gyarados, M|
|teampreview
|inactive|Battle timer is ON: inactive players will automatically lose when time's up. (requested by aaron200589)
|inactive|Jynzeo has 120 seconds left.
|
|t:|1760379681
|teamsize|p1|6
|teamsize|p2|6
|start
|switch|p1a: Slowking|Slowking-Galar, M|100/100
|switch|p2a: Hoopa|Hoopa-Unbound|100/100
|turn|1
|
|t:|1760379690
|-terastallize|p1a: Slowking|Fairy
|move|p2a: Hoopa|Dark Pulse|p1a: Slowking
|-resisted|p1a: Slowking
|-damage|p1a: Slowking|79/100
|-damage|p2a: Hoopa|91/100|[from] item: Life Orb
|cant|p1a: Slowking|flinch
|
|upkeep
|turn|2
|
|t:|1760379704
|switch|p2a: Skeledirge|Skeledirge, F, shiny|100/100
|move|p1a: Slowking|Trick Room|p1a: Slowking
|-fieldstart|move: Trick Room|[of] p1a: Slowking
|
|upkeep
|turn|3
|
|t:|1760379710
|-prepare|p1a: Slowking|Chilly Reception|[premajor]
|move|p1a: Slowking|Chilly Reception|p1a: Slowking
|-weather|Snowscape
|
|t:|1760379718
|switch|p1a: Ursaluna|Ursaluna, F|100/100|[from] Chilly Reception
|move|p2a: Skeledirge|Torch Song|p1a: Ursaluna
|-damage|p1a: Ursaluna|66/100
|-boost|p2a: Skeledirge|spa|1
|
|-weather|Snowscape|[upkeep]
|-status|p1a: Ursaluna|brn|[from] item: Flame Orb
|upkeep
|turn|4
|
|t:|1760379728
|-terastallize|p2a: Skeledirge|Grass
|move|p1a: Ursaluna|Headlong Rush|p2a: Skeledirge
|-resisted|p2a: Skeledirge
|-damage|p2a: Skeledirge|52/100
|-unboost|p1a: Ursaluna|def|1
|-unboost|p1a: Ursaluna|spd|1
|move|p2a: Skeledirge|Torch Song|p1a: Ursaluna
|-damage|p1a: Ursaluna|14/100 brn
|-boost|p2a: Skeledirge|spa|1
|
|-weather|Snowscape|[upkeep]
|-damage|p1a: Ursaluna|8/100 brn|[from] brn
|upkeep
|turn|5
|
|t:|1760379743
|move|p1a: Ursaluna|Facade|p2a: Skeledirge
|-damage|p2a: Skeledirge|0 fnt
|faint|p2a: Skeledirge
|
|-weather|Snowscape|[upkeep]
|-damage|p1a: Ursaluna|2/100 brn|[from] brn
|upkeep
|
|t:|1760379753
|switch|p2a: Klefki|Klefki, F|100/100
|turn|6
|
|t:|1760379759
|switch|p1a: Glastrier|Glastrier|100/100
|move|p2a: Klefki|Reflect|p2a: Klefki
|-sidestart|p2: Jynzeo|Reflect
|
|-weather|Snowscape|[upkeep]
|-fieldend|move: Trick Room
|upkeep
|turn|7
|
|t:|1760379767
|switch|p1a: Slowking|Slowking-Galar, M, tera:Fairy|100/100
|move|p2a: Klefki|Spikes|p1a: Slowking
|-sidestart|p1: aaron200589|Spikes
|
|-weather|none
|upkeep
|turn|8
|
|t:|1760379778
|move|p2a: Klefki|Thunder Wave|p1a: Slowking
|-status|p1a: Slowking|par
|move|p1a: Slowking|Future Sight|p2a: Klefki
|-start|p1a: Slowking|move: Future Sight
|
|upkeep
|turn|9
|
|t:|1760379789
|switch|p2a: Thundurus|Thundurus-Therian, M, shiny|100/100
|move|p1a: Slowking|Trick Room|p1a: Slowking
|-fieldstart|move: Trick Room|[of] p1a: Slowking
|
|upkeep
|turn|10
|
|t:|1760379796
|-prepare|p1a: Slowking|Chilly Reception|[premajor]
|move|p1a: Slowking|Chilly Reception|p1a: Slowking
|-weather|Snowscape
|
|t:|1760379800
|switch|p1a: Glastrier|Glastrier|100/100|[from] Chilly Reception
|-damage|p1a: Glastrier|88/100|[from] Spikes
|move|p2a: Thundurus|Thunderbolt|p1a: Glastrier
|-damage|p1a: Glastrier|40/100
|-status|p1a: Glastrier|par
|-enditem|p1a: Glastrier|Sitrus Berry|[eat]
|-heal|p1a: Glastrier|65/100 par|[from] item: Sitrus Berry
|-damage|p2a: Thundurus|90/100|[from] item: Life Orb
|
|-weather|Snowscape|[upkeep]
|-end|p2a: Thundurus|move: Future Sight
|-damage|p2a: Thundurus|29/100
|upkeep
|turn|11
|
|t:|1760379815
|move|p1a: Glastrier|Icicle Crash|p2a: Thundurus
|-supereffective|p2a: Thundurus
|-damage|p2a: Thundurus|0 fnt
|faint|p2a: Thundurus
|-ability|p1a: Glastrier|Chilling Neigh|boost
|-boost|p1a: Glastrier|atk|1
|
|-weather|Snowscape|[upkeep]
|upkeep
|
|t:|1760379822
|switch|p2a: Klefki|Klefki, F|100/100
|turn|12
|
|t:|1760379833
|move|p2a: Klefki|Spikes|p1a: Glastrier
|-sidestart|p1: aaron200589|Spikes
|move|p1a: Glastrier|High Horsepower|p2a: Klefki
|-supereffective|p2a: Klefki
|-damage|p2a: Klefki|39/100
|
|-weather|Snowscape|[upkeep]
|upkeep
|turn|13
|
|t:|1760379841
|switch|p2a: Gyarados|Gyarados, M, shiny|100/100
|move|p1a: Glastrier|High Horsepower|p2a: Gyarados
|-immune|p2a: Gyarados
|
|-weather|Snowscape|[upkeep]
|-sideend|p2: Jynzeo|Reflect
|-fieldend|move: Trick Room
|upkeep
|turn|14
|
|t:|1760379851
|move|p2a: Gyarados|Waterfall|p1a: Glastrier
|-damage|p1a: Glastrier|43/100 par
|cant|p1a: Glastrier|par
|
|-weather|none
|upkeep
|turn|15
|
|t:|1760379858
|move|p2a: Gyarados|Waterfall|p1a: Glastrier
|-damage|p1a: Glastrier|11/100 par
|move|p1a: Glastrier|Icicle Crash|p2a: Gyarados
|-damage|p2a: Gyarados|6/100
|
|upkeep
|turn|16
|
|t:|1760379865
|move|p2a: Gyarados|Waterfall|p1a: Glastrier
|-damage|p1a: Glastrier|0 fnt
|faint|p1a: Glastrier
|-ability|p2a: Gyarados|Moxie|boost
|-boost|p2a: Gyarados|atk|1
|
|upkeep
|
|t:|1760379873
|switch|p1a: Crawdaunt|Crawdaunt, F|100/100
|-damage|p1a: Crawdaunt|84/100|[from] Spikes
|turn|17
|
|t:|1760379878
|move|p1a: Crawdaunt|Aqua Jet|p2a: Gyarados
|-resisted|p2a: Gyarados
|-damage|p2a: Gyarados|0 fnt
|faint|p2a: Gyarados
|
|upkeep
|
|t:|1760379881
|switch|p2a: Klefki|Klefki, F|39/100
|turn|18
|
|t:|1760379891
|switch|p1a: Slowking|Slowking-Galar, M, tera:Fairy|100/100 par
|-damage|p1a: Slowking|84/100 par|[from] Spikes
|move|p2a: Klefki|Reflect|p2a: Klefki
|-sidestart|p2: Jynzeo|Reflect
|
|upkeep
|turn|19
|
|t:|1760379898
|move|p2a: Klefki|Light Screen|p2a: Klefki
|-sidestart|p2: Jynzeo|move: Light Screen
|cant|p1a: Slowking|par
|
|upkeep
|turn|20
|
|t:|1760379903
|switch|p2a: Hoopa|Hoopa-Unbound|91/100
|move|p1a: Slowking|Future Sight|p2a: Hoopa
|-start|p1a: Slowking|move: Future Sight
|
|upkeep
|turn|21
|
|t:|1760379913
|move|p2a: Hoopa|Psyshock|p1a: Slowking
|-damage|p1a: Slowking|20/100 par
|-enditem|p1a: Slowking|Sitrus Berry|[eat]
|-heal|p1a: Slowking|45/100 par|[from] item: Sitrus Berry
|-damage|p2a: Hoopa|81/100|[from] item: Life Orb
|cant|p1a: Slowking|par
|
|upkeep
|turn|22
|
|t:|1760379925
|switch|p1a: Cresselia|Cresselia, F|100/100
|move|p2a: Hoopa|Dark Pulse|p1a: Cresselia
|-supereffective|p1a: Cresselia
|-damage|p1a: Cresselia|19/100
|-damage|p2a: Hoopa|71/100|[from] item: Life Orb
|
|-end|p2a: Hoopa|move: Future Sight
|-immune|p2a: Hoopa
|upkeep
|turn|23
|
|t:|1760379940
|switch|p1a: Ursaluna|Ursaluna, F|2/100 brn
|-damage|p1a: Ursaluna|0 fnt|[from] Spikes
|faint|p1a: Ursaluna
|move|p2a: Hoopa|Dark Pulse|p1: Ursaluna|[notarget]
|-fail|p2a: Hoopa
|
|upkeep
|
|t:|1760379948
|switch|p1a: Slowking|Slowking-Galar, M, tera:Fairy|78/100 par
|-damage|p1a: Slowking|62/100 par|[from] Spikes
|turn|24
|
|t:|1760379952
|move|p2a: Hoopa|Psyshock|p1a: Slowking
|-damage|p1a: Slowking|0 fnt
|faint|p1a: Slowking
|-damage|p2a: Hoopa|61/100|[from] item: Life Orb
|
|upkeep
|
|t:|1760379963
|switch|p1a: Crawdaunt|Crawdaunt, F|84/100
|-damage|p1a: Crawdaunt|67/100|[from] Spikes
|turn|25
|
|t:|1760379968
|move|p2a: Hoopa|Drain Punch|p1a: Crawdaunt
|-supereffective|p1a: Crawdaunt
|-damage|p1a: Crawdaunt|0 fnt
|-heal|p2a: Hoopa|97/100|[from] drain|[of] p1a: Crawdaunt
|faint|p1a: Crawdaunt
|-damage|p2a: Hoopa|87/100|[from] item: Life Orb
|
|-sideend|p2: Jynzeo|Reflect
|upkeep
|-message|aaron200589 forfeited.
|
|win|Jynzeo
|raw|aaron200589's rating: 1320 &rarr; <strong>1295</strong><br />(-25 for losing)
|raw|Jynzeo's rating: 1240 &rarr; <strong>1271</strong><br />(+31 for winning)
|l|☆aaron200589
|player|p1|
