|j|☆acathasnorival
|j|☆Mon nom a ete ban
|t:|1760345338
|gametype|singles
|player|p1|acathasnorival|101|1405
|player|p2|Mon nom a ete ban|1|1404
|gen|9
|tier|[Gen 9] OU
|rated|
|rule|HP Percentage Mod: HP is shown in percentages
|rule|Endless Battle Clause: Forcing endless battles is banned
|rule|Species Clause: Limit one of each Pokémon
|rule|OHKO Clause: OHKO moves are banned
|rule|Evasion Items Clause: Evasion items are banned
|rule|Evasion Moves Clause: Evasion moves are banned
|rule|Evasion Abilities Clause: Evasion abilities are banned
|rule|Sleep Moves Clause: Sleep-inducing moves are banned
|clearpoke
|poke|p1|Ogerpon-Wellspring, F|
|poke|p1|Gholdengo|
|poke|p1|Incineroar, M|
|poke|p1|Great Tusk|
|poke|p1|Zamazenta-*|
|poke|p1|Dragonite, F|
|poke|p2|Raichu, F|
|poke|p2|Araquanid, M|
|poke|p2|Hatterene, F|
|poke|p2|Dragonite, F|
|poke|p2|Great Tusk|
|poke|p2|Iron Valiant|
|teampreview
|inactive|Battle timer is ON: inactive players will automatically lose when time's up. (requested by Mon nom a ete ban)
|
|t:|1760345356
|teamsize|p1|6
|teamsize|p2|6
|start
|switch|p1a: Gholdengo|Gholdengo|100/100
|switch|p2a: Araquanid|Araquanid, M|100/100
|turn|1
|
|t:|1760345362
|move|p1a: Gholdengo|Shadow Ball|p2a: Araquanid
|-damage|p2a: Araquanid|54/100
|move|p2a: Araquanid|Sticky Web|p1a: Gholdengo
|-sidestart|p1: acathasnorival|move: Sticky Web
|
|upkeep
|turn|2
|
|t:|1760345366
|move|p1a: Gholdengo|Shadow Ball|p2a: Araquanid
|-damage|p2a: Araquanid|8/100
|move|p2a: Araquanid|Mirror Coat|p1a: Gholdengo
|-damage|p1a: Gholdengo|1/100
|
|upkeep
|turn|3
|
|t:|1760345371
|move|p1a: Gholdengo|Shadow Ball|p2a: Araquanid
|-damage|p2a: Araquanid|0 fnt
|faint|p2a: Araquanid
|
|upkeep
|
|t:|1760345384
|switch|p2a: Raichu|Raichu, F|100/100
|turn|4
|
|t:|1760345391
|switch|p1a: Great Tusk|Great Tusk|100/100
|move|p2a: Raichu|Thunderbolt|p1a: Great Tusk
|-immune|p1a: Great Tusk
|
|upkeep
|turn|5
|
|t:|1760345397
|move|p2a: Raichu|Surf|p1a: Great Tusk
|-supereffective|p1a: Great Tusk
|-damage|p1a: Great Tusk|28/100
|move|p1a: Great Tusk|Rapid Spin|p2a: Raichu
|-crit|p2a: Raichu
|-damage|p2a: Raichu|43/100
|-boost|p1a: Great Tusk|spe|1
|-sideend|p1: acathasnorival|Sticky Web|[from] move: Rapid Spin|[of] p1a: Great Tusk
|
|upkeep
|turn|6
|
|t:|1760345406
|move|p1a: Great Tusk|Headlong Rush|p2a: Raichu
|-supereffective|p2a: Raichu
|-damage|p2a: Raichu|0 fnt
|-unboost|p1a: Great Tusk|def|1
|-unboost|p1a: Great Tusk|spd|1
|faint|p2a: Raichu
|
|upkeep
|
|t:|1760345419
|switch|p2a: Great Tusk|Great Tusk|100/100
|turn|7
|
|t:|1760345425
|move|p1a: Great Tusk|Stealth Rock|p2a: Great Tusk
|-sidestart|p2: Mon nom a ete ban|move: Stealth Rock
|move|p2a: Great Tusk|Earthquake|p1a: Great Tusk
|-damage|p1a: Great Tusk|0 fnt
|faint|p1a: Great Tusk
|-end|p1a: Great Tusk|Protosynthesis|[silent]
|
|upkeep
|
|t:|1760345432
|switch|p1a: Ogerpon|Ogerpon-Wellspring, F|100/100
|turn|8
|
|t:|1760345444
|move|p1a: Ogerpon|Swords Dance|p1a: Ogerpon
|-boost|p1a: Ogerpon|atk|2
|move|p2a: Great Tusk|Rapid Spin|p1a: Ogerpon
|-damage|p1a: Ogerpon|79/100
|-boost|p2a: Great Tusk|spe|1
|-sideend|p2: Mon nom a ete ban|Stealth Rock|[from] move: Rapid Spin|[of] p2a: Great Tusk
|
|upkeep
|turn|9
|
|t:|1760345448
|move|p2a: Great Tusk|Ice Spinner|p1a: Ogerpon
|-damage|p1a: Ogerpon|43/100
|move|p1a: Ogerpon|Ivy Cudgel|p2a: Great Tusk|[anim] Ivy Cudgel Water
|-supereffective|p2a: Great Tusk
|-damage|p2a: Great Tusk|0 fnt
|faint|p2a: Great Tusk
|-end|p2a: Great Tusk|Protosynthesis|[silent]
|
|upkeep
|
|t:|1760345454
|switch|p2a: Iron Valiant|Iron Valiant|100/100
|-enditem|p2a: Iron Valiant|Booster Energy
|-activate|p2a: Iron Valiant|ability: Quark Drive|[fromitem]
|-start|p2a: Iron Valiant|quarkdrivespe
|turn|10
|
|t:|1760345467
|move|p2a: Iron Valiant|Moonblast|p1a: Ogerpon
|-damage|p1a: Ogerpon|0 fnt
|faint|p1a: Ogerpon
|
|upkeep
|
|t:|1760345470
|switch|p1a: Incineroar|Incineroar, M|100/100
|-ability|p1a: Incineroar|Intimidate|boost
|-unboost|p2a: Iron Valiant|atk|1
|turn|11
|
|t:|1760345480
|move|p2a: Iron Valiant|Calm Mind|p2a: Iron Valiant
|-boost|p2a: Iron Valiant|spa|1
|-boost|p2a: Iron Valiant|spd|1
|move|p1a: Incineroar|Parting Shot|p2a: Iron Valiant
|-unboost|p2a: Iron Valiant|atk|1
|-unboost|p2a: Iron Valiant|spa|1
|
|t:|1760345487
|switch|p1a: Gholdengo|Gholdengo|1/100|[from] Parting Shot
|
|upkeep
|turn|12
|
|t:|1760345492
|move|p2a: Iron Valiant|Moonblast|p1a: Gholdengo
|-resisted|p1a: Gholdengo
|-crit|p1a: Gholdengo
|-damage|p1a: Gholdengo|0 fnt
|faint|p1a: Gholdengo
|
|upkeep
|
|t:|1760345494
|switch|p1a: Dragonite|Dragonite, F|100/100
|turn|13
|
|t:|1760345499
|-terastallize|p1a: Dragonite|Normal
|move|p2a: Iron Valiant|Moonblast|p1a: Dragonite
|-damage|p1a: Dragonite|75/100
|-unboost|p1a: Dragonite|spa|1
|move|p1a: Dragonite|Dragon Dance|p1a: Dragonite
|-boost|p1a: Dragonite|atk|1
|-boost|p1a: Dragonite|spe|1
|
|upkeep
|turn|14
|
|t:|1760345511
|-terastallize|p2a: Iron Valiant|Ghost
|move|p1a: Dragonite|Extreme Speed|p2a: Iron Valiant
|-immune|p2a: Iron Valiant
|move|p2a: Iron Valiant|Aura Sphere|p1a: Dragonite
|-supereffective|p1a: Dragonite
|-damage|p1a: Dragonite|0 fnt
|faint|p1a: Dragonite
|
|upkeep
|
|t:|1760345522
|switch|p1a: Incineroar|Incineroar, M|100/100
|-ability|p1a: Incineroar|Intimidate|boost
|-unboost|p2a: Iron Valiant|atk|1
|turn|15
|
|t:|1760345526
|move|p2a: Iron Valiant|Aura Sphere|p1a: Incineroar
|-supereffective|p1a: Incineroar
|-damage|p1a: Incineroar|49/100
|move|p1a: Incineroar|Knock Off|p2a: Iron Valiant
|-supereffective|p2a: Iron Valiant
|-damage|p2a: Iron Valiant|40/100
|
|upkeep
|turn|16
|
|t:|1760345532
|move|p2a: Iron Valiant|Aura Sphere|p1a: Incineroar
|-supereffective|p1a: Incineroar
|-damage|p1a: Incineroar|0 fnt
|faint|p1a: Incineroar
|
|upkeep
|
|t:|1760345536
|switch|p1a: Zamazenta|Zamazenta|100/100
|-ability|p1a: Zamazenta|Dauntless Shield|boost
|-boost|p1a: Zamazenta|def|1
|turn|17
|
|t:|1760345539
|move|p2a: Iron Valiant|Moonblast|p1a: Zamazenta
|-supereffective|p1a: Zamazenta
|-damage|p1a: Zamazenta|23/100
|move|p1a: Zamazenta|Crunch|p2a: Iron Valiant
|-supereffective|p2a: Iron Valiant
|-damage|p2a: Iron Valiant|0 fnt
|faint|p2a: Iron Valiant
|-end|p2a: Iron Valiant|Quark Drive|[silent]
|
|-heal|p1a: Zamazenta|29/100|[from] item: Leftovers
|upkeep
|
|t:|1760345544
|switch|p2a: Dragonite|Dragonite, F|100/100
|turn|18
|
|t:|1760345553
|move|p1a: Zamazenta|Iron Defense|p1a: Zamazenta
|-boost|p1a: Zamazenta|def|2
|move|p2a: Dragonite|Earthquake|p1a: Zamazenta
|-damage|p1a: Zamazenta|18/100
|
|-heal|p1a: Zamazenta|24/100|[from] item: Leftovers
|upkeep
|turn|19
|
|t:|1760345559
|move|p1a: Zamazenta|Iron Defense|p1a: Zamazenta
|-boost|p1a: Zamazenta|def|2
|move|p2a: Dragonite|Dragon Dance|p2a: Dragonite
|-boost|p2a: Dragonite|atk|1
|-boost|p2a: Dragonite|spe|1
|
|-heal|p1a: Zamazenta|30/100|[from] item: Leftovers
|upkeep
|turn|20
|
|t:|1760345564
|move|p1a: Zamazenta|Body Press|p2a: Dragonite
|-resisted|p2a: Dragonite
|-damage|p2a: Dragonite|67/100
|move|p2a: Dragonite|Dragon Dance|p2a: Dragonite
|-boost|p2a: Dragonite|atk|1
|-boost|p2a: Dragonite|spe|1
|
|-heal|p1a: Zamazenta|36/100|[from] item: Leftovers
|upkeep
|turn|21
|
|t:|1760345570
|move|p2a: Dragonite|Earthquake|p1a: Zamazenta
|-damage|p1a: Zamazenta|20/100
|move|p1a: Zamazenta|Body Press|p2a: Dragonite
|-resisted|p2a: Dragonite
|-damage|p2a: Dragonite|0 fnt
|faint|p2a: Dragonite
|
|-heal|p1a: Zamazenta|26/100|[from] item: Leftovers
|upkeep
|
|t:|1760345575
|switch|p2a: Hatterene|Hatterene, F|100/100
|turn|22
|
|t:|1760345579
|move|p1a: Zamazenta|Body Press|p2a: Hatterene
|-resisted|p2a: Hatterene
|-damage|p2a: Hatterene|67/100
|move|p2a: Hatterene|Psychic|p1a: Zamazenta
|-supereffective|p1a: Zamazenta
|-damage|p1a: Zamazenta|0 fnt
|faint|p1a: Zamazenta
|
|win|Mon nom a ete ban
|raw|acathasnorival's rating: 1405 &rarr; <strong>1385</strong><br />(-20 for losing)
|raw|Mon nom a ete ban's rating: 1404 &rarr; <strong>1424</strong><br />(+20 for winning)
|l|☆acathasnorival
|player|p1|
|l|☆Mon nom a ete ban
|player|p2|
