|j|☆Willskybob
|j|☆lildevious1337
|t:|1760407595
|gametype|singles
|player|p1|Willskybob|roxie|1157
|player|p2|lildevious1337|ethan|1180
|gen|9
|tier|[Gen 9] OU
|rated|
|rule|HP Percentage Mod: HP is shown in percentages
|rule|Endless Battle Clause: Forcing endless battles is banned
|rule|Species Clause: Limit one of each Pokémon
|rule|OHKO Clause: OHKO moves are banned
|rule|Evasion Items Clause: Evasion items are banned
|rule|Evasion Moves Clause: Evasion moves are banned
|rule|Evasion Abilities Clause: Evasion abilities are banned
|rule|Sleep Moves Clause: Sleep-inducing moves are banned
|clearpoke
|poke|p1|Dondozo, M|
|poke|p1|Blissey, F|
|poke|p1|Corviknight, F|
|poke|p1|Weezing-Galar, F|
|poke|p1|Gliscor, F|
|poke|p1|Toxapex, M|
|poke|p2|Slowking-Galar, M|
|poke|p2|Enamorus, F|
|poke|p2|Heatran, M|
|poke|p2|Darkrai|
|poke|p2|Zapdos-Galar|
|poke|p2|Ogerpon-Wellspring, F|
|teampreview
|inactive|Battle timer is ON: inactive players will automatically lose when time's up. (requested by Willskybob)
|c|☆lildevious1337|Stall?
|
|t:|1760407616
|teamsize|p1|6
|teamsize|p2|6
|start
|switch|p1a: Toxapex|Toxapex, M|100/100
|switch|p2a: Heatran|Heatran, M, shiny|100/100
|-item|p2a: Heatran|Air Balloon
|turn|1
|
|t:|1760407628
|move|p2a: Heatran|Stealth Rock|p1a: Toxapex
|-sidestart|p1: Willskybob|move: Stealth Rock
|move|p1a: Toxapex|Infestation|p2a: Heatran
|-resisted|p2a: Heatran
|-damage|p2a: Heatran|99/100
|-activate|p2a: Heatran|move: Infestation|[of] p1a: Toxapex
|-status|p1a: Toxapex|brn|[from] ability: Flame Body|[of] p2a: Heatran
|-enditem|p2a: Heatran|Air Balloon
|
|-damage|p1a: Toxapex|94/100 brn|[from] brn
|-damage|p2a: Heatran|88/100|[from] move: Infestation|[partiallytrapped]
|upkeep
|turn|2
|
|t:|1760407640
|move|p1a: Toxapex|Baneful Bunker|p1a: Toxapex
|-singleturn|p1a: Toxapex|move: Protect
|move|p2a: Heatran|Earth Power|p1a: Toxapex
|-activate|p1a: Toxapex|move: Protect
|
|-heal|p1a: Toxapex|100/100 brn|[from] item: Leftovers
|-damage|p1a: Toxapex|94/100 brn|[from] brn
|-damage|p2a: Heatran|75/100|[from] move: Infestation|[partiallytrapped]
|upkeep
|turn|3
|
|t:|1760407651
|switch|p1a: Gliscor|Gliscor, F|100/100
|-damage|p1a: Gliscor|88/100|[from] Stealth Rock
|move|p2a: Heatran|Lava Plume|p1a: Gliscor
|-damage|p1a: Gliscor|53/100
|
|-end|p2a: Heatran|Infestation|[partiallytrapped]|[silent]
|-status|p1a: Gliscor|tox|[from] item: Toxic Orb
|upkeep
|turn|4
|
|t:|1760407661
|move|p1a: Gliscor|Protect|p1a: Gliscor
|-singleturn|p1a: Gliscor|Protect
|move|p2a: Heatran|Flash Cannon|p1a: Gliscor
|-activate|p1a: Gliscor|move: Protect
|
|-heal|p1a: Gliscor|65/100 tox|[from] ability: Poison Heal
|upkeep
|turn|5
|
|t:|1760407674
|move|p1a: Gliscor|Earthquake|p2a: Heatran
|-supereffective|p2a: Heatran
|-damage|p2a: Heatran|0 fnt
|faint|p2a: Heatran
|
|-heal|p1a: Gliscor|78/100 tox|[from] ability: Poison Heal
|upkeep
|
|t:|1760407680
|switch|p2a: Ogerpon|Ogerpon-Wellspring, F|100/100
|turn|6
|
|t:|1760407691
|move|p1a: Gliscor|Protect|p1a: Gliscor
|-singleturn|p1a: Gliscor|Protect
|move|p2a: Ogerpon|Leech Seed|p1a: Gliscor
|-activate|p1a: Gliscor|move: Protect
|
|-heal|p1a: Gliscor|90/100 tox|[from] ability: Poison Heal
|upkeep
|turn|7
|
|t:|1760407717
|switch|p1a: Dondozo|Dondozo, M|100/100
|-damage|p1a: Dondozo|88/100|[from] Stealth Rock
|move|p2a: Ogerpon|Spiky Shield||[still]
|-fail|p2a: Ogerpon
|
|-heal|p1a: Dondozo|94/100|[from] item: Leftovers
|upkeep
|turn|8
|
|t:|1760407730
|move|p2a: Ogerpon|Leech Seed|p1a: Dondozo
|-start|p1a: Dondozo|move: Leech Seed
|move|p1a: Dondozo|Body Press|p2a: Ogerpon
|-damage|p2a: Ogerpon|65/100
|
|-heal|p1a: Dondozo|100/100|[from] item: Leftovers
|-damage|p1a: Dondozo|88/100|[from] Leech Seed|[of] p2a: Ogerpon
|-heal|p2a: Ogerpon|85/100|[silent]
|upkeep
|turn|9
|
|t:|1760407742
|switch|p1a: Toxapex|Toxapex, M|100/100 brn
|-damage|p1a: Toxapex|88/100 brn|[from] Stealth Rock
|move|p2a: Ogerpon|Horn Leech|p1a: Toxapex
|-crit|p1a: Toxapex
|-damage|p1a: Toxapex|38/100 brn
|-heal|p2a: Ogerpon|100/100|[from] drain|[of] p1a: Toxapex
|
|-heal|p1a: Toxapex|45/100 brn|[from] item: Leftovers
|-damage|p1a: Toxapex|38/100 brn|[from] brn
|upkeep
|turn|10
|inactive|Willskybob has 120 seconds left.
|-message|Willskybob forfeited.
|
|win|lildevious1337
|raw|Willskybob's rating: 1157 &rarr; <strong>1134</strong><br />(-23 for losing)
|raw|lildevious1337's rating: 1180 &rarr; <strong>1203</strong><br />(+23 for winning)
|l|☆Willskybob
|player|p1|
|c|☆lildevious1337|Read
|c|☆lildevious1337|Like a book
