|j|☆fadingstrawberry
|j|☆ShinyAssassinx
|t:|1760332685
|gametype|singles
|player|p1|fadingstrawberry|2|1568
|player|p2|ShinyAssassinx|101|1553
|gen|9
|tier|[Gen 9] OU
|rated|
|rule|HP Percentage Mod: HP is shown in percentages
|rule|Endless Battle Clause: Forcing endless battles is banned
|rule|Species Clause: Limit one of each Pokémon
|rule|OHKO Clause: OHKO moves are banned
|rule|Evasion Items Clause: Evasion items are banned
|rule|Evasion Moves Clause: Evasion moves are banned
|rule|Evasion Abilities Clause: Evasion abilities are banned
|rule|Sleep Moves Clause: Sleep-inducing moves are banned
|clearpoke
|poke|p1|Iron Crown|
|poke|p1|Raging Bolt|
|poke|p1|Araquanid, F|
|poke|p1|Kingambit, M|
|poke|p1|Latios, M|
|poke|p1|Zapdos-Galar|
|poke|p2|Scizor, M|
|poke|p2|Dragonite, F|
|poke|p2|Araquanid, M|
|poke|p2|Scyther, F|
|poke|p2|Ceruledge, F|
|poke|p2|Garchomp, F|
|teampreview
|inactive|Battle timer is ON: inactive players will automatically lose when time's up. (requested by ShinyAssassinx)
|
|t:|1760332694
|teamsize|p1|6
|teamsize|p2|6
|start
|switch|p1a: Zapdos|Zapdos-Galar|100/100
|switch|p2a: Garchomp|Garchomp, F|100/100
|turn|1
|j| arturohdez
|
|t:|1760332699
|move|p1a: Zapdos|Brave Bird|p2a: Garchomp
|-damage|p2a: Garchomp|32/100
|-damage|p1a: Zapdos|88/100|[from] ability: Rough Skin|[of] p2a: Garchomp
|-damage|p1a: Zapdos|63/100|[from] Recoil
|move|p2a: Garchomp|Swords Dance|p2a: Garchomp
|-boost|p2a: Garchomp|atk|2
|
|upkeep
|turn|2
|
|t:|1760332704
|move|p1a: Zapdos|Brave Bird|p2a: Garchomp
|-damage|p2a: Garchomp|0 fnt
|-damage|p1a: Zapdos|50/100|[from] ability: Rough Skin|[of] p2a: Garchomp
|faint|p2a: Garchomp
|-damage|p1a: Zapdos|39/100|[from] Recoil
|
|upkeep
|
|t:|1760332709
|switch|p2a: Dragonite|Dragonite, F|100/100
|turn|3
|
|t:|1760332720
|switch|p1a: Latios|Latios, M, shiny|100/100
|move|p2a: Dragonite|Dragon Dance|p2a: Dragonite
|-boost|p2a: Dragonite|atk|1
|-boost|p2a: Dragonite|spe|1
|
|upkeep
|turn|4
|
|t:|1760332725
|move|p2a: Dragonite|Dragon Claw|p1a: Latios
|-supereffective|p1a: Latios
|-damage|p1a: Latios|0 fnt
|faint|p1a: Latios
|
|upkeep
|
|t:|1760332737
|switch|p1a: Araquanid|Araquanid, F, shiny|100/100
|turn|5
|
|t:|1760332743
|move|p2a: Dragonite|Dragon Claw|p1a: Araquanid
|-damage|p1a: Araquanid|24/100
|move|p1a: Araquanid|Surf|p2a: Dragonite
|-resisted|p2a: Dragonite
|-damage|p2a: Dragonite|87/100
|
|upkeep
|turn|6
|
|t:|1760332749
|move|p2a: Dragonite|Dragon Claw|p1a: Araquanid
|-damage|p1a: Araquanid|0 fnt
|faint|p1a: Araquanid
|
|upkeep
|
|t:|1760332751
|switch|p1a: Raging Bolt|Raging Bolt|100/100
|turn|7
|
|t:|1760332759
|-terastallize|p2a: Dragonite|Normal
|-terastallize|p1a: Raging Bolt|Fairy
|move|p2a: Dragonite|Earthquake|p1a: Raging Bolt
|-damage|p1a: Raging Bolt|42/100
|move|p1a: Raging Bolt|Draco Meteor|p2a: Dragonite
|-damage|p2a: Dragonite|11/100
|-unboost|p1a: Raging Bolt|spa|2
|
|upkeep
|turn|8
|j| ace trumpets
|
|t:|1760332768
|move|p2a: Dragonite|Extreme Speed|p1a: Raging Bolt
|-crit|p1a: Raging Bolt
|-damage|p1a: Raging Bolt|0 fnt
|faint|p1a: Raging Bolt
|-end|p1a: Raging Bolt|Protosynthesis|[silent]
|
|upkeep
|l| ace trumpets
|
|t:|1760332773
|switch|p1a: Kingambit|Kingambit, M|100/100
|-activate|p1a: Kingambit|ability: Supreme Overlord
|-start|p1a: Kingambit|fallen3|[silent]
|turn|9
|
|t:|1760332776
|move|p2a: Dragonite|Extreme Speed|p1a: Kingambit
|-resisted|p1a: Kingambit
|-damage|p1a: Kingambit|71/100
|move|p1a: Kingambit|Low Kick|p2a: Dragonite
|-supereffective|p2a: Dragonite
|-damage|p2a: Dragonite|0 fnt
|faint|p2a: Dragonite
|
|-heal|p1a: Kingambit|78/100|[from] item: Leftovers
|upkeep
|
|t:|1760332785
|switch|p2a: Araquanid|Araquanid, M|100/100
|turn|10
|
|t:|1760332791
|-end|p1a: Kingambit|fallen3|[silent]
|switch|p1a: Zapdos|Zapdos-Galar|39/100
|move|p2a: Araquanid|Hydro Pump|p1a: Zapdos
|-damage|p1a: Zapdos|0 fnt
|faint|p1a: Zapdos
|
|upkeep
|
|t:|1760332794
|switch|p1a: Iron Crown|Iron Crown|100/100
|turn|11
|
|t:|1760332796
|move|p1a: Iron Crown|Volt Switch|p2a: Araquanid
|-supereffective|p2a: Araquanid
|-damage|p2a: Araquanid|48/100
|
|t:|1760332798
|-end|p1a: Iron Crown|Quark Drive|[silent]
|switch|p1a: Kingambit|Kingambit, M|78/100|[from] Volt Switch
|-activate|p1a: Kingambit|ability: Supreme Overlord
|-start|p1a: Kingambit|fallen4|[silent]
|move|p2a: Araquanid|Hydro Pump|p1a: Kingambit
|-damage|p1a: Kingambit|0 fnt
|faint|p1a: Kingambit
|-end|p1a: Kingambit|fallen4|[silent]
|
|upkeep
|
|t:|1760332800
|switch|p1a: Iron Crown|Iron Crown|100/100
|turn|12
|
|t:|1760332806
|move|p1a: Iron Crown|Volt Switch|p2a: Araquanid
|-supereffective|p2a: Araquanid
|-damage|p2a: Araquanid|0 fnt
|faint|p2a: Araquanid
|
|upkeep
|
|t:|1760332811
|switch|p2a: Ceruledge|Ceruledge, F, shiny|100/100
|turn|13
|
|t:|1760332819
|move|p1a: Iron Crown|Volt Switch|p2a: Ceruledge
|-damage|p2a: Ceruledge|59/100
|move|p2a: Ceruledge|Bitter Blade|p1a: Iron Crown
|-supereffective|p1a: Iron Crown
|-damage|p1a: Iron Crown|0 fnt
|-heal|p2a: Ceruledge|100/100|[from] drain|[of] p1a: Iron Crown
|faint|p1a: Iron Crown
|-end|p1a: Iron Crown|Quark Drive|[silent]
|
|win|ShinyAssassinx
|raw|fadingstrawberry's rating: 1568 &rarr; <strong>1547</strong><br />(-21 for losing)
|raw|ShinyAssassinx's rating: 1553 &rarr; <strong>1574</strong><br />(+21 for winning)
|l|☆ShinyAssassinx
|player|p2|
|l| arturohdez
|l|☆fadingstrawberry
|player|p1|
