|j|☆cheeselover255
|j|☆klxm
|t:|1760368163
|gametype|singles
|player|p1|cheeselover255|102|1282
|player|p2|klxm|fantina|1242
|gen|9
|tier|[Gen 9] OU
|rated|
|rule|HP Percentage Mod: HP is shown in percentages
|rule|Endless Battle Clause: Forcing endless battles is banned
|rule|Species Clause: Limit one of each Pokémon
|rule|OHKO Clause: OHKO moves are banned
|rule|Evasion Items Clause: Evasion items are banned
|rule|Evasion Moves Clause: Evasion moves are banned
|rule|Evasion Abilities Clause: Evasion abilities are banned
|rule|Sleep Moves Clause: Sleep-inducing moves are banned
|clearpoke
|poke|p1|Landorus-Therian, M|
|poke|p1|Slowking-Galar, F|
|poke|p1|Gliscor, M|
|poke|p1|Primarina, F|
|poke|p1|Jolteon, M|
|poke|p1|Zamazenta-*|
|poke|p2|Goodra-Hisui, F|
|poke|p2|Corviknight, M|
|poke|p2|Gholdengo|
|poke|p2|Alomomola, M|
|poke|p2|Scizor, F|
|poke|p2|Ceruledge, F|
|teampreview
|inactive|Battle timer is ON: inactive players will automatically lose when time's up. (requested by cheeselover255)
|
|t:|1760368192
|teamsize|p1|6
|teamsize|p2|6
|start
|switch|p1a: Gliscor|Gliscor, M|100/100
|switch|p2a: Goodra|Goodra-Hisui, F|100/100
|turn|1
|
|t:|1760368196
|move|p1a: Gliscor|Protect|p1a: Gliscor
|-singleturn|p1a: Gliscor|Protect
|move|p2a: Goodra|Ice Beam|p1a: Gliscor
|-activate|p1a: Gliscor|move: Protect
|
|-status|p1a: Gliscor|tox|[from] item: Toxic Orb
|upkeep
|turn|2
|
|t:|1760368199
|switch|p1a: Slowking|Slowking-Galar, F|100/100
|move|p2a: Goodra|Ice Beam|p1a: Slowking
|-damage|p1a: Slowking|66/100
|
|upkeep
|turn|3
|
|t:|1760368205
|switch|p2a: Scizor|Scizor, F|100/100
|-prepare|p1a: Slowking|Chilly Reception|[premajor]
|move|p1a: Slowking|Chilly Reception|p1a: Slowking
|-weather|Snowscape
|
|t:|1760368218
|switch|p1a: Landorus|Landorus-Therian, M|100/100|[from] Chilly Reception
|-ability|p1a: Landorus|Intimidate|boost
|-unboost|p2a: Scizor|atk|1
|
|-weather|Snowscape|[upkeep]
|upkeep
|turn|4
|inactive|klxm has 120 seconds left.
|
|t:|1760368254
|switch|p2a: Corviknight|Corviknight, M|100/100
|move|p1a: Landorus|Stealth Rock|p2a: Corviknight
|-sidestart|p2: klxm|move: Stealth Rock
|
|-weather|Snowscape|[upkeep]
|upkeep
|turn|5
|
|t:|1760368259
|move|p1a: Landorus|U-turn|p2a: Corviknight
|-resisted|p2a: Corviknight
|-damage|p2a: Corviknight|96/100
|
|t:|1760368260
|switch|p1a: Jolteon|Jolteon, M|100/100|[from] U-turn
|move|p2a: Corviknight|Defog|p1a: Jolteon
|-unboost|p1a: Jolteon|evasion|1
|-sideend|p2: klxm|Stealth Rock|[from] move: Defog|[of] p2a: Corviknight
|
|-weather|Snowscape|[upkeep]
|-heal|p2a: Corviknight|100/100|[from] item: Leftovers
|upkeep
|turn|6
|
|t:|1760368264
|switch|p2a: Goodra|Goodra-Hisui, F|100/100
|move|p1a: Jolteon|Calm Mind|p1a: Jolteon
|-boost|p1a: Jolteon|spa|1
|-boost|p1a: Jolteon|spd|1
|
|-weather|Snowscape|[upkeep]
|upkeep
|turn|7
|
|t:|1760368277
|move|p1a: Jolteon|Calm Mind|p1a: Jolteon
|-boost|p1a: Jolteon|spa|1
|-boost|p1a: Jolteon|spd|1
|move|p2a: Goodra|Ice Beam|p1a: Jolteon
|-damage|p1a: Jolteon|70/100
|
|-weather|Snowscape|[upkeep]
|upkeep
|turn|8
|
|t:|1760368281
|move|p1a: Jolteon|Weather Ball|p2a: Goodra
|-damage|p2a: Goodra|55/100
|move|p2a: Goodra|Ice Beam|p1a: Jolteon
|-damage|p1a: Jolteon|44/100
|
|-weather|Snowscape|[upkeep]
|upkeep
|turn|9
|
|t:|1760368292
|switch|p2a: Alomomola|Alomomola, M|100/100
|move|p1a: Jolteon|Weather Ball|p2a: Alomomola
|-resisted|p2a: Alomomola
|-damage|p2a: Alomomola|78/100
|
|-weather|Snowscape|[upkeep]
|upkeep
|turn|10
|
|t:|1760368299
|move|p1a: Jolteon|Volt Switch|p2a: Alomomola
|-supereffective|p2a: Alomomola
|-damage|p2a: Alomomola|0 fnt
|faint|p2a: Alomomola
|
|t:|1760368307
|switch|p1a: Landorus|Landorus-Therian, M|100/100|[from] Volt Switch
|
|-weather|none
|upkeep
|inactive|klxm has 120 seconds left.
|
|t:|1760368365
|switch|p2a: Goodra|Goodra-Hisui, F|55/100
|turn|11
|
|t:|1760368374
|move|p1a: Landorus|U-turn|p2a: Goodra
|-resisted|p2a: Goodra
|-damage|p2a: Goodra|47/100
|-ability|p2a: Goodra|Gooey
|-unboost|p1a: Landorus|spe|1
|
|t:|1760368381
|switch|p1a: Slowking|Slowking-Galar, F|99/100|[from] U-turn
|move|p2a: Goodra|Fire Blast|p1a: Slowking
|-damage|p1a: Slowking|57/100
|
|upkeep
|turn|12
|
|t:|1760368387
|switch|p2a: Ceruledge|Ceruledge, F|100/100
|-prepare|p1a: Slowking|Chilly Reception|[premajor]
|move|p1a: Slowking|Chilly Reception|p1a: Slowking
|-weather|Snowscape
|
|t:|1760368395
|switch|p1a: Landorus|Landorus-Therian, M|100/100|[from] Chilly Reception
|-ability|p1a: Landorus|Intimidate|boost
|-unboost|p2a: Ceruledge|atk|1
|
|-weather|Snowscape|[upkeep]
|upkeep
|turn|13
|inactive|klxm has 120 seconds left.
|inactive|klxm has 90 seconds left.
|
|t:|1760368448
|move|p1a: Landorus|Earth Power|p2a: Ceruledge
|-supereffective|p2a: Ceruledge
|-damage|p2a: Ceruledge|28/100
|move|p2a: Ceruledge|Swords Dance|p2a: Ceruledge
|-boost|p2a: Ceruledge|atk|2
|
|-weather|Snowscape|[upkeep]
|upkeep
|turn|14
|
|t:|1760368456
|switch|p2a: Corviknight|Corviknight, M|100/100
|move|p1a: Landorus|Earth Power|p2a: Corviknight
|-immune|p2a: Corviknight
|
|-weather|Snowscape|[upkeep]
|upkeep
|turn|15
|
|t:|1760368459
|move|p1a: Landorus|Stealth Rock|p2a: Corviknight
|-sidestart|p2: klxm|move: Stealth Rock
|move|p2a: Corviknight|Bulk Up|p2a: Corviknight
|-boost|p2a: Corviknight|atk|1
|-boost|p2a: Corviknight|def|1
|
|-weather|Snowscape|[upkeep]
|upkeep
|turn|16
|
|t:|1760368464
|move|p1a: Landorus|Weather Ball|p2a: Corviknight
|-damage|p2a: Corviknight|85/100
|move|p2a: Corviknight|Bulk Up|p2a: Corviknight
|-boost|p2a: Corviknight|atk|1
|-boost|p2a: Corviknight|def|1
|
|-weather|Snowscape|[upkeep]
|-heal|p2a: Corviknight|91/100|[from] item: Leftovers
|upkeep
|turn|17
|
|t:|1760368468
|move|p1a: Landorus|U-turn|p2a: Corviknight
|-resisted|p2a: Corviknight
|-damage|p2a: Corviknight|89/100
|
|t:|1760368471
|switch|p1a: Primarina|Primarina, F|100/100|[from] U-turn
|move|p2a: Corviknight|Bulk Up|p2a: Corviknight
|-boost|p2a: Corviknight|atk|1
|-boost|p2a: Corviknight|def|1
|
|-weather|Snowscape|[upkeep]
|-heal|p2a: Corviknight|95/100|[from] item: Leftovers
|upkeep
|turn|18
|inactive|klxm has 120 seconds left.
|
|t:|1760368482
|move|p2a: Corviknight|Power Trip|p1a: Primarina
|-resisted|p1a: Primarina
|-damage|p1a: Primarina|75/100
|move|p1a: Primarina|Calm Mind|p1a: Primarina
|-boost|p1a: Primarina|spa|1
|-boost|p1a: Primarina|spd|1
|
|-weather|Snowscape|[upkeep]
|-heal|p2a: Corviknight|100/100|[from] item: Leftovers
|-heal|p1a: Primarina|81/100|[from] item: Leftovers
|upkeep
|turn|19
|
|t:|1760368488
|move|p2a: Corviknight|Bulk Up|p2a: Corviknight
|-boost|p2a: Corviknight|atk|1
|-boost|p2a: Corviknight|def|1
|move|p1a: Primarina|Calm Mind|p1a: Primarina
|-boost|p1a: Primarina|spa|1
|-boost|p1a: Primarina|spd|1
|
|-weather|none
|-heal|p1a: Primarina|87/100|[from] item: Leftovers
|upkeep
|turn|20
|
|t:|1760368495
|move|p2a: Corviknight|Body Press|p1a: Primarina
|-resisted|p1a: Primarina
|-damage|p1a: Primarina|66/100
|move|p1a: Primarina|Calm Mind|p1a: Primarina
|-boost|p1a: Primarina|spa|1
|-boost|p1a: Primarina|spd|1
|
|-heal|p1a: Primarina|72/100|[from] item: Leftovers
|upkeep
|turn|21
|
|t:|1760368499
|move|p2a: Corviknight|Bulk Up|p2a: Corviknight
|-boost|p2a: Corviknight|atk|1
|-boost|p2a: Corviknight|def|1
|move|p1a: Primarina|Psychic Noise|p2a: Corviknight
|-damage|p2a: Corviknight|46/100
|-start|p2a: Corviknight|move: Heal Block
|
|-heal|p1a: Primarina|78/100|[from] item: Leftovers
|upkeep
|turn|22
|
|t:|1760368502
|move|p2a: Corviknight|Power Trip|p1a: Primarina
|-resisted|p1a: Primarina
|-damage|p1a: Primarina|21/100
|move|p1a: Primarina|Psychic Noise|p2a: Corviknight
|-damage|p2a: Corviknight|0 fnt
|faint|p2a: Corviknight
|
|-heal|p1a: Primarina|27/100|[from] item: Leftovers
|upkeep
|
|t:|1760368511
|switch|p2a: Scizor|Scizor, F|100/100
|-damage|p2a: Scizor|88/100|[from] Stealth Rock
|turn|23
|
|t:|1760368517
|move|p2a: Scizor|Knock Off|p1a: Primarina
|-resisted|p1a: Primarina
|-damage|p1a: Primarina|2/100
|-enditem|p1a: Primarina|Leftovers|[from] move: Knock Off|[of] p2a: Scizor
|move|p1a: Primarina|Psychic Noise|p2a: Scizor
|-damage|p2a: Scizor|0 fnt
|faint|p2a: Scizor
|
|upkeep
|-message|klxm forfeited.
|
|win|cheeselover255
|raw|cheeselover255's rating: 1282 &rarr; <strong>1304</strong><br />(+22 for winning)
|raw|klxm's rating: 1242 &rarr; <strong>1220</strong><br />(-22 for losing)
|l|☆klxm
|player|p2|
|l|☆cheeselover255
|player|p1|
