|j|☆No Skill Involved
|j|☆Most haxed
|t:|1760429994
|gametype|singles
|player|p1|No Skill Involved|266|1207
|player|p2|Most haxed|102|1175
|gen|9
|tier|[Gen 9] OU
|rated|
|rule|HP Percentage Mod: HP is shown in percentages
|rule|Endless Battle Clause: Forcing endless battles is banned
|rule|Species Clause: Limit one of each Pokémon
|rule|OHKO Clause: OHKO moves are banned
|rule|Evasion Items Clause: Evasion items are banned
|rule|Evasion Moves Clause: Evasion moves are banned
|rule|Evasion Abilities Clause: Evasion abilities are banned
|rule|Sleep Moves Clause: Sleep-inducing moves are banned
|clearpoke
|poke|p1|Garchomp, F|
|poke|p1|Gallade, M|
|poke|p1|Clefable, F|
|poke|p1|Pecharunt|
|poke|p1|Iron Treads|
|poke|p1|Shaymin|
|poke|p2|Gardevoir, F|
|poke|p2|Goodra-Hisui, M|
|poke|p2|Cinderace, F|
|poke|p2|Rillaboom, F|
|poke|p2|Iron Hands|
|poke|p2|Ninetales-Alola, F|
|teampreview
|inactive|Battle timer is ON: inactive players will automatically lose when time's up. (requested by No Skill Involved)
|
|t:|1760430012
|teamsize|p1|6
|teamsize|p2|6
|start
|switch|p1a: Pecharunt|Pecharunt|100/100
|switch|p2a: Iron Hands|Iron Hands, shiny|100/100
|turn|1
|
|t:|1760430025
|-end|p2a: Iron Hands|Quark Drive|[silent]
|switch|p2a: Goodra|Goodra-Hisui, M|100/100
|move|p1a: Pecharunt|Malignant Chain|p2a: Goodra
|-immune|p2a: Goodra
|
|upkeep
|turn|2
|
|t:|1760430028
|move|p1a: Pecharunt|Parting Shot|p2a: Goodra
|-unboost|p2a: Goodra|atk|1
|-unboost|p2a: Goodra|spa|1
|
|t:|1760430031
|switch|p1a: Gallade|Gallade, M, shiny|100/100|[from] Parting Shot
|move|p2a: Goodra|Draco Meteor|p1a: Gallade
|-damage|p1a: Gallade|61/100
|-unboost|p2a: Goodra|spa|2
|
|upkeep
|turn|3
|
|t:|1760430040
|switch|p2a: Gardevoir|Gardevoir, F, shiny|100/100
|-ability|p2a: Gardevoir|Sharpness|Trace|[from] ability: Trace|[of] p1a: Gallade
|move|p1a: Gallade|Knock Off|p2a: Gardevoir
|-damage|p2a: Gardevoir|43/100
|-enditem|p2a: Gardevoir|Metronome|[from] move: Knock Off|[of] p1a: Gallade
|
|upkeep
|turn|4
|
|t:|1760430056
|switch|p1a: Shaymin|Shaymin, shiny|100/100
|move|p2a: Gardevoir|Moonblast|p1a: Shaymin
|-crit|p1a: Shaymin
|-damage|p1a: Shaymin|28/100
|
|upkeep
|turn|5
|
|t:|1760430065
|switch|p2a: Ninetales|Ninetales-Alola, F|100/100
|-weather|Snowscape|[from] ability: Snow Warning|[of] p2a: Ninetales
|move|p1a: Shaymin|Seed Flare|p2a: Ninetales
|-damage|p2a: Ninetales|24/100
|-unboost|p2a: Ninetales|spd|2
|-damage|p1a: Shaymin|18/100|[from] item: Life Orb
|
|-weather|Snowscape|[upkeep]
|upkeep
|turn|6
|
|t:|1760430079
|switch|p1a: Clefable|Clefable, F|100/100
|move|p2a: Ninetales|Freeze-Dry|p1a: Clefable
|-damage|p1a: Clefable|81/100
|
|-weather|Snowscape|[upkeep]
|-heal|p1a: Clefable|88/100|[from] item: Leftovers
|upkeep
|turn|7
|
|t:|1760430085
|move|p2a: Ninetales|Aurora Veil|p2a: Ninetales
|-sidestart|p2: Most haxed|move: Aurora Veil
|move|p1a: Clefable|Knock Off|p2a: Ninetales
|-resisted|p2a: Ninetales
|-damage|p2a: Ninetales|21/100
|-enditem|p2a: Ninetales|Light Clay|[from] move: Knock Off|[of] p1a: Clefable
|
|-weather|Snowscape|[upkeep]
|-heal|p1a: Clefable|94/100|[from] item: Leftovers
|upkeep
|turn|8
|
|t:|1760430088
|move|p2a: Ninetales|Encore|p1a: Clefable
|-start|p1a: Clefable|Encore
|move|p1a: Clefable|Knock Off|p2a: Ninetales
|-resisted|p2a: Ninetales
|-damage|p2a: Ninetales|19/100
|
|-weather|Snowscape|[upkeep]
|-heal|p1a: Clefable|99/100|[from] item: Leftovers
|upkeep
|turn|9
|
|t:|1760430093
|move|p2a: Ninetales|Pain Split|p1a: Clefable
|-sethp|p1a: Clefable|57/100|[from] move: Pain Split|[silent]
|-sethp|p2a: Ninetales|75/100|[from] move: Pain Split
|move|p1a: Clefable|Knock Off|p2a: Ninetales
|-resisted|p2a: Ninetales
|-damage|p2a: Ninetales|73/100
|
|-weather|none
|-heal|p1a: Clefable|63/100|[from] item: Leftovers
|upkeep
|turn|10
|
|t:|1760430100
|switch|p2a: Gardevoir|Gardevoir, F, shiny|43/100
|-ability|p2a: Gardevoir|Magic Guard|Trace|[from] ability: Trace|[of] p1a: Clefable
|move|p1a: Clefable|Knock Off|p2a: Gardevoir
|-damage|p2a: Gardevoir|34/100
|
|-heal|p1a: Clefable|70/100|[from] item: Leftovers
|-end|p1a: Clefable|Encore
|upkeep
|turn|11
|
|t:|1760430105
|move|p2a: Gardevoir|Calm Mind|p2a: Gardevoir
|-boost|p2a: Gardevoir|spa|1
|-boost|p2a: Gardevoir|spd|1
|move|p1a: Clefable|Thunder Wave|p2a: Gardevoir
|-status|p2a: Gardevoir|par
|
|-heal|p1a: Clefable|76/100|[from] item: Leftovers
|upkeep
|turn|12
|
|t:|1760430108
|move|p1a: Clefable|Moonblast|p2a: Gardevoir
|-damage|p2a: Gardevoir|25/100 par
|move|p2a: Gardevoir|Pain Split|p1a: Clefable
|-sethp|p1a: Clefable|47/100|[from] move: Pain Split|[silent]
|-sethp|p2a: Gardevoir|66/100 par|[from] move: Pain Split
|
|-heal|p1a: Clefable|53/100|[from] item: Leftovers
|upkeep
|turn|13
|
|t:|1760430115
|move|p1a: Clefable|Moonblast|p2a: Gardevoir
|-damage|p2a: Gardevoir|56/100 par
|-unboost|p2a: Gardevoir|spa|1
|cant|p2a: Gardevoir|par
|
|-heal|p1a: Clefable|59/100|[from] item: Leftovers
|upkeep
|turn|14
|
|t:|1760430121
|switch|p1a: Iron Treads|Iron Treads|100/100
|-item|p1a: Iron Treads|Air Balloon
|cant|p2a: Gardevoir|par
|
|-sideend|p2: Most haxed|move: Aurora Veil
|upkeep
|turn|15
|
|t:|1760430131
|move|p1a: Iron Treads|Earthquake|p2a: Gardevoir
|-damage|p2a: Gardevoir|0 fnt
|faint|p2a: Gardevoir
|
|upkeep
|
|t:|1760430138
|switch|p2a: Rillaboom|Rillaboom, F, shiny|100/100
|-fieldstart|move: Grassy Terrain|[from] ability: Grassy Surge|[of] p2a: Rillaboom
|turn|16
|
|t:|1760430148
|move|p2a: Rillaboom|Grassy Glide|p1a: Iron Treads
|-damage|p1a: Iron Treads|75/100
|-enditem|p1a: Iron Treads|Air Balloon
|move|p1a: Iron Treads|Volt Switch|p2a: Rillaboom
|-resisted|p2a: Rillaboom
|-damage|p2a: Rillaboom|94/100
|
|t:|1760430157
|-end|p1a: Iron Treads|Quark Drive|[silent]
|switch|p1a: Garchomp|Garchomp, F|100/100|[from] Volt Switch
|
|-heal|p2a: Rillaboom|99/100|[from] Grassy Terrain
|-heal|p2a: Rillaboom|100/100|[from] item: Leftovers
|upkeep
|turn|17
|
|t:|1760430161
|move|p2a: Rillaboom|Substitute|p2a: Rillaboom
|-start|p2a: Rillaboom|Substitute
|-damage|p2a: Rillaboom|76/100
|move|p1a: Garchomp|Stealth Rock|p2a: Rillaboom
|-sidestart|p2: Most haxed|move: Stealth Rock
|
|-heal|p2a: Rillaboom|82/100|[from] Grassy Terrain
|-heal|p2a: Rillaboom|88/100|[from] item: Leftovers
|upkeep
|turn|18
|
|t:|1760430169
|move|p2a: Rillaboom|Leech Seed|p1a: Garchomp
|-start|p1a: Garchomp|move: Leech Seed
|move|p1a: Garchomp|Dragon Tail|p2a: Rillaboom
|-activate|p2a: Rillaboom|move: Substitute|[damage]
|
|-heal|p2a: Rillaboom|94/100|[from] Grassy Terrain
|-heal|p2a: Rillaboom|99/100|[from] item: Leftovers
|-damage|p1a: Garchomp|88/100|[from] Leech Seed|[of] p2a: Rillaboom
|-heal|p2a: Rillaboom|100/100|[silent]
|upkeep
|turn|19
|
|t:|1760430176
|move|p2a: Rillaboom|Grassy Glide|p1a: Garchomp
|-damage|p1a: Garchomp|69/100
|-damage|p2a: Rillaboom|88/100|[from] ability: Rough Skin|[of] p1a: Garchomp
|-damage|p2a: Rillaboom|71/100|[from] item: Rocky Helmet|[of] p1a: Garchomp
|move|p1a: Garchomp|Dragon Tail|p2a: Rillaboom
|-end|p2a: Rillaboom|Substitute
|
|-heal|p2a: Rillaboom|78/100|[from] Grassy Terrain
|-heal|p2a: Rillaboom|84/100|[from] item: Leftovers
|-heal|p1a: Garchomp|76/100|[from] Grassy Terrain
|-damage|p1a: Garchomp|63/100|[from] Leech Seed|[of] p2a: Rillaboom
|-heal|p2a: Rillaboom|97/100|[silent]
|upkeep
|turn|20
|
|t:|1760430183
|switch|p1a: Clefable|Clefable, F|59/100
|move|p2a: Rillaboom|Substitute|p2a: Rillaboom
|-start|p2a: Rillaboom|Substitute
|-damage|p2a: Rillaboom|73/100
|
|-heal|p2a: Rillaboom|79/100|[from] Grassy Terrain
|-heal|p2a: Rillaboom|85/100|[from] item: Leftovers
|-heal|p1a: Clefable|65/100|[from] Grassy Terrain
|-heal|p1a: Clefable|71/100|[from] item: Leftovers
|-fieldend|move: Grassy Terrain
|upkeep
|turn|21
|
|t:|1760430186
|move|p2a: Rillaboom|Leech Seed|p1a: Clefable
|-start|p1a: Clefable|move: Leech Seed
|move|p1a: Clefable|Moonlight|p1a: Clefable
|-heal|p1a: Clefable|100/100
|
|-heal|p2a: Rillaboom|91/100|[from] item: Leftovers
|upkeep
|turn|22
|
|t:|1760430195
|switch|p2a: Goodra|Goodra-Hisui, M|100/100
|-damage|p2a: Goodra|94/100|[from] Stealth Rock
|move|p1a: Clefable|Moonblast|p2a: Goodra
|-damage|p2a: Goodra|71/100
|
|upkeep
|turn|23
|
|t:|1760430204
|switch|p1a: Iron Treads|Iron Treads|75/100
|move|p2a: Goodra|Flash Cannon|p1a: Iron Treads
|-resisted|p1a: Iron Treads
|-damage|p1a: Iron Treads|40/100
|
|upkeep
|turn|24
|
|t:|1760430210
|switch|p2a: Rillaboom|Rillaboom, F, shiny|91/100
|-damage|p2a: Rillaboom|78/100|[from] Stealth Rock
|-fieldstart|move: Grassy Terrain|[from] ability: Grassy Surge|[of] p2a: Rillaboom
|move|p1a: Iron Treads|Knock Off|p2a: Rillaboom
|-damage|p2a: Rillaboom|58/100
|-enditem|p2a: Rillaboom|Leftovers|[from] move: Knock Off|[of] p1a: Iron Treads
|
|-heal|p1a: Iron Treads|46/100|[from] Grassy Terrain
|-heal|p2a: Rillaboom|64/100|[from] Grassy Terrain
|upkeep
|turn|25
|
|t:|1760430215
|move|p1a: Iron Treads|Volt Switch|p2a: Rillaboom
|-resisted|p2a: Rillaboom
|-damage|p2a: Rillaboom|58/100
|
|t:|1760430218
|-end|p1a: Iron Treads|Quark Drive|[silent]
|switch|p1a: Clefable|Clefable, F|100/100|[from] Volt Switch
|move|p2a: Rillaboom|Leech Seed|p1a: Clefable
|-start|p1a: Clefable|move: Leech Seed
|
|-heal|p2a: Rillaboom|64/100|[from] Grassy Terrain
|upkeep
|turn|26
|
|t:|1760430223
|move|p2a: Rillaboom|Substitute|p2a: Rillaboom
|-start|p2a: Rillaboom|Substitute
|-damage|p2a: Rillaboom|39/100
|move|p1a: Clefable|Moonblast|p2a: Rillaboom
|-end|p2a: Rillaboom|Substitute
|
|-heal|p2a: Rillaboom|45/100|[from] Grassy Terrain
|upkeep
|turn|27
|
|t:|1760430229
|move|p2a: Rillaboom|Substitute|p2a: Rillaboom
|-start|p2a: Rillaboom|Substitute
|-damage|p2a: Rillaboom|20/100
|move|p1a: Clefable|Moonblast|p2a: Rillaboom
|-end|p2a: Rillaboom|Substitute
|
|-heal|p2a: Rillaboom|26/100|[from] Grassy Terrain
|upkeep
|turn|28
|
|t:|1760430231
|move|p2a: Rillaboom|Substitute|p2a: Rillaboom
|-start|p2a: Rillaboom|Substitute
|-damage|p2a: Rillaboom|2/100
|move|p1a: Clefable|Moonblast|p2a: Rillaboom
|-end|p2a: Rillaboom|Substitute
|
|-heal|p2a: Rillaboom|8/100|[from] Grassy Terrain
|-fieldend|move: Grassy Terrain
|upkeep
|turn|29
|
|t:|1760430238
|switch|p2a: Cinderace|Cinderace, F|100/100
|move|p1a: Clefable|Knock Off|p2a: Cinderace
|-damage|p2a: Cinderace|80/100
|-enditem|p2a: Cinderace|Heavy-Duty Boots|[from] move: Knock Off|[of] p1a: Clefable
|
|upkeep
|turn|30
|
|t:|1760430244
|move|p2a: Cinderace|Court Change|p2a: Cinderace
|-swapsideconditions
|-activate|p2a: Cinderace|move: Court Change
|move|p1a: Clefable|Thunder Wave|p2a: Cinderace
|-status|p2a: Cinderace|par
|
|upkeep
|turn|31
|
|t:|1760430256
|switch|p2a: Goodra|Goodra-Hisui, M|71/100
|move|p1a: Clefable|Knock Off|p2a: Goodra
|-damage|p2a: Goodra|56/100
|-enditem|p2a: Goodra|Choice Specs|[from] move: Knock Off|[of] p1a: Clefable
|
|upkeep
|turn|32
|
|t:|1760430263
|move|p1a: Clefable|Thunder Wave|p2a: Goodra
|-status|p2a: Goodra|par
|move|p2a: Goodra|Flamethrower|p1a: Clefable
|-damage|p1a: Clefable|73/100
|-status|p1a: Clefable|brn
|
|-heal|p1a: Clefable|79/100 brn|[from] item: Leftovers
|upkeep
|turn|33
|
|t:|1760430271
|switch|p1a: Gallade|Gallade, M, shiny|61/100
|-damage|p1a: Gallade|55/100|[from] Stealth Rock
|move|p2a: Goodra|Flash Cannon|p1a: Gallade
|-damage|p1a: Gallade|30/100
|
|upkeep
|turn|34
|
|t:|1760430287
|switch|p2a: Ninetales|Ninetales-Alola, F|73/100
|-weather|Snowscape|[from] ability: Snow Warning|[of] p2a: Ninetales
|move|p1a: Gallade|Sacred Sword|p2a: Ninetales
|-damage|p2a: Ninetales|20/100
|
|-weather|Snowscape|[upkeep]
|upkeep
|turn|35
|
|t:|1760430299
|move|p2a: Ninetales|Aurora Veil|p2a: Ninetales
|-sidestart|p2: Most haxed|move: Aurora Veil
|move|p1a: Gallade|Sacred Sword|p2a: Ninetales
|-damage|p2a: Ninetales|0 fnt
|faint|p2a: Ninetales
|
|-weather|Snowscape|[upkeep]
|upkeep
|
|t:|1760430309
|switch|p2a: Cinderace|Cinderace, F|80/100 par
|turn|36
|
|t:|1760430314
|switch|p1a: Garchomp|Garchomp, F|63/100
|-damage|p1a: Garchomp|57/100|[from] Stealth Rock
|move|p2a: Cinderace|Pyro Ball|p1a: Garchomp
|-resisted|p1a: Garchomp
|-damage|p1a: Garchomp|41/100
|
|-weather|Snowscape|[upkeep]
|upkeep
|turn|37
|
|t:|1760430323
|switch|p2a: Rillaboom|Rillaboom, F, shiny|8/100
|-fieldstart|move: Grassy Terrain|[from] ability: Grassy Surge|[of] p2a: Rillaboom
|move|p1a: Garchomp|Stealth Rock|p2a: Rillaboom
|-sidestart|p2: Most haxed|move: Stealth Rock
|
|-weather|Snowscape|[upkeep]
|-heal|p2a: Rillaboom|14/100|[from] Grassy Terrain
|-heal|p1a: Garchomp|47/100|[from] Grassy Terrain
|upkeep
|turn|38
|
|t:|1760430332
|-terastallize|p2a: Rillaboom|Fairy
|move|p2a: Rillaboom|Leech Seed|p1a: Garchomp
|-start|p1a: Garchomp|move: Leech Seed
|move|p1a: Garchomp|Dragon Tail|p2a: Rillaboom
|-immune|p2a: Rillaboom
|
|-weather|none
|-heal|p2a: Rillaboom|20/100|[from] Grassy Terrain
|-heal|p1a: Garchomp|53/100|[from] Grassy Terrain
|-damage|p1a: Garchomp|41/100|[from] Leech Seed|[of] p2a: Rillaboom
|-heal|p2a: Rillaboom|33/100|[silent]
|upkeep
|turn|39
|
|t:|1760430338
|switch|p1a: Clefable|Clefable, F|79/100 brn
|move|p2a: Rillaboom|Substitute|p2a: Rillaboom
|-start|p2a: Rillaboom|Substitute
|-damage|p2a: Rillaboom|9/100
|
|-heal|p2a: Rillaboom|15/100|[from] Grassy Terrain
|-heal|p1a: Clefable|86/100 brn|[from] Grassy Terrain
|-heal|p1a: Clefable|92/100 brn|[from] item: Leftovers
|-sideend|p2: Most haxed|move: Aurora Veil
|upkeep
|turn|40
|
|t:|1760430342
|move|p2a: Rillaboom|Endeavor|p1a: Clefable
|-damage|p1a: Clefable|14/100 brn
|move|p1a: Clefable|Moonblast|p2a: Rillaboom
|-crit|p2a: Rillaboom
|-end|p2a: Rillaboom|Substitute
|
|-heal|p2a: Rillaboom|21/100|[from] Grassy Terrain
|-heal|p1a: Clefable|20/100 brn|[from] Grassy Terrain
|-heal|p1a: Clefable|26/100 brn|[from] item: Leftovers
|upkeep
|turn|41
|
|t:|1760430346
|move|p2a: Rillaboom|Grassy Glide|p1a: Clefable
|-damage|p1a: Clefable|3/100 brn
|move|p1a: Clefable|Moonlight|p1a: Clefable
|-heal|p1a: Clefable|53/100 brn
|
|-heal|p2a: Rillaboom|27/100|[from] Grassy Terrain
|-heal|p1a: Clefable|59/100 brn|[from] Grassy Terrain
|-heal|p1a: Clefable|65/100 brn|[from] item: Leftovers
|-fieldend|move: Grassy Terrain
|upkeep
|turn|42
|
|t:|1760430351
|move|p2a: Rillaboom|Endeavor|p1a: Clefable
|-damage|p1a: Clefable|26/100 brn
|move|p1a: Clefable|Moonblast|p2a: Rillaboom
|-damage|p2a: Rillaboom|0 fnt
|faint|p2a: Rillaboom
|
|-heal|p1a: Clefable|32/100 brn|[from] item: Leftovers
|upkeep
|
|t:|1760430355
|switch|p2a: Iron Hands|Iron Hands, shiny|100/100
|-damage|p2a: Iron Hands|94/100|[from] Stealth Rock
|turn|43
|
|t:|1760430363
|switch|p1a: Garchomp|Garchomp, F|41/100
|-damage|p1a: Garchomp|34/100|[from] Stealth Rock
|move|p2a: Iron Hands|Thunder Punch|p1a: Garchomp
|-immune|p1a: Garchomp
|
|upkeep
|turn|44
|
|t:|1760430375
|move|p1a: Garchomp|Spikes|p2a: Iron Hands
|-sidestart|p2: Most haxed|Spikes
|move|p2a: Iron Hands|Thunder Punch|p1a: Garchomp
|-immune|p1a: Garchomp
|
|upkeep
|turn|45
|
|t:|1760430382
|move|p1a: Garchomp|Earthquake|p2a: Iron Hands
|-supereffective|p2a: Iron Hands
|-damage|p2a: Iron Hands|51/100
|move|p2a: Iron Hands|Thunder Punch|p1a: Garchomp
|-immune|p1a: Garchomp
|
|upkeep
|turn|46
|
|t:|1760430387
|-end|p2a: Iron Hands|Quark Drive|[silent]
|switch|p2a: Goodra|Goodra-Hisui, M|56/100 par
|-damage|p2a: Goodra|50/100 par|[from] Stealth Rock
|-damage|p2a: Goodra|38/100 par|[from] Spikes
|move|p1a: Garchomp|Earthquake|p2a: Goodra
|-supereffective|p2a: Goodra
|-damage|p2a: Goodra|0 fnt
|faint|p2a: Goodra
|
|upkeep
|
|t:|1760430388
|switch|p2a: Cinderace|Cinderace, F|80/100 par
|-damage|p2a: Cinderace|55/100 par|[from] Stealth Rock
|-damage|p2a: Cinderace|43/100 par|[from] Spikes
|turn|47
|
|t:|1760430394
|move|p1a: Garchomp|Earthquake|p2a: Cinderace
|-supereffective|p2a: Cinderace
|-damage|p2a: Cinderace|0 fnt
|faint|p2a: Cinderace
|
|upkeep
|-message|Most haxed forfeited.
|
|win|No Skill Involved
|raw|No Skill Involved's rating: 1207 &rarr; <strong>1230</strong><br />(+23 for winning)
|raw|Most haxed's rating: 1175 &rarr; <strong>1152</strong><br />(-23 for losing)
|l|☆Most haxed
|player|p2|
|l|☆No Skill Involved
|player|p1|
