|j|☆0rlandont
|j|☆waki0405
|t:|1760330830
|gametype|singles
|player|p1|0rlandont|blue|1265
|player|p2|waki0405|169|1336
|gen|9
|tier|[Gen 9] OU
|rated|
|rule|HP Percentage Mod: HP is shown in percentages
|rule|Endless Battle Clause: Forcing endless battles is banned
|rule|Species Clause: Limit one of each Pokémon
|rule|OHKO Clause: OHKO moves are banned
|rule|Evasion Items Clause: Evasion items are banned
|rule|Evasion Moves Clause: Evasion moves are banned
|rule|Evasion Abilities Clause: Evasion abilities are banned
|rule|Sleep Moves Clause: Sleep-inducing moves are banned
|clearpoke
|poke|p1|Cinderace, M|
|poke|p1|Meowscarada, M|
|poke|p1|Gholdengo|
|poke|p1|Iron Valiant|
|poke|p1|Walking Wake|
|poke|p1|Iron Hands|
|poke|p2|Grimmsnarl, M|
|poke|p2|Corviknight, F|
|poke|p2|Dragonite, M|
|poke|p2|Polteageist|
|poke|p2|Hatterene, F|
|poke|p2|Samurott-Hisui, F|
|teampreview
|
|t:|1760330861
|teamsize|p1|6
|teamsize|p2|6
|start
|switch|p1a: The Strongest|Iron Hands|100/100
|switch|p2a: Grimmsnarl|Grimmsnarl, M|100/100
|turn|1
|
|t:|1760330867
|-end|p1a: The Strongest|Quark Drive|[silent]
|switch|p1a: Stand Proud|Cinderace, M|100/100
|move|p2a: Grimmsnarl|Reflect|p2a: Grimmsnarl
|-sidestart|p2: waki0405|Reflect
|
|upkeep
|turn|2
|
|t:|1760330878
|move|p2a: Grimmsnarl|Parting Shot|p1a: Stand Proud
|-unboost|p1a: Stand Proud|atk|1
|-unboost|p1a: Stand Proud|spa|1
|
|t:|1760330882
|switch|p2a: Polteageist|Polteageist|100/100|[from] Parting Shot
|move|p1a: Stand Proud|Pyro Ball|p2a: Polteageist
|-damage|p2a: Polteageist|80/100
|
|upkeep
|turn|3
|
|t:|1760330912
|switch|p1a: Gholdengoat|Gholdengo|100/100
|move|p2a: Polteageist|Shell Smash|p2a: Polteageist
|-unboost|p2a: Polteageist|def|1
|-unboost|p2a: Polteageist|spd|1
|-boost|p2a: Polteageist|atk|2
|-boost|p2a: Polteageist|spa|2
|-boost|p2a: Polteageist|spe|2
|-enditem|p2a: Polteageist|White Herb
|-clearnegativeboost|p2a: Polteageist|[silent]
|
|upkeep
|turn|4
|
|t:|1760330922
|-terastallize|p1a: Gholdengoat|Fighting
|move|p1a: Gholdengoat|Shadow Ball|p2a: Polteageist
|-supereffective|p2a: Polteageist
|-damage|p2a: Polteageist|1/100
|move|p2a: Polteageist|Shadow Ball|p1a: Gholdengoat
|-damage|p1a: Gholdengoat|12/100
|-unboost|p1a: Gholdengoat|spd|1
|
|upkeep
|turn|5
|
|t:|1760330930
|move|p1a: Gholdengoat|Shadow Ball|p2a: Polteageist
|-supereffective|p2a: Polteageist
|-damage|p2a: Polteageist|0 fnt
|faint|p2a: Polteageist
|
|upkeep
|
|t:|1760330945
|switch|p2a: Dragonite|Dragonite, M|100/100
|turn|6
|
|t:|1760330967
|move|p1a: Gholdengoat|Shadow Ball|p2a: Dragonite
|-damage|p2a: Dragonite|55/100
|move|p2a: Dragonite|Dragon Dance|p2a: Dragonite
|-boost|p2a: Dragonite|atk|1
|-boost|p2a: Dragonite|spe|1
|
|-heal|p2a: Dragonite|61/100|[from] item: Leftovers
|upkeep
|turn|7
|
|t:|1760330971
|move|p1a: Gholdengoat|Shadow Ball|p2a: Dragonite
|-damage|p2a: Dragonite|15/100
|move|p2a: Dragonite|Earthquake|p1a: Gholdengoat
|-damage|p1a: Gholdengoat|0 fnt
|faint|p1a: Gholdengoat
|
|-heal|p2a: Dragonite|22/100|[from] item: Leftovers
|upkeep
|
|t:|1760330976
|switch|p1a: Stand Proud|Cinderace, M|100/100
|turn|8
|
|t:|1760330979
|move|p1a: Stand Proud|Sucker Punch|p2a: Dragonite
|-start|p1a: Stand Proud|typechange|Dark|[from] ability: Libero
|-damage|p2a: Dragonite|2/100
|move|p2a: Dragonite|Earthquake|p1a: Stand Proud
|-damage|p1a: Stand Proud|22/100
|
|-heal|p2a: Dragonite|9/100|[from] item: Leftovers
|-sideend|p2: waki0405|Reflect
|upkeep
|turn|9
|
|t:|1760330991
|move|p2a: Dragonite|Dragon Dance|p2a: Dragonite
|-boost|p2a: Dragonite|atk|1
|-boost|p2a: Dragonite|spe|1
|move|p1a: Stand Proud|Pyro Ball|p2a: Dragonite
|-resisted|p2a: Dragonite
|-damage|p2a: Dragonite|0 fnt
|faint|p2a: Dragonite
|
|upkeep
|inactive|Battle timer is ON: inactive players will automatically lose when time's up. (requested by 0rlandont)
|
|t:|1760331000
|switch|p2a: Samurott|Samurott-Hisui, F|100/100
|turn|10
|
|t:|1760331008
|move|p1a: Stand Proud|High Jump Kick|p2a: Samurott
|-supereffective|p2a: Samurott
|-damage|p2a: Samurott|0 fnt
|faint|p2a: Samurott
|
|upkeep
|-message|waki0405 forfeited.
|
|win|0rlandont
|raw|0rlandont's rating: 1265 &rarr; <strong>1295</strong><br />(+30 for winning)
|raw|waki0405's rating: 1336 &rarr; <strong>1312</strong><br />(-24 for losing)
|l|☆waki0405
|player|p2|
|l|☆0rlandont
|player|p1|
