|j|☆KushTheGoat
|j|‽Morthill
|t:|1760408689
|gametype|singles
|player|p1|KushTheGoat|170|1390
|player|p2|Morthill|265|1357
|gen|9
|tier|[Gen 9] OU
|rated|
|rule|HP Percentage Mod: HP is shown in percentages
|rule|Endless Battle Clause: Forcing endless battles is banned
|rule|Species Clause: Limit one of each Pokémon
|rule|OHKO Clause: OHKO moves are banned
|rule|Evasion Items Clause: Evasion items are banned
|rule|Evasion Moves Clause: Evasion moves are banned
|rule|Evasion Abilities Clause: Evasion abilities are banned
|rule|Sleep Moves Clause: Sleep-inducing moves are banned
|clearpoke
|poke|p1|Kingambit, F|
|poke|p1|Slowking-Galar, M|
|poke|p1|Kyurem|
|poke|p1|Landorus-Therian, M|
|poke|p1|Iron Valiant|
|poke|p1|Cinderace, F|
|poke|p2|Slowking-Galar, M|
|poke|p2|Ninetales-Alola, F|
|poke|p2|Cetitan, M|
|poke|p2|Frosmoth, M|
|poke|p2|Avalugg, M|
|poke|p2|Kyurem|
|teampreview
|inactive|Battle timer is ON: inactive players will automatically lose when time's up. (requested by Morthill)
|
|t:|1760408696
|teamsize|p1|6
|teamsize|p2|6
|start
|switch|p1a: Cinderace|Cinderace, F|100/100
|switch|p2a: Ninetales|Ninetales-Alola, F|100/100
|-weather|Snowscape|[from] ability: Snow Warning|[of] p2a: Ninetales
|turn|1
|
|t:|1760408706
|switch|p2a: Avalugg|Avalugg, M, shiny|100/100
|move|p1a: Cinderace|Pyro Ball|p2a: Avalugg
|-supereffective|p2a: Avalugg
|-damage|p2a: Avalugg|75/100
|
|-weather|Snowscape|[upkeep]
|-heal|p2a: Avalugg|81/100|[from] ability: Ice Body
|upkeep
|turn|2
|
|t:|1760408715
|move|p1a: Cinderace|U-turn|p2a: Avalugg
|-damage|p2a: Avalugg|76/100
|-damage|p1a: Cinderace|84/100|[from] item: Rocky Helmet|[of] p2a: Avalugg
|
|t:|1760408728
|switch|p1a: Kyurem|Kyurem|100/100|[from] U-turn
|-ability|p1a: Kyurem|Pressure
|move|p2a: Avalugg|Body Press|p1a: Kyurem
|-supereffective|p1a: Kyurem
|-damage|p1a: Kyurem|50/100
|
|-weather|Snowscape|[upkeep]
|-heal|p2a: Avalugg|82/100|[from] ability: Ice Body
|-heal|p1a: Kyurem|56/100|[from] item: Leftovers
|upkeep
|turn|3
|
|t:|1760408743
|move|p1a: Kyurem|Earth Power|p2a: Avalugg
|-damage|p2a: Avalugg|31/100
|move|p2a: Avalugg|Aurora Veil|p2a: Avalugg
|-sidestart|p2: Morthill|move: Aurora Veil
|
|-weather|Snowscape|[upkeep]
|-heal|p2a: Avalugg|37/100|[from] ability: Ice Body
|-heal|p1a: Kyurem|62/100|[from] item: Leftovers
|upkeep
|turn|4
|
|t:|1760408750
|switch|p2a: Frosmoth|Frosmoth, M, shiny|100/100
|move|p1a: Kyurem|Earth Power|p2a: Frosmoth
|-resisted|p2a: Frosmoth
|-damage|p2a: Frosmoth|97/100
|
|-weather|Snowscape|[upkeep]
|-heal|p1a: Kyurem|69/100|[from] item: Leftovers
|upkeep
|turn|5
|
|t:|1760408760
|switch|p1a: Cinderace|Cinderace, F|84/100
|-terastallize|p2a: Frosmoth|Ground
|move|p2a: Frosmoth|Quiver Dance|p2a: Frosmoth
|-boost|p2a: Frosmoth|spa|1
|-boost|p2a: Frosmoth|spd|1
|-boost|p2a: Frosmoth|spe|1
|
|-weather|Snowscape|[upkeep]
|upkeep
|turn|6
|
|t:|1760408770
|move|p1a: Cinderace|Court Change|p1a: Cinderace
|-swapsideconditions
|-activate|p1a: Cinderace|move: Court Change
|move|p2a: Frosmoth|Quiver Dance|p2a: Frosmoth
|-boost|p2a: Frosmoth|spa|1
|-boost|p2a: Frosmoth|spd|1
|-boost|p2a: Frosmoth|spe|1
|
|-weather|Snowscape|[upkeep]
|upkeep
|turn|7
|
|t:|1760408782
|move|p1a: Cinderace|Court Change|p1a: Cinderace
|-swapsideconditions
|-activate|p1a: Cinderace|move: Court Change
|move|p2a: Frosmoth|Tera Blast|p1a: Cinderace|[anim] Tera Blast Ground
|-supereffective|p1a: Cinderace
|-damage|p1a: Cinderace|0 fnt
|faint|p1a: Cinderace
|
|-weather|Snowscape|[upkeep]
|-sideend|p2: Morthill|move: Aurora Veil
|upkeep
|c|☆KushTheGoat|I misclciked
|
|t:|1760408799
|switch|p1a: Iron Valiant|Iron Valiant|100/100
|-enditem|p1a: Iron Valiant|Booster Energy
|-activate|p1a: Iron Valiant|ability: Quark Drive|[fromitem]
|-start|p1a: Iron Valiant|quarkdrivespa
|turn|8
|
|t:|1760408813
|move|p2a: Frosmoth|Quiver Dance|p2a: Frosmoth
|-boost|p2a: Frosmoth|spa|1
|-boost|p2a: Frosmoth|spd|1
|-boost|p2a: Frosmoth|spe|1
|move|p1a: Iron Valiant|Moonblast|p2a: Frosmoth
|-damage|p2a: Frosmoth|86/100
|
|-weather|none
|upkeep
|turn|9
|
|t:|1760408824
|move|p2a: Frosmoth|Quiver Dance|p2a: Frosmoth
|-boost|p2a: Frosmoth|spa|1
|-boost|p2a: Frosmoth|spd|1
|-boost|p2a: Frosmoth|spe|1
|move|p1a: Iron Valiant|Moonblast|p2a: Frosmoth
|-damage|p2a: Frosmoth|76/100
|
|upkeep
|turn|10
|
|t:|1760408831
|move|p2a: Frosmoth|Giga Drain|p1a: Iron Valiant
|-damage|p1a: Iron Valiant|0 fnt
|-heal|p2a: Frosmoth|100/100|[from] drain|[of] p1a: Iron Valiant
|faint|p1a: Iron Valiant
|-end|p1a: Iron Valiant|Quark Drive|[silent]
|
|upkeep
|
|t:|1760408844
|switch|p1a: Landorus|Landorus-Therian, M|100/100
|-ability|p1a: Landorus|Intimidate|boost
|-unboost|p2a: Frosmoth|atk|1
|turn|11
|
|t:|1760408851
|move|p2a: Frosmoth|Ice Beam|p1a: Landorus
|-supereffective|p1a: Landorus
|-damage|p1a: Landorus|0 fnt
|faint|p1a: Landorus
|
|upkeep
|
|t:|1760408858
|switch|p1a: Kyurem|Kyurem|69/100
|-ability|p1a: Kyurem|Pressure
|turn|12
|
|t:|1760408863
|move|p2a: Frosmoth|Tera Blast|p1a: Kyurem|[anim] Tera Blast Ground
|-damage|p1a: Kyurem|0 fnt
|faint|p1a: Kyurem
|
|upkeep
|
|t:|1760408867
|switch|p1a: Kingambit|Kingambit, F|100/100
|-activate|p1a: Kingambit|ability: Supreme Overlord
|-start|p1a: Kingambit|fallen4|[silent]
|turn|13
|
|t:|1760408882
|-terastallize|p1a: Kingambit|Flying
|move|p1a: Kingambit|Sucker Punch|p2a: Frosmoth
|-damage|p2a: Frosmoth|7/100
|move|p2a: Frosmoth|Tera Blast|p1a: Kingambit|[anim] Tera Blast Ground
|-immune|p1a: Kingambit
|
|upkeep
|turn|14
|
|t:|1760408892
|move|p1a: Kingambit|Sucker Punch|p2a: Frosmoth
|-damage|p2a: Frosmoth|0 fnt
|faint|p2a: Frosmoth
|
|upkeep
|
|t:|1760408895
|switch|p2a: Ninetales|Ninetales-Alola, F|100/100
|-weather|Snowscape|[from] ability: Snow Warning|[of] p2a: Ninetales
|turn|15
|
|t:|1760408899
|move|p2a: Ninetales|Aurora Veil|p2a: Ninetales
|-sidestart|p2: Morthill|move: Aurora Veil
|move|p1a: Kingambit|Swords Dance|p1a: Kingambit
|-boost|p1a: Kingambit|atk|2
|
|-weather|Snowscape|[upkeep]
|upkeep
|turn|16
|
|t:|1760408904
|move|p2a: Ninetales|Freeze-Dry|p1a: Kingambit
|-supereffective|p1a: Kingambit
|-damage|p1a: Kingambit|49/100
|move|p1a: Kingambit|Iron Head|p2a: Ninetales
|-supereffective|p2a: Ninetales
|-damage|p2a: Ninetales|0 fnt
|faint|p2a: Ninetales
|
|-weather|Snowscape|[upkeep]
|-heal|p1a: Kingambit|55/100|[from] item: Leftovers
|upkeep
|
|t:|1760408911
|switch|p2a: Kyurem|Kyurem|100/100
|-ability|p2a: Kyurem|Pressure
|turn|17
|
|t:|1760408916
|move|p2a: Kyurem|Ice Beam|p1a: Kingambit
|-supereffective|p1a: Kingambit
|-damage|p1a: Kingambit|0 fnt
|faint|p1a: Kingambit
|-end|p1a: Kingambit|fallen4|[silent]
|
|-weather|Snowscape|[upkeep]
|upkeep
|
|t:|1760408922
|switch|p1a: Slowking|Slowking-Galar, M|100/100
|turn|18
|-message|KushTheGoat forfeited.
|
|win|Morthill
|raw|KushTheGoat's rating: 1390 &rarr; <strong>1368</strong><br />(-22 for losing)
|raw|Morthill's rating: 1357 &rarr; <strong>1379</strong><br />(+22 for winning)
|l|☆KushTheGoat
|player|p1|
|l|‽Morthill
|player|p2|
