|j|☆l 3asses
|j|☆schLIM2
|t:|1760359450
|gametype|singles
|player|p1|l 3asses|policeman-gen4|1450
|player|p2|schLIM2|shadowtriad|1472
|gen|9
|tier|[Gen 9] OU
|rated|
|rule|HP Percentage Mod: HP is shown in percentages
|rule|Endless Battle Clause: Forcing endless battles is banned
|rule|Species Clause: Limit one of each Pokémon
|rule|OHKO Clause: OHKO moves are banned
|rule|Evasion Items Clause: Evasion items are banned
|rule|Evasion Moves Clause: Evasion moves are banned
|rule|Evasion Abilities Clause: Evasion abilities are banned
|rule|Sleep Moves Clause: Sleep-inducing moves are banned
|clearpoke
|poke|p1|Kingambit, M|
|poke|p1|Alomomola, F|
|poke|p1|Enamorus, F|
|poke|p1|Great Tusk|
|poke|p1|Gholdengo|
|poke|p1|Ribombee, F|
|poke|p2|Torkoal, M|
|poke|p2|Lilligant-Hisui, F|
|poke|p2|Walking Wake|
|poke|p2|Typhlosion-Hisui, M|
|poke|p2|Hydrapple, M|
|poke|p2|Latias, F|
|teampreview
|
|t:|1760359462
|teamsize|p1|6
|teamsize|p2|6
|start
|switch|p1a: Great Tusk|Great Tusk|100/100
|switch|p2a: Torkoal|Torkoal, M|100/100
|-weather|SunnyDay|[from] ability: Drought|[of] p2a: Torkoal
|-activate|p1a: Great Tusk|ability: Protosynthesis
|-start|p1a: Great Tusk|protosynthesisspe
|turn|1
|
|t:|1760359466
|switch|p2a: Hydrapple|Hydrapple, M|100/100
|move|p1a: Great Tusk|Bulk Up|p1a: Great Tusk
|-boost|p1a: Great Tusk|atk|1
|-boost|p1a: Great Tusk|def|1
|
|-weather|SunnyDay|[upkeep]
|upkeep
|turn|2
|
|t:|1760359475
|move|p1a: Great Tusk|Ice Spinner|p2a: Hydrapple
|-supereffective|p2a: Hydrapple
|-damage|p2a: Hydrapple|21/100
|-enditem|p2a: Hydrapple|Eject Button
|inactive|Battle timer is ON: inactive players will automatically lose when time's up. (requested by l 3asses)
|
|t:|1760359480
|switch|p2a: Walking Wake|Walking Wake|100/100
|-activate|p2a: Walking Wake|ability: Protosynthesis
|-start|p2a: Walking Wake|protosynthesisspa
|
|-weather|SunnyDay|[upkeep]
|upkeep
|turn|3
|
|t:|1760359488
|-end|p1a: Great Tusk|Protosynthesis|[silent]
|switch|p1a: Alomomola|Alomomola, F|100/100
|move|p2a: Walking Wake|Hydro Steam|p1a: Alomomola
|-resisted|p1a: Alomomola
|-crit|p1a: Alomomola
|-damage|p1a: Alomomola|43/100
|
|-weather|SunnyDay|[upkeep]
|upkeep
|turn|4
|
|t:|1760359503
|switch|p1a: Gholdengo|Gholdengo|100/100
|move|p2a: Walking Wake|Hydro Steam|p1a: Gholdengo
|-damage|p1a: Gholdengo|14/100
|
|-weather|SunnyDay|[upkeep]
|upkeep
|turn|5
|
|t:|1760359509
|move|p2a: Walking Wake|Hydro Steam|p1a: Gholdengo
|-damage|p1a: Gholdengo|0 fnt
|faint|p1a: Gholdengo
|
|-weather|SunnyDay|[upkeep]
|upkeep
|
|t:|1760359511
|switch|p1a: Ribombee|Ribombee, F|100/100
|turn|6
|
|t:|1760359518
|move|p1a: Ribombee|Moonblast|p2a: Walking Wake
|-supereffective|p2a: Walking Wake
|-damage|p2a: Walking Wake|4/100
|move|p2a: Walking Wake|Hydro Steam|p1a: Ribombee
|-damage|p1a: Ribombee|0 fnt
|faint|p1a: Ribombee
|
|-weather|SunnyDay|[upkeep]
|upkeep
|
|t:|1760359523
|switch|p1a: Alomomola|Alomomola, F|76/100
|turn|7
|
|t:|1760359544
|-end|p2a: Walking Wake|Protosynthesis|[silent]
|switch|p2a: Hydrapple|Hydrapple, M|55/100
|move|p1a: Alomomola|Flip Turn|p2a: Hydrapple
|-resisted|p2a: Hydrapple
|-damage|p2a: Hydrapple|54/100
|
|t:|1760359550
|switch|p1a: Great Tusk|Great Tusk|100/100|[from] Flip Turn
|-activate|p1a: Great Tusk|ability: Protosynthesis
|-start|p1a: Great Tusk|protosynthesisspe
|
|-weather|SunnyDay|[upkeep]
|upkeep
|turn|8
|
|t:|1760359565
|move|p1a: Great Tusk|Ice Spinner|p2a: Hydrapple
|-supereffective|p2a: Hydrapple
|-damage|p2a: Hydrapple|4/100
|move|p2a: Hydrapple|Giga Drain|p1a: Great Tusk
|-supereffective|p1a: Great Tusk
|-damage|p1a: Great Tusk|23/100
|-heal|p2a: Hydrapple|44/100|[from] drain|[of] p1a: Great Tusk
|
|-weather|none
|-end|p1a: Great Tusk|Protosynthesis
|upkeep
|-enditem|p1a: Great Tusk|Booster Energy
|-activate|p1a: Great Tusk|ability: Protosynthesis|[fromitem]
|-start|p1a: Great Tusk|protosynthesisspe
|turn|9
|
|t:|1760359579
|switch|p2a: Torkoal|Torkoal, M|100/100
|-weather|SunnyDay|[from] ability: Drought|[of] p2a: Torkoal
|move|p1a: Great Tusk|Ice Spinner|p2a: Torkoal
|-resisted|p2a: Torkoal
|-damage|p2a: Torkoal|92/100
|
|-weather|SunnyDay|[upkeep]
|upkeep
|turn|10
|
|t:|1760359582
|move|p1a: Great Tusk|Headlong Rush|p2a: Torkoal
|-supereffective|p2a: Torkoal
|-damage|p2a: Torkoal|16/100
|-unboost|p1a: Great Tusk|def|1
|-unboost|p1a: Great Tusk|spd|1
|move|p2a: Torkoal|Lava Plume|p1a: Great Tusk
|-damage|p1a: Great Tusk|0 fnt
|faint|p1a: Great Tusk
|-end|p1a: Great Tusk|Protosynthesis|[silent]
|
|-weather|SunnyDay|[upkeep]
|upkeep
|
|t:|1760359587
|switch|p1a: Alomomola|Alomomola, F|100/100
|turn|11
|
|t:|1760359596
|move|p1a: Alomomola|Scald|p2a: Torkoal
|-supereffective|p2a: Torkoal
|-damage|p2a: Torkoal|5/100
|move|p2a: Torkoal|Stealth Rock|p1a: Alomomola
|-sidestart|p1: l 3asses|move: Stealth Rock
|
|-weather|SunnyDay|[upkeep]
|upkeep
|turn|12
|
|t:|1760359612
|switch|p2a: Walking Wake|Walking Wake|4/100
|-activate|p2a: Walking Wake|ability: Protosynthesis
|-start|p2a: Walking Wake|protosynthesisspa
|move|p1a: Alomomola|Wish|p1a: Alomomola
|
|-weather|SunnyDay|[upkeep]
|upkeep
|turn|13
|
|t:|1760359621
|move|p2a: Walking Wake|Hydro Steam|p1a: Alomomola
|-resisted|p1a: Alomomola
|-damage|p1a: Alomomola|66/100
|move|p1a: Alomomola|Mirror Coat|p2a: Walking Wake
|-damage|p2a: Walking Wake|0 fnt
|faint|p2a: Walking Wake
|-end|p2a: Walking Wake|Protosynthesis|[silent]
|
|-weather|SunnyDay|[upkeep]
|-heal|p1a: Alomomola|100/100|[from] move: Wish|[wisher] Alomomola
|upkeep
|
|t:|1760359634
|switch|p2a: Lilligant|Lilligant-Hisui, F|100/100
|turn|14
|
|t:|1760359643
|move|p2a: Lilligant|Victory Dance|p2a: Lilligant
|-boost|p2a: Lilligant|atk|1
|-boost|p2a: Lilligant|def|1
|-boost|p2a: Lilligant|spe|1
|move|p1a: Alomomola|Flip Turn|p2a: Lilligant
|-resisted|p2a: Lilligant
|-damage|p2a: Lilligant|97/100
|
|t:|1760359654
|switch|p1a: Kingambit|Kingambit, M|100/100|[from] Flip Turn
|-damage|p1a: Kingambit|94/100|[from] Stealth Rock
|-activate|p1a: Kingambit|ability: Supreme Overlord
|-start|p1a: Kingambit|fallen3|[silent]
|
|-weather|SunnyDay|[upkeep]
|upkeep
|turn|15
|
|t:|1760359662
|-end|p1a: Kingambit|fallen3|[silent]
|switch|p1a: Alomomola|Alomomola, F|100/100
|-damage|p1a: Alomomola|88/100|[from] Stealth Rock
|move|p2a: Lilligant|Close Combat|p1a: Alomomola
|-damage|p1a: Alomomola|35/100
|-unboost|p2a: Lilligant|def|1
|-unboost|p2a: Lilligant|spd|1
|-damage|p2a: Lilligant|81/100|[from] item: Rocky Helmet|[of] p1a: Alomomola
|
|-weather|SunnyDay|[upkeep]
|upkeep
|turn|16
|
|t:|1760359679
|move|p2a: Lilligant|Close Combat|p1a: Alomomola
|-damage|p1a: Alomomola|0 fnt
|-unboost|p2a: Lilligant|def|1
|-unboost|p2a: Lilligant|spd|1
|-damage|p2a: Lilligant|65/100|[from] item: Rocky Helmet|[of] p1a: Alomomola
|faint|p1a: Alomomola
|
|-weather|none
|upkeep
|
|t:|1760359681
|switch|p1a: Enamorus|Enamorus, F|100/100
|-damage|p1a: Enamorus|76/100|[from] Stealth Rock
|turn|17
|
|t:|1760359702
|switch|p2a: Torkoal|Torkoal, M|5/100
|-weather|SunnyDay|[from] ability: Drought|[of] p2a: Torkoal
|-terastallize|p1a: Enamorus|Stellar
|move|p1a: Enamorus|Tera Blast|p2a: Torkoal|[anim] Tera Blast Stellar
|-damage|p2a: Torkoal|0 fnt
|-boost|p1a: Enamorus|atk|1
|-boost|p1a: Enamorus|spa|1
|faint|p2a: Torkoal
|
|-weather|SunnyDay|[upkeep]
|upkeep
|
|t:|1760359716
|switch|p2a: Lilligant|Lilligant-Hisui, F|65/100
|turn|18
|
|t:|1760359718
|move|p2a: Lilligant|Triple Axel|p1a: Enamorus
|-supereffective|p1a: Enamorus
|-damage|p1a: Enamorus|51/100
|-supereffective|p1a: Enamorus
|-damage|p1a: Enamorus|5/100
|-supereffective|p1a: Enamorus
|-damage|p1a: Enamorus|0 fnt
|faint|p1a: Enamorus
|-hitcount|p1: Enamorus|3
|
|-weather|SunnyDay|[upkeep]
|upkeep
|
|t:|1760359726
|switch|p1a: Kingambit|Kingambit, M|94/100
|-damage|p1a: Kingambit|88/100|[from] Stealth Rock
|-activate|p1a: Kingambit|ability: Supreme Overlord
|-start|p1a: Kingambit|fallen5|[silent]
|turn|19
|
|t:|1760359736
|move|p2a: Lilligant|Close Combat|p1a: Kingambit
|-supereffective|p1a: Kingambit
|-damage|p1a: Kingambit|0 fnt
|-unboost|p2a: Lilligant|def|1
|-unboost|p2a: Lilligant|spd|1
|faint|p1a: Kingambit
|-end|p1a: Kingambit|fallen5|[silent]
|
|win|schLIM2
|raw|l 3asses's rating: 1450 &rarr; <strong>1431</strong><br />(-19 for losing)
|raw|schLIM2's rating: 1472 &rarr; <strong>1491</strong><br />(+19 for winning)
|l|☆l 3asses
|player|p1|
|l|☆schLIM2
|player|p2|
