|j|☆andrewm0n
|j|☆UltraGodGreninja
|t:|1760416325
|gametype|singles
|player|p1|andrewm0n|swimmerf|1424
|player|p2|UltraGodGreninja|skyla|1405
|gen|9
|tier|[Gen 9] OU
|rated|
|rule|HP Percentage Mod: HP is shown in percentages
|rule|Endless Battle Clause: Forcing endless battles is banned
|rule|Species Clause: Limit one of each Pokémon
|rule|OHKO Clause: OHKO moves are banned
|rule|Evasion Items Clause: Evasion items are banned
|rule|Evasion Moves Clause: Evasion moves are banned
|rule|Evasion Abilities Clause: Evasion abilities are banned
|rule|Sleep Moves Clause: Sleep-inducing moves are banned
|clearpoke
|poke|p1|Skeledirge, M|
|poke|p1|Glimmora, F|
|poke|p1|Alomomola, F|
|poke|p1|Ursaluna, M|
|poke|p1|Kommo-o, F|
|poke|p1|Rillaboom, M|
|poke|p2|Greninja-*, M|
|poke|p2|Moltres|
|poke|p2|Great Tusk|
|poke|p2|Hatterene, F|
|poke|p2|Scizor, F|
|poke|p2|Pecharunt|
|teampreview
|inactive|Battle timer is ON: inactive players will automatically lose when time's up. (requested by UltraGodGreninja)
|inactive|andrewm0n has 120 seconds left.
|inactive|andrewm0n has 90 seconds left.
|
|t:|1760416419
|teamsize|p1|6
|teamsize|p2|6
|start
|switch|p1a: Glimmora|Glimmora, F, shiny|100/100
|switch|p2a: Greninja|Greninja, M|100/100
|turn|1
|
|t:|1760416425
|switch|p1a: Alomomola|Alomomola, F, shiny|100/100
|move|p2a: Greninja|Surf|p1a: Alomomola
|-start|p2a: Greninja|typechange|Water|[from] ability: Protean
|-resisted|p1a: Alomomola
|-damage|p1a: Alomomola|78/100
|
|upkeep
|turn|2
|
|t:|1760416435
|switch|p2a: Pecharunt|Pecharunt|100/100
|move|p1a: Alomomola|Flip Turn|p2a: Pecharunt
|-damage|p2a: Pecharunt|93/100
|
|t:|1760416438
|switch|p1a: Ursaluna|Ursaluna, M, shiny|100/100|[from] Flip Turn
|
|-status|p1a: Ursaluna|brn|[from] item: Flame Orb
|upkeep
|turn|3
|
|t:|1760416444
|move|p2a: Pecharunt|Parting Shot|p1a: Ursaluna
|-unboost|p1a: Ursaluna|atk|1
|-unboost|p1a: Ursaluna|spa|1
|inactive|UltraGodGreninja has 120 seconds left.
|
|t:|1760416492
|switch|p2a: Moltres|Moltres|100/100|[from] Parting Shot
|move|p1a: Ursaluna|Trailblaze|p2a: Moltres
|-resisted|p2a: Moltres
|-damage|p2a: Moltres|97/100
|-boost|p1a: Ursaluna|spe|1
|
|-damage|p1a: Ursaluna|94/100 brn|[from] brn
|upkeep
|turn|4
|
|t:|1760416496
|move|p1a: Ursaluna|Swords Dance|p1a: Ursaluna
|-boost|p1a: Ursaluna|atk|2
|move|p2a: Moltres|Flamethrower|p1a: Ursaluna
|-damage|p1a: Ursaluna|54/100 brn
|
|-damage|p1a: Ursaluna|47/100 brn|[from] brn
|upkeep
|turn|5
|
|t:|1760416504
|move|p1a: Ursaluna|Facade|p2a: Moltres
|-damage|p2a: Moltres|0 fnt
|faint|p2a: Moltres
|
|-damage|p1a: Ursaluna|41/100 brn|[from] brn
|upkeep
|
|t:|1760416508
|switch|p2a: Greninja|Greninja, M|100/100
|turn|6
|
|t:|1760416514
|switch|p1a: Alomomola|Alomomola, F, shiny|100/100
|move|p2a: Greninja|Ice Beam|p1a: Alomomola
|-start|p2a: Greninja|typechange|Ice|[from] ability: Protean
|-resisted|p1a: Alomomola
|-damage|p1a: Alomomola|77/100
|-status|p1a: Alomomola|frz
|
|upkeep
|turn|7
|
|t:|1760416517
|switch|p2a: Pecharunt|Pecharunt|93/100
|cant|p1a: Alomomola|frz
|
|upkeep
|turn|8
|
|t:|1760416527
|switch|p1a: Ursaluna|Ursaluna, M, shiny|41/100 brn
|move|p2a: Pecharunt|Parting Shot|p1a: Ursaluna
|-unboost|p1a: Ursaluna|atk|1
|-unboost|p1a: Ursaluna|spa|1
|
|t:|1760416531
|switch|p2a: Scizor|Scizor, F|100/100|[from] Parting Shot
|
|-damage|p1a: Ursaluna|35/100 brn|[from] brn
|upkeep
|turn|9
|
|t:|1760416534
|switch|p1a: Skeledirge|Skeledirge, M, shiny|100/100
|move|p2a: Scizor|Knock Off|p1a: Skeledirge
|-supereffective|p1a: Skeledirge
|-damage|p1a: Skeledirge|24/100
|-enditem|p1a: Skeledirge|Heavy-Duty Boots|[from] move: Knock Off|[of] p2a: Scizor
|
|upkeep
|turn|10
|
|t:|1760416546
|switch|p2a: Greninja|Greninja, M|100/100
|move|p1a: Skeledirge|Torch Song|p2a: Greninja
|-resisted|p2a: Greninja
|-damage|p2a: Greninja|77/100
|-boost|p1a: Skeledirge|spa|1
|
|upkeep
|turn|11
|
|t:|1760416551
|switch|p1a: Alomomola|Alomomola, F, shiny|100/100 frz
|move|p2a: Greninja|Grass Knot|p1a: Alomomola
|-start|p2a: Greninja|typechange|Grass|[from] ability: Protean
|-supereffective|p1a: Alomomola
|-damage|p1a: Alomomola|39/100 frz
|
|upkeep
|turn|12
|
|t:|1760416569
|switch|p1a: Kommo-o|Kommo-o, F, shiny|100/100
|move|p2a: Greninja|Grass Knot|p1a: Kommo-o
|-resisted|p1a: Kommo-o
|-damage|p1a: Kommo-o|69/100
|
|-heal|p1a: Kommo-o|75/100|[from] item: Leftovers
|upkeep
|turn|13
|
|t:|1760416578
|switch|p2a: Hatterene|Hatterene, F|100/100
|move|p1a: Kommo-o|Flamethrower|p2a: Hatterene
|-damage|p2a: Hatterene|83/100
|
|-heal|p1a: Kommo-o|81/100|[from] item: Leftovers
|upkeep
|turn|14
|
|t:|1760416582
|switch|p1a: Rillaboom|Rillaboom, M, shiny|100/100
|-fieldstart|move: Grassy Terrain|[from] ability: Grassy Surge|[of] p1a: Rillaboom
|move|p2a: Hatterene|Psychic Noise|p1a: Rillaboom
|-damage|p1a: Rillaboom|46/100
|-start|p1a: Rillaboom|move: Heal Block
|
|-heal|p2a: Hatterene|89/100|[from] Grassy Terrain
|upkeep
|turn|15
|
|t:|1760416585
|switch|p2a: Pecharunt|Pecharunt|93/100
|move|p1a: Rillaboom|Knock Off|p2a: Pecharunt
|-supereffective|p2a: Pecharunt
|-damage|p2a: Pecharunt|64/100
|-enditem|p2a: Pecharunt|Heavy-Duty Boots|[from] move: Knock Off|[of] p1a: Rillaboom
|
|-heal|p2a: Pecharunt|70/100|[from] Grassy Terrain
|-end|p1a: Rillaboom|move: Heal Block
|upkeep
|turn|16
|
|t:|1760416594
|switch|p1a: Glimmora|Glimmora, F, shiny|100/100
|move|p2a: Pecharunt|Parting Shot|p1a: Glimmora
|-unboost|p1a: Glimmora|atk|1
|-unboost|p1a: Glimmora|spa|1
|
|t:|1760416598
|switch|p2a: Greninja|Greninja, M|77/100|[from] Parting Shot
|
|-heal|p2a: Greninja|83/100|[from] Grassy Terrain
|upkeep
|turn|17
|
|t:|1760416607
|switch|p1a: Alomomola|Alomomola, F, shiny|72/100 frz
|move|p2a: Greninja|Surf|p1a: Alomomola
|-start|p2a: Greninja|typechange|Water|[from] ability: Protean
|-resisted|p1a: Alomomola
|-damage|p1a: Alomomola|51/100 frz
|
|-heal|p2a: Greninja|89/100|[from] Grassy Terrain
|-heal|p1a: Alomomola|57/100 frz|[from] Grassy Terrain
|upkeep
|turn|18
|
|t:|1760416613
|switch|p2a: Scizor|Scizor, F|100/100
|cant|p1a: Alomomola|frz
|
|-heal|p1a: Alomomola|63/100 frz|[from] Grassy Terrain
|upkeep
|turn|19
|
|t:|1760416618
|move|p2a: Scizor|Knock Off|p1a: Alomomola
|-damage|p1a: Alomomola|20/100 frz
|-enditem|p1a: Alomomola|Heavy-Duty Boots|[from] move: Knock Off|[of] p2a: Scizor
|cant|p1a: Alomomola|frz
|
|-heal|p1a: Alomomola|26/100 frz|[from] Grassy Terrain
|upkeep
|turn|20
|
|t:|1760416623
|switch|p2a: Greninja|Greninja, M|89/100
|cant|p1a: Alomomola|frz
|
|-heal|p2a: Greninja|95/100|[from] Grassy Terrain
|-heal|p1a: Alomomola|32/100 frz|[from] Grassy Terrain
|upkeep
|turn|21
|
|t:|1760416628
|move|p2a: Greninja|Grass Knot|p1a: Alomomola
|-start|p2a: Greninja|typechange|Grass|[from] ability: Protean
|-supereffective|p1a: Alomomola
|-damage|p1a: Alomomola|0 fnt
|faint|p1a: Alomomola
|
|-heal|p2a: Greninja|100/100|[from] Grassy Terrain
|-fieldend|move: Grassy Terrain
|upkeep
|
|t:|1760416631
|switch|p1a: Kommo-o|Kommo-o, F, shiny|81/100
|turn|22
|
|t:|1760416638
|switch|p2a: Hatterene|Hatterene, F|89/100
|move|p1a: Kommo-o|Clangorous Soul|p1a: Kommo-o
|-boost|p1a: Kommo-o|atk|1
|-boost|p1a: Kommo-o|def|1
|-boost|p1a: Kommo-o|spa|1
|-boost|p1a: Kommo-o|spd|1
|-boost|p1a: Kommo-o|spe|1
|-damage|p1a: Kommo-o|48/100
|
|-heal|p1a: Kommo-o|54/100|[from] item: Leftovers
|upkeep
|turn|23
|
|t:|1760416649
|switch|p1a: Ursaluna|Ursaluna, M, shiny|35/100 brn
|move|p2a: Hatterene|Psychic Noise|p1a: Ursaluna
|-damage|p1a: Ursaluna|0 fnt
|faint|p1a: Ursaluna
|
|upkeep
|
|t:|1760416656
|switch|p1a: Skeledirge|Skeledirge, M, shiny|24/100
|turn|24
|
|t:|1760416676
|switch|p2a: Greninja|Greninja, M|100/100
|move|p1a: Skeledirge|Hex|p2a: Greninja
|-resisted|p2a: Greninja
|-crit|p2a: Greninja
|-damage|p2a: Greninja|74/100
|
|upkeep
|turn|25
|
|t:|1760416680
|switch|p1a: Rillaboom|Rillaboom, M, shiny|46/100
|-fieldstart|move: Grassy Terrain|[from] ability: Grassy Surge|[of] p1a: Rillaboom
|move|p2a: Greninja|Surf|p1a: Rillaboom
|-start|p2a: Greninja|typechange|Water|[from] ability: Protean
|-resisted|p1a: Rillaboom
|-damage|p1a: Rillaboom|3/100
|
|-heal|p2a: Greninja|80/100|[from] Grassy Terrain
|-heal|p1a: Rillaboom|9/100|[from] Grassy Terrain
|upkeep
|turn|26
|
|t:|1760416692
|switch|p2a: Pecharunt|Pecharunt|70/100
|switch|p1a: Glimmora|Glimmora, F, shiny|100/100
|
|-heal|p2a: Pecharunt|76/100|[from] Grassy Terrain
|upkeep
|turn|27
|
|t:|1760416702
|move|p1a: Glimmora|Earth Power|p2a: Pecharunt
|-supereffective|p2a: Pecharunt
|-damage|p2a: Pecharunt|15/100
|move|p2a: Pecharunt|Parting Shot|p1a: Glimmora
|-unboost|p1a: Glimmora|atk|1
|-unboost|p1a: Glimmora|spa|1
|
|t:|1760416705
|switch|p2a: Greninja|Greninja, M|80/100|[from] Parting Shot
|
|-heal|p2a: Greninja|86/100|[from] Grassy Terrain
|upkeep
|turn|28
|
|t:|1760416708
|switch|p1a: Rillaboom|Rillaboom, M, shiny|9/100
|move|p2a: Greninja|Surf|p1a: Rillaboom
|-start|p2a: Greninja|typechange|Water|[from] ability: Protean
|-resisted|p1a: Rillaboom
|-damage|p1a: Rillaboom|0 fnt
|faint|p1a: Rillaboom
|
|-heal|p2a: Greninja|92/100|[from] Grassy Terrain
|upkeep
|
|t:|1760416710
|switch|p1a: Kommo-o|Kommo-o, F, shiny|54/100
|turn|29
|
|t:|1760416730
|switch|p2a: Hatterene|Hatterene, F|89/100
|move|p1a: Kommo-o|Clangorous Soul|p1a: Kommo-o
|-boost|p1a: Kommo-o|atk|1
|-boost|p1a: Kommo-o|def|1
|-boost|p1a: Kommo-o|spa|1
|-boost|p1a: Kommo-o|spd|1
|-boost|p1a: Kommo-o|spe|1
|-damage|p1a: Kommo-o|22/100
|
|-heal|p1a: Kommo-o|28/100|[from] Grassy Terrain
|-heal|p1a: Kommo-o|34/100|[from] item: Leftovers
|-heal|p2a: Hatterene|95/100|[from] Grassy Terrain
|upkeep
|turn|30
|
|t:|1760416739
|-terastallize|p1a: Kommo-o|Fire
|move|p1a: Kommo-o|Flamethrower|p2a: Hatterene
|-damage|p2a: Hatterene|53/100
|move|p2a: Hatterene|Psychic Noise|p1a: Kommo-o
|-crit|p1a: Kommo-o
|-damage|p1a: Kommo-o|0 fnt
|faint|p1a: Kommo-o
|
|-heal|p2a: Hatterene|59/100|[from] Grassy Terrain
|upkeep
|-message|andrewm0n forfeited.
|
|win|UltraGodGreninja
|raw|andrewm0n's rating: 1424 &rarr; <strong>1404</strong><br />(-20 for losing)
|raw|UltraGodGreninja's rating: 1426 &rarr; <strong>1446</strong><br />(+20 for winning)
|l|☆andrewm0n
|player|p1|
|l|☆UltraGodGreninja
|player|p2|
