|j|☆megakips228
|j|☆itstheboyjay
|t:|1760325928
|gametype|singles
|player|p1|megakips228|doubleteam|1115
|player|p2|itstheboyjay|169|1135
|gen|9
|tier|[Gen 9] OU
|rated|
|rule|HP Percentage Mod: HP is shown in percentages
|rule|Endless Battle Clause: Forcing endless battles is banned
|rule|Species Clause: Limit one of each Pokémon
|rule|OHKO Clause: OHKO moves are banned
|rule|Evasion Items Clause: Evasion items are banned
|rule|Evasion Moves Clause: Evasion moves are banned
|rule|Evasion Abilities Clause: Evasion abilities are banned
|rule|Sleep Moves Clause: Sleep-inducing moves are banned
|clearpoke
|poke|p1|Pecharunt|
|poke|p1|Gliscor, M|
|poke|p1|Garchomp, M|
|poke|p1|Enamorus, F|
|poke|p1|Alomomola, F|
|poke|p1|Glimmora, M|
|poke|p2|Glaceon, F|
|poke|p2|Gallade, M|
|poke|p2|Dusknoir, M|
|poke|p2|Porygon-Z|
|poke|p2|Magnezone|
|poke|p2|Rhyperior, M|
|teampreview
|
|t:|1760325938
|teamsize|p1|6
|teamsize|p2|6
|start
|switch|p1a: Gliscor|Gliscor, M|100/100
|switch|p2a: Porygon-Z|Porygon-Z, shiny|100/100
|turn|1
|inactive|Battle timer is ON: inactive players will automatically lose when time's up. (requested by itstheboyjay)
|
|t:|1760325950
|-terastallize|p2a: Porygon-Z|Ghost
|move|p2a: Porygon-Z|Shadow Ball|p1a: Gliscor
|-damage|p1a: Gliscor|0 fnt
|faint|p1a: Gliscor
|
|upkeep
|
|t:|1760325959
|switch|p1a: Alomomola|Alomomola, F, shiny|100/100
|turn|2
|
|t:|1760325962
|move|p2a: Porygon-Z|Shadow Ball|p1a: Alomomola
|-damage|p1a: Alomomola|61/100
|move|p1a: Alomomola|Mirror Coat|p2a: Porygon-Z
|-damage|p2a: Porygon-Z|0 fnt
|faint|p2a: Porygon-Z
|
|upkeep
|c|☆itstheboyjay|wh
|c|☆itstheboyjay|why did i do nothing to that
|c|☆itstheboyjay|adaptability specs?
|inactive|itstheboyjay has 120 seconds left.
|c|☆itstheboyjay|unless thats assult vest
|c|☆itstheboyjay|but ismt mirroc coat a support move
|c|☆megakips228|yes vest mirror coat
|
|t:|1760326014
|switch|p2a: Dusknoir|Dusknoir, M, shiny|100/100
|-item|p1a: Alomomola|Assault Vest|[from] ability: Frisk|[of] p2a: Dusknoir
|turn|3
|
|t:|1760326024
|switch|p1a: Glimmora|Glimmora, M, shiny|100/100
|move|p2a: Dusknoir|Trick|p1a: Glimmora
|-activate|p2a: Dusknoir|move: Trick|[of] p1a: Glimmora
|-item|p1a: Glimmora|Sticky Barb|[from] move: Trick
|-item|p2a: Dusknoir|Red Card|[from] move: Trick
|
|-damage|p1a: Glimmora|88/100|[from] item: Sticky Barb
|upkeep
|turn|4
|c|☆itstheboyjay|interesting
|
|t:|1760326036
|switch|p2a: Glaceon|Glaceon, F, shiny|100/100
|move|p1a: Glimmora|Stealth Rock|p2a: Glaceon
|-sidestart|p2: itstheboyjay|move: Stealth Rock
|
|-damage|p1a: Glimmora|76/100|[from] item: Sticky Barb
|upkeep
|turn|5
|
|t:|1760326042
|move|p2a: Glaceon|Ice Beam|p1a: Glimmora
|-damage|p1a: Glimmora|9/100
|move|p1a: Glimmora|Mortal Spin|p2a: Glaceon
|-damage|p2a: Glaceon|93/100
|-status|p2a: Glaceon|psn
|
|-damage|p2a: Glaceon|81/100 psn|[from] psn
|-damage|p1a: Glimmora|0 fnt|[from] item: Sticky Barb
|faint|p1a: Glimmora
|upkeep
|
|t:|1760326056
|switch|p1a: Alomomola|Alomomola, F, shiny|94/100
|turn|6
|
|t:|1760326061
|switch|p2a: Magnezone|Magnezone, shiny|100/100
|-damage|p2a: Magnezone|94/100|[from] Stealth Rock
|move|p1a: Alomomola|Play Rough|p2a: Magnezone
|-resisted|p2a: Magnezone
|-damage|p2a: Magnezone|89/100
|-damage|p1a: Alomomola|77/100|[from] item: Rocky Helmet|[of] p2a: Magnezone
|
|upkeep
|turn|7
|
|t:|1760326071
|switch|p1a: Garchomp|Garchomp, M, shiny|100/100
|move|p2a: Magnezone|Body Press|p1a: Garchomp
|-damage|p1a: Garchomp|62/100
|-damage|p2a: Magnezone|77/100|[from] ability: Rough Skin|[of] p1a: Garchomp
|
|upkeep
|turn|8
|
|t:|1760326087
|switch|p2a: Glaceon|Glaceon, F, shiny|81/100 psn
|-damage|p2a: Glaceon|57/100 psn|[from] Stealth Rock
|move|p1a: Garchomp|Swords Dance|p1a: Garchomp
|-boost|p1a: Garchomp|atk|2
|
|-damage|p2a: Glaceon|44/100 psn|[from] psn
|upkeep
|turn|9
|
|t:|1760326095
|-terastallize|p1a: Garchomp|Electric
|move|p2a: Glaceon|Ice Beam|p1a: Garchomp
|-damage|p1a: Garchomp|7/100
|move|p1a: Garchomp|Swords Dance|p1a: Garchomp
|-boost|p1a: Garchomp|atk|2
|
|-damage|p2a: Glaceon|32/100 psn|[from] psn
|upkeep
|turn|10
|
|t:|1760326103
|move|p2a: Glaceon|Ice Beam|p1a: Garchomp
|-damage|p1a: Garchomp|0 fnt
|faint|p1a: Garchomp
|
|-damage|p2a: Glaceon|20/100 psn|[from] psn
|upkeep
|
|t:|1760326125
|switch|p1a: Pecharunt|Pecharunt|100/100
|turn|11
|
|t:|1760326137
|move|p2a: Glaceon|Ice Beam|p1a: Pecharunt
|-damage|p1a: Pecharunt|54/100
|move|p1a: Pecharunt|Parting Shot|p2a: Glaceon
|-unboost|p2a: Glaceon|atk|1
|-unboost|p2a: Glaceon|spa|1
|
|t:|1760326139
|switch|p1a: Enamorus|Enamorus, F|100/100|[from] Parting Shot
|
|-damage|p2a: Glaceon|8/100 psn|[from] psn
|upkeep
|turn|12
|
|t:|1760326148
|move|p2a: Glaceon|Ice Beam|p1a: Enamorus
|-supereffective|p1a: Enamorus
|-damage|p1a: Enamorus|18/100
|-status|p1a: Enamorus|frz
|cant|p1a: Enamorus|frz
|
|-heal|p1a: Enamorus|24/100 frz|[from] item: Leftovers
|-damage|p2a: Glaceon|0 fnt|[from] psn
|faint|p2a: Glaceon
|upkeep
|-message|megakips228 forfeited.
|
|win|itstheboyjay
|raw|megakips228's rating: 1115 &rarr; <strong>1091</strong><br />(-24 for losing)
|raw|itstheboyjay's rating: 1135 &rarr; <strong>1159</strong><br />(+24 for winning)
|l|☆megakips228
|player|p1|
|l|☆itstheboyjay
|player|p2|
