|j|☆lousiv
|j|☆iannoyppl
|t:|1760337968
|gametype|singles
|player|p1|lousiv|guitarist|1114
|player|p2|iannoyppl|101|1136
|gen|9
|tier|[Gen 9] OU
|rated|
|rule|HP Percentage Mod: HP is shown in percentages
|rule|Endless Battle Clause: Forcing endless battles is banned
|rule|Species Clause: Limit one of each Pokémon
|rule|OHKO Clause: OHKO moves are banned
|rule|Evasion Items Clause: Evasion items are banned
|rule|Evasion Moves Clause: Evasion moves are banned
|rule|Evasion Abilities Clause: Evasion abilities are banned
|rule|Sleep Moves Clause: Sleep-inducing moves are banned
|clearpoke
|poke|p1|Mandibuzz, F|
|poke|p1|Quagsire, F|
|poke|p1|Magnezone|
|poke|p1|Haxorus, M|
|poke|p1|Reuniclus, F|
|poke|p1|Milotic, F|
|poke|p2|Toxapex, M|
|poke|p2|Alomomola, M|
|poke|p2|Dondozo, F|
|poke|p2|Bastiodon, F|
|poke|p2|Glimmora, M|
|poke|p2|Deoxys-Defense|
|teampreview
|inactive|Battle timer is ON: inactive players will automatically lose when time's up. (requested by lousiv)
|
|t:|1760337980
|teamsize|p1|6
|teamsize|p2|6
|start
|switch|p1a: Quagsire|Quagsire, F|100/100
|switch|p2a: Glimmora|Glimmora, M|100/100
|turn|1
|
|t:|1760337988
|move|p2a: Glimmora|Stealth Rock|p1a: Quagsire
|-sidestart|p1: lousiv|move: Stealth Rock
|move|p1a: Quagsire|Earthquake|p2a: Glimmora
|-supereffective|p2a: Glimmora
|-enditem|p2a: Glimmora|Focus Sash
|-damage|p2a: Glimmora|1/100
|-activate|p2a: Glimmora|ability: Toxic Debris
|-sidestart|p1: lousiv|move: Toxic Spikes
|
|upkeep
|turn|2
|
|t:|1760337992
|move|p2a: Glimmora|Spikes|p1a: Quagsire
|-sidestart|p1: lousiv|Spikes
|move|p1a: Quagsire|Earthquake|p2a: Glimmora
|-supereffective|p2a: Glimmora
|-crit|p2a: Glimmora
|-damage|p2a: Glimmora|0 fnt
|-activate|p2a: Glimmora|ability: Toxic Debris
|-sidestart|p1: lousiv|move: Toxic Spikes
|faint|p2a: Glimmora
|
|upkeep
|
|t:|1760338013
|switch|p2a: Toxapex|Toxapex, M|100/100
|turn|3
|
|t:|1760338019
|switch|p1a: Magnezone|Magnezone|100/100
|-damage|p1a: Magnezone|94/100|[from] Stealth Rock
|-damage|p1a: Magnezone|82/100|[from] Spikes
|-terastallize|p2a: Toxapex|Flying
|move|p2a: Toxapex|Toxic|p1a: Magnezone
|-immune|p1a: Magnezone
|
|upkeep
|turn|4
|
|t:|1760338025
|move|p2a: Toxapex|Baneful Bunker|p2a: Toxapex
|-singleturn|p2a: Toxapex|move: Protect
|move|p1a: Magnezone|Volt Switch|p2a: Toxapex
|-activate|p2a: Toxapex|move: Protect
|
|upkeep
|turn|5
|
|t:|1760338036
|switch|p2a: Deoxys|Deoxys-Defense|100/100
|-ability|p2a: Deoxys|Pressure
|move|p1a: Magnezone|Volt Switch|p2a: Deoxys
|-damage|p2a: Deoxys|55/100
|
|t:|1760338039
|switch|p1a: Mandibuzz|Mandibuzz, F|100/100|[from] Volt Switch
|
|-heal|p2a: Deoxys|61/100|[from] item: Leftovers
|upkeep
|turn|6
|
|t:|1760338046
|move|p2a: Deoxys|Recover|p2a: Deoxys
|-heal|p2a: Deoxys|100/100
|move|p1a: Mandibuzz|Toxic|p2a: Deoxys
|-status|p2a: Deoxys|tox
|
|-damage|p2a: Deoxys|94/100 tox|[from] psn
|upkeep
|turn|7
|
|t:|1760338050
|move|p2a: Deoxys|Thunder Wave|p1a: Mandibuzz
|-status|p1a: Mandibuzz|par
|move|p1a: Mandibuzz|Foul Play|p2a: Deoxys
|-supereffective|p2a: Deoxys
|-damage|p2a: Deoxys|37/100 tox
|
|-heal|p2a: Deoxys|43/100 tox|[from] item: Leftovers
|-damage|p2a: Deoxys|31/100 tox|[from] psn
|upkeep
|turn|8
|
|t:|1760338054
|move|p2a: Deoxys|Recover|p2a: Deoxys
|-heal|p2a: Deoxys|81/100 tox
|cant|p1a: Mandibuzz|par
|
|-heal|p2a: Deoxys|87/100 tox|[from] item: Leftovers
|-damage|p2a: Deoxys|68/100 tox|[from] psn
|upkeep
|turn|9
|
|t:|1760338058
|move|p2a: Deoxys|Extreme Speed|p1a: Mandibuzz
|-damage|p1a: Mandibuzz|85/100 par
|move|p1a: Mandibuzz|Foul Play|p2a: Deoxys
|-supereffective|p2a: Deoxys
|-damage|p2a: Deoxys|11/100 tox
|
|-heal|p2a: Deoxys|17/100 tox|[from] item: Leftovers
|-damage|p2a: Deoxys|0 fnt|[from] psn
|faint|p2a: Deoxys
|upkeep
|
|t:|1760338071
|switch|p2a: Bastiodon|Bastiodon, F|100/100
|turn|10
|
|t:|1760338079
|move|p2a: Bastiodon|Protect|p2a: Bastiodon
|-singleturn|p2a: Bastiodon|Protect
|cant|p1a: Mandibuzz|par
|
|upkeep
|turn|11
|
|t:|1760338083
|move|p1a: Mandibuzz|U-turn|p2a: Bastiodon
|-resisted|p2a: Bastiodon
|-damage|p2a: Bastiodon|97/100
|
|t:|1760338086
|switch|p1a: Milotic|Milotic, F|100/100|[from] U-turn
|-damage|p1a: Milotic|88/100|[from] Stealth Rock
|-status|p1a: Milotic|tox
|-damage|p1a: Milotic|76/100 tox|[from] Spikes
|move|p2a: Bastiodon|Iron Defense|p2a: Bastiodon
|-boost|p2a: Bastiodon|def|2
|
|-heal|p1a: Milotic|82/100 tox|[from] item: Leftovers
|-heal|p2a: Bastiodon|100/100|[from] item: Leftovers
|-damage|p1a: Milotic|76/100 tox|[from] psn
|upkeep
|turn|12
|
|t:|1760338093
|move|p1a: Milotic|Scald|p2a: Bastiodon
|-supereffective|p2a: Bastiodon
|-damage|p2a: Bastiodon|54/100
|move|p2a: Bastiodon|Roar|p1a: Milotic
|drag|p1a: Haxorus|Haxorus, M|100/100
|-damage|p1a: Haxorus|88/100|[from] Stealth Rock
|-status|p1a: Haxorus|tox
|-damage|p1a: Haxorus|76/100 tox|[from] Spikes
|-ability|p1a: Haxorus|Mold Breaker
|
|-heal|p2a: Bastiodon|60/100|[from] item: Leftovers
|-damage|p1a: Haxorus|70/100 tox|[from] psn
|upkeep
|turn|13
|
|t:|1760338106
|move|p2a: Bastiodon|Protect|p2a: Bastiodon
|-singleturn|p2a: Bastiodon|Protect
|move|p1a: Haxorus|Earthquake|p2a: Bastiodon
|-activate|p2a: Bastiodon|move: Protect
|
|-heal|p2a: Bastiodon|67/100|[from] item: Leftovers
|-damage|p1a: Haxorus|57/100 tox|[from] psn
|upkeep
|turn|14
|
|t:|1760338126
|switch|p2a: Dondozo|Dondozo, F|100/100
|move|p1a: Haxorus|Earthquake|p2a: Dondozo
|-damage|p2a: Dondozo|77/100
|
|-heal|p2a: Dondozo|83/100|[from] item: Leftovers
|-damage|p1a: Haxorus|39/100 tox|[from] psn
|upkeep
|turn|15
|
|t:|1760338132
|switch|p1a: Magnezone|Magnezone|82/100
|-damage|p1a: Magnezone|76/100|[from] Stealth Rock
|-damage|p1a: Magnezone|63/100|[from] Spikes
|move|p2a: Dondozo|Curse|p2a: Dondozo
|-unboost|p2a: Dondozo|spe|1
|-boost|p2a: Dondozo|atk|1
|-boost|p2a: Dondozo|def|1
|
|-heal|p2a: Dondozo|89/100|[from] item: Leftovers
|upkeep
|turn|16
|
|t:|1760338147
|switch|p2a: Bastiodon|Bastiodon, F|67/100
|move|p1a: Magnezone|Volt Switch|p2a: Bastiodon
|-damage|p2a: Bastiodon|20/100
|
|t:|1760338149
|switch|p1a: Haxorus|Haxorus, M|39/100 tox|[from] Volt Switch
|-damage|p1a: Haxorus|27/100 tox|[from] Stealth Rock
|-damage|p1a: Haxorus|14/100 tox|[from] Spikes
|-ability|p1a: Haxorus|Mold Breaker
|
|-heal|p2a: Bastiodon|26/100|[from] item: Leftovers
|-damage|p1a: Haxorus|8/100 tox|[from] psn
|upkeep
|turn|17
|
|t:|1760338152
|move|p2a: Bastiodon|Protect|p2a: Bastiodon
|-singleturn|p2a: Bastiodon|Protect
|move|p1a: Haxorus|First Impression|p2a: Bastiodon
|-activate|p2a: Bastiodon|move: Protect
|
|-heal|p2a: Bastiodon|32/100|[from] item: Leftovers
|-damage|p1a: Haxorus|0 fnt|[from] psn
|faint|p1a: Haxorus
|upkeep
|
|t:|1760338155
|switch|p1a: Milotic|Milotic, F|76/100 tox
|-damage|p1a: Milotic|63/100 tox|[from] Stealth Rock
|-damage|p1a: Milotic|51/100 tox|[from] Spikes
|turn|18
|
|t:|1760338162
|switch|p2a: Dondozo|Dondozo, F|89/100
|move|p1a: Milotic|Flip Turn|p2a: Dondozo
|-resisted|p2a: Dondozo
|-damage|p2a: Dondozo|86/100
|
|t:|1760338165
|switch|p1a: Magnezone|Magnezone|63/100|[from] Flip Turn
|-damage|p1a: Magnezone|57/100|[from] Stealth Rock
|-damage|p1a: Magnezone|45/100|[from] Spikes
|
|-heal|p2a: Dondozo|92/100|[from] item: Leftovers
|upkeep
|turn|19
|
|t:|1760338182
|move|p1a: Magnezone|Thunderbolt|p2a: Dondozo
|-supereffective|p2a: Dondozo
|-damage|p2a: Dondozo|0 fnt
|faint|p2a: Dondozo
|
|upkeep
|inactive|iannoyppl has 120 seconds left.
|
|t:|1760338208
|switch|p2a: Alomomola|Alomomola, M|100/100
|turn|20
|inactive|iannoyppl has 120 seconds left.
|
|t:|1760338214
|move|p2a: Alomomola|Protect|p2a: Alomomola
|-singleturn|p2a: Alomomola|Protect
|move|p1a: Magnezone|Thunderbolt|p2a: Alomomola
|-activate|p2a: Alomomola|move: Protect
|
|upkeep
|turn|21
|inactive|iannoyppl has 120 seconds left.
|
|t:|1760338224
|switch|p2a: Bastiodon|Bastiodon, F|32/100
|move|p1a: Magnezone|Thunderbolt|p2a: Bastiodon
|-damage|p2a: Bastiodon|0 fnt
|faint|p2a: Bastiodon
|
|upkeep
|inactive|iannoyppl has 120 seconds left.
|-message|iannoyppl forfeited.
|
|win|lousiv
|raw|lousiv's rating: 1114 &rarr; <strong>1141</strong><br />(+27 for winning)
|raw|iannoyppl's rating: 1136 &rarr; <strong>1109</strong><br />(-27 for losing)
|l|☆iannoyppl
|player|p2|
|l|☆lousiv
|player|p1|
