|j|☆kalyeotcho
|j|☆Overgame00
|t:|1760446158
|gametype|singles
|player|p1|kalyeotcho|doctor|1410
|player|p2|Overgame00|baker|1345
|gen|9
|tier|[Gen 9] OU
|rated|
|rule|HP Percentage Mod: HP is shown in percentages
|rule|Endless Battle Clause: Forcing endless battles is banned
|rule|Species Clause: Limit one of each Pokémon
|rule|OHKO Clause: OHKO moves are banned
|rule|Evasion Items Clause: Evasion items are banned
|rule|Evasion Moves Clause: Evasion moves are banned
|rule|Evasion Abilities Clause: Evasion abilities are banned
|rule|Sleep Moves Clause: Sleep-inducing moves are banned
|clearpoke
|poke|p1|Mimikyu, M|
|poke|p1|Cresselia, F|
|poke|p1|Enamorus-Therian, F|
|poke|p1|Tyranitar, F|
|poke|p1|Kingambit, M|
|poke|p1|Necrozma|
|poke|p2|Revavroom, M|
|poke|p2|Enamorus, F|
|poke|p2|Cinderace, M|
|poke|p2|Ting-Lu|
|poke|p2|Ogerpon-Wellspring, F|
|poke|p2|Raging Bolt|
|teampreview
|
|t:|1760446205
|teamsize|p1|6
|teamsize|p2|6
|start
|switch|p1a: Grey|Mimikyu, M, shiny|100/100
|switch|p2a: Ogeporn|Ogerpon-Wellspring, F|100/100
|turn|1
|
|t:|1760446213
|move|p2a: Ogeporn|Ivy Cudgel|p1a: Grey|[anim] Ivy Cudgel Water
|-activate|p1a: Grey|ability: Disguise
|-damage|p1a: Grey|100/100
|detailschange|p1a: Grey|Mimikyu-Busted, M, shiny
|-damage|p1a: Grey|88/100|[from] pokemon: Mimikyu-Busted
|-enditem|p1a: Grey|Red Card|[of] p2a: Ogeporn
|drag|p2a: TURBOMOTORE|Revavroom, M|100/100
|move|p1a: Grey|Trick Room|p1a: Grey
|-fieldstart|move: Trick Room|[of] p1a: Grey
|
|upkeep
|turn|2
|inactive|Battle timer is ON: inactive players will automatically lose when time's up. (requested by kalyeotcho)
|
|t:|1760446223
|move|p1a: Grey|Curse|p2a: TURBOMOTORE
|-start|p2a: TURBOMOTORE|Curse|[of] p1a: Grey
|-damage|p1a: Grey|38/100
|move|p2a: TURBOMOTORE|Gunk Shot|p1a: Grey
|-damage|p1a: Grey|0 fnt
|faint|p1a: Grey
|
|-damage|p2a: TURBOMOTORE|76/100|[from] Curse
|upkeep
|inactive|kalyeotcho has 120 seconds left.
|
|t:|1760446266
|switch|p1a: Enamorus|Enamorus-Therian, F|100/100
|turn|3
|
|t:|1760446280
|switch|p2a: Bambi|Ting-Lu|100/100
|-ability|p2a: Bambi|Vessel of Ruin
|move|p1a: Enamorus|Earth Power|p2a: Bambi
|-damage|p2a: Bambi|83/100
|
|-heal|p2a: Bambi|90/100|[from] item: Leftovers
|upkeep
|turn|4
|
|t:|1760446286
|move|p1a: Enamorus|Moonblast|p2a: Bambi
|-supereffective|p2a: Bambi
|-damage|p2a: Bambi|32/100
|move|p2a: Bambi|Heavy Slam|p1a: Enamorus
|-supereffective|p1a: Enamorus
|-damage|p1a: Enamorus|47/100
|
|-heal|p2a: Bambi|38/100|[from] item: Leftovers
|upkeep
|turn|5
|
|t:|1760446298
|switch|p1a: Cresselia|Cresselia, F, shiny|100/100
|move|p2a: Bambi|Heavy Slam|p1a: Cresselia
|-damage|p1a: Cresselia|80/100
|
|-heal|p2a: Bambi|44/100|[from] item: Leftovers
|-fieldend|move: Trick Room
|upkeep
|turn|6
|
|t:|1760446305
|move|p1a: Cresselia|Reflect|p1a: Cresselia
|-sidestart|p1: kalyeotcho|Reflect
|move|p2a: Bambi|Ruination|p1a: Cresselia
|-damage|p1a: Cresselia|40/100
|
|-heal|p2a: Bambi|51/100|[from] item: Leftovers
|upkeep
|turn|7
|
|t:|1760446309
|switch|p2a: Napoli|Cinderace, M|100/100
|move|p1a: Cresselia|Light Screen|p1a: Cresselia
|-sidestart|p1: kalyeotcho|move: Light Screen
|
|upkeep
|turn|8
|
|t:|1760446316
|move|p2a: Napoli|Court Change|p2a: Napoli
|-start|p2a: Napoli|typechange|Normal|[from] ability: Libero
|-swapsideconditions
|-activate|p2a: Napoli|move: Court Change
|move|p1a: Cresselia|Trick Room|p1a: Cresselia
|-fieldstart|move: Trick Room|[of] p1a: Cresselia
|
|upkeep
|turn|9
|
|t:|1760446321
|move|p1a: Cresselia|Lunar Dance|p1a: Cresselia
|faint|p1a: Cresselia
|move|p2a: Napoli|U-turn|p1: Cresselia|[notarget]
|-fail|p2a: Napoli
|
|upkeep
|
|t:|1760446349
|switch|p1a: Amunet|Tyranitar, F, shiny|100/100
|-weather|Sandstorm|[from] ability: Sand Stream|[of] p1a: Amunet
|turn|10
|
|t:|1760446362
|move|p1a: Amunet|Knock Off|p2a: Napoli
|-damage|p2a: Napoli|56/100
|-enditem|p2a: Napoli|Heavy-Duty Boots|[from] move: Knock Off|[of] p1a: Amunet
|-damage|p1a: Amunet|91/100|[from] item: Life Orb
|move|p2a: Napoli|U-turn|p1a: Amunet
|-supereffective|p1a: Amunet
|-damage|p1a: Amunet|48/100
|
|t:|1760446379
|switch|p2a: Bambi|Ting-Lu|51/100|[from] U-turn
|-ability|p2a: Bambi|Vessel of Ruin
|
|-weather|Sandstorm|[upkeep]
|-heal|p2a: Bambi|57/100|[from] item: Leftovers
|upkeep
|turn|11
|
|t:|1760446387
|move|p2a: Bambi|Earthquake|p1a: Amunet
|-supereffective|p1a: Amunet
|-crit|p1a: Amunet
|-damage|p1a: Amunet|0 fnt
|faint|p1a: Amunet
|
|-weather|Sandstorm|[upkeep]
|-heal|p2a: Bambi|63/100|[from] item: Leftovers
|upkeep
|
|t:|1760446391
|switch|p1a: Jin|Kingambit, M, shiny|100/100
|-activate|p1a: Jin|ability: Supreme Overlord
|-start|p1a: Jin|fallen3|[silent]
|-item|p1a: Jin|Air Balloon
|turn|12
|
|t:|1760446397
|move|p1a: Jin|Swords Dance|p1a: Jin
|-boost|p1a: Jin|atk|2
|move|p2a: Bambi|Ruination|p1a: Jin
|-damage|p1a: Jin|50/100
|-enditem|p1a: Jin|Air Balloon
|
|-weather|Sandstorm|[upkeep]
|-heal|p2a: Bambi|69/100|[from] item: Leftovers
|-fieldend|move: Trick Room
|upkeep
|turn|13
|
|t:|1760446411
|-terastallize|p1a: Jin|Flying
|move|p1a: Jin|Swords Dance|p1a: Jin
|-boost|p1a: Jin|atk|2
|move|p2a: Bambi|Whirlwind|p1a: Jin
|-end|p1a: Jin|fallen3|[silent]
|drag|p1a: Necrozma|Necrozma|100/100
|
|-weather|Sandstorm|[upkeep]
|-damage|p1a: Necrozma|94/100|[from] Sandstorm
|-heal|p2a: Bambi|76/100|[from] item: Leftovers
|-sideend|p2: Overgame00|Reflect
|upkeep
|turn|14
|-message|kalyeotcho forfeited.
|
|win|Overgame00
|raw|kalyeotcho's rating: 1410 &rarr; <strong>1386</strong><br />(-24 for losing)
|raw|Overgame00's rating: 1345 &rarr; <strong>1369</strong><br />(+24 for winning)
|l|☆kalyeotcho
|player|p1|
|l|☆Overgame00
|player|p2|
