|j|☆OUMonster2341
|j|☆Lolgasm
|t:|1760360447
|gametype|singles
|player|p1|OUMonster2341|2|1269
|player|p2|Lolgasm|101|1295
|gen|9
|tier|[Gen 9] OU
|rated|
|rule|HP Percentage Mod: HP is shown in percentages
|rule|Endless Battle Clause: Forcing endless battles is banned
|rule|Species Clause: Limit one of each Pokémon
|rule|OHKO Clause: OHKO moves are banned
|rule|Evasion Items Clause: Evasion items are banned
|rule|Evasion Moves Clause: Evasion moves are banned
|rule|Evasion Abilities Clause: Evasion abilities are banned
|rule|Sleep Moves Clause: Sleep-inducing moves are banned
|clearpoke
|poke|p1|Raichu-Alola, M|
|poke|p1|Pincurchin, F|
|poke|p1|Weavile, M|
|poke|p1|Hawlucha, F|
|poke|p1|Raging Bolt|
|poke|p1|Great Tusk|
|poke|p2|Ninetales, M|
|poke|p2|Walking Wake|
|poke|p2|Hatterene, F|
|poke|p2|Great Tusk|
|poke|p2|Iron Valiant|
|poke|p2|Ceruledge, F|
|teampreview
|inactive|Battle timer is ON: inactive players will automatically lose when time's up. (requested by OUMonster2341)
|
|t:|1760360456
|teamsize|p1|6
|teamsize|p2|6
|start
|switch|p1a: Great Tusk|Great Tusk|100/100
|switch|p2a: Daydream|Ninetales, M, shiny|100/100
|-weather|SunnyDay|[from] ability: Drought|[of] p2a: Daydream
|-activate|p1a: Great Tusk|ability: Protosynthesis
|-start|p1a: Great Tusk|protosynthesisspe
|turn|1
|
|t:|1760360469
|switch|p2a: Duko|Hatterene, F, shiny|100/100
|move|p1a: Great Tusk|Headlong Rush|p2a: Duko
|-damage|p2a: Duko|61/100
|-unboost|p1a: Great Tusk|def|1
|-unboost|p1a: Great Tusk|spd|1
|-enditem|p2a: Duko|Eject Button
|
|t:|1760360484
|switch|p2a: Mr. Banana|Walking Wake|100/100
|-activate|p2a: Mr. Banana|ability: Protosynthesis
|-start|p2a: Mr. Banana|protosynthesisspe
|
|-weather|SunnyDay|[upkeep]
|upkeep
|turn|2
|
|t:|1760360491
|move|p2a: Mr. Banana|Hydro Steam|p1a: Great Tusk
|-supereffective|p1a: Great Tusk
|-damage|p1a: Great Tusk|0 fnt
|faint|p1a: Great Tusk
|-end|p1a: Great Tusk|Protosynthesis|[silent]
|
|-weather|SunnyDay|[upkeep]
|upkeep
|
|t:|1760360498
|switch|p1a: Raging Bolt|Raging Bolt|100/100
|-activate|p1a: Raging Bolt|ability: Protosynthesis
|-start|p1a: Raging Bolt|protosynthesisspa
|turn|3
|
|t:|1760360506
|-terastallize|p1a: Raging Bolt|Fairy
|move|p2a: Mr. Banana|Hydro Steam|p1a: Raging Bolt
|-damage|p1a: Raging Bolt|11/100
|move|p1a: Raging Bolt|Dragon Pulse|p2a: Mr. Banana
|-supereffective|p2a: Mr. Banana
|-damage|p2a: Mr. Banana|0 fnt
|faint|p2a: Mr. Banana
|-end|p2a: Mr. Banana|Protosynthesis|[silent]
|
|-weather|SunnyDay|[upkeep]
|upkeep
|inactive|Lolgasm has 120 seconds left.
|
|t:|1760360538
|switch|p2a: Luisin|Great Tusk|100/100
|-activate|p2a: Luisin|ability: Protosynthesis
|-start|p2a: Luisin|protosynthesisatk
|turn|4
|
|t:|1760360544
|move|p2a: Luisin|Rapid Spin|p1a: Raging Bolt
|-damage|p1a: Raging Bolt|0 fnt
|-boost|p2a: Luisin|spe|1
|faint|p1a: Raging Bolt
|-end|p1a: Raging Bolt|Protosynthesis|[silent]
|-damage|p2a: Luisin|91/100|[from] item: Life Orb
|
|-weather|SunnyDay|[upkeep]
|upkeep
|
|t:|1760360547
|switch|p1a: Pincurchin|Pincurchin, F|100/100
|-fieldstart|move: Electric Terrain|[from] ability: Electric Surge|[of] p1a: Pincurchin
|turn|5
|
|t:|1760360560
|move|p2a: Luisin|Close Combat|p1a: Pincurchin
|-damage|p1a: Pincurchin|13/100
|-unboost|p2a: Luisin|def|1
|-unboost|p2a: Luisin|spd|1
|-damage|p2a: Luisin|81/100|[from] item: Life Orb
|move|p1a: Pincurchin|Toxic Spikes|p2a: Luisin
|-sidestart|p2: Lolgasm|move: Toxic Spikes
|
|-weather|SunnyDay|[upkeep]
|upkeep
|turn|6
|
|t:|1760360567
|move|p2a: Luisin|Rapid Spin|p1a: Pincurchin
|-damage|p1a: Pincurchin|0 fnt
|-boost|p2a: Luisin|spe|1
|-sideend|p2: Lolgasm|Toxic Spikes|[from] move: Rapid Spin|[of] p2a: Luisin
|faint|p1a: Pincurchin
|-damage|p2a: Luisin|71/100|[from] item: Life Orb
|
|-weather|SunnyDay|[upkeep]
|upkeep
|
|t:|1760360569
|switch|p1a: Hawlucha|Hawlucha, F|100/100
|-enditem|p1a: Hawlucha|Electric Seed
|-boost|p1a: Hawlucha|def|1|[from] item: Electric Seed
|turn|7
|
|t:|1760360586
|-terastallize|p2a: Luisin|Steel
|move|p1a: Hawlucha|Acrobatics|p2a: Luisin
|-resisted|p2a: Luisin
|-crit|p2a: Luisin
|-damage|p2a: Luisin|32/100
|move|p2a: Luisin|Ice Spinner|p1a: Hawlucha
|-supereffective|p1a: Hawlucha
|-damage|p1a: Hawlucha|13/100
|-fieldend|move: Electric Terrain
|-damage|p2a: Luisin|22/100|[from] item: Life Orb
|
|-weather|SunnyDay|[upkeep]
|upkeep
|turn|8
|
|t:|1760360610
|move|p1a: Hawlucha|Acrobatics|p2a: Luisin
|-resisted|p2a: Luisin
|-damage|p2a: Luisin|0 fnt
|faint|p2a: Luisin
|-end|p2a: Luisin|Protosynthesis|[silent]
|
|-weather|none
|upkeep
|
|t:|1760360617
|switch|p2a: Isla Vista|Iron Valiant, shiny|100/100
|-enditem|p2a: Isla Vista|Booster Energy
|-activate|p2a: Isla Vista|ability: Quark Drive|[fromitem]
|-start|p2a: Isla Vista|quarkdrivespe
|turn|9
|
|t:|1760360622
|move|p2a: Isla Vista|Vacuum Wave|p1a: Hawlucha
|-resisted|p1a: Hawlucha
|-damage|p1a: Hawlucha|0 fnt
|faint|p1a: Hawlucha
|
|upkeep
|
|t:|1760360635
|switch|p1a: Raichu|Raichu-Alola, M, shiny|100/100
|turn|10
|
|t:|1760360647
|move|p2a: Isla Vista|Moonblast|p1a: Raichu
|-damage|p1a: Raichu|27/100
|move|p1a: Raichu|Thunderbolt|p2a: Isla Vista
|-damage|p2a: Isla Vista|0 fnt
|faint|p2a: Isla Vista
|-end|p2a: Isla Vista|Quark Drive|[silent]
|
|upkeep
|
|t:|1760360658
|switch|p2a: Daydream|Ninetales, M, shiny|100/100
|-weather|SunnyDay|[from] ability: Drought|[of] p2a: Daydream
|turn|11
|
|t:|1760360661
|move|p2a: Daydream|Weather Ball|p1a: Raichu
|-damage|p1a: Raichu|0 fnt
|faint|p1a: Raichu
|
|-weather|SunnyDay|[upkeep]
|upkeep
|
|t:|1760360662
|switch|p1a: Weavile|Weavile, M, shiny|100/100
|-ability|p1a: Weavile|Pressure
|turn|12
|
|t:|1760360666
|move|p1a: Weavile|Knock Off|p2a: Daydream
|-damage|p2a: Daydream|4/100
|-enditem|p2a: Daydream|Heat Rock|[from] move: Knock Off|[of] p1a: Weavile
|move|p2a: Daydream|Weather Ball|p1a: Weavile
|-supereffective|p1a: Weavile
|-damage|p1a: Weavile|0 fnt
|faint|p1a: Weavile
|
|win|Lolgasm
|raw|OUMonster2341's rating: 1269 &rarr; <strong>1246</strong><br />(-23 for losing)
|raw|Lolgasm's rating: 1295 &rarr; <strong>1318</strong><br />(+23 for winning)
|l|☆OUMonster2341
|player|p1|
|l|☆Lolgasm
|player|p2|
