|j|☆1shy9
|j|☆dia90
|t:|1760382403
|gametype|singles
|player|p1|1shy9|acetrainerf-gen4|1694
|player|p2|dia90|1|1764
|gen|9
|tier|[Gen 9] OU
|rated|
|rule|HP Percentage Mod: HP is shown in percentages
|rule|Endless Battle Clause: Forcing endless battles is banned
|rule|Species Clause: Limit one of each Pokémon
|rule|OHKO Clause: OHKO moves are banned
|rule|Evasion Items Clause: Evasion items are banned
|rule|Evasion Moves Clause: Evasion moves are banned
|rule|Evasion Abilities Clause: Evasion abilities are banned
|rule|Sleep Moves Clause: Sleep-inducing moves are banned
|clearpoke
|poke|p1|Iron Moth|
|poke|p1|Gholdengo|
|poke|p1|Great Tusk|
|poke|p1|Zamazenta-*|
|poke|p1|Dragonite, F|
|poke|p1|Kyurem|
|poke|p2|Ursaluna, M|
|poke|p2|Raging Bolt|
|poke|p2|Cinderace, F|
|poke|p2|Pecharunt|
|poke|p2|Ogerpon, F|
|poke|p2|Scizor, M|
|teampreview
|inactive|Battle timer is ON: inactive players will automatically lose when time's up. (requested by 1shy9)
|
|t:|1760382421
|teamsize|p1|6
|teamsize|p2|6
|start
|switch|p1a: Great Tusk|Great Tusk|100/100
|switch|p2a: Scizor|Scizor, M|100/100
|turn|1
|
|t:|1760382427
|move|p1a: Great Tusk|Stealth Rock|p2a: Scizor
|-sidestart|p2: dia90|move: Stealth Rock
|move|p2a: Scizor|Knock Off|p1a: Great Tusk
|-resisted|p1a: Great Tusk
|-damage|p1a: Great Tusk|80/100
|-enditem|p1a: Great Tusk|Heavy-Duty Boots|[from] move: Knock Off|[of] p2a: Scizor
|
|upkeep
|turn|2
|
|t:|1760382434
|switch|p2a: Pecharunt|Pecharunt|100/100
|-damage|p2a: Pecharunt|88/100|[from] Stealth Rock
|move|p1a: Great Tusk|Rapid Spin|p2a: Pecharunt
|-immune|p2a: Pecharunt
|
|-heal|p2a: Pecharunt|94/100|[from] item: Leftovers
|upkeep
|turn|3
|
|t:|1760382442
|move|p1a: Great Tusk|Headlong Rush|p2a: Pecharunt
|-supereffective|p2a: Pecharunt
|-damage|p2a: Pecharunt|34/100
|-unboost|p1a: Great Tusk|def|1
|-unboost|p1a: Great Tusk|spd|1
|move|p2a: Pecharunt|Malignant Chain|p1a: Great Tusk
|-resisted|p1a: Great Tusk
|-damage|p1a: Great Tusk|43/100
|-status|p1a: Great Tusk|tox
|-start|p1a: Great Tusk|confusion|[from] ability: Poison Puppeteer|[of] p2a: Pecharunt
|
|-heal|p2a: Pecharunt|40/100|[from] item: Leftovers
|-damage|p1a: Great Tusk|37/100 tox|[from] psn
|upkeep
|turn|4
|
|t:|1760382456
|-activate|p1a: Great Tusk|confusion
|-damage|p1a: Great Tusk|22/100 tox|[from] confusion
|move|p2a: Pecharunt|Recover|p2a: Pecharunt
|-heal|p2a: Pecharunt|90/100
|
|-heal|p2a: Pecharunt|96/100|[from] item: Leftovers
|-damage|p1a: Great Tusk|10/100 tox|[from] psn
|upkeep
|turn|5
|
|t:|1760382464
|-end|p1a: Great Tusk|confusion
|move|p1a: Great Tusk|Headlong Rush|p2a: Pecharunt
|-supereffective|p2a: Pecharunt
|-damage|p2a: Pecharunt|39/100
|-unboost|p1a: Great Tusk|def|1
|-unboost|p1a: Great Tusk|spd|1
|move|p2a: Pecharunt|Recover|p2a: Pecharunt
|-heal|p2a: Pecharunt|89/100
|
|-heal|p2a: Pecharunt|95/100|[from] item: Leftovers
|-damage|p1a: Great Tusk|0 fnt|[from] psn
|faint|p1a: Great Tusk
|-end|p1a: Great Tusk|Protosynthesis|[silent]
|upkeep
|
|t:|1760382477
|switch|p1a: Gholdengo|Gholdengo|100/100
|turn|6
|
|t:|1760382482
|switch|p2a: Ursaluna|Ursaluna, M|100/100
|-damage|p2a: Ursaluna|94/100|[from] Stealth Rock
|move|p1a: Gholdengo|Make It Rain|p2a: Ursaluna
|-crit|p2a: Ursaluna
|-damage|p2a: Ursaluna|5/100
|-unboost|p1a: Gholdengo|spa|1
|
|upkeep
|turn|7
|
|t:|1760382496
|move|p1a: Gholdengo|Make It Rain|p2a: Ursaluna
|-damage|p2a: Ursaluna|0 fnt
|-unboost|p1a: Gholdengo|spa|1
|faint|p2a: Ursaluna
|
|upkeep
|
|t:|1760382502
|switch|p2a: Cinderace|Cinderace, F|100/100
|turn|8
|
|t:|1760382505
|switch|p1a: Iron Moth|Iron Moth|100/100
|-enditem|p1a: Iron Moth|Booster Energy
|-activate|p1a: Iron Moth|ability: Quark Drive|[fromitem]
|-start|p1a: Iron Moth|quarkdrivespe
|move|p2a: Cinderace|Court Change|p2a: Cinderace
|-start|p2a: Cinderace|typechange|Normal|[from] ability: Libero
|-swapsideconditions
|-activate|p2a: Cinderace|move: Court Change
|
|upkeep
|turn|9
|
|t:|1760382513
|move|p1a: Iron Moth|Fiery Dance|p2a: Cinderace
|-damage|p2a: Cinderace|46/100
|-boost|p1a: Iron Moth|spa|1
|move|p2a: Cinderace|U-turn|p1a: Iron Moth
|-resisted|p1a: Iron Moth
|-damage|p1a: Iron Moth|93/100
|
|t:|1760382520
|switch|p2a: Raging Bolt|Raging Bolt|100/100|[from] U-turn
|
|upkeep
|turn|10
|
|t:|1760382524
|-terastallize|p1a: Iron Moth|Ground
|move|p1a: Iron Moth|Tera Blast|p2a: Raging Bolt|[anim] Tera Blast Ground
|-supereffective|p2a: Raging Bolt
|-damage|p2a: Raging Bolt|0 fnt
|faint|p2a: Raging Bolt
|-end|p2a: Raging Bolt|Protosynthesis|[silent]
|
|upkeep
|
|t:|1760382534
|switch|p2a: Scizor|Scizor, M|100/100
|turn|11
|
|t:|1760382537
|-end|p1a: Iron Moth|Quark Drive|[silent]
|switch|p1a: Zamazenta|Zamazenta|100/100
|-damage|p1a: Zamazenta|94/100|[from] Stealth Rock
|-ability|p1a: Zamazenta|Dauntless Shield|boost
|-boost|p1a: Zamazenta|def|1
|-terastallize|p2a: Scizor|Steel
|move|p2a: Scizor|Bullet Punch|p1a: Zamazenta
|-damage|p1a: Zamazenta|59/100
|
|-heal|p1a: Zamazenta|65/100|[from] item: Leftovers
|upkeep
|turn|12
|
|t:|1760382548
|switch|p2a: Cinderace|Cinderace, F|46/100
|move|p1a: Zamazenta|Crunch|p2a: Cinderace
|-damage|p2a: Cinderace|13/100
|-unboost|p2a: Cinderace|def|1
|
|-heal|p1a: Zamazenta|72/100|[from] item: Leftovers
|upkeep
|turn|13
|
|t:|1760382560
|switch|p2a: Pecharunt|Pecharunt|95/100
|move|p1a: Zamazenta|Crunch|p2a: Pecharunt
|-supereffective|p2a: Pecharunt
|-damage|p2a: Pecharunt|72/100
|
|-heal|p1a: Zamazenta|78/100|[from] item: Leftovers
|-heal|p2a: Pecharunt|78/100|[from] item: Leftovers
|upkeep
|turn|14
|
|t:|1760382568
|switch|p1a: Gholdengo|Gholdengo|100/100
|-damage|p1a: Gholdengo|94/100|[from] Stealth Rock
|switch|p2a: Cinderace|Cinderace, F|13/100
|
|upkeep
|turn|15
|
|t:|1760382575
|move|p1a: Gholdengo|Shadow Ball|p2a: Cinderace
|-damage|p2a: Cinderace|0 fnt
|faint|p2a: Cinderace
|
|upkeep
|
|t:|1760382580
|switch|p2a: Ogerpon|Ogerpon, F|100/100
|turn|16
|
|t:|1760382583
|move|p1a: Gholdengo|Shadow Ball|p2a: Ogerpon
|-damage|p2a: Ogerpon|51/100
|move|p2a: Ogerpon|Knock Off|p1a: Gholdengo
|-supereffective|p1a: Gholdengo
|-damage|p1a: Gholdengo|0 fnt
|-enditem|p1a: Gholdengo|Choice Scarf|[from] move: Knock Off|[of] p2a: Ogerpon
|faint|p1a: Gholdengo
|
|upkeep
|
|t:|1760382593
|switch|p1a: Kyurem|Kyurem|100/100
|-damage|p1a: Kyurem|76/100|[from] Stealth Rock
|-ability|p1a: Kyurem|Pressure
|turn|17
|
|t:|1760382604
|move|p2a: Ogerpon|Knock Off|p1a: Kyurem
|-damage|p1a: Kyurem|26/100
|-enditem|p1a: Kyurem|Loaded Dice|[from] move: Knock Off|[of] p2a: Ogerpon
|move|p1a: Kyurem|Earth Power|p2a: Ogerpon
|-resisted|p2a: Ogerpon
|-damage|p2a: Ogerpon|33/100
|
|upkeep
|turn|18
|
|t:|1760382610
|move|p2a: Ogerpon|Knock Off|p1a: Kyurem
|-damage|p1a: Kyurem|0 fnt
|faint|p1a: Kyurem
|
|upkeep
|
|t:|1760382621
|switch|p1a: Iron Moth|Iron Moth, tera:Ground|93/100
|-damage|p1a: Iron Moth|87/100|[from] Stealth Rock
|turn|19
|
|t:|1760382625
|move|p1a: Iron Moth|Fiery Dance|p2a: Ogerpon
|-supereffective|p2a: Ogerpon
|-damage|p2a: Ogerpon|0 fnt
|-boost|p1a: Iron Moth|spa|1
|faint|p2a: Ogerpon
|
|upkeep
|
|t:|1760382631
|switch|p2a: Scizor|Scizor, M, tera:Steel|100/100
|turn|20
|
|t:|1760382640
|-end|p1a: Iron Moth|Quark Drive|[silent]
|switch|p1a: Zamazenta|Zamazenta|78/100
|-damage|p1a: Zamazenta|72/100|[from] Stealth Rock
|move|p2a: Scizor|Bullet Punch|p1a: Zamazenta
|-damage|p1a: Zamazenta|19/100
|
|-heal|p1a: Zamazenta|25/100|[from] item: Leftovers
|upkeep
|turn|21
|
|t:|1760382648
|move|p2a: Scizor|Bullet Punch|p1a: Zamazenta
|-damage|p1a: Zamazenta|0 fnt
|faint|p1a: Zamazenta
|
|upkeep
|
|t:|1760382650
|switch|p1a: Dragonite|Dragonite, F|100/100
|turn|22
|
|t:|1760382658
|move|p2a: Scizor|Bullet Punch|p1a: Dragonite
|-damage|p1a: Dragonite|62/100
|move|p1a: Dragonite|Earthquake|p2a: Scizor
|-supereffective|p2a: Scizor
|-damage|p2a: Scizor|29/100
|
|upkeep
|turn|23
|
|t:|1760382664
|move|p2a: Scizor|Bullet Punch|p1a: Dragonite
|-damage|p1a: Dragonite|0 fnt
|faint|p1a: Dragonite
|
|upkeep
|
|t:|1760382667
|switch|p1a: Iron Moth|Iron Moth, tera:Ground|87/100
|-damage|p1a: Iron Moth|81/100|[from] Stealth Rock
|turn|24
|
|t:|1760382671
|move|p2a: Scizor|Bullet Punch|p1a: Iron Moth
|-damage|p1a: Iron Moth|0 fnt
|faint|p1a: Iron Moth
|-end|p1a: Iron Moth|Quark Drive|[silent]
|
|win|dia90
|raw|1shy9's rating: 1694 &rarr; <strong>1678</strong><br />(-16 for losing)
|raw|dia90's rating: 1764 &rarr; <strong>1780</strong><br />(+16 for winning)
|l|☆1shy9
|player|p1|
