|j|☆felipe01788
|j|☆SprigatitoSwift
|t:|1760439831
|gametype|singles
|player|p1|felipe01788|blackbelt|1365
|player|p2|SprigatitoSwift|cheryl|1317
|gen|9
|tier|[Gen 9] OU
|rated|
|rule|HP Percentage Mod: HP is shown in percentages
|rule|Endless Battle Clause: Forcing endless battles is banned
|rule|Species Clause: Limit one of each Pokémon
|rule|OHKO Clause: OHKO moves are banned
|rule|Evasion Items Clause: Evasion items are banned
|rule|Evasion Moves Clause: Evasion moves are banned
|rule|Evasion Abilities Clause: Evasion abilities are banned
|rule|Sleep Moves Clause: Sleep-inducing moves are banned
|clearpoke
|poke|p1|Garchomp, M|
|poke|p1|Darkrai|
|poke|p1|Gholdengo|
|poke|p1|Ogerpon-Wellspring, F|
|poke|p1|Iron Valiant|
|poke|p1|Iron Treads|
|poke|p2|Torkoal, M|
|poke|p2|Mandibuzz, F|
|poke|p2|Lilligant-Hisui, F|
|poke|p2|Slither Wing|
|poke|p2|Walking Wake|
|poke|p2|Iron Moth|
|teampreview
|inactive|Battle timer is ON: inactive players will automatically lose when time's up. (requested by SprigatitoSwift)
|
|t:|1760439847
|teamsize|p1|6
|teamsize|p2|6
|start
|switch|p1a: Darkrai|Darkrai|100/100
|switch|p2a: Torkoal|Torkoal, M|100/100
|-weather|SunnyDay|[from] ability: Drought|[of] p2a: Torkoal
|turn|1
|
|t:|1760439857
|switch|p2a: Mandibuzz|Mandibuzz, F|100/100
|move|p1a: Darkrai|Sludge Bomb|p2a: Mandibuzz
|-damage|p2a: Mandibuzz|74/100
|
|-weather|SunnyDay|[upkeep]
|upkeep
|turn|2
|
|t:|1760439867
|switch|p1a: Gholdengo|Gholdengo|100/100
|-item|p1a: Gholdengo|Air Balloon
|move|p2a: Mandibuzz|U-turn|p1a: Gholdengo
|-resisted|p1a: Gholdengo
|-damage|p1a: Gholdengo|99/100
|-enditem|p1a: Gholdengo|Air Balloon
|
|t:|1760439891
|switch|p2a: Walking Wake|Walking Wake|100/100|[from] U-turn
|-activate|p2a: Walking Wake|ability: Protosynthesis
|-start|p2a: Walking Wake|protosynthesisspe
|
|-weather|SunnyDay|[upkeep]
|upkeep
|turn|3
|
|t:|1760439913
|-terastallize|p1a: Gholdengo|Fairy
|move|p2a: Walking Wake|Hydro Steam|p1a: Gholdengo
|-damage|p1a: Gholdengo|24/100
|-damage|p2a: Walking Wake|91/100|[from] item: Life Orb
|move|p1a: Gholdengo|Thunder Wave|p2a: Walking Wake
|-status|p2a: Walking Wake|par
|
|-weather|SunnyDay|[upkeep]
|upkeep
|turn|4
|
|t:|1760439927
|switch|p1a: Ogerpon|Ogerpon-Wellspring, F|100/100
|cant|p2a: Walking Wake|par
|
|-weather|SunnyDay|[upkeep]
|upkeep
|turn|5
|
|t:|1760439939
|switch|p1a: Gholdengo|Gholdengo, tera:Fairy|24/100
|move|p2a: Walking Wake|Draco Meteor|p1a: Gholdengo
|-immune|p1a: Gholdengo
|
|-weather|SunnyDay|[upkeep]
|upkeep
|turn|6
|
|t:|1760439947
|cant|p2a: Walking Wake|par
|move|p1a: Gholdengo|Hex|p2a: Walking Wake
|-damage|p2a: Walking Wake|22/100 par
|
|-weather|SunnyDay|[upkeep]
|upkeep
|turn|7
|
|t:|1760439955
|move|p2a: Walking Wake|Weather Ball|p1a: Gholdengo
|-damage|p1a: Gholdengo|0 fnt
|faint|p1a: Gholdengo
|-damage|p2a: Walking Wake|13/100 par|[from] item: Life Orb
|
|-weather|SunnyDay|[upkeep]
|upkeep
|
|t:|1760439958
|switch|p1a: Garchomp|Garchomp, M|100/100
|turn|8
|
|t:|1760439965
|cant|p2a: Walking Wake|par
|move|p1a: Garchomp|Earthquake|p2a: Walking Wake
|-damage|p2a: Walking Wake|0 fnt
|faint|p2a: Walking Wake
|-end|p2a: Walking Wake|Protosynthesis|[silent]
|
|-weather|none
|upkeep
|
|t:|1760439976
|switch|p2a: Torkoal|Torkoal, M|100/100
|-weather|SunnyDay|[from] ability: Drought|[of] p2a: Torkoal
|turn|9
|
|t:|1760439982
|switch|p2a: Mandibuzz|Mandibuzz, F|74/100
|move|p1a: Garchomp|Stealth Rock|p2a: Mandibuzz
|-sidestart|p2: SprigatitoSwift|move: Stealth Rock
|
|-weather|SunnyDay|[upkeep]
|upkeep
|turn|10
|
|t:|1760439990
|move|p2a: Mandibuzz|Defog|p1a: Garchomp
|-unboost|p1a: Garchomp|evasion|1
|-sideend|p2: SprigatitoSwift|Stealth Rock|[from] move: Defog|[of] p2a: Mandibuzz
|move|p1a: Garchomp|Dragon Tail|p2a: Mandibuzz
|-damage|p2a: Mandibuzz|58/100
|drag|p2a: Slither Wing|Slither Wing|100/100
|-activate|p2a: Slither Wing|ability: Protosynthesis
|-start|p2a: Slither Wing|protosynthesisatk
|
|-weather|SunnyDay|[upkeep]
|upkeep
|turn|11
|
|t:|1760440004
|move|p2a: Slither Wing|Flare Blitz|p1a: Garchomp
|-resisted|p1a: Garchomp
|-damage|p1a: Garchomp|61/100
|-damage|p2a: Slither Wing|88/100|[from] ability: Rough Skin|[of] p1a: Garchomp
|-damage|p2a: Slither Wing|72/100|[from] item: Rocky Helmet|[of] p1a: Garchomp
|-damage|p2a: Slither Wing|55/100|[from] Recoil
|move|p1a: Garchomp|Dragon Tail|p2a: Slither Wing
|-damage|p2a: Slither Wing|22/100
|-end|p2a: Slither Wing|Protosynthesis|[silent]
|drag|p2a: Torkoal|Torkoal, M|100/100
|
|-weather|SunnyDay|[upkeep]
|upkeep
|turn|12
|
|t:|1760440031
|switch|p2a: Mandibuzz|Mandibuzz, F|58/100
|move|p1a: Garchomp|Earthquake|p2a: Mandibuzz
|-immune|p2a: Mandibuzz
|
|-weather|SunnyDay|[upkeep]
|upkeep
|turn|13
|
|t:|1760440044
|switch|p1a: Darkrai|Darkrai|100/100
|move|p2a: Mandibuzz|Roost|p2a: Mandibuzz
|-heal|p2a: Mandibuzz|100/100
|-singleturn|p2a: Mandibuzz|move: Roost
|
|-weather|SunnyDay|[upkeep]
|upkeep
|turn|14
|
|t:|1760440054
|move|p1a: Darkrai|Knock Off|p2a: Mandibuzz
|-resisted|p2a: Mandibuzz
|-damage|p2a: Mandibuzz|91/100
|-enditem|p2a: Mandibuzz|Heavy-Duty Boots|[from] move: Knock Off|[of] p1a: Darkrai
|move|p2a: Mandibuzz|U-turn|p1a: Darkrai
|-supereffective|p1a: Darkrai
|-damage|p1a: Darkrai|71/100
|
|t:|1760440063
|switch|p2a: Lilligant|Lilligant-Hisui, F|100/100|[from] U-turn
|
|-weather|SunnyDay|[upkeep]
|upkeep
|turn|15
|
|t:|1760440074
|switch|p1a: Garchomp|Garchomp, M|61/100
|move|p2a: Lilligant|Solar Blade||[still]
|-prepare|p2a: Lilligant|Solar Blade
|-anim|p2a: Lilligant|Solar Blade|p1a: Garchomp
|-damage|p1a: Garchomp|19/100
|-damage|p2a: Lilligant|88/100|[from] ability: Rough Skin|[of] p1a: Garchomp
|-damage|p2a: Lilligant|72/100|[from] item: Rocky Helmet|[of] p1a: Garchomp
|-damage|p2a: Lilligant|62/100|[from] item: Life Orb
|
|-weather|SunnyDay|[upkeep]
|upkeep
|turn|16
|
|t:|1760440099
|switch|p1a: Darkrai|Darkrai|71/100
|move|p2a: Lilligant|Solar Blade||[still]
|-prepare|p2a: Lilligant|Solar Blade
|-anim|p2a: Lilligant|Solar Blade|p1a: Darkrai
|-damage|p1a: Darkrai|0 fnt
|faint|p1a: Darkrai
|-damage|p2a: Lilligant|52/100|[from] item: Life Orb
|
|-weather|none
|upkeep
|
|t:|1760440105
|switch|p1a: Ogerpon|Ogerpon-Wellspring, F|100/100
|turn|17
|
|t:|1760440113
|switch|p2a: Torkoal|Torkoal, M|100/100
|-weather|SunnyDay|[from] ability: Drought|[of] p2a: Torkoal
|move|p1a: Ogerpon|Swords Dance|p1a: Ogerpon
|-boost|p1a: Ogerpon|atk|2
|
|-weather|SunnyDay|[upkeep]
|upkeep
|turn|18
|
|t:|1760440120
|switch|p2a: Mandibuzz|Mandibuzz, F|91/100
|move|p1a: Ogerpon|Ivy Cudgel|p2a: Mandibuzz|[anim] Ivy Cudgel Water
|-damage|p2a: Mandibuzz|57/100
|
|-weather|SunnyDay|[upkeep]
|upkeep
|turn|19
|
|t:|1760440137
|move|p1a: Ogerpon|Ivy Cudgel|p2a: Mandibuzz|[anim] Ivy Cudgel Water
|-damage|p2a: Mandibuzz|24/100
|move|p2a: Mandibuzz|Roost|p2a: Mandibuzz
|-heal|p2a: Mandibuzz|74/100
|-singleturn|p2a: Mandibuzz|move: Roost
|
|-weather|SunnyDay|[upkeep]
|upkeep
|turn|20
|
|t:|1760440147
|switch|p1a: Garchomp|Garchomp, M|19/100
|move|p2a: Mandibuzz|Foul Play|p1a: Garchomp
|-damage|p1a: Garchomp|0 fnt
|-damage|p2a: Mandibuzz|62/100|[from] ability: Rough Skin|[of] p1a: Garchomp
|-damage|p2a: Mandibuzz|45/100|[from] item: Rocky Helmet|[of] p1a: Garchomp
|faint|p1a: Garchomp
|
|-weather|SunnyDay|[upkeep]
|upkeep
|
|t:|1760440158
|switch|p1a: Iron Valiant|Iron Valiant|100/100
|-enditem|p1a: Iron Valiant|Booster Energy
|-activate|p1a: Iron Valiant|ability: Quark Drive|[fromitem]
|-start|p1a: Iron Valiant|quarkdrivespe
|turn|21
|
|t:|1760440164
|move|p1a: Iron Valiant|Calm Mind|p1a: Iron Valiant
|-boost|p1a: Iron Valiant|spa|1
|-boost|p1a: Iron Valiant|spd|1
|move|p2a: Mandibuzz|U-turn|p1a: Iron Valiant
|-resisted|p1a: Iron Valiant
|-damage|p1a: Iron Valiant|97/100
|-message|felipe01788 forfeited.
|
|win|SprigatitoSwift
|raw|felipe01788's rating: 1365 &rarr; <strong>1342</strong><br />(-23 for losing)
|raw|SprigatitoSwift's rating: 1317 &rarr; <strong>1340</strong><br />(+23 for winning)
|l|☆felipe01788
|player|p1|
|l|☆SprigatitoSwift
|player|p2|
