|j|☆Nikator98
|j|☆RoddyJ
|t:|1760304423
|gametype|singles
|player|p1|Nikator98|giovanni|1762
|player|p2|RoddyJ|2|1797
|gen|9
|tier|[Gen 9] OU
|rated|
|rule|HP Percentage Mod: HP is shown in percentages
|rule|Endless Battle Clause: Forcing endless battles is banned
|rule|Species Clause: Limit one of each Pokémon
|rule|OHKO Clause: OHKO moves are banned
|rule|Evasion Items Clause: Evasion items are banned
|rule|Evasion Moves Clause: Evasion moves are banned
|rule|Evasion Abilities Clause: Evasion abilities are banned
|rule|Sleep Moves Clause: Sleep-inducing moves are banned
|clearpoke
|poke|p1|Metagross|
|poke|p1|Great Tusk|
|poke|p1|Haxorus, M|
|poke|p1|Iron Moth|
|poke|p1|Zoroark-Hisui, M|
|poke|p1|Ninetales-Alola, F|
|poke|p2|Kyurem|
|poke|p2|Mew|
|poke|p2|Dragapult, F|
|poke|p2|Weezing-Galar, M|
|poke|p2|Muk-Alola, F|
|poke|p2|Iron Moth|
|teampreview
|inactive|Battle timer is ON: inactive players will automatically lose when time's up. (requested by RoddyJ)
|
|t:|1760304438
|teamsize|p1|6
|teamsize|p2|6
|start
|switch|p1a: Arquillian Sentry|Metagross|100/100
|switch|p2a: Muk|Muk-Alola, F, shiny|100/100
|turn|1
|j| Ctannn
|
|t:|1760304457
|switch|p1a: Kumaryia|Great Tusk, shiny|100/100
|move|p2a: Muk|Knock Off|p1a: Kumaryia
|-resisted|p1a: Kumaryia
|-damage|p1a: Kumaryia|82/100
|-enditem|p1a: Kumaryia|Heavy-Duty Boots|[from] move: Knock Off|[of] p2a: Muk
|
|upkeep
|turn|2
|
|t:|1760304467
|switch|p2a: Weezing|Weezing-Galar, M, shiny|100/100
|move|p1a: Kumaryia|Headlong Rush|p2a: Weezing
|-immune|p2a: Weezing|[from] ability: Levitate
|
|upkeep
|turn|3
|
|t:|1760304480
|-end|p1a: Kumaryia|Protosynthesis|[silent]
|switch|p1a: Kumaryia|Great Tusk, shiny|100/100
|move|p2a: Weezing|Will-O-Wisp|p1a: Kumaryia
|-status|p1a: Kumaryia|brn
|
|-damage|p1a: Kumaryia|95/100 brn|[from] brn
|upkeep
|turn|4
|
|t:|1760304492
|switch|p2a: Muk|Muk-Alola, F, shiny|100/100
|move|p1a: Kumaryia|Bitter Malice|p2a: Muk
|-resisted|p2a: Muk
|-damage|p2a: Muk|85/100
|-unboost|p2a: Muk|atk|1
|
|-damage|p1a: Kumaryia|89/100 brn|[from] brn
|upkeep
|turn|5
|
|t:|1760304502
|switch|p1a: Kumaryia|Great Tusk, shiny|82/100
|switch|p2a: Weezing|Weezing-Galar, M, shiny|100/100
|
|upkeep
|turn|6
|
|t:|1760304519
|-end|p1a: Kumaryia|Protosynthesis|[silent]
|switch|p1a: Kumaryia|Great Tusk, shiny|89/100 brn
|switch|p2a: Muk|Muk-Alola, F, shiny|85/100
|
|-damage|p1a: Kumaryia|83/100 brn|[from] brn
|upkeep
|turn|7
|
|t:|1760304532
|switch|p1a: Kumaryia|Great Tusk, shiny|82/100
|move|p2a: Muk|Knock Off|p1a: Kumaryia
|-resisted|p1a: Kumaryia
|-damage|p1a: Kumaryia|71/100
|
|upkeep
|turn|8
|
|t:|1760304539
|switch|p2a: Weezing|Weezing-Galar, M, shiny|100/100
|move|p1a: Kumaryia|Knock Off|p2a: Weezing
|-resisted|p2a: Weezing
|-damage|p2a: Weezing|89/100
|-enditem|p2a: Weezing|Leftovers|[from] move: Knock Off|[of] p1a: Kumaryia
|
|upkeep
|turn|9
|
|t:|1760304548
|-end|p1a: Kumaryia|Protosynthesis|[silent]
|switch|p1a: Kumaryia|Great Tusk, shiny|83/100 brn
|move|p2a: Weezing|Strange Steam|p1a: Kumaryia
|-damage|p1a: Kumaryia|28/100 brn
|replace|p1a: Van Helsing|Zoroark-Hisui, M, shiny
|-end|p1a: Van Helsing|Illusion
|
|-damage|p1a: Van Helsing|22/100 brn|[from] brn
|upkeep
|turn|10
|
|t:|1760304556
|switch|p2a: Muk|Muk-Alola, F, shiny|85/100
|move|p1a: Van Helsing|Tera Blast|p2a: Muk
|-damage|p2a: Muk|49/100
|
|-damage|p1a: Van Helsing|16/100 brn|[from] brn
|upkeep
|turn|11
|
|t:|1760304562
|move|p1a: Van Helsing|Tera Blast|p2a: Muk
|-damage|p2a: Muk|16/100
|move|p2a: Muk|Knock Off|p1a: Van Helsing
|-supereffective|p1a: Van Helsing
|-damage|p1a: Van Helsing|0 fnt
|-enditem|p1a: Van Helsing|Choice Specs|[from] move: Knock Off|[of] p2a: Muk
|faint|p1a: Van Helsing
|
|upkeep
|inactive|Nikator98 has 120 seconds left.
|
|t:|1760304593
|switch|p1a: Arquillian Sentry|Metagross|100/100
|turn|12
|
|t:|1760304599
|move|p2a: Muk|Shadow Sneak|p1a: Arquillian Sentry
|-supereffective|p1a: Arquillian Sentry
|-damage|p1a: Arquillian Sentry|78/100
|move|p1a: Arquillian Sentry|Meteor Mash|p2a: Muk
|-damage|p2a: Muk|0 fnt
|faint|p2a: Muk
|
|upkeep
|
|t:|1760304608
|switch|p2a: Iron Moth|Iron Moth, shiny|100/100
|-enditem|p2a: Iron Moth|Booster Energy
|-activate|p2a: Iron Moth|ability: Quark Drive|[fromitem]
|-start|p2a: Iron Moth|quarkdrivespa
|turn|13
|
|t:|1760304615
|-terastallize|p1a: Arquillian Sentry|Water
|move|p2a: Iron Moth|Fiery Dance|p1a: Arquillian Sentry
|-resisted|p1a: Arquillian Sentry
|-damage|p1a: Arquillian Sentry|49/100
|-boost|p2a: Iron Moth|spa|1
|move|p1a: Arquillian Sentry|Psychic Fangs|p2a: Iron Moth
|-supereffective|p2a: Iron Moth
|-damage|p2a: Iron Moth|0 fnt
|faint|p2a: Iron Moth
|-end|p2a: Iron Moth|Quark Drive|[silent]
|
|upkeep
|
|t:|1760304621
|switch|p2a: Kyurem|Kyurem, shiny|100/100
|-ability|p2a: Kyurem|Pressure
|turn|14
|
|t:|1760304628
|switch|p1a: Asfaloth|Ninetales-Alola, F, shiny|100/100
|-weather|Snowscape|[from] ability: Snow Warning|[of] p1a: Asfaloth
|move|p2a: Kyurem|Freeze-Dry|p1a: Asfaloth
|-resisted|p1a: Asfaloth
|-damage|p1a: Asfaloth|78/100
|
|-weather|Snowscape|[upkeep]
|upkeep
|turn|15
|
|t:|1760304641
|switch|p2a: Weezing|Weezing-Galar, M, shiny|89/100
|move|p1a: Asfaloth|Moonblast|p2a: Weezing
|-resisted|p2a: Weezing
|-damage|p2a: Weezing|66/100
|
|-weather|Snowscape|[upkeep]
|upkeep
|turn|16
|
|t:|1760304648
|move|p1a: Asfaloth|Aurora Veil|p1a: Asfaloth
|-sidestart|p1: Nikator98|move: Aurora Veil
|move|p2a: Weezing|Acid Spray|p1a: Asfaloth
|-supereffective|p1a: Asfaloth
|-damage|p1a: Asfaloth|65/100
|-unboost|p1a: Asfaloth|spd|2
|
|-weather|Snowscape|[upkeep]
|upkeep
|turn|17
|
|t:|1760304655
|move|p1a: Asfaloth|Encore|p2a: Weezing
|-start|p2a: Weezing|Encore
|move|p2a: Weezing|Acid Spray|p1a: Asfaloth
|-supereffective|p1a: Asfaloth
|-damage|p1a: Asfaloth|37/100
|-unboost|p1a: Asfaloth|spd|2
|
|-weather|Snowscape|[upkeep]
|upkeep
|turn|18
|
|t:|1760304663
|switch|p1a: Arquillian Sentry|Metagross, tera:Water|49/100
|move|p2a: Weezing|Acid Spray|p1a: Arquillian Sentry
|-damage|p1a: Arquillian Sentry|42/100
|
|-weather|none
|upkeep
|turn|19
|
|t:|1760304671
|move|p1a: Arquillian Sentry|Meteor Mash|p2a: Weezing|[miss]
|-miss|p1a: Arquillian Sentry|p2a: Weezing
|move|p2a: Weezing|Acid Spray|p1a: Arquillian Sentry
|-damage|p1a: Arquillian Sentry|35/100
|
|-end|p2a: Weezing|Encore
|upkeep
|turn|20
|
|t:|1760304678
|move|p1a: Arquillian Sentry|Meteor Mash|p2a: Weezing
|-supereffective|p2a: Weezing
|-crit|p2a: Weezing
|-damage|p2a: Weezing|0 fnt
|-boost|p1a: Arquillian Sentry|atk|1
|faint|p2a: Weezing
|
|upkeep
|
|t:|1760304684
|switch|p2a: Kyurem|Kyurem, shiny|100/100
|-ability|p2a: Kyurem|Pressure
|turn|21
|inactive|Nikator98 has 120 seconds left.
|
|t:|1760304719
|move|p2a: Kyurem|Freeze-Dry|p1a: Arquillian Sentry
|-supereffective|p1a: Arquillian Sentry
|-damage|p1a: Arquillian Sentry|0 fnt
|faint|p1a: Arquillian Sentry
|
|upkeep
|inactive|Nikator98 has 120 seconds left.
|
|t:|1760304728
|switch|p1a: Lacelle|Haxorus, M|100/100
|-ability|p1a: Lacelle|Mold Breaker
|turn|22
|
|t:|1760304732
|move|p1a: Lacelle|Scale Shot|p2a: Kyurem
|-supereffective|p2a: Kyurem
|-damage|p2a: Kyurem|70/100
|-supereffective|p2a: Kyurem
|-damage|p2a: Kyurem|42/100
|-supereffective|p2a: Kyurem
|-damage|p2a: Kyurem|15/100
|-supereffective|p2a: Kyurem
|-damage|p2a: Kyurem|0 fnt
|faint|p2a: Kyurem
|-hitcount|p2: Kyurem|4
|-unboost|p1a: Lacelle|def|1
|-boost|p1a: Lacelle|spe|1
|
|upkeep
|
|t:|1760304744
|switch|p2a: Dragapult|Dragapult, F, shiny|100/100
|turn|23
|
|t:|1760304759
|move|p1a: Lacelle|Scale Shot|p2a: Dragapult
|-supereffective|p2a: Dragapult
|-crit|p2a: Dragapult
|-damage|p2a: Dragapult|43/100
|-supereffective|p2a: Dragapult
|-damage|p2a: Dragapult|3/100
|-supereffective|p2a: Dragapult
|-damage|p2a: Dragapult|0 fnt
|faint|p2a: Dragapult
|-hitcount|p2: Dragapult|3
|-unboost|p1a: Lacelle|def|1
|-boost|p1a: Lacelle|spe|1
|
|-sideend|p1: Nikator98|move: Aurora Veil
|upkeep
|
|t:|1760304762
|switch|p2a: Mew|Mew, shiny|100/100
|turn|24
|
|t:|1760304772
|switch|p1a: Asfaloth|Ninetales-Alola, F, shiny|37/100
|-weather|Snowscape|[from] ability: Snow Warning|[of] p1a: Asfaloth
|move|p2a: Mew|Dragon Dance|p2a: Mew
|-boost|p2a: Mew|atk|1
|-boost|p2a: Mew|spe|1
|
|-weather|Snowscape|[upkeep]
|upkeep
|turn|25
|inactive|Nikator98 has 120 seconds left.
|
|t:|1760304803
|move|p2a: Mew|Earthquake|p1a: Asfaloth
|-damage|p1a: Asfaloth|0 fnt
|faint|p1a: Asfaloth
|
|-weather|Snowscape|[upkeep]
|upkeep
|inactive|Nikator98 has 120 seconds left.
|
|t:|1760304816
|switch|p1a: Kumaryia|Great Tusk, shiny|71/100
|turn|26
|
|t:|1760304830
|-terastallize|p2a: Mew|Grass
|move|p2a: Mew|Dragon Dance|p2a: Mew
|-boost|p2a: Mew|atk|1
|-boost|p2a: Mew|spe|1
|move|p1a: Kumaryia|Knock Off|p2a: Mew
|-damage|p2a: Mew|65/100
|-enditem|p2a: Mew|Loaded Dice|[from] move: Knock Off|[of] p1a: Kumaryia
|
|-weather|Snowscape|[upkeep]
|upkeep
|turn|27
|
|t:|1760304840
|move|p2a: Mew|Bullet Seed|p1a: Kumaryia
|-supereffective|p1a: Kumaryia
|-damage|p1a: Kumaryia|36/100
|-supereffective|p1a: Kumaryia
|-damage|p1a: Kumaryia|2/100
|-hitcount|p1a: Kumaryia|2
|move|p1a: Kumaryia|Ice Spinner|p2a: Mew
|-supereffective|p2a: Mew
|-damage|p2a: Mew|5/100
|
|-weather|Snowscape|[upkeep]
|upkeep
|turn|28
|
|t:|1760304855
|move|p2a: Mew|Bullet Seed|p1a: Kumaryia
|-supereffective|p1a: Kumaryia
|-damage|p1a: Kumaryia|0 fnt
|faint|p1a: Kumaryia
|-end|p1a: Kumaryia|Protosynthesis|[silent]
|-hitcount|p1: Kumaryia|1
|
|-weather|none
|upkeep
|inactive|Nikator98 has 120 seconds left.
|
|t:|1760304866
|switch|p1a: Gothmog|Iron Moth|100/100
|-enditem|p1a: Gothmog|Booster Energy
|-activate|p1a: Gothmog|ability: Quark Drive|[fromitem]
|-start|p1a: Gothmog|quarkdrivespe
|turn|29
|
|t:|1760304870
|move|p2a: Mew|Earthquake|p1a: Gothmog
|-supereffective|p1a: Gothmog
|-damage|p1a: Gothmog|0 fnt
|faint|p1a: Gothmog
|-end|p1a: Gothmog|Quark Drive|[silent]
|
|upkeep
|
|t:|1760304875
|switch|p1a: Lacelle|Haxorus, M|100/100
|-ability|p1a: Lacelle|Mold Breaker
|turn|30
|
|t:|1760304879
|move|p2a: Mew|Icicle Spear|p1a: Lacelle
|-supereffective|p1a: Lacelle
|-damage|p1a: Lacelle|59/100
|-supereffective|p1a: Lacelle
|-damage|p1a: Lacelle|20/100
|-supereffective|p1a: Lacelle
|-damage|p1a: Lacelle|0 fnt
|faint|p1a: Lacelle
|-hitcount|p1: Lacelle|3
|
|win|RoddyJ
|raw|Nikator98's rating: 1762 &rarr; <strong>1744</strong><br />(-18 for losing)
|raw|RoddyJ's rating: 1797 &rarr; <strong>1815</strong><br />(+18 for winning)
|j| Samurajen
|l|☆RoddyJ
|player|p2|
|l|☆Nikator98
|player|p1|
|l| Ctannn
