|badge|p1|bronze|gen9ou|100-7
|uhtml|medal-msg|<div class="broadcast-blue">Curious what those medals under the avatar are? PS now has Ladder Seasons! For more information, check out the <a href="https://www.smogon.com/forums/threads/3740067/">thread on Smogon.</a></div>
|badge|p2|bronze|gen9ou|100-7
|uhtml|medal-msg|<div class="broadcast-blue">Curious what those medals under the avatar are? PS now has Ladder Seasons! For more information, check out the <a href="https://www.smogon.com/forums/threads/3740067/">thread on Smogon.</a></div>
|j|☆torvik en place
|j|☆Johnny tots
|t:|1760394177
|gametype|singles
|player|p1|torvik en place|gambler|1835
|player|p2|Johnny tots|169|1920
|gen|9
|tier|[Gen 9] OU
|rated|
|rule|HP Percentage Mod: HP is shown in percentages
|rule|Endless Battle Clause: Forcing endless battles is banned
|rule|Species Clause: Limit one of each Pokémon
|rule|OHKO Clause: OHKO moves are banned
|rule|Evasion Items Clause: Evasion items are banned
|rule|Evasion Moves Clause: Evasion moves are banned
|rule|Evasion Abilities Clause: Evasion abilities are banned
|rule|Sleep Moves Clause: Sleep-inducing moves are banned
|clearpoke
|poke|p1|Darkrai|
|poke|p1|Enamorus, F|
|poke|p1|Cinderace, F|
|poke|p1|Great Tusk|
|poke|p1|Alomomola, F|
|poke|p1|Amoonguss, F|
|poke|p2|Clefable, F|
|poke|p2|Dragonite, M|
|poke|p2|Thundurus-Therian, M|
|poke|p2|Manaphy|
|poke|p2|Iron Valiant|
|poke|p2|Klefki, F|
|teampreview
|inactive|Battle timer is ON: inactive players will automatically lose when time's up. (requested by Johnny tots)
|j| PG Spectating
|
|t:|1760394205
|teamsize|p1|6
|teamsize|p2|6
|start
|switch|p1a: Great Tusk|Great Tusk|100/100
|switch|p2a: Klefki|Klefki, F|100/100
|turn|1
|
|t:|1760394207
|move|p2a: Klefki|Reflect|p2a: Klefki
|-sidestart|p2: Johnny tots|Reflect
|move|p1a: Great Tusk|Headlong Rush|p2a: Klefki
|-supereffective|p2a: Klefki
|-damage|p2a: Klefki|50/100
|-unboost|p1a: Great Tusk|def|1
|-unboost|p1a: Great Tusk|spd|1
|
|upkeep
|turn|2
|
|t:|1760394224
|-end|p1a: Great Tusk|Protosynthesis|[silent]
|switch|p1a: Alomomola|Alomomola, F|100/100
|switch|p2a: Clefable|Clefable, F|100/100
|
|upkeep
|turn|3
|
|t:|1760394227
|move|p2a: Clefable|Calm Mind|p2a: Clefable
|-boost|p2a: Clefable|spa|1
|-boost|p2a: Clefable|spd|1
|move|p1a: Alomomola|Flip Turn|p2a: Clefable
|-damage|p2a: Clefable|93/100
|j| Kyurem
|
|t:|1760394238
|switch|p1a: Enamorus|Enamorus, F|100/100|[from] Flip Turn
|
|-heal|p2a: Clefable|99/100|[from] item: Leftovers
|upkeep
|turn|4
|
|t:|1760394240
|-terastallize|p1a: Enamorus|Fairy
|move|p1a: Enamorus|Moonblast|p2a: Clefable
|-damage|p2a: Clefable|36/100
|move|p2a: Clefable|Moonblast|p1a: Enamorus
|-damage|p1a: Enamorus|20/100
|
|-heal|p2a: Clefable|42/100|[from] item: Leftovers
|upkeep
|turn|5
|
|t:|1760394258
|move|p1a: Enamorus|Moonblast|p2a: Clefable
|-damage|p2a: Clefable|0 fnt
|faint|p2a: Clefable
|
|upkeep
|
|t:|1760394259
|switch|p2a: Klefki|Klefki, F|50/100
|turn|6
|
|t:|1760394271
|move|p2a: Klefki|Light Screen|p2a: Klefki
|-sidestart|p2: Johnny tots|move: Light Screen
|move|p1a: Enamorus|Moonblast|p2a: Klefki
|-resisted|p2a: Klefki
|-damage|p2a: Klefki|21/100
|-unboost|p2a: Klefki|spa|1
|
|upkeep
|turn|7
|
|t:|1760394277
|move|p2a: Klefki|Thunder Wave|p1a: Enamorus
|-status|p1a: Enamorus|par
|cant|p1a: Enamorus|par
|
|upkeep
|turn|8
|
|t:|1760394287
|switch|p2a: Thundurus|Thundurus-Therian, M|100/100
|cant|p1a: Enamorus|par
|
|-sideend|p2: Johnny tots|Reflect
|upkeep
|turn|9
|
|t:|1760394309
|move|p2a: Thundurus|Thunderbolt|p1a: Enamorus
|-damage|p1a: Enamorus|0 fnt
|faint|p1a: Enamorus
|
|upkeep
|
|t:|1760394313
|switch|p1a: Great Tusk|Great Tusk|100/100
|turn|10
|
|t:|1760394317
|move|p1a: Great Tusk|Stone Edge|p2a: Thundurus
|-supereffective|p2a: Thundurus
|-damage|p2a: Thundurus|0 fnt
|faint|p2a: Thundurus
|
|upkeep
|
|t:|1760394334
|switch|p2a: Klefki|Klefki, F|21/100
|turn|11
|
|t:|1760394339
|move|p2a: Klefki|Reflect|p2a: Klefki
|-sidestart|p2: Johnny tots|Reflect
|move|p1a: Great Tusk|Stone Edge|p2a: Klefki|[miss]
|-miss|p1a: Great Tusk|p2a: Klefki
|
|upkeep
|turn|12
|
|t:|1760394347
|-end|p1a: Great Tusk|Protosynthesis|[silent]
|switch|p1a: Cinderace|Cinderace, F|100/100
|switch|p2a: Manaphy|Manaphy|100/100
|
|upkeep
|turn|13
|
|t:|1760394354
|switch|p2a: Klefki|Klefki, F|21/100
|move|p1a: Cinderace|Court Change|p1a: Cinderace
|-swapsideconditions
|-activate|p1a: Cinderace|move: Court Change
|
|-sideend|p1: torvik en place|move: Light Screen
|upkeep
|turn|14
|
|t:|1760394357
|move|p2a: Klefki|Reflect|p2a: Klefki
|-sidestart|p2: Johnny tots|Reflect
|move|p1a: Cinderace|Pyro Ball|p2a: Klefki|[miss]
|-miss|p1a: Cinderace|p2a: Klefki
|
|upkeep
|turn|15
|
|t:|1760394369
|move|p2a: Klefki|Thunder Wave|p1a: Cinderace
|-status|p1a: Cinderace|par
|move|p1a: Cinderace|Court Change|p1a: Cinderace
|-swapsideconditions
|-activate|p1a: Cinderace|move: Court Change
|
|upkeep
|turn|16
|j| GenzBrat Educator
|
|t:|1760394377
|switch|p2a: Manaphy|Manaphy|100/100
|cant|p1a: Cinderace|par
|
|upkeep
|turn|17
|
|t:|1760394389
|switch|p1a: Amoonguss|Amoonguss, F|100/100
|move|p2a: Manaphy|Scald|p1a: Amoonguss
|-resisted|p1a: Amoonguss
|-damage|p1a: Amoonguss|83/100
|
|upkeep
|turn|18
|
|t:|1760394402
|switch|p2a: Dragonite|Dragonite, M|100/100
|move|p1a: Amoonguss|Toxic|p2a: Dragonite
|-status|p2a: Dragonite|tox
|
|-damage|p2a: Dragonite|94/100 tox|[from] psn
|-sideend|p2: Johnny tots|Reflect
|upkeep
|turn|19
|
|t:|1760394406
|move|p2a: Dragonite|Dragon Dance|p2a: Dragonite
|-boost|p2a: Dragonite|atk|1
|-boost|p2a: Dragonite|spe|1
|move|p1a: Amoonguss|Clear Smog|p2a: Dragonite
|-damage|p2a: Dragonite|77/100 tox
|-clearboost|p2a: Dragonite
|
|-damage|p2a: Dragonite|64/100 tox|[from] psn
|upkeep
|turn|20
|
|t:|1760394417
|switch|p2a: Klefki|Klefki, F|21/100
|switch|p1a: Alomomola|Alomomola, F|100/100
|
|upkeep
|turn|21
|
|t:|1760394423
|move|p2a: Klefki|Reflect|p2a: Klefki
|-sidestart|p2: Johnny tots|Reflect
|move|p1a: Alomomola|Flip Turn|p2a: Klefki
|-damage|p2a: Klefki|14/100
|
|t:|1760394429
|switch|p1a: Cinderace|Cinderace, F|100/100 par|[from] Flip Turn
|
|-sideend|p1: torvik en place|Reflect
|upkeep
|turn|22
|
|t:|1760394433
|switch|p2a: Manaphy|Manaphy|100/100
|move|p1a: Cinderace|Court Change|p1a: Cinderace
|-swapsideconditions
|-activate|p1a: Cinderace|move: Court Change
|
|upkeep
|turn|23
|
|t:|1760394442
|switch|p2a: Klefki|Klefki, F|14/100
|switch|p1a: Amoonguss|Amoonguss, F|100/100
|
|upkeep
|turn|24
|
|t:|1760394445
|switch|p1a: Cinderace|Cinderace, F|100/100 par
|move|p2a: Klefki|Reflect|p2a: Klefki
|-sidestart|p2: Johnny tots|Reflect
|
|upkeep
|turn|25
|
|t:|1760394451
|switch|p2a: Manaphy|Manaphy|100/100
|move|p1a: Cinderace|Court Change|p1a: Cinderace
|-swapsideconditions
|-activate|p1a: Cinderace|move: Court Change
|
|upkeep
|turn|26
|
|t:|1760394459
|switch|p1a: Amoonguss|Amoonguss, F|100/100
|move|p2a: Manaphy|Take Heart|p2a: Manaphy
|-boost|p2a: Manaphy|spa|1
|-boost|p2a: Manaphy|spd|1
|
|upkeep
|turn|27
|
|t:|1760394469
|-terastallize|p2a: Manaphy|Grass
|move|p2a: Manaphy|Take Heart|p2a: Manaphy
|-boost|p2a: Manaphy|spa|1
|-boost|p2a: Manaphy|spd|1
|move|p1a: Amoonguss|Toxic|p2a: Manaphy
|-status|p2a: Manaphy|tox
|
|-damage|p2a: Manaphy|94/100 tox|[from] psn
|upkeep
|turn|28
|
|t:|1760394473
|move|p2a: Manaphy|Stored Power|p1a: Amoonguss
|-supereffective|p1a: Amoonguss
|-damage|p1a: Amoonguss|0 fnt
|faint|p1a: Amoonguss
|
|-heal|p2a: Manaphy|100/100 tox|[from] item: Leftovers
|-damage|p2a: Manaphy|88/100 tox|[from] psn
|-sideend|p2: Johnny tots|Reflect
|upkeep
|
|t:|1760394484
|switch|p1a: Great Tusk|Great Tusk|100/100
|turn|29
|
|t:|1760394496
|switch|p2a: Dragonite|Dragonite, M|64/100 tox
|move|p1a: Great Tusk|Ice Spinner|p2a: Dragonite
|-supereffective|p2a: Dragonite
|-damage|p2a: Dragonite|0 fnt
|faint|p2a: Dragonite
|
|upkeep
|l| GenzBrat Educator
|
|t:|1760394509
|switch|p2a: Iron Valiant|Iron Valiant|100/100
|-enditem|p2a: Iron Valiant|Booster Energy
|-activate|p2a: Iron Valiant|ability: Quark Drive|[fromitem]
|-start|p2a: Iron Valiant|quarkdrivespe
|turn|30
|
|t:|1760394516
|-end|p1a: Great Tusk|Protosynthesis|[silent]
|switch|p1a: Alomomola|Alomomola, F|100/100
|move|p2a: Iron Valiant|Calm Mind|p2a: Iron Valiant
|-boost|p2a: Iron Valiant|spa|1
|-boost|p2a: Iron Valiant|spd|1
|
|upkeep
|turn|31
|
|t:|1760394520
|move|p2a: Iron Valiant|Calm Mind|p2a: Iron Valiant
|-boost|p2a: Iron Valiant|spa|1
|-boost|p2a: Iron Valiant|spd|1
|move|p1a: Alomomola|Body Slam|p2a: Iron Valiant
|-damage|p2a: Iron Valiant|80/100
|-status|p2a: Iron Valiant|par
|
|-sideend|p1: torvik en place|Reflect
|upkeep
|turn|32
|
|t:|1760394523
|move|p2a: Iron Valiant|Moonblast|p1a: Alomomola
|-damage|p1a: Alomomola|59/100
|move|p1a: Alomomola|Flip Turn|p2a: Iron Valiant
|-damage|p2a: Iron Valiant|58/100 par
|
|t:|1760394527
|switch|p1a: Great Tusk|Great Tusk|100/100|[from] Flip Turn
|
|upkeep
|turn|33
|
|t:|1760394529
|move|p1a: Great Tusk|Headlong Rush|p2a: Iron Valiant
|-damage|p2a: Iron Valiant|0 fnt
|-unboost|p1a: Great Tusk|def|1
|-unboost|p1a: Great Tusk|spd|1
|faint|p2a: Iron Valiant
|-end|p2a: Iron Valiant|Quark Drive|[silent]
|
|upkeep
|
|t:|1760394537
|switch|p2a: Klefki|Klefki, F|14/100
|turn|34
|
|t:|1760394541
|-end|p1a: Great Tusk|Protosynthesis|[silent]
|switch|p1a: Cinderace|Cinderace, F|100/100 par
|move|p2a: Klefki|Reflect|p2a: Klefki
|-sidestart|p2: Johnny tots|Reflect
|
|upkeep
|turn|35
|
|t:|1760394556
|switch|p2a: Manaphy|Manaphy, tera:Grass|88/100 tox
|move|p1a: Cinderace|Court Change|p1a: Cinderace
|-swapsideconditions
|-activate|p1a: Cinderace|move: Court Change
|
|-heal|p2a: Manaphy|94/100 tox|[from] item: Leftovers
|-damage|p2a: Manaphy|88/100 tox|[from] psn
|upkeep
|turn|36
|
|t:|1760394563
|move|p2a: Manaphy|Acid Armor|p2a: Manaphy
|-boost|p2a: Manaphy|def|2
|move|p1a: Cinderace|U-turn|p2a: Manaphy
|-supereffective|p2a: Manaphy
|-damage|p2a: Manaphy|73/100 tox
|
|t:|1760394568
|switch|p1a: Darkrai|Darkrai|100/100|[from] U-turn
|
|-heal|p2a: Manaphy|79/100 tox|[from] item: Leftovers
|-damage|p2a: Manaphy|67/100 tox|[from] psn
|upkeep
|turn|37
|
|t:|1760394571
|switch|p2a: Klefki|Klefki, F|14/100
|move|p1a: Darkrai|Dark Pulse|p2a: Klefki
|-resisted|p2a: Klefki
|-damage|p2a: Klefki|0 fnt
|faint|p2a: Klefki
|
|upkeep
|-message|Johnny tots forfeited.
|
|win|torvik en place
|raw|torvik en place's rating: 1835 &rarr; <strong>1860</strong><br />(+25 for winning)
|raw|Johnny tots's rating: 1920 &rarr; <strong>1895</strong><br />(-25 for losing)
|l|☆Johnny tots
|player|p2|
|l|☆torvik en place
|player|p1|
|l| PG Spectating
|l| Kyurem
