|j|☆Noker504
|j|☆ManWhoCouldntCook
|t:|1760382664
|gametype|singles
|player|p1|Noker504|170|1449
|player|p2|ManWhoCouldntCook|266|1492
|gen|9
|tier|[Gen 9] OU
|rated|
|rule|HP Percentage Mod: HP is shown in percentages
|rule|Endless Battle Clause: Forcing endless battles is banned
|rule|Species Clause: Limit one of each Pokémon
|rule|OHKO Clause: OHKO moves are banned
|rule|Evasion Items Clause: Evasion items are banned
|rule|Evasion Moves Clause: Evasion moves are banned
|rule|Evasion Abilities Clause: Evasion abilities are banned
|rule|Sleep Moves Clause: Sleep-inducing moves are banned
|clearpoke
|poke|p1|Tornadus-Therian, M|
|poke|p1|Slowking-Galar, M|
|poke|p1|Meowscarada, F|
|poke|p1|Iron Treads|
|poke|p1|Zamazenta-*|
|poke|p1|Raging Bolt|
|poke|p2|Pawmot, M|
|poke|p2|Primarina, F|
|poke|p2|Blissey, F|
|poke|p2|Kingambit, F|
|poke|p2|Bisharp, F|
|poke|p2|Dragapult, F|
|teampreview
|inactive|Battle timer is ON: inactive players will automatically lose when time's up. (requested by ManWhoCouldntCook)
|
|t:|1760382690
|teamsize|p1|6
|teamsize|p2|6
|start
|switch|p1a: Tornadus|Tornadus-Therian, M|100/100
|switch|p2a: easter rabbit|Pawmot, M|100/100
|turn|1
|
|t:|1760382703
|move|p1a: Tornadus|U-turn|p2a: easter rabbit
|-resisted|p2a: easter rabbit
|-damage|p2a: easter rabbit|89/100
|-damage|p1a: Tornadus|84/100|[from] item: Rocky Helmet|[of] p2a: easter rabbit
|
|t:|1760382707
|switch|p1a: Iron Treads|Iron Treads|100/100|[from] U-turn
|move|p2a: easter rabbit|Knock Off|p1a: Iron Treads
|-damage|p1a: Iron Treads|73/100
|-enditem|p1a: Iron Treads|Leftovers|[from] move: Knock Off|[of] p2a: easter rabbit
|
|upkeep
|turn|2
|
|t:|1760382717
|switch|p2a: Primarina|Primarina, F|100/100
|-item|p2a: Primarina|Air Balloon
|move|p1a: Iron Treads|Earthquake|p2a: Primarina
|-immune|p2a: Primarina
|
|upkeep
|turn|3
|
|t:|1760382723
|-end|p1a: Iron Treads|Quark Drive|[silent]
|switch|p1a: Tornadus|Tornadus-Therian, M|100/100
|move|p2a: Primarina|Flip Turn|p1a: Tornadus
|-damage|p1a: Tornadus|83/100
|
|t:|1760382729
|switch|p2a: The Holy Ghost|Dragapult, F|100/100|[from] Flip Turn
|
|upkeep
|turn|4
|
|t:|1760382740
|move|p2a: The Holy Ghost|Thunder Wave|p1a: Tornadus
|-status|p1a: Tornadus|par
|move|p1a: Tornadus|U-turn|p2a: The Holy Ghost
|-resisted|p2a: The Holy Ghost
|-damage|p2a: The Holy Ghost|92/100
|
|t:|1760382743
|switch|p1a: Meowscarada|Meowscarada, F|100/100|[from] U-turn
|
|upkeep
|turn|5
|
|t:|1760382750
|switch|p2a: easter rabbit|Pawmot, M|89/100
|move|p1a: Meowscarada|Knock Off|p2a: easter rabbit
|-start|p1a: Meowscarada|typechange|Dark|[from] ability: Protean
|-resisted|p2a: easter rabbit
|-damage|p2a: easter rabbit|50/100
|-damage|p1a: Meowscarada|84/100|[from] item: Rocky Helmet|[of] p2a: easter rabbit
|-enditem|p2a: easter rabbit|Rocky Helmet|[from] move: Knock Off|[of] p1a: Meowscarada
|
|upkeep
|turn|6
|
|t:|1760382777
|switch|p1a: Zamazenta|Zamazenta|100/100
|-ability|p1a: Zamazenta|Dauntless Shield|boost
|-boost|p1a: Zamazenta|def|1
|move|p2a: easter rabbit|Close Combat|p1a: Zamazenta
|-damage|p1a: Zamazenta|75/100
|-unboost|p2a: easter rabbit|def|1
|-unboost|p2a: easter rabbit|spd|1
|
|-heal|p1a: Zamazenta|81/100|[from] item: Leftovers
|upkeep
|turn|7
|
|t:|1760382781
|move|p1a: Zamazenta|Body Press|p2a: easter rabbit
|-damage|p2a: easter rabbit|0 fnt
|faint|p2a: easter rabbit
|
|-heal|p1a: Zamazenta|87/100|[from] item: Leftovers
|upkeep
|
|t:|1760382785
|switch|p2a: The Holy Ghost|Dragapult, F|92/100
|turn|8
|inactive|Noker504 has 120 seconds left.
|
|t:|1760382830
|switch|p1a: Tornadus|Tornadus-Therian, M|100/100 par
|move|p2a: The Holy Ghost|Will-O-Wisp|p1a: Tornadus|[miss]
|-miss|p2a: The Holy Ghost|p1a: Tornadus
|
|upkeep
|turn|9
|
|t:|1760382836
|switch|p2a: chocolate egg|Blissey, F|100/100
|move|p1a: Tornadus|U-turn|p2a: chocolate egg
|-damage|p2a: chocolate egg|87/100
|
|t:|1760382846
|switch|p1a: Meowscarada|Meowscarada, F|84/100|[from] U-turn
|
|upkeep
|turn|10
|
|t:|1760382855
|switch|p2a: The Son|Bisharp, F|100/100
|move|p1a: Meowscarada|U-turn|p2a: The Son
|-start|p1a: Meowscarada|typechange|Bug|[from] ability: Protean
|-damage|p2a: The Son|78/100
|inactive|Noker504 has 120 seconds left.
|
|t:|1760382864
|switch|p1a: Zamazenta|Zamazenta|87/100|[from] U-turn
|
|-heal|p1a: Zamazenta|93/100|[from] item: Leftovers
|upkeep
|turn|11
|
|t:|1760382870
|move|p1a: Zamazenta|Crunch|p2a: The Son
|-resisted|p2a: The Son
|-damage|p2a: The Son|70/100
|move|p2a: The Son|Thunder Wave|p1a: Zamazenta
|-status|p1a: Zamazenta|par
|
|-heal|p1a: Zamazenta|99/100 par|[from] item: Leftovers
|upkeep
|turn|12
|
|t:|1760382875
|switch|p2a: Primarina|Primarina, F|100/100
|-item|p2a: Primarina|Air Balloon
|move|p1a: Zamazenta|Iron Defense|p1a: Zamazenta
|-boost|p1a: Zamazenta|def|2
|
|-heal|p1a: Zamazenta|100/100 par|[from] item: Leftovers
|upkeep
|turn|13
|
|t:|1760382880
|switch|p1a: Slowking|Slowking-Galar, M|100/100
|move|p2a: Primarina|Flip Turn|p1a: Slowking
|-damage|p1a: Slowking|85/100
|
|t:|1760382884
|switch|p2a: chocolate egg|Blissey, F|87/100|[from] Flip Turn
|
|upkeep
|turn|14
|
|t:|1760382896
|move|p2a: chocolate egg|Stealth Rock|p1a: Slowking
|-sidestart|p1: Noker504|move: Stealth Rock
|-prepare|p1a: Slowking|Chilly Reception|[premajor]
|move|p1a: Slowking|Chilly Reception|p1a: Slowking
|-weather|Snowscape
|
|t:|1760382898
|switch|p1a: Iron Treads|Iron Treads|73/100|[from] Chilly Reception
|-damage|p1a: Iron Treads|70/100|[from] Stealth Rock
|
|-weather|Snowscape|[upkeep]
|upkeep
|turn|15
|
|t:|1760382902
|move|p1a: Iron Treads|Knock Off|p2a: chocolate egg
|-damage|p2a: chocolate egg|59/100
|-enditem|p2a: chocolate egg|Heavy-Duty Boots|[from] move: Knock Off|[of] p1a: Iron Treads
|move|p2a: chocolate egg|Seismic Toss|p1a: Iron Treads
|-damage|p1a: Iron Treads|39/100
|
|-weather|Snowscape|[upkeep]
|upkeep
|turn|16
|
|t:|1760382905
|switch|p2a: The Holy Ghost|Dragapult, F|92/100
|move|p1a: Iron Treads|Stealth Rock|p2a: The Holy Ghost
|-sidestart|p2: ManWhoCouldntCook|move: Stealth Rock
|
|-weather|Snowscape|[upkeep]
|upkeep
|turn|17
|
|t:|1760382909
|move|p2a: The Holy Ghost|Dragon Darts|p1a: Iron Treads
|-resisted|p1a: Iron Treads
|-damage|p1a: Iron Treads|29/100
|-anim|p2a: The Holy Ghost|Dragon Darts|p1a: Iron Treads
|-resisted|p1a: Iron Treads
|-damage|p1a: Iron Treads|21/100
|move|p1a: Iron Treads|Knock Off|p2a: The Holy Ghost
|-supereffective|p2a: The Holy Ghost
|-damage|p2a: The Holy Ghost|13/100
|-enditem|p2a: The Holy Ghost|Heavy-Duty Boots|[from] move: Knock Off|[of] p1a: Iron Treads
|
|-weather|Snowscape|[upkeep]
|upkeep
|turn|18
|
|t:|1760382914
|move|p2a: The Holy Ghost|Dragon Darts|p1a: Iron Treads
|-resisted|p1a: Iron Treads
|-damage|p1a: Iron Treads|12/100
|-anim|p2a: The Holy Ghost|Dragon Darts|p1a: Iron Treads
|-resisted|p1a: Iron Treads
|-damage|p1a: Iron Treads|2/100
|move|p1a: Iron Treads|Knock Off|p2a: The Holy Ghost
|-supereffective|p2a: The Holy Ghost
|-damage|p2a: The Holy Ghost|0 fnt
|faint|p2a: The Holy Ghost
|
|-weather|none
|upkeep
|
|t:|1760382916
|switch|p2a: The Son|Bisharp, F|70/100
|-damage|p2a: The Son|64/100|[from] Stealth Rock
|turn|19
|
|t:|1760382922
|move|p2a: The Son|Sucker Punch|p1a: Iron Treads
|-damage|p1a: Iron Treads|0 fnt
|faint|p1a: Iron Treads
|-end|p1a: Iron Treads|Quark Drive|[silent]
|
|upkeep
|
|t:|1760382926
|switch|p1a: Raging Bolt|Raging Bolt|100/100
|-damage|p1a: Raging Bolt|88/100|[from] Stealth Rock
|-enditem|p1a: Raging Bolt|Booster Energy
|-activate|p1a: Raging Bolt|ability: Protosynthesis|[fromitem]
|-start|p1a: Raging Bolt|protosynthesisspa
|turn|20
|
|t:|1760382930
|switch|p2a: chocolate egg|Blissey, F|59/100
|-damage|p2a: chocolate egg|47/100|[from] Stealth Rock
|move|p1a: Raging Bolt|Calm Mind|p1a: Raging Bolt
|-boost|p1a: Raging Bolt|spa|1
|-boost|p1a: Raging Bolt|spd|1
|
|upkeep
|turn|21
|
|t:|1760382933
|move|p1a: Raging Bolt|Thunderbolt|p2a: chocolate egg
|-damage|p2a: chocolate egg|10/100
|move|p2a: chocolate egg|Soft-Boiled|p2a: chocolate egg
|-heal|p2a: chocolate egg|60/100
|
|upkeep
|turn|22
|
|t:|1760382935
|move|p1a: Raging Bolt|Thunderbolt|p2a: chocolate egg
|-damage|p2a: chocolate egg|24/100
|move|p2a: chocolate egg|Seismic Toss|p1a: Raging Bolt
|-damage|p1a: Raging Bolt|63/100
|
|upkeep
|turn|23
|
|t:|1760382938
|move|p1a: Raging Bolt|Thunderbolt|p2a: chocolate egg
|-damage|p2a: chocolate egg|0 fnt
|faint|p2a: chocolate egg
|
|upkeep
|
|t:|1760382944
|switch|p2a: Primarina|Primarina, F|100/100
|-damage|p2a: Primarina|88/100|[from] Stealth Rock
|-item|p2a: Primarina|Air Balloon
|turn|24
|
|t:|1760382946
|move|p1a: Raging Bolt|Thunderbolt|p2a: Primarina
|-supereffective|p2a: Primarina
|-damage|p2a: Primarina|0 fnt
|-enditem|p2a: Primarina|Air Balloon
|faint|p2a: Primarina
|
|upkeep
|
|t:|1760382951
|switch|p2a: The Son|Bisharp, F|64/100
|-damage|p2a: The Son|58/100|[from] Stealth Rock
|turn|25
|
|t:|1760382953
|move|p2a: The Son|Sucker Punch|p1a: Raging Bolt
|-damage|p1a: Raging Bolt|23/100
|move|p1a: Raging Bolt|Thunderbolt|p2a: The Son
|-damage|p2a: The Son|0 fnt
|faint|p2a: The Son
|
|upkeep
|
|t:|1760382955
|switch|p2a: The Father|Kingambit, F|100/100
|-damage|p2a: The Father|94/100|[from] Stealth Rock
|-activate|p2a: The Father|ability: Supreme Overlord
|-start|p2a: The Father|fallen5|[silent]
|turn|26
|
|t:|1760382958
|move|p1a: Raging Bolt|Thunderclap|p2a: The Father
|-damage|p2a: The Father|19/100
|move|p2a: The Father|Sucker Punch||[still]
|-fail|p2a: The Father
|
|-heal|p2a: The Father|25/100|[from] item: Leftovers
|upkeep
|turn|27
|
|t:|1760382961
|move|p2a: The Father|Sucker Punch|p1a: Raging Bolt
|-damage|p1a: Raging Bolt|0 fnt
|faint|p1a: Raging Bolt
|-end|p1a: Raging Bolt|Protosynthesis|[silent]
|
|-heal|p2a: The Father|32/100|[from] item: Leftovers
|upkeep
|
|t:|1760382963
|switch|p1a: Meowscarada|Meowscarada, F|84/100
|-damage|p1a: Meowscarada|72/100|[from] Stealth Rock
|turn|28
|
|t:|1760382966
|move|p2a: The Father|Sucker Punch|p1a: Meowscarada
|-resisted|p1a: Meowscarada
|-damage|p1a: Meowscarada|20/100
|move|p1a: Meowscarada|U-turn|p2a: The Father
|-start|p1a: Meowscarada|typechange|Bug|[from] ability: Protean
|-damage|p2a: The Father|9/100
|
|t:|1760382970
|switch|p1a: Zamazenta|Zamazenta|100/100 par|[from] U-turn
|-damage|p1a: Zamazenta|94/100 par|[from] Stealth Rock
|
|-heal|p1a: Zamazenta|100/100 par|[from] item: Leftovers
|-heal|p2a: The Father|16/100|[from] item: Leftovers
|upkeep
|turn|29
|
|t:|1760382973
|-terastallize|p2a: The Father|Fire
|cant|p1a: Zamazenta|par
|move|p2a: The Father|Low Kick|p1a: Zamazenta
|-damage|p1a: Zamazenta|53/100 par
|
|-heal|p1a: Zamazenta|59/100 par|[from] item: Leftovers
|-heal|p2a: The Father|22/100|[from] item: Leftovers
|upkeep
|turn|30
|
|t:|1760382976
|move|p1a: Zamazenta|Body Press|p2a: The Father
|-damage|p2a: The Father|0 fnt
|faint|p2a: The Father
|-end|p2a: The Father|fallen5|[silent]
|
|win|Noker504
|raw|Noker504's rating: 1449 &rarr; <strong>1471</strong><br />(+22 for winning)
|raw|ManWhoCouldntCook's rating: 1492 &rarr; <strong>1470</strong><br />(-22 for losing)
|l|☆ManWhoCouldntCook
|player|p2|
|l|☆Noker504
|player|p1|
|j|☆ManWhoCouldntCook
|player|p2|ManWhoCouldntCook|266|
|l|☆ManWhoCouldntCook
|player|p2|
