|j|☆XxBornToLosexX
|j|☆Clock Obsessed
|t:|1760303040
|gametype|singles
|player|p1|XxBornToLosexX|firebreather|1364
|player|p2|Clock Obsessed|2|1367
|gen|9
|tier|[Gen 9] OU
|rated|
|rule|HP Percentage Mod: HP is shown in percentages
|rule|Endless Battle Clause: Forcing endless battles is banned
|rule|Species Clause: Limit one of each Pokémon
|rule|OHKO Clause: OHKO moves are banned
|rule|Evasion Items Clause: Evasion items are banned
|rule|Evasion Moves Clause: Evasion moves are banned
|rule|Evasion Abilities Clause: Evasion abilities are banned
|rule|Sleep Moves Clause: Sleep-inducing moves are banned
|clearpoke
|poke|p1|Ribombee, M|
|poke|p1|Gholdengo|
|poke|p1|Arcanine-Hisui, M|
|poke|p1|Great Tusk|
|poke|p1|Zapdos|
|poke|p1|Samurott-Hisui, M|
|poke|p2|Dondozo, F|
|poke|p2|Blissey, F|
|poke|p2|Corviknight, M|
|poke|p2|Weezing-Galar, M|
|poke|p2|Gliscor, F|
|poke|p2|Toxapex, M|
|teampreview
|inactive|Battle timer is ON: inactive players will automatically lose when time's up. (requested by XxBornToLosexX)
|
|t:|1760303056
|teamsize|p1|6
|teamsize|p2|6
|start
|switch|p1a: Ribombee|Ribombee, M|100/100
|switch|p2a: Blissey|Blissey, F|100/100
|turn|1
|
|t:|1760303063
|move|p1a: Ribombee|Sticky Web|p2a: Blissey
|-sidestart|p2: Clock Obsessed|move: Sticky Web
|move|p2a: Blissey|Seismic Toss|p1a: Ribombee
|-damage|p1a: Ribombee|62/100
|
|upkeep
|turn|2
|
|t:|1760303069
|switch|p1a: Arcanine|Arcanine-Hisui, M|100/100
|move|p2a: Blissey|Seismic Toss|p1a: Arcanine
|-damage|p1a: Arcanine|70/100
|
|upkeep
|turn|3
|
|t:|1760303078
|switch|p2a: Toxapex|Toxapex, M|100/100
|-activate|p2a: Toxapex|move: Sticky Web
|-unboost|p2a: Toxapex|spe|1
|move|p1a: Arcanine|Head Smash|p2a: Toxapex
|-damage|p2a: Toxapex|26/100
|-damage|p1a: Arcanine|60/100|[from] item: Life Orb
|
|-heal|p2a: Toxapex|32/100|[from] item: Leftovers
|upkeep
|turn|4
|
|t:|1760303091
|switch|p1a: Zapdos|Zapdos|100/100
|switch|p2a: Gliscor|Gliscor, F|100/100
|
|-status|p2a: Gliscor|tox|[from] item: Toxic Orb
|upkeep
|turn|5
|
|t:|1760303100
|switch|p1a: Gholdengo|Gholdengo|100/100
|-item|p1a: Gholdengo|Air Balloon
|move|p2a: Gliscor|Knock Off|p1a: Gholdengo
|-supereffective|p1a: Gholdengo
|-damage|p1a: Gholdengo|56/100
|-enditem|p1a: Gholdengo|Air Balloon
|
|upkeep
|turn|6
|
|t:|1760303110
|switch|p1a: Samurott|Samurott-Hisui, M|100/100
|move|p2a: Gliscor|Protect||[still]
|-fail|p2a: Gliscor
|
|upkeep
|turn|7
|
|t:|1760303118
|switch|p2a: Weezing|Weezing-Galar, M|100/100
|-ability|p2a: Weezing|Neutralizing Gas
|move|p1a: Samurott|Ceaseless Edge|p2a: Weezing|[miss]
|-miss|p1a: Samurott|p2a: Weezing
|
|upkeep
|turn|8
|
|t:|1760303126
|switch|p1a: Gholdengo|Gholdengo|56/100
|move|p2a: Weezing|Will-O-Wisp|p1a: Gholdengo
|-status|p1a: Gholdengo|brn
|
|-damage|p1a: Gholdengo|50/100 brn|[from] brn
|upkeep
|turn|9
|
|t:|1760303135
|move|p1a: Gholdengo|Make It Rain|p2a: Weezing
|-supereffective|p2a: Weezing
|-damage|p2a: Weezing|0 fnt
|-unboost|p1a: Gholdengo|spa|1
|faint|p2a: Weezing
|-end|p2a: Weezing|ability: Neutralizing Gas
|
|-damage|p1a: Gholdengo|44/100 brn|[from] brn
|upkeep
|
|t:|1760303151
|switch|p2a: Toxapex|Toxapex, M|66/100
|-activate|p2a: Toxapex|move: Sticky Web
|-unboost|p2a: Toxapex|spe|1
|turn|10
|
|t:|1760303156
|move|p1a: Gholdengo|Nasty Plot|p1a: Gholdengo
|-boost|p1a: Gholdengo|spa|2
|move|p2a: Toxapex|Toxic Spikes|p1a: Gholdengo
|-sidestart|p1: XxBornToLosexX|move: Toxic Spikes
|
|-heal|p2a: Toxapex|72/100|[from] item: Leftovers
|-damage|p1a: Gholdengo|38/100 brn|[from] brn
|upkeep
|turn|11
|
|t:|1760303163
|move|p1a: Gholdengo|Nasty Plot|p1a: Gholdengo
|-boost|p1a: Gholdengo|spa|2
|move|p2a: Toxapex|Haze|p2a: Toxapex
|-clearallboost
|
|-heal|p2a: Toxapex|78/100|[from] item: Leftovers
|-damage|p1a: Gholdengo|32/100 brn|[from] brn
|upkeep
|turn|12
|
|t:|1760303172
|switch|p1a: Great Tusk|Great Tusk|100/100
|move|p2a: Toxapex|Recover|p2a: Toxapex
|-heal|p2a: Toxapex|100/100
|
|upkeep
|turn|13
|
|t:|1760303178
|switch|p2a: Corviknight|Corviknight, M|100/100
|-ability|p2a: Corviknight|Pressure
|move|p1a: Great Tusk|Stealth Rock|p2a: Corviknight
|-sidestart|p2: Clock Obsessed|move: Stealth Rock
|
|upkeep
|turn|14
|
|t:|1760303187
|-end|p1a: Great Tusk|Protosynthesis|[silent]
|switch|p1a: Gholdengo|Gholdengo|32/100 brn
|move|p2a: Corviknight|Defog|p1a: Gholdengo
|-immune|p1a: Gholdengo|[from] ability: Good as Gold
|
|-damage|p1a: Gholdengo|26/100 brn|[from] brn
|upkeep
|turn|15
|
|t:|1760303198
|switch|p2a: Toxapex|Toxapex, M|100/100
|-activate|p2a: Toxapex|move: Sticky Web
|-unboost|p2a: Toxapex|spe|1
|-damage|p2a: Toxapex|88/100|[from] Stealth Rock
|move|p1a: Gholdengo|Shadow Ball|p2a: Toxapex
|-damage|p2a: Toxapex|62/100
|
|-heal|p2a: Toxapex|69/100|[from] item: Leftovers
|-damage|p1a: Gholdengo|20/100 brn|[from] brn
|upkeep
|turn|16
|
|t:|1760303212
|switch|p1a: Samurott|Samurott-Hisui, M|100/100
|-status|p1a: Samurott|psn
|move|p2a: Toxapex|Recover|p2a: Toxapex
|-heal|p2a: Toxapex|100/100
|
|-damage|p1a: Samurott|88/100 psn|[from] psn
|upkeep
|turn|17
|
|t:|1760303222
|switch|p2a: Corviknight|Corviknight, M|100/100
|-damage|p2a: Corviknight|88/100|[from] Stealth Rock
|-ability|p2a: Corviknight|Pressure
|move|p1a: Samurott|Ceaseless Edge|p2a: Corviknight
|-damage|p2a: Corviknight|64/100
|-sidestart|p2: Clock Obsessed|Spikes
|
|-heal|p2a: Corviknight|70/100|[from] item: Leftovers
|-damage|p1a: Samurott|76/100 psn|[from] psn
|upkeep
|turn|18
|
|t:|1760303233
|switch|p1a: Gholdengo|Gholdengo|20/100 brn
|move|p2a: Corviknight|Defog|p1a: Gholdengo
|-immune|p1a: Gholdengo|[from] ability: Good as Gold
|
|-heal|p2a: Corviknight|76/100|[from] item: Leftovers
|-damage|p1a: Gholdengo|14/100 brn|[from] brn
|upkeep
|turn|19
|
|t:|1760303245
|switch|p1a: Zapdos|Zapdos|100/100
|switch|p2a: Toxapex|Toxapex, M|100/100
|-activate|p2a: Toxapex|move: Sticky Web
|-unboost|p2a: Toxapex|spe|1
|-damage|p2a: Toxapex|88/100|[from] Stealth Rock
|-damage|p2a: Toxapex|75/100|[from] Spikes
|
|-heal|p2a: Toxapex|82/100|[from] item: Leftovers
|upkeep
|turn|20
|
|t:|1760303260
|switch|p2a: Gliscor|Gliscor, F|100/100 tox
|-damage|p2a: Gliscor|88/100 tox|[from] Stealth Rock
|move|p1a: Zapdos|Thunder Wave|p2a: Gliscor
|-immune|p2a: Gliscor
|
|-heal|p2a: Gliscor|100/100 tox|[from] ability: Poison Heal
|upkeep
|turn|21
|
|t:|1760303271
|move|p1a: Zapdos|Hurricane|p2a: Gliscor
|-damage|p2a: Gliscor|60/100 tox
|move|p2a: Gliscor|Knock Off|p1a: Zapdos
|-damage|p1a: Zapdos|84/100
|-enditem|p1a: Zapdos|Heavy-Duty Boots|[from] move: Knock Off|[of] p2a: Gliscor
|
|-heal|p2a: Gliscor|72/100 tox|[from] ability: Poison Heal
|upkeep
|turn|22
|
|t:|1760303296
|move|p2a: Gliscor|Protect|p2a: Gliscor
|-singleturn|p2a: Gliscor|Protect
|move|p1a: Zapdos|Hurricane|p2a: Gliscor
|-activate|p2a: Gliscor|move: Protect
|
|-heal|p2a: Gliscor|85/100 tox|[from] ability: Poison Heal
|upkeep
|turn|23
|
|t:|1760303306
|switch|p2a: Blissey|Blissey, F|100/100
|-activate|p2a: Blissey|move: Sticky Web
|-unboost|p2a: Blissey|spe|1
|-damage|p2a: Blissey|88/100|[from] Stealth Rock
|-damage|p2a: Blissey|75/100|[from] Spikes
|move|p1a: Zapdos|Thunder Wave|p2a: Blissey|[miss]
|-miss|p1a: Zapdos|p2a: Blissey
|
|-heal|p2a: Blissey|82/100|[from] item: Leftovers
|upkeep
|turn|24
|
|t:|1760303318
|move|p1a: Zapdos|Volt Switch|p2a: Blissey
|-damage|p2a: Blissey|72/100
|
|t:|1760303323
|switch|p1a: Arcanine|Arcanine-Hisui, M|60/100|[from] Volt Switch
|-status|p1a: Arcanine|psn
|move|p2a: Blissey|Stealth Rock|p1a: Arcanine
|-sidestart|p1: XxBornToLosexX|move: Stealth Rock
|
|-heal|p2a: Blissey|78/100|[from] item: Leftovers
|-damage|p1a: Arcanine|48/100 psn|[from] psn
|upkeep
|turn|25
|
|t:|1760303333
|switch|p2a: Toxapex|Toxapex, M|100/100
|-activate|p2a: Toxapex|move: Sticky Web
|-unboost|p2a: Toxapex|spe|1
|-damage|p2a: Toxapex|88/100|[from] Stealth Rock
|-damage|p2a: Toxapex|75/100|[from] Spikes
|move|p1a: Arcanine|Head Smash|p2a: Toxapex|[miss]
|-miss|p1a: Arcanine|p2a: Toxapex
|
|-heal|p2a: Toxapex|82/100|[from] item: Leftovers
|-damage|p1a: Arcanine|36/100 psn|[from] psn
|upkeep
|turn|26
|
|t:|1760303345
|move|p1a: Arcanine|Head Smash|p2a: Toxapex
|-damage|p2a: Toxapex|7/100
|-damage|p1a: Arcanine|26/100 psn|[from] item: Life Orb
|move|p2a: Toxapex|Recover|p2a: Toxapex
|-heal|p2a: Toxapex|57/100
|
|-heal|p2a: Toxapex|64/100|[from] item: Leftovers
|-damage|p1a: Arcanine|13/100 psn|[from] psn
|upkeep
|turn|27
|
|t:|1760303359
|switch|p2a: Dondozo|Dondozo, F|100/100
|-activate|p2a: Dondozo|move: Sticky Web
|-unboost|p2a: Dondozo|spe|1
|-damage|p2a: Dondozo|88/100|[from] Stealth Rock
|-damage|p2a: Dondozo|76/100|[from] Spikes
|move|p1a: Arcanine|Head Smash|p2a: Dondozo
|-damage|p2a: Dondozo|38/100
|-damage|p1a: Arcanine|3/100 psn|[from] item: Life Orb
|
|-heal|p2a: Dondozo|44/100|[from] item: Leftovers
|-damage|p1a: Arcanine|0 fnt|[from] psn
|faint|p1a: Arcanine
|upkeep
|
|t:|1760303367
|switch|p1a: Great Tusk|Great Tusk|100/100
|turn|28
|
|t:|1760303378
|switch|p2a: Corviknight|Corviknight, M|76/100
|-damage|p2a: Corviknight|64/100|[from] Stealth Rock
|-ability|p2a: Corviknight|Pressure
|move|p1a: Great Tusk|Rapid Spin|p2a: Corviknight
|-resisted|p2a: Corviknight
|-damage|p2a: Corviknight|58/100
|-boost|p1a: Great Tusk|spe|1
|-sideend|p1: XxBornToLosexX|Toxic Spikes|[from] move: Rapid Spin|[of] p1a: Great Tusk
|-sideend|p1: XxBornToLosexX|Stealth Rock|[from] move: Rapid Spin|[of] p1a: Great Tusk
|
|-heal|p2a: Corviknight|65/100|[from] item: Leftovers
|upkeep
|turn|29
|
|t:|1760303390
|-end|p1a: Great Tusk|Protosynthesis|[silent]
|switch|p1a: Gholdengo|Gholdengo|14/100 brn
|move|p2a: Corviknight|Roost|p2a: Corviknight
|-heal|p2a: Corviknight|100/100
|-singleturn|p2a: Corviknight|move: Roost
|
|-damage|p1a: Gholdengo|8/100 brn|[from] brn
|upkeep
|turn|30
|
|t:|1760303401
|switch|p2a: Toxapex|Toxapex, M|97/100
|-activate|p2a: Toxapex|move: Sticky Web
|-unboost|p2a: Toxapex|spe|1
|-damage|p2a: Toxapex|84/100|[from] Stealth Rock
|-damage|p2a: Toxapex|72/100|[from] Spikes
|move|p1a: Gholdengo|Shadow Ball|p2a: Toxapex
|-damage|p2a: Toxapex|44/100
|
|-heal|p2a: Toxapex|50/100|[from] item: Leftovers
|-damage|p1a: Gholdengo|2/100 brn|[from] brn
|upkeep
|turn|31
|
|t:|1760303413
|switch|p1a: Samurott|Samurott-Hisui, M|76/100 psn
|move|p2a: Toxapex|Recover|p2a: Toxapex
|-heal|p2a: Toxapex|99/100
|
|-heal|p2a: Toxapex|100/100|[from] item: Leftovers
|-damage|p1a: Samurott|64/100 psn|[from] psn
|upkeep
|turn|32
|
|t:|1760303424
|switch|p2a: Corviknight|Corviknight, M|100/100
|-damage|p2a: Corviknight|88/100|[from] Stealth Rock
|-ability|p2a: Corviknight|Pressure
|move|p1a: Samurott|Ceaseless Edge|p2a: Corviknight
|-damage|p2a: Corviknight|61/100
|-sidestart|p2: Clock Obsessed|Spikes
|
|-heal|p2a: Corviknight|68/100|[from] item: Leftovers
|-damage|p1a: Samurott|51/100 psn|[from] psn
|upkeep
|turn|33
|
|t:|1760303436
|switch|p1a: Gholdengo|Gholdengo|2/100 brn
|move|p2a: Corviknight|Defog|p1a: Gholdengo
|-immune|p1a: Gholdengo|[from] ability: Good as Gold
|
|-heal|p2a: Corviknight|74/100|[from] item: Leftovers
|-damage|p1a: Gholdengo|0 fnt|[from] brn
|faint|p1a: Gholdengo
|upkeep
|
|t:|1760303440
|switch|p1a: Zapdos|Zapdos|84/100
|turn|34
|
|t:|1760303449
|switch|p2a: Blissey|Blissey, F|78/100
|-activate|p2a: Blissey|move: Sticky Web
|-unboost|p2a: Blissey|spe|1
|-damage|p2a: Blissey|66/100|[from] Stealth Rock
|-damage|p2a: Blissey|49/100|[from] Spikes
|move|p1a: Zapdos|Volt Switch|p2a: Blissey
|-damage|p2a: Blissey|41/100
|
|t:|1760303453
|switch|p1a: Great Tusk|Great Tusk|100/100|[from] Volt Switch
|
|-heal|p2a: Blissey|47/100|[from] item: Leftovers
|upkeep
|turn|35
|
|t:|1760303465
|switch|p2a: Gliscor|Gliscor, F|85/100 tox
|-damage|p2a: Gliscor|72/100 tox|[from] Stealth Rock
|move|p1a: Great Tusk|Headlong Rush|p2a: Gliscor
|-immune|p2a: Gliscor
|
|-heal|p2a: Gliscor|85/100 tox|[from] ability: Poison Heal
|upkeep
|turn|36
|
|t:|1760303478
|move|p1a: Great Tusk|Ice Spinner|p2a: Gliscor
|-supereffective|p2a: Gliscor
|-damage|p2a: Gliscor|0 fnt
|faint|p2a: Gliscor
|
|upkeep
|
|t:|1760303485
|switch|p2a: Corviknight|Corviknight, M|74/100
|-damage|p2a: Corviknight|61/100|[from] Stealth Rock
|-ability|p2a: Corviknight|Pressure
|turn|37
|
|t:|1760303497
|-end|p1a: Great Tusk|Protosynthesis|[silent]
|switch|p1a: Zapdos|Zapdos|84/100
|move|p2a: Corviknight|Defog|p1a: Zapdos
|-unboost|p1a: Zapdos|evasion|1
|-sideend|p2: Clock Obsessed|Spikes|[from] move: Defog|[of] p2a: Corviknight
|-sideend|p2: Clock Obsessed|Stealth Rock|[from] move: Defog|[of] p2a: Corviknight
|-sideend|p2: Clock Obsessed|Sticky Web|[from] move: Defog|[of] p2a: Corviknight
|
|-heal|p2a: Corviknight|68/100|[from] item: Leftovers
|upkeep
|turn|38
|
|t:|1760303508
|switch|p2a: Blissey|Blissey, F|47/100
|move|p1a: Zapdos|Thunder Wave|p2a: Blissey
|-status|p2a: Blissey|par
|
|-heal|p2a: Blissey|53/100 par|[from] item: Leftovers
|upkeep
|turn|39
|
|t:|1760303516
|move|p1a: Zapdos|Volt Switch|p2a: Blissey
|-damage|p2a: Blissey|43/100 par
|
|t:|1760303519
|switch|p1a: Great Tusk|Great Tusk|100/100|[from] Volt Switch
|cant|p2a: Blissey|par
|
|-heal|p2a: Blissey|50/100 par|[from] item: Leftovers
|upkeep
|turn|40
|
|t:|1760303531
|-curestatus|p2a: Blissey|par|[from] ability: Natural Cure
|switch|p2a: Corviknight|Corviknight, M|68/100
|-ability|p2a: Corviknight|Pressure
|move|p1a: Great Tusk|Stealth Rock|p2a: Corviknight
|-sidestart|p2: Clock Obsessed|move: Stealth Rock
|
|-heal|p2a: Corviknight|74/100|[from] item: Leftovers
|upkeep
|turn|41
|
|t:|1760303544
|move|p1a: Great Tusk|Ice Spinner|p2a: Corviknight
|-damage|p2a: Corviknight|56/100
|move|p2a: Corviknight|Roost|p2a: Corviknight
|-heal|p2a: Corviknight|100/100
|-singleturn|p2a: Corviknight|move: Roost
|
|upkeep
|turn|42
|
|t:|1760303553
|-end|p1a: Great Tusk|Protosynthesis|[silent]
|switch|p1a: Zapdos|Zapdos|84/100
|move|p2a: Corviknight|Body Press|p1a: Zapdos
|-resisted|p1a: Zapdos
|-damage|p1a: Zapdos|74/100
|
|upkeep
|turn|43
|
|t:|1760303564
|switch|p2a: Blissey|Blissey, F|50/100
|-damage|p2a: Blissey|37/100|[from] Stealth Rock
|move|p1a: Zapdos|Volt Switch|p2a: Blissey
|-damage|p2a: Blissey|28/100
|
|t:|1760303568
|switch|p1a: Samurott|Samurott-Hisui, M|51/100 psn|[from] Volt Switch
|
|-heal|p2a: Blissey|35/100|[from] item: Leftovers
|-damage|p1a: Samurott|39/100 psn|[from] psn
|upkeep
|turn|44
|
|t:|1760303584
|-terastallize|p2a: Blissey|Dark
|move|p1a: Samurott|Ceaseless Edge|p2a: Blissey
|-resisted|p2a: Blissey
|-damage|p2a: Blissey|13/100
|-sidestart|p2: Clock Obsessed|Spikes
|move|p2a: Blissey|Soft-Boiled|p2a: Blissey
|-heal|p2a: Blissey|63/100
|
|-heal|p2a: Blissey|70/100|[from] item: Leftovers
|-damage|p1a: Samurott|27/100 psn|[from] psn
|upkeep
|turn|45
|
|t:|1760303594
|move|p1a: Samurott|Sacred Sword|p2a: Blissey
|-supereffective|p2a: Blissey
|-damage|p2a: Blissey|0 fnt
|faint|p2a: Blissey
|
|-damage|p1a: Samurott|15/100 psn|[from] psn
|upkeep
|
|t:|1760303601
|switch|p2a: Corviknight|Corviknight, M|100/100
|-damage|p2a: Corviknight|88/100|[from] Stealth Rock
|-ability|p2a: Corviknight|Pressure
|turn|46
|
|t:|1760303608
|move|p1a: Samurott|Razor Shell|p2a: Corviknight
|-damage|p2a: Corviknight|59/100
|-unboost|p2a: Corviknight|def|1
|move|p2a: Corviknight|Defog|p1a: Samurott
|-unboost|p1a: Samurott|evasion|1
|-sideend|p2: Clock Obsessed|Spikes|[from] move: Defog|[of] p2a: Corviknight
|-sideend|p2: Clock Obsessed|Stealth Rock|[from] move: Defog|[of] p2a: Corviknight
|
|-heal|p2a: Corviknight|66/100|[from] item: Leftovers
|-damage|p1a: Samurott|2/100 psn|[from] psn
|upkeep
|turn|47
|
|t:|1760303620
|switch|p2a: Toxapex|Toxapex, M|100/100
|move|p1a: Samurott|Ceaseless Edge|p2a: Toxapex|[miss]
|-miss|p1a: Samurott|p2a: Toxapex
|
|-damage|p1a: Samurott|0 fnt|[from] psn
|faint|p1a: Samurott
|upkeep
|
|t:|1760303622
|switch|p1a: Zapdos|Zapdos|74/100
|turn|48
|-message|Clock Obsessed forfeited.
|
|win|XxBornToLosexX
|raw|XxBornToLosexX's rating: 1364 &rarr; <strong>1384</strong><br />(+20 for winning)
|raw|Clock Obsessed's rating: 1367 &rarr; <strong>1347</strong><br />(-20 for losing)
|l|☆Clock Obsessed
|player|p2|
|c|☆XxBornToLosexX|And dont come back
