|j|☆periko29
|j|☆fgdgfdfgdfdggfd
|t:|1760444624
|gametype|singles
|player|p1|periko29|palmer|1194
|player|p2|fgdgfdfgdfdggfd|102|1194
|gen|9
|tier|[Gen 9] OU
|rated|
|rule|HP Percentage Mod: HP is shown in percentages
|rule|Endless Battle Clause: Forcing endless battles is banned
|rule|Species Clause: Limit one of each Pokémon
|rule|OHKO Clause: OHKO moves are banned
|rule|Evasion Items Clause: Evasion items are banned
|rule|Evasion Moves Clause: Evasion moves are banned
|rule|Evasion Abilities Clause: Evasion abilities are banned
|rule|Sleep Moves Clause: Sleep-inducing moves are banned
|clearpoke
|poke|p1|Clefable, M|
|poke|p1|Dragonite, M|
|poke|p1|Manaphy|
|poke|p1|Iron Valiant|
|poke|p1|Klefki, M|
|poke|p1|Cinderace, M|
|poke|p2|Pelipper, M|
|poke|p2|Tornadus-Therian, M|
|poke|p2|Iron Treads|
|poke|p2|Decidueye-Hisui, F|
|poke|p2|Barraskewda, F|
|poke|p2|Raging Bolt|
|teampreview
|
|t:|1760444633
|teamsize|p1|6
|teamsize|p2|6
|start
|switch|p1a: Klefki|Klefki, M, shiny|100/100
|switch|p2a: Pelipper|Pelipper, M|100/100
|-weather|RainDance|[from] ability: Drizzle|[of] p2a: Pelipper
|turn|1
|
|t:|1760444642
|move|p1a: Klefki|Light Screen|p1a: Klefki
|-sidestart|p1: periko29|move: Light Screen
|move|p2a: Pelipper|U-turn|p1a: Klefki
|-resisted|p1a: Klefki
|-damage|p1a: Klefki|99/100
|
|t:|1760444647
|switch|p2a: Decidueye|Decidueye-Hisui, F|100/100|[from] U-turn
|
|-weather|RainDance|[upkeep]
|upkeep
|turn|2
|
|t:|1760444653
|move|p1a: Klefki|Reflect|p1a: Klefki
|-sidestart|p1: periko29|Reflect
|move|p2a: Decidueye|Triple Arrows|p1a: Klefki
|-damage|p1a: Klefki|84/100
|-unboost|p1a: Klefki|def|1
|
|-weather|RainDance|[upkeep]
|upkeep
|turn|3
|
|t:|1760444659
|move|p1a: Klefki|Thunder Wave|p2a: Decidueye|[miss]
|-miss|p1a: Klefki|p2a: Decidueye
|move|p2a: Decidueye|Defog|p1a: Klefki
|-unboost|p1a: Klefki|evasion|1
|-sideend|p1: periko29|Reflect
|-sideend|p1: periko29|move: Light Screen
|
|-weather|RainDance|[upkeep]
|upkeep
|turn|4
|
|t:|1760444678
|move|p1a: Klefki|Thunder Wave|p2a: Decidueye
|-status|p2a: Decidueye|par
|move|p2a: Decidueye|Triple Arrows|p1a: Klefki
|-damage|p1a: Klefki|44/100
|
|-weather|RainDance|[upkeep]
|upkeep
|turn|5
|
|t:|1760444687
|switch|p1a: Clefable|Clefable, M|100/100
|cant|p2a: Decidueye|par
|
|-weather|RainDance|[upkeep]
|upkeep
|turn|6
|
|t:|1760444702
|switch|p2a: Iron Treads|Iron Treads|100/100
|move|p1a: Clefable|Psyshock|p2a: Iron Treads
|-resisted|p2a: Iron Treads
|-damage|p2a: Iron Treads|93/100
|
|-weather|RainDance|[upkeep]
|-heal|p2a: Iron Treads|99/100|[from] item: Leftovers
|upkeep
|turn|7
|
|t:|1760444714
|switch|p1a: Iron Valiant|Iron Valiant|100/100
|move|p2a: Iron Treads|Knock Off|p1a: Iron Valiant
|-resisted|p1a: Iron Valiant
|-damage|p1a: Iron Valiant|92/100
|-enditem|p1a: Iron Valiant|Choice Specs|[from] move: Knock Off|[of] p2a: Iron Treads
|
|-weather|RainDance|[upkeep]
|-heal|p2a: Iron Treads|100/100|[from] item: Leftovers
|upkeep
|turn|8
|
|t:|1760444725
|move|p1a: Iron Valiant|Shadow Ball|p2a: Iron Treads
|-damage|p2a: Iron Treads|77/100
|move|p2a: Iron Treads|Stealth Rock|p1a: Iron Valiant
|-sidestart|p1: periko29|move: Stealth Rock
|
|-weather|none
|-heal|p2a: Iron Treads|83/100|[from] item: Leftovers
|upkeep
|turn|9
|
|t:|1760444736
|-end|p1a: Iron Valiant|Quark Drive|[silent]
|switch|p1a: Cinderace|Cinderace, M|100/100
|move|p2a: Iron Treads|Earthquake|p1a: Cinderace
|-supereffective|p1a: Cinderace
|-damage|p1a: Cinderace|0 fnt
|faint|p1a: Cinderace
|
|-heal|p2a: Iron Treads|89/100|[from] item: Leftovers
|upkeep
|
|t:|1760444741
|switch|p1a: Dragonite|Dragonite, M|100/100
|turn|10
|
|t:|1760444747
|move|p1a: Dragonite|Earthquake|p2a: Iron Treads
|-supereffective|p2a: Iron Treads
|-damage|p2a: Iron Treads|31/100
|move|p2a: Iron Treads|Rapid Spin|p1a: Dragonite
|-damage|p1a: Dragonite|93/100
|-boost|p2a: Iron Treads|spe|1
|
|-heal|p2a: Iron Treads|37/100|[from] item: Leftovers
|upkeep
|turn|11
|
|t:|1760444757
|-terastallize|p1a: Dragonite|Normal
|move|p1a: Dragonite|Extreme Speed|p2a: Iron Treads
|-resisted|p2a: Iron Treads
|-damage|p2a: Iron Treads|20/100
|move|p2a: Iron Treads|Knock Off|p1a: Dragonite
|-damage|p1a: Dragonite|64/100
|-enditem|p1a: Dragonite|Heavy-Duty Boots|[from] move: Knock Off|[of] p2a: Iron Treads
|
|-heal|p2a: Iron Treads|26/100|[from] item: Leftovers
|upkeep
|turn|12
|
|t:|1760444769
|move|p2a: Iron Treads|Knock Off|p1a: Dragonite
|-damage|p1a: Dragonite|45/100
|move|p1a: Dragonite|Earthquake|p2a: Iron Treads
|-supereffective|p2a: Iron Treads
|-damage|p2a: Iron Treads|0 fnt
|faint|p2a: Iron Treads
|-end|p2a: Iron Treads|Quark Drive|[silent]
|
|upkeep
|
|t:|1760444776
|switch|p2a: Barraskewda|Barraskewda, F|100/100
|turn|13
|
|t:|1760444786
|-terastallize|p2a: Barraskewda|Water
|move|p1a: Dragonite|Extreme Speed|p2a: Barraskewda
|-crit|p2a: Barraskewda
|-damage|p2a: Barraskewda|0 fnt
|faint|p2a: Barraskewda
|
|upkeep
|
|t:|1760444793
|switch|p2a: Tornadus|Tornadus-Therian, M|100/100
|turn|14
|
|t:|1760444798
|switch|p2a: Pelipper|Pelipper, M|100/100
|-weather|RainDance|[from] ability: Drizzle|[of] p2a: Pelipper
|move|p1a: Dragonite|Extreme Speed|p2a: Pelipper
|-damage|p2a: Pelipper|64/100
|
|-weather|RainDance|[upkeep]
|upkeep
|turn|15
|
|t:|1760444809
|switch|p1a: Klefki|Klefki, M, shiny|44/100
|-damage|p1a: Klefki|38/100|[from] Stealth Rock
|move|p2a: Pelipper|U-turn|p1a: Klefki
|-resisted|p1a: Klefki
|-damage|p1a: Klefki|37/100
|
|t:|1760444823
|switch|p2a: Raging Bolt|Raging Bolt|100/100|[from] U-turn
|-enditem|p2a: Raging Bolt|Booster Energy
|-activate|p2a: Raging Bolt|ability: Protosynthesis|[fromitem]
|-start|p2a: Raging Bolt|protosynthesisspa
|
|-weather|RainDance|[upkeep]
|upkeep
|turn|16
|
|t:|1760444828
|move|p1a: Klefki|Light Screen|p1a: Klefki
|-sidestart|p1: periko29|move: Light Screen
|move|p2a: Raging Bolt|Thunder|p1a: Klefki
|-damage|p1a: Klefki|0 fnt
|faint|p1a: Klefki
|
|-weather|RainDance|[upkeep]
|upkeep
|
|t:|1760444844
|switch|p1a: Clefable|Clefable, M|100/100
|turn|17
|
|t:|1760444850
|move|p2a: Raging Bolt|Thunder|p1a: Clefable
|-damage|p1a: Clefable|64/100
|move|p1a: Clefable|Moonblast|p2a: Raging Bolt
|-supereffective|p2a: Raging Bolt
|-damage|p2a: Raging Bolt|38/100
|
|-weather|RainDance|[upkeep]
|-heal|p1a: Clefable|70/100|[from] item: Leftovers
|upkeep
|turn|18
|
|t:|1760444872
|move|p2a: Raging Bolt|Thunder|p1a: Clefable
|-damage|p1a: Clefable|28/100
|-status|p1a: Clefable|par
|cant|p1a: Clefable|par
|
|-weather|RainDance|[upkeep]
|-heal|p1a: Clefable|34/100 par|[from] item: Leftovers
|upkeep
|turn|19
|
|t:|1760444879
|move|p2a: Raging Bolt|Thunder|p1a: Clefable
|-damage|p1a: Clefable|0 fnt
|faint|p1a: Clefable
|
|-weather|RainDance|[upkeep]
|upkeep
|
|t:|1760444882
|switch|p1a: Iron Valiant|Iron Valiant|92/100
|-damage|p1a: Iron Valiant|86/100|[from] Stealth Rock
|turn|20
|
|t:|1760444894
|-end|p2a: Raging Bolt|Protosynthesis|[silent]
|switch|p2a: Decidueye|Decidueye-Hisui, F|100/100 par
|move|p1a: Iron Valiant|Moonblast|p2a: Decidueye
|-supereffective|p2a: Decidueye
|-damage|p2a: Decidueye|9/100 par
|
|-weather|RainDance|[upkeep]
|upkeep
|turn|21
|
|t:|1760444902
|move|p1a: Iron Valiant|Moonblast|p2a: Decidueye
|-supereffective|p2a: Decidueye
|-damage|p2a: Decidueye|0 fnt
|faint|p2a: Decidueye
|
|-weather|none
|upkeep
|
|t:|1760444907
|switch|p2a: Pelipper|Pelipper, M|64/100
|-weather|RainDance|[from] ability: Drizzle|[of] p2a: Pelipper
|turn|22
|
|t:|1760444912
|move|p1a: Iron Valiant|Thunderbolt|p2a: Pelipper
|-supereffective|p2a: Pelipper
|-damage|p2a: Pelipper|0 fnt
|faint|p2a: Pelipper
|
|-weather|RainDance|[upkeep]
|upkeep
|
|t:|1760444915
|switch|p2a: Raging Bolt|Raging Bolt|38/100
|turn|23
|
|t:|1760444919
|move|p1a: Iron Valiant|Moonblast|p2a: Raging Bolt
|-supereffective|p2a: Raging Bolt
|-damage|p2a: Raging Bolt|0 fnt
|faint|p2a: Raging Bolt
|-end|p2a: Raging Bolt|Protosynthesis|[silent]
|
|-weather|RainDance|[upkeep]
|-sideend|p1: periko29|move: Light Screen
|upkeep
|
|t:|1760444922
|switch|p2a: Tornadus|Tornadus-Therian, M|100/100
|turn|24
|
|t:|1760444925
|move|p2a: Tornadus|Hurricane|p1a: Iron Valiant
|-supereffective|p1a: Iron Valiant
|-damage|p1a: Iron Valiant|0 fnt
|faint|p1a: Iron Valiant
|-end|p1a: Iron Valiant|Quark Drive|[silent]
|
|-weather|RainDance|[upkeep]
|upkeep
|
|t:|1760444931
|switch|p1a: Dragonite|Dragonite, M, tera:Normal|45/100
|-damage|p1a: Dragonite|32/100|[from] Stealth Rock
|turn|25
|
|t:|1760444934
|move|p1a: Dragonite|Extreme Speed|p2a: Tornadus
|-damage|p2a: Tornadus|34/100
|move|p2a: Tornadus|Hurricane|p1a: Dragonite
|-crit|p1a: Dragonite
|-damage|p1a: Dragonite|0 fnt
|faint|p1a: Dragonite
|
|-weather|RainDance|[upkeep]
|upkeep
|
|t:|1760444939
|switch|p1a: Manaphy|Manaphy|100/100
|-damage|p1a: Manaphy|88/100|[from] Stealth Rock
|turn|26
|
|t:|1760444963
|move|p2a: Tornadus|Hurricane|p1a: Manaphy
|-damage|p1a: Manaphy|17/100
|move|p1a: Manaphy|Scald|p2a: Tornadus
|-damage|p2a: Tornadus|0 fnt
|faint|p2a: Tornadus
|
|win|periko29
|raw|periko29's rating: 1194 &rarr; <strong>1219</strong><br />(+25 for winning)
|raw|fgdgfdfgdfdggfd's rating: 1194 &rarr; <strong>1169</strong><br />(-25 for losing)
|l|☆fgdgfdfgdfdggfd
|player|p2|
|l|☆periko29
|player|p1|
