|j|☆jean moula
|j|☆Person435
|t:|1760389266
|gametype|singles
|player|p1|jean moula|burglar|1283
|player|p2|Person435|dancer|1334
|gen|9
|tier|[Gen 9] OU
|rated|
|rule|HP Percentage Mod: HP is shown in percentages
|rule|Endless Battle Clause: Forcing endless battles is banned
|rule|Species Clause: Limit one of each Pokémon
|rule|OHKO Clause: OHKO moves are banned
|rule|Evasion Items Clause: Evasion items are banned
|rule|Evasion Moves Clause: Evasion moves are banned
|rule|Evasion Abilities Clause: Evasion abilities are banned
|rule|Sleep Moves Clause: Sleep-inducing moves are banned
|clearpoke
|poke|p1|Landorus-Therian, M|
|poke|p1|Kingambit, F|
|poke|p1|Great Tusk|
|poke|p1|Gholdengo|
|poke|p1|Ogerpon-Wellspring, F|
|poke|p1|Whimsicott, M|
|poke|p2|Polteageist|
|poke|p2|Indeedee-F, F|
|poke|p2|Zapdos|
|poke|p2|Great Tusk|
|poke|p2|Ogerpon-Wellspring, F|
|poke|p2|Hatterene, F|
|teampreview
|inactive|Battle timer is ON: inactive players will automatically lose when time's up. (requested by Person435)
|inactive|jean moula has 120 seconds left.
|inactive|jean moula has 90 seconds left.
|
|t:|1760389348
|teamsize|p1|6
|teamsize|p2|6
|start
|switch|p1a: Whimsicott|Whimsicott, M|100/100
|switch|p2a: Indeedee|Indeedee-F, F|100/100
|-fieldstart|move: Psychic Terrain|[from] ability: Psychic Surge|[of] p2a: Indeedee
|turn|1
|
|t:|1760389363
|switch|p2a: Ogerpon|Ogerpon-Wellspring, F|100/100
|move|p1a: Whimsicott|U-turn|p2a: Ogerpon
|-supereffective|p2a: Ogerpon
|-damage|p2a: Ogerpon|72/100
|inactive|jean moula has 120 seconds left.
|
|t:|1760389392
|switch|p1a: Ogerpon|Ogerpon-Wellspring, F|100/100|[from] U-turn
|
|upkeep
|turn|2
|
|t:|1760389397
|switch|p2a: Zapdos|Zapdos|100/100
|move|p1a: Ogerpon|U-turn|p2a: Zapdos
|-resisted|p2a: Zapdos
|-damage|p2a: Zapdos|91/100
|inactive|jean moula has 120 seconds left.
|
|t:|1760389410
|switch|p1a: Landorus|Landorus-Therian, M|100/100|[from] U-turn
|-ability|p1a: Landorus|Intimidate|boost
|-unboost|p2a: Zapdos|atk|1
|
|upkeep
|turn|3
|inactive|jean moula has 120 seconds left.
|
|t:|1760389420
|switch|p2a: Great Tusk|Great Tusk|100/100
|move|p1a: Landorus|Stealth Rock|p2a: Great Tusk
|-sidestart|p2: Person435|move: Stealth Rock
|
|upkeep
|turn|4
|
|t:|1760389427
|move|p1a: Landorus|Earth Power|p2a: Great Tusk
|-damage|p2a: Great Tusk|49/100
|move|p2a: Great Tusk|Rapid Spin|p1a: Landorus
|-damage|p1a: Landorus|85/100
|-boost|p2a: Great Tusk|spe|1
|-damage|p2a: Great Tusk|32/100|[from] item: Rocky Helmet|[of] p1a: Landorus
|-sideend|p2: Person435|Stealth Rock|[from] move: Rapid Spin|[of] p2a: Great Tusk
|
|-heal|p2a: Great Tusk|39/100|[from] item: Leftovers
|upkeep
|turn|5
|
|t:|1760389434
|move|p2a: Great Tusk|Ice Spinner|p1a: Landorus
|-supereffective|p1a: Landorus
|-damage|p1a: Landorus|0 fnt
|-damage|p2a: Great Tusk|22/100|[from] item: Rocky Helmet|[of] p1a: Landorus
|-fieldend|move: Psychic Terrain
|faint|p1a: Landorus
|
|-heal|p2a: Great Tusk|28/100|[from] item: Leftovers
|upkeep
|
|t:|1760389442
|switch|p1a: Ogerpon|Ogerpon-Wellspring, F|100/100
|turn|6
|
|t:|1760389448
|-end|p2a: Great Tusk|Protosynthesis|[silent]
|switch|p2a: Zapdos|Zapdos|91/100
|move|p1a: Ogerpon|U-turn|p2a: Zapdos
|-resisted|p2a: Zapdos
|-damage|p2a: Zapdos|81/100
|
|t:|1760389457
|switch|p1a: Whimsicott|Whimsicott, M|100/100|[from] U-turn
|
|upkeep
|turn|7
|
|t:|1760389461
|move|p1a: Whimsicott|U-turn|p2a: Zapdos
|-resisted|p2a: Zapdos
|-damage|p2a: Zapdos|77/100
|
|t:|1760389465
|switch|p1a: Gholdengo|Gholdengo|100/100|[from] U-turn
|move|p2a: Zapdos|Heat Wave|p1a: Gholdengo
|-supereffective|p1a: Gholdengo
|-damage|p1a: Gholdengo|36/100
|
|upkeep
|turn|8
|
|t:|1760389475
|move|p1a: Gholdengo|Trick|p2a: Zapdos
|-activate|p1a: Gholdengo|move: Trick|[of] p2a: Zapdos
|-item|p2a: Zapdos|Choice Scarf|[from] move: Trick
|-item|p1a: Gholdengo|Heavy-Duty Boots|[from] move: Trick
|move|p2a: Zapdos|Heat Wave|p1a: Gholdengo
|-supereffective|p1a: Gholdengo
|-damage|p1a: Gholdengo|0 fnt
|faint|p1a: Gholdengo
|
|upkeep
|
|t:|1760389482
|switch|p1a: Great Tusk|Great Tusk|100/100
|turn|9
|
|t:|1760389486
|switch|p2a: Indeedee|Indeedee-F, F|100/100
|-fieldstart|move: Psychic Terrain|[from] ability: Psychic Surge|[of] p2a: Indeedee
|move|p1a: Great Tusk|Bulk Up|p1a: Great Tusk
|-boost|p1a: Great Tusk|atk|1
|-boost|p1a: Great Tusk|def|1
|
|upkeep
|turn|10
|
|t:|1760389496
|switch|p2a: Polteageist|Polteageist|100/100
|-terastallize|p1a: Great Tusk|Steel
|move|p1a: Great Tusk|Rapid Spin|p2a: Polteageist
|-immune|p2a: Polteageist
|
|upkeep
|turn|11
|
|t:|1760389500
|move|p1a: Great Tusk|Knock Off|p2a: Polteageist
|-supereffective|p2a: Polteageist
|-enditem|p2a: Polteageist|Focus Sash
|-damage|p2a: Polteageist|1/100
|-ability|p2a: Polteageist|Weak Armor|boost
|-unboost|p2a: Polteageist|def|1
|-boost|p2a: Polteageist|spe|2
|move|p2a: Polteageist|Shell Smash|p2a: Polteageist
|-unboost|p2a: Polteageist|def|1
|-unboost|p2a: Polteageist|spd|1
|-boost|p2a: Polteageist|atk|2
|-boost|p2a: Polteageist|spa|2
|-boost|p2a: Polteageist|spe|2
|
|upkeep
|turn|12
|
|t:|1760389508
|-terastallize|p2a: Polteageist|Fighting
|move|p2a: Polteageist|Tera Blast|p1a: Great Tusk|[anim] Tera Blast Fighting
|-supereffective|p1a: Great Tusk
|-damage|p1a: Great Tusk|0 fnt
|faint|p1a: Great Tusk
|-end|p1a: Great Tusk|Protosynthesis|[silent]
|
|upkeep
|
|t:|1760389515
|switch|p1a: Kingambit|Kingambit, F|100/100
|-activate|p1a: Kingambit|ability: Supreme Overlord
|-start|p1a: Kingambit|fallen3|[silent]
|turn|13
|
|t:|1760389518
|move|p1a: Kingambit|Sucker Punch|p2a: Polteageist
|-activate|p2a: Polteageist|move: Psychic Terrain
|move|p2a: Polteageist|Tera Blast|p1a: Kingambit|[anim] Tera Blast Fighting
|-supereffective|p1a: Kingambit
|-damage|p1a: Kingambit|0 fnt
|faint|p1a: Kingambit
|-end|p1a: Kingambit|fallen3|[silent]
|
|upkeep
|-message|jean moula forfeited.
|
|win|Person435
|raw|jean moula's rating: 1283 &rarr; <strong>1262</strong><br />(-21 for losing)
|raw|Person435's rating: 1334 &rarr; <strong>1351</strong><br />(+17 for winning)
|l|☆jean moula
|player|p1|
