|j|‽moominmooo
|j|☆the ou godfather
|t:|1760435846
|gametype|singles
|player|p1|moominmooo|1|1358
|player|p2|the ou godfather|pokemonranger|1441
|gen|9
|tier|[Gen 9] OU
|rated|
|rule|HP Percentage Mod: HP is shown in percentages
|rule|Endless Battle Clause: Forcing endless battles is banned
|rule|Species Clause: Limit one of each Pokémon
|rule|OHKO Clause: OHKO moves are banned
|rule|Evasion Items Clause: Evasion items are banned
|rule|Evasion Moves Clause: Evasion moves are banned
|rule|Evasion Abilities Clause: Evasion abilities are banned
|rule|Sleep Moves Clause: Sleep-inducing moves are banned
|clearpoke
|poke|p1|Meowscarada, F|
|poke|p1|Cinderace, M|
|poke|p1|Slowking-Galar, F|
|poke|p1|Lokix, F|
|poke|p1|Landorus-Therian, M|
|poke|p1|Alomomola, M|
|poke|p2|Great Tusk|
|poke|p2|Donphan, M|
|poke|p2|Copperajah, M|
|poke|p2|Iron Treads|
|poke|p2|Mamoswine, M|
|poke|p2|Volcanion|
|teampreview
|
|t:|1760435858
|teamsize|p1|6
|teamsize|p2|6
|start
|switch|p1a: Landorus|Landorus-Therian, M|100/100
|switch|p2a: Iron Treads|Iron Treads|100/100
|-ability|p1a: Landorus|Intimidate|boost
|-unboost|p2a: Iron Treads|atk|1
|-enditem|p2a: Iron Treads|Booster Energy
|-activate|p2a: Iron Treads|ability: Quark Drive|[fromitem]
|-start|p2a: Iron Treads|quarkdrivespe
|turn|1
|
|t:|1760435864
|move|p2a: Iron Treads|Stealth Rock|p1a: Landorus
|-sidestart|p1: moominmooo|move: Stealth Rock
|move|p1a: Landorus|Earthquake|p2a: Iron Treads
|-supereffective|p2a: Iron Treads
|-damage|p2a: Iron Treads|0 fnt
|faint|p2a: Iron Treads
|-end|p2a: Iron Treads|Quark Drive|[silent]
|
|upkeep
|
|t:|1760435880
|switch|p2a: Mamoswine|Mamoswine, M|100/100
|turn|2
|
|t:|1760435885
|switch|p1a: Alomomola|Alomomola, M|100/100
|move|p2a: Mamoswine|Icicle Crash|p1a: Alomomola|[miss]
|-miss|p2a: Mamoswine|p1a: Alomomola
|
|upkeep
|turn|3
|
|t:|1760435890
|move|p2a: Mamoswine|Earthquake|p1a: Alomomola
|-damage|p1a: Alomomola|61/100
|-damage|p2a: Mamoswine|91/100|[from] item: Life Orb
|move|p1a: Alomomola|Flip Turn|p2a: Mamoswine
|-supereffective|p2a: Mamoswine
|-damage|p2a: Mamoswine|52/100
|
|t:|1760435903
|switch|p1a: Cinderace|Cinderace, M|100/100|[from] Flip Turn
|
|upkeep
|turn|4
|
|t:|1760435924
|move|p1a: Cinderace|High Jump Kick|p2a: Mamoswine
|-start|p1a: Cinderace|typechange|Fighting|[from] ability: Libero
|-supereffective|p2a: Mamoswine
|-damage|p2a: Mamoswine|0 fnt
|faint|p2a: Mamoswine
|
|upkeep
|
|t:|1760435930
|switch|p2a: Volcanion|Volcanion|100/100
|turn|5
|
|t:|1760435943
|move|p1a: Cinderace|U-turn|p2a: Volcanion
|-resisted|p2a: Volcanion
|-damage|p2a: Volcanion|90/100
|
|t:|1760435946
|switch|p1a: Alomomola|Alomomola, M|94/100|[from] U-turn
|move|p2a: Volcanion|Steam Eruption|p1a: Alomomola
|-resisted|p1a: Alomomola
|-damage|p1a: Alomomola|36/100
|-status|p1a: Alomomola|brn
|
|-damage|p1a: Alomomola|30/100 brn|[from] brn
|upkeep
|turn|6
|
|t:|1760435953
|switch|p1a: Slowking|Slowking-Galar, F|100/100
|move|p2a: Volcanion|Steam Eruption|p1a: Slowking
|-damage|p1a: Slowking|45/100
|
|upkeep
|turn|7
|
|t:|1760435963
|switch|p1a: Alomomola|Alomomola, M|64/100 brn
|move|p2a: Volcanion|Steam Eruption|p1a: Alomomola
|-resisted|p1a: Alomomola
|-damage|p1a: Alomomola|4/100 brn
|
|-damage|p1a: Alomomola|0 fnt|[from] brn
|faint|p1a: Alomomola
|upkeep
|
|t:|1760435965
|switch|p1a: Slowking|Slowking-Galar, F|78/100
|turn|8
|
|t:|1760435980
|move|p2a: Volcanion|Steam Eruption|p1a: Slowking
|-damage|p1a: Slowking|22/100
|-prepare|p1a: Slowking|Chilly Reception|[premajor]
|move|p1a: Slowking|Chilly Reception|p1a: Slowking
|-weather|Snowscape
|
|t:|1760435996
|switch|p1a: Meowscarada|Meowscarada, F|100/100|[from] Chilly Reception
|-damage|p1a: Meowscarada|88/100|[from] Stealth Rock
|
|-weather|Snowscape|[upkeep]
|upkeep
|turn|9
|
|t:|1760436004
|move|p1a: Meowscarada|U-turn|p2a: Volcanion
|-start|p1a: Meowscarada|typechange|Bug|[from] ability: Protean
|-resisted|p2a: Volcanion
|-damage|p2a: Volcanion|65/100
|
|t:|1760436008
|switch|p1a: Slowking|Slowking-Galar, F|55/100|[from] U-turn
|move|p2a: Volcanion|Steam Eruption|p1a: Slowking
|-damage|p1a: Slowking|0 fnt
|faint|p1a: Slowking
|
|-weather|Snowscape|[upkeep]
|upkeep
|
|t:|1760436013
|switch|p1a: Meowscarada|Meowscarada, F|88/100
|-damage|p1a: Meowscarada|76/100|[from] Stealth Rock
|turn|10
|
|t:|1760436018
|move|p1a: Meowscarada|Knock Off|p2a: Volcanion
|-start|p1a: Meowscarada|typechange|Dark|[from] ability: Protean
|-damage|p2a: Volcanion|1/100
|-enditem|p2a: Volcanion|Choice Specs|[from] move: Knock Off|[of] p1a: Meowscarada
|move|p2a: Volcanion|Steam Eruption|p1a: Meowscarada
|-damage|p1a: Meowscarada|0 fnt
|faint|p1a: Meowscarada
|
|-weather|Snowscape|[upkeep]
|upkeep
|
|t:|1760436025
|switch|p1a: Lokix|Lokix, F|100/100
|turn|11
|
|t:|1760436028
|switch|p2a: Great Tusk|Great Tusk|100/100
|-enditem|p2a: Great Tusk|Booster Energy
|-activate|p2a: Great Tusk|ability: Protosynthesis|[fromitem]
|-start|p2a: Great Tusk|protosynthesisspe
|-terastallize|p1a: Lokix|Bug
|move|p1a: Lokix|First Impression|p2a: Great Tusk
|-resisted|p2a: Great Tusk
|-damage|p2a: Great Tusk|65/100
|
|-weather|Snowscape|[upkeep]
|upkeep
|turn|12
|
|t:|1760436036
|switch|p1a: Landorus|Landorus-Therian, M|100/100
|-damage|p1a: Landorus|88/100|[from] Stealth Rock
|-ability|p1a: Landorus|Intimidate|boost
|-unboost|p2a: Great Tusk|atk|1
|move|p2a: Great Tusk|Bulk Up|p2a: Great Tusk
|-boost|p2a: Great Tusk|atk|1
|-boost|p2a: Great Tusk|def|1
|
|-weather|none
|upkeep
|turn|13
|
|t:|1760436040
|move|p2a: Great Tusk|Bulk Up|p2a: Great Tusk
|-boost|p2a: Great Tusk|atk|1
|-boost|p2a: Great Tusk|def|1
|move|p1a: Landorus|U-turn|p2a: Great Tusk
|-resisted|p2a: Great Tusk
|-damage|p2a: Great Tusk|60/100
|-message|moominmooo forfeited.
|
|win|the ou godfather
|raw|moominmooo's rating: 1358 &rarr; <strong>1343</strong><br />(-15 for losing)
|raw|the ou godfather's rating: 1441 &rarr; <strong>1456</strong><br />(+15 for winning)
|l|‽moominmooo
|player|p1|
|l|☆the ou godfather
|player|p2|
