|j|☆Horrific hi
|j|☆rosepample23
|t:|1760375181
|gametype|singles
|player|p1|Horrific hi|170|1061
|player|p2|rosepample23|265|1083
|gen|9
|tier|[Gen 9] OU
|rated|
|rule|HP Percentage Mod: HP is shown in percentages
|rule|Endless Battle Clause: Forcing endless battles is banned
|rule|Species Clause: Limit one of each Pokémon
|rule|OHKO Clause: OHKO moves are banned
|rule|Evasion Items Clause: Evasion items are banned
|rule|Evasion Moves Clause: Evasion moves are banned
|rule|Evasion Abilities Clause: Evasion abilities are banned
|rule|Sleep Moves Clause: Sleep-inducing moves are banned
|clearpoke
|poke|p1|Iron Valiant|
|poke|p1|Maushold|
|poke|p1|Manaphy|
|poke|p1|Gengar, M|
|poke|p1|Quagsire, M|
|poke|p1|Muk-Alola, F|
|poke|p2|Milotic, F|
|poke|p2|Arcanine, M|
|poke|p2|Serperior, F|
|poke|p2|Glimmora, M|
|poke|p2|Great Tusk|
|poke|p2|Electrode|
|teampreview
|inactive|Battle timer is ON: inactive players will automatically lose when time's up. (requested by Horrific hi)
|c|☆Horrific hi|hurry bro
|
|t:|1760375257
|teamsize|p1|6
|teamsize|p2|6
|start
|switch|p1a: Muk|Muk-Alola, F|100/100
|switch|p2a: Glimmora|Glimmora, M|100/100
|turn|1
|
|t:|1760375264
|move|p2a: Glimmora|Earth Power|p1a: Muk
|-supereffective|p1a: Muk
|-damage|p1a: Muk|29/100
|-enditem|p1a: Muk|Wiki Berry|[eat]
|-heal|p1a: Muk|62/100|[from] item: Wiki Berry
|-start|p1a: Muk|confusion
|-activate|p1a: Muk|confusion
|move|p1a: Muk|Curse|p1a: Muk
|-unboost|p1a: Muk|spe|1
|-boost|p1a: Muk|atk|1
|-boost|p1a: Muk|def|1
|
|upkeep
|turn|2
|
|t:|1760375276
|-end|p1a: Muk|confusion
|move|p1a: Muk|Shadow Sneak|p2a: Glimmora
|-damage|p2a: Glimmora|76/100
|-activate|p2a: Glimmora|ability: Toxic Debris
|-sidestart|p1: Horrific hi|move: Toxic Spikes
|move|p2a: Glimmora|Earth Power|p1a: Muk
|-supereffective|p1a: Muk
|-damage|p1a: Muk|0 fnt
|faint|p1a: Muk
|
|upkeep
|
|t:|1760375284
|switch|p1a: Gengar|Gengar, M|100/100
|-sideend|p1: Horrific hi|move: Toxic Spikes|[of] p1a: Gengar
|turn|3
|
|t:|1760375291
|-terastallize|p1a: Gengar|Ghost
|move|p1a: Gengar|Shadow Ball|p2a: Glimmora
|-damage|p2a: Glimmora|5/100
|move|p2a: Glimmora|Earth Power|p1a: Gengar
|-damage|p1a: Gengar|19/100
|-start|p2a: Glimmora|Disable|Earth Power|[from] ability: Cursed Body|[of] p1a: Gengar
|
|upkeep
|turn|4
|
|t:|1760375300
|move|p1a: Gengar|Shadow Ball|p2a: Glimmora
|-damage|p2a: Glimmora|0 fnt
|faint|p2a: Glimmora
|
|upkeep
|
|t:|1760375307
|switch|p2a: Electrode|Electrode|100/100
|turn|5
|
|t:|1760375312
|move|p1a: Gengar|Shadow Ball|p2a: Electrode
|-damage|p2a: Electrode|11/100
|move|p2a: Electrode|Volt Switch|p1a: Gengar
|-damage|p1a: Gengar|0 fnt
|-start|p2a: Electrode|Disable|Volt Switch|[from] ability: Cursed Body|[of] p1a: Gengar
|faint|p1a: Gengar
|
|t:|1760375322
|switch|p2a: Serperior|Serperior, F|100/100|[from] Volt Switch
|
|upkeep
|
|t:|1760375326
|switch|p1a: Maushold|Maushold|100/100
|turn|6
|
|t:|1760375332
|-terastallize|p2a: Serperior|Grass
|move|p2a: Serperior|Leaf Storm|p1a: Maushold
|-damage|p1a: Maushold|0 fnt
|-boost|p2a: Serperior|spa|2
|faint|p1a: Maushold
|
|upkeep
|
|t:|1760375340
|switch|p1a: Iron Valiant|Iron Valiant|100/100
|-enditem|p1a: Iron Valiant|Booster Energy
|-activate|p1a: Iron Valiant|ability: Quark Drive|[fromitem]
|-start|p1a: Iron Valiant|quarkdrivespe
|turn|7
|
|t:|1760375349
|move|p1a: Iron Valiant|Close Combat|p2a: Serperior
|-damage|p2a: Serperior|20/100
|-unboost|p1a: Iron Valiant|def|1
|-unboost|p1a: Iron Valiant|spd|1
|move|p2a: Serperior|Leaf Storm|p1a: Iron Valiant
|-damage|p1a: Iron Valiant|0 fnt
|-boost|p2a: Serperior|spa|2
|faint|p1a: Iron Valiant
|-end|p1a: Iron Valiant|Quark Drive|[silent]
|
|upkeep
|-message|Horrific hi forfeited.
|
|win|rosepample23
|raw|Horrific hi's rating: 1061 &rarr; <strong>1043</strong><br />(-18 for losing)
|raw|rosepample23's rating: 1083 &rarr; <strong>1109</strong><br />(+26 for winning)
|l|☆Horrific hi
|player|p1|
|l|☆rosepample23
|player|p2|
