|j|☆Acastillo631
|j|☆groovythunder
|t:|1760451870
|gametype|singles
|player|p1|Acastillo631|silver|1558
|player|p2|groovythunder|102|1600
|gen|9
|tier|[Gen 9] OU
|rated|
|rule|HP Percentage Mod: HP is shown in percentages
|rule|Endless Battle Clause: Forcing endless battles is banned
|rule|Species Clause: Limit one of each Pokémon
|rule|OHKO Clause: OHKO moves are banned
|rule|Evasion Items Clause: Evasion items are banned
|rule|Evasion Moves Clause: Evasion moves are banned
|rule|Evasion Abilities Clause: Evasion abilities are banned
|rule|Sleep Moves Clause: Sleep-inducing moves are banned
|clearpoke
|poke|p1|Iron Valiant|
|poke|p1|Tyranitar, M|
|poke|p1|Corviknight, F|
|poke|p1|Sinistcha|
|poke|p1|Keldeo-Resolute|
|poke|p1|Muk-Alola, F|
|poke|p2|Ninetales, M|
|poke|p2|Great Tusk|
|poke|p2|Heatran, M|
|poke|p2|Walking Wake|
|poke|p2|Raging Bolt|
|poke|p2|Sinistcha|
|teampreview
|inactive|Battle timer is ON: inactive players will automatically lose when time's up. (requested by Acastillo631)
|
|t:|1760451889
|teamsize|p1|6
|teamsize|p2|6
|start
|switch|p1a: Rainbow Devil|Muk-Alola, F|100/100
|switch|p2a: Great Tusk|Great Tusk|100/100
|turn|1
|
|t:|1760451904
|switch|p1a: Spiral Pegasus|Keldeo-Resolute|100/100
|move|p2a: Great Tusk|Knock Off|p1a: Spiral Pegasus
|-resisted|p1a: Spiral Pegasus
|-damage|p1a: Spiral Pegasus|83/100
|-ability|p1a: Spiral Pegasus|Justified|boost
|-boost|p1a: Spiral Pegasus|atk|1
|-enditem|p1a: Spiral Pegasus|Heavy-Duty Boots|[from] move: Knock Off|[of] p2a: Great Tusk
|
|upkeep
|turn|2
|
|t:|1760451914
|-end|p2a: Great Tusk|Protosynthesis|[silent]
|switch|p2a: Sinistcha|Sinistcha|100/100
|move|p1a: Spiral Pegasus|Flip Turn|p2a: Sinistcha
|-resisted|p2a: Sinistcha
|-damage|p2a: Sinistcha|94/100
|
|t:|1760451924
|switch|p1a: Rainbow Devil|Muk-Alola, F|100/100|[from] Flip Turn
|
|-heal|p2a: Sinistcha|99/100|[from] item: Leftovers
|upkeep
|turn|3
|
|t:|1760451933
|switch|p2a: Heatran|Heatran, M|100/100
|move|p1a: Rainbow Devil|Knock Off|p2a: Heatran
|-damage|p2a: Heatran|71/100
|-enditem|p2a: Heatran|Leftovers|[from] move: Knock Off|[of] p1a: Rainbow Devil
|
|upkeep
|turn|4
|
|t:|1760451943
|switch|p1a: Spiral Pegasus|Keldeo-Resolute|83/100
|move|p2a: Heatran|Stealth Rock|p1a: Spiral Pegasus
|-sidestart|p1: Acastillo631|move: Stealth Rock
|
|upkeep
|turn|5
|
|t:|1760451952
|switch|p2a: Ninetales|Ninetales, M|100/100
|-weather|SunnyDay|[from] ability: Drought|[of] p2a: Ninetales
|move|p1a: Spiral Pegasus|Flip Turn|p2a: Ninetales
|-supereffective|p2a: Ninetales
|-damage|p2a: Ninetales|80/100
|
|t:|1760451956
|switch|p1a: Eregion|Tyranitar, M|100/100|[from] Flip Turn
|-damage|p1a: Eregion|88/100|[from] Stealth Rock
|-weather|Sandstorm|[from] ability: Sand Stream|[of] p1a: Eregion
|
|-weather|Sandstorm|[upkeep]
|-damage|p2a: Ninetales|74/100|[from] Sandstorm
|-heal|p1a: Eregion|94/100|[from] item: Leftovers
|upkeep
|turn|6
|
|t:|1760451958
|move|p2a: Ninetales|Will-O-Wisp|p1a: Eregion
|-status|p1a: Eregion|brn
|move|p1a: Eregion|Stealth Rock|p2a: Ninetales
|-sidestart|p2: groovythunder|move: Stealth Rock
|
|-weather|Sandstorm|[upkeep]
|-damage|p2a: Ninetales|68/100|[from] Sandstorm
|-heal|p1a: Eregion|100/100 brn|[from] item: Leftovers
|-damage|p1a: Eregion|94/100 brn|[from] brn
|upkeep
|turn|7
|
|t:|1760451968
|move|p2a: Ninetales|Encore|p1a: Eregion
|-start|p1a: Eregion|Encore
|move|p1a: Eregion|Stealth Rock||[still]
|-fail|p1a: Eregion
|
|-weather|Sandstorm|[upkeep]
|-damage|p2a: Ninetales|62/100|[from] Sandstorm
|-heal|p1a: Eregion|100/100 brn|[from] item: Leftovers
|-damage|p1a: Eregion|94/100 brn|[from] brn
|upkeep
|turn|8
|
|t:|1760451972
|switch|p2a: Great Tusk|Great Tusk|100/100
|switch|p1a: Rainbow Devil|Muk-Alola, F|100/100
|-damage|p1a: Rainbow Devil|88/100|[from] Stealth Rock
|
|-weather|Sandstorm|[upkeep]
|-damage|p1a: Rainbow Devil|82/100|[from] Sandstorm
|-heal|p1a: Rainbow Devil|88/100|[from] item: Leftovers
|upkeep
|turn|9
|
|t:|1760451977
|move|p1a: Rainbow Devil|Protect|p1a: Rainbow Devil
|-singleturn|p1a: Rainbow Devil|Protect
|move|p2a: Great Tusk|Knock Off|p1a: Rainbow Devil
|-activate|p1a: Rainbow Devil|move: Protect
|
|-weather|none
|-heal|p1a: Rainbow Devil|94/100|[from] item: Leftovers
|upkeep
|turn|10
|
|t:|1760451985
|switch|p1a: Wind Crowrang|Corviknight, F|100/100
|-damage|p1a: Wind Crowrang|88/100|[from] Stealth Rock
|move|p2a: Great Tusk|Knock Off|p1a: Wind Crowrang
|-damage|p1a: Wind Crowrang|71/100
|-damage|p2a: Great Tusk|84/100|[from] item: Rocky Helmet|[of] p1a: Wind Crowrang
|-enditem|p1a: Wind Crowrang|Rocky Helmet|[from] move: Knock Off|[of] p2a: Great Tusk
|
|upkeep
|turn|11
|
|t:|1760451991
|switch|p1a: Wire Sponge|Sinistcha|100/100
|move|p2a: Great Tusk|Rapid Spin|p1a: Wire Sponge
|-immune|p1a: Wire Sponge
|
|upkeep
|turn|12
|
|t:|1760451997
|-end|p2a: Great Tusk|Protosynthesis|[silent]
|switch|p2a: Heatran|Heatran, M|71/100
|-damage|p2a: Heatran|59/100|[from] Stealth Rock
|move|p1a: Wire Sponge|Shadow Ball|p2a: Heatran
|-damage|p2a: Heatran|38/100
|
|upkeep
|turn|13
|
|t:|1760452005
|switch|p1a: Spiral Pegasus|Keldeo-Resolute|83/100
|-damage|p1a: Spiral Pegasus|77/100|[from] Stealth Rock
|move|p2a: Heatran|Magma Storm|p1a: Spiral Pegasus
|-resisted|p1a: Spiral Pegasus
|-damage|p1a: Spiral Pegasus|50/100
|-activate|p1a: Spiral Pegasus|move: Magma Storm|[of] p2a: Heatran
|
|-damage|p1a: Spiral Pegasus|38/100|[from] move: Magma Storm|[partiallytrapped]
|upkeep
|turn|14
|
|t:|1760452011
|switch|p2a: Sinistcha|Sinistcha|99/100
|-damage|p2a: Sinistcha|87/100|[from] Stealth Rock
|move|p1a: Spiral Pegasus|Flip Turn|p2a: Sinistcha
|-resisted|p2a: Sinistcha
|-damage|p2a: Sinistcha|83/100
|
|t:|1760452040
|switch|p1a: Sage Harpuia|Iron Valiant|100/100|[from] Flip Turn
|-damage|p1a: Sage Harpuia|94/100|[from] Stealth Rock
|-enditem|p1a: Sage Harpuia|Booster Energy
|-activate|p1a: Sage Harpuia|ability: Quark Drive|[fromitem]
|-start|p1a: Sage Harpuia|quarkdrivespe
|
|-heal|p2a: Sinistcha|89/100|[from] item: Leftovers
|upkeep
|turn|15
|
|t:|1760452048
|move|p1a: Sage Harpuia|Moonblast|p2a: Sinistcha
|-damage|p2a: Sinistcha|34/100
|-unboost|p2a: Sinistcha|spa|1
|move|p2a: Sinistcha|Matcha Gotcha|p1a: Sage Harpuia
|-damage|p1a: Sage Harpuia|52/100
|-heal|p2a: Sinistcha|52/100|[from] drain|[of] p1a: Sage Harpuia
|
|-heal|p2a: Sinistcha|58/100|[from] item: Leftovers
|upkeep
|turn|16
|
|t:|1760452060
|switch|p2a: Heatran|Heatran, M|38/100
|-damage|p2a: Heatran|25/100|[from] Stealth Rock
|move|p1a: Sage Harpuia|Moonblast|p2a: Heatran
|-resisted|p2a: Heatran
|-damage|p2a: Heatran|18/100
|
|upkeep
|turn|17
|
|t:|1760452068
|move|p1a: Sage Harpuia|Close Combat|p2a: Heatran
|-supereffective|p2a: Heatran
|-damage|p2a: Heatran|0 fnt
|-unboost|p1a: Sage Harpuia|def|1
|-unboost|p1a: Sage Harpuia|spd|1
|faint|p2a: Heatran
|
|upkeep
|
|t:|1760452072
|switch|p2a: Raging Bolt|Raging Bolt|100/100
|-damage|p2a: Raging Bolt|88/100|[from] Stealth Rock
|turn|18
|
|t:|1760452077
|move|p1a: Sage Harpuia|Destiny Bond|p1a: Sage Harpuia
|-singlemove|p1a: Sage Harpuia|Destiny Bond
|move|p2a: Raging Bolt|Volt Switch|p1a: Sage Harpuia
|-crit|p1a: Sage Harpuia
|-damage|p1a: Sage Harpuia|0 fnt
|faint|p1a: Sage Harpuia
|-activate|p1a: Sage Harpuia|move: Destiny Bond
|-end|p1a: Sage Harpuia|Quark Drive|[silent]
|faint|p2a: Raging Bolt
|-end|p2a: Raging Bolt|Protosynthesis|[silent]
|
|upkeep
|
|t:|1760452100
|switch|p1a: Spiral Pegasus|Keldeo-Resolute|38/100
|switch|p2a: Sinistcha|Sinistcha|58/100
|-damage|p1a: Spiral Pegasus|31/100|[from] Stealth Rock
|-damage|p2a: Sinistcha|46/100|[from] Stealth Rock
|turn|19
|
|t:|1760452107
|move|p1a: Spiral Pegasus|Flip Turn|p2a: Sinistcha
|-resisted|p2a: Sinistcha
|-damage|p2a: Sinistcha|41/100
|
|t:|1760452111
|switch|p1a: Wind Crowrang|Corviknight, F|71/100|[from] Flip Turn
|-damage|p1a: Wind Crowrang|59/100|[from] Stealth Rock
|move|p2a: Sinistcha|Strength Sap|p1a: Wind Crowrang
|-ability|p1a: Wind Crowrang|Mirror Armor
|-unboost|p2a: Sinistcha|atk|1
|-heal|p2a: Sinistcha|100/100
|
|upkeep
|turn|20
|
|t:|1760452117
|move|p2a: Sinistcha|Calm Mind|p2a: Sinistcha
|-boost|p2a: Sinistcha|spa|1
|-boost|p2a: Sinistcha|spd|1
|move|p1a: Wind Crowrang|Brave Bird|p2a: Sinistcha
|-supereffective|p2a: Sinistcha
|-crit|p2a: Sinistcha
|-damage|p2a: Sinistcha|22/100
|-damage|p1a: Wind Crowrang|37/100|[from] Recoil
|
|-heal|p2a: Sinistcha|29/100|[from] item: Leftovers
|upkeep
|turn|21
|
|t:|1760452124
|move|p2a: Sinistcha|Strength Sap|p1a: Wind Crowrang
|-ability|p1a: Wind Crowrang|Mirror Armor
|-unboost|p2a: Sinistcha|atk|1
|-heal|p2a: Sinistcha|90/100
|move|p1a: Wind Crowrang|Brave Bird|p2a: Sinistcha
|-supereffective|p2a: Sinistcha
|-damage|p2a: Sinistcha|41/100
|-damage|p1a: Wind Crowrang|23/100|[from] Recoil
|
|-heal|p2a: Sinistcha|47/100|[from] item: Leftovers
|upkeep
|turn|22
|
|t:|1760452130
|move|p2a: Sinistcha|Strength Sap|p1a: Wind Crowrang
|-ability|p1a: Wind Crowrang|Mirror Armor
|-unboost|p2a: Sinistcha|atk|1
|-heal|p2a: Sinistcha|100/100
|move|p1a: Wind Crowrang|Brave Bird|p2a: Sinistcha
|-supereffective|p2a: Sinistcha
|-damage|p2a: Sinistcha|48/100
|-damage|p1a: Wind Crowrang|8/100|[from] Recoil
|
|-heal|p2a: Sinistcha|55/100|[from] item: Leftovers
|upkeep
|turn|23
|
|t:|1760452135
|move|p2a: Sinistcha|Matcha Gotcha|p1a: Wind Crowrang
|-resisted|p1a: Wind Crowrang
|-damage|p1a: Wind Crowrang|0 fnt
|-heal|p2a: Sinistcha|59/100|[from] drain|[of] p1a: Wind Crowrang
|faint|p1a: Wind Crowrang
|
|-heal|p2a: Sinistcha|65/100|[from] item: Leftovers
|upkeep
|
|t:|1760452150
|switch|p1a: Rainbow Devil|Muk-Alola, F|94/100
|-damage|p1a: Rainbow Devil|82/100|[from] Stealth Rock
|turn|24
|
|t:|1760452161
|switch|p2a: Great Tusk|Great Tusk|84/100
|move|p1a: Rainbow Devil|Knock Off|p2a: Great Tusk
|-resisted|p2a: Great Tusk
|-damage|p2a: Great Tusk|72/100
|-enditem|p2a: Great Tusk|Heavy-Duty Boots|[from] move: Knock Off|[of] p1a: Rainbow Devil
|
|-heal|p1a: Rainbow Devil|88/100|[from] item: Leftovers
|upkeep
|turn|25
|
|t:|1760452170
|move|p2a: Great Tusk|Headlong Rush|p1a: Rainbow Devil
|-supereffective|p1a: Rainbow Devil
|-damage|p1a: Rainbow Devil|0 fnt
|-unboost|p2a: Great Tusk|def|1
|-unboost|p2a: Great Tusk|spd|1
|faint|p1a: Rainbow Devil
|
|upkeep
|
|t:|1760452176
|switch|p1a: Spiral Pegasus|Keldeo-Resolute|31/100
|-damage|p1a: Spiral Pegasus|25/100|[from] Stealth Rock
|turn|26
|
|t:|1760452181
|-end|p2a: Great Tusk|Protosynthesis|[silent]
|switch|p2a: Ninetales|Ninetales, M|62/100
|-damage|p2a: Ninetales|37/100|[from] Stealth Rock
|-weather|SunnyDay|[from] ability: Drought|[of] p2a: Ninetales
|move|p1a: Spiral Pegasus|Surf|p2a: Ninetales
|-supereffective|p2a: Ninetales
|-damage|p2a: Ninetales|0 fnt
|faint|p2a: Ninetales
|
|-weather|SunnyDay|[upkeep]
|upkeep
|
|t:|1760452184
|switch|p2a: Walking Wake|Walking Wake|100/100
|-damage|p2a: Walking Wake|88/100|[from] Stealth Rock
|-activate|p2a: Walking Wake|ability: Protosynthesis
|-start|p2a: Walking Wake|protosynthesisspe
|turn|27
|
|t:|1760452189
|switch|p1a: Eregion|Tyranitar, M|94/100 brn
|-damage|p1a: Eregion|82/100 brn|[from] Stealth Rock
|-weather|Sandstorm|[from] ability: Sand Stream|[of] p1a: Eregion
|-end|p2a: Walking Wake|Protosynthesis
|move|p2a: Walking Wake|Hydro Steam|p1a: Eregion
|-supereffective|p1a: Eregion
|-damage|p1a: Eregion|35/100 brn
|
|-weather|Sandstorm|[upkeep]
|-damage|p2a: Walking Wake|82/100|[from] Sandstorm
|-heal|p1a: Eregion|42/100 brn|[from] item: Leftovers
|-damage|p1a: Eregion|35/100 brn|[from] brn
|upkeep
|turn|28
|
|t:|1760452194
|move|p2a: Walking Wake|Hydro Steam|p1a: Eregion
|-supereffective|p1a: Eregion
|-damage|p1a: Eregion|0 fnt
|faint|p1a: Eregion
|
|-weather|Sandstorm|[upkeep]
|-damage|p2a: Walking Wake|76/100|[from] Sandstorm
|upkeep
|
|t:|1760452197
|switch|p1a: Wire Sponge|Sinistcha|100/100
|turn|29
|
|t:|1760452204
|-end|p2a: Walking Wake|Protosynthesis|[silent]
|switch|p2a: Great Tusk|Great Tusk|72/100
|-damage|p2a: Great Tusk|69/100|[from] Stealth Rock
|move|p1a: Wire Sponge|Matcha Gotcha|p2a: Great Tusk
|-supereffective|p2a: Great Tusk
|-damage|p2a: Great Tusk|0 fnt
|faint|p2a: Great Tusk
|-end|p2a: Great Tusk|Protosynthesis|[silent]
|
|-weather|Sandstorm|[upkeep]
|-damage|p1a: Wire Sponge|94/100|[from] Sandstorm
|upkeep
|
|t:|1760452206
|switch|p2a: Walking Wake|Walking Wake|76/100
|-damage|p2a: Walking Wake|64/100|[from] Stealth Rock
|turn|30
|
|t:|1760452216
|switch|p1a: Spiral Pegasus|Keldeo-Resolute|25/100
|-damage|p1a: Spiral Pegasus|19/100|[from] Stealth Rock
|move|p2a: Walking Wake|Draco Meteor|p1a: Spiral Pegasus
|-damage|p1a: Spiral Pegasus|0 fnt
|-unboost|p2a: Walking Wake|spa|2
|faint|p1a: Spiral Pegasus
|
|-weather|Sandstorm|[upkeep]
|-damage|p2a: Walking Wake|58/100|[from] Sandstorm
|upkeep
|
|t:|1760452218
|switch|p1a: Wire Sponge|Sinistcha|94/100
|turn|31
|
|t:|1760452221
|-end|p2a: Walking Wake|Protosynthesis|[silent]
|switch|p2a: Sinistcha|Sinistcha|65/100
|-damage|p2a: Sinistcha|53/100|[from] Stealth Rock
|move|p1a: Wire Sponge|Calm Mind|p1a: Wire Sponge
|-boost|p1a: Wire Sponge|spa|1
|-boost|p1a: Wire Sponge|spd|1
|
|-weather|none
|-heal|p2a: Sinistcha|59/100|[from] item: Leftovers
|upkeep
|turn|32
|
|t:|1760452226
|move|p1a: Wire Sponge|Shadow Ball|p2a: Sinistcha
|-supereffective|p2a: Sinistcha
|-damage|p2a: Sinistcha|0 fnt
|faint|p2a: Sinistcha
|
|upkeep
|
|t:|1760452229
|switch|p2a: Walking Wake|Walking Wake|58/100
|-damage|p2a: Walking Wake|45/100|[from] Stealth Rock
|turn|33
|
|t:|1760452232
|move|p2a: Walking Wake|Draco Meteor|p1a: Wire Sponge
|-damage|p1a: Wire Sponge|14/100
|-unboost|p2a: Walking Wake|spa|2
|move|p1a: Wire Sponge|Shadow Ball|p2a: Walking Wake
|-damage|p2a: Walking Wake|0 fnt
|faint|p2a: Walking Wake
|-end|p2a: Walking Wake|Protosynthesis|[silent]
|
|win|Acastillo631
|raw|Acastillo631's rating: 1558 &rarr; <strong>1580</strong><br />(+22 for winning)
|raw|groovythunder's rating: 1600 &rarr; <strong>1578</strong><br />(-22 for losing)
|l|☆groovythunder
|player|p2|
|l|☆Acastillo631
|player|p1|
