|j|☆Vazaltur
|j|‽gedagideegeda
|t:|1760345092
|gametype|singles
|player|p1|Vazaltur|steven|1198
|player|p2|gedagideegeda|blackbelt-gen4dp|1154
|gen|9
|tier|[Gen 9] OU
|rated|
|rule|HP Percentage Mod: HP is shown in percentages
|rule|Endless Battle Clause: Forcing endless battles is banned
|rule|Species Clause: Limit one of each Pokémon
|rule|OHKO Clause: OHKO moves are banned
|rule|Evasion Items Clause: Evasion items are banned
|rule|Evasion Moves Clause: Evasion moves are banned
|rule|Evasion Abilities Clause: Evasion abilities are banned
|rule|Sleep Moves Clause: Sleep-inducing moves are banned
|clearpoke
|poke|p1|Cloyster, M|
|poke|p1|Drednaw, M|
|poke|p1|Magcargo, F|
|poke|p1|Minior|
|poke|p1|Polteageist-Antique|
|poke|p1|Torterra, M|
|poke|p2|Alomomola, F|
|poke|p2|Gholdengo|
|poke|p2|Slowking-Galar, F|
|poke|p2|Rillaboom, M|
|poke|p2|Great Tusk|
|poke|p2|Cinderace, M|
|teampreview
|
|t:|1760345105
|teamsize|p1|6
|teamsize|p2|6
|start
|switch|p1a: Polteageist|Polteageist-Antique, shiny|100/100
|switch|p2a: Cinderace|Cinderace, M|100/100
|turn|1
|
|t:|1760345112
|move|p2a: Cinderace|Pyro Ball|p1a: Polteageist
|-enditem|p1a: Polteageist|Focus Sash
|-damage|p1a: Polteageist|1/100
|-ability|p1a: Polteageist|Weak Armor|boost
|-unboost|p1a: Polteageist|def|1
|-boost|p1a: Polteageist|spe|2
|move|p1a: Polteageist|Shell Smash|p1a: Polteageist
|-unboost|p1a: Polteageist|def|1
|-unboost|p1a: Polteageist|spd|1
|-boost|p1a: Polteageist|atk|2
|-boost|p1a: Polteageist|spa|2
|-boost|p1a: Polteageist|spe|2
|
|upkeep
|turn|2
|
|t:|1760345124
|move|p2a: Cinderace|Sucker Punch|p1a: Polteageist
|-start|p2a: Cinderace|typechange|Dark|[from] ability: Libero
|-supereffective|p1a: Polteageist
|-damage|p1a: Polteageist|0 fnt
|faint|p1a: Polteageist
|
|upkeep
|
|t:|1760345144
|switch|p1a: Magcargo|Magcargo, F, shiny|100/100
|turn|3
|
|t:|1760345154
|move|p2a: Cinderace|U-turn|p1a: Magcargo
|-resisted|p1a: Magcargo
|-damage|p1a: Magcargo|89/100
|-ability|p1a: Magcargo|Weak Armor|boost
|-unboost|p1a: Magcargo|def|1
|-boost|p1a: Magcargo|spe|2
|
|t:|1760345159
|switch|p2a: Great Tusk|Great Tusk|100/100|[from] U-turn
|-enditem|p2a: Great Tusk|Booster Energy
|-activate|p2a: Great Tusk|ability: Protosynthesis|[fromitem]
|-start|p2a: Great Tusk|protosynthesisspe
|move|p1a: Magcargo|Shell Smash|p1a: Magcargo
|-unboost|p1a: Magcargo|def|1
|-unboost|p1a: Magcargo|spd|1
|-boost|p1a: Magcargo|atk|2
|-boost|p1a: Magcargo|spa|2
|-boost|p1a: Magcargo|spe|2
|
|upkeep
|turn|4
|
|t:|1760345172
|move|p1a: Magcargo|Lava Plume|p2a: Great Tusk
|-damage|p2a: Great Tusk|22/100
|-status|p2a: Great Tusk|brn
|move|p2a: Great Tusk|Headlong Rush|p1a: Magcargo
|-supereffective|p1a: Magcargo
|-damage|p1a: Magcargo|0 fnt
|-unboost|p2a: Great Tusk|def|1
|-unboost|p2a: Great Tusk|spd|1
|faint|p1a: Magcargo
|
|-damage|p2a: Great Tusk|15/100 brn|[from] brn
|upkeep
|
|t:|1760345185
|switch|p1a: Torterra|Torterra, M, shiny|100/100
|turn|5
|
|t:|1760345190
|move|p2a: Great Tusk|Ice Spinner|p1a: Torterra
|-supereffective|p1a: Torterra
|-damage|p1a: Torterra|52/100
|move|p1a: Torterra|Shell Smash|p1a: Torterra
|-unboost|p1a: Torterra|def|1
|-unboost|p1a: Torterra|spd|1
|-boost|p1a: Torterra|atk|2
|-boost|p1a: Torterra|spa|2
|-boost|p1a: Torterra|spe|2
|
|-damage|p2a: Great Tusk|9/100 brn|[from] brn
|upkeep
|turn|6
|
|t:|1760345202
|move|p1a: Torterra|Rock Blast|p2a: Great Tusk
|-resisted|p2a: Great Tusk
|-damage|p2a: Great Tusk|6/100 brn
|-resisted|p2a: Great Tusk
|-damage|p2a: Great Tusk|3/100 brn
|-resisted|p2a: Great Tusk
|-damage|p2a: Great Tusk|0 fnt
|faint|p2a: Great Tusk
|-end|p2a: Great Tusk|Protosynthesis|[silent]
|-hitcount|p2: Great Tusk|3
|
|upkeep
|
|t:|1760345215
|switch|p2a: Rillaboom|Rillaboom, M|100/100
|-fieldstart|move: Grassy Terrain|[from] ability: Grassy Surge|[of] p2a: Rillaboom
|turn|7
|
|t:|1760345226
|move|p2a: Rillaboom|Grassy Glide|p1a: Torterra
|-damage|p1a: Torterra|0 fnt
|faint|p1a: Torterra
|
|upkeep
|
|t:|1760345237
|switch|p1a: Minior|Minior, shiny|100/100
|-formechange|p1a: Minior|Minior-Meteor||[from] ability: Shields Down
|turn|8
|
|t:|1760345243
|move|p1a: Minior|Shell Smash|p1a: Minior
|-unboost|p1a: Minior|def|1
|-unboost|p1a: Minior|spd|1
|-boost|p1a: Minior|atk|2
|-boost|p1a: Minior|spa|2
|-boost|p1a: Minior|spe|2
|-enditem|p1a: Minior|White Herb
|-clearnegativeboost|p1a: Minior|[silent]
|move|p2a: Rillaboom|Wood Hammer|p1a: Minior
|-damage|p1a: Minior|0 fnt
|faint|p1a: Minior
|-damage|p2a: Rillaboom|79/100|[from] Recoil
|
|-heal|p2a: Rillaboom|85/100|[from] Grassy Terrain
|upkeep
|-message|Vazaltur forfeited.
|
|win|gedagideegeda
|raw|Vazaltur's rating: 1198 &rarr; <strong>1170</strong><br />(-28 for losing)
|raw|gedagideegeda's rating: 1154 &rarr; <strong>1182</strong><br />(+28 for winning)
|l|☆Vazaltur
|player|p1|
|l|‽gedagideegeda
|player|p2|
