|j|☆Asheless
|j|☆Hunter_of_Keys
|t:|1760350851
|gametype|singles
|player|p1|Asheless|169|1448
|player|p2|Hunter_of_Keys|veteran|1441
|gen|9
|tier|[Gen 9] OU
|rated|
|rule|HP Percentage Mod: HP is shown in percentages
|rule|Endless Battle Clause: Forcing endless battles is banned
|rule|Species Clause: Limit one of each Pokémon
|rule|OHKO Clause: OHKO moves are banned
|rule|Evasion Items Clause: Evasion items are banned
|rule|Evasion Moves Clause: Evasion moves are banned
|rule|Evasion Abilities Clause: Evasion abilities are banned
|rule|Sleep Moves Clause: Sleep-inducing moves are banned
|clearpoke
|poke|p1|Ceruledge, F|
|poke|p1|Samurott-Hisui, M|
|poke|p1|Darkrai|
|poke|p1|Great Tusk|
|poke|p1|Iron Valiant|
|poke|p1|Kommo-o, F|
|poke|p2|Gallade, M|
|poke|p2|Armarouge, F|
|poke|p2|Indeedee, M|
|poke|p2|Cresselia, F|
|poke|p2|Rabsca, F|
|poke|p2|Espeon, M|
|teampreview
|inactive|Battle timer is ON: inactive players will automatically lose when time's up. (requested by Hunter_of_Keys)
|
|t:|1760350857
|teamsize|p1|6
|teamsize|p2|6
|start
|switch|p1a: Samurott|Samurott-Hisui, M|100/100
|switch|p2a: Gallade|Gallade, M|100/100
|turn|1
|
|t:|1760350873
|switch|p1a: Ceruledge|Ceruledge, F|100/100
|move|p2a: Gallade|Psycho Cut|p1a: Ceruledge
|-crit|p1a: Ceruledge
|-enditem|p1a: Ceruledge|Focus Sash
|-damage|p1a: Ceruledge|1/100
|-ability|p1a: Ceruledge|Weak Armor|boost
|-unboost|p1a: Ceruledge|def|1
|-boost|p1a: Ceruledge|spe|2
|
|upkeep
|turn|2
|
|t:|1760350880
|switch|p2a: Cresselia|Cresselia, F|100/100
|move|p1a: Ceruledge|Poltergeist|p2a: Cresselia
|-activate|p2a: Cresselia|move: Poltergeist|Rocky Helmet
|-supereffective|p2a: Cresselia
|-damage|p2a: Cresselia|38/100
|
|upkeep
|turn|3
|
|t:|1760350888
|switch|p2a: Indeedee|Indeedee, M|100/100
|-fieldstart|move: Psychic Terrain|[from] ability: Psychic Surge|[of] p2a: Indeedee
|move|p1a: Ceruledge|Poltergeist|p2a: Indeedee
|-immune|p2a: Indeedee
|
|upkeep
|turn|4
|
|t:|1760350892
|switch|p2a: Armarouge|Armarouge, F|100/100
|move|p1a: Ceruledge|Bitter Blade|p2a: Armarouge
|-resisted|p2a: Armarouge
|-damage|p2a: Armarouge|77/100
|-heal|p1a: Ceruledge|14/100|[from] drain|[of] p2a: Armarouge
|-ability|p2a: Armarouge|Weak Armor|boost
|-unboost|p2a: Armarouge|def|1
|-boost|p2a: Armarouge|spe|2
|
|upkeep
|turn|5
|
|t:|1760350899
|move|p2a: Armarouge|Endure|p2a: Armarouge
|-singleturn|p2a: Armarouge|move: Endure
|move|p1a: Ceruledge|Poltergeist|p2a: Armarouge
|-activate|p2a: Armarouge|move: Poltergeist|Weakness Policy
|-supereffective|p2a: Armarouge
|-activate|p2a: Armarouge|move: Endure
|-damage|p2a: Armarouge|1/100
|-ability|p2a: Armarouge|Weak Armor|boost
|-unboost|p2a: Armarouge|def|1
|-boost|p2a: Armarouge|spe|2
|-enditem|p2a: Armarouge|Weakness Policy
|-boost|p2a: Armarouge|atk|2|[from] item: Weakness Policy
|-boost|p2a: Armarouge|spa|2|[from] item: Weakness Policy
|
|upkeep
|turn|6
|
|t:|1760350910
|move|p2a: Armarouge|Expanding Force|p1a: Ceruledge
|-damage|p1a: Ceruledge|0 fnt
|faint|p1a: Ceruledge
|
|upkeep
|
|t:|1760350917
|switch|p1a: Samurott|Samurott-Hisui, M|100/100
|turn|7
|
|t:|1760350920
|move|p2a: Armarouge|Destiny Bond|p2a: Armarouge
|-singlemove|p2a: Armarouge|Destiny Bond
|move|p1a: Samurott|Ceaseless Edge|p2a: Armarouge
|-supereffective|p2a: Armarouge
|-damage|p2a: Armarouge|0 fnt
|-sidestart|p2: Hunter_of_Keys|Spikes
|faint|p2a: Armarouge
|-activate|p2a: Armarouge|move: Destiny Bond
|faint|p1a: Samurott
|
|upkeep
|
|t:|1760350927
|switch|p2a: Cresselia|Cresselia, F|38/100
|switch|p1a: Iron Valiant|Iron Valiant|100/100
|-enditem|p1a: Iron Valiant|Booster Energy
|-activate|p1a: Iron Valiant|ability: Quark Drive|[fromitem]
|-start|p1a: Iron Valiant|quarkdrivespe
|turn|8
|
|t:|1760350931
|move|p1a: Iron Valiant|Calm Mind|p1a: Iron Valiant
|-boost|p1a: Iron Valiant|spa|1
|-boost|p1a: Iron Valiant|spd|1
|move|p2a: Cresselia|Thunder Wave|p1a: Iron Valiant
|-status|p1a: Iron Valiant|par
|
|upkeep
|turn|9
|
|t:|1760350937
|cant|p1a: Iron Valiant|par
|move|p2a: Cresselia|Lunar Dance|p2a: Cresselia
|faint|p2a: Cresselia
|
|upkeep
|
|t:|1760350943
|switch|p2a: Espeon|Espeon, M|100/100
|-damage|p2a: Espeon|88/100|[from] Spikes
|turn|10
|
|t:|1760350948
|move|p1a: Iron Valiant|Shadow Ball|p2a: Espeon
|-supereffective|p2a: Espeon
|-damage|p2a: Espeon|3/100
|-unboost|p2a: Espeon|spd|1
|move|p2a: Espeon|Expanding Force|p1a: Iron Valiant
|-supereffective|p1a: Iron Valiant
|-damage|p1a: Iron Valiant|0 fnt
|faint|p1a: Iron Valiant
|-end|p1a: Iron Valiant|Quark Drive|[silent]
|
|-fieldend|move: Psychic Terrain
|upkeep
|
|t:|1760350958
|switch|p1a: Great Tusk|Great Tusk|100/100
|turn|11
|
|t:|1760350961
|-terastallize|p1a: Great Tusk|Steel
|move|p1a: Great Tusk|Rapid Spin|p2a: Espeon
|-damage|p2a: Espeon|0 fnt
|-boost|p1a: Great Tusk|spe|1
|faint|p2a: Espeon
|
|upkeep
|
|t:|1760350964
|switch|p2a: Rabsca|Rabsca, F|100/100
|-damage|p2a: Rabsca|88/100|[from] Spikes
|turn|12
|
|t:|1760350968
|move|p1a: Great Tusk|Stealth Rock|p2a: Rabsca
|-sidestart|p2: Hunter_of_Keys|move: Stealth Rock
|move|p2a: Rabsca|Speed Swap|p1a: Great Tusk
|-activate|p2a: Rabsca|move: Speed Swap|[of] p1a: Great Tusk
|
|upkeep
|turn|13
|
|t:|1760350972
|-end|p1a: Great Tusk|Protosynthesis|[silent]
|switch|p1a: Darkrai|Darkrai|100/100
|move|p2a: Rabsca|Revival Blessing|p2a: Rabsca
|-enditem|p2a: Rabsca|Leppa Berry|[eat]
|-activate|p2a: Rabsca|item: Leppa Berry|Revival Blessing|[consumed]
|
|t:|1760350979
|-heal|p2: Cresselia|50/100|[from] move: Revival Blessing
|
|upkeep
|turn|14
|
|t:|1760350993
|-terastallize|p2a: Rabsca|Water
|move|p1a: Darkrai|Dark Pulse|p2a: Rabsca
|-damage|p2a: Rabsca|36/100
|-damage|p1a: Darkrai|91/100|[from] item: Life Orb
|move|p2a: Rabsca|Bug Buzz|p1a: Darkrai
|-supereffective|p1a: Darkrai
|-damage|p1a: Darkrai|0 fnt
|faint|p1a: Darkrai
|
|upkeep
|
|t:|1760350996
|switch|p1a: Kommo-o|Kommo-o, F|100/100
|turn|15
|
|t:|1760351004
|move|p2a: Rabsca|Psychic Noise|p1a: Kommo-o
|-immune|p1a: Kommo-o|[from] ability: Soundproof
|move|p1a: Kommo-o|Clangorous Soul|p1a: Kommo-o
|-boost|p1a: Kommo-o|atk|1
|-boost|p1a: Kommo-o|def|1
|-boost|p1a: Kommo-o|spa|1
|-boost|p1a: Kommo-o|spd|1
|-boost|p1a: Kommo-o|spe|1
|-damage|p1a: Kommo-o|68/100
|
|upkeep
|turn|16
|
|t:|1760351011
|move|p1a: Kommo-o|Boomburst|p2a: Rabsca
|-damage|p2a: Rabsca|0 fnt
|faint|p2a: Rabsca
|
|upkeep
|
|t:|1760351017
|switch|p2a: Cresselia|Cresselia, F|50/100
|-heal|p2a: Cresselia|100/100|[from] move: Lunar Dance
|-damage|p2a: Cresselia|88/100|[from] Stealth Rock
|turn|17
|l|☆Asheless
|inactive|Asheless disconnected and has a minute to reconnect!
|player|p1|
|inactive|Asheless has 30 seconds to reconnect!
|inactive|Asheless has 20 seconds to reconnect!
|inactive|Asheless has 15 seconds to reconnect!
|inactive|Asheless has 10 seconds to reconnect!
|inactive|Asheless has 5 seconds to reconnect!
|-message|Asheless lost due to inactivity.
|
|win|Hunter_of_Keys
|raw|Asheless's rating: 1448 &rarr; <strong>1428</strong><br />(-20 for losing)
|raw|Hunter_of_Keys's rating: 1441 &rarr; <strong>1461</strong><br />(+20 for winning)
|l|☆Hunter_of_Keys
|player|p2|
