|j|☆MintyCrk
|j|‽phalaenopsismb
|t:|1760435908
|gametype|singles
|player|p1|MintyCrk|caitlin|1188
|player|p2|phalaenopsismb|170|1236
|gen|9
|tier|[Gen 9] OU
|rated|
|rule|HP Percentage Mod: HP is shown in percentages
|rule|Endless Battle Clause: Forcing endless battles is banned
|rule|Species Clause: Limit one of each Pokémon
|rule|OHKO Clause: OHKO moves are banned
|rule|Evasion Items Clause: Evasion items are banned
|rule|Evasion Moves Clause: Evasion moves are banned
|rule|Evasion Abilities Clause: Evasion abilities are banned
|rule|Sleep Moves Clause: Sleep-inducing moves are banned
|clearpoke
|poke|p1|Gholdengo|
|poke|p1|Serperior, M|
|poke|p1|Gardevoir, M|
|poke|p1|Froslass, F|
|poke|p1|Chansey, F|
|poke|p1|Gliscor, F|
|poke|p2|Keldeo-Resolute|
|poke|p2|Dragapult, M|
|poke|p2|Slowking-Galar, F|
|poke|p2|Kingambit, M|
|poke|p2|Zapdos|
|poke|p2|Great Tusk|
|teampreview
|
|t:|1760435913
|teamsize|p1|6
|teamsize|p2|6
|start
|switch|p1a: Gardevoir|Gardevoir, M|100/100
|switch|p2a: Dragapult|Dragapult, M|100/100
|-ability|p1a: Gardevoir|Clear Body|Trace|[from] ability: Trace|[of] p2a: Dragapult
|turn|1
|inactive|Battle timer is ON: inactive players will automatically lose when time's up. (requested by phalaenopsismb)
|
|t:|1760435920
|move|p2a: Dragapult|U-turn|p1a: Gardevoir
|-damage|p1a: Gardevoir|42/100
|
|t:|1760435923
|switch|p2a: Slowking|Slowking-Galar, F|100/100|[from] U-turn
|move|p1a: Gardevoir|Moonblast|p2a: Slowking
|-resisted|p2a: Slowking
|-damage|p2a: Slowking|81/100
|
|-heal|p2a: Slowking|87/100|[from] item: Black Sludge
|upkeep
|turn|2
|
|t:|1760435944
|switch|p1a: Chansey|Chansey, F|100/100
|move|p2a: Slowking|Sludge Bomb|p1a: Chansey
|-damage|p1a: Chansey|91/100
|
|-heal|p2a: Slowking|93/100|[from] item: Black Sludge
|upkeep
|turn|3
|
|t:|1760435951
|move|p1a: Chansey|Stealth Rock|p2a: Slowking
|-sidestart|p2: phalaenopsismb|move: Stealth Rock
|move|p2a: Slowking|Trick|p1a: Chansey
|-activate|p2a: Slowking|move: Trick|[of] p1a: Chansey
|-item|p1a: Chansey|Black Sludge|[from] move: Trick
|-item|p2a: Slowking|Eviolite|[from] move: Trick
|
|-damage|p1a: Chansey|78/100|[from] item: Black Sludge
|upkeep
|turn|4
|
|t:|1760435963
|move|p1a: Chansey|Thunder Wave|p2a: Slowking
|-status|p2a: Slowking|par
|-prepare|p2a: Slowking|Chilly Reception|[premajor]
|move|p2a: Slowking|Chilly Reception|p2a: Slowking
|-weather|Snowscape
|
|t:|1760435968
|switch|p2a: Great Tusk|Great Tusk|100/100|[from] Chilly Reception
|-damage|p2a: Great Tusk|98/100|[from] Stealth Rock
|-enditem|p2a: Great Tusk|Booster Energy
|-activate|p2a: Great Tusk|ability: Protosynthesis|[fromitem]
|-start|p2a: Great Tusk|protosynthesisatk
|
|-weather|Snowscape|[upkeep]
|-damage|p1a: Chansey|66/100|[from] item: Black Sludge
|upkeep
|turn|5
|
|t:|1760435984
|switch|p1a: Froslass|Froslass, F|100/100
|move|p2a: Great Tusk|Ice Spinner|p1a: Froslass
|-resisted|p1a: Froslass
|-damage|p1a: Froslass|81/100
|
|-weather|Snowscape|[upkeep]
|upkeep
|turn|6
|
|t:|1760436003
|-terastallize|p2a: Great Tusk|Fairy
|move|p1a: Froslass|Triple Axel|p2a: Great Tusk
|-damage|p2a: Great Tusk|89/100
|-damage|p2a: Great Tusk|72/100
|-damage|p2a: Great Tusk|48/100
|-hitcount|p2a: Great Tusk|3
|move|p2a: Great Tusk|Rapid Spin|p1a: Froslass
|-immune|p1a: Froslass
|
|-weather|Snowscape|[upkeep]
|upkeep
|turn|7
|-message|phalaenopsismb forfeited.
|
|win|MintyCrk
|raw|MintyCrk's rating: 1188 &rarr; <strong>1216</strong><br />(+28 for winning)
|raw|phalaenopsismb's rating: 1236 &rarr; <strong>1208</strong><br />(-28 for losing)
|l|‽phalaenopsismb
|player|p2|
|l|☆MintyCrk
|player|p1|
