|j|☆antzinmypantz
|j|‽sailormooo
|t:|1760404985
|gametype|singles
|player|p1|antzinmypantz|2|1151
|player|p2|sailormooo|cynthia-anime2|1079
|gen|9
|tier|[Gen 9] OU
|rated|
|rule|HP Percentage Mod: HP is shown in percentages
|rule|Endless Battle Clause: Forcing endless battles is banned
|rule|Species Clause: Limit one of each Pokémon
|rule|OHKO Clause: OHKO moves are banned
|rule|Evasion Items Clause: Evasion items are banned
|rule|Evasion Moves Clause: Evasion moves are banned
|rule|Evasion Abilities Clause: Evasion abilities are banned
|rule|Sleep Moves Clause: Sleep-inducing moves are banned
|clearpoke
|poke|p1|Rillaboom, F|
|poke|p1|Passimian, F|
|poke|p1|Zebstrika, M|
|poke|p1|Vaporeon, M|
|poke|p1|Malamar, F|
|poke|p1|Clefable, F|
|poke|p2|Kingdra, F|
|poke|p2|Salamence, F|
|poke|p2|Haxorus, M|
|poke|p2|Goodra, F|
|poke|p2|Dragapult, F|
|poke|p2|Dragonite, F|
|teampreview
|
|t:|1760404993
|teamsize|p1|6
|teamsize|p2|6
|start
|switch|p1a: Zebstrika|Zebstrika, M|100/100
|switch|p2a: Kingdra|Kingdra, F, shiny|100/100
|turn|1
|
|t:|1760404997
|move|p1a: Zebstrika|Volt Switch|p2a: Kingdra
|-damage|p2a: Kingdra|65/100
|
|t:|1760404999
|switch|p1a: Vaporeon|Vaporeon, M|100/100|[from] Volt Switch
|move|p2a: Kingdra|Rain Dance|p2a: Kingdra
|-weather|RainDance
|
|-weather|RainDance|[upkeep]
|upkeep
|turn|2
|
|t:|1760405004
|move|p2a: Kingdra|Hurricane|p1a: Vaporeon
|-damage|p1a: Vaporeon|79/100
|move|p1a: Vaporeon|Scald|p2a: Kingdra
|-resisted|p2a: Kingdra
|-damage|p2a: Kingdra|52/100
|
|-weather|RainDance|[upkeep]
|-heal|p1a: Vaporeon|85/100|[from] item: Leftovers
|upkeep
|turn|3
|
|t:|1760405009
|move|p2a: Kingdra|Hurricane|p1a: Vaporeon
|-damage|p1a: Vaporeon|61/100
|move|p1a: Vaporeon|Wish|p1a: Vaporeon
|
|-weather|RainDance|[upkeep]
|-heal|p1a: Vaporeon|68/100|[from] item: Leftovers
|upkeep
|turn|4
|
|t:|1760405013
|move|p2a: Kingdra|Hurricane|p1a: Vaporeon
|-damage|p1a: Vaporeon|44/100
|move|p1a: Vaporeon|Scald|p2a: Kingdra
|-resisted|p2a: Kingdra
|-damage|p2a: Kingdra|39/100
|-status|p2a: Kingdra|brn
|
|-weather|RainDance|[upkeep]
|-heal|p1a: Vaporeon|94/100|[from] move: Wish|[wisher] Vaporeon
|-heal|p1a: Vaporeon|99/100|[from] item: Leftovers
|-damage|p2a: Kingdra|33/100 brn|[from] brn
|upkeep
|turn|5
|
|t:|1760405020
|move|p1a: Vaporeon|Protect|p1a: Vaporeon
|-singleturn|p1a: Vaporeon|Protect
|move|p2a: Kingdra|Hurricane|p1a: Vaporeon
|-activate|p1a: Vaporeon|move: Protect
|
|-weather|RainDance|[upkeep]
|-heal|p1a: Vaporeon|100/100|[from] item: Leftovers
|-damage|p2a: Kingdra|27/100 brn|[from] brn
|upkeep
|turn|6
|
|t:|1760405023
|move|p2a: Kingdra|Hurricane|p1a: Vaporeon
|-damage|p1a: Vaporeon|77/100
|move|p1a: Vaporeon|Wish|p1a: Vaporeon
|
|-weather|RainDance|[upkeep]
|-heal|p1a: Vaporeon|83/100|[from] item: Leftovers
|-damage|p2a: Kingdra|20/100 brn|[from] brn
|upkeep
|turn|7
|
|t:|1760405027
|move|p2a: Kingdra|Hurricane|p1a: Vaporeon
|-damage|p1a: Vaporeon|58/100
|-start|p1a: Vaporeon|confusion
|-activate|p1a: Vaporeon|confusion
|move|p1a: Vaporeon|Scald|p2a: Kingdra
|-resisted|p2a: Kingdra
|-damage|p2a: Kingdra|7/100 brn
|
|-weather|RainDance|[upkeep]
|-heal|p1a: Vaporeon|100/100|[from] move: Wish|[wisher] Vaporeon
|-damage|p2a: Kingdra|1/100 brn|[from] brn
|upkeep
|turn|8
|
|t:|1760405031
|-activate|p1a: Vaporeon|confusion
|move|p1a: Vaporeon|Protect|p1a: Vaporeon
|-singleturn|p1a: Vaporeon|Protect
|move|p2a: Kingdra|Rain Dance||[still]
|-fail|p2a: Kingdra
|
|-weather|none
|-damage|p2a: Kingdra|0 fnt|[from] brn
|faint|p2a: Kingdra
|upkeep
|
|t:|1760405041
|switch|p2a: Goodra|Goodra, F, shiny|100/100
|turn|9
|
|t:|1760405046
|switch|p1a: Clefable|Clefable, F|100/100
|move|p2a: Goodra|Thunder|p1a: Clefable
|-damage|p1a: Clefable|78/100
|
|-heal|p1a: Clefable|84/100|[from] item: Leftovers
|upkeep
|turn|10
|
|t:|1760405051
|move|p2a: Goodra|Sludge Bomb|p1a: Clefable
|-supereffective|p1a: Clefable
|-damage|p1a: Clefable|44/100
|move|p1a: Clefable|Stealth Rock|p2a: Goodra
|-sidestart|p2: sailormooo|move: Stealth Rock
|
|-heal|p1a: Clefable|50/100|[from] item: Leftovers
|upkeep
|turn|11
|
|t:|1760405056
|move|p2a: Goodra|Sludge Bomb|p1a: Clefable
|-supereffective|p1a: Clefable
|-damage|p1a: Clefable|7/100
|move|p1a: Clefable|Moonlight|p1a: Clefable
|-heal|p1a: Clefable|57/100
|
|-heal|p1a: Clefable|63/100|[from] item: Leftovers
|upkeep
|turn|12
|
|t:|1760405066
|move|p2a: Goodra|Sludge Bomb|p1a: Clefable
|-supereffective|p1a: Clefable
|-damage|p1a: Clefable|24/100
|move|p1a: Clefable|Moonlight|p1a: Clefable
|-heal|p1a: Clefable|74/100
|
|-heal|p1a: Clefable|80/100|[from] item: Leftovers
|upkeep
|turn|13
|
|t:|1760405076
|switch|p1a: Malamar|Malamar, F|100/100
|move|p2a: Goodra|Sludge Bomb|p1a: Malamar
|-damage|p1a: Malamar|57/100
|-status|p1a: Malamar|psn
|
|-damage|p1a: Malamar|45/100 psn|[from] psn
|upkeep
|turn|14
|
|t:|1760405088
|move|p1a: Malamar|Knock Off|p2a: Goodra
|-damage|p2a: Goodra|51/100
|-ability|p2a: Goodra|Gooey
|-boost|p1a: Malamar|spe|1
|-enditem|p2a: Goodra|Assault Vest|[from] move: Knock Off|[of] p1a: Malamar
|move|p2a: Goodra|Sludge Bomb|p1a: Malamar
|-damage|p1a: Malamar|0 fnt
|faint|p1a: Malamar
|
|upkeep
|
|t:|1760405098
|switch|p1a: Zebstrika|Zebstrika, M|100/100
|turn|15
|
|t:|1760405101
|-terastallize|p1a: Zebstrika|Ice
|move|p1a: Zebstrika|Tera Blast|p2a: Goodra|[anim] Tera Blast Ice
|-supereffective|p2a: Goodra
|-damage|p2a: Goodra|10/100
|move|p2a: Goodra|Sludge Bomb|p1a: Zebstrika
|-damage|p1a: Zebstrika|49/100
|
|upkeep
|turn|16
|
|t:|1760405109
|move|p1a: Zebstrika|Tera Blast|p2a: Goodra|[anim] Tera Blast Ice
|-supereffective|p2a: Goodra
|-damage|p2a: Goodra|0 fnt
|faint|p2a: Goodra
|
|upkeep
|
|t:|1760405121
|switch|p2a: Dragapult|Dragapult, F, shiny|100/100
|-damage|p2a: Dragapult|88/100|[from] Stealth Rock
|turn|17
|
|t:|1760405125
|move|p2a: Dragapult|Dragon Darts|p1a: Zebstrika
|-damage|p1a: Zebstrika|0 fnt
|faint|p1a: Zebstrika
|
|upkeep
|
|t:|1760405128
|switch|p1a: Clefable|Clefable, F|80/100
|turn|18
|
|t:|1760405132
|move|p2a: Dragapult|U-turn|p1a: Clefable
|-resisted|p1a: Clefable
|-damage|p1a: Clefable|66/100
|
|t:|1760405136
|switch|p2a: Salamence|Salamence, F|100/100|[from] U-turn
|-damage|p2a: Salamence|76/100|[from] Stealth Rock
|move|p1a: Clefable|Moonblast|p2a: Salamence
|-supereffective|p2a: Salamence
|-damage|p2a: Salamence|0 fnt
|faint|p2a: Salamence
|
|-heal|p1a: Clefable|72/100|[from] item: Leftovers
|upkeep
|
|t:|1760405144
|switch|p2a: Dragonite|Dragonite, F, shiny|100/100
|-damage|p2a: Dragonite|76/100|[from] Stealth Rock
|turn|19
|
|t:|1760405148
|-terastallize|p2a: Dragonite|Normal
|move|p2a: Dragonite|Dragon Dance|p2a: Dragonite
|-boost|p2a: Dragonite|atk|1
|-boost|p2a: Dragonite|spe|1
|move|p1a: Clefable|Moonblast|p2a: Dragonite
|-damage|p2a: Dragonite|43/100
|
|-heal|p1a: Clefable|78/100|[from] item: Leftovers
|upkeep
|turn|20
|
|t:|1760405158
|switch|p1a: Vaporeon|Vaporeon, M|100/100
|move|p2a: Dragonite|Iron Head|p1a: Vaporeon
|-resisted|p1a: Vaporeon
|-damage|p1a: Vaporeon|84/100
|
|-heal|p1a: Vaporeon|90/100|[from] item: Leftovers
|upkeep
|turn|21
|
|t:|1760405163
|move|p2a: Dragonite|Extreme Speed|p1a: Vaporeon
|-damage|p1a: Vaporeon|41/100
|move|p1a: Vaporeon|Haze|p1a: Vaporeon
|-clearallboost
|
|-heal|p1a: Vaporeon|47/100|[from] item: Leftovers
|upkeep
|turn|22
|
|t:|1760405166
|move|p2a: Dragonite|Extreme Speed|p1a: Vaporeon
|-damage|p1a: Vaporeon|13/100
|move|p1a: Vaporeon|Wish|p1a: Vaporeon
|
|-heal|p1a: Vaporeon|19/100|[from] item: Leftovers
|upkeep
|turn|23
|
|t:|1760405176
|move|p1a: Vaporeon|Protect|p1a: Vaporeon
|-singleturn|p1a: Vaporeon|Protect
|move|p2a: Dragonite|Dragon Dance|p2a: Dragonite
|-boost|p2a: Dragonite|atk|1
|-boost|p2a: Dragonite|spe|1
|
|-heal|p1a: Vaporeon|69/100|[from] move: Wish|[wisher] Vaporeon
|-heal|p1a: Vaporeon|75/100|[from] item: Leftovers
|upkeep
|turn|24
|
|t:|1760405180
|move|p2a: Dragonite|Extreme Speed|p1a: Vaporeon
|-damage|p1a: Vaporeon|25/100
|move|p1a: Vaporeon|Haze|p1a: Vaporeon
|-clearallboost
|
|-heal|p1a: Vaporeon|32/100|[from] item: Leftovers
|upkeep
|turn|25
|
|t:|1760405184
|move|p2a: Dragonite|Extreme Speed|p1a: Vaporeon
|-damage|p1a: Vaporeon|0 fnt
|faint|p1a: Vaporeon
|
|upkeep
|
|t:|1760405191
|switch|p1a: Rillaboom|Rillaboom, F|100/100
|-fieldstart|move: Grassy Terrain|[from] ability: Grassy Surge|[of] p1a: Rillaboom
|turn|26
|
|t:|1760405197
|move|p2a: Dragonite|Extreme Speed|p1a: Rillaboom
|-damage|p1a: Rillaboom|52/100
|move|p1a: Rillaboom|Wood Hammer|p2a: Dragonite
|-damage|p2a: Dragonite|0 fnt
|-damage|p1a: Rillaboom|36/100|[from] item: Rocky Helmet|[of] p2a: Dragonite
|faint|p2a: Dragonite
|-damage|p1a: Rillaboom|22/100|[from] Recoil
|
|-heal|p1a: Rillaboom|29/100|[from] Grassy Terrain
|upkeep
|
|t:|1760405202
|switch|p2a: Dragapult|Dragapult, F, shiny|88/100
|-damage|p2a: Dragapult|76/100|[from] Stealth Rock
|turn|27
|
|t:|1760405206
|switch|p1a: Clefable|Clefable, F|78/100
|move|p2a: Dragapult|U-turn|p1a: Clefable
|-resisted|p1a: Clefable
|-damage|p1a: Clefable|64/100
|
|t:|1760405211
|switch|p2a: Haxorus|Haxorus, M, shiny|100/100|[from] U-turn
|-damage|p2a: Haxorus|88/100|[from] Stealth Rock
|
|-heal|p2a: Haxorus|94/100|[from] Grassy Terrain
|-heal|p1a: Clefable|70/100|[from] Grassy Terrain
|-heal|p1a: Clefable|76/100|[from] item: Leftovers
|upkeep
|turn|28
|
|t:|1760405215
|move|p2a: Haxorus|Poison Jab|p1a: Clefable
|-supereffective|p1a: Clefable
|-damage|p1a: Clefable|28/100
|-status|p1a: Clefable|psn
|move|p1a: Clefable|Moonblast|p2a: Haxorus
|-supereffective|p2a: Haxorus
|-damage|p2a: Haxorus|0 fnt
|faint|p2a: Haxorus
|
|-heal|p1a: Clefable|34/100 psn|[from] Grassy Terrain
|-heal|p1a: Clefable|40/100 psn|[from] item: Leftovers
|upkeep
|
|t:|1760405220
|switch|p2a: Dragapult|Dragapult, F, shiny|76/100
|-damage|p2a: Dragapult|64/100|[from] Stealth Rock
|turn|29
|
|t:|1760405223
|move|p2a: Dragapult|Phantom Force||[still]
|-prepare|p2a: Dragapult|Phantom Force
|move|p1a: Clefable|Moonblast|p2a: Dragapult|[miss]
|-miss|p1a: Clefable|p2a: Dragapult
|
|-heal|p1a: Clefable|46/100 psn|[from] Grassy Terrain
|-heal|p1a: Clefable|53/100 psn|[from] item: Leftovers
|upkeep
|turn|30
|
|t:|1760405231
|move|p2a: Dragapult|Phantom Force|p1a: Clefable|[from] lockedmove
|-damage|p1a: Clefable|0 fnt
|faint|p1a: Clefable
|
|-heal|p2a: Dragapult|70/100|[from] Grassy Terrain
|-fieldend|move: Grassy Terrain
|upkeep
|
|t:|1760405235
|switch|p1a: Rillaboom|Rillaboom, F|29/100
|-fieldstart|move: Grassy Terrain|[from] ability: Grassy Surge|[of] p1a: Rillaboom
|turn|31
|
|t:|1760405238
|move|p1a: Rillaboom|Grassy Glide|p2a: Dragapult
|-resisted|p2a: Dragapult
|-damage|p2a: Dragapult|32/100
|move|p2a: Dragapult|U-turn|p1a: Rillaboom
|-supereffective|p1a: Rillaboom
|-damage|p1a: Rillaboom|0 fnt
|faint|p1a: Rillaboom
|
|-heal|p2a: Dragapult|38/100|[from] Grassy Terrain
|upkeep
|
|t:|1760405241
|switch|p1a: Passimian|Passimian, F|100/100
|turn|32
|
|t:|1760405250
|move|p2a: Dragapult|Dragon Darts|p1a: Passimian
|-damage|p1a: Passimian|71/100
|-anim|p2a: Dragapult|Dragon Darts|p1a: Passimian
|-damage|p1a: Passimian|38/100
|move|p1a: Passimian|Knock Off|p2a: Dragapult
|-supereffective|p2a: Dragapult
|-damage|p2a: Dragapult|0 fnt
|-enditem|p2a: Dragapult|Eject Button|[from] move: Knock Off|[of] p1a: Passimian
|faint|p2a: Dragapult
|
|win|antzinmypantz
|raw|antzinmypantz's rating: 1151 &rarr; <strong>1171</strong><br />(+20 for winning)
|raw|sailormooo's rating: 1079 &rarr; <strong>1062</strong><br />(-17 for losing)
|l|‽sailormooo
|player|p2|
|l|☆antzinmypantz
|player|p1|
