|j|☆Bluelamentation
|j|☆Neiblehik
|t:|1760360206
|gametype|singles
|player|p1|Bluelamentation|giovanni|1319
|player|p2|Neiblehik|102|1332
|gen|9
|tier|[Gen 9] OU
|rated|
|rule|HP Percentage Mod: HP is shown in percentages
|rule|Endless Battle Clause: Forcing endless battles is banned
|rule|Species Clause: Limit one of each Pokémon
|rule|OHKO Clause: OHKO moves are banned
|rule|Evasion Items Clause: Evasion items are banned
|rule|Evasion Moves Clause: Evasion moves are banned
|rule|Evasion Abilities Clause: Evasion abilities are banned
|rule|Sleep Moves Clause: Sleep-inducing moves are banned
|clearpoke
|poke|p1|Talonflame, M|
|poke|p1|Iron Crown|
|poke|p1|Keldeo-Resolute|
|poke|p1|Garganacl, M|
|poke|p1|Pecharunt|
|poke|p1|Rotom-Mow|
|poke|p2|Dragapult, F|
|poke|p2|Kleavor, M|
|poke|p2|Zamazenta-*|
|poke|p2|Cinderace, M|
|poke|p2|Ninetales-Alola, M|
|poke|p2|Greninja-*, M|
|teampreview
|inactive|Battle timer is ON: inactive players will automatically lose when time's up. (requested by Neiblehik)
|
|t:|1760360218
|teamsize|p1|6
|teamsize|p2|6
|start
|switch|p1a: Garganacl|Garganacl, M|100/100
|switch|p2a: Kleavor|Kleavor, M|100/100
|turn|1
|
|t:|1760360224
|move|p2a: Kleavor|Stone Axe|p1a: Garganacl
|-damage|p1a: Garganacl|68/100
|-sidestart|p1: Bluelamentation|move: Stealth Rock
|move|p1a: Garganacl|Salt Cure|p2a: Kleavor
|-supereffective|p2a: Kleavor
|-damage|p2a: Kleavor|66/100
|-start|p2a: Kleavor|Salt Cure
|
|-heal|p1a: Garganacl|74/100|[from] item: Leftovers
|-damage|p2a: Kleavor|53/100|[from] Salt Cure
|upkeep
|turn|2
|
|t:|1760360233
|switch|p2a: Greninja|Greninja, M|100/100
|move|p1a: Garganacl|Stealth Rock|p2a: Greninja
|-sidestart|p2: Neiblehik|move: Stealth Rock
|
|-heal|p1a: Garganacl|80/100|[from] item: Leftovers
|upkeep
|turn|3
|
|t:|1760360238
|-terastallize|p1a: Garganacl|Fairy
|move|p2a: Greninja|Water Shuriken|p1a: Garganacl
|-damage|p1a: Garganacl|73/100
|-damage|p1a: Garganacl|66/100
|-damage|p1a: Garganacl|60/100
|-damage|p1a: Garganacl|52/100
|-damage|p1a: Garganacl|46/100
|-hitcount|p1a: Garganacl|5
|-damage|p2a: Greninja|91/100|[from] item: Life Orb
|move|p1a: Garganacl|Salt Cure|p2a: Greninja
|-damage|p2a: Greninja|69/100
|-start|p2a: Greninja|Salt Cure
|
|-heal|p1a: Garganacl|52/100|[from] item: Leftovers
|-damage|p2a: Greninja|44/100|[from] Salt Cure
|upkeep
|turn|4
|
|t:|1760360244
|move|p2a: Greninja|Sludge Wave|p1a: Garganacl
|-supereffective|p1a: Garganacl
|-damage|p1a: Garganacl|0 fnt
|faint|p1a: Garganacl
|-ability|p2a: Greninja|Battle Bond|boost
|-boost|p2a: Greninja|atk|1
|-boost|p2a: Greninja|spa|1
|-boost|p2a: Greninja|spe|1
|-activate|p2a: Greninja|ability: Battle Bond
|-damage|p2a: Greninja|35/100|[from] item: Life Orb
|
|-damage|p2a: Greninja|10/100|[from] Salt Cure
|upkeep
|
|t:|1760360259
|switch|p1a: Keldeo|Keldeo-Resolute|100/100
|-damage|p1a: Keldeo|94/100|[from] Stealth Rock
|turn|5
|
|t:|1760360268
|move|p2a: Greninja|Sludge Wave|p1a: Keldeo
|-damage|p1a: Keldeo|33/100
|-damage|p2a: Greninja|0 fnt|[from] item: Life Orb
|faint|p2a: Greninja
|move|p1a: Keldeo|Surf|p2: Greninja|[notarget]
|-fail|p1a: Keldeo
|
|upkeep
|
|t:|1760360288
|switch|p2a: Zamazenta|Zamazenta|100/100
|-damage|p2a: Zamazenta|94/100|[from] Stealth Rock
|-ability|p2a: Zamazenta|Dauntless Shield|boost
|-boost|p2a: Zamazenta|def|1
|turn|6
|
|t:|1760360292
|move|p1a: Keldeo|Surf|p2a: Zamazenta
|-crit|p2a: Zamazenta
|-damage|p2a: Zamazenta|19/100
|move|p2a: Zamazenta|Thunder Fang|p1a: Keldeo
|-supereffective|p1a: Keldeo
|-damage|p1a: Keldeo|0 fnt
|faint|p1a: Keldeo
|
|upkeep
|
|t:|1760360303
|switch|p1a: Talonflame|Talonflame, M|100/100
|turn|7
|
|t:|1760360308
|move|p2a: Zamazenta|Thunder Fang|p1a: Talonflame
|-supereffective|p1a: Talonflame
|-damage|p1a: Talonflame|14/100
|-status|p2a: Zamazenta|brn|[from] ability: Flame Body|[of] p1a: Talonflame
|move|p1a: Talonflame|Air Slash|p2a: Zamazenta
|-supereffective|p2a: Zamazenta
|-damage|p2a: Zamazenta|0 fnt
|faint|p2a: Zamazenta
|
|upkeep
|
|t:|1760360315
|switch|p2a: Ninetales|Ninetales-Alola, M|100/100
|-damage|p2a: Ninetales|76/100|[from] Stealth Rock
|-weather|Snowscape|[from] ability: Snow Warning|[of] p2a: Ninetales
|turn|8
|c|☆Bluelamentation|The fuck is that EV investment
|
|t:|1760360320
|move|p1a: Talonflame|Overheat|p2a: Ninetales
|-supereffective|p2a: Ninetales
|-damage|p2a: Ninetales|10/100
|-unboost|p1a: Talonflame|spa|2
|move|p2a: Ninetales|Aurora Veil|p2a: Ninetales
|-sidestart|p2: Neiblehik|move: Aurora Veil
|
|-weather|Snowscape|[upkeep]
|upkeep
|turn|9
|
|t:|1760360331
|move|p1a: Talonflame|Defog|p2a: Ninetales
|-unboost|p2a: Ninetales|evasion|1
|-sideend|p2: Neiblehik|move: Aurora Veil
|-sideend|p2: Neiblehik|Stealth Rock|[from] move: Defog|[of] p1a: Talonflame
|-sideend|p1: Bluelamentation|Stealth Rock|[from] move: Defog|[of] p1a: Talonflame
|move|p2a: Ninetales|Moonblast|p1a: Talonflame
|-resisted|p1a: Talonflame
|-damage|p1a: Talonflame|0 fnt
|faint|p1a: Talonflame
|
|-weather|Snowscape|[upkeep]
|upkeep
|
|t:|1760360337
|switch|p1a: Rotom|Rotom-Mow|100/100
|turn|10
|
|t:|1760360340
|move|p1a: Rotom|Volt Switch|p2a: Ninetales
|-damage|p2a: Ninetales|0 fnt
|faint|p2a: Ninetales
|
|t:|1760360346
|switch|p1a: Iron Crown|Iron Crown|100/100|[from] Volt Switch
|
|-weather|Snowscape|[upkeep]
|upkeep
|
|t:|1760360360
|switch|p2a: Dragapult|Dragapult, F|100/100
|turn|11
|
|t:|1760360369
|-terastallize|p2a: Dragapult|Ghost
|move|p2a: Dragapult|Shadow Ball|p1a: Iron Crown
|-supereffective|p1a: Iron Crown
|-damage|p1a: Iron Crown|2/100
|move|p1a: Iron Crown|Tachyon Cutter|p2a: Dragapult
|-damage|p2a: Dragapult|68/100
|-damage|p2a: Dragapult|35/100
|-hitcount|p2a: Dragapult|2
|
|-weather|Snowscape|[upkeep]
|upkeep
|turn|12
|
|t:|1760360379
|move|p2a: Dragapult|Shadow Ball|p1a: Iron Crown
|-supereffective|p1a: Iron Crown
|-damage|p1a: Iron Crown|0 fnt
|faint|p1a: Iron Crown
|-end|p1a: Iron Crown|Quark Drive|[silent]
|
|-weather|none
|upkeep
|
|t:|1760360381
|switch|p1a: Rotom|Rotom-Mow|100/100
|turn|13
|
|t:|1760360393
|switch|p2a: Kleavor|Kleavor, M|53/100
|move|p1a: Rotom|Leaf Storm|p2a: Kleavor|[miss]
|-miss|p1a: Rotom|p2a: Kleavor
|
|upkeep
|turn|14
|
|t:|1760360398
|move|p1a: Rotom|Leaf Storm|p2a: Kleavor
|-damage|p2a: Kleavor|0 fnt
|-unboost|p1a: Rotom|spa|2
|faint|p2a: Kleavor
|
|upkeep
|
|t:|1760360401
|switch|p2a: Cinderace|Cinderace, M|100/100
|turn|15
|
|t:|1760360409
|switch|p1a: Pecharunt|Pecharunt|100/100
|move|p2a: Cinderace|U-turn|p1a: Pecharunt
|-start|p2a: Cinderace|typechange|Bug|[from] ability: Libero
|-resisted|p1a: Pecharunt
|-damage|p1a: Pecharunt|97/100
|
|t:|1760360412
|switch|p2a: Dragapult|Dragapult, F, tera:Ghost|35/100|[from] U-turn
|
|upkeep
|turn|16
|
|t:|1760360419
|switch|p1a: Rotom|Rotom-Mow|100/100
|move|p2a: Dragapult|Shadow Ball|p1a: Rotom
|-damage|p1a: Rotom|23/100
|
|upkeep
|turn|17
|
|t:|1760360423
|switch|p2a: Cinderace|Cinderace, M|100/100
|move|p1a: Rotom|Volt Switch|p2a: Cinderace
|-damage|p2a: Cinderace|66/100
|
|t:|1760360425
|switch|p1a: Pecharunt|Pecharunt|97/100|[from] Volt Switch
|
|upkeep
|turn|18
|
|t:|1760360432
|move|p2a: Cinderace|Pyro Ball|p1a: Pecharunt
|-damage|p1a: Pecharunt|73/100
|move|p1a: Pecharunt|Hex|p2a: Cinderace
|-damage|p2a: Cinderace|38/100
|
|upkeep
|turn|19
|
|t:|1760360445
|move|p2a: Cinderace|Pyro Ball|p1a: Pecharunt
|-damage|p1a: Pecharunt|48/100
|move|p1a: Pecharunt|Malignant Chain|p2a: Cinderace
|-damage|p2a: Cinderace|0 fnt
|faint|p2a: Cinderace
|
|upkeep
|
|t:|1760360448
|switch|p2a: Dragapult|Dragapult, F, tera:Ghost|35/100
|turn|20
|
|t:|1760360453
|move|p2a: Dragapult|Shadow Ball|p1a: Pecharunt
|-supereffective|p1a: Pecharunt
|-damage|p1a: Pecharunt|0 fnt
|faint|p1a: Pecharunt
|
|upkeep
|
|t:|1760360454
|switch|p1a: Rotom|Rotom-Mow|23/100
|turn|21
|
|t:|1760360455
|move|p1a: Rotom|Leaf Storm|p2a: Dragapult|[miss]
|-miss|p1a: Rotom|p2a: Dragapult
|move|p2a: Dragapult|Shadow Ball|p1a: Rotom
|-damage|p1a: Rotom|0 fnt
|faint|p1a: Rotom
|
|win|Neiblehik
|raw|Bluelamentation's rating: 1319 &rarr; <strong>1300</strong><br />(-19 for losing)
|raw|Neiblehik's rating: 1332 &rarr; <strong>1351</strong><br />(+19 for winning)
|l|☆Bluelamentation
|player|p1|
|l|☆Neiblehik
|player|p2|
