|j|‽Rikulum
|j|☆life is a paradox
|t:|1760444292
|gametype|singles
|player|p1|Rikulum|unknown|1119
|player|p2|life is a paradox|hiker-gen4|1116
|gen|9
|tier|[Gen 9] OU
|rated|
|rule|HP Percentage Mod: HP is shown in percentages
|rule|Endless Battle Clause: Forcing endless battles is banned
|rule|Species Clause: Limit one of each Pokémon
|rule|OHKO Clause: OHKO moves are banned
|rule|Evasion Items Clause: Evasion items are banned
|rule|Evasion Moves Clause: Evasion moves are banned
|rule|Evasion Abilities Clause: Evasion abilities are banned
|rule|Sleep Moves Clause: Sleep-inducing moves are banned
|clearpoke
|poke|p1|Empoleon, F|
|poke|p1|Oricorio-Sensu, F|
|poke|p1|Decidueye-Hisui, F|
|poke|p1|Dusclops, F|
|poke|p1|Rampardos, F|
|poke|p1|Enamorus, F|
|poke|p2|Azelf|
|poke|p2|Forretress, M|
|poke|p2|Kilowattrel, M|
|poke|p2|Regidrago|
|poke|p2|Cinderace, F|
|poke|p2|Ursaluna, M|
|teampreview
|
|t:|1760444306
|teamsize|p1|6
|teamsize|p2|6
|start
|switch|p1a: Oricorio|Oricorio-Sensu, F|100/100
|switch|p2a: Azelf|Azelf|100/100
|turn|1
|inactive|Battle timer is ON: inactive players will automatically lose when time's up. (requested by life is a paradox)
|
|t:|1760444314
|move|p2a: Azelf|Mystical Power|p1a: Oricorio
|-damage|p1a: Oricorio|43/100
|-boost|p2a: Azelf|spa|1
|-enditem|p1a: Oricorio|Mirror Herb
|-boost|p1a: Oricorio|spa|1|[from] item: Mirror Herb
|move|p1a: Oricorio|Revelation Dance|p2a: Azelf
|-supereffective|p2a: Azelf
|-damage|p2a: Azelf|0 fnt
|faint|p2a: Azelf
|
|upkeep
|
|t:|1760444326
|switch|p2a: Cinderace|Cinderace, F|100/100
|turn|2
|
|t:|1760444339
|move|p2a: Cinderace|Pyro Ball|p1a: Oricorio
|-damage|p1a: Oricorio|0 fnt
|faint|p1a: Oricorio
|-damage|p2a: Cinderace|91/100|[from] item: Life Orb
|
|upkeep
|
|t:|1760444359
|switch|p1a: Empoleon|Empoleon, F|100/100
|turn|3
|
|t:|1760444363
|move|p2a: Cinderace|High Jump Kick|p1a: Empoleon
|-start|p2a: Cinderace|typechange|Fighting|[from] ability: Libero
|-supereffective|p1a: Empoleon
|-damage|p1a: Empoleon|0 fnt
|faint|p1a: Empoleon
|-damage|p2a: Cinderace|81/100|[from] item: Life Orb
|
|upkeep
|
|t:|1760444384
|switch|p1a: Enamorus|Enamorus, F|100/100
|turn|4
|
|t:|1760444388
|switch|p2a: Forretress|Forretress, M|100/100
|move|p1a: Enamorus|Moonblast|p2a: Forretress
|-resisted|p2a: Forretress
|-damage|p2a: Forretress|54/100
|-damage|p1a: Enamorus|91/100|[from] item: Life Orb
|
|-heal|p2a: Forretress|60/100|[from] item: Leftovers
|upkeep
|turn|5
|
|t:|1760444405
|move|p1a: Enamorus|Earth Power|p2a: Forretress
|-damage|p2a: Forretress|2/100
|-damage|p1a: Enamorus|81/100|[from] item: Life Orb
|move|p2a: Forretress|Gyro Ball|p1a: Enamorus
|-supereffective|p1a: Enamorus
|-damage|p1a: Enamorus|0 fnt
|faint|p1a: Enamorus
|
|-heal|p2a: Forretress|9/100|[from] item: Leftovers
|upkeep
|
|t:|1760444418
|switch|p1a: Decidueye|Decidueye-Hisui, F|100/100
|turn|6
|
|t:|1760444423
|move|p1a: Decidueye|Triple Arrows|p2a: Forretress
|-damage|p2a: Forretress|0 fnt
|faint|p2a: Forretress
|
|upkeep
|
|t:|1760444426
|switch|p2a: Cinderace|Cinderace, F|81/100
|turn|7
|
|t:|1760444435
|-terastallize|p2a: Cinderace|Fire
|-terastallize|p1a: Decidueye|Ghost
|move|p2a: Cinderace|Pyro Ball|p1a: Decidueye
|-damage|p1a: Decidueye|0 fnt
|faint|p1a: Decidueye
|-damage|p2a: Cinderace|71/100|[from] item: Life Orb
|
|upkeep
|
|t:|1760444444
|switch|p1a: Rampardos|Rampardos, F|100/100
|-ability|p1a: Rampardos|Mold Breaker
|turn|8
|
|t:|1760444456
|move|p2a: Cinderace|High Jump Kick|p1a: Rampardos
|-supereffective|p1a: Rampardos
|-damage|p1a: Rampardos|0 fnt
|faint|p1a: Rampardos
|-damage|p2a: Cinderace|61/100|[from] item: Life Orb
|
|upkeep
|
|t:|1760444462
|switch|p1a: Dusclops|Dusclops, F|100/100
|-ability|p1a: Dusclops|Pressure
|turn|9
|
|t:|1760444467
|move|p2a: Cinderace|Pyro Ball|p1a: Dusclops
|-damage|p1a: Dusclops|28/100
|-damage|p2a: Cinderace|51/100|[from] item: Life Orb
|move|p1a: Dusclops|Brick Break|p2a: Cinderace
|-damage|p2a: Cinderace|32/100
|
|upkeep
|turn|10
|
|t:|1760444475
|move|p2a: Cinderace|Pyro Ball|p1a: Dusclops|[miss]
|-miss|p2a: Cinderace|p1a: Dusclops
|move|p1a: Dusclops|Brick Break|p2a: Cinderace
|-damage|p2a: Cinderace|14/100
|
|upkeep
|turn|11
|
|t:|1760444483
|move|p2a: Cinderace|Pyro Ball|p1a: Dusclops
|-damage|p1a: Dusclops|0 fnt
|faint|p1a: Dusclops
|-damage|p2a: Cinderace|4/100|[from] item: Life Orb
|
|win|life is a paradox
|raw|Rikulum's rating: 1119 &rarr; <strong>1094</strong><br />(-25 for losing)
|raw|life is a paradox's rating: 1116 &rarr; <strong>1141</strong><br />(+25 for winning)
|l|☆life is a paradox
|player|p2|
|l|‽Rikulum
|player|p1|
