|j|☆raskmus
|j|☆lucawk
|t:|1760448948
|gametype|singles
|player|p1|raskmus|169|1339
|player|p2|lucawk|scientist-gen4dp|1313
|gen|9
|tier|[Gen 9] OU
|rated|
|rule|HP Percentage Mod: HP is shown in percentages
|rule|Endless Battle Clause: Forcing endless battles is banned
|rule|Species Clause: Limit one of each Pokémon
|rule|OHKO Clause: OHKO moves are banned
|rule|Evasion Items Clause: Evasion items are banned
|rule|Evasion Moves Clause: Evasion moves are banned
|rule|Evasion Abilities Clause: Evasion abilities are banned
|rule|Sleep Moves Clause: Sleep-inducing moves are banned
|clearpoke
|poke|p1|Zoroark-Hisui, F|
|poke|p1|Darkrai|
|poke|p1|Slowking-Galar, M|
|poke|p1|Great Tusk|
|poke|p1|Azumarill, M|
|poke|p1|Skarmory, M|
|poke|p2|Glimmora, F|
|poke|p2|Alomomola, M|
|poke|p2|Slowking-Galar, M|
|poke|p2|Klefki, F|
|poke|p2|Clefable, M|
|poke|p2|Gholdengo|
|teampreview
|
|t:|1760448963
|teamsize|p1|6
|teamsize|p2|6
|start
|switch|p1a: Darkrai|Darkrai|100/100
|switch|p2a: Klefki|Klefki, F, shiny|100/100
|turn|1
|
|t:|1760448973
|move|p2a: Klefki|Light Screen|p2a: Klefki
|-sidestart|p2: lucawk|move: Light Screen
|move|p1a: Darkrai|Swords Dance|p1a: Darkrai
|-boost|p1a: Darkrai|atk|2
|
|upkeep
|turn|2
|
|t:|1760448992
|move|p2a: Klefki|Reflect|p2a: Klefki
|-sidestart|p2: lucawk|Reflect
|move|p1a: Darkrai|Knock Off|p2a: Klefki
|-resisted|p2a: Klefki
|-damage|p2a: Klefki|78/100
|-enditem|p2a: Klefki|Light Clay|[from] move: Knock Off|[of] p1a: Darkrai
|
|upkeep
|turn|3
|
|t:|1760449009
|switch|p1a: Great Tusk|Great Tusk|100/100
|move|p2a: Klefki|Thunder Wave|p1a: Great Tusk
|-immune|p1a: Great Tusk
|
|upkeep
|turn|4
|
|t:|1760449018
|switch|p2a: Alomomola|Alomomola, M|100/100
|move|p1a: Great Tusk|Stealth Rock|p2a: Alomomola
|-sidestart|p2: lucawk|move: Stealth Rock
|
|upkeep
|turn|5
|
|t:|1760449029
|-end|p1a: Great Tusk|Protosynthesis|[silent]
|switch|p1a: Skarmory|Skarmory, M|100/100
|move|p2a: Alomomola|Scald|p1a: Skarmory
|-damage|p1a: Skarmory|83/100
|-status|p1a: Skarmory|brn
|
|-damage|p1a: Skarmory|77/100 brn|[from] brn
|upkeep
|turn|6
|
|t:|1760449039
|move|p1a: Skarmory|Spikes|p2a: Alomomola
|-sidestart|p2: lucawk|Spikes
|move|p2a: Alomomola|Flip Turn|p1a: Skarmory
|-damage|p1a: Skarmory|68/100 brn
|
|t:|1760449041
|switch|p2a: Gholdengo|Gholdengo|100/100|[from] Flip Turn
|-damage|p2a: Gholdengo|94/100|[from] Stealth Rock
|-damage|p2a: Gholdengo|82/100|[from] Spikes
|
|-damage|p1a: Skarmory|62/100 brn|[from] brn
|upkeep
|turn|7
|
|t:|1760449061
|switch|p1a: Azumarill|Azumarill, M|100/100
|move|p2a: Gholdengo|Power Gem|p1a: Azumarill
|-damage|p1a: Azumarill|2/100
|replace|p1a: Zoroark|Zoroark-Hisui, F
|-end|p1a: Zoroark|Illusion
|
|upkeep
|turn|8
|
|t:|1760449087
|move|p1a: Zoroark|Bitter Malice|p2a: Gholdengo
|-supereffective|p2a: Gholdengo
|-damage|p2a: Gholdengo|14/100
|-unboost|p2a: Gholdengo|atk|1
|move|p2a: Gholdengo|Power Gem|p1a: Zoroark
|-damage|p1a: Zoroark|0 fnt
|faint|p1a: Zoroark
|
|-sideend|p2: lucawk|move: Light Screen
|upkeep
|
|t:|1760449105
|switch|p1a: Darkrai|Darkrai|100/100
|turn|9
|
|t:|1760449116
|switch|p2a: Klefki|Klefki, F, shiny|78/100
|-damage|p2a: Klefki|72/100|[from] Stealth Rock
|-damage|p2a: Klefki|59/100|[from] Spikes
|move|p1a: Darkrai|Knock Off|p2a: Klefki
|-resisted|p2a: Klefki
|-damage|p2a: Klefki|52/100
|
|-sideend|p2: lucawk|Reflect
|upkeep
|turn|10
|
|t:|1760449131
|switch|p1a: Great Tusk|Great Tusk|100/100
|move|p2a: Klefki|Reflect|p2a: Klefki
|-sidestart|p2: lucawk|Reflect
|
|upkeep
|turn|11
|
|t:|1760449140
|switch|p2a: Alomomola|Alomomola, M|100/100
|-damage|p2a: Alomomola|88/100|[from] Stealth Rock
|-damage|p2a: Alomomola|76/100|[from] Spikes
|move|p1a: Great Tusk|Close Combat|p2a: Alomomola
|-damage|p2a: Alomomola|60/100
|-unboost|p1a: Great Tusk|def|1
|-unboost|p1a: Great Tusk|spd|1
|
|-heal|p2a: Alomomola|66/100|[from] item: Leftovers
|upkeep
|turn|12
|
|t:|1760449155
|-end|p1a: Great Tusk|Protosynthesis|[silent]
|switch|p1a: Azumarill|Azumarill, M|100/100
|move|p2a: Alomomola|Flip Turn|p1a: Azumarill
|-resisted|p1a: Azumarill
|-damage|p1a: Azumarill|94/100
|
|t:|1760449163
|switch|p2a: Glimmora|Glimmora, F|100/100|[from] Flip Turn
|-damage|p2a: Glimmora|88/100|[from] Stealth Rock
|-damage|p2a: Glimmora|76/100|[from] Spikes
|
|upkeep
|turn|13
|
|t:|1760449177
|-terastallize|p2a: Glimmora|Water
|-terastallize|p1a: Azumarill|Steel
|move|p2a: Glimmora|Mortal Spin|p1a: Azumarill
|-immune|p1a: Azumarill
|move|p1a: Azumarill|Liquidation|p2a: Glimmora
|-resisted|p2a: Glimmora
|-damage|p2a: Glimmora|56/100
|
|upkeep
|turn|14
|
|t:|1760449203
|switch|p2a: Alomomola|Alomomola, M|99/100
|-damage|p2a: Alomomola|87/100|[from] Stealth Rock
|-damage|p2a: Alomomola|75/100|[from] Spikes
|switch|p1a: Skarmory|Skarmory, M|62/100 brn
|
|-heal|p2a: Alomomola|81/100|[from] item: Leftovers
|-damage|p1a: Skarmory|56/100 brn|[from] brn
|-sideend|p2: lucawk|Reflect
|upkeep
|turn|15
|
|t:|1760449216
|move|p1a: Skarmory|Spikes|p2a: Alomomola
|-sidestart|p2: lucawk|Spikes
|move|p2a: Alomomola|Wish|p2a: Alomomola
|
|-heal|p2a: Alomomola|87/100|[from] item: Leftovers
|-damage|p1a: Skarmory|50/100 brn|[from] brn
|upkeep
|turn|16
|
|t:|1760449224
|move|p1a: Skarmory|Roost|p1a: Skarmory
|-heal|p1a: Skarmory|99/100 brn
|-singleturn|p1a: Skarmory|move: Roost
|move|p2a: Alomomola|Flip Turn|p1a: Skarmory
|-damage|p1a: Skarmory|91/100 brn
|
|t:|1760449226
|switch|p2a: Klefki|Klefki, F, shiny|52/100|[from] Flip Turn
|-damage|p2a: Klefki|46/100|[from] Stealth Rock
|-damage|p2a: Klefki|29/100|[from] Spikes
|
|-heal|p2a: Klefki|100/100|[from] move: Wish|[wisher] Alomomola
|-damage|p1a: Skarmory|85/100 brn|[from] brn
|upkeep
|turn|17
|
|t:|1760449242
|switch|p1a: Great Tusk|Great Tusk|100/100
|move|p2a: Klefki|Reflect|p2a: Klefki
|-sidestart|p2: lucawk|Reflect
|
|upkeep
|turn|18
|
|t:|1760449262
|switch|p2a: Alomomola|Alomomola, M|100/100
|-damage|p2a: Alomomola|88/100|[from] Stealth Rock
|-damage|p2a: Alomomola|71/100|[from] Spikes
|move|p1a: Great Tusk|Rapid Spin|p2a: Alomomola
|-damage|p2a: Alomomola|66/100
|-boost|p1a: Great Tusk|spe|1
|
|-heal|p2a: Alomomola|73/100|[from] item: Leftovers
|upkeep
|turn|19
|
|t:|1760449279
|-end|p1a: Great Tusk|Protosynthesis|[silent]
|switch|p1a: Skarmory|Skarmory, M|85/100 brn
|move|p2a: Alomomola|Scald|p1a: Skarmory
|-crit|p1a: Skarmory
|-damage|p1a: Skarmory|55/100 brn
|
|-heal|p2a: Alomomola|79/100|[from] item: Leftovers
|-damage|p1a: Skarmory|49/100 brn|[from] brn
|upkeep
|turn|20
|
|t:|1760449289
|move|p1a: Skarmory|Spikes|p2a: Alomomola
|-sidestart|p2: lucawk|Spikes
|move|p2a: Alomomola|Scald|p1a: Skarmory
|-damage|p1a: Skarmory|31/100 brn
|
|-heal|p2a: Alomomola|85/100|[from] item: Leftovers
|-damage|p1a: Skarmory|25/100 brn|[from] brn
|upkeep
|turn|21
|
|t:|1760449298
|move|p1a: Skarmory|Roost|p1a: Skarmory
|-heal|p1a: Skarmory|75/100 brn
|-singleturn|p1a: Skarmory|move: Roost
|move|p2a: Alomomola|Flip Turn|p1a: Skarmory
|-damage|p1a: Skarmory|66/100 brn
|
|t:|1760449301
|switch|p2a: Slowking|Slowking-Galar, M|100/100|[from] Flip Turn
|-damage|p2a: Slowking|88/100|[from] Stealth Rock
|-damage|p2a: Slowking|63/100|[from] Spikes
|
|-damage|p1a: Skarmory|60/100 brn|[from] brn
|-sideend|p2: lucawk|Reflect
|upkeep
|turn|22
|
|t:|1760449317
|move|p1a: Skarmory|Roost|p1a: Skarmory
|-heal|p1a: Skarmory|100/100 brn
|-singleturn|p1a: Skarmory|move: Roost
|move|p2a: Slowking|Flamethrower|p1a: Skarmory
|-supereffective|p1a: Skarmory
|-damage|p1a: Skarmory|18/100 brn
|
|-damage|p1a: Skarmory|12/100 brn|[from] brn
|upkeep
|turn|23
|
|t:|1760449332
|switch|p1a: Azumarill|Azumarill, M, tera:Steel|94/100
|move|p2a: Slowking|Sludge Bomb|p1a: Azumarill
|-immune|p1a: Azumarill
|
|upkeep
|turn|24
|
|t:|1760449345
|move|p1a: Azumarill|Knock Off|p2a: Slowking
|-supereffective|p2a: Slowking
|-damage|p2a: Slowking|0 fnt
|-enditem|p2a: Slowking|Assault Vest|[from] move: Knock Off|[of] p1a: Azumarill
|faint|p2a: Slowking
|
|upkeep
|
|t:|1760449351
|switch|p2a: Klefki|Klefki, F, shiny|100/100
|-damage|p2a: Klefki|95/100|[from] Stealth Rock
|-damage|p2a: Klefki|70/100|[from] Spikes
|turn|25
|
|t:|1760449359
|switch|p1a: Great Tusk|Great Tusk|100/100
|move|p2a: Klefki|Reflect|p2a: Klefki
|-sidestart|p2: lucawk|Reflect
|
|upkeep
|turn|26
|
|t:|1760449371
|-end|p1a: Great Tusk|Protosynthesis|[silent]
|switch|p1a: Slowking|Slowking-Galar, M|100/100
|switch|p2a: Alomomola|Alomomola, M|100/100
|-damage|p2a: Alomomola|88/100|[from] Stealth Rock
|-damage|p2a: Alomomola|63/100|[from] Spikes
|
|-heal|p2a: Alomomola|69/100|[from] item: Leftovers
|upkeep
|turn|27
|-message|lucawk forfeited.
|
|win|raskmus
|raw|raskmus's rating: 1339 &rarr; <strong>1358</strong><br />(+19 for winning)
|raw|lucawk's rating: 1313 &rarr; <strong>1294</strong><br />(-19 for losing)
|l|☆lucawk
|player|p2|
|c|☆raskmus|nooob
|l|☆raskmus
|player|p1|
