|j|☆Emeraldred
|j|☆PriceP0tato
|t:|1760330996
|gametype|singles
|player|p1|Emeraldred|red|1081
|player|p2|PriceP0tato|shauntal|1079
|gen|9
|tier|[Gen 9] OU
|rated|
|rule|HP Percentage Mod: HP is shown in percentages
|rule|Endless Battle Clause: Forcing endless battles is banned
|rule|Species Clause: Limit one of each Pokémon
|rule|OHKO Clause: OHKO moves are banned
|rule|Evasion Items Clause: Evasion items are banned
|rule|Evasion Moves Clause: Evasion moves are banned
|rule|Evasion Abilities Clause: Evasion abilities are banned
|rule|Sleep Moves Clause: Sleep-inducing moves are banned
|clearpoke
|poke|p1|Infernape, M|
|poke|p1|Empoleon, M|
|poke|p1|Torterra, M|
|poke|p1|Staraptor, F|
|poke|p1|Luxray, F|
|poke|p1|Weavile, M|
|poke|p2|Lycanroc-Dusk, F|
|poke|p2|Reuniclus, M|
|poke|p2|Corviknight, F|
|poke|p2|Tentacruel, F|
|poke|p2|Rotom-Heat|
|poke|p2|Flygon, M|
|teampreview
|
|t:|1760331006
|teamsize|p1|6
|teamsize|p2|6
|start
|switch|p1a: Torterra|Torterra, M|100/100
|switch|p2a: Lycanroc|Lycanroc-Dusk, F|100/100
|turn|1
|
|t:|1760331013
|move|p2a: Lycanroc|Stealth Rock|p1a: Torterra
|-sidestart|p1: Emeraldred|move: Stealth Rock
|move|p1a: Torterra|Shell Smash|p1a: Torterra
|-unboost|p1a: Torterra|def|1
|-unboost|p1a: Torterra|spd|1
|-boost|p1a: Torterra|atk|2
|-boost|p1a: Torterra|spa|2
|-boost|p1a: Torterra|spe|2
|-enditem|p1a: Torterra|White Herb
|-clearnegativeboost|p1a: Torterra|[silent]
|
|upkeep
|turn|2
|
|t:|1760331024
|move|p1a: Torterra|Iron Head|p2a: Lycanroc
|-supereffective|p2a: Lycanroc
|-enditem|p2a: Lycanroc|Focus Sash
|-damage|p2a: Lycanroc|1/100
|move|p2a: Lycanroc|Fire Fang|p1a: Torterra
|-supereffective|p1a: Torterra
|-damage|p1a: Torterra|41/100
|
|upkeep
|turn|3
|
|t:|1760331032
|switch|p2a: Corviknight|Corviknight, F|100/100
|move|p1a: Torterra|Iron Head|p2a: Corviknight
|-resisted|p2a: Corviknight
|-damage|p2a: Corviknight|79/100
|-damage|p1a: Torterra|25/100|[from] item: Rocky Helmet|[of] p2a: Corviknight
|
|upkeep
|turn|4
|
|t:|1760331043
|move|p1a: Torterra|Wood Hammer|p2a: Corviknight
|-resisted|p2a: Corviknight
|-damage|p2a: Corviknight|46/100
|-damage|p1a: Torterra|8/100|[from] item: Rocky Helmet|[of] p2a: Corviknight
|-damage|p1a: Torterra|0 fnt|[from] Recoil
|faint|p1a: Torterra
|move|p2a: Corviknight|Body Press|p1: Torterra|[notarget]
|-fail|p2a: Corviknight
|
|upkeep
|
|t:|1760331052
|switch|p1a: Infernape|Infernape, M|100/100
|turn|5
|
|t:|1760331057
|switch|p2a: Tentacruel|Tentacruel, F|100/100
|move|p1a: Infernape|U-turn|p2a: Tentacruel
|-resisted|p2a: Tentacruel
|-damage|p2a: Tentacruel|87/100
|
|t:|1760331067
|switch|p1a: Luxray|Luxray, F|100/100|[from] U-turn
|-damage|p1a: Luxray|88/100|[from] Stealth Rock
|-ability|p1a: Luxray|Intimidate|boost
|-unboost|p2a: Tentacruel|atk|1
|
|-heal|p2a: Tentacruel|93/100|[from] item: Black Sludge
|upkeep
|turn|6
|
|t:|1760331076
|move|p1a: Luxray|Ice Fang|p2a: Tentacruel
|-resisted|p2a: Tentacruel
|-damage|p2a: Tentacruel|79/100
|move|p2a: Tentacruel|Sludge Wave|p1a: Luxray
|-damage|p1a: Luxray|45/100
|
|-heal|p2a: Tentacruel|85/100|[from] item: Black Sludge
|upkeep
|turn|7
|
|t:|1760331087
|switch|p1a: Empoleon|Empoleon, M|100/100
|-damage|p1a: Empoleon|94/100|[from] Stealth Rock
|move|p2a: Tentacruel|Sludge Wave|p1a: Empoleon
|-immune|p1a: Empoleon
|
|-heal|p2a: Tentacruel|91/100|[from] item: Black Sludge
|upkeep
|turn|8
|
|t:|1760331101
|move|p2a: Tentacruel|Surf|p1a: Empoleon
|-resisted|p1a: Empoleon
|-damage|p1a: Empoleon|86/100
|move|p1a: Empoleon|Flash Cannon|p2a: Tentacruel
|-resisted|p2a: Tentacruel
|-damage|p2a: Tentacruel|77/100
|
|-heal|p2a: Tentacruel|83/100|[from] item: Black Sludge
|upkeep
|turn|9
|
|t:|1760331118
|move|p2a: Tentacruel|Surf|p1a: Empoleon
|-resisted|p1a: Empoleon
|-damage|p1a: Empoleon|77/100
|move|p1a: Empoleon|Ice Beam|p2a: Tentacruel
|-resisted|p2a: Tentacruel
|-damage|p2a: Tentacruel|73/100
|
|-heal|p2a: Tentacruel|79/100|[from] item: Black Sludge
|upkeep
|turn|10
|
|t:|1760331128
|move|p2a: Tentacruel|Surf|p1a: Empoleon
|-resisted|p1a: Empoleon
|-crit|p1a: Empoleon
|-damage|p1a: Empoleon|65/100
|move|p1a: Empoleon|Ice Beam|p2a: Tentacruel
|-resisted|p2a: Tentacruel
|-damage|p2a: Tentacruel|69/100
|
|-heal|p2a: Tentacruel|75/100|[from] item: Black Sludge
|upkeep
|turn|11
|
|t:|1760331137
|move|p2a: Tentacruel|Surf|p1a: Empoleon
|-resisted|p1a: Empoleon
|-damage|p1a: Empoleon|57/100
|move|p1a: Empoleon|Ice Beam|p2a: Tentacruel
|-resisted|p2a: Tentacruel
|-damage|p2a: Tentacruel|64/100
|
|-heal|p2a: Tentacruel|70/100|[from] item: Black Sludge
|upkeep
|turn|12
|
|t:|1760331146
|move|p2a: Tentacruel|Surf|p1a: Empoleon
|-resisted|p1a: Empoleon
|-damage|p1a: Empoleon|48/100
|move|p1a: Empoleon|Ice Beam|p2a: Tentacruel
|-resisted|p2a: Tentacruel
|-damage|p2a: Tentacruel|59/100
|
|-heal|p2a: Tentacruel|65/100|[from] item: Black Sludge
|upkeep
|turn|13
|
|t:|1760331154
|move|p2a: Tentacruel|Surf|p1a: Empoleon
|-resisted|p1a: Empoleon
|-damage|p1a: Empoleon|40/100
|move|p1a: Empoleon|Ice Beam|p2a: Tentacruel
|-resisted|p2a: Tentacruel
|-damage|p2a: Tentacruel|55/100
|
|-heal|p2a: Tentacruel|61/100|[from] item: Black Sludge
|upkeep
|turn|14
|
|t:|1760331163
|move|p2a: Tentacruel|Surf|p1a: Empoleon
|-resisted|p1a: Empoleon
|-damage|p1a: Empoleon|32/100
|move|p1a: Empoleon|Ice Beam|p2a: Tentacruel
|-resisted|p2a: Tentacruel
|-damage|p2a: Tentacruel|51/100
|
|-heal|p2a: Tentacruel|57/100|[from] item: Black Sludge
|upkeep
|turn|15
|
|t:|1760331172
|move|p2a: Tentacruel|Surf|p1a: Empoleon
|-resisted|p1a: Empoleon
|-damage|p1a: Empoleon|23/100
|move|p1a: Empoleon|Ice Beam|p2a: Tentacruel
|-resisted|p2a: Tentacruel
|-damage|p2a: Tentacruel|46/100
|
|-heal|p2a: Tentacruel|52/100|[from] item: Black Sludge
|upkeep
|turn|16
|
|t:|1760331180
|move|p2a: Tentacruel|Surf|p1a: Empoleon
|-resisted|p1a: Empoleon
|-damage|p1a: Empoleon|14/100
|move|p1a: Empoleon|Ice Beam|p2a: Tentacruel
|-resisted|p2a: Tentacruel
|-damage|p2a: Tentacruel|42/100
|
|-heal|p2a: Tentacruel|48/100|[from] item: Black Sludge
|upkeep
|turn|17
|
|t:|1760331189
|move|p2a: Tentacruel|Surf|p1a: Empoleon
|-resisted|p1a: Empoleon
|-damage|p1a: Empoleon|6/100
|move|p1a: Empoleon|Ice Beam|p2a: Tentacruel
|-resisted|p2a: Tentacruel
|-crit|p2a: Tentacruel
|-damage|p2a: Tentacruel|34/100
|
|-heal|p2a: Tentacruel|40/100|[from] item: Black Sludge
|upkeep
|turn|18
|
|t:|1760331198
|move|p2a: Tentacruel|Surf|p1a: Empoleon
|-resisted|p1a: Empoleon
|-damage|p1a: Empoleon|0 fnt
|faint|p1a: Empoleon
|
|-heal|p2a: Tentacruel|46/100|[from] item: Black Sludge
|upkeep
|
|t:|1760331211
|switch|p1a: Infernape|Infernape, M|100/100
|turn|19
|
|t:|1760331215
|move|p1a: Infernape|Close Combat|p2a: Tentacruel
|-resisted|p2a: Tentacruel
|-damage|p2a: Tentacruel|11/100
|-unboost|p1a: Infernape|def|1
|-unboost|p1a: Infernape|spd|1
|move|p2a: Tentacruel|Sludge Wave|p1a: Infernape
|-damage|p1a: Infernape|34/100
|-status|p1a: Infernape|psn
|
|-heal|p2a: Tentacruel|18/100|[from] item: Black Sludge
|-damage|p1a: Infernape|21/100 psn|[from] psn
|upkeep
|turn|20
|-message|Emeraldred forfeited.
|
|win|PriceP0tato
|raw|Emeraldred's rating: 1081 &rarr; <strong>1059</strong><br />(-22 for losing)
|raw|PriceP0tato's rating: 1079 &rarr; <strong>1107</strong><br />(+28 for winning)
|l|☆Emeraldred
|player|p1|
|l|☆PriceP0tato
|player|p2|
