|j|☆fusty333
|j|☆TrentMercer
|t:|1760302166
|gametype|singles
|player|p1|fusty333|burglar|1561
|player|p2|TrentMercer|n|1502
|gen|9
|tier|[Gen 9] OU
|rated|
|rule|HP Percentage Mod: HP is shown in percentages
|rule|Endless Battle Clause: Forcing endless battles is banned
|rule|Species Clause: Limit one of each Pokémon
|rule|OHKO Clause: OHKO moves are banned
|rule|Evasion Items Clause: Evasion items are banned
|rule|Evasion Moves Clause: Evasion moves are banned
|rule|Evasion Abilities Clause: Evasion abilities are banned
|rule|Sleep Moves Clause: Sleep-inducing moves are banned
|clearpoke
|poke|p1|Dragapult, F|
|poke|p1|Excadrill, F|
|poke|p1|Rotom-Heat|
|poke|p1|Corviknight, F|
|poke|p1|Araquanid, F|
|poke|p1|Zamazenta-*|
|poke|p2|Great Tusk|
|poke|p2|Slowking-Galar, M|
|poke|p2|Cinderace, M|
|poke|p2|Tornadus-Therian, M|
|poke|p2|Crawdaunt, F|
|poke|p2|Meowscarada, F|
|teampreview
|
|t:|1760302179
|teamsize|p1|6
|teamsize|p2|6
|start
|switch|p1a: Dragapult|Dragapult, F|100/100
|switch|p2a: Crawdaunt|Crawdaunt, F|100/100
|turn|1
|
|t:|1760302185
|switch|p2a: Slowking|Slowking-Galar, M|100/100
|move|p1a: Dragapult|U-turn|p2a: Slowking
|-damage|p2a: Slowking|83/100
|inactive|Battle timer is ON: inactive players will automatically lose when time's up. (requested by TrentMercer)
|
|t:|1760302200
|switch|p1a: Araquanid|Araquanid, F, shiny|100/100|[from] U-turn
|
|upkeep
|turn|2
|
|t:|1760302204
|switch|p2a: Tornadus|Tornadus-Therian, M|100/100
|move|p1a: Araquanid|Liquidation|p2a: Tornadus
|-damage|p2a: Tornadus|41/100
|
|upkeep
|turn|3
|
|t:|1760302208
|move|p2a: Tornadus|Bleakwind Storm|p1a: Araquanid
|-supereffective|p1a: Araquanid
|-damage|p1a: Araquanid|23/100
|-damage|p2a: Tornadus|32/100|[from] item: Life Orb
|move|p1a: Araquanid|Liquidation|p2a: Tornadus
|-damage|p2a: Tornadus|0 fnt
|faint|p2a: Tornadus
|
|-heal|p1a: Araquanid|29/100|[from] item: Leftovers
|upkeep
|
|t:|1760302215
|switch|p2a: Meowscarada|Meowscarada, F|100/100
|turn|4
|
|t:|1760302220
|switch|p1a: Corviknight|Corviknight, F, shiny|100/100
|move|p2a: Meowscarada|Knock Off|p1a: Corviknight
|-start|p2a: Meowscarada|typechange|Dark|[from] ability: Protean
|-damage|p1a: Corviknight|73/100
|-damage|p2a: Meowscarada|84/100|[from] item: Rocky Helmet|[of] p1a: Corviknight
|-enditem|p1a: Corviknight|Rocky Helmet|[from] move: Knock Off|[of] p2a: Meowscarada
|
|upkeep
|turn|5
|
|t:|1760302223
|switch|p2a: Cinderace|Cinderace, M|100/100
|move|p1a: Corviknight|U-turn|p2a: Cinderace
|-resisted|p2a: Cinderace
|-damage|p2a: Cinderace|92/100
|
|t:|1760302226
|switch|p1a: Excadrill|Excadrill, F|100/100|[from] U-turn
|-ability|p1a: Excadrill|Mold Breaker
|
|upkeep
|turn|6
|
|t:|1760302236
|-terastallize|p1a: Excadrill|Ground
|move|p1a: Excadrill|Earthquake|p2a: Cinderace
|-supereffective|p2a: Cinderace
|-damage|p2a: Cinderace|0 fnt
|faint|p2a: Cinderace
|
|upkeep
|
|t:|1760302242
|switch|p2a: Meowscarada|Meowscarada, F|84/100
|turn|7
|
|t:|1760302247
|switch|p2a: Crawdaunt|Crawdaunt, F|100/100
|switch|p1a: Corviknight|Corviknight, F, shiny|73/100
|
|upkeep
|turn|8
|
|t:|1760302249
|move|p2a: Crawdaunt|Crabhammer|p1a: Corviknight
|-damage|p1a: Corviknight|3/100
|move|p1a: Corviknight|U-turn|p2a: Crawdaunt
|-supereffective|p2a: Crawdaunt
|-damage|p2a: Crawdaunt|62/100
|
|t:|1760302257
|switch|p1a: Excadrill|Excadrill, F, tera:Ground|100/100|[from] U-turn
|-ability|p1a: Excadrill|Mold Breaker
|
|upkeep
|turn|9
|inactive|TrentMercer has 120 seconds left.
|
|t:|1760302310
|switch|p2a: Great Tusk|Great Tusk|100/100
|-enditem|p2a: Great Tusk|Booster Energy
|-activate|p2a: Great Tusk|ability: Protosynthesis|[fromitem]
|-start|p2a: Great Tusk|protosynthesisspe
|move|p1a: Excadrill|Earthquake|p2a: Great Tusk
|-damage|p2a: Great Tusk|57/100
|
|upkeep
|turn|10
|
|t:|1760302322
|switch|p1a: Corviknight|Corviknight, F, shiny|3/100
|move|p2a: Great Tusk|Stealth Rock|p1a: Corviknight
|-sidestart|p1: fusty333|move: Stealth Rock
|
|upkeep
|turn|11
|
|t:|1760302343
|move|p2a: Great Tusk|Rapid Spin|p1a: Corviknight
|-resisted|p1a: Corviknight
|-damage|p1a: Corviknight|0 fnt
|-boost|p2a: Great Tusk|spe|1
|faint|p1a: Corviknight
|
|upkeep
|
|t:|1760302346
|switch|p1a: Rotom|Rotom-Heat|100/100
|-damage|p1a: Rotom|76/100|[from] Stealth Rock
|turn|12
|
|t:|1760302350
|-end|p2a: Great Tusk|Protosynthesis|[silent]
|switch|p2a: Slowking|Slowking-Galar, M|100/100
|move|p1a: Rotom|Overheat|p2a: Slowking
|-damage|p2a: Slowking|68/100
|-unboost|p1a: Rotom|spa|2
|
|upkeep
|turn|13
|
|t:|1760302354
|switch|p1a: Araquanid|Araquanid, F, shiny|29/100
|-damage|p1a: Araquanid|4/100|[from] Stealth Rock
|move|p2a: Slowking|Psyshock|p1a: Araquanid
|-damage|p1a: Araquanid|0 fnt
|faint|p1a: Araquanid
|
|upkeep
|
|t:|1760302360
|switch|p1a: Excadrill|Excadrill, F, tera:Ground|100/100
|-damage|p1a: Excadrill|94/100|[from] Stealth Rock
|-ability|p1a: Excadrill|Mold Breaker
|turn|14
|
|t:|1760302371
|switch|p2a: Meowscarada|Meowscarada, F|84/100
|move|p1a: Excadrill|Earthquake|p2a: Meowscarada
|-resisted|p2a: Meowscarada
|-damage|p2a: Meowscarada|29/100
|
|upkeep
|turn|15
|
|t:|1760302380
|switch|p1a: Rotom|Rotom-Heat|76/100
|-damage|p1a: Rotom|51/100|[from] Stealth Rock
|move|p2a: Meowscarada|Knock Off|p1a: Rotom
|-start|p2a: Meowscarada|typechange|Dark|[from] ability: Protean
|-damage|p1a: Rotom|0 fnt
|-enditem|p1a: Rotom|Choice Scarf|[from] move: Knock Off|[of] p2a: Meowscarada
|faint|p1a: Rotom
|
|upkeep
|
|t:|1760302404
|switch|p1a: Excadrill|Excadrill, F, tera:Ground|94/100
|-damage|p1a: Excadrill|88/100|[from] Stealth Rock
|-ability|p1a: Excadrill|Mold Breaker
|turn|16
|
|t:|1760302411
|switch|p2a: Great Tusk|Great Tusk|57/100
|move|p1a: Excadrill|Earthquake|p2a: Great Tusk
|-damage|p2a: Great Tusk|9/100
|
|upkeep
|turn|17
|
|t:|1760302416
|move|p1a: Excadrill|Earthquake|p2a: Great Tusk
|-crit|p2a: Great Tusk
|-damage|p2a: Great Tusk|0 fnt
|faint|p2a: Great Tusk
|-end|p2a: Great Tusk|Protosynthesis|[silent]
|
|upkeep
|
|t:|1760302440
|switch|p2a: Meowscarada|Meowscarada, F|29/100
|turn|18
|inactive|fusty333 has 120 seconds left.
|
|t:|1760302473
|switch|p1a: Dragapult|Dragapult, F|100/100
|-damage|p1a: Dragapult|88/100|[from] Stealth Rock
|move|p2a: Meowscarada|Triple Axel|p1a: Dragapult
|-start|p2a: Meowscarada|typechange|Ice|[from] ability: Protean
|-supereffective|p1a: Dragapult
|-damage|p1a: Dragapult|63/100
|-supereffective|p1a: Dragapult
|-damage|p1a: Dragapult|10/100
|-supereffective|p1a: Dragapult
|-damage|p1a: Dragapult|0 fnt
|faint|p1a: Dragapult
|-hitcount|p1: Dragapult|3
|
|upkeep
|
|t:|1760302475
|switch|p1a: Zamazenta|Zamazenta|100/100
|-damage|p1a: Zamazenta|94/100|[from] Stealth Rock
|-ability|p1a: Zamazenta|Dauntless Shield|boost
|-boost|p1a: Zamazenta|def|1
|turn|19
|
|t:|1760302479
|switch|p2a: Crawdaunt|Crawdaunt, F|62/100
|move|p1a: Zamazenta|Iron Defense|p1a: Zamazenta
|-boost|p1a: Zamazenta|def|2
|
|-heal|p1a: Zamazenta|100/100|[from] item: Leftovers
|upkeep
|turn|20
|
|t:|1760302485
|move|p1a: Zamazenta|Body Press|p2a: Crawdaunt
|-supereffective|p2a: Crawdaunt
|-damage|p2a: Crawdaunt|0 fnt
|faint|p2a: Crawdaunt
|
|upkeep
|
|t:|1760302488
|switch|p2a: Slowking|Slowking-Galar, M|100/100
|turn|21
|
|t:|1760302507
|move|p1a: Zamazenta|Substitute|p1a: Zamazenta
|-start|p1a: Zamazenta|Substitute
|-damage|p1a: Zamazenta|75/100
|move|p2a: Slowking|Sludge Bomb|p1a: Zamazenta
|-end|p1a: Zamazenta|Substitute
|
|-heal|p1a: Zamazenta|82/100|[from] item: Leftovers
|upkeep
|turn|22
|
|t:|1760302512
|move|p1a: Zamazenta|Crunch|p2a: Slowking
|-supereffective|p2a: Slowking
|-damage|p2a: Slowking|53/100
|move|p2a: Slowking|Sludge Bomb|p1a: Zamazenta
|-damage|p1a: Zamazenta|52/100
|
|-heal|p1a: Zamazenta|58/100|[from] item: Leftovers
|upkeep
|turn|23
|
|t:|1760302520
|-terastallize|p2a: Slowking|Water
|move|p1a: Zamazenta|Crunch|p2a: Slowking
|-damage|p2a: Slowking|30/100
|move|p2a: Slowking|Sludge Bomb|p1a: Zamazenta
|-damage|p1a: Zamazenta|24/100
|
|-heal|p1a: Zamazenta|31/100|[from] item: Leftovers
|upkeep
|turn|24
|
|t:|1760302527
|move|p1a: Zamazenta|Body Press|p2a: Slowking
|-damage|p2a: Slowking|0 fnt
|faint|p2a: Slowking
|
|-heal|p1a: Zamazenta|37/100|[from] item: Leftovers
|upkeep
|
|t:|1760302529
|switch|p2a: Meowscarada|Meowscarada, F|29/100
|turn|25
|
|t:|1760302535
|move|p2a: Meowscarada|Flower Trick|p1a: Zamazenta
|-start|p2a: Meowscarada|typechange|Grass|[from] ability: Protean
|-crit|p1a: Zamazenta
|-damage|p1a: Zamazenta|0 fnt
|faint|p1a: Zamazenta
|
|upkeep
|-message|fusty333 forfeited.
|
|win|TrentMercer
|raw|fusty333's rating: 1561 &rarr; <strong>1538</strong><br />(-23 for losing)
|raw|TrentMercer's rating: 1502 &rarr; <strong>1525</strong><br />(+23 for winning)
|l|☆fusty333
|player|p1|
|l|☆TrentMercer
|player|p2|
