|j|‽Nocturne Nugget
|j|‽Jorifij
|t:|1760457496
|gametype|singles
|player|p1|Nocturne Nugget|veteranf|
|player|p2|Jorifij|serena-masters3|
|gen|9
|tier|[Gen 9] OU
|rule|HP Percentage Mod: HP is shown in percentages
|rule|Endless Battle Clause: Forcing endless battles is banned
|rule|Species Clause: Limit one of each Pokémon
|rule|OHKO Clause: OHKO moves are banned
|rule|Evasion Items Clause: Evasion items are banned
|rule|Evasion Moves Clause: Evasion moves are banned
|rule|Evasion Abilities Clause: Evasion abilities are banned
|rule|Sleep Moves Clause: Sleep-inducing moves are banned
|clearpoke
|poke|p1|Gliscor, F|
|poke|p1|Clefable, M|
|poke|p1|Corviknight, F|
|poke|p1|Garganacl, F|
|poke|p1|Weezing-Galar, M|
|poke|p1|Alomomola, F|
|poke|p2|Moltres|
|poke|p2|Ogerpon-Wellspring, F|
|poke|p2|Enamorus, F|
|poke|p2|Pecharunt|
|poke|p2|Great Tusk|
|poke|p2|Hydrapple, M|
|teampreview
|
|t:|1760457589
|teamsize|p1|6
|teamsize|p2|6
|start
|switch|p1a: Corviknight|Corviknight, F|100/100
|switch|p2a: Ogerpon|Ogerpon-Wellspring, F|100/100
|-ability|p1a: Corviknight|Pressure
|turn|1
|
|t:|1760457600
|move|p2a: Ogerpon|Knock Off|p1a: Corviknight
|-damage|p1a: Corviknight|77/100
|-enditem|p1a: Corviknight|Leftovers|[from] move: Knock Off|[of] p2a: Ogerpon
|move|p1a: Corviknight|Iron Defense|p1a: Corviknight
|-boost|p1a: Corviknight|def|2
|
|upkeep
|turn|2
|
|t:|1760457608
|move|p2a: Ogerpon|U-turn|p1a: Corviknight
|-resisted|p1a: Corviknight
|-damage|p1a: Corviknight|75/100
|
|t:|1760457610
|switch|p2a: Moltres|Moltres|100/100|[from] U-turn
|move|p1a: Corviknight|Roost|p1a: Corviknight
|-heal|p1a: Corviknight|100/100
|-singleturn|p1a: Corviknight|move: Roost
|
|upkeep
|turn|3
|
|t:|1760457620
|switch|p1a: Garganacl|Garganacl, F|100/100
|move|p2a: Moltres|U-turn|p1a: Garganacl
|-damage|p1a: Garganacl|91/100
|
|t:|1760457629
|switch|p2a: Enamorus|Enamorus, F|100/100|[from] U-turn
|
|-heal|p1a: Garganacl|97/100|[from] item: Leftovers
|upkeep
|turn|4
|
|t:|1760457637
|-terastallize|p2a: Enamorus|Stellar
|move|p2a: Enamorus|Tera Blast|p1a: Garganacl|[anim] Tera Blast Stellar
|-damage|p1a: Garganacl|67/100
|-boost|p2a: Enamorus|atk|1
|-boost|p2a: Enamorus|spa|1
|move|p1a: Garganacl|Salt Cure|p2a: Enamorus
|-supereffective|p2a: Enamorus
|-damage|p2a: Enamorus|58/100
|-start|p2a: Enamorus|Salt Cure
|
|-heal|p1a: Garganacl|73/100|[from] item: Leftovers
|-damage|p2a: Enamorus|46/100|[from] Salt Cure
|upkeep
|turn|5
|
|t:|1760457650
|switch|p2a: Moltres|Moltres|100/100
|move|p1a: Garganacl|Protect||[still]
|-fail|p1a: Garganacl
|
|-heal|p1a: Garganacl|79/100|[from] item: Leftovers
|upkeep
|turn|6
|
|t:|1760457659
|switch|p2a: Hydrapple|Hydrapple, M|100/100
|move|p1a: Garganacl|Stealth Rock|p2a: Hydrapple
|-sidestart|p2: Jorifij|move: Stealth Rock
|
|-heal|p1a: Garganacl|86/100|[from] item: Leftovers
|upkeep
|turn|7
|
|t:|1760457667
|switch|p1a: Corviknight|Corviknight, F|100/100
|-ability|p1a: Corviknight|Pressure
|move|p2a: Hydrapple|Nasty Plot|p2a: Hydrapple
|-boost|p2a: Hydrapple|spa|2
|
|upkeep
|turn|8
|
|t:|1760457740
|move|p1a: Corviknight|Brave Bird|p2a: Hydrapple
|-supereffective|p2a: Hydrapple
|-damage|p2a: Hydrapple|44/100
|-damage|p1a: Corviknight|81/100|[from] Recoil
|move|p2a: Hydrapple|Giga Drain|p1a: Corviknight
|-resisted|p1a: Corviknight
|-damage|p1a: Corviknight|64/100
|-heal|p2a: Hydrapple|52/100|[from] drain|[of] p1a: Corviknight
|
|upkeep
|turn|9
|
|t:|1760457754
|move|p1a: Corviknight|Brave Bird|p2a: Hydrapple
|-supereffective|p2a: Hydrapple
|-damage|p2a: Hydrapple|0 fnt
|faint|p2a: Hydrapple
|-damage|p1a: Corviknight|47/100|[from] Recoil
|
|upkeep
|
|t:|1760457762
|switch|p2a: Moltres|Moltres|100/100
|turn|10
|
|t:|1760457796
|-terastallize|p1a: Corviknight|Dragon
|move|p2a: Moltres|Fire Blast|p1a: Corviknight|[miss]
|-miss|p2a: Moltres|p1a: Corviknight
|move|p1a: Corviknight|Roost|p1a: Corviknight
|-heal|p1a: Corviknight|97/100
|
|upkeep
|turn|11
|
|t:|1760457808
|switch|p2a: Enamorus|Enamorus, F, tera:Stellar|46/100
|-damage|p2a: Enamorus|21/100|[from] Stealth Rock
|move|p1a: Corviknight|U-turn|p2a: Enamorus
|-resisted|p2a: Enamorus
|-damage|p2a: Enamorus|15/100
|
|t:|1760457831
|switch|p1a: Alomomola|Alomomola, F|100/100|[from] U-turn
|
|upkeep
|turn|12
|
|t:|1760457840
|move|p2a: Enamorus|Moonblast|p1a: Alomomola
|-crit|p1a: Alomomola
|-damage|p1a: Alomomola|49/100
|-unboost|p1a: Alomomola|spa|1
|move|p1a: Alomomola|Body Slam|p2a: Enamorus
|-damage|p2a: Enamorus|0 fnt
|faint|p2a: Enamorus
|
|upkeep
|
|t:|1760457863
|switch|p2a: Great Tusk|Great Tusk|100/100
|-damage|p2a: Great Tusk|98/100|[from] Stealth Rock
|-enditem|p2a: Great Tusk|Booster Energy
|-activate|p2a: Great Tusk|ability: Protosynthesis|[fromitem]
|-start|p2a: Great Tusk|protosynthesisatk
|turn|13
|
|t:|1760457919
|move|p2a: Great Tusk|Knock Off|p1a: Alomomola
|-damage|p1a: Alomomola|21/100
|-enditem|p1a: Alomomola|Assault Vest|[from] move: Knock Off|[of] p2a: Great Tusk
|move|p1a: Alomomola|Scald|p2a: Great Tusk
|-supereffective|p2a: Great Tusk
|-damage|p2a: Great Tusk|71/100
|
|upkeep
|turn|14
|
|t:|1760457929
|move|p2a: Great Tusk|Rapid Spin|p1a: Alomomola
|-damage|p1a: Alomomola|6/100
|-boost|p2a: Great Tusk|spe|1
|-sideend|p2: Jorifij|Stealth Rock|[from] move: Rapid Spin|[of] p2a: Great Tusk
|move|p1a: Alomomola|Scald|p2a: Great Tusk
|-supereffective|p2a: Great Tusk
|-damage|p2a: Great Tusk|45/100
|
|upkeep
|turn|15
|
|t:|1760457938
|move|p2a: Great Tusk|Ice Spinner|p1a: Alomomola
|-resisted|p1a: Alomomola
|-damage|p1a: Alomomola|0 fnt
|faint|p1a: Alomomola
|
|upkeep
|
|t:|1760457942
|switch|p1a: Corviknight|Corviknight, F, tera:Dragon|97/100
|-ability|p1a: Corviknight|Pressure
|turn|16
|
|t:|1760457958
|move|p2a: Great Tusk|Ice Spinner|p1a: Corviknight
|-supereffective|p1a: Corviknight
|-damage|p1a: Corviknight|50/100
|move|p1a: Corviknight|Iron Defense|p1a: Corviknight
|-boost|p1a: Corviknight|def|2
|
|upkeep
|turn|17
|
|t:|1760457966
|-end|p2a: Great Tusk|Protosynthesis|[silent]
|switch|p2a: Pecharunt|Pecharunt|100/100
|move|p1a: Corviknight|Roost|p1a: Corviknight
|-heal|p1a: Corviknight|100/100
|
|upkeep
|turn|18
|
|t:|1760457983
|move|p2a: Pecharunt|Malignant Chain|p1a: Corviknight
|-damage|p1a: Corviknight|57/100
|move|p1a: Corviknight|Iron Defense|p1a: Corviknight
|-boost|p1a: Corviknight|def|2
|
|upkeep
|turn|19
|
|t:|1760458000
|switch|p1a: Gliscor|Gliscor, F|100/100
|move|p2a: Pecharunt|Malignant Chain|p1a: Gliscor
|-resisted|p1a: Gliscor
|-damage|p1a: Gliscor|81/100
|-status|p1a: Gliscor|tox
|-start|p1a: Gliscor|confusion|[from] ability: Poison Puppeteer|[of] p2a: Pecharunt
|
|-heal|p1a: Gliscor|93/100 tox|[from] ability: Poison Heal
|upkeep
|turn|20
|
|t:|1760458028
|switch|p1a: Weezing|Weezing-Galar, M|100/100
|-ability|p1a: Weezing|Neutralizing Gas
|move|p2a: Pecharunt|Shadow Ball|p1a: Weezing
|-damage|p1a: Weezing|50/100
|-unboost|p1a: Weezing|spd|1
|
|upkeep
|turn|21
|
|t:|1760458044
|-end|p1a: Weezing|ability: Neutralizing Gas
|switch|p1a: Garganacl|Garganacl, F|86/100
|move|p2a: Pecharunt|Shadow Ball|p1a: Garganacl
|-damage|p1a: Garganacl|74/100
|-unboost|p1a: Garganacl|spd|1
|
|-heal|p1a: Garganacl|80/100|[from] item: Leftovers
|upkeep
|turn|22
|
|t:|1760458059
|move|p2a: Pecharunt|Malignant Chain|p1a: Garganacl
|-resisted|p1a: Garganacl
|-damage|p1a: Garganacl|57/100
|move|p1a: Garganacl|Salt Cure|p2a: Pecharunt
|-damage|p2a: Pecharunt|91/100
|-start|p2a: Pecharunt|Salt Cure
|
|-heal|p1a: Garganacl|63/100|[from] item: Leftovers
|-damage|p2a: Pecharunt|79/100|[from] Salt Cure
|upkeep
|turn|23
|
|t:|1760458069
|move|p2a: Pecharunt|Shadow Ball|p1a: Garganacl
|-damage|p1a: Garganacl|44/100
|move|p1a: Garganacl|Recover|p1a: Garganacl
|-heal|p1a: Garganacl|94/100
|
|-heal|p1a: Garganacl|99/100|[from] item: Leftovers
|-damage|p2a: Pecharunt|66/100|[from] Salt Cure
|upkeep
|turn|24
|
|t:|1760458079
|move|p2a: Pecharunt|Recover|p2a: Pecharunt
|-heal|p2a: Pecharunt|100/100
|move|p1a: Garganacl|Stealth Rock|p2a: Pecharunt
|-sidestart|p2: Jorifij|move: Stealth Rock
|
|-heal|p1a: Garganacl|100/100|[from] item: Leftovers
|-damage|p2a: Pecharunt|88/100|[from] Salt Cure
|upkeep
|turn|25
|
|t:|1760458114
|move|p1a: Garganacl|Protect|p1a: Garganacl
|-singleturn|p1a: Garganacl|Protect
|move|p2a: Pecharunt|Shadow Ball|p1a: Garganacl
|-activate|p1a: Garganacl|move: Protect
|
|-damage|p2a: Pecharunt|76/100|[from] Salt Cure
|upkeep
|turn|26
|
|t:|1760458122
|switch|p2a: Great Tusk|Great Tusk|45/100
|-damage|p2a: Great Tusk|42/100|[from] Stealth Rock
|switch|p1a: Gliscor|Gliscor, F|93/100 tox
|
|-heal|p1a: Gliscor|100/100 tox|[from] ability: Poison Heal
|upkeep
|turn|27
|
|t:|1760458154
|switch|p1a: Clefable|Clefable, M|100/100
|move|p2a: Great Tusk|Ice Spinner|p1a: Clefable
|-damage|p1a: Clefable|80/100
|
|-heal|p1a: Clefable|86/100|[from] item: Leftovers
|upkeep
|turn|28
|
|t:|1760458172
|move|p2a: Great Tusk|Headlong Rush|p1a: Clefable
|-damage|p1a: Clefable|37/100
|-unboost|p2a: Great Tusk|def|1
|-unboost|p2a: Great Tusk|spd|1
|move|p1a: Clefable|Moonblast|p2a: Great Tusk
|-supereffective|p2a: Great Tusk
|-damage|p2a: Great Tusk|0 fnt
|faint|p2a: Great Tusk
|-end|p2a: Great Tusk|Protosynthesis|[silent]
|
|-heal|p1a: Clefable|43/100|[from] item: Leftovers
|upkeep
|
|t:|1760458183
|switch|p2a: Ogerpon|Ogerpon-Wellspring, F|100/100
|-damage|p2a: Ogerpon|88/100|[from] Stealth Rock
|turn|29
|
|t:|1760458208
|move|p2a: Ogerpon|Ivy Cudgel|p1a: Clefable|[anim] Ivy Cudgel Water
|-damage|p1a: Clefable|0 fnt
|faint|p1a: Clefable
|
|upkeep
|
|t:|1760458217
|switch|p1a: Corviknight|Corviknight, F, tera:Dragon|57/100
|-ability|p1a: Corviknight|Pressure
|turn|30
|
|t:|1760458225
|move|p2a: Ogerpon|U-turn|p1a: Corviknight
|-damage|p1a: Corviknight|40/100
|
|t:|1760458227
|switch|p2a: Pecharunt|Pecharunt|76/100|[from] U-turn
|-damage|p2a: Pecharunt|63/100|[from] Stealth Rock
|move|p1a: Corviknight|Roost|p1a: Corviknight
|-heal|p1a: Corviknight|90/100
|
|upkeep
|turn|31
|
|t:|1760458231
|switch|p1a: Garganacl|Garganacl, F|100/100
|move|p2a: Pecharunt|Malignant Chain|p1a: Garganacl
|-resisted|p1a: Garganacl
|-damage|p1a: Garganacl|85/100
|
|-heal|p1a: Garganacl|92/100|[from] item: Leftovers
|upkeep
|turn|32
|
|t:|1760458256
|move|p2a: Pecharunt|Recover|p2a: Pecharunt
|-heal|p2a: Pecharunt|100/100
|move|p1a: Garganacl|Salt Cure|p2a: Pecharunt
|-damage|p2a: Pecharunt|92/100
|-start|p2a: Pecharunt|Salt Cure
|
|-heal|p1a: Garganacl|98/100|[from] item: Leftovers
|-damage|p2a: Pecharunt|79/100|[from] Salt Cure
|upkeep
|turn|33
|
|t:|1760458271
|switch|p2a: Ogerpon|Ogerpon-Wellspring, F|88/100
|-damage|p2a: Ogerpon|76/100|[from] Stealth Rock
|move|p1a: Garganacl|Salt Cure|p2a: Ogerpon
|-damage|p2a: Ogerpon|59/100
|-start|p2a: Ogerpon|Salt Cure
|
|-heal|p1a: Garganacl|100/100|[from] item: Leftovers
|-damage|p2a: Ogerpon|34/100|[from] Salt Cure
|upkeep
|turn|34
|
|t:|1760458278
|move|p1a: Garganacl|Protect|p1a: Garganacl
|-singleturn|p1a: Garganacl|Protect
|move|p2a: Ogerpon|Ivy Cudgel|p1a: Garganacl|[anim] Ivy Cudgel Water
|-activate|p1a: Garganacl|move: Protect
|
|-damage|p2a: Ogerpon|9/100|[from] Salt Cure
|upkeep
|turn|35
|
|t:|1760458288
|switch|p1a: Corviknight|Corviknight, F, tera:Dragon|90/100
|-ability|p1a: Corviknight|Pressure
|move|p2a: Ogerpon|Ivy Cudgel|p1a: Corviknight|[anim] Ivy Cudgel Water
|-resisted|p1a: Corviknight
|-crit|p1a: Corviknight
|-damage|p1a: Corviknight|62/100
|
|-damage|p2a: Ogerpon|0 fnt|[from] Salt Cure
|faint|p2a: Ogerpon
|upkeep
|
|t:|1760458296
|switch|p2a: Moltres|Moltres|100/100
|turn|36
|
|t:|1760458315
|move|p2a: Moltres|Hurricane|p1a: Corviknight
|-damage|p1a: Corviknight|7/100
|move|p1a: Corviknight|U-turn|p2a: Moltres
|-resisted|p2a: Moltres
|-damage|p2a: Moltres|96/100
|-status|p1a: Corviknight|brn|[from] ability: Flame Body|[of] p2a: Moltres
|
|t:|1760458320
|switch|p1a: Gliscor|Gliscor, F|100/100 tox|[from] U-turn
|
|upkeep
|turn|37
|
|t:|1760458324
|move|p2a: Moltres|Hurricane|p1a: Gliscor
|-damage|p1a: Gliscor|43/100 tox
|-start|p1a: Gliscor|confusion
|-activate|p1a: Gliscor|confusion
|move|p1a: Gliscor|Swords Dance|p1a: Gliscor
|-boost|p1a: Gliscor|atk|2
|
|-heal|p1a: Gliscor|56/100 tox|[from] ability: Poison Heal
|upkeep
|turn|38
|
|t:|1760458352
|-activate|p1a: Gliscor|confusion
|-damage|p1a: Gliscor|43/100 tox|[from] confusion
|move|p2a: Moltres|Hurricane|p1a: Gliscor|[miss]
|-miss|p2a: Moltres|p1a: Gliscor
|
|-heal|p1a: Gliscor|55/100 tox|[from] ability: Poison Heal
|upkeep
|turn|39
|
|t:|1760458364
|-activate|p1a: Gliscor|confusion
|move|p1a: Gliscor|Protect|p1a: Gliscor
|-singleturn|p1a: Gliscor|Protect
|move|p2a: Moltres|Hurricane|p1a: Gliscor
|-activate|p1a: Gliscor|move: Protect
|
|-heal|p1a: Gliscor|68/100 tox|[from] ability: Poison Heal
|upkeep
|turn|40
|
|t:|1760458373
|move|p2a: Moltres|Hurricane|p1a: Gliscor
|-damage|p1a: Gliscor|17/100 tox
|-activate|p1a: Gliscor|confusion
|move|p1a: Gliscor|Knock Off|p2a: Moltres
|-damage|p2a: Moltres|45/100
|-enditem|p2a: Moltres|Heavy-Duty Boots|[from] move: Knock Off|[of] p1a: Gliscor
|
|-heal|p1a: Gliscor|29/100 tox|[from] ability: Poison Heal
|upkeep
|turn|41
|
|t:|1760458384
|switch|p1a: Garganacl|Garganacl, F|100/100
|move|p2a: Moltres|Hurricane|p1a: Garganacl
|-resisted|p1a: Garganacl
|-damage|p1a: Garganacl|79/100
|
|-heal|p1a: Garganacl|86/100|[from] item: Leftovers
|upkeep
|turn|42
|
|t:|1760458395
|move|p2a: Moltres|Fire Blast|p1a: Garganacl
|-resisted|p1a: Garganacl
|-damage|p1a: Garganacl|64/100
|move|p1a: Garganacl|Salt Cure|p2a: Moltres
|-supereffective|p2a: Moltres
|-damage|p2a: Moltres|0 fnt
|faint|p2a: Moltres
|
|-heal|p1a: Garganacl|71/100|[from] item: Leftovers
|upkeep
|
|t:|1760458400
|switch|p2a: Pecharunt|Pecharunt|79/100
|-damage|p2a: Pecharunt|67/100|[from] Stealth Rock
|turn|43
|
|t:|1760458412
|move|p2a: Pecharunt|Shadow Ball|p1a: Garganacl
|-damage|p1a: Garganacl|58/100
|move|p1a: Garganacl|Salt Cure|p2a: Pecharunt
|-damage|p2a: Pecharunt|59/100
|-start|p2a: Pecharunt|Salt Cure
|
|-heal|p1a: Garganacl|64/100|[from] item: Leftovers
|-damage|p2a: Pecharunt|47/100|[from] Salt Cure
|upkeep
|turn|44
|
|t:|1760458423
|move|p1a: Garganacl|Protect|p1a: Garganacl
|-singleturn|p1a: Garganacl|Protect
|move|p2a: Pecharunt|Recover|p2a: Pecharunt
|-heal|p2a: Pecharunt|97/100
|
|-heal|p1a: Garganacl|70/100|[from] item: Leftovers
|-damage|p2a: Pecharunt|84/100|[from] Salt Cure
|upkeep
|turn|45
|
|t:|1760458447
|move|p2a: Pecharunt|Shadow Ball|p1a: Garganacl
|-damage|p1a: Garganacl|58/100
|move|p1a: Garganacl|Salt Cure|p2a: Pecharunt
|-damage|p2a: Pecharunt|75/100
|
|-heal|p1a: Garganacl|64/100|[from] item: Leftovers
|-damage|p2a: Pecharunt|63/100|[from] Salt Cure
|upkeep
|turn|46
|
|t:|1760458457
|move|p1a: Garganacl|Protect|p1a: Garganacl
|-singleturn|p1a: Garganacl|Protect
|move|p2a: Pecharunt|Shadow Ball|p1a: Garganacl
|-activate|p1a: Garganacl|move: Protect
|
|-heal|p1a: Garganacl|70/100|[from] item: Leftovers
|-damage|p2a: Pecharunt|50/100|[from] Salt Cure
|upkeep
|turn|47
|
|t:|1760458482
|switch|p1a: Gliscor|Gliscor, F|29/100 tox
|move|p2a: Pecharunt|Recover|p2a: Pecharunt
|-heal|p2a: Pecharunt|100/100
|
|-heal|p1a: Gliscor|42/100 tox|[from] ability: Poison Heal
|-damage|p2a: Pecharunt|88/100|[from] Salt Cure
|upkeep
|turn|48
|
|t:|1760458493
|move|p1a: Gliscor|Protect|p1a: Gliscor
|-singleturn|p1a: Gliscor|Protect
|move|p2a: Pecharunt|Shadow Ball|p1a: Gliscor
|-activate|p1a: Gliscor|move: Protect
|
|-heal|p1a: Gliscor|54/100 tox|[from] ability: Poison Heal
|-damage|p2a: Pecharunt|76/100|[from] Salt Cure
|upkeep
|turn|49
|
|t:|1760458504
|move|p1a: Gliscor|Knock Off|p2a: Pecharunt
|-supereffective|p2a: Pecharunt
|-damage|p2a: Pecharunt|49/100
|-enditem|p2a: Pecharunt|Custap Berry|[from] move: Knock Off|[of] p1a: Gliscor
|move|p2a: Pecharunt|Shadow Ball|p1a: Gliscor
|-damage|p1a: Gliscor|24/100 tox
|
|-heal|p1a: Gliscor|37/100 tox|[from] ability: Poison Heal
|-damage|p2a: Pecharunt|37/100|[from] Salt Cure
|upkeep
|turn|50
|
|t:|1760458524
|move|p1a: Gliscor|Protect|p1a: Gliscor
|-singleturn|p1a: Gliscor|Protect
|move|p2a: Pecharunt|Shadow Ball|p1a: Gliscor
|-activate|p1a: Gliscor|move: Protect
|
|-heal|p1a: Gliscor|49/100 tox|[from] ability: Poison Heal
|-damage|p2a: Pecharunt|25/100|[from] Salt Cure
|upkeep
|turn|51
|-message|Jorifij forfeited.
|
|win|Nocturne Nugget
|l|‽Jorifij
|player|p2|
