|j|☆Ancia
|j|☆niccommoc
|t:|1760375611
|gametype|singles
|player|p1|Ancia|1|1422
|player|p2|niccommoc|cyclist|1425
|gen|9
|tier|[Gen 9] OU
|rated|
|rule|HP Percentage Mod: HP is shown in percentages
|rule|Endless Battle Clause: Forcing endless battles is banned
|rule|Species Clause: Limit one of each Pokémon
|rule|OHKO Clause: OHKO moves are banned
|rule|Evasion Items Clause: Evasion items are banned
|rule|Evasion Moves Clause: Evasion moves are banned
|rule|Evasion Abilities Clause: Evasion abilities are banned
|rule|Sleep Moves Clause: Sleep-inducing moves are banned
|clearpoke
|poke|p1|Hatterene, F|
|poke|p1|Ceruledge, M|
|poke|p1|Hydrapple, M|
|poke|p1|Milotic, M|
|poke|p1|Gallade, M|
|poke|p1|Glimmora, M|
|poke|p2|Kingambit, F|
|poke|p2|Ribombee, M|
|poke|p2|Arcanine-Hisui, M|
|poke|p2|Gholdengo|
|poke|p2|Serperior, F|
|poke|p2|Glimmora, F|
|teampreview
|
|t:|1760375626
|teamsize|p1|6
|teamsize|p2|6
|start
|switch|p1a: Glimmora|Glimmora, M|100/100
|switch|p2a: Glimmora|Glimmora, F|100/100
|turn|1
|
|t:|1760375642
|move|p1a: Glimmora|Earth Power|p2a: Glimmora
|-supereffective|p2a: Glimmora
|-damage|p2a: Glimmora|0 fnt
|faint|p2a: Glimmora
|
|upkeep
|
|t:|1760375648
|switch|p2a: Gholdengo|Gholdengo, shiny|100/100
|-item|p2a: Gholdengo|Air Balloon
|turn|2
|
|t:|1760375655
|switch|p1a: Milotic|Milotic, M|100/100
|move|p2a: Gholdengo|Nasty Plot|p2a: Gholdengo
|-boost|p2a: Gholdengo|spa|2
|
|upkeep
|turn|3
|
|t:|1760375667
|move|p2a: Gholdengo|Nasty Plot|p2a: Gholdengo
|-boost|p2a: Gholdengo|spa|2
|move|p1a: Milotic|Scald|p2a: Gholdengo
|-damage|p2a: Gholdengo|71/100
|-status|p2a: Gholdengo|brn
|-enditem|p2a: Gholdengo|Air Balloon
|
|-damage|p2a: Gholdengo|65/100 brn|[from] brn
|upkeep
|turn|4
|
|t:|1760375673
|move|p2a: Gholdengo|Shadow Ball|p1a: Milotic
|-damage|p1a: Milotic|17/100
|-unboost|p1a: Milotic|spd|1
|-ability|p1a: Milotic|Competitive|boost
|-boost|p1a: Milotic|spa|2
|move|p1a: Milotic|Scald|p2a: Gholdengo
|-damage|p2a: Gholdengo|3/100 brn
|
|-damage|p2a: Gholdengo|0 fnt|[from] brn
|faint|p2a: Gholdengo
|upkeep
|
|t:|1760375682
|switch|p2a: Serperior|Serperior, F|100/100
|turn|5
|
|t:|1760375689
|move|p2a: Serperior|Leaf Storm|p1a: Milotic
|-supereffective|p1a: Milotic
|-damage|p1a: Milotic|0 fnt
|-boost|p2a: Serperior|spa|2
|faint|p1a: Milotic
|
|upkeep
|
|t:|1760375694
|switch|p1a: Glimmora|Glimmora, M|100/100
|turn|6
|
|t:|1760375698
|-terastallize|p2a: Serperior|Ground
|move|p2a: Serperior|Tera Blast|p1a: Glimmora|[anim] Tera Blast Ground
|-supereffective|p1a: Glimmora
|-damage|p1a: Glimmora|0 fnt
|faint|p1a: Glimmora
|
|upkeep
|
|t:|1760375706
|switch|p1a: Hydrapple|Hydrapple, M|100/100
|turn|7
|
|t:|1760375724
|-terastallize|p1a: Hydrapple|Steel
|move|p2a: Serperior|Dragon Pulse|p1a: Hydrapple
|-resisted|p1a: Hydrapple
|-damage|p1a: Hydrapple|79/100
|move|p1a: Hydrapple|Giga Drain|p2a: Serperior
|-supereffective|p2a: Serperior
|-damage|p2a: Serperior|28/100
|-heal|p1a: Hydrapple|100/100|[from] drain|[of] p2a: Serperior
|
|-heal|p2a: Serperior|35/100|[from] item: Leftovers
|upkeep
|turn|8
|
|t:|1760375755
|move|p2a: Serperior|Tera Blast|p1a: Hydrapple|[anim] Tera Blast Ground
|-supereffective|p1a: Hydrapple
|-damage|p1a: Hydrapple|0 fnt
|faint|p1a: Hydrapple
|
|-heal|p2a: Serperior|41/100|[from] item: Leftovers
|upkeep
|
|t:|1760375765
|switch|p1a: Ceruledge|Ceruledge, M|100/100
|turn|9
|l|☆niccommoc
|player|p2|
|j|☆niccommoc
|player|p2|niccommoc|cyclist|
|
|t:|1760375776
|move|p2a: Serperior|Glare|p1a: Ceruledge
|-status|p1a: Ceruledge|par
|move|p1a: Ceruledge|Bitter Blade|p2a: Serperior
|-damage|p2a: Serperior|0 fnt
|faint|p2a: Serperior
|
|upkeep
|
|t:|1760375784
|switch|p2a: Ribombee|Ribombee, M|100/100
|turn|10
|
|t:|1760375792
|move|p2a: Ribombee|Sticky Web|p1a: Ceruledge
|-sidestart|p1: Ancia|move: Sticky Web
|move|p1a: Ceruledge|Bitter Blade|p2a: Ribombee
|-supereffective|p2a: Ribombee
|-enditem|p2a: Ribombee|Focus Sash
|-damage|p2a: Ribombee|1/100
|
|upkeep
|turn|11
|
|t:|1760375797
|move|p2a: Ribombee|Moonblast|p1a: Ceruledge
|-resisted|p1a: Ceruledge
|-damage|p1a: Ceruledge|76/100 par
|-unboost|p1a: Ceruledge|spa|1
|move|p1a: Ceruledge|Swords Dance|p1a: Ceruledge
|-boost|p1a: Ceruledge|atk|2
|
|upkeep
|turn|12
|
|t:|1760375811
|move|p1a: Ceruledge|Shadow Sneak|p2a: Ribombee
|-damage|p2a: Ribombee|0 fnt
|faint|p2a: Ribombee
|
|upkeep
|
|t:|1760375813
|switch|p2a: Arcanine|Arcanine-Hisui, M|100/100
|turn|13
|
|t:|1760375817
|cant|p1a: Ceruledge|par
|move|p2a: Arcanine|Head Smash|p1a: Ceruledge
|-supereffective|p1a: Ceruledge
|-damage|p1a: Ceruledge|0 fnt
|faint|p1a: Ceruledge
|
|upkeep
|
|t:|1760375821
|switch|p1a: Gallade|Gallade, M|100/100
|-activate|p1a: Gallade|move: Sticky Web
|-unboost|p1a: Gallade|spe|1
|turn|14
|
|t:|1760375824
|move|p2a: Arcanine|Head Smash|p1a: Gallade|[miss]
|-miss|p2a: Arcanine|p1a: Gallade
|move|p1a: Gallade|Sacred Sword|p2a: Arcanine
|-supereffective|p2a: Arcanine
|-damage|p2a: Arcanine|0 fnt
|faint|p2a: Arcanine
|
|upkeep
|
|t:|1760375829
|switch|p2a: Kingambit|Kingambit, F|100/100
|-activate|p2a: Kingambit|ability: Supreme Overlord
|-start|p2a: Kingambit|fallen5|[silent]
|turn|15
|
|t:|1760375835
|move|p2a: Kingambit|Sucker Punch|p1a: Gallade
|-damage|p1a: Gallade|0 fnt
|faint|p1a: Gallade
|
|upkeep
|
|t:|1760375838
|switch|p1a: Hatterene|Hatterene, F|100/100
|-activate|p1a: Hatterene|move: Sticky Web
|-unboost|p1a: Hatterene|spe|1
|turn|16
|
|t:|1760375841
|move|p2a: Kingambit|Iron Head|p1a: Hatterene
|-supereffective|p1a: Hatterene
|-damage|p1a: Hatterene|0 fnt
|faint|p1a: Hatterene
|
|win|niccommoc
|raw|Ancia's rating: 1422 &rarr; <strong>1402</strong><br />(-20 for losing)
|raw|niccommoc's rating: 1425 &rarr; <strong>1445</strong><br />(+20 for winning)
|l|☆niccommoc
|player|p2|
|l|☆Ancia
|player|p1|
