|j|☆BonslyHarveyOswald
|j|☆yuanyuchen
|t:|1760416214
|gametype|singles
|player|p1|BonslyHarveyOswald|170|1434
|player|p2|yuanyuchen|101|1454
|gen|9
|tier|[Gen 9] OU
|rated|
|rule|HP Percentage Mod: HP is shown in percentages
|rule|Endless Battle Clause: Forcing endless battles is banned
|rule|Species Clause: Limit one of each Pokémon
|rule|OHKO Clause: OHKO moves are banned
|rule|Evasion Items Clause: Evasion items are banned
|rule|Evasion Moves Clause: Evasion moves are banned
|rule|Evasion Abilities Clause: Evasion abilities are banned
|rule|Sleep Moves Clause: Sleep-inducing moves are banned
|clearpoke
|poke|p1|Gholdengo|
|poke|p1|Ceruledge, F|
|poke|p1|Enamorus, F|
|poke|p1|Ribombee, M|
|poke|p1|Quaquaval, F|
|poke|p1|Iron Treads|
|poke|p2|Zapdos|
|poke|p2|Great Tusk|
|poke|p2|Lokix, F|
|poke|p2|Iron Crown|
|poke|p2|Zamazenta-*|
|poke|p2|Alomomola, F|
|teampreview
|
|t:|1760416227
|teamsize|p1|6
|teamsize|p2|6
|start
|switch|p1a: Ribombee|Ribombee, M, shiny|100/100
|switch|p2a: Iron Crown|Iron Crown|100/100
|turn|1
|
|t:|1760416236
|move|p1a: Ribombee|Sticky Web|p2a: Iron Crown
|-sidestart|p2: yuanyuchen|move: Sticky Web
|move|p2a: Iron Crown|Tachyon Cutter|p1a: Ribombee
|-supereffective|p1a: Ribombee
|-enditem|p1a: Ribombee|Focus Sash
|-damage|p1a: Ribombee|1/100
|-supereffective|p1a: Ribombee
|-damage|p1a: Ribombee|0 fnt
|faint|p1a: Ribombee
|-hitcount|p1: Ribombee|2
|
|upkeep
|
|t:|1760416247
|switch|p1a: Ceruledge|Ceruledge, F|100/100
|turn|2
|
|t:|1760416267
|-end|p2a: Iron Crown|Quark Drive|[silent]
|switch|p2a: Alomomola|Alomomola, F|100/100
|-activate|p2a: Alomomola|move: Sticky Web
|-unboost|p2a: Alomomola|spe|1
|move|p1a: Ceruledge|Bitter Blade|p2a: Alomomola
|-resisted|p2a: Alomomola
|-damage|p2a: Alomomola|84/100
|
|upkeep
|turn|3
|
|t:|1760416277
|switch|p1a: Gholdengo|Gholdengo|100/100
|-item|p1a: Gholdengo|Air Balloon
|move|p2a: Alomomola|Scald|p1a: Gholdengo
|-damage|p1a: Gholdengo|84/100
|-enditem|p1a: Gholdengo|Air Balloon
|
|upkeep
|turn|4
|inactive|Battle timer is ON: inactive players will automatically lose when time's up. (requested by BonslyHarveyOswald)
|
|t:|1760416300
|move|p1a: Gholdengo|Nasty Plot|p1a: Gholdengo
|-boost|p1a: Gholdengo|spa|2
|move|p2a: Alomomola|Flip Turn|p1a: Gholdengo
|-damage|p1a: Gholdengo|65/100
|
|t:|1760416326
|switch|p2a: Great Tusk|Great Tusk|100/100|[from] Flip Turn
|
|upkeep
|turn|5
|
|t:|1760416349
|switch|p1a: Enamorus|Enamorus, F|100/100
|move|p2a: Great Tusk|Stealth Rock|p1a: Enamorus
|-sidestart|p1: BonslyHarveyOswald|move: Stealth Rock
|
|upkeep
|turn|6
|inactive|yuanyuchen has 120 seconds left.
|
|t:|1760416377
|-terastallize|p2a: Great Tusk|Steel
|move|p1a: Enamorus|Superpower|p2a: Great Tusk
|-supereffective|p2a: Great Tusk
|-damage|p2a: Great Tusk|58/100
|-boost|p1a: Enamorus|atk|1
|-boost|p1a: Enamorus|def|1
|move|p2a: Great Tusk|Rapid Spin|p1a: Enamorus
|-damage|p1a: Enamorus|81/100
|-boost|p2a: Great Tusk|spe|1
|-sideend|p2: yuanyuchen|Sticky Web|[from] move: Rapid Spin|[of] p2a: Great Tusk
|
|upkeep
|turn|7
|inactive|yuanyuchen has 120 seconds left.
|
|t:|1760416392
|move|p2a: Great Tusk|Ice Spinner|p1a: Enamorus
|-supereffective|p1a: Enamorus
|-damage|p1a: Enamorus|24/100
|move|p1a: Enamorus|Superpower|p2a: Great Tusk
|-supereffective|p2a: Great Tusk
|-crit|p2a: Great Tusk
|-damage|p2a: Great Tusk|0 fnt
|-boost|p1a: Enamorus|atk|1
|-boost|p1a: Enamorus|def|1
|faint|p2a: Great Tusk
|-end|p2a: Great Tusk|Protosynthesis|[silent]
|
|upkeep
|inactive|yuanyuchen has 90 seconds left.
|
|t:|1760416418
|switch|p2a: Zamazenta|Zamazenta|100/100
|-ability|p2a: Zamazenta|Dauntless Shield|boost
|-boost|p2a: Zamazenta|def|1
|turn|8
|
|t:|1760416423
|move|p2a: Zamazenta|Ice Fang|p1a: Enamorus
|-supereffective|p1a: Enamorus
|-damage|p1a: Enamorus|0 fnt
|faint|p1a: Enamorus
|
|upkeep
|
|t:|1760416432
|switch|p1a: Iron Treads|Iron Treads|100/100
|-damage|p1a: Iron Treads|98/100|[from] Stealth Rock
|-enditem|p1a: Iron Treads|Booster Energy
|-activate|p1a: Iron Treads|ability: Quark Drive|[fromitem]
|-start|p1a: Iron Treads|quarkdriveatk
|turn|9
|
|t:|1760416447
|switch|p2a: Alomomola|Alomomola, F|100/100
|move|p1a: Iron Treads|Rapid Spin|p2a: Alomomola
|-damage|p2a: Alomomola|85/100
|-boost|p1a: Iron Treads|spe|1
|-sideend|p1: BonslyHarveyOswald|Stealth Rock|[from] move: Rapid Spin|[of] p1a: Iron Treads
|
|upkeep
|turn|10
|
|t:|1760416459
|move|p1a: Iron Treads|Supercell Slam|p2a: Alomomola
|-supereffective|p2a: Alomomola
|-damage|p2a: Alomomola|28/100
|move|p2a: Alomomola|Scald|p1a: Iron Treads
|-supereffective|p1a: Iron Treads
|-damage|p1a: Iron Treads|64/100
|
|upkeep
|turn|11
|
|t:|1760416474
|switch|p2a: Zapdos|Zapdos, shiny|100/100
|move|p1a: Iron Treads|Earthquake|p2a: Zapdos
|-immune|p2a: Zapdos
|
|upkeep
|turn|12
|
|t:|1760416488
|move|p1a: Iron Treads|Ice Spinner|p2a: Zapdos
|-supereffective|p2a: Zapdos
|-damage|p2a: Zapdos|47/100
|move|p2a: Zapdos|Hurricane|p1a: Iron Treads
|-resisted|p1a: Iron Treads
|-damage|p1a: Iron Treads|37/100
|-start|p1a: Iron Treads|confusion
|
|upkeep
|turn|13
|
|t:|1760416502
|switch|p2a: Alomomola|Alomomola, F|62/100
|-activate|p1a: Iron Treads|confusion
|move|p1a: Iron Treads|Ice Spinner|p2a: Alomomola
|-resisted|p2a: Alomomola
|-damage|p2a: Alomomola|51/100
|
|upkeep
|turn|14
|
|t:|1760416517
|-end|p1a: Iron Treads|confusion
|move|p1a: Iron Treads|Supercell Slam|p2a: Alomomola
|-supereffective|p2a: Alomomola
|-damage|p2a: Alomomola|0 fnt
|faint|p2a: Alomomola
|
|upkeep
|inactive|yuanyuchen has 90 seconds left.
|
|t:|1760416535
|switch|p2a: Lokix|Lokix, F, shiny|100/100
|turn|15
|
|t:|1760416538
|move|p2a: Lokix|First Impression|p1a: Iron Treads
|-resisted|p1a: Iron Treads
|-damage|p1a: Iron Treads|0 fnt
|faint|p1a: Iron Treads
|-end|p1a: Iron Treads|Quark Drive|[silent]
|
|upkeep
|
|t:|1760416543
|switch|p1a: Ceruledge|Ceruledge, F|100/100
|turn|16
|
|t:|1760416564
|switch|p2a: Zapdos|Zapdos, shiny|47/100
|move|p1a: Ceruledge|Swords Dance|p1a: Ceruledge
|-boost|p1a: Ceruledge|atk|2
|
|upkeep
|turn|17
|
|t:|1760416572
|move|p1a: Ceruledge|Poltergeist|p2a: Zapdos
|-activate|p2a: Zapdos|move: Poltergeist|Heavy-Duty Boots
|-damage|p2a: Zapdos|0 fnt
|faint|p2a: Zapdos
|
|upkeep
|
|t:|1760416583
|switch|p2a: Iron Crown|Iron Crown|100/100
|turn|18
|
|t:|1760416594
|move|p2a: Iron Crown|Psychic Noise|p1a: Ceruledge
|-damage|p1a: Ceruledge|34/100
|-start|p1a: Ceruledge|move: Heal Block
|cant|p1a: Ceruledge|move: Heal Block|Bitter Blade
|
|upkeep
|turn|19
|
|t:|1760416604
|move|p1a: Ceruledge|Shadow Sneak|p2a: Iron Crown
|-supereffective|p2a: Iron Crown
|-damage|p2a: Iron Crown|1/100
|move|p2a: Iron Crown|Psychic Noise|p1a: Ceruledge
|-damage|p1a: Ceruledge|0 fnt
|faint|p1a: Ceruledge
|
|upkeep
|
|t:|1760416610
|switch|p1a: Quaquaval|Quaquaval, F|100/100
|turn|20
|
|t:|1760416616
|move|p2a: Iron Crown|Psychic Noise|p1a: Quaquaval
|-supereffective|p1a: Quaquaval
|-damage|p1a: Quaquaval|0 fnt
|faint|p1a: Quaquaval
|
|upkeep
|
|t:|1760416626
|switch|p1a: Gholdengo|Gholdengo|65/100
|turn|21
|
|t:|1760416636
|move|p2a: Iron Crown|Psychic Noise|p1a: Gholdengo
|-resisted|p1a: Gholdengo
|-damage|p1a: Gholdengo|34/100
|-start|p1a: Gholdengo|move: Heal Block
|move|p1a: Gholdengo|Dazzling Gleam|p2a: Iron Crown
|-resisted|p2a: Iron Crown
|-damage|p2a: Iron Crown|0 fnt
|faint|p2a: Iron Crown
|-end|p2a: Iron Crown|Quark Drive|[silent]
|
|upkeep
|inactive|yuanyuchen has 120 seconds left.
|
|t:|1760416648
|switch|p2a: Lokix|Lokix, F, shiny|100/100
|turn|22
|c|☆BonslyHarveyOswald|nicely played shoulda thought of psychic noise and SDed
|
|t:|1760416658
|move|p2a: Lokix|Knock Off|p1a: Gholdengo
|-supereffective|p1a: Gholdengo
|-damage|p1a: Gholdengo|0 fnt
|faint|p1a: Gholdengo
|
|win|yuanyuchen
|raw|BonslyHarveyOswald's rating: 1434 &rarr; <strong>1415</strong><br />(-19 for losing)
|raw|yuanyuchen's rating: 1454 &rarr; <strong>1473</strong><br />(+19 for winning)
|l|☆BonslyHarveyOswald
|player|p1|
|l|☆yuanyuchen
|player|p2|
