|j|☆Jynzeo
|j|☆Kward17kw
|t:|1760380579
|gametype|singles
|player|p1|Jynzeo|flannery|1218
|player|p2|Kward17kw|102|1228
|gen|9
|tier|[Gen 9] OU
|rated|
|rule|HP Percentage Mod: HP is shown in percentages
|rule|Endless Battle Clause: Forcing endless battles is banned
|rule|Species Clause: Limit one of each Pokémon
|rule|OHKO Clause: OHKO moves are banned
|rule|Evasion Items Clause: Evasion items are banned
|rule|Evasion Moves Clause: Evasion moves are banned
|rule|Evasion Abilities Clause: Evasion abilities are banned
|rule|Sleep Moves Clause: Sleep-inducing moves are banned
|clearpoke
|poke|p1|Espeon, F|
|poke|p1|Klefki, M|
|poke|p1|Hoopa-Unbound|
|poke|p1|Skeledirge, M|
|poke|p1|Salamence, M|
|poke|p1|Sandy Shocks|
|poke|p2|Goodra-Hisui, M|
|poke|p2|Zapdos|
|poke|p2|Avalugg-Hisui, F|
|poke|p2|Glimmora, M|
|poke|p2|Yanmega, M|
|poke|p2|Greninja-*, M|
|teampreview
|inactive|Battle timer is ON: inactive players will automatically lose when time's up. (requested by Jynzeo)
|
|t:|1760380585
|teamsize|p1|6
|teamsize|p2|6
|start
|switch|p1a: Sandy Shocks|Sandy Shocks, shiny|100/100
|switch|p2a: Avalugg|Avalugg-Hisui, F|100/100
|-enditem|p1a: Sandy Shocks|Booster Energy
|-activate|p1a: Sandy Shocks|ability: Protosynthesis|[fromitem]
|-start|p1a: Sandy Shocks|protosynthesisspa
|turn|1
|
|t:|1760380595
|move|p1a: Sandy Shocks|Power Gem|p2a: Avalugg
|-supereffective|p2a: Avalugg
|-ability|p2a: Avalugg|Sturdy
|-damage|p2a: Avalugg|1/100
|move|p2a: Avalugg|Stealth Rock|p1a: Sandy Shocks
|-sidestart|p1: Jynzeo|move: Stealth Rock
|
|upkeep
|turn|2
|-enditem|p2a: Avalugg|Custap Berry|[eat]
|-activate|p2a: Avalugg|item: Custap Berry|[consumed]
|
|t:|1760380602
|move|p2a: Avalugg|Earthquake|p1a: Sandy Shocks
|-supereffective|p1a: Sandy Shocks
|-damage|p1a: Sandy Shocks|17/100
|move|p1a: Sandy Shocks|Thunderbolt|p2a: Avalugg
|-damage|p2a: Avalugg|0 fnt
|faint|p2a: Avalugg
|
|upkeep
|
|t:|1760380618
|switch|p2a: Glimmora|Glimmora, M|100/100
|-item|p2a: Glimmora|Air Balloon
|turn|3
|
|t:|1760380625
|move|p1a: Sandy Shocks|Thunderbolt|p2a: Glimmora
|-damage|p2a: Glimmora|30/100
|-status|p2a: Glimmora|par
|-enditem|p2a: Glimmora|Air Balloon
|move|p2a: Glimmora|Mortal Spin|p1a: Sandy Shocks
|-resisted|p1a: Sandy Shocks
|-damage|p1a: Sandy Shocks|13/100
|-status|p1a: Sandy Shocks|psn
|
|-damage|p1a: Sandy Shocks|1/100 psn|[from] psn
|upkeep
|turn|4
|
|t:|1760380637
|cant|p2a: Glimmora|par
|move|p1a: Sandy Shocks|Earth Power|p2a: Glimmora
|-supereffective|p2a: Glimmora
|-damage|p2a: Glimmora|0 fnt
|faint|p2a: Glimmora
|
|-damage|p1a: Sandy Shocks|0 fnt|[from] psn
|faint|p1a: Sandy Shocks
|-end|p1a: Sandy Shocks|Protosynthesis|[silent]
|upkeep
|
|t:|1760380649
|switch|p1a: Klefki|Klefki, M|100/100
|switch|p2a: Zapdos|Zapdos|100/100
|-damage|p1a: Klefki|95/100|[from] Stealth Rock
|turn|5
|
|t:|1760380655
|move|p1a: Klefki|Light Screen|p1a: Klefki
|-sidestart|p1: Jynzeo|move: Light Screen
|move|p2a: Zapdos|Discharge|p1a: Klefki
|-damage|p1a: Klefki|74/100
|
|upkeep
|turn|6
|
|t:|1760380662
|move|p1a: Klefki|Reflect|p1a: Klefki
|-sidestart|p1: Jynzeo|Reflect
|move|p2a: Zapdos|Discharge|p1a: Klefki
|-damage|p1a: Klefki|51/100
|
|upkeep
|turn|7
|
|t:|1760380669
|switch|p1a: Espeon|Espeon, F, shiny|100/100
|-damage|p1a: Espeon|88/100|[from] Stealth Rock
|move|p2a: Zapdos|Discharge|p1a: Espeon
|-damage|p1a: Espeon|58/100
|
|upkeep
|turn|8
|
|t:|1760380679
|move|p1a: Espeon|Psychic|p2a: Zapdos
|-damage|p2a: Zapdos|54/100
|move|p2a: Zapdos|Volt Switch|p1a: Espeon
|-damage|p1a: Espeon|34/100
|
|t:|1760380685
|switch|p2a: Goodra|Goodra-Hisui, M|100/100|[from] Volt Switch
|
|upkeep
|turn|9
|
|t:|1760380694
|move|p1a: Espeon|Mud-Slap|p2a: Goodra
|-supereffective|p2a: Goodra
|-damage|p2a: Goodra|93/100
|-unboost|p2a: Goodra|accuracy|1
|move|p2a: Goodra|Substitute|p2a: Goodra
|-start|p2a: Goodra|Substitute
|-damage|p2a: Goodra|68/100
|
|-heal|p2a: Goodra|74/100|[from] item: Leftovers
|upkeep
|turn|10
|
|t:|1760380708
|switch|p1a: Skeledirge|Skeledirge, M, shiny|100/100
|-damage|p1a: Skeledirge|76/100|[from] Stealth Rock
|move|p2a: Goodra|Dragon Tail|p1a: Skeledirge
|-damage|p1a: Skeledirge|65/100
|drag|p1a: Klefki|Klefki, M|51/100
|-damage|p1a: Klefki|45/100|[from] Stealth Rock
|
|-heal|p2a: Goodra|80/100|[from] item: Leftovers
|upkeep
|turn|11
|
|t:|1760380722
|switch|p1a: Skeledirge|Skeledirge, M, shiny|65/100
|-damage|p1a: Skeledirge|40/100|[from] Stealth Rock
|move|p2a: Goodra|Curse|p2a: Goodra
|-unboost|p2a: Goodra|spe|1
|-boost|p2a: Goodra|atk|1
|-boost|p2a: Goodra|def|1
|-enditem|p1a: Skeledirge|Mirror Herb
|-boost|p1a: Skeledirge|atk|1|[from] item: Mirror Herb
|-boost|p1a: Skeledirge|def|1|[from] item: Mirror Herb
|
|-heal|p2a: Goodra|86/100|[from] item: Leftovers
|upkeep
|turn|12
|
|t:|1760380735
|move|p1a: Skeledirge|Slack Off|p1a: Skeledirge
|-heal|p1a: Skeledirge|90/100
|move|p2a: Goodra|Dragon Tail|p1a: Skeledirge
|-damage|p1a: Skeledirge|84/100
|drag|p1a: Klefki|Klefki, M|45/100
|-damage|p1a: Klefki|39/100|[from] Stealth Rock
|
|-heal|p2a: Goodra|92/100|[from] item: Leftovers
|-sideend|p1: Jynzeo|move: Light Screen
|upkeep
|turn|13
|
|t:|1760380750
|switch|p1a: Skeledirge|Skeledirge, M, shiny|84/100
|-damage|p1a: Skeledirge|59/100|[from] Stealth Rock
|move|p2a: Goodra|Gyro Ball|p1a: Skeledirge
|-resisted|p1a: Skeledirge
|-damage|p1a: Skeledirge|52/100
|
|-heal|p2a: Goodra|98/100|[from] item: Leftovers
|-sideend|p1: Jynzeo|Reflect
|upkeep
|turn|14
|
|t:|1760380761
|move|p1a: Skeledirge|Torch Song|p2a: Goodra
|-damage|p2a: Goodra|77/100
|-boost|p1a: Skeledirge|spa|1
|move|p2a: Goodra|Dragon Tail|p1a: Skeledirge|[miss]
|-miss|p2a: Goodra|p1a: Skeledirge
|
|-heal|p2a: Goodra|83/100|[from] item: Leftovers
|upkeep
|turn|15
|
|t:|1760380771
|move|p1a: Skeledirge|Torch Song|p2a: Goodra
|-damage|p2a: Goodra|51/100
|-boost|p1a: Skeledirge|spa|1
|move|p2a: Goodra|Dragon Tail|p1a: Skeledirge
|-damage|p1a: Skeledirge|30/100
|drag|p1a: Salamence|Salamence, M|100/100
|-damage|p1a: Salamence|76/100|[from] Stealth Rock
|
|-heal|p2a: Goodra|57/100|[from] item: Leftovers
|upkeep
|turn|16
|
|t:|1760380783
|move|p1a: Salamence|Dragon Claw|p2a: Goodra
|-end|p2a: Goodra|Substitute
|move|p2a: Goodra|Dragon Tail|p1a: Salamence
|-supereffective|p1a: Salamence
|-damage|p1a: Salamence|0 fnt
|faint|p1a: Salamence
|
|-heal|p2a: Goodra|63/100|[from] item: Leftovers
|upkeep
|
|t:|1760380789
|switch|p1a: Skeledirge|Skeledirge, M, shiny|30/100
|-damage|p1a: Skeledirge|5/100|[from] Stealth Rock
|turn|17
|
|t:|1760380798
|switch|p2a: Greninja|Greninja, M|100/100
|move|p1a: Skeledirge|Slack Off|p1a: Skeledirge
|-heal|p1a: Skeledirge|55/100
|
|upkeep
|turn|18
|
|t:|1760380812
|switch|p1a: Klefki|Klefki, M|39/100
|-damage|p1a: Klefki|33/100|[from] Stealth Rock
|move|p2a: Greninja|Surf|p1a: Klefki
|-damage|p1a: Klefki|0 fnt
|faint|p1a: Klefki
|-ability|p2a: Greninja|Battle Bond|boost
|-boost|p2a: Greninja|atk|1
|-boost|p2a: Greninja|spa|1
|-boost|p2a: Greninja|spe|1
|-activate|p2a: Greninja|ability: Battle Bond
|
|upkeep
|
|t:|1760380824
|switch|p1a: Hoopa|Hoopa-Unbound|100/100
|-damage|p1a: Hoopa|88/100|[from] Stealth Rock
|turn|19
|
|t:|1760380832
|-terastallize|p1a: Hoopa|Fighting
|move|p2a: Greninja|Surf|p1a: Hoopa
|-damage|p1a: Hoopa|28/100
|move|p1a: Hoopa|Thunderbolt|p2a: Greninja
|-supereffective|p2a: Greninja
|-damage|p2a: Greninja|0 fnt
|faint|p2a: Greninja
|-damage|p1a: Hoopa|18/100|[from] item: Life Orb
|
|upkeep
|
|t:|1760380846
|switch|p2a: Goodra|Goodra-Hisui, M|63/100
|turn|20
|
|t:|1760380855
|move|p1a: Hoopa|Drain Punch|p2a: Goodra
|-supereffective|p2a: Goodra
|-crit|p2a: Goodra
|-damage|p2a: Goodra|0 fnt
|-heal|p1a: Hoopa|56/100|[from] drain|[of] p2a: Goodra
|faint|p2a: Goodra
|-damage|p1a: Hoopa|46/100|[from] item: Life Orb
|
|upkeep
|
|t:|1760380863
|switch|p2a: Zapdos|Zapdos|54/100
|turn|21
|
|t:|1760380867
|move|p1a: Hoopa|Dark Pulse|p2a: Zapdos
|-damage|p2a: Zapdos|0 fnt
|faint|p2a: Zapdos
|-damage|p1a: Hoopa|36/100|[from] item: Life Orb
|
|upkeep
|
|t:|1760380873
|switch|p2a: Yanmega|Yanmega, M|100/100
|turn|22
|
|t:|1760380878
|move|p2a: Yanmega|Protect|p2a: Yanmega
|-singleturn|p2a: Yanmega|Protect
|move|p1a: Hoopa|Thunderbolt|p2a: Yanmega
|-activate|p2a: Yanmega|move: Protect
|
|-ability|p2a: Yanmega|Speed Boost|boost
|-boost|p2a: Yanmega|spe|1
|upkeep
|turn|23
|
|t:|1760380888
|move|p2a: Yanmega|Bug Buzz|p1a: Hoopa
|-resisted|p1a: Hoopa
|-damage|p1a: Hoopa|11/100
|move|p1a: Hoopa|Thunderbolt|p2a: Yanmega
|-supereffective|p2a: Yanmega
|-enditem|p2a: Yanmega|Focus Sash
|-damage|p2a: Yanmega|1/100
|-damage|p1a: Hoopa|1/100|[from] item: Life Orb
|
|-ability|p2a: Yanmega|Speed Boost|boost
|-boost|p2a: Yanmega|spe|1
|upkeep
|turn|24
|
|t:|1760380905
|move|p2a: Yanmega|Bug Buzz|p1a: Hoopa
|-resisted|p1a: Hoopa
|-damage|p1a: Hoopa|0 fnt
|faint|p1a: Hoopa
|
|-ability|p2a: Yanmega|Speed Boost|boost
|-boost|p2a: Yanmega|spe|1
|upkeep
|
|t:|1760380909
|switch|p1a: Skeledirge|Skeledirge, M, shiny|55/100
|-damage|p1a: Skeledirge|30/100|[from] Stealth Rock
|turn|25
|
|t:|1760380915
|move|p2a: Yanmega|Shadow Ball|p1a: Skeledirge
|-supereffective|p1a: Skeledirge
|-damage|p1a: Skeledirge|0 fnt
|faint|p1a: Skeledirge
|
|-ability|p2a: Yanmega|Speed Boost|boost
|-boost|p2a: Yanmega|spe|1
|upkeep
|-message|Jynzeo forfeited.
|
|win|Kward17kw
|raw|Jynzeo's rating: 1218 &rarr; <strong>1194</strong><br />(-24 for losing)
|raw|Kward17kw's rating: 1228 &rarr; <strong>1252</strong><br />(+24 for winning)
|l|☆Jynzeo
|player|p1|
|l|☆Kward17kw
|player|p2|
