|j|☆yodimjay
|j|☆Enrico B.
|t:|1760339717
|gametype|singles
|player|p1|yodimjay|hugh|1291
|player|p2|Enrico B.|hilbert|1224
|gen|9
|tier|[Gen 9] OU
|rated|
|rule|HP Percentage Mod: HP is shown in percentages
|rule|Endless Battle Clause: Forcing endless battles is banned
|rule|Species Clause: Limit one of each Pokémon
|rule|OHKO Clause: OHKO moves are banned
|rule|Evasion Items Clause: Evasion items are banned
|rule|Evasion Moves Clause: Evasion moves are banned
|rule|Evasion Abilities Clause: Evasion abilities are banned
|rule|Sleep Moves Clause: Sleep-inducing moves are banned
|clearpoke
|poke|p1|Cinderace, F|
|poke|p1|Meowscarada, F|
|poke|p1|Quaquaval, F|
|poke|p1|Slowking-Galar, F|
|poke|p1|Enamorus, F|
|poke|p1|Raging Bolt|
|poke|p2|Scizor, M|
|poke|p2|Latias, F|
|poke|p2|Avalugg, M|
|poke|p2|Sylveon, F|
|poke|p2|Iron Moth|
|poke|p2|Landorus-Therian, M|
|teampreview
|inactive|Battle timer is ON: inactive players will automatically lose when time's up. (requested by yodimjay)
|
|t:|1760339725
|teamsize|p1|6
|teamsize|p2|6
|start
|switch|p1a: Viola|Slowking-Galar, F|100/100
|switch|p2a: Landorus|Landorus-Therian, M|100/100
|-ability|p2a: Landorus|Intimidate|boost
|-unboost|p1a: Viola|atk|1
|turn|1
|c|☆Enrico B.|what a fast team
|
|t:|1760339736
|switch|p1a: Beguile|Enamorus, F|100/100
|move|p2a: Landorus|Earthquake|p1a: Beguile
|-immune|p1a: Beguile
|
|upkeep
|turn|2
|
|t:|1760339758
|switch|p2a: Sylveon|Sylveon, F|100/100
|move|p1a: Beguile|Mystical Fire|p2a: Sylveon
|-damage|p2a: Sylveon|83/100
|-unboost|p2a: Sylveon|spa|1
|
|-heal|p2a: Sylveon|89/100|[from] item: Leftovers
|upkeep
|turn|3
|
|t:|1760339768
|switch|p1a: Viola|Slowking-Galar, F|100/100
|move|p2a: Sylveon|Shadow Ball|p1a: Viola
|-supereffective|p1a: Viola
|-damage|p1a: Viola|82/100
|
|-heal|p2a: Sylveon|95/100|[from] item: Leftovers
|-heal|p1a: Viola|88/100|[from] item: Leftovers
|upkeep
|turn|4
|
|t:|1760339778
|move|p2a: Sylveon|Shadow Ball|p1a: Viola
|-supereffective|p1a: Viola
|-damage|p1a: Viola|69/100
|-unboost|p1a: Viola|spd|1
|move|p1a: Viola|Thunder Wave|p2a: Sylveon
|-status|p2a: Sylveon|par
|
|-heal|p2a: Sylveon|100/100 par|[from] item: Leftovers
|-heal|p1a: Viola|75/100|[from] item: Leftovers
|upkeep
|turn|5
|
|t:|1760339790
|switch|p2a: Landorus|Landorus-Therian, M|100/100
|-ability|p2a: Landorus|Intimidate|boost
|-unboost|p1a: Viola|atk|1
|move|p1a: Viola|Future Sight|p2a: Landorus
|-start|p1a: Viola|move: Future Sight
|
|-heal|p1a: Viola|81/100|[from] item: Leftovers
|upkeep
|turn|6
|
|t:|1760339799
|move|p2a: Landorus|Rock Slide|p1a: Viola
|-crit|p1a: Viola
|-damage|p1a: Viola|35/100
|-prepare|p1a: Viola|Chilly Reception|[premajor]
|move|p1a: Viola|Chilly Reception|p1a: Viola
|-weather|Snowscape
|
|t:|1760339815
|switch|p1a: Robin|Quaquaval, F|100/100|[from] Chilly Reception
|
|-weather|Snowscape|[upkeep]
|upkeep
|turn|7
|l|☆Enrico B.
|inactive|Enrico B. disconnected and has a minute to reconnect!
|player|p2|
|inactive|Enrico B. has 30 seconds to reconnect!
|inactive|Enrico B. has 20 seconds to reconnect!
|inactive|Enrico B. has 15 seconds to reconnect!
|inactive|Enrico B. has 10 seconds to reconnect!
|j|☆Enrico B.
|inactive|Enrico B. reconnected and has 85 seconds left.
|player|p2|Enrico B.|hilbert|
|
|t:|1760339888
|move|p2a: Landorus|Rock Slide|p1a: Robin
|-resisted|p1a: Robin
|-damage|p1a: Robin|82/100
|move|p1a: Robin|Aqua Step|p2a: Landorus
|-supereffective|p2a: Landorus
|-damage|p2a: Landorus|16/100
|-boost|p1a: Robin|spe|1
|
|-weather|Snowscape|[upkeep]
|-end|p2a: Landorus|move: Future Sight
|-damage|p2a: Landorus|0 fnt
|faint|p2a: Landorus
|upkeep
|
|t:|1760339899
|switch|p2a: Avalugg|Avalugg, M|100/100
|turn|8
|l|☆Enrico B.
|inactive|Enrico B. disconnected and has a minute to reconnect!
|player|p2|
|inactive|yodimjay has 120 seconds left.
|
|t:|1760339929
|move|p1a: Robin|Close Combat|p2a: Avalugg
|-supereffective|p2a: Avalugg
|-damage|p2a: Avalugg|70/100
|-unboost|p1a: Robin|def|1
|-unboost|p1a: Robin|spd|1
|-damage|p1a: Robin|66/100|[from] item: Rocky Helmet|[of] p2a: Avalugg
|move|p2a: Avalugg|Body Press|p1a: Robin
|-damage|p1a: Robin|0 fnt
|faint|p1a: Robin
|
|-weather|Snowscape|[upkeep]
|upkeep
|inactive|yodimjay has 120 seconds left.
|
|t:|1760339940
|switch|p1a: Cindy|Cinderace, F, shiny|100/100
|turn|9
|j|☆Enrico B.
|inactive|Enrico B. reconnected and has 95 seconds left.
|player|p2|Enrico B.|hilbert|
|inactive|Enrico B. has 90 seconds left.
|
|t:|1760339948
|-terastallize|p2a: Avalugg|Water
|move|p1a: Cindy|Pyro Ball|p2a: Avalugg
|-resisted|p2a: Avalugg
|-damage|p2a: Avalugg|58/100
|-status|p2a: Avalugg|brn
|move|p2a: Avalugg|Earthquake|p1a: Cindy
|-supereffective|p1a: Cindy
|-damage|p1a: Cindy|64/100
|
|-weather|Snowscape|[upkeep]
|-damage|p2a: Avalugg|52/100 brn|[from] brn
|upkeep
|turn|10
|inactive|Enrico B. has 90 seconds left.
|c|☆yodimjay|Lol
|
|t:|1760339965
|switch|p2a: Scizor|Scizor, M|100/100
|move|p1a: Cindy|U-turn|p2a: Scizor
|-start|p1a: Cindy|typechange|Bug|[from] ability: Libero
|-resisted|p2a: Scizor
|-damage|p2a: Scizor|89/100
|l|☆Enrico B.
|inactive|Enrico B. disconnected and has a minute to reconnect!
|player|p2|
|
|t:|1760339984
|switch|p1a: Genobolt|Raging Bolt|100/100|[from] U-turn
|
|-weather|none
|upkeep
|turn|11
|j|☆Enrico B.
|inactive|Enrico B. reconnected and has 100 seconds left.
|player|p2|Enrico B.|hilbert|
|inactive|Enrico B. has 90 seconds left.
|
|t:|1760340000
|switch|p2a: Latias|Latias, F, shiny|100/100
|move|p1a: Genobolt|Calm Mind|p1a: Genobolt
|-boost|p1a: Genobolt|spa|1
|-boost|p1a: Genobolt|spd|1
|
|upkeep
|turn|12
|inactive|Enrico B. has 90 seconds left.
|inactive|yodimjay has 120 seconds left.
|
|t:|1760340035
|-terastallize|p1a: Genobolt|Fairy
|move|p2a: Latias|Calm Mind|p2a: Latias
|-boost|p2a: Latias|spa|1
|-boost|p2a: Latias|spd|1
|move|p1a: Genobolt|Calm Mind|p1a: Genobolt
|-boost|p1a: Genobolt|spa|1
|-boost|p1a: Genobolt|spd|1
|
|upkeep
|turn|13
|inactive|Enrico B. has 90 seconds left.
|
|t:|1760340045
|move|p2a: Latias|Calm Mind|p2a: Latias
|-boost|p2a: Latias|spa|1
|-boost|p2a: Latias|spd|1
|move|p1a: Genobolt|Dragon Pulse|p2a: Latias
|-supereffective|p2a: Latias
|-crit|p2a: Latias
|-damage|p2a: Latias|0 fnt
|faint|p2a: Latias
|
|upkeep
|
|t:|1760340054
|switch|p2a: Scizor|Scizor, M|89/100
|turn|14
|inactive|yodimjay has 120 seconds left.
|
|t:|1760340067
|move|p2a: Scizor|Bullet Punch|p1a: Genobolt
|-supereffective|p1a: Genobolt
|-damage|p1a: Genobolt|68/100
|move|p1a: Genobolt|Thunderbolt|p2a: Scizor
|-damage|p2a: Scizor|0 fnt
|faint|p2a: Scizor
|
|-heal|p1a: Genobolt|74/100|[from] item: Leftovers
|upkeep
|l|☆Enrico B.
|inactive|Enrico B. disconnected and has a minute to reconnect!
|player|p2|
|inactive|Enrico B. has 30 seconds to reconnect!
|inactive|Enrico B. has 20 seconds to reconnect!
|inactive|Enrico B. has 15 seconds to reconnect!
|inactive|Enrico B. has 10 seconds to reconnect!
|inactive|Enrico B. has 5 seconds to reconnect!
|-message|Enrico B. lost due to inactivity.
|
|win|yodimjay
|raw|yodimjay's rating: 1291 &rarr; <strong>1311</strong><br />(+20 for winning)
|raw|Enrico B.'s rating: 1224 &rarr; <strong>1204</strong><br />(-20 for losing)
|l|☆yodimjay
|player|p1|
