|j|☆Picori10
|j|☆Shulkou
|t:|1760369168
|gametype|singles
|player|p1|Picori10|ghetsis|1090
|player|p2|Shulkou|volkner|1135
|gen|9
|tier|[Gen 9] OU
|rated|
|rule|HP Percentage Mod: HP is shown in percentages
|rule|Endless Battle Clause: Forcing endless battles is banned
|rule|Species Clause: Limit one of each Pokémon
|rule|OHKO Clause: OHKO moves are banned
|rule|Evasion Items Clause: Evasion items are banned
|rule|Evasion Moves Clause: Evasion moves are banned
|rule|Evasion Abilities Clause: Evasion abilities are banned
|rule|Sleep Moves Clause: Sleep-inducing moves are banned
|clearpoke
|poke|p1|Ogerpon-Wellspring, F|
|poke|p1|Gholdengo|
|poke|p1|Ninetales-Alola, F|
|poke|p1|Rillaboom, F|
|poke|p1|Great Tusk|
|poke|p1|Iron Moth|
|poke|p2|Great Tusk|
|poke|p2|Corviknight, M|
|poke|p2|Ninetales-Alola, F|
|poke|p2|Toxtricity-Low-Key, F|
|poke|p2|Meowscarada, F|
|poke|p2|Arcanine-Hisui, M|
|teampreview
|
|t:|1760369190
|teamsize|p1|6
|teamsize|p2|6
|start
|switch|p1a: Ogerpon|Ogerpon-Wellspring, F|100/100
|switch|p2a: Shikiko|Arcanine-Hisui, M, shiny|100/100
|turn|1
|
|t:|1760369204
|switch|p2a: Dark Bird|Corviknight, M, shiny|100/100
|move|p1a: Ogerpon|Ivy Cudgel|p2a: Dark Bird|[anim] Ivy Cudgel Water
|-damage|p2a: Dark Bird|54/100
|
|upkeep
|turn|2
|
|t:|1760369222
|switch|p1a: Iron Moth|Iron Moth|100/100
|-enditem|p1a: Iron Moth|Booster Energy
|-activate|p1a: Iron Moth|ability: Quark Drive|[fromitem]
|-start|p1a: Iron Moth|quarkdrivespe
|move|p2a: Dark Bird|Tailwind|p2a: Dark Bird
|-sidestart|p2: Shulkou|move: Tailwind
|
|upkeep
|turn|3
|
|t:|1760369229
|switch|p2a: Shikiko|Arcanine-Hisui, M, shiny|100/100
|move|p1a: Iron Moth|Fiery Dance|p2a: Shikiko
|-resisted|p2a: Shikiko
|-crit|p2a: Shikiko
|-damage|p2a: Shikiko|81/100
|-boost|p1a: Iron Moth|spa|1
|
|upkeep
|turn|4
|
|t:|1760369254
|-end|p1a: Iron Moth|Quark Drive|[silent]
|switch|p1a: Great Tusk|Great Tusk|100/100
|-enditem|p1a: Great Tusk|Booster Energy
|-activate|p1a: Great Tusk|ability: Protosynthesis|[fromitem]
|-start|p1a: Great Tusk|protosynthesisspe
|move|p2a: Shikiko|Substitute|p2a: Shikiko
|-start|p2a: Shikiko|Substitute
|-damage|p2a: Shikiko|56/100
|
|upkeep
|turn|5
|
|t:|1760369265
|move|p2a: Shikiko|Flare Blitz|p1a: Great Tusk
|-damage|p1a: Great Tusk|62/100
|move|p1a: Great Tusk|Rapid Spin|p2a: Shikiko
|-resisted|p2a: Shikiko
|-activate|p2a: Shikiko|move: Substitute|[damage]
|-boost|p1a: Great Tusk|spe|1
|
|-sideend|p2: Shulkou|move: Tailwind
|upkeep
|turn|6
|
|t:|1760369274
|move|p1a: Great Tusk|Ice Spinner|p2a: Shikiko
|-resisted|p2a: Shikiko
|-activate|p2a: Shikiko|move: Substitute|[damage]
|move|p2a: Shikiko|Flare Blitz|p1a: Great Tusk
|-damage|p1a: Great Tusk|24/100
|
|upkeep
|turn|7
|
|t:|1760369282
|move|p1a: Great Tusk|Stealth Rock|p2a: Shikiko
|-sidestart|p2: Shulkou|move: Stealth Rock
|move|p2a: Shikiko|Flare Blitz|p1a: Great Tusk
|-damage|p1a: Great Tusk|0 fnt
|faint|p1a: Great Tusk
|-end|p1a: Great Tusk|Protosynthesis|[silent]
|
|upkeep
|
|t:|1760369289
|switch|p1a: Ogerpon|Ogerpon-Wellspring, F|100/100
|turn|8
|
|t:|1760369293
|move|p1a: Ogerpon|Ivy Cudgel|p2a: Shikiko|[anim] Ivy Cudgel Water
|-supereffective|p2a: Shikiko
|-end|p2a: Shikiko|Substitute
|move|p2a: Shikiko|Head Smash|p1a: Ogerpon
|-damage|p1a: Ogerpon|13/100
|
|upkeep
|turn|9
|
|t:|1760369333
|switch|p2a: Raisena|Toxtricity-Low-Key, F|100/100
|-damage|p2a: Raisena|88/100|[from] Stealth Rock
|move|p1a: Ogerpon|Ivy Cudgel|p2a: Raisena|[anim] Ivy Cudgel Water
|-damage|p2a: Raisena|15/100
|
|upkeep
|turn|10
|
|t:|1760369343
|move|p1a: Ogerpon|Ivy Cudgel|p2a: Raisena|[anim] Ivy Cudgel Water
|-damage|p2a: Raisena|0 fnt
|faint|p2a: Raisena
|
|upkeep
|
|t:|1760369345
|switch|p2a: Makyo|Meowscarada, F|100/100
|-damage|p2a: Makyo|88/100|[from] Stealth Rock
|turn|11
|
|t:|1760369351
|switch|p1a: Iron Moth|Iron Moth|100/100
|move|p2a: Makyo|U-turn|p1a: Iron Moth
|-start|p2a: Makyo|typechange|Bug|[from] ability: Protean
|-resisted|p1a: Iron Moth
|-damage|p1a: Iron Moth|89/100
|
|t:|1760369354
|switch|p2a: Shikiko|Arcanine-Hisui, M, shiny|56/100|[from] U-turn
|
|upkeep
|turn|12
|
|t:|1760369369
|-terastallize|p1a: Iron Moth|Grass
|move|p1a: Iron Moth|Energy Ball|p2a: Shikiko
|-damage|p2a: Shikiko|3/100
|move|p2a: Shikiko|Substitute|p2a: Shikiko
|-fail|p2a: Shikiko|move: Substitute|[weak]
|
|upkeep
|turn|13
|
|t:|1760369377
|switch|p2a: Dark Bird|Corviknight, M, shiny|54/100
|-damage|p2a: Dark Bird|42/100|[from] Stealth Rock
|move|p1a: Iron Moth|Energy Ball|p2a: Dark Bird
|-resisted|p2a: Dark Bird
|-damage|p2a: Dark Bird|31/100
|
|upkeep
|turn|14
|
|t:|1760369384
|move|p1a: Iron Moth|Fiery Dance|p2a: Dark Bird
|-supereffective|p2a: Dark Bird
|-damage|p2a: Dark Bird|0 fnt
|faint|p2a: Dark Bird
|
|upkeep
|
|t:|1760369388
|switch|p2a: Makyo|Meowscarada, F|88/100
|-damage|p2a: Makyo|76/100|[from] Stealth Rock
|turn|15
|
|t:|1760369392
|move|p2a: Makyo|U-turn|p1a: Iron Moth
|-start|p2a: Makyo|typechange|Bug|[from] ability: Protean
|-supereffective|p1a: Iron Moth
|-damage|p1a: Iron Moth|0 fnt
|faint|p1a: Iron Moth
|-end|p1a: Iron Moth|Quark Drive|[silent]
|
|t:|1760369404
|switch|p2a: Kyumei|Ninetales-Alola, F, shiny|100/100|[from] U-turn
|-damage|p2a: Kyumei|75/100|[from] Stealth Rock
|-weather|Snowscape|[from] ability: Snow Warning|[of] p2a: Kyumei
|
|-weather|Snowscape|[upkeep]
|upkeep
|
|t:|1760369410
|switch|p1a: Gholdengo|Gholdengo|100/100
|turn|16
|
|t:|1760369415
|-terastallize|p2a: Kyumei|Water
|move|p2a: Kyumei|Aurora Veil|p2a: Kyumei
|-sidestart|p2: Shulkou|move: Aurora Veil
|move|p1a: Gholdengo|Make It Rain|p2a: Kyumei
|-resisted|p2a: Kyumei
|-damage|p2a: Kyumei|51/100
|-unboost|p1a: Gholdengo|spa|1
|
|-weather|Snowscape|[upkeep]
|upkeep
|turn|17
|
|t:|1760369426
|move|p2a: Kyumei|Tera Blast|p1a: Gholdengo|[anim] Tera Blast Water
|-damage|p1a: Gholdengo|64/100
|move|p1a: Gholdengo|Shadow Ball|p2a: Kyumei
|-damage|p2a: Kyumei|35/100
|
|-weather|Snowscape|[upkeep]
|upkeep
|turn|18
|
|t:|1760369434
|move|p2a: Kyumei|Tera Blast|p1a: Gholdengo|[anim] Tera Blast Water
|-damage|p1a: Gholdengo|24/100
|move|p1a: Gholdengo|Make It Rain|p2a: Kyumei
|-resisted|p2a: Kyumei
|-damage|p2a: Kyumei|20/100
|-unboost|p1a: Gholdengo|spa|1
|
|-weather|Snowscape|[upkeep]
|upkeep
|turn|19
|
|t:|1760369443
|move|p2a: Kyumei|Tera Blast|p1a: Gholdengo|[anim] Tera Blast Water
|-damage|p1a: Gholdengo|0 fnt
|faint|p1a: Gholdengo
|
|-weather|none
|upkeep
|
|t:|1760369448
|switch|p1a: Ogerpon|Ogerpon-Wellspring, F|13/100
|turn|20
|
|t:|1760369454
|move|p1a: Ogerpon|Horn Leech|p2a: Kyumei
|-supereffective|p2a: Kyumei
|-damage|p2a: Kyumei|0 fnt
|-heal|p1a: Ogerpon|23/100|[from] drain|[of] p2a: Kyumei
|faint|p2a: Kyumei
|
|upkeep
|
|t:|1760369457
|switch|p2a: Makyo|Meowscarada, F|76/100
|-damage|p2a: Makyo|64/100|[from] Stealth Rock
|turn|21
|
|t:|1760369463
|switch|p1a: Ninetales|Ninetales-Alola, F|100/100
|-weather|Snowscape|[from] ability: Snow Warning|[of] p1a: Ninetales
|move|p2a: Makyo|U-turn|p1a: Ninetales
|-start|p2a: Makyo|typechange|Bug|[from] ability: Protean
|-resisted|p1a: Ninetales
|-damage|p1a: Ninetales|87/100
|
|t:|1760369467
|switch|p2a: Shikiko|Arcanine-Hisui, M, shiny|3/100|[from] U-turn
|
|-weather|Snowscape|[upkeep]
|upkeep
|turn|22
|
|t:|1760369478
|move|p1a: Ninetales|Moonblast|p2a: Shikiko
|-resisted|p2a: Shikiko
|-damage|p2a: Shikiko|0 fnt
|faint|p2a: Shikiko
|
|-weather|Snowscape|[upkeep]
|upkeep
|
|t:|1760369485
|switch|p2a: Spin Ike|Great Tusk|100/100
|-damage|p2a: Spin Ike|98/100|[from] Stealth Rock
|-enditem|p2a: Spin Ike|Booster Energy
|-activate|p2a: Spin Ike|ability: Protosynthesis|[fromitem]
|-start|p2a: Spin Ike|protosynthesisatk
|turn|23
|
|t:|1760369491
|move|p1a: Ninetales|Freeze-Dry|p2a: Spin Ike
|-supereffective|p2a: Spin Ike
|-damage|p2a: Spin Ike|77/100
|-status|p2a: Spin Ike|frz
|cant|p2a: Spin Ike|frz
|
|-weather|Snowscape|[upkeep]
|-sideend|p2: Shulkou|move: Aurora Veil
|upkeep
|turn|24
|
|t:|1760369499
|move|p1a: Ninetales|Aurora Veil|p1a: Ninetales
|-sidestart|p1: Picori10|move: Aurora Veil
|cant|p2a: Spin Ike|frz
|
|-weather|Snowscape|[upkeep]
|upkeep
|turn|25
|
|t:|1760369503
|move|p1a: Ninetales|Freeze-Dry|p2a: Spin Ike
|-supereffective|p2a: Spin Ike
|-damage|p2a: Spin Ike|34/100 frz
|cant|p2a: Spin Ike|frz
|
|-weather|none
|upkeep
|turn|26
|
|t:|1760369509
|move|p1a: Ninetales|Moonblast|p2a: Spin Ike
|-supereffective|p2a: Spin Ike
|-damage|p2a: Spin Ike|0 fnt
|faint|p2a: Spin Ike
|-end|p2a: Spin Ike|Protosynthesis|[silent]
|
|upkeep
|
|t:|1760369512
|switch|p2a: Makyo|Meowscarada, F|64/100
|-damage|p2a: Makyo|51/100|[from] Stealth Rock
|turn|27
|
|t:|1760369519
|move|p2a: Makyo|Play Rough|p1a: Ninetales
|-start|p2a: Makyo|typechange|Fairy|[from] ability: Protean
|-damage|p1a: Ninetales|61/100
|move|p1a: Ninetales|Freeze-Dry|p2a: Makyo
|-damage|p2a: Makyo|18/100
|-status|p2a: Makyo|frz
|
|upkeep
|turn|28
|-message|Shulkou forfeited.
|
|win|Picori10
|raw|Picori10's rating: 1090 &rarr; <strong>1120</strong><br />(+30 for winning)
|raw|Shulkou's rating: 1135 &rarr; <strong>1107</strong><br />(-28 for losing)
|l|☆Shulkou
|player|p2|
|l|☆Picori10
|player|p1|
