|j|☆dilf huntr
|j|☆Bossvgl
|t:|1760387718
|gametype|singles
|player|p1|dilf huntr|drasna|1564
|player|p2|Bossvgl|266|1519
|gen|9
|tier|[Gen 9] OU
|rated|
|rule|HP Percentage Mod: HP is shown in percentages
|rule|Endless Battle Clause: Forcing endless battles is banned
|rule|Species Clause: Limit one of each Pokémon
|rule|OHKO Clause: OHKO moves are banned
|rule|Evasion Items Clause: Evasion items are banned
|rule|Evasion Moves Clause: Evasion moves are banned
|rule|Evasion Abilities Clause: Evasion abilities are banned
|rule|Sleep Moves Clause: Sleep-inducing moves are banned
|clearpoke
|poke|p1|Zamazenta-*|
|poke|p1|Okidogi, M|
|poke|p1|Landorus-Therian, M|
|poke|p1|Dragonite, M|
|poke|p1|Cinderace, M|
|poke|p1|Gholdengo|
|poke|p2|Hoopa-Unbound|
|poke|p2|Slowking-Galar, F|
|poke|p2|Great Tusk|
|poke|p2|Alomomola, M|
|poke|p2|Dragapult, F|
|poke|p2|Kingambit, M|
|teampreview
|inactive|Battle timer is ON: inactive players will automatically lose when time's up. (requested by dilf huntr)
|
|t:|1760387741
|teamsize|p1|6
|teamsize|p2|6
|start
|switch|p1a: Okidogi|Okidogi, M|100/100
|switch|p2a: Dragapult|Dragapult, F|100/100
|turn|1
|
|t:|1760387756
|move|p2a: Dragapult|Draco Meteor|p1a: Okidogi
|-damage|p1a: Okidogi|45/100
|-unboost|p2a: Dragapult|spa|2
|move|p1a: Okidogi|Knock Off|p2a: Dragapult
|-supereffective|p2a: Dragapult
|-damage|p2a: Dragapult|0 fnt
|-enditem|p2a: Dragapult|Choice Specs|[from] move: Knock Off|[of] p1a: Okidogi
|faint|p2a: Dragapult
|
|upkeep
|
|t:|1760387761
|switch|p2a: Great Tusk|Great Tusk|100/100
|turn|2
|
|t:|1760387766
|move|p2a: Great Tusk|Stealth Rock|p1a: Okidogi
|-sidestart|p1: dilf huntr|move: Stealth Rock
|move|p1a: Okidogi|Ice Punch|p2a: Great Tusk
|-supereffective|p2a: Great Tusk
|-damage|p2a: Great Tusk|65/100
|
|upkeep
|turn|3
|
|t:|1760387770
|switch|p1a: Landorus|Landorus-Therian, M|100/100
|-damage|p1a: Landorus|88/100|[from] Stealth Rock
|-ability|p1a: Landorus|Intimidate|boost
|-unboost|p2a: Great Tusk|atk|1
|move|p2a: Great Tusk|Headlong Rush|p1a: Landorus
|-immune|p1a: Landorus
|
|upkeep
|turn|4
|
|t:|1760387776
|-end|p2a: Great Tusk|Protosynthesis|[silent]
|switch|p2a: Alomomola|Alomomola, M|100/100
|move|p1a: Landorus|Earthquake|p2a: Alomomola
|-damage|p2a: Alomomola|72/100
|
|upkeep
|turn|5
|
|t:|1760387784
|move|p1a: Landorus|Stealth Rock|p2a: Alomomola
|-sidestart|p2: Bossvgl|move: Stealth Rock
|move|p2a: Alomomola|Flip Turn|p1a: Landorus
|-supereffective|p1a: Landorus
|-damage|p1a: Landorus|56/100
|-damage|p2a: Alomomola|56/100|[from] item: Rocky Helmet|[of] p1a: Landorus
|
|t:|1760387787
|switch|p2a: Great Tusk|Great Tusk|65/100|[from] Flip Turn
|
|upkeep
|turn|6
|
|t:|1760387791
|switch|p1a: Gholdengo|Gholdengo|100/100
|-damage|p1a: Gholdengo|94/100|[from] Stealth Rock
|-item|p1a: Gholdengo|Air Balloon
|move|p2a: Great Tusk|Ice Spinner|p1a: Gholdengo
|-resisted|p1a: Gholdengo
|-damage|p1a: Gholdengo|86/100
|-enditem|p1a: Gholdengo|Air Balloon
|
|upkeep
|turn|7
|
|t:|1760387800
|-end|p2a: Great Tusk|Protosynthesis|[silent]
|switch|p2a: Alomomola|Alomomola, M|89/100
|switch|p1a: Landorus|Landorus-Therian, M|56/100
|-damage|p1a: Landorus|44/100|[from] Stealth Rock
|-ability|p1a: Landorus|Intimidate|boost
|-unboost|p2a: Alomomola|atk|1
|
|upkeep
|turn|8
|
|t:|1760387805
|move|p1a: Landorus|Earthquake|p2a: Alomomola
|-damage|p2a: Alomomola|58/100
|move|p2a: Alomomola|Flip Turn|p1a: Landorus
|-supereffective|p1a: Landorus
|-damage|p1a: Landorus|24/100
|-damage|p2a: Alomomola|42/100|[from] item: Rocky Helmet|[of] p1a: Landorus
|
|t:|1760387807
|switch|p2a: Great Tusk|Great Tusk|65/100|[from] Flip Turn
|
|upkeep
|turn|9
|
|t:|1760387810
|move|p1a: Landorus|Earthquake|p2a: Great Tusk
|-damage|p2a: Great Tusk|34/100
|move|p2a: Great Tusk|Rapid Spin|p1a: Landorus
|-damage|p1a: Landorus|8/100
|-boost|p2a: Great Tusk|spe|1
|-damage|p2a: Great Tusk|17/100|[from] item: Rocky Helmet|[of] p1a: Landorus
|-sideend|p2: Bossvgl|Stealth Rock|[from] move: Rapid Spin|[of] p2a: Great Tusk
|
|upkeep
|turn|10
|
|t:|1760387815
|move|p2a: Great Tusk|Ice Spinner|p1a: Landorus
|-supereffective|p1a: Landorus
|-damage|p1a: Landorus|0 fnt
|-damage|p2a: Great Tusk|0 fnt|[from] item: Rocky Helmet|[of] p1a: Landorus
|faint|p1a: Landorus
|faint|p2a: Great Tusk
|-end|p2a: Great Tusk|Protosynthesis|[silent]
|
|upkeep
|
|t:|1760387825
|switch|p1a: Cinderace|Cinderace, M, shiny|100/100
|switch|p2a: Alomomola|Alomomola, M|75/100
|turn|11
|
|t:|1760387829
|move|p1a: Cinderace|Court Change|p1a: Cinderace
|-start|p1a: Cinderace|typechange|Normal|[from] ability: Libero
|-swapsideconditions
|-activate|p1a: Cinderace|move: Court Change
|move|p2a: Alomomola|Flip Turn|p1a: Cinderace
|-damage|p1a: Cinderace|81/100
|
|t:|1760387834
|switch|p2a: Slowking|Slowking-Galar, F|100/100|[from] Flip Turn
|
|upkeep
|turn|12
|
|t:|1760387838
|move|p1a: Cinderace|U-turn|p2a: Slowking
|-damage|p2a: Slowking|82/100
|
|t:|1760387840
|switch|p1a: Okidogi|Okidogi, M|45/100|[from] U-turn
|move|p2a: Slowking|Future Sight|p1a: Okidogi
|-start|p2a: Slowking|move: Future Sight
|
|upkeep
|turn|13
|
|t:|1760387846
|switch|p2a: Alomomola|Alomomola, M|100/100
|move|p1a: Okidogi|Knock Off|p2a: Alomomola
|-damage|p2a: Alomomola|77/100
|-enditem|p2a: Alomomola|Heavy-Duty Boots|[from] move: Knock Off|[of] p1a: Okidogi
|
|upkeep
|turn|14
|
|t:|1760387849
|move|p1a: Okidogi|Gunk Shot|p2a: Alomomola
|-damage|p2a: Alomomola|36/100
|-status|p2a: Alomomola|psn
|move|p2a: Alomomola|Wish|p2a: Alomomola
|
|-end|p1a: Okidogi|move: Future Sight
|-supereffective|p1a: Okidogi
|-damage|p1a: Okidogi|0 fnt
|faint|p1a: Okidogi
|-damage|p2a: Alomomola|24/100 psn|[from] psn
|upkeep
|
|t:|1760387863
|switch|p1a: Dragonite|Dragonite, M|100/100
|turn|15
|
|t:|1760387866
|move|p1a: Dragonite|Dragon Dance|p1a: Dragonite
|-boost|p1a: Dragonite|atk|1
|-boost|p1a: Dragonite|spe|1
|move|p2a: Alomomola|Scald|p1a: Dragonite
|-resisted|p1a: Dragonite
|-damage|p1a: Dragonite|97/100
|-status|p1a: Dragonite|brn
|
|-heal|p2a: Alomomola|74/100 psn|[from] move: Wish|[wisher] Alomomola
|-damage|p2a: Alomomola|62/100 psn|[from] psn
|-damage|p1a: Dragonite|91/100 brn|[from] brn
|upkeep
|turn|16
|
|t:|1760387869
|move|p1a: Dragonite|Dragon Dance|p1a: Dragonite
|-boost|p1a: Dragonite|atk|1
|-boost|p1a: Dragonite|spe|1
|move|p2a: Alomomola|Flip Turn|p1a: Dragonite
|-resisted|p1a: Dragonite
|-damage|p1a: Dragonite|82/100 brn
|
|t:|1760387884
|switch|p2a: Slowking|Slowking-Galar, F|100/100|[from] Flip Turn
|
|-damage|p1a: Dragonite|75/100 brn|[from] brn
|upkeep
|turn|17
|
|t:|1760387891
|move|p1a: Dragonite|Earthquake|p2a: Slowking
|-supereffective|p2a: Slowking
|-damage|p2a: Slowking|23/100
|move|p2a: Slowking|Sludge Bomb|p1a: Dragonite
|-damage|p1a: Dragonite|42/100 brn
|
|-damage|p1a: Dragonite|36/100 brn|[from] brn
|upkeep
|turn|18
|
|t:|1760387900
|move|p1a: Dragonite|Earthquake|p2a: Slowking
|-supereffective|p2a: Slowking
|-damage|p2a: Slowking|0 fnt
|faint|p2a: Slowking
|
|-damage|p1a: Dragonite|30/100 brn|[from] brn
|upkeep
|
|t:|1760387906
|switch|p2a: Kingambit|Kingambit, M|100/100
|-damage|p2a: Kingambit|94/100|[from] Stealth Rock
|-activate|p2a: Kingambit|ability: Supreme Overlord
|-start|p2a: Kingambit|fallen3|[silent]
|turn|19
|
|t:|1760387934
|-terastallize|p2a: Kingambit|Flying
|move|p1a: Dragonite|Encore||[still]
|-fail|p1a: Dragonite
|move|p2a: Kingambit|Iron Head|p1a: Dragonite
|-damage|p1a: Dragonite|0 fnt
|faint|p1a: Dragonite
|
|-heal|p2a: Kingambit|100/100|[from] item: Leftovers
|upkeep
|
|t:|1760387955
|switch|p1a: Zamazenta|Zamazenta|100/100
|-ability|p1a: Zamazenta|Dauntless Shield|boost
|-boost|p1a: Zamazenta|def|1
|turn|20
|
|t:|1760387959
|-end|p2a: Kingambit|fallen3|[silent]
|switch|p2a: Alomomola|Alomomola, M|95/100 psn
|-damage|p2a: Alomomola|82/100 psn|[from] Stealth Rock
|move|p1a: Zamazenta|Stone Edge|p2a: Alomomola
|-damage|p2a: Alomomola|54/100 psn
|-damage|p1a: Zamazenta|91/100|[from] item: Life Orb
|
|-damage|p2a: Alomomola|42/100 psn|[from] psn
|upkeep
|turn|21
|
|t:|1760387965
|move|p1a: Zamazenta|Close Combat|p2a: Alomomola
|-damage|p2a: Alomomola|0 fnt
|-unboost|p1a: Zamazenta|def|1
|-unboost|p1a: Zamazenta|spd|1
|faint|p2a: Alomomola
|-damage|p1a: Zamazenta|81/100|[from] item: Life Orb
|
|upkeep
|
|t:|1760387972
|switch|p2a: Kingambit|Kingambit, M, tera:Flying|100/100
|-damage|p2a: Kingambit|75/100|[from] Stealth Rock
|-activate|p2a: Kingambit|ability: Supreme Overlord
|-start|p2a: Kingambit|fallen4|[silent]
|turn|22
|
|t:|1760387976
|move|p1a: Zamazenta|Stone Edge|p2a: Kingambit|[miss]
|-miss|p1a: Zamazenta|p2a: Kingambit
|move|p2a: Kingambit|Iron Head|p1a: Zamazenta
|-damage|p1a: Zamazenta|15/100
|
|-heal|p2a: Kingambit|82/100|[from] item: Leftovers
|upkeep
|turn|23
|
|t:|1760387986
|move|p2a: Kingambit|Sucker Punch|p1a: Zamazenta
|-resisted|p1a: Zamazenta
|-damage|p1a: Zamazenta|0 fnt
|faint|p1a: Zamazenta
|
|-heal|p2a: Kingambit|88/100|[from] item: Leftovers
|upkeep
|
|t:|1760387993
|switch|p1a: Gholdengo|Gholdengo|86/100
|turn|24
|
|t:|1760388001
|-terastallize|p1a: Gholdengo|Fairy
|move|p1a: Gholdengo|Thunder Wave|p2a: Kingambit
|-status|p2a: Kingambit|par
|move|p2a: Kingambit|Kowtow Cleave|p1a: Gholdengo
|-resisted|p1a: Gholdengo
|-damage|p1a: Gholdengo|60/100
|
|-heal|p2a: Kingambit|94/100 par|[from] item: Leftovers
|upkeep
|turn|25
|
|t:|1760388008
|move|p1a: Gholdengo|Hex|p2a: Kingambit
|-damage|p2a: Kingambit|41/100 par
|cant|p2a: Kingambit|par
|
|-heal|p2a: Kingambit|47/100 par|[from] item: Leftovers
|upkeep
|turn|26
|
|t:|1760388012
|move|p2a: Kingambit|Sucker Punch|p1a: Gholdengo
|-resisted|p1a: Gholdengo
|-damage|p1a: Gholdengo|41/100
|move|p1a: Gholdengo|Hex|p2a: Kingambit
|-damage|p2a: Kingambit|0 fnt
|faint|p2a: Kingambit
|-end|p2a: Kingambit|fallen4|[silent]
|
|upkeep
|
|t:|1760388015
|switch|p2a: Hoopa|Hoopa-Unbound|100/100
|-damage|p2a: Hoopa|88/100|[from] Stealth Rock
|turn|27
|
|t:|1760388019
|move|p2a: Hoopa|Zen Headbutt|p1a: Gholdengo
|-damage|p1a: Gholdengo|0 fnt
|faint|p1a: Gholdengo
|
|upkeep
|
|t:|1760388021
|switch|p1a: Cinderace|Cinderace, M, shiny|81/100
|turn|28
|
|t:|1760388023
|move|p1a: Cinderace|U-turn|p2a: Hoopa
|-start|p1a: Cinderace|typechange|Bug|[from] ability: Libero
|-supereffective|p2a: Hoopa
|-damage|p2a: Hoopa|0 fnt
|faint|p2a: Hoopa
|
|win|dilf huntr
|raw|dilf huntr's rating: 1564 &rarr; <strong>1581</strong><br />(+17 for winning)
|raw|Bossvgl's rating: 1519 &rarr; <strong>1502</strong><br />(-17 for losing)
|l|☆Bossvgl
|player|p2|
