|j|☆randomfilipinoguy
|j|‽Icesta
|t:|1760321958
|gametype|singles
|player|p1|randomfilipinoguy|steven|1180
|player|p2|Icesta|266|1244
|gen|9
|tier|[Gen 9] OU
|rated|
|rule|HP Percentage Mod: HP is shown in percentages
|rule|Endless Battle Clause: Forcing endless battles is banned
|rule|Species Clause: Limit one of each Pokémon
|rule|OHKO Clause: OHKO moves are banned
|rule|Evasion Items Clause: Evasion items are banned
|rule|Evasion Moves Clause: Evasion moves are banned
|rule|Evasion Abilities Clause: Evasion abilities are banned
|rule|Sleep Moves Clause: Sleep-inducing moves are banned
|clearpoke
|poke|p1|Ribombee, F|
|poke|p1|Ogerpon, F|
|poke|p1|Indeedee, M|
|poke|p1|Bastiodon, F|
|poke|p1|Cinderace, F|
|poke|p1|Thundurus, M|
|poke|p2|Comfey, F|
|poke|p2|Whimsicott, F|
|poke|p2|Iron Moth|
|poke|p2|Walking Wake|
|poke|p2|Great Tusk|
|poke|p2|Ninetales, M|
|teampreview
|inactive|Battle timer is ON: inactive players will automatically lose when time's up. (requested by randomfilipinoguy)
|
|t:|1760321984
|teamsize|p1|6
|teamsize|p2|6
|start
|switch|p1a: Ogerpon|Ogerpon, F|100/100
|switch|p2a: Ninetales|Ninetales, M, shiny|100/100
|-weather|SunnyDay|[from] ability: Drought|[of] p2a: Ninetales
|turn|1
|
|t:|1760321995
|move|p1a: Ogerpon|Swords Dance|p1a: Ogerpon
|-boost|p1a: Ogerpon|atk|2
|move|p2a: Ninetales|Will-O-Wisp|p1a: Ogerpon
|-status|p1a: Ogerpon|brn
|
|-weather|SunnyDay|[upkeep]
|-damage|p1a: Ogerpon|95/100 brn|[from] brn
|upkeep
|turn|2
|
|t:|1760322006
|move|p1a: Ogerpon|Swords Dance|p1a: Ogerpon
|-boost|p1a: Ogerpon|atk|2
|move|p2a: Ninetales|Weather Ball|p1a: Ogerpon
|-supereffective|p1a: Ogerpon
|-damage|p1a: Ogerpon|0 fnt
|faint|p1a: Ogerpon
|
|-weather|SunnyDay|[upkeep]
|upkeep
|
|t:|1760322011
|switch|p1a: Thundurus|Thundurus, M|100/100
|turn|3
|
|t:|1760322017
|move|p1a: Thundurus|Nasty Plot|p1a: Thundurus
|-boost|p1a: Thundurus|spa|2
|move|p2a: Ninetales|Encore|p1a: Thundurus
|-start|p1a: Thundurus|Encore
|
|-weather|SunnyDay|[upkeep]
|upkeep
|turn|4
|
|t:|1760322037
|switch|p1a: Bastiodon|Bastiodon, F|100/100
|switch|p2a: Great Tusk|Great Tusk, shiny|100/100
|-activate|p2a: Great Tusk|ability: Protosynthesis
|-start|p2a: Great Tusk|protosynthesisspe
|
|-weather|SunnyDay|[upkeep]
|upkeep
|turn|5
|
|t:|1760322053
|move|p2a: Great Tusk|Stealth Rock|p1a: Bastiodon
|-sidestart|p1: randomfilipinoguy|move: Stealth Rock
|move|p1a: Bastiodon|Metal Burst||[still]
|-fail|p1a: Bastiodon
|
|-weather|SunnyDay|[upkeep]
|upkeep
|turn|6
|inactive|Icesta has 120 seconds left.
|inactive|randomfilipinoguy has 120 seconds left.
|
|t:|1760322085
|move|p2a: Great Tusk|Headlong Rush|p1a: Bastiodon
|-supereffective|p1a: Bastiodon
|-ability|p1a: Bastiodon|Sturdy
|-damage|p1a: Bastiodon|1/100
|-unboost|p2a: Great Tusk|def|1
|-unboost|p2a: Great Tusk|spd|1
|move|p1a: Bastiodon|Metal Burst|p2a: Great Tusk
|-damage|p2a: Great Tusk|0 fnt
|faint|p2a: Great Tusk
|-end|p2a: Great Tusk|Protosynthesis|[silent]
|
|-weather|SunnyDay|[upkeep]
|-heal|p1a: Bastiodon|7/100|[from] item: Leftovers
|upkeep
|inactive|Icesta has 120 seconds left.
|
|t:|1760322110
|switch|p2a: Iron Moth|Iron Moth, shiny|100/100
|-enditem|p2a: Iron Moth|Booster Energy
|-activate|p2a: Iron Moth|ability: Quark Drive|[fromitem]
|-start|p2a: Iron Moth|quarkdrivespa
|turn|7
|
|t:|1760322117
|move|p2a: Iron Moth|Fiery Dance|p1a: Bastiodon
|-damage|p1a: Bastiodon|0 fnt
|-boost|p2a: Iron Moth|spa|1
|faint|p1a: Bastiodon
|
|-weather|SunnyDay|[upkeep]
|upkeep
|
|t:|1760322119
|switch|p1a: Cinderace|Cinderace, F|100/100
|turn|8
|inactive|Icesta has 120 seconds left.
|
|t:|1760322131
|move|p1a: Cinderace|Court Change|p1a: Cinderace
|-start|p1a: Cinderace|typechange|Normal|[from] ability: Libero
|-swapsideconditions
|-activate|p1a: Cinderace|move: Court Change
|move|p2a: Iron Moth|Sludge Wave|p1a: Cinderace
|-damage|p1a: Cinderace|0 fnt
|faint|p1a: Cinderace
|
|-weather|none
|upkeep
|
|t:|1760322147
|switch|p1a: Ribombee|Ribombee, F|100/100
|turn|9
|
|t:|1760322149
|move|p1a: Ribombee|Quiver Dance|p1a: Ribombee
|-boost|p1a: Ribombee|spa|1
|-boost|p1a: Ribombee|spd|1
|-boost|p1a: Ribombee|spe|1
|move|p2a: Iron Moth|Fiery Dance|p1a: Ribombee
|-supereffective|p1a: Ribombee
|-enditem|p1a: Ribombee|Focus Sash
|-damage|p1a: Ribombee|1/100
|-boost|p2a: Iron Moth|spa|1
|
|upkeep
|turn|10
|
|t:|1760322154
|-terastallize|p1a: Ribombee|Psychic
|move|p1a: Ribombee|Stored Power|p2a: Iron Moth
|-supereffective|p2a: Iron Moth
|-damage|p2a: Iron Moth|0 fnt
|faint|p2a: Iron Moth
|-end|p2a: Iron Moth|Quark Drive|[silent]
|
|upkeep
|
|t:|1760322169
|switch|p2a: Ninetales|Ninetales, M, shiny|100/100
|-damage|p2a: Ninetales|76/100|[from] Stealth Rock
|-weather|SunnyDay|[from] ability: Drought|[of] p2a: Ninetales
|turn|11
|
|t:|1760322181
|move|p1a: Ribombee|Stored Power|p2a: Ninetales
|-damage|p2a: Ninetales|29/100
|move|p2a: Ninetales|Encore|p1a: Ribombee
|-start|p1a: Ribombee|Encore
|
|-weather|SunnyDay|[upkeep]
|upkeep
|turn|12
|inactive|Icesta has 120 seconds left.
|
|t:|1760322230
|switch|p2a: Comfey|Comfey, F, shiny|100/100
|-damage|p2a: Comfey|88/100|[from] Stealth Rock
|move|p1a: Ribombee|Stored Power|p2a: Comfey
|-damage|p2a: Comfey|40/100
|
|-weather|SunnyDay|[upkeep]
|upkeep
|turn|13
|
|t:|1760322241
|move|p2a: Comfey|Draining Kiss|p1a: Ribombee
|-damage|p1a: Ribombee|0 fnt
|-heal|p2a: Comfey|40/100|[from] drain|[of] p1a: Ribombee
|faint|p1a: Ribombee
|-damage|p2a: Comfey|30/100|[from] item: Life Orb
|
|-weather|SunnyDay|[upkeep]
|upkeep
|
|t:|1760322264
|switch|p1a: Indeedee|Indeedee, M|100/100
|-fieldstart|move: Psychic Terrain|[from] ability: Psychic Surge|[of] p1a: Indeedee
|turn|14
|inactive|Icesta has 120 seconds left.
|
|t:|1760322282
|move|p1a: Indeedee|Calm Mind|p1a: Indeedee
|-boost|p1a: Indeedee|spa|1
|-boost|p1a: Indeedee|spd|1
|move|p2a: Comfey|Growth|p2a: Comfey
|-boost|p2a: Comfey|atk|2
|-boost|p2a: Comfey|spa|2
|
|-weather|SunnyDay|[upkeep]
|upkeep
|turn|15
|
|t:|1760322295
|move|p2a: Comfey|Draining Kiss|p1a: Indeedee
|-activate|p1a: Indeedee|move: Psychic Terrain
|move|p1a: Indeedee|Expanding Force|p2a: Comfey
|-damage|p2a: Comfey|0 fnt
|faint|p2a: Comfey
|
|-weather|SunnyDay|[upkeep]
|upkeep
|inactive|Icesta has 120 seconds left.
|
|t:|1760322308
|switch|p2a: Walking Wake|Walking Wake|100/100
|-damage|p2a: Walking Wake|88/100|[from] Stealth Rock
|-activate|p2a: Walking Wake|ability: Protosynthesis
|-start|p2a: Walking Wake|protosynthesisspe
|turn|16
|
|t:|1760322327
|move|p2a: Walking Wake|Knock Off|p1a: Indeedee
|-supereffective|p1a: Indeedee
|-damage|p1a: Indeedee|26/100
|-enditem|p1a: Indeedee|Terrain Extender|[from] move: Knock Off|[of] p2a: Walking Wake
|move|p1a: Indeedee|Calm Mind|p1a: Indeedee
|-boost|p1a: Indeedee|spa|1
|-boost|p1a: Indeedee|spd|1
|
|-weather|SunnyDay|[upkeep]
|upkeep
|turn|17
|
|t:|1760322333
|move|p2a: Walking Wake|Knock Off|p1a: Indeedee
|-supereffective|p1a: Indeedee
|-damage|p1a: Indeedee|0 fnt
|faint|p1a: Indeedee
|
|-weather|SunnyDay|[upkeep]
|upkeep
|
|t:|1760322334
|switch|p1a: Thundurus|Thundurus, M|100/100
|turn|18
|
|t:|1760322340
|move|p1a: Thundurus|Nasty Plot|p1a: Thundurus
|-boost|p1a: Thundurus|spa|2
|move|p2a: Walking Wake|Hydro Steam|p1a: Thundurus
|-damage|p1a: Thundurus|28/100
|
|-weather|none
|-end|p2a: Walking Wake|Protosynthesis
|upkeep
|turn|19
|
|t:|1760322346
|move|p1a: Thundurus|Thunderbolt|p2a: Walking Wake
|-damage|p2a: Walking Wake|28/100
|-status|p2a: Walking Wake|par
|cant|p2a: Walking Wake|par
|
|upkeep
|turn|20
|
|t:|1760322349
|move|p1a: Thundurus|Thunderbolt|p2a: Walking Wake
|-damage|p2a: Walking Wake|0 fnt
|faint|p2a: Walking Wake
|-end|p2a: Walking Wake|Protosynthesis|[silent]
|
|upkeep
|
|t:|1760322351
|switch|p2a: Ninetales|Ninetales, M, shiny|29/100
|-damage|p2a: Ninetales|4/100|[from] Stealth Rock
|-weather|SunnyDay|[from] ability: Drought|[of] p2a: Ninetales
|turn|21
|
|t:|1760322359
|move|p1a: Thundurus|Thunderbolt|p2a: Ninetales
|-damage|p2a: Ninetales|0 fnt
|faint|p2a: Ninetales
|
|-weather|SunnyDay|[upkeep]
|-fieldend|move: Psychic Terrain
|upkeep
|
|t:|1760322360
|switch|p2a: Whimsicott|Whimsicott, F, shiny|100/100
|-damage|p2a: Whimsicott|88/100|[from] Stealth Rock
|turn|22
|
|t:|1760322363
|-terastallize|p2a: Whimsicott|Ghost
|move|p2a: Whimsicott|Shadow Ball|p1a: Thundurus
|-crit|p1a: Thundurus
|-damage|p1a: Thundurus|0 fnt
|faint|p1a: Thundurus
|-damage|p2a: Whimsicott|78/100|[from] item: Life Orb
|
|win|Icesta
|raw|randomfilipinoguy's rating: 1180 &rarr; <strong>1160</strong><br />(-20 for losing)
|raw|Icesta's rating: 1244 &rarr; <strong>1264</strong><br />(+20 for winning)
|l|☆randomfilipinoguy
|player|p1|
|l|‽Icesta
|player|p2|
|j|‽Icesta
|player|p2|Icesta|266|
|n|‽Icesta|icesta
|n|‽Icesta|icesta
|l|‽Icesta
|player|p2|
