|j|‽universe mon
|j|☆Spyro190 testing
|t:|1760381492
|gametype|singles
|player|p1|universe mon|li|1652
|player|p2|Spyro190 testing|bugcatcher-gen4dp|1638
|gen|9
|tier|[Gen 9] OU
|rated|
|rule|HP Percentage Mod: HP is shown in percentages
|rule|Endless Battle Clause: Forcing endless battles is banned
|rule|Species Clause: Limit one of each Pokémon
|rule|OHKO Clause: OHKO moves are banned
|rule|Evasion Items Clause: Evasion items are banned
|rule|Evasion Moves Clause: Evasion moves are banned
|rule|Evasion Abilities Clause: Evasion abilities are banned
|rule|Sleep Moves Clause: Sleep-inducing moves are banned
|clearpoke
|poke|p1|Ninetales-Alola, M|
|poke|p1|Klefki, M|
|poke|p1|Latias, F|
|poke|p1|Maushold-Four|
|poke|p1|Ogerpon-Wellspring, F|
|poke|p1|Necrozma|
|poke|p2|Enamorus, F|
|poke|p2|Slowking-Galar, F|
|poke|p2|Cinderace, M|
|poke|p2|Alomomola, M|
|poke|p2|Lokix, M|
|poke|p2|Great Tusk|
|teampreview
|inactive|Battle timer is ON: inactive players will automatically lose when time's up. (requested by universe mon)
|
|t:|1760381505
|teamsize|p1|6
|teamsize|p2|6
|start
|switch|p1a: Klefki|Klefki, M|100/100
|switch|p2a: Cinderace|Cinderace, M|100/100
|turn|1
|
|t:|1760381508
|move|p1a: Klefki|Reflect|p1a: Klefki
|-sidestart|p1: universe mon|Reflect
|move|p2a: Cinderace|Pyro Ball|p1a: Klefki
|-supereffective|p1a: Klefki
|-damage|p1a: Klefki|49/100
|
|upkeep
|turn|2
|
|t:|1760381517
|move|p1a: Klefki|Thunder Wave|p2a: Cinderace
|-status|p2a: Cinderace|par
|move|p2a: Cinderace|Court Change|p2a: Cinderace
|-swapsideconditions
|-activate|p2a: Cinderace|move: Court Change
|
|upkeep
|turn|3
|
|t:|1760381522
|move|p1a: Klefki|Reflect|p1a: Klefki
|-sidestart|p1: universe mon|Reflect
|cant|p2a: Cinderace|par
|
|upkeep
|turn|4
|
|t:|1760381526
|switch|p1a: Latias|Latias, F|100/100
|move|p2a: Cinderace|Pyro Ball|p1a: Latias
|-resisted|p1a: Latias
|-damage|p1a: Latias|90/100
|
|upkeep
|turn|5
|
|t:|1760381533
|switch|p2a: Slowking|Slowking-Galar, F|100/100
|move|p1a: Latias|Agility|p1a: Latias
|-boost|p1a: Latias|spe|2
|
|upkeep
|turn|6
|
|t:|1760381544
|-terastallize|p1a: Latias|Steel
|move|p1a: Latias|Calm Mind|p1a: Latias
|-boost|p1a: Latias|spa|1
|-boost|p1a: Latias|spd|1
|move|p2a: Slowking|Sludge Bomb|p1a: Latias
|-immune|p1a: Latias
|
|upkeep
|turn|7
|
|t:|1760381551
|move|p1a: Latias|Calm Mind|p1a: Latias
|-boost|p1a: Latias|spa|1
|-boost|p1a: Latias|spd|1
|-prepare|p2a: Slowking|Chilly Reception|[premajor]
|move|p2a: Slowking|Chilly Reception|p2a: Slowking
|-weather|Snowscape
|
|t:|1760381558
|switch|p2a: Enamorus|Enamorus, F|100/100|[from] Chilly Reception
|
|-weather|Snowscape|[upkeep]
|upkeep
|turn|8
|
|t:|1760381566
|switch|p2a: Lokix|Lokix, M|100/100
|move|p1a: Latias|Stored Power|p2a: Lokix
|-immune|p2a: Lokix
|
|-weather|Snowscape|[upkeep]
|-sideend|p2: Spyro190 testing|Reflect
|upkeep
|turn|9
|
|t:|1760381571
|switch|p2a: Slowking|Slowking-Galar, F|100/100
|move|p1a: Latias|Aura Sphere|p2a: Slowking
|-resisted|p2a: Slowking
|-damage|p2a: Slowking|90/100
|
|-weather|Snowscape|[upkeep]
|upkeep
|turn|10
|
|t:|1760381577
|move|p1a: Latias|Calm Mind|p1a: Latias
|-boost|p1a: Latias|spa|1
|-boost|p1a: Latias|spd|1
|-prepare|p2a: Slowking|Chilly Reception|[premajor]
|move|p2a: Slowking|Chilly Reception|p2a: Slowking
|
|t:|1760381583
|switch|p2a: Lokix|Lokix, M|100/100|[from] Chilly Reception
|
|-weather|Snowscape|[upkeep]
|-sideend|p1: universe mon|Reflect
|upkeep
|turn|11
|
|t:|1760381585
|-terastallize|p2a: Lokix|Bug
|move|p2a: Lokix|First Impression|p1a: Latias
|-resisted|p1a: Latias
|-damage|p1a: Latias|5/100
|move|p1a: Latias|Aura Sphere|p2a: Lokix
|-resisted|p2a: Lokix
|-damage|p2a: Lokix|42/100
|
|-weather|none
|upkeep
|turn|12
|
|t:|1760381598
|switch|p2a: Slowking|Slowking-Galar, F|100/100
|move|p1a: Latias|Stored Power|p2a: Slowking
|-damage|p2a: Slowking|0 fnt
|faint|p2a: Slowking
|
|upkeep
|
|t:|1760381609
|switch|p2a: Lokix|Lokix, M, tera:Bug|42/100
|turn|13
|
|t:|1760381611
|move|p2a: Lokix|First Impression|p1a: Latias
|-resisted|p1a: Latias
|-damage|p1a: Latias|0 fnt
|faint|p1a: Latias
|
|upkeep
|
|t:|1760381612
|switch|p1a: Maushold|Maushold-Four|100/100
|turn|14
|
|t:|1760381619
|switch|p2a: Alomomola|Alomomola, M|100/100
|move|p1a: Maushold|Tidy Up|p1a: Maushold
|-boost|p1a: Maushold|atk|1
|-boost|p1a: Maushold|spe|1
|
|upkeep
|turn|15
|
|t:|1760381625
|move|p1a: Maushold|Population Bomb|p2a: Alomomola
|-damage|p2a: Alomomola|86/100
|-damage|p2a: Alomomola|73/100
|-damage|p2a: Alomomola|59/100
|-damage|p2a: Alomomola|45/100
|-damage|p2a: Alomomola|30/100
|-damage|p2a: Alomomola|15/100
|-damage|p2a: Alomomola|0 fnt
|faint|p2a: Alomomola
|-hitcount|p2: Alomomola|7
|
|upkeep
|
|t:|1760381630
|switch|p2a: Lokix|Lokix, M, tera:Bug|42/100
|turn|16
|
|t:|1760381632
|switch|p1a: Klefki|Klefki, M|49/100
|move|p2a: Lokix|First Impression|p1a: Klefki
|-resisted|p1a: Klefki
|-damage|p1a: Klefki|5/100
|
|upkeep
|turn|17
|
|t:|1760381639
|switch|p2a: Cinderace|Cinderace, M|100/100 par
|move|p1a: Klefki|Reflect|p1a: Klefki
|-sidestart|p1: universe mon|Reflect
|
|upkeep
|turn|18
|
|t:|1760381646
|move|p1a: Klefki|Light Screen|p1a: Klefki
|-sidestart|p1: universe mon|move: Light Screen
|move|p2a: Cinderace|Court Change|p2a: Cinderace
|-swapsideconditions
|-activate|p2a: Cinderace|move: Court Change
|
|upkeep
|turn|19
|
|t:|1760381653
|move|p1a: Klefki|Reflect|p1a: Klefki
|-sidestart|p1: universe mon|Reflect
|move|p2a: Cinderace|Pyro Ball|p1a: Klefki
|-supereffective|p1a: Klefki
|-damage|p1a: Klefki|0 fnt
|faint|p1a: Klefki
|
|upkeep
|
|t:|1760381656
|switch|p1a: Ogerpon|Ogerpon-Wellspring, F|100/100
|turn|20
|
|t:|1760381659
|move|p1a: Ogerpon|Ivy Cudgel|p2a: Cinderace|[anim] Ivy Cudgel Water
|-supereffective|p2a: Cinderace
|-damage|p2a: Cinderace|17/100 par
|move|p2a: Cinderace|Will-O-Wisp|p1a: Ogerpon
|-status|p1a: Ogerpon|brn
|
|-damage|p1a: Ogerpon|95/100 brn|[from] brn
|upkeep
|turn|21
|
|t:|1760381664
|move|p1a: Ogerpon|Ivy Cudgel|p2a: Cinderace|[anim] Ivy Cudgel Water
|-supereffective|p2a: Cinderace
|-damage|p2a: Cinderace|0 fnt
|faint|p2a: Cinderace
|
|-damage|p1a: Ogerpon|89/100 brn|[from] brn
|upkeep
|
|t:|1760381671
|switch|p2a: Enamorus|Enamorus, F|100/100
|turn|22
|
|t:|1760381674
|move|p2a: Enamorus|Moonblast|p1a: Ogerpon
|-damage|p1a: Ogerpon|27/100 brn
|move|p1a: Ogerpon|Trailblaze|p2a: Enamorus
|-resisted|p2a: Enamorus
|-damage|p2a: Enamorus|94/100
|-boost|p1a: Ogerpon|spe|1
|
|-damage|p1a: Ogerpon|21/100 brn|[from] brn
|upkeep
|turn|23
|
|t:|1760381682
|move|p2a: Enamorus|Moonblast|p1a: Ogerpon
|-damage|p1a: Ogerpon|0 fnt
|faint|p1a: Ogerpon
|
|upkeep
|
|t:|1760381685
|switch|p1a: Ninetales|Ninetales-Alola, M|100/100
|-weather|Snowscape|[from] ability: Snow Warning|[of] p1a: Ninetales
|turn|24
|
|t:|1760381689
|move|p2a: Enamorus|Moonblast|p1a: Ninetales
|-damage|p1a: Ninetales|37/100
|move|p1a: Ninetales|Aurora Veil|p1a: Ninetales
|-sidestart|p1: universe mon|move: Aurora Veil
|
|-weather|Snowscape|[upkeep]
|-sideend|p2: Spyro190 testing|Reflect
|upkeep
|turn|25
|
|t:|1760381694
|move|p2a: Enamorus|Moonblast|p1a: Ninetales
|-damage|p1a: Ninetales|6/100
|-unboost|p1a: Ninetales|spa|1
|move|p1a: Ninetales|Freeze-Dry|p2a: Enamorus
|-supereffective|p2a: Enamorus
|-damage|p2a: Enamorus|76/100
|
|-weather|Snowscape|[upkeep]
|-sideend|p2: Spyro190 testing|move: Light Screen
|upkeep
|turn|26
|
|t:|1760381701
|move|p2a: Enamorus|Moonblast|p1a: Ninetales
|-damage|p1a: Ninetales|0 fnt
|faint|p1a: Ninetales
|
|-weather|Snowscape|[upkeep]
|-sideend|p1: universe mon|Reflect
|upkeep
|
|t:|1760381702
|switch|p1a: Maushold|Maushold-Four|100/100
|turn|27
|
|t:|1760381704
|move|p2a: Enamorus|Moonblast|p1a: Maushold
|-damage|p1a: Maushold|60/100
|move|p1a: Maushold|Population Bomb|p2a: Enamorus
|-damage|p2a: Enamorus|58/100
|-damage|p2a: Enamorus|38/100
|-damage|p2a: Enamorus|20/100
|-damage|p2a: Enamorus|0 fnt
|faint|p2a: Enamorus
|-hitcount|p2: Enamorus|4
|
|-weather|Snowscape|[upkeep]
|upkeep
|
|t:|1760381712
|switch|p2a: Great Tusk|Great Tusk|100/100
|turn|28
|
|t:|1760381714
|move|p1a: Maushold|Tidy Up|p1a: Maushold
|-boost|p1a: Maushold|atk|1
|-boost|p1a: Maushold|spe|1
|move|p2a: Great Tusk|Rapid Spin|p1a: Maushold
|-damage|p1a: Maushold|49/100
|-boost|p2a: Great Tusk|spe|1
|
|-weather|none
|upkeep
|turn|29
|
|t:|1760381722
|move|p1a: Maushold|Population Bomb|p2a: Great Tusk
|-damage|p2a: Great Tusk|91/100
|-damage|p2a: Great Tusk|82/100
|-damage|p2a: Great Tusk|73/100
|-damage|p2a: Great Tusk|64/100
|-damage|p2a: Great Tusk|53/100
|-damage|p2a: Great Tusk|44/100
|-damage|p2a: Great Tusk|34/100
|-damage|p2a: Great Tusk|24/100
|-damage|p2a: Great Tusk|14/100
|-damage|p2a: Great Tusk|4/100
|-hitcount|p2a: Great Tusk|10
|move|p2a: Great Tusk|Knock Off|p1a: Maushold
|-damage|p1a: Maushold|31/100
|-enditem|p1a: Maushold|Wide Lens|[from] move: Knock Off|[of] p2a: Great Tusk
|
|-heal|p2a: Great Tusk|11/100|[from] item: Leftovers
|upkeep
|turn|30
|
|t:|1760381728
|move|p1a: Maushold|Bite|p2a: Great Tusk
|-resisted|p2a: Great Tusk
|-damage|p2a: Great Tusk|1/100
|move|p2a: Great Tusk|Rapid Spin|p1a: Maushold
|-damage|p1a: Maushold|22/100
|-boost|p2a: Great Tusk|spe|1
|
|-heal|p2a: Great Tusk|7/100|[from] item: Leftovers
|upkeep
|turn|31
|
|t:|1760381732
|move|p2a: Great Tusk|Earthquake|p1a: Maushold
|-damage|p1a: Maushold|0 fnt
|faint|p1a: Maushold
|
|-heal|p2a: Great Tusk|13/100|[from] item: Leftovers
|-sideend|p1: universe mon|move: Aurora Veil
|upkeep
|
|t:|1760381733
|switch|p1a: Necrozma|Necrozma|100/100
|turn|32
|inactive|universe mon has 120 seconds left.
|inactive|universe mon has 90 seconds left.
|
|t:|1760381800
|move|p2a: Great Tusk|Knock Off|p1a: Necrozma
|-supereffective|p1a: Necrozma
|-damage|p1a: Necrozma|56/100
|-enditem|p1a: Necrozma|Leftovers|[from] move: Knock Off|[of] p2a: Great Tusk
|move|p1a: Necrozma|Photon Geyser|p2a: Great Tusk
|-supereffective|p2a: Great Tusk
|-damage|p2a: Great Tusk|0 fnt
|faint|p2a: Great Tusk
|-end|p2a: Great Tusk|Protosynthesis|[silent]
|
|upkeep
|
|t:|1760381812
|switch|p2a: Lokix|Lokix, M, tera:Bug|42/100
|turn|33
|inactive|universe mon has 90 seconds left.
|-message|universe mon forfeited.
|
|win|Spyro190 testing
|raw|universe mon's rating: 1652 &rarr; <strong>1631</strong><br />(-21 for losing)
|raw|Spyro190 testing's rating: 1638 &rarr; <strong>1659</strong><br />(+21 for winning)
|l|‽universe mon
|player|p1|
