|j|☆ratclaw
|j|☆mandude476
|t:|1760411456
|gametype|singles
|player|p1|ratclaw|skyla|1351
|player|p2|mandude476|ghetsis|1338
|gen|9
|tier|[Gen 9] OU
|rated|
|rule|HP Percentage Mod: HP is shown in percentages
|rule|Endless Battle Clause: Forcing endless battles is banned
|rule|Species Clause: Limit one of each Pokémon
|rule|OHKO Clause: OHKO moves are banned
|rule|Evasion Items Clause: Evasion items are banned
|rule|Evasion Moves Clause: Evasion moves are banned
|rule|Evasion Abilities Clause: Evasion abilities are banned
|rule|Sleep Moves Clause: Sleep-inducing moves are banned
|clearpoke
|poke|p1|Arboliva, F|
|poke|p1|Moltres|
|poke|p1|Ogerpon-Wellspring, F|
|poke|p1|Iron Treads|
|poke|p1|Dragapult, F|
|poke|p1|Zamazenta-*|
|poke|p2|Ribombee, F|
|poke|p2|Gliscor, F|
|poke|p2|Gholdengo|
|poke|p2|Arcanine-Hisui, F|
|poke|p2|Samurott-Hisui, F|
|poke|p2|Slowking-Galar, M|
|teampreview
|
|t:|1760411460
|teamsize|p1|6
|teamsize|p2|6
|start
|switch|p1a: Iron Treads|Iron Treads|100/100
|switch|p2a: Samurott|Samurott-Hisui, F|100/100
|turn|1
|
|t:|1760411465
|move|p2a: Samurott|Flip Turn|p1a: Iron Treads
|-supereffective|p1a: Iron Treads
|-damage|p1a: Iron Treads|60/100
|
|t:|1760411467
|switch|p2a: Gliscor|Gliscor, F|100/100|[from] Flip Turn
|move|p1a: Iron Treads|Volt Switch|p2a: Gliscor
|-immune|p2a: Gliscor
|
|-status|p2a: Gliscor|tox|[from] item: Toxic Orb
|upkeep
|turn|2
|
|t:|1760411472
|-end|p1a: Iron Treads|Quark Drive|[silent]
|switch|p1a: Arboliva|Arboliva, F|100/100
|move|p2a: Gliscor|Protect||[still]
|-fail|p2a: Gliscor
|
|upkeep
|turn|3
|
|t:|1760411478
|move|p2a: Gliscor|Stealth Rock|p1a: Arboliva
|-sidestart|p1: ratclaw|move: Stealth Rock
|move|p1a: Arboliva|Hyper Voice|p2a: Gliscor
|-damage|p2a: Gliscor|55/100 tox
|
|-heal|p2a: Gliscor|67/100 tox|[from] ability: Poison Heal
|upkeep
|turn|4
|
|t:|1760411486
|switch|p2a: Arcanine|Arcanine-Hisui, F|100/100
|move|p1a: Arboliva|Leaf Storm|p2a: Arcanine
|-damage|p2a: Arcanine|10/100
|-unboost|p1a: Arboliva|spa|2
|
|upkeep
|turn|5
|
|t:|1760411494
|switch|p1a: Dragapult|Dragapult, F|100/100
|move|p2a: Arcanine|Head Smash|p1a: Dragapult|[miss]
|-miss|p2a: Arcanine|p1a: Dragapult
|
|upkeep
|turn|6
|
|t:|1760411499
|switch|p2a: Ribombee|Ribombee, F|100/100
|move|p1a: Dragapult|Hex|p2a: Ribombee
|-damage|p2a: Ribombee|62/100
|
|upkeep
|turn|7
|
|t:|1760411504
|move|p1a: Dragapult|U-turn|p2a: Ribombee
|-resisted|p2a: Ribombee
|-damage|p2a: Ribombee|48/100
|
|t:|1760411506
|switch|p1a: Iron Treads|Iron Treads|60/100|[from] U-turn
|-damage|p1a: Iron Treads|57/100|[from] Stealth Rock
|move|p2a: Ribombee|Sticky Web|p1a: Iron Treads
|-sidestart|p1: ratclaw|move: Sticky Web
|
|upkeep
|turn|8
|
|t:|1760411512
|switch|p2a: Gholdengo|Gholdengo|100/100
|move|p1a: Iron Treads|Iron Head|p2a: Gholdengo
|-resisted|p2a: Gholdengo
|-damage|p2a: Gholdengo|83/100
|
|upkeep
|turn|9
|
|t:|1760411518
|-terastallize|p2a: Gholdengo|Ghost
|move|p2a: Gholdengo|Shadow Ball|p1a: Iron Treads
|-damage|p1a: Iron Treads|11/100
|move|p1a: Iron Treads|High Horsepower|p2a: Gholdengo
|-damage|p2a: Gholdengo|40/100
|
|upkeep
|turn|10
|
|t:|1760411524
|-end|p1a: Iron Treads|Quark Drive|[silent]
|switch|p1a: Arboliva|Arboliva, F|100/100
|-damage|p1a: Arboliva|88/100|[from] Stealth Rock
|-activate|p1a: Arboliva|move: Sticky Web
|-unboost|p1a: Arboliva|spe|1
|move|p2a: Gholdengo|Shadow Ball|p1a: Arboliva
|-immune|p1a: Arboliva
|
|-heal|p1a: Arboliva|94/100|[from] item: Leftovers
|upkeep
|turn|11
|
|t:|1760411528
|switch|p2a: Slowking|Slowking-Galar, M|100/100
|move|p1a: Arboliva|Leaf Storm|p2a: Slowking
|-resisted|p2a: Slowking
|-damage|p2a: Slowking|78/100
|-unboost|p1a: Arboliva|spa|2
|
|-heal|p1a: Arboliva|99/100|[from] item: Leftovers
|upkeep
|turn|12
|
|t:|1760411536
|switch|p1a: Dragapult|Dragapult, F|100/100
|-prepare|p2a: Slowking|Chilly Reception|[premajor]
|move|p2a: Slowking|Chilly Reception|p2a: Slowking
|-weather|Snowscape
|
|t:|1760411540
|switch|p2a: Samurott|Samurott-Hisui, F|100/100|[from] Chilly Reception
|
|-weather|Snowscape|[upkeep]
|upkeep
|turn|13
|
|t:|1760411547
|switch|p1a: Zamazenta|Zamazenta|100/100
|-damage|p1a: Zamazenta|94/100|[from] Stealth Rock
|-activate|p1a: Zamazenta|move: Sticky Web
|-unboost|p1a: Zamazenta|spe|1
|-ability|p1a: Zamazenta|Dauntless Shield|boost
|-boost|p1a: Zamazenta|def|1
|move|p2a: Samurott|Ceaseless Edge|p1a: Zamazenta
|-resisted|p1a: Zamazenta
|-damage|p1a: Zamazenta|83/100
|-sidestart|p1: ratclaw|Spikes
|
|-weather|Snowscape|[upkeep]
|-heal|p1a: Zamazenta|89/100|[from] item: Leftovers
|upkeep
|turn|14
|
|t:|1760411553
|switch|p2a: Ribombee|Ribombee, F|48/100
|move|p1a: Zamazenta|Substitute|p1a: Zamazenta
|-start|p1a: Zamazenta|Substitute
|-damage|p1a: Zamazenta|64/100
|
|-weather|Snowscape|[upkeep]
|-heal|p1a: Zamazenta|70/100|[from] item: Leftovers
|upkeep
|turn|15
|
|t:|1760411556
|move|p2a: Ribombee|Moonblast|p1a: Zamazenta
|-supereffective|p1a: Zamazenta
|-end|p1a: Zamazenta|Substitute
|move|p1a: Zamazenta|Heavy Slam|p2a: Ribombee
|-supereffective|p2a: Ribombee
|-damage|p2a: Ribombee|0 fnt
|faint|p2a: Ribombee
|
|-weather|Snowscape|[upkeep]
|-heal|p1a: Zamazenta|77/100|[from] item: Leftovers
|upkeep
|
|t:|1760411558
|switch|p2a: Gholdengo|Gholdengo, tera:Ghost|40/100
|turn|16
|
|t:|1760411564
|move|p2a: Gholdengo|Trick|p1a: Zamazenta
|-activate|p2a: Gholdengo|move: Trick|[of] p1a: Zamazenta
|-item|p1a: Zamazenta|Choice Scarf|[from] move: Trick
|-item|p2a: Gholdengo|Leftovers|[from] move: Trick
|move|p1a: Zamazenta|Heavy Slam|p2a: Gholdengo
|-damage|p2a: Gholdengo|2/100
|
|-weather|none
|-heal|p2a: Gholdengo|8/100|[from] item: Leftovers
|upkeep
|turn|17
|
|t:|1760411575
|switch|p2a: Gliscor|Gliscor, F|67/100 tox
|move|p1a: Zamazenta|Heavy Slam|p2a: Gliscor
|-damage|p2a: Gliscor|45/100 tox
|
|-heal|p2a: Gliscor|58/100 tox|[from] ability: Poison Heal
|upkeep
|turn|18
|
|t:|1760411581
|switch|p1a: Arboliva|Arboliva, F|99/100
|-damage|p1a: Arboliva|88/100|[from] Stealth Rock
|-activate|p1a: Arboliva|move: Sticky Web
|-unboost|p1a: Arboliva|spe|1
|-damage|p1a: Arboliva|75/100|[from] Spikes
|move|p2a: Gliscor|Protect||[still]
|-fail|p2a: Gliscor
|
|-heal|p1a: Arboliva|81/100|[from] item: Leftovers
|-heal|p2a: Gliscor|70/100 tox|[from] ability: Poison Heal
|upkeep
|turn|19
|
|t:|1760411585
|switch|p2a: Slowking|Slowking-Galar, M|100/100
|move|p1a: Arboliva|Leaf Storm|p2a: Slowking
|-resisted|p2a: Slowking
|-damage|p2a: Slowking|80/100
|-unboost|p1a: Arboliva|spa|2
|
|-heal|p1a: Arboliva|87/100|[from] item: Leftovers
|upkeep
|turn|20
|
|t:|1760411596
|switch|p1a: Dragapult|Dragapult, F|100/100
|move|p2a: Slowking|Future Sight|p1a: Dragapult
|-start|p2a: Slowking|move: Future Sight
|
|upkeep
|turn|21
|
|t:|1760411605
|move|p1a: Dragapult|U-turn|p2a: Slowking
|-damage|p2a: Slowking|63/100
|
|t:|1760411610
|switch|p1a: Arboliva|Arboliva, F|87/100|[from] U-turn
|-damage|p1a: Arboliva|75/100|[from] Stealth Rock
|-activate|p1a: Arboliva|move: Sticky Web
|-unboost|p1a: Arboliva|spe|1
|-damage|p1a: Arboliva|62/100|[from] Spikes
|-prepare|p2a: Slowking|Chilly Reception|[premajor]
|move|p2a: Slowking|Chilly Reception|p2a: Slowking
|-weather|Snowscape
|
|t:|1760411613
|switch|p2a: Samurott|Samurott-Hisui, F|100/100|[from] Chilly Reception
|
|-weather|Snowscape|[upkeep]
|-heal|p1a: Arboliva|69/100|[from] item: Leftovers
|upkeep
|turn|22
|
|t:|1760411616
|move|p2a: Samurott|Ceaseless Edge|p1a: Arboliva
|-damage|p1a: Arboliva|21/100
|-fieldstart|move: Grassy Terrain|[from] ability: Seed Sower|[of] p1a: Arboliva
|-sidestart|p1: ratclaw|Spikes
|move|p1a: Arboliva|Leaf Storm|p2a: Samurott
|-supereffective|p2a: Samurott
|-damage|p2a: Samurott|0 fnt
|-unboost|p1a: Arboliva|spa|2
|faint|p2a: Samurott
|
|-weather|Snowscape|[upkeep]
|-end|p1a: Arboliva|move: Future Sight
|-damage|p1a: Arboliva|0 fnt
|faint|p1a: Arboliva
|upkeep
|
|t:|1760411627
|switch|p2a: Gholdengo|Gholdengo, tera:Ghost|8/100
|switch|p1a: Dragapult|Dragapult, F|100/100
|turn|23
|
|t:|1760411630
|move|p1a: Dragapult|Hex|p2a: Gholdengo
|-supereffective|p2a: Gholdengo
|-damage|p2a: Gholdengo|0 fnt
|faint|p2a: Gholdengo
|
|-weather|Snowscape|[upkeep]
|upkeep
|-message|mandude476 forfeited.
|
|win|ratclaw
|raw|ratclaw's rating: 1351 &rarr; <strong>1370</strong><br />(+19 for winning)
|raw|mandude476's rating: 1338 &rarr; <strong>1319</strong><br />(-19 for losing)
|l|☆mandude476
|player|p2|
|l|☆ratclaw
|player|p1|
