|j|☆obezer
|j|☆pyrofez
|t:|1760453287
|gametype|singles
|player|p1|obezer|101|1210
|player|p2|pyrofez|102|1180
|gen|9
|tier|[Gen 9] OU
|rated|
|rule|HP Percentage Mod: HP is shown in percentages
|rule|Endless Battle Clause: Forcing endless battles is banned
|rule|Species Clause: Limit one of each Pokémon
|rule|OHKO Clause: OHKO moves are banned
|rule|Evasion Items Clause: Evasion items are banned
|rule|Evasion Moves Clause: Evasion moves are banned
|rule|Evasion Abilities Clause: Evasion abilities are banned
|rule|Sleep Moves Clause: Sleep-inducing moves are banned
|clearpoke
|poke|p1|Veluza, M|
|poke|p1|Hawlucha, M|
|poke|p1|Hatterene, F|
|poke|p1|Indeedee, M|
|poke|p1|Grimmsnarl, M|
|poke|p1|Talonflame, F|
|poke|p2|Ceruledge, M|
|poke|p2|Meowscarada, F|
|poke|p2|Tinkaton, F|
|poke|p2|Rotom-Wash|
|poke|p2|Mandibuzz, F|
|poke|p2|Dragapult, M|
|teampreview
|inactive|Battle timer is ON: inactive players will automatically lose when time's up. (requested by pyrofez)
|inactive|obezer has 120 seconds left.
|
|t:|1760453320
|teamsize|p1|6
|teamsize|p2|6
|start
|switch|p1a: Grimmsnarl|Grimmsnarl, M|100/100
|switch|p2a: Rotom|Rotom-Wash|100/100
|turn|1
|
|t:|1760453331
|move|p1a: Grimmsnarl|Light Screen|p1a: Grimmsnarl
|-sidestart|p1: obezer|move: Light Screen
|move|p2a: Rotom|Volt Switch|p1a: Grimmsnarl
|-damage|p1a: Grimmsnarl|89/100
|
|t:|1760453335
|switch|p2a: Tinkaton|Tinkaton, F|100/100|[from] Volt Switch
|-ability|p2a: Tinkaton|Mold Breaker
|
|upkeep
|turn|2
|
|t:|1760453342
|move|p1a: Grimmsnarl|Taunt|p2a: Tinkaton
|-start|p2a: Tinkaton|move: Taunt
|move|p2a: Tinkaton|Gigaton Hammer|p1a: Grimmsnarl
|-supereffective|p1a: Grimmsnarl
|-damage|p1a: Grimmsnarl|0 fnt
|faint|p1a: Grimmsnarl
|
|upkeep
|
|t:|1760453356
|switch|p1a: Veluza|Veluza, M|100/100
|turn|3
|
|t:|1760453366
|switch|p2a: Mandibuzz|Mandibuzz, F|100/100
|move|p1a: Veluza|Fillet Away|p1a: Veluza
|-boost|p1a: Veluza|atk|2
|-boost|p1a: Veluza|spa|2
|-boost|p1a: Veluza|spe|2
|-damage|p1a: Veluza|50/100
|-enditem|p1a: Veluza|Sitrus Berry|[eat]
|-heal|p1a: Veluza|75/100|[from] item: Sitrus Berry
|
|upkeep
|turn|4
|
|t:|1760453381
|-terastallize|p1a: Veluza|Water
|move|p1a: Veluza|Aqua Cutter|p2a: Mandibuzz
|-crit|p2a: Mandibuzz
|-damage|p2a: Mandibuzz|0 fnt
|faint|p2a: Mandibuzz
|
|upkeep
|
|t:|1760453391
|switch|p2a: Meowscarada|Meowscarada, F|100/100
|turn|5
|
|t:|1760453398
|move|p1a: Veluza|Aqua Cutter|p2a: Meowscarada
|-resisted|p2a: Meowscarada
|-damage|p2a: Meowscarada|1/100
|move|p2a: Meowscarada|Flower Trick|p1a: Veluza
|-start|p2a: Meowscarada|typechange|Grass|[from] ability: Protean
|-supereffective|p1a: Veluza
|-crit|p1a: Veluza
|-damage|p1a: Veluza|0 fnt
|faint|p1a: Veluza
|
|upkeep
|
|t:|1760453422
|switch|p1a: Indeedee|Indeedee, M|100/100
|-fieldstart|move: Psychic Terrain|[from] ability: Psychic Surge|[of] p1a: Indeedee
|turn|6
|
|t:|1760453434
|move|p2a: Meowscarada|Knock Off|p1a: Indeedee
|-supereffective|p1a: Indeedee
|-damage|p1a: Indeedee|0 fnt
|-enditem|p1a: Indeedee|Terrain Extender|[from] move: Knock Off|[of] p2a: Meowscarada
|faint|p1a: Indeedee
|
|upkeep
|
|t:|1760453439
|switch|p1a: Hawlucha|Hawlucha, M|100/100
|-enditem|p1a: Hawlucha|Psychic Seed
|-boost|p1a: Hawlucha|spd|1|[from] item: Psychic Seed
|turn|7
|
|t:|1760453447
|move|p1a: Hawlucha|Acrobatics|p2a: Meowscarada
|-supereffective|p2a: Meowscarada
|-crit|p2a: Meowscarada
|-damage|p2a: Meowscarada|0 fnt
|faint|p2a: Meowscarada
|
|upkeep
|
|t:|1760453456
|switch|p2a: Dragapult|Dragapult, M|100/100
|turn|8
|
|t:|1760453462
|move|p1a: Hawlucha|Substitute|p1a: Hawlucha
|-start|p1a: Hawlucha|Substitute
|-damage|p1a: Hawlucha|76/100
|move|p2a: Dragapult|Thunderbolt|p1a: Hawlucha
|-supereffective|p1a: Hawlucha
|-damage|p1a: Hawlucha|21/100
|
|-sideend|p1: obezer|move: Light Screen
|upkeep
|turn|9
|
|t:|1760453468
|move|p1a: Hawlucha|Acrobatics|p2a: Dragapult
|-damage|p2a: Dragapult|29/100
|move|p2a: Dragapult|Thunderbolt|p1a: Hawlucha
|-supereffective|p1a: Hawlucha
|-damage|p1a: Hawlucha|0 fnt
|faint|p1a: Hawlucha
|
|upkeep
|-message|obezer forfeited.
|
|win|pyrofez
|raw|obezer's rating: 1210 &rarr; <strong>1183</strong><br />(-27 for losing)
|raw|pyrofez's rating: 1180 &rarr; <strong>1207</strong><br />(+27 for winning)
|l|☆obezer
|player|p1|
|l|☆pyrofez
|player|p2|
