|j|☆seethemalldie
|j|☆SAVAG3Racoon
|t:|1760445117
|gametype|singles
|player|p1|seethemalldie|unknown|1306
|player|p2|SAVAG3Racoon|miku-ground|1341
|gen|9
|tier|[Gen 9] OU
|rated|
|rule|HP Percentage Mod: HP is shown in percentages
|rule|Endless Battle Clause: Forcing endless battles is banned
|rule|Species Clause: Limit one of each Pokémon
|rule|OHKO Clause: OHKO moves are banned
|rule|Evasion Items Clause: Evasion items are banned
|rule|Evasion Moves Clause: Evasion moves are banned
|rule|Evasion Abilities Clause: Evasion abilities are banned
|rule|Sleep Moves Clause: Sleep-inducing moves are banned
|clearpoke
|poke|p1|Scizor, M|
|poke|p1|Toxtricity-Low-Key, M|
|poke|p1|Hydreigon, M|
|poke|p1|Iron Valiant|
|poke|p1|Ogerpon-Wellspring, F|
|poke|p1|Arcanine-Hisui, M|
|poke|p2|Keldeo-Resolute|
|poke|p2|Excadrill, F|
|poke|p2|Clodsire, F|
|poke|p2|Sinistcha-Masterpiece|
|poke|p2|Tyranitar, M|
|poke|p2|Kyurem|
|teampreview
|inactive|Battle timer is ON: inactive players will automatically lose when time's up. (requested by seethemalldie)
|
|t:|1760445138
|teamsize|p1|6
|teamsize|p2|6
|start
|switch|p1a: Solid|Scizor, M|100/100
|switch|p2a: Destoroyah|Keldeo-Resolute|100/100
|turn|1
|
|t:|1760445152
|switch|p1a: Berry|Ogerpon-Wellspring, F|100/100
|move|p2a: Destoroyah|Secret Sword|p1a: Berry
|-damage|p1a: Berry|24/100
|-damage|p2a: Destoroyah|91/100|[from] item: Life Orb
|
|upkeep
|turn|2
|
|t:|1760445161
|move|p2a: Destoroyah|Vacuum Wave|p1a: Berry
|-damage|p1a: Berry|0 fnt
|faint|p1a: Berry
|-damage|p2a: Destoroyah|81/100|[from] item: Life Orb
|
|upkeep
|
|t:|1760445169
|switch|p1a: Nite|Iron Valiant, shiny|100/100
|turn|3
|
|t:|1760445180
|switch|p2a: Bagaron|Clodsire, F|100/100
|move|p1a: Nite|Shadow Ball|p2a: Bagaron
|-damage|p2a: Bagaron|72/100
|
|-heal|p2a: Bagaron|78/100|[from] item: Leftovers
|upkeep
|turn|4
|
|t:|1760445207
|-end|p1a: Nite|Quark Drive|[silent]
|switch|p1a: Solid|Scizor, M|100/100
|move|p2a: Bagaron|Toxic|p1a: Solid
|-immune|p1a: Solid
|
|-heal|p2a: Bagaron|85/100|[from] item: Leftovers
|upkeep
|turn|5
|
|t:|1760445215
|move|p1a: Solid|Knock Off|p2a: Bagaron
|-damage|p2a: Bagaron|56/100
|-enditem|p2a: Bagaron|Leftovers|[from] move: Knock Off|[of] p1a: Solid
|move|p2a: Bagaron|Spikes|p1a: Solid
|-sidestart|p1: seethemalldie|Spikes
|
|upkeep
|turn|6
|
|t:|1760445224
|move|p1a: Solid|Defog|p2a: Bagaron
|-unboost|p2a: Bagaron|evasion|1
|-sideend|p1: seethemalldie|Spikes|[from] move: Defog|[of] p1a: Solid
|move|p2a: Bagaron|Recover|p2a: Bagaron
|-heal|p2a: Bagaron|100/100
|
|upkeep
|turn|7
|
|t:|1760445230
|move|p1a: Solid|U-turn|p2a: Bagaron
|-resisted|p2a: Bagaron
|-damage|p2a: Bagaron|85/100
|
|t:|1760445236
|switch|p1a: Trip|Hydreigon, M, shiny|100/100|[from] U-turn
|move|p2a: Bagaron|High Horsepower|p1a: Trip
|-immune|p1a: Trip|[from] ability: Levitate
|
|upkeep
|turn|8
|
|t:|1760445243
|move|p1a: Trip|Taunt|p2a: Bagaron
|-start|p2a: Bagaron|move: Taunt
|cant|p2a: Bagaron|move: Taunt|Toxic
|
|upkeep
|turn|9
|
|t:|1760445248
|switch|p2a: Space Godzilla|Tyranitar, M|100/100
|-weather|Sandstorm|[from] ability: Sand Stream|[of] p2a: Space Godzilla
|move|p1a: Trip|Tailwind|p1a: Trip
|-sidestart|p1: seethemalldie|move: Tailwind
|
|-weather|Sandstorm|[upkeep]
|-damage|p1a: Trip|94/100|[from] Sandstorm
|upkeep
|turn|10
|
|t:|1760445258
|move|p1a: Trip|Earth Power|p2a: Space Godzilla
|-supereffective|p2a: Space Godzilla
|-damage|p2a: Space Godzilla|72/100
|move|p2a: Space Godzilla|Knock Off|p1a: Trip
|-resisted|p1a: Trip
|-damage|p1a: Trip|64/100
|-enditem|p1a: Trip|Eject Pack|[from] move: Knock Off|[of] p2a: Space Godzilla
|
|-weather|Sandstorm|[upkeep]
|-damage|p1a: Trip|58/100|[from] Sandstorm
|upkeep
|turn|11
|
|t:|1760445266
|move|p1a: Trip|Earth Power|p2a: Space Godzilla
|-supereffective|p2a: Space Godzilla
|-damage|p2a: Space Godzilla|46/100
|move|p2a: Space Godzilla|Stone Edge|p1a: Trip
|-damage|p1a: Trip|0 fnt
|faint|p1a: Trip
|
|-weather|Sandstorm|[upkeep]
|upkeep
|
|t:|1760445288
|switch|p1a: Nite|Iron Valiant, shiny|100/100
|turn|12
|
|t:|1760445300
|switch|p2a: Bagaron|Clodsire, F|85/100
|move|p1a: Nite|Moonblast|p2a: Bagaron
|-resisted|p2a: Bagaron
|-damage|p2a: Bagaron|60/100
|
|-weather|Sandstorm|[upkeep]
|-damage|p1a: Nite|94/100|[from] Sandstorm
|-sideend|p1: seethemalldie|move: Tailwind
|upkeep
|turn|13
|
|t:|1760445310
|-end|p1a: Nite|Quark Drive|[silent]
|switch|p1a: Solid|Scizor, M|100/100
|move|p2a: Bagaron|Recover|p2a: Bagaron
|-heal|p2a: Bagaron|100/100
|
|-weather|none
|upkeep
|turn|14
|
|t:|1760445318
|move|p1a: Solid|Bullet Punch|p2a: Bagaron
|-crit|p2a: Bagaron
|-damage|p2a: Bagaron|61/100
|move|p2a: Bagaron|High Horsepower|p1a: Solid
|-damage|p1a: Solid|78/100
|
|upkeep
|turn|15
|
|t:|1760445324
|move|p1a: Solid|Bullet Punch|p2a: Bagaron
|-damage|p2a: Bagaron|35/100
|move|p2a: Bagaron|High Horsepower|p1a: Solid
|-damage|p1a: Solid|54/100
|
|upkeep
|turn|16
|
|t:|1760445331
|move|p1a: Solid|Bullet Punch|p2a: Bagaron
|-damage|p2a: Bagaron|11/100
|move|p2a: Bagaron|Recover|p2a: Bagaron
|-heal|p2a: Bagaron|61/100
|
|upkeep
|turn|17
|
|t:|1760445336
|move|p1a: Solid|Bullet Punch|p2a: Bagaron
|-damage|p2a: Bagaron|35/100
|move|p2a: Bagaron|High Horsepower|p1a: Solid
|-damage|p1a: Solid|29/100
|
|upkeep
|turn|18
|
|t:|1760445345
|move|p1a: Solid|Bullet Punch|p2a: Bagaron
|-damage|p2a: Bagaron|6/100
|move|p2a: Bagaron|Recover|p2a: Bagaron
|-heal|p2a: Bagaron|56/100
|
|upkeep
|turn|19
|
|t:|1760445350
|move|p1a: Solid|Bullet Punch|p2a: Bagaron
|-damage|p2a: Bagaron|30/100
|move|p2a: Bagaron|Recover|p2a: Bagaron
|-heal|p2a: Bagaron|81/100
|
|upkeep
|turn|20
|
|t:|1760445355
|move|p1a: Solid|U-turn|p2a: Bagaron
|-resisted|p2a: Bagaron
|-damage|p2a: Bagaron|65/100
|
|t:|1760445362
|switch|p1a: Nite|Iron Valiant, shiny|94/100|[from] U-turn
|move|p2a: Bagaron|High Horsepower|p1a: Nite
|-damage|p1a: Nite|61/100
|
|upkeep
|turn|21
|
|t:|1760445379
|-end|p1a: Nite|Quark Drive|[silent]
|switch|p1a: Chili|Toxtricity-Low-Key, M|100/100
|move|p2a: Bagaron|Recover|p2a: Bagaron
|-heal|p2a: Bagaron|100/100
|
|upkeep
|turn|22
|
|t:|1760445386
|-terastallize|p1a: Chili|Normal
|move|p1a: Chili|Boomburst|p2a: Bagaron
|-damage|p2a: Bagaron|11/100
|move|p2a: Bagaron|High Horsepower|p1a: Chili
|-damage|p1a: Chili|60/100
|
|upkeep
|turn|23
|
|t:|1760445393
|switch|p2a: Hedorah|Sinistcha-Masterpiece|100/100
|move|p1a: Chili|Boomburst|p2a: Hedorah
|-immune|p2a: Hedorah
|
|upkeep
|turn|24
|
|t:|1760445404
|switch|p1a: Archie|Arcanine-Hisui, M|100/100
|move|p2a: Hedorah|Matcha Gotcha|p1a: Archie|[miss]
|-miss|p2a: Hedorah|p1a: Archie
|
|upkeep
|turn|25
|
|t:|1760445425
|-terastallize|p2a: Hedorah|Dark
|move|p1a: Archie|Head Smash|p2a: Hedorah
|-damage|p2a: Hedorah|54/100
|-damage|p1a: Archie|84/100|[from] item: Rocky Helmet|[of] p2a: Hedorah
|move|p2a: Hedorah|Scald|p1a: Archie
|-supereffective|p1a: Archie
|-damage|p1a: Archie|13/100
|
|upkeep
|turn|26
|
|t:|1760445438
|move|p1a: Archie|Head Smash|p2a: Hedorah
|-damage|p2a: Hedorah|1/100
|-damage|p1a: Archie|0 fnt|[from] item: Rocky Helmet|[of] p2a: Hedorah
|faint|p1a: Archie
|move|p2a: Hedorah|Strength Sap|p1: Archie|[notarget]
|-fail|p2a: Hedorah
|
|upkeep
|
|t:|1760445446
|switch|p1a: Solid|Scizor, M|29/100
|turn|27
|
|t:|1760445449
|move|p1a: Solid|Bullet Punch|p2a: Hedorah
|-damage|p2a: Hedorah|0 fnt
|-damage|p1a: Solid|13/100|[from] item: Rocky Helmet|[of] p2a: Hedorah
|faint|p2a: Hedorah
|
|upkeep
|
|t:|1760445457
|switch|p2a: Space Godzilla|Tyranitar, M|46/100
|-weather|Sandstorm|[from] ability: Sand Stream|[of] p2a: Space Godzilla
|turn|28
|
|t:|1760445461
|move|p1a: Solid|Bullet Punch|p2a: Space Godzilla
|-supereffective|p2a: Space Godzilla
|-damage|p2a: Space Godzilla|3/100
|move|p2a: Space Godzilla|High Horsepower|p1a: Solid
|-damage|p1a: Solid|0 fnt
|faint|p1a: Solid
|
|-weather|Sandstorm|[upkeep]
|upkeep
|
|t:|1760445470
|switch|p1a: Nite|Iron Valiant, shiny|61/100
|turn|29
|
|t:|1760445486
|move|p1a: Nite|Moonblast|p2a: Space Godzilla
|-supereffective|p2a: Space Godzilla
|-damage|p2a: Space Godzilla|0 fnt
|faint|p2a: Space Godzilla
|
|-weather|Sandstorm|[upkeep]
|-damage|p1a: Nite|54/100|[from] Sandstorm
|upkeep
|
|t:|1760445491
|switch|p2a: Megalon|Excadrill, F|100/100
|-item|p2a: Megalon|Air Balloon
|turn|30
|
|t:|1760445511
|-end|p1a: Nite|Quark Drive|[silent]
|switch|p1a: Chili|Toxtricity-Low-Key, M, tera:Normal|60/100
|move|p2a: Megalon|Iron Head|p1a: Chili
|-crit|p1a: Chili
|-damage|p1a: Chili|0 fnt
|faint|p1a: Chili
|
|-weather|Sandstorm|[upkeep]
|upkeep
|
|t:|1760445518
|switch|p1a: Nite|Iron Valiant, shiny|54/100
|turn|31
|
|t:|1760445521
|move|p1a: Nite|Vacuum Wave|p2a: Megalon
|-supereffective|p2a: Megalon
|-damage|p2a: Megalon|18/100
|-enditem|p2a: Megalon|Air Balloon
|move|p2a: Megalon|Iron Head|p1a: Nite
|-supereffective|p1a: Nite
|-damage|p1a: Nite|0 fnt
|faint|p1a: Nite
|-end|p1a: Nite|Quark Drive|[silent]
|
|win|SAVAG3Racoon
|raw|seethemalldie's rating: 1306 &rarr; <strong>1288</strong><br />(-18 for losing)
|raw|SAVAG3Racoon's rating: 1341 &rarr; <strong>1359</strong><br />(+18 for winning)
|l|☆seethemalldie
|player|p1|
|l|☆SAVAG3Racoon
|player|p2|
