|j|☆CourtTre
|j|☆cr aries
|t:|1760428814
|gametype|singles
|player|p1|CourtTre|clair|1402
|player|p2|cr aries|169|1484
|gen|9
|tier|[Gen 9] OU
|rated|
|rule|HP Percentage Mod: HP is shown in percentages
|rule|Endless Battle Clause: Forcing endless battles is banned
|rule|Species Clause: Limit one of each Pokémon
|rule|OHKO Clause: OHKO moves are banned
|rule|Evasion Items Clause: Evasion items are banned
|rule|Evasion Moves Clause: Evasion moves are banned
|rule|Evasion Abilities Clause: Evasion abilities are banned
|rule|Sleep Moves Clause: Sleep-inducing moves are banned
|clearpoke
|poke|p1|Rillaboom, M|
|poke|p1|Primarina, M|
|poke|p1|Cinderace, M|
|poke|p1|Polteageist|
|poke|p1|Serperior, F|
|poke|p1|Smeargle, M|
|poke|p2|Weavile, M|
|poke|p2|Gholdengo|
|poke|p2|Slowking-Galar, M|
|poke|p2|Corviknight, M|
|poke|p2|Sandy Shocks|
|poke|p2|Heatran, M|
|teampreview
|inactive|Battle timer is ON: inactive players will automatically lose when time's up. (requested by CourtTre)
|
|t:|1760428844
|teamsize|p1|6
|teamsize|p2|6
|start
|switch|p1a: Smeargle|Smeargle, M|100/100
|switch|p2a: Weavile|Weavile, M|100/100
|turn|1
|
|t:|1760428854
|move|p2a: Weavile|Triple Axel|p1a: Smeargle
|-damage|p1a: Smeargle|53/100
|-crit|p1a: Smeargle
|-damage|p1a: Smeargle|0 fnt
|faint|p1a: Smeargle
|-hitcount|p1: Smeargle|2
|
|upkeep
|
|t:|1760428859
|switch|p1a: Cinderace|Cinderace, M|100/100
|turn|2
|j| hoverhawk
|l| hoverhawk
|
|t:|1760428879
|switch|p2a: Heatran|Heatran, M|100/100
|move|p1a: Cinderace|U-turn|p2a: Heatran
|-start|p1a: Cinderace|typechange|Bug|[from] ability: Libero
|-resisted|p2a: Heatran
|-damage|p2a: Heatran|96/100
|
|t:|1760428887
|switch|p1a: Primarina|Primarina, M|100/100|[from] U-turn
|
|-heal|p2a: Heatran|100/100|[from] item: Leftovers
|upkeep
|turn|3
|
|t:|1760428893
|move|p2a: Heatran|Protect|p2a: Heatran
|-singleturn|p2a: Heatran|Protect
|move|p1a: Primarina|Surf|p2a: Heatran
|-activate|p2a: Heatran|move: Protect
|
|upkeep
|turn|4
|
|t:|1760428896
|switch|p2a: Slowking|Slowking-Galar, M|100/100
|move|p1a: Primarina|Surf|p2a: Slowking
|-damage|p2a: Slowking|73/100
|
|upkeep
|turn|5
|inactive|cr aries has 120 seconds left.
|
|t:|1760428929
|move|p1a: Primarina|Moonblast|p2a: Slowking
|-resisted|p2a: Slowking
|-damage|p2a: Slowking|57/100
|move|p2a: Slowking|Toxic Spikes|p1a: Primarina
|-sidestart|p1: CourtTre|move: Toxic Spikes
|
|upkeep
|turn|6
|
|t:|1760428942
|move|p1a: Primarina|Moonblast|p2a: Slowking
|-resisted|p2a: Slowking
|-damage|p2a: Slowking|42/100
|-unboost|p2a: Slowking|spa|1
|move|p2a: Slowking|Sludge Bomb|p1a: Primarina
|-supereffective|p1a: Primarina
|-damage|p1a: Primarina|77/100
|-status|p1a: Primarina|psn
|
|-damage|p1a: Primarina|65/100 psn|[from] psn
|upkeep
|turn|7
|
|t:|1760428955
|move|p1a: Primarina|Psychic Noise|p2a: Slowking
|-damage|p2a: Slowking|27/100
|-start|p2a: Slowking|move: Heal Block
|-prepare|p2a: Slowking|Chilly Reception|[premajor]
|move|p2a: Slowking|Chilly Reception|p2a: Slowking
|-weather|Snowscape
|
|t:|1760428964
|switch|p2a: Corviknight|Corviknight, M|100/100|[from] Chilly Reception
|-ability|p2a: Corviknight|Pressure
|
|-weather|Snowscape|[upkeep]
|-damage|p1a: Primarina|52/100 psn|[from] psn
|upkeep
|turn|8
|
|t:|1760428972
|switch|p1a: Cinderace|Cinderace, M|100/100
|move|p2a: Corviknight|Brave Bird|p1a: Cinderace
|-damage|p1a: Cinderace|45/100
|-damage|p2a: Corviknight|87/100|[from] Recoil
|
|-weather|Snowscape|[upkeep]
|upkeep
|turn|9
|
|t:|1760428988
|switch|p2a: Heatran|Heatran, M|100/100
|move|p1a: Cinderace|Court Change|p1a: Cinderace
|-start|p1a: Cinderace|typechange|Normal|[from] ability: Libero
|-swapsideconditions
|-activate|p1a: Cinderace|move: Court Change
|
|-weather|Snowscape|[upkeep]
|upkeep
|turn|10
|
|t:|1760428994
|move|p1a: Cinderace|U-turn|p2a: Heatran
|-resisted|p2a: Heatran
|-damage|p2a: Heatran|97/100
|
|t:|1760428998
|switch|p1a: Primarina|Primarina, M|52/100 psn|[from] U-turn
|move|p2a: Heatran|Stealth Rock|p1a: Primarina
|-sidestart|p1: CourtTre|move: Stealth Rock
|
|-weather|Snowscape|[upkeep]
|-heal|p2a: Heatran|100/100|[from] item: Leftovers
|-damage|p1a: Primarina|40/100 psn|[from] psn
|upkeep
|turn|11
|
|t:|1760429010
|move|p2a: Heatran|Protect|p2a: Heatran
|-singleturn|p2a: Heatran|Protect
|move|p1a: Primarina|Surf|p2a: Heatran
|-activate|p2a: Heatran|move: Protect
|
|-weather|none
|-damage|p1a: Primarina|27/100 psn|[from] psn
|upkeep
|turn|12
|
|t:|1760429019
|switch|p2a: Slowking|Slowking-Galar, M|60/100
|-sideend|p2: cr aries|move: Toxic Spikes|[of] p2a: Slowking
|move|p1a: Primarina|Surf|p2a: Slowking
|-damage|p2a: Slowking|18/100
|
|-damage|p1a: Primarina|15/100 psn|[from] psn
|upkeep
|turn|13
|
|t:|1760429024
|switch|p2a: Gholdengo|Gholdengo|100/100
|move|p1a: Primarina|Surf|p2a: Gholdengo
|-damage|p2a: Gholdengo|20/100
|
|-damage|p1a: Primarina|3/100 psn|[from] psn
|upkeep
|turn|14
|
|t:|1760429029
|move|p2a: Gholdengo|Shadow Ball|p1a: Primarina
|-damage|p1a: Primarina|0 fnt
|faint|p1a: Primarina
|
|upkeep
|
|t:|1760429033
|switch|p1a: Cinderace|Cinderace, M|45/100
|turn|15
|
|t:|1760429036
|switch|p2a: Heatran|Heatran, M|100/100
|move|p1a: Cinderace|Court Change|p1a: Cinderace
|-start|p1a: Cinderace|typechange|Normal|[from] ability: Libero
|-swapsideconditions
|-activate|p1a: Cinderace|move: Court Change
|
|upkeep
|turn|16
|
|t:|1760429045
|switch|p1a: Polteageist|Polteageist, shiny|100/100
|move|p2a: Heatran|Stealth Rock|p1a: Polteageist
|-sidestart|p1: CourtTre|move: Stealth Rock
|
|upkeep
|turn|17
|
|t:|1760429048
|move|p1a: Polteageist|Shell Smash|p1a: Polteageist
|-unboost|p1a: Polteageist|def|1
|-unboost|p1a: Polteageist|spd|1
|-boost|p1a: Polteageist|atk|2
|-boost|p1a: Polteageist|spa|2
|-boost|p1a: Polteageist|spe|2
|move|p2a: Heatran|Magma Storm|p1a: Polteageist|[miss]
|-miss|p2a: Heatran|p1a: Polteageist
|
|upkeep
|turn|18
|
|t:|1760429065
|-terastallize|p1a: Polteageist|Fighting
|move|p1a: Polteageist|Tera Blast|p2a: Heatran|[anim] Tera Blast Fighting
|-supereffective|p2a: Heatran
|-damage|p2a: Heatran|0 fnt
|faint|p2a: Heatran
|
|upkeep
|
|t:|1760429073
|switch|p2a: Corviknight|Corviknight, M|87/100
|-damage|p2a: Corviknight|74/100|[from] Stealth Rock
|-ability|p2a: Corviknight|Pressure
|turn|19
|
|t:|1760429086
|move|p1a: Polteageist|Stored Power|p2a: Corviknight
|-resisted|p2a: Corviknight
|-damage|p2a: Corviknight|23/100
|move|p2a: Corviknight|Brave Bird|p1a: Polteageist
|-supereffective|p1a: Polteageist
|-enditem|p1a: Polteageist|Focus Sash
|-damage|p1a: Polteageist|1/100
|-ability|p1a: Polteageist|Weak Armor|boost
|-unboost|p1a: Polteageist|def|1
|-boost|p1a: Polteageist|spe|2
|-damage|p2a: Corviknight|1/100|[from] Recoil
|
|upkeep
|turn|20
|
|t:|1760429089
|move|p1a: Polteageist|Stored Power|p2a: Corviknight
|-resisted|p2a: Corviknight
|-damage|p2a: Corviknight|0 fnt
|faint|p2a: Corviknight
|
|upkeep
|
|t:|1760429091
|switch|p2a: Weavile|Weavile, M|100/100
|turn|21
|
|t:|1760429099
|move|p2a: Weavile|Ice Shard|p1a: Polteageist
|-damage|p1a: Polteageist|0 fnt
|faint|p1a: Polteageist
|
|upkeep
|
|t:|1760429104
|switch|p1a: Cinderace|Cinderace, M|45/100
|turn|22
|
|t:|1760429128
|move|p2a: Weavile|Knock Off|p1a: Cinderace
|-damage|p1a: Cinderace|0 fnt
|-enditem|p1a: Cinderace|Heavy-Duty Boots|[from] move: Knock Off|[of] p2a: Weavile
|faint|p1a: Cinderace
|
|upkeep
|
|t:|1760429132
|switch|p1a: Rillaboom|Rillaboom, M|100/100
|-damage|p1a: Rillaboom|88/100|[from] Stealth Rock
|-fieldstart|move: Grassy Terrain|[from] ability: Grassy Surge|[of] p1a: Rillaboom
|turn|23
|
|t:|1760429147
|switch|p2a: Gholdengo|Gholdengo|20/100
|-damage|p2a: Gholdengo|14/100|[from] Stealth Rock
|move|p1a: Rillaboom|Grassy Glide|p2a: Gholdengo
|-resisted|p2a: Gholdengo
|-damage|p2a: Gholdengo|0 fnt
|faint|p2a: Gholdengo
|
|-heal|p1a: Rillaboom|94/100|[from] Grassy Terrain
|upkeep
|
|t:|1760429149
|switch|p2a: Slowking|Slowking-Galar, M|51/100
|turn|24
|
|t:|1760429154
|move|p1a: Rillaboom|Knock Off|p2a: Slowking
|-supereffective|p2a: Slowking
|-damage|p2a: Slowking|0 fnt
|-enditem|p2a: Slowking|Heavy-Duty Boots|[from] move: Knock Off|[of] p1a: Rillaboom
|faint|p2a: Slowking
|
|-heal|p1a: Rillaboom|100/100|[from] Grassy Terrain
|upkeep
|
|t:|1760429157
|switch|p2a: Weavile|Weavile, M|100/100
|turn|25
|
|t:|1760429163
|move|p2a: Weavile|Triple Axel|p1a: Rillaboom
|-supereffective|p1a: Rillaboom
|-crit|p1a: Rillaboom
|-damage|p1a: Rillaboom|75/100
|-hitcount|p1a: Rillaboom|1
|move|p1a: Rillaboom|U-turn|p2a: Weavile
|-supereffective|p2a: Weavile
|-damage|p2a: Weavile|13/100
|
|t:|1760429166
|switch|p1a: Serperior|Serperior, F|100/100|[from] U-turn
|-damage|p1a: Serperior|88/100|[from] Stealth Rock
|
|-heal|p2a: Weavile|19/100|[from] Grassy Terrain
|-heal|p1a: Serperior|94/100|[from] Grassy Terrain
|-heal|p1a: Serperior|100/100|[from] item: Leftovers
|upkeep
|turn|26
|
|t:|1760429173
|move|p2a: Weavile|Triple Axel|p1a: Serperior
|-supereffective|p1a: Serperior
|-damage|p1a: Serperior|75/100
|-supereffective|p1a: Serperior
|-damage|p1a: Serperior|24/100
|-supereffective|p1a: Serperior
|-damage|p1a: Serperior|0 fnt
|faint|p1a: Serperior
|-hitcount|p1: Serperior|3
|
|-heal|p2a: Weavile|25/100|[from] Grassy Terrain
|upkeep
|
|t:|1760429175
|switch|p1a: Rillaboom|Rillaboom, M|75/100
|-damage|p1a: Rillaboom|62/100|[from] Stealth Rock
|turn|27
|
|t:|1760429183
|move|p2a: Weavile|Ice Shard|p1a: Rillaboom
|-supereffective|p1a: Rillaboom
|-damage|p1a: Rillaboom|25/100
|move|p1a: Rillaboom|Grassy Glide|p2a: Weavile
|-damage|p2a: Weavile|0 fnt
|faint|p2a: Weavile
|
|-heal|p1a: Rillaboom|31/100|[from] Grassy Terrain
|-fieldend|move: Grassy Terrain
|upkeep
|
|t:|1760429185
|switch|p2a: Sandy Shocks|Sandy Shocks|100/100
|-damage|p2a: Sandy Shocks|94/100|[from] Stealth Rock
|-enditem|p2a: Sandy Shocks|Booster Energy
|-activate|p2a: Sandy Shocks|ability: Protosynthesis|[fromitem]
|-start|p2a: Sandy Shocks|protosynthesisspe
|turn|28
|c|☆cr aries|waouh gg
|
|t:|1760429190
|-terastallize|p2a: Sandy Shocks|Ice
|move|p2a: Sandy Shocks|Tera Blast|p1a: Rillaboom|[anim] Tera Blast Ice
|-supereffective|p1a: Rillaboom
|-damage|p1a: Rillaboom|0 fnt
|faint|p1a: Rillaboom
|
|win|cr aries
|raw|CourtTre's rating: 1402 &rarr; <strong>1387</strong><br />(-15 for losing)
|raw|cr aries's rating: 1484 &rarr; <strong>1499</strong><br />(+15 for winning)
|l|☆cr aries
|player|p2|
|l|☆CourtTre
|player|p1|
