|j|☆mahbles
|j|☆Cassasse
|t:|1760331462
|gametype|singles
|player|p1|mahbles|266|1151
|player|p2|Cassasse|pilot|1175
|gen|9
|tier|[Gen 9] OU
|rated|
|rule|HP Percentage Mod: HP is shown in percentages
|rule|Endless Battle Clause: Forcing endless battles is banned
|rule|Species Clause: Limit one of each Pokémon
|rule|OHKO Clause: OHKO moves are banned
|rule|Evasion Items Clause: Evasion items are banned
|rule|Evasion Moves Clause: Evasion moves are banned
|rule|Evasion Abilities Clause: Evasion abilities are banned
|rule|Sleep Moves Clause: Sleep-inducing moves are banned
|clearpoke
|poke|p1|Lokix, F|
|poke|p1|Iron Hands|
|poke|p1|Ogerpon-Wellspring, F|
|poke|p1|Great Tusk|
|poke|p1|Moltres|
|poke|p1|Gholdengo|
|poke|p2|Quaquaval, M|
|poke|p2|Hydrapple, M|
|poke|p2|Moltres|
|poke|p2|Great Tusk|
|poke|p2|Kingambit, F|
|poke|p2|Tinkaton, F|
|teampreview
|inactive|Battle timer is ON: inactive players will automatically lose when time's up. (requested by Cassasse)
|
|t:|1760331478
|teamsize|p1|6
|teamsize|p2|6
|start
|switch|p1a: Gholdengo|Gholdengo|100/100
|switch|p2a: Great Tusk|Great Tusk|100/100
|turn|1
|
|t:|1760331484
|switch|p1a: Moltres|Moltres|100/100
|move|p2a: Great Tusk|Headlong Rush|p1a: Moltres
|-immune|p1a: Moltres
|
|upkeep
|turn|2
|
|t:|1760331491
|move|p2a: Great Tusk|Rapid Spin|p1a: Moltres
|-damage|p1a: Moltres|89/100
|-boost|p2a: Great Tusk|spe|1
|move|p1a: Moltres|U-turn|p2a: Great Tusk
|-resisted|p2a: Great Tusk
|-damage|p2a: Great Tusk|95/100
|
|t:|1760331495
|switch|p1a: Ogerpon|Ogerpon-Wellspring, F|100/100|[from] U-turn
|
|upkeep
|turn|3
|
|t:|1760331507
|-end|p2a: Great Tusk|Protosynthesis|[silent]
|switch|p2a: Hydrapple|Hydrapple, M|100/100
|move|p1a: Ogerpon|Ivy Cudgel|p2a: Hydrapple|[anim] Ivy Cudgel Water
|-resisted|p2a: Hydrapple
|-damage|p2a: Hydrapple|89/100
|
|upkeep
|turn|4
|
|t:|1760331519
|switch|p1a: Iron Hands|Iron Hands|100/100
|move|p2a: Hydrapple|Nasty Plot|p2a: Hydrapple
|-boost|p2a: Hydrapple|spa|2
|
|upkeep
|turn|5
|
|t:|1760331539
|move|p1a: Iron Hands|Ice Punch|p2a: Hydrapple
|-supereffective|p2a: Hydrapple
|-damage|p2a: Hydrapple|1/100
|move|p2a: Hydrapple|Earth Power|p1a: Iron Hands
|-supereffective|p1a: Iron Hands
|-damage|p1a: Iron Hands|33/100
|-unboost|p1a: Iron Hands|spd|1
|
|upkeep
|turn|6
|
|t:|1760331563
|-end|p1a: Iron Hands|Quark Drive|[silent]
|switch|p1a: Ogerpon|Ogerpon-Wellspring, F|100/100
|switch|p2a: Tinkaton|Tinkaton, F|100/100
|-item|p2a: Tinkaton|Air Balloon
|
|upkeep
|turn|7
|
|t:|1760331572
|move|p1a: Ogerpon|Swords Dance|p1a: Ogerpon
|-boost|p1a: Ogerpon|atk|2
|move|p2a: Tinkaton|Thunder Wave|p1a: Ogerpon
|-status|p1a: Ogerpon|par
|
|upkeep
|turn|8
|
|t:|1760331576
|move|p2a: Tinkaton|Gigaton Hammer|p1a: Ogerpon
|-resisted|p1a: Ogerpon
|-damage|p1a: Ogerpon|74/100 par
|move|p1a: Ogerpon|Encore|p2a: Tinkaton
|-start|p2a: Tinkaton|Encore
|
|upkeep
|turn|9
|
|t:|1760331591
|switch|p2a: Hydrapple|Hydrapple, M|34/100
|move|p1a: Ogerpon|Ivy Cudgel|p2a: Hydrapple|[anim] Ivy Cudgel Water
|-resisted|p2a: Hydrapple
|-damage|p2a: Hydrapple|12/100
|
|upkeep
|turn|10
|
|t:|1760331600
|switch|p2a: Tinkaton|Tinkaton, F|100/100
|-item|p2a: Tinkaton|Air Balloon
|move|p1a: Ogerpon|Ivy Cudgel|p2a: Tinkaton|[anim] Ivy Cudgel Water
|-damage|p2a: Tinkaton|0 fnt
|-enditem|p2a: Tinkaton|Air Balloon
|faint|p2a: Tinkaton
|
|upkeep
|
|t:|1760331605
|switch|p2a: Hydrapple|Hydrapple, M|45/100
|turn|11
|
|t:|1760331612
|switch|p2a: Quaquaval|Quaquaval, M|100/100
|cant|p1a: Ogerpon|par
|
|upkeep
|turn|12
|
|t:|1760331621
|switch|p1a: Iron Hands|Iron Hands|33/100
|move|p2a: Quaquaval|Brave Bird|p1a: Iron Hands
|-damage|p1a: Iron Hands|0 fnt
|faint|p1a: Iron Hands
|-end|p1a: Iron Hands|Quark Drive|[silent]
|-ability|p2a: Quaquaval|Moxie|boost
|-boost|p2a: Quaquaval|atk|1
|-damage|p2a: Quaquaval|84/100|[from] Recoil
|
|upkeep
|
|t:|1760331629
|switch|p1a: Moltres|Moltres|89/100
|turn|13
|
|t:|1760331640
|-terastallize|p1a: Moltres|Fairy
|move|p2a: Quaquaval|Brave Bird|p1a: Moltres
|-damage|p1a: Moltres|32/100
|-status|p2a: Quaquaval|brn|[from] ability: Flame Body|[of] p1a: Moltres
|-damage|p2a: Quaquaval|61/100 brn|[from] Recoil
|move|p1a: Moltres|U-turn|p2a: Quaquaval
|-resisted|p2a: Quaquaval
|-damage|p2a: Quaquaval|51/100 brn
|
|t:|1760331653
|switch|p1a: Lokix|Lokix, F|100/100|[from] U-turn
|
|-damage|p2a: Quaquaval|45/100 brn|[from] brn
|upkeep
|turn|14
|inactive|mahbles has 120 seconds left.
|
|t:|1760331696
|move|p1a: Lokix|First Impression|p2a: Quaquaval
|-resisted|p2a: Quaquaval
|-damage|p2a: Quaquaval|0 fnt
|faint|p2a: Quaquaval
|
|upkeep
|
|t:|1760331718
|switch|p2a: Moltres|Moltres|100/100
|turn|15
|
|t:|1760331724
|switch|p1a: Great Tusk|Great Tusk|100/100
|move|p2a: Moltres|U-turn|p1a: Great Tusk
|-resisted|p1a: Great Tusk
|-damage|p1a: Great Tusk|96/100
|
|t:|1760331729
|switch|p2a: Hydrapple|Hydrapple, M|78/100|[from] U-turn
|
|upkeep
|turn|16
|
|t:|1760331735
|-terastallize|p2a: Hydrapple|Steel
|move|p1a: Great Tusk|Ice Spinner|p2a: Hydrapple
|-resisted|p2a: Hydrapple
|-damage|p2a: Hydrapple|69/100
|move|p2a: Hydrapple|Giga Drain|p1a: Great Tusk
|-supereffective|p1a: Great Tusk
|-damage|p1a: Great Tusk|0 fnt
|-heal|p2a: Hydrapple|100/100|[from] drain|[of] p1a: Great Tusk
|faint|p1a: Great Tusk
|-end|p1a: Great Tusk|Protosynthesis|[silent]
|
|upkeep
|
|t:|1760331746
|switch|p1a: Gholdengo|Gholdengo|100/100
|turn|17
|
|t:|1760331750
|move|p1a: Gholdengo|Thunder Wave|p2a: Hydrapple
|-status|p2a: Hydrapple|par
|move|p2a: Hydrapple|Earth Power|p1a: Gholdengo
|-supereffective|p1a: Gholdengo
|-damage|p1a: Gholdengo|41/100
|
|-heal|p1a: Gholdengo|47/100|[from] item: Leftovers
|upkeep
|turn|18
|
|t:|1760331757
|move|p1a: Gholdengo|Recover|p1a: Gholdengo
|-heal|p1a: Gholdengo|97/100
|cant|p2a: Hydrapple|par
|
|-heal|p1a: Gholdengo|100/100|[from] item: Leftovers
|upkeep
|turn|19
|
|t:|1760331760
|switch|p1a: Moltres|Moltres, tera:Fairy|32/100
|cant|p2a: Hydrapple|par
|
|upkeep
|turn|20
|
|t:|1760331769
|move|p1a: Moltres|Roost|p1a: Moltres
|-heal|p1a: Moltres|82/100
|move|p2a: Hydrapple|Earth Power|p1a: Moltres
|-damage|p1a: Moltres|51/100
|
|upkeep
|turn|21
|
|t:|1760331775
|move|p1a: Moltres|Roost|p1a: Moltres
|-heal|p1a: Moltres|100/100
|cant|p2a: Hydrapple|par
|
|upkeep
|turn|22
|
|t:|1760331778
|move|p1a: Moltres|Flamethrower|p2a: Hydrapple
|-supereffective|p2a: Hydrapple
|-damage|p2a: Hydrapple|24/100 par
|move|p2a: Hydrapple|Nasty Plot|p2a: Hydrapple
|-boost|p2a: Hydrapple|spa|2
|
|upkeep
|turn|23
|
|t:|1760331786
|move|p2a: Hydrapple|Earth Power|p1a: Moltres
|-damage|p1a: Moltres|32/100
|move|p1a: Moltres|Roar|p2a: Hydrapple
|drag|p2a: Great Tusk|Great Tusk|95/100
|
|upkeep
|turn|24
|
|t:|1760331801
|move|p2a: Great Tusk|Rapid Spin|p1a: Moltres
|-damage|p1a: Moltres|20/100
|-boost|p2a: Great Tusk|spe|1
|-status|p2a: Great Tusk|brn|[from] ability: Flame Body|[of] p1a: Moltres
|move|p1a: Moltres|Roost|p1a: Moltres
|-heal|p1a: Moltres|70/100
|
|-damage|p2a: Great Tusk|89/100 brn|[from] brn
|upkeep
|turn|25
|
|t:|1760331810
|move|p2a: Great Tusk|Headlong Rush|p1a: Moltres
|-damage|p1a: Moltres|50/100
|-unboost|p2a: Great Tusk|def|1
|-unboost|p2a: Great Tusk|spd|1
|move|p1a: Moltres|U-turn|p2a: Great Tusk
|-resisted|p2a: Great Tusk
|-damage|p2a: Great Tusk|81/100 brn
|
|t:|1760331817
|switch|p1a: Gholdengo|Gholdengo|100/100|[from] U-turn
|
|-damage|p2a: Great Tusk|75/100 brn|[from] brn
|upkeep
|turn|26
|
|t:|1760331825
|move|p2a: Great Tusk|Headlong Rush|p1a: Gholdengo
|-supereffective|p1a: Gholdengo
|-damage|p1a: Gholdengo|60/100
|-unboost|p2a: Great Tusk|def|1
|-unboost|p2a: Great Tusk|spd|1
|move|p1a: Gholdengo|Shadow Ball|p2a: Great Tusk
|-damage|p2a: Great Tusk|0 fnt
|faint|p2a: Great Tusk
|-end|p2a: Great Tusk|Protosynthesis|[silent]
|
|-heal|p1a: Gholdengo|66/100|[from] item: Leftovers
|upkeep
|
|t:|1760331830
|switch|p2a: Kingambit|Kingambit, F|100/100
|-activate|p2a: Kingambit|ability: Supreme Overlord
|-start|p2a: Kingambit|fallen3|[silent]
|turn|27
|
|t:|1760331837
|move|p1a: Gholdengo|Thunder Wave|p2a: Kingambit
|-status|p2a: Kingambit|par
|move|p2a: Kingambit|Kowtow Cleave|p1a: Gholdengo
|-supereffective|p1a: Gholdengo
|-damage|p1a: Gholdengo|0 fnt
|faint|p1a: Gholdengo
|
|upkeep
|
|t:|1760331846
|switch|p1a: Moltres|Moltres, tera:Fairy|50/100
|turn|28
|
|t:|1760331855
|-end|p2a: Kingambit|fallen3|[silent]
|switch|p2a: Moltres|Moltres|100/100
|move|p1a: Moltres|Flamethrower|p2a: Moltres
|-resisted|p2a: Moltres
|-damage|p2a: Moltres|81/100
|
|upkeep
|turn|29
|
|t:|1760331860
|move|p1a: Moltres|Roost|p1a: Moltres
|-heal|p1a: Moltres|100/100
|move|p2a: Moltres|Roar|p1a: Moltres
|drag|p1a: Ogerpon|Ogerpon-Wellspring, F|74/100 par
|
|upkeep
|turn|30
|
|t:|1760331865
|move|p2a: Moltres|U-turn|p1a: Ogerpon
|-supereffective|p1a: Ogerpon
|-damage|p1a: Ogerpon|37/100 par
|
|t:|1760331868
|switch|p2a: Hydrapple|Hydrapple, M, tera:Steel|57/100 par|[from] U-turn
|move|p1a: Ogerpon|Ivy Cudgel|p2a: Hydrapple|[anim] Ivy Cudgel Water
|-damage|p2a: Hydrapple|15/100 par
|
|upkeep
|turn|31
|
|t:|1760331887
|cant|p1a: Ogerpon|par
|cant|p2a: Hydrapple|par
|
|upkeep
|turn|32
|
|t:|1760331900
|move|p1a: Ogerpon|Ivy Cudgel|p2a: Hydrapple|[anim] Ivy Cudgel Water
|-crit|p2a: Hydrapple
|-damage|p2a: Hydrapple|0 fnt
|faint|p2a: Hydrapple
|
|upkeep
|
|t:|1760331905
|switch|p2a: Moltres|Moltres|81/100
|turn|33
|
|t:|1760331908
|move|p2a: Moltres|U-turn|p1a: Ogerpon
|-supereffective|p1a: Ogerpon
|-damage|p1a: Ogerpon|0 fnt
|faint|p1a: Ogerpon
|
|t:|1760331913
|switch|p2a: Kingambit|Kingambit, F|100/100 par|[from] U-turn
|-activate|p2a: Kingambit|ability: Supreme Overlord
|-start|p2a: Kingambit|fallen4|[silent]
|
|upkeep
|
|t:|1760331924
|switch|p1a: Lokix|Lokix, F|100/100
|turn|34
|
|t:|1760331936
|-end|p2a: Kingambit|fallen4|[silent]
|switch|p2a: Moltres|Moltres|81/100
|move|p1a: Lokix|Axe Kick|p2a: Moltres
|-resisted|p2a: Moltres
|-damage|p2a: Moltres|43/100
|-start|p2a: Moltres|confusion
|-status|p1a: Lokix|brn|[from] ability: Flame Body|[of] p2a: Moltres
|
|-damage|p1a: Lokix|95/100 brn|[from] brn
|upkeep
|turn|35
|
|t:|1760331942
|switch|p1a: Moltres|Moltres, tera:Fairy|100/100
|-activate|p2a: Moltres|confusion
|move|p2a: Moltres|U-turn|p1a: Moltres
|-resisted|p1a: Moltres
|-damage|p1a: Moltres|95/100
|
|t:|1760331945
|switch|p2a: Kingambit|Kingambit, F|100/100 par|[from] U-turn
|-activate|p2a: Kingambit|ability: Supreme Overlord
|-start|p2a: Kingambit|fallen4|[silent]
|
|upkeep
|turn|36
|
|t:|1760331952
|-end|p2a: Kingambit|fallen4|[silent]
|switch|p2a: Moltres|Moltres|43/100
|move|p1a: Moltres|Flamethrower|p2a: Moltres
|-resisted|p2a: Moltres
|-damage|p2a: Moltres|24/100
|
|upkeep
|turn|37
|
|t:|1760331959
|move|p2a: Moltres|Roost|p2a: Moltres
|-heal|p2a: Moltres|74/100
|-singleturn|p2a: Moltres|move: Roost
|move|p1a: Moltres|Roar|p2a: Moltres
|drag|p2a: Kingambit|Kingambit, F|100/100 par
|-activate|p2a: Kingambit|ability: Supreme Overlord
|-start|p2a: Kingambit|fallen4|[silent]
|
|upkeep
|turn|38
|
|t:|1760331970
|-end|p2a: Kingambit|fallen4|[silent]
|switch|p2a: Moltres|Moltres|74/100
|move|p1a: Moltres|Flamethrower|p2a: Moltres
|-resisted|p2a: Moltres
|-damage|p2a: Moltres|55/100
|
|upkeep
|turn|39
|
|t:|1760331982
|move|p1a: Moltres|U-turn|p2a: Moltres
|-resisted|p2a: Moltres
|-damage|p2a: Moltres|52/100
|-status|p1a: Moltres|brn|[from] ability: Flame Body|[of] p2a: Moltres
|
|t:|1760331984
|switch|p1a: Lokix|Lokix, F|95/100 brn|[from] U-turn
|move|p2a: Moltres|Flamethrower|p1a: Lokix
|-supereffective|p1a: Lokix
|-damage|p1a: Lokix|0 fnt
|faint|p1a: Lokix
|
|upkeep
|
|t:|1760331986
|switch|p1a: Moltres|Moltres, tera:Fairy|95/100 brn
|turn|40
|
|t:|1760331991
|move|p2a: Moltres|Flamethrower|p1a: Moltres
|-damage|p1a: Moltres|55/100 brn
|move|p1a: Moltres|Flamethrower|p2a: Moltres
|-resisted|p2a: Moltres
|-damage|p2a: Moltres|32/100
|
|-damage|p1a: Moltres|49/100 brn|[from] brn
|upkeep
|turn|41
|
|t:|1760331995
|move|p2a: Moltres|Roost|p2a: Moltres
|-heal|p2a: Moltres|82/100
|-singleturn|p2a: Moltres|move: Roost
|move|p1a: Moltres|Flamethrower|p2a: Moltres
|-resisted|p2a: Moltres
|-damage|p2a: Moltres|62/100
|
|-damage|p1a: Moltres|43/100 brn|[from] brn
|upkeep
|turn|42
|-message|mahbles forfeited.
|
|win|Cassasse
|raw|mahbles's rating: 1151 &rarr; <strong>1128</strong><br />(-23 for losing)
|raw|Cassasse's rating: 1175 &rarr; <strong>1198</strong><br />(+23 for winning)
|l|☆mahbles
|player|p1|
|l|☆Cassasse
|player|p2|
