|j|☆enormouschilli
|j|☆PV_09
|t:|1760377784
|gametype|singles
|player|p1|enormouschilli|1|1490
|player|p2|PV_09|hexmaniac-gen3jp|1474
|gen|9
|tier|[Gen 9] OU
|rated|
|rule|HP Percentage Mod: HP is shown in percentages
|rule|Endless Battle Clause: Forcing endless battles is banned
|rule|Species Clause: Limit one of each Pokémon
|rule|OHKO Clause: OHKO moves are banned
|rule|Evasion Items Clause: Evasion items are banned
|rule|Evasion Moves Clause: Evasion moves are banned
|rule|Evasion Abilities Clause: Evasion abilities are banned
|rule|Sleep Moves Clause: Sleep-inducing moves are banned
|clearpoke
|poke|p1|Iron Moth|
|poke|p1|Kingambit, F|
|poke|p1|Deoxys-Speed|
|poke|p1|Raging Bolt|
|poke|p1|Rillaboom, M|
|poke|p1|Zapdos-Galar|
|poke|p2|Hatterene, F|
|poke|p2|Bronzong|
|poke|p2|Primarina, F|
|poke|p2|Iron Hands|
|poke|p2|Gholdengo|
|poke|p2|Ursaluna, F|
|teampreview
|inactive|Battle timer is ON: inactive players will automatically lose when time's up. (requested by enormouschilli)
|
|t:|1760377815
|teamsize|p1|6
|teamsize|p2|6
|start
|switch|p1a: Anomаly|Iron Moth|100/100
|switch|p2a: TESLA? GNARLY|Iron Hands|100/100
|-enditem|p1a: Anomаly|Booster Energy
|-activate|p1a: Anomаly|ability: Quark Drive|[fromitem]
|-start|p1a: Anomаly|quarkdrivespe
|turn|1
|
|t:|1760377841
|move|p1a: Anomаly|Fiery Dance|p2a: TESLA? GNARLY
|-damage|p2a: TESLA? GNARLY|61/100
|-boost|p1a: Anomаly|spa|1
|move|p2a: TESLA? GNARLY|Earthquake|p1a: Anomаly
|-supereffective|p1a: Anomаly
|-damage|p1a: Anomаly|0 fnt
|faint|p1a: Anomаly
|-end|p1a: Anomаly|Quark Drive|[silent]
|
|upkeep
|
|t:|1760377848
|switch|p1a: Deoxys|Deoxys-Speed|100/100
|-ability|p1a: Deoxys|Pressure
|turn|2
|
|t:|1760377857
|-end|p2a: TESLA? GNARLY|Quark Drive|[silent]
|switch|p2a: primadonna|Primarina, F|100/100
|move|p1a: Deoxys|Psycho Boost|p2a: primadonna
|-damage|p2a: primadonna|27/100
|-unboost|p1a: Deoxys|spa|2
|-damage|p1a: Deoxys|91/100|[from] item: Life Orb
|
|upkeep
|turn|3
|
|t:|1760377866
|switch|p2a: *NSYNC|Bronzong|100/100
|move|p1a: Deoxys|Psycho Boost|p2a: *NSYNC
|-resisted|p2a: *NSYNC
|-damage|p2a: *NSYNC|94/100
|-unboost|p1a: Deoxys|spa|2
|-damage|p1a: Deoxys|81/100|[from] item: Life Orb
|
|-heal|p2a: *NSYNC|99/100|[from] item: Leftovers
|upkeep
|turn|4
|
|t:|1760377874
|move|p1a: Deoxys|Nasty Plot|p1a: Deoxys
|-boost|p1a: Deoxys|spa|2
|move|p2a: *NSYNC|Trick Room|p2a: *NSYNC
|-fieldstart|move: Trick Room|[of] p2a: *NSYNC
|
|-heal|p2a: *NSYNC|100/100|[from] item: Leftovers
|upkeep
|turn|5
|
|t:|1760377883
|switch|p2a: raingurl|Gholdengo|100/100
|move|p1a: Deoxys|Nasty Plot|p1a: Deoxys
|-boost|p1a: Deoxys|spa|2
|
|upkeep
|turn|6
|inactive|enormouschilli has 120 seconds left.
|
|t:|1760377915
|switch|p1a: thanos|Kingambit, F|100/100
|-activate|p1a: thanos|ability: Supreme Overlord
|-start|p1a: thanos|fallen1|[silent]
|move|p2a: raingurl|Shadow Ball|p1a: thanos
|-resisted|p1a: thanos
|-damage|p1a: thanos|65/100
|
|-heal|p1a: thanos|72/100|[from] item: Leftovers
|upkeep
|turn|7
|inactive|enormouschilli has 120 seconds left.
|
|t:|1760377937
|-end|p1a: thanos|fallen1|[silent]
|switch|p1a: Deoxys|Deoxys-Speed|81/100
|-ability|p1a: Deoxys|Pressure
|switch|p2a: TESLA? GNARLY|Iron Hands|61/100
|
|upkeep
|turn|8
|inactive|enormouschilli has 120 seconds left.
|inactive|PV_09 has 120 seconds left.
|
|t:|1760377962
|move|p2a: TESLA? GNARLY|Wild Charge|p1a: Deoxys
|-damage|p1a: Deoxys|0 fnt
|faint|p1a: Deoxys
|-damage|p2a: TESLA? GNARLY|51/100|[from] Recoil
|
|-fieldend|move: Trick Room
|upkeep
|
|t:|1760377968
|switch|p1a: Raging Bolt|Raging Bolt|100/100
|-enditem|p1a: Raging Bolt|Booster Energy
|-activate|p1a: Raging Bolt|ability: Protosynthesis|[fromitem]
|-start|p1a: Raging Bolt|protosynthesisspa
|turn|9
|inactive|PV_09 has 120 seconds left.
|
|t:|1760378009
|-end|p2a: TESLA? GNARLY|Quark Drive|[silent]
|switch|p2a: *NSYNC|Bronzong|100/100
|move|p1a: Raging Bolt|Calm Mind|p1a: Raging Bolt
|-boost|p1a: Raging Bolt|spa|1
|-boost|p1a: Raging Bolt|spd|1
|
|upkeep
|turn|10
|
|t:|1760378018
|move|p1a: Raging Bolt|Thunderbolt|p2a: *NSYNC
|-damage|p2a: *NSYNC|24/100
|move|p2a: *NSYNC|Trick Room|p2a: *NSYNC
|-fieldstart|move: Trick Room|[of] p2a: *NSYNC
|
|-heal|p2a: *NSYNC|30/100|[from] item: Leftovers
|upkeep
|turn|11
|
|t:|1760378026
|switch|p2a: nice & slow|Ursaluna, F|100/100
|move|p1a: Raging Bolt|Calm Mind|p1a: Raging Bolt
|-boost|p1a: Raging Bolt|spa|1
|-boost|p1a: Raging Bolt|spd|1
|
|-status|p2a: nice & slow|brn|[from] item: Flame Orb
|upkeep
|turn|12
|inactive|PV_09 has 120 seconds left.
|
|t:|1760378042
|-end|p1a: Raging Bolt|Protosynthesis|[silent]
|switch|p1a: Rillaboom|Rillaboom, M|100/100
|-fieldstart|move: Grassy Terrain|[from] ability: Grassy Surge|[of] p1a: Rillaboom
|move|p2a: nice & slow|Facade|p1a: Rillaboom
|-damage|p1a: Rillaboom|0 fnt
|faint|p1a: Rillaboom
|
|-damage|p2a: nice & slow|94/100 brn|[from] brn
|upkeep
|inactive|enormouschilli has 120 seconds left.
|
|t:|1760378066
|switch|p1a: Raging Bolt|Raging Bolt|100/100
|turn|13
|
|t:|1760378073
|-terastallize|p1a: Raging Bolt|Fairy
|move|p2a: nice & slow|Facade|p1a: Raging Bolt
|-damage|p1a: Raging Bolt|0 fnt
|faint|p1a: Raging Bolt
|-end|p1a: Raging Bolt|Protosynthesis|[silent]
|
|-heal|p2a: nice & slow|100/100 brn|[from] Grassy Terrain
|-damage|p2a: nice & slow|94/100 brn|[from] brn
|upkeep
|inactive|enormouschilli has 120 seconds left.
|
|t:|1760378108
|switch|p1a: thanos|Kingambit, F|72/100
|-activate|p1a: thanos|ability: Supreme Overlord
|-start|p1a: thanos|fallen4|[silent]
|turn|14
|inactive|enormouschilli has 90 seconds left.
|
|t:|1760378143
|-end|p1a: thanos|fallen4|[silent]
|switch|p1a: Zapdos|Zapdos-Galar|100/100
|move|p2a: nice & slow|Earthquake|p1a: Zapdos
|-immune|p1a: Zapdos
|
|-heal|p2a: nice & slow|100/100 brn|[from] Grassy Terrain
|-damage|p2a: nice & slow|94/100 brn|[from] brn
|-fieldend|move: Trick Room
|upkeep
|turn|15
|
|t:|1760378154
|switch|p2a: primadonna|Primarina, F|27/100
|move|p1a: Zapdos|Close Combat|p2a: primadonna
|-resisted|p2a: primadonna
|-damage|p2a: primadonna|0 fnt
|-unboost|p1a: Zapdos|def|1
|-unboost|p1a: Zapdos|spd|1
|faint|p2a: primadonna
|
|upkeep
|
|t:|1760378167
|switch|p2a: raingurl|Gholdengo|100/100
|turn|16
|
|t:|1760378173
|switch|p1a: thanos|Kingambit, F|72/100
|-activate|p1a: thanos|ability: Supreme Overlord
|-start|p1a: thanos|fallen4|[silent]
|move|p2a: raingurl|Make It Rain|p1a: thanos
|-resisted|p1a: thanos
|-damage|p1a: thanos|25/100
|-unboost|p2a: raingurl|spa|1
|
|-heal|p1a: thanos|32/100|[from] Grassy Terrain
|-heal|p1a: thanos|38/100|[from] item: Leftovers
|upkeep
|turn|17
|
|t:|1760378185
|switch|p2a: TESLA? GNARLY|Iron Hands|51/100
|move|p1a: thanos|Kowtow Cleave|p2a: TESLA? GNARLY
|-resisted|p2a: TESLA? GNARLY
|-damage|p2a: TESLA? GNARLY|30/100
|
|-heal|p1a: thanos|44/100|[from] Grassy Terrain
|-heal|p1a: thanos|50/100|[from] item: Leftovers
|-heal|p2a: TESLA? GNARLY|36/100|[from] Grassy Terrain
|upkeep
|turn|18
|
|t:|1760378205
|-end|p1a: thanos|fallen4|[silent]
|switch|p1a: Zapdos|Zapdos-Galar|100/100
|move|p2a: TESLA? GNARLY|Close Combat|p1a: Zapdos
|-resisted|p1a: Zapdos
|-damage|p1a: Zapdos|41/100
|-unboost|p2a: TESLA? GNARLY|def|1
|-unboost|p2a: TESLA? GNARLY|spd|1
|
|-heal|p2a: TESLA? GNARLY|42/100|[from] Grassy Terrain
|upkeep
|turn|19
|
|t:|1760378223
|-end|p2a: TESLA? GNARLY|Quark Drive|[silent]
|switch|p2a: raingurl|Gholdengo|100/100
|move|p1a: Zapdos|Stomping Tantrum|p2a: raingurl
|-supereffective|p2a: raingurl
|-damage|p2a: raingurl|52/100
|
|-heal|p2a: raingurl|58/100|[from] Grassy Terrain
|-fieldend|move: Grassy Terrain
|upkeep
|turn|20
|
|t:|1760378233
|switch|p2a: TESLA? GNARLY|Iron Hands|42/100
|move|p1a: Zapdos|Stomping Tantrum|p2a: TESLA? GNARLY
|-supereffective|p2a: TESLA? GNARLY
|-damage|p2a: TESLA? GNARLY|10/100
|
|upkeep
|turn|21
|
|t:|1760378240
|move|p1a: Zapdos|Stomping Tantrum|p2a: TESLA? GNARLY
|-supereffective|p2a: TESLA? GNARLY
|-damage|p2a: TESLA? GNARLY|0 fnt
|faint|p2a: TESLA? GNARLY
|-end|p2a: TESLA? GNARLY|Quark Drive|[silent]
|
|upkeep
|
|t:|1760378243
|switch|p2a: espresso|Hatterene, F|100/100
|turn|22
|
|t:|1760378253
|move|p1a: Zapdos|Stomping Tantrum|p2a: espresso
|-damage|p2a: espresso|79/100
|move|p2a: espresso|Trick Room|p2a: espresso
|-fieldstart|move: Trick Room|[of] p2a: espresso
|
|-heal|p2a: espresso|85/100|[from] item: Leftovers
|upkeep
|turn|23
|
|t:|1760378282
|switch|p2a: nice & slow|Ursaluna, F|94/100 brn
|move|p1a: Zapdos|Stomping Tantrum|p2a: nice & slow
|-damage|p2a: nice & slow|77/100 brn
|
|-damage|p2a: nice & slow|71/100 brn|[from] brn
|upkeep
|turn|24
|
|t:|1760378289
|-terastallize|p2a: nice & slow|Normal
|move|p2a: nice & slow|Facade|p1a: Zapdos
|-damage|p1a: Zapdos|0 fnt
|faint|p1a: Zapdos
|
|-damage|p2a: nice & slow|65/100 brn|[from] brn
|upkeep
|
|t:|1760378293
|switch|p1a: thanos|Kingambit, F|50/100
|-activate|p1a: thanos|ability: Supreme Overlord
|-start|p1a: thanos|fallen5|[silent]
|turn|25
|
|t:|1760378301
|move|p1a: thanos|Sucker Punch|p2a: nice & slow
|-damage|p2a: nice & slow|20/100 brn
|move|p2a: nice & slow|Facade|p1a: thanos
|-resisted|p1a: thanos
|-damage|p1a: thanos|0 fnt
|faint|p1a: thanos
|-end|p1a: thanos|fallen5|[silent]
|
|win|PV_09
|raw|enormouschilli's rating: 1490 &rarr; <strong>1469</strong><br />(-21 for losing)
|raw|PV_09's rating: 1474 &rarr; <strong>1495</strong><br />(+21 for winning)
|l|☆enormouschilli
|player|p1|
|l|☆PV_09
|player|p2|
