|j|‽flinchirator
|j|☆Otaco Fedido
|t:|1760328870
|gametype|singles
|player|p1|flinchirator|miku-ice|1451
|player|p2|Otaco Fedido|shadowtriad|1433
|gen|9
|tier|[Gen 9] OU
|rated|
|rule|HP Percentage Mod: HP is shown in percentages
|rule|Endless Battle Clause: Forcing endless battles is banned
|rule|Species Clause: Limit one of each Pokémon
|rule|OHKO Clause: OHKO moves are banned
|rule|Evasion Items Clause: Evasion items are banned
|rule|Evasion Moves Clause: Evasion moves are banned
|rule|Evasion Abilities Clause: Evasion abilities are banned
|rule|Sleep Moves Clause: Sleep-inducing moves are banned
|clearpoke
|poke|p1|Zapdos|
|poke|p1|Iron Treads|
|poke|p1|Ogerpon-Wellspring, F|
|poke|p1|Keldeo-Resolute|
|poke|p1|Iron Valiant|
|poke|p1|Dragonite, M|
|poke|p2|Kyurem|
|poke|p2|Great Tusk|
|poke|p2|Kingambit, F|
|poke|p2|Moltres|
|poke|p2|Ogerpon-Wellspring, F|
|poke|p2|Slowking-Galar, F|
|teampreview
|inactive|Battle timer is ON: inactive players will automatically lose when time's up. (requested by flinchirator)
|
|t:|1760328900
|teamsize|p1|6
|teamsize|p2|6
|start
|switch|p1a: Iron Treads|Iron Treads|100/100
|switch|p2a: Slowking|Slowking-Galar, F|100/100
|turn|1
|
|t:|1760328905
|switch|p2a: Great Tusk|Great Tusk|100/100
|move|p1a: Iron Treads|Knock Off|p2a: Great Tusk
|-resisted|p2a: Great Tusk
|-damage|p2a: Great Tusk|93/100
|-enditem|p2a: Great Tusk|Leftovers|[from] move: Knock Off|[of] p1a: Iron Treads
|
|upkeep
|turn|2
|
|t:|1760328909
|-end|p1a: Iron Treads|Quark Drive|[silent]
|switch|p1a: Zapdos|Zapdos|100/100
|move|p2a: Great Tusk|Headlong Rush|p1a: Zapdos
|-immune|p1a: Zapdos
|
|upkeep
|turn|3
|
|t:|1760328916
|-end|p2a: Great Tusk|Protosynthesis|[silent]
|switch|p2a: Slowking|Slowking-Galar, F|100/100
|move|p1a: Zapdos|U-turn|p2a: Slowking
|-damage|p2a: Slowking|86/100
|
|t:|1760328922
|switch|p1a: Iron Treads|Iron Treads|100/100|[from] U-turn
|
|upkeep
|turn|4
|
|t:|1760328926
|switch|p2a: Great Tusk|Great Tusk|93/100
|move|p1a: Iron Treads|Stealth Rock|p2a: Great Tusk
|-sidestart|p2: Otaco Fedido|move: Stealth Rock
|
|upkeep
|turn|5
|
|t:|1760328936
|-end|p1a: Iron Treads|Quark Drive|[silent]
|switch|p1a: Zapdos|Zapdos|100/100
|move|p2a: Great Tusk|Rapid Spin|p1a: Zapdos
|-damage|p1a: Zapdos|89/100
|-boost|p2a: Great Tusk|spe|1
|-sideend|p2: Otaco Fedido|Stealth Rock|[from] move: Rapid Spin|[of] p2a: Great Tusk
|
|upkeep
|turn|6
|
|t:|1760328944
|-end|p2a: Great Tusk|Protosynthesis|[silent]
|switch|p2a: Slowking|Slowking-Galar, F|100/100
|move|p1a: Zapdos|U-turn|p2a: Slowking
|-damage|p2a: Slowking|87/100
|
|t:|1760328949
|switch|p1a: Iron Treads|Iron Treads|100/100|[from] U-turn
|
|upkeep
|turn|7
|
|t:|1760328952
|switch|p2a: Great Tusk|Great Tusk|93/100
|move|p1a: Iron Treads|Stealth Rock|p2a: Great Tusk
|-sidestart|p2: Otaco Fedido|move: Stealth Rock
|
|upkeep
|turn|8
|
|t:|1760328962
|-end|p1a: Iron Treads|Quark Drive|[silent]
|switch|p1a: Zapdos|Zapdos|89/100
|move|p2a: Great Tusk|Rapid Spin|p1a: Zapdos
|-damage|p1a: Zapdos|79/100
|-boost|p2a: Great Tusk|spe|1
|-sideend|p2: Otaco Fedido|Stealth Rock|[from] move: Rapid Spin|[of] p2a: Great Tusk
|
|upkeep
|turn|9
|
|t:|1760328969
|-end|p2a: Great Tusk|Protosynthesis|[silent]
|switch|p2a: Slowking|Slowking-Galar, F|100/100
|move|p1a: Zapdos|Heat Wave|p2a: Slowking
|-damage|p2a: Slowking|84/100
|
|upkeep
|turn|10
|
|t:|1760328977
|move|p1a: Zapdos|U-turn|p2a: Slowking
|-damage|p2a: Slowking|70/100
|
|t:|1760328982
|switch|p1a: Iron Treads|Iron Treads|100/100|[from] U-turn
|move|p2a: Slowking|Future Sight|p1a: Iron Treads
|-start|p2a: Slowking|move: Future Sight
|
|upkeep
|turn|11
|
|t:|1760328987
|switch|p2a: Great Tusk|Great Tusk|93/100
|move|p1a: Iron Treads|Stealth Rock|p2a: Great Tusk
|-sidestart|p2: Otaco Fedido|move: Stealth Rock
|
|upkeep
|turn|12
|
|t:|1760328994
|move|p2a: Great Tusk|Headlong Rush|p1a: Iron Treads
|-supereffective|p1a: Iron Treads
|-damage|p1a: Iron Treads|19/100
|-unboost|p2a: Great Tusk|def|1
|-unboost|p2a: Great Tusk|spd|1
|move|p1a: Iron Treads|Earthquake|p2a: Great Tusk
|-damage|p2a: Great Tusk|60/100
|
|-end|p1a: Iron Treads|move: Future Sight
|-resisted|p1a: Iron Treads
|-damage|p1a: Iron Treads|0 fnt
|faint|p1a: Iron Treads
|-end|p1a: Iron Treads|Quark Drive|[silent]
|upkeep
|
|t:|1760329000
|switch|p1a: Ogerpon|Ogerpon-Wellspring, F|100/100
|turn|13
|
|t:|1760329030
|-end|p2a: Great Tusk|Protosynthesis|[silent]
|switch|p2a: Ogerpon|Ogerpon-Wellspring, F|100/100
|-damage|p2a: Ogerpon|88/100|[from] Stealth Rock
|move|p1a: Ogerpon|Swords Dance|p1a: Ogerpon
|-boost|p1a: Ogerpon|atk|2
|
|upkeep
|turn|14
|
|t:|1760329037
|move|p1a: Ogerpon|Power Whip|p2a: Ogerpon|[miss]
|-miss|p1a: Ogerpon|p2a: Ogerpon
|move|p2a: Ogerpon|Power Whip|p1a: Ogerpon
|-damage|p1a: Ogerpon|15/100
|
|upkeep
|turn|15
|
|t:|1760329046
|move|p2a: Ogerpon|Power Whip|p1a: Ogerpon|[miss]
|-miss|p2a: Ogerpon|p1a: Ogerpon
|move|p1a: Ogerpon|Power Whip|p2a: Ogerpon
|-damage|p2a: Ogerpon|0 fnt
|faint|p2a: Ogerpon
|
|upkeep
|
|t:|1760329053
|switch|p2a: Kingambit|Kingambit, F|100/100
|-damage|p2a: Kingambit|94/100|[from] Stealth Rock
|-activate|p2a: Kingambit|ability: Supreme Overlord
|-start|p2a: Kingambit|fallen1|[silent]
|turn|16
|
|t:|1760329060
|switch|p1a: Keldeo|Keldeo-Resolute|100/100
|move|p2a: Kingambit|Iron Head|p1a: Keldeo
|-resisted|p1a: Keldeo
|-damage|p1a: Keldeo|70/100
|
|-heal|p1a: Keldeo|77/100|[from] item: Leftovers
|-heal|p2a: Kingambit|100/100|[from] item: Leftovers
|upkeep
|turn|17
|
|t:|1760329078
|switch|p1a: Ogerpon|Ogerpon-Wellspring, F|15/100
|-end|p2a: Kingambit|fallen1|[silent]
|switch|p2a: Slowking|Slowking-Galar, F|100/100
|
|upkeep
|turn|18
|
|t:|1760329095
|switch|p2a: Great Tusk|Great Tusk|60/100
|-damage|p2a: Great Tusk|57/100|[from] Stealth Rock
|move|p1a: Ogerpon|Ivy Cudgel|p2a: Great Tusk|[anim] Ivy Cudgel Water
|-supereffective|p2a: Great Tusk
|-damage|p2a: Great Tusk|0 fnt
|faint|p2a: Great Tusk
|-end|p2a: Great Tusk|Protosynthesis|[silent]
|
|upkeep
|
|t:|1760329098
|switch|p2a: Kingambit|Kingambit, F|100/100
|-damage|p2a: Kingambit|94/100|[from] Stealth Rock
|-activate|p2a: Kingambit|ability: Supreme Overlord
|-start|p2a: Kingambit|fallen2|[silent]
|turn|19
|
|t:|1760329103
|switch|p1a: Keldeo|Keldeo-Resolute|77/100
|move|p2a: Kingambit|Sucker Punch||[still]
|-fail|p2a: Kingambit
|
|-heal|p1a: Keldeo|83/100|[from] item: Leftovers
|-heal|p2a: Kingambit|100/100|[from] item: Leftovers
|upkeep
|turn|20
|
|t:|1760329110
|-end|p2a: Kingambit|fallen2|[silent]
|switch|p2a: Slowking|Slowking-Galar, F|100/100
|move|p1a: Keldeo|Calm Mind|p1a: Keldeo
|-boost|p1a: Keldeo|spa|1
|-boost|p1a: Keldeo|spd|1
|
|-heal|p1a: Keldeo|89/100|[from] item: Leftovers
|upkeep
|turn|21
|
|t:|1760329117
|move|p1a: Keldeo|Substitute|p1a: Keldeo
|-start|p1a: Keldeo|Substitute
|-damage|p1a: Keldeo|64/100
|move|p2a: Slowking|Future Sight|p1a: Keldeo
|-start|p2a: Slowking|move: Future Sight
|
|-heal|p1a: Keldeo|70/100|[from] item: Leftovers
|upkeep
|turn|22
|
|t:|1760329122
|move|p1a: Keldeo|Surf|p2a: Slowking
|-damage|p2a: Slowking|63/100
|move|p2a: Slowking|Sludge Bomb|p1a: Keldeo
|-end|p1a: Keldeo|Substitute
|
|-heal|p1a: Keldeo|77/100|[from] item: Leftovers
|upkeep
|turn|23
|
|t:|1760329134
|switch|p1a: Ogerpon|Ogerpon-Wellspring, F|15/100
|move|p2a: Slowking|Sludge Bomb|p1a: Ogerpon
|-supereffective|p1a: Ogerpon
|-damage|p1a: Ogerpon|0 fnt
|faint|p1a: Ogerpon
|
|-hint|Future Sight did not hit because the target is fainted.
|upkeep
|
|t:|1760329148
|switch|p1a: Iron Valiant|Iron Valiant|100/100
|-enditem|p1a: Iron Valiant|Booster Energy
|-activate|p1a: Iron Valiant|ability: Quark Drive|[fromitem]
|-start|p1a: Iron Valiant|quarkdrivespe
|turn|24
|
|t:|1760329163
|move|p1a: Iron Valiant|Knock Off|p2a: Slowking
|-supereffective|p2a: Slowking
|-damage|p2a: Slowking|0 fnt
|-enditem|p2a: Slowking|Heavy-Duty Boots|[from] move: Knock Off|[of] p1a: Iron Valiant
|faint|p2a: Slowking
|
|upkeep
|
|t:|1760329167
|switch|p2a: Moltres|Moltres|100/100
|turn|25
|
|t:|1760329179
|move|p1a: Iron Valiant|Knock Off|p2a: Moltres
|-damage|p2a: Moltres|78/100
|-enditem|p2a: Moltres|Heavy-Duty Boots|[from] move: Knock Off|[of] p1a: Iron Valiant
|move|p2a: Moltres|Flamethrower|p1a: Iron Valiant
|-damage|p1a: Iron Valiant|38/100
|
|upkeep
|turn|26
|
|t:|1760329197
|move|p1a: Iron Valiant|Encore|p2a: Moltres
|-start|p2a: Moltres|Encore
|move|p2a: Moltres|Flamethrower|p1a: Iron Valiant
|-damage|p1a: Iron Valiant|0 fnt
|faint|p1a: Iron Valiant
|-end|p1a: Iron Valiant|Quark Drive|[silent]
|
|upkeep
|
|t:|1760329199
|switch|p1a: Keldeo|Keldeo-Resolute|77/100
|turn|27
|
|t:|1760329205
|move|p1a: Keldeo|Calm Mind|p1a: Keldeo
|-boost|p1a: Keldeo|spa|1
|-boost|p1a: Keldeo|spd|1
|move|p2a: Moltres|Flamethrower|p1a: Keldeo
|-resisted|p1a: Keldeo
|-damage|p1a: Keldeo|62/100
|
|-heal|p1a: Keldeo|68/100|[from] item: Leftovers
|upkeep
|turn|28
|
|t:|1760329209
|move|p1a: Keldeo|Substitute|p1a: Keldeo
|-start|p1a: Keldeo|Substitute
|-damage|p1a: Keldeo|43/100
|move|p2a: Moltres|Flamethrower|p1a: Keldeo
|-resisted|p1a: Keldeo
|-activate|p1a: Keldeo|move: Substitute|[damage]
|
|-heal|p1a: Keldeo|49/100|[from] item: Leftovers
|-end|p2a: Moltres|Encore
|upkeep
|turn|29
|
|t:|1760329214
|move|p1a: Keldeo|Surf|p2a: Moltres
|-supereffective|p2a: Moltres
|-damage|p2a: Moltres|0 fnt
|faint|p2a: Moltres
|
|-heal|p1a: Keldeo|56/100|[from] item: Leftovers
|upkeep
|
|t:|1760329218
|switch|p2a: Kingambit|Kingambit, F|100/100
|-damage|p2a: Kingambit|94/100|[from] Stealth Rock
|-activate|p2a: Kingambit|ability: Supreme Overlord
|-start|p2a: Kingambit|fallen4|[silent]
|turn|30
|
|t:|1760329239
|-terastallize|p2a: Kingambit|Ghost
|move|p1a: Keldeo|Surf|p2a: Kingambit
|-damage|p2a: Kingambit|11/100
|move|p2a: Kingambit|Kowtow Cleave|p1a: Keldeo
|-resisted|p1a: Keldeo
|-end|p1a: Keldeo|Substitute
|
|-heal|p1a: Keldeo|62/100|[from] item: Leftovers
|-heal|p2a: Kingambit|17/100|[from] item: Leftovers
|upkeep
|turn|31
|
|t:|1760329246
|move|p1a: Keldeo|Surf|p2a: Kingambit
|-damage|p2a: Kingambit|0 fnt
|faint|p2a: Kingambit
|-end|p2a: Kingambit|fallen4|[silent]
|
|-heal|p1a: Keldeo|68/100|[from] item: Leftovers
|upkeep
|-message|Otaco Fedido forfeited.
|
|win|flinchirator
|raw|flinchirator's rating: 1451 &rarr; <strong>1470</strong><br />(+19 for winning)
|raw|Otaco Fedido's rating: 1433 &rarr; <strong>1414</strong><br />(-19 for losing)
|l|☆Otaco Fedido
|player|p2|
|l|‽flinchirator
|player|p1|
