|j|☆JimmyCWard
|j|‽Heat My Shorts
|t:|1760435237
|gametype|singles
|player|p1|JimmyCWard|veteran|1116
|player|p2|Heat My Shorts|firebreather-gen2|1148
|gen|9
|tier|[Gen 9] OU
|rated|
|rule|HP Percentage Mod: HP is shown in percentages
|rule|Endless Battle Clause: Forcing endless battles is banned
|rule|Species Clause: Limit one of each Pokémon
|rule|OHKO Clause: OHKO moves are banned
|rule|Evasion Items Clause: Evasion items are banned
|rule|Evasion Moves Clause: Evasion moves are banned
|rule|Evasion Abilities Clause: Evasion abilities are banned
|rule|Sleep Moves Clause: Sleep-inducing moves are banned
|clearpoke
|poke|p1|Metagross|
|poke|p1|Ursaluna, M|
|poke|p1|Grimmsnarl, M|
|poke|p1|Dragonite, M|
|poke|p1|Cinccino, F|
|poke|p1|Ambipom, M|
|poke|p2|Ninetales, F|
|poke|p2|Walking Wake|
|poke|p2|Raging Bolt|
|poke|p2|Iron Moth|
|poke|p2|Hatterene, F|
|poke|p2|Landorus-Therian, M|
|teampreview
|inactive|Battle timer is ON: inactive players will automatically lose when time's up. (requested by Heat My Shorts)
|
|t:|1760435263
|teamsize|p1|6
|teamsize|p2|6
|start
|switch|p1a: Metagross|Metagross|100/100
|switch|p2a: Ninetales|Ninetales, F, shiny|100/100
|-weather|SunnyDay|[from] ability: Drought|[of] p2a: Ninetales
|turn|1
|c|☆JimmyCWard|hi
|c|☆JimmyCWard|hi
|c|☆JimmyCWard|hi
|c|☆JimmyCWard|hi
|c|☆JimmyCWard|hi
|c|☆JimmyCWard|hi
|
|t:|1760435289
|switch|p2a: Hatterene|Hatterene, F|100/100
|move|p1a: Metagross|Light Screen|p1a: Metagross
|-sidestart|p1: JimmyCWard|move: Light Screen
|
|-weather|SunnyDay|[upkeep]
|upkeep
|turn|2
|inactive|Heat My Shorts has 120 seconds left.
|
|t:|1760435305
|switch|p2a: Landorus|Landorus-Therian, M|100/100
|-ability|p2a: Landorus|Intimidate|boost
|-fail|p1a: Metagross|unboost|[from] ability: Clear Body|[of] p1a: Metagross
|move|p1a: Metagross|Reflect|p1a: Metagross
|-sidestart|p1: JimmyCWard|Reflect
|
|-weather|SunnyDay|[upkeep]
|upkeep
|turn|3
|
|t:|1760435315
|move|p2a: Landorus|Stealth Rock|p1a: Metagross
|-sidestart|p1: JimmyCWard|move: Stealth Rock
|move|p1a: Metagross|Stealth Rock|p2a: Landorus
|-sidestart|p2: Heat My Shorts|move: Stealth Rock
|
|-weather|SunnyDay|[upkeep]
|upkeep
|turn|4
|
|t:|1760435336
|move|p2a: Landorus|Earth Power|p1a: Metagross
|-supereffective|p1a: Metagross
|-damage|p1a: Metagross|67/100
|move|p1a: Metagross|Explosion|p2a: Landorus
|-damage|p2a: Landorus|23/100
|faint|p1a: Metagross
|
|-weather|SunnyDay|[upkeep]
|upkeep
|
|t:|1760435349
|switch|p1a: Ambipom|Ambipom, M|100/100
|-damage|p1a: Ambipom|88/100|[from] Stealth Rock
|turn|5
|
|t:|1760435360
|switch|p2a: Hatterene|Hatterene, F|100/100
|-damage|p2a: Hatterene|88/100|[from] Stealth Rock
|move|p1a: Ambipom|Fake Out|p2a: Hatterene
|-damage|p2a: Hatterene|60/100
|-enditem|p2a: Hatterene|Eject Button
|-damage|p1a: Ambipom|78/100|[from] item: Life Orb
|
|t:|1760435376
|switch|p2a: Walking Wake|Walking Wake|100/100
|-damage|p2a: Walking Wake|88/100|[from] Stealth Rock
|-activate|p2a: Walking Wake|ability: Protosynthesis
|-start|p2a: Walking Wake|protosynthesisspe
|
|-weather|SunnyDay|[upkeep]
|upkeep
|turn|6
|
|t:|1760435384
|-terastallize|p2a: Walking Wake|Water
|move|p2a: Walking Wake|Hydro Steam|p1a: Ambipom
|-damage|p1a: Ambipom|0 fnt
|faint|p1a: Ambipom
|
|-weather|SunnyDay|[upkeep]
|upkeep
|
|t:|1760435393
|switch|p1a: Ursaluna|Ursaluna, M|100/100
|-damage|p1a: Ursaluna|94/100|[from] Stealth Rock
|turn|7
|c|☆JimmyCWard|hi
|c|☆JimmyCWard|hi
|c|☆JimmyCWard|hi
|c|☆JimmyCWard|hi
|
|t:|1760435422
|-terastallize|p1a: Ursaluna|Ghost
|move|p2a: Walking Wake|Hydro Steam|p1a: Ursaluna
|-damage|p1a: Ursaluna|49/100
|move|p1a: Ursaluna|Swords Dance|p1a: Ursaluna
|-boost|p1a: Ursaluna|atk|2
|
|-weather|SunnyDay|[upkeep]
|-status|p1a: Ursaluna|brn|[from] item: Flame Orb
|upkeep
|turn|8
|inactive|Heat My Shorts has 120 seconds left.
|
|t:|1760435440
|-end|p2a: Walking Wake|Protosynthesis|[silent]
|switch|p2a: Landorus|Landorus-Therian, M|23/100
|-damage|p2a: Landorus|11/100|[from] Stealth Rock
|-ability|p2a: Landorus|Intimidate|boost
|-unboost|p1a: Ursaluna|atk|1
|move|p1a: Ursaluna|Facade|p2a: Landorus
|-damage|p2a: Landorus|0 fnt
|-damage|p1a: Ursaluna|33/100 brn|[from] item: Rocky Helmet|[of] p2a: Landorus
|faint|p2a: Landorus
|
|-weather|none
|-damage|p1a: Ursaluna|27/100 brn|[from] brn
|-sideend|p1: JimmyCWard|move: Light Screen
|upkeep
|inactive|Heat My Shorts has 120 seconds left.
|
|t:|1760435455
|switch|p2a: Ninetales|Ninetales, F, shiny|100/100
|-damage|p2a: Ninetales|76/100|[from] Stealth Rock
|-weather|SunnyDay|[from] ability: Drought|[of] p2a: Ninetales
|turn|9
|
|t:|1760435464
|move|p2a: Ninetales|Weather Ball|p1a: Ursaluna
|-damage|p1a: Ursaluna|0 fnt
|faint|p1a: Ursaluna
|
|-weather|SunnyDay|[upkeep]
|-sideend|p1: JimmyCWard|Reflect
|upkeep
|
|t:|1760435477
|switch|p1a: Grimmsnarl|Grimmsnarl, M|100/100
|-damage|p1a: Grimmsnarl|88/100|[from] Stealth Rock
|turn|10
|
|t:|1760435488
|move|p1a: Grimmsnarl|Thunder Wave|p2a: Ninetales
|-status|p2a: Ninetales|par
|move|p2a: Ninetales|Encore|p1a: Grimmsnarl
|-start|p1a: Grimmsnarl|Encore
|
|-weather|SunnyDay|[upkeep]
|-heal|p1a: Grimmsnarl|94/100|[from] item: Leftovers
|upkeep
|turn|11
|inactive|Heat My Shorts has 120 seconds left.
|c|☆JimmyCWard|hi
|c|☆JimmyCWard|hi
|c|☆JimmyCWard|hi
|c|☆JimmyCWard|hi
|c|☆JimmyCWard|hi
|c|☆JimmyCWard|hi
|c|☆JimmyCWard|hi
|c|☆JimmyCWard|hi
|c|☆JimmyCWard|hi
|c|☆JimmyCWard|hi
|c|☆JimmyCWard|hi
|c|☆JimmyCWard|hi
|c|☆JimmyCWard|hi
|c|☆JimmyCWard|hi
|c|☆JimmyCWard|hi
|c|☆JimmyCWard|hi
|c|☆JimmyCWard|hi
|
|t:|1760435519
|switch|p2a: Raging Bolt|Raging Bolt|100/100
|-damage|p2a: Raging Bolt|88/100|[from] Stealth Rock
|-activate|p2a: Raging Bolt|ability: Protosynthesis
|-start|p2a: Raging Bolt|protosynthesisspa
|switch|p1a: Dragonite|Dragonite, M|100/100
|
|-weather|SunnyDay|[upkeep]
|upkeep
|turn|12
|
|t:|1760435529
|move|p2a: Raging Bolt|Thunderbolt|p1a: Dragonite
|-damage|p1a: Dragonite|57/100
|-damage|p2a: Raging Bolt|78/100|[from] item: Life Orb
|move|p1a: Dragonite|Earthquake|p2a: Raging Bolt
|-supereffective|p2a: Raging Bolt
|-damage|p2a: Raging Bolt|7/100
|
|-weather|SunnyDay|[upkeep]
|upkeep
|turn|13
|
|t:|1760435546
|switch|p1a: Grimmsnarl|Grimmsnarl, M|94/100
|-damage|p1a: Grimmsnarl|82/100|[from] Stealth Rock
|move|p2a: Raging Bolt|Thunderbolt|p1a: Grimmsnarl
|-damage|p1a: Grimmsnarl|0 fnt
|faint|p1a: Grimmsnarl
|-damage|p2a: Raging Bolt|0 fnt|[from] item: Life Orb
|faint|p2a: Raging Bolt
|-end|p2a: Raging Bolt|Protosynthesis|[silent]
|
|-weather|SunnyDay|[upkeep]
|upkeep
|inactive|Heat My Shorts has 90 seconds left.
|inactive|JimmyCWard has 120 seconds left.
|
|t:|1760435577
|switch|p2a: Iron Moth|Iron Moth|100/100
|switch|p1a: Cinccino|Cinccino, F, shiny|100/100
|-damage|p1a: Cinccino|88/100|[from] Stealth Rock
|-damage|p2a: Iron Moth|76/100|[from] Stealth Rock
|-enditem|p2a: Iron Moth|Booster Energy
|-activate|p2a: Iron Moth|ability: Quark Drive|[fromitem]
|-start|p2a: Iron Moth|quarkdrivespe
|turn|14
|inactive|JimmyCWard has 120 seconds left.
|
|t:|1760435591
|move|p2a: Iron Moth|Fiery Dance|p1a: Cinccino
|-damage|p1a: Cinccino|0 fnt
|-boost|p2a: Iron Moth|spa|1
|faint|p1a: Cinccino
|
|-weather|SunnyDay|[upkeep]
|upkeep
|inactive|JimmyCWard has 120 seconds left.
|-message|JimmyCWard forfeited.
|
|win|Heat My Shorts
|raw|JimmyCWard's rating: 1116 &rarr; <strong>1093</strong><br />(-23 for losing)
|raw|Heat My Shorts's rating: 1148 &rarr; <strong>1171</strong><br />(+23 for winning)
|l|☆JimmyCWard
|player|p1|
|l|‽Heat My Shorts
|player|p2|
