|j|‽thetidleypeeps
|j|☆PrimeXStriker
|t:|1760365808
|gametype|singles
|player|p1|thetidleypeeps|265|1530
|player|p2|PrimeXStriker|marshal|1552
|gen|9
|tier|[Gen 9] OU
|rated|
|rule|HP Percentage Mod: HP is shown in percentages
|rule|Endless Battle Clause: Forcing endless battles is banned
|rule|Species Clause: Limit one of each Pokémon
|rule|OHKO Clause: OHKO moves are banned
|rule|Evasion Items Clause: Evasion items are banned
|rule|Evasion Moves Clause: Evasion moves are banned
|rule|Evasion Abilities Clause: Evasion abilities are banned
|rule|Sleep Moves Clause: Sleep-inducing moves are banned
|clearpoke
|poke|p1|Great Tusk|
|poke|p1|Iron Valiant|
|poke|p1|Dragapult, M|
|poke|p1|Dragonite, F|
|poke|p1|Garganacl, M|
|poke|p1|Moltres|
|poke|p2|Zapdos-Galar|
|poke|p2|Iron Jugulis|
|poke|p2|Primarina, M|
|poke|p2|Cinderace, F|
|poke|p2|Tyranitar, M|
|poke|p2|Great Tusk|
|teampreview
|
|t:|1760365820
|teamsize|p1|6
|teamsize|p2|6
|start
|switch|p1a: Dragapult|Dragapult, M, shiny|100/100
|switch|p2a: Iron Jugulis|Iron Jugulis|100/100
|turn|1
|inactive|Battle timer is ON: inactive players will automatically lose when time's up. (requested by PrimeXStriker)
|inactive|PrimeXStriker has 120 seconds left.
|
|t:|1760365866
|move|p2a: Iron Jugulis|Dark Pulse|p1a: Dragapult
|-supereffective|p1a: Dragapult
|-damage|p1a: Dragapult|0 fnt
|faint|p1a: Dragapult
|
|upkeep
|
|t:|1760365869
|switch|p1a: Iron Valiant|Iron Valiant, shiny|100/100
|-enditem|p1a: Iron Valiant|Booster Energy
|-activate|p1a: Iron Valiant|ability: Quark Drive|[fromitem]
|-start|p1a: Iron Valiant|quarkdrivespe
|turn|2
|inactive|PrimeXStriker has 120 seconds left.
|l|☆PrimeXStriker
|inactive|PrimeXStriker disconnected and has a minute to reconnect!
|player|p2|
|inactive|PrimeXStriker has 30 seconds to reconnect!
|inactive|PrimeXStriker has 20 seconds to reconnect!
|inactive|PrimeXStriker has 15 seconds to reconnect!
|inactive|PrimeXStriker has 10 seconds to reconnect!
|inactive|PrimeXStriker has 5 seconds to reconnect!
|j|☆PrimeXStriker
|inactive|PrimeXStriker reconnected and has 60 seconds left.
|player|p2|PrimeXStriker|marshal|
|
|t:|1760365971
|-end|p2a: Iron Jugulis|Quark Drive|[silent]
|switch|p2a: Primarina|Primarina, M|100/100
|move|p1a: Iron Valiant|Moonblast|p2a: Primarina
|-damage|p2a: Primarina|61/100
|-unboost|p2a: Primarina|spa|1
|
|-heal|p2a: Primarina|68/100|[from] item: Leftovers
|upkeep
|turn|3
|
|t:|1760365976
|move|p1a: Iron Valiant|Thunderbolt|p2a: Primarina
|-supereffective|p2a: Primarina
|-crit|p2a: Primarina
|-damage|p2a: Primarina|0 fnt
|faint|p2a: Primarina
|
|upkeep
|inactive|PrimeXStriker has 60 seconds left.
|
|t:|1760365986
|switch|p2a: Cinderace|Cinderace, F|100/100
|turn|4
|
|t:|1760365991
|-end|p1a: Iron Valiant|Quark Drive|[silent]
|switch|p1a: Garganacl|Garganacl, M|100/100
|move|p2a: Cinderace|Pyro Ball|p1a: Garganacl
|-resisted|p1a: Garganacl
|-crit|p1a: Garganacl
|-damage|p1a: Garganacl|78/100
|
|-heal|p1a: Garganacl|85/100|[from] item: Leftovers
|upkeep
|turn|5
|
|t:|1760366005
|move|p2a: Cinderace|U-turn|p1a: Garganacl
|-start|p2a: Cinderace|typechange|Bug|[from] ability: Libero
|-damage|p1a: Garganacl|68/100
|
|t:|1760366010
|switch|p2a: Great Tusk|Great Tusk|100/100|[from] U-turn
|move|p1a: Garganacl|Salt Cure|p2a: Great Tusk
|-resisted|p2a: Great Tusk
|-damage|p2a: Great Tusk|99/100
|-start|p2a: Great Tusk|Salt Cure
|
|-heal|p1a: Garganacl|74/100|[from] item: Leftovers
|-damage|p2a: Great Tusk|86/100|[from] Salt Cure
|upkeep
|turn|6
|
|t:|1760366015
|move|p1a: Garganacl|Protect|p1a: Garganacl
|-singleturn|p1a: Garganacl|Protect
|move|p2a: Great Tusk|Stealth Rock|p1a: Garganacl
|-sidestart|p1: thetidleypeeps|move: Stealth Rock
|
|-heal|p1a: Garganacl|80/100|[from] item: Leftovers
|-damage|p2a: Great Tusk|74/100|[from] Salt Cure
|upkeep
|turn|7
|
|t:|1760366020
|switch|p1a: Great Tusk|Great Tusk|100/100
|-damage|p1a: Great Tusk|98/100|[from] Stealth Rock
|-enditem|p1a: Great Tusk|Booster Energy
|-activate|p1a: Great Tusk|ability: Protosynthesis|[fromitem]
|-start|p1a: Great Tusk|protosynthesisatk
|move|p2a: Great Tusk|Earthquake|p1a: Great Tusk
|-damage|p1a: Great Tusk|63/100
|
|-damage|p2a: Great Tusk|62/100|[from] Salt Cure
|upkeep
|turn|8
|
|t:|1760366024
|-end|p2a: Great Tusk|Protosynthesis|[silent]
|switch|p2a: Zapdos|Zapdos-Galar|100/100
|move|p1a: Great Tusk|Rapid Spin|p2a: Zapdos
|-damage|p2a: Zapdos|76/100
|-boost|p1a: Great Tusk|spe|1
|-sideend|p1: thetidleypeeps|Stealth Rock|[from] move: Rapid Spin|[of] p1a: Great Tusk
|
|upkeep
|turn|9
|
|t:|1760366031
|move|p1a: Great Tusk|Ice Spinner|p2a: Zapdos
|-supereffective|p2a: Zapdos
|-crit|p2a: Zapdos
|-damage|p2a: Zapdos|0 fnt
|faint|p2a: Zapdos
|
|upkeep
|-message|PrimeXStriker forfeited.
|
|win|thetidleypeeps
|raw|thetidleypeeps's rating: 1530 &rarr; <strong>1551</strong><br />(+21 for winning)
|raw|PrimeXStriker's rating: 1552 &rarr; <strong>1531</strong><br />(-21 for losing)
|l|☆PrimeXStriker
|player|p2|
|l|‽thetidleypeeps
|player|p1|
