|badge|p1|bronze|gen9ou|100-7
|uhtml|medal-msg|<div class="broadcast-blue">Curious what those medals under the avatar are? PS now has Ladder Seasons! For more information, check out the <a href="https://www.smogon.com/forums/threads/3740067/">thread on Smogon.</a></div>
|j|☆Trainer #39
|j|‽bepic223
|t:|1760436999
|gametype|singles
|player|p1|Trainer #39|bugsy|1858
|player|p2|bepic223|veteranf|1700
|gen|9
|tier|[Gen 9] OU
|rated|
|rule|HP Percentage Mod: HP is shown in percentages
|rule|Endless Battle Clause: Forcing endless battles is banned
|rule|Species Clause: Limit one of each Pokémon
|rule|OHKO Clause: OHKO moves are banned
|rule|Evasion Items Clause: Evasion items are banned
|rule|Evasion Moves Clause: Evasion moves are banned
|rule|Evasion Abilities Clause: Evasion abilities are banned
|rule|Sleep Moves Clause: Sleep-inducing moves are banned
|clearpoke
|poke|p1|Blissey, F|
|poke|p1|Corviknight, M|
|poke|p1|Dondozo, M|
|poke|p1|Gliscor, M|
|poke|p1|Clefable, M|
|poke|p1|Slowking-Galar, M|
|poke|p2|Darkrai|
|poke|p2|Ogerpon-Wellspring, F|
|poke|p2|Hatterene, F|
|poke|p2|Slowking-Galar, M|
|poke|p2|Landorus-Therian, M|
|poke|p2|Kingambit, M|
|teampreview
|inactive|Battle timer is ON: inactive players will automatically lose when time's up. (requested by bepic223)
|inactive|Trainer #39 has 120 seconds left.
|j| kkfjjfjfjj
|inactive|Trainer #39 has 90 seconds left.
|inactive|Trainer #39 has 60 seconds left.
|inactive|Trainer #39 has 30 seconds left.
|inactive|Trainer #39 has 20 seconds left.
|
|t:|1760437130
|teamsize|p1|6
|teamsize|p2|6
|start
|switch|p1a: 🇮🇱=stop genocide|Gliscor, M|100/100
|switch|p2a: Landorus|Landorus-Therian, M|100/100
|-ability|p2a: Landorus|Intimidate|boost
|-unboost|p1a: 🇮🇱=stop genocide|atk|1
|turn|1
|
|t:|1760437137
|move|p2a: Landorus|Taunt|p1a: 🇮🇱=stop genocide
|-start|p1a: 🇮🇱=stop genocide|move: Taunt
|cant|p1a: 🇮🇱=stop genocide|move: Taunt|Toxic
|
|-status|p1a: 🇮🇱=stop genocide|tox|[from] item: Toxic Orb
|upkeep
|turn|2
|
|t:|1760437140
|switch|p1a: Charlie Kirk: idc|Corviknight, M|100/100
|-ability|p1a: Charlie Kirk: idc|Pressure
|move|p2a: Landorus|Stealth Rock|p1a: Charlie Kirk: idc
|-sidestart|p1: Trainer #39|move: Stealth Rock
|
|upkeep
|turn|3
|
|t:|1760437146
|move|p2a: Landorus|Taunt|p1a: Charlie Kirk: idc
|-start|p1a: Charlie Kirk: idc|move: Taunt
|move|p1a: Charlie Kirk: idc|Brave Bird|p2a: Landorus
|-damage|p2a: Landorus|66/100
|-damage|p1a: Charlie Kirk: idc|84/100|[from] item: Rocky Helmet|[of] p2a: Landorus
|-damage|p1a: Charlie Kirk: idc|73/100|[from] Recoil
|
|upkeep
|turn|4
|
|t:|1760437157
|switch|p2a: Slowking|Slowking-Galar, M|100/100
|move|p1a: Charlie Kirk: idc|Brave Bird|p2a: Slowking
|-damage|p2a: Slowking|61/100
|-damage|p1a: Charlie Kirk: idc|60/100|[from] Recoil
|
|upkeep
|turn|5
|
|t:|1760437165
|move|p1a: Charlie Kirk: idc|U-turn|p2a: Slowking
|-damage|p2a: Slowking|47/100
|
|t:|1760437167
|switch|p1a: brat|Blissey, F|100/100|[from] U-turn
|move|p2a: Slowking|Psyshock|p1a: brat
|-damage|p1a: brat|64/100
|
|upkeep
|turn|6
|
|t:|1760437171
|switch|p2a: Hatterene|Hatterene, F|100/100
|move|p1a: brat|Shadow Ball|p2a: Hatterene
|-supereffective|p2a: Hatterene
|-damage|p2a: Hatterene|70/100
|
|upkeep
|turn|7
|
|t:|1760437176
|move|p1a: brat|Shadow Ball|p2a: Hatterene
|-supereffective|p2a: Hatterene
|-damage|p2a: Hatterene|37/100
|move|p2a: Hatterene|Psychic Noise|p1a: brat
|-damage|p1a: brat|52/100
|-start|p1a: brat|move: Heal Block
|
|upkeep
|turn|8
|
|t:|1760437183
|switch|p2a: Ogerpon|Ogerpon-Wellspring, F|100/100
|move|p1a: brat|Shadow Ball|p2a: Ogerpon
|-damage|p2a: Ogerpon|83/100
|-unboost|p2a: Ogerpon|spd|1
|
|-end|p1a: brat|move: Heal Block
|upkeep
|turn|9
|
|t:|1760437186
|switch|p1a: 808 and curses|Dondozo, M|100/100
|-damage|p1a: 808 and curses|88/100|[from] Stealth Rock
|move|p2a: Ogerpon|U-turn|p1a: 808 and curses
|-damage|p1a: 808 and curses|75/100
|
|t:|1760437189
|switch|p2a: Darkrai|Darkrai|100/100|[from] U-turn
|
|-heal|p1a: 808 and curses|81/100|[from] item: Leftovers
|upkeep
|turn|10
|
|t:|1760437193
|switch|p1a: Charli xcx|Clefable, M|100/100
|move|p2a: Darkrai|Trick|p1a: Charli xcx
|-activate|p2a: Darkrai|move: Trick|[of] p1a: Charli xcx
|-item|p1a: Charli xcx|Choice Specs|[from] move: Trick
|-item|p2a: Darkrai|Heavy-Duty Boots|[from] move: Trick
|
|upkeep
|turn|11
|
|t:|1760437201
|switch|p2a: Slowking|Slowking-Galar, M|81/100
|move|p1a: Charli xcx|Knock Off|p2a: Slowking
|-supereffective|p2a: Slowking
|-damage|p2a: Slowking|49/100
|-enditem|p2a: Slowking|Assault Vest|[from] move: Knock Off|[of] p1a: Charli xcx
|
|upkeep
|turn|12
|
|t:|1760437206
|move|p1a: Charli xcx|Knock Off|p2a: Slowking
|-supereffective|p2a: Slowking
|-damage|p2a: Slowking|26/100
|move|p2a: Slowking|Sludge Bomb|p1a: Charli xcx
|-supereffective|p1a: Charli xcx
|-damage|p1a: Charli xcx|39/100
|
|upkeep
|turn|13
|
|t:|1760437224
|switch|p2a: Ogerpon|Ogerpon-Wellspring, F|83/100
|move|p1a: Charli xcx|Knock Off|p2a: Ogerpon
|-damage|p2a: Ogerpon|68/100
|
|upkeep
|turn|14
|j| wgw2333
|
|t:|1760437237
|switch|p1a: Charlie Kirk: idc|Corviknight, M|60/100
|-damage|p1a: Charlie Kirk: idc|48/100|[from] Stealth Rock
|-ability|p1a: Charlie Kirk: idc|Pressure
|move|p2a: Ogerpon|U-turn|p1a: Charlie Kirk: idc
|-resisted|p1a: Charlie Kirk: idc
|-damage|p1a: Charlie Kirk: idc|44/100
|-damage|p2a: Ogerpon|51/100|[from] item: Rocky Helmet|[of] p1a: Charlie Kirk: idc
|l| kkfjjfjfjj
|inactive|bepic223 has 120 seconds left.
|
|t:|1760437275
|switch|p2a: Landorus|Landorus-Therian, M|66/100|[from] U-turn
|-ability|p2a: Landorus|Intimidate|boost
|-unboost|p1a: Charlie Kirk: idc|atk|1
|
|upkeep
|turn|15
|
|t:|1760437301
|move|p2a: Landorus|Taunt|p1a: Charlie Kirk: idc
|-start|p1a: Charlie Kirk: idc|move: Taunt
|move|p1a: Charlie Kirk: idc|Brave Bird|p2a: Landorus
|-damage|p2a: Landorus|40/100
|-damage|p1a: Charlie Kirk: idc|27/100|[from] item: Rocky Helmet|[of] p2a: Landorus
|-damage|p1a: Charlie Kirk: idc|19/100|[from] Recoil
|
|upkeep
|turn|16
|
|t:|1760437307
|switch|p2a: Slowking|Slowking-Galar, M|59/100
|move|p1a: Charlie Kirk: idc|Brave Bird|p2a: Slowking
|-damage|p2a: Slowking|31/100
|-damage|p1a: Charlie Kirk: idc|10/100|[from] Recoil
|
|upkeep
|turn|17
|inactive|Trainer #39 has 120 seconds left.
|
|t:|1760437347
|move|p1a: Charlie Kirk: idc|Brave Bird|p2a: Slowking
|-crit|p2a: Slowking
|-damage|p2a: Slowking|0 fnt
|faint|p2a: Slowking
|-damage|p1a: Charlie Kirk: idc|0 fnt|[from] Recoil
|faint|p1a: Charlie Kirk: idc
|
|upkeep
|j| hvhnbhj
|
|t:|1760437367
|switch|p1a: 🇮🇱=stop genocide|Gliscor, M|100/100 tox
|switch|p2a: Hatterene|Hatterene, F|37/100
|-damage|p1a: 🇮🇱=stop genocide|88/100 tox|[from] Stealth Rock
|turn|18
|
|t:|1760437379
|move|p1a: 🇮🇱=stop genocide|Protect|p1a: 🇮🇱=stop genocide
|-singleturn|p1a: 🇮🇱=stop genocide|Protect
|move|p2a: Hatterene|Pain Split|p1a: 🇮🇱=stop genocide
|-activate|p1a: 🇮🇱=stop genocide|move: Protect
|
|-heal|p1a: 🇮🇱=stop genocide|100/100 tox|[from] ability: Poison Heal
|upkeep
|turn|19
|
|t:|1760437392
|switch|p1a: Charli xcx|Clefable, M|39/100
|-damage|p1a: Charli xcx|27/100|[from] Stealth Rock
|move|p2a: Hatterene|Pain Split|p1a: Charli xcx
|-sethp|p1a: Charli xcx|28/100|[from] move: Pain Split|[silent]
|-sethp|p2a: Hatterene|35/100|[from] move: Pain Split
|
|upkeep
|turn|20
|
|t:|1760437404
|switch|p2a: Kingambit|Kingambit, M|100/100
|-activate|p2a: Kingambit|ability: Supreme Overlord
|-start|p2a: Kingambit|fallen1|[silent]
|move|p1a: Charli xcx|Moonblast|p2a: Kingambit
|-damage|p2a: Kingambit|54/100
|
|-heal|p2a: Kingambit|60/100|[from] item: Leftovers
|upkeep
|turn|21
|
|t:|1760437411
|move|p2a: Kingambit|Iron Head|p1a: Charli xcx
|-supereffective|p1a: Charli xcx
|-damage|p1a: Charli xcx|0 fnt
|faint|p1a: Charli xcx
|
|-heal|p2a: Kingambit|67/100|[from] item: Leftovers
|upkeep
|
|t:|1760437413
|switch|p1a: 🇮🇱=stop genocide|Gliscor, M|100/100 tox
|-damage|p1a: 🇮🇱=stop genocide|88/100 tox|[from] Stealth Rock
|turn|22
|
|t:|1760437428
|-end|p2a: Kingambit|fallen1|[silent]
|switch|p2a: Hatterene|Hatterene, F|35/100
|move|p1a: 🇮🇱=stop genocide|Earthquake|p2a: Hatterene
|-damage|p2a: Hatterene|10/100
|
|-heal|p1a: 🇮🇱=stop genocide|100/100 tox|[from] ability: Poison Heal
|upkeep
|turn|23
|
|t:|1760437451
|switch|p2a: Ogerpon|Ogerpon-Wellspring, F|51/100
|move|p1a: 🇮🇱=stop genocide|Earthquake|p2a: Ogerpon
|-resisted|p2a: Ogerpon
|-crit|p2a: Ogerpon
|-damage|p2a: Ogerpon|23/100
|
|upkeep
|turn|24
|
|t:|1760437463
|move|p2a: Ogerpon|Ivy Cudgel|p1a: 🇮🇱=stop genocide|[anim] Ivy Cudgel Water
|-supereffective|p1a: 🇮🇱=stop genocide
|-damage|p1a: 🇮🇱=stop genocide|21/100 tox
|move|p1a: 🇮🇱=stop genocide|Toxic|p2a: Ogerpon
|-status|p2a: Ogerpon|tox
|
|-damage|p2a: Ogerpon|17/100 tox|[from] psn
|-heal|p1a: 🇮🇱=stop genocide|33/100 tox|[from] ability: Poison Heal
|upkeep
|turn|25
|
|t:|1760437471
|switch|p2a: Darkrai|Darkrai|100/100
|move|p1a: 🇮🇱=stop genocide|Protect||[still]
|-fail|p1a: 🇮🇱=stop genocide
|
|-heal|p1a: 🇮🇱=stop genocide|46/100 tox|[from] ability: Poison Heal
|upkeep
|turn|26
|
|t:|1760437477
|move|p1a: 🇮🇱=stop genocide|Protect|p1a: 🇮🇱=stop genocide
|-singleturn|p1a: 🇮🇱=stop genocide|Protect
|move|p2a: Darkrai|Ice Beam|p1a: 🇮🇱=stop genocide
|-activate|p1a: 🇮🇱=stop genocide|move: Protect
|
|-heal|p1a: 🇮🇱=stop genocide|58/100 tox|[from] ability: Poison Heal
|upkeep
|turn|27
|
|t:|1760437480
|switch|p1a: brat|Blissey, F|52/100
|move|p2a: Darkrai|Dark Pulse|p1a: brat
|-damage|p1a: brat|38/100
|
|upkeep
|turn|28
|
|t:|1760437487
|move|p2a: Darkrai|Dark Pulse|p1a: brat
|-damage|p1a: brat|22/100
|move|p1a: brat|Soft-Boiled|p1a: brat
|-heal|p1a: brat|72/100
|
|upkeep
|turn|29
|-message|bepic223 forfeited.
|
|win|Trainer #39
|raw|Trainer #39's rating: 1858 &rarr; <strong>1869</strong><br />(+11 for winning)
|raw|bepic223's rating: 1700 &rarr; <strong>1689</strong><br />(-11 for losing)
|l|‽bepic223
|player|p2|
|l|☆Trainer #39
|player|p1|
