|j|☆zpj123
|j|☆leosyspu
|t:|1760340175
|gametype|singles
|player|p1|zpj123|2|1269
|player|p2|leosyspu|cynthia|1285
|gen|9
|tier|[Gen 9] OU
|rated|
|rule|HP Percentage Mod: HP is shown in percentages
|rule|Endless Battle Clause: Forcing endless battles is banned
|rule|Species Clause: Limit one of each Pokémon
|rule|OHKO Clause: OHKO moves are banned
|rule|Evasion Items Clause: Evasion items are banned
|rule|Evasion Moves Clause: Evasion moves are banned
|rule|Evasion Abilities Clause: Evasion abilities are banned
|rule|Sleep Moves Clause: Sleep-inducing moves are banned
|clearpoke
|poke|p1|Dragonite, F|
|poke|p1|Cinderace, M|
|poke|p1|Gholdengo|
|poke|p1|Ogerpon-Wellspring, F|
|poke|p1|Great Tusk|
|poke|p1|Dragapult, M|
|poke|p2|Gardevoir, F|
|poke|p2|Galvantula, M|
|poke|p2|Gliscor, F|
|poke|p2|Cinderace, M|
|poke|p2|Conkeldurr, M|
|poke|p2|Empoleon, M|
|teampreview
|inactive|Battle timer is ON: inactive players will automatically lose when time's up. (requested by leosyspu)
|
|t:|1760340190
|teamsize|p1|6
|teamsize|p2|6
|start
|switch|p1a: Gholdengo|Gholdengo|100/100
|switch|p2a: Conkeldurr|Conkeldurr, M|100/100
|turn|1
|
|t:|1760340201
|move|p1a: Gholdengo|Thunder Wave|p2a: Conkeldurr
|-status|p2a: Conkeldurr|par
|move|p2a: Conkeldurr|Knock Off|p1a: Gholdengo
|-supereffective|p1a: Gholdengo
|-damage|p1a: Gholdengo|31/100
|-enditem|p1a: Gholdengo|Choice Scarf|[from] move: Knock Off|[of] p2a: Conkeldurr
|
|upkeep
|turn|2
|
|t:|1760340208
|move|p1a: Gholdengo|Trick|p2a: Conkeldurr
|-activate|p1a: Gholdengo|move: Trick|[of] p2a: Conkeldurr
|-enditem|p2a: Conkeldurr|Leftovers|[silent]|[from] move: Trick
|-item|p1a: Gholdengo|Leftovers|[from] move: Trick
|move|p2a: Conkeldurr|Knock Off|p1a: Gholdengo
|-supereffective|p1a: Gholdengo
|-damage|p1a: Gholdengo|0 fnt
|-enditem|p1a: Gholdengo|Leftovers|[from] move: Knock Off|[of] p2a: Conkeldurr
|faint|p1a: Gholdengo
|
|upkeep
|
|t:|1760340219
|switch|p1a: Great Tusk|Great Tusk|100/100
|turn|3
|
|t:|1760340223
|move|p1a: Great Tusk|Stealth Rock|p2a: Conkeldurr
|-sidestart|p2: leosyspu|move: Stealth Rock
|move|p2a: Conkeldurr|Ice Punch|p1a: Great Tusk
|-supereffective|p1a: Great Tusk
|-damage|p1a: Great Tusk|67/100
|-damage|p2a: Conkeldurr|84/100 par|[from] item: Rocky Helmet|[of] p1a: Great Tusk
|
|upkeep
|turn|4
|
|t:|1760340231
|move|p1a: Great Tusk|Ice Spinner|p2a: Conkeldurr
|-damage|p2a: Conkeldurr|62/100 par
|cant|p2a: Conkeldurr|par
|
|upkeep
|turn|5
|
|t:|1760340237
|move|p1a: Great Tusk|Ice Spinner|p2a: Conkeldurr
|-damage|p2a: Conkeldurr|43/100 par
|move|p2a: Conkeldurr|Drain Punch|p1a: Great Tusk
|-damage|p1a: Great Tusk|40/100
|-heal|p2a: Conkeldurr|57/100 par|[from] drain|[of] p1a: Great Tusk
|-damage|p2a: Conkeldurr|40/100 par|[from] item: Rocky Helmet|[of] p1a: Great Tusk
|
|upkeep
|turn|6
|
|t:|1760340246
|move|p1a: Great Tusk|Ice Spinner|p2a: Conkeldurr
|-damage|p2a: Conkeldurr|22/100 par
|move|p2a: Conkeldurr|Ice Punch|p1a: Great Tusk
|-supereffective|p1a: Great Tusk
|-damage|p1a: Great Tusk|3/100
|-damage|p2a: Conkeldurr|5/100 par|[from] item: Rocky Helmet|[of] p1a: Great Tusk
|
|upkeep
|turn|7
|
|t:|1760340254
|move|p2a: Conkeldurr|Mach Punch|p1a: Great Tusk
|-damage|p1a: Great Tusk|0 fnt
|-damage|p2a: Conkeldurr|0 fnt|[from] item: Rocky Helmet|[of] p1a: Great Tusk
|faint|p1a: Great Tusk
|-end|p1a: Great Tusk|Protosynthesis|[silent]
|faint|p2a: Conkeldurr
|
|upkeep
|
|t:|1760340268
|switch|p1a: Ogerpon|Ogerpon-Wellspring, F|100/100
|switch|p2a: Cinderace|Cinderace, M|100/100
|turn|8
|
|t:|1760340274
|-terastallize|p1a: Ogerpon|Water
|detailschange|p1a: Ogerpon|Ogerpon-Wellspring-Tera, F, tera:Water
|-ability|p1a: Ogerpon|Embody Aspect (Wellspring)|boost
|-boost|p1a: Ogerpon|spd|1
|move|p2a: Cinderace|Court Change|p2a: Cinderace
|-start|p2a: Cinderace|typechange|Normal|[from] ability: Libero
|-swapsideconditions
|-activate|p2a: Cinderace|move: Court Change
|move|p1a: Ogerpon|Ivy Cudgel|p2a: Cinderace|[anim] Ivy Cudgel Water
|-damage|p2a: Cinderace|0 fnt
|faint|p2a: Cinderace
|
|upkeep
|
|t:|1760340286
|switch|p2a: Galvantula|Galvantula, M|100/100
|turn|9
|
|t:|1760340292
|move|p1a: Ogerpon|Swords Dance|p1a: Ogerpon
|-boost|p1a: Ogerpon|atk|2
|move|p2a: Galvantula|Thunder|p1a: Ogerpon
|-supereffective|p1a: Ogerpon
|-damage|p1a: Ogerpon|20/100
|-status|p1a: Ogerpon|par
|
|upkeep
|turn|10
|
|t:|1760340300
|move|p2a: Galvantula|Sticky Web|p1a: Ogerpon
|-sidestart|p1: zpj123|move: Sticky Web
|move|p1a: Ogerpon|Knock Off|p2a: Galvantula
|-enditem|p2a: Galvantula|Focus Sash
|-damage|p2a: Galvantula|1/100
|
|upkeep
|turn|11
|
|t:|1760340307
|move|p2a: Galvantula|Bug Buzz|p1a: Ogerpon
|-damage|p1a: Ogerpon|0 fnt
|faint|p1a: Ogerpon
|detailschange|p1: Ogerpon|Ogerpon-Wellspring, F|[silent]
|
|upkeep
|
|t:|1760340313
|switch|p1a: Dragonite|Dragonite, F|100/100
|-damage|p1a: Dragonite|75/100|[from] Stealth Rock
|turn|12
|
|t:|1760340318
|move|p2a: Galvantula|Thunder|p1a: Dragonite
|-damage|p1a: Dragonite|32/100
|move|p1a: Dragonite|Dragon Dance|p1a: Dragonite
|-boost|p1a: Dragonite|atk|1
|-boost|p1a: Dragonite|spe|1
|
|-heal|p1a: Dragonite|38/100|[from] item: Leftovers
|upkeep
|turn|13
|
|t:|1760340327
|move|p1a: Dragonite|Extreme Speed|p2a: Galvantula
|-damage|p2a: Galvantula|0 fnt
|faint|p2a: Galvantula
|
|-heal|p1a: Dragonite|44/100|[from] item: Leftovers
|upkeep
|
|t:|1760340335
|switch|p2a: 老婆|Gardevoir, F|100/100
|-ability|p2a: 老婆|Multiscale|Trace|[from] ability: Trace|[of] p1a: Dragonite
|turn|14
|
|t:|1760340343
|move|p1a: Dragonite|Extreme Speed|p2a: 老婆
|-damage|p2a: 老婆|59/100
|move|p2a: 老婆|Psychic|p1a: Dragonite
|-damage|p1a: Dragonite|0 fnt
|faint|p1a: Dragonite
|
|upkeep
|
|t:|1760340351
|switch|p1a: Cinderace|Cinderace, M|100/100
|-damage|p1a: Cinderace|76/100|[from] Stealth Rock
|-activate|p1a: Cinderace|move: Sticky Web
|-unboost|p1a: Cinderace|spe|1
|turn|15
|
|t:|1760340359
|move|p1a: Cinderace|Sucker Punch|p2a: 老婆
|-start|p1a: Cinderace|typechange|Dark|[from] ability: Libero
|-damage|p2a: 老婆|0 fnt
|faint|p2a: 老婆
|-damage|p1a: Cinderace|66/100|[from] item: Life Orb
|
|upkeep
|
|t:|1760340367
|switch|p2a: Empoleon|Empoleon, M|100/100
|turn|16
|
|t:|1760340386
|move|p1a: Cinderace|High Jump Kick|p2a: Empoleon
|-supereffective|p2a: Empoleon
|-damage|p2a: Empoleon|0 fnt
|faint|p2a: Empoleon
|-damage|p1a: Cinderace|56/100|[from] item: Life Orb
|
|upkeep
|
|t:|1760340392
|switch|p2a: 剧毒老是空废物|Gliscor, F|100/100
|turn|17
|
|t:|1760340398
|move|p2a: 剧毒老是空废物|Protect|p2a: 剧毒老是空废物
|-singleturn|p2a: 剧毒老是空废物|Protect
|move|p1a: Cinderace|Pyro Ball|p2a: 剧毒老是空废物
|-activate|p2a: 剧毒老是空废物|move: Protect
|
|-status|p2a: 剧毒老是空废物|tox|[from] item: Toxic Orb
|upkeep
|turn|18
|
|t:|1760340407
|move|p1a: Cinderace|Pyro Ball|p2a: 剧毒老是空废物|[miss]
|-miss|p1a: Cinderace|p2a: 剧毒老是空废物
|move|p2a: 剧毒老是空废物|Toxic|p1a: Cinderace
|-status|p1a: Cinderace|tox
|
|-damage|p1a: Cinderace|50/100 tox|[from] psn
|upkeep
|turn|19
|
|t:|1760340415
|move|p2a: 剧毒老是空废物|Protect|p2a: 剧毒老是空废物
|-singleturn|p2a: 剧毒老是空废物|Protect
|move|p1a: Cinderace|Pyro Ball|p2a: 剧毒老是空废物
|-activate|p2a: 剧毒老是空废物|move: Protect
|
|-damage|p1a: Cinderace|38/100 tox|[from] psn
|upkeep
|turn|20
|c|☆zpj123|八嘎
|
|t:|1760340423
|move|p1a: Cinderace|Pyro Ball|p2a: 剧毒老是空废物
|-damage|p2a: 剧毒老是空废物|70/100 tox
|-damage|p1a: Cinderace|28/100 tox|[from] item: Life Orb
|move|p2a: 剧毒老是空废物|U-turn|p1a: Cinderace
|-supereffective|p1a: Cinderace
|-damage|p1a: Cinderace|0 fnt
|faint|p1a: Cinderace
|
|-heal|p2a: 剧毒老是空废物|82/100 tox|[from] ability: Poison Heal
|upkeep
|
|t:|1760340435
|switch|p1a: Dragapult|Dragapult, M|100/100
|-damage|p1a: Dragapult|88/100|[from] Stealth Rock
|-activate|p1a: Dragapult|move: Sticky Web
|-unboost|p1a: Dragapult|spe|1
|turn|21
|
|t:|1760340440
|-terastallize|p2a: 剧毒老是空废物|Steel
|move|p1a: Dragapult|Shadow Ball|p2a: 剧毒老是空废物
|-damage|p2a: 剧毒老是空废物|23/100 tox
|move|p2a: 剧毒老是空废物|Toxic|p1a: Dragapult
|-status|p1a: Dragapult|tox
|
|-damage|p1a: Dragapult|82/100 tox|[from] psn
|-heal|p2a: 剧毒老是空废物|35/100 tox|[from] ability: Poison Heal
|upkeep
|turn|22
|
|t:|1760340452
|move|p2a: 剧毒老是空废物|Protect|p2a: 剧毒老是空废物
|-singleturn|p2a: 剧毒老是空废物|Protect
|move|p1a: Dragapult|Shadow Ball|p2a: 剧毒老是空废物
|-activate|p2a: 剧毒老是空废物|move: Protect
|
|-damage|p1a: Dragapult|70/100 tox|[from] psn
|-heal|p2a: 剧毒老是空废物|48/100 tox|[from] ability: Poison Heal
|upkeep
|turn|23
|
|t:|1760340461
|move|p1a: Dragapult|Shadow Ball|p2a: 剧毒老是空废物
|-damage|p2a: 剧毒老是空废物|0 fnt
|faint|p2a: 剧毒老是空废物
|
|win|zpj123
|raw|zpj123's rating: 1269 &rarr; <strong>1295</strong><br />(+26 for winning)
|raw|leosyspu's rating: 1285 &rarr; <strong>1259</strong><br />(-26 for losing)
|l|☆leosyspu
|player|p2|
|c|☆zpj123|goodgood
|l|☆zpj123
|player|p1|
