|j|☆Dronedrio
|j|☆razerblake
|t:|1760398179
|gametype|singles
|player|p1|Dronedrio|camper-gen2|1567
|player|p2|razerblake|preschoolerf|1536
|gen|9
|tier|[Gen 9] OU
|rated|
|rule|HP Percentage Mod: HP is shown in percentages
|rule|Endless Battle Clause: Forcing endless battles is banned
|rule|Species Clause: Limit one of each Pokémon
|rule|OHKO Clause: OHKO moves are banned
|rule|Evasion Items Clause: Evasion items are banned
|rule|Evasion Moves Clause: Evasion moves are banned
|rule|Evasion Abilities Clause: Evasion abilities are banned
|rule|Sleep Moves Clause: Sleep-inducing moves are banned
|clearpoke
|poke|p1|Araquanid, M|
|poke|p1|Enamorus, F|
|poke|p1|Serperior, F|
|poke|p1|Cinderace, M|
|poke|p1|Milotic, M|
|poke|p1|Kingambit, F|
|poke|p2|Zamazenta-*|
|poke|p2|Ninetales-Alola, M|
|poke|p2|Darkrai|
|poke|p2|Ceruledge, M|
|poke|p2|Gliscor, M|
|poke|p2|Hatterene, F|
|teampreview
|inactive|Battle timer is ON: inactive players will automatically lose when time's up. (requested by razerblake)
|inactive|razerblake has 120 seconds left.
|
|t:|1760398211
|teamsize|p1|6
|teamsize|p2|6
|start
|switch|p1a: Araquanid|Araquanid, M|100/100
|switch|p2a: Ninetales|Ninetales-Alola, M|100/100
|-weather|Snowscape|[from] ability: Snow Warning|[of] p2a: Ninetales
|turn|1
|
|t:|1760398215
|move|p2a: Ninetales|Aurora Veil|p2a: Ninetales
|-sidestart|p2: razerblake|move: Aurora Veil
|move|p1a: Araquanid|Sticky Web|p2a: Ninetales
|-sidestart|p2: razerblake|move: Sticky Web
|
|-weather|Snowscape|[upkeep]
|upkeep
|turn|2
|inactive|razerblake has 120 seconds left.
|
|t:|1760398247
|switch|p1a: Cinderace|Cinderace, M|100/100
|move|p2a: Ninetales|Freeze-Dry|p1a: Cinderace
|-resisted|p1a: Cinderace
|-damage|p1a: Cinderace|87/100
|
|-weather|Snowscape|[upkeep]
|upkeep
|turn|3
|
|t:|1760398253
|switch|p2a: Ceruledge|Ceruledge, M|100/100
|-activate|p2a: Ceruledge|move: Sticky Web
|-unboost|p2a: Ceruledge|spe|1
|move|p1a: Cinderace|Court Change|p1a: Cinderace
|-swapsideconditions
|-activate|p1a: Cinderace|move: Court Change
|
|-weather|Snowscape|[upkeep]
|upkeep
|turn|4
|
|t:|1760398261
|move|p1a: Cinderace|U-turn|p2a: Ceruledge
|-resisted|p2a: Ceruledge
|-damage|p2a: Ceruledge|93/100
|
|t:|1760398269
|switch|p1a: Milotic|Milotic, M|100/100|[from] U-turn
|-activate|p1a: Milotic|move: Sticky Web
|-unboost|p1a: Milotic|spe|1
|-ability|p1a: Milotic|Competitive|boost
|-boost|p1a: Milotic|spa|2
|move|p2a: Ceruledge|Bulk Up|p2a: Ceruledge
|-boost|p2a: Ceruledge|atk|1
|-boost|p2a: Ceruledge|def|1
|
|-weather|Snowscape|[upkeep]
|upkeep
|turn|5
|
|t:|1760398281
|switch|p2a: Darkrai|Darkrai|100/100
|move|p1a: Milotic|Surf|p2a: Darkrai
|-damage|p2a: Darkrai|0 fnt
|faint|p2a: Darkrai
|
|-weather|none
|upkeep
|
|t:|1760398285
|switch|p2a: Ninetales|Ninetales-Alola, M|100/100
|-weather|Snowscape|[from] ability: Snow Warning|[of] p2a: Ninetales
|turn|6
|
|t:|1760398289
|move|p2a: Ninetales|Freeze-Dry|p1a: Milotic
|-supereffective|p1a: Milotic
|-damage|p1a: Milotic|86/100
|move|p1a: Milotic|Surf|p2a: Ninetales
|-damage|p2a: Ninetales|0 fnt
|faint|p2a: Ninetales
|
|-weather|Snowscape|[upkeep]
|upkeep
|
|t:|1760398298
|switch|p2a: Hatterene|Hatterene, F|100/100
|turn|7
|
|t:|1760398300
|move|p1a: Milotic|Surf|p2a: Hatterene
|-damage|p2a: Hatterene|0 fnt
|faint|p2a: Hatterene
|
|-weather|Snowscape|[upkeep]
|upkeep
|
|t:|1760398304
|switch|p2a: Gliscor|Gliscor, M|100/100
|turn|8
|
|t:|1760398305
|switch|p2a: Zamazenta|Zamazenta|100/100
|-ability|p2a: Zamazenta|Dauntless Shield|boost
|-boost|p2a: Zamazenta|def|1
|move|p1a: Milotic|Surf|p2a: Zamazenta
|-damage|p2a: Zamazenta|0 fnt
|faint|p2a: Zamazenta
|
|-weather|Snowscape|[upkeep]
|-sideend|p1: Dronedrio|move: Aurora Veil
|upkeep
|
|t:|1760398308
|switch|p2a: Ceruledge|Ceruledge, M|93/100
|turn|9
|
|t:|1760398313
|move|p2a: Ceruledge|Shadow Sneak|p1a: Milotic
|-damage|p1a: Milotic|64/100
|move|p1a: Milotic|Surf|p2a: Ceruledge
|-supereffective|p2a: Ceruledge
|-damage|p2a: Ceruledge|0 fnt
|faint|p2a: Ceruledge
|
|-weather|Snowscape|[upkeep]
|upkeep
|
|t:|1760398315
|switch|p2a: Gliscor|Gliscor, M|100/100
|turn|10
|
|t:|1760398318
|-terastallize|p2a: Gliscor|Normal
|move|p2a: Gliscor|Earthquake|p1a: Milotic
|-damage|p1a: Milotic|26/100
|move|p1a: Milotic|Surf|p2a: Gliscor
|-damage|p2a: Gliscor|0 fnt
|faint|p2a: Gliscor
|
|win|Dronedrio
|raw|Dronedrio's rating: 1567 &rarr; <strong>1585</strong><br />(+18 for winning)
|raw|razerblake's rating: 1536 &rarr; <strong>1518</strong><br />(-18 for losing)
|l|☆razerblake
|player|p2|
