|j|☆Denorisn
|j|☆niktotosv
|t:|1760352373
|gametype|singles
|player|p1|Denorisn|265|1510
|player|p2|niktotosv|crasherwake|1456
|gen|9
|tier|[Gen 9] OU
|rated|
|rule|HP Percentage Mod: HP is shown in percentages
|rule|Endless Battle Clause: Forcing endless battles is banned
|rule|Species Clause: Limit one of each Pokémon
|rule|OHKO Clause: OHKO moves are banned
|rule|Evasion Items Clause: Evasion items are banned
|rule|Evasion Moves Clause: Evasion moves are banned
|rule|Evasion Abilities Clause: Evasion abilities are banned
|rule|Sleep Moves Clause: Sleep-inducing moves are banned
|clearpoke
|poke|p1|Gholdengo|
|poke|p1|Garchomp, M|
|poke|p1|Ditto|
|poke|p1|Mandibuzz, F|
|poke|p1|Toxapex, M|
|poke|p1|Garganacl, F|
|poke|p2|Iron Valiant|
|poke|p2|Ninetales-Alola, F|
|poke|p2|Slowking-Galar, M|
|poke|p2|Great Tusk|
|poke|p2|Ceruledge, M|
|poke|p2|Dondozo, F|
|teampreview
|
|t:|1760352380
|teamsize|p1|6
|teamsize|p2|6
|start
|switch|p1a: Gholdengo|Gholdengo|100/100
|switch|p2a: Ceruledge|Ceruledge, M|100/100
|turn|1
|
|t:|1760352388
|move|p1a: Gholdengo|Shadow Ball|p2a: Ceruledge
|-supereffective|p2a: Ceruledge
|-damage|p2a: Ceruledge|9/100
|-unboost|p2a: Ceruledge|spd|1
|move|p2a: Ceruledge|Bitter Blade|p1a: Gholdengo
|-supereffective|p1a: Gholdengo
|-damage|p1a: Gholdengo|0 fnt
|-heal|p2a: Ceruledge|64/100|[from] drain|[of] p1a: Gholdengo
|faint|p1a: Gholdengo
|
|upkeep
|
|t:|1760352394
|switch|p1a: Garchomp|Garchomp, M|100/100
|turn|2
|
|t:|1760352400
|switch|p2a: Dondozo|Dondozo, F|100/100
|move|p1a: Garchomp|Swords Dance|p1a: Garchomp
|-boost|p1a: Garchomp|atk|2
|
|upkeep
|turn|3
|
|t:|1760352407
|switch|p1a: Toxapex|Toxapex, M|100/100
|move|p2a: Dondozo|Curse|p2a: Dondozo
|-unboost|p2a: Dondozo|spe|1
|-boost|p2a: Dondozo|atk|1
|-boost|p2a: Dondozo|def|1
|
|upkeep
|turn|4
|
|t:|1760352414
|switch|p2a: Slowking|Slowking-Galar, M|100/100
|move|p1a: Toxapex|Lunge|p2a: Slowking
|-damage|p2a: Slowking|78/100
|-unboost|p2a: Slowking|atk|1
|
|upkeep
|turn|5
|
|t:|1760352420
|switch|p1a: Garganacl|Garganacl, F|100/100
|move|p2a: Slowking|Psyshock|p1a: Garganacl
|-damage|p1a: Garganacl|71/100
|
|-heal|p1a: Garganacl|78/100|[from] item: Leftovers
|upkeep
|turn|6
|
|t:|1760352443
|move|p1a: Garganacl|Iron Defense|p1a: Garganacl
|-boost|p1a: Garganacl|def|2
|move|p2a: Slowking|Hydro Pump|p1a: Garganacl
|-supereffective|p1a: Garganacl
|-damage|p1a: Garganacl|31/100
|
|-heal|p1a: Garganacl|37/100|[from] item: Leftovers
|upkeep
|turn|7
|
|t:|1760352462
|-terastallize|p1a: Garganacl|Water
|move|p1a: Garganacl|Recover|p1a: Garganacl
|-heal|p1a: Garganacl|87/100
|move|p2a: Slowking|Hydro Pump|p1a: Garganacl
|-resisted|p1a: Garganacl
|-damage|p1a: Garganacl|74/100
|
|-heal|p1a: Garganacl|81/100|[from] item: Leftovers
|upkeep
|turn|8
|
|t:|1760352496
|switch|p2a: Iron Valiant|Iron Valiant|100/100
|-enditem|p2a: Iron Valiant|Booster Energy
|-activate|p2a: Iron Valiant|ability: Quark Drive|[fromitem]
|-start|p2a: Iron Valiant|quarkdrivespe
|move|p1a: Garganacl|Salt Cure|p2a: Iron Valiant
|-resisted|p2a: Iron Valiant
|-damage|p2a: Iron Valiant|92/100
|-start|p2a: Iron Valiant|Salt Cure
|
|-heal|p1a: Garganacl|87/100|[from] item: Leftovers
|-damage|p2a: Iron Valiant|79/100|[from] Salt Cure
|upkeep
|turn|9
|
|t:|1760352508
|move|p2a: Iron Valiant|Calm Mind|p2a: Iron Valiant
|-boost|p2a: Iron Valiant|spa|1
|-boost|p2a: Iron Valiant|spd|1
|move|p1a: Garganacl|Body Press|p2a: Iron Valiant
|-resisted|p2a: Iron Valiant
|-damage|p2a: Iron Valiant|52/100
|
|-heal|p1a: Garganacl|93/100|[from] item: Leftovers
|-damage|p2a: Iron Valiant|39/100|[from] Salt Cure
|upkeep
|turn|10
|
|t:|1760352535
|switch|p1a: Toxapex|Toxapex, M|100/100
|move|p2a: Iron Valiant|Calm Mind|p2a: Iron Valiant
|-boost|p2a: Iron Valiant|spa|1
|-boost|p2a: Iron Valiant|spd|1
|
|-damage|p2a: Iron Valiant|27/100|[from] Salt Cure
|upkeep
|turn|11
|
|t:|1760352540
|move|p2a: Iron Valiant|Psychic|p1a: Toxapex
|-supereffective|p1a: Toxapex
|-damage|p1a: Toxapex|39/100
|-unboost|p1a: Toxapex|spd|1
|move|p1a: Toxapex|Liquidation|p2a: Iron Valiant
|-damage|p2a: Iron Valiant|0 fnt
|faint|p2a: Iron Valiant
|-end|p2a: Iron Valiant|Quark Drive|[silent]
|
|upkeep
|
|t:|1760352553
|switch|p2a: Dondozo|Dondozo, F|100/100
|turn|12
|
|t:|1760352558
|switch|p1a: Garganacl|Garganacl, F, tera:Water|93/100
|move|p2a: Dondozo|Curse|p2a: Dondozo
|-unboost|p2a: Dondozo|spe|1
|-boost|p2a: Dondozo|atk|1
|-boost|p2a: Dondozo|def|1
|
|-heal|p1a: Garganacl|99/100|[from] item: Leftovers
|upkeep
|turn|13
|
|t:|1760352572
|move|p1a: Garganacl|Salt Cure|p2a: Dondozo
|-damage|p2a: Dondozo|96/100
|-start|p2a: Dondozo|Salt Cure
|move|p2a: Dondozo|Curse|p2a: Dondozo
|-unboost|p2a: Dondozo|spe|1
|-boost|p2a: Dondozo|atk|1
|-boost|p2a: Dondozo|def|1
|
|-heal|p1a: Garganacl|100/100|[from] item: Leftovers
|-damage|p2a: Dondozo|71/100|[from] Salt Cure
|upkeep
|turn|14
|
|t:|1760352579
|switch|p1a: Ditto|Ditto|100/100
|-transform|p1a: Ditto|p2a: Dondozo|[from] ability: Imposter
|move|p2a: Dondozo|Curse|p2a: Dondozo
|-unboost|p2a: Dondozo|spe|1
|-boost|p2a: Dondozo|atk|1
|-boost|p2a: Dondozo|def|1
|
|-damage|p2a: Dondozo|46/100|[from] Salt Cure
|upkeep
|turn|15
|
|t:|1760352600
|move|p1a: Ditto|Waterfall|p2a: Dondozo
|-resisted|p2a: Dondozo
|-damage|p2a: Dondozo|41/100
|move|p2a: Dondozo|Body Press|p1a: Ditto
|-damage|p1a: Ditto|80/100
|
|-damage|p2a: Dondozo|16/100|[from] Salt Cure
|upkeep
|turn|16
|
|t:|1760352610
|move|p1a: Ditto|Body Press|p2a: Dondozo
|-damage|p2a: Dondozo|2/100
|move|p2a: Dondozo|Rest|p2a: Dondozo
|-status|p2a: Dondozo|slp|[from] move: Rest
|-heal|p2a: Dondozo|100/100 slp|[silent]
|-enditem|p2a: Dondozo|Chesto Berry|[eat]
|-curestatus|p2a: Dondozo|slp|[msg]
|
|-damage|p2a: Dondozo|75/100|[from] Salt Cure
|upkeep
|turn|17
|
|t:|1760352618
|move|p1a: Ditto|Body Press|p2a: Dondozo
|-damage|p2a: Dondozo|63/100
|move|p2a: Dondozo|Body Press|p1a: Ditto
|-damage|p1a: Ditto|58/100
|
|-damage|p2a: Dondozo|38/100|[from] Salt Cure
|upkeep
|turn|18
|-activate|p1a: Ditto|item: Quick Claw
|
|t:|1760352623
|move|p1a: Ditto|Body Press|p2a: Dondozo
|-damage|p2a: Dondozo|25/100
|move|p2a: Dondozo|Body Press|p1a: Ditto
|-damage|p1a: Ditto|36/100
|
|-damage|p2a: Dondozo|0 fnt|[from] Salt Cure
|faint|p2a: Dondozo
|upkeep
|
|t:|1760352637
|switch|p2a: Slowking|Slowking-Galar, M|100/100
|turn|19
|
|t:|1760352648
|switch|p1a: Mandibuzz|Mandibuzz, F|100/100
|move|p2a: Slowking|Sludge Bomb|p1a: Mandibuzz
|-damage|p1a: Mandibuzz|59/100
|
|upkeep
|turn|20
|
|t:|1760352671
|move|p1a: Mandibuzz|Roost|p1a: Mandibuzz
|-heal|p1a: Mandibuzz|100/100
|-singleturn|p1a: Mandibuzz|move: Roost
|move|p2a: Slowking|Sludge Bomb|p1a: Mandibuzz
|-damage|p1a: Mandibuzz|65/100
|
|upkeep
|turn|21
|-message|niktotosv forfeited.
|
|win|Denorisn
|raw|Denorisn's rating: 1510 &rarr; <strong>1527</strong><br />(+17 for winning)
|raw|niktotosv's rating: 1456 &rarr; <strong>1439</strong><br />(-17 for losing)
|l|☆niktotosv
|player|p2|
|l|☆Denorisn
|player|p1|
