|j|☆Pkaiser33
|j|☆JapYap
|t:|1760364992
|gametype|singles
|player|p1|Pkaiser33|169|1060
|player|p2|JapYap|101|1052
|gen|9
|tier|[Gen 9] OU
|rated|
|rule|HP Percentage Mod: HP is shown in percentages
|rule|Endless Battle Clause: Forcing endless battles is banned
|rule|Species Clause: Limit one of each Pokémon
|rule|OHKO Clause: OHKO moves are banned
|rule|Evasion Items Clause: Evasion items are banned
|rule|Evasion Moves Clause: Evasion moves are banned
|rule|Evasion Abilities Clause: Evasion abilities are banned
|rule|Sleep Moves Clause: Sleep-inducing moves are banned
|clearpoke
|poke|p1|Pecharunt|
|poke|p1|Great Tusk|
|poke|p1|Blissey, F|
|poke|p1|Slowking-Galar, M|
|poke|p1|Cinderace, M|
|poke|p1|Venomoth, M|
|poke|p2|Rillaboom, F|
|poke|p2|Hawlucha, M|
|poke|p2|Meowscarada, M|
|poke|p2|Suicune|
|poke|p2|Azelf|
|poke|p2|Brambleghast, M|
|teampreview
|inactive|Battle timer is ON: inactive players will automatically lose when time's up. (requested by Pkaiser33)
|
|t:|1760365013
|teamsize|p1|6
|teamsize|p2|6
|start
|switch|p1a: Venomoth|Venomoth, M|100/100
|switch|p2a: Azelf|Azelf|100/100
|turn|1
|
|t:|1760365018
|move|p2a: Azelf|Future Sight|p1a: Venomoth
|-start|p2a: Azelf|move: Future Sight
|move|p1a: Venomoth|Quiver Dance|p1a: Venomoth
|-boost|p1a: Venomoth|spa|1
|-boost|p1a: Venomoth|spd|1
|-boost|p1a: Venomoth|spe|1
|
|upkeep
|turn|2
|
|t:|1760365021
|move|p1a: Venomoth|Quiver Dance|p1a: Venomoth
|-boost|p1a: Venomoth|spa|1
|-boost|p1a: Venomoth|spd|1
|-boost|p1a: Venomoth|spe|1
|move|p2a: Azelf|Stealth Rock|p1a: Venomoth
|-sidestart|p1: Pkaiser33|move: Stealth Rock
|
|upkeep
|turn|3
|
|t:|1760365026
|move|p1a: Venomoth|Quiver Dance|p1a: Venomoth
|-boost|p1a: Venomoth|spa|1
|-boost|p1a: Venomoth|spd|1
|-boost|p1a: Venomoth|spe|1
|move|p2a: Azelf|Explosion|p1a: Venomoth
|-damage|p1a: Venomoth|0 fnt
|faint|p2a: Azelf
|faint|p1a: Venomoth
|
|-hint|Future Sight did not hit because the target is fainted.
|upkeep
|
|t:|1760365039
|switch|p2a: Suicune|Suicune|100/100
|switch|p1a: Cinderace|Cinderace, M|100/100
|-damage|p1a: Cinderace|76/100|[from] Stealth Rock
|-ability|p2a: Suicune|Pressure
|turn|4
|
|t:|1760365047
|move|p1a: Cinderace|Gunk Shot|p2a: Suicune|[miss]
|-start|p1a: Cinderace|typechange|Poison|[from] ability: Libero
|-miss|p1a: Cinderace|p2a: Suicune
|move|p2a: Suicune|Calm Mind|p2a: Suicune
|-boost|p2a: Suicune|spa|1
|-boost|p2a: Suicune|spd|1
|
|upkeep
|turn|5
|
|t:|1760365058
|move|p1a: Cinderace|Gunk Shot|p2a: Suicune
|-damage|p2a: Suicune|69/100
|move|p2a: Suicune|Substitute|p2a: Suicune
|-start|p2a: Suicune|Substitute
|-damage|p2a: Suicune|44/100
|
|-heal|p2a: Suicune|50/100|[from] item: Leftovers
|upkeep
|turn|6
|
|t:|1760365063
|move|p1a: Cinderace|Pyro Ball|p2a: Suicune
|-resisted|p2a: Suicune
|-activate|p2a: Suicune|move: Substitute|[damage]
|move|p2a: Suicune|Scald|p1a: Cinderace
|-damage|p1a: Cinderace|23/100
|
|-heal|p2a: Suicune|56/100|[from] item: Leftovers
|upkeep
|turn|7
|
|t:|1760365074
|move|p1a: Cinderace|Gunk Shot|p2a: Suicune
|-end|p2a: Suicune|Substitute
|move|p2a: Suicune|Scald|p1a: Cinderace
|-damage|p1a: Cinderace|0 fnt
|faint|p1a: Cinderace
|
|-heal|p2a: Suicune|62/100|[from] item: Leftovers
|upkeep
|
|t:|1760365087
|switch|p1a: Pecharunt|Pecharunt|100/100
|-damage|p1a: Pecharunt|88/100|[from] Stealth Rock
|turn|8
|-message|Pkaiser33 forfeited.
|
|win|JapYap
|raw|Pkaiser33's rating: 1060 &rarr; <strong>1041</strong><br />(-19 for losing)
|raw|JapYap's rating: 1052 &rarr; <strong>1085</strong><br />(+33 for winning)
|l|☆Pkaiser33
|player|p1|
|l|☆JapYap
|player|p2|
