|j|☆tcloud
|j|☆chedeqing
|t:|1760455565
|gametype|singles
|player|p1|tcloud|fisherman-gen4|1556
|player|p2|chedeqing|firebreather|1488
|gen|9
|tier|[Gen 9] OU
|rated|
|rule|HP Percentage Mod: HP is shown in percentages
|rule|Endless Battle Clause: Forcing endless battles is banned
|rule|Species Clause: Limit one of each Pokémon
|rule|OHKO Clause: OHKO moves are banned
|rule|Evasion Items Clause: Evasion items are banned
|rule|Evasion Moves Clause: Evasion moves are banned
|rule|Evasion Abilities Clause: Evasion abilities are banned
|rule|Sleep Moves Clause: Sleep-inducing moves are banned
|clearpoke
|poke|p1|Araquanid, M|
|poke|p1|Enamorus, F|
|poke|p1|Serperior, M|
|poke|p1|Cinderace, F|
|poke|p1|Milotic, M|
|poke|p1|Kingambit, F|
|poke|p2|Torkoal, F|
|poke|p2|Great Tusk|
|poke|p2|Walking Wake|
|poke|p2|Ditto|
|poke|p2|Alomomola, M|
|poke|p2|Ceruledge, M|
|teampreview
|inactive|Battle timer is ON: inactive players will automatically lose when time's up. (requested by tcloud)
|
|t:|1760455589
|teamsize|p1|6
|teamsize|p2|6
|start
|switch|p1a: Araquanid|Araquanid, M|100/100
|switch|p2a: Ditto|Ditto, shiny|100/100
|-transform|p2a: Ditto|p1a: Araquanid|[from] ability: Imposter
|turn|1
|
|t:|1760455598
|move|p2a: Ditto|Sticky Web|p1a: Araquanid
|-sidestart|p1: tcloud|move: Sticky Web
|move|p1a: Araquanid|Sticky Web|p2a: Ditto
|-sidestart|p2: chedeqing|move: Sticky Web
|
|upkeep
|turn|2
|
|t:|1760455604
|switch|p2a: Alomomola|Alomomola, M|100/100
|move|p1a: Araquanid|Surf|p2a: Alomomola
|-resisted|p2a: Alomomola
|-damage|p2a: Alomomola|81/100
|
|upkeep
|turn|3
|
|t:|1760455611
|move|p2a: Alomomola|Flip Turn|p1a: Araquanid
|-resisted|p1a: Araquanid
|-damage|p1a: Araquanid|93/100
|
|t:|1760455618
|switch|p2a: Walking Wake|Walking Wake|100/100|[from] Flip Turn
|-activate|p2a: Walking Wake|move: Sticky Web
|-unboost|p2a: Walking Wake|spe|1
|move|p1a: Araquanid|Bug Buzz|p2a: Walking Wake
|-damage|p2a: Walking Wake|69/100
|-unboost|p2a: Walking Wake|spd|1
|
|upkeep
|turn|4
|
|t:|1760455633
|move|p2a: Walking Wake|Draco Meteor|p1a: Araquanid
|-damage|p1a: Araquanid|19/100
|-unboost|p2a: Walking Wake|spa|2
|move|p1a: Araquanid|Bug Buzz|p2a: Walking Wake
|-crit|p2a: Walking Wake
|-damage|p2a: Walking Wake|0 fnt
|faint|p2a: Walking Wake
|-end|p2a: Walking Wake|Protosynthesis|[silent]
|
|upkeep
|inactive|chedeqing has 120 seconds left.
|
|t:|1760455672
|switch|p2a: Alomomola|Alomomola, M|100/100
|turn|5
|
|t:|1760455681
|switch|p1a: Milotic|Milotic, M|100/100
|-activate|p1a: Milotic|move: Sticky Web
|-unboost|p1a: Milotic|spe|1
|-ability|p1a: Milotic|Competitive|boost
|-boost|p1a: Milotic|spa|2
|move|p2a: Alomomola|Flip Turn|p1a: Milotic
|-resisted|p1a: Milotic
|-damage|p1a: Milotic|91/100
|
|t:|1760455702
|switch|p2a: Ditto|Ditto, shiny|100/100|[from] Flip Turn
|-activate|p2a: Ditto|move: Sticky Web
|-unboost|p2a: Ditto|spe|1
|-transform|p2a: Ditto|p1a: Milotic|[from] ability: Imposter
|
|upkeep
|turn|6
|inactive|chedeqing has 90 seconds left.
|
|t:|1760455720
|move|p2a: Ditto|Alluring Voice|p1a: Milotic
|-damage|p1a: Milotic|55/100
|move|p1a: Milotic|Alluring Voice|p2a: Ditto
|-damage|p2a: Ditto|33/100
|
|upkeep
|turn|7
|
|t:|1760455727
|switch|p2a: Alomomola|Alomomola, M|100/100
|move|p1a: Milotic|Alluring Voice|p2a: Alomomola
|-damage|p2a: Alomomola|47/100
|
|upkeep
|turn|8
|
|t:|1760455737
|move|p2a: Alomomola|Protect|p2a: Alomomola
|-singleturn|p2a: Alomomola|Protect
|move|p1a: Milotic|Alluring Voice|p2a: Alomomola
|-activate|p2a: Alomomola|move: Protect
|
|upkeep
|turn|9
|
|t:|1760455742
|switch|p2a: Torkoal|Torkoal, F, shiny|100/100
|-activate|p2a: Torkoal|move: Sticky Web
|-unboost|p2a: Torkoal|spe|1
|-weather|SunnyDay|[from] ability: Drought|[of] p2a: Torkoal
|move|p1a: Milotic|Alluring Voice|p2a: Torkoal
|-resisted|p2a: Torkoal
|-damage|p2a: Torkoal|49/100
|
|-weather|SunnyDay|[upkeep]
|upkeep
|turn|10
|inactive|chedeqing has 90 seconds left.
|
|t:|1760455769
|move|p1a: Milotic|Alluring Voice|p2a: Torkoal
|-resisted|p2a: Torkoal
|-damage|p2a: Torkoal|1/100
|move|p2a: Torkoal|Body Press|p1a: Milotic
|-damage|p1a: Milotic|22/100
|
|-weather|SunnyDay|[upkeep]
|upkeep
|turn|11
|
|t:|1760455775
|move|p1a: Milotic|Alluring Voice|p2a: Torkoal
|-resisted|p2a: Torkoal
|-damage|p2a: Torkoal|0 fnt
|faint|p2a: Torkoal
|
|-weather|SunnyDay|[upkeep]
|upkeep
|inactive|chedeqing has 90 seconds left.
|
|t:|1760455801
|switch|p2a: Great Tusk|Great Tusk|100/100
|-activate|p2a: Great Tusk|move: Sticky Web
|-unboost|p2a: Great Tusk|spe|1
|-activate|p2a: Great Tusk|ability: Protosynthesis
|-start|p2a: Great Tusk|protosynthesisatk
|turn|12
|
|t:|1760455810
|move|p2a: Great Tusk|Close Combat|p1a: Milotic
|-damage|p1a: Milotic|0 fnt
|-unboost|p2a: Great Tusk|def|1
|-unboost|p2a: Great Tusk|spd|1
|faint|p1a: Milotic
|
|-weather|SunnyDay|[upkeep]
|upkeep
|
|t:|1760455818
|switch|p1a: Enamorus|Enamorus, F|100/100
|turn|13
|
|t:|1760455823
|-end|p2a: Great Tusk|Protosynthesis|[silent]
|switch|p2a: Alomomola|Alomomola, M|80/100
|move|p1a: Enamorus|Moonblast|p2a: Alomomola
|-damage|p2a: Alomomola|18/100
|
|-weather|SunnyDay|[upkeep]
|upkeep
|turn|14
|
|t:|1760455831
|move|p1a: Enamorus|Moonblast|p2a: Alomomola
|-damage|p2a: Alomomola|0 fnt
|faint|p2a: Alomomola
|
|-weather|SunnyDay|[upkeep]
|upkeep
|
|t:|1760455836
|switch|p2a: Ceruledge|Ceruledge, M|100/100
|-activate|p2a: Ceruledge|move: Sticky Web
|-unboost|p2a: Ceruledge|spe|1
|turn|15
|
|t:|1760455841
|move|p1a: Enamorus|Moonblast|p2a: Ceruledge
|-resisted|p2a: Ceruledge
|-damage|p2a: Ceruledge|52/100
|-unboost|p2a: Ceruledge|spa|1
|move|p2a: Ceruledge|Swords Dance|p2a: Ceruledge
|-boost|p2a: Ceruledge|atk|2
|
|-weather|SunnyDay|[upkeep]
|upkeep
|turn|16
|
|t:|1760455849
|move|p1a: Enamorus|Moonblast|p2a: Ceruledge
|-resisted|p2a: Ceruledge
|-damage|p2a: Ceruledge|1/100
|move|p2a: Ceruledge|Bitter Blade|p1a: Enamorus
|-damage|p1a: Enamorus|0 fnt
|-heal|p2a: Ceruledge|51/100|[from] drain|[of] p1a: Enamorus
|faint|p1a: Enamorus
|
|-weather|none
|upkeep
|
|t:|1760455854
|switch|p1a: Araquanid|Araquanid, M|19/100
|-activate|p1a: Araquanid|move: Sticky Web
|-unboost|p1a: Araquanid|spe|1
|turn|17
|-enditem|p1a: Araquanid|Custap Berry|[eat]
|-activate|p1a: Araquanid|item: Custap Berry|[consumed]
|
|t:|1760455862
|move|p2a: Ceruledge|Shadow Sneak|p1a: Araquanid
|-damage|p1a: Araquanid|0 fnt
|faint|p1a: Araquanid
|
|upkeep
|
|t:|1760455868
|switch|p1a: Kingambit|Kingambit, F|100/100
|-activate|p1a: Kingambit|move: Sticky Web
|-unboost|p1a: Kingambit|spe|1
|-ability|p1a: Kingambit|Defiant|boost
|-boost|p1a: Kingambit|atk|2
|turn|18
|
|t:|1760455882
|switch|p2a: Great Tusk|Great Tusk|100/100
|-activate|p2a: Great Tusk|move: Sticky Web
|-unboost|p2a: Great Tusk|spe|1
|-terastallize|p1a: Kingambit|Dark
|move|p1a: Kingambit|Kowtow Cleave|p2a: Great Tusk
|-resisted|p2a: Great Tusk
|-damage|p2a: Great Tusk|44/100
|
|upkeep
|turn|19
|
|t:|1760455896
|switch|p1a: Cinderace|Cinderace, F|100/100
|move|p2a: Great Tusk|Close Combat|p1a: Cinderace
|-damage|p1a: Cinderace|9/100
|-unboost|p2a: Great Tusk|def|1
|-unboost|p2a: Great Tusk|spd|1
|
|upkeep
|turn|20
|
|t:|1760455909
|-end|p2a: Great Tusk|Protosynthesis|[silent]
|switch|p2a: Ceruledge|Ceruledge, M|51/100
|-activate|p2a: Ceruledge|move: Sticky Web
|-unboost|p2a: Ceruledge|spe|1
|move|p1a: Cinderace|Pyro Ball|p2a: Ceruledge
|-resisted|p2a: Ceruledge
|-damage|p2a: Ceruledge|0 fnt
|faint|p2a: Ceruledge
|
|upkeep
|
|t:|1760455919
|switch|p2a: Ditto|Ditto, shiny|33/100
|-activate|p2a: Ditto|move: Sticky Web
|-unboost|p2a: Ditto|spe|1
|-transform|p2a: Ditto|p1a: Cinderace|[from] ability: Imposter
|turn|21
|inactive|chedeqing has 120 seconds left.
|
|t:|1760455938
|move|p2a: Ditto|U-turn|p1a: Cinderace
|-resisted|p1a: Cinderace
|-damage|p1a: Cinderace|0 fnt
|faint|p1a: Cinderace
|
|t:|1760455942
|switch|p2a: Great Tusk|Great Tusk|44/100|[from] U-turn
|-activate|p2a: Great Tusk|move: Sticky Web
|-unboost|p2a: Great Tusk|spe|1
|
|upkeep
|
|t:|1760455944
|switch|p1a: Serperior|Serperior, M|100/100
|-activate|p1a: Serperior|move: Sticky Web
|-boost|p1a: Serperior|spe|1
|turn|22
|
|t:|1760455954
|move|p1a: Serperior|Leaf Storm|p2a: Great Tusk
|-supereffective|p2a: Great Tusk
|-damage|p2a: Great Tusk|0 fnt
|-boost|p1a: Serperior|spa|2
|faint|p2a: Great Tusk
|-end|p2a: Great Tusk|Protosynthesis|[silent]
|
|upkeep
|
|t:|1760455959
|switch|p2a: Ditto|Ditto, shiny|33/100
|-activate|p2a: Ditto|move: Sticky Web
|-unboost|p2a: Ditto|spe|1
|-transform|p2a: Ditto|p1a: Serperior|[from] ability: Imposter
|turn|23
|
|t:|1760455969
|move|p2a: Ditto|Leaf Storm|p1a: Serperior
|-resisted|p1a: Serperior
|-damage|p1a: Serperior|46/100
|-boost|p2a: Ditto|spa|2
|move|p1a: Serperior|Leaf Storm|p2a: Ditto
|-resisted|p2a: Ditto
|-damage|p2a: Ditto|0 fnt
|-boost|p1a: Serperior|spa|2
|faint|p2a: Ditto
|
|win|tcloud
|raw|tcloud's rating: 1556 &rarr; <strong>1572</strong><br />(+16 for winning)
|raw|chedeqing's rating: 1488 &rarr; <strong>1472</strong><br />(-16 for losing)
|l|☆chedeqing
|player|p2|
