|j|☆Dollardasenee
|j|☆the goat(literal)
|t:|1760434332
|gametype|singles
|player|p1|Dollardasenee|cyrus|1145
|player|p2|the goat(literal)|1|1113
|gen|9
|tier|[Gen 9] OU
|rated|
|rule|HP Percentage Mod: HP is shown in percentages
|rule|Endless Battle Clause: Forcing endless battles is banned
|rule|Species Clause: Limit one of each Pokémon
|rule|OHKO Clause: OHKO moves are banned
|rule|Evasion Items Clause: Evasion items are banned
|rule|Evasion Moves Clause: Evasion moves are banned
|rule|Evasion Abilities Clause: Evasion abilities are banned
|rule|Sleep Moves Clause: Sleep-inducing moves are banned
|clearpoke
|poke|p1|Maushold-Four|
|poke|p1|Ninetales-Alola, M|
|poke|p1|Ceruledge, M|
|poke|p1|Gliscor, M|
|poke|p1|Darkrai|
|poke|p1|Garganacl, M|
|poke|p2|Hariyama, F|
|poke|p2|Grimmsnarl, M|
|poke|p2|Gholdengo|
|poke|p2|Raging Bolt|
|poke|p2|Cinderace, M|
|poke|p2|Ogerpon-Wellspring, F|
|teampreview
|
|t:|1760434338
|teamsize|p1|6
|teamsize|p2|6
|start
|switch|p1a: Ninetales|Ninetales-Alola, M|100/100
|switch|p2a: Grimmsnarl|Grimmsnarl, M|100/100
|-weather|Snowscape|[from] ability: Snow Warning|[of] p1a: Ninetales
|turn|1
|
|t:|1760434344
|move|p2a: Grimmsnarl|Parting Shot|p1a: Ninetales
|-unboost|p1a: Ninetales|atk|1
|-unboost|p1a: Ninetales|spa|1
|
|t:|1760434345
|switch|p2a: Cinderace|Cinderace, M|100/100|[from] Parting Shot
|move|p1a: Ninetales|Aurora Veil|p1a: Ninetales
|-sidestart|p1: Dollardasenee|move: Aurora Veil
|
|-weather|Snowscape|[upkeep]
|upkeep
|turn|2
|
|t:|1760434352
|move|p2a: Cinderace|Court Change|p2a: Cinderace
|-start|p2a: Cinderace|typechange|Normal|[from] ability: Libero
|-swapsideconditions
|-activate|p2a: Cinderace|move: Court Change
|move|p1a: Ninetales|Charm|p2a: Cinderace
|-unboost|p2a: Cinderace|atk|2
|
|-weather|Snowscape|[upkeep]
|upkeep
|turn|3
|
|t:|1760434361
|switch|p2a: Gholdengo|Gholdengo|100/100
|move|p1a: Ninetales|Aurora Veil|p1a: Ninetales
|-sidestart|p1: Dollardasenee|move: Aurora Veil
|
|-weather|Snowscape|[upkeep]
|upkeep
|turn|4
|
|t:|1760434365
|move|p1a: Ninetales|Icy Wind|p2a: Gholdengo|[miss]
|-miss|p1a: Ninetales|p2a: Gholdengo
|move|p2a: Gholdengo|Nasty Plot|p2a: Gholdengo
|-boost|p2a: Gholdengo|spa|2
|
|-weather|Snowscape|[upkeep]
|upkeep
|turn|5
|
|t:|1760434370
|move|p1a: Ninetales|Encore|p2a: Gholdengo
|-immune|p2a: Gholdengo|[from] ability: Good as Gold
|move|p2a: Gholdengo|Nasty Plot|p2a: Gholdengo
|-boost|p2a: Gholdengo|spa|2
|
|-weather|none
|upkeep
|turn|6
|
|t:|1760434387
|move|p1a: Ninetales|Charm|p2a: Gholdengo
|-immune|p2a: Gholdengo|[from] ability: Good as Gold
|move|p2a: Gholdengo|Make It Rain|p1a: Ninetales
|-supereffective|p1a: Ninetales
|-damage|p1a: Ninetales|0 fnt
|-unboost|p2a: Gholdengo|spa|1
|faint|p1a: Ninetales
|
|upkeep
|
|t:|1760434392
|switch|p1a: Ceruledge|Ceruledge, M|100/100
|turn|7
|
|t:|1760434400
|-terastallize|p2a: Gholdengo|Water
|move|p1a: Ceruledge|Swords Dance|p1a: Ceruledge
|-boost|p1a: Ceruledge|atk|2
|move|p2a: Gholdengo|Shadow Ball|p1a: Ceruledge
|-supereffective|p1a: Ceruledge
|-damage|p1a: Ceruledge|2/100
|-unboost|p1a: Ceruledge|spd|1
|
|upkeep
|turn|8
|
|t:|1760434411
|move|p1a: Ceruledge|Poltergeist|p2a: Gholdengo
|-activate|p2a: Gholdengo|move: Poltergeist|Covert Cloak
|-crit|p2a: Gholdengo
|-damage|p2a: Gholdengo|0 fnt
|faint|p2a: Gholdengo
|
|-sideend|p2: the goat(literal)|move: Aurora Veil
|upkeep
|
|t:|1760434416
|switch|p2a: Cinderace|Cinderace, M|100/100
|turn|9
|
|t:|1760434423
|move|p2a: Cinderace|U-turn|p1a: Ceruledge
|-start|p2a: Cinderace|typechange|Bug|[from] ability: Libero
|-resisted|p1a: Ceruledge
|-damage|p1a: Ceruledge|0 fnt
|faint|p1a: Ceruledge
|
|t:|1760434426
|switch|p2a: Hariyama|Hariyama, F|100/100|[from] U-turn
|
|-status|p2a: Hariyama|brn|[from] item: Flame Orb
|upkeep
|
|t:|1760434432
|switch|p1a: Gliscor|Gliscor, M|100/100
|turn|10
|
|t:|1760434435
|move|p1a: Gliscor|Protect|p1a: Gliscor
|-singleturn|p1a: Gliscor|Protect
|move|p2a: Hariyama|Belly Drum|p2a: Hariyama
|-damage|p2a: Hariyama|50/100 brn
|-setboost|p2a: Hariyama|atk|6|[from] move: Belly Drum
|
|-damage|p2a: Hariyama|44/100 brn|[from] brn
|-sideend|p1: Dollardasenee|move: Aurora Veil
|-status|p1a: Gliscor|tox|[from] item: Toxic Orb
|upkeep
|turn|11
|
|t:|1760434445
|move|p1a: Gliscor|Substitute|p1a: Gliscor
|-start|p1a: Gliscor|Substitute
|-damage|p1a: Gliscor|76/100 tox
|move|p2a: Hariyama|Drain Punch|p1a: Gliscor
|-resisted|p1a: Gliscor
|-end|p1a: Gliscor|Substitute
|-heal|p2a: Hariyama|53/100 brn|[from] drain|[of] p1a: Gliscor
|
|-heal|p1a: Gliscor|88/100 tox|[from] ability: Poison Heal
|-damage|p2a: Hariyama|47/100 brn|[from] brn
|upkeep
|turn|12
|
|t:|1760434461
|move|p1a: Gliscor|Protect|p1a: Gliscor
|-singleturn|p1a: Gliscor|Protect
|move|p2a: Hariyama|Drain Punch|p1a: Gliscor
|-activate|p1a: Gliscor|move: Protect
|
|-heal|p1a: Gliscor|100/100 tox|[from] ability: Poison Heal
|-damage|p2a: Hariyama|41/100 brn|[from] brn
|upkeep
|turn|13
|
|t:|1760434471
|move|p1a: Gliscor|Protect||[still]
|-fail|p1a: Gliscor
|move|p2a: Hariyama|Drain Punch|p1a: Gliscor
|-resisted|p1a: Gliscor
|-damage|p1a: Gliscor|44/100 tox
|-heal|p2a: Hariyama|61/100 brn|[from] drain|[of] p1a: Gliscor
|
|-heal|p1a: Gliscor|57/100 tox|[from] ability: Poison Heal
|-damage|p2a: Hariyama|55/100 brn|[from] brn
|upkeep
|turn|14
|
|t:|1760434483
|move|p1a: Gliscor|Protect|p1a: Gliscor
|-singleturn|p1a: Gliscor|Protect
|move|p2a: Hariyama|Drain Punch|p1a: Gliscor
|-activate|p1a: Gliscor|move: Protect
|
|-heal|p1a: Gliscor|69/100 tox|[from] ability: Poison Heal
|-damage|p2a: Hariyama|49/100 brn|[from] brn
|upkeep
|turn|15
|
|t:|1760434499
|move|p1a: Gliscor|Protect||[still]
|-fail|p1a: Gliscor
|move|p2a: Hariyama|Drain Punch|p1a: Gliscor
|-resisted|p1a: Gliscor
|-damage|p1a: Gliscor|14/100 tox
|-heal|p2a: Hariyama|69/100 brn|[from] drain|[of] p1a: Gliscor
|
|-heal|p1a: Gliscor|26/100 tox|[from] ability: Poison Heal
|-damage|p2a: Hariyama|63/100 brn|[from] brn
|upkeep
|turn|16
|
|t:|1760434506
|move|p2a: Hariyama|Bullet Punch|p1a: Gliscor
|-damage|p1a: Gliscor|0 fnt
|faint|p1a: Gliscor
|
|-damage|p2a: Hariyama|57/100 brn|[from] brn
|upkeep
|inactive|Battle timer is ON: inactive players will automatically lose when time's up. (requested by the goat(literal))
|
|t:|1760434517
|switch|p1a: Maushold|Maushold-Four|100/100
|turn|17
|
|t:|1760434523
|-terastallize|p1a: Maushold|Normal
|move|p2a: Hariyama|Bullet Punch|p1a: Maushold
|-damage|p1a: Maushold|0 fnt
|faint|p1a: Maushold
|
|-damage|p2a: Hariyama|51/100 brn|[from] brn
|upkeep
|
|t:|1760434528
|switch|p1a: Darkrai|Darkrai|100/100
|turn|18
|
|t:|1760434536
|move|p2a: Hariyama|Bullet Punch|p1a: Darkrai
|-damage|p1a: Darkrai|10/100
|move|p1a: Darkrai|Sludge Bomb|p2a: Hariyama
|-damage|p2a: Hariyama|21/100 brn
|
|-damage|p2a: Hariyama|15/100 brn|[from] brn
|upkeep
|turn|19
|
|t:|1760434539
|move|p2a: Hariyama|Bullet Punch|p1a: Darkrai
|-damage|p1a: Darkrai|0 fnt
|faint|p1a: Darkrai
|
|-damage|p2a: Hariyama|8/100 brn|[from] brn
|upkeep
|
|t:|1760434541
|switch|p1a: Garganacl|Garganacl, M|100/100
|turn|20
|
|t:|1760434544
|move|p2a: Hariyama|Drain Punch|p1a: Garganacl
|-supereffective|p1a: Garganacl
|-damage|p1a: Garganacl|0 fnt
|-heal|p2a: Hariyama|49/100 brn|[from] drain|[of] p1a: Garganacl
|faint|p1a: Garganacl
|
|win|the goat(literal)
|raw|Dollardasenee's rating: 1145 &rarr; <strong>1118</strong><br />(-27 for losing)
|raw|the goat(literal)'s rating: 1113 &rarr; <strong>1140</strong><br />(+27 for winning)
|l|☆Dollardasenee
|player|p1|
|l|☆the goat(literal)
|player|p2|
