|j|☆jdksosjdoos
|j|☆jewking
|t:|1760379279
|gametype|singles
|player|p1|jdksosjdoos|102|1328
|player|p2|jewking|170|1330
|gen|9
|tier|[Gen 9] OU
|rated|
|rule|HP Percentage Mod: HP is shown in percentages
|rule|Endless Battle Clause: Forcing endless battles is banned
|rule|Species Clause: Limit one of each Pokémon
|rule|OHKO Clause: OHKO moves are banned
|rule|Evasion Items Clause: Evasion items are banned
|rule|Evasion Moves Clause: Evasion moves are banned
|rule|Evasion Abilities Clause: Evasion abilities are banned
|rule|Sleep Moves Clause: Sleep-inducing moves are banned
|clearpoke
|poke|p1|Weezing-Galar, F|
|poke|p1|Salazzle, F|
|poke|p1|Blissey, F|
|poke|p1|Wo-Chien|
|poke|p1|Corviknight, M|
|poke|p1|Gliscor, M|
|poke|p2|Samurott-Hisui, M|
|poke|p2|Ting-Lu|
|poke|p2|Dragonite, F|
|poke|p2|Dragapult, F|
|poke|p2|Gholdengo|
|poke|p2|Weezing-Galar, M|
|teampreview
|
|t:|1760379289
|teamsize|p1|6
|teamsize|p2|6
|start
|switch|p1a: Gliscor|Gliscor, M|100/100
|switch|p2a: Weezing|Weezing-Galar, M|100/100
|-ability|p2a: Weezing|Neutralizing Gas
|-item|p2a: Weezing|Air Balloon
|turn|1
|
|t:|1760379305
|move|p1a: Gliscor|Protect|p1a: Gliscor
|-singleturn|p1a: Gliscor|Protect
|move|p2a: Weezing|Strange Steam|p1a: Gliscor
|-activate|p1a: Gliscor|move: Protect
|
|-status|p1a: Gliscor|tox|[from] item: Toxic Orb
|upkeep
|turn|2
|
|t:|1760379314
|move|p1a: Gliscor|Toxic Spikes|p2a: Weezing
|-sidestart|p2: jewking|move: Toxic Spikes
|move|p2a: Weezing|Overheat|p1a: Gliscor|[miss]
|-miss|p2a: Weezing|p1a: Gliscor
|
|-damage|p1a: Gliscor|94/100 tox|[from] psn
|upkeep
|turn|3
|
|t:|1760379321
|move|p1a: Gliscor|U-turn|p2a: Weezing
|-resisted|p2a: Weezing
|-crit|p2a: Weezing
|-damage|p2a: Weezing|95/100
|-enditem|p2a: Weezing|Air Balloon
|
|t:|1760379327
|switch|p1a: Salazzle|Salazzle, F|100/100|[from] U-turn
|move|p2a: Weezing|Defog|p1a: Salazzle
|-unboost|p1a: Salazzle|evasion|1
|-sideend|p2: jewking|Toxic Spikes|[from] move: Defog|[of] p2a: Weezing
|
|upkeep
|turn|4
|
|t:|1760379341
|move|p1a: Salazzle|Substitute|p1a: Salazzle
|-start|p1a: Salazzle|Substitute
|-damage|p1a: Salazzle|76/100
|move|p2a: Weezing|Overheat|p1a: Salazzle
|-resisted|p1a: Salazzle
|-end|p1a: Salazzle|Substitute
|-unboost|p2a: Weezing|spa|2
|
|-heal|p1a: Salazzle|82/100|[from] item: Leftovers
|upkeep
|turn|5
|
|t:|1760379352
|move|p1a: Salazzle|Substitute|p1a: Salazzle
|-start|p1a: Salazzle|Substitute
|-damage|p1a: Salazzle|57/100
|move|p2a: Weezing|Pain Split||[still]
|-fail|p2a: Weezing
|
|-heal|p1a: Salazzle|63/100|[from] item: Leftovers
|upkeep
|turn|6
|
|t:|1760379365
|-end|p2a: Weezing|ability: Neutralizing Gas
|switch|p2a: Ting-Lu|Ting-Lu|100/100
|-ability|p2a: Ting-Lu|Vessel of Ruin
|move|p1a: Salazzle|Overheat|p2a: Ting-Lu
|-damage|p2a: Ting-Lu|73/100
|-unboost|p1a: Salazzle|spa|2
|
|-heal|p1a: Salazzle|70/100|[from] item: Leftovers
|-heal|p2a: Ting-Lu|79/100|[from] item: Leftovers
|upkeep
|turn|7
|
|t:|1760379375
|move|p1a: Salazzle|Toxic|p2a: Ting-Lu
|-status|p2a: Ting-Lu|tox
|move|p2a: Ting-Lu|Stealth Rock|p1a: Salazzle
|-sidestart|p1: jdksosjdoos|move: Stealth Rock
|
|-heal|p1a: Salazzle|76/100|[from] item: Leftovers
|-heal|p2a: Ting-Lu|85/100 tox|[from] item: Leftovers
|-damage|p2a: Ting-Lu|79/100 tox|[from] psn
|upkeep
|turn|8
|
|t:|1760379384
|move|p1a: Salazzle|Taunt|p2a: Ting-Lu
|-start|p2a: Ting-Lu|move: Taunt
|cant|p2a: Ting-Lu|move: Taunt|Whirlwind
|
|-heal|p1a: Salazzle|82/100|[from] item: Leftovers
|-heal|p2a: Ting-Lu|85/100 tox|[from] item: Leftovers
|-damage|p2a: Ting-Lu|73/100 tox|[from] psn
|upkeep
|turn|9
|
|t:|1760379392
|switch|p2a: Samurott|Samurott-Hisui, M|100/100
|move|p1a: Salazzle|Substitute|p1a: Salazzle
|-fail|p1a: Salazzle|move: Substitute
|
|-heal|p1a: Salazzle|88/100|[from] item: Leftovers
|upkeep
|turn|10
|
|t:|1760379396
|move|p1a: Salazzle|Toxic|p2a: Samurott
|-status|p2a: Samurott|tox
|move|p2a: Samurott|Ceaseless Edge|p1a: Salazzle
|-end|p1a: Salazzle|Substitute
|-sidestart|p1: jdksosjdoos|Spikes
|
|-heal|p1a: Salazzle|94/100|[from] item: Leftovers
|-damage|p2a: Samurott|94/100 tox|[from] psn
|upkeep
|turn|11
|inactive|Battle timer is ON: inactive players will automatically lose when time's up. (requested by jdksosjdoos)
|
|t:|1760379408
|switch|p1a: Weezing|Weezing-Galar, F|100/100
|-ability|p1a: Weezing|Neutralizing Gas
|move|p2a: Samurott|Knock Off|p1a: Weezing
|-resisted|p1a: Weezing
|-damage|p1a: Weezing|85/100
|-enditem|p1a: Weezing|Heavy-Duty Boots|[from] move: Knock Off|[of] p2a: Samurott
|
|-damage|p2a: Samurott|82/100 tox|[from] psn
|upkeep
|turn|12
|
|t:|1760379422
|switch|p2a: Gholdengo|Gholdengo|100/100
|move|p1a: Weezing|Defog|p2a: Gholdengo
|-unboost|p2a: Gholdengo|evasion|1
|-sideend|p1: jdksosjdoos|Spikes|[from] move: Defog|[of] p1a: Weezing
|-sideend|p1: jdksosjdoos|Stealth Rock|[from] move: Defog|[of] p1a: Weezing
|
|upkeep
|turn|13
|
|t:|1760379430
|-end|p1a: Weezing|ability: Neutralizing Gas
|switch|p1a: Blissey|Blissey, F|100/100
|move|p2a: Gholdengo|Make It Rain|p1a: Blissey
|-damage|p1a: Blissey|82/100
|-unboost|p2a: Gholdengo|spa|1
|
|-heal|p1a: Blissey|89/100|[from] item: Leftovers
|upkeep
|turn|14
|
|t:|1760379443
|switch|p2a: Weezing|Weezing-Galar, M|95/100
|-ability|p2a: Weezing|Neutralizing Gas
|move|p1a: Blissey|Stealth Rock|p2a: Weezing
|-sidestart|p2: jewking|move: Stealth Rock
|
|-heal|p1a: Blissey|95/100|[from] item: Leftovers
|upkeep
|turn|15
|
|t:|1760379450
|move|p2a: Weezing|Pain Split|p1a: Blissey
|-sethp|p1a: Blissey|70/100|[from] move: Pain Split|[silent]
|-sethp|p2a: Weezing|100/100|[from] move: Pain Split
|move|p1a: Blissey|Seismic Toss|p2a: Weezing
|-damage|p2a: Weezing|71/100
|
|-heal|p1a: Blissey|76/100|[from] item: Leftovers
|upkeep
|turn|16
|
|t:|1760379459
|move|p2a: Weezing|Defog|p1a: Blissey
|-unboost|p1a: Blissey|evasion|1
|-sideend|p2: jewking|Stealth Rock|[from] move: Defog|[of] p2a: Weezing
|move|p1a: Blissey|Seismic Toss|p2a: Weezing
|-damage|p2a: Weezing|41/100
|
|-heal|p1a: Blissey|82/100|[from] item: Leftovers
|upkeep
|turn|17
|
|t:|1760379467
|move|p2a: Weezing|Pain Split|p1a: Blissey
|-sethp|p1a: Blissey|51/100|[from] move: Pain Split|[silent]
|-sethp|p2a: Weezing|100/100|[from] move: Pain Split
|move|p1a: Blissey|Seismic Toss|p2a: Weezing
|-damage|p2a: Weezing|71/100
|
|-heal|p1a: Blissey|57/100|[from] item: Leftovers
|upkeep
|turn|18
|
|t:|1760379480
|-end|p2a: Weezing|ability: Neutralizing Gas
|switch|p2a: Dragapult|Dragapult, F|100/100
|move|p1a: Blissey|Seismic Toss|p2a: Dragapult
|-immune|p2a: Dragapult
|
|-heal|p1a: Blissey|63/100|[from] item: Leftovers
|upkeep
|turn|19
|
|t:|1760379498
|switch|p1a: Wo-Chien|Wo-Chien|100/100
|-ability|p1a: Wo-Chien|Tablets of Ruin
|move|p2a: Dragapult|U-turn|p1a: Wo-Chien
|-supereffective|p1a: Wo-Chien
|-damage|p1a: Wo-Chien|56/100
|
|t:|1760379517
|switch|p2a: Gholdengo|Gholdengo|100/100|[from] U-turn
|
|-heal|p1a: Wo-Chien|62/100|[from] item: Leftovers
|upkeep
|turn|20
|
|t:|1760379526
|-terastallize|p2a: Gholdengo|Fairy
|move|p2a: Gholdengo|Dazzling Gleam|p1a: Wo-Chien
|-supereffective|p1a: Wo-Chien
|-damage|p1a: Wo-Chien|2/100
|move|p1a: Wo-Chien|Foul Play|p2a: Gholdengo
|-resisted|p2a: Gholdengo
|-damage|p2a: Gholdengo|92/100
|
|-heal|p1a: Wo-Chien|9/100|[from] item: Leftovers
|upkeep
|turn|21
|
|t:|1760379540
|switch|p1a: Blissey|Blissey, F|63/100
|move|p2a: Gholdengo|Dazzling Gleam|p1a: Blissey
|-damage|p1a: Blissey|51/100
|
|-heal|p1a: Blissey|58/100|[from] item: Leftovers
|upkeep
|turn|22
|
|t:|1760379544
|switch|p2a: Samurott|Samurott-Hisui, M|82/100 tox
|move|p1a: Blissey|Soft-Boiled|p1a: Blissey
|-heal|p1a: Blissey|100/100
|
|-damage|p2a: Samurott|76/100 tox|[from] psn
|upkeep
|turn|23
|
|t:|1760379553
|switch|p1a: Corviknight|Corviknight, M|100/100
|-ability|p1a: Corviknight|Pressure
|move|p2a: Samurott|Ceaseless Edge|p1a: Corviknight
|-damage|p1a: Corviknight|75/100
|-damage|p2a: Samurott|59/100 tox|[from] item: Rocky Helmet|[of] p1a: Corviknight
|-sidestart|p1: jdksosjdoos|Spikes
|
|-damage|p2a: Samurott|47/100 tox|[from] psn
|upkeep
|turn|24
|
|t:|1760379567
|move|p2a: Samurott|Knock Off|p1a: Corviknight
|-damage|p1a: Corviknight|46/100
|-damage|p2a: Samurott|30/100 tox|[from] item: Rocky Helmet|[of] p1a: Corviknight
|-enditem|p1a: Corviknight|Rocky Helmet|[from] move: Knock Off|[of] p2a: Samurott
|move|p1a: Corviknight|Defog|p2a: Samurott
|-unboost|p2a: Samurott|evasion|1
|-sideend|p1: jdksosjdoos|Spikes|[from] move: Defog|[of] p1a: Corviknight
|
|-damage|p2a: Samurott|11/100 tox|[from] psn
|upkeep
|turn|25
|
|t:|1760379578
|move|p2a: Samurott|Aqua Cutter|p1a: Corviknight
|-damage|p1a: Corviknight|19/100
|move|p1a: Corviknight|Roost|p1a: Corviknight
|-heal|p1a: Corviknight|69/100
|-singleturn|p1a: Corviknight|move: Roost
|
|-damage|p2a: Samurott|0 fnt|[from] psn
|faint|p2a: Samurott
|upkeep
|
|t:|1760379584
|switch|p2a: Dragapult|Dragapult, F|100/100
|turn|26
|
|t:|1760379595
|switch|p1a: Gliscor|Gliscor, M|94/100 tox
|move|p2a: Dragapult|Will-O-Wisp|p1a: Gliscor|[miss]
|-miss|p2a: Dragapult|p1a: Gliscor
|
|-heal|p1a: Gliscor|100/100 tox|[from] ability: Poison Heal
|upkeep
|turn|27
|
|t:|1760379603
|switch|p2a: Ting-Lu|Ting-Lu|73/100 tox
|-ability|p2a: Ting-Lu|Vessel of Ruin
|move|p1a: Gliscor|Knock Off|p2a: Ting-Lu
|-resisted|p2a: Ting-Lu
|-damage|p2a: Ting-Lu|69/100 tox
|-enditem|p2a: Ting-Lu|Leftovers|[from] move: Knock Off|[of] p1a: Gliscor
|
|-damage|p2a: Ting-Lu|63/100 tox|[from] psn
|upkeep
|turn|28
|
|t:|1760379615
|move|p1a: Gliscor|Toxic Spikes|p2a: Ting-Lu
|-sidestart|p2: jewking|move: Toxic Spikes
|move|p2a: Ting-Lu|Stealth Rock|p1a: Gliscor
|-sidestart|p1: jdksosjdoos|move: Stealth Rock
|
|-damage|p2a: Ting-Lu|50/100 tox|[from] psn
|upkeep
|turn|29
|
|t:|1760379621
|move|p1a: Gliscor|Toxic Spikes|p2a: Ting-Lu
|-sidestart|p2: jewking|move: Toxic Spikes
|move|p2a: Ting-Lu|Whirlwind|p1a: Gliscor
|drag|p1a: Wo-Chien|Wo-Chien|9/100
|-damage|p1a: Wo-Chien|0 fnt|[from] Stealth Rock
|faint|p1a: Wo-Chien
|
|-damage|p2a: Ting-Lu|31/100 tox|[from] psn
|upkeep
|
|t:|1760379636
|switch|p1a: Corviknight|Corviknight, M|69/100
|-damage|p1a: Corviknight|57/100|[from] Stealth Rock
|-ability|p1a: Corviknight|Pressure
|turn|30
|
|t:|1760379642
|switch|p1a: Salazzle|Salazzle, F|94/100
|-damage|p1a: Salazzle|70/100|[from] Stealth Rock
|move|p2a: Ting-Lu|Ruination|p1a: Salazzle
|-damage|p1a: Salazzle|35/100
|
|-heal|p1a: Salazzle|41/100|[from] item: Leftovers
|-damage|p2a: Ting-Lu|7/100 tox|[from] psn
|upkeep
|turn|31
|
|t:|1760379653
|move|p1a: Salazzle|Substitute|p1a: Salazzle
|-start|p1a: Salazzle|Substitute
|-damage|p1a: Salazzle|16/100
|move|p2a: Ting-Lu|Earthquake|p1a: Salazzle
|-supereffective|p1a: Salazzle
|-end|p1a: Salazzle|Substitute
|
|-heal|p1a: Salazzle|23/100|[from] item: Leftovers
|-damage|p2a: Ting-Lu|0 fnt|[from] psn
|faint|p2a: Ting-Lu
|upkeep
|
|t:|1760379660
|switch|p2a: Dragonite|Dragonite, F|100/100
|turn|32
|
|t:|1760379666
|move|p2a: Dragonite|Extreme Speed|p1a: Salazzle
|-damage|p1a: Salazzle|0 fnt
|faint|p1a: Salazzle
|
|upkeep
|
|t:|1760379671
|switch|p1a: Weezing|Weezing-Galar, F|85/100
|-ability|p1a: Weezing|Neutralizing Gas
|-damage|p1a: Weezing|73/100|[from] Stealth Rock
|turn|33
|
|t:|1760379679
|switch|p2a: Weezing|Weezing-Galar, M|71/100
|-ability|p2a: Weezing|Neutralizing Gas
|-sideend|p2: jewking|move: Toxic Spikes|[of] p2a: Weezing
|-terastallize|p1a: Weezing|Flying
|move|p1a: Weezing|Toxic|p2a: Weezing
|-immune|p2a: Weezing
|
|upkeep
|turn|34
|
|t:|1760379689
|switch|p1a: Blissey|Blissey, F|100/100
|-damage|p1a: Blissey|88/100|[from] Stealth Rock
|move|p2a: Weezing|Overheat|p1a: Blissey
|-damage|p1a: Blissey|77/100
|-unboost|p2a: Weezing|spa|2
|
|-heal|p1a: Blissey|84/100|[from] item: Leftovers
|upkeep
|turn|35
|
|t:|1760379697
|-end|p2a: Weezing|ability: Neutralizing Gas
|switch|p2a: Dragapult|Dragapult, F|100/100
|move|p1a: Blissey|Stealth Rock|p2a: Dragapult
|-sidestart|p2: jewking|move: Stealth Rock
|
|-heal|p1a: Blissey|90/100|[from] item: Leftovers
|upkeep
|turn|36
|
|t:|1760379706
|switch|p1a: Gliscor|Gliscor, M|100/100 tox
|-damage|p1a: Gliscor|88/100 tox|[from] Stealth Rock
|move|p2a: Dragapult|Dragon Darts|p1a: Gliscor
|-damage|p1a: Gliscor|74/100 tox
|-anim|p2a: Dragapult|Dragon Darts|p1a: Gliscor
|-damage|p1a: Gliscor|58/100 tox
|
|-heal|p1a: Gliscor|70/100 tox|[from] ability: Poison Heal
|upkeep
|turn|37
|l|☆jewking
|inactive|jewking disconnected and has a minute to reconnect!
|player|p2|
|j|☆jewking
|inactive|jewking reconnected and has 110 seconds left.
|player|p2|jewking|170|
|
|t:|1760379751
|move|p2a: Dragapult|Hex|p1a: Gliscor
|-damage|p1a: Gliscor|18/100 tox
|move|p1a: Gliscor|Knock Off|p2a: Dragapult
|-supereffective|p2a: Dragapult
|-damage|p2a: Dragapult|33/100
|-enditem|p2a: Dragapult|Heavy-Duty Boots|[from] move: Knock Off|[of] p1a: Gliscor
|
|-heal|p1a: Gliscor|31/100 tox|[from] ability: Poison Heal
|upkeep
|turn|38
|
|t:|1760379760
|move|p1a: Gliscor|Protect|p1a: Gliscor
|-singleturn|p1a: Gliscor|Protect
|move|p2a: Dragapult|Dragon Darts|p1a: Gliscor
|-activate|p1a: Gliscor|move: Protect
|
|-heal|p1a: Gliscor|43/100 tox|[from] ability: Poison Heal
|upkeep
|turn|39
|
|t:|1760379769
|switch|p1a: Blissey|Blissey, F|90/100
|-damage|p1a: Blissey|77/100|[from] Stealth Rock
|move|p2a: Dragapult|Hex|p1a: Blissey
|-immune|p1a: Blissey
|
|-heal|p1a: Blissey|83/100|[from] item: Leftovers
|upkeep
|turn|40
|
|t:|1760379775
|switch|p1a: Gliscor|Gliscor, M|43/100 tox
|-damage|p1a: Gliscor|31/100 tox|[from] Stealth Rock
|move|p2a: Dragapult|U-turn|p1a: Gliscor
|-resisted|p1a: Gliscor
|-damage|p1a: Gliscor|23/100 tox
|
|t:|1760379780
|switch|p2a: Dragonite|Dragonite, F|100/100|[from] U-turn
|-damage|p2a: Dragonite|76/100|[from] Stealth Rock
|
|-heal|p2a: Dragonite|82/100|[from] item: Leftovers
|-heal|p1a: Gliscor|36/100 tox|[from] ability: Poison Heal
|upkeep
|turn|41
|
|t:|1760379788
|move|p1a: Gliscor|Protect|p1a: Gliscor
|-singleturn|p1a: Gliscor|Protect
|move|p2a: Dragonite|Dragon Dance|p2a: Dragonite
|-boost|p2a: Dragonite|atk|1
|-boost|p2a: Dragonite|spe|1
|
|-heal|p2a: Dragonite|88/100|[from] item: Leftovers
|-heal|p1a: Gliscor|48/100 tox|[from] ability: Poison Heal
|upkeep
|turn|42
|
|t:|1760379800
|move|p2a: Dragonite|Dragon Dance|p2a: Dragonite
|-boost|p2a: Dragonite|atk|1
|-boost|p2a: Dragonite|spe|1
|move|p1a: Gliscor|U-turn|p2a: Dragonite
|-resisted|p2a: Dragonite
|-damage|p2a: Dragonite|81/100
|
|t:|1760379807
|switch|p1a: Weezing|Weezing-Galar, F, tera:Flying|73/100|[from] U-turn
|-ability|p1a: Weezing|Neutralizing Gas
|-damage|p1a: Weezing|48/100|[from] Stealth Rock
|
|-heal|p2a: Dragonite|87/100|[from] item: Leftovers
|upkeep
|turn|43
|
|t:|1760379817
|move|p2a: Dragonite|Extreme Speed|p1a: Weezing
|-damage|p1a: Weezing|18/100
|move|p1a: Weezing|Toxic|p2a: Dragonite
|-status|p2a: Dragonite|tox
|
|-heal|p2a: Dragonite|93/100 tox|[from] item: Leftovers
|-damage|p2a: Dragonite|87/100 tox|[from] psn
|upkeep
|turn|44
|
|t:|1760379821
|move|p2a: Dragonite|Extreme Speed|p1a: Weezing
|-damage|p1a: Weezing|0 fnt
|faint|p1a: Weezing
|-end|p1a: Weezing|ability: Neutralizing Gas
|
|-heal|p2a: Dragonite|93/100 tox|[from] item: Leftovers
|-damage|p2a: Dragonite|81/100 tox|[from] psn
|upkeep
|
|t:|1760379826
|switch|p1a: Corviknight|Corviknight, M|57/100
|-damage|p1a: Corviknight|44/100|[from] Stealth Rock
|-ability|p1a: Corviknight|Pressure
|turn|45
|
|t:|1760379833
|move|p1a: Corviknight|Roost|p1a: Corviknight
|-heal|p1a: Corviknight|94/100
|-singleturn|p1a: Corviknight|move: Roost
|move|p2a: Dragonite|Dragon Tail|p1a: Corviknight
|-resisted|p1a: Corviknight
|-damage|p1a: Corviknight|77/100
|drag|p1a: Gliscor|Gliscor, M|48/100 tox
|-damage|p1a: Gliscor|36/100 tox|[from] Stealth Rock
|
|-heal|p2a: Dragonite|87/100 tox|[from] item: Leftovers
|-damage|p2a: Dragonite|68/100 tox|[from] psn
|-heal|p1a: Gliscor|48/100 tox|[from] ability: Poison Heal
|upkeep
|turn|46
|
|t:|1760379845
|move|p1a: Gliscor|Protect|p1a: Gliscor
|-singleturn|p1a: Gliscor|Protect
|move|p2a: Dragonite|Dragon Dance|p2a: Dragonite
|-boost|p2a: Dragonite|atk|1
|-boost|p2a: Dragonite|spe|1
|
|-heal|p2a: Dragonite|75/100 tox|[from] item: Leftovers
|-damage|p2a: Dragonite|50/100 tox|[from] psn
|-heal|p1a: Gliscor|61/100 tox|[from] ability: Poison Heal
|upkeep
|turn|47
|
|t:|1760379852
|switch|p1a: Corviknight|Corviknight, M|77/100
|-damage|p1a: Corviknight|65/100|[from] Stealth Rock
|-ability|p1a: Corviknight|Pressure
|move|p2a: Dragonite|Extreme Speed|p1a: Corviknight
|-resisted|p1a: Corviknight
|-damage|p1a: Corviknight|48/100
|
|-heal|p2a: Dragonite|56/100 tox|[from] item: Leftovers
|-damage|p2a: Dragonite|25/100 tox|[from] psn
|upkeep
|turn|48
|
|t:|1760379859
|move|p2a: Dragonite|Roost|p2a: Dragonite
|-heal|p2a: Dragonite|75/100 tox
|-singleturn|p2a: Dragonite|move: Roost
|move|p1a: Corviknight|Roost|p1a: Corviknight
|-heal|p1a: Corviknight|98/100
|-singleturn|p1a: Corviknight|move: Roost
|
|-heal|p2a: Dragonite|81/100 tox|[from] item: Leftovers
|-damage|p2a: Dragonite|44/100 tox|[from] psn
|upkeep
|turn|49
|
|t:|1760379866
|move|p1a: Corviknight|Roost|p1a: Corviknight
|-heal|p1a: Corviknight|100/100
|-singleturn|p1a: Corviknight|move: Roost
|move|p2a: Dragonite|Dragon Tail|p1a: Corviknight
|-resisted|p1a: Corviknight
|-damage|p1a: Corviknight|81/100
|drag|p1a: Gliscor|Gliscor, M|61/100 tox
|-damage|p1a: Gliscor|48/100 tox|[from] Stealth Rock
|
|-heal|p2a: Dragonite|50/100 tox|[from] item: Leftovers
|-damage|p2a: Dragonite|6/100 tox|[from] psn
|-heal|p1a: Gliscor|61/100 tox|[from] ability: Poison Heal
|upkeep
|turn|50
|
|t:|1760379881
|move|p1a: Gliscor|Protect|p1a: Gliscor
|-singleturn|p1a: Gliscor|Protect
|move|p2a: Dragonite|Roost|p2a: Dragonite
|-heal|p2a: Dragonite|56/100 tox
|-singleturn|p2a: Dragonite|move: Roost
|
|-heal|p2a: Dragonite|63/100 tox|[from] item: Leftovers
|-damage|p2a: Dragonite|13/100 tox|[from] psn
|-heal|p1a: Gliscor|73/100 tox|[from] ability: Poison Heal
|upkeep
|turn|51
|
|t:|1760379888
|switch|p1a: Corviknight|Corviknight, M|81/100
|-damage|p1a: Corviknight|69/100|[from] Stealth Rock
|-ability|p1a: Corviknight|Pressure
|move|p2a: Dragonite|Dragon Tail|p1a: Corviknight|[miss]
|-miss|p2a: Dragonite|p1a: Corviknight
|
|-heal|p2a: Dragonite|19/100 tox|[from] item: Leftovers
|-damage|p2a: Dragonite|0 fnt|[from] psn
|faint|p2a: Dragonite
|upkeep
|
|t:|1760379899
|switch|p2a: Weezing|Weezing-Galar, M|71/100
|-ability|p2a: Weezing|Neutralizing Gas
|-damage|p2a: Weezing|58/100|[from] Stealth Rock
|turn|52
|
|t:|1760379905
|switch|p1a: Blissey|Blissey, F|83/100
|-damage|p1a: Blissey|71/100|[from] Stealth Rock
|move|p2a: Weezing|Overheat|p1a: Blissey
|-damage|p1a: Blissey|61/100
|-unboost|p2a: Weezing|spa|2
|
|-heal|p1a: Blissey|67/100|[from] item: Leftovers
|upkeep
|turn|53
|
|t:|1760379916
|move|p2a: Weezing|Pain Split|p1a: Blissey
|-sethp|p1a: Blissey|47/100|[from] move: Pain Split|[silent]
|-sethp|p2a: Weezing|100/100|[from] move: Pain Split
|move|p1a: Blissey|Seismic Toss|p2a: Weezing
|-damage|p2a: Weezing|71/100
|
|-heal|p1a: Blissey|54/100|[from] item: Leftovers
|upkeep
|turn|54
|
|t:|1760379926
|-end|p2a: Weezing|ability: Neutralizing Gas
|switch|p2a: Dragapult|Dragapult, F|33/100
|-damage|p2a: Dragapult|21/100|[from] Stealth Rock
|move|p1a: Blissey|Seismic Toss|p2a: Dragapult
|-immune|p2a: Dragapult
|
|-heal|p1a: Blissey|60/100|[from] item: Leftovers
|upkeep
|turn|55
|
|t:|1760379936
|switch|p1a: Corviknight|Corviknight, M|69/100
|-damage|p1a: Corviknight|57/100|[from] Stealth Rock
|-ability|p1a: Corviknight|Pressure
|move|p2a: Dragapult|Will-O-Wisp|p1a: Corviknight
|-status|p1a: Corviknight|brn
|
|-damage|p1a: Corviknight|51/100 brn|[from] brn
|upkeep
|turn|56
|
|t:|1760379943
|switch|p2a: Gholdengo|Gholdengo, tera:Fairy|92/100
|-damage|p2a: Gholdengo|80/100|[from] Stealth Rock
|move|p1a: Corviknight|Roost|p1a: Corviknight
|-heal|p1a: Corviknight|100/100 brn
|-singleturn|p1a: Corviknight|move: Roost
|
|-damage|p1a: Corviknight|94/100 brn|[from] brn
|upkeep
|turn|57
|
|t:|1760379953
|switch|p1a: Blissey|Blissey, F|60/100
|-damage|p1a: Blissey|47/100|[from] Stealth Rock
|move|p2a: Gholdengo|Thunderbolt|p1a: Blissey
|-damage|p1a: Blissey|38/100
|
|-heal|p1a: Blissey|44/100|[from] item: Leftovers
|upkeep
|turn|58
|
|t:|1760379959
|switch|p2a: Weezing|Weezing-Galar, M|71/100
|-ability|p2a: Weezing|Neutralizing Gas
|-damage|p2a: Weezing|58/100|[from] Stealth Rock
|move|p1a: Blissey|Soft-Boiled|p1a: Blissey
|-heal|p1a: Blissey|94/100
|
|-heal|p1a: Blissey|99/100|[from] item: Leftovers
|upkeep
|turn|59
|
|t:|1760379968
|move|p2a: Weezing|Pain Split|p1a: Blissey
|-sethp|p1a: Blissey|64/100|[from] move: Pain Split|[silent]
|-sethp|p2a: Weezing|100/100|[from] move: Pain Split
|move|p1a: Blissey|Seismic Toss|p2a: Weezing
|-damage|p2a: Weezing|71/100
|
|-heal|p1a: Blissey|70/100|[from] item: Leftovers
|upkeep
|turn|60
|
|t:|1760379981
|-end|p2a: Weezing|ability: Neutralizing Gas
|switch|p2a: Dragapult|Dragapult, F|21/100
|-damage|p2a: Dragapult|8/100|[from] Stealth Rock
|move|p1a: Blissey|Seismic Toss|p2a: Dragapult
|-immune|p2a: Dragapult
|
|-heal|p1a: Blissey|76/100|[from] item: Leftovers
|upkeep
|turn|61
|
|t:|1760379987
|switch|p1a: Corviknight|Corviknight, M|94/100 brn
|-damage|p1a: Corviknight|82/100 brn|[from] Stealth Rock
|-ability|p1a: Corviknight|Pressure
|move|p2a: Dragapult|Hex|p1a: Corviknight
|-damage|p1a: Corviknight|38/100 brn
|
|-damage|p1a: Corviknight|32/100 brn|[from] brn
|upkeep
|turn|62
|
|t:|1760379996
|move|p2a: Dragapult|Hex|p1a: Corviknight
|-damage|p1a: Corviknight|0 fnt
|faint|p1a: Corviknight
|
|upkeep
|
|t:|1760379998
|switch|p1a: Gliscor|Gliscor, M|73/100 tox
|-damage|p1a: Gliscor|61/100 tox|[from] Stealth Rock
|turn|63
|
|t:|1760380003
|move|p1a: Gliscor|Protect|p1a: Gliscor
|-singleturn|p1a: Gliscor|Protect
|move|p2a: Dragapult|Hex|p1a: Gliscor
|-activate|p1a: Gliscor|move: Protect
|
|-heal|p1a: Gliscor|73/100 tox|[from] ability: Poison Heal
|upkeep
|turn|64
|
|t:|1760380007
|move|p2a: Dragapult|Hex|p1a: Gliscor
|-damage|p1a: Gliscor|15/100 tox
|move|p1a: Gliscor|Knock Off|p2a: Dragapult
|-supereffective|p2a: Dragapult
|-crit|p2a: Dragapult
|-damage|p2a: Dragapult|0 fnt
|faint|p2a: Dragapult
|
|-heal|p1a: Gliscor|27/100 tox|[from] ability: Poison Heal
|upkeep
|
|t:|1760380015
|switch|p2a: Gholdengo|Gholdengo, tera:Fairy|80/100
|-damage|p2a: Gholdengo|67/100|[from] Stealth Rock
|turn|65
|
|t:|1760380022
|move|p2a: Gholdengo|Make It Rain|p1a: Gliscor
|-damage|p1a: Gliscor|0 fnt
|-unboost|p2a: Gholdengo|spa|1
|faint|p1a: Gliscor
|
|upkeep
|
|t:|1760380024
|switch|p1a: Blissey|Blissey, F|76/100
|-damage|p1a: Blissey|64/100|[from] Stealth Rock
|turn|66
|
|t:|1760380032
|move|p2a: Gholdengo|Make It Rain|p1a: Blissey
|-damage|p1a: Blissey|51/100
|-unboost|p2a: Gholdengo|spa|1
|move|p1a: Blissey|Seismic Toss|p2a: Gholdengo
|-damage|p2a: Gholdengo|35/100
|
|-heal|p1a: Blissey|57/100|[from] item: Leftovers
|upkeep
|turn|67
|
|t:|1760380037
|move|p2a: Gholdengo|Make It Rain|p1a: Blissey
|-damage|p1a: Blissey|48/100
|-unboost|p2a: Gholdengo|spa|1
|move|p1a: Blissey|Soft-Boiled|p1a: Blissey
|-heal|p1a: Blissey|98/100
|
|-heal|p1a: Blissey|100/100|[from] item: Leftovers
|upkeep
|turn|68
|
|t:|1760380040
|move|p2a: Gholdengo|Make It Rain|p1a: Blissey
|-damage|p1a: Blissey|93/100
|-unboost|p2a: Gholdengo|spa|1
|move|p1a: Blissey|Seismic Toss|p2a: Gholdengo
|-damage|p2a: Gholdengo|4/100
|
|-heal|p1a: Blissey|99/100|[from] item: Leftovers
|upkeep
|turn|69
|
|t:|1760380044
|move|p2a: Gholdengo|Make It Rain|p1a: Blissey
|-damage|p1a: Blissey|92/100
|-unboost|p2a: Gholdengo|spa|1
|move|p1a: Blissey|Seismic Toss|p2a: Gholdengo
|-damage|p2a: Gholdengo|0 fnt
|faint|p2a: Gholdengo
|
|-heal|p1a: Blissey|98/100|[from] item: Leftovers
|upkeep
|
|t:|1760380047
|switch|p2a: Weezing|Weezing-Galar, M|71/100
|-ability|p2a: Weezing|Neutralizing Gas
|-damage|p2a: Weezing|58/100|[from] Stealth Rock
|turn|70
|
|t:|1760380053
|move|p2a: Weezing|Strange Steam|p1a: Blissey
|-damage|p1a: Blissey|88/100
|move|p1a: Blissey|Seismic Toss|p2a: Weezing
|-damage|p2a: Weezing|28/100
|
|-heal|p1a: Blissey|94/100|[from] item: Leftovers
|upkeep
|turn|71
|
|t:|1760380060
|move|p2a: Weezing|Pain Split|p1a: Blissey
|-sethp|p1a: Blissey|54/100|[from] move: Pain Split|[silent]
|-sethp|p2a: Weezing|100/100|[from] move: Pain Split
|move|p1a: Blissey|Seismic Toss|p2a: Weezing
|-damage|p2a: Weezing|71/100
|
|-heal|p1a: Blissey|60/100|[from] item: Leftovers
|upkeep
|turn|72
|
|t:|1760380070
|move|p2a: Weezing|Strange Steam|p1a: Blissey
|-damage|p1a: Blissey|48/100
|-start|p1a: Blissey|confusion
|-activate|p1a: Blissey|confusion
|-damage|p1a: Blissey|46/100|[from] confusion
|
|-heal|p1a: Blissey|52/100|[from] item: Leftovers
|upkeep
|turn|73
|
|t:|1760380082
|move|p2a: Weezing|Strange Steam|p1a: Blissey
|-damage|p1a: Blissey|41/100
|-activate|p1a: Blissey|confusion
|move|p1a: Blissey|Seismic Toss|p2a: Weezing
|-damage|p2a: Weezing|41/100
|
|-heal|p1a: Blissey|47/100|[from] item: Leftovers
|upkeep
|turn|74
|
|t:|1760380090
|move|p2a: Weezing|Strange Steam|p1a: Blissey
|-damage|p1a: Blissey|36/100
|-activate|p1a: Blissey|confusion
|move|p1a: Blissey|Seismic Toss|p2a: Weezing
|-damage|p2a: Weezing|11/100
|
|-heal|p1a: Blissey|42/100|[from] item: Leftovers
|upkeep
|turn|75
|
|t:|1760380097
|move|p2a: Weezing|Pain Split|p1a: Blissey
|-sethp|p1a: Blissey|24/100|[from] move: Pain Split|[silent]
|-sethp|p2a: Weezing|50/100|[from] move: Pain Split
|-activate|p1a: Blissey|confusion
|-damage|p1a: Blissey|22/100|[from] confusion
|
|-heal|p1a: Blissey|28/100|[from] item: Leftovers
|upkeep
|turn|76
|
|t:|1760380104
|move|p2a: Weezing|Strange Steam|p1a: Blissey
|-damage|p1a: Blissey|17/100
|-end|p1a: Blissey|confusion
|move|p1a: Blissey|Seismic Toss|p2a: Weezing
|-damage|p2a: Weezing|20/100
|
|-heal|p1a: Blissey|24/100|[from] item: Leftovers
|upkeep
|turn|77
|
|t:|1760380113
|move|p2a: Weezing|Strange Steam|p1a: Blissey
|-damage|p1a: Blissey|13/100
|-start|p1a: Blissey|confusion
|-activate|p1a: Blissey|confusion
|move|p1a: Blissey|Seismic Toss|p2a: Weezing
|-damage|p2a: Weezing|0 fnt
|faint|p2a: Weezing
|-end|p2a: Weezing|ability: Neutralizing Gas
|
|win|jdksosjdoos
|raw|jdksosjdoos's rating: 1304 &rarr; <strong>1325</strong><br />(+21 for winning)
|raw|jewking's rating: 1330 &rarr; <strong>1309</strong><br />(-21 for losing)
|l|☆jdksosjdoos
|player|p1|
|l|☆jewking
|player|p2|
