|j|☆AEFAA2
|j|☆dusty poison
|t:|1760307354
|gametype|singles
|player|p1|AEFAA2|scientist-gen4dp|1040
|player|p2|dusty poison|skyla|1076
|gen|9
|tier|[Gen 9] OU
|rated|
|rule|HP Percentage Mod: HP is shown in percentages
|rule|Endless Battle Clause: Forcing endless battles is banned
|rule|Species Clause: Limit one of each Pokémon
|rule|OHKO Clause: OHKO moves are banned
|rule|Evasion Items Clause: Evasion items are banned
|rule|Evasion Moves Clause: Evasion moves are banned
|rule|Evasion Abilities Clause: Evasion abilities are banned
|rule|Sleep Moves Clause: Sleep-inducing moves are banned
|clearpoke
|poke|p1|Torkoal, M|
|poke|p1|Sunflora, F|
|poke|p1|Goodra-Hisui, M|
|poke|p1|Great Tusk|
|poke|p1|Scovillain, M|
|poke|p1|Ninetales, M|
|poke|p2|Polteageist-Antique|
|poke|p2|Swampert, M|
|poke|p2|Iron Valiant|
|poke|p2|Samurott-Hisui, M|
|poke|p2|Gholdengo|
|poke|p2|Dragonite, M|
|teampreview
|
|t:|1760307363
|teamsize|p1|6
|teamsize|p2|6
|start
|switch|p1a: Torkoal|Torkoal, M|100/100
|switch|p2a: Polteageist|Polteageist-Antique, shiny|100/100
|-weather|SunnyDay|[from] ability: Drought|[of] p1a: Torkoal
|turn|1
|inactive|Battle timer is ON: inactive players will automatically lose when time's up. (requested by AEFAA2)
|
|t:|1760307382
|move|p2a: Polteageist|Shell Smash|p2a: Polteageist
|-unboost|p2a: Polteageist|def|1
|-unboost|p2a: Polteageist|spd|1
|-boost|p2a: Polteageist|atk|2
|-boost|p2a: Polteageist|spa|2
|-boost|p2a: Polteageist|spe|2
|-enditem|p2a: Polteageist|White Herb
|-clearnegativeboost|p2a: Polteageist|[silent]
|move|p1a: Torkoal|Overheat|p2a: Polteageist
|-damage|p2a: Polteageist|37/100
|-unboost|p1a: Torkoal|spa|2
|
|-weather|SunnyDay|[upkeep]
|upkeep
|turn|2
|
|t:|1760307395
|switch|p1a: Goodra|Goodra-Hisui, M|100/100
|-terastallize|p2a: Polteageist|Psychic
|move|p2a: Polteageist|Stored Power|p1a: Goodra
|-resisted|p1a: Goodra
|-damage|p1a: Goodra|72/100
|
|-weather|SunnyDay|[upkeep]
|upkeep
|turn|3
|
|t:|1760307411
|move|p2a: Polteageist|Shadow Ball|p1a: Goodra
|-damage|p1a: Goodra|37/100
|move|p1a: Goodra|Knock Off|p2a: Polteageist
|-supereffective|p2a: Polteageist
|-damage|p2a: Polteageist|0 fnt
|faint|p2a: Polteageist
|
|-weather|SunnyDay|[upkeep]
|upkeep
|
|t:|1760307418
|switch|p2a: Swampert|Swampert, M, shiny|100/100
|turn|4
|
|t:|1760307432
|switch|p1a: Sunflora|Sunflora, F|100/100
|move|p2a: Swampert|Bulk Up|p2a: Swampert
|-boost|p2a: Swampert|atk|1
|-boost|p2a: Swampert|def|1
|
|-weather|SunnyDay|[upkeep]
|upkeep
|turn|5
|
|t:|1760307443
|move|p1a: Sunflora|Giga Drain|p2a: Swampert
|-supereffective|p2a: Swampert
|-damage|p2a: Swampert|0 fnt
|faint|p2a: Swampert
|-damage|p1a: Sunflora|91/100|[from] item: Life Orb
|
|-weather|SunnyDay|[upkeep]
|upkeep
|-message|dusty poison forfeited.
|
|win|AEFAA2
|raw|AEFAA2's rating: 1040 &rarr; <strong>1078</strong><br />(+38 for winning)
|raw|dusty poison's rating: 1076 &rarr; <strong>1052</strong><br />(-24 for losing)
|l|☆dusty poison
|player|p2|
