|j|☆Thelavvysavvy
|j|☆xxxjkl
|t:|1760378581
|gametype|singles
|player|p1|Thelavvysavvy|marley|1384
|player|p2|xxxjkl|benga|1437
|gen|9
|tier|[Gen 9] OU
|rated|
|rule|HP Percentage Mod: HP is shown in percentages
|rule|Endless Battle Clause: Forcing endless battles is banned
|rule|Species Clause: Limit one of each Pokémon
|rule|OHKO Clause: OHKO moves are banned
|rule|Evasion Items Clause: Evasion items are banned
|rule|Evasion Moves Clause: Evasion moves are banned
|rule|Evasion Abilities Clause: Evasion abilities are banned
|rule|Sleep Moves Clause: Sleep-inducing moves are banned
|clearpoke
|poke|p1|Ribombee, F|
|poke|p1|Cinderace, F|
|poke|p1|Malamar, F|
|poke|p1|Serperior, M|
|poke|p1|Kingambit, F|
|poke|p1|Milotic, M|
|poke|p2|Torkoal, M|
|poke|p2|Hatterene, F|
|poke|p2|Raging Bolt|
|poke|p2|Walking Wake|
|poke|p2|Sawsbuck, M|
|poke|p2|Ceruledge, M|
|teampreview
|inactive|Battle timer is ON: inactive players will automatically lose when time's up. (requested by xxxjkl)
|
|t:|1760378601
|teamsize|p1|6
|teamsize|p2|6
|start
|switch|p1a: Ms. Rizzi Q|Ribombee, F, shiny|100/100
|switch|p2a: Torkoal|Torkoal, M|100/100
|-weather|SunnyDay|[from] ability: Drought|[of] p2a: Torkoal
|turn|1
|
|t:|1760378608
|move|p1a: Ms. Rizzi Q|Sticky Web|p2a: Torkoal
|-sidestart|p2: xxxjkl|move: Sticky Web
|move|p2a: Torkoal|Eruption|p1a: Ms. Rizzi Q
|-supereffective|p1a: Ms. Rizzi Q
|-enditem|p1a: Ms. Rizzi Q|Focus Sash
|-damage|p1a: Ms. Rizzi Q|1/100
|
|-weather|SunnyDay|[upkeep]
|upkeep
|turn|2
|
|t:|1760378615
|-terastallize|p1a: Ms. Rizzi Q|Ghost
|move|p1a: Ms. Rizzi Q|Stun Spore|p2a: Torkoal
|-status|p2a: Torkoal|par
|move|p2a: Torkoal|Stealth Rock|p1a: Ms. Rizzi Q
|-sidestart|p1: Thelavvysavvy|move: Stealth Rock
|
|-weather|SunnyDay|[upkeep]
|upkeep
|turn|3
|
|t:|1760378622
|move|p1a: Ms. Rizzi Q|Moonblast|p2a: Torkoal
|-resisted|p2a: Torkoal
|-damage|p2a: Torkoal|77/100 par
|move|p2a: Torkoal|Eruption|p1a: Ms. Rizzi Q
|-damage|p1a: Ms. Rizzi Q|0 fnt
|faint|p1a: Ms. Rizzi Q
|
|-weather|SunnyDay|[upkeep]
|upkeep
|
|t:|1760378627
|switch|p1a: Bonny Hopz|Cinderace, F|100/100
|turn|4
|
|t:|1760378632
|switch|p2a: Walking Wake|Walking Wake|100/100
|-activate|p2a: Walking Wake|move: Sticky Web
|-unboost|p2a: Walking Wake|spe|1
|-activate|p2a: Walking Wake|ability: Protosynthesis
|-start|p2a: Walking Wake|protosynthesisspa
|move|p1a: Bonny Hopz|Court Change|p1a: Bonny Hopz
|-swapsideconditions
|-activate|p1a: Bonny Hopz|move: Court Change
|
|-weather|SunnyDay|[upkeep]
|upkeep
|turn|5
|
|t:|1760378640
|move|p1a: Bonny Hopz|U-turn|p2a: Walking Wake
|-damage|p2a: Walking Wake|80/100
|
|t:|1760378642
|switch|p1a: WisemanCharles|Milotic, M, shiny|100/100|[from] U-turn
|-activate|p1a: WisemanCharles|move: Sticky Web
|-unboost|p1a: WisemanCharles|spe|1
|-ability|p1a: WisemanCharles|Competitive|boost
|-boost|p1a: WisemanCharles|spa|2
|move|p2a: Walking Wake|Hydro Steam|p1a: WisemanCharles
|-resisted|p1a: WisemanCharles
|-damage|p1a: WisemanCharles|80/100
|
|-weather|SunnyDay|[upkeep]
|upkeep
|turn|6
|
|t:|1760378654
|move|p2a: Walking Wake|Flip Turn|p1a: WisemanCharles
|-resisted|p1a: WisemanCharles
|-damage|p1a: WisemanCharles|77/100
|
|t:|1760378664
|-end|p2a: Walking Wake|Protosynthesis|[silent]
|switch|p2a: Hatterene|Hatterene, F|100/100|[from] Flip Turn
|-damage|p2a: Hatterene|88/100|[from] Stealth Rock
|move|p1a: WisemanCharles|Draining Kiss|p2a: Hatterene
|-damage|p2a: Hatterene|65/100
|-heal|p1a: WisemanCharles|91/100|[from] drain|[of] p2a: Hatterene
|-enditem|p2a: Hatterene|Eject Button
|
|t:|1760378669
|switch|p2a: Sawsbuck|Sawsbuck, M|100/100
|-damage|p2a: Sawsbuck|88/100|[from] Stealth Rock
|
|-weather|SunnyDay|[upkeep]
|upkeep
|turn|7
|
|t:|1760378682
|switch|p1a: Sssuperior|Serperior, M|100/100
|-activate|p1a: Sssuperior|move: Sticky Web
|-boost|p1a: Sssuperior|spe|1
|move|p2a: Sawsbuck|Horn Leech|p1a: Sssuperior
|-resisted|p1a: Sssuperior
|-damage|p1a: Sssuperior|73/100
|-heal|p2a: Sawsbuck|100/100|[from] drain|[of] p1a: Sssuperior
|-damage|p2a: Sawsbuck|91/100|[from] item: Life Orb
|
|-weather|SunnyDay|[upkeep]
|-heal|p1a: Sssuperior|79/100|[from] item: Leftovers
|upkeep
|turn|8
|
|t:|1760378690
|-terastallize|p2a: Sawsbuck|Fire
|move|p2a: Sawsbuck|Tera Blast|p1a: Sssuperior|[anim] Tera Blast Fire
|-supereffective|p1a: Sssuperior
|-damage|p1a: Sssuperior|0 fnt
|faint|p1a: Sssuperior
|-damage|p2a: Sawsbuck|81/100|[from] item: Life Orb
|
|-weather|none
|upkeep
|inactive|Thelavvysavvy has 120 seconds left.
|
|t:|1760378743
|switch|p1a: Your Enemy|Malamar, F, shiny|100/100
|-activate|p1a: Your Enemy|move: Sticky Web
|-boost|p1a: Your Enemy|spe|1
|turn|9
|
|t:|1760378750
|switch|p2a: Ceruledge|Ceruledge, M|100/100
|move|p1a: Your Enemy|Superpower|p2a: Ceruledge
|-immune|p2a: Ceruledge
|
|upkeep
|turn|10
|
|t:|1760378758
|switch|p2a: Torkoal|Torkoal, M|77/100 par
|-damage|p2a: Torkoal|52/100 par|[from] Stealth Rock
|-weather|SunnyDay|[from] ability: Drought|[of] p2a: Torkoal
|move|p1a: Your Enemy|Knock Off|p2a: Torkoal
|-damage|p2a: Torkoal|22/100 par
|-enditem|p2a: Torkoal|Heat Rock|[from] move: Knock Off|[of] p1a: Your Enemy
|
|-weather|SunnyDay|[upkeep]
|upkeep
|turn|11
|
|t:|1760378768
|move|p1a: Your Enemy|Superpower|p2a: Torkoal
|-damage|p2a: Torkoal|0 fnt
|-boost|p1a: Your Enemy|atk|1
|-boost|p1a: Your Enemy|def|1
|faint|p2a: Torkoal
|
|-weather|SunnyDay|[upkeep]
|upkeep
|
|t:|1760378772
|switch|p2a: Raging Bolt|Raging Bolt|100/100
|-damage|p2a: Raging Bolt|88/100|[from] Stealth Rock
|-activate|p2a: Raging Bolt|ability: Protosynthesis
|-start|p2a: Raging Bolt|protosynthesisspa
|turn|12
|
|t:|1760378776
|move|p2a: Raging Bolt|Thunderclap||[still]
|-fail|p2a: Raging Bolt
|move|p1a: Your Enemy|Destiny Bond|p1a: Your Enemy
|-singlemove|p1a: Your Enemy|Destiny Bond
|
|-weather|SunnyDay|[upkeep]
|upkeep
|turn|13
|
|t:|1760378784
|move|p2a: Raging Bolt|Thunderclap|p1a: Your Enemy
|-damage|p1a: Your Enemy|1/100
|-damage|p2a: Raging Bolt|78/100|[from] item: Life Orb
|move|p1a: Your Enemy|Knock Off|p2a: Raging Bolt
|-damage|p2a: Raging Bolt|22/100
|-enditem|p2a: Raging Bolt|Life Orb|[from] move: Knock Off|[of] p1a: Your Enemy
|
|-weather|SunnyDay|[upkeep]
|upkeep
|turn|14
|
|t:|1760378791
|move|p2a: Raging Bolt|Thunderclap||[still]
|-fail|p2a: Raging Bolt
|move|p1a: Your Enemy|Destiny Bond|p1a: Your Enemy
|-singlemove|p1a: Your Enemy|Destiny Bond
|
|-weather|SunnyDay|[upkeep]
|upkeep
|turn|15
|
|t:|1760378815
|move|p2a: Raging Bolt|Thunderclap|p1a: Your Enemy
|-crit|p1a: Your Enemy
|-damage|p1a: Your Enemy|0 fnt
|faint|p1a: Your Enemy
|-activate|p1a: Your Enemy|move: Destiny Bond
|faint|p2a: Raging Bolt
|-end|p2a: Raging Bolt|Protosynthesis|[silent]
|
|-weather|SunnyDay|[upkeep]
|upkeep
|
|t:|1760378822
|switch|p1a: Bonny Hopz|Cinderace, F|100/100
|switch|p2a: Ceruledge|Ceruledge, M|100/100
|turn|16
|
|t:|1760378826
|move|p1a: Bonny Hopz|U-turn|p2a: Ceruledge
|-resisted|p2a: Ceruledge
|-crit|p2a: Ceruledge
|-damage|p2a: Ceruledge|92/100
|-ability|p2a: Ceruledge|Weak Armor|boost
|-unboost|p2a: Ceruledge|def|1
|-boost|p2a: Ceruledge|spe|2
|
|t:|1760378830
|switch|p1a: WisemanCharles|Milotic, M, shiny|91/100|[from] U-turn
|-activate|p1a: WisemanCharles|move: Sticky Web
|-unboost|p1a: WisemanCharles|spe|1
|-ability|p1a: WisemanCharles|Competitive|boost
|-boost|p1a: WisemanCharles|spa|2
|move|p2a: Ceruledge|Swords Dance|p2a: Ceruledge
|-boost|p2a: Ceruledge|atk|2
|
|-weather|SunnyDay|[upkeep]
|upkeep
|turn|17
|
|t:|1760378833
|move|p2a: Ceruledge|Poltergeist|p1a: WisemanCharles
|-activate|p1a: WisemanCharles|move: Poltergeist|Assault Vest
|-damage|p1a: WisemanCharles|6/100
|move|p1a: WisemanCharles|Surf|p2a: Ceruledge
|-supereffective|p2a: Ceruledge
|-damage|p2a: Ceruledge|33/100
|
|-weather|none
|upkeep
|turn|18
|
|t:|1760378845
|move|p2a: Ceruledge|Bitter Blade|p1a: WisemanCharles
|-resisted|p1a: WisemanCharles
|-damage|p1a: WisemanCharles|0 fnt
|-heal|p2a: Ceruledge|36/100|[from] drain|[of] p1a: WisemanCharles
|faint|p1a: WisemanCharles
|
|upkeep
|
|t:|1760378848
|switch|p1a: Bonny Hopz|Cinderace, F|100/100
|turn|19
|
|t:|1760378852
|move|p2a: Ceruledge|Poltergeist|p1a: Bonny Hopz
|-activate|p1a: Bonny Hopz|move: Poltergeist|Heavy-Duty Boots
|-damage|p1a: Bonny Hopz|0 fnt
|faint|p1a: Bonny Hopz
|
|upkeep
|
|t:|1760378859
|switch|p1a: Queengambit|Kingambit, F, shiny|100/100
|-activate|p1a: Queengambit|move: Sticky Web
|-unboost|p1a: Queengambit|spe|1
|-ability|p1a: Queengambit|Defiant|boost
|-boost|p1a: Queengambit|atk|2
|turn|20
|
|t:|1760378862
|move|p2a: Ceruledge|Bitter Blade|p1a: Queengambit
|-supereffective|p1a: Queengambit
|-damage|p1a: Queengambit|0 fnt
|-heal|p2a: Ceruledge|94/100|[from] drain|[of] p1a: Queengambit
|faint|p1a: Queengambit
|
|win|xxxjkl
|raw|Thelavvysavvy's rating: 1384 &rarr; <strong>1367</strong><br />(-17 for losing)
|raw|xxxjkl's rating: 1437 &rarr; <strong>1454</strong><br />(+17 for winning)
|l|☆Thelavvysavvy
|player|p1|
|l|☆xxxjkl
|player|p2|
