|j|☆yyyywwww
|j|☆colored pencilsv
|t:|1760379201
|gametype|singles
|player|p1|yyyywwww|266|1353
|player|p2|colored pencilsv|102|1405
|gen|9
|tier|[Gen 9] OU
|rated|
|rule|HP Percentage Mod: HP is shown in percentages
|rule|Endless Battle Clause: Forcing endless battles is banned
|rule|Species Clause: Limit one of each Pokémon
|rule|OHKO Clause: OHKO moves are banned
|rule|Evasion Items Clause: Evasion items are banned
|rule|Evasion Moves Clause: Evasion moves are banned
|rule|Evasion Abilities Clause: Evasion abilities are banned
|rule|Sleep Moves Clause: Sleep-inducing moves are banned
|clearpoke
|poke|p1|Primarina, F|
|poke|p1|Raging Bolt|
|poke|p1|Mabosstiff, F|
|poke|p1|Ogerpon-Wellspring, F|
|poke|p1|Iron Crown|
|poke|p1|Moltres|
|poke|p2|Pelipper, F|
|poke|p2|Tornadus-Therian, M|
|poke|p2|Iron Treads|
|poke|p2|Decidueye-Hisui, F|
|poke|p2|Barraskewda, M|
|poke|p2|Raging Bolt|
|teampreview
|inactive|Battle timer is ON: inactive players will automatically lose when time's up. (requested by yyyywwww)
|
|t:|1760379221
|teamsize|p1|6
|teamsize|p2|6
|start
|switch|p1a: Raging Bolt|Raging Bolt|100/100
|switch|p2a: Tornadus|Tornadus-Therian, M|100/100
|turn|1
|
|t:|1760379233
|move|p2a: Tornadus|U-turn|p1a: Raging Bolt
|-damage|p1a: Raging Bolt|89/100
|
|t:|1760379242
|switch|p2a: Iron Treads|Iron Treads|100/100|[from] U-turn
|move|p1a: Raging Bolt|Volt Switch|p2a: Iron Treads
|-immune|p2a: Iron Treads
|
|upkeep
|turn|2
|
|t:|1760379253
|-end|p1a: Raging Bolt|Protosynthesis|[silent]
|switch|p1a: Primarina|Primarina, F|100/100
|move|p2a: Iron Treads|Stealth Rock|p1a: Primarina
|-sidestart|p1: yyyywwww|move: Stealth Rock
|
|upkeep
|turn|3
|
|t:|1760379267
|move|p2a: Iron Treads|Earthquake|p1a: Primarina
|-damage|p1a: Primarina|50/100
|move|p1a: Primarina|Moonblast|p2a: Iron Treads
|-resisted|p2a: Iron Treads
|-damage|p2a: Iron Treads|68/100
|-unboost|p2a: Iron Treads|spa|1
|
|-heal|p2a: Iron Treads|74/100|[from] item: Leftovers
|upkeep
|turn|4
|inactive|colored pencilsv has 120 seconds left.
|
|t:|1760379307
|-end|p2a: Iron Treads|Quark Drive|[silent]
|switch|p2a: Pelipper|Pelipper, F|100/100
|-weather|RainDance|[from] ability: Drizzle|[of] p2a: Pelipper
|move|p1a: Primarina|Moonblast|p2a: Pelipper
|-damage|p2a: Pelipper|0 fnt
|faint|p2a: Pelipper
|
|-weather|RainDance|[upkeep]
|upkeep
|
|t:|1760379315
|switch|p2a: Tornadus|Tornadus-Therian, M|100/100
|turn|5
|
|t:|1760379320
|switch|p1a: Raging Bolt|Raging Bolt|89/100
|-damage|p1a: Raging Bolt|76/100|[from] Stealth Rock
|move|p2a: Tornadus|Hurricane|p1a: Raging Bolt
|-resisted|p1a: Raging Bolt
|-damage|p1a: Raging Bolt|59/100
|
|-weather|RainDance|[upkeep]
|upkeep
|turn|6
|inactive|colored pencilsv has 120 seconds left.
|
|t:|1760379337
|switch|p2a: Iron Treads|Iron Treads|74/100
|move|p1a: Raging Bolt|Draco Meteor|p2a: Iron Treads
|-resisted|p2a: Iron Treads
|-damage|p2a: Iron Treads|46/100
|-unboost|p1a: Raging Bolt|spa|2
|
|-weather|RainDance|[upkeep]
|-heal|p2a: Iron Treads|52/100|[from] item: Leftovers
|upkeep
|turn|7
|inactive|colored pencilsv has 120 seconds left.
|
|t:|1760379354
|-end|p1a: Raging Bolt|Protosynthesis|[silent]
|switch|p1a: Ogerpon|Ogerpon-Wellspring, F|100/100
|-damage|p1a: Ogerpon|88/100|[from] Stealth Rock
|move|p2a: Iron Treads|Knock Off|p1a: Ogerpon
|-damage|p1a: Ogerpon|71/100
|
|-weather|RainDance|[upkeep]
|-heal|p2a: Iron Treads|58/100|[from] item: Leftovers
|upkeep
|turn|8
|inactive|colored pencilsv has 120 seconds left.
|
|t:|1760379365
|-end|p2a: Iron Treads|Quark Drive|[silent]
|switch|p2a: Decidueye|Decidueye-Hisui, F|100/100
|move|p1a: Ogerpon|U-turn|p2a: Decidueye
|-damage|p2a: Decidueye|82/100
|-damage|p1a: Ogerpon|55/100|[from] item: Rocky Helmet|[of] p2a: Decidueye
|
|t:|1760379380
|switch|p1a: Primarina|Primarina, F|50/100|[from] U-turn
|-damage|p1a: Primarina|38/100|[from] Stealth Rock
|
|-weather|RainDance|[upkeep]
|upkeep
|turn|9
|inactive|colored pencilsv has 120 seconds left.
|
|t:|1760379408
|switch|p2a: Tornadus|Tornadus-Therian, M|100/100
|move|p1a: Primarina|Moonblast|p2a: Tornadus
|-damage|p2a: Tornadus|8/100
|
|-weather|RainDance|[upkeep]
|upkeep
|turn|10
|
|t:|1760379420
|move|p2a: Tornadus|Hurricane|p1a: Primarina
|-damage|p1a: Primarina|0 fnt
|faint|p1a: Primarina
|
|-weather|RainDance|[upkeep]
|upkeep
|
|t:|1760379437
|switch|p1a: Iron Crown|Iron Crown|100/100
|-damage|p1a: Iron Crown|95/100|[from] Stealth Rock
|turn|11
|inactive|colored pencilsv has 120 seconds left.
|
|t:|1760379449
|-terastallize|p1a: Iron Crown|Fighting
|move|p1a: Iron Crown|Tera Blast|p2a: Tornadus|[anim] Tera Blast Fighting
|-resisted|p2a: Tornadus
|-damage|p2a: Tornadus|0 fnt
|faint|p2a: Tornadus
|
|-weather|none
|upkeep
|inactive|colored pencilsv has 120 seconds left.
|
|t:|1760379469
|switch|p2a: Decidueye|Decidueye-Hisui, F|82/100
|turn|12
|
|t:|1760379489
|-end|p1a: Iron Crown|Quark Drive|[silent]
|switch|p1a: Moltres|Moltres|100/100
|move|p2a: Decidueye|U-turn|p1a: Moltres
|-resisted|p1a: Moltres
|-damage|p1a: Moltres|97/100
|
|t:|1760379495
|switch|p2a: Barraskewda|Barraskewda, M|100/100|[from] U-turn
|
|upkeep
|turn|13
|
|t:|1760379501
|switch|p1a: Ogerpon|Ogerpon-Wellspring, F|55/100
|-damage|p1a: Ogerpon|42/100|[from] Stealth Rock
|move|p2a: Barraskewda|Close Combat|p1a: Ogerpon
|-damage|p1a: Ogerpon|0 fnt
|-unboost|p2a: Barraskewda|def|1
|-unboost|p2a: Barraskewda|spd|1
|faint|p1a: Ogerpon
|-damage|p2a: Barraskewda|91/100|[from] item: Life Orb
|
|upkeep
|
|t:|1760379514
|switch|p1a: Raging Bolt|Raging Bolt|59/100
|-damage|p1a: Raging Bolt|46/100|[from] Stealth Rock
|turn|14
|
|t:|1760379528
|switch|p2a: Iron Treads|Iron Treads|58/100
|-end|p1a: Raging Bolt|Protosynthesis|[silent]
|switch|p1a: Iron Crown|Iron Crown, tera:Fighting|95/100
|-damage|p1a: Iron Crown|89/100|[from] Stealth Rock
|
|-heal|p2a: Iron Treads|64/100|[from] item: Leftovers
|upkeep
|turn|15
|
|t:|1760379547
|-end|p2a: Iron Treads|Quark Drive|[silent]
|switch|p2a: Decidueye|Decidueye-Hisui, F|82/100
|move|p1a: Iron Crown|Tera Blast|p2a: Decidueye|[anim] Tera Blast Fighting
|-damage|p2a: Decidueye|42/100
|
|upkeep
|turn|16
|
|t:|1760379555
|move|p1a: Iron Crown|Tera Blast|p2a: Decidueye|[anim] Tera Blast Fighting
|-damage|p2a: Decidueye|0 fnt
|faint|p2a: Decidueye
|
|upkeep
|
|t:|1760379574
|switch|p2a: Raging Bolt|Raging Bolt|100/100
|-enditem|p2a: Raging Bolt|Booster Energy
|-activate|p2a: Raging Bolt|ability: Protosynthesis|[fromitem]
|-start|p2a: Raging Bolt|protosynthesisspa
|turn|17
|inactive|colored pencilsv has 90 seconds left.
|
|t:|1760379599
|move|p1a: Iron Crown|Tera Blast|p2a: Raging Bolt|[anim] Tera Blast Fighting
|-damage|p2a: Raging Bolt|58/100
|move|p2a: Raging Bolt|Thunder|p1a: Iron Crown
|-damage|p1a: Iron Crown|10/100
|
|upkeep
|turn|18
|inactive|colored pencilsv has 90 seconds left.
|
|t:|1760379608
|move|p2a: Raging Bolt|Thunderclap|p1a: Iron Crown
|-damage|p1a: Iron Crown|0 fnt
|faint|p1a: Iron Crown
|-end|p1a: Iron Crown|Quark Drive|[silent]
|
|upkeep
|
|t:|1760379614
|switch|p1a: Mabosstiff|Mabosstiff, F|100/100
|-damage|p1a: Mabosstiff|88/100|[from] Stealth Rock
|turn|19
|inactive|colored pencilsv has 90 seconds left.
|
|t:|1760379631
|move|p2a: Raging Bolt|Thunderclap|p1a: Mabosstiff
|-crit|p1a: Mabosstiff
|-damage|p1a: Mabosstiff|0 fnt
|faint|p1a: Mabosstiff
|
|upkeep
|
|t:|1760379637
|switch|p1a: Raging Bolt|Raging Bolt|46/100
|-damage|p1a: Raging Bolt|34/100|[from] Stealth Rock
|turn|20
|
|t:|1760379651
|-end|p2a: Raging Bolt|Protosynthesis|[silent]
|switch|p2a: Iron Treads|Iron Treads|64/100
|move|p1a: Raging Bolt|Draco Meteor|p2a: Iron Treads
|-resisted|p2a: Iron Treads
|-damage|p2a: Iron Treads|35/100
|-unboost|p1a: Raging Bolt|spa|2
|
|-heal|p2a: Iron Treads|41/100|[from] item: Leftovers
|upkeep
|turn|21
|inactive|colored pencilsv has 90 seconds left.
|
|t:|1760379667
|-end|p1a: Raging Bolt|Protosynthesis|[silent]
|switch|p1a: Moltres|Moltres|97/100
|move|p2a: Iron Treads|Knock Off|p1a: Moltres
|-crit|p1a: Moltres
|-damage|p1a: Moltres|67/100
|-status|p2a: Iron Treads|brn|[from] ability: Flame Body|[of] p1a: Moltres
|-enditem|p1a: Moltres|Heavy-Duty Boots|[from] move: Knock Off|[of] p2a: Iron Treads
|
|-heal|p2a: Iron Treads|47/100 brn|[from] item: Leftovers
|-damage|p2a: Iron Treads|41/100 brn|[from] brn
|upkeep
|turn|22
|inactive|colored pencilsv has 90 seconds left.
|
|t:|1760379688
|move|p2a: Iron Treads|Earthquake|p1a: Moltres
|-immune|p1a: Moltres
|move|p1a: Moltres|Roost|p1a: Moltres
|-heal|p1a: Moltres|100/100
|-singleturn|p1a: Moltres|move: Roost
|
|-heal|p2a: Iron Treads|47/100 brn|[from] item: Leftovers
|-damage|p2a: Iron Treads|41/100 brn|[from] brn
|upkeep
|turn|23
|
|t:|1760379701
|move|p2a: Iron Treads|Knock Off|p1a: Moltres
|-damage|p1a: Moltres|94/100
|move|p1a: Moltres|Roost|p1a: Moltres
|-heal|p1a: Moltres|100/100
|-singleturn|p1a: Moltres|move: Roost
|
|-heal|p2a: Iron Treads|47/100 brn|[from] item: Leftovers
|-damage|p2a: Iron Treads|41/100 brn|[from] brn
|upkeep
|turn|24
|
|t:|1760379712
|move|p2a: Iron Treads|Earthquake|p1a: Moltres
|-immune|p1a: Moltres
|move|p1a: Moltres|Will-O-Wisp|p2a: Iron Treads
|-fail|p2a: Iron Treads|brn
|
|-heal|p2a: Iron Treads|47/100 brn|[from] item: Leftovers
|-damage|p2a: Iron Treads|41/100 brn|[from] brn
|upkeep
|turn|25
|inactive|colored pencilsv has 90 seconds left.
|
|t:|1760379723
|-end|p2a: Iron Treads|Quark Drive|[silent]
|switch|p2a: Raging Bolt|Raging Bolt|58/100
|move|p1a: Moltres|Flamethrower|p2a: Raging Bolt
|-resisted|p2a: Raging Bolt
|-damage|p2a: Raging Bolt|41/100
|
|upkeep
|turn|26
|
|t:|1760379733
|move|p2a: Raging Bolt|Dragon Pulse|p1a: Moltres
|-damage|p1a: Moltres|55/100
|move|p1a: Moltres|Will-O-Wisp|p2a: Raging Bolt
|-status|p2a: Raging Bolt|brn
|
|-damage|p2a: Raging Bolt|35/100 brn|[from] brn
|upkeep
|turn|27
|
|t:|1760379743
|move|p2a: Raging Bolt|Dragon Pulse|p1a: Moltres
|-damage|p1a: Moltres|13/100
|move|p1a: Moltres|Roost|p1a: Moltres
|-heal|p1a: Moltres|63/100
|-singleturn|p1a: Moltres|move: Roost
|
|-damage|p2a: Raging Bolt|29/100 brn|[from] brn
|upkeep
|turn|28
|
|t:|1760379758
|switch|p1a: Raging Bolt|Raging Bolt|34/100
|-damage|p1a: Raging Bolt|22/100|[from] Stealth Rock
|move|p2a: Raging Bolt|Thunder|p1a: Raging Bolt
|-resisted|p1a: Raging Bolt
|-damage|p1a: Raging Bolt|14/100
|
|-damage|p2a: Raging Bolt|22/100 brn|[from] brn
|upkeep
|turn|29
|
|t:|1760379782
|move|p2a: Raging Bolt|Thunderclap|p1a: Raging Bolt
|-resisted|p1a: Raging Bolt
|-damage|p1a: Raging Bolt|9/100
|move|p1a: Raging Bolt|Thunderclap||[still]
|-fail|p1a: Raging Bolt
|
|-damage|p2a: Raging Bolt|16/100 brn|[from] brn
|upkeep
|turn|30
|
|t:|1760379792
|move|p1a: Raging Bolt|Thunderclap|p2a: Raging Bolt
|-resisted|p2a: Raging Bolt
|-damage|p2a: Raging Bolt|9/100 brn
|move|p2a: Raging Bolt|Dragon Pulse|p1a: Raging Bolt
|-supereffective|p1a: Raging Bolt
|-damage|p1a: Raging Bolt|0 fnt
|faint|p1a: Raging Bolt
|-end|p1a: Raging Bolt|Protosynthesis|[silent]
|
|-damage|p2a: Raging Bolt|3/100 brn|[from] brn
|upkeep
|inactive|yyyywwww has 120 seconds left.
|
|t:|1760379804
|switch|p1a: Moltres|Moltres|63/100
|-damage|p1a: Moltres|13/100|[from] Stealth Rock
|turn|31
|-message|yyyywwww forfeited.
|
|win|colored pencilsv
|raw|yyyywwww's rating: 1353 &rarr; <strong>1336</strong><br />(-17 for losing)
|raw|colored pencilsv's rating: 1405 &rarr; <strong>1422</strong><br />(+17 for winning)
|l|☆yyyywwww
|player|p1|
|c|☆colored pencilsv|gg
|l|☆colored pencilsv
|player|p2|
