|j|☆jakkuza
|j|☆Jinghan Yu
|t:|1760346326
|gametype|singles
|player|p1|jakkuza|dawn|1248
|player|p2|Jinghan Yu|nate|1204
|gen|9
|tier|[Gen 9] OU
|rated|
|rule|HP Percentage Mod: HP is shown in percentages
|rule|Endless Battle Clause: Forcing endless battles is banned
|rule|Species Clause: Limit one of each Pokémon
|rule|OHKO Clause: OHKO moves are banned
|rule|Evasion Items Clause: Evasion items are banned
|rule|Evasion Moves Clause: Evasion moves are banned
|rule|Evasion Abilities Clause: Evasion abilities are banned
|rule|Sleep Moves Clause: Sleep-inducing moves are banned
|clearpoke
|poke|p1|Garganacl, F|
|poke|p1|Pecharunt|
|poke|p1|Clefable, M|
|poke|p1|Torterra, F|
|poke|p1|Zamazenta-*|
|poke|p1|Ditto|
|poke|p2|Scizor, M|
|poke|p2|Tyranitar, M|
|poke|p2|Dragonite, M|
|poke|p2|Gyarados, M|
|poke|p2|Gengar, M|
|poke|p2|Excadrill, M|
|teampreview
|
|t:|1760346340
|teamsize|p1|6
|teamsize|p2|6
|start
|switch|p1a: Holy Wall|Clefable, M|100/100
|switch|p2a: Osten|Gyarados, M, shiny|100/100
|-ability|p2a: Osten|Intimidate|boost
|-unboost|p1a: Holy Wall|atk|1
|turn|1
|
|t:|1760346351
|switch|p2a: Nasim|Gengar, M|100/100
|move|p1a: Holy Wall|Cosmic Power|p1a: Holy Wall
|-boost|p1a: Holy Wall|def|1
|-boost|p1a: Holy Wall|spd|1
|
|upkeep
|turn|2
|
|t:|1760346356
|-terastallize|p1a: Holy Wall|Normal
|move|p2a: Nasim|Nasty Plot|p2a: Nasim
|-boost|p2a: Nasim|spa|2
|move|p1a: Holy Wall|Cosmic Power|p1a: Holy Wall
|-boost|p1a: Holy Wall|def|1
|-boost|p1a: Holy Wall|spd|1
|
|upkeep
|turn|3
|
|t:|1760346362
|move|p2a: Nasim|Dazzling Gleam|p1a: Holy Wall
|-damage|p1a: Holy Wall|76/100
|move|p1a: Holy Wall|Cosmic Power|p1a: Holy Wall
|-boost|p1a: Holy Wall|def|1
|-boost|p1a: Holy Wall|spd|1
|
|-heal|p1a: Holy Wall|82/100|[from] item: Leftovers
|upkeep
|turn|4
|inactive|Battle timer is ON: inactive players will automatically lose when time's up. (requested by jakkuza)
|
|t:|1760346374
|switch|p2a: Boden|Scizor, M, shiny|100/100
|move|p1a: Holy Wall|Cosmic Power|p1a: Holy Wall
|-boost|p1a: Holy Wall|def|1
|-boost|p1a: Holy Wall|spd|1
|
|-heal|p1a: Holy Wall|89/100|[from] item: Leftovers
|upkeep
|turn|5
|
|t:|1760346382
|move|p2a: Boden|Swords Dance|p2a: Boden
|-boost|p2a: Boden|atk|2
|move|p1a: Holy Wall|Cosmic Power|p1a: Holy Wall
|-boost|p1a: Holy Wall|def|1
|-boost|p1a: Holy Wall|spd|1
|
|-heal|p1a: Holy Wall|95/100|[from] item: Leftovers
|upkeep
|turn|6
|
|t:|1760346387
|move|p2a: Boden|Swords Dance|p2a: Boden
|-boost|p2a: Boden|atk|2
|move|p1a: Holy Wall|Cosmic Power|p1a: Holy Wall
|-boost|p1a: Holy Wall|def|1
|-boost|p1a: Holy Wall|spd|1
|
|-heal|p1a: Holy Wall|100/100|[from] item: Leftovers
|upkeep
|turn|7
|
|t:|1760346392
|move|p2a: Boden|Brick Break|p1a: Holy Wall
|-supereffective|p1a: Holy Wall
|-damage|p1a: Holy Wall|61/100
|move|p1a: Holy Wall|Stored Power|p2a: Boden
|-resisted|p2a: Boden
|-damage|p2a: Boden|62/100
|
|-heal|p1a: Holy Wall|67/100|[from] item: Leftovers
|upkeep
|turn|8
|
|t:|1760346406
|move|p2a: Boden|Swords Dance|p2a: Boden
|-boost|p2a: Boden|atk|2
|move|p1a: Holy Wall|Cosmic Power|p1a: Holy Wall
|-boost|p1a: Holy Wall|def|0
|-boost|p1a: Holy Wall|spd|0
|
|-heal|p1a: Holy Wall|73/100|[from] item: Leftovers
|upkeep
|turn|9
|
|t:|1760346418
|move|p2a: Boden|Brick Break|p1a: Holy Wall
|-supereffective|p1a: Holy Wall
|-damage|p1a: Holy Wall|21/100
|move|p1a: Holy Wall|Moonlight|p1a: Holy Wall
|-heal|p1a: Holy Wall|71/100
|
|-heal|p1a: Holy Wall|77/100|[from] item: Leftovers
|upkeep
|turn|10
|
|t:|1760346428
|move|p2a: Boden|Brick Break|p1a: Holy Wall
|-supereffective|p1a: Holy Wall
|-damage|p1a: Holy Wall|24/100
|move|p1a: Holy Wall|Charge Beam|p2a: Boden
|-damage|p2a: Boden|46/100
|
|-heal|p1a: Holy Wall|30/100|[from] item: Leftovers
|upkeep
|turn|11
|
|t:|1760346439
|move|p2a: Boden|Brick Break|p1a: Holy Wall
|-supereffective|p1a: Holy Wall
|-damage|p1a: Holy Wall|0 fnt
|faint|p1a: Holy Wall
|
|upkeep
|
|t:|1760346442
|switch|p1a: Holy Copycat|Ditto|100/100
|-transform|p1a: Holy Copycat|p2a: Boden|[from] ability: Imposter
|turn|12
|
|t:|1760346452
|move|p2a: Boden|Bullet Punch|p1a: Holy Copycat
|-resisted|p1a: Holy Copycat
|-damage|p1a: Holy Copycat|20/100
|move|p1a: Holy Copycat|Dual Wingbeat|p2a: Boden
|-damage|p2a: Boden|0 fnt
|faint|p2a: Boden
|-hitcount|p2: Boden|1
|
|upkeep
|
|t:|1760346468
|switch|p2a: Osten|Gyarados, M, shiny|100/100
|-ability|p2a: Osten|Intimidate|boost
|-unboost|p1a: Holy Copycat|atk|1
|turn|13
|
|t:|1760346471
|move|p2a: Osten|Waterfall|p1a: Holy Copycat
|-damage|p1a: Holy Copycat|0 fnt
|faint|p1a: Holy Copycat
|
|upkeep
|
|t:|1760346497
|switch|p1a: Holy Cancer|Pecharunt|100/100
|turn|14
|
|t:|1760346504
|switch|p2a: Timothy|Tyranitar, M|100/100
|-weather|Sandstorm|[from] ability: Sand Stream|[of] p2a: Timothy
|move|p1a: Holy Cancer|Toxic|p2a: Timothy
|-status|p2a: Timothy|tox
|-start|p2a: Timothy|confusion|[from] ability: Poison Puppeteer|[of] p1a: Holy Cancer
|
|-weather|Sandstorm|[upkeep]
|-damage|p1a: Holy Cancer|95/100|[from] Sandstorm
|-damage|p2a: Timothy|95/100 tox|[from] psn
|upkeep
|turn|15
|
|t:|1760346524
|switch|p2a: Nasim|Gengar, M|100/100
|move|p1a: Holy Cancer|Parting Shot|p2a: Nasim
|-unboost|p2a: Nasim|atk|1
|-unboost|p2a: Nasim|spa|1
|
|t:|1760346538
|switch|p1a: Holy Warrior|Zamazenta|100/100|[from] Parting Shot
|-ability|p1a: Holy Warrior|Dauntless Shield|boost
|-boost|p1a: Holy Warrior|def|1
|
|-weather|Sandstorm|[upkeep]
|-damage|p1a: Holy Warrior|94/100|[from] Sandstorm
|-damage|p2a: Nasim|94/100|[from] Sandstorm
|upkeep
|turn|16
|
|t:|1760346543
|switch|p2a: Osten|Gyarados, M, shiny|100/100
|-ability|p2a: Osten|Intimidate|boost
|-unboost|p1a: Holy Warrior|atk|1
|move|p1a: Holy Warrior|Crunch|p2a: Osten
|-damage|p2a: Osten|78/100
|
|-weather|Sandstorm|[upkeep]
|-damage|p1a: Holy Warrior|88/100|[from] Sandstorm
|-damage|p2a: Osten|72/100|[from] Sandstorm
|-heal|p2a: Osten|78/100|[from] item: Leftovers
|upkeep
|turn|17
|
|t:|1760346569
|switch|p1a: Holy Cancer|Pecharunt|95/100
|move|p2a: Osten|Dragon Dance|p2a: Osten
|-boost|p2a: Osten|atk|1
|-boost|p2a: Osten|spe|1
|
|-weather|Sandstorm|[upkeep]
|-damage|p2a: Osten|72/100|[from] Sandstorm
|-damage|p1a: Holy Cancer|89/100|[from] Sandstorm
|-heal|p2a: Osten|78/100|[from] item: Leftovers
|upkeep
|turn|18
|
|t:|1760346574
|switch|p2a: Nasim|Gengar, M|94/100
|move|p1a: Holy Cancer|Toxic|p2a: Nasim
|-immune|p2a: Nasim
|
|-weather|Sandstorm|[upkeep]
|-damage|p2a: Nasim|88/100|[from] Sandstorm
|-damage|p1a: Holy Cancer|83/100|[from] Sandstorm
|upkeep
|turn|19
|
|t:|1760346581
|move|p2a: Nasim|Nasty Plot|p2a: Nasim
|-boost|p2a: Nasim|spa|2
|move|p1a: Holy Cancer|Parting Shot|p2a: Nasim
|-unboost|p2a: Nasim|atk|1
|-unboost|p2a: Nasim|spa|1
|
|t:|1760346592
|switch|p1a: Holy Salt|Garganacl, F|100/100|[from] Parting Shot
|
|-weather|Sandstorm|[upkeep]
|-damage|p2a: Nasim|82/100|[from] Sandstorm
|upkeep
|turn|20
|
|t:|1760346599
|switch|p2a: Timothy|Tyranitar, M|95/100 tox
|move|p1a: Holy Salt|Salt Cure|p2a: Timothy
|-damage|p2a: Timothy|82/100 tox
|-start|p2a: Timothy|Salt Cure
|
|-weather|Sandstorm|[upkeep]
|-damage|p2a: Timothy|76/100 tox|[from] psn
|-damage|p2a: Timothy|64/100 tox|[from] Salt Cure
|upkeep
|turn|21
|
|t:|1760346611
|switch|p2a: Osten|Gyarados, M, shiny|78/100
|-ability|p2a: Osten|Intimidate|boost
|-unboost|p1a: Holy Salt|atk|1
|move|p1a: Holy Salt|Iron Defense|p1a: Holy Salt
|-boost|p1a: Holy Salt|def|2
|
|-weather|none
|-heal|p2a: Osten|84/100|[from] item: Leftovers
|upkeep
|turn|22
|
|t:|1760346623
|move|p2a: Osten|Waterfall|p1a: Holy Salt
|-supereffective|p1a: Holy Salt
|-damage|p1a: Holy Salt|69/100
|cant|p1a: Holy Salt|flinch
|
|-heal|p2a: Osten|90/100|[from] item: Leftovers
|-heal|p1a: Holy Salt|75/100|[from] item: Leftovers
|upkeep
|turn|23
|
|t:|1760346629
|switch|p2a: Timothy|Tyranitar, M|64/100 tox
|-weather|Sandstorm|[from] ability: Sand Stream|[of] p2a: Timothy
|move|p1a: Holy Salt|Salt Cure|p2a: Timothy
|-damage|p2a: Timothy|56/100 tox
|-start|p2a: Timothy|Salt Cure
|
|-weather|Sandstorm|[upkeep]
|-heal|p1a: Holy Salt|82/100|[from] item: Leftovers
|-damage|p2a: Timothy|50/100 tox|[from] psn
|-damage|p2a: Timothy|38/100 tox|[from] Salt Cure
|upkeep
|turn|24
|
|t:|1760346643
|move|p2a: Timothy|Earthquake|p1a: Holy Salt
|-supereffective|p1a: Holy Salt
|-damage|p1a: Holy Salt|57/100
|move|p1a: Holy Salt|Iron Defense|p1a: Holy Salt
|-boost|p1a: Holy Salt|def|2
|
|-weather|Sandstorm|[upkeep]
|-heal|p1a: Holy Salt|63/100|[from] item: Leftovers
|-damage|p2a: Timothy|26/100 tox|[from] psn
|-damage|p2a: Timothy|14/100 tox|[from] Salt Cure
|upkeep
|turn|25
|
|t:|1760346654
|move|p2a: Timothy|Earthquake|p1a: Holy Salt
|-supereffective|p1a: Holy Salt
|-damage|p1a: Holy Salt|45/100
|move|p1a: Holy Salt|Recover|p1a: Holy Salt
|-heal|p1a: Holy Salt|95/100
|
|-weather|Sandstorm|[upkeep]
|-heal|p1a: Holy Salt|100/100|[from] item: Leftovers
|-damage|p2a: Timothy|0 fnt|[from] psn
|faint|p2a: Timothy
|upkeep
|
|t:|1760346666
|switch|p2a: Osten|Gyarados, M, shiny|90/100
|-ability|p2a: Osten|Intimidate|boost
|-unboost|p1a: Holy Salt|atk|1
|turn|26
|
|t:|1760346672
|move|p2a: Osten|Dragon Dance|p2a: Osten
|-boost|p2a: Osten|atk|1
|-boost|p2a: Osten|spe|1
|move|p1a: Holy Salt|Salt Cure|p2a: Osten
|-supereffective|p2a: Osten
|-damage|p2a: Osten|70/100
|-start|p2a: Osten|Salt Cure
|
|-weather|Sandstorm|[upkeep]
|-damage|p2a: Osten|64/100|[from] Sandstorm
|-heal|p2a: Osten|70/100|[from] item: Leftovers
|-damage|p2a: Osten|45/100|[from] Salt Cure
|upkeep
|turn|27
|
|t:|1760346687
|move|p2a: Osten|Waterfall|p1a: Holy Salt
|-supereffective|p1a: Holy Salt
|-damage|p1a: Holy Salt|68/100
|move|p1a: Holy Salt|Iron Defense|p1a: Holy Salt
|-boost|p1a: Holy Salt|def|2
|
|-weather|Sandstorm|[upkeep]
|-damage|p2a: Osten|39/100|[from] Sandstorm
|-heal|p2a: Osten|45/100|[from] item: Leftovers
|-heal|p1a: Holy Salt|74/100|[from] item: Leftovers
|-damage|p2a: Osten|20/100|[from] Salt Cure
|upkeep
|turn|28
|
|t:|1760346693
|move|p2a: Osten|Waterfall|p1a: Holy Salt
|-supereffective|p1a: Holy Salt
|-damage|p1a: Holy Salt|51/100
|cant|p1a: Holy Salt|flinch
|
|-weather|Sandstorm|[upkeep]
|-damage|p2a: Osten|14/100|[from] Sandstorm
|-heal|p2a: Osten|20/100|[from] item: Leftovers
|-heal|p1a: Holy Salt|57/100|[from] item: Leftovers
|-damage|p2a: Osten|0 fnt|[from] Salt Cure
|faint|p2a: Osten
|upkeep
|
|t:|1760346700
|switch|p2a: Nasim|Gengar, M|82/100
|turn|29
|
|t:|1760346712
|move|p2a: Nasim|Nasty Plot|p2a: Nasim
|-boost|p2a: Nasim|spa|2
|move|p1a: Holy Salt|Recover|p1a: Holy Salt
|-heal|p1a: Holy Salt|100/100
|
|-weather|Sandstorm|[upkeep]
|-damage|p2a: Nasim|76/100|[from] Sandstorm
|upkeep
|turn|30
|
|t:|1760346718
|move|p2a: Nasim|Nasty Plot|p2a: Nasim
|-boost|p2a: Nasim|spa|2
|move|p1a: Holy Salt|Salt Cure|p2a: Nasim
|-damage|p2a: Nasim|61/100
|-start|p2a: Nasim|Salt Cure
|
|-weather|none
|-damage|p2a: Nasim|49/100|[from] Salt Cure
|upkeep
|turn|31
|
|t:|1760346731
|switch|p1a: Holy Cancer|Pecharunt|83/100
|move|p2a: Nasim|Nasty Plot|p2a: Nasim
|-boost|p2a: Nasim|spa|2
|
|-damage|p2a: Nasim|37/100|[from] Salt Cure
|upkeep
|turn|32
|
|t:|1760346743
|move|p2a: Nasim|Hex|p1a: Holy Cancer
|-supereffective|p1a: Holy Cancer
|-damage|p1a: Holy Cancer|0 fnt
|faint|p1a: Holy Cancer
|
|-damage|p2a: Nasim|25/100|[from] Salt Cure
|upkeep
|-enditem|p2a: Nasim|Salac Berry|[eat]
|-boost|p2a: Nasim|spe|1|[from] item: Salac Berry
|
|t:|1760346760
|switch|p1a: Holy Barrage|Torterra, F|100/100
|turn|33
|
|t:|1760346778
|-terastallize|p2a: Nasim|Fairy
|move|p2a: Nasim|Dazzling Gleam|p1a: Holy Barrage
|-damage|p1a: Holy Barrage|0 fnt
|faint|p1a: Holy Barrage
|
|-damage|p2a: Nasim|12/100|[from] Salt Cure
|upkeep
|
|t:|1760346788
|switch|p1a: Holy Warrior|Zamazenta|88/100
|turn|34
|
|t:|1760346795
|move|p2a: Nasim|Dazzling Gleam|p1a: Holy Warrior
|-supereffective|p1a: Holy Warrior
|-damage|p1a: Holy Warrior|0 fnt
|faint|p1a: Holy Warrior
|
|-damage|p2a: Nasim|0 fnt|[from] Salt Cure
|faint|p2a: Nasim
|upkeep
|
|t:|1760346798
|switch|p1a: Holy Salt|Garganacl, F|100/100
|switch|p2a: Emmett|Excadrill, M|100/100
|-item|p2a: Emmett|Air Balloon
|turn|35
|
|t:|1760346804
|move|p2a: Emmett|Swords Dance|p2a: Emmett
|-boost|p2a: Emmett|atk|2
|move|p1a: Holy Salt|Iron Defense|p1a: Holy Salt
|-boost|p1a: Holy Salt|def|2
|
|upkeep
|turn|36
|
|t:|1760346808
|move|p2a: Emmett|Earthquake|p1a: Holy Salt
|-supereffective|p1a: Holy Salt
|-damage|p1a: Holy Salt|28/100
|move|p1a: Holy Salt|Iron Defense|p1a: Holy Salt
|-boost|p1a: Holy Salt|def|2
|
|-heal|p1a: Holy Salt|34/100|[from] item: Leftovers
|upkeep
|turn|37
|
|t:|1760346814
|move|p2a: Emmett|Earthquake|p1a: Holy Salt
|-supereffective|p1a: Holy Salt
|-damage|p1a: Holy Salt|0 fnt
|faint|p1a: Holy Salt
|
|win|Jinghan Yu
|raw|jakkuza's rating: 1248 &rarr; <strong>1220</strong><br />(-28 for losing)
|raw|Jinghan Yu's rating: 1204 &rarr; <strong>1232</strong><br />(+28 for winning)
|l|☆jakkuza
|player|p1|
|l|☆Jinghan Yu
|player|p2|
