|j|☆01NoRu
|j|☆Iuddex
|t:|1760439714
|gametype|singles
|player|p1|01NoRu|dawn|1223
|player|p2|Iuddex|grimsley|1276
|gen|9
|tier|[Gen 9] OU
|rated|
|rule|HP Percentage Mod: HP is shown in percentages
|rule|Endless Battle Clause: Forcing endless battles is banned
|rule|Species Clause: Limit one of each Pokémon
|rule|OHKO Clause: OHKO moves are banned
|rule|Evasion Items Clause: Evasion items are banned
|rule|Evasion Moves Clause: Evasion moves are banned
|rule|Evasion Abilities Clause: Evasion abilities are banned
|rule|Sleep Moves Clause: Sleep-inducing moves are banned
|clearpoke
|poke|p1|Ninetales, M|
|poke|p1|Ceruledge, M|
|poke|p1|Venusaur, F|
|poke|p1|Leavanny, F|
|poke|p1|Great Tusk|
|poke|p1|Walking Wake|
|poke|p2|Inteleon, M|
|poke|p2|Torterra, F|
|poke|p2|Ceruledge, M|
|poke|p2|Yanmega, F|
|poke|p2|Corviknight, F|
|poke|p2|Garchomp, M|
|teampreview
|
|t:|1760439720
|teamsize|p1|6
|teamsize|p2|6
|start
|switch|p1a: Ninetales|Ninetales, M, shiny|100/100
|switch|p2a: Torterra|Torterra, F|100/100
|-weather|SunnyDay|[from] ability: Drought|[of] p1a: Ninetales
|turn|1
|inactive|Battle timer is ON: inactive players will automatically lose when time's up. (requested by Iuddex)
|
|t:|1760439733
|move|p1a: Ninetales|Weather Ball|p2a: Torterra
|-supereffective|p2a: Torterra
|-damage|p2a: Torterra|4/100
|move|p2a: Torterra|Shell Smash|p2a: Torterra
|-unboost|p2a: Torterra|def|1
|-unboost|p2a: Torterra|spd|1
|-boost|p2a: Torterra|atk|2
|-boost|p2a: Torterra|spa|2
|-boost|p2a: Torterra|spe|2
|
|-weather|SunnyDay|[upkeep]
|upkeep
|turn|2
|
|t:|1760439743
|move|p2a: Torterra|Earthquake|p1a: Ninetales
|-supereffective|p1a: Ninetales
|-damage|p1a: Ninetales|0 fnt
|faint|p1a: Ninetales
|
|-weather|SunnyDay|[upkeep]
|upkeep
|
|t:|1760439749
|switch|p1a: Slayboi Carti|Ceruledge, M|100/100
|turn|3
|
|t:|1760439754
|switch|p2a: Ceruledge|Ceruledge, M|100/100
|move|p1a: Slayboi Carti|Swords Dance|p1a: Slayboi Carti
|-boost|p1a: Slayboi Carti|atk|2
|
|-weather|SunnyDay|[upkeep]
|upkeep
|turn|4
|
|t:|1760439768
|-terastallize|p2a: Ceruledge|Dark
|move|p1a: Slayboi Carti|Swords Dance|p1a: Slayboi Carti
|-boost|p1a: Slayboi Carti|atk|2
|move|p2a: Ceruledge|Swords Dance|p2a: Ceruledge
|-boost|p2a: Ceruledge|atk|2
|
|-weather|SunnyDay|[upkeep]
|upkeep
|turn|5
|
|t:|1760439782
|move|p2a: Ceruledge|Shadow Sneak|p1a: Slayboi Carti
|-supereffective|p1a: Slayboi Carti
|-damage|p1a: Slayboi Carti|1/100
|-ability|p1a: Slayboi Carti|Weak Armor|boost
|-unboost|p1a: Slayboi Carti|def|1
|-boost|p1a: Slayboi Carti|spe|2
|move|p1a: Slayboi Carti|Bitter Blade|p2a: Ceruledge
|-damage|p2a: Ceruledge|0 fnt
|-heal|p1a: Slayboi Carti|51/100|[from] drain|[of] p2a: Ceruledge
|faint|p2a: Ceruledge
|
|-weather|SunnyDay|[upkeep]
|upkeep
|
|t:|1760439798
|switch|p2a: Garchomp|Garchomp, M|100/100
|turn|6
|
|t:|1760439803
|move|p1a: Slayboi Carti|Solar Blade||[still]
|-prepare|p1a: Slayboi Carti|Solar Blade
|-anim|p1a: Slayboi Carti|Solar Blade|p2a: Garchomp
|-damage|p2a: Garchomp|0 fnt
|-damage|p1a: Slayboi Carti|39/100|[from] ability: Rough Skin|[of] p2a: Garchomp
|-damage|p1a: Slayboi Carti|22/100|[from] item: Rocky Helmet|[of] p2a: Garchomp
|faint|p2a: Garchomp
|
|-weather|SunnyDay|[upkeep]
|upkeep
|
|t:|1760439813
|switch|p2a: Yanmega|Yanmega, F|100/100
|turn|7
|
|t:|1760439823
|move|p2a: Yanmega|Protect|p2a: Yanmega
|-singleturn|p2a: Yanmega|Protect
|move|p1a: Slayboi Carti|Shadow Sneak|p2a: Yanmega
|-activate|p2a: Yanmega|move: Protect
|
|-weather|SunnyDay|[upkeep]
|-ability|p2a: Yanmega|Speed Boost|boost
|-boost|p2a: Yanmega|spe|1
|upkeep
|turn|8
|
|t:|1760439833
|move|p1a: Slayboi Carti|Shadow Sneak|p2a: Yanmega
|-damage|p2a: Yanmega|15/100
|move|p2a: Yanmega|Ancient Power|p1a: Slayboi Carti
|-supereffective|p1a: Slayboi Carti
|-damage|p1a: Slayboi Carti|0 fnt
|faint|p1a: Slayboi Carti
|-damage|p2a: Yanmega|5/100|[from] item: Life Orb
|
|-weather|none
|-ability|p2a: Yanmega|Speed Boost|boost
|-boost|p2a: Yanmega|spe|1
|upkeep
|
|t:|1760439849
|switch|p1a: Great Tusk|Great Tusk|100/100
|turn|9
|
|t:|1760439854
|move|p2a: Yanmega|Air Slash|p1a: Great Tusk
|-supereffective|p1a: Great Tusk
|-damage|p1a: Great Tusk|0 fnt
|faint|p1a: Great Tusk
|-end|p1a: Great Tusk|Protosynthesis|[silent]
|-damage|p2a: Yanmega|0 fnt|[from] item: Life Orb
|faint|p2a: Yanmega
|
|upkeep
|
|t:|1760439873
|switch|p1a: Leavanny|Leavanny, F|100/100
|switch|p2a: Inteleon|Inteleon, M|100/100
|turn|10
|
|t:|1760439880
|move|p2a: Inteleon|Ice Beam|p1a: Leavanny
|-supereffective|p1a: Leavanny
|-damage|p1a: Leavanny|0 fnt
|faint|p1a: Leavanny
|
|upkeep
|
|t:|1760439890
|switch|p1a: Dubya|Walking Wake|100/100
|turn|11
|
|t:|1760439902
|-terastallize|p1a: Dubya|Water
|move|p2a: Inteleon|Ice Beam|p1a: Dubya
|-resisted|p1a: Dubya
|-damage|p1a: Dubya|80/100
|move|p1a: Dubya|Draco Meteor|p2a: Inteleon
|-damage|p2a: Inteleon|0 fnt
|-unboost|p1a: Dubya|spa|2
|faint|p2a: Inteleon
|
|upkeep
|
|t:|1760439913
|switch|p2a: Torterra|Torterra, F|4/100
|turn|12
|
|t:|1760439916
|move|p1a: Dubya|Draco Meteor|p2a: Torterra
|-damage|p2a: Torterra|0 fnt
|-unboost|p1a: Dubya|spa|2
|faint|p2a: Torterra
|
|upkeep
|
|t:|1760439924
|switch|p2a: Corviknight|Corviknight, F|100/100
|turn|13
|
|t:|1760439931
|-end|p1a: Dubya|Protosynthesis|[silent]
|switch|p1a: Venu Vidi Vici|Venusaur, F|100/100
|move|p2a: Corviknight|Iron Defense|p2a: Corviknight
|-boost|p2a: Corviknight|def|2
|
|upkeep
|turn|14
|
|t:|1760439944
|move|p1a: Venu Vidi Vici|Growth|p1a: Venu Vidi Vici
|-boost|p1a: Venu Vidi Vici|atk|1
|-boost|p1a: Venu Vidi Vici|spa|1
|move|p2a: Corviknight|Iron Defense|p2a: Corviknight
|-boost|p2a: Corviknight|def|2
|
|upkeep
|turn|15
|
|t:|1760439951
|move|p1a: Venu Vidi Vici|Giga Drain|p2a: Corviknight
|-resisted|p2a: Corviknight
|-damage|p2a: Corviknight|89/100
|-damage|p1a: Venu Vidi Vici|91/100|[from] item: Life Orb
|move|p2a: Corviknight|Iron Defense|p2a: Corviknight
|-boost|p2a: Corviknight|def|2
|
|upkeep
|turn|16
|
|t:|1760439960
|move|p1a: Venu Vidi Vici|Giga Drain|p2a: Corviknight
|-resisted|p2a: Corviknight
|-damage|p2a: Corviknight|76/100
|-heal|p1a: Venu Vidi Vici|99/100|[from] drain|[of] p2a: Corviknight
|-damage|p1a: Venu Vidi Vici|89/100|[from] item: Life Orb
|move|p2a: Corviknight|Body Press|p1a: Venu Vidi Vici
|-resisted|p1a: Venu Vidi Vici
|-damage|p1a: Venu Vidi Vici|37/100
|
|upkeep
|turn|17
|
|t:|1760439969
|move|p1a: Venu Vidi Vici|Giga Drain|p2a: Corviknight
|-resisted|p2a: Corviknight
|-damage|p2a: Corviknight|64/100
|-heal|p1a: Venu Vidi Vici|45/100|[from] drain|[of] p2a: Corviknight
|-damage|p1a: Venu Vidi Vici|35/100|[from] item: Life Orb
|move|p2a: Corviknight|Body Press|p1a: Venu Vidi Vici
|-resisted|p1a: Venu Vidi Vici
|-damage|p1a: Venu Vidi Vici|0 fnt
|faint|p1a: Venu Vidi Vici
|
|upkeep
|
|t:|1760439979
|switch|p1a: Dubya|Walking Wake, tera:Water|80/100
|turn|18
|
|t:|1760439989
|move|p1a: Dubya|Hydro Steam|p2a: Corviknight
|-damage|p2a: Corviknight|1/100
|move|p2a: Corviknight|Body Press|p1a: Dubya
|-damage|p1a: Dubya|4/100
|
|upkeep
|turn|19
|
|t:|1760439998
|move|p1a: Dubya|Hydro Steam|p2a: Corviknight
|-damage|p2a: Corviknight|0 fnt
|faint|p2a: Corviknight
|
|win|01NoRu
|raw|01NoRu's rating: 1223 &rarr; <strong>1252</strong><br />(+29 for winning)
|raw|Iuddex's rating: 1276 &rarr; <strong>1247</strong><br />(-29 for losing)
|l|☆Iuddex
|player|p2|
|l|☆01NoRu
|player|p1|
