|j|☆DomCat
|j|☆IAmNotAmanda
|t:|1760306277
|gametype|singles
|player|p1|DomCat|lady-gen4|1367
|player|p2|IAmNotAmanda|iris-gen5bw2|1330
|gen|9
|tier|[Gen 9] OU
|rated|
|rule|HP Percentage Mod: HP is shown in percentages
|rule|Endless Battle Clause: Forcing endless battles is banned
|rule|Species Clause: Limit one of each Pokémon
|rule|OHKO Clause: OHKO moves are banned
|rule|Evasion Items Clause: Evasion items are banned
|rule|Evasion Moves Clause: Evasion moves are banned
|rule|Evasion Abilities Clause: Evasion abilities are banned
|rule|Sleep Moves Clause: Sleep-inducing moves are banned
|clearpoke
|poke|p1|Heatran, M|
|poke|p1|Quaquaval, M|
|poke|p1|Garganacl, F|
|poke|p1|Gliscor, M|
|poke|p1|Zapdos|
|poke|p1|Walking Wake|
|poke|p2|Dragapult, F|
|poke|p2|Skeledirge, M|
|poke|p2|Alomomola, M|
|poke|p2|Great Tusk|
|poke|p2|Iron Valiant|
|poke|p2|Dragonite, M|
|teampreview
|inactive|Battle timer is ON: inactive players will automatically lose when time's up. (requested by IAmNotAmanda)
|
|t:|1760306291
|teamsize|p1|6
|teamsize|p2|6
|start
|switch|p1a: Sparkuno|Zapdos|100/100
|switch|p2a: Dragapult|Dragapult, F|100/100
|turn|1
|
|t:|1760306296
|switch|p1a: Molten Salt|Heatran, M|100/100
|move|p2a: Dragapult|Will-O-Wisp|p1a: Molten Salt
|-immune|p1a: Molten Salt
|
|upkeep
|turn|2
|
|t:|1760306302
|move|p2a: Dragapult|Thunder Wave|p1a: Molten Salt
|-status|p1a: Molten Salt|par
|move|p1a: Molten Salt|Stealth Rock|p2a: Dragapult
|-sidestart|p2: IAmNotAmanda|move: Stealth Rock
|
|upkeep
|turn|3
|
|t:|1760306311
|move|p2a: Dragapult|Hex|p1a: Molten Salt
|-damage|p1a: Molten Salt|50/100 par
|move|p1a: Molten Salt|Magma Storm|p2a: Dragapult|[miss]
|-miss|p1a: Molten Salt|p2a: Dragapult
|
|-heal|p1a: Molten Salt|56/100 par|[from] item: Leftovers
|upkeep
|turn|4
|
|t:|1760306318
|move|p1a: Molten Salt|Protect|p1a: Molten Salt
|-singleturn|p1a: Molten Salt|Protect
|move|p2a: Dragapult|Hex|p1a: Molten Salt
|-activate|p1a: Molten Salt|move: Protect
|
|-heal|p1a: Molten Salt|62/100 par|[from] item: Leftovers
|upkeep
|turn|5
|
|t:|1760306326
|switch|p1a: Himalayan Salt|Garganacl, F|100/100
|move|p2a: Dragapult|Hex|p1a: Himalayan Salt
|-damage|p1a: Himalayan Salt|89/100
|
|-heal|p1a: Himalayan Salt|95/100|[from] item: Leftovers
|upkeep
|turn|6
|
|t:|1760306333
|switch|p2a: Alomomola|Alomomola, M|100/100
|move|p1a: Himalayan Salt|Salt Cure|p2a: Alomomola
|-damage|p2a: Alomomola|92/100
|-start|p2a: Alomomola|Salt Cure
|
|-heal|p1a: Himalayan Salt|100/100|[from] item: Leftovers
|-damage|p2a: Alomomola|67/100|[from] Salt Cure
|upkeep
|turn|7
|
|t:|1760306341
|move|p2a: Alomomola|Flip Turn|p1a: Himalayan Salt
|-supereffective|p1a: Himalayan Salt
|-crit|p1a: Himalayan Salt
|-damage|p1a: Himalayan Salt|65/100
|
|t:|1760306344
|switch|p2a: Great Tusk|Great Tusk|100/100|[from] Flip Turn
|-damage|p2a: Great Tusk|97/100|[from] Stealth Rock
|-enditem|p2a: Great Tusk|Booster Energy
|-activate|p2a: Great Tusk|ability: Protosynthesis|[fromitem]
|-start|p2a: Great Tusk|protosynthesisspe
|move|p1a: Himalayan Salt|Salt Cure|p2a: Great Tusk
|-resisted|p2a: Great Tusk
|-damage|p2a: Great Tusk|95/100
|-start|p2a: Great Tusk|Salt Cure
|
|-heal|p1a: Himalayan Salt|71/100|[from] item: Leftovers
|-damage|p2a: Great Tusk|82/100|[from] Salt Cure
|upkeep
|turn|8
|
|t:|1760306356
|move|p1a: Himalayan Salt|Protect|p1a: Himalayan Salt
|-singleturn|p1a: Himalayan Salt|Protect
|move|p2a: Great Tusk|Bulk Up|p2a: Great Tusk
|-boost|p2a: Great Tusk|atk|1
|-boost|p2a: Great Tusk|def|1
|
|-heal|p1a: Himalayan Salt|77/100|[from] item: Leftovers
|-damage|p2a: Great Tusk|70/100|[from] Salt Cure
|upkeep
|turn|9
|
|t:|1760306364
|switch|p1a: Sparkuno|Zapdos|100/100
|move|p2a: Great Tusk|Rapid Spin|p1a: Sparkuno
|-damage|p1a: Sparkuno|78/100
|-boost|p2a: Great Tusk|spe|1
|-sideend|p2: IAmNotAmanda|Stealth Rock|[from] move: Rapid Spin|[of] p2a: Great Tusk
|
|-damage|p2a: Great Tusk|57/100|[from] Salt Cure
|upkeep
|turn|10
|
|t:|1760306375
|move|p2a: Great Tusk|Bulk Up|p2a: Great Tusk
|-boost|p2a: Great Tusk|atk|1
|-boost|p2a: Great Tusk|def|1
|move|p1a: Sparkuno|Hurricane|p2a: Great Tusk
|-supereffective|p2a: Great Tusk
|-crit|p2a: Great Tusk
|-damage|p2a: Great Tusk|0 fnt
|faint|p2a: Great Tusk
|-end|p2a: Great Tusk|Protosynthesis|[silent]
|
|upkeep
|
|t:|1760306380
|switch|p2a: Dragonite|Dragonite, M|100/100
|turn|11
|
|t:|1760306385
|move|p1a: Sparkuno|Volt Switch|p2a: Dragonite
|-damage|p2a: Dragonite|83/100
|
|t:|1760306389
|switch|p1a: Himalayan Salt|Garganacl, F|77/100|[from] Volt Switch
|move|p2a: Dragonite|Dragon Dance|p2a: Dragonite
|-boost|p2a: Dragonite|atk|1
|-boost|p2a: Dragonite|spe|1
|
|-heal|p1a: Himalayan Salt|83/100|[from] item: Leftovers
|upkeep
|turn|12
|
|t:|1760306397
|-terastallize|p1a: Himalayan Salt|Flying
|move|p2a: Dragonite|Earthquake|p1a: Himalayan Salt
|-immune|p1a: Himalayan Salt
|move|p1a: Himalayan Salt|Salt Cure|p2a: Dragonite
|-supereffective|p2a: Dragonite
|-damage|p2a: Dragonite|47/100
|-start|p2a: Dragonite|Salt Cure
|
|-heal|p1a: Himalayan Salt|89/100|[from] item: Leftovers
|-damage|p2a: Dragonite|35/100|[from] Salt Cure
|upkeep
|turn|13
|
|t:|1760306409
|switch|p2a: Alomomola|Alomomola, M|99/100
|move|p1a: Himalayan Salt|Earthquake|p2a: Alomomola
|-damage|p2a: Alomomola|85/100
|
|-heal|p1a: Himalayan Salt|96/100|[from] item: Leftovers
|upkeep
|turn|14
|
|t:|1760306416
|move|p2a: Alomomola|Wish|p2a: Alomomola
|move|p1a: Himalayan Salt|Salt Cure|p2a: Alomomola
|-damage|p2a: Alomomola|76/100
|-start|p2a: Alomomola|Salt Cure
|
|-heal|p1a: Himalayan Salt|100/100|[from] item: Leftovers
|-damage|p2a: Alomomola|51/100|[from] Salt Cure
|upkeep
|turn|15
|
|t:|1760306423
|move|p2a: Alomomola|Flip Turn|p1a: Himalayan Salt
|-damage|p1a: Himalayan Salt|87/100
|
|t:|1760306425
|switch|p2a: Dragonite|Dragonite, M|35/100|[from] Flip Turn
|move|p1a: Himalayan Salt|Salt Cure|p2a: Dragonite
|-supereffective|p2a: Dragonite
|-damage|p2a: Dragonite|1/100
|-start|p2a: Dragonite|Salt Cure
|
|-heal|p2a: Dragonite|79/100|[from] move: Wish|[wisher] Alomomola
|-heal|p1a: Himalayan Salt|93/100|[from] item: Leftovers
|-damage|p2a: Dragonite|67/100|[from] Salt Cure
|upkeep
|turn|16
|
|t:|1760306438
|switch|p1a: Joker 2019|Quaquaval, M|100/100
|move|p2a: Dragonite|Dragon Dance|p2a: Dragonite
|-boost|p2a: Dragonite|atk|1
|-boost|p2a: Dragonite|spe|1
|
|-damage|p2a: Dragonite|55/100|[from] Salt Cure
|upkeep
|turn|17
|
|t:|1760306445
|-terastallize|p2a: Dragonite|Normal
|move|p2a: Dragonite|Roost|p2a: Dragonite
|-heal|p2a: Dragonite|100/100
|move|p1a: Joker 2019|Triple Axel|p2a: Dragonite
|-damage|p2a: Dragonite|97/100
|-damage|p2a: Dragonite|83/100
|-damage|p2a: Dragonite|62/100
|-hitcount|p2a: Dragonite|3
|
|-damage|p2a: Dragonite|50/100|[from] Salt Cure
|upkeep
|turn|18
|
|t:|1760306462
|move|p2a: Dragonite|Extreme Speed|p1a: Joker 2019
|-damage|p1a: Joker 2019|13/100
|move|p1a: Joker 2019|Aqua Step|p2a: Dragonite
|-damage|p2a: Dragonite|9/100
|-boost|p1a: Joker 2019|spe|1
|
|-heal|p1a: Joker 2019|19/100|[from] item: Leftovers
|-damage|p2a: Dragonite|0 fnt|[from] Salt Cure
|faint|p2a: Dragonite
|upkeep
|-message|IAmNotAmanda forfeited.
|
|win|DomCat
|raw|DomCat's rating: 1367 &rarr; <strong>1385</strong><br />(+18 for winning)
|raw|IAmNotAmanda's rating: 1330 &rarr; <strong>1312</strong><br />(-18 for losing)
|l|☆IAmNotAmanda
|player|p2|
