|j|☆Sophie-Elizabeth15
|j|☆Mf Fafnir
|t:|1760408271
|gametype|singles
|player|p1|Sophie-Elizabeth15|170|1083
|player|p2|Mf Fafnir|brock|1053
|gen|9
|tier|[Gen 9] OU
|rated|
|rule|HP Percentage Mod: HP is shown in percentages
|rule|Endless Battle Clause: Forcing endless battles is banned
|rule|Species Clause: Limit one of each Pokémon
|rule|OHKO Clause: OHKO moves are banned
|rule|Evasion Items Clause: Evasion items are banned
|rule|Evasion Moves Clause: Evasion moves are banned
|rule|Evasion Abilities Clause: Evasion abilities are banned
|rule|Sleep Moves Clause: Sleep-inducing moves are banned
|clearpoke
|poke|p1|Torterra, M|
|poke|p1|Samurott-Hisui, M|
|poke|p1|Glimmora, M|
|poke|p1|Incineroar, M|
|poke|p1|Iron Hands|
|poke|p1|Gengar, M|
|poke|p2|Graveler-Alola, M|
|poke|p2|Dusclops, M|
|poke|p2|Hattrem, F|
|poke|p2|Morgrem, M|
|poke|p2|Ursaring, F|
|poke|p2|Scrafty, F|
|teampreview
|
|t:|1760408282
|teamsize|p1|6
|teamsize|p2|6
|start
|switch|p1a: Drift|Samurott-Hisui, M|100/100
|switch|p2a: Graveler|Graveler-Alola, M|100/100
|turn|1
|
|t:|1760408287
|move|p1a: Drift|Aqua Cutter|p2a: Graveler
|-supereffective|p2a: Graveler
|-damage|p2a: Graveler|36/100
|move|p2a: Graveler|Zap Cannon|p1a: Drift
|-supereffective|p1a: Drift
|-damage|p1a: Drift|22/100
|-status|p1a: Drift|par
|
|-heal|p1a: Drift|28/100 par|[from] item: Leftovers
|upkeep
|turn|2
|
|t:|1760408297
|cant|p1a: Drift|par
|move|p2a: Graveler|Metronome|p2a: Graveler
|move|p2a: Graveler|Hydro Pump|p1a: Drift|[from] move: Metronome|[miss]
|-miss|p2a: Graveler|p1a: Drift
|
|-heal|p1a: Drift|34/100 par|[from] item: Leftovers
|upkeep
|turn|3
|
|t:|1760408304
|move|p1a: Drift|Aqua Cutter|p2a: Graveler
|-supereffective|p2a: Graveler
|-damage|p2a: Graveler|0 fnt
|faint|p2a: Graveler
|
|-heal|p1a: Drift|41/100 par|[from] item: Leftovers
|upkeep
|
|t:|1760408310
|switch|p2a: Scrafty|Scrafty, F, shiny|100/100
|turn|4
|
|t:|1760408313
|move|p2a: Scrafty|High Jump Kick|p1a: Drift
|-supereffective|p1a: Drift
|-damage|p1a: Drift|0 fnt
|faint|p1a: Drift
|-ability|p2a: Scrafty|Moxie|boost
|-boost|p2a: Scrafty|atk|1
|
|upkeep
|
|t:|1760408319
|switch|p1a: Thrust|Iron Hands|100/100
|-enditem|p1a: Thrust|Booster Energy
|-activate|p1a: Thrust|ability: Quark Drive|[fromitem]
|-start|p1a: Thrust|quarkdriveatk
|turn|5
|
|t:|1760408325
|-terastallize|p2a: Scrafty|Ghost
|move|p2a: Scrafty|Curse|p1a: Thrust
|-start|p1a: Thrust|Curse|[of] p2a: Scrafty
|-damage|p2a: Scrafty|50/100
|move|p1a: Thrust|Drain Punch|p2a: Scrafty
|-immune|p2a: Scrafty
|
|-damage|p1a: Thrust|76/100|[from] Curse
|upkeep
|turn|6
|
|t:|1760408334
|move|p2a: Scrafty|Metronome|p2a: Scrafty
|move|p2a: Scrafty|Air Cutter|p1a: Thrust|[from] move: Metronome
|-damage|p1a: Thrust|70/100
|move|p1a: Thrust|Supercell Slam|p2a: Scrafty
|-damage|p2a: Scrafty|0 fnt
|faint|p2a: Scrafty
|
|-damage|p1a: Thrust|45/100|[from] Curse
|upkeep
|
|t:|1760408345
|switch|p2a: Hattrem|Hattrem, F, shiny|100/100
|turn|7
|
|t:|1760408349
|move|p1a: Thrust|Supercell Slam|p2a: Hattrem
|-damage|p2a: Hattrem|25/100
|move|p2a: Hattrem|Psychic|p1a: Thrust
|-supereffective|p1a: Thrust
|-damage|p1a: Thrust|0 fnt
|faint|p1a: Thrust
|-end|p1a: Thrust|Quark Drive|[silent]
|
|upkeep
|
|t:|1760408353
|switch|p1a: Rath|Incineroar, M|100/100
|-ability|p1a: Rath|Intimidate|boost
|-unboost|p2a: Hattrem|atk|1
|turn|8
|
|t:|1760408360
|move|p1a: Rath|Fake Out|p2a: Hattrem
|-damage|p2a: Hattrem|10/100
|cant|p2a: Hattrem|flinch
|
|upkeep
|turn|9
|
|t:|1760408364
|move|p1a: Rath|Knock Off|p2a: Hattrem
|-supereffective|p2a: Hattrem
|-damage|p2a: Hattrem|0 fnt
|-enditem|p2a: Hattrem|Eviolite|[from] move: Knock Off|[of] p1a: Rath
|faint|p2a: Hattrem
|
|upkeep
|
|t:|1760408369
|switch|p2a: Morgrem|Morgrem, M|100/100
|turn|10
|
|t:|1760408378
|move|p2a: Morgrem|Fake Out|p1a: Rath
|-damage|p1a: Rath|95/100
|cant|p1a: Rath|flinch
|
|upkeep
|turn|11
|
|t:|1760408383
|move|p2a: Morgrem|Metronome|p2a: Morgrem
|move|p2a: Morgrem|Hydro Steam|p1a: Rath|[from] move: Metronome
|-hint|Since gen 7, Dark is immune to Prankster moves.
|-immune|p1a: Rath
|move|p1a: Rath|Knock Off|p2a: Morgrem
|-resisted|p2a: Morgrem
|-damage|p2a: Morgrem|81/100
|-enditem|p2a: Morgrem|Eviolite|[from] move: Knock Off|[of] p1a: Rath
|
|upkeep
|turn|12
|
|t:|1760408400
|switch|p2a: Ursaring|Ursaring, F|100/100
|move|p1a: Rath|Flare Blitz|p2a: Ursaring
|-damage|p2a: Ursaring|50/100
|-damage|p1a: Rath|78/100|[from] Recoil
|
|upkeep
|turn|13
|
|t:|1760408409
|move|p1a: Rath|Knock Off|p2a: Ursaring
|-damage|p2a: Ursaring|11/100
|-enditem|p2a: Ursaring|Eviolite|[from] move: Knock Off|[of] p1a: Rath
|move|p2a: Ursaring|Earthquake|p1a: Rath
|-supereffective|p1a: Rath
|-damage|p1a: Rath|6/100
|
|upkeep
|turn|14
|
|t:|1760408417
|move|p1a: Rath|Knock Off|p2a: Ursaring
|-damage|p2a: Ursaring|0 fnt
|faint|p2a: Ursaring
|
|upkeep
|
|t:|1760408420
|switch|p2a: Morgrem|Morgrem, M|81/100
|turn|15
|
|t:|1760408425
|move|p2a: Morgrem|Fake Out|p1a: Rath
|-damage|p1a: Rath|0 fnt
|faint|p1a: Rath
|
|upkeep
|
|t:|1760408428
|switch|p1a: Chromastone|Glimmora, M, shiny|100/100
|-item|p1a: Chromastone|Air Balloon
|turn|16
|
|t:|1760408432
|move|p2a: Morgrem|Metronome|p2a: Morgrem
|move|p2a: Morgrem|Phantom Force||[from] move: Metronome|[still]
|-prepare|p2a: Morgrem|Phantom Force
|move|p1a: Chromastone|Toxic|p2a: Morgrem
|-status|p2a: Morgrem|tox
|
|-damage|p2a: Morgrem|75/100 tox|[from] psn
|upkeep
|turn|17
|
|t:|1760408438
|move|p1a: Chromastone|Stealth Rock|p2a: Morgrem
|-sidestart|p2: Mf Fafnir|move: Stealth Rock
|move|p2a: Morgrem|Phantom Force|p1a: Chromastone|[from] lockedmove
|-damage|p1a: Chromastone|85/100
|-activate|p1a: Chromastone|ability: Toxic Debris
|-sidestart|p2: Mf Fafnir|move: Toxic Spikes
|-enditem|p1a: Chromastone|Air Balloon
|
|-damage|p2a: Morgrem|63/100 tox|[from] psn
|upkeep
|turn|18
|
|t:|1760408448
|move|p2a: Morgrem|Metronome|p2a: Morgrem
|move|p2a: Morgrem|Worry Seed|p1a: Chromastone|[from] move: Metronome
|-ability|p1a: Chromastone|Insomnia|Toxic Debris|[from] move: Worry Seed
|move|p1a: Chromastone|Spikes|p2a: Morgrem
|-sidestart|p2: Mf Fafnir|Spikes
|
|-damage|p2a: Morgrem|45/100 tox|[from] psn
|upkeep
|turn|19
|
|t:|1760408456
|move|p2a: Morgrem|Metronome|p2a: Morgrem
|move|p2a: Morgrem|Disarming Voice|p1a: Chromastone|[from] move: Metronome
|-resisted|p1a: Chromastone
|-damage|p1a: Chromastone|77/100
|move|p1a: Chromastone|Spikes|p2a: Morgrem
|-sidestart|p2: Mf Fafnir|Spikes
|
|-damage|p2a: Morgrem|21/100 tox|[from] psn
|upkeep
|turn|20
|
|t:|1760408464
|move|p2a: Morgrem|Metronome|p2a: Morgrem
|move|p2a: Morgrem|Twister|p1a: Chromastone|[from] move: Metronome
|-damage|p1a: Chromastone|66/100
|move|p1a: Chromastone|Spikes|p2a: Morgrem
|-sidestart|p2: Mf Fafnir|Spikes
|
|-damage|p2a: Morgrem|0 fnt|[from] psn
|faint|p2a: Morgrem
|upkeep
|
|t:|1760408471
|switch|p2a: Dusclops|Dusclops, M|100/100
|-damage|p2a: Dusclops|88/100|[from] Stealth Rock
|-status|p2a: Dusclops|psn
|-damage|p2a: Dusclops|63/100 psn|[from] Spikes
|-ability|p2a: Dusclops|Pressure
|turn|21
|
|t:|1760408479
|move|p1a: Chromastone|Venoshock|p2a: Dusclops
|-resisted|p2a: Dusclops
|-damage|p2a: Dusclops|45/100 psn
|move|p2a: Dusclops|Metronome|p2a: Dusclops
|move|p2a: Dusclops|Fly||[from] move: Metronome|[still]
|-prepare|p2a: Dusclops|Fly
|
|-damage|p2a: Dusclops|33/100 psn|[from] psn
|upkeep
|turn|22
|
|t:|1760408491
|move|p1a: Chromastone|Venoshock|p2a: Dusclops|[miss]
|-miss|p1a: Chromastone|p2a: Dusclops
|move|p2a: Dusclops|Fly|p1a: Chromastone|[from] lockedmove
|-resisted|p1a: Chromastone
|-damage|p1a: Chromastone|54/100
|
|-damage|p2a: Dusclops|21/100 psn|[from] psn
|upkeep
|turn|23
|
|t:|1760408498
|move|p1a: Chromastone|Venoshock|p2a: Dusclops
|-resisted|p2a: Dusclops
|-damage|p2a: Dusclops|4/100 psn
|move|p2a: Dusclops|Metronome|p2a: Dusclops
|move|p2a: Dusclops|Fusion Flare|p1a: Chromastone|[from] move: Metronome
|-resisted|p1a: Chromastone
|-damage|p1a: Chromastone|47/100
|
|-damage|p2a: Dusclops|0 fnt|[from] psn
|faint|p2a: Dusclops
|
|win|Sophie-Elizabeth15
|raw|Sophie-Elizabeth15's rating: 1083 &rarr; <strong>1108</strong><br />(+25 for winning)
|raw|Mf Fafnir's rating: 1053 &rarr; <strong>1037</strong><br />(-16 for losing)
|l|☆Mf Fafnir
|player|p2|
|l|☆Sophie-Elizabeth15
|player|p1|
