|j|☆hugolpm
|j|☆randalboy
|t:|1760414889
|gametype|singles
|player|p1|hugolpm|lenora|1250
|player|p2|randalboy|clown|1226
|gen|9
|tier|[Gen 9] OU
|rated|
|rule|HP Percentage Mod: HP is shown in percentages
|rule|Endless Battle Clause: Forcing endless battles is banned
|rule|Species Clause: Limit one of each Pokémon
|rule|OHKO Clause: OHKO moves are banned
|rule|Evasion Items Clause: Evasion items are banned
|rule|Evasion Moves Clause: Evasion moves are banned
|rule|Evasion Abilities Clause: Evasion abilities are banned
|rule|Sleep Moves Clause: Sleep-inducing moves are banned
|clearpoke
|poke|p1|Clefable, F|
|poke|p1|Garchomp, F|
|poke|p1|Iron Moth|
|poke|p1|Weezing-Galar, F|
|poke|p1|Scyther, F|
|poke|p1|Ogerpon-Wellspring, F|
|poke|p2|Gholdengo|
|poke|p2|Iron Valiant|
|poke|p2|Slowking-Galar, M|
|poke|p2|Alomomola, F|
|poke|p2|Meowscarada, M|
|poke|p2|Great Tusk|
|teampreview
|inactive|Battle timer is ON: inactive players will automatically lose when time's up. (requested by randalboy)
|
|t:|1760414907
|teamsize|p1|6
|teamsize|p2|6
|start
|switch|p1a: Weezing|Weezing-Galar, F|100/100
|switch|p2a: Slowking|Slowking-Galar, M|100/100
|turn|1
|
|t:|1760414930
|switch|p1a: Pipi|Clefable, F|100/100
|-prepare|p2a: Slowking|Chilly Reception|[premajor]
|move|p2a: Slowking|Chilly Reception|p2a: Slowking
|-weather|Snowscape
|
|t:|1760414947
|switch|p2a: Gholdengo|Gholdengo|100/100|[from] Chilly Reception
|
|-weather|Snowscape|[upkeep]
|-status|p1a: Pipi|brn|[from] item: Flame Orb
|upkeep
|turn|2
|
|t:|1760414959
|switch|p1a: Fralda|Iron Moth|100/100
|move|p2a: Gholdengo|Trick|p1a: Fralda
|-activate|p2a: Gholdengo|move: Trick|[of] p1a: Fralda
|-item|p1a: Fralda|Choice Scarf|[from] move: Trick
|-item|p2a: Gholdengo|Heavy-Duty Boots|[from] move: Trick
|
|-weather|Snowscape|[upkeep]
|upkeep
|turn|3
|
|t:|1760414976
|switch|p2a: Slowking|Slowking-Galar, M|100/100
|move|p1a: Fralda|Fiery Dance|p2a: Slowking
|-damage|p2a: Slowking|74/100
|-boost|p1a: Fralda|spa|1
|
|-weather|Snowscape|[upkeep]
|-heal|p2a: Slowking|80/100|[from] item: Black Sludge
|upkeep
|turn|4
|
|t:|1760414996
|-end|p1a: Fralda|Quark Drive|[silent]
|switch|p1a: Pipi|Clefable, F|100/100 brn
|move|p2a: Slowking|Future Sight|p1a: Pipi
|-start|p2a: Slowking|move: Future Sight
|
|-weather|Snowscape|[upkeep]
|-heal|p2a: Slowking|86/100|[from] item: Black Sludge
|upkeep
|turn|5
|
|t:|1760415010
|move|p1a: Pipi|Trick|p2a: Slowking
|-activate|p1a: Pipi|move: Trick|[of] p2a: Slowking
|-item|p2a: Slowking|Flame Orb|[from] move: Trick
|-item|p1a: Pipi|Black Sludge|[from] move: Trick
|-prepare|p2a: Slowking|Chilly Reception|[premajor]
|move|p2a: Slowking|Chilly Reception|p2a: Slowking
|
|t:|1760415025
|switch|p2a: Great Tusk|Great Tusk|100/100|[from] Chilly Reception
|
|-weather|none
|upkeep
|turn|6
|
|t:|1760415041
|-terastallize|p2a: Great Tusk|Ground
|move|p2a: Great Tusk|Rapid Spin|p1a: Pipi
|-damage|p1a: Pipi|82/100 brn
|-boost|p2a: Great Tusk|spe|1
|move|p1a: Pipi|Trick|p2a: Great Tusk
|-activate|p1a: Pipi|move: Trick|[of] p2a: Great Tusk
|-item|p2a: Great Tusk|Black Sludge|[from] move: Trick
|-item|p1a: Pipi|Leftovers|[from] move: Trick
|
|-end|p1a: Pipi|move: Future Sight
|-damage|p1a: Pipi|53/100 brn
|-damage|p2a: Great Tusk|88/100|[from] item: Black Sludge
|-heal|p1a: Pipi|59/100 brn|[from] item: Leftovers
|upkeep
|turn|7
|
|t:|1760415055
|move|p1a: Pipi|Protect|p1a: Pipi
|-singleturn|p1a: Pipi|Protect
|move|p2a: Great Tusk|Bulk Up|p2a: Great Tusk
|-boost|p2a: Great Tusk|atk|1
|-boost|p2a: Great Tusk|def|1
|
|-damage|p2a: Great Tusk|76/100|[from] item: Black Sludge
|-heal|p1a: Pipi|65/100 brn|[from] item: Leftovers
|upkeep
|turn|8
|
|t:|1760415069
|switch|p1a: Weezing|Weezing-Galar, F|100/100
|move|p2a: Great Tusk|Rapid Spin|p1a: Weezing
|-damage|p1a: Weezing|84/100
|-boost|p2a: Great Tusk|spe|1
|
|-damage|p2a: Great Tusk|63/100|[from] item: Black Sludge
|-heal|p1a: Weezing|90/100|[from] item: Leftovers
|upkeep
|turn|9
|
|t:|1760415090
|move|p2a: Great Tusk|Stone Edge|p1a: Weezing|[miss]
|-miss|p2a: Great Tusk|p1a: Weezing
|move|p1a: Weezing|Play Rough|p2a: Great Tusk
|-damage|p2a: Great Tusk|50/100
|
|-damage|p2a: Great Tusk|37/100|[from] item: Black Sludge
|-heal|p1a: Weezing|96/100|[from] item: Leftovers
|upkeep
|turn|10
|
|t:|1760415100
|move|p1a: Weezing|Protect|p1a: Weezing
|-singleturn|p1a: Weezing|Protect
|move|p2a: Great Tusk|Stone Edge|p1a: Weezing
|-activate|p1a: Weezing|move: Protect
|
|-damage|p2a: Great Tusk|25/100|[from] item: Black Sludge
|-heal|p1a: Weezing|100/100|[from] item: Leftovers
|upkeep
|turn|11
|
|t:|1760415112
|-end|p2a: Great Tusk|Protosynthesis|[silent]
|switch|p2a: Alomomola|Alomomola, F|100/100
|move|p1a: Weezing|Toxic|p2a: Alomomola
|-status|p2a: Alomomola|tox
|
|-damage|p2a: Alomomola|94/100 tox|[from] psn
|upkeep
|turn|12
|
|t:|1760415122
|move|p1a: Weezing|Play Rough|p2a: Alomomola
|-damage|p2a: Alomomola|78/100 tox
|move|p2a: Alomomola|Wish|p2a: Alomomola
|
|-heal|p2a: Alomomola|85/100 tox|[from] item: Leftovers
|-damage|p2a: Alomomola|72/100 tox|[from] psn
|upkeep
|turn|13
|
|t:|1760415130
|switch|p2a: Great Tusk|Great Tusk, tera:Ground|25/100
|move|p1a: Weezing|Toxic|p2a: Great Tusk
|-status|p2a: Great Tusk|tox
|
|-heal|p2a: Great Tusk|97/100 tox|[from] move: Wish|[wisher] Alomomola
|-damage|p2a: Great Tusk|84/100 tox|[from] item: Black Sludge
|-damage|p2a: Great Tusk|78/100 tox|[from] psn
|upkeep
|turn|14
|
|t:|1760415139
|-end|p2a: Great Tusk|Protosynthesis|[silent]
|switch|p2a: Gholdengo|Gholdengo|100/100
|move|p1a: Weezing|Play Rough|p2a: Gholdengo
|-resisted|p2a: Gholdengo
|-damage|p2a: Gholdengo|85/100
|
|upkeep
|turn|15
|
|t:|1760415151
|switch|p1a: Fralda|Iron Moth|100/100
|move|p2a: Gholdengo|Shadow Ball|p1a: Fralda
|-damage|p1a: Fralda|57/100
|
|upkeep
|turn|16
|
|t:|1760415158
|switch|p2a: Slowking|Slowking-Galar, M|100/100
|move|p1a: Fralda|Fiery Dance|p2a: Slowking
|-damage|p2a: Slowking|73/100
|-boost|p1a: Fralda|spa|1
|
|-status|p2a: Slowking|brn|[from] item: Flame Orb
|upkeep
|turn|17
|
|t:|1760415165
|move|p1a: Fralda|Fiery Dance|p2a: Slowking
|-damage|p2a: Slowking|37/100 brn
|-boost|p1a: Fralda|spa|1
|move|p2a: Slowking|Future Sight|p1a: Fralda
|-start|p2a: Slowking|move: Future Sight
|
|-damage|p2a: Slowking|31/100 brn|[from] brn
|upkeep
|turn|18
|
|t:|1760415172
|switch|p2a: Alomomola|Alomomola, F|100/100 tox
|move|p1a: Fralda|Fiery Dance|p2a: Alomomola
|-resisted|p2a: Alomomola
|-damage|p2a: Alomomola|46/100 tox
|-boost|p1a: Fralda|spa|1
|
|-heal|p2a: Alomomola|52/100 tox|[from] item: Leftovers
|-damage|p2a: Alomomola|46/100 tox|[from] psn
|upkeep
|turn|19
|
|t:|1760415181
|move|p2a: Alomomola|Protect|p2a: Alomomola
|-singleturn|p2a: Alomomola|Protect
|move|p1a: Fralda|Fiery Dance|p2a: Alomomola
|-activate|p2a: Alomomola|move: Protect
|
|-end|p1a: Fralda|move: Future Sight
|-supereffective|p1a: Fralda
|-damage|p1a: Fralda|0 fnt
|faint|p1a: Fralda
|-end|p1a: Fralda|Quark Drive|[silent]
|-heal|p2a: Alomomola|52/100 tox|[from] item: Leftovers
|-damage|p2a: Alomomola|40/100 tox|[from] psn
|upkeep
|
|t:|1760415194
|switch|p1a: Bleh|Ogerpon-Wellspring, F|100/100
|turn|20
|
|t:|1760415201
|switch|p2a: Meowscarada|Meowscarada, M|100/100
|move|p1a: Bleh|Swords Dance|p1a: Bleh
|-boost|p1a: Bleh|atk|2
|
|upkeep
|turn|21
|
|t:|1760415211
|move|p2a: Meowscarada|U-turn|p1a: Bleh
|-start|p2a: Meowscarada|typechange|Bug|[from] ability: Protean
|-supereffective|p1a: Bleh
|-damage|p1a: Bleh|0 fnt
|faint|p1a: Bleh
|-damage|p2a: Meowscarada|91/100|[from] item: Life Orb
|
|t:|1760415235
|switch|p2a: Gholdengo|Gholdengo|85/100|[from] U-turn
|
|upkeep
|
|t:|1760415242
|switch|p1a: Garchomp|Garchomp, F|100/100
|turn|22
|
|t:|1760415253
|switch|p2a: Meowscarada|Meowscarada, M|91/100
|move|p1a: Garchomp|Earthquake|p2a: Meowscarada
|-resisted|p2a: Meowscarada
|-damage|p2a: Meowscarada|49/100
|
|upkeep
|turn|23
|
|t:|1760415265
|-terastallize|p1a: Garchomp|Fire
|move|p1a: Garchomp|Earthquake|p2a: Meowscarada
|-resisted|p2a: Meowscarada
|-damage|p2a: Meowscarada|7/100
|move|p2a: Meowscarada|Triple Axel|p1a: Garchomp
|-start|p2a: Meowscarada|typechange|Ice|[from] ability: Protean
|-resisted|p1a: Garchomp
|-damage|p1a: Garchomp|94/100
|-damage|p2a: Meowscarada|0 fnt|[from] ability: Rough Skin|[of] p1a: Garchomp
|faint|p2a: Meowscarada
|-hitcount|p1a: Garchomp|1
|
|upkeep
|
|t:|1760415278
|switch|p2a: Alomomola|Alomomola, F|73/100 tox
|turn|24
|
|t:|1760415284
|move|p1a: Garchomp|Earthquake|p2a: Alomomola
|-damage|p2a: Alomomola|41/100 tox
|move|p2a: Alomomola|Flip Turn|p1a: Garchomp
|-supereffective|p1a: Garchomp
|-damage|p1a: Garchomp|63/100
|-damage|p2a: Alomomola|29/100 tox|[from] ability: Rough Skin|[of] p1a: Garchomp
|
|t:|1760415288
|switch|p2a: Great Tusk|Great Tusk, tera:Ground|78/100 tox|[from] Flip Turn
|
|-damage|p2a: Great Tusk|66/100 tox|[from] item: Black Sludge
|-damage|p2a: Great Tusk|60/100 tox|[from] psn
|upkeep
|turn|25
|
|t:|1760415296
|move|p1a: Garchomp|Earthquake|p2a: Great Tusk
|-damage|p2a: Great Tusk|20/100 tox
|move|p2a: Great Tusk|Stone Edge|p1a: Garchomp
|-supereffective|p1a: Garchomp
|-damage|p1a: Garchomp|0 fnt
|faint|p1a: Garchomp
|
|-damage|p2a: Great Tusk|8/100 tox|[from] item: Black Sludge
|-damage|p2a: Great Tusk|0 fnt|[from] psn
|faint|p2a: Great Tusk
|-end|p2a: Great Tusk|Protosynthesis|[silent]
|upkeep
|
|t:|1760415313
|switch|p1a: Pipi|Clefable, F|65/100 brn
|switch|p2a: Alomomola|Alomomola, F|62/100 tox
|turn|26
|
|t:|1760415319
|move|p1a: Pipi|Trick|p2a: Alomomola
|-activate|p1a: Pipi|move: Trick|[of] p2a: Alomomola
|-item|p2a: Alomomola|Leftovers|[from] move: Trick
|-item|p1a: Pipi|Leftovers|[from] move: Trick
|move|p2a: Alomomola|Wish|p2a: Alomomola
|
|-heal|p1a: Pipi|72/100 brn|[from] item: Leftovers
|-heal|p2a: Alomomola|68/100 tox|[from] item: Leftovers
|-damage|p2a: Alomomola|62/100 tox|[from] psn
|upkeep
|turn|27
|
|t:|1760415332
|move|p1a: Pipi|Wish|p1a: Pipi
|move|p2a: Alomomola|Flip Turn|p1a: Pipi
|-damage|p1a: Pipi|53/100 brn
|
|t:|1760415348
|switch|p2a: Gholdengo|Gholdengo|85/100|[from] Flip Turn
|
|-heal|p2a: Gholdengo|100/100|[from] move: Wish|[wisher] Alomomola
|-heal|p1a: Pipi|59/100 brn|[from] item: Leftovers
|upkeep
|turn|28
|
|t:|1760415360
|move|p1a: Pipi|Protect|p1a: Pipi
|-singleturn|p1a: Pipi|Protect
|move|p2a: Gholdengo|Make It Rain|p1a: Pipi
|-activate|p1a: Pipi|move: Protect
|
|-heal|p1a: Pipi|100/100 brn|[from] move: Wish|[wisher] Pipi
|upkeep
|turn|29
|
|t:|1760415372
|switch|p1a: Faca|Scyther, F|100/100
|move|p2a: Gholdengo|Shadow Ball|p1a: Faca
|-damage|p1a: Faca|66/100
|
|upkeep
|turn|30
|
|t:|1760415381
|switch|p2a: Alomomola|Alomomola, F|95/100 tox
|move|p1a: Faca|Dual Wingbeat|p2a: Alomomola
|-damage|p2a: Alomomola|78/100 tox
|-damage|p2a: Alomomola|60/100 tox
|-hitcount|p2a: Alomomola|2
|
|-heal|p2a: Alomomola|66/100 tox|[from] item: Leftovers
|-damage|p2a: Alomomola|60/100 tox|[from] psn
|upkeep
|turn|31
|
|t:|1760415391
|move|p1a: Faca|Trailblaze|p2a: Alomomola
|-supereffective|p2a: Alomomola
|-damage|p2a: Alomomola|31/100 tox
|-boost|p1a: Faca|spe|1
|move|p2a: Alomomola|Flip Turn|p1a: Faca
|-crit|p1a: Faca
|-damage|p1a: Faca|45/100
|
|t:|1760415396
|switch|p2a: Iron Valiant|Iron Valiant|100/100|[from] Flip Turn
|-enditem|p2a: Iron Valiant|Booster Energy
|-activate|p2a: Iron Valiant|ability: Quark Drive|[fromitem]
|-start|p2a: Iron Valiant|quarkdrivespe
|
|upkeep
|turn|32
|
|t:|1760415404
|move|p2a: Iron Valiant|Moonblast|p1a: Faca
|-damage|p1a: Faca|6/100
|move|p1a: Faca|Dual Wingbeat|p2a: Iron Valiant
|-supereffective|p2a: Iron Valiant
|-damage|p2a: Iron Valiant|17/100
|-supereffective|p2a: Iron Valiant
|-damage|p2a: Iron Valiant|0 fnt
|faint|p2a: Iron Valiant
|-end|p2a: Iron Valiant|Quark Drive|[silent]
|-hitcount|p2: Iron Valiant|2
|
|upkeep
|
|t:|1760415408
|switch|p2a: Alomomola|Alomomola, F|64/100 tox
|turn|33
|
|t:|1760415416
|move|p1a: Faca|Dual Wingbeat|p2a: Alomomola
|-crit|p2a: Alomomola
|-damage|p2a: Alomomola|39/100 tox
|-damage|p2a: Alomomola|23/100 tox
|-hitcount|p2a: Alomomola|2
|move|p2a: Alomomola|Flip Turn|p1a: Faca
|-damage|p1a: Faca|0 fnt
|faint|p1a: Faca
|
|t:|1760415433
|switch|p2a: Gholdengo|Gholdengo|100/100|[from] Flip Turn
|
|upkeep
|
|t:|1760415441
|switch|p1a: Pipi|Clefable, F|100/100 brn
|turn|34
|
|t:|1760415447
|move|p2a: Gholdengo|Make It Rain|p1a: Pipi
|-supereffective|p1a: Pipi
|-damage|p1a: Pipi|22/100 brn
|-unboost|p2a: Gholdengo|spa|1
|move|p1a: Pipi|Moonblast|p2a: Gholdengo
|-resisted|p2a: Gholdengo
|-damage|p2a: Gholdengo|83/100
|
|-heal|p1a: Pipi|28/100 brn|[from] item: Leftovers
|upkeep
|turn|35
|
|t:|1760415457
|move|p1a: Pipi|Protect|p1a: Pipi
|-singleturn|p1a: Pipi|Protect
|move|p2a: Gholdengo|Make It Rain|p1a: Pipi
|-activate|p1a: Pipi|move: Protect
|
|-heal|p1a: Pipi|35/100 brn|[from] item: Leftovers
|upkeep
|turn|36
|
|t:|1760415467
|move|p2a: Gholdengo|Make It Rain|p1a: Pipi
|-supereffective|p1a: Pipi
|-crit|p1a: Pipi
|-damage|p1a: Pipi|0 fnt
|-unboost|p2a: Gholdengo|spa|1
|faint|p1a: Pipi
|
|upkeep
|
|t:|1760415473
|switch|p1a: Weezing|Weezing-Galar, F|100/100
|turn|37
|
|t:|1760415480
|switch|p2a: Alomomola|Alomomola, F|56/100 tox
|move|p1a: Weezing|Protect||[still]
|-fail|p1a: Weezing
|
|-heal|p2a: Alomomola|62/100 tox|[from] item: Leftovers
|-damage|p2a: Alomomola|56/100 tox|[from] psn
|upkeep
|turn|38
|
|t:|1760415490
|move|p1a: Weezing|Play Rough|p2a: Alomomola
|-damage|p2a: Alomomola|40/100 tox
|move|p2a: Alomomola|Flip Turn|p1a: Weezing
|-damage|p1a: Weezing|90/100
|
|t:|1760415494
|switch|p2a: Slowking|Slowking-Galar, M|64/100 brn|[from] Flip Turn
|
|-heal|p1a: Weezing|96/100|[from] item: Leftovers
|-damage|p2a: Slowking|58/100 brn|[from] brn
|upkeep
|turn|39
|
|t:|1760415501
|switch|p2a: Alomomola|Alomomola, F|74/100 tox
|move|p1a: Weezing|Play Rough|p2a: Alomomola
|-crit|p2a: Alomomola
|-damage|p2a: Alomomola|52/100 tox
|
|-heal|p1a: Weezing|100/100|[from] item: Leftovers
|-heal|p2a: Alomomola|58/100 tox|[from] item: Leftovers
|-damage|p2a: Alomomola|52/100 tox|[from] psn
|upkeep
|turn|40
|
|t:|1760415512
|move|p1a: Weezing|Defog|p2a: Alomomola
|-unboost|p2a: Alomomola|evasion|1
|move|p2a: Alomomola|Wish|p2a: Alomomola
|
|-heal|p2a: Alomomola|58/100 tox|[from] item: Leftovers
|-damage|p2a: Alomomola|46/100 tox|[from] psn
|upkeep
|turn|41
|
|t:|1760415520
|switch|p2a: Slowking|Slowking-Galar, M|91/100 brn
|move|p1a: Weezing|Play Rough|p2a: Slowking
|-resisted|p2a: Slowking
|-damage|p2a: Slowking|76/100 brn
|
|-heal|p2a: Slowking|100/100 brn|[from] move: Wish|[wisher] Alomomola
|-damage|p2a: Slowking|94/100 brn|[from] brn
|upkeep
|turn|42
|
|t:|1760415535
|move|p1a: Weezing|Defog|p2a: Slowking
|-unboost|p2a: Slowking|evasion|1
|move|p2a: Slowking|Trick|p1a: Weezing
|-activate|p2a: Slowking|move: Trick|[of] p1a: Weezing
|-item|p1a: Weezing|Flame Orb|[from] move: Trick
|-item|p2a: Slowking|Leftovers|[from] move: Trick
|
|-heal|p2a: Slowking|100/100 brn|[from] item: Leftovers
|-damage|p2a: Slowking|94/100 brn|[from] brn
|-status|p1a: Weezing|brn|[from] item: Flame Orb
|upkeep
|turn|43
|c|☆randalboy|GGs I guess?
|c|☆randalboy|not sure tho
|
|t:|1760415549
|move|p1a: Weezing|Play Rough|p2a: Slowking
|-resisted|p2a: Slowking
|-crit|p2a: Slowking
|-damage|p2a: Slowking|84/100 brn
|move|p2a: Slowking|Future Sight|p1a: Weezing
|-start|p2a: Slowking|move: Future Sight
|
|-heal|p2a: Slowking|90/100 brn|[from] item: Leftovers
|-damage|p1a: Weezing|95/100 brn|[from] brn
|-damage|p2a: Slowking|84/100 brn|[from] brn
|upkeep
|turn|44
|c|☆randalboy|It is still a pretty solid team ngl
|
|t:|1760415560
|switch|p2a: Alomomola|Alomomola, F|79/100 tox
|move|p1a: Weezing|Protect||[still]
|-fail|p1a: Weezing
|
|-heal|p2a: Alomomola|86/100 tox|[from] item: Leftovers
|-damage|p2a: Alomomola|79/100 tox|[from] psn
|-damage|p1a: Weezing|89/100 brn|[from] brn
|upkeep
|turn|45
|c|☆hugolpm|thx
|c|☆randalboy|np!
|c|☆hugolpm|gholdengo is a problem
|inactive|hugolpm has 120 seconds left.
|c|☆randalboy|Good luck in your f uture matches btw. I feel the team is pretty nice!
|c|☆hugolpm|it and gargnacle
|c|☆randalboy|well for garganacle
|
|t:|1760415597
|move|p1a: Weezing|Play Rough|p2a: Alomomola
|-damage|p2a: Alomomola|72/100 tox
|move|p2a: Alomomola|Wish|p2a: Alomomola
|
|-end|p1a: Weezing|move: Future Sight
|-supereffective|p1a: Weezing
|-crit|p1a: Weezing
|-damage|p1a: Weezing|0 fnt
|faint|p1a: Weezing
|
|win|randalboy
|raw|hugolpm's rating: 1250 &rarr; <strong>1225</strong><br />(-25 for losing)
|raw|randalboy's rating: 1247 &rarr; <strong>1272</strong><br />(+25 for winning)
|c|☆randalboy|I think you usually equip a trick user
|c|☆randalboy|that's what I did with gholdengo
|c|☆randalboy|cuz they usually terastal water
|c|☆randalboy|to avoid make it rain
|c|☆randalboy|so I just use trick gholdengho for that
|c|☆hugolpm|i can never beat them
|c|☆hugolpm|and I hate gholdengo
|c|☆randalboy|yeah they're annoying
|c|☆hugolpm|well
|c|☆hugolpm|thx for the tip
|c|☆randalboy|but once you find a way to troll them, then it becomes funny to see them trying to do stuff
|c|☆randalboy|np!
|c|☆randalboy|remember
|c|☆randalboy|anything like trick might work
|c|☆randalboy|as they usually don't expect that
|c|☆randalboy|so see if that works
|c|☆hugolpm|i have trick
|c|☆randalboy|anyways good luck in future matches!
|c|☆randalboy|yeah
|c|☆hugolpm|on my clefable
|c|☆randalboy|oh
|c|☆randalboy|yeah but
|c|☆randalboy|maybe something they don't usually expect
|c|☆randalboy|that's how you counter that annoying guy
|c|☆hugolpm|yup
|c|☆randalboy|that's why
|c|☆hugolpm|rematch?
|c|☆randalboy|I usually carry 2 trick users
|c|☆randalboy|well
|c|☆randalboy|yeah
|c|☆randalboy|dunno how to send those
|l|☆hugolpm
|player|p1|
