|j|☆Tyrolini
|j|☆saint246
|t:|1760429332
|gametype|singles
|player|p1|Tyrolini|iris|1118
|player|p2|saint246|266|1138
|gen|9
|tier|[Gen 9] OU
|rated|
|rule|HP Percentage Mod: HP is shown in percentages
|rule|Endless Battle Clause: Forcing endless battles is banned
|rule|Species Clause: Limit one of each Pokémon
|rule|OHKO Clause: OHKO moves are banned
|rule|Evasion Items Clause: Evasion items are banned
|rule|Evasion Moves Clause: Evasion moves are banned
|rule|Evasion Abilities Clause: Evasion abilities are banned
|rule|Sleep Moves Clause: Sleep-inducing moves are banned
|clearpoke
|poke|p1|Torkoal, M|
|poke|p1|Venusaur, F|
|poke|p1|Walking Wake|
|poke|p1|Hatterene, F|
|poke|p1|Kingambit, M|
|poke|p1|Dragapult, M|
|poke|p2|Zoroark-Hisui, M|
|poke|p2|Grimmsnarl, M|
|poke|p2|Iron Treads|
|poke|p2|Jirachi|
|poke|p2|Galvantula, M|
|poke|p2|Mew|
|teampreview
|
|t:|1760429365
|teamsize|p1|6
|teamsize|p2|6
|start
|switch|p1a: God Himself.|Torkoal, M, shiny|100/100
|switch|p2a: Grimmsnarl|Grimmsnarl, M|100/100
|-weather|SunnyDay|[from] ability: Drought|[of] p1a: God Himself.
|turn|1
|
|t:|1760429399
|switch|p1a: Chlorophyllist|Venusaur, F, shiny|100/100
|move|p2a: Grimmsnarl|Bulk Up|p2a: Grimmsnarl
|-boost|p2a: Grimmsnarl|atk|1
|-boost|p2a: Grimmsnarl|def|1
|
|-weather|SunnyDay|[upkeep]
|upkeep
|turn|2
|
|t:|1760429407
|move|p2a: Grimmsnarl|Substitute|p2a: Grimmsnarl
|-start|p2a: Grimmsnarl|Substitute
|-damage|p2a: Grimmsnarl|76/100
|move|p1a: Chlorophyllist|Growth|p1a: Chlorophyllist
|-boost|p1a: Chlorophyllist|atk|2
|-boost|p1a: Chlorophyllist|spa|2
|
|-weather|SunnyDay|[upkeep]
|-heal|p2a: Grimmsnarl|82/100|[from] item: Leftovers
|upkeep
|turn|3
|
|t:|1760429415
|move|p2a: Grimmsnarl|Bulk Up|p2a: Grimmsnarl
|-boost|p2a: Grimmsnarl|atk|1
|-boost|p2a: Grimmsnarl|def|1
|move|p1a: Chlorophyllist|Sludge Bomb|p2a: Grimmsnarl
|-supereffective|p2a: Grimmsnarl
|-end|p2a: Grimmsnarl|Substitute
|-damage|p1a: Chlorophyllist|91/100|[from] item: Life Orb
|
|-weather|SunnyDay|[upkeep]
|-heal|p2a: Grimmsnarl|88/100|[from] item: Leftovers
|upkeep
|turn|4
|
|t:|1760429424
|move|p2a: Grimmsnarl|Sucker Punch|p1a: Chlorophyllist
|-damage|p1a: Chlorophyllist|0 fnt
|faint|p1a: Chlorophyllist
|
|-weather|SunnyDay|[upkeep]
|-heal|p2a: Grimmsnarl|94/100|[from] item: Leftovers
|upkeep
|
|t:|1760429430
|switch|p1a: Intimidation|Kingambit, M, shiny|100/100
|-activate|p1a: Intimidation|ability: Supreme Overlord
|-start|p1a: Intimidation|fallen1|[silent]
|-item|p1a: Intimidation|Air Balloon
|turn|5
|
|t:|1760429444
|-terastallize|p2a: Grimmsnarl|Fire
|move|p2a: Grimmsnarl|Bulk Up|p2a: Grimmsnarl
|-boost|p2a: Grimmsnarl|atk|1
|-boost|p2a: Grimmsnarl|def|1
|move|p1a: Intimidation|Kowtow Cleave|p2a: Grimmsnarl
|-damage|p2a: Grimmsnarl|65/100
|
|-weather|SunnyDay|[upkeep]
|-heal|p2a: Grimmsnarl|71/100|[from] item: Leftovers
|upkeep
|turn|6
|-message|Tyrolini forfeited.
|
|win|saint246
|raw|Tyrolini's rating: 1118 &rarr; <strong>1094</strong><br />(-24 for losing)
|raw|saint246's rating: 1138 &rarr; <strong>1162</strong><br />(+24 for winning)
|l|☆Tyrolini
|player|p1|
|l|☆saint246
|player|p2|
