|j|‽Morthill
|j|☆dmvortex38
|t:|1760406362
|gametype|singles
|player|p1|Morthill|265|1315
|player|p2|dmvortex38|101|1331
|gen|9
|tier|[Gen 9] OU
|rated|
|rule|HP Percentage Mod: HP is shown in percentages
|rule|Endless Battle Clause: Forcing endless battles is banned
|rule|Species Clause: Limit one of each Pokémon
|rule|OHKO Clause: OHKO moves are banned
|rule|Evasion Items Clause: Evasion items are banned
|rule|Evasion Moves Clause: Evasion moves are banned
|rule|Evasion Abilities Clause: Evasion abilities are banned
|rule|Sleep Moves Clause: Sleep-inducing moves are banned
|clearpoke
|poke|p1|Slowking-Galar, M|
|poke|p1|Ninetales-Alola, M|
|poke|p1|Cetitan, M|
|poke|p1|Frosmoth, M|
|poke|p1|Avalugg, M|
|poke|p1|Kyurem|
|poke|p2|Zamazenta-*|
|poke|p2|Gholdengo|
|poke|p2|Rillaboom, F|
|poke|p2|Landorus-Therian, M|
|poke|p2|Cinderace, M|
|poke|p2|Samurott-Hisui, M|
|teampreview
|inactive|Battle timer is ON: inactive players will automatically lose when time's up. (requested by dmvortex38)
|inactive|Morthill also wants the timer to be on.
|
|t:|1760406370
|teamsize|p1|6
|teamsize|p2|6
|start
|switch|p1a: Ninetales|Ninetales-Alola, M|100/100
|switch|p2a: Gholdengo|Gholdengo|100/100
|-weather|Snowscape|[from] ability: Snow Warning|[of] p1a: Ninetales
|turn|1
|
|t:|1760406375
|move|p2a: Gholdengo|Make It Rain|p1a: Ninetales
|-supereffective|p1a: Ninetales
|-damage|p1a: Ninetales|0 fnt
|-unboost|p2a: Gholdengo|spa|1
|faint|p1a: Ninetales
|
|-weather|Snowscape|[upkeep]
|upkeep
|
|t:|1760406380
|switch|p1a: Frosmoth|Frosmoth, M, shiny|100/100
|turn|2
|
|t:|1760406385
|switch|p2a: Cinderace|Cinderace, M|100/100
|-terastallize|p1a: Frosmoth|Ground
|move|p1a: Frosmoth|Quiver Dance|p1a: Frosmoth
|-boost|p1a: Frosmoth|spa|1
|-boost|p1a: Frosmoth|spd|1
|-boost|p1a: Frosmoth|spe|1
|
|-weather|Snowscape|[upkeep]
|upkeep
|turn|3
|
|t:|1760406394
|switch|p1a: Avalugg|Avalugg, M, shiny|100/100
|move|p2a: Cinderace|Pyro Ball|p1a: Avalugg
|-supereffective|p1a: Avalugg
|-damage|p1a: Avalugg|67/100
|
|-weather|Snowscape|[upkeep]
|-heal|p1a: Avalugg|73/100|[from] ability: Ice Body
|upkeep
|turn|4
|
|t:|1760406399
|move|p2a: Cinderace|U-turn|p1a: Avalugg
|-start|p2a: Cinderace|typechange|Bug|[from] ability: Libero
|-damage|p1a: Avalugg|63/100
|-damage|p2a: Cinderace|84/100|[from] item: Rocky Helmet|[of] p1a: Avalugg
|inactive|dmvortex38 has 120 seconds left.
|
|t:|1760406433
|switch|p2a: Gholdengo|Gholdengo|100/100|[from] U-turn
|move|p1a: Avalugg|Aurora Veil|p1a: Avalugg
|-sidestart|p1: Morthill|move: Aurora Veil
|
|-weather|Snowscape|[upkeep]
|-heal|p1a: Avalugg|69/100|[from] ability: Ice Body
|upkeep
|turn|5
|
|t:|1760406439
|switch|p1a: Frosmoth|Frosmoth, M, shiny, tera:Ground|100/100
|move|p2a: Gholdengo|Make It Rain|p1a: Frosmoth
|-damage|p1a: Frosmoth|86/100
|-unboost|p2a: Gholdengo|spa|1
|
|-weather|Snowscape|[upkeep]
|upkeep
|turn|6
|
|t:|1760406445
|switch|p2a: Rillaboom|Rillaboom, F|100/100
|-fieldstart|move: Grassy Terrain|[from] ability: Grassy Surge|[of] p2a: Rillaboom
|move|p1a: Frosmoth|Tera Blast|p2a: Rillaboom|[anim] Tera Blast Ground
|-resisted|p2a: Rillaboom
|-damage|p2a: Rillaboom|75/100
|
|-weather|Snowscape|[upkeep]
|-heal|p2a: Rillaboom|81/100|[from] Grassy Terrain
|-heal|p1a: Frosmoth|92/100|[from] Grassy Terrain
|upkeep
|turn|7
|
|t:|1760406453
|switch|p1a: Avalugg|Avalugg, M, shiny|69/100
|move|p2a: Rillaboom|Wood Hammer|p1a: Avalugg
|-damage|p1a: Avalugg|51/100
|-damage|p2a: Rillaboom|65/100|[from] item: Rocky Helmet|[of] p1a: Avalugg
|-damage|p2a: Rillaboom|58/100|[from] Recoil
|
|-weather|Snowscape|[upkeep]
|-heal|p1a: Avalugg|57/100|[from] ability: Ice Body
|-heal|p2a: Rillaboom|64/100|[from] Grassy Terrain
|-heal|p1a: Avalugg|63/100|[from] Grassy Terrain
|upkeep
|turn|8
|
|t:|1760406469
|switch|p2a: Landorus|Landorus-Therian, M|100/100
|-ability|p2a: Landorus|Intimidate|boost
|-unboost|p1a: Avalugg|atk|1
|move|p1a: Avalugg|Body Press|p2a: Landorus
|-resisted|p2a: Landorus
|-crit|p2a: Landorus
|-damage|p2a: Landorus|72/100
|-damage|p1a: Avalugg|46/100|[from] item: Rocky Helmet|[of] p2a: Landorus
|
|-weather|none
|-heal|p1a: Avalugg|53/100|[from] Grassy Terrain
|-sideend|p1: Morthill|move: Aurora Veil
|upkeep
|turn|9
|
|t:|1760406481
|switch|p1a: Kyurem|Kyurem|100/100
|-ability|p1a: Kyurem|Pressure
|move|p2a: Landorus|Taunt|p1a: Kyurem
|-start|p1a: Kyurem|move: Taunt
|
|upkeep
|turn|10
|
|t:|1760406492
|switch|p2a: Zamazenta|Zamazenta|100/100
|-ability|p2a: Zamazenta|Dauntless Shield|boost
|-boost|p2a: Zamazenta|def|1
|move|p1a: Kyurem|Ice Beam|p2a: Zamazenta
|-damage|p2a: Zamazenta|62/100
|
|-heal|p2a: Zamazenta|69/100|[from] Grassy Terrain
|-heal|p2a: Zamazenta|75/100|[from] item: Leftovers
|-fieldend|move: Grassy Terrain
|upkeep
|turn|11
|
|t:|1760406498
|move|p2a: Zamazenta|Iron Defense|p2a: Zamazenta
|-boost|p2a: Zamazenta|def|2
|move|p1a: Kyurem|Draco Meteor|p2a: Zamazenta
|-damage|p2a: Zamazenta|13/100
|-unboost|p1a: Kyurem|spa|2
|
|-heal|p2a: Zamazenta|20/100|[from] item: Leftovers
|-end|p1a: Kyurem|move: Taunt
|upkeep
|turn|12
|
|t:|1760406505
|move|p2a: Zamazenta|Body Press|p1a: Kyurem
|-supereffective|p1a: Kyurem
|-damage|p1a: Kyurem|0 fnt
|faint|p1a: Kyurem
|
|-heal|p2a: Zamazenta|26/100|[from] item: Leftovers
|upkeep
|
|t:|1760406511
|switch|p1a: Slowking|Slowking-Galar, M|100/100
|turn|13
|
|t:|1760406516
|move|p2a: Zamazenta|Crunch|p1a: Slowking
|-supereffective|p1a: Slowking
|-damage|p1a: Slowking|52/100
|-unboost|p1a: Slowking|def|1
|move|p1a: Slowking|Flamethrower|p2a: Zamazenta
|-damage|p2a: Zamazenta|0 fnt
|faint|p2a: Zamazenta
|
|upkeep
|
|t:|1760406524
|switch|p2a: Samurott|Samurott-Hisui, M|100/100
|turn|14
|
|t:|1760406526
|switch|p1a: Avalugg|Avalugg, M, shiny|53/100
|move|p2a: Samurott|Ceaseless Edge|p1a: Avalugg|[miss]
|-miss|p2a: Samurott|p1a: Avalugg
|
|upkeep
|turn|15
|
|t:|1760406533
|move|p2a: Samurott|Knock Off|p1a: Avalugg
|-damage|p1a: Avalugg|35/100
|-damage|p2a: Samurott|84/100|[from] item: Rocky Helmet|[of] p1a: Avalugg
|-enditem|p1a: Avalugg|Rocky Helmet|[from] move: Knock Off|[of] p2a: Samurott
|move|p1a: Avalugg|Body Press|p2a: Samurott
|-supereffective|p2a: Samurott
|-damage|p2a: Samurott|0 fnt
|faint|p2a: Samurott
|
|upkeep
|
|t:|1760406560
|switch|p2a: Gholdengo|Gholdengo|100/100
|turn|16
|
|t:|1760406574
|switch|p1a: Frosmoth|Frosmoth, M, shiny, tera:Ground|92/100
|move|p2a: Gholdengo|Make It Rain|p1a: Frosmoth
|-damage|p1a: Frosmoth|66/100
|-unboost|p2a: Gholdengo|spa|1
|
|upkeep
|turn|17
|
|t:|1760406584
|switch|p2a: Cinderace|Cinderace, M|84/100
|move|p1a: Frosmoth|Tera Blast|p2a: Cinderace|[anim] Tera Blast Ground
|-supereffective|p2a: Cinderace
|-damage|p2a: Cinderace|0 fnt
|faint|p2a: Cinderace
|
|upkeep
|
|t:|1760406590
|switch|p2a: Rillaboom|Rillaboom, F|64/100
|-fieldstart|move: Grassy Terrain|[from] ability: Grassy Surge|[of] p2a: Rillaboom
|turn|18
|
|t:|1760406597
|switch|p1a: Slowking|Slowking-Galar, M|85/100
|move|p2a: Rillaboom|Knock Off|p1a: Slowking
|-supereffective|p1a: Slowking
|-damage|p1a: Slowking|0 fnt
|-enditem|p1a: Slowking|Assault Vest|[from] move: Knock Off|[of] p2a: Rillaboom
|faint|p1a: Slowking
|
|-heal|p2a: Rillaboom|70/100|[from] Grassy Terrain
|upkeep
|
|t:|1760406605
|switch|p1a: Cetitan|Cetitan, M, shiny|100/100
|turn|19
|
|t:|1760406612
|switch|p2a: Landorus|Landorus-Therian, M|72/100
|-ability|p2a: Landorus|Intimidate|boost
|-unboost|p1a: Cetitan|atk|1
|move|p1a: Cetitan|Belly Drum|p1a: Cetitan
|-damage|p1a: Cetitan|50/100
|-setboost|p1a: Cetitan|atk|6|[from] move: Belly Drum
|-enditem|p1a: Cetitan|Sitrus Berry|[eat]
|-heal|p1a: Cetitan|75/100|[from] item: Sitrus Berry
|
|-heal|p1a: Cetitan|82/100|[from] Grassy Terrain
|upkeep
|turn|20
|
|t:|1760406639
|-terastallize|p2a: Landorus|Water
|move|p1a: Cetitan|Ice Shard|p2a: Landorus
|-resisted|p2a: Landorus
|-damage|p2a: Landorus|34/100
|move|p2a: Landorus|Earth Power|p1a: Cetitan
|-damage|p1a: Cetitan|43/100
|
|-heal|p2a: Landorus|40/100|[from] Grassy Terrain
|-heal|p1a: Cetitan|50/100|[from] Grassy Terrain
|upkeep
|turn|21
|inactive|dmvortex38 has 120 seconds left.
|
|t:|1760406661
|move|p2a: Landorus|Earth Power|p1a: Cetitan
|-crit|p1a: Cetitan
|-damage|p1a: Cetitan|0 fnt
|faint|p1a: Cetitan
|
|-heal|p2a: Landorus|46/100|[from] Grassy Terrain
|upkeep
|
|t:|1760406667
|switch|p1a: Frosmoth|Frosmoth, M, shiny, tera:Ground|66/100
|turn|22
|
|t:|1760406673
|move|p2a: Landorus|Taunt|p1a: Frosmoth
|-start|p1a: Frosmoth|move: Taunt
|move|p1a: Frosmoth|Ice Beam|p2a: Landorus
|-resisted|p2a: Landorus
|-damage|p2a: Landorus|21/100
|
|-heal|p2a: Landorus|27/100|[from] Grassy Terrain
|-heal|p1a: Frosmoth|72/100|[from] Grassy Terrain
|-fieldend|move: Grassy Terrain
|upkeep
|turn|23
|
|t:|1760406684
|move|p2a: Landorus|Stealth Rock|p1a: Frosmoth
|-sidestart|p1: Morthill|move: Stealth Rock
|move|p1a: Frosmoth|Giga Drain|p2a: Landorus
|-supereffective|p2a: Landorus
|-damage|p2a: Landorus|0 fnt
|-heal|p1a: Frosmoth|89/100|[from] drain|[of] p2a: Landorus
|faint|p2a: Landorus
|
|upkeep
|
|t:|1760406689
|switch|p2a: Rillaboom|Rillaboom, F|70/100
|-fieldstart|move: Grassy Terrain|[from] ability: Grassy Surge|[of] p2a: Rillaboom
|turn|24
|
|t:|1760406692
|switch|p1a: Avalugg|Avalugg, M, shiny|35/100
|-damage|p1a: Avalugg|10/100|[from] Stealth Rock
|move|p2a: Rillaboom|Wood Hammer|p1a: Avalugg
|-damage|p1a: Avalugg|0 fnt
|faint|p1a: Avalugg
|-damage|p2a: Rillaboom|66/100|[from] Recoil
|
|-heal|p2a: Rillaboom|73/100|[from] Grassy Terrain
|upkeep
|
|t:|1760406695
|switch|p1a: Frosmoth|Frosmoth, M, shiny, tera:Ground|89/100
|turn|25
|
|t:|1760406706
|move|p2a: Rillaboom|Wood Hammer|p1a: Frosmoth
|-supereffective|p1a: Frosmoth
|-damage|p1a: Frosmoth|0 fnt
|faint|p1a: Frosmoth
|-damage|p2a: Rillaboom|47/100|[from] Recoil
|
|win|dmvortex38
|raw|Morthill's rating: 1315 &rarr; <strong>1296</strong><br />(-19 for losing)
|raw|dmvortex38's rating: 1331 &rarr; <strong>1350</strong><br />(+19 for winning)
|l|‽Morthill
|player|p1|
|l|☆dmvortex38
|player|p2|
