|j|‽OehtWasHere
|j|☆drop a baby
|t:|1760461908
|gametype|singles
|player|p1|OehtWasHere|chase|1685
|player|p2|drop a baby|chase|1851
|gen|9
|tier|[Gen 9] OU
|rated|
|rule|HP Percentage Mod: HP is shown in percentages
|rule|Endless Battle Clause: Forcing endless battles is banned
|rule|Species Clause: Limit one of each Pokémon
|rule|OHKO Clause: OHKO moves are banned
|rule|Evasion Items Clause: Evasion items are banned
|rule|Evasion Moves Clause: Evasion moves are banned
|rule|Evasion Abilities Clause: Evasion abilities are banned
|rule|Sleep Moves Clause: Sleep-inducing moves are banned
|clearpoke
|poke|p1|Ribombee, F|
|poke|p1|Gholdengo|
|poke|p1|Iron Moth|
|poke|p1|Great Tusk|
|poke|p1|Iron Valiant|
|poke|p1|Dragapult, M|
|poke|p2|Darkrai|
|poke|p2|Deoxys-Speed|
|poke|p2|Raging Bolt|
|poke|p2|Kingambit, M|
|poke|p2|Iron Valiant|
|poke|p2|Great Tusk|
|teampreview
|inactive|Battle timer is ON: inactive players will automatically lose when time's up. (requested by OehtWasHere)
|
|t:|1760461913
|teamsize|p1|6
|teamsize|p2|6
|start
|switch|p1a: Ribombee|Ribombee, F|100/100
|switch|p2a: Deoxys|Deoxys-Speed|100/100
|-ability|p2a: Deoxys|Pressure
|turn|1
|c|☆drop a baby|Hf twin
|
|t:|1760461921
|move|p2a: Deoxys|Taunt|p1a: Ribombee
|-start|p1a: Ribombee|move: Taunt
|move|p1a: Ribombee|Moonblast|p2a: Deoxys
|-damage|p2a: Deoxys|40/100
|
|upkeep
|turn|2
|
|t:|1760461930
|move|p2a: Deoxys|Stealth Rock|p1a: Ribombee
|-sidestart|p1: OehtWasHere|move: Stealth Rock
|move|p1a: Ribombee|Moonblast|p2a: Deoxys
|-damage|p2a: Deoxys|0 fnt
|faint|p2a: Deoxys
|
|upkeep
|
|t:|1760461934
|switch|p2a: Darkrai|Darkrai|100/100
|turn|3
|
|t:|1760461941
|move|p2a: Darkrai|Sludge Bomb|p1a: Ribombee
|-supereffective|p1a: Ribombee
|-enditem|p1a: Ribombee|Focus Sash
|-damage|p1a: Ribombee|1/100
|move|p1a: Ribombee|Moonblast|p2a: Darkrai
|-supereffective|p2a: Darkrai
|-enditem|p2a: Darkrai|Focus Sash
|-damage|p2a: Darkrai|1/100
|
|-end|p1a: Ribombee|move: Taunt
|upkeep
|turn|4
|
|t:|1760461948
|switch|p1a: Great Tusk|Great Tusk|100/100
|move|p2a: Darkrai|Dark Pulse|p1a: Great Tusk
|-resisted|p1a: Great Tusk
|-damage|p1a: Great Tusk|68/100
|
|upkeep
|turn|5
|
|t:|1760461951
|move|p2a: Darkrai|Ice Beam|p1a: Great Tusk
|-supereffective|p1a: Great Tusk
|-damage|p1a: Great Tusk|0 fnt
|faint|p1a: Great Tusk
|-end|p1a: Great Tusk|Protosynthesis|[silent]
|
|upkeep
|
|t:|1760461953
|switch|p1a: Dragapult|Dragapult, M|100/100
|-damage|p1a: Dragapult|88/100|[from] Stealth Rock
|turn|6
|
|t:|1760461957
|move|p1a: Dragapult|Dragon Darts|p2a: Darkrai
|-damage|p2a: Darkrai|0 fnt
|faint|p2a: Darkrai
|-damage|p1a: Dragapult|78/100|[from] item: Life Orb
|
|upkeep
|
|t:|1760461958
|switch|p2a: Iron Valiant|Iron Valiant|100/100
|-enditem|p2a: Iron Valiant|Booster Energy
|-activate|p2a: Iron Valiant|ability: Quark Drive|[fromitem]
|-start|p2a: Iron Valiant|quarkdrivespe
|turn|7
|
|t:|1760461961
|switch|p1a: Ribombee|Ribombee, F|1/100
|-damage|p1a: Ribombee|0 fnt|[from] Stealth Rock
|faint|p1a: Ribombee
|move|p2a: Iron Valiant|Calm Mind|p2a: Iron Valiant
|-boost|p2a: Iron Valiant|spa|1
|-boost|p2a: Iron Valiant|spd|1
|
|upkeep
|
|t:|1760461965
|switch|p1a: Gholdengo|Gholdengo|100/100
|-damage|p1a: Gholdengo|94/100|[from] Stealth Rock
|-item|p1a: Gholdengo|Air Balloon
|turn|8
|
|t:|1760461969
|-terastallize|p2a: Iron Valiant|Ghost
|move|p2a: Iron Valiant|Shadow Ball|p1a: Gholdengo
|-supereffective|p1a: Gholdengo
|-damage|p1a: Gholdengo|0 fnt
|-enditem|p1a: Gholdengo|Air Balloon
|faint|p1a: Gholdengo
|
|upkeep
|
|t:|1760461979
|switch|p1a: Iron Moth|Iron Moth|100/100
|-damage|p1a: Iron Moth|76/100|[from] Stealth Rock
|-enditem|p1a: Iron Moth|Booster Energy
|-activate|p1a: Iron Moth|ability: Quark Drive|[fromitem]
|-start|p1a: Iron Moth|quarkdrivespa
|turn|9
|
|t:|1760461982
|move|p2a: Iron Valiant|Shadow Ball|p1a: Iron Moth
|-crit|p1a: Iron Moth
|-damage|p1a: Iron Moth|0 fnt
|faint|p1a: Iron Moth
|-end|p1a: Iron Moth|Quark Drive|[silent]
|
|upkeep
|
|t:|1760461989
|switch|p1a: Dragapult|Dragapult, M|78/100
|-damage|p1a: Dragapult|66/100|[from] Stealth Rock
|turn|10
|
|t:|1760462002
|-terastallize|p1a: Dragapult|Fire
|move|p2a: Iron Valiant|Shadow Ball|p1a: Dragapult
|-damage|p1a: Dragapult|0 fnt
|faint|p1a: Dragapult
|
|upkeep
|-message|OehtWasHere forfeited.
|
|win|drop a baby
|raw|OehtWasHere's rating: 1685 &rarr; <strong>1674</strong><br />(-11 for losing)
|raw|drop a baby's rating: 1851 &rarr; <strong>1862</strong><br />(+11 for winning)
|l|‽OehtWasHere
|player|p1|
|l|☆drop a baby
|player|p2|
