|j|☆obezer
|j|☆Stalphyr
|t:|1760452559
|gametype|singles
|player|p1|obezer|101|1178
|player|p2|Stalphyr|169|1201
|gen|9
|tier|[Gen 9] OU
|rated|
|rule|HP Percentage Mod: HP is shown in percentages
|rule|Endless Battle Clause: Forcing endless battles is banned
|rule|Species Clause: Limit one of each Pokémon
|rule|OHKO Clause: OHKO moves are banned
|rule|Evasion Items Clause: Evasion items are banned
|rule|Evasion Moves Clause: Evasion moves are banned
|rule|Evasion Abilities Clause: Evasion abilities are banned
|rule|Sleep Moves Clause: Sleep-inducing moves are banned
|clearpoke
|poke|p1|Kleavor, F|
|poke|p1|Rillaboom, F|
|poke|p1|Slowking-Galar, F|
|poke|p1|Sinistcha|
|poke|p1|Talonflame, M|
|poke|p1|Bellibolt, F|
|poke|p2|Golurk|
|poke|p2|Ursaluna, M|
|poke|p2|Iron Moth|
|poke|p2|Kyurem|
|poke|p2|Scizor, M|
|poke|p2|Iron Jugulis|
|teampreview
|
|t:|1760452569
|teamsize|p1|6
|teamsize|p2|6
|start
|switch|p1a: Rillaboom|Rillaboom, F|100/100
|switch|p2a: Golurk|Golurk, shiny|100/100
|-fieldstart|move: Grassy Terrain|[from] ability: Grassy Surge|[of] p1a: Rillaboom
|turn|1
|inactive|Battle timer is ON: inactive players will automatically lose when time's up. (requested by Stalphyr)
|
|t:|1760452578
|move|p1a: Rillaboom|Drum Beating|p2a: Golurk
|-supereffective|p2a: Golurk
|-damage|p2a: Golurk|0 fnt
|faint|p2a: Golurk
|-damage|p1a: Rillaboom|91/100|[from] item: Life Orb
|
|-heal|p1a: Rillaboom|97/100|[from] Grassy Terrain
|upkeep
|
|t:|1760452581
|switch|p2a: Scizor|Scizor, M|100/100
|turn|2
|
|t:|1760452587
|switch|p1a: Talonflame|Talonflame, M|100/100
|move|p2a: Scizor|U-turn|p1a: Talonflame
|-resisted|p1a: Talonflame
|-damage|p1a: Talonflame|92/100
|-status|p2a: Scizor|brn|[from] ability: Flame Body|[of] p1a: Talonflame
|
|t:|1760452594
|switch|p2a: Iron Jugulis|Iron Jugulis|100/100|[from] U-turn
|
|upkeep
|turn|3
|
|t:|1760452601
|switch|p1a: Bellibolt|Bellibolt, F|100/100
|move|p2a: Iron Jugulis|Meteor Beam||[still]
|-prepare|p2a: Iron Jugulis|Meteor Beam
|-boost|p2a: Iron Jugulis|spa|1
|-enditem|p2a: Iron Jugulis|Power Herb
|-anim|p2a: Iron Jugulis|Meteor Beam|p1a: Bellibolt
|-damage|p1a: Bellibolt|68/100
|-start|p1a: Bellibolt|Charge|Meteor Beam|[from] ability: Electromorphosis
|
|-heal|p1a: Bellibolt|74/100|[from] Grassy Terrain
|upkeep
|turn|4
|
|t:|1760452618
|move|p2a: Iron Jugulis|Earth Power|p1a: Bellibolt
|-supereffective|p1a: Bellibolt
|-damage|p1a: Bellibolt|21/100
|-start|p1a: Bellibolt|Charge|Earth Power|[from] ability: Electromorphosis
|move|p1a: Bellibolt|Parabolic Charge|p2a: Iron Jugulis
|-supereffective|p2a: Iron Jugulis
|-damage|p2a: Iron Jugulis|0 fnt
|-heal|p1a: Bellibolt|63/100|[from] drain|[of] p2a: Iron Jugulis
|faint|p2a: Iron Jugulis
|-end|p2a: Iron Jugulis|Quark Drive|[silent]
|-end|p1a: Bellibolt|Charge|[silent]
|
|-heal|p1a: Bellibolt|69/100|[from] Grassy Terrain
|upkeep
|
|t:|1760452624
|switch|p2a: Ursaluna|Ursaluna, M|100/100
|turn|5
|
|t:|1760452632
|switch|p1a: Sinistcha|Sinistcha|100/100
|move|p2a: Ursaluna|Earthquake|p1a: Sinistcha
|-resisted|p1a: Sinistcha
|-damage|p1a: Sinistcha|89/100
|
|-heal|p1a: Sinistcha|95/100|[from] Grassy Terrain
|-fieldend|move: Grassy Terrain
|-status|p2a: Ursaluna|brn|[from] item: Flame Orb
|upkeep
|turn|6
|
|t:|1760452640
|move|p1a: Sinistcha|Matcha Gotcha|p2a: Ursaluna
|-supereffective|p2a: Ursaluna
|-damage|p2a: Ursaluna|41/100 brn
|-heal|p1a: Sinistcha|100/100|[from] drain|[of] p2a: Ursaluna
|move|p2a: Ursaluna|Ice Punch|p1a: Sinistcha
|-supereffective|p1a: Sinistcha
|-damage|p1a: Sinistcha|39/100
|
|-damage|p2a: Ursaluna|35/100 brn|[from] brn
|upkeep
|turn|7
|
|t:|1760452650
|move|p1a: Sinistcha|Strength Sap|p2a: Ursaluna
|-unboost|p2a: Ursaluna|atk|1
|-heal|p1a: Sinistcha|100/100
|move|p2a: Ursaluna|Ice Punch|p1a: Sinistcha
|-supereffective|p1a: Sinistcha
|-damage|p1a: Sinistcha|61/100
|
|-damage|p2a: Ursaluna|29/100 brn|[from] brn
|upkeep
|turn|8
|
|t:|1760452664
|move|p1a: Sinistcha|Matcha Gotcha|p2a: Ursaluna
|-supereffective|p2a: Ursaluna
|-damage|p2a: Ursaluna|0 fnt
|-heal|p1a: Sinistcha|80/100|[from] drain|[of] p2a: Ursaluna
|faint|p2a: Ursaluna
|
|upkeep
|-message|Stalphyr forfeited.
|
|win|obezer
|raw|obezer's rating: 1178 &rarr; <strong>1205</strong><br />(+27 for winning)
|raw|Stalphyr's rating: 1201 &rarr; <strong>1174</strong><br />(-27 for losing)
|l|☆Stalphyr
|player|p2|
|l|☆obezer
|player|p1|
