|j|☆big bod3
|j|☆espermadomal
|t:|1760373094
|gametype|singles
|player|p1|big bod3|170|1040
|player|p2|espermadomal|schoolkid-gen4|1000
|gen|9
|tier|[Gen 9] OU
|rated|
|rule|HP Percentage Mod: HP is shown in percentages
|rule|Endless Battle Clause: Forcing endless battles is banned
|rule|Species Clause: Limit one of each Pokémon
|rule|OHKO Clause: OHKO moves are banned
|rule|Evasion Items Clause: Evasion items are banned
|rule|Evasion Moves Clause: Evasion moves are banned
|rule|Evasion Abilities Clause: Evasion abilities are banned
|rule|Sleep Moves Clause: Sleep-inducing moves are banned
|clearpoke
|poke|p1|Gengar, F|
|poke|p1|Golurk|
|poke|p1|Ceruledge, F|
|poke|p1|Trevenant, M|
|poke|p1|Gholdengo|
|poke|p1|Gimmighoul|
|poke|p2|Ditto|
|poke|p2|Deoxys-Speed|
|poke|p2|Ceruledge, M|
|poke|p2|Zapdos|
|poke|p2|Meowscarada, M|
|poke|p2|Primarina, F|
|teampreview
|inactive|Battle timer is ON: inactive players will automatically lose when time's up. (requested by espermadomal)
|
|t:|1760373101
|teamsize|p1|6
|teamsize|p2|6
|start
|switch|p1a: Ceruledge|Ceruledge, F|100/100
|switch|p2a: Ditto|Ditto|100/100
|-transform|p2a: Ditto|p1a: Ceruledge|[from] ability: Imposter
|turn|1
|
|t:|1760373117
|-terastallize|p2a: Ditto|Normal
|move|p2a: Ditto|Shadow Sneak|p1a: Ceruledge
|-supereffective|p1a: Ceruledge
|-damage|p1a: Ceruledge|46/100
|move|p1a: Ceruledge|Swords Dance|p1a: Ceruledge
|-boost|p1a: Ceruledge|atk|2
|
|upkeep
|turn|2
|
|t:|1760373127
|-terastallize|p1a: Ceruledge|Fire
|move|p2a: Ditto|Shadow Sneak|p1a: Ceruledge
|-damage|p1a: Ceruledge|20/100
|move|p1a: Ceruledge|Bitter Blade|p2a: Ditto
|-start|p2a: Ditto|ability: Flash Fire
|
|upkeep
|turn|3
|
|t:|1760373140
|move|p2a: Ditto|Shadow Sneak|p1a: Ceruledge
|-damage|p1a: Ceruledge|0 fnt
|faint|p1a: Ceruledge
|
|upkeep
|
|t:|1760373144
|switch|p1a: Gengar|Gengar, F|100/100
|turn|4
|
|t:|1760373153
|move|p2a: Ditto|Shadow Sneak|p1a: Gengar
|-supereffective|p1a: Gengar
|-damage|p1a: Gengar|11/100
|move|p1a: Gengar|Destiny Bond|p1a: Gengar
|-singlemove|p1a: Gengar|Destiny Bond
|
|upkeep
|turn|5
|
|t:|1760373167
|move|p1a: Gengar|Sludge Bomb|p2a: Ditto
|-damage|p2a: Ditto|44/100
|move|p2a: Ditto|Swords Dance|p2a: Ditto
|-boost|p2a: Ditto|atk|2
|
|-heal|p2a: Ditto|50/100|[from] item: Leftovers
|upkeep
|turn|6
|
|t:|1760373183
|move|p2a: Ditto|Shadow Sneak|p1a: Gengar
|-supereffective|p1a: Gengar
|-damage|p1a: Gengar|0 fnt
|faint|p1a: Gengar
|
|-heal|p2a: Ditto|56/100|[from] item: Leftovers
|upkeep
|
|t:|1760373189
|switch|p1a: Trevenant|Trevenant, M, shiny|100/100
|turn|7
|
|t:|1760373201
|move|p2a: Ditto|Bitter Blade|p1a: Trevenant
|-supereffective|p1a: Trevenant
|-damage|p1a: Trevenant|0 fnt
|-heal|p2a: Ditto|100/100|[from] drain|[of] p1a: Trevenant
|faint|p1a: Trevenant
|
|upkeep
|
|t:|1760373207
|switch|p1a: Golurk|Golurk|100/100
|turn|8
|
|t:|1760373215
|move|p2a: Ditto|Swords Dance|p2a: Ditto
|-boost|p2a: Ditto|atk|2
|move|p1a: Golurk|Drain Punch|p2a: Ditto
|-supereffective|p2a: Ditto
|-damage|p2a: Ditto|2/100
|
|-heal|p2a: Ditto|8/100|[from] item: Leftovers
|upkeep
|turn|9
|
|t:|1760373225
|move|p2a: Ditto|Bitter Blade|p1a: Golurk
|-damage|p1a: Golurk|0 fnt
|-heal|p2a: Ditto|71/100|[from] drain|[of] p1a: Golurk
|faint|p1a: Golurk
|
|-heal|p2a: Ditto|77/100|[from] item: Leftovers
|upkeep
|
|t:|1760373234
|switch|p1a: Gholdengo|Gholdengo|100/100
|turn|10
|
|t:|1760373242
|move|p1a: Gholdengo|Make It Rain|p2a: Ditto
|-damage|p2a: Ditto|0 fnt
|-unboost|p1a: Gholdengo|spa|1
|faint|p2a: Ditto
|
|upkeep
|
|t:|1760373253
|switch|p2a: Ceruledge|Ceruledge, M, shiny|100/100
|-item|p2a: Ceruledge|Air Balloon
|turn|11
|
|t:|1760373261
|move|p2a: Ceruledge|Bitter Blade|p1a: Gholdengo
|-supereffective|p1a: Gholdengo
|-damage|p1a: Gholdengo|0 fnt
|faint|p1a: Gholdengo
|
|upkeep
|
|t:|1760373267
|switch|p1a: Gimmighoul|Gimmighoul, shiny|100/100
|turn|12
|
|t:|1760373276
|move|p2a: Ceruledge|Shadow Ball|p1a: Gimmighoul
|-supereffective|p1a: Gimmighoul
|-damage|p1a: Gimmighoul|76/100
|-ability|p1a: Gimmighoul|Rattled|boost
|-boost|p1a: Gimmighoul|spe|1
|move|p1a: Gimmighoul|Hex|p2a: Ceruledge
|-supereffective|p2a: Ceruledge
|-damage|p2a: Ceruledge|57/100
|-enditem|p2a: Ceruledge|Air Balloon
|
|upkeep
|turn|13
|
|t:|1760373290
|move|p2a: Ceruledge|Bitter Blade|p1a: Gimmighoul
|-damage|p1a: Gimmighoul|33/100
|-heal|p2a: Ceruledge|79/100|[from] drain|[of] p1a: Gimmighoul
|move|p1a: Gimmighoul|Reflect|p1a: Gimmighoul
|-sidestart|p1: big bod3|Reflect
|
|upkeep
|turn|14
|
|t:|1760373299
|move|p2a: Ceruledge|Bitter Blade|p1a: Gimmighoul
|-damage|p1a: Gimmighoul|10/100
|-heal|p2a: Ceruledge|91/100|[from] drain|[of] p1a: Gimmighoul
|move|p1a: Gimmighoul|Hex|p2a: Ceruledge
|-supereffective|p2a: Ceruledge
|-damage|p2a: Ceruledge|49/100
|
|upkeep
|turn|15
|
|t:|1760373307
|move|p2a: Ceruledge|Shadow Ball|p1a: Gimmighoul
|-supereffective|p1a: Gimmighoul
|-damage|p1a: Gimmighoul|0 fnt
|faint|p1a: Gimmighoul
|
|win|espermadomal
|raw|big bod3's rating: 1040 &rarr; <strong>1022</strong><br />(-18 for losing)
|raw|espermadomal's rating: 1000 &rarr; <strong>1045</strong><br />(+45 for winning)
