|j|☆Pergame
|j|☆Charle_phate
|t:|1760331582
|gametype|singles
|player|p1|Pergame|266|1182
|player|p2|Charle_phate|blue|1224
|gen|9
|tier|[Gen 9] OU
|rated|
|rule|HP Percentage Mod: HP is shown in percentages
|rule|Endless Battle Clause: Forcing endless battles is banned
|rule|Species Clause: Limit one of each Pokémon
|rule|OHKO Clause: OHKO moves are banned
|rule|Evasion Items Clause: Evasion items are banned
|rule|Evasion Moves Clause: Evasion moves are banned
|rule|Evasion Abilities Clause: Evasion abilities are banned
|rule|Sleep Moves Clause: Sleep-inducing moves are banned
|clearpoke
|poke|p1|Toxapex, F|
|poke|p1|Hippowdon, F|
|poke|p1|Great Tusk|
|poke|p1|Iron Moth|
|poke|p1|Meowscarada, F|
|poke|p1|Walking Wake|
|poke|p2|Serperior, F|
|poke|p2|Rotom-Wash|
|poke|p2|Zapdos|
|poke|p2|Heatran, M|
|poke|p2|Clefable, M|
|poke|p2|Landorus-Therian, M|
|teampreview
|inactive|Battle timer is ON: inactive players will automatically lose when time's up. (requested by Charle_phate)
|
|t:|1760331595
|teamsize|p1|6
|teamsize|p2|6
|start
|switch|p1a: Hippowdon|Hippowdon, F|100/100
|switch|p2a: Rotom|Rotom-Wash|100/100
|-weather|Sandstorm|[from] ability: Sand Stream|[of] p1a: Hippowdon
|turn|1
|
|t:|1760331603
|move|p2a: Rotom|Hydro Pump|p1a: Hippowdon
|-supereffective|p1a: Hippowdon
|-damage|p1a: Hippowdon|47/100
|move|p1a: Hippowdon|Stealth Rock|p2a: Rotom
|-sidestart|p2: Charle_phate|move: Stealth Rock
|
|-weather|Sandstorm|[upkeep]
|-damage|p2a: Rotom|94/100|[from] Sandstorm
|-heal|p2a: Rotom|100/100|[from] item: Leftovers
|-heal|p1a: Hippowdon|53/100|[from] item: Leftovers
|upkeep
|turn|2
|
|t:|1760331614
|switch|p1a: Toxapex|Toxapex, F|100/100
|move|p2a: Rotom|Thunder Wave|p1a: Toxapex
|-status|p1a: Toxapex|par
|
|-weather|Sandstorm|[upkeep]
|-damage|p2a: Rotom|94/100|[from] Sandstorm
|-damage|p1a: Toxapex|94/100 par|[from] Sandstorm
|-heal|p2a: Rotom|100/100|[from] item: Leftovers
|-heal|p1a: Toxapex|100/100 par|[from] item: Leftovers
|upkeep
|turn|3
|
|t:|1760331624
|move|p2a: Rotom|Charge Beam|p1a: Toxapex
|-supereffective|p1a: Toxapex
|-damage|p1a: Toxapex|75/100 par
|-boost|p2a: Rotom|spa|1
|move|p1a: Toxapex|Toxic|p2a: Rotom
|-status|p2a: Rotom|tox
|
|-weather|Sandstorm|[upkeep]
|-damage|p2a: Rotom|94/100 tox|[from] Sandstorm
|-damage|p1a: Toxapex|69/100 par|[from] Sandstorm
|-heal|p2a: Rotom|100/100 tox|[from] item: Leftovers
|-heal|p1a: Toxapex|75/100 par|[from] item: Leftovers
|-damage|p2a: Rotom|94/100 tox|[from] psn
|upkeep
|turn|4
|
|t:|1760331637
|move|p2a: Rotom|Charge Beam|p1a: Toxapex
|-supereffective|p1a: Toxapex
|-damage|p1a: Toxapex|35/100 par
|-boost|p2a: Rotom|spa|1
|move|p1a: Toxapex|Haze|p1a: Toxapex
|-clearallboost
|
|-weather|Sandstorm|[upkeep]
|-damage|p2a: Rotom|88/100 tox|[from] Sandstorm
|-damage|p1a: Toxapex|29/100 par|[from] Sandstorm
|-heal|p2a: Rotom|94/100 tox|[from] item: Leftovers
|-heal|p1a: Toxapex|35/100 par|[from] item: Leftovers
|-damage|p2a: Rotom|82/100 tox|[from] psn
|upkeep
|turn|5
|
|t:|1760331651
|switch|p1a: Hippowdon|Hippowdon, F|53/100
|move|p2a: Rotom|Hydro Pump|p1a: Hippowdon
|-supereffective|p1a: Hippowdon
|-damage|p1a: Hippowdon|0 fnt
|faint|p1a: Hippowdon
|
|-weather|none
|-heal|p2a: Rotom|88/100 tox|[from] item: Leftovers
|-damage|p2a: Rotom|70/100 tox|[from] psn
|upkeep
|
|t:|1760331663
|switch|p1a: Meowscarada|Meowscarada, F|100/100
|turn|6
|
|t:|1760331666
|switch|p2a: Heatran|Heatran, M|100/100
|-damage|p2a: Heatran|88/100|[from] Stealth Rock
|move|p1a: Meowscarada|Flower Trick|p2a: Heatran
|-start|p1a: Meowscarada|typechange|Grass|[from] ability: Protean
|-resisted|p2a: Heatran
|-crit|p2a: Heatran
|-damage|p2a: Heatran|72/100
|
|-heal|p2a: Heatran|78/100|[from] item: Leftovers
|upkeep
|turn|7
|
|t:|1760331679
|switch|p1a: Great Tusk|Great Tusk|100/100
|move|p2a: Heatran|Substitute|p2a: Heatran
|-start|p2a: Heatran|Substitute
|-damage|p2a: Heatran|54/100
|
|-heal|p2a: Heatran|60/100|[from] item: Leftovers
|upkeep
|turn|8
|
|t:|1760331688
|move|p1a: Great Tusk|Earthquake|p2a: Heatran
|-supereffective|p2a: Heatran
|-end|p2a: Heatran|Substitute
|move|p2a: Heatran|Lava Plume|p1a: Great Tusk
|-damage|p1a: Great Tusk|47/100
|
|-heal|p1a: Great Tusk|53/100|[from] item: Leftovers
|-heal|p2a: Heatran|66/100|[from] item: Leftovers
|upkeep
|turn|9
|
|t:|1760331697
|switch|p2a: Landorus|Landorus-Therian, M|100/100
|-damage|p2a: Landorus|88/100|[from] Stealth Rock
|-ability|p2a: Landorus|Intimidate|boost
|-unboost|p1a: Great Tusk|atk|1
|move|p1a: Great Tusk|Earthquake|p2a: Landorus
|-immune|p2a: Landorus
|
|-heal|p1a: Great Tusk|59/100|[from] item: Leftovers
|-heal|p2a: Landorus|94/100|[from] item: Leftovers
|upkeep
|turn|10
|
|t:|1760331709
|switch|p2a: Heatran|Heatran, M|66/100
|-damage|p2a: Heatran|54/100|[from] Stealth Rock
|-terastallize|p1a: Great Tusk|Ice
|move|p1a: Great Tusk|Ice Spinner|p2a: Heatran
|-resisted|p2a: Heatran
|-damage|p2a: Heatran|48/100
|
|-heal|p1a: Great Tusk|65/100|[from] item: Leftovers
|-heal|p2a: Heatran|54/100|[from] item: Leftovers
|upkeep
|turn|11
|
|t:|1760331721
|switch|p2a: Landorus|Landorus-Therian, M|94/100
|-damage|p2a: Landorus|82/100|[from] Stealth Rock
|-ability|p2a: Landorus|Intimidate|boost
|-unboost|p1a: Great Tusk|atk|1
|move|p1a: Great Tusk|Earthquake|p2a: Landorus
|-immune|p2a: Landorus
|
|-heal|p1a: Great Tusk|72/100|[from] item: Leftovers
|-heal|p2a: Landorus|88/100|[from] item: Leftovers
|upkeep
|turn|12
|
|t:|1760331735
|-end|p1a: Great Tusk|Protosynthesis|[silent]
|switch|p1a: Walking Wake|Walking Wake|100/100
|switch|p2a: Zapdos|Zapdos|100/100
|-damage|p2a: Zapdos|76/100|[from] Stealth Rock
|
|upkeep
|turn|13
|
|t:|1760331743
|-end|p1a: Walking Wake|Protosynthesis|[silent]
|switch|p1a: Toxapex|Toxapex, F|69/100 par
|move|p2a: Zapdos|Ancient Power|p1a: Toxapex
|-damage|p1a: Toxapex|54/100 par
|
|-heal|p1a: Toxapex|60/100 par|[from] item: Leftovers
|upkeep
|turn|14
|
|t:|1760331751
|move|p2a: Zapdos|Discharge|p1a: Toxapex
|-supereffective|p1a: Toxapex
|-damage|p1a: Toxapex|0 fnt
|faint|p1a: Toxapex
|
|upkeep
|
|t:|1760331758
|switch|p1a: Walking Wake|Walking Wake|100/100
|turn|15
|
|t:|1760331761
|move|p1a: Walking Wake|Flamethrower|p2a: Zapdos
|-damage|p2a: Zapdos|47/100
|move|p2a: Zapdos|Discharge|p1a: Walking Wake
|-damage|p1a: Walking Wake|44/100
|
|upkeep
|turn|16
|
|t:|1760331769
|-end|p1a: Walking Wake|Protosynthesis|[silent]
|switch|p1a: Iron Moth|Iron Moth|100/100
|move|p2a: Zapdos|Roost|p2a: Zapdos
|-heal|p2a: Zapdos|97/100
|-singleturn|p2a: Zapdos|move: Roost
|
|upkeep
|turn|17
|
|t:|1760331779
|switch|p2a: Heatran|Heatran, M|54/100
|-damage|p2a: Heatran|42/100|[from] Stealth Rock
|move|p1a: Iron Moth|Sludge Wave|p2a: Heatran
|-immune|p2a: Heatran
|
|-heal|p2a: Heatran|48/100|[from] item: Leftovers
|upkeep
|turn|18
|
|t:|1760331789
|-end|p1a: Iron Moth|Quark Drive|[silent]
|switch|p1a: Great Tusk|Great Tusk, tera:Ice|72/100
|move|p2a: Heatran|Substitute|p2a: Heatran
|-start|p2a: Heatran|Substitute
|-damage|p2a: Heatran|23/100
|
|-heal|p1a: Great Tusk|78/100|[from] item: Leftovers
|-heal|p2a: Heatran|30/100|[from] item: Leftovers
|upkeep
|turn|19
|-message|Pergame forfeited.
|
|win|Charle_phate
|raw|Pergame's rating: 1182 &rarr; <strong>1160</strong><br />(-22 for losing)
|raw|Charle_phate's rating: 1224 &rarr; <strong>1246</strong><br />(+22 for winning)
|l|☆Pergame
|player|p1|
|l|☆Charle_phate
|player|p2|
