|j|☆BigJulius
|j|☆ur doggo
|t:|1760452089
|gametype|singles
|player|p1|BigJulius|169|1547
|player|p2|ur doggo|266|1511
|gen|9
|tier|[Gen 9] OU
|rated|
|rule|HP Percentage Mod: HP is shown in percentages
|rule|Endless Battle Clause: Forcing endless battles is banned
|rule|Species Clause: Limit one of each Pokémon
|rule|OHKO Clause: OHKO moves are banned
|rule|Evasion Items Clause: Evasion items are banned
|rule|Evasion Moves Clause: Evasion moves are banned
|rule|Evasion Abilities Clause: Evasion abilities are banned
|rule|Sleep Moves Clause: Sleep-inducing moves are banned
|clearpoke
|poke|p1|Clodsire, M|
|poke|p1|Kingambit, F|
|poke|p1|Heatran, M|
|poke|p1|Rillaboom, F|
|poke|p1|Mandibuzz, F|
|poke|p1|Dragapult, M|
|poke|p2|Ninetales, M|
|poke|p2|Walking Wake|
|poke|p2|Great Tusk|
|poke|p2|Hatterene, F|
|poke|p2|Typhlosion-Hisui, M|
|poke|p2|Slither Wing|
|teampreview
|inactive|Battle timer is ON: inactive players will automatically lose when time's up. (requested by BigJulius)
|j| Pikmin 13
|
|t:|1760452111
|teamsize|p1|6
|teamsize|p2|6
|start
|switch|p1a: Dragapult|Dragapult, M|100/100
|switch|p2a: Ninetales|Ninetales, M|100/100
|-weather|SunnyDay|[from] ability: Drought|[of] p2a: Ninetales
|turn|1
|
|t:|1760452116
|switch|p2a: Hatterene|Hatterene, F|100/100
|move|p1a: Dragapult|Dragon Darts|p2a: Hatterene
|-immune|p2a: Hatterene
|
|-weather|SunnyDay|[upkeep]
|upkeep
|turn|2
|
|t:|1760452128
|switch|p1a: Clodsire|Clodsire, M, shiny|100/100
|move|p2a: Hatterene|Draining Kiss|p1a: Clodsire
|-resisted|p1a: Clodsire
|-damage|p1a: Clodsire|94/100
|
|-weather|SunnyDay|[upkeep]
|-heal|p1a: Clodsire|99/100|[from] item: Black Sludge
|upkeep
|turn|3
|
|t:|1760452133
|switch|p1a: Kingambit|Kingambit, F|100/100
|move|p2a: Hatterene|Psychic Noise|p1a: Kingambit
|-immune|p1a: Kingambit
|
|-weather|SunnyDay|[upkeep]
|upkeep
|turn|4
|
|t:|1760452149
|switch|p2a: mid tusk|Great Tusk|100/100
|-activate|p2a: mid tusk|ability: Protosynthesis
|-start|p2a: mid tusk|protosynthesisdef
|move|p1a: Kingambit|Kowtow Cleave|p2a: mid tusk
|-resisted|p2a: mid tusk
|-damage|p2a: mid tusk|89/100
|
|-weather|SunnyDay|[upkeep]
|upkeep
|turn|5
|
|t:|1760452158
|-end|p1a: Kingambit|fallenundefined|[silent]
|switch|p1a: Mandibuzz|Mandibuzz, F|100/100
|move|p2a: mid tusk|Close Combat|p1a: Mandibuzz
|-damage|p1a: Mandibuzz|69/100
|-unboost|p2a: mid tusk|def|1
|-unboost|p2a: mid tusk|spd|1
|-enditem|p2a: mid tusk|Eject Pack
|
|t:|1760452169
|-end|p2a: mid tusk|Protosynthesis|[silent]
|switch|p2a: high|Typhlosion-Hisui, M|100/100
|-item|p1a: Mandibuzz|Heavy-Duty Boots|[from] ability: Frisk|[of] p2a: high
|
|-weather|SunnyDay|[upkeep]
|upkeep
|turn|6
|
|t:|1760452178
|switch|p1a: Heatran|Heatran, M|100/100
|-item|p1a: Heatran|Air Balloon
|move|p2a: high|Shadow Ball|p1a: Heatran
|-damage|p1a: Heatran|43/100
|-enditem|p1a: Heatran|Air Balloon
|
|-weather|SunnyDay|[upkeep]
|upkeep
|turn|7
|
|t:|1760452185
|switch|p1a: Clodsire|Clodsire, M, shiny|99/100
|move|p2a: high|Shadow Ball|p1a: Clodsire
|-damage|p1a: Clodsire|71/100
|-unboost|p1a: Clodsire|spd|1
|
|-weather|SunnyDay|[upkeep]
|-heal|p1a: Clodsire|77/100|[from] item: Black Sludge
|upkeep
|turn|8
|inactive|ur doggo has 120 seconds left.
|inactive|ur doggo has 90 seconds left.
|
|t:|1760452257
|switch|p2a: Hatterene|Hatterene, F|100/100
|move|p1a: Clodsire|High Horsepower|p2a: Hatterene
|-damage|p2a: Hatterene|73/100
|-enditem|p2a: Hatterene|Eject Button
|
|t:|1760452267
|switch|p2a: Slither Wing|Slither Wing|100/100
|-activate|p2a: Slither Wing|ability: Protosynthesis
|-start|p2a: Slither Wing|protosynthesisatk
|
|-weather|none
|-end|p2a: Slither Wing|Protosynthesis
|-heal|p1a: Clodsire|83/100|[from] item: Black Sludge
|upkeep
|turn|9
|
|t:|1760452276
|move|p2a: Slither Wing|U-turn|p1a: Clodsire
|-resisted|p1a: Clodsire
|-damage|p1a: Clodsire|62/100
|
|t:|1760452280
|-end|p2a: Slither Wing|Protosynthesis|[silent]
|switch|p2a: Hatterene|Hatterene, F|73/100|[from] U-turn
|move|p1a: Clodsire|Toxic|p2a: Hatterene
|move|p2a: Hatterene|Toxic|p1a: Clodsire|[from] ability: Magic Bounce
|-immune|p1a: Clodsire
|
|-heal|p1a: Clodsire|68/100|[from] item: Black Sludge
|upkeep
|turn|10
|
|t:|1760452289
|move|p2a: Hatterene|Psychic Noise|p1a: Clodsire
|-supereffective|p1a: Clodsire
|-damage|p1a: Clodsire|10/100
|-start|p1a: Clodsire|move: Heal Block
|move|p1a: Clodsire|Haze|p1a: Clodsire
|-clearallboost
|
|upkeep
|turn|11
|
|t:|1760452297
|switch|p1a: Heatran|Heatran, M|43/100
|move|p2a: Hatterene|Nuzzle|p1a: Heatran
|-damage|p1a: Heatran|39/100
|-status|p1a: Heatran|par
|
|upkeep
|turn|12
|
|t:|1760452303
|switch|p2a: Jesus|Walking Wake|100/100
|cant|p1a: Heatran|par
|
|upkeep
|turn|13
|inactive|ur doggo has 120 seconds left.
|inactive|ur doggo has 90 seconds left.
|
|t:|1760452340
|move|p2a: Jesus|Dragon Pulse|p1a: Heatran
|-resisted|p1a: Heatran
|-damage|p1a: Heatran|18/100 par
|move|p1a: Heatran|Earth Power|p2a: Jesus
|-damage|p2a: Jesus|75/100
|
|upkeep
|turn|14
|
|t:|1760452343
|move|p2a: Jesus|Dragon Pulse|p1a: Heatran
|-resisted|p1a: Heatran
|-damage|p1a: Heatran|0 fnt
|faint|p1a: Heatran
|
|upkeep
|
|t:|1760452353
|switch|p1a: Dragapult|Dragapult, M|100/100
|turn|15
|
|t:|1760452368
|-end|p2a: Jesus|Protosynthesis|[silent]
|switch|p2a: Ninetales|Ninetales, M|100/100
|-weather|SunnyDay|[from] ability: Drought|[of] p2a: Ninetales
|move|p1a: Dragapult|U-turn|p2a: Ninetales
|-resisted|p2a: Ninetales
|-damage|p2a: Ninetales|78/100
|
|t:|1760452373
|switch|p1a: Clodsire|Clodsire, M, shiny|10/100|[from] U-turn
|
|-weather|SunnyDay|[upkeep]
|-heal|p1a: Clodsire|16/100|[from] item: Black Sludge
|upkeep
|turn|16
|
|t:|1760452397
|move|p2a: Ninetales|Weather Ball|p1a: Clodsire
|-damage|p1a: Clodsire|0 fnt
|faint|p1a: Clodsire
|
|-weather|SunnyDay|[upkeep]
|upkeep
|
|t:|1760452404
|switch|p1a: Dragapult|Dragapult, M|100/100
|turn|17
|
|t:|1760452424
|switch|p2a: Slither Wing|Slither Wing|100/100
|-activate|p2a: Slither Wing|ability: Protosynthesis
|-start|p2a: Slither Wing|protosynthesisatk
|move|p1a: Dragapult|U-turn|p2a: Slither Wing
|-resisted|p2a: Slither Wing
|-damage|p2a: Slither Wing|81/100
|
|t:|1760452428
|switch|p1a: Mandibuzz|Mandibuzz, F|69/100|[from] U-turn
|
|-weather|SunnyDay|[upkeep]
|upkeep
|turn|18
|-message|BigJulius forfeited.
|
|win|ur doggo
|raw|BigJulius's rating: 1547 &rarr; <strong>1525</strong><br />(-22 for losing)
|raw|ur doggo's rating: 1511 &rarr; <strong>1533</strong><br />(+22 for winning)
|l|☆BigJulius
|player|p1|
|l| Pikmin 13
|l|☆ur doggo
|player|p2|
|j| quero chorizo
