|badge|p2|bronze|gen9ou|100-7
|uhtml|medal-msg|<div class="broadcast-blue">Curious what those medals under the avatar are? PS now has Ladder Seasons! For more information, check out the <a href="https://www.smogon.com/forums/threads/3740067/">thread on Smogon.</a></div>
|j|☆Parker757
|j|☆chall torvikk
|t:|1760299003
|gametype|singles
|player|p1|Parker757|pokemonranger-gen4|1707
|player|p2|chall torvikk|gambler|1849
|gen|9
|tier|[Gen 9] OU
|rated|
|rule|HP Percentage Mod: HP is shown in percentages
|rule|Endless Battle Clause: Forcing endless battles is banned
|rule|Species Clause: Limit one of each Pokémon
|rule|OHKO Clause: OHKO moves are banned
|rule|Evasion Items Clause: Evasion items are banned
|rule|Evasion Moves Clause: Evasion moves are banned
|rule|Evasion Abilities Clause: Evasion abilities are banned
|rule|Sleep Moves Clause: Sleep-inducing moves are banned
|clearpoke
|poke|p1|Slither Wing|
|poke|p1|Zamazenta-*|
|poke|p1|Hatterene, F|
|poke|p1|Torkoal, F|
|poke|p1|Iron Moth|
|poke|p1|Walking Wake|
|poke|p2|Garchomp, F|
|poke|p2|Rillaboom, F|
|poke|p2|Iron Crown|
|poke|p2|Darkrai|
|poke|p2|Hatterene, F|
|poke|p2|Alomomola, F|
|teampreview
|inactive|Battle timer is ON: inactive players will automatically lose when time's up. (requested by Parker757)
|inactive|chall torvikk has 120 seconds left.
|inactive|chall torvikk has 90 seconds left.
|
|t:|1760299070
|teamsize|p1|6
|teamsize|p2|6
|start
|switch|p1a: Torkoal|Torkoal, F|100/100
|switch|p2a: Iron Crown|Iron Crown|100/100
|-weather|SunnyDay|[from] ability: Drought|[of] p1a: Torkoal
|turn|1
|
|t:|1760299077
|switch|p1a: Iron Moth|Iron Moth|100/100
|-enditem|p1a: Iron Moth|Booster Energy
|-activate|p1a: Iron Moth|ability: Quark Drive|[fromitem]
|-start|p1a: Iron Moth|quarkdrivespa
|move|p2a: Iron Crown|Volt Switch|p1a: Iron Moth
|-damage|p1a: Iron Moth|66/100
|
|t:|1760299106
|-end|p2a: Iron Crown|Quark Drive|[silent]
|switch|p2a: Alomomola|Alomomola, F|100/100|[from] Volt Switch
|
|-weather|SunnyDay|[upkeep]
|upkeep
|turn|2
|inactive|Parker757 has 120 seconds left.
|
|t:|1760299144
|move|p1a: Iron Moth|Fiery Dance|p2a: Alomomola
|-resisted|p2a: Alomomola
|-damage|p2a: Alomomola|78/100
|-boost|p1a: Iron Moth|spa|1
|move|p2a: Alomomola|Flip Turn|p1a: Iron Moth
|-supereffective|p1a: Iron Moth
|-damage|p1a: Iron Moth|42/100
|
|t:|1760299152
|switch|p2a: Darkrai|Darkrai|100/100|[from] Flip Turn
|
|-weather|SunnyDay|[upkeep]
|upkeep
|turn|3
|
|t:|1760299158
|-end|p1a: Iron Moth|Quark Drive|[silent]
|switch|p1a: Slither Wing|Slither Wing|100/100
|-activate|p1a: Slither Wing|ability: Protosynthesis
|-start|p1a: Slither Wing|protosynthesisatk
|move|p2a: Darkrai|Dark Pulse|p1a: Slither Wing
|-resisted|p1a: Slither Wing
|-damage|p1a: Slither Wing|87/100
|
|-weather|SunnyDay|[upkeep]
|upkeep
|turn|4
|
|t:|1760299178
|-terastallize|p2a: Darkrai|Poison
|move|p2a: Darkrai|Will-O-Wisp|p1a: Slither Wing
|-status|p1a: Slither Wing|brn
|move|p1a: Slither Wing|U-turn|p2a: Darkrai
|-resisted|p2a: Darkrai
|-crit|p2a: Darkrai
|-damage|p2a: Darkrai|74/100
|inactive|Parker757 has 120 seconds left.
|
|t:|1760299217
|-end|p1a: Slither Wing|Protosynthesis|[silent]
|switch|p1a: Walking Wake|Walking Wake|100/100|[from] U-turn
|-activate|p1a: Walking Wake|ability: Protosynthesis
|-start|p1a: Walking Wake|protosynthesisspe
|
|-weather|SunnyDay|[upkeep]
|-heal|p2a: Darkrai|80/100|[from] item: Leftovers
|upkeep
|turn|5
|
|t:|1760299228
|switch|p2a: Alomomola|Alomomola, F|100/100
|move|p1a: Walking Wake|Hydro Steam|p2a: Alomomola
|-resisted|p2a: Alomomola
|-crit|p2a: Alomomola
|-damage|p2a: Alomomola|69/100
|
|-weather|SunnyDay|[upkeep]
|upkeep
|turn|6
|
|t:|1760299236
|-end|p1a: Walking Wake|Protosynthesis|[silent]
|switch|p1a: Hatterene|Hatterene, F|100/100
|move|p2a: Alomomola|Flip Turn|p1a: Hatterene
|-damage|p1a: Hatterene|93/100
|-enditem|p1a: Hatterene|Eject Button
|
|t:|1760299241
|switch|p1a: Iron Moth|Iron Moth|42/100
|
|-weather|SunnyDay|[upkeep]
|upkeep
|turn|7
|
|t:|1760299245
|move|p1a: Iron Moth|Solar Beam||[still]
|-prepare|p1a: Iron Moth|Solar Beam
|-anim|p1a: Iron Moth|Solar Beam|p2a: Alomomola
|-supereffective|p2a: Alomomola
|-damage|p2a: Alomomola|25/100
|move|p2a: Alomomola|Flip Turn|p1a: Iron Moth
|-supereffective|p1a: Iron Moth
|-damage|p1a: Iron Moth|16/100
|
|t:|1760299251
|switch|p2a: Darkrai|Darkrai, tera:Poison|80/100|[from] Flip Turn
|
|-weather|SunnyDay|[upkeep]
|-heal|p2a: Darkrai|86/100|[from] item: Leftovers
|upkeep
|turn|8
|
|t:|1760299260
|-end|p1a: Iron Moth|Quark Drive|[silent]
|switch|p1a: Slither Wing|Slither Wing|87/100 brn
|-activate|p1a: Slither Wing|ability: Protosynthesis
|-start|p1a: Slither Wing|protosynthesisatk
|move|p2a: Darkrai|Dark Pulse|p1a: Slither Wing
|-resisted|p1a: Slither Wing
|-damage|p1a: Slither Wing|71/100 brn
|
|-weather|none
|-end|p1a: Slither Wing|Protosynthesis
|-heal|p2a: Darkrai|92/100|[from] item: Leftovers
|-damage|p1a: Slither Wing|65/100 brn|[from] brn
|upkeep
|turn|9
|
|t:|1760299271
|switch|p2a: Alomomola|Alomomola, F|58/100
|move|p1a: Slither Wing|U-turn|p2a: Alomomola
|-damage|p2a: Alomomola|42/100
|
|t:|1760299277
|-end|p1a: Slither Wing|Protosynthesis|[silent]
|switch|p1a: Walking Wake|Walking Wake|100/100|[from] U-turn
|
|upkeep
|turn|10
|
|t:|1760299290
|switch|p2a: Hatterene|Hatterene, F|100/100
|move|p1a: Walking Wake|Hydro Steam|p2a: Hatterene
|-damage|p2a: Hatterene|33/100
|
|-heal|p2a: Hatterene|39/100|[from] item: Leftovers
|upkeep
|turn|11
|
|t:|1760299298
|-end|p1a: Walking Wake|Protosynthesis|[silent]
|switch|p1a: Torkoal|Torkoal, F|100/100
|-weather|SunnyDay|[from] ability: Drought|[of] p1a: Torkoal
|switch|p2a: Alomomola|Alomomola, F|75/100
|
|-weather|SunnyDay|[upkeep]
|upkeep
|turn|12
|
|t:|1760299303
|move|p2a: Alomomola|Flip Turn|p1a: Torkoal
|-supereffective|p1a: Torkoal
|-damage|p1a: Torkoal|89/100
|
|t:|1760299310
|switch|p2a: Hatterene|Hatterene, F|39/100|[from] Flip Turn
|move|p1a: Torkoal|Stealth Rock|p2a: Hatterene
|move|p2a: Hatterene|Stealth Rock|p1a: Torkoal|[from] ability: Magic Bounce
|-sidestart|p1: Parker757|move: Stealth Rock
|
|-weather|SunnyDay|[upkeep]
|-heal|p2a: Hatterene|45/100|[from] item: Leftovers
|upkeep
|turn|13
|
|t:|1760299316
|move|p2a: Hatterene|Pain Split|p1a: Torkoal
|-sethp|p1a: Torkoal|66/100|[from] move: Pain Split|[silent]
|-sethp|p2a: Hatterene|71/100|[from] move: Pain Split
|move|p1a: Torkoal|Overheat|p2a: Hatterene|[miss]
|-miss|p1a: Torkoal|p2a: Hatterene
|
|-weather|SunnyDay|[upkeep]
|-heal|p2a: Hatterene|77/100|[from] item: Leftovers
|upkeep
|turn|14
|j| deadbyflinch
|
|t:|1760299337
|switch|p2a: Garchomp|Garchomp, F|100/100
|move|p1a: Torkoal|Stealth Rock|p2a: Garchomp
|-sidestart|p2: chall torvikk|move: Stealth Rock
|
|-weather|SunnyDay|[upkeep]
|upkeep
|turn|15
|
|t:|1760299343
|switch|p1a: Walking Wake|Walking Wake|100/100
|-damage|p1a: Walking Wake|88/100|[from] Stealth Rock
|-activate|p1a: Walking Wake|ability: Protosynthesis
|-start|p1a: Walking Wake|protosynthesisspe
|move|p2a: Garchomp|Earthquake|p1a: Walking Wake
|-damage|p1a: Walking Wake|45/100
|
|-weather|SunnyDay|[upkeep]
|upkeep
|turn|16
|
|t:|1760299353
|switch|p2a: Alomomola|Alomomola, F|100/100
|-damage|p2a: Alomomola|88/100|[from] Stealth Rock
|move|p1a: Walking Wake|Hydro Steam|p2a: Alomomola
|-resisted|p2a: Alomomola
|-damage|p2a: Alomomola|65/100
|
|-weather|SunnyDay|[upkeep]
|upkeep
|turn|17
|
|t:|1760299359
|move|p1a: Walking Wake|Hydro Steam|p2a: Alomomola
|-resisted|p2a: Alomomola
|-damage|p2a: Alomomola|44/100
|move|p2a: Alomomola|Flip Turn|p1a: Walking Wake
|-resisted|p1a: Walking Wake
|-damage|p1a: Walking Wake|43/100
|
|t:|1760299361
|switch|p2a: Rillaboom|Rillaboom, F|100/100|[from] Flip Turn
|-damage|p2a: Rillaboom|88/100|[from] Stealth Rock
|-fieldstart|move: Grassy Terrain|[from] ability: Grassy Surge|[of] p2a: Rillaboom
|
|-weather|SunnyDay|[upkeep]
|-heal|p1a: Walking Wake|49/100|[from] Grassy Terrain
|-heal|p2a: Rillaboom|94/100|[from] Grassy Terrain
|upkeep
|turn|18
|
|t:|1760299369
|move|p1a: Walking Wake|Hydro Steam|p2a: Rillaboom
|-resisted|p2a: Rillaboom
|-damage|p2a: Rillaboom|40/100
|move|p2a: Rillaboom|U-turn|p1a: Walking Wake
|-damage|p1a: Walking Wake|6/100
|j| RagingBoltLover
|
|t:|1760299375
|switch|p2a: Alomomola|Alomomola, F|77/100|[from] U-turn
|-damage|p2a: Alomomola|65/100|[from] Stealth Rock
|
|-weather|none
|-end|p1a: Walking Wake|Protosynthesis
|-heal|p1a: Walking Wake|12/100|[from] Grassy Terrain
|-heal|p2a: Alomomola|71/100|[from] Grassy Terrain
|upkeep
|turn|19
|
|t:|1760299383
|-end|p1a: Walking Wake|Protosynthesis|[silent]
|switch|p1a: Torkoal|Torkoal, F|66/100
|-damage|p1a: Torkoal|41/100|[from] Stealth Rock
|-weather|SunnyDay|[from] ability: Drought|[of] p1a: Torkoal
|move|p2a: Alomomola|Flip Turn|p1a: Torkoal
|-supereffective|p1a: Torkoal
|-damage|p1a: Torkoal|28/100
|
|t:|1760299411
|switch|p2a: Darkrai|Darkrai, tera:Poison|92/100|[from] Flip Turn
|-damage|p2a: Darkrai|80/100|[from] Stealth Rock
|
|-weather|SunnyDay|[upkeep]
|-heal|p2a: Darkrai|86/100|[from] Grassy Terrain
|-heal|p2a: Darkrai|92/100|[from] item: Leftovers
|-heal|p1a: Torkoal|35/100|[from] Grassy Terrain
|upkeep
|turn|20
|
|t:|1760299416
|move|p2a: Darkrai|Dark Pulse|p1a: Torkoal
|-damage|p1a: Torkoal|0 fnt
|faint|p1a: Torkoal
|
|-weather|SunnyDay|[upkeep]
|-heal|p2a: Darkrai|98/100|[from] Grassy Terrain
|-heal|p2a: Darkrai|100/100|[from] item: Leftovers
|upkeep
|
|t:|1760299422
|switch|p1a: Slither Wing|Slither Wing|65/100 brn
|-damage|p1a: Slither Wing|53/100 brn|[from] Stealth Rock
|-activate|p1a: Slither Wing|ability: Protosynthesis
|-start|p1a: Slither Wing|protosynthesisatk
|turn|21
|
|t:|1760299431
|move|p2a: Darkrai|Dark Pulse|p1a: Slither Wing
|-resisted|p1a: Slither Wing
|-damage|p1a: Slither Wing|38/100 brn
|move|p1a: Slither Wing|Earthquake|p2a: Darkrai
|-supereffective|p2a: Darkrai
|-damage|p2a: Darkrai|67/100
|
|-weather|SunnyDay|[upkeep]
|-heal|p2a: Darkrai|73/100|[from] Grassy Terrain
|-heal|p2a: Darkrai|79/100|[from] item: Leftovers
|-heal|p1a: Slither Wing|44/100 brn|[from] Grassy Terrain
|-damage|p1a: Slither Wing|38/100 brn|[from] brn
|-fieldend|move: Grassy Terrain
|upkeep
|turn|22
|
|t:|1760299449
|switch|p2a: Alomomola|Alomomola, F|100/100
|-damage|p2a: Alomomola|88/100|[from] Stealth Rock
|move|p1a: Slither Wing|Earthquake|p2a: Alomomola
|-damage|p2a: Alomomola|69/100
|
|-weather|SunnyDay|[upkeep]
|-damage|p1a: Slither Wing|32/100 brn|[from] brn
|upkeep
|turn|23
|
|t:|1760299453
|move|p1a: Slither Wing|U-turn|p2a: Alomomola
|-damage|p2a: Alomomola|46/100
|
|t:|1760299455
|-end|p1a: Slither Wing|Protosynthesis|[silent]
|switch|p1a: Hatterene|Hatterene, F|93/100|[from] U-turn
|-damage|p1a: Hatterene|81/100|[from] Stealth Rock
|move|p2a: Alomomola|Flip Turn|p1a: Hatterene
|-damage|p1a: Hatterene|73/100
|
|t:|1760299462
|switch|p2a: Iron Crown|Iron Crown|100/100|[from] Flip Turn
|-damage|p2a: Iron Crown|94/100|[from] Stealth Rock
|
|-weather|SunnyDay|[upkeep]
|upkeep
|turn|24
|
|t:|1760299467
|move|p2a: Iron Crown|Tachyon Cutter|p1a: Hatterene
|-supereffective|p1a: Hatterene
|-damage|p1a: Hatterene|0 fnt
|faint|p1a: Hatterene
|-hitcount|p1: Hatterene|1
|
|-weather|SunnyDay|[upkeep]
|upkeep
|
|t:|1760299469
|switch|p1a: Zamazenta|Zamazenta|100/100
|-damage|p1a: Zamazenta|94/100|[from] Stealth Rock
|-ability|p1a: Zamazenta|Dauntless Shield|boost
|-boost|p1a: Zamazenta|def|1
|turn|25
|
|t:|1760299471
|-terastallize|p1a: Zamazenta|Steel
|move|p1a: Zamazenta|Iron Defense|p1a: Zamazenta
|-boost|p1a: Zamazenta|def|2
|move|p2a: Iron Crown|Tachyon Cutter|p1a: Zamazenta
|-resisted|p1a: Zamazenta
|-damage|p1a: Zamazenta|78/100
|-resisted|p1a: Zamazenta
|-damage|p1a: Zamazenta|62/100
|-hitcount|p1a: Zamazenta|2
|
|-weather|SunnyDay|[upkeep]
|-heal|p1a: Zamazenta|68/100|[from] item: Leftovers
|upkeep
|turn|26
|
|t:|1760299476
|-end|p2a: Iron Crown|Quark Drive|[silent]
|switch|p2a: Hatterene|Hatterene, F|77/100
|-damage|p2a: Hatterene|65/100|[from] Stealth Rock
|move|p1a: Zamazenta|Iron Defense|p1a: Zamazenta
|-boost|p1a: Zamazenta|def|2
|
|-weather|none
|-heal|p1a: Zamazenta|74/100|[from] item: Leftovers
|-heal|p2a: Hatterene|71/100|[from] item: Leftovers
|upkeep
|turn|27
|
|t:|1760299481
|move|p1a: Zamazenta|Heavy Slam|p2a: Hatterene
|-supereffective|p2a: Hatterene
|-damage|p2a: Hatterene|0 fnt
|faint|p2a: Hatterene
|
|-heal|p1a: Zamazenta|80/100|[from] item: Leftovers
|upkeep
|inactive|chall torvikk has 120 seconds left.
|c|☆chall torvikk|play like shit the entire game, go zama, click tera and win
|inactive|chall torvikk has 90 seconds left.
|c|☆chall torvikk|skilled tier
|
|t:|1760299549
|switch|p2a: Darkrai|Darkrai, tera:Poison|79/100
|-damage|p2a: Darkrai|67/100|[from] Stealth Rock
|turn|28
|
|t:|1760299554
|move|p1a: Zamazenta|Body Press|p2a: Darkrai
|-resisted|p2a: Darkrai
|-damage|p2a: Darkrai|0 fnt
|faint|p2a: Darkrai
|
|-heal|p1a: Zamazenta|86/100|[from] item: Leftovers
|upkeep
|
|t:|1760299559
|switch|p2a: Garchomp|Garchomp, F|100/100
|-damage|p2a: Garchomp|94/100|[from] Stealth Rock
|turn|29
|c|☆Parker757|play towards za win
|c|☆Parker757|and position it to win
|
|t:|1760299569
|move|p1a: Zamazenta|Body Press|p2a: Garchomp
|-damage|p2a: Garchomp|17/100
|-damage|p1a: Zamazenta|74/100|[from] ability: Rough Skin|[of] p2a: Garchomp
|-damage|p1a: Zamazenta|57/100|[from] item: Rocky Helmet|[of] p2a: Garchomp
|move|p2a: Garchomp|Dragon Tail|p1a: Zamazenta
|-resisted|p1a: Zamazenta
|-crit|p1a: Zamazenta
|-damage|p1a: Zamazenta|41/100
|drag|p1a: Walking Wake|Walking Wake|12/100
|-damage|p1a: Walking Wake|0 fnt|[from] Stealth Rock
|faint|p1a: Walking Wake
|-end|p1a: Walking Wake|Protosynthesis|[silent]
|
|upkeep
|
|t:|1760299581
|switch|p1a: Iron Moth|Iron Moth|16/100
|-damage|p1a: Iron Moth|0 fnt|[from] Stealth Rock
|faint|p1a: Iron Moth
|-end|p1a: Iron Moth|Quark Drive|[silent]
|j| bob smoke
|
|t:|1760299583
|switch|p1a: Slither Wing|Slither Wing|32/100 brn
|-damage|p1a: Slither Wing|19/100 brn|[from] Stealth Rock
|turn|30
|c|☆chall torvikk|there is 0 skill
|inactive|chall torvikk has 120 seconds left.
|c|☆chall torvikk|you cant win a game in a tier without tera
|
|t:|1760299611
|switch|p2a: Alomomola|Alomomola, F|80/100
|-damage|p2a: Alomomola|67/100|[from] Stealth Rock
|move|p1a: Slither Wing|Earthquake|p2a: Alomomola
|-damage|p2a: Alomomola|51/100
|
|-damage|p1a: Slither Wing|13/100 brn|[from] brn
|upkeep
|turn|31
|
|t:|1760299618
|move|p1a: Slither Wing|Earthquake|p2a: Alomomola
|-damage|p2a: Alomomola|36/100
|move|p2a: Alomomola|Flip Turn|p1a: Slither Wing
|-damage|p1a: Slither Wing|0 fnt
|faint|p1a: Slither Wing
|-end|p1a: Slither Wing|Protosynthesis|[silent]
|c|☆chall torvikk|and you still lose btw
|
|t:|1760299632
|switch|p2a: Iron Crown|Iron Crown|94/100|[from] Flip Turn
|-damage|p2a: Iron Crown|88/100|[from] Stealth Rock
|
|upkeep
|c|☆Parker757|why so mad bro
|c|☆Parker757|didnt even say anything to u
|
|t:|1760299639
|switch|p1a: Zamazenta|Zamazenta, tera:Steel|41/100
|-damage|p1a: Zamazenta|35/100|[from] Stealth Rock
|turn|32
|inactive|chall torvikk has 120 seconds left.
|c|☆chall torvikk|cause this tier make people bad at the game
|c|☆chall torvikk|this not your fault
|c|☆chall torvikk|just bad decisions
|inactive|chall torvikk has 90 seconds left.
|
|t:|1760299676
|move|p1a: Zamazenta|Iron Defense|p1a: Zamazenta
|-boost|p1a: Zamazenta|def|2
|move|p2a: Iron Crown|Psychic Noise|p1a: Zamazenta
|-resisted|p1a: Zamazenta
|-damage|p1a: Zamazenta|9/100
|-start|p1a: Zamazenta|move: Heal Block
|
|upkeep
|turn|33
|
|t:|1760299683
|move|p1a: Zamazenta|Body Press|p2a: Iron Crown
|-damage|p2a: Iron Crown|9/100
|move|p2a: Iron Crown|Psychic Noise|p1a: Zamazenta
|-resisted|p1a: Zamazenta
|-damage|p1a: Zamazenta|0 fnt
|faint|p1a: Zamazenta
|
|win|chall torvikk
|raw|Parker757's rating: 1707 &rarr; <strong>1695</strong><br />(-12 for losing)
|raw|chall torvikk's rating: 1849 &rarr; <strong>1861</strong><br />(+12 for winning)
|c|☆Parker757|gg
|l| deadbyflinch
|l|☆Parker757
|player|p1|
|c|☆chall torvikk|gg gl
|l| bob smoke
|l|☆chall torvikk
|player|p2|
