|j|☆redaceboom
|j|☆jwhi
|t:|1760378876
|gametype|singles
|player|p1|redaceboom|1|1185
|player|p2|jwhi|ingo|1243
|gen|9
|tier|[Gen 9] OU
|rated|
|rule|HP Percentage Mod: HP is shown in percentages
|rule|Endless Battle Clause: Forcing endless battles is banned
|rule|Species Clause: Limit one of each Pokémon
|rule|OHKO Clause: OHKO moves are banned
|rule|Evasion Items Clause: Evasion items are banned
|rule|Evasion Moves Clause: Evasion moves are banned
|rule|Evasion Abilities Clause: Evasion abilities are banned
|rule|Sleep Moves Clause: Sleep-inducing moves are banned
|clearpoke
|poke|p1|Pecharunt|
|poke|p1|Walking Wake|
|poke|p1|Torkoal, M|
|poke|p1|Raging Bolt|
|poke|p1|Lilligant-Hisui, F|
|poke|p1|Corviknight, F|
|poke|p2|Floatzel, F|
|poke|p2|Pelipper, F|
|poke|p2|Arcanine-Hisui, M|
|poke|p2|Kingdra, F|
|poke|p2|Lycanroc-Dusk, M|
|poke|p2|Salamence, M|
|teampreview
|inactive|Battle timer is ON: inactive players will automatically lose when time's up. (requested by jwhi)
|
|t:|1760378883
|teamsize|p1|6
|teamsize|p2|6
|start
|switch|p1a: Walking Wake|Walking Wake|100/100
|switch|p2a: Lycanroc|Lycanroc-Dusk, M|100/100
|turn|1
|
|t:|1760378895
|move|p1a: Walking Wake|Flip Turn|p2a: Lycanroc
|-supereffective|p2a: Lycanroc
|-damage|p2a: Lycanroc|51/100
|
|t:|1760378906
|-end|p1a: Walking Wake|Protosynthesis|[silent]
|switch|p1a: Lilligant|Lilligant-Hisui, F|100/100|[from] Flip Turn
|move|p2a: Lycanroc|Swords Dance|p2a: Lycanroc
|-boost|p2a: Lycanroc|atk|2
|
|upkeep
|turn|2
|
|t:|1760378914
|move|p2a: Lycanroc|Accelerock|p1a: Lilligant
|-resisted|p1a: Lilligant
|-damage|p1a: Lilligant|60/100
|move|p1a: Lilligant|Axe Kick|p2a: Lycanroc|[miss]
|-miss|p1a: Lilligant|p2a: Lycanroc
|-damage|p1a: Lilligant|10/100|[from] highjumpkick
|
|upkeep
|turn|3
|
|t:|1760378920
|move|p2a: Lycanroc|Accelerock|p1a: Lilligant
|-resisted|p1a: Lilligant
|-damage|p1a: Lilligant|0 fnt
|faint|p1a: Lilligant
|
|upkeep
|
|t:|1760378922
|switch|p1a: Raging Bolt|Raging Bolt|100/100
|turn|4
|
|t:|1760378926
|move|p2a: Lycanroc|Accelerock|p1a: Raging Bolt
|-damage|p1a: Raging Bolt|46/100
|move|p1a: Raging Bolt|Draco Meteor|p2a: Lycanroc
|-damage|p2a: Lycanroc|0 fnt
|-unboost|p1a: Raging Bolt|spa|2
|faint|p2a: Lycanroc
|
|upkeep
|
|t:|1760378939
|switch|p2a: Pelipper|Pelipper, F|100/100
|-weather|RainDance|[from] ability: Drizzle|[of] p2a: Pelipper
|turn|5
|
|t:|1760378943
|move|p1a: Raging Bolt|Volt Switch|p2a: Pelipper
|-supereffective|p2a: Pelipper
|-damage|p2a: Pelipper|0 fnt
|faint|p2a: Pelipper
|
|t:|1760378946
|-end|p1a: Raging Bolt|Protosynthesis|[silent]
|switch|p1a: Torkoal|Torkoal, M|100/100|[from] Volt Switch
|-weather|SunnyDay|[from] ability: Drought|[of] p1a: Torkoal
|
|-weather|SunnyDay|[upkeep]
|upkeep
|
|t:|1760378955
|switch|p2a: Salamence|Salamence, M|100/100
|turn|6
|
|t:|1760378959
|move|p2a: Salamence|Earthquake|p1a: Torkoal
|-supereffective|p1a: Torkoal
|-damage|p1a: Torkoal|18/100
|-damage|p2a: Salamence|91/100|[from] item: Life Orb
|move|p1a: Torkoal|Will-O-Wisp|p2a: Salamence
|-status|p2a: Salamence|brn
|
|-weather|SunnyDay|[upkeep]
|-damage|p2a: Salamence|84/100 brn|[from] brn
|upkeep
|turn|7
|
|t:|1760378967
|switch|p1a: Raging Bolt|Raging Bolt|46/100
|-activate|p1a: Raging Bolt|ability: Protosynthesis
|-start|p1a: Raging Bolt|protosynthesisspa
|move|p2a: Salamence|Dragon Dance|p2a: Salamence
|-boost|p2a: Salamence|atk|1
|-boost|p2a: Salamence|spe|1
|
|-weather|SunnyDay|[upkeep]
|-damage|p2a: Salamence|78/100 brn|[from] brn
|upkeep
|turn|8
|
|t:|1760378972
|-terastallize|p1a: Raging Bolt|Electric
|move|p2a: Salamence|Breaking Swipe|p1a: Raging Bolt
|-damage|p1a: Raging Bolt|15/100
|-unboost|p1a: Raging Bolt|atk|1
|-damage|p2a: Salamence|68/100 brn|[from] item: Life Orb
|move|p1a: Raging Bolt|Draco Meteor|p2a: Salamence
|-supereffective|p2a: Salamence
|-damage|p2a: Salamence|0 fnt
|-unboost|p1a: Raging Bolt|spa|2
|faint|p2a: Salamence
|
|-weather|SunnyDay|[upkeep]
|upkeep
|
|t:|1760378980
|switch|p2a: Arcanine|Arcanine-Hisui, M|100/100
|turn|9
|
|t:|1760378987
|move|p2a: Arcanine|Extreme Speed|p1a: Raging Bolt
|-damage|p1a: Raging Bolt|0 fnt
|faint|p1a: Raging Bolt
|-end|p1a: Raging Bolt|Protosynthesis|[silent]
|
|-weather|SunnyDay|[upkeep]
|upkeep
|
|t:|1760378990
|switch|p1a: Pecharunt|Pecharunt|100/100
|turn|10
|
|t:|1760378995
|move|p2a: Arcanine|Flare Blitz|p1a: Pecharunt
|-damage|p1a: Pecharunt|52/100
|move|p1a: Pecharunt|Parting Shot|p2a: Arcanine
|-unboost|p2a: Arcanine|atk|1
|-unboost|p2a: Arcanine|spa|1
|
|t:|1760379006
|switch|p1a: Walking Wake|Walking Wake|100/100|[from] Parting Shot
|-activate|p1a: Walking Wake|ability: Protosynthesis
|-start|p1a: Walking Wake|protosynthesisspa
|
|-weather|SunnyDay|[upkeep]
|upkeep
|turn|11
|
|t:|1760379019
|switch|p2a: Kingdra|Kingdra, F|100/100
|move|p1a: Walking Wake|Hydro Steam|p2a: Kingdra
|-resisted|p2a: Kingdra
|-damage|p2a: Kingdra|75/100
|
|-weather|SunnyDay|[upkeep]
|upkeep
|turn|12
|
|t:|1760379028
|-end|p1a: Walking Wake|Protosynthesis|[silent]
|switch|p1a: Pecharunt|Pecharunt|52/100
|move|p2a: Kingdra|Ice Beam|p1a: Pecharunt
|-damage|p1a: Pecharunt|26/100
|-damage|p2a: Kingdra|65/100|[from] item: Life Orb
|
|-weather|none
|-heal|p1a: Pecharunt|32/100|[from] item: Black Sludge
|upkeep
|turn|13
|
|t:|1760379040
|move|p2a: Kingdra|Ice Beam|p1a: Pecharunt
|-damage|p1a: Pecharunt|5/100
|-damage|p2a: Kingdra|55/100|[from] item: Life Orb
|move|p1a: Pecharunt|Malignant Chain|p2a: Kingdra
|-damage|p2a: Kingdra|18/100
|-status|p2a: Kingdra|tox
|-start|p2a: Kingdra|confusion|[from] ability: Poison Puppeteer|[of] p1a: Pecharunt
|
|-heal|p1a: Pecharunt|11/100|[from] item: Black Sludge
|-damage|p2a: Kingdra|12/100 tox|[from] psn
|upkeep
|turn|14
|
|t:|1760379052
|switch|p1a: Corviknight|Corviknight, F|100/100
|-ability|p1a: Corviknight|Pressure
|-activate|p2a: Kingdra|confusion
|-damage|p2a: Kingdra|3/100 tox|[from] confusion
|
|-damage|p2a: Kingdra|0 fnt|[from] psn
|faint|p2a: Kingdra
|upkeep
|
|t:|1760379060
|switch|p2a: Arcanine|Arcanine-Hisui, M|100/100
|turn|15
|
|t:|1760379064
|move|p1a: Corviknight|Protect|p1a: Corviknight
|-singleturn|p1a: Corviknight|Protect
|move|p2a: Arcanine|Flare Blitz|p1a: Corviknight
|-activate|p1a: Corviknight|move: Protect
|
|upkeep
|turn|16
|
|t:|1760379072
|switch|p1a: Torkoal|Torkoal, M|18/100
|-weather|SunnyDay|[from] ability: Drought|[of] p1a: Torkoal
|move|p2a: Arcanine|Flare Blitz|p1a: Torkoal
|-resisted|p1a: Torkoal
|-damage|p1a: Torkoal|0 fnt
|faint|p1a: Torkoal
|
|-weather|SunnyDay|[upkeep]
|upkeep
|
|t:|1760379076
|switch|p1a: Walking Wake|Walking Wake|100/100
|-activate|p1a: Walking Wake|ability: Protosynthesis
|-start|p1a: Walking Wake|protosynthesisspa
|turn|17
|
|t:|1760379083
|move|p1a: Walking Wake|Hydro Steam|p2a: Arcanine
|-supereffective|p2a: Arcanine
|-enditem|p2a: Arcanine|Focus Sash
|-damage|p2a: Arcanine|1/100
|move|p2a: Arcanine|Head Smash|p1a: Walking Wake
|-damage|p1a: Walking Wake|28/100
|
|-weather|SunnyDay|[upkeep]
|upkeep
|turn|18
|
|t:|1760379091
|move|p2a: Arcanine|Extreme Speed|p1a: Walking Wake
|-damage|p1a: Walking Wake|0 fnt
|faint|p1a: Walking Wake
|-end|p1a: Walking Wake|Protosynthesis|[silent]
|
|-weather|SunnyDay|[upkeep]
|upkeep
|
|t:|1760379096
|switch|p1a: Pecharunt|Pecharunt|11/100
|turn|19
|
|t:|1760379099
|move|p2a: Arcanine|Flare Blitz|p1a: Pecharunt
|-damage|p1a: Pecharunt|0 fnt
|faint|p1a: Pecharunt
|
|-weather|SunnyDay|[upkeep]
|upkeep
|-message|redaceboom forfeited.
|
|win|jwhi
|raw|redaceboom's rating: 1185 &rarr; <strong>1164</strong><br />(-21 for losing)
|raw|jwhi's rating: 1243 &rarr; <strong>1264</strong><br />(+21 for winning)
|l|☆redaceboom
|player|p1|
|l|☆jwhi
|player|p2|
