|j|☆sansdisco
|j|☆arvends5
|t:|1760335505
|gametype|singles
|player|p1|sansdisco|170|1233
|player|p2|arvends5|blackbelt|1239
|gen|9
|tier|[Gen 9] OU
|rated|
|rule|HP Percentage Mod: HP is shown in percentages
|rule|Endless Battle Clause: Forcing endless battles is banned
|rule|Species Clause: Limit one of each Pokémon
|rule|OHKO Clause: OHKO moves are banned
|rule|Evasion Items Clause: Evasion items are banned
|rule|Evasion Moves Clause: Evasion moves are banned
|rule|Evasion Abilities Clause: Evasion abilities are banned
|rule|Sleep Moves Clause: Sleep-inducing moves are banned
|clearpoke
|poke|p1|Toucannon, F|
|poke|p1|Iron Treads|
|poke|p1|Abomasnow, M|
|poke|p1|Hatterene, F|
|poke|p1|Raging Bolt|
|poke|p1|Ceruledge, M|
|poke|p2|Venusaur, M|
|poke|p2|Ninetales, F|
|poke|p2|Tentacruel, M|
|poke|p2|Ditto|
|poke|p2|Haxorus, M|
|poke|p2|Samurott-Hisui, F|
|teampreview
|
|t:|1760335517
|teamsize|p1|6
|teamsize|p2|6
|start
|switch|p1a: Toucannon|Toucannon, F, shiny|100/100
|switch|p2a: Ninetales|Ninetales, F|100/100
|-weather|SunnyDay|[from] ability: Drought|[of] p2a: Ninetales
|turn|1
|
|t:|1760335532
|move|p2a: Ninetales|Will-O-Wisp|p1a: Toucannon|[miss]
|-miss|p2a: Ninetales|p1a: Toucannon
|move|p1a: Toucannon|Rock Blast|p2a: Ninetales
|-supereffective|p2a: Ninetales
|-damage|p2a: Ninetales|73/100
|-supereffective|p2a: Ninetales
|-damage|p2a: Ninetales|46/100
|-supereffective|p2a: Ninetales
|-damage|p2a: Ninetales|19/100
|-supereffective|p2a: Ninetales
|-damage|p2a: Ninetales|0 fnt
|faint|p2a: Ninetales
|-hitcount|p2: Ninetales|4
|
|-weather|SunnyDay|[upkeep]
|upkeep
|
|t:|1760335538
|switch|p2a: Venusaur|Venusaur, M|100/100
|turn|2
|
|t:|1760335549
|-terastallize|p2a: Venusaur|Poison
|-singleturn|p1a: Toucannon|move: Beak Blast
|move|p2a: Venusaur|Growth|p2a: Venusaur
|-boost|p2a: Venusaur|atk|2
|-boost|p2a: Venusaur|spa|2
|move|p1a: Toucannon|Beak Blast|p2a: Venusaur
|-damage|p2a: Venusaur|29/100
|
|-weather|SunnyDay|[upkeep]
|upkeep
|turn|3
|
|t:|1760335557
|switch|p1a: Iron Treads|Iron Treads, shiny|100/100
|-enditem|p1a: Iron Treads|Booster Energy
|-activate|p1a: Iron Treads|ability: Quark Drive|[fromitem]
|-start|p1a: Iron Treads|quarkdrivespe
|move|p2a: Venusaur|Sludge Bomb|p1a: Iron Treads
|-immune|p1a: Iron Treads
|
|-weather|SunnyDay|[upkeep]
|upkeep
|turn|4
|
|t:|1760335566
|-end|p1a: Iron Treads|Quark Drive|[silent]
|switch|p1a: Abomasnow|Abomasnow, M, shiny|100/100
|-weather|Snowscape|[from] ability: Snow Warning|[of] p1a: Abomasnow
|move|p2a: Venusaur|Earth Power|p1a: Abomasnow
|-resisted|p1a: Abomasnow
|-damage|p1a: Abomasnow|68/100
|-damage|p2a: Venusaur|19/100|[from] item: Life Orb
|
|-weather|Snowscape|[upkeep]
|upkeep
|turn|5
|
|t:|1760335573
|move|p1a: Abomasnow|Ice Shard|p2a: Venusaur
|-damage|p2a: Venusaur|2/100
|move|p2a: Venusaur|Earth Power|p1a: Abomasnow
|-resisted|p1a: Abomasnow
|-damage|p1a: Abomasnow|36/100
|-damage|p2a: Venusaur|0 fnt|[from] item: Life Orb
|faint|p2a: Venusaur
|
|-weather|Snowscape|[upkeep]
|upkeep
|
|t:|1760335577
|switch|p2a: Samurott|Samurott-Hisui, F|100/100
|turn|6
|
|t:|1760335582
|move|p2a: Samurott|Encore|p1a: Abomasnow
|-start|p1a: Abomasnow|Encore
|move|p1a: Abomasnow|Ice Shard|p2a: Samurott
|-resisted|p2a: Samurott
|-crit|p2a: Samurott
|-damage|p2a: Samurott|89/100
|
|-weather|Snowscape|[upkeep]
|upkeep
|turn|7
|
|t:|1760335585
|switch|p1a: Toucannon|Toucannon, F, shiny|100/100
|move|p2a: Samurott|Swords Dance|p2a: Samurott
|-boost|p2a: Samurott|atk|2
|
|-weather|Snowscape|[upkeep]
|upkeep
|turn|8
|
|t:|1760335590
|-singleturn|p1a: Toucannon|move: Beak Blast
|move|p2a: Samurott|Ceaseless Edge|p1a: Toucannon
|-damage|p1a: Toucannon|0 fnt
|-status|p2a: Samurott|brn
|-sidestart|p1: sansdisco|Spikes
|faint|p1a: Toucannon
|
|-weather|none
|-damage|p2a: Samurott|83/100 brn|[from] brn
|upkeep
|
|t:|1760335603
|switch|p1a: Raging Bolt|Raging Bolt|100/100
|-damage|p1a: Raging Bolt|88/100|[from] Spikes
|-enditem|p1a: Raging Bolt|Booster Energy
|-activate|p1a: Raging Bolt|ability: Protosynthesis|[fromitem]
|-start|p1a: Raging Bolt|protosynthesisspa
|turn|9
|
|t:|1760335608
|move|p1a: Raging Bolt|Thunderclap|p2a: Samurott
|-supereffective|p2a: Samurott
|-damage|p2a: Samurott|0 fnt
|faint|p2a: Samurott
|
|upkeep
|
|t:|1760335614
|switch|p2a: Haxorus|Haxorus, M|100/100
|-ability|p2a: Haxorus|Mold Breaker
|turn|10
|
|t:|1760335624
|-terastallize|p1a: Raging Bolt|Flying
|move|p2a: Haxorus|Earthquake|p1a: Raging Bolt
|-immune|p1a: Raging Bolt
|move|p1a: Raging Bolt|Dragon Pulse|p2a: Haxorus
|-supereffective|p2a: Haxorus
|-damage|p2a: Haxorus|0 fnt
|faint|p2a: Haxorus
|
|upkeep
|
|t:|1760335631
|switch|p2a: Ditto|Ditto|100/100
|-transform|p2a: Ditto|p1a: Raging Bolt|[from] ability: Imposter
|-start|p2a: Ditto|typechange|Electric/Dragon|[silent]
|turn|11
|
|t:|1760335636
|-end|p2a: Ditto|Protosynthesis|[silent]
|switch|p2a: Tentacruel|Tentacruel, M|100/100
|move|p1a: Raging Bolt|Dragon Pulse|p2a: Tentacruel
|-damage|p2a: Tentacruel|64/100
|
|-heal|p2a: Tentacruel|70/100|[from] item: Black Sludge
|upkeep
|turn|12
|-message|arvends5 forfeited.
|
|win|sansdisco
|raw|sansdisco's rating: 1233 &rarr; <strong>1258</strong><br />(+25 for winning)
|raw|arvends5's rating: 1239 &rarr; <strong>1214</strong><br />(-25 for losing)
|l|☆arvends5
|player|p2|
|l|☆sansdisco
|player|p1|
