|j|☆ivon_neeeeeee
|j|☆ollierob1
|t:|1760351394
|gametype|singles
|player|p1|ivon_neeeeeee|acetrainerf|1546
|player|p2|ollierob1|hoopster|1583
|gen|9
|tier|[Gen 9] OU
|rated|
|rule|HP Percentage Mod: HP is shown in percentages
|rule|Endless Battle Clause: Forcing endless battles is banned
|rule|Species Clause: Limit one of each Pokémon
|rule|OHKO Clause: OHKO moves are banned
|rule|Evasion Items Clause: Evasion items are banned
|rule|Evasion Moves Clause: Evasion moves are banned
|rule|Evasion Abilities Clause: Evasion abilities are banned
|rule|Sleep Moves Clause: Sleep-inducing moves are banned
|clearpoke
|poke|p1|Iron Valiant|
|poke|p1|Klefki, F|
|poke|p1|Alomomola, F|
|poke|p1|Kingambit, M|
|poke|p1|Gliscor, M|
|poke|p1|Slowking-Galar, M|
|poke|p2|Great Tusk|
|poke|p2|Glimmora, M|
|poke|p2|Dragonite, M|
|poke|p2|Deoxys-Speed|
|poke|p2|Ceruledge, M|
|poke|p2|Iron Valiant|
|teampreview
|
|t:|1760351406
|teamsize|p1|6
|teamsize|p2|6
|start
|switch|p1a: Slowking|Slowking-Galar, M|100/100
|switch|p2a: Glimmora|Glimmora, M, shiny|100/100
|turn|1
|
|t:|1760351413
|move|p2a: Glimmora|Stealth Rock|p1a: Slowking
|-sidestart|p1: ivon_neeeeeee|move: Stealth Rock
|move|p1a: Slowking|Psyshock|p2a: Glimmora
|-supereffective|p2a: Glimmora
|-damage|p2a: Glimmora|22/100
|
|upkeep
|turn|2
|
|t:|1760351422
|move|p2a: Glimmora|Meteor Beam||[still]
|-prepare|p2a: Glimmora|Meteor Beam
|-boost|p2a: Glimmora|spa|1
|-enditem|p2a: Glimmora|Power Herb
|-anim|p2a: Glimmora|Meteor Beam|p1a: Slowking
|-damage|p1a: Slowking|45/100
|-prepare|p1a: Slowking|Chilly Reception|[premajor]
|move|p1a: Slowking|Chilly Reception|p1a: Slowking
|-weather|Snowscape
|
|t:|1760351431
|switch|p1a: Iron Valiant|Iron Valiant|100/100|[from] Chilly Reception
|
|-weather|Snowscape|[upkeep]
|upkeep
|turn|3
|
|t:|1760351452
|move|p1a: Iron Valiant|Thunderbolt|p2a: Glimmora
|-damage|p2a: Glimmora|0 fnt
|faint|p2a: Glimmora
|
|-weather|Snowscape|[upkeep]
|upkeep
|
|t:|1760351455
|switch|p2a: Deoxys|Deoxys-Speed, shiny|100/100
|-ability|p2a: Deoxys|Pressure
|turn|4
|
|t:|1760351462
|-end|p1a: Iron Valiant|Quark Drive|[silent]
|switch|p1a: Klefki|Klefki, F|100/100
|-damage|p1a: Klefki|95/100|[from] Stealth Rock
|move|p2a: Deoxys|Light Screen|p2a: Deoxys
|-sidestart|p2: ollierob1|move: Light Screen
|
|-weather|Snowscape|[upkeep]
|upkeep
|turn|5
|
|t:|1760351470
|move|p1a: Klefki|Thunder Wave|p2a: Deoxys
|-status|p2a: Deoxys|par
|cant|p2a: Deoxys|par
|
|-weather|Snowscape|[upkeep]
|upkeep
|turn|6
|
|t:|1760351479
|move|p2a: Deoxys|Taunt|p1a: Klefki
|-start|p1a: Klefki|move: Taunt
|move|p1a: Klefki|Foul Play|p2a: Deoxys
|-supereffective|p2a: Deoxys
|-damage|p2a: Deoxys|67/100 par
|
|-weather|none
|upkeep
|turn|7
|
|t:|1760351488
|move|p2a: Deoxys|Reflect|p2a: Deoxys
|-sidestart|p2: ollierob1|Reflect
|move|p1a: Klefki|Foul Play|p2a: Deoxys
|-supereffective|p2a: Deoxys
|-damage|p2a: Deoxys|50/100 par
|
|upkeep
|turn|8
|
|t:|1760351494
|move|p2a: Deoxys|Night Shade|p1a: Klefki
|-damage|p1a: Klefki|63/100
|move|p1a: Klefki|Foul Play|p2a: Deoxys
|-supereffective|p2a: Deoxys
|-damage|p2a: Deoxys|33/100 par
|
|-end|p1a: Klefki|move: Taunt
|upkeep
|turn|9
|
|t:|1760351508
|switch|p1a: Slowking|Slowking-Galar, M|78/100
|cant|p2a: Deoxys|par
|
|upkeep
|turn|10
|
|t:|1760351519
|switch|p2a: Ceruledge|Ceruledge, M, shiny|100/100
|move|p1a: Slowking|Future Sight|p2a: Ceruledge
|-start|p1a: Slowking|move: Future Sight
|
|upkeep
|turn|11
|
|t:|1760351534
|move|p2a: Ceruledge|Poltergeist|p1a: Slowking
|-activate|p1a: Slowking|move: Poltergeist|Heavy-Duty Boots
|-supereffective|p1a: Slowking
|-damage|p1a: Slowking|0 fnt
|faint|p1a: Slowking
|-damage|p2a: Ceruledge|91/100|[from] item: Life Orb
|
|-sideend|p2: ollierob1|move: Light Screen
|upkeep
|
|t:|1760351557
|switch|p1a: Alomomola|Alomomola, F|100/100
|turn|12
|
|t:|1760351562
|switch|p2a: Deoxys|Deoxys-Speed, shiny|33/100 par
|-ability|p2a: Deoxys|Pressure
|move|p1a: Alomomola|Tickle|p2a: Deoxys
|-unboost|p2a: Deoxys|atk|1
|-unboost|p2a: Deoxys|def|1
|
|-end|p2a: Deoxys|move: Future Sight
|-resisted|p2a: Deoxys
|-damage|p2a: Deoxys|5/100 par
|upkeep
|turn|13
|
|t:|1760351573
|move|p2a: Deoxys|Light Screen|p2a: Deoxys
|-sidestart|p2: ollierob1|move: Light Screen
|move|p1a: Alomomola|Flip Turn|p2a: Deoxys
|-damage|p2a: Deoxys|0 fnt
|faint|p2a: Deoxys
|
|t:|1760351587
|switch|p1a: Klefki|Klefki, F|63/100|[from] Flip Turn
|-damage|p1a: Klefki|57/100|[from] Stealth Rock
|
|upkeep
|j| fishingforbirds
|j| mig.ang
|
|t:|1760351609
|switch|p2a: Great Tusk|Great Tusk, shiny|100/100
|-enditem|p2a: Great Tusk|Booster Energy
|-activate|p2a: Great Tusk|ability: Protosynthesis|[fromitem]
|-start|p2a: Great Tusk|protosynthesisspe
|turn|14
|
|t:|1760351617
|switch|p1a: Alomomola|Alomomola, F|100/100
|move|p2a: Great Tusk|Taunt|p1a: Alomomola
|-start|p1a: Alomomola|move: Taunt
|
|-sideend|p2: ollierob1|Reflect
|upkeep
|turn|15
|
|t:|1760351625
|-end|p2a: Great Tusk|Protosynthesis|[silent]
|switch|p2a: Dragonite|Dragonite, M, shiny|100/100
|move|p1a: Alomomola|Flip Turn|p2a: Dragonite
|-resisted|p2a: Dragonite
|-damage|p2a: Dragonite|97/100
|
|t:|1760351631
|switch|p1a: Klefki|Klefki, F|57/100|[from] Flip Turn
|-damage|p1a: Klefki|51/100|[from] Stealth Rock
|
|upkeep
|turn|16
|
|t:|1760351636
|move|p1a: Klefki|Magnet Rise|p1a: Klefki
|-start|p1a: Klefki|Magnet Rise
|move|p2a: Dragonite|Earthquake|p1a: Klefki
|-immune|p1a: Klefki
|
|upkeep
|turn|17
|
|t:|1760351644
|switch|p2a: Great Tusk|Great Tusk, shiny|100/100
|move|p1a: Klefki|Thunder Wave|p2a: Great Tusk
|-immune|p2a: Great Tusk
|
|upkeep
|turn|18
|
|t:|1760351651
|switch|p1a: Alomomola|Alomomola, F|100/100
|move|p2a: Great Tusk|Bulk Up|p2a: Great Tusk
|-boost|p2a: Great Tusk|atk|1
|-boost|p2a: Great Tusk|def|1
|
|upkeep
|turn|19
|
|t:|1760351665
|move|p2a: Great Tusk|Head Smash|p1a: Alomomola
|-damage|p1a: Alomomola|67/100
|-damage|p2a: Great Tusk|80/100|[from] Recoil
|move|p1a: Alomomola|Flip Turn|p2a: Great Tusk
|-supereffective|p2a: Great Tusk
|-damage|p2a: Great Tusk|66/100
|
|t:|1760351672
|switch|p1a: Iron Valiant|Iron Valiant|100/100|[from] Flip Turn
|
|upkeep
|turn|20
|
|t:|1760351683
|-end|p1a: Iron Valiant|Quark Drive|[silent]
|switch|p1a: Alomomola|Alomomola, F|100/100
|move|p2a: Great Tusk|Headlong Rush|p1a: Alomomola
|-damage|p1a: Alomomola|59/100
|-unboost|p2a: Great Tusk|def|1
|-unboost|p2a: Great Tusk|spd|1
|
|-sideend|p2: ollierob1|move: Light Screen
|upkeep
|turn|21
|
|t:|1760351693
|move|p2a: Great Tusk|Headlong Rush|p1a: Alomomola
|-damage|p1a: Alomomola|15/100
|-unboost|p2a: Great Tusk|def|1
|-unboost|p2a: Great Tusk|spd|1
|move|p1a: Alomomola|Flip Turn|p2a: Great Tusk
|-supereffective|p2a: Great Tusk
|-damage|p2a: Great Tusk|37/100
|
|t:|1760351703
|switch|p1a: Iron Valiant|Iron Valiant|100/100|[from] Flip Turn
|
|upkeep
|turn|22
|
|t:|1760351707
|move|p1a: Iron Valiant|Moonblast|p2a: Great Tusk
|-supereffective|p2a: Great Tusk
|-damage|p2a: Great Tusk|0 fnt
|faint|p2a: Great Tusk
|-end|p2a: Great Tusk|Protosynthesis|[silent]
|
|upkeep
|
|t:|1760351713
|switch|p2a: Ceruledge|Ceruledge, M, shiny|91/100
|turn|23
|
|t:|1760351729
|move|p1a: Iron Valiant|Knock Off|p2a: Ceruledge
|-supereffective|p2a: Ceruledge
|-damage|p2a: Ceruledge|14/100
|-ability|p2a: Ceruledge|Weak Armor|boost
|-unboost|p2a: Ceruledge|def|1
|-boost|p2a: Ceruledge|spe|2
|-enditem|p2a: Ceruledge|Life Orb|[from] move: Knock Off|[of] p1a: Iron Valiant
|move|p2a: Ceruledge|Swords Dance|p2a: Ceruledge
|-boost|p2a: Ceruledge|atk|2
|
|upkeep
|turn|24
|
|t:|1760351748
|-end|p1a: Iron Valiant|Quark Drive|[silent]
|switch|p1a: Alomomola|Alomomola, F|48/100
|move|p2a: Ceruledge|Bitter Blade|p1a: Alomomola
|-resisted|p1a: Alomomola
|-damage|p1a: Alomomola|24/100
|-heal|p2a: Ceruledge|36/100|[from] drain|[of] p1a: Alomomola
|
|upkeep
|turn|25
|inactive|Battle timer is ON: inactive players will automatically lose when time's up. (requested by ivon_neeeeeee)
|
|t:|1760351786
|move|p2a: Ceruledge|Bitter Blade|p1a: Alomomola
|-resisted|p1a: Alomomola
|-damage|p1a: Alomomola|0 fnt
|-heal|p2a: Ceruledge|58/100|[from] drain|[of] p1a: Alomomola
|faint|p1a: Alomomola
|
|upkeep
|l| mig.ang
|
|t:|1760351799
|switch|p1a: Klefki|Klefki, F|51/100
|-damage|p1a: Klefki|45/100|[from] Stealth Rock
|turn|26
|inactive|ollierob1 has 120 seconds left.
|
|t:|1760351832
|move|p1a: Klefki|Thunder Wave|p2a: Ceruledge
|-status|p2a: Ceruledge|par
|cant|p2a: Ceruledge|par
|
|upkeep
|turn|27
|
|t:|1760351840
|move|p2a: Ceruledge|Bitter Blade|p1a: Klefki
|-supereffective|p1a: Klefki
|-crit|p1a: Klefki
|-damage|p1a: Klefki|0 fnt
|-heal|p2a: Ceruledge|82/100 par|[from] drain|[of] p1a: Klefki
|-damage|p2a: Ceruledge|65/100 par|[from] item: Rocky Helmet|[of] p1a: Klefki
|faint|p1a: Klefki
|
|upkeep
|
|t:|1760351848
|switch|p1a: Iron Valiant|Iron Valiant|100/100
|turn|28
|
|t:|1760351852
|cant|p2a: Ceruledge|par
|move|p1a: Iron Valiant|Knock Off|p2a: Ceruledge
|-supereffective|p2a: Ceruledge
|-damage|p2a: Ceruledge|0 fnt
|faint|p2a: Ceruledge
|
|upkeep
|inactive|ollierob1 has 120 seconds left.
|
|t:|1760351884
|switch|p2a: Iron Valiant|Iron Valiant, shiny|100/100
|-enditem|p2a: Iron Valiant|Booster Energy
|-activate|p2a: Iron Valiant|ability: Quark Drive|[fromitem]
|-start|p2a: Iron Valiant|quarkdrivespe
|turn|29
|
|t:|1760351890
|-terastallize|p1a: Iron Valiant|Fairy
|move|p2a: Iron Valiant|Moonblast|p1a: Iron Valiant
|-damage|p1a: Iron Valiant|14/100
|move|p1a: Iron Valiant|Moonblast|p2a: Iron Valiant
|-supereffective|p2a: Iron Valiant
|-damage|p2a: Iron Valiant|0 fnt
|faint|p2a: Iron Valiant
|-end|p2a: Iron Valiant|Quark Drive|[silent]
|
|upkeep
|
|t:|1760351896
|switch|p2a: Dragonite|Dragonite, M, shiny|97/100
|turn|30
|
|t:|1760351903
|-terastallize|p2a: Dragonite|Fairy
|move|p1a: Iron Valiant|Moonblast|p2a: Dragonite
|-damage|p2a: Dragonite|52/100
|move|p2a: Dragonite|Dragon Dance|p2a: Dragonite
|-boost|p2a: Dragonite|atk|1
|-boost|p2a: Dragonite|spe|1
|
|upkeep
|turn|31
|
|t:|1760351913
|move|p2a: Dragonite|Roost|p2a: Dragonite
|-heal|p2a: Dragonite|100/100
|move|p1a: Iron Valiant|Moonblast|p2a: Dragonite
|-damage|p2a: Dragonite|75/100
|
|upkeep
|turn|32
|
|t:|1760351925
|move|p2a: Dragonite|Dragon Dance|p2a: Dragonite
|-boost|p2a: Dragonite|atk|1
|-boost|p2a: Dragonite|spe|1
|move|p1a: Iron Valiant|Moonblast|p2a: Dragonite
|-damage|p2a: Dragonite|23/100
|
|upkeep
|turn|33
|
|t:|1760351932
|move|p2a: Dragonite|Roost|p2a: Dragonite
|-heal|p2a: Dragonite|73/100
|move|p1a: Iron Valiant|Moonblast|p2a: Dragonite
|-damage|p2a: Dragonite|26/100
|
|upkeep
|turn|34
|
|t:|1760351939
|move|p2a: Dragonite|Roost|p2a: Dragonite
|-heal|p2a: Dragonite|77/100
|move|p1a: Iron Valiant|Moonblast|p2a: Dragonite
|-crit|p2a: Dragonite
|-damage|p2a: Dragonite|11/100
|
|upkeep
|turn|35
|
|t:|1760351945
|move|p2a: Dragonite|Roost|p2a: Dragonite
|-heal|p2a: Dragonite|61/100
|move|p1a: Iron Valiant|Moonblast|p2a: Dragonite
|-damage|p2a: Dragonite|10/100
|
|upkeep
|turn|36
|
|t:|1760351952
|move|p2a: Dragonite|Roost|p2a: Dragonite
|-heal|p2a: Dragonite|60/100
|move|p1a: Iron Valiant|Moonblast|p2a: Dragonite
|-damage|p2a: Dragonite|8/100
|
|upkeep
|turn|37
|
|t:|1760351959
|move|p2a: Dragonite|Roost|p2a: Dragonite
|-heal|p2a: Dragonite|58/100
|move|p1a: Iron Valiant|Moonblast|p2a: Dragonite
|-damage|p2a: Dragonite|12/100
|
|upkeep
|turn|38
|
|t:|1760351967
|move|p2a: Dragonite|Roost|p2a: Dragonite
|-heal|p2a: Dragonite|62/100
|move|p1a: Iron Valiant|Moonblast|p2a: Dragonite
|-damage|p2a: Dragonite|14/100
|
|upkeep
|turn|39
|
|t:|1760351975
|move|p2a: Dragonite|Roost|p2a: Dragonite
|-heal|p2a: Dragonite|64/100
|move|p1a: Iron Valiant|Moonblast|p2a: Dragonite
|-damage|p2a: Dragonite|19/100
|
|upkeep
|turn|40
|
|t:|1760351982
|move|p2a: Dragonite|Tera Blast|p1a: Iron Valiant|[anim] Tera Blast Fairy
|-damage|p1a: Iron Valiant|0 fnt
|faint|p1a: Iron Valiant
|-end|p1a: Iron Valiant|Quark Drive|[silent]
|
|upkeep
|
|t:|1760351987
|switch|p1a: Kingambit|Kingambit, M|100/100
|-damage|p1a: Kingambit|94/100|[from] Stealth Rock
|-activate|p1a: Kingambit|ability: Supreme Overlord
|-start|p1a: Kingambit|fallen4|[silent]
|turn|41
|
|t:|1760351992
|move|p2a: Dragonite|Dragon Dance|p2a: Dragonite
|-boost|p2a: Dragonite|atk|1
|-boost|p2a: Dragonite|spe|1
|move|p1a: Kingambit|Iron Head|p2a: Dragonite
|-supereffective|p2a: Dragonite
|-damage|p2a: Dragonite|0 fnt
|faint|p2a: Dragonite
|
|win|ivon_neeeeeee
|raw|ivon_neeeeeee's rating: 1546 &rarr; <strong>1568</strong><br />(+22 for winning)
|raw|ollierob1's rating: 1583 &rarr; <strong>1561</strong><br />(-22 for losing)
|l|☆ollierob1
|player|p2|
|l| fishingforbirds
|l|☆ivon_neeeeeee
|player|p1|
