|j|☆stariaki
|j|☆mechamakachino
|t:|1760362323
|gametype|singles
|player|p1|stariaki|101|1655
|player|p2|mechamakachino|265|1671
|gen|9
|tier|[Gen 9] OU
|rated|
|rule|HP Percentage Mod: HP is shown in percentages
|rule|Endless Battle Clause: Forcing endless battles is banned
|rule|Species Clause: Limit one of each Pokémon
|rule|OHKO Clause: OHKO moves are banned
|rule|Evasion Items Clause: Evasion items are banned
|rule|Evasion Moves Clause: Evasion moves are banned
|rule|Evasion Abilities Clause: Evasion abilities are banned
|rule|Sleep Moves Clause: Sleep-inducing moves are banned
|clearpoke
|poke|p1|Polteageist|
|poke|p1|Scizor, M|
|poke|p1|Dragonite, F|
|poke|p1|Great Tusk|
|poke|p1|Cinderace, F|
|poke|p1|Alomomola, F|
|poke|p2|Skarmory, M|
|poke|p2|Ting-Lu|
|poke|p2|Zamazenta-*|
|poke|p2|Pecharunt|
|poke|p2|Clefable, F|
|poke|p2|Walking Wake|
|teampreview
|
|t:|1760362331
|teamsize|p1|6
|teamsize|p2|6
|start
|switch|p1a: Cinderace|Cinderace, F|100/100
|switch|p2a: Thriller|Walking Wake|100/100
|turn|1
|
|t:|1760362336
|move|p1a: Cinderace|U-turn|p2a: Thriller
|-damage|p2a: Thriller|76/100
|
|t:|1760362341
|switch|p1a: Alomomola|Alomomola, F|100/100|[from] U-turn
|move|p2a: Thriller|Knock Off|p1a: Alomomola
|-damage|p1a: Alomomola|92/100
|-damage|p2a: Thriller|60/100|[from] item: Rocky Helmet|[of] p1a: Alomomola
|-enditem|p1a: Alomomola|Rocky Helmet|[from] move: Knock Off|[of] p2a: Thriller
|
|upkeep
|turn|2
|
|t:|1760362344
|move|p2a: Thriller|Flip Turn|p1a: Alomomola
|-resisted|p1a: Alomomola
|-damage|p1a: Alomomola|88/100
|
|t:|1760362345
|-end|p2a: Thriller|Protosynthesis|[silent]
|switch|p2a: Smooth Criminal|Skarmory, M|100/100|[from] Flip Turn
|move|p1a: Alomomola|Play Rough|p2a: Smooth Criminal
|-resisted|p2a: Smooth Criminal
|-damage|p2a: Smooth Criminal|95/100
|-damage|p1a: Alomomola|71/100|[from] item: Rocky Helmet|[of] p2a: Smooth Criminal
|
|upkeep
|turn|3
|
|t:|1760362348
|move|p2a: Smooth Criminal|Spikes|p1a: Alomomola
|-sidestart|p1: stariaki|Spikes
|move|p1a: Alomomola|Flip Turn|p2a: Smooth Criminal
|-damage|p2a: Smooth Criminal|85/100
|-damage|p1a: Alomomola|55/100|[from] item: Rocky Helmet|[of] p2a: Smooth Criminal
|
|t:|1760362354
|switch|p1a: Cinderace|Cinderace, F|100/100|[from] Flip Turn
|
|upkeep
|turn|4
|
|t:|1760362360
|switch|p2a: Poison Young Thing|Pecharunt|100/100
|move|p1a: Cinderace|Pyro Ball|p2a: Poison Young Thing
|-damage|p2a: Poison Young Thing|75/100
|
|upkeep
|turn|5
|
|t:|1760362367
|move|p1a: Cinderace|Court Change|p1a: Cinderace
|-swapsideconditions
|-activate|p1a: Cinderace|move: Court Change
|move|p2a: Poison Young Thing|Parting Shot|p1a: Cinderace
|-unboost|p1a: Cinderace|atk|1
|-unboost|p1a: Cinderace|spa|1
|
|t:|1760362369
|switch|p2a: Rock With You|Ting-Lu|100/100|[from] Parting Shot
|-damage|p2a: Rock With You|88/100|[from] Spikes
|-ability|p2a: Rock With You|Vessel of Ruin
|
|-heal|p2a: Rock With You|94/100|[from] item: Leftovers
|upkeep
|turn|6
|
|t:|1760362373
|move|p1a: Cinderace|Will-O-Wisp|p2a: Rock With You
|-status|p2a: Rock With You|brn
|move|p2a: Rock With You|Stealth Rock|p1a: Cinderace
|-sidestart|p1: stariaki|move: Stealth Rock
|
|-heal|p2a: Rock With You|100/100 brn|[from] item: Leftovers
|-damage|p2a: Rock With You|94/100 brn|[from] brn
|upkeep
|turn|7
|
|t:|1760362384
|move|p1a: Cinderace|U-turn|p2a: Rock With You
|-supereffective|p2a: Rock With You
|-damage|p2a: Rock With You|77/100 brn
|
|t:|1760362386
|switch|p1a: Alomomola|Alomomola, F|88/100|[from] U-turn
|-damage|p1a: Alomomola|76/100|[from] Stealth Rock
|move|p2a: Rock With You|Ruination|p1a: Alomomola
|-damage|p1a: Alomomola|38/100
|
|-heal|p2a: Rock With You|83/100 brn|[from] item: Leftovers
|-damage|p2a: Rock With You|77/100 brn|[from] brn
|upkeep
|turn|8
|
|t:|1760362391
|switch|p2a: Poison Young Thing|Pecharunt|75/100
|move|p1a: Alomomola|Flip Turn|p2a: Poison Young Thing
|-damage|p2a: Poison Young Thing|67/100
|
|t:|1760362401
|switch|p1a: Scizor|Scizor, M|100/100|[from] Flip Turn
|-damage|p1a: Scizor|88/100|[from] Stealth Rock
|
|upkeep
|turn|9
|
|t:|1760362403
|move|p2a: Poison Young Thing|Recover|p2a: Poison Young Thing
|-heal|p2a: Poison Young Thing|100/100
|move|p1a: Scizor|Knock Off|p2a: Poison Young Thing
|-supereffective|p2a: Poison Young Thing
|-damage|p2a: Poison Young Thing|49/100
|-enditem|p2a: Poison Young Thing|Heavy-Duty Boots|[from] move: Knock Off|[of] p1a: Scizor
|
|upkeep
|turn|10
|
|t:|1760362432
|switch|p1a: Great Tusk|Great Tusk|100/100
|-damage|p1a: Great Tusk|97/100|[from] Stealth Rock
|move|p2a: Poison Young Thing|Malignant Chain|p1a: Great Tusk
|-resisted|p1a: Great Tusk
|-damage|p1a: Great Tusk|84/100
|
|upkeep
|turn|11
|
|t:|1760362440
|move|p2a: Poison Young Thing|Malignant Chain|p1a: Great Tusk
|-resisted|p1a: Great Tusk
|-damage|p1a: Great Tusk|70/100
|move|p1a: Great Tusk|Knock Off|p2a: Poison Young Thing
|-supereffective|p2a: Poison Young Thing
|-damage|p2a: Poison Young Thing|26/100
|
|upkeep
|turn|12
|
|t:|1760362443
|move|p2a: Poison Young Thing|Malignant Chain|p1a: Great Tusk
|-resisted|p1a: Great Tusk
|-damage|p1a: Great Tusk|58/100
|-status|p1a: Great Tusk|tox
|-start|p1a: Great Tusk|confusion|[from] ability: Poison Puppeteer|[of] p2a: Poison Young Thing
|-activate|p1a: Great Tusk|confusion
|move|p1a: Great Tusk|Earthquake|p2a: Poison Young Thing
|-supereffective|p2a: Poison Young Thing
|-damage|p2a: Poison Young Thing|0 fnt
|faint|p2a: Poison Young Thing
|
|-damage|p1a: Great Tusk|52/100 tox|[from] psn
|upkeep
|
|t:|1760362446
|switch|p2a: Thriller|Walking Wake|60/100
|turn|13
|
|t:|1760362457
|move|p2a: Thriller|Surf|p1a: Great Tusk
|-supereffective|p1a: Great Tusk
|-crit|p1a: Great Tusk
|-damage|p1a: Great Tusk|0 fnt
|faint|p1a: Great Tusk
|-end|p1a: Great Tusk|Protosynthesis|[silent]
|
|upkeep
|
|t:|1760362464
|switch|p1a: Polteageist|Polteageist|100/100
|-damage|p1a: Polteageist|88/100|[from] Stealth Rock
|turn|14
|
|t:|1760362469
|move|p2a: Thriller|Surf|p1a: Polteageist
|-damage|p1a: Polteageist|36/100
|move|p1a: Polteageist|Shell Smash|p1a: Polteageist
|-unboost|p1a: Polteageist|def|1
|-unboost|p1a: Polteageist|spd|1
|-boost|p1a: Polteageist|atk|2
|-boost|p1a: Polteageist|spa|2
|-boost|p1a: Polteageist|spe|2
|
|upkeep
|turn|15
|
|t:|1760362484
|move|p1a: Polteageist|Shadow Ball|p2a: Thriller
|-damage|p2a: Thriller|0 fnt
|faint|p2a: Thriller
|-end|p2a: Thriller|Protosynthesis|[silent]
|
|upkeep
|
|t:|1760362486
|switch|p2a: Rock With You|Ting-Lu|77/100 brn
|-damage|p2a: Rock With You|64/100 brn|[from] Spikes
|-ability|p2a: Rock With You|Vessel of Ruin
|turn|16
|inactive|Battle timer is ON: inactive players will automatically lose when time's up. (requested by stariaki)
|
|t:|1760362489
|-terastallize|p1a: Polteageist|Fighting
|-terastallize|p2a: Rock With You|Water
|move|p1a: Polteageist|Tera Blast|p2a: Rock With You|[anim] Tera Blast Fighting
|-damage|p2a: Rock With You|23/100 brn
|move|p2a: Rock With You|Whirlwind|p1a: Polteageist
|drag|p1a: Dragonite|Dragonite, F|100/100
|-damage|p1a: Dragonite|76/100|[from] Stealth Rock
|
|-heal|p1a: Dragonite|82/100|[from] item: Leftovers
|-heal|p2a: Rock With You|29/100 brn|[from] item: Leftovers
|-damage|p2a: Rock With You|23/100 brn|[from] brn
|upkeep
|turn|17
|
|t:|1760362502
|move|p1a: Dragonite|Earthquake|p2a: Rock With You
|-damage|p2a: Rock With You|4/100 brn
|move|p2a: Rock With You|Ruination|p1a: Dragonite
|-damage|p1a: Dragonite|41/100
|
|-heal|p1a: Dragonite|47/100|[from] item: Leftovers
|-heal|p2a: Rock With You|10/100 brn|[from] item: Leftovers
|-damage|p2a: Rock With You|4/100 brn|[from] brn
|upkeep
|turn|18
|
|t:|1760362505
|move|p1a: Dragonite|Roost|p1a: Dragonite
|-heal|p1a: Dragonite|97/100
|-singleturn|p1a: Dragonite|move: Roost
|move|p2a: Rock With You|Whirlwind|p1a: Dragonite
|drag|p1a: Cinderace|Cinderace, F|100/100
|
|-heal|p2a: Rock With You|10/100 brn|[from] item: Leftovers
|-damage|p2a: Rock With You|4/100 brn|[from] brn
|upkeep
|turn|19
|
|t:|1760362518
|move|p1a: Cinderace|U-turn|p2a: Rock With You
|-damage|p2a: Rock With You|0 fnt
|faint|p2a: Rock With You
|
|t:|1760362521
|switch|p1a: Alomomola|Alomomola, F|71/100|[from] U-turn
|-damage|p1a: Alomomola|59/100|[from] Stealth Rock
|
|upkeep
|
|t:|1760362524
|switch|p2a: Moonwalker|Clefable, F|100/100
|turn|20
|
|t:|1760362529
|move|p1a: Alomomola|Wish|p1a: Alomomola
|move|p2a: Moonwalker|Calm Mind|p2a: Moonwalker
|-boost|p2a: Moonwalker|spa|1
|-boost|p2a: Moonwalker|spd|1
|
|upkeep
|turn|21
|
|t:|1760362535
|switch|p1a: Scizor|Scizor, M|88/100
|-damage|p1a: Scizor|76/100|[from] Stealth Rock
|move|p2a: Moonwalker|Moonblast|p1a: Scizor
|-resisted|p1a: Scizor
|-damage|p1a: Scizor|49/100
|
|-heal|p1a: Scizor|100/100|[from] move: Wish|[wisher] Alomomola
|upkeep
|turn|22
|
|t:|1760362537
|switch|p2a: Smooth Criminal|Skarmory, M|85/100
|move|p1a: Scizor|Bullet Punch|p2a: Smooth Criminal
|-resisted|p2a: Smooth Criminal
|-damage|p2a: Smooth Criminal|70/100
|-damage|p1a: Scizor|84/100|[from] item: Rocky Helmet|[of] p2a: Smooth Criminal
|
|upkeep
|turn|23
|
|t:|1760362542
|switch|p2a: Moonwalker|Clefable, F|100/100
|switch|p1a: Alomomola|Alomomola, F|92/100
|-damage|p1a: Alomomola|80/100|[from] Stealth Rock
|
|upkeep
|turn|24
|
|t:|1760362544
|move|p1a: Alomomola|Flip Turn|p2a: Moonwalker
|-damage|p2a: Moonwalker|88/100
|
|t:|1760362545
|switch|p1a: Scizor|Scizor, M|84/100|[from] Flip Turn
|-damage|p1a: Scizor|72/100|[from] Stealth Rock
|move|p2a: Moonwalker|Moonblast|p1a: Scizor
|-resisted|p1a: Scizor
|-damage|p1a: Scizor|52/100
|
|-heal|p2a: Moonwalker|94/100|[from] item: Leftovers
|upkeep
|turn|25
|
|t:|1760362550
|switch|p2a: Beat It|Zamazenta|100/100
|-ability|p2a: Beat It|Dauntless Shield|boost
|-boost|p2a: Beat It|def|1
|move|p1a: Scizor|U-turn|p2a: Beat It
|-resisted|p2a: Beat It
|-damage|p2a: Beat It|84/100
|
|t:|1760362558
|switch|p1a: Alomomola|Alomomola, F|100/100|[from] U-turn
|-damage|p1a: Alomomola|88/100|[from] Stealth Rock
|
|upkeep
|turn|26
|
|t:|1760362561
|switch|p2a: Smooth Criminal|Skarmory, M|70/100
|move|p1a: Alomomola|Wish|p1a: Alomomola
|
|upkeep
|turn|27
|
|t:|1760362563
|move|p2a: Smooth Criminal|Roost|p2a: Smooth Criminal
|-heal|p2a: Smooth Criminal|100/100
|-singleturn|p2a: Smooth Criminal|move: Roost
|move|p1a: Alomomola|Flip Turn|p2a: Smooth Criminal
|-damage|p2a: Smooth Criminal|91/100
|-damage|p1a: Alomomola|71/100|[from] item: Rocky Helmet|[of] p2a: Smooth Criminal
|
|t:|1760362565
|switch|p1a: Polteageist|Polteageist, tera:Fighting|36/100|[from] Flip Turn
|-damage|p1a: Polteageist|30/100|[from] Stealth Rock
|
|-heal|p1a: Polteageist|100/100|[from] move: Wish|[wisher] Alomomola
|upkeep
|turn|28
|
|t:|1760362570
|move|p1a: Polteageist|Shell Smash|p1a: Polteageist
|-unboost|p1a: Polteageist|def|1
|-unboost|p1a: Polteageist|spd|1
|-boost|p1a: Polteageist|atk|2
|-boost|p1a: Polteageist|spa|2
|-boost|p1a: Polteageist|spe|2
|move|p2a: Smooth Criminal|Whirlwind|p1a: Polteageist
|drag|p1a: Dragonite|Dragonite, F|97/100
|-damage|p1a: Dragonite|73/100|[from] Stealth Rock
|
|-heal|p1a: Dragonite|79/100|[from] item: Leftovers
|upkeep
|turn|29
|
|t:|1760362573
|move|p1a: Dragonite|Dragon Dance|p1a: Dragonite
|-boost|p1a: Dragonite|atk|1
|-boost|p1a: Dragonite|spe|1
|move|p2a: Smooth Criminal|Spikes|p1a: Dragonite
|-sidestart|p1: stariaki|Spikes
|
|-heal|p1a: Dragonite|85/100|[from] item: Leftovers
|upkeep
|turn|30
|
|t:|1760362576
|move|p1a: Dragonite|Ice Spinner|p2a: Smooth Criminal
|-damage|p2a: Smooth Criminal|69/100
|-damage|p1a: Dragonite|68/100|[from] item: Rocky Helmet|[of] p2a: Smooth Criminal
|move|p2a: Smooth Criminal|Roost|p2a: Smooth Criminal
|-heal|p2a: Smooth Criminal|100/100
|-singleturn|p2a: Smooth Criminal|move: Roost
|
|-heal|p1a: Dragonite|75/100|[from] item: Leftovers
|upkeep
|turn|31
|
|t:|1760362583
|switch|p2a: Beat It|Zamazenta|84/100
|move|p1a: Dragonite|Roost|p1a: Dragonite
|-heal|p1a: Dragonite|100/100
|-singleturn|p1a: Dragonite|move: Roost
|
|upkeep
|turn|32
|
|t:|1760362586
|switch|p2a: Smooth Criminal|Skarmory, M|100/100
|move|p1a: Dragonite|Earthquake|p2a: Smooth Criminal
|-immune|p2a: Smooth Criminal
|
|upkeep
|turn|33
|
|t:|1760362589
|move|p1a: Dragonite|Ice Spinner|p2a: Smooth Criminal
|-damage|p2a: Smooth Criminal|76/100
|-damage|p1a: Dragonite|84/100|[from] item: Rocky Helmet|[of] p2a: Smooth Criminal
|move|p2a: Smooth Criminal|Whirlwind|p1a: Dragonite
|drag|p1a: Scizor|Scizor, M|52/100
|-damage|p1a: Scizor|40/100|[from] Stealth Rock
|-damage|p1a: Scizor|28/100|[from] Spikes
|
|upkeep
|turn|34
|
|t:|1760362594
|move|p2a: Smooth Criminal|Spikes|p1a: Scizor
|-sidestart|p1: stariaki|Spikes
|move|p1a: Scizor|Knock Off|p2a: Smooth Criminal
|-damage|p2a: Smooth Criminal|46/100
|-damage|p1a: Scizor|11/100|[from] item: Rocky Helmet|[of] p2a: Smooth Criminal
|-enditem|p2a: Smooth Criminal|Rocky Helmet|[from] move: Knock Off|[of] p1a: Scizor
|
|upkeep
|turn|35
|
|t:|1760362598
|move|p2a: Smooth Criminal|Roost|p2a: Smooth Criminal
|-heal|p2a: Smooth Criminal|96/100
|-singleturn|p2a: Smooth Criminal|move: Roost
|move|p1a: Scizor|Knock Off|p2a: Smooth Criminal
|-damage|p2a: Smooth Criminal|73/100
|
|upkeep
|turn|36
|
|t:|1760362606
|switch|p1a: Cinderace|Cinderace, F|100/100
|move|p2a: Smooth Criminal|Brave Bird|p1a: Cinderace
|-damage|p1a: Cinderace|51/100
|-damage|p2a: Smooth Criminal|58/100|[from] Recoil
|
|upkeep
|turn|37
|
|t:|1760362610
|switch|p2a: Beat It|Zamazenta|84/100
|move|p1a: Cinderace|Court Change|p1a: Cinderace
|-swapsideconditions
|-activate|p1a: Cinderace|move: Court Change
|
|upkeep
|turn|38
|
|t:|1760362616
|switch|p1a: Scizor|Scizor, M|11/100
|-damage|p1a: Scizor|0 fnt|[from] Spikes
|faint|p1a: Scizor
|move|p2a: Beat It|Close Combat|p1: Scizor|[notarget]
|-fail|p2a: Beat It
|
|upkeep
|
|t:|1760362623
|switch|p1a: Dragonite|Dragonite, F|84/100
|turn|39
|
|t:|1760362631
|switch|p1a: Cinderace|Cinderace, F|51/100
|move|p2a: Beat It|Stone Edge|p1a: Cinderace
|-supereffective|p1a: Cinderace
|-damage|p1a: Cinderace|0 fnt
|faint|p1a: Cinderace
|
|upkeep
|
|t:|1760362637
|switch|p1a: Alomomola|Alomomola, F|100/100
|-damage|p1a: Alomomola|88/100|[from] Spikes
|turn|40
|
|t:|1760362639
|switch|p2a: Smooth Criminal|Skarmory, M|58/100
|-damage|p2a: Smooth Criminal|46/100|[from] Stealth Rock
|move|p1a: Alomomola|Wish|p1a: Alomomola
|
|upkeep
|turn|41
|
|t:|1760362643
|move|p2a: Smooth Criminal|Roost|p2a: Smooth Criminal
|-heal|p2a: Smooth Criminal|96/100
|-singleturn|p2a: Smooth Criminal|move: Roost
|move|p1a: Alomomola|Flip Turn|p2a: Smooth Criminal
|-damage|p2a: Smooth Criminal|87/100
|
|t:|1760362647
|switch|p1a: Polteageist|Polteageist, tera:Fighting|100/100|[from] Flip Turn
|-damage|p1a: Polteageist|88/100|[from] Spikes
|
|-heal|p1a: Polteageist|100/100|[from] move: Wish|[wisher] Alomomola
|upkeep
|turn|42
|
|t:|1760362650
|move|p1a: Polteageist|Shadow Ball|p2a: Smooth Criminal
|-damage|p2a: Smooth Criminal|28/100
|move|p2a: Smooth Criminal|Whirlwind|p1a: Polteageist
|drag|p1a: Dragonite|Dragonite, F|84/100
|
|-heal|p1a: Dragonite|90/100|[from] item: Leftovers
|upkeep
|turn|43
|
|t:|1760362670
|move|p1a: Dragonite|Dragon Dance|p1a: Dragonite
|-boost|p1a: Dragonite|atk|1
|-boost|p1a: Dragonite|spe|1
|move|p2a: Smooth Criminal|Spikes|p1a: Dragonite
|-sidestart|p1: stariaki|Spikes
|
|-heal|p1a: Dragonite|96/100|[from] item: Leftovers
|upkeep
|turn|44
|
|t:|1760362674
|move|p1a: Dragonite|Ice Spinner|p2a: Smooth Criminal
|-damage|p2a: Smooth Criminal|4/100
|move|p2a: Smooth Criminal|Roost|p2a: Smooth Criminal
|-heal|p2a: Smooth Criminal|55/100
|-singleturn|p2a: Smooth Criminal|move: Roost
|
|-heal|p1a: Dragonite|100/100|[from] item: Leftovers
|upkeep
|turn|45
|
|t:|1760362678
|move|p1a: Dragonite|Ice Spinner|p2a: Smooth Criminal
|-damage|p2a: Smooth Criminal|30/100
|move|p2a: Smooth Criminal|Roost|p2a: Smooth Criminal
|-heal|p2a: Smooth Criminal|80/100
|-singleturn|p2a: Smooth Criminal|move: Roost
|
|upkeep
|turn|46
|
|t:|1760362680
|move|p1a: Dragonite|Dragon Dance|p1a: Dragonite
|-boost|p1a: Dragonite|atk|1
|-boost|p1a: Dragonite|spe|1
|move|p2a: Smooth Criminal|Spikes|p1a: Dragonite
|-sidestart|p1: stariaki|Spikes
|
|upkeep
|turn|47
|
|t:|1760362683
|move|p1a: Dragonite|Ice Spinner|p2a: Smooth Criminal
|-damage|p2a: Smooth Criminal|47/100
|move|p2a: Smooth Criminal|Roost|p2a: Smooth Criminal
|-heal|p2a: Smooth Criminal|97/100
|-singleturn|p2a: Smooth Criminal|move: Roost
|
|upkeep
|turn|48
|
|t:|1760362687
|move|p1a: Dragonite|Ice Spinner|p2a: Smooth Criminal
|-damage|p2a: Smooth Criminal|67/100
|move|p2a: Smooth Criminal|Whirlwind|p1a: Dragonite
|drag|p1a: Alomomola|Alomomola, F|100/100
|-damage|p1a: Alomomola|76/100|[from] Spikes
|
|upkeep
|turn|49
|
|t:|1760362690
|move|p2a: Smooth Criminal|Brave Bird|p1a: Alomomola
|-damage|p1a: Alomomola|57/100
|-damage|p2a: Smooth Criminal|58/100|[from] Recoil
|move|p1a: Alomomola|Wish|p1a: Alomomola
|
|upkeep
|turn|50
|
|t:|1760362694
|move|p2a: Smooth Criminal|Brave Bird|p1a: Alomomola
|-damage|p1a: Alomomola|39/100
|-damage|p2a: Smooth Criminal|48/100|[from] Recoil
|move|p1a: Alomomola|Flip Turn|p2a: Smooth Criminal
|-crit|p2a: Smooth Criminal
|-damage|p2a: Smooth Criminal|34/100
|
|t:|1760362698
|switch|p1a: Polteageist|Polteageist, tera:Fighting|100/100|[from] Flip Turn
|-damage|p1a: Polteageist|76/100|[from] Spikes
|
|-heal|p1a: Polteageist|100/100|[from] move: Wish|[wisher] Alomomola
|upkeep
|turn|51
|
|t:|1760362700
|move|p1a: Polteageist|Shadow Ball|p2a: Smooth Criminal
|-damage|p2a: Smooth Criminal|0 fnt
|faint|p2a: Smooth Criminal
|
|upkeep
|
|t:|1760362702
|switch|p2a: Beat It|Zamazenta|84/100
|turn|52
|
|t:|1760362707
|move|p2a: Beat It|Heavy Slam|p1a: Polteageist
|-crit|p1a: Polteageist
|-enditem|p1a: Polteageist|Focus Sash
|-damage|p1a: Polteageist|1/100
|-ability|p1a: Polteageist|Weak Armor|boost
|-unboost|p1a: Polteageist|def|1
|-boost|p1a: Polteageist|spe|2
|move|p1a: Polteageist|Shell Smash|p1a: Polteageist
|-unboost|p1a: Polteageist|def|1
|-unboost|p1a: Polteageist|spd|1
|-boost|p1a: Polteageist|atk|2
|-boost|p1a: Polteageist|spa|2
|-boost|p1a: Polteageist|spe|2
|
|upkeep
|turn|53
|
|t:|1760362710
|move|p1a: Polteageist|Stored Power|p2a: Beat It
|-supereffective|p2a: Beat It
|-damage|p2a: Beat It|0 fnt
|faint|p2a: Beat It
|
|upkeep
|-message|mechamakachino forfeited.
|
|win|stariaki
|raw|stariaki's rating: 1655 &rarr; <strong>1676</strong><br />(+21 for winning)
|raw|mechamakachino's rating: 1671 &rarr; <strong>1650</strong><br />(-21 for losing)
|l|☆mechamakachino
|player|p2|
