|j|☆Agent Derf
|j|☆PrimeXStriker
|t:|1760339901
|gametype|singles
|player|p1|Agent Derf|102|1520
|player|p2|PrimeXStriker|marshal|1455
|gen|9
|tier|[Gen 9] OU
|rated|
|rule|HP Percentage Mod: HP is shown in percentages
|rule|Endless Battle Clause: Forcing endless battles is banned
|rule|Species Clause: Limit one of each Pokémon
|rule|OHKO Clause: OHKO moves are banned
|rule|Evasion Items Clause: Evasion items are banned
|rule|Evasion Moves Clause: Evasion moves are banned
|rule|Evasion Abilities Clause: Evasion abilities are banned
|rule|Sleep Moves Clause: Sleep-inducing moves are banned
|clearpoke
|poke|p1|Typhlosion-Hisui, M|
|poke|p1|Ogerpon-Wellspring, F|
|poke|p1|Mienshao, F|
|poke|p1|Great Tusk|
|poke|p1|Glimmora, F|
|poke|p1|Dragapult, M|
|poke|p2|Zapdos-Galar|
|poke|p2|Rillaboom, M|
|poke|p2|Iron Jugulis|
|poke|p2|Ting-Lu|
|poke|p2|Primarina, M|
|poke|p2|Cinderace, F|
|teampreview
|inactive|Battle timer is ON: inactive players will automatically lose when time's up. (requested by PrimeXStriker)
|
|t:|1760339916
|teamsize|p1|6
|teamsize|p2|6
|start
|switch|p1a: Mienshao|Mienshao, F|100/100
|switch|p2a: Iron Jugulis|Iron Jugulis|100/100
|turn|1
|
|t:|1760339924
|move|p2a: Iron Jugulis|Air Slash|p1a: Mienshao
|-supereffective|p1a: Mienshao
|-damage|p1a: Mienshao|0 fnt
|faint|p1a: Mienshao
|
|upkeep
|
|t:|1760339948
|switch|p1a: Great Tusk|Great Tusk|100/100
|turn|2
|
|t:|1760339952
|-end|p1a: Great Tusk|Protosynthesis|[silent]
|switch|p1a: Glimmora|Glimmora, F|100/100
|move|p2a: Iron Jugulis|Air Slash|p1a: Glimmora
|-resisted|p1a: Glimmora
|-damage|p1a: Glimmora|75/100
|-enditem|p1a: Glimmora|Red Card|[of] p2a: Iron Jugulis
|-end|p2a: Iron Jugulis|Quark Drive|[silent]
|drag|p2a: Primarina|Primarina, M|100/100
|
|upkeep
|turn|3
|
|t:|1760339959
|move|p1a: Glimmora|Stealth Rock|p2a: Primarina
|-sidestart|p2: PrimeXStriker|move: Stealth Rock
|move|p2a: Primarina|Psychic Noise|p1a: Glimmora
|-supereffective|p1a: Glimmora
|-damage|p1a: Glimmora|0 fnt
|faint|p1a: Glimmora
|
|upkeep
|
|t:|1760339966
|switch|p1a: Typhlosion|Typhlosion-Hisui, M|100/100
|turn|4
|
|t:|1760339972
|switch|p1a: Ogerpon|Ogerpon-Wellspring, F|100/100
|switch|p2a: Ting-Lu|Ting-Lu|100/100
|-damage|p2a: Ting-Lu|94/100|[from] Stealth Rock
|-ability|p2a: Ting-Lu|Vessel of Ruin
|
|-heal|p2a: Ting-Lu|100/100|[from] item: Leftovers
|upkeep
|turn|5
|
|t:|1760339984
|move|p1a: Ogerpon|Ivy Cudgel|p2a: Ting-Lu|[anim] Ivy Cudgel Water
|-supereffective|p2a: Ting-Lu
|-damage|p2a: Ting-Lu|32/100
|move|p2a: Ting-Lu|Ruination|p1a: Ogerpon
|-damage|p1a: Ogerpon|51/100
|
|-heal|p2a: Ting-Lu|38/100|[from] item: Leftovers
|upkeep
|turn|6
|
|t:|1760340002
|move|p1a: Ogerpon|Horn Leech|p2a: Ting-Lu
|-supereffective|p2a: Ting-Lu
|-damage|p2a: Ting-Lu|0 fnt
|-heal|p1a: Ogerpon|82/100|[from] drain|[of] p2a: Ting-Lu
|faint|p2a: Ting-Lu
|
|upkeep
|
|t:|1760340010
|switch|p2a: Zapdos|Zapdos-Galar|100/100
|-damage|p2a: Zapdos|88/100|[from] Stealth Rock
|turn|7
|
|t:|1760340014
|switch|p1a: Typhlosion|Typhlosion-Hisui, M|100/100
|move|p2a: Zapdos|Brave Bird|p1a: Typhlosion
|-damage|p1a: Typhlosion|0 fnt
|faint|p1a: Typhlosion
|-damage|p2a: Zapdos|58/100|[from] Recoil
|
|upkeep
|
|t:|1760340023
|switch|p1a: Dragapult|Dragapult, M|100/100
|turn|8
|
|t:|1760340027
|switch|p1a: Great Tusk|Great Tusk|100/100
|switch|p2a: Primarina|Primarina, M|100/100
|-damage|p2a: Primarina|88/100|[from] Stealth Rock
|
|-heal|p2a: Primarina|94/100|[from] item: Leftovers
|upkeep
|turn|9
|
|t:|1760340037
|-end|p1a: Great Tusk|Protosynthesis|[silent]
|switch|p1a: Ogerpon|Ogerpon-Wellspring, F|82/100
|move|p2a: Primarina|Calm Mind|p2a: Primarina
|-boost|p2a: Primarina|spa|1
|-boost|p2a: Primarina|spd|1
|
|-heal|p2a: Primarina|99/100|[from] item: Leftovers
|upkeep
|turn|10
|
|t:|1760340041
|-terastallize|p2a: Primarina|Steel
|move|p1a: Ogerpon|Encore|p2a: Primarina
|-start|p2a: Primarina|Encore
|move|p2a: Primarina|Calm Mind|p2a: Primarina
|-boost|p2a: Primarina|spa|1
|-boost|p2a: Primarina|spd|1
|
|-heal|p2a: Primarina|100/100|[from] item: Leftovers
|upkeep
|turn|11
|
|t:|1760340056
|switch|p2a: Rillaboom|Rillaboom, M|100/100
|-damage|p2a: Rillaboom|88/100|[from] Stealth Rock
|-fieldstart|move: Grassy Terrain|[from] ability: Grassy Surge|[of] p2a: Rillaboom
|move|p1a: Ogerpon|Ivy Cudgel|p2a: Rillaboom|[anim] Ivy Cudgel Water
|-resisted|p2a: Rillaboom
|-damage|p2a: Rillaboom|58/100
|
|-heal|p1a: Ogerpon|88/100|[from] Grassy Terrain
|-heal|p2a: Rillaboom|64/100|[from] Grassy Terrain
|-heal|p2a: Rillaboom|70/100|[from] item: Leftovers
|upkeep
|turn|12
|
|t:|1760340071
|move|p2a: Rillaboom|Grassy Glide|p1a: Ogerpon
|-damage|p1a: Ogerpon|36/100
|move|p1a: Ogerpon|Swords Dance|p1a: Ogerpon
|-boost|p1a: Ogerpon|atk|2
|
|-heal|p1a: Ogerpon|42/100|[from] Grassy Terrain
|-heal|p2a: Rillaboom|76/100|[from] Grassy Terrain
|-heal|p2a: Rillaboom|82/100|[from] item: Leftovers
|upkeep
|turn|13
|
|t:|1760340082
|move|p2a: Rillaboom|Grassy Glide|p1a: Ogerpon
|-damage|p1a: Ogerpon|0 fnt
|faint|p1a: Ogerpon
|
|-heal|p2a: Rillaboom|89/100|[from] Grassy Terrain
|-heal|p2a: Rillaboom|95/100|[from] item: Leftovers
|upkeep
|
|t:|1760340085
|switch|p1a: Dragapult|Dragapult, M|100/100
|turn|14
|
|t:|1760340096
|-terastallize|p1a: Dragapult|Fire
|move|p1a: Dragapult|Dragon Dance|p1a: Dragapult
|-boost|p1a: Dragapult|atk|1
|-boost|p1a: Dragapult|spe|1
|move|p2a: Rillaboom|Knock Off|p1a: Dragapult
|-damage|p1a: Dragapult|49/100
|-enditem|p1a: Dragapult|Leftovers|[from] move: Knock Off|[of] p2a: Rillaboom
|
|-heal|p1a: Dragapult|55/100|[from] Grassy Terrain
|-heal|p2a: Rillaboom|100/100|[from] Grassy Terrain
|upkeep
|turn|15
|
|t:|1760340118
|move|p1a: Dragapult|Tera Blast|p2a: Rillaboom|[anim] Tera Blast Fire
|-supereffective|p2a: Rillaboom
|-damage|p2a: Rillaboom|0 fnt
|faint|p2a: Rillaboom
|
|-heal|p1a: Dragapult|61/100|[from] Grassy Terrain
|-fieldend|move: Grassy Terrain
|upkeep
|
|t:|1760340121
|switch|p2a: Primarina|Primarina, M, tera:Steel|100/100
|-damage|p2a: Primarina|94/100|[from] Stealth Rock
|turn|16
|
|t:|1760340124
|move|p1a: Dragapult|Tera Blast|p2a: Primarina|[anim] Tera Blast Fire
|-supereffective|p2a: Primarina
|-damage|p2a: Primarina|0 fnt
|faint|p2a: Primarina
|
|upkeep
|
|t:|1760340133
|switch|p2a: Cinderace|Cinderace, F|100/100
|turn|17
|
|t:|1760340137
|move|p1a: Dragapult|Dragon Darts|p2a: Cinderace
|-damage|p2a: Cinderace|38/100
|-anim|p1a: Dragapult|Dragon Darts|p2a: Cinderace
|-damage|p2a: Cinderace|0 fnt
|faint|p2a: Cinderace
|
|upkeep
|
|t:|1760340162
|switch|p2a: Iron Jugulis|Iron Jugulis|100/100
|-damage|p2a: Iron Jugulis|76/100|[from] Stealth Rock
|turn|18
|
|t:|1760340168
|move|p1a: Dragapult|Dragon Darts|p2a: Iron Jugulis
|-crit|p2a: Iron Jugulis
|-damage|p2a: Iron Jugulis|8/100
|-anim|p1a: Dragapult|Dragon Darts|p2a: Iron Jugulis
|-damage|p2a: Iron Jugulis|0 fnt
|faint|p2a: Iron Jugulis
|-end|p2a: Iron Jugulis|Quark Drive|[silent]
|
|upkeep
|-message|PrimeXStriker forfeited.
|
|win|Agent Derf
|raw|Agent Derf's rating: 1520 &rarr; <strong>1536</strong><br />(+16 for winning)
|raw|PrimeXStriker's rating: 1455 &rarr; <strong>1439</strong><br />(-16 for losing)
|l|☆PrimeXStriker
|player|p2|
|l|☆Agent Derf
|player|p1|
