|j|☆xw haha
|j|‽icefox
|t:|1760435447
|gametype|singles
|player|p1|xw haha|volkner|1393
|player|p2|icefox|giovanni|1405
|gen|9
|tier|[Gen 9] OU
|rated|
|rule|HP Percentage Mod: HP is shown in percentages
|rule|Endless Battle Clause: Forcing endless battles is banned
|rule|Species Clause: Limit one of each Pokémon
|rule|OHKO Clause: OHKO moves are banned
|rule|Evasion Items Clause: Evasion items are banned
|rule|Evasion Moves Clause: Evasion moves are banned
|rule|Evasion Abilities Clause: Evasion abilities are banned
|rule|Sleep Moves Clause: Sleep-inducing moves are banned
|clearpoke
|poke|p1|Weezing-Galar, M|
|poke|p1|Garganacl, F|
|poke|p1|Gholdengo|
|poke|p1|Raging Bolt|
|poke|p1|Great Tusk|
|poke|p1|Iron Valiant|
|poke|p2|Meowscarada, M|
|poke|p2|Hydreigon, F|
|poke|p2|Bisharp, M|
|poke|p2|Samurott-Hisui, M|
|poke|p2|Sableye, F|
|poke|p2|Muk-Alola, F|
|teampreview
|inactive|Battle timer is ON: inactive players will automatically lose when time's up. (requested by xw haha)
|
|t:|1760435465
|teamsize|p1|6
|teamsize|p2|6
|start
|switch|p1a: Weezing|Weezing-Galar, M|100/100
|switch|p2a: Samurott|Samurott-Hisui, M|100/100
|turn|1
|
|t:|1760435473
|move|p2a: Samurott|Aqua Cutter|p1a: Weezing
|-crit|p1a: Weezing
|-damage|p1a: Weezing|50/100
|move|p1a: Weezing|Will-O-Wisp|p2a: Samurott|[miss]
|-miss|p1a: Weezing|p2a: Samurott
|
|-heal|p1a: Weezing|56/100|[from] item: Black Sludge
|upkeep
|turn|2
|
|t:|1760435487
|move|p2a: Samurott|Aqua Cutter|p1a: Weezing
|-damage|p1a: Weezing|19/100
|move|p1a: Weezing|Will-O-Wisp|p2a: Samurott
|-status|p2a: Samurott|brn
|
|-heal|p1a: Weezing|25/100|[from] item: Black Sludge
|-damage|p2a: Samurott|94/100 brn|[from] brn
|upkeep
|turn|3
|
|t:|1760435498
|switch|p1a: Raging Bolt|Raging Bolt|100/100
|move|p2a: Samurott|Ceaseless Edge|p1a: Raging Bolt
|-damage|p1a: Raging Bolt|82/100
|-sidestart|p1: xw haha|Spikes
|
|-damage|p2a: Samurott|88/100 brn|[from] brn
|upkeep
|turn|4
|
|t:|1760435517
|move|p2a: Samurott|Ceaseless Edge|p1a: Raging Bolt
|-damage|p1a: Raging Bolt|62/100
|-sidestart|p1: xw haha|Spikes
|move|p1a: Raging Bolt|Draco Meteor|p2a: Samurott
|-damage|p2a: Samurott|0 fnt
|-unboost|p1a: Raging Bolt|spa|2
|faint|p2a: Samurott
|
|upkeep
|
|t:|1760435522
|switch|p2a: Meowscarada|Meowscarada, M|100/100
|turn|5
|
|t:|1760435537
|-end|p1a: Raging Bolt|Protosynthesis|[silent]
|switch|p1a: Weezing|Weezing-Galar, M|25/100
|move|p2a: Meowscarada|Play Rough|p1a: Weezing
|-start|p2a: Meowscarada|typechange|Fairy|[from] ability: Protean
|-resisted|p1a: Weezing
|-damage|p1a: Weezing|11/100
|
|-heal|p1a: Weezing|17/100|[from] item: Black Sludge
|upkeep
|turn|6
|
|t:|1760435550
|switch|p2a: Hydreigon|Hydreigon, F|100/100
|move|p1a: Weezing|Defog|p2a: Hydreigon
|-unboost|p2a: Hydreigon|evasion|1
|-sideend|p1: xw haha|Spikes|[from] move: Defog|[of] p1a: Weezing
|
|-heal|p1a: Weezing|23/100|[from] item: Black Sludge
|upkeep
|turn|7
|
|t:|1760435561
|switch|p1a: Garganacl|Garganacl, F|100/100
|move|p2a: Hydreigon|Flash Cannon|p1a: Garganacl
|-supereffective|p1a: Garganacl
|-damage|p1a: Garganacl|51/100
|
|-heal|p1a: Garganacl|58/100|[from] item: Leftovers
|upkeep
|turn|8
|
|t:|1760435570
|move|p1a: Garganacl|Protect|p1a: Garganacl
|-singleturn|p1a: Garganacl|Protect
|move|p2a: Hydreigon|Flash Cannon|p1a: Garganacl
|-activate|p1a: Garganacl|move: Protect
|
|-heal|p1a: Garganacl|64/100|[from] item: Leftovers
|upkeep
|turn|9
|
|t:|1760435578
|move|p2a: Hydreigon|Flash Cannon|p1a: Garganacl
|-supereffective|p1a: Garganacl
|-damage|p1a: Garganacl|8/100
|-unboost|p1a: Garganacl|spd|1
|move|p1a: Garganacl|Salt Cure|p2a: Hydreigon
|-damage|p2a: Hydreigon|86/100
|-start|p2a: Hydreigon|Salt Cure
|
|-heal|p1a: Garganacl|15/100|[from] item: Leftovers
|-damage|p2a: Hydreigon|73/100|[from] Salt Cure
|upkeep
|turn|10
|
|t:|1760435589
|switch|p2a: Bisharp|Bisharp, M, shiny|100/100
|move|p1a: Garganacl|Protect||[still]
|-fail|p1a: Garganacl
|
|-heal|p1a: Garganacl|21/100|[from] item: Leftovers
|upkeep
|turn|11
|
|t:|1760435597
|move|p2a: Bisharp|Iron Head|p1a: Garganacl
|-supereffective|p1a: Garganacl
|-damage|p1a: Garganacl|0 fnt
|faint|p1a: Garganacl
|
|upkeep
|
|t:|1760435603
|switch|p1a: Great Tusk|Great Tusk|100/100
|turn|12
|
|t:|1760435607
|switch|p2a: Sableye|Sableye, F|100/100
|move|p1a: Great Tusk|Stealth Rock|p2a: Sableye
|-sidestart|p2: icefox|move: Stealth Rock
|
|upkeep
|turn|13
|
|t:|1760435620
|-end|p1a: Great Tusk|Protosynthesis|[silent]
|switch|p1a: Gholdengo|Gholdengo|100/100
|-item|p1a: Gholdengo|Air Balloon
|move|p2a: Sableye|Night Shade|p1a: Gholdengo
|-damage|p1a: Gholdengo|74/100
|-enditem|p1a: Gholdengo|Air Balloon
|
|upkeep
|turn|14
|
|t:|1760435633
|switch|p2a: Muk|Muk-Alola, F|100/100
|-damage|p2a: Muk|88/100|[from] Stealth Rock
|move|p1a: Gholdengo|Shadow Ball|p2a: Muk
|-resisted|p2a: Muk
|-damage|p2a: Muk|79/100
|
|upkeep
|turn|15
|
|t:|1760435645
|switch|p1a: Great Tusk|Great Tusk|100/100
|move|p2a: Muk|Poison Jab|p1a: Great Tusk
|-resisted|p1a: Great Tusk
|-damage|p1a: Great Tusk|92/100
|-damage|p2a: Muk|62/100|[from] item: Rocky Helmet|[of] p1a: Great Tusk
|-status|p1a: Great Tusk|psn|[from] ability: Poison Touch|[of] p2a: Muk
|
|-damage|p1a: Great Tusk|80/100 psn|[from] psn
|upkeep
|turn|16
|
|t:|1760435658
|switch|p2a: Sableye|Sableye, F|100/100
|-damage|p2a: Sableye|88/100|[from] Stealth Rock
|move|p1a: Great Tusk|Knock Off|p2a: Sableye
|-damage|p2a: Sableye|49/100
|-enditem|p2a: Sableye|Leftovers|[from] move: Knock Off|[of] p1a: Great Tusk
|
|-damage|p1a: Great Tusk|67/100 psn|[from] psn
|upkeep
|turn|17
|
|t:|1760435674
|-end|p1a: Great Tusk|Protosynthesis|[silent]
|switch|p1a: Gholdengo|Gholdengo|74/100
|move|p2a: Sableye|Recover|p2a: Sableye
|-heal|p2a: Sableye|99/100
|
|upkeep
|turn|18
|
|t:|1760435683
|switch|p2a: Bisharp|Bisharp, M, shiny|100/100
|-damage|p2a: Bisharp|94/100|[from] Stealth Rock
|move|p1a: Gholdengo|Make It Rain|p2a: Bisharp
|-resisted|p2a: Bisharp
|-damage|p2a: Bisharp|64/100
|-unboost|p1a: Gholdengo|spa|1
|
|upkeep
|turn|19
|
|t:|1760435695
|switch|p1a: Weezing|Weezing-Galar, M|23/100
|move|p2a: Bisharp|Iron Head|p1a: Weezing
|-supereffective|p1a: Weezing
|-damage|p1a: Weezing|0 fnt
|faint|p1a: Weezing
|
|upkeep
|
|t:|1760435712
|switch|p1a: Great Tusk|Great Tusk|67/100 psn
|turn|20
|
|t:|1760435719
|switch|p2a: Sableye|Sableye, F|99/100
|-damage|p2a: Sableye|87/100|[from] Stealth Rock
|move|p1a: Great Tusk|Headlong Rush|p2a: Sableye
|-damage|p2a: Sableye|23/100
|-unboost|p1a: Great Tusk|def|1
|-unboost|p1a: Great Tusk|spd|1
|
|-damage|p1a: Great Tusk|55/100 psn|[from] psn
|upkeep
|turn|21
|
|t:|1760435730
|move|p2a: Sableye|Recover|p2a: Sableye
|-heal|p2a: Sableye|73/100
|move|p1a: Great Tusk|Headlong Rush|p2a: Sableye
|-damage|p2a: Sableye|11/100
|-unboost|p1a: Great Tusk|def|1
|-unboost|p1a: Great Tusk|spd|1
|
|-damage|p1a: Great Tusk|42/100 psn|[from] psn
|upkeep
|turn|22
|
|t:|1760435741
|move|p2a: Sableye|Recover|p2a: Sableye
|-heal|p2a: Sableye|61/100
|move|p1a: Great Tusk|Headlong Rush|p2a: Sableye
|-damage|p2a: Sableye|0 fnt
|-unboost|p1a: Great Tusk|def|1
|-unboost|p1a: Great Tusk|spd|1
|faint|p2a: Sableye
|
|-damage|p1a: Great Tusk|30/100 psn|[from] psn
|upkeep
|
|t:|1760435748
|switch|p2a: Hydreigon|Hydreigon, F|73/100
|-damage|p2a: Hydreigon|61/100|[from] Stealth Rock
|turn|23
|
|t:|1760435761
|-end|p1a: Great Tusk|Protosynthesis|[silent]
|switch|p1a: Raging Bolt|Raging Bolt|62/100
|move|p2a: Hydreigon|Dark Pulse|p1a: Raging Bolt
|-damage|p1a: Raging Bolt|28/100
|
|upkeep
|turn|24
|
|t:|1760435768
|move|p1a: Raging Bolt|Thunderclap|p2a: Hydreigon
|-resisted|p2a: Hydreigon
|-damage|p2a: Hydreigon|36/100
|move|p2a: Hydreigon|Dark Pulse|p1a: Raging Bolt
|-damage|p1a: Raging Bolt|0 fnt
|faint|p1a: Raging Bolt
|-end|p1a: Raging Bolt|Protosynthesis|[silent]
|
|upkeep
|
|t:|1760435779
|switch|p1a: Gholdengo|Gholdengo|74/100
|turn|25
|
|t:|1760435783
|-terastallize|p1a: Gholdengo|Fighting
|move|p2a: Hydreigon|Dark Pulse|p1a: Gholdengo
|-resisted|p1a: Gholdengo
|-damage|p1a: Gholdengo|44/100
|move|p1a: Gholdengo|Recover|p1a: Gholdengo
|-heal|p1a: Gholdengo|94/100
|
|upkeep
|turn|26
|
|t:|1760435793
|move|p2a: Hydreigon|Dark Pulse|p1a: Gholdengo
|-resisted|p1a: Gholdengo
|-damage|p1a: Gholdengo|66/100
|move|p1a: Gholdengo|Tera Blast|p2a: Hydreigon|[anim] Tera Blast Fighting
|-supereffective|p2a: Hydreigon
|-damage|p2a: Hydreigon|0 fnt
|faint|p2a: Hydreigon
|
|upkeep
|
|t:|1760435798
|switch|p2a: Meowscarada|Meowscarada, M|100/100
|-damage|p2a: Meowscarada|88/100|[from] Stealth Rock
|turn|27
|
|t:|1760435808
|switch|p1a: Great Tusk|Great Tusk|30/100 psn
|move|p2a: Meowscarada|Play Rough|p1a: Great Tusk
|-start|p2a: Meowscarada|typechange|Fairy|[from] ability: Protean
|-supereffective|p1a: Great Tusk
|-damage|p1a: Great Tusk|0 fnt
|-damage|p2a: Meowscarada|72/100|[from] item: Rocky Helmet|[of] p1a: Great Tusk
|faint|p1a: Great Tusk
|-end|p1a: Great Tusk|Protosynthesis|[silent]
|
|upkeep
|
|t:|1760435819
|switch|p1a: Iron Valiant|Iron Valiant|100/100
|-enditem|p1a: Iron Valiant|Booster Energy
|-activate|p1a: Iron Valiant|ability: Quark Drive|[fromitem]
|-start|p1a: Iron Valiant|quarkdrivespe
|turn|28
|inactive|icefox has 120 seconds left.
|inactive|icefox has 90 seconds left.
|
|t:|1760435897
|move|p1a: Iron Valiant|Close Combat|p2a: Meowscarada
|-resisted|p2a: Meowscarada
|-damage|p2a: Meowscarada|21/100
|-unboost|p1a: Iron Valiant|def|1
|-unboost|p1a: Iron Valiant|spd|1
|move|p2a: Meowscarada|Play Rough|p1a: Iron Valiant
|-supereffective|p1a: Iron Valiant
|-damage|p1a: Iron Valiant|0 fnt
|faint|p1a: Iron Valiant
|-end|p1a: Iron Valiant|Quark Drive|[silent]
|
|upkeep
|
|t:|1760435908
|switch|p1a: Gholdengo|Gholdengo, tera:Fighting|66/100
|turn|29
|
|t:|1760435911
|move|p2a: Meowscarada|Play Rough|p1a: Gholdengo|[miss]
|-miss|p2a: Meowscarada|p1a: Gholdengo
|move|p1a: Gholdengo|Tera Blast|p2a: Meowscarada|[anim] Tera Blast Fighting
|-resisted|p2a: Meowscarada
|-damage|p2a: Meowscarada|0 fnt
|faint|p2a: Meowscarada
|
|upkeep
|
|t:|1760435915
|switch|p2a: Muk|Muk-Alola, F|62/100
|-damage|p2a: Muk|50/100|[from] Stealth Rock
|turn|30
|inactive|icefox has 90 seconds left.
|
|t:|1760435938
|move|p1a: Gholdengo|Recover|p1a: Gholdengo
|-heal|p1a: Gholdengo|100/100
|move|p2a: Muk|Poison Jab|p1a: Gholdengo
|-damage|p1a: Gholdengo|72/100
|
|upkeep
|turn|31
|inactive|icefox has 90 seconds left.
|
|t:|1760435945
|move|p1a: Gholdengo|Tera Blast|p2a: Muk|[anim] Tera Blast Fighting
|-damage|p2a: Muk|35/100
|move|p2a: Muk|Drain Punch|p1a: Gholdengo
|-damage|p1a: Gholdengo|55/100
|-heal|p2a: Muk|42/100|[from] drain|[of] p1a: Gholdengo
|
|upkeep
|turn|32
|
|t:|1760435953
|move|p1a: Gholdengo|Recover|p1a: Gholdengo
|-heal|p1a: Gholdengo|100/100
|move|p2a: Muk|Drain Punch|p1a: Gholdengo
|-damage|p1a: Gholdengo|85/100
|-heal|p2a: Muk|50/100|[from] drain|[of] p1a: Gholdengo
|
|upkeep
|turn|33
|
|t:|1760435962
|move|p1a: Gholdengo|Tera Blast|p2a: Muk|[anim] Tera Blast Fighting
|-damage|p2a: Muk|34/100
|move|p2a: Muk|Drain Punch|p1a: Gholdengo
|-damage|p1a: Gholdengo|67/100
|-heal|p2a: Muk|42/100|[from] drain|[of] p1a: Gholdengo
|
|upkeep
|turn|34
|
|t:|1760435971
|move|p1a: Gholdengo|Tera Blast|p2a: Muk|[anim] Tera Blast Fighting
|-damage|p2a: Muk|24/100
|move|p2a: Muk|Drain Punch|p1a: Gholdengo
|-damage|p1a: Gholdengo|51/100
|-heal|p2a: Muk|32/100|[from] drain|[of] p1a: Gholdengo
|
|upkeep
|turn|35
|
|t:|1760435980
|move|p1a: Gholdengo|Tera Blast|p2a: Muk|[anim] Tera Blast Fighting
|-crit|p2a: Muk
|-damage|p2a: Muk|7/100
|move|p2a: Muk|Drain Punch|p1a: Gholdengo
|-damage|p1a: Gholdengo|34/100
|-heal|p2a: Muk|15/100|[from] drain|[of] p1a: Gholdengo
|
|upkeep
|turn|36
|
|t:|1760435990
|move|p1a: Gholdengo|Recover|p1a: Gholdengo
|-heal|p1a: Gholdengo|84/100
|move|p2a: Muk|Drain Punch|p1a: Gholdengo
|-damage|p1a: Gholdengo|67/100
|-heal|p2a: Muk|23/100|[from] drain|[of] p1a: Gholdengo
|
|upkeep
|turn|37
|
|t:|1760436001
|move|p1a: Gholdengo|Tera Blast|p2a: Muk|[anim] Tera Blast Fighting
|-damage|p2a: Muk|5/100
|move|p2a: Muk|Drain Punch|p1a: Gholdengo
|-damage|p1a: Gholdengo|49/100
|-heal|p2a: Muk|14/100|[from] drain|[of] p1a: Gholdengo
|
|upkeep
|turn|38
|
|t:|1760436010
|move|p1a: Gholdengo|Recover|p1a: Gholdengo
|-heal|p1a: Gholdengo|99/100
|move|p2a: Muk|Drain Punch|p1a: Gholdengo
|-damage|p1a: Gholdengo|84/100
|-heal|p2a: Muk|21/100|[from] drain|[of] p1a: Gholdengo
|
|upkeep
|turn|39
|
|t:|1760436019
|move|p1a: Gholdengo|Tera Blast|p2a: Muk|[anim] Tera Blast Fighting
|-damage|p2a: Muk|5/100
|move|p2a: Muk|Drain Punch|p1a: Gholdengo
|-damage|p1a: Gholdengo|66/100
|-heal|p2a: Muk|13/100|[from] drain|[of] p1a: Gholdengo
|
|upkeep
|turn|40
|
|t:|1760436029
|move|p2a: Muk|Shadow Sneak|p1a: Gholdengo
|-damage|p1a: Gholdengo|57/100
|-status|p1a: Gholdengo|psn|[from] ability: Poison Touch|[of] p2a: Muk
|move|p1a: Gholdengo|Tera Blast|p2a: Muk|[anim] Tera Blast Fighting
|-damage|p2a: Muk|0 fnt
|faint|p2a: Muk
|
|-damage|p1a: Gholdengo|44/100 psn|[from] psn
|upkeep
|
|t:|1760436035
|switch|p2a: Bisharp|Bisharp, M, shiny|64/100
|-damage|p2a: Bisharp|58/100|[from] Stealth Rock
|turn|41
|
|t:|1760436047
|-terastallize|p2a: Bisharp|Flying
|move|p1a: Gholdengo|Tera Blast|p2a: Bisharp|[anim] Tera Blast Fighting
|-resisted|p2a: Bisharp
|-damage|p2a: Bisharp|39/100
|move|p2a: Bisharp|Iron Head|p1a: Gholdengo
|-crit|p1a: Gholdengo
|-damage|p1a: Gholdengo|0 fnt
|faint|p1a: Gholdengo
|
|win|icefox
|raw|xw haha's rating: 1393 &rarr; <strong>1374</strong><br />(-19 for losing)
|raw|icefox's rating: 1405 &rarr; <strong>1424</strong><br />(+19 for winning)
|l|☆xw haha
|player|p1|
