|j|‽Its bob Ross
|j|☆schLIM2
|t:|1760459217
|gametype|singles
|player|p1|Its bob Ross|artist|1397
|player|p2|schLIM2|shadowtriad|1428
|gen|9
|tier|[Gen 9] OU
|rated|
|rule|HP Percentage Mod: HP is shown in percentages
|rule|Endless Battle Clause: Forcing endless battles is banned
|rule|Species Clause: Limit one of each Pokémon
|rule|OHKO Clause: OHKO moves are banned
|rule|Evasion Items Clause: Evasion items are banned
|rule|Evasion Moves Clause: Evasion moves are banned
|rule|Evasion Abilities Clause: Evasion abilities are banned
|rule|Sleep Moves Clause: Sleep-inducing moves are banned
|clearpoke
|poke|p1|Lokix, F|
|poke|p1|Iron Valiant|
|poke|p1|Great Tusk|
|poke|p1|Hydrapple, F|
|poke|p1|Empoleon, M|
|poke|p1|Infernape, F|
|poke|p2|Torkoal, F|
|poke|p2|Lilligant-Hisui, F|
|poke|p2|Walking Wake|
|poke|p2|Typhlosion-Hisui, F|
|poke|p2|Hydrapple, F|
|poke|p2|Latias, F|
|teampreview
|inactive|Battle timer is ON: inactive players will automatically lose when time's up. (requested by Its bob Ross)
|inactive|schLIM2 has 120 seconds left.
|
|t:|1760459254
|teamsize|p1|6
|teamsize|p2|6
|start
|switch|p1a: Infernape|Infernape, F|100/100
|switch|p2a: Torkoal|Torkoal, F|100/100
|-weather|SunnyDay|[from] ability: Drought|[of] p2a: Torkoal
|turn|1
|
|t:|1760459262
|switch|p2a: Walking Wake|Walking Wake|100/100
|-activate|p2a: Walking Wake|ability: Protosynthesis
|-start|p2a: Walking Wake|protosynthesisspa
|move|p1a: Infernape|U-turn|p2a: Walking Wake
|-damage|p2a: Walking Wake|83/100
|
|t:|1760459269
|switch|p1a: Iron Valiant|Iron Valiant|100/100|[from] U-turn
|
|-weather|SunnyDay|[upkeep]
|upkeep
|turn|2
|
|t:|1760459279
|-terastallize|p2a: Walking Wake|Water
|move|p2a: Walking Wake|Hydro Steam|p1a: Iron Valiant
|-enditem|p1a: Iron Valiant|Focus Sash
|-damage|p1a: Iron Valiant|1/100
|move|p1a: Iron Valiant|Knock Off|p2a: Walking Wake
|-damage|p2a: Walking Wake|50/100
|-enditem|p2a: Walking Wake|Choice Scarf|[from] move: Knock Off|[of] p1a: Iron Valiant
|
|-weather|SunnyDay|[upkeep]
|upkeep
|turn|3
|
|t:|1760459292
|move|p1a: Iron Valiant|Moonblast|p2a: Walking Wake
|-damage|p2a: Walking Wake|0 fnt
|faint|p2a: Walking Wake
|-end|p2a: Walking Wake|Protosynthesis|[silent]
|
|-weather|SunnyDay|[upkeep]
|upkeep
|
|t:|1760459296
|switch|p2a: Typhlosion|Typhlosion-Hisui, F|100/100
|turn|4
|
|t:|1760459301
|move|p2a: Typhlosion|Eruption|p1a: Iron Valiant
|-damage|p1a: Iron Valiant|0 fnt
|faint|p1a: Iron Valiant
|-end|p1a: Iron Valiant|Quark Drive|[silent]
|
|-weather|SunnyDay|[upkeep]
|upkeep
|
|t:|1760459316
|switch|p1a: Hydrapple|Hydrapple, F|100/100
|turn|5
|
|t:|1760459324
|switch|p2a: Hydrapple|Hydrapple, F|100/100
|-terastallize|p1a: Hydrapple|Electric
|move|p1a: Hydrapple|Earth Power|p2a: Hydrapple
|-resisted|p2a: Hydrapple
|-damage|p2a: Hydrapple|87/100
|-enditem|p2a: Hydrapple|Eject Button
|
|t:|1760459335
|switch|p2a: Typhlosion|Typhlosion-Hisui, F|100/100
|
|-weather|SunnyDay|[upkeep]
|upkeep
|turn|6
|
|t:|1760459340
|move|p2a: Typhlosion|Eruption|p1a: Hydrapple
|-crit|p1a: Hydrapple
|-damage|p1a: Hydrapple|21/100
|move|p1a: Hydrapple|Fickle Beam|p2a: Typhlosion
|-damage|p2a: Typhlosion|55/100
|
|-weather|SunnyDay|[upkeep]
|upkeep
|turn|7
|
|t:|1760459350
|switch|p1a: Empoleon|Empoleon, M|100/100
|move|p2a: Typhlosion|Eruption|p1a: Empoleon
|-damage|p1a: Empoleon|51/100
|
|-weather|SunnyDay|[upkeep]
|-heal|p1a: Empoleon|57/100|[from] item: Leftovers
|upkeep
|turn|8
|
|t:|1760459358
|move|p2a: Typhlosion|Eruption|p1a: Empoleon
|-damage|p1a: Empoleon|6/100
|move|p1a: Empoleon|Flip Turn|p2a: Typhlosion
|-supereffective|p2a: Typhlosion
|-damage|p2a: Typhlosion|34/100
|
|t:|1760459360
|switch|p1a: Lokix|Lokix, F|100/100|[from] Flip Turn
|
|-weather|none
|upkeep
|turn|9
|
|t:|1760459366
|switch|p2a: Torkoal|Torkoal, F|100/100
|-weather|SunnyDay|[from] ability: Drought|[of] p2a: Torkoal
|move|p1a: Lokix|First Impression|p2a: Torkoal
|-resisted|p2a: Torkoal
|-damage|p2a: Torkoal|69/100
|
|-weather|SunnyDay|[upkeep]
|upkeep
|turn|10
|
|t:|1760459372
|move|p1a: Lokix|Taunt|p2a: Torkoal
|-start|p2a: Torkoal|move: Taunt
|cant|p2a: Torkoal|move: Taunt|Stealth Rock
|
|-weather|SunnyDay|[upkeep]
|upkeep
|turn|11
|
|t:|1760459379
|move|p1a: Lokix|U-turn|p2a: Torkoal
|-resisted|p2a: Torkoal
|-damage|p2a: Torkoal|42/100
|
|t:|1760459384
|switch|p1a: Hydrapple|Hydrapple, F, tera:Electric|54/100|[from] U-turn
|move|p2a: Torkoal|Lava Plume|p1a: Hydrapple
|-damage|p1a: Hydrapple|34/100
|-status|p1a: Hydrapple|brn
|
|-weather|SunnyDay|[upkeep]
|-damage|p1a: Hydrapple|28/100 brn|[from] brn
|upkeep
|turn|12
|
|t:|1760459391
|switch|p2a: Typhlosion|Typhlosion-Hisui, F|34/100
|move|p1a: Hydrapple|Fickle Beam|p2a: Typhlosion
|-damage|p2a: Typhlosion|0 fnt
|faint|p2a: Typhlosion
|
|-weather|SunnyDay|[upkeep]
|-damage|p1a: Hydrapple|22/100 brn|[from] brn
|upkeep
|
|t:|1760459394
|switch|p2a: Lilligant|Lilligant-Hisui, F|100/100
|turn|13
|
|t:|1760459399
|move|p2a: Lilligant|Solar Blade||[still]
|-prepare|p2a: Lilligant|Solar Blade
|-anim|p2a: Lilligant|Solar Blade|p1a: Hydrapple
|-damage|p1a: Hydrapple|0 fnt
|faint|p1a: Hydrapple
|
|-weather|SunnyDay|[upkeep]
|upkeep
|
|t:|1760459404
|switch|p1a: Infernape|Infernape, F|100/100
|turn|14
|
|t:|1760459410
|move|p2a: Lilligant|Close Combat|p1a: Infernape
|-damage|p1a: Infernape|4/100
|-unboost|p2a: Lilligant|def|1
|-unboost|p2a: Lilligant|spd|1
|move|p1a: Infernape|Fire Blast|p2a: Lilligant
|-supereffective|p2a: Lilligant
|-damage|p2a: Lilligant|0 fnt
|faint|p2a: Lilligant
|
|-weather|SunnyDay|[upkeep]
|upkeep
|
|t:|1760459416
|switch|p2a: Latias|Latias, F|100/100
|turn|15
|
|t:|1760459426
|switch|p1a: Empoleon|Empoleon, M|6/100
|move|p2a: Latias|Draining Kiss|p1a: Empoleon
|-resisted|p1a: Empoleon
|-damage|p1a: Empoleon|0 fnt
|faint|p1a: Empoleon
|
|-weather|SunnyDay|[upkeep]
|upkeep
|
|t:|1760459430
|switch|p1a: Lokix|Lokix, F|100/100
|turn|16
|
|t:|1760459438
|switch|p2a: Torkoal|Torkoal, F|42/100
|move|p1a: Lokix|Knock Off|p2a: Torkoal
|-damage|p2a: Torkoal|8/100
|-enditem|p2a: Torkoal|Heat Rock|[from] move: Knock Off|[of] p1a: Lokix
|
|-weather|none
|upkeep
|turn|17
|
|t:|1760459443
|move|p1a: Lokix|U-turn|p2a: Torkoal
|-resisted|p2a: Torkoal
|-damage|p2a: Torkoal|0 fnt
|faint|p2a: Torkoal
|
|t:|1760459445
|switch|p1a: Great Tusk|Great Tusk|100/100|[from] U-turn
|-enditem|p1a: Great Tusk|Booster Energy
|-activate|p1a: Great Tusk|ability: Protosynthesis|[fromitem]
|-start|p1a: Great Tusk|protosynthesisatk
|
|upkeep
|
|t:|1760459451
|switch|p2a: Latias|Latias, F|100/100
|turn|18
|
|t:|1760459459
|move|p2a: Latias|Calm Mind|p2a: Latias
|-boost|p2a: Latias|spa|1
|-boost|p2a: Latias|spd|1
|move|p1a: Great Tusk|Rapid Spin|p2a: Latias
|-damage|p2a: Latias|69/100
|-boost|p1a: Great Tusk|spe|1
|
|upkeep
|turn|19
|
|t:|1760459464
|move|p1a: Great Tusk|Ice Spinner|p2a: Latias
|-supereffective|p2a: Latias
|-damage|p2a: Latias|0 fnt
|faint|p2a: Latias
|
|upkeep
|-message|schLIM2 forfeited.
|
|win|Its bob Ross
|raw|Its bob Ross's rating: 1397 &rarr; <strong>1419</strong><br />(+22 for winning)
|raw|schLIM2's rating: 1428 &rarr; <strong>1406</strong><br />(-22 for losing)
|l|☆schLIM2
|player|p2|
|l|‽Its bob Ross
|player|p1|
