|j|☆Bluelamentation
|j|‽jhghjkhipkjnlp
|t:|1760374774
|gametype|singles
|player|p1|Bluelamentation|giovanni|1357
|player|p2|jhghjkhipkjnlp|170|1401
|gen|9
|tier|[Gen 9] OU
|rated|
|rule|HP Percentage Mod: HP is shown in percentages
|rule|Endless Battle Clause: Forcing endless battles is banned
|rule|Species Clause: Limit one of each Pokémon
|rule|OHKO Clause: OHKO moves are banned
|rule|Evasion Items Clause: Evasion items are banned
|rule|Evasion Moves Clause: Evasion moves are banned
|rule|Evasion Abilities Clause: Evasion abilities are banned
|rule|Sleep Moves Clause: Sleep-inducing moves are banned
|clearpoke
|poke|p1|Talonflame, F|
|poke|p1|Iron Crown|
|poke|p1|Keldeo-Resolute|
|poke|p1|Garganacl, F|
|poke|p1|Pecharunt|
|poke|p1|Rotom-Mow|
|poke|p2|Ninetales, M|
|poke|p2|Hatterene, F|
|poke|p2|Walking Wake|
|poke|p2|Lilligant-Hisui, F|
|poke|p2|Ting-Lu|
|poke|p2|Primarina, M|
|teampreview
|inactive|Battle timer is ON: inactive players will automatically lose when time's up. (requested by Bluelamentation)
|
|t:|1760374804
|teamsize|p1|6
|teamsize|p2|6
|start
|switch|p1a: Garganacl|Garganacl, F|100/100
|switch|p2a: Ninetales|Ninetales, M|100/100
|-weather|SunnyDay|[from] ability: Drought|[of] p2a: Ninetales
|turn|1
|
|t:|1760374817
|switch|p2a: Ting-Lu|Ting-Lu|100/100
|-ability|p2a: Ting-Lu|Vessel of Ruin
|move|p1a: Garganacl|Salt Cure|p2a: Ting-Lu
|-resisted|p2a: Ting-Lu
|-damage|p2a: Ting-Lu|96/100
|-start|p2a: Ting-Lu|Salt Cure
|-enditem|p2a: Ting-Lu|Eject Button
|
|t:|1760374825
|switch|p2a: Primarina|Primarina, M|100/100
|
|-weather|SunnyDay|[upkeep]
|upkeep
|turn|2
|
|t:|1760374831
|-terastallize|p1a: Garganacl|Fairy
|move|p2a: Primarina|Substitute|p2a: Primarina
|-start|p2a: Primarina|Substitute
|-damage|p2a: Primarina|76/100
|move|p1a: Garganacl|Salt Cure|p2a: Primarina
|-activate|p2a: Primarina|move: Substitute|[damage]
|
|-weather|SunnyDay|[upkeep]
|-heal|p2a: Primarina|82/100|[from] item: Leftovers
|upkeep
|turn|3
|
|t:|1760374846
|move|p2a: Primarina|Calm Mind|p2a: Primarina
|-boost|p2a: Primarina|spa|1
|-boost|p2a: Primarina|spd|1
|move|p1a: Garganacl|Salt Cure|p2a: Primarina
|-end|p2a: Primarina|Substitute
|
|-weather|SunnyDay|[upkeep]
|-heal|p2a: Primarina|88/100|[from] item: Leftovers
|upkeep
|turn|4
|
|t:|1760374872
|move|p2a: Primarina|Substitute|p2a: Primarina
|-start|p2a: Primarina|Substitute
|-damage|p2a: Primarina|63/100
|move|p1a: Garganacl|Stealth Rock|p2a: Primarina
|-sidestart|p2: jhghjkhipkjnlp|move: Stealth Rock
|
|-weather|SunnyDay|[upkeep]
|-heal|p2a: Primarina|69/100|[from] item: Leftovers
|upkeep
|turn|5
|
|t:|1760374884
|move|p2a: Primarina|Calm Mind|p2a: Primarina
|-boost|p2a: Primarina|spa|1
|-boost|p2a: Primarina|spd|1
|move|p1a: Garganacl|Salt Cure|p2a: Primarina
|-activate|p2a: Primarina|move: Substitute|[damage]
|
|-weather|SunnyDay|[upkeep]
|-heal|p2a: Primarina|75/100|[from] item: Leftovers
|upkeep
|turn|6
|
|t:|1760374893
|move|p2a: Primarina|Moonblast|p1a: Garganacl
|-crit|p1a: Garganacl
|-damage|p1a: Garganacl|0 fnt
|faint|p1a: Garganacl
|
|-weather|SunnyDay|[upkeep]
|-heal|p2a: Primarina|81/100|[from] item: Leftovers
|upkeep
|
|t:|1760374900
|switch|p1a: Rotom|Rotom-Mow|100/100
|turn|7
|
|t:|1760374910
|move|p1a: Rotom|Volt Switch|p2a: Primarina
|-supereffective|p2a: Primarina
|-end|p2a: Primarina|Substitute
|
|t:|1760374915
|switch|p1a: Iron Crown|Iron Crown|100/100|[from] Volt Switch
|move|p2a: Primarina|Substitute|p2a: Primarina
|-start|p2a: Primarina|Substitute
|-damage|p2a: Primarina|56/100
|
|-weather|SunnyDay|[upkeep]
|-heal|p2a: Primarina|62/100|[from] item: Leftovers
|upkeep
|turn|8
|inactive|jhghjkhipkjnlp has 120 seconds left.
|
|t:|1760374960
|move|p1a: Iron Crown|Psyshock|p2a: Primarina
|-end|p2a: Primarina|Substitute
|move|p2a: Primarina|Psychic Noise|p1a: Iron Crown
|-damage|p1a: Iron Crown|74/100
|-start|p1a: Iron Crown|move: Heal Block
|
|-weather|none
|-heal|p2a: Primarina|69/100|[from] item: Leftovers
|upkeep
|turn|9
|
|t:|1760374972
|switch|p2a: Ting-Lu|Ting-Lu|96/100
|-damage|p2a: Ting-Lu|90/100|[from] Stealth Rock
|-ability|p2a: Ting-Lu|Vessel of Ruin
|move|p1a: Iron Crown|Future Sight|p2a: Ting-Lu
|-start|p1a: Iron Crown|move: Future Sight
|
|-end|p1a: Iron Crown|move: Heal Block
|upkeep
|turn|10
|
|t:|1760374981
|-end|p1a: Iron Crown|Quark Drive|[silent]
|switch|p1a: Rotom|Rotom-Mow|100/100
|move|p2a: Ting-Lu|Stealth Rock|p1a: Rotom
|-sidestart|p1: Bluelamentation|move: Stealth Rock
|
|upkeep
|turn|11
|
|t:|1760374988
|move|p1a: Rotom|Trick|p2a: Ting-Lu
|-activate|p1a: Rotom|move: Trick|[of] p2a: Ting-Lu
|-item|p2a: Ting-Lu|Choice Scarf|[from] move: Trick
|-enditem|p1a: Rotom|Choice Scarf|[silent]|[from] move: Trick
|move|p2a: Ting-Lu|Spikes|p1a: Rotom
|-sidestart|p1: Bluelamentation|Spikes
|
|-end|p2a: Ting-Lu|move: Future Sight
|-immune|p2a: Ting-Lu
|upkeep
|turn|12
|inactive|jhghjkhipkjnlp has 120 seconds left.
|
|t:|1760374995
|switch|p1a: Talonflame|Talonflame, F|100/100
|move|p2a: Ting-Lu|Spikes|p1a: Talonflame
|-sidestart|p1: Bluelamentation|Spikes
|
|upkeep
|turn|13
|inactive|jhghjkhipkjnlp has 120 seconds left.
|
|t:|1760375011
|switch|p2a: Ninetales|Ninetales, M|100/100
|-damage|p2a: Ninetales|76/100|[from] Stealth Rock
|-weather|SunnyDay|[from] ability: Drought|[of] p2a: Ninetales
|move|p1a: Talonflame|Defog|p2a: Ninetales
|-unboost|p2a: Ninetales|evasion|1
|-sideend|p2: jhghjkhipkjnlp|Stealth Rock|[from] move: Defog|[of] p1a: Talonflame
|-sideend|p1: Bluelamentation|Spikes|[from] move: Defog|[of] p1a: Talonflame
|-sideend|p1: Bluelamentation|Stealth Rock|[from] move: Defog|[of] p1a: Talonflame
|
|-weather|SunnyDay|[upkeep]
|upkeep
|turn|14
|inactive|jhghjkhipkjnlp has 120 seconds left.
|
|t:|1760375023
|switch|p2a: Walking Wake|Walking Wake|100/100
|-activate|p2a: Walking Wake|ability: Protosynthesis
|-start|p2a: Walking Wake|protosynthesisspe
|move|p1a: Talonflame|Air Slash|p2a: Walking Wake|[miss]
|-miss|p1a: Talonflame|p2a: Walking Wake
|
|-weather|SunnyDay|[upkeep]
|upkeep
|turn|15
|inactive|jhghjkhipkjnlp has 120 seconds left.
|-message|Bluelamentation forfeited.
|
|win|jhghjkhipkjnlp
|raw|Bluelamentation's rating: 1357 &rarr; <strong>1340</strong><br />(-17 for losing)
|raw|jhghjkhipkjnlp's rating: 1401 &rarr; <strong>1418</strong><br />(+17 for winning)
|l|☆Bluelamentation
|player|p1|
|l|‽jhghjkhipkjnlp
|player|p2|
