|j|☆quilpz
|j|☆xxxjkl
|t:|1760367695
|gametype|singles
|player|p1|quilpz|caitlin|1283
|player|p2|xxxjkl|benga|1424
|gen|9
|tier|[Gen 9] OU
|rated|
|rule|HP Percentage Mod: HP is shown in percentages
|rule|Endless Battle Clause: Forcing endless battles is banned
|rule|Species Clause: Limit one of each Pokémon
|rule|OHKO Clause: OHKO moves are banned
|rule|Evasion Items Clause: Evasion items are banned
|rule|Evasion Moves Clause: Evasion moves are banned
|rule|Evasion Abilities Clause: Evasion abilities are banned
|rule|Sleep Moves Clause: Sleep-inducing moves are banned
|clearpoke
|poke|p1|Zapdos|
|poke|p1|Glimmora, F|
|poke|p1|Clefable, F|
|poke|p1|Kyurem|
|poke|p1|Hawlucha, M|
|poke|p1|Scizor, M|
|poke|p2|Torkoal, M|
|poke|p2|Hatterene, F|
|poke|p2|Raging Bolt|
|poke|p2|Walking Wake|
|poke|p2|Sawsbuck, F|
|poke|p2|Ceruledge, M|
|teampreview
|
|t:|1760367699
|teamsize|p1|6
|teamsize|p2|6
|start
|switch|p1a: Glimmora|Glimmora, F|100/100
|switch|p2a: Torkoal|Torkoal, M|100/100
|-weather|SunnyDay|[from] ability: Drought|[of] p2a: Torkoal
|turn|1
|inactive|Battle timer is ON: inactive players will automatically lose when time's up. (requested by xxxjkl)
|
|t:|1760367705
|switch|p2a: Hatterene|Hatterene, F|100/100
|move|p1a: Glimmora|Power Gem|p2a: Hatterene
|-damage|p2a: Hatterene|67/100
|-enditem|p2a: Hatterene|Eject Button
|
|t:|1760367716
|switch|p2a: Walking Wake|Walking Wake|100/100
|-activate|p2a: Walking Wake|ability: Protosynthesis
|-start|p2a: Walking Wake|protosynthesisspe
|
|-weather|SunnyDay|[upkeep]
|upkeep
|turn|2
|
|t:|1760367724
|move|p2a: Walking Wake|Hydro Steam|p1a: Glimmora
|-supereffective|p1a: Glimmora
|-enditem|p1a: Glimmora|Focus Sash
|-damage|p1a: Glimmora|1/100
|move|p1a: Glimmora|Memento|p2a: Walking Wake
|-unboost|p2a: Walking Wake|atk|2
|-unboost|p2a: Walking Wake|spa|2
|faint|p1a: Glimmora
|
|-weather|SunnyDay|[upkeep]
|upkeep
|
|t:|1760367732
|switch|p1a: Kyurem|Kyurem|100/100
|-ability|p1a: Kyurem|Pressure
|turn|3
|
|t:|1760367735
|move|p2a: Walking Wake|Draco Meteor|p1a: Kyurem
|-supereffective|p1a: Kyurem
|-damage|p1a: Kyurem|26/100
|-unboost|p2a: Walking Wake|spa|2
|move|p1a: Kyurem|Dragon Dance|p1a: Kyurem
|-boost|p1a: Kyurem|atk|1
|-boost|p1a: Kyurem|spe|1
|
|-weather|SunnyDay|[upkeep]
|upkeep
|turn|4
|
|t:|1760367754
|move|p2a: Walking Wake|Draco Meteor|p1a: Kyurem
|-supereffective|p1a: Kyurem
|-damage|p1a: Kyurem|0 fnt
|-unboost|p2a: Walking Wake|spa|2
|faint|p1a: Kyurem
|
|-weather|SunnyDay|[upkeep]
|upkeep
|
|t:|1760367758
|switch|p1a: Scizor|Scizor, M|100/100
|turn|5
|
|t:|1760367760
|move|p2a: Walking Wake|Flip Turn|p1a: Scizor
|-damage|p1a: Scizor|96/100
|
|t:|1760367765
|-end|p2a: Walking Wake|Protosynthesis|[silent]
|switch|p2a: Ceruledge|Ceruledge, M|100/100|[from] Flip Turn
|move|p1a: Scizor|Swords Dance|p1a: Scizor
|-boost|p1a: Scizor|atk|2
|
|-weather|SunnyDay|[upkeep]
|upkeep
|turn|6
|
|t:|1760367775
|-terastallize|p1a: Scizor|Flying
|move|p1a: Scizor|Dual Wingbeat|p2a: Ceruledge
|-damage|p2a: Ceruledge|26/100
|-ability|p2a: Ceruledge|Weak Armor|boost
|-unboost|p2a: Ceruledge|def|1
|-boost|p2a: Ceruledge|spe|2
|-damage|p2a: Ceruledge|0 fnt
|faint|p2a: Ceruledge
|-hitcount|p2: Ceruledge|2
|
|-weather|SunnyDay|[upkeep]
|upkeep
|
|t:|1760367784
|switch|p2a: Walking Wake|Walking Wake|100/100
|-activate|p2a: Walking Wake|ability: Protosynthesis
|-start|p2a: Walking Wake|protosynthesisspe
|turn|7
|
|t:|1760367789
|move|p2a: Walking Wake|Hydro Steam|p1a: Scizor
|-damage|p1a: Scizor|0 fnt
|faint|p1a: Scizor
|
|-weather|SunnyDay|[upkeep]
|upkeep
|
|t:|1760367793
|switch|p1a: Zapdos|Zapdos|100/100
|turn|8
|
|t:|1760367797
|move|p2a: Walking Wake|Draco Meteor|p1a: Zapdos
|-damage|p1a: Zapdos|26/100
|-unboost|p2a: Walking Wake|spa|2
|move|p1a: Zapdos|Agility|p1a: Zapdos
|-boost|p1a: Zapdos|spe|2
|
|-weather|none
|-end|p2a: Walking Wake|Protosynthesis
|upkeep
|turn|9
|
|t:|1760367803
|move|p1a: Zapdos|Hurricane|p2a: Walking Wake
|-damage|p2a: Walking Wake|33/100
|move|p2a: Walking Wake|Draco Meteor|p1a: Zapdos
|-damage|p1a: Zapdos|0 fnt
|-unboost|p2a: Walking Wake|spa|2
|faint|p1a: Zapdos
|
|upkeep
|
|t:|1760367808
|switch|p1a: Hawlucha|Hawlucha, M|100/100
|-ability|p1a: Hawlucha|Mold Breaker
|turn|10
|
|t:|1760367811
|-end|p2a: Walking Wake|Protosynthesis|[silent]
|switch|p2a: Torkoal|Torkoal, M|100/100
|-weather|SunnyDay|[from] ability: Drought|[of] p2a: Torkoal
|move|p1a: Hawlucha|Swords Dance|p1a: Hawlucha
|-boost|p1a: Hawlucha|atk|2
|
|-weather|SunnyDay|[upkeep]
|upkeep
|turn|11
|
|t:|1760367817
|move|p1a: Hawlucha|Close Combat|p2a: Torkoal
|-crit|p2a: Torkoal
|-damage|p2a: Torkoal|0 fnt
|-unboost|p1a: Hawlucha|def|1
|-unboost|p1a: Hawlucha|spd|1
|faint|p2a: Torkoal
|
|-weather|SunnyDay|[upkeep]
|upkeep
|
|t:|1760367831
|switch|p2a: Sawsbuck|Sawsbuck, F|100/100
|turn|12
|
|t:|1760367834
|-terastallize|p2a: Sawsbuck|Fire
|move|p2a: Sawsbuck|Tera Blast|p1a: Hawlucha|[anim] Tera Blast Fire
|-enditem|p1a: Hawlucha|Focus Sash
|-damage|p1a: Hawlucha|1/100
|-damage|p2a: Sawsbuck|91/100|[from] item: Life Orb
|move|p1a: Hawlucha|Close Combat|p2a: Sawsbuck
|-damage|p2a: Sawsbuck|0 fnt
|-unboost|p1a: Hawlucha|def|1
|-unboost|p1a: Hawlucha|spd|1
|faint|p2a: Sawsbuck
|
|-weather|SunnyDay|[upkeep]
|upkeep
|
|t:|1760367843
|switch|p2a: Raging Bolt|Raging Bolt|100/100
|-activate|p2a: Raging Bolt|ability: Protosynthesis
|-start|p2a: Raging Bolt|protosynthesisspa
|turn|13
|
|t:|1760367850
|move|p2a: Raging Bolt|Thunderclap|p1a: Hawlucha
|-supereffective|p1a: Hawlucha
|-damage|p1a: Hawlucha|0 fnt
|faint|p1a: Hawlucha
|-damage|p2a: Raging Bolt|91/100|[from] item: Life Orb
|
|-weather|SunnyDay|[upkeep]
|upkeep
|
|t:|1760367853
|switch|p1a: Clefable|Clefable, F|100/100
|turn|14
|
|t:|1760367855
|move|p2a: Raging Bolt|Weather Ball|p1a: Clefable
|-damage|p1a: Clefable|14/100
|-damage|p2a: Raging Bolt|81/100|[from] item: Life Orb
|move|p1a: Clefable|Cosmic Power|p1a: Clefable
|-boost|p1a: Clefable|def|1
|-boost|p1a: Clefable|spd|1
|
|-weather|SunnyDay|[upkeep]
|-heal|p1a: Clefable|20/100|[from] item: Leftovers
|upkeep
|turn|15
|
|t:|1760367861
|move|p2a: Raging Bolt|Weather Ball|p1a: Clefable
|-damage|p1a: Clefable|0 fnt
|faint|p1a: Clefable
|-damage|p2a: Raging Bolt|71/100|[from] item: Life Orb
|
|win|xxxjkl
|raw|quilpz's rating: 1283 &rarr; <strong>1268</strong><br />(-15 for losing)
|raw|xxxjkl's rating: 1424 &rarr; <strong>1436</strong><br />(+12 for winning)
|l|☆quilpz
|player|p1|
|l|☆xxxjkl
|player|p2|
