|j|☆noobnpc_69
|j|☆Pachydon
|t:|1760379117
|gametype|singles
|player|p1|noobnpc_69|unknown|1346
|player|p2|Pachydon|169|1330
|gen|9
|tier|[Gen 9] OU
|rated|
|rule|HP Percentage Mod: HP is shown in percentages
|rule|Endless Battle Clause: Forcing endless battles is banned
|rule|Species Clause: Limit one of each Pokémon
|rule|OHKO Clause: OHKO moves are banned
|rule|Evasion Items Clause: Evasion items are banned
|rule|Evasion Moves Clause: Evasion moves are banned
|rule|Evasion Abilities Clause: Evasion abilities are banned
|rule|Sleep Moves Clause: Sleep-inducing moves are banned
|clearpoke
|poke|p1|Blastoise, F|
|poke|p1|Azumarill, M|
|poke|p1|Mimikyu, F|
|poke|p1|Maushold-Four|
|poke|p1|Ninetales-Alola, F|
|poke|p1|Squawkabilly-Blue, F|
|poke|p2|Gholdengo|
|poke|p2|Iron Treads|
|poke|p2|Moltres|
|poke|p2|Samurott-Hisui, F|
|poke|p2|Sinistcha|
|poke|p2|Ting-Lu|
|teampreview
|inactive|Battle timer is ON: inactive players will automatically lose when time's up. (requested by noobnpc_69)
|
|t:|1760379130
|teamsize|p1|6
|teamsize|p2|6
|start
|switch|p1a: Blastoise|Blastoise, F|100/100
|switch|p2a: Samurott|Samurott-Hisui, F|100/100
|turn|1
|
|t:|1760379145
|switch|p1a: Ninetales|Ninetales-Alola, F|100/100
|-weather|Snowscape|[from] ability: Snow Warning|[of] p1a: Ninetales
|move|p2a: Samurott|Knock Off|p1a: Ninetales
|-resisted|p1a: Ninetales
|-damage|p1a: Ninetales|82/100
|-enditem|p1a: Ninetales|Light Clay|[from] move: Knock Off|[of] p2a: Samurott
|
|-weather|Snowscape|[upkeep]
|upkeep
|turn|2
|
|t:|1760379155
|switch|p2a: Gholdengo|Gholdengo|100/100
|move|p1a: Ninetales|Aurora Veil|p1a: Ninetales
|-sidestart|p1: noobnpc_69|move: Aurora Veil
|
|-weather|Snowscape|[upkeep]
|upkeep
|turn|3
|
|t:|1760379163
|switch|p1a: Mimikyu|Mimikyu, F|100/100
|move|p2a: Gholdengo|Nasty Plot|p2a: Gholdengo
|-boost|p2a: Gholdengo|spa|2
|
|-weather|Snowscape|[upkeep]
|upkeep
|turn|4
|
|t:|1760379171
|switch|p2a: Iron Treads|Iron Treads|100/100
|move|p1a: Mimikyu|Shadow Sneak|p2a: Iron Treads
|-damage|p2a: Iron Treads|83/100
|-damage|p1a: Mimikyu|91/100|[from] item: Life Orb
|
|-weather|Snowscape|[upkeep]
|upkeep
|turn|5
|
|t:|1760379178
|move|p1a: Mimikyu|Wood Hammer|p2a: Iron Treads
|-damage|p2a: Iron Treads|50/100
|-damage|p1a: Mimikyu|74/100|[from] Recoil
|-damage|p1a: Mimikyu|64/100|[from] item: Life Orb
|move|p2a: Iron Treads|Earthquake|p1a: Mimikyu
|-activate|p1a: Mimikyu|ability: Disguise
|-damage|p1a: Mimikyu|64/100
|detailschange|p1a: Mimikyu|Mimikyu-Busted, F
|-damage|p1a: Mimikyu|51/100|[from] pokemon: Mimikyu-Busted
|
|-weather|none
|upkeep
|turn|6
|
|t:|1760379186
|move|p1a: Mimikyu|Copycat|p1a: Mimikyu
|move|p1a: Mimikyu|Earthquake|p2a: Iron Treads|[from] move: Copycat
|-supereffective|p2a: Iron Treads
|-damage|p2a: Iron Treads|0 fnt
|faint|p2a: Iron Treads
|-end|p2a: Iron Treads|Quark Drive|[silent]
|-damage|p1a: Mimikyu|42/100|[from] item: Life Orb
|
|-sideend|p1: noobnpc_69|move: Aurora Veil
|upkeep
|
|t:|1760379193
|switch|p2a: Samurott|Samurott-Hisui, F|100/100
|turn|7
|
|t:|1760379197
|move|p2a: Samurott|Ceaseless Edge|p1a: Mimikyu
|-damage|p1a: Mimikyu|0 fnt
|-sidestart|p1: noobnpc_69|Spikes
|faint|p1a: Mimikyu
|
|upkeep
|
|t:|1760379201
|switch|p1a: Blastoise|Blastoise, F|100/100
|-damage|p1a: Blastoise|88/100|[from] Spikes
|turn|8
|
|t:|1760379205
|move|p2a: Samurott|Ceaseless Edge|p1a: Blastoise
|-crit|p1a: Blastoise
|-damage|p1a: Blastoise|30/100
|-sidestart|p1: noobnpc_69|Spikes
|move|p1a: Blastoise|Shell Smash|p1a: Blastoise
|-unboost|p1a: Blastoise|def|1
|-unboost|p1a: Blastoise|spd|1
|-boost|p1a: Blastoise|atk|2
|-boost|p1a: Blastoise|spa|2
|-boost|p1a: Blastoise|spe|2
|-enditem|p1a: Blastoise|Eject Pack
|
|t:|1760379226
|switch|p1a: Azumarill|Azumarill, M|100/100
|-damage|p1a: Azumarill|84/100|[from] Spikes
|
|upkeep
|turn|9
|
|t:|1760379232
|switch|p2a: Sinistcha|Sinistcha|100/100
|move|p1a: Azumarill|Copycat|p1a: Azumarill
|move|p1a: Azumarill|Shell Smash|p1a: Azumarill|[from] move: Copycat
|-unboost|p1a: Azumarill|def|1
|-unboost|p1a: Azumarill|spd|1
|-boost|p1a: Azumarill|atk|2
|-boost|p1a: Azumarill|spa|2
|-boost|p1a: Azumarill|spe|2
|-enditem|p1a: Azumarill|White Herb
|-clearnegativeboost|p1a: Azumarill|[silent]
|
|upkeep
|turn|10
|
|t:|1760379238
|move|p1a: Azumarill|Play Rough|p2a: Sinistcha
|-damage|p2a: Sinistcha|32/100
|move|p2a: Sinistcha|Matcha Gotcha|p1a: Azumarill
|-supereffective|p1a: Azumarill
|-damage|p1a: Azumarill|3/100
|-heal|p2a: Sinistcha|73/100|[from] drain|[of] p1a: Azumarill
|
|upkeep
|turn|11
|
|t:|1760379247
|move|p1a: Azumarill|Liquidation|p2a: Sinistcha
|-resisted|p2a: Sinistcha
|-damage|p2a: Sinistcha|37/100
|move|p2a: Sinistcha|Strength Sap|p1a: Azumarill
|-unboost|p1a: Azumarill|atk|1
|-heal|p2a: Sinistcha|100/100
|
|upkeep
|turn|12
|
|t:|1760379255
|move|p1a: Azumarill|Copycat|p1a: Azumarill
|move|p1a: Azumarill|Strength Sap|p2a: Sinistcha|[from] move: Copycat
|-unboost|p2a: Sinistcha|atk|1
|-heal|p1a: Azumarill|35/100
|move|p2a: Sinistcha|Shadow Ball|p1a: Azumarill
|-damage|p1a: Azumarill|0 fnt
|faint|p1a: Azumarill
|
|upkeep
|
|t:|1760379264
|switch|p1a: Ninetales|Ninetales-Alola, F|82/100
|-damage|p1a: Ninetales|66/100|[from] Spikes
|-weather|Snowscape|[from] ability: Snow Warning|[of] p1a: Ninetales
|turn|13
|
|t:|1760379270
|switch|p2a: Gholdengo|Gholdengo|100/100
|move|p1a: Ninetales|Aurora Veil|p1a: Ninetales
|-sidestart|p1: noobnpc_69|move: Aurora Veil
|
|-weather|Snowscape|[upkeep]
|upkeep
|turn|14
|
|t:|1760379274
|switch|p1a: Maushold|Maushold-Four|100/100
|-damage|p1a: Maushold|84/100|[from] Spikes
|move|p2a: Gholdengo|Nasty Plot|p2a: Gholdengo
|-boost|p2a: Gholdengo|spa|2
|
|-weather|Snowscape|[upkeep]
|upkeep
|turn|15
|
|t:|1760379278
|switch|p1a: Blastoise|Blastoise, F|30/100
|-damage|p1a: Blastoise|13/100|[from] Spikes
|move|p2a: Gholdengo|Make It Rain|p1a: Blastoise
|-resisted|p1a: Blastoise
|-damage|p1a: Blastoise|0 fnt
|-unboost|p2a: Gholdengo|spa|1
|faint|p1a: Blastoise
|
|-weather|Snowscape|[upkeep]
|upkeep
|
|t:|1760379284
|switch|p1a: Squawkabilly|Squawkabilly-Blue, F|100/100
|turn|16
|
|t:|1760379291
|move|p1a: Squawkabilly|Brave Bird|p2a: Gholdengo
|-resisted|p2a: Gholdengo
|-damage|p2a: Gholdengo|71/100
|-damage|p1a: Squawkabilly|91/100|[from] Recoil
|move|p2a: Gholdengo|Thunderbolt|p1a: Squawkabilly
|-supereffective|p1a: Squawkabilly
|-damage|p1a: Squawkabilly|0 fnt
|faint|p1a: Squawkabilly
|
|-weather|Snowscape|[upkeep]
|upkeep
|
|t:|1760379295
|switch|p1a: Maushold|Maushold-Four|84/100
|-damage|p1a: Maushold|67/100|[from] Spikes
|turn|17
|
|t:|1760379299
|switch|p1a: Ninetales|Ninetales-Alola, F|66/100
|-damage|p1a: Ninetales|49/100|[from] Spikes
|move|p2a: Gholdengo|Make It Rain|p1a: Ninetales
|-supereffective|p1a: Ninetales
|-damage|p1a: Ninetales|0 fnt
|-unboost|p2a: Gholdengo|spa|1
|faint|p1a: Ninetales
|
|-weather|none
|-sideend|p1: noobnpc_69|move: Aurora Veil
|upkeep
|
|t:|1760379300
|switch|p1a: Maushold|Maushold-Four|67/100
|-damage|p1a: Maushold|51/100|[from] Spikes
|turn|18
|
|t:|1760379304
|move|p1a: Maushold|Bite|p2a: Gholdengo
|-supereffective|p2a: Gholdengo
|-damage|p2a: Gholdengo|21/100
|move|p2a: Gholdengo|Make It Rain|p1a: Maushold
|-damage|p1a: Maushold|0 fnt
|-unboost|p2a: Gholdengo|spa|1
|faint|p1a: Maushold
|
|win|Pachydon
|raw|noobnpc_69's rating: 1346 &rarr; <strong>1325</strong><br />(-21 for losing)
|raw|Pachydon's rating: 1330 &rarr; <strong>1351</strong><br />(+21 for winning)
|l|☆noobnpc_69
|player|p1|
|l|☆Pachydon
|player|p2|
