|j|☆nrkjr45
|j|☆burningpain
|t:|1760317867
|gametype|singles
|player|p1|nrkjr45|volkner|1488
|player|p2|burningpain|266|1467
|gen|9
|tier|[Gen 9] OU
|rated|
|rule|HP Percentage Mod: HP is shown in percentages
|rule|Endless Battle Clause: Forcing endless battles is banned
|rule|Species Clause: Limit one of each Pokémon
|rule|OHKO Clause: OHKO moves are banned
|rule|Evasion Items Clause: Evasion items are banned
|rule|Evasion Moves Clause: Evasion moves are banned
|rule|Evasion Abilities Clause: Evasion abilities are banned
|rule|Sleep Moves Clause: Sleep-inducing moves are banned
|clearpoke
|poke|p1|Maushold-Four|
|poke|p1|Pecharunt|
|poke|p1|Landorus-Therian, M|
|poke|p1|Heatran, M|
|poke|p1|Ogerpon-Wellspring, F|
|poke|p1|Hoopa-Unbound|
|poke|p2|Wo-Chien|
|poke|p2|Iron Treads|
|poke|p2|Weezing-Galar, M|
|poke|p2|Blissey, F|
|poke|p2|Alomomola, F|
|poke|p2|Talonflame, M|
|teampreview
|
|t:|1760317877
|teamsize|p1|6
|teamsize|p2|6
|start
|switch|p1a: Hoopa|Hoopa-Unbound|100/100
|switch|p2a: Alomomola|Alomomola, F|100/100
|turn|1
|inactive|Battle timer is ON: inactive players will automatically lose when time's up. (requested by nrkjr45)
|
|t:|1760317885
|switch|p1a: Ogerpon|Ogerpon-Wellspring, F|100/100
|move|p2a: Alomomola|Play Rough|p1a: Ogerpon
|-damage|p1a: Ogerpon|79/100
|
|upkeep
|turn|2
|
|t:|1760317902
|switch|p2a: Wo-Chien|Wo-Chien|100/100
|-ability|p2a: Wo-Chien|Tablets of Ruin
|move|p1a: Ogerpon|Knock Off|p2a: Wo-Chien
|-resisted|p2a: Wo-Chien
|-damage|p2a: Wo-Chien|91/100
|-enditem|p2a: Wo-Chien|Leftovers|[from] move: Knock Off|[of] p1a: Ogerpon
|
|upkeep
|turn|3
|
|t:|1760317913
|move|p1a: Ogerpon|U-turn|p2a: Wo-Chien
|-supereffective|p2a: Wo-Chien
|-damage|p2a: Wo-Chien|34/100
|
|t:|1760317923
|switch|p1a: Pecharunt|Pecharunt|100/100|[from] U-turn
|move|p2a: Wo-Chien|Foul Play|p1a: Pecharunt
|-supereffective|p1a: Pecharunt
|-damage|p1a: Pecharunt|76/100
|
|-heal|p1a: Pecharunt|82/100|[from] item: Leftovers
|upkeep
|turn|4
|
|t:|1760317932
|switch|p2a: Iron Treads|Iron Treads|100/100
|move|p1a: Pecharunt|Malignant Chain|p2a: Iron Treads
|-immune|p2a: Iron Treads
|
|-heal|p1a: Pecharunt|88/100|[from] item: Leftovers
|upkeep
|turn|5
|
|t:|1760317940
|move|p2a: Iron Treads|Knock Off|p1a: Pecharunt
|-supereffective|p1a: Pecharunt
|-damage|p1a: Pecharunt|61/100
|-enditem|p1a: Pecharunt|Leftovers|[from] move: Knock Off|[of] p2a: Iron Treads
|move|p1a: Pecharunt|Parting Shot|p2a: Iron Treads
|-unboost|p2a: Iron Treads|atk|1
|-unboost|p2a: Iron Treads|spa|1
|
|t:|1760317945
|switch|p1a: Landorus|Landorus-Therian, M|100/100|[from] Parting Shot
|-ability|p1a: Landorus|Intimidate|boost
|-unboost|p2a: Iron Treads|atk|1
|
|upkeep
|turn|6
|
|t:|1760317952
|-end|p2a: Iron Treads|Quark Drive|[silent]
|switch|p2a: Alomomola|Alomomola, F|100/100
|move|p1a: Landorus|Earthquake|p2a: Alomomola
|-damage|p2a: Alomomola|73/100
|
|upkeep
|turn|7
|
|t:|1760317956
|move|p1a: Landorus|Stealth Rock|p2a: Alomomola
|-sidestart|p2: burningpain|move: Stealth Rock
|move|p2a: Alomomola|Wish|p2a: Alomomola
|
|upkeep
|turn|8
|
|t:|1760317960
|switch|p1a: Ogerpon|Ogerpon-Wellspring, F|79/100
|switch|p2a: Wo-Chien|Wo-Chien|34/100
|-damage|p2a: Wo-Chien|22/100|[from] Stealth Rock
|-ability|p2a: Wo-Chien|Tablets of Ruin
|
|-heal|p2a: Wo-Chien|88/100|[from] move: Wish|[wisher] Alomomola
|upkeep
|turn|9
|
|t:|1760317965
|switch|p2a: Talonflame|Talonflame, M|100/100
|move|p1a: Ogerpon|U-turn|p2a: Talonflame
|-resisted|p2a: Talonflame
|-damage|p2a: Talonflame|95/100
|
|t:|1760317968
|switch|p1a: Landorus|Landorus-Therian, M|100/100|[from] U-turn
|-ability|p1a: Landorus|Intimidate|boost
|-unboost|p2a: Talonflame|atk|1
|
|upkeep
|turn|10
|
|t:|1760317991
|move|p2a: Talonflame|Will-O-Wisp|p1a: Landorus
|-status|p1a: Landorus|brn
|move|p1a: Landorus|Taunt|p2a: Talonflame
|-start|p2a: Talonflame|move: Taunt
|
|-damage|p1a: Landorus|95/100 brn|[from] brn
|upkeep
|turn|11
|
|t:|1760318005
|switch|p2a: Alomomola|Alomomola, F|100/100
|-damage|p2a: Alomomola|88/100|[from] Stealth Rock
|move|p1a: Landorus|U-turn|p2a: Alomomola
|-damage|p2a: Alomomola|81/100
|-damage|p1a: Landorus|78/100 brn|[from] item: Rocky Helmet|[of] p2a: Alomomola
|
|t:|1760318011
|switch|p1a: Maushold|Maushold-Four|100/100|[from] U-turn
|
|upkeep
|turn|12
|
|t:|1760318016
|move|p1a: Maushold|Tidy Up|p1a: Maushold
|-sideend|p2: burningpain|Stealth Rock
|-activate|p1a: Maushold|move: Tidy Up
|-boost|p1a: Maushold|atk|1
|-boost|p1a: Maushold|spe|1
|move|p2a: Alomomola|Flip Turn|p1a: Maushold
|-damage|p1a: Maushold|72/100
|
|t:|1760318024
|switch|p2a: Weezing|Weezing-Galar, M|100/100|[from] Flip Turn
|-ability|p2a: Weezing|Neutralizing Gas
|
|upkeep
|turn|13
|
|t:|1760318033
|move|p1a: Maushold|Population Bomb|p2a: Weezing
|-damage|p2a: Weezing|94/100
|-damage|p2a: Weezing|86/100
|-damage|p2a: Weezing|79/100
|-damage|p2a: Weezing|72/100
|-damage|p2a: Weezing|66/100
|-damage|p2a: Weezing|59/100
|-damage|p2a: Weezing|52/100
|-damage|p2a: Weezing|45/100
|-damage|p2a: Weezing|38/100
|-damage|p2a: Weezing|30/100
|-hitcount|p2a: Weezing|10
|move|p2a: Weezing|Will-O-Wisp|p1a: Maushold
|-status|p1a: Maushold|brn
|
|-heal|p2a: Weezing|36/100|[from] item: Leftovers
|-damage|p1a: Maushold|66/100 brn|[from] brn
|upkeep
|turn|14
|
|t:|1760318052
|-end|p2a: Weezing|ability: Neutralizing Gas
|switch|p2a: Alomomola|Alomomola, F|100/100
|move|p1a: Maushold|Tidy Up|p1a: Maushold
|-boost|p1a: Maushold|atk|1
|-boost|p1a: Maushold|spe|1
|
|-damage|p1a: Maushold|60/100 brn|[from] brn
|upkeep
|turn|15
|
|t:|1760318060
|move|p1a: Maushold|Population Bomb|p2a: Alomomola
|-damage|p2a: Alomomola|94/100
|-damage|p1a: Maushold|43/100 brn|[from] item: Rocky Helmet|[of] p2a: Alomomola
|-damage|p2a: Alomomola|88/100
|-damage|p1a: Maushold|27/100 brn|[from] item: Rocky Helmet|[of] p2a: Alomomola
|-damage|p2a: Alomomola|81/100
|-damage|p1a: Maushold|10/100 brn|[from] item: Rocky Helmet|[of] p2a: Alomomola
|-damage|p2a: Alomomola|74/100
|-damage|p1a: Maushold|0 fnt|[from] item: Rocky Helmet|[of] p2a: Alomomola
|faint|p1a: Maushold
|-hitcount|p2a: Alomomola|4
|move|p2a: Alomomola|Wish|p2a: Alomomola
|
|upkeep
|
|t:|1760318067
|switch|p1a: Ogerpon|Ogerpon-Wellspring, F|79/100
|turn|16
|
|t:|1760318080
|switch|p2a: Wo-Chien|Wo-Chien|88/100
|-ability|p2a: Wo-Chien|Tablets of Ruin
|move|p1a: Ogerpon|Horn Leech|p2a: Wo-Chien
|-resisted|p2a: Wo-Chien
|-damage|p2a: Wo-Chien|76/100
|-heal|p1a: Ogerpon|86/100|[from] drain|[of] p2a: Wo-Chien
|
|-heal|p2a: Wo-Chien|100/100|[from] move: Wish|[wisher] Alomomola
|upkeep
|turn|17
|inactive|burningpain has 120 seconds left.
|
|t:|1760318112
|switch|p2a: Alomomola|Alomomola, F|100/100
|move|p1a: Ogerpon|U-turn|p2a: Alomomola
|-damage|p2a: Alomomola|83/100
|-damage|p1a: Ogerpon|70/100|[from] item: Rocky Helmet|[of] p2a: Alomomola
|
|t:|1760318117
|switch|p1a: Pecharunt|Pecharunt|61/100|[from] U-turn
|
|upkeep
|turn|18
|inactive|burningpain has 120 seconds left.
|
|t:|1760318132
|move|p1a: Pecharunt|Malignant Chain|p2a: Alomomola
|-damage|p2a: Alomomola|50/100
|move|p2a: Alomomola|Wish|p2a: Alomomola
|
|upkeep
|turn|19
|inactive|burningpain has 120 seconds left.
|
|t:|1760318146
|move|p2a: Alomomola|Protect|p2a: Alomomola
|-singleturn|p2a: Alomomola|Protect
|move|p1a: Pecharunt|Malignant Chain|p2a: Alomomola
|-activate|p2a: Alomomola|move: Protect
|
|-heal|p2a: Alomomola|99/100|[from] move: Wish|[wisher] Alomomola
|upkeep
|turn|20
|
|t:|1760318152
|switch|p2a: Iron Treads|Iron Treads|100/100
|move|p1a: Pecharunt|Malignant Chain|p2a: Iron Treads
|-immune|p2a: Iron Treads
|
|upkeep
|turn|21
|
|t:|1760318161
|-end|p2a: Iron Treads|Quark Drive|[silent]
|switch|p2a: Alomomola|Alomomola, F|100/100
|switch|p1a: Landorus|Landorus-Therian, M|78/100 brn
|-ability|p1a: Landorus|Intimidate|boost
|-unboost|p2a: Alomomola|atk|1
|
|-damage|p1a: Landorus|72/100 brn|[from] brn
|upkeep
|turn|22
|
|t:|1760318173
|move|p1a: Landorus|Taunt|p2a: Alomomola
|-start|p2a: Alomomola|move: Taunt
|move|p2a: Alomomola|Flip Turn|p1a: Landorus
|-supereffective|p1a: Landorus
|-damage|p1a: Landorus|51/100 brn
|-damage|p2a: Alomomola|84/100|[from] item: Rocky Helmet|[of] p1a: Landorus
|
|t:|1760318182
|switch|p2a: Weezing|Weezing-Galar, M|36/100|[from] Flip Turn
|-ability|p2a: Weezing|Neutralizing Gas
|
|-heal|p2a: Weezing|42/100|[from] item: Leftovers
|-damage|p1a: Landorus|45/100 brn|[from] brn
|upkeep
|turn|23
|
|t:|1760318194
|-end|p2a: Weezing|ability: Neutralizing Gas
|-ability|p1a: Landorus|Intimidate|boost
|-unboost|p2a: Weezing|atk|1
|switch|p2a: Talonflame|Talonflame, M|95/100
|move|p1a: Landorus|Earthquake|p2a: Talonflame
|-immune|p2a: Talonflame
|
|-damage|p1a: Landorus|39/100 brn|[from] brn
|upkeep
|turn|24
|
|t:|1760318204
|move|p2a: Talonflame|Flamethrower|p1a: Landorus
|-damage|p1a: Landorus|9/100 brn
|move|p1a: Landorus|Taunt|p2a: Talonflame
|-start|p2a: Talonflame|move: Taunt
|
|-damage|p1a: Landorus|3/100 brn|[from] brn
|upkeep
|turn|25
|
|t:|1760318210
|move|p2a: Talonflame|Flamethrower|p1a: Landorus
|-damage|p1a: Landorus|0 fnt
|faint|p1a: Landorus
|
|upkeep
|
|t:|1760318214
|switch|p1a: Heatran|Heatran, M|100/100
|-item|p1a: Heatran|Air Balloon
|turn|26
|
|t:|1760318218
|switch|p2a: Alomomola|Alomomola, F|100/100
|move|p1a: Heatran|Flash Cannon|p2a: Alomomola
|-resisted|p2a: Alomomola
|-damage|p2a: Alomomola|81/100
|
|upkeep
|turn|27
|
|t:|1760318226
|switch|p1a: Pecharunt|Pecharunt|61/100
|move|p2a: Alomomola|Play Rough|p1a: Pecharunt
|-resisted|p1a: Pecharunt
|-damage|p1a: Pecharunt|57/100
|-unboost|p1a: Pecharunt|atk|1
|
|upkeep
|turn|28
|
|t:|1760318234
|move|p2a: Alomomola|Protect|p2a: Alomomola
|-singleturn|p2a: Alomomola|Protect
|move|p1a: Pecharunt|Recover|p1a: Pecharunt
|-heal|p1a: Pecharunt|100/100
|
|upkeep
|turn|29
|
|t:|1760318241
|switch|p2a: Iron Treads|Iron Treads|100/100
|move|p1a: Pecharunt|Malignant Chain|p2a: Iron Treads
|-immune|p2a: Iron Treads
|
|upkeep
|turn|30
|
|t:|1760318247
|move|p2a: Iron Treads|Rapid Spin|p1a: Pecharunt
|-immune|p1a: Pecharunt
|move|p1a: Pecharunt|Shadow Ball|p2a: Iron Treads
|-damage|p2a: Iron Treads|79/100
|
|-heal|p2a: Iron Treads|85/100|[from] item: Leftovers
|upkeep
|turn|31
|
|t:|1760318254
|move|p2a: Iron Treads|Protect|p2a: Iron Treads
|-singleturn|p2a: Iron Treads|Protect
|move|p1a: Pecharunt|Shadow Ball|p2a: Iron Treads
|-activate|p2a: Iron Treads|move: Protect
|
|-heal|p2a: Iron Treads|91/100|[from] item: Leftovers
|upkeep
|turn|32
|
|t:|1760318262
|-end|p2a: Iron Treads|Quark Drive|[silent]
|switch|p2a: Blissey.exe|Blissey, F|100/100
|move|p1a: Pecharunt|Shadow Ball|p2a: Blissey.exe
|-immune|p2a: Blissey.exe
|
|upkeep
|turn|33
|
|t:|1760318268
|move|p1a: Pecharunt|Malignant Chain|p2a: Blissey.exe
|-damage|p2a: Blissey.exe|89/100
|-status|p2a: Blissey.exe|tox
|-start|p2a: Blissey.exe|confusion|[from] ability: Poison Puppeteer|[of] p1a: Pecharunt
|-activate|p2a: Blissey.exe|confusion
|-damage|p2a: Blissey.exe|87/100 tox|[from] confusion
|
|-heal|p2a: Blissey.exe|94/100 tox|[from] item: Leftovers
|-damage|p2a: Blissey.exe|87/100 tox|[from] psn
|upkeep
|turn|34
|
|t:|1760318275
|-curestatus|p2a: Blissey.exe|tox|[from] ability: Natural Cure
|switch|p2a: Iron Treads|Iron Treads|91/100
|move|p1a: Pecharunt|Parting Shot|p2a: Iron Treads
|-unboost|p2a: Iron Treads|atk|1
|-unboost|p2a: Iron Treads|spa|1
|
|t:|1760318279
|switch|p1a: Heatran|Heatran, M|100/100|[from] Parting Shot
|-item|p1a: Heatran|Air Balloon
|
|-heal|p2a: Iron Treads|97/100|[from] item: Leftovers
|upkeep
|turn|35
|
|t:|1760318287
|move|p2a: Iron Treads|Protect|p2a: Iron Treads
|-singleturn|p2a: Iron Treads|Protect
|move|p1a: Heatran|Lava Plume|p2a: Iron Treads
|-activate|p2a: Iron Treads|move: Protect
|
|-heal|p2a: Iron Treads|100/100|[from] item: Leftovers
|upkeep
|turn|36
|
|t:|1760318294
|-end|p2a: Iron Treads|Quark Drive|[silent]
|switch|p2a: Blissey.exe|Blissey, F|87/100
|move|p1a: Heatran|Lava Plume|p2a: Blissey.exe
|-damage|p2a: Blissey.exe|73/100
|
|-heal|p2a: Blissey.exe|79/100|[from] item: Leftovers
|upkeep
|turn|37
|
|t:|1760318305
|move|p1a: Heatran|Flash Cannon|p2a: Blissey.exe
|-damage|p2a: Blissey.exe|65/100
|move|p2a: Blissey.exe|Stealth Rock|p1a: Heatran
|-sidestart|p1: nrkjr45|move: Stealth Rock
|
|-heal|p2a: Blissey.exe|71/100|[from] item: Leftovers
|upkeep
|turn|38
|
|t:|1760318311
|move|p1a: Heatran|Flash Cannon|p2a: Blissey.exe
|-damage|p2a: Blissey.exe|57/100
|move|p2a: Blissey.exe|Calm Mind|p2a: Blissey.exe
|-boost|p2a: Blissey.exe|spa|1
|-boost|p2a: Blissey.exe|spd|1
|
|-heal|p2a: Blissey.exe|63/100|[from] item: Leftovers
|upkeep
|turn|39
|
|t:|1760318319
|switch|p1a: Hoopa|Hoopa-Unbound|100/100
|-damage|p1a: Hoopa|88/100|[from] Stealth Rock
|move|p2a: Blissey.exe|Calm Mind|p2a: Blissey.exe
|-boost|p2a: Blissey.exe|spa|1
|-boost|p2a: Blissey.exe|spd|1
|
|-heal|p2a: Blissey.exe|70/100|[from] item: Leftovers
|upkeep
|turn|40
|
|t:|1760318334
|switch|p2a: Talonflame|Talonflame, M|95/100
|move|p1a: Hoopa|Drain Punch|p2a: Talonflame
|-resisted|p2a: Talonflame
|-damage|p2a: Talonflame|81/100
|-heal|p1a: Hoopa|96/100|[from] drain|[of] p2a: Talonflame
|
|upkeep
|turn|41
|
|t:|1760318341
|switch|p1a: Heatran|Heatran, M|100/100
|-damage|p1a: Heatran|88/100|[from] Stealth Rock
|-item|p1a: Heatran|Air Balloon
|move|p2a: Talonflame|Will-O-Wisp|p1a: Heatran
|-start|p1a: Heatran|ability: Flash Fire
|
|upkeep
|turn|42
|
|t:|1760318350
|switch|p2a: Blissey.exe|Blissey, F|70/100
|move|p1a: Heatran|Lava Plume|p2a: Blissey.exe
|-damage|p2a: Blissey.exe|47/100
|
|-heal|p2a: Blissey.exe|53/100|[from] item: Leftovers
|upkeep
|turn|43
|
|t:|1760318358
|move|p1a: Heatran|Lava Plume|p2a: Blissey.exe
|-damage|p2a: Blissey.exe|31/100
|-status|p2a: Blissey.exe|brn
|move|p2a: Blissey.exe|Soft-Boiled|p2a: Blissey.exe
|-heal|p2a: Blissey.exe|81/100 brn
|
|-heal|p2a: Blissey.exe|87/100 brn|[from] item: Leftovers
|-damage|p2a: Blissey.exe|81/100 brn|[from] brn
|upkeep
|turn|44
|
|t:|1760318366
|-end|p1a: Heatran|ability: Flash Fire|[silent]
|switch|p1a: Hoopa|Hoopa-Unbound|96/100
|-damage|p1a: Hoopa|84/100|[from] Stealth Rock
|-curestatus|p2a: Blissey.exe|brn|[from] ability: Natural Cure
|switch|p2a: Alomomola|Alomomola, F|100/100
|
|upkeep
|turn|45
|
|t:|1760318372
|move|p1a: Hoopa|Hyperspace Fury|p2a: Alomomola
|-damage|p2a: Alomomola|64/100
|-unboost|p1a: Hoopa|def|1
|move|p2a: Alomomola|Play Rough|p1a: Hoopa
|-supereffective|p1a: Hoopa
|-damage|p1a: Hoopa|0 fnt
|faint|p1a: Hoopa
|
|upkeep
|
|t:|1760318378
|switch|p1a: Pecharunt|Pecharunt|100/100
|-damage|p1a: Pecharunt|88/100|[from] Stealth Rock
|turn|46
|-message|nrkjr45 forfeited.
|
|win|burningpain
|raw|nrkjr45's rating: 1488 &rarr; <strong>1467</strong><br />(-21 for losing)
|raw|burningpain's rating: 1467 &rarr; <strong>1488</strong><br />(+21 for winning)
|l|☆nrkjr45
|player|p1|
