|j|☆Kis Vegallomas
|j|☆Alx247
|t:|1760443196
|gametype|singles
|player|p1|Kis Vegallomas|170|1417
|player|p2|Alx247|infielder|1474
|gen|9
|tier|[Gen 9] OU
|rated|
|rule|HP Percentage Mod: HP is shown in percentages
|rule|Endless Battle Clause: Forcing endless battles is banned
|rule|Species Clause: Limit one of each Pokémon
|rule|OHKO Clause: OHKO moves are banned
|rule|Evasion Items Clause: Evasion items are banned
|rule|Evasion Moves Clause: Evasion moves are banned
|rule|Evasion Abilities Clause: Evasion abilities are banned
|rule|Sleep Moves Clause: Sleep-inducing moves are banned
|clearpoke
|poke|p1|Garchomp, F|
|poke|p1|Slowking-Galar, F|
|poke|p1|Keldeo-Resolute|
|poke|p1|Grimmsnarl, M|
|poke|p1|Iron Crown|
|poke|p1|Primeape, M|
|poke|p2|Primarina, M|
|poke|p2|Ceruledge, F|
|poke|p2|Darkrai|
|poke|p2|Corviknight, M|
|poke|p2|Landorus-Therian, M|
|poke|p2|Iron Valiant|
|teampreview
|inactive|Battle timer is ON: inactive players will automatically lose when time's up. (requested by Alx247)
|
|t:|1760443204
|teamsize|p1|6
|teamsize|p2|6
|start
|switch|p1a: Primeape|Primeape, M|100/100
|switch|p2a: Charli XCX|Ceruledge, F, shiny|100/100
|turn|1
|
|t:|1760443215
|move|p2a: Charli XCX|Swords Dance|p2a: Charli XCX
|-boost|p2a: Charli XCX|atk|2
|move|p1a: Primeape|Bulk Up|p1a: Primeape
|-boost|p1a: Primeape|atk|1
|-boost|p1a: Primeape|def|1
|
|upkeep
|turn|2
|
|t:|1760443230
|move|p2a: Charli XCX|Swords Dance|p2a: Charli XCX
|-boost|p2a: Charli XCX|atk|2
|move|p1a: Primeape|Rage Fist|p2a: Charli XCX
|-supereffective|p2a: Charli XCX
|-damage|p2a: Charli XCX|41/100
|-ability|p2a: Charli XCX|Weak Armor|boost
|-unboost|p2a: Charli XCX|def|1
|-boost|p2a: Charli XCX|spe|2
|
|upkeep
|turn|3
|inactive|Alx247 has 120 seconds left.
|
|t:|1760443265
|move|p2a: Charli XCX|Bitter Blade|p1a: Primeape
|-damage|p1a: Primeape|10/100
|-heal|p2a: Charli XCX|94/100|[from] drain|[of] p1a: Primeape
|move|p1a: Primeape|Rage Fist|p2a: Charli XCX
|-supereffective|p2a: Charli XCX
|-damage|p2a: Charli XCX|0 fnt
|faint|p2a: Charli XCX
|
|upkeep
|c|☆Alx247|fuck i forgot the damage goes up when ur hit
|inactive|Alx247 has 90 seconds left.
|
|t:|1760443314
|switch|p2a: Taylor Swift|Darkrai, shiny|100/100
|turn|4
|
|t:|1760443335
|move|p2a: Taylor Swift|Dark Pulse|p1a: Primeape
|-resisted|p1a: Primeape
|-damage|p1a: Primeape|0 fnt
|faint|p1a: Primeape
|-damage|p2a: Taylor Swift|91/100|[from] item: Life Orb
|
|upkeep
|
|t:|1760443338
|switch|p1a: Grimmsnarl|Grimmsnarl, M|100/100
|turn|5
|inactive|Alx247 has 90 seconds left.
|
|t:|1760443365
|move|p1a: Grimmsnarl|Light Screen|p1a: Grimmsnarl
|-sidestart|p1: Kis Vegallomas|move: Light Screen
|move|p2a: Taylor Swift|Nasty Plot|p2a: Taylor Swift
|-boost|p2a: Taylor Swift|spa|2
|
|upkeep
|turn|6
|inactive|Kis Vegallomas has 120 seconds left.
|
|t:|1760443380
|switch|p1a: Iron Crown|Iron Crown|100/100
|move|p2a: Taylor Swift|Sludge Bomb|p1a: Iron Crown
|-immune|p1a: Iron Crown
|
|upkeep
|turn|7
|
|t:|1760443385
|move|p2a: Taylor Swift|Dark Pulse|p1a: Iron Crown
|-supereffective|p1a: Iron Crown
|-damage|p1a: Iron Crown|4/100
|-enditem|p1a: Iron Crown|Weakness Policy
|-boost|p1a: Iron Crown|atk|2|[from] item: Weakness Policy
|-boost|p1a: Iron Crown|spa|2|[from] item: Weakness Policy
|-damage|p2a: Taylor Swift|81/100|[from] item: Life Orb
|move|p1a: Iron Crown|Agility|p1a: Iron Crown
|-boost|p1a: Iron Crown|spe|2
|
|upkeep
|turn|8
|inactive|Alx247 has 90 seconds left.
|
|t:|1760443418
|move|p1a: Iron Crown|Tachyon Cutter|p2a: Taylor Swift
|-damage|p2a: Taylor Swift|10/100
|-damage|p2a: Taylor Swift|0 fnt
|faint|p2a: Taylor Swift
|-hitcount|p2: Taylor Swift|2
|
|upkeep
|
|t:|1760443421
|switch|p2a: Beyoncé|Corviknight, M, shiny|100/100
|-ability|p2a: Beyoncé|Pressure
|turn|9
|
|t:|1760443428
|-terastallize|p1a: Iron Crown|Fighting
|move|p1a: Iron Crown|Tera Blast|p2a: Beyoncé|[anim] Tera Blast Fighting
|-damage|p2a: Beyoncé|14/100
|move|p2a: Beyoncé|U-turn|p1a: Iron Crown
|-resisted|p1a: Iron Crown
|-damage|p1a: Iron Crown|0 fnt
|faint|p1a: Iron Crown
|-end|p1a: Iron Crown|Quark Drive|[silent]
|
|t:|1760443450
|switch|p2a: SZA|Primarina, M, shiny|100/100|[from] U-turn
|
|upkeep
|
|t:|1760443461
|switch|p1a: Slowking|Slowking-Galar, F|100/100
|turn|10
|
|t:|1760443466
|move|p2a: SZA|Flip Turn|p1a: Slowking
|-damage|p1a: Slowking|84/100
|
|t:|1760443474
|switch|p2a: Beyoncé|Corviknight, M, shiny|14/100|[from] Flip Turn
|-ability|p2a: Beyoncé|Pressure
|move|p1a: Slowking|Trick|p2a: Beyoncé
|-activate|p1a: Slowking|move: Trick|[of] p2a: Beyoncé
|-item|p2a: Beyoncé|Choice Specs|[from] move: Trick
|-item|p1a: Slowking|Rocky Helmet|[from] move: Trick
|
|upkeep
|turn|11
|
|t:|1760443486
|move|p2a: Beyoncé|Roost|p2a: Beyoncé
|-heal|p2a: Beyoncé|64/100
|-singleturn|p2a: Beyoncé|move: Roost
|move|p1a: Slowking|Future Sight|p2a: Beyoncé
|-start|p1a: Slowking|move: Future Sight
|
|upkeep
|turn|12
|
|t:|1760443492
|move|p2a: Beyoncé|Roost|p2a: Beyoncé
|-heal|p2a: Beyoncé|100/100
|-singleturn|p2a: Beyoncé|move: Roost
|move|p1a: Slowking|Ice Beam|p2a: Beyoncé
|-resisted|p2a: Beyoncé
|-damage|p2a: Beyoncé|86/100
|
|-sideend|p1: Kis Vegallomas|move: Light Screen
|upkeep
|turn|13
|inactive|Alx247 has 90 seconds left.
|
|t:|1760443506
|switch|p2a: SZA|Primarina, M, shiny|100/100
|move|p1a: Slowking|Sludge Bomb|p2a: SZA
|-supereffective|p2a: SZA
|-damage|p2a: SZA|46/100
|-status|p2a: SZA|psn
|
|-end|p2a: SZA|move: Future Sight
|-damage|p2a: SZA|5/100 psn
|-damage|p2a: SZA|0 fnt|[from] psn
|faint|p2a: SZA
|upkeep
|
|t:|1760443513
|switch|p2a: Chappell Roan|Landorus-Therian, M, shiny|100/100
|-ability|p2a: Chappell Roan|Intimidate|boost
|-unboost|p1a: Slowking|atk|1
|turn|14
|
|t:|1760443519
|move|p2a: Chappell Roan|Earthquake|p1a: Slowking
|-supereffective|p1a: Slowking
|-damage|p1a: Slowking|0 fnt
|faint|p1a: Slowking
|
|upkeep
|
|t:|1760443521
|switch|p1a: Grimmsnarl|Grimmsnarl, M|100/100
|turn|15
|
|t:|1760443526
|move|p1a: Grimmsnarl|Reflect|p1a: Grimmsnarl
|-sidestart|p1: Kis Vegallomas|Reflect
|move|p2a: Chappell Roan|Earthquake|p1a: Grimmsnarl
|-damage|p1a: Grimmsnarl|63/100
|
|upkeep
|turn|16
|
|t:|1760443528
|move|p1a: Grimmsnarl|Light Screen|p1a: Grimmsnarl
|-sidestart|p1: Kis Vegallomas|move: Light Screen
|move|p2a: Chappell Roan|Earthquake|p1a: Grimmsnarl
|-damage|p1a: Grimmsnarl|31/100
|
|upkeep
|turn|17
|
|t:|1760443532
|move|p2a: Chappell Roan|Earthquake|p1a: Grimmsnarl
|-damage|p1a: Grimmsnarl|0 fnt
|faint|p1a: Grimmsnarl
|
|upkeep
|
|t:|1760443539
|switch|p1a: Keldeo|Keldeo-Resolute|100/100
|turn|18
|
|t:|1760443545
|switch|p2a: Beyoncé|Corviknight, M, shiny|86/100
|-ability|p2a: Beyoncé|Pressure
|move|p1a: Keldeo|Calm Mind|p1a: Keldeo
|-boost|p1a: Keldeo|spa|1
|-boost|p1a: Keldeo|spd|1
|
|upkeep
|turn|19
|
|t:|1760443555
|move|p1a: Keldeo|Surf|p2a: Beyoncé
|-damage|p2a: Beyoncé|23/100
|move|p2a: Beyoncé|Brave Bird|p1a: Keldeo
|-supereffective|p1a: Keldeo
|-crit|p1a: Keldeo
|-damage|p1a: Keldeo|0 fnt
|faint|p1a: Keldeo
|-damage|p2a: Beyoncé|0 fnt|[from] Recoil
|faint|p2a: Beyoncé
|
|upkeep
|
|t:|1760443566
|switch|p1a: Garchomp|Garchomp, F|100/100
|switch|p2a: Sabrina Carpenter|Iron Valiant, shiny|100/100
|-enditem|p2a: Sabrina Carpenter|Booster Energy
|-activate|p2a: Sabrina Carpenter|ability: Quark Drive|[fromitem]
|-start|p2a: Sabrina Carpenter|quarkdrivespe
|turn|20
|
|t:|1760443572
|move|p2a: Sabrina Carpenter|Moonblast|p1a: Garchomp
|-supereffective|p1a: Garchomp
|-damage|p1a: Garchomp|60/100
|move|p1a: Garchomp|Poison Jab|p2a: Sabrina Carpenter
|-supereffective|p2a: Sabrina Carpenter
|-damage|p2a: Sabrina Carpenter|33/100
|-status|p2a: Sabrina Carpenter|psn
|
|-damage|p2a: Sabrina Carpenter|20/100 psn|[from] psn
|upkeep
|turn|21
|
|t:|1760443579
|move|p2a: Sabrina Carpenter|Moonblast|p1a: Garchomp
|-supereffective|p1a: Garchomp
|-damage|p1a: Garchomp|17/100
|move|p1a: Garchomp|Poison Jab|p2a: Sabrina Carpenter
|-supereffective|p2a: Sabrina Carpenter
|-crit|p2a: Sabrina Carpenter
|-damage|p2a: Sabrina Carpenter|0 fnt
|faint|p2a: Sabrina Carpenter
|-end|p2a: Sabrina Carpenter|Quark Drive|[silent]
|
|upkeep
|
|t:|1760443581
|switch|p2a: Chappell Roan|Landorus-Therian, M, shiny|100/100
|-ability|p2a: Chappell Roan|Intimidate|boost
|-unboost|p1a: Garchomp|atk|1
|turn|22
|-message|Kis Vegallomas forfeited.
|
|win|Alx247
|raw|Kis Vegallomas's rating: 1417 &rarr; <strong>1400</strong><br />(-17 for losing)
|raw|Alx247's rating: 1474 &rarr; <strong>1491</strong><br />(+17 for winning)
|l|☆Kis Vegallomas
|player|p1|
|l|☆Alx247
|player|p2|
