|j|☆indigknighted
|j|☆bug0407
|t:|1760332730
|gametype|singles
|player|p1|indigknighted|bellelba|1163
|player|p2|bug0407|scientist|1102
|gen|9
|tier|[Gen 9] OU
|rated|
|rule|HP Percentage Mod: HP is shown in percentages
|rule|Endless Battle Clause: Forcing endless battles is banned
|rule|Species Clause: Limit one of each Pokémon
|rule|OHKO Clause: OHKO moves are banned
|rule|Evasion Items Clause: Evasion items are banned
|rule|Evasion Moves Clause: Evasion moves are banned
|rule|Evasion Abilities Clause: Evasion abilities are banned
|rule|Sleep Moves Clause: Sleep-inducing moves are banned
|clearpoke
|poke|p1|Iron Crown|
|poke|p1|Meowscarada, F|
|poke|p1|Great Tusk|
|poke|p1|Pecharunt|
|poke|p1|Ting-Lu|
|poke|p1|Iron Valiant|
|poke|p2|Whimsicott, F|
|poke|p2|Gliscor, F|
|poke|p2|Heatran, M|
|poke|p2|Garganacl, F|
|poke|p2|Corviknight, M|
|poke|p2|Kingdra, F|
|teampreview
|inactive|Battle timer is ON: inactive players will automatically lose when time's up. (requested by bug0407)
|
|t:|1760332747
|teamsize|p1|6
|teamsize|p2|6
|start
|switch|p1a: Meowscarada|Meowscarada, F|100/100
|switch|p2a: Whimsicott|Whimsicott, F|100/100
|turn|1
|
|t:|1760332755
|switch|p2a: Heatran|Heatran, M|100/100
|move|p1a: Meowscarada|Triple Axel|p2a: Heatran
|-start|p1a: Meowscarada|typechange|Ice|[from] ability: Protean
|-resisted|p2a: Heatran
|-damage|p2a: Heatran|97/100
|-resisted|p2a: Heatran
|-damage|p2a: Heatran|90/100
|-resisted|p2a: Heatran
|-damage|p2a: Heatran|79/100
|-hitcount|p2a: Heatran|3
|
|upkeep
|turn|2
|
|t:|1760332768
|switch|p1a: Ting-Lu|Ting-Lu|100/100
|-ability|p1a: Ting-Lu|Vessel of Ruin
|move|p2a: Heatran|Magma Storm|p1a: Ting-Lu
|-damage|p1a: Ting-Lu|79/100
|-activate|p1a: Ting-Lu|move: Magma Storm|[of] p2a: Heatran
|
|-heal|p1a: Ting-Lu|85/100|[from] item: Leftovers
|-damage|p1a: Ting-Lu|72/100|[from] move: Magma Storm|[partiallytrapped]
|upkeep
|turn|3
|
|t:|1760332785
|switch|p2a: Corviknight|Corviknight, M|100/100
|move|p1a: Ting-Lu|Stealth Rock|p2a: Corviknight
|-sidestart|p2: bug0407|move: Stealth Rock
|
|-heal|p1a: Ting-Lu|79/100|[from] item: Leftovers
|-end|p1a: Ting-Lu|Magma Storm|[partiallytrapped]|[silent]
|upkeep
|turn|4
|
|t:|1760332794
|move|p2a: Corviknight|Body Press|p1a: Ting-Lu
|-supereffective|p1a: Ting-Lu
|-damage|p1a: Ting-Lu|56/100
|move|p1a: Ting-Lu|Ruination|p2a: Corviknight
|-damage|p2a: Corviknight|51/100
|
|-heal|p1a: Ting-Lu|62/100|[from] item: Leftovers
|upkeep
|turn|5
|
|t:|1760332809
|switch|p1a: Pecharunt|Pecharunt|100/100
|move|p2a: Corviknight|Defog|p1a: Pecharunt
|-unboost|p1a: Pecharunt|evasion|1
|-sideend|p2: bug0407|Stealth Rock|[from] move: Defog|[of] p2a: Corviknight
|
|upkeep
|turn|6
|
|t:|1760332819
|switch|p2a: Gliscor|Gliscor, F|100/100
|move|p1a: Pecharunt|Parting Shot|p2a: Gliscor
|-unboost|p2a: Gliscor|atk|1
|-unboost|p2a: Gliscor|spa|1
|
|t:|1760332827
|switch|p1a: Great Tusk|Great Tusk|100/100|[from] Parting Shot
|
|-status|p2a: Gliscor|tox|[from] item: Toxic Orb
|upkeep
|turn|7
|
|t:|1760332837
|switch|p2a: Kingdra|Kingdra, F|100/100
|move|p1a: Great Tusk|Ice Spinner|p2a: Kingdra
|-damage|p2a: Kingdra|70/100
|
|upkeep
|turn|8
|
|t:|1760332849
|-end|p1a: Great Tusk|Protosynthesis|[silent]
|switch|p1a: Ting-Lu|Ting-Lu|62/100
|-ability|p1a: Ting-Lu|Vessel of Ruin
|move|p2a: Kingdra|Focus Energy|p2a: Kingdra
|-start|p2a: Kingdra|move: Focus Energy
|
|-heal|p1a: Ting-Lu|69/100|[from] item: Leftovers
|upkeep
|turn|9
|
|t:|1760332862
|move|p2a: Kingdra|Hydro Pump|p1a: Ting-Lu
|-supereffective|p1a: Ting-Lu
|-crit|p1a: Ting-Lu
|-damage|p1a: Ting-Lu|0 fnt
|faint|p1a: Ting-Lu
|
|upkeep
|
|t:|1760332867
|switch|p1a: Meowscarada|Meowscarada, F|100/100
|turn|10
|
|t:|1760332873
|move|p1a: Meowscarada|Flower Trick|p2a: Kingdra
|-start|p1a: Meowscarada|typechange|Grass|[from] ability: Protean
|-crit|p2a: Kingdra
|-damage|p2a: Kingdra|0 fnt
|faint|p2a: Kingdra
|
|upkeep
|
|t:|1760332879
|switch|p2a: Heatran|Heatran, M|79/100
|turn|11
|
|t:|1760332892
|switch|p1a: Great Tusk|Great Tusk|100/100
|move|p2a: Heatran|Flamethrower|p1a: Great Tusk
|-damage|p1a: Great Tusk|40/100
|
|-heal|p1a: Great Tusk|46/100|[from] item: Leftovers
|upkeep
|turn|12
|
|t:|1760332904
|move|p2a: Heatran|Flamethrower|p1a: Great Tusk
|-damage|p1a: Great Tusk|0 fnt
|faint|p1a: Great Tusk
|-end|p1a: Great Tusk|Protosynthesis|[silent]
|
|upkeep
|
|t:|1760332909
|switch|p1a: Iron Valiant|Iron Valiant|100/100
|-enditem|p1a: Iron Valiant|Booster Energy
|-activate|p1a: Iron Valiant|ability: Quark Drive|[fromitem]
|-start|p1a: Iron Valiant|quarkdrivespe
|turn|13
|
|t:|1760332935
|switch|p2a: Corviknight|Corviknight, M|51/100
|move|p1a: Iron Valiant|Close Combat|p2a: Corviknight
|-damage|p2a: Corviknight|10/100
|-unboost|p1a: Iron Valiant|def|1
|-unboost|p1a: Iron Valiant|spd|1
|-damage|p1a: Iron Valiant|84/100|[from] item: Rocky Helmet|[of] p2a: Corviknight
|
|upkeep
|turn|14
|
|t:|1760332949
|move|p1a: Iron Valiant|Moonblast|p2a: Corviknight
|-resisted|p2a: Corviknight
|-damage|p2a: Corviknight|0 fnt
|faint|p2a: Corviknight
|
|upkeep
|
|t:|1760332954
|switch|p2a: Whimsicott|Whimsicott, F|100/100
|turn|15
|
|t:|1760332970
|move|p2a: Whimsicott|Substitute|p2a: Whimsicott
|-start|p2a: Whimsicott|Substitute
|-damage|p2a: Whimsicott|76/100
|move|p1a: Iron Valiant|Knock Off|p2a: Whimsicott
|-resisted|p2a: Whimsicott
|-activate|p2a: Whimsicott|move: Substitute|[damage]
|
|upkeep
|turn|16
|
|t:|1760332976
|move|p1a: Iron Valiant|Encore|p2a: Whimsicott
|-start|p2a: Whimsicott|Encore
|move|p2a: Whimsicott|Substitute|p2a: Whimsicott
|-fail|p2a: Whimsicott|move: Substitute
|
|upkeep
|turn|17
|
|t:|1760332989
|move|p2a: Whimsicott|Substitute|p2a: Whimsicott
|-fail|p2a: Whimsicott|move: Substitute
|move|p1a: Iron Valiant|Moonblast|p2a: Whimsicott
|-end|p2a: Whimsicott|Substitute
|
|upkeep
|turn|18
|
|t:|1760332995
|move|p2a: Whimsicott|Substitute|p2a: Whimsicott
|-start|p2a: Whimsicott|Substitute
|-damage|p2a: Whimsicott|51/100
|move|p1a: Iron Valiant|Moonblast|p2a: Whimsicott
|-end|p2a: Whimsicott|Substitute
|
|-end|p2a: Whimsicott|Encore
|upkeep
|turn|19
|
|t:|1760333002
|move|p2a: Whimsicott|Substitute|p2a: Whimsicott
|-start|p2a: Whimsicott|Substitute
|-damage|p2a: Whimsicott|26/100
|move|p1a: Iron Valiant|Encore|p2a: Whimsicott
|-start|p2a: Whimsicott|Encore
|
|upkeep
|turn|20
|
|t:|1760333009
|move|p2a: Whimsicott|Substitute|p2a: Whimsicott
|-fail|p2a: Whimsicott|move: Substitute
|move|p1a: Iron Valiant|Moonblast|p2a: Whimsicott
|-end|p2a: Whimsicott|Substitute
|
|upkeep
|turn|21
|
|t:|1760333014
|move|p2a: Whimsicott|Substitute|p2a: Whimsicott
|-start|p2a: Whimsicott|Substitute
|-damage|p2a: Whimsicott|1/100
|move|p1a: Iron Valiant|Moonblast|p2a: Whimsicott
|-end|p2a: Whimsicott|Substitute
|
|upkeep
|turn|22
|
|t:|1760333020
|move|p2a: Whimsicott|Substitute|p2a: Whimsicott
|-fail|p2a: Whimsicott|move: Substitute|[weak]
|move|p1a: Iron Valiant|Moonblast|p2a: Whimsicott
|-damage|p2a: Whimsicott|0 fnt
|faint|p2a: Whimsicott
|
|upkeep
|
|t:|1760333028
|switch|p2a: Gliscor|Gliscor, F|100/100 tox
|turn|23
|
|t:|1760333038
|move|p1a: Iron Valiant|Moonblast|p2a: Gliscor
|-damage|p2a: Gliscor|28/100 tox
|-unboost|p2a: Gliscor|spa|1
|move|p2a: Gliscor|Dual Wingbeat|p1a: Iron Valiant
|-supereffective|p1a: Iron Valiant
|-damage|p1a: Iron Valiant|15/100
|-supereffective|p1a: Iron Valiant
|-crit|p1a: Iron Valiant
|-damage|p1a: Iron Valiant|0 fnt
|faint|p1a: Iron Valiant
|-end|p1a: Iron Valiant|Quark Drive|[silent]
|-hitcount|p1: Iron Valiant|2
|
|-heal|p2a: Gliscor|40/100 tox|[from] ability: Poison Heal
|upkeep
|
|t:|1760333045
|switch|p1a: Meowscarada|Meowscarada, F|100/100
|turn|24
|
|t:|1760333055
|-terastallize|p2a: Gliscor|Steel
|move|p1a: Meowscarada|Triple Axel|p2a: Gliscor
|-start|p1a: Meowscarada|typechange|Ice|[from] ability: Protean
|-resisted|p2a: Gliscor
|-damage|p2a: Gliscor|33/100 tox
|-hitcount|p2a: Gliscor|1
|move|p2a: Gliscor|Dual Wingbeat|p1a: Meowscarada
|-damage|p1a: Meowscarada|76/100
|-damage|p1a: Meowscarada|50/100
|-hitcount|p1a: Meowscarada|2
|
|-heal|p2a: Gliscor|46/100 tox|[from] ability: Poison Heal
|upkeep
|turn|25
|
|t:|1760333071
|switch|p1a: Pecharunt|Pecharunt|100/100
|move|p2a: Gliscor|Earthquake|p1a: Pecharunt
|-supereffective|p1a: Pecharunt
|-damage|p1a: Pecharunt|61/100
|
|-heal|p2a: Gliscor|58/100 tox|[from] ability: Poison Heal
|upkeep
|turn|26
|
|t:|1760333084
|move|p2a: Gliscor|Earthquake|p1a: Pecharunt
|-supereffective|p1a: Pecharunt
|-damage|p1a: Pecharunt|19/100
|move|p1a: Pecharunt|Recover|p1a: Pecharunt
|-heal|p1a: Pecharunt|69/100
|
|-heal|p2a: Gliscor|71/100 tox|[from] ability: Poison Heal
|upkeep
|turn|27
|
|t:|1760333091
|move|p2a: Gliscor|Earthquake|p1a: Pecharunt
|-supereffective|p1a: Pecharunt
|-damage|p1a: Pecharunt|27/100
|move|p1a: Pecharunt|Hex|p2a: Gliscor
|-damage|p2a: Gliscor|7/100 tox
|
|-heal|p2a: Gliscor|19/100 tox|[from] ability: Poison Heal
|upkeep
|turn|28
|
|t:|1760333099
|move|p2a: Gliscor|Earthquake|p1a: Pecharunt
|-supereffective|p1a: Pecharunt
|-damage|p1a: Pecharunt|0 fnt
|faint|p1a: Pecharunt
|
|-heal|p2a: Gliscor|31/100 tox|[from] ability: Poison Heal
|upkeep
|
|t:|1760333102
|switch|p1a: Meowscarada|Meowscarada, F|50/100
|turn|29
|
|t:|1760333107
|move|p2a: Gliscor|Protect|p2a: Gliscor
|-singleturn|p2a: Gliscor|Protect
|move|p1a: Meowscarada|Flower Trick|p2a: Gliscor
|-start|p1a: Meowscarada|typechange|Grass|[from] ability: Protean
|-activate|p2a: Gliscor|move: Protect
|
|-heal|p2a: Gliscor|44/100 tox|[from] ability: Poison Heal
|upkeep
|turn|30
|
|t:|1760333117
|move|p1a: Meowscarada|Flower Trick|p2a: Gliscor
|-resisted|p2a: Gliscor
|-crit|p2a: Gliscor
|-damage|p2a: Gliscor|10/100 tox
|move|p2a: Gliscor|Earthquake|p1a: Meowscarada
|-resisted|p1a: Meowscarada
|-damage|p1a: Meowscarada|15/100
|
|-heal|p2a: Gliscor|22/100 tox|[from] ability: Poison Heal
|upkeep
|turn|31
|
|t:|1760333126
|switch|p1a: Iron Crown|Iron Crown|100/100
|move|p2a: Gliscor|Protect||[still]
|-fail|p2a: Gliscor
|
|-heal|p2a: Gliscor|35/100 tox|[from] ability: Poison Heal
|upkeep
|turn|32
|
|t:|1760333134
|move|p1a: Iron Crown|Psychic Noise|p2a: Gliscor
|-resisted|p2a: Gliscor
|-damage|p2a: Gliscor|0 fnt
|faint|p2a: Gliscor
|
|upkeep
|
|t:|1760333140
|switch|p2a: Heatran|Heatran, M|79/100
|turn|33
|
|t:|1760333144
|-end|p1a: Iron Crown|Quark Drive|[silent]
|switch|p1a: Meowscarada|Meowscarada, F|15/100
|move|p2a: Heatran|Flamethrower|p1a: Meowscarada
|-supereffective|p1a: Meowscarada
|-damage|p1a: Meowscarada|0 fnt
|faint|p1a: Meowscarada
|
|upkeep
|
|t:|1760333149
|switch|p1a: Iron Crown|Iron Crown|100/100
|turn|34
|
|t:|1760333155
|move|p2a: Heatran|Flamethrower|p1a: Iron Crown
|-supereffective|p1a: Iron Crown
|-crit|p1a: Iron Crown
|-damage|p1a: Iron Crown|0 fnt
|faint|p1a: Iron Crown
|-end|p1a: Iron Crown|Quark Drive|[silent]
|
|win|bug0407
|raw|indigknighted's rating: 1163 &rarr; <strong>1134</strong><br />(-29 for losing)
|raw|bug0407's rating: 1102 &rarr; <strong>1131</strong><br />(+29 for winning)
|l|☆indigknighted
|player|p1|
