|j|☆AlexCHZ
|j|☆kaspairx
|t:|1760397577
|gametype|singles
|player|p1|AlexCHZ|hilbert-wonderlauncher|1104
|player|p2|kaspairx|dancer|1148
|gen|9
|tier|[Gen 9] OU
|rated|
|rule|HP Percentage Mod: HP is shown in percentages
|rule|Endless Battle Clause: Forcing endless battles is banned
|rule|Species Clause: Limit one of each Pokémon
|rule|OHKO Clause: OHKO moves are banned
|rule|Evasion Items Clause: Evasion items are banned
|rule|Evasion Moves Clause: Evasion moves are banned
|rule|Evasion Abilities Clause: Evasion abilities are banned
|rule|Sleep Moves Clause: Sleep-inducing moves are banned
|clearpoke
|poke|p1|Yanmega, M|
|poke|p1|Salamence, F|
|poke|p1|Donphan, F|
|poke|p1|Greninja-*, M|
|poke|p1|Skarmory, F|
|poke|p1|Indeedee, M|
|poke|p2|Garganacl, F|
|poke|p2|Clefable, F|
|poke|p2|Cinderace, M|
|poke|p2|Manaphy|
|poke|p2|Ogerpon-Cornerstone, F|
|poke|p2|Great Tusk|
|teampreview
|inactive|Battle timer is ON: inactive players will automatically lose when time's up. (requested by kaspairx)
|
|t:|1760397587
|teamsize|p1|6
|teamsize|p2|6
|start
|switch|p1a: Skarmory|Skarmory, F|100/100
|switch|p2a: GI GA SALT|Garganacl, F|100/100
|turn|1
|
|t:|1760397599
|move|p1a: Skarmory|Iron Head|p2a: GI GA SALT
|-supereffective|p2a: GI GA SALT
|-damage|p2a: GI GA SALT|55/100
|move|p2a: GI GA SALT|Salt Cure|p1a: Skarmory
|-damage|p1a: Skarmory|87/100
|-start|p1a: Skarmory|Salt Cure
|-ability|p1a: Skarmory|Weak Armor|boost
|-unboost|p1a: Skarmory|def|1
|-boost|p1a: Skarmory|spe|2
|
|-heal|p2a: GI GA SALT|62/100|[from] item: Leftovers
|-damage|p1a: Skarmory|63/100|[from] Salt Cure
|upkeep
|turn|2
|
|t:|1760397615
|move|p2a: GI GA SALT|Protect|p2a: GI GA SALT
|-singleturn|p2a: GI GA SALT|Protect
|move|p1a: Skarmory|Body Press|p2a: GI GA SALT
|-activate|p2a: GI GA SALT|move: Protect
|
|-heal|p2a: GI GA SALT|68/100|[from] item: Leftovers
|-damage|p1a: Skarmory|38/100|[from] Salt Cure
|upkeep
|turn|3
|
|t:|1760397625
|-terastallize|p2a: GI GA SALT|Water
|move|p1a: Skarmory|Body Press|p2a: GI GA SALT
|-damage|p2a: GI GA SALT|57/100
|move|p2a: GI GA SALT|Salt Cure|p1a: Skarmory
|-damage|p1a: Skarmory|22/100
|-ability|p1a: Skarmory|Weak Armor|boost
|-unboost|p1a: Skarmory|def|1
|-boost|p1a: Skarmory|spe|2
|
|-heal|p2a: GI GA SALT|63/100|[from] item: Leftovers
|-damage|p1a: Skarmory|0 fnt|[from] Salt Cure
|faint|p1a: Skarmory
|upkeep
|
|t:|1760397647
|switch|p1a: Yanmega|Yanmega, M|100/100
|turn|4
|
|t:|1760397652
|move|p1a: Yanmega|Giga Drain|p2a: GI GA SALT
|-supereffective|p2a: GI GA SALT
|-damage|p2a: GI GA SALT|29/100
|move|p2a: GI GA SALT|Salt Cure|p1a: Yanmega
|-supereffective|p1a: Yanmega
|-damage|p1a: Yanmega|31/100
|-start|p1a: Yanmega|Salt Cure
|
|-heal|p2a: GI GA SALT|35/100|[from] item: Leftovers
|-damage|p1a: Yanmega|19/100|[from] Salt Cure
|-ability|p1a: Yanmega|Speed Boost|boost
|-boost|p1a: Yanmega|spe|1
|upkeep
|turn|5
|
|t:|1760397676
|move|p1a: Yanmega|Giga Drain|p2a: GI GA SALT
|-supereffective|p2a: GI GA SALT
|-damage|p2a: GI GA SALT|0 fnt
|-heal|p1a: Yanmega|41/100|[from] drain|[of] p2a: GI GA SALT
|faint|p2a: GI GA SALT
|
|-damage|p1a: Yanmega|29/100|[from] Salt Cure
|-ability|p1a: Yanmega|Speed Boost|boost
|-boost|p1a: Yanmega|spe|1
|upkeep
|inactive|kaspairx has 120 seconds left.
|inactive|kaspairx has 90 seconds left.
|inactive|kaspairx has 60 seconds left.
|inactive|kaspairx has 30 seconds left.
|l|☆AlexCHZ
|inactive|AlexCHZ disconnected and has a minute to reconnect!
|player|p1|
|inactive|kaspairx has 20 seconds left.
|j|☆AlexCHZ
|inactive|AlexCHZ reconnected.
|player|p1|AlexCHZ|hilbert-wonderlauncher|
|inactive|kaspairx has 15 seconds left.
|inactive|kaspairx has 10 seconds left.
|inactive|kaspairx has 5 seconds left.
|-message|kaspairx lost due to inactivity.
|
|win|AlexCHZ
|raw|AlexCHZ's rating: 1104 &rarr; <strong>1132</strong><br />(+28 for winning)
|raw|kaspairx's rating: 1148 &rarr; <strong>1120</strong><br />(-28 for losing)
