|j|☆jaylyfe
|j|☆henry151th
|t:|1760346112
|gametype|singles
|player|p1|jaylyfe|265|1572
|player|p2|henry151th|wallace|1657
|gen|9
|tier|[Gen 9] OU
|rated|
|rule|HP Percentage Mod: HP is shown in percentages
|rule|Endless Battle Clause: Forcing endless battles is banned
|rule|Species Clause: Limit one of each Pokémon
|rule|OHKO Clause: OHKO moves are banned
|rule|Evasion Items Clause: Evasion items are banned
|rule|Evasion Moves Clause: Evasion moves are banned
|rule|Evasion Abilities Clause: Evasion abilities are banned
|rule|Sleep Moves Clause: Sleep-inducing moves are banned
|clearpoke
|poke|p1|Kingambit, F|
|poke|p1|Cinderace, M|
|poke|p1|Landorus-Therian, M|
|poke|p1|Iron Valiant|
|poke|p1|Kyurem|
|poke|p1|Slowking-Galar, M|
|poke|p2|Cresselia, F|
|poke|p2|Hatterene, F|
|poke|p2|Porygon2|
|poke|p2|Ursaluna, F|
|poke|p2|Iron Hands|
|poke|p2|Enamorus-Therian, F|
|teampreview
|j| Rizzofreko
|j|+pastagirl
|j| AbrarS
|j| CloudyEJ
|j| SpaceMedaFighterX
|
|t:|1760346169
|teamsize|p1|6
|teamsize|p2|6
|start
|switch|p1a: Slowking|Slowking-Galar, M|100/100
|switch|p2a: ERASERHEAD|Porygon2|100/100
|-ability|p2a: ERASERHEAD|Download|boost
|-boost|p2a: ERASERHEAD|atk|1
|turn|1
|
|t:|1760346181
|switch|p2a: WILD AT HEART|Ursaluna, F|100/100
|move|p1a: Slowking|Sludge Bomb|p2a: WILD AT HEART
|-resisted|p2a: WILD AT HEART
|-damage|p2a: WILD AT HEART|86/100
|-status|p2a: WILD AT HEART|psn
|
|-damage|p2a: WILD AT HEART|73/100 psn|[from] psn
|upkeep
|turn|2
|j| OUZQ Crocodile
|l| Rizzofreko
|inactive|Battle timer is ON: inactive players will automatically lose when time's up. (requested by jaylyfe)
|
|t:|1760346219
|switch|p1a: Landorus|Landorus-Therian, M|100/100
|-ability|p1a: Landorus|Intimidate|boost
|-unboost|p2a: WILD AT HEART|atk|1
|-terastallize|p2a: WILD AT HEART|Normal
|move|p2a: WILD AT HEART|Facade|p1a: Landorus
|-damage|p1a: Landorus|3/100
|-damage|p2a: WILD AT HEART|57/100 psn|[from] item: Rocky Helmet|[of] p1a: Landorus
|
|-damage|p2a: WILD AT HEART|44/100 psn|[from] psn
|upkeep
|turn|3
|j|+Disorient
|
|t:|1760346237
|switch|p2a: BLUE VELVET|Hatterene, F|100/100
|move|p1a: Landorus|Earthquake|p2a: BLUE VELVET
|-damage|p2a: BLUE VELVET|61/100
|
|upkeep
|turn|4
|
|t:|1760346247
|move|p1a: Landorus|Earthquake|p2a: BLUE VELVET
|-damage|p2a: BLUE VELVET|23/100
|move|p2a: BLUE VELVET|Trick Room|p2a: BLUE VELVET
|-fieldstart|move: Trick Room|[of] p2a: BLUE VELVET
|
|upkeep
|turn|5
|
|t:|1760346268
|switch|p1a: Kyurem|Kyurem|100/100
|-ability|p1a: Kyurem|Pressure
|move|p2a: BLUE VELVET|Mystical Fire|p1a: Kyurem
|-damage|p1a: Kyurem|80/100
|-unboost|p1a: Kyurem|spa|1
|
|-heal|p1a: Kyurem|86/100|[from] item: Leftovers
|upkeep
|turn|6
|
|t:|1760346278
|move|p1a: Kyurem|Protect|p1a: Kyurem
|-singleturn|p1a: Kyurem|Protect
|move|p2a: BLUE VELVET|Healing Wish|p2a: BLUE VELVET
|faint|p2a: BLUE VELVET
|
|-heal|p1a: Kyurem|92/100|[from] item: Leftovers
|upkeep
|l| OUZQ Crocodile
|
|t:|1760346281
|switch|p2a: INLAND EMPIRE|Enamorus-Therian, F|100/100
|turn|7
|
|t:|1760346286
|switch|p1a: Landorus|Landorus-Therian, M|3/100
|-ability|p1a: Landorus|Intimidate|boost
|-unboost|p2a: INLAND EMPIRE|atk|1
|move|p2a: INLAND EMPIRE|Earth Power|p1a: Landorus
|-immune|p1a: Landorus
|
|upkeep
|turn|8
|
|t:|1760346293
|move|p2a: INLAND EMPIRE|Moonblast|p1a: Landorus
|-damage|p1a: Landorus|0 fnt
|faint|p1a: Landorus
|-damage|p2a: INLAND EMPIRE|91/100|[from] item: Life Orb
|
|-fieldend|move: Trick Room
|upkeep
|
|t:|1760346295
|switch|p1a: Kyurem|Kyurem|92/100
|-ability|p1a: Kyurem|Pressure
|turn|9
|
|t:|1760346304
|move|p1a: Kyurem|Substitute|p1a: Kyurem
|-start|p1a: Kyurem|Substitute
|-damage|p1a: Kyurem|67/100
|move|p2a: INLAND EMPIRE|Alluring Voice|p1a: Kyurem
|-supereffective|p1a: Kyurem
|-damage|p1a: Kyurem|0 fnt
|faint|p1a: Kyurem
|-damage|p2a: INLAND EMPIRE|81/100|[from] item: Life Orb
|
|upkeep
|
|t:|1760346312
|switch|p1a: Slowking|Slowking-Galar, M|100/100
|turn|10
|
|t:|1760346317
|switch|p2a: WILD AT HEART|Ursaluna, F, tera:Normal|44/100 psn
|-heal|p2a: WILD AT HEART|100/100|[from] move: Healing Wish
|move|p1a: Slowking|Sludge Bomb|p2a: WILD AT HEART
|-damage|p2a: WILD AT HEART|70/100
|
|-status|p2a: WILD AT HEART|brn|[from] item: Flame Orb
|upkeep
|turn|11
|
|t:|1760346336
|switch|p1a: Kingambit|Kingambit, F|100/100
|-activate|p1a: Kingambit|ability: Supreme Overlord
|-start|p1a: Kingambit|fallen2|[silent]
|move|p2a: WILD AT HEART|Headlong Rush|p1a: Kingambit
|-supereffective|p1a: Kingambit
|-damage|p1a: Kingambit|0 fnt
|-unboost|p2a: WILD AT HEART|def|1
|-unboost|p2a: WILD AT HEART|spd|1
|faint|p1a: Kingambit
|-end|p1a: Kingambit|fallen2|[silent]
|
|-damage|p2a: WILD AT HEART|64/100 brn|[from] brn
|upkeep
|
|t:|1760346352
|switch|p1a: Cinderace|Cinderace, M|100/100
|turn|12
|
|t:|1760346356
|switch|p2a: LOST HIGHWAY|Cresselia, F|100/100
|move|p1a: Cinderace|Pyro Ball|p2a: LOST HIGHWAY
|-damage|p2a: LOST HIGHWAY|76/100
|
|upkeep
|turn|13
|
|t:|1760346361
|move|p1a: Cinderace|U-turn|p2a: LOST HIGHWAY
|-supereffective|p2a: LOST HIGHWAY
|-damage|p2a: LOST HIGHWAY|57/100
|
|t:|1760346363
|switch|p1a: Iron Valiant|Iron Valiant, shiny|100/100|[from] U-turn
|-enditem|p1a: Iron Valiant|Booster Energy
|-activate|p1a: Iron Valiant|ability: Quark Drive|[fromitem]
|-start|p1a: Iron Valiant|quarkdrivespe
|move|p2a: LOST HIGHWAY|Trick Room|p2a: LOST HIGHWAY
|-fieldstart|move: Trick Room|[of] p2a: LOST HIGHWAY
|
|upkeep
|turn|14
|
|t:|1760346369
|move|p2a: LOST HIGHWAY|Lunar Dance|p2a: LOST HIGHWAY
|faint|p2a: LOST HIGHWAY
|move|p1a: Iron Valiant|Calm Mind|p1a: Iron Valiant
|-boost|p1a: Iron Valiant|spa|1
|-boost|p1a: Iron Valiant|spd|1
|
|upkeep
|
|t:|1760346370
|switch|p2a: INLAND EMPIRE|Enamorus-Therian, F|81/100
|-heal|p2a: INLAND EMPIRE|100/100|[from] move: Lunar Dance
|turn|15
|
|t:|1760346383
|-terastallize|p1a: Iron Valiant|Ghost
|move|p2a: INLAND EMPIRE|Moonblast|p1a: Iron Valiant
|-damage|p1a: Iron Valiant|15/100
|-damage|p2a: INLAND EMPIRE|91/100|[from] item: Life Orb
|move|p1a: Iron Valiant|Moonblast|p2a: INLAND EMPIRE
|-damage|p2a: INLAND EMPIRE|21/100
|
|upkeep
|turn|16
|
|t:|1760346392
|-end|p1a: Iron Valiant|Quark Drive|[silent]
|switch|p1a: Slowking|Slowking-Galar, M|100/100
|move|p2a: INLAND EMPIRE|Earth Power|p1a: Slowking
|-supereffective|p1a: Slowking
|-damage|p1a: Slowking|50/100
|-damage|p2a: INLAND EMPIRE|11/100|[from] item: Life Orb
|
|upkeep
|turn|17
|
|t:|1760346400
|move|p1a: Slowking|Sludge Bomb|p2a: INLAND EMPIRE
|-supereffective|p2a: INLAND EMPIRE
|-damage|p2a: INLAND EMPIRE|0 fnt
|faint|p2a: INLAND EMPIRE
|
|-fieldend|move: Trick Room
|upkeep
|
|t:|1760346402
|switch|p2a: WILD AT HEART|Ursaluna, F, tera:Normal|64/100 brn
|turn|18
|
|t:|1760346405
|move|p2a: WILD AT HEART|Headlong Rush|p1a: Slowking
|-supereffective|p1a: Slowking
|-damage|p1a: Slowking|0 fnt
|-unboost|p2a: WILD AT HEART|def|1
|-unboost|p2a: WILD AT HEART|spd|1
|faint|p1a: Slowking
|
|-damage|p2a: WILD AT HEART|58/100 brn|[from] brn
|upkeep
|
|t:|1760346408
|switch|p1a: Iron Valiant|Iron Valiant, shiny, tera:Ghost|15/100
|turn|19
|
|t:|1760346414
|switch|p2a: ERASERHEAD|Porygon2|100/100
|-ability|p2a: ERASERHEAD|Download|boost
|-boost|p2a: ERASERHEAD|spa|1
|move|p1a: Iron Valiant|Moonblast|p2a: ERASERHEAD
|-damage|p2a: ERASERHEAD|71/100
|-unboost|p2a: ERASERHEAD|spa|1
|
|upkeep
|turn|20
|
|t:|1760346422
|move|p1a: Iron Valiant|Moonblast|p2a: ERASERHEAD
|-damage|p2a: ERASERHEAD|40/100
|-unboost|p2a: ERASERHEAD|spa|1
|move|p2a: ERASERHEAD|Trick Room|p2a: ERASERHEAD
|-fieldstart|move: Trick Room|[of] p2a: ERASERHEAD
|
|upkeep
|turn|21
|
|t:|1760346430
|switch|p2a: WILD AT HEART|Ursaluna, F, tera:Normal|58/100 brn
|-end|p1a: Iron Valiant|Quark Drive|[silent]
|switch|p1a: Cinderace|Cinderace, M|100/100
|
|-damage|p2a: WILD AT HEART|52/100 brn|[from] brn
|upkeep
|turn|22
|
|t:|1760346438
|move|p2a: WILD AT HEART|Headlong Rush|p1a: Cinderace
|-supereffective|p1a: Cinderace
|-damage|p1a: Cinderace|0 fnt
|-unboost|p2a: WILD AT HEART|def|1
|-unboost|p2a: WILD AT HEART|spd|1
|faint|p1a: Cinderace
|
|-damage|p2a: WILD AT HEART|46/100 brn|[from] brn
|upkeep
|
|t:|1760346441
|switch|p1a: Iron Valiant|Iron Valiant, shiny, tera:Ghost|15/100
|turn|23
|
|t:|1760346443
|move|p2a: WILD AT HEART|Headlong Rush|p1a: Iron Valiant
|-damage|p1a: Iron Valiant|0 fnt
|-unboost|p2a: WILD AT HEART|def|1
|-unboost|p2a: WILD AT HEART|spd|1
|faint|p1a: Iron Valiant
|-end|p1a: Iron Valiant|Quark Drive|[silent]
|
|win|henry151th
|raw|jaylyfe's rating: 1572 &rarr; <strong>1557</strong><br />(-15 for losing)
|raw|henry151th's rating: 1657 &rarr; <strong>1672</strong><br />(+15 for winning)
|l|☆jaylyfe
|player|p1|
|l| CloudyEJ
|l| AbrarS
|l|+Disorient
|l| SpaceMedaFighterX
