|j|☆yorkito
|j|☆jelynfish
|t:|1760414565
|gametype|singles
|player|p1|yorkito|266|1315
|player|p2|jelynfish|miku-ghost|1366
|gen|9
|tier|[Gen 9] OU
|rated|
|rule|HP Percentage Mod: HP is shown in percentages
|rule|Endless Battle Clause: Forcing endless battles is banned
|rule|Species Clause: Limit one of each Pokémon
|rule|OHKO Clause: OHKO moves are banned
|rule|Evasion Items Clause: Evasion items are banned
|rule|Evasion Moves Clause: Evasion moves are banned
|rule|Evasion Abilities Clause: Evasion abilities are banned
|rule|Sleep Moves Clause: Sleep-inducing moves are banned
|clearpoke
|poke|p1|Heatran, M|
|poke|p1|Corviknight, M|
|poke|p1|Ogerpon-Wellspring, F|
|poke|p1|Dragapult, M|
|poke|p1|Great Tusk|
|poke|p1|Clefable, M|
|poke|p2|Tyranitar, M|
|poke|p2|Excadrill, F|
|poke|p2|Kingambit, M|
|poke|p2|Garchomp, M|
|poke|p2|Pecharunt|
|poke|p2|Rotom-Wash|
|teampreview
|
|t:|1760414575
|teamsize|p1|6
|teamsize|p2|6
|start
|switch|p1a: Great Tusk|Great Tusk|100/100
|switch|p2a: Rotom|Rotom-Wash|100/100
|turn|1
|
|t:|1760414583
|-end|p1a: Great Tusk|Protosynthesis|[silent]
|switch|p1a: Ogerpon|Ogerpon-Wellspring, F|100/100
|move|p2a: Rotom|Will-O-Wisp|p1a: Ogerpon
|-status|p1a: Ogerpon|brn
|
|-damage|p1a: Ogerpon|95/100 brn|[from] brn
|upkeep
|turn|2
|
|t:|1760414590
|move|p1a: Ogerpon|Swords Dance|p1a: Ogerpon
|-boost|p1a: Ogerpon|atk|2
|move|p2a: Rotom|Volt Switch|p1a: Ogerpon
|-damage|p1a: Ogerpon|65/100 brn
|
|t:|1760414594
|switch|p2a: Pecharunt|Pecharunt|100/100|[from] Volt Switch
|-item|p2a: Pecharunt|Air Balloon
|
|-damage|p1a: Ogerpon|59/100 brn|[from] brn
|upkeep
|turn|3
|
|t:|1760414601
|move|p1a: Ogerpon|Swords Dance|p1a: Ogerpon
|-boost|p1a: Ogerpon|atk|2
|move|p2a: Pecharunt|Parting Shot|p1a: Ogerpon
|-unboost|p1a: Ogerpon|atk|1
|-unboost|p1a: Ogerpon|spa|1
|
|t:|1760414619
|switch|p2a: Garchomp|Garchomp, M|100/100|[from] Parting Shot
|
|-damage|p1a: Ogerpon|53/100 brn|[from] brn
|upkeep
|turn|4
|
|t:|1760414625
|move|p1a: Ogerpon|Ivy Cudgel|p2a: Garchomp|[anim] Ivy Cudgel Water
|-damage|p2a: Garchomp|27/100
|move|p2a: Garchomp|Scale Shot|p1a: Ogerpon|[miss]
|-miss|p2a: Garchomp|p1a: Ogerpon
|
|-damage|p1a: Ogerpon|47/100 brn|[from] brn
|upkeep
|turn|5
|
|t:|1760414631
|switch|p2a: Pecharunt|Pecharunt|100/100
|-item|p2a: Pecharunt|Air Balloon
|move|p1a: Ogerpon|Ivy Cudgel|p2a: Pecharunt|[anim] Ivy Cudgel Water
|-damage|p2a: Pecharunt|65/100
|-enditem|p2a: Pecharunt|Air Balloon
|
|-damage|p1a: Ogerpon|41/100 brn|[from] brn
|upkeep
|turn|6
|
|t:|1760414640
|move|p1a: Ogerpon|Ivy Cudgel|p2a: Pecharunt|[anim] Ivy Cudgel Water
|-damage|p2a: Pecharunt|33/100
|move|p2a: Pecharunt|Malignant Chain|p1a: Ogerpon
|-supereffective|p1a: Ogerpon
|-damage|p1a: Ogerpon|0 fnt
|faint|p1a: Ogerpon
|
|upkeep
|
|t:|1760414646
|switch|p1a: Heatran|Heatran, M|100/100
|turn|7
|
|t:|1760414655
|move|p1a: Heatran|Substitute|p1a: Heatran
|-start|p1a: Heatran|Substitute
|-damage|p1a: Heatran|75/100
|move|p2a: Pecharunt|Parting Shot|p1a: Heatran
|-unboost|p1a: Heatran|atk|1
|-unboost|p1a: Heatran|spa|1
|
|t:|1760414658
|switch|p2a: Garchomp|Garchomp, M|27/100|[from] Parting Shot
|
|-heal|p1a: Heatran|82/100|[from] item: Leftovers
|upkeep
|turn|8
|
|t:|1760414667
|-terastallize|p2a: Garchomp|Fire
|move|p2a: Garchomp|Swords Dance|p2a: Garchomp
|-boost|p2a: Garchomp|atk|2
|move|p1a: Heatran|Flamethrower|p2a: Garchomp
|-resisted|p2a: Garchomp
|-damage|p2a: Garchomp|11/100
|
|-heal|p1a: Heatran|88/100|[from] item: Leftovers
|upkeep
|turn|9
|
|t:|1760414676
|move|p2a: Garchomp|Scale Shot|p1a: Heatran
|-resisted|p1a: Heatran
|-activate|p1a: Heatran|move: Substitute|[damage]
|-resisted|p1a: Heatran
|-end|p1a: Heatran|Substitute
|-resisted|p1a: Heatran
|-damage|p1a: Heatran|76/100
|-resisted|p1a: Heatran
|-damage|p1a: Heatran|62/100
|-resisted|p1a: Heatran
|-damage|p1a: Heatran|49/100
|-hitcount|p1a: Heatran|5
|-unboost|p2a: Garchomp|def|1
|-boost|p2a: Garchomp|spe|1
|move|p1a: Heatran|Earth Power|p2a: Garchomp
|-supereffective|p2a: Garchomp
|-damage|p2a: Garchomp|0 fnt
|faint|p2a: Garchomp
|
|-heal|p1a: Heatran|55/100|[from] item: Leftovers
|upkeep
|
|t:|1760414683
|switch|p2a: Tyranitar|Tyranitar, M|100/100
|-weather|Sandstorm|[from] ability: Sand Stream|[of] p2a: Tyranitar
|turn|10
|
|t:|1760414696
|switch|p1a: Great Tusk|Great Tusk|100/100
|move|p2a: Tyranitar|Stealth Rock|p1a: Great Tusk
|-sidestart|p1: yorkito|move: Stealth Rock
|
|-weather|Sandstorm|[upkeep]
|upkeep
|turn|11
|
|t:|1760414707
|switch|p2a: Pecharunt|Pecharunt|33/100
|move|p1a: Great Tusk|Knock Off|p2a: Pecharunt
|-supereffective|p2a: Pecharunt
|-damage|p2a: Pecharunt|14/100
|
|-weather|Sandstorm|[upkeep]
|-damage|p2a: Pecharunt|8/100|[from] Sandstorm
|upkeep
|turn|12
|
|t:|1760414716
|switch|p2a: Rotom|Rotom-Wash|100/100
|move|p1a: Great Tusk|Earthquake|p2a: Rotom
|-immune|p2a: Rotom|[from] ability: Levitate
|
|-weather|Sandstorm|[upkeep]
|-damage|p2a: Rotom|94/100|[from] Sandstorm
|-heal|p2a: Rotom|100/100|[from] item: Leftovers
|upkeep
|turn|13
|
|t:|1760414724
|move|p2a: Rotom|Volt Switch|p1a: Great Tusk
|-immune|p1a: Great Tusk
|move|p1a: Great Tusk|Rapid Spin|p2a: Rotom
|-damage|p2a: Rotom|86/100
|-boost|p1a: Great Tusk|spe|1
|-sideend|p1: yorkito|Stealth Rock|[from] move: Rapid Spin|[of] p1a: Great Tusk
|
|-weather|Sandstorm|[upkeep]
|-damage|p2a: Rotom|80/100|[from] Sandstorm
|-heal|p2a: Rotom|86/100|[from] item: Leftovers
|upkeep
|turn|14
|
|t:|1760414731
|move|p1a: Great Tusk|Knock Off|p2a: Rotom
|-damage|p2a: Rotom|61/100
|-enditem|p2a: Rotom|Leftovers|[from] move: Knock Off|[of] p1a: Great Tusk
|move|p2a: Rotom|Volt Switch|p1a: Great Tusk
|-immune|p1a: Great Tusk
|
|-weather|Sandstorm|[upkeep]
|-damage|p2a: Rotom|55/100|[from] Sandstorm
|upkeep
|turn|15
|
|t:|1760414738
|move|p1a: Great Tusk|Stealth Rock|p2a: Rotom
|-sidestart|p2: jelynfish|move: Stealth Rock
|move|p2a: Rotom|Hydro Pump|p1a: Great Tusk
|-supereffective|p1a: Great Tusk
|-damage|p1a: Great Tusk|0 fnt
|faint|p1a: Great Tusk
|-end|p1a: Great Tusk|Protosynthesis|[silent]
|
|-weather|Sandstorm|[upkeep]
|-damage|p2a: Rotom|49/100|[from] Sandstorm
|upkeep
|
|t:|1760414746
|switch|p1a: Dragapult|Dragapult, M|100/100
|turn|16
|inactive|Battle timer is ON: inactive players will automatically lose when time's up. (requested by yorkito)
|
|t:|1760414792
|move|p1a: Dragapult|Dragon Pulse|p2a: Rotom
|-damage|p2a: Rotom|9/100
|move|p2a: Rotom|Pain Split|p1a: Dragapult
|-sethp|p1a: Dragapult|54/100|[from] move: Pain Split|[silent]
|-sethp|p2a: Rotom|57/100|[from] move: Pain Split
|
|-weather|Sandstorm|[upkeep]
|-damage|p1a: Dragapult|48/100|[from] Sandstorm
|-damage|p2a: Rotom|50/100|[from] Sandstorm
|upkeep
|turn|17
|
|t:|1760414799
|switch|p2a: Pecharunt|Pecharunt|8/100
|-damage|p2a: Pecharunt|0 fnt|[from] Stealth Rock
|faint|p2a: Pecharunt
|move|p1a: Dragapult|Dragon Pulse|p2: Pecharunt|[notarget]
|-fail|p1a: Dragapult
|
|-weather|none
|upkeep
|
|t:|1760414803
|switch|p2a: Tyranitar|Tyranitar, M|100/100
|-damage|p2a: Tyranitar|88/100|[from] Stealth Rock
|-weather|Sandstorm|[from] ability: Sand Stream|[of] p2a: Tyranitar
|turn|18
|
|t:|1760414811
|switch|p1a: Corviknight|Corviknight, M|100/100
|-ability|p1a: Corviknight|Pressure
|move|p2a: Tyranitar|Thunder Wave|p1a: Corviknight
|-status|p1a: Corviknight|par
|
|-weather|Sandstorm|[upkeep]
|upkeep
|turn|19
|
|t:|1760414825
|switch|p2a: Rotom|Rotom-Wash|50/100
|-damage|p2a: Rotom|38/100|[from] Stealth Rock
|move|p1a: Corviknight|Bulk Up|p1a: Corviknight
|-boost|p1a: Corviknight|atk|1
|-boost|p1a: Corviknight|def|1
|
|-weather|Sandstorm|[upkeep]
|-damage|p2a: Rotom|32/100|[from] Sandstorm
|upkeep
|turn|20
|
|t:|1760414832
|-terastallize|p1a: Corviknight|Fighting
|move|p2a: Rotom|Pain Split|p1a: Corviknight
|-sethp|p1a: Corviknight|62/100 par|[from] move: Pain Split|[silent]
|-sethp|p2a: Rotom|82/100|[from] move: Pain Split
|move|p1a: Corviknight|Brave Bird|p2a: Rotom
|-resisted|p2a: Rotom
|-damage|p2a: Rotom|60/100
|-damage|p1a: Corviknight|57/100 par|[from] Recoil
|
|-weather|Sandstorm|[upkeep]
|-damage|p2a: Rotom|54/100|[from] Sandstorm
|-damage|p1a: Corviknight|51/100 par|[from] Sandstorm
|upkeep
|turn|21
|
|t:|1760414842
|move|p2a: Rotom|Hydro Pump|p1a: Corviknight
|-damage|p1a: Corviknight|20/100 par
|move|p1a: Corviknight|Roost|p1a: Corviknight
|-heal|p1a: Corviknight|70/100 par
|
|-weather|Sandstorm|[upkeep]
|-damage|p2a: Rotom|48/100|[from] Sandstorm
|-damage|p1a: Corviknight|64/100 par|[from] Sandstorm
|upkeep
|turn|22
|
|t:|1760414852
|move|p2a: Rotom|Volt Switch|p1a: Corviknight
|-damage|p1a: Corviknight|45/100 par
|
|t:|1760414855
|switch|p2a: Excadrill|Excadrill, F|100/100|[from] Volt Switch
|-damage|p2a: Excadrill|97/100|[from] Stealth Rock
|move|p1a: Corviknight|Bulk Up|p1a: Corviknight
|-boost|p1a: Corviknight|atk|1
|-boost|p1a: Corviknight|def|1
|
|-weather|Sandstorm|[upkeep]
|-damage|p1a: Corviknight|39/100 par|[from] Sandstorm
|upkeep
|turn|23
|
|t:|1760414864
|move|p2a: Excadrill|Swords Dance|p2a: Excadrill
|-boost|p2a: Excadrill|atk|2
|move|p1a: Corviknight|Roost|p1a: Corviknight
|-heal|p1a: Corviknight|89/100 par
|
|-weather|Sandstorm|[upkeep]
|-damage|p1a: Corviknight|83/100 par|[from] Sandstorm
|upkeep
|turn|24
|
|t:|1760414869
|move|p2a: Excadrill|Earthquake|p1a: Corviknight
|-damage|p1a: Corviknight|22/100 par
|-damage|p2a: Excadrill|87/100|[from] item: Life Orb
|move|p1a: Corviknight|Body Press|p2a: Excadrill
|-supereffective|p2a: Excadrill
|-damage|p2a: Excadrill|0 fnt
|faint|p2a: Excadrill
|
|-weather|Sandstorm|[upkeep]
|-damage|p1a: Corviknight|16/100 par|[from] Sandstorm
|upkeep
|
|t:|1760414873
|switch|p2a: Rotom|Rotom-Wash|48/100
|-damage|p2a: Rotom|35/100|[from] Stealth Rock
|turn|25
|l|☆yorkito
|inactive|yorkito disconnected and has a minute to reconnect!
|player|p1|
|j|☆yorkito
|inactive|yorkito reconnected and has 145 seconds left.
|player|p1|yorkito|266|
|
|t:|1760414892
|switch|p1a: Clefable|Clefable, M|100/100
|move|p2a: Rotom|Volt Switch|p1a: Clefable
|-damage|p1a: Clefable|83/100
|
|t:|1760414902
|switch|p2a: Tyranitar|Tyranitar, M|88/100|[from] Volt Switch
|-damage|p2a: Tyranitar|76/100|[from] Stealth Rock
|
|-weather|none
|upkeep
|turn|26
|
|t:|1760414911
|switch|p1a: Corviknight|Corviknight, M, tera:Fighting|16/100 par
|-ability|p1a: Corviknight|Pressure
|move|p2a: Tyranitar|Thunder Wave|p1a: Corviknight
|-fail|p1a: Corviknight|par
|
|upkeep
|turn|27
|
|t:|1760414922
|move|p2a: Tyranitar|Ice Beam|p1a: Corviknight
|-damage|p1a: Corviknight|2/100 par
|move|p1a: Corviknight|Roost|p1a: Corviknight
|-heal|p1a: Corviknight|52/100 par
|
|upkeep
|turn|28
|-message|jelynfish forfeited.
|
|win|yorkito
|raw|yorkito's rating: 1315 &rarr; <strong>1337</strong><br />(+22 for winning)
|raw|jelynfish's rating: 1344 &rarr; <strong>1322</strong><br />(-22 for losing)
|l|☆jelynfish
|player|p2|
|l|☆yorkito
|player|p1|
