|badge|p2|bronze|gen9ou|100-7
|uhtml|medal-msg|<div class="broadcast-blue">Curious what those medals under the avatar are? PS now has Ladder Seasons! For more information, check out the <a href="https://www.smogon.com/forums/threads/3740067/">thread on Smogon.</a></div>
|j|☆clorox man
|j|☆yesterdaymister
|t:|1760382452
|gametype|singles
|player|p1|clorox man|clown|1777
|player|p2|yesterdaymister|striker|1796
|gen|9
|tier|[Gen 9] OU
|rated|
|rule|HP Percentage Mod: HP is shown in percentages
|rule|Endless Battle Clause: Forcing endless battles is banned
|rule|Species Clause: Limit one of each Pokémon
|rule|OHKO Clause: OHKO moves are banned
|rule|Evasion Items Clause: Evasion items are banned
|rule|Evasion Moves Clause: Evasion moves are banned
|rule|Evasion Abilities Clause: Evasion abilities are banned
|rule|Sleep Moves Clause: Sleep-inducing moves are banned
|clearpoke
|poke|p1|Kingambit, F|
|poke|p1|Ribombee, M|
|poke|p1|Great Tusk|
|poke|p1|Ogerpon-Wellspring, F|
|poke|p1|Glimmora, F|
|poke|p1|Gholdengo|
|poke|p2|Ninetales, F|
|poke|p2|Ceruledge, F|
|poke|p2|Venusaur, M|
|poke|p2|Hatterene, F|
|poke|p2|Great Tusk|
|poke|p2|Walking Wake|
|teampreview
|inactive|Battle timer is ON: inactive players will automatically lose when time's up. (requested by yesterdaymister)
|
|t:|1760382461
|teamsize|p1|6
|teamsize|p2|6
|start
|switch|p1a: Ribombee|Ribombee, M|100/100
|switch|p2a: arda guler|Ninetales, F|100/100
|-weather|SunnyDay|[from] ability: Drought|[of] p2a: arda guler
|turn|1
|
|t:|1760382466
|move|p1a: Ribombee|Stun Spore|p2a: arda guler|[miss]
|-miss|p1a: Ribombee|p2a: arda guler
|move|p2a: arda guler|Encore|p1a: Ribombee
|-start|p1a: Ribombee|Encore
|
|-weather|SunnyDay|[upkeep]
|upkeep
|turn|2
|
|t:|1760382477
|switch|p1a: Glimmora|Glimmora, F|100/100
|switch|p2a: maccabi|Hatterene, F|100/100
|
|-weather|SunnyDay|[upkeep]
|upkeep
|turn|3
|
|t:|1760382483
|switch|p2a: mignolet|Great Tusk|100/100
|-activate|p2a: mignolet|ability: Protosynthesis
|-start|p2a: mignolet|protosynthesisspe
|move|p1a: Glimmora|Meteor Beam||[still]
|-prepare|p1a: Glimmora|Meteor Beam
|-boost|p1a: Glimmora|spa|1
|-enditem|p1a: Glimmora|Power Herb
|-anim|p1a: Glimmora|Meteor Beam|p2a: mignolet
|-resisted|p2a: mignolet
|-damage|p2a: mignolet|68/100
|
|-weather|SunnyDay|[upkeep]
|upkeep
|turn|4
|
|t:|1760382512
|switch|p1a: Great Tusk|Great Tusk|100/100
|-activate|p1a: Great Tusk|ability: Protosynthesis
|-start|p1a: Great Tusk|protosynthesisatk
|move|p2a: mignolet|Stealth Rock|p1a: Great Tusk
|-sidestart|p1: clorox man|move: Stealth Rock
|
|-weather|SunnyDay|[upkeep]
|upkeep
|turn|5
|
|t:|1760382519
|-end|p2a: mignolet|Protosynthesis|[silent]
|switch|p2a: maccabi|Hatterene, F|100/100
|move|p1a: Great Tusk|Headlong Rush|p2a: maccabi
|-damage|p2a: maccabi|25/100
|-unboost|p1a: Great Tusk|def|1
|-unboost|p1a: Great Tusk|spd|1
|-enditem|p2a: maccabi|Eject Button
|
|t:|1760382531
|switch|p2a: hans vanaken|Venusaur, M|100/100
|
|-weather|SunnyDay|[upkeep]
|upkeep
|turn|6
|
|t:|1760382546
|move|p2a: hans vanaken|Weather Ball|p1a: Great Tusk
|-damage|p1a: Great Tusk|0 fnt
|faint|p1a: Great Tusk
|-end|p1a: Great Tusk|Protosynthesis|[silent]
|-damage|p2a: hans vanaken|91/100|[from] item: Life Orb
|
|-weather|SunnyDay|[upkeep]
|upkeep
|
|t:|1760382554
|switch|p1a: Glimmora|Glimmora, F|100/100
|-damage|p1a: Glimmora|88/100|[from] Stealth Rock
|turn|7
|
|t:|1760382559
|move|p2a: hans vanaken|Growth|p2a: hans vanaken
|-boost|p2a: hans vanaken|atk|2
|-boost|p2a: hans vanaken|spa|2
|move|p1a: Glimmora|Earth Power|p2a: hans vanaken
|-damage|p2a: hans vanaken|49/100
|
|-weather|SunnyDay|[upkeep]
|upkeep
|turn|8
|
|t:|1760382567
|move|p2a: hans vanaken|Giga Drain|p1a: Glimmora
|-damage|p1a: Glimmora|0 fnt
|-heal|p2a: hans vanaken|94/100|[from] drain|[of] p1a: Glimmora
|faint|p1a: Glimmora
|-damage|p2a: hans vanaken|84/100|[from] item: Life Orb
|
|-weather|none
|upkeep
|
|t:|1760382575
|switch|p1a: Ribombee|Ribombee, M|100/100
|-damage|p1a: Ribombee|76/100|[from] Stealth Rock
|turn|9
|
|t:|1760382583
|move|p1a: Ribombee|Sticky Web|p2a: hans vanaken
|-sidestart|p2: yesterdaymister|move: Sticky Web
|move|p2a: hans vanaken|Sludge Bomb|p1a: Ribombee
|-supereffective|p1a: Ribombee
|-damage|p1a: Ribombee|0 fnt
|faint|p1a: Ribombee
|-damage|p2a: hans vanaken|74/100|[from] item: Life Orb
|
|upkeep
|
|t:|1760382587
|switch|p1a: Gholdengo|Gholdengo|100/100
|-damage|p1a: Gholdengo|94/100|[from] Stealth Rock
|-item|p1a: Gholdengo|Air Balloon
|turn|10
|
|t:|1760382599
|move|p1a: Gholdengo|Nasty Plot|p1a: Gholdengo
|-boost|p1a: Gholdengo|spa|2
|move|p2a: hans vanaken|Giga Drain|p1a: Gholdengo
|-resisted|p1a: Gholdengo
|-damage|p1a: Gholdengo|42/100
|-heal|p2a: hans vanaken|100/100|[from] drain|[of] p1a: Gholdengo
|-enditem|p1a: Gholdengo|Air Balloon
|-damage|p2a: hans vanaken|91/100|[from] item: Life Orb
|
|upkeep
|turn|11
|
|t:|1760382612
|-terastallize|p2a: hans vanaken|Fire
|move|p1a: Gholdengo|Recover|p1a: Gholdengo
|-heal|p1a: Gholdengo|92/100
|move|p2a: hans vanaken|Giga Drain|p1a: Gholdengo
|-resisted|p1a: Gholdengo
|-damage|p1a: Gholdengo|40/100
|-heal|p2a: hans vanaken|100/100|[from] drain|[of] p1a: Gholdengo
|-damage|p2a: hans vanaken|91/100|[from] item: Life Orb
|
|upkeep
|turn|12
|
|t:|1760382620
|switch|p2a: arda guler|Ninetales, F|100/100
|-activate|p2a: arda guler|move: Sticky Web
|-unboost|p2a: arda guler|spe|1
|-weather|SunnyDay|[from] ability: Drought|[of] p2a: arda guler
|move|p1a: Gholdengo|Shadow Ball|p2a: arda guler
|-damage|p2a: arda guler|12/100
|-unboost|p2a: arda guler|spd|1
|
|-weather|SunnyDay|[upkeep]
|upkeep
|turn|13
|
|t:|1760382632
|switch|p2a: maccabi|Hatterene, F|25/100
|-activate|p2a: maccabi|move: Sticky Web
|-unboost|p2a: maccabi|spe|1
|-terastallize|p1a: Gholdengo|Flying
|move|p1a: Gholdengo|Recover|p1a: Gholdengo
|-heal|p1a: Gholdengo|90/100
|
|-weather|SunnyDay|[upkeep]
|upkeep
|turn|14
|
|t:|1760382648
|move|p1a: Gholdengo|Shadow Ball|p2a: maccabi
|-supereffective|p2a: maccabi
|-damage|p2a: maccabi|0 fnt
|faint|p2a: maccabi
|
|-weather|SunnyDay|[upkeep]
|upkeep
|
|t:|1760382652
|switch|p2a: hans vanaken|Venusaur, M, tera:Fire|91/100
|-activate|p2a: hans vanaken|move: Sticky Web
|-unboost|p2a: hans vanaken|spe|1
|turn|15
|
|t:|1760382659
|move|p2a: hans vanaken|Weather Ball|p1a: Gholdengo
|-damage|p1a: Gholdengo|0 fnt
|faint|p1a: Gholdengo
|-damage|p2a: hans vanaken|81/100|[from] item: Life Orb
|
|-weather|SunnyDay|[upkeep]
|upkeep
|
|t:|1760382666
|switch|p1a: Kingambit|Kingambit, F|100/100
|-damage|p1a: Kingambit|94/100|[from] Stealth Rock
|-activate|p1a: Kingambit|ability: Supreme Overlord
|-start|p1a: Kingambit|fallen4|[silent]
|turn|16
|
|t:|1760382671
|switch|p2a: mignolet|Great Tusk|68/100
|-activate|p2a: mignolet|move: Sticky Web
|-unboost|p2a: mignolet|spe|1
|-activate|p2a: mignolet|ability: Protosynthesis
|-start|p2a: mignolet|protosynthesisatk
|move|p1a: Kingambit|Sucker Punch||[still]
|-fail|p1a: Kingambit
|
|-weather|SunnyDay|[upkeep]
|upkeep
|turn|17
|
|t:|1760382678
|move|p1a: Kingambit|Iron Head|p2a: mignolet
|-damage|p2a: mignolet|31/100
|-damage|p1a: Kingambit|78/100|[from] item: Rocky Helmet|[of] p2a: mignolet
|cant|p2a: mignolet|flinch
|
|-weather|SunnyDay|[upkeep]
|upkeep
|turn|18
|
|t:|1760382686
|move|p1a: Kingambit|Iron Head|p2a: mignolet
|-damage|p2a: mignolet|0 fnt
|-damage|p1a: Kingambit|61/100|[from] item: Rocky Helmet|[of] p2a: mignolet
|faint|p2a: mignolet
|-end|p2a: mignolet|Protosynthesis|[silent]
|
|-weather|SunnyDay|[upkeep]
|upkeep
|
|t:|1760382690
|switch|p2a: lebron|Ceruledge, F|100/100
|-activate|p2a: lebron|move: Sticky Web
|-unboost|p2a: lebron|spe|1
|turn|19
|
|t:|1760382696
|move|p1a: Kingambit|Kowtow Cleave|p2a: lebron
|-supereffective|p2a: lebron
|-enditem|p2a: lebron|Focus Sash
|-damage|p2a: lebron|1/100
|-ability|p2a: lebron|Weak Armor|boost
|-unboost|p2a: lebron|def|1
|-boost|p2a: lebron|spe|2
|move|p2a: lebron|Bitter Blade|p1a: Kingambit
|-supereffective|p1a: Kingambit
|-damage|p1a: Kingambit|0 fnt
|-heal|p2a: lebron|37/100|[from] drain|[of] p1a: Kingambit
|faint|p1a: Kingambit
|-end|p1a: Kingambit|fallen4|[silent]
|
|-weather|none
|upkeep
|
|t:|1760382700
|switch|p1a: Ogerpon|Ogerpon-Wellspring, F|100/100
|-damage|p1a: Ogerpon|88/100|[from] Stealth Rock
|turn|20
|
|t:|1760382706
|move|p2a: lebron|Bitter Blade|p1a: Ogerpon
|-damage|p1a: Ogerpon|31/100
|-heal|p2a: lebron|66/100|[from] drain|[of] p1a: Ogerpon
|move|p1a: Ogerpon|Ivy Cudgel|p2a: lebron|[anim] Ivy Cudgel Water
|-supereffective|p2a: lebron
|-damage|p2a: lebron|0 fnt
|faint|p2a: lebron
|
|upkeep
|
|t:|1760382712
|switch|p2a: arda guler|Ninetales, F|12/100
|-activate|p2a: arda guler|move: Sticky Web
|-unboost|p2a: arda guler|spe|1
|-weather|SunnyDay|[from] ability: Drought|[of] p2a: arda guler
|turn|21
|
|t:|1760382720
|move|p1a: Ogerpon|Horn Leech|p2a: arda guler
|-resisted|p2a: arda guler
|-damage|p2a: arda guler|0 fnt
|-heal|p1a: Ogerpon|38/100|[from] drain|[of] p2a: arda guler
|faint|p2a: arda guler
|
|-weather|SunnyDay|[upkeep]
|upkeep
|
|t:|1760382724
|switch|p2a: chama|Walking Wake|100/100
|-activate|p2a: chama|move: Sticky Web
|-unboost|p2a: chama|spe|1
|-activate|p2a: chama|ability: Protosynthesis
|-start|p2a: chama|protosynthesisspa
|turn|22
|
|t:|1760382728
|move|p1a: Ogerpon|Play Rough|p2a: chama
|-supereffective|p2a: chama
|-damage|p2a: chama|26/100
|move|p2a: chama|Dragon Pulse|p1a: Ogerpon
|-damage|p1a: Ogerpon|0 fnt
|faint|p1a: Ogerpon
|
|win|yesterdaymister
|raw|clorox man's rating: 1777 &rarr; <strong>1758</strong><br />(-19 for losing)
|raw|yesterdaymister's rating: 1796 &rarr; <strong>1815</strong><br />(+19 for winning)
|l|☆clorox man
|player|p1|
|l|☆yesterdaymister
|player|p2|
