|j|☆Sjones90420
|j|☆B1adzesmain
|t:|1760435574
|gametype|singles
|player|p1|Sjones90420|iris|1219
|player|p2|B1adzesmain|bugcatcher-gen4dp|1197
|gen|9
|tier|[Gen 9] OU
|rated|
|rule|HP Percentage Mod: HP is shown in percentages
|rule|Endless Battle Clause: Forcing endless battles is banned
|rule|Species Clause: Limit one of each Pokémon
|rule|OHKO Clause: OHKO moves are banned
|rule|Evasion Items Clause: Evasion items are banned
|rule|Evasion Moves Clause: Evasion moves are banned
|rule|Evasion Abilities Clause: Evasion abilities are banned
|rule|Sleep Moves Clause: Sleep-inducing moves are banned
|clearpoke
|poke|p1|Torkoal, M|
|poke|p1|Great Tusk|
|poke|p1|Hatterene, F|
|poke|p1|Walking Wake|
|poke|p1|Sandy Shocks|
|poke|p1|Lilligant-Hisui, F|
|poke|p2|Dragapult, F|
|poke|p2|Ogerpon-Wellspring, F|
|poke|p2|Zamazenta-*|
|poke|p2|Clefable, M|
|poke|p2|Corviknight, M|
|poke|p2|Ting-Lu|
|teampreview
|
|t:|1760435587
|teamsize|p1|6
|teamsize|p2|6
|start
|switch|p1a: Sandy Shocks|Sandy Shocks|100/100
|switch|p2a: Dragapult|Dragapult, F|100/100
|-item|p1a: Sandy Shocks|Air Balloon
|turn|1
|inactive|Battle timer is ON: inactive players will automatically lose when time's up. (requested by B1adzesmain)
|
|t:|1760435593
|move|p2a: Dragapult|Draco Meteor|p1a: Sandy Shocks
|-damage|p1a: Sandy Shocks|2/100
|-unboost|p2a: Dragapult|spa|2
|-enditem|p1a: Sandy Shocks|Air Balloon
|move|p1a: Sandy Shocks|Sunny Day|p1a: Sandy Shocks
|-weather|SunnyDay
|-activate|p1a: Sandy Shocks|ability: Protosynthesis
|-start|p1a: Sandy Shocks|protosynthesisspa
|
|-weather|SunnyDay|[upkeep]
|upkeep
|turn|2
|
|t:|1760435602
|move|p2a: Dragapult|Draco Meteor|p1a: Sandy Shocks
|-damage|p1a: Sandy Shocks|0 fnt
|-unboost|p2a: Dragapult|spa|2
|faint|p1a: Sandy Shocks
|-end|p1a: Sandy Shocks|Protosynthesis|[silent]
|
|-weather|SunnyDay|[upkeep]
|upkeep
|
|t:|1760435608
|switch|p1a: Great Tusk|Great Tusk|100/100
|-activate|p1a: Great Tusk|ability: Protosynthesis
|-start|p1a: Great Tusk|protosynthesisatk
|turn|3
|
|t:|1760435613
|switch|p2a: Corviknight|Corviknight, M|100/100
|-ability|p2a: Corviknight|Pressure
|move|p1a: Great Tusk|Knock Off|p2a: Corviknight
|-damage|p2a: Corviknight|73/100
|-damage|p1a: Great Tusk|84/100|[from] item: Rocky Helmet|[of] p2a: Corviknight
|-enditem|p2a: Corviknight|Rocky Helmet|[from] move: Knock Off|[of] p1a: Great Tusk
|
|-weather|SunnyDay|[upkeep]
|-heal|p1a: Great Tusk|90/100|[from] item: Leftovers
|upkeep
|turn|4
|
|t:|1760435625
|move|p1a: Great Tusk|Close Combat|p2a: Corviknight
|-damage|p2a: Corviknight|15/100
|-unboost|p1a: Great Tusk|def|1
|-unboost|p1a: Great Tusk|spd|1
|move|p2a: Corviknight|Roost|p2a: Corviknight
|-heal|p2a: Corviknight|65/100
|-singleturn|p2a: Corviknight|move: Roost
|
|-weather|SunnyDay|[upkeep]
|-heal|p1a: Great Tusk|96/100|[from] item: Leftovers
|upkeep
|turn|5
|
|t:|1760435636
|move|p1a: Great Tusk|Close Combat|p2a: Corviknight
|-damage|p2a: Corviknight|13/100
|-unboost|p1a: Great Tusk|def|1
|-unboost|p1a: Great Tusk|spd|1
|move|p2a: Corviknight|Roost|p2a: Corviknight
|-heal|p2a: Corviknight|63/100
|-singleturn|p2a: Corviknight|move: Roost
|
|-weather|none
|-end|p1a: Great Tusk|Protosynthesis
|-heal|p1a: Great Tusk|100/100|[from] item: Leftovers
|upkeep
|turn|6
|
|t:|1760435646
|-end|p1a: Great Tusk|Protosynthesis|[silent]
|switch|p1a: Torkoal|Torkoal, M|100/100
|-weather|SunnyDay|[from] ability: Drought|[of] p1a: Torkoal
|move|p2a: Corviknight|Roost|p2a: Corviknight
|-heal|p2a: Corviknight|100/100
|-singleturn|p2a: Corviknight|move: Roost
|
|-weather|SunnyDay|[upkeep]
|upkeep
|turn|7
|
|t:|1760435655
|move|p2a: Corviknight|U-turn|p1a: Torkoal
|-resisted|p1a: Torkoal
|-damage|p1a: Torkoal|97/100
|
|t:|1760435660
|switch|p2a: Ting-Lu|Ting-Lu|100/100|[from] U-turn
|-ability|p2a: Ting-Lu|Vessel of Ruin
|move|p1a: Torkoal|Lava Plume|p2a: Ting-Lu
|-damage|p2a: Ting-Lu|90/100
|-status|p2a: Ting-Lu|brn
|
|-weather|SunnyDay|[upkeep]
|-damage|p2a: Ting-Lu|84/100 brn|[from] brn
|upkeep
|turn|8
|
|t:|1760435670
|switch|p1a: Lilligant|Lilligant-Hisui, F, shiny|100/100
|move|p2a: Ting-Lu|Rock Tomb|p1a: Lilligant
|-resisted|p1a: Lilligant
|-damage|p1a: Lilligant|95/100
|-unboost|p1a: Lilligant|spe|1
|
|-weather|SunnyDay|[upkeep]
|-damage|p2a: Ting-Lu|77/100 brn|[from] brn
|upkeep
|turn|9
|
|t:|1760435684
|switch|p2a: Dragapult|Dragapult, F|100/100
|move|p1a: Lilligant|Ice Spinner|p2a: Dragapult
|-supereffective|p2a: Dragapult
|-damage|p2a: Dragapult|0 fnt
|faint|p2a: Dragapult
|
|-weather|SunnyDay|[upkeep]
|upkeep
|
|t:|1760435698
|switch|p2a: Clefable|Clefable, M|100/100
|turn|10
|
|t:|1760435705
|switch|p1a: Hatterene|Hatterene, F|100/100
|move|p2a: Clefable|Thunder Wave|p1a: Hatterene
|move|p1a: Hatterene|Thunder Wave|p2a: Clefable|[from] ability: Magic Bounce
|-status|p2a: Clefable|par
|
|-weather|SunnyDay|[upkeep]
|upkeep
|turn|11
|
|t:|1760435713
|switch|p2a: Corviknight|Corviknight, M|100/100
|-ability|p2a: Corviknight|Pressure
|move|p1a: Hatterene|Calm Mind|p1a: Hatterene
|-boost|p1a: Hatterene|spa|1
|-boost|p1a: Hatterene|spd|1
|
|-weather|SunnyDay|[upkeep]
|upkeep
|turn|12
|
|t:|1760435720
|move|p2a: Corviknight|U-turn|p1a: Hatterene
|-damage|p1a: Hatterene|85/100
|
|t:|1760435723
|switch|p2a: Ting-Lu|Ting-Lu|77/100 brn|[from] U-turn
|-ability|p2a: Ting-Lu|Vessel of Ruin
|move|p1a: Hatterene|Mystical Fire|p2a: Ting-Lu
|-damage|p2a: Ting-Lu|64/100 brn
|-unboost|p2a: Ting-Lu|spa|1
|
|-weather|SunnyDay|[upkeep]
|-heal|p1a: Hatterene|91/100|[from] item: Leftovers
|-damage|p2a: Ting-Lu|58/100 brn|[from] brn
|upkeep
|turn|13
|
|t:|1760435734
|move|p2a: Ting-Lu|Heavy Slam|p1a: Hatterene
|-supereffective|p1a: Hatterene
|-damage|p1a: Hatterene|62/100
|move|p1a: Hatterene|Calm Mind|p1a: Hatterene
|-boost|p1a: Hatterene|spa|1
|-boost|p1a: Hatterene|spd|1
|
|-weather|none
|-heal|p1a: Hatterene|68/100|[from] item: Leftovers
|-damage|p2a: Ting-Lu|52/100 brn|[from] brn
|upkeep
|turn|14
|
|t:|1760435744
|switch|p2a: Zamazenta|Zamazenta|100/100
|-ability|p2a: Zamazenta|Dauntless Shield|boost
|-boost|p2a: Zamazenta|def|1
|move|p1a: Hatterene|Draining Kiss|p2a: Zamazenta
|-supereffective|p2a: Zamazenta
|-damage|p2a: Zamazenta|20/100
|-heal|p1a: Hatterene|100/100|[from] drain|[of] p2a: Zamazenta
|
|upkeep
|turn|15
|
|t:|1760435752
|-terastallize|p2a: Zamazenta|Stellar
|move|p2a: Zamazenta|Heavy Slam|p1a: Hatterene
|-supereffective|p1a: Hatterene
|-damage|p1a: Hatterene|0 fnt
|faint|p1a: Hatterene
|
|upkeep
|
|t:|1760435759
|switch|p1a: Torkoal|Torkoal, M|97/100
|-weather|SunnyDay|[from] ability: Drought|[of] p1a: Torkoal
|turn|16
|
|t:|1760435763
|switch|p2a: Ting-Lu|Ting-Lu|52/100 brn
|-ability|p2a: Ting-Lu|Vessel of Ruin
|move|p1a: Torkoal|Lava Plume|p2a: Ting-Lu
|-damage|p2a: Ting-Lu|41/100 brn
|
|-weather|SunnyDay|[upkeep]
|-damage|p2a: Ting-Lu|35/100 brn|[from] brn
|upkeep
|turn|17
|
|t:|1760435772
|move|p2a: Ting-Lu|Earthquake|p1a: Torkoal
|-supereffective|p1a: Torkoal
|-damage|p1a: Torkoal|73/100
|move|p1a: Torkoal|Solar Beam||[still]
|-prepare|p1a: Torkoal|Solar Beam
|-anim|p1a: Torkoal|Solar Beam|p2a: Ting-Lu
|-supereffective|p2a: Ting-Lu
|-crit|p2a: Ting-Lu
|-damage|p2a: Ting-Lu|14/100 brn
|
|-weather|SunnyDay|[upkeep]
|-damage|p2a: Ting-Lu|8/100 brn|[from] brn
|upkeep
|turn|18
|
|t:|1760435781
|move|p2a: Ting-Lu|Earthquake|p1a: Torkoal
|-supereffective|p1a: Torkoal
|-damage|p1a: Torkoal|50/100
|move|p1a: Torkoal|Lava Plume|p2a: Ting-Lu
|-damage|p2a: Ting-Lu|0 fnt
|faint|p2a: Ting-Lu
|
|-weather|SunnyDay|[upkeep]
|upkeep
|
|t:|1760435785
|switch|p2a: Ogerpon|Ogerpon-Wellspring, F|100/100
|turn|19
|
|t:|1760435793
|move|p2a: Ogerpon|Ivy Cudgel|p1a: Torkoal|[anim] Ivy Cudgel Water
|-supereffective|p1a: Torkoal
|-damage|p1a: Torkoal|18/100
|move|p1a: Torkoal|Lava Plume|p2a: Ogerpon
|-damage|p2a: Ogerpon|59/100
|
|-weather|SunnyDay|[upkeep]
|upkeep
|turn|20
|
|t:|1760435800
|move|p2a: Ogerpon|Ivy Cudgel|p1a: Torkoal|[anim] Ivy Cudgel Water
|-supereffective|p1a: Torkoal
|-damage|p1a: Torkoal|0 fnt
|faint|p1a: Torkoal
|
|-weather|SunnyDay|[upkeep]
|upkeep
|
|t:|1760435807
|switch|p1a: Lilligant|Lilligant-Hisui, F, shiny|95/100
|turn|21
|
|t:|1760435814
|switch|p2a: Zamazenta|Zamazenta, tera:Stellar|20/100
|move|p1a: Lilligant|Solar Blade||[still]
|-prepare|p1a: Lilligant|Solar Blade
|-anim|p1a: Lilligant|Solar Blade|p2a: Zamazenta
|-damage|p2a: Zamazenta|0 fnt
|faint|p2a: Zamazenta
|
|-weather|SunnyDay|[upkeep]
|upkeep
|
|t:|1760435821
|switch|p2a: Clefable|Clefable, M|100/100 par
|turn|22
|
|t:|1760435824
|move|p1a: Lilligant|Solar Blade||[still]
|-prepare|p1a: Lilligant|Solar Blade
|-anim|p1a: Lilligant|Solar Blade|p2a: Clefable
|-damage|p2a: Clefable|0 fnt
|-damage|p1a: Lilligant|79/100|[from] item: Rocky Helmet|[of] p2a: Clefable
|faint|p2a: Clefable
|
|-weather|SunnyDay|[upkeep]
|upkeep
|
|t:|1760435832
|switch|p2a: Corviknight|Corviknight, M|100/100
|-ability|p2a: Corviknight|Pressure
|turn|23
|
|t:|1760435836
|switch|p1a: Walking Wake|Walking Wake|100/100
|-activate|p1a: Walking Wake|ability: Protosynthesis
|-start|p1a: Walking Wake|protosynthesisspa
|move|p2a: Corviknight|U-turn|p1a: Walking Wake
|-damage|p1a: Walking Wake|85/100
|
|t:|1760435843
|switch|p2a: Ogerpon|Ogerpon-Wellspring, F|59/100|[from] U-turn
|
|-weather|none
|-end|p1a: Walking Wake|Protosynthesis
|upkeep
|turn|24
|
|t:|1760435847
|move|p2a: Ogerpon|Horn Leech|p1a: Walking Wake
|-damage|p1a: Walking Wake|39/100
|-heal|p2a: Ogerpon|85/100|[from] drain|[of] p1a: Walking Wake
|move|p1a: Walking Wake|Sunny Day|p1a: Walking Wake
|-weather|SunnyDay
|-activate|p1a: Walking Wake|ability: Protosynthesis
|-start|p1a: Walking Wake|protosynthesisspa
|
|-weather|SunnyDay|[upkeep]
|upkeep
|turn|25
|
|t:|1760435856
|move|p2a: Ogerpon|Encore|p1a: Walking Wake
|-start|p1a: Walking Wake|Encore
|move|p1a: Walking Wake|Sunny Day||[still]
|-fail|p1a: Walking Wake
|
|-weather|SunnyDay|[upkeep]
|upkeep
|turn|26
|
|t:|1760435862
|-end|p1a: Walking Wake|Protosynthesis|[silent]
|switch|p1a: Great Tusk|Great Tusk|100/100
|-activate|p1a: Great Tusk|ability: Protosynthesis
|-start|p1a: Great Tusk|protosynthesisatk
|move|p2a: Ogerpon|Horn Leech|p1a: Great Tusk
|-supereffective|p1a: Great Tusk
|-damage|p1a: Great Tusk|34/100
|-heal|p2a: Ogerpon|100/100|[from] drain|[of] p1a: Great Tusk
|
|-weather|SunnyDay|[upkeep]
|-heal|p1a: Great Tusk|40/100|[from] item: Leftovers
|upkeep
|turn|27
|
|t:|1760435872
|move|p2a: Ogerpon|Horn Leech|p1a: Great Tusk
|-supereffective|p1a: Great Tusk
|-damage|p1a: Great Tusk|0 fnt
|faint|p1a: Great Tusk
|-end|p1a: Great Tusk|Protosynthesis|[silent]
|
|-weather|SunnyDay|[upkeep]
|upkeep
|
|t:|1760435877
|switch|p1a: Lilligant|Lilligant-Hisui, F, shiny|79/100
|turn|28
|
|t:|1760435882
|switch|p2a: Corviknight|Corviknight, M|100/100
|-ability|p2a: Corviknight|Pressure
|move|p1a: Lilligant|Close Combat|p2a: Corviknight
|-damage|p2a: Corviknight|37/100
|-unboost|p1a: Lilligant|def|1
|-unboost|p1a: Lilligant|spd|1
|
|-weather|none
|upkeep
|turn|29
|
|t:|1760435893
|move|p1a: Lilligant|Close Combat|p2a: Corviknight
|-damage|p2a: Corviknight|0 fnt
|-unboost|p1a: Lilligant|def|1
|-unboost|p1a: Lilligant|spd|1
|faint|p2a: Corviknight
|
|upkeep
|
|t:|1760435896
|switch|p2a: Ogerpon|Ogerpon-Wellspring, F|100/100
|turn|30
|
|t:|1760435901
|switch|p1a: Walking Wake|Walking Wake|39/100
|move|p2a: Ogerpon|Ivy Cudgel|p1a: Walking Wake|[anim] Ivy Cudgel Water
|-resisted|p1a: Walking Wake
|-damage|p1a: Walking Wake|23/100
|
|upkeep
|turn|31
|
|t:|1760435907
|move|p2a: Ogerpon|Horn Leech|p1a: Walking Wake
|-damage|p1a: Walking Wake|0 fnt
|faint|p1a: Walking Wake
|-end|p1a: Walking Wake|Protosynthesis|[silent]
|
|upkeep
|
|t:|1760435912
|switch|p1a: Lilligant|Lilligant-Hisui, F, shiny|79/100
|turn|32
|
|t:|1760435916
|move|p2a: Ogerpon|Horn Leech|p1a: Lilligant
|-resisted|p1a: Lilligant
|-damage|p1a: Lilligant|47/100
|move|p1a: Lilligant|Close Combat|p2a: Ogerpon
|-damage|p2a: Ogerpon|0 fnt
|-unboost|p1a: Lilligant|def|1
|-unboost|p1a: Lilligant|spd|1
|faint|p2a: Ogerpon
|
|win|Sjones90420
|raw|Sjones90420's rating: 1219 &rarr; <strong>1242</strong><br />(+23 for winning)
|raw|B1adzesmain's rating: 1197 &rarr; <strong>1174</strong><br />(-23 for losing)
|l|☆B1adzesmain
|player|p2|
|l|☆Sjones90420
|player|p1|
