|j|☆DIGIWAYNE123
|j|☆horses aren't real
|t:|1760365199
|gametype|singles
|player|p1|DIGIWAYNE123|swimmerf-gen4|1572
|player|p2|horses aren't real|skullgruntf|1575
|gen|9
|tier|[Gen 9] OU
|rated|
|rule|HP Percentage Mod: HP is shown in percentages
|rule|Endless Battle Clause: Forcing endless battles is banned
|rule|Species Clause: Limit one of each Pokémon
|rule|OHKO Clause: OHKO moves are banned
|rule|Evasion Items Clause: Evasion items are banned
|rule|Evasion Moves Clause: Evasion moves are banned
|rule|Evasion Abilities Clause: Evasion abilities are banned
|rule|Sleep Moves Clause: Sleep-inducing moves are banned
|clearpoke
|poke|p1|Armarouge, F|
|poke|p1|Indeedee, M|
|poke|p1|Great Tusk|
|poke|p1|Hoopa-Unbound|
|poke|p1|Scream Tail|
|poke|p1|Drednaw, M|
|poke|p2|Ting-Lu|
|poke|p2|Rillaboom, M|
|poke|p2|Great Tusk|
|poke|p2|Gholdengo|
|poke|p2|Darkrai|
|poke|p2|Tornadus-Therian, M|
|teampreview
|inactive|Battle timer is ON: inactive players will automatically lose when time's up. (requested by horses aren't real)
|
|t:|1760365206
|teamsize|p1|6
|teamsize|p2|6
|start
|switch|p1a: Scream Tail|Scream Tail|100/100
|switch|p2a: Rillaboom|Rillaboom, M|100/100
|-fieldstart|move: Grassy Terrain|[from] ability: Grassy Surge|[of] p2a: Rillaboom
|-enditem|p1a: Scream Tail|Booster Energy
|-activate|p1a: Scream Tail|ability: Protosynthesis|[fromitem]
|-start|p1a: Scream Tail|protosynthesisspe
|turn|1
|
|t:|1760365210
|move|p2a: Rillaboom|Grassy Glide|p1a: Scream Tail
|-damage|p1a: Scream Tail|73/100
|move|p1a: Scream Tail|Thunder Wave|p2a: Rillaboom
|-status|p2a: Rillaboom|par
|
|-heal|p1a: Scream Tail|80/100|[from] Grassy Terrain
|upkeep
|turn|2
|
|t:|1760365215
|move|p1a: Scream Tail|Stealth Rock|p2a: Rillaboom
|-sidestart|p2: horses aren't real|move: Stealth Rock
|move|p2a: Rillaboom|U-turn|p1a: Scream Tail
|-damage|p1a: Scream Tail|62/100
|
|t:|1760365220
|switch|p2a: Gholdengo|Gholdengo|100/100|[from] U-turn
|-damage|p2a: Gholdengo|94/100|[from] Stealth Rock
|
|-heal|p1a: Scream Tail|68/100|[from] Grassy Terrain
|-heal|p2a: Gholdengo|100/100|[from] Grassy Terrain
|upkeep
|turn|3
|
|t:|1760365227
|-end|p1a: Scream Tail|Protosynthesis|[silent]
|switch|p1a: Hoopa|Hoopa-Unbound|100/100
|move|p2a: Gholdengo|Nasty Plot|p2a: Gholdengo
|-boost|p2a: Gholdengo|spa|2
|
|upkeep
|turn|4
|
|t:|1760365229
|-terastallize|p2a: Gholdengo|Fairy
|move|p2a: Gholdengo|Make It Rain|p1a: Hoopa
|-damage|p1a: Hoopa|46/100
|-unboost|p2a: Gholdengo|spa|1
|move|p1a: Hoopa|Dark Pulse|p2a: Gholdengo
|-resisted|p2a: Gholdengo
|-damage|p2a: Gholdengo|75/100
|
|-heal|p2a: Gholdengo|81/100|[from] Grassy Terrain
|-heal|p1a: Hoopa|52/100|[from] Grassy Terrain
|upkeep
|turn|5
|
|t:|1760365237
|move|p2a: Gholdengo|Make It Rain|p1a: Hoopa
|-damage|p1a: Hoopa|15/100
|-unboost|p2a: Gholdengo|spa|1
|move|p1a: Hoopa|Expanding Force|p2a: Gholdengo
|-damage|p2a: Gholdengo|24/100
|
|-heal|p2a: Gholdengo|30/100|[from] Grassy Terrain
|-heal|p1a: Hoopa|21/100|[from] Grassy Terrain
|upkeep
|turn|6
|
|t:|1760365242
|switch|p1a: Indeedee|Indeedee, M|100/100
|-fieldstart|move: Psychic Terrain|[from] ability: Psychic Surge|[of] p1a: Indeedee
|move|p2a: Gholdengo|Shadow Ball|p1a: Indeedee
|-immune|p1a: Indeedee
|
|upkeep
|turn|7
|
|t:|1760365249
|switch|p2a: Rillaboom|Rillaboom, M|100/100 par
|-damage|p2a: Rillaboom|88/100 par|[from] Stealth Rock
|-fieldstart|move: Grassy Terrain|[from] ability: Grassy Surge|[of] p2a: Rillaboom
|move|p1a: Indeedee|Tera Blast|p2a: Rillaboom
|-damage|p2a: Rillaboom|46/100 par
|
|-heal|p2a: Rillaboom|52/100 par|[from] Grassy Terrain
|upkeep
|turn|8
|
|t:|1760365253
|switch|p1a: Scream Tail|Scream Tail|68/100
|switch|p2a: Gholdengo|Gholdengo, tera:Fairy|30/100
|-damage|p2a: Gholdengo|17/100|[from] Stealth Rock
|
|-heal|p1a: Scream Tail|74/100|[from] Grassy Terrain
|-heal|p2a: Gholdengo|24/100|[from] Grassy Terrain
|upkeep
|turn|9
|
|t:|1760365260
|move|p1a: Scream Tail|Wish|p1a: Scream Tail
|move|p2a: Gholdengo|Recover|p2a: Gholdengo
|-heal|p2a: Gholdengo|74/100
|
|-heal|p1a: Scream Tail|80/100|[from] Grassy Terrain
|-heal|p2a: Gholdengo|80/100|[from] Grassy Terrain
|upkeep
|turn|10
|
|t:|1760365268
|move|p1a: Scream Tail|Misty Explosion|p2a: Gholdengo
|-damage|p2a: Gholdengo|55/100
|faint|p1a: Scream Tail
|-end|p1a: Scream Tail|Protosynthesis|[silent]
|move|p2a: Gholdengo|Nasty Plot|p2a: Gholdengo
|-boost|p2a: Gholdengo|spa|2
|
|-heal|p2a: Gholdengo|61/100|[from] Grassy Terrain
|upkeep
|
|t:|1760365272
|switch|p1a: Indeedee|Indeedee, M|100/100
|-fieldstart|move: Psychic Terrain|[from] ability: Psychic Surge|[of] p1a: Indeedee
|turn|11
|
|t:|1760365275
|move|p1a: Indeedee|Expanding Force|p2a: Gholdengo
|-damage|p2a: Gholdengo|0 fnt
|faint|p2a: Gholdengo
|
|upkeep
|
|t:|1760365280
|switch|p2a: Darkrai|Darkrai|100/100
|-damage|p2a: Darkrai|88/100|[from] Stealth Rock
|turn|12
|
|t:|1760365284
|switch|p1a: Hoopa|Hoopa-Unbound|21/100
|move|p2a: Darkrai|Dark Pulse|p1a: Hoopa
|-damage|p1a: Hoopa|0 fnt
|faint|p1a: Hoopa
|
|upkeep
|
|t:|1760365289
|switch|p1a: Great Tusk|Great Tusk|100/100
|-enditem|p1a: Great Tusk|Booster Energy
|-activate|p1a: Great Tusk|ability: Protosynthesis|[fromitem]
|-start|p1a: Great Tusk|protosynthesisspe
|turn|13
|
|t:|1760365294
|switch|p2a: Great Tusk|Great Tusk|100/100
|-damage|p2a: Great Tusk|98/100|[from] Stealth Rock
|move|p1a: Great Tusk|Knock Off|p2a: Great Tusk
|-resisted|p2a: Great Tusk
|-damage|p2a: Great Tusk|89/100
|-damage|p1a: Great Tusk|84/100|[from] item: Rocky Helmet|[of] p2a: Great Tusk
|-enditem|p2a: Great Tusk|Rocky Helmet|[from] move: Knock Off|[of] p1a: Great Tusk
|
|upkeep
|turn|14
|
|t:|1760365297
|-end|p1a: Great Tusk|Protosynthesis|[silent]
|switch|p1a: Armarouge|Armarouge, F|100/100
|move|p2a: Great Tusk|Rapid Spin|p1a: Armarouge
|-damage|p1a: Armarouge|84/100
|-boost|p2a: Great Tusk|spe|1
|-ability|p1a: Armarouge|Weak Armor|boost
|-unboost|p1a: Armarouge|def|1
|-boost|p1a: Armarouge|spe|2
|-sideend|p2: horses aren't real|Stealth Rock|[from] move: Rapid Spin|[of] p2a: Great Tusk
|
|upkeep
|turn|15
|
|t:|1760365302
|-end|p2a: Great Tusk|Protosynthesis|[silent]
|switch|p2a: Ting-Lu|Ting-Lu|100/100
|-ability|p2a: Ting-Lu|Vessel of Ruin
|move|p1a: Armarouge|Armor Cannon|p2a: Ting-Lu
|-damage|p2a: Ting-Lu|77/100
|-unboost|p1a: Armarouge|def|1
|-unboost|p1a: Armarouge|spd|1
|
|-heal|p2a: Ting-Lu|83/100|[from] item: Leftovers
|upkeep
|turn|16
|
|t:|1760365308
|switch|p1a: Great Tusk|Great Tusk|84/100
|move|p2a: Ting-Lu|Payback|p1a: Great Tusk
|-resisted|p1a: Great Tusk
|-damage|p1a: Great Tusk|78/100
|
|-heal|p2a: Ting-Lu|89/100|[from] item: Leftovers
|upkeep
|turn|17
|
|t:|1760365312
|switch|p2a: Tornadus|Tornadus-Therian, M|100/100
|move|p1a: Great Tusk|Knock Off|p2a: Tornadus
|-damage|p2a: Tornadus|66/100
|-enditem|p2a: Tornadus|Assault Vest|[from] move: Knock Off|[of] p1a: Great Tusk
|
|upkeep
|turn|18
|
|t:|1760365316
|move|p2a: Tornadus|Bleakwind Storm|p1a: Great Tusk|[miss]
|-miss|p2a: Tornadus|p1a: Great Tusk
|move|p1a: Great Tusk|Ice Spinner|p2a: Tornadus
|-supereffective|p2a: Tornadus
|-damage|p2a: Tornadus|13/100
|-fieldend|move: Psychic Terrain
|
|upkeep
|turn|19
|
|t:|1760365319
|move|p2a: Tornadus|Bleakwind Storm|p1a: Great Tusk
|-supereffective|p1a: Great Tusk
|-damage|p1a: Great Tusk|0 fnt
|faint|p1a: Great Tusk
|-end|p1a: Great Tusk|Protosynthesis|[silent]
|
|upkeep
|
|t:|1760365326
|switch|p1a: Drednaw|Drednaw, M|100/100
|turn|20
|
|t:|1760365333
|switch|p1a: Armarouge|Armarouge, F|84/100
|move|p2a: Tornadus|Knock Off|p1a: Armarouge
|-supereffective|p1a: Armarouge
|-damage|p1a: Armarouge|42/100
|-ability|p1a: Armarouge|Weak Armor|boost
|-unboost|p1a: Armarouge|def|1
|-boost|p1a: Armarouge|spe|2
|-enditem|p1a: Armarouge|Focus Sash|[from] move: Knock Off|[of] p2a: Tornadus
|
|upkeep
|turn|21
|
|t:|1760365337
|switch|p2a: Ting-Lu|Ting-Lu|89/100
|-ability|p2a: Ting-Lu|Vessel of Ruin
|move|p1a: Armarouge|Armor Cannon|p2a: Ting-Lu
|-damage|p2a: Ting-Lu|66/100
|-unboost|p1a: Armarouge|def|1
|-unboost|p1a: Armarouge|spd|1
|
|-heal|p2a: Ting-Lu|72/100|[from] item: Leftovers
|upkeep
|turn|22
|
|t:|1760365341
|move|p1a: Armarouge|Armor Cannon|p2a: Ting-Lu
|-damage|p2a: Ting-Lu|48/100
|-unboost|p1a: Armarouge|def|1
|-unboost|p1a: Armarouge|spd|1
|move|p2a: Ting-Lu|Payback|p1a: Armarouge
|-supereffective|p1a: Armarouge
|-damage|p1a: Armarouge|0 fnt
|faint|p1a: Armarouge
|
|-heal|p2a: Ting-Lu|54/100|[from] item: Leftovers
|upkeep
|
|t:|1760365351
|switch|p1a: Drednaw|Drednaw, M|100/100
|turn|23
|
|t:|1760365354
|move|p1a: Drednaw|Shell Smash|p1a: Drednaw
|-unboost|p1a: Drednaw|def|1
|-unboost|p1a: Drednaw|spd|1
|-boost|p1a: Drednaw|atk|2
|-boost|p1a: Drednaw|spa|2
|-boost|p1a: Drednaw|spe|2
|move|p2a: Ting-Lu|Spikes|p1a: Drednaw
|-sidestart|p1: DIGIWAYNE123|Spikes
|
|-heal|p2a: Ting-Lu|60/100|[from] item: Leftovers
|upkeep
|turn|24
|
|t:|1760365358
|move|p1a: Drednaw|Liquidation|p2a: Ting-Lu
|-supereffective|p2a: Ting-Lu
|-damage|p2a: Ting-Lu|0 fnt
|faint|p2a: Ting-Lu
|
|upkeep
|
|t:|1760365360
|switch|p2a: Rillaboom|Rillaboom, M|52/100 par
|-fieldstart|move: Grassy Terrain|[from] ability: Grassy Surge|[of] p2a: Rillaboom
|turn|25
|
|t:|1760365364
|move|p2a: Rillaboom|Grassy Glide|p1a: Drednaw
|-supereffective|p1a: Drednaw
|-enditem|p1a: Drednaw|Focus Sash
|-damage|p1a: Drednaw|1/100
|move|p1a: Drednaw|Ice Fang|p2a: Rillaboom
|-supereffective|p2a: Rillaboom
|-damage|p2a: Rillaboom|0 fnt
|faint|p2a: Rillaboom
|
|-heal|p1a: Drednaw|7/100|[from] Grassy Terrain
|upkeep
|
|t:|1760365371
|switch|p2a: Great Tusk|Great Tusk|89/100
|turn|26
|
|t:|1760365375
|move|p1a: Drednaw|Liquidation|p2a: Great Tusk
|-supereffective|p2a: Great Tusk
|-damage|p2a: Great Tusk|0 fnt
|faint|p2a: Great Tusk
|-end|p2a: Great Tusk|Protosynthesis|[silent]
|
|-heal|p1a: Drednaw|13/100|[from] Grassy Terrain
|upkeep
|
|t:|1760365376
|switch|p2a: Darkrai|Darkrai|88/100
|turn|27
|
|t:|1760365380
|move|p1a: Drednaw|Liquidation|p2a: Darkrai
|-crit|p2a: Darkrai
|-damage|p2a: Darkrai|0 fnt
|faint|p2a: Darkrai
|
|-heal|p1a: Drednaw|19/100|[from] Grassy Terrain
|upkeep
|-message|horses aren't real forfeited.
|
|win|DIGIWAYNE123
|raw|DIGIWAYNE123's rating: 1572 &rarr; <strong>1592</strong><br />(+20 for winning)
|raw|horses aren&apos;t real's rating: 1575 &rarr; <strong>1555</strong><br />(-20 for losing)
|l|☆horses aren't real
|player|p2|
