|j|☆XxBornToLosexX
|j|☆xPainSeraphx
|t:|1760312204
|gametype|singles
|player|p1|XxBornToLosexX|firebreather|1340
|player|p2|xPainSeraphx|ethan|1329
|gen|9
|tier|[Gen 9] OU
|rated|
|rule|HP Percentage Mod: HP is shown in percentages
|rule|Endless Battle Clause: Forcing endless battles is banned
|rule|Species Clause: Limit one of each Pokémon
|rule|OHKO Clause: OHKO moves are banned
|rule|Evasion Items Clause: Evasion items are banned
|rule|Evasion Moves Clause: Evasion moves are banned
|rule|Evasion Abilities Clause: Evasion abilities are banned
|rule|Sleep Moves Clause: Sleep-inducing moves are banned
|clearpoke
|poke|p1|Ribombee, F|
|poke|p1|Gholdengo|
|poke|p1|Arcanine-Hisui, M|
|poke|p1|Great Tusk|
|poke|p1|Zapdos|
|poke|p1|Samurott-Hisui, M|
|poke|p2|Tyranitar, M|
|poke|p2|Abomasnow, M|
|poke|p2|Gholdengo|
|poke|p2|Skeledirge, M|
|poke|p2|Corviknight, M|
|poke|p2|Ursaluna, M|
|teampreview
|inactive|Battle timer is ON: inactive players will automatically lose when time's up. (requested by XxBornToLosexX)
|
|t:|1760312221
|teamsize|p1|6
|teamsize|p2|6
|start
|switch|p1a: Samurott|Samurott-Hisui, M|100/100
|switch|p2a: Abomasnow|Abomasnow, M|100/100
|-weather|Snowscape|[from] ability: Snow Warning|[of] p2a: Abomasnow
|turn|1
|
|t:|1760312229
|move|p1a: Samurott|Ceaseless Edge|p2a: Abomasnow
|-damage|p2a: Abomasnow|74/100
|-sidestart|p2: xPainSeraphx|Spikes
|move|p2a: Abomasnow|Aurora Veil|p2a: Abomasnow
|-sidestart|p2: xPainSeraphx|move: Aurora Veil
|
|-weather|Snowscape|[upkeep]
|upkeep
|turn|2
|
|t:|1760312236
|move|p1a: Samurott|Ceaseless Edge|p2a: Abomasnow
|-damage|p2a: Abomasnow|61/100
|-sidestart|p2: xPainSeraphx|Spikes
|move|p2a: Abomasnow|Giga Drain|p1a: Samurott
|-supereffective|p1a: Samurott
|-damage|p1a: Samurott|60/100
|-heal|p2a: Abomasnow|84/100|[from] drain|[of] p1a: Samurott
|
|-weather|Snowscape|[upkeep]
|upkeep
|turn|3
|
|t:|1760312246
|switch|p1a: Zapdos|Zapdos|100/100
|move|p2a: Abomasnow|Leech Seed|p1a: Zapdos
|-start|p1a: Zapdos|move: Leech Seed
|
|-weather|Snowscape|[upkeep]
|-damage|p1a: Zapdos|88/100|[from] Leech Seed|[of] p2a: Abomasnow
|-heal|p2a: Abomasnow|99/100|[silent]
|upkeep
|turn|4
|
|t:|1760312255
|switch|p2a: Tyranitar|Tyranitar, M|100/100
|-damage|p2a: Tyranitar|84/100|[from] Spikes
|-weather|Sandstorm|[from] ability: Sand Stream|[of] p2a: Tyranitar
|move|p1a: Zapdos|Thunder Wave|p2a: Tyranitar
|-status|p2a: Tyranitar|par
|
|-weather|Sandstorm|[upkeep]
|-damage|p1a: Zapdos|82/100|[from] Sandstorm
|-damage|p1a: Zapdos|70/100|[from] Leech Seed|[of] p2a: Tyranitar
|-heal|p2a: Tyranitar|97/100 par|[silent]
|upkeep
|turn|5
|
|t:|1760312267
|move|p1a: Zapdos|Volt Switch|p2a: Tyranitar
|-damage|p2a: Tyranitar|91/100 par
|
|t:|1760312270
|switch|p1a: Great Tusk|Great Tusk|100/100|[from] Volt Switch
|cant|p2a: Tyranitar|par
|
|-weather|Sandstorm|[upkeep]
|upkeep
|turn|6
|
|t:|1760312285
|switch|p2a: Corviknight|Corviknight, M|100/100
|-ability|p2a: Corviknight|Pressure
|move|p1a: Great Tusk|Stealth Rock|p2a: Corviknight
|-sidestart|p2: xPainSeraphx|move: Stealth Rock
|
|-weather|Sandstorm|[upkeep]
|upkeep
|turn|7
|
|t:|1760312295
|-end|p1a: Great Tusk|Protosynthesis|[silent]
|switch|p1a: Gholdengo|Gholdengo|100/100
|-item|p1a: Gholdengo|Air Balloon
|move|p2a: Corviknight|Defog|p1a: Gholdengo
|-immune|p1a: Gholdengo|[from] ability: Good as Gold
|
|-weather|Sandstorm|[upkeep]
|upkeep
|turn|8
|
|t:|1760312310
|switch|p2a: Ursaluna|Ursaluna, M|100/100
|-damage|p2a: Ursaluna|84/100|[from] Spikes
|-damage|p2a: Ursaluna|78/100|[from] Stealth Rock
|move|p1a: Gholdengo|Nasty Plot|p1a: Gholdengo
|-boost|p1a: Gholdengo|spa|2
|
|-weather|none
|-sideend|p2: xPainSeraphx|move: Aurora Veil
|-status|p2a: Ursaluna|brn|[from] item: Flame Orb
|upkeep
|turn|9
|
|t:|1760312329
|switch|p2a: Skeledirge|Skeledirge, M|100/100
|move|p1a: Gholdengo|Make It Rain|p2a: Skeledirge
|-resisted|p2a: Skeledirge
|-damage|p2a: Skeledirge|72/100
|-unboost|p1a: Gholdengo|spa|1
|
|upkeep
|turn|10
|inactive|xPainSeraphx has 120 seconds left.
|
|t:|1760312373
|switch|p1a: Arcanine|Arcanine-Hisui, M|100/100
|switch|p2a: Tyranitar|Tyranitar, M|91/100 par
|-damage|p2a: Tyranitar|75/100 par|[from] Spikes
|-damage|p2a: Tyranitar|62/100 par|[from] Stealth Rock
|-weather|Sandstorm|[from] ability: Sand Stream|[of] p2a: Tyranitar
|
|-weather|Sandstorm|[upkeep]
|upkeep
|turn|11
|
|t:|1760312390
|move|p1a: Arcanine|Close Combat|p2a: Tyranitar
|-supereffective|p2a: Tyranitar
|-damage|p2a: Tyranitar|0 fnt
|-unboost|p1a: Arcanine|def|1
|-unboost|p1a: Arcanine|spd|1
|faint|p2a: Tyranitar
|-damage|p1a: Arcanine|91/100|[from] item: Life Orb
|
|-weather|Sandstorm|[upkeep]
|upkeep
|inactive|xPainSeraphx has 90 seconds left.
|
|t:|1760312410
|switch|p2a: Gholdengo|Gholdengo|100/100
|-damage|p2a: Gholdengo|94/100|[from] Stealth Rock
|-item|p2a: Gholdengo|Air Balloon
|turn|12
|
|t:|1760312417
|move|p1a: Arcanine|Flare Blitz|p2a: Gholdengo
|-supereffective|p2a: Gholdengo
|-damage|p2a: Gholdengo|0 fnt
|-enditem|p2a: Gholdengo|Air Balloon
|faint|p2a: Gholdengo
|-damage|p1a: Arcanine|81/100|[from] item: Life Orb
|
|-weather|Sandstorm|[upkeep]
|upkeep
|
|t:|1760312429
|switch|p2a: Ursaluna|Ursaluna, M|78/100 brn
|-damage|p2a: Ursaluna|61/100 brn|[from] Spikes
|-damage|p2a: Ursaluna|55/100 brn|[from] Stealth Rock
|turn|13
|-message|xPainSeraphx forfeited.
|
|win|XxBornToLosexX
|raw|XxBornToLosexX's rating: 1340 &rarr; <strong>1359</strong><br />(+19 for winning)
|raw|xPainSeraphx's rating: 1329 &rarr; <strong>1310</strong><br />(-19 for losing)
|l|☆xPainSeraphx
|player|p2|
