|j|☆Fruit456
|j|☆wdivinity
|t:|1760331004
|gametype|singles
|player|p1|Fruit456|steven|1078
|player|p2|wdivinity|rei|1121
|gen|9
|tier|[Gen 9] OU
|rated|
|rule|HP Percentage Mod: HP is shown in percentages
|rule|Endless Battle Clause: Forcing endless battles is banned
|rule|Species Clause: Limit one of each Pokémon
|rule|OHKO Clause: OHKO moves are banned
|rule|Evasion Items Clause: Evasion items are banned
|rule|Evasion Moves Clause: Evasion moves are banned
|rule|Evasion Abilities Clause: Evasion abilities are banned
|rule|Sleep Moves Clause: Sleep-inducing moves are banned
|clearpoke
|poke|p1|Chesnaught, M|
|poke|p1|Ninetales-Alola, M|
|poke|p1|Slowking-Galar, F|
|poke|p1|Beartic, F|
|poke|p1|Frosmoth, M|
|poke|p1|Jolteon, M|
|poke|p2|Kingambit, F|
|poke|p2|Heatran, F|
|poke|p2|Great Tusk|
|poke|p2|Moltres-Galar|
|poke|p2|Araquanid, M|
|poke|p2|Ninetales-Alola, M|
|teampreview
|inactive|Battle timer is ON: inactive players will automatically lose when time's up. (requested by wdivinity)
|
|t:|1760331011
|teamsize|p1|6
|teamsize|p2|6
|start
|switch|p1a: Ninetales|Ninetales-Alola, M|100/100
|switch|p2a: Ninetales|Ninetales-Alola, M|100/100
|-weather|Snowscape|[from] ability: Snow Warning|[of] p2a: Ninetales
|turn|1
|
|t:|1760331023
|move|p2a: Ninetales|Aurora Veil|p2a: Ninetales
|-sidestart|p2: wdivinity|move: Aurora Veil
|move|p1a: Ninetales|Aurora Veil|p1a: Ninetales
|-sidestart|p1: Fruit456|move: Aurora Veil
|
|-weather|Snowscape|[upkeep]
|upkeep
|turn|2
|
|t:|1760331051
|switch|p2a: Moltres|Moltres-Galar|100/100
|move|p1a: Ninetales|Foul Play|p2a: Moltres
|-resisted|p2a: Moltres
|-crit|p2a: Moltres
|-damage|p2a: Moltres|88/100
|
|-weather|Snowscape|[upkeep]
|upkeep
|turn|3
|
|t:|1760331075
|switch|p1a: Slowking|Slowking-Galar, F|100/100
|move|p2a: Moltres|Nasty Plot|p2a: Moltres
|-boost|p2a: Moltres|spa|2
|
|-weather|Snowscape|[upkeep]
|upkeep
|turn|4
|
|t:|1760331092
|move|p2a: Moltres|Fiery Wrath|p1a: Slowking
|-supereffective|p1a: Slowking
|-damage|p1a: Slowking|37/100
|move|p1a: Slowking|Toxic|p2a: Moltres
|-status|p2a: Moltres|tox
|
|-weather|Snowscape|[upkeep]
|-heal|p1a: Slowking|43/100|[from] item: Leftovers
|-damage|p2a: Moltres|82/100 tox|[from] psn
|upkeep
|turn|5
|
|t:|1760331117
|-terastallize|p1a: Slowking|Grass
|move|p2a: Moltres|Fiery Wrath|p1a: Slowking
|-damage|p1a: Slowking|13/100
|move|p1a: Slowking|Slack Off|p1a: Slowking
|-heal|p1a: Slowking|63/100
|
|-weather|none
|-heal|p1a: Slowking|69/100|[from] item: Leftovers
|-damage|p2a: Moltres|70/100 tox|[from] psn
|-sideend|p1: Fruit456|move: Aurora Veil
|upkeep
|turn|6
|
|t:|1760331130
|move|p2a: Moltres|Hurricane|p1a: Slowking
|-supereffective|p1a: Slowking
|-damage|p1a: Slowking|0 fnt
|faint|p1a: Slowking
|
|-damage|p2a: Moltres|51/100 tox|[from] psn
|upkeep
|
|t:|1760331140
|switch|p1a: Ninetales|Ninetales-Alola, M|100/100
|-weather|Snowscape|[from] ability: Snow Warning|[of] p1a: Ninetales
|turn|7
|
|t:|1760331146
|move|p2a: Moltres|Agility|p2a: Moltres
|-boost|p2a: Moltres|spe|2
|move|p1a: Ninetales|Aurora Veil|p1a: Ninetales
|-sidestart|p1: Fruit456|move: Aurora Veil
|
|-weather|Snowscape|[upkeep]
|-damage|p2a: Moltres|26/100 tox|[from] psn
|upkeep
|-enditem|p2a: Moltres|Sitrus Berry|[eat]
|-heal|p2a: Moltres|51/100 tox|[from] item: Sitrus Berry
|turn|8
|
|t:|1760331158
|move|p2a: Moltres|Fiery Wrath|p1a: Ninetales
|-resisted|p1a: Ninetales
|-damage|p1a: Ninetales|85/100
|move|p1a: Ninetales|Freeze-Dry|p2a: Moltres
|-supereffective|p2a: Moltres
|-damage|p2a: Moltres|32/100 tox
|-ability|p2a: Moltres|Berserk|boost
|-boost|p2a: Moltres|spa|1
|
|-weather|Snowscape|[upkeep]
|-damage|p2a: Moltres|1/100 tox|[from] psn
|-sideend|p2: wdivinity|move: Aurora Veil
|upkeep
|turn|9
|
|t:|1760331172
|move|p2a: Moltres|Hurricane|p1a: Ninetales|[miss]
|-miss|p2a: Moltres|p1a: Ninetales
|move|p1a: Ninetales|Freeze-Dry|p2a: Moltres
|-supereffective|p2a: Moltres
|-damage|p2a: Moltres|0 fnt
|faint|p2a: Moltres
|
|-weather|Snowscape|[upkeep]
|upkeep
|
|t:|1760331185
|switch|p2a: Heatran|Heatran, F|100/100
|turn|10
|
|t:|1760331190
|switch|p1a: Chesnaught|Chesnaught, M|100/100
|move|p2a: Heatran|Magma Storm|p1a: Chesnaught|[miss]
|-miss|p2a: Heatran|p1a: Chesnaught
|
|-weather|Snowscape|[upkeep]
|upkeep
|turn|11
|
|t:|1760331204
|move|p1a: Chesnaught|Spiky Shield|p1a: Chesnaught
|-singleturn|p1a: Chesnaught|move: Protect
|move|p2a: Heatran|Magma Storm|p1a: Chesnaught
|-activate|p1a: Chesnaught|move: Protect
|
|-weather|none
|-sideend|p1: Fruit456|move: Aurora Veil
|upkeep
|turn|12
|
|t:|1760331217
|move|p2a: Heatran|Magma Storm|p1a: Chesnaught
|-supereffective|p1a: Chesnaught
|-damage|p1a: Chesnaught|0 fnt
|faint|p1a: Chesnaught
|
|upkeep
|
|t:|1760331230
|switch|p1a: Jolteon|Jolteon, M|100/100
|-item|p1a: Jolteon|Air Balloon
|turn|13
|
|t:|1760331236
|move|p2a: Heatran|Magma Storm|p1a: Jolteon
|-damage|p1a: Jolteon|53/100
|-activate|p1a: Jolteon|move: Magma Storm|[of] p2a: Heatran
|-enditem|p1a: Jolteon|Air Balloon
|move|p1a: Jolteon|Roar|p2a: Heatran
|drag|p2a: Kingambit|Kingambit, F|100/100
|-activate|p2a: Kingambit|ability: Supreme Overlord
|-start|p2a: Kingambit|fallen1|[silent]
|
|-end|p1a: Jolteon|Magma Storm|[partiallytrapped]|[silent]
|upkeep
|turn|14
|
|t:|1760331249
|switch|p1a: Ninetales|Ninetales-Alola, M|85/100
|-weather|Snowscape|[from] ability: Snow Warning|[of] p1a: Ninetales
|move|p2a: Kingambit|Kowtow Cleave|p1a: Ninetales
|-resisted|p1a: Ninetales
|-damage|p1a: Ninetales|63/100
|
|-weather|Snowscape|[upkeep]
|upkeep
|turn|15
|
|t:|1760331260
|move|p1a: Ninetales|Aurora Veil|p1a: Ninetales
|-sidestart|p1: Fruit456|move: Aurora Veil
|move|p2a: Kingambit|Iron Head|p1a: Ninetales
|-supereffective|p1a: Ninetales
|-damage|p1a: Ninetales|0 fnt
|faint|p1a: Ninetales
|
|-weather|Snowscape|[upkeep]
|upkeep
|
|t:|1760331268
|switch|p1a: Beartic|Beartic, F|100/100
|turn|16
|
|t:|1760331277
|move|p1a: Beartic|Close Combat|p2a: Kingambit
|-supereffective|p2a: Kingambit
|-crit|p2a: Kingambit
|-damage|p2a: Kingambit|0 fnt
|-unboost|p1a: Beartic|def|1
|-unboost|p1a: Beartic|spd|1
|faint|p2a: Kingambit
|-end|p2a: Kingambit|fallen1|[silent]
|
|-weather|Snowscape|[upkeep]
|upkeep
|
|t:|1760331281
|switch|p2a: Heatran|Heatran, F|100/100
|turn|17
|
|t:|1760331288
|move|p1a: Beartic|Close Combat|p2a: Heatran
|-supereffective|p2a: Heatran
|-damage|p2a: Heatran|29/100
|-unboost|p1a: Beartic|def|1
|-unboost|p1a: Beartic|spd|1
|move|p2a: Heatran|Magma Storm|p1a: Beartic|[miss]
|-miss|p2a: Heatran|p1a: Beartic
|
|-weather|Snowscape|[upkeep]
|-heal|p2a: Heatran|35/100|[from] item: Leftovers
|upkeep
|turn|18
|
|t:|1760331300
|move|p1a: Beartic|Close Combat|p2a: Heatran
|-supereffective|p2a: Heatran
|-damage|p2a: Heatran|0 fnt
|-unboost|p1a: Beartic|def|1
|-unboost|p1a: Beartic|spd|1
|faint|p2a: Heatran
|
|-weather|none
|upkeep
|
|t:|1760331317
|switch|p2a: Great Tusk|Great Tusk|100/100
|turn|19
|
|t:|1760331323
|switch|p1a: Frosmoth|Frosmoth, M|100/100
|-terastallize|p2a: Great Tusk|Steel
|move|p2a: Great Tusk|Headlong Rush|p1a: Frosmoth
|-resisted|p1a: Frosmoth
|-crit|p1a: Frosmoth
|-damage|p1a: Frosmoth|10/100
|-unboost|p2a: Great Tusk|def|1
|-unboost|p2a: Great Tusk|spd|1
|
|-sideend|p1: Fruit456|move: Aurora Veil
|upkeep
|turn|20
|
|t:|1760331344
|move|p2a: Great Tusk|Headlong Rush|p1a: Frosmoth
|-resisted|p1a: Frosmoth
|-damage|p1a: Frosmoth|0 fnt
|-unboost|p2a: Great Tusk|def|1
|-unboost|p2a: Great Tusk|spd|1
|faint|p1a: Frosmoth
|
|upkeep
|
|t:|1760331360
|switch|p1a: Beartic|Beartic, F|100/100
|turn|21
|
|t:|1760331380
|move|p1a: Beartic|Earthquake|p2a: Great Tusk
|-supereffective|p2a: Great Tusk
|-damage|p2a: Great Tusk|0 fnt
|faint|p2a: Great Tusk
|-end|p2a: Great Tusk|Protosynthesis|[silent]
|
|upkeep
|
|t:|1760331386
|switch|p2a: Ninetales|Ninetales-Alola, M|100/100
|-weather|Snowscape|[from] ability: Snow Warning|[of] p2a: Ninetales
|turn|22
|
|t:|1760331392
|switch|p1a: Jolteon|Jolteon, M|53/100
|move|p2a: Ninetales|Aurora Veil|p2a: Ninetales
|-sidestart|p2: wdivinity|move: Aurora Veil
|
|-weather|Snowscape|[upkeep]
|upkeep
|turn|23
|
|t:|1760331402
|move|p1a: Jolteon|Wish|p1a: Jolteon
|move|p2a: Ninetales|Moonblast|p1a: Jolteon
|-damage|p1a: Jolteon|20/100
|
|-weather|Snowscape|[upkeep]
|upkeep
|turn|24
|inactive|wdivinity has 120 seconds left.
|
|t:|1760331435
|move|p1a: Jolteon|Light Screen|p1a: Jolteon
|-sidestart|p1: Fruit456|move: Light Screen
|move|p2a: Ninetales|Freeze-Dry|p1a: Jolteon
|-damage|p1a: Jolteon|9/100
|
|-weather|Snowscape|[upkeep]
|-heal|p1a: Jolteon|59/100|[from] move: Wish|[wisher] Jolteon
|upkeep
|turn|25
|
|t:|1760331445
|switch|p1a: Beartic|Beartic, F|100/100
|move|p2a: Ninetales|Moonblast|p1a: Beartic
|-damage|p1a: Beartic|85/100
|-unboost|p1a: Beartic|spa|1
|
|-weather|Snowscape|[upkeep]
|upkeep
|turn|26
|
|t:|1760331455
|move|p1a: Beartic|Earthquake|p2a: Ninetales
|-damage|p2a: Ninetales|85/100
|move|p2a: Ninetales|Moonblast|p1a: Beartic
|-damage|p1a: Beartic|66/100
|
|-weather|none
|upkeep
|turn|27
|
|t:|1760331464
|switch|p1a: Jolteon|Jolteon, M|59/100
|move|p2a: Ninetales|Moonblast|p1a: Jolteon
|-damage|p1a: Jolteon|43/100
|
|upkeep
|turn|28
|-message|Fruit456 forfeited.
|
|win|wdivinity
|raw|Fruit456's rating: 1078 &rarr; <strong>1059</strong><br />(-19 for losing)
|raw|wdivinity's rating: 1121 &rarr; <strong>1143</strong><br />(+22 for winning)
|l|☆Fruit456
|player|p1|
|l|☆wdivinity
|player|p2|
