|j|☆tymkojo
|j|☆Avl2121
|t:|1760461878
|gametype|singles
|player|p1|tymkojo|iris|1206
|player|p2|Avl2121|dragontamer|1226
|gen|9
|tier|[Gen 9] OU
|rated|
|rule|HP Percentage Mod: HP is shown in percentages
|rule|Endless Battle Clause: Forcing endless battles is banned
|rule|Species Clause: Limit one of each Pokémon
|rule|OHKO Clause: OHKO moves are banned
|rule|Evasion Items Clause: Evasion items are banned
|rule|Evasion Moves Clause: Evasion moves are banned
|rule|Evasion Abilities Clause: Evasion abilities are banned
|rule|Sleep Moves Clause: Sleep-inducing moves are banned
|clearpoke
|poke|p1|Samurott-Hisui, F|
|poke|p1|Mimikyu, F|
|poke|p1|Scizor, M|
|poke|p1|Pawmot, M|
|poke|p1|Iron Moth|
|poke|p1|Gliscor, F|
|poke|p2|Garganacl, M|
|poke|p2|Blaziken, F|
|poke|p2|Slowking-Galar, M|
|poke|p2|Landorus-Therian, M|
|poke|p2|Kyurem|
|poke|p2|Muk, F|
|teampreview
|inactive|Battle timer is ON: inactive players will automatically lose when time's up. (requested by Avl2121)
|
|t:|1760461895
|teamsize|p1|6
|teamsize|p2|6
|start
|switch|p1a: Samurott|Samurott-Hisui, F|100/100
|switch|p2a: Landorus|Landorus-Therian, M|100/100
|-ability|p2a: Landorus|Intimidate|boost
|-unboost|p1a: Samurott|atk|1
|turn|1
|
|t:|1760461908
|move|p2a: Landorus|U-turn|p1a: Samurott
|-supereffective|p1a: Samurott
|-damage|p1a: Samurott|47/100
|
|t:|1760461910
|switch|p2a: Muk|Muk, F|100/100|[from] U-turn
|move|p1a: Samurott|Knock Off|p2a: Muk
|-damage|p2a: Muk|71/100
|-enditem|p2a: Muk|Leftovers|[from] move: Knock Off|[of] p1a: Samurott
|
|upkeep
|turn|2
|
|t:|1760461918
|switch|p1a: Gliscor|Gliscor, F|100/100
|move|p2a: Muk|Knock Off|p1a: Gliscor
|-crit|p1a: Gliscor
|-damage|p1a: Gliscor|75/100
|-status|p1a: Gliscor|psn|[from] ability: Poison Touch|[of] p2a: Muk
|-enditem|p1a: Gliscor|Toxic Orb|[from] move: Knock Off|[of] p2a: Muk
|
|-heal|p1a: Gliscor|87/100 psn|[from] ability: Poison Heal
|upkeep
|turn|3
|
|t:|1760461934
|move|p1a: Gliscor|Stealth Rock|p2a: Muk
|-sidestart|p2: Avl2121|move: Stealth Rock
|move|p2a: Muk|Gunk Shot|p1a: Gliscor
|-resisted|p1a: Gliscor
|-damage|p1a: Gliscor|71/100 psn
|
|-heal|p1a: Gliscor|83/100 psn|[from] ability: Poison Heal
|upkeep
|turn|4
|
|t:|1760461942
|move|p1a: Gliscor|Spikes|p2a: Muk
|-sidestart|p2: Avl2121|Spikes
|move|p2a: Muk|Knock Off|p1a: Gliscor
|-damage|p1a: Gliscor|71/100 psn
|
|-heal|p1a: Gliscor|83/100 psn|[from] ability: Poison Heal
|upkeep
|turn|5
|
|t:|1760461948
|switch|p2a: Landorus|Landorus-Therian, M|100/100
|-damage|p2a: Landorus|88/100|[from] Stealth Rock
|-ability|p2a: Landorus|Intimidate|boost
|-unboost|p1a: Gliscor|atk|1
|move|p1a: Gliscor|Spikes|p2a: Landorus
|-sidestart|p2: Avl2121|Spikes
|
|-heal|p1a: Gliscor|96/100 psn|[from] ability: Poison Heal
|upkeep
|turn|6
|
|t:|1760461957
|move|p2a: Landorus|Stealth Rock|p1a: Gliscor
|-sidestart|p1: tymkojo|move: Stealth Rock
|move|p1a: Gliscor|Spikes|p2a: Landorus
|-sidestart|p2: Avl2121|Spikes
|
|-heal|p1a: Gliscor|100/100 psn|[from] ability: Poison Heal
|upkeep
|turn|7
|
|t:|1760461964
|move|p2a: Landorus|Smack Down|p1a: Gliscor
|-damage|p1a: Gliscor|86/100 psn
|-start|p1a: Gliscor|Smack Down
|move|p1a: Gliscor|Knock Off|p2a: Landorus
|-damage|p2a: Landorus|72/100
|-damage|p1a: Gliscor|70/100 psn|[from] item: Rocky Helmet|[of] p2a: Landorus
|-enditem|p2a: Landorus|Rocky Helmet|[from] move: Knock Off|[of] p1a: Gliscor
|
|-heal|p1a: Gliscor|82/100 psn|[from] ability: Poison Heal
|upkeep
|turn|8
|
|t:|1760461984
|switch|p1a: Samurott|Samurott-Hisui, F|47/100
|-damage|p1a: Samurott|35/100|[from] Stealth Rock
|move|p2a: Landorus|Earthquake|p1a: Samurott
|-damage|p1a: Samurott|0 fnt
|faint|p1a: Samurott
|
|upkeep
|
|t:|1760461998
|switch|p1a: Pawmot|Pawmot, M|100/100
|-damage|p1a: Pawmot|94/100|[from] Stealth Rock
|turn|9
|
|t:|1760462004
|move|p1a: Pawmot|Ice Punch|p2a: Landorus
|-supereffective|p2a: Landorus
|-damage|p2a: Landorus|0 fnt
|faint|p2a: Landorus
|-damage|p1a: Pawmot|84/100|[from] item: Life Orb
|
|upkeep
|
|t:|1760462010
|switch|p2a: Muk|Muk, F|71/100
|-damage|p2a: Muk|59/100|[from] Stealth Rock
|-damage|p2a: Muk|34/100|[from] Spikes
|turn|10
|
|t:|1760462021
|move|p1a: Pawmot|Double Shock|p2a: Muk
|-damage|p2a: Muk|0 fnt
|-start|p1a: Pawmot|typechange|???/Fighting|[from] move: Double Shock
|faint|p2a: Muk
|-damage|p1a: Pawmot|75/100|[from] item: Life Orb
|
|upkeep
|
|t:|1760462032
|switch|p2a: Slowking|Slowking-Galar, M|100/100
|turn|11
|
|t:|1760462043
|switch|p1a: Gliscor|Gliscor, F|82/100 psn
|-damage|p1a: Gliscor|70/100 psn|[from] Stealth Rock
|move|p2a: Slowking|Eerie Spell|p1a: Gliscor
|-damage|p1a: Gliscor|35/100 psn
|
|-heal|p1a: Gliscor|47/100 psn|[from] ability: Poison Heal
|upkeep
|turn|12
|
|t:|1760462052
|move|p1a: Gliscor|Knock Off|p2a: Slowking
|-supereffective|p2a: Slowking
|-damage|p2a: Slowking|62/100
|-enditem|p2a: Slowking|Heavy-Duty Boots|[from] move: Knock Off|[of] p1a: Gliscor
|move|p2a: Slowking|Eerie Spell|p1a: Gliscor
|-damage|p1a: Gliscor|15/100 psn
|-activate|p1a: Gliscor|move: Eerie Spell|Knock Off|3
|
|-heal|p1a: Gliscor|27/100 psn|[from] ability: Poison Heal
|upkeep
|turn|13
|
|t:|1760462061
|move|p1a: Gliscor|Earthquake|p2a: Slowking
|-supereffective|p2a: Slowking
|-damage|p2a: Slowking|6/100
|move|p2a: Slowking|Eerie Spell|p1a: Gliscor
|-damage|p1a: Gliscor|0 fnt
|faint|p1a: Gliscor
|
|upkeep
|
|t:|1760462073
|switch|p1a: Pawmot|Pawmot, M|75/100
|-damage|p1a: Pawmot|68/100|[from] Stealth Rock
|turn|14
|
|t:|1760462078
|move|p1a: Pawmot|Fake Out|p2a: Slowking
|-damage|p2a: Slowking|0 fnt
|faint|p2a: Slowking
|-damage|p1a: Pawmot|59/100|[from] item: Life Orb
|
|upkeep
|
|t:|1760462081
|switch|p2a: Garganacl|Garganacl, M|100/100
|-damage|p2a: Garganacl|88/100|[from] Stealth Rock
|-damage|p2a: Garganacl|63/100|[from] Spikes
|turn|15
|
|t:|1760462102
|move|p2a: Garganacl|Protect|p2a: Garganacl
|-singleturn|p2a: Garganacl|Protect
|move|p1a: Pawmot|Ice Punch|p2a: Garganacl
|-activate|p2a: Garganacl|move: Protect
|
|-heal|p2a: Garganacl|69/100|[from] item: Leftovers
|upkeep
|turn|16
|
|t:|1760462109
|move|p1a: Pawmot|Ice Punch|p2a: Garganacl
|-damage|p2a: Garganacl|49/100
|-damage|p1a: Pawmot|49/100|[from] item: Life Orb
|move|p2a: Garganacl|Recover|p2a: Garganacl
|-heal|p2a: Garganacl|99/100
|
|-heal|p2a: Garganacl|100/100|[from] item: Leftovers
|upkeep
|turn|17
|
|t:|1760462120
|switch|p1a: Scizor|Scizor, M|100/100
|move|p2a: Garganacl|Curse|p2a: Garganacl
|-unboost|p2a: Garganacl|spe|1
|-boost|p2a: Garganacl|atk|1
|-boost|p2a: Garganacl|def|1
|
|upkeep
|turn|18
|
|t:|1760462128
|move|p1a: Scizor|Bullet Punch|p2a: Garganacl
|-supereffective|p2a: Garganacl
|-damage|p2a: Garganacl|77/100
|move|p2a: Garganacl|Salt Cure|p1a: Scizor
|-damage|p1a: Scizor|80/100
|-start|p1a: Scizor|Salt Cure
|
|-heal|p2a: Garganacl|83/100|[from] item: Leftovers
|-damage|p1a: Scizor|55/100|[from] Salt Cure
|upkeep
|turn|19
|
|t:|1760462139
|move|p1a: Scizor|Bullet Punch|p2a: Garganacl
|-supereffective|p2a: Garganacl
|-damage|p2a: Garganacl|61/100
|move|p2a: Garganacl|Salt Cure|p1a: Scizor
|-damage|p1a: Scizor|32/100
|
|-heal|p2a: Garganacl|67/100|[from] item: Leftovers
|-damage|p1a: Scizor|7/100|[from] Salt Cure
|upkeep
|turn|20
|
|t:|1760462148
|move|p1a: Scizor|Bullet Punch|p2a: Garganacl
|-supereffective|p2a: Garganacl
|-damage|p2a: Garganacl|43/100
|move|p2a: Garganacl|Recover|p2a: Garganacl
|-heal|p2a: Garganacl|93/100
|
|-heal|p2a: Garganacl|99/100|[from] item: Leftovers
|-damage|p1a: Scizor|0 fnt|[from] Salt Cure
|faint|p1a: Scizor
|upkeep
|
|t:|1760462169
|switch|p1a: Iron Moth|Iron Moth|100/100
|-damage|p1a: Iron Moth|76/100|[from] Stealth Rock
|turn|21
|
|t:|1760462181
|move|p1a: Iron Moth|Psychic|p2a: Garganacl
|-damage|p2a: Garganacl|66/100
|move|p2a: Garganacl|Salt Cure|p1a: Iron Moth
|-supereffective|p1a: Iron Moth
|-damage|p1a: Iron Moth|9/100
|-start|p1a: Iron Moth|Salt Cure
|
|-heal|p2a: Garganacl|72/100|[from] item: Leftovers
|-damage|p1a: Iron Moth|0 fnt|[from] Salt Cure
|faint|p1a: Iron Moth
|-end|p1a: Iron Moth|Quark Drive|[silent]
|upkeep
|-message|tymkojo forfeited.
|
|win|Avl2121
|raw|tymkojo's rating: 1206 &rarr; <strong>1182</strong><br />(-24 for losing)
|raw|Avl2121's rating: 1226 &rarr; <strong>1250</strong><br />(+24 for winning)
|l|☆tymkojo
|player|p1|
|l|☆Avl2121
|player|p2|
