|j|☆anglais b
|j|☆Karstodes
|t:|1760430656
|gametype|singles
|player|p1|anglais b|101|1153
|player|p2|Karstodes|drayden|1180
|gen|9
|tier|[Gen 9] OU
|rated|
|rule|HP Percentage Mod: HP is shown in percentages
|rule|Endless Battle Clause: Forcing endless battles is banned
|rule|Species Clause: Limit one of each Pokémon
|rule|OHKO Clause: OHKO moves are banned
|rule|Evasion Items Clause: Evasion items are banned
|rule|Evasion Moves Clause: Evasion moves are banned
|rule|Evasion Abilities Clause: Evasion abilities are banned
|rule|Sleep Moves Clause: Sleep-inducing moves are banned
|clearpoke
|poke|p1|Great Tusk|
|poke|p1|Moltres|
|poke|p1|Slowking-Galar, F|
|poke|p1|Dragapult, M|
|poke|p1|Rillaboom, F|
|poke|p1|Keldeo|
|poke|p2|Zamazenta-*|
|poke|p2|Ninetales-Alola, F|
|poke|p2|Darkrai|
|poke|p2|Ceruledge, M|
|poke|p2|Gliscor, M|
|poke|p2|Hatterene, F|
|teampreview
|inactive|Battle timer is ON: inactive players will automatically lose when time's up. (requested by Karstodes)
|
|t:|1760430675
|teamsize|p1|6
|teamsize|p2|6
|start
|switch|p1a: Slowking|Slowking-Galar, F|100/100
|switch|p2a: Gliscor|Gliscor, M|100/100
|turn|1
|
|t:|1760430682
|move|p2a: Gliscor|Swords Dance|p2a: Gliscor
|-boost|p2a: Gliscor|atk|2
|move|p1a: Slowking|Future Sight|p2a: Gliscor
|-start|p1a: Slowking|move: Future Sight
|
|-status|p2a: Gliscor|tox|[from] item: Toxic Orb
|upkeep
|turn|2
|
|t:|1760430688
|switch|p1a: Moltres|Moltres|100/100
|move|p2a: Gliscor|Agility|p2a: Gliscor
|-boost|p2a: Gliscor|spe|2
|
|upkeep
|turn|3
|
|t:|1760430695
|-terastallize|p2a: Gliscor|Normal
|move|p2a: Gliscor|Facade|p1a: Moltres
|-crit|p1a: Moltres
|-damage|p1a: Moltres|0 fnt
|faint|p1a: Moltres
|
|-end|p2a: Gliscor|move: Future Sight
|-damage|p2a: Gliscor|57/100 tox
|-heal|p2a: Gliscor|69/100 tox|[from] ability: Poison Heal
|upkeep
|
|t:|1760430707
|switch|p1a: Keldeo|Keldeo|100/100
|turn|4
|
|t:|1760430712
|move|p1a: Keldeo|Vacuum Wave|p2a: Gliscor
|-supereffective|p2a: Gliscor
|-damage|p2a: Gliscor|25/100 tox
|move|p2a: Gliscor|Facade|p1a: Keldeo
|-damage|p1a: Keldeo|0 fnt
|faint|p1a: Keldeo
|
|-heal|p2a: Gliscor|37/100 tox|[from] ability: Poison Heal
|upkeep
|
|t:|1760430716
|switch|p1a: Rillaboom|Rillaboom, F|100/100
|-fieldstart|move: Grassy Terrain|[from] ability: Grassy Surge|[of] p1a: Rillaboom
|turn|5
|
|t:|1760430719
|move|p1a: Rillaboom|Grassy Glide|p2a: Gliscor
|-damage|p2a: Gliscor|0 fnt
|faint|p2a: Gliscor
|
|upkeep
|
|t:|1760430723
|switch|p2a: Ninetales|Ninetales-Alola, F, shiny|100/100
|-weather|Snowscape|[from] ability: Snow Warning|[of] p2a: Ninetales
|turn|6
|
|t:|1760430727
|switch|p1a: Slowking|Slowking-Galar, F|100/100
|move|p2a: Ninetales|Aurora Veil|p2a: Ninetales
|-sidestart|p2: Karstodes|move: Aurora Veil
|
|-weather|Snowscape|[upkeep]
|upkeep
|turn|7
|
|t:|1760430736
|switch|p2a: Hatterene|Hatterene, F, shiny|100/100
|move|p1a: Slowking|Sludge Bomb|p2a: Hatterene
|-supereffective|p2a: Hatterene
|-damage|p2a: Hatterene|64/100
|
|-weather|Snowscape|[upkeep]
|-heal|p2a: Hatterene|70/100|[from] Grassy Terrain
|-heal|p2a: Hatterene|76/100|[from] item: Leftovers
|upkeep
|turn|8
|
|t:|1760430745
|move|p2a: Hatterene|Mystical Fire|p1a: Slowking
|-damage|p1a: Slowking|87/100
|-unboost|p1a: Slowking|spa|1
|move|p1a: Slowking|Sludge Bomb|p2a: Hatterene
|-supereffective|p2a: Hatterene
|-damage|p2a: Hatterene|52/100
|
|-weather|Snowscape|[upkeep]
|-heal|p2a: Hatterene|58/100|[from] Grassy Terrain
|-heal|p2a: Hatterene|64/100|[from] item: Leftovers
|-heal|p1a: Slowking|93/100|[from] Grassy Terrain
|upkeep
|turn|9
|
|t:|1760430748
|move|p2a: Hatterene|Mystical Fire|p1a: Slowking
|-damage|p1a: Slowking|80/100
|-unboost|p1a: Slowking|spa|1
|move|p1a: Slowking|Sludge Bomb|p2a: Hatterene
|-supereffective|p2a: Hatterene
|-damage|p2a: Hatterene|47/100
|
|-weather|Snowscape|[upkeep]
|-heal|p2a: Hatterene|53/100|[from] Grassy Terrain
|-heal|p2a: Hatterene|59/100|[from] item: Leftovers
|-heal|p1a: Slowking|87/100|[from] Grassy Terrain
|-fieldend|move: Grassy Terrain
|upkeep
|turn|10
|
|t:|1760430752
|switch|p2a: Darkrai|Darkrai, shiny|100/100
|move|p1a: Slowking|Sludge Bomb|p2a: Darkrai
|-damage|p2a: Darkrai|89/100
|-status|p2a: Darkrai|psn
|
|-weather|none
|-heal|p2a: Darkrai|95/100 psn|[from] item: Leftovers
|-damage|p2a: Darkrai|83/100 psn|[from] psn
|upkeep
|turn|11
|
|t:|1760430758
|move|p2a: Darkrai|Nasty Plot|p2a: Darkrai
|-boost|p2a: Darkrai|spa|2
|-prepare|p1a: Slowking|Chilly Reception|[premajor]
|move|p1a: Slowking|Chilly Reception|p1a: Slowking
|-weather|Snowscape
|
|t:|1760430767
|switch|p1a: Dragapult|Dragapult, M|100/100|[from] Chilly Reception
|
|-weather|Snowscape|[upkeep]
|-heal|p2a: Darkrai|89/100 psn|[from] item: Leftovers
|-damage|p2a: Darkrai|76/100 psn|[from] psn
|upkeep
|turn|12
|
|t:|1760430773
|move|p1a: Dragapult|U-turn|p2a: Darkrai
|-supereffective|p2a: Darkrai
|-damage|p2a: Darkrai|20/100 psn
|
|t:|1760430782
|switch|p1a: Great Tusk|Great Tusk|100/100|[from] U-turn
|move|p2a: Darkrai|Dark Pulse|p1a: Great Tusk
|-resisted|p1a: Great Tusk
|-damage|p1a: Great Tusk|45/100
|
|-weather|Snowscape|[upkeep]
|-heal|p2a: Darkrai|26/100 psn|[from] item: Leftovers
|-damage|p2a: Darkrai|14/100 psn|[from] psn
|upkeep
|turn|13
|
|t:|1760430789
|move|p2a: Darkrai|Psyshock|p1a: Great Tusk
|-supereffective|p1a: Great Tusk
|-damage|p1a: Great Tusk|0 fnt
|faint|p1a: Great Tusk
|-end|p1a: Great Tusk|Protosynthesis|[silent]
|
|-weather|Snowscape|[upkeep]
|-heal|p2a: Darkrai|20/100 psn|[from] item: Leftovers
|-damage|p2a: Darkrai|7/100 psn|[from] psn
|-sideend|p2: Karstodes|move: Aurora Veil
|upkeep
|
|t:|1760430798
|switch|p1a: Dragapult|Dragapult, M|100/100
|turn|14
|
|t:|1760430803
|move|p1a: Dragapult|Hex|p2a: Darkrai
|-resisted|p2a: Darkrai
|-damage|p2a: Darkrai|0 fnt
|faint|p2a: Darkrai
|
|-weather|Snowscape|[upkeep]
|upkeep
|
|t:|1760430811
|switch|p2a: Ninetales|Ninetales-Alola, F, shiny|100/100
|turn|15
|
|t:|1760430818
|move|p1a: Dragapult|U-turn|p2a: Ninetales
|-resisted|p2a: Ninetales
|-damage|p2a: Ninetales|93/100
|
|t:|1760430820
|switch|p1a: Slowking|Slowking-Galar, F|100/100|[from] U-turn
|move|p2a: Ninetales|Aurora Veil|p2a: Ninetales
|-sidestart|p2: Karstodes|move: Aurora Veil
|
|-weather|none
|upkeep
|turn|16
|
|t:|1760430827
|move|p1a: Slowking|Sludge Bomb|p2a: Ninetales
|-supereffective|p2a: Ninetales
|-damage|p2a: Ninetales|59/100
|-status|p2a: Ninetales|psn
|move|p2a: Ninetales|Roar|p1a: Slowking
|drag|p1a: Dragapult|Dragapult, M|100/100
|
|-damage|p2a: Ninetales|47/100 psn|[from] psn
|upkeep
|turn|17
|
|t:|1760430839
|switch|p2a: Ceruledge|Ceruledge, M|100/100
|move|p1a: Dragapult|U-turn|p2a: Ceruledge
|-resisted|p2a: Ceruledge
|-damage|p2a: Ceruledge|95/100
|inactive|anglais b has 120 seconds left.
|inactive|anglais b has 90 seconds left.
|inactive|anglais b has 60 seconds left.
|
|t:|1760430942
|switch|p1a: Slowking|Slowking-Galar, F|100/100|[from] U-turn
|
|upkeep
|turn|18
|inactive|Karstodes has 120 seconds left.
|inactive|Karstodes has 90 seconds left.
|inactive|Karstodes has 60 seconds left.
|
|t:|1760431055
|-terastallize|p1a: Slowking|Water
|move|p2a: Ceruledge|Bulk Up|p2a: Ceruledge
|-boost|p2a: Ceruledge|atk|1
|-boost|p2a: Ceruledge|def|1
|move|p1a: Slowking|Thunder Wave|p2a: Ceruledge
|-status|p2a: Ceruledge|par
|
|upkeep
|turn|19
|
|t:|1760431062
|move|p2a: Ceruledge|Taunt|p1a: Slowking
|-start|p1a: Slowking|move: Taunt
|move|p1a: Slowking|Future Sight|p2a: Ceruledge
|-start|p1a: Slowking|move: Future Sight
|
|upkeep
|turn|20
|
|t:|1760431065
|move|p2a: Ceruledge|Bulk Up|p2a: Ceruledge
|-boost|p2a: Ceruledge|atk|1
|-boost|p2a: Ceruledge|def|1
|move|p1a: Slowking|Sludge Bomb|p2a: Ceruledge
|-resisted|p2a: Ceruledge
|-damage|p2a: Ceruledge|89/100 par
|
|upkeep
|turn|21
|inactive|Karstodes has 60 seconds left.
|
|t:|1760431072
|move|p2a: Ceruledge|Shadow Sneak|p1a: Slowking
|-damage|p1a: Slowking|67/100
|move|p1a: Slowking|Sludge Bomb|p2a: Ceruledge
|-resisted|p2a: Ceruledge
|-damage|p2a: Ceruledge|83/100 par
|
|-end|p2a: Ceruledge|move: Future Sight
|-damage|p2a: Ceruledge|66/100 par
|-end|p1a: Slowking|move: Taunt
|upkeep
|turn|22
|inactive|anglais b has 90 seconds left.
|
|t:|1760431078
|cant|p2a: Ceruledge|par
|move|p1a: Slowking|Future Sight|p2a: Ceruledge
|-start|p1a: Slowking|move: Future Sight
|
|-sideend|p2: Karstodes|move: Aurora Veil
|upkeep
|turn|23
|
|t:|1760431082
|move|p2a: Ceruledge|Shadow Sneak|p1a: Slowking
|-damage|p1a: Slowking|32/100
|-prepare|p1a: Slowking|Chilly Reception|[premajor]
|move|p1a: Slowking|Chilly Reception|p1a: Slowking
|-weather|Snowscape
|
|t:|1760431085
|switch|p1a: Dragapult|Dragapult, M|100/100|[from] Chilly Reception
|
|-weather|Snowscape|[upkeep]
|upkeep
|turn|24
|
|t:|1760431088
|switch|p1a: Rillaboom|Rillaboom, F|100/100
|-fieldstart|move: Grassy Terrain|[from] ability: Grassy Surge|[of] p1a: Rillaboom
|move|p2a: Ceruledge|Shadow Sneak|p1a: Rillaboom
|-damage|p1a: Rillaboom|67/100
|
|-weather|Snowscape|[upkeep]
|-end|p2a: Ceruledge|move: Future Sight
|-damage|p2a: Ceruledge|32/100 par
|-heal|p1a: Rillaboom|73/100|[from] Grassy Terrain
|-heal|p2a: Ceruledge|38/100 par|[from] Grassy Terrain
|upkeep
|turn|25
|inactive|anglais b has 120 seconds left.
|
|t:|1760431094
|move|p1a: Rillaboom|Knock Off|p2a: Ceruledge
|-supereffective|p2a: Ceruledge
|-damage|p2a: Ceruledge|0 fnt
|-enditem|p2a: Ceruledge|Covert Cloak|[from] move: Knock Off|[of] p1a: Rillaboom
|faint|p2a: Ceruledge
|
|-weather|Snowscape|[upkeep]
|-heal|p1a: Rillaboom|79/100|[from] Grassy Terrain
|upkeep
|
|t:|1760431106
|switch|p2a: Ninetales|Ninetales-Alola, F, shiny|47/100 psn
|turn|26
|inactive|anglais b has 120 seconds left.
|
|t:|1760431140
|switch|p1a: Slowking|Slowking-Galar, F, tera:Water|65/100
|move|p2a: Ninetales|Aurora Veil|p2a: Ninetales
|-sidestart|p2: Karstodes|move: Aurora Veil
|
|-weather|Snowscape|[upkeep]
|-heal|p2a: Ninetales|53/100 psn|[from] Grassy Terrain
|-heal|p1a: Slowking|71/100|[from] Grassy Terrain
|-damage|p2a: Ninetales|41/100 psn|[from] psn
|upkeep
|turn|27
|
|t:|1760431145
|move|p2a: Ninetales|Freeze-Dry|p1a: Slowking
|-supereffective|p1a: Slowking
|-damage|p1a: Slowking|48/100
|-prepare|p1a: Slowking|Chilly Reception|[premajor]
|move|p1a: Slowking|Chilly Reception|p1a: Slowking
|
|t:|1760431149
|switch|p1a: Rillaboom|Rillaboom, F|79/100|[from] Chilly Reception
|
|-weather|none
|-heal|p2a: Ninetales|47/100 psn|[from] Grassy Terrain
|-heal|p1a: Rillaboom|86/100|[from] Grassy Terrain
|-damage|p2a: Ninetales|34/100 psn|[from] psn
|upkeep
|turn|28
|inactive|anglais b has 120 seconds left.
|
|t:|1760431155
|move|p1a: Rillaboom|Grassy Glide|p2a: Ninetales
|-damage|p2a: Ninetales|0 fnt
|faint|p2a: Ninetales
|
|-heal|p1a: Rillaboom|92/100|[from] Grassy Terrain
|-fieldend|move: Grassy Terrain
|upkeep
|
|t:|1760431159
|switch|p2a: Zamazenta|Zamazenta, shiny|100/100
|-ability|p2a: Zamazenta|Dauntless Shield|boost
|-boost|p2a: Zamazenta|def|1
|turn|29
|
|t:|1760431164
|switch|p1a: Slowking|Slowking-Galar, F, tera:Water|82/100
|move|p2a: Zamazenta|Iron Defense|p2a: Zamazenta
|-boost|p2a: Zamazenta|def|2
|
|upkeep
|turn|30
|
|t:|1760431170
|move|p2a: Zamazenta|Body Press|p1a: Slowking
|-damage|p1a: Slowking|0 fnt
|faint|p1a: Slowking
|
|upkeep
|
|t:|1760431173
|switch|p1a: Dragapult|Dragapult, M|100/100
|turn|31
|
|t:|1760431176
|move|p1a: Dragapult|Will-O-Wisp|p2a: Zamazenta
|-status|p2a: Zamazenta|brn
|move|p2a: Zamazenta|Crunch|p1a: Dragapult
|-supereffective|p1a: Dragapult
|-damage|p1a: Dragapult|69/100
|
|-damage|p2a: Zamazenta|94/100 brn|[from] brn
|upkeep
|turn|32
|
|t:|1760431182
|move|p1a: Dragapult|Hex|p2a: Zamazenta
|-damage|p2a: Zamazenta|40/100 brn
|move|p2a: Zamazenta|Crunch|p1a: Dragapult
|-supereffective|p1a: Dragapult
|-damage|p1a: Dragapult|37/100
|
|-damage|p2a: Zamazenta|34/100 brn|[from] brn
|upkeep
|turn|33
|
|t:|1760431186
|move|p1a: Dragapult|Hex|p2a: Zamazenta
|-damage|p2a: Zamazenta|0 fnt
|faint|p2a: Zamazenta
|
|-sideend|p2: Karstodes|move: Aurora Veil
|upkeep
|
|t:|1760431188
|switch|p2a: Hatterene|Hatterene, F, shiny|59/100
|turn|34
|
|t:|1760431192
|move|p1a: Dragapult|Hex|p2a: Hatterene
|-supereffective|p2a: Hatterene
|-damage|p2a: Hatterene|2/100
|move|p2a: Hatterene|Draining Kiss|p1a: Dragapult
|-supereffective|p1a: Dragapult
|-damage|p1a: Dragapult|0 fnt
|-heal|p2a: Hatterene|29/100|[from] drain|[of] p1a: Dragapult
|faint|p1a: Dragapult
|
|-heal|p2a: Hatterene|35/100|[from] item: Leftovers
|upkeep
|
|t:|1760431195
|switch|p1a: Rillaboom|Rillaboom, F|92/100
|-fieldstart|move: Grassy Terrain|[from] ability: Grassy Surge|[of] p1a: Rillaboom
|turn|35
|
|t:|1760431199
|move|p1a: Rillaboom|Wood Hammer|p2a: Hatterene
|-damage|p2a: Hatterene|0 fnt
|faint|p2a: Hatterene
|-damage|p1a: Rillaboom|81/100|[from] Recoil
|
|win|anglais b
|raw|anglais b's rating: 1153 &rarr; <strong>1180</strong><br />(+27 for winning)
|raw|Karstodes's rating: 1180 &rarr; <strong>1153</strong><br />(-27 for losing)
|l|☆Karstodes
|player|p2|
|l|☆anglais b
|player|p1|
