|j|☆ryan cowtinho
|j|‽firepowah
|t:|1760329666
|gametype|singles
|player|p1|ryan cowtinho|102|1639
|player|p2|firepowah|266|1604
|gen|9
|tier|[Gen 9] OU
|rated|
|rule|HP Percentage Mod: HP is shown in percentages
|rule|Endless Battle Clause: Forcing endless battles is banned
|rule|Species Clause: Limit one of each Pokémon
|rule|OHKO Clause: OHKO moves are banned
|rule|Evasion Items Clause: Evasion items are banned
|rule|Evasion Moves Clause: Evasion moves are banned
|rule|Evasion Abilities Clause: Evasion abilities are banned
|rule|Sleep Moves Clause: Sleep-inducing moves are banned
|clearpoke
|poke|p1|Landorus-Therian, M|
|poke|p1|Iron Valiant|
|poke|p1|Samurott-Hisui, F|
|poke|p1|Pecharunt|
|poke|p1|Iron Crown|
|poke|p1|Hydrapple, M|
|poke|p2|Ninetales, M|
|poke|p2|Walking Wake|
|poke|p2|Lilligant-Hisui, F|
|poke|p2|Great Tusk|
|poke|p2|Kingambit, M|
|poke|p2|Dragonite, M|
|teampreview
|
|t:|1760329680
|teamsize|p1|6
|teamsize|p2|6
|start
|switch|p1a: Iron Crown|Iron Crown|100/100
|switch|p2a: Ninetales|Ninetales, M, shiny|100/100
|-weather|SunnyDay|[from] ability: Drought|[of] p2a: Ninetales
|turn|1
|
|t:|1760329684
|-end|p1a: Iron Crown|Quark Drive|[silent]
|switch|p1a: Samurott|Samurott-Hisui, F|100/100
|move|p2a: Ninetales|Overheat|p1a: Samurott
|-resisted|p1a: Samurott
|-damage|p1a: Samurott|74/100
|-unboost|p2a: Ninetales|spa|2
|
|-weather|SunnyDay|[upkeep]
|upkeep
|turn|2
|
|t:|1760329691
|switch|p2a: Lilligant|Lilligant-Hisui, F, shiny|100/100
|move|p1a: Samurott|Ceaseless Edge|p2a: Lilligant
|-resisted|p2a: Lilligant
|-damage|p2a: Lilligant|66/100
|-sidestart|p2: firepowah|Spikes
|
|-weather|SunnyDay|[upkeep]
|upkeep
|turn|3
|
|t:|1760329694
|switch|p1a: Pecharunt|Pecharunt|100/100
|move|p2a: Lilligant|Victory Dance|p2a: Lilligant
|-boost|p2a: Lilligant|atk|1
|-boost|p2a: Lilligant|def|1
|-boost|p2a: Lilligant|spe|1
|
|-weather|SunnyDay|[upkeep]
|upkeep
|turn|4
|
|t:|1760329698
|-terastallize|p2a: Lilligant|Ice
|move|p2a: Lilligant|Triple Axel|p1a: Pecharunt
|-damage|p1a: Pecharunt|89/100
|-damage|p1a: Pecharunt|65/100
|-damage|p1a: Pecharunt|34/100
|-hitcount|p1a: Pecharunt|3
|-damage|p2a: Lilligant|56/100|[from] item: Life Orb
|move|p1a: Pecharunt|Malignant Chain|p2a: Lilligant
|-damage|p2a: Lilligant|8/100
|
|-weather|SunnyDay|[upkeep]
|upkeep
|turn|5
|
|t:|1760329703
|switch|p1a: Landorus|Landorus-Therian, M|100/100
|-ability|p1a: Landorus|Intimidate|boost
|-unboost|p2a: Lilligant|atk|1
|move|p2a: Lilligant|Solar Blade||[still]
|-prepare|p2a: Lilligant|Solar Blade
|-anim|p2a: Lilligant|Solar Blade|p1a: Landorus
|-damage|p1a: Landorus|28/100
|-damage|p2a: Lilligant|0 fnt|[from] item: Rocky Helmet|[of] p1a: Landorus
|faint|p2a: Lilligant
|
|-weather|SunnyDay|[upkeep]
|upkeep
|
|t:|1760329707
|switch|p2a: Great Tusk|Great Tusk|100/100
|-damage|p2a: Great Tusk|88/100|[from] Spikes
|-activate|p2a: Great Tusk|ability: Protosynthesis
|-start|p2a: Great Tusk|protosynthesisatk
|turn|6
|j| ZeroIQ McGoo
|
|t:|1760329711
|switch|p1a: Pecharunt|Pecharunt|34/100
|move|p2a: Great Tusk|Rapid Spin|p1a: Pecharunt
|-immune|p1a: Pecharunt
|
|-weather|SunnyDay|[upkeep]
|upkeep
|turn|7
|
|t:|1760329716
|move|p1a: Pecharunt|Parting Shot|p2a: Great Tusk
|-unboost|p2a: Great Tusk|atk|1
|-unboost|p2a: Great Tusk|spa|1
|
|t:|1760329719
|switch|p1a: Landorus|Landorus-Therian, M|28/100|[from] Parting Shot
|-ability|p1a: Landorus|Intimidate|boost
|-unboost|p2a: Great Tusk|atk|1
|move|p2a: Great Tusk|Headlong Rush|p1a: Landorus
|-immune|p1a: Landorus
|
|-weather|SunnyDay|[upkeep]
|upkeep
|turn|8
|
|t:|1760329724
|switch|p1a: Pecharunt|Pecharunt|34/100
|move|p2a: Great Tusk|Rapid Spin|p1a: Pecharunt
|-immune|p1a: Pecharunt
|
|-weather|none
|-end|p2a: Great Tusk|Protosynthesis
|upkeep
|turn|9
|
|t:|1760329726
|move|p1a: Pecharunt|Shadow Ball|p2a: Great Tusk
|-damage|p2a: Great Tusk|48/100
|-unboost|p2a: Great Tusk|spd|1
|move|p2a: Great Tusk|Stealth Rock|p1a: Pecharunt
|-sidestart|p1: ryan cowtinho|move: Stealth Rock
|
|upkeep
|turn|10
|
|t:|1760329730
|-end|p2a: Great Tusk|Protosynthesis|[silent]
|switch|p2a: Kingambit|Kingambit, M, shiny|100/100
|-damage|p2a: Kingambit|88/100|[from] Spikes
|-activate|p2a: Kingambit|ability: Supreme Overlord
|-start|p2a: Kingambit|fallen1|[silent]
|move|p1a: Pecharunt|Recover|p1a: Pecharunt
|-heal|p1a: Pecharunt|84/100
|
|-heal|p2a: Kingambit|94/100|[from] item: Leftovers
|upkeep
|turn|11
|
|t:|1760329732
|move|p1a: Pecharunt|Parting Shot|p2a: Kingambit
|-unboost|p2a: Kingambit|atk|1
|-unboost|p2a: Kingambit|spa|1
|
|t:|1760329734
|switch|p1a: Landorus|Landorus-Therian, M|28/100|[from] Parting Shot
|-damage|p1a: Landorus|16/100|[from] Stealth Rock
|-ability|p1a: Landorus|Intimidate|boost
|-unboost|p2a: Kingambit|atk|1
|move|p2a: Kingambit|Swords Dance|p2a: Kingambit
|-boost|p2a: Kingambit|atk|2
|
|-heal|p2a: Kingambit|100/100|[from] item: Leftovers
|upkeep
|turn|12
|
|t:|1760329738
|move|p2a: Kingambit|Sucker Punch||[still]
|-fail|p2a: Kingambit
|move|p1a: Landorus|Stealth Rock|p2a: Kingambit
|-sidestart|p2: firepowah|move: Stealth Rock
|
|upkeep
|turn|13
|
|t:|1760329740
|move|p2a: Kingambit|Sucker Punch|p1a: Landorus
|-damage|p1a: Landorus|0 fnt
|-damage|p2a: Kingambit|84/100|[from] item: Rocky Helmet|[of] p1a: Landorus
|faint|p1a: Landorus
|
|-heal|p2a: Kingambit|90/100|[from] item: Leftovers
|upkeep
|
|t:|1760329743
|switch|p1a: Iron Valiant|Iron Valiant|100/100
|-damage|p1a: Iron Valiant|94/100|[from] Stealth Rock
|-enditem|p1a: Iron Valiant|Booster Energy
|-activate|p1a: Iron Valiant|ability: Quark Drive|[fromitem]
|-start|p1a: Iron Valiant|quarkdrivespe
|turn|14
|
|t:|1760329749
|move|p1a: Iron Valiant|Close Combat|p2a: Kingambit
|-supereffective|p2a: Kingambit
|-damage|p2a: Kingambit|0 fnt
|-unboost|p1a: Iron Valiant|def|1
|-unboost|p1a: Iron Valiant|spd|1
|faint|p2a: Kingambit
|-end|p2a: Kingambit|fallen1|[silent]
|
|upkeep
|
|t:|1760329758
|switch|p2a: Dragonite|Dragonite, M, shiny|100/100
|turn|15
|
|t:|1760329761
|-terastallize|p1a: Iron Valiant|Ghost
|move|p2a: Dragonite|Extreme Speed|p1a: Iron Valiant
|-immune|p1a: Iron Valiant
|move|p1a: Iron Valiant|Moonblast|p2a: Dragonite
|-supereffective|p2a: Dragonite
|-damage|p2a: Dragonite|55/100
|-unboost|p2a: Dragonite|spa|1
|
|upkeep
|turn|16
|
|t:|1760329764
|move|p1a: Iron Valiant|Moonblast|p2a: Dragonite
|-supereffective|p2a: Dragonite
|-damage|p2a: Dragonite|0 fnt
|faint|p2a: Dragonite
|
|upkeep
|-message|firepowah forfeited.
|
|win|ryan cowtinho
|raw|ryan cowtinho's rating: 1639 &rarr; <strong>1657</strong><br />(+18 for winning)
|raw|firepowah's rating: 1604 &rarr; <strong>1586</strong><br />(-18 for losing)
|l|‽firepowah
|player|p2|
|l|☆ryan cowtinho
|player|p1|
