|j|☆ch1ck3n nu99ets
|j|☆Glinteighty
|t:|1760330538
|gametype|singles
|player|p1|ch1ck3n nu99ets|170|1628
|player|p2|Glinteighty|lady|1698
|gen|9
|tier|[Gen 9] OU
|rated|
|rule|HP Percentage Mod: HP is shown in percentages
|rule|Endless Battle Clause: Forcing endless battles is banned
|rule|Species Clause: Limit one of each Pokémon
|rule|OHKO Clause: OHKO moves are banned
|rule|Evasion Items Clause: Evasion items are banned
|rule|Evasion Moves Clause: Evasion moves are banned
|rule|Evasion Abilities Clause: Evasion abilities are banned
|rule|Sleep Moves Clause: Sleep-inducing moves are banned
|clearpoke
|poke|p1|Keldeo-Resolute|
|poke|p1|Sinistcha|
|poke|p1|Tornadus-Therian, M|
|poke|p1|Hatterene, F|
|poke|p1|Clodsire, F|
|poke|p1|Mandibuzz, F|
|poke|p2|Alomomola, F|
|poke|p2|Slowking-Galar, F|
|poke|p2|Great Tusk|
|poke|p2|Kyurem|
|poke|p2|Ogerpon-Wellspring, F|
|poke|p2|Gholdengo|
|teampreview
|inactive|Battle timer is ON: inactive players will automatically lose when time's up. (requested by ch1ck3n nu99ets)
|
|t:|1760330552
|teamsize|p1|6
|teamsize|p2|6
|start
|switch|p1a: Tornadus|Tornadus-Therian, M|100/100
|switch|p2a: Slowking|Slowking-Galar, F|100/100
|turn|1
|
|t:|1760330560
|move|p1a: Tornadus|Knock Off|p2a: Slowking
|-supereffective|p2a: Slowking
|-damage|p2a: Slowking|57/100
|-enditem|p2a: Slowking|Heavy-Duty Boots|[from] move: Knock Off|[of] p1a: Tornadus
|move|p2a: Slowking|Sludge Bomb|p1a: Tornadus
|-damage|p1a: Tornadus|79/100
|-status|p1a: Tornadus|psn
|
|-damage|p1a: Tornadus|66/100 psn|[from] psn
|upkeep
|turn|2
|
|t:|1760330568
|move|p1a: Tornadus|U-turn|p2a: Slowking
|-damage|p2a: Slowking|42/100
|
|t:|1760330572
|switch|p1a: Clodsire|Clodsire, F|100/100|[from] U-turn
|-prepare|p2a: Slowking|Chilly Reception|[premajor]
|move|p2a: Slowking|Chilly Reception|p2a: Slowking
|-weather|Snowscape
|
|t:|1760330582
|switch|p2a: Great Tusk|Great Tusk|100/100|[from] Chilly Reception
|
|-weather|Snowscape|[upkeep]
|upkeep
|turn|3
|
|t:|1760330586
|switch|p1a: Tornadus|Tornadus-Therian, M|99/100 psn
|move|p2a: Great Tusk|Stealth Rock|p1a: Tornadus
|-sidestart|p1: ch1ck3n nu99ets|move: Stealth Rock
|
|-weather|Snowscape|[upkeep]
|-damage|p1a: Tornadus|87/100 psn|[from] psn
|upkeep
|turn|4
|
|t:|1760330592
|-end|p2a: Great Tusk|Protosynthesis|[silent]
|switch|p2a: Slowking|Slowking-Galar, F|76/100
|move|p1a: Tornadus|U-turn|p2a: Slowking
|-damage|p2a: Slowking|60/100
|
|t:|1760330602
|switch|p1a: Sinistcha|Sinistcha|100/100|[from] U-turn
|
|-weather|Snowscape|[upkeep]
|upkeep
|turn|5
|
|t:|1760330614
|move|p1a: Sinistcha|Calm Mind|p1a: Sinistcha
|-boost|p1a: Sinistcha|spa|1
|-boost|p1a: Sinistcha|spd|1
|-prepare|p2a: Slowking|Chilly Reception|[premajor]
|move|p2a: Slowking|Chilly Reception|p2a: Slowking
|
|t:|1760330624
|switch|p2a: Kyurem|Kyurem|100/100|[from] Chilly Reception
|-ability|p2a: Kyurem|Pressure
|
|-weather|Snowscape|[upkeep]
|upkeep
|turn|6
|
|t:|1760330629
|-terastallize|p1a: Sinistcha|Steel
|move|p2a: Kyurem|Freeze-Dry|p1a: Sinistcha
|-resisted|p1a: Sinistcha
|-damage|p1a: Sinistcha|84/100
|-status|p1a: Sinistcha|frz
|cant|p1a: Sinistcha|frz
|
|-weather|none
|upkeep
|turn|7
|
|t:|1760330637
|move|p2a: Kyurem|Substitute|p2a: Kyurem
|-start|p2a: Kyurem|Substitute
|-damage|p2a: Kyurem|76/100
|cant|p1a: Sinistcha|frz
|
|-heal|p2a: Kyurem|82/100|[from] item: Leftovers
|upkeep
|turn|8
|
|t:|1760330640
|move|p2a: Kyurem|Earth Power|p1a: Sinistcha
|-supereffective|p1a: Sinistcha
|-damage|p1a: Sinistcha|33/100 frz
|-curestatus|p1a: Sinistcha|frz|[msg]
|move|p1a: Sinistcha|Shadow Ball|p2a: Kyurem
|-end|p2a: Kyurem|Substitute
|
|-heal|p2a: Kyurem|88/100|[from] item: Leftovers
|upkeep
|turn|9
|
|t:|1760330648
|switch|p1a: Tornadus|Tornadus-Therian, M|100/100 psn
|-damage|p1a: Tornadus|76/100 psn|[from] Stealth Rock
|move|p2a: Kyurem|Earth Power|p1a: Tornadus
|-immune|p1a: Tornadus
|
|-heal|p2a: Kyurem|94/100|[from] item: Leftovers
|-damage|p1a: Tornadus|63/100 psn|[from] psn
|upkeep
|turn|10
|
|t:|1760330655
|move|p2a: Kyurem|Protect|p2a: Kyurem
|-singleturn|p2a: Kyurem|Protect
|move|p1a: Tornadus|Knock Off|p2a: Kyurem
|-activate|p2a: Kyurem|move: Protect
|
|-heal|p2a: Kyurem|99/100|[from] item: Leftovers
|-damage|p1a: Tornadus|51/100 psn|[from] psn
|upkeep
|turn|11
|
|t:|1760330665
|switch|p2a: Slowking|Slowking-Galar, F|93/100
|move|p1a: Tornadus|Knock Off|p2a: Slowking
|-supereffective|p2a: Slowking
|-damage|p2a: Slowking|62/100
|
|-damage|p1a: Tornadus|38/100 psn|[from] psn
|upkeep
|turn|12
|
|t:|1760330670
|move|p1a: Tornadus|U-turn|p2a: Slowking
|-damage|p2a: Slowking|48/100
|
|t:|1760330672
|switch|p1a: Sinistcha|Sinistcha, tera:Steel|33/100|[from] U-turn
|-prepare|p2a: Slowking|Chilly Reception|[premajor]
|move|p2a: Slowking|Chilly Reception|p2a: Slowking
|-weather|Snowscape
|
|t:|1760330677
|switch|p2a: Great Tusk|Great Tusk|100/100|[from] Chilly Reception
|
|-weather|Snowscape|[upkeep]
|upkeep
|turn|13
|
|t:|1760330683
|switch|p1a: Mandibuzz|Mandibuzz, F|100/100
|move|p2a: Great Tusk|Headlong Rush|p1a: Mandibuzz
|-immune|p1a: Mandibuzz
|
|-weather|Snowscape|[upkeep]
|upkeep
|turn|14
|
|t:|1760330688
|move|p2a: Great Tusk|Knock Off|p1a: Mandibuzz
|-resisted|p1a: Mandibuzz
|-damage|p1a: Mandibuzz|91/100
|-enditem|p1a: Mandibuzz|Heavy-Duty Boots|[from] move: Knock Off|[of] p2a: Great Tusk
|move|p1a: Mandibuzz|Defog|p2a: Great Tusk
|-unboost|p2a: Great Tusk|evasion|1
|-sideend|p1: ch1ck3n nu99ets|Stealth Rock|[from] move: Defog|[of] p1a: Mandibuzz
|
|-weather|Snowscape|[upkeep]
|upkeep
|turn|15
|
|t:|1760330695
|-end|p2a: Great Tusk|Protosynthesis|[silent]
|switch|p2a: Slowking|Slowking-Galar, F|82/100
|switch|p1a: Hatterene|Hatterene, F|100/100
|
|-weather|Snowscape|[upkeep]
|upkeep
|turn|16
|
|t:|1760330700
|move|p1a: Hatterene|Nuzzle|p2a: Slowking
|-damage|p2a: Slowking|78/100
|-status|p2a: Slowking|par
|move|p2a: Slowking|Sludge Bomb|p1a: Hatterene
|-supereffective|p1a: Hatterene
|-damage|p1a: Hatterene|26/100
|
|-weather|none
|upkeep
|turn|17
|
|t:|1760330704
|move|p1a: Hatterene|Pain Split|p2a: Slowking
|-sethp|p2a: Slowking|49/100 par|[from] move: Pain Split|[silent]
|-sethp|p1a: Hatterene|61/100|[from] move: Pain Split
|-prepare|p2a: Slowking|Chilly Reception|[premajor]
|move|p2a: Slowking|Chilly Reception|p2a: Slowking
|-weather|Snowscape
|
|t:|1760330709
|switch|p2a: Gholdengo|Gholdengo|100/100|[from] Chilly Reception
|
|-weather|Snowscape|[upkeep]
|upkeep
|turn|18
|
|t:|1760330714
|switch|p1a: Clodsire|Clodsire, F|100/100
|move|p2a: Gholdengo|Make It Rain|p1a: Clodsire
|-damage|p1a: Clodsire|69/100
|-unboost|p2a: Gholdengo|spa|1
|
|-weather|Snowscape|[upkeep]
|upkeep
|turn|19
|
|t:|1760330721
|switch|p2a: Alomomola|Alomomola, F|100/100
|move|p1a: Clodsire|Stealth Rock|p2a: Alomomola
|-sidestart|p2: Glinteighty|move: Stealth Rock
|
|-weather|Snowscape|[upkeep]
|upkeep
|turn|20
|
|t:|1760330724
|switch|p1a: Sinistcha|Sinistcha, tera:Steel|33/100
|move|p2a: Alomomola|Flip Turn|p1a: Sinistcha
|-crit|p1a: Sinistcha
|-damage|p1a: Sinistcha|15/100
|
|t:|1760330728
|switch|p2a: Great Tusk|Great Tusk|100/100|[from] Flip Turn
|
|-weather|Snowscape|[upkeep]
|upkeep
|turn|21
|
|t:|1760330733
|switch|p1a: Hatterene|Hatterene, F|61/100
|move|p2a: Great Tusk|Knock Off|p1a: Hatterene
|-damage|p1a: Hatterene|32/100
|-damage|p2a: Great Tusk|84/100|[from] item: Rocky Helmet|[of] p1a: Hatterene
|-enditem|p1a: Hatterene|Rocky Helmet|[from] move: Knock Off|[of] p2a: Great Tusk
|
|-weather|none
|upkeep
|turn|22
|
|t:|1760330738
|move|p2a: Great Tusk|Headlong Rush|p1a: Hatterene
|-damage|p1a: Hatterene|0 fnt
|-unboost|p2a: Great Tusk|def|1
|-unboost|p2a: Great Tusk|spd|1
|faint|p1a: Hatterene
|
|upkeep
|
|t:|1760330742
|switch|p1a: Keldeo|Keldeo-Resolute|100/100
|turn|23
|
|t:|1760330747
|-end|p2a: Great Tusk|Protosynthesis|[silent]
|switch|p2a: Ogerpon|Ogerpon-Wellspring, F|100/100
|-damage|p2a: Ogerpon|88/100|[from] Stealth Rock
|move|p1a: Keldeo|Hydro Pump|p2a: Ogerpon
|-heal|p2a: Ogerpon|100/100|[from] ability: Water Absorb|[of] p1a: Keldeo
|
|upkeep
|turn|24
|
|t:|1760330754
|switch|p1a: Mandibuzz|Mandibuzz, F|91/100
|move|p2a: Ogerpon|Spikes|p1a: Mandibuzz
|-sidestart|p1: ch1ck3n nu99ets|Spikes
|
|upkeep
|turn|25
|
|t:|1760330760
|move|p2a: Ogerpon|U-turn|p1a: Mandibuzz
|-damage|p1a: Mandibuzz|75/100
|
|t:|1760330762
|switch|p2a: Slowking|Slowking-Galar, F|83/100 par|[from] U-turn
|-damage|p2a: Slowking|70/100 par|[from] Stealth Rock
|move|p1a: Mandibuzz|Foul Play|p2a: Slowking
|-supereffective|p2a: Slowking
|-damage|p2a: Slowking|35/100 par
|
|upkeep
|turn|26
|
|t:|1760330769
|switch|p2a: Great Tusk|Great Tusk|84/100
|move|p1a: Mandibuzz|Foul Play|p2a: Great Tusk
|-resisted|p2a: Great Tusk
|-damage|p2a: Great Tusk|67/100
|
|upkeep
|turn|27
|
|t:|1760330773
|move|p2a: Great Tusk|Rapid Spin|p1a: Mandibuzz
|-damage|p1a: Mandibuzz|65/100
|-boost|p2a: Great Tusk|spe|1
|-sideend|p2: Glinteighty|Stealth Rock|[from] move: Rapid Spin|[of] p2a: Great Tusk
|move|p1a: Mandibuzz|Foul Play|p2a: Great Tusk
|-resisted|p2a: Great Tusk
|-damage|p2a: Great Tusk|50/100
|
|upkeep
|turn|28
|
|t:|1760330780
|-end|p2a: Great Tusk|Protosynthesis|[silent]
|switch|p2a: Gholdengo|Gholdengo|100/100
|move|p1a: Mandibuzz|Roost|p1a: Mandibuzz
|-heal|p1a: Mandibuzz|100/100
|-singleturn|p1a: Mandibuzz|move: Roost
|
|upkeep
|turn|29
|
|t:|1760330788
|switch|p1a: Clodsire|Clodsire, F|69/100
|move|p2a: Gholdengo|Dazzling Gleam|p1a: Clodsire
|-resisted|p1a: Clodsire
|-damage|p1a: Clodsire|62/100
|
|upkeep
|turn|30
|
|t:|1760330795
|switch|p2a: Alomomola|Alomomola, F|100/100
|move|p1a: Clodsire|Stealth Rock|p2a: Alomomola
|-sidestart|p2: Glinteighty|move: Stealth Rock
|
|upkeep
|turn|31
|
|t:|1760330799
|move|p2a: Alomomola|Wish|p2a: Alomomola
|move|p1a: Clodsire|Recover|p1a: Clodsire
|-heal|p1a: Clodsire|100/100
|
|upkeep
|turn|32
|
|t:|1760330807
|switch|p1a: Tornadus|Tornadus-Therian, M|71/100 psn
|move|p2a: Alomomola|Flip Turn|p1a: Tornadus
|-damage|p1a: Tornadus|54/100 psn
|
|t:|1760330812
|switch|p2a: Great Tusk|Great Tusk|50/100|[from] Flip Turn
|
|-heal|p2a: Great Tusk|100/100|[from] move: Wish|[wisher] Alomomola
|-damage|p1a: Tornadus|42/100 psn|[from] psn
|upkeep
|turn|33
|
|t:|1760330818
|-end|p2a: Great Tusk|Protosynthesis|[silent]
|switch|p2a: Slowking|Slowking-Galar, F|68/100 par
|-damage|p2a: Slowking|56/100 par|[from] Stealth Rock
|move|p1a: Tornadus|U-turn|p2a: Slowking
|-damage|p2a: Slowking|40/100 par
|
|t:|1760330821
|switch|p1a: Keldeo|Keldeo-Resolute|100/100|[from] U-turn
|-damage|p1a: Keldeo|88/100|[from] Spikes
|
|upkeep
|turn|34
|
|t:|1760330831
|move|p1a: Keldeo|Hydro Pump|p2a: Slowking
|-damage|p2a: Slowking|0 fnt
|faint|p2a: Slowking
|
|upkeep
|
|t:|1760330837
|switch|p2a: Ogerpon|Ogerpon-Wellspring, F|100/100
|-damage|p2a: Ogerpon|88/100|[from] Stealth Rock
|turn|35
|
|t:|1760330844
|switch|p1a: Mandibuzz|Mandibuzz, F|100/100
|move|p2a: Ogerpon|Horn Leech|p1a: Mandibuzz
|-resisted|p1a: Mandibuzz
|-damage|p1a: Mandibuzz|88/100
|-heal|p2a: Ogerpon|97/100|[from] drain|[of] p1a: Mandibuzz
|
|upkeep
|turn|36
|
|t:|1760330852
|move|p2a: Ogerpon|U-turn|p1a: Mandibuzz
|-damage|p1a: Mandibuzz|71/100
|
|t:|1760330854
|switch|p2a: Alomomola|Alomomola, F|100/100|[from] U-turn
|move|p1a: Mandibuzz|Roost|p1a: Mandibuzz
|-heal|p1a: Mandibuzz|100/100
|-singleturn|p1a: Mandibuzz|move: Roost
|
|upkeep
|turn|37
|
|t:|1760330864
|switch|p1a: Keldeo|Keldeo-Resolute|88/100
|-damage|p1a: Keldeo|76/100|[from] Spikes
|move|p2a: Alomomola|Flip Turn|p1a: Keldeo
|-resisted|p1a: Keldeo
|-damage|p1a: Keldeo|66/100
|
|t:|1760330870
|switch|p2a: Gholdengo|Gholdengo|100/100|[from] Flip Turn
|-damage|p2a: Gholdengo|94/100|[from] Stealth Rock
|
|upkeep
|turn|38
|
|t:|1760330875
|move|p2a: Gholdengo|Dazzling Gleam|p1a: Keldeo
|-supereffective|p1a: Keldeo
|-damage|p1a: Keldeo|0 fnt
|faint|p1a: Keldeo
|
|upkeep
|
|t:|1760330878
|switch|p1a: Tornadus|Tornadus-Therian, M|75/100 psn
|turn|39
|
|t:|1760330884
|move|p2a: Gholdengo|Dazzling Gleam|p1a: Tornadus
|-damage|p1a: Tornadus|55/100 psn
|move|p1a: Tornadus|Bleakwind Storm|p2a: Gholdengo
|-resisted|p2a: Gholdengo
|-damage|p2a: Gholdengo|74/100
|
|-damage|p1a: Tornadus|43/100 psn|[from] psn
|upkeep
|turn|40
|
|t:|1760330893
|switch|p2a: Alomomola|Alomomola, F|100/100
|move|p1a: Tornadus|Knock Off|p2a: Alomomola
|-damage|p2a: Alomomola|89/100
|-enditem|p2a: Alomomola|Heavy-Duty Boots|[from] move: Knock Off|[of] p1a: Tornadus
|
|-damage|p1a: Tornadus|30/100 psn|[from] psn
|upkeep
|turn|41
|
|t:|1760330899
|move|p2a: Alomomola|Protect|p2a: Alomomola
|-singleturn|p2a: Alomomola|Protect
|move|p1a: Tornadus|U-turn|p2a: Alomomola
|-activate|p2a: Alomomola|move: Protect
|
|-damage|p1a: Tornadus|18/100 psn|[from] psn
|upkeep
|turn|42
|
|t:|1760330906
|move|p1a: Tornadus|U-turn|p2a: Alomomola
|-damage|p2a: Alomomola|82/100
|
|t:|1760330909
|switch|p1a: Sinistcha|Sinistcha, tera:Steel|15/100|[from] U-turn
|move|p2a: Alomomola|Flip Turn|p1a: Sinistcha
|-damage|p1a: Sinistcha|5/100
|
|t:|1760330915
|switch|p2a: Great Tusk|Great Tusk|100/100|[from] Flip Turn
|
|upkeep
|turn|43
|
|t:|1760330922
|switch|p1a: Mandibuzz|Mandibuzz, F|100/100
|move|p2a: Great Tusk|Rapid Spin|p1a: Mandibuzz
|-damage|p1a: Mandibuzz|90/100
|-boost|p2a: Great Tusk|spe|1
|-sideend|p2: Glinteighty|Stealth Rock|[from] move: Rapid Spin|[of] p2a: Great Tusk
|
|upkeep
|turn|44
|
|t:|1760330933
|-end|p2a: Great Tusk|Protosynthesis|[silent]
|switch|p2a: Alomomola|Alomomola, F|100/100
|switch|p1a: Clodsire|Clodsire, F|100/100
|
|upkeep
|turn|45
|j| mach95a113
|
|t:|1760330942
|switch|p2a: Great Tusk|Great Tusk|100/100
|move|p1a: Clodsire|Poison Jab|p2a: Great Tusk
|-resisted|p2a: Great Tusk
|-damage|p2a: Great Tusk|93/100
|
|upkeep
|turn|46
|
|t:|1760330949
|move|p2a: Great Tusk|Stealth Rock|p1a: Clodsire
|-sidestart|p1: ch1ck3n nu99ets|move: Stealth Rock
|move|p1a: Clodsire|Poison Jab|p2a: Great Tusk
|-resisted|p2a: Great Tusk
|-damage|p2a: Great Tusk|84/100
|
|upkeep
|turn|47
|
|t:|1760330953
|switch|p1a: Mandibuzz|Mandibuzz, F|90/100
|-damage|p1a: Mandibuzz|65/100|[from] Stealth Rock
|move|p2a: Great Tusk|Headlong Rush|p1a: Mandibuzz
|-immune|p1a: Mandibuzz
|
|upkeep
|turn|48
|
|t:|1760330958
|-end|p2a: Great Tusk|Protosynthesis|[silent]
|switch|p2a: Alomomola|Alomomola, F|100/100
|move|p1a: Mandibuzz|Foul Play|p2a: Alomomola
|-damage|p2a: Alomomola|87/100
|
|upkeep
|turn|49
|
|t:|1760330964
|move|p1a: Mandibuzz|Defog|p2a: Alomomola
|-unboost|p2a: Alomomola|evasion|1
|-sideend|p1: ch1ck3n nu99ets|Spikes|[from] move: Defog|[of] p1a: Mandibuzz
|-sideend|p1: ch1ck3n nu99ets|Stealth Rock|[from] move: Defog|[of] p1a: Mandibuzz
|move|p2a: Alomomola|Flip Turn|p1a: Mandibuzz
|-damage|p1a: Mandibuzz|56/100
|
|t:|1760330970
|switch|p2a: Kyurem|Kyurem|99/100|[from] Flip Turn
|-ability|p2a: Kyurem|Pressure
|
|-heal|p2a: Kyurem|100/100|[from] item: Leftovers
|upkeep
|turn|50
|
|t:|1760330974
|switch|p1a: Clodsire|Clodsire, F|100/100
|move|p2a: Kyurem|Substitute|p2a: Kyurem
|-start|p2a: Kyurem|Substitute
|-damage|p2a: Kyurem|76/100
|
|-heal|p2a: Kyurem|82/100|[from] item: Leftovers
|upkeep
|turn|51
|
|t:|1760330979
|move|p2a: Kyurem|Freeze-Dry|p1a: Clodsire
|-supereffective|p1a: Clodsire
|-damage|p1a: Clodsire|54/100
|move|p1a: Clodsire|Earthquake|p2a: Kyurem
|-activate|p2a: Kyurem|move: Substitute|[damage]
|
|-heal|p2a: Kyurem|88/100|[from] item: Leftovers
|upkeep
|turn|52
|-message|ch1ck3n nu99ets forfeited.
|
|win|Glinteighty
|raw|ch1ck3n nu99ets's rating: 1628 &rarr; <strong>1612</strong><br />(-16 for losing)
|raw|Glinteighty's rating: 1698 &rarr; <strong>1714</strong><br />(+16 for winning)
|l|☆ch1ck3n nu99ets
|player|p1|
|l|☆Glinteighty
|player|p2|
|l| mach95a113
