|j|☆baronmufasa
|j|☆capitolg
|t:|1760434521
|gametype|singles
|player|p1|baronmufasa|marlon|1169
|player|p2|capitolg|bellelba|1143
|gen|9
|tier|[Gen 9] OU
|rated|
|rule|HP Percentage Mod: HP is shown in percentages
|rule|Endless Battle Clause: Forcing endless battles is banned
|rule|Species Clause: Limit one of each Pokémon
|rule|OHKO Clause: OHKO moves are banned
|rule|Evasion Items Clause: Evasion items are banned
|rule|Evasion Moves Clause: Evasion moves are banned
|rule|Evasion Abilities Clause: Evasion abilities are banned
|rule|Sleep Moves Clause: Sleep-inducing moves are banned
|clearpoke
|poke|p1|Samurott-Hisui, M|
|poke|p1|Rillaboom, M|
|poke|p1|Landorus-Therian, M|
|poke|p1|Gholdengo|
|poke|p1|Weavile, F|
|poke|p1|Slowking-Galar, F|
|poke|p2|Vikavolt, M|
|poke|p2|Gothitelle, M|
|poke|p2|Smeargle, M|
|poke|p2|Empoleon, M|
|poke|p2|Passimian, F|
|poke|p2|Trevenant, M|
|teampreview
|inactive|Battle timer is ON: inactive players will automatically lose when time's up. (requested by baronmufasa)
|
|t:|1760434558
|teamsize|p1|6
|teamsize|p2|6
|start
|switch|p1a: Chicha gout Terre|Landorus-Therian, M|100/100
|switch|p2a: Vikavolt|Vikavolt, M|100/100
|-ability|p1a: Chicha gout Terre|Intimidate|boost
|-unboost|p2a: Vikavolt|atk|1
|turn|1
|
|t:|1760434571
|move|p1a: Chicha gout Terre|Stealth Rock|p2a: Vikavolt
|-sidestart|p2: capitolg|move: Stealth Rock
|move|p2a: Vikavolt|Sticky Web|p1a: Chicha gout Terre
|-sidestart|p1: baronmufasa|move: Sticky Web
|
|upkeep
|turn|2
|
|t:|1760434581
|move|p1a: Chicha gout Terre|U-turn|p2a: Vikavolt
|-damage|p2a: Vikavolt|80/100
|
|t:|1760434588
|switch|p1a: Kaaris|Rillaboom, M|100/100|[from] U-turn
|-activate|p1a: Kaaris|move: Sticky Web
|-unboost|p1a: Kaaris|spe|1
|-fieldstart|move: Grassy Terrain|[from] ability: Grassy Surge|[of] p1a: Kaaris
|move|p2a: Vikavolt|Energy Ball|p1a: Kaaris
|-resisted|p1a: Kaaris
|-crit|p1a: Kaaris
|-damage|p1a: Kaaris|66/100
|
|-heal|p1a: Kaaris|72/100|[from] Grassy Terrain
|upkeep
|turn|3
|
|t:|1760434602
|switch|p2a: Trevenant|Trevenant, M|100/100
|-damage|p2a: Trevenant|88/100|[from] Stealth Rock
|move|p1a: Kaaris|Knock Off|p2a: Trevenant
|-supereffective|p2a: Trevenant
|-damage|p2a: Trevenant|0 fnt
|-enditem|p2a: Trevenant|Weakness Policy|[from] move: Knock Off|[of] p1a: Kaaris
|faint|p2a: Trevenant
|
|-heal|p1a: Kaaris|78/100|[from] Grassy Terrain
|upkeep
|
|t:|1760434606
|switch|p2a: Smeargle|Smeargle, M|100/100
|-damage|p2a: Smeargle|88/100|[from] Stealth Rock
|turn|4
|
|t:|1760434617
|move|p2a: Smeargle|Burning Bulwark|p2a: Smeargle
|-singleturn|p2a: Smeargle|move: Protect
|move|p1a: Kaaris|Knock Off|p2a: Smeargle
|-activate|p2a: Smeargle|move: Protect
|-status|p1a: Kaaris|brn
|
|-heal|p2a: Smeargle|94/100|[from] Grassy Terrain
|-heal|p1a: Kaaris|84/100 brn|[from] Grassy Terrain
|-damage|p1a: Kaaris|78/100 brn|[from] brn
|upkeep
|turn|5
|
|t:|1760434627
|move|p2a: Smeargle|Court Change|p2a: Smeargle
|-swapsideconditions
|-activate|p2a: Smeargle|move: Court Change
|move|p1a: Kaaris|Knock Off|p2a: Smeargle
|-damage|p2a: Smeargle|31/100
|-enditem|p2a: Smeargle|Focus Sash|[from] move: Knock Off|[of] p1a: Kaaris
|
|-heal|p2a: Smeargle|37/100|[from] Grassy Terrain
|-heal|p1a: Kaaris|84/100 brn|[from] Grassy Terrain
|-damage|p1a: Kaaris|78/100 brn|[from] brn
|upkeep
|turn|6
|inactive|baronmufasa has 120 seconds left.
|
|t:|1760434659
|switch|p1a: Gros Dégueu|Slowking-Galar, F|100/100
|move|p2a: Smeargle|Trick Room|p2a: Smeargle
|-fieldstart|move: Trick Room|[of] p2a: Smeargle
|
|-heal|p2a: Smeargle|43/100|[from] Grassy Terrain
|-fieldend|move: Grassy Terrain
|upkeep
|turn|7
|
|t:|1760434668
|move|p1a: Gros Dégueu|Toxic|p2a: Smeargle
|-status|p2a: Smeargle|tox
|move|p2a: Smeargle|Taunt|p1a: Gros Dégueu
|-start|p1a: Gros Dégueu|move: Taunt
|
|-damage|p2a: Smeargle|37/100 tox|[from] psn
|upkeep
|turn|8
|
|t:|1760434680
|switch|p2a: Empoleon|Empoleon, M|100/100
|-activate|p2a: Empoleon|move: Sticky Web
|-unboost|p2a: Empoleon|spe|1
|-ability|p2a: Empoleon|Competitive|boost
|-boost|p2a: Empoleon|spa|2
|move|p1a: Gros Dégueu|Future Sight|p2a: Empoleon
|-start|p1a: Gros Dégueu|move: Future Sight
|
|upkeep
|turn|9
|
|t:|1760434697
|switch|p1a: Le Doré|Gholdengo|100/100
|-damage|p1a: Le Doré|94/100|[from] Stealth Rock
|-item|p1a: Le Doré|Air Balloon
|move|p2a: Empoleon|Surf|p1a: Le Doré
|-damage|p1a: Le Doré|0 fnt
|-enditem|p1a: Le Doré|Air Balloon
|faint|p1a: Le Doré
|
|upkeep
|inactive|baronmufasa has 120 seconds left.
|
|t:|1760434708
|switch|p1a: Kaaris|Rillaboom, M|78/100 brn
|-damage|p1a: Kaaris|66/100 brn|[from] Stealth Rock
|-fieldstart|move: Grassy Terrain|[from] ability: Grassy Surge|[of] p1a: Kaaris
|turn|10
|inactive|baronmufasa has 120 seconds left.
|
|t:|1760434718
|move|p2a: Empoleon|Ice Beam|p1a: Kaaris
|-supereffective|p1a: Kaaris
|-damage|p1a: Kaaris|0 fnt
|faint|p1a: Kaaris
|
|-end|p2a: Empoleon|move: Future Sight
|-resisted|p2a: Empoleon
|-damage|p2a: Empoleon|88/100
|-heal|p2a: Empoleon|94/100|[from] Grassy Terrain
|-fieldend|move: Trick Room
|upkeep
|inactive|baronmufasa has 120 seconds left.
|
|t:|1760434740
|switch|p1a: Lamanrai|Samurott-Hisui, M|100/100
|turn|11
|
|t:|1760434750
|switch|p2a: Vikavolt|Vikavolt, M|80/100
|move|p1a: Lamanrai|Encore||[still]
|-fail|p1a: Lamanrai
|
|upkeep
|turn|12
|
|t:|1760434758
|switch|p1a: Chicha gout Terre|Landorus-Therian, M|100/100
|-damage|p1a: Chicha gout Terre|88/100|[from] Stealth Rock
|-ability|p1a: Chicha gout Terre|Intimidate|boost
|-unboost|p2a: Vikavolt|atk|1
|move|p2a: Vikavolt|Discharge|p1a: Chicha gout Terre
|-immune|p1a: Chicha gout Terre
|
|upkeep
|turn|13
|
|t:|1760434776
|move|p1a: Chicha gout Terre|Stealth Rock|p2a: Vikavolt
|-sidestart|p2: capitolg|move: Stealth Rock
|move|p2a: Vikavolt|Energy Ball|p1a: Chicha gout Terre
|-damage|p1a: Chicha gout Terre|47/100
|
|upkeep
|turn|14
|
|t:|1760434783
|move|p1a: Chicha gout Terre|U-turn|p2a: Vikavolt
|-damage|p2a: Vikavolt|61/100
|
|t:|1760434793
|switch|p1a: Chatfaitfroid|Weavile, F|100/100|[from] U-turn
|-ability|p1a: Chatfaitfroid|Pressure
|move|p2a: Vikavolt|Energy Ball|p1a: Chatfaitfroid
|-damage|p1a: Chatfaitfroid|45/100
|
|-heal|p1a: Chatfaitfroid|51/100|[from] Grassy Terrain
|-fieldend|move: Grassy Terrain
|upkeep
|turn|15
|
|t:|1760434810
|move|p1a: Chatfaitfroid|Ice Shard|p2a: Vikavolt
|-damage|p2a: Vikavolt|40/100
|move|p2a: Vikavolt|Flash Cannon|p1a: Chatfaitfroid
|-supereffective|p1a: Chatfaitfroid
|-damage|p1a: Chatfaitfroid|0 fnt
|faint|p1a: Chatfaitfroid
|
|upkeep
|
|t:|1760434820
|switch|p1a: Chicha gout Terre|Landorus-Therian, M|47/100
|-damage|p1a: Chicha gout Terre|35/100|[from] Stealth Rock
|-ability|p1a: Chicha gout Terre|Intimidate|boost
|-unboost|p2a: Vikavolt|atk|1
|turn|16
|
|t:|1760434830
|move|p1a: Chicha gout Terre|Earth Power|p2a: Vikavolt
|-immune|p2a: Vikavolt|[from] ability: Levitate
|move|p2a: Vikavolt|Energy Ball|p1a: Chicha gout Terre
|-damage|p1a: Chicha gout Terre|0 fnt
|faint|p1a: Chicha gout Terre
|
|upkeep
|
|t:|1760434840
|switch|p1a: Gros Dégueu|Slowking-Galar, F|100/100
|turn|17
|
|t:|1760434847
|move|p2a: Vikavolt|Discharge|p1a: Gros Dégueu
|-crit|p1a: Gros Dégueu
|-damage|p1a: Gros Dégueu|59/100
|-prepare|p1a: Gros Dégueu|Chilly Reception|[premajor]
|move|p1a: Gros Dégueu|Chilly Reception|p1a: Gros Dégueu
|-weather|Snowscape
|
|t:|1760434855
|switch|p1a: Lamanrai|Samurott-Hisui, M|100/100|[from] Chilly Reception
|
|-weather|Snowscape|[upkeep]
|upkeep
|turn|18
|
|t:|1760434863
|move|p1a: Lamanrai|Aqua Jet|p2a: Vikavolt
|-damage|p2a: Vikavolt|23/100
|move|p2a: Vikavolt|Discharge|p1a: Lamanrai
|-supereffective|p1a: Lamanrai
|-damage|p1a: Lamanrai|0 fnt
|faint|p1a: Lamanrai
|
|-weather|Snowscape|[upkeep]
|upkeep
|
|t:|1760434872
|switch|p1a: Gros Dégueu|Slowking-Galar, F|92/100
|turn|19
|
|t:|1760434877
|move|p2a: Vikavolt|Discharge|p1a: Gros Dégueu
|-damage|p1a: Gros Dégueu|65/100
|-prepare|p1a: Gros Dégueu|Chilly Reception|[premajor]
|move|p1a: Gros Dégueu|Chilly Reception||[still]
|-fail|p1a: Gros Dégueu
|
|-weather|Snowscape|[upkeep]
|upkeep
|turn|20
|-message|baronmufasa forfeited.
|
|win|capitolg
|raw|baronmufasa's rating: 1169 &rarr; <strong>1142</strong><br />(-27 for losing)
|raw|capitolg's rating: 1143 &rarr; <strong>1170</strong><br />(+27 for winning)
|l|☆baronmufasa
|player|p1|
|l|☆capitolg
|player|p2|
