|j|☆testacc2435
|j|☆12345q
|t:|1760410684
|gametype|singles
|player|p1|testacc2435|petrel|1148
|player|p2|12345q|archer|1093
|gen|9
|tier|[Gen 9] OU
|rated|
|rule|HP Percentage Mod: HP is shown in percentages
|rule|Endless Battle Clause: Forcing endless battles is banned
|rule|Species Clause: Limit one of each Pokémon
|rule|OHKO Clause: OHKO moves are banned
|rule|Evasion Items Clause: Evasion items are banned
|rule|Evasion Moves Clause: Evasion moves are banned
|rule|Evasion Abilities Clause: Evasion abilities are banned
|rule|Sleep Moves Clause: Sleep-inducing moves are banned
|clearpoke
|poke|p1|Kingambit, F|
|poke|p1|Cinderace, M|
|poke|p1|Landorus-Therian, M|
|poke|p1|Iron Valiant|
|poke|p1|Kyurem|
|poke|p1|Slowking-Galar, L99, M|
|poke|p2|Whiscash, F|
|poke|p2|Regice|
|poke|p2|Registeel|
|poke|p2|Regirock|
|poke|p2|Tentacruel, F|
|poke|p2|Torterra, M|
|teampreview
|inactive|Battle timer is ON: inactive players will automatically lose when time's up. (requested by testacc2435)
|
|t:|1760410696
|teamsize|p1|6
|teamsize|p2|6
|start
|switch|p1a: SUIIIIIIIIIIII|Cinderace, M|100/100
|switch|p2a: Regirock|Regirock|100/100
|turn|1
|
|t:|1760410705
|move|p1a: SUIIIIIIIIIIII|U-turn|p2a: Regirock
|-start|p1a: SUIIIIIIIIIIII|typechange|Bug|[from] ability: Libero
|-damage|p2a: Regirock|85/100
|
|t:|1760410710
|switch|p1a: Homelander|Landorus-Therian, M, shiny|100/100|[from] U-turn
|-ability|p1a: Homelander|Intimidate|boost
|-unboost|p2a: Regirock|atk|1
|move|p2a: Regirock|Earthquake|p1a: Homelander
|-immune|p1a: Homelander
|
|upkeep
|turn|2
|
|t:|1760410719
|move|p1a: Homelander|Grass Knot|p2a: Regirock
|-supereffective|p2a: Regirock
|-damage|p2a: Regirock|29/100
|-enditem|p2a: Regirock|Weakness Policy
|-boost|p2a: Regirock|atk|2|[from] item: Weakness Policy
|-boost|p2a: Regirock|spa|2|[from] item: Weakness Policy
|move|p2a: Regirock|Ice Punch|p1a: Homelander
|-supereffective|p1a: Homelander
|-damage|p1a: Homelander|2/100
|-damage|p2a: Regirock|12/100|[from] item: Rocky Helmet|[of] p1a: Homelander
|
|upkeep
|turn|3
|
|t:|1760410728
|move|p1a: Homelander|Grass Knot|p2a: Regirock
|-supereffective|p2a: Regirock
|-damage|p2a: Regirock|0 fnt
|faint|p2a: Regirock
|
|upkeep
|
|t:|1760410740
|switch|p2a: Regice|Regice|100/100
|turn|4
|
|t:|1760410768
|move|p1a: Homelander|Taunt|p2a: Regice
|-start|p2a: Regice|move: Taunt
|move|p2a: Regice|Ancient Power|p1a: Homelander
|-damage|p1a: Homelander|0 fnt
|faint|p1a: Homelander
|
|upkeep
|
|t:|1760410773
|switch|p1a: SUIIIIIIIIIIII|Cinderace, M|100/100
|turn|5
|
|t:|1760410782
|move|p1a: SUIIIIIIIIIIII|Pyro Ball|p2a: Regice|[miss]
|-miss|p1a: SUIIIIIIIIIIII|p2a: Regice
|move|p2a: Regice|Ancient Power|p1a: SUIIIIIIIIIIII
|-supereffective|p1a: SUIIIIIIIIIIII
|-damage|p1a: SUIIIIIIIIIIII|53/100
|
|upkeep
|turn|6
|
|t:|1760410800
|move|p1a: SUIIIIIIIIIIII|Pyro Ball|p2a: Regice
|-supereffective|p2a: Regice
|-damage|p2a: Regice|2/100
|-enditem|p2a: Regice|Weakness Policy
|-boost|p2a: Regice|atk|2|[from] item: Weakness Policy
|-boost|p2a: Regice|spa|2|[from] item: Weakness Policy
|move|p2a: Regice|Ancient Power|p1a: SUIIIIIIIIIIII
|-supereffective|p1a: SUIIIIIIIIIIII
|-damage|p1a: SUIIIIIIIIIIII|0 fnt
|-boost|p2a: Regice|atk|1
|-boost|p2a: Regice|def|1
|-boost|p2a: Regice|spa|1
|-boost|p2a: Regice|spd|1
|-boost|p2a: Regice|spe|1
|faint|p1a: SUIIIIIIIIIIII
|
|-end|p2a: Regice|move: Taunt
|upkeep
|
|t:|1760410813
|switch|p1a: WALL-Y|Iron Valiant|100/100
|-enditem|p1a: WALL-Y|Booster Energy
|-activate|p1a: WALL-Y|ability: Quark Drive|[fromitem]
|-start|p1a: WALL-Y|quarkdrivespe
|turn|7
|
|t:|1760410823
|move|p1a: WALL-Y|Calm Mind|p1a: WALL-Y
|-boost|p1a: WALL-Y|spa|1
|-boost|p1a: WALL-Y|spd|1
|move|p2a: Regice|Ice Beam|p1a: WALL-Y
|-damage|p1a: WALL-Y|0 fnt
|faint|p1a: WALL-Y
|-end|p1a: WALL-Y|Quark Drive|[silent]
|
|upkeep
|-message|testacc2435 forfeited.
|
|win|12345q
|raw|testacc2435's rating: 1148 &rarr; <strong>1119</strong><br />(-29 for losing)
|raw|12345q's rating: 1093 &rarr; <strong>1123</strong><br />(+30 for winning)
|l|☆testacc2435
|player|p1|
|l|☆12345q
|player|p2|
