|j|☆O YAGO
|j|☆kenjakuken
|t:|1760458016
|gametype|singles
|player|p1|O YAGO|blackbelt-gen4dp|1051
|player|p2|kenjakuken|li|1088
|gen|9
|tier|[Gen 9] OU
|rated|
|rule|HP Percentage Mod: HP is shown in percentages
|rule|Endless Battle Clause: Forcing endless battles is banned
|rule|Species Clause: Limit one of each Pokémon
|rule|OHKO Clause: OHKO moves are banned
|rule|Evasion Items Clause: Evasion items are banned
|rule|Evasion Moves Clause: Evasion moves are banned
|rule|Evasion Abilities Clause: Evasion abilities are banned
|rule|Sleep Moves Clause: Sleep-inducing moves are banned
|clearpoke
|poke|p1|Pikachu-World, M|
|poke|p1|Lucario, M|
|poke|p1|Infernape, M|
|poke|p1|Charizard, M|
|poke|p1|Gengar, M|
|poke|p1|Dragonite, F|
|poke|p2|Toxapex, M|
|poke|p2|Mimikyu, M|
|poke|p2|Cramorant, M|
|poke|p2|Kingambit, M|
|poke|p2|Glimmora, M|
|poke|p2|Incineroar, M|
|teampreview
|
|t:|1760458045
|teamsize|p1|6
|teamsize|p2|6
|start
|switch|p1a: Infernape|Infernape, M|100/100
|switch|p2a: Moria|Glimmora, M|100/100
|turn|1
|
|t:|1760458053
|move|p1a: Infernape|Fake Out|p2a: Moria
|-resisted|p2a: Moria
|-damage|p2a: Moria|94/100
|-activate|p2a: Moria|ability: Toxic Debris
|-sidestart|p1: O YAGO|move: Toxic Spikes
|cant|p2a: Moria|flinch
|
|upkeep
|turn|2
|
|t:|1760458065
|move|p1a: Infernape|Mach Punch|p2a: Moria
|-damage|p2a: Moria|74/100
|-activate|p2a: Moria|ability: Toxic Debris
|-sidestart|p1: O YAGO|move: Toxic Spikes
|move|p2a: Moria|Stealth Rock|p1a: Infernape
|-sidestart|p1: O YAGO|move: Stealth Rock
|
|upkeep
|turn|3
|
|t:|1760458074
|move|p1a: Infernape|Mach Punch|p2a: Moria
|-damage|p2a: Moria|51/100
|move|p2a: Moria|Toxic Spikes||[still]
|-fail|p2a: Moria
|
|upkeep
|turn|4
|
|t:|1760458083
|move|p1a: Infernape|Mach Punch|p2a: Moria
|-damage|p2a: Moria|27/100
|move|p2a: Moria|Stealth Rock||[still]
|-fail|p2a: Moria
|
|upkeep
|turn|5
|
|t:|1760458089
|move|p1a: Infernape|Mach Punch|p2a: Moria
|-damage|p2a: Moria|5/100
|move|p2a: Moria|Explosion|p1a: Infernape
|-damage|p1a: Infernape|46/100
|faint|p2a: Moria
|
|upkeep
|
|t:|1760458099
|switch|p2a: What are you|Cramorant, M|100/100
|turn|6
|
|t:|1760458103
|-terastallize|p1a: Infernape|Electric
|move|p1a: Infernape|Thunder Punch|p2a: What are you
|-supereffective|p2a: What are you
|-damage|p2a: What are you|0 fnt
|-damage|p1a: Infernape|30/100|[from] item: Rocky Helmet|[of] p2a: What are you
|faint|p2a: What are you
|
|upkeep
|
|t:|1760458113
|switch|p2a: El primo|Incineroar, M|100/100
|-ability|p2a: El primo|Intimidate|boost
|-unboost|p1a: Infernape|atk|1
|turn|7
|
|t:|1760458124
|-terastallize|p2a: El primo|Ghost
|move|p1a: Infernape|Thunder Punch|p2a: El primo
|-damage|p2a: El primo|80/100
|move|p2a: El primo|Earthquake|p1a: Infernape
|-supereffective|p1a: Infernape
|-damage|p1a: Infernape|0 fnt
|faint|p1a: Infernape
|
|-heal|p2a: El primo|86/100|[from] item: Leftovers
|upkeep
|
|t:|1760458135
|switch|p1a: Gengar|Gengar, M|100/100
|-sideend|p1: O YAGO|move: Toxic Spikes|[of] p1a: Gengar
|-damage|p1a: Gengar|88/100|[from] Stealth Rock
|turn|8
|
|t:|1760458141
|move|p1a: Gengar|Shadow Ball|p2a: El primo
|-supereffective|p2a: El primo
|-damage|p2a: El primo|0 fnt
|faint|p2a: El primo
|-damage|p1a: Gengar|78/100|[from] item: Life Orb
|
|upkeep
|
|t:|1760458148
|switch|p2a: Mimi|Mimikyu, M|100/100
|turn|9
|
|t:|1760458154
|move|p2a: Mimi|Shadow Sneak|p1a: Gengar
|-supereffective|p1a: Gengar
|-damage|p1a: Gengar|7/100
|move|p1a: Gengar|Shadow Ball|p2a: Mimi
|-activate|p2a: Mimi|ability: Disguise
|-damage|p2a: Mimi|100/100
|detailschange|p2a: Mimi|Mimikyu-Busted, M
|-damage|p2a: Mimi|88/100|[from] pokemon: Mimikyu-Busted
|-damage|p1a: Gengar|0 fnt|[from] item: Life Orb
|faint|p1a: Gengar
|
|upkeep
|
|t:|1760458169
|switch|p1a: Charizard|Charizard, M|100/100
|-damage|p1a: Charizard|51/100|[from] Stealth Rock
|turn|10
|
|t:|1760458176
|move|p2a: Mimi|Shadow Sneak|p1a: Charizard
|-damage|p1a: Charizard|22/100
|move|p1a: Charizard|Metal Claw|p2a: Mimi
|-supereffective|p2a: Mimi
|-damage|p2a: Mimi|35/100
|-damage|p1a: Charizard|13/100|[from] item: Life Orb
|
|upkeep
|turn|11
|
|t:|1760458185
|move|p2a: Mimi|Shadow Sneak|p1a: Charizard
|-damage|p1a: Charizard|0 fnt
|faint|p1a: Charizard
|
|upkeep
|
|t:|1760458199
|switch|p1a: Lucario|Lucario, M|100/100
|-damage|p1a: Lucario|98/100|[from] Stealth Rock
|turn|12
|
|t:|1760458207
|move|p1a: Lucario|Bullet Punch|p2a: Mimi
|-supereffective|p2a: Mimi
|-damage|p2a: Mimi|0 fnt
|faint|p2a: Mimi
|
|upkeep
|
|t:|1760458212
|switch|p2a: Spike|Toxapex, M|100/100
|turn|13
|
|t:|1760458222
|switch|p1a: Pikachu|Pikachu-World, M|100/100
|-damage|p1a: Pikachu|88/100|[from] Stealth Rock
|move|p2a: Spike|Gunk Shot|p1a: Pikachu
|-damage|p1a: Pikachu|0 fnt
|faint|p1a: Pikachu
|
|upkeep
|
|t:|1760458230
|switch|p1a: Lucario|Lucario, M|98/100
|-damage|p1a: Lucario|95/100|[from] Stealth Rock
|turn|14
|
|t:|1760458238
|move|p2a: Spike|Baneful Bunker|p2a: Spike
|-singleturn|p2a: Spike|move: Protect
|move|p1a: Lucario|Aura Sphere|p2a: Spike
|-activate|p2a: Spike|move: Protect
|
|upkeep
|turn|15
|
|t:|1760458245
|move|p1a: Lucario|Aura Sphere|p2a: Spike
|-resisted|p2a: Spike
|-damage|p2a: Spike|84/100
|move|p2a: Spike|Gunk Shot|p1a: Lucario
|-immune|p1a: Lucario
|
|-heal|p2a: Spike|90/100|[from] item: Black Sludge
|upkeep
|turn|16
|
|t:|1760458256
|move|p1a: Lucario|Extreme Speed|p2a: Spike
|-damage|p2a: Spike|75/100
|move|p2a: Spike|Toxic Spikes|p1a: Lucario
|-sidestart|p1: O YAGO|move: Toxic Spikes
|
|-heal|p2a: Spike|81/100|[from] item: Black Sludge
|upkeep
|turn|17
|
|t:|1760458269
|move|p1a: Lucario|Extreme Speed|p2a: Spike
|-damage|p2a: Spike|65/100
|move|p2a: Spike|Recover|p2a: Spike
|-heal|p2a: Spike|100/100
|
|upkeep
|turn|18
|
|t:|1760458280
|move|p2a: Spike|Baneful Bunker|p2a: Spike
|-singleturn|p2a: Spike|move: Protect
|move|p1a: Lucario|Aura Sphere|p2a: Spike
|-activate|p2a: Spike|move: Protect
|
|upkeep
|turn|19
|
|t:|1760458289
|move|p1a: Lucario|Aura Sphere|p2a: Spike
|-resisted|p2a: Spike
|-damage|p2a: Spike|85/100
|move|p2a: Spike|Gunk Shot|p1a: Lucario
|-immune|p1a: Lucario
|
|-heal|p2a: Spike|91/100|[from] item: Black Sludge
|upkeep
|turn|20
|
|t:|1760458303
|move|p2a: Spike|Baneful Bunker|p2a: Spike
|-singleturn|p2a: Spike|move: Protect
|move|p1a: Lucario|Aura Sphere|p2a: Spike
|-activate|p2a: Spike|move: Protect
|
|-heal|p2a: Spike|97/100|[from] item: Black Sludge
|upkeep
|turn|21
|
|t:|1760458312
|move|p1a: Lucario|Aura Sphere|p2a: Spike
|-resisted|p2a: Spike
|-damage|p2a: Spike|82/100
|move|p2a: Spike|Gunk Shot|p1a: Lucario
|-immune|p1a: Lucario
|
|-heal|p2a: Spike|88/100|[from] item: Black Sludge
|upkeep
|turn|22
|
|t:|1760458326
|switch|p2a: Sukuna|Kingambit, M|100/100
|-activate|p2a: Sukuna|ability: Supreme Overlord
|-start|p2a: Sukuna|fallen4|[silent]
|move|p1a: Lucario|Bullet Punch|p2a: Sukuna
|-resisted|p2a: Sukuna
|-damage|p2a: Sukuna|94/100
|
|upkeep
|turn|23
|
|t:|1760458336
|move|p2a: Sukuna|Sucker Punch|p1a: Lucario
|-resisted|p1a: Lucario
|-crit|p1a: Lucario
|-damage|p1a: Lucario|4/100
|move|p1a: Lucario|Aura Sphere|p2a: Sukuna
|-supereffective|p2a: Sukuna
|-damage|p2a: Sukuna|0 fnt
|faint|p2a: Sukuna
|-end|p2a: Sukuna|fallen4|[silent]
|
|upkeep
|
|t:|1760458345
|switch|p2a: Spike|Toxapex, M|100/100
|turn|24
|inactive|Battle timer is ON: inactive players will automatically lose when time's up. (requested by kenjakuken)
|
|t:|1760458353
|move|p1a: Lucario|Reversal|p2a: Spike
|-resisted|p2a: Spike
|-damage|p2a: Spike|71/100
|move|p2a: Spike|Toxic Spikes|p1a: Lucario
|-sidestart|p1: O YAGO|move: Toxic Spikes
|
|-heal|p2a: Spike|77/100|[from] item: Black Sludge
|upkeep
|turn|25
|
|t:|1760458363
|move|p1a: Lucario|Reversal|p2a: Spike
|-resisted|p2a: Spike
|-damage|p2a: Spike|49/100
|move|p2a: Spike|Recover|p2a: Spike
|-heal|p2a: Spike|99/100
|
|-heal|p2a: Spike|100/100|[from] item: Black Sludge
|upkeep
|turn|26
|
|t:|1760458371
|move|p2a: Spike|Baneful Bunker|p2a: Spike
|-singleturn|p2a: Spike|move: Protect
|move|p1a: Lucario|Reversal|p2a: Spike
|-activate|p2a: Spike|move: Protect
|
|upkeep
|turn|27
|
|t:|1760458385
|move|p1a: Lucario|Reversal|p2a: Spike
|-resisted|p2a: Spike
|-damage|p2a: Spike|75/100
|move|p2a: Spike|Toxic Spikes||[still]
|-fail|p2a: Spike
|
|-heal|p2a: Spike|81/100|[from] item: Black Sludge
|upkeep
|turn|28
|
|t:|1760458394
|move|p1a: Lucario|Reversal|p2a: Spike
|-resisted|p2a: Spike
|-damage|p2a: Spike|55/100
|move|p2a: Spike|Toxic Spikes||[still]
|-fail|p2a: Spike
|
|-heal|p2a: Spike|61/100|[from] item: Black Sludge
|upkeep
|turn|29
|
|t:|1760458402
|move|p1a: Lucario|Reversal|p2a: Spike
|-resisted|p2a: Spike
|-damage|p2a: Spike|33/100
|move|p2a: Spike|Recover|p2a: Spike
|-heal|p2a: Spike|83/100
|
|-heal|p2a: Spike|89/100|[from] item: Black Sludge
|upkeep
|turn|30
|c|☆O YAGO|lol
|c|☆O YAGO|xD
|
|t:|1760458421
|move|p1a: Lucario|Reversal|p2a: Spike
|-resisted|p2a: Spike
|-damage|p2a: Spike|61/100
|move|p2a: Spike|Toxic Spikes||[still]
|-fail|p2a: Spike
|
|-heal|p2a: Spike|67/100|[from] item: Black Sludge
|upkeep
|turn|31
|
|t:|1760458440
|move|p1a: Lucario|Reversal|p2a: Spike
|-resisted|p2a: Spike
|-crit|p2a: Spike
|-damage|p2a: Spike|28/100
|move|p2a: Spike|Recover|p2a: Spike
|-heal|p2a: Spike|78/100
|
|-heal|p2a: Spike|85/100|[from] item: Black Sludge
|upkeep
|turn|32
|c|☆O YAGO|I will go all the way to win
|
|t:|1760458454
|move|p1a: Lucario|Reversal|p2a: Spike
|-resisted|p2a: Spike
|-damage|p2a: Spike|57/100
|move|p2a: Spike|Toxic Spikes||[still]
|-fail|p2a: Spike
|
|-heal|p2a: Spike|63/100|[from] item: Black Sludge
|upkeep
|turn|33
|
|t:|1760458465
|move|p2a: Spike|Baneful Bunker|p2a: Spike
|-singleturn|p2a: Spike|move: Protect
|move|p1a: Lucario|Reversal|p2a: Spike
|-activate|p2a: Spike|move: Protect
|
|-heal|p2a: Spike|69/100|[from] item: Black Sludge
|upkeep
|turn|34
|c|☆O YAGO|Ash's Lucario is very strong lol
|
|t:|1760458485
|move|p1a: Lucario|Reversal|p2a: Spike
|-resisted|p2a: Spike
|-damage|p2a: Spike|43/100
|move|p2a: Spike|Recover|p2a: Spike
|-heal|p2a: Spike|93/100
|
|-heal|p2a: Spike|99/100|[from] item: Black Sludge
|upkeep
|turn|35
|c|☆kenjakuken|Not really
|c|☆kenjakuken|I can't damage you tho
|c|☆kenjakuken|Poison type :(
|inactive|kenjakuken has 120 seconds left.
|
|t:|1760458516
|move|p1a: Lucario|Aura Sphere|p2a: Spike
|-resisted|p2a: Spike
|-damage|p2a: Spike|83/100
|move|p2a: Spike|Toxic Spikes||[still]
|-fail|p2a: Spike
|
|-heal|p2a: Spike|90/100|[from] item: Black Sludge
|upkeep
|turn|36
|inactive|kenjakuken has 120 seconds left.
|inactive|O YAGO has 120 seconds left.
|c|☆O YAGO|truth lol
|
|t:|1760458546
|move|p1a: Lucario|Aura Sphere|p2a: Spike
|-resisted|p2a: Spike
|-damage|p2a: Spike|75/100
|move|p2a: Spike|Toxic Spikes||[still]
|-fail|p2a: Spike
|
|-heal|p2a: Spike|81/100|[from] item: Black Sludge
|upkeep
|turn|37
|inactive|kenjakuken has 120 seconds left.
|
|t:|1760458562
|move|p1a: Lucario|Reversal|p2a: Spike
|-resisted|p2a: Spike
|-damage|p2a: Spike|51/100
|move|p2a: Spike|Toxic Spikes||[still]
|-fail|p2a: Spike
|
|-heal|p2a: Spike|57/100|[from] item: Black Sludge
|upkeep
|turn|38
|inactive|kenjakuken has 120 seconds left.
|inactive|O YAGO has 120 seconds left.
|
|t:|1760458591
|move|p1a: Lucario|Aura Sphere|p2a: Spike
|-resisted|p2a: Spike
|-damage|p2a: Spike|43/100
|move|p2a: Spike|Recover|p2a: Spike
|-heal|p2a: Spike|93/100
|
|-heal|p2a: Spike|99/100|[from] item: Black Sludge
|upkeep
|turn|39
|c|☆O YAGO|I can't exchange it for dragonite or I'll lose it here
|
|t:|1760458600
|move|p1a: Lucario|Aura Sphere|p2a: Spike
|-resisted|p2a: Spike
|-damage|p2a: Spike|83/100
|move|p2a: Spike|Toxic Spikes||[still]
|-fail|p2a: Spike
|
|-heal|p2a: Spike|90/100|[from] item: Black Sludge
|upkeep
|turn|40
|inactive|O YAGO has 120 seconds left.
|
|t:|1760458612
|move|p1a: Lucario|Reversal|p2a: Spike
|-resisted|p2a: Spike
|-damage|p2a: Spike|62/100
|move|p2a: Spike|Toxic Spikes||[still]
|-fail|p2a: Spike
|
|-heal|p2a: Spike|68/100|[from] item: Black Sludge
|upkeep
|turn|41
|
|t:|1760458620
|move|p1a: Lucario|Reversal|p2a: Spike
|-resisted|p2a: Spike
|-damage|p2a: Spike|42/100
|move|p2a: Spike|Recover|p2a: Spike
|-heal|p2a: Spike|92/100
|
|-heal|p2a: Spike|98/100|[from] item: Black Sludge
|upkeep
|turn|42
|
|t:|1760458635
|move|p2a: Spike|Baneful Bunker|p2a: Spike
|-singleturn|p2a: Spike|move: Protect
|move|p1a: Lucario|Bullet Punch|p2a: Spike
|-activate|p2a: Spike|move: Protect
|
|-heal|p2a: Spike|100/100|[from] item: Black Sludge
|upkeep
|turn|43
|
|t:|1760458646
|move|p1a: Lucario|Reversal|p2a: Spike
|-resisted|p2a: Spike
|-damage|p2a: Spike|72/100
|move|p2a: Spike|Toxic Spikes||[still]
|-fail|p2a: Spike
|
|-heal|p2a: Spike|78/100|[from] item: Black Sludge
|upkeep
|turn|44
|
|t:|1760458655
|move|p1a: Lucario|Aura Sphere|p2a: Spike
|-resisted|p2a: Spike
|-crit|p2a: Spike
|-damage|p2a: Spike|56/100
|move|p2a: Spike|Recover|p2a: Spike
|-heal|p2a: Spike|100/100
|
|upkeep
|turn|45
|
|t:|1760458663
|move|p2a: Spike|Baneful Bunker|p2a: Spike
|-singleturn|p2a: Spike|move: Protect
|move|p1a: Lucario|Reversal|p2a: Spike
|-activate|p2a: Spike|move: Protect
|
|upkeep
|turn|46
|
|t:|1760458670
|move|p1a: Lucario|Reversal|p2a: Spike
|-resisted|p2a: Spike
|-damage|p2a: Spike|73/100
|move|p2a: Spike|Toxic Spikes||[still]
|-fail|p2a: Spike
|
|-heal|p2a: Spike|79/100|[from] item: Black Sludge
|upkeep
|turn|47
|
|t:|1760458681
|move|p2a: Spike|Baneful Bunker|p2a: Spike
|-singleturn|p2a: Spike|move: Protect
|move|p1a: Lucario|Aura Sphere|p2a: Spike
|-activate|p2a: Spike|move: Protect
|
|-heal|p2a: Spike|85/100|[from] item: Black Sludge
|upkeep
|turn|48
|
|t:|1760458690
|move|p1a: Lucario|Reversal|p2a: Spike
|-resisted|p2a: Spike
|-damage|p2a: Spike|56/100
|move|p2a: Spike|Gunk Shot|p1a: Lucario
|-immune|p1a: Lucario
|
|-heal|p2a: Spike|62/100|[from] item: Black Sludge
|upkeep
|turn|49
|c|☆O YAGO|lol
|c|☆O YAGO|xD
|
|t:|1760458702
|move|p2a: Spike|Baneful Bunker|p2a: Spike
|-singleturn|p2a: Spike|move: Protect
|move|p1a: Lucario|Reversal|p2a: Spike
|-activate|p2a: Spike|move: Protect
|
|-heal|p2a: Spike|69/100|[from] item: Black Sludge
|upkeep
|turn|50
|c|☆kenjakuken|I mean I lose either way
|
|t:|1760458725
|move|p2a: Spike|Baneful Bunker|p2a: Spike
|-singleturn|p2a: Spike|move: Protect
|move|p1a: Lucario|Aura Sphere|p2a: Spike
|-activate|p2a: Spike|move: Protect
|
|-heal|p2a: Spike|75/100|[from] item: Black Sludge
|upkeep
|turn|51
|
|t:|1760458743
|move|p1a: Lucario|Aura Sphere|p2a: Spike
|-resisted|p2a: Spike
|-damage|p2a: Spike|59/100
|move|p2a: Spike|Toxic Spikes||[still]
|-fail|p2a: Spike
|
|-heal|p2a: Spike|66/100|[from] item: Black Sludge
|upkeep
|turn|52
|
|t:|1760458752
|move|p1a: Lucario|Aura Sphere|p2a: Spike
|-resisted|p2a: Spike
|-damage|p2a: Spike|49/100
|move|p2a: Spike|Toxic Spikes||[still]
|-fail|p2a: Spike
|
|-heal|p2a: Spike|55/100|[from] item: Black Sludge
|upkeep
|turn|53
|c|☆O YAGO|It's going to be a long battle and it takes time lol
|inactive|O YAGO has 120 seconds left.
|
|t:|1760458782
|move|p2a: Spike|Baneful Bunker|p2a: Spike
|-singleturn|p2a: Spike|move: Protect
|move|p1a: Lucario|Reversal|p2a: Spike
|-activate|p2a: Spike|move: Protect
|
|-heal|p2a: Spike|62/100|[from] item: Black Sludge
|upkeep
|turn|54
|c|☆kenjakuken|It will
|
|t:|1760458801
|move|p1a: Lucario|Reversal|p2a: Spike
|-resisted|p2a: Spike
|-damage|p2a: Spike|36/100
|move|p2a: Spike|Toxic Spikes||[still]
|-fail|p2a: Spike
|
|-heal|p2a: Spike|43/100|[from] item: Black Sludge
|upkeep
|turn|55
|
|t:|1760458812
|move|p2a: Spike|Baneful Bunker|p2a: Spike
|-singleturn|p2a: Spike|move: Protect
|move|p1a: Lucario|Reversal|p2a: Spike
|-activate|p2a: Spike|move: Protect
|
|-heal|p2a: Spike|49/100|[from] item: Black Sludge
|upkeep
|turn|56
|
|t:|1760458822
|move|p1a: Lucario|Reversal|p2a: Spike
|-resisted|p2a: Spike
|-damage|p2a: Spike|22/100
|move|p2a: Spike|Toxic Spikes||[still]
|-fail|p2a: Spike
|
|-heal|p2a: Spike|28/100|[from] item: Black Sludge
|upkeep
|turn|57
|
|t:|1760458834
|move|p2a: Spike|Baneful Bunker|p2a: Spike
|-singleturn|p2a: Spike|move: Protect
|move|p1a: Lucario|Aura Sphere|p2a: Spike
|-activate|p2a: Spike|move: Protect
|
|-heal|p2a: Spike|35/100|[from] item: Black Sludge
|upkeep
|turn|58
|
|t:|1760458842
|move|p2a: Spike|Baneful Bunker||[still]
|-fail|p2a: Spike
|move|p1a: Lucario|Reversal|p2a: Spike
|-resisted|p2a: Spike
|-damage|p2a: Spike|7/100
|
|-heal|p2a: Spike|13/100|[from] item: Black Sludge
|upkeep
|turn|59
|
|t:|1760458851
|move|p2a: Spike|Baneful Bunker|p2a: Spike
|-singleturn|p2a: Spike|move: Protect
|move|p1a: Lucario|Aura Sphere|p2a: Spike
|-activate|p2a: Spike|move: Protect
|
|-heal|p2a: Spike|20/100|[from] item: Black Sludge
|upkeep
|turn|60
|
|t:|1760458872
|move|p1a: Lucario|Aura Sphere|p2a: Spike
|-resisted|p2a: Spike
|-damage|p2a: Spike|4/100
|move|p2a: Spike|Toxic Spikes||[still]
|-fail|p2a: Spike
|
|-heal|p2a: Spike|10/100|[from] item: Black Sludge
|upkeep
|turn|61
|
|t:|1760458882
|move|p2a: Spike|Baneful Bunker|p2a: Spike
|-singleturn|p2a: Spike|move: Protect
|move|p1a: Lucario|Aura Sphere|p2a: Spike
|-activate|p2a: Spike|move: Protect
|
|-heal|p2a: Spike|16/100|[from] item: Black Sludge
|upkeep
|turn|62
|
|t:|1760458892
|move|p1a: Lucario|Aura Sphere|p2a: Spike
|-resisted|p2a: Spike
|-damage|p2a: Spike|0 fnt
|faint|p2a: Spike
|
|win|O YAGO
|raw|O YAGO's rating: 1051 &rarr; <strong>1087</strong><br />(+36 for winning)
|raw|kenjakuken's rating: 1088 &rarr; <strong>1062</strong><br />(-26 for losing)
|c|☆O YAGO|hallelujah finally
|c|☆O YAGO|;-;
|l|☆kenjakuken
|player|p2|
|l|☆O YAGO
|player|p1|
