|j|☆kbbl
|j|☆ydkmdenji
|t:|1760380919
|gametype|singles
|player|p1|kbbl|101|1343
|player|p2|ydkmdenji|miku-ghost|1290
|gen|9
|tier|[Gen 9] OU
|rated|
|rule|HP Percentage Mod: HP is shown in percentages
|rule|Endless Battle Clause: Forcing endless battles is banned
|rule|Species Clause: Limit one of each Pokémon
|rule|OHKO Clause: OHKO moves are banned
|rule|Evasion Items Clause: Evasion items are banned
|rule|Evasion Moves Clause: Evasion moves are banned
|rule|Evasion Abilities Clause: Evasion abilities are banned
|rule|Sleep Moves Clause: Sleep-inducing moves are banned
|clearpoke
|poke|p1|Landorus-Therian, M|
|poke|p1|Samurott-Hisui, M|
|poke|p1|Pecharunt|
|poke|p1|Scizor, F|
|poke|p1|Latios, M|
|poke|p1|Zamazenta-*|
|poke|p2|Ninetales-Alola, F|
|poke|p2|Cetitan, F|
|poke|p2|Slowking, M|
|poke|p2|Avalugg, M|
|poke|p2|Cinderace, M|
|poke|p2|Scizor, M|
|teampreview
|
|t:|1760380933
|teamsize|p1|6
|teamsize|p2|6
|start
|switch|p1a: Samurott|Samurott-Hisui, M|100/100
|switch|p2a: Scizor|Scizor, M|100/100
|turn|1
|
|t:|1760380937
|move|p1a: Samurott|Ceaseless Edge|p2a: Scizor|[miss]
|-miss|p1a: Samurott|p2a: Scizor
|move|p2a: Scizor|U-turn|p1a: Samurott
|-supereffective|p1a: Samurott
|-damage|p1a: Samurott|10/100
|
|t:|1760380942
|switch|p2a: Cinderace|Cinderace, M|100/100|[from] U-turn
|
|upkeep
|turn|2
|
|t:|1760380947
|move|p2a: Cinderace|Sucker Punch|p1a: Samurott
|-start|p2a: Cinderace|typechange|Dark|[from] ability: Libero
|-resisted|p1a: Samurott
|-damage|p1a: Samurott|0 fnt
|faint|p1a: Samurott
|
|upkeep
|
|t:|1760380953
|switch|p1a: Landorus|Landorus-Therian, M|100/100
|-ability|p1a: Landorus|Intimidate|boost
|-unboost|p2a: Cinderace|atk|1
|turn|3
|
|t:|1760380958
|move|p2a: Cinderace|U-turn|p1a: Landorus
|-resisted|p1a: Landorus
|-damage|p1a: Landorus|94/100
|-damage|p2a: Cinderace|84/100|[from] item: Rocky Helmet|[of] p1a: Landorus
|
|t:|1760380962
|switch|p2a: Avalugg|Avalugg, M|100/100|[from] U-turn
|move|p1a: Landorus|Earthquake|p2a: Avalugg
|-damage|p2a: Avalugg|82/100
|
|upkeep
|turn|4
|
|t:|1760380971
|switch|p1a: Pecharunt|Pecharunt|100/100
|move|p2a: Avalugg|Snowscape|p2a: Avalugg
|-weather|Snowscape
|
|-weather|Snowscape|[upkeep]
|-heal|p2a: Avalugg|88/100|[from] ability: Ice Body
|upkeep
|turn|5
|
|t:|1760380977
|switch|p2a: Scizor|Scizor, M|100/100
|move|p1a: Pecharunt|Malignant Chain|p2a: Scizor
|-immune|p2a: Scizor
|
|-weather|Snowscape|[upkeep]
|upkeep
|turn|6
|
|t:|1760380982
|switch|p1a: Landorus|Landorus-Therian, M|94/100
|-ability|p1a: Landorus|Intimidate|boost
|-unboost|p2a: Scizor|atk|1
|move|p2a: Scizor|Knock Off|p1a: Landorus
|-damage|p1a: Landorus|67/100
|-damage|p2a: Scizor|84/100|[from] item: Rocky Helmet|[of] p1a: Landorus
|-enditem|p1a: Landorus|Rocky Helmet|[from] move: Knock Off|[of] p2a: Scizor
|
|-weather|Snowscape|[upkeep]
|upkeep
|turn|7
|
|t:|1760380990
|move|p1a: Landorus|Earthquake|p2a: Scizor
|-damage|p2a: Scizor|38/100
|-enditem|p2a: Scizor|Sitrus Berry|[eat]
|-heal|p2a: Scizor|63/100|[from] item: Sitrus Berry
|move|p2a: Scizor|U-turn|p1a: Landorus
|-resisted|p1a: Landorus
|-damage|p1a: Landorus|55/100
|
|t:|1760380995
|switch|p2a: Avalugg|Avalugg, M|88/100|[from] U-turn
|
|-weather|Snowscape|[upkeep]
|-heal|p2a: Avalugg|94/100|[from] ability: Ice Body
|upkeep
|turn|8
|
|t:|1760381009
|switch|p1a: Pecharunt|Pecharunt|100/100
|move|p2a: Avalugg|Aurora Veil|p2a: Avalugg
|-sidestart|p2: ydkmdenji|move: Aurora Veil
|
|-weather|none
|upkeep
|turn|9
|
|t:|1760381016
|switch|p2a: Scizor|Scizor, M|63/100
|move|p1a: Pecharunt|Parting Shot|p2a: Scizor
|-unboost|p2a: Scizor|atk|1
|-unboost|p2a: Scizor|spa|1
|
|t:|1760381023
|switch|p1a: Landorus|Landorus-Therian, M|55/100|[from] Parting Shot
|-ability|p1a: Landorus|Intimidate|boost
|-unboost|p2a: Scizor|atk|1
|
|upkeep
|turn|10
|
|t:|1760381029
|move|p1a: Landorus|U-turn|p2a: Scizor
|-resisted|p2a: Scizor
|-damage|p2a: Scizor|58/100
|
|t:|1760381032
|switch|p1a: Pecharunt|Pecharunt|100/100|[from] U-turn
|move|p2a: Scizor|U-turn|p1a: Pecharunt
|-resisted|p1a: Pecharunt
|-crit|p1a: Pecharunt
|-damage|p1a: Pecharunt|92/100
|
|t:|1760381046
|switch|p2a: Slowking|Slowking, M|100/100|[from] U-turn
|
|upkeep
|turn|11
|
|t:|1760381053
|move|p1a: Pecharunt|Malignant Chain|p2a: Slowking
|-damage|p2a: Slowking|92/100
|-status|p2a: Slowking|tox
|-start|p2a: Slowking|confusion|[from] ability: Poison Puppeteer|[of] p1a: Pecharunt
|-prepare|p2a: Slowking|Chilly Reception|[premajor]
|-activate|p2a: Slowking|confusion
|-damage|p2a: Slowking|86/100 tox|[from] confusion
|
|-damage|p2a: Slowking|79/100 tox|[from] psn
|upkeep
|turn|12
|
|t:|1760381061
|move|p1a: Pecharunt|Shadow Ball|p2a: Slowking
|-supereffective|p2a: Slowking
|-damage|p2a: Slowking|65/100 tox
|-prepare|p2a: Slowking|Chilly Reception|[premajor]
|-activate|p2a: Slowking|confusion
|move|p2a: Slowking|Chilly Reception|p2a: Slowking
|-weather|Snowscape
|
|t:|1760381069
|switch|p2a: Cetitan|Cetitan, F, shiny|100/100|[from] Chilly Reception
|
|-weather|Snowscape|[upkeep]
|-sideend|p2: ydkmdenji|move: Aurora Veil
|upkeep
|turn|13
|
|t:|1760381075
|move|p2a: Cetitan|Earthquake|p1a: Pecharunt
|-supereffective|p1a: Pecharunt
|-damage|p1a: Pecharunt|33/100
|move|p1a: Pecharunt|Malignant Chain|p2a: Cetitan
|-damage|p2a: Cetitan|71/100
|-status|p2a: Cetitan|tox
|-start|p2a: Cetitan|confusion|[from] ability: Poison Puppeteer|[of] p1a: Pecharunt
|
|-weather|Snowscape|[upkeep]
|-damage|p2a: Cetitan|64/100 tox|[from] psn
|upkeep
|turn|14
|
|t:|1760381085
|switch|p2a: Ninetales|Ninetales-Alola, F, shiny|100/100
|move|p1a: Pecharunt|Recover|p1a: Pecharunt
|-heal|p1a: Pecharunt|83/100
|
|-weather|Snowscape|[upkeep]
|upkeep
|turn|15
|
|t:|1760381091
|move|p2a: Ninetales|Encore|p1a: Pecharunt
|-start|p1a: Pecharunt|Encore
|move|p1a: Pecharunt|Recover|p1a: Pecharunt
|-heal|p1a: Pecharunt|100/100
|
|-weather|Snowscape|[upkeep]
|upkeep
|turn|16
|
|t:|1760381095
|switch|p1a: Scizor|Scizor, F|100/100
|move|p2a: Ninetales|Aurora Veil|p2a: Ninetales
|-sidestart|p2: ydkmdenji|move: Aurora Veil
|
|-weather|none
|upkeep
|turn|17
|
|t:|1760381099
|switch|p2a: Avalugg|Avalugg, M|94/100
|move|p1a: Scizor|Knock Off|p2a: Avalugg
|-damage|p2a: Avalugg|87/100
|-damage|p1a: Scizor|84/100|[from] item: Rocky Helmet|[of] p2a: Avalugg
|-enditem|p2a: Avalugg|Rocky Helmet|[from] move: Knock Off|[of] p1a: Scizor
|
|upkeep
|turn|18
|
|t:|1760381110
|switch|p1a: Pecharunt|Pecharunt|100/100
|move|p2a: Avalugg|Snowscape|p2a: Avalugg
|-weather|Snowscape
|
|-weather|Snowscape|[upkeep]
|-heal|p2a: Avalugg|93/100|[from] ability: Ice Body
|upkeep
|turn|19
|
|t:|1760381117
|switch|p2a: Cetitan|Cetitan, F, shiny|64/100 tox
|move|p1a: Pecharunt|Shadow Ball|p2a: Cetitan
|-damage|p2a: Cetitan|51/100 tox
|
|-weather|Snowscape|[upkeep]
|-damage|p2a: Cetitan|45/100 tox|[from] psn
|upkeep
|turn|20
|
|t:|1760381125
|move|p2a: Cetitan|Icicle Crash|p1a: Pecharunt
|-damage|p1a: Pecharunt|65/100
|move|p1a: Pecharunt|Shadow Ball|p2a: Cetitan
|-damage|p2a: Cetitan|32/100 tox
|
|-weather|Snowscape|[upkeep]
|-damage|p2a: Cetitan|20/100 tox|[from] psn
|upkeep
|turn|21
|
|t:|1760381131
|move|p2a: Cetitan|Icicle Crash|p1a: Pecharunt
|-damage|p1a: Pecharunt|29/100
|move|p1a: Pecharunt|Recover|p1a: Pecharunt
|-heal|p1a: Pecharunt|79/100
|
|-weather|Snowscape|[upkeep]
|-damage|p2a: Cetitan|1/100 tox|[from] psn
|upkeep
|turn|22
|
|t:|1760381139
|move|p2a: Cetitan|Icicle Crash|p1a: Pecharunt
|-damage|p1a: Pecharunt|43/100
|move|p1a: Pecharunt|Recover|p1a: Pecharunt
|-heal|p1a: Pecharunt|93/100
|
|-weather|none
|-damage|p2a: Cetitan|0 fnt|[from] psn
|faint|p2a: Cetitan
|upkeep
|
|t:|1760381148
|switch|p2a: Slowking|Slowking, M|98/100 tox
|turn|23
|
|t:|1760381154
|move|p1a: Pecharunt|Shadow Ball|p2a: Slowking
|-supereffective|p2a: Slowking
|-damage|p2a: Slowking|83/100 tox
|move|p2a: Slowking|Thunder Wave|p1a: Pecharunt
|-status|p1a: Pecharunt|par
|
|-damage|p2a: Slowking|77/100 tox|[from] psn
|-sideend|p2: ydkmdenji|move: Aurora Veil
|upkeep
|turn|24
|
|t:|1760381162
|move|p1a: Pecharunt|Parting Shot|p2a: Slowking
|-unboost|p2a: Slowking|atk|1
|-unboost|p2a: Slowking|spa|1
|
|t:|1760381165
|switch|p1a: Latios|Latios, M|100/100|[from] Parting Shot
|move|p2a: Slowking|Future Sight|p1a: Latios
|-start|p2a: Slowking|move: Future Sight
|
|-damage|p2a: Slowking|65/100 tox|[from] psn
|upkeep
|turn|25
|
|t:|1760381172
|move|p1a: Latios|Calm Mind|p1a: Latios
|-boost|p1a: Latios|spa|1
|-boost|p1a: Latios|spd|1
|-prepare|p2a: Slowking|Chilly Reception|[premajor]
|move|p2a: Slowking|Chilly Reception|p2a: Slowking
|-weather|Snowscape
|
|t:|1760381180
|switch|p2a: Ninetales|Ninetales-Alola, F, shiny|100/100|[from] Chilly Reception
|
|-weather|Snowscape|[upkeep]
|upkeep
|turn|26
|
|t:|1760381186
|move|p2a: Ninetales|Aurora Veil|p2a: Ninetales
|-sidestart|p2: ydkmdenji|move: Aurora Veil
|move|p1a: Latios|Psychic Noise|p2a: Ninetales
|-damage|p2a: Ninetales|68/100
|-start|p2a: Ninetales|move: Heal Block
|
|-weather|Snowscape|[upkeep]
|-end|p1a: Latios|move: Future Sight
|-resisted|p1a: Latios
|-damage|p1a: Latios|86/100
|upkeep
|turn|27
|
|t:|1760381191
|move|p2a: Ninetales|Moonblast|p1a: Latios
|-supereffective|p1a: Latios
|-damage|p1a: Latios|45/100
|-unboost|p1a: Latios|spa|1
|move|p1a: Latios|Psychic Noise|p2a: Ninetales
|-damage|p2a: Ninetales|45/100
|
|-weather|Snowscape|[upkeep]
|-end|p2a: Ninetales|move: Heal Block
|upkeep
|turn|28
|
|t:|1760381199
|move|p2a: Ninetales|Moonblast|p1a: Latios
|-supereffective|p1a: Latios
|-damage|p1a: Latios|7/100
|move|p1a: Latios|Recover|p1a: Latios
|-heal|p1a: Latios|57/100
|
|-weather|Snowscape|[upkeep]
|upkeep
|turn|29
|
|t:|1760381210
|move|p2a: Ninetales|Moonblast|p1a: Latios
|-supereffective|p1a: Latios
|-damage|p1a: Latios|20/100
|move|p1a: Latios|Recover|p1a: Latios
|-heal|p1a: Latios|71/100
|
|-weather|none
|upkeep
|turn|30
|
|t:|1760381216
|switch|p1a: Scizor|Scizor, F|84/100
|move|p2a: Ninetales|Moonblast|p1a: Scizor
|-resisted|p1a: Scizor
|-damage|p1a: Scizor|66/100
|-unboost|p1a: Scizor|spa|1
|
|upkeep
|turn|31
|
|t:|1760381225
|switch|p2a: Avalugg|Avalugg, M|93/100
|move|p1a: Scizor|Knock Off|p2a: Avalugg
|-damage|p2a: Avalugg|88/100
|
|upkeep
|turn|32
|
|t:|1760381240
|switch|p1a: Zamazenta|Zamazenta|100/100
|-ability|p1a: Zamazenta|Dauntless Shield|boost
|-boost|p1a: Zamazenta|def|1
|move|p2a: Avalugg|Snowscape|p2a: Avalugg
|-weather|Snowscape
|
|-weather|Snowscape|[upkeep]
|-heal|p2a: Avalugg|94/100|[from] ability: Ice Body
|upkeep
|turn|33
|
|t:|1760381248
|move|p1a: Zamazenta|Iron Defense|p1a: Zamazenta
|-boost|p1a: Zamazenta|def|2
|move|p2a: Avalugg|Iron Defense|p2a: Avalugg
|-boost|p2a: Avalugg|def|2
|
|-weather|Snowscape|[upkeep]
|-heal|p2a: Avalugg|99/100|[from] ability: Ice Body
|-sideend|p2: ydkmdenji|move: Aurora Veil
|upkeep
|turn|34
|
|t:|1760381256
|move|p1a: Zamazenta|Body Press|p2a: Avalugg
|-supereffective|p2a: Avalugg
|-damage|p2a: Avalugg|72/100
|move|p2a: Avalugg|Iron Defense|p2a: Avalugg
|-boost|p2a: Avalugg|def|2
|
|-weather|Snowscape|[upkeep]
|-heal|p2a: Avalugg|78/100|[from] ability: Ice Body
|upkeep
|turn|35
|
|t:|1760381261
|move|p1a: Zamazenta|Body Press|p2a: Avalugg
|-supereffective|p2a: Avalugg
|-damage|p2a: Avalugg|61/100
|move|p2a: Avalugg|Aurora Veil|p2a: Avalugg
|-sidestart|p2: ydkmdenji|move: Aurora Veil
|
|-weather|Snowscape|[upkeep]
|-heal|p2a: Avalugg|67/100|[from] ability: Ice Body
|upkeep
|turn|36
|
|t:|1760381265
|move|p1a: Zamazenta|Iron Defense|p1a: Zamazenta
|-boost|p1a: Zamazenta|def|2
|move|p2a: Avalugg|Iron Defense|p2a: Avalugg
|-boost|p2a: Avalugg|def|2
|
|-weather|none
|upkeep
|turn|37
|
|t:|1760381270
|move|p1a: Zamazenta|Iron Defense|p1a: Zamazenta
|-boost|p1a: Zamazenta|def|1
|move|p2a: Avalugg|Snowscape|p2a: Avalugg
|-weather|Snowscape
|
|-weather|Snowscape|[upkeep]
|-heal|p2a: Avalugg|73/100|[from] ability: Ice Body
|upkeep
|turn|38
|
|t:|1760381274
|move|p2a: Avalugg|Body Press|p1a: Zamazenta
|-damage|p1a: Zamazenta|73/100
|move|p1a: Zamazenta|Roar|p2a: Avalugg
|drag|p2a: Ninetales|Ninetales-Alola, F, shiny|45/100
|
|-weather|Snowscape|[upkeep]
|-heal|p1a: Zamazenta|80/100|[from] item: Leftovers
|upkeep
|turn|39
|
|t:|1760381284
|move|p1a: Zamazenta|Body Press|p2a: Ninetales
|-damage|p2a: Ninetales|0 fnt
|faint|p2a: Ninetales
|
|-weather|Snowscape|[upkeep]
|-heal|p1a: Zamazenta|86/100|[from] item: Leftovers
|-sideend|p2: ydkmdenji|move: Aurora Veil
|upkeep
|
|t:|1760381288
|switch|p2a: Slowking|Slowking, M|98/100 tox
|turn|40
|
|t:|1760381292
|move|p1a: Zamazenta|Crunch|p2a: Slowking
|-supereffective|p2a: Slowking
|-damage|p2a: Slowking|57/100 tox
|move|p2a: Slowking|Future Sight|p1a: Zamazenta
|-start|p2a: Slowking|move: Future Sight
|
|-weather|Snowscape|[upkeep]
|-heal|p1a: Zamazenta|92/100|[from] item: Leftovers
|-damage|p2a: Slowking|51/100 tox|[from] psn
|upkeep
|turn|41
|
|t:|1760381299
|move|p1a: Zamazenta|Crunch|p2a: Slowking
|-supereffective|p2a: Slowking
|-damage|p2a: Slowking|9/100 tox
|move|p2a: Slowking|Thunder Wave|p1a: Zamazenta
|-status|p1a: Zamazenta|par
|
|-weather|none
|-heal|p1a: Zamazenta|98/100 par|[from] item: Leftovers
|-damage|p2a: Slowking|0 fnt|[from] psn
|faint|p2a: Slowking
|upkeep
|
|t:|1760381312
|switch|p2a: Avalugg|Avalugg, M|73/100
|turn|42
|
|t:|1760381318
|-terastallize|p1a: Zamazenta|Fire
|cant|p1a: Zamazenta|par
|move|p2a: Avalugg|Snowscape|p2a: Avalugg
|-weather|Snowscape
|
|-weather|Snowscape|[upkeep]
|-heal|p2a: Avalugg|79/100|[from] ability: Ice Body
|-end|p1a: Zamazenta|move: Future Sight
|-damage|p1a: Zamazenta|63/100 par
|-heal|p1a: Zamazenta|69/100 par|[from] item: Leftovers
|upkeep
|turn|43
|
|t:|1760381326
|move|p1a: Zamazenta|Body Press|p2a: Avalugg
|-supereffective|p2a: Avalugg
|-damage|p2a: Avalugg|4/100
|move|p2a: Avalugg|Aurora Veil|p2a: Avalugg
|-sidestart|p2: ydkmdenji|move: Aurora Veil
|
|-weather|Snowscape|[upkeep]
|-heal|p2a: Avalugg|10/100|[from] ability: Ice Body
|-heal|p1a: Zamazenta|75/100 par|[from] item: Leftovers
|upkeep
|turn|44
|
|t:|1760381334
|move|p1a: Zamazenta|Body Press|p2a: Avalugg
|-supereffective|p2a: Avalugg
|-damage|p2a: Avalugg|0 fnt
|faint|p2a: Avalugg
|
|-weather|Snowscape|[upkeep]
|-heal|p1a: Zamazenta|81/100 par|[from] item: Leftovers
|upkeep
|
|t:|1760381338
|switch|p2a: Scizor|Scizor, M|58/100
|turn|45
|
|t:|1760381341
|move|p1a: Zamazenta|Body Press|p2a: Scizor
|-damage|p2a: Scizor|0 fnt
|faint|p2a: Scizor
|
|-weather|Snowscape|[upkeep]
|-heal|p1a: Zamazenta|87/100 par|[from] item: Leftovers
|upkeep
|-message|ydkmdenji forfeited.
|
|win|kbbl
|raw|kbbl's rating: 1343 &rarr; <strong>1360</strong><br />(+17 for winning)
|raw|ydkmdenji's rating: 1290 &rarr; <strong>1269</strong><br />(-21 for losing)
|l|☆ydkmdenji
|player|p2|
|l|☆kbbl
|player|p1|
