|j|☆syayyds
|j|☆gcfhnxh
|t:|1760339776
|gametype|singles
|player|p1|syayyds|169|1176
|player|p2|gcfhnxh|101|1125
|gen|9
|tier|[Gen 9] OU
|rated|
|rule|HP Percentage Mod: HP is shown in percentages
|rule|Endless Battle Clause: Forcing endless battles is banned
|rule|Species Clause: Limit one of each Pokémon
|rule|OHKO Clause: OHKO moves are banned
|rule|Evasion Items Clause: Evasion items are banned
|rule|Evasion Moves Clause: Evasion moves are banned
|rule|Evasion Abilities Clause: Evasion abilities are banned
|rule|Sleep Moves Clause: Sleep-inducing moves are banned
|clearpoke
|poke|p1|Toxapex, F|
|poke|p1|Ogerpon-Wellspring, F|
|poke|p1|Iron Jugulis|
|poke|p1|Suicune|
|poke|p1|Avalugg-Hisui, F|
|poke|p1|Grimmsnarl, M|
|poke|p2|Alomomola, F|
|poke|p2|Cinderace, M|
|poke|p2|Dragapult, F|
|poke|p2|Iron Crown|
|poke|p2|Landorus-Therian, M|
|poke|p2|Tinkaton, F|
|teampreview
|
|t:|1760339792
|teamsize|p1|6
|teamsize|p2|6
|start
|switch|p1a: Avalugg|Avalugg-Hisui, F|100/100
|switch|p2a: Dragapult|Dragapult, F, shiny|100/100
|turn|1
|
|t:|1760339804
|move|p2a: Dragapult|U-turn|p1a: Avalugg
|-crit|p1a: Avalugg
|-damage|p1a: Avalugg|90/100
|
|t:|1760339808
|switch|p2a: Alomomola|Alomomola, F|100/100|[from] U-turn
|move|p1a: Avalugg|Avalanche|p2a: Alomomola
|-resisted|p2a: Alomomola
|-damage|p2a: Alomomola|94/100
|
|-heal|p1a: Avalugg|96/100|[from] item: Leftovers
|upkeep
|turn|2
|
|t:|1760339825
|move|p2a: Alomomola|Flip Turn|p1a: Avalugg
|-supereffective|p1a: Avalugg
|-crit|p1a: Avalugg
|-damage|p1a: Avalugg|78/100
|
|t:|1760339848
|switch|p2a: Tinkaton|Tinkaton, F|100/100|[from] Flip Turn
|move|p1a: Avalugg|Rapid Spin|p2a: Tinkaton
|-resisted|p2a: Tinkaton
|-damage|p2a: Tinkaton|92/100
|-boost|p1a: Avalugg|spe|1
|
|-heal|p2a: Tinkaton|98/100|[from] item: Leftovers
|-heal|p1a: Avalugg|84/100|[from] item: Leftovers
|upkeep
|turn|3
|
|t:|1760339870
|switch|p1a: Ogerpon|Ogerpon-Wellspring, F|100/100
|move|p2a: Tinkaton|Gigaton Hammer|p1a: Ogerpon
|-resisted|p1a: Ogerpon
|-damage|p1a: Ogerpon|74/100
|
|-heal|p2a: Tinkaton|100/100|[from] item: Leftovers
|upkeep
|turn|4
|
|t:|1760339879
|move|p1a: Ogerpon|Trailblaze|p2a: Tinkaton
|-resisted|p2a: Tinkaton
|-damage|p2a: Tinkaton|82/100
|-boost|p1a: Ogerpon|spe|1
|move|p2a: Tinkaton|Thunder Wave|p1a: Ogerpon
|-status|p1a: Ogerpon|par
|
|-heal|p2a: Tinkaton|88/100|[from] item: Leftovers
|upkeep
|turn|5
|
|t:|1760339893
|switch|p2a: Dragapult|Dragapult, F, shiny|100/100
|move|p1a: Ogerpon|Trailblaze|p2a: Dragapult
|-resisted|p2a: Dragapult
|-damage|p2a: Dragapult|81/100
|-boost|p1a: Ogerpon|spe|1
|
|upkeep
|turn|6
|
|t:|1760339909
|move|p2a: Dragapult|Hex|p1a: Ogerpon
|-damage|p1a: Ogerpon|11/100 par
|move|p1a: Ogerpon|Ivy Cudgel|p2a: Dragapult|[anim] Ivy Cudgel Water
|-resisted|p2a: Dragapult
|-damage|p2a: Dragapult|39/100
|
|upkeep
|turn|7
|
|t:|1760339916
|move|p2a: Dragapult|U-turn|p1a: Ogerpon
|-supereffective|p1a: Ogerpon
|-damage|p1a: Ogerpon|0 fnt
|faint|p1a: Ogerpon
|
|t:|1760339928
|switch|p2a: Alomomola|Alomomola, F|100/100|[from] U-turn
|
|upkeep
|
|t:|1760339935
|switch|p1a: Toxapex|Toxapex, F|100/100
|turn|8
|
|t:|1760339942
|move|p1a: Toxapex|Baneful Bunker|p1a: Toxapex
|-singleturn|p1a: Toxapex|move: Protect
|move|p2a: Alomomola|Wish|p2a: Alomomola
|
|upkeep
|turn|9
|
|t:|1760339956
|move|p2a: Alomomola|Flip Turn|p1a: Toxapex
|-resisted|p1a: Toxapex
|-damage|p1a: Toxapex|95/100
|
|t:|1760339960
|switch|p2a: Dragapult|Dragapult, F, shiny|39/100|[from] Flip Turn
|move|p1a: Toxapex|Ice Spinner|p2a: Dragapult
|-supereffective|p2a: Dragapult
|-damage|p2a: Dragapult|0 fnt
|faint|p2a: Dragapult
|
|upkeep
|
|t:|1760339968
|switch|p2a: Iron Crown|Iron Crown|100/100
|-enditem|p2a: Iron Crown|Booster Energy
|-activate|p2a: Iron Crown|ability: Quark Drive|[fromitem]
|-start|p2a: Iron Crown|quarkdrivespe
|turn|10
|
|t:|1760339981
|switch|p1a: Iron Jugulis|Iron Jugulis|100/100
|-enditem|p1a: Iron Jugulis|Booster Energy
|-activate|p1a: Iron Jugulis|ability: Quark Drive|[fromitem]
|-start|p1a: Iron Jugulis|quarkdrivespe
|move|p2a: Iron Crown|Calm Mind|p2a: Iron Crown
|-boost|p2a: Iron Crown|spa|1
|-boost|p2a: Iron Crown|spd|1
|
|upkeep
|turn|11
|
|t:|1760340003
|-terastallize|p2a: Iron Crown|Fighting
|move|p1a: Iron Jugulis|Dark Pulse|p2a: Iron Crown
|-resisted|p2a: Iron Crown
|-damage|p2a: Iron Crown|89/100
|cant|p2a: Iron Crown|flinch
|
|upkeep
|turn|12
|
|t:|1760340017
|move|p1a: Iron Jugulis|Dragon Pulse|p2a: Iron Crown
|-damage|p2a: Iron Crown|71/100
|move|p2a: Iron Crown|Tachyon Cutter|p1a: Iron Jugulis
|-damage|p1a: Iron Jugulis|56/100
|-damage|p1a: Iron Jugulis|15/100
|-hitcount|p1a: Iron Jugulis|2
|
|upkeep
|turn|13
|
|t:|1760340031
|move|p1a: Iron Jugulis|Flamethrower|p2a: Iron Crown
|-damage|p2a: Iron Crown|53/100
|move|p2a: Iron Crown|Tachyon Cutter|p1a: Iron Jugulis
|-damage|p1a: Iron Jugulis|0 fnt
|faint|p1a: Iron Jugulis
|-end|p1a: Iron Jugulis|Quark Drive|[silent]
|-hitcount|p1: Iron Jugulis|1
|
|upkeep
|
|t:|1760340052
|switch|p1a: Grimmsnarl|Grimmsnarl, M|100/100
|turn|14
|
|t:|1760340058
|move|p2a: Iron Crown|Tachyon Cutter|p1a: Grimmsnarl
|-supereffective|p1a: Grimmsnarl
|-damage|p1a: Grimmsnarl|25/100
|-supereffective|p1a: Grimmsnarl
|-damage|p1a: Grimmsnarl|0 fnt
|faint|p1a: Grimmsnarl
|-hitcount|p1: Grimmsnarl|2
|
|upkeep
|
|t:|1760340074
|switch|p1a: Suicune|Suicune|100/100
|turn|15
|
|t:|1760340087
|move|p2a: Iron Crown|Calm Mind|p2a: Iron Crown
|-boost|p2a: Iron Crown|spa|1
|-boost|p2a: Iron Crown|spd|1
|move|p1a: Suicune|Liquidation|p2a: Iron Crown
|-damage|p2a: Iron Crown|9/100
|-damage|p1a: Suicune|91/100|[from] item: Life Orb
|
|upkeep
|turn|16
|
|t:|1760340096
|move|p1a: Suicune|Extreme Speed|p2a: Iron Crown
|-damage|p2a: Iron Crown|0 fnt
|faint|p2a: Iron Crown
|-end|p2a: Iron Crown|Quark Drive|[silent]
|-damage|p1a: Suicune|81/100|[from] item: Life Orb
|
|upkeep
|
|t:|1760340113
|switch|p2a: Alomomola|Alomomola, F|100/100
|turn|17
|c|☆gcfhnxh|?
|
|t:|1760340126
|switch|p1a: Toxapex|Toxapex, F|95/100
|move|p2a: Alomomola|Flip Turn|p1a: Toxapex
|-resisted|p1a: Toxapex
|-damage|p1a: Toxapex|89/100
|
|t:|1760340135
|switch|p2a: Landorus|Landorus-Therian, M|100/100|[from] Flip Turn
|-ability|p2a: Landorus|Intimidate|boost
|-unboost|p1a: Toxapex|atk|1
|
|upkeep
|turn|18
|
|t:|1760340150
|switch|p2a: Alomomola|Alomomola, F|100/100
|move|p1a: Toxapex|Ice Spinner|p2a: Alomomola
|-resisted|p2a: Alomomola
|-damage|p2a: Alomomola|97/100
|
|upkeep
|turn|19
|l|☆syayyds
|player|p1|
|j|☆syayyds
|player|p1|syayyds|169|
|
|t:|1760340184
|move|p1a: Toxapex|Baneful Bunker|p1a: Toxapex
|-singleturn|p1a: Toxapex|move: Protect
|move|p2a: Alomomola|Scald|p1a: Toxapex
|-activate|p1a: Toxapex|move: Protect
|
|upkeep
|turn|20
|
|t:|1760340199
|switch|p2a: Tinkaton|Tinkaton, F|88/100
|switch|p1a: Suicune|Suicune|81/100
|
|-heal|p2a: Tinkaton|94/100|[from] item: Leftovers
|upkeep
|turn|21
|
|t:|1760340216
|move|p2a: Tinkaton|Thunder Wave|p1a: Suicune
|-status|p1a: Suicune|par
|move|p1a: Suicune|Trailblaze|p2a: Tinkaton
|-resisted|p2a: Tinkaton
|-damage|p2a: Tinkaton|84/100
|-boost|p1a: Suicune|spe|1
|-damage|p1a: Suicune|71/100 par|[from] item: Life Orb
|
|-heal|p2a: Tinkaton|90/100|[from] item: Leftovers
|upkeep
|turn|22
|
|t:|1760340237
|move|p2a: Tinkaton|Encore|p1a: Suicune
|-start|p1a: Suicune|Encore
|cant|p1a: Suicune|par
|
|-heal|p2a: Tinkaton|96/100|[from] item: Leftovers
|upkeep
|turn|23
|
|t:|1760340251
|switch|p2a: Landorus|Landorus-Therian, M|100/100
|-ability|p2a: Landorus|Intimidate|boost
|-fail|p1a: Suicune|unboost|Attack|[from] ability: Inner Focus|[of] p1a: Suicune
|switch|p1a: Toxapex|Toxapex, F|89/100
|
|upkeep
|turn|24
|
|t:|1760340263
|switch|p2a: Tinkaton|Tinkaton, F|96/100
|move|p1a: Toxapex|Gunk Shot|p2a: Tinkaton
|-immune|p2a: Tinkaton
|
|-heal|p2a: Tinkaton|100/100|[from] item: Leftovers
|upkeep
|turn|25
|-message|syayyds forfeited.
|
|win|gcfhnxh
|raw|syayyds's rating: 1176 &rarr; <strong>1147</strong><br />(-29 for losing)
|raw|gcfhnxh's rating: 1125 &rarr; <strong>1154</strong><br />(+29 for winning)
|l|☆syayyds
|player|p1|
