|j|‽phalaenopsismb
|j|☆Nicaraguandictator
|t:|1760435723
|gametype|singles
|player|p1|phalaenopsismb|170|1256
|player|p2|Nicaraguandictator|265|1328
|gen|9
|tier|[Gen 9] OU
|rated|
|rule|HP Percentage Mod: HP is shown in percentages
|rule|Endless Battle Clause: Forcing endless battles is banned
|rule|Species Clause: Limit one of each Pokémon
|rule|OHKO Clause: OHKO moves are banned
|rule|Evasion Items Clause: Evasion items are banned
|rule|Evasion Moves Clause: Evasion moves are banned
|rule|Evasion Abilities Clause: Evasion abilities are banned
|rule|Sleep Moves Clause: Sleep-inducing moves are banned
|clearpoke
|poke|p1|Keldeo-Resolute|
|poke|p1|Dragapult, M|
|poke|p1|Slowking-Galar, M|
|poke|p1|Kingambit, F|
|poke|p1|Zapdos|
|poke|p1|Great Tusk|
|poke|p2|Quaquaval, F|
|poke|p2|Mandibuzz, F|
|poke|p2|Cinderace, F|
|poke|p2|Slowking-Galar, F|
|poke|p2|Iron Treads|
|poke|p2|Thundurus-Therian, M|
|teampreview
|inactive|Battle timer is ON: inactive players will automatically lose when time's up. (requested by Nicaraguandictator)
|
|t:|1760435733
|teamsize|p1|6
|teamsize|p2|6
|start
|switch|p1a: Dragapult|Dragapult, M|100/100
|switch|p2a: Thundurus|Thundurus-Therian, M|100/100
|turn|1
|
|t:|1760435739
|-terastallize|p2a: Thundurus|Ice
|move|p2a: Thundurus|Tera Blast|p1a: Dragapult|[anim] Tera Blast Ice
|-supereffective|p1a: Dragapult
|-damage|p1a: Dragapult|0 fnt
|faint|p1a: Dragapult
|
|upkeep
|
|t:|1760435745
|switch|p1a: Kingambit|Kingambit, F|100/100
|-activate|p1a: Kingambit|ability: Supreme Overlord
|-start|p1a: Kingambit|fallen1|[silent]
|turn|2
|
|t:|1760435750
|switch|p2a: Mandibuzz|Mandibuzz, F|100/100
|move|p1a: Kingambit|Swords Dance|p1a: Kingambit
|-boost|p1a: Kingambit|atk|2
|
|upkeep
|turn|3
|
|t:|1760435756
|move|p1a: Kingambit|Kowtow Cleave|p2a: Mandibuzz
|-resisted|p2a: Mandibuzz
|-damage|p2a: Mandibuzz|58/100
|move|p2a: Mandibuzz|Foul Play|p1a: Kingambit
|-resisted|p1a: Kingambit
|-damage|p1a: Kingambit|56/100
|
|-heal|p1a: Kingambit|62/100|[from] item: Leftovers
|upkeep
|turn|4
|
|t:|1760435768
|move|p1a: Kingambit|Kowtow Cleave|p2a: Mandibuzz
|-resisted|p2a: Mandibuzz
|-damage|p2a: Mandibuzz|15/100
|move|p2a: Mandibuzz|Iron Defense|p2a: Mandibuzz
|-boost|p2a: Mandibuzz|def|2
|
|-heal|p1a: Kingambit|68/100|[from] item: Leftovers
|upkeep
|turn|5
|
|t:|1760435775
|move|p1a: Kingambit|Kowtow Cleave|p2a: Mandibuzz
|-resisted|p2a: Mandibuzz
|-damage|p2a: Mandibuzz|0 fnt
|faint|p2a: Mandibuzz
|
|-heal|p1a: Kingambit|74/100|[from] item: Leftovers
|upkeep
|
|t:|1760435783
|switch|p2a: Quaquaval|Quaquaval, F|100/100
|turn|6
|
|t:|1760435791
|-terastallize|p1a: Kingambit|Flying
|move|p2a: Quaquaval|Aqua Step|p1a: Kingambit
|-damage|p1a: Kingambit|34/100
|-boost|p2a: Quaquaval|spe|1
|move|p1a: Kingambit|Kowtow Cleave|p2a: Quaquaval
|-resisted|p2a: Quaquaval
|-damage|p2a: Quaquaval|22/100
|
|-heal|p1a: Kingambit|40/100|[from] item: Leftovers
|upkeep
|turn|7
|
|t:|1760435804
|move|p1a: Kingambit|Sucker Punch||[still]
|-fail|p1a: Kingambit
|move|p2a: Quaquaval|Swords Dance|p2a: Quaquaval
|-boost|p2a: Quaquaval|atk|2
|
|-heal|p1a: Kingambit|46/100|[from] item: Leftovers
|upkeep
|turn|8
|
|t:|1760435811
|move|p2a: Quaquaval|Aqua Jet|p1a: Kingambit
|-damage|p1a: Kingambit|5/100
|move|p1a: Kingambit|Sucker Punch||[still]
|-fail|p1a: Kingambit
|
|-heal|p1a: Kingambit|11/100|[from] item: Leftovers
|upkeep
|turn|9
|
|t:|1760435817
|-end|p1a: Kingambit|fallen1|[silent]
|switch|p1a: Zapdos|Zapdos|100/100
|move|p2a: Quaquaval|Aqua Jet|p1a: Zapdos
|-damage|p1a: Zapdos|64/100
|
|upkeep
|turn|10
|
|t:|1760435829
|move|p2a: Quaquaval|Aqua Step|p1a: Zapdos
|-damage|p1a: Zapdos|0 fnt
|-boost|p2a: Quaquaval|spe|1
|-status|p2a: Quaquaval|par|[from] ability: Static|[of] p1a: Zapdos
|faint|p1a: Zapdos
|-ability|p2a: Quaquaval|Moxie|boost
|-boost|p2a: Quaquaval|atk|1
|
|upkeep
|
|t:|1760435841
|switch|p1a: Great Tusk|Great Tusk|100/100
|-enditem|p1a: Great Tusk|Booster Energy
|-activate|p1a: Great Tusk|ability: Protosynthesis|[fromitem]
|-start|p1a: Great Tusk|protosynthesisatk
|turn|11
|
|t:|1760435851
|move|p2a: Quaquaval|Aqua Jet|p1a: Great Tusk
|-supereffective|p1a: Great Tusk
|-damage|p1a: Great Tusk|3/100
|move|p1a: Great Tusk|Rapid Spin|p2a: Quaquaval
|-damage|p2a: Quaquaval|0 fnt
|-boost|p1a: Great Tusk|spe|1
|faint|p2a: Quaquaval
|
|upkeep
|
|t:|1760435867
|switch|p2a: Iron Treads|Iron Treads|100/100
|-enditem|p2a: Iron Treads|Booster Energy
|-activate|p2a: Iron Treads|ability: Quark Drive|[fromitem]
|-start|p2a: Iron Treads|quarkdrivespe
|turn|12
|
|t:|1760435874
|move|p2a: Iron Treads|Earthquake|p1a: Great Tusk
|-damage|p1a: Great Tusk|0 fnt
|faint|p1a: Great Tusk
|-end|p1a: Great Tusk|Protosynthesis|[silent]
|
|upkeep
|
|t:|1760435881
|switch|p1a: Keldeo|Keldeo-Resolute|100/100
|turn|13
|
|t:|1760435885
|-end|p2a: Iron Treads|Quark Drive|[silent]
|switch|p2a: Slowking|Slowking-Galar, F|100/100
|move|p1a: Keldeo|Surf|p2a: Slowking
|-damage|p2a: Slowking|77/100
|
|upkeep
|turn|14
|
|t:|1760435891
|move|p1a: Keldeo|Substitute|p1a: Keldeo
|-start|p1a: Keldeo|Substitute
|-damage|p1a: Keldeo|76/100
|move|p2a: Slowking|Psychic Noise|p1a: Keldeo
|-supereffective|p1a: Keldeo
|-damage|p1a: Keldeo|15/100
|-start|p1a: Keldeo|move: Heal Block
|
|upkeep
|turn|15
|-message|phalaenopsismb forfeited.
|
|win|Nicaraguandictator
|raw|phalaenopsismb's rating: 1256 &rarr; <strong>1236</strong><br />(-20 for losing)
|raw|Nicaraguandictator's rating: 1328 &rarr; <strong>1344</strong><br />(+16 for winning)
|l|‽phalaenopsismb
|player|p1|
|l|☆Nicaraguandictator
|player|p2|
