|j|☆Katze 632
|j|☆Dolost
|t:|1760383679
|gametype|singles
|player|p1|Katze 632|ingo|1141
|player|p2|Dolost|gentleman-gen4dp|1185
|gen|9
|tier|[Gen 9] OU
|rated|
|rule|HP Percentage Mod: HP is shown in percentages
|rule|Endless Battle Clause: Forcing endless battles is banned
|rule|Species Clause: Limit one of each Pokémon
|rule|OHKO Clause: OHKO moves are banned
|rule|Evasion Items Clause: Evasion items are banned
|rule|Evasion Moves Clause: Evasion moves are banned
|rule|Evasion Abilities Clause: Evasion abilities are banned
|rule|Sleep Moves Clause: Sleep-inducing moves are banned
|clearpoke
|poke|p1|Ceruledge, F|
|poke|p1|Hatterene, F|
|poke|p1|Scizor, F|
|poke|p1|Samurott-Hisui, F|
|poke|p1|Tornadus-Therian, M|
|poke|p1|Weezing-Galar, F|
|poke|p2|Porygon-Z|
|poke|p2|Wo-Chien|
|poke|p2|Ceruledge, M|
|poke|p2|Ursaluna, M|
|poke|p2|Amoonguss, M|
|poke|p2|Sylveon, M|
|teampreview
|inactive|Battle timer is ON: inactive players will automatically lose when time's up. (requested by Katze 632)
|
|t:|1760383702
|teamsize|p1|6
|teamsize|p2|6
|start
|switch|p1a: Shrimpo|Scizor, F|100/100
|switch|p2a: Porygon-Z|Porygon-Z|100/100
|turn|1
|
|t:|1760383719
|-terastallize|p2a: Porygon-Z|Ground
|move|p2a: Porygon-Z|Tera Blast|p1a: Shrimpo|[anim] Tera Blast Ground
|-damage|p1a: Shrimpo|10/100
|move|p1a: Shrimpo|U-turn|p2a: Porygon-Z
|-damage|p2a: Porygon-Z|10/100
|
|t:|1760383730
|switch|p1a: Soulvester|Ceruledge, F|100/100|[from] U-turn
|
|upkeep
|turn|2
|
|t:|1760383738
|switch|p2a: Ursaluna|Ursaluna, M|100/100
|move|p1a: Soulvester|Shadow Sneak|p2a: Ursaluna
|-immune|p2a: Ursaluna
|
|-status|p2a: Ursaluna|brn|[from] item: Flame Orb
|upkeep
|turn|3
|
|t:|1760383746
|move|p1a: Soulvester|Swords Dance|p1a: Soulvester
|-boost|p1a: Soulvester|atk|2
|move|p2a: Ursaluna|Headlong Rush|p1a: Soulvester
|-supereffective|p1a: Soulvester
|-enditem|p1a: Soulvester|Focus Sash
|-damage|p1a: Soulvester|1/100
|-unboost|p2a: Ursaluna|def|1
|-unboost|p2a: Ursaluna|spd|1
|-ability|p1a: Soulvester|Weak Armor|boost
|-unboost|p1a: Soulvester|def|1
|-boost|p1a: Soulvester|spe|2
|
|-damage|p2a: Ursaluna|94/100 brn|[from] brn
|upkeep
|turn|4
|
|t:|1760383760
|switch|p2a: Amoonguss|Amoonguss, M|100/100
|move|p1a: Soulvester|Close Combat|p2a: Amoonguss
|-resisted|p2a: Amoonguss
|-damage|p2a: Amoonguss|70/100
|-unboost|p1a: Soulvester|def|1
|-unboost|p1a: Soulvester|spd|1
|-damage|p1a: Soulvester|0 fnt|[from] item: Rocky Helmet|[of] p2a: Amoonguss
|faint|p1a: Soulvester
|
|upkeep
|
|t:|1760383778
|switch|p1a: Weezing|Weezing-Galar, F|100/100
|-ability|p1a: Weezing|Neutralizing Gas
|turn|5
|
|t:|1760383796
|switch|p2a: Wo-Chien|Wo-Chien|100/100
|move|p1a: Weezing|Will-O-Wisp|p2a: Wo-Chien|[miss]
|-miss|p1a: Weezing|p2a: Wo-Chien
|
|upkeep
|turn|6
|
|t:|1760383803
|move|p2a: Wo-Chien|Leech Seed|p1a: Weezing
|-start|p1a: Weezing|move: Leech Seed
|move|p1a: Weezing|Will-O-Wisp|p2a: Wo-Chien
|-status|p2a: Wo-Chien|brn
|
|-damage|p1a: Weezing|88/100|[from] Leech Seed|[of] p2a: Wo-Chien
|-damage|p2a: Wo-Chien|94/100 brn|[from] brn
|upkeep
|turn|7
|
|t:|1760383812
|move|p2a: Wo-Chien|Knock Off|p1a: Weezing
|-resisted|p1a: Weezing
|-damage|p1a: Weezing|83/100
|-enditem|p1a: Weezing|Heavy-Duty Boots|[from] move: Knock Off|[of] p2a: Wo-Chien
|move|p1a: Weezing|Strange Steam|p2a: Wo-Chien
|-supereffective|p2a: Wo-Chien
|-damage|p2a: Wo-Chien|57/100 brn
|-start|p2a: Wo-Chien|confusion
|
|-heal|p2a: Wo-Chien|64/100 brn|[from] item: Leftovers
|-damage|p1a: Weezing|71/100|[from] Leech Seed|[of] p2a: Wo-Chien
|-heal|p2a: Wo-Chien|75/100 brn|[silent]
|-damage|p2a: Wo-Chien|68/100 brn|[from] brn
|upkeep
|turn|8
|
|t:|1760383826
|-end|p1a: Weezing|ability: Neutralizing Gas
|-ability|p2a: Wo-Chien|Tablets of Ruin
|switch|p1a: Bassie|Hatterene, F|100/100
|-activate|p2a: Wo-Chien|confusion
|move|p2a: Wo-Chien|Ruination|p1a: Bassie
|-damage|p1a: Bassie|50/100
|
|-heal|p2a: Wo-Chien|75/100 brn|[from] item: Leftovers
|-heal|p1a: Bassie|56/100|[from] item: Leftovers
|-damage|p2a: Wo-Chien|68/100 brn|[from] brn
|upkeep
|turn|9
|
|t:|1760383844
|-activate|p2a: Wo-Chien|confusion
|move|p2a: Wo-Chien|Knock Off|p1a: Bassie
|-damage|p1a: Bassie|45/100
|-enditem|p1a: Bassie|Leftovers|[from] move: Knock Off|[of] p2a: Wo-Chien
|move|p1a: Bassie|Draining Kiss|p2a: Wo-Chien
|-supereffective|p2a: Wo-Chien
|-damage|p2a: Wo-Chien|35/100 brn
|-heal|p1a: Bassie|74/100|[from] drain|[of] p2a: Wo-Chien
|
|-heal|p2a: Wo-Chien|41/100 brn|[from] item: Leftovers
|-damage|p2a: Wo-Chien|35/100 brn|[from] brn
|upkeep
|turn|10
|
|t:|1760383856
|switch|p2a: Sylveon|Sylveon, M|100/100
|move|p1a: Bassie|Draining Kiss|p2a: Sylveon
|-damage|p2a: Sylveon|85/100
|-heal|p1a: Bassie|87/100|[from] drain|[of] p2a: Sylveon
|
|upkeep
|turn|11
|
|t:|1760383869
|move|p2a: Sylveon|Calm Mind|p2a: Sylveon
|-boost|p2a: Sylveon|spa|1
|-boost|p2a: Sylveon|spd|1
|move|p1a: Bassie|Psychic Noise|p2a: Sylveon
|-damage|p2a: Sylveon|68/100
|-start|p2a: Sylveon|move: Heal Block
|
|upkeep
|turn|12
|
|t:|1760383889
|switch|p1a: Weezing|Weezing-Galar, F|71/100
|-ability|p1a: Weezing|Neutralizing Gas
|move|p2a: Sylveon|Moonblast|p1a: Weezing
|-resisted|p1a: Weezing
|-damage|p1a: Weezing|12/100
|
|-end|p2a: Sylveon|move: Heal Block
|upkeep
|turn|13
|
|t:|1760383901
|move|p2a: Sylveon|Calm Mind|p2a: Sylveon
|-boost|p2a: Sylveon|spa|1
|-boost|p2a: Sylveon|spd|1
|move|p1a: Weezing|Pain Split|p2a: Sylveon
|-sethp|p2a: Sylveon|40/100|[from] move: Pain Split|[silent]
|-sethp|p1a: Weezing|40/100|[from] move: Pain Split
|
|upkeep
|turn|14
|
|t:|1760383924
|-end|p1a: Weezing|ability: Neutralizing Gas
|switch|p1a: Pebble|Samurott-Hisui, F|100/100
|move|p2a: Sylveon|Moonblast|p1a: Pebble
|-supereffective|p1a: Pebble
|-damage|p1a: Pebble|0 fnt
|faint|p1a: Pebble
|
|upkeep
|
|t:|1760383933
|switch|p1a: Shrimpo|Scizor, F|10/100
|turn|15
|
|t:|1760383954
|switch|p1a: Tornadus|Tornadus-Therian, M|100/100
|switch|p2a: Wo-Chien|Wo-Chien|35/100 brn
|-ability|p2a: Wo-Chien|Tablets of Ruin
|
|-heal|p2a: Wo-Chien|41/100 brn|[from] item: Leftovers
|-damage|p2a: Wo-Chien|35/100 brn|[from] brn
|upkeep
|turn|16
|
|t:|1760383970
|switch|p2a: Ursaluna|Ursaluna, M|94/100 brn
|move|p1a: Tornadus|Nasty Plot|p1a: Tornadus
|-boost|p1a: Tornadus|spa|2
|
|-damage|p2a: Ursaluna|88/100 brn|[from] brn
|upkeep
|turn|17
|
|t:|1760383981
|move|p1a: Tornadus|Bleakwind Storm|p2a: Ursaluna
|-damage|p2a: Ursaluna|0 fnt
|faint|p2a: Ursaluna
|-damage|p1a: Tornadus|91/100|[from] item: Life Orb
|
|upkeep
|
|t:|1760383992
|switch|p2a: Porygon-Z|Porygon-Z, tera:Ground|10/100
|turn|18
|
|t:|1760384007
|move|p1a: Tornadus|Heat Wave|p2a: Porygon-Z
|-damage|p2a: Porygon-Z|0 fnt
|faint|p2a: Porygon-Z
|-damage|p1a: Tornadus|81/100|[from] item: Life Orb
|
|upkeep
|
|t:|1760384017
|switch|p2a: Amoonguss|Amoonguss, M|70/100
|turn|19
|
|t:|1760384025
|move|p1a: Tornadus|Heat Wave|p2a: Amoonguss
|-supereffective|p2a: Amoonguss
|-damage|p2a: Amoonguss|0 fnt
|faint|p2a: Amoonguss
|-damage|p1a: Tornadus|71/100|[from] item: Life Orb
|
|upkeep
|
|t:|1760384033
|switch|p2a: Sylveon|Sylveon, M|40/100
|turn|20
|
|t:|1760384045
|move|p1a: Tornadus|Bleakwind Storm|p2a: Sylveon
|-damage|p2a: Sylveon|0 fnt
|faint|p2a: Sylveon
|-damage|p1a: Tornadus|62/100|[from] item: Life Orb
|
|upkeep
|
|t:|1760384054
|switch|p2a: Wo-Chien|Wo-Chien|35/100 brn
|-ability|p2a: Wo-Chien|Tablets of Ruin
|turn|21
|
|t:|1760384059
|move|p1a: Tornadus|Heat Wave|p2a: Wo-Chien
|-supereffective|p2a: Wo-Chien
|-damage|p2a: Wo-Chien|0 fnt
|faint|p2a: Wo-Chien
|-damage|p1a: Tornadus|52/100|[from] item: Life Orb
|
|upkeep
|
|t:|1760384065
|switch|p2a: Ceruledge|Ceruledge, M|100/100
|turn|22
|
|t:|1760384075
|move|p1a: Tornadus|Bleakwind Storm|p2a: Ceruledge|[miss]
|-miss|p1a: Tornadus|p2a: Ceruledge
|move|p2a: Ceruledge|Swords Dance|p2a: Ceruledge
|-boost|p2a: Ceruledge|atk|2
|
|upkeep
|turn|23
|
|t:|1760384087
|move|p1a: Tornadus|Bleakwind Storm|p2a: Ceruledge
|-enditem|p2a: Ceruledge|Focus Sash
|-damage|p2a: Ceruledge|1/100
|-unboost|p2a: Ceruledge|spe|1
|-damage|p1a: Tornadus|42/100|[from] item: Life Orb
|move|p2a: Ceruledge|Shadow Claw|p1a: Tornadus
|-damage|p1a: Tornadus|0 fnt
|faint|p1a: Tornadus
|
|upkeep
|
|t:|1760384094
|switch|p1a: Shrimpo|Scizor, F|10/100
|turn|24
|
|t:|1760384100
|move|p1a: Shrimpo|Bullet Punch|p2a: Ceruledge
|-resisted|p2a: Ceruledge
|-damage|p2a: Ceruledge|0 fnt
|faint|p2a: Ceruledge
|
|win|Katze 632
|raw|Katze 632's rating: 1141 &rarr; <strong>1169</strong><br />(+28 for winning)
|raw|Dolost's rating: 1185 &rarr; <strong>1157</strong><br />(-28 for losing)
|c|☆Katze 632|Gg
|l|☆Dolost
|player|p2|
