|j|☆thodoras edition
|j|☆Chuck2025
|t:|1760440049
|gametype|singles
|player|p1|thodoras edition|101|1363
|player|p2|Chuck2025|2|1355
|gen|9
|tier|[Gen 9] OU
|rated|
|rule|HP Percentage Mod: HP is shown in percentages
|rule|Endless Battle Clause: Forcing endless battles is banned
|rule|Species Clause: Limit one of each Pokémon
|rule|OHKO Clause: OHKO moves are banned
|rule|Evasion Items Clause: Evasion items are banned
|rule|Evasion Moves Clause: Evasion moves are banned
|rule|Evasion Abilities Clause: Evasion abilities are banned
|rule|Sleep Moves Clause: Sleep-inducing moves are banned
|clearpoke
|poke|p1|Clodsire, F|
|poke|p1|Moltres|
|poke|p1|Kingambit, M|
|poke|p1|Dragapult, M|
|poke|p1|Deoxys-Speed|
|poke|p1|Garganacl, F|
|poke|p2|Dragonite, F|
|poke|p2|Volcanion|
|poke|p2|Zamazenta-*|
|poke|p2|Meloetta|
|poke|p2|Iron Hands|
|poke|p2|Iron Leaves|
|teampreview
|inactive|Battle timer is ON: inactive players will automatically lose when time's up. (requested by Chuck2025)
|
|t:|1760440062
|teamsize|p1|6
|teamsize|p2|6
|start
|switch|p1a: Dragapult|Dragapult, M|100/100
|switch|p2a: Iron Hands|Iron Hands, shiny|100/100
|turn|1
|
|t:|1760440068
|move|p1a: Dragapult|Will-O-Wisp|p2a: Iron Hands
|-status|p2a: Iron Hands|brn
|move|p2a: Iron Hands|Ice Punch|p1a: Dragapult
|-supereffective|p1a: Dragapult
|-damage|p1a: Dragapult|58/100
|
|-damage|p2a: Iron Hands|94/100 brn|[from] brn
|upkeep
|turn|2
|
|t:|1760440077
|move|p1a: Dragapult|Hex|p2a: Iron Hands
|-damage|p2a: Iron Hands|46/100 brn
|move|p2a: Iron Hands|Ice Punch|p1a: Dragapult
|-supereffective|p1a: Dragapult
|-damage|p1a: Dragapult|16/100
|
|-damage|p2a: Iron Hands|39/100 brn|[from] brn
|upkeep
|turn|3
|
|t:|1760440086
|move|p1a: Dragapult|Hex|p2a: Iron Hands
|-damage|p2a: Iron Hands|0 fnt
|faint|p2a: Iron Hands
|-end|p2a: Iron Hands|Quark Drive|[silent]
|
|upkeep
|
|t:|1760440100
|switch|p2a: Dragonite|Dragonite, F|100/100
|turn|4
|
|t:|1760440105
|-terastallize|p2a: Dragonite|Fairy
|move|p1a: Dragapult|Will-O-Wisp|p2a: Dragonite
|-status|p2a: Dragonite|brn
|move|p2a: Dragonite|Dragon Claw|p1a: Dragapult
|-supereffective|p1a: Dragapult
|-damage|p1a: Dragapult|0 fnt
|faint|p1a: Dragapult
|
|-damage|p2a: Dragonite|94/100 brn|[from] brn
|upkeep
|
|t:|1760440119
|switch|p1a: Garganacl|Garganacl, F|100/100
|turn|5
|
|t:|1760440124
|move|p2a: Dragonite|Earthquake|p1a: Garganacl
|-supereffective|p1a: Garganacl
|-damage|p1a: Garganacl|76/100
|move|p1a: Garganacl|Stealth Rock|p2a: Dragonite
|-sidestart|p2: Chuck2025|move: Stealth Rock
|
|-heal|p1a: Garganacl|82/100|[from] item: Leftovers
|-damage|p2a: Dragonite|88/100 brn|[from] brn
|upkeep
|turn|6
|
|t:|1760440133
|switch|p2a: Iron Leaves|Iron Leaves|100/100
|move|p1a: Garganacl|Salt Cure|p2a: Iron Leaves
|-damage|p2a: Iron Leaves|85/100
|-start|p2a: Iron Leaves|Salt Cure
|
|-heal|p1a: Garganacl|88/100|[from] item: Leftovers
|-damage|p2a: Iron Leaves|72/100|[from] Salt Cure
|upkeep
|turn|7
|
|t:|1760440144
|switch|p1a: Moltres|Moltres|100/100
|move|p2a: Iron Leaves|Leaf Blade|p1a: Moltres
|-resisted|p1a: Moltres
|-damage|p1a: Moltres|92/100
|
|-damage|p2a: Iron Leaves|60/100|[from] Salt Cure
|upkeep
|turn|8
|
|t:|1760440153
|-end|p2a: Iron Leaves|Quark Drive|[silent]
|switch|p2a: Dragonite|Dragonite, F, tera:Fairy|88/100 brn
|move|p1a: Moltres|U-turn|p2a: Dragonite
|-resisted|p2a: Dragonite
|-damage|p2a: Dragonite|81/100 brn
|
|t:|1760440156
|switch|p1a: Garganacl|Garganacl, F|88/100|[from] U-turn
|
|-heal|p1a: Garganacl|95/100|[from] item: Leftovers
|-damage|p2a: Dragonite|75/100 brn|[from] brn
|upkeep
|turn|9
|
|t:|1760440173
|switch|p2a: Meloetta|Meloetta|100/100
|move|p1a: Garganacl|Salt Cure|p2a: Meloetta
|-damage|p2a: Meloetta|82/100
|-start|p2a: Meloetta|Salt Cure
|
|-heal|p1a: Garganacl|100/100|[from] item: Leftovers
|-damage|p2a: Meloetta|69/100|[from] Salt Cure
|upkeep
|turn|10
|
|t:|1760440185
|move|p1a: Garganacl|Protect|p1a: Garganacl
|-singleturn|p1a: Garganacl|Protect
|move|p2a: Meloetta|Energy Ball|p1a: Garganacl
|-activate|p1a: Garganacl|move: Protect
|
|-damage|p2a: Meloetta|57/100|[from] Salt Cure
|upkeep
|turn|11
|
|t:|1760440194
|move|p2a: Meloetta|Energy Ball|p1a: Garganacl
|-supereffective|p1a: Garganacl
|-damage|p1a: Garganacl|57/100
|move|p1a: Garganacl|Recover|p1a: Garganacl
|-heal|p1a: Garganacl|100/100
|
|-damage|p2a: Meloetta|45/100|[from] Salt Cure
|upkeep
|turn|12
|
|t:|1760440203
|switch|p2a: Iron Leaves|Iron Leaves|60/100
|move|p1a: Garganacl|Salt Cure|p2a: Iron Leaves
|-damage|p2a: Iron Leaves|44/100
|-start|p2a: Iron Leaves|Salt Cure
|
|-damage|p2a: Iron Leaves|32/100|[from] Salt Cure
|upkeep
|turn|13
|
|t:|1760440213
|move|p1a: Garganacl|Protect|p1a: Garganacl
|-singleturn|p1a: Garganacl|Protect
|move|p2a: Iron Leaves|Psyblade|p1a: Garganacl
|-activate|p1a: Garganacl|move: Protect
|
|-damage|p2a: Iron Leaves|20/100|[from] Salt Cure
|upkeep
|turn|14
|
|t:|1760440221
|switch|p1a: Kingambit|Kingambit, M|100/100
|-activate|p1a: Kingambit|ability: Supreme Overlord
|-start|p1a: Kingambit|fallen1|[silent]
|move|p2a: Iron Leaves|Leaf Blade|p1a: Kingambit
|-resisted|p1a: Kingambit
|-damage|p1a: Kingambit|79/100
|
|-heal|p1a: Kingambit|85/100|[from] item: Leftovers
|-damage|p2a: Iron Leaves|7/100|[from] Salt Cure
|upkeep
|turn|15
|
|t:|1760440233
|move|p1a: Kingambit|Sucker Punch|p2a: Iron Leaves
|-supereffective|p2a: Iron Leaves
|-damage|p2a: Iron Leaves|0 fnt
|faint|p2a: Iron Leaves
|-end|p2a: Iron Leaves|Quark Drive|[silent]
|
|-heal|p1a: Kingambit|91/100|[from] item: Leftovers
|upkeep
|
|t:|1760440240
|switch|p2a: Volcanion|Volcanion|100/100
|turn|16
|
|t:|1760440251
|move|p1a: Kingambit|Sucker Punch|p2a: Volcanion
|-damage|p2a: Volcanion|64/100
|move|p2a: Volcanion|Flamethrower|p1a: Kingambit
|-supereffective|p1a: Kingambit
|-damage|p1a: Kingambit|0 fnt
|faint|p1a: Kingambit
|-end|p1a: Kingambit|fallen1|[silent]
|
|upkeep
|
|t:|1760440268
|switch|p1a: Clodsire|Clodsire, F|100/100
|turn|17
|
|t:|1760440272
|-terastallize|p1a: Clodsire|Water
|move|p2a: Volcanion|Earth Power|p1a: Clodsire
|-damage|p1a: Clodsire|83/100
|move|p1a: Clodsire|Earthquake|p2a: Volcanion
|-supereffective|p2a: Volcanion
|-damage|p2a: Volcanion|17/100
|
|upkeep
|turn|18
|
|t:|1760440284
|switch|p2a: Meloetta|Meloetta|45/100
|move|p1a: Clodsire|Earthquake|p2a: Meloetta
|-damage|p2a: Meloetta|8/100
|
|upkeep
|turn|19
|
|t:|1760440292
|move|p2a: Meloetta|Thunderbolt|p1a: Clodsire
|-supereffective|p1a: Clodsire
|-damage|p1a: Clodsire|50/100
|move|p1a: Clodsire|Earthquake|p2a: Meloetta
|-damage|p2a: Meloetta|0 fnt
|faint|p2a: Meloetta
|
|upkeep
|
|t:|1760440300
|switch|p2a: Dragonite|Dragonite, F, tera:Fairy|75/100 brn
|turn|20
|
|t:|1760440303
|move|p2a: Dragonite|Dragon Claw|p1a: Clodsire
|-damage|p1a: Clodsire|23/100
|move|p1a: Clodsire|Recover|p1a: Clodsire
|-heal|p1a: Clodsire|73/100
|
|-damage|p2a: Dragonite|69/100 brn|[from] brn
|upkeep
|turn|21
|-message|Chuck2025 forfeited.
|
|win|thodoras edition
|raw|thodoras edition's rating: 1363 &rarr; <strong>1383</strong><br />(+20 for winning)
|raw|Chuck2025's rating: 1355 &rarr; <strong>1335</strong><br />(-20 for losing)
|l|☆Chuck2025
|player|p2|
|l|☆thodoras edition
|player|p1|
