|j|☆sv ou goatastic
|j|☆kiritani haruka
|t:|1760430844
|gametype|singles
|player|p1|sv ou goatastic|steven|1430
|player|p2|kiritani haruka|miku-fairy|1492
|gen|9
|tier|[Gen 9] OU
|rated|
|rule|HP Percentage Mod: HP is shown in percentages
|rule|Endless Battle Clause: Forcing endless battles is banned
|rule|Species Clause: Limit one of each Pokémon
|rule|OHKO Clause: OHKO moves are banned
|rule|Evasion Items Clause: Evasion items are banned
|rule|Evasion Moves Clause: Evasion moves are banned
|rule|Evasion Abilities Clause: Evasion abilities are banned
|rule|Sleep Moves Clause: Sleep-inducing moves are banned
|clearpoke
|poke|p1|Great Tusk|
|poke|p1|Enamorus, F|
|poke|p1|Ogerpon, F|
|poke|p1|Primarina, M|
|poke|p1|Kingambit, F|
|poke|p1|Slowking-Galar, F|
|poke|p2|Gholdengo|
|poke|p2|Zamazenta-*|
|poke|p2|Ting-Lu|
|poke|p2|Clefable, F|
|poke|p2|Dragonite, M|
|poke|p2|Deoxys-Speed|
|teampreview
|
|t:|1760430852
|teamsize|p1|6
|teamsize|p2|6
|start
|switch|p1a: Primarina|Primarina, M|100/100
|switch|p2a: Up Bowl On Em|Ting-Lu|100/100
|-ability|p2a: Up Bowl On Em|Vessel of Ruin
|turn|1
|inactive|Battle timer is ON: inactive players will automatically lose when time's up. (requested by sv ou goatastic)
|
|t:|1760430860
|move|p1a: Primarina|Whirlpool|p2a: Up Bowl On Em
|-supereffective|p2a: Up Bowl On Em
|-damage|p2a: Up Bowl On Em|85/100
|-activate|p2a: Up Bowl On Em|move: Whirlpool|[of] p1a: Primarina
|move|p2a: Up Bowl On Em|Ruination|p1a: Primarina
|-damage|p1a: Primarina|50/100
|
|-heal|p1a: Primarina|57/100|[from] item: Leftovers
|-heal|p2a: Up Bowl On Em|92/100|[from] item: Leftovers
|-damage|p2a: Up Bowl On Em|79/100|[from] move: Whirlpool|[partiallytrapped]
|upkeep
|turn|2
|
|t:|1760430873
|move|p1a: Primarina|Substitute|p1a: Primarina
|-start|p1a: Primarina|Substitute
|-damage|p1a: Primarina|32/100
|move|p2a: Up Bowl On Em|Whirlwind|p1a: Primarina
|drag|p1a: Kingambit|Kingambit, F|100/100
|
|-heal|p2a: Up Bowl On Em|85/100|[from] item: Leftovers
|-end|p2a: Up Bowl On Em|Whirlpool|[partiallytrapped]|[silent]
|upkeep
|turn|3
|
|t:|1760430886
|move|p1a: Kingambit|Iron Head|p2a: Up Bowl On Em
|-damage|p2a: Up Bowl On Em|57/100
|move|p2a: Up Bowl On Em|Spikes|p1a: Kingambit
|-sidestart|p1: sv ou goatastic|Spikes
|
|-heal|p2a: Up Bowl On Em|64/100|[from] item: Leftovers
|upkeep
|turn|4
|
|t:|1760430895
|move|p1a: Kingambit|Swords Dance|p1a: Kingambit
|-boost|p1a: Kingambit|atk|2
|move|p2a: Up Bowl On Em|Ruination|p1a: Kingambit
|-damage|p1a: Kingambit|51/100
|
|-heal|p1a: Kingambit|57/100|[from] item: Leftovers
|-heal|p2a: Up Bowl On Em|70/100|[from] item: Leftovers
|upkeep
|turn|5
|
|t:|1760430904
|move|p1a: Kingambit|Iron Head|p2a: Up Bowl On Em
|-damage|p2a: Up Bowl On Em|16/100
|move|p2a: Up Bowl On Em|Whirlwind|p1a: Kingambit
|-end|p1a: Kingambit|fallenundefined|[silent]
|drag|p1a: Primarina|Primarina, M|32/100
|-damage|p1a: Primarina|20/100|[from] Spikes
|
|-heal|p1a: Primarina|26/100|[from] item: Leftovers
|-heal|p2a: Up Bowl On Em|22/100|[from] item: Leftovers
|upkeep
|turn|6
|
|t:|1760430915
|move|p1a: Primarina|Psychic Noise|p2a: Up Bowl On Em
|-supereffective|p2a: Up Bowl On Em
|-damage|p2a: Up Bowl On Em|0 fnt
|faint|p2a: Up Bowl On Em
|
|-heal|p1a: Primarina|32/100|[from] item: Leftovers
|upkeep
|
|t:|1760430930
|switch|p2a: Djengo Unrained|Gholdengo|100/100
|turn|7
|
|t:|1760430936
|move|p2a: Djengo Unrained|Nasty Plot|p2a: Djengo Unrained
|-boost|p2a: Djengo Unrained|spa|2
|move|p1a: Primarina|Psychic Noise|p2a: Djengo Unrained
|-damage|p2a: Djengo Unrained|62/100
|-start|p2a: Djengo Unrained|move: Heal Block
|
|-heal|p1a: Primarina|38/100|[from] item: Leftovers
|upkeep
|turn|8
|
|t:|1760430947
|move|p2a: Djengo Unrained|Shadow Ball|p1a: Primarina
|-damage|p1a: Primarina|0 fnt
|faint|p1a: Primarina
|
|-end|p2a: Djengo Unrained|move: Heal Block
|upkeep
|
|t:|1760430956
|switch|p1a: Ogerpon|Ogerpon, F|100/100
|-damage|p1a: Ogerpon|88/100|[from] Spikes
|turn|9
|
|t:|1760430961
|switch|p2a: CClifford|Zamazenta|100/100
|-ability|p2a: CClifford|Dauntless Shield|boost
|-boost|p2a: CClifford|def|1
|move|p1a: Ogerpon|Knock Off|p2a: CClifford
|-resisted|p2a: CClifford
|-damage|p2a: CClifford|87/100
|-enditem|p2a: CClifford|Heavy-Duty Boots|[from] move: Knock Off|[of] p1a: Ogerpon
|
|upkeep
|turn|10
|
|t:|1760430971
|switch|p1a: Slowking|Slowking-Galar, F|100/100
|-damage|p1a: Slowking|88/100|[from] Spikes
|move|p2a: CClifford|Crunch|p1a: Slowking
|-supereffective|p1a: Slowking
|-damage|p1a: Slowking|44/100
|
|upkeep
|turn|11
|
|t:|1760430982
|switch|p1a: Great Tusk|Great Tusk|100/100
|-damage|p1a: Great Tusk|88/100|[from] Spikes
|move|p2a: CClifford|Crunch|p1a: Great Tusk
|-resisted|p1a: Great Tusk
|-damage|p1a: Great Tusk|81/100
|-damage|p2a: CClifford|70/100|[from] item: Rocky Helmet|[of] p1a: Great Tusk
|
|upkeep
|turn|12
|
|t:|1760430994
|switch|p2a: Moonrock 350|Clefable, F|100/100
|move|p1a: Great Tusk|Rapid Spin|p2a: Moonrock 350
|-damage|p2a: Moonrock 350|90/100
|-boost|p1a: Great Tusk|spe|1
|-damage|p1a: Great Tusk|65/100|[from] item: Rocky Helmet|[of] p2a: Moonrock 350
|-sideend|p1: sv ou goatastic|Spikes|[from] move: Rapid Spin|[of] p1a: Great Tusk
|
|upkeep
|turn|13
|
|t:|1760431003
|-end|p1a: Great Tusk|Protosynthesis|[silent]
|switch|p1a: Slowking|Slowking-Galar, F|78/100
|move|p2a: Moonrock 350|Stealth Rock|p1a: Slowking
|-sidestart|p1: sv ou goatastic|move: Stealth Rock
|
|upkeep
|turn|14
|
|t:|1760431012
|switch|p2a: Djengo Unrained|Gholdengo|62/100
|move|p1a: Slowking|Sludge Bomb|p2a: Djengo Unrained
|-immune|p2a: Djengo Unrained
|
|upkeep
|turn|15
|
|t:|1760431018
|move|p2a: Djengo Unrained|Recover|p2a: Djengo Unrained
|-heal|p2a: Djengo Unrained|100/100
|move|p1a: Slowking|Flamethrower|p2a: Djengo Unrained
|-supereffective|p2a: Djengo Unrained
|-damage|p2a: Djengo Unrained|58/100
|
|upkeep
|turn|16
|
|t:|1760431025
|move|p2a: Djengo Unrained|Shadow Ball|p1a: Slowking
|-supereffective|p1a: Slowking
|-damage|p1a: Slowking|44/100
|-unboost|p1a: Slowking|spd|1
|move|p1a: Slowking|Flamethrower|p2a: Djengo Unrained
|-supereffective|p2a: Djengo Unrained
|-damage|p2a: Djengo Unrained|15/100
|
|upkeep
|turn|17
|
|t:|1760431039
|switch|p1a: Great Tusk|Great Tusk|65/100
|-damage|p1a: Great Tusk|62/100|[from] Stealth Rock
|move|p2a: Djengo Unrained|Recover|p2a: Djengo Unrained
|-heal|p2a: Djengo Unrained|65/100
|
|upkeep
|turn|18
|
|t:|1760431047
|switch|p2a: Moonrock 350|Clefable, F|90/100
|move|p1a: Great Tusk|Headlong Rush|p2a: Moonrock 350
|-damage|p2a: Moonrock 350|45/100
|-unboost|p1a: Great Tusk|def|1
|-unboost|p1a: Great Tusk|spd|1
|-damage|p1a: Great Tusk|45/100|[from] item: Rocky Helmet|[of] p2a: Moonrock 350
|
|upkeep
|turn|19
|j| Nameless Moron
|
|t:|1760431059
|move|p1a: Great Tusk|Rapid Spin|p2a: Moonrock 350
|-damage|p2a: Moonrock 350|35/100
|-boost|p1a: Great Tusk|spe|1
|-damage|p1a: Great Tusk|28/100|[from] item: Rocky Helmet|[of] p2a: Moonrock 350
|-sideend|p1: sv ou goatastic|Stealth Rock|[from] move: Rapid Spin|[of] p1a: Great Tusk
|move|p2a: Moonrock 350|Moonblast|p1a: Great Tusk
|-supereffective|p1a: Great Tusk
|-damage|p1a: Great Tusk|0 fnt
|faint|p1a: Great Tusk
|-end|p1a: Great Tusk|Protosynthesis|[silent]
|
|upkeep
|
|t:|1760431071
|switch|p1a: Ogerpon|Ogerpon, F|88/100
|turn|20
|
|t:|1760431076
|move|p1a: Ogerpon|Ivy Cudgel|p2a: Moonrock 350
|-damage|p2a: Moonrock 350|0 fnt
|faint|p2a: Moonrock 350
|
|upkeep
|
|t:|1760431078
|switch|p2a: Secret Service|Dragonite, M|100/100
|turn|21
|
|t:|1760431087
|switch|p1a: Slowking|Slowking-Galar, F|77/100
|move|p2a: Secret Service|Dragon Tail|p1a: Slowking
|-damage|p1a: Slowking|52/100
|drag|p1a: Ogerpon|Ogerpon, F|88/100
|
|upkeep
|turn|22
|
|t:|1760431095
|-terastallize|p2a: Secret Service|Normal
|move|p2a: Secret Service|Extreme Speed|p1a: Ogerpon
|-damage|p1a: Ogerpon|31/100
|move|p1a: Ogerpon|U-turn|p2a: Secret Service
|-damage|p2a: Secret Service|84/100
|
|t:|1760431104
|switch|p1a: Slowking|Slowking-Galar, F|86/100|[from] U-turn
|
|upkeep
|turn|23
|
|t:|1760431110
|move|p2a: Secret Service|Earthquake|p1a: Slowking
|-supereffective|p1a: Slowking
|-damage|p1a: Slowking|22/100
|move|p1a: Slowking|Sludge Bomb|p2a: Secret Service
|-damage|p2a: Secret Service|54/100
|
|upkeep
|turn|24
|
|t:|1760431121
|move|p2a: Secret Service|Roost|p2a: Secret Service
|-heal|p2a: Secret Service|100/100
|move|p1a: Slowking|Sludge Bomb|p2a: Secret Service
|-damage|p2a: Secret Service|85/100
|
|upkeep
|turn|25
|
|t:|1760431128
|move|p2a: Secret Service|Extreme Speed|p1a: Slowking
|-damage|p1a: Slowking|0 fnt
|faint|p1a: Slowking
|
|upkeep
|
|t:|1760431134
|switch|p1a: Enamorus|Enamorus, F|100/100
|turn|26
|
|t:|1760431145
|move|p2a: Secret Service|Extreme Speed|p1a: Enamorus
|-damage|p1a: Enamorus|24/100
|move|p1a: Enamorus|Moonblast|p2a: Secret Service
|-damage|p2a: Secret Service|32/100
|
|upkeep
|turn|27
|
|t:|1760431155
|switch|p1a: Ogerpon|Ogerpon, F|31/100
|move|p2a: Secret Service|Extreme Speed|p1a: Ogerpon
|-crit|p1a: Ogerpon
|-damage|p1a: Ogerpon|0 fnt
|faint|p1a: Ogerpon
|
|upkeep
|
|t:|1760431164
|switch|p1a: Kingambit|Kingambit, F|57/100
|-activate|p1a: Kingambit|ability: Supreme Overlord
|-start|p1a: Kingambit|fallen4|[silent]
|turn|28
|
|t:|1760431168
|switch|p2a: Djengo Unrained|Gholdengo|65/100
|move|p1a: Kingambit|Iron Head|p2a: Djengo Unrained
|-resisted|p2a: Djengo Unrained
|-damage|p2a: Djengo Unrained|43/100
|
|-heal|p1a: Kingambit|63/100|[from] item: Leftovers
|upkeep
|turn|29
|
|t:|1760431177
|move|p2a: Djengo Unrained|Make It Rain|p1a: Kingambit
|-resisted|p1a: Kingambit
|-damage|p1a: Kingambit|37/100
|-unboost|p2a: Djengo Unrained|spa|1
|move|p1a: Kingambit|Kowtow Cleave|p2a: Djengo Unrained
|-supereffective|p2a: Djengo Unrained
|-damage|p2a: Djengo Unrained|0 fnt
|faint|p2a: Djengo Unrained
|
|-heal|p1a: Kingambit|43/100|[from] item: Leftovers
|upkeep
|
|t:|1760431180
|switch|p2a: CClifford|Zamazenta|70/100
|turn|30
|
|t:|1760431192
|switch|p2a: Dude Nasty Asf|Deoxys-Speed|100/100
|-ability|p2a: Dude Nasty Asf|Pressure
|move|p1a: Kingambit|Iron Head|p2a: Dude Nasty Asf
|-damage|p2a: Dude Nasty Asf|13/100
|
|-heal|p1a: Kingambit|49/100|[from] item: Leftovers
|upkeep
|turn|31
|
|t:|1760431210
|switch|p2a: CClifford|Zamazenta|70/100
|move|p1a: Kingambit|Kowtow Cleave|p2a: CClifford
|-resisted|p2a: CClifford
|-damage|p2a: CClifford|38/100
|
|-heal|p1a: Kingambit|55/100|[from] item: Leftovers
|upkeep
|turn|32
|
|t:|1760431221
|-terastallize|p1a: Kingambit|Ghost
|move|p2a: CClifford|Close Combat|p1a: Kingambit
|-immune|p1a: Kingambit
|move|p1a: Kingambit|Swords Dance|p1a: Kingambit
|-boost|p1a: Kingambit|atk|2
|
|-heal|p1a: Kingambit|61/100|[from] item: Leftovers
|upkeep
|turn|33
|
|t:|1760431232
|switch|p2a: Dude Nasty Asf|Deoxys-Speed|13/100
|-ability|p2a: Dude Nasty Asf|Pressure
|move|p1a: Kingambit|Sucker Punch||[still]
|-fail|p1a: Kingambit
|
|-heal|p1a: Kingambit|67/100|[from] item: Leftovers
|upkeep
|turn|34
|
|t:|1760431244
|move|p2a: Dude Nasty Asf|Psycho Boost|p1a: Kingambit|[miss]
|-miss|p2a: Dude Nasty Asf|p1a: Kingambit
|move|p1a: Kingambit|Kowtow Cleave|p2a: Dude Nasty Asf
|-supereffective|p2a: Dude Nasty Asf
|-damage|p2a: Dude Nasty Asf|0 fnt
|faint|p2a: Dude Nasty Asf
|
|-heal|p1a: Kingambit|73/100|[from] item: Leftovers
|upkeep
|c|☆sv ou goatastic|Mbax
|
|t:|1760431260
|switch|p2a: Secret Service|Dragonite, M, tera:Normal|32/100
|turn|35
|
|t:|1760431271
|move|p2a: Secret Service|Roost|p2a: Secret Service
|-heal|p2a: Secret Service|82/100
|move|p1a: Kingambit|Kowtow Cleave|p2a: Secret Service
|-damage|p2a: Secret Service|0 fnt
|faint|p2a: Secret Service
|
|-heal|p1a: Kingambit|79/100|[from] item: Leftovers
|upkeep
|
|t:|1760431274
|switch|p2a: CClifford|Zamazenta|38/100
|turn|36
|
|t:|1760431283
|move|p2a: CClifford|Crunch|p1a: Kingambit
|-supereffective|p1a: Kingambit
|-damage|p1a: Kingambit|37/100
|move|p1a: Kingambit|Iron Head|p2a: CClifford
|-damage|p2a: CClifford|0 fnt
|faint|p2a: CClifford
|
|win|sv ou goatastic
|raw|sv ou goatastic's rating: 1430 &rarr; <strong>1454</strong><br />(+24 for winning)
|raw|kiritani haruka's rating: 1492 &rarr; <strong>1468</strong><br />(-24 for losing)
|l|☆kiritani haruka
|player|p2|
|l|☆sv ou goatastic
|player|p1|
