|j|☆Reithe
|j|☆b00mie
|t:|1760416154
|gametype|singles
|player|p1|Reithe|psychic-gen6|1325
|player|p2|b00mie|170|1324
|gen|9
|tier|[Gen 9] OU
|rated|
|rule|HP Percentage Mod: HP is shown in percentages
|rule|Endless Battle Clause: Forcing endless battles is banned
|rule|Species Clause: Limit one of each Pokémon
|rule|OHKO Clause: OHKO moves are banned
|rule|Evasion Items Clause: Evasion items are banned
|rule|Evasion Moves Clause: Evasion moves are banned
|rule|Evasion Abilities Clause: Evasion abilities are banned
|rule|Sleep Moves Clause: Sleep-inducing moves are banned
|clearpoke
|poke|p1|Corviknight, M|
|poke|p1|Gengar, M|
|poke|p1|Clefable, F|
|poke|p1|Dragonite, F|
|poke|p1|Blaziken, M|
|poke|p1|Greninja-*, M|
|poke|p2|Torkoal, M|
|poke|p2|Grimmsnarl, M|
|poke|p2|Great Tusk|
|poke|p2|Charizard, M|
|poke|p2|Walking Wake|
|poke|p2|Dragapult, M|
|teampreview
|
|t:|1760416164
|teamsize|p1|6
|teamsize|p2|6
|start
|switch|p1a: Gengar|Gengar, M|100/100
|switch|p2a: Dragapult|Dragapult, M, shiny|100/100
|turn|1
|
|t:|1760416177
|move|p2a: Dragapult|Dragon Darts|p1a: Gengar
|-damage|p1a: Gengar|25/100
|-anim|p2a: Dragapult|Dragon Darts|p1a: Gengar
|-damage|p1a: Gengar|0 fnt
|-start|p2a: Dragapult|Disable|Dragon Darts|[from] ability: Cursed Body|[of] p1a: Gengar
|faint|p1a: Gengar
|
|upkeep
|inactive|Battle timer is ON: inactive players will automatically lose when time's up. (requested by b00mie)
|
|t:|1760416201
|switch|p1a: Greninja|Greninja, M|100/100
|turn|2
|
|t:|1760416212
|switch|p2a: Grimmsnarl|Grimmsnarl, M, shiny|100/100
|move|p1a: Greninja|Ice Beam|p2a: Grimmsnarl
|-damage|p2a: Grimmsnarl|72/100
|
|upkeep
|turn|3
|
|t:|1760416228
|move|p1a: Greninja|Surf|p2a: Grimmsnarl
|-damage|p2a: Grimmsnarl|22/100
|move|p2a: Grimmsnarl|Spirit Break|p1a: Greninja
|-supereffective|p1a: Greninja
|-damage|p1a: Greninja|0 fnt
|faint|p1a: Greninja
|
|upkeep
|
|t:|1760416238
|switch|p1a: Dragonite|Dragonite, F|100/100
|turn|4
|
|t:|1760416250
|switch|p2a: Torkoal|Torkoal, M|100/100
|-weather|SunnyDay|[from] ability: Drought|[of] p2a: Torkoal
|move|p1a: Dragonite|Extreme Speed|p2a: Torkoal
|-damage|p2a: Torkoal|79/100
|
|-weather|SunnyDay|[upkeep]
|upkeep
|turn|5
|
|t:|1760416259
|move|p1a: Dragonite|Earthquake|p2a: Torkoal
|-supereffective|p2a: Torkoal
|-damage|p2a: Torkoal|22/100
|move|p2a: Torkoal|Stealth Rock|p1a: Dragonite
|-sidestart|p1: Reithe|move: Stealth Rock
|
|-weather|SunnyDay|[upkeep]
|upkeep
|turn|6
|
|t:|1760416268
|switch|p2a: Great Tusk|Great Tusk|100/100
|-activate|p2a: Great Tusk|ability: Protosynthesis
|-start|p2a: Great Tusk|protosynthesisatk
|move|p1a: Dragonite|Extreme Speed|p2a: Great Tusk
|-damage|p2a: Great Tusk|81/100
|-damage|p1a: Dragonite|84/100|[from] item: Rocky Helmet|[of] p2a: Great Tusk
|
|-weather|SunnyDay|[upkeep]
|upkeep
|turn|7
|
|t:|1760416280
|-terastallize|p1a: Dragonite|Normal
|move|p2a: Great Tusk|Knock Off|p1a: Dragonite
|-damage|p1a: Dragonite|42/100
|-enditem|p1a: Dragonite|Weakness Policy|[from] move: Knock Off|[of] p2a: Great Tusk
|move|p1a: Dragonite|Roost|p1a: Dragonite
|-heal|p1a: Dragonite|92/100
|
|-weather|SunnyDay|[upkeep]
|upkeep
|turn|8
|
|t:|1760416291
|move|p2a: Great Tusk|Close Combat|p1a: Dragonite
|-supereffective|p1a: Dragonite
|-damage|p1a: Dragonite|0 fnt
|-unboost|p2a: Great Tusk|def|1
|-unboost|p2a: Great Tusk|spd|1
|faint|p1a: Dragonite
|
|-weather|SunnyDay|[upkeep]
|upkeep
|
|t:|1760416302
|switch|p1a: Clefable|Clefable, F|100/100
|-damage|p1a: Clefable|88/100|[from] Stealth Rock
|turn|9
|
|t:|1760416309
|move|p2a: Great Tusk|Earthquake|p1a: Clefable
|-damage|p1a: Clefable|36/100
|move|p1a: Clefable|Moonblast|p2a: Great Tusk
|-supereffective|p2a: Great Tusk
|-damage|p2a: Great Tusk|0 fnt
|faint|p2a: Great Tusk
|-end|p2a: Great Tusk|Protosynthesis|[silent]
|
|-weather|SunnyDay|[upkeep]
|-heal|p1a: Clefable|42/100|[from] item: Leftovers
|upkeep
|
|t:|1760416322
|switch|p2a: Charizard|Charizard, M|100/100
|turn|10
|
|t:|1760416329
|move|p2a: Charizard|Weather Ball|p1a: Clefable
|-damage|p1a: Clefable|0 fnt
|faint|p1a: Clefable
|
|-weather|SunnyDay|[upkeep]
|-damage|p2a: Charizard|88/100|[from] ability: Solar Power|[of] p2a: Charizard
|upkeep
|-message|Reithe forfeited.
|
|win|b00mie
|raw|Reithe's rating: 1325 &rarr; <strong>1305</strong><br />(-20 for losing)
|raw|b00mie's rating: 1324 &rarr; <strong>1344</strong><br />(+20 for winning)
|l|☆Reithe
|player|p1|
|l|☆b00mie
|player|p2|
