|j|☆tykcd
|j|☆teikavideo
|t:|1760377846
|gametype|singles
|player|p1|tykcd|tate|1492
|player|p2|teikavideo|1|1567
|gen|9
|tier|[Gen 9] OU
|rated|
|rule|HP Percentage Mod: HP is shown in percentages
|rule|Endless Battle Clause: Forcing endless battles is banned
|rule|Species Clause: Limit one of each Pokémon
|rule|OHKO Clause: OHKO moves are banned
|rule|Evasion Items Clause: Evasion items are banned
|rule|Evasion Moves Clause: Evasion moves are banned
|rule|Evasion Abilities Clause: Evasion abilities are banned
|rule|Sleep Moves Clause: Sleep-inducing moves are banned
|clearpoke
|poke|p1|Vaporeon, F|
|poke|p1|Slowking-Galar, M|
|poke|p1|Iron Valiant|
|poke|p1|Mandibuzz, F|
|poke|p1|Scizor, F|
|poke|p1|Great Tusk|
|poke|p2|Tyranitar, M|
|poke|p2|Excadrill, F|
|poke|p2|Hydrapple, F|
|poke|p2|Garganacl, M|
|poke|p2|Talonflame, F|
|poke|p2|Dragapult, M|
|teampreview
|inactive|Battle timer is ON: inactive players will automatically lose when time's up. (requested by teikavideo)
|
|t:|1760377867
|teamsize|p1|6
|teamsize|p2|6
|start
|switch|p1a: Vaporeon|Vaporeon, F, shiny|100/100
|switch|p2a: Talonflame|Talonflame, F|100/100
|turn|1
|
|t:|1760377873
|move|p2a: Talonflame|U-turn|p1a: Vaporeon
|-damage|p1a: Vaporeon|86/100
|
|t:|1760377876
|switch|p2a: Hydrapple|Hydrapple, F|100/100|[from] U-turn
|move|p1a: Vaporeon|Hydro Pump|p2a: Hydrapple|[miss]
|-miss|p1a: Vaporeon|p2a: Hydrapple
|
|upkeep
|turn|2
|
|t:|1760377886
|switch|p1a: Cornifer|Slowking-Galar, M|100/100
|switch|p2a: Tyranitar|Tyranitar, M|100/100
|-weather|Sandstorm|[from] ability: Sand Stream|[of] p2a: Tyranitar
|
|-weather|Sandstorm|[upkeep]
|-damage|p1a: Cornifer|94/100|[from] Sandstorm
|upkeep
|turn|3
|
|t:|1760377900
|switch|p1a: TISO|Great Tusk|100/100
|move|p2a: Tyranitar|Knock Off|p1a: TISO
|-resisted|p1a: TISO
|-damage|p1a: TISO|84/100
|-damage|p2a: Tyranitar|84/100|[from] item: Rocky Helmet|[of] p1a: TISO
|-enditem|p1a: TISO|Rocky Helmet|[from] move: Knock Off|[of] p2a: Tyranitar
|
|-weather|Sandstorm|[upkeep]
|upkeep
|turn|4
|
|t:|1760377910
|switch|p2a: Talonflame|Talonflame, F|100/100
|move|p1a: TISO|Stealth Rock|p2a: Talonflame
|-sidestart|p2: teikavideo|move: Stealth Rock
|
|-weather|Sandstorm|[upkeep]
|-damage|p2a: Talonflame|94/100|[from] Sandstorm
|upkeep
|turn|5
|
|t:|1760377925
|-end|p1a: TISO|Protosynthesis|[silent]
|switch|p1a: Vaporeon|Vaporeon, F, shiny|86/100
|move|p2a: Talonflame|Defog|p1a: Vaporeon
|-unboost|p1a: Vaporeon|evasion|1
|-sideend|p2: teikavideo|Stealth Rock|[from] move: Defog|[of] p2a: Talonflame
|
|-weather|Sandstorm|[upkeep]
|-damage|p2a: Talonflame|88/100|[from] Sandstorm
|-damage|p1a: Vaporeon|80/100|[from] Sandstorm
|upkeep
|turn|6
|
|t:|1760377937
|move|p2a: Talonflame|U-turn|p1a: Vaporeon
|-damage|p1a: Vaporeon|64/100
|
|t:|1760377941
|switch|p2a: Garganacl|Garganacl, M|100/100|[from] U-turn
|move|p1a: Vaporeon|Flip Turn|p2a: Garganacl
|-supereffective|p2a: Garganacl
|-damage|p2a: Garganacl|81/100
|
|t:|1760377950
|switch|p1a: ZOTE THE MIGHTY|Scizor, F|100/100|[from] Flip Turn
|
|-weather|Sandstorm|[upkeep]
|-heal|p2a: Garganacl|87/100|[from] item: Leftovers
|upkeep
|turn|7
|
|t:|1760377956
|switch|p2a: Talonflame|Talonflame, F|88/100
|move|p1a: ZOTE THE MIGHTY|Knock Off|p2a: Talonflame
|-damage|p2a: Talonflame|45/100
|-enditem|p2a: Talonflame|Heavy-Duty Boots|[from] move: Knock Off|[of] p1a: ZOTE THE MIGHTY
|
|-weather|Sandstorm|[upkeep]
|-damage|p2a: Talonflame|39/100|[from] Sandstorm
|upkeep
|turn|8
|
|t:|1760377964
|switch|p1a: Cornifer|Slowking-Galar, M|100/100
|move|p2a: Talonflame|Roost|p2a: Talonflame
|-heal|p2a: Talonflame|89/100
|-singleturn|p2a: Talonflame|move: Roost
|
|-weather|Sandstorm|[upkeep]
|-damage|p2a: Talonflame|83/100|[from] Sandstorm
|-damage|p1a: Cornifer|94/100|[from] Sandstorm
|upkeep
|turn|9
|
|t:|1760377974
|move|p2a: Talonflame|U-turn|p1a: Cornifer
|-damage|p1a: Cornifer|81/100
|
|t:|1760377978
|switch|p2a: Excadrill|Excadrill, F|100/100|[from] U-turn
|move|p1a: Cornifer|Psyshock|p2a: Excadrill
|-resisted|p2a: Excadrill
|-damage|p2a: Excadrill|78/100
|
|-weather|none
|-heal|p2a: Excadrill|84/100|[from] item: Leftovers
|upkeep
|turn|10
|
|t:|1760377991
|switch|p2a: Talonflame|Talonflame, F|83/100
|switch|p1a: Myla|Mandibuzz, F|100/100
|
|upkeep
|turn|11
|
|t:|1760377997
|move|p2a: Talonflame|Will-O-Wisp|p1a: Myla
|-status|p1a: Myla|brn
|move|p1a: Myla|Toxic|p2a: Talonflame|[miss]
|-miss|p1a: Myla|p2a: Talonflame
|
|-damage|p1a: Myla|94/100 brn|[from] brn
|upkeep
|turn|12
|
|t:|1760378005
|switch|p1a: TISO|Great Tusk|84/100
|move|p2a: Talonflame|U-turn|p1a: TISO
|-resisted|p1a: TISO
|-damage|p1a: TISO|80/100
|
|t:|1760378018
|switch|p2a: Tyranitar|Tyranitar, M|84/100|[from] U-turn
|-weather|Sandstorm|[from] ability: Sand Stream|[of] p2a: Tyranitar
|
|-weather|Sandstorm|[upkeep]
|upkeep
|turn|13
|
|t:|1760378031
|switch|p2a: Talonflame|Talonflame, F|83/100
|move|p1a: TISO|Stealth Rock|p2a: Talonflame
|-sidestart|p2: teikavideo|move: Stealth Rock
|
|-weather|Sandstorm|[upkeep]
|-damage|p2a: Talonflame|77/100|[from] Sandstorm
|upkeep
|turn|14
|
|t:|1760378039
|-end|p1a: TISO|Protosynthesis|[silent]
|switch|p1a: Cornifer|Slowking-Galar, M|100/100
|move|p2a: Talonflame|Defog|p1a: Cornifer
|-unboost|p1a: Cornifer|evasion|1
|-sideend|p2: teikavideo|Stealth Rock|[from] move: Defog|[of] p2a: Talonflame
|
|-weather|Sandstorm|[upkeep]
|-damage|p2a: Talonflame|71/100|[from] Sandstorm
|-damage|p1a: Cornifer|94/100|[from] Sandstorm
|upkeep
|turn|15
|
|t:|1760378048
|move|p2a: Talonflame|U-turn|p1a: Cornifer
|-damage|p1a: Cornifer|83/100
|
|t:|1760378057
|switch|p2a: Garganacl|Garganacl, M|87/100|[from] U-turn
|move|p1a: Cornifer|Sludge Bomb|p2a: Garganacl
|-resisted|p2a: Garganacl
|-damage|p2a: Garganacl|78/100
|
|-weather|Sandstorm|[upkeep]
|-damage|p1a: Cornifer|77/100|[from] Sandstorm
|-heal|p2a: Garganacl|85/100|[from] item: Leftovers
|upkeep
|turn|16
|
|t:|1760378068
|move|p2a: Garganacl|Iron Defense|p2a: Garganacl
|-boost|p2a: Garganacl|def|2
|move|p1a: Cornifer|Psyshock|p2a: Garganacl
|-damage|p2a: Garganacl|72/100
|
|-weather|Sandstorm|[upkeep]
|-damage|p1a: Cornifer|71/100|[from] Sandstorm
|-heal|p2a: Garganacl|78/100|[from] item: Leftovers
|upkeep
|turn|17
|
|t:|1760378081
|switch|p1a: TISO|Great Tusk|80/100
|move|p2a: Garganacl|Salt Cure|p1a: TISO
|-resisted|p1a: TISO
|-crit|p1a: TISO
|-damage|p1a: TISO|77/100
|-start|p1a: TISO|Salt Cure
|
|-weather|Sandstorm|[upkeep]
|-heal|p2a: Garganacl|84/100|[from] item: Leftovers
|-damage|p1a: TISO|65/100|[from] Salt Cure
|upkeep
|turn|18
|
|t:|1760378091
|-end|p1a: TISO|Protosynthesis|[silent]
|switch|p1a: Vaporeon|Vaporeon, F, shiny|64/100
|switch|p2a: Talonflame|Talonflame, F|71/100
|
|-weather|Sandstorm|[upkeep]
|-damage|p2a: Talonflame|65/100|[from] Sandstorm
|-damage|p1a: Vaporeon|58/100|[from] Sandstorm
|upkeep
|turn|19
|
|t:|1760378100
|move|p2a: Talonflame|U-turn|p1a: Vaporeon
|-damage|p1a: Vaporeon|44/100
|
|t:|1760378104
|switch|p2a: Hydrapple|Hydrapple, F|100/100|[from] U-turn
|move|p1a: Vaporeon|Ice Beam|p2a: Hydrapple
|-supereffective|p2a: Hydrapple
|-damage|p2a: Hydrapple|0 fnt
|faint|p2a: Hydrapple
|
|-weather|none
|upkeep
|c|☆teikavideo|wp
|
|t:|1760378117
|switch|p2a: Garganacl|Garganacl, M|84/100
|turn|20
|
|t:|1760378128
|switch|p1a: TISO|Great Tusk|65/100
|move|p2a: Garganacl|Iron Defense|p2a: Garganacl
|-boost|p2a: Garganacl|def|2
|
|-heal|p2a: Garganacl|91/100|[from] item: Leftovers
|upkeep
|turn|21
|
|t:|1760378139
|move|p1a: TISO|Stealth Rock|p2a: Garganacl
|-sidestart|p2: teikavideo|move: Stealth Rock
|move|p2a: Garganacl|Iron Defense|p2a: Garganacl
|-boost|p2a: Garganacl|def|2
|
|-heal|p2a: Garganacl|97/100|[from] item: Leftovers
|upkeep
|turn|22
|
|t:|1760378149
|move|p1a: TISO|Headlong Rush|p2a: Garganacl
|-supereffective|p2a: Garganacl
|-damage|p2a: Garganacl|73/100
|-unboost|p1a: TISO|def|1
|-unboost|p1a: TISO|spd|1
|move|p2a: Garganacl|Salt Cure|p1a: TISO
|-resisted|p1a: TISO
|-damage|p1a: TISO|61/100
|-start|p1a: TISO|Salt Cure
|
|-heal|p2a: Garganacl|79/100|[from] item: Leftovers
|-damage|p1a: TISO|49/100|[from] Salt Cure
|upkeep
|turn|23
|
|t:|1760378162
|-end|p1a: TISO|Protosynthesis|[silent]
|switch|p1a: Vaporeon|Vaporeon, F, shiny|44/100
|move|p2a: Garganacl|Body Press|p1a: Vaporeon
|-damage|p1a: Vaporeon|0 fnt
|faint|p1a: Vaporeon
|
|-heal|p2a: Garganacl|85/100|[from] item: Leftovers
|upkeep
|
|t:|1760378173
|switch|p1a: Quirrel|Iron Valiant, shiny|100/100
|-enditem|p1a: Quirrel|Booster Energy
|-activate|p1a: Quirrel|ability: Quark Drive|[fromitem]
|-start|p1a: Quirrel|quarkdrivespe
|turn|24
|
|t:|1760378183
|move|p1a: Quirrel|Close Combat|p2a: Garganacl
|-supereffective|p2a: Garganacl
|-damage|p2a: Garganacl|58/100
|-unboost|p1a: Quirrel|def|1
|-unboost|p1a: Quirrel|spd|1
|move|p2a: Garganacl|Salt Cure|p1a: Quirrel
|-resisted|p1a: Quirrel
|-damage|p1a: Quirrel|86/100
|-start|p1a: Quirrel|Salt Cure
|
|-heal|p2a: Garganacl|64/100|[from] item: Leftovers
|-damage|p1a: Quirrel|74/100|[from] Salt Cure
|upkeep
|turn|25
|
|t:|1760378203
|-terastallize|p1a: Quirrel|Steel
|-terastallize|p2a: Garganacl|Water
|move|p1a: Quirrel|Destiny Bond|p1a: Quirrel
|-singlemove|p1a: Quirrel|Destiny Bond
|move|p2a: Garganacl|Recover|p2a: Garganacl
|-heal|p2a: Garganacl|100/100
|
|-damage|p1a: Quirrel|49/100|[from] Salt Cure
|upkeep
|turn|26
|-message|tykcd forfeited.
|
|win|teikavideo
|raw|tykcd's rating: 1492 &rarr; <strong>1476</strong><br />(-16 for losing)
|raw|teikavideo's rating: 1567 &rarr; <strong>1583</strong><br />(+16 for winning)
|l|☆tykcd
|player|p1|
|c|☆teikavideo|ggs
|l|☆teikavideo
|player|p2|
