|j|☆JimmyCWard
|j|☆darkda567
|t:|1760434129
|gametype|singles
|player|p1|JimmyCWard|veteran|1119
|player|p2|darkda567|hilbert|1109
|gen|9
|tier|[Gen 9] OU
|rated|
|rule|HP Percentage Mod: HP is shown in percentages
|rule|Endless Battle Clause: Forcing endless battles is banned
|rule|Species Clause: Limit one of each Pokémon
|rule|OHKO Clause: OHKO moves are banned
|rule|Evasion Items Clause: Evasion items are banned
|rule|Evasion Moves Clause: Evasion moves are banned
|rule|Evasion Abilities Clause: Evasion abilities are banned
|rule|Sleep Moves Clause: Sleep-inducing moves are banned
|clearpoke
|poke|p1|Metagross|
|poke|p1|Kleavor, M|
|poke|p1|Garchomp, M|
|poke|p1|Incineroar, M|
|poke|p1|Gyarados, F|
|poke|p1|Great Tusk|
|poke|p2|Incineroar, F|
|poke|p2|Gyarados, F|
|poke|p2|Mimikyu, M|
|poke|p2|Snorlax, M|
|poke|p2|Pawmot, M|
|poke|p2|Chandelure, M|
|teampreview
|c|☆JimmyCWard|hi
|c|☆JimmyCWard|hi
|c|☆JimmyCWard|hi
|
|t:|1760434188
|teamsize|p1|6
|teamsize|p2|6
|start
|switch|p1a: Metagross|Metagross|100/100
|switch|p2a: Mimikyu|Mimikyu, M|100/100
|turn|1
|inactive|Battle timer is ON: inactive players will automatically lose when time's up. (requested by JimmyCWard)
|inactive|darkda567 has 120 seconds left.
|c|☆JimmyCWard|hi
|c|☆JimmyCWard|hi
|c|☆JimmyCWard|hi
|c|☆JimmyCWard|hi
|c|☆JimmyCWard|hi
|c|☆JimmyCWard|h
|c|☆JimmyCWard|hi
|c|☆JimmyCWard|hi
|c|☆JimmyCWard|hi
|c|☆JimmyCWard|hi
|c|☆JimmyCWard|hi
|c|☆JimmyCWard|hi
|c|☆JimmyCWard|hi
|inactive|darkda567 has 90 seconds left.
|inactive|darkda567 has 60 seconds left.
|c|☆JimmyCWard|hi
|c|☆JimmyCWard|hi
|c|☆JimmyCWard|hi
|c|☆JimmyCWard|hii
|c|☆JimmyCWard|hihi
|c|☆JimmyCWard|hi
|c|☆JimmyCWard|hi
|c|☆JimmyCWard|hihi
|c|☆JimmyCWard|hi
|c|☆JimmyCWard|hih
|c|☆JimmyCWard|ihi
|
|t:|1760434310
|move|p2a: Mimikyu|Swords Dance|p2a: Mimikyu
|-boost|p2a: Mimikyu|atk|2
|move|p1a: Metagross|Light Screen|p1a: Metagross
|-sidestart|p1: JimmyCWard|move: Light Screen
|
|upkeep
|turn|2
|
|t:|1760434319
|move|p2a: Mimikyu|Swords Dance|p2a: Mimikyu
|-boost|p2a: Mimikyu|atk|2
|move|p1a: Metagross|Reflect|p1a: Metagross
|-sidestart|p1: JimmyCWard|Reflect
|
|upkeep
|turn|3
|
|t:|1760434324
|move|p2a: Mimikyu|Swords Dance|p2a: Mimikyu
|-boost|p2a: Mimikyu|atk|2
|move|p1a: Metagross|Stealth Rock|p2a: Mimikyu
|-sidestart|p2: darkda567|move: Stealth Rock
|
|upkeep
|turn|4
|
|t:|1760434338
|switch|p1a: Incineroar|Incineroar, M|100/100
|-ability|p1a: Incineroar|Intimidate|boost
|-unboost|p2a: Mimikyu|atk|1
|move|p2a: Mimikyu|Shadow Claw|p1a: Incineroar
|-resisted|p1a: Incineroar
|-damage|p1a: Incineroar|69/100
|-damage|p2a: Mimikyu|91/100|[from] item: Life Orb
|
|upkeep
|turn|5
|inactive|darkda567 has 120 seconds left.
|c|☆JimmyCWard|broooooooooooooooooooooooooooooooooooooooooooooooooooooooooooooooooooooooooooooooooooooooooooooooooooooooooooooo
|inactive|darkda567 has 90 seconds left.
|inactive|darkda567 has 60 seconds left.
|
|t:|1760434426
|move|p2a: Mimikyu|Play Rough|p1a: Incineroar
|-damage|p1a: Incineroar|0 fnt
|faint|p1a: Incineroar
|-damage|p2a: Mimikyu|81/100|[from] item: Life Orb
|
|upkeep
|inactive|JimmyCWard has 120 seconds left.
|
|t:|1760434459
|switch|p1a: Gyarados|Gyarados, F, shiny|100/100
|turn|6
|inactive|JimmyCWard has 120 seconds left.
|
|t:|1760434470
|-terastallize|p1a: Gyarados|Electric
|move|p2a: Mimikyu|Shadow Claw|p1a: Gyarados
|-damage|p1a: Gyarados|16/100
|-damage|p2a: Mimikyu|71/100|[from] item: Life Orb
|move|p1a: Gyarados|Tera Blast|p2a: Mimikyu|[anim] Tera Blast Electric
|-activate|p2a: Mimikyu|ability: Disguise
|-damage|p2a: Mimikyu|71/100
|detailschange|p2a: Mimikyu|Mimikyu-Busted, M
|-damage|p2a: Mimikyu|58/100|[from] pokemon: Mimikyu-Busted
|
|upkeep
|turn|7
|inactive|JimmyCWard has 120 seconds left.
|inactive|darkda567 has 60 seconds left.
|
|t:|1760434490
|move|p2a: Mimikyu|Shadow Sneak|p1a: Gyarados
|-damage|p1a: Gyarados|0 fnt
|faint|p1a: Gyarados
|-damage|p2a: Mimikyu|49/100|[from] item: Life Orb
|
|upkeep
|
|t:|1760434501
|switch|p1a: Garchomp|Garchomp, M, shiny|100/100
|turn|8
|inactive|darkda567 has 60 seconds left.
|
|t:|1760434512
|move|p2a: Mimikyu|Shadow Sneak|p1a: Garchomp
|-damage|p1a: Garchomp|59/100
|-damage|p2a: Mimikyu|36/100|[from] ability: Rough Skin|[of] p1a: Garchomp
|-damage|p2a: Mimikyu|26/100|[from] item: Life Orb
|move|p1a: Garchomp|Earthquake|p2a: Mimikyu
|-damage|p2a: Mimikyu|0 fnt
|faint|p2a: Mimikyu
|
|-sideend|p1: JimmyCWard|move: Light Screen
|upkeep
|inactive|darkda567 has 60 seconds left.
|
|t:|1760434527
|switch|p2a: Gyarados|Gyarados, F|100/100
|-damage|p2a: Gyarados|75/100|[from] Stealth Rock
|-ability|p2a: Gyarados|Intimidate|boost
|-unboost|p1a: Garchomp|atk|1
|turn|9
|
|t:|1760434539
|move|p1a: Garchomp|Scale Shot|p2a: Gyarados
|-damage|p2a: Gyarados|65/100
|-crit|p2a: Gyarados
|-damage|p2a: Gyarados|40/100
|-damage|p2a: Gyarados|29/100
|-damage|p2a: Gyarados|17/100
|-hitcount|p2a: Gyarados|4
|-unboost|p1a: Garchomp|def|1
|-boost|p1a: Garchomp|spe|1
|move|p2a: Gyarados|Dragon Dance|p2a: Gyarados
|-boost|p2a: Gyarados|atk|1
|-boost|p2a: Gyarados|spe|1
|
|-sideend|p1: JimmyCWard|Reflect
|upkeep
|turn|10
|inactive|darkda567 has 60 seconds left.
|
|t:|1760434552
|move|p1a: Garchomp|Scale Shot|p2a: Gyarados
|-damage|p2a: Gyarados|7/100
|-damage|p2a: Gyarados|0 fnt
|faint|p2a: Gyarados
|-hitcount|p2: Gyarados|2
|-unboost|p1a: Garchomp|def|1
|-boost|p1a: Garchomp|spe|1
|
|upkeep
|inactive|darkda567 has 30 seconds left.
|inactive|darkda567 has 20 seconds left.
|inactive|darkda567 has 15 seconds left.
|
|t:|1760434600
|switch|p2a: Pawmot|Pawmot, M|100/100
|-damage|p2a: Pawmot|94/100|[from] Stealth Rock
|turn|11
|inactive|darkda567 has 25 seconds left this turn.
|inactive|darkda567 has 20 seconds left.
|
|t:|1760434606
|move|p1a: Garchomp|Earthquake|p2a: Pawmot
|-supereffective|p2a: Pawmot
|-damage|p2a: Pawmot|0 fnt
|faint|p2a: Pawmot
|
|upkeep
|inactive|darkda567 has 25 seconds left this turn.
|inactive|darkda567 has 20 seconds left.
|
|t:|1760434612
|switch|p2a: Snorlax|Snorlax, M|100/100
|-damage|p2a: Snorlax|88/100|[from] Stealth Rock
|turn|12
|inactive|darkda567 has 30 seconds left this turn.
|
|t:|1760434630
|switch|p1a: Kleavor|Kleavor, M|100/100
|move|p2a: Snorlax|Curse|p2a: Snorlax
|-unboost|p2a: Snorlax|spe|1
|-boost|p2a: Snorlax|atk|1
|-boost|p2a: Snorlax|def|1
|
|upkeep
|turn|13
|inactive|darkda567 has 30 seconds left.
|inactive|darkda567 has 20 seconds left.
|inactive|JimmyCWard has 120 seconds left.
|inactive|darkda567 has 15 seconds left.
|inactive|darkda567 has 10 seconds left.
|inactive|darkda567 has 5 seconds left.
|-message|darkda567 lost due to inactivity.
|
|win|JimmyCWard
|raw|JimmyCWard's rating: 1119 &rarr; <strong>1143</strong><br />(+24 for winning)
|raw|darkda567's rating: 1109 &rarr; <strong>1085</strong><br />(-24 for losing)
|l|☆JimmyCWard
|player|p1|
|l|☆darkda567
|player|p2|
