|j|☆Abracadaver
|j|☆superstar
|t:|1760448934
|gametype|singles
|player|p1|Abracadaver|169|1408
|player|p2|superstar|1|1404
|gen|9
|tier|[Gen 9] OU
|rated|
|rule|HP Percentage Mod: HP is shown in percentages
|rule|Endless Battle Clause: Forcing endless battles is banned
|rule|Species Clause: Limit one of each Pokémon
|rule|OHKO Clause: OHKO moves are banned
|rule|Evasion Items Clause: Evasion items are banned
|rule|Evasion Moves Clause: Evasion moves are banned
|rule|Evasion Abilities Clause: Evasion abilities are banned
|rule|Sleep Moves Clause: Sleep-inducing moves are banned
|clearpoke
|poke|p1|Mimikyu, M|
|poke|p1|Umbreon, F|
|poke|p1|Gastrodon-East, F|
|poke|p1|Zapdos|
|poke|p1|Meowscarada, M|
|poke|p1|Gholdengo|
|poke|p2|Ribombee, F|
|poke|p2|Manaphy|
|poke|p2|Raging Bolt|
|poke|p2|Pecharunt|
|poke|p2|Enamorus, F|
|poke|p2|Great Tusk|
|teampreview
|inactive|Battle timer is ON: inactive players will automatically lose when time's up. (requested by Abracadaver)
|
|t:|1760448973
|teamsize|p1|6
|teamsize|p2|6
|start
|switch|p1a: Meowscarada|Meowscarada, M|100/100
|switch|p2a: Bee Movie|Ribombee, F|100/100
|turn|1
|inactive|Abracadaver has 120 seconds left.
|
|t:|1760449007
|move|p1a: Meowscarada|Triple Axel|p2a: Bee Movie
|-start|p1a: Meowscarada|typechange|Ice|[from] ability: Protean
|-damage|p2a: Bee Movie|77/100
|-damage|p2a: Bee Movie|33/100
|-damage|p2a: Bee Movie|0 fnt
|faint|p2a: Bee Movie
|-hitcount|p2: Bee Movie|3
|
|upkeep
|
|t:|1760449034
|switch|p2a: Manaphy|Manaphy|100/100
|turn|2
|
|t:|1760449039
|switch|p1a: Zapdos|Zapdos|100/100
|move|p2a: Manaphy|Tail Glow|p2a: Manaphy
|-boost|p2a: Manaphy|spa|3
|
|upkeep
|turn|3
|
|t:|1760449044
|move|p2a: Manaphy|Surf|p1a: Zapdos
|-damage|p1a: Zapdos|4/100
|move|p1a: Zapdos|Volt Switch|p2a: Manaphy
|-supereffective|p2a: Manaphy
|-damage|p2a: Manaphy|18/100
|
|t:|1760449050
|switch|p1a: Meowscarada|Meowscarada, M|100/100|[from] Volt Switch
|
|-heal|p2a: Manaphy|24/100|[from] item: Leftovers
|upkeep
|turn|4
|
|t:|1760449055
|switch|p2a: Pecharunt|Pecharunt|100/100
|move|p1a: Meowscarada|U-turn|p2a: Pecharunt
|-start|p1a: Meowscarada|typechange|Bug|[from] ability: Protean
|-resisted|p2a: Pecharunt
|-damage|p2a: Pecharunt|92/100
|
|t:|1760449064
|switch|p1a: Gholdengo|Gholdengo|100/100|[from] U-turn
|
|upkeep
|turn|5
|
|t:|1760449069
|move|p2a: Pecharunt|Shadow Ball|p1a: Gholdengo
|-supereffective|p1a: Gholdengo
|-damage|p1a: Gholdengo|52/100
|move|p1a: Gholdengo|Nasty Plot|p1a: Gholdengo
|-boost|p1a: Gholdengo|spa|2
|
|-heal|p1a: Gholdengo|58/100|[from] item: Leftovers
|upkeep
|turn|6
|
|t:|1760449077
|move|p2a: Pecharunt|Shadow Ball|p1a: Gholdengo
|-supereffective|p1a: Gholdengo
|-damage|p1a: Gholdengo|9/100
|move|p1a: Gholdengo|Recover|p1a: Gholdengo
|-heal|p1a: Gholdengo|59/100
|
|-heal|p1a: Gholdengo|65/100|[from] item: Leftovers
|upkeep
|turn|7
|
|t:|1760449085
|move|p2a: Pecharunt|Shadow Ball|p1a: Gholdengo
|-supereffective|p1a: Gholdengo
|-damage|p1a: Gholdengo|12/100
|move|p1a: Gholdengo|Recover|p1a: Gholdengo
|-heal|p1a: Gholdengo|62/100
|
|-heal|p1a: Gholdengo|68/100|[from] item: Leftovers
|upkeep
|turn|8
|
|t:|1760449093
|move|p2a: Pecharunt|Shadow Ball|p1a: Gholdengo
|-supereffective|p1a: Gholdengo
|-damage|p1a: Gholdengo|22/100
|move|p1a: Gholdengo|Recover|p1a: Gholdengo
|-heal|p1a: Gholdengo|72/100
|
|-heal|p1a: Gholdengo|79/100|[from] item: Leftovers
|upkeep
|turn|9
|
|t:|1760449100
|move|p2a: Pecharunt|Shadow Ball|p1a: Gholdengo
|-supereffective|p1a: Gholdengo
|-damage|p1a: Gholdengo|28/100
|move|p1a: Gholdengo|Shadow Ball|p2a: Pecharunt
|-supereffective|p2a: Pecharunt
|-damage|p2a: Pecharunt|0 fnt
|faint|p2a: Pecharunt
|
|-heal|p1a: Gholdengo|34/100|[from] item: Leftovers
|upkeep
|
|t:|1760449109
|switch|p2a: Manaphy|Manaphy|24/100
|turn|10
|
|t:|1760449118
|switch|p1a: Meowscarada|Meowscarada, M|100/100
|move|p2a: Manaphy|Surf|p1a: Meowscarada
|-resisted|p1a: Meowscarada
|-damage|p1a: Meowscarada|68/100
|
|-heal|p2a: Manaphy|30/100|[from] item: Leftovers
|upkeep
|turn|11
|inactive|superstar has 120 seconds left.
|
|t:|1760449161
|move|p1a: Meowscarada|Knock Off|p2a: Manaphy
|-start|p1a: Meowscarada|typechange|Dark|[from] ability: Protean
|-damage|p2a: Manaphy|0 fnt
|-enditem|p2a: Manaphy|Leftovers|[from] move: Knock Off|[of] p1a: Meowscarada
|faint|p2a: Manaphy
|
|upkeep
|
|t:|1760449164
|switch|p2a: Raging Bolt|Raging Bolt|100/100
|-enditem|p2a: Raging Bolt|Booster Energy
|-activate|p2a: Raging Bolt|ability: Protosynthesis|[fromitem]
|-start|p2a: Raging Bolt|protosynthesisspa
|turn|12
|
|t:|1760449175
|move|p1a: Meowscarada|Knock Off|p2a: Raging Bolt
|-damage|p2a: Raging Bolt|54/100
|move|p2a: Raging Bolt|Calm Mind|p2a: Raging Bolt
|-boost|p2a: Raging Bolt|spa|1
|-boost|p2a: Raging Bolt|spd|1
|
|upkeep
|turn|13
|
|t:|1760449181
|switch|p1a: Gastrodon|Gastrodon-East, F, shiny|100/100
|move|p2a: Raging Bolt|Thunderbolt|p1a: Gastrodon
|-immune|p1a: Gastrodon
|
|upkeep
|turn|14
|
|t:|1760449187
|move|p2a: Raging Bolt|Dragon Pulse|p1a: Gastrodon
|-damage|p1a: Gastrodon|20/100
|move|p1a: Gastrodon|Earth Power|p2a: Raging Bolt
|-supereffective|p2a: Raging Bolt
|-damage|p2a: Raging Bolt|7/100
|
|-heal|p1a: Gastrodon|26/100|[from] item: Leftovers
|upkeep
|turn|15
|
|t:|1760449196
|switch|p1a: Zapdos|Zapdos|4/100
|move|p2a: Raging Bolt|Thunderbolt|p1a: Zapdos
|-damage|p1a: Zapdos|0 fnt
|faint|p1a: Zapdos
|
|upkeep
|
|t:|1760449203
|switch|p1a: Mimikyu|Mimikyu, M|100/100
|turn|16
|
|t:|1760449205
|move|p1a: Mimikyu|Shadow Sneak|p2a: Raging Bolt
|-damage|p2a: Raging Bolt|0 fnt
|faint|p2a: Raging Bolt
|-end|p2a: Raging Bolt|Protosynthesis|[silent]
|-damage|p1a: Mimikyu|91/100|[from] item: Life Orb
|
|upkeep
|
|t:|1760449211
|switch|p2a: Great Tusk|Great Tusk|100/100
|-enditem|p2a: Great Tusk|Booster Energy
|-activate|p2a: Great Tusk|ability: Protosynthesis|[fromitem]
|-start|p2a: Great Tusk|protosynthesisatk
|turn|17
|
|t:|1760449218
|move|p1a: Mimikyu|Swords Dance|p1a: Mimikyu
|-boost|p1a: Mimikyu|atk|2
|move|p2a: Great Tusk|Headlong Rush|p1a: Mimikyu
|-activate|p1a: Mimikyu|ability: Disguise
|-damage|p1a: Mimikyu|91/100
|-unboost|p2a: Great Tusk|def|1
|-unboost|p2a: Great Tusk|spd|1
|detailschange|p1a: Mimikyu|Mimikyu-Busted, M
|-damage|p1a: Mimikyu|78/100|[from] pokemon: Mimikyu-Busted
|
|upkeep
|turn|18
|
|t:|1760449228
|move|p1a: Mimikyu|Play Rough|p2a: Great Tusk|[miss]
|-miss|p1a: Mimikyu|p2a: Great Tusk
|move|p2a: Great Tusk|Headlong Rush|p1a: Mimikyu
|-damage|p1a: Mimikyu|0 fnt
|-unboost|p2a: Great Tusk|def|1
|-unboost|p2a: Great Tusk|spd|1
|faint|p1a: Mimikyu
|
|upkeep
|
|t:|1760449240
|switch|p1a: Meowscarada|Meowscarada, M|68/100
|turn|19
|
|t:|1760449253
|-terastallize|p2a: Great Tusk|Fire
|move|p1a: Meowscarada|Flower Trick|p2a: Great Tusk
|-start|p1a: Meowscarada|typechange|Grass|[from] ability: Protean
|-resisted|p2a: Great Tusk
|-crit|p2a: Great Tusk
|-damage|p2a: Great Tusk|51/100
|move|p2a: Great Tusk|Close Combat|p1a: Meowscarada
|-damage|p1a: Meowscarada|0 fnt
|-unboost|p2a: Great Tusk|def|1
|-unboost|p2a: Great Tusk|spd|1
|faint|p1a: Meowscarada
|
|upkeep
|
|t:|1760449279
|switch|p1a: Gholdengo|Gholdengo|34/100
|turn|20
|
|t:|1760449283
|-terastallize|p1a: Gholdengo|Flying
|move|p2a: Great Tusk|Headlong Rush|p1a: Gholdengo
|-immune|p1a: Gholdengo
|move|p1a: Gholdengo|Recover|p1a: Gholdengo
|-heal|p1a: Gholdengo|84/100
|
|-heal|p1a: Gholdengo|90/100|[from] item: Leftovers
|upkeep
|turn|21
|
|t:|1760449293
|move|p2a: Great Tusk|Ice Spinner|p1a: Gholdengo
|-supereffective|p1a: Gholdengo
|-damage|p1a: Gholdengo|12/100
|move|p1a: Gholdengo|Shadow Ball|p2a: Great Tusk
|-damage|p2a: Great Tusk|0 fnt
|faint|p2a: Great Tusk
|-end|p2a: Great Tusk|Protosynthesis|[silent]
|
|-heal|p1a: Gholdengo|18/100|[from] item: Leftovers
|upkeep
|
|t:|1760449298
|switch|p2a: Enamorus|Enamorus, F|100/100
|turn|22
|
|t:|1760449307
|move|p2a: Enamorus|Moonblast|p1a: Gholdengo
|-damage|p1a: Gholdengo|0 fnt
|faint|p1a: Gholdengo
|
|upkeep
|
|t:|1760449311
|switch|p1a: Umbreon|Umbreon, F, shiny|100/100
|turn|23
|
|t:|1760449316
|move|p2a: Enamorus|Substitute|p2a: Enamorus
|-start|p2a: Enamorus|Substitute
|-damage|p2a: Enamorus|76/100
|move|p1a: Umbreon|Toxic||[still]
|-fail|p1a: Umbreon
|
|-heal|p2a: Enamorus|82/100|[from] item: Leftovers
|upkeep
|turn|24
|
|t:|1760449336
|move|p2a: Enamorus|Calm Mind|p2a: Enamorus
|-boost|p2a: Enamorus|spa|1
|-boost|p2a: Enamorus|spd|1
|move|p1a: Umbreon|Wish|p1a: Umbreon
|
|-heal|p2a: Enamorus|88/100|[from] item: Leftovers
|upkeep
|turn|25
|c|☆Abracadaver|cant believe i lost because i fail a 90% accuracy attack
|c|☆Abracadaver|always the same s**t with this game
|
|t:|1760449351
|switch|p1a: Gastrodon|Gastrodon-East, F, shiny|26/100
|move|p2a: Enamorus|Moonblast|p1a: Gastrodon
|-damage|p1a: Gastrodon|0 fnt
|faint|p1a: Gastrodon
|
|-heal|p2a: Enamorus|94/100|[from] item: Leftovers
|upkeep
|c|☆superstar|yep
|c|☆Abracadaver|gg
|c|☆superstar|gg sry for hax
|-message|Abracadaver forfeited.
|
|win|superstar
|raw|Abracadaver's rating: 1408 &rarr; <strong>1388</strong><br />(-20 for losing)
|raw|superstar's rating: 1404 &rarr; <strong>1424</strong><br />(+20 for winning)
|l|☆Abracadaver
|player|p1|
|l|☆superstar
|player|p2|
