|j|☆werearewe
|j|☆UserJexx
|t:|1760320048
|gametype|singles
|player|p1|werearewe|265|1490
|player|p2|UserJexx|lusamine-nihilego|1555
|gen|9
|tier|[Gen 9] OU
|rated|
|rule|HP Percentage Mod: HP is shown in percentages
|rule|Endless Battle Clause: Forcing endless battles is banned
|rule|Species Clause: Limit one of each Pokémon
|rule|OHKO Clause: OHKO moves are banned
|rule|Evasion Items Clause: Evasion items are banned
|rule|Evasion Moves Clause: Evasion moves are banned
|rule|Evasion Abilities Clause: Evasion abilities are banned
|rule|Sleep Moves Clause: Sleep-inducing moves are banned
|clearpoke
|poke|p1|Ribombee, M|
|poke|p1|Cinderace, M|
|poke|p1|Ogerpon, F|
|poke|p1|Milotic, F|
|poke|p1|Kingambit, F|
|poke|p1|Empoleon, M|
|poke|p2|Goodra-Hisui, F|
|poke|p2|Corviknight, F|
|poke|p2|Garchomp, M|
|poke|p2|Hatterene, F|
|poke|p2|Ditto|
|poke|p2|Ceruledge, F|
|teampreview
|inactive|Battle timer is ON: inactive players will automatically lose when time's up. (requested by UserJexx)
|
|t:|1760320080
|teamsize|p1|6
|teamsize|p2|6
|start
|switch|p1a: Ribombee|Ribombee, M|100/100
|switch|p2a: Hiveblood|Hatterene, F, shiny|100/100
|turn|1
|c|☆UserJexx|Sticky web court change defiant competitive
|c|☆UserJexx|lowk a cool start Ayo
|inactive|UserJexx has 120 seconds left.
|
|t:|1760320110
|move|p1a: Ribombee|Sticky Web|p2a: Hiveblood
|move|p2a: Hiveblood|Sticky Web|p1a: Ribombee|[from] ability: Magic Bounce
|-sidestart|p1: werearewe|move: Sticky Web
|move|p2a: Hiveblood|Mystical Fire|p1a: Ribombee
|-supereffective|p1a: Ribombee
|-damage|p1a: Ribombee|5/100
|
|upkeep
|turn|2
|
|t:|1760320132
|move|p1a: Ribombee|U-turn|p2a: Hiveblood
|-damage|p2a: Hiveblood|86/100
|c|☆UserJexx|Strat*
|
|t:|1760320140
|switch|p1a: Empoleon|Empoleon, M|100/100|[from] U-turn
|-activate|p1a: Empoleon|move: Sticky Web
|-unboost|p1a: Empoleon|spe|1
|-ability|p1a: Empoleon|Competitive|boost
|-boost|p1a: Empoleon|spa|2
|move|p2a: Hiveblood|Mystical Fire|p1a: Empoleon
|-damage|p1a: Empoleon|82/100
|-unboost|p1a: Empoleon|spa|1
|-ability|p1a: Empoleon|Competitive|boost
|-boost|p1a: Empoleon|spa|2
|
|upkeep
|turn|3
|
|t:|1760320151
|switch|p2a: Baldur Shell|Goodra-Hisui, F|100/100
|move|p1a: Empoleon|Surf|p2a: Baldur Shell
|-resisted|p2a: Baldur Shell
|-crit|p2a: Baldur Shell
|-damage|p2a: Baldur Shell|60/100
|
|upkeep
|turn|4
|
|t:|1760320159
|move|p1a: Empoleon|Vacuum Wave|p2a: Baldur Shell
|-supereffective|p2a: Baldur Shell
|-damage|p2a: Baldur Shell|30/100
|move|p2a: Baldur Shell|Earthquake|p1a: Empoleon
|-supereffective|p1a: Empoleon
|-damage|p1a: Empoleon|22/100
|
|upkeep
|turn|5
|
|t:|1760320164
|-terastallize|p2a: Baldur Shell|Flying
|move|p1a: Empoleon|Vacuum Wave|p2a: Baldur Shell
|-resisted|p2a: Baldur Shell
|-damage|p2a: Baldur Shell|23/100
|move|p2a: Baldur Shell|Earthquake|p1a: Empoleon
|-supereffective|p1a: Empoleon
|-damage|p1a: Empoleon|0 fnt
|faint|p1a: Empoleon
|
|upkeep
|
|t:|1760320169
|switch|p1a: Ribombee|Ribombee, M|5/100
|-activate|p1a: Ribombee|move: Sticky Web
|-unboost|p1a: Ribombee|spe|1
|turn|6
|
|t:|1760320173
|switch|p2a: Hiveblood|Hatterene, F, shiny|86/100
|move|p1a: Ribombee|Moonblast|p2a: Hiveblood
|-damage|p2a: Hiveblood|46/100
|
|upkeep
|turn|7
|
|t:|1760320177
|move|p1a: Ribombee|Moonblast|p2a: Hiveblood
|-damage|p2a: Hiveblood|3/100
|move|p2a: Hiveblood|Psyshock|p1a: Ribombee
|-damage|p1a: Ribombee|0 fnt
|faint|p1a: Ribombee
|
|upkeep
|
|t:|1760320181
|switch|p1a: Cinderace|Cinderace, M|100/100
|turn|8
|
|t:|1760320186
|switch|p2a: Sharp Shadow|Ceruledge, F|100/100
|move|p1a: Cinderace|Pyro Ball|p2a: Sharp Shadow
|-start|p2a: Sharp Shadow|ability: Flash Fire
|
|upkeep
|turn|9
|inactive|werearewe has 120 seconds left.
|
|t:|1760320218
|move|p2a: Sharp Shadow|Poltergeist|p1a: Cinderace|[miss]
|-miss|p2a: Sharp Shadow|p1a: Cinderace
|move|p1a: Cinderace|U-turn|p2a: Sharp Shadow
|-resisted|p2a: Sharp Shadow
|-damage|p2a: Sharp Shadow|94/100
|inactive|werearewe has 120 seconds left.
|
|t:|1760320225
|switch|p1a: Kingambit|Kingambit, F|100/100|[from] U-turn
|-activate|p1a: Kingambit|move: Sticky Web
|-unboost|p1a: Kingambit|spe|1
|-ability|p1a: Kingambit|Defiant|boost
|-boost|p1a: Kingambit|atk|2
|
|upkeep
|turn|10
|
|t:|1760320229
|-end|p2a: Sharp Shadow|ability: Flash Fire|[silent]
|switch|p2a: Hiveblood|Hatterene, F, shiny|3/100
|move|p1a: Kingambit|Kowtow Cleave|p2a: Hiveblood
|-damage|p2a: Hiveblood|0 fnt
|faint|p2a: Hiveblood
|
|upkeep
|
|t:|1760320238
|switch|p2a: Thorns of Agony|Garchomp, M|100/100
|turn|11
|
|t:|1760320255
|move|p2a: Thorns of Agony|Earthquake|p1a: Kingambit
|-supereffective|p1a: Kingambit
|-damage|p1a: Kingambit|0 fnt
|faint|p1a: Kingambit
|-damage|p2a: Thorns of Agony|91/100|[from] item: Life Orb
|
|upkeep
|
|t:|1760320259
|switch|p1a: Ogerpon|Ogerpon, F|100/100
|-activate|p1a: Ogerpon|move: Sticky Web
|-unboost|p1a: Ogerpon|spe|1
|-ability|p1a: Ogerpon|Defiant|boost
|-boost|p1a: Ogerpon|atk|2
|-enditem|p1a: Ogerpon|White Herb
|-clearnegativeboost|p1a: Ogerpon|[silent]
|turn|12
|
|t:|1760320281
|switch|p2a: Baldur Shell|Goodra-Hisui, F, tera:Flying|23/100
|move|p1a: Ogerpon|Ivy Cudgel|p2a: Baldur Shell
|-ability|p2a: Baldur Shell|Sap Sipper|boost
|-boost|p2a: Baldur Shell|atk|1
|
|upkeep
|turn|13
|
|t:|1760320290
|move|p1a: Ogerpon|Knock Off|p2a: Baldur Shell
|-damage|p2a: Baldur Shell|0 fnt
|-enditem|p2a: Baldur Shell|Assault Vest|[from] move: Knock Off|[of] p1a: Ogerpon
|faint|p2a: Baldur Shell
|
|upkeep
|
|t:|1760320313
|switch|p2a: Defender’s Crest|Corviknight, F, shiny|100/100
|-ability|p2a: Defender’s Crest|Pressure
|turn|14
|
|t:|1760320327
|move|p1a: Ogerpon|Knock Off|p2a: Defender’s Crest
|-damage|p2a: Defender’s Crest|57/100
|-damage|p1a: Ogerpon|84/100|[from] item: Rocky Helmet|[of] p2a: Defender’s Crest
|-enditem|p2a: Defender’s Crest|Rocky Helmet|[from] move: Knock Off|[of] p1a: Ogerpon
|move|p2a: Defender’s Crest|Body Press|p1a: Ogerpon
|-damage|p1a: Ogerpon|55/100
|
|upkeep
|turn|15
|
|t:|1760320336
|move|p1a: Ogerpon|Superpower|p2a: Defender’s Crest
|-damage|p2a: Defender’s Crest|5/100
|-unboost|p1a: Ogerpon|atk|1
|-unboost|p1a: Ogerpon|def|1
|move|p2a: Defender’s Crest|Body Press|p1a: Ogerpon
|-damage|p1a: Ogerpon|4/100
|
|upkeep
|turn|16
|
|t:|1760320340
|move|p1a: Ogerpon|Ivy Cudgel|p2a: Defender’s Crest
|-resisted|p2a: Defender’s Crest
|-damage|p2a: Defender’s Crest|0 fnt
|faint|p2a: Defender’s Crest
|
|upkeep
|
|t:|1760320344
|switch|p2a: Carefree Melody|Ditto, shiny|100/100
|-transform|p2a: Carefree Melody|p1a: Ogerpon|[from] ability: Imposter
|turn|17
|
|t:|1760320368
|switch|p1a: Cinderace|Cinderace, M|100/100
|move|p2a: Carefree Melody|Knock Off|p1a: Cinderace
|-damage|p1a: Cinderace|40/100
|-enditem|p1a: Cinderace|Heavy-Duty Boots|[from] move: Knock Off|[of] p2a: Carefree Melody
|
|upkeep
|turn|18
|
|t:|1760320377
|move|p2a: Carefree Melody|Knock Off|p1a: Cinderace
|-damage|p1a: Cinderace|4/100
|move|p1a: Cinderace|U-turn|p2a: Carefree Melody
|-supereffective|p2a: Carefree Melody
|-damage|p2a: Carefree Melody|22/100
|
|t:|1760320388
|switch|p1a: Ogerpon|Ogerpon, F|4/100|[from] U-turn
|-activate|p1a: Ogerpon|move: Sticky Web
|-unboost|p1a: Ogerpon|spe|1
|-ability|p1a: Ogerpon|Defiant|boost
|-boost|p1a: Ogerpon|atk|2
|
|upkeep
|turn|19
|
|t:|1760320398
|move|p2a: Carefree Melody|Knock Off|p1a: Ogerpon
|-damage|p1a: Ogerpon|0 fnt
|faint|p1a: Ogerpon
|
|upkeep
|
|t:|1760320401
|switch|p1a: Milotic|Milotic, F|100/100
|-activate|p1a: Milotic|move: Sticky Web
|-unboost|p1a: Milotic|spe|1
|-ability|p1a: Milotic|Competitive|boost
|-boost|p1a: Milotic|spa|2
|turn|20
|
|t:|1760320405
|switch|p2a: Thorns of Agony|Garchomp, M|91/100
|move|p1a: Milotic|Draining Kiss|p2a: Thorns of Agony
|-supereffective|p2a: Thorns of Agony
|-damage|p2a: Thorns of Agony|20/100
|-damage|p1a: Milotic|88/100|[from] ability: Rough Skin|[of] p2a: Thorns of Agony
|
|upkeep
|turn|21
|
|t:|1760320420
|move|p2a: Thorns of Agony|Earthquake|p1a: Milotic
|-damage|p1a: Milotic|16/100
|-damage|p2a: Thorns of Agony|10/100|[from] item: Life Orb
|move|p1a: Milotic|Draining Kiss|p2a: Thorns of Agony
|-supereffective|p2a: Thorns of Agony
|-damage|p2a: Thorns of Agony|0 fnt
|-heal|p1a: Milotic|22/100|[from] drain|[of] p2a: Thorns of Agony
|-damage|p1a: Milotic|10/100|[from] ability: Rough Skin|[of] p2a: Thorns of Agony
|faint|p2a: Thorns of Agony
|
|upkeep
|
|t:|1760320426
|switch|p2a: Sharp Shadow|Ceruledge, F|94/100
|turn|22
|
|t:|1760320448
|move|p2a: Sharp Shadow|Bitter Blade|p1a: Milotic
|-resisted|p1a: Milotic
|-damage|p1a: Milotic|0 fnt
|-heal|p2a: Sharp Shadow|99/100|[from] drain|[of] p1a: Milotic
|faint|p1a: Milotic
|
|upkeep
|
|t:|1760320451
|switch|p1a: Cinderace|Cinderace, M|4/100
|-activate|p1a: Cinderace|move: Sticky Web
|-unboost|p1a: Cinderace|spe|1
|turn|23
|
|t:|1760320453
|move|p2a: Sharp Shadow|Bitter Blade|p1a: Cinderace
|-resisted|p1a: Cinderace
|-damage|p1a: Cinderace|0 fnt
|-heal|p2a: Sharp Shadow|100/100|[from] drain|[of] p1a: Cinderace
|faint|p1a: Cinderace
|
|win|UserJexx
|raw|werearewe's rating: 1490 &rarr; <strong>1474</strong><br />(-16 for losing)
|raw|UserJexx's rating: 1555 &rarr; <strong>1571</strong><br />(+16 for winning)
|l|☆UserJexx
|player|p2|
