|j|☆nskt
|j|☆sanmedina
|t:|1760389457
|gametype|singles
|player|p1|nskt|bruno|1081
|player|p2|sanmedina|ltsurge-gen2|1104
|gen|9
|tier|[Gen 9] OU
|rated|
|rule|HP Percentage Mod: HP is shown in percentages
|rule|Endless Battle Clause: Forcing endless battles is banned
|rule|Species Clause: Limit one of each Pokémon
|rule|OHKO Clause: OHKO moves are banned
|rule|Evasion Items Clause: Evasion items are banned
|rule|Evasion Moves Clause: Evasion moves are banned
|rule|Evasion Abilities Clause: Evasion abilities are banned
|rule|Sleep Moves Clause: Sleep-inducing moves are banned
|clearpoke
|poke|p1|Rillaboom, M|
|poke|p1|Breloom, M|
|poke|p1|Dipplin, F|
|poke|p1|Venusaur, F|
|poke|p1|Feraligatr, F|
|poke|p1|Rhydon, M|
|poke|p2|Weavile, F|
|poke|p2|Corviknight, M|
|poke|p2|Swampert, M|
|poke|p2|Latios, M|
|poke|p2|Iron Moth|
|poke|p2|Dragapult, F|
|teampreview
|inactive|Battle timer is ON: inactive players will automatically lose when time's up. (requested by nskt)
|
|t:|1760389475
|teamsize|p1|6
|teamsize|p2|6
|start
|switch|p1a: Rillaboom|Rillaboom, M, shiny|100/100
|switch|p2a: Weavile|Weavile, F|100/100
|-ability|p2a: Weavile|Pressure
|-fieldstart|move: Grassy Terrain|[from] ability: Grassy Surge|[of] p1a: Rillaboom
|turn|1
|
|t:|1760389493
|move|p2a: Weavile|Triple Axel|p1a: Rillaboom
|-supereffective|p1a: Rillaboom
|-damage|p1a: Rillaboom|82/100
|-supereffective|p1a: Rillaboom
|-damage|p1a: Rillaboom|45/100
|-supereffective|p1a: Rillaboom
|-damage|p1a: Rillaboom|0 fnt
|faint|p1a: Rillaboom
|-hitcount|p1: Rillaboom|3
|
|upkeep
|inactive|nskt has 120 seconds left.
|
|t:|1760389520
|switch|p1a: Rhydon|Rhydon, M|100/100
|turn|2
|c|☆sanmedina|why is half ur team grass
|inactive|nskt has 120 seconds left.
|
|t:|1760389528
|switch|p2a: Swampert|Swampert, M|100/100
|move|p1a: Rhydon|Endure||[still]
|-fail|p1a: Rhydon
|
|upkeep
|turn|3
|
|t:|1760389538
|move|p2a: Swampert|Stealth Rock|p1a: Rhydon
|-sidestart|p1: nskt|move: Stealth Rock
|move|p1a: Rhydon|Sunny Day|p1a: Rhydon
|-weather|SunnyDay
|
|-weather|SunnyDay|[upkeep]
|upkeep
|turn|4
|
|t:|1760389548
|switch|p1a: Venusaur|Venusaur, F|100/100
|-damage|p1a: Venusaur|88/100|[from] Stealth Rock
|move|p2a: Swampert|Flip Turn|p1a: Venusaur
|-resisted|p1a: Venusaur
|-crit|p1a: Venusaur
|-damage|p1a: Venusaur|80/100
|
|t:|1760389561
|switch|p2a: Iron Moth|Iron Moth|100/100|[from] Flip Turn
|-enditem|p2a: Iron Moth|Booster Energy
|-activate|p2a: Iron Moth|ability: Quark Drive|[fromitem]
|-start|p2a: Iron Moth|quarkdrivespe
|
|-weather|SunnyDay|[upkeep]
|-heal|p1a: Venusaur|86/100|[from] Grassy Terrain
|-heal|p1a: Venusaur|92/100|[from] item: Leftovers
|upkeep
|turn|5
|inactive|nskt has 120 seconds left.
|
|t:|1760389581
|move|p2a: Iron Moth|Fiery Dance|p1a: Venusaur
|-supereffective|p1a: Venusaur
|-damage|p1a: Venusaur|0 fnt
|-boost|p2a: Iron Moth|spa|1
|faint|p1a: Venusaur
|
|-weather|SunnyDay|[upkeep]
|upkeep
|inactive|nskt has 120 seconds left.
|
|t:|1760389589
|switch|p1a: Feraligatr|Feraligatr, F, shiny|100/100
|-damage|p1a: Feraligatr|88/100|[from] Stealth Rock
|turn|6
|
|t:|1760389597
|move|p2a: Iron Moth|Sludge Wave|p1a: Feraligatr
|-damage|p1a: Feraligatr|12/100
|move|p1a: Feraligatr|Dragon Dance|p1a: Feraligatr
|-boost|p1a: Feraligatr|atk|1
|-boost|p1a: Feraligatr|spe|1
|
|-weather|SunnyDay|[upkeep]
|-heal|p1a: Feraligatr|18/100|[from] Grassy Terrain
|upkeep
|turn|7
|
|t:|1760389611
|move|p2a: Iron Moth|Fiery Dance|p1a: Feraligatr
|-resisted|p1a: Feraligatr
|-crit|p1a: Feraligatr
|-damage|p1a: Feraligatr|0 fnt
|-boost|p2a: Iron Moth|spa|1
|faint|p1a: Feraligatr
|
|-weather|none
|upkeep
|inactive|nskt has 120 seconds left.
|
|t:|1760389623
|switch|p1a: Breloom|Breloom, M, shiny|100/100
|-damage|p1a: Breloom|95/100|[from] Stealth Rock
|turn|8
|inactive|nskt has 120 seconds left.
|
|t:|1760389638
|move|p1a: Breloom|Mach Punch|p2a: Iron Moth
|-resisted|p2a: Iron Moth
|-damage|p2a: Iron Moth|77/100
|move|p2a: Iron Moth|Fiery Dance|p1a: Breloom
|-supereffective|p1a: Breloom
|-damage|p1a: Breloom|0 fnt
|-boost|p2a: Iron Moth|spa|1
|faint|p1a: Breloom
|
|-heal|p2a: Iron Moth|83/100|[from] Grassy Terrain
|-fieldend|move: Grassy Terrain
|upkeep
|inactive|nskt has 120 seconds left.
|
|t:|1760389651
|switch|p1a: Rhydon|Rhydon, M|100/100
|-damage|p1a: Rhydon|94/100|[from] Stealth Rock
|turn|9
|inactive|nskt has 120 seconds left.
|
|t:|1760389668
|-terastallize|p2a: Iron Moth|Fairy
|move|p2a: Iron Moth|Dazzling Gleam|p1a: Rhydon
|-damage|p1a: Rhydon|0 fnt
|faint|p1a: Rhydon
|
|upkeep
|inactive|nskt has 120 seconds left.
|
|t:|1760389675
|switch|p1a: Dipplin|Dipplin, F, shiny|100/100
|-damage|p1a: Dipplin|88/100|[from] Stealth Rock
|turn|10
|inactive|nskt has 120 seconds left.
|c|☆sanmedina|thats not even the fully evolved mon
|
|t:|1760389691
|-terastallize|p1a: Dipplin|Grass
|move|p2a: Iron Moth|Sludge Wave|p1a: Dipplin
|-supereffective|p1a: Dipplin
|-damage|p1a: Dipplin|0 fnt
|faint|p1a: Dipplin
|
|win|sanmedina
|raw|nskt's rating: 1081 &rarr; <strong>1060</strong><br />(-21 for losing)
|raw|sanmedina's rating: 1104 &rarr; <strong>1127</strong><br />(+23 for winning)
|l|☆nskt
|player|p1|
|l|☆sanmedina
|player|p2|
