|j|‽gguestie
|j|☆ollierob1
|t:|1760349777
|gametype|singles
|player|p1|gguestie|1|1601
|player|p2|ollierob1|hoopster|1606
|gen|9
|tier|[Gen 9] OU
|rated|
|rule|HP Percentage Mod: HP is shown in percentages
|rule|Endless Battle Clause: Forcing endless battles is banned
|rule|Species Clause: Limit one of each Pokémon
|rule|OHKO Clause: OHKO moves are banned
|rule|Evasion Items Clause: Evasion items are banned
|rule|Evasion Moves Clause: Evasion moves are banned
|rule|Evasion Abilities Clause: Evasion abilities are banned
|rule|Sleep Moves Clause: Sleep-inducing moves are banned
|clearpoke
|poke|p1|Sandy Shocks|
|poke|p1|Ninetales, F|
|poke|p1|Cinderace, M|
|poke|p1|Scovillain, M|
|poke|p1|Whimsicott, F|
|poke|p1|Great Tusk|
|poke|p2|Deoxys-Speed|
|poke|p2|Blaziken, F|
|poke|p2|Zamazenta-*|
|poke|p2|Gholdengo|
|poke|p2|Kyurem|
|poke|p2|Moltres-Galar|
|teampreview
|
|t:|1760349795
|teamsize|p1|6
|teamsize|p2|6
|start
|switch|p1a: Cinderace|Cinderace, M|100/100
|switch|p2a: Deoxys|Deoxys-Speed|100/100
|-ability|p2a: Deoxys|Pressure
|turn|1
|
|t:|1760349802
|move|p2a: Deoxys|Reflect|p2a: Deoxys
|-sidestart|p2: ollierob1|Reflect
|move|p1a: Cinderace|Flame Charge|p2a: Deoxys
|-damage|p2a: Deoxys|86/100
|-boost|p1a: Cinderace|spe|1
|
|upkeep
|turn|2
|
|t:|1760349817
|move|p1a: Cinderace|Swords Dance|p1a: Cinderace
|-boost|p1a: Cinderace|atk|2
|move|p2a: Deoxys|Taunt|p1a: Cinderace
|-start|p1a: Cinderace|move: Taunt
|
|upkeep
|turn|3
|
|t:|1760349826
|move|p1a: Cinderace|Flame Charge|p2a: Deoxys
|-damage|p2a: Deoxys|57/100
|-boost|p1a: Cinderace|spe|1
|move|p2a: Deoxys|Light Screen|p2a: Deoxys
|-sidestart|p2: ollierob1|move: Light Screen
|
|upkeep
|turn|4
|
|t:|1760349844
|switch|p2a: Zamazenta|Zamazenta|100/100
|-ability|p2a: Zamazenta|Dauntless Shield|boost
|-boost|p2a: Zamazenta|def|1
|move|p1a: Cinderace|Flame Charge|p2a: Zamazenta
|-damage|p2a: Zamazenta|91/100
|-boost|p1a: Cinderace|spe|1
|
|-heal|p2a: Zamazenta|97/100|[from] item: Leftovers
|upkeep
|turn|5
|
|t:|1760349854
|move|p1a: Cinderace|Pyro Ball|p2a: Zamazenta
|-damage|p2a: Zamazenta|73/100
|move|p2a: Zamazenta|Body Press|p1a: Cinderace
|-damage|p1a: Cinderace|27/100
|
|-heal|p2a: Zamazenta|79/100|[from] item: Leftovers
|-end|p1a: Cinderace|move: Taunt
|upkeep
|turn|6
|
|t:|1760349865
|move|p1a: Cinderace|Court Change|p1a: Cinderace
|-swapsideconditions
|-activate|p1a: Cinderace|move: Court Change
|move|p2a: Zamazenta|Body Press|p1a: Cinderace
|-damage|p1a: Cinderace|0 fnt
|faint|p1a: Cinderace
|
|-heal|p2a: Zamazenta|85/100|[from] item: Leftovers
|upkeep
|
|t:|1760349869
|switch|p1a: Ninetales|Ninetales, F|100/100
|-weather|SunnyDay|[from] ability: Drought|[of] p1a: Ninetales
|turn|7
|
|t:|1760349874
|switch|p2a: Deoxys|Deoxys-Speed|57/100
|-ability|p2a: Deoxys|Pressure
|switch|p1a: Whimsicott|Whimsicott, F|100/100
|
|-weather|SunnyDay|[upkeep]
|upkeep
|turn|8
|
|t:|1760349879
|move|p1a: Whimsicott|Shadow Ball|p2a: Deoxys
|-supereffective|p2a: Deoxys
|-damage|p2a: Deoxys|0 fnt
|faint|p2a: Deoxys
|
|-weather|SunnyDay|[upkeep]
|-sideend|p1: gguestie|Reflect
|upkeep
|
|t:|1760349908
|switch|p2a: Gholdengo|Gholdengo|100/100
|turn|9
|
|t:|1760349928
|-terastallize|p1a: Whimsicott|Ghost
|move|p1a: Whimsicott|Shadow Ball|p2a: Gholdengo
|-supereffective|p2a: Gholdengo
|-damage|p2a: Gholdengo|0 fnt
|faint|p2a: Gholdengo
|
|-weather|SunnyDay|[upkeep]
|upkeep
|
|t:|1760349975
|switch|p2a: Moltres|Moltres-Galar|100/100
|turn|10
|
|t:|1760349979
|move|p1a: Whimsicott|Shadow Ball|p2a: Moltres
|-resisted|p2a: Moltres
|-damage|p2a: Moltres|82/100
|move|p2a: Moltres|Agility|p2a: Moltres
|-boost|p2a: Moltres|spe|2
|
|-weather|SunnyDay|[upkeep]
|-sideend|p1: gguestie|move: Light Screen
|upkeep
|turn|11
|l|‽gguestie
|player|p1|
|inactive|Battle timer is ON: inactive players will automatically lose when time's up. (requested by ollierob1)
|j|‽gguestie
|inactive|gguestie reconnected and has 145 seconds left.
|player|p1|gguestie|1|
|n|‽gguestie|gguestie
|
|t:|1760350025
|switch|p1a: Great Tusk|Great Tusk|100/100
|-activate|p1a: Great Tusk|ability: Protosynthesis
|-start|p1a: Great Tusk|protosynthesisdef
|move|p2a: Moltres|Nasty Plot|p2a: Moltres
|-boost|p2a: Moltres|spa|2
|
|-weather|SunnyDay|[upkeep]
|upkeep
|turn|12
|
|t:|1760350040
|move|p2a: Moltres|Agility|p2a: Moltres
|-boost|p2a: Moltres|spe|2
|move|p1a: Great Tusk|Body Press|p2a: Moltres
|-damage|p2a: Moltres|35/100
|-ability|p2a: Moltres|Berserk|boost
|-boost|p2a: Moltres|spa|1
|-enditem|p2a: Moltres|Sitrus Berry|[eat]
|-heal|p2a: Moltres|60/100|[from] item: Sitrus Berry
|
|-weather|SunnyDay|[upkeep]
|upkeep
|turn|13
|inactive|ollierob1 has 120 seconds left.
|
|t:|1760350085
|move|p2a: Moltres|Hurricane|p1a: Great Tusk
|-supereffective|p1a: Great Tusk
|-damage|p1a: Great Tusk|0 fnt
|faint|p1a: Great Tusk
|-end|p1a: Great Tusk|Protosynthesis|[silent]
|
|-weather|SunnyDay|[upkeep]
|upkeep
|
|t:|1760350089
|switch|p1a: Ninetales|Ninetales, F|100/100
|turn|14
|
|t:|1760350102
|-terastallize|p2a: Moltres|Dark
|move|p2a: Moltres|Fiery Wrath|p1a: Ninetales
|-damage|p1a: Ninetales|0 fnt
|faint|p1a: Ninetales
|
|-weather|none
|upkeep
|-message|gguestie forfeited.
|
|win|ollierob1
|raw|gguestie's rating: 1601 &rarr; <strong>1581</strong><br />(-20 for losing)
|raw|ollierob1's rating: 1606 &rarr; <strong>1626</strong><br />(+20 for winning)
|l|‽gguestie
|player|p1|
|l|☆ollierob1
|player|p2|
