|j|☆xMutationd
|j|☆dhunte
|t:|1760378127
|gametype|singles
|player|p1|xMutationd|169|1098
|player|p2|dhunte|2|1040
|gen|9
|tier|[Gen 9] OU
|rated|
|rule|HP Percentage Mod: HP is shown in percentages
|rule|Endless Battle Clause: Forcing endless battles is banned
|rule|Species Clause: Limit one of each Pokémon
|rule|OHKO Clause: OHKO moves are banned
|rule|Evasion Items Clause: Evasion items are banned
|rule|Evasion Moves Clause: Evasion moves are banned
|rule|Evasion Abilities Clause: Evasion abilities are banned
|rule|Sleep Moves Clause: Sleep-inducing moves are banned
|clearpoke
|poke|p1|Galvantula, M|
|poke|p1|Meowscarada, M|
|poke|p1|Dragonite, M|
|poke|p1|Dondozo, M|
|poke|p1|Blaziken, M|
|poke|p1|Iron Valiant|
|poke|p2|Meowscarada, F|
|poke|p2|Gholdengo|
|poke|p2|Ceruledge, M|
|poke|p2|Dragonite, M|
|poke|p2|Corviknight, M|
|poke|p2|Mimikyu, F|
|teampreview
|
|t:|1760378147
|teamsize|p1|6
|teamsize|p2|6
|start
|switch|p1a: Galvantula|Galvantula, M, shiny|100/100
|switch|p2a: Gholdengo|Gholdengo|100/100
|turn|1
|
|t:|1760378162
|move|p1a: Galvantula|Sticky Web|p2a: Gholdengo
|-sidestart|p2: dhunte|move: Sticky Web
|move|p2a: Gholdengo|Focus Blast|p1a: Galvantula|[miss]
|-miss|p2a: Gholdengo|p1a: Galvantula
|
|upkeep
|turn|2
|
|t:|1760378174
|switch|p2a: Ceruledge|Ceruledge, M|100/100
|-activate|p2a: Ceruledge|move: Sticky Web
|-unboost|p2a: Ceruledge|spe|1
|move|p1a: Galvantula|Discharge|p2a: Ceruledge
|-damage|p2a: Ceruledge|57/100
|
|-heal|p2a: Ceruledge|63/100|[from] item: Leftovers
|upkeep
|turn|3
|
|t:|1760378190
|move|p1a: Galvantula|Thunder Wave|p2a: Ceruledge
|-status|p2a: Ceruledge|par
|move|p2a: Ceruledge|Swords Dance|p2a: Ceruledge
|-boost|p2a: Ceruledge|atk|2
|
|-heal|p2a: Ceruledge|69/100 par|[from] item: Leftovers
|upkeep
|turn|4
|
|t:|1760378201
|move|p1a: Galvantula|Discharge|p2a: Ceruledge
|-damage|p2a: Ceruledge|29/100 par
|move|p2a: Ceruledge|Bitter Blade|p1a: Galvantula
|-supereffective|p1a: Galvantula
|-enditem|p1a: Galvantula|Focus Sash
|-damage|p1a: Galvantula|1/100
|-heal|p2a: Ceruledge|77/100 par|[from] drain|[of] p1a: Galvantula
|
|-heal|p2a: Ceruledge|83/100 par|[from] item: Leftovers
|upkeep
|turn|5
|
|t:|1760378217
|move|p1a: Galvantula|Discharge|p2a: Ceruledge
|-damage|p2a: Ceruledge|46/100 par
|cant|p2a: Ceruledge|par
|
|-heal|p2a: Ceruledge|52/100 par|[from] item: Leftovers
|upkeep
|turn|6
|
|t:|1760378226
|move|p1a: Galvantula|Discharge|p2a: Ceruledge
|-damage|p2a: Ceruledge|13/100 par
|move|p2a: Ceruledge|Bitter Blade|p1a: Galvantula
|-supereffective|p1a: Galvantula
|-damage|p1a: Galvantula|0 fnt
|-heal|p2a: Ceruledge|13/100 par|[from] drain|[of] p1a: Galvantula
|faint|p1a: Galvantula
|
|-heal|p2a: Ceruledge|19/100 par|[from] item: Leftovers
|upkeep
|
|t:|1760378241
|switch|p1a: Dragonite|Dragonite, M, shiny|100/100
|turn|7
|
|t:|1760378260
|switch|p2a: Dragonite|Dragonite, M|100/100
|move|p1a: Dragonite|Dragon Dance|p1a: Dragonite
|-boost|p1a: Dragonite|atk|1
|-boost|p1a: Dragonite|spe|1
|
|upkeep
|turn|8
|
|t:|1760378273
|move|p1a: Dragonite|Dragon Claw|p2a: Dragonite
|-supereffective|p2a: Dragonite
|-damage|p2a: Dragonite|17/100
|move|p2a: Dragonite|Dragon Dance|p2a: Dragonite
|-boost|p2a: Dragonite|atk|1
|-boost|p2a: Dragonite|spe|1
|
|upkeep
|turn|9
|
|t:|1760378286
|switch|p2a: Mimikyu|Mimikyu, F|100/100
|-activate|p2a: Mimikyu|move: Sticky Web
|-unboost|p2a: Mimikyu|spe|1
|move|p1a: Dragonite|Dragon Dance|p1a: Dragonite
|-boost|p1a: Dragonite|atk|1
|-boost|p1a: Dragonite|spe|1
|
|upkeep
|turn|10
|
|t:|1760378296
|move|p1a: Dragonite|Earthquake|p2a: Mimikyu
|-activate|p2a: Mimikyu|ability: Disguise
|-damage|p2a: Mimikyu|100/100
|detailschange|p2a: Mimikyu|Mimikyu-Busted, F
|-damage|p2a: Mimikyu|88/100|[from] pokemon: Mimikyu-Busted
|move|p2a: Mimikyu|Play Rough|p1a: Dragonite
|-supereffective|p1a: Dragonite
|-damage|p1a: Dragonite|49/100
|-damage|p2a: Mimikyu|78/100|[from] item: Life Orb
|
|-heal|p1a: Dragonite|56/100|[from] item: Leftovers
|upkeep
|turn|11
|
|t:|1760378312
|move|p1a: Dragonite|Iron Head|p2a: Mimikyu
|-supereffective|p2a: Mimikyu
|-damage|p2a: Mimikyu|0 fnt
|faint|p2a: Mimikyu
|
|-heal|p1a: Dragonite|62/100|[from] item: Leftovers
|upkeep
|
|t:|1760378324
|switch|p2a: Gholdengo|Gholdengo|100/100
|-activate|p2a: Gholdengo|move: Sticky Web
|-unboost|p2a: Gholdengo|spe|1
|turn|12
|
|t:|1760378335
|move|p1a: Dragonite|Earthquake|p2a: Gholdengo
|-supereffective|p2a: Gholdengo
|-damage|p2a: Gholdengo|0 fnt
|faint|p2a: Gholdengo
|
|-heal|p1a: Dragonite|68/100|[from] item: Leftovers
|upkeep
|
|t:|1760378345
|switch|p2a: Corviknight|Corviknight, M|100/100
|-ability|p2a: Corviknight|Pressure
|turn|13
|
|t:|1760378382
|-terastallize|p2a: Corviknight|Fairy
|move|p1a: Dragonite|Dragon Claw|p2a: Corviknight
|-immune|p2a: Corviknight
|move|p2a: Corviknight|Body Press|p1a: Dragonite
|-resisted|p1a: Dragonite
|-damage|p1a: Dragonite|55/100
|
|-heal|p1a: Dragonite|61/100|[from] item: Leftovers
|upkeep
|turn|14
|c|☆xMutationd|that was a very stupiod play i have iron head
|
|t:|1760378407
|move|p1a: Dragonite|Iron Head|p2a: Corviknight
|-supereffective|p2a: Corviknight
|-damage|p2a: Corviknight|16/100
|move|p2a: Corviknight|Roost|p2a: Corviknight
|-heal|p2a: Corviknight|66/100
|
|-heal|p1a: Dragonite|67/100|[from] item: Leftovers
|-heal|p2a: Corviknight|72/100|[from] item: Leftovers
|upkeep
|turn|15
|
|t:|1760378420
|move|p1a: Dragonite|Iron Head|p2a: Corviknight
|-supereffective|p2a: Corviknight
|-damage|p2a: Corviknight|0 fnt
|faint|p2a: Corviknight
|
|-heal|p1a: Dragonite|73/100|[from] item: Leftovers
|upkeep
|
|t:|1760378429
|switch|p2a: Meowscarada|Meowscarada, F|100/100
|-activate|p2a: Meowscarada|move: Sticky Web
|-unboost|p2a: Meowscarada|spe|1
|turn|16
|c|☆dhunte|Mercy
|
|t:|1760378483
|move|p1a: Dragonite|Iron Head|p2a: Meowscarada
|-damage|p2a: Meowscarada|9/100
|cant|p2a: Meowscarada|flinch
|
|-heal|p1a: Dragonite|79/100|[from] item: Leftovers
|upkeep
|turn|17
|
|t:|1760378494
|move|p1a: Dragonite|Iron Head|p2a: Meowscarada
|-damage|p2a: Meowscarada|0 fnt
|faint|p2a: Meowscarada
|
|-heal|p1a: Dragonite|86/100|[from] item: Leftovers
|upkeep
|
|t:|1760378505
|switch|p2a: Ceruledge|Ceruledge, M|19/100 par
|-activate|p2a: Ceruledge|move: Sticky Web
|-unboost|p2a: Ceruledge|spe|1
|turn|18
|c|☆xMutationd|u deserve death, u watched ,me ise iron head dclaw and eq
|c|☆xMutationd|u knew i had no electric or fire for corv and did tera fairy
|
|t:|1760378535
|move|p2a: Ceruledge|Shadow Sneak|p1a: Dragonite
|-damage|p1a: Dragonite|63/100
|move|p1a: Dragonite|Earthquake|p2a: Ceruledge
|-supereffective|p2a: Ceruledge
|-damage|p2a: Ceruledge|0 fnt
|faint|p2a: Ceruledge
|
|-heal|p1a: Dragonite|69/100|[from] item: Leftovers
|upkeep
|c|☆xMutationd|gg
|c|☆dhunte|Sorry
|
|t:|1760378547
|switch|p2a: Dragonite|Dragonite, M|17/100
|turn|19
|c|☆xMutationd|dont apologise just pay a little more attention
|
|t:|1760378561
|move|p1a: Dragonite|Dragon Claw|p2a: Dragonite
|-supereffective|p2a: Dragonite
|-crit|p2a: Dragonite
|-damage|p2a: Dragonite|0 fnt
|faint|p2a: Dragonite
|
|win|xMutationd
