|j|☆FuturosGuias
|j|‽LCJxiaochuachua
|t:|1760345671
|gametype|singles
|player|p1|FuturosGuias|guitarist|1130
|player|p2|LCJxiaochuachua|1|1153
|gen|9
|tier|[Gen 9] OU
|rated|
|rule|HP Percentage Mod: HP is shown in percentages
|rule|Endless Battle Clause: Forcing endless battles is banned
|rule|Species Clause: Limit one of each Pokémon
|rule|OHKO Clause: OHKO moves are banned
|rule|Evasion Items Clause: Evasion items are banned
|rule|Evasion Moves Clause: Evasion moves are banned
|rule|Evasion Abilities Clause: Evasion abilities are banned
|rule|Sleep Moves Clause: Sleep-inducing moves are banned
|clearpoke
|poke|p1|Persian, M|
|poke|p1|Gardevoir, M|
|poke|p1|Goodra-Hisui, M|
|poke|p1|Mandibuzz, F|
|poke|p1|Espeon, F|
|poke|p1|Dragonite, M|
|poke|p2|Dragapult, F|
|poke|p2|Landorus-Therian, M|
|poke|p2|Slowking-Galar, F|
|poke|p2|Kyurem|
|poke|p2|Heatran, F|
|poke|p2|Great Tusk|
|teampreview
|inactive|Battle timer is ON: inactive players will automatically lose when time's up. (requested by LCJxiaochuachua)
|
|t:|1760345688
|teamsize|p1|6
|teamsize|p2|6
|start
|switch|p1a: Persian|Persian, M|100/100
|switch|p2a: Kyurem|Kyurem|100/100
|-ability|p2a: Kyurem|Pressure
|turn|1
|
|t:|1760345695
|switch|p2a: Landorus|Landorus-Therian, M|100/100
|-ability|p2a: Landorus|Intimidate|boost
|-unboost|p1a: Persian|atk|1
|move|p1a: Persian|Fake Out|p2a: Landorus
|-damage|p2a: Landorus|91/100
|-damage|p1a: Persian|84/100|[from] item: Rocky Helmet|[of] p2a: Landorus
|
|upkeep
|turn|2
|l|‽LCJxiaochuachua
|inactive|LCJxiaochuachua disconnected and has a minute to reconnect!
|player|p2|
|
|t:|1760345707
|switch|p1a: Dragonite|Dragonite, M|100/100
|move|p2a: Landorus|Stealth Rock|p1a: Dragonite
|-sidestart|p1: FuturosGuias|move: Stealth Rock
|
|upkeep
|turn|3
|j|‽LCJxiaochuachua
|inactive|LCJxiaochuachua reconnected and has 150 seconds left.
|player|p2|LCJxiaochuachua|1|
|n|‽LCJxiaochuachua|lcjxiaochuachua
|
|t:|1760345726
|move|p1a: Dragonite|Outrage|p2a: Landorus
|-damage|p2a: Landorus|19/100
|-damage|p1a: Dragonite|84/100|[from] item: Rocky Helmet|[of] p2a: Landorus
|move|p2a: Landorus|U-turn|p1a: Dragonite
|-resisted|p1a: Dragonite
|-damage|p1a: Dragonite|74/100
|
|t:|1760345734
|switch|p2a: Dragapult|Dragapult, F|100/100|[from] U-turn
|
|upkeep
|turn|4
|
|t:|1760345739
|move|p2a: Dragapult|Dragon Darts|p1a: Dragonite
|-supereffective|p1a: Dragonite
|-damage|p1a: Dragonite|0 fnt
|faint|p1a: Dragonite
|
|upkeep
|
|t:|1760345749
|switch|p1a: Persian|Persian, M|84/100
|-damage|p1a: Persian|71/100|[from] Stealth Rock
|turn|5
|
|t:|1760345754
|move|p2a: Dragapult|Dragon Darts|p1a: Persian
|-damage|p1a: Persian|3/100
|-anim|p2a: Dragapult|Dragon Darts|p1a: Persian
|-damage|p1a: Persian|0 fnt
|faint|p1a: Persian
|
|upkeep
|
|t:|1760345761
|switch|p1a: Gardevoir|Gardevoir, M|100/100
|-damage|p1a: Gardevoir|88/100|[from] Stealth Rock
|-ability|p1a: Gardevoir|Clear Body|Trace|[from] ability: Trace|[of] p2a: Dragapult
|turn|6
|
|t:|1760345771
|switch|p2a: Heatran|Heatran, F|100/100
|move|p1a: Gardevoir|Shadow Ball|p2a: Heatran
|-damage|p2a: Heatran|84/100
|-unboost|p2a: Heatran|spd|1
|
|-heal|p2a: Heatran|90/100|[from] item: Leftovers
|upkeep
|turn|7
|
|t:|1760345784
|switch|p1a: Espeon|Espeon, F|100/100
|-damage|p1a: Espeon|88/100|[from] Stealth Rock
|move|p2a: Heatran|Magma Storm|p1a: Espeon|[miss]
|-miss|p2a: Heatran|p1a: Espeon
|
|-heal|p2a: Heatran|96/100|[from] item: Leftovers
|upkeep
|turn|8
|
|t:|1760345799
|move|p1a: Espeon|Power Gem|p2a: Heatran
|-damage|p2a: Heatran|57/100
|-damage|p1a: Espeon|78/100|[from] item: Life Orb
|move|p2a: Heatran|Magma Storm|p1a: Espeon
|-damage|p1a: Espeon|24/100
|-activate|p1a: Espeon|move: Magma Storm|[of] p2a: Heatran
|
|-heal|p2a: Heatran|63/100|[from] item: Leftovers
|-damage|p1a: Espeon|11/100|[from] move: Magma Storm|[partiallytrapped]
|upkeep
|turn|9
|-message|FuturosGuias forfeited.
|
|win|LCJxiaochuachua
|raw|FuturosGuias's rating: 1130 &rarr; <strong>1107</strong><br />(-23 for losing)
|raw|LCJxiaochuachua's rating: 1153 &rarr; <strong>1176</strong><br />(+23 for winning)
|l|☆FuturosGuias
|player|p1|
|l|‽LCJxiaochuachua
|player|p2|
