|j|☆Carpe Toadem
|j|☆Admin Briar
|t:|1758273427
|gametype|singles
|player|p1|Carpe Toadem|blue|1390
|player|p2|Admin Briar|colress|1416
|gen|9
|tier|[Gen 9] OU
|rated|
|rule|HP Percentage Mod: HP is shown in percentages
|rule|Endless Battle Clause: Forcing endless battles is banned
|rule|Species Clause: Limit one of each Pokémon
|rule|OHKO Clause: OHKO moves are banned
|rule|Evasion Items Clause: Evasion items are banned
|rule|Evasion Moves Clause: Evasion moves are banned
|rule|Evasion Abilities Clause: Evasion abilities are banned
|rule|Sleep Moves Clause: Sleep-inducing moves are banned
|clearpoke
|poke|p1|Zapdos|
|poke|p1|Pelipper, F|
|poke|p1|Iron Crown|
|poke|p1|Garganacl, M|
|poke|p1|Enamorus-Therian, F|
|poke|p1|Barraskewda, F|
|poke|p2|Ceruledge, M|
|poke|p2|Ninetales-Alola, F|
|poke|p2|Glimmora, F|
|poke|p2|Kommo-o, M|
|poke|p2|Excadrill, F|
|poke|p2|Greninja-*, M|
|teampreview
|inactive|Battle timer is ON: inactive players will automatically lose when time's up. (requested by Carpe Toadem)
|inactive|Admin Briar has 120 seconds left.
|
|t:|1758273459
|teamsize|p1|6
|teamsize|p2|6
|start
|switch|p1a: Iron Crown|Iron Crown|100/100
|switch|p2a: Ninetales|Ninetales-Alola, F|100/100
|-weather|Snowscape|[from] ability: Snow Warning|[of] p2a: Ninetales
|turn|1
|
|t:|1758273465
|switch|p2a: Glimmora|Glimmora, F|100/100
|move|p1a: Iron Crown|Tachyon Cutter|p2a: Glimmora
|-supereffective|p2a: Glimmora
|-damage|p2a: Glimmora|38/100
|-supereffective|p2a: Glimmora
|-damage|p2a: Glimmora|0 fnt
|faint|p2a: Glimmora
|-hitcount|p2: Glimmora|2
|
|-weather|Snowscape|[upkeep]
|upkeep
|
|t:|1758273474
|switch|p2a: Ceruledge|Ceruledge, M|100/100
|turn|2
|
|t:|1758273477
|move|p1a: Iron Crown|Volt Switch|p2a: Ceruledge
|-damage|p2a: Ceruledge|74/100
|
|t:|1758273480
|-end|p1a: Iron Crown|Quark Drive|[silent]
|switch|p1a: Pelipper|Pelipper, F|100/100|[from] Volt Switch
|-weather|RainDance|[from] ability: Drizzle|[of] p1a: Pelipper
|move|p2a: Ceruledge|Swords Dance|p2a: Ceruledge
|-boost|p2a: Ceruledge|atk|2
|
|-weather|RainDance|[upkeep]
|upkeep
|turn|3
|
|t:|1758273487
|move|p2a: Ceruledge|Poltergeist|p1a: Pelipper
|-activate|p1a: Pelipper|move: Poltergeist|Damp Rock
|-damage|p1a: Pelipper|13/100
|move|p1a: Pelipper|Hydro Pump|p2a: Ceruledge|[miss]
|-miss|p1a: Pelipper|p2a: Ceruledge
|
|-weather|RainDance|[upkeep]
|upkeep
|turn|4
|
|t:|1758273494
|move|p2a: Ceruledge|Shadow Sneak|p1a: Pelipper
|-damage|p1a: Pelipper|0 fnt
|faint|p1a: Pelipper
|
|-weather|RainDance|[upkeep]
|upkeep
|
|t:|1758273496
|switch|p1a: Barraskewda|Barraskewda, F|100/100
|turn|5
|
|t:|1758273503
|move|p2a: Ceruledge|Shadow Sneak|p1a: Barraskewda
|-damage|p1a: Barraskewda|12/100
|move|p1a: Barraskewda|Liquidation|p2a: Ceruledge
|-supereffective|p2a: Ceruledge
|-damage|p2a: Ceruledge|0 fnt
|faint|p2a: Ceruledge
|
|-weather|RainDance|[upkeep]
|upkeep
|
|t:|1758273509
|switch|p2a: Ninetales|Ninetales-Alola, F|100/100
|-weather|Snowscape|[from] ability: Snow Warning|[of] p2a: Ninetales
|turn|6
|
|t:|1758273514
|move|p1a: Barraskewda|Liquidation|p2a: Ninetales
|-damage|p2a: Ninetales|34/100
|move|p2a: Ninetales|Aurora Veil|p2a: Ninetales
|-sidestart|p2: Admin Briar|move: Aurora Veil
|
|-weather|Snowscape|[upkeep]
|upkeep
|turn|7
|
|t:|1758273519
|move|p1a: Barraskewda|Liquidation|p2a: Ninetales
|-damage|p2a: Ninetales|0 fnt
|faint|p2a: Ninetales
|
|-weather|Snowscape|[upkeep]
|upkeep
|
|t:|1758273523
|switch|p2a: Kommo-o|Kommo-o, M|100/100
|turn|8
|
|t:|1758273526
|switch|p1a: Iron Crown|Iron Crown|100/100
|move|p2a: Kommo-o|Clangorous Soul|p2a: Kommo-o
|-boost|p2a: Kommo-o|atk|1
|-boost|p2a: Kommo-o|def|1
|-boost|p2a: Kommo-o|spa|1
|-boost|p2a: Kommo-o|spd|1
|-boost|p2a: Kommo-o|spe|1
|-damage|p2a: Kommo-o|68/100
|
|-weather|Snowscape|[upkeep]
|upkeep
|turn|9
|
|t:|1758273535
|move|p2a: Kommo-o|Earthquake|p1a: Iron Crown
|-supereffective|p1a: Iron Crown
|-damage|p1a: Iron Crown|0 fnt
|faint|p1a: Iron Crown
|-end|p1a: Iron Crown|Quark Drive|[silent]
|
|-weather|Snowscape|[upkeep]
|upkeep
|
|t:|1758273538
|switch|p1a: Zapdos|Zapdos|100/100
|turn|10
|
|t:|1758273542
|move|p2a: Kommo-o|Ice Punch|p1a: Zapdos
|-supereffective|p1a: Zapdos
|-damage|p1a: Zapdos|45/100
|move|p1a: Zapdos|Hurricane|p2a: Kommo-o|[miss]
|-miss|p1a: Zapdos|p2a: Kommo-o
|
|-weather|none
|upkeep
|turn|11
|
|t:|1758273550
|-terastallize|p1a: Zapdos|Steel
|move|p2a: Kommo-o|Ice Punch|p1a: Zapdos
|-resisted|p1a: Zapdos
|-damage|p1a: Zapdos|31/100
|move|p1a: Zapdos|Hurricane|p2a: Kommo-o
|-supereffective|p2a: Kommo-o
|-damage|p2a: Kommo-o|31/100
|-start|p2a: Kommo-o|confusion
|
|upkeep
|turn|12
|
|t:|1758273561
|switch|p1a: Barraskewda|Barraskewda, F|12/100
|-activate|p2a: Kommo-o|confusion
|-damage|p2a: Kommo-o|19/100|[from] confusion
|
|upkeep
|turn|13
|
|t:|1758273565
|-activate|p2a: Kommo-o|confusion
|move|p2a: Kommo-o|Drain Punch|p1a: Barraskewda
|-damage|p1a: Barraskewda|0 fnt
|-heal|p2a: Kommo-o|25/100|[from] drain|[of] p1a: Barraskewda
|faint|p1a: Barraskewda
|
|-sideend|p2: Admin Briar|move: Aurora Veil
|upkeep
|
|t:|1758273568
|switch|p1a: Enamorus|Enamorus-Therian, F|100/100
|turn|14
|
|t:|1758273574
|-end|p2a: Kommo-o|confusion
|move|p2a: Kommo-o|Ice Punch|p1a: Enamorus
|-supereffective|p1a: Enamorus
|-damage|p1a: Enamorus|30/100
|move|p1a: Enamorus|Draining Kiss|p2a: Kommo-o
|-supereffective|p2a: Kommo-o
|-damage|p2a: Kommo-o|0 fnt
|-heal|p1a: Enamorus|46/100|[from] drain|[of] p2a: Kommo-o
|faint|p2a: Kommo-o
|
|upkeep
|
|t:|1758273583
|switch|p2a: Excadrill|Excadrill, F|100/100
|-ability|p2a: Excadrill|Mold Breaker
|turn|15
|
|t:|1758273588
|switch|p1a: Zapdos|Zapdos, tera:Steel|31/100
|move|p2a: Excadrill|Swords Dance|p2a: Excadrill
|-boost|p2a: Excadrill|atk|2
|
|upkeep
|turn|16
|
|t:|1758273593
|move|p2a: Excadrill|Earthquake|p1a: Zapdos
|-supereffective|p1a: Zapdos
|-damage|p1a: Zapdos|0 fnt
|faint|p1a: Zapdos
|
|upkeep
|
|t:|1758273595
|switch|p1a: Garganacl|Garganacl, M|100/100
|turn|17
|
|t:|1758273599
|move|p2a: Excadrill|Iron Head|p1a: Garganacl
|-supereffective|p1a: Garganacl
|-damage|p1a: Garganacl|0 fnt
|faint|p1a: Garganacl
|
|upkeep
|
|t:|1758273600
|switch|p1a: Enamorus|Enamorus-Therian, F|46/100
|turn|18
|
|t:|1758273604
|move|p2a: Excadrill|Iron Head|p1a: Enamorus
|-supereffective|p1a: Enamorus
|-damage|p1a: Enamorus|0 fnt
|faint|p1a: Enamorus
|
|win|Admin Briar
|raw|Carpe Toadem's rating: 1390 &rarr; <strong>1371</strong><br />(-19 for losing)
|raw|Admin Briar's rating: 1416 &rarr; <strong>1435</strong><br />(+19 for winning)
|c|☆Carpe Toadem|Gg
|l|☆Carpe Toadem
|player|p1|
|c|☆Admin Briar|gg
