|j|☆TechBuster
|j|☆Hubertbutbetter
|t:|1758340868
|gametype|singles
|player|p1|TechBuster|1|1440
|player|p2|Hubertbutbetter|miku-ghost|1472
|gen|9
|tier|[Gen 9] OU
|rated|
|rule|HP Percentage Mod: HP is shown in percentages
|rule|Endless Battle Clause: Forcing endless battles is banned
|rule|Species Clause: Limit one of each Pokémon
|rule|OHKO Clause: OHKO moves are banned
|rule|Evasion Items Clause: Evasion items are banned
|rule|Evasion Moves Clause: Evasion moves are banned
|rule|Evasion Abilities Clause: Evasion abilities are banned
|rule|Sleep Moves Clause: Sleep-inducing moves are banned
|clearpoke
|poke|p1|Toxapex, F|
|poke|p1|Blissey, F|
|poke|p1|Tornadus-Therian, M|
|poke|p1|Corviknight, F|
|poke|p1|Ting-Lu|
|poke|p1|Skeledirge, M|
|poke|p2|Hoopa-Unbound|
|poke|p2|Alomomola, F|
|poke|p2|Thundurus-Therian, M|
|poke|p2|Scizor, M|
|poke|p2|Cinderace, F|
|poke|p2|Iron Valiant|
|teampreview
|
|t:|1758340895
|teamsize|p1|6
|teamsize|p2|6
|start
|switch|p1a: Skeledirge|Skeledirge, M|100/100
|switch|p2a: Thundurus|Thundurus-Therian, M|100/100
|turn|1
|inactive|Battle timer is ON: inactive players will automatically lose when time's up. (requested by Hubertbutbetter)
|
|t:|1758340947
|switch|p1a: Ting-Lu|Ting-Lu|100/100
|-ability|p1a: Ting-Lu|Vessel of Ruin
|-terastallize|p2a: Thundurus|Flying
|move|p2a: Thundurus|Tera Blast|p1a: Ting-Lu|[anim] Tera Blast Flying
|-damage|p1a: Ting-Lu|64/100
|
|-heal|p1a: Ting-Lu|70/100|[from] item: Leftovers
|upkeep
|turn|2
|
|t:|1758340961
|switch|p2a: Scizor|Scizor, M|100/100
|move|p1a: Ting-Lu|Payback|p2a: Scizor
|-damage|p2a: Scizor|76/100
|
|-heal|p1a: Ting-Lu|76/100|[from] item: Leftovers
|upkeep
|turn|3
|
|t:|1758340976
|switch|p1a: Corviknight|Corviknight, F|100/100
|-ability|p1a: Corviknight|Pressure
|move|p2a: Scizor|U-turn|p1a: Corviknight
|-resisted|p1a: Corviknight
|-damage|p1a: Corviknight|91/100
|-damage|p2a: Scizor|59/100|[from] item: Rocky Helmet|[of] p1a: Corviknight
|
|t:|1758341005
|switch|p2a: Thundurus|Thundurus-Therian, M, tera:Flying|100/100|[from] U-turn
|
|upkeep
|turn|4
|
|t:|1758341019
|switch|p1a: Blissey|Blissey, F|100/100
|move|p2a: Thundurus|Grass Knot|p1a: Blissey
|-damage|p1a: Blissey|91/100
|
|upkeep
|turn|5
|
|t:|1758341037
|switch|p2a: Scizor|Scizor, M|59/100
|move|p1a: Blissey|Seismic Toss|p2a: Scizor
|-damage|p2a: Scizor|24/100
|
|upkeep
|turn|6
|
|t:|1758341048
|switch|p1a: Corviknight|Corviknight, F|91/100
|-ability|p1a: Corviknight|Pressure
|move|p2a: Scizor|Close Combat|p1a: Corviknight
|-damage|p1a: Corviknight|50/100
|-unboost|p2a: Scizor|def|1
|-unboost|p2a: Scizor|spd|1
|-damage|p2a: Scizor|7/100|[from] item: Rocky Helmet|[of] p1a: Corviknight
|
|upkeep
|turn|7
|
|t:|1758341062
|switch|p2a: Thundurus|Thundurus-Therian, M, tera:Flying|100/100
|move|p1a: Corviknight|Roost|p1a: Corviknight
|-heal|p1a: Corviknight|99/100
|-singleturn|p1a: Corviknight|move: Roost
|
|upkeep
|turn|8
|
|t:|1758341090
|switch|p1a: Ting-Lu|Ting-Lu|76/100
|-ability|p1a: Ting-Lu|Vessel of Ruin
|move|p2a: Thundurus|Volt Switch|p1a: Ting-Lu
|-immune|p1a: Ting-Lu
|
|-heal|p1a: Ting-Lu|82/100|[from] item: Leftovers
|upkeep
|turn|9
|
|t:|1758341102
|switch|p2a: Alomomola|Alomomola, F|100/100
|switch|p1a: Tornadus|Tornadus-Therian, M, shiny|100/100
|
|upkeep
|turn|10
|
|t:|1758341108
|-terastallize|p1a: Tornadus|Electric
|move|p1a: Tornadus|Nasty Plot|p1a: Tornadus
|-boost|p1a: Tornadus|spa|2
|move|p2a: Alomomola|Wish|p2a: Alomomola
|
|upkeep
|turn|11
|
|t:|1758341115
|switch|p2a: Hoopa|Hoopa-Unbound|100/100
|move|p1a: Tornadus|Hurricane|p2a: Hoopa
|-damage|p2a: Hoopa|57/100
|
|-heal|p2a: Hoopa|100/100|[from] move: Wish|[wisher] Alomomola
|upkeep
|turn|12
|
|t:|1758341133
|switch|p1a: Corviknight|Corviknight, F|99/100
|-ability|p1a: Corviknight|Pressure
|move|p2a: Hoopa|Psychic|p1a: Corviknight
|-resisted|p1a: Corviknight
|-damage|p1a: Corviknight|76/100
|-unboost|p1a: Corviknight|spd|1
|
|upkeep
|turn|13
|
|t:|1758341160
|switch|p2a: Alomomola|Alomomola, F|100/100
|switch|p1a: Ting-Lu|Ting-Lu|82/100
|-ability|p1a: Ting-Lu|Vessel of Ruin
|
|-heal|p1a: Ting-Lu|88/100|[from] item: Leftovers
|upkeep
|turn|14
|
|t:|1758341174
|switch|p1a: Toxapex|Toxapex, F|100/100
|move|p2a: Alomomola|Flip Turn|p1a: Toxapex
|-resisted|p1a: Toxapex
|-damage|p1a: Toxapex|95/100
|inactive|Hubertbutbetter has 120 seconds left.
|
|t:|1758341191
|switch|p2a: Hoopa|Hoopa-Unbound|100/100|[from] Flip Turn
|
|upkeep
|turn|15
|
|t:|1758341202
|switch|p1a: Ting-Lu|Ting-Lu|88/100
|-ability|p1a: Ting-Lu|Vessel of Ruin
|move|p2a: Hoopa|Psychic|p1a: Ting-Lu
|-immune|p1a: Ting-Lu
|
|-heal|p1a: Ting-Lu|95/100|[from] item: Leftovers
|upkeep
|turn|16
|
|t:|1758341214
|move|p2a: Hoopa|Drain Punch|p1a: Ting-Lu
|-supereffective|p1a: Ting-Lu
|-damage|p1a: Ting-Lu|65/100
|move|p1a: Ting-Lu|Payback|p2a: Hoopa
|-damage|p2a: Hoopa|44/100
|
|-heal|p1a: Ting-Lu|71/100|[from] item: Leftovers
|upkeep
|turn|17
|
|t:|1758341221
|switch|p2a: Thundurus|Thundurus-Therian, M, tera:Flying|100/100
|move|p1a: Ting-Lu|Payback|p2a: Thundurus
|-damage|p2a: Thundurus|71/100
|
|-heal|p1a: Ting-Lu|77/100|[from] item: Leftovers
|upkeep
|turn|18
|
|t:|1758341231
|switch|p1a: Blissey|Blissey, F|91/100
|move|p2a: Thundurus|Tera Blast|p1a: Blissey|[anim] Tera Blast Flying
|-damage|p1a: Blissey|64/100
|
|upkeep
|turn|19
|
|t:|1758341250
|switch|p2a: Alomomola|Alomomola, F|100/100
|move|p1a: Blissey|Seismic Toss|p2a: Alomomola
|-damage|p2a: Alomomola|82/100
|-enditem|p2a: Alomomola|Red Card|[of] p1a: Blissey
|drag|p1a: Tornadus|Tornadus-Therian, M, shiny, tera:Electric|100/100
|
|upkeep
|turn|20
|inactive|TechBuster has 120 seconds left.
|
|t:|1758341287
|move|p1a: Tornadus|Nasty Plot|p1a: Tornadus
|-boost|p1a: Tornadus|spa|2
|move|p2a: Alomomola|Flip Turn|p1a: Tornadus
|-damage|p1a: Tornadus|84/100
|
|t:|1758341303
|switch|p2a: Hoopa|Hoopa-Unbound|44/100|[from] Flip Turn
|
|upkeep
|turn|21
|
|t:|1758341307
|move|p1a: Tornadus|Hurricane|p2a: Hoopa
|-damage|p2a: Hoopa|3/100
|move|p2a: Hoopa|Psychic|p1a: Tornadus
|-damage|p1a: Tornadus|32/100
|
|upkeep
|turn|22
|
|t:|1758341313
|move|p1a: Tornadus|Heat Wave|p2a: Hoopa
|-damage|p2a: Hoopa|0 fnt
|faint|p2a: Hoopa
|
|upkeep
|
|t:|1758341323
|switch|p2a: Scizor|Scizor, M|7/100
|turn|23
|
|t:|1758341327
|switch|p1a: Corviknight|Corviknight, F|76/100
|-ability|p1a: Corviknight|Pressure
|move|p2a: Scizor|Bullet Punch|p1a: Corviknight
|-resisted|p1a: Corviknight
|-damage|p1a: Corviknight|60/100
|-damage|p2a: Scizor|0 fnt|[from] item: Rocky Helmet|[of] p1a: Corviknight
|faint|p2a: Scizor
|
|upkeep
|
|t:|1758341330
|switch|p2a: Thundurus|Thundurus-Therian, M, tera:Flying|71/100
|turn|24
|
|t:|1758341337
|switch|p1a: Ting-Lu|Ting-Lu|77/100
|-ability|p1a: Ting-Lu|Vessel of Ruin
|move|p2a: Thundurus|Tera Blast|p1a: Ting-Lu|[anim] Tera Blast Flying
|-damage|p1a: Ting-Lu|37/100
|
|-heal|p1a: Ting-Lu|44/100|[from] item: Leftovers
|upkeep
|turn|25
|
|t:|1758341359
|move|p2a: Thundurus|Tera Blast|p1a: Ting-Lu|[anim] Tera Blast Flying
|-damage|p1a: Ting-Lu|9/100
|move|p1a: Ting-Lu|Rest|p1a: Ting-Lu
|-status|p1a: Ting-Lu|slp|[from] move: Rest
|-heal|p1a: Ting-Lu|100/100 slp|[silent]
|
|upkeep
|turn|26
|
|t:|1758341363
|move|p2a: Thundurus|Tera Blast|p1a: Ting-Lu|[anim] Tera Blast Flying
|-damage|p1a: Ting-Lu|63/100 slp
|cant|p1a: Ting-Lu|slp
|move|p1a: Ting-Lu|Sleep Talk|p1a: Ting-Lu
|move|p1a: Ting-Lu|Payback|p2a: Thundurus|[from] move: Sleep Talk
|-damage|p2a: Thundurus|9/100
|
|-heal|p1a: Ting-Lu|69/100 slp|[from] item: Leftovers
|upkeep
|turn|27
|
|t:|1758341369
|move|p2a: Thundurus|Tera Blast|p1a: Ting-Lu|[anim] Tera Blast Flying
|-damage|p1a: Ting-Lu|31/100 slp
|cant|p1a: Ting-Lu|slp
|move|p1a: Ting-Lu|Sleep Talk|p1a: Ting-Lu
|move|p1a: Ting-Lu|Rest||[from] move: Sleep Talk|[still]
|-fail|p1a: Ting-Lu
|
|-heal|p1a: Ting-Lu|37/100 slp|[from] item: Leftovers
|upkeep
|turn|28
|
|t:|1758341377
|move|p2a: Thundurus|Tera Blast|p1a: Ting-Lu|[anim] Tera Blast Flying
|-crit|p1a: Ting-Lu
|-damage|p1a: Ting-Lu|0 fnt
|faint|p1a: Ting-Lu
|
|upkeep
|
|t:|1758341381
|switch|p1a: Blissey|Blissey, F|64/100
|turn|29
|
|t:|1758341387
|switch|p2a: Alomomola|Alomomola, F|100/100
|move|p1a: Blissey|Calm Mind|p1a: Blissey
|-boost|p1a: Blissey|spa|1
|-boost|p1a: Blissey|spd|1
|
|upkeep
|turn|30
|
|t:|1758341394
|move|p1a: Blissey|Calm Mind|p1a: Blissey
|-boost|p1a: Blissey|spa|1
|-boost|p1a: Blissey|spd|1
|move|p2a: Alomomola|Wish|p2a: Alomomola
|
|upkeep
|turn|31
|
|t:|1758341400
|move|p1a: Blissey|Shadow Ball|p2a: Alomomola
|-damage|p2a: Alomomola|66/100
|move|p2a: Alomomola|Flip Turn|p1a: Blissey
|-damage|p1a: Blissey|29/100
|
|t:|1758341403
|switch|p2a: Thundurus|Thundurus-Therian, M, tera:Flying|9/100|[from] Flip Turn
|
|-heal|p2a: Thundurus|98/100|[from] move: Wish|[wisher] Alomomola
|upkeep
|turn|32
|
|t:|1758341409
|move|p2a: Thundurus|Volt Switch|p1a: Blissey
|-damage|p1a: Blissey|20/100
|
|t:|1758341410
|switch|p2a: Alomomola|Alomomola, F|99/100|[from] Volt Switch
|move|p1a: Blissey|Soft-Boiled|p1a: Blissey
|-heal|p1a: Blissey|70/100
|
|upkeep
|turn|33
|
|t:|1758341414
|move|p1a: Blissey|Calm Mind|p1a: Blissey
|-boost|p1a: Blissey|spa|1
|-boost|p1a: Blissey|spd|1
|move|p2a: Alomomola|Flip Turn|p1a: Blissey
|-damage|p1a: Blissey|36/100
|
|t:|1758341418
|switch|p2a: Iron Valiant|Iron Valiant, shiny|100/100|[from] Flip Turn
|-enditem|p2a: Iron Valiant|Booster Energy
|-activate|p2a: Iron Valiant|ability: Quark Drive|[fromitem]
|-start|p2a: Iron Valiant|quarkdrivespe
|
|upkeep
|turn|34
|
|t:|1758341422
|switch|p1a: Skeledirge|Skeledirge, M|100/100
|move|p2a: Iron Valiant|Close Combat|p1a: Skeledirge
|-immune|p1a: Skeledirge
|
|upkeep
|turn|35
|
|t:|1758341427
|-end|p2a: Iron Valiant|Quark Drive|[silent]
|switch|p2a: Cinderace|Cinderace, F, shiny|100/100
|move|p1a: Skeledirge|Torch Song|p2a: Cinderace
|-resisted|p2a: Cinderace
|-damage|p2a: Cinderace|77/100
|-boost|p1a: Skeledirge|spa|1
|
|upkeep
|turn|36
|
|t:|1758341430
|move|p2a: Cinderace|Sucker Punch|p1a: Skeledirge
|-start|p2a: Cinderace|typechange|Dark|[from] ability: Libero
|-supereffective|p1a: Skeledirge
|-damage|p1a: Skeledirge|56/100
|move|p1a: Skeledirge|Torch Song|p2a: Cinderace
|-damage|p2a: Cinderace|17/100
|-boost|p1a: Skeledirge|spa|1
|
|upkeep
|turn|37
|
|t:|1758341436
|move|p2a: Cinderace|Sucker Punch||[still]
|-fail|p2a: Cinderace
|move|p1a: Skeledirge|Slack Off|p1a: Skeledirge
|-heal|p1a: Skeledirge|100/100
|
|upkeep
|turn|38
|
|t:|1758341441
|move|p2a: Cinderace|Sucker Punch||[still]
|-fail|p2a: Cinderace
|move|p1a: Skeledirge|Will-O-Wisp|p2a: Cinderace
|-status|p2a: Cinderace|brn
|
|-damage|p2a: Cinderace|11/100 brn|[from] brn
|upkeep
|turn|39
|
|t:|1758341445
|move|p2a: Cinderace|Sucker Punch||[still]
|-fail|p2a: Cinderace
|move|p1a: Skeledirge|Will-O-Wisp|p2a: Cinderace
|-fail|p2a: Cinderace|brn
|
|-damage|p2a: Cinderace|5/100 brn|[from] brn
|upkeep
|turn|40
|
|t:|1758341450
|move|p2a: Cinderace|Pyro Ball|p1a: Skeledirge
|-resisted|p1a: Skeledirge
|-damage|p1a: Skeledirge|94/100
|move|p1a: Skeledirge|Hex|p2a: Cinderace
|-resisted|p2a: Cinderace
|-damage|p2a: Cinderace|0 fnt
|faint|p2a: Cinderace
|
|upkeep
|
|t:|1758341456
|switch|p2a: Iron Valiant|Iron Valiant, shiny|100/100
|turn|41
|
|t:|1758341459
|move|p2a: Iron Valiant|Knock Off|p1a: Skeledirge
|-supereffective|p1a: Skeledirge
|-damage|p1a: Skeledirge|53/100
|-enditem|p1a: Skeledirge|Heavy-Duty Boots|[from] move: Knock Off|[of] p2a: Iron Valiant
|move|p1a: Skeledirge|Torch Song|p2a: Iron Valiant
|-damage|p2a: Iron Valiant|0 fnt
|-boost|p1a: Skeledirge|spa|1
|faint|p2a: Iron Valiant
|-end|p2a: Iron Valiant|Quark Drive|[silent]
|
|upkeep
|
|t:|1758341466
|switch|p2a: Thundurus|Thundurus-Therian, M, tera:Flying|98/100
|turn|42
|
|t:|1758341475
|move|p2a: Thundurus|Tera Blast|p1a: Skeledirge|[anim] Tera Blast Flying
|-damage|p1a: Skeledirge|0 fnt
|faint|p1a: Skeledirge
|
|upkeep
|
|t:|1758341476
|switch|p1a: Blissey|Blissey, F|36/100
|turn|43
|c|☆TechBuster|crit now
|c|☆TechBuster|and win
|c|☆TechBuster|gg
|
|t:|1758341498
|move|p2a: Thundurus|Tera Blast|p1a: Blissey|[anim] Tera Blast Flying
|-damage|p1a: Blissey|13/100
|move|p1a: Blissey|Soft-Boiled|p1a: Blissey
|-heal|p1a: Blissey|63/100
|
|upkeep
|turn|44
|
|t:|1758341504
|switch|p2a: Alomomola|Alomomola, F|100/100
|move|p1a: Blissey|Calm Mind|p1a: Blissey
|-boost|p1a: Blissey|spa|1
|-boost|p1a: Blissey|spd|1
|
|upkeep
|turn|45
|
|t:|1758341508
|move|p1a: Blissey|Calm Mind|p1a: Blissey
|-boost|p1a: Blissey|spa|1
|-boost|p1a: Blissey|spd|1
|move|p2a: Alomomola|Acrobatics|p1a: Blissey
|-damage|p1a: Blissey|24/100
|
|upkeep
|turn|46
|
|t:|1758341512
|move|p1a: Blissey|Soft-Boiled|p1a: Blissey
|-heal|p1a: Blissey|74/100
|move|p2a: Alomomola|Acrobatics|p1a: Blissey
|-damage|p1a: Blissey|35/100
|
|upkeep
|turn|47
|
|t:|1758341518
|switch|p1a: Tornadus|Tornadus-Therian, M, shiny, tera:Electric|65/100
|move|p2a: Alomomola|Acrobatics|p1a: Tornadus
|-resisted|p1a: Tornadus
|-damage|p1a: Tornadus|56/100
|
|upkeep
|turn|48
|
|t:|1758341523
|switch|p1a: Toxapex|Toxapex, F|100/100
|move|p2a: Alomomola|Flip Turn|p1a: Toxapex
|-resisted|p1a: Toxapex
|-damage|p1a: Toxapex|95/100
|
|t:|1758341525
|switch|p2a: Thundurus|Thundurus-Therian, M, tera:Flying|98/100|[from] Flip Turn
|
|upkeep
|turn|49
|
|t:|1758341531
|switch|p1a: Corviknight|Corviknight, F|60/100
|-ability|p1a: Corviknight|Pressure
|move|p2a: Thundurus|Volt Switch|p1a: Corviknight
|-supereffective|p1a: Corviknight
|-damage|p1a: Corviknight|0 fnt
|faint|p1a: Corviknight
|
|t:|1758341534
|switch|p2a: Alomomola|Alomomola, F|100/100|[from] Volt Switch
|
|upkeep
|
|t:|1758341537
|switch|p1a: Toxapex|Toxapex, F|100/100
|turn|50
|
|t:|1758341540
|move|p2a: Alomomola|Flip Turn|p1a: Toxapex
|-resisted|p1a: Toxapex
|-damage|p1a: Toxapex|96/100
|
|t:|1758341542
|switch|p2a: Thundurus|Thundurus-Therian, M, tera:Flying|98/100|[from] Flip Turn
|move|p1a: Toxapex|Toxic|p2a: Thundurus
|-status|p2a: Thundurus|tox
|
|-damage|p2a: Thundurus|92/100 tox|[from] psn
|upkeep
|turn|51
|
|t:|1758341548
|move|p2a: Thundurus|Thunderbolt|p1a: Toxapex
|-supereffective|p1a: Toxapex
|-damage|p1a: Toxapex|0 fnt
|faint|p1a: Toxapex
|
|-damage|p2a: Thundurus|80/100 tox|[from] psn
|upkeep
|
|t:|1758341550
|switch|p1a: Blissey|Blissey, F|35/100
|turn|52
|
|t:|1758341553
|switch|p2a: Alomomola|Alomomola, F|100/100
|move|p1a: Blissey|Soft-Boiled|p1a: Blissey
|-heal|p1a: Blissey|85/100
|
|upkeep
|turn|53
|
|t:|1758341558
|switch|p1a: Tornadus|Tornadus-Therian, M, shiny, tera:Electric|89/100
|move|p2a: Alomomola|Acrobatics|p1a: Tornadus
|-resisted|p1a: Tornadus
|-damage|p1a: Tornadus|78/100
|
|upkeep
|turn|54
|
|t:|1758341563
|move|p1a: Tornadus|Nasty Plot|p1a: Tornadus
|-boost|p1a: Tornadus|spa|2
|move|p2a: Alomomola|Flip Turn|p1a: Tornadus
|-damage|p1a: Tornadus|62/100
|
|t:|1758341566
|switch|p2a: Thundurus|Thundurus-Therian, M, tera:Flying|80/100 tox|[from] Flip Turn
|
|-damage|p2a: Thundurus|74/100 tox|[from] psn
|upkeep
|turn|55
|
|t:|1758341568
|switch|p1a: Blissey|Blissey, F|85/100
|move|p2a: Thundurus|Tera Blast|p1a: Blissey|[anim] Tera Blast Flying
|-damage|p1a: Blissey|58/100
|
|-damage|p2a: Thundurus|62/100 tox|[from] psn
|upkeep
|turn|56
|
|t:|1758341574
|switch|p1a: Tornadus|Tornadus-Therian, M, shiny, tera:Electric|95/100
|move|p2a: Thundurus|Tera Blast|p1a: Tornadus|[anim] Tera Blast Flying
|-resisted|p1a: Tornadus
|-damage|p1a: Tornadus|47/100
|
|-damage|p2a: Thundurus|44/100 tox|[from] psn
|upkeep
|turn|57
|
|t:|1758341579
|switch|p1a: Blissey|Blissey, F|58/100
|move|p2a: Thundurus|Tera Blast|p1a: Blissey|[anim] Tera Blast Flying
|-damage|p1a: Blissey|35/100
|
|-damage|p2a: Thundurus|20/100 tox|[from] psn
|upkeep
|turn|58
|
|t:|1758341582
|switch|p2a: Alomomola|Alomomola, F|100/100
|move|p1a: Blissey|Soft-Boiled|p1a: Blissey
|-heal|p1a: Blissey|85/100
|
|upkeep
|turn|59
|
|t:|1758341584
|switch|p1a: Tornadus|Tornadus-Therian, M, shiny, tera:Electric|81/100
|move|p2a: Alomomola|Wish|p2a: Alomomola
|
|upkeep
|turn|60
|
|t:|1758341591
|switch|p1a: Blissey|Blissey, F|85/100
|move|p2a: Alomomola|Flip Turn|p1a: Blissey
|-damage|p1a: Blissey|51/100
|
|t:|1758341596
|switch|p2a: Thundurus|Thundurus-Therian, M, tera:Flying|20/100 tox|[from] Flip Turn
|
|-heal|p2a: Thundurus|100/100 tox|[from] move: Wish|[wisher] Alomomola
|-damage|p2a: Thundurus|94/100 tox|[from] psn
|upkeep
|turn|61
|
|t:|1758341601
|move|p2a: Thundurus|Volt Switch|p1a: Blissey
|-damage|p1a: Blissey|33/100
|
|t:|1758341604
|switch|p2a: Alomomola|Alomomola, F|100/100|[from] Volt Switch
|move|p1a: Blissey|Calm Mind|p1a: Blissey
|-boost|p1a: Blissey|spa|1
|-boost|p1a: Blissey|spd|1
|
|upkeep
|turn|62
|
|t:|1758341606
|switch|p1a: Tornadus|Tornadus-Therian, M, shiny, tera:Electric|100/100
|move|p2a: Alomomola|Acrobatics|p1a: Tornadus
|-resisted|p1a: Tornadus
|-damage|p1a: Tornadus|91/100
|
|upkeep
|turn|63
|
|t:|1758341610
|move|p1a: Tornadus|Taunt|p2a: Alomomola
|-start|p2a: Alomomola|move: Taunt
|move|p2a: Alomomola|Flip Turn|p1a: Tornadus
|-damage|p1a: Tornadus|73/100
|
|t:|1758341613
|switch|p2a: Thundurus|Thundurus-Therian, M, tera:Flying|94/100 tox|[from] Flip Turn
|
|-damage|p2a: Thundurus|88/100 tox|[from] psn
|upkeep
|turn|64
|
|t:|1758341619
|move|p1a: Tornadus|Hurricane|p2a: Thundurus|[miss]
|-miss|p1a: Tornadus|p2a: Thundurus
|move|p2a: Thundurus|Tera Blast|p1a: Tornadus|[anim] Tera Blast Flying
|-resisted|p1a: Tornadus
|-damage|p1a: Tornadus|27/100
|
|-damage|p2a: Thundurus|76/100 tox|[from] psn
|upkeep
|turn|65
|
|t:|1758341622
|switch|p1a: Blissey|Blissey, F|33/100
|move|p2a: Thundurus|Tera Blast|p1a: Blissey|[anim] Tera Blast Flying
|-damage|p1a: Blissey|8/100
|
|-damage|p2a: Thundurus|58/100 tox|[from] psn
|upkeep
|turn|66
|
|t:|1758341627
|move|p2a: Thundurus|Tera Blast|p1a: Blissey|[anim] Tera Blast Flying
|-damage|p1a: Blissey|0 fnt
|faint|p1a: Blissey
|
|-damage|p2a: Thundurus|34/100 tox|[from] psn
|upkeep
|
|t:|1758341628
|switch|p1a: Tornadus|Tornadus-Therian, M, shiny, tera:Electric|60/100
|turn|67
|
|t:|1758341630
|move|p1a: Tornadus|Nasty Plot|p1a: Tornadus
|-boost|p1a: Tornadus|spa|2
|move|p2a: Thundurus|Tera Blast|p1a: Tornadus|[anim] Tera Blast Flying
|-resisted|p1a: Tornadus
|-damage|p1a: Tornadus|11/100
|
|-damage|p2a: Thundurus|4/100 tox|[from] psn
|upkeep
|turn|68
|
|t:|1758341635
|move|p1a: Tornadus|Heat Wave|p2a: Thundurus
|-damage|p2a: Thundurus|0 fnt
|faint|p2a: Thundurus
|
|upkeep
|
|t:|1758341637
|switch|p2a: Alomomola|Alomomola, F|100/100
|turn|69
|
|t:|1758341642
|move|p1a: Tornadus|Hurricane|p2a: Alomomola
|-damage|p2a: Alomomola|6/100
|move|p2a: Alomomola|Flip Turn|p1a: Tornadus
|-damage|p1a: Tornadus|0 fnt
|faint|p1a: Tornadus
|
|win|Hubertbutbetter
|raw|TechBuster's rating: 1440 &rarr; <strong>1422</strong><br />(-18 for losing)
|raw|Hubertbutbetter's rating: 1472 &rarr; <strong>1490</strong><br />(+18 for winning)
|l|☆Hubertbutbetter
|player|p2|
|l|☆TechBuster
|player|p1|
