|j|☆GFYSYDAR
|j|☆luca1996
|t:|1758301038
|gametype|singles
|player|p1|GFYSYDAR|scientist-gen4dp|1334
|player|p2|luca1996|boarder|1359
|gen|9
|tier|[Gen 9] OU
|rated|
|rule|HP Percentage Mod: HP is shown in percentages
|rule|Endless Battle Clause: Forcing endless battles is banned
|rule|Species Clause: Limit one of each Pokémon
|rule|OHKO Clause: OHKO moves are banned
|rule|Evasion Items Clause: Evasion items are banned
|rule|Evasion Moves Clause: Evasion moves are banned
|rule|Evasion Abilities Clause: Evasion abilities are banned
|rule|Sleep Moves Clause: Sleep-inducing moves are banned
|clearpoke
|poke|p1|Electrode-Hisui|
|poke|p1|Gallade, M|
|poke|p1|Slowking-Galar, M|
|poke|p1|Alomomola, F|
|poke|p1|Great Tusk|
|poke|p1|Landorus-Therian, M|
|poke|p2|Goodra, F|
|poke|p2|Snorlax, M|
|poke|p2|Primarina, F|
|poke|p2|Cinderace, F|
|poke|p2|Primeape, M|
|poke|p2|Iron Jugulis|
|teampreview
|inactive|Battle timer is ON: inactive players will automatically lose when time's up. (requested by GFYSYDAR)
|
|t:|1758301067
|teamsize|p1|6
|teamsize|p2|6
|start
|switch|p1a: Gallade|Gallade, M, shiny|100/100
|switch|p2a: Primeape|Primeape, M|100/100
|turn|1
|
|t:|1758301079
|move|p1a: Gallade|Sacred Sword|p2a: Primeape
|-crit|p2a: Primeape
|-damage|p2a: Primeape|0 fnt
|faint|p2a: Primeape
|
|upkeep
|
|t:|1758301083
|switch|p2a: Iron Jugulis|Iron Jugulis|100/100
|turn|2
|
|t:|1758301088
|switch|p1a: Slowking|Slowking-Galar, M|100/100
|move|p2a: Iron Jugulis|Tailwind|p2a: Iron Jugulis
|-sidestart|p2: luca1996|move: Tailwind
|
|upkeep
|turn|3
|
|t:|1758301094
|move|p2a: Iron Jugulis|Dark Pulse|p1a: Slowking
|-supereffective|p1a: Slowking
|-damage|p1a: Slowking|56/100
|move|p1a: Slowking|Toxic|p2a: Iron Jugulis
|-status|p2a: Iron Jugulis|tox
|
|-damage|p2a: Iron Jugulis|94/100 tox|[from] psn
|upkeep
|turn|4
|
|t:|1758301103
|switch|p1a: Alomomola|Alomomola, F, shiny|100/100
|move|p2a: Iron Jugulis|Dark Pulse|p1a: Alomomola
|-damage|p1a: Alomomola|56/100
|
|-damage|p2a: Iron Jugulis|82/100 tox|[from] psn
|upkeep
|turn|5
|
|t:|1758301120
|switch|p1a: Landorus|Landorus-Therian, M|100/100
|-ability|p1a: Landorus|Intimidate|boost
|-unboost|p2a: Iron Jugulis|atk|1
|move|p2a: Iron Jugulis|Meteor Beam||[still]
|-prepare|p2a: Iron Jugulis|Meteor Beam
|-boost|p2a: Iron Jugulis|spa|1
|-enditem|p2a: Iron Jugulis|Power Herb
|-anim|p2a: Iron Jugulis|Meteor Beam|p1a: Landorus
|-damage|p1a: Landorus|39/100
|
|-damage|p2a: Iron Jugulis|64/100 tox|[from] psn
|-sideend|p2: luca1996|move: Tailwind
|upkeep
|turn|6
|
|t:|1758301134
|move|p2a: Iron Jugulis|Dark Pulse|p1a: Landorus
|-damage|p1a: Landorus|0 fnt
|faint|p1a: Landorus
|
|-damage|p2a: Iron Jugulis|40/100 tox|[from] psn
|upkeep
|
|t:|1758301141
|switch|p1a: Electrode|Electrode-Hisui, shiny|100/100
|turn|7
|
|t:|1758301145
|move|p1a: Electrode|Leaf Storm|p2a: Iron Jugulis
|-resisted|p2a: Iron Jugulis
|-damage|p2a: Iron Jugulis|0 fnt
|-unboost|p1a: Electrode|spa|2
|faint|p2a: Iron Jugulis
|-end|p2a: Iron Jugulis|Quark Drive|[silent]
|
|upkeep
|
|t:|1758301150
|switch|p2a: Snorlax|Snorlax, M|100/100
|turn|8
|
|t:|1758301154
|switch|p1a: Gallade|Gallade, M, shiny|100/100
|move|p2a: Snorlax|Curse|p2a: Snorlax
|-unboost|p2a: Snorlax|spe|1
|-boost|p2a: Snorlax|atk|1
|-boost|p2a: Snorlax|def|1
|
|upkeep
|turn|9
|
|t:|1758301162
|-terastallize|p2a: Snorlax|Ghost
|move|p1a: Gallade|Sacred Sword|p2a: Snorlax
|-immune|p2a: Snorlax
|move|p2a: Snorlax|Body Slam|p1a: Gallade
|-damage|p1a: Gallade|0 fnt
|faint|p1a: Gallade
|
|upkeep
|
|t:|1758301172
|switch|p1a: Slowking|Slowking-Galar, M|90/100
|turn|10
|
|t:|1758301177
|-terastallize|p1a: Slowking|Water
|move|p2a: Snorlax|Earthquake|p1a: Slowking
|-damage|p1a: Slowking|40/100
|move|p1a: Slowking|Toxic|p2a: Snorlax
|-immune|p2a: Snorlax|[from] ability: Immunity
|
|upkeep
|turn|11
|c|☆luca1996|gg
|-message|GFYSYDAR forfeited.
|
|win|luca1996
|raw|GFYSYDAR's rating: 1334 &rarr; <strong>1315</strong><br />(-19 for losing)
|raw|luca1996's rating: 1359 &rarr; <strong>1378</strong><br />(+19 for winning)
|l|☆GFYSYDAR
|player|p1|
|l|☆luca1996
|player|p2|
