|j|☆ChessyCheesePizza
|j|☆Jeeeeemo
|t:|1758306854
|gametype|singles
|player|p1|ChessyCheesePizza|cynthia-gen4|1383
|player|p2|Jeeeeemo|li|1400
|gen|9
|tier|[Gen 9] OU
|rated|
|rule|HP Percentage Mod: HP is shown in percentages
|rule|Endless Battle Clause: Forcing endless battles is banned
|rule|Species Clause: Limit one of each Pokémon
|rule|OHKO Clause: OHKO moves are banned
|rule|Evasion Items Clause: Evasion items are banned
|rule|Evasion Moves Clause: Evasion moves are banned
|rule|Evasion Abilities Clause: Evasion abilities are banned
|rule|Sleep Moves Clause: Sleep-inducing moves are banned
|clearpoke
|poke|p1|Iron Valiant|
|poke|p1|Hawlucha, F|
|poke|p1|Iron Crown|
|poke|p1|Iron Jugulis|
|poke|p1|Pincurchin, F|
|poke|p1|Raging Bolt|
|poke|p2|Tinkaton, F|
|poke|p2|Dondozo, F|
|poke|p2|Ceruledge, M|
|poke|p2|Maushold-Four|
|poke|p2|Ditto|
|poke|p2|Dudunsparce-*, M|
|teampreview
|inactive|Battle timer is ON: inactive players will automatically lose when time's up. (requested by Jeeeeemo)
|inactive|ChessyCheesePizza also wants the timer to be on.
|
|t:|1758306871
|teamsize|p1|6
|teamsize|p2|6
|start
|switch|p1a: Pincurchin|Pincurchin, F|100/100
|switch|p2a: Tinkaton|Tinkaton, F|100/100
|-item|p2a: Tinkaton|Air Balloon
|-fieldstart|move: Electric Terrain|[from] ability: Electric Surge|[of] p1a: Pincurchin
|turn|1
|
|t:|1758306892
|move|p2a: Tinkaton|Knock Off|p1a: Pincurchin
|-damage|p1a: Pincurchin|81/100
|-enditem|p1a: Pincurchin|Terrain Extender|[from] move: Knock Off|[of] p2a: Tinkaton
|move|p1a: Pincurchin|Spikes|p2a: Tinkaton
|-sidestart|p2: Jeeeeemo|Spikes
|
|upkeep
|turn|2
|
|t:|1758306914
|switch|p2a: Ditto|Ditto, shiny|100/100
|-damage|p2a: Ditto|88/100|[from] Spikes
|-transform|p2a: Ditto|p1a: Pincurchin|[from] ability: Imposter
|switch|p1a: Iron Crown|Iron Crown|100/100
|-activate|p1a: Iron Crown|ability: Quark Drive
|-start|p1a: Iron Crown|quarkdrivespa
|
|upkeep
|turn|3
|inactive|ChessyCheesePizza has 120 seconds left.
|
|t:|1758306936
|move|p1a: Iron Crown|Psychic Noise|p2a: Ditto
|-damage|p2a: Ditto|0 fnt
|faint|p2a: Ditto
|
|upkeep
|
|t:|1758306945
|switch|p2a: Dudunsparce|Dudunsparce, M|100/100
|-damage|p2a: Dudunsparce|88/100|[from] Spikes
|turn|4
|inactive|ChessyCheesePizza has 120 seconds left.
|
|t:|1758306981
|move|p1a: Iron Crown|Psychic Noise|p2a: Dudunsparce
|-damage|p2a: Dudunsparce|38/100
|-start|p2a: Dudunsparce|move: Heal Block
|move|p2a: Dudunsparce|Glare|p1a: Iron Crown
|-status|p1a: Iron Crown|par
|
|upkeep
|turn|5
|
|t:|1758306997
|move|p1a: Iron Crown|Psychic Noise|p2a: Dudunsparce
|-damage|p2a: Dudunsparce|0 fnt
|faint|p2a: Dudunsparce
|
|upkeep
|
|t:|1758307003
|switch|p2a: Ceruledge|Ceruledge, M|100/100
|-damage|p2a: Ceruledge|88/100|[from] Spikes
|turn|6
|
|t:|1758307021
|move|p2a: Ceruledge|Bitter Blade|p1a: Iron Crown
|-supereffective|p1a: Iron Crown
|-damage|p1a: Iron Crown|0 fnt
|-heal|p2a: Ceruledge|100/100|[from] drain|[of] p1a: Iron Crown
|faint|p1a: Iron Crown
|-end|p1a: Iron Crown|Quark Drive|[silent]
|
|upkeep
|
|t:|1758307029
|switch|p1a: Raging Bolt|Raging Bolt|100/100
|-enditem|p1a: Raging Bolt|Electric Seed
|-boost|p1a: Raging Bolt|def|1|[from] item: Electric Seed
|turn|7
|
|t:|1758307058
|move|p2a: Ceruledge|Swords Dance|p2a: Ceruledge
|-boost|p2a: Ceruledge|atk|2
|move|p1a: Raging Bolt|Rising Voltage|p2a: Ceruledge
|-hint|Rising Voltage's BP doubled on grounded target.
|-enditem|p2a: Ceruledge|Focus Sash
|-damage|p2a: Ceruledge|1/100
|
|upkeep
|turn|8
|
|t:|1758307071
|move|p2a: Ceruledge|Bitter Blade|p1a: Raging Bolt
|-resisted|p1a: Raging Bolt
|-damage|p1a: Raging Bolt|76/100
|-heal|p2a: Ceruledge|20/100|[from] drain|[of] p1a: Raging Bolt
|move|p1a: Raging Bolt|Rising Voltage|p2a: Ceruledge
|-hint|Rising Voltage's BP doubled on grounded target.
|-damage|p2a: Ceruledge|0 fnt
|faint|p2a: Ceruledge
|
|-fieldend|move: Electric Terrain
|upkeep
|inactive|Jeeeeemo has 120 seconds left.
|inactive|Jeeeeemo has 90 seconds left.
|
|t:|1758307129
|switch|p2a: Maushold|Maushold-Four|100/100
|-damage|p2a: Maushold|88/100|[from] Spikes
|turn|9
|inactive|ChessyCheesePizza has 120 seconds left.
|inactive|Jeeeeemo has 60 seconds left.
|
|t:|1758307193
|move|p2a: Maushold|Population Bomb|p1a: Raging Bolt
|-damage|p1a: Raging Bolt|69/100
|-damage|p1a: Raging Bolt|62/100
|-damage|p1a: Raging Bolt|56/100
|-damage|p1a: Raging Bolt|50/100
|-damage|p1a: Raging Bolt|43/100
|-damage|p1a: Raging Bolt|37/100
|-damage|p1a: Raging Bolt|31/100
|-damage|p1a: Raging Bolt|25/100
|-damage|p1a: Raging Bolt|18/100
|-damage|p1a: Raging Bolt|11/100
|-hitcount|p1a: Raging Bolt|10
|move|p1a: Raging Bolt|Dragon Pulse|p2a: Maushold
|-damage|p2a: Maushold|9/100
|
|upkeep
|turn|10
|
|t:|1758307198
|move|p2a: Maushold|Tidy Up|p2a: Maushold
|-sideend|p2: Jeeeeemo|Spikes
|-activate|p2a: Maushold|move: Tidy Up
|-boost|p2a: Maushold|atk|1
|-boost|p2a: Maushold|spe|1
|move|p1a: Raging Bolt|Dragon Pulse|p2a: Maushold
|-damage|p2a: Maushold|0 fnt
|faint|p2a: Maushold
|
|upkeep
|
|t:|1758307204
|switch|p2a: Tinkaton|Tinkaton, F|100/100
|-item|p2a: Tinkaton|Air Balloon
|turn|11
|
|t:|1758307209
|move|p1a: Raging Bolt|Thunderclap|p2a: Tinkaton
|-damage|p2a: Tinkaton|53/100
|-enditem|p2a: Tinkaton|Air Balloon
|move|p2a: Tinkaton|Gigaton Hammer|p1a: Raging Bolt
|-resisted|p1a: Raging Bolt
|-damage|p1a: Raging Bolt|0 fnt
|faint|p1a: Raging Bolt
|-end|p1a: Raging Bolt|Protosynthesis|[silent]
|
|upkeep
|
|t:|1758307213
|switch|p1a: Pincurchin|Pincurchin, F|81/100
|-fieldstart|move: Electric Terrain|[from] ability: Electric Surge|[of] p1a: Pincurchin
|turn|12
|
|t:|1758307218
|move|p2a: Tinkaton|Swords Dance|p2a: Tinkaton
|-boost|p2a: Tinkaton|atk|2
|move|p1a: Pincurchin|Memento|p2a: Tinkaton
|-unboost|p2a: Tinkaton|atk|2
|-unboost|p2a: Tinkaton|spa|2
|faint|p1a: Pincurchin
|
|upkeep
|
|t:|1758307224
|switch|p1a: Iron Valiant|Iron Valiant|100/100
|-activate|p1a: Iron Valiant|ability: Quark Drive
|-start|p1a: Iron Valiant|quarkdrivespe
|turn|13
|inactive|Jeeeeemo has 90 seconds left.
|
|t:|1758307245
|move|p1a: Iron Valiant|Close Combat|p2a: Tinkaton
|-damage|p2a: Tinkaton|0 fnt
|-unboost|p1a: Iron Valiant|def|1
|-unboost|p1a: Iron Valiant|spd|1
|faint|p2a: Tinkaton
|-damage|p1a: Iron Valiant|91/100|[from] item: Life Orb
|
|upkeep
|
|t:|1758307249
|switch|p2a: Dondozo|Dondozo, F|100/100
|turn|14
|
|t:|1758307253
|move|p1a: Iron Valiant|Thunderbolt|p2a: Dondozo
|-supereffective|p2a: Dondozo
|-damage|p2a: Dondozo|19/100
|-damage|p1a: Iron Valiant|81/100|[from] item: Life Orb
|move|p2a: Dondozo|Curse|p2a: Dondozo
|-unboost|p2a: Dondozo|spe|1
|-boost|p2a: Dondozo|atk|1
|-boost|p2a: Dondozo|def|1
|
|upkeep
|turn|15
|
|t:|1758307257
|-terastallize|p2a: Dondozo|Grass
|move|p1a: Iron Valiant|Moonblast|p2a: Dondozo
|-damage|p2a: Dondozo|0 fnt
|faint|p2a: Dondozo
|-damage|p1a: Iron Valiant|71/100|[from] item: Life Orb
|
|win|ChessyCheesePizza
|raw|ChessyCheesePizza's rating: 1383 &rarr; <strong>1404</strong><br />(+21 for winning)
|raw|Jeeeeemo's rating: 1400 &rarr; <strong>1379</strong><br />(-21 for losing)
|l|☆ChessyCheesePizza
|player|p1|
|l|☆Jeeeeemo
|player|p2|
