|j|‽Dhaysy1
|j|☆N0art_97
|t:|1758259694
|gametype|singles
|player|p1|Dhaysy1|lucas|1220
|player|p2|N0art_97|benga|1361
|gen|9
|tier|[Gen 9] OU
|rated|
|rule|HP Percentage Mod: HP is shown in percentages
|rule|Endless Battle Clause: Forcing endless battles is banned
|rule|Species Clause: Limit one of each Pokémon
|rule|OHKO Clause: OHKO moves are banned
|rule|Evasion Items Clause: Evasion items are banned
|rule|Evasion Moves Clause: Evasion moves are banned
|rule|Evasion Abilities Clause: Evasion abilities are banned
|rule|Sleep Moves Clause: Sleep-inducing moves are banned
|clearpoke
|poke|p1|Tyranitar, F|
|poke|p1|Excadrill, M|
|poke|p1|Garganacl, M|
|poke|p1|Glimmora, M|
|poke|p1|Gliscor, F|
|poke|p1|Great Tusk|
|poke|p2|Pelipper, F|
|poke|p2|Crawdaunt, M|
|poke|p2|Kingdra, M|
|poke|p2|Rillaboom, F|
|poke|p2|Scizor, M|
|poke|p2|Swampert, F|
|teampreview
|
|t:|1758259717
|teamsize|p1|6
|teamsize|p2|6
|start
|switch|p1a: Glimmora|Glimmora, M|100/100
|switch|p2a: Swampert|Swampert, F|100/100
|turn|1
|
|t:|1758259722
|move|p1a: Glimmora|Stealth Rock|p2a: Swampert
|-sidestart|p2: N0art_97|move: Stealth Rock
|move|p2a: Swampert|Earthquake|p1a: Glimmora
|-supereffective|p1a: Glimmora
|-enditem|p1a: Glimmora|Focus Sash
|-damage|p1a: Glimmora|1/100
|-activate|p1a: Glimmora|ability: Toxic Debris
|-sidestart|p2: N0art_97|move: Toxic Spikes
|
|upkeep
|turn|2
|
|t:|1758259730
|move|p1a: Glimmora|Mortal Spin|p2a: Swampert
|-resisted|p2a: Swampert
|-damage|p2a: Swampert|98/100
|-status|p2a: Swampert|psn
|move|p2a: Swampert|Flip Turn|p1a: Glimmora
|-supereffective|p1a: Glimmora
|-damage|p1a: Glimmora|0 fnt
|-activate|p1a: Glimmora|ability: Toxic Debris
|-sidestart|p2: N0art_97|move: Toxic Spikes
|faint|p1a: Glimmora
|
|t:|1758259739
|switch|p2a: Scizor|Scizor, M|100/100|[from] Flip Turn
|-damage|p2a: Scizor|88/100|[from] Stealth Rock
|
|-heal|p2a: Scizor|94/100|[from] item: Leftovers
|upkeep
|
|t:|1758259747
|switch|p1a: Garganacl|Garganacl, M|100/100
|turn|3
|
|t:|1758259750
|move|p2a: Scizor|Defog|p1a: Garganacl
|-unboost|p1a: Garganacl|evasion|1
|-sideend|p2: N0art_97|Toxic Spikes|[from] move: Defog|[of] p2a: Scizor
|-sideend|p2: N0art_97|Stealth Rock|[from] move: Defog|[of] p2a: Scizor
|move|p1a: Garganacl|Salt Cure|p2a: Scizor
|-damage|p2a: Scizor|84/100
|-start|p2a: Scizor|Salt Cure
|
|-heal|p2a: Scizor|90/100|[from] item: Leftovers
|-damage|p2a: Scizor|65/100|[from] Salt Cure
|upkeep
|turn|4
|
|t:|1758259766
|switch|p2a: Rillaboom|Rillaboom, F|100/100
|-fieldstart|move: Grassy Terrain|[from] ability: Grassy Surge|[of] p2a: Rillaboom
|move|p1a: Garganacl|Iron Defense|p1a: Garganacl
|-boost|p1a: Garganacl|def|2
|
|upkeep
|turn|5
|
|t:|1758259773
|move|p2a: Rillaboom|Wood Hammer|p1a: Garganacl
|-supereffective|p1a: Garganacl
|-damage|p1a: Garganacl|13/100
|-damage|p2a: Rillaboom|66/100|[from] Recoil
|move|p1a: Garganacl|Salt Cure|p2a: Rillaboom
|-damage|p2a: Rillaboom|52/100
|-start|p2a: Rillaboom|Salt Cure
|
|-heal|p2a: Rillaboom|58/100|[from] Grassy Terrain
|-heal|p1a: Garganacl|19/100|[from] Grassy Terrain
|-heal|p1a: Garganacl|25/100|[from] item: Leftovers
|-damage|p2a: Rillaboom|46/100|[from] Salt Cure
|upkeep
|turn|6
|
|t:|1758259786
|switch|p2a: Crawdaunt|Crawdaunt, M|100/100
|move|p1a: Garganacl|Recover|p1a: Garganacl
|-heal|p1a: Garganacl|75/100
|
|-heal|p1a: Garganacl|81/100|[from] Grassy Terrain
|-heal|p1a: Garganacl|88/100|[from] item: Leftovers
|upkeep
|turn|7
|
|t:|1758259796
|-terastallize|p1a: Garganacl|Fighting
|move|p2a: Crawdaunt|Crabhammer|p1a: Garganacl
|-damage|p1a: Garganacl|49/100
|move|p1a: Garganacl|Body Press|p2a: Crawdaunt
|-supereffective|p2a: Crawdaunt
|-damage|p2a: Crawdaunt|0 fnt
|faint|p2a: Crawdaunt
|
|-heal|p1a: Garganacl|55/100|[from] Grassy Terrain
|-heal|p1a: Garganacl|61/100|[from] item: Leftovers
|upkeep
|
|t:|1758259817
|switch|p2a: Pelipper|Pelipper, F|100/100
|-weather|RainDance|[from] ability: Drizzle|[of] p2a: Pelipper
|turn|8
|
|t:|1758259824
|move|p2a: Pelipper|Hurricane|p1a: Garganacl
|-supereffective|p1a: Garganacl
|-damage|p1a: Garganacl|11/100
|move|p1a: Garganacl|Salt Cure|p2a: Pelipper
|-supereffective|p2a: Pelipper
|-damage|p2a: Pelipper|79/100
|-start|p2a: Pelipper|Salt Cure
|
|-weather|RainDance|[upkeep]
|-heal|p1a: Garganacl|18/100|[from] Grassy Terrain
|-heal|p1a: Garganacl|24/100|[from] item: Leftovers
|-damage|p2a: Pelipper|55/100|[from] Salt Cure
|-fieldend|move: Grassy Terrain
|upkeep
|turn|9
|
|t:|1758259835
|move|p2a: Pelipper|Hurricane|p1a: Garganacl
|-supereffective|p1a: Garganacl
|-damage|p1a: Garganacl|0 fnt
|faint|p1a: Garganacl
|
|-weather|RainDance|[upkeep]
|-damage|p2a: Pelipper|30/100|[from] Salt Cure
|upkeep
|
|t:|1758259841
|switch|p1a: Tyranitar|Tyranitar, F|100/100
|-weather|Sandstorm|[from] ability: Sand Stream|[of] p1a: Tyranitar
|turn|10
|
|t:|1758259846
|switch|p2a: Scizor|Scizor, M|65/100
|move|p1a: Tyranitar|Dragon Dance|p1a: Tyranitar
|-boost|p1a: Tyranitar|atk|1
|-boost|p1a: Tyranitar|spe|1
|
|-weather|Sandstorm|[upkeep]
|-heal|p2a: Scizor|71/100|[from] item: Leftovers
|upkeep
|turn|11
|
|t:|1758259853
|move|p2a: Scizor|Bullet Punch|p1a: Tyranitar
|-supereffective|p1a: Tyranitar
|-damage|p1a: Tyranitar|53/100
|move|p1a: Tyranitar|Knock Off|p2a: Scizor
|-damage|p2a: Scizor|13/100
|-enditem|p2a: Scizor|Leftovers|[from] move: Knock Off|[of] p1a: Tyranitar
|
|-weather|Sandstorm|[upkeep]
|upkeep
|turn|12
|
|t:|1758259861
|move|p2a: Scizor|Bullet Punch|p1a: Tyranitar
|-supereffective|p1a: Tyranitar
|-damage|p1a: Tyranitar|8/100
|move|p1a: Tyranitar|Knock Off|p2a: Scizor
|-damage|p2a: Scizor|0 fnt
|faint|p2a: Scizor
|
|-weather|Sandstorm|[upkeep]
|upkeep
|
|t:|1758259870
|switch|p2a: Rillaboom|Rillaboom, F|46/100
|-fieldstart|move: Grassy Terrain|[from] ability: Grassy Surge|[of] p2a: Rillaboom
|turn|13
|
|t:|1758259874
|move|p2a: Rillaboom|Grassy Glide|p1a: Tyranitar
|-supereffective|p1a: Tyranitar
|-damage|p1a: Tyranitar|0 fnt
|faint|p1a: Tyranitar
|
|-weather|Sandstorm|[upkeep]
|-damage|p2a: Rillaboom|40/100|[from] Sandstorm
|-heal|p2a: Rillaboom|46/100|[from] Grassy Terrain
|upkeep
|
|t:|1758259885
|switch|p1a: Great Tusk|Great Tusk|100/100
|turn|14
|
|t:|1758259889
|switch|p2a: Pelipper|Pelipper, F|30/100
|-weather|RainDance|[from] ability: Drizzle|[of] p2a: Pelipper
|move|p1a: Great Tusk|Ice Spinner|p2a: Pelipper
|-damage|p2a: Pelipper|9/100
|-fieldend|move: Grassy Terrain
|
|-weather|RainDance|[upkeep]
|upkeep
|turn|15
|
|t:|1758259915
|move|p1a: Great Tusk|Rapid Spin|p2a: Pelipper
|-damage|p2a: Pelipper|0 fnt
|-boost|p1a: Great Tusk|spe|1
|faint|p2a: Pelipper
|
|-weather|RainDance|[upkeep]
|upkeep
|
|t:|1758259928
|switch|p2a: Kingdra|Kingdra, M|100/100
|turn|16
|
|t:|1758259934
|move|p2a: Kingdra|Surf|p1a: Great Tusk
|-supereffective|p1a: Great Tusk
|-crit|p1a: Great Tusk
|-damage|p1a: Great Tusk|0 fnt
|faint|p1a: Great Tusk
|-end|p1a: Great Tusk|Protosynthesis|[silent]
|
|-weather|RainDance|[upkeep]
|upkeep
|
|t:|1758259937
|switch|p1a: Gliscor|Gliscor, F|100/100
|turn|17
|
|t:|1758259941
|-terastallize|p2a: Kingdra|Water
|move|p2a: Kingdra|Surf|p1a: Gliscor
|-supereffective|p1a: Gliscor
|-damage|p1a: Gliscor|0 fnt
|faint|p1a: Gliscor
|
|-weather|RainDance|[upkeep]
|upkeep
|
|t:|1758259943
|switch|p1a: Excadrill|Excadrill, M|100/100
|-item|p1a: Excadrill|Air Balloon
|turn|18
|-message|Dhaysy1 forfeited.
|
|win|N0art_97
|raw|Dhaysy1's rating: 1220 &rarr; <strong>1205</strong><br />(-15 for losing)
|raw|N0art_97's rating: 1361 &rarr; <strong>1373</strong><br />(+12 for winning)
|l|‽Dhaysy1
|player|p1|
|l|☆N0art_97
|player|p2|
