|j|☆top 500 mainstay
|j|‽v1n001
|t:|1758340909
|gametype|singles
|player|p1|top 500 mainstay|169|1513
|player|p2|v1n001|1|1516
|gen|9
|tier|[Gen 9] OU
|rated|
|rule|HP Percentage Mod: HP is shown in percentages
|rule|Endless Battle Clause: Forcing endless battles is banned
|rule|Species Clause: Limit one of each Pokémon
|rule|OHKO Clause: OHKO moves are banned
|rule|Evasion Items Clause: Evasion items are banned
|rule|Evasion Moves Clause: Evasion moves are banned
|rule|Evasion Abilities Clause: Evasion abilities are banned
|rule|Sleep Moves Clause: Sleep-inducing moves are banned
|clearpoke
|poke|p1|Iron Crown|
|poke|p1|Deoxys-Speed|
|poke|p1|Rillaboom, F|
|poke|p1|Hawlucha, F|
|poke|p1|Raging Bolt|
|poke|p1|Kingambit, F|
|poke|p2|Dragapult, F|
|poke|p2|Alomomola, F|
|poke|p2|Skarmory, F|
|poke|p2|Ting-Lu|
|poke|p2|Weezing-Galar, F|
|poke|p2|Weavile, F|
|teampreview
|inactive|Battle timer is ON: inactive players will automatically lose when time's up. (requested by top 500 mainstay)
|
|t:|1758340915
|teamsize|p1|6
|teamsize|p2|6
|start
|switch|p1a: Deoxys|Deoxys-Speed|100/100
|switch|p2a: Ting-Lu|Ting-Lu|100/100
|-ability|p1a: Deoxys|Pressure
|-ability|p2a: Ting-Lu|Vessel of Ruin
|turn|1
|
|t:|1758340921
|move|p1a: Deoxys|Stealth Rock|p2a: Ting-Lu
|-sidestart|p2: v1n001|move: Stealth Rock
|move|p2a: Ting-Lu|Earthquake|p1a: Deoxys
|-damage|p1a: Deoxys|57/100
|
|upkeep
|turn|2
|
|t:|1758340924
|move|p1a: Deoxys|Taunt|p2a: Ting-Lu
|-start|p2a: Ting-Lu|move: Taunt
|move|p2a: Ting-Lu|Earthquake|p1a: Deoxys
|-damage|p1a: Deoxys|10/100
|
|upkeep
|turn|3
|
|t:|1758340926
|move|p1a: Deoxys|Spikes|p2a: Ting-Lu
|-sidestart|p2: v1n001|Spikes
|move|p2a: Ting-Lu|Earthquake|p1a: Deoxys
|-damage|p1a: Deoxys|0 fnt
|faint|p1a: Deoxys
|
|upkeep
|
|t:|1758340928
|switch|p1a: Rillaboom|Rillaboom, F|100/100
|-fieldstart|move: Grassy Terrain|[from] ability: Grassy Surge|[of] p1a: Rillaboom
|turn|4
|
|t:|1758340930
|switch|p2a: Weezing|Weezing-Galar, F, shiny|100/100
|-ability|p2a: Weezing|Neutralizing Gas
|move|p1a: Rillaboom|Swords Dance|p1a: Rillaboom
|-boost|p1a: Rillaboom|atk|2
|
|upkeep
|turn|5
|
|t:|1758340933
|move|p1a: Rillaboom|Knock Off|p2a: Weezing
|-resisted|p2a: Weezing
|-crit|p2a: Weezing
|-damage|p2a: Weezing|51/100
|-enditem|p2a: Weezing|Heavy-Duty Boots|[from] move: Knock Off|[of] p1a: Rillaboom
|-damage|p1a: Rillaboom|91/100|[from] item: Life Orb
|move|p2a: Weezing|Will-O-Wisp|p1a: Rillaboom|[miss]
|-miss|p2a: Weezing|p1a: Rillaboom
|
|-heal|p1a: Rillaboom|97/100|[from] Grassy Terrain
|-heal|p2a: Weezing|57/100|[from] Grassy Terrain
|upkeep
|turn|6
|
|t:|1758340952
|-terastallize|p1a: Rillaboom|Grass
|move|p1a: Rillaboom|Grassy Glide|p2a: Weezing
|-resisted|p2a: Weezing
|-damage|p2a: Weezing|14/100
|-damage|p1a: Rillaboom|87/100|[from] item: Life Orb
|move|p2a: Weezing|Defog|p1a: Rillaboom
|-unboost|p1a: Rillaboom|evasion|1
|-sideend|p2: v1n001|Spikes|[from] move: Defog|[of] p2a: Weezing
|-sideend|p2: v1n001|Stealth Rock|[from] move: Defog|[of] p2a: Weezing
|-fieldend|move: Grassy Terrain
|
|upkeep
|turn|7
|n|‽v1n001|v1n001
|
|t:|1758340967
|-end|p2a: Weezing|ability: Neutralizing Gas
|-fieldstart|move: Grassy Terrain|[from] ability: Grassy Surge|[of] p1a: Rillaboom
|switch|p2a: Skarmory|Skarmory, F, shiny|100/100
|move|p1a: Rillaboom|Knock Off|p2a: Skarmory
|-damage|p2a: Skarmory|50/100
|-damage|p1a: Rillaboom|70/100|[from] item: Rocky Helmet|[of] p2a: Skarmory
|-enditem|p2a: Skarmory|Rocky Helmet|[from] move: Knock Off|[of] p1a: Rillaboom
|-damage|p1a: Rillaboom|60/100|[from] item: Life Orb
|
|-heal|p1a: Rillaboom|66/100|[from] Grassy Terrain
|upkeep
|turn|8
|
|t:|1758340972
|move|p1a: Rillaboom|Drain Punch|p2a: Skarmory
|-damage|p2a: Skarmory|6/100
|-heal|p1a: Rillaboom|88/100|[from] drain|[of] p2a: Skarmory
|-damage|p1a: Rillaboom|78/100|[from] item: Life Orb
|move|p2a: Skarmory|Spikes|p1a: Rillaboom
|-sidestart|p1: top 500 mainstay|Spikes
|
|-heal|p1a: Rillaboom|84/100|[from] Grassy Terrain
|upkeep
|turn|9
|
|t:|1758340976
|switch|p2a: Weezing|Weezing-Galar, F, shiny|14/100
|-ability|p2a: Weezing|Neutralizing Gas
|move|p1a: Rillaboom|Knock Off|p2a: Weezing
|-resisted|p2a: Weezing
|-damage|p2a: Weezing|0 fnt
|faint|p2a: Weezing
|-end|p2a: Weezing|ability: Neutralizing Gas
|-damage|p1a: Rillaboom|74/100|[from] item: Life Orb
|
|-heal|p1a: Rillaboom|81/100|[from] Grassy Terrain
|upkeep
|
|t:|1758340983
|switch|p2a: Dragapult|Dragapult, F, shiny|100/100
|turn|10
|
|t:|1758340985
|move|p1a: Rillaboom|Grassy Glide|p2a: Dragapult
|-resisted|p2a: Dragapult
|-damage|p2a: Dragapult|3/100
|-damage|p1a: Rillaboom|71/100|[from] item: Life Orb
|move|p2a: Dragapult|U-turn|p1a: Rillaboom
|-supereffective|p1a: Rillaboom
|-damage|p1a: Rillaboom|32/100
|
|t:|1758340991
|switch|p2a: Skarmory|Skarmory, F, shiny|6/100|[from] U-turn
|
|-heal|p1a: Rillaboom|38/100|[from] Grassy Terrain
|upkeep
|turn|11
|
|t:|1758340993
|move|p1a: Rillaboom|Knock Off|p2a: Skarmory
|-crit|p2a: Skarmory
|-damage|p2a: Skarmory|0 fnt
|faint|p2a: Skarmory
|-damage|p1a: Rillaboom|28/100|[from] item: Life Orb
|
|-heal|p1a: Rillaboom|34/100|[from] Grassy Terrain
|-fieldend|move: Grassy Terrain
|upkeep
|
|t:|1758340996
|switch|p2a: Dragapult|Dragapult, F, shiny|3/100
|turn|12
|
|t:|1758341006
|switch|p1a: Kingambit|Kingambit, F|100/100
|-damage|p1a: Kingambit|88/100|[from] Spikes
|-activate|p1a: Kingambit|ability: Supreme Overlord
|-start|p1a: Kingambit|fallen1|[silent]
|move|p2a: Dragapult|Flamethrower|p1a: Kingambit
|-supereffective|p1a: Kingambit
|-damage|p1a: Kingambit|6/100
|
|-heal|p1a: Kingambit|13/100|[from] item: Leftovers
|upkeep
|turn|13
|
|t:|1758341013
|switch|p2a: Alomomola|Alomomola, F, shiny|100/100
|move|p1a: Kingambit|Kowtow Cleave|p2a: Alomomola
|-damage|p2a: Alomomola|65/100
|
|-heal|p1a: Kingambit|19/100|[from] item: Leftovers
|upkeep
|turn|14
|
|t:|1758341019
|-end|p1a: Kingambit|fallen1|[silent]
|switch|p1a: Rillaboom|Rillaboom, F, tera:Grass|34/100
|-damage|p1a: Rillaboom|22/100|[from] Spikes
|-fieldstart|move: Grassy Terrain|[from] ability: Grassy Surge|[of] p1a: Rillaboom
|move|p2a: Alomomola|Flip Turn|p1a: Rillaboom
|-resisted|p1a: Rillaboom
|-damage|p1a: Rillaboom|12/100
|
|t:|1758341022
|switch|p2a: Weavile|Weavile, F, shiny|100/100|[from] Flip Turn
|-ability|p2a: Weavile|Pressure
|
|-heal|p1a: Rillaboom|18/100|[from] Grassy Terrain
|upkeep
|turn|15
|
|t:|1758341026
|move|p2a: Weavile|Ice Shard|p1a: Rillaboom
|-supereffective|p1a: Rillaboom
|-damage|p1a: Rillaboom|0 fnt
|faint|p1a: Rillaboom
|-damage|p2a: Weavile|91/100|[from] item: Life Orb
|
|-heal|p2a: Weavile|97/100|[from] Grassy Terrain
|upkeep
|
|t:|1758341028
|switch|p1a: Iron Crown|Iron Crown|100/100
|-damage|p1a: Iron Crown|88/100|[from] Spikes
|-enditem|p1a: Iron Crown|Booster Energy
|-activate|p1a: Iron Crown|ability: Quark Drive|[fromitem]
|-start|p1a: Iron Crown|quarkdrivespe
|turn|16
|
|t:|1758341032
|switch|p2a: Ting-Lu|Ting-Lu|100/100
|-ability|p2a: Ting-Lu|Vessel of Ruin
|move|p1a: Iron Crown|Tachyon Cutter|p2a: Ting-Lu
|-damage|p2a: Ting-Lu|90/100
|-damage|p2a: Ting-Lu|79/100
|-hitcount|p2a: Ting-Lu|2
|
|-heal|p1a: Iron Crown|94/100|[from] Grassy Terrain
|-heal|p2a: Ting-Lu|86/100|[from] Grassy Terrain
|-heal|p2a: Ting-Lu|92/100|[from] item: Leftovers
|upkeep
|turn|17
|
|t:|1758341036
|move|p1a: Iron Crown|Focus Blast|p2a: Ting-Lu
|-supereffective|p2a: Ting-Lu
|-damage|p2a: Ting-Lu|59/100
|move|p2a: Ting-Lu|Stealth Rock|p1a: Iron Crown
|-sidestart|p1: top 500 mainstay|move: Stealth Rock
|
|-heal|p1a: Iron Crown|100/100|[from] Grassy Terrain
|-heal|p2a: Ting-Lu|65/100|[from] Grassy Terrain
|-heal|p2a: Ting-Lu|72/100|[from] item: Leftovers
|upkeep
|turn|18
|
|t:|1758341040
|move|p1a: Iron Crown|Focus Blast|p2a: Ting-Lu
|-supereffective|p2a: Ting-Lu
|-damage|p2a: Ting-Lu|39/100
|move|p2a: Ting-Lu|Ruination|p1a: Iron Crown
|-damage|p1a: Iron Crown|50/100
|
|-heal|p1a: Iron Crown|57/100|[from] Grassy Terrain
|-heal|p2a: Ting-Lu|46/100|[from] Grassy Terrain
|-heal|p2a: Ting-Lu|52/100|[from] item: Leftovers
|-fieldend|move: Grassy Terrain
|upkeep
|turn|19
|
|t:|1758341044
|move|p1a: Iron Crown|Calm Mind|p1a: Iron Crown
|-boost|p1a: Iron Crown|spa|1
|-boost|p1a: Iron Crown|spd|1
|move|p2a: Ting-Lu|Ruination|p1a: Iron Crown
|-damage|p1a: Iron Crown|29/100
|
|-heal|p2a: Ting-Lu|58/100|[from] item: Leftovers
|upkeep
|turn|20
|
|t:|1758341060
|move|p1a: Iron Crown|Focus Blast|p2a: Ting-Lu
|-supereffective|p2a: Ting-Lu
|-damage|p2a: Ting-Lu|10/100
|move|p2a: Ting-Lu|Earthquake|p1a: Iron Crown
|-supereffective|p1a: Iron Crown
|-damage|p1a: Iron Crown|0 fnt
|faint|p1a: Iron Crown
|-end|p1a: Iron Crown|Quark Drive|[silent]
|
|-heal|p2a: Ting-Lu|16/100|[from] item: Leftovers
|upkeep
|n|‽v1n001|v1n001
|
|t:|1758341070
|switch|p1a: Hawlucha|Hawlucha, F|100/100
|-damage|p1a: Hawlucha|88/100|[from] Stealth Rock
|turn|21
|
|t:|1758341073
|switch|p2a: Alomomola|Alomomola, F, shiny|99/100
|move|p1a: Hawlucha|Close Combat|p2a: Alomomola
|-damage|p2a: Alomomola|68/100
|-unboost|p1a: Hawlucha|def|1
|-unboost|p1a: Hawlucha|spd|1
|
|upkeep
|turn|22
|
|t:|1758341077
|move|p1a: Hawlucha|Close Combat|p2a: Alomomola
|-damage|p2a: Alomomola|33/100
|-unboost|p1a: Hawlucha|def|1
|-unboost|p1a: Hawlucha|spd|1
|move|p2a: Alomomola|Flip Turn|p1a: Hawlucha
|-damage|p1a: Hawlucha|44/100
|
|t:|1758341079
|switch|p2a: Weavile|Weavile, F, shiny|97/100|[from] Flip Turn
|-ability|p2a: Weavile|Pressure
|
|upkeep
|turn|23
|
|t:|1758341086
|move|p2a: Weavile|Ice Shard|p1a: Hawlucha
|-supereffective|p1a: Hawlucha
|-damage|p1a: Hawlucha|0 fnt
|faint|p1a: Hawlucha
|-damage|p2a: Weavile|87/100|[from] item: Life Orb
|
|upkeep
|
|t:|1758341088
|switch|p1a: Kingambit|Kingambit, F|19/100
|-damage|p1a: Kingambit|6/100|[from] Spikes
|-damage|p1a: Kingambit|0 fnt|[from] Stealth Rock
|faint|p1a: Kingambit
|-end|p1a: Kingambit|fallen1|[silent]
|
|t:|1758341090
|switch|p1a: Raging Bolt|Raging Bolt|100/100
|-damage|p1a: Raging Bolt|88/100|[from] Spikes
|-damage|p1a: Raging Bolt|76/100|[from] Stealth Rock
|-enditem|p1a: Raging Bolt|Booster Energy
|-activate|p1a: Raging Bolt|ability: Protosynthesis|[fromitem]
|-start|p1a: Raging Bolt|protosynthesisspa
|turn|24
|
|t:|1758341097
|move|p2a: Weavile|Ice Shard|p1a: Raging Bolt
|-supereffective|p1a: Raging Bolt
|-damage|p1a: Raging Bolt|34/100
|-damage|p2a: Weavile|77/100|[from] item: Life Orb
|move|p1a: Raging Bolt|Thunderclap||[still]
|-fail|p1a: Raging Bolt
|
|upkeep
|turn|25
|
|t:|1758341115
|-terastallize|p2a: Weavile|Ice
|move|p2a: Weavile|Ice Shard|p1a: Raging Bolt
|-supereffective|p1a: Raging Bolt
|-damage|p1a: Raging Bolt|0 fnt
|faint|p1a: Raging Bolt
|-end|p1a: Raging Bolt|Protosynthesis|[silent]
|-damage|p2a: Weavile|67/100|[from] item: Life Orb
|
|win|v1n001
|raw|top 500 mainstay's rating: 1513 &rarr; <strong>1493</strong><br />(-20 for losing)
|raw|v1n001's rating: 1516 &rarr; <strong>1536</strong><br />(+20 for winning)
|l|☆top 500 mainstay
|player|p1|
|l|‽v1n001
|player|p2|
