|j|☆PrayForMyPp
|j|☆the BEE is coming
|t:|1758289580
|gametype|singles
|player|p1|PrayForMyPp|101|1238
|player|p2|the BEE is coming|265|1262
|gen|9
|tier|[Gen 9] OU
|rated|
|rule|HP Percentage Mod: HP is shown in percentages
|rule|Endless Battle Clause: Forcing endless battles is banned
|rule|Species Clause: Limit one of each Pokémon
|rule|OHKO Clause: OHKO moves are banned
|rule|Evasion Items Clause: Evasion items are banned
|rule|Evasion Moves Clause: Evasion moves are banned
|rule|Evasion Abilities Clause: Evasion abilities are banned
|rule|Sleep Moves Clause: Sleep-inducing moves are banned
|clearpoke
|poke|p1|Honchkrow, F|
|poke|p1|Araquanid, M|
|poke|p1|Clefable, M|
|poke|p1|Rhydon, F|
|poke|p1|Blaziken, F|
|poke|p1|Espeon, M|
|poke|p2|Skarmory, M|
|poke|p2|Ting-Lu|
|poke|p2|Zamazenta-*|
|poke|p2|Pecharunt|
|poke|p2|Clefable, F|
|poke|p2|Walking Wake|
|teampreview
|inactive|Battle timer is ON: inactive players will automatically lose when time's up. (requested by PrayForMyPp)
|
|t:|1758289607
|teamsize|p1|6
|teamsize|p2|6
|start
|switch|p1a: Blaziken|Blaziken, F|100/100
|switch|p2a: Gay Son|Skarmory, M|100/100
|turn|1
|
|t:|1758289612
|switch|p1a: Espeon|Espeon, M|100/100
|move|p2a: Gay Son|Spikes|p1a: Espeon
|move|p1a: Espeon|Spikes|p2a: Gay Son|[from] ability: Magic Bounce
|-sidestart|p2: the BEE is coming|Spikes
|
|upkeep
|turn|2
|
|t:|1758289618
|move|p1a: Espeon|Psychic|p2a: Gay Son
|-resisted|p2a: Gay Son
|-damage|p2a: Gay Son|69/100
|move|p2a: Gay Son|Whirlwind|p1a: Espeon
|move|p1a: Espeon|Whirlwind|p2a: Gay Son|[from] ability: Magic Bounce
|drag|p2a: The Drink|Walking Wake|100/100
|
|upkeep
|turn|3
|
|t:|1758289629
|move|p1a: Espeon|Calm Mind|p1a: Espeon
|-boost|p1a: Espeon|spa|1
|-boost|p1a: Espeon|spd|1
|move|p2a: The Drink|Knock Off|p1a: Espeon
|-supereffective|p1a: Espeon
|-damage|p1a: Espeon|38/100
|-enditem|p1a: Espeon|Focus Sash|[from] move: Knock Off|[of] p2a: The Drink
|
|upkeep
|turn|4
|c|☆PrayForMyPp|the drink
|
|t:|1758289644
|move|p1a: Espeon|Psychic|p2a: The Drink
|-damage|p2a: The Drink|24/100
|move|p2a: The Drink|Flip Turn|p1a: Espeon
|-damage|p1a: Espeon|6/100
|
|t:|1758289657
|-end|p2a: The Drink|Protosynthesis|[silent]
|switch|p2a: The Fries|Zamazenta|100/100|[from] Flip Turn
|-ability|p2a: The Fries|Dauntless Shield|boost
|-boost|p2a: The Fries|def|1
|
|upkeep
|turn|5
|
|t:|1758289670
|switch|p1a: Araquanid|Araquanid, M|100/100
|move|p2a: The Fries|Crunch|p1a: Araquanid
|-damage|p1a: Araquanid|74/100
|
|-heal|p1a: Araquanid|80/100|[from] item: Leftovers
|upkeep
|turn|6
|
|t:|1758289678
|move|p2a: The Fries|Stone Edge|p1a: Araquanid|[miss]
|-miss|p2a: The Fries|p1a: Araquanid
|move|p1a: Araquanid|Lunge|p2a: The Fries
|-resisted|p2a: The Fries
|-damage|p2a: The Fries|95/100
|-unboost|p2a: The Fries|atk|1
|
|-heal|p1a: Araquanid|86/100|[from] item: Leftovers
|upkeep
|turn|7
|
|t:|1758289693
|switch|p1a: Clefable|Clefable, M|100/100
|move|p2a: The Fries|Stone Edge|p1a: Clefable
|-damage|p1a: Clefable|57/100
|
|-heal|p1a: Clefable|63/100|[from] item: Leftovers
|upkeep
|turn|8
|
|t:|1758289700
|move|p2a: The Fries|Heavy Slam|p1a: Clefable
|-supereffective|p1a: Clefable
|-damage|p1a: Clefable|0 fnt
|faint|p1a: Clefable
|
|upkeep
|
|t:|1758289722
|switch|p1a: Araquanid|Araquanid, M|86/100
|turn|9
|
|t:|1758289732
|move|p2a: The Fries|Stone Edge|p1a: Araquanid
|-supereffective|p1a: Araquanid
|-damage|p1a: Araquanid|37/100
|move|p1a: Araquanid|Sticky Web|p2a: The Fries
|-sidestart|p2: the BEE is coming|move: Sticky Web
|
|-heal|p1a: Araquanid|43/100|[from] item: Leftovers
|upkeep
|turn|10
|
|t:|1758289738
|move|p2a: The Fries|Stone Edge|p1a: Araquanid
|-supereffective|p1a: Araquanid
|-damage|p1a: Araquanid|0 fnt
|faint|p1a: Araquanid
|
|upkeep
|
|t:|1758289746
|switch|p1a: Espeon|Espeon, M|6/100
|turn|11
|
|t:|1758289749
|move|p2a: The Fries|Crunch|p1a: Espeon
|-supereffective|p1a: Espeon
|-damage|p1a: Espeon|0 fnt
|faint|p1a: Espeon
|
|upkeep
|
|t:|1758289752
|switch|p1a: Blaziken|Blaziken, F|100/100
|turn|12
|
|t:|1758289760
|move|p2a: The Fries|Stone Edge|p1a: Blaziken|[miss]
|-miss|p2a: The Fries|p1a: Blaziken
|move|p1a: Blaziken|Swords Dance|p1a: Blaziken
|-boost|p1a: Blaziken|atk|2
|
|-ability|p1a: Blaziken|Speed Boost|boost
|-boost|p1a: Blaziken|spe|1
|upkeep
|turn|13
|
|t:|1758289765
|move|p1a: Blaziken|Earthquake|p2a: The Fries
|-damage|p2a: The Fries|43/100
|-damage|p1a: Blaziken|91/100|[from] item: Life Orb
|move|p2a: The Fries|Stone Edge|p1a: Blaziken
|-damage|p1a: Blaziken|55/100
|
|-ability|p1a: Blaziken|Speed Boost|boost
|-boost|p1a: Blaziken|spe|1
|upkeep
|turn|14
|
|t:|1758289771
|move|p1a: Blaziken|Earthquake|p2a: The Fries
|-damage|p2a: The Fries|0 fnt
|faint|p2a: The Fries
|-damage|p1a: Blaziken|46/100|[from] item: Life Orb
|
|-ability|p1a: Blaziken|Speed Boost|boost
|-boost|p1a: Blaziken|spe|1
|upkeep
|
|t:|1758289785
|switch|p2a: Thot Daughter|Clefable, F|100/100
|-activate|p2a: Thot Daughter|move: Sticky Web
|-unboost|p2a: Thot Daughter|spe|1
|turn|15
|
|t:|1758289797
|move|p1a: Blaziken|Stone Edge|p2a: Thot Daughter
|-damage|p2a: Thot Daughter|36/100
|-damage|p1a: Blaziken|36/100|[from] item: Life Orb
|move|p2a: Thot Daughter|Moonblast|p1a: Blaziken
|-damage|p1a: Blaziken|0 fnt
|faint|p1a: Blaziken
|
|-heal|p2a: Thot Daughter|42/100|[from] item: Leftovers
|upkeep
|
|t:|1758289804
|switch|p1a: Rhydon|Rhydon, F, shiny|100/100
|turn|16
|
|t:|1758289811
|move|p1a: Rhydon|Earthquake|p2a: Thot Daughter
|-damage|p2a: Thot Daughter|4/100
|move|p2a: Thot Daughter|Knock Off|p1a: Rhydon
|-damage|p1a: Rhydon|91/100
|-enditem|p1a: Rhydon|Quick Claw|[from] move: Knock Off|[of] p2a: Thot Daughter
|
|-heal|p2a: Thot Daughter|10/100|[from] item: Leftovers
|upkeep
|turn|17
|
|t:|1758289820
|move|p1a: Rhydon|Body Slam|p2a: Thot Daughter
|-damage|p2a: Thot Daughter|0 fnt
|faint|p2a: Thot Daughter
|
|upkeep
|
|t:|1758289825
|switch|p2a: The Drink|Walking Wake|24/100
|turn|18
|
|t:|1758289834
|-terastallize|p1a: Rhydon|Ghost
|move|p2a: The Drink|Surf|p1a: Rhydon
|-damage|p1a: Rhydon|9/100
|move|p1a: Rhydon|Earthquake|p2a: The Drink
|-damage|p2a: The Drink|0 fnt
|faint|p2a: The Drink
|-end|p2a: The Drink|Protosynthesis|[silent]
|
|upkeep
|
|t:|1758289844
|switch|p2a: The Sandwich|Pecharunt|100/100
|turn|19
|
|t:|1758289850
|move|p2a: The Sandwich|Foul Play|p1a: Rhydon
|-supereffective|p1a: Rhydon
|-damage|p1a: Rhydon|0 fnt
|faint|p1a: Rhydon
|
|upkeep
|
|t:|1758289851
|switch|p1a: Honchkrow|Honchkrow, F|100/100
|turn|20
|
|t:|1758289859
|-terastallize|p2a: The Sandwich|Dark
|move|p2a: The Sandwich|Malignant Chain|p1a: Honchkrow
|-damage|p1a: Honchkrow|53/100
|-status|p1a: Honchkrow|tox
|-start|p1a: Honchkrow|confusion|[from] ability: Poison Puppeteer|[of] p2a: The Sandwich
|-activate|p1a: Honchkrow|confusion
|move|p1a: Honchkrow|Substitute|p1a: Honchkrow
|-start|p1a: Honchkrow|Substitute
|-damage|p1a: Honchkrow|28/100 tox
|
|-damage|p1a: Honchkrow|22/100 tox|[from] psn
|upkeep
|turn|21
|
|t:|1758289870
|move|p2a: The Sandwich|Malignant Chain|p1a: Honchkrow
|-end|p1a: Honchkrow|Substitute
|-end|p1a: Honchkrow|confusion
|move|p1a: Honchkrow|Brave Bird|p2a: The Sandwich
|-damage|p2a: The Sandwich|69/100
|-damage|p1a: Honchkrow|12/100 tox|[from] Recoil
|
|-damage|p1a: Honchkrow|0 fnt|[from] psn
|faint|p1a: Honchkrow
|
|win|the BEE is coming
|raw|PrayForMyPp's rating: 1238 &rarr; <strong>1215</strong><br />(-23 for losing)
|raw|the BEE is coming's rating: 1262 &rarr; <strong>1285</strong><br />(+23 for winning)
|l|☆PrayForMyPp
|player|p1|
|c|☆the BEE is coming|gg
|l|☆the BEE is coming
|player|p2|
