|j|☆Used2BeAgent
|j|‽six10lol
|t:|1758313648
|gametype|singles
|player|p1|Used2BeAgent|swimmerf-gen4|1561
|player|p2|six10lol|pokekid|1555
|gen|9
|tier|[Gen 9] OU
|rated|
|rule|HP Percentage Mod: HP is shown in percentages
|rule|Endless Battle Clause: Forcing endless battles is banned
|rule|Species Clause: Limit one of each Pokémon
|rule|OHKO Clause: OHKO moves are banned
|rule|Evasion Items Clause: Evasion items are banned
|rule|Evasion Moves Clause: Evasion moves are banned
|rule|Evasion Abilities Clause: Evasion abilities are banned
|rule|Sleep Moves Clause: Sleep-inducing moves are banned
|clearpoke
|poke|p1|Samurott-Hisui, F|
|poke|p1|Zapdos|
|poke|p1|Rillaboom, M|
|poke|p1|Heatran, F|
|poke|p1|Fezandipiti, M|
|poke|p1|Great Tusk|
|poke|p2|Ursaluna, M|
|poke|p2|Cresselia, F|
|poke|p2|Kingambit, F|
|poke|p2|Volcanion|
|poke|p2|Hatterene, F|
|poke|p2|Porygon2|
|teampreview
|inactive|Battle timer is ON: inactive players will automatically lose when time's up. (requested by six10lol)
|inactive|Used2BeAgent also wants the timer to be on.
|inactive|Used2BeAgent has 120 seconds left.
|inactive|six10lol has 120 seconds left.
|j| RagingBoltLover
|
|t:|1758313691
|teamsize|p1|6
|teamsize|p2|6
|start
|switch|p1a: Samurott|Samurott-Hisui, F, shiny|100/100
|switch|p2a: Porygon2|Porygon2|100/100
|-ability|p2a: Porygon2|Download|boost
|-boost|p2a: Porygon2|spa|1
|turn|1
|
|t:|1758313708
|move|p1a: Samurott|Ceaseless Edge|p2a: Porygon2
|-damage|p2a: Porygon2|49/100
|-sidestart|p2: six10lol|Spikes
|move|p2a: Porygon2|Trick Room|p2a: Porygon2
|-fieldstart|move: Trick Room|[of] p2a: Porygon2
|
|upkeep
|turn|2
|
|t:|1758313727
|move|p2a: Porygon2|Tera Blast|p1a: Samurott
|-crit|p1a: Samurott
|-damage|p1a: Samurott|0 fnt
|faint|p1a: Samurott
|
|upkeep
|inactive|Used2BeAgent has 120 seconds left.
|
|t:|1758313771
|switch|p1a: Heatran|Heatran, F, shiny|100/100
|turn|3
|
|t:|1758313796
|-terastallize|p2a: Porygon2|Ground
|move|p2a: Porygon2|Tera Blast|p1a: Heatran|[anim] Tera Blast Ground
|-supereffective|p1a: Heatran
|-damage|p1a: Heatran|0 fnt
|faint|p1a: Heatran
|
|upkeep
|
|t:|1758313804
|switch|p1a: Rillaboom|Rillaboom, M|100/100
|-fieldstart|move: Grassy Terrain|[from] ability: Grassy Surge|[of] p1a: Rillaboom
|turn|4
|
|t:|1758313818
|move|p1a: Rillaboom|Grassy Glide|p2a: Porygon2
|-supereffective|p2a: Porygon2
|-damage|p2a: Porygon2|0 fnt
|faint|p2a: Porygon2
|
|upkeep
|inactive|six10lol has 120 seconds left.
|
|t:|1758313839
|switch|p2a: Kingambit|Kingambit, F|100/100
|-damage|p2a: Kingambit|88/100|[from] Spikes
|-activate|p2a: Kingambit|ability: Supreme Overlord
|-start|p2a: Kingambit|fallen1|[silent]
|turn|5
|
|t:|1758313846
|switch|p1a: Great Tusk|Great Tusk, shiny|100/100
|move|p2a: Kingambit|Swords Dance|p2a: Kingambit
|-boost|p2a: Kingambit|atk|2
|
|-heal|p2a: Kingambit|94/100|[from] Grassy Terrain
|-fieldend|move: Trick Room
|upkeep
|turn|6
|inactive|six10lol has 120 seconds left.
|
|t:|1758313864
|-end|p2a: Kingambit|fallen1|[silent]
|switch|p2a: Cresselia|Cresselia, F, shiny|100/100
|move|p1a: Great Tusk|Headlong Rush|p2a: Cresselia
|-immune|p2a: Cresselia|[from] ability: Levitate
|
|upkeep
|turn|7
|
|t:|1758313872
|move|p1a: Great Tusk|Stealth Rock|p2a: Cresselia
|-sidestart|p2: six10lol|move: Stealth Rock
|move|p2a: Cresselia|Psychic|p1a: Great Tusk
|-supereffective|p1a: Great Tusk
|-damage|p1a: Great Tusk|39/100
|
|-heal|p1a: Great Tusk|45/100|[from] Grassy Terrain
|upkeep
|turn|8
|
|t:|1758313878
|-end|p1a: Great Tusk|Protosynthesis|[silent]
|switch|p1a: Zapdos|Zapdos|100/100
|move|p2a: Cresselia|Trick Room|p2a: Cresselia
|-fieldstart|move: Trick Room|[of] p2a: Cresselia
|
|-fieldend|move: Grassy Terrain
|upkeep
|turn|9
|
|t:|1758313885
|switch|p2a: Ursaluna|Ursaluna, M|100/100
|-damage|p2a: Ursaluna|88/100|[from] Spikes
|-damage|p2a: Ursaluna|82/100|[from] Stealth Rock
|move|p1a: Zapdos|Hurricane|p2a: Ursaluna
|-damage|p2a: Ursaluna|41/100
|-start|p2a: Ursaluna|confusion
|
|-status|p2a: Ursaluna|brn|[from] item: Flame Orb
|upkeep
|turn|10
|
|t:|1758313897
|-terastallize|p1a: Zapdos|Steel
|-activate|p2a: Ursaluna|confusion
|move|p2a: Ursaluna|Facade|p1a: Zapdos
|-resisted|p1a: Zapdos
|-damage|p1a: Zapdos|53/100
|move|p1a: Zapdos|Hurricane|p2a: Ursaluna
|-damage|p2a: Ursaluna|0 fnt
|faint|p2a: Ursaluna
|
|upkeep
|inactive|six10lol has 120 seconds left.
|
|t:|1758313920
|switch|p2a: Volcanion|Volcanion|100/100
|-damage|p2a: Volcanion|88/100|[from] Spikes
|-damage|p2a: Volcanion|63/100|[from] Stealth Rock
|turn|11
|inactive|six10lol has 120 seconds left.
|
|t:|1758313933
|switch|p1a: Fezandipiti|Fezandipiti, M|100/100
|move|p2a: Volcanion|Flamethrower|p1a: Fezandipiti
|-damage|p1a: Fezandipiti|73/100
|
|upkeep
|turn|12
|inactive|six10lol has 120 seconds left.
|
|t:|1758313945
|switch|p2a: Cresselia|Cresselia, F, shiny|100/100
|-damage|p2a: Cresselia|88/100|[from] Stealth Rock
|move|p1a: Fezandipiti|U-turn|p2a: Cresselia
|-supereffective|p2a: Cresselia
|-damage|p2a: Cresselia|73/100
|
|t:|1758313952
|switch|p1a: Rillaboom|Rillaboom, M|100/100|[from] U-turn
|-fieldstart|move: Grassy Terrain|[from] ability: Grassy Surge|[of] p1a: Rillaboom
|
|-fieldend|move: Trick Room
|upkeep
|turn|13
|
|t:|1758313967
|move|p1a: Rillaboom|Wood Hammer|p2a: Cresselia
|-damage|p2a: Cresselia|0 fnt
|faint|p2a: Cresselia
|-damage|p1a: Rillaboom|69/100|[from] Recoil
|
|-heal|p1a: Rillaboom|76/100|[from] Grassy Terrain
|upkeep
|
|t:|1758313978
|switch|p2a: Kingambit|Kingambit, F|94/100
|-damage|p2a: Kingambit|82/100|[from] Spikes
|-damage|p2a: Kingambit|76/100|[from] Stealth Rock
|-activate|p2a: Kingambit|ability: Supreme Overlord
|-start|p2a: Kingambit|fallen3|[silent]
|turn|14
|inactive|six10lol has 120 seconds left.
|
|t:|1758313998
|move|p1a: Rillaboom|Wood Hammer|p2a: Kingambit
|-resisted|p2a: Kingambit
|-damage|p2a: Kingambit|31/100
|-damage|p1a: Rillaboom|58/100|[from] Recoil
|move|p2a: Kingambit|Kowtow Cleave|p1a: Rillaboom
|-damage|p1a: Rillaboom|0 fnt
|faint|p1a: Rillaboom
|
|-heal|p2a: Kingambit|37/100|[from] Grassy Terrain
|upkeep
|
|t:|1758314023
|switch|p1a: Great Tusk|Great Tusk, shiny|45/100
|turn|15
|
|t:|1758314037
|move|p2a: Kingambit|Sucker Punch|p1a: Great Tusk
|-resisted|p1a: Great Tusk
|-damage|p1a: Great Tusk|23/100
|move|p1a: Great Tusk|Headlong Rush|p2a: Kingambit
|-supereffective|p2a: Kingambit
|-damage|p2a: Kingambit|0 fnt
|-unboost|p1a: Great Tusk|def|1
|-unboost|p1a: Great Tusk|spd|1
|faint|p2a: Kingambit
|-end|p2a: Kingambit|fallen3|[silent]
|
|-heal|p1a: Great Tusk|29/100|[from] Grassy Terrain
|upkeep
|
|t:|1758314047
|switch|p2a: Hatterene|Hatterene, F|100/100
|-damage|p2a: Hatterene|88/100|[from] Spikes
|-damage|p2a: Hatterene|76/100|[from] Stealth Rock
|turn|16
|
|t:|1758314053
|move|p1a: Great Tusk|Headlong Rush|p2a: Hatterene
|-damage|p2a: Hatterene|28/100
|-unboost|p1a: Great Tusk|def|1
|-unboost|p1a: Great Tusk|spd|1
|move|p2a: Hatterene|Trick Room|p2a: Hatterene
|-fieldstart|move: Trick Room|[of] p2a: Hatterene
|
|-heal|p2a: Hatterene|34/100|[from] Grassy Terrain
|-heal|p1a: Great Tusk|35/100|[from] Grassy Terrain
|-fieldend|move: Grassy Terrain
|upkeep
|turn|17
|
|t:|1758314072
|move|p2a: Hatterene|Healing Wish|p2a: Hatterene
|faint|p2a: Hatterene
|move|p1a: Great Tusk|Headlong Rush|p2: Hatterene|[notarget]
|-fail|p1a: Great Tusk
|
|upkeep
|
|t:|1758314076
|switch|p2a: Volcanion|Volcanion|63/100
|-heal|p2a: Volcanion|100/100|[from] move: Healing Wish
|-damage|p2a: Volcanion|88/100|[from] Spikes
|-damage|p2a: Volcanion|63/100|[from] Stealth Rock
|turn|18
|
|t:|1758314083
|-end|p1a: Great Tusk|Protosynthesis|[silent]
|switch|p1a: Zapdos|Zapdos, tera:Steel|53/100
|move|p2a: Volcanion|Steam Eruption|p1a: Zapdos
|-damage|p1a: Zapdos|0 fnt
|faint|p1a: Zapdos
|
|upkeep
|
|t:|1758314093
|switch|p1a: Fezandipiti|Fezandipiti, M|73/100
|turn|19
|
|t:|1758314101
|move|p2a: Volcanion|Steam Eruption|p1a: Fezandipiti
|-damage|p1a: Fezandipiti|35/100
|move|p1a: Fezandipiti|Icy Wind|p2a: Volcanion
|-resisted|p2a: Volcanion
|-damage|p2a: Volcanion|61/100
|-unboost|p2a: Volcanion|spe|1
|-status|p2a: Volcanion|tox|[from] ability: Toxic Chain|[of] p1a: Fezandipiti
|
|-damage|p2a: Volcanion|55/100 tox|[from] psn
|upkeep
|turn|20
|-message|six10lol forfeited.
|
|win|Used2BeAgent
|raw|Used2BeAgent's rating: 1561 &rarr; <strong>1581</strong><br />(+20 for winning)
|raw|six10lol's rating: 1555 &rarr; <strong>1535</strong><br />(-20 for losing)
|l|‽six10lol
|player|p2|
|l|☆Used2BeAgent
|player|p1|
