|j|☆Sergio76
|j|☆64Unitesdespleen
|t:|1758365892
|gametype|singles
|player|p1|Sergio76|barry|1452
|player|p2|64Unitesdespleen|winona|1522
|gen|9
|tier|[Gen 9] OU
|rated|
|rule|HP Percentage Mod: HP is shown in percentages
|rule|Endless Battle Clause: Forcing endless battles is banned
|rule|Species Clause: Limit one of each Pokémon
|rule|OHKO Clause: OHKO moves are banned
|rule|Evasion Items Clause: Evasion items are banned
|rule|Evasion Moves Clause: Evasion moves are banned
|rule|Evasion Abilities Clause: Evasion abilities are banned
|rule|Sleep Moves Clause: Sleep-inducing moves are banned
|clearpoke
|poke|p1|Rhyperior, M|
|poke|p1|Slowking-Galar, M|
|poke|p1|Dragapult, F|
|poke|p1|Rillaboom, F|
|poke|p1|Grimmsnarl, M|
|poke|p1|Kingambit, F|
|poke|p2|Hatterene, F|
|poke|p2|Torkoal, M|
|poke|p2|Crabominable, F|
|poke|p2|Slowking-Galar, F|
|poke|p2|Cresselia, F|
|poke|p2|Ursaluna, M|
|teampreview
|inactive|Battle timer is ON: inactive players will automatically lose when time's up. (requested by 64Unitesdespleen)
|inactive|Sergio76 also wants the timer to be on.
|
|t:|1758365899
|teamsize|p1|6
|teamsize|p2|6
|start
|switch|p1a: Dragapult|Dragapult, F|100/100
|switch|p2a: Hatterene|Hatterene, F|100/100
|turn|1
|
|t:|1758365905
|move|p1a: Dragapult|U-turn|p2a: Hatterene
|-damage|p2a: Hatterene|80/100
|
|t:|1758365909
|switch|p1a: Rhyperior|Rhyperior, M, shiny|100/100|[from] U-turn
|move|p2a: Hatterene|Trick Room|p2a: Hatterene
|-fieldstart|move: Trick Room|[of] p2a: Hatterene
|
|upkeep
|turn|2
|
|t:|1758365919
|switch|p2a: Ursaluna|Ursaluna, M|100/100
|move|p1a: Rhyperior|Stone Edge|p2a: Ursaluna
|-resisted|p2a: Ursaluna
|-damage|p2a: Ursaluna|84/100
|
|-status|p2a: Ursaluna|brn|[from] item: Flame Orb
|upkeep
|turn|3
|
|t:|1758365929
|switch|p1a: Rillaboom|Rillaboom, F|100/100
|-fieldstart|move: Grassy Terrain|[from] ability: Grassy Surge|[of] p1a: Rillaboom
|move|p2a: Ursaluna|Facade|p1a: Rillaboom
|-damage|p1a: Rillaboom|0 fnt
|faint|p1a: Rillaboom
|
|-heal|p2a: Ursaluna|90/100 brn|[from] Grassy Terrain
|-damage|p2a: Ursaluna|84/100 brn|[from] brn
|upkeep
|
|t:|1758365935
|switch|p1a: Kingambit|Kingambit, F|100/100
|-activate|p1a: Kingambit|ability: Supreme Overlord
|-start|p1a: Kingambit|fallen1|[silent]
|turn|4
|
|t:|1758365945
|-end|p1a: Kingambit|fallen1|[silent]
|switch|p1a: Grimmsnarl|Grimmsnarl, M, shiny|100/100
|move|p2a: Ursaluna|Headlong Rush|p1a: Grimmsnarl
|-damage|p1a: Grimmsnarl|0 fnt
|-unboost|p2a: Ursaluna|def|1
|-unboost|p2a: Ursaluna|spd|1
|faint|p1a: Grimmsnarl
|
|-heal|p2a: Ursaluna|90/100 brn|[from] Grassy Terrain
|-damage|p2a: Ursaluna|84/100 brn|[from] brn
|upkeep
|
|t:|1758365952
|switch|p1a: Rhyperior|Rhyperior, M, shiny|100/100
|turn|5
|
|t:|1758365962
|switch|p2a: Cresselia|Cresselia, F|100/100
|move|p1a: Rhyperior|Rock Polish|p1a: Rhyperior
|-boost|p1a: Rhyperior|spe|2
|
|-fieldend|move: Trick Room
|upkeep
|turn|6
|
|t:|1758365966
|move|p1a: Rhyperior|Stone Edge|p2a: Cresselia|[miss]
|-miss|p1a: Rhyperior|p2a: Cresselia
|move|p2a: Cresselia|Trick Room|p2a: Cresselia
|-fieldstart|move: Trick Room|[of] p2a: Cresselia
|
|upkeep
|turn|7
|
|t:|1758365976
|move|p2a: Cresselia|Lunar Dance|p2a: Cresselia
|faint|p2a: Cresselia
|move|p1a: Rhyperior|Ice Punch|p2: Cresselia|[notarget]
|-fail|p1a: Rhyperior
|
|-fieldend|move: Grassy Terrain
|upkeep
|
|t:|1758365996
|switch|p2a: Crabominable|Crabominable, F|100/100
|turn|8
|
|t:|1758365999
|move|p2a: Crabominable|Drain Punch|p1a: Rhyperior
|-supereffective|p1a: Rhyperior
|-damage|p1a: Rhyperior|61/100
|-enditem|p1a: Rhyperior|Weakness Policy
|-boost|p1a: Rhyperior|atk|2|[from] item: Weakness Policy
|-boost|p1a: Rhyperior|spa|2|[from] item: Weakness Policy
|move|p1a: Rhyperior|Earthquake|p2a: Crabominable
|-damage|p2a: Crabominable|10/100
|
|upkeep
|turn|9
|
|t:|1758366006
|move|p2a: Crabominable|Drain Punch|p1a: Rhyperior
|-supereffective|p1a: Rhyperior
|-damage|p1a: Rhyperior|19/100
|-heal|p2a: Crabominable|32/100|[from] drain|[of] p1a: Rhyperior
|move|p1a: Rhyperior|Earthquake|p2a: Crabominable
|-damage|p2a: Crabominable|0 fnt
|faint|p2a: Crabominable
|
|upkeep
|
|t:|1758366013
|switch|p2a: Torkoal|Torkoal, M|100/100
|-weather|SunnyDay|[from] ability: Drought|[of] p2a: Torkoal
|turn|10
|
|t:|1758366016
|move|p2a: Torkoal|Eruption|p1a: Rhyperior
|-resisted|p1a: Rhyperior
|-damage|p1a: Rhyperior|0 fnt
|faint|p1a: Rhyperior
|
|-weather|SunnyDay|[upkeep]
|-fieldend|move: Trick Room
|upkeep
|
|t:|1758366019
|switch|p1a: Dragapult|Dragapult, F|100/100
|turn|11
|
|t:|1758366024
|switch|p2a: Slowking|Slowking-Galar, F|100/100
|move|p1a: Dragapult|Shadow Ball|p2a: Slowking
|-supereffective|p2a: Slowking
|-damage|p2a: Slowking|40/100
|
|-weather|SunnyDay|[upkeep]
|upkeep
|turn|12
|
|t:|1758366032
|move|p1a: Dragapult|Shadow Ball|p2a: Slowking
|-supereffective|p2a: Slowking
|-crit|p2a: Slowking
|-damage|p2a: Slowking|0 fnt
|faint|p2a: Slowking
|
|-weather|SunnyDay|[upkeep]
|upkeep
|
|t:|1758366034
|switch|p2a: Hatterene|Hatterene, F|80/100
|-heal|p2a: Hatterene|100/100|[from] move: Lunar Dance
|turn|13
|
|t:|1758366036
|-terastallize|p1a: Dragapult|Ghost
|move|p1a: Dragapult|Shadow Ball|p2a: Hatterene
|-supereffective|p2a: Hatterene
|-enditem|p2a: Hatterene|Focus Sash
|-damage|p2a: Hatterene|1/100
|move|p2a: Hatterene|Trick Room|p2a: Hatterene
|-fieldstart|move: Trick Room|[of] p2a: Hatterene
|
|-weather|SunnyDay|[upkeep]
|upkeep
|turn|14
|
|t:|1758366043
|switch|p1a: Slowking|Slowking-Galar, M|100/100
|move|p2a: Hatterene|Healing Wish|p2a: Hatterene
|faint|p2a: Hatterene
|
|-weather|none
|upkeep
|
|t:|1758366046
|switch|p2a: Ursaluna|Ursaluna, M|84/100 brn
|-heal|p2a: Ursaluna|100/100|[from] move: Healing Wish
|turn|15
|
|t:|1758366052
|move|p1a: Slowking|Future Sight|p2a: Ursaluna
|-start|p1a: Slowking|move: Future Sight
|move|p2a: Ursaluna|Headlong Rush|p1a: Slowking
|-supereffective|p1a: Slowking
|-damage|p1a: Slowking|0 fnt
|-unboost|p2a: Ursaluna|def|1
|-unboost|p2a: Ursaluna|spd|1
|faint|p1a: Slowking
|
|-status|p2a: Ursaluna|brn|[from] item: Flame Orb
|upkeep
|
|t:|1758366056
|switch|p1a: Kingambit|Kingambit, F|100/100
|-activate|p1a: Kingambit|ability: Supreme Overlord
|-start|p1a: Kingambit|fallen4|[silent]
|turn|16
|
|t:|1758366061
|move|p1a: Kingambit|Sucker Punch|p2a: Ursaluna
|-damage|p2a: Ursaluna|40/100 brn
|move|p2a: Ursaluna|Headlong Rush|p1a: Kingambit
|-supereffective|p1a: Kingambit
|-damage|p1a: Kingambit|0 fnt
|-unboost|p2a: Ursaluna|def|1
|-unboost|p2a: Ursaluna|spd|1
|faint|p1a: Kingambit
|-end|p1a: Kingambit|fallen4|[silent]
|
|-damage|p2a: Ursaluna|34/100 brn|[from] brn
|upkeep
|
|t:|1758366064
|switch|p1a: Dragapult|Dragapult, F, tera:Ghost|100/100
|turn|17
|
|t:|1758366073
|move|p2a: Ursaluna|Headlong Rush|p1a: Dragapult
|-damage|p1a: Dragapult|0 fnt
|-unboost|p2a: Ursaluna|def|1
|-unboost|p2a: Ursaluna|spd|1
|faint|p1a: Dragapult
|
|win|64Unitesdespleen
|raw|Sergio76's rating: 1452 &rarr; <strong>1436</strong><br />(-16 for losing)
|raw|64Unitesdespleen's rating: 1522 &rarr; <strong>1538</strong><br />(+16 for winning)
|l|☆Sergio76
|player|p1|
|l|☆64Unitesdespleen
|player|p2|
