|j|☆Michael00000000
|j|☆TheTired
|t:|1758302369
|gametype|singles
|player|p1|Michael00000000|clair|1509
|player|p2|TheTired|colress|1484
|gen|9
|tier|[Gen 9] OU
|rated|
|rule|HP Percentage Mod: HP is shown in percentages
|rule|Endless Battle Clause: Forcing endless battles is banned
|rule|Species Clause: Limit one of each Pokémon
|rule|OHKO Clause: OHKO moves are banned
|rule|Evasion Items Clause: Evasion items are banned
|rule|Evasion Moves Clause: Evasion moves are banned
|rule|Evasion Abilities Clause: Evasion abilities are banned
|rule|Sleep Moves Clause: Sleep-inducing moves are banned
|clearpoke
|poke|p1|Gardevoir, F|
|poke|p1|Iron Valiant|
|poke|p1|Arcanine, M|
|poke|p1|Hatterene, F|
|poke|p1|Dragapult, F|
|poke|p1|Milotic, F|
|poke|p2|Indeedee, M|
|poke|p2|Hatterene, F|
|poke|p2|Ursaluna, F|
|poke|p2|Iron Hands|
|poke|p2|Hoopa-Unbound|
|poke|p2|Mimikyu, F|
|teampreview
|
|t:|1758302401
|teamsize|p1|6
|teamsize|p2|6
|start
|switch|p1a: Nimbus|Arcanine, M|100/100
|switch|p2a: Indeedee|Indeedee, M, shiny|100/100
|-ability|p1a: Nimbus|Intimidate|boost
|-unboost|p2a: Indeedee|atk|1
|-fieldstart|move: Psychic Terrain|[from] ability: Psychic Surge|[of] p2a: Indeedee
|turn|1
|
|t:|1758302404
|move|p1a: Nimbus|Flare Blitz|p2a: Indeedee
|-damage|p2a: Indeedee|8/100
|-damage|p1a: Nimbus|70/100|[from] Recoil
|move|p2a: Indeedee|Trick Room|p2a: Indeedee
|-fieldstart|move: Trick Room|[of] p2a: Indeedee
|
|upkeep
|turn|2
|
|t:|1758302411
|switch|p2a: Hatterene|Hatterene, F, shiny|100/100
|switch|p1a: Rhea|Gardevoir, F, shiny|100/100
|-ability|p1a: Rhea|Magic Bounce|Trace|[from] ability: Trace|[of] p2a: Hatterene
|
|upkeep
|turn|3
|
|t:|1758302419
|move|p2a: Hatterene|Draining Kiss|p1a: Rhea
|-damage|p1a: Rhea|77/100
|-damage|p2a: Hatterene|91/100|[from] item: Life Orb
|move|p1a: Rhea|Moonblast|p2a: Hatterene
|-crit|p2a: Hatterene
|-damage|p2a: Hatterene|2/100
|-unboost|p2a: Hatterene|spa|1
|
|upkeep
|turn|4
|
|t:|1758302425
|move|p2a: Hatterene|Draining Kiss|p1a: Rhea
|-damage|p1a: Rhea|60/100
|-heal|p2a: Hatterene|13/100|[from] drain|[of] p1a: Rhea
|-damage|p2a: Hatterene|3/100|[from] item: Life Orb
|move|p1a: Rhea|Moonblast|p2a: Hatterene
|-damage|p2a: Hatterene|0 fnt
|faint|p2a: Hatterene
|
|upkeep
|
|t:|1758302434
|switch|p2a: Hoopa|Hoopa-Unbound|100/100
|-enditem|p2a: Hoopa|Psychic Seed
|-boost|p2a: Hoopa|spd|1|[from] item: Psychic Seed
|turn|5
|
|t:|1758302443
|-terastallize|p2a: Hoopa|Psychic
|move|p2a: Hoopa|Expanding Force|p1a: Rhea
|-resisted|p1a: Rhea
|-damage|p1a: Rhea|19/100
|-item|p2a: Hoopa|Assault Vest|[from] ability: Magician|[of] p1a: Rhea
|move|p1a: Rhea|Moonblast|p2a: Hoopa
|-damage|p2a: Hoopa|84/100
|-unboost|p2a: Hoopa|spa|1
|
|-fieldend|move: Trick Room
|upkeep
|turn|6
|
|t:|1758302454
|move|p1a: Rhea|Mystical Fire|p2a: Hoopa
|-damage|p2a: Hoopa|74/100
|-unboost|p2a: Hoopa|spa|1
|move|p2a: Hoopa|Expanding Force|p1a: Rhea
|-resisted|p1a: Rhea
|-damage|p1a: Rhea|0 fnt
|faint|p1a: Rhea
|
|upkeep
|
|t:|1758302461
|switch|p1a: Nimbus|Arcanine, M|70/100
|-ability|p1a: Nimbus|Intimidate|boost
|-unboost|p2a: Hoopa|atk|1
|turn|7
|
|t:|1758302465
|move|p1a: Nimbus|Crunch|p2a: Hoopa
|-supereffective|p2a: Hoopa
|-crit|p2a: Hoopa
|-damage|p2a: Hoopa|0 fnt
|faint|p2a: Hoopa
|
|upkeep
|
|t:|1758302470
|switch|p2a: Mimikyu|Mimikyu, F, shiny|100/100
|turn|8
|
|t:|1758302473
|move|p1a: Nimbus|Crunch|p2a: Mimikyu
|-activate|p2a: Mimikyu|ability: Disguise
|-damage|p2a: Mimikyu|100/100
|detailschange|p2a: Mimikyu|Mimikyu-Busted, F, shiny
|-damage|p2a: Mimikyu|88/100|[from] pokemon: Mimikyu-Busted
|-enditem|p2a: Mimikyu|Red Card|[of] p1a: Nimbus
|drag|p1a: Mercé|Dragapult, F, shiny|100/100
|move|p2a: Mimikyu|Trick Room|p2a: Mimikyu
|-fieldstart|move: Trick Room|[of] p2a: Mimikyu
|
|-fieldend|move: Psychic Terrain
|upkeep
|turn|9
|
|t:|1758302479
|move|p2a: Mimikyu|Play Rough|p1a: Mercé
|-supereffective|p1a: Mercé
|-damage|p1a: Mercé|17/100
|move|p1a: Mercé|Will-O-Wisp|p2a: Mimikyu
|-status|p2a: Mimikyu|brn
|
|-damage|p2a: Mimikyu|82/100 brn|[from] brn
|upkeep
|turn|10
|
|t:|1758302488
|switch|p1a: Ceteres|Milotic, F, shiny|100/100
|move|p2a: Mimikyu|Play Rough|p1a: Ceteres
|-damage|p1a: Ceteres|90/100
|
|-heal|p1a: Ceteres|96/100|[from] item: Leftovers
|-damage|p2a: Mimikyu|76/100 brn|[from] brn
|upkeep
|turn|11
|
|t:|1758302492
|move|p1a: Ceteres|Scald|p2a: Mimikyu
|-damage|p2a: Mimikyu|48/100 brn
|move|p2a: Mimikyu|Curse|p1a: Ceteres
|-start|p1a: Ceteres|Curse|[of] p2a: Mimikyu
|-damage|p2a: Mimikyu|0 fnt
|faint|p2a: Mimikyu
|
|-heal|p1a: Ceteres|100/100|[from] item: Leftovers
|-damage|p1a: Ceteres|76/100|[from] Curse
|upkeep
|
|t:|1758302502
|switch|p2a: Iron Hands|Iron Hands|100/100
|-enditem|p2a: Iron Hands|Booster Energy
|-activate|p2a: Iron Hands|ability: Quark Drive|[fromitem]
|-start|p2a: Iron Hands|quarkdriveatk
|turn|12
|
|t:|1758302507
|move|p2a: Iron Hands|Supercell Slam|p1a: Ceteres
|-supereffective|p1a: Ceteres
|-damage|p1a: Ceteres|0 fnt
|faint|p1a: Ceteres
|
|-fieldend|move: Trick Room
|upkeep
|
|t:|1758302516
|switch|p1a: Hermé|Iron Valiant, shiny|100/100
|-enditem|p1a: Hermé|Booster Energy
|-activate|p1a: Hermé|ability: Quark Drive|[fromitem]
|-start|p1a: Hermé|quarkdrivespe
|turn|13
|
|t:|1758302520
|move|p1a: Hermé|Moonblast|p2a: Iron Hands
|-supereffective|p2a: Iron Hands
|-damage|p2a: Iron Hands|44/100
|move|p2a: Iron Hands|Heavy Slam|p1a: Hermé
|-supereffective|p1a: Hermé
|-damage|p1a: Hermé|0 fnt
|faint|p1a: Hermé
|-end|p1a: Hermé|Quark Drive|[silent]
|
|upkeep
|
|t:|1758302532
|switch|p1a: Mercé|Dragapult, F, shiny|17/100
|turn|14
|
|t:|1758302538
|move|p1a: Mercé|Draco Meteor|p2a: Iron Hands
|-damage|p2a: Iron Hands|5/100
|-unboost|p1a: Mercé|spa|2
|move|p2a: Iron Hands|Ice Punch|p1a: Mercé
|-supereffective|p1a: Mercé
|-damage|p1a: Mercé|0 fnt
|faint|p1a: Mercé
|
|upkeep
|
|t:|1758302542
|switch|p1a: Nimbus|Arcanine, M|70/100
|-ability|p1a: Nimbus|Intimidate|boost
|-unboost|p2a: Iron Hands|atk|1
|turn|15
|
|t:|1758302549
|move|p1a: Nimbus|Flare Blitz|p2a: Iron Hands
|-damage|p2a: Iron Hands|0 fnt
|faint|p2a: Iron Hands
|-end|p2a: Iron Hands|Quark Drive|[silent]
|-damage|p1a: Nimbus|67/100|[from] Recoil
|
|upkeep
|
|t:|1758302556
|switch|p2a: Ursaluna|Ursaluna, F, shiny|100/100
|turn|16
|inactive|Battle timer is ON: inactive players will automatically lose when time's up. (requested by TheTired)
|
|t:|1758302562
|move|p1a: Nimbus|Flare Blitz|p2a: Ursaluna
|-damage|p2a: Ursaluna|39/100
|-status|p2a: Ursaluna|brn
|-damage|p1a: Nimbus|38/100|[from] Recoil
|move|p2a: Ursaluna|Headlong Rush|p1a: Nimbus
|-supereffective|p1a: Nimbus
|-damage|p1a: Nimbus|0 fnt
|-unboost|p2a: Ursaluna|def|1
|-unboost|p2a: Ursaluna|spd|1
|faint|p1a: Nimbus
|
|-damage|p2a: Ursaluna|33/100 brn|[from] brn
|upkeep
|
|t:|1758302568
|switch|p1a: Noir|Hatterene, F, shiny|100/100
|turn|17
|
|t:|1758302570
|-terastallize|p1a: Noir|Grass
|move|p2a: Ursaluna|Facade|p1a: Noir
|-damage|p1a: Noir|0 fnt
|faint|p1a: Noir
|
|win|TheTired
|raw|Michael00000000's rating: 1509 &rarr; <strong>1488</strong><br />(-21 for losing)
|raw|TheTired's rating: 1484 &rarr; <strong>1505</strong><br />(+21 for winning)
|c|☆Michael00000000|gg wp
|l|☆Michael00000000
|player|p1|
|l|☆TheTired
|player|p2|
