|j|☆Jon Mateo
|j|☆Mouton Sheep
|t:|1758269370
|gametype|singles
|player|p1|Jon Mateo|169|1316
|player|p2|Mouton Sheep|hilda|1298
|gen|9
|tier|[Gen 9] OU
|rated|
|rule|HP Percentage Mod: HP is shown in percentages
|rule|Endless Battle Clause: Forcing endless battles is banned
|rule|Species Clause: Limit one of each Pokémon
|rule|OHKO Clause: OHKO moves are banned
|rule|Evasion Items Clause: Evasion items are banned
|rule|Evasion Moves Clause: Evasion moves are banned
|rule|Evasion Abilities Clause: Evasion abilities are banned
|rule|Sleep Moves Clause: Sleep-inducing moves are banned
|clearpoke
|poke|p1|Ceruledge, M|
|poke|p1|Lokix, M|
|poke|p1|Quaquaval, M|
|poke|p1|Gardevoir, F|
|poke|p1|Garchomp, F|
|poke|p1|Rotom-Frost|
|poke|p2|Toxapex, M|
|poke|p2|Gliscor, F|
|poke|p2|Blissey, F|
|poke|p2|Dondozo, F|
|poke|p2|Moltres|
|poke|p2|Cresselia, F|
|teampreview
|inactive|Battle timer is ON: inactive players will automatically lose when time's up. (requested by Mouton Sheep)
|
|t:|1758269401
|teamsize|p1|6
|teamsize|p2|6
|start
|switch|p1a: Quaquaval|Quaquaval, M|100/100
|switch|p2a: Toxapex|Toxapex, M|100/100
|turn|1
|
|t:|1758269409
|move|p1a: Quaquaval|U-turn|p2a: Toxapex
|-resisted|p2a: Toxapex
|-damage|p2a: Toxapex|90/100
|
|t:|1758269414
|switch|p1a: Gardevoir|Gardevoir, F|100/100|[from] U-turn
|move|p2a: Toxapex|Toxic|p1a: Gardevoir
|-status|p1a: Gardevoir|tox
|
|-damage|p1a: Gardevoir|94/100 tox|[from] psn
|upkeep
|turn|2
|
|t:|1758269423
|switch|p2a: Blissey|Blissey, F|100/100
|move|p1a: Gardevoir|Psychic|p2a: Blissey
|-damage|p2a: Blissey|87/100
|
|-damage|p1a: Gardevoir|82/100 tox|[from] psn
|upkeep
|turn|3
|
|t:|1758269429
|switch|p1a: Garchomp|Garchomp, F|100/100
|move|p2a: Blissey|Stealth Rock|p1a: Garchomp
|-sidestart|p1: Jon Mateo|move: Stealth Rock
|
|upkeep
|turn|4
|
|t:|1758269437
|switch|p2a: Gliscor|Gliscor, F|100/100
|move|p1a: Garchomp|Swords Dance|p1a: Garchomp
|-boost|p1a: Garchomp|atk|2
|
|-status|p2a: Gliscor|tox|[from] item: Toxic Orb
|upkeep
|turn|5
|
|t:|1758269449
|switch|p2a: Moltres|Moltres|100/100
|move|p1a: Garchomp|Scale Shot|p2a: Moltres
|-damage|p2a: Moltres|79/100
|-damage|p2a: Moltres|58/100
|-damage|p2a: Moltres|39/100
|-damage|p2a: Moltres|18/100
|-hitcount|p2a: Moltres|4
|-unboost|p1a: Garchomp|def|1
|-boost|p1a: Garchomp|spe|1
|
|upkeep
|turn|6
|
|t:|1758269468
|-terastallize|p2a: Moltres|Fairy
|move|p1a: Garchomp|Iron Head|p2a: Moltres
|-supereffective|p2a: Moltres
|-damage|p2a: Moltres|0 fnt
|-status|p1a: Garchomp|brn|[from] ability: Flame Body|[of] p2a: Moltres
|faint|p2a: Moltres
|
|-damage|p1a: Garchomp|94/100 brn|[from] brn
|upkeep
|
|t:|1758269476
|switch|p2a: Dondozo|Dondozo, F|100/100
|turn|7
|
|t:|1758269483
|switch|p1a: Rotom|Rotom-Frost|100/100
|-damage|p1a: Rotom|76/100|[from] Stealth Rock
|move|p2a: Dondozo|Curse|p2a: Dondozo
|-unboost|p2a: Dondozo|spe|1
|-boost|p2a: Dondozo|atk|1
|-boost|p2a: Dondozo|def|1
|
|upkeep
|turn|8
|
|t:|1758269487
|move|p1a: Rotom|Trick|p2a: Dondozo
|-activate|p1a: Rotom|move: Trick|[of] p2a: Dondozo
|-item|p2a: Dondozo|Choice Scarf|[from] move: Trick
|-item|p1a: Rotom|Heavy-Duty Boots|[from] move: Trick
|move|p2a: Dondozo|Body Press|p1a: Rotom
|-supereffective|p1a: Rotom
|-damage|p1a: Rotom|0 fnt
|faint|p1a: Rotom
|
|upkeep
|
|t:|1758269499
|switch|p1a: Ceruledge|Ceruledge, M|100/100
|-damage|p1a: Ceruledge|76/100|[from] Stealth Rock
|turn|9
|
|t:|1758269503
|switch|p2a: Toxapex|Toxapex, M|100/100
|move|p1a: Ceruledge|Poltergeist|p2a: Toxapex
|-activate|p2a: Toxapex|move: Poltergeist|Heavy-Duty Boots
|-damage|p2a: Toxapex|49/100
|-damage|p1a: Ceruledge|66/100|[from] item: Life Orb
|
|upkeep
|turn|10
|
|t:|1758269511
|switch|p2a: Dondozo|Dondozo, F|100/100
|move|p1a: Ceruledge|Poltergeist|p2a: Dondozo
|-activate|p2a: Dondozo|move: Poltergeist|Choice Scarf
|-damage|p2a: Dondozo|63/100
|-damage|p1a: Ceruledge|56/100|[from] item: Life Orb
|
|upkeep
|turn|11
|
|t:|1758269519
|switch|p1a: Garchomp|Garchomp, F|94/100 brn
|-damage|p1a: Garchomp|88/100 brn|[from] Stealth Rock
|move|p2a: Dondozo|Waterfall|p1a: Garchomp
|-damage|p1a: Garchomp|64/100 brn
|-damage|p2a: Dondozo|51/100|[from] ability: Rough Skin|[of] p1a: Garchomp
|
|-damage|p1a: Garchomp|58/100 brn|[from] brn
|upkeep
|turn|12
|
|t:|1758269529
|switch|p2a: Gliscor|Gliscor, F|100/100 tox
|move|p1a: Garchomp|Swords Dance|p1a: Garchomp
|-boost|p1a: Garchomp|atk|2
|
|-damage|p1a: Garchomp|51/100 brn|[from] brn
|upkeep
|turn|13
|
|t:|1758269535
|move|p1a: Garchomp|Scale Shot|p2a: Gliscor
|-damage|p2a: Gliscor|92/100 tox
|-damage|p2a: Gliscor|84/100 tox
|-damage|p2a: Gliscor|75/100 tox
|-damage|p2a: Gliscor|67/100 tox
|-damage|p2a: Gliscor|58/100 tox
|-hitcount|p2a: Gliscor|5
|-unboost|p1a: Garchomp|def|1
|-boost|p1a: Garchomp|spe|1
|move|p2a: Gliscor|Spikes|p1a: Garchomp
|-sidestart|p1: Jon Mateo|Spikes
|
|-heal|p2a: Gliscor|70/100 tox|[from] ability: Poison Heal
|-damage|p1a: Garchomp|45/100 brn|[from] brn
|upkeep
|turn|14
|
|t:|1758269545
|move|p2a: Gliscor|Protect|p2a: Gliscor
|-singleturn|p2a: Gliscor|Protect
|move|p1a: Garchomp|Swords Dance|p1a: Garchomp
|-boost|p1a: Garchomp|atk|2
|
|-heal|p2a: Gliscor|83/100 tox|[from] ability: Poison Heal
|-damage|p1a: Garchomp|39/100 brn|[from] brn
|upkeep
|turn|15
|
|t:|1758269547
|move|p1a: Garchomp|Scale Shot|p2a: Gliscor
|-damage|p2a: Gliscor|69/100 tox
|-damage|p2a: Gliscor|56/100 tox
|-damage|p2a: Gliscor|44/100 tox
|-damage|p2a: Gliscor|30/100 tox
|-hitcount|p2a: Gliscor|4
|-unboost|p1a: Garchomp|def|1
|-boost|p1a: Garchomp|spe|1
|move|p2a: Gliscor|Earthquake|p1a: Garchomp
|-damage|p1a: Garchomp|0 fnt
|faint|p1a: Garchomp
|
|-heal|p2a: Gliscor|43/100 tox|[from] ability: Poison Heal
|upkeep
|
|t:|1758269559
|switch|p1a: Gardevoir|Gardevoir, F|82/100 tox
|-damage|p1a: Gardevoir|70/100 tox|[from] Stealth Rock
|-damage|p1a: Gardevoir|58/100 tox|[from] Spikes
|turn|16
|
|t:|1758269571
|switch|p2a: Cresselia|Cresselia, F|100/100
|move|p1a: Gardevoir|Moonblast|p2a: Cresselia
|-damage|p2a: Cresselia|71/100
|
|-damage|p1a: Gardevoir|51/100 tox|[from] psn
|upkeep
|turn|17
|
|t:|1758269577
|switch|p1a: Lokix|Lokix, M|100/100
|-damage|p1a: Lokix|76/100|[from] Stealth Rock
|-damage|p1a: Lokix|63/100|[from] Spikes
|move|p2a: Cresselia|Moonblast|p1a: Lokix
|-supereffective|p1a: Lokix
|-crit|p1a: Lokix
|-damage|p1a: Lokix|0 fnt
|faint|p1a: Lokix
|
|upkeep
|
|t:|1758269585
|switch|p1a: Quaquaval|Quaquaval, M|100/100
|-damage|p1a: Quaquaval|94/100|[from] Stealth Rock
|-damage|p1a: Quaquaval|82/100|[from] Spikes
|turn|18
|
|t:|1758269591
|-terastallize|p1a: Quaquaval|Water
|move|p1a: Quaquaval|Aqua Step|p2a: Cresselia
|-damage|p2a: Cresselia|21/100
|-boost|p1a: Quaquaval|spe|1
|move|p2a: Cresselia|Moonblast|p1a: Quaquaval
|-damage|p1a: Quaquaval|59/100
|-unboost|p1a: Quaquaval|spa|1
|
|upkeep
|turn|19
|
|t:|1758269610
|switch|p2a: Toxapex|Toxapex, M|82/100
|move|p1a: Quaquaval|Aqua Step|p2a: Toxapex
|-resisted|p2a: Toxapex
|-damage|p2a: Toxapex|55/100
|-boost|p1a: Quaquaval|spe|1
|
|upkeep
|turn|20
|inactive|Jon Mateo has 120 seconds left.
|
|t:|1758269646
|move|p1a: Quaquaval|Aqua Step|p2a: Toxapex
|-resisted|p2a: Toxapex
|-damage|p2a: Toxapex|28/100
|-boost|p1a: Quaquaval|spe|1
|move|p2a: Toxapex|Recover|p2a: Toxapex
|-heal|p2a: Toxapex|78/100
|
|upkeep
|turn|21
|
|t:|1758269654
|move|p1a: Quaquaval|Aqua Step|p2a: Toxapex
|-resisted|p2a: Toxapex
|-damage|p2a: Toxapex|53/100
|-boost|p1a: Quaquaval|spe|1
|move|p2a: Toxapex|Poison Jab|p1a: Quaquaval
|-damage|p1a: Quaquaval|37/100
|-status|p1a: Quaquaval|psn
|
|-damage|p1a: Quaquaval|24/100 psn|[from] psn
|upkeep
|turn|22
|
|t:|1758269657
|switch|p1a: Ceruledge|Ceruledge, M|56/100
|-damage|p1a: Ceruledge|31/100|[from] Stealth Rock
|-damage|p1a: Ceruledge|19/100|[from] Spikes
|move|p2a: Toxapex|Recover|p2a: Toxapex
|-heal|p2a: Toxapex|100/100
|
|upkeep
|turn|23
|
|t:|1758269662
|move|p1a: Ceruledge|Poltergeist|p2a: Toxapex
|-activate|p2a: Toxapex|move: Poltergeist|Heavy-Duty Boots
|-damage|p2a: Toxapex|56/100
|-damage|p1a: Ceruledge|9/100|[from] item: Life Orb
|move|p2a: Toxapex|Toxic|p1a: Ceruledge
|-status|p1a: Ceruledge|tox
|
|-damage|p1a: Ceruledge|3/100 tox|[from] psn
|upkeep
|turn|24
|
|t:|1758269667
|move|p1a: Ceruledge|Poltergeist|p2a: Toxapex
|-activate|p2a: Toxapex|move: Poltergeist|Heavy-Duty Boots
|-damage|p2a: Toxapex|5/100
|-damage|p1a: Ceruledge|0 fnt|[from] item: Life Orb
|faint|p1a: Ceruledge
|move|p2a: Toxapex|Recover|p2a: Toxapex
|-heal|p2a: Toxapex|56/100
|
|upkeep
|-message|Jon Mateo forfeited.
|
|win|Mouton Sheep
|raw|Jon Mateo's rating: 1316 &rarr; <strong>1295</strong><br />(-21 for losing)
|raw|Mouton Sheep's rating: 1298 &rarr; <strong>1324</strong><br />(+26 for winning)
|l|☆Jon Mateo
|player|p1|
