|j|☆ayudame1
|j|☆PokePlayerBR
|t:|1758305994
|gametype|singles
|player|p1|ayudame1|fisherman-gen4|1216
|player|p2|PokePlayerBR|lucas-gen4pt|1194
|gen|9
|tier|[Gen 9] OU
|rated|
|rule|HP Percentage Mod: HP is shown in percentages
|rule|Endless Battle Clause: Forcing endless battles is banned
|rule|Species Clause: Limit one of each Pokémon
|rule|OHKO Clause: OHKO moves are banned
|rule|Evasion Items Clause: Evasion items are banned
|rule|Evasion Moves Clause: Evasion moves are banned
|rule|Evasion Abilities Clause: Evasion abilities are banned
|rule|Sleep Moves Clause: Sleep-inducing moves are banned
|clearpoke
|poke|p1|Kyurem|
|poke|p1|Corviknight, F|
|poke|p1|Ting-Lu|
|poke|p1|Dondozo, M|
|poke|p1|Slowking-Galar, L99, F|
|poke|p1|Cinderace, M|
|poke|p2|Clefable, M|
|poke|p2|Dondozo, F|
|poke|p2|Garganacl, F|
|poke|p2|Great Tusk|
|poke|p2|Raging Bolt|
|poke|p2|Kyurem|
|teampreview
|
|t:|1758306018
|teamsize|p1|6
|teamsize|p2|6
|start
|switch|p1a: Ting-Lu|Ting-Lu|100/100
|switch|p2a: Sandy & JR|Garganacl, F|100/100
|-ability|p1a: Ting-Lu|Vessel of Ruin
|turn|1
|inactive|Battle timer is ON: inactive players will automatically lose when time's up. (requested by ayudame1)
|
|t:|1758306027
|move|p1a: Ting-Lu|Earthquake|p2a: Sandy & JR
|-supereffective|p2a: Sandy & JR
|-damage|p2a: Sandy & JR|50/100
|move|p2a: Sandy & JR|Stealth Rock|p1a: Ting-Lu
|-sidestart|p1: ayudame1|move: Stealth Rock
|
|-heal|p2a: Sandy & JR|56/100|[from] item: Leftovers
|upkeep
|turn|2
|
|t:|1758306038
|move|p2a: Sandy & JR|Recover|p2a: Sandy & JR
|-heal|p2a: Sandy & JR|100/100
|move|p1a: Ting-Lu|Whirlwind|p2a: Sandy & JR
|drag|p2a: Raging Bolt|Raging Bolt|100/100
|
|upkeep
|turn|3
|
|t:|1758306045
|move|p2a: Raging Bolt|Draco Meteor|p1a: Ting-Lu
|-damage|p1a: Ting-Lu|53/100
|-unboost|p2a: Raging Bolt|spa|2
|move|p1a: Ting-Lu|Earthquake|p2a: Raging Bolt
|-supereffective|p2a: Raging Bolt
|-damage|p2a: Raging Bolt|31/100
|
|-heal|p1a: Ting-Lu|59/100|[from] item: Leftovers
|upkeep
|turn|4
|
|t:|1758306063
|-end|p2a: Raging Bolt|Protosynthesis|[silent]
|switch|p2a: Star|Dondozo, F|100/100
|move|p1a: Ting-Lu|Whirlwind|p2a: Star
|drag|p2a: Raging Bolt|Raging Bolt|31/100
|
|-heal|p1a: Ting-Lu|65/100|[from] item: Leftovers
|upkeep
|turn|5
|
|t:|1758306071
|move|p2a: Raging Bolt|Volt Switch|p1a: Ting-Lu
|-immune|p1a: Ting-Lu
|move|p1a: Ting-Lu|Earthquake|p2a: Raging Bolt
|-supereffective|p2a: Raging Bolt
|-damage|p2a: Raging Bolt|0 fnt
|faint|p2a: Raging Bolt
|-end|p2a: Raging Bolt|Protosynthesis|[silent]
|
|-heal|p1a: Ting-Lu|72/100|[from] item: Leftovers
|upkeep
|
|t:|1758306080
|switch|p2a: Sandy & JR|Garganacl, F|100/100
|turn|6
|
|t:|1758306089
|move|p1a: Ting-Lu|Earthquake|p2a: Sandy & JR
|-supereffective|p2a: Sandy & JR
|-damage|p2a: Sandy & JR|50/100
|move|p2a: Sandy & JR|Salt Cure|p1a: Ting-Lu
|-resisted|p1a: Ting-Lu
|-damage|p1a: Ting-Lu|68/100
|-start|p1a: Ting-Lu|Salt Cure
|
|-heal|p1a: Ting-Lu|74/100|[from] item: Leftovers
|-heal|p2a: Sandy & JR|56/100|[from] item: Leftovers
|-damage|p1a: Ting-Lu|62/100|[from] Salt Cure
|upkeep
|turn|7
|
|t:|1758306102
|switch|p1a: Slowking|Slowking-Galar, L99, F|100/100
|move|p2a: Sandy & JR|Recover|p2a: Sandy & JR
|-heal|p2a: Sandy & JR|100/100
|
|upkeep
|turn|8
|
|t:|1758306115
|move|p2a: Sandy & JR|Salt Cure|p1a: Slowking
|-damage|p1a: Slowking|86/100
|-start|p1a: Slowking|Salt Cure
|move|p1a: Slowking|Future Sight|p2a: Sandy & JR
|-start|p1a: Slowking|move: Future Sight
|
|-damage|p1a: Slowking|74/100|[from] Salt Cure
|upkeep
|turn|9
|
|t:|1758306122
|move|p2a: Sandy & JR|Salt Cure|p1a: Slowking
|-damage|p1a: Slowking|58/100
|-prepare|p1a: Slowking|Chilly Reception|[premajor]
|move|p1a: Slowking|Chilly Reception|p1a: Slowking
|-weather|Snowscape
|
|t:|1758306126
|switch|p1a: Kyurem|Kyurem|100/100|[from] Chilly Reception
|-damage|p1a: Kyurem|76/100|[from] Stealth Rock
|-ability|p1a: Kyurem|Pressure
|
|-weather|Snowscape|[upkeep]
|-heal|p1a: Kyurem|82/100|[from] item: Leftovers
|upkeep
|turn|10
|
|t:|1758306136
|switch|p2a: Pink Ball|Clefable, M|100/100
|move|p1a: Kyurem|Substitute|p1a: Kyurem
|-start|p1a: Kyurem|Substitute
|-damage|p1a: Kyurem|57/100
|
|-weather|Snowscape|[upkeep]
|-end|p2a: Pink Ball|move: Future Sight
|-damage|p2a: Pink Ball|73/100
|-heal|p1a: Kyurem|63/100|[from] item: Leftovers
|-heal|p2a: Pink Ball|79/100|[from] item: Leftovers
|upkeep
|turn|11
|inactive|ayudame1 has 120 seconds left.
|
|t:|1758306168
|move|p1a: Kyurem|Protect|p1a: Kyurem
|-singleturn|p1a: Kyurem|Protect
|move|p2a: Pink Ball|Knock Off|p1a: Kyurem
|-activate|p1a: Kyurem|move: Protect
|
|-weather|Snowscape|[upkeep]
|-heal|p1a: Kyurem|69/100|[from] item: Leftovers
|-heal|p2a: Pink Ball|85/100|[from] item: Leftovers
|upkeep
|turn|12
|
|t:|1758306179
|move|p1a: Kyurem|Earth Power|p2a: Pink Ball
|-damage|p2a: Pink Ball|65/100
|move|p2a: Pink Ball|Knock Off|p1a: Kyurem
|-activate|p1a: Kyurem|move: Substitute|[damage]
|
|-weather|Snowscape|[upkeep]
|-heal|p1a: Kyurem|75/100|[from] item: Leftovers
|-heal|p2a: Pink Ball|72/100|[from] item: Leftovers
|upkeep
|turn|13
|
|t:|1758306189
|move|p1a: Kyurem|Protect|p1a: Kyurem
|-singleturn|p1a: Kyurem|Protect
|move|p2a: Pink Ball|Knock Off|p1a: Kyurem
|-activate|p1a: Kyurem|move: Protect
|
|-weather|none
|-heal|p1a: Kyurem|82/100|[from] item: Leftovers
|-heal|p2a: Pink Ball|78/100|[from] item: Leftovers
|upkeep
|turn|14
|
|t:|1758306196
|move|p1a: Kyurem|Earth Power|p2a: Pink Ball
|-damage|p2a: Pink Ball|57/100
|-unboost|p2a: Pink Ball|spd|1
|move|p2a: Pink Ball|Knock Off|p1a: Kyurem
|-end|p1a: Kyurem|Substitute
|
|-heal|p1a: Kyurem|88/100|[from] item: Leftovers
|-heal|p2a: Pink Ball|63/100|[from] item: Leftovers
|upkeep
|turn|15
|
|t:|1758306206
|move|p1a: Kyurem|Substitute|p1a: Kyurem
|-start|p1a: Kyurem|Substitute
|-damage|p1a: Kyurem|63/100
|move|p2a: Pink Ball|Thunder Wave||[still]
|-fail|p2a: Pink Ball
|
|-heal|p1a: Kyurem|69/100|[from] item: Leftovers
|-heal|p2a: Pink Ball|70/100|[from] item: Leftovers
|upkeep
|turn|16
|
|t:|1758306215
|switch|p2a: Sandy & JR|Garganacl, F|100/100
|move|p1a: Kyurem|Protect||[still]
|-fail|p1a: Kyurem
|
|-heal|p1a: Kyurem|75/100|[from] item: Leftovers
|upkeep
|turn|17
|
|t:|1758306231
|-terastallize|p2a: Sandy & JR|Water
|move|p1a: Kyurem|Earth Power|p2a: Sandy & JR
|-damage|p2a: Sandy & JR|79/100
|move|p2a: Sandy & JR|Earthquake|p1a: Kyurem
|-activate|p1a: Kyurem|move: Substitute|[damage]
|
|-heal|p1a: Kyurem|81/100|[from] item: Leftovers
|-heal|p2a: Sandy & JR|85/100|[from] item: Leftovers
|upkeep
|turn|18
|
|t:|1758306240
|move|p1a: Kyurem|Protect|p1a: Kyurem
|-singleturn|p1a: Kyurem|Protect
|move|p2a: Sandy & JR|Earthquake|p1a: Kyurem
|-activate|p1a: Kyurem|move: Protect
|
|-heal|p1a: Kyurem|87/100|[from] item: Leftovers
|-heal|p2a: Sandy & JR|91/100|[from] item: Leftovers
|upkeep
|turn|19
|
|t:|1758306247
|move|p1a: Kyurem|Earth Power|p2a: Sandy & JR
|-damage|p2a: Sandy & JR|69/100
|move|p2a: Sandy & JR|Earthquake|p1a: Kyurem
|-crit|p1a: Kyurem
|-end|p1a: Kyurem|Substitute
|
|-heal|p1a: Kyurem|94/100|[from] item: Leftovers
|-heal|p2a: Sandy & JR|75/100|[from] item: Leftovers
|upkeep
|turn|20
|
|t:|1758306255
|move|p1a: Kyurem|Substitute|p1a: Kyurem
|-start|p1a: Kyurem|Substitute
|-damage|p1a: Kyurem|69/100
|move|p2a: Sandy & JR|Salt Cure|p1a: Kyurem
|-supereffective|p1a: Kyurem
|-end|p1a: Kyurem|Substitute
|
|-heal|p1a: Kyurem|75/100|[from] item: Leftovers
|-heal|p2a: Sandy & JR|81/100|[from] item: Leftovers
|upkeep
|turn|21
|
|t:|1758306263
|move|p1a: Kyurem|Protect|p1a: Kyurem
|-singleturn|p1a: Kyurem|Protect
|move|p2a: Sandy & JR|Earthquake|p1a: Kyurem
|-activate|p1a: Kyurem|move: Protect
|
|-heal|p1a: Kyurem|81/100|[from] item: Leftovers
|-heal|p2a: Sandy & JR|88/100|[from] item: Leftovers
|upkeep
|turn|22
|
|t:|1758306269
|move|p1a: Kyurem|Substitute|p1a: Kyurem
|-start|p1a: Kyurem|Substitute
|-damage|p1a: Kyurem|56/100
|move|p2a: Sandy & JR|Earthquake|p1a: Kyurem
|-activate|p1a: Kyurem|move: Substitute|[damage]
|
|-heal|p1a: Kyurem|62/100|[from] item: Leftovers
|-heal|p2a: Sandy & JR|94/100|[from] item: Leftovers
|upkeep
|turn|23
|
|t:|1758306277
|move|p1a: Kyurem|Protect|p1a: Kyurem
|-singleturn|p1a: Kyurem|Protect
|move|p2a: Sandy & JR|Earthquake|p1a: Kyurem
|-activate|p1a: Kyurem|move: Protect
|
|-heal|p1a: Kyurem|69/100|[from] item: Leftovers
|-heal|p2a: Sandy & JR|99/100|[from] item: Leftovers
|upkeep
|turn|24
|
|t:|1758306284
|move|p1a: Kyurem|Earth Power|p2a: Sandy & JR
|-damage|p2a: Sandy & JR|77/100
|move|p2a: Sandy & JR|Earthquake|p1a: Kyurem
|-end|p1a: Kyurem|Substitute
|
|-heal|p1a: Kyurem|75/100|[from] item: Leftovers
|-heal|p2a: Sandy & JR|84/100|[from] item: Leftovers
|upkeep
|turn|25
|
|t:|1758306307
|move|p1a: Kyurem|Substitute|p1a: Kyurem
|-start|p1a: Kyurem|Substitute
|-damage|p1a: Kyurem|50/100
|move|p2a: Sandy & JR|Salt Cure|p1a: Kyurem
|-supereffective|p1a: Kyurem
|-end|p1a: Kyurem|Substitute
|
|-heal|p1a: Kyurem|56/100|[from] item: Leftovers
|-heal|p2a: Sandy & JR|90/100|[from] item: Leftovers
|upkeep
|turn|26
|
|t:|1758306315
|move|p1a: Kyurem|Protect|p1a: Kyurem
|-singleturn|p1a: Kyurem|Protect
|move|p2a: Sandy & JR|Salt Cure|p1a: Kyurem
|-activate|p1a: Kyurem|move: Protect
|
|-heal|p1a: Kyurem|62/100|[from] item: Leftovers
|-heal|p2a: Sandy & JR|96/100|[from] item: Leftovers
|upkeep
|turn|27
|
|t:|1758306322
|move|p1a: Kyurem|Substitute|p1a: Kyurem
|-start|p1a: Kyurem|Substitute
|-damage|p1a: Kyurem|37/100
|move|p2a: Sandy & JR|Salt Cure|p1a: Kyurem
|-supereffective|p1a: Kyurem
|-crit|p1a: Kyurem
|-end|p1a: Kyurem|Substitute
|
|-heal|p1a: Kyurem|43/100|[from] item: Leftovers
|-heal|p2a: Sandy & JR|100/100|[from] item: Leftovers
|upkeep
|turn|28
|
|t:|1758306332
|move|p1a: Kyurem|Protect|p1a: Kyurem
|-singleturn|p1a: Kyurem|Protect
|move|p2a: Sandy & JR|Salt Cure|p1a: Kyurem
|-activate|p1a: Kyurem|move: Protect
|
|-heal|p1a: Kyurem|50/100|[from] item: Leftovers
|upkeep
|turn|29
|
|t:|1758306339
|move|p1a: Kyurem|Substitute|p1a: Kyurem
|-start|p1a: Kyurem|Substitute
|-damage|p1a: Kyurem|25/100
|move|p2a: Sandy & JR|Salt Cure|p1a: Kyurem
|-supereffective|p1a: Kyurem
|-end|p1a: Kyurem|Substitute
|
|-heal|p1a: Kyurem|31/100|[from] item: Leftovers
|upkeep
|turn|30
|
|t:|1758306346
|move|p1a: Kyurem|Protect|p1a: Kyurem
|-singleturn|p1a: Kyurem|Protect
|move|p2a: Sandy & JR|Stealth Rock||[still]
|-fail|p2a: Sandy & JR
|
|-heal|p1a: Kyurem|37/100|[from] item: Leftovers
|upkeep
|turn|31
|
|t:|1758306352
|move|p1a: Kyurem|Substitute|p1a: Kyurem
|-start|p1a: Kyurem|Substitute
|-damage|p1a: Kyurem|12/100
|move|p2a: Sandy & JR|Salt Cure|p1a: Kyurem
|-supereffective|p1a: Kyurem
|-end|p1a: Kyurem|Substitute
|
|-heal|p1a: Kyurem|18/100|[from] item: Leftovers
|upkeep
|turn|32
|
|t:|1758306368
|move|p1a: Kyurem|Protect|p1a: Kyurem
|-singleturn|p1a: Kyurem|Protect
|move|p2a: Sandy & JR|Salt Cure|p1a: Kyurem
|-activate|p1a: Kyurem|move: Protect
|
|-heal|p1a: Kyurem|25/100|[from] item: Leftovers
|upkeep
|turn|33
|
|t:|1758306375
|move|p1a: Kyurem|Scale Shot|p2a: Sandy & JR
|-damage|p2a: Sandy & JR|93/100
|-damage|p2a: Sandy & JR|85/100
|-hitcount|p2a: Sandy & JR|2
|-unboost|p1a: Kyurem|def|1
|-boost|p1a: Kyurem|spe|1
|move|p2a: Sandy & JR|Salt Cure|p1a: Kyurem
|-supereffective|p1a: Kyurem
|-crit|p1a: Kyurem
|-damage|p1a: Kyurem|0 fnt
|faint|p1a: Kyurem
|
|-heal|p2a: Sandy & JR|92/100|[from] item: Leftovers
|upkeep
|
|t:|1758306383
|switch|p1a: Slowking|Slowking-Galar, L99, F|92/100
|turn|34
|
|t:|1758306393
|move|p2a: Sandy & JR|Salt Cure|p1a: Slowking
|-damage|p1a: Slowking|77/100
|-start|p1a: Slowking|Salt Cure
|move|p1a: Slowking|Future Sight|p2a: Sandy & JR
|-start|p1a: Slowking|move: Future Sight
|
|-heal|p2a: Sandy & JR|98/100|[from] item: Leftovers
|-damage|p1a: Slowking|65/100|[from] Salt Cure
|upkeep
|turn|35
|
|t:|1758306419
|move|p2a: Sandy & JR|Earthquake|p1a: Slowking
|-supereffective|p1a: Slowking
|-damage|p1a: Slowking|17/100
|-prepare|p1a: Slowking|Chilly Reception|[premajor]
|move|p1a: Slowking|Chilly Reception|p1a: Slowking
|-weather|Snowscape
|
|t:|1758306429
|switch|p1a: Cinderace|Cinderace, M|100/100|[from] Chilly Reception
|
|-weather|Snowscape|[upkeep]
|-heal|p2a: Sandy & JR|100/100|[from] item: Leftovers
|upkeep
|turn|36
|
|t:|1758306447
|move|p1a: Cinderace|U-turn|p2a: Sandy & JR
|-damage|p2a: Sandy & JR|89/100
|
|t:|1758306450
|switch|p1a: Corviknight|Corviknight, F|100/100|[from] U-turn
|-damage|p1a: Corviknight|88/100|[from] Stealth Rock
|-ability|p1a: Corviknight|Pressure
|move|p2a: Sandy & JR|Earthquake|p1a: Corviknight
|-immune|p1a: Corviknight
|
|-weather|Snowscape|[upkeep]
|-end|p2a: Sandy & JR|move: Future Sight
|-damage|p2a: Sandy & JR|59/100
|-heal|p2a: Sandy & JR|65/100|[from] item: Leftovers
|upkeep
|turn|37
|
|t:|1758306462
|move|p1a: Corviknight|U-turn|p2a: Sandy & JR
|-damage|p2a: Sandy & JR|56/100
|
|t:|1758306469
|switch|p1a: Cinderace|Cinderace, M|100/100|[from] U-turn
|move|p2a: Sandy & JR|Salt Cure|p1a: Cinderace
|-supereffective|p1a: Cinderace
|-damage|p1a: Cinderace|70/100
|-start|p1a: Cinderace|Salt Cure
|
|-weather|Snowscape|[upkeep]
|-heal|p2a: Sandy & JR|62/100|[from] item: Leftovers
|-damage|p1a: Cinderace|58/100|[from] Salt Cure
|upkeep
|turn|38
|
|t:|1758306483
|switch|p2a: Great Tusk|Great Tusk|100/100
|move|p1a: Cinderace|U-turn|p2a: Great Tusk
|-resisted|p2a: Great Tusk
|-damage|p2a: Great Tusk|94/100
|
|t:|1758306487
|switch|p1a: Dondozo|Dondozo, M|100/100|[from] U-turn
|-damage|p1a: Dondozo|88/100|[from] Stealth Rock
|
|-weather|Snowscape|[upkeep]
|-heal|p1a: Dondozo|94/100|[from] item: Leftovers
|upkeep
|turn|39
|
|t:|1758306500
|-end|p2a: Great Tusk|Protosynthesis|[silent]
|switch|p2a: Pink Ball|Clefable, M|70/100
|move|p1a: Dondozo|Waterfall|p2a: Pink Ball
|-damage|p2a: Pink Ball|41/100
|
|-weather|none
|-heal|p2a: Pink Ball|47/100|[from] item: Leftovers
|-heal|p1a: Dondozo|100/100|[from] item: Leftovers
|upkeep
|turn|40
|
|t:|1758306511
|switch|p1a: Corviknight|Corviknight, F|88/100
|-damage|p1a: Corviknight|76/100|[from] Stealth Rock
|-ability|p1a: Corviknight|Pressure
|move|p2a: Pink Ball|Thunder Wave|p1a: Corviknight
|-status|p1a: Corviknight|par
|
|-heal|p2a: Pink Ball|53/100|[from] item: Leftovers
|upkeep
|turn|41
|
|t:|1758306525
|move|p2a: Pink Ball|Moonlight|p2a: Pink Ball
|-heal|p2a: Pink Ball|100/100
|move|p1a: Corviknight|U-turn|p2a: Pink Ball
|-resisted|p2a: Pink Ball
|-damage|p2a: Pink Ball|93/100
|
|t:|1758306533
|switch|p1a: Cinderace|Cinderace, M|58/100|[from] U-turn
|
|-heal|p2a: Pink Ball|99/100|[from] item: Leftovers
|upkeep
|turn|42
|
|t:|1758306548
|switch|p2a: Star|Dondozo, F|100/100
|move|p1a: Cinderace|Court Change|p1a: Cinderace
|-swapsideconditions
|-activate|p1a: Cinderace|move: Court Change
|
|upkeep
|turn|43
|
|t:|1758306558
|switch|p1a: Dondozo|Dondozo, M|100/100
|switch|p2a: Sandy & JR|Garganacl, F, tera:Water|62/100
|-damage|p2a: Sandy & JR|50/100|[from] Stealth Rock
|
|-heal|p2a: Sandy & JR|56/100|[from] item: Leftovers
|upkeep
|turn|44
|
|t:|1758306566
|switch|p1a: Slowking|Slowking-Galar, L99, F|50/100
|move|p2a: Sandy & JR|Stealth Rock|p1a: Slowking
|-sidestart|p1: ayudame1|move: Stealth Rock
|
|-heal|p2a: Sandy & JR|62/100|[from] item: Leftovers
|upkeep
|turn|45
|
|t:|1758306573
|move|p2a: Sandy & JR|Salt Cure|p1a: Slowking
|-damage|p1a: Slowking|36/100
|-start|p1a: Slowking|Salt Cure
|move|p1a: Slowking|Future Sight|p2a: Sandy & JR
|-start|p1a: Slowking|move: Future Sight
|
|-heal|p2a: Sandy & JR|68/100|[from] item: Leftovers
|-damage|p1a: Slowking|23/100|[from] Salt Cure
|upkeep
|turn|46
|
|t:|1758306583
|switch|p2a: Great Tusk|Great Tusk|94/100
|switch|p1a: Corviknight|Corviknight, F|76/100 par
|-damage|p1a: Corviknight|64/100 par|[from] Stealth Rock
|-ability|p1a: Corviknight|Pressure
|
|upkeep
|turn|47
|
|t:|1758306594
|move|p2a: Great Tusk|Knock Off|p1a: Corviknight
|-damage|p1a: Corviknight|47/100 par
|-damage|p2a: Great Tusk|78/100|[from] item: Rocky Helmet|[of] p1a: Corviknight
|-enditem|p1a: Corviknight|Rocky Helmet|[from] move: Knock Off|[of] p2a: Great Tusk
|move|p1a: Corviknight|Brave Bird|p2a: Great Tusk
|-supereffective|p2a: Great Tusk
|-damage|p2a: Great Tusk|34/100
|-damage|p1a: Corviknight|31/100 par|[from] Recoil
|
|-end|p2a: Great Tusk|move: Future Sight
|-supereffective|p2a: Great Tusk
|-damage|p2a: Great Tusk|0 fnt
|faint|p2a: Great Tusk
|-end|p2a: Great Tusk|Protosynthesis|[silent]
|upkeep
|
|t:|1758306618
|switch|p2a: Pink Ball|Clefable, M|99/100
|-damage|p2a: Pink Ball|87/100|[from] Stealth Rock
|turn|48
|
|t:|1758306627
|move|p2a: Pink Ball|Knock Off|p1a: Corviknight
|-damage|p1a: Corviknight|25/100 par
|cant|p1a: Corviknight|par
|
|-heal|p2a: Pink Ball|93/100|[from] item: Leftovers
|upkeep
|turn|49
|
|t:|1758306641
|switch|p2a: Sandy & JR|Garganacl, F, tera:Water|68/100
|-damage|p2a: Sandy & JR|56/100|[from] Stealth Rock
|cant|p1a: Corviknight|par
|
|-heal|p2a: Sandy & JR|62/100|[from] item: Leftovers
|upkeep
|turn|50
|
|t:|1758306662
|switch|p2a: Star|Dondozo, F|100/100
|-damage|p2a: Star|88/100|[from] Stealth Rock
|move|p1a: Corviknight|Roost|p1a: Corviknight
|-heal|p1a: Corviknight|75/100 par
|-singleturn|p1a: Corviknight|move: Roost
|
|-heal|p2a: Star|94/100|[from] item: Leftovers
|upkeep
|turn|51
|
|t:|1758306670
|move|p2a: Star|Curse|p2a: Star
|-unboost|p2a: Star|spe|1
|-boost|p2a: Star|atk|1
|-boost|p2a: Star|def|1
|move|p1a: Corviknight|Defog|p2a: Star
|-unboost|p2a: Star|evasion|1
|-sideend|p2: PokePlayerBR|Stealth Rock|[from] move: Defog|[of] p1a: Corviknight
|-sideend|p1: ayudame1|Stealth Rock|[from] move: Defog|[of] p1a: Corviknight
|
|-heal|p2a: Star|99/100|[from] item: Leftovers
|upkeep
|turn|52
|
|t:|1758306679
|switch|p1a: Dondozo|Dondozo, M|100/100
|move|p2a: Star|Curse|p2a: Star
|-unboost|p2a: Star|spe|1
|-boost|p2a: Star|atk|1
|-boost|p2a: Star|def|1
|
|-heal|p2a: Star|100/100|[from] item: Leftovers
|upkeep
|turn|53
|
|t:|1758306687
|move|p1a: Dondozo|Curse|p1a: Dondozo
|-unboost|p1a: Dondozo|spe|1
|-boost|p1a: Dondozo|atk|1
|-boost|p1a: Dondozo|def|1
|move|p2a: Star|Curse|p2a: Star
|-unboost|p2a: Star|spe|1
|-boost|p2a: Star|atk|1
|-boost|p2a: Star|def|1
|
|upkeep
|turn|54
|
|t:|1758306696
|move|p1a: Dondozo|Curse|p1a: Dondozo
|-unboost|p1a: Dondozo|spe|1
|-boost|p1a: Dondozo|atk|1
|-boost|p1a: Dondozo|def|1
|move|p2a: Star|Curse|p2a: Star
|-unboost|p2a: Star|spe|1
|-boost|p2a: Star|atk|1
|-boost|p2a: Star|def|1
|
|upkeep
|turn|55
|
|t:|1758306705
|switch|p2a: Kyurem|Kyurem|100/100
|-ability|p2a: Kyurem|Pressure
|move|p1a: Dondozo|Curse|p1a: Dondozo
|-unboost|p1a: Dondozo|spe|1
|-boost|p1a: Dondozo|atk|1
|-boost|p1a: Dondozo|def|1
|
|upkeep
|turn|56
|
|t:|1758306722
|switch|p1a: Corviknight|Corviknight, F|75/100 par
|-ability|p1a: Corviknight|Pressure
|move|p2a: Kyurem|Freeze-Dry|p1a: Corviknight
|-damage|p1a: Corviknight|39/100 par
|
|upkeep
|turn|57
|
|t:|1758306733
|move|p2a: Kyurem|Freeze-Dry|p1a: Corviknight
|-damage|p1a: Corviknight|0 fnt
|faint|p1a: Corviknight
|
|upkeep
|
|t:|1758306736
|switch|p1a: Cinderace|Cinderace, M|58/100
|turn|58
|
|t:|1758306748
|switch|p2a: Star|Dondozo, F|100/100
|move|p1a: Cinderace|Pyro Ball|p2a: Star
|-resisted|p2a: Star
|-damage|p2a: Star|91/100
|
|-heal|p2a: Star|97/100|[from] item: Leftovers
|upkeep
|turn|59
|
|t:|1758306760
|move|p1a: Cinderace|U-turn|p2a: Star
|-damage|p2a: Star|88/100
|
|t:|1758306763
|switch|p1a: Dondozo|Dondozo, M|100/100|[from] U-turn
|move|p2a: Star|Waterfall|p1a: Dondozo
|-resisted|p1a: Dondozo
|-damage|p1a: Dondozo|95/100
|
|-heal|p1a: Dondozo|100/100|[from] item: Leftovers
|-heal|p2a: Star|94/100|[from] item: Leftovers
|upkeep
|turn|60
|
|t:|1758306771
|switch|p2a: Kyurem|Kyurem|100/100
|-ability|p2a: Kyurem|Pressure
|move|p1a: Dondozo|Body Press|p2a: Kyurem
|-supereffective|p2a: Kyurem
|-damage|p2a: Kyurem|46/100
|
|upkeep
|turn|61
|
|t:|1758306782
|switch|p1a: Cinderace|Cinderace, M|58/100
|move|p2a: Kyurem|Earth Power|p1a: Cinderace
|-supereffective|p1a: Cinderace
|-damage|p1a: Cinderace|0 fnt
|faint|p1a: Cinderace
|
|upkeep
|
|t:|1758306791
|switch|p1a: Dondozo|Dondozo, M|100/100
|turn|62
|
|t:|1758306796
|switch|p2a: Pink Ball|Clefable, M|93/100
|switch|p1a: Slowking|Slowking-Galar, L99, F|57/100
|
|-heal|p2a: Pink Ball|99/100|[from] item: Leftovers
|upkeep
|turn|63
|c|☆ayudame1|nice read
|
|t:|1758306804
|move|p2a: Pink Ball|Knock Off|p1a: Slowking
|-supereffective|p1a: Slowking
|-damage|p1a: Slowking|25/100
|-enditem|p1a: Slowking|Heavy-Duty Boots|[from] move: Knock Off|[of] p2a: Pink Ball
|move|p1a: Slowking|Future Sight|p2a: Pink Ball
|-start|p1a: Slowking|move: Future Sight
|
|-heal|p2a: Pink Ball|100/100|[from] item: Leftovers
|upkeep
|turn|64
|
|t:|1758306816
|switch|p1a: Ting-Lu|Ting-Lu|62/100
|-ability|p1a: Ting-Lu|Vessel of Ruin
|move|p2a: Pink Ball|Knock Off|p1a: Ting-Lu
|-resisted|p1a: Ting-Lu
|-crit|p1a: Ting-Lu
|-damage|p1a: Ting-Lu|56/100
|-enditem|p1a: Ting-Lu|Leftovers|[from] move: Knock Off|[of] p2a: Pink Ball
|
|upkeep
|turn|65
|
|t:|1758306834
|move|p2a: Pink Ball|Stealth Rock|p1a: Ting-Lu
|-sidestart|p1: ayudame1|move: Stealth Rock
|move|p1a: Ting-Lu|Earthquake|p2a: Pink Ball
|-damage|p2a: Pink Ball|56/100
|
|-end|p2a: Pink Ball|move: Future Sight
|-damage|p2a: Pink Ball|33/100
|-heal|p2a: Pink Ball|40/100|[from] item: Leftovers
|upkeep
|turn|66
|
|t:|1758306842
|move|p2a: Pink Ball|Moonlight|p2a: Pink Ball
|-heal|p2a: Pink Ball|90/100
|move|p1a: Ting-Lu|Earthquake|p2a: Pink Ball
|-damage|p2a: Pink Ball|49/100
|
|-heal|p2a: Pink Ball|55/100|[from] item: Leftovers
|upkeep
|turn|67
|
|t:|1758306849
|switch|p1a: Dondozo|Dondozo, M|100/100
|-damage|p1a: Dondozo|88/100|[from] Stealth Rock
|move|p2a: Pink Ball|Moonlight|p2a: Pink Ball
|-heal|p2a: Pink Ball|100/100
|
|-heal|p1a: Dondozo|94/100|[from] item: Leftovers
|upkeep
|turn|68
|
|t:|1758306857
|switch|p1a: Slowking|Slowking-Galar, L99, F|58/100
|-damage|p1a: Slowking|46/100|[from] Stealth Rock
|move|p2a: Pink Ball|Thunder Wave|p1a: Slowking
|-status|p1a: Slowking|par
|
|upkeep
|turn|69
|
|t:|1758306866
|move|p2a: Pink Ball|Knock Off|p1a: Slowking
|-supereffective|p1a: Slowking
|-damage|p1a: Slowking|24/100 par
|-prepare|p1a: Slowking|Chilly Reception|[premajor]
|cant|p1a: Slowking|par
|
|upkeep
|turn|70
|
|t:|1758306871
|switch|p1a: Ting-Lu|Ting-Lu|56/100
|-damage|p1a: Ting-Lu|50/100|[from] Stealth Rock
|-ability|p1a: Ting-Lu|Vessel of Ruin
|move|p2a: Pink Ball|Knock Off|p1a: Ting-Lu
|-resisted|p1a: Ting-Lu
|-crit|p1a: Ting-Lu
|-damage|p1a: Ting-Lu|46/100
|
|upkeep
|turn|71
|
|t:|1758306888
|switch|p2a: Star|Dondozo, F|94/100
|move|p1a: Ting-Lu|Earthquake|p2a: Star
|-damage|p2a: Star|79/100
|
|-heal|p2a: Star|85/100|[from] item: Leftovers
|upkeep
|turn|72
|
|t:|1758306900
|switch|p1a: Dondozo|Dondozo, M|94/100
|-damage|p1a: Dondozo|82/100|[from] Stealth Rock
|move|p2a: Star|Waterfall|p1a: Dondozo
|-resisted|p1a: Dondozo
|-crit|p1a: Dondozo
|-damage|p1a: Dondozo|73/100
|
|-heal|p2a: Star|91/100|[from] item: Leftovers
|-heal|p1a: Dondozo|80/100|[from] item: Leftovers
|upkeep
|turn|73
|
|t:|1758306912
|switch|p2a: Sandy & JR|Garganacl, F, tera:Water|62/100
|move|p1a: Dondozo|Waterfall|p2a: Sandy & JR
|-resisted|p2a: Sandy & JR
|-damage|p2a: Sandy & JR|53/100
|
|-heal|p1a: Dondozo|86/100|[from] item: Leftovers
|-heal|p2a: Sandy & JR|59/100|[from] item: Leftovers
|upkeep
|turn|74
|
|t:|1758306926
|switch|p1a: Slowking|Slowking-Galar, L99, F|58/100 par
|-damage|p1a: Slowking|45/100 par|[from] Stealth Rock
|switch|p2a: Pink Ball|Clefable, M|100/100
|
|upkeep
|turn|75
|
|t:|1758306933
|move|p2a: Pink Ball|Knock Off|p1a: Slowking
|-supereffective|p1a: Slowking
|-damage|p1a: Slowking|24/100 par
|move|p1a: Slowking|Sludge Bomb|p2a: Pink Ball
|-supereffective|p2a: Pink Ball
|-damage|p2a: Pink Ball|58/100
|
|-heal|p2a: Pink Ball|64/100|[from] item: Leftovers
|upkeep
|turn|76
|
|t:|1758306940
|switch|p1a: Dondozo|Dondozo, M|86/100
|-damage|p1a: Dondozo|73/100|[from] Stealth Rock
|move|p2a: Pink Ball|Knock Off|p1a: Dondozo
|-damage|p1a: Dondozo|67/100
|-enditem|p1a: Dondozo|Leftovers|[from] move: Knock Off|[of] p2a: Pink Ball
|
|-heal|p2a: Pink Ball|70/100|[from] item: Leftovers
|upkeep
|turn|77
|
|t:|1758306949
|move|p2a: Pink Ball|Thunder Wave|p1a: Dondozo
|-status|p1a: Dondozo|par
|move|p1a: Dondozo|Body Press|p2a: Pink Ball
|-resisted|p2a: Pink Ball
|-damage|p2a: Pink Ball|55/100
|
|-heal|p2a: Pink Ball|61/100|[from] item: Leftovers
|upkeep
|turn|78
|c|☆PokePlayerBR|gg
|
|t:|1758306959
|switch|p2a: Star|Dondozo, F|91/100
|move|p1a: Dondozo|Waterfall|p2a: Star
|-resisted|p2a: Star
|-damage|p2a: Star|85/100
|
|-heal|p2a: Star|92/100|[from] item: Leftovers
|upkeep
|turn|79
|
|t:|1758306966
|move|p2a: Star|Curse|p2a: Star
|-unboost|p2a: Star|spe|1
|-boost|p2a: Star|atk|1
|-boost|p2a: Star|def|1
|cant|p1a: Dondozo|par
|
|-heal|p2a: Star|98/100|[from] item: Leftovers
|upkeep
|turn|80
|
|t:|1758306974
|move|p2a: Star|Curse|p2a: Star
|-unboost|p2a: Star|spe|1
|-boost|p2a: Star|atk|1
|-boost|p2a: Star|def|1
|cant|p1a: Dondozo|par
|
|-heal|p2a: Star|100/100|[from] item: Leftovers
|upkeep
|turn|81
|
|t:|1758306981
|move|p1a: Dondozo|Curse|p1a: Dondozo
|-unboost|p1a: Dondozo|spe|1
|-boost|p1a: Dondozo|atk|1
|-boost|p1a: Dondozo|def|1
|move|p2a: Star|Curse|p2a: Star
|-unboost|p2a: Star|spe|1
|-boost|p2a: Star|atk|1
|-boost|p2a: Star|def|1
|
|upkeep
|turn|82
|
|t:|1758306990
|move|p2a: Star|Curse|p2a: Star
|-unboost|p2a: Star|spe|1
|-boost|p2a: Star|atk|1
|-boost|p2a: Star|def|1
|move|p1a: Dondozo|Curse|p1a: Dondozo
|-unboost|p1a: Dondozo|spe|1
|-boost|p1a: Dondozo|atk|1
|-boost|p1a: Dondozo|def|1
|
|upkeep
|turn|83
|
|t:|1758307002
|switch|p2a: Kyurem|Kyurem|46/100
|-ability|p2a: Kyurem|Pressure
|move|p1a: Dondozo|Curse|p1a: Dondozo
|-unboost|p1a: Dondozo|spe|1
|-boost|p1a: Dondozo|atk|1
|-boost|p1a: Dondozo|def|1
|
|upkeep
|turn|84
|
|t:|1758307016
|-terastallize|p1a: Dondozo|Dark
|move|p2a: Kyurem|Freeze-Dry|p1a: Dondozo
|-damage|p1a: Dondozo|27/100 par
|move|p1a: Dondozo|Body Press|p2a: Kyurem
|-supereffective|p2a: Kyurem
|-damage|p2a: Kyurem|0 fnt
|faint|p2a: Kyurem
|
|upkeep
|
|t:|1758307035
|switch|p2a: Star|Dondozo, F|100/100
|turn|85
|
|t:|1758307040
|move|p2a: Star|Waterfall|p1a: Dondozo
|-damage|p1a: Dondozo|15/100 par
|move|p1a: Dondozo|Rest|p1a: Dondozo
|-status|p1a: Dondozo|slp|[from] move: Rest
|-heal|p1a: Dondozo|100/100 slp|[silent]
|
|upkeep
|turn|86
|
|t:|1758307048
|move|p2a: Star|Curse|p2a: Star
|-unboost|p2a: Star|spe|1
|-boost|p2a: Star|atk|1
|-boost|p2a: Star|def|1
|cant|p1a: Dondozo|slp
|
|upkeep
|turn|87
|
|t:|1758307055
|move|p2a: Star|Curse|p2a: Star
|-unboost|p2a: Star|spe|1
|-boost|p2a: Star|atk|1
|-boost|p2a: Star|def|1
|cant|p1a: Dondozo|slp
|
|upkeep
|turn|88
|
|t:|1758307062
|move|p2a: Star|Curse|p2a: Star
|-unboost|p2a: Star|spe|1
|-boost|p2a: Star|atk|1
|-boost|p2a: Star|def|1
|-curestatus|p1a: Dondozo|slp|[msg]
|move|p1a: Dondozo|Curse|p1a: Dondozo
|-unboost|p1a: Dondozo|spe|1
|-boost|p1a: Dondozo|atk|1
|-boost|p1a: Dondozo|def|1
|
|upkeep
|turn|89
|
|t:|1758307072
|move|p2a: Star|Curse|p2a: Star
|-unboost|p2a: Star|spe|1
|-boost|p2a: Star|atk|1
|-boost|p2a: Star|def|1
|move|p1a: Dondozo|Curse|p1a: Dondozo
|-unboost|p1a: Dondozo|spe|1
|-boost|p1a: Dondozo|atk|1
|-boost|p1a: Dondozo|def|1
|
|upkeep
|turn|90
|
|t:|1758307084
|move|p2a: Star|Curse|p2a: Star
|-unboost|p2a: Star|spe|1
|-boost|p2a: Star|atk|1
|-boost|p2a: Star|def|1
|move|p1a: Dondozo|Curse|p1a: Dondozo
|-unboost|p1a: Dondozo|spe|1
|-boost|p1a: Dondozo|atk|1
|-boost|p1a: Dondozo|def|1
|
|upkeep
|turn|91
|inactive|PokePlayerBR has 120 seconds left.
|
|t:|1758307115
|switch|p2a: Sandy & JR|Garganacl, F, tera:Water|59/100
|move|p1a: Dondozo|Curse|p1a: Dondozo
|
|-heal|p2a: Sandy & JR|65/100|[from] item: Leftovers
|upkeep
|turn|92
|
|t:|1758307121
|move|p2a: Sandy & JR|Recover|p2a: Sandy & JR
|-heal|p2a: Sandy & JR|100/100
|move|p1a: Dondozo|Body Press|p2a: Sandy & JR
|-damage|p2a: Sandy & JR|34/100
|
|-heal|p2a: Sandy & JR|40/100|[from] item: Leftovers
|upkeep
|turn|93
|
|t:|1758307129
|move|p2a: Sandy & JR|Recover|p2a: Sandy & JR
|-heal|p2a: Sandy & JR|90/100
|move|p1a: Dondozo|Body Press|p2a: Sandy & JR
|-damage|p2a: Sandy & JR|20/100
|
|-heal|p2a: Sandy & JR|26/100|[from] item: Leftovers
|upkeep
|turn|94
|
|t:|1758307140
|move|p2a: Sandy & JR|Recover|p2a: Sandy & JR
|-heal|p2a: Sandy & JR|76/100
|move|p1a: Dondozo|Body Press|p2a: Sandy & JR
|-damage|p2a: Sandy & JR|0 fnt
|faint|p2a: Sandy & JR
|
|upkeep
|
|t:|1758307147
|switch|p2a: Pink Ball|Clefable, M|61/100
|turn|95
|
|t:|1758307151
|move|p2a: Pink Ball|Thunder Wave|p1a: Dondozo
|-status|p1a: Dondozo|par
|cant|p1a: Dondozo|par
|
|-heal|p2a: Pink Ball|67/100|[from] item: Leftovers
|upkeep
|turn|96
|
|t:|1758307158
|move|p2a: Pink Ball|Moonlight|p2a: Pink Ball
|-heal|p2a: Pink Ball|100/100
|move|p1a: Dondozo|Waterfall|p2a: Pink Ball
|-damage|p2a: Pink Ball|70/100
|
|-heal|p2a: Pink Ball|76/100|[from] item: Leftovers
|upkeep
|turn|97
|
|t:|1758307167
|move|p2a: Pink Ball|Knock Off|p1a: Dondozo
|-resisted|p1a: Dondozo
|-damage|p1a: Dondozo|98/100 par
|move|p1a: Dondozo|Waterfall|p2a: Pink Ball
|-damage|p2a: Pink Ball|47/100
|
|-heal|p2a: Pink Ball|53/100|[from] item: Leftovers
|upkeep
|turn|98
|
|t:|1758307174
|move|p2a: Pink Ball|Moonlight|p2a: Pink Ball
|-heal|p2a: Pink Ball|100/100
|move|p1a: Dondozo|Waterfall|p2a: Pink Ball
|-damage|p2a: Pink Ball|67/100
|
|-heal|p2a: Pink Ball|73/100|[from] item: Leftovers
|upkeep
|turn|99
|
|t:|1758307186
|switch|p1a: Slowking|Slowking-Galar, L99, F|58/100 par
|-damage|p1a: Slowking|45/100 par|[from] Stealth Rock
|move|p2a: Pink Ball|Knock Off|p1a: Slowking
|-supereffective|p1a: Slowking
|-damage|p1a: Slowking|25/100 par
|
|-heal|p2a: Pink Ball|79/100|[from] item: Leftovers
|upkeep
|turn|100
|
|t:|1758307194
|switch|p1a: Ting-Lu|Ting-Lu|46/100
|-damage|p1a: Ting-Lu|40/100|[from] Stealth Rock
|-ability|p1a: Ting-Lu|Vessel of Ruin
|move|p2a: Pink Ball|Knock Off|p1a: Ting-Lu
|-resisted|p1a: Ting-Lu
|-damage|p1a: Ting-Lu|37/100
|
|-heal|p2a: Pink Ball|85/100|[from] item: Leftovers
|upkeep
|turn|101
|
|t:|1758307206
|switch|p2a: Star|Dondozo, F|100/100
|move|p1a: Ting-Lu|Rest|p1a: Ting-Lu
|-status|p1a: Ting-Lu|slp|[from] move: Rest
|-heal|p1a: Ting-Lu|100/100 slp|[silent]
|
|upkeep
|turn|102
|
|t:|1758307215
|cant|p1a: Ting-Lu|slp
|move|p1a: Ting-Lu|Sleep Talk|p1a: Ting-Lu
|move|p1a: Ting-Lu|Earthquake|p2a: Star|[from] move: Sleep Talk
|-damage|p2a: Star|84/100
|move|p2a: Star|Curse|p2a: Star
|-unboost|p2a: Star|spe|1
|-boost|p2a: Star|atk|1
|-boost|p2a: Star|def|1
|
|-heal|p2a: Star|91/100|[from] item: Leftovers
|upkeep
|turn|103
|
|t:|1758307225
|cant|p1a: Ting-Lu|slp
|move|p1a: Ting-Lu|Sleep Talk|p1a: Ting-Lu
|move|p1a: Ting-Lu|Whirlwind|p2a: Star|[from] move: Sleep Talk
|drag|p2a: Pink Ball|Clefable, M|85/100
|
|-heal|p2a: Pink Ball|91/100|[from] item: Leftovers
|upkeep
|turn|104
|
|t:|1758307234
|switch|p2a: Star|Dondozo, F|91/100
|-curestatus|p1a: Ting-Lu|slp|[msg]
|move|p1a: Ting-Lu|Whirlwind|p2a: Star
|drag|p2a: Pink Ball|Clefable, M|91/100
|
|-heal|p2a: Pink Ball|97/100|[from] item: Leftovers
|upkeep
|turn|105
|
|t:|1758307243
|switch|p2a: Star|Dondozo, F|91/100
|move|p1a: Ting-Lu|Earthquake|p2a: Star
|-crit|p2a: Star
|-damage|p2a: Star|66/100
|
|-heal|p2a: Star|72/100|[from] item: Leftovers
|upkeep
|turn|106
|
|t:|1758307251
|switch|p1a: Slowking|Slowking-Galar, L99, F|58/100 par
|-damage|p1a: Slowking|46/100 par|[from] Stealth Rock
|move|p2a: Star|Curse|p2a: Star
|-unboost|p2a: Star|spe|1
|-boost|p2a: Star|atk|1
|-boost|p2a: Star|def|1
|
|-heal|p2a: Star|78/100|[from] item: Leftovers
|upkeep
|turn|107
|
|t:|1758307263
|switch|p1a: Dondozo|Dondozo, M, tera:Dark|98/100 par
|-damage|p1a: Dondozo|86/100 par|[from] Stealth Rock
|move|p2a: Star|Waterfall|p1a: Dondozo
|-damage|p1a: Dondozo|73/100 par
|
|-heal|p2a: Star|84/100|[from] item: Leftovers
|upkeep
|turn|108
|
|t:|1758307281
|switch|p2a: Pink Ball|Clefable, M|97/100
|cant|p1a: Dondozo|par
|
|-heal|p2a: Pink Ball|100/100|[from] item: Leftovers
|upkeep
|turn|109
|
|t:|1758307291
|switch|p1a: Slowking|Slowking-Galar, L99, F|79/100 par
|-damage|p1a: Slowking|67/100 par|[from] Stealth Rock
|move|p2a: Pink Ball|Knock Off|p1a: Slowking
|-supereffective|p1a: Slowking
|-damage|p1a: Slowking|45/100 par
|
|upkeep
|turn|110
|
|t:|1758307299
|move|p2a: Pink Ball|Knock Off|p1a: Slowking
|-supereffective|p1a: Slowking
|-damage|p1a: Slowking|26/100 par
|move|p1a: Slowking|Toxic|p2a: Pink Ball
|-status|p2a: Pink Ball|tox
|
|-damage|p2a: Pink Ball|94/100 tox|[from] psn
|upkeep
|turn|111
|
|t:|1758307306
|switch|p1a: Ting-Lu|Ting-Lu|100/100
|-damage|p1a: Ting-Lu|94/100|[from] Stealth Rock
|-ability|p1a: Ting-Lu|Vessel of Ruin
|move|p2a: Pink Ball|Knock Off|p1a: Ting-Lu
|-resisted|p1a: Ting-Lu
|-damage|p1a: Ting-Lu|92/100
|
|-heal|p2a: Pink Ball|100/100 tox|[from] item: Leftovers
|-damage|p2a: Pink Ball|88/100 tox|[from] psn
|upkeep
|turn|112
|
|t:|1758307319
|switch|p2a: Star|Dondozo, F|84/100
|move|p1a: Ting-Lu|Earthquake|p2a: Star
|-damage|p2a: Star|69/100
|
|-heal|p2a: Star|75/100|[from] item: Leftovers
|upkeep
|turn|113
|inactive|PokePlayerBR has 120 seconds left.
|
|t:|1758307331
|switch|p1a: Dondozo|Dondozo, M, tera:Dark|73/100 par
|-damage|p1a: Dondozo|61/100 par|[from] Stealth Rock
|move|p2a: Star|Curse|p2a: Star
|-unboost|p2a: Star|spe|1
|-boost|p2a: Star|atk|1
|-boost|p2a: Star|def|1
|
|-heal|p2a: Star|81/100|[from] item: Leftovers
|upkeep
|turn|114
|inactive|PokePlayerBR has 120 seconds left.
|
|t:|1758307349
|move|p2a: Star|Rest|p2a: Star
|-status|p2a: Star|slp|[from] move: Rest
|-heal|p2a: Star|100/100 slp|[silent]
|cant|p1a: Dondozo|par
|
|upkeep
|turn|115
|
|t:|1758307358
|switch|p1a: Ting-Lu|Ting-Lu|92/100
|-damage|p1a: Ting-Lu|85/100|[from] Stealth Rock
|-ability|p1a: Ting-Lu|Vessel of Ruin
|cant|p2a: Star|slp
|move|p2a: Star|Sleep Talk|p2a: Star
|move|p2a: Star|Waterfall|p1a: Ting-Lu|[from] move: Sleep Talk
|-supereffective|p1a: Ting-Lu
|-damage|p1a: Ting-Lu|44/100
|
|upkeep
|turn|116
|
|t:|1758307369
|cant|p2a: Star|slp
|move|p2a: Star|Sleep Talk|p2a: Star
|move|p2a: Star|Rest||[from] move: Sleep Talk|[still]
|-fail|p2a: Star
|move|p1a: Ting-Lu|Whirlwind|p2a: Star
|drag|p2a: Pink Ball|Clefable, M|88/100 tox
|
|-heal|p2a: Pink Ball|94/100 tox|[from] item: Leftovers
|-damage|p2a: Pink Ball|88/100 tox|[from] psn
|upkeep
|turn|117
|
|t:|1758307380
|switch|p2a: Star|Dondozo, F|100/100 slp
|move|p1a: Ting-Lu|Rest|p1a: Ting-Lu
|-status|p1a: Ting-Lu|slp|[from] move: Rest
|-heal|p1a: Ting-Lu|100/100 slp|[silent]
|
|upkeep
|turn|118
|
|t:|1758307386
|cant|p1a: Ting-Lu|slp
|move|p1a: Ting-Lu|Sleep Talk|p1a: Ting-Lu
|move|p1a: Ting-Lu|Rest||[from] move: Sleep Talk|[still]
|-fail|p1a: Ting-Lu
|-curestatus|p2a: Star|slp|[msg]
|move|p2a: Star|Waterfall|p1a: Ting-Lu
|-supereffective|p1a: Ting-Lu
|-damage|p1a: Ting-Lu|71/100 slp
|
|upkeep
|turn|119
|
|t:|1758307396
|cant|p1a: Ting-Lu|slp
|move|p1a: Ting-Lu|Sleep Talk|p1a: Ting-Lu
|move|p1a: Ting-Lu|Rest||[from] move: Sleep Talk|[still]
|-fail|p1a: Ting-Lu
|move|p2a: Star|Waterfall|p1a: Ting-Lu
|-supereffective|p1a: Ting-Lu
|-damage|p1a: Ting-Lu|41/100 slp
|
|upkeep
|turn|120
|
|t:|1758307404
|-curestatus|p1a: Ting-Lu|slp|[msg]
|move|p1a: Ting-Lu|Rest|p1a: Ting-Lu
|-status|p1a: Ting-Lu|slp|[from] move: Rest
|-heal|p1a: Ting-Lu|100/100 slp|[silent]
|move|p2a: Star|Waterfall|p1a: Ting-Lu
|-supereffective|p1a: Ting-Lu
|-damage|p1a: Ting-Lu|72/100 slp
|
|upkeep
|turn|121
|
|t:|1758307413
|cant|p1a: Ting-Lu|slp
|move|p1a: Ting-Lu|Sleep Talk|p1a: Ting-Lu
|move|p1a: Ting-Lu|Whirlwind|p2a: Star|[from] move: Sleep Talk
|drag|p2a: Pink Ball|Clefable, M|88/100 tox
|
|-heal|p2a: Pink Ball|94/100 tox|[from] item: Leftovers
|-damage|p2a: Pink Ball|88/100 tox|[from] psn
|upkeep
|turn|122
|
|t:|1758307424
|switch|p2a: Star|Dondozo, F|100/100
|switch|p1a: Slowking|Slowking-Galar, L99, F|59/100 par
|-damage|p1a: Slowking|47/100 par|[from] Stealth Rock
|
|upkeep
|turn|123
|
|t:|1758307432
|move|p2a: Star|Waterfall|p1a: Slowking
|-damage|p1a: Slowking|20/100 par
|-prepare|p1a: Slowking|Chilly Reception|[premajor]
|move|p1a: Slowking|Chilly Reception|p1a: Slowking
|-weather|Snowscape
|
|t:|1758307434
|switch|p1a: Dondozo|Dondozo, M, tera:Dark|61/100 par|[from] Chilly Reception
|-damage|p1a: Dondozo|49/100 par|[from] Stealth Rock
|
|-weather|Snowscape|[upkeep]
|upkeep
|turn|124
|inactive|PokePlayerBR has 90 seconds left.
|
|t:|1758307450
|move|p2a: Star|Waterfall|p1a: Dondozo
|-damage|p1a: Dondozo|35/100 par
|cant|p1a: Dondozo|par
|
|-weather|Snowscape|[upkeep]
|upkeep
|turn|125
|inactive|PokePlayerBR has 90 seconds left.
|
|t:|1758307470
|move|p2a: Star|Waterfall|p1a: Dondozo
|-damage|p1a: Dondozo|23/100 par
|move|p1a: Dondozo|Rest|p1a: Dondozo
|-status|p1a: Dondozo|slp|[from] move: Rest
|-heal|p1a: Dondozo|100/100 slp|[silent]
|
|-weather|Snowscape|[upkeep]
|upkeep
|turn|126
|inactive|PokePlayerBR has 90 seconds left.
|
|t:|1758307478
|switch|p2a: Pink Ball|Clefable, M|88/100 tox
|cant|p1a: Dondozo|slp
|
|-weather|Snowscape|[upkeep]
|-heal|p2a: Pink Ball|94/100 tox|[from] item: Leftovers
|-damage|p2a: Pink Ball|88/100 tox|[from] psn
|upkeep
|turn|127
|inactive|PokePlayerBR has 90 seconds left.
|
|t:|1758307486
|switch|p1a: Ting-Lu|Ting-Lu|72/100 slp
|-damage|p1a: Ting-Lu|66/100 slp|[from] Stealth Rock
|-ability|p1a: Ting-Lu|Vessel of Ruin
|move|p2a: Pink Ball|Knock Off|p1a: Ting-Lu
|-resisted|p1a: Ting-Lu
|-damage|p1a: Ting-Lu|63/100 slp
|
|-weather|none
|-heal|p2a: Pink Ball|94/100 tox|[from] item: Leftovers
|-damage|p2a: Pink Ball|82/100 tox|[from] psn
|upkeep
|turn|128
|inactive|PokePlayerBR has 90 seconds left.
|
|t:|1758307498
|switch|p2a: Star|Dondozo, F|100/100
|switch|p1a: Dondozo|Dondozo, M, tera:Dark|100/100 slp
|-damage|p1a: Dondozo|88/100 slp|[from] Stealth Rock
|
|upkeep
|turn|129
|
|t:|1758307505
|switch|p2a: Pink Ball|Clefable, M|82/100 tox
|cant|p1a: Dondozo|slp
|
|-heal|p2a: Pink Ball|88/100 tox|[from] item: Leftovers
|-damage|p2a: Pink Ball|82/100 tox|[from] psn
|upkeep
|turn|130
|
|t:|1758307512
|switch|p1a: Ting-Lu|Ting-Lu|63/100 slp
|-damage|p1a: Ting-Lu|57/100 slp|[from] Stealth Rock
|-ability|p1a: Ting-Lu|Vessel of Ruin
|move|p2a: Pink Ball|Thunder Wave|p1a: Ting-Lu
|-immune|p1a: Ting-Lu
|
|-heal|p2a: Pink Ball|88/100 tox|[from] item: Leftovers
|-damage|p2a: Pink Ball|76/100 tox|[from] psn
|upkeep
|turn|131
|
|t:|1758307523
|move|p2a: Pink Ball|Thunder Wave|p1a: Ting-Lu
|-immune|p1a: Ting-Lu
|cant|p1a: Ting-Lu|slp
|
|-heal|p2a: Pink Ball|82/100 tox|[from] item: Leftovers
|-damage|p2a: Pink Ball|64/100 tox|[from] psn
|upkeep
|turn|132
|
|t:|1758307531
|switch|p2a: Star|Dondozo, F|100/100
|-curestatus|p1a: Ting-Lu|slp|[msg]
|move|p1a: Ting-Lu|Earthquake|p2a: Star
|-damage|p2a: Star|82/100
|
|-heal|p2a: Star|89/100|[from] item: Leftovers
|upkeep
|turn|133
|
|t:|1758307540
|switch|p1a: Slowking|Slowking-Galar, L99, F|53/100 par
|-damage|p1a: Slowking|41/100 par|[from] Stealth Rock
|move|p2a: Star|Waterfall|p1a: Slowking
|-damage|p1a: Slowking|15/100 par
|
|-heal|p2a: Star|95/100|[from] item: Leftovers
|upkeep
|turn|134
|
|t:|1758307548
|switch|p1a: Dondozo|Dondozo, M, tera:Dark|88/100 slp
|-damage|p1a: Dondozo|76/100 slp|[from] Stealth Rock
|move|p2a: Star|Waterfall|p1a: Dondozo
|-damage|p1a: Dondozo|63/100 slp
|
|-heal|p2a: Star|100/100|[from] item: Leftovers
|upkeep
|turn|135
|c|☆ayudame1|im not going to lie this is a disgusting endgame
|
|t:|1758307564
|switch|p2a: Pink Ball|Clefable, M|64/100 tox
|-curestatus|p1a: Dondozo|slp|[msg]
|move|p1a: Dondozo|Body Press|p2a: Pink Ball
|-resisted|p2a: Pink Ball
|-damage|p2a: Pink Ball|48/100 tox
|
|-heal|p2a: Pink Ball|54/100 tox|[from] item: Leftovers
|-damage|p2a: Pink Ball|48/100 tox|[from] psn
|upkeep
|turn|136
|
|t:|1758307573
|move|p2a: Pink Ball|Moonlight|p2a: Pink Ball
|-heal|p2a: Pink Ball|98/100 tox
|move|p1a: Dondozo|Waterfall|p2a: Pink Ball
|-damage|p2a: Pink Ball|66/100 tox
|
|-heal|p2a: Pink Ball|73/100 tox|[from] item: Leftovers
|-damage|p2a: Pink Ball|60/100 tox|[from] psn
|upkeep
|turn|137
|
|t:|1758307582
|switch|p2a: Star|Dondozo, F|100/100
|move|p1a: Dondozo|Curse|p1a: Dondozo
|-unboost|p1a: Dondozo|spe|1
|-boost|p1a: Dondozo|atk|1
|-boost|p1a: Dondozo|def|1
|
|upkeep
|turn|138
|inactive|ayudame1 has 120 seconds left.
|
|t:|1758307624
|switch|p2a: Pink Ball|Clefable, M|60/100 tox
|move|p1a: Dondozo|Waterfall|p2a: Pink Ball
|-damage|p2a: Pink Ball|29/100 tox
|
|-heal|p2a: Pink Ball|35/100 tox|[from] item: Leftovers
|-damage|p2a: Pink Ball|29/100 tox|[from] psn
|upkeep
|turn|139
|
|t:|1758307633
|move|p2a: Pink Ball|Moonlight|p2a: Pink Ball
|-heal|p2a: Pink Ball|79/100 tox
|move|p1a: Dondozo|Waterfall|p2a: Pink Ball
|-damage|p2a: Pink Ball|48/100 tox
|
|-heal|p2a: Pink Ball|54/100 tox|[from] item: Leftovers
|-damage|p2a: Pink Ball|42/100 tox|[from] psn
|upkeep
|turn|140
|
|t:|1758307645
|move|p2a: Pink Ball|Moonlight|p2a: Pink Ball
|-heal|p2a: Pink Ball|92/100 tox
|move|p1a: Dondozo|Waterfall|p2a: Pink Ball
|-damage|p2a: Pink Ball|64/100 tox
|
|-heal|p2a: Pink Ball|70/100 tox|[from] item: Leftovers
|-damage|p2a: Pink Ball|52/100 tox|[from] psn
|upkeep
|turn|141
|
|t:|1758307655
|switch|p2a: Star|Dondozo, F|100/100
|move|p1a: Dondozo|Waterfall|p2a: Star
|-resisted|p2a: Star
|-damage|p2a: Star|94/100
|
|-heal|p2a: Star|100/100|[from] item: Leftovers
|upkeep
|turn|142
|
|t:|1758307668
|move|p2a: Star|Waterfall|p1a: Dondozo
|-damage|p1a: Dondozo|51/100
|move|p1a: Dondozo|Curse|p1a: Dondozo
|-unboost|p1a: Dondozo|spe|1
|-boost|p1a: Dondozo|atk|1
|-boost|p1a: Dondozo|def|1
|
|upkeep
|turn|143
|
|t:|1758307682
|move|p2a: Star|Waterfall|p1a: Dondozo
|-damage|p1a: Dondozo|39/100
|move|p1a: Dondozo|Body Press|p2a: Star
|-damage|p2a: Star|87/100
|
|-heal|p2a: Star|93/100|[from] item: Leftovers
|upkeep
|turn|144
|
|t:|1758307690
|move|p2a: Star|Waterfall|p1a: Dondozo
|-damage|p1a: Dondozo|27/100
|move|p1a: Dondozo|Rest|p1a: Dondozo
|-status|p1a: Dondozo|slp|[from] move: Rest
|-heal|p1a: Dondozo|100/100 slp|[silent]
|
|-heal|p2a: Star|99/100|[from] item: Leftovers
|upkeep
|turn|145
|inactive|PokePlayerBR has 60 seconds left.
|
|t:|1758307701
|switch|p2a: Pink Ball|Clefable, M|52/100 tox
|cant|p1a: Dondozo|slp
|
|-heal|p2a: Pink Ball|58/100 tox|[from] item: Leftovers
|-damage|p2a: Pink Ball|52/100 tox|[from] psn
|upkeep
|turn|146
|inactive|PokePlayerBR has 60 seconds left.
|
|t:|1758307711
|move|p2a: Pink Ball|Knock Off|p1a: Dondozo
|-resisted|p1a: Dondozo
|-damage|p1a: Dondozo|98/100 slp
|cant|p1a: Dondozo|slp
|
|-heal|p2a: Pink Ball|58/100 tox|[from] item: Leftovers
|-damage|p2a: Pink Ball|45/100 tox|[from] psn
|upkeep
|turn|147
|
|t:|1758307719
|switch|p2a: Star|Dondozo, F|99/100
|-curestatus|p1a: Dondozo|slp|[msg]
|move|p1a: Dondozo|Waterfall|p2a: Star
|-resisted|p2a: Star
|-damage|p2a: Star|94/100
|
|-heal|p2a: Star|99/100|[from] item: Leftovers
|upkeep
|turn|148
|
|t:|1758307730
|move|p2a: Star|Waterfall|p1a: Dondozo
|-crit|p1a: Dondozo
|-damage|p1a: Dondozo|81/100
|move|p1a: Dondozo|Body Press|p2a: Star
|-damage|p2a: Star|87/100
|
|-heal|p2a: Star|93/100|[from] item: Leftovers
|upkeep
|turn|149
|
|t:|1758307739
|move|p2a: Star|Waterfall|p1a: Dondozo
|-damage|p1a: Dondozo|68/100
|cant|p1a: Dondozo|flinch
|
|-heal|p2a: Star|99/100|[from] item: Leftovers
|upkeep
|turn|150
|
|t:|1758307749
|switch|p1a: Ting-Lu|Ting-Lu|57/100
|-damage|p1a: Ting-Lu|50/100|[from] Stealth Rock
|-ability|p1a: Ting-Lu|Vessel of Ruin
|move|p2a: Star|Waterfall|p1a: Ting-Lu
|-supereffective|p1a: Ting-Lu
|-damage|p1a: Ting-Lu|21/100
|
|-heal|p2a: Star|100/100|[from] item: Leftovers
|upkeep
|turn|151
|
|t:|1758307758
|move|p1a: Ting-Lu|Rest|p1a: Ting-Lu
|-status|p1a: Ting-Lu|slp|[from] move: Rest
|-heal|p1a: Ting-Lu|100/100 slp|[silent]
|move|p2a: Star|Waterfall|p1a: Ting-Lu
|-supereffective|p1a: Ting-Lu
|-damage|p1a: Ting-Lu|70/100 slp
|
|upkeep
|turn|152
|
|t:|1758307765
|cant|p1a: Ting-Lu|slp
|move|p1a: Ting-Lu|Sleep Talk|p1a: Ting-Lu
|move|p1a: Ting-Lu|Earthquake|p2a: Star|[from] move: Sleep Talk
|-damage|p2a: Star|84/100
|move|p2a: Star|Waterfall|p1a: Ting-Lu
|-supereffective|p1a: Ting-Lu
|-damage|p1a: Ting-Lu|41/100 slp
|
|-heal|p2a: Star|90/100|[from] item: Leftovers
|upkeep
|turn|153
|
|t:|1758307774
|cant|p1a: Ting-Lu|slp
|move|p1a: Ting-Lu|Sleep Talk|p1a: Ting-Lu
|move|p1a: Ting-Lu|Earthquake|p2a: Star|[from] move: Sleep Talk
|-damage|p2a: Star|74/100
|move|p2a: Star|Waterfall|p1a: Ting-Lu
|-supereffective|p1a: Ting-Lu
|-damage|p1a: Ting-Lu|12/100 slp
|
|-heal|p2a: Star|80/100|[from] item: Leftovers
|upkeep
|turn|154
|
|t:|1758307785
|-curestatus|p1a: Ting-Lu|slp|[msg]
|move|p1a: Ting-Lu|Rest|p1a: Ting-Lu
|-status|p1a: Ting-Lu|slp|[from] move: Rest
|-heal|p1a: Ting-Lu|100/100 slp|[silent]
|move|p2a: Star|Waterfall|p1a: Ting-Lu
|-supereffective|p1a: Ting-Lu
|-crit|p1a: Ting-Lu
|-damage|p1a: Ting-Lu|54/100 slp
|
|-heal|p2a: Star|86/100|[from] item: Leftovers
|upkeep
|turn|155
|
|t:|1758307795
|cant|p1a: Ting-Lu|slp
|move|p1a: Ting-Lu|Sleep Talk|p1a: Ting-Lu
|move|p1a: Ting-Lu|Rest||[from] move: Sleep Talk|[still]
|-fail|p1a: Ting-Lu
|move|p2a: Star|Waterfall|p1a: Ting-Lu
|-supereffective|p1a: Ting-Lu
|-damage|p1a: Ting-Lu|22/100 slp
|
|-heal|p2a: Star|92/100|[from] item: Leftovers
|upkeep
|turn|156
|
|t:|1758307804
|cant|p1a: Ting-Lu|slp
|move|p1a: Ting-Lu|Sleep Talk|p1a: Ting-Lu
|move|p1a: Ting-Lu|Earthquake|p2a: Star|[from] move: Sleep Talk
|-crit|p2a: Star
|-damage|p2a: Star|68/100
|move|p2a: Star|Waterfall|p1a: Ting-Lu
|-supereffective|p1a: Ting-Lu
|-damage|p1a: Ting-Lu|0 fnt
|faint|p1a: Ting-Lu
|
|-heal|p2a: Star|75/100|[from] item: Leftovers
|upkeep
|inactive|ayudame1 has 120 seconds left.
|
|t:|1758307813
|switch|p1a: Slowking|Slowking-Galar, L99, F|48/100 par
|-damage|p1a: Slowking|36/100 par|[from] Stealth Rock
|turn|157
|
|t:|1758307818
|move|p2a: Star|Rest|p2a: Star
|-status|p2a: Star|slp|[from] move: Rest
|-heal|p2a: Star|100/100 slp|[silent]
|move|p1a: Slowking|Future Sight|p2a: Star
|-start|p1a: Slowking|move: Future Sight
|
|upkeep
|turn|158
|
|t:|1758307823
|switch|p1a: Dondozo|Dondozo, M, tera:Dark|68/100
|-damage|p1a: Dondozo|56/100|[from] Stealth Rock
|cant|p2a: Star|slp
|move|p2a: Star|Sleep Talk|p2a: Star
|move|p2a: Star|Waterfall|p1a: Dondozo|[from] move: Sleep Talk
|-damage|p1a: Dondozo|44/100
|
|upkeep
|turn|159
|
|t:|1758307831
|move|p1a: Dondozo|Curse|p1a: Dondozo
|-unboost|p1a: Dondozo|spe|1
|-boost|p1a: Dondozo|atk|1
|-boost|p1a: Dondozo|def|1
|cant|p2a: Star|slp
|move|p2a: Star|Sleep Talk|p2a: Star
|move|p2a: Star|Curse|p2a: Star|[from] move: Sleep Talk
|-unboost|p2a: Star|spe|1
|-boost|p2a: Star|atk|1
|-boost|p2a: Star|def|1
|
|-end|p2a: Star|move: Future Sight
|-damage|p2a: Star|59/100 slp
|-heal|p2a: Star|66/100 slp|[from] item: Leftovers
|upkeep
|turn|160
|
|t:|1758307847
|-curestatus|p2a: Star|slp|[msg]
|move|p2a: Star|Rest|p2a: Star
|-status|p2a: Star|slp|[from] move: Rest
|-heal|p2a: Star|100/100 slp|[silent]
|move|p1a: Dondozo|Curse|p1a: Dondozo
|-unboost|p1a: Dondozo|spe|1
|-boost|p1a: Dondozo|atk|1
|-boost|p1a: Dondozo|def|1
|
|upkeep
|turn|161
|
|t:|1758307857
|cant|p2a: Star|slp
|move|p2a: Star|Sleep Talk|p2a: Star
|move|p2a: Star|Waterfall|p1a: Dondozo|[from] move: Sleep Talk
|-damage|p1a: Dondozo|32/100
|move|p1a: Dondozo|Curse|p1a: Dondozo
|-unboost|p1a: Dondozo|spe|1
|-boost|p1a: Dondozo|atk|1
|-boost|p1a: Dondozo|def|1
|
|upkeep
|turn|162
|
|t:|1758307865
|cant|p2a: Star|slp
|move|p2a: Star|Sleep Talk|p2a: Star
|move|p2a: Star|Curse|p2a: Star|[from] move: Sleep Talk
|-unboost|p2a: Star|spe|1
|-boost|p2a: Star|atk|1
|-boost|p2a: Star|def|1
|move|p1a: Dondozo|Curse|p1a: Dondozo
|-unboost|p1a: Dondozo|spe|1
|-boost|p1a: Dondozo|atk|1
|-boost|p1a: Dondozo|def|1
|
|upkeep
|turn|163
|
|t:|1758307882
|-curestatus|p2a: Star|slp|[msg]
|move|p2a: Star|Rest|p2a: Star
|-fail|p2a: Star|heal
|move|p1a: Dondozo|Rest|p1a: Dondozo
|-status|p1a: Dondozo|slp|[from] move: Rest
|-heal|p1a: Dondozo|100/100 slp|[silent]
|
|upkeep
|turn|164
|
|t:|1758307890
|move|p2a: Star|Sleep Talk||[still]
|-fail|p2a: Star
|cant|p1a: Dondozo|slp
|
|upkeep
|turn|165
|
|t:|1758307896
|move|p2a: Star|Sleep Talk||[still]
|-fail|p2a: Star
|cant|p1a: Dondozo|slp
|
|upkeep
|turn|166
|
|t:|1758307903
|move|p2a: Star|Rest|p2a: Star
|-fail|p2a: Star|heal
|-curestatus|p1a: Dondozo|slp|[msg]
|move|p1a: Dondozo|Waterfall|p2a: Star
|-resisted|p2a: Star
|-damage|p2a: Star|94/100
|
|-heal|p2a: Star|99/100|[from] item: Leftovers
|upkeep
|turn|167
|inactive|PokePlayerBR has 30 seconds left.
|
|t:|1758307916
|move|p2a: Star|Rest|p2a: Star
|-status|p2a: Star|slp|[from] move: Rest
|-heal|p2a: Star|100/100 slp|[silent]
|move|p1a: Dondozo|Waterfall|p2a: Star
|-resisted|p2a: Star
|-damage|p2a: Star|95/100 slp
|
|-heal|p2a: Star|100/100 slp|[from] item: Leftovers
|upkeep
|turn|168
|inactive|PokePlayerBR has 30 seconds left.
|
|t:|1758307925
|cant|p2a: Star|slp
|move|p2a: Star|Sleep Talk|p2a: Star
|move|p2a: Star|Curse|p2a: Star|[from] move: Sleep Talk
|-unboost|p2a: Star|spe|1
|-boost|p2a: Star|atk|1
|-boost|p2a: Star|def|1
|move|p1a: Dondozo|Waterfall|p2a: Star
|-resisted|p2a: Star
|-damage|p2a: Star|94/100 slp
|
|-heal|p2a: Star|99/100 slp|[from] item: Leftovers
|upkeep
|turn|169
|
|t:|1758307928
|cant|p2a: Star|slp
|move|p2a: Star|Sleep Talk|p2a: Star
|move|p2a: Star|Waterfall|p1a: Dondozo|[from] move: Sleep Talk
|-damage|p1a: Dondozo|88/100
|move|p1a: Dondozo|Waterfall|p2a: Star
|-resisted|p2a: Star
|-damage|p2a: Star|94/100 slp
|
|-heal|p2a: Star|99/100 slp|[from] item: Leftovers
|upkeep
|turn|170
|
|t:|1758307937
|-curestatus|p2a: Star|slp|[msg]
|move|p2a: Star|Rest|p2a: Star
|-status|p2a: Star|slp|[from] move: Rest
|-heal|p2a: Star|100/100 slp|[silent]
|move|p1a: Dondozo|Waterfall|p2a: Star
|-resisted|p2a: Star
|-damage|p2a: Star|95/100 slp
|
|-heal|p2a: Star|100/100 slp|[from] item: Leftovers
|upkeep
|turn|171
|
|t:|1758307947
|cant|p2a: Star|slp
|move|p2a: Star|Sleep Talk|p2a: Star
|move|p2a: Star|Rest||[from] move: Sleep Talk|[still]
|-fail|p2a: Star
|move|p1a: Dondozo|Waterfall|p2a: Star
|-resisted|p2a: Star
|-damage|p2a: Star|94/100 slp
|
|-heal|p2a: Star|99/100 slp|[from] item: Leftovers
|upkeep
|turn|172
|
|t:|1758307956
|cant|p2a: Star|slp
|move|p2a: Star|Sleep Talk|p2a: Star
|move|p2a: Star|Waterfall|p1a: Dondozo|[from] move: Sleep Talk
|-damage|p1a: Dondozo|75/100
|move|p1a: Dondozo|Waterfall|p2a: Star
|-resisted|p2a: Star
|-damage|p2a: Star|94/100 slp
|
|-heal|p2a: Star|100/100 slp|[from] item: Leftovers
|upkeep
|turn|173
|inactive|PokePlayerBR has 30 seconds left.
|
|t:|1758307967
|-curestatus|p2a: Star|slp|[msg]
|move|p2a: Star|Sleep Talk||[still]
|-fail|p2a: Star
|move|p1a: Dondozo|Waterfall|p2a: Star
|-resisted|p2a: Star
|-damage|p2a: Star|95/100
|
|-heal|p2a: Star|100/100|[from] item: Leftovers
|upkeep
|turn|174
|inactive|PokePlayerBR has 30 seconds left.
|
|t:|1758307976
|move|p2a: Star|Sleep Talk||[still]
|-fail|p2a: Star
|move|p1a: Dondozo|Waterfall|p2a: Star
|-resisted|p2a: Star
|-damage|p2a: Star|95/100
|
|-heal|p2a: Star|100/100|[from] item: Leftovers
|upkeep
|turn|175
|
|t:|1758307979
|move|p2a: Star|Rest|p2a: Star
|-fail|p2a: Star|heal
|move|p1a: Dondozo|Waterfall|p2a: Star
|-resisted|p2a: Star
|-crit|p2a: Star
|-damage|p2a: Star|91/100
|
|-heal|p2a: Star|97/100|[from] item: Leftovers
|upkeep
|turn|176
|
|t:|1758307987
|move|p2a: Star|Sleep Talk||[still]
|-fail|p2a: Star
|move|p1a: Dondozo|Waterfall|p2a: Star
|-resisted|p2a: Star
|-damage|p2a: Star|91/100
|
|-heal|p2a: Star|97/100|[from] item: Leftovers
|upkeep
|turn|177
|
|t:|1758307993
|move|p2a: Star|Sleep Talk||[still]
|-fail|p2a: Star
|move|p1a: Dondozo|Waterfall|p2a: Star
|-resisted|p2a: Star
|-damage|p2a: Star|91/100
|
|-heal|p2a: Star|97/100|[from] item: Leftovers
|upkeep
|turn|178
|
|t:|1758307997
|-activate|p2a: Star|move: Struggle
|move|p2a: Star|Struggle|p1a: Dondozo
|-damage|p1a: Dondozo|70/100
|-damage|p2a: Star|72/100|[from] recoil
|move|p1a: Dondozo|Body Press|p2a: Star
|-damage|p2a: Star|59/100
|
|-heal|p2a: Star|66/100|[from] item: Leftovers
|upkeep
|turn|179
|
|t:|1758308002
|-activate|p2a: Star|move: Struggle
|move|p2a: Star|Struggle|p1a: Dondozo
|-damage|p1a: Dondozo|65/100
|-damage|p2a: Star|41/100|[from] recoil
|move|p1a: Dondozo|Body Press|p2a: Star
|-damage|p2a: Star|29/100
|
|-heal|p2a: Star|35/100|[from] item: Leftovers
|upkeep
|turn|180
|
|t:|1758308009
|-activate|p2a: Star|move: Struggle
|move|p2a: Star|Struggle|p1a: Dondozo
|-damage|p1a: Dondozo|60/100
|-damage|p2a: Star|10/100|[from] recoil
|move|p1a: Dondozo|Body Press|p2a: Star
|-damage|p2a: Star|0 fnt
|faint|p2a: Star
|
|upkeep
|
|t:|1758308018
|switch|p2a: Pink Ball|Clefable, M|45/100 tox
|turn|181
|
|t:|1758308022
|move|p2a: Pink Ball|Thunder Wave|p1a: Dondozo
|-status|p1a: Dondozo|par
|move|p1a: Dondozo|Rest|p1a: Dondozo
|-status|p1a: Dondozo|slp|[from] move: Rest
|-heal|p1a: Dondozo|100/100 slp|[silent]
|
|-heal|p2a: Pink Ball|52/100 tox|[from] item: Leftovers
|-damage|p2a: Pink Ball|45/100 tox|[from] psn
|upkeep
|turn|182
|c|☆ayudame1|gg
|
|t:|1758308034
|move|p2a: Pink Ball|Knock Off|p1a: Dondozo
|-resisted|p1a: Dondozo
|-damage|p1a: Dondozo|99/100 slp
|cant|p1a: Dondozo|slp
|
|-heal|p2a: Pink Ball|52/100 tox|[from] item: Leftovers
|-damage|p2a: Pink Ball|39/100 tox|[from] psn
|upkeep
|turn|183
|
|t:|1758308042
|move|p2a: Pink Ball|Knock Off|p1a: Dondozo
|-resisted|p1a: Dondozo
|-damage|p1a: Dondozo|96/100 slp
|cant|p1a: Dondozo|slp
|
|-heal|p2a: Pink Ball|45/100 tox|[from] item: Leftovers
|-damage|p2a: Pink Ball|27/100 tox|[from] psn
|upkeep
|turn|184
|
|t:|1758308049
|move|p2a: Pink Ball|Knock Off|p1a: Dondozo
|-resisted|p1a: Dondozo
|-damage|p1a: Dondozo|94/100 slp
|-curestatus|p1a: Dondozo|slp|[msg]
|move|p1a: Dondozo|Body Press|p2a: Pink Ball
|-resisted|p2a: Pink Ball
|-damage|p2a: Pink Ball|12/100 tox
|
|-heal|p2a: Pink Ball|18/100 tox|[from] item: Leftovers
|-damage|p2a: Pink Ball|0 fnt|[from] psn
|faint|p2a: Pink Ball
|
|win|ayudame1
|raw|ayudame1's rating: 1216 &rarr; <strong>1239</strong><br />(+23 for winning)
|raw|PokePlayerBR's rating: 1194 &rarr; <strong>1171</strong><br />(-23 for losing)
