|j|‽malk tyme
|j|☆DontMissMantine
|t:|1758330399
|gametype|singles
|player|p1|malk tyme|265|1600
|player|p2|DontMissMantine|lucas|1712
|gen|9
|tier|[Gen 9] OU
|rated|
|rule|HP Percentage Mod: HP is shown in percentages
|rule|Endless Battle Clause: Forcing endless battles is banned
|rule|Species Clause: Limit one of each Pokémon
|rule|OHKO Clause: OHKO moves are banned
|rule|Evasion Items Clause: Evasion items are banned
|rule|Evasion Moves Clause: Evasion moves are banned
|rule|Evasion Abilities Clause: Evasion abilities are banned
|rule|Sleep Moves Clause: Sleep-inducing moves are banned
|clearpoke
|poke|p1|Blaziken, F|
|poke|p1|Salamence, M|
|poke|p1|Dondozo, M|
|poke|p1|Meloetta|
|poke|p1|Iron Treads|
|poke|p1|Veluza, M|
|poke|p2|Pelipper, F|
|poke|p2|Beartic, F|
|poke|p2|Barraskewda, M|
|poke|p2|Ogerpon-Wellspring, F|
|poke|p2|Zapdos|
|poke|p2|Hatterene, F|
|teampreview
|
|t:|1758330403
|teamsize|p1|6
|teamsize|p2|6
|start
|switch|p1a: Veluza|Veluza, M|100/100
|switch|p2a: Pelipper|Pelipper, F|100/100
|-weather|RainDance|[from] ability: Drizzle|[of] p2a: Pelipper
|turn|1
|
|t:|1758330410
|move|p1a: Veluza|Final Gambit|p2a: Pelipper
|-damage|p2a: Pelipper|0 fnt
|faint|p1a: Veluza
|faint|p2a: Pelipper
|
|-weather|RainDance|[upkeep]
|upkeep
|
|t:|1758330422
|switch|p1a: Dondozo|Dondozo, M|100/100
|switch|p2a: Beartic|Beartic, F|100/100
|turn|2
|
|t:|1758330428
|-terastallize|p2a: Beartic|Electric
|move|p2a: Beartic|Tera Blast|p1a: Dondozo|[anim] Tera Blast Electric
|-supereffective|p1a: Dondozo
|-damage|p1a: Dondozo|43/100
|move|p1a: Dondozo|Wave Crash|p2a: Beartic
|-damage|p2a: Beartic|30/100
|-damage|p1a: Dondozo|28/100|[from] Recoil
|
|-weather|RainDance|[upkeep]
|-heal|p1a: Dondozo|34/100|[from] item: Leftovers
|upkeep
|turn|3
|
|t:|1758330439
|move|p2a: Beartic|Tera Blast|p1a: Dondozo|[anim] Tera Blast Electric
|-supereffective|p1a: Dondozo
|-damage|p1a: Dondozo|0 fnt
|faint|p1a: Dondozo
|
|-weather|RainDance|[upkeep]
|upkeep
|
|t:|1758330444
|switch|p1a: Meloetta|Meloetta|100/100
|turn|4
|
|t:|1758330448
|move|p2a: Beartic|Icicle Spear|p1a: Meloetta
|-damage|p1a: Meloetta|86/100
|-damage|p1a: Meloetta|71/100
|-damage|p1a: Meloetta|56/100
|-damage|p1a: Meloetta|40/100
|-damage|p1a: Meloetta|25/100
|-hitcount|p1a: Meloetta|5
|move|p1a: Meloetta|Trick Room|p1a: Meloetta
|-fieldstart|move: Trick Room|[of] p1a: Meloetta
|
|-weather|RainDance|[upkeep]
|upkeep
|turn|5
|
|t:|1758330458
|switch|p2a: Hatterene|Hatterene, F|100/100
|move|p1a: Meloetta|Tera Blast|p2a: Hatterene
|-damage|p2a: Hatterene|51/100
|-enditem|p2a: Hatterene|Eject Button
|
|t:|1758330465
|switch|p2a: Zapdos|Zapdos|100/100
|
|-weather|RainDance|[upkeep]
|upkeep
|turn|6
|
|t:|1758330470
|move|p1a: Meloetta|Psychic|p2a: Zapdos
|-damage|p2a: Zapdos|60/100
|-unboost|p2a: Zapdos|spd|1
|move|p2a: Zapdos|Weather Ball|p1a: Meloetta
|-damage|p1a: Meloetta|0 fnt
|faint|p1a: Meloetta
|
|-weather|RainDance|[upkeep]
|upkeep
|
|t:|1758330479
|switch|p1a: Blaziken|Blaziken, F|100/100
|turn|7
|
|t:|1758330484
|-terastallize|p1a: Blaziken|Ice
|move|p1a: Blaziken|Tera Blast|p2a: Zapdos|[anim] Tera Blast Ice
|-supereffective|p2a: Zapdos
|-damage|p2a: Zapdos|0 fnt
|faint|p2a: Zapdos
|-damage|p1a: Blaziken|91/100|[from] item: Life Orb
|
|-weather|RainDance|[upkeep]
|-ability|p1a: Blaziken|Speed Boost|boost
|-boost|p1a: Blaziken|spe|1
|upkeep
|j| Cassimir Bazan
|
|t:|1758330514
|switch|p2a: Hatterene|Hatterene, F|51/100
|turn|8
|l| Cassimir Bazan
|
|t:|1758330517
|switch|p1a: Iron Treads|Iron Treads|100/100
|move|p2a: Hatterene|Nuzzle|p1a: Iron Treads
|-immune|p1a: Iron Treads
|
|-weather|none
|-fieldend|move: Trick Room
|upkeep
|turn|9
|
|t:|1758330525
|move|p1a: Iron Treads|Knock Off|p2a: Hatterene
|-damage|p2a: Hatterene|37/100
|move|p2a: Hatterene|Healing Wish|p2a: Hatterene
|faint|p2a: Hatterene
|
|upkeep
|
|t:|1758330539
|switch|p2a: Barraskewda|Barraskewda, M|100/100
|turn|10
|inactive|Battle timer is ON: inactive players will automatically lose when time's up. (requested by DontMissMantine)
|
|t:|1758330547
|move|p2a: Barraskewda|Liquidation|p1a: Iron Treads
|-supereffective|p1a: Iron Treads
|-damage|p1a: Iron Treads|16/100
|move|p1a: Iron Treads|Knock Off|p2a: Barraskewda
|-damage|p2a: Barraskewda|49/100
|-enditem|p2a: Barraskewda|Mystic Water|[from] move: Knock Off|[of] p1a: Iron Treads
|
|upkeep
|turn|11
|
|t:|1758330555
|move|p2a: Barraskewda|Flip Turn|p1a: Iron Treads
|-supereffective|p1a: Iron Treads
|-damage|p1a: Iron Treads|0 fnt
|faint|p1a: Iron Treads
|-end|p1a: Iron Treads|Quark Drive|[silent]
|
|t:|1758330562
|switch|p2a: Ogerpon|Ogerpon-Wellspring, F|100/100|[from] Flip Turn
|
|upkeep
|
|t:|1758330565
|switch|p1a: Salamence|Salamence, M|100/100
|turn|12
|
|t:|1758330570
|move|p1a: Salamence|Outrage|p2a: Ogerpon
|-damage|p2a: Ogerpon|10/100
|move|p2a: Ogerpon|Play Rough|p1a: Salamence
|-supereffective|p1a: Salamence
|-damage|p1a: Salamence|8/100
|-unboost|p1a: Salamence|atk|1
|
|upkeep
|turn|13
|j| 54 Insane Rats
|inactive|DontMissMantine has 120 seconds left.
|
|t:|1758330609
|move|p1a: Salamence|Outrage|p2a: Ogerpon|[from] lockedmove
|-damage|p2a: Ogerpon|0 fnt
|faint|p2a: Ogerpon
|-ability|p1a: Salamence|Moxie|boost
|-boost|p1a: Salamence|atk|1
|
|upkeep
|
|t:|1758330616
|switch|p2a: Barraskewda|Barraskewda, M|49/100
|-heal|p2a: Barraskewda|100/100|[from] move: Healing Wish
|turn|14
|inactive|DontMissMantine has 120 seconds left.
|-message|DontMissMantine forfeited.
|
|win|malk tyme
|raw|malk tyme's rating: 1600 &rarr; <strong>1626</strong><br />(+26 for winning)
|raw|DontMissMantine's rating: 1712 &rarr; <strong>1686</strong><br />(-26 for losing)
|l|☆DontMissMantine
|player|p2|
|l|‽malk tyme
|player|p1|
