|j|☆natsuzamaki
|j|☆federal government
|inactive|Battle timer is ON: inactive players will automatically lose when time's up.
|t:|1758310979
|gametype|singles
|player|p1|natsuzamaki|elesa|
|player|p2|federal government|169|
|gen|9
|tier|[Gen 9] OU
|rated|Tournament battle
|rule|HP Percentage Mod: HP is shown in percentages
|rule|Endless Battle Clause: Forcing endless battles is banned
|rule|Species Clause: Limit one of each Pokémon
|rule|OHKO Clause: OHKO moves are banned
|rule|Evasion Items Clause: Evasion items are banned
|rule|Evasion Moves Clause: Evasion moves are banned
|rule|Evasion Abilities Clause: Evasion abilities are banned
|rule|Sleep Moves Clause: Sleep-inducing moves are banned
|clearpoke
|poke|p1|Ribombee, M|
|poke|p1|Great Tusk|
|poke|p1|Gholdengo|
|poke|p1|Manaphy|
|poke|p1|Kingambit, F|
|poke|p1|Iron Valiant|
|poke|p2|Kyurem|
|poke|p2|Corviknight, F|
|poke|p2|Zamazenta-*|
|poke|p2|Rillaboom, F|
|poke|p2|Gholdengo|
|poke|p2|Deoxys-Speed|
|teampreview
|j|*Lady Monita ☀
|inactive|natsuzamaki also wants the timer to be on.
|
|t:|1758310995
|teamsize|p1|6
|teamsize|p2|6
|start
|switch|p1a: Great Tusk|Great Tusk|100/100
|switch|p2a: Deoxys|Deoxys-Speed|100/100
|-ability|p2a: Deoxys|Pressure
|-enditem|p1a: Great Tusk|Booster Energy
|-activate|p1a: Great Tusk|ability: Protosynthesis|[fromitem]
|-start|p1a: Great Tusk|protosynthesisatk
|turn|1
|
|t:|1758310999
|move|p2a: Deoxys|Psycho Boost|p1a: Great Tusk
|-supereffective|p1a: Great Tusk
|-damage|p1a: Great Tusk|0 fnt
|-unboost|p2a: Deoxys|spa|2
|faint|p1a: Great Tusk
|-end|p1a: Great Tusk|Protosynthesis|[silent]
|
|upkeep
|j| Albrtix
|
|t:|1758311011
|switch|p1a: Kingambit|Kingambit, F|100/100
|-activate|p1a: Kingambit|ability: Supreme Overlord
|-start|p1a: Kingambit|fallen1|[silent]
|-item|p1a: Kingambit|Air Balloon
|turn|2
|
|t:|1758311018
|-terastallize|p1a: Kingambit|Fairy
|move|p2a: Deoxys|Taunt|p1a: Kingambit
|-start|p1a: Kingambit|move: Taunt
|move|p1a: Kingambit|Kowtow Cleave|p2a: Deoxys
|-supereffective|p2a: Deoxys
|-enditem|p2a: Deoxys|Focus Sash
|-damage|p2a: Deoxys|1/100
|
|upkeep
|turn|3
|
|t:|1758311028
|move|p2a: Deoxys|Spikes|p1a: Kingambit
|-sidestart|p1: natsuzamaki|Spikes
|move|p1a: Kingambit|Kowtow Cleave|p2a: Deoxys
|-supereffective|p2a: Deoxys
|-damage|p2a: Deoxys|0 fnt
|faint|p2a: Deoxys
|
|upkeep
|
|t:|1758311050
|switch|p2a: Rillaboom|Rillaboom, F|100/100
|-fieldstart|move: Grassy Terrain|[from] ability: Grassy Surge|[of] p2a: Rillaboom
|turn|4
|
|t:|1758311061
|move|p1a: Kingambit|Kowtow Cleave|p2a: Rillaboom
|-damage|p2a: Rillaboom|55/100
|move|p2a: Rillaboom|Wood Hammer|p1a: Kingambit
|-crit|p1a: Kingambit
|-damage|p1a: Kingambit|0 fnt
|-enditem|p1a: Kingambit|Air Balloon
|faint|p1a: Kingambit
|-end|p1a: Kingambit|fallen1|[silent]
|-damage|p2a: Rillaboom|27/100|[from] Recoil
|
|-heal|p2a: Rillaboom|33/100|[from] Grassy Terrain
|upkeep
|
|t:|1758311070
|switch|p1a: Ribombee|Ribombee, M|100/100
|-damage|p1a: Ribombee|88/100|[from] Spikes
|turn|5
|
|t:|1758311075
|switch|p2a: Gholdengo|Gholdengo|100/100
|move|p1a: Ribombee|Sticky Web|p2a: Gholdengo
|-sidestart|p2: federal government|move: Sticky Web
|
|-heal|p1a: Ribombee|94/100|[from] Grassy Terrain
|upkeep
|turn|6
|
|t:|1758311100
|move|p1a: Ribombee|Skill Swap|p2a: Gholdengo
|-immune|p2a: Gholdengo|[from] ability: Good as Gold
|move|p2a: Gholdengo|Nasty Plot|p2a: Gholdengo
|-boost|p2a: Gholdengo|spa|2
|
|-heal|p1a: Ribombee|100/100|[from] Grassy Terrain
|upkeep
|turn|7
|
|t:|1758311107
|move|p1a: Ribombee|Psychic Noise|p2a: Gholdengo
|-resisted|p2a: Gholdengo
|-damage|p2a: Gholdengo|95/100
|-start|p2a: Gholdengo|move: Heal Block
|move|p2a: Gholdengo|Shadow Ball|p1a: Ribombee
|-enditem|p1a: Ribombee|Focus Sash
|-damage|p1a: Ribombee|1/100
|
|-heal|p1a: Ribombee|7/100|[from] Grassy Terrain
|upkeep
|turn|8
|
|t:|1758311116
|move|p1a: Ribombee|Moonblast|p2a: Gholdengo
|-resisted|p2a: Gholdengo
|-damage|p2a: Gholdengo|84/100
|move|p2a: Gholdengo|Shadow Ball|p1a: Ribombee
|-damage|p1a: Ribombee|0 fnt
|faint|p1a: Ribombee
|
|-end|p2a: Gholdengo|move: Heal Block
|upkeep
|
|t:|1758311125
|switch|p1a: Iron Valiant|Iron Valiant|100/100
|-damage|p1a: Iron Valiant|88/100|[from] Spikes
|-enditem|p1a: Iron Valiant|Booster Energy
|-activate|p1a: Iron Valiant|ability: Quark Drive|[fromitem]
|-start|p1a: Iron Valiant|quarkdrivespe
|turn|9
|
|t:|1758311136
|move|p1a: Iron Valiant|Shadow Ball|p2a: Gholdengo
|-supereffective|p2a: Gholdengo
|-damage|p2a: Gholdengo|48/100
|move|p2a: Gholdengo|Make It Rain|p1a: Iron Valiant
|-supereffective|p1a: Iron Valiant
|-damage|p1a: Iron Valiant|0 fnt
|-unboost|p2a: Gholdengo|spa|1
|faint|p1a: Iron Valiant
|-end|p1a: Iron Valiant|Quark Drive|[silent]
|
|-heal|p2a: Gholdengo|54/100|[from] Grassy Terrain
|-heal|p2a: Gholdengo|60/100|[from] item: Leftovers
|upkeep
|
|t:|1758311150
|switch|p1a: Gholdengo|Gholdengo|100/100
|-item|p1a: Gholdengo|Air Balloon
|turn|10
|
|t:|1758311155
|-terastallize|p2a: Gholdengo|Fairy
|move|p1a: Gholdengo|Shadow Ball|p2a: Gholdengo
|-damage|p2a: Gholdengo|31/100
|move|p2a: Gholdengo|Shadow Ball|p1a: Gholdengo
|-supereffective|p1a: Gholdengo
|-damage|p1a: Gholdengo|0 fnt
|-enditem|p1a: Gholdengo|Air Balloon
|faint|p1a: Gholdengo
|
|-heal|p2a: Gholdengo|37/100|[from] Grassy Terrain
|-heal|p2a: Gholdengo|43/100|[from] item: Leftovers
|upkeep
|
|t:|1758311163
|switch|p1a: Manaphy|Manaphy|100/100
|-damage|p1a: Manaphy|88/100|[from] Spikes
|turn|11
|
|t:|1758311167
|move|p1a: Manaphy|Substitute|p1a: Manaphy
|-start|p1a: Manaphy|Substitute
|-damage|p1a: Manaphy|63/100
|move|p2a: Gholdengo|Shadow Ball|p1a: Manaphy
|-end|p1a: Manaphy|Substitute
|
|-heal|p1a: Manaphy|69/100|[from] Grassy Terrain
|-heal|p1a: Manaphy|76/100|[from] item: Leftovers
|-heal|p2a: Gholdengo|49/100|[from] Grassy Terrain
|-heal|p2a: Gholdengo|55/100|[from] item: Leftovers
|-fieldend|move: Grassy Terrain
|upkeep
|turn|12
|
|t:|1758311172
|move|p1a: Manaphy|Tail Glow|p1a: Manaphy
|-boost|p1a: Manaphy|spa|3
|move|p2a: Gholdengo|Shadow Ball|p1a: Manaphy
|-damage|p1a: Manaphy|24/100
|
|-heal|p1a: Manaphy|30/100|[from] item: Leftovers
|-heal|p2a: Gholdengo|61/100|[from] item: Leftovers
|upkeep
|turn|13
|
|t:|1758311175
|move|p1a: Manaphy|Surf|p2a: Gholdengo
|-damage|p2a: Gholdengo|0 fnt
|faint|p2a: Gholdengo
|
|-heal|p1a: Manaphy|36/100|[from] item: Leftovers
|upkeep
|
|t:|1758311180
|switch|p2a: Rillaboom|Rillaboom, F|33/100
|-activate|p2a: Rillaboom|move: Sticky Web
|-unboost|p2a: Rillaboom|spe|1
|-fieldstart|move: Grassy Terrain|[from] ability: Grassy Surge|[of] p2a: Rillaboom
|turn|14
|-message|natsuzamaki forfeited.
|
|win|federal government
|n|☆natsuzamaki|natsuzamaki
|n|☆federal government|federalgovernment
|n|*Lady Monita ☀|ladymonita
|n| Albrtix|albrtix
|l|*Lady Monita ☀
|l|☆natsuzamaki
|player|p1|
