|j|☆Alisyem
|j|☆uber-mom
|t:|1758328566
|gametype|singles
|player|p1|Alisyem|169|1500
|player|p2|uber-mom|lucas|1611
|gen|9
|tier|[Gen 9] OU
|rated|
|rule|HP Percentage Mod: HP is shown in percentages
|rule|Endless Battle Clause: Forcing endless battles is banned
|rule|Species Clause: Limit one of each Pokémon
|rule|OHKO Clause: OHKO moves are banned
|rule|Evasion Items Clause: Evasion items are banned
|rule|Evasion Moves Clause: Evasion moves are banned
|rule|Evasion Abilities Clause: Evasion abilities are banned
|rule|Sleep Moves Clause: Sleep-inducing moves are banned
|clearpoke
|poke|p1|Keldeo-Resolute|
|poke|p1|Ting-Lu|
|poke|p1|Hatterene, F|
|poke|p1|Dragonite, F|
|poke|p1|Weavile, M|
|poke|p1|Iron Treads|
|poke|p2|Indeedee, M|
|poke|p2|Hatterene, F|
|poke|p2|Ursaluna, M|
|poke|p2|Iron Hands|
|poke|p2|Hoopa-Unbound|
|poke|p2|Mimikyu, M|
|teampreview
|inactive|Battle timer is ON: inactive players will automatically lose when time's up. (requested by uber-mom)
|
|t:|1758328596
|teamsize|p1|6
|teamsize|p2|6
|start
|switch|p1a: Iron Treads|Iron Treads|100/100
|switch|p2a: Kinzo|Hoopa-Unbound|100/100
|turn|1
|
|t:|1758328604
|move|p1a: Iron Treads|Stealth Rock|p2a: Kinzo
|-sidestart|p2: uber-mom|move: Stealth Rock
|move|p2a: Kinzo|Trick Room|p2a: Kinzo
|-fieldstart|move: Trick Room|[of] p2a: Kinzo
|
|upkeep
|turn|2
|
|t:|1758328616
|-end|p1a: Iron Treads|Quark Drive|[silent]
|switch|p1a: Hatterene|Hatterene, F|100/100
|move|p2a: Kinzo|Focus Blast|p1a: Hatterene|[miss]
|-miss|p2a: Kinzo|p1a: Hatterene
|
|upkeep
|turn|3
|
|t:|1758328627
|switch|p2a: Battler|Ursaluna, M, shiny|100/100
|-damage|p2a: Battler|94/100|[from] Stealth Rock
|move|p1a: Hatterene|Dazzling Gleam|p2a: Battler
|-damage|p2a: Battler|65/100
|
|-status|p2a: Battler|brn|[from] item: Flame Orb
|upkeep
|turn|4
|
|t:|1758328638
|switch|p1a: Ting-Lu|Ting-Lu|100/100
|-ability|p1a: Ting-Lu|Vessel of Ruin
|move|p2a: Battler|Facade|p1a: Ting-Lu
|-damage|p1a: Ting-Lu|47/100
|-damage|p2a: Battler|48/100 brn|[from] item: Rocky Helmet|[of] p1a: Ting-Lu
|
|-damage|p2a: Battler|42/100 brn|[from] brn
|upkeep
|turn|5
|inactive|Alisyem has 120 seconds left.
|
|t:|1758328672
|move|p2a: Battler|Facade|p1a: Ting-Lu
|-damage|p1a: Ting-Lu|0 fnt
|-damage|p2a: Battler|25/100 brn|[from] item: Rocky Helmet|[of] p1a: Ting-Lu
|faint|p1a: Ting-Lu
|
|-damage|p2a: Battler|19/100 brn|[from] brn
|-fieldend|move: Trick Room
|upkeep
|inactive|Alisyem has 120 seconds left.
|
|t:|1758328685
|switch|p1a: Weavile|Weavile, M|100/100
|-ability|p1a: Weavile|Pressure
|turn|6
|
|t:|1758328692
|switch|p2a: Ronove|Indeedee, M|100/100
|-damage|p2a: Ronove|88/100|[from] Stealth Rock
|-fieldstart|move: Psychic Terrain|[from] ability: Psychic Surge|[of] p2a: Ronove
|move|p1a: Weavile|Knock Off|p2a: Ronove
|-supereffective|p2a: Ronove
|-damage|p2a: Ronove|0 fnt
|-enditem|p2a: Ronove|Terrain Extender|[from] move: Knock Off|[of] p1a: Weavile
|faint|p2a: Ronove
|-damage|p1a: Weavile|91/100|[from] item: Life Orb
|
|upkeep
|
|t:|1758328695
|switch|p2a: Sakutaro|Mimikyu, M|100/100
|-damage|p2a: Sakutaro|88/100|[from] Stealth Rock
|turn|7
|inactive|Alisyem has 120 seconds left.
|
|t:|1758328721
|move|p1a: Weavile|Triple Axel|p2a: Sakutaro
|-activate|p2a: Sakutaro|ability: Disguise
|-damage|p2a: Sakutaro|88/100
|detailschange|p2a: Sakutaro|Mimikyu-Busted, M
|-damage|p2a: Sakutaro|76/100|[from] pokemon: Mimikyu-Busted
|-damage|p2a: Sakutaro|52/100
|-hitcount|p2a: Sakutaro|2
|-enditem|p2a: Sakutaro|Red Card|[of] p1a: Weavile
|drag|p1a: Dragonite|Dragonite, F|100/100
|move|p2a: Sakutaro|Trick Room|p2a: Sakutaro
|-fieldstart|move: Trick Room|[of] p2a: Sakutaro
|
|upkeep
|turn|8
|inactive|Alisyem has 120 seconds left.
|
|t:|1758328738
|switch|p1a: Iron Treads|Iron Treads|100/100
|move|p2a: Sakutaro|Curse|p1a: Iron Treads
|-start|p1a: Iron Treads|Curse|[of] p2a: Sakutaro
|-damage|p2a: Sakutaro|2/100
|
|-damage|p1a: Iron Treads|76/100|[from] Curse
|upkeep
|turn|9
|
|t:|1758328750
|move|p2a: Sakutaro|Curse||[still]
|-fail|p2a: Sakutaro
|move|p1a: Iron Treads|Volt Switch|p2a: Sakutaro
|-damage|p2a: Sakutaro|0 fnt
|faint|p2a: Sakutaro
|
|t:|1758328755
|-end|p1a: Iron Treads|Quark Drive|[silent]
|switch|p1a: Hatterene|Hatterene, F|100/100|[from] Volt Switch
|
|upkeep
|
|t:|1758328764
|switch|p2a: Beato|Hatterene, F, shiny|100/100
|-damage|p2a: Beato|88/100|[from] Stealth Rock
|turn|10
|inactive|Alisyem has 120 seconds left.
|
|t:|1758328771
|-terastallize|p2a: Beato|Stellar
|move|p2a: Beato|Draining Kiss|p1a: Hatterene
|-damage|p1a: Hatterene|36/100
|-heal|p2a: Beato|100/100|[from] drain|[of] p1a: Hatterene
|-damage|p2a: Beato|91/100|[from] item: Life Orb
|move|p1a: Hatterene|Nuzzle|p2a: Beato
|-damage|p2a: Beato|86/100
|-status|p2a: Beato|par
|
|upkeep
|turn|11
|
|t:|1758328779
|move|p2a: Beato|Draining Kiss|p1a: Hatterene
|-damage|p1a: Hatterene|0 fnt
|-heal|p2a: Beato|100/100 par|[from] drain|[of] p1a: Hatterene
|faint|p1a: Hatterene
|-damage|p2a: Beato|91/100 par|[from] item: Life Orb
|
|-fieldend|move: Trick Room
|upkeep
|inactive|Alisyem has 120 seconds left.
|
|t:|1758328791
|switch|p1a: Keldeo|Keldeo-Resolute|100/100
|turn|12
|
|t:|1758328794
|-terastallize|p1a: Keldeo|Water
|move|p1a: Keldeo|Surf|p2a: Beato
|-damage|p2a: Beato|0 fnt
|faint|p2a: Beato
|
|upkeep
|
|t:|1758328799
|switch|p2a: Dlanor|Iron Hands|100/100
|-damage|p2a: Dlanor|94/100|[from] Stealth Rock
|-enditem|p2a: Dlanor|Booster Energy
|-activate|p2a: Dlanor|ability: Quark Drive|[fromitem]
|-start|p2a: Dlanor|quarkdriveatk
|turn|13
|
|t:|1758328810
|switch|p1a: Iron Treads|Iron Treads|76/100
|move|p2a: Dlanor|Close Combat|p1a: Iron Treads
|-supereffective|p1a: Iron Treads
|-damage|p1a: Iron Treads|0 fnt
|-unboost|p2a: Dlanor|def|1
|-unboost|p2a: Dlanor|spd|1
|faint|p1a: Iron Treads
|-end|p1a: Iron Treads|Quark Drive|[silent]
|
|-fieldend|move: Psychic Terrain
|upkeep
|
|t:|1758328815
|switch|p1a: Dragonite|Dragonite, F|100/100
|turn|14
|
|t:|1758328820
|move|p1a: Dragonite|Encore|p2a: Dlanor
|-start|p2a: Dlanor|Encore
|move|p2a: Dlanor|Close Combat|p1a: Dragonite
|-resisted|p1a: Dragonite
|-damage|p1a: Dragonite|74/100
|-unboost|p2a: Dlanor|def|1
|-unboost|p2a: Dlanor|spd|1
|
|upkeep
|turn|15
|
|t:|1758328824
|move|p1a: Dragonite|Dragon Dance|p1a: Dragonite
|-boost|p1a: Dragonite|atk|1
|-boost|p1a: Dragonite|spe|1
|move|p2a: Dlanor|Close Combat|p1a: Dragonite
|-resisted|p1a: Dragonite
|-damage|p1a: Dragonite|21/100
|-unboost|p2a: Dlanor|def|1
|-unboost|p2a: Dlanor|spd|1
|
|upkeep
|turn|16
|
|t:|1758328830
|move|p1a: Dragonite|Earthquake|p2a: Dlanor
|-supereffective|p2a: Dlanor
|-damage|p2a: Dlanor|0 fnt
|faint|p2a: Dlanor
|-end|p2a: Dlanor|Quark Drive|[silent]
|
|upkeep
|
|t:|1758328832
|switch|p2a: Battler|Ursaluna, M, shiny|19/100 brn
|-damage|p2a: Battler|13/100 brn|[from] Stealth Rock
|turn|17
|
|t:|1758328835
|move|p1a: Dragonite|Earthquake|p2a: Battler
|-damage|p2a: Battler|0 fnt
|faint|p2a: Battler
|
|upkeep
|
|t:|1758328836
|switch|p2a: Kinzo|Hoopa-Unbound|100/100
|-damage|p2a: Kinzo|88/100|[from] Stealth Rock
|turn|18
|
|t:|1758328840
|move|p1a: Dragonite|Scale Shot|p2a: Kinzo
|-damage|p2a: Kinzo|61/100
|-damage|p2a: Kinzo|34/100
|-damage|p2a: Kinzo|7/100
|-damage|p2a: Kinzo|0 fnt
|faint|p2a: Kinzo
|-hitcount|p2: Kinzo|4
|
|win|Alisyem
|raw|Alisyem's rating: 1500 &rarr; <strong>1526</strong><br />(+26 for winning)
|raw|uber-mom's rating: 1611 &rarr; <strong>1585</strong><br />(-26 for losing)
|l|☆uber-mom
|player|p2|
|c|☆Alisyem|gg
|l|☆Alisyem
|player|p1|
|j|☆Alisyem
|player|p1|Alisyem|169|
