|j|☆carloss prates
|j|☆vegancrosfit
|t:|1758284126
|gametype|singles
|player|p1|carloss prates|bruno|1586
|player|p2|vegancrosfit|cyclist-gen4|1632
|gen|9
|tier|[Gen 9] OU
|rated|
|rule|HP Percentage Mod: HP is shown in percentages
|rule|Endless Battle Clause: Forcing endless battles is banned
|rule|Species Clause: Limit one of each Pokémon
|rule|OHKO Clause: OHKO moves are banned
|rule|Evasion Items Clause: Evasion items are banned
|rule|Evasion Moves Clause: Evasion moves are banned
|rule|Evasion Abilities Clause: Evasion abilities are banned
|rule|Sleep Moves Clause: Sleep-inducing moves are banned
|clearpoke
|poke|p1|Ninetales-Alola, M|
|poke|p1|Dondozo, F|
|poke|p1|Iron Treads|
|poke|p1|Kyurem|
|poke|p1|Comfey, F|
|poke|p1|Polteageist|
|poke|p2|Pelipper, F|
|poke|p2|Raging Bolt|
|poke|p2|Hatterene, F|
|poke|p2|Barraskewda, F|
|poke|p2|Great Tusk|
|poke|p2|Tornadus-Therian, M|
|teampreview
|
|t:|1758284152
|teamsize|p1|6
|teamsize|p2|6
|start
|switch|p1a: Kyurem|Kyurem|100/100
|switch|p2a: Barraskewda|Barraskewda, F|100/100
|-ability|p1a: Kyurem|Pressure
|turn|1
|inactive|Battle timer is ON: inactive players will automatically lose when time's up. (requested by vegancrosfit)
|
|t:|1758284181
|switch|p1a: Dondozo|Dondozo, F|100/100
|move|p2a: Barraskewda|Close Combat|p1a: Dondozo
|-damage|p1a: Dondozo|59/100
|-unboost|p2a: Barraskewda|def|1
|-unboost|p2a: Barraskewda|spd|1
|
|-heal|p1a: Dondozo|65/100|[from] item: Leftovers
|upkeep
|turn|2
|
|t:|1758284203
|switch|p2a: Raging Bolt|Raging Bolt|100/100
|switch|p1a: Kyurem|Kyurem|100/100
|-ability|p1a: Kyurem|Pressure
|
|upkeep
|turn|3
|
|t:|1758284207
|switch|p1a: Iron Treads|Iron Treads|100/100
|-enditem|p1a: Iron Treads|Booster Energy
|-activate|p1a: Iron Treads|ability: Quark Drive|[fromitem]
|-start|p1a: Iron Treads|quarkdrivespe
|-terastallize|p2a: Raging Bolt|Electric
|move|p2a: Raging Bolt|Draco Meteor|p1a: Iron Treads
|-resisted|p1a: Iron Treads
|-damage|p1a: Iron Treads|21/100
|-unboost|p2a: Raging Bolt|spa|2
|
|upkeep
|turn|4
|
|t:|1758284225
|-end|p2a: Raging Bolt|Protosynthesis|[silent]
|switch|p2a: Hatterene|Hatterene, F|100/100
|move|p1a: Iron Treads|Stealth Rock|p2a: Hatterene
|move|p2a: Hatterene|Stealth Rock|p1a: Iron Treads|[from] ability: Magic Bounce
|-sidestart|p1: carloss prates|move: Stealth Rock
|
|upkeep
|turn|5
|
|t:|1758284230
|move|p1a: Iron Treads|Rapid Spin|p2a: Hatterene
|-damage|p2a: Hatterene|91/100
|-boost|p1a: Iron Treads|spe|1
|-sideend|p1: carloss prates|Stealth Rock|[from] move: Rapid Spin|[of] p1a: Iron Treads
|move|p2a: Hatterene|Calm Mind|p2a: Hatterene
|-boost|p2a: Hatterene|spa|1
|-boost|p2a: Hatterene|spd|1
|
|-heal|p2a: Hatterene|97/100|[from] item: Leftovers
|upkeep
|turn|6
|
|t:|1758284236
|move|p1a: Iron Treads|Steel Beam|p2a: Hatterene
|-supereffective|p2a: Hatterene
|-damage|p2a: Hatterene|26/100
|-damage|p1a: Iron Treads|0 fnt|[from] steelbeam
|faint|p1a: Iron Treads
|-end|p1a: Iron Treads|Quark Drive|[silent]
|move|p2a: Hatterene|Draining Kiss|p1: Iron Treads|[notarget]
|-fail|p2a: Hatterene
|
|-heal|p2a: Hatterene|32/100|[from] item: Leftovers
|upkeep
|
|t:|1758284243
|switch|p1a: Kyurem|Kyurem|100/100
|-ability|p1a: Kyurem|Pressure
|turn|7
|
|t:|1758284249
|move|p1a: Kyurem|Icicle Spear|p2a: Hatterene
|-damage|p2a: Hatterene|18/100
|-damage|p2a: Hatterene|5/100
|-hitcount|p2a: Hatterene|2
|move|p2a: Hatterene|Draining Kiss|p1a: Kyurem
|-supereffective|p1a: Kyurem
|-damage|p1a: Kyurem|34/100
|-heal|p2a: Hatterene|66/100|[from] drain|[of] p1a: Kyurem
|
|-heal|p2a: Hatterene|72/100|[from] item: Leftovers
|upkeep
|turn|8
|
|t:|1758284256
|move|p1a: Kyurem|Icicle Spear|p2a: Hatterene
|-damage|p2a: Hatterene|59/100
|-crit|p2a: Hatterene
|-damage|p2a: Hatterene|38/100
|-damage|p2a: Hatterene|26/100
|-crit|p2a: Hatterene
|-damage|p2a: Hatterene|5/100
|-damage|p2a: Hatterene|0 fnt
|faint|p2a: Hatterene
|-hitcount|p2: Hatterene|5
|
|upkeep
|inactive|vegancrosfit has 120 seconds left.
|
|t:|1758284313
|switch|p2a: Barraskewda|Barraskewda, F|100/100
|turn|9
|inactive|carloss prates has 120 seconds left.
|
|t:|1758284365
|switch|p1a: Comfey|Comfey, F|100/100
|move|p2a: Barraskewda|Liquidation|p1a: Comfey
|-damage|p1a: Comfey|17/100
|-enditem|p1a: Comfey|Kee Berry|[eat]
|-boost|p1a: Comfey|def|1|[from] item: Kee Berry
|
|upkeep
|turn|10
|
|t:|1758284379
|switch|p2a: Pelipper|Pelipper, F|100/100
|-weather|RainDance|[from] ability: Drizzle|[of] p2a: Pelipper
|move|p1a: Comfey|Draining Kiss|p2a: Pelipper
|-damage|p2a: Pelipper|74/100
|-heal|p1a: Comfey|38/100|[from] drain|[of] p2a: Pelipper
|
|-weather|RainDance|[upkeep]
|upkeep
|turn|11
|inactive|carloss prates has 90 seconds left.
|inactive|carloss prates has 60 seconds left.
|inactive|carloss prates has 30 seconds left.
|inactive|carloss prates has 20 seconds left.
|inactive|carloss prates has 15 seconds left.
|inactive|carloss prates has 10 seconds left.
|
|t:|1758284489
|move|p1a: Comfey|Draining Kiss|p2a: Pelipper
|-crit|p2a: Pelipper
|-damage|p2a: Pelipper|35/100
|-heal|p1a: Comfey|69/100|[from] drain|[of] p2a: Pelipper
|move|p2a: Pelipper|Hurricane|p1a: Comfey
|-damage|p1a: Comfey|33/100
|
|-weather|RainDance|[upkeep]
|upkeep
|turn|12
|inactive|carloss prates has 20 seconds left this turn.
|inactive|vegancrosfit has 120 seconds left.
|
|t:|1758284496
|switch|p2a: Tornadus|Tornadus-Therian, M|100/100
|move|p1a: Comfey|Draining Kiss|p2a: Tornadus
|-damage|p2a: Tornadus|91/100
|-heal|p1a: Comfey|41/100|[from] drain|[of] p2a: Tornadus
|
|-weather|RainDance|[upkeep]
|upkeep
|turn|13
|inactive|carloss prates has 30 seconds left this turn.
|inactive|carloss prates has 20 seconds left.
|
|t:|1758284508
|move|p2a: Tornadus|Hurricane|p1a: Comfey
|-damage|p1a: Comfey|0 fnt
|faint|p1a: Comfey
|
|-weather|RainDance|[upkeep]
|upkeep
|inactive|carloss prates has 25 seconds left this turn.
|
|t:|1758284511
|switch|p1a: Ninetales|Ninetales-Alola, M|100/100
|-weather|Snowscape|[from] ability: Snow Warning|[of] p1a: Ninetales
|turn|14
|
|t:|1758284515
|switch|p2a: Pelipper|Pelipper, F|35/100
|-weather|RainDance|[from] ability: Drizzle|[of] p2a: Pelipper
|move|p1a: Ninetales|Freeze-Dry|p2a: Pelipper
|-supereffective|p2a: Pelipper
|-damage|p2a: Pelipper|0 fnt
|faint|p2a: Pelipper
|
|-weather|RainDance|[upkeep]
|upkeep
|
|t:|1758284518
|switch|p2a: Barraskewda|Barraskewda, F|100/100
|turn|15
|
|t:|1758284524
|switch|p1a: Dondozo|Dondozo, F|65/100
|move|p2a: Barraskewda|Flip Turn|p1a: Dondozo
|-resisted|p1a: Dondozo
|-crit|p1a: Dondozo
|-damage|p1a: Dondozo|30/100
|
|t:|1758284530
|switch|p2a: Raging Bolt|Raging Bolt, tera:Electric|100/100|[from] Flip Turn
|
|-weather|RainDance|[upkeep]
|-heal|p1a: Dondozo|36/100|[from] item: Leftovers
|upkeep
|turn|16
|
|t:|1758284536
|move|p2a: Raging Bolt|Volt Switch|p1a: Dondozo
|-supereffective|p1a: Dondozo
|-crit|p1a: Dondozo
|-damage|p1a: Dondozo|0 fnt
|faint|p1a: Dondozo
|
|t:|1758284541
|-end|p2a: Raging Bolt|Protosynthesis|[silent]
|switch|p2a: Barraskewda|Barraskewda, F|100/100|[from] Volt Switch
|
|-weather|RainDance|[upkeep]
|upkeep
|
|t:|1758284543
|switch|p1a: Ninetales|Ninetales-Alola, M|100/100
|-weather|Snowscape|[from] ability: Snow Warning|[of] p1a: Ninetales
|turn|17
|
|t:|1758284552
|move|p2a: Barraskewda|Flip Turn|p1a: Ninetales
|-damage|p1a: Ninetales|60/100
|
|t:|1758284555
|switch|p2a: Tornadus|Tornadus-Therian, M|100/100|[from] Flip Turn
|move|p1a: Ninetales|Aurora Veil|p1a: Ninetales
|-sidestart|p1: carloss prates|move: Aurora Veil
|
|-weather|Snowscape|[upkeep]
|upkeep
|turn|18
|
|t:|1758284558
|switch|p1a: Kyurem|Kyurem|34/100
|-ability|p1a: Kyurem|Pressure
|move|p2a: Tornadus|Hurricane|p1a: Kyurem|[miss]
|-miss|p2a: Tornadus|p1a: Kyurem
|
|-weather|Snowscape|[upkeep]
|upkeep
|turn|19
|
|t:|1758284564
|move|p1a: Kyurem|Dragon Dance|p1a: Kyurem
|-boost|p1a: Kyurem|atk|1
|-boost|p1a: Kyurem|spe|1
|move|p2a: Tornadus|U-turn|p1a: Kyurem
|-damage|p1a: Kyurem|29/100
|
|t:|1758284569
|switch|p2a: Great Tusk|Great Tusk|100/100|[from] U-turn
|
|-weather|Snowscape|[upkeep]
|upkeep
|turn|20
|
|t:|1758284574
|move|p1a: Kyurem|Icicle Spear|p2a: Great Tusk
|-supereffective|p2a: Great Tusk
|-damage|p2a: Great Tusk|80/100
|-supereffective|p2a: Great Tusk
|-damage|p2a: Great Tusk|60/100
|-supereffective|p2a: Great Tusk
|-damage|p2a: Great Tusk|39/100
|-hitcount|p2a: Great Tusk|3
|move|p2a: Great Tusk|Knock Off|p1a: Kyurem
|-damage|p1a: Kyurem|18/100
|-enditem|p1a: Kyurem|Never-Melt Ice|[from] move: Knock Off|[of] p2a: Great Tusk
|
|-weather|Snowscape|[upkeep]
|-heal|p2a: Great Tusk|45/100|[from] item: Leftovers
|upkeep
|turn|21
|inactive|carloss prates has 120 seconds left.
|
|t:|1758284587
|move|p1a: Kyurem|Freeze-Dry|p2a: Great Tusk
|-supereffective|p2a: Great Tusk
|-damage|p2a: Great Tusk|0 fnt
|faint|p2a: Great Tusk
|-end|p2a: Great Tusk|Protosynthesis|[silent]
|
|-weather|none
|upkeep
|
|t:|1758284601
|switch|p2a: Tornadus|Tornadus-Therian, M|100/100
|turn|22
|
|t:|1758284603
|move|p1a: Kyurem|Icicle Spear|p2a: Tornadus
|-supereffective|p2a: Tornadus
|-damage|p2a: Tornadus|59/100
|-supereffective|p2a: Tornadus
|-damage|p2a: Tornadus|15/100
|-supereffective|p2a: Tornadus
|-damage|p2a: Tornadus|0 fnt
|faint|p2a: Tornadus
|-hitcount|p2: Tornadus|3
|
|upkeep
|
|t:|1758284615
|switch|p2a: Raging Bolt|Raging Bolt, tera:Electric|100/100
|turn|23
|
|t:|1758284618
|move|p1a: Kyurem|Earth Power|p2a: Raging Bolt
|-supereffective|p2a: Raging Bolt
|-damage|p2a: Raging Bolt|47/100
|move|p2a: Raging Bolt|Volt Switch|p1a: Kyurem
|-resisted|p1a: Kyurem
|-damage|p1a: Kyurem|0 fnt
|faint|p1a: Kyurem
|
|t:|1758284624
|-end|p2a: Raging Bolt|Protosynthesis|[silent]
|switch|p2a: Barraskewda|Barraskewda, F|100/100|[from] Volt Switch
|
|upkeep
|
|t:|1758284627
|switch|p1a: Ninetales|Ninetales-Alola, M|60/100
|-weather|Snowscape|[from] ability: Snow Warning|[of] p1a: Ninetales
|turn|24
|
|t:|1758284631
|move|p2a: Barraskewda|Liquidation|p1a: Ninetales
|-damage|p1a: Ninetales|29/100
|move|p1a: Ninetales|Freeze-Dry|p2a: Barraskewda
|-supereffective|p2a: Barraskewda
|-damage|p2a: Barraskewda|13/100
|
|-weather|Snowscape|[upkeep]
|-sideend|p1: carloss prates|move: Aurora Veil
|upkeep
|turn|25
|
|t:|1758284636
|move|p2a: Barraskewda|Liquidation|p1a: Ninetales
|-damage|p1a: Ninetales|0 fnt
|faint|p1a: Ninetales
|
|-weather|Snowscape|[upkeep]
|upkeep
|
|t:|1758284637
|switch|p1a: Polteageist|Polteageist|100/100
|turn|26
|
|t:|1758284644
|switch|p2a: Raging Bolt|Raging Bolt, tera:Electric|47/100
|move|p1a: Polteageist|Shell Smash|p1a: Polteageist
|-unboost|p1a: Polteageist|def|1
|-unboost|p1a: Polteageist|spd|1
|-boost|p1a: Polteageist|atk|2
|-boost|p1a: Polteageist|spa|2
|-boost|p1a: Polteageist|spe|2
|-enditem|p1a: Polteageist|White Herb
|-clearnegativeboost|p1a: Polteageist|[silent]
|
|-weather|Snowscape|[upkeep]
|upkeep
|turn|27
|
|t:|1758284652
|move|p1a: Polteageist|Shadow Ball|p2a: Raging Bolt
|-damage|p2a: Raging Bolt|0 fnt
|faint|p2a: Raging Bolt
|-end|p2a: Raging Bolt|Protosynthesis|[silent]
|
|-weather|Snowscape|[upkeep]
|upkeep
|
|t:|1758284655
|switch|p2a: Barraskewda|Barraskewda, F|13/100
|turn|28
|
|t:|1758284658
|move|p2a: Barraskewda|Aqua Jet|p1a: Polteageist
|-damage|p1a: Polteageist|65/100
|move|p1a: Polteageist|Shadow Ball|p2a: Barraskewda
|-damage|p2a: Barraskewda|0 fnt
|faint|p2a: Barraskewda
|
|win|carloss prates
|raw|carloss prates's rating: 1586 &rarr; <strong>1609</strong><br />(+23 for winning)
|raw|vegancrosfit's rating: 1632 &rarr; <strong>1609</strong><br />(-23 for losing)
|l|☆carloss prates
|player|p1|
|l|☆vegancrosfit
|player|p2|
