|j|☆Frebow
|j|☆Laughrjx
|t:|1758312671
|gametype|singles
|player|p1|Frebow|ethan|1452
|player|p2|Laughrjx|n|1427
|gen|9
|tier|[Gen 9] OU
|rated|
|rule|HP Percentage Mod: HP is shown in percentages
|rule|Endless Battle Clause: Forcing endless battles is banned
|rule|Species Clause: Limit one of each Pokémon
|rule|OHKO Clause: OHKO moves are banned
|rule|Evasion Items Clause: Evasion items are banned
|rule|Evasion Moves Clause: Evasion moves are banned
|rule|Evasion Abilities Clause: Evasion abilities are banned
|rule|Sleep Moves Clause: Sleep-inducing moves are banned
|clearpoke
|poke|p1|Landorus-Therian, M|
|poke|p1|Iron Moth|
|poke|p1|Kyurem|
|poke|p1|Greninja-*, M|
|poke|p1|Glimmora, M|
|poke|p1|Kingambit, F|
|poke|p2|Ceruledge, M|
|poke|p2|Grimmsnarl, M|
|poke|p2|Kingambit, F|
|poke|p2|Greninja-*, M|
|poke|p2|Goodra, M|
|poke|p2|Great Tusk|
|teampreview
|inactive|Battle timer is ON: inactive players will automatically lose when time's up. (requested by Laughrjx)
|inactive|Frebow also wants the timer to be on.
|
|t:|1758312687
|teamsize|p1|6
|teamsize|p2|6
|start
|switch|p1a: Glimmora|Glimmora, M, shiny|100/100
|switch|p2a: Green Goblin|Grimmsnarl, M|100/100
|turn|1
|
|t:|1758312693
|move|p2a: Green Goblin|Light Screen|p2a: Green Goblin
|-sidestart|p2: Laughrjx|move: Light Screen
|move|p1a: Glimmora|Mortal Spin|p2a: Green Goblin
|-supereffective|p2a: Green Goblin
|-damage|p2a: Green Goblin|85/100
|-status|p2a: Green Goblin|psn
|
|-damage|p2a: Green Goblin|73/100 psn|[from] psn
|upkeep
|turn|2
|
|t:|1758312703
|move|p2a: Green Goblin|Reflect|p2a: Green Goblin
|-sidestart|p2: Laughrjx|Reflect
|move|p1a: Glimmora|Spikes|p2a: Green Goblin
|-sidestart|p2: Laughrjx|Spikes
|
|-damage|p2a: Green Goblin|60/100 psn|[from] psn
|upkeep
|turn|3
|
|t:|1758312711
|move|p1a: Glimmora|Spikes|p2a: Green Goblin
|-sidestart|p2: Laughrjx|Spikes
|move|p2a: Green Goblin|Spirit Break|p1a: Glimmora
|-resisted|p1a: Glimmora
|-damage|p1a: Glimmora|82/100
|-unboost|p1a: Glimmora|spa|1
|-activate|p1a: Glimmora|ability: Toxic Debris
|-sidestart|p2: Laughrjx|move: Toxic Spikes
|
|-damage|p2a: Green Goblin|48/100 psn|[from] psn
|upkeep
|turn|4
|
|t:|1758312720
|move|p2a: Green Goblin|Parting Shot|p1a: Glimmora
|-unboost|p1a: Glimmora|atk|1
|-unboost|p1a: Glimmora|spa|1
|
|t:|1758312723
|switch|p2a: TT|Goodra, M|100/100|[from] Parting Shot
|-damage|p2a: TT|84/100|[from] Spikes
|-status|p2a: TT|psn
|move|p1a: Glimmora|Spikes|p2a: TT
|-sidestart|p2: Laughrjx|Spikes
|
|-damage|p2a: TT|72/100 psn|[from] psn
|upkeep
|turn|5
|
|t:|1758312731
|move|p1a: Glimmora|Spikes||[still]
|-fail|p1a: Glimmora
|move|p2a: TT|Dragon Pulse|p1a: Glimmora
|-damage|p1a: Glimmora|28/100
|
|-damage|p2a: TT|60/100 psn|[from] psn
|upkeep
|turn|6
|
|t:|1758312739
|switch|p1a: Landorus|Landorus-Therian, M, shiny|100/100
|-ability|p1a: Landorus|Intimidate|boost
|-unboost|p2a: TT|atk|1
|move|p2a: TT|Dragon Pulse|p1a: Landorus
|-damage|p1a: Landorus|51/100
|
|-damage|p2a: TT|47/100 psn|[from] psn
|upkeep
|turn|7
|
|t:|1758312747
|move|p1a: Landorus|Stealth Rock|p2a: TT
|-sidestart|p2: Laughrjx|move: Stealth Rock
|move|p2a: TT|Dragon Pulse|p1a: Landorus
|-damage|p1a: Landorus|0 fnt
|faint|p1a: Landorus
|
|-damage|p2a: TT|35/100 psn|[from] psn
|upkeep
|
|t:|1758312754
|switch|p1a: Greninja|Greninja, M|100/100
|turn|8
|
|t:|1758312757
|move|p1a: Greninja|Ice Beam|p2a: TT
|-supereffective|p2a: TT
|-damage|p2a: TT|20/100 psn
|-damage|p1a: Greninja|91/100|[from] item: Life Orb
|move|p2a: TT|Thunderbolt|p1a: Greninja
|-supereffective|p1a: Greninja
|-damage|p1a: Greninja|0 fnt
|faint|p1a: Greninja
|
|-damage|p2a: TT|8/100 psn|[from] psn
|-sideend|p2: Laughrjx|move: Light Screen
|upkeep
|
|t:|1758312774
|switch|p1a: Iron Moth|Iron Moth, shiny|100/100
|-enditem|p1a: Iron Moth|Booster Energy
|-activate|p1a: Iron Moth|ability: Quark Drive|[fromitem]
|-start|p1a: Iron Moth|quarkdrivespe
|turn|9
|
|t:|1758312781
|move|p1a: Iron Moth|Substitute|p1a: Iron Moth
|-start|p1a: Iron Moth|Substitute
|-damage|p1a: Iron Moth|76/100
|move|p2a: TT|Dragon Pulse|p1a: Iron Moth
|-end|p1a: Iron Moth|Substitute
|
|-damage|p2a: TT|0 fnt|[from] psn
|faint|p2a: TT
|-sideend|p2: Laughrjx|Reflect
|upkeep
|
|t:|1758312785
|switch|p2a: Dark bull|Great Tusk|100/100
|-damage|p2a: Dark bull|76/100|[from] Spikes
|-status|p2a: Dark bull|psn
|-damage|p2a: Dark bull|73/100 psn|[from] Stealth Rock
|-enditem|p2a: Dark bull|Booster Energy
|-activate|p2a: Dark bull|ability: Protosynthesis|[fromitem]
|-start|p2a: Dark bull|protosynthesisatk
|turn|10
|
|t:|1758312797
|move|p1a: Iron Moth|Substitute|p1a: Iron Moth
|-start|p1a: Iron Moth|Substitute
|-damage|p1a: Iron Moth|51/100
|move|p2a: Dark bull|Rapid Spin|p1a: Iron Moth
|-end|p1a: Iron Moth|Substitute
|-sideend|p2: Laughrjx|Spikes|[from] move: Rapid Spin|[of] p2a: Dark bull
|-sideend|p2: Laughrjx|Toxic Spikes|[from] move: Rapid Spin|[of] p2a: Dark bull
|-sideend|p2: Laughrjx|Stealth Rock|[from] move: Rapid Spin|[of] p2a: Dark bull
|-boost|p2a: Dark bull|spe|1
|
|-damage|p2a: Dark bull|60/100 psn|[from] psn
|upkeep
|turn|11
|
|t:|1758312806
|move|p1a: Iron Moth|Dazzling Gleam|p2a: Dark bull
|-supereffective|p2a: Dark bull
|-damage|p2a: Dark bull|0 fnt
|faint|p2a: Dark bull
|-end|p2a: Dark bull|Protosynthesis|[silent]
|
|upkeep
|
|t:|1758312811
|switch|p2a: Naruto|Greninja, M|100/100
|turn|12
|
|t:|1758312817
|move|p2a: Naruto|Water Shuriken|p1a: Iron Moth
|-supereffective|p1a: Iron Moth
|-damage|p1a: Iron Moth|32/100
|-supereffective|p1a: Iron Moth
|-damage|p1a: Iron Moth|13/100
|-hitcount|p1a: Iron Moth|2
|-damage|p2a: Naruto|91/100|[from] item: Life Orb
|move|p1a: Iron Moth|Substitute|p1a: Iron Moth
|-fail|p1a: Iron Moth|move: Substitute|[weak]
|
|upkeep
|turn|13
|
|t:|1758312827
|-end|p1a: Iron Moth|Quark Drive|[silent]
|switch|p1a: Kyurem|Kyurem, shiny|100/100
|-ability|p1a: Kyurem|Pressure
|move|p2a: Naruto|Water Shuriken|p1a: Kyurem
|-resisted|p1a: Kyurem
|-damage|p1a: Kyurem|96/100
|-resisted|p1a: Kyurem
|-damage|p1a: Kyurem|92/100
|-resisted|p1a: Kyurem
|-damage|p1a: Kyurem|88/100
|-hitcount|p1a: Kyurem|3
|-damage|p2a: Naruto|81/100|[from] item: Life Orb
|
|upkeep
|turn|14
|
|t:|1758312838
|move|p2a: Naruto|Dark Pulse|p1a: Kyurem
|-damage|p1a: Kyurem|47/100
|-damage|p2a: Naruto|71/100|[from] item: Life Orb
|move|p1a: Kyurem|Dragon Dance|p1a: Kyurem
|-boost|p1a: Kyurem|atk|1
|-boost|p1a: Kyurem|spe|1
|
|upkeep
|turn|15
|
|t:|1758312852
|switch|p2a: Green Goblin|Grimmsnarl, M|48/100 psn
|move|p1a: Kyurem|Scale Shot|p2a: Green Goblin
|-immune|p2a: Green Goblin
|
|-damage|p2a: Green Goblin|36/100 psn|[from] psn
|upkeep
|turn|16
|
|t:|1758312861
|move|p1a: Kyurem|Icicle Spear|p2a: Green Goblin
|-damage|p2a: Green Goblin|9/100 psn
|-crit|p2a: Green Goblin
|-damage|p2a: Green Goblin|0 fnt
|faint|p2a: Green Goblin
|-hitcount|p2: Green Goblin|2
|
|upkeep
|
|t:|1758312868
|switch|p2a: Red X|Kingambit, F|100/100
|-activate|p2a: Red X|ability: Supreme Overlord
|-start|p2a: Red X|fallen3|[silent]
|turn|17
|
|t:|1758312877
|move|p1a: Kyurem|Dragon Dance|p1a: Kyurem
|-boost|p1a: Kyurem|atk|1
|-boost|p1a: Kyurem|spe|1
|move|p2a: Red X|Iron Head|p1a: Kyurem
|-supereffective|p1a: Kyurem
|-damage|p1a: Kyurem|0 fnt
|faint|p1a: Kyurem
|
|upkeep
|
|t:|1758312887
|switch|p1a: Iron Moth|Iron Moth, shiny|13/100
|turn|18
|
|t:|1758312892
|move|p2a: Red X|Sucker Punch|p1a: Iron Moth
|-damage|p1a: Iron Moth|0 fnt
|faint|p1a: Iron Moth
|-end|p1a: Iron Moth|Quark Drive|[silent]
|
|upkeep
|
|t:|1758312896
|switch|p1a: Glimmora|Glimmora, M, shiny|28/100
|turn|19
|
|t:|1758312901
|move|p1a: Glimmora|Spikes|p2a: Red X
|-sidestart|p2: Laughrjx|Spikes
|move|p2a: Red X|Iron Head|p1a: Glimmora
|-supereffective|p1a: Glimmora
|-damage|p1a: Glimmora|0 fnt
|-activate|p1a: Glimmora|ability: Toxic Debris
|-sidestart|p2: Laughrjx|move: Toxic Spikes
|faint|p1a: Glimmora
|
|upkeep
|
|t:|1758312908
|switch|p1a: Kingambit|Kingambit, F, shiny|100/100
|-activate|p1a: Kingambit|ability: Supreme Overlord
|-start|p1a: Kingambit|fallen5|[silent]
|turn|20
|
|t:|1758312912
|move|p1a: Kingambit|Swords Dance|p1a: Kingambit
|-boost|p1a: Kingambit|atk|2
|move|p2a: Red X|Kowtow Cleave|p1a: Kingambit
|-resisted|p1a: Kingambit
|-damage|p1a: Kingambit|71/100
|
|-heal|p1a: Kingambit|77/100|[from] item: Leftovers
|upkeep
|turn|21
|
|t:|1758312920
|move|p1a: Kingambit|Swords Dance|p1a: Kingambit
|-boost|p1a: Kingambit|atk|2
|move|p2a: Red X|Kowtow Cleave|p1a: Kingambit
|-resisted|p1a: Kingambit
|-damage|p1a: Kingambit|47/100
|
|-heal|p1a: Kingambit|53/100|[from] item: Leftovers
|upkeep
|turn|22
|
|t:|1758312927
|move|p1a: Kingambit|Iron Head|p2a: Red X
|-resisted|p2a: Red X
|-damage|p2a: Red X|18/100
|move|p2a: Red X|Kowtow Cleave|p1a: Kingambit
|-resisted|p1a: Kingambit
|-damage|p1a: Kingambit|27/100
|
|-heal|p1a: Kingambit|33/100|[from] item: Leftovers
|upkeep
|turn|23
|
|t:|1758312935
|move|p2a: Red X|Sucker Punch|p1a: Kingambit
|-resisted|p1a: Kingambit
|-damage|p1a: Kingambit|8/100
|move|p1a: Kingambit|Iron Head|p2a: Red X
|-resisted|p2a: Red X
|-damage|p2a: Red X|0 fnt
|faint|p2a: Red X
|-end|p2a: Red X|fallen3|[silent]
|
|-heal|p1a: Kingambit|15/100|[from] item: Leftovers
|upkeep
|
|t:|1758312937
|switch|p2a: Naruto|Greninja, M|71/100
|-damage|p2a: Naruto|59/100|[from] Spikes
|-status|p2a: Naruto|psn
|turn|24
|
|t:|1758312946
|-terastallize|p2a: Naruto|Water
|move|p2a: Naruto|Water Shuriken|p1a: Kingambit
|-damage|p1a: Kingambit|1/100
|-damage|p1a: Kingambit|0 fnt
|faint|p1a: Kingambit
|-end|p1a: Kingambit|fallen5|[silent]
|-hitcount|p1: Kingambit|2
|-damage|p2a: Naruto|49/100 psn|[from] item: Life Orb
|
|win|Laughrjx
|raw|Frebow's rating: 1452 &rarr; <strong>1431</strong><br />(-21 for losing)
|raw|Laughrjx's rating: 1427 &rarr; <strong>1448</strong><br />(+21 for winning)
|l|☆Frebow
|player|p1|
|l|☆Laughrjx
|player|p2|
