|j|☆Aidster
|j|‽drywalled wins
|t:|1758256804
|gametype|singles
|player|p1|Aidster|pokemaniac|1400
|player|p2|drywalled wins|barry|1346
|gen|9
|tier|[Gen 9] OU
|rated|
|rule|HP Percentage Mod: HP is shown in percentages
|rule|Endless Battle Clause: Forcing endless battles is banned
|rule|Species Clause: Limit one of each Pokémon
|rule|OHKO Clause: OHKO moves are banned
|rule|Evasion Items Clause: Evasion items are banned
|rule|Evasion Moves Clause: Evasion moves are banned
|rule|Evasion Abilities Clause: Evasion abilities are banned
|rule|Sleep Moves Clause: Sleep-inducing moves are banned
|clearpoke
|poke|p1|Excadrill, M|
|poke|p1|Hatterene, F|
|poke|p1|Cinderace, F|
|poke|p1|Kyurem|
|poke|p1|Alomomola, M|
|poke|p1|Lokix, M|
|poke|p2|Registeel|
|poke|p2|Ninetales-Alola, F|
|poke|p2|Raging Bolt|
|poke|p2|Great Tusk|
|poke|p2|Lokix, F|
|poke|p2|Manaphy|
|teampreview
|
|t:|1758256814
|teamsize|p1|6
|teamsize|p2|6
|start
|switch|p1a: Lokix|Lokix, M|100/100
|switch|p2a: Ninetales|Ninetales-Alola, F|100/100
|-weather|Snowscape|[from] ability: Snow Warning|[of] p2a: Ninetales
|turn|1
|
|t:|1758256818
|move|p2a: Ninetales|Aurora Veil|p2a: Ninetales
|-sidestart|p2: drywalled wins|move: Aurora Veil
|move|p1a: Lokix|U-turn|p2a: Ninetales
|-resisted|p2a: Ninetales
|-damage|p2a: Ninetales|81/100
|
|t:|1758256823
|switch|p1a: Excadrill|Excadrill, M|100/100|[from] U-turn
|-ability|p1a: Excadrill|Mold Breaker
|
|-weather|Snowscape|[upkeep]
|upkeep
|turn|2
|
|t:|1758256840
|switch|p1a: Hatterene|Hatterene, F|100/100
|switch|p2a: Great Tusk|Great Tusk|100/100
|
|-weather|Snowscape|[upkeep]
|upkeep
|turn|3
|
|t:|1758256846
|-end|p2a: Great Tusk|Protosynthesis|[silent]
|switch|p2a: Registeel|Registeel|100/100
|move|p1a: Hatterene|Draining Kiss|p2a: Registeel
|-resisted|p2a: Registeel
|-damage|p2a: Registeel|97/100
|
|-weather|Snowscape|[upkeep]
|-heal|p2a: Registeel|100/100|[from] item: Leftovers
|upkeep
|turn|4
|
|t:|1758256856
|move|p2a: Registeel|Heavy Slam|p1a: Hatterene
|-supereffective|p1a: Hatterene
|-crit|p1a: Hatterene
|-damage|p1a: Hatterene|0 fnt
|faint|p1a: Hatterene
|
|-weather|Snowscape|[upkeep]
|upkeep
|
|t:|1758256862
|switch|p1a: Cinderace|Cinderace, F|100/100
|turn|5
|
|t:|1758256869
|move|p1a: Cinderace|Will-O-Wisp|p2a: Registeel
|-status|p2a: Registeel|brn
|move|p2a: Registeel|Thunder Wave|p1a: Cinderace
|-status|p1a: Cinderace|par
|
|-weather|none
|-damage|p2a: Registeel|94/100 brn|[from] brn
|upkeep
|turn|6
|
|t:|1758256876
|move|p1a: Cinderace|Pyro Ball|p2a: Registeel
|-supereffective|p2a: Registeel
|-crit|p2a: Registeel
|-damage|p2a: Registeel|0 fnt
|faint|p2a: Registeel
|
|upkeep
|
|t:|1758256883
|switch|p2a: Manaphy|Manaphy|100/100
|turn|7
|inactive|Battle timer is ON: inactive players will automatically lose when time's up. (requested by drywalled wins)
|
|t:|1758256900
|switch|p1a: Lokix|Lokix, M|100/100
|move|p2a: Manaphy|Take Heart|p2a: Manaphy
|-boost|p2a: Manaphy|spa|1
|-boost|p2a: Manaphy|spd|1
|
|upkeep
|turn|8
|
|t:|1758256907
|move|p1a: Lokix|First Impression|p2a: Manaphy
|-damage|p2a: Manaphy|74/100
|move|p2a: Manaphy|Acid Armor|p2a: Manaphy
|-boost|p2a: Manaphy|def|2
|
|-sideend|p2: drywalled wins|move: Aurora Veil
|upkeep
|turn|9
|
|t:|1758256915
|switch|p1a: Kyurem|Kyurem|100/100
|-ability|p1a: Kyurem|Pressure
|move|p2a: Manaphy|Take Heart|p2a: Manaphy
|-boost|p2a: Manaphy|spa|1
|-boost|p2a: Manaphy|spd|1
|
|upkeep
|turn|10
|
|t:|1758256928
|-terastallize|p1a: Kyurem|Ice
|move|p1a: Kyurem|Freeze-Dry|p2a: Manaphy
|-supereffective|p2a: Manaphy
|-damage|p2a: Manaphy|30/100
|move|p2a: Manaphy|Stored Power|p1a: Kyurem
|-damage|p1a: Kyurem|9/100
|
|upkeep
|turn|11
|
|t:|1758256936
|switch|p2a: Ninetales|Ninetales-Alola, F|81/100
|-weather|Snowscape|[from] ability: Snow Warning|[of] p2a: Ninetales
|move|p1a: Kyurem|Freeze-Dry|p2a: Ninetales
|-resisted|p2a: Ninetales
|-damage|p2a: Ninetales|54/100
|
|-weather|Snowscape|[upkeep]
|upkeep
|turn|12
|
|t:|1758256942
|switch|p1a: Excadrill|Excadrill, M|100/100
|-ability|p1a: Excadrill|Mold Breaker
|move|p2a: Ninetales|Moonblast|p1a: Excadrill
|-resisted|p1a: Excadrill
|-damage|p1a: Excadrill|81/100
|
|-weather|Snowscape|[upkeep]
|upkeep
|turn|13
|
|t:|1758256947
|move|p1a: Excadrill|Iron Head|p2a: Ninetales
|-supereffective|p2a: Ninetales
|-damage|p2a: Ninetales|0 fnt
|faint|p2a: Ninetales
|
|-weather|Snowscape|[upkeep]
|upkeep
|
|t:|1758256951
|switch|p2a: Great Tusk|Great Tusk|100/100
|turn|14
|
|t:|1758256960
|switch|p1a: Alomomola|Alomomola, M|100/100
|move|p2a: Great Tusk|Stealth Rock|p1a: Alomomola
|-sidestart|p1: Aidster|move: Stealth Rock
|
|-weather|Snowscape|[upkeep]
|upkeep
|turn|15
|
|t:|1758256972
|-end|p2a: Great Tusk|Protosynthesis|[silent]
|switch|p2a: Manaphy|Manaphy|30/100
|move|p1a: Alomomola|Scald|p2a: Manaphy
|-resisted|p2a: Manaphy
|-damage|p2a: Manaphy|24/100
|-enditem|p2a: Manaphy|Aguav Berry|[eat]
|-heal|p2a: Manaphy|57/100|[from] item: Aguav Berry
|
|-weather|none
|upkeep
|turn|16
|
|t:|1758256983
|move|p2a: Manaphy|Take Heart|p2a: Manaphy
|-boost|p2a: Manaphy|spa|1
|-boost|p2a: Manaphy|spd|1
|move|p1a: Alomomola|Flip Turn|p2a: Manaphy
|-resisted|p2a: Manaphy
|-damage|p2a: Manaphy|51/100
|
|t:|1758256988
|switch|p1a: Lokix|Lokix, M|100/100|[from] Flip Turn
|-damage|p1a: Lokix|76/100|[from] Stealth Rock
|
|upkeep
|turn|17
|
|t:|1758256992
|move|p1a: Lokix|First Impression|p2a: Manaphy
|-damage|p2a: Manaphy|0 fnt
|faint|p2a: Manaphy
|
|upkeep
|
|t:|1758256996
|switch|p2a: Lokix|Lokix, F|100/100
|turn|18
|
|t:|1758257006
|switch|p1a: Cinderace|Cinderace, F|100/100 par
|move|p2a: Lokix|U-turn|p1a: Cinderace
|-resisted|p1a: Cinderace
|-damage|p1a: Cinderace|42/100 par
|
|t:|1758257010
|switch|p2a: Great Tusk|Great Tusk|100/100|[from] U-turn
|
|upkeep
|turn|19
|
|t:|1758257014
|move|p2a: Great Tusk|Headlong Rush|p1a: Cinderace
|-supereffective|p1a: Cinderace
|-damage|p1a: Cinderace|0 fnt
|-unboost|p2a: Great Tusk|def|1
|-unboost|p2a: Great Tusk|spd|1
|faint|p1a: Cinderace
|
|upkeep
|
|t:|1758257023
|switch|p1a: Lokix|Lokix, M|76/100
|-damage|p1a: Lokix|51/100|[from] Stealth Rock
|turn|20
|
|t:|1758257036
|move|p1a: Lokix|First Impression|p2a: Great Tusk
|-resisted|p2a: Great Tusk
|-damage|p2a: Great Tusk|36/100
|-damage|p1a: Lokix|34/100|[from] item: Rocky Helmet|[of] p2a: Great Tusk
|move|p2a: Great Tusk|Headlong Rush|p1a: Lokix
|-resisted|p1a: Lokix
|-damage|p1a: Lokix|0 fnt
|-unboost|p2a: Great Tusk|def|1
|-unboost|p2a: Great Tusk|spd|1
|faint|p1a: Lokix
|
|upkeep
|
|t:|1758257042
|switch|p1a: Excadrill|Excadrill, M|81/100
|-damage|p1a: Excadrill|78/100|[from] Stealth Rock
|-ability|p1a: Excadrill|Mold Breaker
|turn|21
|
|t:|1758257059
|-end|p2a: Great Tusk|Protosynthesis|[silent]
|switch|p2a: Lokix|Lokix, F|100/100
|move|p1a: Excadrill|Rapid Spin|p2a: Lokix
|-damage|p2a: Lokix|71/100
|-boost|p1a: Excadrill|spe|1
|-sideend|p1: Aidster|Stealth Rock|[from] move: Rapid Spin|[of] p1a: Excadrill
|
|upkeep
|turn|22
|
|t:|1758257073
|switch|p1a: Alomomola|Alomomola, M|100/100
|move|p2a: Lokix|First Impression|p1a: Alomomola
|-damage|p1a: Alomomola|66/100
|
|upkeep
|turn|23
|
|t:|1758257082
|switch|p2a: Raging Bolt|Raging Bolt|100/100
|-enditem|p2a: Raging Bolt|Booster Energy
|-activate|p2a: Raging Bolt|ability: Protosynthesis|[fromitem]
|-start|p2a: Raging Bolt|protosynthesisspa
|move|p1a: Alomomola|Wish|p1a: Alomomola
|
|upkeep
|turn|24
|
|t:|1758257088
|switch|p1a: Excadrill|Excadrill, M|78/100
|-ability|p1a: Excadrill|Mold Breaker
|move|p2a: Raging Bolt|Dragon Pulse|p1a: Excadrill
|-resisted|p1a: Excadrill
|-damage|p1a: Excadrill|34/100
|
|-heal|p1a: Excadrill|100/100|[from] move: Wish|[wisher] Alomomola
|upkeep
|turn|25
|
|t:|1758257094
|-end|p2a: Raging Bolt|Protosynthesis|[silent]
|switch|p2a: Great Tusk|Great Tusk|36/100
|move|p1a: Excadrill|Earthquake|p2a: Great Tusk
|-damage|p2a: Great Tusk|1/100
|
|upkeep
|turn|26
|
|t:|1758257101
|move|p1a: Excadrill|Earthquake|p2a: Great Tusk
|-damage|p2a: Great Tusk|0 fnt
|faint|p2a: Great Tusk
|-end|p2a: Great Tusk|Protosynthesis|[silent]
|
|upkeep
|
|t:|1758257105
|switch|p2a: Lokix|Lokix, F|71/100
|turn|27
|
|t:|1758257110
|switch|p1a: Alomomola|Alomomola, M|99/100
|move|p2a: Lokix|Knock Off|p1a: Alomomola
|-damage|p1a: Alomomola|61/100
|-enditem|p1a: Alomomola|Heavy-Duty Boots|[from] move: Knock Off|[of] p2a: Lokix
|
|upkeep
|turn|28
|
|t:|1758257117
|move|p2a: Lokix|Knock Off|p1a: Alomomola
|-damage|p1a: Alomomola|34/100
|move|p1a: Alomomola|Flip Turn|p2a: Lokix
|-damage|p2a: Lokix|46/100
|
|t:|1758257121
|switch|p1a: Excadrill|Excadrill, M|100/100|[from] Flip Turn
|-ability|p1a: Excadrill|Mold Breaker
|
|upkeep
|turn|29
|
|t:|1758257126
|move|p1a: Excadrill|Iron Head|p2a: Lokix
|-damage|p2a: Lokix|0 fnt
|faint|p2a: Lokix
|
|upkeep
|
|t:|1758257129
|switch|p2a: Raging Bolt|Raging Bolt|100/100
|turn|30
|
|t:|1758257131
|switch|p1a: Alomomola|Alomomola, M|68/100
|move|p2a: Raging Bolt|Calm Mind|p2a: Raging Bolt
|-boost|p2a: Raging Bolt|spa|1
|-boost|p2a: Raging Bolt|spd|1
|
|upkeep
|turn|31
|
|t:|1758257135
|move|p2a: Raging Bolt|Thunderbolt|p1a: Alomomola
|-supereffective|p1a: Alomomola
|-damage|p1a: Alomomola|0 fnt
|faint|p1a: Alomomola
|
|upkeep
|
|t:|1758257140
|switch|p1a: Excadrill|Excadrill, M|100/100
|-ability|p1a: Excadrill|Mold Breaker
|turn|32
|
|t:|1758257146
|-terastallize|p2a: Raging Bolt|Fairy
|move|p1a: Excadrill|Earthquake|p2a: Raging Bolt
|-damage|p2a: Raging Bolt|50/100
|move|p2a: Raging Bolt|Dragon Pulse|p1a: Excadrill
|-resisted|p1a: Excadrill
|-damage|p1a: Excadrill|49/100
|
|upkeep
|turn|33
|
|t:|1758257154
|switch|p1a: Kyurem|Kyurem, tera:Ice|9/100
|-ability|p1a: Kyurem|Pressure
|move|p2a: Raging Bolt|Dragon Pulse|p1a: Kyurem
|-damage|p1a: Kyurem|0 fnt
|faint|p1a: Kyurem
|
|upkeep
|
|t:|1758257156
|switch|p1a: Excadrill|Excadrill, M|49/100
|-ability|p1a: Excadrill|Mold Breaker
|turn|34
|
|t:|1758257159
|move|p1a: Excadrill|Iron Head|p2a: Raging Bolt
|-supereffective|p2a: Raging Bolt
|-damage|p2a: Raging Bolt|0 fnt
|faint|p2a: Raging Bolt
|-end|p2a: Raging Bolt|Protosynthesis|[silent]
|
|win|Aidster
|raw|Aidster's rating: 1400 &rarr; <strong>1417</strong><br />(+17 for winning)
|raw|drywalled wins's rating: 1346 &rarr; <strong>1329</strong><br />(-17 for losing)
|l|‽drywalled wins
|player|p2|
|l|☆Aidster
|player|p1|
