|j|☆1shy9
|j|☆rookie22
|t:|1758297690
|gametype|singles
|player|p1|1shy9|acetrainerf-gen4|1738
|player|p2|rookie22|iris-gen5bw2|1770
|gen|9
|tier|[Gen 9] OU
|rated|
|rule|HP Percentage Mod: HP is shown in percentages
|rule|Endless Battle Clause: Forcing endless battles is banned
|rule|Species Clause: Limit one of each Pokémon
|rule|OHKO Clause: OHKO moves are banned
|rule|Evasion Items Clause: Evasion items are banned
|rule|Evasion Moves Clause: Evasion moves are banned
|rule|Evasion Abilities Clause: Evasion abilities are banned
|rule|Sleep Moves Clause: Sleep-inducing moves are banned
|clearpoke
|poke|p1|Iron Moth|
|poke|p1|Gholdengo|
|poke|p1|Great Tusk|
|poke|p1|Kyurem|
|poke|p1|Zamazenta-*|
|poke|p1|Dragonite, M|
|poke|p2|Dragonite, M|
|poke|p2|Meowscarada, F|
|poke|p2|Keldeo|
|poke|p2|Iron Crown|
|poke|p2|Raging Bolt|
|poke|p2|Great Tusk|
|teampreview
|inactive|Battle timer is ON: inactive players will automatically lose when time's up. (requested by rookie22)
|j| lknnnk
|inactive|1shy9 has 120 seconds left.
|j| wgw2333
|
|t:|1758297732
|teamsize|p1|6
|teamsize|p2|6
|start
|switch|p1a: Kyurem|Kyurem|100/100
|switch|p2a: Raging Bolt|Raging Bolt|100/100
|-ability|p1a: Kyurem|Pressure
|turn|1
|
|t:|1758297740
|-end|p2a: Raging Bolt|Protosynthesis|[silent]
|switch|p2a: Bene Gesserit|Iron Crown|100/100
|move|p1a: Kyurem|Icicle Spear|p2a: Bene Gesserit
|-resisted|p2a: Bene Gesserit
|-damage|p2a: Bene Gesserit|94/100
|-resisted|p2a: Bene Gesserit
|-damage|p2a: Bene Gesserit|88/100
|-resisted|p2a: Bene Gesserit
|-damage|p2a: Bene Gesserit|81/100
|-resisted|p2a: Bene Gesserit
|-damage|p2a: Bene Gesserit|74/100
|-hitcount|p2a: Bene Gesserit|4
|
|upkeep
|turn|2
|
|t:|1758297747
|switch|p1a: Iron Moth|Iron Moth|100/100
|-enditem|p1a: Iron Moth|Booster Energy
|-activate|p1a: Iron Moth|ability: Quark Drive|[fromitem]
|-start|p1a: Iron Moth|quarkdrivespe
|move|p2a: Bene Gesserit|Tachyon Cutter|p1a: Iron Moth
|-resisted|p1a: Iron Moth
|-damage|p1a: Iron Moth|89/100
|-resisted|p1a: Iron Moth
|-crit|p1a: Iron Moth
|-damage|p1a: Iron Moth|70/100
|-hitcount|p1a: Iron Moth|2
|
|upkeep
|turn|3
|
|t:|1758297769
|-end|p2a: Bene Gesserit|Quark Drive|[silent]
|switch|p2a: MEGA DRAGONITE|Dragonite, M|100/100
|move|p1a: Iron Moth|Fiery Dance|p2a: MEGA DRAGONITE
|-resisted|p2a: MEGA DRAGONITE
|-damage|p2a: MEGA DRAGONITE|89/100
|
|upkeep
|turn|4
|
|t:|1758297784
|move|p1a: Iron Moth|Sludge Wave|p2a: MEGA DRAGONITE
|-damage|p2a: MEGA DRAGONITE|35/100
|move|p2a: MEGA DRAGONITE|Earthquake|p1a: Iron Moth
|-supereffective|p1a: Iron Moth
|-damage|p1a: Iron Moth|0 fnt
|faint|p1a: Iron Moth
|-end|p1a: Iron Moth|Quark Drive|[silent]
|
|upkeep
|
|t:|1758297796
|switch|p1a: Kyurem|Kyurem|100/100
|-ability|p1a: Kyurem|Pressure
|turn|5
|
|t:|1758297799
|move|p1a: Kyurem|Dragon Dance|p1a: Kyurem
|-boost|p1a: Kyurem|atk|1
|-boost|p1a: Kyurem|spe|1
|move|p2a: MEGA DRAGONITE|Earthquake|p1a: Kyurem
|-damage|p1a: Kyurem|66/100
|
|upkeep
|turn|6
|
|t:|1758297802
|move|p1a: Kyurem|Icicle Spear|p2a: MEGA DRAGONITE
|-supereffective|p2a: MEGA DRAGONITE
|-damage|p2a: MEGA DRAGONITE|0 fnt
|faint|p2a: MEGA DRAGONITE
|-hitcount|p2: MEGA DRAGONITE|1
|
|upkeep
|j| oRinNeGa7V1
|
|t:|1758297815
|switch|p2a: Lisan Al Gaib|Keldeo|100/100
|turn|7
|
|t:|1758297818
|move|p2a: Lisan Al Gaib|Vacuum Wave|p1a: Kyurem
|-supereffective|p1a: Kyurem
|-damage|p1a: Kyurem|0 fnt
|faint|p1a: Kyurem
|
|upkeep
|
|t:|1758297827
|switch|p1a: Zamazenta|Zamazenta|100/100
|-ability|p1a: Zamazenta|Dauntless Shield|boost
|-boost|p1a: Zamazenta|def|1
|turn|8
|
|t:|1758297832
|switch|p2a: Raging Bolt|Raging Bolt|100/100
|move|p1a: Zamazenta|Body Press|p2a: Raging Bolt
|-damage|p2a: Raging Bolt|56/100
|
|-heal|p2a: Raging Bolt|62/100|[from] item: Leftovers
|upkeep
|turn|9
|
|t:|1758297835
|switch|p1a: Great Tusk|Great Tusk|100/100
|-terastallize|p2a: Raging Bolt|Fairy
|move|p2a: Raging Bolt|Thunderbolt|p1a: Great Tusk
|-immune|p1a: Great Tusk
|
|-heal|p2a: Raging Bolt|68/100|[from] item: Leftovers
|upkeep
|turn|10
|
|t:|1758297840
|-end|p2a: Raging Bolt|Protosynthesis|[silent]
|switch|p2a: Great Tusk|Great Tusk|100/100
|move|p1a: Great Tusk|Headlong Rush|p2a: Great Tusk
|-damage|p2a: Great Tusk|63/100
|-unboost|p1a: Great Tusk|def|1
|-unboost|p1a: Great Tusk|spd|1
|
|-heal|p2a: Great Tusk|69/100|[from] item: Leftovers
|upkeep
|turn|11
|
|t:|1758297845
|move|p1a: Great Tusk|Ice Spinner|p2a: Great Tusk
|-supereffective|p2a: Great Tusk
|-damage|p2a: Great Tusk|34/100
|move|p2a: Great Tusk|Ice Spinner|p1a: Great Tusk
|-supereffective|p1a: Great Tusk
|-damage|p1a: Great Tusk|29/100
|
|-heal|p2a: Great Tusk|40/100|[from] item: Leftovers
|upkeep
|turn|12
|
|t:|1758297850
|-end|p2a: Great Tusk|Protosynthesis|[silent]
|switch|p2a: Lisan Al Gaib|Keldeo|100/100
|move|p1a: Great Tusk|Headlong Rush|p2a: Lisan Al Gaib
|-damage|p2a: Lisan Al Gaib|23/100
|-unboost|p1a: Great Tusk|def|1
|-unboost|p1a: Great Tusk|spd|1
|
|upkeep
|turn|13
|
|t:|1758297853
|move|p2a: Lisan Al Gaib|Surf|p1a: Great Tusk
|-supereffective|p1a: Great Tusk
|-damage|p1a: Great Tusk|0 fnt
|faint|p1a: Great Tusk
|-end|p1a: Great Tusk|Protosynthesis|[silent]
|
|upkeep
|
|t:|1758297863
|switch|p1a: Dragonite|Dragonite, M|100/100
|turn|14
|
|t:|1758297870
|switch|p2a: Great Tusk|Great Tusk|40/100
|move|p1a: Dragonite|Dragon Dance|p1a: Dragonite
|-boost|p1a: Dragonite|atk|1
|-boost|p1a: Dragonite|spe|1
|
|-heal|p2a: Great Tusk|46/100|[from] item: Leftovers
|upkeep
|turn|15
|
|t:|1758297879
|-terastallize|p1a: Dragonite|Flying
|move|p1a: Dragonite|Tera Blast|p2a: Great Tusk|[anim] Tera Blast Flying
|-supereffective|p2a: Great Tusk
|-damage|p2a: Great Tusk|0 fnt
|faint|p2a: Great Tusk
|-end|p2a: Great Tusk|Protosynthesis|[silent]
|
|upkeep
|
|t:|1758297884
|switch|p2a: Raging Bolt|Raging Bolt, tera:Fairy|68/100
|turn|16
|l| lknnnk
|l| oRinNeGa7V1
|
|t:|1758297910
|-end|p2a: Raging Bolt|Protosynthesis|[silent]
|switch|p2a: Meowscarada|Meowscarada, F|100/100
|move|p1a: Dragonite|Tera Blast|p2a: Meowscarada|[anim] Tera Blast Flying
|-supereffective|p2a: Meowscarada
|-damage|p2a: Meowscarada|0 fnt
|faint|p2a: Meowscarada
|
|upkeep
|
|t:|1758297912
|switch|p2a: Lisan Al Gaib|Keldeo|23/100
|turn|17
|
|t:|1758297919
|move|p2a: Lisan Al Gaib|Vacuum Wave|p1a: Dragonite
|-resisted|p1a: Dragonite
|-damage|p1a: Dragonite|91/100
|move|p1a: Dragonite|Tera Blast|p2a: Lisan Al Gaib|[anim] Tera Blast Flying
|-supereffective|p2a: Lisan Al Gaib
|-damage|p2a: Lisan Al Gaib|0 fnt
|faint|p2a: Lisan Al Gaib
|
|upkeep
|
|t:|1758297923
|switch|p2a: Raging Bolt|Raging Bolt, tera:Fairy|68/100
|turn|18
|
|t:|1758297925
|move|p2a: Raging Bolt|Thunderclap|p1a: Dragonite
|-supereffective|p1a: Dragonite
|-damage|p1a: Dragonite|5/100
|move|p1a: Dragonite|Tera Blast|p2a: Raging Bolt|[anim] Tera Blast Flying
|-damage|p2a: Raging Bolt|0 fnt
|faint|p2a: Raging Bolt
|-end|p2a: Raging Bolt|Protosynthesis|[silent]
|
|upkeep
|
|t:|1758297929
|switch|p2a: Bene Gesserit|Iron Crown|74/100
|turn|19
|
|t:|1758297932
|move|p1a: Dragonite|Earthquake|p2a: Bene Gesserit
|-supereffective|p2a: Bene Gesserit
|-damage|p2a: Bene Gesserit|0 fnt
|faint|p2a: Bene Gesserit
|-end|p2a: Bene Gesserit|Quark Drive|[silent]
|
|win|1shy9
|raw|1shy9's rating: 1738 &rarr; <strong>1760</strong><br />(+22 for winning)
|raw|rookie22's rating: 1770 &rarr; <strong>1748</strong><br />(-22 for losing)
|l|☆rookie22
|player|p2|
|l|☆1shy9
|player|p1|
|l| wgw2333
