|j|☆Phiirix
|j|☆Exsvuw
|t:|1758357405
|gametype|singles
|player|p1|Phiirix|colress|1144
|player|p2|Exsvuw|169|1080
|gen|9
|tier|[Gen 9] OU
|rated|
|rule|HP Percentage Mod: HP is shown in percentages
|rule|Endless Battle Clause: Forcing endless battles is banned
|rule|Species Clause: Limit one of each Pokémon
|rule|OHKO Clause: OHKO moves are banned
|rule|Evasion Items Clause: Evasion items are banned
|rule|Evasion Moves Clause: Evasion moves are banned
|rule|Evasion Abilities Clause: Evasion abilities are banned
|rule|Sleep Moves Clause: Sleep-inducing moves are banned
|clearpoke
|poke|p1|Slowking-Galar, M|
|poke|p1|Iron Crown|
|poke|p1|Zamazenta-*|
|poke|p1|Zoroark, F|
|poke|p1|Dragonite, M|
|poke|p1|Araquanid, F|
|poke|p2|Kingambit, M|
|poke|p2|Zamazenta-*|
|poke|p2|Garganacl, F|
|poke|p2|Gliscor, M|
|poke|p2|Gholdengo|
|poke|p2|Iron Valiant|
|teampreview
|
|t:|1758357420
|teamsize|p1|6
|teamsize|p2|6
|start
|switch|p1a: Araquanid|Araquanid, F, shiny|100/100
|switch|p2a: Gliscor|Gliscor, M|100/100
|turn|1
|
|t:|1758357426
|move|p2a: Gliscor|Substitute|p2a: Gliscor
|-start|p2a: Gliscor|Substitute
|-damage|p2a: Gliscor|75/100
|move|p1a: Araquanid|Sticky Web|p2a: Gliscor
|-sidestart|p2: Exsvuw|move: Sticky Web
|
|-heal|p2a: Gliscor|82/100|[from] item: Leftovers
|upkeep
|turn|2
|
|t:|1758357433
|move|p2a: Gliscor|Gunk Shot|p1a: Araquanid
|-damage|p1a: Araquanid|78/100
|move|p1a: Araquanid|Liquidation|p2a: Gliscor
|-supereffective|p2a: Gliscor
|-end|p2a: Gliscor|Substitute
|
|-heal|p2a: Gliscor|88/100|[from] item: Leftovers
|upkeep
|turn|3
|
|t:|1758357445
|move|p2a: Gliscor|Toxic Spikes|p1a: Araquanid
|-sidestart|p1: Phiirix|move: Toxic Spikes
|move|p1a: Araquanid|Liquidation|p2a: Gliscor
|-supereffective|p2a: Gliscor
|-damage|p2a: Gliscor|2/100
|
|-heal|p2a: Gliscor|9/100|[from] item: Leftovers
|upkeep
|turn|4
|
|t:|1758357461
|move|p2a: Gliscor|Gunk Shot|p1a: Araquanid
|-damage|p1a: Araquanid|52/100
|move|p1a: Araquanid|Liquidation|p2a: Gliscor
|-supereffective|p2a: Gliscor
|-damage|p2a: Gliscor|0 fnt
|faint|p2a: Gliscor
|
|upkeep
|
|t:|1758357471
|switch|p2a: Garganacl|Garganacl, F|100/100
|-activate|p2a: Garganacl|move: Sticky Web
|-unboost|p2a: Garganacl|spe|1
|turn|5
|
|t:|1758357478
|move|p1a: Araquanid|Liquidation|p2a: Garganacl
|-supereffective|p2a: Garganacl
|-damage|p2a: Garganacl|36/100
|move|p2a: Garganacl|Recover|p2a: Garganacl
|-heal|p2a: Garganacl|86/100
|
|-heal|p2a: Garganacl|92/100|[from] item: Leftovers
|upkeep
|turn|6
|
|t:|1758357490
|move|p1a: Araquanid|Liquidation|p2a: Garganacl
|-supereffective|p2a: Garganacl
|-crit|p2a: Garganacl
|-damage|p2a: Garganacl|0 fnt
|faint|p2a: Garganacl
|
|upkeep
|
|t:|1758357497
|switch|p2a: Gholdengo|Gholdengo|100/100
|-activate|p2a: Gholdengo|move: Sticky Web
|-unboost|p2a: Gholdengo|spe|1
|turn|7
|
|t:|1758357506
|move|p2a: Gholdengo|Shadow Ball|p1a: Araquanid
|-damage|p1a: Araquanid|25/100
|-unboost|p1a: Araquanid|spd|1
|move|p1a: Araquanid|Liquidation|p2a: Gholdengo
|-damage|p2a: Gholdengo|58/100
|
|-heal|p2a: Gholdengo|64/100|[from] item: Leftovers
|upkeep
|turn|8
|
|t:|1758357515
|move|p2a: Gholdengo|Shadow Ball|p1a: Araquanid
|-damage|p1a: Araquanid|0 fnt
|faint|p1a: Araquanid
|
|-heal|p2a: Gholdengo|70/100|[from] item: Leftovers
|upkeep
|
|t:|1758357527
|switch|p1a: Slowking|Slowking-Galar, M|100/100
|-sideend|p1: Phiirix|move: Toxic Spikes|[of] p1a: Slowking
|turn|9
|inactive|Battle timer is ON: inactive players will automatically lose when time's up. (requested by Exsvuw)
|
|t:|1758357534
|move|p2a: Gholdengo|Light Screen|p2a: Gholdengo
|-sidestart|p2: Exsvuw|move: Light Screen
|-prepare|p1a: Slowking|Chilly Reception|[premajor]
|move|p1a: Slowking|Chilly Reception|p1a: Slowking
|-weather|Snowscape
|
|t:|1758357545
|switch|p1a: Dragonite|Dragonite, M|100/100|[from] Chilly Reception
|
|-weather|Snowscape|[upkeep]
|-heal|p2a: Gholdengo|76/100|[from] item: Leftovers
|upkeep
|turn|10
|
|t:|1758357554
|move|p1a: Dragonite|Trick|p2a: Gholdengo
|-immune|p2a: Gholdengo|[from] ability: Good as Gold
|move|p2a: Gholdengo|Dazzling Gleam|p1a: Dragonite
|-supereffective|p1a: Dragonite
|-damage|p1a: Dragonite|0 fnt
|replace|p1a: Zoroark|Zoroark, F, shiny
|-end|p1a: Zoroark|Illusion
|faint|p1a: Zoroark
|
|-weather|Snowscape|[upkeep]
|-heal|p2a: Gholdengo|82/100|[from] item: Leftovers
|upkeep
|
|t:|1758357560
|switch|p1a: Slowking|Slowking-Galar, M|100/100
|turn|11
|
|t:|1758357571
|move|p2a: Gholdengo|Dazzling Gleam|p1a: Slowking
|-resisted|p1a: Slowking
|-damage|p1a: Slowking|94/100
|move|p1a: Slowking|Fire Blast|p2a: Gholdengo
|-supereffective|p2a: Gholdengo
|-damage|p2a: Gholdengo|60/100
|
|-weather|Snowscape|[upkeep]
|-heal|p2a: Gholdengo|66/100|[from] item: Leftovers
|upkeep
|turn|12
|
|t:|1758357580
|move|p2a: Gholdengo|Shadow Ball|p1a: Slowking
|-supereffective|p1a: Slowking
|-damage|p1a: Slowking|52/100
|move|p1a: Slowking|Fire Blast|p2a: Gholdengo
|-supereffective|p2a: Gholdengo
|-damage|p2a: Gholdengo|43/100
|
|-weather|Snowscape|[upkeep]
|-heal|p2a: Gholdengo|49/100|[from] item: Leftovers
|upkeep
|turn|13
|
|t:|1758357590
|move|p2a: Gholdengo|Shadow Ball|p1a: Slowking
|-supereffective|p1a: Slowking
|-damage|p1a: Slowking|14/100
|move|p1a: Slowking|Fire Blast|p2a: Gholdengo
|-supereffective|p2a: Gholdengo
|-damage|p2a: Gholdengo|23/100
|-status|p2a: Gholdengo|brn
|
|-weather|none
|-heal|p2a: Gholdengo|29/100 brn|[from] item: Leftovers
|-damage|p2a: Gholdengo|23/100 brn|[from] brn
|-sideend|p2: Exsvuw|move: Light Screen
|upkeep
|turn|14
|
|t:|1758357602
|move|p2a: Gholdengo|Shadow Ball|p1a: Slowking
|-supereffective|p1a: Slowking
|-damage|p1a: Slowking|0 fnt
|faint|p1a: Slowking
|
|-heal|p2a: Gholdengo|29/100 brn|[from] item: Leftovers
|-damage|p2a: Gholdengo|23/100 brn|[from] brn
|upkeep
|
|t:|1758357606
|switch|p1a: Iron Crown|Iron Crown|100/100
|turn|15
|
|t:|1758357614
|move|p1a: Iron Crown|Volt Switch|p2a: Gholdengo
|-damage|p2a: Gholdengo|0 fnt
|faint|p2a: Gholdengo
|
|t:|1758357621
|-end|p1a: Iron Crown|Quark Drive|[silent]
|switch|p1a: Dragonite|Dragonite, M|100/100|[from] Volt Switch
|
|upkeep
|
|t:|1758357630
|switch|p2a: Iron Valiant|Iron Valiant|100/100
|-activate|p2a: Iron Valiant|move: Sticky Web
|-unboost|p2a: Iron Valiant|spe|1
|-enditem|p2a: Iron Valiant|Booster Energy
|-activate|p2a: Iron Valiant|ability: Quark Drive|[fromitem]
|-start|p2a: Iron Valiant|quarkdriveatk
|turn|16
|
|t:|1758357641
|move|p1a: Dragonite|Dragon Dance|p1a: Dragonite
|-boost|p1a: Dragonite|atk|1
|-boost|p1a: Dragonite|spe|1
|move|p2a: Iron Valiant|Drain Punch|p1a: Dragonite
|-resisted|p1a: Dragonite
|-damage|p1a: Dragonite|88/100
|
|upkeep
|turn|17
|
|t:|1758357649
|move|p1a: Dragonite|Encore|p2a: Iron Valiant
|-start|p2a: Iron Valiant|Encore
|move|p2a: Iron Valiant|Drain Punch|p1a: Dragonite
|-resisted|p1a: Dragonite
|-damage|p1a: Dragonite|66/100
|
|upkeep
|turn|18
|
|t:|1758357660
|move|p1a: Dragonite|Extreme Speed|p2a: Iron Valiant
|-damage|p2a: Iron Valiant|47/100
|move|p2a: Iron Valiant|Drain Punch|p1a: Dragonite
|-resisted|p1a: Dragonite
|-damage|p1a: Dragonite|44/100
|-heal|p2a: Iron Valiant|58/100|[from] drain|[of] p1a: Dragonite
|
|upkeep
|turn|19
|
|t:|1758357678
|-end|p2a: Iron Valiant|Quark Drive|[silent]
|switch|p2a: Zamazenta|Zamazenta|100/100
|-activate|p2a: Zamazenta|move: Sticky Web
|-unboost|p2a: Zamazenta|spe|1
|-ability|p2a: Zamazenta|Dauntless Shield|boost
|-boost|p2a: Zamazenta|def|1
|move|p1a: Dragonite|Extreme Speed|p2a: Zamazenta
|-damage|p2a: Zamazenta|71/100
|
|-heal|p2a: Zamazenta|78/100|[from] item: Leftovers
|upkeep
|turn|20
|
|t:|1758357692
|move|p1a: Dragonite|Extreme Speed|p2a: Zamazenta
|-damage|p2a: Zamazenta|46/100
|move|p2a: Zamazenta|Iron Defense|p2a: Zamazenta
|-boost|p2a: Zamazenta|def|2
|
|-heal|p2a: Zamazenta|52/100|[from] item: Leftovers
|upkeep
|turn|21
|
|t:|1758357702
|move|p1a: Dragonite|Encore|p2a: Zamazenta
|-start|p2a: Zamazenta|Encore
|move|p2a: Zamazenta|Iron Defense|p2a: Zamazenta
|-boost|p2a: Zamazenta|def|2
|
|-heal|p2a: Zamazenta|59/100|[from] item: Leftovers
|upkeep
|turn|22
|
|t:|1758357712
|switch|p1a: Iron Crown|Iron Crown|100/100
|switch|p2a: Iron Valiant|Iron Valiant|58/100
|-activate|p2a: Iron Valiant|move: Sticky Web
|-unboost|p2a: Iron Valiant|spe|1
|
|upkeep
|turn|23
|
|t:|1758357723
|move|p1a: Iron Crown|Tachyon Cutter|p2a: Iron Valiant
|-supereffective|p2a: Iron Valiant
|-damage|p2a: Iron Valiant|0 fnt
|faint|p2a: Iron Valiant
|-end|p2a: Iron Valiant|Quark Drive|[silent]
|-hitcount|p2: Iron Valiant|1
|
|upkeep
|
|t:|1758357729
|switch|p2a: Zamazenta|Zamazenta|59/100
|-activate|p2a: Zamazenta|move: Sticky Web
|-unboost|p2a: Zamazenta|spe|1
|turn|24
|
|t:|1758357746
|move|p1a: Iron Crown|Tachyon Cutter|p2a: Zamazenta
|-damage|p2a: Zamazenta|23/100
|-damage|p2a: Zamazenta|0 fnt
|faint|p2a: Zamazenta
|-hitcount|p2: Zamazenta|2
|
|upkeep
|
|t:|1758357752
|switch|p2a: Kingambit|Kingambit, M|100/100
|-activate|p2a: Kingambit|move: Sticky Web
|-unboost|p2a: Kingambit|spe|1
|-activate|p2a: Kingambit|ability: Supreme Overlord
|-start|p2a: Kingambit|fallen5|[silent]
|turn|25
|
|t:|1758357761
|-end|p1a: Iron Crown|Quark Drive|[silent]
|switch|p1a: Zamazenta|Zamazenta, shiny|100/100
|-ability|p1a: Zamazenta|Dauntless Shield|boost
|-boost|p1a: Zamazenta|def|1
|move|p2a: Kingambit|Swords Dance|p2a: Kingambit
|-boost|p2a: Kingambit|atk|2
|
|upkeep
|turn|26
|
|t:|1758357768
|move|p1a: Zamazenta|Iron Defense|p1a: Zamazenta
|-boost|p1a: Zamazenta|def|2
|move|p2a: Kingambit|Dark Pulse|p1a: Zamazenta
|-resisted|p1a: Zamazenta
|-damage|p1a: Zamazenta|84/100
|
|-heal|p1a: Zamazenta|90/100|[from] item: Leftovers
|upkeep
|turn|27
|
|t:|1758357777
|move|p1a: Zamazenta|Body Press|p2a: Kingambit
|-supereffective|p2a: Kingambit
|-damage|p2a: Kingambit|0 fnt
|faint|p2a: Kingambit
|-end|p2a: Kingambit|fallen5|[silent]
|
|win|Phiirix
|raw|Phiirix's rating: 1144 &rarr; <strong>1164</strong><br />(+20 for winning)
|raw|Exsvuw's rating: 1080 &rarr; <strong>1062</strong><br />(-18 for losing)
|l|☆Phiirix
|player|p1|
|l|☆Exsvuw
|player|p2|
