|j|☆DeFeNdvs
|j|☆Disengagement
|t:|1758276809
|gametype|singles
|player|p1|DeFeNdvs|265|1417
|player|p2|Disengagement|lusamine-masters|1436
|gen|9
|tier|[Gen 9] OU
|rated|
|rule|HP Percentage Mod: HP is shown in percentages
|rule|Endless Battle Clause: Forcing endless battles is banned
|rule|Species Clause: Limit one of each Pokémon
|rule|OHKO Clause: OHKO moves are banned
|rule|Evasion Items Clause: Evasion items are banned
|rule|Evasion Moves Clause: Evasion moves are banned
|rule|Evasion Abilities Clause: Evasion abilities are banned
|rule|Sleep Moves Clause: Sleep-inducing moves are banned
|clearpoke
|poke|p1|Alomomola, M|
|poke|p1|Gliscor, F|
|poke|p1|Corviknight, F|
|poke|p1|Dondozo, F|
|poke|p1|Clodsire, M|
|poke|p1|Ogerpon-Wellspring, F|
|poke|p2|Great Tusk|
|poke|p2|Alomomola, F|
|poke|p2|Slowking-Galar, F|
|poke|p2|Landorus-Therian, M|
|poke|p2|Meowscarada, F|
|poke|p2|Hydrapple, M|
|teampreview
|inactive|Battle timer is ON: inactive players will automatically lose when time's up. (requested by Disengagement)
|
|t:|1758276825
|teamsize|p1|6
|teamsize|p2|6
|start
|switch|p1a: Gliscor|Gliscor, F|100/100
|switch|p2a: Meowscarada|Meowscarada, F|100/100
|turn|1
|
|t:|1758276831
|move|p1a: Gliscor|Protect|p1a: Gliscor
|-singleturn|p1a: Gliscor|Protect
|move|p2a: Meowscarada|Knock Off|p1a: Gliscor
|-start|p2a: Meowscarada|typechange|Dark|[from] ability: Protean
|-activate|p1a: Gliscor|move: Protect
|
|-status|p1a: Gliscor|tox|[from] item: Toxic Orb
|upkeep
|turn|2
|
|t:|1758276861
|switch|p2a: Great Tusk|Great Tusk|100/100
|switch|p1a: Corviknight|Corviknight, F|100/100
|-ability|p1a: Corviknight|Pressure
|
|upkeep
|turn|3
|
|t:|1758276871
|-end|p2a: Great Tusk|Protosynthesis|[silent]
|switch|p2a: Slowking|Slowking-Galar, F|100/100
|move|p1a: Corviknight|Body Press|p2a: Slowking
|-resisted|p2a: Slowking
|-damage|p2a: Slowking|96/100
|
|upkeep
|turn|4
|
|t:|1758276878
|move|p1a: Corviknight|U-turn|p2a: Slowking
|-damage|p2a: Slowking|85/100
|inactive|DeFeNdvs has 120 seconds left.
|
|t:|1758276894
|switch|p1a: Clodsire|Clodsire, M|100/100|[from] U-turn
|move|p2a: Slowking|Psychic Noise|p1a: Clodsire
|-supereffective|p1a: Clodsire
|-damage|p1a: Clodsire|69/100
|-start|p1a: Clodsire|move: Heal Block
|
|upkeep
|turn|5
|inactive|DeFeNdvs has 120 seconds left.
|
|t:|1758276914
|switch|p1a: Alomomola|Alomomola, M|100/100
|move|p2a: Slowking|Psychic Noise|p1a: Alomomola
|-damage|p1a: Alomomola|86/100
|-start|p1a: Alomomola|move: Heal Block
|
|upkeep
|turn|6
|
|t:|1758276923
|move|p1a: Alomomola|Scald|p2a: Slowking
|-damage|p2a: Slowking|74/100
|move|p2a: Slowking|Toxic|p1a: Alomomola
|-status|p1a: Alomomola|tox
|
|-damage|p1a: Alomomola|80/100 tox|[from] psn
|-end|p1a: Alomomola|move: Heal Block
|upkeep
|turn|7
|
|t:|1758276932
|move|p1a: Alomomola|Scald|p2a: Slowking
|-damage|p2a: Slowking|63/100
|move|p2a: Slowking|Psychic Noise|p1a: Alomomola
|-damage|p1a: Alomomola|65/100 tox
|-start|p1a: Alomomola|move: Heal Block
|
|-damage|p1a: Alomomola|53/100 tox|[from] psn
|upkeep
|turn|8
|
|t:|1758276942
|-prepare|p2a: Slowking|Chilly Reception|[premajor]
|move|p2a: Slowking|Chilly Reception|p2a: Slowking
|-weather|Snowscape
|
|t:|1758276956
|switch|p2a: Meowscarada|Meowscarada, F|100/100|[from] Chilly Reception
|move|p1a: Alomomola|Mirror Coat||[still]
|-fail|p1a: Alomomola
|
|-weather|Snowscape|[upkeep]
|-damage|p1a: Alomomola|35/100 tox|[from] psn
|-end|p1a: Alomomola|move: Heal Block
|upkeep
|turn|9
|
|t:|1758276970
|switch|p1a: Corviknight|Corviknight, F|100/100
|-ability|p1a: Corviknight|Pressure
|move|p2a: Meowscarada|U-turn|p1a: Corviknight
|-start|p2a: Meowscarada|typechange|Bug|[from] ability: Protean
|-resisted|p1a: Corviknight
|-damage|p1a: Corviknight|94/100
|
|t:|1758276981
|switch|p2a: Slowking|Slowking-Galar, F|96/100|[from] U-turn
|
|-weather|Snowscape|[upkeep]
|-heal|p1a: Corviknight|99/100|[from] item: Leftovers
|upkeep
|turn|10
|
|t:|1758276991
|move|p1a: Corviknight|U-turn|p2a: Slowking
|-damage|p2a: Slowking|85/100
|
|t:|1758276997
|switch|p1a: Alomomola|Alomomola, M|68/100 tox|[from] U-turn
|move|p2a: Slowking|Psychic Noise|p1a: Alomomola
|-damage|p1a: Alomomola|54/100 tox
|-start|p1a: Alomomola|move: Heal Block
|
|-weather|Snowscape|[upkeep]
|-damage|p1a: Alomomola|48/100 tox|[from] psn
|upkeep
|turn|11
|
|t:|1758277011
|move|p1a: Alomomola|Flip Turn|p2a: Slowking
|-damage|p2a: Slowking|73/100
|
|t:|1758277021
|switch|p1a: Gliscor|Gliscor, F|100/100 tox|[from] Flip Turn
|-prepare|p2a: Slowking|Chilly Reception|[premajor]
|move|p2a: Slowking|Chilly Reception|p2a: Slowking
|
|t:|1758277035
|switch|p2a: Great Tusk|Great Tusk|100/100|[from] Chilly Reception
|
|-weather|Snowscape|[upkeep]
|upkeep
|turn|12
|
|t:|1758277050
|move|p2a: Great Tusk|Stealth Rock|p1a: Gliscor
|-sidestart|p1: DeFeNdvs|move: Stealth Rock
|move|p1a: Gliscor|Toxic|p2a: Great Tusk|[miss]
|-miss|p1a: Gliscor|p2a: Great Tusk
|
|-weather|none
|upkeep
|turn|13
|
|t:|1758277059
|switch|p1a: Corviknight|Corviknight, F|99/100
|-damage|p1a: Corviknight|88/100|[from] Stealth Rock
|-ability|p1a: Corviknight|Pressure
|move|p2a: Great Tusk|Ice Spinner|p1a: Corviknight
|-damage|p1a: Corviknight|70/100
|
|-heal|p1a: Corviknight|76/100|[from] item: Leftovers
|upkeep
|turn|14
|
|t:|1758277076
|-end|p2a: Great Tusk|Protosynthesis|[silent]
|switch|p2a: Slowking|Slowking-Galar, F|100/100
|move|p1a: Corviknight|Defog|p2a: Slowking
|-unboost|p2a: Slowking|evasion|1
|-sideend|p1: DeFeNdvs|Stealth Rock|[from] move: Defog|[of] p1a: Corviknight
|
|-heal|p1a: Corviknight|83/100|[from] item: Leftovers
|upkeep
|turn|15
|
|t:|1758277087
|switch|p1a: Alomomola|Alomomola, M|81/100 tox
|move|p2a: Slowking|Psychic Noise|p1a: Alomomola
|-damage|p1a: Alomomola|68/100 tox
|-start|p1a: Alomomola|move: Heal Block
|
|-damage|p1a: Alomomola|62/100 tox|[from] psn
|upkeep
|turn|16
|
|t:|1758277097
|move|p1a: Alomomola|Flip Turn|p2a: Slowking
|-damage|p2a: Slowking|88/100
|
|t:|1758277101
|switch|p1a: Gliscor|Gliscor, F|100/100 tox|[from] Flip Turn
|-prepare|p2a: Slowking|Chilly Reception|[premajor]
|move|p2a: Slowking|Chilly Reception|p2a: Slowking
|-weather|Snowscape
|
|t:|1758277105
|switch|p2a: Meowscarada|Meowscarada, F|100/100|[from] Chilly Reception
|
|-weather|Snowscape|[upkeep]
|upkeep
|turn|17
|
|t:|1758277113
|move|p2a: Meowscarada|Triple Axel|p1a: Gliscor
|-start|p2a: Meowscarada|typechange|Ice|[from] ability: Protean
|-supereffective|p1a: Gliscor
|-damage|p1a: Gliscor|55/100 tox
|-supereffective|p1a: Gliscor
|-damage|p1a: Gliscor|0 fnt
|faint|p1a: Gliscor
|-hitcount|p1: Gliscor|2
|
|-weather|Snowscape|[upkeep]
|upkeep
|
|t:|1758277134
|switch|p1a: Alomomola|Alomomola, M|95/100 tox
|turn|18
|
|t:|1758277152
|switch|p2a: Slowking|Slowking-Galar, F|100/100
|move|p1a: Alomomola|Scald|p2a: Slowking
|-damage|p2a: Slowking|90/100
|
|-weather|Snowscape|[upkeep]
|-damage|p1a: Alomomola|89/100 tox|[from] psn
|upkeep
|turn|19
|
|t:|1758277161
|-prepare|p2a: Slowking|Chilly Reception|[premajor]
|move|p2a: Slowking|Chilly Reception|p2a: Slowking
|
|t:|1758277164
|switch|p2a: Hydrapple|Hydrapple, M|100/100|[from] Chilly Reception
|move|p1a: Alomomola|Mirror Coat||[still]
|-fail|p1a: Alomomola
|
|-weather|Snowscape|[upkeep]
|-damage|p1a: Alomomola|77/100 tox|[from] psn
|upkeep
|turn|20
|
|t:|1758277172
|move|p1a: Alomomola|Ice Beam|p2a: Hydrapple
|-supereffective|p2a: Hydrapple
|-damage|p2a: Hydrapple|60/100
|move|p2a: Hydrapple|Nasty Plot|p2a: Hydrapple
|-boost|p2a: Hydrapple|spa|2
|
|-weather|none
|-damage|p1a: Alomomola|58/100 tox|[from] psn
|upkeep
|turn|21
|
|t:|1758277181
|switch|p1a: Clodsire|Clodsire, M|69/100
|move|p2a: Hydrapple|Giga Drain|p1a: Clodsire
|-damage|p1a: Clodsire|53/100
|-heal|p2a: Hydrapple|69/100|[from] drain|[of] p1a: Clodsire
|
|-heal|p1a: Clodsire|59/100|[from] item: Leftovers
|upkeep
|turn|22
|
|t:|1758277191
|move|p2a: Hydrapple|Earth Power|p1a: Clodsire
|-supereffective|p1a: Clodsire
|-damage|p1a: Clodsire|33/100
|move|p1a: Clodsire|Recover|p1a: Clodsire
|-heal|p1a: Clodsire|83/100
|
|-heal|p1a: Clodsire|89/100|[from] item: Leftovers
|upkeep
|turn|23
|
|t:|1758277201
|switch|p2a: Slowking|Slowking-Galar, F|100/100
|move|p1a: Clodsire|Stealth Rock|p2a: Slowking
|-sidestart|p2: Disengagement|move: Stealth Rock
|
|-heal|p1a: Clodsire|95/100|[from] item: Leftovers
|upkeep
|turn|24
|
|t:|1758277210
|move|p1a: Clodsire|Earthquake|p2a: Slowking
|-supereffective|p2a: Slowking
|-crit|p2a: Slowking
|-damage|p2a: Slowking|42/100
|move|p2a: Slowking|Psychic Noise|p1a: Clodsire
|-supereffective|p1a: Clodsire
|-damage|p1a: Clodsire|67/100
|-start|p1a: Clodsire|move: Heal Block
|
|upkeep
|turn|25
|
|t:|1758277219
|move|p1a: Clodsire|Earthquake|p2a: Slowking
|-supereffective|p2a: Slowking
|-damage|p2a: Slowking|5/100
|-prepare|p2a: Slowking|Chilly Reception|[premajor]
|move|p2a: Slowking|Chilly Reception|p2a: Slowking
|-weather|Snowscape
|
|t:|1758277224
|switch|p2a: Great Tusk|Great Tusk|100/100|[from] Chilly Reception
|
|-weather|Snowscape|[upkeep]
|-end|p1a: Clodsire|move: Heal Block
|upkeep
|turn|26
|
|t:|1758277240
|move|p2a: Great Tusk|Rapid Spin|p1a: Clodsire
|-damage|p1a: Clodsire|48/100
|-boost|p2a: Great Tusk|spe|1
|-sideend|p2: Disengagement|Stealth Rock|[from] move: Rapid Spin|[of] p2a: Great Tusk
|move|p1a: Clodsire|Poison Jab|p2a: Great Tusk
|-resisted|p2a: Great Tusk
|-damage|p2a: Great Tusk|93/100
|
|-weather|Snowscape|[upkeep]
|-heal|p1a: Clodsire|54/100|[from] item: Leftovers
|upkeep
|turn|27
|
|t:|1758277255
|switch|p1a: Corviknight|Corviknight, F|83/100
|-ability|p1a: Corviknight|Pressure
|move|p2a: Great Tusk|Stealth Rock|p1a: Corviknight
|-sidestart|p1: DeFeNdvs|move: Stealth Rock
|
|-weather|Snowscape|[upkeep]
|-heal|p1a: Corviknight|89/100|[from] item: Leftovers
|upkeep
|turn|28
|
|t:|1758277263
|-end|p2a: Great Tusk|Protosynthesis|[silent]
|switch|p2a: Slowking|Slowking-Galar, F|39/100
|move|p1a: Corviknight|Defog|p2a: Slowking
|-unboost|p2a: Slowking|evasion|1
|-sideend|p1: DeFeNdvs|Stealth Rock|[from] move: Defog|[of] p1a: Corviknight
|
|-weather|Snowscape|[upkeep]
|-heal|p1a: Corviknight|95/100|[from] item: Leftovers
|upkeep
|turn|29
|
|t:|1758277272
|move|p1a: Corviknight|U-turn|p2a: Slowking
|-damage|p2a: Slowking|28/100
|
|t:|1758277277
|switch|p1a: Alomomola|Alomomola, M|91/100 tox|[from] U-turn
|move|p2a: Slowking|Flamethrower|p1a: Alomomola
|-resisted|p1a: Alomomola
|-damage|p1a: Alomomola|86/100 tox
|
|-weather|none
|-damage|p1a: Alomomola|80/100 tox|[from] psn
|upkeep
|turn|30
|
|t:|1758277294
|switch|p2a: Meowscarada|Meowscarada, F|100/100
|move|p1a: Alomomola|Flip Turn|p2a: Meowscarada
|-resisted|p2a: Meowscarada
|-damage|p2a: Meowscarada|88/100
|inactive|DeFeNdvs has 120 seconds left.
|
|t:|1758277322
|switch|p1a: Ogerpon|Ogerpon-Wellspring, F|100/100|[from] Flip Turn
|
|upkeep
|turn|31
|inactive|DeFeNdvs has 120 seconds left.
|l|☆Disengagement
|inactive|Disengagement disconnected and has a minute to reconnect!
|player|p2|
|j|☆Disengagement
|inactive|Disengagement reconnected and has 130 seconds left.
|player|p2|Disengagement|lusamine-masters|
|inactive|Disengagement has 120 seconds left.
|
|t:|1758277353
|move|p2a: Meowscarada|Flower Trick|p1a: Ogerpon
|-start|p2a: Meowscarada|typechange|Grass|[from] ability: Protean
|-crit|p1a: Ogerpon
|-damage|p1a: Ogerpon|5/100
|move|p1a: Ogerpon|Ivy Cudgel|p2a: Meowscarada|[anim] Ivy Cudgel Water
|-resisted|p2a: Meowscarada
|-damage|p2a: Meowscarada|42/100
|
|upkeep
|turn|32
|inactive|DeFeNdvs has 120 seconds left.
|
|t:|1758277366
|switch|p1a: Corviknight|Corviknight, F|95/100
|-ability|p1a: Corviknight|Pressure
|move|p2a: Meowscarada|Flower Trick|p1a: Corviknight
|-resisted|p1a: Corviknight
|-crit|p1a: Corviknight
|-damage|p1a: Corviknight|84/100
|
|-heal|p1a: Corviknight|90/100|[from] item: Leftovers
|upkeep
|turn|33
|inactive|DeFeNdvs has 120 seconds left.
|
|t:|1758277375
|switch|p2a: Slowking|Slowking-Galar, F|61/100
|move|p1a: Corviknight|U-turn|p2a: Slowking
|-damage|p2a: Slowking|51/100
|inactive|DeFeNdvs has 120 seconds left.
|
|t:|1758277381
|switch|p1a: Ogerpon|Ogerpon-Wellspring, F|5/100|[from] U-turn
|
|upkeep
|turn|34
|inactive|DeFeNdvs has 120 seconds left.
|
|t:|1758277393
|switch|p2a: Hydrapple|Hydrapple, M|100/100
|move|p1a: Ogerpon|Ivy Cudgel|p2a: Hydrapple|[anim] Ivy Cudgel Water
|-resisted|p2a: Hydrapple
|-damage|p2a: Hydrapple|91/100
|
|upkeep
|turn|35
|inactive|DeFeNdvs has 120 seconds left.
|
|t:|1758277407
|move|p1a: Ogerpon|U-turn|p2a: Hydrapple
|-supereffective|p2a: Hydrapple
|-crit|p2a: Hydrapple
|-damage|p2a: Hydrapple|42/100
|-damage|p1a: Ogerpon|0 fnt|[from] item: Rocky Helmet|[of] p2a: Hydrapple
|faint|p1a: Ogerpon
|move|p2a: Hydrapple|Giga Drain|p1: Ogerpon|[notarget]
|-fail|p2a: Hydrapple
|
|upkeep
|inactive|DeFeNdvs has 120 seconds left.
|
|t:|1758277414
|switch|p1a: Alomomola|Alomomola, M|100/100 tox
|turn|36
|-message|DeFeNdvs forfeited.
|
|win|Disengagement
|raw|DeFeNdvs's rating: 1417 &rarr; <strong>1398</strong><br />(-19 for losing)
|raw|Disengagement's rating: 1436 &rarr; <strong>1455</strong><br />(+19 for winning)
|l|☆DeFeNdvs
|player|p1|
