|j|☆Nottortoise
|j|☆valdeman10
|t:|1758295783
|gametype|singles
|player|p1|Nottortoise|265|1048
|player|p2|valdeman10|pokemonranger-gen4|1015
|gen|9
|tier|[Gen 9] OU
|rated|
|rule|HP Percentage Mod: HP is shown in percentages
|rule|Endless Battle Clause: Forcing endless battles is banned
|rule|Species Clause: Limit one of each Pokémon
|rule|OHKO Clause: OHKO moves are banned
|rule|Evasion Items Clause: Evasion items are banned
|rule|Evasion Moves Clause: Evasion moves are banned
|rule|Evasion Abilities Clause: Evasion abilities are banned
|rule|Sleep Moves Clause: Sleep-inducing moves are banned
|clearpoke
|poke|p1|Garchomp, M|
|poke|p1|Gholdengo|
|poke|p1|Incineroar, M|
|poke|p1|Primarina, M|
|poke|p1|Volcanion|
|poke|p1|Corviknight, M|
|poke|p2|Kommo-o, F|
|poke|p2|Deoxys-Speed|
|poke|p2|Kingambit, F|
|poke|p2|Samurott-Hisui, M|
|poke|p2|Feraligatr, M|
|poke|p2|Skeledirge, M|
|teampreview
|
|t:|1758295790
|teamsize|p1|6
|teamsize|p2|6
|start
|switch|p1a: Garchomp|Garchomp, M|100/100
|switch|p2a: Kommo-o|Kommo-o, F|100/100
|turn|1
|
|t:|1758295799
|-terastallize|p1a: Garchomp|Steel
|move|p1a: Garchomp|Swords Dance|p1a: Garchomp
|-boost|p1a: Garchomp|atk|2
|move|p2a: Kommo-o|Iron Defense|p2a: Kommo-o
|-boost|p2a: Kommo-o|def|2
|
|upkeep
|turn|2
|
|t:|1758295812
|move|p1a: Garchomp|Scale Shot|p2a: Kommo-o
|-supereffective|p2a: Kommo-o
|-damage|p2a: Kommo-o|80/100
|-supereffective|p2a: Kommo-o
|-damage|p2a: Kommo-o|56/100
|-supereffective|p2a: Kommo-o
|-damage|p2a: Kommo-o|36/100
|-supereffective|p2a: Kommo-o
|-damage|p2a: Kommo-o|14/100
|-supereffective|p2a: Kommo-o
|-damage|p2a: Kommo-o|0 fnt
|faint|p2a: Kommo-o
|-hitcount|p2: Kommo-o|5
|-unboost|p1a: Garchomp|def|1
|-boost|p1a: Garchomp|spe|1
|
|upkeep
|
|t:|1758295827
|switch|p2a: Deoxys|Deoxys-Speed|100/100
|-ability|p2a: Deoxys|Pressure
|turn|3
|
|t:|1758295852
|move|p1a: Garchomp|Scale Shot|p2a: Deoxys
|-damage|p2a: Deoxys|68/100
|-damage|p2a: Deoxys|33/100
|-damage|p2a: Deoxys|0 fnt
|faint|p2a: Deoxys
|-hitcount|p2: Deoxys|3
|-unboost|p1a: Garchomp|def|1
|-boost|p1a: Garchomp|spe|1
|
|upkeep
|
|t:|1758295864
|switch|p2a: Feraligatr|Feraligatr, M, shiny|100/100
|turn|4
|
|t:|1758295876
|move|p1a: Garchomp|Earthquake|p2a: Feraligatr
|-crit|p2a: Feraligatr
|-damage|p2a: Feraligatr|0 fnt
|faint|p2a: Feraligatr
|
|upkeep
|
|t:|1758295881
|switch|p2a: Samurott|Samurott-Hisui, M, shiny|100/100
|turn|5
|
|t:|1758295891
|-terastallize|p2a: Samurott|Fighting
|move|p1a: Garchomp|Earthquake|p2a: Samurott
|-damage|p2a: Samurott|0 fnt
|faint|p2a: Samurott
|
|upkeep
|
|t:|1758295898
|switch|p2a: Skeledirge|Skeledirge, M|100/100
|turn|6
|
|t:|1758295906
|move|p1a: Garchomp|Earthquake|p2a: Skeledirge
|-supereffective|p2a: Skeledirge
|-damage|p2a: Skeledirge|0 fnt
|faint|p2a: Skeledirge
|
|upkeep
|
|t:|1758295912
|switch|p2a: Kingambit|Kingambit, F|100/100
|-activate|p2a: Kingambit|ability: Supreme Overlord
|-start|p2a: Kingambit|fallen5|[silent]
|turn|7
|
|t:|1758295922
|move|p1a: Garchomp|Earthquake|p2a: Kingambit
|-supereffective|p2a: Kingambit
|-damage|p2a: Kingambit|0 fnt
|faint|p2a: Kingambit
|-end|p2a: Kingambit|fallen5|[silent]
|
|win|Nottortoise
|raw|Nottortoise's rating: 1048 &rarr; <strong>1078</strong><br />(+30 for winning)
|raw|valdeman10's rating: 1015 &rarr; <strong>1004</strong><br />(-11 for losing)
|l|☆valdeman10
|player|p2|
|c|☆Nottortoise|dang
