|j|☆basedraybans
|j|☆quixic4
|t:|1758257568
|gametype|singles
|player|p1|basedraybans|265|1171
|player|p2|quixic4|ingo|1117
|gen|9
|tier|[Gen 9] OU
|rated|
|rule|HP Percentage Mod: HP is shown in percentages
|rule|Endless Battle Clause: Forcing endless battles is banned
|rule|Species Clause: Limit one of each Pokémon
|rule|OHKO Clause: OHKO moves are banned
|rule|Evasion Items Clause: Evasion items are banned
|rule|Evasion Moves Clause: Evasion moves are banned
|rule|Evasion Abilities Clause: Evasion abilities are banned
|rule|Sleep Moves Clause: Sleep-inducing moves are banned
|clearpoke
|poke|p1|Tyranitar, M|
|poke|p1|Iron Thorns|
|poke|p1|Sinistcha|
|poke|p1|Slowking-Galar, M|
|poke|p1|Scizor, F|
|poke|p1|Greninja-*, M|
|poke|p2|Polteageist|
|poke|p2|Sinistcha|
|poke|p2|Appletun, F|
|poke|p2|Hydrapple, F|
|poke|p2|Wo-Chien|
|poke|p2|Yanmega, M|
|teampreview
|inactive|Battle timer is ON: inactive players will automatically lose when time's up. (requested by basedraybans)
|l|☆basedraybans
|inactive|basedraybans disconnected and has a minute to reconnect!
|player|p1|
|j|☆basedraybans
|inactive|basedraybans reconnected and has 125 seconds left.
|player|p1|basedraybans|265|
|inactive|basedraybans has 120 seconds left.
|l|☆basedraybans
|inactive|basedraybans disconnected and has a minute to reconnect!
|player|p1|
|j|☆basedraybans
|inactive|basedraybans reconnected and has 110 seconds left.
|player|p1|basedraybans|265|
|l|☆basedraybans
|inactive|basedraybans disconnected and has a minute to reconnect!
|player|p1|
|j|☆basedraybans
|inactive|basedraybans reconnected and has 80 seconds left.
|player|p1|basedraybans|265|
|
|t:|1758257646
|teamsize|p1|6
|teamsize|p2|6
|start
|switch|p1a: Scizor|Scizor, F|100/100
|switch|p2a: Polteageist|Polteageist|100/100
|turn|1
|
|t:|1758257655
|move|p2a: Polteageist|Shell Smash|p2a: Polteageist
|-unboost|p2a: Polteageist|def|1
|-unboost|p2a: Polteageist|spd|1
|-boost|p2a: Polteageist|atk|2
|-boost|p2a: Polteageist|spa|2
|-boost|p2a: Polteageist|spe|2
|move|p1a: Scizor|Knock Off|p2a: Polteageist
|-supereffective|p2a: Polteageist
|-enditem|p2a: Polteageist|Focus Sash
|-damage|p2a: Polteageist|1/100
|-ability|p2a: Polteageist|Weak Armor|boost
|-unboost|p2a: Polteageist|def|1
|-boost|p2a: Polteageist|spe|2
|
|upkeep
|turn|2
|
|t:|1758257666
|move|p1a: Scizor|Bullet Punch|p2a: Polteageist
|-damage|p2a: Polteageist|0 fnt
|faint|p2a: Polteageist
|
|upkeep
|
|t:|1758257671
|switch|p2a: Wo-Chien|Wo-Chien|100/100
|-ability|p2a: Wo-Chien|Tablets of Ruin
|turn|3
|
|t:|1758257676
|move|p2a: Wo-Chien|Leech Seed|p1a: Scizor
|-start|p1a: Scizor|move: Leech Seed
|move|p1a: Scizor|Knock Off|p2a: Wo-Chien
|-resisted|p2a: Wo-Chien
|-damage|p2a: Wo-Chien|88/100
|-enditem|p2a: Wo-Chien|Leftovers|[from] move: Knock Off|[of] p1a: Scizor
|
|-damage|p1a: Scizor|88/100|[from] Leech Seed|[of] p2a: Wo-Chien
|-heal|p2a: Wo-Chien|99/100|[silent]
|upkeep
|turn|4
|
|t:|1758257683
|move|p2a: Wo-Chien|Growth|p2a: Wo-Chien
|-boost|p2a: Wo-Chien|atk|1
|-boost|p2a: Wo-Chien|spa|1
|move|p1a: Scizor|U-turn|p2a: Wo-Chien
|-supereffective|p2a: Wo-Chien
|-damage|p2a: Wo-Chien|0 fnt
|faint|p2a: Wo-Chien
|
|t:|1758257704
|switch|p1a: Slowking|Slowking-Galar, M|100/100|[from] U-turn
|
|upkeep
|
|t:|1758257711
|switch|p2a: Hydrapple|Hydrapple, F|100/100
|turn|5
|l|☆basedraybans
|inactive|basedraybans disconnected and has a minute to reconnect!
|player|p1|
|j|☆basedraybans
|inactive|basedraybans reconnected and has 125 seconds left.
|player|p1|basedraybans|265|
|inactive|basedraybans has 120 seconds left.
|
|t:|1758257744
|move|p2a: Hydrapple|Nasty Plot|p2a: Hydrapple
|-boost|p2a: Hydrapple|spa|2
|-prepare|p1a: Slowking|Chilly Reception|[premajor]
|move|p1a: Slowking|Chilly Reception|p1a: Slowking
|-weather|Snowscape
|
|t:|1758257746
|switch|p1a: Iron Thorns|Iron Thorns|100/100|[from] Chilly Reception
|
|-weather|Snowscape|[upkeep]
|upkeep
|turn|6
|
|t:|1758257753
|move|p1a: Iron Thorns|Ice Punch|p2a: Hydrapple
|-supereffective|p2a: Hydrapple
|-damage|p2a: Hydrapple|0 fnt
|faint|p2a: Hydrapple
|-damage|p1a: Iron Thorns|91/100|[from] item: Life Orb
|
|-weather|Snowscape|[upkeep]
|upkeep
|
|t:|1758257762
|switch|p2a: Yanmega|Yanmega, M|100/100
|turn|7
|
|t:|1758257769
|-terastallize|p2a: Yanmega|Grass
|move|p2a: Yanmega|Giga Drain|p1a: Iron Thorns
|-supereffective|p1a: Iron Thorns
|-damage|p1a: Iron Thorns|0 fnt
|faint|p1a: Iron Thorns
|-end|p1a: Iron Thorns|Quark Drive|[silent]
|
|-weather|Snowscape|[upkeep]
|-ability|p2a: Yanmega|Speed Boost|boost
|-boost|p2a: Yanmega|spe|1
|upkeep
|
|t:|1758257776
|switch|p1a: Slowking|Slowking-Galar, M|100/100
|turn|8
|
|t:|1758257779
|move|p2a: Yanmega|Giga Drain|p1a: Slowking
|-resisted|p1a: Slowking
|-crit|p1a: Slowking
|-damage|p1a: Slowking|68/100
|move|p1a: Slowking|Flamethrower|p2a: Yanmega
|-supereffective|p2a: Yanmega
|-damage|p2a: Yanmega|0 fnt
|faint|p2a: Yanmega
|
|-weather|Snowscape|[upkeep]
|upkeep
|
|t:|1758257788
|switch|p2a: Sinistcha|Sinistcha|100/100
|turn|9
|
|t:|1758257792
|move|p2a: Sinistcha|Iron Defense|p2a: Sinistcha
|-boost|p2a: Sinistcha|def|2
|move|p1a: Slowking|Thunder Wave|p2a: Sinistcha|[miss]
|-miss|p1a: Slowking|p2a: Sinistcha
|
|-weather|none
|upkeep
|turn|10
|
|t:|1758257799
|switch|p2a: Appletun|Appletun, F|100/100
|move|p1a: Slowking|Thunder Wave|p2a: Appletun
|-status|p2a: Appletun|par
|
|upkeep
|turn|11
|
|t:|1758257819
|move|p1a: Slowking|Psychic Noise|p2a: Appletun
|-damage|p2a: Appletun|76/100 par
|-start|p2a: Appletun|move: Heal Block
|move|p2a: Appletun|Leech Seed|p1a: Slowking
|-start|p1a: Slowking|move: Leech Seed
|
|-damage|p1a: Slowking|56/100|[from] Leech Seed|[of] p2a: Appletun
|upkeep
|turn|12
|
|t:|1758257832
|switch|p1a: Sinistcha|Sinistcha|100/100
|move|p2a: Appletun|Amnesia|p2a: Appletun
|-boost|p2a: Appletun|spd|2
|
|-end|p2a: Appletun|move: Heal Block
|upkeep
|turn|13
|
|t:|1758257844
|move|p1a: Sinistcha|Shadow Ball|p2a: Appletun
|-damage|p2a: Appletun|65/100 par
|move|p2a: Appletun|Giga Drain|p1a: Sinistcha
|-resisted|p1a: Sinistcha
|-damage|p1a: Sinistcha|85/100
|-heal|p2a: Appletun|72/100 par|[from] drain|[of] p1a: Sinistcha
|
|-heal|p2a: Appletun|78/100 par|[from] item: Leftovers
|upkeep
|turn|14
|
|t:|1758257852
|switch|p1a: Scizor|Scizor, F|88/100
|switch|p2a: Sinistcha|Sinistcha|100/100
|
|upkeep
|turn|15
|
|t:|1758257857
|move|p2a: Sinistcha|Iron Defense|p2a: Sinistcha
|-boost|p2a: Sinistcha|def|2
|move|p1a: Scizor|Knock Off|p2a: Sinistcha
|-supereffective|p2a: Sinistcha
|-damage|p2a: Sinistcha|77/100
|-enditem|p2a: Sinistcha|Leftovers|[from] move: Knock Off|[of] p1a: Scizor
|
|upkeep
|turn|16
|
|t:|1758257865
|move|p2a: Sinistcha|Calm Mind|p2a: Sinistcha
|-boost|p2a: Sinistcha|spa|1
|-boost|p2a: Sinistcha|spd|1
|move|p1a: Scizor|U-turn|p2a: Sinistcha
|-damage|p2a: Sinistcha|64/100
|
|t:|1758257877
|switch|p1a: Tyranitar|Tyranitar, M|100/100|[from] U-turn
|-weather|Sandstorm|[from] ability: Sand Stream|[of] p1a: Tyranitar
|
|-weather|Sandstorm|[upkeep]
|-damage|p2a: Sinistcha|58/100|[from] Sandstorm
|upkeep
|turn|17
|
|t:|1758257884
|move|p1a: Tyranitar|Knock Off|p2a: Sinistcha
|-supereffective|p2a: Sinistcha
|-damage|p2a: Sinistcha|18/100
|move|p2a: Sinistcha|Strength Sap|p1a: Tyranitar
|-unboost|p1a: Tyranitar|atk|1
|-heal|p2a: Sinistcha|100/100
|
|-weather|Sandstorm|[upkeep]
|-damage|p2a: Sinistcha|94/100|[from] Sandstorm
|upkeep
|turn|18
|
|t:|1758257892
|switch|p1a: Slowking|Slowking-Galar, M|89/100
|move|p2a: Sinistcha|Calm Mind|p2a: Sinistcha
|-boost|p2a: Sinistcha|spa|1
|-boost|p2a: Sinistcha|spd|1
|
|-weather|Sandstorm|[upkeep]
|-damage|p2a: Sinistcha|88/100|[from] Sandstorm
|-damage|p1a: Slowking|83/100|[from] Sandstorm
|upkeep
|turn|19
|
|t:|1758257900
|move|p2a: Sinistcha|Giga Drain|p1a: Slowking
|-resisted|p1a: Slowking
|-damage|p1a: Slowking|58/100
|-heal|p2a: Sinistcha|100/100|[from] drain|[of] p1a: Slowking
|move|p1a: Slowking|Thunder Wave|p2a: Sinistcha
|-status|p2a: Sinistcha|par
|
|-weather|Sandstorm|[upkeep]
|-damage|p1a: Slowking|52/100|[from] Sandstorm
|-damage|p2a: Sinistcha|94/100 par|[from] Sandstorm
|upkeep
|turn|20
|l|☆basedraybans
|inactive|basedraybans disconnected and has a minute to reconnect!
|player|p1|
|j|☆basedraybans
|inactive|basedraybans reconnected and has 140 seconds left.
|player|p1|basedraybans|265|
|
|t:|1758257916
|move|p1a: Slowking|Psychic Noise|p2a: Sinistcha
|-damage|p2a: Sinistcha|71/100 par
|-start|p2a: Sinistcha|move: Heal Block
|move|p2a: Sinistcha|Iron Defense|p2a: Sinistcha
|-boost|p2a: Sinistcha|def|2
|
|-weather|none
|upkeep
|turn|21
|
|t:|1758257932
|switch|p2a: Appletun|Appletun, F|78/100 par
|move|p1a: Slowking|Psychic Noise|p2a: Appletun
|-damage|p2a: Appletun|52/100 par
|-start|p2a: Appletun|move: Heal Block
|
|upkeep
|turn|22
|
|t:|1758257943
|switch|p1a: Greninja|Greninja, M|100/100
|move|p2a: Appletun|Leech Seed|p1a: Greninja
|-start|p1a: Greninja|move: Leech Seed
|
|-damage|p1a: Greninja|88/100|[from] Leech Seed|[of] p2a: Appletun
|-end|p2a: Appletun|move: Heal Block
|upkeep
|turn|23
|
|t:|1758257950
|move|p1a: Greninja|Dark Pulse|p2a: Appletun
|-damage|p2a: Appletun|23/100 par
|-damage|p1a: Greninja|78/100|[from] item: Life Orb
|cant|p2a: Appletun|flinch
|
|-heal|p2a: Appletun|30/100 par|[from] item: Leftovers
|-damage|p1a: Greninja|66/100|[from] Leech Seed|[of] p2a: Appletun
|-heal|p2a: Appletun|38/100 par|[silent]
|upkeep
|turn|24
|
|t:|1758257961
|switch|p1a: Scizor|Scizor, F|88/100
|move|p2a: Appletun|Giga Drain|p1a: Scizor
|-resisted|p1a: Scizor
|-damage|p1a: Scizor|80/100
|-heal|p2a: Appletun|41/100 par|[from] drain|[of] p1a: Scizor
|
|-heal|p2a: Appletun|47/100 par|[from] item: Leftovers
|upkeep
|turn|25
|
|t:|1758257969
|move|p1a: Scizor|U-turn|p2a: Appletun
|-supereffective|p2a: Appletun
|-damage|p2a: Appletun|0 fnt
|faint|p2a: Appletun
|-message|quixic4 forfeited.
|
|win|basedraybans
|raw|basedraybans's rating: 1171 &rarr; <strong>1192</strong><br />(+21 for winning)
|raw|quixic4's rating: 1117 &rarr; <strong>1096</strong><br />(-21 for losing)
|l|☆quixic4
|player|p2|
|l|☆basedraybans
|player|p1|
