|j|☆esteb4n
|j|☆enrique2503
|inactive|Battle timer is ON: inactive players will automatically lose when time's up.
|t:|1758310618
|gametype|singles
|player|p1|esteb4n|#scl5platoon2|
|player|p2|enrique2503|ghetsis|
|gen|9
|tier|[Gen 9] OU
|rated|Tournament battle
|rule|HP Percentage Mod: HP is shown in percentages
|rule|Endless Battle Clause: Forcing endless battles is banned
|rule|Species Clause: Limit one of each Pokémon
|rule|OHKO Clause: OHKO moves are banned
|rule|Evasion Items Clause: Evasion items are banned
|rule|Evasion Moves Clause: Evasion moves are banned
|rule|Evasion Abilities Clause: Evasion abilities are banned
|rule|Sleep Moves Clause: Sleep-inducing moves are banned
|clearpoke
|poke|p1|Dragapult, F|
|poke|p1|Ogerpon-Wellspring, F|
|poke|p1|Moltres|
|poke|p1|Corviknight, M|
|poke|p1|Ting-Lu|
|poke|p1|Slowking-Galar, M|
|poke|p2|Weezing-Galar, F|
|poke|p2|Gliscor, M|
|poke|p2|Dragapult, M|
|poke|p2|Alomomola, M|
|poke|p2|Weavile, M|
|poke|p2|Slowking-Galar, M|
|teampreview
|j|*Lady Monita ☀
|c|☆enrique2503|dragapult friends
|inactive|esteb4n has 120 seconds left.
|
|t:|1758310652
|teamsize|p1|6
|teamsize|p2|6
|start
|switch|p1a: Moltres|Moltres|100/100
|switch|p2a: Weezing|Weezing-Galar, F|100/100
|-ability|p2a: Weezing|Neutralizing Gas
|turn|1
|
|t:|1758310663
|-end|p2a: Weezing|ability: Neutralizing Gas
|switch|p2a: Alomomola|Alomomola, M|100/100
|move|p1a: Moltres|Will-O-Wisp|p2a: Alomomola|[miss]
|-miss|p1a: Moltres|p2a: Alomomola
|
|upkeep
|turn|2
|
|t:|1758310670
|move|p1a: Moltres|Will-O-Wisp|p2a: Alomomola
|-status|p2a: Alomomola|brn
|move|p2a: Alomomola|Scald|p1a: Moltres
|-supereffective|p1a: Moltres
|-damage|p1a: Moltres|80/100
|
|-damage|p2a: Alomomola|94/100 brn|[from] brn
|upkeep
|turn|3
|
|t:|1758310678
|move|p1a: Moltres|U-turn|p2a: Alomomola
|-damage|p2a: Alomomola|86/100 brn
|
|t:|1758310681
|switch|p1a: Ogerpon|Ogerpon-Wellspring, F|100/100|[from] U-turn
|move|p2a: Alomomola|Scald|p1a: Ogerpon
|-immune|p1a: Ogerpon|[from] ability: Water Absorb
|
|-damage|p2a: Alomomola|80/100 brn|[from] brn
|upkeep
|turn|4
|
|t:|1758310693
|switch|p2a: Weezing|Weezing-Galar, F|100/100
|-ability|p2a: Weezing|Neutralizing Gas
|move|p1a: Ogerpon|Ivy Cudgel|p2a: Weezing|[anim] Ivy Cudgel Water
|-damage|p2a: Weezing|58/100
|
|upkeep
|turn|5
|
|t:|1758310704
|switch|p1a: Moltres|Moltres|80/100
|move|p2a: Weezing|Will-O-Wisp|p1a: Moltres
|-immune|p1a: Moltres
|
|upkeep
|turn|6
|
|t:|1758310716
|-end|p2a: Weezing|ability: Neutralizing Gas
|switch|p2a: Alomomola|Alomomola, M|100/100 brn
|move|p1a: Moltres|Will-O-Wisp|p2a: Alomomola
|-fail|p2a: Alomomola|brn
|
|-damage|p2a: Alomomola|94/100 brn|[from] brn
|upkeep
|turn|7
|
|t:|1758310724
|move|p1a: Moltres|U-turn|p2a: Alomomola
|-damage|p2a: Alomomola|87/100 brn
|
|t:|1758310727
|switch|p1a: Ogerpon|Ogerpon-Wellspring, F|100/100|[from] U-turn
|move|p2a: Alomomola|Flip Turn|p1a: Ogerpon
|-immune|p1a: Ogerpon|[from] ability: Water Absorb
|
|-damage|p2a: Alomomola|80/100 brn|[from] brn
|upkeep
|turn|8
|j| Albrtix
|
|t:|1758310738
|switch|p2a: Slowking|Slowking-Galar, M|100/100
|move|p1a: Ogerpon|Ivy Cudgel|p2a: Slowking|[anim] Ivy Cudgel Water
|-damage|p2a: Slowking|45/100
|
|upkeep
|turn|9
|
|t:|1758310765
|-terastallize|p2a: Slowking|Water
|move|p1a: Ogerpon|Ivy Cudgel|p2a: Slowking|[anim] Ivy Cudgel Water
|-resisted|p2a: Slowking
|-crit|p2a: Slowking
|-damage|p2a: Slowking|0 fnt
|faint|p2a: Slowking
|
|upkeep
|c|☆enrique2503|fucking hax
|
|t:|1758310779
|switch|p2a: Weavile|Weavile, M|100/100
|-ability|p2a: Weavile|Pressure
|turn|10
|
|t:|1758310786
|switch|p1a: Corviknight|Corviknight, M|100/100
|-ability|p1a: Corviknight|Pressure
|move|p2a: Weavile|Triple Axel|p1a: Corviknight
|-damage|p1a: Corviknight|94/100
|-damage|p2a: Weavile|84/100|[from] item: Rocky Helmet|[of] p1a: Corviknight
|-damage|p1a: Corviknight|81/100
|-damage|p2a: Weavile|68/100|[from] item: Rocky Helmet|[of] p1a: Corviknight
|-damage|p1a: Corviknight|63/100
|-damage|p2a: Weavile|51/100|[from] item: Rocky Helmet|[of] p1a: Corviknight
|-hitcount|p1a: Corviknight|3
|
|upkeep
|turn|11
|
|t:|1758310800
|switch|p2a: Alomomola|Alomomola, M|100/100 brn
|move|p1a: Corviknight|Roost|p1a: Corviknight
|-heal|p1a: Corviknight|100/100
|-singleturn|p1a: Corviknight|move: Roost
|
|-damage|p2a: Alomomola|94/100 brn|[from] brn
|upkeep
|turn|12
|
|t:|1758310809
|switch|p1a: Ogerpon|Ogerpon-Wellspring, F|100/100
|move|p2a: Alomomola|Wish|p2a: Alomomola
|
|-damage|p2a: Alomomola|88/100 brn|[from] brn
|upkeep
|turn|13
|
|t:|1758310819
|switch|p2a: Weezing|Weezing-Galar, F|58/100
|-ability|p2a: Weezing|Neutralizing Gas
|move|p1a: Ogerpon|Knock Off|p2a: Weezing
|-resisted|p2a: Weezing
|-damage|p2a: Weezing|46/100
|-enditem|p2a: Weezing|Heavy-Duty Boots|[from] move: Knock Off|[of] p1a: Ogerpon
|
|-heal|p2a: Weezing|100/100|[from] move: Wish|[wisher] Alomomola
|upkeep
|turn|14
|
|t:|1758310830
|switch|p1a: Moltres|Moltres|80/100
|move|p2a: Weezing|Sludge Bomb|p1a: Moltres
|-damage|p1a: Moltres|59/100
|
|upkeep
|turn|15
|
|t:|1758310837
|move|p1a: Moltres|U-turn|p2a: Weezing
|-resisted|p2a: Weezing
|-damage|p2a: Weezing|98/100
|
|t:|1758310841
|switch|p1a: Slowking|Slowking-Galar, M|100/100|[from] U-turn
|move|p2a: Weezing|Sludge Bomb|p1a: Slowking
|-resisted|p1a: Slowking
|-damage|p1a: Slowking|93/100
|
|upkeep
|turn|16
|
|t:|1758310851
|-end|p2a: Weezing|ability: Neutralizing Gas
|switch|p2a: Alomomola|Alomomola, M|100/100 brn
|move|p1a: Slowking|Future Sight|p2a: Alomomola
|-start|p1a: Slowking|move: Future Sight
|
|-damage|p2a: Alomomola|94/100 brn|[from] brn
|upkeep
|turn|17
|
|t:|1758310862
|move|p2a: Alomomola|Wish|p2a: Alomomola
|-prepare|p1a: Slowking|Chilly Reception|[premajor]
|move|p1a: Slowking|Chilly Reception|p1a: Slowking
|-weather|Snowscape
|
|t:|1758310866
|switch|p1a: Ogerpon|Ogerpon-Wellspring, F|100/100|[from] Chilly Reception
|
|-weather|Snowscape|[upkeep]
|-damage|p2a: Alomomola|88/100 brn|[from] brn
|upkeep
|turn|18
|
|t:|1758310871
|move|p1a: Ogerpon|Ivy Cudgel|p2a: Alomomola|[anim] Ivy Cudgel Water
|-resisted|p2a: Alomomola
|-crit|p2a: Alomomola
|-damage|p2a: Alomomola|65/100 brn
|move|p2a: Alomomola|Flip Turn|p1a: Ogerpon
|-immune|p1a: Ogerpon|[from] ability: Water Absorb
|
|-weather|Snowscape|[upkeep]
|-end|p2a: Alomomola|move: Future Sight
|-damage|p2a: Alomomola|9/100 brn
|-heal|p2a: Alomomola|59/100 brn|[from] move: Wish|[wisher] Alomomola
|-damage|p2a: Alomomola|53/100 brn|[from] brn
|upkeep
|turn|19
|
|t:|1758310890
|switch|p2a: Weezing|Weezing-Galar, F|98/100
|-ability|p2a: Weezing|Neutralizing Gas
|move|p1a: Ogerpon|Power Whip|p2a: Weezing
|-resisted|p2a: Weezing
|-damage|p2a: Weezing|76/100
|
|-weather|Snowscape|[upkeep]
|upkeep
|turn|20
|
|t:|1758310899
|switch|p1a: Slowking|Slowking-Galar, M|100/100
|move|p2a: Weezing|Sludge Bomb|p1a: Slowking
|-resisted|p1a: Slowking
|-crit|p1a: Slowking
|-damage|p1a: Slowking|89/100
|
|-weather|Snowscape|[upkeep]
|upkeep
|turn|21
|
|t:|1758310911
|-end|p2a: Weezing|ability: Neutralizing Gas
|switch|p2a: Alomomola|Alomomola, M|86/100 brn
|move|p1a: Slowking|Future Sight|p2a: Alomomola
|-start|p1a: Slowking|move: Future Sight
|
|-weather|none
|-damage|p2a: Alomomola|80/100 brn|[from] brn
|upkeep
|turn|22
|
|t:|1758310919
|move|p2a: Alomomola|Flip Turn|p1a: Slowking
|-damage|p1a: Slowking|81/100
|
|t:|1758310926
|switch|p2a: Weavile|Weavile, M|51/100|[from] Flip Turn
|-ability|p2a: Weavile|Pressure
|-prepare|p1a: Slowking|Chilly Reception|[premajor]
|move|p1a: Slowking|Chilly Reception|p1a: Slowking
|-weather|Snowscape
|
|t:|1758310932
|switch|p1a: Dragapult|Dragapult, F|100/100|[from] Chilly Reception
|
|-weather|Snowscape|[upkeep]
|upkeep
|turn|23
|
|t:|1758310938
|move|p1a: Dragapult|U-turn|p2a: Weavile
|-supereffective|p2a: Weavile
|-crit|p2a: Weavile
|-damage|p2a: Weavile|0 fnt
|faint|p2a: Weavile
|l|☆enrique2503
|inactive|enrique2503 disconnected and has a minute to reconnect!
|player|p2|
|
|t:|1758310951
|switch|p1a: Moltres|Moltres|59/100|[from] U-turn
|
|-weather|Snowscape|[upkeep]
|-hint|Future Sight did not hit because the target is fainted.
|upkeep
|inactive|enrique2503 has 30 seconds to reconnect!
|inactive|enrique2503 has 20 seconds to reconnect!
|inactive|enrique2503 has 15 seconds to reconnect!
|inactive|enrique2503 has 10 seconds to reconnect!
|inactive|enrique2503 has 5 seconds to reconnect!
|-message|enrique2503 lost due to inactivity.
|
|win|esteb4n
|n|☆esteb4n|esteb4n
|n|*Lady Monita ☀|ladymonita
|n| Albrtix|albrtix
|l|*Lady Monita ☀
