|j|☆lei lei uuu
|j|☆IwillPrayForyou
|t:|1758364778
|gametype|singles
|player|p1|lei lei uuu|pokemaniac|1092
|player|p2|IwillPrayForyou|veteran-gen4|1130
|gen|9
|tier|[Gen 9] OU
|rated|
|rule|HP Percentage Mod: HP is shown in percentages
|rule|Endless Battle Clause: Forcing endless battles is banned
|rule|Species Clause: Limit one of each Pokémon
|rule|OHKO Clause: OHKO moves are banned
|rule|Evasion Items Clause: Evasion items are banned
|rule|Evasion Moves Clause: Evasion moves are banned
|rule|Evasion Abilities Clause: Evasion abilities are banned
|rule|Sleep Moves Clause: Sleep-inducing moves are banned
|clearpoke
|poke|p1|Lokix, M|
|poke|p1|Araquanid, F|
|poke|p1|Iron Moth|
|poke|p1|Volbeat, M|
|poke|p1|Leavanny, F|
|poke|p1|Kleavor, M|
|poke|p2|Cinderace, M|
|poke|p2|Darkrai|
|poke|p2|Landorus-Therian, M|
|poke|p2|Zamazenta-*|
|poke|p2|Pecharunt|
|poke|p2|Primarina, F|
|teampreview
|inactive|Battle timer is ON: inactive players will automatically lose when time's up. (requested by lei lei uuu)
|inactive|IwillPrayForyou also wants the timer to be on.
|
|t:|1758364806
|teamsize|p1|6
|teamsize|p2|6
|start
|switch|p1a: Volbeat|Volbeat, M, shiny|100/100
|switch|p2a: Landorus|Landorus-Therian, M, shiny|100/100
|-ability|p2a: Landorus|Intimidate|boost
|-unboost|p1a: Volbeat|atk|1
|turn|1
|
|t:|1758364815
|move|p1a: Volbeat|Trick|p2a: Landorus
|-activate|p1a: Volbeat|move: Trick|[of] p2a: Landorus
|-item|p2a: Landorus|Toxic Orb|[from] move: Trick
|-item|p1a: Volbeat|Choice Scarf|[from] move: Trick
|move|p2a: Landorus|Stealth Rock|p1a: Volbeat
|-sidestart|p1: lei lei uuu|move: Stealth Rock
|
|-status|p2a: Landorus|tox|[from] item: Toxic Orb
|upkeep
|turn|2
|
|t:|1758364826
|move|p1a: Volbeat|Encore|p2a: Landorus
|-start|p2a: Landorus|Encore
|move|p2a: Landorus|Stealth Rock||[still]
|-fail|p2a: Landorus
|
|-damage|p2a: Landorus|95/100 tox|[from] psn
|upkeep
|turn|3
|
|t:|1758364842
|switch|p1a: Araquanid|Araquanid, F|100/100
|-damage|p1a: Araquanid|75/100|[from] Stealth Rock
|switch|p2a: Cinderace|Cinderace, M, shiny|100/100
|
|-heal|p1a: Araquanid|82/100|[from] item: Leftovers
|upkeep
|turn|4
|
|t:|1758364852
|move|p2a: Cinderace|U-turn|p1a: Araquanid
|-start|p2a: Cinderace|typechange|Bug|[from] ability: Libero
|-damage|p1a: Araquanid|46/100
|
|t:|1758364859
|switch|p2a: Primarina|Primarina, F, shiny|100/100|[from] U-turn
|move|p1a: Araquanid|Sticky Web|p2a: Primarina
|-sidestart|p2: IwillPrayForyou|move: Sticky Web
|
|-heal|p1a: Araquanid|52/100|[from] item: Leftovers
|upkeep
|turn|5
|
|t:|1758364876
|move|p2a: Primarina|Psychic Noise|p1a: Araquanid
|-damage|p1a: Araquanid|36/100
|-start|p1a: Araquanid|move: Heal Block
|move|p1a: Araquanid|Reflect|p1a: Araquanid
|-sidestart|p1: lei lei uuu|Reflect
|
|upkeep
|turn|6
|
|t:|1758364895
|switch|p2a: Landorus|Landorus-Therian, M, shiny|95/100 tox
|-ability|p2a: Landorus|Intimidate|boost
|-unboost|p1a: Araquanid|atk|1
|switch|p1a: Leavanny|Leavanny, F, shiny|100/100
|-damage|p1a: Leavanny|76/100|[from] Stealth Rock
|
|-damage|p2a: Landorus|89/100 tox|[from] psn
|upkeep
|turn|7
|
|t:|1758364918
|move|p1a: Leavanny|Swords Dance|p1a: Leavanny
|-boost|p1a: Leavanny|atk|2
|move|p2a: Landorus|U-turn|p1a: Leavanny
|-supereffective|p1a: Leavanny
|-damage|p1a: Leavanny|38/100
|
|t:|1758364925
|switch|p2a: Darkrai|Darkrai, shiny|100/100|[from] U-turn
|
|upkeep
|turn|8
|
|t:|1758364933
|move|p2a: Darkrai|Sludge Bomb|p1a: Leavanny
|-supereffective|p1a: Leavanny
|-damage|p1a: Leavanny|0 fnt
|faint|p1a: Leavanny
|
|upkeep
|
|t:|1758364942
|switch|p1a: Volbeat|Volbeat, M, shiny|100/100
|-damage|p1a: Volbeat|76/100|[from] Stealth Rock
|turn|9
|
|t:|1758364949
|move|p1a: Volbeat|Thunder Wave|p2a: Darkrai
|-hint|Since gen 7, Dark is immune to Prankster moves.
|-immune|p2a: Darkrai
|move|p2a: Darkrai|Sludge Bomb|p1a: Volbeat
|-damage|p1a: Volbeat|51/100
|
|-sideend|p1: lei lei uuu|Reflect
|upkeep
|turn|10
|
|t:|1758364958
|move|p1a: Volbeat|Thunder Wave|p2a: Darkrai
|-hint|Since gen 7, Dark is immune to Prankster moves.
|-immune|p2a: Darkrai
|move|p2a: Darkrai|Sludge Bomb|p1a: Volbeat
|-damage|p1a: Volbeat|22/100
|
|upkeep
|turn|11
|
|t:|1758364964
|move|p1a: Volbeat|Thunder Wave|p2a: Darkrai
|-hint|Since gen 7, Dark is immune to Prankster moves.
|-immune|p2a: Darkrai
|move|p2a: Darkrai|Sludge Bomb|p1a: Volbeat
|-damage|p1a: Volbeat|0 fnt
|faint|p1a: Volbeat
|
|upkeep
|
|t:|1758364968
|switch|p1a: Kleavor|Kleavor, M, shiny|100/100
|-damage|p1a: Kleavor|76/100|[from] Stealth Rock
|turn|12
|
|t:|1758364978
|move|p2a: Darkrai|Focus Blast|p1a: Kleavor
|-damage|p1a: Kleavor|1/100
|move|p1a: Kleavor|Stone Axe|p2a: Darkrai
|-damage|p2a: Darkrai|3/100
|
|upkeep
|turn|13
|
|t:|1758364986
|-terastallize|p1a: Kleavor|Ghost
|move|p2a: Darkrai|Dark Pulse|p1a: Kleavor
|-supereffective|p1a: Kleavor
|-damage|p1a: Kleavor|0 fnt
|faint|p1a: Kleavor
|
|upkeep
|
|t:|1758364992
|switch|p1a: Lokix|Lokix, M|100/100
|-damage|p1a: Lokix|76/100|[from] Stealth Rock
|turn|14
|
|t:|1758364999
|switch|p2a: Landorus|Landorus-Therian, M, shiny|89/100 tox
|-ability|p2a: Landorus|Intimidate|boost
|-unboost|p1a: Lokix|atk|1
|move|p1a: Lokix|First Impression|p2a: Landorus
|-resisted|p2a: Landorus
|-damage|p2a: Landorus|51/100 tox
|-damage|p1a: Lokix|66/100|[from] item: Life Orb
|
|-damage|p2a: Landorus|45/100 tox|[from] psn
|upkeep
|turn|15
|
|t:|1758365009
|move|p1a: Lokix|Knock Off|p2a: Landorus
|-damage|p2a: Landorus|0 fnt
|-enditem|p2a: Landorus|Toxic Orb|[from] move: Knock Off|[of] p1a: Lokix
|faint|p2a: Landorus
|-damage|p1a: Lokix|56/100|[from] item: Life Orb
|
|upkeep
|
|t:|1758365016
|switch|p2a: Cinderace|Cinderace, M, shiny|100/100
|turn|16
|
|t:|1758365023
|switch|p1a: Araquanid|Araquanid, F|36/100
|-damage|p1a: Araquanid|11/100|[from] Stealth Rock
|move|p2a: Cinderace|U-turn|p1a: Araquanid
|-start|p2a: Cinderace|typechange|Bug|[from] ability: Libero
|-damage|p1a: Araquanid|0 fnt
|faint|p1a: Araquanid
|-message|lei lei uuu forfeited.
|
|win|IwillPrayForyou
|raw|lei lei uuu's rating: 1092 &rarr; <strong>1071</strong><br />(-21 for losing)
|raw|IwillPrayForyou's rating: 1130 &rarr; <strong>1152</strong><br />(+22 for winning)
|l|☆lei lei uuu
|player|p1|
|l|☆IwillPrayForyou
|player|p2|
