|j|☆Syvird
|j|☆bidofest
|t:|1758313756
|gametype|singles
|player|p1|Syvird|guzma|1687
|player|p2|bidofest|1|1733
|gen|9
|tier|[Gen 9] OU
|rated|
|rule|HP Percentage Mod: HP is shown in percentages
|rule|Endless Battle Clause: Forcing endless battles is banned
|rule|Species Clause: Limit one of each Pokémon
|rule|OHKO Clause: OHKO moves are banned
|rule|Evasion Items Clause: Evasion items are banned
|rule|Evasion Moves Clause: Evasion moves are banned
|rule|Evasion Abilities Clause: Evasion abilities are banned
|rule|Sleep Moves Clause: Sleep-inducing moves are banned
|clearpoke
|poke|p1|Okidogi, M|
|poke|p1|Rillaboom, M|
|poke|p1|Zamazenta-*|
|poke|p1|Iron Treads|
|poke|p1|Clefable, F|
|poke|p1|Walking Wake|
|poke|p2|Gholdengo|
|poke|p2|Weavile, M|
|poke|p2|Moltres|
|poke|p2|Clefable, M|
|poke|p2|Great Tusk|
|poke|p2|Samurott-Hisui, M|
|teampreview
|inactive|Battle timer is ON: inactive players will automatically lose when time's up. (requested by Syvird)
|inactive|Syvird has 120 seconds left.
|
|t:|1758313806
|teamsize|p1|6
|teamsize|p2|6
|start
|switch|p1a: Clefable|Clefable, F|100/100
|switch|p2a: Moltres|Moltres|100/100
|turn|1
|
|t:|1758313814
|move|p2a: Moltres|U-turn|p1a: Clefable
|-resisted|p1a: Clefable
|-damage|p1a: Clefable|95/100
|
|t:|1758313816
|switch|p2a: Gholdengo|Gholdengo|100/100|[from] U-turn
|move|p1a: Clefable|Thunder Wave|p2a: Gholdengo
|-immune|p2a: Gholdengo|[from] ability: Good as Gold
|
|-heal|p1a: Clefable|100/100|[from] item: Leftovers
|upkeep
|turn|2
|
|t:|1758313825
|switch|p2a: Moltres|Moltres|100/100
|switch|p1a: Iron Treads|Iron Treads|100/100
|
|upkeep
|turn|3
|
|t:|1758313839
|move|p1a: Iron Treads|Stealth Rock|p2a: Moltres
|-sidestart|p2: bidofest|move: Stealth Rock
|move|p2a: Moltres|Will-O-Wisp|p1a: Iron Treads
|-status|p1a: Iron Treads|brn
|
|-damage|p1a: Iron Treads|94/100 brn|[from] brn
|upkeep
|turn|4
|
|t:|1758313847
|move|p1a: Iron Treads|Knock Off|p2a: Moltres
|-damage|p2a: Moltres|89/100
|-enditem|p2a: Moltres|Heavy-Duty Boots|[from] move: Knock Off|[of] p1a: Iron Treads
|move|p2a: Moltres|Will-O-Wisp|p1a: Iron Treads
|-fail|p1a: Iron Treads|brn
|
|-heal|p1a: Iron Treads|100/100 brn|[from] item: Leftovers
|-damage|p1a: Iron Treads|94/100 brn|[from] brn
|upkeep
|turn|5
|
|t:|1758313855
|-end|p1a: Iron Treads|Quark Drive|[silent]
|switch|p1a: Walking Wake|Walking Wake|100/100
|move|p2a: Moltres|U-turn|p1a: Walking Wake
|-crit|p1a: Walking Wake
|-damage|p1a: Walking Wake|77/100
|
|t:|1758313867
|switch|p2a: Samurott|Samurott-Hisui, M|100/100|[from] U-turn
|-damage|p2a: Samurott|88/100|[from] Stealth Rock
|
|upkeep
|turn|6
|
|t:|1758313874
|switch|p2a: Clefable|Clefable, M|100/100
|move|p1a: Walking Wake|Draco Meteor|p2a: Clefable
|-immune|p2a: Clefable
|
|upkeep
|turn|7
|
|t:|1758313885
|-end|p1a: Walking Wake|Protosynthesis|[silent]
|switch|p1a: Okidogi|Okidogi, M|100/100
|switch|p2a: Samurott|Samurott-Hisui, M|88/100
|-damage|p2a: Samurott|76/100|[from] Stealth Rock
|
|upkeep
|turn|8
|
|t:|1758313895
|switch|p2a: Great Tusk|Great Tusk|100/100
|-damage|p2a: Great Tusk|98/100|[from] Stealth Rock
|move|p1a: Okidogi|Drain Punch|p2a: Great Tusk
|-damage|p2a: Great Tusk|74/100
|-damage|p1a: Okidogi|84/100|[from] item: Rocky Helmet|[of] p2a: Great Tusk
|
|-heal|p1a: Okidogi|90/100|[from] item: Leftovers
|upkeep
|turn|9
|inactive|Syvird has 120 seconds left.
|
|t:|1758313931
|switch|p1a: Rillaboom|Rillaboom, M|100/100
|-fieldstart|move: Grassy Terrain|[from] ability: Grassy Surge|[of] p1a: Rillaboom
|move|p2a: Great Tusk|Rapid Spin|p1a: Rillaboom
|-damage|p1a: Rillaboom|87/100
|-boost|p2a: Great Tusk|spe|1
|-sideend|p2: bidofest|Stealth Rock|[from] move: Rapid Spin|[of] p2a: Great Tusk
|
|-heal|p2a: Great Tusk|81/100|[from] Grassy Terrain
|-heal|p1a: Rillaboom|93/100|[from] Grassy Terrain
|upkeep
|turn|10
|inactive|Syvird has 120 seconds left.
|
|t:|1758313944
|-end|p2a: Great Tusk|Protosynthesis|[silent]
|switch|p2a: Moltres|Moltres|89/100
|move|p1a: Rillaboom|Swords Dance|p1a: Rillaboom
|-boost|p1a: Rillaboom|atk|2
|
|-heal|p1a: Rillaboom|99/100|[from] Grassy Terrain
|upkeep
|turn|11
|inactive|Syvird has 120 seconds left.
|
|t:|1758313955
|switch|p1a: Iron Treads|Iron Treads|94/100 brn
|move|p2a: Moltres|Flamethrower|p1a: Iron Treads
|-supereffective|p1a: Iron Treads
|-damage|p1a: Iron Treads|16/100 brn
|
|-heal|p1a: Iron Treads|22/100 brn|[from] Grassy Terrain
|-heal|p1a: Iron Treads|28/100 brn|[from] item: Leftovers
|-damage|p1a: Iron Treads|22/100 brn|[from] brn
|upkeep
|turn|12
|inactive|Syvird has 120 seconds left.
|-message|Syvird forfeited.
|
|win|bidofest
|raw|Syvird's rating: 1687 &rarr; <strong>1670</strong><br />(-17 for losing)
|raw|bidofest's rating: 1733 &rarr; <strong>1750</strong><br />(+17 for winning)
|l|☆Syvird
|player|p1|
|l|☆bidofest
|player|p2|
