|j|☆LaFlareDaGOD
|j|☆RobustLoki
|t:|1758371275
|gametype|singles
|player|p1|LaFlareDaGOD|iris-gen5bw2|1507
|player|p2|RobustLoki|scientist|1471
|gen|9
|tier|[Gen 9] OU
|rated|
|rule|HP Percentage Mod: HP is shown in percentages
|rule|Endless Battle Clause: Forcing endless battles is banned
|rule|Species Clause: Limit one of each Pokémon
|rule|OHKO Clause: OHKO moves are banned
|rule|Evasion Items Clause: Evasion items are banned
|rule|Evasion Moves Clause: Evasion moves are banned
|rule|Evasion Abilities Clause: Evasion abilities are banned
|rule|Sleep Moves Clause: Sleep-inducing moves are banned
|clearpoke
|poke|p1|Lucario, M|
|poke|p1|Cinderace, M|
|poke|p1|Ting-Lu|
|poke|p1|Moltres|
|poke|p1|Dragapult, F|
|poke|p1|Ogerpon-Wellspring, F|
|poke|p2|Araquanid, M|
|poke|p2|Cinderace, M|
|poke|p2|Empoleon, F|
|poke|p2|Serperior, F|
|poke|p2|Kingambit, M|
|poke|p2|Ogerpon, F|
|teampreview
|inactive|Battle timer is ON: inactive players will automatically lose when time's up. (requested by LaFlareDaGOD)
|
|t:|1758371300
|teamsize|p1|6
|teamsize|p2|6
|start
|switch|p1a: Cinderace|Cinderace, M|100/100
|switch|p2a: Ultim8Spidermonkey|Araquanid, M|100/100
|turn|1
|
|t:|1758371308
|move|p1a: Cinderace|Pyro Ball|p2a: Ultim8Spidermonkey
|-damage|p2a: Ultim8Spidermonkey|68/100
|move|p2a: Ultim8Spidermonkey|Sticky Web|p1a: Cinderace
|-sidestart|p1: LaFlareDaGOD|move: Sticky Web
|
|upkeep
|turn|2
|c|☆RobustLoki|uturn out into pon if real
|inactive|LaFlareDaGOD has 120 seconds left.
|
|t:|1758371353
|switch|p1a: Ogerpon|Ogerpon-Wellspring, F|100/100
|-activate|p1a: Ogerpon|move: Sticky Web
|-unboost|p1a: Ogerpon|spe|1
|move|p2a: Ultim8Spidermonkey|Liquidation|p1a: Ogerpon
|-immune|p1a: Ogerpon|[from] ability: Water Absorb
|
|upkeep
|turn|3
|
|t:|1758371362
|switch|p2a: Gangamaru|Cinderace, M|100/100
|move|p1a: Ogerpon|Swords Dance|p1a: Ogerpon
|-boost|p1a: Ogerpon|atk|2
|
|upkeep
|turn|4
|inactive|LaFlareDaGOD has 120 seconds left.
|
|t:|1758371391
|switch|p1a: Moltres|Moltres, shiny|100/100
|move|p2a: Gangamaru|U-turn|p1a: Moltres
|-start|p2a: Gangamaru|typechange|Bug|[from] ability: Libero
|-resisted|p1a: Moltres
|-damage|p1a: Moltres|95/100
|-status|p2a: Gangamaru|brn|[from] ability: Flame Body|[of] p1a: Moltres
|
|t:|1758371403
|switch|p2a: ARCH BTW|Empoleon, F|100/100|[from] U-turn
|
|upkeep
|turn|5
|c|☆RobustLoki|fog if real
|inactive|LaFlareDaGOD has 90 seconds left.
|
|t:|1758371453
|switch|p1a: Ogerpon|Ogerpon-Wellspring, F|100/100
|-activate|p1a: Ogerpon|move: Sticky Web
|-unboost|p1a: Ogerpon|spe|1
|move|p2a: ARCH BTW|Surf|p1a: Ogerpon
|-immune|p1a: Ogerpon|[from] ability: Water Absorb
|
|upkeep
|turn|6
|
|t:|1758371464
|move|p1a: Ogerpon|Swords Dance|p1a: Ogerpon
|-boost|p1a: Ogerpon|atk|2
|move|p2a: ARCH BTW|Ice Beam|p1a: Ogerpon
|-damage|p1a: Ogerpon|52/100
|-status|p1a: Ogerpon|frz
|-damage|p2a: ARCH BTW|91/100|[from] item: Life Orb
|
|upkeep
|turn|7
|
|t:|1758371473
|switch|p2a: Gangamaru|Cinderace, M|100/100 brn
|cant|p1a: Ogerpon|frz
|
|-damage|p2a: Gangamaru|95/100 brn|[from] brn
|upkeep
|turn|8
|c|☆RobustLoki|arch btw
|
|t:|1758371484
|move|p2a: Gangamaru|Court Change|p2a: Gangamaru
|-start|p2a: Gangamaru|typechange|Normal|[from] ability: Libero
|-swapsideconditions
|-activate|p2a: Gangamaru|move: Court Change
|cant|p1a: Ogerpon|frz
|
|-damage|p2a: Gangamaru|89/100 brn|[from] brn
|upkeep
|turn|9
|
|t:|1758371494
|move|p2a: Gangamaru|U-turn|p1a: Ogerpon
|-supereffective|p1a: Ogerpon
|-damage|p1a: Ogerpon|24/100 frz
|
|t:|1758371497
|switch|p2a: Muzan|Serperior, F|100/100|[from] U-turn
|-activate|p2a: Muzan|move: Sticky Web
|-boost|p2a: Muzan|spe|1
|cant|p1a: Ogerpon|frz
|
|upkeep
|turn|10
|inactive|LaFlareDaGOD has 90 seconds left.
|
|t:|1758371505
|move|p2a: Muzan|Leaf Storm|p1a: Ogerpon
|-damage|p1a: Ogerpon|0 fnt
|-boost|p2a: Muzan|spa|2
|faint|p1a: Ogerpon
|
|upkeep
|inactive|LaFlareDaGOD has 90 seconds left.
|
|t:|1758371517
|switch|p1a: Cinderace|Cinderace, M|100/100
|turn|11
|inactive|LaFlareDaGOD has 90 seconds left.
|
|t:|1758371529
|move|p2a: Muzan|Substitute|p2a: Muzan
|-start|p2a: Muzan|Substitute
|-damage|p2a: Muzan|76/100
|move|p1a: Cinderace|Pyro Ball|p2a: Muzan
|-supereffective|p2a: Muzan
|-end|p2a: Muzan|Substitute
|
|-heal|p2a: Muzan|82/100|[from] item: Leftovers
|upkeep
|turn|12
|inactive|LaFlareDaGOD has 90 seconds left.
|
|t:|1758371540
|switch|p2a: Ultim8Spidermonkey|Araquanid, M|68/100
|-activate|p2a: Ultim8Spidermonkey|move: Sticky Web
|-unboost|p2a: Ultim8Spidermonkey|spe|1
|move|p1a: Cinderace|Pyro Ball|p2a: Ultim8Spidermonkey
|-damage|p2a: Ultim8Spidermonkey|36/100
|
|upkeep
|turn|13
|inactive|LaFlareDaGOD has 90 seconds left.
|
|t:|1758371561
|move|p1a: Cinderace|U-turn|p2a: Ultim8Spidermonkey
|-start|p1a: Cinderace|typechange|Bug|[from] ability: Libero
|-damage|p2a: Ultim8Spidermonkey|0 fnt
|faint|p2a: Ultim8Spidermonkey
|
|t:|1758371578
|switch|p1a: Ting-Lu|Ting-Lu|100/100|[from] U-turn
|-ability|p1a: Ting-Lu|Vessel of Ruin
|
|upkeep
|
|t:|1758371586
|switch|p2a: ARCH BTW|Empoleon, F|91/100
|-activate|p2a: ARCH BTW|move: Sticky Web
|-unboost|p2a: ARCH BTW|spe|1
|-ability|p2a: ARCH BTW|Competitive|boost
|-boost|p2a: ARCH BTW|spa|2
|turn|14
|
|t:|1758371593
|move|p1a: Ting-Lu|Earthquake|p2a: ARCH BTW
|-supereffective|p2a: ARCH BTW
|-damage|p2a: ARCH BTW|18/100
|move|p2a: ARCH BTW|Surf|p1a: Ting-Lu
|-supereffective|p1a: Ting-Lu
|-damage|p1a: Ting-Lu|0 fnt
|faint|p1a: Ting-Lu
|-damage|p2a: ARCH BTW|8/100|[from] item: Life Orb
|
|upkeep
|inactive|LaFlareDaGOD has 60 seconds left.
|
|t:|1758371629
|switch|p1a: Moltres|Moltres, shiny|95/100
|turn|15
|
|t:|1758371634
|move|p2a: ARCH BTW|Vacuum Wave|p1a: Moltres
|-resisted|p1a: Moltres
|-damage|p1a: Moltres|77/100
|-damage|p2a: ARCH BTW|0 fnt|[from] item: Life Orb
|faint|p2a: ARCH BTW
|move|p1a: Moltres|Flamethrower|p2: ARCH BTW|[notarget]
|-fail|p1a: Moltres
|
|upkeep
|
|t:|1758371641
|switch|p2a: 'I am OU'🖐️🗿|Kingambit, M|100/100
|-activate|p2a: 'I am OU'🖐️🗿|move: Sticky Web
|-unboost|p2a: 'I am OU'🖐️🗿|spe|1
|-ability|p2a: 'I am OU'🖐️🗿|Defiant|boost
|-boost|p2a: 'I am OU'🖐️🗿|atk|2
|turn|16
|
|t:|1758371647
|move|p1a: Moltres|Flamethrower|p2a: 'I am OU'🖐️🗿
|-supereffective|p2a: 'I am OU'🖐️🗿
|-damage|p2a: 'I am OU'🖐️🗿|31/100
|move|p2a: 'I am OU'🖐️🗿|Kowtow Cleave|p1a: Moltres
|-damage|p1a: Moltres|8/100
|
|upkeep
|turn|17
|
|t:|1758371655
|move|p1a: Moltres|Will-O-Wisp|p2a: 'I am OU'🖐️🗿
|-status|p2a: 'I am OU'🖐️🗿|brn
|-enditem|p2a: 'I am OU'🖐️🗿|Lum Berry|[eat]
|-curestatus|p2a: 'I am OU'🖐️🗿|brn|[msg]
|move|p2a: 'I am OU'🖐️🗿|Kowtow Cleave|p1a: Moltres
|-damage|p1a: Moltres|0 fnt
|faint|p1a: Moltres
|
|upkeep
|inactive|LaFlareDaGOD has 60 seconds left.
|
|t:|1758371675
|switch|p1a: Lucario|Lucario, M, shiny|100/100
|turn|18
|inactive|LaFlareDaGOD has 60 seconds left.
|
|t:|1758371688
|-terastallize|p2a: 'I am OU'🖐️🗿|Flying
|move|p1a: Lucario|Earthquake|p2a: 'I am OU'🖐️🗿
|-immune|p2a: 'I am OU'🖐️🗿
|move|p2a: 'I am OU'🖐️🗿|Tera Blast|p1a: Lucario|[anim] Tera Blast Flying
|-damage|p1a: Lucario|0 fnt
|faint|p1a: Lucario
|
|upkeep
|
|t:|1758371697
|switch|p1a: Cinderace|Cinderace, M|100/100
|turn|19
|inactive|LaFlareDaGOD has 60 seconds left.
|
|t:|1758371708
|move|p1a: Cinderace|Sucker Punch|p2a: 'I am OU'🖐️🗿
|-start|p1a: Cinderace|typechange|Dark|[from] ability: Libero
|-damage|p2a: 'I am OU'🖐️🗿|7/100
|move|p2a: 'I am OU'🖐️🗿|Sucker Punch||[still]
|-fail|p2a: 'I am OU'🖐️🗿
|
|upkeep
|turn|20
|inactive|LaFlareDaGOD has 60 seconds left.
|
|t:|1758371718
|switch|p2a: Muzan|Serperior, F|82/100
|-activate|p2a: Muzan|move: Sticky Web
|-boost|p2a: Muzan|spe|1
|move|p1a: Cinderace|U-turn|p2a: Muzan
|-supereffective|p2a: Muzan
|-damage|p2a: Muzan|30/100
|
|t:|1758371725
|switch|p1a: Dragapult|Dragapult, F|100/100|[from] U-turn
|
|-heal|p2a: Muzan|37/100|[from] item: Leftovers
|upkeep
|turn|21
|inactive|LaFlareDaGOD has 60 seconds left.
|
|t:|1758371734
|move|p2a: Muzan|Dragon Pulse|p1a: Dragapult
|-supereffective|p1a: Dragapult
|-damage|p1a: Dragapult|42/100
|move|p1a: Dragapult|Shadow Ball|p2a: Muzan
|-damage|p2a: Muzan|0 fnt
|faint|p2a: Muzan
|-damage|p1a: Dragapult|32/100|[from] item: Life Orb
|
|upkeep
|
|t:|1758371747
|switch|p2a: 'I am OU'🖐️🗿|Kingambit, M, tera:Flying|7/100
|turn|22
|
|t:|1758371753
|move|p2a: 'I am OU'🖐️🗿|Sucker Punch|p1a: Dragapult
|-supereffective|p1a: Dragapult
|-damage|p1a: Dragapult|0 fnt
|faint|p1a: Dragapult
|
|upkeep
|
|t:|1758371758
|switch|p1a: Cinderace|Cinderace, M|100/100
|turn|23
|
|t:|1758371766
|move|p2a: 'I am OU'🖐️🗿|Sucker Punch|p1a: Cinderace
|-damage|p1a: Cinderace|44/100
|move|p1a: Cinderace|U-turn|p2a: 'I am OU'🖐️🗿
|-start|p1a: Cinderace|typechange|Bug|[from] ability: Libero
|-resisted|p2a: 'I am OU'🖐️🗿
|-damage|p2a: 'I am OU'🖐️🗿|0 fnt
|faint|p2a: 'I am OU'🖐️🗿
|
|upkeep
|
|t:|1758371774
|switch|p2a: Gangamaru|Cinderace, M|89/100 brn
|-activate|p2a: Gangamaru|move: Sticky Web
|-unboost|p2a: Gangamaru|spe|1
|turn|24
|
|t:|1758371780
|-terastallize|p1a: Cinderace|Fire
|move|p1a: Cinderace|Pyro Ball|p2a: Gangamaru|[miss]
|-miss|p1a: Cinderace|p2a: Gangamaru
|move|p2a: Gangamaru|Pyro Ball|p1a: Cinderace
|-resisted|p1a: Cinderace
|-damage|p1a: Cinderace|24/100
|
|-damage|p2a: Gangamaru|83/100 brn|[from] brn
|upkeep
|turn|25
|inactive|LaFlareDaGOD has 90 seconds left.
|inactive|RobustLoki has 120 seconds left.
|
|t:|1758371815
|move|p1a: Cinderace|Pyro Ball|p2a: Gangamaru
|-resisted|p2a: Gangamaru
|-damage|p2a: Gangamaru|41/100 brn
|move|p2a: Gangamaru|Pyro Ball|p1a: Cinderace|[miss]
|-miss|p2a: Gangamaru|p1a: Cinderace
|
|-damage|p2a: Gangamaru|35/100 brn|[from] brn
|upkeep
|turn|26
|inactive|LaFlareDaGOD has 90 seconds left.
|
|t:|1758371829
|move|p1a: Cinderace|Pyro Ball|p2a: Gangamaru
|-resisted|p2a: Gangamaru
|-damage|p2a: Gangamaru|0 fnt
|faint|p2a: Gangamaru
|
|upkeep
|
|t:|1758371832
|switch|p2a: Hehehehe hehehe he|Ogerpon, F|100/100
|-activate|p2a: Hehehehe hehehe he|move: Sticky Web
|-unboost|p2a: Hehehehe hehehe he|spe|1
|-ability|p2a: Hehehehe hehehe he|Defiant|boost
|-boost|p2a: Hehehehe hehehe he|atk|2
|turn|27
|c|☆RobustLoki|i choked gg
|
|t:|1758371841
|move|p1a: Cinderace|Pyro Ball|p2a: Hehehehe hehehe he
|-supereffective|p2a: Hehehehe hehehe he
|-damage|p2a: Hehehehe hehehe he|0 fnt
|faint|p2a: Hehehehe hehehe he
|
|win|LaFlareDaGOD
|raw|LaFlareDaGOD's rating: 1507 &rarr; <strong>1525</strong><br />(+18 for winning)
|raw|RobustLoki's rating: 1471 &rarr; <strong>1453</strong><br />(-18 for losing)
|l|☆RobustLoki
|player|p2|
