|j|☆I despise gliscor
|j|☆Supremekaiofhate
|t:|1758286045
|gametype|singles
|player|p1|I despise gliscor|benga|1158
|player|p2|Supremekaiofhate|1|1145
|gen|9
|tier|[Gen 9] OU
|rated|
|rule|HP Percentage Mod: HP is shown in percentages
|rule|Endless Battle Clause: Forcing endless battles is banned
|rule|Species Clause: Limit one of each Pokémon
|rule|OHKO Clause: OHKO moves are banned
|rule|Evasion Items Clause: Evasion items are banned
|rule|Evasion Moves Clause: Evasion moves are banned
|rule|Evasion Abilities Clause: Evasion abilities are banned
|rule|Sleep Moves Clause: Sleep-inducing moves are banned
|clearpoke
|poke|p1|Corviknight, F|
|poke|p1|Alomomola, F|
|poke|p1|Landorus-Therian, M|
|poke|p1|Meowscarada, M|
|poke|p1|Iron Moth|
|poke|p1|Gholdengo|
|poke|p2|Kleavor, M|
|poke|p2|Yanmega, M|
|poke|p2|Forretress, M|
|poke|p2|Frosmoth, F|
|poke|p2|Lokix, M|
|poke|p2|Araquanid, F|
|teampreview
|inactive|Battle timer is ON: inactive players will automatically lose when time's up. (requested by I despise gliscor)
|
|t:|1758286057
|teamsize|p1|6
|teamsize|p2|6
|start
|switch|p1a: Gold Specter|Gholdengo|100/100
|switch|p2a: Araquanid|Araquanid, F, shiny|100/100
|turn|1
|c|☆I despise gliscor|Gl
|
|t:|1758286069
|move|p1a: Gold Specter|Shadow Ball|p2a: Araquanid
|-damage|p2a: Araquanid|72/100
|-unboost|p2a: Araquanid|spd|1
|move|p2a: Araquanid|Mirror Coat|p1a: Gold Specter
|-damage|p1a: Gold Specter|41/100
|
|-heal|p2a: Araquanid|78/100|[from] item: Leftovers
|upkeep
|turn|2
|
|t:|1758286077
|switch|p1a: Landorus|Landorus-Therian, M|100/100
|-ability|p1a: Landorus|Intimidate|boost
|-unboost|p2a: Araquanid|atk|1
|move|p2a: Araquanid|Surf|p1a: Landorus
|-supereffective|p1a: Landorus
|-damage|p1a: Landorus|40/100
|
|-heal|p2a: Araquanid|85/100|[from] item: Leftovers
|upkeep
|turn|3
|
|t:|1758286083
|move|p1a: Landorus|U-turn|p2a: Araquanid
|-damage|p2a: Araquanid|58/100
|
|t:|1758286086
|switch|p1a: Iron Wing|Corviknight, F|100/100|[from] U-turn
|move|p2a: Araquanid|Surf|p1a: Iron Wing
|-damage|p1a: Iron Wing|64/100
|
|-heal|p1a: Iron Wing|70/100|[from] item: Leftovers
|-heal|p2a: Araquanid|65/100|[from] item: Leftovers
|upkeep
|turn|4
|
|t:|1758286089
|move|p1a: Iron Wing|Brave Bird|p2a: Araquanid
|-supereffective|p2a: Araquanid
|-damage|p2a: Araquanid|0 fnt
|faint|p2a: Araquanid
|-damage|p1a: Iron Wing|50/100|[from] Recoil
|
|-heal|p1a: Iron Wing|56/100|[from] item: Leftovers
|upkeep
|
|t:|1758286093
|switch|p2a: Kleavor|Kleavor, M|100/100
|turn|5
|
|t:|1758286098
|move|p2a: Kleavor|Stone Axe|p1a: Iron Wing
|-damage|p1a: Iron Wing|11/100
|-sidestart|p1: I despise gliscor|move: Stealth Rock
|move|p1a: Iron Wing|Iron Head|p2a: Kleavor
|-supereffective|p2a: Kleavor
|-damage|p2a: Kleavor|4/100
|
|-heal|p1a: Iron Wing|17/100|[from] item: Leftovers
|upkeep
|turn|6
|
|t:|1758286118
|move|p2a: Kleavor|Stone Axe|p1a: Iron Wing
|-damage|p1a: Iron Wing|0 fnt
|faint|p1a: Iron Wing
|
|upkeep
|
|t:|1758286121
|switch|p1a: Lovely Disk|Alomomola, F|100/100
|-damage|p1a: Lovely Disk|88/100|[from] Stealth Rock
|turn|7
|
|t:|1758286128
|switch|p2a: Frosmoth|Frosmoth, F|100/100
|move|p1a: Lovely Disk|Flip Turn|p2a: Frosmoth
|-damage|p2a: Frosmoth|73/100
|
|t:|1758286133
|switch|p1a: VoIcarona|Iron Moth|100/100|[from] Flip Turn
|-damage|p1a: VoIcarona|76/100|[from] Stealth Rock
|
|upkeep
|turn|8
|
|t:|1758286140
|-terastallize|p2a: Frosmoth|Ground
|move|p1a: VoIcarona|Flamethrower|p2a: Frosmoth
|-damage|p2a: Frosmoth|50/100
|-damage|p1a: VoIcarona|66/100|[from] item: Life Orb
|move|p2a: Frosmoth|Quiver Dance|p2a: Frosmoth
|-boost|p2a: Frosmoth|spa|1
|-boost|p2a: Frosmoth|spd|1
|-boost|p2a: Frosmoth|spe|1
|
|upkeep
|turn|9
|
|t:|1758286152
|move|p1a: VoIcarona|Energy Ball|p2a: Frosmoth
|-supereffective|p2a: Frosmoth
|-damage|p2a: Frosmoth|30/100
|-damage|p1a: VoIcarona|56/100|[from] item: Life Orb
|move|p2a: Frosmoth|Quiver Dance|p2a: Frosmoth
|-boost|p2a: Frosmoth|spa|1
|-boost|p2a: Frosmoth|spd|1
|-boost|p2a: Frosmoth|spe|1
|
|upkeep
|turn|10
|
|t:|1758286170
|move|p2a: Frosmoth|Quiver Dance|p2a: Frosmoth
|-boost|p2a: Frosmoth|spa|1
|-boost|p2a: Frosmoth|spd|1
|-boost|p2a: Frosmoth|spe|1
|move|p1a: VoIcarona|Energy Ball|p2a: Frosmoth
|-supereffective|p2a: Frosmoth
|-damage|p2a: Frosmoth|16/100
|-damage|p1a: VoIcarona|46/100|[from] item: Life Orb
|
|upkeep
|turn|11
|
|t:|1758286179
|move|p2a: Frosmoth|Ice Beam|p1a: VoIcarona
|-resisted|p1a: VoIcarona
|-damage|p1a: VoIcarona|0 fnt
|faint|p1a: VoIcarona
|-end|p1a: VoIcarona|Quark Drive|[silent]
|
|upkeep
|
|t:|1758286184
|switch|p1a: Lovely Disk|Alomomola, F|100/100
|-damage|p1a: Lovely Disk|88/100|[from] Stealth Rock
|turn|12
|
|t:|1758286189
|move|p2a: Frosmoth|Giga Drain|p1a: Lovely Disk
|-supereffective|p1a: Lovely Disk
|-damage|p1a: Lovely Disk|0 fnt
|-heal|p2a: Frosmoth|84/100|[from] drain|[of] p1a: Lovely Disk
|faint|p1a: Lovely Disk
|
|upkeep
|-message|I despise gliscor forfeited.
|
|win|Supremekaiofhate
|raw|I despise gliscor's rating: 1158 &rarr; <strong>1132</strong><br />(-26 for losing)
|raw|Supremekaiofhate's rating: 1145 &rarr; <strong>1171</strong><br />(+26 for winning)
|l|☆I despise gliscor
|player|p1|
|l|☆Supremekaiofhate
|player|p2|
