|badge|p2|bronze|gen9ou|100-6
|uhtml|medal-msg|<div class="broadcast-blue">Curious what those medals under the avatar are? PS now has Ladder Seasons! For more information, check out the <a href="https://www.smogon.com/forums/threads/3740067/">thread on Smogon.</a></div>
|j|☆luxgia
|j|☆eros maniac
|t:|1758369740
|gametype|singles
|player|p1|luxgia|byron|1775
|player|p2|eros maniac|101|1851
|gen|9
|tier|[Gen 9] OU
|rated|
|rule|HP Percentage Mod: HP is shown in percentages
|rule|Endless Battle Clause: Forcing endless battles is banned
|rule|Species Clause: Limit one of each Pokémon
|rule|OHKO Clause: OHKO moves are banned
|rule|Evasion Items Clause: Evasion items are banned
|rule|Evasion Moves Clause: Evasion moves are banned
|rule|Evasion Abilities Clause: Evasion abilities are banned
|rule|Sleep Moves Clause: Sleep-inducing moves are banned
|clearpoke
|poke|p1|Iron Crown|
|poke|p1|Samurott-Hisui, M|
|poke|p1|Zapdos|
|poke|p1|Dragapult, F|
|poke|p1|Great Tusk|
|poke|p1|Iron Boulder|
|poke|p2|Frosmoth, F|
|poke|p2|Maushold-Four|
|poke|p2|Mamoswine, M|
|poke|p2|Sinistcha|
|poke|p2|Alomomola, M|
|poke|p2|Weezing-Galar, M|
|teampreview
|inactive|Battle timer is ON: inactive players will automatically lose when time's up. (requested by eros maniac)
|
|t:|1758369757
|teamsize|p1|6
|teamsize|p2|6
|start
|switch|p1a: Everytime We Touch|Samurott-Hisui, M|100/100
|switch|p2a: Maushold|Maushold-Four|100/100
|turn|1
|
|t:|1758369760
|move|p1a: Everytime We Touch|Flip Turn|p2a: Maushold
|-damage|p2a: Maushold|59/100
|
|t:|1758369768
|switch|p1a: Hurikan|Zapdos|100/100|[from] Flip Turn
|move|p2a: Maushold|Population Bomb|p1a: Hurikan
|-damage|p1a: Hurikan|92/100
|-damage|p1a: Hurikan|84/100
|-status|p2a: Maushold|par|[from] ability: Static|[of] p1a: Hurikan
|-damage|p1a: Hurikan|77/100
|-damage|p1a: Hurikan|69/100
|-damage|p1a: Hurikan|61/100
|-damage|p1a: Hurikan|52/100
|-damage|p1a: Hurikan|44/100
|-damage|p1a: Hurikan|35/100
|-damage|p1a: Hurikan|27/100
|-damage|p1a: Hurikan|20/100
|-hitcount|p1a: Hurikan|10
|
|upkeep
|turn|2
|
|t:|1758369779
|move|p1a: Hurikan|Hurricane|p2a: Maushold
|-damage|p2a: Maushold|0 fnt
|faint|p2a: Maushold
|
|upkeep
|j| Flaretoon
|
|t:|1758369787
|switch|p2a: Frosmoth|Frosmoth, F, shiny|100/100
|turn|3
|
|t:|1758369795
|move|p1a: Hurikan|Hurricane|p2a: Frosmoth|[miss]
|-miss|p1a: Hurikan|p2a: Frosmoth
|move|p2a: Frosmoth|Substitute|p2a: Frosmoth
|-start|p2a: Frosmoth|Substitute
|-damage|p2a: Frosmoth|75/100
|
|-heal|p2a: Frosmoth|82/100|[from] item: Leftovers
|upkeep
|turn|4
|
|t:|1758369797
|move|p1a: Hurikan|Discharge|p2a: Frosmoth
|-activate|p2a: Frosmoth|move: Substitute|[damage]
|move|p2a: Frosmoth|Quiver Dance|p2a: Frosmoth
|-boost|p2a: Frosmoth|spa|1
|-boost|p2a: Frosmoth|spd|1
|-boost|p2a: Frosmoth|spe|1
|
|-heal|p2a: Frosmoth|88/100|[from] item: Leftovers
|upkeep
|turn|5
|
|t:|1758369801
|move|p2a: Frosmoth|Quiver Dance|p2a: Frosmoth
|-boost|p2a: Frosmoth|spa|1
|-boost|p2a: Frosmoth|spd|1
|-boost|p2a: Frosmoth|spe|1
|move|p1a: Hurikan|U-turn|p2a: Frosmoth
|-end|p2a: Frosmoth|Substitute
|
|t:|1758369807
|switch|p1a: Revery|Iron Boulder|100/100|[from] U-turn
|-enditem|p1a: Revery|Booster Energy
|-activate|p1a: Revery|ability: Quark Drive|[fromitem]
|-start|p1a: Revery|quarkdrivespe
|
|-heal|p2a: Frosmoth|94/100|[from] item: Leftovers
|upkeep
|turn|6
|
|t:|1758369813
|switch|p2a: Sinistcha|Sinistcha, shiny|100/100
|move|p1a: Revery|Mighty Cleave|p2a: Sinistcha
|-damage|p2a: Sinistcha|66/100
|
|upkeep
|turn|7
|
|t:|1758369817
|move|p1a: Revery|Zen Headbutt|p2a: Sinistcha
|-damage|p2a: Sinistcha|36/100
|move|p2a: Sinistcha|Matcha Gotcha|p1a: Revery
|-supereffective|p1a: Revery
|-damage|p1a: Revery|38/100
|-heal|p2a: Sinistcha|65/100|[from] drain|[of] p1a: Revery
|
|upkeep
|turn|8
|
|t:|1758369825
|move|p1a: Revery|Zen Headbutt|p2a: Sinistcha
|-damage|p2a: Sinistcha|39/100
|cant|p2a: Sinistcha|flinch
|
|upkeep
|turn|9
|
|t:|1758369828
|move|p1a: Revery|Mighty Cleave|p2a: Sinistcha
|-damage|p2a: Sinistcha|7/100
|move|p2a: Sinistcha|Strength Sap|p1a: Revery
|-unboost|p1a: Revery|atk|1
|-heal|p2a: Sinistcha|100/100
|
|upkeep
|turn|10
|j| woairibi
|
|t:|1758369833
|-end|p1a: Revery|Quark Drive|[silent]
|switch|p1a: Hurikan|Zapdos|20/100
|move|p2a: Sinistcha|Calm Mind|p2a: Sinistcha
|-boost|p2a: Sinistcha|spa|1
|-boost|p2a: Sinistcha|spd|1
|
|upkeep
|turn|11
|
|t:|1758369837
|move|p1a: Hurikan|Hurricane|p2a: Sinistcha|[miss]
|-miss|p1a: Hurikan|p2a: Sinistcha
|move|p2a: Sinistcha|Shadow Ball|p1a: Hurikan
|-damage|p1a: Hurikan|0 fnt
|faint|p1a: Hurikan
|
|upkeep
|
|t:|1758369841
|switch|p1a: Parasite|Dragapult, F|100/100
|turn|12
|j| Raining Drawing
|
|t:|1758369843
|switch|p2a: Alomomola|Alomomola, M, shiny|100/100
|-terastallize|p1a: Parasite|Ghost
|move|p1a: Parasite|Tera Blast|p2a: Alomomola|[anim] Tera Blast Ghost
|-damage|p2a: Alomomola|48/100
|
|upkeep
|turn|13
|
|t:|1758369852
|switch|p2a: Weezing|Weezing-Galar, M|100/100
|-ability|p2a: Weezing|Neutralizing Gas
|move|p1a: Parasite|Tera Blast|p2a: Weezing|[anim] Tera Blast Ghost
|-damage|p2a: Weezing|45/100
|
|upkeep
|turn|14
|
|t:|1758369854
|move|p1a: Parasite|Tera Blast|p2a: Weezing|[anim] Tera Blast Ghost
|-damage|p2a: Weezing|0 fnt
|faint|p2a: Weezing
|-end|p2a: Weezing|ability: Neutralizing Gas
|
|upkeep
|
|t:|1758369856
|switch|p2a: Mamoswine|Mamoswine, M|100/100
|turn|15
|
|t:|1758369859
|switch|p1a: Revery|Iron Boulder|38/100
|move|p2a: Mamoswine|Earthquake|p1a: Revery
|-supereffective|p1a: Revery
|-damage|p1a: Revery|0 fnt
|faint|p1a: Revery
|-end|p1a: Revery|Quark Drive|[silent]
|
|upkeep
|
|t:|1758369864
|switch|p1a: Everytime We Touch|Samurott-Hisui, M|100/100
|turn|16
|
|t:|1758369867
|switch|p2a: Sinistcha|Sinistcha, shiny|100/100
|move|p1a: Everytime We Touch|Ceaseless Edge|p2a: Sinistcha
|-supereffective|p2a: Sinistcha
|-enditem|p2a: Sinistcha|Colbur Berry|[eat]
|-enditem|p2a: Sinistcha|Colbur Berry|[weaken]
|-damage|p2a: Sinistcha|72/100
|-sidestart|p2: eros maniac|Spikes
|
|upkeep
|turn|17
|
|t:|1758369870
|move|p1a: Everytime We Touch|Ceaseless Edge|p2a: Sinistcha
|-supereffective|p2a: Sinistcha
|-damage|p2a: Sinistcha|13/100
|-sidestart|p2: eros maniac|Spikes
|move|p2a: Sinistcha|Strength Sap|p1a: Everytime We Touch
|-unboost|p1a: Everytime We Touch|atk|1
|-heal|p2a: Sinistcha|100/100
|
|upkeep
|turn|18
|
|t:|1758369875
|switch|p1a: Parasite|Dragapult, F, tera:Ghost|100/100
|move|p2a: Sinistcha|Matcha Gotcha|p1a: Parasite
|-damage|p1a: Parasite|55/100
|-status|p1a: Parasite|brn
|
|-damage|p1a: Parasite|49/100 brn|[from] brn
|upkeep
|turn|19
|
|t:|1758369881
|move|p1a: Parasite|Tera Blast|p2a: Sinistcha|[anim] Tera Blast Ghost
|-supereffective|p2a: Sinistcha
|-damage|p2a: Sinistcha|46/100
|move|p2a: Sinistcha|Calm Mind|p2a: Sinistcha
|-boost|p2a: Sinistcha|spa|1
|-boost|p2a: Sinistcha|spd|1
|
|-damage|p1a: Parasite|43/100 brn|[from] brn
|upkeep
|turn|20
|
|t:|1758369887
|switch|p2a: Alomomola|Alomomola, M, shiny|81/100
|-damage|p2a: Alomomola|65/100|[from] Spikes
|move|p1a: Parasite|Tera Blast|p2a: Alomomola|[anim] Tera Blast Ghost
|-damage|p2a: Alomomola|38/100
|
|-damage|p1a: Parasite|37/100 brn|[from] brn
|upkeep
|turn|21
|
|t:|1758369895
|switch|p1a: Mindreader|Iron Crown|100/100
|move|p2a: Alomomola|Healing Wish|p2a: Alomomola
|faint|p2a: Alomomola
|
|upkeep
|
|t:|1758369901
|switch|p2a: Mamoswine|Mamoswine, M|100/100
|-damage|p2a: Mamoswine|84/100|[from] Spikes
|turn|22
|
|t:|1758369907
|-end|p1a: Mindreader|Quark Drive|[silent]
|switch|p1a: Parasite|Dragapult, F, tera:Ghost|37/100 brn
|move|p2a: Mamoswine|Earthquake|p1a: Parasite
|-damage|p1a: Parasite|0 fnt
|faint|p1a: Parasite
|
|upkeep
|
|t:|1758369909
|switch|p1a: Everytime We Touch|Samurott-Hisui, M|100/100
|turn|23
|
|t:|1758369912
|move|p1a: Everytime We Touch|Flip Turn|p2a: Mamoswine
|-supereffective|p2a: Mamoswine
|-damage|p2a: Mamoswine|23/100
|
|t:|1758369914
|switch|p1a: Pump It|Great Tusk|100/100|[from] Flip Turn
|move|p2a: Mamoswine|Earthquake|p1a: Pump It
|-damage|p1a: Pump It|41/100
|
|upkeep
|turn|24
|
|t:|1758369917
|move|p1a: Pump It|Headlong Rush|p2a: Mamoswine
|-damage|p2a: Mamoswine|0 fnt
|-unboost|p1a: Pump It|def|1
|-unboost|p1a: Pump It|spd|1
|faint|p2a: Mamoswine
|
|upkeep
|
|t:|1758369920
|switch|p2a: Sinistcha|Sinistcha, shiny|46/100
|-heal|p2a: Sinistcha|100/100|[from] move: Healing Wish
|-damage|p2a: Sinistcha|84/100|[from] Spikes
|turn|25
|
|t:|1758369927
|move|p1a: Pump It|Ice Spinner|p2a: Sinistcha
|-supereffective|p2a: Sinistcha
|-damage|p2a: Sinistcha|49/100
|move|p2a: Sinistcha|Shadow Ball|p1a: Pump It
|-damage|p1a: Pump It|0 fnt
|faint|p1a: Pump It
|-end|p1a: Pump It|Protosynthesis|[silent]
|
|upkeep
|
|t:|1758369929
|switch|p1a: Everytime We Touch|Samurott-Hisui, M|100/100
|turn|26
|
|t:|1758369932
|move|p1a: Everytime We Touch|Ceaseless Edge|p2a: Sinistcha
|-supereffective|p2a: Sinistcha
|-damage|p2a: Sinistcha|0 fnt
|-sidestart|p2: eros maniac|Spikes
|faint|p2a: Sinistcha
|
|upkeep
|-message|eros maniac forfeited.
|
|win|luxgia
|raw|luxgia's rating: 1775 &rarr; <strong>1799</strong><br />(+24 for winning)
|raw|eros maniac's rating: 1851 &rarr; <strong>1827</strong><br />(-24 for losing)
|l|☆eros maniac
|player|p2|
|l| Raining Drawing
