|j|☆master ball rus
|j|☆Yz99999
|t:|1758291826
|gametype|singles
|player|p1|master ball rus|swimmer-gen4|1639
|player|p2|Yz99999|169|1632
|gen|9
|tier|[Gen 9] OU
|rated|
|rule|HP Percentage Mod: HP is shown in percentages
|rule|Endless Battle Clause: Forcing endless battles is banned
|rule|Species Clause: Limit one of each Pokémon
|rule|OHKO Clause: OHKO moves are banned
|rule|Evasion Items Clause: Evasion items are banned
|rule|Evasion Moves Clause: Evasion moves are banned
|rule|Evasion Abilities Clause: Evasion abilities are banned
|rule|Sleep Moves Clause: Sleep-inducing moves are banned
|clearpoke
|poke|p1|Gholdengo|
|poke|p1|Zamazenta-*|
|poke|p1|Ting-Lu|
|poke|p1|Clefable, F|
|poke|p1|Dragonite, M|
|poke|p1|Deoxys-Speed|
|poke|p2|Garganacl, F|
|poke|p2|Corviknight, F|
|poke|p2|Great Tusk|
|poke|p2|Scizor, F|
|poke|p2|Raging Bolt|
|poke|p2|Maushold-Four|
|teampreview
|inactive|Battle timer is ON: inactive players will automatically lose when time's up. (requested by Yz99999)
|
|t:|1758291842
|teamsize|p1|6
|teamsize|p2|6
|start
|switch|p1a: Deoxys|Deoxys-Speed|100/100
|switch|p2a: Corviknight|Corviknight, F|100/100
|-ability|p1a: Deoxys|Pressure
|-ability|p2a: Corviknight|Pressure
|turn|1
|
|t:|1758291844
|move|p1a: Deoxys|Thunderbolt|p2a: Corviknight
|-supereffective|p2a: Corviknight
|-damage|p2a: Corviknight|60/100
|-status|p2a: Corviknight|par
|cant|p2a: Corviknight|par
|
|upkeep
|turn|2
|
|t:|1758291849
|move|p1a: Deoxys|Nasty Plot|p1a: Deoxys
|-boost|p1a: Deoxys|spa|2
|cant|p2a: Corviknight|par
|
|upkeep
|turn|3
|
|t:|1758291861
|move|p1a: Deoxys|Thunderbolt|p2a: Corviknight
|-supereffective|p2a: Corviknight
|-damage|p2a: Corviknight|0 fnt
|faint|p2a: Corviknight
|
|upkeep
|
|t:|1758291866
|switch|p2a: Scizor|Scizor, F|100/100
|turn|4
|
|t:|1758291868
|-terastallize|p1a: Deoxys|Electric
|move|p1a: Deoxys|Thunderbolt|p2a: Scizor
|-damage|p2a: Scizor|2/100
|move|p2a: Scizor|U-turn|p1a: Deoxys
|-damage|p1a: Deoxys|13/100
|
|t:|1758291874
|switch|p2a: Raging Bolt|Raging Bolt|100/100|[from] U-turn
|
|upkeep
|turn|5
|
|t:|1758291877
|move|p1a: Deoxys|Nasty Plot|p1a: Deoxys
|-boost|p1a: Deoxys|spa|2
|move|p2a: Raging Bolt|Draco Meteor|p1a: Deoxys
|-damage|p1a: Deoxys|0 fnt
|-unboost|p2a: Raging Bolt|spa|2
|faint|p1a: Deoxys
|
|upkeep
|j| amimec
|
|t:|1758291887
|switch|p1a: Clefable|Clefable, F|100/100
|turn|6
|
|t:|1758291889
|-end|p2a: Raging Bolt|Protosynthesis|[silent]
|switch|p2a: Scizor|Scizor, F|2/100
|move|p1a: Clefable|Stealth Rock|p2a: Scizor
|-sidestart|p2: Yz99999|move: Stealth Rock
|
|upkeep
|turn|7
|
|t:|1758291898
|switch|p1a: Ting-Lu|Ting-Lu|100/100
|-ability|p1a: Ting-Lu|Vessel of Ruin
|move|p2a: Scizor|U-turn|p1a: Ting-Lu
|-supereffective|p1a: Ting-Lu
|-damage|p1a: Ting-Lu|35/100
|
|t:|1758291901
|switch|p2a: Maushold|Maushold-Four|100/100|[from] U-turn
|-damage|p2a: Maushold|88/100|[from] Stealth Rock
|
|-heal|p1a: Ting-Lu|41/100|[from] item: Leftovers
|upkeep
|turn|8
|
|t:|1758291907
|move|p2a: Maushold|Tidy Up|p2a: Maushold
|-sideend|p2: Yz99999|Stealth Rock
|-activate|p2a: Maushold|move: Tidy Up
|-boost|p2a: Maushold|atk|1
|-boost|p2a: Maushold|spe|1
|move|p1a: Ting-Lu|Whirlwind|p2a: Maushold
|drag|p2a: Raging Bolt|Raging Bolt|100/100
|
|-heal|p1a: Ting-Lu|47/100|[from] item: Leftovers
|upkeep
|turn|9
|
|t:|1758291910
|move|p2a: Raging Bolt|Draco Meteor|p1a: Ting-Lu
|-damage|p1a: Ting-Lu|0 fnt
|-unboost|p2a: Raging Bolt|spa|2
|faint|p1a: Ting-Lu
|
|upkeep
|
|t:|1758291913
|switch|p1a: Dragonite|Dragonite, M|100/100
|turn|10
|
|t:|1758291917
|-end|p2a: Raging Bolt|Protosynthesis|[silent]
|switch|p2a: Garganacl|Garganacl, F|100/100
|move|p1a: Dragonite|Earthquake|p2a: Garganacl
|-supereffective|p2a: Garganacl
|-damage|p2a: Garganacl|44/100
|
|-heal|p2a: Garganacl|50/100|[from] item: Leftovers
|upkeep
|turn|11
|
|t:|1758291920
|-terastallize|p2a: Garganacl|Fairy
|move|p1a: Dragonite|Earthquake|p2a: Garganacl
|-damage|p2a: Garganacl|22/100
|move|p2a: Garganacl|Recover|p2a: Garganacl
|-heal|p2a: Garganacl|72/100
|
|-heal|p2a: Garganacl|78/100|[from] item: Leftovers
|upkeep
|turn|12
|
|t:|1758291927
|switch|p1a: Gholdengo|Gholdengo|100/100
|-item|p1a: Gholdengo|Air Balloon
|move|p2a: Garganacl|Salt Cure|p1a: Gholdengo
|-resisted|p1a: Gholdengo
|-damage|p1a: Gholdengo|96/100
|-start|p1a: Gholdengo|Salt Cure
|-enditem|p1a: Gholdengo|Air Balloon
|
|-heal|p2a: Garganacl|84/100|[from] item: Leftovers
|-damage|p1a: Gholdengo|71/100|[from] Salt Cure
|upkeep
|turn|13
|
|t:|1758291932
|move|p2a: Garganacl|Protect|p2a: Garganacl
|-singleturn|p2a: Garganacl|Protect
|move|p1a: Gholdengo|Nasty Plot|p1a: Gholdengo
|-boost|p1a: Gholdengo|spa|2
|
|-heal|p2a: Garganacl|91/100|[from] item: Leftovers
|-damage|p1a: Gholdengo|46/100|[from] Salt Cure
|upkeep
|turn|14
|
|t:|1758291934
|switch|p2a: Scizor|Scizor, F|2/100
|move|p1a: Gholdengo|Make It Rain|p2a: Scizor
|-resisted|p2a: Scizor
|-damage|p2a: Scizor|0 fnt
|-unboost|p1a: Gholdengo|spa|1
|faint|p2a: Scizor
|
|-damage|p1a: Gholdengo|21/100|[from] Salt Cure
|upkeep
|
|t:|1758291936
|switch|p2a: Great Tusk|Great Tusk|100/100
|turn|15
|
|t:|1758291938
|move|p2a: Great Tusk|Knock Off|p1a: Gholdengo
|-supereffective|p1a: Gholdengo
|-damage|p1a: Gholdengo|0 fnt
|faint|p1a: Gholdengo
|
|upkeep
|
|t:|1758291940
|switch|p1a: Clefable|Clefable, F|100/100
|turn|16
|
|t:|1758291948
|move|p2a: Great Tusk|Knock Off|p1a: Clefable
|-resisted|p1a: Clefable
|-damage|p1a: Clefable|87/100
|-damage|p2a: Great Tusk|84/100|[from] item: Rocky Helmet|[of] p1a: Clefable
|-enditem|p1a: Clefable|Rocky Helmet|[from] move: Knock Off|[of] p2a: Great Tusk
|move|p1a: Clefable|Moonblast|p2a: Great Tusk
|-supereffective|p2a: Great Tusk
|-damage|p2a: Great Tusk|0 fnt
|faint|p2a: Great Tusk
|-end|p2a: Great Tusk|Protosynthesis|[silent]
|
|upkeep
|
|t:|1758291950
|switch|p2a: Maushold|Maushold-Four|88/100
|turn|17
|
|t:|1758291958
|move|p2a: Maushold|Population Bomb|p1a: Clefable
|-damage|p1a: Clefable|78/100
|-damage|p1a: Clefable|70/100
|-damage|p1a: Clefable|62/100
|-damage|p1a: Clefable|54/100
|-damage|p1a: Clefable|45/100
|-crit|p1a: Clefable
|-damage|p1a: Clefable|31/100
|-damage|p1a: Clefable|22/100
|-damage|p1a: Clefable|14/100
|-damage|p1a: Clefable|5/100
|-damage|p1a: Clefable|0 fnt
|faint|p1a: Clefable
|-hitcount|p1: Clefable|10
|
|upkeep
|
|t:|1758291970
|switch|p1a: Zamazenta|Zamazenta|100/100
|-ability|p1a: Zamazenta|Dauntless Shield|boost
|-boost|p1a: Zamazenta|def|1
|turn|18
|
|t:|1758291977
|switch|p2a: Raging Bolt|Raging Bolt|100/100
|move|p1a: Zamazenta|Ice Fang|p2a: Raging Bolt|[miss]
|-miss|p1a: Zamazenta|p2a: Raging Bolt
|
|upkeep
|turn|19
|
|t:|1758291982
|move|p1a: Zamazenta|Ice Fang|p2a: Raging Bolt
|-supereffective|p2a: Raging Bolt
|-damage|p2a: Raging Bolt|59/100
|move|p2a: Raging Bolt|Draco Meteor|p1a: Zamazenta
|-damage|p1a: Zamazenta|0 fnt
|-unboost|p2a: Raging Bolt|spa|2
|faint|p1a: Zamazenta
|
|upkeep
|
|t:|1758291987
|switch|p1a: Dragonite|Dragonite, M|100/100
|turn|20
|
|t:|1758291990
|-end|p2a: Raging Bolt|Protosynthesis|[silent]
|switch|p2a: Maushold|Maushold-Four|88/100
|move|p1a: Dragonite|Earthquake|p2a: Maushold
|-damage|p2a: Maushold|24/100
|
|upkeep
|turn|21
|
|t:|1758291993
|move|p1a: Dragonite|Extreme Speed|p2a: Maushold
|-damage|p2a: Maushold|0 fnt
|faint|p2a: Maushold
|
|upkeep
|
|t:|1758291994
|switch|p2a: Garganacl|Garganacl, F, tera:Fairy|91/100
|turn|22
|
|t:|1758291997
|move|p1a: Dragonite|Earthquake|p2a: Garganacl
|-crit|p2a: Garganacl
|-damage|p2a: Garganacl|51/100
|move|p2a: Garganacl|Salt Cure|p1a: Dragonite
|-supereffective|p1a: Dragonite
|-damage|p1a: Dragonite|88/100
|-start|p1a: Dragonite|Salt Cure
|
|-heal|p2a: Garganacl|57/100|[from] item: Leftovers
|-damage|p1a: Dragonite|75/100|[from] Salt Cure
|upkeep
|turn|23
|
|t:|1758292000
|move|p1a: Dragonite|Earthquake|p2a: Garganacl
|-damage|p2a: Garganacl|31/100
|move|p2a: Garganacl|Recover|p2a: Garganacl
|-heal|p2a: Garganacl|81/100
|
|-heal|p2a: Garganacl|87/100|[from] item: Leftovers
|-damage|p1a: Dragonite|63/100|[from] Salt Cure
|upkeep
|turn|24
|-message|master ball rus forfeited.
|
|win|Yz99999
|raw|master ball rus's rating: 1639 &rarr; <strong>1619</strong><br />(-20 for losing)
|raw|Yz99999's rating: 1632 &rarr; <strong>1652</strong><br />(+20 for winning)
|l|☆master ball rus
|player|p1|
|l| amimec
|l|☆Yz99999
|player|p2|
