|j|☆Azunail
|j|☆GoldGrifter
|t:|1758356764
|gametype|singles
|player|p1|Azunail|yellow|1320
|player|p2|GoldGrifter|clair|1320
|gen|9
|tier|[Gen 9] OU
|rated|
|rule|HP Percentage Mod: HP is shown in percentages
|rule|Endless Battle Clause: Forcing endless battles is banned
|rule|Species Clause: Limit one of each Pokémon
|rule|OHKO Clause: OHKO moves are banned
|rule|Evasion Items Clause: Evasion items are banned
|rule|Evasion Moves Clause: Evasion moves are banned
|rule|Evasion Abilities Clause: Evasion abilities are banned
|rule|Sleep Moves Clause: Sleep-inducing moves are banned
|clearpoke
|poke|p1|Ribombee, M|
|poke|p1|Cinderace, F|
|poke|p1|Serperior, M|
|poke|p1|Mimikyu, F|
|poke|p1|Dragapult, M|
|poke|p1|Bisharp, M|
|poke|p2|Glimmora, F|
|poke|p2|Dragapult, F|
|poke|p2|Gholdengo|
|poke|p2|Skarmory, F|
|poke|p2|Cinderace, M|
|poke|p2|Meowscarada, M|
|teampreview
|inactive|Battle timer is ON: inactive players will automatically lose when time's up. (requested by GoldGrifter)
|
|t:|1758356778
|teamsize|p1|6
|teamsize|p2|6
|start
|switch|p1a: Ribombee|Ribombee, M|100/100
|switch|p2a: Glimmora|Glimmora, F|100/100
|turn|1
|
|t:|1758356789
|switch|p1a: Bisharp|Bisharp, M|100/100
|move|p2a: Glimmora|Sludge Bomb|p1a: Bisharp
|-immune|p1a: Bisharp
|
|upkeep
|turn|2
|
|t:|1758356795
|switch|p2a: Skarmory|Skarmory, F|100/100
|move|p1a: Bisharp|Swords Dance|p1a: Bisharp
|-boost|p1a: Bisharp|atk|2
|
|upkeep
|turn|3
|
|t:|1758356802
|move|p1a: Bisharp|Throat Chop|p2a: Skarmory
|-damage|p2a: Skarmory|46/100
|-start|p2a: Skarmory|Throat Chop|[silent]
|move|p2a: Skarmory|Body Press|p1a: Bisharp
|-supereffective|p1a: Bisharp
|-damage|p1a: Bisharp|0 fnt
|faint|p1a: Bisharp
|
|-heal|p2a: Skarmory|52/100|[from] item: Leftovers
|upkeep
|
|t:|1758356812
|switch|p1a: Ribombee|Ribombee, M|100/100
|turn|4
|
|t:|1758356819
|switch|p2a: Gholdengo|Gholdengo|100/100
|-item|p2a: Gholdengo|Air Balloon
|move|p1a: Ribombee|Stun Spore|p2a: Gholdengo
|-immune|p2a: Gholdengo|[from] ability: Good as Gold
|
|upkeep
|turn|5
|
|t:|1758356827
|move|p1a: Ribombee|Sticky Web|p2a: Gholdengo
|-sidestart|p2: GoldGrifter|move: Sticky Web
|move|p2a: Gholdengo|Make It Rain|p1a: Ribombee
|-supereffective|p1a: Ribombee
|-enditem|p1a: Ribombee|Focus Sash
|-damage|p1a: Ribombee|1/100
|-unboost|p2a: Gholdengo|spa|1
|
|upkeep
|turn|6
|
|t:|1758356838
|switch|p1a: Cinderace|Cinderace, F|100/100
|move|p2a: Gholdengo|Shadow Ball|p1a: Cinderace
|-damage|p1a: Cinderace|62/100
|
|upkeep
|turn|7
|
|t:|1758356846
|move|p1a: Cinderace|Pyro Ball|p2a: Gholdengo
|-supereffective|p2a: Gholdengo
|-damage|p2a: Gholdengo|0 fnt
|-enditem|p2a: Gholdengo|Air Balloon
|faint|p2a: Gholdengo
|
|upkeep
|
|t:|1758356853
|switch|p2a: Cinderace|Cinderace, M|100/100
|-activate|p2a: Cinderace|move: Sticky Web
|-unboost|p2a: Cinderace|spe|1
|turn|8
|
|t:|1758356859
|move|p1a: Cinderace|Court Change|p1a: Cinderace
|-swapsideconditions
|-activate|p1a: Cinderace|move: Court Change
|move|p2a: Cinderace|Pyro Ball|p1a: Cinderace
|-resisted|p1a: Cinderace
|-damage|p1a: Cinderace|17/100
|
|upkeep
|turn|9
|
|t:|1758356866
|move|p1a: Cinderace|Pyro Ball|p2a: Cinderace
|-resisted|p2a: Cinderace
|-damage|p2a: Cinderace|40/100
|move|p2a: Cinderace|Pyro Ball|p1a: Cinderace
|-resisted|p1a: Cinderace
|-damage|p1a: Cinderace|0 fnt
|faint|p1a: Cinderace
|
|upkeep
|
|t:|1758356875
|switch|p1a: Serperior|Serperior, M|100/100
|-activate|p1a: Serperior|move: Sticky Web
|-boost|p1a: Serperior|spe|1
|turn|10
|
|t:|1758356885
|move|p1a: Serperior|Leaf Storm|p2a: Cinderace
|-resisted|p2a: Cinderace
|-damage|p2a: Cinderace|7/100
|-boost|p1a: Serperior|spa|2
|move|p2a: Cinderace|Pyro Ball|p1a: Serperior
|-supereffective|p1a: Serperior
|-damage|p1a: Serperior|0 fnt
|faint|p1a: Serperior
|
|upkeep
|
|t:|1758356893
|switch|p1a: Dragapult|Dragapult, M|100/100
|-activate|p1a: Dragapult|move: Sticky Web
|-fail|p1a: Dragapult|unboost|[from] ability: Clear Body|[of] p1a: Dragapult
|turn|11
|
|t:|1758356900
|move|p1a: Dragapult|Flamethrower|p2a: Cinderace
|-resisted|p2a: Cinderace
|-damage|p2a: Cinderace|0 fnt
|faint|p2a: Cinderace
|-damage|p1a: Dragapult|91/100|[from] item: Life Orb
|
|upkeep
|
|t:|1758356907
|switch|p2a: Meowscarada|Meowscarada, M|100/100
|turn|12
|
|t:|1758356916
|-terastallize|p1a: Dragapult|Fire
|move|p1a: Dragapult|Flamethrower|p2a: Meowscarada
|-supereffective|p2a: Meowscarada
|-damage|p2a: Meowscarada|0 fnt
|faint|p2a: Meowscarada
|-damage|p1a: Dragapult|81/100|[from] item: Life Orb
|
|upkeep
|
|t:|1758356922
|switch|p2a: Glimmora|Glimmora, F|100/100
|turn|13
|
|t:|1758356926
|move|p1a: Dragapult|Hydro Pump|p2a: Glimmora
|-supereffective|p2a: Glimmora
|-damage|p2a: Glimmora|0 fnt
|faint|p2a: Glimmora
|-damage|p1a: Dragapult|71/100|[from] item: Life Orb
|
|upkeep
|
|t:|1758356930
|switch|p2a: Dragapult|Dragapult, F|100/100
|turn|14
|
|t:|1758356935
|move|p1a: Dragapult|Dragon Darts|p2a: Dragapult
|-supereffective|p2a: Dragapult
|-damage|p2a: Dragapult|27/100
|-anim|p1a: Dragapult|Dragon Darts|p2a: Dragapult
|-supereffective|p2a: Dragapult
|-damage|p2a: Dragapult|0 fnt
|faint|p2a: Dragapult
|-damage|p1a: Dragapult|61/100|[from] item: Life Orb
|
|upkeep
|
|t:|1758356937
|switch|p2a: Skarmory|Skarmory, F|52/100
|turn|15
|
|t:|1758356940
|-terastallize|p2a: Skarmory|Fighting
|move|p1a: Dragapult|Flamethrower|p2a: Skarmory
|-crit|p2a: Skarmory
|-damage|p2a: Skarmory|0 fnt
|faint|p2a: Skarmory
|-damage|p1a: Dragapult|52/100|[from] item: Life Orb
|
|win|Azunail
|raw|Azunail's rating: 1320 &rarr; <strong>1340</strong><br />(+20 for winning)
|raw|GoldGrifter's rating: 1320 &rarr; <strong>1300</strong><br />(-20 for losing)
|l|☆GoldGrifter
|player|p2|
|l|☆Azunail
|player|p1|
