|j|☆GruesomeLovelies
|j|☆findmyhair
|t:|1758348004
|gametype|singles
|player|p1|GruesomeLovelies|whitney|
|player|p2|findmyhair|acetrainercouple|
|gen|9
|tier|[Gen 9] OU
|rule|HP Percentage Mod: HP is shown in percentages
|rule|Endless Battle Clause: Forcing endless battles is banned
|rule|Species Clause: Limit one of each Pokémon
|rule|OHKO Clause: OHKO moves are banned
|rule|Evasion Items Clause: Evasion items are banned
|rule|Evasion Moves Clause: Evasion moves are banned
|rule|Evasion Abilities Clause: Evasion abilities are banned
|rule|Sleep Moves Clause: Sleep-inducing moves are banned
|clearpoke
|poke|p1|Kyurem|
|poke|p1|Pecharunt|
|poke|p1|Walking Wake|
|poke|p1|Volcanion|
|poke|p1|Whimsicott, M|
|poke|p1|Azumarill, F|
|poke|p2|Hitmonlee, M|
|poke|p2|Hitmontop, M|
|poke|p2|Hitmonchan, M|
|poke|p2|Landorus-Therian, M|
|poke|p2|Gholdengo|
|poke|p2|Dragapult, F|
|teampreview
|inactive|Battle timer is ON: inactive players will automatically lose when time's up. (requested by findmyhair)
|
|t:|1758348027
|teamsize|p1|6
|teamsize|p2|6
|start
|switch|p1a: Kyurem|Kyurem, shiny|100/100
|switch|p2a: Landorus|Landorus-Therian, M|100/100
|-ability|p1a: Kyurem|Pressure
|-ability|p2a: Landorus|Intimidate|boost
|-unboost|p1a: Kyurem|atk|1
|turn|1
|
|t:|1758348037
|move|p1a: Kyurem|Freeze-Dry|p2a: Landorus
|-supereffective|p2a: Landorus
|-damage|p2a: Landorus|0 fnt
|faint|p2a: Landorus
|
|upkeep
|
|t:|1758348042
|switch|p2a: Gholdengo|Gholdengo|100/100
|turn|2
|
|t:|1758348070
|switch|p1a: Volcanion|Volcanion|100/100
|move|p2a: Gholdengo|Nasty Plot|p2a: Gholdengo
|-boost|p2a: Gholdengo|spa|2
|
|upkeep
|turn|3
|
|t:|1758348089
|-terastallize|p2a: Gholdengo|Flying
|move|p2a: Gholdengo|Nasty Plot|p2a: Gholdengo
|-boost|p2a: Gholdengo|spa|2
|move|p1a: Volcanion|Fire Blast|p2a: Gholdengo
|-damage|p2a: Gholdengo|16/100
|
|-heal|p2a: Gholdengo|22/100|[from] item: Leftovers
|upkeep
|turn|4
|inactive|GruesomeLovelies has 270 seconds left.
|
|t:|1758348133
|move|p2a: Gholdengo|Shadow Ball|p1a: Volcanion
|-damage|p1a: Volcanion|0 fnt
|faint|p1a: Volcanion
|
|-heal|p2a: Gholdengo|28/100|[from] item: Leftovers
|upkeep
|
|t:|1758348140
|switch|p1a: Whimsicott|Whimsicott, M, shiny|100/100
|turn|5
|
|t:|1758348147
|move|p1a: Whimsicott|Stun Spore|p2a: Gholdengo
|-immune|p2a: Gholdengo|[from] ability: Good as Gold
|move|p2a: Gholdengo|Recover|p2a: Gholdengo
|-heal|p2a: Gholdengo|79/100
|
|-heal|p2a: Gholdengo|85/100|[from] item: Leftovers
|upkeep
|turn|6
|inactive|GruesomeLovelies has 240 seconds left.
|
|t:|1758348181
|move|p2a: Gholdengo|Shadow Ball|p1a: Whimsicott
|-damage|p1a: Whimsicott|0 fnt
|faint|p1a: Whimsicott
|
|-heal|p2a: Gholdengo|91/100|[from] item: Leftovers
|upkeep
|
|t:|1758348184
|switch|p1a: Kyurem|Kyurem, shiny|100/100
|-ability|p1a: Kyurem|Pressure
|turn|7
|
|t:|1758348190
|move|p1a: Kyurem|Freeze-Dry|p2a: Gholdengo
|-supereffective|p2a: Gholdengo
|-damage|p2a: Gholdengo|0 fnt
|faint|p2a: Gholdengo
|
|upkeep
|
|t:|1758348198
|switch|p2a: Dragapult|Dragapult, F|100/100
|turn|8
|
|t:|1758348210
|-terastallize|p1a: Kyurem|Fairy
|move|p2a: Dragapult|Draco Meteor|p1a: Kyurem
|-immune|p1a: Kyurem
|move|p1a: Kyurem|Freeze-Dry|p2a: Dragapult
|-supereffective|p2a: Dragapult
|-damage|p2a: Dragapult|0 fnt
|faint|p2a: Dragapult
|
|upkeep
|
|t:|1758348218
|switch|p2a: Hitmonlee|Hitmonlee, M|100/100
|turn|9
|
|t:|1758348222
|move|p2a: Hitmonlee|Fake Out|p1a: Kyurem
|-enditem|p2a: Hitmonlee|Normal Gem|[from] gem
|-damage|p1a: Kyurem|82/100
|cant|p1a: Kyurem|flinch
|
|upkeep
|turn|10
|
|t:|1758348229
|move|p2a: Hitmonlee|Rapid Spin|p1a: Kyurem
|-damage|p1a: Kyurem|66/100
|-boost|p2a: Hitmonlee|spe|1
|move|p1a: Kyurem|Freeze-Dry|p2a: Hitmonlee
|-damage|p2a: Hitmonlee|34/100
|
|upkeep
|turn|11
|
|t:|1758348237
|move|p2a: Hitmonlee|Knock Off|p1a: Kyurem
|-resisted|p1a: Kyurem
|-crit|p1a: Kyurem
|-damage|p1a: Kyurem|41/100
|-enditem|p1a: Kyurem|Choice Specs|[from] move: Knock Off|[of] p2a: Hitmonlee
|move|p1a: Kyurem|Freeze-Dry|p2a: Hitmonlee
|-damage|p2a: Hitmonlee|0 fnt
|faint|p2a: Hitmonlee
|
|upkeep
|
|t:|1758348248
|switch|p2a: Hitmonchan|Hitmonchan, M|100/100
|turn|12
|
|t:|1758348256
|move|p1a: Kyurem|Ice Beam|p2a: Hitmonchan
|-damage|p2a: Hitmonchan|63/100
|move|p2a: Hitmonchan|Drain Punch|p1a: Kyurem
|-resisted|p1a: Kyurem
|-damage|p1a: Kyurem|19/100
|-heal|p2a: Hitmonchan|81/100|[from] drain|[of] p1a: Kyurem
|
|upkeep
|turn|13
|
|t:|1758348278
|move|p1a: Kyurem|Icy Wind|p2a: Hitmonchan
|-damage|p2a: Hitmonchan|55/100
|-unboost|p2a: Hitmonchan|spe|1
|move|p2a: Hitmonchan|Drain Punch|p1a: Kyurem
|-resisted|p1a: Kyurem
|-damage|p1a: Kyurem|0 fnt
|-heal|p2a: Hitmonchan|70/100|[from] drain|[of] p1a: Kyurem
|faint|p1a: Kyurem
|
|upkeep
|
|t:|1758348285
|switch|p1a: Azumarill|Azumarill, F|100/100
|turn|14
|
|t:|1758348288
|move|p1a: Azumarill|Aqua Jet|p2a: Hitmonchan
|-damage|p2a: Hitmonchan|10/100
|move|p2a: Hitmonchan|Thunder Punch|p1a: Azumarill
|-supereffective|p1a: Azumarill
|-damage|p1a: Azumarill|37/100
|
|upkeep
|turn|15
|
|t:|1758348295
|move|p2a: Hitmonchan|Mach Punch|p1a: Azumarill
|-resisted|p1a: Azumarill
|-damage|p1a: Azumarill|25/100
|move|p1a: Azumarill|Aqua Jet|p2a: Hitmonchan
|-damage|p2a: Hitmonchan|0 fnt
|faint|p2a: Hitmonchan
|
|upkeep
|
|t:|1758348301
|switch|p2a: Hitmontop|Hitmontop, M|100/100
|-ability|p2a: Hitmontop|Intimidate|boost
|-unboost|p1a: Azumarill|atk|1
|turn|16
|
|t:|1758348308
|move|p1a: Azumarill|Aqua Jet|p2a: Hitmontop
|-damage|p2a: Hitmontop|77/100
|move|p2a: Hitmontop|Rapid Spin|p1a: Azumarill
|-damage|p1a: Azumarill|14/100
|-boost|p2a: Hitmontop|spe|1
|
|-heal|p2a: Hitmontop|84/100|[from] item: Leftovers
|upkeep
|turn|17
|
|t:|1758348317
|switch|p1a: Pecharunt|Pecharunt|100/100
|move|p2a: Hitmontop|Rapid Spin|p1a: Pecharunt
|-immune|p1a: Pecharunt
|
|-heal|p2a: Hitmontop|90/100|[from] item: Leftovers
|upkeep
|turn|18
|
|t:|1758348324
|move|p1a: Pecharunt|Toxic|p2a: Hitmontop
|-status|p2a: Hitmontop|tox
|-start|p2a: Hitmontop|confusion|[from] ability: Poison Puppeteer|[of] p1a: Pecharunt
|-activate|p2a: Hitmontop|confusion
|move|p2a: Hitmontop|Bulk Up|p2a: Hitmontop
|-boost|p2a: Hitmontop|atk|1
|-boost|p2a: Hitmontop|def|1
|
|-heal|p2a: Hitmontop|96/100 tox|[from] item: Leftovers
|-damage|p2a: Hitmontop|90/100 tox|[from] psn
|upkeep
|turn|19
|
|t:|1758348347
|move|p1a: Pecharunt|Substitute|p1a: Pecharunt
|-start|p1a: Pecharunt|Substitute
|-damage|p1a: Pecharunt|76/100
|-activate|p2a: Hitmontop|confusion
|move|p2a: Hitmontop|Stone Edge|p1a: Pecharunt
|-activate|p1a: Pecharunt|move: Substitute|[damage]
|
|-heal|p1a: Pecharunt|82/100|[from] item: Black Sludge
|-heal|p2a: Hitmontop|96/100 tox|[from] item: Leftovers
|-damage|p2a: Hitmontop|84/100 tox|[from] psn
|upkeep
|turn|20
|
|t:|1758348361
|switch|p1a: Azumarill|Azumarill, F|14/100
|-end|p2a: Hitmontop|confusion
|move|p2a: Hitmontop|Bulk Up|p2a: Hitmontop
|-boost|p2a: Hitmontop|atk|1
|-boost|p2a: Hitmontop|def|1
|
|-heal|p2a: Hitmontop|90/100 tox|[from] item: Leftovers
|-damage|p2a: Hitmontop|71/100 tox|[from] psn
|upkeep
|turn|21
|
|t:|1758348372
|move|p2a: Hitmontop|Rapid Spin|p1a: Azumarill
|-damage|p1a: Azumarill|0 fnt
|-boost|p2a: Hitmontop|spe|1
|faint|p1a: Azumarill
|
|-heal|p2a: Hitmontop|77/100 tox|[from] item: Leftovers
|-damage|p2a: Hitmontop|52/100 tox|[from] psn
|upkeep
|
|t:|1758348375
|switch|p1a: Walking Wake|Walking Wake|100/100
|-enditem|p1a: Walking Wake|Booster Energy
|-activate|p1a: Walking Wake|ability: Protosynthesis|[fromitem]
|-start|p1a: Walking Wake|protosynthesisspa
|turn|22
|
|t:|1758348395
|move|p2a: Hitmontop|Close Combat|p1a: Walking Wake
|-damage|p1a: Walking Wake|21/100
|-unboost|p2a: Hitmontop|def|1
|-unboost|p2a: Hitmontop|spd|1
|move|p1a: Walking Wake|Flamethrower|p2a: Hitmontop
|-damage|p2a: Hitmontop|0 fnt
|faint|p2a: Hitmontop
|
|win|GruesomeLovelies
