|j|☆kennojex
|j|☆KingKaido107
|t:|1758244368
|gametype|singles
|player|p1|kennojex|170|1581
|player|p2|KingKaido107|dragontamer-gen6|1673
|gen|9
|tier|[Gen 9] OU
|rated|
|rule|HP Percentage Mod: HP is shown in percentages
|rule|Endless Battle Clause: Forcing endless battles is banned
|rule|Species Clause: Limit one of each Pokémon
|rule|OHKO Clause: OHKO moves are banned
|rule|Evasion Items Clause: Evasion items are banned
|rule|Evasion Moves Clause: Evasion moves are banned
|rule|Evasion Abilities Clause: Evasion abilities are banned
|rule|Sleep Moves Clause: Sleep-inducing moves are banned
|clearpoke
|poke|p1|Deoxys-Speed|
|poke|p1|Garganacl, F|
|poke|p1|Quaquaval, F|
|poke|p1|Kyurem|
|poke|p1|Darkrai|
|poke|p1|Cresselia, F|
|poke|p2|Ting-Lu|
|poke|p2|Gholdengo|
|poke|p2|Slowking-Galar, F|
|poke|p2|Cinderace, M|
|poke|p2|Arcanine-Hisui, M|
|poke|p2|Kingambit, F|
|teampreview
|inactive|Battle timer is ON: inactive players will automatically lose when time's up. (requested by KingKaido107)
|inactive|KingKaido107 has 120 seconds left.
|
|t:|1758244400
|teamsize|p1|6
|teamsize|p2|6
|start
|switch|p1a: Deoxys|Deoxys-Speed|100/100
|switch|p2a: Slowking|Slowking-Galar, F|100/100
|-ability|p1a: Deoxys|Pressure
|turn|1
|
|t:|1758244410
|move|p1a: Deoxys|Thunder Wave|p2a: Slowking
|-status|p2a: Slowking|par
|cant|p2a: Slowking|par
|
|upkeep
|turn|2
|
|t:|1758244413
|move|p1a: Deoxys|Light Screen|p1a: Deoxys
|-sidestart|p1: kennojex|move: Light Screen
|move|p2a: Slowking|Sludge Bomb|p1a: Deoxys
|-damage|p1a: Deoxys|81/100
|
|upkeep
|turn|3
|
|t:|1758244416
|move|p1a: Deoxys|Reflect|p1a: Deoxys
|-sidestart|p1: kennojex|Reflect
|move|p2a: Slowking|Sludge Bomb|p1a: Deoxys
|-damage|p1a: Deoxys|60/100
|-status|p1a: Deoxys|psn
|
|-damage|p1a: Deoxys|48/100 psn|[from] psn
|upkeep
|turn|4
|
|t:|1758244424
|switch|p1a: Kyurem|Kyurem|100/100
|-ability|p1a: Kyurem|Pressure
|-prepare|p2a: Slowking|Chilly Reception|[premajor]
|move|p2a: Slowking|Chilly Reception|p2a: Slowking
|-weather|Snowscape
|
|t:|1758244429
|switch|p2a: Cinderace|Cinderace, M|100/100|[from] Chilly Reception
|
|-weather|Snowscape|[upkeep]
|upkeep
|turn|5
|
|t:|1758244434
|switch|p1a: Garganacl|Garganacl, F|100/100
|move|p2a: Cinderace|Will-O-Wisp|p1a: Garganacl
|-immune|p1a: Garganacl|[from] ability: Purifying Salt
|
|-weather|Snowscape|[upkeep]
|upkeep
|turn|6
|
|t:|1758244436
|move|p2a: Cinderace|U-turn|p1a: Garganacl
|-start|p2a: Cinderace|typechange|Bug|[from] ability: Libero
|-damage|p1a: Garganacl|89/100
|
|t:|1758244438
|switch|p2a: Slowking|Slowking-Galar, F|100/100 par|[from] U-turn
|move|p1a: Garganacl|Iron Defense|p1a: Garganacl
|-boost|p1a: Garganacl|def|2
|
|-weather|Snowscape|[upkeep]
|-heal|p1a: Garganacl|95/100|[from] item: Leftovers
|upkeep
|turn|7
|
|t:|1758244441
|move|p1a: Garganacl|Iron Defense|p1a: Garganacl
|-boost|p1a: Garganacl|def|2
|-prepare|p2a: Slowking|Chilly Reception|[premajor]
|move|p2a: Slowking|Chilly Reception|p2a: Slowking
|
|t:|1758244443
|switch|p2a: Gholdengo|Gholdengo|100/100|[from] Chilly Reception
|
|-weather|Snowscape|[upkeep]
|-heal|p1a: Garganacl|100/100|[from] item: Leftovers
|upkeep
|turn|8
|
|t:|1758244445
|move|p2a: Gholdengo|Nasty Plot|p2a: Gholdengo
|-boost|p2a: Gholdengo|spa|2
|move|p1a: Garganacl|Salt Cure|p2a: Gholdengo
|-resisted|p2a: Gholdengo
|-damage|p2a: Gholdengo|96/100
|
|-weather|none
|upkeep
|turn|9
|
|t:|1758244448
|switch|p1a: Quaquaval|Quaquaval, F|100/100
|move|p2a: Gholdengo|Shadow Ball|p1a: Quaquaval
|-damage|p1a: Quaquaval|49/100
|
|-sideend|p1: kennojex|move: Light Screen
|upkeep
|turn|10
|
|t:|1758244453
|switch|p2a: Slowking|Slowking-Galar, F|100/100 par
|move|p1a: Quaquaval|Aqua Step|p2a: Slowking
|-damage|p2a: Slowking|73/100 par
|-boost|p1a: Quaquaval|spe|1
|
|-sideend|p1: kennojex|Reflect
|upkeep
|turn|11
|
|t:|1758244455
|move|p1a: Quaquaval|Swords Dance|p1a: Quaquaval
|-boost|p1a: Quaquaval|atk|2
|move|p2a: Slowking|Sludge Bomb|p1a: Quaquaval
|-damage|p1a: Quaquaval|2/100
|
|upkeep
|turn|12
|
|t:|1758244459
|move|p1a: Quaquaval|Aqua Step|p2a: Slowking
|-damage|p2a: Slowking|19/100 par
|-boost|p1a: Quaquaval|spe|1
|-prepare|p2a: Slowking|Chilly Reception|[premajor]
|move|p2a: Slowking|Chilly Reception|p2a: Slowking
|-weather|Snowscape
|
|t:|1758244462
|switch|p2a: Kingambit|Kingambit, F|100/100|[from] Chilly Reception
|
|-weather|Snowscape|[upkeep]
|upkeep
|turn|13
|
|t:|1758244465
|move|p2a: Kingambit|Sucker Punch||[still]
|-fail|p2a: Kingambit
|move|p1a: Quaquaval|Swords Dance|p1a: Quaquaval
|-boost|p1a: Quaquaval|atk|2
|
|-weather|Snowscape|[upkeep]
|upkeep
|turn|14
|
|t:|1758244466
|move|p2a: Kingambit|Sucker Punch||[still]
|-fail|p2a: Kingambit
|move|p1a: Quaquaval|Swords Dance|p1a: Quaquaval
|-boost|p1a: Quaquaval|atk|2
|
|-weather|Snowscape|[upkeep]
|upkeep
|turn|15
|
|t:|1758244467
|move|p2a: Kingambit|Sucker Punch||[still]
|-fail|p2a: Kingambit
|move|p1a: Quaquaval|Swords Dance|p1a: Quaquaval
|-boost|p1a: Quaquaval|atk|0
|
|-weather|Snowscape|[upkeep]
|upkeep
|turn|16
|
|t:|1758244469
|move|p2a: Kingambit|Sucker Punch||[still]
|-fail|p2a: Kingambit
|move|p1a: Quaquaval|Swords Dance|p1a: Quaquaval
|-boost|p1a: Quaquaval|atk|0
|
|-weather|none
|upkeep
|turn|17
|
|t:|1758244470
|move|p1a: Quaquaval|Swords Dance|p1a: Quaquaval
|-boost|p1a: Quaquaval|atk|0
|move|p2a: Kingambit|Kowtow Cleave|p1a: Quaquaval
|-resisted|p1a: Quaquaval
|-damage|p1a: Quaquaval|0 fnt
|faint|p1a: Quaquaval
|
|upkeep
|
|t:|1758244476
|switch|p1a: Deoxys|Deoxys-Speed|48/100 psn
|-ability|p1a: Deoxys|Pressure
|turn|18
|
|t:|1758244479
|move|p1a: Deoxys|Superpower|p2a: Kingambit
|-supereffective|p2a: Kingambit
|-damage|p2a: Kingambit|21/100
|-unboost|p1a: Deoxys|atk|1
|-unboost|p1a: Deoxys|def|1
|move|p2a: Kingambit|Kowtow Cleave|p1a: Deoxys
|-supereffective|p1a: Deoxys
|-damage|p1a: Deoxys|0 fnt
|faint|p1a: Deoxys
|
|-heal|p2a: Kingambit|27/100|[from] item: Leftovers
|upkeep
|
|t:|1758244486
|switch|p1a: Darkrai|Darkrai|100/100
|turn|19
|j| wgw2333
|
|t:|1758244498
|-end|p2a: Kingambit|fallenundefined|[silent]
|switch|p2a: Ting-Lu|Ting-Lu|100/100
|-ability|p2a: Ting-Lu|Vessel of Ruin
|move|p1a: Darkrai|Nasty Plot|p1a: Darkrai
|-boost|p1a: Darkrai|spa|2
|
|upkeep
|turn|20
|
|t:|1758244501
|move|p1a: Darkrai|Ice Beam|p2a: Ting-Lu
|-supereffective|p2a: Ting-Lu
|-damage|p2a: Ting-Lu|46/100
|move|p2a: Ting-Lu|Earthquake|p1a: Darkrai
|-damage|p1a: Darkrai|50/100
|
|-heal|p1a: Darkrai|56/100|[from] item: Leftovers
|-heal|p2a: Ting-Lu|52/100|[from] item: Leftovers
|upkeep
|turn|21
|
|t:|1758244510
|move|p1a: Darkrai|Ice Beam|p2a: Ting-Lu
|-supereffective|p2a: Ting-Lu
|-damage|p2a: Ting-Lu|0 fnt
|faint|p2a: Ting-Lu
|
|-heal|p1a: Darkrai|62/100|[from] item: Leftovers
|upkeep
|
|t:|1758244513
|switch|p2a: Arcanine|Arcanine-Hisui, M|100/100
|turn|22
|
|t:|1758244522
|-terastallize|p2a: Arcanine|Normal
|move|p2a: Arcanine|Extreme Speed|p1a: Darkrai
|-damage|p1a: Darkrai|0 fnt
|faint|p1a: Darkrai
|
|upkeep
|
|t:|1758244539
|switch|p1a: Kyurem|Kyurem|100/100
|-ability|p1a: Kyurem|Pressure
|turn|23
|
|t:|1758244544
|move|p2a: Arcanine|Extreme Speed|p1a: Kyurem
|-damage|p1a: Kyurem|45/100
|move|p1a: Kyurem|Icicle Spear|p2a: Arcanine
|-damage|p2a: Arcanine|84/100
|-damage|p2a: Arcanine|67/100
|-damage|p2a: Arcanine|50/100
|-damage|p2a: Arcanine|33/100
|-hitcount|p2a: Arcanine|4
|
|upkeep
|turn|24
|
|t:|1758244549
|move|p2a: Arcanine|Extreme Speed|p1a: Kyurem
|-damage|p1a: Kyurem|0 fnt
|faint|p1a: Kyurem
|
|upkeep
|
|t:|1758244553
|switch|p1a: Cresselia|Cresselia, F|100/100
|turn|25
|
|t:|1758244557
|switch|p2a: Kingambit|Kingambit, F|27/100
|-activate|p2a: Kingambit|ability: Supreme Overlord
|-start|p2a: Kingambit|fallen1|[silent]
|move|p1a: Cresselia|Calm Mind|p1a: Cresselia
|-boost|p1a: Cresselia|spa|1
|-boost|p1a: Cresselia|spd|1
|
|-heal|p2a: Kingambit|33/100|[from] item: Leftovers
|upkeep
|turn|26
|
|t:|1758244566
|-terastallize|p1a: Cresselia|Poison
|move|p1a: Cresselia|Calm Mind|p1a: Cresselia
|-boost|p1a: Cresselia|spa|1
|-boost|p1a: Cresselia|spd|1
|move|p2a: Kingambit|Swords Dance|p2a: Kingambit
|-boost|p2a: Kingambit|atk|2
|
|-heal|p2a: Kingambit|40/100|[from] item: Leftovers
|upkeep
|turn|27
|
|t:|1758244570
|move|p2a: Kingambit|Sucker Punch|p1a: Cresselia
|-damage|p1a: Cresselia|50/100
|move|p1a: Cresselia|Moonblast|p2a: Kingambit
|-damage|p2a: Kingambit|3/100
|-unboost|p2a: Kingambit|spa|1
|
|-heal|p1a: Cresselia|56/100|[from] item: Leftovers
|-heal|p2a: Kingambit|10/100|[from] item: Leftovers
|upkeep
|turn|28
|
|t:|1758244576
|move|p1a: Cresselia|Moonblast|p2a: Kingambit
|-damage|p2a: Kingambit|0 fnt
|faint|p2a: Kingambit
|-end|p2a: Kingambit|fallen1|[silent]
|
|-heal|p1a: Cresselia|62/100|[from] item: Leftovers
|upkeep
|
|t:|1758244578
|switch|p2a: Arcanine|Arcanine-Hisui, M, tera:Normal|33/100
|turn|29
|
|t:|1758244583
|move|p2a: Arcanine|Head Smash|p1a: Cresselia
|-damage|p1a: Cresselia|6/100
|move|p1a: Cresselia|Moonlight|p1a: Cresselia
|-heal|p1a: Cresselia|56/100
|
|-heal|p1a: Cresselia|62/100|[from] item: Leftovers
|upkeep
|turn|30
|
|t:|1758244585
|move|p2a: Arcanine|Head Smash|p1a: Cresselia
|-damage|p1a: Cresselia|11/100
|move|p1a: Cresselia|Moonlight|p1a: Cresselia
|-heal|p1a: Cresselia|61/100
|
|-heal|p1a: Cresselia|67/100|[from] item: Leftovers
|upkeep
|turn|31
|
|t:|1758244586
|move|p2a: Arcanine|Head Smash|p1a: Cresselia
|-damage|p1a: Cresselia|12/100
|move|p1a: Cresselia|Moonlight|p1a: Cresselia
|-heal|p1a: Cresselia|62/100
|
|-heal|p1a: Cresselia|68/100|[from] item: Leftovers
|upkeep
|turn|32
|
|t:|1758244588
|move|p2a: Arcanine|Head Smash|p1a: Cresselia|[miss]
|-miss|p2a: Arcanine|p1a: Cresselia
|move|p1a: Cresselia|Moonlight|p1a: Cresselia
|-heal|p1a: Cresselia|100/100
|
|upkeep
|turn|33
|
|t:|1758244590
|move|p2a: Arcanine|Head Smash|p1a: Cresselia
|-crit|p1a: Cresselia
|-damage|p1a: Cresselia|13/100
|move|p1a: Cresselia|Stored Power|p2a: Arcanine
|-damage|p2a: Arcanine|0 fnt
|faint|p2a: Arcanine
|
|-heal|p1a: Cresselia|19/100|[from] item: Leftovers
|upkeep
|
|t:|1758244592
|switch|p2a: Cinderace|Cinderace, M|100/100
|turn|34
|
|t:|1758244598
|move|p2a: Cinderace|Pyro Ball|p1a: Cresselia
|-damage|p1a: Cresselia|0 fnt
|faint|p1a: Cresselia
|
|upkeep
|c|☆kennojex|nah that was crazy
|c|☆kennojex|gg
|-message|kennojex forfeited.
|
|win|KingKaido107
|raw|kennojex's rating: 1581 &rarr; <strong>1566</strong><br />(-15 for losing)
|raw|KingKaido107's rating: 1673 &rarr; <strong>1688</strong><br />(+15 for winning)
|l|☆kennojex
|player|p1|
|l|☆KingKaido107
|player|p2|
|l| wgw2333
