|j|☆Jon Mateo
|j|☆pawmot_cute
|t:|1758292442
|gametype|singles
|player|p1|Jon Mateo|265|1352
|player|p2|pawmot_cute|101|1426
|gen|9
|tier|[Gen 9] OU
|rated|
|rule|HP Percentage Mod: HP is shown in percentages
|rule|Endless Battle Clause: Forcing endless battles is banned
|rule|Species Clause: Limit one of each Pokémon
|rule|OHKO Clause: OHKO moves are banned
|rule|Evasion Items Clause: Evasion items are banned
|rule|Evasion Moves Clause: Evasion moves are banned
|rule|Evasion Abilities Clause: Evasion abilities are banned
|rule|Sleep Moves Clause: Sleep-inducing moves are banned
|clearpoke
|poke|p1|Ceruledge, M|
|poke|p1|Lokix, F|
|poke|p1|Quaquaval, F|
|poke|p1|Gardevoir, M|
|poke|p1|Garchomp, M|
|poke|p1|Rotom-Frost|
|poke|p2|Araquanid, F|
|poke|p2|Gholdengo|
|poke|p2|Slowking-Galar, F|
|poke|p2|Meowscarada, F|
|poke|p2|Kyurem|
|poke|p2|Great Tusk|
|teampreview
|inactive|Battle timer is ON: inactive players will automatically lose when time's up. (requested by pawmot_cute)
|
|t:|1758292445
|teamsize|p1|6
|teamsize|p2|6
|start
|switch|p1a: Rotom|Rotom-Frost|100/100
|switch|p2a: Araquanid|Araquanid, F|100/100
|turn|1
|
|t:|1758292450
|move|p1a: Rotom|Thunderbolt|p2a: Araquanid
|-supereffective|p2a: Araquanid
|-damage|p2a: Araquanid|42/100
|move|p2a: Araquanid|Sticky Web|p1a: Rotom
|-sidestart|p1: Jon Mateo|move: Sticky Web
|
|upkeep
|turn|2
|
|t:|1758292457
|switch|p1a: Quaquaval|Quaquaval, F|100/100
|-activate|p1a: Quaquaval|move: Sticky Web
|-unboost|p1a: Quaquaval|spe|1
|move|p2a: Araquanid|Endure||[still]
|-fail|p2a: Araquanid
|
|upkeep
|turn|3
|
|t:|1758292464
|switch|p2a: Gholdengo|Gholdengo|100/100
|move|p1a: Quaquaval|Aqua Step|p2a: Gholdengo
|-damage|p2a: Gholdengo|31/100
|-boost|p1a: Quaquaval|spe|1
|
|upkeep
|turn|4
|
|t:|1758292471
|move|p2a: Gholdengo|Thunderbolt|p1a: Quaquaval
|-supereffective|p1a: Quaquaval
|-crit|p1a: Quaquaval
|-damage|p1a: Quaquaval|0 fnt
|faint|p1a: Quaquaval
|
|upkeep
|
|t:|1758292475
|switch|p1a: Rotom|Rotom-Frost|100/100
|turn|5
|
|t:|1758292480
|move|p1a: Rotom|Volt Switch|p2a: Gholdengo
|-damage|p2a: Gholdengo|0 fnt
|faint|p2a: Gholdengo
|
|t:|1758292491
|switch|p1a: Lokix|Lokix, F|100/100|[from] Volt Switch
|-activate|p1a: Lokix|move: Sticky Web
|-unboost|p1a: Lokix|spe|1
|
|upkeep
|
|t:|1758292497
|switch|p2a: Great Tusk|Great Tusk|100/100
|turn|6
|
|t:|1758292503
|switch|p1a: Rotom|Rotom-Frost|100/100
|move|p2a: Great Tusk|Rapid Spin|p1a: Rotom
|-damage|p1a: Rotom|78/100
|-boost|p2a: Great Tusk|spe|1
|
|upkeep
|turn|7
|
|t:|1758292511
|move|p2a: Great Tusk|Stone Edge|p1a: Rotom
|-supereffective|p1a: Rotom
|-damage|p1a: Rotom|0 fnt
|faint|p1a: Rotom
|
|upkeep
|
|t:|1758292516
|switch|p1a: Gardevoir|Gardevoir, M|100/100
|-activate|p1a: Gardevoir|move: Sticky Web
|-unboost|p1a: Gardevoir|spe|1
|turn|8
|
|t:|1758292521
|move|p2a: Great Tusk|Headlong Rush|p1a: Gardevoir
|-damage|p1a: Gardevoir|5/100
|-unboost|p2a: Great Tusk|def|1
|-unboost|p2a: Great Tusk|spd|1
|move|p1a: Gardevoir|Moonblast|p2a: Great Tusk
|-supereffective|p2a: Great Tusk
|-damage|p2a: Great Tusk|0 fnt
|faint|p2a: Great Tusk
|-end|p2a: Great Tusk|Protosynthesis|[silent]
|
|upkeep
|
|t:|1758292536
|switch|p2a: Magica|Meowscarada, F|100/100
|turn|9
|
|t:|1758292538
|move|p2a: Magica|U-turn|p1a: Gardevoir
|-start|p2a: Magica|typechange|Bug|[from] ability: Protean
|-damage|p1a: Gardevoir|0 fnt
|faint|p1a: Gardevoir
|
|t:|1758292544
|switch|p2a: Araquanid|Araquanid, F|42/100|[from] U-turn
|
|upkeep
|
|t:|1758292549
|switch|p1a: Garchomp|Garchomp, M|100/100
|-activate|p1a: Garchomp|move: Sticky Web
|-unboost|p1a: Garchomp|spe|1
|turn|10
|
|t:|1758292557
|move|p2a: Araquanid|Endure|p2a: Araquanid
|-singleturn|p2a: Araquanid|move: Endure
|move|p1a: Garchomp|Scale Shot|p2a: Araquanid
|-damage|p2a: Araquanid|26/100
|-damage|p2a: Araquanid|11/100
|-activate|p2a: Araquanid|move: Endure
|-damage|p2a: Araquanid|1/100
|-activate|p2a: Araquanid|move: Endure
|-damage|p2a: Araquanid|1/100
|-activate|p2a: Araquanid|move: Endure
|-damage|p2a: Araquanid|1/100
|-hitcount|p2a: Araquanid|5
|-unboost|p1a: Garchomp|def|1
|-boost|p1a: Garchomp|spe|1
|
|upkeep
|turn|11
|-enditem|p2a: Araquanid|Custap Berry|[eat]
|-activate|p2a: Araquanid|item: Custap Berry|[consumed]
|
|t:|1758292564
|move|p2a: Araquanid|Surf|p1a: Garchomp
|-damage|p1a: Garchomp|53/100
|move|p1a: Garchomp|Scale Shot|p2a: Araquanid
|-damage|p2a: Araquanid|0 fnt
|faint|p2a: Araquanid
|-hitcount|p2: Araquanid|1
|-unboost|p1a: Garchomp|def|1
|-boost|p1a: Garchomp|spe|1
|
|upkeep
|
|t:|1758292571
|switch|p2a: Magica|Meowscarada, F|100/100
|turn|12
|
|t:|1758292576
|move|p2a: Magica|Knock Off|p1a: Garchomp
|-start|p2a: Magica|typechange|Dark|[from] ability: Protean
|-damage|p1a: Garchomp|0 fnt
|-damage|p2a: Magica|88/100|[from] ability: Rough Skin|[of] p1a: Garchomp
|-enditem|p1a: Garchomp|Loaded Dice|[from] move: Knock Off|[of] p2a: Magica
|faint|p1a: Garchomp
|
|upkeep
|
|t:|1758292580
|switch|p1a: Lokix|Lokix, F|100/100
|-activate|p1a: Lokix|move: Sticky Web
|-unboost|p1a: Lokix|spe|1
|turn|13
|
|t:|1758292587
|switch|p2a: Slowking|Slowking-Galar, F|100/100
|move|p1a: Lokix|U-turn|p2a: Slowking
|-damage|p2a: Slowking|68/100
|
|t:|1758292590
|switch|p1a: Ceruledge|Ceruledge, M|100/100|[from] U-turn
|-activate|p1a: Ceruledge|move: Sticky Web
|-unboost|p1a: Ceruledge|spe|1
|
|upkeep
|turn|14
|
|t:|1758292595
|-terastallize|p2a: Slowking|Water
|move|p1a: Ceruledge|Poltergeist|p2a: Slowking
|-activate|p2a: Slowking|move: Poltergeist|Heavy-Duty Boots
|-damage|p2a: Slowking|0 fnt
|faint|p2a: Slowking
|-damage|p1a: Ceruledge|91/100|[from] item: Life Orb
|
|upkeep
|
|t:|1758292601
|switch|p2a: Kyurem|Kyurem|100/100
|-ability|p2a: Kyurem|Pressure
|turn|15
|
|t:|1758292611
|move|p2a: Kyurem|Draco Meteor|p1a: Ceruledge|[miss]
|-miss|p2a: Kyurem|p1a: Ceruledge
|move|p1a: Ceruledge|Bitter Blade|p2a: Kyurem
|-damage|p2a: Kyurem|36/100
|-heal|p1a: Ceruledge|100/100|[from] drain|[of] p2a: Kyurem
|-damage|p1a: Ceruledge|91/100|[from] item: Life Orb
|
|upkeep
|turn|16
|
|t:|1758292625
|move|p2a: Kyurem|Draco Meteor|p1a: Ceruledge|[miss]
|-miss|p2a: Kyurem|p1a: Ceruledge
|move|p1a: Ceruledge|Bitter Blade|p2a: Kyurem
|-damage|p2a: Kyurem|0 fnt
|-heal|p1a: Ceruledge|100/100|[from] drain|[of] p2a: Kyurem
|faint|p2a: Kyurem
|-damage|p1a: Ceruledge|91/100|[from] item: Life Orb
|
|upkeep
|-message|pawmot_cute forfeited.
|
|win|Jon Mateo
|raw|Jon Mateo's rating: 1352 &rarr; <strong>1376</strong><br />(+24 for winning)
|raw|pawmot_cute's rating: 1426 &rarr; <strong>1402</strong><br />(-24 for losing)
|l|☆pawmot_cute
|player|p2|
|l|☆Jon Mateo
|player|p1|
