|j|☆GummyDeino
|j|☆i have no id
|t:|1758352587
|gametype|singles
|player|p1|GummyDeino|2|1601
|player|p2|i have no id|cynthia-gen4|1516
|gen|9
|tier|[Gen 9] OU
|rated|
|rule|HP Percentage Mod: HP is shown in percentages
|rule|Endless Battle Clause: Forcing endless battles is banned
|rule|Species Clause: Limit one of each Pokémon
|rule|OHKO Clause: OHKO moves are banned
|rule|Evasion Items Clause: Evasion items are banned
|rule|Evasion Moves Clause: Evasion moves are banned
|rule|Evasion Abilities Clause: Evasion abilities are banned
|rule|Sleep Moves Clause: Sleep-inducing moves are banned
|clearpoke
|poke|p1|Indeedee, M|
|poke|p1|Hatterene, F|
|poke|p1|Ursaluna, F|
|poke|p1|Iron Hands|
|poke|p1|Hoopa-Unbound|
|poke|p1|Mimikyu, F|
|poke|p2|Garganacl, F|
|poke|p2|Scizor, F|
|poke|p2|Hatterene, F|
|poke|p2|Moltres|
|poke|p2|Raging Bolt|
|poke|p2|Darkrai|
|teampreview
|inactive|Battle timer is ON: inactive players will automatically lose when time's up. (requested by GummyDeino)
|
|t:|1758352598
|teamsize|p1|6
|teamsize|p2|6
|start
|switch|p1a: Catch These Hands|Iron Hands, shiny|100/100
|switch|p2a: 报复社会|Garganacl, F|100/100
|-enditem|p1a: Catch These Hands|Booster Energy
|-activate|p1a: Catch These Hands|ability: Quark Drive|[fromitem]
|-start|p1a: Catch These Hands|quarkdriveatk
|turn|1
|
|t:|1758352608
|switch|p2a: Moltres|Moltres|100/100
|move|p1a: Catch These Hands|Close Combat|p2a: Moltres
|-resisted|p2a: Moltres
|-damage|p2a: Moltres|68/100
|-unboost|p1a: Catch These Hands|def|1
|-unboost|p1a: Catch These Hands|spd|1
|
|upkeep
|turn|2
|
|t:|1758352617
|-terastallize|p1a: Catch These Hands|Fire
|move|p2a: Moltres|Will-O-Wisp|p1a: Catch These Hands
|-immune|p1a: Catch These Hands
|move|p1a: Catch These Hands|Supercell Slam|p2a: Moltres
|-supereffective|p2a: Moltres
|-damage|p2a: Moltres|0 fnt
|faint|p2a: Moltres
|
|upkeep
|
|t:|1758352628
|switch|p2a: Raging Bolt|Raging Bolt|100/100
|-enditem|p2a: Raging Bolt|Booster Energy
|-activate|p2a: Raging Bolt|ability: Protosynthesis|[fromitem]
|-start|p2a: Raging Bolt|protosynthesisspa
|turn|3
|
|t:|1758352635
|-end|p1a: Catch These Hands|Quark Drive|[silent]
|switch|p1a: Mimi :3|Mimikyu, F, shiny|100/100
|move|p2a: Raging Bolt|Dragon Pulse|p1a: Mimi :3
|-immune|p1a: Mimi :3
|
|upkeep
|turn|4
|
|t:|1758352642
|-terastallize|p2a: Raging Bolt|Fairy
|move|p2a: Raging Bolt|Thunderbolt|p1a: Mimi :3
|-activate|p1a: Mimi :3|ability: Disguise
|-damage|p1a: Mimi :3|100/100
|detailschange|p1a: Mimi :3|Mimikyu-Busted, F, shiny
|-damage|p1a: Mimi :3|88/100|[from] pokemon: Mimikyu-Busted
|-enditem|p1a: Mimi :3|Red Card|[of] p2a: Raging Bolt
|-end|p2a: Raging Bolt|Protosynthesis|[silent]
|drag|p2a: Darkrai|Darkrai|100/100
|move|p1a: Mimi :3|Trick Room|p1a: Mimi :3
|-fieldstart|move: Trick Room|[of] p1a: Mimi :3
|
|upkeep
|turn|5
|
|t:|1758352652
|switch|p2a: Scizor|Scizor, F|100/100
|move|p1a: Mimi :3|Curse|p2a: Scizor
|-start|p2a: Scizor|Curse|[of] p1a: Mimi :3
|-damage|p1a: Mimi :3|38/100
|
|-damage|p2a: Scizor|76/100|[from] Curse
|upkeep
|turn|6
|
|t:|1758352660
|move|p2a: Scizor|U-turn|p1a: Mimi :3
|-resisted|p1a: Mimi :3
|-damage|p1a: Mimi :3|26/100
|
|t:|1758352665
|switch|p2a: 报复社会|Garganacl, F|100/100|[from] U-turn
|move|p1a: Mimi :3|Destiny Bond|p1a: Mimi :3
|-singlemove|p1a: Mimi :3|Destiny Bond
|
|upkeep
|turn|7
|
|t:|1758352674
|move|p2a: 报复社会|Stealth Rock|p1a: Mimi :3
|-sidestart|p1: GummyDeino|move: Stealth Rock
|move|p1a: Mimi :3|Curse|p2a: 报复社会
|-start|p2a: 报复社会|Curse|[of] p1a: Mimi :3
|-damage|p1a: Mimi :3|0 fnt
|faint|p1a: Mimi :3
|
|-damage|p2a: 报复社会|75/100|[from] Curse
|upkeep
|
|t:|1758352681
|switch|p1a: Ayo Doc Heal Me|Indeedee, M, shiny|100/100
|-damage|p1a: Ayo Doc Heal Me|88/100|[from] Stealth Rock
|-fieldstart|move: Psychic Terrain|[from] ability: Psychic Surge|[of] p1a: Ayo Doc Heal Me
|turn|8
|
|t:|1758352687
|switch|p2a: Hatterene|Hatterene, F|100/100
|move|p1a: Ayo Doc Heal Me|Expanding Force|p2a: Hatterene
|-resisted|p2a: Hatterene
|-damage|p2a: Hatterene|84/100
|
|-fieldend|move: Trick Room
|upkeep
|turn|9
|
|t:|1758352695
|switch|p1a: Sukuna|Hoopa-Unbound|100/100
|-damage|p1a: Sukuna|88/100|[from] Stealth Rock
|-enditem|p1a: Sukuna|Psychic Seed
|-boost|p1a: Sukuna|spd|1|[from] item: Psychic Seed
|move|p2a: Hatterene|Draining Kiss|p1a: Sukuna
|-supereffective|p1a: Sukuna
|-damage|p1a: Sukuna|58/100
|-heal|p2a: Hatterene|100/100|[from] drain|[of] p1a: Sukuna
|
|upkeep
|turn|10
|
|t:|1758352704
|move|p1a: Sukuna|Hyperspace Fury|p2a: Hatterene
|-damage|p2a: Hatterene|45/100
|-unboost|p1a: Sukuna|def|1
|-item|p1a: Sukuna|Assault Vest|[from] ability: Magician|[of] p2a: Hatterene
|move|p2a: Hatterene|Draining Kiss|p1a: Sukuna
|-supereffective|p1a: Sukuna
|-damage|p1a: Sukuna|40/100
|-heal|p2a: Hatterene|61/100|[from] drain|[of] p1a: Sukuna
|
|upkeep
|turn|11
|
|t:|1758352715
|switch|p2a: Darkrai|Darkrai|100/100
|move|p1a: Sukuna|Focus Blast|p2a: Darkrai|[miss]
|-miss|p1a: Sukuna|p2a: Darkrai
|
|upkeep
|turn|12
|
|t:|1758352721
|move|p2a: Darkrai|Dark Pulse|p1a: Sukuna
|-damage|p1a: Sukuna|20/100
|move|p1a: Sukuna|Focus Blast|p2a: Darkrai
|-supereffective|p2a: Darkrai
|-damage|p2a: Darkrai|0 fnt
|faint|p2a: Darkrai
|
|upkeep
|
|t:|1758352729
|switch|p2a: Scizor|Scizor, F|76/100
|turn|13
|
|t:|1758352732
|move|p2a: Scizor|U-turn|p1a: Sukuna
|-supereffective|p1a: Sukuna
|-damage|p1a: Sukuna|0 fnt
|faint|p1a: Sukuna
|
|t:|1758352738
|switch|p2a: 报复社会|Garganacl, F|75/100|[from] U-turn
|
|-heal|p2a: 报复社会|82/100|[from] item: Leftovers
|upkeep
|
|t:|1758352744
|switch|p1a: Catch These Hands|Iron Hands, shiny, tera:Fire|100/100
|-damage|p1a: Catch These Hands|76/100|[from] Stealth Rock
|turn|14
|
|t:|1758352749
|switch|p2a: Hatterene|Hatterene, F|61/100
|move|p1a: Catch These Hands|Close Combat|p2a: Hatterene
|-resisted|p2a: Hatterene
|-damage|p2a: Hatterene|40/100
|-unboost|p1a: Catch These Hands|def|1
|-unboost|p1a: Catch These Hands|spd|1
|
|upkeep
|turn|15
|
|t:|1758352758
|move|p1a: Catch These Hands|Heavy Slam|p2a: Hatterene
|-supereffective|p2a: Hatterene
|-damage|p2a: Hatterene|0 fnt
|faint|p2a: Hatterene
|
|-fieldend|move: Psychic Terrain
|upkeep
|
|t:|1758352763
|switch|p2a: Raging Bolt|Raging Bolt, tera:Fairy|100/100
|turn|16
|
|t:|1758352770
|move|p2a: Raging Bolt|Dragon Pulse|p1a: Catch These Hands
|-damage|p1a: Catch These Hands|18/100
|move|p1a: Catch These Hands|Heavy Slam|p2a: Raging Bolt
|-supereffective|p2a: Raging Bolt
|-damage|p2a: Raging Bolt|68/100
|
|upkeep
|turn|17
|
|t:|1758352776
|move|p2a: Raging Bolt|Thunderbolt|p1a: Catch These Hands
|-damage|p1a: Catch These Hands|0 fnt
|faint|p1a: Catch These Hands
|-end|p1a: Catch These Hands|Quark Drive|[silent]
|
|upkeep
|
|t:|1758352780
|switch|p1a: Ayo Doc Heal Me|Indeedee, M, shiny|88/100
|-damage|p1a: Ayo Doc Heal Me|76/100|[from] Stealth Rock
|-fieldstart|move: Psychic Terrain|[from] ability: Psychic Surge|[of] p1a: Ayo Doc Heal Me
|turn|18
|
|t:|1758352786
|-end|p2a: Raging Bolt|Protosynthesis|[silent]
|switch|p2a: Scizor|Scizor, F|76/100
|move|p1a: Ayo Doc Heal Me|Trick Room|p1a: Ayo Doc Heal Me
|-fieldstart|move: Trick Room|[of] p1a: Ayo Doc Heal Me
|
|upkeep
|turn|19
|
|t:|1758352791
|move|p2a: Scizor|U-turn|p1a: Ayo Doc Heal Me
|-supereffective|p1a: Ayo Doc Heal Me
|-damage|p1a: Ayo Doc Heal Me|0 fnt
|faint|p1a: Ayo Doc Heal Me
|
|t:|1758352796
|switch|p2a: 报复社会|Garganacl, F|82/100|[from] U-turn
|
|-heal|p2a: 报复社会|88/100|[from] item: Leftovers
|upkeep
|
|t:|1758352801
|switch|p1a: 5 Nights In TR|Ursaluna, F, shiny|100/100
|-damage|p1a: 5 Nights In TR|94/100|[from] Stealth Rock
|turn|20
|
|t:|1758352805
|move|p2a: 报复社会|Salt Cure|p1a: 5 Nights In TR
|-resisted|p1a: 5 Nights In TR
|-damage|p1a: 5 Nights In TR|90/100
|-start|p1a: 5 Nights In TR|Salt Cure
|move|p1a: 5 Nights In TR|Headlong Rush|p2a: 报复社会
|-supereffective|p2a: 报复社会
|-damage|p2a: 报复社会|0 fnt
|-unboost|p1a: 5 Nights In TR|def|1
|-unboost|p1a: 5 Nights In TR|spd|1
|faint|p2a: 报复社会
|
|-damage|p1a: 5 Nights In TR|78/100|[from] Salt Cure
|-status|p1a: 5 Nights In TR|brn|[from] item: Flame Orb
|upkeep
|
|t:|1758352823
|switch|p2a: Scizor|Scizor, F|76/100
|turn|21
|
|t:|1758352829
|move|p2a: Scizor|Bullet Punch|p1a: 5 Nights In TR
|-activate|p1a: 5 Nights In TR|move: Psychic Terrain
|move|p1a: 5 Nights In TR|Headlong Rush|p2a: Scizor
|-damage|p2a: Scizor|0 fnt
|-unboost|p1a: 5 Nights In TR|def|1
|-unboost|p1a: 5 Nights In TR|spd|1
|faint|p2a: Scizor
|
|-damage|p1a: 5 Nights In TR|72/100 brn|[from] brn
|-damage|p1a: 5 Nights In TR|59/100 brn|[from] Salt Cure
|upkeep
|
|t:|1758352834
|switch|p2a: Raging Bolt|Raging Bolt, tera:Fairy|68/100
|turn|22
|
|t:|1758352840
|move|p1a: 5 Nights In TR|Facade|p2a: Raging Bolt
|-damage|p2a: Raging Bolt|0 fnt
|faint|p2a: Raging Bolt
|-end|p2a: Raging Bolt|Protosynthesis|[silent]
|
|win|GummyDeino
|raw|GummyDeino's rating: 1601 &rarr; <strong>1616</strong><br />(+15 for winning)
|raw|i have no id's rating: 1516 &rarr; <strong>1501</strong><br />(-15 for losing)
|l|☆i have no id
|player|p2|
