|j|☆Cinder D Ace
|j|‽user.cancel
|t:|1758330595
|gametype|singles
|player|p1|Cinder D Ace|parasollady|1379
|player|p2|user.cancel|bugcatcher-gen4dp|1370
|gen|9
|tier|[Gen 9] OU
|rated|
|rule|HP Percentage Mod: HP is shown in percentages
|rule|Endless Battle Clause: Forcing endless battles is banned
|rule|Species Clause: Limit one of each Pokémon
|rule|OHKO Clause: OHKO moves are banned
|rule|Evasion Items Clause: Evasion items are banned
|rule|Evasion Moves Clause: Evasion moves are banned
|rule|Evasion Abilities Clause: Evasion abilities are banned
|rule|Sleep Moves Clause: Sleep-inducing moves are banned
|clearpoke
|poke|p1|Fezandipiti, M|
|poke|p1|Garganacl, F|
|poke|p1|Dragonite, F|
|poke|p1|Ting-Lu|
|poke|p1|Corviknight, F|
|poke|p1|Ceruledge, M|
|poke|p2|Walking Wake|
|poke|p2|Torkoal, M|
|poke|p2|Great Tusk|
|poke|p2|Clodsire, M|
|poke|p2|Ceruledge, F|
|poke|p2|Munkidori, M|
|teampreview
|inactive|Battle timer is ON: inactive players will automatically lose when time's up. (requested by Cinder D Ace)
|inactive|user.cancel also wants the timer to be on.
|
|t:|1758330611
|teamsize|p1|6
|teamsize|p2|6
|start
|switch|p1a: Fezandipiti|Fezandipiti, M|100/100
|switch|p2a: Munkidori|Munkidori, M|100/100
|turn|1
|
|t:|1758330619
|move|p2a: Munkidori|Psychic|p1a: Fezandipiti
|-supereffective|p1a: Fezandipiti
|-damage|p1a: Fezandipiti|43/100
|-unboost|p1a: Fezandipiti|spd|1
|move|p1a: Fezandipiti|U-turn|p2a: Munkidori
|-damage|p2a: Munkidori|75/100
|
|t:|1758330627
|switch|p1a: Garganacl|Garganacl, F|100/100|[from] U-turn
|
|upkeep
|turn|2
|
|t:|1758330636
|switch|p2a: Great Tusk|Great Tusk|100/100
|move|p1a: Garganacl|Salt Cure|p2a: Great Tusk
|-resisted|p2a: Great Tusk
|-damage|p2a: Great Tusk|99/100
|-start|p2a: Great Tusk|Salt Cure
|
|-damage|p2a: Great Tusk|86/100|[from] Salt Cure
|upkeep
|turn|3
|
|t:|1758330640
|switch|p1a: Corviknight|Corviknight, F, shiny|100/100
|-ability|p1a: Corviknight|Pressure
|move|p2a: Great Tusk|Knock Off|p1a: Corviknight
|-damage|p1a: Corviknight|79/100
|-damage|p2a: Great Tusk|70/100|[from] item: Rocky Helmet|[of] p1a: Corviknight
|-enditem|p1a: Corviknight|Rocky Helmet|[from] move: Knock Off|[of] p2a: Great Tusk
|
|-damage|p2a: Great Tusk|57/100|[from] Salt Cure
|upkeep
|turn|4
|
|t:|1758330645
|-end|p2a: Great Tusk|Protosynthesis|[silent]
|switch|p2a: Torkoal|Torkoal, M|100/100
|-weather|SunnyDay|[from] ability: Drought|[of] p2a: Torkoal
|move|p1a: Corviknight|U-turn|p2a: Torkoal
|-resisted|p2a: Torkoal
|-crit|p2a: Torkoal
|-damage|p2a: Torkoal|94/100
|
|t:|1758330649
|switch|p1a: Garganacl|Garganacl, F|100/100|[from] U-turn
|
|-weather|SunnyDay|[upkeep]
|upkeep
|turn|5
|
|t:|1758330660
|switch|p2a: Walking Wake|Walking Wake|100/100
|-activate|p2a: Walking Wake|ability: Protosynthesis
|-start|p2a: Walking Wake|protosynthesisspe
|move|p1a: Garganacl|Salt Cure|p2a: Walking Wake
|-damage|p2a: Walking Wake|87/100
|-start|p2a: Walking Wake|Salt Cure
|
|-weather|SunnyDay|[upkeep]
|-damage|p2a: Walking Wake|62/100|[from] Salt Cure
|upkeep
|turn|6
|
|t:|1758330670
|move|p1a: Garganacl|Protect|p1a: Garganacl
|-singleturn|p1a: Garganacl|Protect
|move|p2a: Walking Wake|Hydro Steam|p1a: Garganacl
|-activate|p1a: Garganacl|move: Protect
|
|-weather|SunnyDay|[upkeep]
|-damage|p2a: Walking Wake|37/100|[from] Salt Cure
|upkeep
|turn|7
|
|t:|1758330683
|-terastallize|p1a: Garganacl|Water
|move|p2a: Walking Wake|Hydro Steam|p1a: Garganacl
|-resisted|p1a: Garganacl
|-damage|p1a: Garganacl|72/100
|move|p1a: Garganacl|Stealth Rock|p2a: Walking Wake
|-sidestart|p2: user.cancel|move: Stealth Rock
|
|-weather|SunnyDay|[upkeep]
|-heal|p1a: Garganacl|78/100|[from] item: Leftovers
|-damage|p2a: Walking Wake|13/100|[from] Salt Cure
|upkeep
|turn|8
|
|t:|1758330692
|-end|p2a: Walking Wake|Protosynthesis|[silent]
|switch|p2a: Great Tusk|Great Tusk|57/100
|-damage|p2a: Great Tusk|54/100|[from] Stealth Rock
|-activate|p2a: Great Tusk|ability: Protosynthesis
|-start|p2a: Great Tusk|protosynthesisdef
|move|p1a: Garganacl|Salt Cure|p2a: Great Tusk
|-resisted|p2a: Great Tusk
|-damage|p2a: Great Tusk|53/100
|-start|p2a: Great Tusk|Salt Cure
|
|-weather|SunnyDay|[upkeep]
|-heal|p1a: Garganacl|85/100|[from] item: Leftovers
|-damage|p2a: Great Tusk|41/100|[from] Salt Cure
|upkeep
|turn|9
|
|t:|1758330703
|move|p1a: Garganacl|Protect|p1a: Garganacl
|-singleturn|p1a: Garganacl|Protect
|move|p2a: Great Tusk|Rapid Spin|p1a: Garganacl
|-activate|p1a: Garganacl|move: Protect
|
|-weather|SunnyDay|[upkeep]
|-heal|p1a: Garganacl|91/100|[from] item: Leftovers
|-damage|p2a: Great Tusk|28/100|[from] Salt Cure
|upkeep
|turn|10
|
|t:|1758330708
|switch|p1a: Corviknight|Corviknight, F, shiny|79/100
|-ability|p1a: Corviknight|Pressure
|move|p2a: Great Tusk|Rapid Spin|p1a: Corviknight
|-resisted|p1a: Corviknight
|-damage|p1a: Corviknight|74/100
|-boost|p2a: Great Tusk|spe|1
|-sideend|p2: user.cancel|Stealth Rock|[from] move: Rapid Spin|[of] p2a: Great Tusk
|
|-weather|SunnyDay|[upkeep]
|-damage|p2a: Great Tusk|16/100|[from] Salt Cure
|upkeep
|turn|11
|
|t:|1758330720
|-end|p2a: Great Tusk|Protosynthesis|[silent]
|switch|p2a: Munkidori|Munkidori, M|75/100
|move|p1a: Corviknight|U-turn|p2a: Munkidori
|-damage|p2a: Munkidori|53/100
|
|t:|1758330724
|switch|p1a: Ting-Lu|Ting-Lu|100/100|[from] U-turn
|-ability|p1a: Ting-Lu|Vessel of Ruin
|
|-weather|none
|upkeep
|turn|12
|
|t:|1758330738
|move|p2a: Munkidori|U-turn|p1a: Ting-Lu
|-supereffective|p1a: Ting-Lu
|-damage|p1a: Ting-Lu|88/100
|
|t:|1758330744
|switch|p2a: Torkoal|Torkoal, M|94/100|[from] U-turn
|-weather|SunnyDay|[from] ability: Drought|[of] p2a: Torkoal
|move|p1a: Ting-Lu|Spikes|p2a: Torkoal
|-sidestart|p2: user.cancel|Spikes
|
|-weather|SunnyDay|[upkeep]
|-heal|p1a: Ting-Lu|95/100|[from] item: Leftovers
|upkeep
|turn|13
|
|t:|1758330749
|move|p1a: Ting-Lu|Spikes|p2a: Torkoal
|-sidestart|p2: user.cancel|Spikes
|move|p2a: Torkoal|Stealth Rock|p1a: Ting-Lu
|-sidestart|p1: Cinder D Ace|move: Stealth Rock
|
|-weather|SunnyDay|[upkeep]
|-heal|p1a: Ting-Lu|100/100|[from] item: Leftovers
|upkeep
|turn|14
|
|t:|1758330755
|move|p1a: Ting-Lu|Spikes|p2a: Torkoal
|-sidestart|p2: user.cancel|Spikes
|move|p2a: Torkoal|Lava Plume|p1a: Ting-Lu
|-damage|p1a: Ting-Lu|86/100
|
|-weather|SunnyDay|[upkeep]
|-heal|p1a: Ting-Lu|92/100|[from] item: Leftovers
|upkeep
|turn|15
|
|t:|1758330760
|switch|p1a: Garganacl|Garganacl, F, tera:Water|91/100
|-damage|p1a: Garganacl|78/100|[from] Stealth Rock
|move|p2a: Torkoal|Rapid Spin|p1a: Garganacl
|-damage|p1a: Garganacl|73/100
|-boost|p2a: Torkoal|spe|1
|-sideend|p2: user.cancel|Spikes|[from] move: Rapid Spin|[of] p2a: Torkoal
|
|-weather|SunnyDay|[upkeep]
|-heal|p1a: Garganacl|79/100|[from] item: Leftovers
|upkeep
|turn|16
|
|t:|1758330771
|switch|p2a: Clodsire|Clodsire, M|100/100
|move|p1a: Garganacl|Salt Cure|p2a: Clodsire
|-resisted|p2a: Clodsire
|-damage|p2a: Clodsire|93/100
|-start|p2a: Clodsire|Salt Cure
|
|-weather|SunnyDay|[upkeep]
|-heal|p2a: Clodsire|99/100|[from] item: Leftovers
|-heal|p1a: Garganacl|85/100|[from] item: Leftovers
|-damage|p2a: Clodsire|87/100|[from] Salt Cure
|upkeep
|turn|17
|
|t:|1758330779
|move|p2a: Clodsire|Spikes|p1a: Garganacl
|-sidestart|p1: Cinder D Ace|Spikes
|move|p1a: Garganacl|Stealth Rock|p2a: Clodsire
|-sidestart|p2: user.cancel|move: Stealth Rock
|
|-weather|SunnyDay|[upkeep]
|-heal|p2a: Clodsire|93/100|[from] item: Leftovers
|-heal|p1a: Garganacl|92/100|[from] item: Leftovers
|-damage|p2a: Clodsire|81/100|[from] Salt Cure
|upkeep
|turn|18
|
|t:|1758330786
|switch|p1a: Corviknight|Corviknight, F, shiny|74/100
|-damage|p1a: Corviknight|62/100|[from] Stealth Rock
|-ability|p1a: Corviknight|Pressure
|move|p2a: Clodsire|Spikes|p1a: Corviknight
|-sidestart|p1: Cinder D Ace|Spikes
|
|-weather|SunnyDay|[upkeep]
|-heal|p2a: Clodsire|87/100|[from] item: Leftovers
|-damage|p2a: Clodsire|75/100|[from] Salt Cure
|upkeep
|turn|19
|
|t:|1758330792
|switch|p2a: Torkoal|Torkoal, M|94/100
|-damage|p2a: Torkoal|69/100|[from] Stealth Rock
|move|p1a: Corviknight|Roost|p1a: Corviknight
|-heal|p1a: Corviknight|100/100
|-singleturn|p1a: Corviknight|move: Roost
|
|-weather|none
|upkeep
|turn|20
|
|t:|1758330797
|move|p1a: Corviknight|U-turn|p2a: Torkoal
|-resisted|p2a: Torkoal
|-damage|p2a: Torkoal|65/100
|
|t:|1758330800
|switch|p1a: Garganacl|Garganacl, F, tera:Water|92/100|[from] U-turn
|-damage|p1a: Garganacl|79/100|[from] Stealth Rock
|-damage|p1a: Garganacl|63/100|[from] Spikes
|move|p2a: Torkoal|Lava Plume|p1a: Garganacl
|-resisted|p1a: Garganacl
|-damage|p1a: Garganacl|54/100
|
|-heal|p1a: Garganacl|60/100|[from] item: Leftovers
|upkeep
|turn|21
|
|t:|1758330812
|move|p2a: Torkoal|Rapid Spin|p1a: Garganacl
|-damage|p1a: Garganacl|54/100
|-boost|p2a: Torkoal|spe|1
|-sideend|p2: user.cancel|Stealth Rock|[from] move: Rapid Spin|[of] p2a: Torkoal
|move|p1a: Garganacl|Salt Cure|p2a: Torkoal
|-supereffective|p2a: Torkoal
|-damage|p2a: Torkoal|50/100
|-start|p2a: Torkoal|Salt Cure
|
|-heal|p1a: Garganacl|60/100|[from] item: Leftovers
|-damage|p2a: Torkoal|38/100|[from] Salt Cure
|upkeep
|turn|22
|
|t:|1758330817
|switch|p2a: Clodsire|Clodsire, M|75/100
|move|p1a: Garganacl|Stealth Rock|p2a: Clodsire
|-sidestart|p2: user.cancel|move: Stealth Rock
|
|-heal|p2a: Clodsire|81/100|[from] item: Leftovers
|-heal|p1a: Garganacl|66/100|[from] item: Leftovers
|upkeep
|turn|23
|
|t:|1758330823
|move|p2a: Clodsire|Spikes|p1a: Garganacl
|-sidestart|p1: Cinder D Ace|Spikes
|move|p1a: Garganacl|Salt Cure|p2a: Clodsire
|-resisted|p2a: Clodsire
|-damage|p2a: Clodsire|74/100
|-start|p2a: Clodsire|Salt Cure
|
|-heal|p2a: Clodsire|80/100|[from] item: Leftovers
|-heal|p1a: Garganacl|73/100|[from] item: Leftovers
|-damage|p2a: Clodsire|68/100|[from] Salt Cure
|upkeep
|turn|24
|
|t:|1758330827
|switch|p1a: Corviknight|Corviknight, F, shiny|100/100
|-damage|p1a: Corviknight|88/100|[from] Stealth Rock
|-ability|p1a: Corviknight|Pressure
|move|p2a: Clodsire|Earthquake|p1a: Corviknight
|-immune|p1a: Corviknight
|
|-heal|p2a: Clodsire|74/100|[from] item: Leftovers
|-damage|p2a: Clodsire|61/100|[from] Salt Cure
|upkeep
|turn|25
|
|t:|1758330836
|switch|p2a: Ceruledge|Ceruledge, F|100/100
|-damage|p2a: Ceruledge|76/100|[from] Stealth Rock
|move|p1a: Corviknight|Brave Bird|p2a: Ceruledge
|-damage|p2a: Ceruledge|23/100
|-ability|p2a: Ceruledge|Weak Armor|boost
|-unboost|p2a: Ceruledge|def|1
|-boost|p2a: Ceruledge|spe|2
|-damage|p1a: Corviknight|75/100|[from] Recoil
|
|upkeep
|turn|26
|
|t:|1758330848
|move|p2a: Ceruledge|Poltergeist||[still]
|-fail|p2a: Ceruledge
|move|p1a: Corviknight|Defog|p2a: Ceruledge
|-unboost|p2a: Ceruledge|evasion|1
|-sideend|p2: user.cancel|Stealth Rock|[from] move: Defog|[of] p1a: Corviknight
|-sideend|p1: Cinder D Ace|Spikes|[from] move: Defog|[of] p1a: Corviknight
|-sideend|p1: Cinder D Ace|Stealth Rock|[from] move: Defog|[of] p1a: Corviknight
|
|upkeep
|turn|27
|
|t:|1758330861
|switch|p1a: Fezandipiti|Fezandipiti, M|43/100
|move|p2a: Ceruledge|Bitter Blade|p1a: Fezandipiti
|-damage|p1a: Fezandipiti|0 fnt
|-heal|p2a: Ceruledge|51/100|[from] drain|[of] p1a: Fezandipiti
|faint|p1a: Fezandipiti
|
|upkeep
|
|t:|1758330869
|switch|p1a: Ceruledge|Ceruledge, M|100/100
|turn|28
|
|t:|1758330873
|move|p2a: Ceruledge|Shadow Sneak|p1a: Ceruledge
|-supereffective|p1a: Ceruledge
|-damage|p1a: Ceruledge|41/100
|-ability|p1a: Ceruledge|Weak Armor|boost
|-unboost|p1a: Ceruledge|def|1
|-boost|p1a: Ceruledge|spe|2
|move|p1a: Ceruledge|Poltergeist|p2a: Ceruledge
|-activate|p2a: Ceruledge|move: Poltergeist|Focus Sash
|-supereffective|p2a: Ceruledge
|-damage|p2a: Ceruledge|0 fnt
|faint|p2a: Ceruledge
|
|upkeep
|
|t:|1758330884
|switch|p2a: Great Tusk|Great Tusk|16/100
|turn|29
|
|t:|1758330887
|move|p1a: Ceruledge|Bitter Blade|p2a: Great Tusk
|-damage|p2a: Great Tusk|0 fnt
|-heal|p1a: Ceruledge|51/100|[from] drain|[of] p2a: Great Tusk
|-damage|p1a: Ceruledge|34/100|[from] item: Rocky Helmet|[of] p2a: Great Tusk
|faint|p2a: Great Tusk
|-end|p2a: Great Tusk|Protosynthesis|[silent]
|
|upkeep
|
|t:|1758330893
|switch|p2a: Clodsire|Clodsire, M|61/100
|turn|30
|
|t:|1758330898
|move|p1a: Ceruledge|Poltergeist|p2a: Clodsire
|-activate|p2a: Clodsire|move: Poltergeist|Leftovers
|-damage|p2a: Clodsire|2/100
|move|p2a: Clodsire|Earthquake|p1a: Ceruledge
|-supereffective|p1a: Ceruledge
|-damage|p1a: Ceruledge|0 fnt
|faint|p1a: Ceruledge
|
|-heal|p2a: Clodsire|9/100|[from] item: Leftovers
|upkeep
|
|t:|1758330906
|switch|p1a: Dragonite|Dragonite, F|100/100
|turn|31
|
|t:|1758330911
|move|p1a: Dragonite|Earthquake|p2a: Clodsire
|-supereffective|p2a: Clodsire
|-damage|p2a: Clodsire|0 fnt
|faint|p2a: Clodsire
|
|upkeep
|
|t:|1758330914
|switch|p2a: Torkoal|Torkoal, M|38/100
|-weather|SunnyDay|[from] ability: Drought|[of] p2a: Torkoal
|turn|32
|
|t:|1758330917
|switch|p1a: Garganacl|Garganacl, F, tera:Water|73/100
|move|p2a: Torkoal|Will-O-Wisp|p1a: Garganacl
|-immune|p1a: Garganacl|[from] ability: Purifying Salt
|
|-weather|SunnyDay|[upkeep]
|-heal|p1a: Garganacl|79/100|[from] item: Leftovers
|upkeep
|turn|33
|-message|user.cancel forfeited.
|
|win|Cinder D Ace
|raw|Cinder D Ace's rating: 1379 &rarr; <strong>1398</strong><br />(+19 for winning)
|raw|user.cancel's rating: 1370 &rarr; <strong>1351</strong><br />(-19 for losing)
|l|‽user.cancel
|player|p2|
|l|☆Cinder D Ace
|player|p1|
