|j|☆Ghost_DZ
|j|☆Segahay
|t:|1758263156
|gametype|singles
|player|p1|Ghost_DZ|volkner|1480
|player|p2|Segahay|2|1560
|gen|9
|tier|[Gen 9] OU
|rated|
|rule|HP Percentage Mod: HP is shown in percentages
|rule|Endless Battle Clause: Forcing endless battles is banned
|rule|Species Clause: Limit one of each Pokémon
|rule|OHKO Clause: OHKO moves are banned
|rule|Evasion Items Clause: Evasion items are banned
|rule|Evasion Moves Clause: Evasion moves are banned
|rule|Evasion Abilities Clause: Evasion abilities are banned
|rule|Sleep Moves Clause: Sleep-inducing moves are banned
|clearpoke
|poke|p1|Landorus-Therian, M|
|poke|p1|Iron Valiant|
|poke|p1|Iron Moth|
|poke|p1|Dragonite, M|
|poke|p1|Raging Bolt|
|poke|p1|Samurott-Hisui, M|
|poke|p2|Rillaboom, M|
|poke|p2|Hawlucha, M|
|poke|p2|Feraligatr, M|
|poke|p2|Slowbro-Galar, F|
|poke|p2|Glimmora, M|
|poke|p2|Mew|
|teampreview
|inactive|Battle timer is ON: inactive players will automatically lose when time's up. (requested by Segahay)
|
|t:|1758263165
|teamsize|p1|6
|teamsize|p2|6
|start
|switch|p1a: Landorus|Landorus-Therian, M|100/100
|switch|p2a: Mew|Mew|100/100
|-ability|p1a: Landorus|Intimidate|boost
|-unboost|p2a: Mew|atk|1
|turn|1
|
|t:|1758263169
|move|p1a: Landorus|U-turn|p2a: Mew
|-supereffective|p2a: Mew
|-damage|p2a: Mew|56/100
|-enditem|p2a: Mew|Weakness Policy
|-boost|p2a: Mew|atk|2|[from] item: Weakness Policy
|-boost|p2a: Mew|spa|2|[from] item: Weakness Policy
|
|t:|1758263171
|switch|p1a: Samurott|Samurott-Hisui, M|100/100|[from] U-turn
|move|p2a: Mew|Agility|p2a: Mew
|-boost|p2a: Mew|spe|2
|
|upkeep
|turn|2
|
|t:|1758263177
|-terastallize|p2a: Mew|Fairy
|move|p1a: Samurott|Sucker Punch|p2a: Mew
|-resisted|p2a: Mew
|-damage|p2a: Mew|44/100
|move|p2a: Mew|Draining Kiss|p1a: Samurott
|-supereffective|p1a: Samurott
|-damage|p1a: Samurott|0 fnt
|-heal|p2a: Mew|100/100|[from] drain|[of] p1a: Samurott
|faint|p1a: Samurott
|
|upkeep
|
|t:|1758263188
|switch|p1a: Iron Moth|Iron Moth|100/100
|-enditem|p1a: Iron Moth|Booster Energy
|-activate|p1a: Iron Moth|ability: Quark Drive|[fromitem]
|-start|p1a: Iron Moth|quarkdrivespe
|turn|3
|
|t:|1758263191
|-terastallize|p1a: Iron Moth|Dark
|move|p1a: Iron Moth|Sludge Wave|p2a: Mew
|-supereffective|p2a: Mew
|-damage|p2a: Mew|0 fnt
|faint|p2a: Mew
|
|upkeep
|
|t:|1758263194
|switch|p2a: Rillaboom|Rillaboom, M|100/100
|-fieldstart|move: Grassy Terrain|[from] ability: Grassy Surge|[of] p2a: Rillaboom
|turn|4
|
|t:|1758263196
|move|p2a: Rillaboom|Fake Out|p1a: Iron Moth
|-damage|p1a: Iron Moth|78/100
|cant|p1a: Iron Moth|flinch
|
|-heal|p1a: Iron Moth|84/100|[from] Grassy Terrain
|upkeep
|turn|5
|
|t:|1758263199
|move|p1a: Iron Moth|Sludge Wave|p2a: Rillaboom
|-supereffective|p2a: Rillaboom
|-damage|p2a: Rillaboom|39/100
|-status|p2a: Rillaboom|psn
|move|p2a: Rillaboom|U-turn|p1a: Iron Moth
|-supereffective|p1a: Iron Moth
|-damage|p1a: Iron Moth|15/100
|
|t:|1758263202
|switch|p2a: Hawlucha|Hawlucha, M|100/100|[from] U-turn
|-enditem|p2a: Hawlucha|Grassy Seed
|-boost|p2a: Hawlucha|def|1|[from] item: Grassy Seed
|
|-heal|p1a: Iron Moth|21/100|[from] Grassy Terrain
|upkeep
|turn|6
|
|t:|1758263218
|-end|p1a: Iron Moth|Quark Drive|[silent]
|switch|p1a: Landorus|Landorus-Therian, M|100/100
|-ability|p1a: Landorus|Intimidate|boost
|-unboost|p2a: Hawlucha|atk|1
|move|p2a: Hawlucha|Acrobatics|p1a: Landorus
|-damage|p1a: Landorus|63/100
|-damage|p2a: Hawlucha|84/100|[from] item: Rocky Helmet|[of] p1a: Landorus
|
|upkeep
|turn|7
|
|t:|1758263222
|move|p2a: Hawlucha|Swords Dance|p2a: Hawlucha
|-boost|p2a: Hawlucha|atk|2
|move|p1a: Landorus|Taunt|p2a: Hawlucha
|-start|p2a: Hawlucha|move: Taunt
|
|upkeep
|turn|8
|
|t:|1758263226
|move|p2a: Hawlucha|Acrobatics|p1a: Landorus
|-damage|p1a: Landorus|0 fnt
|-damage|p2a: Hawlucha|68/100|[from] item: Rocky Helmet|[of] p1a: Landorus
|faint|p1a: Landorus
|
|-fieldend|move: Grassy Terrain
|upkeep
|
|t:|1758263229
|switch|p1a: Raging Bolt|Raging Bolt|100/100
|turn|9
|
|t:|1758263232
|switch|p2a: Rillaboom|Rillaboom, M|39/100 psn
|-fieldstart|move: Grassy Terrain|[from] ability: Grassy Surge|[of] p2a: Rillaboom
|move|p1a: Raging Bolt|Thunderclap||[still]
|-fail|p1a: Raging Bolt
|
|-heal|p2a: Rillaboom|45/100 psn|[from] Grassy Terrain
|-damage|p2a: Rillaboom|33/100 psn|[from] psn
|upkeep
|turn|10
|
|t:|1758263237
|-end|p1a: Raging Bolt|Protosynthesis|[silent]
|switch|p1a: Iron Moth|Iron Moth, tera:Dark|21/100
|move|p2a: Rillaboom|Fake Out|p1a: Iron Moth
|-damage|p1a: Iron Moth|0 fnt
|faint|p1a: Iron Moth
|-end|p1a: Iron Moth|Quark Drive|[silent]
|
|-heal|p2a: Rillaboom|39/100 psn|[from] Grassy Terrain
|-damage|p2a: Rillaboom|27/100 psn|[from] psn
|upkeep
|
|t:|1758263241
|switch|p1a: Iron Valiant|Iron Valiant|100/100
|-enditem|p1a: Iron Valiant|Booster Energy
|-activate|p1a: Iron Valiant|ability: Quark Drive|[fromitem]
|-start|p1a: Iron Valiant|quarkdrivespe
|turn|11
|
|t:|1758263244
|move|p2a: Rillaboom|Grassy Glide|p1a: Iron Valiant
|-damage|p1a: Iron Valiant|53/100
|move|p1a: Iron Valiant|Moonblast|p2a: Rillaboom
|-damage|p2a: Rillaboom|0 fnt
|faint|p2a: Rillaboom
|
|-heal|p1a: Iron Valiant|59/100|[from] Grassy Terrain
|upkeep
|
|t:|1758263248
|switch|p2a: Feraligatr|Feraligatr, M|100/100
|turn|12
|
|t:|1758263250
|move|p1a: Iron Valiant|Moonblast|p2a: Feraligatr
|-crit|p2a: Feraligatr
|-damage|p2a: Feraligatr|12/100
|-unboost|p2a: Feraligatr|spa|1
|move|p2a: Feraligatr|Liquidation|p1a: Iron Valiant
|-damage|p1a: Iron Valiant|0 fnt
|faint|p1a: Iron Valiant
|-end|p1a: Iron Valiant|Quark Drive|[silent]
|
|-heal|p2a: Feraligatr|18/100|[from] Grassy Terrain
|upkeep
|
|t:|1758263260
|switch|p1a: Raging Bolt|Raging Bolt|100/100
|turn|13
|
|t:|1758263265
|move|p2a: Feraligatr|Ice Punch|p1a: Raging Bolt
|-supereffective|p1a: Raging Bolt
|-damage|p1a: Raging Bolt|30/100
|move|p1a: Raging Bolt|Thunderbolt|p2a: Feraligatr
|-supereffective|p2a: Feraligatr
|-damage|p2a: Feraligatr|0 fnt
|faint|p2a: Feraligatr
|
|-heal|p1a: Raging Bolt|36/100|[from] Grassy Terrain
|-fieldend|move: Grassy Terrain
|upkeep
|
|t:|1758263269
|switch|p2a: Hawlucha|Hawlucha, M|68/100
|turn|14
|
|t:|1758263272
|move|p1a: Raging Bolt|Thunderclap||[still]
|-fail|p1a: Raging Bolt
|move|p2a: Hawlucha|Substitute|p2a: Hawlucha
|-start|p2a: Hawlucha|Substitute
|-damage|p2a: Hawlucha|43/100
|
|upkeep
|turn|15
|
|t:|1758263274
|move|p2a: Hawlucha|Close Combat|p1a: Raging Bolt
|-damage|p1a: Raging Bolt|0 fnt
|-unboost|p2a: Hawlucha|def|1
|-unboost|p2a: Hawlucha|spd|1
|faint|p1a: Raging Bolt
|-end|p1a: Raging Bolt|Protosynthesis|[silent]
|
|upkeep
|
|t:|1758263277
|switch|p1a: Dragonite|Dragonite, M|100/100
|turn|16
|
|t:|1758263280
|move|p1a: Dragonite|Extreme Speed|p2a: Hawlucha
|-end|p2a: Hawlucha|Substitute
|move|p2a: Hawlucha|Swords Dance|p2a: Hawlucha
|-boost|p2a: Hawlucha|atk|2
|
|upkeep
|turn|17
|
|t:|1758263283
|move|p1a: Dragonite|Extreme Speed|p2a: Hawlucha
|-damage|p2a: Hawlucha|0 fnt
|faint|p2a: Hawlucha
|
|upkeep
|
|t:|1758263285
|switch|p2a: Slowbro|Slowbro-Galar, F, shiny|100/100
|turn|18
|
|t:|1758263291
|move|p1a: Dragonite|Dragon Dance|p1a: Dragonite
|-boost|p1a: Dragonite|atk|1
|-boost|p1a: Dragonite|spe|1
|move|p2a: Slowbro|Ice Beam|p1a: Dragonite
|-supereffective|p1a: Dragonite
|-damage|p1a: Dragonite|42/100
|
|upkeep
|turn|19
|-activate|p2a: Slowbro|ability: Quick Draw
|
|t:|1758263293
|move|p2a: Slowbro|Ice Beam|p1a: Dragonite
|-supereffective|p1a: Dragonite
|-damage|p1a: Dragonite|0 fnt
|faint|p1a: Dragonite
|
|win|Segahay
|raw|Ghost_DZ's rating: 1480 &rarr; <strong>1465</strong><br />(-15 for losing)
|raw|Segahay's rating: 1560 &rarr; <strong>1575</strong><br />(+15 for winning)
|l|☆Ghost_DZ
|player|p1|
|l|☆Segahay
|player|p2|
