|j|☆7th jim
|j|☆justiceforjessie
|t:|1758259447
|gametype|singles
|player|p1|7th jim|brock|1578
|player|p2|justiceforjessie|170|1575
|gen|9
|tier|[Gen 9] OU
|rated|
|rule|HP Percentage Mod: HP is shown in percentages
|rule|Endless Battle Clause: Forcing endless battles is banned
|rule|Species Clause: Limit one of each Pokémon
|rule|OHKO Clause: OHKO moves are banned
|rule|Evasion Items Clause: Evasion items are banned
|rule|Evasion Moves Clause: Evasion moves are banned
|rule|Evasion Abilities Clause: Evasion abilities are banned
|rule|Sleep Moves Clause: Sleep-inducing moves are banned
|clearpoke
|poke|p1|Torkoal, F|
|poke|p1|Pelipper, M|
|poke|p1|Walking Wake|
|poke|p1|Toxicroak, M|
|poke|p1|Ceruledge, M|
|poke|p1|Kingambit, M|
|poke|p2|Darkrai|
|poke|p2|Great Tusk|
|poke|p2|Ogerpon-Wellspring, F|
|poke|p2|Gholdengo|
|poke|p2|Dragonite, M|
|poke|p2|Ting-Lu|
|teampreview
|
|t:|1758259472
|teamsize|p1|6
|teamsize|p2|6
|start
|switch|p1a: Torkoal|Torkoal, F|100/100
|switch|p2a: Great Tusk|Great Tusk|100/100
|-weather|SunnyDay|[from] ability: Drought|[of] p1a: Torkoal
|-activate|p2a: Great Tusk|ability: Protosynthesis
|-start|p2a: Great Tusk|protosynthesisatk
|turn|1
|
|t:|1758259481
|switch|p1a: Pelipper|Pelipper, M|100/100
|-weather|RainDance|[from] ability: Drizzle|[of] p1a: Pelipper
|-end|p2a: Great Tusk|Protosynthesis
|move|p2a: Great Tusk|Headlong Rush|p1a: Pelipper
|-immune|p1a: Pelipper
|
|-weather|RainDance|[upkeep]
|upkeep
|turn|2
|
|t:|1758259490
|-end|p2a: Great Tusk|Protosynthesis|[silent]
|switch|p2a: Ting-Lu|Ting-Lu|100/100
|-ability|p2a: Ting-Lu|Vessel of Ruin
|move|p1a: Pelipper|Hurricane|p2a: Ting-Lu
|-damage|p2a: Ting-Lu|86/100
|
|-weather|RainDance|[upkeep]
|-heal|p2a: Ting-Lu|92/100|[from] item: Leftovers
|upkeep
|turn|3
|
|t:|1758259499
|move|p2a: Ting-Lu|Spikes|p1a: Pelipper
|-sidestart|p1: 7th jim|Spikes
|move|p1a: Pelipper|Weather Ball|p2a: Ting-Lu
|-supereffective|p2a: Ting-Lu
|-damage|p2a: Ting-Lu|47/100
|
|-weather|RainDance|[upkeep]
|-heal|p2a: Ting-Lu|54/100|[from] item: Leftovers
|upkeep
|turn|4
|
|t:|1758259511
|move|p2a: Ting-Lu|Ruination|p1a: Pelipper
|-damage|p1a: Pelipper|51/100
|move|p1a: Pelipper|U-turn|p2a: Ting-Lu
|-supereffective|p2a: Ting-Lu
|-damage|p2a: Ting-Lu|43/100
|
|t:|1758259516
|switch|p1a: Walking Wake|Walking Wake|100/100|[from] U-turn
|
|-weather|RainDance|[upkeep]
|-heal|p2a: Ting-Lu|50/100|[from] item: Leftovers
|upkeep
|turn|5
|
|t:|1758259525
|switch|p2a: Ogerpon|Ogerpon-Wellspring, F|100/100
|move|p1a: Walking Wake|Hydro Steam|p2a: Ogerpon
|-immune|p2a: Ogerpon|[from] ability: Water Absorb
|
|-weather|none
|upkeep
|turn|6
|
|t:|1758259536
|-end|p1a: Walking Wake|Protosynthesis|[silent]
|switch|p1a: Toxicroak|Toxicroak, M|100/100
|-damage|p1a: Toxicroak|88/100|[from] Spikes
|move|p2a: Ogerpon|Knock Off|p1a: Toxicroak
|-resisted|p1a: Toxicroak
|-damage|p1a: Toxicroak|70/100
|-enditem|p1a: Toxicroak|Black Sludge|[from] move: Knock Off|[of] p2a: Ogerpon
|
|upkeep
|turn|7
|
|t:|1758259544
|move|p2a: Ogerpon|U-turn|p1a: Toxicroak
|-resisted|p1a: Toxicroak
|-damage|p1a: Toxicroak|64/100
|
|t:|1758259549
|switch|p2a: Great Tusk|Great Tusk|100/100|[from] U-turn
|move|p1a: Toxicroak|Toxic|p2a: Great Tusk
|-status|p2a: Great Tusk|tox
|
|-damage|p2a: Great Tusk|94/100 tox|[from] psn
|upkeep
|turn|8
|
|t:|1758259557
|switch|p1a: Pelipper|Pelipper, M|51/100
|-weather|RainDance|[from] ability: Drizzle|[of] p1a: Pelipper
|move|p2a: Great Tusk|Stealth Rock|p1a: Pelipper
|-sidestart|p1: 7th jim|move: Stealth Rock
|
|-weather|RainDance|[upkeep]
|-damage|p2a: Great Tusk|82/100 tox|[from] psn
|upkeep
|turn|9
|
|t:|1758259573
|-end|p2a: Great Tusk|Protosynthesis|[silent]
|switch|p2a: Ting-Lu|Ting-Lu|50/100
|-ability|p2a: Ting-Lu|Vessel of Ruin
|move|p1a: Pelipper|Roost|p1a: Pelipper
|-heal|p1a: Pelipper|100/100
|-singleturn|p1a: Pelipper|move: Roost
|
|-weather|RainDance|[upkeep]
|-heal|p2a: Ting-Lu|56/100|[from] item: Leftovers
|upkeep
|turn|10
|
|t:|1758259583
|move|p2a: Ting-Lu|Ruination|p1a: Pelipper
|-damage|p1a: Pelipper|51/100
|move|p1a: Pelipper|U-turn|p2a: Ting-Lu
|-supereffective|p2a: Ting-Lu
|-damage|p2a: Ting-Lu|45/100
|
|t:|1758259588
|switch|p1a: Walking Wake|Walking Wake|100/100|[from] U-turn
|
|-weather|RainDance|[upkeep]
|-heal|p2a: Ting-Lu|51/100|[from] item: Leftovers
|upkeep
|turn|11
|
|t:|1758259596
|move|p1a: Walking Wake|Hydro Steam|p2a: Ting-Lu
|-supereffective|p2a: Ting-Lu
|-damage|p2a: Ting-Lu|2/100
|move|p2a: Ting-Lu|Spikes|p1a: Walking Wake
|-sidestart|p1: 7th jim|Spikes
|
|-weather|RainDance|[upkeep]
|-heal|p2a: Ting-Lu|9/100|[from] item: Leftovers
|upkeep
|turn|12
|
|t:|1758259609
|switch|p2a: Ogerpon|Ogerpon-Wellspring, F|100/100
|move|p1a: Walking Wake|Flip Turn|p2a: Ogerpon
|-immune|p2a: Ogerpon|[from] ability: Water Absorb
|
|-weather|none
|upkeep
|turn|13
|
|t:|1758259620
|-end|p1a: Walking Wake|Protosynthesis|[silent]
|switch|p1a: Toxicroak|Toxicroak, M|64/100
|-damage|p1a: Toxicroak|47/100|[from] Spikes
|-damage|p1a: Toxicroak|41/100|[from] Stealth Rock
|move|p2a: Ogerpon|Power Whip|p1a: Toxicroak
|-resisted|p1a: Toxicroak
|-damage|p1a: Toxicroak|11/100
|
|upkeep
|turn|14
|
|t:|1758259641
|move|p2a: Ogerpon|Power Whip|p1a: Toxicroak
|-resisted|p1a: Toxicroak
|-damage|p1a: Toxicroak|0 fnt
|faint|p1a: Toxicroak
|
|upkeep
|
|t:|1758259643
|switch|p1a: Torkoal|Torkoal, F|100/100
|-damage|p1a: Torkoal|84/100|[from] Spikes
|-damage|p1a: Torkoal|59/100|[from] Stealth Rock
|-weather|SunnyDay|[from] ability: Drought|[of] p1a: Torkoal
|turn|15
|
|t:|1758259652
|move|p2a: Ogerpon|U-turn|p1a: Torkoal
|-resisted|p1a: Torkoal
|-damage|p1a: Torkoal|52/100
|
|t:|1758259656
|switch|p2a: Gholdengo|Gholdengo|100/100|[from] U-turn
|-item|p2a: Gholdengo|Air Balloon
|move|p1a: Torkoal|Rapid Spin|p2a: Gholdengo
|-immune|p2a: Gholdengo
|
|-weather|SunnyDay|[upkeep]
|upkeep
|turn|16
|
|t:|1758259666
|switch|p1a: Kingambit|Kingambit, M|100/100
|-damage|p1a: Kingambit|84/100|[from] Spikes
|-damage|p1a: Kingambit|78/100|[from] Stealth Rock
|-activate|p1a: Kingambit|ability: Supreme Overlord
|-start|p1a: Kingambit|fallen1|[silent]
|move|p2a: Gholdengo|Shadow Ball|p1a: Kingambit
|-resisted|p1a: Kingambit
|-damage|p1a: Kingambit|66/100
|
|-weather|SunnyDay|[upkeep]
|upkeep
|turn|17
|
|t:|1758259677
|switch|p2a: Great Tusk|Great Tusk|82/100 tox
|-activate|p2a: Great Tusk|ability: Protosynthesis
|-start|p2a: Great Tusk|protosynthesisatk
|move|p1a: Kingambit|Kowtow Cleave|p2a: Great Tusk
|-resisted|p2a: Great Tusk
|-damage|p2a: Great Tusk|63/100 tox
|
|-weather|SunnyDay|[upkeep]
|-damage|p2a: Great Tusk|57/100 tox|[from] psn
|upkeep
|turn|18
|
|t:|1758259687
|-end|p1a: Kingambit|fallen1|[silent]
|switch|p1a: Pelipper|Pelipper, M|51/100
|-weather|RainDance|[from] ability: Drizzle|[of] p1a: Pelipper
|-end|p2a: Great Tusk|Protosynthesis
|move|p2a: Great Tusk|Ice Spinner|p1a: Pelipper
|-damage|p1a: Pelipper|28/100
|
|-weather|RainDance|[upkeep]
|-damage|p2a: Great Tusk|44/100 tox|[from] psn
|upkeep
|turn|19
|
|t:|1758259704
|-end|p2a: Great Tusk|Protosynthesis|[silent]
|switch|p2a: Darkrai|Darkrai|100/100
|move|p1a: Pelipper|Roost|p1a: Pelipper
|-heal|p1a: Pelipper|78/100
|-singleturn|p1a: Pelipper|move: Roost
|
|-weather|RainDance|[upkeep]
|upkeep
|turn|20
|
|t:|1758259712
|switch|p1a: Kingambit|Kingambit, M|66/100
|-damage|p1a: Kingambit|49/100|[from] Spikes
|-damage|p1a: Kingambit|43/100|[from] Stealth Rock
|-activate|p1a: Kingambit|ability: Supreme Overlord
|-start|p1a: Kingambit|fallen1|[silent]
|move|p2a: Darkrai|Dark Pulse|p1a: Kingambit
|-resisted|p1a: Kingambit
|-damage|p1a: Kingambit|31/100
|
|-weather|RainDance|[upkeep]
|upkeep
|turn|21
|
|t:|1758259722
|move|p2a: Darkrai|Will-O-Wisp|p1a: Kingambit|[miss]
|-miss|p2a: Darkrai|p1a: Kingambit
|move|p1a: Kingambit|Iron Head|p2a: Darkrai
|-damage|p2a: Darkrai|44/100
|
|-weather|RainDance|[upkeep]
|-heal|p2a: Darkrai|50/100|[from] item: Leftovers
|upkeep
|turn|22
|
|t:|1758259729
|move|p2a: Darkrai|Will-O-Wisp|p1a: Kingambit
|-status|p1a: Kingambit|brn
|move|p1a: Kingambit|Iron Head|p2a: Darkrai
|-damage|p2a: Darkrai|20/100
|
|-weather|none
|-heal|p2a: Darkrai|26/100|[from] item: Leftovers
|-damage|p1a: Kingambit|25/100 brn|[from] brn
|upkeep
|turn|23
|
|t:|1758259752
|switch|p2a: Ogerpon|Ogerpon-Wellspring, F|100/100
|move|p1a: Kingambit|Iron Head|p2a: Ogerpon
|-resisted|p2a: Ogerpon
|-damage|p2a: Ogerpon|83/100
|
|-damage|p1a: Kingambit|18/100 brn|[from] brn
|upkeep
|turn|24
|
|t:|1758259761
|move|p1a: Kingambit|Sucker Punch|p2a: Ogerpon
|-damage|p2a: Ogerpon|55/100
|move|p2a: Ogerpon|Ivy Cudgel|p1a: Kingambit|[anim] Ivy Cudgel Water
|-damage|p1a: Kingambit|0 fnt
|faint|p1a: Kingambit
|-end|p1a: Kingambit|fallen1|[silent]
|
|upkeep
|
|t:|1758259769
|switch|p1a: Pelipper|Pelipper, M|78/100
|-weather|RainDance|[from] ability: Drizzle|[of] p1a: Pelipper
|turn|25
|
|t:|1758259785
|-terastallize|p2a: Ogerpon|Water
|detailschange|p2a: Ogerpon|Ogerpon-Wellspring-Tera, F, tera:Water
|-ability|p2a: Ogerpon|Embody Aspect (Wellspring)|boost
|-boost|p2a: Ogerpon|spd|1
|move|p2a: Ogerpon|Ivy Cudgel|p1a: Pelipper|[anim] Ivy Cudgel Water
|-resisted|p1a: Pelipper
|-damage|p1a: Pelipper|31/100
|move|p1a: Pelipper|Hurricane|p2a: Ogerpon
|-damage|p2a: Ogerpon|29/100
|
|-weather|RainDance|[upkeep]
|upkeep
|turn|26
|
|t:|1758259798
|switch|p1a: Torkoal|Torkoal, F|52/100
|-damage|p1a: Torkoal|35/100|[from] Spikes
|-damage|p1a: Torkoal|10/100|[from] Stealth Rock
|-weather|SunnyDay|[from] ability: Drought|[of] p1a: Torkoal
|move|p2a: Ogerpon|Ivy Cudgel|p1a: Torkoal|[anim] Ivy Cudgel Water
|-supereffective|p1a: Torkoal
|-damage|p1a: Torkoal|0 fnt
|faint|p1a: Torkoal
|
|-weather|SunnyDay|[upkeep]
|upkeep
|
|t:|1758259800
|switch|p1a: Walking Wake|Walking Wake|100/100
|-activate|p1a: Walking Wake|ability: Protosynthesis
|-start|p1a: Walking Wake|protosynthesisspa
|turn|27
|
|t:|1758259818
|move|p2a: Ogerpon|Knock Off|p1a: Walking Wake
|-damage|p1a: Walking Wake|60/100
|-enditem|p1a: Walking Wake|Heavy-Duty Boots|[from] move: Knock Off|[of] p2a: Ogerpon
|move|p1a: Walking Wake|Hydro Steam|p2a: Ogerpon
|-resisted|p2a: Ogerpon
|-damage|p2a: Ogerpon|0 fnt
|faint|p2a: Ogerpon
|detailschange|p2: Ogerpon|Ogerpon-Wellspring, F|[silent]
|
|-weather|SunnyDay|[upkeep]
|upkeep
|
|t:|1758259830
|switch|p2a: Darkrai|Darkrai|26/100
|turn|28
|
|t:|1758259833
|move|p2a: Darkrai|Dark Pulse|p1a: Walking Wake
|-damage|p1a: Walking Wake|16/100
|move|p1a: Walking Wake|Hydro Steam|p2a: Darkrai
|-damage|p2a: Darkrai|0 fnt
|faint|p2a: Darkrai
|
|-weather|SunnyDay|[upkeep]
|upkeep
|
|t:|1758259840
|switch|p2a: Dragonite|Dragonite, M|100/100
|turn|29
|
|t:|1758259846
|move|p2a: Dragonite|Extreme Speed|p1a: Walking Wake
|-crit|p1a: Walking Wake
|-damage|p1a: Walking Wake|0 fnt
|faint|p1a: Walking Wake
|-end|p1a: Walking Wake|Protosynthesis|[silent]
|
|-weather|SunnyDay|[upkeep]
|upkeep
|
|t:|1758259848
|switch|p1a: Ceruledge|Ceruledge, M|100/100
|turn|30
|
|t:|1758259854
|move|p1a: Ceruledge|Swords Dance|p1a: Ceruledge
|-boost|p1a: Ceruledge|atk|2
|move|p2a: Dragonite|Dragon Tail|p1a: Ceruledge
|-damage|p1a: Ceruledge|54/100
|drag|p1a: Pelipper|Pelipper, M|31/100
|-weather|RainDance|[from] ability: Drizzle|[of] p1a: Pelipper
|
|-weather|RainDance|[upkeep]
|upkeep
|turn|31
|
|t:|1758259866
|switch|p2a: Gholdengo|Gholdengo|100/100
|-item|p2a: Gholdengo|Air Balloon
|move|p1a: Pelipper|Roost|p1a: Pelipper
|-heal|p1a: Pelipper|81/100
|-singleturn|p1a: Pelipper|move: Roost
|
|-weather|RainDance|[upkeep]
|upkeep
|turn|32
|
|t:|1758259875
|move|p2a: Gholdengo|Shadow Ball|p1a: Pelipper
|-damage|p1a: Pelipper|31/100
|move|p1a: Pelipper|Weather Ball|p2a: Gholdengo
|-damage|p2a: Gholdengo|49/100
|-enditem|p2a: Gholdengo|Air Balloon
|
|-weather|RainDance|[upkeep]
|upkeep
|turn|33
|
|t:|1758259882
|move|p2a: Gholdengo|Shadow Ball|p1a: Pelipper
|-damage|p1a: Pelipper|0 fnt
|faint|p1a: Pelipper
|
|-weather|RainDance|[upkeep]
|upkeep
|-message|7th jim forfeited.
|
|win|justiceforjessie
|raw|7th jim's rating: 1578 &rarr; <strong>1558</strong><br />(-20 for losing)
|raw|justiceforjessie's rating: 1575 &rarr; <strong>1595</strong><br />(+20 for winning)
|l|☆7th jim
|player|p1|
|c|☆justiceforjessie|gg
|j|☆7th jim
|player|p1|7th jim|brock|
|l|☆7th jim
|player|p1|
