|j|☆AltBugCoreDefense
|j|☆XXXXXCD
|t:|1758344672
|gametype|singles
|player|p1|AltBugCoreDefense|bugcatcher-gen4dp|1117
|player|p2|XXXXXCD|pokemonranger-gen4|1119
|gen|9
|tier|[Gen 9] OU
|rated|
|rule|HP Percentage Mod: HP is shown in percentages
|rule|Endless Battle Clause: Forcing endless battles is banned
|rule|Species Clause: Limit one of each Pokémon
|rule|OHKO Clause: OHKO moves are banned
|rule|Evasion Items Clause: Evasion items are banned
|rule|Evasion Moves Clause: Evasion moves are banned
|rule|Evasion Abilities Clause: Evasion abilities are banned
|rule|Sleep Moves Clause: Sleep-inducing moves are banned
|clearpoke
|poke|p1|Glimmora, M|
|poke|p1|Iron Boulder|
|poke|p1|Ogerpon-Cornerstone, F|
|poke|p1|Tyranitar, M|
|poke|p1|Garganacl, M|
|poke|p1|Arcanine-Hisui, M|
|poke|p2|Gallade, M|
|poke|p2|Squawkabilly-Blue, M|
|poke|p2|Cloyster, M|
|poke|p2|Trevenant, M|
|poke|p2|Garganacl, M|
|poke|p2|Kingambit, M|
|teampreview
|
|t:|1758344692
|teamsize|p1|6
|teamsize|p2|6
|start
|switch|p1a: Glimmora|Glimmora, M|100/100
|switch|p2a: Cloyster|Cloyster, M, shiny|100/100
|turn|1
|inactive|Battle timer is ON: inactive players will automatically lose when time's up. (requested by XXXXXCD)
|
|t:|1758344706
|move|p1a: Glimmora|Stealth Rock|p2a: Cloyster
|-sidestart|p2: XXXXXCD|move: Stealth Rock
|move|p2a: Cloyster|Liquidation|p1a: Glimmora
|-supereffective|p1a: Glimmora
|-damage|p1a: Glimmora|10/100
|-unboost|p1a: Glimmora|def|1
|-activate|p1a: Glimmora|ability: Toxic Debris
|-sidestart|p2: XXXXXCD|move: Toxic Spikes
|
|upkeep
|turn|2
|
|t:|1758344716
|move|p1a: Glimmora|Energy Ball|p2a: Cloyster
|-supereffective|p2a: Cloyster
|-damage|p2a: Cloyster|2/100
|move|p2a: Cloyster|Shell Smash|p2a: Cloyster
|-unboost|p2a: Cloyster|def|1
|-unboost|p2a: Cloyster|spd|1
|-boost|p2a: Cloyster|atk|2
|-boost|p2a: Cloyster|spa|2
|-boost|p2a: Cloyster|spe|2
|-enditem|p2a: Cloyster|White Herb
|-clearnegativeboost|p2a: Cloyster|[silent]
|
|upkeep
|turn|3
|
|t:|1758344731
|move|p2a: Cloyster|Rock Blast|p1a: Glimmora
|-damage|p1a: Glimmora|0 fnt
|-activate|p1a: Glimmora|ability: Toxic Debris
|-sidestart|p2: XXXXXCD|move: Toxic Spikes
|faint|p1a: Glimmora
|-hitcount|p1: Glimmora|1
|
|upkeep
|
|t:|1758344737
|switch|p1a: Arcanine|Arcanine-Hisui, M|100/100
|turn|4
|
|t:|1758344745
|move|p1a: Arcanine|Extreme Speed|p2a: Cloyster
|-damage|p2a: Cloyster|0 fnt
|faint|p2a: Cloyster
|
|upkeep
|
|t:|1758344767
|switch|p2a: Garganacl|Garganacl, M, shiny|100/100
|-damage|p2a: Garganacl|88/100|[from] Stealth Rock
|turn|5
|
|t:|1758344781
|switch|p1a: Tyranitar|Tyranitar, M|100/100
|-weather|Sandstorm|[from] ability: Sand Stream|[of] p1a: Tyranitar
|-terastallize|p2a: Garganacl|Electric
|move|p2a: Garganacl|Earthquake|p1a: Tyranitar
|-supereffective|p1a: Tyranitar
|-damage|p1a: Tyranitar|63/100
|
|-weather|Sandstorm|[upkeep]
|-damage|p2a: Garganacl|82/100|[from] Sandstorm
|-heal|p2a: Garganacl|88/100|[from] item: Leftovers
|upkeep
|turn|6
|
|t:|1758344797
|move|p1a: Tyranitar|Earthquake|p2a: Garganacl
|-supereffective|p2a: Garganacl
|-damage|p2a: Garganacl|34/100
|move|p2a: Garganacl|Salt Cure|p1a: Tyranitar
|-damage|p1a: Tyranitar|53/100
|-start|p1a: Tyranitar|Salt Cure
|
|-weather|Sandstorm|[upkeep]
|-damage|p2a: Garganacl|28/100|[from] Sandstorm
|-heal|p2a: Garganacl|34/100|[from] item: Leftovers
|-damage|p1a: Tyranitar|41/100|[from] Salt Cure
|upkeep
|turn|7
|
|t:|1758344810
|switch|p2a: Squawkabilly|Squawkabilly-Blue, M|100/100
|-damage|p2a: Squawkabilly|76/100|[from] Stealth Rock
|move|p1a: Tyranitar|Earthquake|p2a: Squawkabilly
|-immune|p2a: Squawkabilly
|
|-weather|Sandstorm|[upkeep]
|-damage|p2a: Squawkabilly|70/100|[from] Sandstorm
|-damage|p1a: Tyranitar|28/100|[from] Salt Cure
|-status|p2a: Squawkabilly|brn|[from] item: Flame Orb
|upkeep
|turn|8
|inactive|XXXXXCD has 120 seconds left.
|
|t:|1758344828
|switch|p1a: Iron Boulder|Iron Boulder|100/100
|-enditem|p1a: Iron Boulder|Booster Energy
|-activate|p1a: Iron Boulder|ability: Quark Drive|[fromitem]
|-start|p1a: Iron Boulder|quarkdrivespe
|move|p2a: Squawkabilly|Tailwind|p2a: Squawkabilly
|-sidestart|p2: XXXXXCD|move: Tailwind
|
|-weather|Sandstorm|[upkeep]
|-damage|p2a: Squawkabilly|63/100 brn|[from] Sandstorm
|-damage|p2a: Squawkabilly|57/100 brn|[from] brn
|upkeep
|turn|9
|inactive|XXXXXCD has 120 seconds left.
|
|t:|1758344841
|move|p1a: Iron Boulder|Swords Dance|p1a: Iron Boulder
|-boost|p1a: Iron Boulder|atk|2
|move|p2a: Squawkabilly|Facade|p1a: Iron Boulder
|-resisted|p1a: Iron Boulder
|-damage|p1a: Iron Boulder|38/100
|
|-weather|none
|-damage|p2a: Squawkabilly|51/100 brn|[from] brn
|upkeep
|turn|10
|inactive|XXXXXCD has 120 seconds left.
|
|t:|1758344852
|move|p2a: Squawkabilly|Quick Attack|p1a: Iron Boulder
|-resisted|p1a: Iron Boulder
|-damage|p1a: Iron Boulder|20/100
|move|p1a: Iron Boulder|Mighty Cleave|p2a: Squawkabilly
|-supereffective|p2a: Squawkabilly
|-damage|p2a: Squawkabilly|0 fnt
|faint|p2a: Squawkabilly
|
|upkeep
|inactive|XXXXXCD has 120 seconds left.
|
|t:|1758344869
|switch|p2a: Gallade|Gallade, M, shiny|100/100
|-damage|p2a: Gallade|94/100|[from] Stealth Rock
|-status|p2a: Gallade|tox
|turn|11
|
|t:|1758344880
|move|p1a: Iron Boulder|Psycho Cut|p2a: Gallade
|-damage|p2a: Gallade|0 fnt
|faint|p2a: Gallade
|
|-sideend|p2: XXXXXCD|move: Tailwind
|upkeep
|
|t:|1758344887
|switch|p2a: Kingambit|Kingambit, M|100/100
|-damage|p2a: Kingambit|94/100|[from] Stealth Rock
|-activate|p2a: Kingambit|ability: Supreme Overlord
|-start|p2a: Kingambit|fallen3|[silent]
|turn|12
|inactive|XXXXXCD has 120 seconds left.
|
|t:|1758344893
|move|p2a: Kingambit|Sucker Punch|p1a: Iron Boulder
|-supereffective|p1a: Iron Boulder
|-damage|p1a: Iron Boulder|0 fnt
|faint|p1a: Iron Boulder
|-end|p1a: Iron Boulder|Quark Drive|[silent]
|
|upkeep
|
|t:|1758344900
|switch|p1a: Arcanine|Arcanine-Hisui, M|100/100
|turn|13
|
|t:|1758344906
|move|p1a: Arcanine|Flare Blitz|p2a: Kingambit
|-supereffective|p2a: Kingambit
|-damage|p2a: Kingambit|0 fnt
|faint|p2a: Kingambit
|-end|p2a: Kingambit|fallen3|[silent]
|
|upkeep
|-message|XXXXXCD forfeited.
|
|win|AltBugCoreDefense
|raw|AltBugCoreDefense's rating: 1117 &rarr; <strong>1142</strong><br />(+25 for winning)
|raw|XXXXXCD's rating: 1119 &rarr; <strong>1094</strong><br />(-25 for losing)
|l|☆XXXXXCD
|player|p2|
