|j|☆Kadoooooow
|j|☆StrengthOfHeart
|t:|1758299524
|gametype|singles
|player|p1|Kadoooooow|medium|1307
|player|p2|StrengthOfHeart|byron|1339
|gen|9
|tier|[Gen 9] OU
|rated|
|rule|HP Percentage Mod: HP is shown in percentages
|rule|Endless Battle Clause: Forcing endless battles is banned
|rule|Species Clause: Limit one of each Pokémon
|rule|OHKO Clause: OHKO moves are banned
|rule|Evasion Items Clause: Evasion items are banned
|rule|Evasion Moves Clause: Evasion moves are banned
|rule|Evasion Abilities Clause: Evasion abilities are banned
|rule|Sleep Moves Clause: Sleep-inducing moves are banned
|clearpoke
|poke|p1|Victreebel, F|
|poke|p1|Torkoal, M|
|poke|p1|Slither Wing|
|poke|p1|Raging Bolt|
|poke|p1|Arcanine-Hisui, M|
|poke|p1|Scovillain, M|
|poke|p2|Azumarill, F|
|poke|p2|Corviknight, F|
|poke|p2|Dragapult, F|
|poke|p2|Kingambit, M|
|poke|p2|Latios, M|
|poke|p2|Tinkaton, F|
|teampreview
|
|t:|1758299541
|teamsize|p1|6
|teamsize|p2|6
|start
|switch|p1a: Torkoal|Torkoal, M, shiny|100/100
|switch|p2a: Dragapult|Dragapult, F|100/100
|-weather|SunnyDay|[from] ability: Drought|[of] p1a: Torkoal
|turn|1
|
|t:|1758299550
|move|p2a: Dragapult|Draco Meteor|p1a: Torkoal
|-damage|p1a: Torkoal|0 fnt
|-unboost|p2a: Dragapult|spa|2
|faint|p1a: Torkoal
|
|-weather|SunnyDay|[upkeep]
|upkeep
|
|t:|1758299555
|switch|p1a: Victreebel|Victreebel, F, shiny|100/100
|turn|2
|
|t:|1758299573
|switch|p2a: Corviknight|Corviknight, F|100/100
|-ability|p2a: Corviknight|Pressure
|move|p1a: Victreebel|Growth|p1a: Victreebel
|-boost|p1a: Victreebel|atk|2
|-boost|p1a: Victreebel|spa|2
|
|-weather|SunnyDay|[upkeep]
|upkeep
|turn|3
|
|t:|1758299589
|-terastallize|p2a: Corviknight|Dragon
|move|p1a: Victreebel|Weather Ball|p2a: Corviknight
|-resisted|p2a: Corviknight
|-damage|p2a: Corviknight|57/100
|move|p2a: Corviknight|Brave Bird|p1a: Victreebel
|-supereffective|p1a: Victreebel
|-damage|p1a: Victreebel|0 fnt
|faint|p1a: Victreebel
|-damage|p2a: Corviknight|32/100|[from] Recoil
|
|-weather|SunnyDay|[upkeep]
|upkeep
|
|t:|1758299598
|switch|p1a: Scovillain|Scovillain, M|100/100
|-item|p1a: Scovillain|Air Balloon
|turn|4
|
|t:|1758299614
|move|p1a: Scovillain|Solar Beam||[still]
|-prepare|p1a: Scovillain|Solar Beam
|-anim|p1a: Scovillain|Solar Beam|p2a: Corviknight
|-resisted|p2a: Corviknight
|-damage|p2a: Corviknight|5/100
|move|p2a: Corviknight|U-turn|p1a: Scovillain
|-damage|p1a: Scovillain|73/100
|-enditem|p1a: Scovillain|Air Balloon
|
|t:|1758299635
|switch|p2a: Latios|Latios, M|100/100|[from] U-turn
|
|-weather|SunnyDay|[upkeep]
|upkeep
|turn|5
|
|t:|1758299642
|move|p2a: Latios|Draco Meteor|p1a: Scovillain|[miss]
|-miss|p2a: Latios|p1a: Scovillain
|move|p1a: Scovillain|Super Fang|p2a: Latios
|-damage|p2a: Latios|51/100
|
|-weather|SunnyDay|[upkeep]
|upkeep
|turn|6
|
|t:|1758299651
|move|p2a: Latios|Draco Meteor|p1a: Scovillain
|-crit|p1a: Scovillain
|-damage|p1a: Scovillain|0 fnt
|-unboost|p2a: Latios|spa|2
|faint|p1a: Scovillain
|
|-weather|SunnyDay|[upkeep]
|upkeep
|
|t:|1758299658
|switch|p1a: Slither Wing|Slither Wing|100/100
|-activate|p1a: Slither Wing|ability: Protosynthesis
|-start|p1a: Slither Wing|protosynthesisatk
|turn|7
|
|t:|1758299669
|switch|p2a: Corviknight|Corviknight, F, tera:Dragon|5/100
|-ability|p2a: Corviknight|Pressure
|move|p1a: Slither Wing|U-turn|p2a: Corviknight
|-damage|p2a: Corviknight|0 fnt
|-damage|p1a: Slither Wing|84/100|[from] item: Rocky Helmet|[of] p2a: Corviknight
|faint|p2a: Corviknight
|
|t:|1758299673
|-end|p1a: Slither Wing|Protosynthesis|[silent]
|switch|p1a: Arcanine|Arcanine-Hisui, M|100/100|[from] U-turn
|
|-weather|SunnyDay|[upkeep]
|upkeep
|
|t:|1758299686
|switch|p2a: Tinkaton|Tinkaton, F|100/100
|-ability|p2a: Tinkaton|Mold Breaker
|-item|p2a: Tinkaton|Air Balloon
|turn|8
|
|t:|1758299696
|move|p2a: Tinkaton|Stealth Rock|p1a: Arcanine
|-sidestart|p1: Kadoooooow|move: Stealth Rock
|move|p1a: Arcanine|Flare Blitz|p2a: Tinkaton
|-supereffective|p2a: Tinkaton
|-damage|p2a: Tinkaton|0 fnt
|-enditem|p2a: Tinkaton|Air Balloon
|faint|p2a: Tinkaton
|
|-weather|none
|upkeep
|
|t:|1758299732
|switch|p2a: Azumarill|Azumarill, F|100/100
|turn|9
|
|t:|1758299739
|switch|p1a: Raging Bolt|Raging Bolt|100/100
|-damage|p1a: Raging Bolt|88/100|[from] Stealth Rock
|move|p2a: Azumarill|Belly Drum|p2a: Azumarill
|-damage|p2a: Azumarill|50/100
|-setboost|p2a: Azumarill|atk|6|[from] move: Belly Drum
|-enditem|p2a: Azumarill|Sitrus Berry|[eat]
|-heal|p2a: Azumarill|75/100|[from] item: Sitrus Berry
|
|upkeep
|turn|10
|
|t:|1758299754
|move|p2a: Azumarill|Play Rough|p1a: Raging Bolt
|-supereffective|p1a: Raging Bolt
|-damage|p1a: Raging Bolt|0 fnt
|faint|p1a: Raging Bolt
|-end|p1a: Raging Bolt|Protosynthesis|[silent]
|
|upkeep
|
|t:|1758299757
|switch|p1a: Arcanine|Arcanine-Hisui, M|100/100
|-damage|p1a: Arcanine|76/100|[from] Stealth Rock
|turn|11
|
|t:|1758299762
|-terastallize|p1a: Arcanine|Normal
|move|p1a: Arcanine|Extreme Speed|p2a: Azumarill
|-damage|p2a: Azumarill|10/100
|move|p2a: Azumarill|Aqua Jet|p1a: Arcanine
|-damage|p1a: Arcanine|0 fnt
|faint|p1a: Arcanine
|
|upkeep
|-message|Kadoooooow forfeited.
|
|win|StrengthOfHeart
|raw|Kadoooooow's rating: 1307 &rarr; <strong>1289</strong><br />(-18 for losing)
|raw|StrengthOfHeart's rating: 1339 &rarr; <strong>1357</strong><br />(+18 for winning)
|l|☆Kadoooooow
|player|p1|
|l|☆StrengthOfHeart
|player|p2|
