|j|☆chaini xD
|j|☆MrSkittles95
|t:|1758250528
|gametype|singles
|player|p1|chaini xD|liza|1112
|player|p2|MrSkittles95|blue|1120
|gen|9
|tier|[Gen 9] OU
|rated|
|rule|HP Percentage Mod: HP is shown in percentages
|rule|Endless Battle Clause: Forcing endless battles is banned
|rule|Species Clause: Limit one of each Pokémon
|rule|OHKO Clause: OHKO moves are banned
|rule|Evasion Items Clause: Evasion items are banned
|rule|Evasion Moves Clause: Evasion moves are banned
|rule|Evasion Abilities Clause: Evasion abilities are banned
|rule|Sleep Moves Clause: Sleep-inducing moves are banned
|clearpoke
|poke|p1|Dragonite, F|
|poke|p1|Zamazenta-*|
|poke|p1|Landorus-Therian, M|
|poke|p1|Gholdengo|
|poke|p1|Darkrai|
|poke|p1|Hatterene, F|
|poke|p2|Weezing-Galar, F|
|poke|p2|Hatterene, F|
|poke|p2|Alomomola, F|
|poke|p2|Gliscor, M|
|poke|p2|Pecharunt|
|poke|p2|Iron Treads|
|teampreview
|inactive|Battle timer is ON: inactive players will automatically lose when time's up. (requested by MrSkittles95)
|
|t:|1758250539
|teamsize|p1|6
|teamsize|p2|6
|start
|switch|p1a: Landorus|Landorus-Therian, M|100/100
|switch|p2a: Iron Treads|Iron Treads, shiny|100/100
|-ability|p1a: Landorus|Intimidate|boost
|-unboost|p2a: Iron Treads|atk|1
|-enditem|p2a: Iron Treads|Booster Energy
|-activate|p2a: Iron Treads|ability: Quark Drive|[fromitem]
|-start|p2a: Iron Treads|quarkdrivespe
|turn|1
|
|t:|1758250558
|move|p2a: Iron Treads|Iron Defense|p2a: Iron Treads
|-boost|p2a: Iron Treads|def|2
|move|p1a: Landorus|Stealth Rock|p2a: Iron Treads
|-sidestart|p2: MrSkittles95|move: Stealth Rock
|
|upkeep
|turn|2
|
|t:|1758250567
|move|p2a: Iron Treads|Stealth Rock|p1a: Landorus
|-sidestart|p1: chaini xD|move: Stealth Rock
|move|p1a: Landorus|U-turn|p2a: Iron Treads
|-resisted|p2a: Iron Treads
|-damage|p2a: Iron Treads|96/100
|
|t:|1758250587
|switch|p1a: Hatterene|Hatterene, F|100/100|[from] U-turn
|-damage|p1a: Hatterene|88/100|[from] Stealth Rock
|
|upkeep
|turn|3
|
|t:|1758250603
|move|p2a: Iron Treads|Volt Switch|p1a: Hatterene
|-damage|p1a: Hatterene|77/100
|
|t:|1758250607
|-end|p2a: Iron Treads|Quark Drive|[silent]
|switch|p2a: Hatterene|Hatterene, F|100/100|[from] Volt Switch
|move|p1a: Hatterene|Mystical Fire|p2a: Hatterene
|-damage|p2a: Hatterene|79/100
|-unboost|p2a: Hatterene|spa|1
|
|upkeep
|turn|4
|
|t:|1758250618
|switch|p1a: Gholdengo|Gholdengo|100/100
|-damage|p1a: Gholdengo|94/100|[from] Stealth Rock
|move|p2a: Hatterene|Nuzzle|p1a: Gholdengo
|-damage|p1a: Gholdengo|90/100
|-status|p1a: Gholdengo|par
|
|upkeep
|turn|5
|
|t:|1758250629
|move|p1a: Gholdengo|Make It Rain|p2a: Hatterene
|-supereffective|p2a: Hatterene
|-damage|p2a: Hatterene|0 fnt
|-unboost|p1a: Gholdengo|spa|1
|faint|p2a: Hatterene
|
|upkeep
|
|t:|1758250640
|switch|p2a: Weezing|Weezing-Galar, F|100/100
|-ability|p2a: Weezing|Neutralizing Gas
|turn|6
|
|t:|1758250654
|switch|p1a: Hatterene|Hatterene, F|77/100
|-damage|p1a: Hatterene|65/100|[from] Stealth Rock
|move|p2a: Weezing|Pain Split|p1a: Hatterene
|-sethp|p1a: Hatterene|85/100|[from] move: Pain Split|[silent]
|-sethp|p2a: Weezing|81/100|[from] move: Pain Split
|
|upkeep
|turn|7
|
|t:|1758250672
|-end|p2a: Weezing|ability: Neutralizing Gas
|switch|p2a: Alomomola|Alomomola, F|100/100
|-damage|p2a: Alomomola|88/100|[from] Stealth Rock
|move|p1a: Hatterene|Psychic Noise|p2a: Alomomola
|-damage|p2a: Alomomola|40/100
|-start|p2a: Alomomola|move: Heal Block
|
|upkeep
|turn|8
|
|t:|1758250683
|move|p2a: Alomomola|Flip Turn|p1a: Hatterene
|-damage|p1a: Hatterene|65/100
|
|t:|1758250689
|switch|p2a: Pecharunt|Pecharunt|100/100|[from] Flip Turn
|-damage|p2a: Pecharunt|88/100|[from] Stealth Rock
|move|p1a: Hatterene|Psychic Noise|p2a: Pecharunt
|-supereffective|p2a: Pecharunt
|-damage|p2a: Pecharunt|8/100
|-start|p2a: Pecharunt|move: Heal Block
|
|upkeep
|turn|9
|
|t:|1758250703
|switch|p1a: Gholdengo|Gholdengo|90/100 par
|-damage|p1a: Gholdengo|84/100 par|[from] Stealth Rock
|move|p2a: Pecharunt|Shadow Ball|p1a: Gholdengo
|-supereffective|p1a: Gholdengo
|-damage|p1a: Gholdengo|14/100 par
|
|-end|p2a: Pecharunt|move: Heal Block
|upkeep
|turn|10
|
|t:|1758250715
|switch|p1a: Darkrai|Darkrai|100/100
|move|p2a: Pecharunt|Shadow Ball|p1a: Darkrai
|-resisted|p1a: Darkrai
|-damage|p1a: Darkrai|81/100
|-unboost|p1a: Darkrai|spd|1
|
|upkeep
|turn|11
|
|t:|1758250725
|switch|p2a: Weezing|Weezing-Galar, F|81/100
|-ability|p2a: Weezing|Neutralizing Gas
|move|p1a: Darkrai|Dark Pulse|p2a: Weezing
|-resisted|p2a: Weezing
|-damage|p2a: Weezing|63/100
|
|upkeep
|turn|12
|
|t:|1758250736
|switch|p1a: Hatterene|Hatterene, F|65/100
|-damage|p1a: Hatterene|53/100|[from] Stealth Rock
|move|p2a: Weezing|Will-O-Wisp|p1a: Hatterene
|-status|p1a: Hatterene|brn
|
|-damage|p1a: Hatterene|47/100 brn|[from] brn
|upkeep
|turn|13
|
|t:|1758250753
|move|p2a: Weezing|Strange Steam|p1a: Hatterene
|-damage|p1a: Hatterene|30/100 brn
|-start|p1a: Hatterene|confusion
|-activate|p1a: Hatterene|confusion
|-damage|p1a: Hatterene|22/100 brn|[from] confusion
|
|-damage|p1a: Hatterene|16/100 brn|[from] brn
|upkeep
|turn|14
|
|t:|1758250769
|-end|p2a: Weezing|ability: Neutralizing Gas
|switch|p2a: Alomomola|Alomomola, F|73/100
|-damage|p2a: Alomomola|61/100|[from] Stealth Rock
|-activate|p1a: Hatterene|confusion
|-damage|p1a: Hatterene|8/100 brn|[from] confusion
|
|-heal|p2a: Alomomola|67/100|[from] item: Leftovers
|-damage|p1a: Hatterene|2/100 brn|[from] brn
|upkeep
|turn|15
|
|t:|1758250781
|move|p2a: Alomomola|Aqua Jet|p1a: Hatterene
|-damage|p1a: Hatterene|0 fnt
|faint|p1a: Hatterene
|
|-heal|p2a: Alomomola|73/100|[from] item: Leftovers
|upkeep
|
|t:|1758250793
|switch|p1a: Darkrai|Darkrai|81/100
|turn|16
|
|t:|1758250800
|move|p2a: Alomomola|Protect|p2a: Alomomola
|-singleturn|p2a: Alomomola|Protect
|move|p1a: Darkrai|Dark Pulse|p2a: Alomomola
|-activate|p2a: Alomomola|move: Protect
|
|-heal|p2a: Alomomola|79/100|[from] item: Leftovers
|upkeep
|turn|17
|
|t:|1758250808
|move|p1a: Darkrai|Dark Pulse|p2a: Alomomola
|-damage|p2a: Alomomola|30/100
|cant|p2a: Alomomola|flinch
|
|-heal|p2a: Alomomola|36/100|[from] item: Leftovers
|upkeep
|turn|18
|
|t:|1758250817
|move|p2a: Alomomola|Protect|p2a: Alomomola
|-singleturn|p2a: Alomomola|Protect
|move|p1a: Darkrai|Dark Pulse|p2a: Alomomola
|-activate|p2a: Alomomola|move: Protect
|
|-heal|p2a: Alomomola|42/100|[from] item: Leftovers
|upkeep
|turn|19
|
|t:|1758250825
|switch|p2a: Weezing|Weezing-Galar, F|63/100
|-ability|p2a: Weezing|Neutralizing Gas
|move|p1a: Darkrai|Dark Pulse|p2a: Weezing
|-resisted|p2a: Weezing
|-damage|p2a: Weezing|44/100
|
|upkeep
|turn|20
|
|t:|1758250841
|switch|p1a: Landorus|Landorus-Therian, M|100/100
|-damage|p1a: Landorus|88/100|[from] Stealth Rock
|move|p2a: Weezing|Pain Split|p1a: Landorus
|-sethp|p1a: Landorus|63/100|[from] move: Pain Split|[silent]
|-sethp|p2a: Weezing|72/100|[from] move: Pain Split
|
|upkeep
|turn|21
|
|t:|1758250856
|-terastallize|p2a: Weezing|Flying
|move|p1a: Landorus|Taunt|p2a: Weezing
|-start|p2a: Weezing|move: Taunt
|cant|p2a: Weezing|move: Taunt|Will-O-Wisp
|
|upkeep
|turn|22
|inactive|chaini xD has 120 seconds left.
|
|t:|1758250885
|move|p1a: Landorus|U-turn|p2a: Weezing
|-resisted|p2a: Weezing
|-damage|p2a: Weezing|62/100
|inactive|chaini xD has 120 seconds left.
|
|t:|1758250900
|switch|p1a: Gholdengo|Gholdengo|14/100 par|[from] U-turn
|-damage|p1a: Gholdengo|8/100 par|[from] Stealth Rock
|move|p2a: Weezing|Strange Steam|p1a: Gholdengo
|-resisted|p1a: Gholdengo
|-damage|p1a: Gholdengo|0 fnt
|faint|p1a: Gholdengo
|
|upkeep
|
|t:|1758250926
|switch|p1a: Zamazenta|Zamazenta|100/100
|-damage|p1a: Zamazenta|94/100|[from] Stealth Rock
|turn|23
|
|t:|1758250931
|-terastallize|p1a: Zamazenta|Fire
|move|p1a: Zamazenta|Iron Defense|p1a: Zamazenta
|-boost|p1a: Zamazenta|def|2
|move|p2a: Weezing|Strange Steam|p1a: Zamazenta
|-resisted|p1a: Zamazenta
|-damage|p1a: Zamazenta|81/100
|-start|p1a: Zamazenta|confusion
|
|-heal|p1a: Zamazenta|87/100|[from] item: Leftovers
|-end|p2a: Weezing|move: Taunt
|upkeep
|turn|24
|
|t:|1758250947
|-activate|p1a: Zamazenta|confusion
|move|p1a: Zamazenta|Crunch|p2a: Weezing
|-damage|p2a: Weezing|44/100
|move|p2a: Weezing|Pain Split|p1a: Zamazenta
|-sethp|p1a: Zamazenta|66/100|[from] move: Pain Split|[silent]
|-sethp|p2a: Weezing|64/100|[from] move: Pain Split
|
|-heal|p1a: Zamazenta|72/100|[from] item: Leftovers
|upkeep
|turn|25
|
|t:|1758250964
|-end|p2a: Weezing|ability: Neutralizing Gas
|-ability|p1a: Zamazenta|Dauntless Shield|boost
|-boost|p1a: Zamazenta|def|1
|switch|p2a: Iron Treads|Iron Treads, shiny|96/100
|-damage|p2a: Iron Treads|93/100|[from] Stealth Rock
|-activate|p1a: Zamazenta|confusion
|move|p1a: Zamazenta|Roar|p2a: Iron Treads
|-end|p2a: Iron Treads|Quark Drive|[silent]
|drag|p2a: Gliscor|Gliscor, M|100/100
|-damage|p2a: Gliscor|88/100|[from] Stealth Rock
|
|-heal|p1a: Zamazenta|78/100|[from] item: Leftovers
|-status|p2a: Gliscor|tox|[from] item: Toxic Orb
|upkeep
|turn|26
|
|t:|1758250980
|-activate|p1a: Zamazenta|confusion
|-damage|p1a: Zamazenta|74/100|[from] confusion
|move|p2a: Gliscor|Earthquake|p1a: Zamazenta
|-supereffective|p1a: Zamazenta
|-damage|p1a: Zamazenta|47/100
|
|-heal|p1a: Zamazenta|53/100|[from] item: Leftovers
|-heal|p2a: Gliscor|100/100 tox|[from] ability: Poison Heal
|upkeep
|turn|27
|
|t:|1758250991
|-end|p1a: Zamazenta|confusion
|move|p1a: Zamazenta|Iron Defense|p1a: Zamazenta
|-boost|p1a: Zamazenta|def|2
|move|p2a: Gliscor|Knock Off|p1a: Zamazenta
|-damage|p1a: Zamazenta|47/100
|-enditem|p1a: Zamazenta|Leftovers|[from] move: Knock Off|[of] p2a: Gliscor
|
|upkeep
|turn|28
|inactive|chaini xD has 120 seconds left.
|
|t:|1758251000
|move|p1a: Zamazenta|Body Press|p2a: Gliscor
|-resisted|p2a: Gliscor
|-damage|p2a: Gliscor|40/100 tox
|move|p2a: Gliscor|Swords Dance|p2a: Gliscor
|-boost|p2a: Gliscor|atk|2
|
|-heal|p2a: Gliscor|52/100 tox|[from] ability: Poison Heal
|upkeep
|turn|29
|
|t:|1758251009
|move|p2a: Gliscor|Protect|p2a: Gliscor
|-singleturn|p2a: Gliscor|Protect
|move|p1a: Zamazenta|Body Press|p2a: Gliscor
|-activate|p2a: Gliscor|move: Protect
|
|-heal|p2a: Gliscor|64/100 tox|[from] ability: Poison Heal
|upkeep
|turn|30
|
|t:|1758251019
|move|p1a: Zamazenta|Body Press|p2a: Gliscor
|-resisted|p2a: Gliscor
|-damage|p2a: Gliscor|0 fnt
|faint|p2a: Gliscor
|
|upkeep
|
|t:|1758251029
|switch|p2a: Alomomola|Alomomola, F|75/100
|-damage|p2a: Alomomola|63/100|[from] Stealth Rock
|turn|31
|
|t:|1758251037
|move|p1a: Zamazenta|Body Press|p2a: Alomomola
|-damage|p2a: Alomomola|0 fnt
|faint|p2a: Alomomola
|
|upkeep
|
|t:|1758251043
|switch|p2a: Weezing|Weezing-Galar, F, tera:Flying|64/100
|-ability|p2a: Weezing|Neutralizing Gas
|turn|32
|
|t:|1758251051
|move|p2a: Weezing|Defog|p1a: Zamazenta
|-unboost|p1a: Zamazenta|evasion|1
|-sideend|p1: chaini xD|Stealth Rock|[from] move: Defog|[of] p2a: Weezing
|-sideend|p2: MrSkittles95|Stealth Rock|[from] move: Defog|[of] p2a: Weezing
|move|p1a: Zamazenta|Roar|p2a: Weezing
|-end|p2a: Weezing|ability: Neutralizing Gas
|drag|p2a: Iron Treads|Iron Treads, shiny|93/100
|
|upkeep
|turn|33
|
|t:|1758251064
|move|p1a: Zamazenta|Crunch|p2a: Iron Treads
|-damage|p2a: Iron Treads|74/100
|move|p2a: Iron Treads|Volt Switch|p1a: Zamazenta
|-damage|p1a: Zamazenta|31/100
|
|t:|1758251074
|-end|p2a: Iron Treads|Quark Drive|[silent]
|switch|p2a: Weezing|Weezing-Galar, F, tera:Flying|64/100|[from] Volt Switch
|-ability|p2a: Weezing|Neutralizing Gas
|
|upkeep
|turn|34
|
|t:|1758251098
|move|p1a: Zamazenta|Body Press|p2a: Weezing
|-resisted|p2a: Weezing
|-damage|p2a: Weezing|4/100
|move|p2a: Weezing|Strange Steam|p1a: Zamazenta
|-resisted|p1a: Zamazenta
|-damage|p1a: Zamazenta|20/100
|
|upkeep
|turn|35
|
|t:|1758251107
|-end|p2a: Weezing|ability: Neutralizing Gas
|switch|p2a: Pecharunt|Pecharunt|8/100
|move|p1a: Zamazenta|Body Press|p2a: Pecharunt
|-immune|p2a: Pecharunt
|
|upkeep
|turn|36
|
|t:|1758251116
|move|p1a: Zamazenta|Crunch|p2a: Pecharunt
|-supereffective|p2a: Pecharunt
|-damage|p2a: Pecharunt|0 fnt
|-damage|p1a: Zamazenta|3/100|[from] item: Rocky Helmet|[of] p2a: Pecharunt
|faint|p2a: Pecharunt
|
|upkeep
|
|t:|1758251123
|switch|p2a: Iron Treads|Iron Treads, shiny|74/100
|turn|37
|
|t:|1758251130
|move|p1a: Zamazenta|Body Press|p2a: Iron Treads
|-supereffective|p2a: Iron Treads
|-damage|p2a: Iron Treads|0 fnt
|faint|p2a: Iron Treads
|-end|p2a: Iron Treads|Quark Drive|[silent]
|
|upkeep
|
|t:|1758251136
|switch|p2a: Weezing|Weezing-Galar, F, tera:Flying|4/100
|-ability|p2a: Weezing|Neutralizing Gas
|turn|38
|
|t:|1758251141
|move|p1a: Zamazenta|Body Press|p2a: Weezing
|-resisted|p2a: Weezing
|-damage|p2a: Weezing|0 fnt
|faint|p2a: Weezing
|-end|p2a: Weezing|ability: Neutralizing Gas
|
|win|chaini xD
|raw|chaini xD's rating: 1112 &rarr; <strong>1138</strong><br />(+26 for winning)
|raw|MrSkittles95's rating: 1120 &rarr; <strong>1094</strong><br />(-26 for losing)
|c|☆MrSkittles95|Tight
|c|☆MrSkittles95|GG
|c|☆chaini xD|Gg
