|j|☆thybest37
|j|☆the_last_Latino
|t:|1758315174
|gametype|singles
|player|p1|thybest37|gentleman-gen4dp|1088
|player|p2|the_last_Latino|palmer|1081
|gen|9
|tier|[Gen 9] OU
|rated|
|rule|HP Percentage Mod: HP is shown in percentages
|rule|Endless Battle Clause: Forcing endless battles is banned
|rule|Species Clause: Limit one of each Pokémon
|rule|OHKO Clause: OHKO moves are banned
|rule|Evasion Items Clause: Evasion items are banned
|rule|Evasion Moves Clause: Evasion moves are banned
|rule|Evasion Abilities Clause: Evasion abilities are banned
|rule|Sleep Moves Clause: Sleep-inducing moves are banned
|clearpoke
|poke|p1|Magmortar, M|
|poke|p1|Quaquaval, M|
|poke|p1|Enamorus, F|
|poke|p1|Kyurem|
|poke|p1|Iron Crown|
|poke|p1|Deoxys-Speed|
|poke|p2|Meowscarada, F|
|poke|p2|Greninja-*, M|
|poke|p2|Cinderace, M|
|poke|p2|Toxapex, M|
|poke|p2|Thundurus-Therian, M|
|poke|p2|Clodsire, M|
|teampreview
|inactive|Battle timer is ON: inactive players will automatically lose when time's up. (requested by thybest37)
|
|t:|1758315189
|teamsize|p1|6
|teamsize|p2|6
|start
|switch|p1a: Deoxys|Deoxys-Speed|100/100
|switch|p2a: Clodsire|Clodsire, M|100/100
|-ability|p1a: Deoxys|Pressure
|turn|1
|
|t:|1758315199
|move|p1a: Deoxys|Ice Punch|p2a: Clodsire
|-supereffective|p2a: Clodsire
|-damage|p2a: Clodsire|35/100
|-status|p2a: Clodsire|frz
|cant|p2a: Clodsire|frz
|
|-heal|p2a: Clodsire|41/100 frz|[from] item: Black Sludge
|upkeep
|turn|2
|
|t:|1758315208
|move|p1a: Deoxys|Ice Punch|p2a: Clodsire
|-supereffective|p2a: Clodsire
|-damage|p2a: Clodsire|0 fnt
|faint|p2a: Clodsire
|
|upkeep
|
|t:|1758315213
|switch|p2a: Toxapex|Toxapex, M|100/100
|turn|3
|
|t:|1758315223
|switch|p1a: Iron Crown|Iron Crown|100/100
|-enditem|p1a: Iron Crown|Booster Energy
|-activate|p1a: Iron Crown|ability: Quark Drive|[fromitem]
|-start|p1a: Iron Crown|quarkdrivespe
|move|p2a: Toxapex|Infestation|p1a: Iron Crown
|-damage|p1a: Iron Crown|98/100
|-activate|p1a: Iron Crown|move: Infestation|[of] p2a: Toxapex
|
|-damage|p1a: Iron Crown|86/100|[from] move: Infestation|[partiallytrapped]
|upkeep
|turn|4
|
|t:|1758315234
|move|p2a: Toxapex|Baneful Bunker|p2a: Toxapex
|-singleturn|p2a: Toxapex|move: Protect
|move|p1a: Iron Crown|Psychic|p2a: Toxapex
|-activate|p2a: Toxapex|move: Protect
|
|-damage|p1a: Iron Crown|73/100|[from] move: Infestation|[partiallytrapped]
|upkeep
|turn|5
|
|t:|1758315243
|move|p1a: Iron Crown|Psychic|p2a: Toxapex
|-supereffective|p2a: Toxapex
|-damage|p2a: Toxapex|25/100
|move|p2a: Toxapex|Recover|p2a: Toxapex
|-heal|p2a: Toxapex|75/100
|
|-heal|p2a: Toxapex|81/100|[from] item: Black Sludge
|-damage|p1a: Iron Crown|61/100|[from] move: Infestation|[partiallytrapped]
|upkeep
|turn|6
|
|t:|1758315253
|move|p2a: Toxapex|Baneful Bunker|p2a: Toxapex
|-singleturn|p2a: Toxapex|move: Protect
|move|p1a: Iron Crown|Volt Switch|p2a: Toxapex
|-activate|p2a: Toxapex|move: Protect
|
|-heal|p2a: Toxapex|88/100|[from] item: Black Sludge
|-damage|p1a: Iron Crown|49/100|[from] move: Infestation|[partiallytrapped]
|upkeep
|turn|7
|
|t:|1758315268
|move|p1a: Iron Crown|Volt Switch|p2a: Toxapex
|-supereffective|p2a: Toxapex
|-damage|p2a: Toxapex|49/100
|
|t:|1758315274
|-end|p1a: Iron Crown|Quark Drive|[silent]
|switch|p1a: Magmortar|Magmortar, M|100/100|[from] Volt Switch
|move|p2a: Toxapex|Toxic|p1a: Magmortar
|-status|p1a: Magmortar|tox
|
|-heal|p2a: Toxapex|55/100|[from] item: Black Sludge
|-damage|p1a: Magmortar|94/100 tox|[from] psn
|upkeep
|turn|8
|
|t:|1758315285
|move|p1a: Magmortar|Belly Drum|p1a: Magmortar
|-damage|p1a: Magmortar|44/100 tox
|-setboost|p1a: Magmortar|atk|6|[from] move: Belly Drum
|-enditem|p1a: Magmortar|Sitrus Berry|[eat]
|-heal|p1a: Magmortar|69/100 tox|[from] item: Sitrus Berry
|move|p2a: Toxapex|Infestation|p1a: Magmortar
|-resisted|p1a: Magmortar
|-damage|p1a: Magmortar|68/100 tox
|-activate|p1a: Magmortar|move: Infestation|[of] p2a: Toxapex
|
|-heal|p2a: Toxapex|61/100|[from] item: Black Sludge
|-damage|p1a: Magmortar|55/100 tox|[from] psn
|-damage|p1a: Magmortar|43/100 tox|[from] move: Infestation|[partiallytrapped]
|upkeep
|turn|9
|
|t:|1758315302
|move|p2a: Toxapex|Baneful Bunker|p2a: Toxapex
|-singleturn|p2a: Toxapex|move: Protect
|move|p1a: Magmortar|Flame Charge|p2a: Toxapex
|-activate|p2a: Toxapex|move: Protect
|
|-heal|p2a: Toxapex|67/100|[from] item: Black Sludge
|-damage|p1a: Magmortar|24/100 tox|[from] psn
|-damage|p1a: Magmortar|12/100 tox|[from] move: Infestation|[partiallytrapped]
|upkeep
|turn|10
|
|t:|1758315318
|-terastallize|p1a: Magmortar|Grass
|move|p2a: Toxapex|Baneful Bunker||[still]
|-fail|p2a: Toxapex
|move|p1a: Magmortar|Tera Blast|p2a: Toxapex|[anim] Tera Blast Grass
|-damage|p2a: Toxapex|0 fnt
|faint|p2a: Toxapex
|
|-damage|p1a: Magmortar|0 fnt|[from] psn
|faint|p1a: Magmortar
|upkeep
|inactive|thybest37 has 120 seconds left.
|
|t:|1758315347
|switch|p1a: Nuke|Kyurem|100/100
|switch|p2a: Cinderace|Cinderace, M|100/100
|-ability|p1a: Nuke|Pressure
|turn|11
|inactive|thybest37 has 120 seconds left.
|
|t:|1758315361
|switch|p1a: Quaquaval|Quaquaval, M|100/100
|move|p2a: Cinderace|Pyro Ball|p1a: Quaquaval
|-resisted|p1a: Quaquaval
|-damage|p1a: Quaquaval|53/100
|
|upkeep
|turn|12
|inactive|thybest37 has 120 seconds left.
|
|t:|1758315373
|switch|p2a: Meowscarada|Meowscarada, F|100/100
|move|p1a: Quaquaval|Aqua Step|p2a: Meowscarada
|-resisted|p2a: Meowscarada
|-damage|p2a: Meowscarada|64/100
|-boost|p1a: Quaquaval|spe|1
|
|upkeep
|turn|13
|inactive|thybest37 has 120 seconds left.
|
|t:|1758315384
|move|p2a: Meowscarada|Flower Trick|p1a: Quaquaval
|-start|p2a: Meowscarada|typechange|Grass|[from] ability: Protean
|-supereffective|p1a: Quaquaval
|-crit|p1a: Quaquaval
|-damage|p1a: Quaquaval|0 fnt
|faint|p1a: Quaquaval
|
|upkeep
|inactive|thybest37 has 120 seconds left.
|
|t:|1758315396
|switch|p1a: Nuke|Kyurem|100/100
|-ability|p1a: Nuke|Pressure
|turn|14
|inactive|thybest37 has 120 seconds left.
|
|t:|1758315402
|switch|p2a: Thundurus|Thundurus-Therian, M|100/100
|move|p1a: Nuke|Draco Meteor|p2a: Thundurus
|-damage|p2a: Thundurus|0 fnt
|-unboost|p1a: Nuke|spa|2
|faint|p2a: Thundurus
|
|upkeep
|
|t:|1758315410
|switch|p2a: Cinderace|Cinderace, M|100/100
|turn|15
|
|t:|1758315418
|switch|p1a: Enamorus|Enamorus, F|100/100
|move|p2a: Cinderace|Pyro Ball|p1a: Enamorus
|-damage|p1a: Enamorus|0 fnt
|faint|p1a: Enamorus
|
|upkeep
|
|t:|1758315427
|switch|p1a: Deoxys|Deoxys-Speed|100/100
|-ability|p1a: Deoxys|Pressure
|turn|16
|
|t:|1758315437
|move|p1a: Deoxys|Knock Off|p2a: Cinderace
|-damage|p2a: Cinderace|35/100
|-enditem|p2a: Cinderace|Choice Band|[from] move: Knock Off|[of] p1a: Deoxys
|move|p2a: Cinderace|Pyro Ball|p1a: Deoxys
|-damage|p1a: Deoxys|5/100
|
|upkeep
|turn|17
|
|t:|1758315444
|move|p1a: Deoxys|Knock Off|p2a: Cinderace
|-damage|p2a: Cinderace|0 fnt
|faint|p2a: Cinderace
|
|upkeep
|
|t:|1758315449
|switch|p2a: Greninja|Greninja, M|100/100
|turn|18
|
|t:|1758315455
|move|p1a: Deoxys|Knock Off|p2a: Greninja
|-resisted|p2a: Greninja
|-damage|p2a: Greninja|66/100
|-enditem|p2a: Greninja|Choice Specs|[from] move: Knock Off|[of] p1a: Deoxys
|move|p2a: Greninja|Hydro Pump|p1a: Deoxys
|-start|p2a: Greninja|typechange|Water|[from] ability: Protean
|-damage|p1a: Deoxys|0 fnt
|faint|p1a: Deoxys
|
|upkeep
|
|t:|1758315467
|switch|p1a: Nuke|Kyurem|100/100
|-ability|p1a: Nuke|Pressure
|turn|19
|
|t:|1758315487
|move|p2a: Greninja|Hydro Pump|p1a: Nuke
|-resisted|p1a: Nuke
|-damage|p1a: Nuke|76/100
|move|p1a: Nuke|Freeze-Dry|p2a: Greninja
|-supereffective|p2a: Greninja
|-damage|p2a: Greninja|0 fnt
|faint|p2a: Greninja
|
|upkeep
|
|t:|1758315490
|switch|p2a: Meowscarada|Meowscarada, F|64/100
|turn|20
|
|t:|1758315497
|move|p2a: Meowscarada|Triple Axel|p1a: Nuke
|-start|p2a: Meowscarada|typechange|Ice|[from] ability: Protean
|-damage|p1a: Nuke|61/100
|-damage|p1a: Nuke|34/100
|-damage|p1a: Nuke|0 fnt
|faint|p1a: Nuke
|-hitcount|p1: Nuke|3
|
|upkeep
|
|t:|1758315508
|switch|p1a: Iron Crown|Iron Crown|49/100
|turn|21
|
|t:|1758315512
|move|p2a: Meowscarada|Triple Axel|p1a: Iron Crown
|-resisted|p1a: Iron Crown
|-damage|p1a: Iron Crown|41/100
|-resisted|p1a: Iron Crown
|-damage|p1a: Iron Crown|25/100
|-resisted|p1a: Iron Crown
|-damage|p1a: Iron Crown|2/100
|-hitcount|p1a: Iron Crown|3
|move|p1a: Iron Crown|Tachyon Cutter|p2a: Meowscarada
|-supereffective|p2a: Meowscarada
|-damage|p2a: Meowscarada|0 fnt
|faint|p2a: Meowscarada
|-hitcount|p2: Meowscarada|1
|
|win|thybest37
|raw|thybest37's rating: 1088 &rarr; <strong>1114</strong><br />(+26 for winning)
|raw|the_last_Latino's rating: 1081 &rarr; <strong>1059</strong><br />(-22 for losing)
|c|☆the_last_Latino|Lol
|c|☆the_last_Latino|2
|l|☆thybest37
|player|p1|
|l|☆the_last_Latino
|player|p2|
