|j|☆Lucario1324
|j|☆wingstopfiregiant
|t:|1758346053
|gametype|singles
|player|p1|Lucario1324|101|1534
|player|p2|wingstopfiregiant|burglar|1476
|gen|9
|tier|[Gen 9] OU
|rated|
|rule|HP Percentage Mod: HP is shown in percentages
|rule|Endless Battle Clause: Forcing endless battles is banned
|rule|Species Clause: Limit one of each Pokémon
|rule|OHKO Clause: OHKO moves are banned
|rule|Evasion Items Clause: Evasion items are banned
|rule|Evasion Moves Clause: Evasion moves are banned
|rule|Evasion Abilities Clause: Evasion abilities are banned
|rule|Sleep Moves Clause: Sleep-inducing moves are banned
|clearpoke
|poke|p1|Samurott-Hisui, F|
|poke|p1|Ursaluna, M|
|poke|p1|Zapdos|
|poke|p1|Pecharunt|
|poke|p1|Cinccino, M|
|poke|p1|Iron Valiant|
|poke|p2|Kingambit, M|
|poke|p2|Deoxys-Speed|
|poke|p2|Great Tusk|
|poke|p2|Dragonite, F|
|poke|p2|Iron Moth|
|poke|p2|Primarina, M|
|teampreview
|inactive|Battle timer is ON: inactive players will automatically lose when time's up. (requested by Lucario1324)
|
|t:|1758346072
|teamsize|p1|6
|teamsize|p2|6
|start
|switch|p1a: Cinccino|Cinccino, M|100/100
|switch|p2a: Primarina|Primarina, M|100/100
|turn|1
|
|t:|1758346076
|move|p1a: Cinccino|Bullet Seed|p2a: Primarina
|-supereffective|p2a: Primarina
|-damage|p2a: Primarina|72/100
|-supereffective|p2a: Primarina
|-damage|p2a: Primarina|44/100
|-supereffective|p2a: Primarina
|-damage|p2a: Primarina|17/100
|-supereffective|p2a: Primarina
|-damage|p2a: Primarina|0 fnt
|faint|p2a: Primarina
|-hitcount|p2: Primarina|4
|
|upkeep
|
|t:|1758346099
|switch|p2a: Deoxys|Deoxys-Speed|100/100
|-ability|p2a: Deoxys|Pressure
|turn|2
|
|t:|1758346105
|move|p2a: Deoxys|Psycho Boost|p1a: Cinccino
|-damage|p1a: Cinccino|0 fnt
|-unboost|p2a: Deoxys|spa|2
|faint|p1a: Cinccino
|-damage|p2a: Deoxys|91/100|[from] item: Life Orb
|
|upkeep
|
|t:|1758346109
|switch|p1a: Samurott|Samurott-Hisui, F|100/100
|turn|3
|
|t:|1758346118
|switch|p2a: Dragonite|Dragonite, F|100/100
|move|p1a: Samurott|Razor Shell|p2a: Dragonite
|-resisted|p2a: Dragonite
|-damage|p2a: Dragonite|86/100
|
|upkeep
|turn|4
|
|t:|1758346124
|switch|p1a: Pecharunt|Pecharunt|100/100
|move|p2a: Dragonite|Outrage|p1a: Pecharunt
|-damage|p1a: Pecharunt|48/100
|
|upkeep
|turn|5
|
|t:|1758346128
|switch|p1a: Iron Valiant|Iron Valiant|100/100
|move|p2a: Dragonite|Outrage|p1a: Iron Valiant|[from] lockedmove
|-immune|p1a: Iron Valiant
|
|upkeep
|turn|6
|
|t:|1758346132
|switch|p2a: Iron Moth|Iron Moth|100/100
|-enditem|p2a: Iron Moth|Booster Energy
|-activate|p2a: Iron Moth|ability: Quark Drive|[fromitem]
|-start|p2a: Iron Moth|quarkdrivespe
|move|p1a: Iron Valiant|Moonblast|p2a: Iron Moth
|-resisted|p2a: Iron Moth
|-damage|p2a: Iron Moth|82/100
|-unboost|p2a: Iron Moth|spa|1
|
|upkeep
|turn|7
|
|t:|1758346138
|-end|p1a: Iron Valiant|Quark Drive|[silent]
|switch|p1a: Samurott|Samurott-Hisui, F|100/100
|move|p2a: Iron Moth|Sludge Wave|p1a: Samurott
|-damage|p1a: Samurott|77/100
|
|upkeep
|turn|8
|
|t:|1758346143
|move|p2a: Iron Moth|Sludge Wave|p1a: Samurott
|-damage|p1a: Samurott|54/100
|move|p1a: Samurott|Ceaseless Edge|p2a: Iron Moth
|-damage|p2a: Iron Moth|20/100
|-sidestart|p2: wingstopfiregiant|Spikes
|
|upkeep
|turn|9
|
|t:|1758346148
|move|p1a: Samurott|Sucker Punch|p2a: Iron Moth
|-damage|p2a: Iron Moth|0 fnt
|faint|p2a: Iron Moth
|-end|p2a: Iron Moth|Quark Drive|[silent]
|
|upkeep
|
|t:|1758346156
|switch|p2a: Dragonite|Dragonite, F|86/100
|turn|10
|
|t:|1758346164
|switch|p1a: Zapdos|Zapdos|100/100
|move|p2a: Dragonite|Extreme Speed|p1a: Zapdos
|-damage|p1a: Zapdos|50/100
|
|upkeep
|turn|11
|
|t:|1758346170
|move|p2a: Dragonite|Extreme Speed|p1a: Zapdos
|-damage|p1a: Zapdos|0 fnt
|faint|p1a: Zapdos
|
|upkeep
|
|t:|1758346173
|switch|p1a: Pecharunt|Pecharunt|48/100
|turn|12
|
|t:|1758346176
|switch|p2a: Great Tusk|Great Tusk|100/100
|-damage|p2a: Great Tusk|88/100|[from] Spikes
|-enditem|p2a: Great Tusk|Booster Energy
|-activate|p2a: Great Tusk|ability: Protosynthesis|[fromitem]
|-start|p2a: Great Tusk|protosynthesisatk
|move|p1a: Pecharunt|Recover|p1a: Pecharunt
|-heal|p1a: Pecharunt|98/100
|
|upkeep
|turn|13
|
|t:|1758346188
|switch|p1a: Samurott|Samurott-Hisui, F|54/100
|move|p2a: Great Tusk|Rapid Spin|p1a: Samurott
|-damage|p1a: Samurott|29/100
|-boost|p2a: Great Tusk|spe|1
|-sideend|p2: wingstopfiregiant|Spikes|[from] move: Rapid Spin|[of] p2a: Great Tusk
|
|upkeep
|turn|14
|
|t:|1758346197
|move|p2a: Great Tusk|Close Combat|p1a: Samurott
|-supereffective|p1a: Samurott
|-damage|p1a: Samurott|0 fnt
|-unboost|p2a: Great Tusk|def|1
|-unboost|p2a: Great Tusk|spd|1
|faint|p1a: Samurott
|
|upkeep
|
|t:|1758346203
|switch|p1a: Ursaluna|Ursaluna, M|100/100
|turn|15
|
|t:|1758346206
|-terastallize|p1a: Ursaluna|Ghost
|move|p2a: Great Tusk|Close Combat|p1a: Ursaluna
|-immune|p1a: Ursaluna
|move|p1a: Ursaluna|Headlong Rush|p2a: Great Tusk
|-damage|p2a: Great Tusk|15/100
|-unboost|p1a: Ursaluna|def|1
|-unboost|p1a: Ursaluna|spd|1
|
|-status|p1a: Ursaluna|brn|[from] item: Flame Orb
|upkeep
|turn|16
|
|t:|1758346216
|move|p2a: Great Tusk|Headlong Rush|p1a: Ursaluna
|-damage|p1a: Ursaluna|3/100 brn
|-unboost|p2a: Great Tusk|def|1
|-unboost|p2a: Great Tusk|spd|1
|move|p1a: Ursaluna|Headlong Rush|p2a: Great Tusk
|-damage|p2a: Great Tusk|0 fnt
|-unboost|p1a: Ursaluna|def|1
|-unboost|p1a: Ursaluna|spd|1
|faint|p2a: Great Tusk
|-end|p2a: Great Tusk|Protosynthesis|[silent]
|
|-damage|p1a: Ursaluna|0 fnt|[from] brn
|faint|p1a: Ursaluna
|upkeep
|
|t:|1758346229
|switch|p2a: Deoxys|Deoxys-Speed|91/100
|switch|p1a: Pecharunt|Pecharunt|98/100
|-ability|p2a: Deoxys|Pressure
|turn|17
|
|t:|1758346237
|move|p2a: Deoxys|Psycho Boost|p1a: Pecharunt|[miss]
|-miss|p2a: Deoxys|p1a: Pecharunt
|move|p1a: Pecharunt|Malignant Chain|p2a: Deoxys
|-damage|p2a: Deoxys|42/100
|
|upkeep
|turn|18
|
|t:|1758346240
|move|p2a: Deoxys|Psycho Boost|p1a: Pecharunt
|-supereffective|p1a: Pecharunt
|-damage|p1a: Pecharunt|0 fnt
|-unboost|p2a: Deoxys|spa|2
|faint|p1a: Pecharunt
|-damage|p2a: Deoxys|32/100|[from] item: Life Orb
|
|upkeep
|
|t:|1758346241
|switch|p1a: Iron Valiant|Iron Valiant|100/100
|turn|19
|
|t:|1758346246
|move|p2a: Deoxys|Psycho Boost|p1a: Iron Valiant
|-supereffective|p1a: Iron Valiant
|-damage|p1a: Iron Valiant|0 fnt
|-unboost|p2a: Deoxys|spa|2
|faint|p1a: Iron Valiant
|-end|p1a: Iron Valiant|Quark Drive|[silent]
|-damage|p2a: Deoxys|23/100|[from] item: Life Orb
|
|win|wingstopfiregiant
|raw|Lucario1324's rating: 1534 &rarr; <strong>1511</strong><br />(-23 for losing)
|raw|wingstopfiregiant's rating: 1476 &rarr; <strong>1499</strong><br />(+23 for winning)
|l|☆Lucario1324
|player|p1|
|l|☆wingstopfiregiant
|player|p2|
