|j|☆sonic superstars
|j|☆Mr.villains
|t:|1758291944
|gametype|singles
|player|p1|sonic superstars|acetrainer-gen4|1660
|player|p2|Mr.villains|cynthia-gen4|1606
|gen|9
|tier|[Gen 9] OU
|rated|
|rule|HP Percentage Mod: HP is shown in percentages
|rule|Endless Battle Clause: Forcing endless battles is banned
|rule|Species Clause: Limit one of each Pokémon
|rule|OHKO Clause: OHKO moves are banned
|rule|Evasion Items Clause: Evasion items are banned
|rule|Evasion Moves Clause: Evasion moves are banned
|rule|Evasion Abilities Clause: Evasion abilities are banned
|rule|Sleep Moves Clause: Sleep-inducing moves are banned
|clearpoke
|poke|p1|Crabominable, M|
|poke|p1|Slowking-Galar, M|
|poke|p1|Hoopa-Unbound|
|poke|p1|Ursaluna, M|
|poke|p1|Hatterene, F|
|poke|p1|Kingambit, F|
|poke|p2|Darkrai|
|poke|p2|Glimmora, M|
|poke|p2|Dragonite, M|
|poke|p2|Enamorus, F|
|poke|p2|Corviknight, M|
|poke|p2|Kingambit, M|
|teampreview
|inactive|Battle timer is ON: inactive players will automatically lose when time's up. (requested by sonic superstars)
|
|t:|1758291964
|teamsize|p1|6
|teamsize|p2|6
|start
|switch|p1a: Hoopa|Hoopa-Unbound|100/100
|switch|p2a: Kingambit|Kingambit, M|100/100
|turn|1
|j| FaronAan
|
|t:|1758291971
|-end|p2a: Kingambit|fallenundefined|[silent]
|switch|p2a: Glimmora|Glimmora, M|100/100
|switch|p1a: Kingambit|Kingambit, F|100/100
|
|upkeep
|turn|2
|j| LT124YH Ghoul
|
|t:|1758291983
|switch|p2a: Kingambit|Kingambit, M|100/100
|-end|p1a: Kingambit|fallenundefined|[silent]
|switch|p1a: Hatterene|Hatterene, F|100/100
|
|upkeep
|turn|3
|c| LT124YH Ghoul|Not Mr villains brk
|
|t:|1758291990
|switch|p1a: Kingambit|Kingambit, F|100/100
|move|p2a: Kingambit|Kowtow Cleave|p1a: Kingambit
|-resisted|p1a: Kingambit
|-damage|p1a: Kingambit|82/100
|
|upkeep
|turn|4
|c| LT124YH Ghoul|Ts guy pure evil
|
|t:|1758291996
|move|p2a: Kingambit|Low Kick|p1a: Kingambit
|-supereffective|p1a: Kingambit
|-damage|p1a: Kingambit|0 fnt
|faint|p1a: Kingambit
|-end|p1a: Kingambit|fallenundefined|[silent]
|
|upkeep
|
|t:|1758292006
|switch|p1a: Ursaluna|Ursaluna, M|100/100
|turn|5
|c| FaronAan|NAH every turn wrong is crazy
|
|t:|1758292012
|-end|p2a: Kingambit|fallenundefined|[silent]
|switch|p2a: Glimmora|Glimmora, M|100/100
|move|p1a: Ursaluna|Swords Dance|p1a: Ursaluna
|-boost|p1a: Ursaluna|atk|2
|
|-status|p1a: Ursaluna|brn|[from] item: Flame Orb
|upkeep
|turn|6
|c|☆sonic superstars|bro he just kept clicking random shit
|c|☆sonic superstars|thats how it is down there
|c| LT124YH Ghoul|“Down here”
|
|t:|1758292026
|move|p2a: Glimmora|Stealth Rock|p1a: Ursaluna
|-sidestart|p1: sonic superstars|move: Stealth Rock
|move|p1a: Ursaluna|Facade|p2a: Glimmora
|-resisted|p2a: Glimmora
|-damage|p2a: Glimmora|0 fnt
|-activate|p2a: Glimmora|ability: Toxic Debris
|-sidestart|p1: sonic superstars|move: Toxic Spikes
|faint|p2a: Glimmora
|
|-damage|p1a: Ursaluna|94/100 brn|[from] brn
|upkeep
|c|☆sonic superstars|luckily we have the equalizer right here
|c| LT124YH Ghoul|Gng you been 1700 for a year
|
|t:|1758292034
|switch|p2a: Enamorus|Enamorus, F|100/100
|turn|7
|
|t:|1758292041
|move|p2a: Enamorus|Moonblast|p1a: Ursaluna
|-damage|p1a: Ursaluna|52/100 brn
|move|p1a: Ursaluna|Facade|p2a: Enamorus
|-damage|p2a: Enamorus|0 fnt
|faint|p2a: Enamorus
|
|-damage|p1a: Ursaluna|46/100 brn|[from] brn
|upkeep
|
|t:|1758292047
|switch|p2a: Kingambit|Kingambit, M|100/100
|-activate|p2a: Kingambit|ability: Supreme Overlord
|-start|p2a: Kingambit|fallen2|[silent]
|turn|8
|
|t:|1758292056
|switch|p1a: Slowking|Slowking-Galar, M|100/100
|-damage|p1a: Slowking|88/100|[from] Stealth Rock
|-sideend|p1: sonic superstars|move: Toxic Spikes|[of] p1a: Slowking
|move|p2a: Kingambit|Kowtow Cleave|p1a: Slowking
|-supereffective|p1a: Slowking
|-damage|p1a: Slowking|8/100
|
|upkeep
|turn|9
|c|☆sonic superstars|see
|c|☆sonic superstars|kow didnt even kill una here
|c|☆sonic superstars|thats how they play
|c| FaronAan|yeah I'm seeing you get your life read
|c|☆sonic superstars|nah
|inactive|sonic superstars has 120 seconds left.
|
|t:|1758292089
|switch|p1a: Ursaluna|Ursaluna, M|46/100 brn
|-damage|p1a: Ursaluna|40/100 brn|[from] Stealth Rock
|move|p2a: Kingambit|Kowtow Cleave|p1a: Ursaluna
|-damage|p1a: Ursaluna|0 fnt
|faint|p1a: Ursaluna
|
|upkeep
|inactive|sonic superstars has 120 seconds left.
|
|t:|1758292096
|switch|p1a: Hoopa|Hoopa-Unbound|100/100
|-damage|p1a: Hoopa|88/100|[from] Stealth Rock
|turn|10
|c| LT124YH Ghoul|Brochacho less yapping more winning please
|
|t:|1758292104
|-terastallize|p2a: Kingambit|Ghost
|-terastallize|p1a: Hoopa|Fairy
|move|p2a: Kingambit|Kowtow Cleave|p1a: Hoopa
|-resisted|p1a: Hoopa
|-damage|p1a: Hoopa|47/100
|move|p1a: Hoopa|Trick Room|p1a: Hoopa
|-fieldstart|move: Trick Room|[of] p1a: Hoopa
|
|upkeep
|turn|11
|c|☆sonic superstars|i will touch you inappropriately peng
|
|t:|1758292131
|move|p1a: Hoopa|Hyperspace Fury|p2a: Kingambit
|-supereffective|p2a: Kingambit
|-damage|p2a: Kingambit|0 fnt
|-unboost|p1a: Hoopa|def|1
|faint|p2a: Kingambit
|-end|p2a: Kingambit|fallen2|[silent]
|-enditem|p1a: Hoopa|Eject Pack
|c| LT124YH Ghoul|You goin to jail unc
|
|t:|1758292147
|switch|p1a: ICE HAMMA 🔨🧊|Crabominable, M|100/100
|-damage|p1a: ICE HAMMA 🔨🧊|88/100|[from] Stealth Rock
|
|upkeep
|
|t:|1758292152
|switch|p2a: Corviknight|Corviknight, M|100/100
|-ability|p2a: Corviknight|Pressure
|turn|12
|inactive|sonic superstars has 120 seconds left.
|
|t:|1758292180
|move|p1a: ICE HAMMA 🔨🧊|Ice Hammer|p2a: Corviknight
|-damage|p2a: Corviknight|39/100
|-unboost|p1a: ICE HAMMA 🔨🧊|spe|1
|move|p2a: Corviknight|Roost|p2a: Corviknight
|-heal|p2a: Corviknight|89/100
|-singleturn|p2a: Corviknight|move: Roost
|
|-heal|p2a: Corviknight|95/100|[from] item: Leftovers
|upkeep
|turn|13
|inactive|sonic superstars has 120 seconds left.
|
|t:|1758292202
|switch|p1a: Slowking|Slowking-Galar, M|42/100
|-damage|p1a: Slowking|29/100|[from] Stealth Rock
|move|p2a: Corviknight|Roost|p2a: Corviknight
|-heal|p2a: Corviknight|100/100
|-singleturn|p2a: Corviknight|move: Roost
|
|upkeep
|turn|14
|
|t:|1758292206
|switch|p1a: Hatterene|Hatterene, F|100/100
|-damage|p1a: Hatterene|88/100|[from] Stealth Rock
|move|p2a: Corviknight|Brave Bird|p1a: Hatterene
|-damage|p1a: Hatterene|56/100
|-damage|p2a: Corviknight|92/100|[from] Recoil
|
|-heal|p2a: Corviknight|98/100|[from] item: Leftovers
|-fieldend|move: Trick Room
|upkeep
|turn|15
|
|t:|1758292212
|move|p2a: Corviknight|Brave Bird|p1a: Hatterene
|-damage|p1a: Hatterene|28/100
|-damage|p2a: Corviknight|91/100|[from] Recoil
|move|p1a: Hatterene|Trick Room|p1a: Hatterene
|-fieldstart|move: Trick Room|[of] p1a: Hatterene
|
|-heal|p2a: Corviknight|97/100|[from] item: Leftovers
|upkeep
|turn|16
|c| LT124YH Ghoul|Deli you can’t even beat corv
|
|t:|1758292228
|switch|p2a: Dragonite|Dragonite, M|100/100
|move|p1a: Hatterene|Psychic Noise|p2a: Dragonite
|-damage|p2a: Dragonite|83/100
|-start|p2a: Dragonite|move: Heal Block
|
|upkeep
|turn|17
|
|t:|1758292239
|move|p1a: Hatterene|Healing Wish|p1a: Hatterene
|faint|p1a: Hatterene
|move|p2a: Dragonite|Earthquake|p1: Hatterene|[notarget]
|-fail|p2a: Dragonite
|
|-end|p2a: Dragonite|move: Heal Block
|upkeep
|
|t:|1758292249
|switch|p1a: Hoopa|Hoopa-Unbound, tera:Fairy|47/100
|-heal|p1a: Hoopa|100/100|[from] move: Healing Wish
|-damage|p1a: Hoopa|88/100|[from] Stealth Rock
|turn|18
|
|t:|1758292260
|switch|p1a: ICE HAMMA 🔨🧊|Crabominable, M|88/100
|-damage|p1a: ICE HAMMA 🔨🧊|76/100|[from] Stealth Rock
|move|p2a: Dragonite|Earthquake|p1a: ICE HAMMA 🔨🧊
|-damage|p1a: ICE HAMMA 🔨🧊|41/100
|
|upkeep
|turn|19
|
|t:|1758292269
|move|p1a: ICE HAMMA 🔨🧊|Ice Hammer|p2a: Dragonite
|-supereffective|p2a: Dragonite
|-damage|p2a: Dragonite|0 fnt
|-unboost|p1a: ICE HAMMA 🔨🧊|spe|1
|faint|p2a: Dragonite
|
|-fieldend|move: Trick Room
|upkeep
|
|t:|1758292280
|switch|p2a: Corviknight|Corviknight, M|97/100
|-ability|p2a: Corviknight|Pressure
|turn|20
|
|t:|1758292284
|switch|p1a: Slowking|Slowking-Galar, M|62/100
|-damage|p1a: Slowking|50/100|[from] Stealth Rock
|move|p2a: Corviknight|Brave Bird|p1a: Slowking
|-damage|p1a: Slowking|23/100
|-damage|p2a: Corviknight|88/100|[from] Recoil
|
|-heal|p2a: Corviknight|94/100|[from] item: Leftovers
|upkeep
|turn|21
|
|t:|1758292306
|move|p2a: Corviknight|Brave Bird|p1a: Slowking
|-damage|p1a: Slowking|0 fnt
|faint|p1a: Slowking
|-damage|p2a: Corviknight|87/100|[from] Recoil
|
|-heal|p2a: Corviknight|93/100|[from] item: Leftovers
|upkeep
|
|t:|1758292308
|switch|p1a: Hoopa|Hoopa-Unbound, tera:Fairy|88/100
|-damage|p1a: Hoopa|76/100|[from] Stealth Rock
|turn|22
|
|t:|1758292313
|move|p2a: Corviknight|Roost|p2a: Corviknight
|-heal|p2a: Corviknight|100/100
|-singleturn|p2a: Corviknight|move: Roost
|move|p1a: Hoopa|Trick Room|p1a: Hoopa
|-fieldstart|move: Trick Room|[of] p1a: Hoopa
|
|upkeep
|turn|23
|
|t:|1758292320
|move|p1a: Hoopa|Psychic Noise|p2a: Corviknight
|-resisted|p2a: Corviknight
|-damage|p2a: Corviknight|79/100
|-start|p2a: Corviknight|move: Heal Block
|-item|p1a: Hoopa|Leftovers|[from] ability: Magician|[of] p2a: Corviknight
|move|p2a: Corviknight|Brave Bird|p1a: Hoopa
|-damage|p1a: Hoopa|26/100
|-damage|p2a: Corviknight|64/100|[from] Recoil
|
|-heal|p1a: Hoopa|32/100|[from] item: Leftovers
|upkeep
|turn|24
|
|t:|1758292342
|move|p1a: Hoopa|Hyperspace Fury|p2a: Corviknight
|-damage|p2a: Corviknight|21/100
|-unboost|p1a: Hoopa|def|1
|move|p2a: Corviknight|Brave Bird|p1a: Hoopa
|-damage|p1a: Hoopa|0 fnt
|faint|p1a: Hoopa
|-damage|p2a: Corviknight|11/100|[from] Recoil
|
|-end|p2a: Corviknight|move: Heal Block
|upkeep
|
|t:|1758292345
|switch|p1a: ICE HAMMA 🔨🧊|Crabominable, M|41/100
|-damage|p1a: ICE HAMMA 🔨🧊|28/100|[from] Stealth Rock
|turn|25
|c| LT124YH Ghoul|Ts is a crazy throw
|
|t:|1758292353
|move|p1a: ICE HAMMA 🔨🧊|Close Combat|p2a: Corviknight
|-damage|p2a: Corviknight|0 fnt
|-unboost|p1a: ICE HAMMA 🔨🧊|def|1
|-unboost|p1a: ICE HAMMA 🔨🧊|spd|1
|faint|p2a: Corviknight
|
|upkeep
|c|☆sonic superstars|gg lil noob
|c|☆sonic superstars|ur cheap corvi couldnt beat me
|
|t:|1758292362
|switch|p2a: Darkrai|Darkrai|100/100
|turn|26
|c| LT124YH Ghoul|😭
|
|t:|1758292367
|move|p1a: ICE HAMMA 🔨🧊|Close Combat|p2a: Darkrai
|-supereffective|p2a: Darkrai
|-damage|p2a: Darkrai|0 fnt
|-unboost|p1a: ICE HAMMA 🔨🧊|def|1
|-unboost|p1a: ICE HAMMA 🔨🧊|spd|1
|faint|p2a: Darkrai
|
|win|sonic superstars
|raw|sonic superstars's rating: 1660 &rarr; <strong>1677</strong><br />(+17 for winning)
|raw|Mr.villains's rating: 1606 &rarr; <strong>1589</strong><br />(-17 for losing)
|c|☆sonic superstars|ICE HAMMA
|c| LT124YH Ghoul|deli
|l|☆sonic superstars
|player|p1|
|c| LT124YH Ghoul|you’re I’m 1600
|c| FaronAan|this is crazy
|l|☆Mr.villains
|player|p2|
|c| LT124YH Ghoul|Calling people noobs
|l| LT124YH Ghoul
