|j|☆Zolesto
|j|☆samlics
|t:|1758250963
|gametype|singles
|player|p1|Zolesto|steven|1151
|player|p2|samlics|102|1173
|gen|9
|tier|[Gen 9] OU
|rated|
|rule|HP Percentage Mod: HP is shown in percentages
|rule|Endless Battle Clause: Forcing endless battles is banned
|rule|Species Clause: Limit one of each Pokémon
|rule|OHKO Clause: OHKO moves are banned
|rule|Evasion Items Clause: Evasion items are banned
|rule|Evasion Moves Clause: Evasion moves are banned
|rule|Evasion Abilities Clause: Evasion abilities are banned
|rule|Sleep Moves Clause: Sleep-inducing moves are banned
|clearpoke
|poke|p1|Kingambit, F|
|poke|p1|Gholdengo|
|poke|p1|Iron Valiant|
|poke|p1|Dragapult, F|
|poke|p1|Dragonite, M|
|poke|p1|Cinderace, M|
|poke|p2|Mimikyu, F|
|poke|p2|Corviknight, F|
|poke|p2|Zamazenta-*|
|poke|p2|Hatterene, F|
|poke|p2|Revavroom, F|
|poke|p2|Phione|
|teampreview
|
|t:|1758250972
|teamsize|p1|6
|teamsize|p2|6
|start
|switch|p1a: Dragapult|Dragapult, F|100/100
|switch|p2a: Mimikyu|Mimikyu, F|100/100
|turn|1
|inactive|Battle timer is ON: inactive players will automatically lose when time's up. (requested by Zolesto)
|
|t:|1758251038
|move|p1a: Dragapult|U-turn|p2a: Mimikyu
|-activate|p2a: Mimikyu|ability: Disguise
|-damage|p2a: Mimikyu|100/100
|detailschange|p2a: Mimikyu|Mimikyu-Busted, F
|-damage|p2a: Mimikyu|88/100|[from] pokemon: Mimikyu-Busted
|
|t:|1758251060
|switch|p1a: Cinderace|Cinderace, M|100/100|[from] U-turn
|move|p2a: Mimikyu|Bulk Up|p2a: Mimikyu
|-boost|p2a: Mimikyu|atk|1
|-boost|p2a: Mimikyu|def|1
|
|upkeep
|turn|2
|
|t:|1758251071
|move|p1a: Cinderace|Pyro Ball|p2a: Mimikyu
|-damage|p2a: Mimikyu|27/100
|move|p2a: Mimikyu|Play Rough|p1a: Cinderace
|-resisted|p1a: Cinderace
|-damage|p1a: Cinderace|58/100
|
|upkeep
|turn|3
|
|t:|1758251079
|move|p1a: Cinderace|Pyro Ball|p2a: Mimikyu
|-damage|p2a: Mimikyu|0 fnt
|faint|p2a: Mimikyu
|
|upkeep
|
|t:|1758251091
|switch|p2a: Phione|Phione|100/100
|turn|4
|
|t:|1758251098
|move|p1a: Cinderace|U-turn|p2a: Phione
|-start|p1a: Cinderace|typechange|Bug|[from] ability: Libero
|-damage|p2a: Phione|61/100
|
|t:|1758251104
|switch|p1a: Iron Valiant|Iron Valiant|100/100|[from] U-turn
|move|p2a: Phione|Take Heart|p2a: Phione
|-boost|p2a: Phione|spa|1
|-boost|p2a: Phione|spd|1
|
|-heal|p2a: Phione|67/100|[from] item: Leftovers
|upkeep
|turn|5
|
|t:|1758251121
|move|p1a: Iron Valiant|Close Combat|p2a: Phione
|-damage|p2a: Phione|0 fnt
|-unboost|p1a: Iron Valiant|def|1
|-unboost|p1a: Iron Valiant|spd|1
|faint|p2a: Phione
|-damage|p1a: Iron Valiant|91/100|[from] item: Life Orb
|
|upkeep
|
|t:|1758251134
|switch|p2a: Zamazenta|Zamazenta|100/100
|-ability|p2a: Zamazenta|Dauntless Shield|boost
|-boost|p2a: Zamazenta|def|1
|turn|6
|
|t:|1758251142
|-terastallize|p2a: Zamazenta|Fairy
|move|p1a: Iron Valiant|Moonblast|p2a: Zamazenta
|-damage|p2a: Zamazenta|59/100
|-damage|p1a: Iron Valiant|81/100|[from] item: Life Orb
|move|p2a: Zamazenta|Iron Defense|p2a: Zamazenta
|-boost|p2a: Zamazenta|def|2
|
|-heal|p2a: Zamazenta|65/100|[from] item: Leftovers
|upkeep
|turn|7
|
|t:|1758251158
|move|p1a: Iron Valiant|Moonblast|p2a: Zamazenta
|-damage|p2a: Zamazenta|27/100
|-damage|p1a: Iron Valiant|71/100|[from] item: Life Orb
|move|p2a: Zamazenta|Body Press|p1a: Iron Valiant
|-resisted|p1a: Iron Valiant
|-damage|p1a: Iron Valiant|0 fnt
|faint|p1a: Iron Valiant
|-end|p1a: Iron Valiant|Quark Drive|[silent]
|
|-heal|p2a: Zamazenta|33/100|[from] item: Leftovers
|upkeep
|
|t:|1758251171
|switch|p1a: Gholdengo|Gholdengo|100/100
|turn|8
|
|t:|1758251176
|move|p2a: Zamazenta|Crunch|p1a: Gholdengo
|-supereffective|p1a: Gholdengo
|-damage|p1a: Gholdengo|52/100
|move|p1a: Gholdengo|Make It Rain|p2a: Zamazenta
|-supereffective|p2a: Zamazenta
|-damage|p2a: Zamazenta|0 fnt
|-unboost|p1a: Gholdengo|spa|1
|faint|p2a: Zamazenta
|
|upkeep
|
|t:|1758251191
|switch|p2a: Revavroom|Revavroom, F|100/100
|turn|9
|
|t:|1758251199
|move|p1a: Gholdengo|Nasty Plot|p1a: Gholdengo
|-boost|p1a: Gholdengo|spa|2
|move|p2a: Revavroom|High Horsepower|p1a: Gholdengo
|-supereffective|p1a: Gholdengo
|-damage|p1a: Gholdengo|0 fnt
|faint|p1a: Gholdengo
|
|upkeep
|l|☆samlics
|inactive|samlics disconnected and has a minute to reconnect!
|player|p2|
|
|t:|1758251209
|switch|p1a: Dragonite|Dragonite, M|100/100
|turn|10
|j|☆samlics
|inactive|samlics reconnected and has 125 seconds left.
|player|p2|samlics|102|
|inactive|samlics has 120 seconds left.
|
|t:|1758251245
|move|p1a: Dragonite|Dragon Dance|p1a: Dragonite
|-boost|p1a: Dragonite|atk|1
|-boost|p1a: Dragonite|spe|1
|move|p2a: Revavroom|Gunk Shot|p1a: Dragonite
|-damage|p1a: Dragonite|74/100
|-status|p1a: Dragonite|psn
|
|-damage|p1a: Dragonite|61/100 psn|[from] psn
|upkeep
|turn|11
|inactive|samlics has 120 seconds left.
|
|t:|1758251255
|move|p1a: Dragonite|Earthquake|p2a: Revavroom
|-supereffective|p2a: Revavroom
|-damage|p2a: Revavroom|0 fnt
|faint|p2a: Revavroom
|
|-damage|p1a: Dragonite|49/100 psn|[from] psn
|upkeep
|inactive|samlics has 120 seconds left.
|
|t:|1758251261
|switch|p2a: Corviknight|Corviknight, F|100/100
|turn|12
|
|t:|1758251267
|move|p1a: Dragonite|Outrage|p2a: Corviknight
|-resisted|p2a: Corviknight
|-damage|p2a: Corviknight|62/100
|move|p2a: Corviknight|Iron Defense|p2a: Corviknight
|-boost|p2a: Corviknight|def|2
|
|-heal|p2a: Corviknight|68/100|[from] item: Leftovers
|-damage|p1a: Dragonite|37/100 psn|[from] psn
|upkeep
|turn|13
|
|t:|1758251281
|move|p1a: Dragonite|Outrage|p2a: Corviknight|[from] lockedmove
|-resisted|p2a: Corviknight
|-damage|p2a: Corviknight|49/100
|move|p2a: Corviknight|Iron Defense|p2a: Corviknight
|-boost|p2a: Corviknight|def|2
|
|-heal|p2a: Corviknight|55/100|[from] item: Leftovers
|-damage|p1a: Dragonite|24/100 psn|[from] psn
|upkeep
|turn|14
|
|t:|1758251291
|move|p1a: Dragonite|Outrage|p2a: Corviknight|[from] lockedmove
|-resisted|p2a: Corviknight
|-damage|p2a: Corviknight|43/100
|-start|p1a: Dragonite|confusion|[fatigue]
|move|p2a: Corviknight|Iron Defense|p2a: Corviknight
|-boost|p2a: Corviknight|def|2
|
|-heal|p2a: Corviknight|50/100|[from] item: Leftovers
|-damage|p1a: Dragonite|12/100 psn|[from] psn
|upkeep
|turn|15
|
|t:|1758251303
|-activate|p1a: Dragonite|confusion
|move|p1a: Dragonite|Extreme Speed|p2a: Corviknight
|-resisted|p2a: Corviknight
|-damage|p2a: Corviknight|45/100
|move|p2a: Corviknight|Roost|p2a: Corviknight
|-heal|p2a: Corviknight|95/100
|-singleturn|p2a: Corviknight|move: Roost
|
|-heal|p2a: Corviknight|100/100|[from] item: Leftovers
|-damage|p1a: Dragonite|0 fnt|[from] psn
|faint|p1a: Dragonite
|upkeep
|
|t:|1758251315
|switch|p1a: Cinderace|Cinderace, M|58/100
|turn|16
|
|t:|1758251323
|move|p1a: Cinderace|Pyro Ball|p2a: Corviknight
|-supereffective|p2a: Corviknight
|-damage|p2a: Corviknight|78/100
|-status|p2a: Corviknight|brn
|move|p2a: Corviknight|Body Press|p1a: Cinderace
|-damage|p1a: Cinderace|2/100
|
|-heal|p2a: Corviknight|84/100 brn|[from] item: Leftovers
|-damage|p2a: Corviknight|78/100 brn|[from] brn
|upkeep
|turn|17
|
|t:|1758251334
|move|p1a: Cinderace|Pyro Ball|p2a: Corviknight
|-supereffective|p2a: Corviknight
|-damage|p2a: Corviknight|55/100 brn
|move|p2a: Corviknight|Body Press|p1a: Cinderace
|-damage|p1a: Cinderace|0 fnt
|faint|p1a: Cinderace
|
|-heal|p2a: Corviknight|61/100 brn|[from] item: Leftovers
|-damage|p2a: Corviknight|55/100 brn|[from] brn
|upkeep
|
|t:|1758251345
|switch|p1a: Dragapult|Dragapult, F|100/100
|turn|18
|
|t:|1758251352
|move|p1a: Dragapult|Flamethrower|p2a: Corviknight
|-supereffective|p2a: Corviknight
|-damage|p2a: Corviknight|12/100 brn
|move|p2a: Corviknight|Iron Head|p1a: Dragapult
|-damage|p1a: Dragapult|83/100
|
|-heal|p2a: Corviknight|19/100 brn|[from] item: Leftovers
|-damage|p2a: Corviknight|12/100 brn|[from] brn
|upkeep
|turn|19
|
|t:|1758251363
|move|p1a: Dragapult|Flamethrower|p2a: Corviknight
|-supereffective|p2a: Corviknight
|-damage|p2a: Corviknight|0 fnt
|faint|p2a: Corviknight
|
|upkeep
|
|t:|1758251365
|switch|p2a: Hatterene|Hatterene, F|100/100
|turn|20
|
|t:|1758251372
|move|p1a: Dragapult|Flamethrower|p2a: Hatterene
|-damage|p2a: Hatterene|74/100
|move|p2a: Hatterene|Draining Kiss|p1a: Dragapult
|-supereffective|p1a: Dragapult
|-damage|p1a: Dragapult|0 fnt
|-heal|p2a: Hatterene|100/100|[from] drain|[of] p1a: Dragapult
|faint|p1a: Dragapult
|
|upkeep
|
|t:|1758251382
|switch|p1a: Kingambit|Kingambit, F|100/100
|-activate|p1a: Kingambit|ability: Supreme Overlord
|-start|p1a: Kingambit|fallen5|[silent]
|turn|21
|
|t:|1758251393
|move|p1a: Kingambit|Kowtow Cleave|p2a: Hatterene
|-crit|p2a: Hatterene
|-damage|p2a: Hatterene|0 fnt
|faint|p2a: Hatterene
|
|win|Zolesto
|raw|Zolesto's rating: 1151 &rarr; <strong>1178</strong><br />(+27 for winning)
|raw|samlics's rating: 1173 &rarr; <strong>1146</strong><br />(-27 for losing)
|l|☆samlics
|player|p2|
