|j|☆DDNPoke
|j|☆021324Mcqueen
|t:|1758372812
|gametype|singles
|player|p1|DDNPoke|lucas|1446
|player|p2|021324Mcqueen|102|1490
|gen|9
|tier|[Gen 9] OU
|rated|
|rule|HP Percentage Mod: HP is shown in percentages
|rule|Endless Battle Clause: Forcing endless battles is banned
|rule|Species Clause: Limit one of each Pokémon
|rule|OHKO Clause: OHKO moves are banned
|rule|Evasion Items Clause: Evasion items are banned
|rule|Evasion Moves Clause: Evasion moves are banned
|rule|Evasion Abilities Clause: Evasion abilities are banned
|rule|Sleep Moves Clause: Sleep-inducing moves are banned
|clearpoke
|poke|p1|Grimmsnarl, M|
|poke|p1|Blastoise, M|
|poke|p1|Dragonite, M|
|poke|p1|Blaziken, M|
|poke|p1|Ursaluna, M|
|poke|p1|Gholdengo|
|poke|p2|Greninja-*, F|
|poke|p2|Lokix, M|
|poke|p2|Glimmora, F|
|poke|p2|Clodsire, M|
|poke|p2|Corviknight, M|
|poke|p2|Gholdengo|
|teampreview
|inactive|Battle timer is ON: inactive players will automatically lose when time's up. (requested by DDNPoke)
|
|t:|1758372821
|teamsize|p1|6
|teamsize|p2|6
|start
|switch|p1a: Grimmsnarl|Grimmsnarl, M|100/100
|switch|p2a: Lokix|Lokix, M|100/100
|turn|1
|c|☆021324Mcqueen|hf
|
|t:|1758372828
|move|p2a: Lokix|First Impression|p1a: Grimmsnarl
|-damage|p1a: Grimmsnarl|33/100
|-damage|p2a: Lokix|91/100|[from] item: Life Orb
|move|p1a: Grimmsnarl|Reflect|p1a: Grimmsnarl
|-sidestart|p1: DDNPoke|Reflect
|
|upkeep
|turn|2
|
|t:|1758372840
|move|p1a: Grimmsnarl|Light Screen|p1a: Grimmsnarl
|-sidestart|p1: DDNPoke|move: Light Screen
|move|p2a: Lokix|Knock Off|p1a: Grimmsnarl
|-resisted|p1a: Grimmsnarl
|-damage|p1a: Grimmsnarl|16/100
|-enditem|p1a: Grimmsnarl|Light Clay|[from] move: Knock Off|[of] p2a: Lokix
|-damage|p2a: Lokix|81/100|[from] item: Life Orb
|
|upkeep
|turn|3
|
|t:|1758372849
|move|p1a: Grimmsnarl|Parting Shot|p2a: Lokix
|-hint|Since gen 7, Dark is immune to Prankster moves.
|-immune|p2a: Lokix
|move|p2a: Lokix|Knock Off|p1a: Grimmsnarl
|-resisted|p1a: Grimmsnarl
|-damage|p1a: Grimmsnarl|6/100
|-damage|p2a: Lokix|71/100|[from] item: Life Orb
|
|upkeep
|turn|4
|
|t:|1758372858
|move|p1a: Grimmsnarl|Parting Shot|p2a: Lokix
|-hint|Since gen 7, Dark is immune to Prankster moves.
|-immune|p2a: Lokix
|move|p2a: Lokix|Axe Kick|p1a: Grimmsnarl|[miss]
|-miss|p2a: Lokix|p1a: Grimmsnarl
|-damage|p2a: Lokix|21/100|[from] highjumpkick
|
|upkeep
|turn|5
|
|t:|1758372869
|move|p1a: Grimmsnarl|Taunt|p2a: Lokix
|-hint|Since gen 7, Dark is immune to Prankster moves.
|-immune|p2a: Lokix
|move|p2a: Lokix|Knock Off|p1a: Grimmsnarl
|-resisted|p1a: Grimmsnarl
|-damage|p1a: Grimmsnarl|0 fnt
|faint|p1a: Grimmsnarl
|-damage|p2a: Lokix|11/100|[from] item: Life Orb
|
|upkeep
|
|t:|1758372881
|switch|p1a: Dragonite|Dragonite, M|100/100
|turn|6
|
|t:|1758372884
|move|p1a: Dragonite|Extreme Speed|p2a: Lokix
|-damage|p2a: Lokix|0 fnt
|faint|p2a: Lokix
|
|upkeep
|
|t:|1758372890
|switch|p2a: Glimmora|Glimmora, F|100/100
|turn|7
|
|t:|1758372895
|move|p2a: Glimmora|Power Gem|p1a: Dragonite
|-supereffective|p1a: Dragonite
|-damage|p1a: Dragonite|80/100
|move|p1a: Dragonite|Earthquake|p2a: Glimmora
|-supereffective|p2a: Glimmora
|-enditem|p2a: Glimmora|Focus Sash
|-damage|p2a: Glimmora|1/100
|-activate|p2a: Glimmora|ability: Toxic Debris
|-sidestart|p1: DDNPoke|move: Toxic Spikes
|
|upkeep
|turn|8
|
|t:|1758372922
|move|p1a: Dragonite|Extreme Speed|p2a: Glimmora
|-resisted|p2a: Glimmora
|-crit|p2a: Glimmora
|-damage|p2a: Glimmora|0 fnt
|-activate|p2a: Glimmora|ability: Toxic Debris
|-sidestart|p1: DDNPoke|move: Toxic Spikes
|faint|p2a: Glimmora
|
|-sideend|p1: DDNPoke|Reflect
|upkeep
|
|t:|1758372929
|switch|p2a: Greninja|Greninja, F|100/100
|turn|9
|
|t:|1758372936
|-terastallize|p1a: Dragonite|Normal
|move|p2a: Greninja|Ice Beam|p1a: Dragonite
|-start|p2a: Greninja|typechange|Ice|[from] ability: Protean
|-damage|p1a: Dragonite|52/100
|move|p1a: Dragonite|Dragon Dance|p1a: Dragonite
|-boost|p1a: Dragonite|atk|1
|-boost|p1a: Dragonite|spe|1
|
|-sideend|p1: DDNPoke|move: Light Screen
|upkeep
|turn|10
|
|t:|1758372948
|switch|p2a: Corviknight|Corviknight, M|100/100
|-ability|p2a: Corviknight|Pressure
|move|p1a: Dragonite|Extreme Speed|p2a: Corviknight
|-resisted|p2a: Corviknight
|-damage|p2a: Corviknight|81/100
|-damage|p1a: Dragonite|35/100|[from] item: Rocky Helmet|[of] p2a: Corviknight
|
|upkeep
|turn|11
|
|t:|1758372956
|move|p1a: Dragonite|Dragon Claw|p2a: Corviknight
|-resisted|p2a: Corviknight
|-damage|p2a: Corviknight|59/100
|-damage|p1a: Dragonite|19/100|[from] item: Rocky Helmet|[of] p2a: Corviknight
|move|p2a: Corviknight|Roost|p2a: Corviknight
|-heal|p2a: Corviknight|100/100
|-singleturn|p2a: Corviknight|move: Roost
|
|upkeep
|turn|12
|
|t:|1758372966
|move|p1a: Dragonite|Dragon Claw|p2a: Corviknight
|-resisted|p2a: Corviknight
|-damage|p2a: Corviknight|80/100
|-damage|p1a: Dragonite|2/100|[from] item: Rocky Helmet|[of] p2a: Corviknight
|move|p2a: Corviknight|U-turn|p1a: Dragonite
|-damage|p1a: Dragonite|0 fnt
|-damage|p2a: Corviknight|63/100|[from] item: Rocky Helmet|[of] p1a: Dragonite
|faint|p1a: Dragonite
|
|t:|1758372977
|switch|p2a: Greninja|Greninja, F|100/100|[from] U-turn
|
|upkeep
|
|t:|1758372983
|switch|p1a: Blastoise|Blastoise, M|100/100
|-status|p1a: Blastoise|tox
|turn|13
|
|t:|1758372990
|move|p2a: Greninja|Dark Pulse|p1a: Blastoise
|-start|p2a: Greninja|typechange|Dark|[from] ability: Protean
|-damage|p1a: Blastoise|43/100 tox
|move|p1a: Blastoise|Focus Blast|p2a: Greninja
|-supereffective|p2a: Greninja
|-damage|p2a: Greninja|0 fnt
|faint|p2a: Greninja
|
|-damage|p1a: Blastoise|37/100 tox|[from] psn
|upkeep
|
|t:|1758372999
|switch|p2a: Gholdengo|Gholdengo|100/100
|-item|p2a: Gholdengo|Air Balloon
|turn|14
|
|t:|1758373005
|move|p1a: Blastoise|Surf|p2a: Gholdengo
|-damage|p2a: Gholdengo|61/100
|-enditem|p2a: Gholdengo|Air Balloon
|move|p2a: Gholdengo|Nasty Plot|p2a: Gholdengo
|-boost|p2a: Gholdengo|spa|2
|
|-damage|p1a: Blastoise|25/100 tox|[from] psn
|upkeep
|turn|15
|
|t:|1758373015
|move|p1a: Blastoise|Surf|p2a: Gholdengo
|-damage|p2a: Gholdengo|7/100
|move|p2a: Gholdengo|Recover|p2a: Gholdengo
|-heal|p2a: Gholdengo|57/100
|
|-damage|p1a: Blastoise|7/100 tox|[from] psn
|upkeep
|turn|16
|
|t:|1758373022
|move|p1a: Blastoise|Surf|p2a: Gholdengo
|-crit|p2a: Gholdengo
|-damage|p2a: Gholdengo|0 fnt
|faint|p2a: Gholdengo
|
|-damage|p1a: Blastoise|0 fnt|[from] psn
|faint|p1a: Blastoise
|upkeep
|
|t:|1758373038
|switch|p1a: Ursaluna|Ursaluna, M|100/100
|switch|p2a: Corviknight|Corviknight, M|63/100
|-ability|p2a: Corviknight|Pressure
|-status|p1a: Ursaluna|tox
|turn|17
|
|t:|1758373049
|move|p2a: Corviknight|Roost|p2a: Corviknight
|-heal|p2a: Corviknight|100/100
|-singleturn|p2a: Corviknight|move: Roost
|move|p1a: Ursaluna|Bulk Up|p1a: Ursaluna
|-boost|p1a: Ursaluna|atk|1
|-boost|p1a: Ursaluna|def|1
|
|-damage|p1a: Ursaluna|94/100 tox|[from] psn
|upkeep
|turn|18
|
|t:|1758373060
|move|p2a: Corviknight|Brave Bird|p1a: Ursaluna
|-damage|p1a: Ursaluna|77/100 tox
|-damage|p2a: Corviknight|94/100|[from] Recoil
|move|p1a: Ursaluna|Facade|p2a: Corviknight
|-resisted|p2a: Corviknight
|-damage|p2a: Corviknight|38/100
|-damage|p1a: Ursaluna|60/100 tox|[from] item: Rocky Helmet|[of] p2a: Corviknight
|
|-damage|p1a: Ursaluna|48/100 tox|[from] psn
|upkeep
|turn|19
|
|t:|1758373073
|move|p2a: Corviknight|Roost|p2a: Corviknight
|-heal|p2a: Corviknight|88/100
|-singleturn|p2a: Corviknight|move: Roost
|move|p1a: Ursaluna|Facade|p2a: Corviknight
|-resisted|p2a: Corviknight
|-damage|p2a: Corviknight|33/100
|-damage|p1a: Ursaluna|31/100 tox|[from] item: Rocky Helmet|[of] p2a: Corviknight
|
|-damage|p1a: Ursaluna|13/100 tox|[from] psn
|upkeep
|turn|20
|
|t:|1758373080
|move|p2a: Corviknight|Roost|p2a: Corviknight
|-heal|p2a: Corviknight|83/100
|-singleturn|p2a: Corviknight|move: Roost
|move|p1a: Ursaluna|Earthquake|p2a: Corviknight
|-supereffective|p2a: Corviknight
|-damage|p2a: Corviknight|0 fnt
|faint|p2a: Corviknight
|
|-damage|p1a: Ursaluna|0 fnt|[from] psn
|faint|p1a: Ursaluna
|upkeep
|
|t:|1758373087
|switch|p2a: Clodsire|Clodsire, M|100/100
|switch|p1a: Gholdengo|Gholdengo|100/100
|turn|21
|
|t:|1758373094
|move|p1a: Gholdengo|Make It Rain|p2a: Clodsire
|-damage|p2a: Clodsire|49/100
|-unboost|p1a: Gholdengo|spa|1
|move|p2a: Clodsire|Earthquake|p1a: Gholdengo
|-supereffective|p1a: Gholdengo
|-damage|p1a: Gholdengo|43/100
|
|-heal|p2a: Clodsire|55/100|[from] item: Leftovers
|upkeep
|turn|22
|
|t:|1758373104
|move|p1a: Gholdengo|Make It Rain|p2a: Clodsire
|-damage|p2a: Clodsire|22/100
|-unboost|p1a: Gholdengo|spa|1
|move|p2a: Clodsire|Recover|p2a: Clodsire
|-heal|p2a: Clodsire|72/100
|
|-heal|p2a: Clodsire|78/100|[from] item: Leftovers
|upkeep
|turn|23
|
|t:|1758373112
|switch|p1a: Blaziken|Blaziken, M|100/100
|-status|p1a: Blaziken|tox
|move|p2a: Clodsire|Recover|p2a: Clodsire
|-heal|p2a: Clodsire|100/100
|
|-damage|p1a: Blaziken|95/100 tox|[from] psn
|upkeep
|turn|24
|
|t:|1758373123
|move|p1a: Blaziken|Swords Dance|p1a: Blaziken
|-boost|p1a: Blaziken|atk|2
|move|p2a: Clodsire|Earthquake|p1a: Blaziken
|-supereffective|p1a: Blaziken
|-damage|p1a: Blaziken|13/100 tox
|
|-damage|p1a: Blaziken|1/100 tox|[from] psn
|-ability|p1a: Blaziken|Speed Boost|boost
|-boost|p1a: Blaziken|spe|1
|upkeep
|turn|25
|
|t:|1758373130
|move|p1a: Blaziken|Blaze Kick|p2a: Clodsire
|-crit|p2a: Clodsire
|-damage|p2a: Clodsire|0 fnt
|faint|p2a: Clodsire
|
|win|DDNPoke
|raw|DDNPoke's rating: 1446 &rarr; <strong>1469</strong><br />(+23 for winning)
|raw|021324Mcqueen's rating: 1490 &rarr; <strong>1467</strong><br />(-23 for losing)
|c|☆021324Mcqueen|？
|c|☆021324Mcqueen|gg
|l|☆DDNPoke
|player|p1|
|l|☆021324Mcqueen
|player|p2|
