|j|☆deathprofessor21
|j|☆N0art_97
|t:|1758277286
|gametype|singles
|player|p1|deathprofessor21|1|1403
|player|p2|N0art_97|benga|1373
|gen|9
|tier|[Gen 9] OU
|rated|
|rule|HP Percentage Mod: HP is shown in percentages
|rule|Endless Battle Clause: Forcing endless battles is banned
|rule|Species Clause: Limit one of each Pokémon
|rule|OHKO Clause: OHKO moves are banned
|rule|Evasion Items Clause: Evasion items are banned
|rule|Evasion Moves Clause: Evasion moves are banned
|rule|Evasion Abilities Clause: Evasion abilities are banned
|rule|Sleep Moves Clause: Sleep-inducing moves are banned
|clearpoke
|poke|p1|Gholdengo|
|poke|p1|Weezing-Galar, M|
|poke|p1|Garganacl, F|
|poke|p1|Hoopa-Unbound|
|poke|p1|Ogerpon-Wellspring, F|
|poke|p1|Rillaboom, M|
|poke|p2|Pelipper, F|
|poke|p2|Crawdaunt, M|
|poke|p2|Kingdra, M|
|poke|p2|Rillaboom, M|
|poke|p2|Scizor, F|
|poke|p2|Swampert, M|
|teampreview
|inactive|Battle timer is ON: inactive players will automatically lose when time's up. (requested by deathprofessor21)
|
|t:|1758277313
|teamsize|p1|6
|teamsize|p2|6
|start
|switch|p1a: Weezing|Weezing-Galar, M|100/100
|switch|p2a: Swampert|Swampert, M|100/100
|-ability|p1a: Weezing|Neutralizing Gas
|turn|1
|
|t:|1758277318
|move|p2a: Swampert|Stealth Rock|p1a: Weezing
|-sidestart|p1: deathprofessor21|move: Stealth Rock
|move|p1a: Weezing|Toxic Spikes|p2a: Swampert
|-sidestart|p2: N0art_97|move: Toxic Spikes
|
|upkeep
|turn|2
|
|t:|1758277332
|move|p1a: Weezing|Toxic Spikes|p2a: Swampert
|-sidestart|p2: N0art_97|move: Toxic Spikes
|move|p2a: Swampert|Flip Turn|p1a: Weezing
|-damage|p1a: Weezing|84/100
|-damage|p2a: Swampert|84/100|[from] item: Rocky Helmet|[of] p1a: Weezing
|
|t:|1758277338
|switch|p2a: Scizor|Scizor, F|100/100|[from] Flip Turn
|
|upkeep
|turn|3
|
|t:|1758277342
|move|p2a: Scizor|Defog|p1a: Weezing
|-unboost|p1a: Weezing|evasion|1
|-sideend|p1: deathprofessor21|Stealth Rock|[from] move: Defog|[of] p2a: Scizor
|-sideend|p2: N0art_97|Toxic Spikes|[from] move: Defog|[of] p2a: Scizor
|move|p1a: Weezing|Will-O-Wisp|p2a: Scizor
|-status|p2a: Scizor|brn
|
|-damage|p2a: Scizor|94/100 brn|[from] brn
|upkeep
|turn|4
|
|t:|1758277354
|-end|p1a: Weezing|ability: Neutralizing Gas
|switch|p1a: Gholdengo|Gholdengo|100/100
|move|p2a: Scizor|U-turn|p1a: Gholdengo
|-resisted|p1a: Gholdengo
|-damage|p1a: Gholdengo|98/100
|
|t:|1758277370
|switch|p2a: Swampert|Swampert, M|84/100|[from] U-turn
|
|-heal|p1a: Gholdengo|100/100|[from] item: Leftovers
|-heal|p2a: Swampert|90/100|[from] item: Leftovers
|upkeep
|turn|5
|
|t:|1758277377
|switch|p1a: Weezing|Weezing-Galar, M|84/100
|-ability|p1a: Weezing|Neutralizing Gas
|move|p2a: Swampert|Stealth Rock|p1a: Weezing
|-sidestart|p1: deathprofessor21|move: Stealth Rock
|
|-heal|p2a: Swampert|96/100|[from] item: Leftovers
|upkeep
|turn|6
|
|t:|1758277384
|move|p2a: Swampert|Earthquake|p1a: Weezing
|-supereffective|p1a: Weezing
|-damage|p1a: Weezing|24/100
|move|p1a: Weezing|Will-O-Wisp|p2a: Swampert
|-status|p2a: Swampert|brn
|
|-heal|p2a: Swampert|100/100 brn|[from] item: Leftovers
|-damage|p2a: Swampert|94/100 brn|[from] brn
|upkeep
|turn|7
|
|t:|1758277397
|-end|p1a: Weezing|ability: Neutralizing Gas
|switch|p1a: Rillaboom|Rillaboom, M|100/100
|-damage|p1a: Rillaboom|88/100|[from] Stealth Rock
|-fieldstart|move: Grassy Terrain|[from] ability: Grassy Surge|[of] p1a: Rillaboom
|move|p2a: Swampert|Earthquake|p1a: Rillaboom
|-resisted|p1a: Rillaboom
|-damage|p1a: Rillaboom|84/100
|
|-heal|p1a: Rillaboom|90/100|[from] Grassy Terrain
|-heal|p2a: Swampert|100/100 brn|[from] Grassy Terrain
|-damage|p2a: Swampert|94/100 brn|[from] brn
|upkeep
|turn|8
|
|t:|1758277408
|switch|p2a: Scizor|Scizor, F|94/100 brn
|move|p1a: Rillaboom|Swords Dance|p1a: Rillaboom
|-boost|p1a: Rillaboom|atk|2
|
|-heal|p1a: Rillaboom|96/100|[from] Grassy Terrain
|-heal|p2a: Scizor|100/100 brn|[from] Grassy Terrain
|-damage|p2a: Scizor|94/100 brn|[from] brn
|upkeep
|turn|9
|
|t:|1758277423
|move|p1a: Rillaboom|Swords Dance|p1a: Rillaboom
|-boost|p1a: Rillaboom|atk|2
|move|p2a: Scizor|U-turn|p1a: Rillaboom
|-supereffective|p1a: Rillaboom
|-damage|p1a: Rillaboom|66/100
|
|t:|1758277432
|switch|p2a: Rillaboom|Rillaboom, M|100/100|[from] U-turn
|
|-heal|p1a: Rillaboom|72/100|[from] Grassy Terrain
|upkeep
|turn|10
|
|t:|1758277455
|move|p1a: Rillaboom|Grassy Glide|p2a: Rillaboom
|-resisted|p2a: Rillaboom
|-damage|p2a: Rillaboom|9/100
|-damage|p1a: Rillaboom|62/100|[from] item: Life Orb
|move|p2a: Rillaboom|U-turn|p1a: Rillaboom
|-supereffective|p1a: Rillaboom
|-damage|p1a: Rillaboom|0 fnt
|faint|p1a: Rillaboom
|
|t:|1758277471
|switch|p2a: Pelipper|Pelipper, F|100/100|[from] U-turn
|-weather|RainDance|[from] ability: Drizzle|[of] p2a: Pelipper
|
|-weather|RainDance|[upkeep]
|upkeep
|inactive|deathprofessor21 has 120 seconds left.
|
|t:|1758277498
|switch|p1a: Ogerpon|Ogerpon-Wellspring, F|100/100
|-damage|p1a: Ogerpon|88/100|[from] Stealth Rock
|turn|11
|
|t:|1758277503
|move|p1a: Ogerpon|Spikes|p2a: Pelipper
|-sidestart|p2: N0art_97|Spikes
|move|p2a: Pelipper|Hurricane|p1a: Ogerpon
|-supereffective|p1a: Ogerpon
|-damage|p1a: Ogerpon|2/100
|
|-weather|RainDance|[upkeep]
|-heal|p1a: Ogerpon|8/100|[from] Grassy Terrain
|-fieldend|move: Grassy Terrain
|upkeep
|turn|12
|
|t:|1758277517
|switch|p1a: Gholdengo|Gholdengo|100/100
|-damage|p1a: Gholdengo|94/100|[from] Stealth Rock
|move|p2a: Pelipper|U-turn|p1a: Gholdengo
|-resisted|p1a: Gholdengo
|-damage|p1a: Gholdengo|93/100
|inactive|N0art_97 has 120 seconds left.
|
|t:|1758277548
|switch|p2a: Crawdaunt|Crawdaunt, M|100/100|[from] U-turn
|-damage|p2a: Crawdaunt|88/100|[from] Spikes
|
|-weather|RainDance|[upkeep]
|-heal|p1a: Gholdengo|99/100|[from] item: Leftovers
|upkeep
|turn|13
|inactive|N0art_97 has 120 seconds left.
|
|t:|1758277560
|switch|p1a: Weezing|Weezing-Galar, M|24/100
|-ability|p1a: Weezing|Neutralizing Gas
|-damage|p1a: Weezing|12/100|[from] Stealth Rock
|move|p2a: Crawdaunt|Knock Off|p1a: Weezing
|-resisted|p1a: Weezing
|-damage|p1a: Weezing|0 fnt
|-damage|p2a: Crawdaunt|72/100|[from] item: Rocky Helmet|[of] p1a: Weezing
|-enditem|p1a: Weezing|Rocky Helmet|[from] move: Knock Off|[of] p2a: Crawdaunt
|faint|p1a: Weezing
|-end|p1a: Weezing|ability: Neutralizing Gas
|
|-weather|RainDance|[upkeep]
|upkeep
|
|t:|1758277566
|switch|p1a: Hoopa|Hoopa-Unbound|100/100
|-damage|p1a: Hoopa|88/100|[from] Stealth Rock
|turn|14
|inactive|N0art_97 has 120 seconds left.
|
|t:|1758277585
|switch|p2a: Swampert|Swampert, M|94/100 brn
|-damage|p2a: Swampert|82/100 brn|[from] Spikes
|move|p1a: Hoopa|Drain Punch|p2a: Swampert
|-damage|p2a: Swampert|52/100 brn
|-heal|p1a: Hoopa|100/100|[from] drain|[of] p2a: Swampert
|
|-weather|RainDance|[upkeep]
|-heal|p2a: Swampert|59/100 brn|[from] item: Leftovers
|-damage|p2a: Swampert|52/100 brn|[from] brn
|upkeep
|turn|15
|inactive|N0art_97 has 120 seconds left.
|
|t:|1758277596
|move|p1a: Hoopa|Psychic|p2a: Swampert
|-crit|p2a: Swampert
|-damage|p2a: Swampert|0 fnt
|faint|p2a: Swampert
|
|-weather|RainDance|[upkeep]
|upkeep
|inactive|N0art_97 has 120 seconds left.
|
|t:|1758277605
|switch|p2a: Kingdra|Kingdra, M|100/100
|-damage|p2a: Kingdra|88/100|[from] Spikes
|turn|16
|
|t:|1758277622
|-terastallize|p1a: Hoopa|Dark
|move|p2a: Kingdra|Draco Meteor|p1a: Hoopa
|-damage|p1a: Hoopa|49/100
|-unboost|p2a: Kingdra|spa|2
|move|p1a: Hoopa|Knock Off|p2a: Kingdra
|-damage|p2a: Kingdra|0 fnt
|-enditem|p2a: Kingdra|Choice Specs|[from] move: Knock Off|[of] p1a: Hoopa
|faint|p2a: Kingdra
|
|-weather|RainDance|[upkeep]
|upkeep
|
|t:|1758277634
|switch|p2a: Scizor|Scizor, F|94/100 brn
|-damage|p2a: Scizor|82/100 brn|[from] Spikes
|turn|17
|
|t:|1758277647
|switch|p1a: Ogerpon|Ogerpon-Wellspring, F|8/100
|-damage|p1a: Ogerpon|0 fnt|[from] Stealth Rock
|faint|p1a: Ogerpon
|move|p2a: Scizor|U-turn|p1: Ogerpon|[notarget]
|-fail|p2a: Scizor
|
|-weather|none
|-heal|p2a: Scizor|88/100 brn|[from] item: Leftovers
|-damage|p2a: Scizor|82/100 brn|[from] brn
|upkeep
|
|t:|1758277650
|switch|p1a: Gholdengo|Gholdengo|99/100
|-damage|p1a: Gholdengo|93/100|[from] Stealth Rock
|turn|18
|
|t:|1758277668
|switch|p2a: Rillaboom|Rillaboom, M|9/100
|-damage|p2a: Rillaboom|0 fnt|[from] Spikes
|faint|p2a: Rillaboom
|move|p1a: Gholdengo|Nasty Plot|p1a: Gholdengo
|-boost|p1a: Gholdengo|spa|2
|
|-heal|p1a: Gholdengo|99/100|[from] item: Leftovers
|upkeep
|inactive|N0art_97 has 120 seconds left.
|
|t:|1758277688
|switch|p2a: Pelipper|Pelipper, F|100/100
|-weather|RainDance|[from] ability: Drizzle|[of] p2a: Pelipper
|turn|19
|
|t:|1758277694
|move|p1a: Gholdengo|Nasty Plot|p1a: Gholdengo
|-boost|p1a: Gholdengo|spa|2
|move|p2a: Pelipper|Weather Ball|p1a: Gholdengo
|-damage|p1a: Gholdengo|51/100
|
|-weather|RainDance|[upkeep]
|-heal|p1a: Gholdengo|57/100|[from] item: Leftovers
|upkeep
|turn|20
|
|t:|1758277703
|move|p1a: Gholdengo|Recover|p1a: Gholdengo
|-heal|p1a: Gholdengo|100/100
|move|p2a: Pelipper|Weather Ball|p1a: Gholdengo
|-damage|p1a: Gholdengo|48/100
|
|-weather|RainDance|[upkeep]
|-heal|p1a: Gholdengo|54/100|[from] item: Leftovers
|upkeep
|turn|21
|
|t:|1758277714
|move|p1a: Gholdengo|Recover|p1a: Gholdengo
|-heal|p1a: Gholdengo|100/100
|move|p2a: Pelipper|U-turn|p1a: Gholdengo
|-resisted|p1a: Gholdengo
|-damage|p1a: Gholdengo|99/100
|
|t:|1758277719
|switch|p2a: Crawdaunt|Crawdaunt, M|72/100|[from] U-turn
|-damage|p2a: Crawdaunt|59/100|[from] Spikes
|
|-weather|RainDance|[upkeep]
|-heal|p1a: Gholdengo|100/100|[from] item: Leftovers
|upkeep
|turn|22
|
|t:|1758277726
|-terastallize|p2a: Crawdaunt|Water
|move|p2a: Crawdaunt|Aqua Jet|p1a: Gholdengo
|-damage|p1a: Gholdengo|44/100
|move|p1a: Gholdengo|Make It Rain|p2a: Crawdaunt
|-resisted|p2a: Crawdaunt
|-damage|p2a: Crawdaunt|0 fnt
|-unboost|p1a: Gholdengo|spa|1
|faint|p2a: Crawdaunt
|
|-weather|RainDance|[upkeep]
|-heal|p1a: Gholdengo|50/100|[from] item: Leftovers
|upkeep
|-message|N0art_97 forfeited.
|
|win|deathprofessor21
|raw|deathprofessor21's rating: 1403 &rarr; <strong>1421</strong><br />(+18 for winning)
|raw|N0art_97's rating: 1373 &rarr; <strong>1355</strong><br />(-18 for losing)
|l|☆N0art_97
|player|p2|
|l|☆deathprofessor21
|player|p1|
