|j|☆will-i-am2
|j|☆Barronmaster
|t:|1758248278
|gametype|singles
|player|p1|will-i-am2|101|1473
|player|p2|Barronmaster|169|1544
|gen|9
|tier|[Gen 9] OU
|rated|
|rule|HP Percentage Mod: HP is shown in percentages
|rule|Endless Battle Clause: Forcing endless battles is banned
|rule|Species Clause: Limit one of each Pokémon
|rule|OHKO Clause: OHKO moves are banned
|rule|Evasion Items Clause: Evasion items are banned
|rule|Evasion Moves Clause: Evasion moves are banned
|rule|Evasion Abilities Clause: Evasion abilities are banned
|rule|Sleep Moves Clause: Sleep-inducing moves are banned
|clearpoke
|poke|p1|Registeel|
|poke|p1|Mamoswine, F|
|poke|p1|Rhyperior, F|
|poke|p1|Hydreigon, M|
|poke|p1|Slowbro, M|
|poke|p1|Mandibuzz, F|
|poke|p2|Hoopa-Unbound|
|poke|p2|Ninetales-Alola, F|
|poke|p2|Slowking-Galar, F|
|poke|p2|Cloyster, F|
|poke|p2|Zoroark, M|
|poke|p2|Indeedee, M|
|teampreview
|
|t:|1758248308
|teamsize|p1|6
|teamsize|p2|6
|start
|switch|p1a: Mamoswine|Mamoswine, F|100/100
|switch|p2a: Ninetales|Ninetales-Alola, F|100/100
|-weather|Snowscape|[from] ability: Snow Warning|[of] p2a: Ninetales
|turn|1
|inactive|Battle timer is ON: inactive players will automatically lose when time's up. (requested by Barronmaster)
|inactive|will-i-am2 has 120 seconds left.
|inactive|will-i-am2 has 90 seconds left.
|
|t:|1758248371
|move|p2a: Ninetales|Aurora Veil|p2a: Ninetales
|-sidestart|p2: Barronmaster|move: Aurora Veil
|move|p1a: Mamoswine|Earthquake|p2a: Ninetales
|-damage|p2a: Ninetales|61/100
|
|-weather|Snowscape|[upkeep]
|upkeep
|turn|2
|
|t:|1758248388
|move|p2a: Ninetales|Nasty Plot|p2a: Ninetales
|-boost|p2a: Ninetales|spa|2
|move|p1a: Mamoswine|Earthquake|p2a: Ninetales
|-damage|p2a: Ninetales|21/100
|
|-weather|Snowscape|[upkeep]
|upkeep
|turn|3
|
|t:|1758248397
|switch|p1a: Registeel|Registeel|100/100
|move|p2a: Ninetales|Moonblast|p1a: Registeel
|-resisted|p1a: Registeel
|-damage|p1a: Registeel|80/100
|
|-weather|Snowscape|[upkeep]
|-heal|p1a: Registeel|86/100|[from] item: Leftovers
|upkeep
|turn|4
|
|t:|1758248406
|switch|p2a: Slowking|Slowking-Galar, F|100/100
|move|p1a: Registeel|Stealth Rock|p2a: Slowking
|-sidestart|p2: Barronmaster|move: Stealth Rock
|
|-weather|Snowscape|[upkeep]
|-heal|p1a: Registeel|92/100|[from] item: Leftovers
|upkeep
|turn|5
|
|t:|1758248413
|move|p1a: Registeel|Thunder Wave|p2a: Slowking
|-status|p2a: Slowking|par
|move|p2a: Slowking|Nasty Plot|p2a: Slowking
|-boost|p2a: Slowking|spa|2
|
|-weather|none
|-heal|p1a: Registeel|98/100|[from] item: Leftovers
|upkeep
|turn|6
|
|t:|1758248432
|switch|p1a: Rhyperior|Rhyperior, F|100/100
|move|p2a: Slowking|Nasty Plot|p2a: Slowking
|-boost|p2a: Slowking|spa|2
|
|upkeep
|turn|7
|
|t:|1758248441
|-terastallize|p2a: Slowking|Flying
|move|p1a: Rhyperior|Earthquake|p2a: Slowking
|-immune|p2a: Slowking
|cant|p2a: Slowking|par
|
|upkeep
|turn|8
|
|t:|1758248448
|move|p1a: Rhyperior|Stone Edge|p2a: Slowking
|-supereffective|p2a: Slowking
|-damage|p2a: Slowking|34/100 par
|move|p2a: Slowking|Trick Room|p2a: Slowking
|-fieldstart|move: Trick Room|[of] p2a: Slowking
|
|-heal|p2a: Slowking|40/100 par|[from] item: Leftovers
|-sideend|p2: Barronmaster|move: Aurora Veil
|upkeep
|turn|9
|
|t:|1758248454
|move|p2a: Slowking|Psychic Noise|p1a: Rhyperior
|-damage|p1a: Rhyperior|0 fnt
|faint|p1a: Rhyperior
|
|-heal|p2a: Slowking|46/100 par|[from] item: Leftovers
|upkeep
|
|t:|1758248463
|switch|p1a: Mamoswine|Mamoswine, F|100/100
|turn|10
|
|t:|1758248471
|move|p1a: Mamoswine|Ice Shard|p2a: Slowking
|-supereffective|p2a: Slowking
|-damage|p2a: Slowking|0 fnt
|faint|p2a: Slowking
|
|upkeep
|
|t:|1758248482
|switch|p2a: Indeedee|Indeedee, M|100/100
|-damage|p2a: Indeedee|88/100|[from] Stealth Rock
|-fieldstart|move: Psychic Terrain|[from] ability: Psychic Surge|[of] p2a: Indeedee
|turn|11
|
|t:|1758248496
|switch|p1a: Registeel|Registeel|98/100
|move|p2a: Indeedee|Expanding Force|p1a: Registeel
|-resisted|p1a: Registeel
|-damage|p1a: Registeel|71/100
|-damage|p2a: Indeedee|78/100|[from] item: Life Orb
|
|-heal|p1a: Registeel|77/100|[from] item: Leftovers
|upkeep
|turn|12
|l|☆Barronmaster
|inactive|Barronmaster disconnected and has a minute to reconnect!
|player|p2|
|inactive|Barronmaster has 30 seconds to reconnect!
|inactive|Barronmaster has 20 seconds to reconnect!
|inactive|Barronmaster has 15 seconds to reconnect!
|inactive|Barronmaster has 10 seconds to reconnect!
|inactive|Barronmaster has 5 seconds to reconnect!
|-message|Barronmaster lost due to inactivity.
|
|win|will-i-am2
|raw|will-i-am2's rating: 1473 &rarr; <strong>1497</strong><br />(+24 for winning)
|raw|Barronmaster's rating: 1544 &rarr; <strong>1520</strong><br />(-24 for losing)
|l|☆will-i-am2
|player|p1|
