|j|☆dpash101
|j|☆Voltage fis
|t:|1758270307
|gametype|singles
|player|p1|dpash101|dawn|1131
|player|p2|Voltage fis|169|1097
|gen|9
|tier|[Gen 9] OU
|rated|
|rule|HP Percentage Mod: HP is shown in percentages
|rule|Endless Battle Clause: Forcing endless battles is banned
|rule|Species Clause: Limit one of each Pokémon
|rule|OHKO Clause: OHKO moves are banned
|rule|Evasion Items Clause: Evasion items are banned
|rule|Evasion Moves Clause: Evasion moves are banned
|rule|Evasion Abilities Clause: Evasion abilities are banned
|rule|Sleep Moves Clause: Sleep-inducing moves are banned
|clearpoke
|poke|p1|Ceruledge, M|
|poke|p1|Gliscor, F|
|poke|p1|Hydrapple, M|
|poke|p1|Iron Valiant|
|poke|p1|Scizor, F|
|poke|p1|Samurott-Hisui, F|
|poke|p2|Sandaconda, M|
|poke|p2|Skarmory, F|
|poke|p2|Espeon, M|
|poke|p2|Galvantula, M|
|poke|p2|Toxapex, F|
|poke|p2|Medicham, M|
|teampreview
|
|t:|1758270321
|teamsize|p1|6
|teamsize|p2|6
|start
|switch|p1a: Samurott|Samurott-Hisui, F|100/100
|switch|p2a: Sandaconda|Sandaconda, M, shiny|100/100
|turn|1
|
|t:|1758270336
|switch|p2a: Galvantula|Galvantula, M, shiny|100/100
|move|p1a: Samurott|Ceaseless Edge|p2a: Galvantula
|-damage|p2a: Galvantula|20/100
|-sidestart|p2: Voltage fis|Spikes
|
|upkeep
|turn|2
|
|t:|1758270343
|move|p2a: Galvantula|Thunder|p1a: Samurott
|-supereffective|p1a: Samurott
|-enditem|p1a: Samurott|Focus Sash
|-damage|p1a: Samurott|1/100
|-status|p1a: Samurott|par
|move|p1a: Samurott|Ceaseless Edge|p2a: Galvantula
|-damage|p2a: Galvantula|0 fnt
|-sidestart|p2: Voltage fis|Spikes
|faint|p2a: Galvantula
|
|upkeep
|
|t:|1758270356
|switch|p2a: Skarmory|Skarmory, F|100/100
|turn|3
|
|t:|1758270366
|move|p2a: Skarmory|Iron Defense|p2a: Skarmory
|-boost|p2a: Skarmory|def|2
|move|p1a: Samurott|Knock Off|p2a: Skarmory
|-damage|p2a: Skarmory|83/100
|-enditem|p2a: Skarmory|Heavy-Duty Boots|[from] move: Knock Off|[of] p1a: Samurott
|
|upkeep
|turn|4
|
|t:|1758270374
|move|p2a: Skarmory|Body Press|p1a: Samurott
|-supereffective|p1a: Samurott
|-crit|p1a: Samurott
|-damage|p1a: Samurott|0 fnt
|faint|p1a: Samurott
|
|upkeep
|
|t:|1758270387
|switch|p1a: Ceruledge|Ceruledge, M, shiny|100/100
|turn|5
|
|t:|1758270397
|move|p1a: Ceruledge|Bulk Up|p1a: Ceruledge
|-boost|p1a: Ceruledge|atk|1
|-boost|p1a: Ceruledge|def|1
|move|p2a: Skarmory|Spikes|p1a: Ceruledge
|-sidestart|p1: dpash101|Spikes
|
|upkeep
|turn|6
|
|t:|1758270406
|move|p1a: Ceruledge|Bitter Blade|p2a: Skarmory
|-supereffective|p2a: Skarmory
|-damage|p2a: Skarmory|34/100
|move|p2a: Skarmory|Spikes|p1a: Ceruledge
|-sidestart|p1: dpash101|Spikes
|
|upkeep
|turn|7
|
|t:|1758270418
|switch|p2a: Toxapex|Toxapex, F, shiny|100/100
|-damage|p2a: Toxapex|84/100|[from] Spikes
|move|p1a: Ceruledge|Bulk Up|p1a: Ceruledge
|-boost|p1a: Ceruledge|atk|1
|-boost|p1a: Ceruledge|def|1
|
|-heal|p2a: Toxapex|90/100|[from] item: Leftovers
|upkeep
|turn|8
|
|t:|1758270448
|switch|p1a: Scizor|Scizor, F|100/100
|-damage|p1a: Scizor|84/100|[from] Spikes
|move|p2a: Toxapex|Chilling Water|p1a: Scizor
|-damage|p1a: Scizor|71/100
|-unboost|p1a: Scizor|atk|1
|
|-heal|p2a: Toxapex|96/100|[from] item: Leftovers
|upkeep
|turn|9
|
|t:|1758270460
|move|p1a: Scizor|Defog|p2a: Toxapex
|-unboost|p2a: Toxapex|evasion|1
|-sideend|p2: Voltage fis|Spikes|[from] move: Defog|[of] p1a: Scizor
|-sideend|p1: dpash101|Spikes|[from] move: Defog|[of] p1a: Scizor
|move|p2a: Toxapex|Chilling Water|p1a: Scizor
|-damage|p1a: Scizor|58/100
|-unboost|p1a: Scizor|atk|1
|
|-heal|p2a: Toxapex|100/100|[from] item: Leftovers
|upkeep
|turn|10
|
|t:|1758270471
|switch|p2a: Sandaconda|Sandaconda, M, shiny|100/100
|move|p1a: Scizor|U-turn|p2a: Sandaconda
|-damage|p2a: Sandaconda|83/100
|-damage|p1a: Scizor|48/100|[from] item: Life Orb
|
|t:|1758270482
|switch|p1a: Hydrapple|Hydrapple, M|100/100|[from] U-turn
|
|upkeep
|turn|11
|
|t:|1758270491
|move|p2a: Sandaconda|Coil|p2a: Sandaconda
|-boost|p2a: Sandaconda|atk|1
|-boost|p2a: Sandaconda|def|1
|-boost|p2a: Sandaconda|accuracy|1
|move|p1a: Hydrapple|Nasty Plot|p1a: Hydrapple
|-boost|p1a: Hydrapple|spa|2
|
|upkeep
|turn|12
|
|t:|1758270501
|move|p2a: Sandaconda|Scale Shot|p1a: Hydrapple
|-supereffective|p1a: Hydrapple
|-damage|p1a: Hydrapple|82/100
|-supereffective|p1a: Hydrapple
|-damage|p1a: Hydrapple|64/100
|-supereffective|p1a: Hydrapple
|-damage|p1a: Hydrapple|47/100
|-supereffective|p1a: Hydrapple
|-damage|p1a: Hydrapple|28/100
|-supereffective|p1a: Hydrapple
|-damage|p1a: Hydrapple|10/100
|-hitcount|p1a: Hydrapple|5
|-unboost|p2a: Sandaconda|def|1
|-boost|p2a: Sandaconda|spe|1
|move|p1a: Hydrapple|Giga Drain|p2a: Sandaconda
|-supereffective|p2a: Sandaconda
|-damage|p2a: Sandaconda|0 fnt
|-heal|p1a: Hydrapple|44/100|[from] drain|[of] p2a: Sandaconda
|faint|p2a: Sandaconda
|
|upkeep
|
|t:|1758270513
|switch|p2a: Toxapex|Toxapex, F, shiny|100/100
|turn|13
|
|t:|1758270531
|move|p1a: Hydrapple|Giga Drain|p2a: Toxapex
|-damage|p2a: Toxapex|40/100
|-heal|p1a: Hydrapple|67/100|[from] drain|[of] p2a: Toxapex
|move|p2a: Toxapex|Sludge Bomb|p1a: Hydrapple
|-supereffective|p1a: Hydrapple
|-damage|p1a: Hydrapple|31/100
|
|-heal|p2a: Toxapex|46/100|[from] item: Leftovers
|upkeep
|turn|14
|
|t:|1758270540
|move|p2a: Toxapex|Baneful Bunker|p2a: Toxapex
|-singleturn|p2a: Toxapex|move: Protect
|move|p1a: Hydrapple|Giga Drain|p2a: Toxapex
|-activate|p2a: Toxapex|move: Protect
|
|-heal|p2a: Toxapex|52/100|[from] item: Leftovers
|upkeep
|turn|15
|
|t:|1758270546
|switch|p2a: Skarmory|Skarmory, F|34/100
|move|p1a: Hydrapple|Giga Drain|p2a: Skarmory
|-resisted|p2a: Skarmory
|-damage|p2a: Skarmory|16/100
|-heal|p1a: Hydrapple|38/100|[from] drain|[of] p2a: Skarmory
|
|upkeep
|turn|16
|
|t:|1758270555
|move|p2a: Skarmory|Brave Bird|p1a: Hydrapple
|-supereffective|p1a: Hydrapple
|-damage|p1a: Hydrapple|0 fnt
|faint|p1a: Hydrapple
|-damage|p2a: Skarmory|0 fnt|[from] Recoil
|faint|p2a: Skarmory
|
|upkeep
|
|t:|1758270571
|switch|p2a: Espeon|Espeon, M|100/100
|switch|p1a: Gliscor|Gliscor, F, shiny|100/100
|turn|17
|
|t:|1758270577
|move|p2a: Espeon|Calm Mind|p2a: Espeon
|-boost|p2a: Espeon|spa|1
|-boost|p2a: Espeon|spd|1
|move|p1a: Gliscor|Toxic|p2a: Espeon
|move|p2a: Espeon|Toxic|p1a: Gliscor|[from] ability: Magic Bounce
|-status|p1a: Gliscor|tox
|
|upkeep
|turn|18
|
|t:|1758270591
|move|p2a: Espeon|Calm Mind|p2a: Espeon
|-boost|p2a: Espeon|spa|1
|-boost|p2a: Espeon|spd|1
|move|p1a: Gliscor|Earthquake|p2a: Espeon
|-damage|p2a: Espeon|34/100
|-enditem|p2a: Espeon|Sitrus Berry|[eat]
|-heal|p2a: Espeon|59/100|[from] item: Sitrus Berry
|
|upkeep
|turn|19
|
|t:|1758270600
|-terastallize|p2a: Espeon|Fairy
|move|p2a: Espeon|Alluring Voice|p1a: Gliscor
|-damage|p1a: Gliscor|5/100 tox
|move|p1a: Gliscor|Earthquake|p2a: Espeon
|-damage|p2a: Espeon|0 fnt
|faint|p2a: Espeon
|
|-heal|p1a: Gliscor|17/100 tox|[from] ability: Poison Heal
|upkeep
|
|t:|1758270605
|switch|p2a: Toxapex|Toxapex, F, shiny|85/100
|turn|20
|
|t:|1758270621
|switch|p1a: Scizor|Scizor, F|48/100
|move|p2a: Toxapex|Chilling Water|p1a: Scizor
|-damage|p1a: Scizor|36/100
|-unboost|p1a: Scizor|atk|1
|
|-heal|p2a: Toxapex|91/100|[from] item: Leftovers
|upkeep
|turn|21
|
|t:|1758270630
|switch|p2a: Medicham|Medicham, M|100/100
|move|p1a: Scizor|U-turn|p2a: Medicham
|-damage|p2a: Medicham|53/100
|-damage|p1a: Scizor|26/100|[from] item: Life Orb
|
|t:|1758270638
|switch|p1a: Ceruledge|Ceruledge, M, shiny|100/100|[from] U-turn
|
|upkeep
|turn|22
|
|t:|1758270645
|move|p1a: Ceruledge|Bulk Up|p1a: Ceruledge
|-boost|p1a: Ceruledge|atk|1
|-boost|p1a: Ceruledge|def|1
|move|p2a: Medicham|Trailblaze|p1a: Ceruledge
|-resisted|p1a: Ceruledge
|-crit|p1a: Ceruledge
|-damage|p1a: Ceruledge|80/100
|-boost|p2a: Medicham|spe|1
|
|upkeep
|turn|23
|
|t:|1758270657
|move|p2a: Medicham|Bullet Punch|p1a: Ceruledge
|-resisted|p1a: Ceruledge
|-damage|p1a: Ceruledge|72/100
|move|p1a: Ceruledge|Bitter Blade|p2a: Medicham
|-crit|p2a: Medicham
|-damage|p2a: Medicham|0 fnt
|-heal|p1a: Ceruledge|95/100|[from] drain|[of] p2a: Medicham
|faint|p2a: Medicham
|
|upkeep
|
|t:|1758270660
|switch|p2a: Toxapex|Toxapex, F, shiny|100/100
|turn|24
|
|t:|1758270673
|move|p2a: Toxapex|Baneful Bunker|p2a: Toxapex
|-singleturn|p2a: Toxapex|move: Protect
|move|p1a: Ceruledge|Shadow Sneak|p2a: Toxapex
|-activate|p2a: Toxapex|move: Protect
|-status|p1a: Ceruledge|psn
|
|-damage|p1a: Ceruledge|83/100 psn|[from] psn
|upkeep
|turn|25
|
|t:|1758270678
|move|p1a: Ceruledge|Shadow Sneak|p2a: Toxapex
|-damage|p2a: Toxapex|81/100
|move|p2a: Toxapex|Chilling Water|p1a: Ceruledge
|-supereffective|p1a: Ceruledge
|-damage|p1a: Ceruledge|57/100 psn
|-unboost|p1a: Ceruledge|atk|1
|
|-heal|p2a: Toxapex|87/100|[from] item: Leftovers
|-damage|p1a: Ceruledge|45/100 psn|[from] psn
|upkeep
|turn|26
|
|t:|1758270691
|move|p1a: Ceruledge|Bitter Blade|p2a: Toxapex
|-resisted|p2a: Toxapex
|-crit|p2a: Toxapex
|-damage|p2a: Toxapex|68/100
|-heal|p1a: Ceruledge|55/100 psn|[from] drain|[of] p2a: Toxapex
|move|p2a: Toxapex|Chilling Water|p1a: Ceruledge
|-supereffective|p1a: Ceruledge
|-damage|p1a: Ceruledge|29/100 psn
|-unboost|p1a: Ceruledge|atk|1
|
|-heal|p2a: Toxapex|74/100|[from] item: Leftovers
|-damage|p1a: Ceruledge|17/100 psn|[from] psn
|upkeep
|turn|27
|
|t:|1758270704
|move|p2a: Toxapex|Baneful Bunker|p2a: Toxapex
|-singleturn|p2a: Toxapex|move: Protect
|move|p1a: Ceruledge|Close Combat|p2a: Toxapex
|-activate|p2a: Toxapex|move: Protect
|
|-heal|p2a: Toxapex|80/100|[from] item: Leftovers
|-damage|p1a: Ceruledge|5/100 psn|[from] psn
|upkeep
|turn|28
|
|t:|1758270712
|move|p1a: Ceruledge|Close Combat|p2a: Toxapex
|-resisted|p2a: Toxapex
|-damage|p2a: Toxapex|72/100
|-unboost|p1a: Ceruledge|def|1
|-unboost|p1a: Ceruledge|spd|1
|move|p2a: Toxapex|Recover|p2a: Toxapex
|-heal|p2a: Toxapex|100/100
|
|-damage|p1a: Ceruledge|0 fnt|[from] psn
|faint|p1a: Ceruledge
|upkeep
|
|t:|1758270727
|switch|p1a: Iron Valiant|Iron Valiant|100/100
|-enditem|p1a: Iron Valiant|Booster Energy
|-activate|p1a: Iron Valiant|ability: Quark Drive|[fromitem]
|-start|p1a: Iron Valiant|quarkdrivespe
|turn|29
|
|t:|1758270736
|-terastallize|p1a: Iron Valiant|Steel
|move|p2a: Toxapex|Baneful Bunker|p2a: Toxapex
|-singleturn|p2a: Toxapex|move: Protect
|move|p1a: Iron Valiant|Thunder Punch|p2a: Toxapex
|-activate|p2a: Toxapex|move: Protect
|
|upkeep
|turn|30
|
|t:|1758270743
|move|p1a: Iron Valiant|Thunder Punch|p2a: Toxapex
|-supereffective|p2a: Toxapex
|-damage|p2a: Toxapex|73/100
|move|p2a: Toxapex|Chilling Water|p1a: Iron Valiant
|-damage|p1a: Iron Valiant|80/100
|-unboost|p1a: Iron Valiant|atk|1
|
|-heal|p2a: Toxapex|79/100|[from] item: Leftovers
|upkeep
|turn|31
|
|t:|1758270756
|move|p1a: Iron Valiant|Moonblast|p2a: Toxapex
|-resisted|p2a: Toxapex
|-damage|p2a: Toxapex|61/100
|move|p2a: Toxapex|Chilling Water|p1a: Iron Valiant
|-damage|p1a: Iron Valiant|57/100
|-unboost|p1a: Iron Valiant|atk|1
|
|-heal|p2a: Toxapex|67/100|[from] item: Leftovers
|upkeep
|turn|32
|
|t:|1758270767
|-end|p1a: Iron Valiant|Quark Drive|[silent]
|switch|p1a: Scizor|Scizor, F|26/100
|move|p2a: Toxapex|Chilling Water|p1a: Scizor
|-damage|p1a: Scizor|14/100
|-unboost|p1a: Scizor|atk|1
|
|-heal|p2a: Toxapex|73/100|[from] item: Leftovers
|upkeep
|turn|33
|
|t:|1758270777
|move|p1a: Scizor|Dual Wingbeat|p2a: Toxapex|[miss]
|-miss|p1a: Scizor|p2a: Toxapex
|move|p2a: Toxapex|Chilling Water|p1a: Scizor
|-damage|p1a: Scizor|0 fnt
|faint|p1a: Scizor
|
|-heal|p2a: Toxapex|79/100|[from] item: Leftovers
|upkeep
|
|t:|1758270789
|switch|p1a: Gliscor|Gliscor, F, shiny|17/100 tox
|turn|34
|
|t:|1758270793
|move|p1a: Gliscor|Earthquake|p2a: Toxapex
|-supereffective|p2a: Toxapex
|-damage|p2a: Toxapex|36/100
|move|p2a: Toxapex|Chilling Water|p1a: Gliscor
|-supereffective|p1a: Gliscor
|-damage|p1a: Gliscor|0 fnt
|faint|p1a: Gliscor
|
|-heal|p2a: Toxapex|42/100|[from] item: Leftovers
|upkeep
|
|t:|1758270804
|switch|p1a: Iron Valiant|Iron Valiant, tera:Steel|57/100
|turn|35
|
|t:|1758270808
|move|p2a: Toxapex|Baneful Bunker|p2a: Toxapex
|-singleturn|p2a: Toxapex|move: Protect
|move|p1a: Iron Valiant|Thunder Punch|p2a: Toxapex
|-activate|p2a: Toxapex|move: Protect
|
|-heal|p2a: Toxapex|48/100|[from] item: Leftovers
|upkeep
|turn|36
|
|t:|1758270814
|move|p1a: Iron Valiant|Thunder Punch|p2a: Toxapex
|-supereffective|p2a: Toxapex
|-damage|p2a: Toxapex|20/100
|-status|p2a: Toxapex|par
|cant|p2a: Toxapex|par
|
|-heal|p2a: Toxapex|26/100 par|[from] item: Leftovers
|upkeep
|turn|37
|
|t:|1758270824
|cant|p2a: Toxapex|par
|move|p1a: Iron Valiant|Thunder Punch|p2a: Toxapex
|-supereffective|p2a: Toxapex
|-damage|p2a: Toxapex|1/100 par
|
|-heal|p2a: Toxapex|7/100 par|[from] item: Leftovers
|upkeep
|turn|38
|
|t:|1758270832
|move|p2a: Toxapex|Baneful Bunker|p2a: Toxapex
|-singleturn|p2a: Toxapex|move: Protect
|move|p1a: Iron Valiant|Thunder Punch|p2a: Toxapex
|-activate|p2a: Toxapex|move: Protect
|
|-heal|p2a: Toxapex|13/100 par|[from] item: Leftovers
|upkeep
|turn|39
|
|t:|1758270840
|move|p1a: Iron Valiant|Thunder Punch|p2a: Toxapex
|-supereffective|p2a: Toxapex
|-damage|p2a: Toxapex|0 fnt
|faint|p2a: Toxapex
|
|win|dpash101
|raw|dpash101's rating: 1131 &rarr; <strong>1154</strong><br />(+23 for winning)
|raw|Voltage fis's rating: 1097 &rarr; <strong>1075</strong><br />(-22 for losing)
|l|☆Voltage fis
|player|p2|
|l|☆dpash101
|player|p1|
