|j|☆Barronmaster
|j|☆3idk
|t:|1758309077
|gametype|singles
|player|p1|Barronmaster|101|1538
|player|p2|3idk|cynthia-masters|1542
|gen|9
|tier|[Gen 9] OU
|rated|
|rule|HP Percentage Mod: HP is shown in percentages
|rule|Endless Battle Clause: Forcing endless battles is banned
|rule|Species Clause: Limit one of each Pokémon
|rule|OHKO Clause: OHKO moves are banned
|rule|Evasion Items Clause: Evasion items are banned
|rule|Evasion Moves Clause: Evasion moves are banned
|rule|Evasion Abilities Clause: Evasion abilities are banned
|rule|Sleep Moves Clause: Sleep-inducing moves are banned
|clearpoke
|poke|p1|Hoopa-Unbound|
|poke|p1|Ninetales-Alola, M|
|poke|p1|Slowking-Galar, F|
|poke|p1|Cloyster, F|
|poke|p1|Zoroark, F|
|poke|p1|Indeedee, M|
|poke|p2|Pelipper, F|
|poke|p2|Hatterene, F|
|poke|p2|Iron Treads|
|poke|p2|Toxicroak, F|
|poke|p2|Barraskewda, F|
|poke|p2|Zapdos|
|teampreview
|
|t:|1758309096
|teamsize|p1|6
|teamsize|p2|6
|start
|switch|p1a: Hoopa|Hoopa-Unbound|100/100
|switch|p2a: Barraskewda|Barraskewda, F|100/100
|turn|1
|
|t:|1758309109
|move|p1a: Hoopa|Sucker Punch|p2a: Barraskewda
|-damage|p2a: Barraskewda|10/100
|-damage|p1a: Hoopa|91/100|[from] item: Life Orb
|move|p2a: Barraskewda|Flip Turn|p1a: Hoopa
|-damage|p1a: Hoopa|0 fnt
|replace|p1a: Zoroark|Zoroark, F
|-end|p1a: Zoroark|Illusion
|faint|p1a: Zoroark
|
|t:|1758309122
|switch|p2a: Zapdos|Zapdos|100/100|[from] Flip Turn
|
|upkeep
|
|t:|1758309130
|switch|p1a: Slowking|Slowking-Galar, F|100/100
|turn|2
|
|t:|1758309134
|move|p2a: Zapdos|Volt Switch|p1a: Slowking
|-damage|p1a: Slowking|59/100
|
|t:|1758309139
|switch|p2a: Iron Treads|Iron Treads|100/100|[from] Volt Switch
|move|p1a: Slowking|Nasty Plot|p1a: Slowking
|-boost|p1a: Slowking|spa|2
|
|-heal|p1a: Slowking|65/100|[from] item: Leftovers
|upkeep
|turn|3
|
|t:|1758309156
|-terastallize|p1a: Slowking|Flying
|move|p2a: Iron Treads|Earthquake|p1a: Slowking
|-immune|p1a: Slowking
|move|p1a: Slowking|Nasty Plot|p1a: Slowking
|-boost|p1a: Slowking|spa|2
|
|-heal|p1a: Slowking|71/100|[from] item: Leftovers
|upkeep
|turn|4
|
|t:|1758309174
|move|p2a: Iron Treads|Stealth Rock|p1a: Slowking
|-sidestart|p1: Barronmaster|move: Stealth Rock
|move|p1a: Slowking|Trick Room|p1a: Slowking
|-fieldstart|move: Trick Room|[of] p1a: Slowking
|
|-heal|p1a: Slowking|77/100|[from] item: Leftovers
|upkeep
|turn|5
|
|t:|1758309181
|move|p1a: Slowking|Flamethrower|p2a: Iron Treads
|-supereffective|p2a: Iron Treads
|-damage|p2a: Iron Treads|0 fnt
|faint|p2a: Iron Treads
|-end|p2a: Iron Treads|Quark Drive|[silent]
|
|-heal|p1a: Slowking|83/100|[from] item: Leftovers
|upkeep
|
|t:|1758309185
|switch|p2a: Hatterene|Hatterene, F|100/100
|turn|6
|
|t:|1758309190
|move|p1a: Slowking|Flamethrower|p2a: Hatterene
|-damage|p2a: Hatterene|11/100
|-enditem|p2a: Hatterene|Eject Button
|
|t:|1758309196
|switch|p2a: Pelipper|Pelipper, F|100/100
|-weather|RainDance|[from] ability: Drizzle|[of] p2a: Pelipper
|
|-weather|RainDance|[upkeep]
|-heal|p1a: Slowking|89/100|[from] item: Leftovers
|upkeep
|turn|7
|
|t:|1758309205
|switch|p2a: Hatterene|Hatterene, F|11/100
|move|p1a: Slowking|Psychic Noise|p2a: Hatterene
|-resisted|p2a: Hatterene
|-damage|p2a: Hatterene|0 fnt
|faint|p2a: Hatterene
|
|-weather|RainDance|[upkeep]
|-heal|p1a: Slowking|95/100|[from] item: Leftovers
|upkeep
|
|t:|1758309217
|switch|p2a: Toxicroak|Toxicroak, F|100/100
|turn|8
|
|t:|1758309233
|move|p1a: Slowking|Flamethrower|p2a: Toxicroak
|-damage|p2a: Toxicroak|30/100
|move|p2a: Toxicroak|Knock Off|p1a: Slowking
|-damage|p1a: Slowking|69/100
|-enditem|p1a: Slowking|Leftovers|[from] move: Knock Off|[of] p2a: Toxicroak
|
|-weather|RainDance|[upkeep]
|-heal|p2a: Toxicroak|43/100|[from] ability: Dry Skin
|-fieldend|move: Trick Room
|upkeep
|turn|9
|l|☆3idk
|player|p2|
|inactive|Battle timer is ON: inactive players will automatically lose when time's up. (requested by Barronmaster)
|inactive|3idk has 30 seconds to reconnect!
|inactive|3idk has 20 seconds to reconnect!
|inactive|3idk has 15 seconds to reconnect!
|inactive|3idk has 10 seconds to reconnect!
|inactive|3idk has 5 seconds to reconnect!
|-message|3idk lost due to inactivity.
|
|win|Barronmaster
|raw|Barronmaster's rating: 1538 &rarr; <strong>1558</strong><br />(+20 for winning)
|raw|3idk's rating: 1542 &rarr; <strong>1522</strong><br />(-20 for losing)
|l|☆Barronmaster
|player|p1|
