|j|☆obih
|j|☆Trident-2000
|t:|1758347713
|gametype|singles
|player|p1|obih|102|1093
|player|p2|Trident-2000|265|1102
|gen|9
|tier|[Gen 9] OU
|rated|
|rule|HP Percentage Mod: HP is shown in percentages
|rule|Endless Battle Clause: Forcing endless battles is banned
|rule|Species Clause: Limit one of each Pokémon
|rule|OHKO Clause: OHKO moves are banned
|rule|Evasion Items Clause: Evasion items are banned
|rule|Evasion Moves Clause: Evasion moves are banned
|rule|Evasion Abilities Clause: Evasion abilities are banned
|rule|Sleep Moves Clause: Sleep-inducing moves are banned
|clearpoke
|poke|p1|Toxapex, M|
|poke|p1|Alomomola, M|
|poke|p1|Amoonguss, F|
|poke|p1|Tornadus-Therian, M|
|poke|p1|Mienshao, M|
|poke|p1|Dragonite, M|
|poke|p2|Zangoose, M|
|poke|p2|Slowbro, F|
|poke|p2|Polteageist|
|poke|p2|Iron Valiant|
|poke|p2|Tentacruel, F|
|poke|p2|Krookodile, F|
|teampreview
|inactive|Battle timer is ON: inactive players will automatically lose when time's up. (requested by obih)
|
|t:|1758347731
|teamsize|p1|6
|teamsize|p2|6
|start
|switch|p1a: Tornadus|Tornadus-Therian, M|100/100
|switch|p2a: Polteageist|Polteageist|100/100
|turn|1
|
|t:|1758347740
|move|p1a: Tornadus|Knock Off|p2a: Polteageist
|-supereffective|p2a: Polteageist
|-damage|p2a: Polteageist|19/100
|-ability|p2a: Polteageist|Weak Armor|boost
|-unboost|p2a: Polteageist|def|1
|-boost|p2a: Polteageist|spe|2
|-enditem|p2a: Polteageist|Focus Sash|[from] move: Knock Off|[of] p1a: Tornadus
|move|p2a: Polteageist|Nasty Plot|p2a: Polteageist
|-boost|p2a: Polteageist|spa|2
|
|upkeep
|turn|2
|
|t:|1758347752
|move|p2a: Polteageist|Shadow Ball|p1a: Tornadus
|-damage|p1a: Tornadus|33/100
|move|p1a: Tornadus|U-turn|p2a: Polteageist
|-resisted|p2a: Polteageist
|-damage|p2a: Polteageist|0 fnt
|faint|p2a: Polteageist
|
|t:|1758347765
|switch|p1a: Amoonguss|Amoonguss, F|100/100|[from] U-turn
|
|upkeep
|
|t:|1758347772
|switch|p2a: Zangoose|Zangoose, M|100/100
|turn|3
|
|t:|1758347777
|move|p2a: Zangoose|Agility|p2a: Zangoose
|-boost|p2a: Zangoose|spe|2
|move|p1a: Amoonguss|Toxic|p2a: Zangoose
|-status|p2a: Zangoose|tox
|
|-damage|p2a: Zangoose|95/100 tox|[from] psn
|upkeep
|turn|4
|
|t:|1758347787
|move|p1a: Amoonguss|Protect|p1a: Amoonguss
|-singleturn|p1a: Amoonguss|Protect
|move|p2a: Zangoose|Facade|p1a: Amoonguss
|-activate|p1a: Amoonguss|move: Protect
|
|-damage|p2a: Zangoose|83/100 tox|[from] psn
|upkeep
|turn|5
|
|t:|1758347799
|move|p2a: Zangoose|Facade|p1a: Amoonguss
|-damage|p1a: Amoonguss|2/100
|move|p1a: Amoonguss|Synthesis|p1a: Amoonguss
|-heal|p1a: Amoonguss|52/100
|
|-heal|p1a: Amoonguss|58/100|[from] item: Leftovers
|-damage|p2a: Zangoose|65/100 tox|[from] psn
|upkeep
|turn|6
|
|t:|1758347810
|move|p1a: Amoonguss|Protect|p1a: Amoonguss
|-singleturn|p1a: Amoonguss|Protect
|move|p2a: Zangoose|Agility|p2a: Zangoose
|-boost|p2a: Zangoose|spe|2
|
|-heal|p1a: Amoonguss|65/100|[from] item: Leftovers
|-damage|p2a: Zangoose|41/100 tox|[from] psn
|upkeep
|turn|7
|
|t:|1758347821
|switch|p1a: Toxapex|Toxapex, M|100/100
|move|p2a: Zangoose|Facade|p1a: Toxapex
|-damage|p1a: Toxapex|34/100
|
|-heal|p1a: Toxapex|41/100|[from] item: Leftovers
|-damage|p2a: Zangoose|12/100 tox|[from] psn
|upkeep
|turn|8
|
|t:|1758347835
|switch|p2a: Iron Valiant|Iron Valiant|100/100
|move|p1a: Toxapex|Baneful Bunker||[still]
|-fail|p1a: Toxapex
|
|-heal|p1a: Toxapex|47/100|[from] item: Leftovers
|upkeep
|turn|9
|
|t:|1758347844
|move|p1a: Toxapex|Baneful Bunker|p1a: Toxapex
|-singleturn|p1a: Toxapex|move: Protect
|move|p2a: Iron Valiant|Thunderbolt|p1a: Toxapex
|-activate|p1a: Toxapex|move: Protect
|
|-heal|p1a: Toxapex|53/100|[from] item: Leftovers
|upkeep
|turn|10
|
|t:|1758347853
|-end|p2a: Iron Valiant|Quark Drive|[silent]
|switch|p2a: Slowbro|Slowbro, F|100/100
|switch|p1a: Amoonguss|Amoonguss, F|98/100
|
|-heal|p1a: Amoonguss|100/100|[from] item: Leftovers
|upkeep
|turn|11
|
|t:|1758347863
|-terastallize|p2a: Slowbro|Fire
|move|p1a: Amoonguss|Toxic|p2a: Slowbro
|-status|p2a: Slowbro|tox
|move|p2a: Slowbro|Flamethrower|p1a: Amoonguss
|-supereffective|p1a: Amoonguss
|-damage|p1a: Amoonguss|34/100
|
|-heal|p1a: Amoonguss|40/100|[from] item: Leftovers
|-damage|p2a: Slowbro|94/100 tox|[from] psn
|upkeep
|turn|12
|
|t:|1758347876
|switch|p2a: Iron Valiant|Iron Valiant|100/100
|move|p1a: Amoonguss|Protect||[still]
|-fail|p1a: Amoonguss
|
|-heal|p1a: Amoonguss|46/100|[from] item: Leftovers
|upkeep
|turn|13
|
|t:|1758347886
|switch|p1a: Tornadus|Tornadus-Therian, M|66/100
|move|p2a: Iron Valiant|Psycho Cut|p1a: Tornadus
|-damage|p1a: Tornadus|44/100
|
|-heal|p1a: Tornadus|50/100|[from] item: Leftovers
|upkeep
|turn|14
|
|t:|1758347895
|-end|p2a: Iron Valiant|Quark Drive|[silent]
|switch|p2a: Tentacruel|Tentacruel, F|100/100
|move|p1a: Tornadus|Protect||[still]
|-fail|p1a: Tornadus
|
|-heal|p1a: Tornadus|56/100|[from] item: Leftovers
|upkeep
|turn|15
|
|t:|1758347905
|move|p1a: Tornadus|Protect|p1a: Tornadus
|-singleturn|p1a: Tornadus|Protect
|move|p2a: Tentacruel|Flip Turn|p1a: Tornadus
|-activate|p1a: Tornadus|move: Protect
|
|-heal|p1a: Tornadus|62/100|[from] item: Leftovers
|upkeep
|turn|16
|
|t:|1758347913
|move|p1a: Tornadus|Knock Off|p2a: Tentacruel
|-damage|p2a: Tentacruel|70/100
|-enditem|p2a: Tentacruel|Leftovers|[from] move: Knock Off|[of] p1a: Tornadus
|move|p2a: Tentacruel|Flip Turn|p1a: Tornadus
|-damage|p1a: Tornadus|46/100
|
|t:|1758347920
|switch|p2a: Zangoose|Zangoose, M|12/100 tox|[from] Flip Turn
|
|-heal|p1a: Tornadus|52/100|[from] item: Leftovers
|-damage|p2a: Zangoose|6/100 tox|[from] psn
|upkeep
|turn|17
|
|t:|1758347928
|move|p1a: Tornadus|Protect|p1a: Tornadus
|-singleturn|p1a: Tornadus|Protect
|move|p2a: Zangoose|Facade|p1a: Tornadus
|-activate|p1a: Tornadus|move: Protect
|
|-heal|p1a: Tornadus|58/100|[from] item: Leftovers
|-damage|p2a: Zangoose|0 fnt|[from] psn
|faint|p2a: Zangoose
|upkeep
|
|t:|1758347932
|switch|p2a: Iron Valiant|Iron Valiant|100/100
|turn|18
|
|t:|1758347948
|move|p2a: Iron Valiant|Psycho Cut|p1a: Tornadus
|-damage|p1a: Tornadus|34/100
|move|p1a: Tornadus|Knock Off|p2a: Iron Valiant
|-resisted|p2a: Iron Valiant
|-damage|p2a: Iron Valiant|93/100
|-enditem|p2a: Iron Valiant|Choice Scarf|[from] move: Knock Off|[of] p1a: Tornadus
|
|-heal|p1a: Tornadus|40/100|[from] item: Leftovers
|upkeep
|turn|19
|
|t:|1758347958
|move|p1a: Tornadus|Protect|p1a: Tornadus
|-singleturn|p1a: Tornadus|Protect
|move|p2a: Iron Valiant|Psycho Cut|p1a: Tornadus
|-activate|p1a: Tornadus|move: Protect
|
|-heal|p1a: Tornadus|46/100|[from] item: Leftovers
|upkeep
|turn|20
|
|t:|1758347969
|move|p2a: Iron Valiant|Thunderbolt|p1a: Tornadus
|-supereffective|p1a: Tornadus
|-damage|p1a: Tornadus|2/100
|move|p1a: Tornadus|U-turn|p2a: Iron Valiant
|-resisted|p2a: Iron Valiant
|-damage|p2a: Iron Valiant|88/100
|
|t:|1758347979
|switch|p1a: Toxapex|Toxapex, M|86/100|[from] U-turn
|
|-heal|p1a: Toxapex|93/100|[from] item: Leftovers
|upkeep
|turn|21
|
|t:|1758347987
|-end|p2a: Iron Valiant|Quark Drive|[silent]
|switch|p2a: Tentacruel|Tentacruel, F|70/100
|move|p1a: Toxapex|Baneful Bunker||[still]
|-fail|p1a: Toxapex
|
|-heal|p1a: Toxapex|99/100|[from] item: Leftovers
|upkeep
|turn|22
|
|t:|1758347997
|move|p2a: Tentacruel|Rapid Spin|p1a: Toxapex
|-damage|p1a: Toxapex|93/100
|-boost|p2a: Tentacruel|spe|1
|move|p1a: Toxapex|Infestation|p2a: Tentacruel
|-resisted|p2a: Tentacruel
|-damage|p2a: Tentacruel|69/100
|-activate|p2a: Tentacruel|move: Infestation|[of] p1a: Toxapex
|
|-heal|p1a: Toxapex|99/100|[from] item: Leftovers
|-damage|p2a: Tentacruel|57/100|[from] move: Infestation|[partiallytrapped]
|upkeep
|turn|23
|
|t:|1758348008
|move|p2a: Tentacruel|Flip Turn|p1a: Toxapex
|-resisted|p1a: Toxapex
|-damage|p1a: Toxapex|93/100
|
|t:|1758348013
|switch|p2a: Iron Valiant|Iron Valiant|88/100|[from] Flip Turn
|move|p1a: Toxapex|Infestation|p2a: Iron Valiant
|-resisted|p2a: Iron Valiant
|-damage|p2a: Iron Valiant|87/100
|-activate|p2a: Iron Valiant|move: Infestation|[of] p1a: Toxapex
|
|-heal|p1a: Toxapex|99/100|[from] item: Leftovers
|-damage|p2a: Iron Valiant|74/100|[from] move: Infestation|[partiallytrapped]
|upkeep
|turn|24
|
|t:|1758348025
|move|p2a: Iron Valiant|Thunderbolt|p1a: Toxapex
|-supereffective|p1a: Toxapex
|-damage|p1a: Toxapex|57/100
|move|p1a: Toxapex|Toxic|p2a: Iron Valiant
|-status|p2a: Iron Valiant|tox
|
|-heal|p1a: Toxapex|64/100|[from] item: Leftovers
|-damage|p2a: Iron Valiant|68/100 tox|[from] psn
|-damage|p2a: Iron Valiant|56/100 tox|[from] move: Infestation|[partiallytrapped]
|upkeep
|turn|25
|
|t:|1758348037
|move|p1a: Toxapex|Baneful Bunker|p1a: Toxapex
|-singleturn|p1a: Toxapex|move: Protect
|move|p2a: Iron Valiant|Thunderbolt|p1a: Toxapex
|-activate|p1a: Toxapex|move: Protect
|
|-heal|p1a: Toxapex|70/100|[from] item: Leftovers
|-damage|p2a: Iron Valiant|43/100 tox|[from] psn
|-damage|p2a: Iron Valiant|31/100 tox|[from] move: Infestation|[partiallytrapped]
|upkeep
|turn|26
|
|t:|1758348048
|move|p2a: Iron Valiant|Psycho Cut|p1a: Toxapex
|-supereffective|p1a: Toxapex
|-damage|p1a: Toxapex|41/100
|move|p1a: Toxapex|Recover|p1a: Toxapex
|-heal|p1a: Toxapex|91/100
|
|-heal|p1a: Toxapex|97/100|[from] item: Leftovers
|-damage|p2a: Iron Valiant|12/100 tox|[from] psn
|-damage|p2a: Iron Valiant|0 fnt|[from] move: Infestation|[partiallytrapped]
|faint|p2a: Iron Valiant
|-end|p2a: Iron Valiant|Quark Drive|[silent]
|upkeep
|-message|Trident-2000 forfeited.
|
|win|obih
|raw|obih's rating: 1093 &rarr; <strong>1120</strong><br />(+27 for winning)
|raw|Trident-2000's rating: 1102 &rarr; <strong>1076</strong><br />(-26 for losing)
|l|☆Trident-2000
|player|p2|
|l|☆obih
|player|p1|
