|j|☆DFPT174
|j|☆tertyrats
|t:|1758238167
|gametype|singles
|player|p1|DFPT174|shadowtriad|1231
|player|p2|tertyrats|1|1260
|gen|9
|tier|[Gen 9] OU
|rated|
|rule|HP Percentage Mod: HP is shown in percentages
|rule|Endless Battle Clause: Forcing endless battles is banned
|rule|Species Clause: Limit one of each Pokémon
|rule|OHKO Clause: OHKO moves are banned
|rule|Evasion Items Clause: Evasion items are banned
|rule|Evasion Moves Clause: Evasion moves are banned
|rule|Evasion Abilities Clause: Evasion abilities are banned
|rule|Sleep Moves Clause: Sleep-inducing moves are banned
|clearpoke
|poke|p1|Heatran, F|
|poke|p1|Serperior, F|
|poke|p1|Gliscor, F|
|poke|p1|Skeledirge, F|
|poke|p1|Garchomp, F|
|poke|p1|Samurott-Hisui, F|
|poke|p2|Grafaiai, F|
|poke|p2|Rillaboom, F|
|poke|p2|Ogerpon-Cornerstone, F|
|poke|p2|Glimmora, F|
|poke|p2|Enamorus, F|
|poke|p2|Kingambit, F|
|teampreview
|inactive|Battle timer is ON: inactive players will automatically lose when time's up. (requested by tertyrats)
|inactive|DFPT174 also wants the timer to be on.
|
|t:|1758238173
|teamsize|p1|6
|teamsize|p2|6
|start
|switch|p1a: Samurott|Samurott-Hisui, F, shiny|100/100
|switch|p2a: Glimmora|Glimmora, F|100/100
|turn|1
|
|t:|1758238180
|move|p2a: Glimmora|Stealth Rock|p1a: Samurott
|-sidestart|p1: DFPT174|move: Stealth Rock
|move|p1a: Samurott|Knock Off|p2a: Glimmora
|-damage|p2a: Glimmora|43/100
|-activate|p2a: Glimmora|ability: Toxic Debris
|-sidestart|p1: DFPT174|move: Toxic Spikes
|-enditem|p2a: Glimmora|Focus Sash|[from] move: Knock Off|[of] p1a: Samurott
|
|upkeep
|turn|2
|
|t:|1758238198
|move|p2a: Glimmora|Power Gem|p1a: Samurott
|-crit|p1a: Samurott
|-damage|p1a: Samurott|14/100
|move|p1a: Samurott|Ceaseless Edge|p2a: Glimmora
|-damage|p2a: Glimmora|0 fnt
|-activate|p2a: Glimmora|ability: Toxic Debris
|-sidestart|p1: DFPT174|move: Toxic Spikes
|-sidestart|p2: tertyrats|Spikes
|faint|p2a: Glimmora
|
|upkeep
|
|t:|1758238205
|switch|p2a: Rillaboom|Rillaboom, F|100/100
|-damage|p2a: Rillaboom|88/100|[from] Spikes
|-fieldstart|move: Grassy Terrain|[from] ability: Grassy Surge|[of] p2a: Rillaboom
|turn|3
|
|t:|1758238215
|move|p1a: Samurott|Ceaseless Edge|p2a: Rillaboom
|-damage|p2a: Rillaboom|42/100
|-sidestart|p2: tertyrats|Spikes
|move|p2a: Rillaboom|U-turn|p1a: Samurott
|-supereffective|p1a: Samurott
|-damage|p1a: Samurott|0 fnt
|faint|p1a: Samurott
|
|t:|1758238221
|switch|p2a: Grafaiai|Grafaiai, F|100/100|[from] U-turn
|-damage|p2a: Grafaiai|84/100|[from] Spikes
|-enditem|p2a: Grafaiai|Grassy Seed
|-boost|p2a: Grafaiai|def|1|[from] item: Grassy Seed
|
|-heal|p2a: Grafaiai|90/100|[from] Grassy Terrain
|upkeep
|
|t:|1758238233
|switch|p1a: Skeledirge|Skeledirge, F, shiny|100/100
|-damage|p1a: Skeledirge|75/100|[from] Stealth Rock
|-status|p1a: Skeledirge|tox
|turn|4
|
|t:|1758238253
|move|p2a: Grafaiai|Swords Dance|p2a: Grafaiai
|-boost|p2a: Grafaiai|atk|2
|move|p1a: Skeledirge|Torch Song|p2a: Grafaiai
|-crit|p2a: Grafaiai
|-damage|p2a: Grafaiai|0 fnt
|-boost|p1a: Skeledirge|spa|1
|faint|p2a: Grafaiai
|
|-heal|p1a: Skeledirge|82/100 tox|[from] Grassy Terrain
|-heal|p1a: Skeledirge|88/100 tox|[from] item: Leftovers
|-damage|p1a: Skeledirge|82/100 tox|[from] psn
|upkeep
|
|t:|1758238260
|switch|p2a: Ogerpon|Ogerpon-Cornerstone, F|100/100
|-damage|p2a: Ogerpon|84/100|[from] Spikes
|turn|5
|
|t:|1758238272
|-terastallize|p2a: Ogerpon|Rock
|detailschange|p2a: Ogerpon|Ogerpon-Cornerstone-Tera, F, tera:Rock
|-ability|p2a: Ogerpon|Embody Aspect (Cornerstone)|boost
|-boost|p2a: Ogerpon|def|1
|move|p2a: Ogerpon|Ivy Cudgel|p1a: Skeledirge|[anim] Ivy Cudgel Rock
|-supereffective|p1a: Skeledirge
|-damage|p1a: Skeledirge|0 fnt
|faint|p1a: Skeledirge
|
|-heal|p2a: Ogerpon|90/100|[from] Grassy Terrain
|upkeep
|
|t:|1758238288
|switch|p1a: Serperior|Serperior, F, shiny|100/100
|-damage|p1a: Serperior|88/100|[from] Stealth Rock
|-status|p1a: Serperior|tox
|turn|6
|
|t:|1758238296
|move|p2a: Ogerpon|Spiky Shield|p2a: Ogerpon
|-singleturn|p2a: Ogerpon|move: Protect
|move|p1a: Serperior|Leech Seed|p2a: Ogerpon
|-activate|p2a: Ogerpon|move: Protect
|
|-heal|p1a: Serperior|94/100 tox|[from] Grassy Terrain
|-heal|p1a: Serperior|100/100 tox|[from] item: Leftovers
|-heal|p2a: Ogerpon|96/100|[from] Grassy Terrain
|-damage|p1a: Serperior|94/100 tox|[from] psn
|upkeep
|turn|7
|
|t:|1758238312
|move|p1a: Serperior|Glare|p2a: Ogerpon
|-status|p2a: Ogerpon|par
|move|p2a: Ogerpon|Ivy Cudgel|p1a: Serperior|[anim] Ivy Cudgel Rock
|-damage|p1a: Serperior|3/100 tox
|
|-heal|p1a: Serperior|9/100 tox|[from] Grassy Terrain
|-heal|p1a: Serperior|16/100 tox|[from] item: Leftovers
|-heal|p2a: Ogerpon|100/100 par|[from] Grassy Terrain
|-damage|p1a: Serperior|3/100 tox|[from] psn
|-fieldend|move: Grassy Terrain
|upkeep
|turn|8
|
|t:|1758238327
|move|p1a: Serperior|Leaf Storm|p2a: Ogerpon
|-supereffective|p2a: Ogerpon
|-damage|p2a: Ogerpon|0 fnt
|-boost|p1a: Serperior|spa|2
|faint|p2a: Ogerpon
|detailschange|p2: Ogerpon|Ogerpon-Cornerstone, F|[silent]
|
|-heal|p1a: Serperior|9/100 tox|[from] item: Leftovers
|-damage|p1a: Serperior|0 fnt|[from] psn
|faint|p1a: Serperior
|upkeep
|
|t:|1758238343
|switch|p1a: Gliscor|Gliscor, F, shiny|100/100
|switch|p2a: Rillaboom|Rillaboom, F|42/100
|-damage|p2a: Rillaboom|26/100|[from] Spikes
|-fieldstart|move: Grassy Terrain|[from] ability: Grassy Surge|[of] p2a: Rillaboom
|-damage|p1a: Gliscor|88/100|[from] Stealth Rock
|turn|9
|
|t:|1758238356
|move|p1a: Gliscor|Protect|p1a: Gliscor
|-singleturn|p1a: Gliscor|Protect
|move|p2a: Rillaboom|Grassy Glide|p1a: Gliscor
|-activate|p1a: Gliscor|move: Protect
|
|-heal|p2a: Rillaboom|32/100|[from] Grassy Terrain
|-status|p1a: Gliscor|tox|[from] item: Toxic Orb
|upkeep
|turn|10
|
|t:|1758238366
|move|p2a: Rillaboom|Grassy Glide|p1a: Gliscor
|-damage|p1a: Gliscor|52/100 tox
|move|p1a: Gliscor|Knock Off|p2a: Rillaboom
|-damage|p2a: Rillaboom|8/100
|-enditem|p2a: Rillaboom|Choice Band|[from] move: Knock Off|[of] p1a: Gliscor
|
|-heal|p2a: Rillaboom|15/100|[from] Grassy Terrain
|-heal|p1a: Gliscor|65/100 tox|[from] ability: Poison Heal
|upkeep
|turn|11
|
|t:|1758238381
|move|p2a: Rillaboom|Wood Hammer|p1a: Gliscor
|-damage|p1a: Gliscor|14/100 tox
|-damage|p2a: Rillaboom|0 fnt|[from] Recoil
|faint|p2a: Rillaboom
|move|p1a: Gliscor|Knock Off|p2: Rillaboom|[notarget]
|-fail|p1a: Gliscor
|
|-heal|p1a: Gliscor|27/100 tox|[from] ability: Poison Heal
|upkeep
|
|t:|1758238402
|switch|p2a: Enamorus|Enamorus, F|100/100
|turn|12
|
|t:|1758238410
|move|p2a: Enamorus|Moonblast|p1a: Gliscor
|-damage|p1a: Gliscor|0 fnt
|faint|p1a: Gliscor
|
|upkeep
|
|t:|1758238424
|switch|p1a: Heatran|Heatran, F, shiny|100/100
|-damage|p1a: Heatran|88/100|[from] Stealth Rock
|-item|p1a: Heatran|Air Balloon
|turn|13
|
|t:|1758238435
|move|p2a: Enamorus|Moonblast|p1a: Heatran
|-resisted|p1a: Heatran
|-damage|p1a: Heatran|80/100
|-enditem|p1a: Heatran|Air Balloon
|move|p1a: Heatran|Magma Storm|p2a: Enamorus
|-damage|p2a: Enamorus|41/100
|-activate|p2a: Enamorus|move: Magma Storm|[of] p1a: Heatran
|
|-heal|p2a: Enamorus|47/100|[from] item: Leftovers
|-heal|p1a: Heatran|87/100|[from] Grassy Terrain
|-damage|p2a: Enamorus|35/100|[from] move: Magma Storm|[partiallytrapped]
|-fieldend|move: Grassy Terrain
|upkeep
|turn|14
|inactive|DFPT174 has 120 seconds left.
|
|t:|1758238465
|move|p1a: Heatran|Protect|p1a: Heatran
|-singleturn|p1a: Heatran|Protect
|move|p2a: Enamorus|Earth Power|p1a: Heatran
|-activate|p1a: Heatran|move: Protect
|
|-heal|p2a: Enamorus|41/100|[from] item: Leftovers
|-damage|p2a: Enamorus|29/100|[from] move: Magma Storm|[partiallytrapped]
|upkeep
|turn|15
|
|t:|1758238479
|switch|p1a: Garchomp|Garchomp, F, shiny|100/100
|-damage|p1a: Garchomp|94/100|[from] Stealth Rock
|-status|p1a: Garchomp|tox
|move|p2a: Enamorus|Earth Power|p1a: Garchomp
|-damage|p1a: Garchomp|57/100 tox
|
|-heal|p2a: Enamorus|35/100|[from] item: Leftovers
|-damage|p1a: Garchomp|51/100 tox|[from] psn
|-end|p2a: Enamorus|Magma Storm|[partiallytrapped]|[silent]
|upkeep
|turn|16
|
|t:|1758238498
|-terastallize|p1a: Garchomp|Steel
|move|p2a: Enamorus|Moonblast|p1a: Garchomp
|-resisted|p1a: Garchomp
|-damage|p1a: Garchomp|24/100 tox
|-unboost|p1a: Garchomp|spa|1
|move|p1a: Garchomp|Scale Shot|p2a: Enamorus
|-immune|p2a: Enamorus
|
|-heal|p2a: Enamorus|41/100|[from] item: Leftovers
|-damage|p1a: Garchomp|12/100 tox|[from] psn
|upkeep
|turn|17
|
|t:|1758238511
|move|p2a: Enamorus|Earth Power|p1a: Garchomp
|-supereffective|p1a: Garchomp
|-damage|p1a: Garchomp|0 fnt
|faint|p1a: Garchomp
|
|-heal|p2a: Enamorus|47/100|[from] item: Leftovers
|upkeep
|
|t:|1758238518
|switch|p1a: Heatran|Heatran, F, shiny|87/100
|-damage|p1a: Heatran|74/100|[from] Stealth Rock
|turn|18
|
|t:|1758238523
|move|p2a: Enamorus|Earth Power|p1a: Heatran
|-supereffective|p1a: Heatran
|-damage|p1a: Heatran|0 fnt
|faint|p1a: Heatran
|
|win|tertyrats
|raw|DFPT174's rating: 1231 &rarr; <strong>1208</strong><br />(-23 for losing)
|raw|tertyrats's rating: 1260 &rarr; <strong>1283</strong><br />(+23 for winning)
|l|☆DFPT174
|player|p1|
|l|☆tertyrats
|player|p2|
