|j|☆roost mia
|j|☆DeCompaniu
|t:|1758337777
|gametype|singles
|player|p1|roost mia|265|1330
|player|p2|DeCompaniu|richboy|1281
|gen|9
|tier|[Gen 9] OU
|rated|
|rule|HP Percentage Mod: HP is shown in percentages
|rule|Endless Battle Clause: Forcing endless battles is banned
|rule|Species Clause: Limit one of each Pokémon
|rule|OHKO Clause: OHKO moves are banned
|rule|Evasion Items Clause: Evasion items are banned
|rule|Evasion Moves Clause: Evasion moves are banned
|rule|Evasion Abilities Clause: Evasion abilities are banned
|rule|Sleep Moves Clause: Sleep-inducing moves are banned
|clearpoke
|poke|p1|Pecharunt|
|poke|p1|Ogerpon-Wellspring, F|
|poke|p1|Iron Boulder|
|poke|p1|Cinderace, M|
|poke|p1|Ditto|
|poke|p1|Iron Crown|
|poke|p2|Greedent, F|
|poke|p2|Hawlucha, F|
|poke|p2|Glimmora, F|
|poke|p2|Indeedee, M|
|poke|p2|Polteageist-Antique|
|poke|p2|Golurk|
|teampreview
|
|t:|1758337788
|teamsize|p1|6
|teamsize|p2|6
|start
|switch|p1a: Iron Crown|Iron Crown|100/100
|switch|p2a: Golurk|Golurk|100/100
|turn|1
|
|t:|1758337804
|move|p1a: Iron Crown|Tachyon Cutter|p2a: Golurk
|-damage|p2a: Golurk|64/100
|-damage|p2a: Golurk|21/100
|-hitcount|p2a: Golurk|2
|move|p2a: Golurk|Poltergeist|p1a: Iron Crown
|-activate|p1a: Iron Crown|move: Poltergeist|Choice Specs
|-supereffective|p1a: Iron Crown
|-damage|p1a: Iron Crown|0 fnt
|faint|p1a: Iron Crown
|-end|p1a: Iron Crown|Quark Drive|[silent]
|
|upkeep
|
|t:|1758337814
|switch|p1a: Cinderace|Cinderace, M|100/100
|turn|2
|
|t:|1758337818
|move|p1a: Cinderace|Pyro Ball|p2a: Golurk
|-damage|p2a: Golurk|0 fnt
|faint|p2a: Golurk
|
|upkeep
|
|t:|1758337843
|switch|p2a: Greedent|Greedent, F|100/100
|turn|3
|
|t:|1758337847
|move|p1a: Cinderace|Pyro Ball|p2a: Greedent|[miss]
|-miss|p1a: Cinderace|p2a: Greedent
|move|p2a: Greedent|Stuff Cheeks|p2a: Greedent
|-boost|p2a: Greedent|def|2
|-enditem|p2a: Greedent|Ganlon Berry|[eat]
|-boost|p2a: Greedent|def|1|[from] item: Ganlon Berry
|
|upkeep
|turn|4
|
|t:|1758337858
|move|p1a: Cinderace|U-turn|p2a: Greedent
|-start|p1a: Cinderace|typechange|Bug|[from] ability: Libero
|-damage|p2a: Greedent|92/100
|
|t:|1758337863
|switch|p1a: Pecharunt|Pecharunt|100/100|[from] U-turn
|move|p2a: Greedent|Body Press|p1a: Pecharunt
|-immune|p1a: Pecharunt
|
|upkeep
|turn|5
|
|t:|1758337871
|move|p1a: Pecharunt|Malignant Chain|p2a: Greedent
|-damage|p2a: Greedent|62/100
|move|p2a: Greedent|Knock Off|p1a: Pecharunt
|-supereffective|p1a: Pecharunt
|-damage|p1a: Pecharunt|76/100
|-enditem|p1a: Pecharunt|Leftovers|[from] move: Knock Off|[of] p2a: Greedent
|
|upkeep
|turn|6
|
|t:|1758337885
|switch|p2a: Glimmora|Glimmora, F|100/100
|move|p1a: Pecharunt|Malignant Chain|p2a: Glimmora
|-resisted|p2a: Glimmora
|-damage|p2a: Glimmora|93/100
|
|upkeep
|turn|7
|
|t:|1758337894
|move|p1a: Pecharunt|Shadow Ball|p2a: Glimmora
|-crit|p2a: Glimmora
|-damage|p2a: Glimmora|57/100
|move|p2a: Glimmora|Stealth Rock|p1a: Pecharunt
|-sidestart|p1: roost mia|move: Stealth Rock
|
|upkeep
|turn|8
|
|t:|1758337904
|switch|p2a: Indeedee|Indeedee, M|100/100
|-fieldstart|move: Psychic Terrain|[from] ability: Psychic Surge|[of] p2a: Indeedee
|move|p1a: Pecharunt|Shadow Ball|p2a: Indeedee
|-immune|p2a: Indeedee
|
|upkeep
|turn|9
|
|t:|1758337915
|-terastallize|p1a: Pecharunt|Dark
|move|p2a: Indeedee|Expanding Force|p1a: Pecharunt
|-immune|p1a: Pecharunt
|move|p1a: Pecharunt|Malignant Chain|p2a: Indeedee
|-damage|p2a: Indeedee|60/100
|
|upkeep
|turn|10
|
|t:|1758337925
|switch|p2a: Glimmora|Glimmora, F|57/100
|move|p1a: Pecharunt|Malignant Chain|p2a: Glimmora
|-resisted|p2a: Glimmora
|-damage|p2a: Glimmora|49/100
|
|upkeep
|turn|11
|
|t:|1758337933
|move|p1a: Pecharunt|Nasty Plot|p1a: Pecharunt
|-boost|p1a: Pecharunt|spa|2
|move|p2a: Glimmora|Sludge Bomb|p1a: Pecharunt
|-damage|p1a: Pecharunt|38/100
|
|upkeep
|turn|12
|
|t:|1758337941
|move|p1a: Pecharunt|Shadow Ball|p2a: Glimmora
|-damage|p2a: Glimmora|0 fnt
|faint|p2a: Glimmora
|
|-fieldend|move: Psychic Terrain
|upkeep
|
|t:|1758337955
|switch|p2a: Indeedee|Indeedee, M|60/100
|-fieldstart|move: Psychic Terrain|[from] ability: Psychic Surge|[of] p2a: Indeedee
|turn|13
|
|t:|1758337960
|-terastallize|p2a: Indeedee|Fighting
|move|p2a: Indeedee|Tera Blast|p1a: Pecharunt|[anim] Tera Blast Fighting
|-supereffective|p1a: Pecharunt
|-damage|p1a: Pecharunt|0 fnt
|faint|p1a: Pecharunt
|
|upkeep
|
|t:|1758337966
|switch|p1a: Cinderace|Cinderace, M|100/100
|turn|14
|
|t:|1758337971
|move|p2a: Indeedee|Tera Blast|p1a: Cinderace|[anim] Tera Blast Fighting
|-damage|p1a: Cinderace|52/100
|move|p1a: Cinderace|Court Change|p1a: Cinderace
|-start|p1a: Cinderace|typechange|Normal|[from] ability: Libero
|-swapsideconditions
|-activate|p1a: Cinderace|move: Court Change
|
|upkeep
|turn|15
|
|t:|1758337987
|move|p1a: Cinderace|Sucker Punch|p2a: Indeedee
|-activate|p2a: Indeedee|move: Psychic Terrain
|move|p2a: Indeedee|Tera Blast|p1a: Cinderace|[anim] Tera Blast Fighting
|-supereffective|p1a: Cinderace
|-damage|p1a: Cinderace|0 fnt
|faint|p1a: Cinderace
|
|upkeep
|
|t:|1758337999
|switch|p1a: Ogerpon|Ogerpon-Wellspring, F|100/100
|turn|16
|
|t:|1758338006
|switch|p2a: Greedent|Greedent, F|62/100
|-damage|p2a: Greedent|50/100|[from] Stealth Rock
|move|p1a: Ogerpon|Ivy Cudgel|p2a: Greedent|[anim] Ivy Cudgel Water
|-damage|p2a: Greedent|13/100
|
|upkeep
|turn|17
|
|t:|1758338017
|move|p1a: Ogerpon|Ivy Cudgel|p2a: Greedent|[anim] Ivy Cudgel Water
|-damage|p2a: Greedent|0 fnt
|faint|p2a: Greedent
|
|-fieldend|move: Psychic Terrain
|upkeep
|
|t:|1758338025
|switch|p2a: Indeedee|Indeedee, M, tera:Fighting|60/100
|-damage|p2a: Indeedee|54/100|[from] Stealth Rock
|-fieldstart|move: Psychic Terrain|[from] ability: Psychic Surge|[of] p2a: Indeedee
|turn|18
|
|t:|1758338031
|move|p2a: Indeedee|Expanding Force|p1a: Ogerpon
|-damage|p1a: Ogerpon|16/100
|move|p1a: Ogerpon|Ivy Cudgel|p2a: Indeedee|[anim] Ivy Cudgel Water
|-damage|p2a: Indeedee|0 fnt
|faint|p2a: Indeedee
|
|upkeep
|
|t:|1758338038
|switch|p2a: Hawlucha|Hawlucha, F|100/100
|-damage|p2a: Hawlucha|88/100|[from] Stealth Rock
|-enditem|p2a: Hawlucha|Psychic Seed
|-boost|p2a: Hawlucha|spd|1|[from] item: Psychic Seed
|turn|19
|
|t:|1758338045
|move|p2a: Hawlucha|Acrobatics|p1a: Ogerpon
|-supereffective|p1a: Ogerpon
|-damage|p1a: Ogerpon|0 fnt
|faint|p1a: Ogerpon
|
|upkeep
|
|t:|1758338056
|switch|p1a: Ditto|Ditto|100/100
|-transform|p1a: Ditto|p2a: Hawlucha|[from] ability: Imposter
|turn|20
|inactive|Battle timer is ON: inactive players will automatically lose when time's up. (requested by DeCompaniu)
|
|t:|1758338067
|move|p2a: Hawlucha|Acrobatics|p1a: Ditto
|-supereffective|p1a: Ditto
|-enditem|p1a: Ditto|Focus Sash
|-damage|p1a: Ditto|1/100
|move|p1a: Ditto|Swords Dance|p1a: Ditto
|-boost|p1a: Ditto|atk|2
|
|upkeep
|turn|21
|
|t:|1758338076
|move|p1a: Ditto|Acrobatics|p2a: Hawlucha
|-supereffective|p2a: Hawlucha
|-damage|p2a: Hawlucha|0 fnt
|faint|p2a: Hawlucha
|
|upkeep
|-message|DeCompaniu forfeited.
|
|win|roost mia
|raw|roost mia's rating: 1330 &rarr; <strong>1347</strong><br />(+17 for winning)
|raw|DeCompaniu's rating: 1281 &rarr; <strong>1260</strong><br />(-21 for losing)
|l|☆DeCompaniu
|player|p2|
|l|☆roost mia
|player|p1|
