|badge|p1|bronze|gen9ou|100-6
|uhtml|medal-msg|<div class="broadcast-blue">Curious what those medals under the avatar are? PS now has Ladder Seasons! For more information, check out the <a href="https://www.smogon.com/forums/threads/3740067/">thread on Smogon.</a></div>
|j|☆sunny dancing
|j|☆luxgia
|t:|1758361446
|gametype|singles
|player|p1|sunny dancing|101|1775
|player|p2|luxgia|byron|1774
|gen|9
|tier|[Gen 9] OU
|rated|
|rule|HP Percentage Mod: HP is shown in percentages
|rule|Endless Battle Clause: Forcing endless battles is banned
|rule|Species Clause: Limit one of each Pokémon
|rule|OHKO Clause: OHKO moves are banned
|rule|Evasion Items Clause: Evasion items are banned
|rule|Evasion Moves Clause: Evasion moves are banned
|rule|Evasion Abilities Clause: Evasion abilities are banned
|rule|Sleep Moves Clause: Sleep-inducing moves are banned
|clearpoke
|poke|p1|Ogerpon-Wellspring, F|
|poke|p1|Slowking-Galar, F|
|poke|p1|Great Tusk|
|poke|p1|Moltres|
|poke|p1|Dragapult, M|
|poke|p1|Kingambit, M|
|poke|p2|Iron Crown|
|poke|p2|Samurott-Hisui, F|
|poke|p2|Zapdos|
|poke|p2|Dragapult, F|
|poke|p2|Great Tusk|
|poke|p2|Iron Boulder|
|teampreview
|j| amimec
|
|t:|1758361455
|teamsize|p1|6
|teamsize|p2|6
|start
|switch|p1a: Slowking|Slowking-Galar, F|100/100
|switch|p2a: Parasite|Dragapult, F|100/100
|turn|1
|inactive|Battle timer is ON: inactive players will automatically lose when time's up. (requested by sunny dancing)
|
|t:|1758361465
|-terastallize|p2a: Parasite|Ghost
|move|p2a: Parasite|Tera Blast|p1a: Slowking|[anim] Tera Blast Ghost
|-supereffective|p1a: Slowking
|-damage|p1a: Slowking|0 fnt
|faint|p1a: Slowking
|
|upkeep
|
|t:|1758361475
|switch|p1a: Kingambit|Kingambit, M|100/100
|-activate|p1a: Kingambit|ability: Supreme Overlord
|-start|p1a: Kingambit|fallen1|[silent]
|turn|2
|
|t:|1758361482
|switch|p2a: Hurikan|Zapdos|100/100
|move|p1a: Kingambit|Swords Dance|p1a: Kingambit
|-boost|p1a: Kingambit|atk|2
|
|upkeep
|turn|3
|
|t:|1758361488
|move|p1a: Kingambit|Sucker Punch|p2a: Hurikan
|-damage|p2a: Hurikan|43/100
|-status|p1a: Kingambit|par|[from] ability: Static|[of] p2a: Hurikan
|move|p2a: Hurikan|Discharge|p1a: Kingambit
|-damage|p1a: Kingambit|64/100 par
|
|-heal|p1a: Kingambit|70/100 par|[from] item: Leftovers
|upkeep
|turn|4
|
|t:|1758361499
|move|p2a: Hurikan|Roost|p2a: Hurikan
|-heal|p2a: Hurikan|93/100
|-singleturn|p2a: Hurikan|move: Roost
|cant|p1a: Kingambit|par
|
|-heal|p1a: Kingambit|76/100 par|[from] item: Leftovers
|upkeep
|turn|5
|
|t:|1758361505
|move|p1a: Kingambit|Sucker Punch|p2a: Hurikan
|-damage|p2a: Hurikan|32/100
|move|p2a: Hurikan|Discharge|p1a: Kingambit
|-damage|p1a: Kingambit|38/100 par
|
|-heal|p1a: Kingambit|44/100 par|[from] item: Leftovers
|upkeep
|turn|6
|
|t:|1758361512
|move|p2a: Hurikan|Discharge|p1a: Kingambit
|-damage|p1a: Kingambit|11/100 par
|move|p1a: Kingambit|Swords Dance|p1a: Kingambit
|-boost|p1a: Kingambit|atk|2
|
|-heal|p1a: Kingambit|17/100 par|[from] item: Leftovers
|upkeep
|turn|7
|
|t:|1758361520
|move|p2a: Hurikan|Roost|p2a: Hurikan
|-heal|p2a: Hurikan|82/100
|-singleturn|p2a: Hurikan|move: Roost
|move|p1a: Kingambit|Low Kick|p2a: Hurikan
|-damage|p2a: Hurikan|16/100
|
|-heal|p1a: Kingambit|23/100 par|[from] item: Leftovers
|upkeep
|turn|8
|
|t:|1758361526
|cant|p1a: Kingambit|par
|move|p2a: Hurikan|Discharge|p1a: Kingambit
|-damage|p1a: Kingambit|0 fnt
|faint|p1a: Kingambit
|-end|p1a: Kingambit|fallen1|[silent]
|
|upkeep
|
|t:|1758361533
|switch|p1a: Great Tusk|Great Tusk|100/100
|turn|9
|
|t:|1758361540
|-terastallize|p1a: Great Tusk|Steel
|move|p1a: Great Tusk|Stealth Rock|p2a: Hurikan
|-sidestart|p2: luxgia|move: Stealth Rock
|move|p2a: Hurikan|Hurricane|p1a: Great Tusk
|-resisted|p1a: Great Tusk
|-damage|p1a: Great Tusk|67/100
|
|upkeep
|turn|10
|
|t:|1758361547
|move|p1a: Great Tusk|Ice Spinner|p2a: Hurikan
|-supereffective|p2a: Hurikan
|-damage|p2a: Hurikan|0 fnt
|faint|p2a: Hurikan
|
|upkeep
|
|t:|1758361552
|switch|p2a: Pump It|Great Tusk|100/100
|turn|11
|
|t:|1758361559
|-end|p1a: Great Tusk|Protosynthesis|[silent]
|switch|p1a: Moltres|Moltres|100/100
|move|p2a: Pump It|Stealth Rock|p1a: Moltres
|-sidestart|p1: sunny dancing|move: Stealth Rock
|
|upkeep
|turn|12
|
|t:|1758361571
|move|p2a: Pump It|Rapid Spin|p1a: Moltres
|-crit|p1a: Moltres
|-damage|p1a: Moltres|82/100
|-boost|p2a: Pump It|spe|1
|-sideend|p2: luxgia|Stealth Rock|[from] move: Rapid Spin|[of] p2a: Pump It
|move|p1a: Moltres|U-turn|p2a: Pump It
|-resisted|p2a: Pump It
|-damage|p2a: Pump It|95/100
|
|t:|1758361579
|switch|p1a: Ogerpon|Ogerpon-Wellspring, F|100/100|[from] U-turn
|-damage|p1a: Ogerpon|88/100|[from] Stealth Rock
|
|upkeep
|turn|13
|
|t:|1758361590
|switch|p1a: Moltres|Moltres|82/100
|move|p2a: Pump It|Headlong Rush|p1a: Moltres
|-immune|p1a: Moltres
|
|upkeep
|turn|14
|
|t:|1758361597
|-end|p2a: Pump It|Protosynthesis|[silent]
|switch|p2a: Everytime We Touch|Samurott-Hisui, F|100/100
|move|p1a: Moltres|U-turn|p2a: Everytime We Touch
|-supereffective|p2a: Everytime We Touch
|-damage|p2a: Everytime We Touch|64/100
|
|t:|1758361605
|switch|p1a: Ogerpon|Ogerpon-Wellspring, F|88/100|[from] U-turn
|-damage|p1a: Ogerpon|76/100|[from] Stealth Rock
|
|upkeep
|turn|15
|j| xmagic_247
|
|t:|1758361612
|move|p2a: Everytime We Touch|Ceaseless Edge|p1a: Ogerpon
|-damage|p1a: Ogerpon|16/100
|-sidestart|p1: sunny dancing|Spikes
|move|p1a: Ogerpon|U-turn|p2a: Everytime We Touch
|-supereffective|p2a: Everytime We Touch
|-damage|p2a: Everytime We Touch|0 fnt
|faint|p2a: Everytime We Touch
|
|t:|1758361622
|switch|p1a: Moltres|Moltres|82/100|[from] U-turn
|
|upkeep
|j| bandedboltbeak
|
|t:|1758361624
|switch|p2a: Revery|Iron Boulder|100/100
|-enditem|p2a: Revery|Booster Energy
|-activate|p2a: Revery|ability: Quark Drive|[fromitem]
|-start|p2a: Revery|quarkdrivespe
|turn|16
|
|t:|1758361631
|switch|p1a: Great Tusk|Great Tusk, tera:Steel|67/100
|-damage|p1a: Great Tusk|61/100|[from] Stealth Rock
|-damage|p1a: Great Tusk|48/100|[from] Spikes
|move|p2a: Revery|Mighty Cleave|p1a: Great Tusk
|-resisted|p1a: Great Tusk
|-damage|p1a: Great Tusk|30/100
|-damage|p2a: Revery|84/100|[from] item: Rocky Helmet|[of] p1a: Great Tusk
|
|upkeep
|turn|17
|
|t:|1758361639
|-end|p1a: Great Tusk|Protosynthesis|[silent]
|switch|p1a: Moltres|Moltres|82/100
|move|p2a: Revery|Close Combat|p1a: Moltres
|-resisted|p1a: Moltres
|-damage|p1a: Moltres|69/100
|-unboost|p2a: Revery|def|1
|-unboost|p2a: Revery|spd|1
|
|upkeep
|turn|18
|
|t:|1758361646
|switch|p1a: Ogerpon|Ogerpon-Wellspring, F|16/100
|-damage|p1a: Ogerpon|4/100|[from] Stealth Rock
|-damage|p1a: Ogerpon|0 fnt|[from] Spikes
|faint|p1a: Ogerpon
|move|p2a: Revery|Mighty Cleave|p1: Ogerpon|[notarget]
|-fail|p2a: Revery
|
|upkeep
|
|t:|1758361653
|switch|p1a: Dragapult|Dragapult, M|100/100
|turn|19
|
|t:|1758361660
|-end|p2a: Revery|Quark Drive|[silent]
|switch|p2a: Pump It|Great Tusk|95/100
|move|p1a: Dragapult|Will-O-Wisp|p2a: Pump It
|-status|p2a: Pump It|brn
|
|-damage|p2a: Pump It|89/100 brn|[from] brn
|upkeep
|turn|20
|j| SPACE✩MACO
|
|t:|1758361667
|move|p1a: Dragapult|U-turn|p2a: Pump It
|-resisted|p2a: Pump It
|-damage|p2a: Pump It|82/100 brn
|
|t:|1758361675
|switch|p1a: Great Tusk|Great Tusk, tera:Steel|30/100|[from] U-turn
|-damage|p1a: Great Tusk|24/100|[from] Stealth Rock
|-damage|p1a: Great Tusk|12/100|[from] Spikes
|move|p2a: Pump It|Headlong Rush|p1a: Great Tusk
|-supereffective|p1a: Great Tusk
|-damage|p1a: Great Tusk|0 fnt
|-unboost|p2a: Pump It|def|1
|-unboost|p2a: Pump It|spd|1
|-damage|p2a: Pump It|65/100 brn|[from] item: Rocky Helmet|[of] p1a: Great Tusk
|faint|p1a: Great Tusk
|-end|p1a: Great Tusk|Protosynthesis|[silent]
|
|-damage|p2a: Pump It|59/100 brn|[from] brn
|upkeep
|
|t:|1758361682
|switch|p1a: Moltres|Moltres|69/100
|turn|21
|
|t:|1758361688
|move|p2a: Pump It|Ice Spinner|p1a: Moltres
|-damage|p1a: Moltres|58/100
|move|p1a: Moltres|Roar|p2a: Pump It
|-end|p2a: Pump It|Protosynthesis|[silent]
|drag|p2a: Parasite|Dragapult, F, tera:Ghost|100/100
|
|upkeep
|turn|22
|
|t:|1758361696
|move|p2a: Parasite|Tera Blast|p1a: Moltres|[anim] Tera Blast Ghost
|-damage|p1a: Moltres|8/100
|move|p1a: Moltres|Roar|p2a: Parasite
|drag|p2a: Revery|Iron Boulder|84/100
|
|upkeep
|turn|23
|
|t:|1758361704
|move|p2a: Revery|Mighty Cleave|p1a: Moltres
|-supereffective|p1a: Moltres
|-damage|p1a: Moltres|0 fnt
|faint|p1a: Moltres
|
|upkeep
|
|t:|1758361711
|switch|p1a: Dragapult|Dragapult, M|100/100
|turn|24
|
|t:|1758361717
|-end|p2a: Revery|Quark Drive|[silent]
|switch|p2a: Pump It|Great Tusk|59/100 brn
|move|p1a: Dragapult|Dragon Darts|p2a: Pump It
|-damage|p2a: Pump It|43/100 brn
|-anim|p1a: Dragapult|Dragon Darts|p2a: Pump It
|-damage|p2a: Pump It|26/100 brn
|
|-damage|p2a: Pump It|19/100 brn|[from] brn
|upkeep
|turn|25
|
|t:|1758361724
|move|p1a: Dragapult|Will-O-Wisp|p2a: Pump It
|-fail|p2a: Pump It|brn
|move|p2a: Pump It|Headlong Rush|p1a: Dragapult
|-damage|p1a: Dragapult|55/100
|-unboost|p2a: Pump It|def|1
|-unboost|p2a: Pump It|spd|1
|
|-damage|p2a: Pump It|13/100 brn|[from] brn
|upkeep
|turn|26
|
|t:|1758361731
|move|p1a: Dragapult|Will-O-Wisp|p2a: Pump It
|-fail|p2a: Pump It|brn
|move|p2a: Pump It|Ice Spinner|p1a: Dragapult
|-supereffective|p1a: Dragapult
|-damage|p1a: Dragapult|17/100
|
|-damage|p2a: Pump It|7/100 brn|[from] brn
|upkeep
|turn|27
|
|t:|1758361738
|move|p1a: Dragapult|Hex|p2a: Pump It
|-damage|p2a: Pump It|0 fnt
|faint|p2a: Pump It
|-end|p2a: Pump It|Protosynthesis|[silent]
|
|upkeep
|
|t:|1758361740
|switch|p2a: Mindreader|Iron Crown|100/100
|turn|28
|
|t:|1758361744
|move|p1a: Dragapult|Hex|p2a: Mindreader
|-supereffective|p2a: Mindreader
|-damage|p2a: Mindreader|44/100
|move|p2a: Mindreader|Tachyon Cutter|p1a: Dragapult
|-damage|p1a: Dragapult|0 fnt
|faint|p1a: Dragapult
|-hitcount|p1: Dragapult|1
|
|win|luxgia
|raw|sunny dancing's rating: 1775 &rarr; <strong>1755</strong><br />(-20 for losing)
|raw|luxgia's rating: 1774 &rarr; <strong>1794</strong><br />(+20 for winning)
|l|☆sunny dancing
|player|p1|
|l| SPACE✩MACO
|l| xmagic_247
