|j|☆rnmmm
|j|☆leezee-yy
|t:|1758263011
|gametype|singles
|player|p1|rnmmm|dawn-gen4pt|1398
|player|p2|leezee-yy|steven|1385
|gen|9
|tier|[Gen 9] OU
|rated|
|rule|HP Percentage Mod: HP is shown in percentages
|rule|Endless Battle Clause: Forcing endless battles is banned
|rule|Species Clause: Limit one of each Pokémon
|rule|OHKO Clause: OHKO moves are banned
|rule|Evasion Items Clause: Evasion items are banned
|rule|Evasion Moves Clause: Evasion moves are banned
|rule|Evasion Abilities Clause: Evasion abilities are banned
|rule|Sleep Moves Clause: Sleep-inducing moves are banned
|clearpoke
|poke|p1|Ting-Lu|
|poke|p1|Alomomola, M|
|poke|p1|Dondozo, M|
|poke|p1|Gliscor, F|
|poke|p1|Blissey, F|
|poke|p1|Weezing-Galar, F|
|poke|p2|Gengar, M|
|poke|p2|Conkeldurr, F|
|poke|p2|Metagross|
|poke|p2|Zapdos|
|poke|p2|Meowscarada, F|
|poke|p2|Zamazenta-*|
|teampreview
|inactive|Battle timer is ON: inactive players will automatically lose when time's up. (requested by rnmmm)
|inactive|leezee-yy also wants the timer to be on.
|
|t:|1758263027
|teamsize|p1|6
|teamsize|p2|6
|start
|switch|p1a: Gliscor|Gliscor, F|100/100
|switch|p2a: Meowscarada|Meowscarada, F|100/100
|turn|1
|
|t:|1758263048
|move|p1a: Gliscor|Protect|p1a: Gliscor
|-singleturn|p1a: Gliscor|Protect
|move|p2a: Meowscarada|Triple Axel|p1a: Gliscor
|-start|p2a: Meowscarada|typechange|Ice|[from] ability: Protean
|-activate|p1a: Gliscor|move: Protect
|
|-status|p1a: Gliscor|tox|[from] item: Toxic Orb
|upkeep
|turn|2
|inactive|leezee-yy has 120 seconds left.
|c|☆leezee-yy|。
|l|☆rnmmm
|inactive|rnmmm disconnected and has a minute to reconnect!
|player|p1|
|l|☆leezee-yy
|inactive|leezee-yy disconnected and has a minute to reconnect!
|player|p2|
|inactive|rnmmm has 30 seconds to reconnect!
|inactive|leezee-yy has 30 seconds to reconnect!
|j|☆leezee-yy
|inactive|leezee-yy reconnected and has 80 seconds left.
|player|p2|leezee-yy|steven|
|inactive|rnmmm has 20 seconds to reconnect!
|j|☆rnmmm
|inactive|rnmmm reconnected and has 85 seconds left.
|player|p1|rnmmm|dawn-gen4pt|
|
|t:|1758263122
|switch|p1a: Weezing|Weezing-Galar, F|100/100
|-ability|p1a: Weezing|Neutralizing Gas
|move|p2a: Meowscarada|Triple Axel|p1a: Weezing
|-damage|p1a: Weezing|90/100
|-damage|p1a: Weezing|70/100
|-damage|p1a: Weezing|42/100
|-hitcount|p1a: Weezing|3
|
|upkeep
|turn|3
|
|t:|1758263135
|move|p2a: Meowscarada|Triple Axel|p1a: Weezing
|-crit|p1a: Weezing
|-damage|p1a: Weezing|27/100
|-damage|p1a: Weezing|8/100
|-damage|p1a: Weezing|0 fnt
|faint|p1a: Weezing
|-end|p1a: Weezing|ability: Neutralizing Gas
|-hitcount|p1: Weezing|3
|
|upkeep
|
|t:|1758263141
|switch|p1a: Dondozo|Dondozo, M|100/100
|turn|4
|
|t:|1758263144
|switch|p2a: Zapdos|Zapdos|100/100
|move|p1a: Dondozo|Body Press|p2a: Zapdos
|-resisted|p2a: Zapdos
|-damage|p2a: Zapdos|91/100
|-damage|p1a: Dondozo|84/100|[from] item: Rocky Helmet|[of] p2a: Zapdos
|
|upkeep
|turn|5
|
|t:|1758263149
|switch|p1a: Gliscor|Gliscor, F|100/100 tox
|move|p2a: Zapdos|U-turn|p1a: Gliscor
|-resisted|p1a: Gliscor
|-damage|p1a: Gliscor|97/100 tox
|
|t:|1758263153
|switch|p2a: Conkeldurr|Conkeldurr, F|100/100|[from] U-turn
|
|-heal|p1a: Gliscor|100/100 tox|[from] ability: Poison Heal
|upkeep
|turn|6
|
|t:|1758263156
|move|p1a: Gliscor|Toxic|p2a: Conkeldurr
|-status|p2a: Conkeldurr|tox
|move|p2a: Conkeldurr|Ice Punch|p1a: Gliscor
|-supereffective|p1a: Gliscor
|-damage|p1a: Gliscor|18/100 tox
|
|-heal|p1a: Gliscor|30/100 tox|[from] ability: Poison Heal
|-damage|p2a: Conkeldurr|94/100 tox|[from] psn
|upkeep
|turn|7
|
|t:|1758263161
|switch|p2a: Meowscarada|Meowscarada, F|100/100
|move|p1a: Gliscor|Protect||[still]
|-fail|p1a: Gliscor
|
|-heal|p1a: Gliscor|43/100 tox|[from] ability: Poison Heal
|upkeep
|turn|8
|
|t:|1758263165
|switch|p1a: Alomomola|Alomomola, M|100/100
|move|p2a: Meowscarada|Flower Trick|p1a: Alomomola
|-start|p2a: Meowscarada|typechange|Grass|[from] ability: Protean
|-supereffective|p1a: Alomomola
|-crit|p1a: Alomomola
|-damage|p1a: Alomomola|2/100
|
|upkeep
|turn|9
|
|t:|1758263168
|move|p1a: Alomomola|Protect|p1a: Alomomola
|-singleturn|p1a: Alomomola|Protect
|move|p2a: Meowscarada|Flower Trick|p1a: Alomomola
|-activate|p1a: Alomomola|move: Protect
|
|upkeep
|turn|10
|-message|rnmmm forfeited.
|
|win|leezee-yy
|raw|rnmmm's rating: 1398 &rarr; <strong>1377</strong><br />(-21 for losing)
|raw|leezee-yy's rating: 1385 &rarr; <strong>1406</strong><br />(+21 for winning)
|l|☆rnmmm
|player|p1|
|l|☆leezee-yy
|player|p2|
