|j|☆Shoods
|j|☆leasainm
|t:|1758348716
|gametype|singles
|player|p1|Shoods|will|1141
|player|p2|leasainm|1|1094
|gen|9
|tier|[Gen 9] OU
|rated|
|rule|HP Percentage Mod: HP is shown in percentages
|rule|Endless Battle Clause: Forcing endless battles is banned
|rule|Species Clause: Limit one of each Pokémon
|rule|OHKO Clause: OHKO moves are banned
|rule|Evasion Items Clause: Evasion items are banned
|rule|Evasion Moves Clause: Evasion moves are banned
|rule|Evasion Abilities Clause: Evasion abilities are banned
|rule|Sleep Moves Clause: Sleep-inducing moves are banned
|clearpoke
|poke|p1|Ambipom, M|
|poke|p1|Flygon, M|
|poke|p1|Gastrodon, M|
|poke|p1|Staraptor, M|
|poke|p1|Slowbro, M|
|poke|p1|Froslass, F|
|poke|p2|Dragapult, M|
|poke|p2|Scizor, M|
|poke|p2|Moltres|
|poke|p2|Shiftry, F|
|poke|p2|Weezing-Galar, F|
|poke|p2|Suicune|
|teampreview
|
|t:|1758348727
|teamsize|p1|6
|teamsize|p2|6
|start
|switch|p1a: Teko|Staraptor, M, shiny|100/100
|switch|p2a: Moltres|Moltres|100/100
|-ability|p1a: Teko|Intimidate|boost
|-unboost|p2a: Moltres|atk|1
|turn|1
|
|t:|1758348735
|move|p1a: Teko|Final Gambit|p2a: Moltres
|-damage|p2a: Moltres|3/100
|faint|p1a: Teko
|move|p2a: Moltres|Tailwind|p2a: Moltres
|-sidestart|p2: leasainm|move: Tailwind
|
|upkeep
|
|t:|1758348741
|switch|p1a: Joel|Gastrodon, M, shiny|100/100
|turn|2
|
|t:|1758348748
|switch|p2a: Shiftry|Shiftry, F|100/100
|-ability|p2a: Shiftry|Wind Rider|boost
|-boost|p2a: Shiftry|atk|1
|move|p1a: Joel|Stealth Rock|p2a: Shiftry
|-sidestart|p2: leasainm|move: Stealth Rock
|
|upkeep
|turn|3
|
|t:|1758348765
|switch|p1a: Anaki|Flygon, M, shiny|100/100
|move|p2a: Shiftry|Nasty Plot|p2a: Shiftry
|-boost|p2a: Shiftry|spa|2
|
|upkeep
|turn|4
|
|t:|1758348779
|move|p2a: Shiftry|Giga Drain|p1a: Anaki
|-damage|p1a: Anaki|22/100
|-damage|p2a: Shiftry|91/100|[from] item: Life Orb
|move|p1a: Anaki|Sand Tomb|p2a: Shiftry|[miss]
|-miss|p1a: Anaki|p2a: Shiftry
|
|-heal|p1a: Anaki|28/100|[from] item: Leftovers
|-sideend|p2: leasainm|move: Tailwind
|upkeep
|turn|5
|
|t:|1758348789
|move|p2a: Shiftry|Tailwind|p2a: Shiftry
|-sidestart|p2: leasainm|move: Tailwind
|-ability|p2a: Shiftry|Wind Rider|boost
|-boost|p2a: Shiftry|atk|1
|move|p1a: Anaki|Sand Tomb|p2a: Shiftry
|-resisted|p2a: Shiftry
|-damage|p2a: Shiftry|81/100
|-activate|p2a: Shiftry|move: Sand Tomb|[of] p1a: Anaki
|
|-heal|p1a: Anaki|34/100|[from] item: Leftovers
|-damage|p2a: Shiftry|69/100|[from] move: Sand Tomb|[partiallytrapped]
|upkeep
|turn|6
|
|t:|1758348800
|move|p1a: Anaki|Protect|p1a: Anaki
|-singleturn|p1a: Anaki|Protect
|move|p2a: Shiftry|Giga Drain|p1a: Anaki
|-activate|p1a: Anaki|move: Protect
|
|-heal|p1a: Anaki|40/100|[from] item: Leftovers
|-damage|p2a: Shiftry|56/100|[from] move: Sand Tomb|[partiallytrapped]
|upkeep
|turn|7
|
|t:|1758348809
|move|p2a: Shiftry|Giga Drain|p1a: Anaki
|-damage|p1a: Anaki|0 fnt
|-heal|p2a: Shiftry|75/100|[from] drain|[of] p1a: Anaki
|faint|p1a: Anaki
|-damage|p2a: Shiftry|65/100|[from] item: Life Orb
|
|-end|p2a: Shiftry|Sand Tomb|[partiallytrapped]|[silent]
|upkeep
|
|t:|1758348812
|switch|p1a: Bakari|Ambipom, M, shiny|100/100
|turn|8
|
|t:|1758348818
|switch|p2a: Weezing|Weezing-Galar, F|100/100
|-ability|p2a: Weezing|Neutralizing Gas
|-damage|p2a: Weezing|88/100|[from] Stealth Rock
|move|p1a: Bakari|Fake Out|p2a: Weezing
|-damage|p2a: Weezing|75/100
|-damage|p1a: Bakari|84/100|[from] item: Rocky Helmet|[of] p2a: Weezing
|
|-sideend|p2: leasainm|move: Tailwind
|upkeep
|turn|9
|
|t:|1758348829
|switch|p1a: Tracy|Slowbro, M, shiny|100/100
|move|p2a: Weezing|Defog|p1a: Tracy
|-unboost|p1a: Tracy|evasion|1
|-sideend|p2: leasainm|Stealth Rock|[from] move: Defog|[of] p2a: Weezing
|
|upkeep
|turn|10
|
|t:|1758348838
|move|p2a: Weezing|Toxic Spikes|p1a: Tracy
|-sidestart|p1: Shoods|move: Toxic Spikes
|move|p1a: Tracy|Scald|p2a: Weezing
|-damage|p2a: Weezing|39/100
|-status|p2a: Weezing|brn
|
|-damage|p2a: Weezing|33/100 brn|[from] brn
|upkeep
|turn|11
|
|t:|1758348847
|move|p2a: Weezing|Toxic Spikes|p1a: Tracy
|-sidestart|p1: Shoods|move: Toxic Spikes
|move|p1a: Tracy|Future Sight|p2a: Weezing
|-start|p1a: Tracy|move: Future Sight
|
|-damage|p2a: Weezing|27/100 brn|[from] brn
|upkeep
|turn|12
|
|t:|1758348854
|-end|p2a: Weezing|ability: Neutralizing Gas
|switch|p2a: Shiftry|Shiftry, F|65/100
|move|p1a: Tracy|Scald|p2a: Shiftry
|-resisted|p2a: Shiftry
|-damage|p2a: Shiftry|43/100
|
|upkeep
|turn|13
|
|t:|1758348867
|switch|p1a: Bakari|Ambipom, M, shiny|84/100
|move|p2a: Shiftry|Giga Drain|p1a: Bakari
|-damage|p1a: Bakari|19/100
|-heal|p2a: Shiftry|73/100|[from] drain|[of] p1a: Bakari
|-damage|p2a: Shiftry|63/100|[from] item: Life Orb
|
|-end|p2a: Shiftry|move: Future Sight
|-immune|p2a: Shiftry
|upkeep
|turn|14
|
|t:|1758348878
|switch|p2a: Weezing|Weezing-Galar, F|27/100 brn
|-ability|p2a: Weezing|Neutralizing Gas
|move|p1a: Bakari|Fake Out|p2a: Weezing
|-damage|p2a: Weezing|15/100 brn
|-damage|p1a: Bakari|2/100|[from] item: Rocky Helmet|[of] p2a: Weezing
|
|-damage|p2a: Weezing|9/100 brn|[from] brn
|upkeep
|turn|15
|
|t:|1758348889
|switch|p1a: Joel|Gastrodon, M, shiny|100/100
|-status|p1a: Joel|tox
|move|p2a: Weezing|Strange Steam|p1a: Joel
|-damage|p1a: Joel|82/100 tox
|
|-heal|p1a: Joel|88/100 tox|[from] item: Leftovers
|-damage|p1a: Joel|82/100 tox|[from] psn
|-damage|p2a: Weezing|3/100 brn|[from] brn
|upkeep
|turn|16
|
|t:|1758348900
|-end|p2a: Weezing|ability: Neutralizing Gas
|switch|p2a: Shiftry|Shiftry, F|63/100
|move|p1a: Joel|Stealth Rock|p2a: Shiftry
|-sidestart|p2: leasainm|move: Stealth Rock
|
|-heal|p1a: Joel|88/100 tox|[from] item: Leftovers
|-damage|p1a: Joel|76/100 tox|[from] psn
|upkeep
|turn|17
|
|t:|1758348911
|switch|p1a: Bakari|Ambipom, M, shiny|2/100
|move|p2a: Shiftry|Tailwind|p2a: Shiftry
|-sidestart|p2: leasainm|move: Tailwind
|-ability|p2a: Shiftry|Wind Rider|boost
|-boost|p2a: Shiftry|atk|1
|
|upkeep
|turn|18
|
|t:|1758348919
|move|p1a: Bakari|Fake Out|p2a: Shiftry
|-damage|p2a: Shiftry|19/100
|cant|p2a: Shiftry|flinch
|
|upkeep
|turn|19
|
|t:|1758348928
|move|p2a: Shiftry|Giga Drain|p1a: Bakari
|-damage|p1a: Bakari|0 fnt
|-heal|p2a: Shiftry|20/100|[from] drain|[of] p1a: Bakari
|faint|p1a: Bakari
|-damage|p2a: Shiftry|10/100|[from] item: Life Orb
|
|upkeep
|
|t:|1758348930
|switch|p1a: Indigo|Froslass, F, shiny|100/100
|-status|p1a: Indigo|tox
|turn|20
|
|t:|1758348938
|move|p1a: Indigo|Ice Shard|p2a: Shiftry
|-supereffective|p2a: Shiftry
|-damage|p2a: Shiftry|0 fnt
|faint|p2a: Shiftry
|
|-damage|p1a: Indigo|94/100 tox|[from] psn
|-sideend|p2: leasainm|move: Tailwind
|upkeep
|
|t:|1758348949
|switch|p2a: Scizor|Scizor, M|100/100
|-damage|p2a: Scizor|88/100|[from] Stealth Rock
|turn|21
|
|t:|1758348953
|switch|p1a: Tracy|Slowbro, M, shiny|100/100
|-status|p1a: Tracy|tox
|move|p2a: Scizor|Knock Off|p1a: Tracy
|-supereffective|p1a: Tracy
|-damage|p1a: Tracy|62/100 tox
|-damage|p2a: Scizor|72/100|[from] item: Rocky Helmet|[of] p1a: Tracy
|-enditem|p1a: Tracy|Rocky Helmet|[from] move: Knock Off|[of] p2a: Scizor
|
|-damage|p1a: Tracy|56/100 tox|[from] psn
|upkeep
|turn|22
|
|t:|1758348965
|switch|p2a: Suicune|Suicune|100/100
|-damage|p2a: Suicune|88/100|[from] Stealth Rock
|-ability|p2a: Suicune|Pressure
|-terastallize|p1a: Tracy|Water
|move|p1a: Tracy|Scald|p2a: Suicune
|-resisted|p2a: Suicune
|-damage|p2a: Suicune|75/100
|
|-heal|p2a: Suicune|82/100|[from] item: Leftovers
|-damage|p1a: Tracy|44/100 tox|[from] psn
|upkeep
|turn|23
|
|t:|1758348979
|move|p2a: Suicune|Calm Mind|p2a: Suicune
|-boost|p2a: Suicune|spa|1
|-boost|p2a: Suicune|spd|1
|move|p1a: Tracy|Scald|p2a: Suicune
|-resisted|p2a: Suicune
|-damage|p2a: Suicune|72/100
|
|-heal|p2a: Suicune|78/100|[from] item: Leftovers
|-damage|p1a: Tracy|26/100 tox|[from] psn
|upkeep
|turn|24
|-message|Shoods forfeited.
|
|win|leasainm
|raw|Shoods's rating: 1141 &rarr; <strong>1113</strong><br />(-28 for losing)
|raw|leasainm's rating: 1094 &rarr; <strong>1123</strong><br />(+29 for winning)
|l|☆Shoods
|player|p1|
|l|☆leasainm
|player|p2|
