|j|☆FriedAstronauts
|j|☆Messibelino
|t:|1758297756
|gametype|singles
|player|p1|FriedAstronauts|marlon|1211
|player|p2|Messibelino|buck|1186
|gen|9
|tier|[Gen 9] OU
|rated|
|rule|HP Percentage Mod: HP is shown in percentages
|rule|Endless Battle Clause: Forcing endless battles is banned
|rule|Species Clause: Limit one of each Pokémon
|rule|OHKO Clause: OHKO moves are banned
|rule|Evasion Items Clause: Evasion items are banned
|rule|Evasion Moves Clause: Evasion moves are banned
|rule|Evasion Abilities Clause: Evasion abilities are banned
|rule|Sleep Moves Clause: Sleep-inducing moves are banned
|clearpoke
|poke|p1|Zoroark-Hisui, M|
|poke|p1|Ursaluna, M|
|poke|p1|Blissey, F|
|poke|p1|Porygon2|
|poke|p1|Slaking, F|
|poke|p1|Staraptor, F|
|poke|p2|Greninja-*, M|
|poke|p2|Ampharos, M|
|poke|p2|Dragonite, M|
|poke|p2|Feraligatr, M|
|poke|p2|Sceptile, M|
|poke|p2|Infernape, M|
|teampreview
|inactive|Battle timer is ON: inactive players will automatically lose when time's up. (requested by Messibelino)
|
|t:|1758297777
|teamsize|p1|6
|teamsize|p2|6
|start
|switch|p1a: Blissey|Blissey, F|100/100
|switch|p2a: Infernape|Infernape, M|100/100
|turn|1
|
|t:|1758297786
|move|p1a: Blissey|Nasty Plot|p1a: Blissey
|-boost|p1a: Blissey|spa|2
|move|p2a: Infernape|Nasty Plot|p2a: Infernape
|-boost|p2a: Infernape|spa|2
|
|upkeep
|turn|2
|
|t:|1758297792
|move|p1a: Blissey|Psychic|p2a: Infernape
|-supereffective|p2a: Infernape
|-damage|p2a: Infernape|0 fnt
|faint|p2a: Infernape
|
|upkeep
|
|t:|1758297801
|switch|p2a: Greninja|Greninja, M|100/100
|turn|3
|
|t:|1758297806
|move|p1a: Blissey|Hyper Voice|p2a: Greninja
|-damage|p2a: Greninja|0 fnt
|faint|p2a: Greninja
|
|upkeep
|
|t:|1758297832
|switch|p2a: Sceptile|Sceptile, M|100/100
|turn|4
|
|t:|1758297842
|move|p2a: Sceptile|Focus Blast|p1a: Blissey
|-immune|p1a: Blissey
|move|p1a: Blissey|Hyper Voice|p2a: Sceptile
|-damage|p2a: Sceptile|0 fnt
|faint|p2a: Sceptile
|
|upkeep
|
|t:|1758297849
|switch|p2a: Dragonite|Dragonite, M|100/100
|turn|5
|
|t:|1758297853
|move|p1a: Blissey|Hyper Voice|p2a: Dragonite
|-damage|p2a: Dragonite|54/100
|move|p2a: Dragonite|Dragon Claw|p1a: Blissey
|-damage|p1a: Blissey|8/100
|replace|p1a: Zoroark|Zoroark-Hisui, M
|-end|p1a: Zoroark|Illusion
|
|upkeep
|turn|6
|
|t:|1758297860
|move|p1a: Zoroark|Hyper Voice|p2a: Dragonite
|-damage|p2a: Dragonite|0 fnt
|faint|p2a: Dragonite
|
|upkeep
|
|t:|1758297863
|switch|p2a: Ampharos|Ampharos, M|100/100
|turn|7
|
|t:|1758297868
|move|p1a: Zoroark|Hyper Voice|p2a: Ampharos
|-damage|p2a: Ampharos|43/100
|move|p2a: Ampharos|Volt Switch|p1a: Zoroark
|-damage|p1a: Zoroark|0 fnt
|faint|p1a: Zoroark
|
|t:|1758297873
|switch|p2a: Feraligatr|Feraligatr, M|100/100|[from] Volt Switch
|
|upkeep
|
|t:|1758297876
|switch|p1a: Porygon2|Porygon2|100/100
|turn|8
|
|t:|1758297879
|move|p2a: Feraligatr|Dragon Dance|p2a: Feraligatr
|-boost|p2a: Feraligatr|atk|1
|-boost|p2a: Feraligatr|spe|1
|move|p1a: Porygon2|Charge Beam|p2a: Feraligatr|[miss]
|-miss|p1a: Porygon2|p2a: Feraligatr
|
|upkeep
|turn|9
|
|t:|1758297885
|-terastallize|p2a: Feraligatr|Dragon
|move|p2a: Feraligatr|Dragon Dance|p2a: Feraligatr
|-boost|p2a: Feraligatr|atk|1
|-boost|p2a: Feraligatr|spe|1
|move|p1a: Porygon2|Charge Beam|p2a: Feraligatr
|-resisted|p2a: Feraligatr
|-damage|p2a: Feraligatr|91/100
|-boost|p1a: Porygon2|spa|1
|
|upkeep
|turn|10
|
|t:|1758297893
|move|p2a: Feraligatr|Liquidation|p1a: Porygon2
|-damage|p1a: Porygon2|36/100
|move|p1a: Porygon2|Ice Beam|p2a: Feraligatr
|-supereffective|p2a: Feraligatr
|-damage|p2a: Feraligatr|0 fnt
|faint|p2a: Feraligatr
|
|upkeep
|
|t:|1758297899
|switch|p2a: Ampharos|Ampharos, M|43/100
|turn|11
|
|t:|1758297904
|move|p1a: Porygon2|Tri Attack|p2a: Ampharos
|-damage|p2a: Ampharos|16/100
|-status|p2a: Ampharos|brn
|move|p2a: Ampharos|Focus Blast|p1a: Porygon2
|-supereffective|p1a: Porygon2
|-crit|p1a: Porygon2
|-damage|p1a: Porygon2|0 fnt
|faint|p1a: Porygon2
|
|-damage|p2a: Ampharos|10/100 brn|[from] brn
|upkeep
|-message|Messibelino forfeited.
|
|win|FriedAstronauts
|raw|FriedAstronauts's rating: 1211 &rarr; <strong>1234</strong><br />(+23 for winning)
|raw|Messibelino's rating: 1186 &rarr; <strong>1163</strong><br />(-23 for losing)
|l|☆Messibelino
|player|p2|
|l|☆FriedAstronauts
|player|p1|
