|j|☆Capidaxter
|j|☆Kyommunism
|t:|1758321882
|gametype|singles
|player|p1|Capidaxter|hilbert-wonderlauncher|1489
|player|p2|Kyommunism|iris-gen5bw2|1560
|gen|9
|tier|[Gen 9] OU
|rated|
|rule|HP Percentage Mod: HP is shown in percentages
|rule|Endless Battle Clause: Forcing endless battles is banned
|rule|Species Clause: Limit one of each Pokémon
|rule|OHKO Clause: OHKO moves are banned
|rule|Evasion Items Clause: Evasion items are banned
|rule|Evasion Moves Clause: Evasion moves are banned
|rule|Evasion Abilities Clause: Evasion abilities are banned
|rule|Sleep Moves Clause: Sleep-inducing moves are banned
|clearpoke
|poke|p1|Darkrai|
|poke|p1|Samurott-Hisui, F|
|poke|p1|Latios, M|
|poke|p1|Pecharunt|
|poke|p1|Zamazenta-*|
|poke|p1|Landorus-Therian, M|
|poke|p2|Skeledirge, M|
|poke|p2|Ribombee, M|
|poke|p2|Goodra-Hisui, M|
|poke|p2|Raging Bolt|
|poke|p2|Trevenant, M|
|poke|p2|Corviknight, M|
|teampreview
|inactive|Battle timer is ON: inactive players will automatically lose when time's up. (requested by Kyommunism)
|
|t:|1758321896
|teamsize|p1|6
|teamsize|p2|6
|start
|switch|p1a: La pluie|Pecharunt|100/100
|switch|p2a: Ribombee|Ribombee, M, shiny|100/100
|turn|1
|
|t:|1758321905
|-terastallize|p2a: Ribombee|Fire
|move|p2a: Ribombee|Quiver Dance|p2a: Ribombee
|-boost|p2a: Ribombee|spa|1
|-boost|p2a: Ribombee|spd|1
|-boost|p2a: Ribombee|spe|1
|move|p1a: La pluie|Malignant Chain|p2a: Ribombee
|-damage|p2a: Ribombee|73/100
|
|upkeep
|turn|2
|
|t:|1758321912
|move|p2a: Ribombee|Quiver Dance|p2a: Ribombee
|-boost|p2a: Ribombee|spa|1
|-boost|p2a: Ribombee|spd|1
|-boost|p2a: Ribombee|spe|1
|move|p1a: La pluie|Parting Shot|p2a: Ribombee
|-unboost|p2a: Ribombee|atk|1
|-unboost|p2a: Ribombee|spa|1
|
|t:|1758321916
|switch|p1a: Miroirs|Landorus-Therian, M|100/100|[from] Parting Shot
|-ability|p1a: Miroirs|Intimidate|boost
|-unboost|p2a: Ribombee|atk|1
|
|upkeep
|turn|3
|
|t:|1758321920
|move|p2a: Ribombee|Draining Kiss|p1a: Miroirs
|-damage|p1a: Miroirs|74/100
|-heal|p2a: Ribombee|96/100|[from] drain|[of] p1a: Miroirs
|-damage|p2a: Ribombee|80/100|[from] item: Rocky Helmet|[of] p1a: Miroirs
|move|p1a: Miroirs|Earthquake|p2a: Ribombee
|-supereffective|p2a: Ribombee
|-damage|p2a: Ribombee|0 fnt
|faint|p2a: Ribombee
|
|upkeep
|
|t:|1758321930
|switch|p2a: Skeledirge|Skeledirge, M, shiny|100/100
|turn|4
|
|t:|1758321938
|switch|p1a: Stigmates|Darkrai|100/100
|move|p2a: Skeledirge|Will-O-Wisp|p1a: Stigmates|[miss]
|-miss|p2a: Skeledirge|p1a: Stigmates
|
|upkeep
|turn|5
|
|t:|1758321942
|switch|p2a: Corviknight|Corviknight, M, shiny|100/100
|-ability|p2a: Corviknight|Pressure
|move|p1a: Stigmates|Dark Pulse|p2a: Corviknight
|-damage|p2a: Corviknight|69/100
|
|-heal|p2a: Corviknight|75/100|[from] item: Leftovers
|upkeep
|turn|6
|
|t:|1758321946
|move|p1a: Stigmates|Will-O-Wisp|p2a: Corviknight|[miss]
|-miss|p1a: Stigmates|p2a: Corviknight
|move|p2a: Corviknight|Iron Defense|p2a: Corviknight
|-boost|p2a: Corviknight|def|2
|
|-heal|p2a: Corviknight|81/100|[from] item: Leftovers
|upkeep
|turn|7
|
|t:|1758321952
|switch|p1a: La pluie|Pecharunt|100/100
|switch|p2a: Goodra|Goodra-Hisui, M, shiny|100/100
|
|upkeep
|turn|8
|
|t:|1758321959
|move|p1a: La pluie|Parting Shot|p2a: Goodra
|-unboost|p2a: Goodra|atk|1
|-unboost|p2a: Goodra|spa|1
|
|t:|1758321964
|switch|p1a: Quartiers Nord|Samurott-Hisui, F|100/100|[from] Parting Shot
|move|p2a: Goodra|Curse|p2a: Goodra
|-unboost|p2a: Goodra|spe|1
|-boost|p2a: Goodra|atk|1
|-boost|p2a: Goodra|def|1
|
|upkeep
|turn|9
|
|t:|1758321974
|switch|p1a: Stigmates|Darkrai|100/100
|move|p2a: Goodra|Curse|p2a: Goodra
|-unboost|p2a: Goodra|spe|1
|-boost|p2a: Goodra|atk|1
|-boost|p2a: Goodra|def|1
|
|upkeep
|turn|10
|
|t:|1758321978
|move|p1a: Stigmates|Will-O-Wisp|p2a: Goodra
|-status|p2a: Goodra|brn
|move|p2a: Goodra|Curse|p2a: Goodra
|-unboost|p2a: Goodra|spe|1
|-boost|p2a: Goodra|atk|1
|-boost|p2a: Goodra|def|1
|
|-damage|p2a: Goodra|94/100 brn|[from] brn
|upkeep
|turn|11
|
|t:|1758321982
|move|p1a: Stigmates|Knock Off|p2a: Goodra
|-damage|p2a: Goodra|84/100 brn
|-enditem|p2a: Goodra|Chesto Berry|[from] move: Knock Off|[of] p1a: Stigmates
|move|p2a: Goodra|Curse|p2a: Goodra
|-unboost|p2a: Goodra|spe|1
|-boost|p2a: Goodra|atk|1
|-boost|p2a: Goodra|def|1
|
|-damage|p2a: Goodra|78/100 brn|[from] brn
|upkeep
|turn|12
|
|t:|1758321988
|move|p1a: Stigmates|Dark Pulse|p2a: Goodra
|-damage|p2a: Goodra|57/100 brn
|move|p2a: Goodra|Curse|p2a: Goodra
|-unboost|p2a: Goodra|spe|1
|-boost|p2a: Goodra|atk|1
|-boost|p2a: Goodra|def|1
|
|-damage|p2a: Goodra|51/100 brn|[from] brn
|upkeep
|turn|13
|
|t:|1758321994
|move|p1a: Stigmates|Dark Pulse|p2a: Goodra
|-damage|p2a: Goodra|30/100 brn
|move|p2a: Goodra|Rest|p2a: Goodra
|-status|p2a: Goodra|slp|[from] move: Rest
|-heal|p2a: Goodra|100/100 slp|[silent]
|
|-damage|p2a: Goodra|88/100 slp|[from] ability: Bad Dreams|[of] p1a: Stigmates
|upkeep
|turn|14
|
|t:|1758322002
|switch|p1a: La pluie|Pecharunt|100/100
|cant|p2a: Goodra|slp
|
|upkeep
|turn|15
|
|t:|1758322005
|move|p1a: La pluie|Parting Shot|p2a: Goodra
|-unboost|p2a: Goodra|atk|1
|-unboost|p2a: Goodra|spa|1
|
|t:|1758322010
|switch|p1a: Miroirs|Landorus-Therian, M|74/100|[from] Parting Shot
|-ability|p1a: Miroirs|Intimidate|boost
|-unboost|p2a: Goodra|atk|1
|cant|p2a: Goodra|slp
|
|upkeep
|turn|16
|
|t:|1758322017
|move|p1a: Miroirs|U-turn|p2a: Goodra
|-resisted|p2a: Goodra
|-damage|p2a: Goodra|85/100 slp
|
|t:|1758322019
|switch|p1a: La pluie|Pecharunt|100/100|[from] U-turn
|-curestatus|p2a: Goodra|slp|[msg]
|move|p2a: Goodra|Curse|p2a: Goodra
|-unboost|p2a: Goodra|spe|1
|-boost|p2a: Goodra|atk|1
|-boost|p2a: Goodra|def|1
|
|upkeep
|turn|17
|
|t:|1758322022
|move|p1a: La pluie|Foul Play|p2a: Goodra
|-damage|p2a: Goodra|72/100
|move|p2a: Goodra|Curse|p2a: Goodra
|-boost|p2a: Goodra|atk|1
|
|upkeep
|turn|18
|
|t:|1758322028
|move|p1a: La pluie|Foul Play|p2a: Goodra
|-damage|p2a: Goodra|56/100
|move|p2a: Goodra|Gyro Ball|p1a: La pluie
|-damage|p1a: La pluie|33/100
|
|upkeep
|turn|19
|
|t:|1758322033
|move|p1a: La pluie|Parting Shot|p2a: Goodra
|-unboost|p2a: Goodra|atk|1
|-unboost|p2a: Goodra|spa|1
|
|t:|1758322036
|switch|p1a: Miroirs|Landorus-Therian, M|74/100|[from] Parting Shot
|-ability|p1a: Miroirs|Intimidate|boost
|-unboost|p2a: Goodra|atk|1
|move|p2a: Goodra|Gyro Ball|p1a: Miroirs
|-damage|p1a: Miroirs|0 fnt
|-damage|p2a: Goodra|40/100|[from] item: Rocky Helmet|[of] p1a: Miroirs
|faint|p1a: Miroirs
|
|upkeep
|
|t:|1758322039
|switch|p1a: Deux mille|Latios, M|100/100
|turn|20
|
|t:|1758322041
|move|p1a: Deux mille|Psychic Noise|p2a: Goodra
|-resisted|p2a: Goodra
|-damage|p2a: Goodra|28/100
|-start|p2a: Goodra|move: Heal Block
|cant|p2a: Goodra|move: Heal Block|Rest
|
|upkeep
|turn|21
|
|t:|1758322047
|move|p1a: Deux mille|Draco Meteor|p2a: Goodra
|-damage|p2a: Goodra|0 fnt
|-unboost|p1a: Deux mille|spa|2
|faint|p2a: Goodra
|
|upkeep
|
|t:|1758322058
|switch|p2a: Raging Bolt|Raging Bolt|100/100
|turn|22
|
|t:|1758322064
|switch|p1a: Stigmates|Darkrai|100/100
|move|p2a: Raging Bolt|Substitute|p2a: Raging Bolt
|-start|p2a: Raging Bolt|Substitute
|-damage|p2a: Raging Bolt|76/100
|
|-heal|p2a: Raging Bolt|82/100|[from] item: Leftovers
|upkeep
|turn|23
|
|t:|1758322068
|move|p1a: Stigmates|Ice Beam|p2a: Raging Bolt
|-supereffective|p2a: Raging Bolt
|-end|p2a: Raging Bolt|Substitute
|move|p2a: Raging Bolt|Calm Mind|p2a: Raging Bolt
|-boost|p2a: Raging Bolt|spa|1
|-boost|p2a: Raging Bolt|spd|1
|
|-heal|p2a: Raging Bolt|88/100|[from] item: Leftovers
|upkeep
|turn|24
|
|t:|1758322080
|move|p1a: Stigmates|Will-O-Wisp|p2a: Raging Bolt
|-status|p2a: Raging Bolt|brn
|move|p2a: Raging Bolt|Calm Mind|p2a: Raging Bolt
|-boost|p2a: Raging Bolt|spa|1
|-boost|p2a: Raging Bolt|spd|1
|
|-heal|p2a: Raging Bolt|94/100 brn|[from] item: Leftovers
|-damage|p2a: Raging Bolt|88/100 brn|[from] brn
|upkeep
|turn|25
|
|t:|1758322085
|move|p1a: Stigmates|Knock Off|p2a: Raging Bolt
|-damage|p2a: Raging Bolt|70/100 brn
|-enditem|p2a: Raging Bolt|Leftovers|[from] move: Knock Off|[of] p1a: Stigmates
|move|p2a: Raging Bolt|Dragon Pulse|p1a: Stigmates
|-damage|p1a: Stigmates|0 fnt
|faint|p1a: Stigmates
|
|-damage|p2a: Raging Bolt|64/100 brn|[from] brn
|upkeep
|
|t:|1758322092
|switch|p1a: Quartiers Nord|Samurott-Hisui, F|100/100
|turn|26
|
|t:|1758322096
|-terastallize|p1a: Quartiers Nord|Fire
|move|p2a: Raging Bolt|Dragon Pulse|p1a: Quartiers Nord
|-damage|p1a: Quartiers Nord|43/100
|move|p1a: Quartiers Nord|Ceaseless Edge|p2a: Raging Bolt
|-damage|p2a: Raging Bolt|34/100 brn
|-sidestart|p2: Kyommunism|Spikes
|
|-damage|p2a: Raging Bolt|28/100 brn|[from] brn
|upkeep
|turn|27
|
|t:|1758322110
|switch|p1a: La pluie|Pecharunt|33/100
|move|p2a: Raging Bolt|Dragon Pulse|p1a: La pluie
|-damage|p1a: La pluie|0 fnt
|faint|p1a: La pluie
|
|-damage|p2a: Raging Bolt|22/100 brn|[from] brn
|upkeep
|
|t:|1758322114
|switch|p1a: Deux mille|Latios, M|100/100
|turn|28
|
|t:|1758322118
|-end|p2a: Raging Bolt|Protosynthesis|[silent]
|switch|p2a: Corviknight|Corviknight, M, shiny|81/100
|-ability|p2a: Corviknight|Pressure
|move|p1a: Deux mille|Psychic Noise|p2a: Corviknight
|-resisted|p2a: Corviknight
|-damage|p2a: Corviknight|64/100
|-start|p2a: Corviknight|move: Heal Block
|
|upkeep
|turn|29
|
|t:|1758322121
|move|p1a: Deux mille|Calm Mind|p1a: Deux mille
|-boost|p1a: Deux mille|spa|1
|-boost|p1a: Deux mille|spd|1
|move|p2a: Corviknight|Defog|p1a: Deux mille
|-unboost|p1a: Deux mille|evasion|1
|-sideend|p2: Kyommunism|Spikes|[from] move: Defog|[of] p2a: Corviknight
|
|-end|p2a: Corviknight|move: Heal Block
|upkeep
|turn|30
|
|t:|1758322126
|switch|p2a: MourningWood|Trevenant, M, shiny|100/100
|move|p1a: Deux mille|Calm Mind|p1a: Deux mille
|-boost|p1a: Deux mille|spa|1
|-boost|p1a: Deux mille|spd|1
|
|upkeep
|turn|31
|
|t:|1758322129
|move|p2a: MourningWood|Endure|p2a: MourningWood
|-singleturn|p2a: MourningWood|move: Endure
|move|p1a: Deux mille|Draco Meteor|p2a: MourningWood
|-activate|p2a: MourningWood|move: Endure
|-damage|p2a: MourningWood|1/100
|-unboost|p1a: Deux mille|spa|2
|
|upkeep
|turn|32
|-enditem|p2a: MourningWood|Custap Berry|[eat]
|-activate|p2a: MourningWood|item: Custap Berry|[consumed]
|
|t:|1758322133
|switch|p1a: Soldi Famiglia|Zamazenta|100/100
|-ability|p1a: Soldi Famiglia|Dauntless Shield|boost
|-boost|p1a: Soldi Famiglia|def|1
|move|p2a: MourningWood|Poltergeist|p1a: Soldi Famiglia
|-activate|p1a: Soldi Famiglia|move: Poltergeist|Heavy-Duty Boots
|-damage|p1a: Soldi Famiglia|67/100
|
|-item|p2a: MourningWood|Custap Berry|[from] ability: Harvest
|upkeep
|turn|33
|-enditem|p2a: MourningWood|Custap Berry|[eat]
|-activate|p2a: MourningWood|item: Custap Berry|[consumed]
|
|t:|1758322141
|move|p2a: MourningWood|Destiny Bond|p2a: MourningWood
|-singlemove|p2a: MourningWood|Destiny Bond
|move|p1a: Soldi Famiglia|Crunch|p2a: MourningWood
|-supereffective|p2a: MourningWood
|-damage|p2a: MourningWood|0 fnt
|faint|p2a: MourningWood
|-activate|p2a: MourningWood|move: Destiny Bond
|faint|p1a: Soldi Famiglia
|
|upkeep
|
|t:|1758322150
|switch|p1a: Deux mille|Latios, M|100/100
|switch|p2a: Raging Bolt|Raging Bolt|22/100 brn
|turn|34
|
|t:|1758322152
|move|p1a: Deux mille|Psychic Noise|p2a: Raging Bolt
|-damage|p2a: Raging Bolt|0 fnt
|faint|p2a: Raging Bolt
|-end|p2a: Raging Bolt|Protosynthesis|[silent]
|
|upkeep
|
|t:|1758322161
|switch|p2a: Skeledirge|Skeledirge, M, shiny|100/100
|turn|35
|
|t:|1758322165
|move|p1a: Deux mille|Calm Mind|p1a: Deux mille
|-boost|p1a: Deux mille|spa|1
|-boost|p1a: Deux mille|spd|1
|move|p2a: Skeledirge|Torch Song|p1a: Deux mille
|-resisted|p1a: Deux mille
|-damage|p1a: Deux mille|86/100
|-boost|p2a: Skeledirge|spa|1
|
|upkeep
|turn|36
|
|t:|1758322169
|move|p1a: Deux mille|Draco Meteor|p2a: Skeledirge|[miss]
|-miss|p1a: Deux mille|p2a: Skeledirge
|move|p2a: Skeledirge|Torch Song|p1a: Deux mille
|-resisted|p1a: Deux mille
|-damage|p1a: Deux mille|64/100
|-boost|p2a: Skeledirge|spa|1
|
|upkeep
|turn|37
|
|t:|1758322172
|move|p1a: Deux mille|Draco Meteor|p2a: Skeledirge
|-damage|p2a: Skeledirge|40/100
|-unboost|p1a: Deux mille|spa|2
|move|p2a: Skeledirge|Slack Off|p2a: Skeledirge
|-heal|p2a: Skeledirge|91/100
|
|-heal|p2a: Skeledirge|97/100|[from] item: Leftovers
|upkeep
|turn|38
|
|t:|1758322178
|switch|p1a: Quartiers Nord|Samurott-Hisui, F, tera:Fire|43/100
|move|p2a: Skeledirge|Torch Song|p1a: Quartiers Nord
|-resisted|p1a: Quartiers Nord
|-crit|p1a: Quartiers Nord
|-damage|p1a: Quartiers Nord|11/100
|-boost|p2a: Skeledirge|spa|1
|
|-heal|p2a: Skeledirge|100/100|[from] item: Leftovers
|upkeep
|turn|39
|
|t:|1758322183
|move|p1a: Quartiers Nord|Razor Shell|p2a: Skeledirge
|-supereffective|p2a: Skeledirge
|-damage|p2a: Skeledirge|23/100
|move|p2a: Skeledirge|Torch Song|p1a: Quartiers Nord
|-resisted|p1a: Quartiers Nord
|-damage|p1a: Quartiers Nord|0 fnt
|-boost|p2a: Skeledirge|spa|1
|faint|p1a: Quartiers Nord
|
|-heal|p2a: Skeledirge|29/100|[from] item: Leftovers
|upkeep
|
|t:|1758322186
|switch|p1a: Deux mille|Latios, M|64/100
|turn|40
|
|t:|1758322199
|move|p1a: Deux mille|Psychic Noise|p2a: Skeledirge
|-damage|p2a: Skeledirge|0 fnt
|faint|p2a: Skeledirge
|
|upkeep
|
|t:|1758322202
|switch|p2a: Corviknight|Corviknight, M, shiny|64/100
|-ability|p2a: Corviknight|Pressure
|turn|41
|
|t:|1758322206
|move|p1a: Deux mille|Calm Mind|p1a: Deux mille
|-boost|p1a: Deux mille|spa|1
|-boost|p1a: Deux mille|spd|1
|move|p2a: Corviknight|Iron Defense|p2a: Corviknight
|-boost|p2a: Corviknight|def|2
|
|-heal|p2a: Corviknight|70/100|[from] item: Leftovers
|upkeep
|turn|42
|
|t:|1758322210
|move|p1a: Deux mille|Psychic Noise|p2a: Corviknight
|-resisted|p2a: Corviknight
|-crit|p2a: Corviknight
|-damage|p2a: Corviknight|36/100
|-start|p2a: Corviknight|move: Heal Block
|move|p2a: Corviknight|Body Press|p1a: Deux mille
|-resisted|p1a: Deux mille
|-damage|p1a: Deux mille|38/100
|
|upkeep
|turn|43
|
|t:|1758322220
|move|p1a: Deux mille|Psychic Noise|p2a: Corviknight
|-resisted|p2a: Corviknight
|-damage|p2a: Corviknight|10/100
|move|p2a: Corviknight|Body Press|p1a: Deux mille
|-resisted|p1a: Deux mille
|-damage|p1a: Deux mille|12/100
|
|-end|p2a: Corviknight|move: Heal Block
|upkeep
|turn|44
|
|t:|1758322223
|move|p1a: Deux mille|Psychic Noise|p2a: Corviknight
|-resisted|p2a: Corviknight
|-damage|p2a: Corviknight|0 fnt
|faint|p2a: Corviknight
|
|win|Capidaxter
|raw|Capidaxter's rating: 1489 &rarr; <strong>1513</strong><br />(+24 for winning)
|raw|Kyommunism's rating: 1560 &rarr; <strong>1536</strong><br />(-24 for losing)
|l|☆Kyommunism
|player|p2|
|l|☆Capidaxter
|player|p1|
