|j|☆DeCompaniu
|j|☆Trickydood
|t:|1758304065
|gametype|singles
|player|p1|DeCompaniu|richboy|1264
|player|p2|Trickydood|169|1327
|gen|9
|tier|[Gen 9] OU
|rated|
|rule|HP Percentage Mod: HP is shown in percentages
|rule|Endless Battle Clause: Forcing endless battles is banned
|rule|Species Clause: Limit one of each Pokémon
|rule|OHKO Clause: OHKO moves are banned
|rule|Evasion Items Clause: Evasion items are banned
|rule|Evasion Moves Clause: Evasion moves are banned
|rule|Evasion Abilities Clause: Evasion abilities are banned
|rule|Sleep Moves Clause: Sleep-inducing moves are banned
|clearpoke
|poke|p1|Greedent, F|
|poke|p1|Malamar, F|
|poke|p1|Hawlucha, M|
|poke|p1|Glimmora, F|
|poke|p1|Indeedee, M|
|poke|p1|Polteageist-Antique|
|poke|p2|Landorus-Therian, M|
|poke|p2|Gholdengo|
|poke|p2|Samurott-Hisui, M|
|poke|p2|Iron Treads|
|poke|p2|Ogerpon-Wellspring, F|
|poke|p2|Darkrai|
|teampreview
|inactive|Battle timer is ON: inactive players will automatically lose when time's up. (requested by DeCompaniu)
|
|t:|1758304091
|teamsize|p1|6
|teamsize|p2|6
|start
|switch|p1a: Glimmora|Glimmora, F|100/100
|switch|p2a: Samurott|Samurott-Hisui, M|100/100
|turn|1
|
|t:|1758304104
|move|p2a: Samurott|Ceaseless Edge|p1a: Glimmora
|-damage|p1a: Glimmora|45/100
|-activate|p1a: Glimmora|ability: Toxic Debris
|-sidestart|p2: Trickydood|move: Toxic Spikes
|-sidestart|p1: DeCompaniu|Spikes
|move|p1a: Glimmora|Stealth Rock|p2a: Samurott
|-sidestart|p2: Trickydood|move: Stealth Rock
|
|upkeep
|turn|2
|
|t:|1758304114
|switch|p1a: Greedent|Greedent, F|100/100
|-damage|p1a: Greedent|88/100|[from] Spikes
|move|p2a: Samurott|Ceaseless Edge|p1a: Greedent
|-damage|p1a: Greedent|64/100
|-sidestart|p1: DeCompaniu|Spikes
|
|upkeep
|turn|3
|
|t:|1758304125
|move|p2a: Samurott|Knock Off|p1a: Greedent
|-damage|p1a: Greedent|39/100
|-enditem|p1a: Greedent|Ganlon Berry|[from] move: Knock Off|[of] p2a: Samurott
|move|p1a: Greedent|Stuff Cheeks||[still]
|-fail|p1a: Greedent
|
|upkeep
|turn|4
|
|t:|1758304132
|move|p2a: Samurott|Ceaseless Edge|p1a: Greedent
|-damage|p1a: Greedent|13/100
|-sidestart|p1: DeCompaniu|Spikes
|move|p1a: Greedent|Body Press|p2a: Samurott
|-supereffective|p2a: Samurott
|-damage|p2a: Samurott|33/100
|
|upkeep
|turn|5
|
|t:|1758304141
|move|p2a: Samurott|Razor Shell|p1a: Greedent
|-damage|p1a: Greedent|0 fnt
|faint|p1a: Greedent
|
|upkeep
|
|t:|1758304151
|switch|p1a: Indeedee|Indeedee, M|100/100
|-damage|p1a: Indeedee|76/100|[from] Spikes
|-fieldstart|move: Psychic Terrain|[from] ability: Psychic Surge|[of] p1a: Indeedee
|turn|6
|
|t:|1758304159
|move|p1a: Indeedee|Healing Wish|p1a: Indeedee
|faint|p1a: Indeedee
|move|p2a: Samurott|Ceaseless Edge|p1: Indeedee|[notarget]
|-fail|p2a: Samurott
|
|upkeep
|
|t:|1758304164
|switch|p1a: Hawlucha|Hawlucha, M|100/100
|-enditem|p1a: Hawlucha|Psychic Seed
|-boost|p1a: Hawlucha|spd|1|[from] item: Psychic Seed
|turn|7
|
|t:|1758304169
|move|p1a: Hawlucha|Swords Dance|p1a: Hawlucha
|-boost|p1a: Hawlucha|atk|2
|move|p2a: Samurott|Razor Shell|p1a: Hawlucha
|-damage|p1a: Hawlucha|21/100
|
|upkeep
|turn|8
|
|t:|1758304190
|move|p1a: Hawlucha|Acrobatics|p2a: Samurott
|-damage|p2a: Samurott|0 fnt
|faint|p2a: Samurott
|
|upkeep
|
|t:|1758304193
|switch|p2a: Landorus|Landorus-Therian, M|100/100
|-damage|p2a: Landorus|88/100|[from] Stealth Rock
|-ability|p2a: Landorus|Intimidate|boost
|-unboost|p1a: Hawlucha|atk|1
|turn|9
|
|t:|1758304201
|move|p1a: Hawlucha|Acrobatics|p2a: Landorus
|-damage|p2a: Landorus|18/100
|-damage|p1a: Hawlucha|5/100|[from] item: Rocky Helmet|[of] p2a: Landorus
|move|p2a: Landorus|U-turn|p1a: Hawlucha
|-resisted|p1a: Hawlucha
|-damage|p1a: Hawlucha|0 fnt
|faint|p1a: Hawlucha
|
|t:|1758304212
|switch|p2a: Iron Treads|Iron Treads|100/100|[from] U-turn
|-damage|p2a: Iron Treads|97/100|[from] Stealth Rock
|-item|p2a: Iron Treads|Air Balloon
|
|upkeep
|-message|DeCompaniu forfeited.
|
|win|Trickydood
|raw|DeCompaniu's rating: 1264 &rarr; <strong>1243</strong><br />(-21 for losing)
|raw|Trickydood's rating: 1327 &rarr; <strong>1343</strong><br />(+16 for winning)
|l|☆DeCompaniu
|player|p1|
|l|☆Trickydood
|player|p2|
