|j|☆humunitzy
|j|☆evilmassacre
|t:|1758342770
|gametype|singles
|player|p1|humunitzy|gentleman|1339
|player|p2|evilmassacre|clown|1237
|gen|9
|tier|[Gen 9] OU
|rated|
|rule|HP Percentage Mod: HP is shown in percentages
|rule|Endless Battle Clause: Forcing endless battles is banned
|rule|Species Clause: Limit one of each Pokémon
|rule|OHKO Clause: OHKO moves are banned
|rule|Evasion Items Clause: Evasion items are banned
|rule|Evasion Moves Clause: Evasion moves are banned
|rule|Evasion Abilities Clause: Evasion abilities are banned
|rule|Sleep Moves Clause: Sleep-inducing moves are banned
|clearpoke
|poke|p1|Weavile, M|
|poke|p1|Landorus-Therian, M|
|poke|p1|Hoopa-Unbound|
|poke|p1|Iron Hands|
|poke|p1|Ceruledge, M|
|poke|p1|Scizor, M|
|poke|p2|Gholdengo|
|poke|p2|Gliscor, M|
|poke|p2|Ceruledge, F|
|poke|p2|Zoroark-Hisui, M|
|poke|p2|Iron Treads|
|poke|p2|Chansey, F|
|teampreview
|inactive|Battle timer is ON: inactive players will automatically lose when time's up. (requested by evilmassacre)
|
|t:|1758342796
|teamsize|p1|6
|teamsize|p2|6
|start
|switch|p1a: Weavile|Weavile, M|100/100
|switch|p2a: Ceruledge|Ceruledge, F|100/100
|turn|1
|
|t:|1758342812
|move|p1a: Weavile|Beat Up|p2a: Ceruledge
|-supereffective|p2a: Ceruledge
|-damage|p2a: Ceruledge|71/100
|-ability|p2a: Ceruledge|Weak Armor|boost
|-unboost|p2a: Ceruledge|def|1
|-boost|p2a: Ceruledge|spe|2
|-supereffective|p2a: Ceruledge
|-damage|p2a: Ceruledge|31/100
|-ability|p2a: Ceruledge|Weak Armor|boost
|-unboost|p2a: Ceruledge|def|1
|-boost|p2a: Ceruledge|spe|2
|-supereffective|p2a: Ceruledge
|-damage|p2a: Ceruledge|0 fnt
|faint|p2a: Ceruledge
|-hitcount|p2: Ceruledge|3
|
|upkeep
|
|t:|1758342827
|switch|p2a: Iron Treads|Iron Treads|100/100
|-enditem|p2a: Iron Treads|Booster Energy
|-activate|p2a: Iron Treads|ability: Quark Drive|[fromitem]
|-start|p2a: Iron Treads|quarkdrivespe
|turn|2
|
|t:|1758342847
|move|p2a: Iron Treads|Iron Head|p1a: Weavile
|-supereffective|p1a: Weavile
|-enditem|p1a: Weavile|Focus Sash
|-damage|p1a: Weavile|1/100
|move|p1a: Weavile|Beat Up|p2a: Iron Treads
|-damage|p2a: Iron Treads|92/100
|-damage|p2a: Iron Treads|82/100
|-damage|p2a: Iron Treads|72/100
|-damage|p2a: Iron Treads|63/100
|-damage|p2a: Iron Treads|53/100
|-damage|p2a: Iron Treads|44/100
|-hitcount|p2a: Iron Treads|6
|
|upkeep
|turn|3
|
|t:|1758342867
|move|p1a: Weavile|Ice Shard|p2a: Iron Treads
|-damage|p2a: Iron Treads|23/100
|move|p2a: Iron Treads|Iron Head|p1a: Weavile
|-supereffective|p1a: Weavile
|-damage|p1a: Weavile|0 fnt
|faint|p1a: Weavile
|
|upkeep
|inactive|humunitzy has 120 seconds left.
|
|t:|1758342888
|switch|p1a: Landorus|Landorus-Therian, M|100/100
|-ability|p1a: Landorus|Intimidate|boost
|-unboost|p2a: Iron Treads|atk|1
|turn|4
|inactive|humunitzy has 120 seconds left.
|
|t:|1758342917
|switch|p1a: Scizor|Scizor, M|100/100
|move|p2a: Iron Treads|Stealth Rock|p1a: Scizor
|-sidestart|p1: humunitzy|move: Stealth Rock
|
|upkeep
|turn|5
|inactive|humunitzy has 90 seconds left.
|
|t:|1758342937
|move|p2a: Iron Treads|Earthquake|p1a: Scizor
|-damage|p1a: Scizor|68/100
|move|p1a: Scizor|U-turn|p2a: Iron Treads
|-resisted|p2a: Iron Treads
|-damage|p2a: Iron Treads|0 fnt
|faint|p2a: Iron Treads
|-end|p2a: Iron Treads|Quark Drive|[silent]
|inactive|humunitzy has 90 seconds left.
|
|t:|1758342959
|switch|p1a: Hoopa|Hoopa-Unbound|100/100|[from] U-turn
|-damage|p1a: Hoopa|88/100|[from] Stealth Rock
|
|upkeep
|
|t:|1758342979
|switch|p2a: Gliscor|Gliscor, M|100/100
|turn|6
|
|t:|1758342994
|-terastallize|p1a: Hoopa|Psychic
|move|p2a: Gliscor|Spikes|p1a: Hoopa
|-sidestart|p1: humunitzy|Spikes
|move|p1a: Hoopa|Psychic Noise|p2a: Gliscor
|-damage|p2a: Gliscor|8/100
|-start|p2a: Gliscor|move: Heal Block
|
|-status|p2a: Gliscor|tox|[from] item: Toxic Orb
|upkeep
|turn|7
|
|t:|1758343014
|move|p2a: Gliscor|Facade|p1a: Hoopa
|-damage|p1a: Hoopa|47/100
|move|p1a: Hoopa|Psychic Noise|p2a: Gliscor
|-damage|p2a: Gliscor|0 fnt
|faint|p2a: Gliscor
|
|upkeep
|inactive|evilmassacre has 120 seconds left.
|
|t:|1758343046
|switch|p2a: Gholdengo|Gholdengo|100/100
|turn|8
|
|t:|1758343053
|move|p2a: Gholdengo|Thunder Wave|p1a: Hoopa
|-status|p1a: Hoopa|par
|move|p1a: Hoopa|Knock Off|p2a: Gholdengo
|-supereffective|p2a: Gholdengo
|-damage|p2a: Gholdengo|6/100
|-enditem|p2a: Gholdengo|Leftovers|[from] move: Knock Off|[of] p1a: Hoopa
|
|upkeep
|turn|9
|inactive|humunitzy has 90 seconds left.
|
|t:|1758343062
|move|p2a: Gholdengo|Shadow Ball|p1a: Hoopa
|-supereffective|p1a: Hoopa
|-damage|p1a: Hoopa|3/100 par
|move|p1a: Hoopa|Knock Off|p2a: Gholdengo
|-supereffective|p2a: Gholdengo
|-damage|p2a: Gholdengo|0 fnt
|faint|p2a: Gholdengo
|
|upkeep
|
|t:|1758343070
|switch|p2a: Chansey|Chansey, F|100/100
|turn|10
|inactive|evilmassacre has 120 seconds left.
|
|t:|1758343080
|move|p2a: Chansey|Nasty Plot|p2a: Chansey
|-boost|p2a: Chansey|spa|2
|move|p1a: Hoopa|Knock Off|p2a: Chansey
|-supereffective|p2a: Chansey
|-enditem|p2a: Chansey|Focus Sash
|-damage|p2a: Chansey|1/100
|replace|p2a: Zoroark|Zoroark-Hisui, M
|-end|p2a: Zoroark|Illusion
|
|upkeep
|turn|11
|inactive|evilmassacre has 120 seconds left.
|
|t:|1758343093
|move|p2a: Zoroark|Shadow Ball|p1a: Hoopa
|-supereffective|p1a: Hoopa
|-damage|p1a: Hoopa|0 fnt
|faint|p1a: Hoopa
|
|upkeep
|inactive|humunitzy has 90 seconds left.
|
|t:|1758343105
|switch|p1a: Scizor|Scizor, M|68/100
|-damage|p1a: Scizor|55/100|[from] Stealth Rock
|-damage|p1a: Scizor|43/100|[from] Spikes
|turn|12
|inactive|evilmassacre has 120 seconds left.
|
|t:|1758343122
|move|p1a: Scizor|Bullet Punch|p2a: Zoroark
|-damage|p2a: Zoroark|0 fnt
|faint|p2a: Zoroark
|
|upkeep
|
|t:|1758343126
|switch|p2a: Chansey|Chansey, F|100/100
|turn|13
|
|t:|1758343133
|switch|p1a: Ceruledge|Ceruledge, M|100/100
|-damage|p1a: Ceruledge|76/100|[from] Stealth Rock
|-damage|p1a: Ceruledge|63/100|[from] Spikes
|move|p2a: Chansey|Seismic Toss|p1a: Ceruledge
|-immune|p1a: Ceruledge
|
|upkeep
|turn|14
|
|t:|1758343144
|move|p1a: Ceruledge|Bitter Blade|p2a: Chansey
|-damage|p2a: Chansey|77/100
|-heal|p1a: Ceruledge|86/100|[from] drain|[of] p2a: Chansey
|move|p2a: Chansey|Flamethrower|p1a: Ceruledge
|-start|p1a: Ceruledge|ability: Flash Fire
|
|upkeep
|turn|15
|-message|evilmassacre forfeited.
|
|win|humunitzy
|raw|humunitzy's rating: 1339 &rarr; <strong>1353</strong><br />(+14 for winning)
|raw|evilmassacre's rating: 1237 &rarr; <strong>1219</strong><br />(-18 for losing)
|l|☆evilmassacre
|player|p2|
|l|☆humunitzy
|player|p1|
