|j|☆suprya
|j|☆HyperHHH
|t:|1758243351
|gametype|singles
|player|p1|suprya|preschooler|1736
|player|p2|HyperHHH|fisherman-gen2jp|1697
|gen|9
|tier|[Gen 9] OU
|rated|
|rule|HP Percentage Mod: HP is shown in percentages
|rule|Endless Battle Clause: Forcing endless battles is banned
|rule|Species Clause: Limit one of each Pokémon
|rule|OHKO Clause: OHKO moves are banned
|rule|Evasion Items Clause: Evasion items are banned
|rule|Evasion Moves Clause: Evasion moves are banned
|rule|Evasion Abilities Clause: Evasion abilities are banned
|rule|Sleep Moves Clause: Sleep-inducing moves are banned
|clearpoke
|poke|p1|Iron Valiant|
|poke|p1|Empoleon, M|
|poke|p1|Meowscarada, M|
|poke|p1|Landorus-Therian, M|
|poke|p1|Dragonite, F|
|poke|p1|Pecharunt|
|poke|p2|Iron Valiant|
|poke|p2|Rotom-Wash|
|poke|p2|Ting-Lu|
|poke|p2|Gholdengo|
|poke|p2|Latios, M|
|poke|p2|Dragonite, M|
|teampreview
|inactive|Battle timer is ON: inactive players will automatically lose when time's up. (requested by HyperHHH)
|inactive|suprya also wants the timer to be on.
|
|t:|1758243380
|teamsize|p1|6
|teamsize|p2|6
|start
|switch|p1a: Meowscarada|Meowscarada, M|100/100
|switch|p2a: Latios|Latios, M|100/100
|turn|1
|
|t:|1758243389
|switch|p2a: Rotom|Rotom-Wash|100/100
|move|p1a: Meowscarada|Spikes|p2a: Rotom
|-start|p1a: Meowscarada|typechange|Ground|[from] ability: Protean
|-sidestart|p2: HyperHHH|Spikes
|
|upkeep
|turn|2
|
|t:|1758243395
|switch|p1a: Empoleon|Empoleon, M|100/100
|move|p2a: Rotom|Will-O-Wisp|p1a: Empoleon
|-status|p1a: Empoleon|brn
|
|-damage|p1a: Empoleon|94/100 brn|[from] brn
|upkeep
|turn|3
|
|t:|1758243402
|move|p2a: Rotom|Volt Switch|p1a: Empoleon
|-supereffective|p1a: Empoleon
|-damage|p1a: Empoleon|59/100 brn
|
|t:|1758243410
|switch|p2a: Ting-Lu|Ting-Lu|100/100|[from] Volt Switch
|-damage|p2a: Ting-Lu|88/100|[from] Spikes
|-ability|p2a: Ting-Lu|Vessel of Ruin
|move|p1a: Empoleon|Flip Turn|p2a: Ting-Lu
|-supereffective|p2a: Ting-Lu
|-damage|p2a: Ting-Lu|79/100
|j| AntdonPokemon
|
|t:|1758243427
|switch|p1a: Landorus|Landorus-Therian, M|100/100|[from] Flip Turn
|-ability|p1a: Landorus|Intimidate|boost
|-unboost|p2a: Ting-Lu|atk|1
|
|-heal|p2a: Ting-Lu|85/100|[from] item: Leftovers
|upkeep
|turn|4
|
|t:|1758243435
|switch|p2a: Rotom|Rotom-Wash|100/100
|move|p1a: Landorus|Stealth Rock|p2a: Rotom
|-sidestart|p2: HyperHHH|move: Stealth Rock
|
|upkeep
|turn|5
|
|t:|1758243439
|move|p1a: Landorus|U-turn|p2a: Rotom
|-damage|p2a: Rotom|80/100
|
|t:|1758243444
|switch|p1a: Meowscarada|Meowscarada, M|100/100|[from] U-turn
|move|p2a: Rotom|Volt Switch|p1a: Meowscarada
|-resisted|p1a: Meowscarada
|-damage|p1a: Meowscarada|82/100
|
|t:|1758243455
|switch|p2a: Latios|Latios, M|100/100|[from] Volt Switch
|-damage|p2a: Latios|88/100|[from] Stealth Rock
|
|upkeep
|turn|6
|
|t:|1758243466
|switch|p1a: Empoleon|Empoleon, M|59/100 brn
|move|p2a: Latios|Draco Meteor|p1a: Empoleon
|-resisted|p1a: Empoleon
|-damage|p1a: Empoleon|35/100 brn
|-unboost|p2a: Latios|spa|2
|
|-damage|p1a: Empoleon|28/100 brn|[from] brn
|upkeep
|turn|7
|
|t:|1758243472
|switch|p2a: Rotom|Rotom-Wash|80/100
|-damage|p2a: Rotom|68/100|[from] Stealth Rock
|move|p1a: Empoleon|Roost|p1a: Empoleon
|-heal|p1a: Empoleon|78/100 brn
|-singleturn|p1a: Empoleon|move: Roost
|
|-heal|p2a: Rotom|74/100|[from] item: Leftovers
|-damage|p1a: Empoleon|72/100 brn|[from] brn
|upkeep
|turn|8
|
|t:|1758243476
|move|p2a: Rotom|Volt Switch|p1a: Empoleon
|-supereffective|p1a: Empoleon
|-damage|p1a: Empoleon|40/100 brn
|
|t:|1758243479
|switch|p2a: Ting-Lu|Ting-Lu|85/100|[from] Volt Switch
|-damage|p2a: Ting-Lu|73/100|[from] Spikes
|-damage|p2a: Ting-Lu|67/100|[from] Stealth Rock
|-ability|p2a: Ting-Lu|Vessel of Ruin
|move|p1a: Empoleon|Flip Turn|p2a: Ting-Lu
|-supereffective|p2a: Ting-Lu
|-damage|p2a: Ting-Lu|57/100
|
|t:|1758243495
|switch|p1a: Meowscarada|Meowscarada, M|82/100|[from] Flip Turn
|
|-heal|p2a: Ting-Lu|64/100|[from] item: Leftovers
|upkeep
|turn|9
|
|t:|1758243515
|move|p1a: Meowscarada|Flower Trick|p2a: Ting-Lu
|-start|p1a: Meowscarada|typechange|Grass|[from] ability: Protean
|-supereffective|p2a: Ting-Lu
|-crit|p2a: Ting-Lu
|-damage|p2a: Ting-Lu|9/100
|move|p2a: Ting-Lu|Stealth Rock|p1a: Meowscarada
|-sidestart|p1: suprya|move: Stealth Rock
|
|-heal|p2a: Ting-Lu|15/100|[from] item: Leftovers
|upkeep
|turn|10
|
|t:|1758243525
|move|p1a: Meowscarada|Spikes|p2a: Ting-Lu
|-sidestart|p2: HyperHHH|Spikes
|move|p2a: Ting-Lu|Spikes|p1a: Meowscarada
|-sidestart|p1: suprya|Spikes
|
|-heal|p2a: Ting-Lu|21/100|[from] item: Leftovers
|upkeep
|turn|11
|
|t:|1758243530
|move|p1a: Meowscarada|Flower Trick|p2a: Ting-Lu
|-supereffective|p2a: Ting-Lu
|-crit|p2a: Ting-Lu
|-damage|p2a: Ting-Lu|0 fnt
|faint|p2a: Ting-Lu
|
|upkeep
|
|t:|1758243543
|switch|p2a: Iron Valiant|Iron Valiant|100/100
|turn|12
|
|t:|1758243554
|move|p1a: Meowscarada|Flower Trick|p2a: Iron Valiant
|-crit|p2a: Iron Valiant
|-damage|p2a: Iron Valiant|34/100
|move|p2a: Iron Valiant|Knock Off|p1a: Meowscarada
|-crit|p1a: Meowscarada
|-damage|p1a: Meowscarada|17/100
|-enditem|p1a: Meowscarada|Heavy-Duty Boots|[from] move: Knock Off|[of] p2a: Iron Valiant
|
|upkeep
|turn|13
|
|t:|1758243562
|-end|p2a: Iron Valiant|Quark Drive|[silent]
|switch|p2a: Dragonite|Dragonite, M|100/100
|move|p1a: Meowscarada|Flower Trick|p2a: Dragonite
|-resisted|p2a: Dragonite
|-crit|p2a: Dragonite
|-damage|p2a: Dragonite|95/100
|
|upkeep
|turn|14
|
|t:|1758243567
|move|p2a: Dragonite|Extreme Speed|p1a: Meowscarada
|-damage|p1a: Meowscarada|0 fnt
|faint|p1a: Meowscarada
|
|upkeep
|
|t:|1758243573
|switch|p1a: Landorus|Landorus-Therian, M|100/100
|-damage|p1a: Landorus|88/100|[from] Stealth Rock
|-ability|p1a: Landorus|Intimidate|boost
|-unboost|p2a: Dragonite|atk|1
|turn|15
|
|t:|1758243589
|switch|p2a: Rotom|Rotom-Wash|74/100
|-damage|p2a: Rotom|62/100|[from] Stealth Rock
|move|p1a: Landorus|Stone Edge|p2a: Rotom
|-damage|p2a: Rotom|34/100
|
|-heal|p2a: Rotom|40/100|[from] item: Leftovers
|upkeep
|turn|16
|
|t:|1758243598
|move|p1a: Landorus|U-turn|p2a: Rotom
|-damage|p2a: Rotom|19/100
|
|t:|1758243600
|switch|p1a: Empoleon|Empoleon, M|40/100 brn|[from] U-turn
|move|p2a: Rotom|Pain Split|p1a: Empoleon
|-sethp|p1a: Empoleon|28/100 brn|[from] move: Pain Split|[silent]
|-sethp|p2a: Rotom|34/100|[from] move: Pain Split
|
|-heal|p2a: Rotom|40/100|[from] item: Leftovers
|-damage|p1a: Empoleon|21/100 brn|[from] brn
|upkeep
|turn|17
|
|t:|1758243607
|move|p2a: Rotom|Volt Switch|p1a: Empoleon
|-supereffective|p1a: Empoleon
|-damage|p1a: Empoleon|0 fnt
|faint|p1a: Empoleon
|
|t:|1758243618
|switch|p2a: Latios|Latios, M|88/100|[from] Volt Switch
|-damage|p2a: Latios|76/100|[from] Stealth Rock
|
|upkeep
|
|t:|1758243644
|switch|p1a: Dragonite|Dragonite, F|100/100
|turn|18
|
|t:|1758243656
|-terastallize|p1a: Dragonite|Normal
|move|p2a: Latios|Flip Turn|p1a: Dragonite
|-damage|p1a: Dragonite|95/100
|j| wgw2333
|
|t:|1758243668
|switch|p2a: Iron Valiant|Iron Valiant|34/100|[from] Flip Turn
|move|p1a: Dragonite|Dragon Dance|p1a: Dragonite
|-boost|p1a: Dragonite|atk|1
|-boost|p1a: Dragonite|spe|1
|
|upkeep
|turn|19
|inactive|suprya has 120 seconds left.
|
|t:|1758243707
|move|p1a: Dragonite|Extreme Speed|p2a: Iron Valiant
|-damage|p2a: Iron Valiant|0 fnt
|faint|p2a: Iron Valiant
|-end|p2a: Iron Valiant|Quark Drive|[silent]
|
|upkeep
|
|t:|1758243710
|switch|p2a: Rotom|Rotom-Wash|40/100
|-damage|p2a: Rotom|27/100|[from] Stealth Rock
|turn|20
|inactive|suprya has 120 seconds left.
|
|t:|1758243731
|-terastallize|p2a: Rotom|Steel
|move|p1a: Dragonite|Extreme Speed|p2a: Rotom
|-resisted|p2a: Rotom
|-damage|p2a: Rotom|0 fnt
|faint|p2a: Rotom
|
|upkeep
|
|t:|1758243738
|switch|p2a: Dragonite|Dragonite, M|95/100
|turn|21
|
|t:|1758243743
|move|p1a: Dragonite|Extreme Speed|p2a: Dragonite
|-damage|p2a: Dragonite|28/100
|move|p2a: Dragonite|Dragon Tail|p1a: Dragonite
|-damage|p1a: Dragonite|62/100
|drag|p1a: Iron Valiant|Iron Valiant|100/100
|-damage|p1a: Iron Valiant|94/100|[from] Stealth Rock
|-damage|p1a: Iron Valiant|82/100|[from] Spikes
|-enditem|p1a: Iron Valiant|Booster Energy
|-activate|p1a: Iron Valiant|ability: Quark Drive|[fromitem]
|-start|p1a: Iron Valiant|quarkdrivespe
|
|upkeep
|turn|22
|inactive|suprya has 120 seconds left.
|
|t:|1758243764
|move|p2a: Dragonite|Extreme Speed|p1a: Iron Valiant
|-damage|p1a: Iron Valiant|43/100
|move|p1a: Iron Valiant|Moonblast|p2a: Dragonite
|-supereffective|p2a: Dragonite
|-damage|p2a: Dragonite|0 fnt
|faint|p2a: Dragonite
|
|upkeep
|inactive|HyperHHH has 120 seconds left.
|
|t:|1758243785
|switch|p2a: Latios|Latios, M|76/100
|-damage|p2a: Latios|64/100|[from] Stealth Rock
|turn|23
|
|t:|1758243795
|move|p1a: Iron Valiant|Moonblast|p2a: Latios
|-supereffective|p2a: Latios
|-damage|p2a: Latios|0 fnt
|faint|p2a: Latios
|
|upkeep
|
|t:|1758243796
|switch|p2a: Gholdengo|Gholdengo|100/100
|-damage|p2a: Gholdengo|94/100|[from] Stealth Rock
|-item|p2a: Gholdengo|Air Balloon
|turn|24
|
|t:|1758243799
|move|p1a: Iron Valiant|Knock Off|p2a: Gholdengo
|-supereffective|p2a: Gholdengo
|-damage|p2a: Gholdengo|56/100
|-enditem|p2a: Gholdengo|Air Balloon
|move|p2a: Gholdengo|Thunder Wave|p1a: Iron Valiant
|-status|p1a: Iron Valiant|par
|
|upkeep
|turn|25
|
|t:|1758243805
|move|p1a: Iron Valiant|Moonblast|p2a: Gholdengo
|-resisted|p2a: Gholdengo
|-damage|p2a: Gholdengo|32/100
|-unboost|p2a: Gholdengo|spa|1
|move|p2a: Gholdengo|Recover|p2a: Gholdengo
|-heal|p2a: Gholdengo|82/100
|
|upkeep
|turn|26
|
|t:|1758243809
|move|p1a: Iron Valiant|Moonblast|p2a: Gholdengo
|-resisted|p2a: Gholdengo
|-damage|p2a: Gholdengo|58/100
|move|p2a: Gholdengo|Recover|p2a: Gholdengo
|-heal|p2a: Gholdengo|100/100
|
|upkeep
|turn|27
|
|t:|1758243812
|cant|p1a: Iron Valiant|par
|move|p2a: Gholdengo|Hex|p1a: Iron Valiant
|-damage|p1a: Iron Valiant|0 fnt
|faint|p1a: Iron Valiant
|-end|p1a: Iron Valiant|Quark Drive|[silent]
|
|upkeep
|
|t:|1758243814
|switch|p1a: Landorus|Landorus-Therian, M|88/100
|-damage|p1a: Landorus|76/100|[from] Stealth Rock
|-ability|p1a: Landorus|Intimidate|boost
|-unboost|p2a: Gholdengo|atk|1
|turn|28
|
|t:|1758243816
|move|p1a: Landorus|Earthquake|p2a: Gholdengo
|-supereffective|p2a: Gholdengo
|-damage|p2a: Gholdengo|18/100
|move|p2a: Gholdengo|Make It Rain|p1a: Landorus
|-damage|p1a: Landorus|32/100
|-unboost|p2a: Gholdengo|spa|1
|
|upkeep
|turn|29
|-message|HyperHHH forfeited.
|
|win|suprya
|raw|suprya's rating: 1736 &rarr; <strong>1754</strong><br />(+18 for winning)
|raw|HyperHHH's rating: 1697 &rarr; <strong>1679</strong><br />(-18 for losing)
|l|☆HyperHHH
|player|p2|
|l|☆suprya
|player|p1|
|l| AntdonPokemon
