|j|☆ThatBrownBoy
|j|☆jurkevicz
|t:|1758293095
|gametype|singles
|player|p1|ThatBrownBoy|2|1263
|player|p2|jurkevicz|102|1284
|gen|9
|tier|[Gen 9] OU
|rated|
|rule|HP Percentage Mod: HP is shown in percentages
|rule|Endless Battle Clause: Forcing endless battles is banned
|rule|Species Clause: Limit one of each Pokémon
|rule|OHKO Clause: OHKO moves are banned
|rule|Evasion Items Clause: Evasion items are banned
|rule|Evasion Moves Clause: Evasion moves are banned
|rule|Evasion Abilities Clause: Evasion abilities are banned
|rule|Sleep Moves Clause: Sleep-inducing moves are banned
|clearpoke
|poke|p1|Ambipom, F|
|poke|p1|Grimmsnarl, M|
|poke|p1|Ursaluna, F|
|poke|p1|Dragonite, M|
|poke|p1|Zoroark-Hisui, M|
|poke|p1|Corviknight, M|
|poke|p2|Dragapult, M|
|poke|p2|Ogerpon-Wellspring, F|
|poke|p2|Great Tusk|
|poke|p2|Tinkaton, F|
|poke|p2|Corviknight, F|
|poke|p2|Dragonite, F|
|teampreview
|inactive|Battle timer is ON: inactive players will automatically lose when time's up. (requested by ThatBrownBoy)
|
|t:|1758293102
|teamsize|p1|6
|teamsize|p2|6
|start
|switch|p1a: Ursaluna|Ursaluna, F, shiny|100/100
|switch|p2a: Tinkaton|Tinkaton, F|100/100
|-ability|p2a: Tinkaton|Mold Breaker
|turn|1
|
|t:|1758293123
|move|p2a: Tinkaton|Fake Out|p1a: Ursaluna
|-damage|p1a: Ursaluna|95/100
|cant|p1a: Ursaluna|flinch
|
|-status|p1a: Ursaluna|brn|[from] item: Flame Orb
|upkeep
|turn|2
|
|t:|1758293131
|switch|p2a: Corviknight|Corviknight, F|100/100
|-ability|p2a: Corviknight|Pressure
|move|p1a: Ursaluna|Fire Punch|p2a: Corviknight
|-supereffective|p2a: Corviknight
|-damage|p2a: Corviknight|35/100
|
|-damage|p1a: Ursaluna|89/100 brn|[from] brn
|upkeep
|turn|3
|
|t:|1758293156
|move|p2a: Corviknight|Roost|p2a: Corviknight
|-heal|p2a: Corviknight|85/100
|-singleturn|p2a: Corviknight|move: Roost
|move|p1a: Ursaluna|Fire Punch|p2a: Corviknight
|-supereffective|p2a: Corviknight
|-damage|p2a: Corviknight|15/100
|
|-damage|p1a: Ursaluna|83/100 brn|[from] brn
|upkeep
|turn|4
|
|t:|1758293171
|switch|p2a: Ogerpon|Ogerpon-Wellspring, F|100/100
|move|p1a: Ursaluna|Headlong Rush|p2a: Ogerpon
|-resisted|p2a: Ogerpon
|-damage|p2a: Ogerpon|27/100
|-unboost|p1a: Ursaluna|def|1
|-unboost|p1a: Ursaluna|spd|1
|
|-damage|p1a: Ursaluna|77/100 brn|[from] brn
|upkeep
|turn|5
|inactive|jurkevicz has 120 seconds left.
|
|t:|1758293186
|switch|p1a: Corviknight|Corviknight, M|100/100
|-ability|p1a: Corviknight|Pressure
|move|p2a: Ogerpon|Ivy Cudgel|p1a: Corviknight|[anim] Ivy Cudgel Water
|-damage|p1a: Corviknight|64/100
|
|upkeep
|turn|6
|inactive|jurkevicz has 120 seconds left.
|
|t:|1758293201
|switch|p2a: Dragapult|Dragapult, M|100/100
|move|p1a: Corviknight|U-turn|p2a: Dragapult
|-resisted|p2a: Dragapult
|-damage|p2a: Dragapult|91/100
|
|t:|1758293206
|switch|p1a: Grimmsnarl|Grimmsnarl, M, shiny|100/100|[from] U-turn
|
|upkeep
|turn|7
|
|t:|1758293211
|move|p1a: Grimmsnarl|Thunder Wave|p2a: Dragapult
|-status|p2a: Dragapult|par
|move|p2a: Dragapult|U-turn|p1a: Grimmsnarl
|-crit|p1a: Grimmsnarl
|-damage|p1a: Grimmsnarl|72/100
|
|t:|1758293217
|switch|p2a: Corviknight|Corviknight, F|15/100|[from] U-turn
|-ability|p2a: Corviknight|Pressure
|
|upkeep
|turn|8
|
|t:|1758293224
|move|p1a: Grimmsnarl|Parting Shot|p2a: Corviknight
|-unboost|p2a: Corviknight|atk|1
|-unboost|p2a: Corviknight|spa|1
|
|t:|1758293226
|switch|p1a: Ambipom|Ambipom, F, shiny|100/100|[from] Parting Shot
|move|p2a: Corviknight|Roost|p2a: Corviknight
|-heal|p2a: Corviknight|65/100
|-singleturn|p2a: Corviknight|move: Roost
|
|upkeep
|turn|9
|
|t:|1758293236
|move|p1a: Ambipom|Nasty Plot|p1a: Ambipom
|-boost|p1a: Ambipom|spa|2
|move|p2a: Corviknight|Roost|p2a: Corviknight
|-heal|p2a: Corviknight|100/100
|-singleturn|p2a: Corviknight|move: Roost
|
|upkeep
|turn|10
|
|t:|1758293244
|switch|p2a: Tinkaton|Tinkaton, F|100/100
|-ability|p2a: Tinkaton|Mold Breaker
|move|p1a: Ambipom|Flamethrower|p2a: Tinkaton
|-supereffective|p2a: Tinkaton
|-damage|p2a: Tinkaton|45/100
|
|upkeep
|turn|11
|
|t:|1758293260
|move|p1a: Ambipom|Flamethrower|p2a: Tinkaton
|-supereffective|p2a: Tinkaton
|-damage|p2a: Tinkaton|0 fnt
|faint|p2a: Tinkaton
|
|upkeep
|
|t:|1758293268
|switch|p2a: Dragonite|Dragonite, F|100/100
|turn|12
|
|t:|1758293272
|switch|p1a: Corviknight|Corviknight, M|64/100
|-ability|p1a: Corviknight|Pressure
|move|p2a: Dragonite|Outrage|p1a: Corviknight
|-resisted|p1a: Corviknight
|-damage|p1a: Corviknight|31/100
|-damage|p2a: Dragonite|84/100|[from] item: Rocky Helmet|[of] p1a: Corviknight
|
|upkeep
|turn|13
|
|t:|1758293282
|move|p2a: Dragonite|Outrage|p1a: Corviknight|[from] lockedmove
|-resisted|p1a: Corviknight
|-damage|p1a: Corviknight|0 fnt
|-damage|p2a: Dragonite|67/100|[from] item: Rocky Helmet|[of] p1a: Corviknight
|faint|p1a: Corviknight
|-start|p2a: Dragonite|confusion|[fatigue]
|
|upkeep
|
|t:|1758293295
|switch|p1a: Ambipom|Ambipom, F, shiny|100/100
|turn|14
|
|t:|1758293306
|switch|p2a: Great Tusk|Great Tusk|100/100
|move|p1a: Ambipom|Fake Out|p2a: Great Tusk
|-damage|p2a: Great Tusk|80/100
|
|upkeep
|turn|15
|
|t:|1758293313
|-end|p2a: Great Tusk|Protosynthesis|[silent]
|switch|p2a: Corviknight|Corviknight, F|100/100
|-ability|p2a: Corviknight|Pressure
|move|p1a: Ambipom|U-turn|p2a: Corviknight
|-resisted|p2a: Corviknight
|-damage|p2a: Corviknight|97/100
|
|t:|1758293316
|switch|p1a: Dragonite|Dragonite, M, shiny|100/100|[from] U-turn
|
|upkeep
|turn|16
|
|t:|1758293328
|move|p1a: Dragonite|Nasty Plot|p1a: Dragonite
|-boost|p1a: Dragonite|spa|2
|move|p2a: Corviknight|Iron Defense|p2a: Corviknight
|-boost|p2a: Corviknight|def|2
|
|upkeep
|turn|17
|
|t:|1758293338
|switch|p2a: Great Tusk|Great Tusk|80/100
|move|p1a: Dragonite|Flamethrower|p2a: Great Tusk
|-damage|p2a: Great Tusk|22/100
|
|upkeep
|turn|18
|
|t:|1758293349
|move|p1a: Dragonite|Hyper Voice|p2a: Great Tusk
|-damage|p2a: Great Tusk|0 fnt
|faint|p2a: Great Tusk
|-end|p2a: Great Tusk|Protosynthesis|[silent]
|
|upkeep
|
|t:|1758293364
|switch|p2a: Dragonite|Dragonite, F|67/100
|turn|19
|
|t:|1758293368
|move|p1a: Dragonite|Hyper Voice|p2a: Dragonite
|-damage|p2a: Dragonite|0 fnt
|faint|p2a: Dragonite
|
|upkeep
|
|t:|1758293374
|switch|p2a: Corviknight|Corviknight, F|97/100
|-ability|p2a: Corviknight|Pressure
|turn|20
|-message|jurkevicz forfeited.
|
|win|ThatBrownBoy
|raw|ThatBrownBoy's rating: 1263 &rarr; <strong>1290</strong><br />(+27 for winning)
|raw|jurkevicz's rating: 1284 &rarr; <strong>1257</strong><br />(-27 for losing)
|l|☆jurkevicz
|player|p2|
|l|☆ThatBrownBoy
|player|p1|
