|j|☆Tutel123
|j|☆Sergeant Garcia
|t:|1758378997
|gametype|singles
|player|p1|Tutel123|cynthia-gen4|1065
|player|p2|Sergeant Garcia|265|1080
|gen|9
|tier|[Gen 9] OU
|rated|
|rule|HP Percentage Mod: HP is shown in percentages
|rule|Endless Battle Clause: Forcing endless battles is banned
|rule|Species Clause: Limit one of each Pokémon
|rule|OHKO Clause: OHKO moves are banned
|rule|Evasion Items Clause: Evasion items are banned
|rule|Evasion Moves Clause: Evasion moves are banned
|rule|Evasion Abilities Clause: Evasion abilities are banned
|rule|Sleep Moves Clause: Sleep-inducing moves are banned
|clearpoke
|poke|p1|Samurott-Hisui, F|
|poke|p1|Gholdengo|
|poke|p1|Enamorus-Therian, F|
|poke|p1|Garchomp, M|
|poke|p1|Glimmora, F|
|poke|p1|Great Tusk|
|poke|p2|Bronzor|
|poke|p2|Toedscool, F|
|poke|p2|Vulpix, M|
|poke|p2|Vaporeon, M|
|poke|p2|Suicune|
|poke|p2|Walking Wake|
|teampreview
|
|t:|1758379011
|teamsize|p1|6
|teamsize|p2|6
|start
|switch|p1a: Gholdengo|Gholdengo|100/100
|switch|p2a: Bronzor|Bronzor|100/100
|turn|1
|inactive|Battle timer is ON: inactive players will automatically lose when time's up. (requested by Tutel123)
|l|☆Sergeant Garcia
|inactive|Sergeant Garcia disconnected and has a minute to reconnect!
|player|p2|
|j|☆Sergeant Garcia
|inactive|Sergeant Garcia reconnected and has 125 seconds left.
|player|p2|Sergeant Garcia|265|
|inactive|Sergeant Garcia has 120 seconds left.
|
|t:|1758379050
|move|p1a: Gholdengo|Shadow Ball|p2a: Bronzor
|-supereffective|p2a: Bronzor
|-damage|p2a: Bronzor|17/100
|-unboost|p2a: Bronzor|spd|1
|move|p2a: Bronzor|Trick Room|p2a: Bronzor
|-fieldstart|move: Trick Room|[of] p2a: Bronzor
|
|upkeep
|turn|2
|
|t:|1758379059
|move|p2a: Bronzor|Stealth Rock|p1a: Gholdengo
|-sidestart|p1: Tutel123|move: Stealth Rock
|move|p1a: Gholdengo|Shadow Ball|p2a: Bronzor
|-supereffective|p2a: Bronzor
|-damage|p2a: Bronzor|0 fnt
|faint|p2a: Bronzor
|
|upkeep
|
|t:|1758379064
|switch|p2a: Vaporeon|Vaporeon, M|100/100
|turn|3
|
|t:|1758379074
|move|p2a: Vaporeon|Calm Mind|p2a: Vaporeon
|-boost|p2a: Vaporeon|spa|1
|-boost|p2a: Vaporeon|spd|1
|move|p1a: Gholdengo|Shadow Ball|p2a: Vaporeon
|-damage|p2a: Vaporeon|70/100
|
|-heal|p2a: Vaporeon|76/100|[from] item: Leftovers
|upkeep
|turn|4
|
|t:|1758379081
|switch|p1a: Glimmora|Glimmora, F|100/100
|move|p2a: Vaporeon|Calm Mind|p2a: Vaporeon
|-boost|p2a: Vaporeon|spa|1
|-boost|p2a: Vaporeon|spd|1
|
|-heal|p2a: Vaporeon|82/100|[from] item: Leftovers
|upkeep
|turn|5
|
|t:|1758379094
|move|p2a: Vaporeon|Acid Armor|p2a: Vaporeon
|-boost|p2a: Vaporeon|def|2
|move|p1a: Glimmora|Toxic|p2a: Vaporeon
|-status|p2a: Vaporeon|tox
|
|-heal|p2a: Vaporeon|89/100 tox|[from] item: Leftovers
|-damage|p2a: Vaporeon|82/100 tox|[from] psn
|-fieldend|move: Trick Room
|upkeep
|turn|6
|
|t:|1758379113
|-terastallize|p1a: Glimmora|Grass
|move|p1a: Glimmora|Stealth Rock|p2a: Vaporeon
|-sidestart|p2: Sergeant Garcia|move: Stealth Rock
|move|p2a: Vaporeon|Surf|p1a: Glimmora
|-resisted|p1a: Glimmora
|-damage|p1a: Glimmora|60/100
|
|-heal|p2a: Vaporeon|89/100 tox|[from] item: Leftovers
|-damage|p2a: Vaporeon|76/100 tox|[from] psn
|upkeep
|turn|7
|
|t:|1758379126
|move|p1a: Glimmora|Power Gem|p2a: Vaporeon
|-damage|p2a: Vaporeon|62/100 tox
|move|p2a: Vaporeon|Stored Power|p1a: Glimmora
|-damage|p1a: Glimmora|0 fnt
|faint|p1a: Glimmora
|
|-heal|p2a: Vaporeon|68/100 tox|[from] item: Leftovers
|-damage|p2a: Vaporeon|49/100 tox|[from] psn
|upkeep
|
|t:|1758379136
|switch|p1a: Great Tusk|Great Tusk, shiny|100/100
|-damage|p1a: Great Tusk|98/100|[from] Stealth Rock
|turn|8
|
|t:|1758379140
|move|p1a: Great Tusk|Supercell Slam|p2a: Vaporeon|[miss]
|-miss|p1a: Great Tusk|p2a: Vaporeon
|-damage|p1a: Great Tusk|48/100|[from] supercellslam
|move|p2a: Vaporeon|Surf|p1a: Great Tusk
|-supereffective|p1a: Great Tusk
|-damage|p1a: Great Tusk|0 fnt
|faint|p1a: Great Tusk
|-end|p1a: Great Tusk|Protosynthesis|[silent]
|
|-heal|p2a: Vaporeon|56/100 tox|[from] item: Leftovers
|-damage|p2a: Vaporeon|31/100 tox|[from] psn
|upkeep
|
|t:|1758379156
|switch|p1a: Garchomp|Garchomp, M|100/100
|-damage|p1a: Garchomp|94/100|[from] Stealth Rock
|turn|9
|
|t:|1758379164
|move|p1a: Garchomp|Earthquake|p2a: Vaporeon
|-damage|p2a: Vaporeon|0 fnt
|faint|p2a: Vaporeon
|
|upkeep
|
|t:|1758379170
|switch|p2a: Toedscool|Toedscool, F|100/100
|turn|10
|inactive|Tutel123 has 120 seconds left.
|
|t:|1758379206
|move|p1a: Garchomp|Outrage|p2a: Toedscool
|-crit|p2a: Toedscool
|-damage|p2a: Toedscool|0 fnt
|faint|p2a: Toedscool
|
|upkeep
|
|t:|1758379221
|switch|p2a: Suicune|Suicune|100/100
|-damage|p2a: Suicune|88/100|[from] Stealth Rock
|turn|11
|
|t:|1758379226
|move|p1a: Garchomp|Outrage|p2a: Suicune|[from] lockedmove
|-damage|p2a: Suicune|42/100
|move|p2a: Suicune|Ice Beam|p1a: Garchomp
|-supereffective|p1a: Garchomp
|-damage|p1a: Garchomp|0 fnt
|faint|p1a: Garchomp
|
|upkeep
|
|t:|1758379235
|switch|p1a: Gholdengo|Gholdengo|100/100
|-damage|p1a: Gholdengo|94/100|[from] Stealth Rock
|turn|12
|
|t:|1758379253
|switch|p2a: Vulpix|Vulpix, M|100/100
|-damage|p2a: Vulpix|76/100|[from] Stealth Rock
|-weather|SunnyDay|[from] ability: Drought|[of] p2a: Vulpix
|move|p1a: Gholdengo|Thunderbolt|p2a: Vulpix
|-damage|p2a: Vulpix|0 fnt
|faint|p2a: Vulpix
|
|-weather|SunnyDay|[upkeep]
|upkeep
|
|t:|1758379260
|switch|p2a: Walking Wake|Walking Wake|100/100
|-damage|p2a: Walking Wake|88/100|[from] Stealth Rock
|-activate|p2a: Walking Wake|ability: Protosynthesis
|-start|p2a: Walking Wake|protosynthesisspa
|turn|13
|
|t:|1758379271
|switch|p1a: Enamorus|Enamorus-Therian, F|100/100
|-damage|p1a: Enamorus|76/100|[from] Stealth Rock
|move|p2a: Walking Wake|Weather Ball|p1a: Enamorus
|-damage|p1a: Enamorus|15/100
|-damage|p2a: Walking Wake|78/100|[from] item: Life Orb
|
|-weather|SunnyDay|[upkeep]
|upkeep
|turn|14
|-message|Tutel123 forfeited.
|
|win|Sergeant Garcia
|raw|Tutel123's rating: 1042 &rarr; <strong>1027</strong><br />(-15 for losing)
|raw|Sergeant Garcia's rating: 1080 &rarr; <strong>1105</strong><br />(+25 for winning)
|l|☆Tutel123
|player|p1|
|l|☆Sergeant Garcia
|player|p2|
