|j|☆dogtemple
|j|☆hydromissfocushit
|t:|1758271860
|gametype|singles
|player|p1|dogtemple|roxie|1303
|player|p2|hydromissfocushit|101|1279
|gen|9
|tier|[Gen 9] OU
|rated|
|rule|HP Percentage Mod: HP is shown in percentages
|rule|Endless Battle Clause: Forcing endless battles is banned
|rule|Species Clause: Limit one of each Pokémon
|rule|OHKO Clause: OHKO moves are banned
|rule|Evasion Items Clause: Evasion items are banned
|rule|Evasion Moves Clause: Evasion moves are banned
|rule|Evasion Abilities Clause: Evasion abilities are banned
|rule|Sleep Moves Clause: Sleep-inducing moves are banned
|clearpoke
|poke|p1|Great Tusk|
|poke|p1|Ninetales, F|
|poke|p1|Charizard, F|
|poke|p1|Araquanid, F|
|poke|p1|Raging Bolt|
|poke|p1|Houndstone, F|
|poke|p2|Kyurem|
|poke|p2|Quaquaval, M|
|poke|p2|Alomomola, M|
|poke|p2|Ting-Lu|
|poke|p2|Zapdos|
|poke|p2|Heatran, F|
|teampreview
|inactive|Battle timer is ON: inactive players will automatically lose when time's up. (requested by dogtemple)
|
|t:|1758271872
|teamsize|p1|6
|teamsize|p2|6
|start
|switch|p1a: Araquanid|Araquanid, F|100/100
|switch|p2a: Zapdos|Zapdos|100/100
|turn|1
|
|t:|1758271876
|move|p2a: Zapdos|Hurricane|p1a: Araquanid|[miss]
|-miss|p2a: Zapdos|p1a: Araquanid
|move|p1a: Araquanid|Sticky Web|p2a: Zapdos
|-sidestart|p2: hydromissfocushit|move: Sticky Web
|
|upkeep
|turn|2
|
|t:|1758271882
|switch|p1a: Ninetales|Ninetales, F|100/100
|-weather|SunnyDay|[from] ability: Drought|[of] p1a: Ninetales
|move|p2a: Zapdos|Hurricane|p1a: Ninetales
|-damage|p1a: Ninetales|37/100
|
|-weather|SunnyDay|[upkeep]
|upkeep
|turn|3
|
|t:|1758271891
|move|p1a: Ninetales|Weather Ball|p2a: Zapdos
|-damage|p2a: Zapdos|33/100
|move|p2a: Zapdos|Volt Switch|p1a: Ninetales
|-damage|p1a: Ninetales|0 fnt
|faint|p1a: Ninetales
|
|t:|1758271902
|switch|p2a: Quaquaval|Quaquaval, M|100/100|[from] Volt Switch
|-activate|p2a: Quaquaval|move: Sticky Web
|-unboost|p2a: Quaquaval|spe|1
|
|-weather|SunnyDay|[upkeep]
|upkeep
|
|t:|1758271906
|switch|p1a: Charizard|Charizard, F|100/100
|turn|4
|
|t:|1758271912
|switch|p2a: Heatran|Heatran, F|100/100
|-activate|p2a: Heatran|move: Sticky Web
|-unboost|p2a: Heatran|spe|1
|move|p1a: Charizard|Solar Beam||[still]
|-prepare|p1a: Charizard|Solar Beam
|-anim|p1a: Charizard|Solar Beam|p2a: Heatran
|-resisted|p2a: Heatran
|-damage|p2a: Heatran|88/100
|
|-weather|SunnyDay|[upkeep]
|-damage|p1a: Charizard|88/100|[from] ability: Solar Power|[of] p1a: Charizard
|upkeep
|turn|5
|
|t:|1758271918
|switch|p1a: Raging Bolt|Raging Bolt|100/100
|-activate|p1a: Raging Bolt|ability: Protosynthesis
|-start|p1a: Raging Bolt|protosynthesisspa
|move|p2a: Heatran|Stealth Rock|p1a: Raging Bolt
|-sidestart|p1: dogtemple|move: Stealth Rock
|
|-weather|SunnyDay|[upkeep]
|upkeep
|turn|6
|
|t:|1758271929
|switch|p2a: Ting-Lu|Ting-Lu|100/100
|-activate|p2a: Ting-Lu|move: Sticky Web
|-unboost|p2a: Ting-Lu|spe|1
|-ability|p2a: Ting-Lu|Vessel of Ruin
|move|p1a: Raging Bolt|Calm Mind|p1a: Raging Bolt
|-boost|p1a: Raging Bolt|spa|1
|-boost|p1a: Raging Bolt|spd|1
|
|-weather|SunnyDay|[upkeep]
|upkeep
|turn|7
|
|t:|1758271938
|move|p1a: Raging Bolt|Dragon Pulse|p2a: Ting-Lu
|-damage|p2a: Ting-Lu|63/100
|move|p2a: Ting-Lu|Whirlwind|p1a: Raging Bolt
|-end|p1a: Raging Bolt|Protosynthesis|[silent]
|drag|p1a: Great Tusk|Great Tusk|100/100
|-damage|p1a: Great Tusk|98/100|[from] Stealth Rock
|-activate|p1a: Great Tusk|ability: Protosynthesis
|-start|p1a: Great Tusk|protosynthesisatk
|
|-weather|SunnyDay|[upkeep]
|-heal|p2a: Ting-Lu|69/100|[from] item: Leftovers
|upkeep
|turn|8
|
|t:|1758271945
|switch|p2a: Alomomola|Alomomola, M|100/100
|move|p1a: Great Tusk|Rapid Spin|p2a: Alomomola
|-damage|p2a: Alomomola|87/100
|-boost|p1a: Great Tusk|spe|1
|-sideend|p1: dogtemple|Stealth Rock|[from] move: Rapid Spin|[of] p1a: Great Tusk
|
|-weather|SunnyDay|[upkeep]
|upkeep
|turn|9
|
|t:|1758271948
|move|p1a: Great Tusk|Earthquake|p2a: Alomomola
|-damage|p2a: Alomomola|47/100
|move|p2a: Alomomola|Flip Turn|p1a: Great Tusk
|-supereffective|p1a: Great Tusk
|-damage|p1a: Great Tusk|88/100
|
|t:|1758271957
|switch|p2a: Quaquaval|Quaquaval, M|100/100|[from] Flip Turn
|-activate|p2a: Quaquaval|move: Sticky Web
|-unboost|p2a: Quaquaval|spe|1
|
|-weather|none
|-end|p1a: Great Tusk|Protosynthesis
|upkeep
|turn|10
|
|t:|1758271966
|move|p1a: Great Tusk|Earthquake|p2a: Quaquaval
|-damage|p2a: Quaquaval|29/100
|move|p2a: Quaquaval|Rapid Spin|p1a: Great Tusk
|-damage|p1a: Great Tusk|76/100
|-boost|p2a: Quaquaval|spe|1
|-sideend|p2: hydromissfocushit|Sticky Web|[from] move: Rapid Spin|[of] p2a: Quaquaval
|
|upkeep
|turn|11
|
|t:|1758271969
|move|p1a: Great Tusk|Earthquake|p2a: Quaquaval
|-damage|p2a: Quaquaval|0 fnt
|faint|p2a: Quaquaval
|
|upkeep
|
|t:|1758271976
|switch|p2a: Alomomola|Alomomola, M|80/100
|turn|12
|
|t:|1758271979
|-end|p1a: Great Tusk|Protosynthesis|[silent]
|switch|p1a: Araquanid|Araquanid, F|100/100
|move|p2a: Alomomola|Scald|p1a: Araquanid
|-resisted|p1a: Araquanid
|-damage|p1a: Araquanid|96/100
|
|upkeep
|turn|13
|
|t:|1758271984
|switch|p2a: Zapdos|Zapdos|33/100
|move|p1a: Araquanid|Sticky Web|p2a: Zapdos
|-sidestart|p2: hydromissfocushit|move: Sticky Web
|
|upkeep
|turn|14
|
|t:|1758271988
|move|p2a: Zapdos|Hurricane|p1a: Araquanid|[miss]
|-miss|p2a: Zapdos|p1a: Araquanid
|move|p1a: Araquanid|Liquidation|p2a: Zapdos
|-damage|p2a: Zapdos|0 fnt
|-status|p1a: Araquanid|par|[from] ability: Static|[of] p2a: Zapdos
|faint|p2a: Zapdos
|
|upkeep
|
|t:|1758271995
|switch|p2a: Kyurem|Kyurem|100/100
|-activate|p2a: Kyurem|move: Sticky Web
|-unboost|p2a: Kyurem|spe|1
|-ability|p2a: Kyurem|Pressure
|turn|15
|
|t:|1758272002
|switch|p1a: Houndstone|Houndstone, F|100/100
|move|p2a: Kyurem|Freeze-Dry|p1a: Houndstone
|-damage|p1a: Houndstone|66/100
|
|upkeep
|turn|16
|
|t:|1758272010
|move|p2a: Kyurem|Freeze-Dry|p1a: Houndstone
|-damage|p1a: Houndstone|31/100
|move|p1a: Houndstone|Play Rough|p2a: Kyurem
|-supereffective|p2a: Kyurem
|-damage|p2a: Kyurem|45/100
|
|upkeep
|turn|17
|
|t:|1758272020
|move|p1a: Houndstone|Shadow Sneak|p2a: Kyurem
|-damage|p2a: Kyurem|25/100
|move|p2a: Kyurem|Freeze-Dry|p1a: Houndstone
|-damage|p1a: Houndstone|0 fnt
|faint|p1a: Houndstone
|
|upkeep
|
|t:|1758272026
|switch|p1a: Charizard|Charizard, F|88/100
|turn|18
|
|t:|1758272031
|move|p1a: Charizard|Overheat|p2a: Kyurem
|-damage|p2a: Kyurem|0 fnt
|-unboost|p1a: Charizard|spa|2
|faint|p2a: Kyurem
|
|upkeep
|-message|hydromissfocushit forfeited.
|
|win|dogtemple
|raw|dogtemple's rating: 1303 &rarr; <strong>1322</strong><br />(+19 for winning)
|raw|hydromissfocushit's rating: 1279 &rarr; <strong>1256</strong><br />(-23 for losing)
|l|☆hydromissfocushit
|player|p2|
|l|☆dogtemple
|player|p1|
