|j|☆jlce
|j|☆Detective Shelly
|t:|1758244368
|gametype|singles
|player|p1|jlce|266|1464
|player|p2|Detective Shelly|iris-gen5bw2|1466
|gen|9
|tier|[Gen 9] OU
|rated|
|rule|HP Percentage Mod: HP is shown in percentages
|rule|Endless Battle Clause: Forcing endless battles is banned
|rule|Species Clause: Limit one of each Pokémon
|rule|OHKO Clause: OHKO moves are banned
|rule|Evasion Items Clause: Evasion items are banned
|rule|Evasion Moves Clause: Evasion moves are banned
|rule|Evasion Abilities Clause: Evasion abilities are banned
|rule|Sleep Moves Clause: Sleep-inducing moves are banned
|clearpoke
|poke|p1|Weavile, F|
|poke|p1|Samurott-Hisui, F|
|poke|p1|Hydreigon, F|
|poke|p1|Tentacruel, M|
|poke|p1|Sinistcha|
|poke|p1|Skeledirge, M|
|poke|p2|Great Tusk|
|poke|p2|Scizor, M|
|poke|p2|Moltres|
|poke|p2|Ogerpon-Wellspring, F|
|poke|p2|Enamorus, F|
|poke|p2|Kingambit, F|
|teampreview
|
|t:|1758244386
|teamsize|p1|6
|teamsize|p2|6
|start
|switch|p1a: Samurott|Samurott-Hisui, F|100/100
|switch|p2a: Great Tusk|Great Tusk|100/100
|turn|1
|inactive|Battle timer is ON: inactive players will automatically lose when time's up. (requested by jlce)
|
|t:|1758244422
|move|p2a: Great Tusk|Stealth Rock|p1a: Samurott
|-sidestart|p1: jlce|move: Stealth Rock
|move|p1a: Samurott|Flip Turn|p2a: Great Tusk
|-supereffective|p2a: Great Tusk
|-damage|p2a: Great Tusk|61/100
|-damage|p1a: Samurott|84/100|[from] item: Rocky Helmet|[of] p2a: Great Tusk
|
|t:|1758244440
|switch|p1a: Hydreigon|Hydreigon, F|100/100|[from] Flip Turn
|-damage|p1a: Hydreigon|88/100|[from] Stealth Rock
|
|upkeep
|turn|2
|
|t:|1758244446
|-end|p2a: Great Tusk|Protosynthesis|[silent]
|switch|p2a: Scizor|Scizor, M|100/100
|move|p1a: Hydreigon|Draco Meteor|p2a: Scizor
|-resisted|p2a: Scizor
|-damage|p2a: Scizor|37/100
|-unboost|p1a: Hydreigon|spa|2
|
|upkeep
|turn|3
|
|t:|1758244454
|switch|p1a: Tentacruel|Tentacruel, M|100/100
|switch|p2a: Enamorus|Enamorus, F|100/100
|
|upkeep
|turn|4
|
|t:|1758244471
|move|p2a: Enamorus|Earth Power|p1a: Tentacruel
|-supereffective|p1a: Tentacruel
|-damage|p1a: Tentacruel|59/100
|move|p1a: Tentacruel|Rapid Spin|p2a: Enamorus
|-damage|p2a: Enamorus|88/100
|-boost|p1a: Tentacruel|spe|1
|-sideend|p1: jlce|Stealth Rock|[from] move: Rapid Spin|[of] p1a: Tentacruel
|
|upkeep
|turn|5
|
|t:|1758244490
|move|p1a: Tentacruel|Sludge Wave|p2a: Enamorus
|-supereffective|p2a: Enamorus
|-damage|p2a: Enamorus|15/100
|move|p2a: Enamorus|Earth Power|p1a: Tentacruel
|-supereffective|p1a: Tentacruel
|-damage|p1a: Tentacruel|22/100
|-unboost|p1a: Tentacruel|spd|1
|
|upkeep
|turn|6
|
|t:|1758244503
|switch|p2a: Scizor|Scizor, M|37/100
|move|p1a: Tentacruel|Flip Turn|p2a: Scizor
|-damage|p2a: Scizor|23/100
|
|t:|1758244507
|switch|p1a: Samurott|Samurott-Hisui, F|84/100|[from] Flip Turn
|
|upkeep
|turn|7
|inactive|Detective Shelly has 120 seconds left.
|
|t:|1758244549
|move|p2a: Scizor|Bullet Punch|p1a: Samurott
|-resisted|p1a: Samurott
|-damage|p1a: Samurott|56/100
|move|p1a: Samurott|Ceaseless Edge|p2a: Scizor
|-damage|p2a: Scizor|0 fnt
|-sidestart|p2: Detective Shelly|Spikes
|faint|p2a: Scizor
|
|upkeep
|
|t:|1758244553
|switch|p2a: Great Tusk|Great Tusk|61/100
|-damage|p2a: Great Tusk|49/100|[from] Spikes
|turn|8
|inactive|Detective Shelly has 120 seconds left.
|
|t:|1758244571
|switch|p1a: Sinistcha|Sinistcha|100/100
|move|p2a: Great Tusk|Headlong Rush|p1a: Sinistcha
|-resisted|p1a: Sinistcha
|-damage|p1a: Sinistcha|79/100
|-unboost|p2a: Great Tusk|def|1
|-unboost|p2a: Great Tusk|spd|1
|
|-heal|p1a: Sinistcha|85/100|[from] item: Leftovers
|upkeep
|turn|9
|inactive|Detective Shelly has 120 seconds left.
|
|t:|1758244585
|-end|p2a: Great Tusk|Protosynthesis|[silent]
|switch|p2a: Moltres|Moltres|100/100
|move|p1a: Sinistcha|Matcha Gotcha|p2a: Moltres
|-resisted|p2a: Moltres
|-damage|p2a: Moltres|93/100
|-heal|p1a: Sinistcha|90/100|[from] drain|[of] p2a: Moltres
|
|-heal|p1a: Sinistcha|96/100|[from] item: Leftovers
|upkeep
|turn|10
|
|t:|1758244592
|move|p2a: Moltres|U-turn|p1a: Sinistcha
|-damage|p1a: Sinistcha|86/100
|
|t:|1758244595
|switch|p2a: Ogerpon|Ogerpon-Wellspring, F|100/100|[from] U-turn
|-damage|p2a: Ogerpon|88/100|[from] Spikes
|move|p1a: Sinistcha|Stun Spore|p2a: Ogerpon
|-immune|p2a: Ogerpon
|
|-heal|p1a: Sinistcha|92/100|[from] item: Leftovers
|upkeep
|turn|11
|
|t:|1758244607
|move|p2a: Ogerpon|Encore|p1a: Sinistcha
|-start|p1a: Sinistcha|Encore
|move|p1a: Sinistcha|Stun Spore|p2a: Ogerpon
|-immune|p2a: Ogerpon
|
|-heal|p1a: Sinistcha|98/100|[from] item: Leftovers
|upkeep
|turn|12
|
|t:|1758244618
|switch|p1a: Skeledirge|Skeledirge, M|100/100
|move|p2a: Ogerpon|Ivy Cudgel|p1a: Skeledirge|[anim] Ivy Cudgel Water
|-supereffective|p1a: Skeledirge
|-damage|p1a: Skeledirge|8/100
|
|upkeep
|turn|13
|
|t:|1758244624
|move|p2a: Ogerpon|Ivy Cudgel|p1a: Skeledirge|[anim] Ivy Cudgel Water
|-supereffective|p1a: Skeledirge
|-damage|p1a: Skeledirge|0 fnt
|faint|p1a: Skeledirge
|
|upkeep
|
|t:|1758244629
|switch|p1a: Sinistcha|Sinistcha|98/100
|turn|14
|
|t:|1758244635
|move|p2a: Ogerpon|U-turn|p1a: Sinistcha
|-damage|p1a: Sinistcha|80/100
|
|t:|1758244640
|switch|p2a: Moltres|Moltres|93/100|[from] U-turn
|move|p1a: Sinistcha|Matcha Gotcha|p2a: Moltres
|-resisted|p2a: Moltres
|-damage|p2a: Moltres|85/100
|-heal|p1a: Sinistcha|85/100|[from] drain|[of] p2a: Moltres
|
|-heal|p1a: Sinistcha|91/100|[from] item: Leftovers
|upkeep
|turn|15
|
|t:|1758244650
|switch|p1a: Hydreigon|Hydreigon, F|88/100
|move|p2a: Moltres|U-turn|p1a: Hydreigon
|-supereffective|p1a: Hydreigon
|-damage|p1a: Hydreigon|54/100
|
|t:|1758244659
|switch|p2a: Enamorus|Enamorus, F|15/100|[from] U-turn
|
|upkeep
|turn|16
|
|t:|1758244674
|switch|p1a: Tentacruel|Tentacruel, M|22/100
|move|p2a: Enamorus|Moonblast|p1a: Tentacruel
|-resisted|p1a: Tentacruel
|-crit|p1a: Tentacruel
|-damage|p1a: Tentacruel|0 fnt
|faint|p1a: Tentacruel
|
|upkeep
|
|t:|1758244676
|switch|p1a: Weavile|Weavile, F|100/100
|turn|17
|
|t:|1758244685
|switch|p2a: Moltres|Moltres|85/100
|move|p1a: Weavile|Ice Shard|p2a: Moltres
|-damage|p2a: Moltres|68/100
|-damage|p1a: Weavile|91/100|[from] item: Life Orb
|
|upkeep
|turn|18
|
|t:|1758244691
|move|p1a: Weavile|Triple Axel|p2a: Moltres
|-damage|p2a: Moltres|60/100
|-damage|p2a: Moltres|42/100
|-damage|p2a: Moltres|15/100
|-hitcount|p2a: Moltres|3
|-damage|p1a: Weavile|81/100|[from] item: Life Orb
|move|p2a: Moltres|U-turn|p1a: Weavile
|-supereffective|p1a: Weavile
|-damage|p1a: Weavile|27/100
|inactive|Detective Shelly has 120 seconds left.
|
|t:|1758244725
|switch|p2a: Ogerpon|Ogerpon-Wellspring, F|88/100|[from] U-turn
|-damage|p2a: Ogerpon|76/100|[from] Spikes
|
|upkeep
|turn|19
|
|t:|1758244734
|move|p1a: Weavile|Triple Axel|p2a: Ogerpon
|-damage|p2a: Ogerpon|59/100
|-hitcount|p2a: Ogerpon|1
|-damage|p1a: Weavile|17/100|[from] item: Life Orb
|move|p2a: Ogerpon|Ivy Cudgel|p1a: Weavile|[anim] Ivy Cudgel Water
|-damage|p1a: Weavile|0 fnt
|faint|p1a: Weavile
|
|upkeep
|-message|jlce forfeited.
|
|win|Detective Shelly
|raw|jlce's rating: 1464 &rarr; <strong>1444</strong><br />(-20 for losing)
|raw|Detective Shelly's rating: 1466 &rarr; <strong>1486</strong><br />(+20 for winning)
|l|☆jlce
|player|p1|
|l|☆Detective Shelly
|player|p2|
