|j|☆Korosion
|j|☆mathdragon
|t:|1758349123
|gametype|singles
|player|p1|Korosion|grimsley|1161
|player|p2|mathdragon|lady-gen4|1162
|gen|9
|tier|[Gen 9] OU
|rated|
|rule|HP Percentage Mod: HP is shown in percentages
|rule|Endless Battle Clause: Forcing endless battles is banned
|rule|Species Clause: Limit one of each Pokémon
|rule|OHKO Clause: OHKO moves are banned
|rule|Evasion Items Clause: Evasion items are banned
|rule|Evasion Moves Clause: Evasion moves are banned
|rule|Evasion Abilities Clause: Evasion abilities are banned
|rule|Sleep Moves Clause: Sleep-inducing moves are banned
|clearpoke
|poke|p1|Gliscor, M|
|poke|p1|Skarmory, M|
|poke|p1|Dragapult, M|
|poke|p1|Kingambit, M|
|poke|p1|Skeledirge, F|
|poke|p1|Araquanid, M|
|poke|p2|Dragapult, F|
|poke|p2|Tinkaton, F|
|poke|p2|Glimmora, F|
|poke|p2|Hatterene, F|
|poke|p2|Blissey, F|
|poke|p2|Exeggutor, M|
|teampreview
|
|t:|1758349127
|teamsize|p1|6
|teamsize|p2|6
|start
|switch|p1a: Dragapult|Dragapult, M, shiny|100/100
|switch|p2a: Tinkaton|Tinkaton, F|100/100
|-item|p2a: Tinkaton|Air Balloon
|turn|1
|
|t:|1758349135
|move|p1a: Dragapult|U-turn|p2a: Tinkaton
|-resisted|p2a: Tinkaton
|-damage|p2a: Tinkaton|93/100
|-enditem|p2a: Tinkaton|Air Balloon
|-enditem|p1a: Dragapult|Life Orb|[silent]|[from] ability: Pickpocket|[of] p1a: Dragapult
|-item|p2a: Tinkaton|Life Orb|[from] ability: Pickpocket|[of] p1a: Dragapult
|
|t:|1758349141
|switch|p1a: Gliscor|Gliscor, M|100/100|[from] U-turn
|move|p2a: Tinkaton|Knock Off|p1a: Gliscor
|-damage|p1a: Gliscor|86/100
|-enditem|p1a: Gliscor|Toxic Orb|[from] move: Knock Off|[of] p2a: Tinkaton
|-damage|p2a: Tinkaton|83/100|[from] item: Life Orb
|
|upkeep
|turn|2
|
|t:|1758349154
|switch|p2a: Dragapult|Dragapult, F|100/100
|move|p1a: Gliscor|Earthquake|p2a: Dragapult
|-damage|p2a: Dragapult|57/100
|
|upkeep
|turn|3
|
|t:|1758349160
|move|p2a: Dragapult|Dragon Darts|p1a: Gliscor
|-damage|p1a: Gliscor|65/100
|-anim|p2a: Dragapult|Dragon Darts|p1a: Gliscor
|-damage|p1a: Gliscor|45/100
|move|p1a: Gliscor|Knock Off|p2a: Dragapult
|-supereffective|p2a: Dragapult
|-damage|p2a: Dragapult|1/100
|-enditem|p2a: Dragapult|Choice Scarf|[from] move: Knock Off|[of] p1a: Gliscor
|
|upkeep
|turn|4
|
|t:|1758349169
|move|p2a: Dragapult|Dragon Darts|p1a: Gliscor
|-damage|p1a: Gliscor|27/100
|-anim|p2a: Dragapult|Dragon Darts|p1a: Gliscor
|-damage|p1a: Gliscor|8/100
|move|p1a: Gliscor|Knock Off|p2a: Dragapult
|-supereffective|p2a: Dragapult
|-damage|p2a: Dragapult|0 fnt
|faint|p2a: Dragapult
|
|upkeep
|
|t:|1758349178
|switch|p2a: Glimmora|Glimmora, F|100/100
|turn|5
|
|t:|1758349183
|move|p2a: Glimmora|Stealth Rock|p1a: Gliscor
|-sidestart|p1: Korosion|move: Stealth Rock
|move|p1a: Gliscor|Earthquake|p2a: Glimmora
|-supereffective|p2a: Glimmora
|-enditem|p2a: Glimmora|Focus Sash
|-damage|p2a: Glimmora|1/100
|-activate|p2a: Glimmora|ability: Toxic Debris
|-sidestart|p1: Korosion|move: Toxic Spikes
|
|upkeep
|turn|6
|inactive|Battle timer is ON: inactive players will automatically lose when time's up. (requested by mathdragon)
|
|t:|1758349194
|move|p2a: Glimmora|Power Gem|p1a: Gliscor
|-damage|p1a: Gliscor|0 fnt
|faint|p1a: Gliscor
|
|upkeep
|
|t:|1758349201
|switch|p1a: Kingambit|Kingambit, M|100/100
|-activate|p1a: Kingambit|ability: Supreme Overlord
|-start|p1a: Kingambit|fallen1|[silent]
|turn|7
|
|t:|1758349207
|move|p1a: Kingambit|Sucker Punch|p2a: Glimmora
|-damage|p2a: Glimmora|0 fnt
|-activate|p2a: Glimmora|ability: Toxic Debris
|-sidestart|p1: Korosion|move: Toxic Spikes
|faint|p2a: Glimmora
|
|upkeep
|
|t:|1758349214
|switch|p2a: Exeggutor|Exeggutor, M|100/100
|turn|8
|
|t:|1758349220
|-terastallize|p2a: Exeggutor|Fighting
|move|p1a: Kingambit|Kowtow Cleave|p2a: Exeggutor
|-resisted|p2a: Exeggutor
|-damage|p2a: Exeggutor|77/100
|move|p2a: Exeggutor|Tera Blast|p1a: Kingambit|[anim] Tera Blast Fighting
|-supereffective|p1a: Kingambit
|-damage|p1a: Kingambit|0 fnt
|faint|p1a: Kingambit
|-end|p1a: Kingambit|fallen1|[silent]
|
|upkeep
|
|t:|1758349226
|switch|p1a: Skarmory|Skarmory, M|100/100
|-damage|p1a: Skarmory|88/100|[from] Stealth Rock
|turn|9
|
|t:|1758349234
|switch|p2a: Hatterene|Hatterene, F|100/100
|move|p1a: Skarmory|Iron Defense|p1a: Skarmory
|-boost|p1a: Skarmory|def|2
|
|upkeep
|turn|10
|
|t:|1758349258
|move|p1a: Skarmory|Iron Defense|p1a: Skarmory
|-boost|p1a: Skarmory|def|2
|move|p2a: Hatterene|Nuzzle|p1a: Skarmory
|-supereffective|p1a: Skarmory
|-damage|p1a: Skarmory|86/100
|-status|p1a: Skarmory|par
|-damage|p2a: Hatterene|84/100|[from] item: Rocky Helmet|[of] p1a: Skarmory
|-ability|p1a: Skarmory|Weak Armor|boost
|-unboost|p1a: Skarmory|def|1
|-boost|p1a: Skarmory|spe|2
|
|-heal|p2a: Hatterene|90/100|[from] item: Leftovers
|upkeep
|turn|11
|
|t:|1758349271
|cant|p1a: Skarmory|par
|move|p2a: Hatterene|Mystical Fire|p1a: Skarmory
|-supereffective|p1a: Skarmory
|-damage|p1a: Skarmory|24/100 par
|-unboost|p1a: Skarmory|spa|1
|
|-heal|p2a: Hatterene|96/100|[from] item: Leftovers
|upkeep
|turn|12
|
|t:|1758349280
|move|p1a: Skarmory|Body Press|p2a: Hatterene
|-resisted|p2a: Hatterene
|-damage|p2a: Hatterene|81/100
|move|p2a: Hatterene|Psychic Noise|p1a: Skarmory
|-resisted|p1a: Skarmory
|-damage|p1a: Skarmory|0 fnt
|faint|p1a: Skarmory
|
|-heal|p2a: Hatterene|87/100|[from] item: Leftovers
|upkeep
|
|t:|1758349285
|switch|p1a: Skeledirge|Skeledirge, F|100/100
|-damage|p1a: Skeledirge|75/100|[from] Stealth Rock
|-status|p1a: Skeledirge|tox
|turn|13
|
|t:|1758349296
|switch|p2a: Blissey|Blissey, F|100/100
|move|p1a: Skeledirge|Torch Song|p2a: Blissey
|-damage|p2a: Blissey|90/100
|-boost|p1a: Skeledirge|spa|1
|
|-heal|p1a: Skeledirge|82/100 tox|[from] item: Leftovers
|-damage|p1a: Skeledirge|75/100 tox|[from] psn
|upkeep
|turn|14
|
|t:|1758349306
|move|p1a: Skeledirge|Torch Song|p2a: Blissey
|-damage|p2a: Blissey|76/100
|-boost|p1a: Skeledirge|spa|1
|move|p2a: Blissey|Shadow Ball|p1a: Skeledirge
|-supereffective|p1a: Skeledirge
|-damage|p1a: Skeledirge|43/100 tox
|
|-heal|p1a: Skeledirge|50/100 tox|[from] item: Leftovers
|-damage|p1a: Skeledirge|37/100 tox|[from] psn
|upkeep
|turn|15
|
|t:|1758349318
|move|p1a: Skeledirge|Torch Song|p2a: Blissey
|-damage|p2a: Blissey|58/100
|-boost|p1a: Skeledirge|spa|1
|move|p2a: Blissey|Shadow Ball|p1a: Skeledirge
|-supereffective|p1a: Skeledirge
|-damage|p1a: Skeledirge|6/100 tox
|
|-heal|p1a: Skeledirge|12/100 tox|[from] item: Leftovers
|-damage|p1a: Skeledirge|0 fnt|[from] psn
|faint|p1a: Skeledirge
|upkeep
|
|t:|1758349326
|switch|p1a: Dragapult|Dragapult, M, shiny|100/100
|-damage|p1a: Dragapult|88/100|[from] Stealth Rock
|-status|p1a: Dragapult|tox
|turn|16
|
|t:|1758349334
|switch|p2a: Tinkaton|Tinkaton, F|83/100
|move|p1a: Dragapult|Dragon Darts|p2a: Tinkaton
|-immune|p2a: Tinkaton
|
|-damage|p1a: Dragapult|82/100 tox|[from] psn
|upkeep
|turn|17
|
|t:|1758349342
|-terastallize|p1a: Dragapult|Ghost
|move|p1a: Dragapult|Tera Blast|p2a: Tinkaton|[anim] Tera Blast Ghost
|-damage|p2a: Tinkaton|18/100
|move|p2a: Tinkaton|Knock Off|p1a: Dragapult
|-supereffective|p1a: Dragapult
|-damage|p1a: Dragapult|37/100 tox
|-damage|p2a: Tinkaton|8/100|[from] item: Life Orb
|
|-damage|p1a: Dragapult|25/100 tox|[from] psn
|upkeep
|turn|18
|-message|Korosion forfeited.
|
|win|mathdragon
|raw|Korosion's rating: 1161 &rarr; <strong>1136</strong><br />(-25 for losing)
|raw|mathdragon's rating: 1162 &rarr; <strong>1187</strong><br />(+25 for winning)
|l|☆Korosion
|player|p1|
|l|☆mathdragon
|player|p2|
