|j|☆zabbaman
|j|☆EmmanuelR205506
|t:|1758343148
|gametype|singles
|player|p1|zabbaman|266|1649
|player|p2|EmmanuelR205506|palmer|1676
|gen|9
|tier|[Gen 9] OU
|rated|
|rule|HP Percentage Mod: HP is shown in percentages
|rule|Endless Battle Clause: Forcing endless battles is banned
|rule|Species Clause: Limit one of each Pokémon
|rule|OHKO Clause: OHKO moves are banned
|rule|Evasion Items Clause: Evasion items are banned
|rule|Evasion Moves Clause: Evasion moves are banned
|rule|Evasion Abilities Clause: Evasion abilities are banned
|rule|Sleep Moves Clause: Sleep-inducing moves are banned
|clearpoke
|poke|p1|Tyranitar, M|
|poke|p1|Garchomp, F|
|poke|p1|Salamence, F|
|poke|p1|Clefable, M|
|poke|p1|Gholdengo|
|poke|p1|Excadrill, F|
|poke|p2|Cinderace, M|
|poke|p2|Gholdengo|
|poke|p2|Heatran, M|
|poke|p2|Great Tusk|
|poke|p2|Primarina, F|
|poke|p2|Iron Valiant|
|teampreview
|inactive|Battle timer is ON: inactive players will automatically lose when time's up. (requested by EmmanuelR205506)
|inactive|zabbaman has 120 seconds left.
|
|t:|1758343186
|teamsize|p1|6
|teamsize|p2|6
|start
|switch|p1a: Garchomp|Garchomp, F|100/100
|switch|p2a: Cinderace|Cinderace, M|100/100
|turn|1
|
|t:|1758343192
|move|p2a: Cinderace|U-turn|p1a: Garchomp
|-start|p2a: Cinderace|typechange|Bug|[from] ability: Libero
|-damage|p1a: Garchomp|47/100
|-damage|p2a: Cinderace|88/100|[from] ability: Rough Skin|[of] p1a: Garchomp
|
|t:|1758343195
|switch|p2a: Great Tusk|Great Tusk|100/100|[from] U-turn
|move|p1a: Garchomp|Earthquake|p2a: Great Tusk
|-damage|p2a: Great Tusk|57/100
|
|upkeep
|turn|2
|
|t:|1758343200
|switch|p1a: Salamence|Salamence, F|100/100
|-ability|p1a: Salamence|Intimidate|boost
|-unboost|p2a: Great Tusk|atk|1
|move|p2a: Great Tusk|Body Press|p1a: Salamence
|-resisted|p1a: Salamence
|-damage|p1a: Salamence|82/100
|
|upkeep
|turn|3
|
|t:|1758343204
|-end|p2a: Great Tusk|Protosynthesis|[silent]
|switch|p2a: Primarina|Primarina, F|100/100
|move|p1a: Salamence|Hurricane|p2a: Primarina|[miss]
|-miss|p1a: Salamence|p2a: Primarina
|
|upkeep
|turn|4
|
|t:|1758343208
|switch|p1a: Clefable|Clefable, M, shiny|100/100
|move|p2a: Primarina|Flip Turn|p1a: Clefable
|-damage|p1a: Clefable|83/100
|
|t:|1758343210
|switch|p2a: Cinderace|Cinderace, M|88/100|[from] Flip Turn
|
|-heal|p1a: Clefable|89/100|[from] item: Leftovers
|upkeep
|turn|5
|
|t:|1758343219
|switch|p1a: Salamence|Salamence, F|82/100
|-ability|p1a: Salamence|Intimidate|boost
|-unboost|p2a: Cinderace|atk|1
|move|p2a: Cinderace|Gunk Shot|p1a: Salamence
|-start|p2a: Cinderace|typechange|Poison|[from] ability: Libero
|-damage|p1a: Salamence|38/100
|
|upkeep
|turn|6
|
|t:|1758343228
|move|p2a: Cinderace|Gunk Shot|p1a: Salamence
|-damage|p1a: Salamence|0 fnt
|faint|p1a: Salamence
|
|upkeep
|
|t:|1758343231
|switch|p1a: Gholdengo|Gholdengo|100/100
|-item|p1a: Gholdengo|Air Balloon
|turn|7
|
|t:|1758343236
|switch|p2a: Heatran|Heatran, M|100/100
|move|p1a: Gholdengo|Nasty Plot|p1a: Gholdengo
|-boost|p1a: Gholdengo|spa|2
|
|upkeep
|turn|8
|
|t:|1758343240
|move|p1a: Gholdengo|Shadow Ball|p2a: Heatran
|-damage|p2a: Heatran|47/100
|move|p2a: Heatran|Magma Storm|p1a: Gholdengo
|-supereffective|p1a: Gholdengo
|-damage|p1a: Gholdengo|11/100
|-activate|p1a: Gholdengo|move: Magma Storm|[of] p2a: Heatran
|-enditem|p1a: Gholdengo|Air Balloon
|
|-heal|p2a: Heatran|53/100|[from] item: Leftovers
|-damage|p1a: Gholdengo|0 fnt|[from] move: Magma Storm|[partiallytrapped]
|faint|p1a: Gholdengo
|upkeep
|
|t:|1758343246
|switch|p1a: Tyranitar|Tyranitar, M, shiny|100/100
|-weather|Sandstorm|[from] ability: Sand Stream|[of] p1a: Tyranitar
|turn|9
|
|t:|1758343251
|switch|p2a: Great Tusk|Great Tusk|57/100
|move|p1a: Tyranitar|Earthquake|p2a: Great Tusk
|-damage|p2a: Great Tusk|40/100
|-damage|p1a: Tyranitar|91/100|[from] item: Life Orb
|
|-weather|Sandstorm|[upkeep]
|upkeep
|turn|10
|
|t:|1758343255
|move|p1a: Tyranitar|Ice Beam|p2a: Great Tusk
|-supereffective|p2a: Great Tusk
|-damage|p2a: Great Tusk|0 fnt
|faint|p2a: Great Tusk
|-end|p2a: Great Tusk|Protosynthesis|[silent]
|-damage|p1a: Tyranitar|81/100|[from] item: Life Orb
|
|-weather|Sandstorm|[upkeep]
|upkeep
|
|t:|1758343258
|switch|p2a: Cinderace|Cinderace, M|88/100
|turn|11
|
|t:|1758343264
|switch|p1a: Garchomp|Garchomp, F|47/100
|move|p2a: Cinderace|U-turn|p1a: Garchomp
|-start|p2a: Cinderace|typechange|Bug|[from] ability: Libero
|-damage|p1a: Garchomp|0 fnt
|-damage|p2a: Cinderace|76/100|[from] ability: Rough Skin|[of] p1a: Garchomp
|faint|p1a: Garchomp
|
|t:|1758343268
|switch|p2a: Primarina|Primarina, F|100/100|[from] U-turn
|
|-weather|Sandstorm|[upkeep]
|-damage|p2a: Primarina|94/100|[from] Sandstorm
|upkeep
|
|t:|1758343270
|switch|p1a: Excadrill|Excadrill, F, shiny|100/100
|-item|p1a: Excadrill|Air Balloon
|turn|12
|
|t:|1758343274
|-terastallize|p1a: Excadrill|Electric
|move|p1a: Excadrill|Tera Blast|p2a: Primarina|[anim] Tera Blast Electric
|-supereffective|p2a: Primarina
|-damage|p2a: Primarina|0 fnt
|faint|p2a: Primarina
|
|-weather|Sandstorm|[upkeep]
|upkeep
|
|t:|1758343286
|switch|p2a: Heatran|Heatran, M|53/100
|turn|13
|
|t:|1758343294
|switch|p1a: Clefable|Clefable, M, shiny|89/100
|-terastallize|p2a: Heatran|Grass
|move|p2a: Heatran|Will-O-Wisp|p1a: Clefable
|-status|p1a: Clefable|brn
|
|-weather|none
|-heal|p2a: Heatran|59/100|[from] item: Leftovers
|-heal|p1a: Clefable|95/100 brn|[from] item: Leftovers
|upkeep
|turn|14
|
|t:|1758343301
|move|p2a: Heatran|Stealth Rock|p1a: Clefable
|-sidestart|p1: zabbaman|move: Stealth Rock
|move|p1a: Clefable|Thunder Wave|p2a: Heatran
|-status|p2a: Heatran|par
|
|-heal|p1a: Clefable|100/100 brn|[from] item: Leftovers
|-heal|p2a: Heatran|65/100 par|[from] item: Leftovers
|upkeep
|turn|15
|
|t:|1758343308
|move|p1a: Clefable|Encore|p2a: Heatran
|-start|p2a: Heatran|Encore
|move|p2a: Heatran|Stealth Rock||[still]
|-fail|p2a: Heatran
|
|-heal|p2a: Heatran|71/100 par|[from] item: Leftovers
|upkeep
|turn|16
|
|t:|1758343311
|switch|p1a: Tyranitar|Tyranitar, M, shiny|81/100
|-damage|p1a: Tyranitar|68/100|[from] Stealth Rock
|-weather|Sandstorm|[from] ability: Sand Stream|[of] p1a: Tyranitar
|switch|p2a: Gholdengo|Gholdengo|100/100
|
|-weather|Sandstorm|[upkeep]
|upkeep
|turn|17
|
|t:|1758343319
|move|p1a: Tyranitar|Knock Off|p2a: Gholdengo
|-supereffective|p2a: Gholdengo
|-damage|p2a: Gholdengo|22/100
|-enditem|p2a: Gholdengo|Leftovers|[from] move: Knock Off|[of] p1a: Tyranitar
|-damage|p1a: Tyranitar|58/100|[from] item: Life Orb
|move|p2a: Gholdengo|Thunder Wave|p1a: Tyranitar|[miss]
|-miss|p2a: Gholdengo|p1a: Tyranitar
|
|-weather|Sandstorm|[upkeep]
|upkeep
|turn|18
|
|t:|1758343328
|move|p1a: Tyranitar|Knock Off|p2a: Gholdengo
|-supereffective|p2a: Gholdengo
|-damage|p2a: Gholdengo|0 fnt
|faint|p2a: Gholdengo
|-damage|p1a: Tyranitar|48/100|[from] item: Life Orb
|
|-weather|Sandstorm|[upkeep]
|upkeep
|
|t:|1758343330
|switch|p2a: Cinderace|Cinderace, M|76/100
|turn|19
|
|t:|1758343336
|switch|p1a: Clefable|Clefable, M, shiny|100/100 brn
|move|p2a: Cinderace|U-turn|p1a: Clefable
|-start|p2a: Cinderace|typechange|Bug|[from] ability: Libero
|-resisted|p1a: Clefable
|-damage|p1a: Clefable|73/100 brn
|
|t:|1758343341
|switch|p2a: Heatran|Heatran, M, tera:Grass|71/100 par|[from] U-turn
|
|-weather|Sandstorm|[upkeep]
|-damage|p2a: Heatran|65/100 par|[from] Sandstorm
|-heal|p1a: Clefable|79/100 brn|[from] item: Leftovers
|-heal|p2a: Heatran|71/100 par|[from] item: Leftovers
|upkeep
|turn|20
|
|t:|1758343347
|move|p1a: Clefable|Moonblast|p2a: Heatran
|-damage|p2a: Heatran|51/100 par
|cant|p2a: Heatran|par
|
|-weather|none
|-heal|p1a: Clefable|85/100 brn|[from] item: Leftovers
|-heal|p2a: Heatran|57/100 par|[from] item: Leftovers
|upkeep
|turn|21
|
|t:|1758343354
|switch|p1a: Tyranitar|Tyranitar, M, shiny|48/100
|-damage|p1a: Tyranitar|36/100|[from] Stealth Rock
|-weather|Sandstorm|[from] ability: Sand Stream|[of] p1a: Tyranitar
|switch|p2a: Cinderace|Cinderace, M|76/100
|
|-weather|Sandstorm|[upkeep]
|-damage|p2a: Cinderace|70/100|[from] Sandstorm
|upkeep
|turn|22
|
|t:|1758343358
|move|p2a: Cinderace|U-turn|p1a: Tyranitar
|-start|p2a: Cinderace|typechange|Bug|[from] ability: Libero
|-supereffective|p1a: Tyranitar
|-damage|p1a: Tyranitar|0 fnt
|faint|p1a: Tyranitar
|
|t:|1758343360
|switch|p2a: Heatran|Heatran, M, tera:Grass|57/100 par|[from] U-turn
|
|-weather|Sandstorm|[upkeep]
|-damage|p2a: Heatran|51/100 par|[from] Sandstorm
|-heal|p2a: Heatran|57/100 par|[from] item: Leftovers
|upkeep
|
|t:|1758343362
|switch|p1a: Excadrill|Excadrill, F, shiny, tera:Electric|100/100
|-damage|p1a: Excadrill|88/100|[from] Stealth Rock
|-item|p1a: Excadrill|Air Balloon
|turn|23
|
|t:|1758343365
|move|p1a: Excadrill|Swords Dance|p1a: Excadrill
|-boost|p1a: Excadrill|atk|2
|cant|p2a: Heatran|par
|
|-weather|Sandstorm|[upkeep]
|-damage|p2a: Heatran|51/100 par|[from] Sandstorm
|-heal|p2a: Heatran|57/100 par|[from] item: Leftovers
|upkeep
|turn|24
|
|t:|1758343370
|move|p1a: Excadrill|Iron Head|p2a: Heatran
|-damage|p2a: Heatran|0 fnt
|faint|p2a: Heatran
|
|-weather|Sandstorm|[upkeep]
|upkeep
|
|t:|1758343375
|switch|p2a: Iron Valiant|Iron Valiant|100/100
|-enditem|p2a: Iron Valiant|Booster Energy
|-activate|p2a: Iron Valiant|ability: Quark Drive|[fromitem]
|-start|p2a: Iron Valiant|quarkdrivespe
|turn|25
|
|t:|1758343377
|move|p1a: Excadrill|Iron Head|p2a: Iron Valiant
|-supereffective|p2a: Iron Valiant
|-damage|p2a: Iron Valiant|0 fnt
|faint|p2a: Iron Valiant
|-end|p2a: Iron Valiant|Quark Drive|[silent]
|
|-weather|none
|upkeep
|
|t:|1758343379
|switch|p2a: Cinderace|Cinderace, M|70/100
|turn|26
|
|t:|1758343383
|move|p2a: Cinderace|Pyro Ball|p1a: Excadrill
|-damage|p1a: Excadrill|0 fnt
|-enditem|p1a: Excadrill|Air Balloon
|faint|p1a: Excadrill
|
|upkeep
|
|t:|1758343385
|switch|p1a: Clefable|Clefable, M, shiny|85/100 brn
|turn|27
|
|t:|1758343391
|move|p2a: Cinderace|Pyro Ball|p1a: Clefable
|-damage|p1a: Clefable|0 fnt
|faint|p1a: Clefable
|
|win|EmmanuelR205506
|raw|zabbaman's rating: 1649 &rarr; <strong>1631</strong><br />(-18 for losing)
|raw|EmmanuelR205506's rating: 1676 &rarr; <strong>1694</strong><br />(+18 for winning)
|l|☆zabbaman
|player|p1|
|l|☆EmmanuelR205506
|player|p2|
