|j|☆Fueled off Salts
|j|☆nanosk1
|t:|1758337009
|gametype|singles
|player|p1|Fueled off Salts|tuber|1264
|player|p2|nanosk1|102|1233
|gen|9
|tier|[Gen 9] OU
|rated|
|rule|HP Percentage Mod: HP is shown in percentages
|rule|Endless Battle Clause: Forcing endless battles is banned
|rule|Species Clause: Limit one of each Pokémon
|rule|OHKO Clause: OHKO moves are banned
|rule|Evasion Items Clause: Evasion items are banned
|rule|Evasion Moves Clause: Evasion moves are banned
|rule|Evasion Abilities Clause: Evasion abilities are banned
|rule|Sleep Moves Clause: Sleep-inducing moves are banned
|clearpoke
|poke|p1|Mandibuzz, F|
|poke|p1|Suicune|
|poke|p1|Jirachi|
|poke|p1|Hatterene, F|
|poke|p1|Sinistcha-Masterpiece|
|poke|p1|Moltres|
|poke|p2|Corviknight, F|
|poke|p2|Garganacl, M|
|poke|p2|Meowscarada, F|
|poke|p2|Dragapult, F|
|poke|p2|Great Tusk|
|poke|p2|Iron Moth|
|teampreview
|
|t:|1758337037
|teamsize|p1|6
|teamsize|p2|6
|start
|switch|p1a: Suicune|Suicune|100/100
|switch|p2a: Garganacl|Garganacl, M|100/100
|-ability|p1a: Suicune|Pressure
|turn|1
|
|t:|1758337047
|-terastallize|p2a: Garganacl|Ghost
|move|p1a: Suicune|Scald|p2a: Garganacl
|-damage|p2a: Garganacl|76/100
|move|p2a: Garganacl|Stealth Rock|p1a: Suicune
|-sidestart|p1: Fueled off Salts|move: Stealth Rock
|
|upkeep
|turn|2
|
|t:|1758337054
|move|p1a: Suicune|Scald|p2a: Garganacl
|-damage|p2a: Garganacl|53/100
|move|p2a: Garganacl|Salt Cure|p1a: Suicune
|-damage|p1a: Suicune|91/100
|-start|p1a: Suicune|Salt Cure
|
|-heal|p1a: Suicune|97/100|[from] item: Leftovers
|-damage|p1a: Suicune|72/100|[from] Salt Cure
|upkeep
|turn|3
|
|t:|1758337063
|move|p1a: Suicune|Scald|p2a: Garganacl
|-damage|p2a: Garganacl|29/100
|move|p2a: Garganacl|Recover|p2a: Garganacl
|-heal|p2a: Garganacl|79/100
|
|-heal|p1a: Suicune|78/100|[from] item: Leftovers
|-damage|p1a: Suicune|53/100|[from] Salt Cure
|upkeep
|turn|4
|
|t:|1758337084
|switch|p1a: Sinistcha|Sinistcha-Masterpiece|100/100
|-damage|p1a: Sinistcha|88/100|[from] Stealth Rock
|move|p2a: Garganacl|Protect||[still]
|-fail|p2a: Garganacl
|
|-heal|p1a: Sinistcha|94/100|[from] item: Leftovers
|upkeep
|turn|5
|
|t:|1758337093
|move|p1a: Sinistcha|Shadow Ball|p2a: Garganacl
|-supereffective|p2a: Garganacl
|-damage|p2a: Garganacl|50/100
|move|p2a: Garganacl|Salt Cure|p1a: Sinistcha
|-damage|p1a: Sinistcha|82/100
|-start|p1a: Sinistcha|Salt Cure
|
|-heal|p1a: Sinistcha|88/100|[from] item: Leftovers
|-damage|p1a: Sinistcha|75/100|[from] Salt Cure
|upkeep
|turn|6
|
|t:|1758337110
|move|p2a: Garganacl|Protect|p2a: Garganacl
|-singleturn|p2a: Garganacl|Protect
|move|p1a: Sinistcha|Curse|p2a: Garganacl
|-start|p2a: Garganacl|Curse|[of] p1a: Sinistcha
|-damage|p1a: Sinistcha|25/100
|
|-heal|p1a: Sinistcha|31/100|[from] item: Leftovers
|-damage|p2a: Garganacl|25/100|[from] Curse
|-damage|p1a: Sinistcha|19/100|[from] Salt Cure
|upkeep
|turn|7
|
|t:|1758337121
|switch|p2a: Corviknight|Corviknight, F|100/100
|move|p1a: Sinistcha|Strength Sap|p2a: Corviknight
|-ability|p2a: Corviknight|Mirror Armor
|-unboost|p1a: Sinistcha|atk|1
|-heal|p1a: Sinistcha|80/100
|
|-heal|p1a: Sinistcha|86/100|[from] item: Leftovers
|-damage|p1a: Sinistcha|73/100|[from] Salt Cure
|upkeep
|turn|8
|
|t:|1758337138
|move|p1a: Sinistcha|Shadow Ball|p2a: Corviknight
|-damage|p2a: Corviknight|67/100
|-ability|p2a: Corviknight|Mirror Armor
|-unboost|p1a: Sinistcha|spd|1
|move|p2a: Corviknight|Iron Head|p1a: Sinistcha
|-damage|p1a: Sinistcha|49/100
|
|-heal|p1a: Sinistcha|55/100|[from] item: Leftovers
|-damage|p1a: Sinistcha|42/100|[from] Salt Cure
|upkeep
|turn|9
|
|t:|1758337149
|move|p1a: Sinistcha|Strength Sap|p2a: Corviknight
|-ability|p2a: Corviknight|Mirror Armor
|-unboost|p1a: Sinistcha|atk|1
|-heal|p1a: Sinistcha|100/100
|move|p2a: Corviknight|Roost|p2a: Corviknight
|-heal|p2a: Corviknight|100/100
|-singleturn|p2a: Corviknight|move: Roost
|
|-damage|p1a: Sinistcha|88/100|[from] Salt Cure
|upkeep
|turn|10
|
|t:|1758337162
|move|p1a: Sinistcha|Shadow Ball|p2a: Corviknight
|-damage|p2a: Corviknight|67/100
|move|p2a: Corviknight|Iron Head|p1a: Sinistcha
|-damage|p1a: Sinistcha|66/100
|
|-heal|p1a: Sinistcha|72/100|[from] item: Leftovers
|-damage|p1a: Sinistcha|60/100|[from] Salt Cure
|upkeep
|turn|11
|
|t:|1758337171
|move|p1a: Sinistcha|Strength Sap|p2a: Corviknight
|-ability|p2a: Corviknight|Mirror Armor
|-unboost|p1a: Sinistcha|atk|1
|-heal|p1a: Sinistcha|100/100
|move|p2a: Corviknight|Roost|p2a: Corviknight
|-heal|p2a: Corviknight|100/100
|-singleturn|p2a: Corviknight|move: Roost
|
|-damage|p1a: Sinistcha|88/100|[from] Salt Cure
|upkeep
|turn|12
|
|t:|1758337182
|switch|p2a: Garganacl|Garganacl, M, tera:Ghost|25/100
|move|p1a: Sinistcha|Shadow Ball|p2a: Garganacl
|-supereffective|p2a: Garganacl
|-damage|p2a: Garganacl|0 fnt
|faint|p2a: Garganacl
|
|-heal|p1a: Sinistcha|94/100|[from] item: Leftovers
|-damage|p1a: Sinistcha|82/100|[from] Salt Cure
|upkeep
|
|t:|1758337191
|switch|p2a: Meowscarada|Meowscarada, F|100/100
|turn|13
|
|t:|1758337204
|switch|p1a: Moltres|Moltres|100/100
|move|p2a: Meowscarada|Knock Off|p1a: Moltres
|-damage|p1a: Moltres|68/100
|-enditem|p1a: Moltres|Heavy-Duty Boots|[from] move: Knock Off|[of] p2a: Meowscarada
|
|upkeep
|turn|14
|
|t:|1758337215
|switch|p2a: Great Tusk|Great Tusk|100/100
|move|p1a: Moltres|Flamethrower|p2a: Great Tusk
|-damage|p2a: Great Tusk|65/100
|
|upkeep
|turn|15
|
|t:|1758337227
|-end|p2a: Great Tusk|Protosynthesis|[silent]
|switch|p2a: Iron Moth|Iron Moth|100/100
|-enditem|p2a: Iron Moth|Booster Energy
|-activate|p2a: Iron Moth|ability: Quark Drive|[fromitem]
|-start|p2a: Iron Moth|quarkdrivespe
|move|p1a: Moltres|Flamethrower|p2a: Iron Moth
|-resisted|p2a: Iron Moth
|-damage|p2a: Iron Moth|80/100
|
|upkeep
|turn|16
|
|t:|1758337239
|move|p2a: Iron Moth|Meteor Beam||[still]
|-prepare|p2a: Iron Moth|Meteor Beam
|-boost|p2a: Iron Moth|spa|1
|move|p1a: Moltres|Roar|p2a: Iron Moth
|-end|p2a: Iron Moth|Quark Drive|[silent]
|drag|p2a: Meowscarada|Meowscarada, F|100/100
|
|upkeep
|turn|17
|
|t:|1758337245
|move|p2a: Meowscarada|U-turn|p1a: Moltres
|-resisted|p1a: Moltres
|-damage|p1a: Moltres|64/100
|
|t:|1758337249
|switch|p2a: Iron Moth|Iron Moth|80/100|[from] U-turn
|move|p1a: Moltres|Flamethrower|p2a: Iron Moth
|-resisted|p2a: Iron Moth
|-damage|p2a: Iron Moth|62/100
|
|upkeep
|turn|18
|
|t:|1758337256
|move|p2a: Iron Moth|Sludge Wave|p1a: Moltres
|-damage|p1a: Moltres|13/100
|move|p1a: Moltres|Roar|p2a: Iron Moth
|-end|p2a: Iron Moth|Quark Drive|[silent]
|drag|p2a: Dragapult|Dragapult, F|100/100
|
|upkeep
|turn|19
|
|t:|1758337285
|switch|p1a: Hatterene|Hatterene, F|100/100
|-damage|p1a: Hatterene|88/100|[from] Stealth Rock
|move|p2a: Dragapult|Dragon Darts|p1a: Hatterene
|-immune|p1a: Hatterene
|
|-heal|p1a: Hatterene|94/100|[from] item: Leftovers
|upkeep
|turn|20
|
|t:|1758337297
|switch|p2a: Iron Moth|Iron Moth|62/100
|move|p1a: Hatterene|Calm Mind|p1a: Hatterene
|-boost|p1a: Hatterene|spa|1
|-boost|p1a: Hatterene|spd|1
|
|-heal|p1a: Hatterene|99/100|[from] item: Leftovers
|upkeep
|turn|21
|
|t:|1758337324
|move|p2a: Iron Moth|Sludge Wave|p1a: Hatterene
|-supereffective|p1a: Hatterene
|-damage|p1a: Hatterene|38/100
|move|p1a: Hatterene|Nuzzle|p2a: Iron Moth
|-damage|p2a: Iron Moth|56/100
|-status|p2a: Iron Moth|par
|
|-heal|p1a: Hatterene|44/100|[from] item: Leftovers
|upkeep
|turn|22
|
|t:|1758337340
|switch|p1a: Moltres|Moltres|13/100
|-damage|p1a: Moltres|0 fnt|[from] Stealth Rock
|faint|p1a: Moltres
|cant|p2a: Iron Moth|par
|
|upkeep
|
|t:|1758337356
|switch|p1a: Mandibuzz|Mandibuzz, F|100/100
|-damage|p1a: Mandibuzz|75/100|[from] Stealth Rock
|turn|23
|
|t:|1758337361
|move|p1a: Mandibuzz|Bone Rush|p2a: Iron Moth
|-supereffective|p2a: Iron Moth
|-damage|p2a: Iron Moth|17/100 par
|-supereffective|p2a: Iron Moth
|-damage|p2a: Iron Moth|0 fnt
|faint|p2a: Iron Moth
|-end|p2a: Iron Moth|Quark Drive|[silent]
|-hitcount|p2: Iron Moth|2
|
|upkeep
|
|t:|1758337368
|switch|p2a: Meowscarada|Meowscarada, F|100/100
|turn|24
|
|t:|1758337382
|move|p2a: Meowscarada|Triple Axel|p1a: Mandibuzz
|-supereffective|p1a: Mandibuzz
|-damage|p1a: Mandibuzz|65/100
|-ability|p1a: Mandibuzz|Weak Armor|boost
|-unboost|p1a: Mandibuzz|def|1
|-boost|p1a: Mandibuzz|spe|2
|-supereffective|p1a: Mandibuzz
|-damage|p1a: Mandibuzz|32/100
|-ability|p1a: Mandibuzz|Weak Armor|boost
|-unboost|p1a: Mandibuzz|def|1
|-boost|p1a: Mandibuzz|spe|2
|-supereffective|p1a: Mandibuzz
|-damage|p1a: Mandibuzz|0 fnt
|faint|p1a: Mandibuzz
|-hitcount|p1: Mandibuzz|3
|
|upkeep
|
|t:|1758337415
|switch|p1a: Sinistcha|Sinistcha-Masterpiece|82/100
|-damage|p1a: Sinistcha|69/100|[from] Stealth Rock
|turn|25
|
|t:|1758337423
|switch|p2a: Corviknight|Corviknight, F|100/100
|-terastallize|p1a: Sinistcha|Poison
|move|p1a: Sinistcha|Matcha Gotcha|p2a: Corviknight|[miss]
|-miss|p1a: Sinistcha|p2a: Corviknight
|
|-heal|p1a: Sinistcha|75/100|[from] item: Leftovers
|upkeep
|turn|26
|
|t:|1758337433
|move|p1a: Sinistcha|Shadow Ball|p2a: Corviknight
|-damage|p2a: Corviknight|65/100
|move|p2a: Corviknight|Iron Head|p1a: Sinistcha
|-damage|p1a: Sinistcha|54/100
|
|-heal|p1a: Sinistcha|60/100|[from] item: Leftovers
|upkeep
|turn|27
|
|t:|1758337442
|move|p1a: Sinistcha|Strength Sap|p2a: Corviknight
|-ability|p2a: Corviknight|Mirror Armor
|-unboost|p1a: Sinistcha|atk|1
|-heal|p1a: Sinistcha|100/100
|move|p2a: Corviknight|Roost|p2a: Corviknight
|-heal|p2a: Corviknight|100/100
|-singleturn|p2a: Corviknight|move: Roost
|
|upkeep
|turn|28
|
|t:|1758337451
|move|p1a: Sinistcha|Shadow Ball|p2a: Corviknight
|-damage|p2a: Corviknight|64/100
|move|p2a: Corviknight|Iron Head|p1a: Sinistcha
|-damage|p1a: Sinistcha|78/100
|
|-heal|p1a: Sinistcha|84/100|[from] item: Leftovers
|upkeep
|turn|29
|
|t:|1758337462
|move|p1a: Sinistcha|Matcha Gotcha|p2a: Corviknight
|-resisted|p2a: Corviknight
|-damage|p2a: Corviknight|56/100
|-heal|p1a: Sinistcha|89/100|[from] drain|[of] p2a: Corviknight
|move|p2a: Corviknight|Roost|p2a: Corviknight
|-heal|p2a: Corviknight|100/100
|-singleturn|p2a: Corviknight|move: Roost
|
|-heal|p1a: Sinistcha|95/100|[from] item: Leftovers
|upkeep
|turn|30
|
|t:|1758337474
|move|p1a: Sinistcha|Shadow Ball|p2a: Corviknight
|-crit|p2a: Corviknight
|-damage|p2a: Corviknight|47/100
|move|p2a: Corviknight|Iron Head|p1a: Sinistcha
|-damage|p1a: Sinistcha|70/100
|
|-heal|p1a: Sinistcha|76/100|[from] item: Leftovers
|upkeep
|turn|31
|
|t:|1758337487
|move|p1a: Sinistcha|Strength Sap|p2a: Corviknight
|-ability|p2a: Corviknight|Mirror Armor
|-unboost|p1a: Sinistcha|atk|1
|-heal|p1a: Sinistcha|100/100
|move|p2a: Corviknight|Roost|p2a: Corviknight
|-heal|p2a: Corviknight|97/100
|-singleturn|p2a: Corviknight|move: Roost
|
|upkeep
|turn|32
|
|t:|1758337500
|move|p1a: Sinistcha|Shadow Ball|p2a: Corviknight
|-damage|p2a: Corviknight|63/100
|move|p2a: Corviknight|Iron Head|p1a: Sinistcha
|-damage|p1a: Sinistcha|75/100
|
|-heal|p1a: Sinistcha|81/100|[from] item: Leftovers
|upkeep
|turn|33
|
|t:|1758337511
|move|p1a: Sinistcha|Shadow Ball|p2a: Corviknight
|-damage|p2a: Corviknight|31/100
|-ability|p2a: Corviknight|Mirror Armor
|-unboost|p1a: Sinistcha|spd|1
|move|p2a: Corviknight|Iron Head|p1a: Sinistcha
|-damage|p1a: Sinistcha|59/100
|
|-heal|p1a: Sinistcha|66/100|[from] item: Leftovers
|upkeep
|turn|34
|
|t:|1758337520
|move|p1a: Sinistcha|Strength Sap|p2a: Corviknight
|-ability|p2a: Corviknight|Mirror Armor
|-unboost|p1a: Sinistcha|atk|1
|-heal|p1a: Sinistcha|100/100
|move|p2a: Corviknight|Roost|p2a: Corviknight
|-heal|p2a: Corviknight|81/100
|-singleturn|p2a: Corviknight|move: Roost
|
|upkeep
|turn|35
|
|t:|1758337530
|switch|p2a: Dragapult|Dragapult, F|100/100
|move|p1a: Sinistcha|Shadow Ball|p2a: Dragapult
|-supereffective|p2a: Dragapult
|-damage|p2a: Dragapult|0 fnt
|faint|p2a: Dragapult
|
|upkeep
|
|t:|1758337536
|switch|p2a: Meowscarada|Meowscarada, F|100/100
|turn|36
|
|t:|1758337542
|move|p2a: Meowscarada|Knock Off|p1a: Sinistcha
|-damage|p1a: Sinistcha|54/100
|-enditem|p1a: Sinistcha|Leftovers|[from] move: Knock Off|[of] p2a: Meowscarada
|move|p1a: Sinistcha|Strength Sap|p2a: Meowscarada
|-unboost|p2a: Meowscarada|atk|1
|-heal|p1a: Sinistcha|100/100
|
|upkeep
|turn|37
|
|t:|1758337554
|switch|p2a: Great Tusk|Great Tusk|65/100
|move|p1a: Sinistcha|Curse|p1a: Sinistcha
|-unboost|p1a: Sinistcha|spe|1
|-boost|p1a: Sinistcha|atk|1
|-boost|p1a: Sinistcha|def|1
|
|upkeep
|turn|38
|
|t:|1758337568
|move|p2a: Great Tusk|Headlong Rush|p1a: Sinistcha
|-supereffective|p1a: Sinistcha
|-damage|p1a: Sinistcha|13/100
|-unboost|p2a: Great Tusk|def|1
|-unboost|p2a: Great Tusk|spd|1
|move|p1a: Sinistcha|Curse|p1a: Sinistcha
|-unboost|p1a: Sinistcha|spe|1
|-boost|p1a: Sinistcha|atk|1
|-boost|p1a: Sinistcha|def|1
|
|upkeep
|turn|39
|
|t:|1758337592
|move|p2a: Great Tusk|Headlong Rush|p1a: Sinistcha
|-supereffective|p1a: Sinistcha
|-damage|p1a: Sinistcha|0 fnt
|-unboost|p2a: Great Tusk|def|1
|-unboost|p2a: Great Tusk|spd|1
|faint|p1a: Sinistcha
|
|upkeep
|
|t:|1758337618
|switch|p1a: Jirachi|Jirachi|100/100
|-damage|p1a: Jirachi|94/100|[from] Stealth Rock
|turn|40
|inactive|Battle timer is ON: inactive players will automatically lose when time's up. (requested by nanosk1)
|
|t:|1758337651
|-end|p2a: Great Tusk|Protosynthesis|[silent]
|switch|p2a: Corviknight|Corviknight, F|81/100
|move|p1a: Jirachi|Iron Head|p2a: Corviknight
|-resisted|p2a: Corviknight
|-damage|p2a: Corviknight|69/100
|-damage|p1a: Jirachi|78/100|[from] item: Rocky Helmet|[of] p2a: Corviknight
|
|upkeep
|turn|41
|
|t:|1758337661
|switch|p1a: Suicune|Suicune|53/100
|-damage|p1a: Suicune|41/100|[from] Stealth Rock
|-ability|p1a: Suicune|Pressure
|move|p2a: Corviknight|Roost|p2a: Corviknight
|-heal|p2a: Corviknight|100/100
|-singleturn|p2a: Corviknight|move: Roost
|
|-heal|p1a: Suicune|47/100|[from] item: Leftovers
|upkeep
|turn|42
|
|t:|1758337674
|move|p1a: Suicune|Rest|p1a: Suicune
|-status|p1a: Suicune|slp|[from] move: Rest
|-heal|p1a: Suicune|100/100 slp|[silent]
|move|p2a: Corviknight|Drill Peck|p1a: Suicune
|-damage|p1a: Suicune|81/100 slp
|
|-heal|p1a: Suicune|87/100 slp|[from] item: Leftovers
|upkeep
|turn|43
|
|t:|1758337682
|switch|p2a: Meowscarada|Meowscarada, F|100/100
|cant|p1a: Suicune|slp
|move|p1a: Suicune|Sleep Talk|p1a: Suicune
|move|p1a: Suicune|Scald|p2a: Meowscarada|[from] move: Sleep Talk
|-resisted|p2a: Meowscarada
|-damage|p2a: Meowscarada|73/100
|-status|p2a: Meowscarada|brn
|
|-heal|p1a: Suicune|94/100 slp|[from] item: Leftovers
|-damage|p2a: Meowscarada|67/100 brn|[from] brn
|upkeep
|turn|44
|
|t:|1758337701
|move|p2a: Meowscarada|Knock Off|p1a: Suicune
|-damage|p1a: Suicune|75/100 slp
|-enditem|p1a: Suicune|Leftovers|[from] move: Knock Off|[of] p2a: Meowscarada
|cant|p1a: Suicune|slp
|move|p1a: Suicune|Sleep Talk|p1a: Suicune
|move|p1a: Suicune|Ice Beam|p2a: Meowscarada|[from] move: Sleep Talk
|-supereffective|p2a: Meowscarada
|-damage|p2a: Meowscarada|0 fnt
|faint|p2a: Meowscarada
|
|upkeep
|
|t:|1758337711
|switch|p2a: Corviknight|Corviknight, F|100/100
|turn|45
|
|t:|1758337718
|-curestatus|p1a: Suicune|slp|[msg]
|move|p1a: Suicune|Scald|p2a: Corviknight
|-damage|p2a: Corviknight|73/100
|move|p2a: Corviknight|Drill Peck|p1a: Suicune
|-damage|p1a: Suicune|58/100
|
|upkeep
|turn|46
|
|t:|1758337730
|move|p1a: Suicune|Rest|p1a: Suicune
|-status|p1a: Suicune|slp|[from] move: Rest
|-heal|p1a: Suicune|100/100 slp|[silent]
|move|p2a: Corviknight|Drill Peck|p1a: Suicune
|-damage|p1a: Suicune|81/100 slp
|
|upkeep
|turn|47
|
|t:|1758337740
|cant|p1a: Suicune|slp
|move|p1a: Suicune|Sleep Talk|p1a: Suicune
|move|p1a: Suicune|Scald|p2a: Corviknight|[from] move: Sleep Talk
|-damage|p2a: Corviknight|45/100
|-status|p2a: Corviknight|brn
|move|p2a: Corviknight|Drill Peck|p1a: Suicune
|-damage|p1a: Suicune|72/100 slp
|
|-damage|p2a: Corviknight|38/100 brn|[from] brn
|upkeep
|turn|48
|
|t:|1758337751
|cant|p1a: Suicune|slp
|move|p1a: Suicune|Sleep Talk|p1a: Suicune
|move|p1a: Suicune|Scald|p2a: Corviknight|[from] move: Sleep Talk
|-damage|p2a: Corviknight|10/100 brn
|move|p2a: Corviknight|Drill Peck|p1a: Suicune
|-damage|p1a: Suicune|62/100 slp
|
|-damage|p2a: Corviknight|4/100 brn|[from] brn
|upkeep
|turn|49
|
|t:|1758337767
|-curestatus|p1a: Suicune|slp|[msg]
|move|p1a: Suicune|Rest|p1a: Suicune
|-status|p1a: Suicune|slp|[from] move: Rest
|-heal|p1a: Suicune|100/100 slp|[silent]
|move|p2a: Corviknight|Roost|p2a: Corviknight
|-heal|p2a: Corviknight|54/100 brn
|-singleturn|p2a: Corviknight|move: Roost
|
|-damage|p2a: Corviknight|47/100 brn|[from] brn
|upkeep
|turn|50
|
|t:|1758337779
|cant|p1a: Suicune|slp
|move|p1a: Suicune|Sleep Talk|p1a: Suicune
|move|p1a: Suicune|Rest||[from] move: Sleep Talk|[still]
|-fail|p1a: Suicune
|move|p2a: Corviknight|Drill Peck|p1a: Suicune
|-damage|p1a: Suicune|91/100 slp
|
|-damage|p2a: Corviknight|41/100 brn|[from] brn
|upkeep
|turn|51
|
|t:|1758337788
|cant|p1a: Suicune|slp
|move|p1a: Suicune|Sleep Talk|p1a: Suicune
|move|p1a: Suicune|Rest||[from] move: Sleep Talk|[still]
|-fail|p1a: Suicune
|move|p2a: Corviknight|Drill Peck|p1a: Suicune
|-crit|p1a: Suicune
|-damage|p1a: Suicune|76/100 slp
|
|-damage|p2a: Corviknight|35/100 brn|[from] brn
|upkeep
|turn|52
|
|t:|1758337801
|-curestatus|p1a: Suicune|slp|[msg]
|move|p1a: Suicune|Scald|p2a: Corviknight
|-damage|p2a: Corviknight|5/100 brn
|move|p2a: Corviknight|Drill Peck|p1a: Suicune
|-damage|p1a: Suicune|67/100
|
|-damage|p2a: Corviknight|0 fnt|[from] brn
|faint|p2a: Corviknight
|upkeep
|
|t:|1758337810
|switch|p2a: Great Tusk|Great Tusk|65/100
|turn|53
|
|t:|1758337816
|move|p2a: Great Tusk|Close Combat|p1a: Suicune
|-damage|p1a: Suicune|16/100
|-unboost|p2a: Great Tusk|def|1
|-unboost|p2a: Great Tusk|spd|1
|move|p1a: Suicune|Scald|p2a: Great Tusk
|-supereffective|p2a: Great Tusk
|-damage|p2a: Great Tusk|0 fnt
|faint|p2a: Great Tusk
|-end|p2a: Great Tusk|Protosynthesis|[silent]
|
|win|Fueled off Salts
|raw|Fueled off Salts's rating: 1264 &rarr; <strong>1287</strong><br />(+23 for winning)
|raw|nanosk1's rating: 1233 &rarr; <strong>1210</strong><br />(-23 for losing)
|l|☆nanosk1
|player|p2|
