|j|☆QingKe
|j|☆Siwis2
|t:|1758257782
|gametype|singles
|player|p1|QingKe|102|1296
|player|p2|Siwis2|ghetsis-gen5bw|1377
|gen|9
|tier|[Gen 9] OU
|rated|
|rule|HP Percentage Mod: HP is shown in percentages
|rule|Endless Battle Clause: Forcing endless battles is banned
|rule|Species Clause: Limit one of each Pokémon
|rule|OHKO Clause: OHKO moves are banned
|rule|Evasion Items Clause: Evasion items are banned
|rule|Evasion Moves Clause: Evasion moves are banned
|rule|Evasion Abilities Clause: Evasion abilities are banned
|rule|Sleep Moves Clause: Sleep-inducing moves are banned
|clearpoke
|poke|p1|Walking Wake|
|poke|p1|Raging Bolt|
|poke|p1|Landorus-Therian, M|
|poke|p1|Leafeon, F|
|poke|p1|Cinderace, M|
|poke|p1|Torkoal, M|
|poke|p2|Landorus-Therian, M|
|poke|p2|Skeledirge, M|
|poke|p2|Skarmory, M|
|poke|p2|Hydrapple, M|
|poke|p2|Samurott-Hisui, M|
|poke|p2|Fezandipiti, M|
|teampreview
|inactive|Battle timer is ON: inactive players will automatically lose when time's up. (requested by Siwis2)
|
|t:|1758257797
|teamsize|p1|6
|teamsize|p2|6
|start
|switch|p1a: Landorus|Landorus-Therian, M|100/100
|switch|p2a: Landorus|Landorus-Therian, M, shiny|100/100
|-ability|p2a: Landorus|Intimidate|boost
|-unboost|p1a: Landorus|atk|1
|-ability|p1a: Landorus|Intimidate|boost
|-unboost|p2a: Landorus|atk|1
|turn|1
|
|t:|1758257808
|move|p2a: Landorus|U-turn|p1a: Landorus
|-resisted|p1a: Landorus
|-damage|p1a: Landorus|89/100
|
|t:|1758257817
|switch|p2a: Skarmory|Skarmory, M, shiny|100/100|[from] U-turn
|move|p1a: Landorus|Stone Edge|p2a: Skarmory
|-crit|p2a: Skarmory
|-damage|p2a: Skarmory|67/100
|
|upkeep
|turn|2
|
|t:|1758257822
|switch|p1a: Torkoal|Torkoal, M|100/100
|-weather|SunnyDay|[from] ability: Drought|[of] p1a: Torkoal
|move|p2a: Skarmory|Stealth Rock|p1a: Torkoal
|-sidestart|p1: QingKe|move: Stealth Rock
|
|-weather|SunnyDay|[upkeep]
|upkeep
|turn|3
|
|t:|1758257836
|switch|p2a: Skeledirge|Skeledirge, M, shiny|100/100
|move|p1a: Torkoal|Rapid Spin|p2a: Skeledirge
|-immune|p2a: Skeledirge
|
|-weather|SunnyDay|[upkeep]
|upkeep
|turn|4
|
|t:|1758257841
|move|p2a: Skeledirge|Torch Song|p1a: Torkoal
|-resisted|p1a: Torkoal
|-damage|p1a: Torkoal|79/100
|-boost|p2a: Skeledirge|spa|1
|move|p1a: Torkoal|Earth Power|p2a: Skeledirge
|-supereffective|p2a: Skeledirge
|-damage|p2a: Skeledirge|72/100
|
|-weather|SunnyDay|[upkeep]
|upkeep
|turn|5
|
|t:|1758257851
|switch|p1a: Walking Wake|Walking Wake|100/100
|-damage|p1a: Walking Wake|88/100|[from] Stealth Rock
|-activate|p1a: Walking Wake|ability: Protosynthesis
|-start|p1a: Walking Wake|protosynthesisspa
|move|p2a: Skeledirge|Earth Power|p1a: Walking Wake
|-damage|p1a: Walking Wake|46/100
|
|-weather|SunnyDay|[upkeep]
|upkeep
|turn|6
|
|t:|1758257865
|switch|p2a: Fezandipiti|Fezandipiti, M|100/100
|move|p1a: Walking Wake|Draco Meteor|p2a: Fezandipiti
|-immune|p2a: Fezandipiti
|
|-weather|none
|-end|p1a: Walking Wake|Protosynthesis
|upkeep
|turn|7
|
|t:|1758257880
|move|p1a: Walking Wake|Hydro Steam|p2a: Fezandipiti
|-damage|p2a: Fezandipiti|70/100
|-damage|p1a: Walking Wake|36/100|[from] item: Life Orb
|move|p2a: Fezandipiti|Sludge Bomb|p1a: Walking Wake
|-damage|p1a: Walking Wake|10/100
|
|upkeep
|turn|8
|
|t:|1758257888
|-end|p1a: Walking Wake|Protosynthesis|[silent]
|switch|p1a: Torkoal|Torkoal, M|79/100
|-weather|SunnyDay|[from] ability: Drought|[of] p1a: Torkoal
|move|p2a: Fezandipiti|Roost|p2a: Fezandipiti
|-heal|p2a: Fezandipiti|100/100
|-singleturn|p2a: Fezandipiti|move: Roost
|
|-weather|SunnyDay|[upkeep]
|upkeep
|turn|9
|
|t:|1758257899
|move|p2a: Fezandipiti|Calm Mind|p2a: Fezandipiti
|-boost|p2a: Fezandipiti|spa|1
|-boost|p2a: Fezandipiti|spd|1
|move|p1a: Torkoal|Stealth Rock|p2a: Fezandipiti
|-sidestart|p2: Siwis2|move: Stealth Rock
|
|-weather|SunnyDay|[upkeep]
|upkeep
|turn|10
|
|t:|1758257906
|switch|p1a: Leafeon|Leafeon, F|100/100
|-damage|p1a: Leafeon|88/100|[from] Stealth Rock
|move|p2a: Fezandipiti|Sludge Bomb|p1a: Leafeon
|-supereffective|p1a: Leafeon
|-damage|p1a: Leafeon|0 fnt
|faint|p1a: Leafeon
|
|-weather|SunnyDay|[upkeep]
|upkeep
|-message|QingKe forfeited.
|
|win|Siwis2
|raw|QingKe's rating: 1296 &rarr; <strong>1277</strong><br />(-19 for losing)
|raw|Siwis2's rating: 1377 &rarr; <strong>1392</strong><br />(+15 for winning)
|l|☆QingKe
|player|p1|
|l|☆Siwis2
|player|p2|
