|j|☆JorgoBarbas
|j|☆kiarnjd
|t:|1758289326
|gametype|singles
|player|p1|JorgoBarbas|102|1337
|player|p2|kiarnjd|red|1304
|gen|9
|tier|[Gen 9] OU
|rated|
|rule|HP Percentage Mod: HP is shown in percentages
|rule|Endless Battle Clause: Forcing endless battles is banned
|rule|Species Clause: Limit one of each Pokémon
|rule|OHKO Clause: OHKO moves are banned
|rule|Evasion Items Clause: Evasion items are banned
|rule|Evasion Moves Clause: Evasion moves are banned
|rule|Evasion Abilities Clause: Evasion abilities are banned
|rule|Sleep Moves Clause: Sleep-inducing moves are banned
|clearpoke
|poke|p1|Dragapult, F|
|poke|p1|Slowbro, M|
|poke|p1|Tornadus-Therian, M|
|poke|p1|Cinderace, F|
|poke|p1|Scizor, F|
|poke|p1|Glimmora, F|
|poke|p2|Thundurus-Therian, M|
|poke|p2|Cinderace, F|
|poke|p2|Quaquaval, M|
|poke|p2|Clefable, F|
|poke|p2|Pecharunt|
|poke|p2|Iron Boulder|
|teampreview
|inactive|Battle timer is ON: inactive players will automatically lose when time's up. (requested by kiarnjd)
|
|t:|1758289341
|teamsize|p1|6
|teamsize|p2|6
|start
|switch|p1a: Tornadus|Tornadus-Therian, M|100/100
|switch|p2a: Clefable|Clefable, F|100/100
|turn|1
|
|t:|1758289366
|move|p1a: Tornadus|Hurricane|p2a: Clefable
|-damage|p2a: Clefable|65/100
|move|p2a: Clefable|Thunder Wave|p1a: Tornadus
|-status|p1a: Tornadus|par
|
|-heal|p2a: Clefable|71/100|[from] item: Leftovers
|upkeep
|turn|2
|
|t:|1758289372
|move|p1a: Tornadus|U-turn|p2a: Clefable
|-resisted|p2a: Clefable
|-damage|p2a: Clefable|65/100
|
|t:|1758289377
|switch|p1a: Cinderace|Cinderace, F|100/100|[from] U-turn
|move|p2a: Clefable|Stealth Rock|p1a: Cinderace
|-sidestart|p1: JorgoBarbas|move: Stealth Rock
|
|-heal|p2a: Clefable|72/100|[from] item: Leftovers
|upkeep
|turn|3
|
|t:|1758289385
|move|p1a: Cinderace|Gunk Shot|p2a: Clefable
|-start|p1a: Cinderace|typechange|Poison|[from] ability: Libero
|-supereffective|p2a: Clefable
|-damage|p2a: Clefable|0 fnt
|faint|p2a: Clefable
|
|upkeep
|
|t:|1758289395
|switch|p2a: Quaquaval|Quaquaval, M|100/100
|turn|4
|
|t:|1758289400
|move|p1a: Cinderace|U-turn|p2a: Quaquaval
|-resisted|p2a: Quaquaval
|-damage|p2a: Quaquaval|85/100
|
|t:|1758289404
|switch|p1a: Tornadus|Tornadus-Therian, M|100/100 par|[from] U-turn
|move|p2a: Quaquaval|Aqua Step|p1a: Tornadus
|-damage|p1a: Tornadus|55/100 par
|-boost|p2a: Quaquaval|spe|1
|
|upkeep
|turn|5
|
|t:|1758289417
|-terastallize|p2a: Quaquaval|Steel
|move|p2a: Quaquaval|Knock Off|p1a: Tornadus
|-crit|p1a: Tornadus
|-damage|p1a: Tornadus|0 fnt
|-enditem|p1a: Tornadus|Heavy-Duty Boots|[from] move: Knock Off|[of] p2a: Quaquaval
|faint|p1a: Tornadus
|-ability|p2a: Quaquaval|Moxie|boost
|-boost|p2a: Quaquaval|atk|1
|
|upkeep
|
|t:|1758289432
|switch|p1a: Slowbro|Slowbro, M|100/100
|-damage|p1a: Slowbro|88/100|[from] Stealth Rock
|turn|6
|
|t:|1758289436
|-terastallize|p1a: Slowbro|Fighting
|move|p2a: Quaquaval|Knock Off|p1a: Slowbro
|-resisted|p1a: Slowbro
|-damage|p1a: Slowbro|71/100
|-enditem|p1a: Slowbro|Assault Vest|[from] move: Knock Off|[of] p2a: Quaquaval
|move|p1a: Slowbro|Body Press|p2a: Quaquaval
|-supereffective|p2a: Quaquaval
|-damage|p2a: Quaquaval|0 fnt
|faint|p2a: Quaquaval
|
|upkeep
|
|t:|1758289448
|switch|p2a: Thundurus|Thundurus-Therian, M|100/100
|turn|7
|
|t:|1758289455
|switch|p1a: Glimmora|Glimmora, F|100/100
|-damage|p1a: Glimmora|88/100|[from] Stealth Rock
|move|p2a: Thundurus|Thunderbolt|p1a: Glimmora
|-damage|p1a: Glimmora|30/100
|
|-heal|p1a: Glimmora|37/100|[from] item: Leftovers
|upkeep
|turn|8
|
|t:|1758289462
|move|p1a: Glimmora|Spiky Shield|p1a: Glimmora
|-singleturn|p1a: Glimmora|move: Protect
|move|p2a: Thundurus|Thunderbolt|p1a: Glimmora
|-activate|p1a: Glimmora|move: Protect
|
|-heal|p1a: Glimmora|43/100|[from] item: Leftovers
|upkeep
|turn|9
|
|t:|1758289468
|move|p2a: Thundurus|Thunderbolt|p1a: Glimmora
|-damage|p1a: Glimmora|0 fnt
|faint|p1a: Glimmora
|
|upkeep
|
|t:|1758289475
|switch|p1a: Cinderace|Cinderace, F|100/100
|turn|10
|
|t:|1758289480
|move|p1a: Cinderace|Court Change|p1a: Cinderace
|-start|p1a: Cinderace|typechange|Normal|[from] ability: Libero
|-swapsideconditions
|-activate|p1a: Cinderace|move: Court Change
|move|p2a: Thundurus|Thunderbolt|p1a: Cinderace
|-damage|p1a: Cinderace|0 fnt
|faint|p1a: Cinderace
|
|upkeep
|
|t:|1758289489
|switch|p1a: Dragapult|Dragapult, F|100/100
|turn|11
|
|t:|1758289502
|switch|p2a: Pecharunt|Pecharunt|100/100
|move|p1a: Dragapult|Shadow Ball|p2a: Pecharunt
|-supereffective|p2a: Pecharunt
|-damage|p2a: Pecharunt|0 fnt
|faint|p2a: Pecharunt
|
|upkeep
|
|t:|1758289519
|switch|p2a: Iron Boulder|Iron Boulder|100/100
|-damage|p2a: Iron Boulder|88/100|[from] Stealth Rock
|-enditem|p2a: Iron Boulder|Booster Energy
|-activate|p2a: Iron Boulder|ability: Quark Drive|[fromitem]
|-start|p2a: Iron Boulder|quarkdrivespe
|turn|12
|
|t:|1758289527
|switch|p1a: Slowbro|Slowbro, M, tera:Fighting|100/100
|move|p2a: Iron Boulder|Swords Dance|p2a: Iron Boulder
|-boost|p2a: Iron Boulder|atk|2
|
|upkeep
|turn|13
|
|t:|1758289534
|move|p2a: Iron Boulder|Close Combat|p1a: Slowbro
|-crit|p1a: Slowbro
|-damage|p1a: Slowbro|37/100
|-unboost|p2a: Iron Boulder|def|1
|-unboost|p2a: Iron Boulder|spd|1
|move|p1a: Slowbro|Scald|p2a: Iron Boulder
|-supereffective|p2a: Iron Boulder
|-damage|p2a: Iron Boulder|2/100
|
|upkeep
|turn|14
|
|t:|1758289541
|move|p2a: Iron Boulder|Earthquake|p1a: Slowbro
|-damage|p1a: Slowbro|0 fnt
|faint|p1a: Slowbro
|
|upkeep
|
|t:|1758289543
|switch|p1a: Scizor|Scizor, F|100/100
|turn|15
|
|t:|1758289546
|move|p1a: Scizor|Bullet Punch|p2a: Iron Boulder
|-supereffective|p2a: Iron Boulder
|-damage|p2a: Iron Boulder|0 fnt
|faint|p2a: Iron Boulder
|-end|p2a: Iron Boulder|Quark Drive|[silent]
|
|upkeep
|
|t:|1758289549
|switch|p2a: Cinderace|Cinderace, F|100/100
|turn|16
|
|t:|1758289552
|switch|p1a: Dragapult|Dragapult, F|100/100
|move|p2a: Cinderace|Pyro Ball|p1a: Dragapult
|-resisted|p1a: Dragapult
|-damage|p1a: Dragapult|64/100
|
|upkeep
|turn|17
|
|t:|1758289564
|move|p2a: Cinderace|Sucker Punch|p1a: Dragapult
|-start|p2a: Cinderace|typechange|Dark|[from] ability: Libero
|-supereffective|p1a: Dragapult
|-damage|p1a: Dragapult|0 fnt
|faint|p1a: Dragapult
|
|upkeep
|
|t:|1758289568
|switch|p1a: Scizor|Scizor, F|100/100
|turn|18
|
|t:|1758289570
|move|p1a: Scizor|Bullet Punch|p2a: Cinderace
|-crit|p2a: Cinderace
|-damage|p2a: Cinderace|0 fnt
|faint|p2a: Cinderace
|
|upkeep
|
|t:|1758289573
|switch|p2a: Thundurus|Thundurus-Therian, M|100/100
|-damage|p2a: Thundurus|76/100|[from] Stealth Rock
|turn|19
|
|t:|1758289576
|move|p1a: Scizor|Bullet Punch|p2a: Thundurus
|-resisted|p2a: Thundurus
|-damage|p2a: Thundurus|36/100
|move|p2a: Thundurus|Thunderbolt|p1a: Scizor
|-damage|p1a: Scizor|0 fnt
|faint|p1a: Scizor
|
|win|kiarnjd
|raw|JorgoBarbas's rating: 1337 &rarr; <strong>1315</strong><br />(-22 for losing)
|raw|kiarnjd's rating: 1304 &rarr; <strong>1326</strong><br />(+22 for winning)
|l|☆JorgoBarbas
|player|p1|
|c|☆kiarnjd|crit lol the luck
|l|☆kiarnjd
|player|p2|
