|j|☆ur doggo
|j|☆EmmanuelR205506
|t:|1758343766
|gametype|singles
|player|p1|ur doggo|169|1600
|player|p2|EmmanuelR205506|palmer|1689
|gen|9
|tier|[Gen 9] OU
|rated|
|rule|HP Percentage Mod: HP is shown in percentages
|rule|Endless Battle Clause: Forcing endless battles is banned
|rule|Species Clause: Limit one of each Pokémon
|rule|OHKO Clause: OHKO moves are banned
|rule|Evasion Items Clause: Evasion items are banned
|rule|Evasion Moves Clause: Evasion moves are banned
|rule|Evasion Abilities Clause: Evasion abilities are banned
|rule|Sleep Moves Clause: Sleep-inducing moves are banned
|clearpoke
|poke|p1|Pelipper, F|
|poke|p1|Hatterene, F|
|poke|p1|Iron Treads|
|poke|p1|Toxicroak, F|
|poke|p1|Barraskewda, F|
|poke|p1|Zapdos|
|poke|p2|Cinderace, M|
|poke|p2|Gholdengo|
|poke|p2|Heatran, M|
|poke|p2|Great Tusk|
|poke|p2|Primarina, F|
|poke|p2|Iron Valiant|
|teampreview
|inactive|Battle timer is ON: inactive players will automatically lose when time's up. (requested by EmmanuelR205506)
|
|t:|1758343774
|teamsize|p1|6
|teamsize|p2|6
|start
|switch|p1a: Pelipper|Pelipper, F|100/100
|switch|p2a: Cinderace|Cinderace, M|100/100
|-weather|RainDance|[from] ability: Drizzle|[of] p1a: Pelipper
|turn|1
|
|t:|1758343779
|move|p2a: Cinderace|U-turn|p1a: Pelipper
|-start|p2a: Cinderace|typechange|Bug|[from] ability: Libero
|-resisted|p1a: Pelipper
|-damage|p1a: Pelipper|75/100
|
|t:|1758343781
|switch|p2a: Primarina|Primarina, F|100/100|[from] U-turn
|move|p1a: Pelipper|U-turn|p2a: Primarina
|-resisted|p2a: Primarina
|-damage|p2a: Primarina|95/100
|
|t:|1758343788
|switch|p1a: Zapdos|Zapdos|100/100|[from] U-turn
|
|-weather|RainDance|[upkeep]
|upkeep
|turn|2
|
|t:|1758343799
|switch|p2a: Heatran|Heatran, M|100/100
|move|p1a: Zapdos|Thunder|p2a: Heatran
|-damage|p2a: Heatran|52/100
|
|-weather|RainDance|[upkeep]
|-heal|p2a: Heatran|59/100|[from] item: Leftovers
|upkeep
|turn|3
|
|t:|1758343808
|switch|p1a: Hatterene|Hatterene, F|100/100
|-terastallize|p2a: Heatran|Grass
|move|p2a: Heatran|Stealth Rock|p1a: Hatterene
|move|p1a: Hatterene|Stealth Rock|p2a: Heatran|[from] ability: Magic Bounce
|-sidestart|p2: EmmanuelR205506|move: Stealth Rock
|
|-weather|RainDance|[upkeep]
|-heal|p2a: Heatran|65/100|[from] item: Leftovers
|upkeep
|turn|4
|
|t:|1758343816
|move|p2a: Heatran|Magma Storm|p1a: Hatterene
|-damage|p1a: Hatterene|77/100
|-activate|p1a: Hatterene|move: Magma Storm|[of] p2a: Heatran
|-enditem|p1a: Hatterene|Eject Button
|
|t:|1758343820
|switch|p1a: Zapdos|Zapdos|100/100
|
|-weather|RainDance|[upkeep]
|-heal|p2a: Heatran|71/100|[from] item: Leftovers
|upkeep
|turn|5
|
|t:|1758343826
|switch|p2a: Gholdengo|Gholdengo|100/100
|-damage|p2a: Gholdengo|94/100|[from] Stealth Rock
|move|p1a: Zapdos|Hurricane|p2a: Gholdengo
|-resisted|p2a: Gholdengo
|-damage|p2a: Gholdengo|51/100
|
|-weather|RainDance|[upkeep]
|-heal|p2a: Gholdengo|57/100|[from] item: Leftovers
|upkeep
|turn|6
|-message|EmmanuelR205506 forfeited.
|
|win|ur doggo
|raw|ur doggo's rating: 1600 &rarr; <strong>1625</strong><br />(+25 for winning)
|raw|EmmanuelR205506's rating: 1689 &rarr; <strong>1664</strong><br />(-25 for losing)
|l|☆EmmanuelR205506
|player|p2|
|l|☆ur doggo
|player|p1|
