|j|☆traposaurus-rex
|j|☆purple pastels
|t:|1758376998
|gametype|singles
|player|p1|traposaurus-rex|101|1422
|player|p2|purple pastels|doubleteam|1456
|gen|9
|tier|[Gen 9] OU
|rated|
|rule|HP Percentage Mod: HP is shown in percentages
|rule|Endless Battle Clause: Forcing endless battles is banned
|rule|Species Clause: Limit one of each Pokémon
|rule|OHKO Clause: OHKO moves are banned
|rule|Evasion Items Clause: Evasion items are banned
|rule|Evasion Moves Clause: Evasion moves are banned
|rule|Evasion Abilities Clause: Evasion abilities are banned
|rule|Sleep Moves Clause: Sleep-inducing moves are banned
|clearpoke
|poke|p1|Zamazenta-*|
|poke|p1|Ogerpon-Wellspring, F|
|poke|p1|Raging Bolt|
|poke|p1|Hatterene, F|
|poke|p1|Ceruledge, M|
|poke|p1|Glimmora, F|
|poke|p2|Tornadus, M|
|poke|p2|Ribombee, F|
|poke|p2|Gholdengo|
|poke|p2|Cinderace, M|
|poke|p2|Zamazenta-*|
|poke|p2|Iron Boulder|
|teampreview
|inactive|Battle timer is ON: inactive players will automatically lose when time's up. (requested by purple pastels)
|inactive|traposaurus-rex also wants the timer to be on.
|
|t:|1758377016
|teamsize|p1|6
|teamsize|p2|6
|start
|switch|p1a: Glimmora|Glimmora, F|100/100
|switch|p2a: Ribombee|Ribombee, F|100/100
|turn|1
|
|t:|1758377021
|switch|p1a: Hatterene|Hatterene, F|100/100
|move|p2a: Ribombee|Stun Spore|p1a: Hatterene
|move|p1a: Hatterene|Stun Spore|p2a: Ribombee|[from] ability: Magic Bounce
|-status|p2a: Ribombee|par
|
|upkeep
|turn|2
|
|t:|1758377028
|move|p2a: Ribombee|Moonblast|p1a: Hatterene
|-damage|p1a: Hatterene|70/100
|move|p1a: Hatterene|Mystical Fire|p2a: Ribombee
|-supereffective|p2a: Ribombee
|-enditem|p2a: Ribombee|Focus Sash
|-damage|p2a: Ribombee|1/100 par
|
|upkeep
|turn|3
|
|t:|1758377036
|switch|p2a: Cinderace|Cinderace, M|100/100
|move|p1a: Hatterene|Mystical Fire|p2a: Cinderace
|-resisted|p2a: Cinderace
|-damage|p2a: Cinderace|80/100
|-unboost|p2a: Cinderace|spa|1
|
|upkeep
|turn|4
|
|t:|1758377042
|switch|p1a: Glimmora|Glimmora, F|100/100
|move|p2a: Cinderace|Substitute|p2a: Cinderace
|-start|p2a: Cinderace|Substitute
|-damage|p2a: Cinderace|55/100
|
|upkeep
|turn|5
|
|t:|1758377048
|move|p2a: Cinderace|Pyro Ball|p1a: Glimmora
|-resisted|p1a: Glimmora
|-damage|p1a: Glimmora|66/100
|-activate|p1a: Glimmora|ability: Toxic Debris
|-sidestart|p2: purple pastels|move: Toxic Spikes
|-enditem|p1a: Glimmora|Red Card|[of] p2a: Cinderace
|drag|p2a: Tornadus|Tornadus, M|100/100
|move|p1a: Glimmora|Stealth Rock|p2a: Tornadus
|-sidestart|p2: purple pastels|move: Stealth Rock
|
|upkeep
|turn|6
|
|t:|1758377056
|switch|p2a: Ribombee|Ribombee, F|1/100 par
|-damage|p2a: Ribombee|0 fnt|[from] Stealth Rock
|faint|p2a: Ribombee
|move|p1a: Glimmora|Power Gem|p2: Ribombee|[notarget]
|-fail|p1a: Glimmora
|
|upkeep
|
|t:|1758377061
|switch|p2a: Zamazenta|Zamazenta|100/100
|-status|p2a: Zamazenta|psn
|-damage|p2a: Zamazenta|94/100 psn|[from] Stealth Rock
|-ability|p2a: Zamazenta|Dauntless Shield|boost
|-boost|p2a: Zamazenta|def|1
|turn|7
|
|t:|1758377070
|switch|p1a: Hatterene|Hatterene, F|70/100
|move|p2a: Zamazenta|Heavy Slam|p1a: Hatterene
|-supereffective|p1a: Hatterene
|-damage|p1a: Hatterene|0 fnt
|faint|p1a: Hatterene
|-damage|p2a: Zamazenta|84/100 psn|[from] item: Life Orb
|
|-damage|p2a: Zamazenta|72/100 psn|[from] psn
|upkeep
|
|t:|1758377078
|switch|p1a: Raging Bolt|Raging Bolt|100/100
|-enditem|p1a: Raging Bolt|Booster Energy
|-activate|p1a: Raging Bolt|ability: Protosynthesis|[fromitem]
|-start|p1a: Raging Bolt|protosynthesisspa
|turn|8
|
|t:|1758377084
|move|p2a: Zamazenta|Close Combat|p1a: Raging Bolt
|-crit|p1a: Raging Bolt
|-damage|p1a: Raging Bolt|0 fnt
|-unboost|p2a: Zamazenta|def|1
|-unboost|p2a: Zamazenta|spd|1
|faint|p1a: Raging Bolt
|-end|p1a: Raging Bolt|Protosynthesis|[silent]
|-damage|p2a: Zamazenta|62/100 psn|[from] item: Life Orb
|
|-damage|p2a: Zamazenta|50/100 psn|[from] psn
|upkeep
|
|t:|1758377093
|switch|p1a: Ogerpon|Ogerpon-Wellspring, F|100/100
|turn|9
|
|t:|1758377101
|move|p2a: Zamazenta|Close Combat|p1a: Ogerpon
|-damage|p1a: Ogerpon|0 fnt
|-unboost|p2a: Zamazenta|def|1
|-unboost|p2a: Zamazenta|spd|1
|faint|p1a: Ogerpon
|-damage|p2a: Zamazenta|40/100 psn|[from] item: Life Orb
|
|-damage|p2a: Zamazenta|28/100 psn|[from] psn
|upkeep
|
|t:|1758377104
|switch|p1a: Zamazenta|Zamazenta|100/100
|-ability|p1a: Zamazenta|Dauntless Shield|boost
|-boost|p1a: Zamazenta|def|1
|turn|10
|
|t:|1758377106
|move|p2a: Zamazenta|Close Combat|p1a: Zamazenta
|-damage|p1a: Zamazenta|64/100
|-unboost|p2a: Zamazenta|def|1
|-unboost|p2a: Zamazenta|spd|1
|-damage|p2a: Zamazenta|18/100 psn|[from] item: Life Orb
|move|p1a: Zamazenta|Body Press|p2a: Zamazenta
|-damage|p2a: Zamazenta|0 fnt
|faint|p2a: Zamazenta
|
|-heal|p1a: Zamazenta|71/100|[from] item: Leftovers
|upkeep
|
|t:|1758377116
|switch|p2a: Gholdengo|Gholdengo|100/100
|-damage|p2a: Gholdengo|94/100|[from] Stealth Rock
|-item|p2a: Gholdengo|Air Balloon
|turn|11
|
|t:|1758377119
|move|p1a: Zamazenta|Crunch|p2a: Gholdengo
|-supereffective|p2a: Gholdengo
|-damage|p2a: Gholdengo|45/100
|-enditem|p2a: Gholdengo|Air Balloon
|move|p2a: Gholdengo|Shadow Ball|p1a: Zamazenta
|-damage|p1a: Zamazenta|38/100
|-unboost|p1a: Zamazenta|spd|1
|
|-heal|p1a: Zamazenta|44/100|[from] item: Leftovers
|upkeep
|turn|12
|
|t:|1758377125
|move|p1a: Zamazenta|Crunch|p2a: Gholdengo
|-supereffective|p2a: Gholdengo
|-damage|p2a: Gholdengo|0 fnt
|faint|p2a: Gholdengo
|
|-heal|p1a: Zamazenta|50/100|[from] item: Leftovers
|upkeep
|
|t:|1758377131
|switch|p2a: Tornadus|Tornadus, M|100/100
|-damage|p2a: Tornadus|76/100|[from] Stealth Rock
|turn|13
|
|t:|1758377139
|switch|p1a: Glimmora|Glimmora, F|66/100
|move|p2a: Tornadus|Bulk Up|p2a: Tornadus
|-boost|p2a: Tornadus|atk|1
|-boost|p2a: Tornadus|def|1
|
|upkeep
|turn|14
|
|t:|1758377149
|-terastallize|p2a: Tornadus|Dark
|move|p2a: Tornadus|Bulk Up|p2a: Tornadus
|-boost|p2a: Tornadus|atk|1
|-boost|p2a: Tornadus|def|1
|move|p1a: Glimmora|Power Gem|p2a: Tornadus
|-damage|p2a: Tornadus|26/100
|
|upkeep
|turn|15
|
|t:|1758377162
|move|p2a: Tornadus|Rest|p2a: Tornadus
|-status|p2a: Tornadus|slp|[from] move: Rest
|-enditem|p2a: Tornadus|Lum Berry|[eat]
|-curestatus|p2a: Tornadus|slp|[msg]
|-heal|p2a: Tornadus|100/100|[silent]
|move|p1a: Glimmora|Power Gem|p2a: Tornadus
|-damage|p2a: Tornadus|46/100
|
|upkeep
|turn|16
|
|t:|1758377170
|move|p2a: Tornadus|Knock Off|p1a: Glimmora
|-damage|p1a: Glimmora|1/100
|-activate|p1a: Glimmora|ability: Toxic Debris
|-sidestart|p2: purple pastels|move: Toxic Spikes
|move|p1a: Glimmora|Power Gem|p2a: Tornadus
|-damage|p2a: Tornadus|0 fnt
|faint|p2a: Tornadus
|
|upkeep
|
|t:|1758377180
|switch|p2a: Cinderace|Cinderace, M|55/100
|-status|p2a: Cinderace|tox
|-damage|p2a: Cinderace|30/100 tox|[from] Stealth Rock
|turn|17
|
|t:|1758377183
|move|p2a: Cinderace|Pyro Ball|p1a: Glimmora
|-resisted|p1a: Glimmora
|-damage|p1a: Glimmora|0 fnt
|faint|p1a: Glimmora
|
|-damage|p2a: Cinderace|24/100 tox|[from] psn
|upkeep
|-enditem|p2a: Cinderace|Liechi Berry|[eat]
|-boost|p2a: Cinderace|atk|1|[from] item: Liechi Berry
|
|t:|1758377194
|switch|p1a: Ceruledge|Ceruledge, M|100/100
|turn|18
|
|t:|1758377200
|move|p2a: Cinderace|Pyro Ball|p1a: Ceruledge
|-resisted|p1a: Ceruledge
|-damage|p1a: Ceruledge|13/100
|-ability|p1a: Ceruledge|Weak Armor|boost
|-unboost|p1a: Ceruledge|def|1
|-boost|p1a: Ceruledge|spe|2
|move|p1a: Ceruledge|Swords Dance|p1a: Ceruledge
|-boost|p1a: Ceruledge|atk|2
|
|-damage|p2a: Cinderace|12/100 tox|[from] psn
|upkeep
|turn|19
|
|t:|1758377205
|move|p1a: Ceruledge|Bitter Blade|p2a: Cinderace
|-resisted|p2a: Cinderace
|-damage|p2a: Cinderace|0 fnt
|-heal|p1a: Ceruledge|19/100|[from] drain|[of] p2a: Cinderace
|faint|p2a: Cinderace
|
|upkeep
|
|t:|1758377207
|switch|p2a: Iron Boulder|Iron Boulder|100/100
|-status|p2a: Iron Boulder|tox
|-damage|p2a: Iron Boulder|88/100 tox|[from] Stealth Rock
|-enditem|p2a: Iron Boulder|Booster Energy
|-activate|p2a: Iron Boulder|ability: Quark Drive|[fromitem]
|-start|p2a: Iron Boulder|quarkdrivespe
|turn|20
|
|t:|1758377212
|move|p1a: Ceruledge|Poltergeist||[still]
|-fail|p1a: Ceruledge
|move|p2a: Iron Boulder|Mighty Cleave|p1a: Ceruledge
|-supereffective|p1a: Ceruledge
|-damage|p1a: Ceruledge|0 fnt
|faint|p1a: Ceruledge
|
|-damage|p2a: Iron Boulder|82/100 tox|[from] psn
|upkeep
|
|t:|1758377215
|switch|p1a: Zamazenta|Zamazenta|50/100
|turn|21
|
|t:|1758377222
|-terastallize|p1a: Zamazenta|Electric
|move|p2a: Iron Boulder|Swords Dance|p2a: Iron Boulder
|-boost|p2a: Iron Boulder|atk|2
|move|p1a: Zamazenta|Crunch|p2a: Iron Boulder
|-supereffective|p2a: Iron Boulder
|-damage|p2a: Iron Boulder|29/100 tox
|-unboost|p2a: Iron Boulder|def|1
|
|-heal|p1a: Zamazenta|56/100|[from] item: Leftovers
|-damage|p2a: Iron Boulder|17/100 tox|[from] psn
|upkeep
|turn|22
|
|t:|1758377229
|move|p2a: Iron Boulder|Earthquake|p1a: Zamazenta
|-supereffective|p1a: Zamazenta
|-damage|p1a: Zamazenta|0 fnt
|faint|p1a: Zamazenta
|
|win|purple pastels
|raw|traposaurus-rex's rating: 1422 &rarr; <strong>1404</strong><br />(-18 for losing)
|raw|purple pastels's rating: 1456 &rarr; <strong>1474</strong><br />(+18 for winning)
|l|☆purple pastels
|player|p2|
|l|☆traposaurus-rex
|player|p1|
