|j|☆antzinmypantz
|j|☆partyt0mb
|t:|1758333850
|gametype|singles
|player|p1|antzinmypantz|101|1278
|player|p2|partyt0mb|pokemaniac|1304
|gen|9
|tier|[Gen 9] OU
|rated|
|rule|HP Percentage Mod: HP is shown in percentages
|rule|Endless Battle Clause: Forcing endless battles is banned
|rule|Species Clause: Limit one of each Pokémon
|rule|OHKO Clause: OHKO moves are banned
|rule|Evasion Items Clause: Evasion items are banned
|rule|Evasion Moves Clause: Evasion moves are banned
|rule|Evasion Abilities Clause: Evasion abilities are banned
|rule|Sleep Moves Clause: Sleep-inducing moves are banned
|clearpoke
|poke|p1|Rillaboom, F|
|poke|p1|Passimian, F|
|poke|p1|Zebstrika, F|
|poke|p1|Vaporeon, M|
|poke|p1|Malamar, M|
|poke|p1|Clefable, M|
|poke|p2|Cinderace, M|
|poke|p2|Kyurem|
|poke|p2|Great Tusk|
|poke|p2|Alomomola, M|
|poke|p2|Pecharunt|
|poke|p2|Scizor, M|
|teampreview
|inactive|Battle timer is ON: inactive players will automatically lose when time's up. (requested by partyt0mb)
|
|t:|1758333870
|teamsize|p1|6
|teamsize|p2|6
|start
|switch|p1a: Zebstrika|Zebstrika, F|100/100
|switch|p2a: Cinderace|Cinderace, M|100/100
|turn|1
|
|t:|1758333876
|move|p2a: Cinderace|Pyro Ball|p1a: Zebstrika
|-damage|p1a: Zebstrika|0 fnt
|faint|p1a: Zebstrika
|
|upkeep
|
|t:|1758333882
|switch|p1a: Vaporeon|Vaporeon, M|100/100
|turn|2
|
|t:|1758333888
|switch|p2a: Pecharunt|Pecharunt|100/100
|move|p1a: Vaporeon|Scald|p2a: Pecharunt
|-damage|p2a: Pecharunt|70/100
|
|upkeep
|turn|3
|
|t:|1758333897
|move|p2a: Pecharunt|Toxic|p1a: Vaporeon
|-status|p1a: Vaporeon|tox
|-start|p1a: Vaporeon|confusion|[from] ability: Poison Puppeteer|[of] p2a: Pecharunt
|-activate|p1a: Vaporeon|confusion
|move|p1a: Vaporeon|Scald|p2a: Pecharunt
|-damage|p2a: Pecharunt|42/100
|
|-damage|p1a: Vaporeon|94/100 tox|[from] psn
|upkeep
|turn|4
|
|t:|1758333902
|switch|p1a: Malamar|Malamar, M|100/100
|move|p2a: Pecharunt|Recover|p2a: Pecharunt
|-heal|p2a: Pecharunt|92/100
|
|upkeep
|turn|5
|
|t:|1758333905
|move|p1a: Malamar|Switcheroo|p2a: Pecharunt
|-activate|p1a: Malamar|move: Trick|[of] p2a: Pecharunt
|-item|p2a: Pecharunt|Choice Scarf|[from] move: Switcheroo
|-item|p1a: Malamar|Heavy-Duty Boots|[from] move: Switcheroo
|move|p2a: Pecharunt|Toxic|p1a: Malamar
|-status|p1a: Malamar|tox
|-start|p1a: Malamar|confusion|[from] ability: Poison Puppeteer|[of] p2a: Pecharunt
|
|-damage|p1a: Malamar|94/100 tox|[from] psn
|upkeep
|turn|6
|
|t:|1758333914
|switch|p2a: Scizor|Scizor, M|100/100
|switch|p1a: Clefable|Clefable, M|100/100
|
|upkeep
|turn|7
|
|t:|1758333919
|move|p2a: Scizor|Bullet Punch|p1a: Clefable
|-supereffective|p1a: Clefable
|-damage|p1a: Clefable|51/100
|move|p1a: Clefable|Stealth Rock|p2a: Scizor
|-sidestart|p2: partyt0mb|move: Stealth Rock
|
|-heal|p1a: Clefable|57/100|[from] item: Leftovers
|upkeep
|turn|8
|
|t:|1758333924
|switch|p1a: Vaporeon|Vaporeon, M|94/100 tox
|move|p2a: Scizor|Bullet Punch|p1a: Vaporeon
|-resisted|p1a: Vaporeon
|-damage|p1a: Vaporeon|85/100 tox
|
|-heal|p1a: Vaporeon|92/100 tox|[from] item: Leftovers
|-damage|p1a: Vaporeon|85/100 tox|[from] psn
|upkeep
|turn|9
|
|t:|1758333930
|move|p1a: Vaporeon|Wish|p1a: Vaporeon
|move|p2a: Scizor|Knock Off|p1a: Vaporeon
|-damage|p1a: Vaporeon|58/100 tox
|-enditem|p1a: Vaporeon|Leftovers|[from] move: Knock Off|[of] p2a: Scizor
|
|-damage|p1a: Vaporeon|46/100 tox|[from] psn
|upkeep
|turn|10
|
|t:|1758333938
|move|p1a: Vaporeon|Scald|p2a: Scizor
|-damage|p2a: Scizor|77/100
|move|p2a: Scizor|Knock Off|p1a: Vaporeon
|-damage|p1a: Vaporeon|29/100 tox
|
|-heal|p1a: Vaporeon|79/100 tox|[from] move: Wish|[wisher] Vaporeon
|-damage|p1a: Vaporeon|60/100 tox|[from] psn
|upkeep
|turn|11
|
|t:|1758333945
|switch|p1a: Clefable|Clefable, M|57/100
|move|p2a: Scizor|U-turn|p1a: Clefable
|-resisted|p1a: Clefable
|-damage|p1a: Clefable|34/100
|
|t:|1758333950
|switch|p2a: Cinderace|Cinderace, M|100/100|[from] U-turn
|-damage|p2a: Cinderace|76/100|[from] Stealth Rock
|
|-heal|p1a: Clefable|40/100|[from] item: Leftovers
|upkeep
|turn|12
|
|t:|1758333956
|switch|p1a: Vaporeon|Vaporeon, M|60/100 tox
|move|p2a: Cinderace|Pyro Ball|p1a: Vaporeon
|-resisted|p1a: Vaporeon
|-damage|p1a: Vaporeon|26/100 tox
|
|-damage|p1a: Vaporeon|20/100 tox|[from] psn
|upkeep
|turn|13
|
|t:|1758333963
|switch|p2a: Alomomola|Alomomola, M|100/100
|-damage|p2a: Alomomola|88/100|[from] Stealth Rock
|move|p1a: Vaporeon|Scald|p2a: Alomomola
|-resisted|p2a: Alomomola
|-damage|p2a: Alomomola|80/100
|
|-damage|p1a: Vaporeon|8/100 tox|[from] psn
|upkeep
|turn|14
|
|t:|1758333966
|move|p1a: Vaporeon|Scald|p2a: Alomomola
|-resisted|p2a: Alomomola
|-damage|p2a: Alomomola|72/100
|move|p2a: Alomomola|Flip Turn|p1a: Vaporeon
|-heal|p1a: Vaporeon|33/100 tox|[from] ability: Water Absorb|[of] p2a: Alomomola
|
|-damage|p1a: Vaporeon|14/100 tox|[from] psn
|upkeep
|turn|15
|
|t:|1758333974
|move|p1a: Vaporeon|Wish|p1a: Vaporeon
|move|p2a: Alomomola|Flip Turn|p1a: Vaporeon
|-heal|p1a: Vaporeon|39/100 tox|[from] ability: Water Absorb|[of] p2a: Alomomola
|
|-damage|p1a: Vaporeon|14/100 tox|[from] psn
|upkeep
|turn|16
|
|t:|1758333980
|switch|p1a: Clefable|Clefable, M|40/100
|move|p2a: Alomomola|Alluring Voice|p1a: Clefable
|-damage|p1a: Clefable|33/100
|
|-heal|p1a: Clefable|92/100|[from] move: Wish|[wisher] Vaporeon
|-heal|p1a: Clefable|98/100|[from] item: Leftovers
|upkeep
|turn|17
|
|t:|1758333988
|switch|p1a: Vaporeon|Vaporeon, M|14/100 tox
|switch|p2a: Pecharunt|Pecharunt|92/100
|-damage|p2a: Pecharunt|79/100|[from] Stealth Rock
|
|-damage|p1a: Vaporeon|8/100 tox|[from] psn
|upkeep
|turn|18
|
|t:|1758333993
|move|p2a: Pecharunt|Hex|p1a: Vaporeon
|-damage|p1a: Vaporeon|0 fnt
|faint|p1a: Vaporeon
|
|upkeep
|
|t:|1758333996
|switch|p1a: Passimian|Passimian, F|100/100
|turn|19
|
|t:|1758334001
|switch|p2a: Alomomola|Alomomola, M|100/100
|-damage|p2a: Alomomola|88/100|[from] Stealth Rock
|move|p1a: Passimian|Bulk Up|p1a: Passimian
|-boost|p1a: Passimian|atk|1
|-boost|p1a: Passimian|def|1
|
|upkeep
|turn|20
|
|t:|1758334007
|move|p1a: Passimian|Knock Off|p2a: Alomomola
|-damage|p2a: Alomomola|55/100
|-enditem|p2a: Alomomola|Assault Vest|[from] move: Knock Off|[of] p1a: Passimian
|move|p2a: Alomomola|Alluring Voice|p1a: Passimian
|-supereffective|p1a: Passimian
|-damage|p1a: Passimian|74/100
|
|upkeep
|turn|21
|
|t:|1758334018
|move|p1a: Passimian|Close Combat|p2a: Alomomola
|-damage|p2a: Alomomola|1/100
|-unboost|p1a: Passimian|def|1
|-unboost|p1a: Passimian|spd|1
|move|p2a: Alomomola|Flip Turn|p1a: Passimian
|-damage|p1a: Passimian|55/100
|
|t:|1758334029
|switch|p2a: Kyurem|Kyurem|100/100|[from] Flip Turn
|-damage|p2a: Kyurem|76/100|[from] Stealth Rock
|-ability|p2a: Kyurem|Pressure
|
|-heal|p2a: Kyurem|82/100|[from] item: Leftovers
|upkeep
|turn|22
|
|t:|1758334037
|switch|p1a: Clefable|Clefable, M|98/100
|move|p2a: Kyurem|Dragon Pulse|p1a: Clefable
|-immune|p1a: Clefable
|
|-heal|p2a: Kyurem|88/100|[from] item: Leftovers
|-heal|p1a: Clefable|100/100|[from] item: Leftovers
|upkeep
|turn|23
|
|t:|1758334045
|switch|p2a: Scizor|Scizor, M|77/100
|-damage|p2a: Scizor|64/100|[from] Stealth Rock
|move|p1a: Clefable|Thunder Wave|p2a: Scizor
|-status|p2a: Scizor|par
|
|upkeep
|turn|24
|
|t:|1758334056
|move|p1a: Clefable|Moonblast|p2a: Scizor
|-resisted|p2a: Scizor
|-damage|p2a: Scizor|53/100 par
|move|p2a: Scizor|Knock Off|p1a: Clefable
|-resisted|p1a: Clefable
|-damage|p1a: Clefable|80/100
|-enditem|p1a: Clefable|Leftovers|[from] move: Knock Off|[of] p2a: Scizor
|
|upkeep
|turn|25
|
|t:|1758334064
|switch|p1a: Malamar|Malamar, M|94/100 tox
|move|p2a: Scizor|Bullet Punch|p1a: Malamar
|-damage|p1a: Malamar|66/100 tox
|
|-damage|p1a: Malamar|60/100 tox|[from] psn
|upkeep
|turn|26
|
|t:|1758334072
|move|p1a: Malamar|Knock Off|p2a: Scizor
|-damage|p2a: Scizor|16/100 par
|-enditem|p2a: Scizor|Assault Vest|[from] move: Knock Off|[of] p1a: Malamar
|move|p2a: Scizor|U-turn|p1a: Malamar
|-supereffective|p1a: Malamar
|-damage|p1a: Malamar|0 fnt
|faint|p1a: Malamar
|
|t:|1758334078
|switch|p2a: Cinderace|Cinderace, M|76/100|[from] U-turn
|-damage|p2a: Cinderace|51/100|[from] Stealth Rock
|
|upkeep
|
|t:|1758334088
|switch|p1a: Clefable|Clefable, M|80/100
|turn|27
|
|t:|1758334093
|-terastallize|p2a: Cinderace|Fire
|move|p2a: Cinderace|Pyro Ball|p1a: Clefable
|-damage|p1a: Clefable|0 fnt
|faint|p1a: Clefable
|
|upkeep
|
|t:|1758334100
|switch|p1a: Rillaboom|Rillaboom, F|100/100
|-fieldstart|move: Grassy Terrain|[from] ability: Grassy Surge|[of] p1a: Rillaboom
|turn|28
|
|t:|1758334104
|-terastallize|p1a: Rillaboom|Grass
|move|p1a: Rillaboom|Grassy Glide|p2a: Cinderace
|-resisted|p2a: Cinderace
|-damage|p2a: Cinderace|0 fnt
|faint|p2a: Cinderace
|
|upkeep
|
|t:|1758334111
|switch|p2a: Pecharunt|Pecharunt|79/100
|-damage|p2a: Pecharunt|67/100|[from] Stealth Rock
|turn|29
|
|t:|1758334115
|move|p1a: Rillaboom|Grassy Glide|p2a: Pecharunt
|-resisted|p2a: Pecharunt
|-damage|p2a: Pecharunt|45/100
|move|p2a: Pecharunt|Toxic|p1a: Rillaboom
|-status|p1a: Rillaboom|tox
|-start|p1a: Rillaboom|confusion|[from] ability: Poison Puppeteer|[of] p2a: Pecharunt
|
|-heal|p2a: Pecharunt|51/100|[from] Grassy Terrain
|-damage|p1a: Rillaboom|94/100 tox|[from] psn
|upkeep
|turn|30
|
|t:|1758334123
|switch|p2a: Kyurem|Kyurem|88/100
|-damage|p2a: Kyurem|63/100|[from] Stealth Rock
|-ability|p2a: Kyurem|Pressure
|switch|p1a: Passimian|Passimian, F|55/100
|
|-heal|p2a: Kyurem|69/100|[from] Grassy Terrain
|-heal|p2a: Kyurem|75/100|[from] item: Leftovers
|-heal|p1a: Passimian|61/100|[from] Grassy Terrain
|upkeep
|turn|31
|
|t:|1758334130
|move|p1a: Passimian|Endure|p1a: Passimian
|-singleturn|p1a: Passimian|move: Endure
|move|p2a: Kyurem|Dragon Pulse|p1a: Passimian
|-damage|p1a: Passimian|5/100
|-enditem|p1a: Passimian|Salac Berry|[eat]
|-boost|p1a: Passimian|spe|1|[from] item: Salac Berry
|
|-heal|p1a: Passimian|12/100|[from] Grassy Terrain
|-heal|p2a: Kyurem|82/100|[from] Grassy Terrain
|-heal|p2a: Kyurem|88/100|[from] item: Leftovers
|upkeep
|turn|32
|
|t:|1758334137
|move|p1a: Passimian|Close Combat|p2a: Kyurem
|-supereffective|p2a: Kyurem
|-damage|p2a: Kyurem|0 fnt
|-unboost|p1a: Passimian|def|1
|-unboost|p1a: Passimian|spd|1
|faint|p2a: Kyurem
|
|-heal|p1a: Passimian|18/100|[from] Grassy Terrain
|-fieldend|move: Grassy Terrain
|upkeep
|
|t:|1758334145
|switch|p2a: Great Tusk|Great Tusk|100/100
|turn|33
|
|t:|1758334150
|move|p1a: Passimian|Close Combat|p2a: Great Tusk
|-damage|p2a: Great Tusk|61/100
|-unboost|p1a: Passimian|def|1
|-unboost|p1a: Passimian|spd|1
|move|p2a: Great Tusk|Rapid Spin|p1a: Passimian
|-damage|p1a: Passimian|0 fnt
|-boost|p2a: Great Tusk|spe|1
|-sideend|p2: partyt0mb|Stealth Rock|[from] move: Rapid Spin|[of] p2a: Great Tusk
|faint|p1a: Passimian
|
|upkeep
|
|t:|1758334154
|switch|p1a: Rillaboom|Rillaboom, F, tera:Grass|94/100 tox
|-fieldstart|move: Grassy Terrain|[from] ability: Grassy Surge|[of] p1a: Rillaboom
|turn|34
|
|t:|1758334157
|move|p1a: Rillaboom|Grassy Glide|p2a: Great Tusk
|-supereffective|p2a: Great Tusk
|-damage|p2a: Great Tusk|0 fnt
|faint|p2a: Great Tusk
|-end|p2a: Great Tusk|Protosynthesis|[silent]
|
|-heal|p1a: Rillaboom|100/100 tox|[from] Grassy Terrain
|-damage|p1a: Rillaboom|94/100 tox|[from] psn
|upkeep
|
|t:|1758334167
|switch|p2a: Alomomola|Alomomola, M|34/100
|turn|35
|
|t:|1758334170
|move|p1a: Rillaboom|Grassy Glide|p2a: Alomomola
|-supereffective|p2a: Alomomola
|-damage|p2a: Alomomola|0 fnt
|faint|p2a: Alomomola
|
|-heal|p1a: Rillaboom|100/100 tox|[from] Grassy Terrain
|-damage|p1a: Rillaboom|88/100 tox|[from] psn
|upkeep
|
|t:|1758334172
|switch|p2a: Scizor|Scizor, M|16/100 par
|turn|36
|
|t:|1758334175
|move|p1a: Rillaboom|Grassy Glide|p2a: Scizor
|-resisted|p2a: Scizor
|-damage|p2a: Scizor|0 fnt
|faint|p2a: Scizor
|
|-heal|p1a: Rillaboom|94/100 tox|[from] Grassy Terrain
|-damage|p1a: Rillaboom|76/100 tox|[from] psn
|upkeep
|
|t:|1758334177
|switch|p2a: Pecharunt|Pecharunt|51/100
|turn|37
|
|t:|1758334179
|move|p1a: Rillaboom|Grassy Glide|p2a: Pecharunt
|-resisted|p2a: Pecharunt
|-damage|p2a: Pecharunt|31/100
|move|p2a: Pecharunt|Recover|p2a: Pecharunt
|-heal|p2a: Pecharunt|81/100
|
|-heal|p2a: Pecharunt|87/100|[from] Grassy Terrain
|-heal|p1a: Rillaboom|82/100 tox|[from] Grassy Terrain
|-damage|p1a: Rillaboom|57/100 tox|[from] psn
|upkeep
|turn|38
|
|t:|1758334183
|move|p1a: Rillaboom|Grassy Glide|p2a: Pecharunt
|-resisted|p2a: Pecharunt
|-damage|p2a: Pecharunt|65/100
|move|p2a: Pecharunt|Recover|p2a: Pecharunt
|-heal|p2a: Pecharunt|100/100
|
|-heal|p1a: Rillaboom|64/100 tox|[from] Grassy Terrain
|-damage|p1a: Rillaboom|33/100 tox|[from] psn
|-fieldend|move: Grassy Terrain
|upkeep
|turn|39
|
|t:|1758334186
|move|p2a: Pecharunt|Recover||[still]
|-fail|p2a: Pecharunt|heal
|move|p1a: Rillaboom|Grassy Glide|p2a: Pecharunt
|-resisted|p2a: Pecharunt
|-damage|p2a: Pecharunt|83/100
|
|-damage|p1a: Rillaboom|0 fnt|[from] psn
|faint|p1a: Rillaboom
|
|win|partyt0mb
|raw|antzinmypantz's rating: 1278 &rarr; <strong>1255</strong><br />(-23 for losing)
|raw|partyt0mb's rating: 1304 &rarr; <strong>1323</strong><br />(+19 for winning)
|l|☆partyt0mb
|player|p2|
|l|☆antzinmypantz
|player|p1|
