|j|☆jilin
|j|☆potatoeman3000
|t:|1758248975
|gametype|singles
|player|p1|jilin|cynthia|1326
|player|p2|potatoeman3000|169|1352
|gen|9
|tier|[Gen 9] OU
|rated|
|rule|HP Percentage Mod: HP is shown in percentages
|rule|Endless Battle Clause: Forcing endless battles is banned
|rule|Species Clause: Limit one of each Pokémon
|rule|OHKO Clause: OHKO moves are banned
|rule|Evasion Items Clause: Evasion items are banned
|rule|Evasion Moves Clause: Evasion moves are banned
|rule|Evasion Abilities Clause: Evasion abilities are banned
|rule|Sleep Moves Clause: Sleep-inducing moves are banned
|clearpoke
|poke|p1|Salamence, M|
|poke|p1|Clefable, F|
|poke|p1|Pecharunt|
|poke|p1|Moltres|
|poke|p1|Meowscarada, F|
|poke|p1|Great Tusk|
|poke|p2|Kingambit, F|
|poke|p2|Zamazenta-*|
|poke|p2|Corviknight, F|
|poke|p2|Samurott-Hisui, F|
|poke|p2|Garganacl, F|
|poke|p2|Iron Valiant|
|teampreview
|inactive|Battle timer is ON: inactive players will automatically lose when time's up. (requested by jilin)
|
|t:|1758248982
|teamsize|p1|6
|teamsize|p2|6
|start
|switch|p1a: Meowscarada|Meowscarada, F|100/100
|switch|p2a: More spikes please|Samurott-Hisui, F|100/100
|turn|1
|
|t:|1758248988
|move|p1a: Meowscarada|U-turn|p2a: More spikes please
|-start|p1a: Meowscarada|typechange|Bug|[from] ability: Protean
|-supereffective|p2a: More spikes please
|-damage|p2a: More spikes please|14/100
|
|t:|1758248999
|switch|p1a: Great Tusk|Great Tusk|100/100|[from] U-turn
|move|p2a: More spikes please|Knock Off|p1a: Great Tusk
|-resisted|p1a: Great Tusk
|-crit|p1a: Great Tusk
|-damage|p1a: Great Tusk|75/100
|-enditem|p1a: Great Tusk|Heavy-Duty Boots|[from] move: Knock Off|[of] p2a: More spikes please
|
|upkeep
|turn|2
|
|t:|1758249009
|move|p2a: More spikes please|Aqua Jet|p1a: Great Tusk
|-supereffective|p1a: Great Tusk
|-damage|p1a: Great Tusk|50/100
|move|p1a: Great Tusk|Ice Spinner|p2a: More spikes please
|-resisted|p2a: More spikes please
|-damage|p2a: More spikes please|0 fnt
|faint|p2a: More spikes please
|
|upkeep
|
|t:|1758249019
|switch|p2a: The forgotten one|Zamazenta|100/100
|-ability|p2a: The forgotten one|Dauntless Shield|boost
|-boost|p2a: The forgotten one|def|1
|turn|3
|
|t:|1758249025
|-end|p1a: Great Tusk|Protosynthesis|[silent]
|switch|p1a: Moltres|Moltres|100/100
|move|p2a: The forgotten one|Heavy Slam|p1a: Moltres
|-resisted|p1a: Moltres
|-damage|p1a: Moltres|89/100
|
|upkeep
|turn|4
|
|t:|1758249036
|switch|p2a: Copper Golem|Garganacl, F|100/100
|move|p1a: Moltres|Flamethrower|p2a: Copper Golem
|-resisted|p2a: Copper Golem
|-damage|p2a: Copper Golem|89/100
|
|-heal|p2a: Copper Golem|95/100|[from] item: Leftovers
|upkeep
|turn|5
|
|t:|1758249047
|switch|p1a: Meowscarada|Meowscarada, F|100/100
|move|p2a: Copper Golem|Salt Cure|p1a: Meowscarada
|-damage|p1a: Meowscarada|79/100
|-start|p1a: Meowscarada|Salt Cure
|
|-heal|p2a: Copper Golem|100/100|[from] item: Leftovers
|-damage|p1a: Meowscarada|66/100|[from] Salt Cure
|upkeep
|turn|6
|
|t:|1758249054
|switch|p2a: Protagonist|Corviknight, F|100/100
|-ability|p2a: Protagonist|Pressure
|move|p1a: Meowscarada|Knock Off|p2a: Protagonist
|-start|p1a: Meowscarada|typechange|Dark|[from] ability: Protean
|-damage|p2a: Protagonist|72/100
|-damage|p1a: Meowscarada|50/100|[from] item: Rocky Helmet|[of] p2a: Protagonist
|-enditem|p2a: Protagonist|Rocky Helmet|[from] move: Knock Off|[of] p1a: Meowscarada
|
|-damage|p1a: Meowscarada|38/100|[from] Salt Cure
|upkeep
|turn|7
|
|t:|1758249060
|switch|p1a: Moltres|Moltres|89/100
|move|p2a: Protagonist|Roost|p2a: Protagonist
|-heal|p2a: Protagonist|100/100
|-singleturn|p2a: Protagonist|move: Roost
|
|upkeep
|turn|8
|
|t:|1758249065
|switch|p1a: Pecharunt|Pecharunt|100/100
|switch|p2a: Copper Golem|Garganacl, F|100/100
|
|upkeep
|turn|9
|
|t:|1758249069
|move|p1a: Pecharunt|Parting Shot|p2a: Copper Golem
|-unboost|p2a: Copper Golem|atk|1
|-unboost|p2a: Copper Golem|spa|1
|
|t:|1758249072
|switch|p1a: Clefable|Clefable, F|100/100|[from] Parting Shot
|move|p2a: Copper Golem|Salt Cure|p1a: Clefable
|-damage|p1a: Clefable|83/100
|-start|p1a: Clefable|Salt Cure
|
|-heal|p1a: Clefable|89/100|[from] item: Leftovers
|-damage|p1a: Clefable|77/100|[from] Salt Cure
|upkeep
|turn|10
|
|t:|1758249078
|switch|p2a: Protagonist|Corviknight, F|100/100
|-ability|p2a: Protagonist|Pressure
|move|p1a: Clefable|Thunder Wave|p2a: Protagonist
|-status|p2a: Protagonist|par
|
|-heal|p1a: Clefable|83/100|[from] item: Leftovers
|-damage|p1a: Clefable|70/100|[from] Salt Cure
|upkeep
|turn|11
|
|t:|1758249085
|switch|p1a: Moltres|Moltres|89/100
|move|p2a: Protagonist|U-turn|p1a: Moltres
|-resisted|p1a: Moltres
|-damage|p1a: Moltres|87/100
|
|t:|1758249092
|switch|p2a: Copper Golem|Garganacl, F|100/100|[from] U-turn
|
|upkeep
|turn|12
|
|t:|1758249096
|switch|p1a: Clefable|Clefable, F|70/100
|move|p2a: Copper Golem|Salt Cure|p1a: Clefable
|-damage|p1a: Clefable|52/100
|-start|p1a: Clefable|Salt Cure
|
|-heal|p1a: Clefable|58/100|[from] item: Leftovers
|-damage|p1a: Clefable|46/100|[from] Salt Cure
|upkeep
|turn|13
|
|t:|1758249104
|move|p1a: Clefable|Moonlight|p1a: Clefable
|-heal|p1a: Clefable|96/100
|move|p2a: Copper Golem|Earthquake|p1a: Clefable
|-damage|p1a: Clefable|66/100
|
|-heal|p1a: Clefable|72/100|[from] item: Leftovers
|-damage|p1a: Clefable|60/100|[from] Salt Cure
|upkeep
|turn|14
|
|t:|1758249115
|switch|p2a: Protagonist|Corviknight, F|100/100 par
|-ability|p2a: Protagonist|Pressure
|move|p1a: Clefable|Moonblast|p2a: Protagonist
|-resisted|p2a: Protagonist
|-damage|p2a: Protagonist|85/100 par
|
|-heal|p1a: Clefable|66/100|[from] item: Leftovers
|-damage|p1a: Clefable|54/100|[from] Salt Cure
|upkeep
|turn|15
|
|t:|1758249120
|switch|p1a: Pecharunt|Pecharunt|100/100
|cant|p2a: Protagonist|par
|
|upkeep
|turn|16
|
|t:|1758249126
|move|p1a: Pecharunt|Shadow Ball|p2a: Protagonist
|-damage|p2a: Protagonist|58/100 par
|move|p2a: Protagonist|U-turn|p1a: Pecharunt
|-resisted|p1a: Pecharunt
|-damage|p1a: Pecharunt|99/100
|
|t:|1758249138
|switch|p2a: Comeback baby!!!!|Kingambit, F|100/100|[from] U-turn
|-activate|p2a: Comeback baby!!!!|ability: Supreme Overlord
|-start|p2a: Comeback baby!!!!|fallen1|[silent]
|
|upkeep
|turn|17
|
|t:|1758249143
|switch|p1a: Moltres|Moltres|87/100
|move|p2a: Comeback baby!!!!|Kowtow Cleave|p1a: Moltres
|-damage|p1a: Moltres|30/100
|
|upkeep
|turn|18
|
|t:|1758249149
|-end|p2a: Comeback baby!!!!|fallen1|[silent]
|switch|p2a: Copper Golem|Garganacl, F|100/100
|move|p1a: Moltres|Roost|p1a: Moltres
|-heal|p1a: Moltres|80/100
|-singleturn|p1a: Moltres|move: Roost
|
|upkeep
|turn|19
|
|t:|1758249154
|switch|p1a: Clefable|Clefable, F|54/100
|move|p2a: Copper Golem|Salt Cure|p1a: Clefable
|-damage|p1a: Clefable|37/100
|-start|p1a: Clefable|Salt Cure
|
|-heal|p1a: Clefable|43/100|[from] item: Leftovers
|-damage|p1a: Clefable|30/100|[from] Salt Cure
|upkeep
|turn|20
|
|t:|1758249158
|move|p1a: Clefable|Moonlight|p1a: Clefable
|-heal|p1a: Clefable|80/100
|move|p2a: Copper Golem|Curse|p2a: Copper Golem
|-unboost|p2a: Copper Golem|spe|1
|-boost|p2a: Copper Golem|atk|1
|-boost|p2a: Copper Golem|def|1
|
|-heal|p1a: Clefable|86/100|[from] item: Leftovers
|-damage|p1a: Clefable|74/100|[from] Salt Cure
|upkeep
|turn|21
|inactive|jilin has 120 seconds left.
|
|t:|1758249189
|switch|p1a: Great Tusk|Great Tusk|50/100
|move|p2a: Copper Golem|Earthquake|p1a: Great Tusk
|-damage|p1a: Great Tusk|26/100
|
|upkeep
|turn|22
|
|t:|1758249206
|switch|p2a: Protagonist|Corviknight, F|58/100 par
|-ability|p2a: Protagonist|Pressure
|move|p1a: Great Tusk|Stealth Rock|p2a: Protagonist
|-sidestart|p2: potatoeman3000|move: Stealth Rock
|
|upkeep
|turn|23
|
|t:|1758249213
|-end|p1a: Great Tusk|Protosynthesis|[silent]
|switch|p1a: Moltres|Moltres|80/100
|cant|p2a: Protagonist|par
|
|upkeep
|turn|24
|
|t:|1758249219
|move|p1a: Moltres|Flamethrower|p2a: Protagonist
|-supereffective|p2a: Protagonist
|-damage|p2a: Protagonist|0 fnt
|faint|p2a: Protagonist
|
|upkeep
|
|t:|1758249224
|switch|p2a: Copper Golem|Garganacl, F|100/100
|-damage|p2a: Copper Golem|88/100|[from] Stealth Rock
|turn|25
|
|t:|1758249230
|switch|p1a: Clefable|Clefable, F|74/100
|move|p2a: Copper Golem|Salt Cure|p1a: Clefable
|-damage|p1a: Clefable|58/100
|-start|p1a: Clefable|Salt Cure
|
|-heal|p1a: Clefable|64/100|[from] item: Leftovers
|-heal|p2a: Copper Golem|94/100|[from] item: Leftovers
|-damage|p1a: Clefable|51/100|[from] Salt Cure
|upkeep
|turn|26
|
|t:|1758249239
|move|p1a: Clefable|Moonblast|p2a: Copper Golem
|-damage|p2a: Copper Golem|71/100
|move|p2a: Copper Golem|Earthquake|p1a: Clefable
|-damage|p1a: Clefable|26/100
|
|-heal|p1a: Clefable|32/100|[from] item: Leftovers
|-heal|p2a: Copper Golem|77/100|[from] item: Leftovers
|-damage|p1a: Clefable|19/100|[from] Salt Cure
|upkeep
|turn|27
|
|t:|1758249263
|move|p1a: Clefable|Moonlight|p1a: Clefable
|-heal|p1a: Clefable|69/100
|move|p2a: Copper Golem|Earthquake|p1a: Clefable
|-crit|p1a: Clefable
|-damage|p1a: Clefable|28/100
|
|-heal|p1a: Clefable|34/100|[from] item: Leftovers
|-heal|p2a: Copper Golem|83/100|[from] item: Leftovers
|-damage|p1a: Clefable|22/100|[from] Salt Cure
|upkeep
|turn|28
|
|t:|1758249270
|move|p1a: Clefable|Moonlight|p1a: Clefable
|-heal|p1a: Clefable|72/100
|move|p2a: Copper Golem|Earthquake|p1a: Clefable
|-damage|p1a: Clefable|43/100
|
|-heal|p1a: Clefable|49/100|[from] item: Leftovers
|-heal|p2a: Copper Golem|89/100|[from] item: Leftovers
|-damage|p1a: Clefable|37/100|[from] Salt Cure
|upkeep
|turn|29
|
|t:|1758249276
|move|p1a: Clefable|Moonlight|p1a: Clefable
|-heal|p1a: Clefable|87/100
|move|p2a: Copper Golem|Earthquake|p1a: Clefable
|-damage|p1a: Clefable|61/100
|
|-heal|p1a: Clefable|67/100|[from] item: Leftovers
|-heal|p2a: Copper Golem|95/100|[from] item: Leftovers
|-damage|p1a: Clefable|55/100|[from] Salt Cure
|upkeep
|turn|30
|
|t:|1758249281
|move|p1a: Clefable|Moonblast|p2a: Copper Golem
|-damage|p2a: Copper Golem|73/100
|-unboost|p2a: Copper Golem|spa|1
|move|p2a: Copper Golem|Earthquake|p1a: Clefable
|-damage|p1a: Clefable|29/100
|
|-heal|p1a: Clefable|35/100|[from] item: Leftovers
|-heal|p2a: Copper Golem|79/100|[from] item: Leftovers
|-damage|p1a: Clefable|23/100|[from] Salt Cure
|upkeep
|turn|31
|
|t:|1758249288
|move|p1a: Clefable|Moonlight|p1a: Clefable
|-heal|p1a: Clefable|72/100
|move|p2a: Copper Golem|Earthquake|p1a: Clefable
|-damage|p1a: Clefable|47/100
|
|-heal|p1a: Clefable|53/100|[from] item: Leftovers
|-heal|p2a: Copper Golem|85/100|[from] item: Leftovers
|-damage|p1a: Clefable|40/100|[from] Salt Cure
|upkeep
|turn|32
|
|t:|1758249292
|move|p1a: Clefable|Moonlight|p1a: Clefable
|-heal|p1a: Clefable|90/100
|move|p2a: Copper Golem|Earthquake|p1a: Clefable
|-damage|p1a: Clefable|62/100
|
|-heal|p1a: Clefable|68/100|[from] item: Leftovers
|-heal|p2a: Copper Golem|91/100|[from] item: Leftovers
|-damage|p1a: Clefable|55/100|[from] Salt Cure
|upkeep
|turn|33
|
|t:|1758249297
|move|p1a: Clefable|Moonblast|p2a: Copper Golem
|-damage|p2a: Copper Golem|69/100
|move|p2a: Copper Golem|Curse|p2a: Copper Golem
|-unboost|p2a: Copper Golem|spe|1
|-boost|p2a: Copper Golem|atk|1
|-boost|p2a: Copper Golem|def|1
|
|-heal|p1a: Clefable|62/100|[from] item: Leftovers
|-heal|p2a: Copper Golem|75/100|[from] item: Leftovers
|-damage|p1a: Clefable|49/100|[from] Salt Cure
|upkeep
|turn|34
|
|t:|1758249301
|move|p1a: Clefable|Moonblast|p2a: Copper Golem
|-damage|p2a: Copper Golem|53/100
|-unboost|p2a: Copper Golem|spa|1
|move|p2a: Copper Golem|Earthquake|p1a: Clefable
|-damage|p1a: Clefable|24/100
|
|-heal|p1a: Clefable|30/100|[from] item: Leftovers
|-heal|p2a: Copper Golem|59/100|[from] item: Leftovers
|-damage|p1a: Clefable|18/100|[from] Salt Cure
|upkeep
|turn|35
|
|t:|1758249306
|move|p1a: Clefable|Moonlight|p1a: Clefable
|-heal|p1a: Clefable|68/100
|move|p2a: Copper Golem|Recover|p2a: Copper Golem
|-heal|p2a: Copper Golem|100/100
|
|-heal|p1a: Clefable|74/100|[from] item: Leftovers
|-damage|p1a: Clefable|62/100|[from] Salt Cure
|upkeep
|turn|36
|
|t:|1758249312
|move|p1a: Clefable|Moonblast|p2a: Copper Golem
|-damage|p2a: Copper Golem|78/100
|move|p2a: Copper Golem|Curse|p2a: Copper Golem
|-unboost|p2a: Copper Golem|spe|1
|-boost|p2a: Copper Golem|atk|1
|-boost|p2a: Copper Golem|def|1
|
|-heal|p1a: Clefable|68/100|[from] item: Leftovers
|-heal|p2a: Copper Golem|84/100|[from] item: Leftovers
|-damage|p1a: Clefable|55/100|[from] Salt Cure
|upkeep
|turn|37
|
|t:|1758249322
|move|p1a: Clefable|Healing Wish|p1a: Clefable
|faint|p1a: Clefable
|move|p2a: Copper Golem|Earthquake|p1: Clefable|[notarget]
|-fail|p2a: Copper Golem
|
|-heal|p2a: Copper Golem|91/100|[from] item: Leftovers
|upkeep
|
|t:|1758249328
|switch|p1a: Great Tusk|Great Tusk|26/100
|-heal|p1a: Great Tusk|100/100|[from] move: Healing Wish
|turn|38
|
|t:|1758249332
|move|p1a: Great Tusk|Headlong Rush|p2a: Copper Golem
|-supereffective|p2a: Copper Golem
|-damage|p2a: Copper Golem|50/100
|-unboost|p1a: Great Tusk|def|1
|-unboost|p1a: Great Tusk|spd|1
|move|p2a: Copper Golem|Salt Cure|p1a: Great Tusk
|-resisted|p1a: Great Tusk
|-damage|p1a: Great Tusk|94/100
|-start|p1a: Great Tusk|Salt Cure
|
|-heal|p2a: Copper Golem|56/100|[from] item: Leftovers
|-damage|p1a: Great Tusk|81/100|[from] Salt Cure
|upkeep
|turn|39
|
|t:|1758249339
|move|p1a: Great Tusk|Ice Spinner|p2a: Copper Golem
|-damage|p2a: Copper Golem|46/100
|move|p2a: Copper Golem|Recover|p2a: Copper Golem
|-heal|p2a: Copper Golem|96/100
|
|-heal|p2a: Copper Golem|100/100|[from] item: Leftovers
|-damage|p1a: Great Tusk|69/100|[from] Salt Cure
|upkeep
|turn|40
|
|t:|1758249345
|-end|p1a: Great Tusk|Protosynthesis|[silent]
|switch|p1a: Meowscarada|Meowscarada, F|38/100
|move|p2a: Copper Golem|Earthquake|p1a: Meowscarada
|-resisted|p1a: Meowscarada
|-damage|p1a: Meowscarada|4/100
|
|upkeep
|turn|41
|
|t:|1758249351
|switch|p2a: The forgotten one|Zamazenta|100/100
|-damage|p2a: The forgotten one|94/100|[from] Stealth Rock
|move|p1a: Meowscarada|Knock Off|p2a: The forgotten one
|-start|p1a: Meowscarada|typechange|Dark|[from] ability: Protean
|-resisted|p2a: The forgotten one
|-damage|p2a: The forgotten one|76/100
|-enditem|p2a: The forgotten one|Leftovers|[from] move: Knock Off|[of] p1a: Meowscarada
|
|upkeep
|turn|42
|
|t:|1758249359
|switch|p1a: Moltres|Moltres|80/100
|move|p2a: The forgotten one|Crunch|p1a: Moltres
|-damage|p1a: Moltres|58/100
|-unboost|p1a: Moltres|def|1
|
|upkeep
|turn|43
|
|t:|1758249368
|switch|p2a: Copper Golem|Garganacl, F|100/100
|-damage|p2a: Copper Golem|88/100|[from] Stealth Rock
|move|p1a: Moltres|Roost|p1a: Moltres
|-heal|p1a: Moltres|100/100
|-singleturn|p1a: Moltres|move: Roost
|
|-heal|p2a: Copper Golem|94/100|[from] item: Leftovers
|upkeep
|turn|44
|
|t:|1758249377
|switch|p1a: Pecharunt|Pecharunt|99/100
|move|p2a: Copper Golem|Salt Cure|p1a: Pecharunt
|-damage|p1a: Pecharunt|92/100
|-start|p1a: Pecharunt|Salt Cure
|
|-heal|p2a: Copper Golem|100/100|[from] item: Leftovers
|-damage|p1a: Pecharunt|80/100|[from] Salt Cure
|upkeep
|turn|45
|
|t:|1758249381
|move|p1a: Pecharunt|Parting Shot|p2a: Copper Golem
|-unboost|p2a: Copper Golem|atk|1
|-unboost|p2a: Copper Golem|spa|1
|
|t:|1758249384
|switch|p1a: Great Tusk|Great Tusk|69/100|[from] Parting Shot
|move|p2a: Copper Golem|Earthquake|p1a: Great Tusk
|-damage|p1a: Great Tusk|57/100
|
|upkeep
|turn|46
|
|t:|1758249389
|switch|p2a: The forgotten one|Zamazenta|76/100
|-damage|p2a: The forgotten one|70/100|[from] Stealth Rock
|move|p1a: Great Tusk|Headlong Rush|p2a: The forgotten one
|-damage|p2a: The forgotten one|24/100
|-unboost|p1a: Great Tusk|def|1
|-unboost|p1a: Great Tusk|spd|1
|
|upkeep
|turn|47
|
|t:|1758249394
|-end|p1a: Great Tusk|Protosynthesis|[silent]
|switch|p1a: Moltres|Moltres|100/100
|move|p2a: The forgotten one|Body Press|p1a: Moltres
|-resisted|p1a: Moltres
|-damage|p1a: Moltres|87/100
|
|upkeep
|turn|48
|
|t:|1758249400
|move|p2a: The forgotten one|Body Press|p1a: Moltres
|-resisted|p1a: Moltres
|-damage|p1a: Moltres|76/100
|-status|p2a: The forgotten one|brn|[from] ability: Flame Body|[of] p1a: Moltres
|move|p1a: Moltres|Hurricane|p2a: The forgotten one|[miss]
|-miss|p1a: Moltres|p2a: The forgotten one
|
|-damage|p2a: The forgotten one|18/100 brn|[from] brn
|upkeep
|turn|49
|
|t:|1758249409
|move|p2a: The forgotten one|Body Press|p1a: Moltres
|-resisted|p1a: Moltres
|-crit|p1a: Moltres
|-damage|p1a: Moltres|67/100
|move|p1a: Moltres|Hurricane|p2a: The forgotten one
|-supereffective|p2a: The forgotten one
|-damage|p2a: The forgotten one|0 fnt
|faint|p2a: The forgotten one
|
|upkeep
|
|t:|1758249414
|switch|p2a: Clank CLANK CLANK|Iron Valiant|100/100
|-damage|p2a: Clank CLANK CLANK|94/100|[from] Stealth Rock
|-enditem|p2a: Clank CLANK CLANK|Booster Energy
|-activate|p2a: Clank CLANK CLANK|ability: Quark Drive|[fromitem]
|-start|p2a: Clank CLANK CLANK|quarkdrivespe
|turn|50
|
|t:|1758249418
|move|p2a: Clank CLANK CLANK|Thunderbolt|p1a: Moltres
|-supereffective|p1a: Moltres
|-damage|p1a: Moltres|7/100
|move|p1a: Moltres|Will-O-Wisp|p2a: Clank CLANK CLANK|[miss]
|-miss|p1a: Moltres|p2a: Clank CLANK CLANK
|
|upkeep
|turn|51
|
|t:|1758249429
|move|p2a: Clank CLANK CLANK|Thunderbolt|p1a: Moltres
|-supereffective|p1a: Moltres
|-damage|p1a: Moltres|0 fnt
|faint|p1a: Moltres
|
|upkeep
|
|t:|1758249435
|switch|p1a: Meowscarada|Meowscarada, F|4/100
|turn|52
|
|t:|1758249445
|move|p1a: Meowscarada|Play Rough|p2a: Clank CLANK CLANK
|-start|p1a: Meowscarada|typechange|Fairy|[from] ability: Protean
|-supereffective|p2a: Clank CLANK CLANK
|-damage|p2a: Clank CLANK CLANK|0 fnt
|faint|p2a: Clank CLANK CLANK
|-end|p2a: Clank CLANK CLANK|Quark Drive|[silent]
|
|upkeep
|
|t:|1758249450
|switch|p2a: Copper Golem|Garganacl, F|100/100
|-damage|p2a: Copper Golem|88/100|[from] Stealth Rock
|turn|53
|
|t:|1758249455
|move|p1a: Meowscarada|Play Rough|p2a: Copper Golem
|-damage|p2a: Copper Golem|59/100
|move|p2a: Copper Golem|Salt Cure|p1a: Meowscarada
|-damage|p1a: Meowscarada|0 fnt
|faint|p1a: Meowscarada
|
|-heal|p2a: Copper Golem|65/100|[from] item: Leftovers
|upkeep
|
|t:|1758249458
|switch|p1a: Great Tusk|Great Tusk|57/100
|turn|54
|
|t:|1758249463
|move|p1a: Great Tusk|Headlong Rush|p2a: Copper Golem
|-supereffective|p2a: Copper Golem
|-damage|p2a: Copper Golem|0 fnt
|-unboost|p1a: Great Tusk|def|1
|-unboost|p1a: Great Tusk|spd|1
|faint|p2a: Copper Golem
|
|upkeep
|
|t:|1758249466
|switch|p2a: Comeback baby!!!!|Kingambit, F|100/100
|-damage|p2a: Comeback baby!!!!|94/100|[from] Stealth Rock
|-activate|p2a: Comeback baby!!!!|ability: Supreme Overlord
|-start|p2a: Comeback baby!!!!|fallen5|[silent]
|turn|55
|
|t:|1758249471
|-end|p1a: Great Tusk|Protosynthesis|[silent]
|switch|p1a: Pecharunt|Pecharunt|80/100
|-terastallize|p2a: Comeback baby!!!!|Flying
|move|p2a: Comeback baby!!!!|Swords Dance|p2a: Comeback baby!!!!
|-boost|p2a: Comeback baby!!!!|atk|2
|
|upkeep
|turn|56
|
|t:|1758249480
|-terastallize|p1a: Pecharunt|Steel
|move|p1a: Pecharunt|Malignant Chain|p2a: Comeback baby!!!!
|-damage|p2a: Comeback baby!!!!|58/100
|-status|p2a: Comeback baby!!!!|tox
|-start|p2a: Comeback baby!!!!|confusion|[from] ability: Poison Puppeteer|[of] p1a: Pecharunt
|-activate|p2a: Comeback baby!!!!|confusion
|move|p2a: Comeback baby!!!!|Kowtow Cleave|p1a: Pecharunt
|-damage|p1a: Pecharunt|0 fnt
|faint|p1a: Pecharunt
|
|-damage|p2a: Comeback baby!!!!|52/100 tox|[from] psn
|upkeep
|
|t:|1758249493
|switch|p1a: Salamence|Salamence, M|100/100
|turn|57
|
|t:|1758249496
|move|p1a: Salamence|Dragon Dance|p1a: Salamence
|-boost|p1a: Salamence|atk|1
|-boost|p1a: Salamence|spe|1
|-activate|p2a: Comeback baby!!!!|confusion
|-damage|p2a: Comeback baby!!!!|29/100 tox|[from] confusion
|
|-damage|p2a: Comeback baby!!!!|17/100 tox|[from] psn
|upkeep
|turn|58
|c|☆potatoeman3000|Ggwp
|
|t:|1758249516
|move|p1a: Salamence|Fire Fang|p2a: Comeback baby!!!!
|-damage|p2a: Comeback baby!!!!|0 fnt
|faint|p2a: Comeback baby!!!!
|-end|p2a: Comeback baby!!!!|fallen5|[silent]
|-damage|p1a: Salamence|91/100|[from] item: Life Orb
|
|win|jilin
|raw|jilin's rating: 1326 &rarr; <strong>1347</strong><br />(+21 for winning)
|raw|potatoeman3000's rating: 1352 &rarr; <strong>1331</strong><br />(-21 for losing)
|l|☆potatoeman3000
|player|p2|
