|j|☆John Kritter
|j|☆Obito 2001
|t:|1758349106
|gametype|singles
|player|p1|John Kritter|pokemaniac|1581
|player|p2|Obito 2001|blue-gen3two|1722
|gen|9
|tier|[Gen 9] OU
|rated|
|rule|HP Percentage Mod: HP is shown in percentages
|rule|Endless Battle Clause: Forcing endless battles is banned
|rule|Species Clause: Limit one of each Pokémon
|rule|OHKO Clause: OHKO moves are banned
|rule|Evasion Items Clause: Evasion items are banned
|rule|Evasion Moves Clause: Evasion moves are banned
|rule|Evasion Abilities Clause: Evasion abilities are banned
|rule|Sleep Moves Clause: Sleep-inducing moves are banned
|clearpoke
|poke|p1|Torkoal, F|
|poke|p1|Walking Wake|
|poke|p1|Hatterene, F|
|poke|p1|Great Tusk|
|poke|p1|Ceruledge, M|
|poke|p1|Enamorus, F|
|poke|p2|Heatran, M|
|poke|p2|Primarina, F|
|poke|p2|Great Tusk|
|poke|p2|Rillaboom, M|
|poke|p2|Ogerpon-Wellspring, F|
|poke|p2|Pecharunt|
|teampreview
|inactive|Battle timer is ON: inactive players will automatically lose when time's up. (requested by Obito 2001)
|inactive|John Kritter also wants the timer to be on.
|
|t:|1758349124
|teamsize|p1|6
|teamsize|p2|6
|start
|switch|p1a: Torkoal|Torkoal, F|100/100
|switch|p2a: Heatran|Heatran, M, shiny|100/100
|-weather|SunnyDay|[from] ability: Drought|[of] p1a: Torkoal
|turn|1
|
|t:|1758349136
|switch|p1a: Hatterene|Hatterene, F, shiny|100/100
|move|p2a: Heatran|Magma Storm|p1a: Hatterene
|-damage|p1a: Hatterene|42/100
|-activate|p1a: Hatterene|move: Magma Storm|[of] p2a: Heatran
|-enditem|p1a: Hatterene|Eject Button
|
|t:|1758349141
|switch|p1a: Walking Wake|Walking Wake|100/100
|-activate|p1a: Walking Wake|ability: Protosynthesis
|-start|p1a: Walking Wake|protosynthesisspa
|
|-weather|SunnyDay|[upkeep]
|upkeep
|turn|2
|
|t:|1758349147
|-terastallize|p1a: Walking Wake|Water
|move|p1a: Walking Wake|Hydro Steam|p2a: Heatran
|-supereffective|p2a: Heatran
|-damage|p2a: Heatran|0 fnt
|faint|p2a: Heatran
|
|-weather|SunnyDay|[upkeep]
|upkeep
|
|t:|1758349155
|switch|p2a: Rillaboom|Rillaboom, M|100/100
|-fieldstart|move: Grassy Terrain|[from] ability: Grassy Surge|[of] p2a: Rillaboom
|turn|3
|
|t:|1758349161
|-end|p1a: Walking Wake|Protosynthesis|[silent]
|switch|p1a: Torkoal|Torkoal, F|100/100
|move|p2a: Rillaboom|Grassy Glide|p1a: Torkoal
|-resisted|p1a: Torkoal
|-damage|p1a: Torkoal|83/100
|
|-weather|SunnyDay|[upkeep]
|-heal|p1a: Torkoal|89/100|[from] Grassy Terrain
|upkeep
|turn|4
|
|t:|1758349169
|switch|p2a: Minari|Primarina, F, shiny|100/100
|move|p1a: Torkoal|Stealth Rock|p2a: Minari
|-sidestart|p2: Obito 2001|move: Stealth Rock
|
|-weather|SunnyDay|[upkeep]
|-heal|p1a: Torkoal|96/100|[from] Grassy Terrain
|upkeep
|turn|5
|
|t:|1758349172
|switch|p1a: Hatterene|Hatterene, F, shiny|42/100
|move|p2a: Minari|Substitute|p2a: Minari
|-start|p2a: Minari|Substitute
|-damage|p2a: Minari|76/100
|
|-weather|SunnyDay|[upkeep]
|-heal|p2a: Minari|82/100|[from] Grassy Terrain
|-heal|p2a: Minari|88/100|[from] item: Leftovers
|-heal|p1a: Hatterene|48/100|[from] Grassy Terrain
|upkeep
|turn|6
|
|t:|1758349178
|move|p2a: Minari|Moonblast|p1a: Hatterene
|-damage|p1a: Hatterene|0 fnt
|faint|p1a: Hatterene
|
|-weather|SunnyDay|[upkeep]
|-heal|p2a: Minari|94/100|[from] Grassy Terrain
|-heal|p2a: Minari|99/100|[from] item: Leftovers
|upkeep
|
|t:|1758349195
|switch|p1a: Ceruledge|Ceruledge, M|100/100
|turn|7
|
|t:|1758349203
|move|p1a: Ceruledge|Solar Blade||[still]
|-prepare|p1a: Ceruledge|Solar Blade
|-anim|p1a: Ceruledge|Solar Blade|p2a: Minari
|-supereffective|p2a: Minari
|-end|p2a: Minari|Substitute
|move|p2a: Minari|Substitute|p2a: Minari
|-start|p2a: Minari|Substitute
|-damage|p2a: Minari|75/100
|
|-weather|SunnyDay|[upkeep]
|-heal|p2a: Minari|81/100|[from] Grassy Terrain
|-heal|p2a: Minari|87/100|[from] item: Leftovers
|upkeep
|turn|8
|
|t:|1758349215
|move|p1a: Ceruledge|Swords Dance|p1a: Ceruledge
|-boost|p1a: Ceruledge|atk|2
|move|p2a: Minari|Substitute|p2a: Minari
|-fail|p2a: Minari|move: Substitute
|
|-weather|none
|-heal|p2a: Minari|93/100|[from] Grassy Terrain
|-heal|p2a: Minari|99/100|[from] item: Leftovers
|upkeep
|turn|9
|
|t:|1758349219
|move|p1a: Ceruledge|Bitter Blade|p2a: Minari
|-resisted|p2a: Minari
|-end|p2a: Minari|Substitute
|move|p2a: Minari|Psychic Noise|p1a: Ceruledge
|-supereffective|p1a: Ceruledge
|-enditem|p1a: Ceruledge|Focus Sash
|-damage|p1a: Ceruledge|1/100
|-start|p1a: Ceruledge|move: Heal Block
|
|-heal|p2a: Minari|100/100|[from] Grassy Terrain
|upkeep
|turn|10
|
|t:|1758349234
|move|p1a: Ceruledge|Shadow Sneak|p2a: Minari
|-damage|p2a: Minari|39/100
|move|p2a: Minari|Psychic Noise|p1a: Ceruledge
|-supereffective|p1a: Ceruledge
|-damage|p1a: Ceruledge|0 fnt
|faint|p1a: Ceruledge
|
|-heal|p2a: Minari|45/100|[from] Grassy Terrain
|-heal|p2a: Minari|50/100|[from] item: Leftovers
|-fieldend|move: Grassy Terrain
|upkeep
|
|t:|1758349244
|switch|p1a: Don|Great Tusk, shiny|100/100
|turn|11
|
|t:|1758349251
|switch|p2a: Rillaboom|Rillaboom, M|100/100
|-damage|p2a: Rillaboom|88/100|[from] Stealth Rock
|-fieldstart|move: Grassy Terrain|[from] ability: Grassy Surge|[of] p2a: Rillaboom
|move|p1a: Don|Headlong Rush|p2a: Rillaboom
|-resisted|p2a: Rillaboom
|-damage|p2a: Rillaboom|57/100
|-unboost|p1a: Don|def|1
|-unboost|p1a: Don|spd|1
|
|-heal|p2a: Rillaboom|64/100|[from] Grassy Terrain
|upkeep
|turn|12
|
|t:|1758349261
|-end|p1a: Don|Protosynthesis|[silent]
|switch|p1a: Torkoal|Torkoal, F|96/100
|-weather|SunnyDay|[from] ability: Drought|[of] p1a: Torkoal
|move|p2a: Rillaboom|Grassy Glide|p1a: Torkoal
|-resisted|p1a: Torkoal
|-damage|p1a: Torkoal|77/100
|
|-weather|SunnyDay|[upkeep]
|-heal|p2a: Rillaboom|70/100|[from] Grassy Terrain
|-heal|p1a: Torkoal|84/100|[from] Grassy Terrain
|upkeep
|turn|13
|
|t:|1758349272
|move|p2a: Rillaboom|U-turn|p1a: Torkoal
|-resisted|p1a: Torkoal
|-damage|p1a: Torkoal|72/100
|
|t:|1758349279
|switch|p2a: Mega Donphan|Great Tusk|100/100|[from] U-turn
|-activate|p2a: Mega Donphan|ability: Protosynthesis
|-start|p2a: Mega Donphan|protosynthesisatk
|move|p1a: Torkoal|Clear Smog|p2a: Mega Donphan
|-resisted|p2a: Mega Donphan
|-damage|p2a: Mega Donphan|91/100
|-clearboost|p2a: Mega Donphan
|
|-weather|SunnyDay|[upkeep]
|-heal|p2a: Mega Donphan|97/100|[from] Grassy Terrain
|-heal|p1a: Torkoal|78/100|[from] Grassy Terrain
|upkeep
|turn|14
|
|t:|1758349288
|switch|p1a: Enamorus|Enamorus, F|100/100
|move|p2a: Mega Donphan|Rapid Spin|p1a: Enamorus
|-damage|p1a: Enamorus|63/100
|-boost|p2a: Mega Donphan|spe|1
|-sideend|p2: Obito 2001|Stealth Rock|[from] move: Rapid Spin|[of] p2a: Mega Donphan
|
|-weather|SunnyDay|[upkeep]
|-heal|p2a: Mega Donphan|100/100|[from] Grassy Terrain
|upkeep
|turn|15
|
|t:|1758349292
|-end|p2a: Mega Donphan|Protosynthesis|[silent]
|switch|p2a: Pecharunt|Pecharunt|100/100
|move|p1a: Enamorus|Earth Power|p2a: Pecharunt
|-supereffective|p2a: Pecharunt
|-damage|p2a: Pecharunt|28/100
|
|-weather|SunnyDay|[upkeep]
|-heal|p2a: Pecharunt|34/100|[from] Grassy Terrain
|upkeep
|turn|16
|
|t:|1758349298
|switch|p2a: Ban me|Ogerpon-Wellspring, F|100/100
|move|p1a: Enamorus|Earth Power|p2a: Ban me
|-resisted|p2a: Ban me
|-damage|p2a: Ban me|80/100
|
|-weather|SunnyDay|[upkeep]
|-heal|p2a: Ban me|86/100|[from] Grassy Terrain
|upkeep
|turn|17
|
|t:|1758349304
|switch|p1a: Don|Great Tusk, shiny|100/100
|-activate|p1a: Don|ability: Protosynthesis
|-start|p1a: Don|protosynthesisatk
|move|p2a: Ban me|Play Rough|p1a: Don
|-supereffective|p1a: Don
|-damage|p1a: Don|46/100
|-damage|p2a: Ban me|70/100|[from] item: Rocky Helmet|[of] p1a: Don
|
|-weather|SunnyDay|[upkeep]
|-heal|p2a: Ban me|76/100|[from] Grassy Terrain
|-heal|p1a: Don|52/100|[from] Grassy Terrain
|upkeep
|turn|18
|
|t:|1758349318
|move|p2a: Ban me|Play Rough|p1a: Don|[miss]
|-miss|p2a: Ban me|p1a: Don
|move|p1a: Don|Rapid Spin|p2a: Ban me
|-damage|p2a: Ban me|43/100
|-boost|p1a: Don|spe|1
|
|-weather|SunnyDay|[upkeep]
|-heal|p1a: Don|59/100|[from] Grassy Terrain
|-heal|p2a: Ban me|49/100|[from] Grassy Terrain
|-fieldend|move: Grassy Terrain
|upkeep
|turn|19
|
|t:|1758349336
|switch|p2a: Pecharunt|Pecharunt|34/100
|move|p1a: Don|Ice Spinner|p2a: Pecharunt
|-damage|p2a: Pecharunt|15/100
|
|-weather|none
|-end|p1a: Don|Protosynthesis
|upkeep
|turn|20
|
|t:|1758349342
|move|p1a: Don|Headlong Rush|p2a: Pecharunt
|-supereffective|p2a: Pecharunt
|-damage|p2a: Pecharunt|0 fnt
|-unboost|p1a: Don|def|1
|-unboost|p1a: Don|spd|1
|faint|p2a: Pecharunt
|
|upkeep
|
|t:|1758349347
|switch|p2a: Rillaboom|Rillaboom, M|70/100
|-fieldstart|move: Grassy Terrain|[from] ability: Grassy Surge|[of] p2a: Rillaboom
|turn|21
|
|t:|1758349353
|-end|p1a: Don|Protosynthesis|[silent]
|switch|p1a: Torkoal|Torkoal, F|78/100
|-weather|SunnyDay|[from] ability: Drought|[of] p1a: Torkoal
|move|p2a: Rillaboom|Grassy Glide|p1a: Torkoal
|-resisted|p1a: Torkoal
|-damage|p1a: Torkoal|61/100
|
|-weather|SunnyDay|[upkeep]
|-heal|p2a: Rillaboom|76/100|[from] Grassy Terrain
|-heal|p1a: Torkoal|67/100|[from] Grassy Terrain
|upkeep
|turn|22
|
|t:|1758349363
|move|p2a: Rillaboom|U-turn|p1a: Torkoal
|-resisted|p1a: Torkoal
|-damage|p1a: Torkoal|57/100
|
|t:|1758349366
|switch|p2a: Minari|Primarina, F, shiny|50/100|[from] U-turn
|move|p1a: Torkoal|Flamethrower|p2a: Minari
|-resisted|p2a: Minari
|-damage|p2a: Minari|24/100
|
|-weather|SunnyDay|[upkeep]
|-heal|p2a: Minari|30/100|[from] Grassy Terrain
|-heal|p2a: Minari|36/100|[from] item: Leftovers
|-heal|p1a: Torkoal|63/100|[from] Grassy Terrain
|upkeep
|turn|23
|
|t:|1758349374
|move|p2a: Minari|Psychic Noise|p1a: Torkoal
|-supereffective|p1a: Torkoal
|-damage|p1a: Torkoal|10/100
|-start|p1a: Torkoal|move: Heal Block
|move|p1a: Torkoal|Flamethrower|p2a: Minari
|-resisted|p2a: Minari
|-damage|p2a: Minari|7/100
|
|-weather|SunnyDay|[upkeep]
|-heal|p2a: Minari|13/100|[from] Grassy Terrain
|-heal|p2a: Minari|19/100|[from] item: Leftovers
|upkeep
|turn|24
|
|t:|1758349396
|move|p2a: Minari|Moonblast|p1a: Torkoal
|-resisted|p1a: Torkoal
|-damage|p1a: Torkoal|0 fnt
|faint|p1a: Torkoal
|
|-weather|SunnyDay|[upkeep]
|-heal|p2a: Minari|25/100|[from] Grassy Terrain
|-heal|p2a: Minari|31/100|[from] item: Leftovers
|upkeep
|
|t:|1758349398
|switch|p1a: Enamorus|Enamorus, F|63/100
|turn|25
|inactive|Obito 2001 has 120 seconds left.
|
|t:|1758349446
|-terastallize|p2a: Minari|Steel
|move|p1a: Enamorus|Moonblast|p2a: Minari
|-resisted|p2a: Minari
|-damage|p2a: Minari|2/100
|move|p2a: Minari|Moonblast|p1a: Enamorus
|-damage|p1a: Enamorus|0 fnt
|faint|p1a: Enamorus
|
|-weather|SunnyDay|[upkeep]
|-heal|p2a: Minari|8/100|[from] Grassy Terrain
|-heal|p2a: Minari|14/100|[from] item: Leftovers
|upkeep
|
|t:|1758349457
|switch|p1a: Don|Great Tusk, shiny|59/100
|-activate|p1a: Don|ability: Protosynthesis
|-start|p1a: Don|protosynthesisatk
|turn|26
|
|t:|1758349470
|move|p1a: Don|Ice Spinner|p2a: Minari
|-resisted|p2a: Minari
|-damage|p2a: Minari|0 fnt
|-fieldend|move: Grassy Terrain
|faint|p2a: Minari
|
|-weather|SunnyDay|[upkeep]
|upkeep
|
|t:|1758349481
|switch|p2a: Mega Donphan|Great Tusk|100/100
|-activate|p2a: Mega Donphan|ability: Protosynthesis
|-start|p2a: Mega Donphan|protosynthesisatk
|turn|27
|
|t:|1758349488
|move|p2a: Mega Donphan|Ice Spinner|p1a: Don
|-supereffective|p1a: Don
|-damage|p1a: Don|6/100
|-damage|p2a: Mega Donphan|84/100|[from] item: Rocky Helmet|[of] p1a: Don
|move|p1a: Don|Ice Spinner|p2a: Mega Donphan
|-supereffective|p2a: Mega Donphan
|-damage|p2a: Mega Donphan|27/100
|
|-weather|SunnyDay|[upkeep]
|upkeep
|turn|28
|
|t:|1758349498
|move|p2a: Mega Donphan|Rapid Spin|p1a: Don
|-damage|p1a: Don|0 fnt
|-boost|p2a: Mega Donphan|spe|1
|-damage|p2a: Mega Donphan|10/100|[from] item: Rocky Helmet|[of] p1a: Don
|faint|p1a: Don
|-end|p1a: Don|Protosynthesis|[silent]
|
|-weather|none
|-end|p2a: Mega Donphan|Protosynthesis
|upkeep
|
|t:|1758349500
|switch|p1a: Walking Wake|Walking Wake, tera:Water|100/100
|turn|29
|
|t:|1758349505
|move|p2a: Mega Donphan|Headlong Rush|p1a: Walking Wake
|-damage|p1a: Walking Wake|36/100
|-unboost|p2a: Mega Donphan|def|1
|-unboost|p2a: Mega Donphan|spd|1
|move|p1a: Walking Wake|Flamethrower|p2a: Mega Donphan
|-damage|p2a: Mega Donphan|0 fnt
|faint|p2a: Mega Donphan
|-end|p2a: Mega Donphan|Protosynthesis|[silent]
|
|upkeep
|
|t:|1758349516
|switch|p2a: Rillaboom|Rillaboom, M|76/100
|-fieldstart|move: Grassy Terrain|[from] ability: Grassy Surge|[of] p2a: Rillaboom
|turn|30
|
|t:|1758349519
|move|p2a: Rillaboom|Grassy Glide|p1a: Walking Wake
|-supereffective|p1a: Walking Wake
|-damage|p1a: Walking Wake|0 fnt
|faint|p1a: Walking Wake
|-end|p1a: Walking Wake|Protosynthesis|[silent]
|
|win|Obito 2001
|raw|John Kritter's rating: 1581 &rarr; <strong>1569</strong><br />(-12 for losing)
|raw|Obito 2001's rating: 1722 &rarr; <strong>1734</strong><br />(+12 for winning)
|l|☆John Kritter
|player|p1|
