|j|‽XIXINANA
|j|☆thetakerofunder
|t:|1758346512
|gametype|singles
|player|p1|XIXINANA|nate|1251
|player|p2|thetakerofunder|collector|1212
|gen|9
|tier|[Gen 9] OU
|rated|
|rule|HP Percentage Mod: HP is shown in percentages
|rule|Endless Battle Clause: Forcing endless battles is banned
|rule|Species Clause: Limit one of each Pokémon
|rule|OHKO Clause: OHKO moves are banned
|rule|Evasion Items Clause: Evasion items are banned
|rule|Evasion Moves Clause: Evasion moves are banned
|rule|Evasion Abilities Clause: Evasion abilities are banned
|rule|Sleep Moves Clause: Sleep-inducing moves are banned
|clearpoke
|poke|p1|Gyarados, M|
|poke|p1|Toxtricity, F|
|poke|p1|Sinistcha-Masterpiece|
|poke|p1|Polteageist-Antique|
|poke|p1|Typhlosion-Hisui, M|
|poke|p1|Regidrago|
|poke|p2|Hydrapple, F|
|poke|p2|Slowking-Galar, M|
|poke|p2|Slowbro, M|
|poke|p2|Toxapex, M|
|poke|p2|Florges, F|
|poke|p2|Corviknight, F|
|teampreview
|inactive|Battle timer is ON: inactive players will automatically lose when time's up. (requested by thetakerofunder)
|
|t:|1758346522
|teamsize|p1|6
|teamsize|p2|6
|start
|switch|p1a: Toxtricity|Toxtricity, F, shiny|100/100
|switch|p2a: Toxapex|Toxapex, M|100/100
|turn|1
|
|t:|1758346536
|switch|p2a: Slowking|Slowking-Galar, M|100/100
|move|p1a: Toxtricity|Shift Gear|p1a: Toxtricity
|-boost|p1a: Toxtricity|spe|2
|-boost|p1a: Toxtricity|atk|1
|
|upkeep
|turn|2
|
|t:|1758346551
|move|p1a: Toxtricity|Boomburst|p2a: Slowking
|-crit|p2a: Slowking
|-damage|p2a: Slowking|29/100
|-damage|p1a: Toxtricity|91/100|[from] item: Life Orb
|move|p2a: Slowking|Future Sight|p1a: Toxtricity
|-start|p2a: Slowking|move: Future Sight
|
|upkeep
|turn|3
|
|t:|1758346563
|switch|p2a: Florges|Florges, F|100/100
|move|p1a: Toxtricity|Boomburst|p2a: Florges
|-damage|p2a: Florges|56/100
|-damage|p1a: Toxtricity|81/100|[from] item: Life Orb
|
|-heal|p2a: Florges|62/100|[from] item: Leftovers
|upkeep
|turn|4
|
|t:|1758346585
|switch|p2a: Toxapex|Toxapex, M|100/100
|-terastallize|p1a: Toxtricity|Normal
|move|p1a: Toxtricity|Poison Jab|p2a: Toxapex
|-resisted|p2a: Toxapex
|-damage|p2a: Toxapex|84/100
|-damage|p1a: Toxtricity|71/100|[from] item: Life Orb
|
|-end|p1a: Toxtricity|move: Future Sight
|-damage|p1a: Toxtricity|0 fnt
|faint|p1a: Toxtricity
|upkeep
|
|t:|1758346599
|switch|p1a: Gyarados|Gyarados, M, shiny|100/100
|-ability|p1a: Gyarados|Intimidate|boost
|-unboost|p2a: Toxapex|atk|1
|turn|5
|
|t:|1758346603
|move|p1a: Gyarados|Earthquake|p2a: Toxapex
|-supereffective|p2a: Toxapex
|-damage|p2a: Toxapex|39/100
|move|p2a: Toxapex|Toxic|p1a: Gyarados
|-status|p1a: Gyarados|tox
|
|-damage|p1a: Gyarados|94/100 tox|[from] psn
|upkeep
|turn|6
|
|t:|1758346607
|switch|p2a: Corviknight|Corviknight, F|100/100
|-ability|p2a: Corviknight|Pressure
|move|p1a: Gyarados|Dragon Dance|p1a: Gyarados
|-boost|p1a: Gyarados|atk|1
|-boost|p1a: Gyarados|spe|1
|
|-heal|p1a: Gyarados|100/100 tox|[from] item: Leftovers
|-damage|p1a: Gyarados|88/100 tox|[from] psn
|upkeep
|turn|7
|
|t:|1758346619
|move|p1a: Gyarados|Temper Flare|p2a: Corviknight
|-supereffective|p2a: Corviknight
|-damage|p2a: Corviknight|47/100
|move|p2a: Corviknight|U-turn|p1a: Gyarados
|-resisted|p1a: Gyarados
|-damage|p1a: Gyarados|79/100 tox
|
|t:|1758346624
|switch|p2a: Slowbro|Slowbro, M|100/100|[from] U-turn
|
|-heal|p1a: Gyarados|85/100 tox|[from] item: Leftovers
|-damage|p1a: Gyarados|67/100 tox|[from] psn
|upkeep
|turn|8
|
|t:|1758346630
|move|p1a: Gyarados|Earthquake|p2a: Slowbro
|-damage|p2a: Slowbro|64/100
|move|p2a: Slowbro|Ice Beam|p1a: Gyarados
|-crit|p1a: Gyarados
|-damage|p1a: Gyarados|36/100 tox
|
|-heal|p1a: Gyarados|42/100 tox|[from] item: Leftovers
|-heal|p2a: Slowbro|71/100|[from] item: Leftovers
|-damage|p1a: Gyarados|18/100 tox|[from] psn
|upkeep
|turn|9
|
|t:|1758346638
|move|p1a: Gyarados|Waterfall|p2a: Slowbro
|-resisted|p2a: Slowbro
|-damage|p2a: Slowbro|49/100
|cant|p2a: Slowbro|flinch
|
|-heal|p1a: Gyarados|24/100 tox|[from] item: Leftovers
|-heal|p2a: Slowbro|56/100|[from] item: Leftovers
|-damage|p1a: Gyarados|0 fnt|[from] psn
|faint|p1a: Gyarados
|upkeep
|
|t:|1758346645
|switch|p1a: Regidrago|Regidrago|100/100
|turn|10
|
|t:|1758346651
|move|p1a: Regidrago|Explosion|p2a: Slowbro
|-damage|p2a: Slowbro|23/100
|faint|p1a: Regidrago
|move|p2a: Slowbro|Ice Beam|p1: Regidrago|[notarget]
|-fail|p2a: Slowbro
|
|-heal|p2a: Slowbro|29/100|[from] item: Leftovers
|upkeep
|c|☆thetakerofunder|explosion is crazy
|
|t:|1758346659
|switch|p1a: Sinistcha|Sinistcha-Masterpiece|100/100
|turn|11
|
|t:|1758346666
|switch|p2a: Toxapex|Toxapex, M|73/100
|move|p1a: Sinistcha|Calm Mind|p1a: Sinistcha
|-boost|p1a: Sinistcha|spa|1
|-boost|p1a: Sinistcha|spd|1
|
|upkeep
|turn|12
|
|t:|1758346671
|move|p1a: Sinistcha|Shadow Ball|p2a: Toxapex
|-damage|p2a: Toxapex|18/100
|-unboost|p2a: Toxapex|spd|1
|move|p2a: Toxapex|Toxic|p1a: Sinistcha
|-status|p1a: Sinistcha|tox
|
|-damage|p1a: Sinistcha|94/100 tox|[from] psn
|upkeep
|turn|13
|
|t:|1758346680
|switch|p2a: Hydrapple|Hydrapple, F|100/100
|move|p1a: Sinistcha|Matcha Gotcha|p2a: Hydrapple|[miss]
|-miss|p1a: Sinistcha|p2a: Hydrapple
|
|-heal|p1a: Sinistcha|100/100 tox|[from] item: Leftovers
|-damage|p1a: Sinistcha|88/100 tox|[from] psn
|upkeep
|turn|14
|
|t:|1758346688
|move|p1a: Sinistcha|Shadow Ball|p2a: Hydrapple
|-damage|p2a: Hydrapple|55/100
|move|p2a: Hydrapple|Dragon Tail|p1a: Sinistcha
|-damage|p1a: Sinistcha|71/100 tox
|drag|p1a: Typhlosion|Typhlosion-Hisui, M|100/100
|-item|p2a: Hydrapple|Assault Vest|[from] ability: Frisk|[of] p1a: Typhlosion
|
|upkeep
|turn|15
|
|t:|1758346698
|switch|p2a: Slowbro|Slowbro, M|62/100
|move|p1a: Typhlosion|Eruption|p2a: Slowbro
|-resisted|p2a: Slowbro
|-damage|p2a: Slowbro|27/100
|
|-heal|p2a: Slowbro|33/100|[from] item: Leftovers
|upkeep
|turn|16
|
|t:|1758346707
|switch|p2a: Florges|Florges, F|62/100
|move|p1a: Typhlosion|Eruption|p2a: Florges
|-damage|p2a: Florges|25/100
|
|-heal|p2a: Florges|32/100|[from] item: Leftovers
|upkeep
|turn|17
|
|t:|1758346711
|switch|p2a: Slowking|Slowking-Galar, M|62/100
|move|p1a: Typhlosion|Eruption|p2a: Slowking
|-damage|p2a: Slowking|18/100
|
|upkeep
|turn|18
|
|t:|1758346719
|switch|p2a: Corviknight|Corviknight, F|47/100
|-ability|p2a: Corviknight|Pressure
|move|p1a: Typhlosion|Eruption|p2a: Corviknight
|-supereffective|p2a: Corviknight
|-damage|p2a: Corviknight|0 fnt
|faint|p2a: Corviknight
|
|upkeep
|
|t:|1758346721
|switch|p2a: Slowbro|Slowbro, M|67/100
|turn|19
|
|t:|1758346724
|switch|p1a: Sinistcha|Sinistcha-Masterpiece|71/100 tox
|move|p2a: Slowbro|Surf|p1a: Sinistcha
|-resisted|p1a: Sinistcha
|-crit|p1a: Sinistcha
|-damage|p1a: Sinistcha|45/100 tox
|
|-heal|p1a: Sinistcha|51/100 tox|[from] item: Leftovers
|-heal|p2a: Slowbro|73/100|[from] item: Leftovers
|-damage|p1a: Sinistcha|45/100 tox|[from] psn
|upkeep
|turn|20
|
|t:|1758346733
|switch|p2a: Slowking|Slowking-Galar, M|52/100
|move|p1a: Sinistcha|Calm Mind|p1a: Sinistcha
|-boost|p1a: Sinistcha|spa|1
|-boost|p1a: Sinistcha|spd|1
|
|-heal|p1a: Sinistcha|51/100 tox|[from] item: Leftovers
|-damage|p1a: Sinistcha|39/100 tox|[from] psn
|upkeep
|turn|21
|
|t:|1758346738
|move|p1a: Sinistcha|Shadow Ball|p2a: Slowking
|-supereffective|p2a: Slowking
|-damage|p2a: Slowking|0 fnt
|faint|p2a: Slowking
|
|-heal|p1a: Sinistcha|45/100 tox|[from] item: Leftovers
|-damage|p1a: Sinistcha|27/100 tox|[from] psn
|upkeep
|
|t:|1758346741
|switch|p2a: Florges|Florges, F|32/100
|turn|22
|
|t:|1758346746
|move|p2a: Florges|Synthesis|p2a: Florges
|-heal|p2a: Florges|82/100
|move|p1a: Sinistcha|Matcha Gotcha|p2a: Florges
|-damage|p2a: Florges|49/100
|-heal|p1a: Sinistcha|44/100 tox|[from] drain|[of] p2a: Florges
|
|-heal|p2a: Florges|55/100|[from] item: Leftovers
|-heal|p1a: Sinistcha|50/100 tox|[from] item: Leftovers
|-damage|p1a: Sinistcha|26/100 tox|[from] psn
|upkeep
|turn|23
|
|t:|1758346750
|move|p2a: Florges|Synthesis|p2a: Florges
|-heal|p2a: Florges|100/100
|move|p1a: Sinistcha|Strength Sap|p2a: Florges
|-unboost|p2a: Florges|atk|1
|-heal|p1a: Sinistcha|61/100 tox
|
|-heal|p1a: Sinistcha|67/100 tox|[from] item: Leftovers
|-damage|p1a: Sinistcha|36/100 tox|[from] psn
|upkeep
|turn|24
|
|t:|1758346754
|move|p2a: Florges|Calm Mind|p2a: Florges
|-boost|p2a: Florges|spa|1
|-boost|p2a: Florges|spd|1
|move|p1a: Sinistcha|Matcha Gotcha|p2a: Florges
|-damage|p2a: Florges|78/100
|-heal|p1a: Sinistcha|48/100 tox|[from] drain|[of] p2a: Florges
|
|-heal|p2a: Florges|84/100|[from] item: Leftovers
|-heal|p1a: Sinistcha|54/100 tox|[from] item: Leftovers
|-damage|p1a: Sinistcha|18/100 tox|[from] psn
|upkeep
|turn|25
|
|t:|1758346762
|move|p2a: Florges|Calm Mind|p2a: Florges
|-boost|p2a: Florges|spa|1
|-boost|p2a: Florges|spd|1
|move|p1a: Sinistcha|Matcha Gotcha|p2a: Florges
|-damage|p2a: Florges|67/100
|-heal|p1a: Sinistcha|27/100 tox|[from] drain|[of] p2a: Florges
|
|-heal|p2a: Florges|73/100|[from] item: Leftovers
|-heal|p1a: Sinistcha|33/100 tox|[from] item: Leftovers
|-damage|p1a: Sinistcha|0 fnt|[from] psn
|faint|p1a: Sinistcha
|upkeep
|
|t:|1758346764
|switch|p1a: Polteageist|Polteageist-Antique|100/100
|turn|26
|
|t:|1758346773
|move|p1a: Polteageist|Shell Smash|p1a: Polteageist
|-unboost|p1a: Polteageist|def|1
|-unboost|p1a: Polteageist|spd|1
|-boost|p1a: Polteageist|atk|2
|-boost|p1a: Polteageist|spa|2
|-boost|p1a: Polteageist|spe|2
|move|p2a: Florges|Moonblast|p1a: Polteageist
|-enditem|p1a: Polteageist|Focus Sash
|-damage|p1a: Polteageist|1/100
|-unboost|p1a: Polteageist|spa|1
|
|-heal|p2a: Florges|79/100|[from] item: Leftovers
|upkeep
|turn|27
|
|t:|1758346779
|move|p1a: Polteageist|Shadow Ball|p2a: Florges
|-damage|p2a: Florges|61/100
|move|p2a: Florges|Moonblast|p1a: Polteageist
|-damage|p1a: Polteageist|0 fnt
|faint|p1a: Polteageist
|
|-heal|p2a: Florges|67/100|[from] item: Leftovers
|upkeep
|l|‽XIXINANA
|inactive|XIXINANA disconnected and has a minute to reconnect!
|player|p1|
|c|☆thetakerofunder|incredible
|inactive|XIXINANA has 30 seconds to reconnect!
|inactive|XIXINANA has 20 seconds to reconnect!
|inactive|XIXINANA has 15 seconds to reconnect!
|inactive|XIXINANA has 10 seconds to reconnect!
|inactive|XIXINANA has 5 seconds to reconnect!
|-message|XIXINANA lost due to inactivity.
|
|win|thetakerofunder
|raw|XIXINANA's rating: 1251 &rarr; <strong>1223</strong><br />(-28 for losing)
|raw|thetakerofunder's rating: 1212 &rarr; <strong>1240</strong><br />(+28 for winning)
