|j|☆pikachu12200
|j|☆beefybuttercup19
|t:|1758367625
|gametype|singles
|player|p1|pikachu12200|gentleman-gen4dp|1174
|player|p2|beefybuttercup19|chuck|1198
|gen|9
|tier|[Gen 9] OU
|rated|
|rule|HP Percentage Mod: HP is shown in percentages
|rule|Endless Battle Clause: Forcing endless battles is banned
|rule|Species Clause: Limit one of each Pokémon
|rule|OHKO Clause: OHKO moves are banned
|rule|Evasion Items Clause: Evasion items are banned
|rule|Evasion Moves Clause: Evasion moves are banned
|rule|Evasion Abilities Clause: Evasion abilities are banned
|rule|Sleep Moves Clause: Sleep-inducing moves are banned
|clearpoke
|poke|p1|Dragonite, M|
|poke|p1|Gholdengo|
|poke|p1|Gliscor, M|
|poke|p1|Garganacl, F|
|poke|p1|Ogerpon-Wellspring, F|
|poke|p1|Cinderace, M|
|poke|p2|Ursaluna, M|
|poke|p2|Glimmora, F|
|poke|p2|Zamazenta-*|
|poke|p2|Primarina, M|
|poke|p2|Raging Bolt|
|poke|p2|Ceruledge, F|
|teampreview
|inactive|Battle timer is ON: inactive players will automatically lose when time's up. (requested by pikachu12200)
|
|t:|1758367632
|teamsize|p1|6
|teamsize|p2|6
|start
|switch|p1a: Dragonite|Dragonite, M, shiny|100/100
|switch|p2a: Glimmora|Glimmora, F|100/100
|turn|1
|
|t:|1758367643
|switch|p1a: Garganacl|Garganacl, F, shiny|100/100
|move|p2a: Glimmora|Stealth Rock|p1a: Garganacl
|-sidestart|p1: pikachu12200|move: Stealth Rock
|
|upkeep
|turn|2
|
|t:|1758367654
|move|p2a: Glimmora|Spikes|p1a: Garganacl
|-sidestart|p1: pikachu12200|Spikes
|move|p1a: Garganacl|Salt Cure|p2a: Glimmora
|-damage|p2a: Glimmora|87/100
|-start|p2a: Glimmora|Salt Cure
|-activate|p2a: Glimmora|ability: Toxic Debris
|-sidestart|p1: pikachu12200|move: Toxic Spikes
|
|-damage|p2a: Glimmora|74/100|[from] Salt Cure
|upkeep
|turn|3
|
|t:|1758367664
|move|p2a: Glimmora|Spikes|p1a: Garganacl
|-sidestart|p1: pikachu12200|Spikes
|move|p1a: Garganacl|Body Press|p2a: Glimmora
|-damage|p2a: Glimmora|51/100
|-activate|p2a: Glimmora|ability: Toxic Debris
|-sidestart|p1: pikachu12200|move: Toxic Spikes
|
|-damage|p2a: Glimmora|38/100|[from] Salt Cure
|upkeep
|turn|4
|
|t:|1758367676
|switch|p2a: Primarina|Primarina, M|100/100
|move|p1a: Garganacl|Body Press|p2a: Primarina
|-resisted|p2a: Primarina
|-damage|p2a: Primarina|87/100
|
|upkeep
|turn|5
|
|t:|1758367686
|-terastallize|p1a: Garganacl|Steel
|move|p2a: Primarina|Psychic Noise|p1a: Garganacl
|-damage|p1a: Garganacl|71/100
|-start|p1a: Garganacl|move: Heal Block
|-enditem|p2a: Primarina|Throat Spray
|-boost|p2a: Primarina|spa|1|[from] item: Throat Spray
|move|p1a: Garganacl|Salt Cure|p2a: Primarina
|-damage|p2a: Primarina|70/100
|-start|p2a: Primarina|Salt Cure
|
|-damage|p2a: Primarina|45/100|[from] Salt Cure
|upkeep
|turn|6
|
|t:|1758367702
|move|p2a: Primarina|Sparkling Aria|p1a: Garganacl
|-damage|p1a: Garganacl|20/100
|move|p1a: Garganacl|Iron Defense|p1a: Garganacl
|-boost|p1a: Garganacl|def|2
|
|-damage|p2a: Primarina|20/100|[from] Salt Cure
|-end|p1a: Garganacl|move: Heal Block
|upkeep
|turn|7
|
|t:|1758367718
|switch|p1a: Ogerpon|Ogerpon-Wellspring, F|100/100
|-damage|p1a: Ogerpon|88/100|[from] Stealth Rock
|-damage|p1a: Ogerpon|72/100|[from] Spikes
|-status|p1a: Ogerpon|tox
|move|p2a: Primarina|Psychic Noise|p1a: Ogerpon
|-heal|p1a: Ogerpon|97/100 tox|[from] ability: Water Absorb|[of] p2a: Primarina
|
|-damage|p1a: Ogerpon|91/100 tox|[from] psn
|-damage|p2a: Primarina|0 fnt|[from] Salt Cure
|faint|p2a: Primarina
|upkeep
|
|t:|1758367724
|switch|p2a: Raging Bolt|Raging Bolt|100/100
|-enditem|p2a: Raging Bolt|Booster Energy
|-activate|p2a: Raging Bolt|ability: Protosynthesis|[fromitem]
|-start|p2a: Raging Bolt|protosynthesisspa
|turn|8
|
|t:|1758367739
|move|p1a: Ogerpon|Ivy Cudgel|p2a: Raging Bolt|[anim] Ivy Cudgel Water
|-resisted|p2a: Raging Bolt
|-damage|p2a: Raging Bolt|78/100
|move|p2a: Raging Bolt|Calm Mind|p2a: Raging Bolt
|-boost|p2a: Raging Bolt|spa|1
|-boost|p2a: Raging Bolt|spd|1
|
|-damage|p1a: Ogerpon|79/100 tox|[from] psn
|upkeep
|turn|9
|
|t:|1758367748
|move|p1a: Ogerpon|Play Rough|p2a: Raging Bolt
|-supereffective|p2a: Raging Bolt
|-damage|p2a: Raging Bolt|17/100
|move|p2a: Raging Bolt|Discharge|p1a: Ogerpon
|-damage|p1a: Ogerpon|0 fnt
|faint|p1a: Ogerpon
|
|upkeep
|
|t:|1758367758
|switch|p1a: Cinderace|Cinderace, M|100/100
|turn|10
|
|t:|1758367762
|move|p2a: Raging Bolt|Thunderclap||[still]
|-fail|p2a: Raging Bolt
|move|p1a: Cinderace|Court Change|p1a: Cinderace
|-start|p1a: Cinderace|typechange|Normal|[from] ability: Libero
|-swapsideconditions
|-activate|p1a: Cinderace|move: Court Change
|
|upkeep
|turn|11
|
|t:|1758367773
|switch|p1a: Garganacl|Garganacl, F, shiny, tera:Steel|20/100
|move|p2a: Raging Bolt|Dragon Pulse|p1a: Garganacl
|-resisted|p1a: Garganacl
|-damage|p1a: Garganacl|0 fnt
|faint|p1a: Garganacl
|
|upkeep
|
|t:|1758367783
|switch|p1a: Cinderace|Cinderace, M|100/100
|turn|12
|
|t:|1758367788
|move|p1a: Cinderace|Sucker Punch|p2a: Raging Bolt
|-start|p1a: Cinderace|typechange|Dark|[from] ability: Libero
|-damage|p2a: Raging Bolt|0 fnt
|faint|p2a: Raging Bolt
|-end|p2a: Raging Bolt|Protosynthesis|[silent]
|
|upkeep
|
|t:|1758367791
|switch|p2a: Glimmora|Glimmora, F|38/100
|-damage|p2a: Glimmora|26/100|[from] Stealth Rock
|-damage|p2a: Glimmora|9/100|[from] Spikes
|-sideend|p2: beefybuttercup19|move: Toxic Spikes|[of] p2a: Glimmora
|turn|13
|
|t:|1758367801
|move|p1a: Cinderace|U-turn|p2a: Glimmora
|-resisted|p2a: Glimmora
|-damage|p2a: Glimmora|0 fnt
|-activate|p2a: Glimmora|ability: Toxic Debris
|-sidestart|p1: pikachu12200|move: Toxic Spikes
|faint|p2a: Glimmora
|
|t:|1758367808
|switch|p1a: Gliscor|Gliscor, M, shiny|100/100|[from] U-turn
|
|-status|p1a: Gliscor|tox|[from] item: Toxic Orb
|upkeep
|
|t:|1758367816
|switch|p2a: Ursaluna|Ursaluna, M|100/100
|-damage|p2a: Ursaluna|94/100|[from] Stealth Rock
|-damage|p2a: Ursaluna|78/100|[from] Spikes
|turn|14
|
|t:|1758367824
|move|p2a: Ursaluna|Protect|p2a: Ursaluna
|-singleturn|p2a: Ursaluna|Protect
|move|p1a: Gliscor|Knock Off|p2a: Ursaluna
|-activate|p2a: Ursaluna|move: Protect
|
|-status|p2a: Ursaluna|brn|[from] item: Flame Orb
|upkeep
|turn|15
|
|t:|1758367835
|move|p1a: Gliscor|Earthquake|p2a: Ursaluna
|-damage|p2a: Ursaluna|49/100 brn
|move|p2a: Ursaluna|Crunch|p1a: Gliscor
|-damage|p1a: Gliscor|57/100 tox
|
|-heal|p1a: Gliscor|69/100 tox|[from] ability: Poison Heal
|-damage|p2a: Ursaluna|43/100 brn|[from] brn
|upkeep
|turn|16
|
|t:|1758367845
|move|p1a: Gliscor|Protect|p1a: Gliscor
|-singleturn|p1a: Gliscor|Protect
|move|p2a: Ursaluna|Facade|p1a: Gliscor
|-activate|p1a: Gliscor|move: Protect
|
|-heal|p1a: Gliscor|81/100 tox|[from] ability: Poison Heal
|-damage|p2a: Ursaluna|37/100 brn|[from] brn
|upkeep
|turn|17
|
|t:|1758367856
|switch|p1a: Gholdengo|Gholdengo, shiny|100/100
|-item|p1a: Gholdengo|Air Balloon
|move|p2a: Ursaluna|Facade|p1a: Gholdengo
|-immune|p1a: Gholdengo
|
|-damage|p2a: Ursaluna|31/100 brn|[from] brn
|upkeep
|turn|18
|
|t:|1758367866
|switch|p1a: Gliscor|Gliscor, M, shiny|81/100 tox
|move|p2a: Ursaluna|Crunch|p1a: Gliscor
|-damage|p1a: Gliscor|33/100 tox
|
|-heal|p1a: Gliscor|46/100 tox|[from] ability: Poison Heal
|-damage|p2a: Ursaluna|24/100 brn|[from] brn
|upkeep
|turn|19
|
|t:|1758367876
|move|p1a: Gliscor|Protect|p1a: Gliscor
|-singleturn|p1a: Gliscor|Protect
|move|p2a: Ursaluna|Crunch|p1a: Gliscor
|-activate|p1a: Gliscor|move: Protect
|
|-heal|p1a: Gliscor|58/100 tox|[from] ability: Poison Heal
|-damage|p2a: Ursaluna|18/100 brn|[from] brn
|upkeep
|turn|20
|
|t:|1758367892
|move|p1a: Gliscor|Earthquake|p2a: Ursaluna
|-damage|p2a: Ursaluna|0 fnt
|faint|p2a: Ursaluna
|
|-heal|p1a: Gliscor|71/100 tox|[from] ability: Poison Heal
|upkeep
|
|t:|1758367896
|switch|p2a: Zamazenta|Zamazenta|100/100
|-damage|p2a: Zamazenta|94/100|[from] Stealth Rock
|-damage|p2a: Zamazenta|78/100|[from] Spikes
|-ability|p2a: Zamazenta|Dauntless Shield|boost
|-boost|p2a: Zamazenta|def|1
|turn|21
|
|t:|1758367914
|-terastallize|p2a: Zamazenta|Grass
|move|p1a: Gliscor|Dual Wingbeat|p2a: Zamazenta
|-supereffective|p2a: Zamazenta
|-damage|p2a: Zamazenta|58/100
|-supereffective|p2a: Zamazenta
|-damage|p2a: Zamazenta|39/100
|-hitcount|p2a: Zamazenta|2
|move|p2a: Zamazenta|Iron Defense|p2a: Zamazenta
|-boost|p2a: Zamazenta|def|2
|
|-heal|p2a: Zamazenta|45/100|[from] item: Leftovers
|-heal|p1a: Gliscor|83/100 tox|[from] ability: Poison Heal
|upkeep
|turn|22
|
|t:|1758367927
|move|p1a: Gliscor|Knock Off|p2a: Zamazenta
|-damage|p2a: Zamazenta|37/100
|-enditem|p2a: Zamazenta|Leftovers|[from] move: Knock Off|[of] p1a: Gliscor
|move|p2a: Zamazenta|Body Press|p1a: Gliscor
|-resisted|p1a: Gliscor
|-damage|p1a: Gliscor|46/100 tox
|
|-heal|p1a: Gliscor|58/100 tox|[from] ability: Poison Heal
|upkeep
|turn|23
|
|t:|1758367937
|move|p1a: Gliscor|Dual Wingbeat|p2a: Zamazenta
|-supereffective|p2a: Zamazenta
|-damage|p2a: Zamazenta|26/100
|-supereffective|p2a: Zamazenta
|-damage|p2a: Zamazenta|16/100
|-hitcount|p2a: Zamazenta|2
|move|p2a: Zamazenta|Trailblaze|p1a: Gliscor
|-damage|p1a: Gliscor|27/100 tox
|-boost|p2a: Zamazenta|spe|1
|
|-heal|p1a: Gliscor|39/100 tox|[from] ability: Poison Heal
|upkeep
|turn|24
|
|t:|1758367949
|move|p2a: Zamazenta|Body Press|p1a: Gliscor
|-resisted|p1a: Gliscor
|-damage|p1a: Gliscor|0 fnt
|faint|p1a: Gliscor
|
|upkeep
|
|t:|1758367963
|switch|p1a: Dragonite|Dragonite, M, shiny|100/100
|turn|25
|
|t:|1758367970
|move|p1a: Dragonite|Extreme Speed|p2a: Zamazenta
|-damage|p2a: Zamazenta|6/100
|move|p2a: Zamazenta|Body Press|p1a: Dragonite
|-resisted|p1a: Dragonite
|-damage|p1a: Dragonite|79/100
|
|upkeep
|turn|26
|
|t:|1758367980
|move|p2a: Zamazenta|Body Press|p1a: Dragonite
|-resisted|p1a: Dragonite
|-damage|p1a: Dragonite|35/100
|move|p1a: Dragonite|Roost|p1a: Dragonite
|-heal|p1a: Dragonite|85/100
|-singleturn|p1a: Dragonite|move: Roost
|
|upkeep
|turn|27
|
|t:|1758368000
|switch|p1a: Gholdengo|Gholdengo, shiny|100/100
|-item|p1a: Gholdengo|Air Balloon
|move|p2a: Zamazenta|Body Press|p1a: Gholdengo
|-immune|p1a: Gholdengo
|
|upkeep
|turn|28
|
|t:|1758368011
|switch|p1a: Dragonite|Dragonite, M, shiny|85/100
|move|p2a: Zamazenta|Trailblaze|p1a: Dragonite
|-resisted|p1a: Dragonite
|-damage|p1a: Dragonite|77/100
|-boost|p2a: Zamazenta|spe|1
|
|upkeep
|turn|29
|
|t:|1758368021
|move|p1a: Dragonite|Extreme Speed|p2a: Zamazenta
|-damage|p2a: Zamazenta|0 fnt
|faint|p2a: Zamazenta
|
|upkeep
|
|t:|1758368023
|switch|p2a: Ceruledge|Ceruledge, F|100/100
|-damage|p2a: Ceruledge|76/100|[from] Stealth Rock
|-damage|p2a: Ceruledge|59/100|[from] Spikes
|turn|30
|
|t:|1758368031
|move|p2a: Ceruledge|Shadow Claw|p1a: Dragonite
|-damage|p1a: Dragonite|38/100
|move|p1a: Dragonite|Roost|p1a: Dragonite
|-heal|p1a: Dragonite|88/100
|-singleturn|p1a: Dragonite|move: Roost
|
|upkeep
|turn|31
|
|t:|1758368043
|move|p2a: Ceruledge|Psycho Cut|p1a: Dragonite
|-damage|p1a: Dragonite|60/100
|move|p1a: Dragonite|Roost|p1a: Dragonite
|-heal|p1a: Dragonite|100/100
|-singleturn|p1a: Dragonite|move: Roost
|
|upkeep
|turn|32
|
|t:|1758368051
|move|p2a: Ceruledge|Psycho Cut|p1a: Dragonite
|-damage|p1a: Dragonite|87/100
|move|p1a: Dragonite|Dragon Dance|p1a: Dragonite
|-boost|p1a: Dragonite|atk|1
|-boost|p1a: Dragonite|spe|1
|
|upkeep
|turn|33
|
|t:|1758368058
|move|p1a: Dragonite|Roost|p1a: Dragonite
|-heal|p1a: Dragonite|100/100
|-singleturn|p1a: Dragonite|move: Roost
|move|p2a: Ceruledge|Poltergeist|p1a: Dragonite
|-activate|p1a: Dragonite|move: Poltergeist|Heavy-Duty Boots
|-crit|p1a: Dragonite
|-damage|p1a: Dragonite|58/100
|
|upkeep
|turn|34
|
|t:|1758368070
|move|p1a: Dragonite|Roost|p1a: Dragonite
|-heal|p1a: Dragonite|100/100
|-singleturn|p1a: Dragonite|move: Roost
|move|p2a: Ceruledge|Poltergeist|p1a: Dragonite
|-activate|p1a: Dragonite|move: Poltergeist|Heavy-Duty Boots
|-damage|p1a: Dragonite|70/100
|
|upkeep
|turn|35
|
|t:|1758368083
|move|p1a: Dragonite|Roost|p1a: Dragonite
|-heal|p1a: Dragonite|100/100
|-singleturn|p1a: Dragonite|move: Roost
|move|p2a: Ceruledge|Poltergeist|p1a: Dragonite
|-activate|p1a: Dragonite|move: Poltergeist|Heavy-Duty Boots
|-damage|p1a: Dragonite|72/100
|
|upkeep
|turn|36
|
|t:|1758368100
|switch|p1a: Gholdengo|Gholdengo, shiny|100/100
|-item|p1a: Gholdengo|Air Balloon
|move|p2a: Ceruledge|Shadow Claw|p1a: Gholdengo
|-supereffective|p1a: Gholdengo
|-crit|p1a: Gholdengo
|-damage|p1a: Gholdengo|0 fnt
|-enditem|p1a: Gholdengo|Air Balloon
|faint|p1a: Gholdengo
|
|upkeep
|
|t:|1758368111
|switch|p1a: Cinderace|Cinderace, M|100/100
|turn|37
|
|t:|1758368118
|move|p1a: Cinderace|U-turn|p2a: Ceruledge
|-start|p1a: Cinderace|typechange|Bug|[from] ability: Libero
|-resisted|p2a: Ceruledge
|-damage|p2a: Ceruledge|49/100
|
|t:|1758368125
|switch|p1a: Dragonite|Dragonite, M, shiny|72/100|[from] U-turn
|move|p2a: Ceruledge|Psycho Cut|p1a: Dragonite
|-damage|p1a: Dragonite|45/100
|
|upkeep
|turn|38
|
|t:|1758368133
|move|p2a: Ceruledge|Poltergeist|p1a: Dragonite
|-activate|p1a: Dragonite|move: Poltergeist|Heavy-Duty Boots
|-damage|p1a: Dragonite|0 fnt
|faint|p1a: Dragonite
|
|upkeep
|
|t:|1758368142
|switch|p1a: Cinderace|Cinderace, M|100/100
|turn|39
|
|t:|1758368147
|move|p1a: Cinderace|Sucker Punch|p2a: Ceruledge
|-start|p1a: Cinderace|typechange|Dark|[from] ability: Libero
|-supereffective|p2a: Ceruledge
|-damage|p2a: Ceruledge|0 fnt
|faint|p2a: Ceruledge
|
|win|pikachu12200
|raw|pikachu12200's rating: 1174 &rarr; <strong>1201</strong><br />(+27 for winning)
|raw|beefybuttercup19's rating: 1198 &rarr; <strong>1171</strong><br />(-27 for losing)
|l|☆beefybuttercup19
|player|p2|
