|j|☆Kevmex17
|j|☆emma5.7
|t:|1758249444
|gametype|singles
|player|p1|Kevmex17|hilbert|1476
|player|p2|emma5.7|palmer|1591
|gen|9
|tier|[Gen 9] OU
|rated|
|rule|HP Percentage Mod: HP is shown in percentages
|rule|Endless Battle Clause: Forcing endless battles is banned
|rule|Species Clause: Limit one of each Pokémon
|rule|OHKO Clause: OHKO moves are banned
|rule|Evasion Items Clause: Evasion items are banned
|rule|Evasion Moves Clause: Evasion moves are banned
|rule|Evasion Abilities Clause: Evasion abilities are banned
|rule|Sleep Moves Clause: Sleep-inducing moves are banned
|clearpoke
|poke|p1|Slowking-Galar, F|
|poke|p1|Corviknight, M|
|poke|p1|Kyurem|
|poke|p1|Hydrapple, M|
|poke|p1|Kingambit, F|
|poke|p1|Scizor, F|
|poke|p2|Zamazenta-*|
|poke|p2|Latias, F|
|poke|p2|Gholdengo|
|poke|p2|Dragonite, M|
|poke|p2|Weavile, M|
|poke|p2|Araquanid, F|
|teampreview
|inactive|Battle timer is ON: inactive players will automatically lose when time's up. (requested by Kevmex17)
|
|t:|1758249461
|teamsize|p1|6
|teamsize|p2|6
|start
|switch|p1a: Kyurem|Kyurem|100/100
|switch|p2a: Dragonite|Dragonite, M|100/100
|-ability|p1a: Kyurem|Pressure
|turn|1
|
|t:|1758249469
|switch|p2a: Gholdengo|Gholdengo|100/100
|move|p1a: Kyurem|Icicle Spear|p2a: Gholdengo
|-resisted|p2a: Gholdengo
|-crit|p2a: Gholdengo
|-damage|p2a: Gholdengo|91/100
|-resisted|p2a: Gholdengo
|-damage|p2a: Gholdengo|83/100
|-resisted|p2a: Gholdengo
|-damage|p2a: Gholdengo|76/100
|-resisted|p2a: Gholdengo
|-damage|p2a: Gholdengo|69/100
|-resisted|p2a: Gholdengo
|-damage|p2a: Gholdengo|62/100
|-hitcount|p2a: Gholdengo|5
|
|upkeep
|turn|2
|
|t:|1758249482
|switch|p1a: Kingambit|Kingambit, F|100/100
|move|p2a: Gholdengo|Shadow Ball|p1a: Kingambit
|-resisted|p1a: Kingambit
|-damage|p1a: Kingambit|81/100
|
|upkeep
|turn|3
|
|t:|1758249489
|switch|p2a: Araquanid|Araquanid, F|100/100
|move|p1a: Kingambit|Iron Head|p2a: Araquanid
|-resisted|p2a: Araquanid
|-damage|p2a: Araquanid|75/100
|
|upkeep
|turn|4
|
|t:|1758249496
|-end|p1a: Kingambit|fallenundefined|[silent]
|switch|p1a: Kyurem|Kyurem|100/100
|-ability|p1a: Kyurem|Pressure
|move|p2a: Araquanid|Sticky Web|p1a: Kyurem
|-sidestart|p1: Kevmex17|move: Sticky Web
|
|upkeep
|turn|5
|
|t:|1758249503
|switch|p2a: Gholdengo|Gholdengo|62/100
|move|p1a: Kyurem|Dragon Dance|p1a: Kyurem
|-boost|p1a: Kyurem|atk|1
|-boost|p1a: Kyurem|spe|1
|
|upkeep
|turn|6
|
|t:|1758249512
|switch|p2a: Araquanid|Araquanid, F|75/100
|-terastallize|p1a: Kyurem|Fire
|move|p1a: Kyurem|Tera Blast|p2a: Araquanid|[anim] Tera Blast Fire
|-damage|p2a: Araquanid|39/100
|
|upkeep
|turn|7
|
|t:|1758249520
|move|p2a: Araquanid|Endure|p2a: Araquanid
|-singleturn|p2a: Araquanid|move: Endure
|move|p1a: Kyurem|Scale Shot|p2a: Araquanid
|-damage|p2a: Araquanid|16/100
|-activate|p2a: Araquanid|move: Endure
|-damage|p2a: Araquanid|1/100
|-activate|p2a: Araquanid|move: Endure
|-damage|p2a: Araquanid|1/100
|-activate|p2a: Araquanid|move: Endure
|-damage|p2a: Araquanid|1/100
|-hitcount|p2a: Araquanid|4
|-unboost|p1a: Kyurem|def|1
|-boost|p1a: Kyurem|spe|1
|
|upkeep
|turn|8
|-enditem|p2a: Araquanid|Custap Berry|[eat]
|-activate|p2a: Araquanid|item: Custap Berry|[consumed]
|
|t:|1758249532
|switch|p1a: Slowking|Slowking-Galar, F|100/100
|move|p2a: Araquanid|Surf|p1a: Slowking
|-damage|p1a: Slowking|68/100
|
|upkeep
|turn|9
|
|t:|1758249542
|move|p2a: Araquanid|Endeavor|p1a: Slowking
|-damage|p1a: Slowking|1/100
|move|p1a: Slowking|Sludge Bomb|p2a: Araquanid
|-damage|p2a: Araquanid|0 fnt
|faint|p2a: Araquanid
|
|upkeep
|
|t:|1758249554
|switch|p2a: Weavile|Weavile, M|100/100
|turn|10
|
|t:|1758249558
|switch|p1a: Corviknight|Corviknight, M|100/100
|-ability|p1a: Corviknight|Pressure
|move|p2a: Weavile|Swords Dance|p2a: Weavile
|-boost|p2a: Weavile|atk|2
|
|upkeep
|turn|11
|
|t:|1758249565
|-terastallize|p2a: Weavile|Ice
|move|p2a: Weavile|Triple Axel|p1a: Corviknight
|-damage|p1a: Corviknight|81/100
|-crit|p1a: Corviknight
|-damage|p1a: Corviknight|24/100
|-damage|p1a: Corviknight|0 fnt
|faint|p1a: Corviknight
|-hitcount|p1: Corviknight|3
|-damage|p2a: Weavile|91/100|[from] item: Life Orb
|
|upkeep
|
|t:|1758249572
|switch|p1a: Scizor|Scizor, F|100/100
|-activate|p1a: Scizor|move: Sticky Web
|-unboost|p1a: Scizor|spe|1
|turn|12
|
|t:|1758249579
|switch|p2a: Gholdengo|Gholdengo|62/100
|move|p1a: Scizor|Bullet Punch|p2a: Gholdengo
|-resisted|p2a: Gholdengo
|-damage|p2a: Gholdengo|35/100
|
|upkeep
|turn|13
|
|t:|1758249587
|move|p1a: Scizor|Bullet Punch|p2a: Gholdengo
|-resisted|p2a: Gholdengo
|-damage|p2a: Gholdengo|9/100
|move|p2a: Gholdengo|Shadow Ball|p1a: Scizor
|-damage|p1a: Scizor|52/100
|
|upkeep
|turn|14
|
|t:|1758249593
|move|p1a: Scizor|Bullet Punch|p2a: Gholdengo
|-resisted|p2a: Gholdengo
|-damage|p2a: Gholdengo|0 fnt
|faint|p2a: Gholdengo
|
|upkeep
|
|t:|1758249597
|switch|p2a: Dragonite|Dragonite, M|100/100
|turn|15
|
|t:|1758249602
|switch|p1a: Kyurem|Kyurem, tera:Fire|100/100
|-activate|p1a: Kyurem|move: Sticky Web
|-unboost|p1a: Kyurem|spe|1
|-ability|p1a: Kyurem|Pressure
|move|p2a: Dragonite|Earthquake|p1a: Kyurem
|-supereffective|p1a: Kyurem
|-damage|p1a: Kyurem|32/100
|
|upkeep
|turn|16
|
|t:|1758249611
|move|p2a: Dragonite|Earthquake|p1a: Kyurem
|-supereffective|p1a: Kyurem
|-damage|p1a: Kyurem|0 fnt
|faint|p1a: Kyurem
|
|upkeep
|
|t:|1758249615
|switch|p1a: Slowking|Slowking-Galar, F|34/100
|turn|17
|
|t:|1758249618
|switch|p1a: Hydrapple|Hydrapple, M|100/100
|-activate|p1a: Hydrapple|move: Sticky Web
|-unboost|p1a: Hydrapple|spe|1
|move|p2a: Dragonite|Earthquake|p1a: Hydrapple
|-resisted|p1a: Hydrapple
|-damage|p1a: Hydrapple|90/100
|
|-heal|p1a: Hydrapple|96/100|[from] item: Leftovers
|upkeep
|turn|18
|
|t:|1758249626
|move|p2a: Dragonite|Ice Spinner|p1a: Hydrapple
|-supereffective|p1a: Hydrapple
|-damage|p1a: Hydrapple|28/100
|move|p1a: Hydrapple|Nasty Plot|p1a: Hydrapple
|-boost|p1a: Hydrapple|spa|2
|
|-heal|p1a: Hydrapple|34/100|[from] item: Leftovers
|upkeep
|turn|19
|
|t:|1758249633
|move|p2a: Dragonite|Ice Spinner|p1a: Hydrapple
|-supereffective|p1a: Hydrapple
|-damage|p1a: Hydrapple|0 fnt
|faint|p1a: Hydrapple
|
|upkeep
|
|t:|1758249635
|switch|p1a: Kingambit|Kingambit, F|81/100
|-activate|p1a: Kingambit|move: Sticky Web
|-unboost|p1a: Kingambit|spe|1
|-activate|p1a: Kingambit|ability: Supreme Overlord
|-start|p1a: Kingambit|fallen3|[silent]
|turn|20
|
|t:|1758249642
|move|p2a: Dragonite|Earthquake|p1a: Kingambit
|-supereffective|p1a: Kingambit
|-damage|p1a: Kingambit|21/100
|move|p1a: Kingambit|Kowtow Cleave|p2a: Dragonite
|-damage|p2a: Dragonite|59/100
|
|upkeep
|turn|21
|
|t:|1758249650
|move|p2a: Dragonite|Extreme Speed|p1a: Kingambit
|-resisted|p1a: Kingambit
|-damage|p1a: Kingambit|9/100
|move|p1a: Kingambit|Sucker Punch||[still]
|-fail|p1a: Kingambit
|
|upkeep
|turn|22
|
|t:|1758249657
|-end|p1a: Kingambit|fallen3|[silent]
|switch|p1a: Scizor|Scizor, F|52/100
|-activate|p1a: Scizor|move: Sticky Web
|-unboost|p1a: Scizor|spe|1
|move|p2a: Dragonite|Extreme Speed|p1a: Scizor
|-resisted|p1a: Scizor
|-damage|p1a: Scizor|35/100
|
|upkeep
|turn|23
|
|t:|1758249665
|move|p1a: Scizor|Bullet Punch|p2a: Dragonite
|-damage|p2a: Dragonite|0 fnt
|faint|p2a: Dragonite
|
|upkeep
|
|t:|1758249669
|switch|p2a: Zamazenta|Zamazenta|100/100
|-ability|p2a: Zamazenta|Dauntless Shield|boost
|-boost|p2a: Zamazenta|def|1
|turn|24
|
|t:|1758249674
|switch|p1a: Slowking|Slowking-Galar, F|67/100
|move|p2a: Zamazenta|Substitute|p2a: Zamazenta
|-start|p2a: Zamazenta|Substitute
|-damage|p2a: Zamazenta|76/100
|
|-heal|p2a: Zamazenta|82/100|[from] item: Leftovers
|upkeep
|turn|25
|
|t:|1758249681
|move|p2a: Zamazenta|Crunch|p1a: Slowking
|-supereffective|p1a: Slowking
|-damage|p1a: Slowking|19/100
|move|p1a: Slowking|Psychic Noise|p2a: Zamazenta
|-supereffective|p2a: Zamazenta
|-damage|p2a: Zamazenta|38/100
|-start|p2a: Zamazenta|move: Heal Block
|
|upkeep
|turn|26
|
|t:|1758249690
|switch|p1a: Kingambit|Kingambit, F|9/100
|-activate|p1a: Kingambit|move: Sticky Web
|-unboost|p1a: Kingambit|spe|1
|-activate|p1a: Kingambit|ability: Supreme Overlord
|-start|p1a: Kingambit|fallen3|[silent]
|move|p2a: Zamazenta|Crunch|p1a: Kingambit
|-resisted|p1a: Kingambit
|-damage|p1a: Kingambit|1/100
|
|-end|p2a: Zamazenta|move: Heal Block
|upkeep
|turn|27
|
|t:|1758249704
|move|p1a: Kingambit|Sucker Punch||[still]
|-fail|p1a: Kingambit
|move|p2a: Zamazenta|Iron Defense|p2a: Zamazenta
|-boost|p2a: Zamazenta|def|2
|
|-heal|p2a: Zamazenta|44/100|[from] item: Leftovers
|upkeep
|turn|28
|
|t:|1758249711
|move|p2a: Zamazenta|Iron Defense|p2a: Zamazenta
|-boost|p2a: Zamazenta|def|2
|move|p1a: Kingambit|Iron Head|p2a: Zamazenta
|-activate|p2a: Zamazenta|move: Substitute|[damage]
|
|-heal|p2a: Zamazenta|50/100|[from] item: Leftovers
|upkeep
|turn|29
|
|t:|1758249718
|move|p2a: Zamazenta|Iron Defense|p2a: Zamazenta
|-boost|p2a: Zamazenta|def|1
|move|p1a: Kingambit|Iron Head|p2a: Zamazenta
|-activate|p2a: Zamazenta|move: Substitute|[damage]
|
|-heal|p2a: Zamazenta|56/100|[from] item: Leftovers
|upkeep
|turn|30
|-message|Kevmex17 forfeited.
|
|win|emma5.7
|raw|Kevmex17's rating: 1476 &rarr; <strong>1462</strong><br />(-14 for losing)
|raw|emma5.7's rating: 1591 &rarr; <strong>1605</strong><br />(+14 for winning)
|l|☆Kevmex17
|player|p1|
