|j|☆Edkdkclslww
|j|☆Maryionette
|t:|1758349454
|gametype|singles
|player|p1|Edkdkclslww|jacq|1130
|player|p2|Maryionette|iris-gen5bw2|1062
|gen|9
|tier|[Gen 9] OU
|rated|
|rule|HP Percentage Mod: HP is shown in percentages
|rule|Endless Battle Clause: Forcing endless battles is banned
|rule|Species Clause: Limit one of each Pokémon
|rule|OHKO Clause: OHKO moves are banned
|rule|Evasion Items Clause: Evasion items are banned
|rule|Evasion Moves Clause: Evasion moves are banned
|rule|Evasion Abilities Clause: Evasion abilities are banned
|rule|Sleep Moves Clause: Sleep-inducing moves are banned
|clearpoke
|poke|p1|Ursaluna, F|
|poke|p1|Alomomola, M|
|poke|p1|Darkrai|
|poke|p1|Sinistcha|
|poke|p1|Iron Treads|
|poke|p1|Iron Valiant|
|poke|p2|Vaporeon, F|
|poke|p2|Sylveon, M|
|poke|p2|Polteageist|
|poke|p2|Glimmora, M|
|poke|p2|Meowscarada, F|
|poke|p2|Flareon, M|
|teampreview
|inactive|Battle timer is ON: inactive players will automatically lose when time's up. (requested by Maryionette)
|
|t:|1758349463
|teamsize|p1|6
|teamsize|p2|6
|start
|switch|p1a: Mojave|Iron Treads|100/100
|switch|p2a: Patrick|Glimmora, M|100/100
|turn|1
|
|t:|1758349468
|move|p2a: Patrick|Stealth Rock|p1a: Mojave
|-sidestart|p1: Edkdkclslww|move: Stealth Rock
|move|p1a: Mojave|Earthquake|p2a: Patrick
|-supereffective|p2a: Patrick
|-enditem|p2a: Patrick|Focus Sash
|-damage|p2a: Patrick|1/100
|-activate|p2a: Patrick|ability: Toxic Debris
|-sidestart|p1: Edkdkclslww|move: Toxic Spikes
|
|upkeep
|turn|2
|
|t:|1758349477
|move|p2a: Patrick|Memento|p1a: Mojave
|-unboost|p1a: Mojave|atk|2
|-unboost|p1a: Mojave|spa|2
|faint|p2a: Patrick
|move|p1a: Mojave|Rapid Spin|p2: Patrick|[notarget]
|-fail|p1a: Mojave
|
|upkeep
|
|t:|1758349486
|switch|p2a: British|Polteageist|100/100
|turn|3
|
|t:|1758349498
|move|p1a: Mojave|Knock Off|p2a: British
|-supereffective|p2a: British
|-damage|p2a: British|60/100
|-ability|p2a: British|Weak Armor|boost
|-unboost|p2a: British|def|1
|-boost|p2a: British|spe|2
|-enditem|p2a: British|White Herb|[from] move: Knock Off|[of] p1a: Mojave
|move|p2a: British|Shell Smash|p2a: British
|-unboost|p2a: British|def|1
|-unboost|p2a: British|spd|1
|-boost|p2a: British|atk|2
|-boost|p2a: British|spa|2
|-boost|p2a: British|spe|2
|
|upkeep
|turn|4
|
|t:|1758349514
|-end|p1a: Mojave|Quark Drive|[silent]
|switch|p1a: Monterey|Alomomola, M|100/100
|-damage|p1a: Monterey|88/100|[from] Stealth Rock
|-status|p1a: Monterey|psn
|move|p2a: British|Shadow Ball|p1a: Monterey
|-damage|p1a: Monterey|0 fnt
|faint|p1a: Monterey
|
|upkeep
|inactive|Edkdkclslww has 120 seconds left.
|
|t:|1758349538
|switch|p1a: Death Valley|Darkrai|100/100
|-damage|p1a: Death Valley|88/100|[from] Stealth Rock
|-status|p1a: Death Valley|psn
|turn|5
|inactive|Edkdkclslww has 120 seconds left.
|
|t:|1758349558
|switch|p2a: Transgender|Sylveon, M, shiny|100/100
|-terastallize|p1a: Death Valley|Poison
|move|p1a: Death Valley|Dark Pulse|p2a: Transgender
|-resisted|p2a: Transgender
|-damage|p2a: Transgender|89/100
|
|-damage|p1a: Death Valley|76/100 psn|[from] psn
|upkeep
|turn|6
|
|t:|1758349566
|switch|p1a: Mojave|Iron Treads|100/100
|-damage|p1a: Mojave|98/100|[from] Stealth Rock
|move|p2a: Transgender|Shadow Ball|p1a: Mojave
|-damage|p1a: Mojave|80/100
|
|-heal|p1a: Mojave|86/100|[from] item: Leftovers
|upkeep
|turn|7
|
|t:|1758349579
|switch|p2a: British|Polteageist|60/100
|move|p1a: Mojave|Rapid Spin|p2a: British
|-immune|p2a: British
|
|-heal|p1a: Mojave|92/100|[from] item: Leftovers
|upkeep
|turn|8
|
|t:|1758349592
|move|p1a: Mojave|Earthquake|p2a: British
|-damage|p2a: British|2/100
|-ability|p2a: British|Weak Armor|boost
|-unboost|p2a: British|def|1
|-boost|p2a: British|spe|2
|move|p2a: British|Shell Smash|p2a: British
|-unboost|p2a: British|def|1
|-unboost|p2a: British|spd|1
|-boost|p2a: British|atk|2
|-boost|p2a: British|spa|2
|-boost|p2a: British|spe|2
|
|-heal|p1a: Mojave|98/100|[from] item: Leftovers
|upkeep
|turn|9
|
|t:|1758349602
|move|p2a: British|Dark Pulse|p1a: Mojave
|-damage|p1a: Mojave|50/100
|move|p1a: Mojave|Earthquake|p2a: British
|-damage|p2a: British|0 fnt
|faint|p2a: British
|
|-heal|p1a: Mojave|56/100|[from] item: Leftovers
|upkeep
|
|t:|1758349610
|switch|p2a: Der Hund|Flareon, M|100/100
|turn|10
|
|t:|1758349622
|move|p2a: Der Hund|Protect|p2a: Der Hund
|-singleturn|p2a: Der Hund|Protect
|move|p1a: Mojave|Rapid Spin|p2a: Der Hund
|-activate|p2a: Der Hund|move: Protect
|
|-heal|p1a: Mojave|62/100|[from] item: Leftovers
|-status|p2a: Der Hund|tox|[from] item: Toxic Orb
|upkeep
|turn|11
|
|t:|1758349633
|-terastallize|p2a: Der Hund|Normal
|move|p2a: Der Hund|Flame Charge|p1a: Mojave
|-supereffective|p1a: Mojave
|-damage|p1a: Mojave|2/100
|-boost|p2a: Der Hund|spe|1
|move|p1a: Mojave|Earthquake|p2a: Der Hund
|-damage|p2a: Der Hund|27/100 tox
|
|-heal|p1a: Mojave|8/100|[from] item: Leftovers
|-damage|p2a: Der Hund|21/100 tox|[from] psn
|upkeep
|turn|12
|
|t:|1758349646
|move|p2a: Der Hund|Flame Charge|p1a: Mojave
|-supereffective|p1a: Mojave
|-crit|p1a: Mojave
|-damage|p1a: Mojave|0 fnt
|-boost|p2a: Der Hund|spe|1
|faint|p1a: Mojave
|-end|p1a: Mojave|Quark Drive|[silent]
|
|-damage|p2a: Der Hund|9/100 tox|[from] psn
|upkeep
|
|t:|1758349651
|switch|p1a: Silicon Valley|Iron Valiant|100/100
|-damage|p1a: Silicon Valley|94/100|[from] Stealth Rock
|-status|p1a: Silicon Valley|psn
|turn|13
|
|t:|1758349660
|move|p1a: Silicon Valley|Vacuum Wave|p2a: Der Hund
|-supereffective|p2a: Der Hund
|-damage|p2a: Der Hund|0 fnt
|faint|p2a: Der Hund
|
|-damage|p1a: Silicon Valley|82/100 psn|[from] psn
|upkeep
|
|t:|1758349670
|switch|p2a: Feesh|Vaporeon, F, shiny|100/100
|turn|14
|
|t:|1758349674
|-end|p1a: Silicon Valley|Quark Drive|[silent]
|switch|p1a: Japantown|Sinistcha|100/100
|move|p2a: Feesh|Scald|p1a: Japantown
|-resisted|p1a: Japantown
|-damage|p1a: Japantown|83/100
|
|upkeep
|turn|15
|
|t:|1758349681
|move|p1a: Japantown|Calm Mind|p1a: Japantown
|-boost|p1a: Japantown|spa|1
|-boost|p1a: Japantown|spd|1
|move|p2a: Feesh|Ice Beam|p1a: Japantown
|-supereffective|p1a: Japantown
|-damage|p1a: Japantown|45/100
|
|upkeep
|turn|16
|
|t:|1758349691
|move|p1a: Japantown|Strength Sap|p2a: Feesh
|-unboost|p2a: Feesh|atk|1
|-heal|p1a: Japantown|80/100
|move|p2a: Feesh|Ice Beam|p1a: Japantown
|-supereffective|p1a: Japantown
|-damage|p1a: Japantown|44/100
|
|upkeep
|turn|17
|
|t:|1758349709
|move|p1a: Japantown|Matcha Gotcha|p2a: Feesh
|-supereffective|p2a: Feesh
|-damage|p2a: Feesh|28/100
|-heal|p1a: Japantown|93/100|[from] drain|[of] p2a: Feesh
|-status|p2a: Feesh|brn
|move|p2a: Feesh|Ice Beam|p1a: Japantown
|-supereffective|p1a: Japantown
|-damage|p1a: Japantown|56/100
|-status|p1a: Japantown|frz
|
|-heal|p2a: Feesh|34/100 brn|[from] item: Leftovers
|-damage|p2a: Feesh|28/100 brn|[from] brn
|upkeep
|turn|18
|
|t:|1758349727
|-curestatus|p1a: Japantown|frz|[from] move: Matcha Gotcha
|move|p1a: Japantown|Matcha Gotcha|p2a: Feesh
|-supereffective|p2a: Feesh
|-damage|p2a: Feesh|0 fnt
|-heal|p1a: Japantown|75/100|[from] drain|[of] p2a: Feesh
|faint|p2a: Feesh
|
|upkeep
|
|t:|1758349734
|switch|p2a: Die Katze|Meowscarada, F|100/100
|turn|19
|
|t:|1758349741
|move|p2a: Die Katze|U-turn|p1a: Japantown
|-start|p2a: Die Katze|typechange|Bug|[from] ability: Protean
|-damage|p1a: Japantown|37/100
|
|t:|1758349746
|switch|p2a: Transgender|Sylveon, M, shiny|89/100|[from] U-turn
|move|p1a: Japantown|Strength Sap|p2a: Transgender
|-unboost|p2a: Transgender|atk|1
|-heal|p1a: Japantown|80/100
|
|upkeep
|turn|20
|
|t:|1758349774
|move|p1a: Japantown|Calm Mind|p1a: Japantown
|-boost|p1a: Japantown|spa|1
|-boost|p1a: Japantown|spd|1
|move|p2a: Transgender|Shadow Ball|p1a: Japantown
|-supereffective|p1a: Japantown
|-damage|p1a: Japantown|55/100
|
|upkeep
|turn|21
|-message|Maryionette forfeited.
|
|win|Edkdkclslww
|raw|Edkdkclslww's rating: 1107 &rarr; <strong>1129</strong><br />(+22 for winning)
|raw|Maryionette's rating: 1062 &rarr; <strong>1045</strong><br />(-17 for losing)
|l|☆Maryionette
|player|p2|
|l|☆Edkdkclslww
|player|p1|
