|j|☆xithy
|j|☆diggersboy660
|t:|1758355323
|gametype|singles
|player|p1|xithy|265|1301
|player|p2|diggersboy660|n|1338
|gen|9
|tier|[Gen 9] OU
|rated|
|rule|HP Percentage Mod: HP is shown in percentages
|rule|Endless Battle Clause: Forcing endless battles is banned
|rule|Species Clause: Limit one of each Pokémon
|rule|OHKO Clause: OHKO moves are banned
|rule|Evasion Items Clause: Evasion items are banned
|rule|Evasion Moves Clause: Evasion moves are banned
|rule|Evasion Abilities Clause: Evasion abilities are banned
|rule|Sleep Moves Clause: Sleep-inducing moves are banned
|clearpoke
|poke|p1|Great Tusk|
|poke|p1|Kingambit, F|
|poke|p1|Raging Bolt|
|poke|p1|Walking Wake|
|poke|p1|Ninetales, F|
|poke|p1|Ceruledge, F|
|poke|p2|Hydreigon, M|
|poke|p2|Conkeldurr, M|
|poke|p2|Gliscor, F|
|poke|p2|Grimmsnarl, M|
|poke|p2|Muk-Alola, M|
|poke|p2|Clodsire, M|
|teampreview
|
|t:|1758355338
|teamsize|p1|6
|teamsize|p2|6
|start
|switch|p1a: Ninetales|Ninetales, F|100/100
|switch|p2a: Hydreigon|Hydreigon, M|100/100
|-weather|SunnyDay|[from] ability: Drought|[of] p1a: Ninetales
|turn|1
|inactive|Battle timer is ON: inactive players will automatically lose when time's up. (requested by diggersboy660)
|
|t:|1758355362
|switch|p1a: Great Tusk|Great Tusk|100/100
|-activate|p1a: Great Tusk|ability: Protosynthesis
|-start|p1a: Great Tusk|protosynthesisatk
|move|p2a: Hydreigon|Earth Power|p1a: Great Tusk
|-damage|p1a: Great Tusk|72/100
|
|-weather|SunnyDay|[upkeep]
|upkeep
|turn|2
|inactive|xithy has 120 seconds left.
|
|t:|1758355397
|switch|p2a: Grimmsnarl|Grimmsnarl, M|100/100
|move|p1a: Great Tusk|Ice Spinner|p2a: Grimmsnarl
|-damage|p2a: Grimmsnarl|56/100
|
|-weather|SunnyDay|[upkeep]
|upkeep
|turn|3
|inactive|xithy has 120 seconds left.
|inactive|xithy has 90 seconds left.
|
|t:|1758355447
|move|p2a: Grimmsnarl|Reflect|p2a: Grimmsnarl
|-sidestart|p2: diggersboy660|Reflect
|move|p1a: Great Tusk|Headlong Rush|p2a: Grimmsnarl
|-damage|p2a: Grimmsnarl|5/100
|-unboost|p1a: Great Tusk|def|1
|-unboost|p1a: Great Tusk|spd|1
|
|-weather|SunnyDay|[upkeep]
|upkeep
|turn|4
|
|t:|1758355455
|move|p2a: Grimmsnarl|Parting Shot|p1a: Great Tusk
|-unboost|p1a: Great Tusk|atk|1
|-unboost|p1a: Great Tusk|spa|1
|
|t:|1758355460
|switch|p2a: Conkeldurr|Conkeldurr, M|100/100|[from] Parting Shot
|move|p1a: Great Tusk|Temper Flare|p2a: Conkeldurr
|-damage|p2a: Conkeldurr|85/100
|
|-weather|SunnyDay|[upkeep]
|upkeep
|turn|5
|inactive|xithy has 90 seconds left.
|
|t:|1758355495
|-end|p1a: Great Tusk|Protosynthesis|[silent]
|switch|p1a: Walking Wake|Walking Wake|100/100
|-activate|p1a: Walking Wake|ability: Protosynthesis
|-start|p1a: Walking Wake|protosynthesisspe
|move|p2a: Conkeldurr|Drain Punch|p1a: Walking Wake
|-damage|p1a: Walking Wake|55/100
|-heal|p2a: Conkeldurr|100/100|[from] drain|[of] p1a: Walking Wake
|
|-weather|SunnyDay|[upkeep]
|upkeep
|turn|6
|
|t:|1758355504
|move|p1a: Walking Wake|Hydro Steam|p2a: Conkeldurr
|-damage|p2a: Conkeldurr|49/100
|move|p2a: Conkeldurr|Drain Punch|p1a: Walking Wake
|-damage|p1a: Walking Wake|10/100
|-heal|p2a: Conkeldurr|67/100|[from] drain|[of] p1a: Walking Wake
|
|-weather|SunnyDay|[upkeep]
|upkeep
|turn|7
|
|t:|1758355515
|move|p2a: Conkeldurr|Mach Punch|p1a: Walking Wake
|-damage|p1a: Walking Wake|0 fnt
|faint|p1a: Walking Wake
|-end|p1a: Walking Wake|Protosynthesis|[silent]
|
|-weather|SunnyDay|[upkeep]
|upkeep
|
|t:|1758355525
|switch|p1a: Great Tusk|Great Tusk|72/100
|-activate|p1a: Great Tusk|ability: Protosynthesis
|-start|p1a: Great Tusk|protosynthesisatk
|turn|8
|
|t:|1758355538
|move|p1a: Great Tusk|Headlong Rush|p2a: Conkeldurr
|-damage|p2a: Conkeldurr|30/100
|-unboost|p1a: Great Tusk|def|1
|-unboost|p1a: Great Tusk|spd|1
|move|p2a: Conkeldurr|Drain Punch|p1a: Great Tusk
|-damage|p1a: Great Tusk|24/100
|-heal|p2a: Conkeldurr|52/100|[from] drain|[of] p1a: Great Tusk
|
|-weather|none
|-end|p1a: Great Tusk|Protosynthesis
|upkeep
|turn|9
|
|t:|1758355552
|move|p1a: Great Tusk|Ice Spinner|p2a: Conkeldurr
|-damage|p2a: Conkeldurr|39/100
|move|p2a: Conkeldurr|Drain Punch|p1a: Great Tusk
|-damage|p1a: Great Tusk|0 fnt
|-heal|p2a: Conkeldurr|50/100|[from] drain|[of] p1a: Great Tusk
|faint|p1a: Great Tusk
|-end|p1a: Great Tusk|Protosynthesis|[silent]
|
|upkeep
|
|t:|1758355563
|switch|p1a: Raging Bolt|Raging Bolt|100/100
|turn|10
|
|t:|1758355568
|switch|p2a: Clodsire|Clodsire, M|100/100
|move|p1a: Raging Bolt|Dragon Pulse|p2a: Clodsire
|-damage|p2a: Clodsire|47/100
|-damage|p1a: Raging Bolt|91/100|[from] item: Life Orb
|
|-sideend|p2: diggersboy660|Reflect
|upkeep
|turn|11
|
|t:|1758355575
|switch|p2a: Grimmsnarl|Grimmsnarl, M|5/100
|move|p1a: Raging Bolt|Dragon Pulse|p2a: Grimmsnarl
|-immune|p2a: Grimmsnarl
|
|upkeep
|turn|12
|
|t:|1758355600
|move|p2a: Grimmsnarl|Light Screen|p2a: Grimmsnarl
|-sidestart|p2: diggersboy660|move: Light Screen
|move|p1a: Raging Bolt|Weather Ball|p2a: Grimmsnarl
|-damage|p2a: Grimmsnarl|0 fnt
|faint|p2a: Grimmsnarl
|-damage|p1a: Raging Bolt|81/100|[from] item: Life Orb
|
|upkeep
|
|t:|1758355610
|switch|p2a: Muk|Muk-Alola, M|100/100
|turn|13
|
|t:|1758355615
|-end|p1a: Raging Bolt|Protosynthesis|[silent]
|switch|p1a: Ninetales|Ninetales, F|100/100
|-weather|SunnyDay|[from] ability: Drought|[of] p1a: Ninetales
|move|p2a: Muk|Curse|p2a: Muk
|-unboost|p2a: Muk|spe|1
|-boost|p2a: Muk|atk|1
|-boost|p2a: Muk|def|1
|
|-weather|SunnyDay|[upkeep]
|upkeep
|turn|14
|
|t:|1758355633
|move|p1a: Ninetales|Overheat|p2a: Muk
|-damage|p2a: Muk|78/100
|-unboost|p1a: Ninetales|spa|2
|move|p2a: Muk|Poison Fang|p1a: Ninetales
|-damage|p1a: Ninetales|61/100
|
|-weather|SunnyDay|[upkeep]
|upkeep
|turn|15
|
|t:|1758355654
|switch|p1a: Ceruledge|Ceruledge, F|100/100
|move|p2a: Muk|Drain Punch|p1a: Ceruledge
|-immune|p1a: Ceruledge
|
|-weather|SunnyDay|[upkeep]
|upkeep
|turn|16
|
|t:|1758355665
|move|p1a: Ceruledge|Swords Dance|p1a: Ceruledge
|-boost|p1a: Ceruledge|atk|2
|move|p2a: Muk|Poison Fang|p1a: Ceruledge
|-resisted|p1a: Ceruledge
|-damage|p1a: Ceruledge|86/100
|-status|p1a: Ceruledge|tox
|-ability|p1a: Ceruledge|Weak Armor|boost
|-unboost|p1a: Ceruledge|def|1
|-boost|p1a: Ceruledge|spe|2
|
|-weather|SunnyDay|[upkeep]
|-damage|p1a: Ceruledge|80/100 tox|[from] psn
|upkeep
|turn|17
|
|t:|1758355676
|move|p1a: Ceruledge|Bitter Blade|p2a: Muk
|-damage|p2a: Muk|0 fnt
|-heal|p1a: Ceruledge|100/100 tox|[from] drain|[of] p2a: Muk
|faint|p2a: Muk
|
|-weather|SunnyDay|[upkeep]
|-damage|p1a: Ceruledge|88/100 tox|[from] psn
|upkeep
|
|t:|1758355680
|switch|p2a: Hydreigon|Hydreigon, M|100/100
|turn|18
|
|t:|1758355692
|move|p1a: Ceruledge|Poltergeist|p2a: Hydreigon
|-activate|p2a: Hydreigon|move: Poltergeist|Sitrus Berry
|-resisted|p2a: Hydreigon
|-damage|p2a: Hydreigon|27/100
|-enditem|p2a: Hydreigon|Sitrus Berry|[eat]
|-heal|p2a: Hydreigon|51/100|[from] item: Sitrus Berry
|move|p2a: Hydreigon|Dark Pulse|p1a: Ceruledge
|-supereffective|p1a: Ceruledge
|-damage|p1a: Ceruledge|2/100 tox
|
|-weather|SunnyDay|[upkeep]
|-damage|p1a: Ceruledge|0 fnt|[from] psn
|faint|p1a: Ceruledge
|upkeep
|inactive|xithy has 60 seconds left.
|
|t:|1758355717
|switch|p1a: Ninetales|Ninetales, F|61/100
|turn|19
|
|t:|1758355725
|move|p1a: Ninetales|Overheat|p2a: Hydreigon
|-resisted|p2a: Hydreigon
|-damage|p2a: Hydreigon|29/100
|-unboost|p1a: Ninetales|spa|2
|move|p2a: Hydreigon|Earth Power|p1a: Ninetales
|-supereffective|p1a: Ninetales
|-damage|p1a: Ninetales|0 fnt
|faint|p1a: Ninetales
|
|-weather|SunnyDay|[upkeep]
|-sideend|p2: diggersboy660|move: Light Screen
|upkeep
|inactive|xithy has 60 seconds left.
|
|t:|1758355736
|switch|p1a: Raging Bolt|Raging Bolt|81/100
|-activate|p1a: Raging Bolt|ability: Protosynthesis
|-start|p1a: Raging Bolt|protosynthesisspa
|turn|20
|
|t:|1758355743
|move|p1a: Raging Bolt|Thunderclap||[still]
|-fail|p1a: Raging Bolt
|move|p2a: Hydreigon|Substitute|p2a: Hydreigon
|-start|p2a: Hydreigon|Substitute
|-damage|p2a: Hydreigon|4/100
|
|-weather|none
|-end|p1a: Raging Bolt|Protosynthesis
|upkeep
|turn|21
|
|t:|1758355751
|-terastallize|p1a: Raging Bolt|Flying
|move|p2a: Hydreigon|Earth Power|p1a: Raging Bolt
|-immune|p1a: Raging Bolt
|move|p1a: Raging Bolt|Dragon Pulse|p2a: Hydreigon
|-supereffective|p2a: Hydreigon
|-end|p2a: Hydreigon|Substitute
|-damage|p1a: Raging Bolt|71/100|[from] item: Life Orb
|
|upkeep
|turn|22
|
|t:|1758355762
|move|p1a: Raging Bolt|Thunderclap|p2a: Hydreigon
|-resisted|p2a: Hydreigon
|-damage|p2a: Hydreigon|0 fnt
|faint|p2a: Hydreigon
|-damage|p1a: Raging Bolt|61/100|[from] item: Life Orb
|
|upkeep
|
|t:|1758355763
|switch|p2a: Gliscor|Gliscor, F|100/100
|turn|23
|
|t:|1758355774
|move|p2a: Gliscor|Knock Off|p1a: Raging Bolt
|-damage|p1a: Raging Bolt|39/100
|-enditem|p1a: Raging Bolt|Life Orb|[from] move: Knock Off|[of] p2a: Gliscor
|move|p1a: Raging Bolt|Dragon Pulse|p2a: Gliscor
|-crit|p2a: Gliscor
|-damage|p2a: Gliscor|22/100
|
|-status|p2a: Gliscor|tox|[from] item: Toxic Orb
|upkeep
|turn|24
|
|t:|1758355782
|move|p2a: Gliscor|Toxic|p1a: Raging Bolt
|-status|p1a: Raging Bolt|tox
|move|p1a: Raging Bolt|Dragon Pulse|p2a: Gliscor
|-damage|p2a: Gliscor|0 fnt
|faint|p2a: Gliscor
|
|-damage|p1a: Raging Bolt|33/100 tox|[from] psn
|upkeep
|
|t:|1758355788
|switch|p2a: Clodsire|Clodsire, M|47/100
|turn|25
|inactive|xithy has 90 seconds left.
|
|t:|1758355796
|move|p1a: Raging Bolt|Dragon Pulse|p2a: Clodsire
|-damage|p2a: Clodsire|10/100
|move|p2a: Clodsire|Recover|p2a: Clodsire
|-heal|p2a: Clodsire|60/100
|
|-damage|p1a: Raging Bolt|21/100 tox|[from] psn
|upkeep
|turn|26
|
|t:|1758355803
|move|p1a: Raging Bolt|Dragon Pulse|p2a: Clodsire
|-damage|p2a: Clodsire|25/100
|move|p2a: Clodsire|Recover|p2a: Clodsire
|-heal|p2a: Clodsire|75/100
|
|-damage|p1a: Raging Bolt|2/100 tox|[from] psn
|upkeep
|turn|27
|
|t:|1758355810
|move|p1a: Raging Bolt|Dragon Pulse|p2a: Clodsire
|-damage|p2a: Clodsire|41/100
|move|p2a: Clodsire|Recover|p2a: Clodsire
|-heal|p2a: Clodsire|91/100
|
|-damage|p1a: Raging Bolt|0 fnt|[from] psn
|faint|p1a: Raging Bolt
|-end|p1a: Raging Bolt|Protosynthesis|[silent]
|upkeep
|
|t:|1758355818
|switch|p1a: Kingambit|Kingambit, F|100/100
|-activate|p1a: Kingambit|ability: Supreme Overlord
|-start|p1a: Kingambit|fallen5|[silent]
|-item|p1a: Kingambit|Air Balloon
|turn|28
|
|t:|1758355824
|move|p1a: Kingambit|Swords Dance|p1a: Kingambit
|-boost|p1a: Kingambit|atk|2
|move|p2a: Clodsire|Counter||[still]
|-fail|p2a: Clodsire
|
|upkeep
|turn|29
|
|t:|1758355829
|switch|p2a: Conkeldurr|Conkeldurr, M|50/100
|move|p1a: Kingambit|Swords Dance|p1a: Kingambit
|-boost|p1a: Kingambit|atk|2
|
|upkeep
|turn|30
|inactive|xithy has 120 seconds left.
|
|t:|1758355838
|move|p1a: Kingambit|Sucker Punch|p2a: Conkeldurr
|-resisted|p2a: Conkeldurr
|-damage|p2a: Conkeldurr|0 fnt
|faint|p2a: Conkeldurr
|
|upkeep
|
|t:|1758355840
|switch|p2a: Clodsire|Clodsire, M|91/100
|turn|31
|
|t:|1758355851
|move|p1a: Kingambit|Swords Dance|p1a: Kingambit
|-boost|p1a: Kingambit|atk|2
|move|p2a: Clodsire|Counter||[still]
|-fail|p2a: Clodsire
|
|upkeep
|turn|32
|
|t:|1758355858
|move|p1a: Kingambit|Kowtow Cleave|p2a: Clodsire
|-damage|p2a: Clodsire|39/100
|move|p2a: Clodsire|Counter|p1a: Kingambit
|-damage|p1a: Kingambit|0 fnt
|-enditem|p1a: Kingambit|Air Balloon
|faint|p1a: Kingambit
|-end|p1a: Kingambit|fallen5|[silent]
|
|win|diggersboy660
|raw|xithy's rating: 1301 &rarr; <strong>1283</strong><br />(-18 for losing)
|raw|diggersboy660's rating: 1338 &rarr; <strong>1356</strong><br />(+18 for winning)
|l|☆diggersboy660
|player|p2|
|c|☆xithy|how
|c|☆xithy|howww
|l|☆xithy
|player|p1|
