|j|☆RobustLoki
|j|☆raditzisthebest
|t:|1758348814
|gametype|singles
|player|p1|RobustLoki|scientist|1637
|player|p2|raditzisthebest|bruno|1591
|gen|9
|tier|[Gen 9] OU
|rated|
|rule|HP Percentage Mod: HP is shown in percentages
|rule|Endless Battle Clause: Forcing endless battles is banned
|rule|Species Clause: Limit one of each Pokémon
|rule|OHKO Clause: OHKO moves are banned
|rule|Evasion Items Clause: Evasion items are banned
|rule|Evasion Moves Clause: Evasion moves are banned
|rule|Evasion Abilities Clause: Evasion abilities are banned
|rule|Sleep Moves Clause: Sleep-inducing moves are banned
|clearpoke
|poke|p1|Araquanid, F|
|poke|p1|Cinderace, F|
|poke|p1|Empoleon, M|
|poke|p1|Serperior, F|
|poke|p1|Kingambit, F|
|poke|p1|Ogerpon, F|
|poke|p2|Primarina, M|
|poke|p2|Great Tusk|
|poke|p2|Kingambit, M|
|poke|p2|Slowking-Galar, M|
|poke|p2|Ogerpon, F|
|poke|p2|Enamorus, F|
|teampreview
|inactive|Battle timer is ON: inactive players will automatically lose when time's up. (requested by raditzisthebest)
|
|t:|1758348822
|teamsize|p1|6
|teamsize|p2|6
|start
|switch|p1a: Ogerpon|Ogerpon, F|100/100
|switch|p2a: Basilio|Great Tusk, shiny|100/100
|turn|1
|
|t:|1758348829
|-end|p2a: Basilio|Protosynthesis|[silent]
|switch|p2a: Strohl|Kingambit, M, shiny|100/100
|move|p1a: Ogerpon|Ivy Cudgel|p2a: Strohl
|-resisted|p2a: Strohl
|-damage|p2a: Strohl|84/100
|
|-heal|p2a: Strohl|90/100|[from] item: Leftovers
|upkeep
|turn|2
|
|t:|1758348837
|switch|p1a: Empoleon|Empoleon, M|100/100
|move|p2a: Strohl|Kowtow Cleave|p1a: Empoleon
|-damage|p1a: Empoleon|50/100
|
|-heal|p2a: Strohl|96/100|[from] item: Leftovers
|upkeep
|turn|3
|
|t:|1758348843
|switch|p1a: Araquanid|Araquanid, F|100/100
|move|p2a: Strohl|Kowtow Cleave|p1a: Araquanid
|-damage|p1a: Araquanid|51/100
|
|-heal|p2a: Strohl|100/100|[from] item: Leftovers
|upkeep
|turn|4
|
|t:|1758348852
|move|p2a: Strohl|Kowtow Cleave|p1a: Araquanid
|-damage|p1a: Araquanid|0 fnt
|faint|p1a: Araquanid
|
|upkeep
|
|t:|1758348856
|switch|p1a: Cinderace|Cinderace, F|100/100
|turn|5
|
|t:|1758348863
|-end|p2a: Strohl|fallenundefined|[silent]
|switch|p2a: More|Slowking-Galar, M, shiny|100/100
|move|p1a: Cinderace|U-turn|p2a: More
|-start|p1a: Cinderace|typechange|Bug|[from] ability: Libero
|-damage|p2a: More|75/100
|
|t:|1758348869
|switch|p1a: Ogerpon|Ogerpon, F|100/100|[from] U-turn
|
|upkeep
|turn|6
|
|t:|1758348873
|move|p1a: Ogerpon|U-turn|p2a: More
|-damage|p2a: More|59/100
|
|t:|1758348876
|switch|p1a: Empoleon|Empoleon, M|50/100|[from] U-turn
|move|p2a: More|Sludge Bomb|p1a: Empoleon
|-immune|p1a: Empoleon
|
|upkeep
|turn|7
|
|t:|1758348882
|move|p1a: Empoleon|Flash Cannon|p2a: More
|-damage|p2a: More|29/100
|move|p2a: More|Flamethrower|p1a: Empoleon
|-damage|p1a: Empoleon|30/100
|
|upkeep
|turn|8
|
|t:|1758348892
|switch|p1a: Ogerpon|Ogerpon, F|100/100
|switch|p2a: Heismay|Ogerpon, F|100/100
|
|upkeep
|turn|9
|
|t:|1758348895
|move|p1a: Ogerpon|U-turn|p2a: Heismay
|-supereffective|p2a: Heismay
|-damage|p2a: Heismay|45/100
|
|t:|1758348898
|switch|p1a: Empoleon|Empoleon, M|30/100|[from] U-turn
|move|p2a: Heismay|U-turn|p1a: Empoleon
|-resisted|p1a: Empoleon
|-damage|p1a: Empoleon|12/100
|
|t:|1758348909
|switch|p2a: Basilio|Great Tusk, shiny|100/100|[from] U-turn
|
|upkeep
|turn|10
|
|t:|1758348914
|move|p1a: Empoleon|Vacuum Wave|p2a: Basilio
|-damage|p2a: Basilio|70/100
|move|p2a: Basilio|Headlong Rush|p1a: Empoleon
|-supereffective|p1a: Empoleon
|-damage|p1a: Empoleon|0 fnt
|-unboost|p2a: Basilio|def|1
|-unboost|p2a: Basilio|spd|1
|faint|p1a: Empoleon
|
|upkeep
|
|t:|1758348918
|switch|p1a: Serperior|Serperior, F|100/100
|turn|11
|j| UltraHyperInstinct
|
|t:|1758348925
|-end|p2a: Basilio|Protosynthesis|[silent]
|switch|p2a: Eupha|Enamorus, F, shiny|100/100
|move|p1a: Serperior|Leaf Storm|p2a: Eupha
|-resisted|p2a: Eupha
|-damage|p2a: Eupha|63/100
|-boost|p1a: Serperior|spa|2
|
|upkeep
|turn|12
|
|t:|1758348934
|move|p2a: Eupha|Moonblast|p1a: Serperior
|-damage|p1a: Serperior|38/100
|move|p1a: Serperior|Leaf Storm|p2a: Eupha
|-resisted|p2a: Eupha
|-damage|p2a: Eupha|0 fnt
|-boost|p1a: Serperior|spa|2
|faint|p2a: Eupha
|
|-heal|p1a: Serperior|44/100|[from] item: Leftovers
|upkeep
|
|t:|1758348939
|switch|p2a: Heismay|Ogerpon, F|45/100
|turn|13
|
|t:|1758348946
|-terastallize|p2a: Heismay|Grass
|detailschange|p2a: Heismay|Ogerpon-Teal-Tera, F, tera:Grass
|-ability|p2a: Heismay|Embody Aspect (Teal)|boost
|-boost|p2a: Heismay|spe|1
|move|p2a: Heismay|U-turn|p1a: Serperior
|-supereffective|p1a: Serperior
|-damage|p1a: Serperior|0 fnt
|faint|p1a: Serperior
|
|t:|1758348959
|switch|p2a: Strohl|Kingambit, M, shiny|100/100|[from] U-turn
|-activate|p2a: Strohl|ability: Supreme Overlord
|-start|p2a: Strohl|fallen1|[silent]
|
|upkeep
|
|t:|1758348962
|switch|p1a: Ogerpon|Ogerpon, F|100/100
|turn|14
|
|t:|1758348967
|move|p1a: Ogerpon|Low Kick|p2a: Strohl
|-supereffective|p2a: Strohl
|-damage|p2a: Strohl|12/100
|move|p2a: Strohl|Kowtow Cleave|p1a: Ogerpon
|-damage|p1a: Ogerpon|24/100
|
|-heal|p2a: Strohl|18/100|[from] item: Leftovers
|upkeep
|turn|15
|
|t:|1758348973
|switch|p1a: Cinderace|Cinderace, F|100/100
|move|p2a: Strohl|Sucker Punch||[still]
|-fail|p2a: Strohl
|
|-heal|p2a: Strohl|25/100|[from] item: Leftovers
|upkeep
|turn|16
|
|t:|1758348981
|-end|p2a: Strohl|fallen1|[silent]
|switch|p2a: More|Slowking-Galar, M, shiny|62/100
|move|p1a: Cinderace|Pyro Ball|p2a: More
|-damage|p2a: More|20/100
|-status|p2a: More|brn
|
|-damage|p2a: More|14/100 brn|[from] brn
|upkeep
|turn|17
|
|t:|1758348990
|move|p1a: Cinderace|U-turn|p2a: More
|-start|p1a: Cinderace|typechange|Bug|[from] ability: Libero
|-crit|p2a: More
|-damage|p2a: More|0 fnt
|faint|p2a: More
|
|t:|1758348993
|switch|p1a: Ogerpon|Ogerpon, F|24/100|[from] U-turn
|
|upkeep
|
|t:|1758348998
|switch|p2a: Heismay|Ogerpon-Teal-Tera, F, tera:Grass|45/100
|-ability|p2a: Heismay|Embody Aspect (Teal)|boost
|-boost|p2a: Heismay|spe|1
|turn|18
|
|t:|1758349003
|move|p1a: Ogerpon|U-turn|p2a: Heismay
|-supereffective|p2a: Heismay
|-damage|p2a: Heismay|0 fnt
|faint|p2a: Heismay
|detailschange|p2: Heismay|Ogerpon, F|[silent]
|
|t:|1758349007
|switch|p1a: Cinderace|Cinderace, F|100/100|[from] U-turn
|
|upkeep
|
|t:|1758349013
|switch|p2a: Basilio|Great Tusk, shiny|70/100
|turn|19
|
|t:|1758349026
|move|p1a: Cinderace|Pyro Ball|p2a: Basilio
|-damage|p2a: Basilio|28/100
|move|p2a: Basilio|Headlong Rush|p1a: Cinderace
|-supereffective|p1a: Cinderace
|-enditem|p1a: Cinderace|Focus Sash
|-damage|p1a: Cinderace|1/100
|-unboost|p2a: Basilio|def|1
|-unboost|p2a: Basilio|spd|1
|
|upkeep
|turn|20
|
|t:|1758349035
|move|p1a: Cinderace|Pyro Ball|p2a: Basilio
|-damage|p2a: Basilio|0 fnt
|faint|p2a: Basilio
|-end|p2a: Basilio|Protosynthesis|[silent]
|
|upkeep
|
|t:|1758349037
|switch|p2a: Strohl|Kingambit, M, shiny|25/100
|-activate|p2a: Strohl|ability: Supreme Overlord
|-start|p2a: Strohl|fallen4|[silent]
|turn|21
|
|t:|1758349040
|move|p2a: Strohl|Sucker Punch||[still]
|-fail|p2a: Strohl
|move|p1a: Cinderace|Court Change||[still]
|-start|p1a: Cinderace|typechange|Normal|[from] ability: Libero
|-fail|p1a: Cinderace
|
|-heal|p2a: Strohl|31/100|[from] item: Leftovers
|upkeep
|turn|22
|
|t:|1758349045
|move|p2a: Strohl|Sucker Punch||[still]
|-fail|p2a: Strohl
|move|p1a: Cinderace|Court Change||[still]
|-fail|p1a: Cinderace
|
|-heal|p2a: Strohl|37/100|[from] item: Leftovers
|upkeep
|turn|23
|
|t:|1758349048
|move|p1a: Cinderace|Court Change||[still]
|-fail|p1a: Cinderace
|move|p2a: Strohl|Swords Dance|p2a: Strohl
|-boost|p2a: Strohl|atk|2
|
|-heal|p2a: Strohl|43/100|[from] item: Leftovers
|upkeep
|turn|24
|
|t:|1758349052
|move|p2a: Strohl|Sucker Punch||[still]
|-fail|p2a: Strohl
|move|p1a: Cinderace|Court Change||[still]
|-fail|p1a: Cinderace
|
|-heal|p2a: Strohl|49/100|[from] item: Leftovers
|upkeep
|turn|25
|
|t:|1758349061
|move|p1a: Cinderace|Court Change||[still]
|-fail|p1a: Cinderace
|move|p2a: Strohl|Swords Dance|p2a: Strohl
|-boost|p2a: Strohl|atk|2
|
|-heal|p2a: Strohl|56/100|[from] item: Leftovers
|upkeep
|turn|26
|
|t:|1758349066
|move|p2a: Strohl|Sucker Punch||[still]
|-fail|p2a: Strohl
|move|p1a: Cinderace|Court Change||[still]
|-fail|p1a: Cinderace
|
|-heal|p2a: Strohl|62/100|[from] item: Leftovers
|upkeep
|turn|27
|
|t:|1758349069
|move|p1a: Cinderace|Reversal|p2a: Strohl
|-supereffective|p2a: Strohl
|-damage|p2a: Strohl|0 fnt
|faint|p2a: Strohl
|-end|p2a: Strohl|fallen4|[silent]
|
|upkeep
|-message|raditzisthebest forfeited.
|
|win|RobustLoki
|raw|RobustLoki's rating: 1637 &rarr; <strong>1654</strong><br />(+17 for winning)
|raw|raditzisthebest's rating: 1591 &rarr; <strong>1574</strong><br />(-17 for losing)
|l|☆raditzisthebest
|player|p2|
|l| UltraHyperInstinct
|j| Ballsar 2.0
|j| Resiste et Mords
|j| Kyurem
|l| Resiste et Mords
|j| Morriganqrow
|l| Morriganqrow
