|j|☆TPX05
|j|☆RoyalGala
|t:|1758284164
|gametype|singles
|player|p1|TPX05|101|1503
|player|p2|RoyalGala|flannery|1584
|gen|9
|tier|[Gen 9] OU
|rated|
|rule|HP Percentage Mod: HP is shown in percentages
|rule|Endless Battle Clause: Forcing endless battles is banned
|rule|Species Clause: Limit one of each Pokémon
|rule|OHKO Clause: OHKO moves are banned
|rule|Evasion Items Clause: Evasion items are banned
|rule|Evasion Moves Clause: Evasion moves are banned
|rule|Evasion Abilities Clause: Evasion abilities are banned
|rule|Sleep Moves Clause: Sleep-inducing moves are banned
|clearpoke
|poke|p1|Dragalge, F|
|poke|p1|Alomomola, M|
|poke|p1|Weavile, M|
|poke|p1|Great Tusk|
|poke|p1|Iron Crown|
|poke|p1|Dragonite, F|
|poke|p2|Great Tusk|
|poke|p2|Heatran, M|
|poke|p2|Weavile, M|
|poke|p2|Primarina, M|
|poke|p2|Ogerpon, F|
|poke|p2|Pecharunt|
|teampreview
|inactive|Battle timer is ON: inactive players will automatically lose when time's up. (requested by RoyalGala)
|inactive|TPX05 has 120 seconds left.
|
|t:|1758284219
|teamsize|p1|6
|teamsize|p2|6
|start
|switch|p1a: Great Tusk|Great Tusk|100/100
|switch|p2a: Bandit|Weavile, M, shiny|100/100
|-ability|p2a: Bandit|Pressure
|turn|1
|
|t:|1758284230
|switch|p2a: Chaos|Heatran, M, shiny|100/100
|-item|p2a: Chaos|Air Balloon
|move|p1a: Great Tusk|Headlong Rush|p2a: Chaos
|-immune|p2a: Chaos
|
|upkeep
|turn|2
|
|t:|1758284234
|-end|p1a: Great Tusk|Protosynthesis|[silent]
|switch|p1a: Dragalge|Dragalge, F|100/100
|move|p2a: Chaos|Magma Storm|p1a: Dragalge|[miss]
|-miss|p2a: Chaos|p1a: Dragalge
|
|upkeep
|turn|3
|
|t:|1758284238
|move|p2a: Chaos|Stealth Rock|p1a: Dragalge
|-sidestart|p1: TPX05|move: Stealth Rock
|move|p1a: Dragalge|Flip Turn|p2a: Chaos
|-supereffective|p2a: Chaos
|-damage|p2a: Chaos|82/100
|-enditem|p2a: Chaos|Air Balloon
|
|t:|1758284246
|switch|p1a: Great Tusk|Great Tusk|100/100|[from] Flip Turn
|
|upkeep
|turn|4
|
|t:|1758284251
|switch|p2a: Overseer|Pecharunt|100/100
|move|p1a: Great Tusk|Headlong Rush|p2a: Overseer
|-supereffective|p2a: Overseer
|-damage|p2a: Overseer|37/100
|-unboost|p1a: Great Tusk|def|1
|-unboost|p1a: Great Tusk|spd|1
|-damage|p1a: Great Tusk|84/100|[from] item: Rocky Helmet|[of] p2a: Overseer
|
|upkeep
|turn|5
|
|t:|1758284263
|move|p1a: Great Tusk|Headlong Rush|p2a: Overseer
|-supereffective|p2a: Overseer
|-damage|p2a: Overseer|0 fnt
|-unboost|p1a: Great Tusk|def|1
|-unboost|p1a: Great Tusk|spd|1
|-damage|p1a: Great Tusk|68/100|[from] item: Rocky Helmet|[of] p2a: Overseer
|faint|p2a: Overseer
|
|upkeep
|
|t:|1758284265
|switch|p2a: Bandit|Weavile, M, shiny|100/100
|-ability|p2a: Bandit|Pressure
|turn|6
|
|t:|1758284269
|-end|p1a: Great Tusk|Protosynthesis|[silent]
|switch|p1a: Alomomola|Alomomola, M|100/100
|move|p2a: Bandit|Knock Off|p1a: Alomomola
|-crit|p1a: Alomomola
|-damage|p1a: Alomomola|26/100
|-enditem|p1a: Alomomola|Heavy-Duty Boots|[from] move: Knock Off|[of] p2a: Bandit
|
|upkeep
|turn|7
|
|t:|1758284281
|move|p2a: Bandit|Knock Off|p1a: Alomomola
|-damage|p1a: Alomomola|0 fnt
|faint|p1a: Alomomola
|
|upkeep
|inactive|TPX05 has 120 seconds left.
|
|t:|1758284315
|switch|p1a: Weavile|Weavile, M|100/100
|-damage|p1a: Weavile|76/100|[from] Stealth Rock
|-ability|p1a: Weavile|Pressure
|turn|8
|
|t:|1758284320
|switch|p2a: Chaos|Heatran, M, shiny|82/100
|move|p1a: Weavile|Knock Off|p2a: Chaos
|-damage|p2a: Chaos|33/100
|
|upkeep
|turn|9
|
|t:|1758284325
|switch|p2a: Celestine|Primarina, M, shiny|100/100
|move|p1a: Weavile|Knock Off|p2a: Celestine
|-resisted|p2a: Celestine
|-damage|p2a: Celestine|56/100
|-enditem|p2a: Celestine|Assault Vest|[from] move: Knock Off|[of] p1a: Weavile
|
|upkeep
|turn|10
|
|t:|1758284330
|switch|p1a: Dragalge|Dragalge, F|100/100
|move|p2a: Celestine|Moonblast|p1a: Dragalge
|-damage|p1a: Dragalge|58/100
|
|upkeep
|turn|11
|
|t:|1758284337
|move|p2a: Celestine|Psychic Noise|p1a: Dragalge
|-supereffective|p1a: Dragalge
|-damage|p1a: Dragalge|10/100
|-start|p1a: Dragalge|move: Heal Block
|move|p1a: Dragalge|Toxic Spikes|p2a: Celestine
|-sidestart|p2: RoyalGala|move: Toxic Spikes
|
|upkeep
|turn|12
|
|t:|1758284343
|switch|p1a: Iron Crown|Iron Crown|100/100
|-damage|p1a: Iron Crown|94/100|[from] Stealth Rock
|move|p2a: Celestine|Moonblast|p1a: Iron Crown
|-resisted|p1a: Iron Crown
|-damage|p1a: Iron Crown|77/100
|
|upkeep
|turn|13
|
|t:|1758284349
|move|p1a: Iron Crown|Psyshock|p2a: Celestine
|-damage|p2a: Celestine|8/100
|move|p2a: Celestine|Flip Turn|p1a: Iron Crown
|-damage|p1a: Iron Crown|54/100
|
|t:|1758284355
|switch|p2a: Bandit|Weavile, M, shiny|100/100|[from] Flip Turn
|-status|p2a: Bandit|psn
|-ability|p2a: Bandit|Pressure
|
|-damage|p2a: Bandit|88/100 psn|[from] psn
|upkeep
|turn|14
|
|t:|1758284366
|-end|p1a: Iron Crown|Quark Drive|[silent]
|switch|p1a: Dragalge|Dragalge, F|10/100
|move|p2a: Bandit|Knock Off|p1a: Dragalge
|-damage|p1a: Dragalge|0 fnt
|-enditem|p1a: Dragalge|Heavy-Duty Boots|[from] move: Knock Off|[of] p2a: Bandit
|faint|p1a: Dragalge
|
|-damage|p2a: Bandit|76/100 psn|[from] psn
|upkeep
|
|t:|1758284368
|switch|p1a: Great Tusk|Great Tusk|68/100
|turn|15
|
|t:|1758284372
|switch|p2a: Celestine|Primarina, M, shiny|8/100
|-status|p2a: Celestine|psn
|move|p1a: Great Tusk|Rapid Spin|p2a: Celestine
|-damage|p2a: Celestine|0 fnt
|-boost|p1a: Great Tusk|spe|1
|-sideend|p1: TPX05|Stealth Rock|[from] move: Rapid Spin|[of] p1a: Great Tusk
|faint|p2a: Celestine
|
|upkeep
|
|t:|1758284374
|switch|p2a: Behemoth|Great Tusk, shiny|100/100
|turn|16
|
|t:|1758284386
|move|p1a: Great Tusk|Rapid Spin|p2a: Behemoth
|-damage|p2a: Behemoth|88/100
|-boost|p1a: Great Tusk|spe|1
|move|p2a: Behemoth|Rapid Spin|p1a: Great Tusk
|-damage|p1a: Great Tusk|54/100
|-boost|p2a: Behemoth|spe|1
|-sideend|p2: RoyalGala|Toxic Spikes|[from] move: Rapid Spin|[of] p2a: Behemoth
|
|upkeep
|turn|17
|
|t:|1758284401
|move|p1a: Great Tusk|Rapid Spin|p2a: Behemoth
|-damage|p2a: Behemoth|77/100
|-boost|p1a: Great Tusk|spe|1
|move|p2a: Behemoth|Ice Spinner|p1a: Great Tusk
|-supereffective|p1a: Great Tusk
|-damage|p1a: Great Tusk|16/100
|
|upkeep
|turn|18
|
|t:|1758284406
|move|p1a: Great Tusk|Headlong Rush|p2a: Behemoth
|-damage|p2a: Behemoth|28/100
|-unboost|p1a: Great Tusk|def|1
|-unboost|p1a: Great Tusk|spd|1
|move|p2a: Behemoth|Ice Spinner|p1a: Great Tusk
|-supereffective|p1a: Great Tusk
|-damage|p1a: Great Tusk|0 fnt
|faint|p1a: Great Tusk
|-end|p1a: Great Tusk|Protosynthesis|[silent]
|
|upkeep
|inactive|TPX05 has 120 seconds left.
|
|t:|1758284456
|switch|p1a: Dragonite|Dragonite, F|100/100
|turn|19
|
|t:|1758284459
|-terastallize|p1a: Dragonite|Normal
|move|p2a: Behemoth|Ice Spinner|p1a: Dragonite
|-damage|p1a: Dragonite|86/100
|move|p1a: Dragonite|Dragon Dance|p1a: Dragonite
|-boost|p1a: Dragonite|atk|1
|-boost|p1a: Dragonite|spe|1
|
|upkeep
|turn|20
|
|t:|1758284463
|move|p2a: Behemoth|Close Combat|p1a: Dragonite
|-supereffective|p1a: Dragonite
|-damage|p1a: Dragonite|0 fnt
|-unboost|p2a: Behemoth|def|1
|-unboost|p2a: Behemoth|spd|1
|faint|p1a: Dragonite
|
|upkeep
|
|t:|1758284470
|switch|p1a: Weavile|Weavile, M|76/100
|-ability|p1a: Weavile|Pressure
|turn|21
|
|t:|1758284474
|move|p1a: Weavile|Ice Shard|p2a: Behemoth
|-supereffective|p2a: Behemoth
|-damage|p2a: Behemoth|0 fnt
|faint|p2a: Behemoth
|-end|p2a: Behemoth|Protosynthesis|[silent]
|
|upkeep
|
|t:|1758284480
|switch|p2a: Bandit|Weavile, M, shiny|76/100 psn
|-ability|p2a: Bandit|Pressure
|turn|22
|
|t:|1758284484
|move|p1a: Weavile|Ice Shard|p2a: Bandit
|-resisted|p2a: Bandit
|-damage|p2a: Bandit|52/100 psn
|move|p2a: Bandit|Knock Off|p1a: Weavile
|-resisted|p1a: Weavile
|-damage|p1a: Weavile|11/100
|-enditem|p1a: Weavile|Choice Band|[from] move: Knock Off|[of] p2a: Bandit
|
|-damage|p2a: Bandit|40/100 psn|[from] psn
|upkeep
|turn|23
|
|t:|1758284496
|switch|p2a: Chaos|Heatran, M, shiny|33/100
|move|p1a: Weavile|Triple Axel|p2a: Chaos
|-resisted|p2a: Chaos
|-damage|p2a: Chaos|30/100
|-resisted|p2a: Chaos
|-damage|p2a: Chaos|26/100
|-resisted|p2a: Chaos
|-damage|p2a: Chaos|18/100
|-hitcount|p2a: Chaos|3
|
|upkeep
|turn|24
|
|t:|1758284499
|move|p1a: Weavile|Knock Off|p2a: Chaos
|-crit|p2a: Chaos
|-damage|p2a: Chaos|0 fnt
|faint|p2a: Chaos
|
|upkeep
|
|t:|1758284502
|switch|p2a: Anonymous|Ogerpon, F|100/100
|turn|25
|
|t:|1758284506
|-terastallize|p2a: Anonymous|Grass
|detailschange|p2a: Anonymous|Ogerpon-Teal-Tera, F, tera:Grass
|-ability|p2a: Anonymous|Embody Aspect (Teal)|boost
|-boost|p2a: Anonymous|spe|1
|move|p1a: Weavile|Ice Shard|p2a: Anonymous
|-supereffective|p2a: Anonymous
|-damage|p2a: Anonymous|52/100
|move|p2a: Anonymous|Knock Off|p1a: Weavile
|-resisted|p1a: Weavile
|-damage|p1a: Weavile|0 fnt
|faint|p1a: Weavile
|
|upkeep
|-message|TPX05 forfeited.
|
|win|RoyalGala
|raw|TPX05's rating: 1503 &rarr; <strong>1488</strong><br />(-15 for losing)
|raw|RoyalGala's rating: 1584 &rarr; <strong>1599</strong><br />(+15 for winning)
|l|☆TPX05
|player|p1|
|l|☆RoyalGala
|player|p2|
