|j|☆vghjbjkjnl
|j|☆yasserdudz
|t:|1758377759
|gametype|singles
|player|p1|vghjbjkjnl|steven|1120
|player|p2|yasserdudz|266|1073
|gen|9
|tier|[Gen 9] OU
|rated|
|rule|HP Percentage Mod: HP is shown in percentages
|rule|Endless Battle Clause: Forcing endless battles is banned
|rule|Species Clause: Limit one of each Pokémon
|rule|OHKO Clause: OHKO moves are banned
|rule|Evasion Items Clause: Evasion items are banned
|rule|Evasion Moves Clause: Evasion moves are banned
|rule|Evasion Abilities Clause: Evasion abilities are banned
|rule|Sleep Moves Clause: Sleep-inducing moves are banned
|clearpoke
|poke|p1|Tyranitar, M|
|poke|p1|Excadrill, M|
|poke|p1|Kingambit, M|
|poke|p1|Garchomp, F|
|poke|p1|Pecharunt|
|poke|p1|Rotom-Wash|
|poke|p2|Pelipper, F|
|poke|p2|Deoxys-Defense|
|poke|p2|Ursaluna, M|
|poke|p2|Ditto|
|poke|p2|Toxapex, F|
|poke|p2|Alcremie-Mint-Cream, F|
|teampreview
|inactive|Battle timer is ON: inactive players will automatically lose when time's up. (requested by vghjbjkjnl)
|
|t:|1758377783
|teamsize|p1|6
|teamsize|p2|6
|start
|switch|p1a: Tyranitar|Tyranitar, M|100/100
|switch|p2a: bebou|Alcremie-Mint-Cream, F|100/100
|-weather|Sandstorm|[from] ability: Sand Stream|[of] p1a: Tyranitar
|turn|1
|
|t:|1758377793
|move|p2a: bebou|Acid Armor|p2a: bebou
|-boost|p2a: bebou|def|2
|move|p1a: Tyranitar|Stealth Rock|p2a: bebou
|-sidestart|p2: yasserdudz|move: Stealth Rock
|
|-weather|Sandstorm|[upkeep]
|-damage|p2a: bebou|95/100|[from] Sandstorm
|-heal|p2a: bebou|100/100|[from] item: Leftovers
|upkeep
|turn|2
|
|t:|1758377801
|move|p2a: bebou|Acid Armor|p2a: bebou
|-boost|p2a: bebou|def|2
|move|p1a: Tyranitar|Thunder Wave|p2a: bebou
|-status|p2a: bebou|par
|
|-weather|Sandstorm|[upkeep]
|-damage|p2a: bebou|95/100 par|[from] Sandstorm
|-heal|p2a: bebou|100/100 par|[from] item: Leftovers
|upkeep
|turn|3
|
|t:|1758377811
|switch|p1a: Pecharunt|Pecharunt|100/100
|-item|p1a: Pecharunt|Air Balloon
|move|p2a: bebou|Calm Mind|p2a: bebou
|-boost|p2a: bebou|spa|1
|-boost|p2a: bebou|spd|1
|
|-weather|Sandstorm|[upkeep]
|-damage|p1a: Pecharunt|94/100|[from] Sandstorm
|-damage|p2a: bebou|95/100 par|[from] Sandstorm
|-heal|p2a: bebou|100/100 par|[from] item: Leftovers
|upkeep
|turn|4
|
|t:|1758377821
|move|p1a: Pecharunt|Malignant Chain|p2a: bebou
|-supereffective|p2a: bebou
|-damage|p2a: bebou|54/100 par
|move|p2a: bebou|Stored Power|p1a: Pecharunt
|-supereffective|p1a: Pecharunt
|-damage|p1a: Pecharunt|0 fnt
|-enditem|p1a: Pecharunt|Air Balloon
|faint|p1a: Pecharunt
|
|-weather|Sandstorm|[upkeep]
|-damage|p2a: bebou|48/100 par|[from] Sandstorm
|-heal|p2a: bebou|54/100 par|[from] item: Leftovers
|upkeep
|
|t:|1758377833
|switch|p1a: Kingambit|Kingambit, M|100/100
|-activate|p1a: Kingambit|ability: Supreme Overlord
|-start|p1a: Kingambit|fallen1|[silent]
|turn|5
|
|t:|1758377839
|move|p1a: Kingambit|Iron Head|p2a: bebou
|-supereffective|p2a: bebou
|-damage|p2a: bebou|14/100 par
|move|p2a: bebou|Draining Kiss|p1a: Kingambit
|-damage|p1a: Kingambit|58/100
|-heal|p2a: bebou|57/100 par|[from] drain|[of] p1a: Kingambit
|
|-weather|Sandstorm|[upkeep]
|-damage|p2a: bebou|51/100 par|[from] Sandstorm
|-heal|p2a: bebou|57/100 par|[from] item: Leftovers
|upkeep
|turn|6
|
|t:|1758377849
|move|p1a: Kingambit|Iron Head|p2a: bebou
|-supereffective|p2a: bebou
|-damage|p2a: bebou|15/100 par
|cant|p2a: bebou|flinch
|
|-weather|Sandstorm|[upkeep]
|-damage|p2a: bebou|9/100 par|[from] Sandstorm
|-heal|p2a: bebou|15/100 par|[from] item: Leftovers
|upkeep
|turn|7
|
|t:|1758377857
|move|p1a: Kingambit|Iron Head|p2a: bebou
|-supereffective|p2a: bebou
|-damage|p2a: bebou|0 fnt
|faint|p2a: bebou
|
|-weather|Sandstorm|[upkeep]
|upkeep
|
|t:|1758377870
|switch|p2a: Deoxys|Deoxys-Defense|100/100
|-damage|p2a: Deoxys|88/100|[from] Stealth Rock
|-ability|p2a: Deoxys|Pressure
|turn|8
|
|t:|1758377881
|move|p2a: Deoxys|Trick|p1a: Kingambit
|-activate|p2a: Deoxys|move: Trick|[of] p1a: Kingambit
|-item|p1a: Kingambit|Choice Scarf|[from] move: Trick
|-item|p2a: Deoxys|Black Glasses|[from] move: Trick
|move|p1a: Kingambit|Kowtow Cleave|p2a: Deoxys
|-supereffective|p2a: Deoxys
|-damage|p2a: Deoxys|0 fnt
|faint|p2a: Deoxys
|
|-weather|none
|upkeep
|
|t:|1758377895
|switch|p2a: Pelipper|Pelipper, F|100/100
|-damage|p2a: Pelipper|75/100|[from] Stealth Rock
|-weather|RainDance|[from] ability: Drizzle|[of] p2a: Pelipper
|turn|9
|
|t:|1758377906
|-end|p1a: Kingambit|fallen1|[silent]
|switch|p1a: Tyranitar|Tyranitar, M|100/100
|-weather|Sandstorm|[from] ability: Sand Stream|[of] p1a: Tyranitar
|move|p2a: Pelipper|Weather Ball|p1a: Tyranitar
|-damage|p1a: Tyranitar|82/100
|
|-weather|Sandstorm|[upkeep]
|-damage|p2a: Pelipper|69/100|[from] Sandstorm
|upkeep
|turn|10
|
|t:|1758377918
|switch|p2a: Toxapex|Toxapex, F, shiny|100/100
|-damage|p2a: Toxapex|88/100|[from] Stealth Rock
|move|p1a: Tyranitar|Knock Off|p2a: Toxapex
|-damage|p2a: Toxapex|53/100
|-enditem|p2a: Toxapex|Black Sludge|[from] move: Knock Off|[of] p1a: Tyranitar
|
|-weather|Sandstorm|[upkeep]
|-damage|p2a: Toxapex|47/100|[from] Sandstorm
|upkeep
|turn|11
|
|t:|1758377936
|switch|p1a: Garchomp|Garchomp, F|100/100
|move|p2a: Toxapex|Toxic|p1a: Garchomp
|-status|p1a: Garchomp|tox
|
|-weather|Sandstorm|[upkeep]
|-damage|p2a: Toxapex|40/100|[from] Sandstorm
|-damage|p1a: Garchomp|94/100 tox|[from] psn
|upkeep
|turn|12
|
|t:|1758377956
|move|p1a: Garchomp|Swords Dance|p1a: Garchomp
|-boost|p1a: Garchomp|atk|2
|move|p2a: Toxapex|Haze|p2a: Toxapex
|-clearallboost
|
|-weather|Sandstorm|[upkeep]
|-damage|p2a: Toxapex|34/100|[from] Sandstorm
|-damage|p1a: Garchomp|82/100 tox|[from] psn
|upkeep
|turn|13
|
|t:|1758377965
|move|p1a: Garchomp|Swords Dance|p1a: Garchomp
|-boost|p1a: Garchomp|atk|2
|move|p2a: Toxapex|Poison Jab|p1a: Garchomp
|-resisted|p1a: Garchomp
|-damage|p1a: Garchomp|73/100 tox
|-damage|p2a: Toxapex|22/100|[from] ability: Rough Skin|[of] p1a: Garchomp
|
|-weather|Sandstorm|[upkeep]
|-damage|p2a: Toxapex|15/100|[from] Sandstorm
|-damage|p1a: Garchomp|54/100 tox|[from] psn
|upkeep
|turn|14
|
|t:|1758377975
|move|p1a: Garchomp|Scale Shot|p2a: Toxapex
|-damage|p2a: Toxapex|0 fnt
|faint|p2a: Toxapex
|-hitcount|p2: Toxapex|1
|-unboost|p1a: Garchomp|def|1
|-boost|p1a: Garchomp|spe|1
|
|-weather|Sandstorm|[upkeep]
|-damage|p1a: Garchomp|30/100 tox|[from] psn
|upkeep
|
|t:|1758377994
|switch|p2a: Ditto|Ditto, shiny|100/100
|-damage|p2a: Ditto|88/100|[from] Stealth Rock
|-transform|p2a: Ditto|p1a: Garchomp|[from] ability: Imposter
|turn|15
|
|t:|1758378004
|move|p2a: Ditto|Scale Shot|p1a: Garchomp
|-supereffective|p1a: Garchomp
|-damage|p1a: Garchomp|0 fnt
|faint|p1a: Garchomp
|-hitcount|p1: Garchomp|1
|-unboost|p2a: Ditto|def|1
|-boost|p2a: Ditto|spe|1
|
|-weather|Sandstorm|[upkeep]
|upkeep
|
|t:|1758378014
|switch|p1a: Kingambit|Kingambit, M|58/100
|-activate|p1a: Kingambit|ability: Supreme Overlord
|-start|p1a: Kingambit|fallen2|[silent]
|turn|16
|
|t:|1758378024
|move|p1a: Kingambit|Sucker Punch|p2a: Ditto
|-damage|p2a: Ditto|0 fnt
|-damage|p1a: Kingambit|45/100|[from] ability: Rough Skin|[of] p2a: Ditto
|faint|p2a: Ditto
|
|-weather|none
|upkeep
|
|t:|1758378032
|switch|p2a: Ursaluna|Ursaluna, M|100/100
|-damage|p2a: Ursaluna|94/100|[from] Stealth Rock
|turn|17
|
|t:|1758378052
|move|p1a: Kingambit|Sucker Punch||[still]
|-fail|p1a: Kingambit
|move|p2a: Ursaluna|Bulk Up|p2a: Ursaluna
|-boost|p2a: Ursaluna|atk|1
|-boost|p2a: Ursaluna|def|1
|
|-status|p2a: Ursaluna|tox|[from] item: Toxic Orb
|upkeep
|turn|18
|
|t:|1758378068
|move|p1a: Kingambit|Sucker Punch|p2a: Ursaluna
|-damage|p2a: Ursaluna|72/100 tox
|move|p2a: Ursaluna|Counter|p1a: Kingambit
|-damage|p1a: Kingambit|0 fnt
|faint|p1a: Kingambit
|-end|p1a: Kingambit|fallen2|[silent]
|
|-damage|p2a: Ursaluna|66/100 tox|[from] psn
|upkeep
|inactive|vghjbjkjnl has 120 seconds left.
|
|t:|1758378084
|switch|p1a: Rotom|Rotom-Wash|100/100
|turn|19
|
|t:|1758378090
|move|p1a: Rotom|Hydro Pump|p2a: Ursaluna|[miss]
|-miss|p1a: Rotom|p2a: Ursaluna
|move|p2a: Ursaluna|Facade|p1a: Rotom
|-damage|p1a: Rotom|0 fnt
|faint|p1a: Rotom
|
|-damage|p2a: Ursaluna|53/100 tox|[from] psn
|upkeep
|
|t:|1758378095
|switch|p1a: Tyranitar|Tyranitar, M|82/100
|-weather|Sandstorm|[from] ability: Sand Stream|[of] p1a: Tyranitar
|turn|20
|
|t:|1758378102
|move|p1a: Tyranitar|Ice Beam|p2a: Ursaluna
|-supereffective|p2a: Ursaluna
|-damage|p2a: Ursaluna|25/100 tox
|move|p2a: Ursaluna|Facade|p1a: Tyranitar
|-resisted|p1a: Tyranitar
|-damage|p1a: Tyranitar|19/100
|
|-weather|Sandstorm|[upkeep]
|-damage|p2a: Ursaluna|6/100 tox|[from] psn
|upkeep
|turn|21
|
|t:|1758378113
|move|p1a: Tyranitar|Ice Beam|p2a: Ursaluna
|-supereffective|p2a: Ursaluna
|-damage|p2a: Ursaluna|0 fnt
|faint|p2a: Ursaluna
|
|-weather|Sandstorm|[upkeep]
|upkeep
|
|t:|1758378118
|switch|p2a: Pelipper|Pelipper, F|69/100
|-damage|p2a: Pelipper|44/100|[from] Stealth Rock
|-weather|RainDance|[from] ability: Drizzle|[of] p2a: Pelipper
|turn|22
|
|t:|1758378126
|move|p2a: Pelipper|Weather Ball|p1a: Tyranitar
|-supereffective|p1a: Tyranitar
|-damage|p1a: Tyranitar|0 fnt
|faint|p1a: Tyranitar
|
|-weather|RainDance|[upkeep]
|upkeep
|
|t:|1758378128
|switch|p1a: Excadrill|Excadrill, M|100/100
|turn|23
|
|t:|1758378133
|move|p1a: Excadrill|Rock Slide|p2a: Pelipper
|-supereffective|p2a: Pelipper
|-damage|p2a: Pelipper|0 fnt
|faint|p2a: Pelipper
|-damage|p1a: Excadrill|91/100|[from] item: Life Orb
|
|win|vghjbjkjnl
|raw|vghjbjkjnl's rating: 1120 &rarr; <strong>1142</strong><br />(+22 for winning)
|raw|yasserdudz's rating: 1073 &rarr; <strong>1055</strong><br />(-18 for losing)
|l|☆vghjbjkjnl
|player|p1|
|l|☆yasserdudz
|player|p2|
