|j|☆the voiced concern
|j|☆Worgios
|t:|1758341915
|gametype|singles
|player|p1|the voiced concern|bea|1292
|player|p2|Worgios|swimmerf|1269
|gen|9
|tier|[Gen 9] OU
|rated|
|rule|HP Percentage Mod: HP is shown in percentages
|rule|Endless Battle Clause: Forcing endless battles is banned
|rule|Species Clause: Limit one of each Pokémon
|rule|OHKO Clause: OHKO moves are banned
|rule|Evasion Items Clause: Evasion items are banned
|rule|Evasion Moves Clause: Evasion moves are banned
|rule|Evasion Abilities Clause: Evasion abilities are banned
|rule|Sleep Moves Clause: Sleep-inducing moves are banned
|clearpoke
|poke|p1|Ogerpon-Cornerstone, F|
|poke|p1|Iron Moth|
|poke|p1|Ceruledge, M|
|poke|p1|Rillaboom, M|
|poke|p1|Iron Hands|
|poke|p1|Kingambit, M|
|poke|p2|Incineroar, F|
|poke|p2|Dragapult, F|
|poke|p2|Enamorus, F|
|poke|p2|Dragonite, F|
|poke|p2|Volcanion|
|poke|p2|Great Tusk|
|teampreview
|inactive|Battle timer is ON: inactive players will automatically lose when time's up. (requested by the voiced concern)
|
|t:|1758341930
|teamsize|p1|6
|teamsize|p2|6
|start
|switch|p1a: Ogerpon|Ogerpon-Cornerstone, F|100/100
|switch|p2a: Miauneroar|Incineroar, F, shiny|100/100
|-ability|p2a: Miauneroar|Intimidate|boost
|-unboost|p1a: Ogerpon|atk|1
|turn|1
|
|t:|1758341939
|move|p1a: Ogerpon|Taunt|p2a: Miauneroar
|-start|p2a: Miauneroar|move: Taunt
|move|p2a: Miauneroar|Knock Off|p1a: Ogerpon
|-damage|p1a: Ogerpon|67/100
|
|upkeep
|turn|2
|
|t:|1758341949
|move|p1a: Ogerpon|Ivy Cudgel|p2a: Miauneroar|[anim] Ivy Cudgel Rock
|-supereffective|p2a: Miauneroar
|-crit|p2a: Miauneroar
|-damage|p2a: Miauneroar|0 fnt
|faint|p2a: Miauneroar
|
|upkeep
|
|t:|1758341952
|switch|p2a: Tabaluga|Dragonite, F, shiny|100/100
|turn|3
|
|t:|1758341955
|move|p1a: Ogerpon|Taunt|p2a: Tabaluga
|-start|p2a: Tabaluga|move: Taunt
|cant|p2a: Tabaluga|move: Taunt|Dragon Dance
|
|upkeep
|turn|4
|
|t:|1758341964
|switch|p2a: Manni|Great Tusk, shiny|100/100
|move|p1a: Ogerpon|Ivy Cudgel|p2a: Manni|[anim] Ivy Cudgel Rock
|-resisted|p2a: Manni
|-damage|p2a: Manni|95/100
|
|upkeep
|turn|5
|
|t:|1758341973
|move|p1a: Ogerpon|Power Whip|p2a: Manni
|-supereffective|p2a: Manni
|-damage|p2a: Manni|38/100
|move|p2a: Manni|Earthquake|p1a: Ogerpon
|-damage|p1a: Ogerpon|9/100
|
|upkeep
|turn|6
|
|t:|1758341979
|move|p1a: Ogerpon|Spikes|p2a: Manni
|-sidestart|p2: Worgios|Spikes
|move|p2a: Manni|Rapid Spin|p1a: Ogerpon
|-resisted|p1a: Ogerpon
|-damage|p1a: Ogerpon|0 fnt
|-boost|p2a: Manni|spe|1
|-sideend|p2: Worgios|Spikes|[from] move: Rapid Spin|[of] p2a: Manni
|faint|p1a: Ogerpon
|
|upkeep
|
|t:|1758342003
|switch|p1a: Iron Moth|Iron Moth|100/100
|-enditem|p1a: Iron Moth|Booster Energy
|-activate|p1a: Iron Moth|ability: Quark Drive|[fromitem]
|-start|p1a: Iron Moth|quarkdrivespe
|turn|7
|
|t:|1758342010
|move|p1a: Iron Moth|Fiery Dance|p2a: Manni
|-damage|p2a: Manni|3/100
|-boost|p1a: Iron Moth|spa|1
|move|p2a: Manni|Earthquake|p1a: Iron Moth
|-supereffective|p1a: Iron Moth
|-damage|p1a: Iron Moth|0 fnt
|faint|p1a: Iron Moth
|-end|p1a: Iron Moth|Quark Drive|[silent]
|
|upkeep
|
|t:|1758342019
|switch|p1a: Rillaboom|Rillaboom, M|100/100
|-fieldstart|move: Grassy Terrain|[from] ability: Grassy Surge|[of] p1a: Rillaboom
|turn|8
|
|t:|1758342024
|move|p1a: Rillaboom|Grassy Glide|p2a: Manni
|-supereffective|p2a: Manni
|-damage|p2a: Manni|0 fnt
|faint|p2a: Manni
|-end|p2a: Manni|Protosynthesis|[silent]
|-damage|p1a: Rillaboom|91/100|[from] item: Life Orb
|
|-heal|p1a: Rillaboom|97/100|[from] Grassy Terrain
|upkeep
|
|t:|1758342039
|switch|p2a: Tabaluga|Dragonite, F, shiny|100/100
|turn|9
|
|t:|1758342050
|switch|p1a: Iron Hands|Iron Hands|100/100
|move|p2a: Tabaluga|Dragon Dance|p2a: Tabaluga
|-boost|p2a: Tabaluga|atk|1
|-boost|p2a: Tabaluga|spe|1
|
|upkeep
|turn|10
|
|t:|1758342057
|move|p2a: Tabaluga|Dragon Dance|p2a: Tabaluga
|-boost|p2a: Tabaluga|atk|1
|-boost|p2a: Tabaluga|spe|1
|move|p1a: Iron Hands|Ice Punch|p2a: Tabaluga
|-supereffective|p2a: Tabaluga
|-damage|p2a: Tabaluga|46/100
|-enditem|p2a: Tabaluga|Weakness Policy
|-boost|p2a: Tabaluga|atk|2|[from] item: Weakness Policy
|-boost|p2a: Tabaluga|spa|2|[from] item: Weakness Policy
|
|upkeep
|turn|11
|
|t:|1758342067
|move|p2a: Tabaluga|Earthquake|p1a: Iron Hands
|-supereffective|p1a: Iron Hands
|-crit|p1a: Iron Hands
|-damage|p1a: Iron Hands|0 fnt
|faint|p1a: Iron Hands
|-end|p1a: Iron Hands|Quark Drive|[silent]
|
|upkeep
|
|t:|1758342075
|switch|p1a: Ceruledge|Ceruledge, M, shiny|100/100
|turn|12
|
|t:|1758342081
|-terastallize|p1a: Ceruledge|Flying
|move|p2a: Tabaluga|Earthquake|p1a: Ceruledge
|-immune|p1a: Ceruledge
|move|p1a: Ceruledge|Swords Dance|p1a: Ceruledge
|-boost|p1a: Ceruledge|atk|2
|
|-fieldend|move: Grassy Terrain
|upkeep
|turn|13
|
|t:|1758342102
|move|p2a: Tabaluga|Ice Spinner|p1a: Ceruledge
|-supereffective|p1a: Ceruledge
|-enditem|p1a: Ceruledge|Focus Sash
|-damage|p1a: Ceruledge|1/100
|-ability|p1a: Ceruledge|Weak Armor|boost
|-unboost|p1a: Ceruledge|def|1
|-boost|p1a: Ceruledge|spe|2
|move|p1a: Ceruledge|Swords Dance|p1a: Ceruledge
|-boost|p1a: Ceruledge|atk|2
|
|upkeep
|turn|14
|inactive|the voiced concern has 120 seconds left.
|
|t:|1758342125
|move|p1a: Ceruledge|Bitter Blade|p2a: Tabaluga
|-resisted|p2a: Tabaluga
|-damage|p2a: Tabaluga|0 fnt
|-heal|p1a: Ceruledge|31/100|[from] drain|[of] p2a: Tabaluga
|faint|p2a: Tabaluga
|
|upkeep
|
|t:|1758342132
|switch|p2a: Vulkan|Volcanion|100/100
|turn|15
|
|t:|1758342147
|move|p1a: Ceruledge|Poltergeist|p2a: Vulkan
|-activate|p2a: Vulkan|move: Poltergeist|Assault Vest
|-damage|p2a: Vulkan|0 fnt
|faint|p2a: Vulkan
|
|upkeep
|
|t:|1758342150
|switch|p2a: Lilly Fee|Enamorus, F, shiny|100/100
|turn|16
|inactive|Worgios has 120 seconds left.
|inactive|Worgios has 90 seconds left.
|
|t:|1758342226
|-terastallize|p2a: Lilly Fee|Stellar
|move|p1a: Ceruledge|Poltergeist|p2a: Lilly Fee
|-activate|p2a: Lilly Fee|move: Poltergeist|Choice Scarf
|-damage|p2a: Lilly Fee|0 fnt
|faint|p2a: Lilly Fee
|
|upkeep
|
|t:|1758342228
|switch|p2a: Rex|Dragapult, F, shiny|100/100
|turn|17
|
|t:|1758342234
|move|p1a: Ceruledge|Shadow Sneak|p2a: Rex
|-supereffective|p2a: Rex
|-damage|p2a: Rex|0 fnt
|faint|p2a: Rex
|
|win|the voiced concern
|raw|the voiced concern's rating: 1292 &rarr; <strong>1315</strong><br />(+23 for winning)
|raw|Worgios's rating: 1269 &rarr; <strong>1246</strong><br />(-23 for losing)
|l|☆the voiced concern
|player|p1|
|l|☆Worgios
|player|p2|
