|j|☆shrek5baby
|j|☆GFYSYDAR
|t:|1758309666
|gametype|singles
|player|p1|shrek5baby|169|1260
|player|p2|GFYSYDAR|scientist-gen4dp|1302
|gen|9
|tier|[Gen 9] OU
|rated|
|rule|HP Percentage Mod: HP is shown in percentages
|rule|Endless Battle Clause: Forcing endless battles is banned
|rule|Species Clause: Limit one of each Pokémon
|rule|OHKO Clause: OHKO moves are banned
|rule|Evasion Items Clause: Evasion items are banned
|rule|Evasion Moves Clause: Evasion moves are banned
|rule|Evasion Abilities Clause: Evasion abilities are banned
|rule|Sleep Moves Clause: Sleep-inducing moves are banned
|clearpoke
|poke|p1|Gholdengo|
|poke|p1|Gliscor, M|
|poke|p1|Cinderace, F|
|poke|p1|Lokix, F|
|poke|p1|Primarina, M|
|poke|p1|Kingambit, F|
|poke|p2|Electrode-Hisui|
|poke|p2|Gallade, M|
|poke|p2|Slowking-Galar, F|
|poke|p2|Alomomola, M|
|poke|p2|Great Tusk|
|poke|p2|Landorus-Therian, M|
|teampreview
|inactive|Battle timer is ON: inactive players will automatically lose when time's up. (requested by shrek5baby)
|
|t:|1758309678
|teamsize|p1|6
|teamsize|p2|6
|start
|switch|p1a: Lokix|Lokix, F|100/100
|switch|p2a: Electrode|Electrode-Hisui, shiny|100/100
|turn|1
|
|t:|1758309684
|switch|p2a: Landorus|Landorus-Therian, M|100/100
|-ability|p2a: Landorus|Intimidate|boost
|-unboost|p1a: Lokix|atk|1
|move|p1a: Lokix|First Impression|p2a: Landorus
|-resisted|p2a: Landorus
|-damage|p2a: Landorus|77/100
|-damage|p1a: Lokix|84/100|[from] item: Rocky Helmet|[of] p2a: Landorus
|-damage|p1a: Lokix|74/100|[from] item: Life Orb
|
|upkeep
|turn|2
|
|t:|1758309695
|move|p1a: Lokix|Knock Off|p2a: Landorus
|-damage|p2a: Landorus|51/100
|-damage|p1a: Lokix|57/100|[from] item: Rocky Helmet|[of] p2a: Landorus
|-enditem|p2a: Landorus|Rocky Helmet|[from] move: Knock Off|[of] p1a: Lokix
|-damage|p1a: Lokix|47/100|[from] item: Life Orb
|move|p2a: Landorus|Stealth Rock|p1a: Lokix
|-sidestart|p1: shrek5baby|move: Stealth Rock
|
|upkeep
|turn|3
|
|t:|1758309704
|move|p1a: Lokix|U-turn|p2a: Landorus
|-resisted|p2a: Landorus
|-damage|p2a: Landorus|31/100
|-damage|p1a: Lokix|38/100|[from] item: Life Orb
|
|t:|1758309712
|switch|p1a: Gliscor|Gliscor, M|100/100|[from] U-turn
|-damage|p1a: Gliscor|88/100|[from] Stealth Rock
|move|p2a: Landorus|U-turn|p1a: Gliscor
|-resisted|p1a: Gliscor
|-damage|p1a: Gliscor|77/100
|
|t:|1758309722
|switch|p2a: Electrode|Electrode-Hisui, shiny|100/100|[from] U-turn
|
|-status|p1a: Gliscor|tox|[from] item: Toxic Orb
|upkeep
|turn|4
|
|t:|1758309748
|move|p2a: Electrode|Leaf Storm|p1a: Gliscor
|-damage|p1a: Gliscor|0 fnt
|-unboost|p2a: Electrode|spa|2
|faint|p1a: Gliscor
|
|upkeep
|
|t:|1758309754
|switch|p1a: Cinderace|Cinderace, F|100/100
|turn|5
|
|t:|1758309758
|switch|p2a: Landorus|Landorus-Therian, M|31/100
|-ability|p2a: Landorus|Intimidate|boost
|-unboost|p1a: Cinderace|atk|1
|move|p1a: Cinderace|Court Change|p1a: Cinderace
|-start|p1a: Cinderace|typechange|Normal|[from] ability: Libero
|-swapsideconditions
|-activate|p1a: Cinderace|move: Court Change
|
|upkeep
|turn|6
|
|t:|1758309767
|move|p1a: Cinderace|Pyro Ball|p2a: Landorus
|-damage|p2a: Landorus|13/100
|move|p2a: Landorus|Stealth Rock|p1a: Cinderace
|-sidestart|p1: shrek5baby|move: Stealth Rock
|
|upkeep
|turn|7
|
|t:|1758309773
|switch|p2a: Alomomola|Alomomola, M, shiny|100/100
|move|p1a: Cinderace|Pyro Ball|p2a: Alomomola|[miss]
|-miss|p1a: Cinderace|p2a: Alomomola
|
|upkeep
|turn|8
|
|t:|1758309784
|move|p1a: Cinderace|Gunk Shot|p2a: Alomomola
|-damage|p2a: Alomomola|88/100
|move|p2a: Alomomola|Wish|p2a: Alomomola
|
|upkeep
|turn|9
|
|t:|1758309792
|move|p1a: Cinderace|Gunk Shot|p2a: Alomomola
|-crit|p2a: Alomomola
|-damage|p2a: Alomomola|57/100
|move|p2a: Alomomola|Flip Turn|p1a: Cinderace
|-damage|p1a: Cinderace|78/100
|
|t:|1758309798
|switch|p2a: Landorus|Landorus-Therian, M|13/100|[from] Flip Turn
|-damage|p2a: Landorus|1/100|[from] Stealth Rock
|-ability|p2a: Landorus|Intimidate|boost
|-unboost|p1a: Cinderace|atk|1
|
|-heal|p2a: Landorus|73/100|[from] move: Wish|[wisher] Alomomola
|upkeep
|turn|10
|
|t:|1758309812
|switch|p1a: Lokix|Lokix, F|38/100
|-damage|p1a: Lokix|13/100|[from] Stealth Rock
|switch|p2a: Alomomola|Alomomola, M, shiny|90/100
|
|upkeep
|turn|11
|
|t:|1758309819
|move|p1a: Lokix|Knock Off|p2a: Alomomola
|-damage|p2a: Alomomola|63/100
|-enditem|p2a: Alomomola|Heavy-Duty Boots|[from] move: Knock Off|[of] p1a: Lokix
|-damage|p1a: Lokix|3/100|[from] item: Life Orb
|move|p2a: Alomomola|Flip Turn|p1a: Lokix
|-damage|p1a: Lokix|0 fnt
|faint|p1a: Lokix
|
|t:|1758309829
|switch|p2a: Gallade|Gallade, M, shiny|100/100|[from] Flip Turn
|-damage|p2a: Gallade|94/100|[from] Stealth Rock
|
|upkeep
|
|t:|1758309854
|switch|p1a: Gholdengo|Gholdengo|100/100
|-damage|p1a: Gholdengo|94/100|[from] Stealth Rock
|turn|12
|
|t:|1758309869
|-terastallize|p2a: Gallade|Fairy
|move|p1a: Gholdengo|Shadow Ball|p2a: Gallade
|-damage|p2a: Gallade|45/100
|move|p2a: Gallade|Knock Off|p1a: Gholdengo
|-supereffective|p1a: Gholdengo
|-damage|p1a: Gholdengo|0 fnt
|-enditem|p1a: Gholdengo|Choice Scarf|[from] move: Knock Off|[of] p2a: Gallade
|faint|p1a: Gholdengo
|
|upkeep
|
|t:|1758309882
|switch|p1a: Cinderace|Cinderace, F|78/100
|turn|13
|
|t:|1758309886
|switch|p1a: Primarina|Primarina, M|100/100
|-damage|p1a: Primarina|88/100|[from] Stealth Rock
|switch|p2a: Alomomola|Alomomola, M, shiny|97/100
|-damage|p2a: Alomomola|84/100|[from] Stealth Rock
|
|upkeep
|turn|14
|
|t:|1758309896
|switch|p2a: Slowking|Slowking-Galar, F|100/100
|move|p1a: Primarina|Moonblast|p2a: Slowking
|-resisted|p2a: Slowking
|-damage|p2a: Slowking|86/100
|-unboost|p2a: Slowking|spa|1
|
|upkeep
|turn|15
|
|t:|1758309903
|move|p1a: Primarina|Hydro Pump|p2a: Slowking
|-damage|p2a: Slowking|50/100
|-prepare|p2a: Slowking|Chilly Reception|[premajor]
|move|p2a: Slowking|Chilly Reception|p2a: Slowking
|-weather|Snowscape
|
|t:|1758309909
|switch|p2a: Gallade|Gallade, M, shiny, tera:Fairy|45/100|[from] Chilly Reception
|-damage|p2a: Gallade|33/100|[from] Stealth Rock
|
|-weather|Snowscape|[upkeep]
|upkeep
|turn|16
|
|t:|1758309917
|move|p2a: Gallade|Psycho Cut|p1a: Primarina
|-crit|p1a: Primarina
|-damage|p1a: Primarina|0 fnt
|faint|p1a: Primarina
|
|-weather|Snowscape|[upkeep]
|upkeep
|
|t:|1758309922
|switch|p1a: Cinderace|Cinderace, F|78/100
|turn|17
|
|t:|1758309932
|switch|p2a: Alomomola|Alomomola, M, shiny|100/100
|-damage|p2a: Alomomola|88/100|[from] Stealth Rock
|move|p1a: Cinderace|Pyro Ball|p2a: Alomomola
|-resisted|p2a: Alomomola
|-damage|p2a: Alomomola|73/100
|
|-weather|Snowscape|[upkeep]
|upkeep
|turn|18
|
|t:|1758309940
|move|p1a: Cinderace|High Jump Kick|p2a: Alomomola
|-start|p1a: Cinderace|typechange|Fighting|[from] ability: Libero
|-damage|p2a: Alomomola|39/100
|move|p2a: Alomomola|Wish|p2a: Alomomola
|
|-weather|Snowscape|[upkeep]
|upkeep
|turn|19
|
|t:|1758309949
|switch|p1a: Kingambit|Kingambit, F|100/100
|-damage|p1a: Kingambit|94/100|[from] Stealth Rock
|-activate|p1a: Kingambit|ability: Supreme Overlord
|-start|p1a: Kingambit|fallen4|[silent]
|move|p2a: Alomomola|Flip Turn|p1a: Kingambit
|-damage|p1a: Kingambit|82/100
|
|t:|1758309957
|switch|p2a: Gallade|Gallade, M, shiny, tera:Fairy|33/100|[from] Flip Turn
|-damage|p2a: Gallade|20/100|[from] Stealth Rock
|
|-weather|none
|-heal|p2a: Gallade|100/100|[from] move: Wish|[wisher] Alomomola
|upkeep
|turn|20
|
|t:|1758309967
|move|p2a: Gallade|Sacred Sword|p1a: Kingambit
|-supereffective|p1a: Kingambit
|-damage|p1a: Kingambit|0 fnt
|faint|p1a: Kingambit
|-end|p1a: Kingambit|fallen4|[silent]
|
|upkeep
|
|t:|1758309970
|switch|p1a: Cinderace|Cinderace, F|78/100
|turn|21
|
|t:|1758309975
|switch|p2a: Alomomola|Alomomola, M, shiny|72/100
|-damage|p2a: Alomomola|60/100|[from] Stealth Rock
|move|p1a: Cinderace|Gunk Shot|p2a: Alomomola
|-start|p1a: Cinderace|typechange|Poison|[from] ability: Libero
|-damage|p2a: Alomomola|29/100
|
|upkeep
|turn|22
|
|t:|1758309985
|switch|p2a: Landorus|Landorus-Therian, M|73/100
|-damage|p2a: Landorus|61/100|[from] Stealth Rock
|-ability|p2a: Landorus|Intimidate|boost
|-unboost|p1a: Cinderace|atk|1
|move|p1a: Cinderace|Gunk Shot|p2a: Landorus
|-resisted|p2a: Landorus
|-damage|p2a: Landorus|48/100
|
|upkeep
|turn|23
|
|t:|1758309994
|-terastallize|p1a: Cinderace|Flying
|move|p1a: Cinderace|Pyro Ball|p2a: Landorus
|-crit|p2a: Landorus
|-damage|p2a: Landorus|5/100
|-status|p2a: Landorus|brn
|move|p2a: Landorus|U-turn|p1a: Cinderace
|-resisted|p1a: Cinderace
|-damage|p1a: Cinderace|70/100
|
|t:|1758310003
|switch|p2a: Great Tusk|Great Tusk|100/100|[from] U-turn
|
|upkeep
|turn|24
|
|t:|1758310010
|move|p1a: Cinderace|Pyro Ball|p2a: Great Tusk
|-damage|p2a: Great Tusk|82/100
|move|p2a: Great Tusk|Rapid Spin|p1a: Cinderace
|-damage|p1a: Cinderace|43/100
|-boost|p2a: Great Tusk|spe|1
|-sideend|p2: GFYSYDAR|Stealth Rock|[from] move: Rapid Spin|[of] p2a: Great Tusk
|
|upkeep
|turn|25
|c|☆GFYSYDAR|Sorry for the 6-0
|
|t:|1758310019
|move|p2a: Great Tusk|Head Smash|p1a: Cinderace|[miss]
|-miss|p2a: Great Tusk|p1a: Cinderace
|move|p1a: Cinderace|Pyro Ball|p2a: Great Tusk
|-damage|p2a: Great Tusk|63/100
|-status|p2a: Great Tusk|brn
|
|-damage|p2a: Great Tusk|57/100 brn|[from] brn
|upkeep
|turn|26
|
|t:|1758310030
|move|p2a: Great Tusk|Head Smash|p1a: Cinderace
|-supereffective|p1a: Cinderace
|-damage|p1a: Cinderace|0 fnt
|faint|p1a: Cinderace
|-damage|p2a: Great Tusk|40/100 brn|[from] Recoil
|
|win|GFYSYDAR
|raw|shrek5baby's rating: 1260 &rarr; <strong>1238</strong><br />(-22 for losing)
|raw|GFYSYDAR's rating: 1302 &rarr; <strong>1320</strong><br />(+18 for winning)
|l|☆shrek5baby
|player|p1|
