|j|☆avenacaroni
|j|☆bishop1
|t:|1758270521
|gametype|singles
|player|p1|avenacaroni|caitlin|1378
|player|p2|bishop1|265|1469
|gen|9
|tier|[Gen 9] OU
|rated|
|rule|HP Percentage Mod: HP is shown in percentages
|rule|Endless Battle Clause: Forcing endless battles is banned
|rule|Species Clause: Limit one of each Pokémon
|rule|OHKO Clause: OHKO moves are banned
|rule|Evasion Items Clause: Evasion items are banned
|rule|Evasion Moves Clause: Evasion moves are banned
|rule|Evasion Abilities Clause: Evasion abilities are banned
|rule|Sleep Moves Clause: Sleep-inducing moves are banned
|clearpoke
|poke|p1|Infernape, M|
|poke|p1|Garchomp, M|
|poke|p1|Gyarados, M|
|poke|p1|Electivire, F|
|poke|p1|Scizor, F|
|poke|p1|Gengar, M|
|poke|p2|Zamazenta-*|
|poke|p2|Ninetales-Alola, F|
|poke|p2|Darkrai|
|poke|p2|Ceruledge, M|
|poke|p2|Gliscor, M|
|poke|p2|Hatterene, F|
|teampreview
|
|t:|1758270538
|teamsize|p1|6
|teamsize|p2|6
|start
|switch|p1a: Sasha|Scizor, F|100/100
|switch|p2a: Ceruledge|Ceruledge, M|100/100
|turn|1
|
|t:|1758270551
|switch|p2a: Ninetales|Ninetales-Alola, F|100/100
|-weather|Snowscape|[from] ability: Snow Warning|[of] p2a: Ninetales
|switch|p1a: Gyro|Gyarados, M|100/100
|-ability|p1a: Gyro|Intimidate|boost
|-unboost|p2a: Ninetales|atk|1
|
|-weather|Snowscape|[upkeep]
|upkeep
|turn|2
|
|t:|1758270578
|switch|p1a: Sasha|Scizor, F|100/100
|move|p2a: Ninetales|Aurora Veil|p2a: Ninetales
|-sidestart|p2: bishop1|move: Aurora Veil
|
|-weather|Snowscape|[upkeep]
|upkeep
|turn|3
|
|t:|1758270593
|switch|p2a: Hatterene|Hatterene, F|100/100
|move|p1a: Sasha|Knock Off|p2a: Hatterene
|-damage|p2a: Hatterene|78/100
|-enditem|p2a: Hatterene|Leftovers|[from] move: Knock Off|[of] p1a: Sasha
|
|-weather|Snowscape|[upkeep]
|upkeep
|turn|4
|
|t:|1758270634
|switch|p1a: Clover|Gengar, M|100/100
|-item|p1a: Clover|Air Balloon
|switch|p2a: Gliscor|Gliscor, M|100/100
|
|-weather|Snowscape|[upkeep]
|-status|p2a: Gliscor|tox|[from] item: Toxic Orb
|upkeep
|turn|5
|
|t:|1758270645
|switch|p2a: Darkrai|Darkrai|100/100
|move|p1a: Clover|Hex|p2a: Darkrai
|-resisted|p2a: Darkrai
|-damage|p2a: Darkrai|90/100
|
|-weather|none
|-heal|p2a: Darkrai|96/100|[from] item: Leftovers
|upkeep
|turn|6
|
|t:|1758270674
|-terastallize|p1a: Clover|Fairy
|move|p2a: Darkrai|Nasty Plot|p2a: Darkrai
|-boost|p2a: Darkrai|spa|2
|move|p1a: Clover|Dazzling Gleam|p2a: Darkrai
|-supereffective|p2a: Darkrai
|-damage|p2a: Darkrai|43/100
|
|-heal|p2a: Darkrai|49/100|[from] item: Leftovers
|upkeep
|turn|7
|
|t:|1758270692
|move|p2a: Darkrai|Psyshock|p1a: Clover
|-damage|p1a: Clover|0 fnt
|-enditem|p1a: Clover|Air Balloon
|faint|p1a: Clover
|
|-heal|p2a: Darkrai|55/100|[from] item: Leftovers
|upkeep
|
|t:|1758270746
|switch|p1a: Inferno|Infernape, M|100/100
|turn|8
|
|t:|1758270754
|move|p2a: Darkrai|Psyshock|p1a: Inferno
|-supereffective|p1a: Inferno
|-enditem|p1a: Inferno|Focus Sash
|-damage|p1a: Inferno|1/100
|move|p1a: Inferno|Aura Sphere|p2a: Darkrai
|-supereffective|p2a: Darkrai
|-damage|p2a: Darkrai|5/100
|
|-heal|p2a: Darkrai|11/100|[from] item: Leftovers
|upkeep
|turn|9
|
|t:|1758270763
|move|p2a: Darkrai|Dark Pulse|p1a: Inferno
|-resisted|p1a: Inferno
|-crit|p1a: Inferno
|-damage|p1a: Inferno|0 fnt
|faint|p1a: Inferno
|
|-heal|p2a: Darkrai|17/100|[from] item: Leftovers
|-sideend|p2: bishop1|move: Aurora Veil
|upkeep
|
|t:|1758270766
|switch|p1a: Sasha|Scizor, F|100/100
|turn|10
|
|t:|1758270775
|move|p1a: Sasha|Bullet Punch|p2a: Darkrai
|-damage|p2a: Darkrai|0 fnt
|faint|p2a: Darkrai
|
|upkeep
|
|t:|1758270779
|switch|p2a: Ceruledge|Ceruledge, M|100/100
|turn|11
|
|t:|1758270812
|move|p1a: Sasha|Bullet Punch|p2a: Ceruledge
|-resisted|p2a: Ceruledge
|-crit|p2a: Ceruledge
|-damage|p2a: Ceruledge|55/100
|move|p2a: Ceruledge|Bitter Blade|p1a: Sasha
|-supereffective|p1a: Sasha
|-damage|p1a: Sasha|0 fnt
|-heal|p2a: Ceruledge|99/100|[from] drain|[of] p1a: Sasha
|faint|p1a: Sasha
|
|upkeep
|
|t:|1758270822
|switch|p1a: Gyro|Gyarados, M|100/100
|-ability|p1a: Gyro|Intimidate|boost
|-unboost|p2a: Ceruledge|atk|1
|turn|12
|
|t:|1758270826
|switch|p2a: Ninetales|Ninetales-Alola, F|100/100
|-weather|Snowscape|[from] ability: Snow Warning|[of] p2a: Ninetales
|move|p1a: Gyro|Dragon Dance|p1a: Gyro
|-boost|p1a: Gyro|atk|1
|-boost|p1a: Gyro|spe|1
|
|-weather|Snowscape|[upkeep]
|upkeep
|turn|13
|
|t:|1758270835
|move|p1a: Gyro|Waterfall|p2a: Ninetales
|-damage|p2a: Ninetales|49/100
|move|p2a: Ninetales|Aurora Veil|p2a: Ninetales
|-sidestart|p2: bishop1|move: Aurora Veil
|
|-weather|Snowscape|[upkeep]
|upkeep
|turn|14
|
|t:|1758270858
|switch|p1a: Evie|Electivire, F|100/100
|move|p2a: Ninetales|Freeze-Dry|p1a: Evie
|-damage|p1a: Evie|72/100
|
|-weather|Snowscape|[upkeep]
|-heal|p1a: Evie|78/100|[from] item: Leftovers
|upkeep
|turn|15
|
|t:|1758270868
|switch|p2a: Gliscor|Gliscor, M|100/100 tox
|move|p1a: Evie|Bulk Up|p1a: Evie
|-boost|p1a: Evie|atk|1
|-boost|p1a: Evie|def|1
|
|-weather|Snowscape|[upkeep]
|-heal|p1a: Evie|84/100|[from] item: Leftovers
|upkeep
|turn|16
|
|t:|1758270887
|switch|p1a: Gyro|Gyarados, M|100/100
|-ability|p1a: Gyro|Intimidate|boost
|-unboost|p2a: Gliscor|atk|1
|move|p2a: Gliscor|Agility|p2a: Gliscor
|-boost|p2a: Gliscor|spe|2
|
|-weather|none
|upkeep
|turn|17
|
|t:|1758270899
|-terastallize|p2a: Gliscor|Normal
|move|p2a: Gliscor|Swords Dance|p2a: Gliscor
|-boost|p2a: Gliscor|atk|2
|move|p1a: Gyro|Waterfall|p2a: Gliscor
|-damage|p2a: Gliscor|84/100 tox
|
|-heal|p2a: Gliscor|97/100 tox|[from] ability: Poison Heal
|upkeep
|turn|18
|
|t:|1758270913
|move|p2a: Gliscor|Swords Dance|p2a: Gliscor
|-boost|p2a: Gliscor|atk|2
|move|p1a: Gyro|Waterfall|p2a: Gliscor
|-damage|p2a: Gliscor|81/100 tox
|
|-heal|p2a: Gliscor|94/100 tox|[from] ability: Poison Heal
|upkeep
|turn|19
|-message|avenacaroni forfeited.
|
|win|bishop1
|raw|avenacaroni's rating: 1378 &rarr; <strong>1363</strong><br />(-15 for losing)
|raw|bishop1's rating: 1469 &rarr; <strong>1484</strong><br />(+15 for winning)
|l|☆avenacaroni
|player|p1|
|l|☆bishop1
|player|p2|
