|j|☆banjin
|j|☆Mr.Vcard
|t:|1758323635
|gametype|singles
|player|p1|banjin|beauty-gen6xy|1382
|player|p2|Mr.Vcard|101|1468
|gen|9
|tier|[Gen 9] OU
|rated|
|rule|HP Percentage Mod: HP is shown in percentages
|rule|Endless Battle Clause: Forcing endless battles is banned
|rule|Species Clause: Limit one of each Pokémon
|rule|OHKO Clause: OHKO moves are banned
|rule|Evasion Items Clause: Evasion items are banned
|rule|Evasion Moves Clause: Evasion moves are banned
|rule|Evasion Abilities Clause: Evasion abilities are banned
|rule|Sleep Moves Clause: Sleep-inducing moves are banned
|clearpoke
|poke|p1|Minior-Blue|
|poke|p1|Lokix, F|
|poke|p1|Thundurus-Therian, M|
|poke|p1|Muk-Alola, M|
|poke|p1|Emboar, F|
|poke|p1|Ditto|
|poke|p2|Primarina, M|
|poke|p2|Great Tusk|
|poke|p2|Kingambit, M|
|poke|p2|Slowking-Galar, M|
|poke|p2|Ogerpon, F|
|poke|p2|Enamorus, F|
|teampreview
|inactive|Battle timer is ON: inactive players will automatically lose when time's up. (requested by banjin)
|
|t:|1758323639
|teamsize|p1|6
|teamsize|p2|6
|start
|switch|p1a: Paws|Thundurus-Therian, M|100/100
|switch|p2a: Behemoth|Great Tusk, shiny|100/100
|turn|1
|
|t:|1758323641
|move|p1a: Paws|Grass Knot|p2a: Behemoth
|-supereffective|p2a: Behemoth
|-damage|p2a: Behemoth|0 fnt
|-damage|p1a: Paws|84/100|[from] item: Rocky Helmet|[of] p2a: Behemoth
|faint|p2a: Behemoth
|-end|p2a: Behemoth|Protosynthesis|[silent]
|
|upkeep
|
|t:|1758323649
|switch|p2a: Anonymous|Ogerpon, F|100/100
|turn|2
|
|t:|1758323654
|move|p2a: Anonymous|Rock Tomb|p1a: Paws
|-supereffective|p1a: Paws
|-damage|p1a: Paws|0 fnt
|faint|p1a: Paws
|
|upkeep
|
|t:|1758323663
|switch|p1a: Beppo|Muk-Alola, M|100/100
|turn|3
|
|t:|1758323673
|switch|p2a: Mantra|Slowking-Galar, M, shiny|100/100
|move|p1a: Beppo|Drain Punch|p2a: Mantra
|-resisted|p2a: Mantra
|-damage|p2a: Mantra|96/100
|
|upkeep
|turn|4
|
|t:|1758323684
|move|p1a: Beppo|Knock Off|p2a: Mantra
|-supereffective|p2a: Mantra
|-damage|p2a: Mantra|21/100
|-enditem|p2a: Mantra|Assault Vest|[from] move: Knock Off|[of] p1a: Beppo
|move|p2a: Mantra|Flamethrower|p1a: Beppo
|-crit|p1a: Beppo
|-damage|p1a: Beppo|75/100
|
|upkeep
|turn|5
|
|t:|1758323703
|move|p1a: Beppo|Poison Jab|p2a: Mantra
|-resisted|p2a: Mantra
|-damage|p2a: Mantra|6/100
|move|p2a: Mantra|Flamethrower|p1a: Beppo
|-damage|p1a: Beppo|56/100
|
|upkeep
|turn|6
|
|t:|1758323710
|move|p1a: Beppo|Poison Jab|p2a: Mantra
|-resisted|p2a: Mantra
|-damage|p2a: Mantra|0 fnt
|faint|p2a: Mantra
|
|upkeep
|
|t:|1758323715
|switch|p2a: Overgod|Kingambit, M, shiny|100/100
|-activate|p2a: Overgod|ability: Supreme Overlord
|-start|p2a: Overgod|fallen2|[silent]
|turn|7
|
|t:|1758323718
|move|p1a: Beppo|Drain Punch|p2a: Overgod
|-supereffective|p2a: Overgod
|-damage|p2a: Overgod|25/100
|-heal|p1a: Beppo|92/100|[from] drain|[of] p2a: Overgod
|move|p2a: Overgod|Swords Dance|p2a: Overgod
|-boost|p2a: Overgod|atk|2
|
|-heal|p2a: Overgod|31/100|[from] item: Leftovers
|upkeep
|turn|8
|
|t:|1758323732
|move|p2a: Overgod|Iron Head|p1a: Beppo
|-damage|p1a: Beppo|0 fnt
|faint|p1a: Beppo
|
|-heal|p2a: Overgod|37/100|[from] item: Leftovers
|upkeep
|
|t:|1758323735
|switch|p1a: Katy|Lokix, F|100/100
|turn|9
|
|t:|1758323747
|-end|p2a: Overgod|fallen2|[silent]
|switch|p2a: Celestine|Primarina, M, shiny|100/100
|move|p1a: Katy|First Impression|p2a: Celestine
|-resisted|p2a: Celestine
|-damage|p2a: Celestine|39/100
|
|-heal|p2a: Celestine|45/100|[from] item: Leftovers
|upkeep
|turn|10
|
|t:|1758323754
|move|p1a: Katy|Sucker Punch|p2a: Celestine
|-resisted|p2a: Celestine
|-damage|p2a: Celestine|0 fnt
|faint|p2a: Celestine
|
|upkeep
|
|t:|1758323759
|switch|p2a: Gin|Enamorus, F, shiny|100/100
|turn|11
|
|t:|1758323768
|switch|p1a: Mr. Brightside|Minior-Blue|100/100
|-formechange|p1a: Mr. Brightside|Minior-Meteor||[from] ability: Shields Down
|move|p2a: Gin|Moonblast|p1a: Mr. Brightside
|-damage|p1a: Mr. Brightside|31/100
|
|-formechange|p1a: Mr. Brightside|Minior-Blue||[from] ability: Shields Down
|upkeep
|turn|12
|
|t:|1758323771
|move|p2a: Gin|Moonblast|p1a: Mr. Brightside
|-damage|p1a: Mr. Brightside|0 fnt
|faint|p1a: Mr. Brightside
|
|upkeep
|
|t:|1758323789
|switch|p1a: Dragmire|Emboar, F, shiny|100/100
|turn|13
|inactive|Mr.Vcard has 120 seconds left.
|
|t:|1758323821
|switch|p2a: Anonymous|Ogerpon, F|100/100
|move|p1a: Dragmire|Wild Charge|p2a: Anonymous
|-resisted|p2a: Anonymous
|-damage|p2a: Anonymous|76/100
|-damage|p1a: Dragmire|95/100|[from] Recoil
|
|upkeep
|turn|14
|
|t:|1758323828
|move|p2a: Anonymous|Rock Tomb|p1a: Dragmire
|-damage|p1a: Dragmire|56/100
|-unboost|p1a: Dragmire|spe|1
|move|p1a: Dragmire|Flare Blitz|p2a: Anonymous
|-supereffective|p2a: Anonymous
|-damage|p2a: Anonymous|0 fnt
|faint|p2a: Anonymous
|-damage|p1a: Dragmire|35/100|[from] Recoil
|
|upkeep
|inactive|Mr.Vcard has 120 seconds left.
|
|t:|1758323842
|switch|p2a: Overgod|Kingambit, M, shiny|37/100
|-activate|p2a: Overgod|ability: Supreme Overlord
|-start|p2a: Overgod|fallen4|[silent]
|turn|15
|
|t:|1758323845
|move|p1a: Dragmire|Drain Punch|p2a: Overgod
|-supereffective|p2a: Overgod
|-damage|p2a: Overgod|0 fnt
|-heal|p1a: Dragmire|56/100|[from] drain|[of] p2a: Overgod
|faint|p2a: Overgod
|-end|p2a: Overgod|fallen4|[silent]
|
|upkeep
|
|t:|1758323848
|switch|p2a: Gin|Enamorus, F, shiny|100/100
|turn|16
|
|t:|1758323851
|move|p2a: Gin|Moonblast|p1a: Dragmire
|-damage|p1a: Dragmire|0 fnt
|faint|p1a: Dragmire
|
|upkeep
|
|t:|1758323861
|switch|p1a: 𒉎|Ditto|100/100
|-transform|p1a: 𒉎|p2a: Gin|[from] ability: Imposter
|turn|17
|
|t:|1758323868
|-terastallize|p1a: 𒉎|Fairy
|move|p2a: Gin|Moonblast|p1a: 𒉎
|-damage|p1a: 𒉎|26/100
|move|p1a: 𒉎|Moonblast|p2a: Gin
|-damage|p2a: Gin|0 fnt
|faint|p2a: Gin
|
|win|banjin
|raw|banjin's rating: 1382 &rarr; <strong>1407</strong><br />(+25 for winning)
|raw|Mr.Vcard's rating: 1468 &rarr; <strong>1443</strong><br />(-25 for losing)
|c|☆banjin|gg
|l|☆banjin
|player|p1|
