|j|☆swumpy mumpus
|j|☆HotWalnuts
|t:|1758341116
|gametype|singles
|player|p1|swumpy mumpus|170|1524
|player|p2|HotWalnuts|101|1527
|gen|9
|tier|[Gen 9] OU
|rated|
|rule|HP Percentage Mod: HP is shown in percentages
|rule|Endless Battle Clause: Forcing endless battles is banned
|rule|Species Clause: Limit one of each Pokémon
|rule|OHKO Clause: OHKO moves are banned
|rule|Evasion Items Clause: Evasion items are banned
|rule|Evasion Moves Clause: Evasion moves are banned
|rule|Evasion Abilities Clause: Evasion abilities are banned
|rule|Sleep Moves Clause: Sleep-inducing moves are banned
|clearpoke
|poke|p1|Okidogi, M|
|poke|p1|Weezing-Galar, M|
|poke|p1|Ogerpon-Wellspring, F|
|poke|p1|Hatterene, F|
|poke|p1|Weavile, M|
|poke|p1|Hawlucha, M|
|poke|p2|Ninetales, M|
|poke|p2|Ceruledge, M|
|poke|p2|Venusaur, F|
|poke|p2|Hatterene, F|
|poke|p2|Great Tusk|
|poke|p2|Walking Wake|
|teampreview
|inactive|Battle timer is ON: inactive players will automatically lose when time's up. (requested by HotWalnuts)
|
|t:|1758341150
|teamsize|p1|6
|teamsize|p2|6
|start
|switch|p1a: Weezing|Weezing-Galar, M|100/100
|switch|p2a: Ninetales|Ninetales, M|100/100
|-weather|SunnyDay|[from] ability: Drought|[of] p2a: Ninetales
|-fieldstart|move: Misty Terrain|[from] ability: Misty Surge|[of] p1a: Weezing
|turn|1
|
|t:|1758341157
|switch|p1a: Ogerpon|Ogerpon-Wellspring, F|100/100
|move|p2a: Ninetales|Flamethrower|p1a: Ogerpon
|-damage|p1a: Ogerpon|57/100
|
|-weather|SunnyDay|[upkeep]
|upkeep
|turn|2
|
|t:|1758341163
|switch|p2a: Hatterene|Hatterene, F|100/100
|move|p1a: Ogerpon|Swords Dance|p1a: Ogerpon
|-boost|p1a: Ogerpon|atk|2
|
|-weather|SunnyDay|[upkeep]
|upkeep
|turn|3
|
|t:|1758341170
|move|p1a: Ogerpon|Ivy Cudgel|p2a: Hatterene|[anim] Ivy Cudgel Water
|-damage|p2a: Hatterene|52/100
|-enditem|p2a: Hatterene|Eject Button
|inactive|HotWalnuts has 120 seconds left.
|
|t:|1758341210
|switch|p2a: Ceruledge|Ceruledge, M|100/100
|
|-weather|SunnyDay|[upkeep]
|upkeep
|turn|4
|
|t:|1758341221
|switch|p1a: Weezing|Weezing-Galar, M|100/100
|move|p2a: Ceruledge|Swords Dance|p2a: Ceruledge
|-boost|p2a: Ceruledge|atk|2
|
|-weather|SunnyDay|[upkeep]
|upkeep
|turn|5
|
|t:|1758341227
|move|p2a: Ceruledge|Bitter Blade|p1a: Weezing
|-damage|p1a: Weezing|18/100
|move|p1a: Weezing|Misty Explosion|p2a: Ceruledge
|-resisted|p2a: Ceruledge
|-damage|p2a: Ceruledge|75/100
|faint|p1a: Weezing
|
|-weather|SunnyDay|[upkeep]
|upkeep
|
|t:|1758341235
|switch|p1a: Weavile|Weavile, M|100/100
|-ability|p1a: Weavile|Pressure
|turn|6
|
|t:|1758341243
|-terastallize|p2a: Ceruledge|Fairy
|move|p1a: Weavile|Knock Off|p2a: Ceruledge
|-resisted|p2a: Ceruledge
|-damage|p2a: Ceruledge|27/100
|-ability|p2a: Ceruledge|Weak Armor|boost
|-unboost|p2a: Ceruledge|def|1
|-boost|p2a: Ceruledge|spe|2
|-enditem|p2a: Ceruledge|Focus Sash|[from] move: Knock Off|[of] p1a: Weavile
|move|p2a: Ceruledge|Bitter Blade|p1a: Weavile
|-supereffective|p1a: Weavile
|-damage|p1a: Weavile|0 fnt
|-heal|p2a: Ceruledge|75/100|[from] drain|[of] p1a: Weavile
|faint|p1a: Weavile
|
|-weather|SunnyDay|[upkeep]
|upkeep
|
|t:|1758341248
|switch|p1a: Hawlucha|Hawlucha, M|100/100
|-enditem|p1a: Hawlucha|Misty Seed
|-boost|p1a: Hawlucha|spd|1|[from] item: Misty Seed
|turn|7
|
|t:|1758341261
|-terastallize|p1a: Hawlucha|Flying
|move|p1a: Hawlucha|Acrobatics|p2a: Ceruledge
|-damage|p2a: Ceruledge|0 fnt
|faint|p2a: Ceruledge
|
|-weather|SunnyDay|[upkeep]
|upkeep
|
|t:|1758341276
|switch|p2a: Walking Wake|Walking Wake|100/100
|-activate|p2a: Walking Wake|ability: Protosynthesis
|-start|p2a: Walking Wake|protosynthesisspa
|turn|8
|
|t:|1758341283
|switch|p1a: Ogerpon|Ogerpon-Wellspring, F|57/100
|move|p2a: Walking Wake|Draco Meteor|p1a: Ogerpon
|-damage|p1a: Ogerpon|0 fnt
|-unboost|p2a: Walking Wake|spa|2
|faint|p1a: Ogerpon
|
|-weather|none
|-end|p2a: Walking Wake|Protosynthesis
|-fieldend|Misty Terrain
|upkeep
|
|t:|1758341285
|switch|p1a: Hatterene|Hatterene, F|100/100
|turn|9
|
|t:|1758341291
|-end|p2a: Walking Wake|Protosynthesis|[silent]
|switch|p2a: Ninetales|Ninetales, M|100/100
|-weather|SunnyDay|[from] ability: Drought|[of] p2a: Ninetales
|move|p1a: Hatterene|Psyshock|p2a: Ninetales
|-damage|p2a: Ninetales|51/100
|
|-weather|SunnyDay|[upkeep]
|upkeep
|turn|10
|
|t:|1758341298
|switch|p2a: Hatterene|Hatterene, F|52/100
|move|p1a: Hatterene|Psyshock|p2a: Hatterene
|-resisted|p2a: Hatterene
|-damage|p2a: Hatterene|34/100
|
|-weather|SunnyDay|[upkeep]
|upkeep
|turn|11
|
|t:|1758341301
|move|p1a: Hatterene|Mystical Fire|p2a: Hatterene
|-crit|p2a: Hatterene
|-damage|p2a: Hatterene|0 fnt
|faint|p2a: Hatterene
|
|-weather|SunnyDay|[upkeep]
|upkeep
|
|t:|1758341318
|switch|p2a: Great Tusk|Great Tusk|100/100
|-activate|p2a: Great Tusk|ability: Protosynthesis
|-start|p2a: Great Tusk|protosynthesisspe
|turn|12
|
|t:|1758341325
|-end|p2a: Great Tusk|Protosynthesis|[silent]
|switch|p2a: Walking Wake|Walking Wake|100/100
|-activate|p2a: Walking Wake|ability: Protosynthesis
|-start|p2a: Walking Wake|protosynthesisspa
|move|p1a: Hatterene|Draining Kiss|p2a: Walking Wake
|-supereffective|p2a: Walking Wake
|-damage|p2a: Walking Wake|38/100
|
|-weather|SunnyDay|[upkeep]
|upkeep
|turn|13
|
|t:|1758341331
|move|p2a: Walking Wake|Hydro Steam|p1a: Hatterene
|-damage|p1a: Hatterene|12/100
|move|p1a: Hatterene|Draining Kiss|p2a: Walking Wake
|-supereffective|p2a: Walking Wake
|-damage|p2a: Walking Wake|0 fnt
|-heal|p1a: Hatterene|42/100|[from] drain|[of] p2a: Walking Wake
|faint|p2a: Walking Wake
|-end|p2a: Walking Wake|Protosynthesis|[silent]
|
|-weather|SunnyDay|[upkeep]
|upkeep
|
|t:|1758341335
|switch|p2a: Venusaur|Venusaur, F|100/100
|turn|14
|
|t:|1758341349
|move|p2a: Venusaur|Sludge Bomb|p1a: Hatterene
|-supereffective|p1a: Hatterene
|-damage|p1a: Hatterene|0 fnt
|faint|p1a: Hatterene
|-damage|p2a: Venusaur|91/100|[from] item: Life Orb
|
|-weather|SunnyDay|[upkeep]
|upkeep
|
|t:|1758341360
|switch|p1a: Hawlucha|Hawlucha, M, tera:Flying|100/100
|turn|15
|
|t:|1758341372
|move|p2a: Venusaur|Weather Ball|p1a: Hawlucha
|-damage|p1a: Hawlucha|11/100
|-damage|p2a: Venusaur|81/100|[from] item: Life Orb
|move|p1a: Hawlucha|Acrobatics|p2a: Venusaur
|-supereffective|p2a: Venusaur
|-damage|p2a: Venusaur|0 fnt
|faint|p2a: Venusaur
|
|-weather|SunnyDay|[upkeep]
|upkeep
|
|t:|1758341381
|switch|p2a: Great Tusk|Great Tusk|100/100
|-activate|p2a: Great Tusk|ability: Protosynthesis
|-start|p2a: Great Tusk|protosynthesisspe
|turn|16
|
|t:|1758341390
|switch|p1a: Okidogi|Okidogi, M|100/100
|move|p2a: Great Tusk|Ice Spinner|p1a: Okidogi
|-damage|p1a: Okidogi|83/100
|
|-weather|none
|-end|p2a: Great Tusk|Protosynthesis
|-heal|p1a: Okidogi|89/100|[from] item: Leftovers
|upkeep
|turn|17
|
|t:|1758341394
|switch|p1a: Hawlucha|Hawlucha, M, tera:Flying|11/100
|move|p2a: Great Tusk|Headlong Rush|p1a: Hawlucha
|-immune|p1a: Hawlucha
|
|upkeep
|turn|18
|
|t:|1758341396
|-end|p2a: Great Tusk|Protosynthesis|[silent]
|switch|p2a: Ninetales|Ninetales, M|51/100
|-weather|SunnyDay|[from] ability: Drought|[of] p2a: Ninetales
|move|p1a: Hawlucha|Encore||[still]
|-fail|p1a: Hawlucha
|
|-weather|SunnyDay|[upkeep]
|upkeep
|turn|19
|
|t:|1758341399
|switch|p1a: Okidogi|Okidogi, M|89/100
|move|p2a: Ninetales|Flamethrower|p1a: Okidogi
|-damage|p1a: Okidogi|50/100
|
|-weather|SunnyDay|[upkeep]
|-heal|p1a: Okidogi|56/100|[from] item: Leftovers
|upkeep
|turn|20
|
|t:|1758341405
|move|p2a: Ninetales|Will-O-Wisp|p1a: Okidogi
|-status|p1a: Okidogi|brn
|move|p1a: Okidogi|Drain Punch|p2a: Ninetales
|-damage|p2a: Ninetales|27/100
|-heal|p1a: Okidogi|67/100 brn|[from] drain|[of] p2a: Ninetales
|
|-weather|SunnyDay|[upkeep]
|-heal|p1a: Okidogi|73/100 brn|[from] item: Leftovers
|-damage|p1a: Okidogi|67/100 brn|[from] brn
|upkeep
|turn|21
|
|t:|1758341411
|move|p2a: Ninetales|Flamethrower|p1a: Okidogi
|-damage|p1a: Okidogi|24/100 brn
|move|p1a: Okidogi|Bulk Up|p1a: Okidogi
|-boost|p1a: Okidogi|atk|1
|-boost|p1a: Okidogi|def|1
|
|-weather|SunnyDay|[upkeep]
|-heal|p1a: Okidogi|30/100 brn|[from] item: Leftovers
|-damage|p1a: Okidogi|24/100 brn|[from] brn
|upkeep
|turn|22
|-message|swumpy mumpus forfeited.
|
|win|HotWalnuts
|raw|swumpy mumpus's rating: 1524 &rarr; <strong>1505</strong><br />(-19 for losing)
|raw|HotWalnuts's rating: 1544 &rarr; <strong>1563</strong><br />(+19 for winning)
|l|☆swumpy mumpus
|player|p1|
|l|☆HotWalnuts
|player|p2|
