|j|☆venisae
|j|☆Allheckers
|t:|1758279056
|gametype|singles
|player|p1|venisae|caitlin|1187
|player|p2|Allheckers|102|1192
|gen|9
|tier|[Gen 9] OU
|rated|
|rule|HP Percentage Mod: HP is shown in percentages
|rule|Endless Battle Clause: Forcing endless battles is banned
|rule|Species Clause: Limit one of each Pokémon
|rule|OHKO Clause: OHKO moves are banned
|rule|Evasion Items Clause: Evasion items are banned
|rule|Evasion Moves Clause: Evasion moves are banned
|rule|Evasion Abilities Clause: Evasion abilities are banned
|rule|Sleep Moves Clause: Sleep-inducing moves are banned
|clearpoke
|poke|p1|Tyranitar, M|
|poke|p1|Excadrill, M|
|poke|p1|Gliscor, M|
|poke|p1|Ogerpon-Wellspring, F|
|poke|p1|Moltres|
|poke|p1|Primarina, F|
|poke|p2|Krookodile, F|
|poke|p2|Cloyster, F|
|poke|p2|Ogerpon-Cornerstone, F|
|poke|p2|Indeedee, M|
|poke|p2|Glastrier|
|poke|p2|Honchkrow, F|
|teampreview
|
|t:|1758279071
|teamsize|p1|6
|teamsize|p2|6
|start
|switch|p1a: Tyranitar|Tyranitar, M|100/100
|switch|p2a: Honchkrow|Honchkrow, F|100/100
|-weather|Sandstorm|[from] ability: Sand Stream|[of] p1a: Tyranitar
|turn|1
|
|t:|1758279137
|switch|p2a: Indeedee|Indeedee, M, shiny|100/100
|-fieldstart|move: Psychic Terrain|[from] ability: Psychic Surge|[of] p2a: Indeedee
|move|p1a: Tyranitar|Stealth Rock|p2a: Indeedee
|-sidestart|p2: Allheckers|move: Stealth Rock
|
|-weather|Sandstorm|[upkeep]
|-damage|p2a: Indeedee|94/100|[from] Sandstorm
|upkeep
|turn|2
|
|t:|1758279152
|move|p2a: Indeedee|Energy Ball|p1a: Tyranitar
|-supereffective|p1a: Tyranitar
|-damage|p1a: Tyranitar|74/100
|move|p1a: Tyranitar|Knock Off|p2a: Indeedee
|-supereffective|p2a: Indeedee
|-damage|p2a: Indeedee|0 fnt
|-enditem|p2a: Indeedee|Assault Vest|[from] move: Knock Off|[of] p1a: Tyranitar
|faint|p2a: Indeedee
|
|-weather|Sandstorm|[upkeep]
|upkeep
|
|t:|1758279156
|switch|p2a: Krookodile|Krookodile, F|100/100
|-damage|p2a: Krookodile|94/100|[from] Stealth Rock
|turn|3
|
|t:|1758279163
|switch|p1a: Gliscor|Gliscor, M|100/100
|move|p2a: Krookodile|Earthquake|p1a: Gliscor
|-immune|p1a: Gliscor
|
|-weather|Sandstorm|[upkeep]
|-status|p1a: Gliscor|tox|[from] item: Toxic Orb
|upkeep
|turn|4
|
|t:|1758279168
|switch|p2a: Glastrier|Glastrier|100/100
|-damage|p2a: Glastrier|76/100|[from] Stealth Rock
|move|p1a: Gliscor|Spikes|p2a: Glastrier
|-sidestart|p2: Allheckers|Spikes
|
|-weather|Sandstorm|[upkeep]
|-damage|p2a: Glastrier|70/100|[from] Sandstorm
|upkeep
|turn|5
|
|t:|1758279179
|move|p1a: Gliscor|Protect|p1a: Gliscor
|-singleturn|p1a: Gliscor|Protect
|move|p2a: Glastrier|Icicle Crash|p1a: Gliscor
|-activate|p1a: Gliscor|move: Protect
|
|-weather|Sandstorm|[upkeep]
|-damage|p2a: Glastrier|63/100|[from] Sandstorm
|-fieldend|move: Psychic Terrain
|upkeep
|turn|6
|
|t:|1758279232
|switch|p1a: Primarina|Primarina, F|100/100
|move|p2a: Glastrier|Icicle Crash|p1a: Primarina
|-resisted|p1a: Primarina
|-damage|p1a: Primarina|79/100
|
|-weather|Sandstorm|[upkeep]
|-damage|p2a: Glastrier|57/100|[from] Sandstorm
|-damage|p1a: Primarina|73/100|[from] Sandstorm
|-heal|p1a: Primarina|79/100|[from] item: Leftovers
|upkeep
|turn|7
|inactive|Battle timer is ON: inactive players will automatically lose when time's up. (requested by Allheckers)
|
|t:|1758279282
|move|p2a: Glastrier|Trailblaze|p1a: Primarina
|-supereffective|p1a: Primarina
|-damage|p1a: Primarina|46/100
|-boost|p2a: Glastrier|spe|1
|move|p1a: Primarina|Calm Mind|p1a: Primarina
|-boost|p1a: Primarina|spa|1
|-boost|p1a: Primarina|spd|1
|
|-weather|Sandstorm|[upkeep]
|-damage|p2a: Glastrier|51/100|[from] Sandstorm
|-damage|p1a: Primarina|40/100|[from] Sandstorm
|-heal|p1a: Primarina|46/100|[from] item: Leftovers
|upkeep
|turn|8
|
|t:|1758279297
|move|p2a: Glastrier|Trailblaze|p1a: Primarina
|-supereffective|p1a: Primarina
|-damage|p1a: Primarina|16/100
|-boost|p2a: Glastrier|spe|1
|move|p1a: Primarina|Draining Kiss|p2a: Glastrier
|-damage|p2a: Glastrier|33/100
|-heal|p1a: Primarina|29/100|[from] drain|[of] p2a: Glastrier
|
|-weather|none
|-heal|p1a: Primarina|35/100|[from] item: Leftovers
|upkeep
|turn|9
|
|t:|1758279306
|switch|p1a: Moltres|Moltres|100/100
|move|p2a: Glastrier|Trailblaze|p1a: Moltres
|-resisted|p1a: Moltres
|-damage|p1a: Moltres|97/100
|-boost|p2a: Glastrier|spe|1
|-status|p2a: Glastrier|brn|[from] ability: Flame Body|[of] p1a: Moltres
|
|-damage|p2a: Glastrier|27/100 brn|[from] brn
|upkeep
|turn|10
|
|t:|1758279327
|move|p2a: Glastrier|Icicle Crash|p1a: Moltres
|-damage|p1a: Moltres|80/100
|cant|p1a: Moltres|flinch
|
|-damage|p2a: Glastrier|20/100 brn|[from] brn
|upkeep
|turn|11
|inactive|venisae has 120 seconds left.
|
|t:|1758279357
|move|p2a: Glastrier|Crunch|p1a: Moltres
|-damage|p1a: Moltres|69/100
|move|p1a: Moltres|Flamethrower|p2a: Glastrier
|-supereffective|p2a: Glastrier
|-damage|p2a: Glastrier|0 fnt
|faint|p2a: Glastrier
|
|upkeep
|inactive|Allheckers has 120 seconds left.
|
|t:|1758279381
|switch|p2a: Cloyster|Cloyster, F, shiny|100/100
|-damage|p2a: Cloyster|76/100|[from] Stealth Rock
|-damage|p2a: Cloyster|63/100|[from] Spikes
|turn|12
|inactive|venisae has 120 seconds left.
|inactive|venisae has 90 seconds left.
|
|t:|1758279429
|move|p2a: Cloyster|Rock Blast|p1a: Moltres
|-supereffective|p1a: Moltres
|-crit|p1a: Moltres
|-damage|p1a: Moltres|36/100
|-supereffective|p1a: Moltres
|-damage|p1a: Moltres|16/100
|-supereffective|p1a: Moltres
|-damage|p1a: Moltres|0 fnt
|faint|p1a: Moltres
|-hitcount|p1: Moltres|3
|
|upkeep
|inactive|venisae has 90 seconds left.
|
|t:|1758279436
|switch|p1a: Tyranitar|Tyranitar, M|74/100
|-weather|Sandstorm|[from] ability: Sand Stream|[of] p1a: Tyranitar
|turn|13
|inactive|venisae has 90 seconds left.
|
|t:|1758279448
|move|p2a: Cloyster|Icicle Spear|p1a: Tyranitar
|-damage|p1a: Tyranitar|63/100
|-damage|p1a: Tyranitar|54/100
|-damage|p1a: Tyranitar|45/100
|-damage|p1a: Tyranitar|35/100
|-damage|p1a: Tyranitar|27/100
|-hitcount|p1a: Tyranitar|5
|move|p1a: Tyranitar|Stone Edge|p2a: Cloyster|[miss]
|-miss|p1a: Tyranitar|p2a: Cloyster
|
|-weather|Sandstorm|[upkeep]
|-damage|p2a: Cloyster|57/100|[from] Sandstorm
|upkeep
|turn|14
|inactive|venisae has 90 seconds left.
|
|t:|1758279474
|move|p2a: Cloyster|Icicle Spear|p1a: Tyranitar
|-damage|p1a: Tyranitar|18/100
|-crit|p1a: Tyranitar
|-damage|p1a: Tyranitar|3/100
|-damage|p1a: Tyranitar|0 fnt
|faint|p1a: Tyranitar
|-hitcount|p1: Tyranitar|3
|
|-weather|Sandstorm|[upkeep]
|-damage|p2a: Cloyster|51/100|[from] Sandstorm
|upkeep
|
|t:|1758279477
|switch|p1a: Excadrill|Excadrill, M|100/100
|-item|p1a: Excadrill|Air Balloon
|turn|15
|
|t:|1758279489
|move|p1a: Excadrill|Iron Head|p2a: Cloyster
|-damage|p2a: Cloyster|17/100
|move|p2a: Cloyster|Icicle Spear|p1a: Excadrill
|-damage|p1a: Excadrill|84/100
|-enditem|p1a: Excadrill|Air Balloon
|-damage|p1a: Excadrill|69/100
|-damage|p1a: Excadrill|52/100
|-damage|p1a: Excadrill|35/100
|-damage|p1a: Excadrill|19/100
|-hitcount|p1a: Excadrill|5
|
|-weather|Sandstorm|[upkeep]
|-damage|p2a: Cloyster|10/100|[from] Sandstorm
|upkeep
|turn|16
|inactive|venisae has 90 seconds left.
|inactive|venisae has 60 seconds left.
|
|t:|1758279534
|move|p2a: Cloyster|Ice Shard|p1a: Excadrill
|-damage|p1a: Excadrill|0 fnt
|faint|p1a: Excadrill
|
|-weather|Sandstorm|[upkeep]
|-damage|p2a: Cloyster|4/100|[from] Sandstorm
|upkeep
|
|t:|1758279552
|switch|p1a: Ogerpon|Ogerpon-Wellspring, F|100/100
|turn|17
|
|t:|1758279560
|move|p1a: Ogerpon|Ivy Cudgel|p2a: Cloyster|[anim] Ivy Cudgel Water
|-resisted|p2a: Cloyster
|-damage|p2a: Cloyster|0 fnt
|faint|p2a: Cloyster
|
|-weather|Sandstorm|[upkeep]
|-damage|p1a: Ogerpon|95/100|[from] Sandstorm
|upkeep
|
|t:|1758279568
|switch|p2a: Krookodile|Krookodile, F|94/100
|-damage|p2a: Krookodile|88/100|[from] Stealth Rock
|-damage|p2a: Krookodile|76/100|[from] Spikes
|turn|18
|inactive|venisae has 60 seconds left.
|
|t:|1758279597
|move|p2a: Krookodile|Close Combat|p1a: Ogerpon
|-damage|p1a: Ogerpon|38/100
|-unboost|p2a: Krookodile|def|1
|-unboost|p2a: Krookodile|spd|1
|move|p1a: Ogerpon|Horn Leech|p2a: Krookodile
|-supereffective|p2a: Krookodile
|-damage|p2a: Krookodile|0 fnt
|-heal|p1a: Ogerpon|80/100|[from] drain|[of] p2a: Krookodile
|faint|p2a: Krookodile
|
|-weather|Sandstorm|[upkeep]
|-damage|p1a: Ogerpon|74/100|[from] Sandstorm
|upkeep
|
|t:|1758279620
|switch|p2a: Honchkrow|Honchkrow, F|100/100
|-damage|p2a: Honchkrow|76/100|[from] Stealth Rock
|turn|19
|inactive|venisae has 30 seconds left.
|
|t:|1758279658
|switch|p1a: Gliscor|Gliscor, M|100/100 tox
|move|p2a: Honchkrow|Sucker Punch||[still]
|-fail|p2a: Honchkrow
|
|-weather|Sandstorm|[upkeep]
|-damage|p2a: Honchkrow|69/100|[from] Sandstorm
|upkeep
|turn|20
|inactive|venisae has 30 seconds left.
|
|t:|1758279665
|move|p2a: Honchkrow|Night Slash|p1a: Gliscor
|-crit|p1a: Gliscor
|-damage|p1a: Gliscor|68/100 tox
|move|p1a: Gliscor|Toxic|p2a: Honchkrow
|-status|p2a: Honchkrow|tox
|
|-weather|none
|-damage|p2a: Honchkrow|63/100 tox|[from] psn
|-heal|p1a: Gliscor|80/100 tox|[from] ability: Poison Heal
|upkeep
|turn|21
|
|t:|1758279672
|switch|p2a: Ogerpon|Ogerpon-Cornerstone, F|100/100
|-damage|p2a: Ogerpon|88/100|[from] Stealth Rock
|-damage|p2a: Ogerpon|76/100|[from] Spikes
|move|p1a: Gliscor|Dual Wingbeat|p2a: Ogerpon
|-damage|p2a: Ogerpon|59/100
|-damage|p2a: Ogerpon|42/100
|-hitcount|p2a: Ogerpon|2
|
|-heal|p1a: Gliscor|93/100 tox|[from] ability: Poison Heal
|upkeep
|turn|22
|inactive|venisae has 30 seconds left.
|inactive|venisae has 20 seconds left.
|inactive|venisae has 15 seconds left.
|inactive|venisae has 10 seconds left.
|inactive|venisae has 5 seconds left.
|-message|venisae lost due to inactivity.
|
|win|Allheckers
|raw|venisae's rating: 1187 &rarr; <strong>1162</strong><br />(-25 for losing)
|raw|Allheckers's rating: 1189 &rarr; <strong>1214</strong><br />(+25 for winning)
|l|☆venisae
|player|p1|
|l|☆Allheckers
|player|p2|
