|j|☆DampRockstar
|j|☆reileyb
|t:|1758312422
|gametype|singles
|player|p1|DampRockstar|hoopster|1211
|player|p2|reileyb|1|1252
|gen|9
|tier|[Gen 9] OU
|rated|
|rule|HP Percentage Mod: HP is shown in percentages
|rule|Endless Battle Clause: Forcing endless battles is banned
|rule|Species Clause: Limit one of each Pokémon
|rule|OHKO Clause: OHKO moves are banned
|rule|Evasion Items Clause: Evasion items are banned
|rule|Evasion Moves Clause: Evasion moves are banned
|rule|Evasion Abilities Clause: Evasion abilities are banned
|rule|Sleep Moves Clause: Sleep-inducing moves are banned
|clearpoke
|poke|p1|Falinks|
|poke|p1|Polteageist|
|poke|p1|Cinderace, M|
|poke|p1|Regidrago|
|poke|p1|Skeledirge, F|
|poke|p1|Cinccino, F|
|poke|p2|Moltres|
|poke|p2|Gholdengo|
|poke|p2|Walking Wake|
|poke|p2|Glimmora, M|
|poke|p2|Arcanine-Hisui, M|
|poke|p2|Espeon, F|
|teampreview
|inactive|Battle timer is ON: inactive players will automatically lose when time's up. (requested by DampRockstar)
|
|t:|1758312431
|teamsize|p1|6
|teamsize|p2|6
|start
|switch|p1a: Falinks|Falinks|100/100
|switch|p2a: Glimmora|Glimmora, M, shiny|100/100
|turn|1
|
|t:|1758312444
|move|p2a: Glimmora|Stealth Rock|p1a: Falinks
|-sidestart|p1: DampRockstar|move: Stealth Rock
|move|p1a: Falinks|No Retreat|p1a: Falinks
|-boost|p1a: Falinks|atk|1
|-boost|p1a: Falinks|def|1
|-boost|p1a: Falinks|spa|1
|-boost|p1a: Falinks|spd|1
|-boost|p1a: Falinks|spe|1
|-start|p1a: Falinks|move: No Retreat
|
|upkeep
|turn|2
|
|t:|1758312471
|-terastallize|p2a: Glimmora|Flying
|move|p1a: Falinks|Iron Head|p2a: Glimmora
|-damage|p2a: Glimmora|71/100
|-activate|p2a: Glimmora|ability: Toxic Debris
|-sidestart|p1: DampRockstar|move: Toxic Spikes
|cant|p2a: Glimmora|flinch
|
|upkeep
|turn|3
|
|t:|1758312483
|move|p1a: Falinks|Knock Off|p2a: Glimmora
|-damage|p2a: Glimmora|30/100
|-activate|p2a: Glimmora|ability: Toxic Debris
|-sidestart|p1: DampRockstar|move: Toxic Spikes
|-enditem|p2a: Glimmora|Heat Rock|[from] move: Knock Off|[of] p1a: Falinks
|move|p2a: Glimmora|Sunny Day|p2a: Glimmora
|-weather|SunnyDay
|
|-weather|SunnyDay|[upkeep]
|upkeep
|turn|4
|
|t:|1758312497
|move|p1a: Falinks|Knock Off|p2a: Glimmora
|-damage|p2a: Glimmora|3/100
|move|p2a: Glimmora|Mortal Spin|p1a: Falinks
|-damage|p1a: Falinks|95/100
|-status|p1a: Falinks|psn
|
|-weather|SunnyDay|[upkeep]
|-damage|p1a: Falinks|82/100 psn|[from] psn
|upkeep
|turn|5
|
|t:|1758312512
|move|p1a: Falinks|Knock Off|p2a: Glimmora
|-crit|p2a: Glimmora
|-damage|p2a: Glimmora|0 fnt
|faint|p2a: Glimmora
|
|-weather|SunnyDay|[upkeep]
|-damage|p1a: Falinks|70/100 psn|[from] psn
|upkeep
|inactive|reileyb has 120 seconds left.
|
|t:|1758312537
|switch|p2a: Moltres|Moltres, shiny|100/100
|turn|6
|
|t:|1758312557
|move|p1a: Falinks|Knock Off|p2a: Moltres
|-damage|p2a: Moltres|68/100
|-enditem|p2a: Moltres|Heavy-Duty Boots|[from] move: Knock Off|[of] p1a: Falinks
|move|p2a: Moltres|Flamethrower|p1a: Falinks
|-damage|p1a: Falinks|0 fnt
|faint|p1a: Falinks
|
|-weather|SunnyDay|[upkeep]
|upkeep
|inactive|DampRockstar has 120 seconds left.
|
|t:|1758312567
|switch|p1a: Cinderace|Cinderace, M|100/100
|turn|7
|inactive|reileyb has 120 seconds left.
|
|t:|1758312590
|switch|p2a: Arcanine|Arcanine-Hisui, M|100/100
|move|p1a: Cinderace|Court Change|p1a: Cinderace
|-start|p1a: Cinderace|typechange|Normal|[from] ability: Libero
|-swapsideconditions
|-activate|p1a: Cinderace|move: Court Change
|
|-weather|none
|upkeep
|turn|8
|
|t:|1758312601
|move|p2a: Arcanine|Head Smash|p1a: Cinderace
|-damage|p1a: Cinderace|0 fnt
|faint|p1a: Cinderace
|
|upkeep
|
|t:|1758312612
|switch|p1a: Polteageist|Polteageist|100/100
|turn|9
|
|t:|1758312615
|move|p2a: Arcanine|Head Smash|p1a: Polteageist
|-enditem|p1a: Polteageist|Focus Sash
|-damage|p1a: Polteageist|1/100
|-ability|p1a: Polteageist|Weak Armor|boost
|-unboost|p1a: Polteageist|def|1
|-boost|p1a: Polteageist|spe|2
|move|p1a: Polteageist|Shell Smash|p1a: Polteageist
|-unboost|p1a: Polteageist|def|1
|-unboost|p1a: Polteageist|spd|1
|-boost|p1a: Polteageist|atk|2
|-boost|p1a: Polteageist|spa|2
|-boost|p1a: Polteageist|spe|2
|
|upkeep
|turn|10
|inactive|DampRockstar has 120 seconds left.
|
|t:|1758312644
|switch|p2a: Moltres|Moltres, shiny|68/100
|-damage|p2a: Moltres|18/100|[from] Stealth Rock
|move|p1a: Polteageist|Stored Power|p2a: Moltres
|-damage|p2a: Moltres|0 fnt
|faint|p2a: Moltres
|
|upkeep
|
|t:|1758312653
|switch|p2a: Walking Wake|Walking Wake|100/100
|-damage|p2a: Walking Wake|88/100|[from] Stealth Rock
|-status|p2a: Walking Wake|tox
|turn|11
|inactive|DampRockstar has 120 seconds left.
|
|t:|1758312670
|move|p2a: Walking Wake|Aqua Jet|p1a: Polteageist
|-damage|p1a: Polteageist|0 fnt
|faint|p1a: Polteageist
|
|-damage|p2a: Walking Wake|82/100 tox|[from] psn
|upkeep
|inactive|DampRockstar has 120 seconds left.
|
|t:|1758312680
|switch|p1a: Regidrago|Regidrago|100/100
|turn|12
|
|t:|1758312684
|move|p1a: Regidrago|Dragon Energy|p2a: Walking Wake
|-supereffective|p2a: Walking Wake
|-damage|p2a: Walking Wake|0 fnt
|faint|p2a: Walking Wake
|-end|p2a: Walking Wake|Protosynthesis|[silent]
|
|upkeep
|
|t:|1758312696
|switch|p2a: Arcanine|Arcanine-Hisui, M|100/100
|-damage|p2a: Arcanine|76/100|[from] Stealth Rock
|-status|p2a: Arcanine|tox
|turn|13
|
|t:|1758312708
|move|p1a: Regidrago|Dragon Energy|p2a: Arcanine
|-damage|p2a: Arcanine|0 fnt
|faint|p2a: Arcanine
|
|upkeep
|
|t:|1758312723
|switch|p2a: Gholdengo|Gholdengo|100/100
|-damage|p2a: Gholdengo|94/100|[from] Stealth Rock
|turn|14
|inactive|DampRockstar has 120 seconds left.
|
|t:|1758312749
|switch|p1a: Skeledirge|Skeledirge, F|100/100
|move|p2a: Gholdengo|Shadow Ball|p1a: Skeledirge
|-supereffective|p1a: Skeledirge
|-damage|p1a: Skeledirge|17/100
|
|-heal|p2a: Gholdengo|100/100|[from] item: Leftovers
|-heal|p1a: Skeledirge|23/100|[from] item: Leftovers
|upkeep
|turn|15
|inactive|DampRockstar has 120 seconds left.
|
|t:|1758312771
|switch|p1a: Cinccino|Cinccino, F|100/100
|move|p2a: Gholdengo|Shadow Ball|p1a: Cinccino
|-immune|p1a: Cinccino
|
|upkeep
|turn|16
|
|t:|1758312779
|move|p1a: Cinccino|Tail Slap|p2a: Gholdengo
|-immune|p2a: Gholdengo
|move|p2a: Gholdengo|Focus Blast|p1a: Cinccino|[miss]
|-miss|p2a: Gholdengo|p1a: Cinccino
|
|upkeep
|turn|17
|inactive|DampRockstar has 120 seconds left.
|
|t:|1758312786
|move|p1a: Cinccino|Bullet Seed|p2a: Gholdengo
|-resisted|p2a: Gholdengo
|-damage|p2a: Gholdengo|94/100
|-resisted|p2a: Gholdengo
|-damage|p2a: Gholdengo|88/100
|-resisted|p2a: Gholdengo
|-damage|p2a: Gholdengo|83/100
|-resisted|p2a: Gholdengo
|-damage|p2a: Gholdengo|77/100
|-resisted|p2a: Gholdengo
|-damage|p2a: Gholdengo|71/100
|-hitcount|p2a: Gholdengo|5
|move|p2a: Gholdengo|Focus Blast|p1a: Cinccino|[miss]
|-miss|p2a: Gholdengo|p1a: Cinccino
|
|-heal|p2a: Gholdengo|77/100|[from] item: Leftovers
|upkeep
|turn|18
|inactive|DampRockstar has 120 seconds left.
|
|t:|1758312801
|move|p1a: Cinccino|Bullet Seed|p2a: Gholdengo
|-resisted|p2a: Gholdengo
|-damage|p2a: Gholdengo|72/100
|-resisted|p2a: Gholdengo
|-damage|p2a: Gholdengo|67/100
|-resisted|p2a: Gholdengo
|-damage|p2a: Gholdengo|61/100
|-resisted|p2a: Gholdengo
|-damage|p2a: Gholdengo|55/100
|-resisted|p2a: Gholdengo
|-damage|p2a: Gholdengo|49/100
|-hitcount|p2a: Gholdengo|5
|move|p2a: Gholdengo|Focus Blast|p1a: Cinccino
|-supereffective|p1a: Cinccino
|-crit|p1a: Cinccino
|-damage|p1a: Cinccino|0 fnt
|faint|p1a: Cinccino
|
|-heal|p2a: Gholdengo|55/100|[from] item: Leftovers
|upkeep
|inactive|DampRockstar has 120 seconds left.
|
|t:|1758312816
|switch|p1a: Regidrago|Regidrago|100/100
|turn|19
|inactive|DampRockstar has 120 seconds left.
|
|t:|1758312821
|move|p1a: Regidrago|Earth Power|p2a: Gholdengo
|-supereffective|p2a: Gholdengo
|-damage|p2a: Gholdengo|0 fnt
|faint|p2a: Gholdengo
|
|upkeep
|
|t:|1758312827
|switch|p2a: Espeon|Espeon, F|100/100
|-damage|p2a: Espeon|88/100|[from] Stealth Rock
|-status|p2a: Espeon|tox
|turn|20
|
|t:|1758312841
|switch|p1a: Skeledirge|Skeledirge, F|23/100
|move|p2a: Espeon|Psyshock|p1a: Skeledirge
|-damage|p1a: Skeledirge|0 fnt
|faint|p1a: Skeledirge
|
|-damage|p2a: Espeon|82/100 tox|[from] psn
|upkeep
|
|t:|1758312848
|switch|p1a: Regidrago|Regidrago|100/100
|turn|21
|
|t:|1758312864
|-terastallize|p1a: Regidrago|Dragon
|move|p1a: Regidrago|Dragon Energy|p2a: Espeon
|-crit|p2a: Espeon
|-damage|p2a: Espeon|0 fnt
|faint|p2a: Espeon
|
|win|DampRockstar
|raw|DampRockstar's rating: 1211 &rarr; <strong>1239</strong><br />(+28 for winning)
|raw|reileyb's rating: 1252 &rarr; <strong>1224</strong><br />(-28 for losing)
|l|☆reileyb
|player|p2|
|l|☆DampRockstar
|player|p1|
