|j|☆lolcano46
|j|‽v1n001
|t:|1758328127
|gametype|singles
|player|p1|lolcano46|fisherman-gen4|1546
|player|p2|v1n001|169|1553
|gen|9
|tier|[Gen 9] OU
|rated|
|rule|HP Percentage Mod: HP is shown in percentages
|rule|Endless Battle Clause: Forcing endless battles is banned
|rule|Species Clause: Limit one of each Pokémon
|rule|OHKO Clause: OHKO moves are banned
|rule|Evasion Items Clause: Evasion items are banned
|rule|Evasion Moves Clause: Evasion moves are banned
|rule|Evasion Abilities Clause: Evasion abilities are banned
|rule|Sleep Moves Clause: Sleep-inducing moves are banned
|clearpoke
|poke|p1|Azelf|
|poke|p1|Ogerpon-Wellspring, F|
|poke|p1|Scizor, F|
|poke|p1|Gengar, M|
|poke|p1|Raging Bolt|
|poke|p1|Cinderace, M|
|poke|p2|Rillaboom, F|
|poke|p2|Hawlucha, F|
|poke|p2|Gholdengo|
|poke|p2|Heatran, F|
|poke|p2|Glimmora, F|
|poke|p2|Ogerpon-Wellspring, F|
|teampreview
|inactive|Battle timer is ON: inactive players will automatically lose when time's up. (requested by v1n001)
|inactive|lolcano46 also wants the timer to be on.
|inactive|v1n001 has 120 seconds left.
|
|t:|1758328167
|teamsize|p1|6
|teamsize|p2|6
|start
|switch|p1a: Azelf|Azelf|100/100
|switch|p2a: Rillaboom|Rillaboom, F, shiny|100/100
|-fieldstart|move: Grassy Terrain|[from] ability: Grassy Surge|[of] p2a: Rillaboom
|turn|1
|
|t:|1758328189
|move|p1a: Azelf|Flamethrower|p2a: Rillaboom
|-supereffective|p2a: Rillaboom
|-damage|p2a: Rillaboom|20/100
|move|p2a: Rillaboom|Knock Off|p1a: Azelf
|-supereffective|p1a: Azelf
|-damage|p1a: Azelf|0 fnt
|-enditem|p1a: Azelf|Expert Belt|[from] move: Knock Off|[of] p2a: Rillaboom
|faint|p1a: Azelf
|
|-heal|p2a: Rillaboom|26/100|[from] Grassy Terrain
|upkeep
|
|t:|1758328199
|switch|p1a: Raging Bolt|Raging Bolt|100/100
|-enditem|p1a: Raging Bolt|Booster Energy
|-activate|p1a: Raging Bolt|ability: Protosynthesis|[fromitem]
|-start|p1a: Raging Bolt|protosynthesisspa
|turn|2
|
|t:|1758328216
|move|p1a: Raging Bolt|Thunderbolt|p2a: Rillaboom
|-resisted|p2a: Rillaboom
|-damage|p2a: Rillaboom|0 fnt
|faint|p2a: Rillaboom
|
|upkeep
|
|t:|1758328221
|switch|p2a: Hawlucha|Hawlucha, F, shiny|100/100
|-enditem|p2a: Hawlucha|Grassy Seed
|-boost|p2a: Hawlucha|def|1|[from] item: Grassy Seed
|turn|3
|
|t:|1758328225
|-terastallize|p2a: Hawlucha|Ground
|move|p2a: Hawlucha|Encore|p1a: Raging Bolt
|-start|p1a: Raging Bolt|Encore
|move|p1a: Raging Bolt|Thunderbolt|p2a: Hawlucha
|-immune|p2a: Hawlucha
|
|upkeep
|turn|4
|
|t:|1758328232
|-end|p1a: Raging Bolt|Protosynthesis|[silent]
|switch|p1a: Scizor|Scizor, F|100/100
|move|p2a: Hawlucha|Acrobatics|p1a: Scizor
|-damage|p1a: Scizor|47/100
|
|-heal|p1a: Scizor|53/100|[from] Grassy Terrain
|upkeep
|turn|5
|
|t:|1758328238
|move|p1a: Scizor|Bullet Punch|p2a: Hawlucha
|-damage|p2a: Hawlucha|67/100
|move|p2a: Hawlucha|Acrobatics|p1a: Scizor
|-damage|p1a: Scizor|2/100
|
|-heal|p2a: Hawlucha|73/100|[from] Grassy Terrain
|-heal|p1a: Scizor|8/100|[from] Grassy Terrain
|upkeep
|turn|6
|
|t:|1758328244
|move|p1a: Scizor|Bullet Punch|p2a: Hawlucha
|-damage|p2a: Hawlucha|39/100
|move|p2a: Hawlucha|Acrobatics|p1a: Scizor
|-crit|p1a: Scizor
|-damage|p1a: Scizor|0 fnt
|faint|p1a: Scizor
|
|-heal|p2a: Hawlucha|45/100|[from] Grassy Terrain
|upkeep
|
|t:|1758328253
|switch|p1a: Raging Bolt|Raging Bolt|100/100
|turn|7
|
|t:|1758328259
|move|p2a: Hawlucha|Close Combat|p1a: Raging Bolt
|-damage|p1a: Raging Bolt|47/100
|-unboost|p2a: Hawlucha|def|1
|-unboost|p2a: Hawlucha|spd|1
|move|p1a: Raging Bolt|Dragon Pulse|p2a: Hawlucha
|-damage|p2a: Hawlucha|0 fnt
|faint|p2a: Hawlucha
|
|-heal|p1a: Raging Bolt|54/100|[from] Grassy Terrain
|upkeep
|
|t:|1758328264
|switch|p2a: Ogerpon|Ogerpon-Wellspring, F|100/100
|turn|8
|
|t:|1758328269
|move|p2a: Ogerpon|Play Rough|p1a: Raging Bolt
|-supereffective|p1a: Raging Bolt
|-damage|p1a: Raging Bolt|0 fnt
|faint|p1a: Raging Bolt
|-end|p1a: Raging Bolt|Protosynthesis|[silent]
|
|-fieldend|move: Grassy Terrain
|upkeep
|
|t:|1758328275
|switch|p1a: Cinderace|Cinderace, M|100/100
|turn|9
|
|t:|1758328283
|move|p1a: Cinderace|Will-O-Wisp|p2a: Ogerpon|[miss]
|-miss|p1a: Cinderace|p2a: Ogerpon
|move|p2a: Ogerpon|Trailblaze|p1a: Cinderace
|-resisted|p1a: Cinderace
|-damage|p1a: Cinderace|78/100
|-boost|p2a: Ogerpon|spe|1
|
|upkeep
|turn|10
|
|t:|1758328287
|move|p1a: Cinderace|Sucker Punch|p2a: Ogerpon
|-start|p1a: Cinderace|typechange|Dark|[from] ability: Libero
|-damage|p2a: Ogerpon|53/100
|move|p2a: Ogerpon|Ivy Cudgel|p1a: Cinderace|[anim] Ivy Cudgel Water
|-damage|p1a: Cinderace|0 fnt
|faint|p1a: Cinderace
|
|upkeep
|
|t:|1758328289
|switch|p1a: Gengar|Gengar, M|100/100
|turn|11
|
|t:|1758328294
|-terastallize|p1a: Gengar|Ghost
|move|p1a: Gengar|Shadow Ball|p2a: Ogerpon
|-damage|p2a: Ogerpon|0 fnt
|faint|p2a: Ogerpon
|
|upkeep
|
|t:|1758328298
|switch|p2a: Heatran|Heatran, F, shiny|100/100
|turn|12
|
|t:|1758328301
|move|p1a: Gengar|Shadow Ball|p2a: Heatran
|-damage|p2a: Heatran|66/100
|move|p2a: Heatran|Magma Storm|p1a: Gengar
|-damage|p1a: Gengar|29/100
|-activate|p1a: Gengar|move: Magma Storm|[of] p2a: Heatran
|
|-heal|p2a: Heatran|72/100|[from] item: Leftovers
|-damage|p1a: Gengar|17/100|[from] move: Magma Storm|[partiallytrapped]
|upkeep
|turn|13
|
|t:|1758328307
|move|p1a: Gengar|Shadow Ball|p2a: Heatran
|-damage|p2a: Heatran|39/100
|-unboost|p2a: Heatran|spd|1
|move|p2a: Heatran|Magma Storm|p1a: Gengar
|-damage|p1a: Gengar|0 fnt
|faint|p1a: Gengar
|
|-heal|p2a: Heatran|45/100|[from] item: Leftovers
|upkeep
|
|t:|1758328311
|switch|p1a: Ogerpon|Ogerpon-Wellspring, F|100/100
|turn|14
|
|t:|1758328322
|move|p1a: Ogerpon|Ivy Cudgel|p2a: Heatran|[anim] Ivy Cudgel Water
|-supereffective|p2a: Heatran
|-damage|p2a: Heatran|0 fnt
|faint|p2a: Heatran
|
|upkeep
|
|t:|1758328326
|switch|p2a: Glimmora|Glimmora, F, shiny|100/100
|turn|15
|
|t:|1758328330
|move|p1a: Ogerpon|Ivy Cudgel|p2a: Glimmora|[anim] Ivy Cudgel Water
|-supereffective|p2a: Glimmora
|-damage|p2a: Glimmora|0 fnt
|-activate|p2a: Glimmora|ability: Toxic Debris
|-sidestart|p1: lolcano46|move: Toxic Spikes
|faint|p2a: Glimmora
|
|upkeep
|
|t:|1758328331
|switch|p2a: Gholdengo|Gholdengo|100/100
|turn|16
|
|t:|1758328338
|move|p1a: Ogerpon|Ivy Cudgel|p2a: Gholdengo|[anim] Ivy Cudgel Water
|-damage|p2a: Gholdengo|55/100
|move|p2a: Gholdengo|Nasty Plot|p2a: Gholdengo
|-boost|p2a: Gholdengo|spa|2
|
|upkeep
|turn|17
|
|t:|1758328343
|move|p1a: Ogerpon|Ivy Cudgel|p2a: Gholdengo|[anim] Ivy Cudgel Water
|-damage|p2a: Gholdengo|13/100
|move|p2a: Gholdengo|Recover|p2a: Gholdengo
|-heal|p2a: Gholdengo|63/100
|
|upkeep
|turn|18
|
|t:|1758328348
|move|p1a: Ogerpon|Ivy Cudgel|p2a: Gholdengo|[anim] Ivy Cudgel Water
|-damage|p2a: Gholdengo|21/100
|move|p2a: Gholdengo|Recover|p2a: Gholdengo
|-heal|p2a: Gholdengo|71/100
|
|upkeep
|turn|19
|
|t:|1758328352
|move|p1a: Ogerpon|Ivy Cudgel|p2a: Gholdengo|[anim] Ivy Cudgel Water
|-damage|p2a: Gholdengo|33/100
|move|p2a: Gholdengo|Recover|p2a: Gholdengo
|-heal|p2a: Gholdengo|83/100
|
|upkeep
|turn|20
|
|t:|1758328358
|move|p1a: Ogerpon|Swords Dance|p1a: Ogerpon
|-boost|p1a: Ogerpon|atk|2
|move|p2a: Gholdengo|Recover|p2a: Gholdengo
|-heal|p2a: Gholdengo|100/100
|
|upkeep
|turn|21
|
|t:|1758328361
|move|p1a: Ogerpon|Ivy Cudgel|p2a: Gholdengo|[anim] Ivy Cudgel Water
|-damage|p2a: Gholdengo|18/100
|move|p2a: Gholdengo|Shadow Ball|p1a: Ogerpon
|-damage|p1a: Ogerpon|24/100
|-unboost|p1a: Ogerpon|spd|1
|
|upkeep
|turn|22
|
|t:|1758328366
|move|p1a: Ogerpon|Ivy Cudgel|p2a: Gholdengo|[anim] Ivy Cudgel Water
|-damage|p2a: Gholdengo|0 fnt
|faint|p2a: Gholdengo
|
|win|lolcano46
|raw|lolcano46's rating: 1546 &rarr; <strong>1566</strong><br />(+20 for winning)
|raw|v1n001's rating: 1553 &rarr; <strong>1533</strong><br />(-20 for losing)
|l|‽v1n001
|player|p2|
|l|☆lolcano46
|player|p1|
