|j|‽DiggerCock
|j|☆SpinAga1n
|t:|1758316255
|gametype|singles
|player|p1|DiggerCock|sage|1105
|player|p2|SpinAga1n|dawn-gen4pt|1164
|gen|9
|tier|[Gen 9] OU
|rated|
|rule|HP Percentage Mod: HP is shown in percentages
|rule|Endless Battle Clause: Forcing endless battles is banned
|rule|Species Clause: Limit one of each Pokémon
|rule|OHKO Clause: OHKO moves are banned
|rule|Evasion Items Clause: Evasion items are banned
|rule|Evasion Moves Clause: Evasion moves are banned
|rule|Evasion Abilities Clause: Evasion abilities are banned
|rule|Sleep Moves Clause: Sleep-inducing moves are banned
|clearpoke
|poke|p1|Polteageist-Antique|
|poke|p1|Mew|
|poke|p1|Corviknight, F|
|poke|p1|Cloyster, M|
|poke|p1|Torterra, M|
|poke|p1|Clodsire, F|
|poke|p2|Okidogi, M|
|poke|p2|Ogerpon-Wellspring, F|
|poke|p2|Darkrai|
|poke|p2|Great Tusk|
|poke|p2|Iron Leaves|
|poke|p2|Glastrier|
|teampreview
|inactive|Battle timer is ON: inactive players will automatically lose when time's up. (requested by SpinAga1n)
|
|t:|1758316272
|teamsize|p1|6
|teamsize|p2|6
|start
|switch|p1a: Mew|Mew|100/100
|switch|p2a: Darkrai|Darkrai|100/100
|turn|1
|
|t:|1758316278
|move|p2a: Darkrai|Dark Pulse|p1a: Mew
|-supereffective|p1a: Mew
|-damage|p1a: Mew|30/100
|move|p1a: Mew|Toxic|p2a: Darkrai
|-status|p2a: Darkrai|tox
|
|-heal|p1a: Mew|36/100|[from] item: Leftovers
|-damage|p2a: Darkrai|94/100 tox|[from] psn
|upkeep
|turn|2
|
|t:|1758316290
|switch|p1a: Clodsire|Clodsire, F|100/100
|move|p2a: Darkrai|Dark Pulse|p1a: Clodsire
|-damage|p1a: Clodsire|78/100
|
|-heal|p1a: Clodsire|84/100|[from] item: Leftovers
|-damage|p2a: Darkrai|82/100 tox|[from] psn
|upkeep
|turn|3
|
|t:|1758316300
|move|p2a: Darkrai|Psychic|p1a: Clodsire
|-supereffective|p1a: Clodsire
|-damage|p1a: Clodsire|51/100
|move|p1a: Clodsire|Stealth Rock|p2a: Darkrai
|-sidestart|p2: SpinAga1n|move: Stealth Rock
|
|-heal|p1a: Clodsire|58/100|[from] item: Leftovers
|-damage|p2a: Darkrai|64/100 tox|[from] psn
|upkeep
|turn|4
|
|t:|1758316313
|switch|p2a: Ogerpon|Ogerpon-Wellspring, F|100/100
|-damage|p2a: Ogerpon|88/100|[from] Stealth Rock
|switch|p1a: Mew|Mew|36/100
|
|-heal|p1a: Mew|43/100|[from] item: Leftovers
|upkeep
|turn|5
|
|t:|1758316321
|move|p2a: Ogerpon|Ivy Cudgel|p1a: Mew|[anim] Ivy Cudgel Water
|-damage|p1a: Mew|0 fnt
|faint|p1a: Mew
|
|upkeep
|
|t:|1758316329
|switch|p1a: Corviknight|Corviknight, F|100/100
|-ability|p1a: Corviknight|Pressure
|turn|6
|
|t:|1758316335
|move|p2a: Ogerpon|Ivy Cudgel|p1a: Corviknight|[anim] Ivy Cudgel Water
|-damage|p1a: Corviknight|64/100
|move|p1a: Corviknight|Brave Bird|p2a: Ogerpon
|-supereffective|p2a: Ogerpon
|-damage|p2a: Ogerpon|0 fnt
|faint|p2a: Ogerpon
|-damage|p1a: Corviknight|43/100|[from] Recoil
|
|upkeep
|
|t:|1758316345
|switch|p2a: Darkrai|Darkrai|64/100 tox
|turn|7
|
|t:|1758316350
|move|p2a: Darkrai|Dark Pulse|p1a: Corviknight
|-damage|p1a: Corviknight|3/100
|cant|p1a: Corviknight|flinch
|
|-damage|p2a: Darkrai|58/100 tox|[from] psn
|upkeep
|turn|8
|
|t:|1758316357
|switch|p1a: Clodsire|Clodsire, F|58/100
|move|p2a: Darkrai|Dark Pulse|p1a: Clodsire
|-damage|p1a: Clodsire|36/100
|
|-heal|p1a: Clodsire|43/100|[from] item: Leftovers
|-damage|p2a: Darkrai|46/100 tox|[from] psn
|upkeep
|turn|9
|
|t:|1758316370
|move|p2a: Darkrai|Ice Beam|p1a: Clodsire
|-supereffective|p1a: Clodsire
|-damage|p1a: Clodsire|7/100
|move|p1a: Clodsire|Recover|p1a: Clodsire
|-heal|p1a: Clodsire|57/100
|
|-heal|p1a: Clodsire|63/100|[from] item: Leftovers
|-damage|p2a: Darkrai|28/100 tox|[from] psn
|upkeep
|turn|10
|
|t:|1758316378
|switch|p2a: Great Tusk|Great Tusk|100/100
|-damage|p2a: Great Tusk|98/100|[from] Stealth Rock
|-enditem|p2a: Great Tusk|Booster Energy
|-activate|p2a: Great Tusk|ability: Protosynthesis|[fromitem]
|-start|p2a: Great Tusk|protosynthesisatk
|move|p1a: Clodsire|Recover|p1a: Clodsire
|-heal|p1a: Clodsire|100/100
|
|upkeep
|turn|11
|
|t:|1758316390
|switch|p1a: Corviknight|Corviknight, F|3/100
|-ability|p1a: Corviknight|Pressure
|move|p2a: Great Tusk|Rapid Spin|p1a: Corviknight
|-resisted|p1a: Corviknight
|-damage|p1a: Corviknight|0 fnt
|-boost|p2a: Great Tusk|spe|1
|-damage|p2a: Great Tusk|81/100|[from] item: Rocky Helmet|[of] p1a: Corviknight
|-sideend|p2: SpinAga1n|Stealth Rock|[from] move: Rapid Spin|[of] p2a: Great Tusk
|faint|p1a: Corviknight
|
|upkeep
|
|t:|1758316401
|switch|p1a: Torterra|Torterra, M|100/100
|turn|12
|
|t:|1758316411
|move|p2a: Great Tusk|Close Combat|p1a: Torterra
|-damage|p1a: Torterra|16/100
|-unboost|p2a: Great Tusk|def|1
|-unboost|p2a: Great Tusk|spd|1
|move|p1a: Torterra|Bullet Seed|p2a: Great Tusk
|-supereffective|p2a: Great Tusk
|-damage|p2a: Great Tusk|55/100
|-supereffective|p2a: Great Tusk
|-damage|p2a: Great Tusk|29/100
|-supereffective|p2a: Great Tusk
|-damage|p2a: Great Tusk|1/100
|-supereffective|p2a: Great Tusk
|-damage|p2a: Great Tusk|0 fnt
|faint|p2a: Great Tusk
|-end|p2a: Great Tusk|Protosynthesis|[silent]
|-hitcount|p2: Great Tusk|4
|
|upkeep
|
|t:|1758316417
|switch|p2a: Darkrai|Darkrai|28/100 tox
|turn|13
|
|t:|1758316429
|switch|p1a: Clodsire|Clodsire, F|100/100
|move|p2a: Darkrai|Dark Pulse|p1a: Clodsire
|-damage|p1a: Clodsire|78/100
|
|-heal|p1a: Clodsire|84/100|[from] item: Leftovers
|-damage|p2a: Darkrai|22/100 tox|[from] psn
|upkeep
|turn|14
|
|t:|1758316443
|move|p2a: Darkrai|Ice Beam|p1a: Clodsire
|-supereffective|p1a: Clodsire
|-damage|p1a: Clodsire|49/100
|move|p1a: Clodsire|Stealth Rock|p2a: Darkrai
|-sidestart|p2: SpinAga1n|move: Stealth Rock
|
|-heal|p1a: Clodsire|55/100|[from] item: Leftovers
|-damage|p2a: Darkrai|10/100 tox|[from] psn
|upkeep
|turn|15
|
|t:|1758316454
|move|p2a: Darkrai|Dark Pulse|p1a: Clodsire
|-damage|p1a: Clodsire|33/100
|move|p1a: Clodsire|Recover|p1a: Clodsire
|-heal|p1a: Clodsire|83/100
|
|-heal|p1a: Clodsire|89/100|[from] item: Leftovers
|-damage|p2a: Darkrai|0 fnt|[from] psn
|faint|p2a: Darkrai
|upkeep
|
|t:|1758316466
|switch|p2a: Iron Leaves|Iron Leaves|100/100
|-damage|p2a: Iron Leaves|88/100|[from] Stealth Rock
|-enditem|p2a: Iron Leaves|Booster Energy
|-activate|p2a: Iron Leaves|ability: Quark Drive|[fromitem]
|-start|p2a: Iron Leaves|quarkdriveatk
|turn|16
|
|t:|1758316474
|move|p2a: Iron Leaves|Psyblade|p1a: Clodsire
|-supereffective|p1a: Clodsire
|-damage|p1a: Clodsire|0 fnt
|faint|p1a: Clodsire
|
|upkeep
|
|t:|1758316480
|switch|p1a: Polteageist|Polteageist-Antique|100/100
|turn|17
|
|t:|1758316486
|move|p2a: Iron Leaves|Psyblade|p1a: Polteageist
|-damage|p1a: Polteageist|6/100
|-ability|p1a: Polteageist|Weak Armor|boost
|-unboost|p1a: Polteageist|def|1
|-boost|p1a: Polteageist|spe|2
|-enditem|p1a: Polteageist|White Herb
|-clearnegativeboost|p1a: Polteageist|[silent]
|move|p1a: Polteageist|Substitute|p1a: Polteageist
|-fail|p1a: Polteageist|move: Substitute|[weak]
|
|upkeep
|turn|18
|
|t:|1758316497
|move|p1a: Polteageist|Shadow Ball|p2a: Iron Leaves
|-supereffective|p2a: Iron Leaves
|-damage|p2a: Iron Leaves|0 fnt
|faint|p2a: Iron Leaves
|-end|p2a: Iron Leaves|Quark Drive|[silent]
|
|upkeep
|
|t:|1758316503
|switch|p2a: Okidogi|Okidogi, M|100/100
|-damage|p2a: Okidogi|95/100|[from] Stealth Rock
|turn|19
|
|t:|1758316517
|-terastallize|p2a: Okidogi|Dark
|move|p1a: Polteageist|Stored Power|p2a: Okidogi
|-immune|p2a: Okidogi
|move|p2a: Okidogi|Crunch|p1a: Polteageist
|-supereffective|p1a: Polteageist
|-damage|p1a: Polteageist|0 fnt
|faint|p1a: Polteageist
|-damage|p2a: Okidogi|85/100|[from] item: Life Orb
|
|upkeep
|
|t:|1758316529
|switch|p1a: Torterra|Torterra, M|16/100
|turn|20
|
|t:|1758316535
|move|p2a: Okidogi|Crunch|p1a: Torterra
|-damage|p1a: Torterra|0 fnt
|faint|p1a: Torterra
|-damage|p2a: Okidogi|75/100|[from] item: Life Orb
|
|upkeep
|
|t:|1758316539
|switch|p1a: Cloyster|Cloyster, M|100/100
|turn|21
|
|t:|1758316548
|move|p2a: Okidogi|Drain Punch|p1a: Cloyster
|-supereffective|p1a: Cloyster
|-damage|p1a: Cloyster|9/100
|-heal|p2a: Okidogi|100/100|[from] drain|[of] p1a: Cloyster
|-damage|p2a: Okidogi|91/100|[from] item: Life Orb
|move|p1a: Cloyster|Razor Shell|p2a: Okidogi
|-damage|p2a: Okidogi|59/100
|
|-heal|p1a: Cloyster|15/100|[from] item: Leftovers
|upkeep
|turn|22
|
|t:|1758316558
|move|p2a: Okidogi|Crunch|p1a: Cloyster
|-damage|p1a: Cloyster|0 fnt
|faint|p1a: Cloyster
|-damage|p2a: Okidogi|49/100|[from] item: Life Orb
|
|win|SpinAga1n
|raw|DiggerCock's rating: 1105 &rarr; <strong>1084</strong><br />(-21 for losing)
|raw|SpinAga1n's rating: 1164 &rarr; <strong>1185</strong><br />(+21 for winning)
|l|‽DiggerCock
|player|p1|
