|j|☆hennyhardaway1
|j|☆alex12381723898
|t:|1758253672
|gametype|singles
|player|p1|hennyhardaway1|lucian|1342
|player|p2|alex12381723898|169|1346
|gen|9
|tier|[Gen 9] OU
|rated|
|rule|HP Percentage Mod: HP is shown in percentages
|rule|Endless Battle Clause: Forcing endless battles is banned
|rule|Species Clause: Limit one of each Pokémon
|rule|OHKO Clause: OHKO moves are banned
|rule|Evasion Items Clause: Evasion items are banned
|rule|Evasion Moves Clause: Evasion moves are banned
|rule|Evasion Abilities Clause: Evasion abilities are banned
|rule|Sleep Moves Clause: Sleep-inducing moves are banned
|clearpoke
|poke|p1|Iron Treads|
|poke|p1|Iron Valiant|
|poke|p1|Mandibuzz, F|
|poke|p1|Garganacl, M|
|poke|p1|Iron Moth|
|poke|p1|Kyurem|
|poke|p2|Kyurem|
|poke|p2|Zamazenta-*|
|poke|p2|Meowscarada, F|
|poke|p2|Ogerpon-Wellspring, F|
|poke|p2|Slowking-Galar, F|
|poke|p2|Skarmory, M|
|teampreview
|inactive|Battle timer is ON: inactive players will automatically lose when time's up. (requested by alex12381723898)
|
|t:|1758253698
|teamsize|p1|6
|teamsize|p2|6
|start
|switch|p1a: Iron Moth|Iron Moth, shiny|100/100
|switch|p2a: Ogerpon|Ogerpon-Wellspring, F|100/100
|turn|1
|
|t:|1758253706
|move|p1a: Iron Moth|Sludge Wave|p2a: Ogerpon
|-supereffective|p2a: Ogerpon
|-damage|p2a: Ogerpon|0 fnt
|faint|p2a: Ogerpon
|
|upkeep
|
|t:|1758253714
|switch|p2a: Slowking|Slowking-Galar, F|100/100
|turn|2
|
|t:|1758253718
|-end|p1a: Iron Moth|Quark Drive|[silent]
|switch|p1a: Garganacl|Garganacl, M, shiny|100/100
|move|p2a: Slowking|Psychic Noise|p1a: Garganacl
|-damage|p1a: Garganacl|81/100
|-start|p1a: Garganacl|move: Heal Block
|
|upkeep
|turn|3
|
|t:|1758253722
|move|p1a: Garganacl|Salt Cure|p2a: Slowking
|-damage|p2a: Slowking|86/100
|-start|p2a: Slowking|Salt Cure
|move|p2a: Slowking|Future Sight|p1a: Garganacl
|-start|p2a: Slowking|move: Future Sight
|
|-damage|p2a: Slowking|73/100|[from] Salt Cure
|-end|p1a: Garganacl|move: Heal Block
|upkeep
|turn|4
|
|t:|1758253726
|move|p1a: Garganacl|Curse|p1a: Garganacl
|-unboost|p1a: Garganacl|spe|1
|-boost|p1a: Garganacl|atk|1
|-boost|p1a: Garganacl|def|1
|-prepare|p2a: Slowking|Chilly Reception|[premajor]
|move|p2a: Slowking|Chilly Reception|p2a: Slowking
|-weather|Snowscape
|
|t:|1758253729
|switch|p2a: Meowscarada|Meowscarada, F|100/100|[from] Chilly Reception
|
|-weather|Snowscape|[upkeep]
|-heal|p1a: Garganacl|87/100|[from] item: Leftovers
|upkeep
|turn|5
|
|t:|1758253736
|move|p2a: Meowscarada|Flower Trick|p1a: Garganacl
|-start|p2a: Meowscarada|typechange|Grass|[from] ability: Protean
|-supereffective|p1a: Garganacl
|-crit|p1a: Garganacl
|-damage|p1a: Garganacl|19/100
|move|p1a: Garganacl|Body Press|p2a: Meowscarada
|-damage|p2a: Meowscarada|46/100
|
|-weather|Snowscape|[upkeep]
|-end|p1a: Garganacl|move: Future Sight
|-damage|p1a: Garganacl|0 fnt
|faint|p1a: Garganacl
|upkeep
|
|t:|1758253750
|switch|p1a: Iron Moth|Iron Moth, shiny|100/100
|turn|6
|
|t:|1758253754
|switch|p2a: Slowking|Slowking-Galar, F|100/100
|move|p1a: Iron Moth|Fiery Dance|p2a: Slowking
|-damage|p2a: Slowking|76/100
|-boost|p1a: Iron Moth|spa|1
|
|-weather|Snowscape|[upkeep]
|upkeep
|turn|7
|
|t:|1758253760
|move|p1a: Iron Moth|Fiery Dance|p2a: Slowking
|-damage|p2a: Slowking|37/100
|move|p2a: Slowking|Psychic Noise|p1a: Iron Moth
|-supereffective|p1a: Iron Moth
|-damage|p1a: Iron Moth|37/100
|-start|p1a: Iron Moth|move: Heal Block
|
|-weather|Snowscape|[upkeep]
|upkeep
|turn|8
|
|t:|1758253764
|move|p1a: Iron Moth|Fiery Dance|p2a: Slowking
|-damage|p2a: Slowking|0 fnt
|-boost|p1a: Iron Moth|spa|1
|faint|p2a: Slowking
|
|-weather|none
|-end|p1a: Iron Moth|move: Heal Block
|upkeep
|
|t:|1758253766
|switch|p2a: Meowscarada|Meowscarada, F|46/100
|turn|9
|
|t:|1758253772
|move|p2a: Meowscarada|Knock Off|p1a: Iron Moth
|-start|p2a: Meowscarada|typechange|Dark|[from] ability: Protean
|-damage|p1a: Iron Moth|0 fnt
|-enditem|p1a: Iron Moth|Choice Scarf|[from] move: Knock Off|[of] p2a: Meowscarada
|faint|p1a: Iron Moth
|-end|p1a: Iron Moth|Quark Drive|[silent]
|
|upkeep
|
|t:|1758253777
|switch|p1a: Iron Valiant|Iron Valiant, shiny|100/100
|turn|10
|
|t:|1758253779
|switch|p2a: Skarmory|Skarmory, M|100/100
|move|p1a: Iron Valiant|Calm Mind|p1a: Iron Valiant
|-boost|p1a: Iron Valiant|spa|1
|-boost|p1a: Iron Valiant|spd|1
|
|upkeep
|turn|11
|
|t:|1758253785
|move|p1a: Iron Valiant|Aura Sphere|p2a: Skarmory
|-damage|p2a: Skarmory|16/100
|move|p2a: Skarmory|Stealth Rock|p1a: Iron Valiant
|-sidestart|p1: hennyhardaway1|move: Stealth Rock
|
|upkeep
|turn|12
|
|t:|1758253789
|move|p1a: Iron Valiant|Aura Sphere|p2a: Skarmory
|-damage|p2a: Skarmory|0 fnt
|faint|p2a: Skarmory
|
|upkeep
|
|t:|1758253791
|switch|p2a: Zamazenta|Zamazenta|100/100
|-ability|p2a: Zamazenta|Dauntless Shield|boost
|-boost|p2a: Zamazenta|def|1
|turn|13
|
|t:|1758253795
|-terastallize|p2a: Zamazenta|Steel
|move|p2a: Zamazenta|Heavy Slam|p1a: Iron Valiant
|-supereffective|p1a: Iron Valiant
|-damage|p1a: Iron Valiant|0 fnt
|faint|p1a: Iron Valiant
|-end|p1a: Iron Valiant|Quark Drive|[silent]
|
|upkeep
|
|t:|1758253806
|switch|p1a: Kyurem|Kyurem, shiny|100/100
|-damage|p1a: Kyurem|76/100|[from] Stealth Rock
|-ability|p1a: Kyurem|Pressure
|turn|14
|
|t:|1758253812
|-terastallize|p1a: Kyurem|Ghost
|move|p2a: Zamazenta|Close Combat|p1a: Kyurem
|-immune|p1a: Kyurem
|move|p1a: Kyurem|Earth Power|p2a: Zamazenta
|-supereffective|p2a: Zamazenta
|-damage|p2a: Zamazenta|39/100
|
|-heal|p1a: Kyurem|82/100|[from] item: Leftovers
|upkeep
|turn|15
|
|t:|1758253823
|move|p2a: Zamazenta|Ice Fang|p1a: Kyurem
|-damage|p1a: Kyurem|62/100
|move|p1a: Kyurem|Earth Power|p2a: Zamazenta
|-supereffective|p2a: Zamazenta
|-damage|p2a: Zamazenta|0 fnt
|faint|p2a: Zamazenta
|
|-heal|p1a: Kyurem|68/100|[from] item: Leftovers
|upkeep
|
|t:|1758253827
|switch|p2a: Meowscarada|Meowscarada, F|46/100
|turn|16
|
|t:|1758253830
|move|p1a: Kyurem|Protect|p1a: Kyurem
|-singleturn|p1a: Kyurem|Protect
|move|p2a: Meowscarada|Knock Off|p1a: Kyurem
|-start|p2a: Meowscarada|typechange|Dark|[from] ability: Protean
|-activate|p1a: Kyurem|move: Protect
|
|-heal|p1a: Kyurem|74/100|[from] item: Leftovers
|upkeep
|turn|17
|
|t:|1758253838
|switch|p1a: Mandibuzz|Mandibuzz, F, shiny|100/100
|move|p2a: Meowscarada|Knock Off|p1a: Mandibuzz
|-resisted|p1a: Mandibuzz
|-damage|p1a: Mandibuzz|88/100
|-enditem|p1a: Mandibuzz|Heavy-Duty Boots|[from] move: Knock Off|[of] p2a: Meowscarada
|
|upkeep
|turn|18
|
|t:|1758253843
|switch|p2a: Kyurem|Kyurem|100/100
|-ability|p2a: Kyurem|Pressure
|move|p1a: Mandibuzz|Toxic|p2a: Kyurem
|-status|p2a: Kyurem|tox
|
|-damage|p2a: Kyurem|94/100 tox|[from] psn
|upkeep
|turn|19
|
|t:|1758253848
|switch|p1a: Kyurem|Kyurem, shiny, tera:Ghost|74/100
|-damage|p1a: Kyurem|62/100|[from] Stealth Rock
|-ability|p1a: Kyurem|Pressure
|move|p2a: Kyurem|Dragon Dance|p2a: Kyurem
|-boost|p2a: Kyurem|atk|1
|-boost|p2a: Kyurem|spe|1
|
|-heal|p1a: Kyurem|68/100|[from] item: Leftovers
|-damage|p2a: Kyurem|82/100 tox|[from] psn
|upkeep
|turn|20
|
|t:|1758253856
|move|p1a: Kyurem|Protect|p1a: Kyurem
|-singleturn|p1a: Kyurem|Protect
|move|p2a: Kyurem|Icicle Spear|p1a: Kyurem
|-activate|p1a: Kyurem|move: Protect
|
|-heal|p1a: Kyurem|74/100|[from] item: Leftovers
|-damage|p2a: Kyurem|64/100 tox|[from] psn
|upkeep
|turn|21
|
|t:|1758253863
|move|p2a: Kyurem|Icicle Spear|p1a: Kyurem
|-damage|p1a: Kyurem|52/100
|-damage|p1a: Kyurem|32/100
|-damage|p1a: Kyurem|12/100
|-damage|p1a: Kyurem|0 fnt
|faint|p1a: Kyurem
|-hitcount|p1: Kyurem|4
|
|-damage|p2a: Kyurem|39/100 tox|[from] psn
|upkeep
|
|t:|1758253874
|switch|p1a: Mandibuzz|Mandibuzz, F, shiny|88/100
|-damage|p1a: Mandibuzz|63/100|[from] Stealth Rock
|turn|22
|
|t:|1758253879
|move|p2a: Kyurem|Icicle Spear|p1a: Mandibuzz
|-supereffective|p1a: Mandibuzz
|-damage|p1a: Mandibuzz|40/100
|-supereffective|p1a: Mandibuzz
|-damage|p1a: Mandibuzz|17/100
|-supereffective|p1a: Mandibuzz
|-damage|p1a: Mandibuzz|0 fnt
|faint|p1a: Mandibuzz
|-hitcount|p1: Mandibuzz|3
|
|-damage|p2a: Kyurem|8/100 tox|[from] psn
|upkeep
|
|t:|1758253888
|switch|p1a: Iron Treads|Iron Treads, shiny|100/100
|-damage|p1a: Iron Treads|97/100|[from] Stealth Rock
|-enditem|p1a: Iron Treads|Booster Energy
|-activate|p1a: Iron Treads|ability: Quark Drive|[fromitem]
|-start|p1a: Iron Treads|quarkdrivespe
|turn|23
|
|t:|1758253891
|move|p1a: Iron Treads|Earthquake|p2a: Kyurem
|-damage|p2a: Kyurem|0 fnt
|faint|p2a: Kyurem
|
|upkeep
|
|t:|1758253893
|switch|p2a: Meowscarada|Meowscarada, F|46/100
|turn|24
|
|t:|1758253896
|move|p2a: Meowscarada|Flower Trick|p1a: Iron Treads
|-start|p2a: Meowscarada|typechange|Grass|[from] ability: Protean
|-crit|p1a: Iron Treads
|-damage|p1a: Iron Treads|52/100
|move|p1a: Iron Treads|Iron Head|p2a: Meowscarada
|-damage|p2a: Meowscarada|0 fnt
|faint|p2a: Meowscarada
|
|win|hennyhardaway1
|raw|hennyhardaway1's rating: 1342 &rarr; <strong>1362</strong><br />(+20 for winning)
|raw|alex12381723898's rating: 1346 &rarr; <strong>1326</strong><br />(-20 for losing)
