|j|☆TigerGhosty
|j|☆Mouu'D
|t:|1758288956
|gametype|singles
|player|p1|TigerGhosty|cheryl|1149
|player|p2|Mouu'D|buck|1154
|gen|9
|tier|[Gen 9] OU
|rated|
|rule|HP Percentage Mod: HP is shown in percentages
|rule|Endless Battle Clause: Forcing endless battles is banned
|rule|Species Clause: Limit one of each Pokémon
|rule|OHKO Clause: OHKO moves are banned
|rule|Evasion Items Clause: Evasion items are banned
|rule|Evasion Moves Clause: Evasion moves are banned
|rule|Evasion Abilities Clause: Evasion abilities are banned
|rule|Sleep Moves Clause: Sleep-inducing moves are banned
|clearpoke
|poke|p1|Porygon2|
|poke|p1|Garganacl, M|
|poke|p1|Kingambit, F|
|poke|p1|Slowking-Galar, F|
|poke|p1|Dusclops, M|
|poke|p1|Weezing-Galar, F|
|poke|p2|Slowbro, M|
|poke|p2|Diancie|
|poke|p2|Oranguru, F|
|poke|p2|Ursaluna, F|
|poke|p2|Incineroar, F|
|poke|p2|Conkeldurr, F|
|teampreview
|inactive|Battle timer is ON: inactive players will automatically lose when time's up. (requested by Mouu'D)
|
|t:|1758288980
|teamsize|p1|6
|teamsize|p2|6
|start
|switch|p1a: Porygon2|Porygon2|100/100
|switch|p2a: Xebec|Incineroar, F|100/100
|-ability|p1a: Porygon2|Download|boost
|-boost|p1a: Porygon2|atk|1
|-ability|p2a: Xebec|Intimidate|boost
|-unboost|p1a: Porygon2|atk|1
|turn|1
|
|t:|1758288997
|switch|p1a: Weezing|Weezing-Galar, F|100/100
|-ability|p1a: Weezing|Neutralizing Gas
|move|p2a: Xebec|Darkest Lariat|p1a: Weezing
|-resisted|p1a: Weezing
|-damage|p1a: Weezing|86/100
|
|upkeep
|turn|2
|
|t:|1758289008
|move|p1a: Weezing|Sludge Bomb|p2a: Xebec
|-damage|p2a: Xebec|77/100
|move|p2a: Xebec|Iron Head|p1a: Weezing
|-supereffective|p1a: Weezing
|-damage|p1a: Weezing|48/100
|
|upkeep
|turn|3
|
|t:|1758289016
|move|p1a: Weezing|Pain Split|p2a: Xebec
|-sethp|p2a: Xebec|58/100|[from] move: Pain Split|[silent]
|-sethp|p1a: Weezing|69/100|[from] move: Pain Split
|move|p2a: Xebec|Iron Head|p1a: Weezing
|-supereffective|p1a: Weezing
|-damage|p1a: Weezing|31/100
|
|upkeep
|turn|4
|
|t:|1758289025
|move|p1a: Weezing|Sludge Bomb|p2a: Xebec
|-damage|p2a: Xebec|35/100
|-enditem|p2a: Xebec|Sitrus Berry|[eat]
|-heal|p2a: Xebec|59/100|[from] item: Sitrus Berry
|move|p2a: Xebec|Iron Head|p1a: Weezing
|-supereffective|p1a: Weezing
|-damage|p1a: Weezing|0 fnt
|faint|p1a: Weezing
|-end|p1a: Weezing|ability: Neutralizing Gas
|
|upkeep
|
|t:|1758289036
|switch|p1a: Slowking|Slowking-Galar, F|100/100
|turn|5
|
|t:|1758289046
|move|p2a: Xebec|Darkest Lariat|p1a: Slowking
|-supereffective|p1a: Slowking
|-damage|p1a: Slowking|0 fnt
|faint|p1a: Slowking
|
|upkeep
|
|t:|1758289049
|switch|p1a: Garganacl|Garganacl, M|100/100
|turn|6
|
|t:|1758289069
|-terastallize|p1a: Garganacl|Water
|move|p2a: Xebec|Iron Head|p1a: Garganacl
|-resisted|p1a: Garganacl
|-damage|p1a: Garganacl|91/100
|-damage|p2a: Xebec|43/100|[from] item: Rocky Helmet|[of] p1a: Garganacl
|move|p1a: Garganacl|Curse|p1a: Garganacl
|-unboost|p1a: Garganacl|spe|1
|-boost|p1a: Garganacl|atk|1
|-boost|p1a: Garganacl|def|1
|
|upkeep
|turn|7
|inactive|Mouu'D has 120 seconds left.
|
|t:|1758289115
|switch|p2a: Chopper|Ursaluna, F|100/100
|move|p1a: Garganacl|Curse|p1a: Garganacl
|-unboost|p1a: Garganacl|spe|1
|-boost|p1a: Garganacl|atk|1
|-boost|p1a: Garganacl|def|1
|
|-status|p2a: Chopper|brn|[from] item: Flame Orb
|upkeep
|turn|8
|
|t:|1758289128
|-terastallize|p2a: Chopper|Ground
|move|p2a: Chopper|Thunder Punch|p1a: Garganacl
|-supereffective|p1a: Garganacl
|-damage|p1a: Garganacl|60/100
|-damage|p2a: Chopper|84/100 brn|[from] item: Rocky Helmet|[of] p1a: Garganacl
|move|p1a: Garganacl|Body Press|p2a: Chopper
|-damage|p2a: Chopper|50/100 brn
|
|-damage|p2a: Chopper|44/100 brn|[from] brn
|upkeep
|turn|9
|
|t:|1758289141
|switch|p2a: Jinbei|Slowbro, M, shiny|100/100
|move|p1a: Garganacl|Body Press|p2a: Jinbei
|-resisted|p2a: Jinbei
|-damage|p2a: Jinbei|87/100
|
|upkeep
|turn|10
|
|t:|1758289147
|move|p2a: Jinbei|Scald|p1a: Garganacl
|-resisted|p1a: Garganacl
|-damage|p1a: Garganacl|50/100
|move|p1a: Garganacl|Recover|p1a: Garganacl
|-heal|p1a: Garganacl|99/100
|
|upkeep
|turn|11
|
|t:|1758289154
|move|p2a: Jinbei|Scald|p1a: Garganacl
|-resisted|p1a: Garganacl
|-damage|p1a: Garganacl|91/100
|move|p1a: Garganacl|Salt Cure|p2a: Jinbei
|-damage|p2a: Jinbei|69/100
|-start|p2a: Jinbei|Salt Cure
|
|-damage|p2a: Jinbei|44/100|[from] Salt Cure
|upkeep
|turn|12
|inactive|Mouu'D has 120 seconds left.
|
|t:|1758289169
|move|p2a: Jinbei|Slack Off|p2a: Jinbei
|-heal|p2a: Jinbei|94/100
|move|p1a: Garganacl|Salt Cure|p2a: Jinbei
|-damage|p2a: Jinbei|77/100
|
|-damage|p2a: Jinbei|52/100|[from] Salt Cure
|upkeep
|turn|13
|inactive|Mouu'D has 120 seconds left.
|
|t:|1758289185
|switch|p2a: Robin|Diancie|100/100
|move|p1a: Garganacl|Curse|p1a: Garganacl
|-unboost|p1a: Garganacl|spe|1
|-boost|p1a: Garganacl|atk|1
|-boost|p1a: Garganacl|def|1
|
|upkeep
|turn|14
|
|t:|1758289193
|move|p2a: Robin|Moonblast|p1a: Garganacl
|-damage|p1a: Garganacl|62/100
|move|p1a: Garganacl|Body Press|p2a: Robin
|-damage|p2a: Robin|56/100
|
|upkeep
|turn|15
|inactive|Mouu'D has 120 seconds left.
|
|t:|1758289201
|move|p2a: Robin|Moonblast|p1a: Garganacl
|-damage|p1a: Garganacl|32/100
|-unboost|p1a: Garganacl|spa|1
|move|p1a: Garganacl|Recover|p1a: Garganacl
|-heal|p1a: Garganacl|82/100
|
|upkeep
|turn|16
|
|t:|1758289214
|move|p2a: Robin|Moonblast|p1a: Garganacl
|-damage|p1a: Garganacl|49/100
|-unboost|p1a: Garganacl|spa|1
|move|p1a: Garganacl|Body Press|p2a: Robin
|-crit|p2a: Robin
|-damage|p2a: Robin|0 fnt
|faint|p2a: Robin
|
|upkeep
|inactive|Mouu'D has 120 seconds left.
|
|t:|1758289248
|switch|p2a: Crocus|Oranguru, F|100/100
|turn|17
|
|t:|1758289267
|move|p2a: Crocus|Shadow Ball|p1a: Garganacl
|-damage|p1a: Garganacl|43/100
|move|p1a: Garganacl|Recover|p1a: Garganacl
|-heal|p1a: Garganacl|93/100
|
|upkeep
|turn|18
|
|t:|1758289276
|move|p2a: Crocus|Shadow Ball|p1a: Garganacl
|-damage|p1a: Garganacl|87/100
|move|p1a: Garganacl|Salt Cure|p2a: Crocus
|-damage|p2a: Crocus|66/100
|-start|p2a: Crocus|Salt Cure
|
|-damage|p2a: Crocus|54/100|[from] Salt Cure
|upkeep
|turn|19
|
|t:|1758289282
|move|p2a: Crocus|Psychic|p1a: Garganacl
|-damage|p1a: Garganacl|67/100
|move|p1a: Garganacl|Curse|p1a: Garganacl
|-unboost|p1a: Garganacl|spe|1
|-boost|p1a: Garganacl|atk|1
|-boost|p1a: Garganacl|def|1
|
|-damage|p2a: Crocus|41/100|[from] Salt Cure
|upkeep
|turn|20
|
|t:|1758289287
|move|p2a: Crocus|Shadow Ball|p1a: Garganacl
|-damage|p1a: Garganacl|61/100
|-unboost|p1a: Garganacl|spd|1
|move|p1a: Garganacl|Recover|p1a: Garganacl
|-heal|p1a: Garganacl|100/100
|
|-damage|p2a: Crocus|29/100|[from] Salt Cure
|upkeep
|turn|21
|inactive|Mouu'D has 120 seconds left.
|
|t:|1758289293
|move|p2a: Crocus|Psychic|p1a: Garganacl
|-damage|p1a: Garganacl|73/100
|move|p1a: Garganacl|Salt Cure|p2a: Crocus
|-damage|p2a: Crocus|0 fnt
|faint|p2a: Crocus
|
|upkeep
|inactive|Mouu'D has 120 seconds left.
|
|t:|1758289312
|switch|p2a: Jinbei|Slowbro, M, shiny|52/100
|turn|22
|
|t:|1758289315
|move|p2a: Jinbei|Scald|p1a: Garganacl
|-resisted|p1a: Garganacl
|-damage|p1a: Garganacl|60/100
|move|p1a: Garganacl|Salt Cure|p2a: Jinbei
|-damage|p2a: Jinbei|27/100
|-start|p2a: Jinbei|Salt Cure
|
|-damage|p2a: Jinbei|2/100|[from] Salt Cure
|upkeep
|turn|23
|
|t:|1758289321
|move|p2a: Jinbei|Scald|p1a: Garganacl
|-resisted|p1a: Garganacl
|-damage|p1a: Garganacl|45/100
|move|p1a: Garganacl|Recover|p1a: Garganacl
|-heal|p1a: Garganacl|95/100
|
|-damage|p2a: Jinbei|0 fnt|[from] Salt Cure
|faint|p2a: Jinbei
|upkeep
|
|t:|1758289329
|switch|p2a: Chopper|Ursaluna, F, tera:Ground|44/100 brn
|turn|24
|
|t:|1758289339
|move|p2a: Chopper|Facade|p1a: Garganacl
|-damage|p1a: Garganacl|70/100
|-damage|p2a: Chopper|27/100 brn|[from] item: Rocky Helmet|[of] p1a: Garganacl
|move|p1a: Garganacl|Body Press|p2a: Chopper
|-damage|p2a: Chopper|0 fnt
|faint|p2a: Chopper
|
|upkeep
|
|t:|1758289345
|switch|p2a: Luffy gear 4th|Conkeldurr, F|100/100
|turn|25
|
|t:|1758289353
|move|p2a: Luffy gear 4th|Knock Off|p1a: Garganacl
|-damage|p1a: Garganacl|62/100
|-damage|p2a: Luffy gear 4th|84/100|[from] item: Rocky Helmet|[of] p1a: Garganacl
|-enditem|p1a: Garganacl|Rocky Helmet|[from] move: Knock Off|[of] p2a: Luffy gear 4th
|move|p1a: Garganacl|Body Press|p2a: Luffy gear 4th
|-damage|p2a: Luffy gear 4th|27/100
|
|-status|p2a: Luffy gear 4th|brn|[from] item: Flame Orb
|upkeep
|turn|26
|
|t:|1758289361
|move|p2a: Luffy gear 4th|Drain Punch|p1a: Garganacl
|-crit|p1a: Garganacl
|-damage|p1a: Garganacl|0 fnt
|-heal|p2a: Luffy gear 4th|57/100 brn|[from] drain|[of] p1a: Garganacl
|faint|p1a: Garganacl
|
|-damage|p2a: Luffy gear 4th|51/100 brn|[from] brn
|upkeep
|
|t:|1758289369
|switch|p1a: Dusclops|Dusclops, M|100/100
|-item|p2a: Luffy gear 4th|Flame Orb|[from] ability: Frisk|[of] p1a: Dusclops
|turn|27
|
|t:|1758289374
|move|p2a: Luffy gear 4th|Knock Off|p1a: Dusclops
|-supereffective|p1a: Dusclops
|-damage|p1a: Dusclops|27/100
|-enditem|p1a: Dusclops|Eviolite|[from] move: Knock Off|[of] p2a: Luffy gear 4th
|move|p1a: Dusclops|Trick Room|p1a: Dusclops
|-fieldstart|move: Trick Room|[of] p1a: Dusclops
|
|-damage|p2a: Luffy gear 4th|45/100 brn|[from] brn
|upkeep
|turn|28
|
|t:|1758289382
|move|p2a: Luffy gear 4th|Knock Off|p1a: Dusclops
|-supereffective|p1a: Dusclops
|-damage|p1a: Dusclops|0 fnt
|faint|p1a: Dusclops
|
|-damage|p2a: Luffy gear 4th|39/100 brn|[from] brn
|upkeep
|
|t:|1758289388
|switch|p1a: Porygon2|Porygon2|100/100
|-ability|p1a: Porygon2|Download|boost
|-boost|p1a: Porygon2|spa|1
|turn|29
|
|t:|1758289391
|move|p2a: Luffy gear 4th|Drain Punch|p1a: Porygon2
|-supereffective|p1a: Porygon2
|-crit|p1a: Porygon2
|-damage|p1a: Porygon2|0 fnt
|-heal|p2a: Luffy gear 4th|84/100 brn|[from] drain|[of] p1a: Porygon2
|faint|p1a: Porygon2
|
|-damage|p2a: Luffy gear 4th|78/100 brn|[from] brn
|upkeep
|-message|TigerGhosty forfeited.
|
|win|Mouu'D
|raw|TigerGhosty's rating: 1149 &rarr; <strong>1124</strong><br />(-25 for losing)
|raw|Mouu&apos;D's rating: 1154 &rarr; <strong>1179</strong><br />(+25 for winning)
|l|☆TigerGhosty
|player|p1|
|l|☆Mouu'D
|player|p2|
