|badge|p1|bronze|gen9ou|100-6
|uhtml|medal-msg|<div class="broadcast-blue">Curious what those medals under the avatar are? PS now has Ladder Seasons! For more information, check out the <a href="https://www.smogon.com/forums/threads/3740067/">thread on Smogon.</a></div>
|badge|p2|bronze|gen9ou|100-6
|badge|p2|silver|gen9uu|30-6
|uhtml|medal-msg|<div class="broadcast-blue">Curious what those medals under the avatar are? PS now has Ladder Seasons! For more information, check out the <a href="https://www.smogon.com/forums/threads/3740067/">thread on Smogon.</a></div>
|j|☆Auburn Hills
|j|☆ulky
|t:|1758291333
|gametype|singles
|player|p1|Auburn Hills|alder|1832
|player|p2|ulky|rosa|1855
|gen|9
|tier|[Gen 9] OU
|rated|
|rule|HP Percentage Mod: HP is shown in percentages
|rule|Endless Battle Clause: Forcing endless battles is banned
|rule|Species Clause: Limit one of each Pokémon
|rule|OHKO Clause: OHKO moves are banned
|rule|Evasion Items Clause: Evasion items are banned
|rule|Evasion Moves Clause: Evasion moves are banned
|rule|Evasion Abilities Clause: Evasion abilities are banned
|rule|Sleep Moves Clause: Sleep-inducing moves are banned
|clearpoke
|poke|p1|Iron Moth|
|poke|p1|Umbreon, M|
|poke|p1|Garchomp, F|
|poke|p1|Glimmora, F|
|poke|p1|Gholdengo|
|poke|p1|Dragonite, M|
|poke|p2|Kyurem|
|poke|p2|Corviknight, F|
|poke|p2|Ting-Lu|
|poke|p2|Dondozo, F|
|poke|p2|Slowking-Galar, L99, M|
|poke|p2|Cinderace, M|
|teampreview
|
|t:|1758291343
|teamsize|p1|6
|teamsize|p2|6
|start
|switch|p1a: Rat Tally|Garchomp, F|100/100
|switch|p2a: Ting-Lu|Ting-Lu|100/100
|-ability|p2a: Ting-Lu|Vessel of Ruin
|turn|1
|
|t:|1758291351
|move|p1a: Rat Tally|Swords Dance|p1a: Rat Tally
|-boost|p1a: Rat Tally|atk|2
|move|p2a: Ting-Lu|Earthquake|p1a: Rat Tally
|-damage|p1a: Rat Tally|64/100
|
|upkeep
|turn|2
|
|t:|1758291358
|move|p1a: Rat Tally|Earthquake|p2a: Ting-Lu
|-damage|p2a: Ting-Lu|40/100
|move|p2a: Ting-Lu|Earthquake|p1a: Rat Tally
|-damage|p1a: Rat Tally|28/100
|
|-heal|p2a: Ting-Lu|46/100|[from] item: Leftovers
|upkeep
|turn|3
|
|t:|1758291363
|switch|p2a: Corviknight|Corviknight, F|100/100
|-ability|p2a: Corviknight|Pressure
|move|p1a: Rat Tally|Scale Shot|p2a: Corviknight
|-resisted|p2a: Corviknight
|-damage|p2a: Corviknight|93/100
|-resisted|p2a: Corviknight
|-damage|p2a: Corviknight|85/100
|-resisted|p2a: Corviknight
|-damage|p2a: Corviknight|76/100
|-resisted|p2a: Corviknight
|-damage|p2a: Corviknight|69/100
|-hitcount|p2a: Corviknight|4
|-unboost|p1a: Rat Tally|def|1
|-boost|p1a: Rat Tally|spe|1
|
|upkeep
|turn|4
|
|t:|1758291367
|switch|p2a: Dondozo|Dondozo, F|100/100
|-terastallize|p1a: Rat Tally|Electric
|move|p1a: Rat Tally|Tera Blast|p2a: Dondozo|[anim] Tera Blast Electric
|-supereffective|p2a: Dondozo
|-damage|p2a: Dondozo|63/100
|
|-heal|p2a: Dondozo|69/100|[from] item: Leftovers
|upkeep
|turn|5
|
|t:|1758291376
|move|p1a: Rat Tally|Tera Blast|p2a: Dondozo|[anim] Tera Blast Electric
|-supereffective|p2a: Dondozo
|-damage|p2a: Dondozo|34/100
|move|p2a: Dondozo|Waterfall|p1a: Rat Tally
|-damage|p1a: Rat Tally|2/100
|-damage|p2a: Dondozo|21/100|[from] ability: Rough Skin|[of] p1a: Rat Tally
|
|-heal|p2a: Dondozo|27/100|[from] item: Leftovers
|upkeep
|turn|6
|j| wgw2333
|
|t:|1758291385
|switch|p2a: Ting-Lu|Ting-Lu|46/100
|-ability|p2a: Ting-Lu|Vessel of Ruin
|move|p1a: Rat Tally|Scale Shot|p2a: Ting-Lu
|-damage|p2a: Ting-Lu|33/100
|-damage|p2a: Ting-Lu|18/100
|-damage|p2a: Ting-Lu|4/100
|-damage|p2a: Ting-Lu|0 fnt
|faint|p2a: Ting-Lu
|-hitcount|p2: Ting-Lu|4
|-unboost|p1a: Rat Tally|def|1
|-boost|p1a: Rat Tally|spe|1
|
|upkeep
|
|t:|1758291388
|switch|p2a: Corviknight|Corviknight, F|69/100
|-ability|p2a: Corviknight|Pressure
|turn|7
|
|t:|1758291402
|-terastallize|p2a: Corviknight|Dragon
|move|p1a: Rat Tally|Scale Shot|p2a: Corviknight|[miss]
|-miss|p1a: Rat Tally|p2a: Corviknight
|move|p2a: Corviknight|U-turn|p1a: Rat Tally
|-damage|p1a: Rat Tally|0 fnt
|-damage|p2a: Corviknight|57/100|[from] ability: Rough Skin|[of] p1a: Rat Tally
|faint|p1a: Rat Tally
|
|t:|1758291408
|switch|p2a: Kyurem|Kyurem|100/100|[from] U-turn
|-ability|p2a: Kyurem|Pressure
|
|upkeep
|
|t:|1758291415
|switch|p1a: Smino|Gholdengo|100/100
|turn|8
|
|t:|1758291421
|move|p2a: Kyurem|Protect|p2a: Kyurem
|-singleturn|p2a: Kyurem|Protect
|move|p1a: Smino|Make It Rain|p2a: Kyurem
|-activate|p2a: Kyurem|move: Protect
|
|upkeep
|turn|9
|
|t:|1758291428
|switch|p1a: Julia Jacklin|Glimmora, F|100/100
|move|p2a: Kyurem|Substitute|p2a: Kyurem
|-start|p2a: Kyurem|Substitute
|-damage|p2a: Kyurem|75/100
|
|-heal|p2a: Kyurem|82/100|[from] item: Leftovers
|upkeep
|turn|10
|
|t:|1758291431
|switch|p1a: Alvvays|Umbreon, M|100/100
|move|p2a: Kyurem|Earth Power|p1a: Alvvays
|-damage|p1a: Alvvays|83/100
|
|-heal|p2a: Kyurem|88/100|[from] item: Leftovers
|-heal|p1a: Alvvays|89/100|[from] item: Leftovers
|upkeep
|turn|11
|
|t:|1758291434
|move|p2a: Kyurem|Freeze-Dry|p1a: Alvvays
|-damage|p1a: Alvvays|70/100
|move|p1a: Alvvays|Foul Play|p2a: Kyurem
|-end|p2a: Kyurem|Substitute
|
|-heal|p2a: Kyurem|94/100|[from] item: Leftovers
|-heal|p1a: Alvvays|76/100|[from] item: Leftovers
|upkeep
|turn|12
|
|t:|1758291438
|move|p2a: Kyurem|Substitute|p2a: Kyurem
|-start|p2a: Kyurem|Substitute
|-damage|p2a: Kyurem|69/100
|move|p1a: Alvvays|Thunder Wave||[still]
|-fail|p1a: Alvvays
|
|-heal|p2a: Kyurem|75/100|[from] item: Leftovers
|-heal|p1a: Alvvays|82/100|[from] item: Leftovers
|upkeep
|turn|13
|
|t:|1758291442
|move|p2a: Kyurem|Freeze-Dry|p1a: Alvvays
|-damage|p1a: Alvvays|63/100
|move|p1a: Alvvays|Foul Play|p2a: Kyurem
|-end|p2a: Kyurem|Substitute
|
|-heal|p2a: Kyurem|81/100|[from] item: Leftovers
|-heal|p1a: Alvvays|69/100|[from] item: Leftovers
|upkeep
|turn|14
|
|t:|1758291446
|move|p2a: Kyurem|Protect|p2a: Kyurem
|-singleturn|p2a: Kyurem|Protect
|move|p1a: Alvvays|Foul Play|p2a: Kyurem
|-activate|p2a: Kyurem|move: Protect
|
|-heal|p2a: Kyurem|88/100|[from] item: Leftovers
|-heal|p1a: Alvvays|76/100|[from] item: Leftovers
|upkeep
|turn|15
|
|t:|1758291449
|move|p2a: Kyurem|Substitute|p2a: Kyurem
|-start|p2a: Kyurem|Substitute
|-damage|p2a: Kyurem|63/100
|move|p1a: Alvvays|Foul Play|p2a: Kyurem
|-end|p2a: Kyurem|Substitute
|
|-heal|p2a: Kyurem|69/100|[from] item: Leftovers
|-heal|p1a: Alvvays|82/100|[from] item: Leftovers
|upkeep
|turn|16
|
|t:|1758291452
|move|p2a: Kyurem|Protect|p2a: Kyurem
|-singleturn|p2a: Kyurem|Protect
|move|p1a: Alvvays|Foul Play|p2a: Kyurem
|-activate|p2a: Kyurem|move: Protect
|
|-heal|p2a: Kyurem|75/100|[from] item: Leftovers
|-heal|p1a: Alvvays|88/100|[from] item: Leftovers
|upkeep
|turn|17
|
|t:|1758291454
|move|p2a: Kyurem|Substitute|p2a: Kyurem
|-start|p2a: Kyurem|Substitute
|-damage|p2a: Kyurem|50/100
|move|p1a: Alvvays|Foul Play|p2a: Kyurem
|-end|p2a: Kyurem|Substitute
|
|-heal|p2a: Kyurem|56/100|[from] item: Leftovers
|-heal|p1a: Alvvays|94/100|[from] item: Leftovers
|upkeep
|turn|18
|
|t:|1758291457
|move|p2a: Kyurem|Substitute|p2a: Kyurem
|-start|p2a: Kyurem|Substitute
|-damage|p2a: Kyurem|31/100
|move|p1a: Alvvays|Thunder Wave|p2a: Kyurem|[miss]
|-miss|p1a: Alvvays|p2a: Kyurem
|
|-heal|p2a: Kyurem|37/100|[from] item: Leftovers
|-heal|p1a: Alvvays|99/100|[from] item: Leftovers
|upkeep
|turn|19
|
|t:|1758291460
|move|p2a: Kyurem|Protect|p2a: Kyurem
|-singleturn|p2a: Kyurem|Protect
|move|p1a: Alvvays|Thunder Wave|p2a: Kyurem
|-activate|p2a: Kyurem|move: Protect
|
|-heal|p2a: Kyurem|44/100|[from] item: Leftovers
|-heal|p1a: Alvvays|100/100|[from] item: Leftovers
|upkeep
|turn|20
|
|t:|1758291465
|move|p2a: Kyurem|Freeze-Dry|p1a: Alvvays
|-damage|p1a: Alvvays|82/100
|move|p1a: Alvvays|Foul Play|p2a: Kyurem
|-end|p2a: Kyurem|Substitute
|
|-heal|p2a: Kyurem|50/100|[from] item: Leftovers
|-heal|p1a: Alvvays|88/100|[from] item: Leftovers
|upkeep
|turn|21
|
|t:|1758291469
|move|p2a: Kyurem|Protect|p2a: Kyurem
|-singleturn|p2a: Kyurem|Protect
|move|p1a: Alvvays|Foul Play|p2a: Kyurem
|-activate|p2a: Kyurem|move: Protect
|
|-heal|p2a: Kyurem|56/100|[from] item: Leftovers
|-heal|p1a: Alvvays|94/100|[from] item: Leftovers
|upkeep
|turn|22
|
|t:|1758291472
|move|p2a: Kyurem|Substitute|p2a: Kyurem
|-start|p2a: Kyurem|Substitute
|-damage|p2a: Kyurem|31/100
|move|p1a: Alvvays|Foul Play|p2a: Kyurem
|-end|p2a: Kyurem|Substitute
|
|-heal|p2a: Kyurem|37/100|[from] item: Leftovers
|-heal|p1a: Alvvays|100/100|[from] item: Leftovers
|upkeep
|turn|23
|
|t:|1758291476
|move|p2a: Kyurem|Protect|p2a: Kyurem
|-singleturn|p2a: Kyurem|Protect
|move|p1a: Alvvays|Thunder Wave|p2a: Kyurem
|-activate|p2a: Kyurem|move: Protect
|
|-heal|p2a: Kyurem|43/100|[from] item: Leftovers
|upkeep
|turn|24
|
|t:|1758291479
|move|p2a: Kyurem|Substitute|p2a: Kyurem
|-start|p2a: Kyurem|Substitute
|-damage|p2a: Kyurem|18/100
|move|p1a: Alvvays|Foul Play|p2a: Kyurem
|-end|p2a: Kyurem|Substitute
|
|-heal|p2a: Kyurem|25/100|[from] item: Leftovers
|upkeep
|turn|25
|
|t:|1758291482
|move|p2a: Kyurem|Protect|p2a: Kyurem
|-singleturn|p2a: Kyurem|Protect
|move|p1a: Alvvays|Thunder Wave|p2a: Kyurem
|-activate|p2a: Kyurem|move: Protect
|
|-heal|p2a: Kyurem|31/100|[from] item: Leftovers
|upkeep
|turn|26
|
|t:|1758291489
|switch|p2a: Corviknight|Corviknight, F, tera:Dragon|57/100
|-ability|p2a: Corviknight|Pressure
|move|p1a: Alvvays|Foul Play|p2a: Corviknight
|-damage|p2a: Corviknight|39/100
|-damage|p1a: Alvvays|84/100|[from] item: Rocky Helmet|[of] p2a: Corviknight
|
|-heal|p1a: Alvvays|90/100|[from] item: Leftovers
|upkeep
|turn|27
|
|t:|1758291492
|move|p2a: Corviknight|U-turn|p1a: Alvvays
|-supereffective|p1a: Alvvays
|-damage|p1a: Alvvays|66/100
|
|t:|1758291498
|switch|p2a: Dondozo|Dondozo, F|27/100|[from] U-turn
|move|p1a: Alvvays|Thunder Wave|p2a: Dondozo
|-status|p2a: Dondozo|par
|
|-heal|p1a: Alvvays|72/100|[from] item: Leftovers
|-heal|p2a: Dondozo|34/100 par|[from] item: Leftovers
|upkeep
|turn|28
|
|t:|1758291501
|switch|p1a: Julia Jacklin|Glimmora, F|100/100
|move|p2a: Dondozo|Rest|p2a: Dondozo
|-status|p2a: Dondozo|slp|[from] move: Rest
|-heal|p2a: Dondozo|100/100 slp|[silent]
|
|upkeep
|turn|29
|
|t:|1758291514
|switch|p2a: Kyurem|Kyurem|31/100
|-ability|p2a: Kyurem|Pressure
|move|p1a: Julia Jacklin|Stealth Rock|p2a: Kyurem
|-sidestart|p2: ulky|move: Stealth Rock
|
|-heal|p2a: Kyurem|37/100|[from] item: Leftovers
|upkeep
|turn|30
|
|t:|1758291518
|move|p2a: Kyurem|Earth Power|p1a: Julia Jacklin
|-supereffective|p1a: Julia Jacklin
|-enditem|p1a: Julia Jacklin|Focus Sash
|-damage|p1a: Julia Jacklin|1/100
|move|p1a: Julia Jacklin|Sludge Wave|p2a: Kyurem
|-damage|p2a: Kyurem|0 fnt
|faint|p2a: Kyurem
|
|upkeep
|
|t:|1758291522
|switch|p2a: Cinderace|Cinderace, M|100/100
|turn|31
|
|t:|1758291525
|move|p2a: Cinderace|Pyro Ball|p1a: Julia Jacklin
|-resisted|p1a: Julia Jacklin
|-damage|p1a: Julia Jacklin|0 fnt
|-activate|p1a: Julia Jacklin|ability: Toxic Debris
|-sidestart|p2: ulky|move: Toxic Spikes
|faint|p1a: Julia Jacklin
|
|upkeep
|
|t:|1758291531
|switch|p1a: Elucid|Dragonite, M|100/100
|turn|32
|
|t:|1758291533
|move|p2a: Cinderace|Will-O-Wisp|p1a: Elucid|[miss]
|-miss|p2a: Cinderace|p1a: Elucid
|move|p1a: Elucid|Earthquake|p2a: Cinderace
|-supereffective|p2a: Cinderace
|-damage|p2a: Cinderace|0 fnt
|faint|p2a: Cinderace
|
|upkeep
|
|t:|1758291547
|switch|p2a: Dondozo|Dondozo, F|100/100 slp
|-damage|p2a: Dondozo|88/100 slp|[from] Stealth Rock
|turn|33
|
|t:|1758291550
|switch|p1a: Smino|Gholdengo|100/100
|cant|p2a: Dondozo|slp
|
|-heal|p2a: Dondozo|94/100 slp|[from] item: Leftovers
|upkeep
|turn|34
|
|t:|1758291554
|move|p1a: Smino|Trick|p2a: Dondozo
|-activate|p1a: Smino|move: Trick|[of] p2a: Dondozo
|-item|p2a: Dondozo|Choice Scarf|[from] move: Trick
|-item|p1a: Smino|Leftovers|[from] move: Trick
|cant|p2a: Dondozo|slp
|
|upkeep
|turn|35
|
|t:|1758291557
|move|p1a: Smino|Shadow Ball|p2a: Dondozo
|-damage|p2a: Dondozo|54/100 slp
|-curestatus|p2a: Dondozo|slp|[msg]
|move|p2a: Dondozo|Waterfall|p1a: Smino
|-damage|p1a: Smino|71/100
|
|-heal|p1a: Smino|77/100|[from] item: Leftovers
|upkeep
|turn|36
|-message|ulky forfeited.
|
|win|Auburn Hills
|raw|Auburn Hills's rating: 1832 &rarr; <strong>1853</strong><br />(+21 for winning)
|raw|ulky's rating: 1855 &rarr; <strong>1834</strong><br />(-21 for losing)
|l|☆Auburn Hills
|player|p1|
|l|☆ulky
|player|p2|
|l| wgw2333
