|j|☆Wafffkfkjjjyhg
|j|☆chillen regeneres
|t:|1758375631
|gametype|singles
|player|p1|Wafffkfkjjjyhg|102|1267
|player|p2|chillen regeneres|shauntal|1234
|gen|9
|tier|[Gen 9] OU
|rated|
|rule|HP Percentage Mod: HP is shown in percentages
|rule|Endless Battle Clause: Forcing endless battles is banned
|rule|Species Clause: Limit one of each Pokémon
|rule|OHKO Clause: OHKO moves are banned
|rule|Evasion Items Clause: Evasion items are banned
|rule|Evasion Moves Clause: Evasion moves are banned
|rule|Evasion Abilities Clause: Evasion abilities are banned
|rule|Sleep Moves Clause: Sleep-inducing moves are banned
|clearpoke
|poke|p1|Chansey, F|
|poke|p1|Dragonite, F|
|poke|p1|Mandibuzz, F|
|poke|p1|Ceruledge, F|
|poke|p1|Walking Wake|
|poke|p1|Serperior, M|
|poke|p2|Iron Moth|
|poke|p2|Ceruledge, M|
|poke|p2|Zamazenta-*|
|poke|p2|Iron Treads|
|poke|p2|Clefable, F|
|poke|p2|Walking Wake|
|teampreview
|
|t:|1758375646
|teamsize|p1|6
|teamsize|p2|6
|start
|switch|p1a: Walking Wake|Walking Wake|100/100
|switch|p2a: Iron Treads|Iron Treads|100/100
|turn|1
|l|☆Wafffkfkjjjyhg
|player|p1|
|inactive|Battle timer is ON: inactive players will automatically lose when time's up. (requested by chillen regeneres)
|j|☆Wafffkfkjjjyhg
|inactive|Wafffkfkjjjyhg reconnected and has 140 seconds left.
|player|p1|Wafffkfkjjjyhg|102|
|
|t:|1758375732
|-end|p2a: Iron Treads|Quark Drive|[silent]
|switch|p2a: Walking Wake|Walking Wake|100/100
|move|p1a: Walking Wake|Scald|p2a: Walking Wake
|-resisted|p2a: Walking Wake
|-damage|p2a: Walking Wake|89/100
|-status|p2a: Walking Wake|brn
|
|-damage|p2a: Walking Wake|83/100 brn|[from] brn
|upkeep
|turn|2
|inactive|chillen regeneres has 120 seconds left.
|
|t:|1758375766
|-end|p1a: Walking Wake|Protosynthesis|[silent]
|switch|p1a: Chansey|Chansey, F|100/100
|move|p2a: Walking Wake|Flip Turn|p1a: Chansey
|-damage|p1a: Chansey|95/100
|
|t:|1758375770
|-end|p2a: Walking Wake|Protosynthesis|[silent]
|switch|p2a: Iron Treads|Iron Treads|100/100|[from] Flip Turn
|
|upkeep
|turn|3
|
|t:|1758375788
|switch|p1a: Mandibuzz|Mandibuzz, F|100/100
|move|p2a: Iron Treads|Stealth Rock|p1a: Mandibuzz
|-sidestart|p1: Wafffkfkjjjyhg|move: Stealth Rock
|
|upkeep
|turn|4
|
|t:|1758375797
|move|p2a: Iron Treads|Knock Off|p1a: Mandibuzz
|-resisted|p1a: Mandibuzz
|-damage|p1a: Mandibuzz|94/100
|-damage|p2a: Iron Treads|84/100|[from] item: Rocky Helmet|[of] p1a: Mandibuzz
|-enditem|p1a: Mandibuzz|Rocky Helmet|[from] move: Knock Off|[of] p2a: Iron Treads
|move|p1a: Mandibuzz|Defog|p2a: Iron Treads
|-unboost|p2a: Iron Treads|evasion|1
|-sideend|p1: Wafffkfkjjjyhg|Stealth Rock|[from] move: Defog|[of] p1a: Mandibuzz
|
|-heal|p2a: Iron Treads|90/100|[from] item: Leftovers
|upkeep
|turn|5
|
|t:|1758375809
|move|p2a: Iron Treads|Stealth Rock|p1a: Mandibuzz
|-sidestart|p1: Wafffkfkjjjyhg|move: Stealth Rock
|move|p1a: Mandibuzz|Foul Play|p2a: Iron Treads
|-damage|p2a: Iron Treads|64/100
|
|-heal|p2a: Iron Treads|70/100|[from] item: Leftovers
|upkeep
|turn|6
|
|t:|1758375821
|-end|p2a: Iron Treads|Quark Drive|[silent]
|switch|p2a: Walking Wake|Walking Wake|83/100 brn
|move|p1a: Mandibuzz|Defog|p2a: Walking Wake
|-unboost|p2a: Walking Wake|evasion|1
|-sideend|p1: Wafffkfkjjjyhg|Stealth Rock|[from] move: Defog|[of] p1a: Mandibuzz
|
|-damage|p2a: Walking Wake|76/100 brn|[from] brn
|upkeep
|turn|7
|
|t:|1758375830
|switch|p1a: Chansey|Chansey, F|95/100
|move|p2a: Walking Wake|Surf|p1a: Chansey
|-damage|p1a: Chansey|77/100
|
|-damage|p2a: Walking Wake|70/100 brn|[from] brn
|upkeep
|turn|8
|
|t:|1758375850
|-end|p2a: Walking Wake|Protosynthesis|[silent]
|switch|p2a: Iron Treads|Iron Treads|70/100
|move|p1a: Chansey|Seismic Toss|p2a: Iron Treads
|-damage|p2a: Iron Treads|44/100
|
|-heal|p2a: Iron Treads|50/100|[from] item: Leftovers
|upkeep
|turn|9
|
|t:|1758375861
|switch|p1a: Mandibuzz|Mandibuzz, F|94/100
|move|p2a: Iron Treads|Knock Off|p1a: Mandibuzz
|-resisted|p1a: Mandibuzz
|-damage|p1a: Mandibuzz|89/100
|
|-heal|p2a: Iron Treads|56/100|[from] item: Leftovers
|upkeep
|turn|10
|
|t:|1758375870
|move|p2a: Iron Treads|Stealth Rock|p1a: Mandibuzz
|-sidestart|p1: Wafffkfkjjjyhg|move: Stealth Rock
|move|p1a: Mandibuzz|Foul Play|p2a: Iron Treads
|-damage|p2a: Iron Treads|30/100
|
|-heal|p2a: Iron Treads|36/100|[from] item: Leftovers
|upkeep
|turn|11
|
|t:|1758375878
|-end|p2a: Iron Treads|Quark Drive|[silent]
|switch|p2a: Clefable|Clefable, F|100/100
|move|p1a: Mandibuzz|Defog|p2a: Clefable
|-unboost|p2a: Clefable|evasion|1
|-sideend|p1: Wafffkfkjjjyhg|Stealth Rock|[from] move: Defog|[of] p1a: Mandibuzz
|
|upkeep
|turn|12
|
|t:|1758375885
|switch|p1a: Serperior|Serperior, M|100/100
|move|p2a: Clefable|Thunder Wave|p1a: Serperior
|-status|p1a: Serperior|par
|
|upkeep
|turn|13
|
|t:|1758375892
|move|p1a: Serperior|Leaf Storm|p2a: Clefable
|-damage|p2a: Clefable|53/100
|-boost|p1a: Serperior|spa|2
|move|p2a: Clefable|Calm Mind|p2a: Clefable
|-boost|p2a: Clefable|spa|1
|-boost|p2a: Clefable|spd|1
|
|-heal|p2a: Clefable|59/100|[from] item: Leftovers
|upkeep
|turn|14
|
|t:|1758375902
|move|p1a: Serperior|Leaf Storm|p2a: Clefable
|-damage|p2a: Clefable|1/100
|-boost|p1a: Serperior|spa|2
|move|p2a: Clefable|Moonblast|p1a: Serperior
|-damage|p1a: Serperior|41/100 par
|-boost|p1a: Serperior|spa|1
|
|-heal|p1a: Serperior|47/100 par|[from] item: Leftovers
|-heal|p2a: Clefable|7/100|[from] item: Leftovers
|upkeep
|turn|15
|
|t:|1758375913
|move|p1a: Serperior|Leaf Storm|p2a: Clefable
|-damage|p2a: Clefable|0 fnt
|-boost|p1a: Serperior|spa|1
|faint|p2a: Clefable
|
|-heal|p1a: Serperior|53/100 par|[from] item: Leftovers
|upkeep
|
|t:|1758375915
|switch|p2a: Iron Moth|Iron Moth|100/100
|turn|16
|
|t:|1758375925
|move|p2a: Iron Moth|Fiery Dance|p1a: Serperior
|-supereffective|p1a: Serperior
|-damage|p1a: Serperior|0 fnt
|faint|p1a: Serperior
|
|upkeep
|
|t:|1758375930
|switch|p1a: Walking Wake|Walking Wake|100/100
|turn|17
|
|t:|1758375937
|-terastallize|p2a: Iron Moth|Fairy
|move|p1a: Walking Wake|Scald|p2a: Iron Moth
|-damage|p2a: Iron Moth|75/100
|-status|p2a: Iron Moth|brn
|move|p2a: Iron Moth|Dazzling Gleam|p1a: Walking Wake
|-supereffective|p1a: Walking Wake
|-crit|p1a: Walking Wake
|-damage|p1a: Walking Wake|0 fnt
|faint|p1a: Walking Wake
|-end|p1a: Walking Wake|Protosynthesis|[silent]
|
|-damage|p2a: Iron Moth|69/100 brn|[from] brn
|upkeep
|
|t:|1758375950
|switch|p1a: Ceruledge|Ceruledge, F|100/100
|turn|18
|
|t:|1758375959
|-end|p2a: Iron Moth|Quark Drive|[silent]
|switch|p2a: Iron Treads|Iron Treads|36/100
|move|p1a: Ceruledge|Swords Dance|p1a: Ceruledge
|-boost|p1a: Ceruledge|atk|2
|
|-heal|p2a: Iron Treads|42/100|[from] item: Leftovers
|upkeep
|turn|19
|
|t:|1758375970
|move|p2a: Iron Treads|Knock Off|p1a: Ceruledge
|-supereffective|p1a: Ceruledge
|-damage|p1a: Ceruledge|27/100
|-ability|p1a: Ceruledge|Weak Armor|boost
|-unboost|p1a: Ceruledge|def|1
|-boost|p1a: Ceruledge|spe|2
|-enditem|p1a: Ceruledge|Focus Sash|[from] move: Knock Off|[of] p2a: Iron Treads
|move|p1a: Ceruledge|Swords Dance|p1a: Ceruledge
|-boost|p1a: Ceruledge|atk|2
|
|-heal|p2a: Iron Treads|48/100|[from] item: Leftovers
|upkeep
|turn|20
|
|t:|1758375982
|move|p1a: Ceruledge|Bitter Blade|p2a: Iron Treads
|-supereffective|p2a: Iron Treads
|-damage|p2a: Iron Treads|0 fnt
|-heal|p1a: Ceruledge|58/100|[from] drain|[of] p2a: Iron Treads
|faint|p2a: Iron Treads
|-end|p2a: Iron Treads|Quark Drive|[silent]
|
|upkeep
|
|t:|1758375994
|switch|p2a: Zamazenta|Zamazenta|100/100
|-ability|p2a: Zamazenta|Dauntless Shield|boost
|-boost|p2a: Zamazenta|def|1
|turn|21
|
|t:|1758376005
|move|p1a: Ceruledge|Bitter Blade|p2a: Zamazenta
|-damage|p2a: Zamazenta|26/100
|-heal|p1a: Ceruledge|99/100|[from] drain|[of] p2a: Zamazenta
|move|p2a: Zamazenta|Crunch|p1a: Ceruledge
|-supereffective|p1a: Ceruledge
|-damage|p1a: Ceruledge|0 fnt
|faint|p1a: Ceruledge
|
|-heal|p2a: Zamazenta|32/100|[from] item: Leftovers
|upkeep
|
|t:|1758376027
|switch|p1a: Mandibuzz|Mandibuzz, F|89/100
|turn|22
|
|t:|1758376035
|move|p2a: Zamazenta|Iron Defense|p2a: Zamazenta
|-boost|p2a: Zamazenta|def|2
|move|p1a: Mandibuzz|Toxic|p2a: Zamazenta
|-status|p2a: Zamazenta|tox
|
|-heal|p2a: Zamazenta|39/100 tox|[from] item: Leftovers
|-damage|p2a: Zamazenta|32/100 tox|[from] psn
|upkeep
|turn|23
|
|t:|1758376044
|move|p2a: Zamazenta|Body Press|p1a: Mandibuzz
|-damage|p1a: Mandibuzz|36/100
|move|p1a: Mandibuzz|Roost|p1a: Mandibuzz
|-heal|p1a: Mandibuzz|86/100
|-singleturn|p1a: Mandibuzz|move: Roost
|
|-heal|p2a: Zamazenta|39/100 tox|[from] item: Leftovers
|-damage|p2a: Zamazenta|26/100 tox|[from] psn
|upkeep
|turn|24
|
|t:|1758376071
|move|p2a: Zamazenta|Iron Defense|p2a: Zamazenta
|-boost|p2a: Zamazenta|def|2
|move|p1a: Mandibuzz|Roost|p1a: Mandibuzz
|-heal|p1a: Mandibuzz|100/100
|-singleturn|p1a: Mandibuzz|move: Roost
|
|-heal|p2a: Zamazenta|32/100 tox|[from] item: Leftovers
|-damage|p2a: Zamazenta|14/100 tox|[from] psn
|upkeep
|turn|25
|
|t:|1758376082
|move|p2a: Zamazenta|Body Press|p1a: Mandibuzz
|-damage|p1a: Mandibuzz|23/100
|move|p1a: Mandibuzz|Roost|p1a: Mandibuzz
|-heal|p1a: Mandibuzz|73/100
|-singleturn|p1a: Mandibuzz|move: Roost
|
|-heal|p2a: Zamazenta|20/100 tox|[from] item: Leftovers
|-damage|p2a: Zamazenta|0 fnt|[from] psn
|faint|p2a: Zamazenta
|upkeep
|
|t:|1758376096
|switch|p2a: Iron Moth|Iron Moth, tera:Fairy|69/100 brn
|turn|26
|
|t:|1758376100
|switch|p1a: Chansey|Chansey, F|77/100
|move|p2a: Iron Moth|Fiery Dance|p1a: Chansey
|-damage|p1a: Chansey|66/100
|-boost|p2a: Iron Moth|spa|1
|
|-damage|p2a: Iron Moth|63/100 brn|[from] brn
|upkeep
|turn|27
|
|t:|1758376110
|-end|p2a: Iron Moth|Quark Drive|[silent]
|switch|p2a: Ceruledge|Ceruledge, M|100/100
|move|p1a: Chansey|Stealth Rock|p2a: Ceruledge
|-sidestart|p2: chillen regeneres|move: Stealth Rock
|
|upkeep
|turn|28
|
|t:|1758376116
|switch|p1a: Mandibuzz|Mandibuzz, F|73/100
|move|p2a: Ceruledge|Bulk Up|p2a: Ceruledge
|-boost|p2a: Ceruledge|atk|1
|-boost|p2a: Ceruledge|def|1
|
|upkeep
|turn|29
|
|t:|1758376123
|move|p2a: Ceruledge|Taunt|p1a: Mandibuzz
|-start|p1a: Mandibuzz|move: Taunt
|move|p1a: Mandibuzz|Foul Play|p2a: Ceruledge
|-supereffective|p2a: Ceruledge
|-damage|p2a: Ceruledge|3/100
|
|upkeep
|turn|30
|
|t:|1758376131
|move|p2a: Ceruledge|Bitter Blade|p1a: Mandibuzz
|-crit|p1a: Mandibuzz
|-damage|p1a: Mandibuzz|27/100
|-heal|p2a: Ceruledge|31/100|[from] drain|[of] p1a: Mandibuzz
|move|p1a: Mandibuzz|Foul Play|p2a: Ceruledge
|-supereffective|p2a: Ceruledge
|-damage|p2a: Ceruledge|0 fnt
|faint|p2a: Ceruledge
|
|upkeep
|
|t:|1758376142
|switch|p2a: Iron Moth|Iron Moth, tera:Fairy|63/100 brn
|-damage|p2a: Iron Moth|50/100 brn|[from] Stealth Rock
|turn|31
|
|t:|1758376147
|move|p2a: Iron Moth|Fiery Dance|p1a: Mandibuzz
|-damage|p1a: Mandibuzz|0 fnt
|faint|p1a: Mandibuzz
|
|-damage|p2a: Iron Moth|44/100 brn|[from] brn
|upkeep
|
|t:|1758376154
|switch|p1a: Chansey|Chansey, F|66/100
|turn|32
|
|t:|1758376162
|move|p2a: Iron Moth|Sludge Wave|p1a: Chansey
|-damage|p1a: Chansey|54/100
|move|p1a: Chansey|Seismic Toss|p2a: Iron Moth
|-damage|p2a: Iron Moth|11/100 brn
|
|-damage|p2a: Iron Moth|5/100 brn|[from] brn
|upkeep
|turn|33
|
|t:|1758376170
|move|p2a: Iron Moth|Sludge Wave|p1a: Chansey
|-damage|p1a: Chansey|41/100
|-status|p1a: Chansey|psn
|move|p1a: Chansey|Soft-Boiled|p1a: Chansey
|-heal|p1a: Chansey|91/100 psn
|
|-damage|p1a: Chansey|78/100 psn|[from] psn
|-damage|p2a: Iron Moth|0 fnt|[from] brn
|faint|p2a: Iron Moth
|-end|p2a: Iron Moth|Quark Drive|[silent]
|upkeep
|
|t:|1758376173
|switch|p2a: Walking Wake|Walking Wake|70/100 brn
|-damage|p2a: Walking Wake|58/100 brn|[from] Stealth Rock
|turn|34
|
|t:|1758376185
|-curestatus|p1a: Chansey|psn|[from] ability: Natural Cure
|switch|p1a: Dragonite|Dragonite, F|100/100
|move|p2a: Walking Wake|Draco Meteor|p1a: Dragonite
|-supereffective|p1a: Dragonite
|-damage|p1a: Dragonite|0 fnt
|-unboost|p2a: Walking Wake|spa|2
|faint|p1a: Dragonite
|
|-damage|p2a: Walking Wake|52/100 brn|[from] brn
|upkeep
|
|t:|1758376197
|switch|p1a: Chansey|Chansey, F|78/100
|turn|35
|
|t:|1758376204
|move|p2a: Walking Wake|Draco Meteor|p1a: Chansey
|-damage|p1a: Chansey|64/100
|-unboost|p2a: Walking Wake|spa|2
|move|p1a: Chansey|Seismic Toss|p2a: Walking Wake
|-damage|p2a: Walking Wake|22/100 brn
|
|-damage|p2a: Walking Wake|16/100 brn|[from] brn
|upkeep
|turn|36
|
|t:|1758376214
|move|p2a: Walking Wake|Draco Meteor|p1a: Chansey|[miss]
|-miss|p2a: Walking Wake|p1a: Chansey
|move|p1a: Chansey|Seismic Toss|p2a: Walking Wake
|-damage|p2a: Walking Wake|0 fnt
|faint|p2a: Walking Wake
|-end|p2a: Walking Wake|Protosynthesis|[silent]
|
|win|Wafffkfkjjjyhg
|raw|Wafffkfkjjjyhg's rating: 1267 &rarr; <strong>1290</strong><br />(+23 for winning)
|raw|chillen regeneres's rating: 1234 &rarr; <strong>1211</strong><br />(-23 for losing)
|l|☆chillen regeneres
|player|p2|
|l|☆Wafffkfkjjjyhg
|player|p1|
