|badge|p2|bronze|gen9ou|100-6
|uhtml|medal-msg|<div class="broadcast-blue">Curious what those medals under the avatar are? PS now has Ladder Seasons! For more information, check out the <a href="https://www.smogon.com/forums/threads/3740067/">thread on Smogon.</a></div>
|j|☆rookie22
|j|☆Rj yoip
|t:|1758295876
|gametype|singles
|player|p1|rookie22|iris-gen5bw2|1792
|player|p2|Rj yoip|caitlin-masters|1821
|gen|9
|tier|[Gen 9] OU
|rated|
|rule|HP Percentage Mod: HP is shown in percentages
|rule|Endless Battle Clause: Forcing endless battles is banned
|rule|Species Clause: Limit one of each Pokémon
|rule|OHKO Clause: OHKO moves are banned
|rule|Evasion Items Clause: Evasion items are banned
|rule|Evasion Moves Clause: Evasion moves are banned
|rule|Evasion Abilities Clause: Evasion abilities are banned
|rule|Sleep Moves Clause: Sleep-inducing moves are banned
|clearpoke
|poke|p1|Dragonite, F|
|poke|p1|Meowscarada, F|
|poke|p1|Keldeo|
|poke|p1|Iron Crown|
|poke|p1|Raging Bolt|
|poke|p1|Great Tusk|
|poke|p2|Zapdos-Galar|
|poke|p2|Darkrai|
|poke|p2|Clefable, F|
|poke|p2|Gliscor, F|
|poke|p2|Dragapult, M|
|poke|p2|Kingambit, F|
|teampreview
|inactive|Battle timer is ON: inactive players will automatically lose when time's up. (requested by rookie22)
|j| Nikator98
|j| lknnnk
|inactive|Rj yoip has 120 seconds left.
|
|t:|1758295912
|teamsize|p1|6
|teamsize|p2|6
|start
|switch|p1a: Lisan Al Gaib|Keldeo|100/100
|switch|p2a: Clefable|Clefable, F|100/100
|turn|1
|j| WalkingLake
|
|t:|1758295931
|move|p1a: Lisan Al Gaib|Surf|p2a: Clefable
|-damage|p2a: Clefable|27/100
|move|p2a: Clefable|Knock Off|p1a: Lisan Al Gaib
|-resisted|p1a: Lisan Al Gaib
|-damage|p1a: Lisan Al Gaib|91/100
|-ability|p1a: Lisan Al Gaib|Justified|boost
|-boost|p1a: Lisan Al Gaib|atk|1
|-enditem|p1a: Lisan Al Gaib|Choice Specs|[from] move: Knock Off|[of] p2a: Clefable
|
|upkeep
|turn|2
|j| jiotave
|j| FaronAan
|inactive|Rj yoip has 120 seconds left.
|
|t:|1758295965
|move|p1a: Lisan Al Gaib|Surf|p2a: Clefable
|-damage|p2a: Clefable|0 fnt
|faint|p2a: Clefable
|
|upkeep
|inactive|Rj yoip has 120 seconds left.
|
|t:|1758295970
|switch|p2a: Zapdos|Zapdos-Galar|100/100
|turn|3
|
|t:|1758295973
|switch|p1a: Raging Bolt|Raging Bolt|100/100
|move|p2a: Zapdos|Drill Peck|p1a: Raging Bolt
|-resisted|p1a: Raging Bolt
|-damage|p1a: Raging Bolt|82/100
|
|-heal|p1a: Raging Bolt|88/100|[from] item: Leftovers
|upkeep
|turn|4
|
|t:|1758295983
|switch|p2a: Gliscor|Gliscor, F|100/100
|move|p1a: Raging Bolt|Dragon Pulse|p2a: Gliscor
|-damage|p2a: Gliscor|57/100
|
|-heal|p1a: Raging Bolt|94/100|[from] item: Leftovers
|-status|p2a: Gliscor|tox|[from] item: Toxic Orb
|upkeep
|turn|5
|
|t:|1758295986
|-end|p1a: Raging Bolt|Protosynthesis|[silent]
|switch|p1a: Great Tusk|Great Tusk|100/100
|move|p2a: Gliscor|Protect||[still]
|-fail|p2a: Gliscor
|
|-heal|p2a: Gliscor|69/100 tox|[from] ability: Poison Heal
|upkeep
|turn|6
|
|t:|1758295989
|move|p2a: Gliscor|Toxic|p1a: Great Tusk
|-status|p1a: Great Tusk|tox
|move|p1a: Great Tusk|Ice Spinner|p2a: Gliscor
|-supereffective|p2a: Gliscor
|-damage|p2a: Gliscor|0 fnt
|faint|p2a: Gliscor
|
|-damage|p1a: Great Tusk|94/100 tox|[from] psn
|upkeep
|
|t:|1758295993
|switch|p2a: Zapdos|Zapdos-Galar|100/100
|turn|7
|
|t:|1758295997
|-end|p1a: Great Tusk|Protosynthesis|[silent]
|switch|p1a: Raging Bolt|Raging Bolt|94/100
|move|p2a: Zapdos|Knock Off|p1a: Raging Bolt
|-damage|p1a: Raging Bolt|66/100
|-enditem|p1a: Raging Bolt|Leftovers|[from] move: Knock Off|[of] p2a: Zapdos
|
|upkeep
|turn|8
|
|t:|1758296003
|move|p2a: Zapdos|U-turn|p1a: Raging Bolt
|-damage|p1a: Raging Bolt|47/100
|
|t:|1758296004
|switch|p2a: Darkrai|Darkrai|100/100|[from] U-turn
|move|p1a: Raging Bolt|Thunderbolt|p2a: Darkrai
|-damage|p2a: Darkrai|35/100
|
|upkeep
|turn|9
|
|t:|1758296008
|-end|p1a: Raging Bolt|Protosynthesis|[silent]
|switch|p1a: Lisan Al Gaib|Keldeo|91/100
|move|p2a: Darkrai|Dark Pulse|p1a: Lisan Al Gaib
|-resisted|p1a: Lisan Al Gaib
|-damage|p1a: Lisan Al Gaib|67/100
|-ability|p1a: Lisan Al Gaib|Justified|boost
|-boost|p1a: Lisan Al Gaib|atk|1
|
|upkeep
|turn|10
|
|t:|1758296015
|move|p2a: Darkrai|Focus Blast|p1a: Lisan Al Gaib|[miss]
|-miss|p2a: Darkrai|p1a: Lisan Al Gaib
|move|p1a: Lisan Al Gaib|Surf|p2a: Darkrai
|-damage|p2a: Darkrai|0 fnt
|faint|p2a: Darkrai
|
|upkeep
|
|t:|1758296019
|switch|p2a: Zapdos|Zapdos-Galar|100/100
|turn|11
|
|t:|1758296023
|switch|p1a: Raging Bolt|Raging Bolt|47/100
|move|p2a: Zapdos|Thunderous Kick|p1a: Raging Bolt
|-crit|p1a: Raging Bolt
|-damage|p1a: Raging Bolt|0 fnt
|faint|p1a: Raging Bolt
|-end|p1a: Raging Bolt|Protosynthesis|[silent]
|
|upkeep
|l| FaronAan
|j| FaronAan
|
|t:|1758296051
|switch|p1a: MEGA DRAGONITE|Dragonite, F|100/100
|turn|12
|
|t:|1758296054
|move|p2a: Zapdos|Thunderous Kick|p1a: MEGA DRAGONITE
|-resisted|p1a: MEGA DRAGONITE
|-damage|p1a: MEGA DRAGONITE|87/100
|-unboost|p1a: MEGA DRAGONITE|def|1
|move|p1a: MEGA DRAGONITE|Dragon Dance|p1a: MEGA DRAGONITE
|-boost|p1a: MEGA DRAGONITE|atk|1
|-boost|p1a: MEGA DRAGONITE|spe|1
|
|upkeep
|turn|13
|
|t:|1758296064
|-terastallize|p1a: MEGA DRAGONITE|Flying
|move|p1a: MEGA DRAGONITE|Tera Blast|p2a: Zapdos|[anim] Tera Blast Flying
|-supereffective|p2a: Zapdos
|-crit|p2a: Zapdos
|-damage|p2a: Zapdos|0 fnt
|faint|p2a: Zapdos
|
|upkeep
|j| wgw2333
|
|t:|1758296067
|switch|p2a: Kingambit|Kingambit, F|100/100
|-activate|p2a: Kingambit|ability: Supreme Overlord
|-start|p2a: Kingambit|fallen4|[silent]
|-item|p2a: Kingambit|Air Balloon
|turn|14
|
|t:|1758296070
|move|p1a: MEGA DRAGONITE|Tera Blast|p2a: Kingambit|[anim] Tera Blast Flying
|-resisted|p2a: Kingambit
|-damage|p2a: Kingambit|66/100
|-enditem|p2a: Kingambit|Air Balloon
|move|p2a: Kingambit|Iron Head|p1a: MEGA DRAGONITE
|-damage|p1a: MEGA DRAGONITE|0 fnt
|faint|p1a: MEGA DRAGONITE
|
|upkeep
|
|t:|1758296078
|switch|p1a: Great Tusk|Great Tusk|94/100 tox
|turn|15
|l| Nikator98
|
|t:|1758296103
|move|p1a: Great Tusk|Earthquake|p2a: Kingambit
|-supereffective|p2a: Kingambit
|-damage|p2a: Kingambit|0 fnt
|faint|p2a: Kingambit
|-end|p2a: Kingambit|fallen4|[silent]
|
|-heal|p1a: Great Tusk|100/100 tox|[from] item: Leftovers
|-damage|p1a: Great Tusk|94/100 tox|[from] psn
|upkeep
|
|t:|1758296105
|switch|p2a: Dragapult|Dragapult, M|100/100
|turn|16
|
|t:|1758296108
|move|p2a: Dragapult|Hex|p1a: Great Tusk
|-damage|p1a: Great Tusk|30/100 tox
|move|p1a: Great Tusk|Ice Spinner|p2a: Dragapult
|-supereffective|p2a: Dragapult
|-damage|p2a: Dragapult|34/100
|
|-heal|p1a: Great Tusk|36/100 tox|[from] item: Leftovers
|-damage|p1a: Great Tusk|24/100 tox|[from] psn
|upkeep
|turn|17
|-message|Rj yoip forfeited.
|
|win|rookie22
|raw|rookie22's rating: 1792 &rarr; <strong>1812</strong><br />(+20 for winning)
|raw|Rj yoip's rating: 1796 &rarr; <strong>1776</strong><br />(-20 for losing)
|l|☆Rj yoip
|player|p2|
|l|☆rookie22
|player|p1|
|l| jiotave
|l| FaronAan
