|j|☆ashgreninja16728
|j|☆Shoerun
|t:|1758249132
|gametype|singles
|player|p1|ashgreninja16728|265|1141
|player|p2|Shoerun|101|1084
|gen|9
|tier|[Gen 9] OU
|rated|
|rule|HP Percentage Mod: HP is shown in percentages
|rule|Endless Battle Clause: Forcing endless battles is banned
|rule|Species Clause: Limit one of each Pokémon
|rule|OHKO Clause: OHKO moves are banned
|rule|Evasion Items Clause: Evasion items are banned
|rule|Evasion Moves Clause: Evasion moves are banned
|rule|Evasion Abilities Clause: Evasion abilities are banned
|rule|Sleep Moves Clause: Sleep-inducing moves are banned
|clearpoke
|poke|p1|Grimmsnarl, M|
|poke|p1|Cinderace, M|
|poke|p1|Gholdengo|
|poke|p1|Walking Wake|
|poke|p1|Landorus-Therian, M|
|poke|p1|Gliscor, F|
|poke|p2|Pecharunt|
|poke|p2|Gliscor, F|
|poke|p2|Greninja-*, M|
|poke|p2|Ceruledge, M|
|poke|p2|Dragonite, M|
|poke|p2|Garganacl, M|
|teampreview
|
|t:|1758249154
|teamsize|p1|6
|teamsize|p2|6
|start
|switch|p1a: Gliscor|Gliscor, F, shiny|100/100
|switch|p2a: Greninja|Greninja, M|100/100
|turn|1
|l|☆ashgreninja16728
|player|p1|
|inactive|Battle timer is ON: inactive players will automatically lose when time's up. (requested by Shoerun)
|inactive|ashgreninja16728 has 30 seconds to reconnect!
|j|☆ashgreninja16728
|inactive|ashgreninja16728 reconnected and has 115 seconds left.
|player|p1|ashgreninja16728|265|
|
|t:|1758249259
|move|p1a: Gliscor|Protect|p1a: Gliscor
|-singleturn|p1a: Gliscor|Protect
|move|p2a: Greninja|Ice Beam|p1a: Gliscor
|-activate|p1a: Gliscor|move: Protect
|
|-status|p1a: Gliscor|tox|[from] item: Toxic Orb
|upkeep
|turn|2
|
|t:|1758249270
|-terastallize|p1a: Gliscor|Normal
|move|p2a: Greninja|Ice Beam|p1a: Gliscor
|-crit|p1a: Gliscor
|-damage|p1a: Gliscor|50/100 tox
|move|p1a: Gliscor|Knock Off|p2a: Greninja
|-resisted|p2a: Greninja
|-damage|p2a: Greninja|82/100
|-enditem|p2a: Greninja|Focus Sash|[from] move: Knock Off|[of] p1a: Gliscor
|
|-heal|p1a: Gliscor|62/100 tox|[from] ability: Poison Heal
|upkeep
|turn|3
|
|t:|1758249283
|move|p1a: Gliscor|Protect|p1a: Gliscor
|-singleturn|p1a: Gliscor|Protect
|move|p2a: Greninja|Ice Beam|p1a: Gliscor
|-activate|p1a: Gliscor|move: Protect
|
|-heal|p1a: Gliscor|75/100 tox|[from] ability: Poison Heal
|upkeep
|turn|4
|
|t:|1758249292
|move|p2a: Greninja|Ice Beam|p1a: Gliscor
|-damage|p1a: Gliscor|42/100 tox
|move|p1a: Gliscor|Facade|p2a: Greninja
|-damage|p2a: Greninja|1/100
|
|-heal|p1a: Gliscor|55/100 tox|[from] ability: Poison Heal
|upkeep
|turn|5
|
|t:|1758249319
|switch|p2a: Garganacl|Garganacl, M, shiny|100/100
|move|p1a: Gliscor|Protect||[still]
|-fail|p1a: Gliscor
|
|-heal|p1a: Gliscor|67/100 tox|[from] ability: Poison Heal
|upkeep
|turn|6
|
|t:|1758249335
|move|p1a: Gliscor|Knock Off|p2a: Garganacl
|-damage|p2a: Garganacl|86/100
|-damage|p1a: Gliscor|51/100 tox|[from] item: Rocky Helmet|[of] p2a: Garganacl
|-enditem|p2a: Garganacl|Rocky Helmet|[from] move: Knock Off|[of] p1a: Gliscor
|move|p2a: Garganacl|Salt Cure|p1a: Gliscor
|-damage|p1a: Gliscor|42/100 tox
|-start|p1a: Gliscor|Salt Cure
|
|-heal|p1a: Gliscor|54/100 tox|[from] ability: Poison Heal
|-damage|p1a: Gliscor|42/100 tox|[from] Salt Cure
|upkeep
|turn|7
|
|t:|1758249348
|switch|p1a: Grimmsnarl|Grimmsnarl, M|100/100
|move|p2a: Garganacl|Stealth Rock|p1a: Grimmsnarl
|-sidestart|p1: ashgreninja16728|move: Stealth Rock
|
|upkeep
|turn|8
|
|t:|1758249364
|move|p1a: Grimmsnarl|Reflect|p1a: Grimmsnarl
|-sidestart|p1: ashgreninja16728|Reflect
|move|p2a: Garganacl|Salt Cure|p1a: Grimmsnarl
|-damage|p1a: Grimmsnarl|92/100
|-start|p1a: Grimmsnarl|Salt Cure
|
|-damage|p1a: Grimmsnarl|79/100|[from] Salt Cure
|upkeep
|turn|9
|
|t:|1758249374
|move|p2a: Garganacl|Protect|p2a: Garganacl
|-singleturn|p2a: Garganacl|Protect
|move|p1a: Grimmsnarl|Parting Shot|p2a: Garganacl
|-activate|p2a: Garganacl|move: Protect
|
|-damage|p1a: Grimmsnarl|67/100|[from] Salt Cure
|upkeep
|turn|10
|inactive|Shoerun has 120 seconds left.
|
|t:|1758249404
|move|p1a: Grimmsnarl|Parting Shot|p2a: Garganacl
|-unboost|p2a: Garganacl|atk|1
|-unboost|p2a: Garganacl|spa|1
|
|t:|1758249413
|switch|p1a: Gliscor|Gliscor, F, shiny, tera:Normal|42/100 tox|[from] Parting Shot
|-damage|p1a: Gliscor|29/100 tox|[from] Stealth Rock
|move|p2a: Garganacl|Recover|p2a: Garganacl
|-heal|p2a: Garganacl|100/100
|
|-heal|p1a: Gliscor|42/100 tox|[from] ability: Poison Heal
|upkeep
|turn|11
|inactive|Shoerun has 120 seconds left.
|
|t:|1758249424
|move|p1a: Gliscor|Protect|p1a: Gliscor
|-singleturn|p1a: Gliscor|Protect
|move|p2a: Garganacl|Salt Cure|p1a: Gliscor
|-activate|p1a: Gliscor|move: Protect
|
|-heal|p1a: Gliscor|54/100 tox|[from] ability: Poison Heal
|upkeep
|turn|12
|inactive|Shoerun has 120 seconds left.
|
|t:|1758249449
|move|p1a: Gliscor|Facade|p2a: Garganacl
|-resisted|p2a: Garganacl
|-damage|p2a: Garganacl|87/100
|move|p2a: Garganacl|Salt Cure|p1a: Gliscor
|-damage|p1a: Gliscor|52/100 tox
|-start|p1a: Gliscor|Salt Cure
|
|-heal|p1a: Gliscor|64/100 tox|[from] ability: Poison Heal
|-damage|p1a: Gliscor|52/100 tox|[from] Salt Cure
|upkeep
|turn|13
|inactive|Shoerun has 120 seconds left.
|
|t:|1758249469
|switch|p1a: Landorus|Landorus-Therian, M, shiny|100/100
|-damage|p1a: Landorus|88/100|[from] Stealth Rock
|-ability|p1a: Landorus|Intimidate|boost
|-unboost|p2a: Garganacl|atk|1
|move|p2a: Garganacl|Recover|p2a: Garganacl
|-heal|p2a: Garganacl|100/100
|
|upkeep
|turn|14
|
|t:|1758249480
|move|p1a: Landorus|Earthquake|p2a: Garganacl
|-supereffective|p2a: Garganacl
|-damage|p2a: Garganacl|36/100
|move|p2a: Garganacl|Salt Cure|p1a: Landorus
|-damage|p1a: Landorus|84/100
|-start|p1a: Landorus|Salt Cure
|
|-damage|p1a: Landorus|72/100|[from] Salt Cure
|upkeep
|turn|15
|inactive|Shoerun has 120 seconds left.
|
|t:|1758249492
|switch|p1a: Gliscor|Gliscor, F, shiny, tera:Normal|52/100 tox
|-damage|p1a: Gliscor|39/100 tox|[from] Stealth Rock
|move|p2a: Garganacl|Protect||[still]
|-fail|p2a: Garganacl
|
|-heal|p1a: Gliscor|52/100 tox|[from] ability: Poison Heal
|-sideend|p1: ashgreninja16728|Reflect
|upkeep
|turn|16
|inactive|Shoerun has 120 seconds left.
|
|t:|1758249506
|move|p1a: Gliscor|Swords Dance|p1a: Gliscor
|-boost|p1a: Gliscor|atk|2
|move|p2a: Garganacl|Recover|p2a: Garganacl
|-heal|p2a: Garganacl|86/100
|
|-heal|p1a: Gliscor|64/100 tox|[from] ability: Poison Heal
|upkeep
|turn|17
|inactive|Shoerun has 120 seconds left.
|
|t:|1758249522
|move|p1a: Gliscor|Protect|p1a: Gliscor
|-singleturn|p1a: Gliscor|Protect
|move|p2a: Garganacl|Salt Cure|p1a: Gliscor
|-activate|p1a: Gliscor|move: Protect
|
|-heal|p1a: Gliscor|77/100 tox|[from] ability: Poison Heal
|upkeep
|turn|18
|
|t:|1758249535
|move|p1a: Gliscor|Facade|p2a: Garganacl
|-resisted|p2a: Garganacl
|-damage|p2a: Garganacl|56/100
|move|p2a: Garganacl|Salt Cure|p1a: Gliscor
|-damage|p1a: Gliscor|72/100 tox
|-start|p1a: Gliscor|Salt Cure
|
|-heal|p1a: Gliscor|85/100 tox|[from] ability: Poison Heal
|-damage|p1a: Gliscor|72/100 tox|[from] Salt Cure
|upkeep
|turn|19
|
|t:|1758249546
|move|p1a: Gliscor|Swords Dance|p1a: Gliscor
|-boost|p1a: Gliscor|atk|2
|move|p2a: Garganacl|Recover|p2a: Garganacl
|-heal|p2a: Garganacl|100/100
|
|-heal|p1a: Gliscor|85/100 tox|[from] ability: Poison Heal
|-damage|p1a: Gliscor|72/100 tox|[from] Salt Cure
|upkeep
|turn|20
|
|t:|1758249559
|move|p2a: Garganacl|Protect|p2a: Garganacl
|-singleturn|p2a: Garganacl|Protect
|move|p1a: Gliscor|Swords Dance|p1a: Gliscor
|-boost|p1a: Gliscor|atk|2
|
|-heal|p1a: Gliscor|85/100 tox|[from] ability: Poison Heal
|-damage|p1a: Gliscor|72/100 tox|[from] Salt Cure
|upkeep
|turn|21
|
|t:|1758249571
|move|p1a: Gliscor|Facade|p2a: Garganacl
|-resisted|p2a: Garganacl
|-damage|p2a: Garganacl|40/100
|move|p2a: Garganacl|Salt Cure|p1a: Gliscor
|-damage|p1a: Gliscor|67/100 tox
|
|-heal|p1a: Gliscor|80/100 tox|[from] ability: Poison Heal
|-damage|p1a: Gliscor|67/100 tox|[from] Salt Cure
|upkeep
|turn|22
|inactive|Shoerun has 120 seconds left.
|
|t:|1758249587
|move|p2a: Garganacl|Protect|p2a: Garganacl
|-singleturn|p2a: Garganacl|Protect
|move|p1a: Gliscor|Facade|p2a: Garganacl
|-activate|p2a: Garganacl|move: Protect
|
|-heal|p1a: Gliscor|80/100 tox|[from] ability: Poison Heal
|-damage|p1a: Gliscor|67/100 tox|[from] Salt Cure
|upkeep
|turn|23
|inactive|Shoerun has 120 seconds left.
|inactive|Shoerun has 90 seconds left.
|
|t:|1758249646
|switch|p2a: Gliscor|Gliscor, F|100/100
|move|p1a: Gliscor|Facade|p2a: Gliscor
|-damage|p2a: Gliscor|0 fnt
|faint|p2a: Gliscor
|
|-heal|p1a: Gliscor|80/100 tox|[from] ability: Poison Heal
|-damage|p1a: Gliscor|67/100 tox|[from] Salt Cure
|upkeep
|
|t:|1758249658
|switch|p2a: Greninja|Greninja, M|1/100
|turn|24
|
|t:|1758249681
|switch|p1a: Walking Wake|Walking Wake|100/100
|-damage|p1a: Walking Wake|88/100|[from] Stealth Rock
|-enditem|p1a: Walking Wake|Booster Energy
|-activate|p1a: Walking Wake|ability: Protosynthesis|[fromitem]
|-start|p1a: Walking Wake|protosynthesisspe
|move|p2a: Greninja|Ice Beam|p1a: Walking Wake
|-damage|p1a: Walking Wake|58/100
|
|upkeep
|turn|25
|
|t:|1758249706
|move|p1a: Walking Wake|Dragon Pulse|p2a: Greninja
|-damage|p2a: Greninja|0 fnt
|faint|p2a: Greninja
|
|upkeep
|
|t:|1758249715
|switch|p2a: Dragonite|Dragonite, M, shiny|100/100
|turn|26
|
|t:|1758249725
|-terastallize|p2a: Dragonite|Normal
|move|p2a: Dragonite|Extreme Speed|p1a: Walking Wake
|-damage|p1a: Walking Wake|13/100
|move|p1a: Walking Wake|Dragon Pulse|p2a: Dragonite
|-damage|p2a: Dragonite|77/100
|
|upkeep
|turn|27
|
|t:|1758249744
|move|p1a: Walking Wake|Draco Meteor|p2a: Dragonite
|-crit|p2a: Dragonite
|-damage|p2a: Dragonite|0 fnt
|-unboost|p1a: Walking Wake|spa|2
|faint|p2a: Dragonite
|
|upkeep
|
|t:|1758249753
|switch|p2a: Garganacl|Garganacl, M, shiny|40/100
|turn|28
|
|t:|1758249757
|move|p1a: Walking Wake|Hydro Steam|p2a: Garganacl
|-supereffective|p2a: Garganacl
|-damage|p2a: Garganacl|12/100
|move|p2a: Garganacl|Recover|p2a: Garganacl
|-heal|p2a: Garganacl|62/100
|
|upkeep
|turn|29
|
|t:|1758249765
|-end|p1a: Walking Wake|Protosynthesis|[silent]
|switch|p1a: Gliscor|Gliscor, F, shiny, tera:Normal|67/100 tox
|-damage|p1a: Gliscor|55/100 tox|[from] Stealth Rock
|move|p2a: Garganacl|Recover|p2a: Garganacl
|-heal|p2a: Garganacl|100/100
|
|-heal|p1a: Gliscor|67/100 tox|[from] ability: Poison Heal
|upkeep
|turn|30
|
|t:|1758249783
|switch|p2a: Ceruledge|Ceruledge, M|100/100
|move|p1a: Gliscor|Protect||[still]
|-fail|p1a: Gliscor
|
|-heal|p1a: Gliscor|80/100 tox|[from] ability: Poison Heal
|upkeep
|turn|31
|
|t:|1758249791
|move|p2a: Ceruledge|Close Combat|p1a: Gliscor
|-supereffective|p1a: Gliscor
|-damage|p1a: Gliscor|32/100 tox
|-unboost|p2a: Ceruledge|def|1
|-unboost|p2a: Ceruledge|spd|1
|move|p1a: Gliscor|Knock Off|p2a: Ceruledge
|-supereffective|p2a: Ceruledge
|-damage|p2a: Ceruledge|15/100
|-ability|p2a: Ceruledge|Weak Armor|boost
|-unboost|p2a: Ceruledge|def|1
|-boost|p2a: Ceruledge|spe|2
|-enditem|p2a: Ceruledge|Focus Sash|[from] move: Knock Off|[of] p1a: Gliscor
|
|-heal|p1a: Gliscor|45/100 tox|[from] ability: Poison Heal
|upkeep
|turn|32
|inactive|Shoerun has 60 seconds left.
|
|t:|1758249826
|move|p1a: Gliscor|Protect|p1a: Gliscor
|-singleturn|p1a: Gliscor|Protect
|move|p2a: Ceruledge|Close Combat|p1a: Gliscor
|-activate|p1a: Gliscor|move: Protect
|
|-heal|p1a: Gliscor|57/100 tox|[from] ability: Poison Heal
|upkeep
|turn|33
|inactive|Shoerun has 60 seconds left.
|
|t:|1758249843
|switch|p1a: Grimmsnarl|Grimmsnarl, M|67/100
|-damage|p1a: Grimmsnarl|55/100|[from] Stealth Rock
|move|p2a: Ceruledge|Close Combat|p1a: Grimmsnarl
|-damage|p1a: Grimmsnarl|2/100
|-unboost|p2a: Ceruledge|def|1
|-unboost|p2a: Ceruledge|spd|1
|
|upkeep
|turn|34
|inactive|Shoerun has 60 seconds left.
|
|t:|1758249857
|move|p1a: Grimmsnarl|Reflect|p1a: Grimmsnarl
|-sidestart|p1: ashgreninja16728|Reflect
|move|p2a: Ceruledge|Bitter Blade|p1a: Grimmsnarl
|-damage|p1a: Grimmsnarl|0 fnt
|-heal|p2a: Ceruledge|16/100|[from] drain|[of] p1a: Grimmsnarl
|faint|p1a: Grimmsnarl
|
|upkeep
|
|t:|1758249867
|switch|p1a: Cinderace|Cinderace, M|100/100
|turn|35
|
|t:|1758249878
|switch|p2a: Garganacl|Garganacl, M, shiny|100/100
|move|p1a: Cinderace|Sucker Punch||[still]
|-fail|p1a: Cinderace
|
|upkeep
|turn|36
|
|t:|1758249884
|move|p1a: Cinderace|U-turn|p2a: Garganacl
|-start|p1a: Cinderace|typechange|Bug|[from] ability: Libero
|-crit|p2a: Garganacl
|-damage|p2a: Garganacl|67/100
|
|t:|1758249891
|switch|p1a: Gliscor|Gliscor, F, shiny, tera:Normal|57/100 tox|[from] U-turn
|-damage|p1a: Gliscor|45/100 tox|[from] Stealth Rock
|move|p2a: Garganacl|Salt Cure|p1a: Gliscor
|-damage|p1a: Gliscor|41/100 tox
|-start|p1a: Gliscor|Salt Cure
|
|-heal|p1a: Gliscor|53/100 tox|[from] ability: Poison Heal
|-damage|p1a: Gliscor|41/100 tox|[from] Salt Cure
|upkeep
|turn|37
|inactive|Shoerun has 60 seconds left.
|
|t:|1758249917
|switch|p2a: Pecharunt|Pecharunt|100/100
|move|p1a: Gliscor|Swords Dance|p1a: Gliscor
|-boost|p1a: Gliscor|atk|2
|
|-heal|p1a: Gliscor|53/100 tox|[from] ability: Poison Heal
|-damage|p1a: Gliscor|41/100 tox|[from] Salt Cure
|upkeep
|turn|38
|inactive|Shoerun has 60 seconds left.
|
|t:|1758249931
|move|p2a: Pecharunt|Shadow Ball|p1a: Gliscor
|-immune|p1a: Gliscor
|move|p1a: Gliscor|Knock Off|p2a: Pecharunt
|-supereffective|p2a: Pecharunt
|-crit|p2a: Pecharunt
|-damage|p2a: Pecharunt|22/100
|-enditem|p2a: Pecharunt|Heavy-Duty Boots|[from] move: Knock Off|[of] p1a: Gliscor
|
|-heal|p1a: Gliscor|53/100 tox|[from] ability: Poison Heal
|-damage|p1a: Gliscor|41/100 tox|[from] Salt Cure
|upkeep
|turn|39
|inactive|Shoerun has 60 seconds left.
|
|t:|1758249943
|switch|p1a: Walking Wake|Walking Wake|13/100
|-damage|p1a: Walking Wake|0 fnt|[from] Stealth Rock
|faint|p1a: Walking Wake
|-end|p1a: Walking Wake|Protosynthesis|[silent]
|move|p2a: Pecharunt|Malignant Chain|p1: Walking Wake|[notarget]
|-fail|p2a: Pecharunt
|
|upkeep
|
|t:|1758249948
|switch|p1a: Cinderace|Cinderace, M|100/100
|turn|40
|inactive|Shoerun has 60 seconds left.
|
|t:|1758249964
|switch|p2a: Garganacl|Garganacl, M, shiny|67/100
|move|p1a: Cinderace|Court Change|p1a: Cinderace
|-start|p1a: Cinderace|typechange|Normal|[from] ability: Libero
|-swapsideconditions
|-activate|p1a: Cinderace|move: Court Change
|
|upkeep
|turn|41
|
|t:|1758249971
|move|p1a: Cinderace|Court Change|p1a: Cinderace
|-swapsideconditions
|-activate|p1a: Cinderace|move: Court Change
|move|p2a: Garganacl|Recover|p2a: Garganacl
|-heal|p2a: Garganacl|100/100
|
|-sideend|p1: ashgreninja16728|Reflect
|upkeep
|turn|42
|
|t:|1758249979
|move|p1a: Cinderace|Pyro Ball|p2a: Garganacl
|-resisted|p2a: Garganacl
|-damage|p2a: Garganacl|89/100
|move|p2a: Garganacl|Salt Cure|p1a: Cinderace
|-damage|p1a: Cinderace|81/100
|-start|p1a: Cinderace|Salt Cure
|
|-damage|p1a: Cinderace|69/100|[from] Salt Cure
|upkeep
|turn|43
|
|t:|1758249994
|move|p1a: Cinderace|Court Change|p1a: Cinderace
|-swapsideconditions
|-activate|p1a: Cinderace|move: Court Change
|move|p2a: Garganacl|Salt Cure|p1a: Cinderace
|-damage|p1a: Cinderace|50/100
|
|-damage|p1a: Cinderace|38/100|[from] Salt Cure
|upkeep
|turn|44
|
|t:|1758250003
|move|p1a: Cinderace|Pyro Ball|p2a: Garganacl
|-resisted|p2a: Garganacl
|-damage|p2a: Garganacl|76/100
|move|p2a: Garganacl|Salt Cure|p1a: Cinderace
|-damage|p1a: Cinderace|19/100
|
|-damage|p1a: Cinderace|6/100|[from] Salt Cure
|upkeep
|turn|45
|
|t:|1758250014
|move|p2a: Garganacl|Protect|p2a: Garganacl
|-singleturn|p2a: Garganacl|Protect
|move|p1a: Cinderace|Pyro Ball|p2a: Garganacl
|-activate|p2a: Garganacl|move: Protect
|
|-damage|p1a: Cinderace|0 fnt|[from] Salt Cure
|faint|p1a: Cinderace
|upkeep
|
|t:|1758250019
|switch|p1a: Gliscor|Gliscor, F, shiny, tera:Normal|41/100 tox
|turn|46
|
|t:|1758250044
|switch|p2a: Pecharunt|Pecharunt|22/100
|-damage|p2a: Pecharunt|10/100|[from] Stealth Rock
|move|p1a: Gliscor|Protect||[still]
|-fail|p1a: Gliscor
|
|-heal|p1a: Gliscor|53/100 tox|[from] ability: Poison Heal
|upkeep
|turn|47
|
|t:|1758250056
|move|p1a: Gliscor|Protect|p1a: Gliscor
|-singleturn|p1a: Gliscor|Protect
|move|p2a: Pecharunt|Recover|p2a: Pecharunt
|-heal|p2a: Pecharunt|60/100
|
|-heal|p1a: Gliscor|66/100 tox|[from] ability: Poison Heal
|upkeep
|turn|48
|
|t:|1758250068
|move|p2a: Pecharunt|Recover|p2a: Pecharunt
|-heal|p2a: Pecharunt|100/100
|move|p1a: Gliscor|Swords Dance|p1a: Gliscor
|-boost|p1a: Gliscor|atk|2
|
|-heal|p1a: Gliscor|78/100 tox|[from] ability: Poison Heal
|upkeep
|turn|49
|
|t:|1758250077
|move|p1a: Gliscor|Protect|p1a: Gliscor
|-singleturn|p1a: Gliscor|Protect
|move|p2a: Pecharunt|Malignant Chain|p1a: Gliscor
|-activate|p1a: Gliscor|move: Protect
|
|-heal|p1a: Gliscor|91/100 tox|[from] ability: Poison Heal
|upkeep
|turn|50
|inactive|ashgreninja16728 has 120 seconds left.
|
|t:|1758250112
|move|p2a: Pecharunt|Malignant Chain|p1a: Gliscor
|-damage|p1a: Gliscor|55/100 tox
|move|p1a: Gliscor|Knock Off|p2a: Pecharunt
|-supereffective|p2a: Pecharunt
|-damage|p2a: Pecharunt|68/100
|
|-heal|p1a: Gliscor|68/100 tox|[from] ability: Poison Heal
|upkeep
|turn|51
|inactive|ashgreninja16728 has 120 seconds left.
|
|t:|1758250122
|move|p1a: Gliscor|Protect|p1a: Gliscor
|-singleturn|p1a: Gliscor|Protect
|move|p2a: Pecharunt|Recover|p2a: Pecharunt
|-heal|p2a: Pecharunt|100/100
|
|-heal|p1a: Gliscor|80/100 tox|[from] ability: Poison Heal
|upkeep
|turn|52
|inactive|ashgreninja16728 has 120 seconds left.
|
|t:|1758250136
|move|p2a: Pecharunt|Malignant Chain|p1a: Gliscor
|-damage|p1a: Gliscor|41/100 tox
|move|p1a: Gliscor|Knock Off|p2a: Pecharunt
|-supereffective|p2a: Pecharunt
|-damage|p2a: Pecharunt|66/100
|
|-heal|p1a: Gliscor|53/100 tox|[from] ability: Poison Heal
|upkeep
|turn|53
|inactive|Shoerun has 90 seconds left.
|
|t:|1758250145
|move|p2a: Pecharunt|Recover|p2a: Pecharunt
|-heal|p2a: Pecharunt|100/100
|move|p1a: Gliscor|Knock Off|p2a: Pecharunt
|-supereffective|p2a: Pecharunt
|-damage|p2a: Pecharunt|64/100
|
|-heal|p1a: Gliscor|66/100 tox|[from] ability: Poison Heal
|upkeep
|turn|54
|inactive|Shoerun has 90 seconds left.
|
|t:|1758250155
|move|p2a: Pecharunt|Malignant Chain|p1a: Gliscor
|-damage|p1a: Gliscor|27/100 tox
|move|p1a: Gliscor|Knock Off|p2a: Pecharunt
|-supereffective|p2a: Pecharunt
|-damage|p2a: Pecharunt|27/100
|
|-heal|p1a: Gliscor|40/100 tox|[from] ability: Poison Heal
|upkeep
|turn|55
|
|t:|1758250167
|move|p2a: Pecharunt|Recover|p2a: Pecharunt
|-heal|p2a: Pecharunt|77/100
|move|p1a: Gliscor|Knock Off|p2a: Pecharunt
|-supereffective|p2a: Pecharunt
|-damage|p2a: Pecharunt|44/100
|
|-heal|p1a: Gliscor|52/100 tox|[from] ability: Poison Heal
|upkeep
|turn|56
|
|t:|1758250177
|move|p2a: Pecharunt|Malignant Chain|p1a: Gliscor
|-damage|p1a: Gliscor|16/100 tox
|move|p1a: Gliscor|Knock Off|p2a: Pecharunt
|-supereffective|p2a: Pecharunt
|-damage|p2a: Pecharunt|10/100
|
|-heal|p1a: Gliscor|28/100 tox|[from] ability: Poison Heal
|upkeep
|turn|57
|
|t:|1758250201
|move|p1a: Gliscor|Protect|p1a: Gliscor
|-singleturn|p1a: Gliscor|Protect
|move|p2a: Pecharunt|Malignant Chain|p1a: Gliscor
|-activate|p1a: Gliscor|move: Protect
|
|-heal|p1a: Gliscor|41/100 tox|[from] ability: Poison Heal
|upkeep
|turn|58
|
|t:|1758250213
|move|p2a: Pecharunt|Recover|p2a: Pecharunt
|-heal|p2a: Pecharunt|60/100
|move|p1a: Gliscor|Knock Off|p2a: Pecharunt
|-supereffective|p2a: Pecharunt
|-damage|p2a: Pecharunt|28/100
|
|-heal|p1a: Gliscor|53/100 tox|[from] ability: Poison Heal
|upkeep
|turn|59
|
|t:|1758250225
|move|p1a: Gliscor|Protect|p1a: Gliscor
|-singleturn|p1a: Gliscor|Protect
|move|p2a: Pecharunt|Malignant Chain|p1a: Gliscor
|-activate|p1a: Gliscor|move: Protect
|
|-heal|p1a: Gliscor|66/100 tox|[from] ability: Poison Heal
|upkeep
|turn|60
|
|t:|1758250241
|move|p2a: Pecharunt|Recover|p2a: Pecharunt
|-heal|p2a: Pecharunt|78/100
|move|p1a: Gliscor|Knock Off|p2a: Pecharunt
|-supereffective|p2a: Pecharunt
|-damage|p2a: Pecharunt|45/100
|
|-heal|p1a: Gliscor|78/100 tox|[from] ability: Poison Heal
|upkeep
|turn|61
|inactive|Shoerun has 120 seconds left.
|
|t:|1758250251
|move|p2a: Pecharunt|Recover|p2a: Pecharunt
|-heal|p2a: Pecharunt|95/100
|move|p1a: Gliscor|Swords Dance|p1a: Gliscor
|-boost|p1a: Gliscor|atk|2
|
|-heal|p1a: Gliscor|91/100 tox|[from] ability: Poison Heal
|upkeep
|turn|62
|
|t:|1758250260
|move|p2a: Pecharunt|Shadow Ball|p1a: Gliscor
|-immune|p1a: Gliscor
|move|p1a: Gliscor|Knock Off|p2a: Pecharunt
|-supereffective|p2a: Pecharunt
|-damage|p2a: Pecharunt|48/100
|
|-heal|p1a: Gliscor|100/100 tox|[from] ability: Poison Heal
|upkeep
|turn|63
|
|t:|1758250273
|switch|p2a: Garganacl|Garganacl, M, shiny|76/100
|-damage|p2a: Garganacl|64/100|[from] Stealth Rock
|move|p1a: Gliscor|Knock Off|p2a: Garganacl
|-damage|p2a: Garganacl|39/100
|
|upkeep
|turn|64
|
|t:|1758250289
|move|p1a: Gliscor|Facade|p2a: Garganacl
|-resisted|p2a: Garganacl
|-damage|p2a: Garganacl|0 fnt
|faint|p2a: Garganacl
|
|upkeep
|
|t:|1758250296
|switch|p2a: Ceruledge|Ceruledge, M|16/100
|-damage|p2a: Ceruledge|0 fnt|[from] Stealth Rock
|faint|p2a: Ceruledge
|
|t:|1758250301
|switch|p2a: Pecharunt|Pecharunt|48/100
|-damage|p2a: Pecharunt|36/100|[from] Stealth Rock
|turn|65
|
|t:|1758250312
|move|p2a: Pecharunt|Shadow Ball|p1a: Gliscor
|-immune|p1a: Gliscor
|move|p1a: Gliscor|Knock Off|p2a: Pecharunt
|-supereffective|p2a: Pecharunt
|-damage|p2a: Pecharunt|0 fnt
|faint|p2a: Pecharunt
|
|win|ashgreninja16728
|raw|ashgreninja16728's rating: 1141 &rarr; <strong>1162</strong><br />(+21 for winning)
|raw|Shoerun's rating: 1084 &rarr; <strong>1065</strong><br />(-19 for losing)
|l|☆Shoerun
|player|p2|
