|j|☆leoleoloeloe
|j|☆GorgeousGal
|t:|1758261230
|gametype|singles
|player|p1|leoleoloeloe|crasherwake|1356
|player|p2|GorgeousGal|2|1444
|gen|9
|tier|[Gen 9] OU
|rated|
|rule|HP Percentage Mod: HP is shown in percentages
|rule|Endless Battle Clause: Forcing endless battles is banned
|rule|Species Clause: Limit one of each Pokémon
|rule|OHKO Clause: OHKO moves are banned
|rule|Evasion Items Clause: Evasion items are banned
|rule|Evasion Moves Clause: Evasion moves are banned
|rule|Evasion Abilities Clause: Evasion abilities are banned
|rule|Sleep Moves Clause: Sleep-inducing moves are banned
|clearpoke
|poke|p1|Raging Bolt|
|poke|p1|Basculegion, M|
|poke|p1|Dragonite, M|
|poke|p1|Iron Treads|
|poke|p1|Barraskewda, M|
|poke|p1|Pelipper, M|
|poke|p2|Ogerpon-Wellspring, F|
|poke|p2|Cloyster, M|
|poke|p2|Ninetales-Alola, F|
|poke|p2|Polteageist|
|poke|p2|Iron Treads|
|poke|p2|Dragonite, M|
|teampreview
|inactive|Battle timer is ON: inactive players will automatically lose when time's up. (requested by GorgeousGal)
|
|t:|1758261243
|teamsize|p1|6
|teamsize|p2|6
|start
|switch|p1a: Your Demise|Pelipper, M|100/100
|switch|p2a: Cloyster|Cloyster, M|100/100
|-weather|RainDance|[from] ability: Drizzle|[of] p1a: Your Demise
|turn|1
|
|t:|1758261250
|move|p2a: Cloyster|Icicle Spear|p1a: Your Demise
|-damage|p1a: Your Demise|89/100
|-crit|p1a: Your Demise
|-damage|p1a: Your Demise|74/100
|-damage|p1a: Your Demise|62/100
|-damage|p1a: Your Demise|52/100
|-damage|p1a: Your Demise|40/100
|-hitcount|p1a: Your Demise|5
|move|p1a: Your Demise|U-turn|p2a: Cloyster
|-damage|p2a: Cloyster|94/100
|
|t:|1758261276
|switch|p1a: Poacher|Raging Bolt|100/100|[from] U-turn
|
|-weather|RainDance|[upkeep]
|upkeep
|turn|2
|
|t:|1758261283
|switch|p2a: Ninetales|Ninetales-Alola, F|100/100
|-weather|Snowscape|[from] ability: Snow Warning|[of] p2a: Ninetales
|move|p1a: Poacher|Weather Ball|p2a: Ninetales
|-resisted|p2a: Ninetales
|-damage|p2a: Ninetales|76/100
|
|-weather|Snowscape|[upkeep]
|upkeep
|turn|3
|
|t:|1758261296
|move|p2a: Ninetales|Freeze-Dry|p1a: Poacher
|-supereffective|p1a: Poacher
|-damage|p1a: Poacher|72/100
|move|p1a: Poacher|Volt Switch|p2a: Ninetales
|-damage|p2a: Ninetales|30/100
|
|t:|1758261304
|-end|p1a: Poacher|Protosynthesis|[silent]
|switch|p1a: Banded|Barraskewda, M|100/100|[from] Volt Switch
|
|-weather|Snowscape|[upkeep]
|upkeep
|turn|4
|
|t:|1758261309
|switch|p2a: Ogerpon|Ogerpon-Wellspring, F|100/100
|move|p1a: Banded|Close Combat|p2a: Ogerpon
|-crit|p2a: Ogerpon
|-damage|p2a: Ogerpon|11/100
|-unboost|p1a: Banded|def|1
|-unboost|p1a: Banded|spd|1
|
|-weather|Snowscape|[upkeep]
|upkeep
|turn|5
|
|t:|1758261318
|switch|p2a: Polteageist|Polteageist|100/100
|move|p1a: Banded|Flip Turn|p2a: Polteageist
|-damage|p2a: Polteageist|57/100
|
|t:|1758261326
|switch|p1a: Poacher|Raging Bolt|72/100|[from] Flip Turn
|
|-weather|Snowscape|[upkeep]
|upkeep
|turn|6
|c|☆leoleoloeloe|ofc its not banded
|
|t:|1758261334
|move|p2a: Polteageist|Shadow Ball|p1a: Poacher
|-damage|p1a: Poacher|52/100
|-unboost|p1a: Poacher|spd|1
|move|p1a: Poacher|Volt Switch|p2a: Polteageist
|-damage|p2a: Polteageist|19/100
|
|t:|1758261341
|-end|p1a: Poacher|Protosynthesis|[silent]
|switch|p1a: Banded|Barraskewda, M|100/100|[from] Volt Switch
|
|-weather|none
|upkeep
|turn|7
|
|t:|1758261349
|switch|p2a: Ogerpon|Ogerpon-Wellspring, F|11/100
|move|p1a: Banded|Flip Turn|p2a: Ogerpon
|-heal|p2a: Ogerpon|36/100|[from] ability: Water Absorb|[of] p1a: Banded
|
|upkeep
|turn|8
|
|t:|1758261354
|switch|p2a: Polteageist|Polteageist|19/100
|move|p1a: Banded|Close Combat|p2a: Polteageist
|-immune|p2a: Polteageist
|
|upkeep
|turn|9
|
|t:|1758261364
|move|p1a: Banded|Close Combat|p2a: Polteageist
|-immune|p2a: Polteageist
|move|p2a: Polteageist|Strength Sap|p1a: Banded
|-unboost|p1a: Banded|atk|1
|-heal|p2a: Polteageist|100/100
|
|upkeep
|turn|10
|c|☆leoleoloeloe|i suck at this
|
|t:|1758261377
|switch|p1a: Your Demise|Pelipper, M|40/100
|-weather|RainDance|[from] ability: Drizzle|[of] p1a: Your Demise
|move|p2a: Polteageist|Shadow Ball|p1a: Your Demise
|-damage|p1a: Your Demise|0 fnt
|faint|p1a: Your Demise
|
|-weather|RainDance|[upkeep]
|upkeep
|
|t:|1758261400
|switch|p1a: SKULLKRAKEN|Basculegion, M|100/100
|turn|11
|
|t:|1758261408
|move|p1a: SKULLKRAKEN|Wave Crash|p2a: Polteageist
|-damage|p2a: Polteageist|0 fnt
|faint|p2a: Polteageist
|-damage|p1a: SKULLKRAKEN|72/100|[from] Recoil
|
|-weather|RainDance|[upkeep]
|upkeep
|
|t:|1758261414
|switch|p2a: Ninetales|Ninetales-Alola, F|30/100
|-weather|Snowscape|[from] ability: Snow Warning|[of] p2a: Ninetales
|turn|12
|
|t:|1758261419
|move|p2a: Ninetales|Aurora Veil|p2a: Ninetales
|-sidestart|p2: GorgeousGal|move: Aurora Veil
|move|p1a: SKULLKRAKEN|Wave Crash|p2a: Ninetales
|-damage|p2a: Ninetales|0 fnt
|faint|p2a: Ninetales
|-damage|p1a: SKULLKRAKEN|65/100|[from] Recoil
|
|-weather|Snowscape|[upkeep]
|upkeep
|
|t:|1758261424
|switch|p2a: Cloyster|Cloyster, M|94/100
|turn|13
|
|t:|1758261434
|switch|p1a: Poacher|Raging Bolt|52/100
|move|p2a: Cloyster|Shell Smash|p2a: Cloyster
|-unboost|p2a: Cloyster|def|1
|-unboost|p2a: Cloyster|spd|1
|-boost|p2a: Cloyster|atk|2
|-boost|p2a: Cloyster|spa|2
|-boost|p2a: Cloyster|spe|2
|
|-weather|Snowscape|[upkeep]
|upkeep
|turn|14
|
|t:|1758261448
|-end|p1a: Poacher|Protosynthesis|[silent]
|switch|p1a: ELON TUSK|Iron Treads|100/100
|move|p2a: Cloyster|Ice Shard|p1a: ELON TUSK
|-damage|p1a: ELON TUSK|68/100
|-enditem|p1a: ELON TUSK|Eject Button
|
|t:|1758261455
|-end|p1a: ELON TUSK|Quark Drive|[silent]
|switch|p1a: SKULLKRAKEN|Basculegion, M|65/100
|
|-weather|Snowscape|[upkeep]
|upkeep
|turn|15
|
|t:|1758261462
|-terastallize|p2a: Cloyster|Ice
|move|p2a: Cloyster|Icicle Spear|p1a: SKULLKRAKEN
|-resisted|p1a: SKULLKRAKEN
|-damage|p1a: SKULLKRAKEN|41/100
|-resisted|p1a: SKULLKRAKEN
|-damage|p1a: SKULLKRAKEN|16/100
|-resisted|p1a: SKULLKRAKEN
|-damage|p1a: SKULLKRAKEN|0 fnt
|faint|p1a: SKULLKRAKEN
|-hitcount|p1: SKULLKRAKEN|3
|
|-weather|Snowscape|[upkeep]
|upkeep
|
|t:|1758261473
|switch|p1a: Poacher|Raging Bolt|52/100
|turn|16
|
|t:|1758261481
|-terastallize|p1a: Poacher|Fairy
|move|p2a: Cloyster|Icicle Spear|p1a: Poacher
|-damage|p1a: Poacher|22/100
|-damage|p1a: Poacher|0 fnt
|faint|p1a: Poacher
|-end|p1a: Poacher|Protosynthesis|[silent]
|-hitcount|p1: Poacher|2
|
|-weather|none
|upkeep
|c|☆leoleoloeloe|bruh
|
|t:|1758261503
|switch|p1a: Banded|Barraskewda, M|100/100
|turn|17
|
|t:|1758261507
|move|p2a: Cloyster|Icicle Spear|p1a: Banded
|-resisted|p1a: Banded
|-damage|p1a: Banded|64/100
|-resisted|p1a: Banded
|-damage|p1a: Banded|26/100
|-resisted|p1a: Banded
|-damage|p1a: Banded|0 fnt
|faint|p1a: Banded
|-hitcount|p1: Banded|3
|
|upkeep
|-message|leoleoloeloe forfeited.
|
|win|GorgeousGal
|raw|leoleoloeloe's rating: 1356 &rarr; <strong>1341</strong><br />(-15 for losing)
|raw|GorgeousGal's rating: 1444 &rarr; <strong>1459</strong><br />(+15 for winning)
|l|☆leoleoloeloe
|player|p1|
|l|☆GorgeousGal
|player|p2|
