|j|☆rikao01
|j|☆Eckstacy616
|t:|1758237491
|gametype|singles
|player|p1|rikao01|hilbert|1183
|player|p2|Eckstacy616|miku-water|1173
|gen|9
|tier|[Gen 9] OU
|rated|
|rule|HP Percentage Mod: HP is shown in percentages
|rule|Endless Battle Clause: Forcing endless battles is banned
|rule|Species Clause: Limit one of each Pokémon
|rule|OHKO Clause: OHKO moves are banned
|rule|Evasion Items Clause: Evasion items are banned
|rule|Evasion Moves Clause: Evasion moves are banned
|rule|Evasion Abilities Clause: Evasion abilities are banned
|rule|Sleep Moves Clause: Sleep-inducing moves are banned
|clearpoke
|poke|p1|Umbreon, M|
|poke|p1|Great Tusk|
|poke|p1|Gholdengo|
|poke|p1|Iron Moth|
|poke|p1|Ogerpon-Wellspring, F|
|poke|p1|Greninja-*, F|
|poke|p2|Tyranitar, F|
|poke|p2|Excadrill, F|
|poke|p2|Kingambit, M|
|poke|p2|Garchomp, F|
|poke|p2|Pecharunt|
|poke|p2|Rotom-Wash|
|teampreview
|j| lava plume burns
|
|t:|1758237505
|teamsize|p1|6
|teamsize|p2|6
|start
|switch|p1a: Iron Moth|Iron Moth|100/100
|switch|p2a: Rotom|Rotom-Wash|100/100
|-enditem|p1a: Iron Moth|Booster Energy
|-activate|p1a: Iron Moth|ability: Quark Drive|[fromitem]
|-start|p1a: Iron Moth|quarkdrivespe
|turn|1
|c|☆rikao01|gl hf :)
|
|t:|1758237519
|-terastallize|p1a: Iron Moth|Grass
|move|p1a: Iron Moth|Energy Ball|p2a: Rotom
|-supereffective|p2a: Rotom
|-damage|p2a: Rotom|12/100
|move|p2a: Rotom|Hydro Pump|p1a: Iron Moth|[miss]
|-miss|p2a: Rotom|p1a: Iron Moth
|
|-heal|p2a: Rotom|18/100|[from] item: Leftovers
|upkeep
|turn|2
|
|t:|1758237549
|switch|p2a: Pecharunt|Pecharunt|100/100
|move|p1a: Iron Moth|Energy Ball|p2a: Pecharunt
|-resisted|p2a: Pecharunt
|-damage|p2a: Pecharunt|78/100
|
|upkeep
|turn|3
|
|t:|1758237560
|move|p1a: Iron Moth|Substitute|p1a: Iron Moth
|-start|p1a: Iron Moth|Substitute
|-damage|p1a: Iron Moth|76/100
|move|p2a: Pecharunt|Malignant Chain|p1a: Iron Moth
|-supereffective|p1a: Iron Moth
|-end|p1a: Iron Moth|Substitute
|
|upkeep
|turn|4
|
|t:|1758237571
|-end|p1a: Iron Moth|Quark Drive|[silent]
|switch|p1a: Great Tusk|Great Tusk|100/100
|move|p2a: Pecharunt|Malignant Chain|p1a: Great Tusk
|-resisted|p1a: Great Tusk
|-damage|p1a: Great Tusk|78/100
|
|upkeep
|turn|5
|
|t:|1758237583
|switch|p2a: Rotom|Rotom-Wash|18/100
|move|p1a: Great Tusk|Stealth Rock|p2a: Rotom
|-sidestart|p2: Eckstacy616|move: Stealth Rock
|
|-heal|p2a: Rotom|24/100|[from] item: Leftovers
|upkeep
|turn|6
|
|t:|1758237593
|move|p1a: Great Tusk|Ice Spinner|p2a: Rotom
|-resisted|p2a: Rotom
|-damage|p2a: Rotom|14/100
|move|p2a: Rotom|Pain Split|p1a: Great Tusk
|-sethp|p1a: Great Tusk|44/100|[from] move: Pain Split|[silent]
|-sethp|p2a: Rotom|59/100|[from] move: Pain Split
|
|-heal|p2a: Rotom|66/100|[from] item: Leftovers
|upkeep
|turn|7
|inactive|Battle timer is ON: inactive players will automatically lose when time's up. (requested by rikao01)
|
|t:|1758237613
|-end|p1a: Great Tusk|Protosynthesis|[silent]
|switch|p1a: Ogerpon|Ogerpon-Wellspring, F|100/100
|move|p2a: Rotom|Will-O-Wisp|p1a: Ogerpon
|-status|p1a: Ogerpon|brn
|
|-heal|p2a: Rotom|72/100|[from] item: Leftovers
|-damage|p1a: Ogerpon|95/100 brn|[from] brn
|upkeep
|turn|8
|
|t:|1758237625
|move|p1a: Ogerpon|Wood Hammer|p2a: Rotom
|-supereffective|p2a: Rotom
|-damage|p2a: Rotom|12/100
|-damage|p1a: Ogerpon|75/100 brn|[from] Recoil
|move|p2a: Rotom|Volt Switch|p1a: Ogerpon
|-damage|p1a: Ogerpon|45/100 brn
|
|t:|1758237644
|switch|p2a: Pecharunt|Pecharunt|78/100|[from] Volt Switch
|
|-damage|p1a: Ogerpon|39/100 brn|[from] brn
|upkeep
|turn|9
|
|t:|1758237658
|switch|p1a: Gholdengo|Gholdengo|100/100
|-item|p1a: Gholdengo|Air Balloon
|move|p2a: Pecharunt|Shadow Ball|p1a: Gholdengo
|-supereffective|p1a: Gholdengo
|-damage|p1a: Gholdengo|50/100
|-enditem|p1a: Gholdengo|Air Balloon
|
|upkeep
|turn|10
|inactive|Eckstacy616 has 120 seconds left.
|
|t:|1758237690
|switch|p2a: Garchomp|Garchomp, F|100/100
|-damage|p2a: Garchomp|94/100|[from] Stealth Rock
|move|p1a: Gholdengo|Make It Rain|p2a: Garchomp
|-crit|p2a: Garchomp
|-damage|p2a: Garchomp|0 fnt
|-unboost|p1a: Gholdengo|spa|1
|faint|p2a: Garchomp
|
|upkeep
|
|t:|1758237704
|switch|p2a: Tyranitar|Tyranitar, F|100/100
|-damage|p2a: Tyranitar|88/100|[from] Stealth Rock
|-weather|Sandstorm|[from] ability: Sand Stream|[of] p2a: Tyranitar
|turn|11
|
|t:|1758237710
|move|p1a: Gholdengo|Dazzling Gleam|p2a: Tyranitar
|-supereffective|p2a: Tyranitar
|-damage|p2a: Tyranitar|71/100
|move|p2a: Tyranitar|Knock Off|p1a: Gholdengo
|-supereffective|p1a: Gholdengo
|-damage|p1a: Gholdengo|0 fnt
|faint|p1a: Gholdengo
|
|-weather|Sandstorm|[upkeep]
|upkeep
|
|t:|1758237718
|switch|p1a: Greninja|Greninja, F|100/100
|turn|12
|
|t:|1758237723
|move|p1a: Greninja|Surf|p2a: Tyranitar
|-start|p1a: Greninja|typechange|Water|[from] ability: Protean
|-supereffective|p2a: Tyranitar
|-damage|p2a: Tyranitar|35/100
|move|p2a: Tyranitar|Thunder Wave|p1a: Greninja|[miss]
|-miss|p2a: Tyranitar|p1a: Greninja
|
|-weather|Sandstorm|[upkeep]
|-damage|p1a: Greninja|95/100|[from] Sandstorm
|upkeep
|turn|13
|
|t:|1758237742
|switch|p2a: Rotom|Rotom-Wash|12/100
|-damage|p2a: Rotom|0 fnt|[from] Stealth Rock
|faint|p2a: Rotom
|move|p1a: Greninja|Surf|p2: Rotom|[notarget]
|-fail|p1a: Greninja
|
|-weather|Sandstorm|[upkeep]
|-damage|p1a: Greninja|89/100|[from] Sandstorm
|upkeep
|
|t:|1758237743
|switch|p2a: Excadrill|Excadrill, F|100/100
|-damage|p2a: Excadrill|97/100|[from] Stealth Rock
|turn|14
|
|t:|1758237757
|move|p2a: Excadrill|Earthquake|p1a: Greninja
|-damage|p1a: Greninja|0 fnt
|faint|p1a: Greninja
|
|-weather|Sandstorm|[upkeep]
|upkeep
|
|t:|1758237762
|switch|p1a: Iron Moth|Iron Moth, tera:Grass|76/100
|turn|15
|
|t:|1758237768
|switch|p2a: Pecharunt|Pecharunt|78/100
|move|p1a: Iron Moth|Fiery Dance|p2a: Pecharunt
|-damage|p2a: Pecharunt|36/100
|-boost|p1a: Iron Moth|spa|1
|
|-weather|Sandstorm|[upkeep]
|-damage|p1a: Iron Moth|70/100|[from] Sandstorm
|-damage|p2a: Pecharunt|30/100|[from] Sandstorm
|upkeep
|turn|16
|
|t:|1758237777
|move|p1a: Iron Moth|Fiery Dance|p2a: Pecharunt
|-damage|p2a: Pecharunt|0 fnt
|faint|p2a: Pecharunt
|
|-weather|Sandstorm|[upkeep]
|-damage|p1a: Iron Moth|64/100|[from] Sandstorm
|upkeep
|
|t:|1758237799
|switch|p2a: Kingambit|Kingambit, M|100/100
|-damage|p2a: Kingambit|94/100|[from] Stealth Rock
|-activate|p2a: Kingambit|ability: Supreme Overlord
|-start|p2a: Kingambit|fallen3|[silent]
|turn|17
|
|t:|1758237805
|move|p2a: Kingambit|Sucker Punch|p1a: Iron Moth
|-damage|p1a: Iron Moth|0 fnt
|faint|p1a: Iron Moth
|-end|p1a: Iron Moth|Quark Drive|[silent]
|
|-weather|Sandstorm|[upkeep]
|upkeep
|
|t:|1758237812
|switch|p1a: Great Tusk|Great Tusk|44/100
|turn|18
|
|t:|1758237826
|move|p2a: Kingambit|Sucker Punch|p1a: Great Tusk
|-resisted|p1a: Great Tusk
|-damage|p1a: Great Tusk|22/100
|-damage|p2a: Kingambit|78/100|[from] item: Rocky Helmet|[of] p1a: Great Tusk
|move|p1a: Great Tusk|Headlong Rush|p2a: Kingambit
|-supereffective|p2a: Kingambit
|-damage|p2a: Kingambit|0 fnt
|-unboost|p1a: Great Tusk|def|1
|-unboost|p1a: Great Tusk|spd|1
|faint|p2a: Kingambit
|-end|p2a: Kingambit|fallen3|[silent]
|
|-weather|none
|upkeep
|
|t:|1758237828
|switch|p2a: Tyranitar|Tyranitar, F|35/100
|-damage|p2a: Tyranitar|23/100|[from] Stealth Rock
|-weather|Sandstorm|[from] ability: Sand Stream|[of] p2a: Tyranitar
|turn|19
|
|t:|1758237839
|move|p1a: Great Tusk|Headlong Rush|p2a: Tyranitar
|-supereffective|p2a: Tyranitar
|-damage|p2a: Tyranitar|0 fnt
|-unboost|p1a: Great Tusk|def|1
|-unboost|p1a: Great Tusk|spd|1
|faint|p2a: Tyranitar
|
|-weather|Sandstorm|[upkeep]
|upkeep
|
|t:|1758237842
|switch|p2a: Excadrill|Excadrill, F|97/100
|-damage|p2a: Excadrill|94/100|[from] Stealth Rock
|turn|20
|
|t:|1758237850
|-terastallize|p2a: Excadrill|Ground
|move|p2a: Excadrill|Earthquake|p1a: Great Tusk
|-damage|p1a: Great Tusk|0 fnt
|faint|p1a: Great Tusk
|-end|p1a: Great Tusk|Protosynthesis|[silent]
|
|-weather|Sandstorm|[upkeep]
|upkeep
|
|t:|1758237856
|switch|p1a: Ogerpon|Ogerpon-Wellspring, F|39/100 brn
|turn|21
|
|t:|1758237861
|move|p2a: Excadrill|Earthquake|p1a: Ogerpon
|-resisted|p1a: Ogerpon
|-damage|p1a: Ogerpon|0 fnt
|faint|p1a: Ogerpon
|
|-weather|Sandstorm|[upkeep]
|upkeep
|
|t:|1758237866
|switch|p1a: Umbreon|Umbreon, M, shiny|100/100
|turn|22
|
|t:|1758237870
|move|p2a: Excadrill|Swords Dance|p2a: Excadrill
|-boost|p2a: Excadrill|atk|2
|move|p1a: Umbreon|Toxic|p2a: Excadrill
|-status|p2a: Excadrill|tox
|
|-weather|Sandstorm|[upkeep]
|-damage|p1a: Umbreon|94/100|[from] Sandstorm
|-heal|p1a: Umbreon|100/100|[from] item: Leftovers
|-damage|p2a: Excadrill|88/100 tox|[from] psn
|upkeep
|turn|23
|
|t:|1758237879
|move|p2a: Excadrill|Earthquake|p1a: Umbreon
|-damage|p1a: Umbreon|0 fnt
|faint|p1a: Umbreon
|
|win|Eckstacy616
|raw|rikao01's rating: 1183 &rarr; <strong>1157</strong><br />(-26 for losing)
|raw|Eckstacy616's rating: 1173 &rarr; <strong>1199</strong><br />(+26 for winning)
|c|☆Eckstacy616|gg
|c|☆rikao01|gg
|l| lava plume burns
|l|☆rikao01
|player|p1|
