|j|☆BcorneliaW
|j|☆ola_aina
|t:|1758361717
|gametype|singles
|player|p1|BcorneliaW|265|1388
|player|p2|ola_aina|169|1316
|gen|9
|tier|[Gen 9] OU
|rated|
|rule|HP Percentage Mod: HP is shown in percentages
|rule|Endless Battle Clause: Forcing endless battles is banned
|rule|Species Clause: Limit one of each Pokémon
|rule|OHKO Clause: OHKO moves are banned
|rule|Evasion Items Clause: Evasion items are banned
|rule|Evasion Moves Clause: Evasion moves are banned
|rule|Evasion Abilities Clause: Evasion abilities are banned
|rule|Sleep Moves Clause: Sleep-inducing moves are banned
|clearpoke
|poke|p1|Eelektross, M|
|poke|p1|Klefki, M|
|poke|p1|Hatterene, F|
|poke|p1|Landorus-Therian, M|
|poke|p1|Pecharunt|
|poke|p1|Iron Moth|
|poke|p2|Meowscarada, F|
|poke|p2|Great Tusk|
|poke|p2|Dondozo, M|
|poke|p2|Kingambit, F|
|poke|p2|Iron Valiant|
|poke|p2|Iron Moth|
|teampreview
|inactive|Battle timer is ON: inactive players will automatically lose when time's up. (requested by BcorneliaW)
|
|t:|1758361725
|teamsize|p1|6
|teamsize|p2|6
|start
|switch|p1a: Klefki|Klefki, M|100/100
|switch|p2a: Meowscarada|Meowscarada, F|100/100
|turn|1
|
|t:|1758361731
|move|p1a: Klefki|Reflect|p1a: Klefki
|-sidestart|p1: BcorneliaW|Reflect
|move|p2a: Meowscarada|U-turn|p1a: Klefki
|-start|p2a: Meowscarada|typechange|Bug|[from] ability: Protean
|-resisted|p1a: Klefki
|-damage|p1a: Klefki|94/100
|
|t:|1758361737
|switch|p2a: Iron Moth|Iron Moth|100/100|[from] U-turn
|-enditem|p2a: Iron Moth|Booster Energy
|-activate|p2a: Iron Moth|ability: Quark Drive|[fromitem]
|-start|p2a: Iron Moth|quarkdrivespe
|
|upkeep
|turn|2
|
|t:|1758361740
|move|p1a: Klefki|Light Screen|p1a: Klefki
|-sidestart|p1: BcorneliaW|move: Light Screen
|move|p2a: Iron Moth|Substitute|p2a: Iron Moth
|-start|p2a: Iron Moth|Substitute
|-damage|p2a: Iron Moth|76/100
|
|upkeep
|turn|3
|
|t:|1758361743
|move|p2a: Iron Moth|Fiery Dance|p1a: Klefki
|-supereffective|p1a: Klefki
|-damage|p1a: Klefki|48/100
|move|p1a: Klefki|Steel Beam|p2a: Iron Moth
|-resisted|p2a: Iron Moth
|-end|p2a: Iron Moth|Substitute
|-damage|p1a: Klefki|0 fnt|[from] steelbeam
|faint|p1a: Klefki
|
|upkeep
|
|t:|1758361753
|switch|p1a: Landorus|Landorus-Therian, M|100/100
|-ability|p1a: Landorus|Intimidate|boost
|-unboost|p2a: Iron Moth|atk|1
|turn|4
|
|t:|1758361760
|-end|p2a: Iron Moth|Quark Drive|[silent]
|switch|p2a: Dondozo|Dondozo, M|100/100
|move|p1a: Landorus|U-turn|p2a: Dondozo
|-damage|p2a: Dondozo|88/100
|
|t:|1758361766
|switch|p1a: Pecharunt|Pecharunt|100/100|[from] U-turn
|-item|p1a: Pecharunt|Air Balloon
|
|-heal|p2a: Dondozo|94/100|[from] item: Leftovers
|upkeep
|turn|5
|
|t:|1758361773
|move|p1a: Pecharunt|Malignant Chain|p2a: Dondozo
|-damage|p2a: Dondozo|64/100
|-status|p2a: Dondozo|tox
|-start|p2a: Dondozo|confusion|[from] ability: Poison Puppeteer|[of] p1a: Pecharunt
|-activate|p2a: Dondozo|confusion
|move|p2a: Dondozo|Curse|p2a: Dondozo
|-unboost|p2a: Dondozo|spe|1
|-boost|p2a: Dondozo|atk|1
|-boost|p2a: Dondozo|def|1
|
|-heal|p2a: Dondozo|70/100 tox|[from] item: Leftovers
|-damage|p2a: Dondozo|64/100 tox|[from] psn
|upkeep
|turn|6
|
|t:|1758361783
|-activate|p2a: Dondozo|confusion
|move|p2a: Dondozo|Protect|p2a: Dondozo
|-singleturn|p2a: Dondozo|Protect
|move|p1a: Pecharunt|Hex|p2a: Dondozo
|-activate|p2a: Dondozo|move: Protect
|
|-heal|p2a: Dondozo|70/100 tox|[from] item: Leftovers
|-damage|p2a: Dondozo|58/100 tox|[from] psn
|upkeep
|turn|7
|
|t:|1758361794
|switch|p2a: Meowscarada|Meowscarada, F|100/100
|move|p1a: Pecharunt|Parting Shot|p2a: Meowscarada
|-unboost|p2a: Meowscarada|atk|1
|-unboost|p2a: Meowscarada|spa|1
|
|t:|1758361796
|switch|p1a: Eelektross|Eelektross, M|100/100|[from] Parting Shot
|
|upkeep
|turn|8
|
|t:|1758361802
|move|p2a: Meowscarada|U-turn|p1a: Eelektross
|-start|p2a: Meowscarada|typechange|Bug|[from] ability: Protean
|-damage|p1a: Eelektross|82/100
|
|t:|1758361807
|switch|p2a: Great Tusk|Great Tusk|100/100|[from] U-turn
|move|p1a: Eelektross|Coil|p1a: Eelektross
|-boost|p1a: Eelektross|atk|1
|-boost|p1a: Eelektross|def|1
|-boost|p1a: Eelektross|accuracy|1
|
|-heal|p1a: Eelektross|88/100|[from] item: Leftovers
|-sideend|p1: BcorneliaW|Reflect
|upkeep
|turn|9
|
|t:|1758361814
|move|p2a: Great Tusk|Headlong Rush|p1a: Eelektross
|-immune|p1a: Eelektross|[from] ability: Levitate
|move|p1a: Eelektross|Knock Off|p2a: Great Tusk
|-resisted|p2a: Great Tusk
|-damage|p2a: Great Tusk|82/100
|-enditem|p2a: Great Tusk|Heavy-Duty Boots|[from] move: Knock Off|[of] p1a: Eelektross
|
|-heal|p1a: Eelektross|95/100|[from] item: Leftovers
|-sideend|p1: BcorneliaW|move: Light Screen
|upkeep
|turn|10
|
|t:|1758361819
|move|p2a: Great Tusk|Stealth Rock|p1a: Eelektross
|-sidestart|p1: BcorneliaW|move: Stealth Rock
|move|p1a: Eelektross|Coil|p1a: Eelektross
|-boost|p1a: Eelektross|atk|1
|-boost|p1a: Eelektross|def|1
|-boost|p1a: Eelektross|accuracy|1
|
|-heal|p1a: Eelektross|100/100|[from] item: Leftovers
|upkeep
|turn|11
|
|t:|1758361826
|move|p2a: Great Tusk|Ice Spinner|p1a: Eelektross
|-damage|p1a: Eelektross|86/100
|move|p1a: Eelektross|Coil|p1a: Eelektross
|-boost|p1a: Eelektross|atk|1
|-boost|p1a: Eelektross|def|1
|-boost|p1a: Eelektross|accuracy|1
|
|-heal|p1a: Eelektross|92/100|[from] item: Leftovers
|upkeep
|turn|12
|
|t:|1758361830
|-end|p2a: Great Tusk|Protosynthesis|[silent]
|switch|p2a: Dondozo|Dondozo, M|58/100 tox
|move|p1a: Eelektross|Coil|p1a: Eelektross
|-boost|p1a: Eelektross|atk|1
|-boost|p1a: Eelektross|def|1
|-boost|p1a: Eelektross|accuracy|1
|
|-heal|p1a: Eelektross|99/100|[from] item: Leftovers
|-heal|p2a: Dondozo|64/100 tox|[from] item: Leftovers
|-damage|p2a: Dondozo|58/100 tox|[from] psn
|upkeep
|turn|13
|
|t:|1758361834
|move|p1a: Eelektross|Supercell Slam|p2a: Dondozo
|-supereffective|p2a: Dondozo
|-damage|p2a: Dondozo|15/100 tox
|move|p2a: Dondozo|Body Press|p1a: Eelektross
|-crit|p1a: Eelektross
|-damage|p1a: Eelektross|56/100
|
|-heal|p1a: Eelektross|63/100|[from] item: Leftovers
|-heal|p2a: Dondozo|21/100 tox|[from] item: Leftovers
|-damage|p2a: Dondozo|9/100 tox|[from] psn
|upkeep
|turn|14
|
|t:|1758361839
|move|p1a: Eelektross|Drain Punch|p2a: Dondozo
|-damage|p2a: Dondozo|0 fnt
|-heal|p1a: Eelektross|68/100|[from] drain|[of] p2a: Dondozo
|faint|p2a: Dondozo
|
|-heal|p1a: Eelektross|75/100|[from] item: Leftovers
|upkeep
|
|t:|1758361848
|switch|p2a: Iron Valiant|Iron Valiant|100/100
|-enditem|p2a: Iron Valiant|Booster Energy
|-activate|p2a: Iron Valiant|ability: Quark Drive|[fromitem]
|-start|p2a: Iron Valiant|quarkdrivespe
|turn|15
|
|t:|1758361851
|move|p2a: Iron Valiant|Moonblast|p1a: Eelektross
|-damage|p1a: Eelektross|29/100
|move|p1a: Eelektross|Supercell Slam|p2a: Iron Valiant
|-damage|p2a: Iron Valiant|0 fnt
|faint|p2a: Iron Valiant
|-end|p2a: Iron Valiant|Quark Drive|[silent]
|
|-heal|p1a: Eelektross|35/100|[from] item: Leftovers
|upkeep
|
|t:|1758361861
|switch|p2a: Meowscarada|Meowscarada, F|100/100
|turn|16
|
|t:|1758361863
|move|p2a: Meowscarada|Flower Trick|p1a: Eelektross
|-start|p2a: Meowscarada|typechange|Grass|[from] ability: Protean
|-crit|p1a: Eelektross
|-damage|p1a: Eelektross|0 fnt
|faint|p1a: Eelektross
|
|upkeep
|
|t:|1758361867
|switch|p1a: Landorus|Landorus-Therian, M|100/100
|-damage|p1a: Landorus|88/100|[from] Stealth Rock
|-ability|p1a: Landorus|Intimidate|boost
|-unboost|p2a: Meowscarada|atk|1
|turn|17
|
|t:|1758361872
|switch|p2a: Great Tusk|Great Tusk|82/100
|move|p1a: Landorus|U-turn|p2a: Great Tusk
|-resisted|p2a: Great Tusk
|-damage|p2a: Great Tusk|72/100
|
|t:|1758361875
|switch|p1a: Iron Moth|Iron Moth|100/100|[from] U-turn
|-damage|p1a: Iron Moth|75/100|[from] Stealth Rock
|-enditem|p1a: Iron Moth|Booster Energy
|-activate|p1a: Iron Moth|ability: Quark Drive|[fromitem]
|-start|p1a: Iron Moth|quarkdrivespe
|
|upkeep
|turn|18
|
|t:|1758361880
|move|p1a: Iron Moth|Energy Ball|p2a: Great Tusk
|-supereffective|p2a: Great Tusk
|-damage|p2a: Great Tusk|0 fnt
|faint|p2a: Great Tusk
|-end|p2a: Great Tusk|Protosynthesis|[silent]
|
|upkeep
|
|t:|1758361887
|switch|p2a: Iron Moth|Iron Moth|76/100
|turn|19
|
|t:|1758361892
|move|p1a: Iron Moth|Fiery Dance|p2a: Iron Moth
|-resisted|p2a: Iron Moth
|-damage|p2a: Iron Moth|55/100
|move|p2a: Iron Moth|Sludge Wave|p1a: Iron Moth
|-resisted|p1a: Iron Moth
|-damage|p1a: Iron Moth|51/100
|
|upkeep
|turn|20
|
|t:|1758361899
|move|p1a: Iron Moth|Fiery Dance|p2a: Iron Moth
|-resisted|p2a: Iron Moth
|-damage|p2a: Iron Moth|33/100
|-boost|p1a: Iron Moth|spa|1
|move|p2a: Iron Moth|Fiery Dance|p1a: Iron Moth
|-resisted|p1a: Iron Moth
|-damage|p1a: Iron Moth|32/100
|-boost|p2a: Iron Moth|spa|1
|
|upkeep
|turn|21
|
|t:|1758361904
|move|p1a: Iron Moth|Morning Sun|p1a: Iron Moth
|-heal|p1a: Iron Moth|82/100
|move|p2a: Iron Moth|Sludge Wave|p1a: Iron Moth
|-resisted|p1a: Iron Moth
|-damage|p1a: Iron Moth|47/100
|
|upkeep
|turn|22
|
|t:|1758361911
|move|p1a: Iron Moth|Morning Sun|p1a: Iron Moth
|-heal|p1a: Iron Moth|97/100
|move|p2a: Iron Moth|Sludge Wave|p1a: Iron Moth
|-resisted|p1a: Iron Moth
|-damage|p1a: Iron Moth|64/100
|
|upkeep
|turn|23
|
|t:|1758361915
|move|p1a: Iron Moth|Sludge Wave|p2a: Iron Moth
|-resisted|p2a: Iron Moth
|-damage|p2a: Iron Moth|0 fnt
|faint|p2a: Iron Moth
|-end|p2a: Iron Moth|Quark Drive|[silent]
|
|upkeep
|
|t:|1758361920
|switch|p2a: Kingambit|Kingambit, F|100/100
|-activate|p2a: Kingambit|ability: Supreme Overlord
|-start|p2a: Kingambit|fallen4|[silent]
|turn|24
|
|t:|1758361923
|-terastallize|p2a: Kingambit|Ghost
|move|p1a: Iron Moth|Fiery Dance|p2a: Kingambit
|-damage|p2a: Kingambit|32/100
|-boost|p1a: Iron Moth|spa|1
|move|p2a: Kingambit|Swords Dance|p2a: Kingambit
|-boost|p2a: Kingambit|atk|2
|
|-heal|p2a: Kingambit|38/100|[from] item: Leftovers
|upkeep
|turn|25
|
|t:|1758361931
|move|p2a: Kingambit|Sucker Punch||[still]
|-fail|p2a: Kingambit
|move|p1a: Iron Moth|Morning Sun|p1a: Iron Moth
|-heal|p1a: Iron Moth|100/100
|
|-heal|p2a: Kingambit|44/100|[from] item: Leftovers
|upkeep
|turn|26
|
|t:|1758361935
|-end|p1a: Iron Moth|Quark Drive|[silent]
|switch|p1a: Landorus|Landorus-Therian, M|88/100
|-damage|p1a: Landorus|75/100|[from] Stealth Rock
|-ability|p1a: Landorus|Intimidate|boost
|-unboost|p2a: Kingambit|atk|1
|move|p2a: Kingambit|Sucker Punch||[still]
|-fail|p2a: Kingambit
|
|-heal|p1a: Landorus|82/100|[from] item: Leftovers
|-heal|p2a: Kingambit|50/100|[from] item: Leftovers
|upkeep
|turn|27
|
|t:|1758361939
|move|p1a: Landorus|Earthquake|p2a: Kingambit
|-damage|p2a: Kingambit|0 fnt
|faint|p2a: Kingambit
|-end|p2a: Kingambit|fallen4|[silent]
|
|-heal|p1a: Landorus|88/100|[from] item: Leftovers
|upkeep
|
|t:|1758361942
|switch|p2a: Meowscarada|Meowscarada, F|100/100
|turn|28
|
|t:|1758361950
|move|p2a: Meowscarada|Triple Axel|p1a: Landorus
|-start|p2a: Meowscarada|typechange|Ice|[from] ability: Protean
|-supereffective|p1a: Landorus
|-damage|p1a: Landorus|27/100
|-supereffective|p1a: Landorus
|-damage|p1a: Landorus|0 fnt
|faint|p1a: Landorus
|-hitcount|p1: Landorus|2
|
|upkeep
|
|t:|1758361953
|switch|p1a: Iron Moth|Iron Moth|100/100
|-damage|p1a: Iron Moth|75/100|[from] Stealth Rock
|turn|29
|
|t:|1758361956
|move|p2a: Meowscarada|Triple Axel|p1a: Iron Moth
|-resisted|p1a: Iron Moth
|-damage|p1a: Iron Moth|66/100
|-resisted|p1a: Iron Moth
|-damage|p1a: Iron Moth|43/100
|-resisted|p1a: Iron Moth
|-damage|p1a: Iron Moth|10/100
|-hitcount|p1a: Iron Moth|3
|move|p1a: Iron Moth|Fiery Dance|p2a: Meowscarada
|-supereffective|p2a: Meowscarada
|-damage|p2a: Meowscarada|0 fnt
|-boost|p1a: Iron Moth|spa|1
|faint|p2a: Meowscarada
|
|win|BcorneliaW
|raw|BcorneliaW's rating: 1388 &rarr; <strong>1404</strong><br />(+16 for winning)
|raw|ola_aina's rating: 1316 &rarr; <strong>1300</strong><br />(-16 for losing)
|l|☆ola_aina
|player|p2|
|l|☆BcorneliaW
|player|p1|
