|j|☆waha8
|j|☆DeFeNdvs
|t:|1758351340
|gametype|singles
|player|p1|waha8|102|1338
|player|p2|DeFeNdvs|266|1391
|gen|9
|tier|[Gen 9] OU
|rated|
|rule|HP Percentage Mod: HP is shown in percentages
|rule|Endless Battle Clause: Forcing endless battles is banned
|rule|Species Clause: Limit one of each Pokémon
|rule|OHKO Clause: OHKO moves are banned
|rule|Evasion Items Clause: Evasion items are banned
|rule|Evasion Moves Clause: Evasion moves are banned
|rule|Evasion Abilities Clause: Evasion abilities are banned
|rule|Sleep Moves Clause: Sleep-inducing moves are banned
|clearpoke
|poke|p1|Blaziken, M|
|poke|p1|Ninetales, M|
|poke|p1|Indeedee, M|
|poke|p1|Hatterene, F|
|poke|p1|Slowbro-Galar, F|
|poke|p1|Cinderace, M|
|poke|p2|Alomomola, M|
|poke|p2|Gliscor, M|
|poke|p2|Corviknight, M|
|poke|p2|Clodsire, M|
|poke|p2|Slowking-Galar, M|
|poke|p2|Skeledirge, M|
|teampreview
|
|t:|1758351344
|teamsize|p1|6
|teamsize|p2|6
|start
|switch|p1a: DeeDee|Indeedee, M|100/100
|switch|p2a: Gliscor|Gliscor, M|100/100
|-fieldstart|move: Psychic Terrain|[from] ability: Psychic Surge|[of] p1a: DeeDee
|turn|1
|inactive|Battle timer is ON: inactive players will automatically lose when time's up. (requested by DeFeNdvs)
|
|t:|1758351352
|move|p2a: Gliscor|Protect|p2a: Gliscor
|-singleturn|p2a: Gliscor|Protect
|move|p1a: DeeDee|Expanding Force|p2a: Gliscor
|-activate|p2a: Gliscor|move: Protect
|
|-status|p2a: Gliscor|tox|[from] item: Toxic Orb
|upkeep
|turn|2
|
|t:|1758351369
|switch|p2a: Alomomola|Alomomola, M|100/100
|move|p1a: DeeDee|Expanding Force|p2a: Alomomola
|-damage|p2a: Alomomola|64/100
|
|upkeep
|turn|3
|
|t:|1758351375
|switch|p1a: Mavis|Hatterene, F|100/100
|move|p2a: Alomomola|Mirror Coat||[still]
|-fail|p2a: Alomomola
|
|upkeep
|turn|4
|
|t:|1758351381
|move|p2a: Alomomola|Flip Turn|p1a: Mavis
|-damage|p1a: Mavis|83/100
|
|t:|1758351385
|switch|p2a: Slowking|Slowking-Galar, M|100/100|[from] Flip Turn
|move|p1a: Mavis|Trick Room|p1a: Mavis
|-fieldstart|move: Trick Room|[of] p1a: Mavis
|
|upkeep
|turn|5
|
|t:|1758351393
|-terastallize|p1a: Mavis|Psychic
|move|p1a: Mavis|Expanding Force|p2a: Slowking
|-damage|p2a: Slowking|19/100
|-damage|p1a: Mavis|73/100|[from] item: Life Orb
|move|p2a: Slowking|Future Sight|p1a: Mavis
|-start|p2a: Slowking|move: Future Sight
|
|upkeep
|turn|6
|
|t:|1758351408
|switch|p2a: Corviknight|Corviknight, M|100/100
|-ability|p2a: Corviknight|Pressure
|move|p1a: Mavis|Expanding Force|p2a: Corviknight
|-resisted|p2a: Corviknight
|-damage|p2a: Corviknight|26/100
|-damage|p1a: Mavis|64/100|[from] item: Life Orb
|
|-heal|p2a: Corviknight|33/100|[from] item: Leftovers
|upkeep
|turn|7
|
|t:|1758351423
|switch|p2a: Alomomola|Alomomola, M|97/100
|move|p1a: Mavis|Expanding Force|p2a: Alomomola
|-damage|p2a: Alomomola|13/100
|-damage|p1a: Mavis|54/100|[from] item: Life Orb
|
|-end|p1a: Mavis|move: Future Sight
|-resisted|p1a: Mavis
|-damage|p1a: Mavis|14/100
|upkeep
|turn|8
|
|t:|1758351441
|switch|p2a: Corviknight|Corviknight, M|33/100
|-ability|p2a: Corviknight|Pressure
|move|p1a: Mavis|Expanding Force|p2a: Corviknight
|-resisted|p2a: Corviknight
|-damage|p2a: Corviknight|0 fnt
|faint|p2a: Corviknight
|-damage|p1a: Mavis|4/100|[from] item: Life Orb
|
|-fieldend|move: Trick Room
|-fieldend|move: Psychic Terrain
|upkeep
|inactive|DeFeNdvs has 120 seconds left.
|
|t:|1758351467
|switch|p2a: Gliscor|Gliscor, M|100/100 tox
|turn|9
|
|t:|1758351474
|switch|p1a: DeeDee|Indeedee, M|100/100
|-fieldstart|move: Psychic Terrain|[from] ability: Psychic Surge|[of] p1a: DeeDee
|move|p2a: Gliscor|Earthquake|p1a: DeeDee
|-damage|p1a: DeeDee|27/100
|
|upkeep
|turn|10
|inactive|DeFeNdvs has 120 seconds left.
|
|t:|1758351498
|-terastallize|p2a: Gliscor|Psychic
|move|p1a: DeeDee|Expanding Force|p2a: Gliscor
|-resisted|p2a: Gliscor
|-damage|p2a: Gliscor|71/100 tox
|move|p2a: Gliscor|Earthquake|p1a: DeeDee
|-damage|p1a: DeeDee|0 fnt
|faint|p1a: DeeDee
|
|-heal|p2a: Gliscor|83/100 tox|[from] ability: Poison Heal
|upkeep
|
|t:|1758351509
|switch|p1a: Kurama|Ninetales, M|100/100
|-weather|SunnyDay|[from] ability: Drought|[of] p1a: Kurama
|turn|11
|
|t:|1758351514
|move|p1a: Kurama|Weather Ball|p2a: Gliscor
|-damage|p2a: Gliscor|33/100 tox
|move|p2a: Gliscor|Toxic|p1a: Kurama
|-status|p1a: Kurama|tox
|
|-weather|SunnyDay|[upkeep]
|-damage|p1a: Kurama|95/100 tox|[from] psn
|-heal|p2a: Gliscor|45/100 tox|[from] ability: Poison Heal
|upkeep
|turn|12
|
|t:|1758351523
|switch|p1a: ReverseUNO|Cinderace, M|100/100
|move|p2a: Gliscor|Protect||[still]
|-fail|p2a: Gliscor
|
|-weather|SunnyDay|[upkeep]
|-heal|p2a: Gliscor|58/100 tox|[from] ability: Poison Heal
|upkeep
|turn|13
|
|t:|1758351530
|move|p2a: Gliscor|Protect|p2a: Gliscor
|-singleturn|p2a: Gliscor|Protect
|move|p1a: ReverseUNO|Pyro Ball|p2a: Gliscor
|-activate|p2a: Gliscor|move: Protect
|
|-weather|SunnyDay|[upkeep]
|-heal|p2a: Gliscor|70/100 tox|[from] ability: Poison Heal
|upkeep
|turn|14
|
|t:|1758351539
|switch|p1a: CaptFalcon|Blaziken, M|100/100
|switch|p2a: Skeledirge|Skeledirge, M|100/100
|
|-weather|SunnyDay|[upkeep]
|upkeep
|turn|15
|
|t:|1758351546
|move|p1a: CaptFalcon|Focus Energy|p1a: CaptFalcon
|-start|p1a: CaptFalcon|move: Focus Energy
|move|p2a: Skeledirge|Torch Song|p1a: CaptFalcon
|-resisted|p1a: CaptFalcon
|-damage|p1a: CaptFalcon|64/100
|-boost|p2a: Skeledirge|spa|1
|
|-weather|SunnyDay|[upkeep]
|-ability|p1a: CaptFalcon|Speed Boost|boost
|-boost|p1a: CaptFalcon|spe|1
|upkeep
|turn|16
|
|t:|1758351556
|move|p1a: CaptFalcon|Rock Slide|p2a: Skeledirge
|-supereffective|p2a: Skeledirge
|-crit|p2a: Skeledirge
|-damage|p2a: Skeledirge|57/100
|move|p2a: Skeledirge|Torch Song|p1a: CaptFalcon
|-resisted|p1a: CaptFalcon
|-damage|p1a: CaptFalcon|12/100
|-boost|p2a: Skeledirge|spa|1
|
|-weather|SunnyDay|[upkeep]
|-heal|p2a: Skeledirge|63/100|[from] item: Leftovers
|-fieldend|move: Psychic Terrain
|-ability|p1a: CaptFalcon|Speed Boost|boost
|-boost|p1a: CaptFalcon|spe|1
|upkeep
|turn|17
|
|t:|1758351576
|move|p1a: CaptFalcon|Overheat|p2a: Skeledirge
|-resisted|p2a: Skeledirge
|-crit|p2a: Skeledirge
|-damage|p2a: Skeledirge|1/100
|-unboost|p1a: CaptFalcon|spa|2
|move|p2a: Skeledirge|Slack Off|p2a: Skeledirge
|-heal|p2a: Skeledirge|51/100
|
|-weather|SunnyDay|[upkeep]
|-heal|p2a: Skeledirge|57/100|[from] item: Leftovers
|-ability|p1a: CaptFalcon|Speed Boost|boost
|-boost|p1a: CaptFalcon|spe|1
|upkeep
|turn|18
|inactive|DeFeNdvs has 120 seconds left.
|
|t:|1758351624
|switch|p2a: Slowking|Slowking-Galar, M|53/100
|move|p1a: CaptFalcon|Overheat|p2a: Slowking
|-crit|p2a: Slowking
|-damage|p2a: Slowking|0 fnt
|-unboost|p1a: CaptFalcon|spa|2
|faint|p2a: Slowking
|
|-weather|none
|-ability|p1a: CaptFalcon|Speed Boost|boost
|-boost|p1a: CaptFalcon|spe|1
|upkeep
|inactive|DeFeNdvs has 90 seconds left.
|
|t:|1758351638
|switch|p2a: Alomomola|Alomomola, M|46/100
|turn|19
|
|t:|1758351642
|move|p1a: CaptFalcon|Close Combat|p2a: Alomomola
|-crit|p2a: Alomomola
|-damage|p2a: Alomomola|0 fnt
|-unboost|p1a: CaptFalcon|def|1
|-unboost|p1a: CaptFalcon|spd|1
|faint|p2a: Alomomola
|
|-ability|p1a: CaptFalcon|Speed Boost|boost
|-boost|p1a: CaptFalcon|spe|1
|upkeep
|
|t:|1758351649
|switch|p2a: Skeledirge|Skeledirge, M|57/100
|turn|20
|
|t:|1758351654
|move|p1a: CaptFalcon|Rock Slide|p2a: Skeledirge
|-supereffective|p2a: Skeledirge
|-crit|p2a: Skeledirge
|-damage|p2a: Skeledirge|14/100
|move|p2a: Skeledirge|Torch Song|p1a: CaptFalcon
|-resisted|p1a: CaptFalcon
|-damage|p1a: CaptFalcon|0 fnt
|-boost|p2a: Skeledirge|spa|1
|faint|p1a: CaptFalcon
|
|-heal|p2a: Skeledirge|20/100|[from] item: Leftovers
|upkeep
|
|t:|1758351670
|switch|p1a: Kurama|Ninetales, M|95/100 tox
|-weather|SunnyDay|[from] ability: Drought|[of] p1a: Kurama
|turn|21
|inactive|DeFeNdvs has 120 seconds left.
|
|t:|1758351684
|switch|p2a: Clodsire|Clodsire, M|100/100
|move|p1a: Kurama|Weather Ball|p2a: Clodsire
|-damage|p2a: Clodsire|72/100
|
|-weather|SunnyDay|[upkeep]
|-heal|p2a: Clodsire|79/100|[from] item: Leftovers
|-damage|p1a: Kurama|89/100 tox|[from] psn
|upkeep
|turn|22
|inactive|DeFeNdvs has 120 seconds left.
|
|t:|1758351698
|move|p1a: Kurama|Will-O-Wisp|p2a: Clodsire
|-status|p2a: Clodsire|brn
|move|p2a: Clodsire|Stealth Rock|p1a: Kurama
|-sidestart|p1: waha8|move: Stealth Rock
|
|-weather|SunnyDay|[upkeep]
|-heal|p2a: Clodsire|85/100 brn|[from] item: Leftovers
|-damage|p1a: Kurama|77/100 tox|[from] psn
|-damage|p2a: Clodsire|79/100 brn|[from] brn
|upkeep
|turn|23
|inactive|DeFeNdvs has 120 seconds left.
|
|t:|1758351709
|switch|p1a: Mavis|Hatterene, F, tera:Psychic|4/100
|-damage|p1a: Mavis|0 fnt|[from] Stealth Rock
|faint|p1a: Mavis
|switch|p2a: Gliscor|Gliscor, M, tera:Psychic|70/100 tox
|
|-weather|SunnyDay|[upkeep]
|-heal|p2a: Gliscor|83/100 tox|[from] ability: Poison Heal
|upkeep
|
|t:|1758351719
|switch|p1a: ReverseUNO|Cinderace, M|100/100
|turn|24
|
|t:|1758351723
|move|p2a: Gliscor|Protect|p2a: Gliscor
|-singleturn|p2a: Gliscor|Protect
|move|p1a: ReverseUNO|Pyro Ball|p2a: Gliscor
|-activate|p2a: Gliscor|move: Protect
|
|-weather|SunnyDay|[upkeep]
|-heal|p2a: Gliscor|95/100 tox|[from] ability: Poison Heal
|upkeep
|turn|25
|
|t:|1758351738
|switch|p2a: Skeledirge|Skeledirge, M|20/100
|move|p1a: ReverseUNO|Pyro Ball|p2a: Skeledirge
|-resisted|p2a: Skeledirge
|-crit|p2a: Skeledirge
|-damage|p2a: Skeledirge|0 fnt
|faint|p2a: Skeledirge
|
|-weather|SunnyDay|[upkeep]
|upkeep
|
|t:|1758351751
|switch|p2a: Gliscor|Gliscor, M, tera:Psychic|95/100 tox
|turn|26
|
|t:|1758351754
|move|p2a: Gliscor|Protect|p2a: Gliscor
|-singleturn|p2a: Gliscor|Protect
|move|p1a: ReverseUNO|Pyro Ball|p2a: Gliscor
|-activate|p2a: Gliscor|move: Protect
|
|-weather|SunnyDay|[upkeep]
|-heal|p2a: Gliscor|100/100 tox|[from] ability: Poison Heal
|upkeep
|turn|27
|
|t:|1758351769
|move|p1a: ReverseUNO|Pyro Ball|p2a: Gliscor
|-damage|p2a: Gliscor|31/100 tox
|move|p2a: Gliscor|Toxic|p1a: ReverseUNO
|-status|p1a: ReverseUNO|tox
|
|-weather|SunnyDay|[upkeep]
|-damage|p1a: ReverseUNO|95/100 tox|[from] psn
|-heal|p2a: Gliscor|43/100 tox|[from] ability: Poison Heal
|upkeep
|turn|28
|
|t:|1758351778
|move|p2a: Gliscor|Protect|p2a: Gliscor
|-singleturn|p2a: Gliscor|Protect
|move|p1a: ReverseUNO|Pyro Ball|p2a: Gliscor
|-activate|p2a: Gliscor|move: Protect
|
|-weather|none
|-damage|p1a: ReverseUNO|83/100 tox|[from] psn
|-heal|p2a: Gliscor|56/100 tox|[from] ability: Poison Heal
|upkeep
|turn|29
|
|t:|1758351787
|switch|p2a: Clodsire|Clodsire, M|79/100 brn
|move|p1a: ReverseUNO|Pyro Ball|p2a: Clodsire
|-damage|p2a: Clodsire|20/100 brn
|
|-heal|p2a: Clodsire|27/100 brn|[from] item: Leftovers
|-damage|p1a: ReverseUNO|65/100 tox|[from] psn
|-damage|p2a: Clodsire|20/100 brn|[from] brn
|upkeep
|turn|30
|
|t:|1758351798
|move|p1a: ReverseUNO|Pyro Ball|p2a: Clodsire
|-damage|p2a: Clodsire|0 fnt
|faint|p2a: Clodsire
|
|-damage|p1a: ReverseUNO|41/100 tox|[from] psn
|upkeep
|
|t:|1758351804
|switch|p2a: Gliscor|Gliscor, M, tera:Psychic|56/100 tox
|turn|31
|
|t:|1758351812
|move|p2a: Gliscor|Protect|p2a: Gliscor
|-singleturn|p2a: Gliscor|Protect
|move|p1a: ReverseUNO|Gunk Shot|p2a: Gliscor
|-start|p1a: ReverseUNO|typechange|Poison|[from] ability: Libero
|-activate|p2a: Gliscor|move: Protect
|
|-damage|p1a: ReverseUNO|11/100 tox|[from] psn
|-heal|p2a: Gliscor|68/100 tox|[from] ability: Poison Heal
|upkeep
|turn|32
|
|t:|1758351822
|move|p2a: Gliscor|Protect||[still]
|-fail|p2a: Gliscor
|move|p1a: ReverseUNO|Gunk Shot|p2a: Gliscor
|-damage|p2a: Gliscor|26/100 tox
|
|-damage|p1a: ReverseUNO|0 fnt|[from] psn
|faint|p1a: ReverseUNO
|-heal|p2a: Gliscor|38/100 tox|[from] ability: Poison Heal
|upkeep
|
|t:|1758351831
|switch|p1a: Kurama|Ninetales, M|77/100 tox
|-damage|p1a: Kurama|52/100 tox|[from] Stealth Rock
|-weather|SunnyDay|[from] ability: Drought|[of] p1a: Kurama
|turn|33
|
|t:|1758351836
|move|p2a: Gliscor|Protect|p2a: Gliscor
|-singleturn|p2a: Gliscor|Protect
|move|p1a: Kurama|Weather Ball|p2a: Gliscor
|-activate|p2a: Gliscor|move: Protect
|
|-weather|SunnyDay|[upkeep]
|-damage|p1a: Kurama|46/100 tox|[from] psn
|-heal|p2a: Gliscor|50/100 tox|[from] ability: Poison Heal
|upkeep
|turn|34
|
|t:|1758351846
|move|p1a: Kurama|Weather Ball|p2a: Gliscor
|-damage|p2a: Gliscor|6/100 tox
|move|p2a: Gliscor|Earthquake|p1a: Kurama
|-supereffective|p1a: Kurama
|-damage|p1a: Kurama|0 fnt
|faint|p1a: Kurama
|
|-weather|SunnyDay|[upkeep]
|-heal|p2a: Gliscor|19/100 tox|[from] ability: Poison Heal
|upkeep
|
|t:|1758351855
|switch|p1a: WildWest|Slowbro-Galar, F|100/100
|-damage|p1a: WildWest|88/100|[from] Stealth Rock
|turn|35
|-activate|p1a: WildWest|ability: Quick Draw
|
|t:|1758351859
|move|p2a: Gliscor|Protect|p2a: Gliscor
|-singleturn|p2a: Gliscor|Protect
|move|p1a: WildWest|Shell Side Arm|p2a: Gliscor|[anim] Shell Side Arm Special
|-activate|p2a: Gliscor|move: Protect
|
|-weather|SunnyDay|[upkeep]
|-heal|p2a: Gliscor|31/100 tox|[from] ability: Poison Heal
|upkeep
|turn|36
|-activate|p1a: WildWest|ability: Quick Draw
|
|t:|1758351869
|move|p1a: WildWest|Shell Side Arm|p2a: Gliscor|[anim] Shell Side Arm Special
|-damage|p2a: Gliscor|0 fnt
|-hint|Special Shell Side Arm
|faint|p2a: Gliscor
|
|win|waha8
|raw|waha8's rating: 1338 &rarr; <strong>1361</strong><br />(+23 for winning)
|raw|DeFeNdvs's rating: 1391 &rarr; <strong>1368</strong><br />(-23 for losing)
|l|☆DeFeNdvs
|player|p2|
