|j|☆Jzcool
|j|☆leon-aredo
|t:|1758293553
|gametype|singles
|player|p1|Jzcool|mars|1043
|player|p2|leon-aredo|red|1000
|gen|9
|tier|[Gen 9] OU
|rated|
|rule|HP Percentage Mod: HP is shown in percentages
|rule|Endless Battle Clause: Forcing endless battles is banned
|rule|Species Clause: Limit one of each Pokémon
|rule|OHKO Clause: OHKO moves are banned
|rule|Evasion Items Clause: Evasion items are banned
|rule|Evasion Moves Clause: Evasion moves are banned
|rule|Evasion Abilities Clause: Evasion abilities are banned
|rule|Sleep Moves Clause: Sleep-inducing moves are banned
|clearpoke
|poke|p1|Ceruledge, F|
|poke|p1|Scizor, M|
|poke|p1|Gliscor, M|
|poke|p1|Pecharunt|
|poke|p1|Blaziken, M|
|poke|p1|Raging Bolt|
|poke|p2|Ogerpon-Wellspring, F|
|poke|p2|Gholdengo|
|poke|p2|Armarouge, F|
|poke|p2|Enamorus, F|
|poke|p2|Great Tusk|
|poke|p2|Kingambit, M|
|teampreview
|
|t:|1758293572
|teamsize|p1|6
|teamsize|p2|6
|start
|switch|p1a: Rei|Scizor, M|100/100
|switch|p2a: Great Tusk|Great Tusk|100/100
|turn|1
|
|t:|1758293581
|move|p1a: Rei|Bullet Punch|p2a: Great Tusk
|-damage|p2a: Great Tusk|85/100
|move|p2a: Great Tusk|Stealth Rock|p1a: Rei
|-sidestart|p1: Jzcool|move: Stealth Rock
|
|-heal|p2a: Great Tusk|91/100|[from] item: Leftovers
|upkeep
|turn|2
|
|t:|1758293591
|-end|p2a: Great Tusk|Protosynthesis|[silent]
|switch|p2a: Ogerpon|Ogerpon-Wellspring, F|100/100
|move|p1a: Rei|Defog|p2a: Ogerpon
|-unboost|p2a: Ogerpon|evasion|1
|-sideend|p1: Jzcool|Stealth Rock|[from] move: Defog|[of] p1a: Rei
|
|upkeep
|turn|3
|inactive|Battle timer is ON: inactive players will automatically lose when time's up. (requested by Jzcool)
|
|t:|1758293600
|move|p2a: Ogerpon|Knock Off|p1a: Rei
|-damage|p1a: Rei|63/100
|-enditem|p1a: Rei|Heavy-Duty Boots|[from] move: Knock Off|[of] p2a: Ogerpon
|move|p1a: Rei|U-turn|p2a: Ogerpon
|-supereffective|p2a: Ogerpon
|-damage|p2a: Ogerpon|0 fnt
|faint|p2a: Ogerpon
|
|t:|1758293610
|switch|p1a: Wayne|Gliscor, M|100/100|[from] U-turn
|
|-status|p1a: Wayne|tox|[from] item: Toxic Orb
|upkeep
|
|t:|1758293617
|switch|p2a: Enamorus|Enamorus, F|100/100
|turn|4
|
|t:|1758293622
|move|p2a: Enamorus|Moonblast|p1a: Wayne
|-damage|p1a: Wayne|33/100 tox
|-unboost|p1a: Wayne|spa|1
|move|p1a: Wayne|Toxic|p2a: Enamorus
|-status|p2a: Enamorus|tox
|
|-damage|p2a: Enamorus|94/100 tox|[from] psn
|-heal|p1a: Wayne|46/100 tox|[from] ability: Poison Heal
|upkeep
|turn|5
|
|t:|1758293635
|move|p1a: Wayne|Protect|p1a: Wayne
|-singleturn|p1a: Wayne|Protect
|move|p2a: Enamorus|Moonblast|p1a: Wayne
|-activate|p1a: Wayne|move: Protect
|
|-damage|p2a: Enamorus|82/100 tox|[from] psn
|-heal|p1a: Wayne|58/100 tox|[from] ability: Poison Heal
|upkeep
|turn|6
|
|t:|1758293651
|switch|p2a: Great Tusk|Great Tusk|91/100
|switch|p1a: Rei|Scizor, M|63/100
|
|-heal|p2a: Great Tusk|97/100|[from] item: Leftovers
|upkeep
|turn|7
|
|t:|1758293660
|move|p2a: Great Tusk|Rapid Spin|p1a: Rei
|-resisted|p1a: Rei
|-damage|p1a: Rei|56/100
|-boost|p2a: Great Tusk|spe|1
|move|p1a: Rei|U-turn|p2a: Great Tusk
|-resisted|p2a: Great Tusk
|-damage|p2a: Great Tusk|88/100
|
|t:|1758293679
|switch|p1a: Wayne|Gliscor, M|58/100 tox|[from] U-turn
|
|-heal|p2a: Great Tusk|95/100|[from] item: Leftovers
|-heal|p1a: Wayne|71/100 tox|[from] ability: Poison Heal
|upkeep
|turn|8
|
|t:|1758293696
|move|p1a: Wayne|Protect|p1a: Wayne
|-singleturn|p1a: Wayne|Protect
|move|p2a: Great Tusk|Rapid Spin|p1a: Wayne
|-activate|p1a: Wayne|move: Protect
|
|-heal|p2a: Great Tusk|100/100|[from] item: Leftovers
|-heal|p1a: Wayne|83/100 tox|[from] ability: Poison Heal
|upkeep
|turn|9
|
|t:|1758293705
|move|p2a: Great Tusk|Rapid Spin|p1a: Wayne
|-damage|p1a: Wayne|72/100 tox
|-boost|p2a: Great Tusk|spe|1
|move|p1a: Wayne|Stealth Rock|p2a: Great Tusk
|-sidestart|p2: leon-aredo|move: Stealth Rock
|
|-heal|p1a: Wayne|84/100 tox|[from] ability: Poison Heal
|upkeep
|turn|10
|
|t:|1758293714
|-end|p2a: Great Tusk|Protosynthesis|[silent]
|switch|p2a: Enamorus|Enamorus, F|82/100 tox
|-damage|p2a: Enamorus|57/100 tox|[from] Stealth Rock
|switch|p1a: P.E.K.K.A.|Pecharunt|100/100
|
|-damage|p2a: Enamorus|51/100 tox|[from] psn
|upkeep
|turn|11
|
|t:|1758293726
|move|p2a: Enamorus|Moonblast|p1a: P.E.K.K.A.
|-resisted|p1a: P.E.K.K.A.
|-damage|p1a: P.E.K.K.A.|65/100
|move|p1a: P.E.K.K.A.|Malignant Chain|p2a: Enamorus
|-supereffective|p2a: Enamorus
|-damage|p2a: Enamorus|0 fnt
|faint|p2a: Enamorus
|
|upkeep
|
|t:|1758293733
|switch|p2a: Great Tusk|Great Tusk|100/100
|-damage|p2a: Great Tusk|98/100|[from] Stealth Rock
|turn|12
|
|t:|1758293742
|move|p1a: P.E.K.K.A.|Parting Shot|p2a: Great Tusk
|-unboost|p2a: Great Tusk|atk|1
|-unboost|p2a: Great Tusk|spa|1
|
|t:|1758293746
|switch|p1a: Wayne|Gliscor, M|84/100 tox|[from] Parting Shot
|move|p2a: Great Tusk|Earthquake|p1a: Wayne
|-immune|p1a: Wayne
|
|-heal|p2a: Great Tusk|100/100|[from] item: Leftovers
|-heal|p1a: Wayne|97/100 tox|[from] ability: Poison Heal
|upkeep
|turn|13
|
|t:|1758293756
|-end|p2a: Great Tusk|Protosynthesis|[silent]
|switch|p2a: Gholdengo|Gholdengo|100/100
|-damage|p2a: Gholdengo|94/100|[from] Stealth Rock
|move|p1a: Wayne|Toxic|p2a: Gholdengo
|-immune|p2a: Gholdengo|[from] ability: Good as Gold
|
|-heal|p1a: Wayne|100/100 tox|[from] ability: Poison Heal
|upkeep
|turn|14
|
|t:|1758293770
|move|p2a: Gholdengo|Trick|p1a: Wayne
|-activate|p2a: Gholdengo|move: Trick|[of] p1a: Wayne
|-item|p1a: Wayne|Choice Scarf|[from] move: Trick
|-item|p2a: Gholdengo|Toxic Orb|[from] move: Trick
|move|p1a: Wayne|Earthquake|p2a: Gholdengo
|-supereffective|p2a: Gholdengo
|-damage|p2a: Gholdengo|14/100
|
|upkeep
|turn|15
|
|t:|1758293777
|move|p1a: Wayne|Earthquake|p2a: Gholdengo
|-supereffective|p2a: Gholdengo
|-damage|p2a: Gholdengo|0 fnt
|faint|p2a: Gholdengo
|
|upkeep
|
|t:|1758293781
|switch|p2a: Armarouge|Armarouge, F|100/100
|-damage|p2a: Armarouge|76/100|[from] Stealth Rock
|turn|16
|
|t:|1758293789
|move|p1a: Wayne|Earthquake|p2a: Armarouge
|-supereffective|p2a: Armarouge
|-damage|p2a: Armarouge|11/100
|-enditem|p2a: Armarouge|Weakness Policy
|-boost|p2a: Armarouge|atk|2|[from] item: Weakness Policy
|-boost|p2a: Armarouge|spa|2|[from] item: Weakness Policy
|move|p2a: Armarouge|Armor Cannon|p1a: Wayne
|-damage|p1a: Wayne|0 fnt
|-unboost|p2a: Armarouge|def|1
|-unboost|p2a: Armarouge|spd|1
|faint|p1a: Wayne
|
|upkeep
|
|t:|1758293800
|switch|p1a: Rei|Scizor, M|56/100
|turn|17
|
|t:|1758293806
|move|p1a: Rei|Bullet Punch|p2a: Armarouge
|-resisted|p2a: Armarouge
|-damage|p2a: Armarouge|0 fnt
|faint|p2a: Armarouge
|
|upkeep
|
|t:|1758293811
|switch|p2a: Great Tusk|Great Tusk|100/100
|-damage|p2a: Great Tusk|98/100|[from] Stealth Rock
|turn|18
|
|t:|1758293826
|move|p2a: Great Tusk|Stealth Rock|p1a: Rei
|-sidestart|p1: Jzcool|move: Stealth Rock
|move|p1a: Rei|U-turn|p2a: Great Tusk
|-resisted|p2a: Great Tusk
|-damage|p2a: Great Tusk|88/100
|
|t:|1758293837
|switch|p1a: P.E.K.K.A.|Pecharunt|65/100|[from] U-turn
|-damage|p1a: P.E.K.K.A.|53/100|[from] Stealth Rock
|
|-heal|p2a: Great Tusk|94/100|[from] item: Leftovers
|upkeep
|turn|19
|
|t:|1758293846
|move|p1a: P.E.K.K.A.|Recover|p1a: P.E.K.K.A.
|-heal|p1a: P.E.K.K.A.|100/100
|move|p2a: Great Tusk|Earthquake|p1a: P.E.K.K.A.
|-supereffective|p1a: P.E.K.K.A.
|-damage|p1a: P.E.K.K.A.|62/100
|
|-heal|p2a: Great Tusk|99/100|[from] item: Leftovers
|upkeep
|turn|20
|
|t:|1758293862
|move|p1a: P.E.K.K.A.|Shadow Ball|p2a: Great Tusk
|-crit|p2a: Great Tusk
|-damage|p2a: Great Tusk|54/100
|move|p2a: Great Tusk|Stealth Rock||[still]
|-fail|p2a: Great Tusk
|
|-heal|p2a: Great Tusk|60/100|[from] item: Leftovers
|upkeep
|turn|21
|
|t:|1758293870
|move|p1a: P.E.K.K.A.|Shadow Ball|p2a: Great Tusk
|-damage|p2a: Great Tusk|26/100
|move|p2a: Great Tusk|Rapid Spin|p1a: P.E.K.K.A.
|-immune|p1a: P.E.K.K.A.
|
|-heal|p2a: Great Tusk|32/100|[from] item: Leftovers
|upkeep
|turn|22
|
|t:|1758293882
|move|p1a: P.E.K.K.A.|Recover|p1a: P.E.K.K.A.
|-heal|p1a: P.E.K.K.A.|100/100
|move|p2a: Great Tusk|Knock Off|p1a: P.E.K.K.A.
|-supereffective|p1a: P.E.K.K.A.
|-damage|p1a: P.E.K.K.A.|72/100
|-damage|p2a: Great Tusk|16/100|[from] item: Rocky Helmet|[of] p1a: P.E.K.K.A.
|-enditem|p1a: P.E.K.K.A.|Rocky Helmet|[from] move: Knock Off|[of] p2a: Great Tusk
|
|-heal|p2a: Great Tusk|22/100|[from] item: Leftovers
|upkeep
|turn|23
|
|t:|1758293897
|move|p1a: P.E.K.K.A.|Shadow Ball|p2a: Great Tusk
|-damage|p2a: Great Tusk|0 fnt
|faint|p2a: Great Tusk
|-end|p2a: Great Tusk|Protosynthesis|[silent]
|
|upkeep
|
|t:|1758293902
|switch|p2a: Kingambit|Kingambit, M|100/100
|-damage|p2a: Kingambit|94/100|[from] Stealth Rock
|-activate|p2a: Kingambit|ability: Supreme Overlord
|-start|p2a: Kingambit|fallen5|[silent]
|turn|24
|
|t:|1758293908
|move|p1a: P.E.K.K.A.|Parting Shot|p2a: Kingambit
|-unboost|p2a: Kingambit|atk|1
|-unboost|p2a: Kingambit|spa|1
|
|t:|1758293917
|switch|p1a: Rei|Scizor, M|56/100|[from] Parting Shot
|-damage|p1a: Rei|44/100|[from] Stealth Rock
|move|p2a: Kingambit|Swords Dance|p2a: Kingambit
|-boost|p2a: Kingambit|atk|2
|
|upkeep
|turn|25
|
|t:|1758293929
|move|p2a: Kingambit|Sucker Punch|p1a: Rei
|-damage|p1a: Rei|0 fnt
|faint|p1a: Rei
|
|upkeep
|
|t:|1758293940
|switch|p1a: Brachiosaurus|Raging Bolt|100/100
|-damage|p1a: Brachiosaurus|88/100|[from] Stealth Rock
|turn|26
|
|t:|1758293949
|move|p1a: Brachiosaurus|Draco Meteor|p2a: Kingambit
|-resisted|p2a: Kingambit
|-damage|p2a: Kingambit|37/100
|-unboost|p1a: Brachiosaurus|spa|2
|move|p2a: Kingambit|Iron Head|p1a: Brachiosaurus
|-resisted|p1a: Brachiosaurus
|-damage|p1a: Brachiosaurus|36/100
|
|upkeep
|turn|27
|
|t:|1758293958
|move|p1a: Brachiosaurus|Draco Meteor|p2a: Kingambit
|-resisted|p2a: Kingambit
|-damage|p2a: Kingambit|11/100
|-unboost|p1a: Brachiosaurus|spa|2
|move|p2a: Kingambit|Kowtow Cleave|p1a: Brachiosaurus
|-damage|p1a: Brachiosaurus|0 fnt
|faint|p1a: Brachiosaurus
|-end|p1a: Brachiosaurus|Protosynthesis|[silent]
|
|upkeep
|
|t:|1758293968
|switch|p1a: Vampire I Run|Ceruledge, F|100/100
|-damage|p1a: Vampire I Run|76/100|[from] Stealth Rock
|turn|28
|
|t:|1758293979
|move|p1a: Vampire I Run|Shadow Sneak|p2a: Kingambit
|-resisted|p2a: Kingambit
|-damage|p2a: Kingambit|3/100
|move|p2a: Kingambit|Iron Head|p1a: Vampire I Run
|-resisted|p1a: Vampire I Run
|-damage|p1a: Vampire I Run|4/100
|-ability|p1a: Vampire I Run|Weak Armor|boost
|-unboost|p1a: Vampire I Run|def|1
|-boost|p1a: Vampire I Run|spe|2
|
|upkeep
|turn|29
|
|t:|1758293987
|-terastallize|p2a: Kingambit|Dark
|move|p1a: Vampire I Run|Shadow Sneak|p2a: Kingambit
|-resisted|p2a: Kingambit
|-damage|p2a: Kingambit|0 fnt
|faint|p2a: Kingambit
|-end|p2a: Kingambit|fallen5|[silent]
|
|win|Jzcool
|raw|Jzcool's rating: 1043 &rarr; <strong>1072</strong><br />(+29 for winning)
|raw|leon-aredo's rating: 1000 &rarr; <strong>1000</strong><br />(+0 for losing)
