|j|☆Scoops4822
|j|☆expsnake
|t:|1758242315
|gametype|singles
|player|p1|Scoops4822|101|1533
|player|p2|expsnake|boarder|1538
|gen|9
|tier|[Gen 9] OU
|rated|
|rule|HP Percentage Mod: HP is shown in percentages
|rule|Endless Battle Clause: Forcing endless battles is banned
|rule|Species Clause: Limit one of each Pokémon
|rule|OHKO Clause: OHKO moves are banned
|rule|Evasion Items Clause: Evasion items are banned
|rule|Evasion Moves Clause: Evasion moves are banned
|rule|Evasion Abilities Clause: Evasion abilities are banned
|rule|Sleep Moves Clause: Sleep-inducing moves are banned
|clearpoke
|poke|p1|Pelipper, F|
|poke|p1|Hatterene, F|
|poke|p1|Iron Treads|
|poke|p1|Toxicroak, F|
|poke|p1|Barraskewda, F|
|poke|p1|Zapdos|
|poke|p2|Pelipper, L99, F|
|poke|p2|Pincurchin, F|
|poke|p2|Iron Jugulis|
|poke|p2|Iron Treads|
|poke|p2|Raging Bolt|
|poke|p2|Barraskewda, M|
|teampreview
|inactive|Battle timer is ON: inactive players will automatically lose when time's up. (requested by expsnake)
|inactive|expsnake has 120 seconds left.
|
|t:|1758242357
|teamsize|p1|6
|teamsize|p2|6
|start
|switch|p1a: Barraskewda|Barraskewda, F|100/100
|switch|p2a: Pincurchin|Pincurchin, F|100/100
|-fieldstart|move: Electric Terrain|[from] ability: Electric Surge|[of] p2a: Pincurchin
|turn|1
|
|t:|1758242372
|move|p1a: Barraskewda|Flip Turn|p2a: Pincurchin
|-damage|p2a: Pincurchin|55/100
|
|t:|1758242377
|switch|p1a: Iron Treads|Iron Treads|100/100|[from] Flip Turn
|-activate|p1a: Iron Treads|ability: Quark Drive
|-start|p1a: Iron Treads|quarkdrivedef
|move|p2a: Pincurchin|Scald|p1a: Iron Treads
|-supereffective|p1a: Iron Treads
|-damage|p1a: Iron Treads|74/100
|
|-heal|p1a: Iron Treads|80/100|[from] item: Leftovers
|upkeep
|turn|2
|
|t:|1758242388
|switch|p2a: Iron Treads|Iron Treads|100/100
|-activate|p2a: Iron Treads|ability: Quark Drive
|-start|p2a: Iron Treads|quarkdrivespe
|move|p1a: Iron Treads|Earthquake|p2a: Iron Treads
|-supereffective|p2a: Iron Treads
|-damage|p2a: Iron Treads|35/100
|-enditem|p2a: Iron Treads|Eject Button
|
|t:|1758242391
|-end|p2a: Iron Treads|Quark Drive|[silent]
|switch|p2a: Pelipper|Pelipper, L99, F|100/100
|-weather|RainDance|[from] ability: Drizzle|[of] p2a: Pelipper
|
|-weather|RainDance|[upkeep]
|-heal|p1a: Iron Treads|86/100|[from] item: Leftovers
|upkeep
|turn|3
|
|t:|1758242408
|-end|p1a: Iron Treads|Quark Drive|[silent]
|switch|p1a: Hatterene|Hatterene, F|100/100
|-terastallize|p2a: Pelipper|Ground
|move|p2a: Pelipper|Surf|p1a: Hatterene
|-damage|p1a: Hatterene|54/100
|-enditem|p1a: Hatterene|Eject Button
|
|t:|1758242417
|switch|p1a: Barraskewda|Barraskewda, F|100/100
|
|-weather|RainDance|[upkeep]
|upkeep
|turn|4
|
|t:|1758242422
|switch|p2a: Raging Bolt|Raging Bolt|100/100
|-enditem|p2a: Raging Bolt|Booster Energy
|-activate|p2a: Raging Bolt|ability: Protosynthesis|[fromitem]
|-start|p2a: Raging Bolt|protosynthesisspa
|move|p1a: Barraskewda|Flip Turn|p2a: Raging Bolt
|-resisted|p2a: Raging Bolt
|-damage|p2a: Raging Bolt|71/100
|
|t:|1758242431
|switch|p1a: Iron Treads|Iron Treads|86/100|[from] Flip Turn
|-activate|p1a: Iron Treads|ability: Quark Drive
|-start|p1a: Iron Treads|quarkdrivedef
|
|-weather|RainDance|[upkeep]
|-heal|p1a: Iron Treads|92/100|[from] item: Leftovers
|upkeep
|turn|5
|
|t:|1758242441
|move|p1a: Iron Treads|Earthquake|p2a: Raging Bolt
|-supereffective|p2a: Raging Bolt
|-damage|p2a: Raging Bolt|8/100
|move|p2a: Raging Bolt|Weather Ball|p1a: Iron Treads
|-supereffective|p1a: Iron Treads
|-damage|p1a: Iron Treads|0 fnt
|faint|p1a: Iron Treads
|-end|p1a: Iron Treads|Quark Drive|[silent]
|
|-weather|RainDance|[upkeep]
|upkeep
|inactive|Scoops4822 has 120 seconds left.
|inactive|Scoops4822 has 90 seconds left.
|
|t:|1758242508
|switch|p1a: Barraskewda|Barraskewda, F|100/100
|turn|6
|
|t:|1758242512
|move|p1a: Barraskewda|Aqua Jet|p2a: Raging Bolt
|-resisted|p2a: Raging Bolt
|-damage|p2a: Raging Bolt|0 fnt
|faint|p2a: Raging Bolt
|-end|p2a: Raging Bolt|Protosynthesis|[silent]
|
|-weather|RainDance|[upkeep]
|upkeep
|
|t:|1758242532
|switch|p2a: Iron Jugulis|Iron Jugulis|100/100
|-activate|p2a: Iron Jugulis|ability: Quark Drive
|-start|p2a: Iron Jugulis|quarkdrivespe
|turn|7
|inactive|Scoops4822 has 90 seconds left.
|
|t:|1758242566
|switch|p1a: Hatterene|Hatterene, F|54/100
|move|p2a: Iron Jugulis|Hurricane|p1a: Hatterene
|-damage|p1a: Hatterene|0 fnt
|faint|p1a: Hatterene
|
|-weather|RainDance|[upkeep]
|upkeep
|
|t:|1758242577
|switch|p1a: Barraskewda|Barraskewda, F|100/100
|turn|8
|
|t:|1758242584
|-end|p2a: Iron Jugulis|Quark Drive|[silent]
|switch|p2a: Pelipper|Pelipper, L99, F, tera:Ground|100/100
|-terastallize|p1a: Barraskewda|Water
|move|p1a: Barraskewda|Liquidation|p2a: Pelipper
|-supereffective|p2a: Pelipper
|-damage|p2a: Pelipper|0 fnt
|faint|p2a: Pelipper
|
|-weather|RainDance|[upkeep]
|-fieldend|move: Electric Terrain
|upkeep
|
|t:|1758242586
|switch|p2a: Pincurchin|Pincurchin, F|55/100
|-fieldstart|move: Electric Terrain|[from] ability: Electric Surge|[of] p2a: Pincurchin
|turn|9
|inactive|Scoops4822 has 90 seconds left.
|inactive|Scoops4822 has 60 seconds left.
|
|t:|1758242624
|move|p2a: Pincurchin|Sucker Punch|p1a: Barraskewda
|-damage|p1a: Barraskewda|69/100
|move|p1a: Barraskewda|Liquidation|p2a: Pincurchin
|-damage|p2a: Pincurchin|0 fnt
|faint|p2a: Pincurchin
|
|-weather|none
|upkeep
|
|t:|1758242631
|switch|p2a: Iron Jugulis|Iron Jugulis|100/100
|-activate|p2a: Iron Jugulis|ability: Quark Drive
|-start|p2a: Iron Jugulis|quarkdrivespe
|turn|10
|
|t:|1758242638
|switch|p1a: Pelipper|Pelipper, F|100/100
|-weather|RainDance|[from] ability: Drizzle|[of] p1a: Pelipper
|move|p2a: Iron Jugulis|Hurricane|p1a: Pelipper
|-damage|p1a: Pelipper|29/100
|
|-weather|RainDance|[upkeep]
|upkeep
|turn|11
|
|t:|1758242646
|move|p2a: Iron Jugulis|Hurricane|p1a: Pelipper
|-damage|p1a: Pelipper|0 fnt
|faint|p1a: Pelipper
|
|-weather|RainDance|[upkeep]
|upkeep
|
|t:|1758242651
|switch|p1a: Barraskewda|Barraskewda, F, tera:Water|69/100
|turn|12
|
|t:|1758242654
|-end|p2a: Iron Jugulis|Quark Drive|[silent]
|switch|p2a: Iron Treads|Iron Treads|35/100
|-activate|p2a: Iron Treads|ability: Quark Drive
|-start|p2a: Iron Treads|quarkdrivespe
|move|p1a: Barraskewda|Liquidation|p2a: Iron Treads
|-supereffective|p2a: Iron Treads
|-damage|p2a: Iron Treads|0 fnt
|faint|p2a: Iron Treads
|-end|p2a: Iron Treads|Quark Drive|[silent]
|
|-weather|RainDance|[upkeep]
|upkeep
|
|t:|1758242656
|switch|p2a: Barraskewda|Barraskewda, M|100/100
|turn|13
|inactive|Scoops4822 has 90 seconds left.
|
|t:|1758242667
|switch|p1a: Toxicroak|Toxicroak, F|100/100
|move|p2a: Barraskewda|Flip Turn|p1a: Toxicroak
|-immune|p1a: Toxicroak|[from] ability: Dry Skin
|
|-weather|RainDance|[upkeep]
|upkeep
|turn|14
|
|t:|1758242673
|switch|p2a: Iron Jugulis|Iron Jugulis|100/100
|-activate|p2a: Iron Jugulis|ability: Quark Drive
|-start|p2a: Iron Jugulis|quarkdrivespe
|move|p1a: Toxicroak|Toxic|p2a: Iron Jugulis
|-status|p2a: Iron Jugulis|tox
|
|-weather|RainDance|[upkeep]
|-damage|p2a: Iron Jugulis|94/100 tox|[from] psn
|upkeep
|turn|15
|
|t:|1758242683
|switch|p1a: Zapdos|Zapdos|100/100
|move|p2a: Iron Jugulis|Hurricane|p1a: Zapdos
|-resisted|p1a: Zapdos
|-crit|p1a: Zapdos
|-damage|p1a: Zapdos|31/100
|
|-weather|RainDance|[upkeep]
|-damage|p2a: Iron Jugulis|82/100 tox|[from] psn
|upkeep
|turn|16
|
|t:|1758242691
|move|p2a: Iron Jugulis|Hurricane|p1a: Zapdos
|-resisted|p1a: Zapdos
|-damage|p1a: Zapdos|0 fnt
|faint|p1a: Zapdos
|
|-weather|RainDance|[upkeep]
|-damage|p2a: Iron Jugulis|64/100 tox|[from] psn
|-fieldend|move: Electric Terrain
|-end|p2a: Iron Jugulis|Quark Drive
|upkeep
|
|t:|1758242698
|switch|p1a: Barraskewda|Barraskewda, F, tera:Water|69/100
|turn|17
|
|t:|1758242705
|-end|p2a: Iron Jugulis|Quark Drive|[silent]
|switch|p2a: Barraskewda|Barraskewda, M|100/100
|move|p1a: Barraskewda|Liquidation|p2a: Barraskewda
|-resisted|p2a: Barraskewda
|-damage|p2a: Barraskewda|0 fnt
|faint|p2a: Barraskewda
|
|-weather|none
|upkeep
|
|t:|1758242707
|switch|p2a: Iron Jugulis|Iron Jugulis|64/100 tox
|turn|18
|-message|expsnake forfeited.
|
|win|Scoops4822
|raw|Scoops4822's rating: 1533 &rarr; <strong>1553</strong><br />(+20 for winning)
|raw|expsnake's rating: 1538 &rarr; <strong>1518</strong><br />(-20 for losing)
|l|☆expsnake
|player|p2|
|c|☆Scoops4822|gg
|l|☆Scoops4822
|player|p1|
