|j|☆bluebrine
|j|☆Elite R2dnl
|t:|1758341858
|gametype|singles
|player|p1|bluebrine|tuber|1421
|player|p2|Elite R2dnl|kimonogirl|1398
|gen|9
|tier|[Gen 9] OU
|rated|
|rule|HP Percentage Mod: HP is shown in percentages
|rule|Endless Battle Clause: Forcing endless battles is banned
|rule|Species Clause: Limit one of each Pokémon
|rule|OHKO Clause: OHKO moves are banned
|rule|Evasion Items Clause: Evasion items are banned
|rule|Evasion Moves Clause: Evasion moves are banned
|rule|Evasion Abilities Clause: Evasion abilities are banned
|rule|Sleep Moves Clause: Sleep-inducing moves are banned
|clearpoke
|poke|p1|Dragonite, F|
|poke|p1|Zamazenta-*|
|poke|p1|Landorus-Therian, M|
|poke|p1|Gholdengo|
|poke|p1|Darkrai|
|poke|p1|Quaquaval, M|
|poke|p2|Ogerpon-Wellspring, F|
|poke|p2|Slowking-Galar, F|
|poke|p2|Great Tusk|
|poke|p2|Samurott-Hisui, F|
|poke|p2|Scizor, F|
|poke|p2|Zapdos|
|teampreview
|inactive|Battle timer is ON: inactive players will automatically lose when time's up. (requested by Elite R2dnl)
|
|t:|1758341872
|teamsize|p1|6
|teamsize|p2|6
|start
|switch|p1a: Quaquaval|Quaquaval, M|100/100
|switch|p2a: Samurott|Samurott-Hisui, F|100/100
|turn|1
|
|t:|1758341879
|move|p2a: Samurott|Flip Turn|p1a: Quaquaval
|-resisted|p1a: Quaquaval
|-damage|p1a: Quaquaval|81/100
|
|t:|1758341891
|switch|p2a: Scizor|Scizor, F|100/100|[from] Flip Turn
|move|p1a: Quaquaval|Rapid Spin|p2a: Scizor
|-resisted|p2a: Scizor
|-damage|p2a: Scizor|93/100
|-boost|p1a: Quaquaval|spe|1
|-damage|p1a: Quaquaval|65/100|[from] item: Rocky Helmet|[of] p2a: Scizor
|
|upkeep
|turn|2
|
|t:|1758341904
|move|p1a: Quaquaval|Aqua Step|p2a: Scizor
|-damage|p2a: Scizor|55/100
|-boost|p1a: Quaquaval|spe|1
|-damage|p1a: Quaquaval|48/100|[from] item: Rocky Helmet|[of] p2a: Scizor
|move|p2a: Scizor|Close Combat|p1a: Quaquaval
|-damage|p1a: Quaquaval|0 fnt
|-unboost|p2a: Scizor|def|1
|-unboost|p2a: Scizor|spd|1
|faint|p1a: Quaquaval
|
|upkeep
|
|t:|1758341913
|switch|p1a: Darkrai|Darkrai|100/100
|turn|3
|
|t:|1758341924
|switch|p2a: Samurott|Samurott-Hisui, F|100/100
|move|p1a: Darkrai|Dark Pulse|p2a: Samurott
|-resisted|p2a: Samurott
|-damage|p2a: Samurott|72/100
|
|upkeep
|turn|4
|
|t:|1758341933
|-terastallize|p1a: Darkrai|Fairy
|move|p2a: Samurott|Sacred Sword|p1a: Darkrai
|-resisted|p1a: Darkrai
|-damage|p1a: Darkrai|76/100
|move|p1a: Darkrai|Tera Blast|p2a: Samurott|[anim] Tera Blast Fairy
|-supereffective|p2a: Samurott
|-damage|p2a: Samurott|0 fnt
|faint|p2a: Samurott
|
|upkeep
|
|t:|1758341943
|switch|p2a: Scizor|Scizor, F|55/100
|turn|5
|l|☆bluebrine
|inactive|bluebrine disconnected and has a minute to reconnect!
|player|p1|
|j|☆bluebrine
|inactive|bluebrine reconnected and has 130 seconds left.
|player|p1|bluebrine|tuber|
|
|t:|1758341969
|switch|p1a: Landorus|Landorus-Therian, M|100/100
|-ability|p1a: Landorus|Intimidate|boost
|-unboost|p2a: Scizor|atk|1
|move|p2a: Scizor|U-turn|p1a: Landorus
|-resisted|p1a: Landorus
|-damage|p1a: Landorus|92/100
|-damage|p2a: Scizor|38/100|[from] item: Rocky Helmet|[of] p1a: Landorus
|
|t:|1758341994
|switch|p2a: Ogerpon|Ogerpon-Wellspring, F|100/100|[from] U-turn
|
|upkeep
|turn|6
|
|t:|1758342000
|move|p2a: Ogerpon|Ivy Cudgel|p1a: Landorus|[anim] Ivy Cudgel Water
|-supereffective|p1a: Landorus
|-damage|p1a: Landorus|13/100
|move|p1a: Landorus|U-turn|p2a: Ogerpon
|-supereffective|p2a: Ogerpon
|-damage|p2a: Ogerpon|45/100
|
|t:|1758342008
|switch|p1a: Darkrai|Darkrai, tera:Fairy|76/100|[from] U-turn
|
|upkeep
|turn|7
|
|t:|1758342033
|switch|p2a: Slowking|Slowking-Galar, F|100/100
|move|p1a: Darkrai|Dark Pulse|p2a: Slowking
|-supereffective|p2a: Slowking
|-damage|p2a: Slowking|53/100
|
|upkeep
|turn|8
|
|t:|1758342041
|move|p1a: Darkrai|Knock Off|p2a: Slowking
|-supereffective|p2a: Slowking
|-damage|p2a: Slowking|0 fnt
|-enditem|p2a: Slowking|Heavy-Duty Boots|[from] move: Knock Off|[of] p1a: Darkrai
|faint|p2a: Slowking
|
|upkeep
|
|t:|1758342044
|switch|p2a: Scizor|Scizor, F|38/100
|turn|9
|
|t:|1758342046
|move|p2a: Scizor|Bullet Punch|p1a: Darkrai
|-supereffective|p1a: Darkrai
|-damage|p1a: Darkrai|6/100
|move|p1a: Darkrai|Dark Pulse|p2a: Scizor
|-damage|p2a: Scizor|0 fnt
|faint|p2a: Scizor
|
|upkeep
|
|t:|1758342054
|switch|p2a: Zapdos|Zapdos|100/100
|turn|10
|
|t:|1758342061
|switch|p1a: Landorus|Landorus-Therian, M|13/100
|-ability|p1a: Landorus|Intimidate|boost
|-unboost|p2a: Zapdos|atk|1
|move|p2a: Zapdos|Heat Wave|p1a: Landorus|[miss]
|-miss|p2a: Zapdos|p1a: Landorus
|
|upkeep
|turn|11
|
|t:|1758342068
|move|p2a: Zapdos|Hurricane|p1a: Landorus
|-damage|p1a: Landorus|0 fnt
|faint|p1a: Landorus
|
|upkeep
|
|t:|1758342071
|switch|p1a: Gholdengo|Gholdengo|100/100
|turn|12
|
|t:|1758342077
|move|p2a: Zapdos|Heat Wave|p1a: Gholdengo
|-supereffective|p1a: Gholdengo
|-damage|p1a: Gholdengo|37/100
|-status|p1a: Gholdengo|brn
|move|p1a: Gholdengo|Thunderbolt|p2a: Zapdos
|-damage|p2a: Zapdos|72/100
|
|-damage|p1a: Gholdengo|31/100 brn|[from] brn
|upkeep
|turn|13
|
|t:|1758342089
|move|p2a: Zapdos|Thunderbolt|p1a: Gholdengo
|-damage|p1a: Gholdengo|0 fnt
|faint|p1a: Gholdengo
|
|upkeep
|
|t:|1758342098
|switch|p1a: Darkrai|Darkrai, tera:Fairy|6/100
|turn|14
|inactive|Elite R2dnl has 120 seconds left.
|
|t:|1758342147
|move|p1a: Darkrai|Ice Beam|p2a: Zapdos
|-supereffective|p2a: Zapdos
|-damage|p2a: Zapdos|24/100
|move|p2a: Zapdos|Thunderbolt|p1a: Darkrai
|-damage|p1a: Darkrai|0 fnt
|faint|p1a: Darkrai
|
|upkeep
|
|t:|1758342157
|switch|p1a: Zamazenta|Zamazenta|100/100
|-ability|p1a: Zamazenta|Dauntless Shield|boost
|-boost|p1a: Zamazenta|def|1
|turn|15
|
|t:|1758342166
|move|p1a: Zamazenta|Body Press|p2a: Zapdos
|-resisted|p2a: Zapdos
|-damage|p2a: Zapdos|0 fnt
|faint|p2a: Zapdos
|
|upkeep
|
|t:|1758342171
|switch|p2a: Ogerpon|Ogerpon-Wellspring, F|45/100
|turn|16
|inactive|Elite R2dnl has 120 seconds left.
|
|t:|1758342180
|move|p1a: Zamazenta|Iron Defense|p1a: Zamazenta
|-boost|p1a: Zamazenta|def|2
|move|p2a: Ogerpon|Ivy Cudgel|p1a: Zamazenta|[anim] Ivy Cudgel Water
|-damage|p1a: Zamazenta|83/100
|
|-heal|p1a: Zamazenta|89/100|[from] item: Leftovers
|upkeep
|turn|17
|inactive|Elite R2dnl has 120 seconds left.
|
|t:|1758342190
|move|p1a: Zamazenta|Body Press|p2a: Ogerpon
|-damage|p2a: Ogerpon|0 fnt
|faint|p2a: Ogerpon
|
|-heal|p1a: Zamazenta|95/100|[from] item: Leftovers
|upkeep
|
|t:|1758342192
|switch|p2a: Great Tusk|Great Tusk|100/100
|turn|18
|c|☆Elite R2dnl|gg
|
|t:|1758342201
|move|p1a: Zamazenta|Body Press|p2a: Great Tusk
|-damage|p2a: Great Tusk|35/100
|move|p2a: Great Tusk|Headlong Rush|p1a: Zamazenta
|-damage|p1a: Zamazenta|75/100
|-unboost|p2a: Great Tusk|def|1
|-unboost|p2a: Great Tusk|spd|1
|
|-heal|p1a: Zamazenta|81/100|[from] item: Leftovers
|upkeep
|turn|19
|
|t:|1758342205
|move|p1a: Zamazenta|Body Press|p2a: Great Tusk
|-damage|p2a: Great Tusk|0 fnt
|faint|p2a: Great Tusk
|-end|p2a: Great Tusk|Protosynthesis|[silent]
|
|win|bluebrine
|raw|bluebrine's rating: 1421 &rarr; <strong>1440</strong><br />(+19 for winning)
|raw|Elite R2dnl's rating: 1398 &rarr; <strong>1379</strong><br />(-19 for losing)
|l|☆bluebrine
|player|p1|
|l|☆Elite R2dnl
|player|p2|
