|j|☆wtsff一望
|j|☆pioi
|t:|1758241443
|gametype|singles
|player|p1|wtsff一望|acetrainerf|1264
|player|p2|pioi|benga|1208
|gen|9
|tier|[Gen 9] OU
|rated|
|rule|HP Percentage Mod: HP is shown in percentages
|rule|Endless Battle Clause: Forcing endless battles is banned
|rule|Species Clause: Limit one of each Pokémon
|rule|OHKO Clause: OHKO moves are banned
|rule|Evasion Items Clause: Evasion items are banned
|rule|Evasion Moves Clause: Evasion moves are banned
|rule|Evasion Abilities Clause: Evasion abilities are banned
|rule|Sleep Moves Clause: Sleep-inducing moves are banned
|clearpoke
|poke|p1|Iron Boulder|
|poke|p1|Great Tusk|
|poke|p1|Moltres|
|poke|p1|Thundurus-Therian, M|
|poke|p1|Ogerpon-Wellspring, F|
|poke|p1|Hydrapple, M|
|poke|p2|Ninetales, M|
|poke|p2|Ceruledge, M|
|poke|p2|Venusaur, M|
|poke|p2|Hatterene, F|
|poke|p2|Great Tusk|
|poke|p2|Walking Wake|
|teampreview
|inactive|Battle timer is ON: inactive players will automatically lose when time's up. (requested by wtsff一望)
|
|t:|1758241469
|teamsize|p1|6
|teamsize|p2|6
|start
|switch|p1a: Thundurus|Thundurus-Therian, M|100/100
|switch|p2a: Walking Wake|Walking Wake|100/100
|turn|1
|
|t:|1758241489
|-end|p2a: Walking Wake|Protosynthesis|[silent]
|switch|p2a: Venusaur|Venusaur, M|100/100
|move|p1a: Thundurus|Volt Switch|p2a: Venusaur
|-resisted|p2a: Venusaur
|-damage|p2a: Venusaur|78/100
|
|t:|1758241495
|switch|p1a: Moltres|Moltres|100/100|[from] Volt Switch
|
|upkeep
|turn|2
|
|t:|1758241506
|switch|p2a: Hatterene|Hatterene, F|100/100
|move|p1a: Moltres|Hurricane|p2a: Hatterene
|-damage|p2a: Hatterene|46/100
|-enditem|p2a: Hatterene|Eject Button
|
|t:|1758241508
|switch|p2a: Ninetales|Ninetales, M|100/100
|-weather|SunnyDay|[from] ability: Drought|[of] p2a: Ninetales
|
|-weather|SunnyDay|[upkeep]
|upkeep
|turn|3
|
|t:|1758241535
|move|p2a: Ninetales|Flamethrower|p1a: Moltres
|-resisted|p1a: Moltres
|-damage|p1a: Moltres|84/100
|move|p1a: Moltres|Flamethrower|p2a: Ninetales
|-resisted|p2a: Ninetales
|-damage|p2a: Ninetales|67/100
|
|-weather|SunnyDay|[upkeep]
|upkeep
|turn|4
|
|t:|1758241541
|move|p2a: Ninetales|Encore|p1a: Moltres
|-start|p1a: Moltres|Encore
|move|p1a: Moltres|Flamethrower|p2a: Ninetales
|-resisted|p2a: Ninetales
|-damage|p2a: Ninetales|37/100
|
|-weather|SunnyDay|[upkeep]
|upkeep
|turn|5
|
|t:|1758241545
|switch|p2a: Walking Wake|Walking Wake|100/100
|-activate|p2a: Walking Wake|ability: Protosynthesis
|-start|p2a: Walking Wake|protosynthesisspa
|switch|p1a: Thundurus|Thundurus-Therian, M|100/100
|
|-weather|SunnyDay|[upkeep]
|upkeep
|turn|6
|
|t:|1758241558
|switch|p1a: Ogerpon|Ogerpon-Wellspring, F|100/100
|move|p2a: Walking Wake|Dragon Pulse|p1a: Ogerpon
|-damage|p1a: Ogerpon|0 fnt
|faint|p1a: Ogerpon
|
|-weather|SunnyDay|[upkeep]
|upkeep
|
|t:|1758241575
|switch|p1a: Hydrapple|Hydrapple, M|100/100
|turn|7
|
|t:|1758241597
|-end|p2a: Walking Wake|Protosynthesis|[silent]
|switch|p2a: Hatterene|Hatterene, F|46/100
|-terastallize|p1a: Hydrapple|Fairy
|move|p1a: Hydrapple|Draco Meteor|p2a: Hatterene
|-immune|p2a: Hatterene
|
|-weather|SunnyDay|[upkeep]
|upkeep
|turn|8
|
|t:|1758241609
|move|p1a: Hydrapple|Leaf Storm|p2a: Hatterene
|-damage|p2a: Hatterene|0 fnt
|-unboost|p1a: Hydrapple|spa|2
|faint|p2a: Hatterene
|
|-weather|SunnyDay|[upkeep]
|upkeep
|inactive|pioi has 120 seconds left.
|
|t:|1758241625
|switch|p2a: Ceruledge|Ceruledge, M|100/100
|turn|9
|
|t:|1758241630
|move|p2a: Ceruledge|Swords Dance|p2a: Ceruledge
|-boost|p2a: Ceruledge|atk|2
|move|p1a: Hydrapple|Earth Power|p2a: Ceruledge
|-supereffective|p2a: Ceruledge
|-damage|p2a: Ceruledge|69/100
|
|-weather|none
|upkeep
|turn|10
|
|t:|1758241634
|switch|p1a: Moltres|Moltres|84/100
|move|p2a: Ceruledge|Bitter Blade|p1a: Moltres
|-resisted|p1a: Moltres
|-damage|p1a: Moltres|36/100
|-heal|p2a: Ceruledge|99/100|[from] drain|[of] p1a: Moltres
|
|upkeep
|turn|11
|
|t:|1758241644
|move|p2a: Ceruledge|Bitter Blade|p1a: Moltres
|-resisted|p1a: Moltres
|-damage|p1a: Moltres|0 fnt
|-heal|p2a: Ceruledge|100/100|[from] drain|[of] p1a: Moltres
|faint|p1a: Moltres
|
|upkeep
|
|t:|1758241649
|switch|p1a: Thundurus|Thundurus-Therian, M|100/100
|turn|12
|
|t:|1758241658
|move|p1a: Thundurus|Discharge|p2a: Ceruledge
|-damage|p2a: Ceruledge|43/100
|move|p2a: Ceruledge|Bitter Blade|p1a: Thundurus
|-damage|p1a: Thundurus|0 fnt
|-heal|p2a: Ceruledge|95/100|[from] drain|[of] p1a: Thundurus
|faint|p1a: Thundurus
|
|upkeep
|
|t:|1758241664
|switch|p1a: Iron Boulder|Iron Boulder|100/100
|-enditem|p1a: Iron Boulder|Booster Energy
|-activate|p1a: Iron Boulder|ability: Quark Drive|[fromitem]
|-start|p1a: Iron Boulder|quarkdrivespe
|turn|13
|
|t:|1758241684
|-terastallize|p2a: Ceruledge|Fairy
|move|p1a: Iron Boulder|Mighty Cleave|p2a: Ceruledge
|-damage|p2a: Ceruledge|24/100
|-ability|p2a: Ceruledge|Weak Armor|boost
|-unboost|p2a: Ceruledge|def|1
|-boost|p2a: Ceruledge|spe|2
|move|p2a: Ceruledge|Tera Blast|p1a: Iron Boulder|[anim] Tera Blast Fairy
|-damage|p1a: Iron Boulder|0 fnt
|faint|p1a: Iron Boulder
|-end|p1a: Iron Boulder|Quark Drive|[silent]
|
|upkeep
|
|t:|1758241696
|switch|p1a: Great Tusk|Great Tusk|100/100
|turn|14
|
|t:|1758241700
|move|p2a: Ceruledge|Tera Blast|p1a: Great Tusk|[anim] Tera Blast Fairy
|-supereffective|p1a: Great Tusk
|-crit|p1a: Great Tusk
|-damage|p1a: Great Tusk|0 fnt
|faint|p1a: Great Tusk
|-end|p1a: Great Tusk|Protosynthesis|[silent]
|
|upkeep
|
|t:|1758241702
|switch|p1a: Hydrapple|Hydrapple, M, tera:Fairy|100/100
|turn|15
|c|☆pioi|gg
|-message|wtsff一望 forfeited.
|
|win|pioi
|raw|wtsff一望's rating: 1264 &rarr; <strong>1235</strong><br />(-29 for losing)
|raw|pioi's rating: 1208 &rarr; <strong>1237</strong><br />(+29 for winning)
|l|☆wtsff一望
|player|p1|
