|badge|p2|bronze|gen9monotype|100-6
|badge|p2|bronze|gen9ru|100-6
|uhtml|medal-msg|<div class="broadcast-blue">Curious what those medals under the avatar are? PS now has Ladder Seasons! For more information, check out the <a href="https://www.smogon.com/forums/threads/3740067/">thread on Smogon.</a></div>
|j|☆zabbaman
|j|☆domingo a noite
|t:|1758312839
|gametype|singles
|player|p1|zabbaman|169|1712
|player|p2|domingo a noite|miku-ice|1729
|gen|9
|tier|[Gen 9] OU
|rated|
|rule|HP Percentage Mod: HP is shown in percentages
|rule|Endless Battle Clause: Forcing endless battles is banned
|rule|Species Clause: Limit one of each Pokémon
|rule|OHKO Clause: OHKO moves are banned
|rule|Evasion Items Clause: Evasion items are banned
|rule|Evasion Moves Clause: Evasion moves are banned
|rule|Evasion Abilities Clause: Evasion abilities are banned
|rule|Sleep Moves Clause: Sleep-inducing moves are banned
|clearpoke
|poke|p1|Tyranitar, M|
|poke|p1|Garchomp, M|
|poke|p1|Salamence, M|
|poke|p1|Clefable, F|
|poke|p1|Gholdengo|
|poke|p1|Excadrill, F|
|poke|p2|Araquanid, M|
|poke|p2|Iron Treads|
|poke|p2|Kingambit, F|
|poke|p2|Enamorus, F|
|poke|p2|Iron Valiant|
|poke|p2|Iron Moth|
|teampreview
|
|t:|1758312888
|teamsize|p1|6
|teamsize|p2|6
|start
|switch|p1a: Gholdengo|Gholdengo|100/100
|switch|p2a: Yoshimi|Enamorus, F|100/100
|-item|p1a: Gholdengo|Air Balloon
|turn|1
|j| amefurikoneko
|
|t:|1758312893
|move|p2a: Yoshimi|Mystical Fire|p1a: Gholdengo
|-supereffective|p1a: Gholdengo
|-damage|p1a: Gholdengo|12/100
|-unboost|p1a: Gholdengo|spa|1
|-enditem|p1a: Gholdengo|Air Balloon
|move|p1a: Gholdengo|Nasty Plot|p1a: Gholdengo
|-boost|p1a: Gholdengo|spa|2
|
|upkeep
|turn|2
|
|t:|1758312902
|switch|p2a: 10:36|Iron Treads|100/100
|-enditem|p2a: 10:36|Booster Energy
|-activate|p2a: 10:36|ability: Quark Drive|[fromitem]
|-start|p2a: 10:36|quarkdrivespe
|switch|p1a: Clefable|Clefable, F, shiny|100/100
|
|upkeep
|turn|3
|
|t:|1758312908
|switch|p1a: Garchomp|Garchomp, M|100/100
|move|p2a: 10:36|Stealth Rock|p1a: Garchomp
|-sidestart|p1: zabbaman|move: Stealth Rock
|
|upkeep
|turn|4
|
|t:|1758312916
|-end|p2a: 10:36|Quark Drive|[silent]
|switch|p2a: Yoshimi|Enamorus, F|100/100
|move|p1a: Garchomp|Fire Fang|p2a: Yoshimi
|-damage|p2a: Yoshimi|42/100
|
|upkeep
|turn|5
|
|t:|1758312923
|switch|p1a: Clefable|Clefable, F, shiny|100/100
|move|p2a: Yoshimi|Moonblast|p1a: Clefable
|-damage|p1a: Clefable|40/100
|
|-heal|p1a: Clefable|47/100|[from] item: Leftovers
|upkeep
|turn|6
|
|t:|1758312932
|-terastallize|p1a: Clefable|Steel
|move|p2a: Yoshimi|Moonblast|p1a: Clefable
|-resisted|p1a: Clefable
|-damage|p1a: Clefable|19/100
|move|p1a: Clefable|Moonblast|p2a: Yoshimi
|-damage|p2a: Yoshimi|0 fnt
|faint|p2a: Yoshimi
|
|-heal|p1a: Clefable|25/100|[from] item: Leftovers
|upkeep
|
|t:|1758312939
|switch|p2a: Beaches|Araquanid, M|100/100
|turn|7
|
|t:|1758312942
|move|p1a: Clefable|Healing Wish|p1a: Clefable
|faint|p1a: Clefable
|move|p2a: Beaches|Sticky Web|p1: Clefable
|-sidestart|p1: zabbaman|move: Sticky Web
|
|upkeep
|
|t:|1758312959
|switch|p1a: Salamence|Salamence, M|100/100
|-ability|p1a: Salamence|Intimidate|boost
|-unboost|p2a: Beaches|atk|1
|turn|8
|
|t:|1758312962
|move|p1a: Salamence|Hurricane|p2a: Beaches
|-supereffective|p2a: Beaches
|-damage|p2a: Beaches|29/100
|move|p2a: Beaches|Surf|p1a: Salamence
|-resisted|p1a: Salamence
|-damage|p1a: Salamence|73/100
|
|upkeep
|turn|9
|
|t:|1758312968
|move|p1a: Salamence|Hurricane|p2a: Beaches
|-supereffective|p2a: Beaches
|-damage|p2a: Beaches|0 fnt
|faint|p2a: Beaches
|
|upkeep
|
|t:|1758312974
|switch|p2a: Magdalene|Iron Moth|100/100
|-enditem|p2a: Magdalene|Booster Energy
|-activate|p2a: Magdalene|ability: Quark Drive|[fromitem]
|-start|p2a: Magdalene|quarkdrivespa
|turn|10
|
|t:|1758312980
|switch|p1a: Tyranitar|Tyranitar, M, shiny|100/100
|-damage|p1a: Tyranitar|88/100|[from] Stealth Rock
|-activate|p1a: Tyranitar|move: Sticky Web
|-unboost|p1a: Tyranitar|spe|1
|-weather|Sandstorm|[from] ability: Sand Stream|[of] p1a: Tyranitar
|move|p2a: Magdalene|Sludge Wave|p1a: Tyranitar
|-resisted|p1a: Tyranitar
|-damage|p1a: Tyranitar|65/100
|
|-weather|Sandstorm|[upkeep]
|-damage|p2a: Magdalene|95/100|[from] Sandstorm
|upkeep
|turn|11
|
|t:|1758312987
|move|p2a: Magdalene|Energy Ball|p1a: Tyranitar
|-supereffective|p1a: Tyranitar
|-damage|p1a: Tyranitar|15/100
|move|p1a: Tyranitar|Earthquake|p2a: Magdalene
|-supereffective|p2a: Magdalene
|-damage|p2a: Magdalene|0 fnt
|faint|p2a: Magdalene
|-end|p2a: Magdalene|Quark Drive|[silent]
|-damage|p1a: Tyranitar|5/100|[from] item: Life Orb
|
|-weather|Sandstorm|[upkeep]
|upkeep
|
|t:|1758312990
|switch|p2a: Everest|Kingambit, F|100/100
|-activate|p2a: Everest|ability: Supreme Overlord
|-start|p2a: Everest|fallen3|[silent]
|-item|p2a: Everest|Air Balloon
|turn|12
|
|t:|1758313002
|move|p2a: Everest|Swords Dance|p2a: Everest
|-boost|p2a: Everest|atk|2
|move|p1a: Tyranitar|Earthquake|p2a: Everest
|-immune|p2a: Everest
|
|-weather|Sandstorm|[upkeep]
|upkeep
|turn|13
|
|t:|1758313029
|move|p2a: Everest|Iron Head|p1a: Tyranitar
|-supereffective|p1a: Tyranitar
|-damage|p1a: Tyranitar|0 fnt
|faint|p1a: Tyranitar
|
|-weather|Sandstorm|[upkeep]
|upkeep
|
|t:|1758313033
|switch|p1a: Salamence|Salamence, M|73/100
|-heal|p1a: Salamence|100/100|[from] move: Healing Wish
|-ability|p1a: Salamence|Intimidate|boost
|-unboost|p2a: Everest|atk|1
|turn|14
|
|t:|1758313037
|move|p2a: Everest|Sucker Punch|p1a: Salamence
|-damage|p1a: Salamence|43/100
|move|p1a: Salamence|Dragon Tail|p2a: Everest|[miss]
|-miss|p1a: Salamence|p2a: Everest
|
|-weather|none
|upkeep
|turn|15
|
|t:|1758313041
|move|p1a: Salamence|Roost|p1a: Salamence
|-heal|p1a: Salamence|93/100
|-singleturn|p1a: Salamence|move: Roost
|move|p2a: Everest|Kowtow Cleave|p1a: Salamence
|-damage|p1a: Salamence|19/100
|
|upkeep
|turn|16
|
|t:|1758313044
|move|p1a: Salamence|Roost|p1a: Salamence
|-heal|p1a: Salamence|69/100
|-singleturn|p1a: Salamence|move: Roost
|move|p2a: Everest|Kowtow Cleave|p1a: Salamence
|-damage|p1a: Salamence|0 fnt
|faint|p1a: Salamence
|
|upkeep
|-message|zabbaman forfeited.
|
|win|domingo a noite
|raw|zabbaman's rating: 1712 &rarr; <strong>1693</strong><br />(-19 for losing)
|raw|domingo a noite's rating: 1729 &rarr; <strong>1748</strong><br />(+19 for winning)
|l|☆zabbaman
|player|p1|
|l|☆domingo a noite
|player|p2|
|l| amefurikoneko
