|j|☆Huboy
|j|☆YOSHlNlAN
|t:|1758316262
|gametype|singles
|player|p1|Huboy|102|1586
|player|p2|YOSHlNlAN|richboy|1676
|gen|9
|tier|[Gen 9] OU
|rated|
|rule|HP Percentage Mod: HP is shown in percentages
|rule|Endless Battle Clause: Forcing endless battles is banned
|rule|Species Clause: Limit one of each Pokémon
|rule|OHKO Clause: OHKO moves are banned
|rule|Evasion Items Clause: Evasion items are banned
|rule|Evasion Moves Clause: Evasion moves are banned
|rule|Evasion Abilities Clause: Evasion abilities are banned
|rule|Sleep Moves Clause: Sleep-inducing moves are banned
|clearpoke
|poke|p1|Great Tusk|
|poke|p1|Dondozo, M|
|poke|p1|Ribombee, M|
|poke|p1|Goodra-Hisui, F|
|poke|p1|Milotic, F|
|poke|p1|Toxicroak, F|
|poke|p2|Corviknight, M|
|poke|p2|Primarina, F|
|poke|p2|Darkrai|
|poke|p2|Moltres|
|poke|p2|Iron Thorns|
|poke|p2|Scizor, M|
|teampreview
|inactive|Battle timer is ON: inactive players will automatically lose when time's up. (requested by YOSHlNlAN)
|
|t:|1758316273
|teamsize|p1|6
|teamsize|p2|6
|start
|switch|p1a: Goodra|Goodra-Hisui, F|100/100
|switch|p2a: Iron Thorns|Iron Thorns, shiny|100/100
|-enditem|p2a: Iron Thorns|Booster Energy
|-activate|p2a: Iron Thorns|ability: Quark Drive|[fromitem]
|-start|p2a: Iron Thorns|quarkdriveatk
|turn|1
|
|t:|1758316282
|move|p2a: Iron Thorns|Earthquake|p1a: Goodra
|-supereffective|p1a: Goodra
|-enditem|p1a: Goodra|Shuca Berry|[eat]
|-enditem|p1a: Goodra|Shuca Berry|[weaken]
|-damage|p1a: Goodra|46/100
|move|p1a: Goodra|Earthquake|p2a: Iron Thorns
|-supereffective|p2a: Iron Thorns
|-damage|p2a: Iron Thorns|22/100
|
|upkeep
|turn|2
|
|t:|1758316292
|switch|p1a: Dondozo|Dondozo, M|100/100
|move|p2a: Iron Thorns|Dragon Dance|p2a: Iron Thorns
|-boost|p2a: Iron Thorns|atk|1
|-boost|p2a: Iron Thorns|spe|1
|
|upkeep
|turn|3
|
|t:|1758316297
|move|p2a: Iron Thorns|Wild Charge|p1a: Dondozo
|-supereffective|p1a: Dondozo
|-damage|p1a: Dondozo|37/100
|-damage|p2a: Iron Thorns|1/100|[from] Recoil
|move|p1a: Dondozo|Liquidation|p2a: Iron Thorns
|-supereffective|p2a: Iron Thorns
|-damage|p2a: Iron Thorns|0 fnt
|faint|p2a: Iron Thorns
|-end|p2a: Iron Thorns|Quark Drive|[silent]
|
|-heal|p1a: Dondozo|44/100|[from] item: Leftovers
|upkeep
|
|t:|1758316300
|switch|p2a: Darkrai|Darkrai|100/100
|turn|4
|
|t:|1758316307
|switch|p1a: Ribombee|Ribombee, M|100/100
|move|p2a: Darkrai|Dark Pulse|p1a: Ribombee
|-resisted|p1a: Ribombee
|-damage|p1a: Ribombee|55/100
|
|upkeep
|turn|5
|
|t:|1758316309
|move|p1a: Ribombee|Moonblast|p2a: Darkrai
|-supereffective|p2a: Darkrai
|-damage|p2a: Darkrai|0 fnt
|faint|p2a: Darkrai
|
|upkeep
|
|t:|1758316312
|switch|p2a: Scizor|Scizor, M, shiny|100/100
|turn|6
|
|t:|1758316322
|switch|p1a: Dondozo|Dondozo, M|44/100
|move|p2a: Scizor|Swords Dance|p2a: Scizor
|-boost|p2a: Scizor|atk|2
|
|-heal|p1a: Dondozo|50/100|[from] item: Leftovers
|upkeep
|turn|7
|
|t:|1758316326
|move|p1a: Dondozo|Protect|p1a: Dondozo
|-singleturn|p1a: Dondozo|Protect
|move|p2a: Scizor|Knock Off|p1a: Dondozo
|-activate|p1a: Dondozo|move: Protect
|
|-heal|p1a: Dondozo|56/100|[from] item: Leftovers
|upkeep
|turn|8
|
|t:|1758316330
|move|p2a: Scizor|Knock Off|p1a: Dondozo
|-damage|p1a: Dondozo|39/100
|-enditem|p1a: Dondozo|Leftovers|[from] move: Knock Off|[of] p2a: Scizor
|move|p1a: Dondozo|Earthquake|p2a: Scizor
|-damage|p2a: Scizor|67/100
|
|upkeep
|turn|9
|
|t:|1758316334
|-terastallize|p2a: Scizor|Fighting
|move|p2a: Scizor|Close Combat|p1a: Dondozo
|-damage|p1a: Dondozo|1/100
|-unboost|p2a: Scizor|def|1
|-unboost|p2a: Scizor|spd|1
|move|p1a: Dondozo|Liquidation|p2a: Scizor
|-damage|p2a: Scizor|30/100
|
|upkeep
|turn|10
|
|t:|1758316338
|move|p2a: Scizor|Knock Off|p1a: Dondozo
|-damage|p1a: Dondozo|0 fnt
|faint|p1a: Dondozo
|
|upkeep
|
|t:|1758316347
|switch|p1a: Great Tusk|Great Tusk|100/100
|turn|11
|
|t:|1758316359
|switch|p2a: Moltres|Moltres|100/100
|-terastallize|p1a: Great Tusk|Fire
|move|p1a: Great Tusk|Smack Down|p2a: Moltres
|-supereffective|p2a: Moltres
|-damage|p2a: Moltres|55/100
|-start|p2a: Moltres|Smack Down
|
|upkeep
|turn|12
|
|t:|1758316365
|switch|p2a: Corviknight|Corviknight, M, shiny|100/100
|-ability|p2a: Corviknight|Pressure
|move|p1a: Great Tusk|Earthquake|p2a: Corviknight
|-immune|p2a: Corviknight
|
|upkeep
|turn|13
|
|t:|1758316368
|move|p1a: Great Tusk|Smack Down|p2a: Corviknight
|-damage|p2a: Corviknight|91/100
|-start|p2a: Corviknight|Smack Down
|move|p2a: Corviknight|Brave Bird|p1a: Great Tusk
|-damage|p1a: Great Tusk|74/100
|-damage|p2a: Corviknight|83/100|[from] Recoil
|
|upkeep
|turn|14
|
|t:|1758316370
|move|p1a: Great Tusk|Earthquake|p2a: Corviknight
|-supereffective|p2a: Corviknight
|-damage|p2a: Corviknight|27/100
|move|p2a: Corviknight|Brave Bird|p1a: Great Tusk
|-damage|p1a: Great Tusk|46/100
|-damage|p2a: Corviknight|18/100|[from] Recoil
|
|upkeep
|turn|15
|
|t:|1758316377
|move|p1a: Great Tusk|Earthquake|p2a: Corviknight
|-supereffective|p2a: Corviknight
|-damage|p2a: Corviknight|0 fnt
|faint|p2a: Corviknight
|
|upkeep
|
|t:|1758316379
|switch|p2a: Moltres|Moltres|55/100
|turn|16
|
|t:|1758316382
|move|p1a: Great Tusk|Smack Down|p2a: Moltres
|-supereffective|p2a: Moltres
|-damage|p2a: Moltres|12/100
|-start|p2a: Moltres|Smack Down
|move|p2a: Moltres|Hurricane|p1a: Great Tusk
|-damage|p1a: Great Tusk|4/100
|
|upkeep
|turn|17
|
|t:|1758316385
|move|p1a: Great Tusk|Earthquake|p2a: Moltres
|-supereffective|p2a: Moltres
|-damage|p2a: Moltres|0 fnt
|faint|p2a: Moltres
|
|upkeep
|
|t:|1758316386
|switch|p2a: Scizor|Scizor, M, shiny, tera:Fighting|30/100
|turn|18
|
|t:|1758316394
|move|p2a: Scizor|Bullet Punch|p1a: Great Tusk
|-resisted|p1a: Great Tusk
|-damage|p1a: Great Tusk|0 fnt
|faint|p1a: Great Tusk
|-end|p1a: Great Tusk|Protosynthesis|[silent]
|
|upkeep
|
|t:|1758316396
|switch|p1a: Goodra|Goodra-Hisui, F|46/100
|turn|19
|
|t:|1758316398
|move|p1a: Goodra|Flamethrower|p2a: Scizor
|-damage|p2a: Scizor|0 fnt
|faint|p2a: Scizor
|
|upkeep
|-message|YOSHlNlAN forfeited.
|
|win|Huboy
|raw|Huboy's rating: 1586 &rarr; <strong>1611</strong><br />(+25 for winning)
|raw|YOSHlNlAN's rating: 1676 &rarr; <strong>1651</strong><br />(-25 for losing)
|l|☆YOSHlNlAN
|player|p2|
|l|☆Huboy
|player|p1|
