|j|‽Light DN
|j|☆1shy9
|t:|1758297946
|gametype|singles
|player|p1|Light DN|#adpl8|1809
|player|p2|1shy9|acetrainerf-gen4|1760
|gen|9
|tier|[Gen 9] OU
|rated|
|rule|HP Percentage Mod: HP is shown in percentages
|rule|Endless Battle Clause: Forcing endless battles is banned
|rule|Species Clause: Limit one of each Pokémon
|rule|OHKO Clause: OHKO moves are banned
|rule|Evasion Items Clause: Evasion items are banned
|rule|Evasion Moves Clause: Evasion moves are banned
|rule|Evasion Abilities Clause: Evasion abilities are banned
|rule|Sleep Moves Clause: Sleep-inducing moves are banned
|clearpoke
|poke|p1|Maushold-Four|
|poke|p1|Azumarill, F|
|poke|p1|Oricorio-Pom-Pom, M|
|poke|p1|Armarouge, F|
|poke|p1|Lucario, F|
|poke|p1|Minior|
|poke|p2|Iron Moth|
|poke|p2|Gholdengo|
|poke|p2|Great Tusk|
|poke|p2|Kyurem|
|poke|p2|Zamazenta-*|
|poke|p2|Dragonite, M|
|teampreview
|j| wgw2333
|
|t:|1758297994
|teamsize|p1|6
|teamsize|p2|6
|start
|switch|p1a: Maushold|Maushold-Four|100/100
|switch|p2a: Great Tusk|Great Tusk|100/100
|turn|1
|
|t:|1758298006
|move|p1a: Maushold|Population Bomb|p2a: Great Tusk
|-damage|p2a: Great Tusk|92/100
|-damage|p2a: Great Tusk|83/100
|-damage|p2a: Great Tusk|75/100
|-damage|p2a: Great Tusk|66/100
|-damage|p2a: Great Tusk|58/100
|-crit|p2a: Great Tusk
|-damage|p2a: Great Tusk|44/100
|-damage|p2a: Great Tusk|36/100
|-damage|p2a: Great Tusk|27/100
|-damage|p2a: Great Tusk|19/100
|-damage|p2a: Great Tusk|12/100
|-hitcount|p2a: Great Tusk|10
|move|p2a: Great Tusk|Rapid Spin|p1a: Maushold
|-damage|p1a: Maushold|74/100
|-boost|p2a: Great Tusk|spe|1
|
|upkeep
|turn|2
|
|t:|1758298018
|switch|p1a: Armarouge|Armarouge, F|100/100
|move|p2a: Great Tusk|Stealth Rock|p1a: Armarouge
|-sidestart|p1: Light DN|move: Stealth Rock
|
|upkeep
|turn|3
|
|t:|1758298024
|move|p2a: Great Tusk|Headlong Rush|p1a: Armarouge
|-supereffective|p1a: Armarouge
|-enditem|p1a: Armarouge|Shuca Berry|[eat]
|-enditem|p1a: Armarouge|Shuca Berry|[weaken]
|-damage|p1a: Armarouge|44/100
|-unboost|p2a: Great Tusk|def|1
|-unboost|p2a: Great Tusk|spd|1
|-ability|p1a: Armarouge|Weak Armor|boost
|-unboost|p1a: Armarouge|def|1
|-boost|p1a: Armarouge|spe|2
|move|p1a: Armarouge|Armor Cannon|p2a: Great Tusk
|-damage|p2a: Great Tusk|0 fnt
|-unboost|p1a: Armarouge|def|1
|-unboost|p1a: Armarouge|spd|1
|faint|p2a: Great Tusk
|-end|p2a: Great Tusk|Protosynthesis|[silent]
|
|upkeep
|j| Raymond Darklin
|
|t:|1758298035
|switch|p2a: Dragonite|Dragonite, M|100/100
|turn|4
|
|t:|1758298039
|move|p1a: Armarouge|Stored Power|p2a: Dragonite
|-damage|p2a: Dragonite|84/100
|move|p2a: Dragonite|Dragon Dance|p2a: Dragonite
|-boost|p2a: Dragonite|atk|1
|-boost|p2a: Dragonite|spe|1
|
|upkeep
|turn|5
|
|t:|1758298045
|move|p1a: Armarouge|Stored Power|p2a: Dragonite
|-damage|p2a: Dragonite|50/100
|move|p2a: Dragonite|Earthquake|p1a: Armarouge
|-supereffective|p1a: Armarouge
|-damage|p1a: Armarouge|0 fnt
|faint|p1a: Armarouge
|
|upkeep
|
|t:|1758298049
|switch|p1a: Azumarill|Azumarill, F|100/100
|-damage|p1a: Azumarill|88/100|[from] Stealth Rock
|turn|6
|
|t:|1758298057
|-terastallize|p2a: Dragonite|Flying
|move|p2a: Dragonite|Tera Blast|p1a: Azumarill|[anim] Tera Blast Flying
|-damage|p1a: Azumarill|0 fnt
|faint|p1a: Azumarill
|
|upkeep
|
|t:|1758298061
|switch|p1a: Minior|Minior|100/100
|-damage|p1a: Minior|75/100|[from] Stealth Rock
|-formechange|p1a: Minior|Minior-Meteor||[from] ability: Shields Down
|turn|7
|
|t:|1758298087
|move|p2a: Dragonite|Tera Blast|p1a: Minior|[anim] Tera Blast Flying
|-resisted|p1a: Minior
|-damage|p1a: Minior|28/100
|move|p1a: Minior|Shell Smash|p1a: Minior
|-unboost|p1a: Minior|def|1
|-unboost|p1a: Minior|spd|1
|-boost|p1a: Minior|atk|2
|-boost|p1a: Minior|spa|2
|-boost|p1a: Minior|spe|2
|-enditem|p1a: Minior|White Herb
|-clearnegativeboost|p1a: Minior|[silent]
|
|-formechange|p1a: Minior|Minior||[from] ability: Shields Down
|upkeep
|turn|8
|
|t:|1758298090
|move|p1a: Minior|Acrobatics|p2a: Dragonite
|-damage|p2a: Dragonite|0 fnt
|faint|p2a: Dragonite
|
|upkeep
|
|t:|1758298100
|switch|p2a: Gholdengo|Gholdengo|100/100
|-item|p2a: Gholdengo|Air Balloon
|turn|9
|
|t:|1758298104
|move|p1a: Minior|Acrobatics|p2a: Gholdengo
|-resisted|p2a: Gholdengo
|-damage|p2a: Gholdengo|44/100
|-enditem|p2a: Gholdengo|Air Balloon
|move|p2a: Gholdengo|Make It Rain|p1a: Minior
|-supereffective|p1a: Minior
|-damage|p1a: Minior|0 fnt
|-unboost|p2a: Gholdengo|spa|1
|faint|p1a: Minior
|
|upkeep
|
|t:|1758298111
|switch|p1a: Maushold|Maushold-Four|74/100
|-damage|p1a: Maushold|62/100|[from] Stealth Rock
|turn|10
|
|t:|1758298113
|move|p1a: Maushold|Tidy Up|p1a: Maushold
|-sideend|p1: Light DN|Stealth Rock
|-activate|p1a: Maushold|move: Tidy Up
|-boost|p1a: Maushold|atk|1
|-boost|p1a: Maushold|spe|1
|move|p2a: Gholdengo|Make It Rain|p1a: Maushold
|-damage|p1a: Maushold|0 fnt
|-unboost|p2a: Gholdengo|spa|1
|faint|p1a: Maushold
|
|upkeep
|
|t:|1758298116
|switch|p1a: Oricorio|Oricorio-Pom-Pom, M|100/100
|turn|11
|
|t:|1758298120
|move|p1a: Oricorio|Quiver Dance|p1a: Oricorio
|-boost|p1a: Oricorio|spa|1
|-boost|p1a: Oricorio|spd|1
|-boost|p1a: Oricorio|spe|1
|move|p2a: Gholdengo|Nasty Plot|p2a: Gholdengo
|-boost|p2a: Gholdengo|spa|2
|
|upkeep
|turn|12
|
|t:|1758298122
|move|p1a: Oricorio|Quiver Dance|p1a: Oricorio
|-boost|p1a: Oricorio|spa|1
|-boost|p1a: Oricorio|spd|1
|-boost|p1a: Oricorio|spe|1
|move|p2a: Gholdengo|Shadow Ball|p1a: Oricorio
|-damage|p1a: Oricorio|73/100
|
|-heal|p1a: Oricorio|79/100|[from] item: Leftovers
|upkeep
|turn|13
|
|t:|1758298126
|move|p1a: Oricorio|Quiver Dance|p1a: Oricorio
|-boost|p1a: Oricorio|spa|1
|-boost|p1a: Oricorio|spd|1
|-boost|p1a: Oricorio|spe|1
|move|p2a: Gholdengo|Shadow Ball|p1a: Oricorio
|-damage|p1a: Oricorio|53/100
|
|-heal|p1a: Oricorio|59/100|[from] item: Leftovers
|upkeep
|turn|14
|
|t:|1758298129
|move|p1a: Oricorio|Roost|p1a: Oricorio
|-heal|p1a: Oricorio|100/100
|-singleturn|p1a: Oricorio|move: Roost
|move|p2a: Gholdengo|Shadow Ball|p1a: Oricorio
|-damage|p1a: Oricorio|78/100
|
|-heal|p1a: Oricorio|84/100|[from] item: Leftovers
|upkeep
|turn|15
|
|t:|1758298131
|switch|p2a: Kyurem|Kyurem|100/100
|-ability|p2a: Kyurem|Pressure
|move|p1a: Oricorio|Quiver Dance|p1a: Oricorio
|-boost|p1a: Oricorio|spa|1
|-boost|p1a: Oricorio|spd|1
|-boost|p1a: Oricorio|spe|1
|
|-heal|p1a: Oricorio|91/100|[from] item: Leftovers
|upkeep
|turn|16
|
|t:|1758298135
|-terastallize|p1a: Oricorio|Fairy
|move|p1a: Oricorio|Revelation Dance|p2a: Kyurem
|-supereffective|p2a: Kyurem
|-damage|p2a: Kyurem|0 fnt
|faint|p2a: Kyurem
|
|-heal|p1a: Oricorio|97/100|[from] item: Leftovers
|upkeep
|
|t:|1758298146
|switch|p2a: Iron Moth|Iron Moth|100/100
|-enditem|p2a: Iron Moth|Booster Energy
|-activate|p2a: Iron Moth|ability: Quark Drive|[fromitem]
|-start|p2a: Iron Moth|quarkdrivespe
|turn|17
|
|t:|1758298148
|move|p1a: Oricorio|Air Slash|p2a: Iron Moth
|-damage|p2a: Iron Moth|31/100
|move|p2a: Iron Moth|Sludge Wave|p1a: Oricorio
|-supereffective|p1a: Oricorio
|-damage|p1a: Oricorio|58/100
|
|-heal|p1a: Oricorio|64/100|[from] item: Leftovers
|upkeep
|turn|18
|c| Raymond Darklin|gg
|
|t:|1758298150
|move|p1a: Oricorio|Revelation Dance|p2a: Iron Moth
|-resisted|p2a: Iron Moth
|-damage|p2a: Iron Moth|7/100
|move|p2a: Iron Moth|Sludge Wave|p1a: Oricorio
|-supereffective|p1a: Oricorio
|-crit|p1a: Oricorio
|-damage|p1a: Oricorio|0 fnt
|faint|p1a: Oricorio
|
|upkeep
|
|t:|1758298155
|switch|p1a: Lucario|Lucario, F|100/100
|turn|19
|
|t:|1758298161
|move|p1a: Lucario|Vacuum Wave|p2a: Iron Moth
|-resisted|p2a: Iron Moth
|-damage|p2a: Iron Moth|0 fnt
|faint|p2a: Iron Moth
|-end|p2a: Iron Moth|Quark Drive|[silent]
|-damage|p1a: Lucario|91/100|[from] item: Life Orb
|
|upkeep
|c|☆1shy9|why
|c|☆1shy9|why would u not just win
|
|t:|1758298173
|switch|p2a: Zamazenta|Zamazenta|100/100
|-ability|p2a: Zamazenta|Dauntless Shield|boost
|-boost|p2a: Zamazenta|def|1
|turn|20
|
|t:|1758298176
|move|p2a: Zamazenta|Body Press|p1a: Lucario
|-supereffective|p1a: Lucario
|-damage|p1a: Lucario|0 fnt
|faint|p1a: Lucario
|
|win|1shy9
|raw|Light DN's rating: 1809 &rarr; <strong>1786</strong><br />(-23 for losing)
|raw|1shy9's rating: 1760 &rarr; <strong>1783</strong><br />(+23 for winning)
|l|‽Light DN
|player|p1|
|j|‽Light DN
|player|p1|Light DN|#adpl8|
|c| Raymond Darklin|wow
|l|☆1shy9
|player|p2|
|l|‽Light DN
|player|p1|
|l| Raymond Darklin
|l| wgw2333
