|j|☆guanghua66
|j|☆Habiba132
|t:|1758270728
|gametype|singles
|player|p1|guanghua66|1|1089
|player|p2|Habiba132|burglar|1069
|gen|9
|tier|[Gen 9] OU
|rated|
|rule|HP Percentage Mod: HP is shown in percentages
|rule|Endless Battle Clause: Forcing endless battles is banned
|rule|Species Clause: Limit one of each Pokémon
|rule|OHKO Clause: OHKO moves are banned
|rule|Evasion Items Clause: Evasion items are banned
|rule|Evasion Moves Clause: Evasion moves are banned
|rule|Evasion Abilities Clause: Evasion abilities are banned
|rule|Sleep Moves Clause: Sleep-inducing moves are banned
|clearpoke
|poke|p1|Noivern, F|
|poke|p1|Tauros-Paldea-Blaze, M|
|poke|p1|Corviknight, F|
|poke|p1|Raichu, F|
|poke|p1|Alomomola, F|
|poke|p1|Slowking-Galar, F|
|poke|p2|Politoed, M|
|poke|p2|Kingdra, M|
|poke|p2|Toxapex, M|
|poke|p2|Slowking-Galar, F|
|poke|p2|Raging Bolt|
|poke|p2|Corviknight, M|
|teampreview
|
|t:|1758270735
|teamsize|p1|6
|teamsize|p2|6
|start
|switch|p1a: Noivern|Noivern, F|100/100
|switch|p2a: Kevin|Politoed, M, shiny|100/100
|-weather|RainDance|[from] ability: Drizzle|[of] p2a: Kevin
|turn|1
|inactive|Battle timer is ON: inactive players will automatically lose when time's up. (requested by guanghua66)
|
|t:|1758270759
|move|p1a: Noivern|Draco Meteor|p2a: Kevin
|-damage|p2a: Kevin|33/100
|-unboost|p1a: Noivern|spa|2
|move|p2a: Kevin|Blizzard|p1a: Noivern|[miss]
|-miss|p2a: Kevin|p1a: Noivern
|
|-weather|RainDance|[upkeep]
|-heal|p2a: Kevin|39/100|[from] item: Leftovers
|upkeep
|turn|2
|
|t:|1758270772
|switch|p1a: Raichu|Raichu, F|100/100
|move|p2a: Kevin|Blizzard|p1a: Raichu
|-damage|p1a: Raichu|52/100
|
|-weather|RainDance|[upkeep]
|-heal|p2a: Kevin|46/100|[from] item: Leftovers
|upkeep
|turn|3
|
|t:|1758270785
|switch|p2a: Dog|Raging Bolt|100/100
|-enditem|p2a: Dog|Booster Energy
|-activate|p2a: Dog|ability: Protosynthesis|[fromitem]
|-start|p2a: Dog|protosynthesisspa
|move|p1a: Raichu|Surf|p2a: Dog
|-resisted|p2a: Dog
|-damage|p2a: Dog|80/100
|-damage|p1a: Raichu|42/100|[from] item: Life Orb
|
|-weather|RainDance|[upkeep]
|upkeep
|turn|4
|
|t:|1758270797
|-terastallize|p1a: Raichu|Fairy
|move|p1a: Raichu|Tera Blast|p2a: Dog|[anim] Tera Blast Fairy
|-supereffective|p2a: Dog
|-damage|p2a: Dog|6/100
|-damage|p1a: Raichu|32/100|[from] item: Life Orb
|move|p2a: Dog|Calm Mind|p2a: Dog
|-boost|p2a: Dog|spa|1
|-boost|p2a: Dog|spd|1
|
|-weather|RainDance|[upkeep]
|upkeep
|turn|5
|
|t:|1758270806
|move|p2a: Dog|Thunderclap|p1a: Raichu
|-ability|p1a: Raichu|Lightning Rod|boost
|-boost|p1a: Raichu|spa|1
|move|p1a: Raichu|Tera Blast|p2a: Dog|[anim] Tera Blast Fairy
|-supereffective|p2a: Dog
|-damage|p2a: Dog|0 fnt
|faint|p2a: Dog
|-end|p2a: Dog|Protosynthesis|[silent]
|-damage|p1a: Raichu|22/100|[from] item: Life Orb
|
|-weather|none
|upkeep
|
|t:|1758270822
|switch|p2a: Frog|Slowking-Galar, F|100/100
|turn|6
|
|t:|1758270833
|switch|p1a: Alomomola|Alomomola, F|100/100
|move|p2a: Frog|Flamethrower|p1a: Alomomola
|-resisted|p1a: Alomomola
|-damage|p1a: Alomomola|84/100
|
|upkeep
|turn|7
|
|t:|1758270839
|move|p1a: Alomomola|Wish|p1a: Alomomola
|move|p2a: Frog|Future Sight|p1a: Alomomola
|-start|p2a: Frog|move: Future Sight
|
|upkeep
|turn|8
|
|t:|1758270849
|move|p1a: Alomomola|Scald|p2a: Frog
|-damage|p2a: Frog|90/100
|-status|p2a: Frog|brn
|move|p2a: Frog|Rain Dance|p2a: Frog
|-weather|RainDance
|
|-weather|RainDance|[upkeep]
|-heal|p1a: Alomomola|100/100|[from] move: Wish|[wisher] Alomomola
|-heal|p2a: Frog|96/100 brn|[from] item: Leftovers
|-damage|p2a: Frog|90/100 brn|[from] brn
|upkeep
|turn|9
|
|t:|1758270864
|switch|p2a: ad mortem|Kingdra, M, shiny|100/100
|move|p1a: Alomomola|Flip Turn|p2a: ad mortem
|-resisted|p2a: ad mortem
|-damage|p2a: ad mortem|94/100
|
|t:|1758270871
|switch|p1a: Raichu|Raichu, F, tera:Fairy|22/100|[from] Flip Turn
|
|-weather|RainDance|[upkeep]
|-end|p1a: Raichu|move: Future Sight
|-damage|p1a: Raichu|0 fnt
|faint|p1a: Raichu
|upkeep
|
|t:|1758270878
|switch|p1a: Noivern|Noivern, F|100/100
|turn|10
|
|t:|1758270883
|-terastallize|p2a: ad mortem|Water
|move|p2a: ad mortem|Weather Ball|p1a: Noivern
|-resisted|p1a: Noivern
|-damage|p1a: Noivern|3/100
|move|p1a: Noivern|Draco Meteor|p2a: ad mortem
|-damage|p2a: ad mortem|0 fnt
|-unboost|p1a: Noivern|spa|2
|faint|p2a: ad mortem
|
|-weather|RainDance|[upkeep]
|upkeep
|
|t:|1758270896
|switch|p2a: Burb|Corviknight, M|100/100
|turn|11
|
|t:|1758270901
|switch|p1a: Alomomola|Alomomola, F|100/100
|move|p2a: Burb|U-turn|p1a: Alomomola
|-damage|p1a: Alomomola|92/100
|
|t:|1758270906
|switch|p2a: House|Toxapex, M|100/100|[from] U-turn
|
|-weather|RainDance|[upkeep]
|upkeep
|turn|12
|
|t:|1758270912
|move|p1a: Alomomola|Protect|p1a: Alomomola
|-singleturn|p1a: Alomomola|Protect
|move|p2a: House|Toxic Spikes|p1a: Alomomola
|-sidestart|p1: guanghua66|move: Toxic Spikes
|
|-weather|none
|upkeep
|turn|13
|
|t:|1758270917
|move|p1a: Alomomola|Wish|p1a: Alomomola
|move|p2a: House|Sludge Wave|p1a: Alomomola
|-damage|p1a: Alomomola|56/100
|
|upkeep
|turn|14
|
|t:|1758270922
|move|p1a: Alomomola|Protect|p1a: Alomomola
|-singleturn|p1a: Alomomola|Protect
|move|p2a: House|Toxic Spikes|p1a: Alomomola
|-sidestart|p1: guanghua66|move: Toxic Spikes
|
|-heal|p1a: Alomomola|100/100|[from] move: Wish|[wisher] Alomomola
|upkeep
|turn|15
|
|t:|1758270930
|switch|p1a: Corviknight|Corviknight, F, shiny|100/100
|-ability|p1a: Corviknight|Pressure
|move|p2a: House|Sludge Wave|p1a: Corviknight
|-immune|p1a: Corviknight
|
|upkeep
|turn|16
|
|t:|1758270938
|move|p2a: House|Baneful Bunker|p2a: House
|-singleturn|p2a: House|move: Protect
|move|p1a: Corviknight|Brave Bird|p2a: House
|-activate|p2a: House|move: Protect
|
|upkeep
|turn|17
|
|t:|1758270947
|switch|p2a: Kevin|Politoed, M, shiny|46/100
|-weather|RainDance|[from] ability: Drizzle|[of] p2a: Kevin
|move|p1a: Corviknight|Brave Bird|p2a: Kevin
|-damage|p2a: Kevin|2/100
|-damage|p1a: Corviknight|86/100|[from] Recoil
|
|-weather|RainDance|[upkeep]
|-heal|p2a: Kevin|8/100|[from] item: Leftovers
|upkeep
|turn|18
|
|t:|1758270957
|move|p2a: Kevin|Blizzard|p1a: Corviknight
|-damage|p1a: Corviknight|53/100
|move|p1a: Corviknight|U-turn|p2a: Kevin
|-damage|p2a: Kevin|0 fnt
|faint|p2a: Kevin
|
|t:|1758270961
|switch|p1a: Alomomola|Alomomola, F|100/100|[from] U-turn
|
|-weather|RainDance|[upkeep]
|upkeep
|
|t:|1758270978
|switch|p2a: House|Toxapex, M|100/100
|turn|19
|
|t:|1758270985
|move|p1a: Alomomola|Wish|p1a: Alomomola
|move|p2a: House|Sludge Wave|p1a: Alomomola
|-crit|p1a: Alomomola
|-damage|p1a: Alomomola|47/100
|
|-weather|RainDance|[upkeep]
|upkeep
|turn|20
|
|t:|1758270992
|move|p1a: Alomomola|Protect|p1a: Alomomola
|-singleturn|p1a: Alomomola|Protect
|move|p2a: House|Toxic Spikes||[still]
|-fail|p2a: House
|
|-weather|RainDance|[upkeep]
|-heal|p1a: Alomomola|97/100|[from] move: Wish|[wisher] Alomomola
|upkeep
|turn|21
|
|t:|1758270999
|move|p1a: Alomomola|Wish|p1a: Alomomola
|move|p2a: House|Sludge Wave|p1a: Alomomola
|-damage|p1a: Alomomola|58/100
|
|-weather|none
|upkeep
|turn|22
|
|t:|1758271004
|move|p1a: Alomomola|Flip Turn|p2a: House
|-resisted|p2a: House
|-damage|p2a: House|95/100
|
|t:|1758271006
|switch|p1a: Corviknight|Corviknight, F, shiny|53/100|[from] Flip Turn
|-ability|p1a: Corviknight|Pressure
|move|p2a: House|Sludge Wave|p1a: Corviknight
|-immune|p1a: Corviknight
|
|-heal|p1a: Corviknight|100/100|[from] move: Wish|[wisher] Alomomola
|-heal|p2a: House|100/100|[from] item: Black Sludge
|upkeep
|turn|23
|
|t:|1758271016
|move|p2a: House|Baneful Bunker|p2a: House
|-singleturn|p2a: House|move: Protect
|move|p1a: Corviknight|Brave Bird|p2a: House
|-activate|p2a: House|move: Protect
|
|upkeep
|turn|24
|
|t:|1758271028
|switch|p2a: Burb|Corviknight, M|100/100
|move|p1a: Corviknight|Brave Bird|p2a: Burb
|-resisted|p2a: Burb
|-damage|p2a: Burb|89/100
|-damage|p1a: Corviknight|84/100|[from] item: Rocky Helmet|[of] p2a: Burb
|-damage|p1a: Corviknight|80/100|[from] Recoil
|
|upkeep
|turn|25
|
|t:|1758271039
|move|p1a: Corviknight|Defog|p2a: Burb
|-ability|p2a: Burb|Mirror Armor
|-unboost|p1a: Corviknight|evasion|1
|-sideend|p1: guanghua66|Toxic Spikes|[from] move: Defog|[of] p1a: Corviknight
|move|p2a: Burb|Brave Bird|p1a: Corviknight
|-resisted|p1a: Corviknight
|-damage|p1a: Corviknight|69/100
|-damage|p2a: Burb|73/100|[from] item: Rocky Helmet|[of] p1a: Corviknight
|-damage|p2a: Burb|69/100|[from] Recoil
|
|upkeep
|turn|26
|
|t:|1758271050
|move|p1a: Corviknight|Roost|p1a: Corviknight
|-heal|p1a: Corviknight|100/100
|-singleturn|p1a: Corviknight|move: Roost
|move|p2a: Burb|Roost|p2a: Burb
|-heal|p2a: Burb|100/100
|-singleturn|p2a: Burb|move: Roost
|
|upkeep
|turn|27
|
|t:|1758271066
|move|p2a: Burb|U-turn|p1a: Corviknight
|-resisted|p1a: Corviknight
|-damage|p1a: Corviknight|98/100
|-damage|p2a: Burb|84/100|[from] item: Rocky Helmet|[of] p1a: Corviknight
|
|t:|1758271071
|switch|p2a: Frog|Slowking-Galar, F|100/100 brn|[from] U-turn
|move|p1a: Corviknight|U-turn|p2a: Frog
|-damage|p2a: Frog|85/100 brn
|
|t:|1758271074
|switch|p1a: Alomomola|Alomomola, F|92/100|[from] U-turn
|
|-heal|p2a: Frog|91/100 brn|[from] item: Leftovers
|-damage|p2a: Frog|85/100 brn|[from] brn
|upkeep
|turn|28
|
|t:|1758271089
|move|p1a: Alomomola|Wish|p1a: Alomomola
|move|p2a: Frog|Future Sight|p1a: Alomomola
|-start|p2a: Frog|move: Future Sight
|
|-heal|p2a: Frog|91/100 brn|[from] item: Leftovers
|-damage|p2a: Frog|85/100 brn|[from] brn
|upkeep
|turn|29
|
|t:|1758271099
|switch|p2a: House|Toxapex, M|100/100
|move|p1a: Alomomola|Flip Turn|p2a: House
|-resisted|p2a: House
|-damage|p2a: House|95/100
|
|t:|1758271105
|switch|p1a: Noivern|Noivern, F|3/100|[from] Flip Turn
|
|-heal|p1a: Noivern|89/100|[from] move: Wish|[wisher] Alomomola
|-heal|p2a: House|100/100|[from] item: Black Sludge
|upkeep
|turn|30
|l|☆Habiba132
|inactive|Habiba132 disconnected and has a minute to reconnect!
|player|p2|
|j|☆Habiba132
|inactive|Habiba132 reconnected and has 130 seconds left.
|player|p2|Habiba132|burglar|
|
|t:|1758271133
|move|p2a: House|Baneful Bunker|p2a: House
|-singleturn|p2a: House|move: Protect
|move|p1a: Noivern|U-turn|p2a: House
|-activate|p2a: House|move: Protect
|-status|p1a: Noivern|psn
|
|-end|p1a: Noivern|move: Future Sight
|-damage|p1a: Noivern|9/100 psn
|-damage|p1a: Noivern|0 fnt|[from] psn
|faint|p1a: Noivern
|upkeep
|l|☆Habiba132
|inactive|Habiba132 disconnected and has a minute to reconnect!
|player|p2|
|
|t:|1758271149
|switch|p1a: Tauros|Tauros-Paldea-Blaze, M|100/100
|-ability|p1a: Tauros|Intimidate|boost
|-unboost|p2a: House|atk|1
|turn|31
|j|☆Habiba132
|inactive|Habiba132 reconnected and has 135 seconds left.
|player|p2|Habiba132|burglar|
|
|t:|1758271163
|move|p2a: House|Baneful Bunker||[still]
|-fail|p2a: House
|move|p1a: Tauros|Close Combat|p2a: House
|-resisted|p2a: House
|-damage|p2a: House|77/100
|-unboost|p1a: Tauros|def|1
|-unboost|p1a: Tauros|spd|1
|
|-heal|p2a: House|83/100|[from] item: Black Sludge
|upkeep
|turn|32
|
|t:|1758271171
|switch|p1a: Slowking|Slowking-Galar, F|100/100
|move|p2a: House|Sludge Wave|p1a: Slowking
|-resisted|p1a: Slowking
|-damage|p1a: Slowking|94/100
|
|-heal|p2a: House|89/100|[from] item: Black Sludge
|upkeep
|turn|33
|
|t:|1758271187
|switch|p2a: Frog|Slowking-Galar, F|100/100 brn
|move|p1a: Slowking|Future Sight|p2a: Frog
|-start|p1a: Slowking|move: Future Sight
|
|-damage|p2a: Frog|94/100 brn|[from] brn
|upkeep
|turn|34
|l|☆Habiba132
|inactive|Habiba132 disconnected and has a minute to reconnect!
|player|p2|
|j|☆Habiba132
|inactive|Habiba132 reconnected and has 130 seconds left.
|player|p2|Habiba132|burglar|
|
|t:|1758271201
|move|p1a: Slowking|Sludge Bomb|p2a: Frog
|-resisted|p2a: Frog
|-crit|p2a: Frog
|-damage|p2a: Frog|71/100 brn
|move|p2a: Frog|Future Sight|p1a: Slowking
|-start|p2a: Frog|move: Future Sight
|
|-heal|p2a: Frog|77/100 brn|[from] item: Leftovers
|-damage|p2a: Frog|71/100 brn|[from] brn
|upkeep
|turn|35
|
|t:|1758271209
|switch|p2a: Burb|Corviknight, M|84/100
|move|p1a: Slowking|Sludge Bomb|p2a: Burb
|-immune|p2a: Burb
|
|-end|p2a: Burb|move: Future Sight
|-resisted|p2a: Burb
|-damage|p2a: Burb|59/100
|upkeep
|turn|36
|
|t:|1758271223
|switch|p1a: Corviknight|Corviknight, F, shiny|98/100
|-ability|p1a: Corviknight|Pressure
|move|p2a: Burb|Roost|p2a: Burb
|-heal|p2a: Burb|100/100
|-singleturn|p2a: Burb|move: Roost
|
|-end|p1a: Corviknight|move: Future Sight
|-resisted|p1a: Corviknight
|-damage|p1a: Corviknight|71/100
|upkeep
|turn|37
|l|☆Habiba132
|inactive|Habiba132 disconnected and has a minute to reconnect!
|player|p2|
|inactive|Habiba132 has 30 seconds to reconnect!
|inactive|Habiba132 has 20 seconds to reconnect!
|inactive|Habiba132 has 15 seconds to reconnect!
|inactive|Habiba132 has 10 seconds to reconnect!
|inactive|Habiba132 has 5 seconds to reconnect!
|-message|Habiba132 lost due to inactivity.
|
|win|guanghua66
|raw|guanghua66's rating: 1089 &rarr; <strong>1114</strong><br />(+25 for winning)
|raw|Habiba132's rating: 1069 &rarr; <strong>1050</strong><br />(-19 for losing)
|l|☆guanghua66
|player|p1|
|j|☆Habiba132
|player|p2|Habiba132|burglar|
|l|☆Habiba132
|player|p2|
