|j|☆IronClod
|j|☆boldenhauer
|t:|1758308657
|gametype|singles
|player|p1|IronClod|fantina|1375
|player|p2|boldenhauer|170|1350
|gen|9
|tier|[Gen 9] OU
|rated|
|rule|HP Percentage Mod: HP is shown in percentages
|rule|Endless Battle Clause: Forcing endless battles is banned
|rule|Species Clause: Limit one of each Pokémon
|rule|OHKO Clause: OHKO moves are banned
|rule|Evasion Items Clause: Evasion items are banned
|rule|Evasion Moves Clause: Evasion moves are banned
|rule|Evasion Abilities Clause: Evasion abilities are banned
|rule|Sleep Moves Clause: Sleep-inducing moves are banned
|clearpoke
|poke|p1|Ninetales-Alola, F|
|poke|p1|Dondozo, F|
|poke|p1|Iron Treads|
|poke|p1|Kyurem|
|poke|p1|Comfey, F|
|poke|p1|Polteageist|
|poke|p2|Ogerpon-Wellspring, F|
|poke|p2|Moltres|
|poke|p2|Malamar, M|
|poke|p2|Dragapult, F|
|poke|p2|Spidops, M|
|poke|p2|Empoleon, M|
|teampreview
|inactive|Battle timer is ON: inactive players will automatically lose when time's up. (requested by IronClod)
|
|t:|1758308683
|teamsize|p1|6
|teamsize|p2|6
|start
|switch|p1a: Ninetales|Ninetales-Alola, F|100/100
|switch|p2a: Spidops|Spidops, M|100/100
|-weather|Snowscape|[from] ability: Snow Warning|[of] p1a: Ninetales
|turn|1
|
|t:|1758308691
|move|p1a: Ninetales|Aurora Veil|p1a: Ninetales
|-sidestart|p1: IronClod|move: Aurora Veil
|move|p2a: Spidops|Sticky Web|p1a: Ninetales
|-sidestart|p1: IronClod|move: Sticky Web
|
|-weather|Snowscape|[upkeep]
|upkeep
|turn|2
|
|t:|1758308700
|switch|p2a: Empoleon|Empoleon, M|100/100
|move|p1a: Ninetales|Encore||[still]
|-fail|p1a: Ninetales
|
|-weather|Snowscape|[upkeep]
|upkeep
|turn|3
|
|t:|1758308709
|switch|p1a: Iron Treads|Iron Treads|100/100
|-activate|p1a: Iron Treads|move: Sticky Web
|-unboost|p1a: Iron Treads|spe|1
|-enditem|p1a: Iron Treads|Booster Energy
|-activate|p1a: Iron Treads|ability: Quark Drive|[fromitem]
|-start|p1a: Iron Treads|quarkdrivedef
|move|p2a: Empoleon|Hydro Pump|p1a: Iron Treads|[miss]
|-miss|p2a: Empoleon|p1a: Iron Treads
|
|-weather|Snowscape|[upkeep]
|upkeep
|turn|4
|
|t:|1758308714
|switch|p2a: Dragapult|Dragapult, F|100/100
|move|p1a: Iron Treads|Stealth Rock|p2a: Dragapult
|-sidestart|p2: boldenhauer|move: Stealth Rock
|
|-weather|Snowscape|[upkeep]
|upkeep
|turn|5
|
|t:|1758308722
|move|p2a: Dragapult|Hex|p1a: Iron Treads
|-damage|p1a: Iron Treads|65/100
|move|p1a: Iron Treads|Earth Power|p2a: Dragapult
|-damage|p2a: Dragapult|57/100
|
|-weather|none
|upkeep
|turn|6
|
|t:|1758308728
|move|p2a: Dragapult|Hex|p1a: Iron Treads
|-damage|p1a: Iron Treads|25/100
|move|p1a: Iron Treads|Steel Beam|p2a: Dragapult
|-damage|p2a: Dragapult|0 fnt
|-damage|p1a: Iron Treads|0 fnt|[from] steelbeam
|faint|p1a: Iron Treads
|-end|p1a: Iron Treads|Quark Drive|[silent]
|faint|p2a: Dragapult
|
|upkeep
|
|t:|1758308741
|switch|p2a: Empoleon|Empoleon, M|100/100
|switch|p1a: Kyurem|Kyurem|100/100
|-damage|p2a: Empoleon|94/100|[from] Stealth Rock
|-activate|p1a: Kyurem|move: Sticky Web
|-unboost|p1a: Kyurem|spe|1
|-ability|p1a: Kyurem|Pressure
|turn|7
|
|t:|1758308746
|switch|p1a: Dondozo|Dondozo, F|100/100
|-activate|p1a: Dondozo|move: Sticky Web
|-unboost|p1a: Dondozo|spe|1
|move|p2a: Empoleon|Flash Cannon|p1a: Dondozo
|-resisted|p1a: Dondozo
|-damage|p1a: Dondozo|96/100
|-unboost|p1a: Dondozo|spd|1
|
|-heal|p1a: Dondozo|100/100|[from] item: Leftovers
|upkeep
|turn|8
|
|t:|1758308754
|switch|p2a: Ogerpon|Ogerpon-Wellspring, F|100/100
|-damage|p2a: Ogerpon|88/100|[from] Stealth Rock
|switch|p1a: Ninetales|Ninetales-Alola, F|100/100
|-activate|p1a: Ninetales|move: Sticky Web
|-unboost|p1a: Ninetales|spe|1
|-weather|Snowscape|[from] ability: Snow Warning|[of] p1a: Ninetales
|
|-weather|Snowscape|[upkeep]
|-sideend|p1: IronClod|move: Aurora Veil
|upkeep
|turn|9
|
|t:|1758308757
|switch|p2a: Empoleon|Empoleon, M|94/100
|-damage|p2a: Empoleon|88/100|[from] Stealth Rock
|move|p1a: Ninetales|Freeze-Dry|p2a: Empoleon
|-damage|p2a: Empoleon|69/100
|
|-weather|Snowscape|[upkeep]
|upkeep
|turn|10
|
|t:|1758308763
|move|p2a: Empoleon|Flash Cannon|p1a: Ninetales
|-supereffective|p1a: Ninetales
|-damage|p1a: Ninetales|0 fnt
|faint|p1a: Ninetales
|
|-weather|Snowscape|[upkeep]
|upkeep
|
|t:|1758308770
|switch|p1a: Kyurem|Kyurem|100/100
|-activate|p1a: Kyurem|move: Sticky Web
|-unboost|p1a: Kyurem|spe|1
|-ability|p1a: Kyurem|Pressure
|turn|11
|
|t:|1758308780
|move|p2a: Empoleon|Flash Cannon|p1a: Kyurem
|-supereffective|p1a: Kyurem
|-damage|p1a: Kyurem|44/100
|move|p1a: Kyurem|Dragon Dance|p1a: Kyurem
|-boost|p1a: Kyurem|atk|1
|-boost|p1a: Kyurem|spe|1
|
|-weather|Snowscape|[upkeep]
|upkeep
|turn|12
|
|t:|1758308784
|move|p2a: Empoleon|Flash Cannon|p1a: Kyurem
|-supereffective|p1a: Kyurem
|-damage|p1a: Kyurem|0 fnt
|faint|p1a: Kyurem
|
|-weather|none
|upkeep
|-message|IronClod forfeited.
|
|win|boldenhauer
|raw|IronClod's rating: 1375 &rarr; <strong>1352</strong><br />(-23 for losing)
|raw|boldenhauer's rating: 1325 &rarr; <strong>1348</strong><br />(+23 for winning)
|l|☆IronClod
|player|p1|
|l|☆boldenhauer
|player|p2|
