|j|☆aaron200589
|j|☆damas_1
|t:|1758266179
|gametype|singles
|player|p1|aaron200589|giovanni|1345
|player|p2|damas_1|169|1328
|gen|9
|tier|[Gen 9] OU
|rated|
|rule|HP Percentage Mod: HP is shown in percentages
|rule|Endless Battle Clause: Forcing endless battles is banned
|rule|Species Clause: Limit one of each Pokémon
|rule|OHKO Clause: OHKO moves are banned
|rule|Evasion Items Clause: Evasion items are banned
|rule|Evasion Moves Clause: Evasion moves are banned
|rule|Evasion Abilities Clause: Evasion abilities are banned
|rule|Sleep Moves Clause: Sleep-inducing moves are banned
|clearpoke
|poke|p1|Alomomola, M|
|poke|p1|Meowscarada, F|
|poke|p1|Torkoal, M|
|poke|p1|Walking Wake|
|poke|p1|Great Tusk|
|poke|p1|Typhlosion-Hisui, M|
|poke|p2|Iron Crown|
|poke|p2|Samurott-Hisui, F|
|poke|p2|Zapdos|
|poke|p2|Dragapult, F|
|poke|p2|Great Tusk|
|poke|p2|Iron Boulder|
|teampreview
|inactive|Battle timer is ON: inactive players will automatically lose when time's up. (requested by damas_1)
|
|t:|1758266189
|teamsize|p1|6
|teamsize|p2|6
|start
|switch|p1a: Torkoal|Torkoal, M|100/100
|switch|p2a: Pump It|Great Tusk|100/100
|-weather|SunnyDay|[from] ability: Drought|[of] p1a: Torkoal
|-activate|p2a: Pump It|ability: Protosynthesis
|-start|p2a: Pump It|protosynthesisatk
|turn|1
|
|t:|1758266203
|switch|p1a: Great Tusk|Great Tusk|100/100
|-activate|p1a: Great Tusk|ability: Protosynthesis
|-start|p1a: Great Tusk|protosynthesisspe
|move|p2a: Pump It|Headlong Rush|p1a: Great Tusk
|-damage|p1a: Great Tusk|45/100
|-unboost|p2a: Pump It|def|1
|-unboost|p2a: Pump It|spd|1
|
|-weather|SunnyDay|[upkeep]
|upkeep
|turn|2
|
|t:|1758266214
|move|p1a: Great Tusk|Headlong Rush|p2a: Pump It
|-damage|p2a: Pump It|41/100
|-unboost|p1a: Great Tusk|def|1
|-unboost|p1a: Great Tusk|spd|1
|move|p2a: Pump It|Headlong Rush|p1a: Great Tusk
|-damage|p1a: Great Tusk|0 fnt
|-unboost|p2a: Pump It|def|1
|-unboost|p2a: Pump It|spd|1
|faint|p1a: Great Tusk
|-end|p1a: Great Tusk|Protosynthesis|[silent]
|
|-weather|SunnyDay|[upkeep]
|upkeep
|
|t:|1758266227
|switch|p1a: Typhlosion|Typhlosion-Hisui, M|100/100
|turn|3
|
|t:|1758266249
|-end|p2a: Pump It|Protosynthesis|[silent]
|switch|p2a: Mindreader|Iron Crown|100/100
|move|p1a: Typhlosion|Eruption|p2a: Mindreader
|-supereffective|p2a: Mindreader
|-damage|p2a: Mindreader|0 fnt
|faint|p2a: Mindreader
|-end|p2a: Mindreader|Quark Drive|[silent]
|
|-weather|SunnyDay|[upkeep]
|upkeep
|
|t:|1758266255
|switch|p2a: Revery|Iron Boulder|100/100
|-enditem|p2a: Revery|Booster Energy
|-activate|p2a: Revery|ability: Quark Drive|[fromitem]
|-start|p2a: Revery|quarkdrivespe
|turn|4
|
|t:|1758266272
|switch|p1a: Alomomola|Alomomola, M|100/100
|move|p2a: Revery|Swords Dance|p2a: Revery
|-boost|p2a: Revery|atk|2
|
|-weather|SunnyDay|[upkeep]
|upkeep
|turn|5
|
|t:|1758266282
|move|p2a: Revery|Mighty Cleave|p1a: Alomomola
|-damage|p1a: Alomomola|55/100
|move|p1a: Alomomola|Scald|p2a: Revery
|-supereffective|p2a: Revery
|-damage|p2a: Revery|89/100
|-status|p2a: Revery|brn
|
|-weather|none
|-damage|p2a: Revery|82/100 brn|[from] brn
|upkeep
|turn|6
|
|t:|1758266292
|move|p2a: Revery|Swords Dance|p2a: Revery
|-boost|p2a: Revery|atk|2
|move|p1a: Alomomola|Wish|p1a: Alomomola
|
|-damage|p2a: Revery|76/100 brn|[from] brn
|upkeep
|turn|7
|
|t:|1758266303
|move|p2a: Revery|Swords Dance|p2a: Revery
|-boost|p2a: Revery|atk|2
|move|p1a: Alomomola|Flip Turn|p2a: Revery
|-supereffective|p2a: Revery
|-damage|p2a: Revery|35/100 brn
|
|t:|1758266309
|switch|p1a: Typhlosion|Typhlosion-Hisui, M|100/100|[from] Flip Turn
|
|-damage|p2a: Revery|29/100 brn|[from] brn
|upkeep
|turn|8
|
|t:|1758266316
|move|p2a: Revery|Mighty Cleave|p1a: Typhlosion
|-supereffective|p1a: Typhlosion
|-damage|p1a: Typhlosion|0 fnt
|faint|p1a: Typhlosion
|
|-damage|p2a: Revery|23/100 brn|[from] brn
|upkeep
|
|t:|1758266324
|switch|p1a: Meowscarada|Meowscarada, F|100/100
|turn|9
|
|t:|1758266328
|move|p1a: Meowscarada|Sucker Punch|p2a: Revery
|-start|p1a: Meowscarada|typechange|Dark|[from] ability: Protean
|-supereffective|p2a: Revery
|-damage|p2a: Revery|0 fnt
|faint|p2a: Revery
|-end|p2a: Revery|Quark Drive|[silent]
|
|upkeep
|
|t:|1758266334
|switch|p2a: Everytime We Touch|Samurott-Hisui, F|100/100
|turn|10
|
|t:|1758266342
|switch|p1a: Alomomola|Alomomola, M|88/100
|move|p2a: Everytime We Touch|Sacred Sword|p1a: Alomomola
|-damage|p1a: Alomomola|65/100
|
|upkeep
|turn|11
|
|t:|1758266352
|switch|p2a: Hurikan|Zapdos|100/100
|move|p1a: Alomomola|Flip Turn|p2a: Hurikan
|-damage|p2a: Hurikan|88/100
|
|t:|1758266357
|switch|p1a: Torkoal|Torkoal, M|100/100|[from] Flip Turn
|-weather|SunnyDay|[from] ability: Drought|[of] p1a: Torkoal
|
|-weather|SunnyDay|[upkeep]
|upkeep
|turn|12
|
|t:|1758266365
|move|p2a: Hurikan|U-turn|p1a: Torkoal
|-resisted|p1a: Torkoal
|-damage|p1a: Torkoal|96/100
|
|t:|1758266370
|switch|p2a: Parasite|Dragapult, F|100/100|[from] U-turn
|move|p1a: Torkoal|Shell Smash|p1a: Torkoal
|-unboost|p1a: Torkoal|def|1
|-unboost|p1a: Torkoal|spd|1
|-boost|p1a: Torkoal|atk|2
|-boost|p1a: Torkoal|spa|2
|-boost|p1a: Torkoal|spe|2
|-enditem|p1a: Torkoal|Eject Pack
|
|t:|1758266381
|switch|p1a: Meowscarada|Meowscarada, F|100/100
|
|-weather|SunnyDay|[upkeep]
|upkeep
|turn|13
|
|t:|1758266388
|move|p2a: Parasite|U-turn|p1a: Meowscarada
|-supereffective|p1a: Meowscarada
|-enditem|p1a: Meowscarada|Focus Sash
|-damage|p1a: Meowscarada|1/100
|
|t:|1758266392
|switch|p2a: Hurikan|Zapdos|88/100|[from] U-turn
|move|p1a: Meowscarada|Copycat|p1a: Meowscarada
|move|p1a: Meowscarada|U-turn|p2a: Hurikan|[from] move: Copycat
|-start|p1a: Meowscarada|typechange|Bug|[from] ability: Protean
|-resisted|p2a: Hurikan
|-damage|p2a: Hurikan|76/100
|
|t:|1758266404
|switch|p1a: Walking Wake|Walking Wake|100/100|[from] U-turn
|-activate|p1a: Walking Wake|ability: Protosynthesis
|-start|p1a: Walking Wake|protosynthesisspe
|
|-weather|SunnyDay|[upkeep]
|upkeep
|turn|14
|
|t:|1758266414
|move|p1a: Walking Wake|Substitute|p1a: Walking Wake
|-start|p1a: Walking Wake|Substitute
|-damage|p1a: Walking Wake|75/100
|move|p2a: Hurikan|Discharge|p1a: Walking Wake
|-end|p1a: Walking Wake|Substitute
|
|-weather|SunnyDay|[upkeep]
|upkeep
|turn|15
|
|t:|1758266430
|-terastallize|p1a: Walking Wake|Fairy
|move|p1a: Walking Wake|Substitute|p1a: Walking Wake
|-start|p1a: Walking Wake|Substitute
|-damage|p1a: Walking Wake|50/100
|move|p2a: Hurikan|Discharge|p1a: Walking Wake
|-end|p1a: Walking Wake|Substitute
|
|-weather|none
|-end|p1a: Walking Wake|Protosynthesis
|upkeep
|turn|16
|
|t:|1758266441
|move|p1a: Walking Wake|Tera Blast|p2a: Hurikan|[anim] Tera Blast Fairy
|-damage|p2a: Hurikan|52/100
|move|p2a: Hurikan|Discharge|p1a: Walking Wake
|-damage|p1a: Walking Wake|9/100
|
|upkeep
|turn|17
|
|t:|1758266447
|move|p1a: Walking Wake|Tera Blast|p2a: Hurikan|[anim] Tera Blast Fairy
|-damage|p2a: Hurikan|31/100
|move|p2a: Hurikan|Roost|p2a: Hurikan
|-heal|p2a: Hurikan|81/100
|-singleturn|p2a: Hurikan|move: Roost
|
|upkeep
|turn|18
|
|t:|1758266455
|move|p1a: Walking Wake|Tera Blast|p2a: Hurikan|[anim] Tera Blast Fairy
|-damage|p2a: Hurikan|58/100
|move|p2a: Hurikan|Discharge|p1a: Walking Wake
|-damage|p1a: Walking Wake|0 fnt
|faint|p1a: Walking Wake
|-end|p1a: Walking Wake|Protosynthesis|[silent]
|
|upkeep
|
|t:|1758266463
|switch|p1a: Meowscarada|Meowscarada, F|1/100
|turn|19
|
|t:|1758266467
|move|p1a: Meowscarada|Triple Axel|p2a: Hurikan|[miss]
|-start|p1a: Meowscarada|typechange|Ice|[from] ability: Protean
|-miss|p1a: Meowscarada|p2a: Hurikan
|move|p2a: Hurikan|Roost|p2a: Hurikan
|-heal|p2a: Hurikan|100/100
|-singleturn|p2a: Hurikan|move: Roost
|
|upkeep
|turn|20
|-message|aaron200589 forfeited.
|
|win|damas_1
|raw|aaron200589's rating: 1345 &rarr; <strong>1324</strong><br />(-21 for losing)
|raw|damas_1's rating: 1328 &rarr; <strong>1349</strong><br />(+21 for winning)
|l|☆aaron200589
|player|p1|
|l|☆damas_1
|player|p2|
