|j|☆Megumin's Husband
|j|☆Musab1317
|t:|1758241950
|gametype|singles
|player|p1|Megumin's Husband|unknown|1244
|player|p2|Musab1317|flint|1262
|gen|9
|tier|[Gen 9] OU
|rated|
|rule|HP Percentage Mod: HP is shown in percentages
|rule|Endless Battle Clause: Forcing endless battles is banned
|rule|Species Clause: Limit one of each Pokémon
|rule|OHKO Clause: OHKO moves are banned
|rule|Evasion Items Clause: Evasion items are banned
|rule|Evasion Moves Clause: Evasion moves are banned
|rule|Evasion Abilities Clause: Evasion abilities are banned
|rule|Sleep Moves Clause: Sleep-inducing moves are banned
|clearpoke
|poke|p1|Great Tusk|
|poke|p1|Heatran, M|
|poke|p1|Weavile, M|
|poke|p1|Primarina, F|
|poke|p1|Ogerpon, F|
|poke|p1|Pecharunt|
|poke|p2|Dragonite, F|
|poke|p2|Zamazenta-*|
|poke|p2|Landorus-Therian, M|
|poke|p2|Gholdengo|
|poke|p2|Darkrai|
|poke|p2|Hatterene, F|
|teampreview
|inactive|Battle timer is ON: inactive players will automatically lose when time's up. (requested by Megumin's Husband)
|
|t:|1758241966
|teamsize|p1|6
|teamsize|p2|6
|start
|switch|p1a: Ogerpon|Ogerpon, F|100/100
|switch|p2a: Darkrai|Darkrai|100/100
|turn|1
|
|t:|1758241977
|move|p2a: Darkrai|Ice Beam|p1a: Ogerpon
|-supereffective|p1a: Ogerpon
|-damage|p1a: Ogerpon|38/100
|move|p1a: Ogerpon|U-turn|p2a: Darkrai
|-supereffective|p2a: Darkrai
|-damage|p2a: Darkrai|15/100
|
|t:|1758241980
|switch|p1a: Weavile|Weavile, M, shiny|100/100|[from] U-turn
|-ability|p1a: Weavile|Pressure
|
|upkeep
|turn|2
|
|t:|1758241991
|move|p2a: Darkrai|Will-O-Wisp|p1a: Weavile
|-status|p1a: Weavile|brn
|move|p1a: Weavile|Knock Off|p2a: Darkrai
|-resisted|p2a: Darkrai
|-damage|p2a: Darkrai|0 fnt
|-enditem|p2a: Darkrai|Heavy-Duty Boots|[from] move: Knock Off|[of] p1a: Weavile
|faint|p2a: Darkrai
|
|-damage|p1a: Weavile|94/100 brn|[from] brn
|upkeep
|
|t:|1758242000
|switch|p2a: Zamazenta|Zamazenta|100/100
|-ability|p2a: Zamazenta|Dauntless Shield|boost
|-boost|p2a: Zamazenta|def|1
|turn|3
|
|t:|1758242004
|switch|p1a: Pecharunt|Pecharunt|100/100
|move|p2a: Zamazenta|Body Press|p1a: Pecharunt
|-immune|p1a: Pecharunt
|
|upkeep
|turn|4
|
|t:|1758242010
|move|p2a: Zamazenta|Crunch|p1a: Pecharunt
|-supereffective|p1a: Pecharunt
|-damage|p1a: Pecharunt|81/100
|-damage|p2a: Zamazenta|84/100|[from] item: Rocky Helmet|[of] p1a: Pecharunt
|move|p1a: Pecharunt|Parting Shot|p2a: Zamazenta
|-unboost|p2a: Zamazenta|atk|1
|-unboost|p2a: Zamazenta|spa|1
|
|t:|1758242013
|switch|p1a: Primarina|Primarina, F|100/100|[from] Parting Shot
|
|-heal|p2a: Zamazenta|90/100|[from] item: Leftovers
|upkeep
|turn|5
|
|t:|1758242021
|switch|p2a: Hatterene|Hatterene, F|100/100
|move|p1a: Primarina|Flip Turn|p2a: Hatterene
|-damage|p2a: Hatterene|83/100
|
|t:|1758242027
|switch|p1a: Heatran|Heatran, M, shiny|100/100|[from] Flip Turn
|-item|p1a: Heatran|Air Balloon
|
|upkeep
|turn|6
|
|t:|1758242032
|switch|p2a: Landorus|Landorus-Therian, M|100/100
|-ability|p2a: Landorus|Intimidate|boost
|-unboost|p1a: Heatran|atk|1
|move|p1a: Heatran|Overheat|p2a: Landorus
|-damage|p2a: Landorus|34/100
|-unboost|p1a: Heatran|spa|2
|
|upkeep
|turn|7
|inactive|Megumin's Husband has 120 seconds left.
|
|t:|1758242072
|switch|p1a: Great Tusk|Great Tusk|100/100
|move|p2a: Landorus|Stealth Rock|p1a: Great Tusk
|-sidestart|p1: Megumin's Husband|move: Stealth Rock
|
|upkeep
|turn|8
|
|t:|1758242106
|switch|p2a: Gholdengo|Gholdengo|100/100
|move|p1a: Great Tusk|Headlong Rush|p2a: Gholdengo
|-supereffective|p2a: Gholdengo
|-damage|p2a: Gholdengo|0 fnt
|-unboost|p1a: Great Tusk|def|1
|-unboost|p1a: Great Tusk|spd|1
|faint|p2a: Gholdengo
|
|upkeep
|
|t:|1758242113
|switch|p2a: Dragonite|Dragonite, F|100/100
|turn|9
|
|t:|1758242120
|-terastallize|p2a: Dragonite|Flying
|move|p1a: Great Tusk|Ice Spinner|p2a: Dragonite
|-supereffective|p2a: Dragonite
|-damage|p2a: Dragonite|71/100
|move|p2a: Dragonite|Dragon Dance|p2a: Dragonite
|-boost|p2a: Dragonite|atk|1
|-boost|p2a: Dragonite|spe|1
|
|upkeep
|turn|10
|inactive|Megumin's Husband has 120 seconds left.
|
|t:|1758242136
|move|p2a: Dragonite|Tera Blast|p1a: Great Tusk|[anim] Tera Blast Flying
|-supereffective|p1a: Great Tusk
|-damage|p1a: Great Tusk|0 fnt
|faint|p1a: Great Tusk
|-end|p1a: Great Tusk|Protosynthesis|[silent]
|
|upkeep
|
|t:|1758242150
|switch|p1a: Weavile|Weavile, M, shiny|94/100 brn
|-damage|p1a: Weavile|70/100 brn|[from] Stealth Rock
|-ability|p1a: Weavile|Pressure
|turn|11
|
|t:|1758242159
|-terastallize|p1a: Weavile|Ice
|move|p1a: Weavile|Ice Shard|p2a: Dragonite
|-supereffective|p2a: Dragonite
|-damage|p2a: Dragonite|27/100
|move|p2a: Dragonite|Tera Blast|p1a: Weavile|[anim] Tera Blast Flying
|-damage|p1a: Weavile|0 fnt
|faint|p1a: Weavile
|
|upkeep
|
|t:|1758242165
|switch|p1a: Pecharunt|Pecharunt|81/100
|-damage|p1a: Pecharunt|69/100|[from] Stealth Rock
|turn|12
|
|t:|1758242169
|move|p2a: Dragonite|Earthquake|p1a: Pecharunt
|-supereffective|p1a: Pecharunt
|-damage|p1a: Pecharunt|23/100
|move|p1a: Pecharunt|Malignant Chain|p2a: Dragonite
|-damage|p2a: Dragonite|0 fnt
|faint|p2a: Dragonite
|
|upkeep
|
|t:|1758242180
|switch|p2a: Landorus|Landorus-Therian, M|34/100
|-ability|p2a: Landorus|Intimidate|boost
|-unboost|p1a: Pecharunt|atk|1
|turn|13
|
|t:|1758242190
|move|p2a: Landorus|Earthquake|p1a: Pecharunt
|-supereffective|p1a: Pecharunt
|-crit|p1a: Pecharunt
|-damage|p1a: Pecharunt|0 fnt
|faint|p1a: Pecharunt
|
|upkeep
|
|t:|1758242192
|switch|p1a: Ogerpon|Ogerpon, F|38/100
|-damage|p1a: Ogerpon|26/100|[from] Stealth Rock
|turn|14
|
|t:|1758242207
|move|p1a: Ogerpon|Ivy Cudgel|p2a: Landorus
|-damage|p2a: Landorus|0 fnt
|faint|p2a: Landorus
|
|upkeep
|
|t:|1758242210
|switch|p2a: Zamazenta|Zamazenta|90/100
|turn|15
|
|t:|1758242216
|switch|p1a: Primarina|Primarina, F|100/100
|-damage|p1a: Primarina|88/100|[from] Stealth Rock
|move|p2a: Zamazenta|Body Press|p1a: Primarina
|-resisted|p1a: Primarina
|-damage|p1a: Primarina|66/100
|
|-heal|p2a: Zamazenta|96/100|[from] item: Leftovers
|upkeep
|turn|16
|
|t:|1758242228
|move|p2a: Zamazenta|Iron Defense|p2a: Zamazenta
|-boost|p2a: Zamazenta|def|2
|move|p1a: Primarina|Moonblast|p2a: Zamazenta
|-supereffective|p2a: Zamazenta
|-damage|p2a: Zamazenta|0 fnt
|faint|p2a: Zamazenta
|
|upkeep
|
|t:|1758242233
|switch|p2a: Hatterene|Hatterene, F|83/100
|turn|17
|-message|Musab1317 forfeited.
|
|win|Megumin's Husband
|raw|Megumin&apos;s Husband's rating: 1244 &rarr; <strong>1270</strong><br />(+26 for winning)
|raw|Musab1317's rating: 1262 &rarr; <strong>1236</strong><br />(-26 for losing)
|l|☆Musab1317
|player|p2|
