|j|☆MAGAboominGOOCH
|j|☆ControllerChaosYT
|t:|1758378928
|gametype|singles
|player|p1|MAGAboominGOOCH|supernerd|1083
|player|p2|ControllerChaosYT|red|1056
|gen|9
|tier|[Gen 9] OU
|rated|
|rule|HP Percentage Mod: HP is shown in percentages
|rule|Endless Battle Clause: Forcing endless battles is banned
|rule|Species Clause: Limit one of each Pokémon
|rule|OHKO Clause: OHKO moves are banned
|rule|Evasion Items Clause: Evasion items are banned
|rule|Evasion Moves Clause: Evasion moves are banned
|rule|Evasion Abilities Clause: Evasion abilities are banned
|rule|Sleep Moves Clause: Sleep-inducing moves are banned
|clearpoke
|poke|p1|Charizard, F|
|poke|p1|Toxtricity-Low-Key, M|
|poke|p1|Kleavor, F|
|poke|p1|Salamence, M|
|poke|p1|Delphox, M|
|poke|p1|Cloyster, F|
|poke|p2|Gholdengo|
|poke|p2|Tentacruel, F|
|poke|p2|Incineroar, M|
|poke|p2|Meowscarada, M|
|poke|p2|Galvantula, F|
|poke|p2|Gliscor, F|
|teampreview
|inactive|Battle timer is ON: inactive players will automatically lose when time's up. (requested by ControllerChaosYT)
|inactive|MAGAboominGOOCH has 120 seconds left.
|
|t:|1758378964
|teamsize|p1|6
|teamsize|p2|6
|start
|switch|p1a: Kleaveana|Kleavor, F|100/100
|switch|p2a: Galvantula|Galvantula, F, shiny|100/100
|turn|1
|
|t:|1758378971
|move|p2a: Galvantula|Sticky Web|p1a: Kleaveana
|-sidestart|p1: MAGAboominGOOCH|move: Sticky Web
|move|p1a: Kleaveana|Stone Axe|p2a: Galvantula
|-supereffective|p2a: Galvantula
|-enditem|p2a: Galvantula|Focus Sash
|-damage|p2a: Galvantula|1/100
|-sidestart|p2: ControllerChaosYT|move: Stealth Rock
|
|upkeep
|turn|2
|
|t:|1758378980
|move|p2a: Galvantula|Thunder Wave|p1a: Kleaveana
|-status|p1a: Kleaveana|par
|move|p1a: Kleaveana|Night Slash|p2a: Galvantula
|-damage|p2a: Galvantula|0 fnt
|faint|p2a: Galvantula
|
|upkeep
|
|t:|1758378988
|switch|p2a: Tentacruel|Tentacruel, F, shiny|100/100
|-damage|p2a: Tentacruel|88/100|[from] Stealth Rock
|turn|3
|
|t:|1758378993
|move|p2a: Tentacruel|Rapid Spin|p1a: Kleaveana
|-resisted|p1a: Kleaveana
|-damage|p1a: Kleaveana|96/100 par
|-boost|p2a: Tentacruel|spe|1
|-sideend|p2: ControllerChaosYT|Stealth Rock|[from] move: Rapid Spin|[of] p2a: Tentacruel
|move|p1a: Kleaveana|X-Scissor|p2a: Tentacruel
|-resisted|p2a: Tentacruel
|-crit|p2a: Tentacruel
|-damage|p2a: Tentacruel|30/100
|
|-heal|p2a: Tentacruel|37/100|[from] item: Black Sludge
|upkeep
|turn|4
|
|t:|1758379005
|move|p2a: Tentacruel|Protect|p2a: Tentacruel
|-singleturn|p2a: Tentacruel|Protect
|move|p1a: Kleaveana|Close Combat|p2a: Tentacruel
|-activate|p2a: Tentacruel|move: Protect
|
|-heal|p2a: Tentacruel|43/100|[from] item: Black Sludge
|upkeep
|turn|5
|
|t:|1758379012
|move|p2a: Tentacruel|Toxic||[still]
|-fail|p2a: Tentacruel
|move|p1a: Kleaveana|Close Combat|p2a: Tentacruel
|-resisted|p2a: Tentacruel
|-damage|p2a: Tentacruel|18/100
|-unboost|p1a: Kleaveana|def|1
|-unboost|p1a: Kleaveana|spd|1
|
|-heal|p2a: Tentacruel|24/100|[from] item: Black Sludge
|upkeep
|turn|6
|
|t:|1758379020
|move|p2a: Tentacruel|Protect|p2a: Tentacruel
|-singleturn|p2a: Tentacruel|Protect
|move|p1a: Kleaveana|Night Slash|p2a: Tentacruel
|-activate|p2a: Tentacruel|move: Protect
|
|-heal|p2a: Tentacruel|30/100|[from] item: Black Sludge
|upkeep
|turn|7
|
|t:|1758379031
|switch|p2a: Gliscor|Gliscor, F|100/100
|move|p1a: Kleaveana|Stone Axe|p2a: Gliscor
|-damage|p2a: Gliscor|55/100
|-sidestart|p2: ControllerChaosYT|move: Stealth Rock
|
|-status|p2a: Gliscor|tox|[from] item: Toxic Orb
|upkeep
|turn|8
|
|t:|1758379042
|move|p2a: Gliscor|Protect|p2a: Gliscor
|-singleturn|p2a: Gliscor|Protect
|move|p1a: Kleaveana|Stone Axe|p2a: Gliscor
|-activate|p2a: Gliscor|move: Protect
|
|-heal|p2a: Gliscor|67/100 tox|[from] ability: Poison Heal
|upkeep
|turn|9
|
|t:|1758379048
|move|p2a: Gliscor|Stealth Rock|p1a: Kleaveana
|-sidestart|p1: MAGAboominGOOCH|move: Stealth Rock
|move|p1a: Kleaveana|Stone Axe|p2a: Gliscor
|-damage|p2a: Gliscor|19/100 tox
|
|-heal|p2a: Gliscor|31/100 tox|[from] ability: Poison Heal
|upkeep
|turn|10
|
|t:|1758379061
|switch|p1a: Aura|Salamence, M|100/100
|-damage|p1a: Aura|76/100|[from] Stealth Rock
|move|p2a: Gliscor|Protect||[still]
|-fail|p2a: Gliscor
|
|-heal|p2a: Gliscor|44/100 tox|[from] ability: Poison Heal
|upkeep
|turn|11
|
|t:|1758379069
|move|p2a: Gliscor|Protect|p2a: Gliscor
|-singleturn|p2a: Gliscor|Protect
|move|p1a: Aura|Dragon Dance|p1a: Aura
|-boost|p1a: Aura|atk|1
|-boost|p1a: Aura|spe|1
|
|-heal|p2a: Gliscor|56/100 tox|[from] ability: Poison Heal
|upkeep
|turn|12
|
|t:|1758379076
|move|p1a: Aura|Dragon Claw|p2a: Gliscor
|-damage|p2a: Gliscor|2/100 tox
|move|p2a: Gliscor|Facade|p1a: Aura
|-damage|p1a: Aura|37/100
|
|-heal|p2a: Gliscor|14/100 tox|[from] ability: Poison Heal
|upkeep
|turn|13
|
|t:|1758379085
|move|p2a: Gliscor|Protect|p2a: Gliscor
|-singleturn|p2a: Gliscor|Protect
|move|p1a: Aura|Dragon Dance|p1a: Aura
|-boost|p1a: Aura|atk|1
|-boost|p1a: Aura|spe|1
|
|-heal|p2a: Gliscor|27/100 tox|[from] ability: Poison Heal
|upkeep
|turn|14
|
|t:|1758379095
|switch|p2a: Gholdengo|Gholdengo|100/100
|-damage|p2a: Gholdengo|94/100|[from] Stealth Rock
|move|p1a: Aura|Dragon Claw|p2a: Gholdengo
|-resisted|p2a: Gholdengo
|-damage|p2a: Gholdengo|48/100
|
|upkeep
|turn|15
|
|t:|1758379103
|move|p1a: Aura|Earthquake|p2a: Gholdengo
|-supereffective|p2a: Gholdengo
|-damage|p2a: Gholdengo|0 fnt
|faint|p2a: Gholdengo
|-ability|p1a: Aura|Moxie|boost
|-boost|p1a: Aura|atk|1
|
|upkeep
|
|t:|1758379118
|switch|p2a: Gliscor|Gliscor, F|27/100 tox
|-damage|p2a: Gliscor|14/100 tox|[from] Stealth Rock
|turn|16
|
|t:|1758379123
|move|p2a: Gliscor|Protect|p2a: Gliscor
|-singleturn|p2a: Gliscor|Protect
|move|p1a: Aura|Dragon Claw|p2a: Gliscor
|-activate|p2a: Gliscor|move: Protect
|
|-heal|p2a: Gliscor|27/100 tox|[from] ability: Poison Heal
|upkeep
|turn|17
|
|t:|1758379132
|move|p1a: Aura|Dragon Claw|p2a: Gliscor
|-damage|p2a: Gliscor|0 fnt
|faint|p2a: Gliscor
|-ability|p1a: Aura|Moxie|boost
|-boost|p1a: Aura|atk|1
|
|upkeep
|
|t:|1758379138
|switch|p2a: Incineroar|Incineroar, M|100/100
|-damage|p2a: Incineroar|76/100|[from] Stealth Rock
|-ability|p2a: Incineroar|Intimidate|boost
|-unboost|p1a: Aura|atk|1
|turn|18
|
|t:|1758379160
|move|p2a: Incineroar|Fake Out|p1a: Aura
|-damage|p1a: Aura|22/100
|move|p1a: Aura|Earthquake|p2a: Incineroar
|-supereffective|p2a: Incineroar
|-damage|p2a: Incineroar|0 fnt
|faint|p2a: Incineroar
|-ability|p1a: Aura|Moxie|boost
|-boost|p1a: Aura|atk|1
|
|upkeep
|inactive|ControllerChaosYT has 120 seconds left.
|c|☆ControllerChaosYT|bruh i used fake out ur literally should flinch ur a hacker
|
|t:|1758379196
|switch|p2a: Tentacruel|Tentacruel, F, shiny|30/100
|-damage|p2a: Tentacruel|18/100|[from] Stealth Rock
|turn|19
|
|t:|1758379201
|move|p2a: Tentacruel|Protect|p2a: Tentacruel
|-singleturn|p2a: Tentacruel|Protect
|move|p1a: Aura|Dragon Claw|p2a: Tentacruel
|-activate|p2a: Tentacruel|move: Protect
|
|-heal|p2a: Tentacruel|24/100|[from] item: Black Sludge
|upkeep
|turn|20
|
|t:|1758379208
|move|p1a: Aura|Dragon Claw|p2a: Tentacruel
|-damage|p2a: Tentacruel|0 fnt
|faint|p2a: Tentacruel
|-ability|p1a: Aura|Moxie|boost
|-boost|p1a: Aura|atk|1
|
|upkeep
|
|t:|1758379213
|switch|p2a: Meowscarada|Meowscarada, M, shiny|100/100
|-damage|p2a: Meowscarada|88/100|[from] Stealth Rock
|turn|21
|c|☆MAGAboominGOOCH|Lol i have a Covert Cloak on my Salamence
|c|☆ControllerChaosYT|bruh
|c|☆MAGAboominGOOCH|ye lmao
|inactive|MAGAboominGOOCH has 120 seconds left.
|
|t:|1758379254
|move|p1a: Aura|Dragon Claw|p2a: Meowscarada
|-damage|p2a: Meowscarada|0 fnt
|faint|p2a: Meowscarada
|
|win|MAGAboominGOOCH
|raw|MAGAboominGOOCH's rating: 1083 &rarr; <strong>1108</strong><br />(+25 for winning)
|raw|ControllerChaosYT's rating: 1056 &rarr; <strong>1039</strong><br />(-17 for losing)
|c|☆MAGAboominGOOCH|gg
|c|☆MAGAboominGOOCH|protect me
|c|☆ControllerChaosYT|this is so weird i have never used a salamnece
|c|☆ControllerChaosYT|ggs
|l|☆ControllerChaosYT
|player|p2|
