|j|☆Jon Mateo
|j|☆Maple_Mudkip
|t:|1758299718
|gametype|singles
|player|p1|Jon Mateo|265|1372
|player|p2|Maple_Mudkip|colress|1392
|gen|9
|tier|[Gen 9] OU
|rated|
|rule|HP Percentage Mod: HP is shown in percentages
|rule|Endless Battle Clause: Forcing endless battles is banned
|rule|Species Clause: Limit one of each Pokémon
|rule|OHKO Clause: OHKO moves are banned
|rule|Evasion Items Clause: Evasion items are banned
|rule|Evasion Moves Clause: Evasion moves are banned
|rule|Evasion Abilities Clause: Evasion abilities are banned
|rule|Sleep Moves Clause: Sleep-inducing moves are banned
|clearpoke
|poke|p1|Ceruledge, M|
|poke|p1|Lokix, F|
|poke|p1|Quaquaval, F|
|poke|p1|Gardevoir, F|
|poke|p1|Garchomp, F|
|poke|p1|Rotom-Frost|
|poke|p2|Regidrago|
|poke|p2|Jirachi|
|poke|p2|Iron Treads|
|poke|p2|Landorus-Therian, M|
|poke|p2|Samurott-Hisui, M|
|poke|p2|Pecharunt|
|teampreview
|inactive|Battle timer is ON: inactive players will automatically lose when time's up. (requested by Maple_Mudkip)
|
|t:|1758299745
|teamsize|p1|6
|teamsize|p2|6
|start
|switch|p1a: Rotom|Rotom-Frost|100/100
|switch|p2a: Pecharunt|Pecharunt|100/100
|turn|1
|
|t:|1758299752
|move|p1a: Rotom|Thunderbolt|p2a: Pecharunt
|-damage|p2a: Pecharunt|58/100
|move|p2a: Pecharunt|Malignant Chain|p1a: Rotom
|-damage|p1a: Rotom|48/100
|-status|p1a: Rotom|tox
|-start|p1a: Rotom|confusion|[from] ability: Poison Puppeteer|[of] p2a: Pecharunt
|
|-heal|p2a: Pecharunt|64/100|[from] item: Leftovers
|-damage|p1a: Rotom|42/100 tox|[from] psn
|upkeep
|turn|2
|
|t:|1758299767
|switch|p1a: Lokix|Lokix, F|100/100
|move|p2a: Pecharunt|Parting Shot|p1a: Lokix
|-unboost|p1a: Lokix|atk|1
|-unboost|p1a: Lokix|spa|1
|
|t:|1758299775
|switch|p2a: Landorus|Landorus-Therian, M|100/100|[from] Parting Shot
|-ability|p2a: Landorus|Intimidate|boost
|-unboost|p1a: Lokix|atk|1
|
|upkeep
|turn|3
|
|t:|1758299786
|move|p2a: Landorus|Earthquake|p1a: Lokix
|-resisted|p1a: Lokix
|-crit|p1a: Lokix
|-damage|p1a: Lokix|23/100
|-enditem|p1a: Lokix|Sitrus Berry|[eat]
|-heal|p1a: Lokix|47/100|[from] item: Sitrus Berry
|-damage|p2a: Landorus|91/100|[from] item: Life Orb
|move|p1a: Lokix|U-turn|p2a: Landorus
|-resisted|p2a: Landorus
|-damage|p2a: Landorus|72/100
|
|t:|1758299792
|switch|p1a: Quaquaval|Quaquaval, F|100/100|[from] U-turn
|
|upkeep
|turn|4
|
|t:|1758299801
|move|p1a: Quaquaval|Aqua Jet|p2a: Landorus
|-supereffective|p2a: Landorus
|-damage|p2a: Landorus|0 fnt
|faint|p2a: Landorus
|-ability|p1a: Quaquaval|Moxie|boost
|-boost|p1a: Quaquaval|atk|1
|
|upkeep
|
|t:|1758299816
|switch|p2a: Regidrago|Regidrago|100/100
|turn|5
|
|t:|1758299827
|switch|p1a: Rotom|Rotom-Frost|42/100 tox
|move|p2a: Regidrago|Dragon Energy|p1a: Rotom
|-damage|p1a: Rotom|0 fnt
|faint|p1a: Rotom
|
|upkeep
|
|t:|1758299836
|switch|p1a: Lokix|Lokix, F|47/100
|turn|6
|
|t:|1758299841
|move|p1a: Lokix|First Impression|p2a: Regidrago
|-damage|p2a: Regidrago|56/100
|move|p2a: Regidrago|Dragon Energy|p1a: Lokix
|-damage|p1a: Lokix|0 fnt
|faint|p1a: Lokix
|
|upkeep
|
|t:|1758299849
|switch|p1a: Quaquaval|Quaquaval, F|100/100
|turn|7
|
|t:|1758299855
|switch|p2a: Pecharunt|Pecharunt|64/100
|move|p1a: Quaquaval|Aqua Step|p2a: Pecharunt
|-damage|p2a: Pecharunt|24/100
|-boost|p1a: Quaquaval|spe|1
|
|-heal|p2a: Pecharunt|30/100|[from] item: Leftovers
|upkeep
|turn|8
|
|t:|1758299864
|move|p1a: Quaquaval|Aqua Step|p2a: Pecharunt
|-damage|p2a: Pecharunt|0 fnt
|-boost|p1a: Quaquaval|spe|1
|faint|p2a: Pecharunt
|-ability|p1a: Quaquaval|Moxie|boost
|-boost|p1a: Quaquaval|atk|1
|
|upkeep
|
|t:|1758299878
|switch|p2a: Regidrago|Regidrago|56/100
|turn|9
|
|t:|1758299884
|move|p1a: Quaquaval|Aqua Step|p2a: Regidrago
|-resisted|p2a: Regidrago
|-damage|p2a: Regidrago|5/100
|-boost|p1a: Quaquaval|spe|1
|move|p2a: Regidrago|Draco Meteor|p1a: Quaquaval
|-damage|p1a: Quaquaval|0 fnt
|-unboost|p2a: Regidrago|spa|2
|faint|p1a: Quaquaval
|
|upkeep
|
|t:|1758299898
|switch|p1a: Ceruledge|Ceruledge, M|100/100
|turn|10
|
|t:|1758299903
|switch|p2a: Samurott|Samurott-Hisui, M|100/100
|move|p1a: Ceruledge|Swords Dance|p1a: Ceruledge
|-boost|p1a: Ceruledge|atk|2
|
|upkeep
|turn|11
|
|t:|1758299911
|-terastallize|p1a: Ceruledge|Fire
|move|p2a: Samurott|Ceaseless Edge|p1a: Ceruledge
|-damage|p1a: Ceruledge|48/100
|-ability|p1a: Ceruledge|Weak Armor|boost
|-unboost|p1a: Ceruledge|def|1
|-boost|p1a: Ceruledge|spe|2
|-sidestart|p1: Jon Mateo|Spikes
|move|p1a: Ceruledge|Bitter Blade|p2a: Samurott
|-resisted|p2a: Samurott
|-damage|p2a: Samurott|0 fnt
|-heal|p1a: Ceruledge|100/100|[from] drain|[of] p2a: Samurott
|faint|p2a: Samurott
|-damage|p1a: Ceruledge|91/100|[from] item: Life Orb
|
|upkeep
|c|☆Maple_Mudkip|gg
|
|t:|1758299936
|switch|p2a: Jirachi|Jirachi|100/100
|turn|12
|
|t:|1758299942
|move|p1a: Ceruledge|Bitter Blade|p2a: Jirachi
|-supereffective|p2a: Jirachi
|-damage|p2a: Jirachi|0 fnt
|-heal|p1a: Ceruledge|100/100|[from] drain|[of] p2a: Jirachi
|faint|p2a: Jirachi
|-damage|p1a: Ceruledge|91/100|[from] item: Life Orb
|
|upkeep
|
|t:|1758299949
|switch|p2a: Iron Treads|Iron Treads|100/100
|-item|p2a: Iron Treads|Air Balloon
|turn|13
|
|t:|1758299954
|move|p1a: Ceruledge|Bitter Blade|p2a: Iron Treads
|-supereffective|p2a: Iron Treads
|-damage|p2a: Iron Treads|0 fnt
|-heal|p1a: Ceruledge|100/100|[from] drain|[of] p2a: Iron Treads
|-enditem|p2a: Iron Treads|Air Balloon
|faint|p2a: Iron Treads
|-end|p2a: Iron Treads|Quark Drive|[silent]
|-damage|p1a: Ceruledge|91/100|[from] item: Life Orb
|
|upkeep
|c|☆Jon Mateo|gg
|
|t:|1758299961
|switch|p2a: Regidrago|Regidrago|5/100
|turn|14
|
|t:|1758299965
|move|p1a: Ceruledge|Shadow Sneak|p2a: Regidrago
|-damage|p2a: Regidrago|0 fnt
|faint|p2a: Regidrago
|-damage|p1a: Ceruledge|81/100|[from] item: Life Orb
|
|win|Jon Mateo
|raw|Jon Mateo's rating: 1372 &rarr; <strong>1393</strong><br />(+21 for winning)
|raw|Maple_Mudkip's rating: 1392 &rarr; <strong>1371</strong><br />(-21 for losing)
|l|☆Jon Mateo
|player|p1|
|l|☆Maple_Mudkip
|player|p2|
