|j|☆CCL0611
|j|☆Tenative Tentacles
|t:|1758232769
|gametype|singles
|player|p1|CCL0611|169|1099
|player|p2|Tenative Tentacles|1|1111
|gen|9
|tier|[Gen 9] OU
|rated|
|rule|HP Percentage Mod: HP is shown in percentages
|rule|Endless Battle Clause: Forcing endless battles is banned
|rule|Species Clause: Limit one of each Pokémon
|rule|OHKO Clause: OHKO moves are banned
|rule|Evasion Items Clause: Evasion items are banned
|rule|Evasion Moves Clause: Evasion moves are banned
|rule|Evasion Abilities Clause: Evasion abilities are banned
|rule|Sleep Moves Clause: Sleep-inducing moves are banned
|clearpoke
|poke|p1|Gholdengo|
|poke|p1|Kingdra, F|
|poke|p1|Rhyperior, M|
|poke|p1|Jolteon, F|
|poke|p1|Rotom-Wash|
|poke|p1|Tornadus, M|
|poke|p2|Slowking-Galar, M|
|poke|p2|Rillaboom, F|
|poke|p2|Gliscor, M|
|poke|p2|Kyurem|
|poke|p2|Moltres|
|poke|p2|Okidogi, M|
|teampreview
|
|t:|1758232789
|teamsize|p1|6
|teamsize|p2|6
|start
|switch|p1a: Gholdengo|Gholdengo|100/100
|switch|p2a: Gliscor|Gliscor, M|100/100
|turn|1
|
|t:|1758232797
|move|p2a: Gliscor|Spikes|p1a: Gholdengo
|-sidestart|p1: CCL0611|Spikes
|move|p1a: Gholdengo|Reflect|p1a: Gholdengo
|-sidestart|p1: CCL0611|Reflect
|
|-status|p2a: Gliscor|tox|[from] item: Toxic Orb
|upkeep
|turn|2
|
|t:|1758232804
|move|p2a: Gliscor|Knock Off|p1a: Gholdengo
|-supereffective|p1a: Gholdengo
|-damage|p1a: Gholdengo|79/100
|-enditem|p1a: Gholdengo|Light Clay|[from] move: Knock Off|[of] p2a: Gliscor
|move|p1a: Gholdengo|Light Screen|p1a: Gholdengo
|-sidestart|p1: CCL0611|move: Light Screen
|
|upkeep
|turn|3
|
|t:|1758232811
|switch|p1a: Rotom|Rotom-Wash|100/100
|move|p2a: Gliscor|Spikes|p1a: Rotom
|-sidestart|p1: CCL0611|Spikes
|
|upkeep
|turn|4
|
|t:|1758232822
|switch|p2a: Rillaboom|Rillaboom, F|100/100
|-fieldstart|move: Grassy Terrain|[from] ability: Grassy Surge|[of] p2a: Rillaboom
|move|p1a: Rotom|Substitute|p1a: Rotom
|-start|p1a: Rotom|Substitute
|-damage|p1a: Rotom|75/100
|
|-heal|p1a: Rotom|82/100|[from] item: Leftovers
|upkeep
|turn|5
|
|t:|1758232853
|switch|p2a: Kyurem|Kyurem|100/100
|-ability|p2a: Kyurem|Pressure
|move|p1a: Rotom|Discharge|p2a: Kyurem
|-resisted|p2a: Kyurem
|-damage|p2a: Kyurem|88/100
|
|-heal|p2a: Kyurem|94/100|[from] Grassy Terrain
|-heal|p2a: Kyurem|100/100|[from] item: Leftovers
|-heal|p1a: Rotom|88/100|[from] item: Leftovers
|upkeep
|turn|6
|
|t:|1758232868
|move|p2a: Kyurem|Substitute|p2a: Kyurem
|-start|p2a: Kyurem|Substitute
|-damage|p2a: Kyurem|75/100
|move|p1a: Rotom|Hydro Pump|p2a: Kyurem
|-resisted|p2a: Kyurem
|-activate|p2a: Kyurem|move: Substitute|[damage]
|
|-heal|p2a: Kyurem|82/100|[from] Grassy Terrain
|-heal|p2a: Kyurem|88/100|[from] item: Leftovers
|-heal|p1a: Rotom|94/100|[from] item: Leftovers
|-sideend|p1: CCL0611|move: Light Screen
|upkeep
|turn|7
|
|t:|1758232879
|move|p2a: Kyurem|Protect|p2a: Kyurem
|-singleturn|p2a: Kyurem|Protect
|move|p1a: Rotom|Discharge|p2a: Kyurem
|-activate|p2a: Kyurem|move: Protect
|
|-heal|p2a: Kyurem|94/100|[from] Grassy Terrain
|-heal|p2a: Kyurem|99/100|[from] item: Leftovers
|-heal|p1a: Rotom|100/100|[from] item: Leftovers
|upkeep
|turn|8
|
|t:|1758232889
|move|p2a: Kyurem|Freeze-Dry|p1a: Rotom
|-supereffective|p1a: Rotom
|-end|p1a: Rotom|Substitute
|move|p1a: Rotom|Discharge|p2a: Kyurem
|-resisted|p2a: Kyurem
|-end|p2a: Kyurem|Substitute
|
|-heal|p2a: Kyurem|100/100|[from] Grassy Terrain
|-sideend|p1: CCL0611|Reflect
|-fieldend|move: Grassy Terrain
|upkeep
|turn|9
|
|t:|1758232903
|switch|p1a: Gholdengo|Gholdengo|79/100
|-damage|p1a: Gholdengo|63/100|[from] Spikes
|move|p2a: Kyurem|Substitute|p2a: Kyurem
|-start|p2a: Kyurem|Substitute
|-damage|p2a: Kyurem|75/100
|
|-heal|p2a: Kyurem|82/100|[from] item: Leftovers
|upkeep
|turn|10
|
|t:|1758232915
|move|p2a: Kyurem|Earth Power|p1a: Gholdengo
|-supereffective|p1a: Gholdengo
|-damage|p1a: Gholdengo|23/100
|move|p1a: Gholdengo|Light Screen|p1a: Gholdengo
|-sidestart|p1: CCL0611|move: Light Screen
|
|-heal|p2a: Kyurem|88/100|[from] item: Leftovers
|upkeep
|turn|11
|
|t:|1758232925
|move|p2a: Kyurem|Freeze-Dry|p1a: Gholdengo
|-resisted|p1a: Gholdengo
|-damage|p1a: Gholdengo|17/100
|move|p1a: Gholdengo|Make It Rain|p2a: Kyurem
|-supereffective|p2a: Kyurem
|-end|p2a: Kyurem|Substitute
|-unboost|p1a: Gholdengo|spa|1
|
|-heal|p2a: Kyurem|94/100|[from] item: Leftovers
|upkeep
|turn|12
|
|t:|1758232936
|move|p2a: Kyurem|Substitute|p2a: Kyurem
|-start|p2a: Kyurem|Substitute
|-damage|p2a: Kyurem|69/100
|move|p1a: Gholdengo|Make It Rain|p2a: Kyurem
|-supereffective|p2a: Kyurem
|-end|p2a: Kyurem|Substitute
|-unboost|p1a: Gholdengo|spa|1
|
|-heal|p2a: Kyurem|75/100|[from] item: Leftovers
|upkeep
|turn|13
|
|t:|1758232948
|switch|p1a: Jolteon|Jolteon, F|100/100
|-damage|p1a: Jolteon|84/100|[from] Spikes
|move|p2a: Kyurem|Protect||[still]
|-fail|p2a: Kyurem
|
|-heal|p2a: Kyurem|81/100|[from] item: Leftovers
|upkeep
|turn|14
|
|t:|1758232968
|switch|p2a: Okidogi|Okidogi, M|100/100
|move|p1a: Jolteon|Alluring Voice|p2a: Okidogi
|-damage|p2a: Okidogi|82/100
|
|-heal|p2a: Okidogi|88/100|[from] item: Leftovers
|-sideend|p1: CCL0611|move: Light Screen
|upkeep
|turn|15
|
|t:|1758232980
|switch|p1a: Rhyperior|Rhyperior, M|100/100
|-damage|p1a: Rhyperior|84/100|[from] Spikes
|move|p2a: Okidogi|Knock Off|p1a: Rhyperior
|-damage|p1a: Rhyperior|66/100
|-enditem|p1a: Rhyperior|Choice Band|[from] move: Knock Off|[of] p2a: Okidogi
|
|-heal|p2a: Okidogi|94/100|[from] item: Leftovers
|upkeep
|turn|16
|
|t:|1758232998
|switch|p2a: Gliscor|Gliscor, M|100/100 tox
|move|p1a: Rhyperior|Earthquake|p2a: Gliscor
|-immune|p2a: Gliscor
|
|upkeep
|turn|17
|
|t:|1758233007
|switch|p1a: Rotom|Rotom-Wash|100/100
|move|p2a: Gliscor|Toxic|p1a: Rotom
|-status|p1a: Rotom|tox
|
|-damage|p1a: Rotom|94/100 tox|[from] psn
|upkeep
|turn|18
|
|t:|1758233017
|switch|p2a: Slowking|Slowking-Galar, M|100/100
|move|p1a: Rotom|Hydro Pump|p2a: Slowking|[miss]
|-miss|p1a: Rotom|p2a: Slowking
|
|-heal|p1a: Rotom|100/100 tox|[from] item: Leftovers
|-damage|p1a: Rotom|88/100 tox|[from] psn
|upkeep
|turn|19
|
|t:|1758233027
|move|p1a: Rotom|Nasty Plot|p1a: Rotom
|-boost|p1a: Rotom|spa|2
|-prepare|p2a: Slowking|Chilly Reception|[premajor]
|move|p2a: Slowking|Chilly Reception|p2a: Slowking
|-weather|Snowscape
|
|t:|1758233039
|switch|p2a: Kyurem|Kyurem|81/100|[from] Chilly Reception
|-ability|p2a: Kyurem|Pressure
|
|-weather|Snowscape|[upkeep]
|-heal|p2a: Kyurem|88/100|[from] item: Leftovers
|-heal|p1a: Rotom|94/100 tox|[from] item: Leftovers
|-damage|p1a: Rotom|75/100 tox|[from] psn
|upkeep
|turn|20
|
|t:|1758233051
|move|p2a: Kyurem|Protect|p2a: Kyurem
|-singleturn|p2a: Kyurem|Protect
|move|p1a: Rotom|Discharge|p2a: Kyurem
|-activate|p2a: Kyurem|move: Protect
|
|-weather|Snowscape|[upkeep]
|-heal|p2a: Kyurem|94/100|[from] item: Leftovers
|-heal|p1a: Rotom|82/100 tox|[from] item: Leftovers
|-damage|p1a: Rotom|57/100 tox|[from] psn
|upkeep
|turn|21
|-message|CCL0611 forfeited.
|
|win|Tenative Tentacles
|raw|CCL0611's rating: 1099 &rarr; <strong>1075</strong><br />(-24 for losing)
|raw|Tenative Tentacles's rating: 1111 &rarr; <strong>1135</strong><br />(+24 for winning)
|l|☆CCL0611
|player|p1|
