|j|☆Trumpismessiah
|j|☆Durianelitemandem
|t:|1758243864
|gametype|singles
|player|p1|Trumpismessiah|102|1337
|player|p2|Durianelitemandem|lucas|1370
|gen|9
|tier|[Gen 9] OU
|rated|
|rule|HP Percentage Mod: HP is shown in percentages
|rule|Endless Battle Clause: Forcing endless battles is banned
|rule|Species Clause: Limit one of each Pokémon
|rule|OHKO Clause: OHKO moves are banned
|rule|Evasion Items Clause: Evasion items are banned
|rule|Evasion Moves Clause: Evasion moves are banned
|rule|Evasion Abilities Clause: Evasion abilities are banned
|rule|Sleep Moves Clause: Sleep-inducing moves are banned
|clearpoke
|poke|p1|Snorlax, F|
|poke|p1|Gengar, F|
|poke|p1|Moltres|
|poke|p1|Vileplume, F|
|poke|p1|Vaporeon, F|
|poke|p1|Tauros, M|
|poke|p2|Latios, M|
|poke|p2|Meowscarada, M|
|poke|p2|Cinderace, F|
|poke|p2|Pecharunt|
|poke|p2|Ting-Lu|
|poke|p2|Great Tusk|
|teampreview
|inactive|Battle timer is ON: inactive players will automatically lose when time's up. (requested by Durianelitemandem)
|
|t:|1758243869
|teamsize|p1|6
|teamsize|p2|6
|start
|switch|p1a: Gengar|Gengar, F|100/100
|switch|p2a: Latios|Latios, M|100/100
|turn|1
|
|t:|1758243872
|move|p1a: Gengar|Shadow Ball|p2a: Latios
|-supereffective|p2a: Latios
|-damage|p2a: Latios|9/100
|move|p2a: Latios|Luster Purge|p1a: Gengar
|-supereffective|p1a: Gengar
|-enditem|p1a: Gengar|Focus Sash
|-damage|p1a: Gengar|1/100
|
|upkeep
|turn|2
|
|t:|1758243880
|switch|p2a: Ting-Lu|Ting-Lu|100/100
|-ability|p2a: Ting-Lu|Vessel of Ruin
|move|p1a: Gengar|Icy Wind|p2a: Ting-Lu
|-supereffective|p2a: Ting-Lu
|-damage|p2a: Ting-Lu|86/100
|-unboost|p2a: Ting-Lu|spe|1
|
|-heal|p2a: Ting-Lu|92/100|[from] item: Leftovers
|upkeep
|turn|3
|
|t:|1758243885
|move|p1a: Gengar|Focus Blast|p2a: Ting-Lu
|-supereffective|p2a: Ting-Lu
|-damage|p2a: Ting-Lu|57/100
|move|p2a: Ting-Lu|Stealth Rock|p1a: Gengar
|-sidestart|p1: Trumpismessiah|move: Stealth Rock
|
|-heal|p2a: Ting-Lu|64/100|[from] item: Leftovers
|upkeep
|turn|4
|
|t:|1758243889
|move|p1a: Gengar|Focus Blast|p2a: Ting-Lu
|-supereffective|p2a: Ting-Lu
|-damage|p2a: Ting-Lu|29/100
|move|p2a: Ting-Lu|Spikes|p1a: Gengar
|-sidestart|p1: Trumpismessiah|Spikes
|
|-heal|p2a: Ting-Lu|35/100|[from] item: Leftovers
|upkeep
|turn|5
|
|t:|1758243894
|move|p1a: Gengar|Focus Blast|p2a: Ting-Lu
|-supereffective|p2a: Ting-Lu
|-damage|p2a: Ting-Lu|2/100
|move|p2a: Ting-Lu|Whirlwind|p1a: Gengar
|drag|p1a: Tauros|Tauros, M|100/100
|-damage|p1a: Tauros|88/100|[from] Stealth Rock
|-damage|p1a: Tauros|76/100|[from] Spikes
|
|-heal|p2a: Ting-Lu|8/100|[from] item: Leftovers
|upkeep
|turn|6
|
|t:|1758243900
|move|p1a: Tauros|Throat Chop|p2a: Ting-Lu
|-resisted|p2a: Ting-Lu
|-damage|p2a: Ting-Lu|0 fnt
|faint|p2a: Ting-Lu
|
|upkeep
|
|t:|1758243907
|switch|p2a: Cinderace|Cinderace, F|100/100
|turn|7
|
|t:|1758243911
|move|p2a: Cinderace|U-turn|p1a: Tauros
|-start|p2a: Cinderace|typechange|Bug|[from] ability: Libero
|-damage|p1a: Tauros|8/100
|
|t:|1758243915
|switch|p2a: Pecharunt|Pecharunt|100/100|[from] U-turn
|-item|p2a: Pecharunt|Air Balloon
|move|p1a: Tauros|Body Slam|p2a: Pecharunt
|-immune|p2a: Pecharunt
|
|upkeep
|turn|8
|
|t:|1758243922
|switch|p2a: Meowscarada|Meowscarada, M|100/100
|move|p1a: Tauros|Throat Chop|p2a: Meowscarada
|-resisted|p2a: Meowscarada
|-damage|p2a: Meowscarada|65/100
|
|upkeep
|turn|9
|
|t:|1758243924
|move|p2a: Meowscarada|U-turn|p1a: Tauros
|-start|p2a: Meowscarada|typechange|Bug|[from] ability: Protean
|-damage|p1a: Tauros|0 fnt
|faint|p1a: Tauros
|
|t:|1758243933
|switch|p2a: Latios|Latios, M|9/100|[from] U-turn
|
|upkeep
|
|t:|1758243934
|switch|p1a: Vaporeon|Vaporeon, F|100/100
|-damage|p1a: Vaporeon|88/100|[from] Stealth Rock
|-damage|p1a: Vaporeon|75/100|[from] Spikes
|turn|10
|
|t:|1758243941
|move|p1a: Vaporeon|Protect|p1a: Vaporeon
|-singleturn|p1a: Vaporeon|Protect
|move|p2a: Latios|Draco Meteor|p1a: Vaporeon
|-activate|p1a: Vaporeon|move: Protect
|
|-heal|p1a: Vaporeon|82/100|[from] item: Leftovers
|upkeep
|turn|11
|
|t:|1758243947
|switch|p2a: Meowscarada|Meowscarada, M|65/100
|move|p1a: Vaporeon|Scald|p2a: Meowscarada
|-resisted|p2a: Meowscarada
|-crit|p2a: Meowscarada
|-damage|p2a: Meowscarada|32/100
|
|-heal|p1a: Vaporeon|88/100|[from] item: Leftovers
|upkeep
|turn|12
|
|t:|1758243952
|move|p1a: Vaporeon|Protect|p1a: Vaporeon
|-singleturn|p1a: Vaporeon|Protect
|move|p2a: Meowscarada|Trick|p1a: Vaporeon
|-start|p2a: Meowscarada|typechange|Psychic|[from] ability: Protean
|-activate|p1a: Vaporeon|move: Protect
|
|-heal|p1a: Vaporeon|94/100|[from] item: Leftovers
|upkeep
|turn|13
|
|t:|1758243977
|switch|p1a: Gengar|Gengar, F|1/100
|-damage|p1a: Gengar|0 fnt|[from] Stealth Rock
|faint|p1a: Gengar
|move|p2a: Meowscarada|Trick|p1: Gengar|[notarget]
|-fail|p2a: Meowscarada
|
|upkeep
|
|t:|1758243984
|switch|p1a: Moltres|Moltres|100/100
|turn|14
|
|t:|1758243987
|move|p2a: Meowscarada|Trick|p1a: Moltres
|-activate|p2a: Meowscarada|move: Trick|[of] p1a: Moltres
|-item|p1a: Moltres|Choice Scarf|[from] move: Trick
|-item|p2a: Meowscarada|Heavy-Duty Boots|[from] move: Trick
|move|p1a: Moltres|U-turn|p2a: Meowscarada
|-supereffective|p2a: Meowscarada
|-damage|p2a: Meowscarada|0 fnt
|faint|p2a: Meowscarada
|
|t:|1758243998
|switch|p1a: Vaporeon|Vaporeon, F|94/100|[from] U-turn
|-damage|p1a: Vaporeon|82/100|[from] Stealth Rock
|-damage|p1a: Vaporeon|69/100|[from] Spikes
|
|-heal|p1a: Vaporeon|75/100|[from] item: Leftovers
|upkeep
|
|t:|1758244007
|switch|p2a: Cinderace|Cinderace, F|100/100
|turn|15
|
|t:|1758244010
|move|p1a: Vaporeon|Protect|p1a: Vaporeon
|-singleturn|p1a: Vaporeon|Protect
|move|p2a: Cinderace|U-turn|p1a: Vaporeon
|-start|p2a: Cinderace|typechange|Bug|[from] ability: Libero
|-activate|p1a: Vaporeon|move: Protect
|
|-heal|p1a: Vaporeon|82/100|[from] item: Leftovers
|upkeep
|turn|16
|
|t:|1758244017
|move|p2a: Cinderace|U-turn|p1a: Vaporeon
|-damage|p1a: Vaporeon|30/100
|
|t:|1758244021
|switch|p2a: Pecharunt|Pecharunt|100/100|[from] U-turn
|-item|p2a: Pecharunt|Air Balloon
|move|p1a: Vaporeon|Wish|p1a: Vaporeon
|
|-heal|p1a: Vaporeon|37/100|[from] item: Leftovers
|upkeep
|turn|17
|
|t:|1758244029
|move|p1a: Vaporeon|Protect|p1a: Vaporeon
|-singleturn|p1a: Vaporeon|Protect
|move|p2a: Pecharunt|Shadow Ball|p1a: Vaporeon
|-activate|p1a: Vaporeon|move: Protect
|
|-heal|p1a: Vaporeon|87/100|[from] move: Wish|[wisher] Vaporeon
|-heal|p1a: Vaporeon|93/100|[from] item: Leftovers
|upkeep
|turn|18
|
|t:|1758244034
|move|p2a: Pecharunt|Shadow Ball|p1a: Vaporeon
|-damage|p1a: Vaporeon|78/100
|-unboost|p1a: Vaporeon|spd|1
|move|p1a: Vaporeon|Shadow Ball|p2a: Pecharunt
|-supereffective|p2a: Pecharunt
|-damage|p2a: Pecharunt|63/100
|-unboost|p2a: Pecharunt|spd|1
|-enditem|p2a: Pecharunt|Air Balloon
|
|-heal|p1a: Vaporeon|84/100|[from] item: Leftovers
|upkeep
|turn|19
|
|t:|1758244045
|move|p2a: Pecharunt|Malignant Chain|p1a: Vaporeon
|-damage|p1a: Vaporeon|58/100
|-status|p1a: Vaporeon|tox
|-start|p1a: Vaporeon|confusion|[from] ability: Poison Puppeteer|[of] p2a: Pecharunt
|-activate|p1a: Vaporeon|confusion
|move|p1a: Vaporeon|Shadow Ball|p2a: Pecharunt
|-supereffective|p2a: Pecharunt
|-damage|p2a: Pecharunt|0 fnt
|faint|p2a: Pecharunt
|
|-heal|p1a: Vaporeon|65/100 tox|[from] item: Leftovers
|-damage|p1a: Vaporeon|58/100 tox|[from] psn
|upkeep
|
|t:|1758244061
|switch|p2a: Cinderace|Cinderace, F|100/100
|turn|20
|
|t:|1758244064
|switch|p1a: Moltres|Moltres|100/100
|-damage|p1a: Moltres|51/100|[from] Stealth Rock
|move|p2a: Cinderace|U-turn|p1a: Moltres
|-start|p2a: Cinderace|typechange|Bug|[from] ability: Libero
|-resisted|p1a: Moltres
|-damage|p1a: Moltres|41/100
|
|t:|1758244073
|switch|p2a: Great Tusk|Great Tusk|100/100|[from] U-turn
|
|upkeep
|turn|21
|
|t:|1758244077
|move|p1a: Moltres|Will-O-Wisp|p2a: Great Tusk
|-status|p2a: Great Tusk|brn
|move|p2a: Great Tusk|Rapid Spin|p1a: Moltres
|-damage|p1a: Moltres|35/100
|-boost|p2a: Great Tusk|spe|1
|
|-damage|p2a: Great Tusk|94/100 brn|[from] brn
|upkeep
|turn|22
|
|t:|1758244084
|switch|p1a: Vileplume|Vileplume, F|100/100
|-damage|p1a: Vileplume|88/100|[from] Stealth Rock
|-damage|p1a: Vileplume|76/100|[from] Spikes
|move|p2a: Great Tusk|Ice Spinner|p1a: Vileplume
|-supereffective|p1a: Vileplume
|-damage|p1a: Vileplume|52/100
|-damage|p2a: Great Tusk|78/100 brn|[from] item: Rocky Helmet|[of] p1a: Vileplume
|
|-damage|p2a: Great Tusk|72/100 brn|[from] brn
|upkeep
|turn|23
|
|t:|1758244092
|move|p2a: Great Tusk|Ice Spinner|p1a: Vileplume
|-supereffective|p1a: Vileplume
|-damage|p1a: Vileplume|32/100
|-damage|p2a: Great Tusk|55/100 brn|[from] item: Rocky Helmet|[of] p1a: Vileplume
|move|p1a: Vileplume|Strength Sap|p2a: Great Tusk
|-unboost|p2a: Great Tusk|atk|1
|-heal|p1a: Vileplume|100/100
|
|-damage|p2a: Great Tusk|49/100 brn|[from] brn
|upkeep
|turn|24
|
|t:|1758244097
|move|p2a: Great Tusk|Headlong Rush|p1a: Vileplume
|-damage|p1a: Vileplume|85/100
|-unboost|p2a: Great Tusk|def|1
|-unboost|p2a: Great Tusk|spd|1
|-damage|p2a: Great Tusk|33/100 brn|[from] item: Rocky Helmet|[of] p1a: Vileplume
|move|p1a: Vileplume|Sludge Bomb|p2a: Great Tusk
|-resisted|p2a: Great Tusk
|-damage|p2a: Great Tusk|0 fnt
|faint|p2a: Great Tusk
|-end|p2a: Great Tusk|Protosynthesis|[silent]
|
|upkeep
|
|t:|1758244105
|switch|p2a: Latios|Latios, M|9/100
|turn|25
|
|t:|1758244107
|switch|p1a: Moltres|Moltres|35/100
|-damage|p1a: Moltres|0 fnt|[from] Stealth Rock
|faint|p1a: Moltres
|move|p2a: Latios|Luster Purge|p1: Moltres|[notarget]
|-fail|p2a: Latios
|
|upkeep
|
|t:|1758244109
|switch|p1a: Snorlax|Snorlax, F|100/100
|-damage|p1a: Snorlax|88/100|[from] Stealth Rock
|-damage|p1a: Snorlax|76/100|[from] Spikes
|turn|26
|
|t:|1758244115
|switch|p2a: Cinderace|Cinderace, F|100/100
|move|p1a: Snorlax|Body Slam|p2a: Cinderace
|-damage|p2a: Cinderace|43/100
|-status|p2a: Cinderace|par
|
|upkeep
|turn|27
|
|t:|1758244123
|switch|p1a: Vaporeon|Vaporeon, F|58/100 tox
|-damage|p1a: Vaporeon|46/100 tox|[from] Stealth Rock
|-damage|p1a: Vaporeon|33/100 tox|[from] Spikes
|move|p2a: Cinderace|U-turn|p1a: Vaporeon
|-start|p2a: Cinderace|typechange|Bug|[from] ability: Libero
|-damage|p1a: Vaporeon|0 fnt
|faint|p1a: Vaporeon
|
|t:|1758244131
|switch|p2a: Latios|Latios, M|9/100|[from] U-turn
|
|upkeep
|
|t:|1758244132
|switch|p1a: Snorlax|Snorlax, F|76/100
|-damage|p1a: Snorlax|63/100|[from] Stealth Rock
|-damage|p1a: Snorlax|51/100|[from] Spikes
|turn|28
|
|t:|1758244141
|move|p2a: Latios|Draco Meteor|p1a: Snorlax
|-damage|p1a: Snorlax|0 fnt
|-unboost|p2a: Latios|spa|2
|faint|p1a: Snorlax
|
|upkeep
|
|t:|1758244144
|switch|p1a: Vileplume|Vileplume, F|85/100
|-damage|p1a: Vileplume|73/100|[from] Stealth Rock
|-damage|p1a: Vileplume|60/100|[from] Spikes
|turn|29
|
|t:|1758244149
|switch|p2a: Cinderace|Cinderace, F|43/100 par
|move|p1a: Vileplume|Strength Sap|p2a: Cinderace
|-unboost|p2a: Cinderace|atk|1
|-heal|p1a: Vileplume|100/100
|
|upkeep
|turn|30
|
|t:|1758244152
|cant|p2a: Cinderace|par
|move|p1a: Vileplume|Strength Sap|p2a: Cinderace
|-unboost|p2a: Cinderace|atk|1
|
|upkeep
|turn|31
|
|t:|1758244155
|move|p2a: Cinderace|Pyro Ball|p1a: Vileplume
|-supereffective|p1a: Vileplume
|-damage|p1a: Vileplume|34/100
|move|p1a: Vileplume|Strength Sap|p2a: Cinderace
|-unboost|p2a: Cinderace|atk|1
|-heal|p1a: Vileplume|81/100
|
|upkeep
|turn|32
|
|t:|1758244165
|-terastallize|p1a: Vileplume|Water
|cant|p2a: Cinderace|par
|move|p1a: Vileplume|Strength Sap|p2a: Cinderace
|-unboost|p2a: Cinderace|atk|1
|-heal|p1a: Vileplume|100/100
|
|upkeep
|turn|33
|
|t:|1758244173
|switch|p2a: Latios|Latios, M|9/100
|move|p1a: Vileplume|Sludge Bomb|p2a: Latios
|-damage|p2a: Latios|0 fnt
|faint|p2a: Latios
|
|upkeep
|
|t:|1758244175
|switch|p2a: Cinderace|Cinderace, F|43/100 par
|turn|34
|
|t:|1758244178
|move|p2a: Cinderace|Gunk Shot|p1a: Vileplume
|-start|p2a: Cinderace|typechange|Poison|[from] ability: Libero
|-damage|p1a: Vileplume|38/100
|-status|p1a: Vileplume|psn
|move|p1a: Vileplume|Strength Sap|p2a: Cinderace
|-unboost|p2a: Cinderace|atk|1
|-heal|p1a: Vileplume|100/100 psn
|
|-damage|p1a: Vileplume|88/100 psn|[from] psn
|upkeep
|turn|35
|
|t:|1758244185
|move|p2a: Cinderace|Gunk Shot|p1a: Vileplume|[miss]
|-miss|p2a: Cinderace|p1a: Vileplume
|move|p1a: Vileplume|Sludge Bomb|p2a: Cinderace
|-resisted|p2a: Cinderace
|-damage|p2a: Cinderace|19/100 par
|
|-damage|p1a: Vileplume|76/100 psn|[from] psn
|upkeep
|turn|36
|
|t:|1758244187
|cant|p2a: Cinderace|par
|move|p1a: Vileplume|Giga Drain|p2a: Cinderace
|-resisted|p2a: Cinderace
|-damage|p2a: Cinderace|0 fnt
|-heal|p1a: Vileplume|84/100 psn|[from] drain|[of] p2a: Cinderace
|faint|p2a: Cinderace
|
|win|Trumpismessiah
|raw|Trumpismessiah's rating: 1337 &rarr; <strong>1359</strong><br />(+22 for winning)
|raw|Durianelitemandem's rating: 1370 &rarr; <strong>1348</strong><br />(-22 for losing)
|l|☆Durianelitemandem
|player|p2|
