|j|☆gigapoophater
|j|☆ivangali7
|t:|1758295595
|gametype|singles
|player|p1|gigapoophater|swimmer|1117
|player|p2|ivangali7|169|1088
|gen|9
|tier|[Gen 9] OU
|rated|
|rule|HP Percentage Mod: HP is shown in percentages
|rule|Endless Battle Clause: Forcing endless battles is banned
|rule|Species Clause: Limit one of each Pokémon
|rule|OHKO Clause: OHKO moves are banned
|rule|Evasion Items Clause: Evasion items are banned
|rule|Evasion Moves Clause: Evasion moves are banned
|rule|Evasion Abilities Clause: Evasion abilities are banned
|rule|Sleep Moves Clause: Sleep-inducing moves are banned
|clearpoke
|poke|p1|Dedenne, F|
|poke|p1|Cryogonal|
|poke|p1|Iron Leaves|
|poke|p1|Orthworm, F|
|poke|p1|Chandelure, F|
|poke|p1|Talonflame, F|
|poke|p2|Ceruledge, M|
|poke|p2|Corviknight, F|
|poke|p2|Dragapult, M|
|poke|p2|Gliscor, M|
|poke|p2|Meowscarada, M|
|poke|p2|Gholdengo|
|teampreview
|inactive|Battle timer is ON: inactive players will automatically lose when time's up. (requested by gigapoophater)
|
|t:|1758295608
|teamsize|p1|6
|teamsize|p2|6
|start
|switch|p1a: Iron Leaves|Iron Leaves|100/100
|switch|p2a: Gliscor|Gliscor, M, shiny|100/100
|-enditem|p1a: Iron Leaves|Booster Energy
|-activate|p1a: Iron Leaves|ability: Quark Drive|[fromitem]
|-start|p1a: Iron Leaves|quarkdrivespe
|turn|1
|
|t:|1758295620
|move|p1a: Iron Leaves|Swords Dance|p1a: Iron Leaves
|-boost|p1a: Iron Leaves|atk|2
|move|p2a: Gliscor|Stealth Rock|p1a: Iron Leaves
|-sidestart|p1: gigapoophater|move: Stealth Rock
|
|-status|p2a: Gliscor|tox|[from] item: Toxic Orb
|upkeep
|turn|2
|
|t:|1758295629
|move|p1a: Iron Leaves|Leaf Blade|p2a: Gliscor
|-damage|p2a: Gliscor|28/100 tox
|move|p2a: Gliscor|Toxic|p1a: Iron Leaves
|-status|p1a: Iron Leaves|tox
|
|-damage|p1a: Iron Leaves|94/100 tox|[from] psn
|-heal|p2a: Gliscor|41/100 tox|[from] ability: Poison Heal
|upkeep
|turn|3
|
|t:|1758295640
|move|p2a: Gliscor|Protect|p2a: Gliscor
|-singleturn|p2a: Gliscor|Protect
|move|p1a: Iron Leaves|Swords Dance|p1a: Iron Leaves
|-boost|p1a: Iron Leaves|atk|2
|
|-damage|p1a: Iron Leaves|82/100 tox|[from] psn
|-heal|p2a: Gliscor|53/100 tox|[from] ability: Poison Heal
|upkeep
|turn|4
|
|t:|1758295647
|switch|p2a: Corviknight|Corviknight, F, shiny|100/100
|move|p1a: Iron Leaves|Leaf Blade|p2a: Corviknight
|-resisted|p2a: Corviknight
|-damage|p2a: Corviknight|73/100
|-damage|p1a: Iron Leaves|65/100 tox|[from] item: Rocky Helmet|[of] p2a: Corviknight
|
|-damage|p1a: Iron Leaves|47/100 tox|[from] psn
|upkeep
|turn|5
|
|t:|1758295656
|move|p1a: Iron Leaves|Sacred Sword|p2a: Corviknight
|-damage|p2a: Corviknight|2/100
|-damage|p1a: Iron Leaves|30/100 tox|[from] item: Rocky Helmet|[of] p2a: Corviknight
|move|p2a: Corviknight|Roost|p2a: Corviknight
|-heal|p2a: Corviknight|52/100
|-singleturn|p2a: Corviknight|move: Roost
|
|-damage|p1a: Iron Leaves|5/100 tox|[from] psn
|upkeep
|turn|6
|
|t:|1758295673
|switch|p2a: Ceruledge|Ceruledge, M, shiny|100/100
|move|p1a: Iron Leaves|Sacred Sword|p2a: Ceruledge
|-immune|p2a: Ceruledge
|
|-damage|p1a: Iron Leaves|0 fnt|[from] psn
|faint|p1a: Iron Leaves
|-end|p1a: Iron Leaves|Quark Drive|[silent]
|upkeep
|
|t:|1758295687
|switch|p1a: Talonflame|Talonflame, F|100/100
|turn|7
|
|t:|1758295692
|move|p1a: Talonflame|Defog|p2a: Ceruledge
|-unboost|p2a: Ceruledge|evasion|1
|-sideend|p1: gigapoophater|Stealth Rock|[from] move: Defog|[of] p1a: Talonflame
|move|p2a: Ceruledge|Swords Dance|p2a: Ceruledge
|-boost|p2a: Ceruledge|atk|2
|
|upkeep
|turn|8
|
|t:|1758295704
|move|p1a: Talonflame|Brave Bird|p2a: Ceruledge
|-damage|p2a: Ceruledge|55/100
|-damage|p1a: Talonflame|83/100|[from] Recoil
|move|p2a: Ceruledge|Swords Dance|p2a: Ceruledge
|-boost|p2a: Ceruledge|atk|2
|
|upkeep
|turn|9
|
|t:|1758295716
|move|p1a: Talonflame|Brave Bird|p2a: Ceruledge
|-damage|p2a: Ceruledge|4/100
|-damage|p1a: Talonflame|63/100|[from] Recoil
|move|p2a: Ceruledge|Shadow Claw|p1a: Talonflame
|-damage|p1a: Talonflame|0 fnt
|faint|p1a: Talonflame
|
|upkeep
|
|t:|1758295724
|switch|p1a: Orthworm|Orthworm, F|100/100
|turn|10
|
|t:|1758295734
|switch|p1a: Chandelure|Chandelure, F|100/100
|move|p2a: Ceruledge|Bitter Blade|p1a: Chandelure
|-start|p1a: Chandelure|ability: Flash Fire
|
|upkeep
|turn|11
|
|t:|1758295748
|move|p1a: Chandelure|Shadow Ball|p2a: Ceruledge
|-supereffective|p2a: Ceruledge
|-damage|p2a: Ceruledge|0 fnt
|faint|p2a: Ceruledge
|
|upkeep
|
|t:|1758295755
|switch|p2a: Dragapult|Dragapult, M, shiny|100/100
|turn|12
|
|t:|1758295770
|move|p1a: Chandelure|Shadow Ball|p2a: Dragapult
|-supereffective|p2a: Dragapult
|-damage|p2a: Dragapult|1/100
|move|p2a: Dragapult|Shadow Ball|p1a: Chandelure
|-supereffective|p1a: Chandelure
|-damage|p1a: Chandelure|0 fnt
|faint|p1a: Chandelure
|
|upkeep
|
|t:|1758295777
|switch|p1a: Cryogonal|Cryogonal|100/100
|turn|13
|
|t:|1758295786
|move|p2a: Dragapult|Shadow Ball|p1a: Cryogonal
|-damage|p1a: Cryogonal|81/100
|move|p1a: Cryogonal|Ancient Power|p2a: Dragapult
|-damage|p2a: Dragapult|0 fnt
|faint|p2a: Dragapult
|
|upkeep
|
|t:|1758295798
|switch|p2a: Gholdengo|Gholdengo|100/100
|-item|p2a: Gholdengo|Air Balloon
|turn|14
|
|t:|1758295810
|move|p1a: Cryogonal|Ancient Power|p2a: Gholdengo
|-resisted|p2a: Gholdengo
|-damage|p2a: Gholdengo|94/100
|-enditem|p2a: Gholdengo|Air Balloon
|move|p2a: Gholdengo|Make It Rain|p1a: Cryogonal
|-supereffective|p1a: Cryogonal
|-damage|p1a: Cryogonal|43/100
|-unboost|p2a: Gholdengo|spa|1
|
|upkeep
|turn|15
|
|t:|1758295819
|switch|p2a: Meowscarada|Meowscarada, M, shiny|100/100
|-terastallize|p1a: Cryogonal|Ground
|move|p1a: Cryogonal|Tera Blast|p2a: Meowscarada|[anim] Tera Blast Ground
|-resisted|p2a: Meowscarada
|-damage|p2a: Meowscarada|85/100
|
|upkeep
|turn|16
|
|t:|1758295832
|switch|p1a: Orthworm|Orthworm, F|100/100
|move|p2a: Meowscarada|Flower Trick|p1a: Orthworm
|-start|p2a: Meowscarada|typechange|Grass|[from] ability: Protean
|-resisted|p1a: Orthworm
|-crit|p1a: Orthworm
|-damage|p1a: Orthworm|87/100
|
|upkeep
|turn|17
|
|t:|1758295846
|switch|p2a: Gliscor|Gliscor, M, shiny|53/100 tox
|move|p1a: Orthworm|Body Press|p2a: Gliscor
|-resisted|p2a: Gliscor
|-damage|p2a: Gliscor|41/100 tox
|
|-heal|p2a: Gliscor|53/100 tox|[from] ability: Poison Heal
|upkeep
|turn|18
|
|t:|1758295855
|move|p2a: Gliscor|Toxic|p1a: Orthworm
|-immune|p1a: Orthworm
|move|p1a: Orthworm|Coil|p1a: Orthworm
|-boost|p1a: Orthworm|atk|1
|-boost|p1a: Orthworm|def|1
|-boost|p1a: Orthworm|accuracy|1
|
|-heal|p2a: Gliscor|66/100 tox|[from] ability: Poison Heal
|upkeep
|turn|19
|
|t:|1758295862
|move|p2a: Gliscor|Earthquake|p1a: Orthworm
|-heal|p1a: Orthworm|100/100|[from] ability: Earth Eater|[of] p2a: Gliscor
|move|p1a: Orthworm|Coil|p1a: Orthworm
|-boost|p1a: Orthworm|atk|1
|-boost|p1a: Orthworm|def|1
|-boost|p1a: Orthworm|accuracy|1
|
|-heal|p2a: Gliscor|78/100 tox|[from] ability: Poison Heal
|upkeep
|turn|20
|
|t:|1758295879
|move|p2a: Gliscor|Stealth Rock|p1a: Orthworm
|-sidestart|p1: gigapoophater|move: Stealth Rock
|move|p1a: Orthworm|Coil|p1a: Orthworm
|-boost|p1a: Orthworm|atk|1
|-boost|p1a: Orthworm|def|1
|-boost|p1a: Orthworm|accuracy|1
|
|-heal|p2a: Gliscor|91/100 tox|[from] ability: Poison Heal
|upkeep
|turn|21
|
|t:|1758295890
|move|p2a: Gliscor|Toxic|p1a: Orthworm
|-immune|p1a: Orthworm
|move|p1a: Orthworm|Iron Tail|p2a: Gliscor
|-damage|p2a: Gliscor|35/100 tox
|
|-heal|p2a: Gliscor|48/100 tox|[from] ability: Poison Heal
|upkeep
|turn|22
|inactive|ivangali7 has 120 seconds left.
|inactive|ivangali7 has 90 seconds left.
|inactive|ivangali7 has 60 seconds left.
|inactive|ivangali7 has 30 seconds left.
|inactive|ivangali7 has 20 seconds left.
|inactive|ivangali7 has 15 seconds left.
|inactive|ivangali7 has 10 seconds left.
|inactive|ivangali7 has 5 seconds left.
|-message|ivangali7 lost due to inactivity.
|
|win|gigapoophater
|raw|gigapoophater's rating: 1117 &rarr; <strong>1140</strong><br />(+23 for winning)
|raw|ivangali7's rating: 1088 &rarr; <strong>1067</strong><br />(-21 for losing)
|l|☆gigapoophater
|player|p1|
|l|☆ivangali7
|player|p2|
