|j|☆kekaogugu
|j|☆Jericho941
|t:|1758275539
|gametype|singles
|player|p1|kekaogugu|265|1198
|player|p2|Jericho941|burglar|1193
|gen|9
|tier|[Gen 9] OU
|rated|
|rule|HP Percentage Mod: HP is shown in percentages
|rule|Endless Battle Clause: Forcing endless battles is banned
|rule|Species Clause: Limit one of each Pokémon
|rule|OHKO Clause: OHKO moves are banned
|rule|Evasion Items Clause: Evasion items are banned
|rule|Evasion Moves Clause: Evasion moves are banned
|rule|Evasion Abilities Clause: Evasion abilities are banned
|rule|Sleep Moves Clause: Sleep-inducing moves are banned
|clearpoke
|poke|p1|Iron Treads|
|poke|p1|Garganacl, F|
|poke|p1|Ogerpon-Wellspring, F|
|poke|p1|Moltres|
|poke|p1|Gholdengo|
|poke|p1|Zamazenta-*|
|poke|p2|Flamigo, F|
|poke|p2|Hippowdon, M|
|poke|p2|Crawdaunt, M|
|poke|p2|Ninetales, F|
|poke|p2|Dragonite, M|
|poke|p2|Muk-Alola, M|
|teampreview
|inactive|Battle timer is ON: inactive players will automatically lose when time's up. (requested by Jericho941)
|
|t:|1758275546
|teamsize|p1|6
|teamsize|p2|6
|start
|switch|p1a: Garganacl|Garganacl, F|100/100
|switch|p2a: Crawdaunt|Crawdaunt, M|100/100
|turn|1
|
|t:|1758275553
|-terastallize|p1a: Garganacl|Fairy
|move|p2a: Crawdaunt|Dragon Dance|p2a: Crawdaunt
|-boost|p2a: Crawdaunt|atk|1
|-boost|p2a: Crawdaunt|spe|1
|move|p1a: Garganacl|Salt Cure|p2a: Crawdaunt
|-damage|p2a: Crawdaunt|86/100
|-start|p2a: Crawdaunt|Salt Cure
|
|-damage|p2a: Crawdaunt|61/100|[from] Salt Cure
|upkeep
|turn|2
|
|t:|1758275564
|move|p2a: Crawdaunt|Aqua Jet|p1a: Garganacl
|-crit|p1a: Garganacl
|-damage|p1a: Garganacl|52/100
|-damage|p2a: Crawdaunt|51/100|[from] item: Life Orb
|move|p1a: Garganacl|Stealth Rock|p2a: Crawdaunt
|-sidestart|p2: Jericho941|move: Stealth Rock
|
|-heal|p1a: Garganacl|58/100|[from] item: Leftovers
|-damage|p2a: Crawdaunt|26/100|[from] Salt Cure
|upkeep
|turn|3
|
|t:|1758275574
|move|p1a: Garganacl|Protect|p1a: Garganacl
|-singleturn|p1a: Garganacl|Protect
|move|p2a: Crawdaunt|Aqua Jet|p1a: Garganacl
|-activate|p1a: Garganacl|move: Protect
|
|-heal|p1a: Garganacl|65/100|[from] item: Leftovers
|-damage|p2a: Crawdaunt|2/100|[from] Salt Cure
|upkeep
|turn|4
|
|t:|1758275583
|move|p2a: Crawdaunt|Aqua Jet|p1a: Garganacl
|-damage|p1a: Garganacl|35/100
|-damage|p2a: Crawdaunt|0 fnt|[from] item: Life Orb
|faint|p2a: Crawdaunt
|move|p1a: Garganacl|Salt Cure|p2: Crawdaunt|[notarget]
|-fail|p1a: Garganacl
|
|-heal|p1a: Garganacl|41/100|[from] item: Leftovers
|upkeep
|
|t:|1758275588
|switch|p2a: Muk|Muk-Alola, M|100/100
|-damage|p2a: Muk|88/100|[from] Stealth Rock
|turn|5
|
|t:|1758275596
|move|p1a: Garganacl|Protect|p1a: Garganacl
|-singleturn|p1a: Garganacl|Protect
|move|p2a: Muk|Sludge Wave|p1a: Garganacl
|-activate|p1a: Garganacl|move: Protect
|
|-heal|p1a: Garganacl|47/100|[from] item: Leftovers
|upkeep
|turn|6
|
|t:|1758275605
|switch|p1a: Gholdengo|Gholdengo|100/100
|move|p2a: Muk|Dark Pulse|p1a: Gholdengo
|-supereffective|p1a: Gholdengo
|-damage|p1a: Gholdengo|48/100
|-enditem|p1a: Gholdengo|Red Card|[of] p2a: Muk
|drag|p2a: Dragonite|Dragonite, M|100/100
|-damage|p2a: Dragonite|76/100|[from] Stealth Rock
|
|-heal|p2a: Dragonite|82/100|[from] item: Leftovers
|upkeep
|turn|7
|
|t:|1758275617
|move|p1a: Gholdengo|Recover|p1a: Gholdengo
|-heal|p1a: Gholdengo|98/100
|move|p2a: Dragonite|Fire Punch|p1a: Gholdengo
|-supereffective|p1a: Gholdengo
|-damage|p1a: Gholdengo|41/100
|
|-heal|p2a: Dragonite|88/100|[from] item: Leftovers
|upkeep
|turn|8
|
|t:|1758275626
|move|p1a: Gholdengo|Recover|p1a: Gholdengo
|-heal|p1a: Gholdengo|91/100
|move|p2a: Dragonite|Dragon Dance|p2a: Dragonite
|-boost|p2a: Dragonite|atk|1
|-boost|p2a: Dragonite|spe|1
|
|-heal|p2a: Dragonite|94/100|[from] item: Leftovers
|upkeep
|turn|9
|
|t:|1758275636
|switch|p1a: Garganacl|Garganacl, F, tera:Fairy|47/100
|move|p2a: Dragonite|Fire Punch|p1a: Garganacl
|-damage|p1a: Garganacl|24/100
|
|-heal|p2a: Dragonite|100/100|[from] item: Leftovers
|-heal|p1a: Garganacl|30/100|[from] item: Leftovers
|upkeep
|turn|10
|
|t:|1758275646
|-terastallize|p2a: Dragonite|Normal
|move|p1a: Garganacl|Protect|p1a: Garganacl
|-singleturn|p1a: Garganacl|Protect
|move|p2a: Dragonite|Dragon Dance|p2a: Dragonite
|-boost|p2a: Dragonite|atk|1
|-boost|p2a: Dragonite|spe|1
|
|-heal|p1a: Garganacl|36/100|[from] item: Leftovers
|upkeep
|turn|11
|
|t:|1758275657
|switch|p1a: Gholdengo|Gholdengo|91/100
|move|p2a: Dragonite|Extreme Speed|p1a: Gholdengo
|-immune|p1a: Gholdengo
|
|upkeep
|turn|12
|
|t:|1758275668
|switch|p1a: Moltres|Moltres|100/100
|move|p2a: Dragonite|Fire Punch|p1a: Moltres
|-resisted|p1a: Moltres
|-damage|p1a: Moltres|72/100
|-status|p2a: Dragonite|brn|[from] ability: Flame Body|[of] p1a: Moltres
|
|-damage|p2a: Dragonite|94/100 brn|[from] brn
|upkeep
|turn|13
|
|t:|1758275678
|switch|p1a: Garganacl|Garganacl, F, tera:Fairy|36/100
|move|p2a: Dragonite|Dragon Dance|p2a: Dragonite
|-boost|p2a: Dragonite|atk|1
|-boost|p2a: Dragonite|spe|1
|
|-heal|p2a: Dragonite|100/100 brn|[from] item: Leftovers
|-heal|p1a: Garganacl|42/100|[from] item: Leftovers
|-damage|p2a: Dragonite|94/100 brn|[from] brn
|upkeep
|turn|14
|
|t:|1758275689
|move|p1a: Garganacl|Protect|p1a: Garganacl
|-singleturn|p1a: Garganacl|Protect
|move|p2a: Dragonite|Fire Punch|p1a: Garganacl
|-activate|p1a: Garganacl|move: Protect
|
|-heal|p2a: Dragonite|100/100 brn|[from] item: Leftovers
|-heal|p1a: Garganacl|49/100|[from] item: Leftovers
|-damage|p2a: Dragonite|94/100 brn|[from] brn
|upkeep
|turn|15
|
|t:|1758275699
|move|p2a: Dragonite|Dragon Dance|p2a: Dragonite
|-boost|p2a: Dragonite|atk|1
|-boost|p2a: Dragonite|spe|1
|move|p1a: Garganacl|Recover|p1a: Garganacl
|-heal|p1a: Garganacl|99/100
|
|-heal|p2a: Dragonite|100/100 brn|[from] item: Leftovers
|-heal|p1a: Garganacl|100/100|[from] item: Leftovers
|-damage|p2a: Dragonite|94/100 brn|[from] brn
|upkeep
|turn|16
|
|t:|1758275709
|move|p2a: Dragonite|Extreme Speed|p1a: Garganacl
|-damage|p1a: Garganacl|63/100
|move|p1a: Garganacl|Salt Cure|p2a: Dragonite
|-damage|p2a: Dragonite|81/100 brn
|-start|p2a: Dragonite|Salt Cure
|
|-heal|p2a: Dragonite|87/100 brn|[from] item: Leftovers
|-heal|p1a: Garganacl|69/100|[from] item: Leftovers
|-damage|p2a: Dragonite|81/100 brn|[from] brn
|-damage|p2a: Dragonite|69/100 brn|[from] Salt Cure
|upkeep
|turn|17
|
|t:|1758275721
|move|p2a: Dragonite|Extreme Speed|p1a: Garganacl
|-damage|p1a: Garganacl|27/100
|move|p1a: Garganacl|Recover|p1a: Garganacl
|-heal|p1a: Garganacl|77/100
|
|-heal|p2a: Dragonite|75/100 brn|[from] item: Leftovers
|-heal|p1a: Garganacl|83/100|[from] item: Leftovers
|-damage|p2a: Dragonite|69/100 brn|[from] brn
|-damage|p2a: Dragonite|56/100 brn|[from] Salt Cure
|upkeep
|turn|18
|
|t:|1758275734
|move|p1a: Garganacl|Protect|p1a: Garganacl
|-singleturn|p1a: Garganacl|Protect
|move|p2a: Dragonite|Dragon Dance|p2a: Dragonite
|-boost|p2a: Dragonite|atk|1
|-boost|p2a: Dragonite|spe|1
|
|-heal|p2a: Dragonite|62/100 brn|[from] item: Leftovers
|-heal|p1a: Garganacl|90/100|[from] item: Leftovers
|-damage|p2a: Dragonite|56/100 brn|[from] brn
|-damage|p2a: Dragonite|44/100 brn|[from] Salt Cure
|upkeep
|turn|19
|
|t:|1758275745
|move|p2a: Dragonite|Dragon Dance|p2a: Dragonite
|-boost|p2a: Dragonite|atk|1
|-boost|p2a: Dragonite|spe|1
|move|p1a: Garganacl|Recover|p1a: Garganacl
|-heal|p1a: Garganacl|100/100
|
|-heal|p2a: Dragonite|50/100 brn|[from] item: Leftovers
|-damage|p2a: Dragonite|44/100 brn|[from] brn
|-damage|p2a: Dragonite|31/100 brn|[from] Salt Cure
|upkeep
|turn|20
|
|t:|1758275756
|move|p1a: Garganacl|Protect|p1a: Garganacl
|-singleturn|p1a: Garganacl|Protect
|move|p2a: Dragonite|Extreme Speed|p1a: Garganacl
|-activate|p1a: Garganacl|move: Protect
|
|-heal|p2a: Dragonite|38/100 brn|[from] item: Leftovers
|-damage|p2a: Dragonite|31/100 brn|[from] brn
|-damage|p2a: Dragonite|19/100 brn|[from] Salt Cure
|upkeep
|turn|21
|
|t:|1758275768
|switch|p1a: Gholdengo|Gholdengo|91/100
|move|p2a: Dragonite|Extreme Speed|p1a: Gholdengo
|-immune|p1a: Gholdengo
|
|-heal|p2a: Dragonite|25/100 brn|[from] item: Leftovers
|-damage|p2a: Dragonite|19/100 brn|[from] brn
|-damage|p2a: Dragonite|7/100 brn|[from] Salt Cure
|upkeep
|turn|22
|
|t:|1758275780
|switch|p1a: Moltres|Moltres|72/100
|move|p2a: Dragonite|Dragon Claw|p1a: Moltres
|-damage|p1a: Moltres|0 fnt
|faint|p1a: Moltres
|
|-heal|p2a: Dragonite|13/100 brn|[from] item: Leftovers
|-damage|p2a: Dragonite|7/100 brn|[from] brn
|-damage|p2a: Dragonite|0 fnt|[from] Salt Cure
|faint|p2a: Dragonite
|upkeep
|inactive|Jericho941 has 120 seconds left.
|
|t:|1758275811
|switch|p1a: Garganacl|Garganacl, F, tera:Fairy|100/100
|switch|p2a: Hippowdon|Hippowdon, M|100/100
|-damage|p2a: Hippowdon|94/100|[from] Stealth Rock
|-weather|Sandstorm|[from] ability: Sand Stream|[of] p2a: Hippowdon
|turn|23
|
|t:|1758275820
|move|p2a: Hippowdon|Earthquake|p1a: Garganacl
|-damage|p1a: Garganacl|67/100
|move|p1a: Garganacl|Salt Cure|p2a: Hippowdon
|-resisted|p2a: Hippowdon
|-damage|p2a: Hippowdon|89/100
|-start|p2a: Hippowdon|Salt Cure
|
|-weather|Sandstorm|[upkeep]
|-damage|p1a: Garganacl|61/100|[from] Sandstorm
|-heal|p1a: Garganacl|67/100|[from] item: Leftovers
|-damage|p2a: Hippowdon|77/100|[from] Salt Cure
|upkeep
|turn|24
|
|t:|1758275831
|switch|p2a: Muk|Muk-Alola, M|88/100
|-damage|p2a: Muk|76/100|[from] Stealth Rock
|move|p1a: Garganacl|Recover|p1a: Garganacl
|-heal|p1a: Garganacl|100/100
|
|-weather|Sandstorm|[upkeep]
|-damage|p2a: Muk|70/100|[from] Sandstorm
|-damage|p1a: Garganacl|94/100|[from] Sandstorm
|-heal|p1a: Garganacl|100/100|[from] item: Leftovers
|upkeep
|turn|25
|
|t:|1758275842
|switch|p1a: Iron Treads|Iron Treads|100/100
|move|p2a: Muk|Dark Pulse|p1a: Iron Treads
|-damage|p1a: Iron Treads|86/100
|
|-weather|Sandstorm|[upkeep]
|-damage|p2a: Muk|64/100|[from] Sandstorm
|upkeep
|turn|26
|
|t:|1758275855
|switch|p2a: Flamigo|Flamigo, F|100/100
|-damage|p2a: Flamigo|88/100|[from] Stealth Rock
|move|p1a: Iron Treads|Knock Off|p2a: Flamigo
|-resisted|p2a: Flamigo
|-damage|p2a: Flamigo|72/100
|-enditem|p2a: Flamigo|Life Orb|[from] move: Knock Off|[of] p1a: Iron Treads
|
|-weather|Sandstorm|[upkeep]
|-damage|p2a: Flamigo|65/100|[from] Sandstorm
|upkeep
|turn|27
|
|t:|1758275866
|move|p2a: Flamigo|Close Combat|p1a: Iron Treads
|-supereffective|p1a: Iron Treads
|-damage|p1a: Iron Treads|0 fnt
|-unboost|p2a: Flamigo|def|1
|-unboost|p2a: Flamigo|spd|1
|faint|p1a: Iron Treads
|-end|p1a: Iron Treads|Quark Drive|[silent]
|
|-weather|none
|upkeep
|
|t:|1758275878
|switch|p1a: Garganacl|Garganacl, F, tera:Fairy|100/100
|turn|28
|
|t:|1758275881
|move|p2a: Flamigo|Brave Bird|p1a: Garganacl
|-damage|p1a: Garganacl|67/100
|-damage|p2a: Flamigo|51/100|[from] Recoil
|move|p1a: Garganacl|Salt Cure|p2a: Flamigo
|-damage|p2a: Flamigo|22/100
|-start|p2a: Flamigo|Salt Cure
|
|-heal|p1a: Garganacl|74/100|[from] item: Leftovers
|-damage|p2a: Flamigo|10/100|[from] Salt Cure
|upkeep
|turn|29
|
|t:|1758275893
|switch|p2a: Ninetales|Ninetales, F, shiny|100/100
|-damage|p2a: Ninetales|76/100|[from] Stealth Rock
|-weather|SunnyDay|[from] ability: Drought|[of] p2a: Ninetales
|move|p1a: Garganacl|Protect||[still]
|-fail|p1a: Garganacl
|
|-weather|SunnyDay|[upkeep]
|-heal|p1a: Garganacl|80/100|[from] item: Leftovers
|upkeep
|turn|30
|c|☆Jericho941|Holy fuk youre annoying
|
|t:|1758275904
|move|p2a: Ninetales|Flamethrower|p1a: Garganacl
|-damage|p1a: Garganacl|26/100
|move|p1a: Garganacl|Salt Cure|p2a: Ninetales
|-supereffective|p2a: Ninetales
|-damage|p2a: Ninetales|36/100
|-start|p2a: Ninetales|Salt Cure
|
|-weather|SunnyDay|[upkeep]
|-heal|p1a: Garganacl|32/100|[from] item: Leftovers
|-damage|p2a: Ninetales|24/100|[from] Salt Cure
|upkeep
|turn|31
|
|t:|1758275914
|move|p1a: Garganacl|Protect|p1a: Garganacl
|-singleturn|p1a: Garganacl|Protect
|move|p2a: Ninetales|Flamethrower|p1a: Garganacl
|-activate|p1a: Garganacl|move: Protect
|
|-weather|SunnyDay|[upkeep]
|-heal|p1a: Garganacl|38/100|[from] item: Leftovers
|-damage|p2a: Ninetales|12/100|[from] Salt Cure
|upkeep
|turn|32
|
|t:|1758275936
|switch|p1a: Gholdengo|Gholdengo|91/100
|move|p2a: Ninetales|Flamethrower|p1a: Gholdengo
|-supereffective|p1a: Gholdengo
|-damage|p1a: Gholdengo|0 fnt
|faint|p1a: Gholdengo
|
|-weather|SunnyDay|[upkeep]
|-damage|p2a: Ninetales|0 fnt|[from] Salt Cure
|faint|p2a: Ninetales
|upkeep
|
|t:|1758275948
|switch|p2a: Hippowdon|Hippowdon, M|77/100
|switch|p1a: Garganacl|Garganacl, F, tera:Fairy|38/100
|-damage|p2a: Hippowdon|71/100|[from] Stealth Rock
|-weather|Sandstorm|[from] ability: Sand Stream|[of] p2a: Hippowdon
|turn|33
|
|t:|1758275956
|move|p2a: Hippowdon|Earthquake|p1a: Garganacl
|-damage|p1a: Garganacl|9/100
|move|p1a: Garganacl|Recover|p1a: Garganacl
|-heal|p1a: Garganacl|59/100
|
|-weather|Sandstorm|[upkeep]
|-damage|p1a: Garganacl|53/100|[from] Sandstorm
|-heal|p1a: Garganacl|59/100|[from] item: Leftovers
|upkeep
|turn|34
|
|t:|1758275965
|switch|p2a: Muk|Muk-Alola, M|64/100
|-damage|p2a: Muk|52/100|[from] Stealth Rock
|move|p1a: Garganacl|Recover|p1a: Garganacl
|-heal|p1a: Garganacl|100/100
|
|-weather|Sandstorm|[upkeep]
|-damage|p2a: Muk|46/100|[from] Sandstorm
|-damage|p1a: Garganacl|94/100|[from] Sandstorm
|-heal|p1a: Garganacl|100/100|[from] item: Leftovers
|upkeep
|turn|35
|
|t:|1758275976
|move|p1a: Garganacl|Protect|p1a: Garganacl
|-singleturn|p1a: Garganacl|Protect
|move|p2a: Muk|Sludge Wave|p1a: Garganacl
|-activate|p1a: Garganacl|move: Protect
|
|-weather|Sandstorm|[upkeep]
|-damage|p2a: Muk|40/100|[from] Sandstorm
|-damage|p1a: Garganacl|94/100|[from] Sandstorm
|-heal|p1a: Garganacl|100/100|[from] item: Leftovers
|upkeep
|turn|36
|
|t:|1758275986
|move|p2a: Muk|Sludge Wave|p1a: Garganacl
|-supereffective|p1a: Garganacl
|-damage|p1a: Garganacl|54/100
|move|p1a: Garganacl|Recover|p1a: Garganacl
|-heal|p1a: Garganacl|100/100
|
|-weather|Sandstorm|[upkeep]
|-damage|p2a: Muk|34/100|[from] Sandstorm
|-damage|p1a: Garganacl|94/100|[from] Sandstorm
|-heal|p1a: Garganacl|100/100|[from] item: Leftovers
|upkeep
|turn|37
|
|t:|1758275997
|move|p1a: Garganacl|Protect|p1a: Garganacl
|-singleturn|p1a: Garganacl|Protect
|move|p2a: Muk|Sludge Wave|p1a: Garganacl
|-activate|p1a: Garganacl|move: Protect
|
|-weather|none
|upkeep
|turn|38
|
|t:|1758276004
|move|p2a: Muk|Sludge Wave|p1a: Garganacl
|-supereffective|p1a: Garganacl
|-damage|p1a: Garganacl|55/100
|move|p1a: Garganacl|Salt Cure|p2a: Muk
|-damage|p2a: Muk|22/100
|-start|p2a: Muk|Salt Cure
|
|-heal|p1a: Garganacl|62/100|[from] item: Leftovers
|-damage|p2a: Muk|9/100|[from] Salt Cure
|upkeep
|turn|39
|
|t:|1758276014
|move|p2a: Muk|Sludge Wave|p1a: Garganacl
|-supereffective|p1a: Garganacl
|-damage|p1a: Garganacl|15/100
|move|p1a: Garganacl|Recover|p1a: Garganacl
|-heal|p1a: Garganacl|65/100
|
|-heal|p1a: Garganacl|71/100|[from] item: Leftovers
|-damage|p2a: Muk|0 fnt|[from] Salt Cure
|faint|p2a: Muk
|upkeep
|-message|Jericho941 forfeited.
|
|win|kekaogugu
|raw|kekaogugu's rating: 1198 &rarr; <strong>1223</strong><br />(+25 for winning)
|raw|Jericho941's rating: 1193 &rarr; <strong>1168</strong><br />(-25 for losing)
|l|☆Jericho941
|player|p2|
|l|☆kekaogugu
|player|p1|
