|j|☆breaker8010
|j|☆sfmmt2014
|t:|1758306994
|gametype|singles
|player|p1|breaker8010|veteran|1077
|player|p2|sfmmt2014|169|1020
|gen|9
|tier|[Gen 9] OU
|rated|
|rule|HP Percentage Mod: HP is shown in percentages
|rule|Endless Battle Clause: Forcing endless battles is banned
|rule|Species Clause: Limit one of each Pokémon
|rule|OHKO Clause: OHKO moves are banned
|rule|Evasion Items Clause: Evasion items are banned
|rule|Evasion Moves Clause: Evasion moves are banned
|rule|Evasion Abilities Clause: Evasion abilities are banned
|rule|Sleep Moves Clause: Sleep-inducing moves are banned
|clearpoke
|poke|p1|Corviknight, F|
|poke|p1|Toxicroak, M|
|poke|p1|Infernape, F|
|poke|p1|Dragapult, M|
|poke|p1|Ting-Lu|
|poke|p1|Zapdos|
|poke|p2|Enamorus, F|
|poke|p2|Great Tusk|
|poke|p2|Corviknight, F|
|poke|p2|Zamazenta-*|
|poke|p2|Raging Bolt|
|poke|p2|Jirachi|
|teampreview
|inactive|Battle timer is ON: inactive players will automatically lose when time's up. (requested by sfmmt2014)
|
|t:|1758307001
|teamsize|p1|6
|teamsize|p2|6
|start
|switch|p1a: Ting-Lu|Ting-Lu|100/100
|switch|p2a: Jirachi|Jirachi|100/100
|-ability|p1a: Ting-Lu|Vessel of Ruin
|turn|1
|
|t:|1758307016
|move|p2a: Jirachi|Cosmic Power|p2a: Jirachi
|-boost|p2a: Jirachi|def|1
|-boost|p2a: Jirachi|spd|1
|move|p1a: Ting-Lu|Stealth Rock|p2a: Jirachi
|-sidestart|p2: sfmmt2014|move: Stealth Rock
|
|upkeep
|turn|2
|
|t:|1758307024
|move|p2a: Jirachi|Cosmic Power|p2a: Jirachi
|-boost|p2a: Jirachi|def|1
|-boost|p2a: Jirachi|spd|1
|move|p1a: Ting-Lu|Ruination|p2a: Jirachi|[miss]
|-miss|p1a: Ting-Lu|p2a: Jirachi
|
|upkeep
|turn|3
|
|t:|1758307032
|move|p2a: Jirachi|Cosmic Power|p2a: Jirachi
|-boost|p2a: Jirachi|def|1
|-boost|p2a: Jirachi|spd|1
|move|p1a: Ting-Lu|Ruination|p2a: Jirachi
|-damage|p2a: Jirachi|50/100
|
|upkeep
|turn|4
|
|t:|1758307039
|move|p2a: Jirachi|Iron Head|p1a: Ting-Lu
|-damage|p1a: Ting-Lu|85/100
|move|p1a: Ting-Lu|Ruination|p2a: Jirachi|[miss]
|-miss|p1a: Ting-Lu|p2a: Jirachi
|
|-heal|p1a: Ting-Lu|91/100|[from] item: Leftovers
|upkeep
|turn|5
|
|t:|1758307046
|move|p2a: Jirachi|Wish|p2a: Jirachi
|move|p1a: Ting-Lu|Ruination|p2a: Jirachi
|-damage|p2a: Jirachi|25/100
|
|-heal|p1a: Ting-Lu|98/100|[from] item: Leftovers
|upkeep
|turn|6
|
|t:|1758307057
|move|p2a: Jirachi|Cosmic Power|p2a: Jirachi
|-boost|p2a: Jirachi|def|1
|-boost|p2a: Jirachi|spd|1
|move|p1a: Ting-Lu|Whirlwind|p2a: Jirachi
|drag|p2a: Great Tusk|Great Tusk|100/100
|
|-heal|p1a: Ting-Lu|100/100|[from] item: Leftovers
|upkeep
|turn|7
|-message|sfmmt2014 forfeited.
|
|win|breaker8010
|raw|breaker8010's rating: 1077 &rarr; <strong>1101</strong><br />(+24 for winning)
|raw|sfmmt2014's rating: 1020 &rarr; <strong>1009</strong><br />(-11 for losing)
|l|☆sfmmt2014
|player|p2|
