|j|☆ay cheu
|j|☆SML Shrek
|t:|1758335284
|gametype|singles
|player|p1|ay cheu|riley|1480
|player|p2|SML Shrek|hiker-gen4|1446
|gen|9
|tier|[Gen 9] OU
|rated|
|rule|HP Percentage Mod: HP is shown in percentages
|rule|Endless Battle Clause: Forcing endless battles is banned
|rule|Species Clause: Limit one of each Pokémon
|rule|OHKO Clause: OHKO moves are banned
|rule|Evasion Items Clause: Evasion items are banned
|rule|Evasion Moves Clause: Evasion moves are banned
|rule|Evasion Abilities Clause: Evasion abilities are banned
|rule|Sleep Moves Clause: Sleep-inducing moves are banned
|clearpoke
|poke|p1|Arcanine, M|
|poke|p1|Zapdos-Galar|
|poke|p1|Tinkaton, F|
|poke|p1|Umbreon, M|
|poke|p1|Gengar, M|
|poke|p1|Garchomp, M|
|poke|p2|Ribombee, F|
|poke|p2|Cinderace, F|
|poke|p2|Quaquaval, M|
|poke|p2|Gholdengo|
|poke|p2|Sinistcha|
|poke|p2|Ting-Lu|
|teampreview
|inactive|Battle timer is ON: inactive players will automatically lose when time's up. (requested by ay cheu)
|
|t:|1758335294
|teamsize|p1|6
|teamsize|p2|6
|start
|switch|p1a: Zapdos|Zapdos-Galar|100/100
|switch|p2a: Ribombee|Ribombee, F|100/100
|turn|1
|
|t:|1758335300
|move|p1a: Zapdos|U-turn|p2a: Ribombee
|-resisted|p2a: Ribombee
|-damage|p2a: Ribombee|82/100
|
|t:|1758335303
|switch|p1a: Tinkaton|Tinkaton, F|100/100|[from] U-turn
|-ability|p1a: Tinkaton|Mold Breaker
|move|p2a: Ribombee|Sticky Web|p1a: Tinkaton
|-sidestart|p1: ay cheu|move: Sticky Web
|
|upkeep
|turn|2
|inactive|SML Shrek has 120 seconds left.
|
|t:|1758335333
|move|p2a: Ribombee|Stun Spore|p1a: Tinkaton
|-status|p1a: Tinkaton|par
|move|p1a: Tinkaton|Stealth Rock|p2a: Ribombee
|-sidestart|p2: SML Shrek|move: Stealth Rock
|
|upkeep
|turn|3
|inactive|SML Shrek has 120 seconds left.
|
|t:|1758335345
|move|p2a: Ribombee|Moonblast|p1a: Tinkaton
|-resisted|p1a: Tinkaton
|-damage|p1a: Tinkaton|87/100 par
|move|p1a: Tinkaton|Encore|p2a: Ribombee
|-start|p2a: Ribombee|Encore
|
|upkeep
|turn|4
|
|t:|1758335351
|move|p2a: Ribombee|Moonblast|p1a: Tinkaton
|-resisted|p1a: Tinkaton
|-damage|p1a: Tinkaton|73/100 par
|move|p1a: Tinkaton|Draining Kiss|p2a: Ribombee
|-damage|p2a: Ribombee|63/100
|-heal|p1a: Tinkaton|86/100 par|[from] drain|[of] p2a: Ribombee
|
|upkeep
|turn|5
|
|t:|1758335359
|move|p2a: Ribombee|Moonblast|p1a: Tinkaton
|-resisted|p1a: Tinkaton
|-damage|p1a: Tinkaton|71/100 par
|-unboost|p1a: Tinkaton|spa|1
|move|p1a: Tinkaton|Draining Kiss|p2a: Ribombee
|-damage|p2a: Ribombee|49/100
|-heal|p1a: Tinkaton|80/100 par|[from] drain|[of] p2a: Ribombee
|
|upkeep
|turn|6
|
|t:|1758335367
|move|p2a: Ribombee|Moonblast|p1a: Tinkaton
|-resisted|p1a: Tinkaton
|-damage|p1a: Tinkaton|66/100 par
|-unboost|p1a: Tinkaton|spa|1
|cant|p1a: Tinkaton|par
|
|-end|p2a: Ribombee|Encore
|upkeep
|turn|7
|
|t:|1758335395
|switch|p2a: Ting-Lu|Ting-Lu|100/100
|-damage|p2a: Ting-Lu|94/100|[from] Stealth Rock
|-ability|p2a: Ting-Lu|Vessel of Ruin
|move|p1a: Tinkaton|Draining Kiss|p2a: Ting-Lu
|-supereffective|p2a: Ting-Lu
|-damage|p2a: Ting-Lu|89/100
|-heal|p1a: Tinkaton|72/100 par|[from] drain|[of] p2a: Ting-Lu
|
|-heal|p2a: Ting-Lu|95/100|[from] item: Leftovers
|upkeep
|turn|8
|
|t:|1758335421
|move|p2a: Ting-Lu|Stealth Rock|p1a: Tinkaton
|-sidestart|p1: ay cheu|move: Stealth Rock
|cant|p1a: Tinkaton|par
|
|-heal|p2a: Ting-Lu|100/100|[from] item: Leftovers
|upkeep
|turn|9
|inactive|SML Shrek has 120 seconds left.
|
|t:|1758335436
|move|p2a: Ting-Lu|Spikes|p1a: Tinkaton
|-sidestart|p1: ay cheu|Spikes
|move|p1a: Tinkaton|Endeavor|p2a: Ting-Lu
|-damage|p2a: Ting-Lu|52/100
|
|-heal|p2a: Ting-Lu|58/100|[from] item: Leftovers
|upkeep
|turn|10
|
|t:|1758335444
|move|p2a: Ting-Lu|Spikes|p1a: Tinkaton
|-sidestart|p1: ay cheu|Spikes
|move|p1a: Tinkaton|Encore|p2a: Ting-Lu
|-start|p2a: Ting-Lu|Encore
|
|-heal|p2a: Ting-Lu|65/100|[from] item: Leftovers
|upkeep
|turn|11
|
|t:|1758335454
|move|p2a: Ting-Lu|Spikes|p1a: Tinkaton
|-sidestart|p1: ay cheu|Spikes
|move|p1a: Tinkaton|Draining Kiss|p2a: Ting-Lu
|-supereffective|p2a: Ting-Lu
|-damage|p2a: Ting-Lu|59/100
|-heal|p1a: Tinkaton|78/100 par|[from] drain|[of] p2a: Ting-Lu
|
|-heal|p2a: Ting-Lu|65/100|[from] item: Leftovers
|upkeep
|turn|12
|inactive|SML Shrek has 120 seconds left.
|
|t:|1758335474
|switch|p2a: Quaquaval|Quaquaval, M|100/100
|-damage|p2a: Quaquaval|94/100|[from] Stealth Rock
|switch|p1a: Garchomp|Garchomp, M|100/100
|-activate|p1a: Garchomp|move: Sticky Web
|-unboost|p1a: Garchomp|spe|1
|-damage|p1a: Garchomp|94/100|[from] Stealth Rock
|-damage|p1a: Garchomp|69/100|[from] Spikes
|
|upkeep
|turn|13
|inactive|SML Shrek has 120 seconds left.
|
|t:|1758335485
|move|p2a: Quaquaval|Rapid Spin|p1a: Garchomp
|-damage|p1a: Garchomp|52/100
|-boost|p2a: Quaquaval|spe|1
|-damage|p2a: Quaquaval|82/100|[from] ability: Rough Skin|[of] p1a: Garchomp
|-sideend|p2: SML Shrek|Stealth Rock|[from] move: Rapid Spin|[of] p2a: Quaquaval
|move|p1a: Garchomp|Scale Shot|p2a: Quaquaval
|-damage|p2a: Quaquaval|64/100
|-damage|p2a: Quaquaval|45/100
|-damage|p2a: Quaquaval|27/100
|-damage|p2a: Quaquaval|8/100
|-damage|p2a: Quaquaval|0 fnt
|faint|p2a: Quaquaval
|-hitcount|p2: Quaquaval|5
|-unboost|p1a: Garchomp|def|1
|-boost|p1a: Garchomp|spe|1
|
|upkeep
|inactive|SML Shrek has 120 seconds left.
|
|t:|1758335505
|switch|p2a: Ribombee|Ribombee, F|49/100
|turn|14
|
|t:|1758335514
|switch|p1a: Tinkaton|Tinkaton, F|78/100 par
|-activate|p1a: Tinkaton|move: Sticky Web
|-unboost|p1a: Tinkaton|spe|1
|-damage|p1a: Tinkaton|72/100 par|[from] Stealth Rock
|-damage|p1a: Tinkaton|47/100 par|[from] Spikes
|-ability|p1a: Tinkaton|Mold Breaker
|move|p2a: Ribombee|Moonblast|p1a: Tinkaton
|-resisted|p1a: Tinkaton
|-damage|p1a: Tinkaton|34/100 par
|
|upkeep
|turn|15
|inactive|SML Shrek has 120 seconds left.
|
|t:|1758335531
|switch|p2a: Gholdengo|Gholdengo|100/100
|-item|p2a: Gholdengo|Air Balloon
|move|p1a: Tinkaton|Stealth Rock|p2a: Gholdengo
|-sidestart|p2: SML Shrek|move: Stealth Rock
|
|upkeep
|turn|16
|
|t:|1758335541
|switch|p1a: Umbreon|Umbreon, M|100/100
|-activate|p1a: Umbreon|move: Sticky Web
|-unboost|p1a: Umbreon|spe|1
|-damage|p1a: Umbreon|88/100|[from] Stealth Rock
|-damage|p1a: Umbreon|63/100|[from] Spikes
|move|p2a: Gholdengo|Nasty Plot|p2a: Gholdengo
|-boost|p2a: Gholdengo|spa|2
|
|-heal|p1a: Umbreon|69/100|[from] item: Leftovers
|upkeep
|turn|17
|inactive|SML Shrek has 120 seconds left.
|
|t:|1758335556
|-terastallize|p2a: Gholdengo|Steel
|move|p1a: Umbreon|Protect|p1a: Umbreon
|-singleturn|p1a: Umbreon|Protect
|move|p2a: Gholdengo|Nasty Plot|p2a: Gholdengo
|-boost|p2a: Gholdengo|spa|2
|
|-heal|p1a: Umbreon|75/100|[from] item: Leftovers
|upkeep
|turn|18
|inactive|SML Shrek has 120 seconds left.
|
|t:|1758335565
|move|p2a: Gholdengo|Nasty Plot|p2a: Gholdengo
|-boost|p2a: Gholdengo|spa|2
|move|p1a: Umbreon|Foul Play|p2a: Gholdengo
|-damage|p2a: Gholdengo|83/100
|-enditem|p2a: Gholdengo|Air Balloon
|
|-heal|p1a: Umbreon|81/100|[from] item: Leftovers
|upkeep
|turn|19
|
|t:|1758335574
|switch|p1a: Tinkaton|Tinkaton, F|34/100 par
|-activate|p1a: Tinkaton|move: Sticky Web
|-unboost|p1a: Tinkaton|spe|1
|-damage|p1a: Tinkaton|28/100 par|[from] Stealth Rock
|-damage|p1a: Tinkaton|3/100 par|[from] Spikes
|-ability|p1a: Tinkaton|Mold Breaker
|move|p2a: Gholdengo|Dazzling Gleam|p1a: Tinkaton
|-resisted|p1a: Tinkaton
|-damage|p1a: Tinkaton|0 fnt
|faint|p1a: Tinkaton
|
|upkeep
|
|t:|1758335580
|switch|p1a: Zapdos|Zapdos-Galar|100/100
|-damage|p1a: Zapdos|88/100|[from] Stealth Rock
|turn|20
|
|t:|1758335590
|move|p1a: Zapdos|Close Combat|p2a: Gholdengo
|-supereffective|p2a: Gholdengo
|-damage|p2a: Gholdengo|0 fnt
|-unboost|p1a: Zapdos|def|1
|-unboost|p1a: Zapdos|spd|1
|faint|p2a: Gholdengo
|
|upkeep
|
|t:|1758335602
|switch|p2a: Sinistcha|Sinistcha|100/100
|-damage|p2a: Sinistcha|88/100|[from] Stealth Rock
|turn|21
|
|t:|1758335616
|switch|p1a: Gengar|Gengar, M|100/100
|move|p2a: Sinistcha|Stun Spore|p1a: Gengar
|-status|p1a: Gengar|par
|
|-heal|p2a: Sinistcha|94/100|[from] item: Leftovers
|upkeep
|turn|22
|
|t:|1758335624
|switch|p1a: Umbreon|Umbreon, M|81/100
|-activate|p1a: Umbreon|move: Sticky Web
|-unboost|p1a: Umbreon|spe|1
|-damage|p1a: Umbreon|69/100|[from] Stealth Rock
|-damage|p1a: Umbreon|44/100|[from] Spikes
|move|p2a: Sinistcha|Calm Mind|p2a: Sinistcha
|-boost|p2a: Sinistcha|spa|1
|-boost|p2a: Sinistcha|spd|1
|
|-heal|p2a: Sinistcha|99/100|[from] item: Leftovers
|-heal|p1a: Umbreon|50/100|[from] item: Leftovers
|upkeep
|turn|23
|
|t:|1758335635
|move|p2a: Sinistcha|Stun Spore|p1a: Umbreon|[miss]
|-miss|p2a: Sinistcha|p1a: Umbreon
|move|p1a: Umbreon|Thunder Wave|p2a: Sinistcha
|-status|p2a: Sinistcha|par
|
|-heal|p1a: Umbreon|56/100|[from] item: Leftovers
|-heal|p2a: Sinistcha|100/100 par|[from] item: Leftovers
|upkeep
|turn|24
|
|t:|1758335643
|move|p1a: Umbreon|Wish|p1a: Umbreon
|move|p2a: Sinistcha|Hex|p1a: Umbreon
|-resisted|p1a: Umbreon
|-damage|p1a: Umbreon|47/100
|
|-heal|p1a: Umbreon|53/100|[from] item: Leftovers
|upkeep
|turn|25
|
|t:|1758335649
|move|p1a: Umbreon|Foul Play|p2a: Sinistcha
|-supereffective|p2a: Sinistcha
|-damage|p2a: Sinistcha|76/100 par
|move|p2a: Sinistcha|Stun Spore|p1a: Umbreon
|-status|p1a: Umbreon|par
|-activate|p1a: Umbreon|ability: Synchronize
|-fail|p2a: Sinistcha|par
|
|-heal|p1a: Umbreon|100/100 par|[from] move: Wish|[wisher] Umbreon
|-heal|p2a: Sinistcha|82/100 par|[from] item: Leftovers
|upkeep
|turn|26
|
|t:|1758335665
|switch|p2a: Ting-Lu|Ting-Lu|65/100
|-damage|p2a: Ting-Lu|59/100|[from] Stealth Rock
|-ability|p2a: Ting-Lu|Vessel of Ruin
|move|p1a: Umbreon|Wish|p1a: Umbreon
|
|-heal|p2a: Ting-Lu|65/100|[from] item: Leftovers
|upkeep
|turn|27
|
|t:|1758335674
|switch|p1a: Zapdos|Zapdos-Galar|88/100
|-damage|p1a: Zapdos|76/100|[from] Stealth Rock
|move|p2a: Ting-Lu|Whirlwind|p1a: Zapdos
|drag|p1a: Gengar|Gengar, M|100/100 par
|
|-heal|p2a: Ting-Lu|71/100|[from] item: Leftovers
|upkeep
|turn|28
|
|t:|1758335686
|move|p1a: Gengar|Substitute|p1a: Gengar
|-start|p1a: Gengar|Substitute
|-damage|p1a: Gengar|76/100 par
|move|p2a: Ting-Lu|Ruination|p1a: Gengar
|-end|p1a: Gengar|Substitute
|
|-heal|p2a: Ting-Lu|78/100|[from] item: Leftovers
|upkeep
|turn|29
|
|t:|1758335694
|move|p1a: Gengar|Substitute|p1a: Gengar
|-start|p1a: Gengar|Substitute
|-damage|p1a: Gengar|51/100 par
|move|p2a: Ting-Lu|Whirlwind|p1a: Gengar
|drag|p1a: Zapdos|Zapdos-Galar|76/100
|-damage|p1a: Zapdos|63/100|[from] Stealth Rock
|
|-heal|p2a: Ting-Lu|84/100|[from] item: Leftovers
|upkeep
|turn|30
|
|t:|1758335702
|switch|p2a: Sinistcha|Sinistcha|82/100 par
|-damage|p2a: Sinistcha|70/100 par|[from] Stealth Rock
|move|p1a: Zapdos|Knock Off|p2a: Sinistcha
|-supereffective|p2a: Sinistcha
|-damage|p2a: Sinistcha|25/100 par
|-enditem|p2a: Sinistcha|Leftovers|[from] move: Knock Off|[of] p1a: Zapdos
|
|upkeep
|turn|31
|
|t:|1758335710
|move|p1a: Zapdos|Knock Off|p2a: Sinistcha
|-supereffective|p2a: Sinistcha
|-damage|p2a: Sinistcha|0 fnt
|faint|p2a: Sinistcha
|
|upkeep
|
|t:|1758335725
|switch|p2a: Ribombee|Ribombee, F|49/100
|-damage|p2a: Ribombee|24/100|[from] Stealth Rock
|turn|32
|
|t:|1758335733
|move|p1a: Zapdos|Knock Off|p2a: Ribombee
|-resisted|p2a: Ribombee
|-damage|p2a: Ribombee|0 fnt
|-enditem|p2a: Ribombee|Focus Sash|[from] move: Knock Off|[of] p1a: Zapdos
|faint|p2a: Ribombee
|
|upkeep
|
|t:|1758335739
|switch|p2a: Ting-Lu|Ting-Lu|84/100
|-damage|p2a: Ting-Lu|78/100|[from] Stealth Rock
|-ability|p2a: Ting-Lu|Vessel of Ruin
|turn|33
|
|t:|1758335744
|move|p1a: Zapdos|Knock Off|p2a: Ting-Lu
|-resisted|p2a: Ting-Lu
|-damage|p2a: Ting-Lu|69/100
|-enditem|p2a: Ting-Lu|Leftovers|[from] move: Knock Off|[of] p1a: Zapdos
|move|p2a: Ting-Lu|Ruination|p1a: Zapdos
|-damage|p1a: Zapdos|32/100
|
|upkeep
|turn|34
|
|t:|1758335751
|switch|p1a: Umbreon|Umbreon, M|100/100 par
|-activate|p1a: Umbreon|move: Sticky Web
|-unboost|p1a: Umbreon|spe|1
|-damage|p1a: Umbreon|88/100 par|[from] Stealth Rock
|-damage|p1a: Umbreon|63/100 par|[from] Spikes
|move|p2a: Ting-Lu|Ruination|p1a: Umbreon|[miss]
|-miss|p2a: Ting-Lu|p1a: Umbreon
|
|-heal|p1a: Umbreon|69/100 par|[from] item: Leftovers
|upkeep
|turn|35
|
|t:|1758335761
|move|p1a: Umbreon|Wish|p1a: Umbreon
|move|p2a: Ting-Lu|Whirlwind|p1a: Umbreon
|drag|p1a: 阿黄|Arcanine, M|100/100
|-activate|p1a: 阿黄|move: Sticky Web
|-unboost|p1a: 阿黄|spe|1
|-damage|p1a: 阿黄|76/100|[from] Stealth Rock
|-damage|p1a: 阿黄|51/100|[from] Spikes
|-ability|p1a: 阿黄|Intimidate|boost
|-unboost|p2a: Ting-Lu|atk|1
|
|upkeep
|turn|36
|
|t:|1758335772
|-terastallize|p1a: 阿黄|Grass
|move|p1a: 阿黄|Tera Blast|p2a: Ting-Lu|[anim] Tera Blast Grass
|-supereffective|p2a: Ting-Lu
|-damage|p2a: Ting-Lu|23/100
|move|p2a: Ting-Lu|Whirlwind|p1a: 阿黄
|drag|p1a: Garchomp|Garchomp, M|52/100
|-activate|p1a: Garchomp|move: Sticky Web
|-unboost|p1a: Garchomp|spe|1
|-damage|p1a: Garchomp|46/100|[from] Stealth Rock
|-damage|p1a: Garchomp|21/100|[from] Spikes
|
|-heal|p1a: Garchomp|76/100|[from] move: Wish|[wisher] Umbreon
|upkeep
|turn|37
|
|t:|1758335785
|move|p1a: Garchomp|Scale Shot|p2a: Ting-Lu|[miss]
|-miss|p1a: Garchomp|p2a: Ting-Lu
|move|p2a: Ting-Lu|Whirlwind|p1a: Garchomp
|drag|p1a: 阿黄|Arcanine, M, tera:Grass|51/100
|-activate|p1a: 阿黄|move: Sticky Web
|-unboost|p1a: 阿黄|spe|1
|-damage|p1a: 阿黄|38/100|[from] Stealth Rock
|-damage|p1a: 阿黄|13/100|[from] Spikes
|-ability|p1a: 阿黄|Intimidate|boost
|-unboost|p2a: Ting-Lu|atk|1
|
|upkeep
|turn|38
|
|t:|1758335795
|move|p1a: 阿黄|Flamethrower|p2a: Ting-Lu
|-damage|p2a: Ting-Lu|0 fnt
|faint|p2a: Ting-Lu
|
|upkeep
|
|t:|1758335800
|switch|p2a: Cinderace|Cinderace, F|100/100
|turn|39
|
|t:|1758335805
|move|p2a: Cinderace|Pyro Ball|p1a: 阿黄|[miss]
|-miss|p2a: Cinderace|p1a: 阿黄
|move|p1a: 阿黄|Flamethrower|p2a: Cinderace
|-resisted|p2a: Cinderace
|-damage|p2a: Cinderace|61/100
|
|upkeep
|turn|40
|
|t:|1758335810
|move|p2a: Cinderace|Pyro Ball|p1a: 阿黄
|-supereffective|p1a: 阿黄
|-damage|p1a: 阿黄|0 fnt
|faint|p1a: 阿黄
|
|upkeep
|
|t:|1758335817
|switch|p1a: Umbreon|Umbreon, M|69/100 par
|-activate|p1a: Umbreon|move: Sticky Web
|-unboost|p1a: Umbreon|spe|1
|-damage|p1a: Umbreon|57/100 par|[from] Stealth Rock
|-damage|p1a: Umbreon|32/100 par|[from] Spikes
|turn|41
|
|t:|1758335823
|cant|p1a: Umbreon|par
|move|p2a: Cinderace|Pyro Ball|p1a: Umbreon
|-damage|p1a: Umbreon|0 fnt
|faint|p1a: Umbreon
|
|upkeep
|
|t:|1758335825
|switch|p1a: Zapdos|Zapdos-Galar|32/100
|-damage|p1a: Zapdos|20/100|[from] Stealth Rock
|turn|42
|
|t:|1758335831
|move|p2a: Cinderace|Sucker Punch|p1a: Zapdos
|-start|p2a: Cinderace|typechange|Dark|[from] ability: Libero
|-resisted|p1a: Zapdos
|-damage|p1a: Zapdos|0 fnt
|faint|p1a: Zapdos
|
|upkeep
|
|t:|1758335834
|switch|p1a: Garchomp|Garchomp, M|76/100
|-activate|p1a: Garchomp|move: Sticky Web
|-unboost|p1a: Garchomp|spe|1
|-damage|p1a: Garchomp|70/100|[from] Stealth Rock
|-damage|p1a: Garchomp|45/100|[from] Spikes
|turn|43
|
|t:|1758335844
|move|p2a: Cinderace|Sucker Punch|p1a: Garchomp
|-damage|p1a: Garchomp|13/100
|-damage|p2a: Cinderace|48/100|[from] ability: Rough Skin|[of] p1a: Garchomp
|move|p1a: Garchomp|Scale Shot|p2a: Cinderace
|-damage|p2a: Cinderace|28/100
|-damage|p2a: Cinderace|9/100
|-damage|p2a: Cinderace|0 fnt
|faint|p2a: Cinderace
|-hitcount|p2: Cinderace|3
|
|win|ay cheu
|raw|ay cheu's rating: 1480 &rarr; <strong>1498</strong><br />(+18 for winning)
|raw|SML Shrek's rating: 1446 &rarr; <strong>1428</strong><br />(-18 for losing)
|l|☆SML Shrek
|player|p2|
