|j|☆kargreyy
|j|☆LimeLightPokemon
|t:|1758375511
|gametype|singles
|player|p1|kargreyy|266|1304
|player|p2|LimeLightPokemon|medium|1294
|gen|9
|tier|[Gen 9] OU
|rated|
|rule|HP Percentage Mod: HP is shown in percentages
|rule|Endless Battle Clause: Forcing endless battles is banned
|rule|Species Clause: Limit one of each Pokémon
|rule|OHKO Clause: OHKO moves are banned
|rule|Evasion Items Clause: Evasion items are banned
|rule|Evasion Moves Clause: Evasion moves are banned
|rule|Evasion Abilities Clause: Evasion abilities are banned
|rule|Sleep Moves Clause: Sleep-inducing moves are banned
|clearpoke
|poke|p1|Slowking-Galar, F|
|poke|p1|Cinderace, F|
|poke|p1|Alomomola, F|
|poke|p1|Enamorus, F|
|poke|p1|Skeledirge, F|
|poke|p1|Persian-Alola, M|
|poke|p2|Garganacl, M|
|poke|p2|Clefable, M|
|poke|p2|Cinderace, M|
|poke|p2|Manaphy|
|poke|p2|Ogerpon-Cornerstone, F|
|poke|p2|Great Tusk|
|teampreview
|
|t:|1758375548
|teamsize|p1|6
|teamsize|p2|6
|start
|switch|p1a: Enamorus|Enamorus, F|100/100
|switch|p2a: I'm teraing|Garganacl, M|100/100
|turn|1
|
|t:|1758375571
|-terastallize|p2a: I'm teraing|Water
|move|p1a: Enamorus|Earth Power|p2a: I'm teraing
|-damage|p2a: I'm teraing|77/100
|move|p2a: I'm teraing|Stealth Rock|p1a: Enamorus
|-sidestart|p1: kargreyy|move: Stealth Rock
|
|-heal|p2a: I'm teraing|83/100|[from] item: Leftovers
|upkeep
|turn|2
|
|t:|1758375582
|switch|p1a: Slowking|Slowking-Galar, F|100/100
|-damage|p1a: Slowking|88/100|[from] Stealth Rock
|move|p2a: I'm teraing|Salt Cure|p1a: Slowking
|-damage|p1a: Slowking|76/100
|-start|p1a: Slowking|Salt Cure
|
|-heal|p2a: I'm teraing|89/100|[from] item: Leftovers
|-damage|p1a: Slowking|63/100|[from] Salt Cure
|upkeep
|turn|3
|
|t:|1758375594
|move|p2a: I'm teraing|Protect|p2a: I'm teraing
|-singleturn|p2a: I'm teraing|Protect
|move|p1a: Slowking|Future Sight|p2a: I'm teraing
|-start|p1a: Slowking|move: Future Sight
|
|-heal|p2a: I'm teraing|95/100|[from] item: Leftovers
|-damage|p1a: Slowking|51/100|[from] Salt Cure
|upkeep
|turn|4
|
|t:|1758375623
|switch|p1a: Persian|Persian-Alola, M|100/100
|-damage|p1a: Persian|88/100|[from] Stealth Rock
|move|p2a: I'm teraing|Recover|p2a: I'm teraing
|-heal|p2a: I'm teraing|100/100
|
|upkeep
|turn|5
|
|t:|1758375632
|move|p2a: I'm teraing|Protect|p2a: I'm teraing
|-singleturn|p2a: I'm teraing|Protect
|move|p1a: Persian|Taunt|p2a: I'm teraing
|-activate|p2a: I'm teraing|move: Protect
|
|-end|p2a: I'm teraing|move: Future Sight
|-damage|p2a: I'm teraing|64/100
|-heal|p2a: I'm teraing|70/100|[from] item: Leftovers
|upkeep
|turn|6
|
|t:|1758375643
|move|p1a: Persian|Taunt|p2a: I'm teraing
|-start|p2a: I'm teraing|move: Taunt
|cant|p2a: I'm teraing|move: Taunt|Recover
|
|-heal|p2a: I'm teraing|76/100|[from] item: Leftovers
|upkeep
|turn|7
|
|t:|1758375654
|switch|p1a: Slowking|Slowking-Galar, F|84/100
|-damage|p1a: Slowking|72/100|[from] Stealth Rock
|move|p2a: I'm teraing|Salt Cure|p1a: Slowking
|-damage|p1a: Slowking|60/100
|-start|p1a: Slowking|Salt Cure
|
|-heal|p2a: I'm teraing|82/100|[from] item: Leftovers
|-damage|p1a: Slowking|47/100|[from] Salt Cure
|upkeep
|turn|8
|
|t:|1758375666
|move|p2a: I'm teraing|Salt Cure|p1a: Slowking
|-damage|p1a: Slowking|35/100
|move|p1a: Slowking|Future Sight|p2a: I'm teraing
|-start|p1a: Slowking|move: Future Sight
|
|-heal|p2a: I'm teraing|89/100|[from] item: Leftovers
|-damage|p1a: Slowking|22/100|[from] Salt Cure
|-end|p2a: I'm teraing|move: Taunt
|upkeep
|turn|9
|
|t:|1758375677
|switch|p1a: Persian|Persian-Alola, M|88/100
|-damage|p1a: Persian|76/100|[from] Stealth Rock
|move|p2a: I'm teraing|Salt Cure|p1a: Persian
|-damage|p1a: Persian|68/100
|-start|p1a: Persian|Salt Cure
|
|-heal|p2a: I'm teraing|95/100|[from] item: Leftovers
|-damage|p1a: Persian|56/100|[from] Salt Cure
|upkeep
|turn|10
|
|t:|1758375690
|move|p1a: Persian|Taunt|p2a: I'm teraing
|-start|p2a: I'm teraing|move: Taunt
|move|p2a: I'm teraing|Salt Cure|p1a: Persian
|-damage|p1a: Persian|48/100
|
|-end|p2a: I'm teraing|move: Future Sight
|-damage|p2a: I'm teraing|58/100
|-heal|p2a: I'm teraing|64/100|[from] item: Leftovers
|-damage|p1a: Persian|36/100|[from] Salt Cure
|upkeep
|turn|11
|
|t:|1758375700
|move|p1a: Persian|Parting Shot|p2a: I'm teraing
|-unboost|p2a: I'm teraing|atk|1
|-unboost|p2a: I'm teraing|spa|1
|
|t:|1758375707
|switch|p1a: Slowking|Slowking-Galar, F|55/100|[from] Parting Shot
|-damage|p1a: Slowking|43/100|[from] Stealth Rock
|move|p2a: I'm teraing|Salt Cure|p1a: Slowking
|-damage|p1a: Slowking|35/100
|-start|p1a: Slowking|Salt Cure
|
|-heal|p2a: I'm teraing|70/100|[from] item: Leftovers
|-damage|p1a: Slowking|23/100|[from] Salt Cure
|upkeep
|turn|12
|
|t:|1758375721
|switch|p1a: Alomomola|Alomomola, F|100/100
|-damage|p1a: Alomomola|88/100|[from] Stealth Rock
|move|p2a: I'm teraing|Salt Cure|p1a: Alomomola
|-damage|p1a: Alomomola|83/100
|-start|p1a: Alomomola|Salt Cure
|
|-heal|p2a: I'm teraing|76/100|[from] item: Leftovers
|-damage|p1a: Alomomola|58/100|[from] Salt Cure
|-end|p2a: I'm teraing|move: Taunt
|upkeep
|turn|13
|
|t:|1758375733
|move|p1a: Alomomola|Flip Turn|p2a: I'm teraing
|-resisted|p2a: I'm teraing
|-damage|p2a: I'm teraing|71/100
|
|t:|1758375741
|switch|p1a: Slowking|Slowking-Galar, F|56/100|[from] Flip Turn
|-damage|p1a: Slowking|43/100|[from] Stealth Rock
|move|p2a: I'm teraing|Recover|p2a: I'm teraing
|-heal|p2a: I'm teraing|100/100
|
|upkeep
|turn|14
|
|t:|1758375750
|move|p2a: I'm teraing|Salt Cure|p1a: Slowking
|-damage|p1a: Slowking|35/100
|-start|p1a: Slowking|Salt Cure
|move|p1a: Slowking|Future Sight|p2a: I'm teraing
|-start|p1a: Slowking|move: Future Sight
|
|-damage|p1a: Slowking|22/100|[from] Salt Cure
|upkeep
|turn|15
|
|t:|1758375757
|switch|p1a: Alomomola|Alomomola, F|92/100
|-damage|p1a: Alomomola|79/100|[from] Stealth Rock
|move|p2a: I'm teraing|Salt Cure|p1a: Alomomola
|-damage|p1a: Alomomola|74/100
|-start|p1a: Alomomola|Salt Cure
|
|-damage|p1a: Alomomola|49/100|[from] Salt Cure
|upkeep
|turn|16
|
|t:|1758375766
|move|p2a: I'm teraing|Protect|p2a: I'm teraing
|-singleturn|p2a: I'm teraing|Protect
|move|p1a: Alomomola|Wish|p1a: Alomomola
|
|-end|p2a: I'm teraing|move: Future Sight
|-damage|p2a: I'm teraing|65/100
|-heal|p2a: I'm teraing|71/100|[from] item: Leftovers
|-damage|p1a: Alomomola|24/100|[from] Salt Cure
|upkeep
|turn|17
|
|t:|1758375776
|switch|p1a: Persian|Persian-Alola, M|36/100
|-damage|p1a: Persian|23/100|[from] Stealth Rock
|move|p2a: I'm teraing|Recover|p2a: I'm teraing
|-heal|p2a: I'm teraing|100/100
|
|-heal|p1a: Persian|100/100|[from] move: Wish|[wisher] Alomomola
|upkeep
|turn|18
|
|t:|1758375790
|move|p1a: Persian|Taunt|p2a: I'm teraing
|-start|p2a: I'm teraing|move: Taunt
|move|p2a: I'm teraing|Salt Cure|p1a: Persian
|-crit|p1a: Persian
|-damage|p1a: Persian|89/100
|-start|p1a: Persian|Salt Cure
|
|-damage|p1a: Persian|77/100|[from] Salt Cure
|upkeep
|turn|19
|
|t:|1758375819
|switch|p2a: Clefable|Clefable, M|100/100
|move|p1a: Persian|Thunder Wave|p2a: Clefable
|-status|p2a: Clefable|par
|
|-damage|p1a: Persian|64/100|[from] Salt Cure
|upkeep
|turn|20
|
|t:|1758375827
|move|p1a: Persian|Parting Shot|p2a: Clefable
|-unboost|p2a: Clefable|atk|1
|-unboost|p2a: Clefable|spa|1
|
|t:|1758375830
|switch|p1a: Slowking|Slowking-Galar, F|56/100|[from] Parting Shot
|-damage|p1a: Slowking|43/100|[from] Stealth Rock
|cant|p2a: Clefable|par
|
|upkeep
|turn|21
|
|t:|1758375835
|switch|p1a: Alomomola|Alomomola, F|58/100
|-damage|p1a: Alomomola|45/100|[from] Stealth Rock
|move|p2a: Clefable|Thunder Wave|p1a: Alomomola
|-status|p1a: Alomomola|par
|
|upkeep
|turn|22
|
|t:|1758375849
|switch|p1a: Slowking|Slowking-Galar, F|76/100
|-damage|p1a: Slowking|64/100|[from] Stealth Rock
|move|p2a: Clefable|Knock Off|p1a: Slowking
|-supereffective|p1a: Slowking
|-damage|p1a: Slowking|47/100
|-enditem|p1a: Slowking|Assault Vest|[from] move: Knock Off|[of] p2a: Clefable
|
|upkeep
|turn|23
|
|t:|1758375859
|switch|p1a: Alomomola|Alomomola, F|79/100 par
|-damage|p1a: Alomomola|66/100 par|[from] Stealth Rock
|move|p2a: Clefable|Thunder Wave|p1a: Alomomola
|-fail|p1a: Alomomola|par
|
|upkeep
|turn|24
|
|t:|1758375870
|move|p1a: Alomomola|Wish|p1a: Alomomola
|move|p2a: Clefable|Knock Off|p1a: Alomomola
|-damage|p1a: Alomomola|60/100 par
|-damage|p2a: Clefable|84/100 par|[from] item: Rocky Helmet|[of] p1a: Alomomola
|-enditem|p1a: Alomomola|Rocky Helmet|[from] move: Knock Off|[of] p2a: Clefable
|
|-heal|p2a: Clefable|90/100 par|[from] item: Leftovers
|upkeep
|turn|25
|
|t:|1758375881
|move|p1a: Alomomola|Flip Turn|p2a: Clefable
|-damage|p2a: Clefable|78/100 par
|
|t:|1758375884
|switch|p1a: Cinderace|Cinderace, F|100/100|[from] Flip Turn
|-damage|p1a: Cinderace|76/100|[from] Stealth Rock
|move|p2a: Clefable|Thunder Wave|p1a: Cinderace
|-status|p1a: Cinderace|par
|
|-heal|p1a: Cinderace|100/100 par|[from] move: Wish|[wisher] Alomomola
|-heal|p2a: Clefable|84/100 par|[from] item: Leftovers
|upkeep
|turn|26
|
|t:|1758375909
|move|p1a: Cinderace|High Jump Kick|p2a: Clefable
|-start|p1a: Cinderace|typechange|Fighting|[from] ability: Libero
|-resisted|p2a: Clefable
|-damage|p2a: Clefable|46/100 par
|move|p2a: Clefable|Knock Off|p1a: Cinderace
|-resisted|p1a: Cinderace
|-damage|p1a: Cinderace|93/100 par
|-enditem|p1a: Cinderace|Choice Band|[from] move: Knock Off|[of] p2a: Clefable
|
|-heal|p2a: Clefable|52/100 par|[from] item: Leftovers
|upkeep
|turn|27
|
|t:|1758375920
|move|p1a: Cinderace|Court Change|p1a: Cinderace
|-swapsideconditions
|-activate|p1a: Cinderace|move: Court Change
|cant|p2a: Clefable|par
|
|-heal|p2a: Clefable|58/100 par|[from] item: Leftovers
|upkeep
|turn|28
|
|t:|1758375923
|move|p1a: Cinderace|U-turn|p2a: Clefable
|-resisted|p2a: Clefable
|-damage|p2a: Clefable|49/100 par
|
|t:|1758375928
|switch|p1a: Skeledirge|Skeledirge, F|100/100|[from] U-turn
|cant|p2a: Clefable|par
|
|-heal|p2a: Clefable|56/100 par|[from] item: Leftovers
|upkeep
|turn|29
|
|t:|1758375940
|move|p1a: Skeledirge|Torch Song|p2a: Clefable
|-damage|p2a: Clefable|15/100 par
|-boost|p1a: Skeledirge|spa|1
|move|p2a: Clefable|Thunder Wave|p1a: Skeledirge|[miss]
|-miss|p2a: Clefable|p1a: Skeledirge
|
|-heal|p2a: Clefable|21/100 par|[from] item: Leftovers
|upkeep
|turn|30
|
|t:|1758375949
|move|p1a: Skeledirge|Flame Charge|p2a: Clefable
|-crit|p2a: Clefable
|-damage|p2a: Clefable|6/100 par
|-boost|p1a: Skeledirge|spe|1
|move|p2a: Clefable|Thunder Wave|p1a: Skeledirge
|-status|p1a: Skeledirge|par
|
|-heal|p2a: Clefable|12/100 par|[from] item: Leftovers
|upkeep
|turn|31
|
|t:|1758375956
|move|p1a: Skeledirge|Flame Charge|p2a: Clefable
|-damage|p2a: Clefable|3/100 par
|-boost|p1a: Skeledirge|spe|1
|move|p2a: Clefable|Moonlight|p2a: Clefable
|-heal|p2a: Clefable|53/100 par
|
|-heal|p2a: Clefable|59/100 par|[from] item: Leftovers
|upkeep
|turn|32
|
|t:|1758375971
|move|p1a: Skeledirge|Torch Song|p2a: Clefable
|-crit|p2a: Clefable
|-damage|p2a: Clefable|6/100 par
|-boost|p1a: Skeledirge|spa|1
|cant|p2a: Clefable|par
|
|-heal|p2a: Clefable|12/100 par|[from] item: Leftovers
|upkeep
|turn|33
|
|t:|1758375983
|switch|p2a: John|Manaphy|100/100
|-damage|p2a: John|88/100|[from] Stealth Rock
|cant|p1a: Skeledirge|par
|
|-heal|p2a: John|94/100|[from] item: Leftovers
|upkeep
|turn|34
|
|t:|1758375992
|move|p2a: John|Substitute|p2a: John
|-start|p2a: John|Substitute
|-damage|p2a: John|69/100
|cant|p1a: Skeledirge|par
|
|-heal|p2a: John|76/100|[from] item: Leftovers
|upkeep
|turn|35
|
|t:|1758376002
|move|p2a: John|Tail Glow|p2a: John
|-boost|p2a: John|spa|3
|move|p1a: Skeledirge|Earth Power|p2a: John
|-end|p2a: John|Substitute
|
|-heal|p2a: John|82/100|[from] item: Leftovers
|upkeep
|turn|36
|
|t:|1758376009
|move|p2a: John|Surf|p1a: Skeledirge
|-supereffective|p1a: Skeledirge
|-damage|p1a: Skeledirge|35/100 par
|move|p1a: Skeledirge|Earth Power|p2a: John
|-damage|p2a: John|20/100
|
|-heal|p2a: John|26/100|[from] item: Leftovers
|upkeep
|turn|37
|
|t:|1758376017
|switch|p1a: Enamorus|Enamorus, F|100/100
|move|p2a: John|Surf|p1a: Enamorus
|-damage|p1a: Enamorus|0 fnt
|faint|p1a: Enamorus
|
|-heal|p2a: John|32/100|[from] item: Leftovers
|upkeep
|
|t:|1758376025
|switch|p1a: Slowking|Slowking-Galar, F|80/100
|turn|38
|
|t:|1758376036
|move|p2a: John|Surf|p1a: Slowking
|-damage|p1a: Slowking|0 fnt
|faint|p1a: Slowking
|
|-heal|p2a: John|38/100|[from] item: Leftovers
|upkeep
|-message|kargreyy forfeited.
|
|win|LimeLightPokemon
|raw|kargreyy's rating: 1304 &rarr; <strong>1283</strong><br />(-21 for losing)
|raw|LimeLightPokemon's rating: 1294 &rarr; <strong>1320</strong><br />(+26 for winning)
|l|☆kargreyy
|player|p1|
|l|☆LimeLightPokemon
|player|p2|
