|j|☆Amigo26
|j|☆MiaTaylor612
|t:|1758273292
|gametype|singles
|player|p1|Amigo26|nate|1589
|player|p2|MiaTaylor612|idol|1616
|gen|9
|tier|[Gen 9] OU
|rated|
|rule|HP Percentage Mod: HP is shown in percentages
|rule|Endless Battle Clause: Forcing endless battles is banned
|rule|Species Clause: Limit one of each Pokémon
|rule|OHKO Clause: OHKO moves are banned
|rule|Evasion Items Clause: Evasion items are banned
|rule|Evasion Moves Clause: Evasion moves are banned
|rule|Evasion Abilities Clause: Evasion abilities are banned
|rule|Sleep Moves Clause: Sleep-inducing moves are banned
|clearpoke
|poke|p1|Zamazenta-*|
|poke|p1|Kingambit, M|
|poke|p1|Samurott-Hisui, F|
|poke|p1|Landorus-Therian, M|
|poke|p1|Iron Valiant|
|poke|p1|Cinderace, F|
|poke|p2|Hoopa-Unbound|
|poke|p2|Pecharunt|
|poke|p2|Slowking-Galar, F|
|poke|p2|Great Tusk|
|poke|p2|Corviknight, M|
|poke|p2|Cinderace, F|
|teampreview
|inactive|Battle timer is ON: inactive players will automatically lose when time's up. (requested by Amigo26)
|inactive|MiaTaylor612 also wants the timer to be on.
|
|t:|1758273318
|teamsize|p1|6
|teamsize|p2|6
|start
|switch|p1a: Samurott|Samurott-Hisui, F|100/100
|switch|p2a: Great Tusk|Great Tusk|100/100
|turn|1
|
|t:|1758273324
|-end|p2a: Great Tusk|Protosynthesis|[silent]
|switch|p2a: Pecharunt|Pecharunt|100/100
|move|p1a: Samurott|Razor Shell|p2a: Pecharunt
|-damage|p2a: Pecharunt|67/100
|
|upkeep
|turn|2
|
|t:|1758273331
|move|p2a: Pecharunt|Parting Shot|p1a: Samurott
|-unboost|p1a: Samurott|atk|1
|-unboost|p1a: Samurott|spa|1
|
|t:|1758273335
|switch|p2a: Corviknight|Corviknight, M|100/100|[from] Parting Shot
|-ability|p2a: Corviknight|Pressure
|move|p1a: Samurott|Ceaseless Edge|p2a: Corviknight
|-damage|p2a: Corviknight|81/100
|-damage|p1a: Samurott|84/100|[from] item: Rocky Helmet|[of] p2a: Corviknight
|-sidestart|p2: MiaTaylor612|Spikes
|
|upkeep
|turn|3
|
|t:|1758273343
|switch|p1a: Cinderace|Cinderace, F|100/100
|move|p2a: Corviknight|U-turn|p1a: Cinderace
|-resisted|p1a: Cinderace
|-damage|p1a: Cinderace|91/100
|
|t:|1758273347
|switch|p2a: Pecharunt|Pecharunt|67/100|[from] U-turn
|
|upkeep
|turn|4
|
|t:|1758273351
|move|p1a: Cinderace|U-turn|p2a: Pecharunt
|-resisted|p2a: Pecharunt
|-damage|p2a: Pecharunt|64/100
|
|t:|1758273353
|switch|p1a: Samurott|Samurott-Hisui, F|84/100|[from] U-turn
|move|p2a: Pecharunt|Recover|p2a: Pecharunt
|-heal|p2a: Pecharunt|100/100
|
|upkeep
|turn|5
|
|t:|1758273357
|move|p2a: Pecharunt|Parting Shot|p1a: Samurott
|-unboost|p1a: Samurott|atk|1
|-unboost|p1a: Samurott|spa|1
|
|t:|1758273360
|switch|p2a: Corviknight|Corviknight, M|81/100|[from] Parting Shot
|-ability|p2a: Corviknight|Pressure
|move|p1a: Samurott|Ceaseless Edge|p2a: Corviknight
|-damage|p2a: Corviknight|63/100
|-damage|p1a: Samurott|68/100|[from] item: Rocky Helmet|[of] p2a: Corviknight
|-sidestart|p2: MiaTaylor612|Spikes
|
|upkeep
|turn|6
|
|t:|1758273367
|move|p1a: Samurott|Knock Off|p2a: Corviknight
|-damage|p2a: Corviknight|44/100
|-damage|p1a: Samurott|51/100|[from] item: Rocky Helmet|[of] p2a: Corviknight
|-enditem|p2a: Corviknight|Rocky Helmet|[from] move: Knock Off|[of] p1a: Samurott
|move|p2a: Corviknight|Roost|p2a: Corviknight
|-heal|p2a: Corviknight|94/100
|-singleturn|p2a: Corviknight|move: Roost
|
|upkeep
|turn|7
|
|t:|1758273370
|switch|p1a: Landorus|Landorus-Therian, M|100/100
|-ability|p1a: Landorus|Intimidate|boost
|-unboost|p2a: Corviknight|atk|1
|move|p2a: Corviknight|Body Press|p1a: Landorus
|-resisted|p1a: Landorus
|-damage|p1a: Landorus|87/100
|-damage|p2a: Corviknight|78/100|[from] item: Rocky Helmet|[of] p1a: Landorus
|
|upkeep
|turn|8
|
|t:|1758273374
|switch|p2a: Cinderace|Cinderace, F|100/100
|move|p1a: Landorus|Taunt|p2a: Cinderace
|-start|p2a: Cinderace|move: Taunt
|
|upkeep
|turn|9
|
|t:|1758273378
|move|p2a: Cinderace|U-turn|p1a: Landorus
|-start|p2a: Cinderace|typechange|Bug|[from] ability: Libero
|-resisted|p1a: Landorus
|-damage|p1a: Landorus|72/100
|-damage|p2a: Cinderace|84/100|[from] item: Rocky Helmet|[of] p1a: Landorus
|
|t:|1758273381
|switch|p2a: Corviknight|Corviknight, M|78/100|[from] U-turn
|-ability|p2a: Corviknight|Pressure
|move|p1a: Landorus|Earthquake|p2a: Corviknight
|-immune|p2a: Corviknight
|
|upkeep
|turn|10
|
|t:|1758273384
|move|p1a: Landorus|Taunt|p2a: Corviknight
|-start|p2a: Corviknight|move: Taunt
|move|p2a: Corviknight|U-turn|p1a: Landorus
|-resisted|p1a: Landorus
|-damage|p1a: Landorus|64/100
|-damage|p2a: Corviknight|61/100|[from] item: Rocky Helmet|[of] p1a: Landorus
|
|t:|1758273389
|switch|p2a: Great Tusk|Great Tusk|100/100|[from] U-turn
|
|upkeep
|turn|11
|
|t:|1758273394
|move|p1a: Landorus|Taunt|p2a: Great Tusk
|-start|p2a: Great Tusk|move: Taunt
|move|p2a: Great Tusk|Rapid Spin|p1a: Landorus
|-damage|p1a: Landorus|46/100
|-boost|p2a: Great Tusk|spe|1
|-damage|p2a: Great Tusk|84/100|[from] item: Rocky Helmet|[of] p1a: Landorus
|-sideend|p2: MiaTaylor612|Spikes|[from] move: Rapid Spin|[of] p2a: Great Tusk
|
|upkeep
|turn|12
|
|t:|1758273401
|switch|p1a: Samurott|Samurott-Hisui, F|51/100
|move|p2a: Great Tusk|Ice Spinner|p1a: Samurott
|-resisted|p1a: Samurott
|-damage|p1a: Samurott|35/100
|
|upkeep
|turn|13
|
|t:|1758273407
|move|p2a: Great Tusk|Ice Spinner|p1a: Samurott
|-resisted|p1a: Samurott
|-crit|p1a: Samurott
|-damage|p1a: Samurott|10/100
|move|p1a: Samurott|Razor Shell|p2a: Great Tusk
|-supereffective|p2a: Great Tusk
|-crit|p2a: Great Tusk
|-damage|p2a: Great Tusk|0 fnt
|faint|p2a: Great Tusk
|-end|p2a: Great Tusk|Protosynthesis|[silent]
|
|upkeep
|
|t:|1758273414
|switch|p2a: Pecharunt|Pecharunt|100/100
|turn|14
|
|t:|1758273418
|move|p2a: Pecharunt|Foul Play|p1a: Samurott
|-resisted|p1a: Samurott
|-damage|p1a: Samurott|0 fnt
|faint|p1a: Samurott
|
|upkeep
|
|t:|1758273422
|switch|p1a: Landorus|Landorus-Therian, M|46/100
|-ability|p1a: Landorus|Intimidate|boost
|-unboost|p2a: Pecharunt|atk|1
|turn|15
|
|t:|1758273426
|move|p1a: Landorus|Earthquake|p2a: Pecharunt
|-supereffective|p2a: Pecharunt
|-damage|p2a: Pecharunt|44/100
|move|p2a: Pecharunt|Malignant Chain|p1a: Landorus
|-resisted|p1a: Landorus
|-damage|p1a: Landorus|29/100
|
|upkeep
|turn|16
|
|t:|1758273432
|switch|p2a: Corviknight|Corviknight, M|61/100
|-ability|p2a: Corviknight|Pressure
|move|p1a: Landorus|Stealth Rock|p2a: Corviknight
|-sidestart|p2: MiaTaylor612|move: Stealth Rock
|
|upkeep
|turn|17
|
|t:|1758273434
|move|p1a: Landorus|Taunt|p2a: Corviknight
|-start|p2a: Corviknight|move: Taunt
|move|p2a: Corviknight|U-turn|p1a: Landorus
|-resisted|p1a: Landorus
|-damage|p1a: Landorus|22/100
|-damage|p2a: Corviknight|45/100|[from] item: Rocky Helmet|[of] p1a: Landorus
|
|t:|1758273436
|switch|p2a: Cinderace|Cinderace, F|84/100|[from] U-turn
|
|upkeep
|turn|18
|
|t:|1758273439
|move|p2a: Cinderace|Pyro Ball|p1a: Landorus
|-crit|p1a: Landorus
|-damage|p1a: Landorus|0 fnt
|faint|p1a: Landorus
|
|upkeep
|
|t:|1758273445
|switch|p1a: Zamazenta|Zamazenta|100/100
|-ability|p1a: Zamazenta|Dauntless Shield|boost
|-boost|p1a: Zamazenta|def|1
|turn|19
|
|t:|1758273450
|move|p1a: Zamazenta|Body Press|p2a: Cinderace
|-damage|p2a: Cinderace|13/100
|move|p2a: Cinderace|U-turn|p1a: Zamazenta
|-start|p2a: Cinderace|typechange|Bug|[from] ability: Libero
|-resisted|p1a: Zamazenta
|-crit|p1a: Zamazenta
|-damage|p1a: Zamazenta|83/100
|
|t:|1758273455
|switch|p2a: Slowking|Slowking-Galar, F|100/100|[from] U-turn
|
|-heal|p1a: Zamazenta|89/100|[from] item: Leftovers
|upkeep
|turn|20
|
|t:|1758273457
|move|p1a: Zamazenta|Crunch|p2a: Slowking
|-supereffective|p2a: Slowking
|-damage|p2a: Slowking|52/100
|move|p2a: Slowking|Thunder Wave|p1a: Zamazenta
|-status|p1a: Zamazenta|par
|
|-heal|p1a: Zamazenta|96/100 par|[from] item: Leftovers
|upkeep
|turn|21
|
|t:|1758273465
|move|p1a: Zamazenta|Crunch|p2a: Slowking
|-supereffective|p2a: Slowking
|-damage|p2a: Slowking|7/100
|-unboost|p2a: Slowking|def|1
|-prepare|p2a: Slowking|Chilly Reception|[premajor]
|move|p2a: Slowking|Chilly Reception|p2a: Slowking
|-weather|Snowscape
|
|t:|1758273467
|switch|p2a: Pecharunt|Pecharunt|44/100|[from] Chilly Reception
|
|-weather|Snowscape|[upkeep]
|-heal|p1a: Zamazenta|100/100 par|[from] item: Leftovers
|upkeep
|turn|22
|
|t:|1758273470
|move|p2a: Pecharunt|Recover|p2a: Pecharunt
|-heal|p2a: Pecharunt|94/100
|cant|p1a: Zamazenta|par
|
|-weather|Snowscape|[upkeep]
|upkeep
|turn|23
|
|t:|1758273478
|move|p2a: Pecharunt|Parting Shot|p1a: Zamazenta
|-unboost|p1a: Zamazenta|atk|1
|-unboost|p1a: Zamazenta|spa|1
|
|t:|1758273483
|switch|p2a: Slowking|Slowking-Galar, F|40/100|[from] Parting Shot
|move|p1a: Zamazenta|Crunch|p2a: Slowking
|-supereffective|p2a: Slowking
|-damage|p2a: Slowking|7/100
|
|-weather|Snowscape|[upkeep]
|upkeep
|turn|24
|
|t:|1758273489
|switch|p1a: Iron Valiant|Iron Valiant|100/100
|-enditem|p1a: Iron Valiant|Booster Energy
|-activate|p1a: Iron Valiant|ability: Quark Drive|[fromitem]
|-start|p1a: Iron Valiant|quarkdrivespe
|switch|p2a: Pecharunt|Pecharunt|94/100
|
|-weather|Snowscape|[upkeep]
|upkeep
|turn|25
|
|t:|1758273501
|-terastallize|p1a: Iron Valiant|Electric
|move|p1a: Iron Valiant|Thunderbolt|p2a: Pecharunt
|-damage|p2a: Pecharunt|51/100
|move|p2a: Pecharunt|Parting Shot|p1a: Iron Valiant
|-unboost|p1a: Iron Valiant|atk|1
|-unboost|p1a: Iron Valiant|spa|1
|
|t:|1758273508
|switch|p2a: Hoopa|Hoopa-Unbound|100/100|[from] Parting Shot
|-damage|p2a: Hoopa|88/100|[from] Stealth Rock
|
|-weather|none
|upkeep
|turn|26
|
|t:|1758273515
|-end|p1a: Iron Valiant|Quark Drive|[silent]
|switch|p1a: Zamazenta|Zamazenta|100/100 par
|move|p2a: Hoopa|Drain Punch|p1a: Zamazenta
|-damage|p1a: Zamazenta|80/100 par
|-heal|p2a: Hoopa|100/100|[from] drain|[of] p1a: Zamazenta
|
|-heal|p1a: Zamazenta|87/100 par|[from] item: Leftovers
|upkeep
|turn|27
|
|t:|1758273520
|switch|p1a: Kingambit|Kingambit, M|100/100
|-activate|p1a: Kingambit|ability: Supreme Overlord
|-start|p1a: Kingambit|fallen2|[silent]
|move|p2a: Hoopa|Psychic Noise|p1a: Kingambit
|-immune|p1a: Kingambit
|
|upkeep
|turn|28
|
|t:|1758273527
|switch|p2a: Slowking|Slowking-Galar, F|41/100
|-end|p1a: Kingambit|fallen2|[silent]
|switch|p1a: Zamazenta|Zamazenta|87/100 par
|
|-heal|p1a: Zamazenta|93/100 par|[from] item: Leftovers
|upkeep
|turn|29
|
|t:|1758273531
|switch|p1a: Kingambit|Kingambit, M|100/100
|-activate|p1a: Kingambit|ability: Supreme Overlord
|-start|p1a: Kingambit|fallen2|[silent]
|switch|p2a: Pecharunt|Pecharunt|51/100
|
|upkeep
|turn|30
|
|t:|1758273534
|move|p2a: Pecharunt|Parting Shot|p1a: Kingambit
|-unboost|p1a: Kingambit|atk|1
|-unboost|p1a: Kingambit|spa|1
|
|t:|1758273536
|switch|p2a: Corviknight|Corviknight, M|45/100|[from] Parting Shot
|-damage|p2a: Corviknight|32/100|[from] Stealth Rock
|-ability|p2a: Corviknight|Pressure
|move|p1a: Kingambit|Swords Dance|p1a: Kingambit
|-boost|p1a: Kingambit|atk|2
|
|upkeep
|turn|31
|
|t:|1758273539
|move|p1a: Kingambit|Sucker Punch||[still]
|-fail|p1a: Kingambit
|move|p2a: Corviknight|Roost|p2a: Corviknight
|-heal|p2a: Corviknight|82/100
|-singleturn|p2a: Corviknight|move: Roost
|
|upkeep
|turn|32
|
|t:|1758273541
|move|p2a: Corviknight|Body Press|p1a: Kingambit
|-supereffective|p1a: Kingambit
|-damage|p1a: Kingambit|24/100
|move|p1a: Kingambit|Kowtow Cleave|p2a: Corviknight
|-damage|p2a: Corviknight|33/100
|
|-heal|p1a: Kingambit|30/100|[from] item: Leftovers
|upkeep
|turn|33
|
|t:|1758273545
|move|p2a: Corviknight|Iron Defense|p2a: Corviknight
|-boost|p2a: Corviknight|def|2
|move|p1a: Kingambit|Kowtow Cleave|p2a: Corviknight
|-damage|p2a: Corviknight|7/100
|
|-heal|p1a: Kingambit|36/100|[from] item: Leftovers
|upkeep
|turn|34
|
|t:|1758273547
|move|p1a: Kingambit|Sucker Punch||[still]
|-fail|p1a: Kingambit
|move|p2a: Corviknight|Roost|p2a: Corviknight
|-heal|p2a: Corviknight|57/100
|-singleturn|p2a: Corviknight|move: Roost
|
|-heal|p1a: Kingambit|42/100|[from] item: Leftovers
|upkeep
|turn|35
|
|t:|1758273549
|-end|p1a: Kingambit|fallen2|[silent]
|switch|p1a: Iron Valiant|Iron Valiant, tera:Electric|100/100
|move|p2a: Corviknight|Body Press|p1a: Iron Valiant
|-damage|p1a: Iron Valiant|27/100
|
|upkeep
|turn|36
|
|t:|1758273555
|switch|p2a: Slowking|Slowking-Galar, F|74/100
|move|p1a: Iron Valiant|Thunderbolt|p2a: Slowking
|-damage|p2a: Slowking|50/100
|
|upkeep
|turn|37
|
|t:|1758273559
|move|p1a: Iron Valiant|Thunderbolt|p2a: Slowking
|-damage|p2a: Slowking|25/100
|-prepare|p2a: Slowking|Chilly Reception|[premajor]
|move|p2a: Slowking|Chilly Reception|p2a: Slowking
|-weather|Snowscape
|
|t:|1758273561
|switch|p2a: Cinderace|Cinderace, F|13/100|[from] Chilly Reception
|
|-weather|Snowscape|[upkeep]
|upkeep
|turn|38
|
|t:|1758273564
|switch|p2a: Slowking|Slowking-Galar, F|58/100
|-end|p1a: Iron Valiant|Quark Drive|[silent]
|switch|p1a: Cinderace|Cinderace, F|91/100
|
|-weather|Snowscape|[upkeep]
|upkeep
|turn|39
|
|t:|1758273567
|-terastallize|p2a: Slowking|Water
|move|p1a: Cinderace|Pyro Ball|p2a: Slowking
|-resisted|p2a: Slowking
|-damage|p2a: Slowking|29/100
|move|p2a: Slowking|Thunder Wave|p1a: Cinderace|[miss]
|-miss|p2a: Slowking|p1a: Cinderace
|
|-weather|Snowscape|[upkeep]
|upkeep
|turn|40
|
|t:|1758273587
|switch|p2a: Corviknight|Corviknight, M|57/100
|-damage|p2a: Corviknight|45/100|[from] Stealth Rock
|-ability|p2a: Corviknight|Pressure
|move|p1a: Cinderace|U-turn|p2a: Corviknight
|-resisted|p2a: Corviknight
|-damage|p2a: Corviknight|41/100
|
|t:|1758273589
|switch|p1a: Iron Valiant|Iron Valiant, tera:Electric|27/100|[from] U-turn
|
|-weather|Snowscape|[upkeep]
|upkeep
|turn|41
|
|t:|1758273593
|move|p1a: Iron Valiant|Thunderbolt|p2a: Corviknight
|-supereffective|p2a: Corviknight
|-damage|p2a: Corviknight|0 fnt
|faint|p2a: Corviknight
|
|-weather|none
|upkeep
|
|t:|1758273595
|switch|p2a: Cinderace|Cinderace, F|13/100
|turn|42
|
|t:|1758273597
|-end|p1a: Iron Valiant|Quark Drive|[silent]
|switch|p1a: Cinderace|Cinderace, F|91/100
|move|p2a: Cinderace|Court Change|p2a: Cinderace
|-start|p2a: Cinderace|typechange|Normal|[from] ability: Libero
|-swapsideconditions
|-activate|p2a: Cinderace|move: Court Change
|
|upkeep
|turn|43
|
|t:|1758273602
|switch|p2a: Slowking|Slowking-Galar, F, tera:Water|62/100
|move|p1a: Cinderace|Court Change|p1a: Cinderace
|-swapsideconditions
|-activate|p1a: Cinderace|move: Court Change
|
|upkeep
|turn|44
|
|t:|1758273605
|move|p1a: Cinderace|U-turn|p2a: Slowking
|-damage|p2a: Slowking|38/100
|
|t:|1758273610
|switch|p1a: Zamazenta|Zamazenta|93/100 par|[from] U-turn
|move|p2a: Slowking|Sludge Bomb|p1a: Zamazenta
|-damage|p1a: Zamazenta|67/100 par
|
|-heal|p1a: Zamazenta|73/100 par|[from] item: Leftovers
|upkeep
|turn|45
|
|t:|1758273616
|switch|p1a: Kingambit|Kingambit, M|42/100
|-activate|p1a: Kingambit|ability: Supreme Overlord
|-start|p1a: Kingambit|fallen2|[silent]
|switch|p2a: Pecharunt|Pecharunt|51/100
|
|-heal|p1a: Kingambit|49/100|[from] item: Leftovers
|upkeep
|turn|46
|
|t:|1758273622
|move|p2a: Pecharunt|Parting Shot|p1a: Kingambit
|-unboost|p1a: Kingambit|atk|1
|-unboost|p1a: Kingambit|spa|1
|
|t:|1758273628
|switch|p2a: Slowking|Slowking-Galar, F, tera:Water|72/100|[from] Parting Shot
|move|p1a: Kingambit|Swords Dance|p1a: Kingambit
|-boost|p1a: Kingambit|atk|2
|
|-heal|p1a: Kingambit|55/100|[from] item: Leftovers
|upkeep
|turn|47
|
|t:|1758273631
|move|p1a: Kingambit|Kowtow Cleave|p2a: Slowking
|-damage|p2a: Slowking|0 fnt
|faint|p2a: Slowking
|
|-heal|p1a: Kingambit|61/100|[from] item: Leftovers
|upkeep
|
|t:|1758273634
|switch|p2a: Cinderace|Cinderace, F|13/100
|turn|48
|
|t:|1758273638
|-end|p1a: Kingambit|fallen2|[silent]
|switch|p1a: Cinderace|Cinderace, F|91/100
|move|p2a: Cinderace|Court Change|p2a: Cinderace
|-start|p2a: Cinderace|typechange|Normal|[from] ability: Libero
|-swapsideconditions
|-activate|p2a: Cinderace|move: Court Change
|
|upkeep
|turn|49
|
|t:|1758273641
|switch|p2a: Pecharunt|Pecharunt|51/100
|move|p1a: Cinderace|Court Change|p1a: Cinderace
|-swapsideconditions
|-activate|p1a: Cinderace|move: Court Change
|
|upkeep
|turn|50
|
|t:|1758273645
|move|p1a: Cinderace|U-turn|p2a: Pecharunt
|-resisted|p2a: Pecharunt
|-damage|p2a: Pecharunt|48/100
|
|t:|1758273646
|switch|p1a: Kingambit|Kingambit, M|61/100|[from] U-turn
|-activate|p1a: Kingambit|ability: Supreme Overlord
|-start|p1a: Kingambit|fallen2|[silent]
|move|p2a: Pecharunt|Recover|p2a: Pecharunt
|-heal|p2a: Pecharunt|98/100
|
|-heal|p1a: Kingambit|67/100|[from] item: Leftovers
|upkeep
|turn|51
|
|t:|1758273649
|move|p2a: Pecharunt|Foul Play|p1a: Kingambit
|-resisted|p1a: Kingambit
|-crit|p1a: Kingambit
|-damage|p1a: Kingambit|47/100
|move|p1a: Kingambit|Kowtow Cleave|p2a: Pecharunt
|-supereffective|p2a: Pecharunt
|-damage|p2a: Pecharunt|21/100
|
|-heal|p1a: Kingambit|53/100|[from] item: Leftovers
|upkeep
|turn|52
|
|t:|1758273655
|move|p2a: Pecharunt|Foul Play|p1a: Kingambit
|-resisted|p1a: Kingambit
|-damage|p1a: Kingambit|39/100
|move|p1a: Kingambit|Swords Dance|p1a: Kingambit
|-boost|p1a: Kingambit|atk|2
|
|-heal|p1a: Kingambit|45/100|[from] item: Leftovers
|upkeep
|turn|53
|
|t:|1758273659
|move|p2a: Pecharunt|Recover|p2a: Pecharunt
|-heal|p2a: Pecharunt|71/100
|move|p1a: Kingambit|Kowtow Cleave|p2a: Pecharunt
|-supereffective|p2a: Pecharunt
|-damage|p2a: Pecharunt|0 fnt
|faint|p2a: Pecharunt
|
|-heal|p1a: Kingambit|51/100|[from] item: Leftovers
|upkeep
|-message|MiaTaylor612 forfeited.
|
|win|Amigo26
|raw|Amigo26's rating: 1589 &rarr; <strong>1611</strong><br />(+22 for winning)
|raw|MiaTaylor612's rating: 1616 &rarr; <strong>1594</strong><br />(-22 for losing)
|l|☆MiaTaylor612
|player|p2|
|l|☆Amigo26
|player|p1|
