|j|☆krispii07
|j|☆capitolg
|t:|1758307467
|gametype|singles
|player|p1|krispii07|harlequin|1192
|player|p2|capitolg|bellelba|1188
|gen|9
|tier|[Gen 9] OU
|rated|
|rule|HP Percentage Mod: HP is shown in percentages
|rule|Endless Battle Clause: Forcing endless battles is banned
|rule|Species Clause: Limit one of each Pokémon
|rule|OHKO Clause: OHKO moves are banned
|rule|Evasion Items Clause: Evasion items are banned
|rule|Evasion Moves Clause: Evasion moves are banned
|rule|Evasion Abilities Clause: Evasion abilities are banned
|rule|Sleep Moves Clause: Sleep-inducing moves are banned
|clearpoke
|poke|p1|Fezandipiti, M|
|poke|p1|Conkeldurr, M|
|poke|p1|Mandibuzz, F|
|poke|p1|Deoxys-Speed|
|poke|p1|Gholdengo|
|poke|p1|Dragonite, F|
|poke|p2|Masquerain, M|
|poke|p2|Articuno-Galar|
|poke|p2|Smeargle, M|
|poke|p2|Empoleon, F|
|poke|p2|Passimian, F|
|poke|p2|Chandelure, F|
|teampreview
|inactive|Battle timer is ON: inactive players will automatically lose when time's up. (requested by krispii07)
|
|t:|1758307474
|teamsize|p1|6
|teamsize|p2|6
|start
|switch|p1a: Conkeldurr|Conkeldurr, M|100/100
|switch|p2a: Masquerain|Masquerain, M|100/100
|-ability|p2a: Masquerain|Intimidate|boost
|-unboost|p1a: Conkeldurr|atk|1
|turn|1
|
|t:|1758307486
|switch|p1a: Fezandipiti|Fezandipiti, M|100/100
|move|p2a: Masquerain|Sticky Web|p1a: Fezandipiti
|-sidestart|p1: krispii07|move: Sticky Web
|
|upkeep
|turn|2
|
|t:|1758307489
|move|p1a: Fezandipiti|U-turn|p2a: Masquerain
|-resisted|p2a: Masquerain
|-damage|p2a: Masquerain|89/100
|
|t:|1758307491
|switch|p1a: Mandibuzz|Mandibuzz, F|100/100|[from] U-turn
|move|p2a: Masquerain|Ice Beam|p1a: Mandibuzz
|-supereffective|p1a: Mandibuzz
|-damage|p1a: Mandibuzz|50/100
|
|upkeep
|turn|3
|
|t:|1758307495
|move|p1a: Mandibuzz|Roost|p1a: Mandibuzz
|-heal|p1a: Mandibuzz|100/100
|-singleturn|p1a: Mandibuzz|move: Roost
|move|p2a: Masquerain|Ice Beam|p1a: Mandibuzz
|-damage|p1a: Mandibuzz|78/100
|
|upkeep
|turn|4
|
|t:|1758307498
|move|p1a: Mandibuzz|Defog|p2a: Masquerain
|-unboost|p2a: Masquerain|evasion|1
|-sideend|p1: krispii07|Sticky Web|[from] move: Defog|[of] p1a: Mandibuzz
|move|p2a: Masquerain|Ice Beam|p1a: Mandibuzz
|-supereffective|p1a: Mandibuzz
|-damage|p1a: Mandibuzz|27/100
|
|upkeep
|turn|5
|
|t:|1758307500
|move|p1a: Mandibuzz|Roost|p1a: Mandibuzz
|-heal|p1a: Mandibuzz|78/100
|-singleturn|p1a: Mandibuzz|move: Roost
|move|p2a: Masquerain|Ice Beam|p1a: Mandibuzz
|-damage|p1a: Mandibuzz|55/100
|-status|p1a: Mandibuzz|frz
|
|upkeep
|turn|6
|
|t:|1758307503
|cant|p1a: Mandibuzz|frz
|move|p2a: Masquerain|Sticky Web|p1a: Mandibuzz
|-sidestart|p1: krispii07|move: Sticky Web
|
|upkeep
|turn|7
|
|t:|1758307505
|cant|p1a: Mandibuzz|frz
|move|p2a: Masquerain|Ice Beam|p1a: Mandibuzz
|-supereffective|p1a: Mandibuzz
|-crit|p1a: Mandibuzz
|-damage|p1a: Mandibuzz|0 fnt
|faint|p1a: Mandibuzz
|
|upkeep
|
|t:|1758307533
|switch|p1a: Gholdengo|Gholdengo|100/100
|-activate|p1a: Gholdengo|move: Sticky Web
|-unboost|p1a: Gholdengo|spe|1
|turn|8
|
|t:|1758307538
|move|p1a: Gholdengo|Make It Rain|p2a: Masquerain
|-damage|p2a: Masquerain|13/100
|-unboost|p1a: Gholdengo|spa|1
|move|p2a: Masquerain|Whirlwind|p1a: Gholdengo
|-immune|p1a: Gholdengo|[from] ability: Good as Gold
|
|upkeep
|turn|9
|
|t:|1758307541
|move|p1a: Gholdengo|Make It Rain|p2a: Masquerain
|-damage|p2a: Masquerain|0 fnt
|-unboost|p1a: Gholdengo|spa|1
|faint|p2a: Masquerain
|
|upkeep
|
|t:|1758307543
|switch|p2a: Smeargle|Smeargle, M|100/100
|turn|10
|
|t:|1758307547
|switch|p1a: Conkeldurr|Conkeldurr, M|100/100
|-activate|p1a: Conkeldurr|move: Sticky Web
|-unboost|p1a: Conkeldurr|spe|1
|move|p2a: Smeargle|Trick Room|p2a: Smeargle
|-fieldstart|move: Trick Room|[of] p2a: Smeargle
|
|-status|p1a: Conkeldurr|brn|[from] item: Flame Orb
|upkeep
|turn|11
|
|t:|1758307552
|move|p1a: Conkeldurr|Knock Off|p2a: Smeargle
|-enditem|p2a: Smeargle|Focus Sash
|-damage|p2a: Smeargle|1/100
|move|p2a: Smeargle|Court Change|p2a: Smeargle
|-swapsideconditions
|-activate|p2a: Smeargle|move: Court Change
|
|-damage|p1a: Conkeldurr|95/100 brn|[from] brn
|upkeep
|turn|12
|
|t:|1758307561
|move|p1a: Conkeldurr|Drain Punch|p2a: Smeargle
|-supereffective|p2a: Smeargle
|-damage|p2a: Smeargle|0 fnt
|-heal|p1a: Conkeldurr|95/100 brn|[from] drain|[of] p2a: Smeargle
|faint|p2a: Smeargle
|
|-damage|p1a: Conkeldurr|89/100 brn|[from] brn
|upkeep
|
|t:|1758307562
|switch|p2a: Chandelure|Chandelure, F|100/100
|-activate|p2a: Chandelure|move: Sticky Web
|-unboost|p2a: Chandelure|spe|1
|turn|13
|
|t:|1758307570
|move|p2a: Chandelure|Psychic|p1a: Conkeldurr
|-supereffective|p1a: Conkeldurr
|-damage|p1a: Conkeldurr|0 fnt
|faint|p1a: Conkeldurr
|
|upkeep
|
|t:|1758307576
|switch|p1a: Gholdengo|Gholdengo|100/100
|turn|14
|
|t:|1758307579
|switch|p1a: Fezandipiti|Fezandipiti, M|100/100
|move|p2a: Chandelure|Flamethrower|p1a: Fezandipiti
|-damage|p1a: Fezandipiti|66/100
|
|-fieldend|move: Trick Room
|upkeep
|turn|15
|
|t:|1758307583
|move|p1a: Fezandipiti|Beat Up|p2a: Chandelure
|-supereffective|p2a: Chandelure
|-damage|p2a: Chandelure|92/100
|-status|p2a: Chandelure|tox|[from] ability: Toxic Chain|[of] p1a: Fezandipiti
|-supereffective|p2a: Chandelure
|-damage|p2a: Chandelure|86/100 tox
|-supereffective|p2a: Chandelure
|-crit|p2a: Chandelure
|-damage|p2a: Chandelure|74/100 tox
|-supereffective|p2a: Chandelure
|-damage|p2a: Chandelure|63/100 tox
|-hitcount|p2a: Chandelure|4
|move|p2a: Chandelure|Trick Room|p2a: Chandelure
|-fieldstart|move: Trick Room|[of] p2a: Chandelure
|
|-damage|p2a: Chandelure|57/100 tox|[from] psn
|upkeep
|turn|16
|
|t:|1758307586
|move|p2a: Chandelure|Psychic|p1a: Fezandipiti
|-supereffective|p1a: Fezandipiti
|-damage|p1a: Fezandipiti|20/100
|move|p1a: Fezandipiti|Roost|p1a: Fezandipiti
|-heal|p1a: Fezandipiti|70/100
|-singleturn|p1a: Fezandipiti|move: Roost
|
|-damage|p2a: Chandelure|44/100 tox|[from] psn
|upkeep
|turn|17
|
|t:|1758307589
|move|p2a: Chandelure|Psychic|p1a: Fezandipiti
|-supereffective|p1a: Fezandipiti
|-damage|p1a: Fezandipiti|19/100
|move|p1a: Fezandipiti|Roost|p1a: Fezandipiti
|-heal|p1a: Fezandipiti|70/100
|-singleturn|p1a: Fezandipiti|move: Roost
|
|-damage|p2a: Chandelure|26/100 tox|[from] psn
|upkeep
|turn|18
|
|t:|1758307592
|move|p2a: Chandelure|Psychic|p1a: Fezandipiti
|-supereffective|p1a: Fezandipiti
|-damage|p1a: Fezandipiti|25/100
|move|p1a: Fezandipiti|Roost|p1a: Fezandipiti
|-heal|p1a: Fezandipiti|75/100
|-singleturn|p1a: Fezandipiti|move: Roost
|
|-damage|p2a: Chandelure|1/100 tox|[from] psn
|upkeep
|turn|19
|
|t:|1758307605
|-terastallize|p1a: Fezandipiti|Dark
|move|p2a: Chandelure|Psychic|p1a: Fezandipiti
|-immune|p1a: Fezandipiti
|move|p1a: Fezandipiti|U-turn|p2a: Chandelure
|-resisted|p2a: Chandelure
|-damage|p2a: Chandelure|0 fnt
|-status|p1a: Fezandipiti|brn|[from] ability: Flame Body|[of] p2a: Chandelure
|faint|p2a: Chandelure
|
|t:|1758307610
|switch|p1a: Gholdengo|Gholdengo|100/100|[from] U-turn
|
|-fieldend|move: Trick Room
|upkeep
|
|t:|1758307616
|switch|p2a: Empoleon|Empoleon, F|100/100
|-activate|p2a: Empoleon|move: Sticky Web
|-unboost|p2a: Empoleon|spe|1
|-ability|p2a: Empoleon|Competitive|boost
|-boost|p2a: Empoleon|spa|2
|turn|20
|
|t:|1758307621
|move|p1a: Gholdengo|Focus Blast|p2a: Empoleon
|-supereffective|p2a: Empoleon
|-damage|p2a: Empoleon|48/100
|move|p2a: Empoleon|Surf|p1a: Gholdengo
|-damage|p1a: Gholdengo|0 fnt
|faint|p1a: Gholdengo
|
|upkeep
|
|t:|1758307630
|switch|p1a: Fezandipiti|Fezandipiti, M, tera:Dark|75/100 brn
|turn|21
|
|t:|1758307633
|move|p1a: Fezandipiti|U-turn|p2a: Empoleon
|-resisted|p2a: Empoleon
|-damage|p2a: Empoleon|44/100
|
|t:|1758307635
|switch|p1a: Deoxys|Deoxys-Speed|100/100|[from] U-turn
|-ability|p1a: Deoxys|Pressure
|move|p2a: Empoleon|Surf|p1a: Deoxys
|-damage|p1a: Deoxys|0 fnt
|faint|p1a: Deoxys
|
|upkeep
|
|t:|1758307637
|switch|p1a: Dragonite|Dragonite, F|100/100
|turn|22
|
|t:|1758307642
|move|p1a: Dragonite|Outrage|p2a: Empoleon
|-resisted|p2a: Empoleon
|-damage|p2a: Empoleon|0 fnt
|faint|p2a: Empoleon
|
|upkeep
|
|t:|1758307644
|switch|p2a: Passimian|Passimian, F|100/100
|-activate|p2a: Passimian|move: Sticky Web
|-unboost|p2a: Passimian|spe|1
|-ability|p2a: Passimian|Defiant|boost
|-boost|p2a: Passimian|atk|2
|turn|23
|
|t:|1758307649
|move|p1a: Dragonite|Outrage|p2a: Passimian|[from] lockedmove
|-damage|p2a: Passimian|10/100
|-enditem|p2a: Passimian|Sitrus Berry|[eat]
|-heal|p2a: Passimian|35/100|[from] item: Sitrus Berry
|-start|p1a: Dragonite|confusion|[fatigue]
|move|p2a: Passimian|Facade|p1a: Dragonite
|-damage|p1a: Dragonite|77/100
|
|upkeep
|turn|24
|
|t:|1758307652
|-activate|p1a: Dragonite|confusion
|move|p1a: Dragonite|Outrage|p2a: Passimian
|-damage|p2a: Passimian|0 fnt
|faint|p2a: Passimian
|
|upkeep
|
|t:|1758307655
|switch|p2a: Articuno|Articuno-Galar|100/100
|-activate|p2a: Articuno|move: Sticky Web
|-unboost|p2a: Articuno|spe|1
|-ability|p2a: Articuno|Competitive|boost
|-boost|p2a: Articuno|spa|2
|turn|25
|
|t:|1758307659
|-activate|p1a: Dragonite|confusion
|-damage|p1a: Dragonite|60/100|[from] confusion
|move|p2a: Articuno|Trick Room|p2a: Articuno
|-fieldstart|move: Trick Room|[of] p2a: Articuno
|
|upkeep
|turn|26
|
|t:|1758307661
|move|p2a: Articuno|Freezing Glare|p1a: Dragonite
|-damage|p1a: Dragonite|0 fnt
|faint|p1a: Dragonite
|
|upkeep
|
|t:|1758307664
|switch|p1a: Fezandipiti|Fezandipiti, M, tera:Dark|75/100 brn
|turn|27
|
|t:|1758307669
|-terastallize|p2a: Articuno|Fighting
|move|p2a: Articuno|Tera Blast|p1a: Fezandipiti|[anim] Tera Blast Fighting
|-supereffective|p1a: Fezandipiti
|-damage|p1a: Fezandipiti|0 fnt
|faint|p1a: Fezandipiti
|
|win|capitolg
|raw|krispii07's rating: 1192 &rarr; <strong>1167</strong><br />(-25 for losing)
|raw|capitolg's rating: 1188 &rarr; <strong>1213</strong><br />(+25 for winning)
|l|☆capitolg
|player|p2|
|l|☆krispii07
|player|p1|
