|j|☆bidofest
|j|☆The Pokemon Place
|t:|1758312793
|gametype|singles
|player|p1|bidofest|1|1753
|player|p2|The Pokemon Place|169|1790
|gen|9
|tier|[Gen 9] OU
|rated|
|rule|HP Percentage Mod: HP is shown in percentages
|rule|Endless Battle Clause: Forcing endless battles is banned
|rule|Species Clause: Limit one of each Pokémon
|rule|OHKO Clause: OHKO moves are banned
|rule|Evasion Items Clause: Evasion items are banned
|rule|Evasion Moves Clause: Evasion moves are banned
|rule|Evasion Abilities Clause: Evasion abilities are banned
|rule|Sleep Moves Clause: Sleep-inducing moves are banned
|clearpoke
|poke|p1|Gholdengo|
|poke|p1|Weavile, F|
|poke|p1|Moltres|
|poke|p1|Clefable, M|
|poke|p1|Great Tusk|
|poke|p1|Samurott-Hisui, F|
|poke|p2|Darkrai|
|poke|p2|Dragapult, M|
|poke|p2|Primarina, F|
|poke|p2|Ting-Lu|
|poke|p2|Tinkaton, F|
|poke|p2|Zamazenta-*|
|teampreview
|inactive|Battle timer is ON: inactive players will automatically lose when time's up. (requested by The Pokemon Place)
|
|t:|1758312820
|teamsize|p1|6
|teamsize|p2|6
|start
|switch|p1a: Samurott|Samurott-Hisui, F|100/100
|switch|p2a: Primarina|Primarina, F|100/100
|turn|1
|
|t:|1758312827
|switch|p1a: Gholdengo|Gholdengo|100/100
|move|p2a: Primarina|Moonblast|p1a: Gholdengo
|-resisted|p1a: Gholdengo
|-damage|p1a: Gholdengo|70/100
|
|upkeep
|turn|2
|
|t:|1758312853
|switch|p2a: Ting-Lu|Ting-Lu|100/100
|-ability|p2a: Ting-Lu|Vessel of Ruin
|move|p1a: Gholdengo|Recover|p1a: Gholdengo
|-heal|p1a: Gholdengo|100/100
|
|upkeep
|turn|3
|inactive|bidofest has 120 seconds left.
|
|t:|1758312875
|switch|p1a: Samurott|Samurott-Hisui, F|100/100
|move|p2a: Ting-Lu|Ruination|p1a: Samurott
|-damage|p1a: Samurott|51/100
|
|upkeep
|turn|4
|
|t:|1758312879
|switch|p2a: Tinkaton|Tinkaton, F|100/100
|-item|p2a: Tinkaton|Air Balloon
|move|p1a: Samurott|Ceaseless Edge|p2a: Tinkaton
|-resisted|p2a: Tinkaton
|-damage|p2a: Tinkaton|74/100
|-enditem|p2a: Tinkaton|Air Balloon
|-sidestart|p2: The Pokemon Place|Spikes
|-enditem|p1a: Samurott|Choice Scarf|[silent]|[from] ability: Pickpocket|[of] p1a: Samurott
|-item|p2a: Tinkaton|Choice Scarf|[from] ability: Pickpocket|[of] p1a: Samurott
|
|upkeep
|turn|5
|
|t:|1758312887
|switch|p1a: Moltres|Moltres|100/100
|move|p2a: Tinkaton|Stealth Rock|p1a: Moltres
|-sidestart|p1: bidofest|move: Stealth Rock
|
|upkeep
|turn|6
|
|t:|1758312891
|switch|p2a: Ting-Lu|Ting-Lu|100/100
|-damage|p2a: Ting-Lu|88/100|[from] Spikes
|-ability|p2a: Ting-Lu|Vessel of Ruin
|move|p1a: Moltres|U-turn|p2a: Ting-Lu
|-supereffective|p2a: Ting-Lu
|-damage|p2a: Ting-Lu|71/100
|
|t:|1758312904
|switch|p1a: Great Tusk|Great Tusk|100/100|[from] U-turn
|-damage|p1a: Great Tusk|98/100|[from] Stealth Rock
|
|-heal|p2a: Ting-Lu|77/100|[from] item: Leftovers
|upkeep
|turn|7
|
|t:|1758312910
|move|p1a: Great Tusk|Knock Off|p2a: Ting-Lu
|-resisted|p2a: Ting-Lu
|-damage|p2a: Ting-Lu|70/100
|-enditem|p2a: Ting-Lu|Leftovers|[from] move: Knock Off|[of] p1a: Great Tusk
|move|p2a: Ting-Lu|Ruination|p1a: Great Tusk
|-damage|p1a: Great Tusk|49/100
|
|upkeep
|turn|8
|
|t:|1758312914
|switch|p2a: Dragapult|Dragapult, M|100/100
|-damage|p2a: Dragapult|88/100|[from] Spikes
|move|p1a: Great Tusk|Knock Off|p2a: Dragapult
|-supereffective|p2a: Dragapult
|-damage|p2a: Dragapult|17/100
|-enditem|p2a: Dragapult|Choice Specs|[from] move: Knock Off|[of] p1a: Great Tusk
|
|upkeep
|turn|9
|
|t:|1758312921
|-end|p1a: Great Tusk|Protosynthesis|[silent]
|switch|p1a: Moltres|Moltres|100/100
|move|p2a: Dragapult|Shadow Ball|p1a: Moltres
|-damage|p1a: Moltres|77/100
|
|upkeep
|turn|10
|
|t:|1758312928
|move|p2a: Dragapult|Draco Meteor|p1a: Moltres
|-damage|p1a: Moltres|34/100
|-unboost|p2a: Dragapult|spa|2
|move|p1a: Moltres|Flamethrower|p2a: Dragapult
|-resisted|p2a: Dragapult
|-damage|p2a: Dragapult|0 fnt
|faint|p2a: Dragapult
|
|upkeep
|
|t:|1758312931
|switch|p2a: Darkrai|Darkrai|100/100
|turn|11
|
|t:|1758312945
|move|p2a: Darkrai|Dark Pulse|p1a: Moltres
|-damage|p1a: Moltres|4/100
|move|p1a: Moltres|Roost|p1a: Moltres
|-heal|p1a: Moltres|54/100
|-singleturn|p1a: Moltres|move: Roost
|
|upkeep
|turn|12
|
|t:|1758312949
|move|p2a: Darkrai|Dark Pulse|p1a: Moltres
|-damage|p1a: Moltres|23/100
|move|p1a: Moltres|Roost|p1a: Moltres
|-heal|p1a: Moltres|73/100
|-singleturn|p1a: Moltres|move: Roost
|
|upkeep
|turn|13
|
|t:|1758312951
|move|p2a: Darkrai|Sludge Bomb|p1a: Moltres
|-damage|p1a: Moltres|48/100
|move|p1a: Moltres|Roost|p1a: Moltres
|-heal|p1a: Moltres|98/100
|-singleturn|p1a: Moltres|move: Roost
|
|upkeep
|turn|14
|
|t:|1758312953
|move|p2a: Darkrai|Sludge Bomb|p1a: Moltres
|-damage|p1a: Moltres|76/100
|move|p1a: Moltres|U-turn|p2a: Darkrai
|-supereffective|p2a: Darkrai
|-damage|p2a: Darkrai|59/100
|
|t:|1758312965
|switch|p1a: Weavile|Weavile, F|100/100|[from] U-turn
|
|upkeep
|turn|15
|
|t:|1758312968
|switch|p2a: Tinkaton|Tinkaton, F|74/100
|-damage|p2a: Tinkaton|61/100|[from] Spikes
|switch|p1a: Moltres|Moltres|76/100
|
|upkeep
|turn|16
|
|t:|1758312974
|switch|p2a: Ting-Lu|Ting-Lu|70/100
|-damage|p2a: Ting-Lu|57/100|[from] Spikes
|-ability|p2a: Ting-Lu|Vessel of Ruin
|move|p1a: Moltres|Flamethrower|p2a: Ting-Lu
|-damage|p2a: Ting-Lu|36/100
|
|upkeep
|turn|17
|
|t:|1758312981
|move|p1a: Moltres|Will-O-Wisp|p2a: Ting-Lu
|-status|p2a: Ting-Lu|brn
|move|p2a: Ting-Lu|Spikes|p1a: Moltres
|-sidestart|p1: bidofest|Spikes
|
|-damage|p2a: Ting-Lu|30/100 brn|[from] brn
|upkeep
|turn|18
|
|t:|1758312985
|move|p1a: Moltres|U-turn|p2a: Ting-Lu
|-supereffective|p2a: Ting-Lu
|-damage|p2a: Ting-Lu|13/100 brn
|
|t:|1758312987
|switch|p1a: Great Tusk|Great Tusk|49/100|[from] U-turn
|-damage|p1a: Great Tusk|46/100|[from] Stealth Rock
|-damage|p1a: Great Tusk|34/100|[from] Spikes
|move|p2a: Ting-Lu|Ruination|p1a: Great Tusk
|-damage|p1a: Great Tusk|17/100
|
|-damage|p2a: Ting-Lu|7/100 brn|[from] brn
|upkeep
|turn|19
|
|t:|1758313004
|move|p1a: Great Tusk|Rapid Spin|p2a: Ting-Lu
|-damage|p2a: Ting-Lu|0 fnt
|-boost|p1a: Great Tusk|spe|1
|-sideend|p1: bidofest|Spikes|[from] move: Rapid Spin|[of] p1a: Great Tusk
|-sideend|p1: bidofest|Stealth Rock|[from] move: Rapid Spin|[of] p1a: Great Tusk
|faint|p2a: Ting-Lu
|
|upkeep
|-message|The Pokemon Place forfeited.
|
|win|bidofest
|raw|bidofest's rating: 1753 &rarr; <strong>1775</strong><br />(+22 for winning)
|raw|The Pokemon Place's rating: 1790 &rarr; <strong>1768</strong><br />(-22 for losing)
|l|☆The Pokemon Place
|player|p2|
|l|☆bidofest
|player|p1|
