|j|☆granjeromaximo
|j|☆SirQTheFirst
|t:|1758337440
|gametype|singles
|player|p1|granjeromaximo|rancher|1112
|player|p2|SirQTheFirst|giovanni|1113
|gen|9
|tier|[Gen 9] OU
|rated|
|rule|HP Percentage Mod: HP is shown in percentages
|rule|Endless Battle Clause: Forcing endless battles is banned
|rule|Species Clause: Limit one of each Pokémon
|rule|OHKO Clause: OHKO moves are banned
|rule|Evasion Items Clause: Evasion items are banned
|rule|Evasion Moves Clause: Evasion moves are banned
|rule|Evasion Abilities Clause: Evasion abilities are banned
|rule|Sleep Moves Clause: Sleep-inducing moves are banned
|clearpoke
|poke|p1|Muk-Alola, M|
|poke|p1|Chesnaught, M|
|poke|p1|Corviknight, M|
|poke|p1|Politoed, M|
|poke|p1|Regirock|
|poke|p1|Thundurus-Therian, M|
|poke|p2|Sneasel, F|
|poke|p2|Haunter, F|
|poke|p2|Scyther, M|
|poke|p2|Magneton|
|poke|p2|Gurdurr, M|
|poke|p2|Thwackey, M|
|teampreview
|inactive|Battle timer is ON: inactive players will automatically lose when time's up. (requested by SirQTheFirst)
|
|t:|1758337461
|teamsize|p1|6
|teamsize|p2|6
|start
|switch|p1a: Thundurus|Thundurus-Therian, M|100/100
|switch|p2a: Scyther|Scyther, M|100/100
|turn|1
|
|t:|1758337474
|move|p1a: Thundurus|Volt Switch|p2a: Scyther
|-supereffective|p2a: Scyther
|-damage|p2a: Scyther|0 fnt
|faint|p2a: Scyther
|c|☆granjeromaximo|great team bro
|c|☆SirQTheFirst|ikr
|c|☆SirQTheFirst|its interesting to say the least
|inactive|granjeromaximo has 120 seconds left.
|
|t:|1758337526
|switch|p1a: Regirock|Regirock, shiny|100/100|[from] Volt Switch
|
|upkeep
|c|☆granjeromaximo|yep
|
|t:|1758337542
|switch|p2a: Gurdurr|Gurdurr, M|100/100
|turn|2
|
|t:|1758337546
|move|p1a: Regirock|Drain Punch|p2a: Gurdurr
|-damage|p2a: Gurdurr|87/100
|move|p2a: Gurdurr|Bulk Up|p2a: Gurdurr
|-boost|p2a: Gurdurr|atk|1
|-boost|p2a: Gurdurr|def|1
|
|upkeep
|turn|3
|
|t:|1758337552
|switch|p1a: Chesnaught|Chesnaught, M|100/100
|move|p2a: Gurdurr|Bulk Up|p2a: Gurdurr
|-boost|p2a: Gurdurr|atk|1
|-boost|p2a: Gurdurr|def|1
|
|upkeep
|turn|4
|
|t:|1758337559
|move|p1a: Chesnaught|Leech Seed|p2a: Gurdurr
|-start|p2a: Gurdurr|move: Leech Seed
|move|p2a: Gurdurr|Knock Off|p1a: Chesnaught
|-resisted|p1a: Chesnaught
|-damage|p1a: Chesnaught|85/100
|-damage|p2a: Gurdurr|71/100|[from] item: Rocky Helmet|[of] p1a: Chesnaught
|-enditem|p1a: Chesnaught|Rocky Helmet|[from] move: Knock Off|[of] p2a: Gurdurr
|
|-damage|p2a: Gurdurr|58/100|[from] Leech Seed|[of] p1a: Chesnaught
|-heal|p1a: Chesnaught|98/100|[silent]
|upkeep
|turn|5
|
|t:|1758337568
|move|p1a: Chesnaught|Trailblaze|p2a: Gurdurr
|-damage|p2a: Gurdurr|53/100
|-boost|p1a: Chesnaught|spe|1
|move|p2a: Gurdurr|Drain Punch|p1a: Chesnaught
|-damage|p1a: Chesnaught|64/100
|-heal|p2a: Gurdurr|70/100|[from] drain|[of] p1a: Chesnaught
|
|-damage|p2a: Gurdurr|58/100|[from] Leech Seed|[of] p1a: Chesnaught
|-heal|p1a: Chesnaught|76/100|[silent]
|upkeep
|turn|6
|
|t:|1758337578
|move|p1a: Chesnaught|Spiky Shield|p1a: Chesnaught
|-singleturn|p1a: Chesnaught|move: Protect
|move|p2a: Gurdurr|Drain Punch|p1a: Chesnaught
|-activate|p1a: Chesnaught|move: Protect
|-damage|p2a: Gurdurr|45/100|[from] Spiky Shield|[of] p1a: Chesnaught
|
|-damage|p2a: Gurdurr|33/100|[from] Leech Seed|[of] p1a: Chesnaught
|-heal|p1a: Chesnaught|88/100|[silent]
|upkeep
|turn|7
|
|t:|1758337586
|move|p1a: Chesnaught|Drain Punch|p2a: Gurdurr
|-damage|p2a: Gurdurr|26/100
|-heal|p1a: Chesnaught|92/100|[from] drain|[of] p2a: Gurdurr
|move|p2a: Gurdurr|Drain Punch|p1a: Chesnaught
|-crit|p1a: Chesnaught
|-damage|p1a: Chesnaught|43/100
|-heal|p2a: Gurdurr|51/100|[from] drain|[of] p1a: Chesnaught
|
|-damage|p2a: Gurdurr|39/100|[from] Leech Seed|[of] p1a: Chesnaught
|-heal|p1a: Chesnaught|55/100|[silent]
|upkeep
|turn|8
|
|t:|1758337596
|move|p1a: Chesnaught|Spiky Shield|p1a: Chesnaught
|-singleturn|p1a: Chesnaught|move: Protect
|move|p2a: Gurdurr|Drain Punch|p1a: Chesnaught
|-activate|p1a: Chesnaught|move: Protect
|-damage|p2a: Gurdurr|26/100|[from] Spiky Shield|[of] p1a: Chesnaught
|
|-damage|p2a: Gurdurr|14/100|[from] Leech Seed|[of] p1a: Chesnaught
|-heal|p1a: Chesnaught|67/100|[silent]
|upkeep
|turn|9
|
|t:|1758337606
|move|p1a: Chesnaught|Drain Punch|p2a: Gurdurr
|-damage|p2a: Gurdurr|6/100
|-heal|p1a: Chesnaught|71/100|[from] drain|[of] p2a: Gurdurr
|move|p2a: Gurdurr|Drain Punch|p1a: Chesnaught
|-damage|p1a: Chesnaught|39/100
|-heal|p2a: Gurdurr|22/100|[from] drain|[of] p1a: Chesnaught
|
|-damage|p2a: Gurdurr|10/100|[from] Leech Seed|[of] p1a: Chesnaught
|-heal|p1a: Chesnaught|51/100|[silent]
|upkeep
|turn|10
|
|t:|1758337615
|move|p1a: Chesnaught|Spiky Shield|p1a: Chesnaught
|-singleturn|p1a: Chesnaught|move: Protect
|move|p2a: Gurdurr|Mach Punch|p1a: Chesnaught
|-activate|p1a: Chesnaught|move: Protect
|-damage|p2a: Gurdurr|0 fnt|[from] Spiky Shield|[of] p1a: Chesnaught
|faint|p2a: Gurdurr
|
|upkeep
|
|t:|1758337636
|switch|p2a: Haunter|Haunter, F, shiny|100/100
|turn|11
|
|t:|1758337647
|move|p2a: Haunter|Sludge Bomb|p1a: Chesnaught
|-immune|p1a: Chesnaught|[from] ability: Bulletproof
|move|p1a: Chesnaught|Trailblaze|p2a: Haunter
|-resisted|p2a: Haunter
|-damage|p2a: Haunter|76/100
|-boost|p1a: Chesnaught|spe|1
|
|upkeep
|turn|12
|
|t:|1758337656
|switch|p2a: Thwackey|Thwackey, M|100/100
|-fieldstart|move: Grassy Terrain|[from] ability: Grassy Surge|[of] p2a: Thwackey
|move|p1a: Chesnaught|Leech Seed|p2a: Thwackey
|-immune|p2a: Thwackey
|
|-heal|p1a: Chesnaught|57/100|[from] Grassy Terrain
|upkeep
|turn|13
|
|t:|1758337664
|switch|p1a: Corviknight|Corviknight, M, shiny|100/100
|move|p2a: Thwackey|U-turn|p1a: Corviknight
|-resisted|p1a: Corviknight
|-damage|p1a: Corviknight|95/100
|
|t:|1758337692
|switch|p2a: Haunter|Haunter, F, shiny|76/100|[from] U-turn
|
|-heal|p1a: Corviknight|100/100|[from] item: Leftovers
|upkeep
|turn|14
|
|t:|1758337697
|move|p2a: Haunter|Trick|p1a: Corviknight
|-activate|p2a: Haunter|move: Trick|[of] p1a: Corviknight
|-item|p1a: Corviknight|Choice Specs|[from] move: Trick
|-item|p2a: Haunter|Leftovers|[from] move: Trick
|move|p1a: Corviknight|Substitute|p1a: Corviknight
|-start|p1a: Corviknight|Substitute
|-damage|p1a: Corviknight|76/100
|
|-heal|p2a: Haunter|82/100|[from] item: Leftovers
|upkeep
|turn|15
|
|t:|1758337714
|switch|p1a: Thundurus|Thundurus-Therian, M|100/100
|move|p2a: Haunter|Psychic|p1a: Thundurus
|-damage|p1a: Thundurus|61/100
|-unboost|p1a: Thundurus|spd|1
|
|-heal|p2a: Haunter|88/100|[from] item: Leftovers
|upkeep
|turn|16
|
|t:|1758337722
|move|p1a: Thundurus|Dark Pulse|p2a: Haunter
|-supereffective|p2a: Haunter
|-damage|p2a: Haunter|0 fnt
|faint|p2a: Haunter
|
|-fieldend|move: Grassy Terrain
|upkeep
|
|t:|1758337731
|switch|p2a: Sneasel|Sneasel, F, shiny|100/100
|turn|17
|
|t:|1758337736
|switch|p1a: Corviknight|Corviknight, M, shiny|76/100
|move|p2a: Sneasel|Triple Axel|p1a: Corviknight
|-damage|p1a: Corviknight|67/100
|-damage|p1a: Corviknight|48/100
|-damage|p1a: Corviknight|21/100
|-hitcount|p1a: Corviknight|3
|-damage|p2a: Sneasel|91/100|[from] item: Life Orb
|
|upkeep
|turn|18
|
|t:|1758337744
|move|p2a: Sneasel|Triple Axel|p1a: Corviknight
|-damage|p1a: Corviknight|12/100
|-damage|p1a: Corviknight|0 fnt
|faint|p1a: Corviknight
|-hitcount|p1: Corviknight|2
|-damage|p2a: Sneasel|81/100|[from] item: Life Orb
|
|upkeep
|
|t:|1758337752
|switch|p1a: Regirock|Regirock, shiny|100/100
|turn|19
|
|t:|1758337756
|move|p2a: Sneasel|Triple Axel|p1a: Regirock
|-crit|p1a: Regirock
|-damage|p1a: Regirock|92/100
|-hitcount|p1a: Regirock|1
|-damage|p2a: Sneasel|71/100|[from] item: Life Orb
|move|p1a: Regirock|Drain Punch|p2a: Sneasel
|-supereffective|p2a: Sneasel
|-damage|p2a: Sneasel|0 fnt
|-heal|p1a: Regirock|100/100|[from] drain|[of] p2a: Sneasel
|faint|p2a: Sneasel
|
|upkeep
|
|t:|1758337762
|switch|p2a: Thwackey|Thwackey, M|100/100
|-fieldstart|move: Grassy Terrain|[from] ability: Grassy Surge|[of] p2a: Thwackey
|turn|20
|
|t:|1758337769
|move|p2a: Thwackey|Wood Hammer|p1a: Regirock
|-supereffective|p1a: Regirock
|-damage|p1a: Regirock|5/100
|-enditem|p1a: Regirock|Weakness Policy
|-boost|p1a: Regirock|atk|2|[from] item: Weakness Policy
|-boost|p1a: Regirock|spa|2|[from] item: Weakness Policy
|-damage|p2a: Thwackey|60/100|[from] Recoil
|move|p1a: Regirock|Ice Punch|p2a: Thwackey
|-supereffective|p2a: Thwackey
|-damage|p2a: Thwackey|0 fnt
|faint|p2a: Thwackey
|
|-heal|p1a: Regirock|11/100|[from] Grassy Terrain
|upkeep
|
|t:|1758337772
|switch|p2a: Magneton|Magneton, shiny|100/100
|turn|21
|
|t:|1758337784
|-terastallize|p2a: Magneton|Grass
|move|p2a: Magneton|Tera Blast|p1a: Regirock|[anim] Tera Blast Grass
|-supereffective|p1a: Regirock
|-damage|p1a: Regirock|0 fnt
|faint|p1a: Regirock
|
|upkeep
|
|t:|1758337790
|switch|p1a: Thundurus|Thundurus-Therian, M|61/100
|turn|22
|
|t:|1758337793
|-terastallize|p1a: Thundurus|Ice
|move|p1a: Thundurus|Tera Blast|p2a: Magneton|[anim] Tera Blast Ice
|-supereffective|p2a: Magneton
|-damage|p2a: Magneton|10/100
|move|p2a: Magneton|Flash Cannon|p1a: Thundurus
|-supereffective|p1a: Thundurus
|-damage|p1a: Thundurus|0 fnt
|faint|p1a: Thundurus
|
|-heal|p2a: Magneton|16/100|[from] Grassy Terrain
|upkeep
|
|t:|1758337803
|switch|p1a: Muk|Muk-Alola, M|100/100
|turn|23
|
|t:|1758337809
|move|p2a: Magneton|Thunderbolt|p1a: Muk
|-damage|p1a: Muk|73/100
|move|p1a: Muk|Toxic|p2a: Magneton
|-status|p2a: Magneton|tox
|
|-heal|p2a: Magneton|22/100 tox|[from] Grassy Terrain
|-heal|p1a: Muk|79/100|[from] Grassy Terrain
|-damage|p2a: Magneton|16/100 tox|[from] psn
|upkeep
|turn|24
|
|t:|1758337817
|move|p1a: Muk|Shadow Sneak|p2a: Magneton
|-damage|p2a: Magneton|7/100 tox
|move|p2a: Magneton|Flash Cannon|p1a: Muk
|-damage|p1a: Muk|48/100
|-enditem|p1a: Muk|Aguav Berry|[eat]
|-heal|p1a: Muk|82/100|[from] item: Aguav Berry
|
|-heal|p2a: Magneton|13/100 tox|[from] Grassy Terrain
|-heal|p1a: Muk|88/100|[from] Grassy Terrain
|-damage|p2a: Magneton|1/100 tox|[from] psn
|-fieldend|move: Grassy Terrain
|upkeep
|turn|25
|
|t:|1758337826
|move|p2a: Magneton|Flash Cannon|p1a: Muk
|-damage|p1a: Muk|62/100
|move|p1a: Muk|Recycle|p1a: Muk
|-item|p1a: Muk|Aguav Berry|[from] move: Recycle
|
|-damage|p2a: Magneton|0 fnt|[from] psn
|faint|p2a: Magneton
|
|win|granjeromaximo
|raw|granjeromaximo's rating: 1112 &rarr; <strong>1137</strong><br />(+25 for winning)
|raw|SirQTheFirst's rating: 1113 &rarr; <strong>1088</strong><br />(-25 for losing)
|l|☆SirQTheFirst
|player|p2|
|c|☆granjeromaximo|gg
|l|☆granjeromaximo
|player|p1|
