|j|☆valoo945
|j|☆FlowerUnacceptable
|t:|1758285565
|gametype|singles
|player|p1|valoo945|cynthia-gen4|1356
|player|p2|FlowerUnacceptable|cheren|1336
|gen|9
|tier|[Gen 9] OU
|rated|
|rule|HP Percentage Mod: HP is shown in percentages
|rule|Endless Battle Clause: Forcing endless battles is banned
|rule|Species Clause: Limit one of each Pokémon
|rule|OHKO Clause: OHKO moves are banned
|rule|Evasion Items Clause: Evasion items are banned
|rule|Evasion Moves Clause: Evasion moves are banned
|rule|Evasion Abilities Clause: Evasion abilities are banned
|rule|Sleep Moves Clause: Sleep-inducing moves are banned
|clearpoke
|poke|p1|Glimmora, M|
|poke|p1|Gholdengo|
|poke|p1|Ogerpon-Wellspring, F|
|poke|p1|Kingambit, M|
|poke|p1|Iron Moth|
|poke|p1|Enamorus, F|
|poke|p2|Fezandipiti, M|
|poke|p2|Dragonite, F|
|poke|p2|Gholdengo|
|poke|p2|Great Tusk|
|poke|p2|Rotom-Wash|
|poke|p2|Zapdos-Galar|
|teampreview
|inactive|Battle timer is ON: inactive players will automatically lose when time's up. (requested by valoo945)
|
|t:|1758285582
|teamsize|p1|6
|teamsize|p2|6
|start
|switch|p1a: Glimmora|Glimmora, M|100/100
|switch|p2a: Great Tusk|Great Tusk|100/100
|turn|1
|
|t:|1758285602
|-terastallize|p1a: Glimmora|Grass
|move|p2a: Great Tusk|Stealth Rock|p1a: Glimmora
|-sidestart|p1: valoo945|move: Stealth Rock
|move|p1a: Glimmora|Energy Ball|p2a: Great Tusk
|-supereffective|p2a: Great Tusk
|-damage|p2a: Great Tusk|0 fnt
|faint|p2a: Great Tusk
|-end|p2a: Great Tusk|Protosynthesis|[silent]
|
|upkeep
|
|t:|1758285616
|switch|p2a: Zapdos|Zapdos-Galar|100/100
|turn|2
|
|t:|1758285622
|move|p2a: Zapdos|Knock Off|p1a: Glimmora
|-damage|p1a: Glimmora|60/100
|-activate|p1a: Glimmora|ability: Toxic Debris
|-sidestart|p2: FlowerUnacceptable|move: Toxic Spikes
|-enditem|p1a: Glimmora|Focus Sash|[from] move: Knock Off|[of] p2a: Zapdos
|move|p1a: Glimmora|Mortal Spin|p2a: Zapdos
|-damage|p2a: Zapdos|94/100
|-status|p2a: Zapdos|psn
|-sideend|p1: valoo945|Stealth Rock|[from] move: Mortal Spin|[of] p1a: Glimmora
|
|-damage|p2a: Zapdos|81/100 psn|[from] psn
|upkeep
|turn|3
|
|t:|1758285635
|switch|p2a: Fezandipiti|Fezandipiti, M|100/100
|-sideend|p2: FlowerUnacceptable|move: Toxic Spikes|[of] p2a: Fezandipiti
|move|p1a: Glimmora|Stealth Rock|p2a: Fezandipiti
|-sidestart|p2: FlowerUnacceptable|move: Stealth Rock
|
|upkeep
|turn|4
|
|t:|1758285642
|move|p1a: Glimmora|Energy Ball|p2a: Fezandipiti
|-resisted|p2a: Fezandipiti
|-damage|p2a: Fezandipiti|86/100
|move|p2a: Fezandipiti|Beat Up|p1a: Glimmora
|-damage|p1a: Glimmora|56/100
|-activate|p1a: Glimmora|ability: Toxic Debris
|-sidestart|p2: FlowerUnacceptable|move: Toxic Spikes
|-status|p1a: Glimmora|tox|[from] ability: Toxic Chain|[of] p2a: Fezandipiti
|-damage|p1a: Glimmora|51/100 tox
|-activate|p1a: Glimmora|ability: Toxic Debris
|-sidestart|p2: FlowerUnacceptable|move: Toxic Spikes
|-crit|p1a: Glimmora
|-damage|p1a: Glimmora|46/100 tox
|-damage|p1a: Glimmora|43/100 tox
|-hitcount|p1a: Glimmora|4
|
|-damage|p1a: Glimmora|37/100 tox|[from] psn
|upkeep
|turn|5
|
|t:|1758285660
|move|p1a: Glimmora|Energy Ball|p2a: Fezandipiti
|-resisted|p2a: Fezandipiti
|-damage|p2a: Fezandipiti|71/100
|move|p2a: Fezandipiti|Play Rough|p1a: Glimmora
|-damage|p1a: Glimmora|0 fnt
|faint|p1a: Glimmora
|
|upkeep
|
|t:|1758285682
|switch|p1a: Ogerpon|Ogerpon-Wellspring, F|100/100
|turn|6
|
|t:|1758285697
|move|p1a: Ogerpon|Ivy Cudgel|p2a: Fezandipiti|[anim] Ivy Cudgel Water
|-damage|p2a: Fezandipiti|5/100
|move|p2a: Fezandipiti|Roost|p2a: Fezandipiti
|-heal|p2a: Fezandipiti|55/100
|-singleturn|p2a: Fezandipiti|move: Roost
|
|upkeep
|turn|7
|
|t:|1758285717
|switch|p2a: Rotom|Rotom-Wash|100/100
|-damage|p2a: Rotom|88/100|[from] Stealth Rock
|move|p1a: Ogerpon|Swords Dance|p1a: Ogerpon
|-boost|p1a: Ogerpon|atk|2
|
|-heal|p2a: Rotom|94/100|[from] item: Leftovers
|upkeep
|turn|8
|
|t:|1758285733
|move|p1a: Ogerpon|Power Whip|p2a: Rotom
|-supereffective|p2a: Rotom
|-damage|p2a: Rotom|0 fnt
|faint|p2a: Rotom
|
|upkeep
|
|t:|1758285750
|switch|p2a: Zapdos|Zapdos-Galar|81/100 psn
|-damage|p2a: Zapdos|69/100 psn|[from] Stealth Rock
|turn|9
|
|t:|1758285754
|move|p2a: Zapdos|Brave Bird|p1a: Ogerpon
|-supereffective|p1a: Ogerpon
|-damage|p1a: Ogerpon|0 fnt
|faint|p1a: Ogerpon
|-damage|p2a: Zapdos|38/100 psn|[from] Recoil
|
|-damage|p2a: Zapdos|26/100 psn|[from] psn
|upkeep
|
|t:|1758285769
|switch|p1a: Gholdengo|Gholdengo|100/100
|-item|p1a: Gholdengo|Air Balloon
|turn|10
|inactive|FlowerUnacceptable has 120 seconds left.
|
|t:|1758285799
|switch|p1a: Kingambit|Kingambit, M|100/100
|-activate|p1a: Kingambit|ability: Supreme Overlord
|-start|p1a: Kingambit|fallen2|[silent]
|move|p2a: Zapdos|Brave Bird|p1a: Kingambit
|-resisted|p1a: Kingambit
|-damage|p1a: Kingambit|78/100
|-damage|p2a: Zapdos|17/100 psn|[from] Recoil
|
|-damage|p2a: Zapdos|4/100 psn|[from] psn
|upkeep
|turn|11
|
|t:|1758285809
|move|p1a: Kingambit|Sucker Punch|p2a: Zapdos
|-resisted|p2a: Zapdos
|-damage|p2a: Zapdos|0 fnt
|faint|p2a: Zapdos
|
|upkeep
|inactive|FlowerUnacceptable has 120 seconds left.
|
|t:|1758285831
|switch|p2a: Dragonite|Dragonite, F|100/100
|turn|12
|inactive|valoo945 has 120 seconds left.
|
|t:|1758285856
|move|p2a: Dragonite|Dragon Dance|p2a: Dragonite
|-boost|p2a: Dragonite|atk|1
|-boost|p2a: Dragonite|spe|1
|move|p1a: Kingambit|Kowtow Cleave|p2a: Dragonite
|-damage|p2a: Dragonite|63/100
|
|upkeep
|turn|13
|inactive|valoo945 has 120 seconds left.
|
|t:|1758285870
|move|p1a: Kingambit|Sucker Punch|p2a: Dragonite
|-damage|p2a: Dragonite|3/100
|move|p2a: Dragonite|Earthquake|p1a: Kingambit
|-supereffective|p1a: Kingambit
|-damage|p1a: Kingambit|0 fnt
|faint|p1a: Kingambit
|-end|p1a: Kingambit|fallen2|[silent]
|
|upkeep
|inactive|valoo945 has 120 seconds left.
|
|t:|1758285876
|switch|p1a: Gholdengo|Gholdengo|100/100
|-item|p1a: Gholdengo|Air Balloon
|turn|14
|inactive|FlowerUnacceptable has 120 seconds left.
|
|t:|1758285886
|switch|p2a: Fezandipiti|Fezandipiti, M|55/100
|-sideend|p2: FlowerUnacceptable|move: Toxic Spikes|[of] p2a: Fezandipiti
|move|p1a: Gholdengo|Shadow Ball|p2a: Fezandipiti
|-damage|p2a: Fezandipiti|26/100
|
|upkeep
|turn|15
|inactive|FlowerUnacceptable has 120 seconds left.
|
|t:|1758285907
|move|p1a: Gholdengo|Shadow Ball|p2a: Fezandipiti
|-damage|p2a: Fezandipiti|0 fnt
|faint|p2a: Fezandipiti
|
|upkeep
|
|t:|1758285910
|switch|p2a: Gholdengo|Gholdengo|100/100
|-damage|p2a: Gholdengo|94/100|[from] Stealth Rock
|-item|p2a: Gholdengo|Air Balloon
|turn|16
|inactive|FlowerUnacceptable has 120 seconds left.
|
|t:|1758285936
|-terastallize|p2a: Gholdengo|Fairy
|move|p1a: Gholdengo|Shadow Ball|p2a: Gholdengo
|-damage|p2a: Gholdengo|50/100
|-enditem|p2a: Gholdengo|Air Balloon
|move|p2a: Gholdengo|Nasty Plot|p2a: Gholdengo
|-boost|p2a: Gholdengo|spa|2
|
|upkeep
|turn|17
|
|t:|1758285947
|move|p1a: Gholdengo|Make It Rain|p2a: Gholdengo
|-supereffective|p2a: Gholdengo
|-damage|p2a: Gholdengo|0 fnt
|-unboost|p1a: Gholdengo|spa|1
|faint|p2a: Gholdengo
|
|upkeep
|-message|FlowerUnacceptable forfeited.
|
|win|valoo945
|raw|valoo945's rating: 1356 &rarr; <strong>1375</strong><br />(+19 for winning)
|raw|FlowerUnacceptable's rating: 1336 &rarr; <strong>1317</strong><br />(-19 for losing)
|l|☆FlowerUnacceptable
|player|p2|
|l|☆valoo945
|player|p1|
