|j|☆murchy4
|j|☆MyCroissant
|t:|1758283829
|gametype|singles
|player|p1|murchy4|265|1448
|player|p2|MyCroissant|101|1451
|gen|9
|tier|[Gen 9] OU
|rated|
|rule|HP Percentage Mod: HP is shown in percentages
|rule|Endless Battle Clause: Forcing endless battles is banned
|rule|Species Clause: Limit one of each Pokémon
|rule|OHKO Clause: OHKO moves are banned
|rule|Evasion Items Clause: Evasion items are banned
|rule|Evasion Moves Clause: Evasion moves are banned
|rule|Evasion Abilities Clause: Evasion abilities are banned
|rule|Sleep Moves Clause: Sleep-inducing moves are banned
|clearpoke
|poke|p1|Ninetales-Alola, M|
|poke|p1|Oricorio, M|
|poke|p1|Hatterene, F|
|poke|p1|Kyurem|
|poke|p1|Zamazenta-*|
|poke|p1|Iron Treads|
|poke|p2|Cinderace, F|
|poke|p2|Zamazenta-*|
|poke|p2|Dragapult, M|
|poke|p2|Darkrai|
|poke|p2|Gliscor, M|
|poke|p2|Primarina, F|
|teampreview
|
|t:|1758283843
|teamsize|p1|6
|teamsize|p2|6
|start
|switch|p1a: Ninetales|Ninetales-Alola, M|100/100
|switch|p2a: Cinderace|Cinderace, F|100/100
|-weather|Snowscape|[from] ability: Snow Warning|[of] p1a: Ninetales
|turn|1
|
|t:|1758283852
|switch|p1a: Oricorio|Oricorio, M|100/100
|move|p2a: Cinderace|Pyro Ball|p1a: Oricorio
|-resisted|p1a: Oricorio
|-damage|p1a: Oricorio|57/100
|
|-weather|Snowscape|[upkeep]
|upkeep
|turn|2
|
|t:|1758283856
|move|p2a: Cinderace|U-turn|p1a: Oricorio
|-start|p2a: Cinderace|typechange|Bug|[from] ability: Libero
|-resisted|p1a: Oricorio
|-damage|p1a: Oricorio|45/100
|
|t:|1758283861
|switch|p2a: Gliscor|Gliscor, M, shiny|100/100|[from] U-turn
|move|p1a: Oricorio|Quiver Dance|p1a: Oricorio
|-boost|p1a: Oricorio|spa|1
|-boost|p1a: Oricorio|spd|1
|-boost|p1a: Oricorio|spe|1
|
|-weather|Snowscape|[upkeep]
|-status|p2a: Gliscor|tox|[from] item: Toxic Orb
|upkeep
|turn|3
|
|t:|1758283865
|move|p1a: Oricorio|Taunt|p2a: Gliscor
|-start|p2a: Gliscor|move: Taunt
|cant|p2a: Gliscor|move: Taunt|Spikes
|
|-weather|Snowscape|[upkeep]
|upkeep
|turn|4
|
|t:|1758283870
|switch|p2a: Primarina|Primarina, F|100/100
|move|p1a: Oricorio|Quiver Dance|p1a: Oricorio
|-boost|p1a: Oricorio|spa|1
|-boost|p1a: Oricorio|spd|1
|-boost|p1a: Oricorio|spe|1
|
|-weather|Snowscape|[upkeep]
|upkeep
|turn|5
|
|t:|1758283893
|move|p1a: Oricorio|Alluring Voice|p2a: Primarina
|-damage|p2a: Primarina|63/100
|move|p2a: Primarina|Psychic Noise|p1a: Oricorio
|-supereffective|p1a: Oricorio
|-damage|p1a: Oricorio|0 fnt
|faint|p1a: Oricorio
|
|-weather|none
|-heal|p2a: Primarina|69/100|[from] item: Leftovers
|upkeep
|
|t:|1758283898
|switch|p1a: Ninetales|Ninetales-Alola, M|100/100
|-weather|Snowscape|[from] ability: Snow Warning|[of] p1a: Ninetales
|turn|6
|
|t:|1758283904
|move|p1a: Ninetales|Aurora Veil|p1a: Ninetales
|-sidestart|p1: murchy4|move: Aurora Veil
|move|p2a: Primarina|Calm Mind|p2a: Primarina
|-boost|p2a: Primarina|spa|1
|-boost|p2a: Primarina|spd|1
|
|-weather|Snowscape|[upkeep]
|-heal|p2a: Primarina|75/100|[from] item: Leftovers
|upkeep
|turn|7
|
|t:|1758283907
|move|p1a: Ninetales|Encore|p2a: Primarina
|-start|p2a: Primarina|Encore
|move|p2a: Primarina|Calm Mind|p2a: Primarina
|-boost|p2a: Primarina|spa|1
|-boost|p2a: Primarina|spd|1
|
|-weather|Snowscape|[upkeep]
|-heal|p2a: Primarina|81/100|[from] item: Leftovers
|upkeep
|turn|8
|
|t:|1758283910
|switch|p1a: Kyurem|Kyurem|100/100
|-ability|p1a: Kyurem|Pressure
|move|p2a: Primarina|Calm Mind|p2a: Primarina
|-boost|p2a: Primarina|spa|1
|-boost|p2a: Primarina|spd|1
|
|-weather|Snowscape|[upkeep]
|-heal|p2a: Primarina|87/100|[from] item: Leftovers
|upkeep
|turn|9
|
|t:|1758283913
|-terastallize|p2a: Primarina|Ghost
|move|p1a: Kyurem|Dragon Dance|p1a: Kyurem
|-boost|p1a: Kyurem|atk|1
|-boost|p1a: Kyurem|spe|1
|move|p2a: Primarina|Calm Mind|p2a: Primarina
|-boost|p2a: Primarina|spa|1
|-boost|p2a: Primarina|spd|1
|
|-weather|Snowscape|[upkeep]
|-heal|p2a: Primarina|93/100|[from] item: Leftovers
|-end|p2a: Primarina|Encore
|upkeep
|turn|10
|
|t:|1758283918
|move|p1a: Kyurem|Icicle Spear|p2a: Primarina
|-damage|p2a: Primarina|70/100
|-damage|p2a: Primarina|49/100
|-crit|p2a: Primarina
|-damage|p2a: Primarina|16/100
|-damage|p2a: Primarina|0 fnt
|faint|p2a: Primarina
|-hitcount|p2: Primarina|4
|
|-weather|none
|upkeep
|
|t:|1758283925
|switch|p2a: Cinderace|Cinderace, F|100/100
|turn|11
|
|t:|1758283928
|move|p1a: Kyurem|Scale Shot|p2a: Cinderace|[miss]
|-miss|p1a: Kyurem|p2a: Cinderace
|move|p2a: Cinderace|Will-O-Wisp|p1a: Kyurem
|-status|p1a: Kyurem|brn
|
|-damage|p1a: Kyurem|94/100 brn|[from] brn
|upkeep
|turn|12
|
|t:|1758283931
|move|p1a: Kyurem|Scale Shot|p2a: Cinderace
|-damage|p2a: Cinderace|88/100
|-damage|p2a: Cinderace|73/100
|-damage|p2a: Cinderace|59/100
|-damage|p2a: Cinderace|44/100
|-damage|p2a: Cinderace|30/100
|-hitcount|p2a: Cinderace|5
|-unboost|p1a: Kyurem|def|1
|-boost|p1a: Kyurem|spe|1
|move|p2a: Cinderace|Court Change|p2a: Cinderace
|-start|p2a: Cinderace|typechange|Normal|[from] ability: Libero
|-swapsideconditions
|-activate|p2a: Cinderace|move: Court Change
|
|-damage|p1a: Kyurem|88/100 brn|[from] brn
|upkeep
|turn|13
|
|t:|1758283944
|switch|p1a: Ninetales|Ninetales-Alola, M|100/100
|-weather|Snowscape|[from] ability: Snow Warning|[of] p1a: Ninetales
|switch|p2a: Gliscor|Gliscor, M, shiny|100/100 tox
|
|-weather|Snowscape|[upkeep]
|-sideend|p2: MyCroissant|move: Aurora Veil
|upkeep
|turn|14
|
|t:|1758283948
|move|p1a: Ninetales|Freeze-Dry|p2a: Gliscor
|-supereffective|p2a: Gliscor
|-damage|p2a: Gliscor|6/100 tox
|move|p2a: Gliscor|Spikes|p1a: Ninetales
|-sidestart|p1: murchy4|Spikes
|
|-weather|Snowscape|[upkeep]
|-heal|p2a: Gliscor|18/100 tox|[from] ability: Poison Heal
|upkeep
|turn|15
|
|t:|1758283952
|move|p2a: Gliscor|Protect|p2a: Gliscor
|-singleturn|p2a: Gliscor|Protect
|move|p1a: Ninetales|Aurora Veil|p1a: Ninetales
|-sidestart|p1: murchy4|move: Aurora Veil
|
|-weather|Snowscape|[upkeep]
|-heal|p2a: Gliscor|30/100 tox|[from] ability: Poison Heal
|upkeep
|turn|16
|
|t:|1758283958
|switch|p1a: Iron Treads|Iron Treads|100/100
|-damage|p1a: Iron Treads|88/100|[from] Spikes
|-enditem|p1a: Iron Treads|Booster Energy
|-activate|p1a: Iron Treads|ability: Quark Drive|[fromitem]
|-start|p1a: Iron Treads|quarkdrivespe
|move|p2a: Gliscor|Protect||[still]
|-fail|p2a: Gliscor
|
|-weather|Snowscape|[upkeep]
|-heal|p2a: Gliscor|43/100 tox|[from] ability: Poison Heal
|upkeep
|turn|17
|
|t:|1758283964
|move|p1a: Iron Treads|Steel Beam|p2a: Gliscor
|-damage|p2a: Gliscor|0 fnt
|-damage|p1a: Iron Treads|38/100|[from] steelbeam
|faint|p2a: Gliscor
|
|-weather|none
|upkeep
|
|t:|1758283970
|switch|p2a: Dragapult|Dragapult, M, shiny|100/100
|turn|18
|
|t:|1758283972
|move|p1a: Iron Treads|Earth Power|p2a: Dragapult
|-damage|p2a: Dragapult|55/100
|move|p2a: Dragapult|Dragon Dance|p2a: Dragapult
|-boost|p2a: Dragapult|atk|1
|-boost|p2a: Dragapult|spe|1
|
|upkeep
|turn|19
|
|t:|1758283978
|move|p2a: Dragapult|Dragon Dance|p2a: Dragapult
|-boost|p2a: Dragapult|atk|1
|-boost|p2a: Dragapult|spe|1
|move|p1a: Iron Treads|Earth Power|p2a: Dragapult
|-damage|p2a: Dragapult|12/100
|-unboost|p2a: Dragapult|spd|1
|
|upkeep
|turn|20
|
|t:|1758283982
|move|p2a: Dragapult|Dragon Darts|p1a: Iron Treads
|-resisted|p1a: Iron Treads
|-damage|p1a: Iron Treads|15/100
|-anim|p2a: Dragapult|Dragon Darts|p1a: Iron Treads
|-resisted|p1a: Iron Treads
|-damage|p1a: Iron Treads|0 fnt
|faint|p1a: Iron Treads
|-end|p1a: Iron Treads|Quark Drive|[silent]
|
|upkeep
|
|t:|1758283991
|switch|p1a: Zamazenta|Zamazenta|100/100
|-damage|p1a: Zamazenta|88/100|[from] Spikes
|-ability|p1a: Zamazenta|Dauntless Shield|boost
|-boost|p1a: Zamazenta|def|1
|turn|21
|
|t:|1758283996
|move|p2a: Dragapult|Dragon Darts|p1a: Zamazenta
|-damage|p1a: Zamazenta|65/100
|-anim|p2a: Dragapult|Dragon Darts|p1a: Zamazenta
|-damage|p1a: Zamazenta|42/100
|move|p1a: Zamazenta|Crunch|p2a: Dragapult
|-supereffective|p2a: Dragapult
|-damage|p2a: Dragapult|0 fnt
|faint|p2a: Dragapult
|
|-heal|p1a: Zamazenta|48/100|[from] item: Leftovers
|upkeep
|
|t:|1758284003
|switch|p2a: Zamazenta|Zamazenta|100/100
|-ability|p2a: Zamazenta|Dauntless Shield|boost
|-boost|p2a: Zamazenta|def|1
|turn|22
|
|t:|1758284005
|move|p2a: Zamazenta|Iron Defense|p2a: Zamazenta
|-boost|p2a: Zamazenta|def|2
|move|p1a: Zamazenta|Roar|p2a: Zamazenta
|drag|p2a: Darkrai|Darkrai|100/100
|
|-heal|p1a: Zamazenta|55/100|[from] item: Leftovers
|-sideend|p1: murchy4|move: Aurora Veil
|upkeep
|turn|23
|
|t:|1758284010
|move|p1a: Zamazenta|Iron Defense|p1a: Zamazenta
|-boost|p1a: Zamazenta|def|2
|move|p2a: Darkrai|Sludge Bomb|p1a: Zamazenta
|-damage|p1a: Zamazenta|17/100
|-status|p1a: Zamazenta|psn
|
|-heal|p1a: Zamazenta|23/100 psn|[from] item: Leftovers
|-damage|p1a: Zamazenta|11/100 psn|[from] psn
|upkeep
|turn|24
|
|t:|1758284013
|switch|p2a: Cinderace|Cinderace, F|30/100
|move|p1a: Zamazenta|Body Press|p2a: Cinderace
|-damage|p2a: Cinderace|0 fnt
|faint|p2a: Cinderace
|
|-heal|p1a: Zamazenta|17/100 psn|[from] item: Leftovers
|-damage|p1a: Zamazenta|4/100 psn|[from] psn
|upkeep
|
|t:|1758284018
|switch|p2a: Zamazenta|Zamazenta|100/100
|turn|25
|
|t:|1758284022
|move|p2a: Zamazenta|Iron Defense|p2a: Zamazenta
|-boost|p2a: Zamazenta|def|2
|move|p1a: Zamazenta|Body Press|p2a: Zamazenta
|-damage|p2a: Zamazenta|65/100
|
|-heal|p1a: Zamazenta|11/100 psn|[from] item: Leftovers
|-damage|p1a: Zamazenta|0 fnt|[from] psn
|faint|p1a: Zamazenta
|upkeep
|
|t:|1758284024
|switch|p1a: Hatterene|Hatterene, F|100/100
|-damage|p1a: Hatterene|88/100|[from] Spikes
|turn|26
|
|t:|1758284029
|move|p2a: Zamazenta|Stone Edge|p1a: Hatterene|[miss]
|-miss|p2a: Zamazenta|p1a: Hatterene
|move|p1a: Hatterene|Calm Mind|p1a: Hatterene
|-boost|p1a: Hatterene|spa|1
|-boost|p1a: Hatterene|spd|1
|
|-heal|p1a: Hatterene|94/100|[from] item: Leftovers
|upkeep
|turn|27
|
|t:|1758284032
|switch|p2a: Darkrai|Darkrai|100/100
|move|p1a: Hatterene|Draining Kiss|p2a: Darkrai
|-supereffective|p2a: Darkrai
|-damage|p2a: Darkrai|12/100
|-heal|p1a: Hatterene|100/100|[from] drain|[of] p2a: Darkrai
|
|upkeep
|turn|28
|
|t:|1758284037
|move|p2a: Darkrai|Sludge Bomb|p1a: Hatterene
|-supereffective|p1a: Hatterene
|-damage|p1a: Hatterene|29/100
|move|p1a: Hatterene|Draining Kiss|p2a: Darkrai
|-supereffective|p2a: Darkrai
|-damage|p2a: Darkrai|0 fnt
|-heal|p1a: Hatterene|37/100|[from] drain|[of] p2a: Darkrai
|faint|p2a: Darkrai
|
|-heal|p1a: Hatterene|43/100|[from] item: Leftovers
|upkeep
|
|t:|1758284040
|switch|p2a: Zamazenta|Zamazenta|65/100
|turn|29
|
|t:|1758284042
|move|p2a: Zamazenta|Stone Edge|p1a: Hatterene
|-damage|p1a: Hatterene|19/100
|move|p1a: Hatterene|Draining Kiss|p2a: Zamazenta
|-supereffective|p2a: Zamazenta
|-damage|p2a: Zamazenta|5/100
|-heal|p1a: Hatterene|70/100|[from] drain|[of] p2a: Zamazenta
|
|-heal|p1a: Hatterene|76/100|[from] item: Leftovers
|upkeep
|turn|30
|inactive|Battle timer is ON: inactive players will automatically lose when time's up. (requested by murchy4)
|-message|MyCroissant forfeited.
|
|win|murchy4
|raw|murchy4's rating: 1448 &rarr; <strong>1468</strong><br />(+20 for winning)
|raw|MyCroissant's rating: 1451 &rarr; <strong>1431</strong><br />(-20 for losing)
|l|☆MyCroissant
|player|p2|
|j|☆MyCroissant
|player|p2|MyCroissant|101|
|l|☆murchy4
|player|p1|
|l|☆MyCroissant
|player|p2|
