|badge|p2|bronze|gen9ou|100-6
|uhtml|medal-msg|<div class="broadcast-blue">Curious what those medals under the avatar are? PS now has Ladder Seasons! For more information, check out the <a href="https://www.smogon.com/forums/threads/3740067/">thread on Smogon.</a></div>
|j|☆wssi
|j|☆54 insane rats
|t:|1758236149
|gametype|singles
|player|p1|wssi|266|1784
|player|p2|54 insane rats|supernerd|1774
|gen|9
|tier|[Gen 9] OU
|rated|
|rule|HP Percentage Mod: HP is shown in percentages
|rule|Endless Battle Clause: Forcing endless battles is banned
|rule|Species Clause: Limit one of each Pokémon
|rule|OHKO Clause: OHKO moves are banned
|rule|Evasion Items Clause: Evasion items are banned
|rule|Evasion Moves Clause: Evasion moves are banned
|rule|Evasion Abilities Clause: Evasion abilities are banned
|rule|Sleep Moves Clause: Sleep-inducing moves are banned
|clearpoke
|poke|p1|Dragonite, F|
|poke|p1|Gholdengo|
|poke|p1|Regidrago|
|poke|p1|Scizor, F|
|poke|p1|Ting-Lu|
|poke|p1|Weezing-Galar, M|
|poke|p2|Tyranitar, M|
|poke|p2|Excadrill, M|
|poke|p2|Kingambit, F|
|poke|p2|Garchomp, F|
|poke|p2|Pecharunt|
|poke|p2|Rotom-Wash|
|teampreview
|inactive|Battle timer is ON: inactive players will automatically lose when time's up. (requested by 54 insane rats)
|
|t:|1758236162
|teamsize|p1|6
|teamsize|p2|6
|start
|switch|p1a: Gholdengo|Gholdengo|100/100
|switch|p2a: Rotom|Rotom-Wash|100/100
|turn|1
|
|t:|1758236168
|move|p1a: Gholdengo|Nasty Plot|p1a: Gholdengo
|-boost|p1a: Gholdengo|spa|2
|move|p2a: Rotom|Volt Switch|p1a: Gholdengo
|-damage|p1a: Gholdengo|70/100
|j| FaronAan
|
|t:|1758236182
|switch|p2a: Garchomp|Garchomp, F|100/100|[from] Volt Switch
|
|upkeep
|turn|2
|j| IWasBornFaat
|
|t:|1758236188
|move|p2a: Garchomp|Earthquake|p1a: Gholdengo
|-supereffective|p1a: Gholdengo
|-damage|p1a: Gholdengo|0 fnt
|faint|p1a: Gholdengo
|
|upkeep
|j| GiftedPack
|
|t:|1758236192
|switch|p1a: Regidrago|Regidrago|100/100
|turn|3
|
|t:|1758236196
|switch|p2a: Tyranitar|Tyranitar, M|100/100
|-weather|Sandstorm|[from] ability: Sand Stream|[of] p2a: Tyranitar
|move|p1a: Regidrago|Dragon Energy|p2a: Tyranitar
|-damage|p2a: Tyranitar|60/100
|
|-weather|Sandstorm|[upkeep]
|-damage|p1a: Regidrago|94/100|[from] Sandstorm
|upkeep
|turn|4
|
|t:|1758236201
|switch|p1a: Ting-Lu|Ting-Lu|100/100
|-ability|p1a: Ting-Lu|Vessel of Ruin
|move|p2a: Tyranitar|Stealth Rock|p1a: Ting-Lu
|-sidestart|p1: wssi|move: Stealth Rock
|
|-weather|Sandstorm|[upkeep]
|upkeep
|turn|5
|
|t:|1758236208
|switch|p2a: Rotom|Rotom-Wash|100/100
|switch|p1a: Regidrago|Regidrago|94/100
|-damage|p1a: Regidrago|82/100|[from] Stealth Rock
|
|-weather|Sandstorm|[upkeep]
|-damage|p1a: Regidrago|76/100|[from] Sandstorm
|-damage|p2a: Rotom|94/100|[from] Sandstorm
|-heal|p2a: Rotom|100/100|[from] item: Leftovers
|upkeep
|turn|6
|
|t:|1758236218
|switch|p2a: Excadrill|Excadrill, M|100/100
|move|p1a: Regidrago|Dragon Energy|p2a: Excadrill
|-resisted|p2a: Excadrill
|-damage|p2a: Excadrill|51/100
|
|-weather|Sandstorm|[upkeep]
|-damage|p1a: Regidrago|70/100|[from] Sandstorm
|upkeep
|turn|7
|
|t:|1758236224
|switch|p1a: Ting-Lu|Ting-Lu|100/100
|-damage|p1a: Ting-Lu|94/100|[from] Stealth Rock
|-ability|p1a: Ting-Lu|Vessel of Ruin
|move|p2a: Excadrill|Rock Slide|p1a: Ting-Lu
|-resisted|p1a: Ting-Lu
|-damage|p1a: Ting-Lu|84/100
|-damage|p2a: Excadrill|41/100|[from] item: Life Orb
|
|-weather|Sandstorm|[upkeep]
|-heal|p1a: Ting-Lu|91/100|[from] item: Leftovers
|upkeep
|turn|8
|
|t:|1758236230
|switch|p2a: Rotom|Rotom-Wash|100/100
|move|p1a: Ting-Lu|Earthquake|p2a: Rotom
|-immune|p2a: Rotom|[from] ability: Levitate
|
|-weather|Sandstorm|[upkeep]
|-damage|p2a: Rotom|94/100|[from] Sandstorm
|-heal|p2a: Rotom|100/100|[from] item: Leftovers
|-heal|p1a: Ting-Lu|97/100|[from] item: Leftovers
|upkeep
|turn|9
|
|t:|1758236234
|move|p2a: Rotom|Hydro Pump|p1a: Ting-Lu
|-supereffective|p1a: Ting-Lu
|-damage|p1a: Ting-Lu|61/100
|move|p1a: Ting-Lu|Stealth Rock|p2a: Rotom
|-sidestart|p2: 54 insane rats|move: Stealth Rock
|
|-weather|Sandstorm|[upkeep]
|-damage|p2a: Rotom|94/100|[from] Sandstorm
|-heal|p2a: Rotom|100/100|[from] item: Leftovers
|-heal|p1a: Ting-Lu|68/100|[from] item: Leftovers
|upkeep
|turn|10
|
|t:|1758236248
|switch|p1a: Weezing|Weezing-Galar, M|100/100
|-ability|p1a: Weezing|Neutralizing Gas
|move|p2a: Rotom|Hydro Pump|p1a: Weezing|[miss]
|-miss|p2a: Rotom|p1a: Weezing
|
|-weather|none
|upkeep
|turn|11
|
|t:|1758236254
|move|p2a: Rotom|Hydro Pump|p1a: Weezing
|-crit|p1a: Weezing
|-damage|p1a: Weezing|23/100
|move|p1a: Weezing|Sludge Bomb|p2a: Rotom
|-damage|p2a: Rotom|74/100
|
|-heal|p2a: Rotom|80/100|[from] item: Leftovers
|upkeep
|turn|12
|
|t:|1758236258
|move|p2a: Rotom|Volt Switch|p1a: Weezing
|-damage|p1a: Weezing|0 fnt
|faint|p1a: Weezing
|-end|p1a: Weezing|ability: Neutralizing Gas
|
|t:|1758236264
|switch|p2a: Tyranitar|Tyranitar, M|60/100|[from] Volt Switch
|-damage|p2a: Tyranitar|48/100|[from] Stealth Rock
|-weather|Sandstorm|[from] ability: Sand Stream|[of] p2a: Tyranitar
|
|-weather|Sandstorm|[upkeep]
|upkeep
|
|t:|1758236268
|switch|p1a: Scizor|Scizor, F|100/100
|-damage|p1a: Scizor|88/100|[from] Stealth Rock
|turn|13
|
|t:|1758236272
|switch|p2a: Rotom|Rotom-Wash|80/100
|-damage|p2a: Rotom|67/100|[from] Stealth Rock
|move|p1a: Scizor|U-turn|p2a: Rotom
|-crit|p2a: Rotom
|-damage|p2a: Rotom|1/100
|
|t:|1758236279
|switch|p1a: Dragonite|Dragonite, F|100/100|[from] U-turn
|
|-weather|Sandstorm|[upkeep]
|-damage|p1a: Dragonite|94/100|[from] Sandstorm
|-damage|p2a: Rotom|0 fnt|[from] Sandstorm
|faint|p2a: Rotom
|upkeep
|
|t:|1758236284
|switch|p2a: Excadrill|Excadrill, M|41/100
|-damage|p2a: Excadrill|38/100|[from] Stealth Rock
|turn|14
|
|t:|1758236287
|move|p2a: Excadrill|Swords Dance|p2a: Excadrill
|-boost|p2a: Excadrill|atk|2
|move|p1a: Dragonite|Earthquake|p2a: Excadrill
|-supereffective|p2a: Excadrill
|-damage|p2a: Excadrill|0 fnt
|faint|p2a: Excadrill
|
|-weather|Sandstorm|[upkeep]
|-damage|p1a: Dragonite|88/100|[from] Sandstorm
|upkeep
|
|t:|1758236295
|switch|p2a: Pecharunt|Pecharunt|100/100
|-damage|p2a: Pecharunt|88/100|[from] Stealth Rock
|-item|p2a: Pecharunt|Air Balloon
|turn|15
|
|t:|1758236302
|switch|p1a: Ting-Lu|Ting-Lu|68/100
|-damage|p1a: Ting-Lu|61/100|[from] Stealth Rock
|-ability|p1a: Ting-Lu|Vessel of Ruin
|move|p2a: Pecharunt|Shadow Ball|p1a: Ting-Lu
|-resisted|p1a: Ting-Lu
|-damage|p1a: Ting-Lu|56/100
|
|-weather|Sandstorm|[upkeep]
|-damage|p2a: Pecharunt|82/100|[from] Sandstorm
|-heal|p1a: Ting-Lu|62/100|[from] item: Leftovers
|upkeep
|turn|16
|
|t:|1758236304
|move|p2a: Pecharunt|Parting Shot|p1a: Ting-Lu
|-unboost|p1a: Ting-Lu|atk|1
|-unboost|p1a: Ting-Lu|spa|1
|
|t:|1758236306
|switch|p2a: Tyranitar|Tyranitar, M|48/100|[from] Parting Shot
|-damage|p2a: Tyranitar|35/100|[from] Stealth Rock
|move|p1a: Ting-Lu|Ruination|p2a: Tyranitar
|-damage|p2a: Tyranitar|18/100
|
|-weather|Sandstorm|[upkeep]
|-heal|p1a: Ting-Lu|69/100|[from] item: Leftovers
|upkeep
|turn|17
|
|t:|1758236311
|move|p2a: Tyranitar|Ice Beam|p1a: Ting-Lu
|-supereffective|p1a: Ting-Lu
|-damage|p1a: Ting-Lu|53/100
|move|p1a: Ting-Lu|Earthquake|p2a: Tyranitar
|-supereffective|p2a: Tyranitar
|-damage|p2a: Tyranitar|0 fnt
|faint|p2a: Tyranitar
|
|-weather|Sandstorm|[upkeep]
|-heal|p1a: Ting-Lu|59/100|[from] item: Leftovers
|upkeep
|
|t:|1758236316
|switch|p2a: Kingambit|Kingambit, F|100/100
|-damage|p2a: Kingambit|94/100|[from] Stealth Rock
|-activate|p2a: Kingambit|ability: Supreme Overlord
|-start|p2a: Kingambit|fallen3|[silent]
|turn|18
|
|t:|1758236333
|move|p2a: Kingambit|Swords Dance|p2a: Kingambit
|-boost|p2a: Kingambit|atk|2
|move|p1a: Ting-Lu|Earthquake|p2a: Kingambit
|-supereffective|p2a: Kingambit
|-damage|p2a: Kingambit|53/100
|
|-weather|Sandstorm|[upkeep]
|-heal|p1a: Ting-Lu|65/100|[from] item: Leftovers
|upkeep
|turn|19
|
|t:|1758236336
|move|p2a: Kingambit|Iron Head|p1a: Ting-Lu
|-damage|p1a: Ting-Lu|0 fnt
|faint|p1a: Ting-Lu
|
|-weather|none
|upkeep
|inactive|wssi has 120 seconds left.
|
|t:|1758236377
|switch|p1a: Dragonite|Dragonite, F|88/100
|turn|20
|
|t:|1758236390
|move|p2a: Kingambit|Sucker Punch||[still]
|-fail|p2a: Kingambit
|move|p1a: Dragonite|Roost|p1a: Dragonite
|-heal|p1a: Dragonite|100/100
|-singleturn|p1a: Dragonite|move: Roost
|
|upkeep
|turn|21
|
|t:|1758236406
|-end|p2a: Kingambit|fallen3|[silent]
|switch|p2a: Pecharunt|Pecharunt|82/100
|-damage|p2a: Pecharunt|70/100|[from] Stealth Rock
|-item|p2a: Pecharunt|Air Balloon
|move|p1a: Dragonite|Dragon Dance|p1a: Dragonite
|-boost|p1a: Dragonite|atk|1
|-boost|p1a: Dragonite|spe|1
|
|upkeep
|turn|22
|
|t:|1758236414
|switch|p1a: Regidrago|Regidrago|70/100
|-damage|p1a: Regidrago|57/100|[from] Stealth Rock
|move|p2a: Pecharunt|Parting Shot|p1a: Regidrago
|-unboost|p1a: Regidrago|atk|1
|-unboost|p1a: Regidrago|spa|1
|
|t:|1758236418
|switch|p2a: Kingambit|Kingambit, F|53/100|[from] Parting Shot
|-damage|p2a: Kingambit|47/100|[from] Stealth Rock
|-activate|p2a: Kingambit|ability: Supreme Overlord
|-start|p2a: Kingambit|fallen3|[silent]
|
|upkeep
|turn|23
|inactive|wssi has 120 seconds left.
|
|t:|1758236424
|switch|p1a: Dragonite|Dragonite, F|100/100
|move|p2a: Kingambit|Sucker Punch||[still]
|-fail|p2a: Kingambit
|
|upkeep
|turn|24
|
|t:|1758236429
|switch|p1a: Regidrago|Regidrago|57/100
|-damage|p1a: Regidrago|45/100|[from] Stealth Rock
|-end|p2a: Kingambit|fallen3|[silent]
|switch|p2a: Pecharunt|Pecharunt|70/100
|-damage|p2a: Pecharunt|57/100|[from] Stealth Rock
|-item|p2a: Pecharunt|Air Balloon
|
|upkeep
|turn|25
|
|t:|1758236435
|switch|p2a: Kingambit|Kingambit, F|47/100
|-damage|p2a: Kingambit|41/100|[from] Stealth Rock
|-activate|p2a: Kingambit|ability: Supreme Overlord
|-start|p2a: Kingambit|fallen3|[silent]
|move|p1a: Regidrago|Draco Meteor|p2a: Kingambit
|-resisted|p2a: Kingambit
|-damage|p2a: Kingambit|0 fnt
|-unboost|p1a: Regidrago|spa|2
|faint|p2a: Kingambit
|-end|p2a: Kingambit|fallen3|[silent]
|
|upkeep
|
|t:|1758236437
|switch|p2a: Garchomp|Garchomp, F|100/100
|-damage|p2a: Garchomp|94/100|[from] Stealth Rock
|turn|26
|
|t:|1758236440
|-terastallize|p2a: Garchomp|Fire
|move|p1a: Regidrago|Draco Meteor|p2a: Garchomp
|-damage|p2a: Garchomp|49/100
|-unboost|p1a: Regidrago|spa|2
|move|p2a: Garchomp|Swords Dance|p2a: Garchomp
|-boost|p2a: Garchomp|atk|2
|
|upkeep
|turn|27
|
|t:|1758236445
|move|p1a: Regidrago|Draco Meteor|p2a: Garchomp|[miss]
|-miss|p1a: Regidrago|p2a: Garchomp
|move|p2a: Garchomp|Scale Shot|p1a: Regidrago
|-supereffective|p1a: Regidrago
|-damage|p1a: Regidrago|0 fnt
|faint|p1a: Regidrago
|-hitcount|p1: Regidrago|1
|-unboost|p2a: Garchomp|def|1
|-boost|p2a: Garchomp|spe|1
|
|upkeep
|inactive|wssi has 120 seconds left.
|
|t:|1758236484
|switch|p1a: Scizor|Scizor, F|88/100
|-damage|p1a: Scizor|76/100|[from] Stealth Rock
|turn|28
|
|t:|1758236487
|-terastallize|p1a: Scizor|Steel
|move|p1a: Scizor|Bullet Punch|p2a: Garchomp
|-resisted|p2a: Garchomp
|-damage|p2a: Garchomp|1/100
|-damage|p1a: Scizor|64/100|[from] ability: Rough Skin|[of] p2a: Garchomp
|move|p2a: Garchomp|Fire Fang|p1a: Scizor
|-supereffective|p1a: Scizor
|-damage|p1a: Scizor|0 fnt
|faint|p1a: Scizor
|
|upkeep
|c|☆wssi|252+ Atk Choice Band Technician Tera Steel Scizor Bullet Punch vs. -1 0 HP / 0 Def Tera Fire Garchomp: 170-200 (47.6 - 56%) -- 81.3% chance to OHKO
|c|☆wssi|...
|inactive|wssi has 120 seconds left.
|-message|wssi forfeited.
|
|win|54 insane rats
|raw|wssi's rating: 1760 &rarr; <strong>1741</strong><br />(-19 for losing)
|raw|54 insane rats's rating: 1774 &rarr; <strong>1793</strong><br />(+19 for winning)
|l|☆wssi
|player|p1|
|l| IWasBornFaat
|l|☆54 insane rats
|player|p2|
