|j|☆cPeterz
|j|☆xAllmight
|t:|1758284593
|gametype|singles
|player|p1|cPeterz|1|1057
|player|p2|xAllmight|169|1115
|gen|9
|tier|[Gen 9] OU
|rated|
|rule|HP Percentage Mod: HP is shown in percentages
|rule|Endless Battle Clause: Forcing endless battles is banned
|rule|Species Clause: Limit one of each Pokémon
|rule|OHKO Clause: OHKO moves are banned
|rule|Evasion Items Clause: Evasion items are banned
|rule|Evasion Moves Clause: Evasion moves are banned
|rule|Evasion Abilities Clause: Evasion abilities are banned
|rule|Sleep Moves Clause: Sleep-inducing moves are banned
|clearpoke
|poke|p1|Sudowoodo, F|
|poke|p1|Garganacl, F|
|poke|p1|Pecharunt|
|poke|p1|Wo-Chien|
|poke|p1|Cinderace, M|
|poke|p1|Zapdos|
|poke|p2|Iron Crown|
|poke|p2|Samurott-Hisui, M|
|poke|p2|Zapdos|
|poke|p2|Dragapult, M|
|poke|p2|Great Tusk|
|poke|p2|Iron Boulder|
|teampreview
|
|t:|1758284600
|teamsize|p1|6
|teamsize|p2|6
|start
|switch|p1a: Sudowoodo|Sudowoodo, F|100/100
|switch|p2a: Everytime We Touch|Samurott-Hisui, M|100/100
|turn|1
|
|t:|1758284627
|move|p2a: Everytime We Touch|Flip Turn|p1a: Sudowoodo
|-supereffective|p1a: Sudowoodo
|-damage|p1a: Sudowoodo|48/100
|
|t:|1758284638
|switch|p2a: Pump It|Great Tusk|100/100|[from] Flip Turn
|move|p1a: Sudowoodo|Counter|p2a: Pump It
|-damage|p2a: Pump It|2/100
|
|upkeep
|turn|2
|
|t:|1758284664
|move|p1a: Sudowoodo|Sucker Punch|p2a: Pump It
|-resisted|p2a: Pump It
|-damage|p2a: Pump It|0 fnt
|faint|p2a: Pump It
|-end|p2a: Pump It|Protosynthesis|[silent]
|
|upkeep
|
|t:|1758284673
|switch|p2a: Everytime We Touch|Samurott-Hisui, M|100/100
|turn|3
|
|t:|1758284682
|move|p2a: Everytime We Touch|Flip Turn|p1a: Sudowoodo
|-supereffective|p1a: Sudowoodo
|-damage|p1a: Sudowoodo|0 fnt
|faint|p1a: Sudowoodo
|
|t:|1758284692
|switch|p2a: Parasite|Dragapult, M|100/100|[from] Flip Turn
|
|upkeep
|
|t:|1758284723
|switch|p1a: Wo-Chien|Wo-Chien|100/100
|-ability|p1a: Wo-Chien|Tablets of Ruin
|turn|4
|
|t:|1758284732
|-terastallize|p1a: Wo-Chien|Fairy
|move|p2a: Parasite|U-turn|p1a: Wo-Chien
|-resisted|p1a: Wo-Chien
|-damage|p1a: Wo-Chien|89/100
|
|t:|1758284738
|switch|p2a: Mindreader|Iron Crown|100/100|[from] U-turn
|move|p1a: Wo-Chien|Knock Off|p2a: Mindreader
|-supereffective|p2a: Mindreader
|-damage|p2a: Mindreader|33/100
|-enditem|p2a: Mindreader|Choice Specs|[from] move: Knock Off|[of] p1a: Wo-Chien
|
|-heal|p1a: Wo-Chien|95/100|[from] item: Leftovers
|upkeep
|turn|5
|
|t:|1758284754
|switch|p1a: Cinderace|Cinderace, M, shiny|100/100
|move|p2a: Mindreader|Volt Switch|p1a: Cinderace
|-damage|p1a: Cinderace|66/100
|
|t:|1758284759
|-end|p2a: Mindreader|Quark Drive|[silent]
|switch|p2a: Everytime We Touch|Samurott-Hisui, M|100/100|[from] Volt Switch
|
|upkeep
|turn|6
|
|t:|1758284771
|move|p1a: Cinderace|High Jump Kick|p2a: Everytime We Touch
|-start|p1a: Cinderace|typechange|Fighting|[from] ability: Libero
|-supereffective|p2a: Everytime We Touch
|-crit|p2a: Everytime We Touch
|-damage|p2a: Everytime We Touch|0 fnt
|faint|p2a: Everytime We Touch
|
|upkeep
|
|t:|1758284777
|switch|p2a: Hurikan|Zapdos|100/100
|turn|7
|
|t:|1758284788
|switch|p1a: Wo-Chien|Wo-Chien, tera:Fairy|95/100
|-ability|p1a: Wo-Chien|Tablets of Ruin
|move|p2a: Hurikan|Hurricane|p1a: Wo-Chien|[miss]
|-miss|p2a: Hurikan|p1a: Wo-Chien
|
|-heal|p1a: Wo-Chien|100/100|[from] item: Leftovers
|upkeep
|turn|8
|-message|xAllmight forfeited.
|
|win|cPeterz
|raw|cPeterz's rating: 1057 &rarr; <strong>1094</strong><br />(+37 for winning)
|raw|xAllmight's rating: 1115 &rarr; <strong>1086</strong><br />(-29 for losing)
|l|☆xAllmight
|player|p2|
|l|☆cPeterz
|player|p1|
