|j|‽socaselectah
|j|☆bonapoleteet
|t:|1758272024
|gametype|singles
|player|p1|socaselectah|2|1475
|player|p2|bonapoleteet|ltsurge|1503
|gen|9
|tier|[Gen 9] OU
|rated|
|rule|HP Percentage Mod: HP is shown in percentages
|rule|Endless Battle Clause: Forcing endless battles is banned
|rule|Species Clause: Limit one of each Pokémon
|rule|OHKO Clause: OHKO moves are banned
|rule|Evasion Items Clause: Evasion items are banned
|rule|Evasion Moves Clause: Evasion moves are banned
|rule|Evasion Abilities Clause: Evasion abilities are banned
|rule|Sleep Moves Clause: Sleep-inducing moves are banned
|clearpoke
|poke|p1|Torkoal, F|
|poke|p1|Clefable, F|
|poke|p1|Mandibuzz, F|
|poke|p1|Walking Wake|
|poke|p1|Iron Moth|
|poke|p1|Brute Bonnet|
|poke|p2|Tyranitar, F|
|poke|p2|Excadrill, F|
|poke|p2|Keldeo-Resolute|
|poke|p2|Tornadus-Therian, M|
|poke|p2|Heatran, M|
|poke|p2|Hydrapple, M|
|teampreview
|inactive|Battle timer is ON: inactive players will automatically lose when time's up. (requested by socaselectah)
|
|t:|1758272071
|teamsize|p1|6
|teamsize|p2|6
|start
|switch|p1a: Mandibuzz|Mandibuzz, F|100/100
|switch|p2a: Tyranitar|Tyranitar, F|100/100
|-weather|Sandstorm|[from] ability: Sand Stream|[of] p2a: Tyranitar
|turn|1
|
|t:|1758272074
|move|p2a: Tyranitar|Stone Edge|p1a: Mandibuzz|[miss]
|-miss|p2a: Tyranitar|p1a: Mandibuzz
|move|p1a: Mandibuzz|Knock Off|p2a: Tyranitar
|-resisted|p2a: Tyranitar
|-crit|p2a: Tyranitar
|-damage|p2a: Tyranitar|83/100
|-enditem|p2a: Tyranitar|Choice Band|[from] move: Knock Off|[of] p1a: Mandibuzz
|
|-weather|Sandstorm|[upkeep]
|upkeep
|turn|2
|
|t:|1758272081
|move|p2a: Tyranitar|Knock Off|p1a: Mandibuzz
|-resisted|p1a: Mandibuzz
|-damage|p1a: Mandibuzz|85/100
|-enditem|p1a: Mandibuzz|Leftovers|[from] move: Knock Off|[of] p2a: Tyranitar
|move|p1a: Mandibuzz|Knock Off|p2a: Tyranitar
|-resisted|p2a: Tyranitar
|-damage|p2a: Tyranitar|76/100
|
|-weather|Sandstorm|[upkeep]
|upkeep
|turn|3
|
|t:|1758272087
|move|p2a: Tyranitar|Stone Edge|p1a: Mandibuzz
|-supereffective|p1a: Mandibuzz
|-damage|p1a: Mandibuzz|16/100
|move|p1a: Mandibuzz|Knock Off|p2a: Tyranitar
|-resisted|p2a: Tyranitar
|-damage|p2a: Tyranitar|68/100
|
|-weather|Sandstorm|[upkeep]
|upkeep
|turn|4
|
|t:|1758272090
|move|p2a: Tyranitar|Stone Edge|p1a: Mandibuzz
|-supereffective|p1a: Mandibuzz
|-damage|p1a: Mandibuzz|0 fnt
|faint|p1a: Mandibuzz
|
|-weather|Sandstorm|[upkeep]
|upkeep
|
|t:|1758272094
|switch|p1a: Torkoal|Torkoal, F|100/100
|-weather|SunnyDay|[from] ability: Drought|[of] p1a: Torkoal
|turn|5
|
|t:|1758272096
|move|p2a: Tyranitar|Stone Edge|p1a: Torkoal
|-supereffective|p1a: Torkoal
|-crit|p1a: Torkoal
|-damage|p1a: Torkoal|8/100
|move|p1a: Torkoal|Body Press|p2a: Tyranitar
|-supereffective|p2a: Tyranitar
|-damage|p2a: Tyranitar|0 fnt
|faint|p2a: Tyranitar
|
|-weather|SunnyDay|[upkeep]
|upkeep
|
|t:|1758272102
|switch|p2a: Heatran|Heatran, M|100/100
|turn|6
|
|t:|1758272110
|switch|p1a: Clefable|Clefable, F|100/100
|move|p2a: Heatran|Stealth Rock|p1a: Clefable
|-sidestart|p1: socaselectah|move: Stealth Rock
|
|-weather|SunnyDay|[upkeep]
|upkeep
|turn|7
|
|t:|1758272113
|move|p1a: Clefable|Trick|p2a: Heatran
|-activate|p1a: Clefable|move: Trick|[of] p2a: Heatran
|-item|p2a: Heatran|Choice Scarf|[from] move: Trick
|-item|p1a: Clefable|Leftovers|[from] move: Trick
|move|p2a: Heatran|Taunt|p1a: Clefable
|-start|p1a: Clefable|move: Taunt
|
|-weather|SunnyDay|[upkeep]
|upkeep
|turn|8
|
|t:|1758272120
|switch|p2a: Tornadus|Tornadus-Therian, M|100/100
|switch|p1a: Brute Bonnet|Brute Bonnet|100/100
|-damage|p1a: Brute Bonnet|88/100|[from] Stealth Rock
|-activate|p1a: Brute Bonnet|ability: Protosynthesis
|-start|p1a: Brute Bonnet|protosynthesisatk
|
|-weather|SunnyDay|[upkeep]
|upkeep
|turn|9
|
|t:|1758272124
|move|p2a: Tornadus|Bleakwind Storm|p1a: Brute Bonnet
|-supereffective|p1a: Brute Bonnet
|-damage|p1a: Brute Bonnet|17/100
|move|p1a: Brute Bonnet|Growth|p1a: Brute Bonnet
|-boost|p1a: Brute Bonnet|atk|2
|-boost|p1a: Brute Bonnet|spa|2
|
|-weather|SunnyDay|[upkeep]
|upkeep
|turn|10
|
|t:|1758272127
|move|p1a: Brute Bonnet|Sucker Punch|p2a: Tornadus
|-damage|p2a: Tornadus|0 fnt
|faint|p2a: Tornadus
|
|-weather|SunnyDay|[upkeep]
|upkeep
|
|t:|1758272131
|switch|p2a: Keldeo|Keldeo-Resolute|100/100
|turn|11
|
|t:|1758272150
|move|p2a: Keldeo|Vacuum Wave|p1a: Brute Bonnet
|-supereffective|p1a: Brute Bonnet
|-damage|p1a: Brute Bonnet|0 fnt
|faint|p1a: Brute Bonnet
|-end|p1a: Brute Bonnet|Protosynthesis|[silent]
|
|-weather|SunnyDay|[upkeep]
|upkeep
|
|t:|1758272159
|switch|p1a: Iron Moth|Iron Moth|100/100
|-damage|p1a: Iron Moth|76/100|[from] Stealth Rock
|-enditem|p1a: Iron Moth|Booster Energy
|-activate|p1a: Iron Moth|ability: Quark Drive|[fromitem]
|-start|p1a: Iron Moth|quarkdrivespe
|turn|12
|
|t:|1758272166
|switch|p2a: Heatran|Heatran, M|100/100
|move|p1a: Iron Moth|Substitute|p1a: Iron Moth
|-start|p1a: Iron Moth|Substitute
|-damage|p1a: Iron Moth|51/100
|
|-weather|none
|upkeep
|turn|13
|
|t:|1758272170
|move|p1a: Iron Moth|Discharge|p2a: Heatran
|-damage|p2a: Heatran|83/100
|move|p2a: Heatran|Earth Power|p1a: Iron Moth
|-supereffective|p1a: Iron Moth
|-end|p1a: Iron Moth|Substitute
|
|upkeep
|turn|14
|
|t:|1758272175
|-terastallize|p1a: Iron Moth|Flying
|move|p1a: Iron Moth|Substitute|p1a: Iron Moth
|-start|p1a: Iron Moth|Substitute
|-damage|p1a: Iron Moth|26/100
|move|p2a: Heatran|Earth Power|p1a: Iron Moth
|-immune|p1a: Iron Moth
|
|upkeep
|turn|15
|
|t:|1758272179
|switch|p2a: Excadrill|Excadrill, F|100/100
|-item|p2a: Excadrill|Air Balloon
|move|p1a: Iron Moth|Fiery Dance|p2a: Excadrill
|-supereffective|p2a: Excadrill
|-damage|p2a: Excadrill|0 fnt
|-enditem|p2a: Excadrill|Air Balloon
|faint|p2a: Excadrill
|
|upkeep
|-message|bonapoleteet forfeited.
|
|win|socaselectah
|raw|socaselectah's rating: 1475 &rarr; <strong>1497</strong><br />(+22 for winning)
|raw|bonapoleteet's rating: 1503 &rarr; <strong>1481</strong><br />(-22 for losing)
|l|☆bonapoleteet
|player|p2|
|l|‽socaselectah
|player|p1|
