|j|☆Trumpismessiah
|j|☆swumpy mumpus
|t:|1758341803
|gametype|singles
|player|p1|Trumpismessiah|266|1482
|player|p2|swumpy mumpus|170|1482
|gen|9
|tier|[Gen 9] OU
|rated|
|rule|HP Percentage Mod: HP is shown in percentages
|rule|Endless Battle Clause: Forcing endless battles is banned
|rule|Species Clause: Limit one of each Pokémon
|rule|OHKO Clause: OHKO moves are banned
|rule|Evasion Items Clause: Evasion items are banned
|rule|Evasion Moves Clause: Evasion moves are banned
|rule|Evasion Abilities Clause: Evasion abilities are banned
|rule|Sleep Moves Clause: Sleep-inducing moves are banned
|clearpoke
|poke|p1|Snorlax, F|
|poke|p1|Pikachu, F|
|poke|p1|Gengar, M|
|poke|p1|Moltres|
|poke|p1|Vileplume, F|
|poke|p1|Vaporeon, F|
|poke|p2|Okidogi, M|
|poke|p2|Weezing-Galar, M|
|poke|p2|Ogerpon-Wellspring, F|
|poke|p2|Hatterene, F|
|poke|p2|Weavile, M|
|poke|p2|Hawlucha, F|
|teampreview
|inactive|Battle timer is ON: inactive players will automatically lose when time's up. (requested by Trumpismessiah)
|
|t:|1758341824
|teamsize|p1|6
|teamsize|p2|6
|start
|switch|p1a: Pikachu|Pikachu, F|100/100
|switch|p2a: Weezing|Weezing-Galar, M|100/100
|-fieldstart|move: Misty Terrain|[from] ability: Misty Surge|[of] p2a: Weezing
|turn|1
|
|t:|1758341832
|switch|p2a: Hatterene|Hatterene, F|100/100
|move|p1a: Pikachu|Fake Out|p2a: Hatterene
|-damage|p2a: Hatterene|81/100
|
|upkeep
|turn|2
|
|t:|1758341840
|move|p1a: Pikachu|Volt Tackle|p2a: Hatterene
|-damage|p2a: Hatterene|0 fnt
|faint|p2a: Hatterene
|-damage|p1a: Pikachu|61/100|[from] Recoil
|
|upkeep
|
|t:|1758341843
|switch|p2a: Weavile|Weavile, M|100/100
|-ability|p2a: Weavile|Pressure
|turn|3
|
|t:|1758341849
|switch|p1a: Moltres|Moltres|100/100
|move|p2a: Weavile|Triple Axel|p1a: Moltres|[miss]
|-miss|p2a: Weavile|p1a: Moltres
|
|upkeep
|turn|4
|
|t:|1758341853
|move|p2a: Weavile|Triple Axel|p1a: Moltres
|-damage|p1a: Moltres|91/100
|-damage|p1a: Moltres|71/100
|-damage|p1a: Moltres|42/100
|-hitcount|p1a: Moltres|3
|move|p1a: Moltres|Flamethrower|p2a: Weavile
|-supereffective|p2a: Weavile
|-damage|p2a: Weavile|0 fnt
|faint|p2a: Weavile
|
|upkeep
|
|t:|1758341856
|switch|p2a: Ogerpon|Ogerpon-Wellspring, F|100/100
|turn|5
|
|t:|1758341858
|switch|p1a: Vileplume|Vileplume, F|100/100
|move|p2a: Ogerpon|Swords Dance|p2a: Ogerpon
|-boost|p2a: Ogerpon|atk|2
|
|upkeep
|turn|6
|
|t:|1758341864
|move|p2a: Ogerpon|Ivy Cudgel|p1a: Vileplume|[anim] Ivy Cudgel Water
|-resisted|p1a: Vileplume
|-crit|p1a: Vileplume
|-damage|p1a: Vileplume|30/100
|move|p1a: Vileplume|Sludge Bomb|p2a: Ogerpon
|-supereffective|p2a: Ogerpon
|-damage|p2a: Ogerpon|20/100
|
|upkeep
|turn|7
|
|t:|1758341877
|move|p2a: Ogerpon|Ivy Cudgel|p1a: Vileplume|[anim] Ivy Cudgel Water
|-resisted|p1a: Vileplume
|-damage|p1a: Vileplume|0 fnt
|faint|p1a: Vileplume
|
|upkeep
|
|t:|1758341878
|switch|p1a: Pikachu|Pikachu, F|61/100
|turn|8
|
|t:|1758341884
|switch|p2a: Okidogi|Okidogi, M|100/100
|move|p1a: Pikachu|Fake Out|p2a: Okidogi
|-damage|p2a: Okidogi|87/100
|
|-heal|p2a: Okidogi|93/100|[from] item: Leftovers
|-fieldend|Misty Terrain
|upkeep
|turn|9
|
|t:|1758341887
|switch|p1a: Moltres|Moltres|42/100
|move|p2a: Okidogi|Drain Punch|p1a: Moltres
|-resisted|p1a: Moltres
|-damage|p1a: Moltres|29/100
|-heal|p2a: Okidogi|99/100|[from] drain|[of] p1a: Moltres
|
|-heal|p2a: Okidogi|100/100|[from] item: Leftovers
|upkeep
|turn|10
|
|t:|1758341890
|switch|p2a: Weezing|Weezing-Galar, M|100/100
|-fieldstart|move: Misty Terrain|[from] ability: Misty Surge|[of] p2a: Weezing
|move|p1a: Moltres|Roost|p1a: Moltres
|-heal|p1a: Moltres|79/100
|-singleturn|p1a: Moltres|move: Roost
|
|upkeep
|turn|11
|
|t:|1758341903
|switch|p2a: Okidogi|Okidogi, M|100/100
|move|p1a: Moltres|U-turn|p2a: Okidogi
|-resisted|p2a: Okidogi
|-damage|p2a: Okidogi|98/100
|
|t:|1758341915
|switch|p1a: Gengar|Gengar, M|100/100|[from] U-turn
|
|-heal|p2a: Okidogi|100/100|[from] item: Leftovers
|upkeep
|turn|12
|
|t:|1758341918
|move|p1a: Gengar|Trick|p2a: Okidogi
|-activate|p1a: Gengar|move: Trick|[of] p2a: Okidogi
|-item|p2a: Okidogi|Choice Specs|[from] move: Trick
|-item|p1a: Gengar|Leftovers|[from] move: Trick
|move|p2a: Okidogi|Knock Off|p1a: Gengar
|-supereffective|p1a: Gengar
|-damage|p1a: Gengar|0 fnt
|-enditem|p1a: Gengar|Leftovers|[from] move: Knock Off|[of] p2a: Okidogi
|faint|p1a: Gengar
|
|upkeep
|
|t:|1758341923
|switch|p1a: Moltres|Moltres|79/100
|turn|13
|
|t:|1758341925
|move|p2a: Okidogi|Knock Off|p1a: Moltres
|-crit|p1a: Moltres
|-damage|p1a: Moltres|43/100
|-enditem|p1a: Moltres|Heavy-Duty Boots|[from] move: Knock Off|[of] p2a: Okidogi
|move|p1a: Moltres|Flamethrower|p2a: Okidogi
|-damage|p2a: Okidogi|63/100
|
|upkeep
|turn|14
|
|t:|1758341929
|switch|p2a: Ogerpon|Ogerpon-Wellspring, F|20/100
|move|p1a: Moltres|Flamethrower|p2a: Ogerpon
|-damage|p2a: Ogerpon|0 fnt
|faint|p2a: Ogerpon
|
|upkeep
|
|t:|1758341935
|switch|p2a: Hawlucha|Hawlucha, F|100/100
|-enditem|p2a: Hawlucha|Misty Seed
|-boost|p2a: Hawlucha|spd|1|[from] item: Misty Seed
|turn|15
|
|t:|1758341944
|-terastallize|p1a: Moltres|Fire
|move|p2a: Hawlucha|Encore|p1a: Moltres
|-start|p1a: Moltres|Encore
|move|p1a: Moltres|Flamethrower|p2a: Hawlucha
|-damage|p2a: Hawlucha|50/100
|
|upkeep
|turn|16
|
|t:|1758341949
|-terastallize|p2a: Hawlucha|Flying
|move|p2a: Hawlucha|Acrobatics|p1a: Moltres
|-damage|p1a: Moltres|0 fnt
|-status|p2a: Hawlucha|brn|[from] ability: Flame Body|[of] p1a: Moltres
|faint|p1a: Moltres
|
|-damage|p2a: Hawlucha|44/100 brn|[from] brn
|upkeep
|
|t:|1758341961
|switch|p1a: Pikachu|Pikachu, F|61/100
|turn|17
|
|t:|1758341963
|switch|p2a: Weezing|Weezing-Galar, M|100/100
|move|p1a: Pikachu|Fake Out|p2a: Weezing
|-damage|p2a: Weezing|89/100
|
|-fieldend|Misty Terrain
|upkeep
|turn|18
|
|t:|1758341966
|switch|p1a: Vaporeon|Vaporeon, F|100/100
|switch|p2a: Hawlucha|Hawlucha, F, tera:Flying|44/100 brn
|
|-damage|p2a: Hawlucha|38/100 brn|[from] brn
|upkeep
|turn|19
|
|t:|1758341970
|move|p2a: Hawlucha|Close Combat|p1a: Vaporeon
|-damage|p1a: Vaporeon|69/100
|-unboost|p2a: Hawlucha|def|1
|-unboost|p2a: Hawlucha|spd|1
|move|p1a: Vaporeon|Scald|p2a: Hawlucha
|-damage|p2a: Hawlucha|0 fnt
|faint|p2a: Hawlucha
|
|-heal|p1a: Vaporeon|75/100|[from] item: Leftovers
|upkeep
|
|t:|1758341972
|switch|p2a: Weezing|Weezing-Galar, M|89/100
|-fieldstart|move: Misty Terrain|[from] ability: Misty Surge|[of] p2a: Weezing
|turn|20
|
|t:|1758341975
|switch|p2a: Okidogi|Okidogi, M|63/100
|move|p1a: Vaporeon|Scald|p2a: Okidogi
|-damage|p2a: Okidogi|34/100
|
|-heal|p1a: Vaporeon|82/100|[from] item: Leftovers
|upkeep
|turn|21
|
|t:|1758341979
|move|p1a: Vaporeon|Protect|p1a: Vaporeon
|-singleturn|p1a: Vaporeon|Protect
|move|p2a: Okidogi|Bulk Up|p2a: Okidogi
|-boost|p2a: Okidogi|atk|1
|-boost|p2a: Okidogi|def|1
|
|-heal|p1a: Vaporeon|88/100|[from] item: Leftovers
|upkeep
|turn|22
|
|t:|1758341984
|switch|p2a: Weezing|Weezing-Galar, M|89/100
|move|p1a: Vaporeon|Scald|p2a: Weezing
|-damage|p2a: Weezing|50/100
|
|-heal|p1a: Vaporeon|94/100|[from] item: Leftovers
|upkeep
|turn|23
|c|☆swumpy mumpus|i forgot
|
|t:|1758341990
|move|p1a: Vaporeon|Scald|p2a: Weezing
|-damage|p2a: Weezing|9/100
|move|p2a: Weezing|Taunt|p1a: Vaporeon
|-start|p1a: Vaporeon|move: Taunt
|
|-heal|p1a: Vaporeon|99/100|[from] item: Leftovers
|upkeep
|turn|24
|
|t:|1758341995
|move|p1a: Vaporeon|Scald|p2a: Weezing
|-damage|p2a: Weezing|0 fnt
|faint|p2a: Weezing
|
|-heal|p1a: Vaporeon|100/100|[from] item: Leftovers
|upkeep
|
|t:|1758341997
|switch|p2a: Okidogi|Okidogi, M|34/100
|turn|25
|
|t:|1758341998
|move|p2a: Okidogi|Drain Punch|p1a: Vaporeon
|-damage|p1a: Vaporeon|55/100
|-heal|p2a: Okidogi|61/100|[from] drain|[of] p1a: Vaporeon
|move|p1a: Vaporeon|Scald|p2a: Okidogi
|-damage|p2a: Okidogi|29/100
|
|-heal|p1a: Vaporeon|61/100|[from] item: Leftovers
|upkeep
|turn|26
|
|t:|1758342005
|move|p2a: Okidogi|Drain Punch|p1a: Vaporeon
|-damage|p1a: Vaporeon|20/100
|-heal|p2a: Okidogi|55/100|[from] drain|[of] p1a: Vaporeon
|move|p1a: Vaporeon|Scald|p2a: Okidogi
|-damage|p2a: Okidogi|26/100
|
|-heal|p1a: Vaporeon|26/100|[from] item: Leftovers
|-end|p1a: Vaporeon|move: Taunt
|upkeep
|turn|27
|
|t:|1758342010
|move|p1a: Vaporeon|Protect|p1a: Vaporeon
|-singleturn|p1a: Vaporeon|Protect
|move|p2a: Okidogi|Drain Punch|p1a: Vaporeon
|-activate|p1a: Vaporeon|move: Protect
|
|-heal|p1a: Vaporeon|32/100|[from] item: Leftovers
|-fieldend|Misty Terrain
|upkeep
|turn|28
|
|t:|1758342013
|move|p2a: Okidogi|Drain Punch|p1a: Vaporeon
|-damage|p1a: Vaporeon|0 fnt
|-heal|p2a: Okidogi|45/100|[from] drain|[of] p1a: Vaporeon
|faint|p1a: Vaporeon
|
|upkeep
|
|t:|1758342015
|switch|p1a: Pikachu|Pikachu, F|61/100
|turn|29
|
|t:|1758342017
|move|p1a: Pikachu|Fake Out|p2a: Okidogi
|-damage|p2a: Okidogi|32/100
|cant|p2a: Okidogi|flinch
|
|upkeep
|turn|30
|
|t:|1758342022
|move|p1a: Pikachu|Volt Tackle|p2a: Okidogi
|-damage|p2a: Okidogi|0 fnt
|faint|p2a: Okidogi
|-damage|p1a: Pikachu|42/100|[from] Recoil
|
|win|Trumpismessiah
|raw|Trumpismessiah's rating: 1482 &rarr; <strong>1502</strong><br />(+20 for winning)
|raw|swumpy mumpus's rating: 1482 &rarr; <strong>1462</strong><br />(-20 for losing)
|c|☆swumpy mumpus|gg
|l|☆swumpy mumpus
|player|p2|
