|j|☆kopoxokop
|j|☆gammafire
|t:|1758359514
|gametype|singles
|player|p1|kopoxokop|1|1290
|player|p2|gammafire|veteran|1223
|gen|9
|tier|[Gen 9] OU
|rated|
|rule|HP Percentage Mod: HP is shown in percentages
|rule|Endless Battle Clause: Forcing endless battles is banned
|rule|Species Clause: Limit one of each Pokémon
|rule|OHKO Clause: OHKO moves are banned
|rule|Evasion Items Clause: Evasion items are banned
|rule|Evasion Moves Clause: Evasion moves are banned
|rule|Evasion Abilities Clause: Evasion abilities are banned
|rule|Sleep Moves Clause: Sleep-inducing moves are banned
|clearpoke
|poke|p1|Dragonite, M|
|poke|p1|Serperior, F|
|poke|p1|Scizor, M|
|poke|p1|Greninja-*, M|
|poke|p1|Iron Treads|
|poke|p1|Iron Moth|
|poke|p2|Vespiquen, F|
|poke|p2|Florges, F|
|poke|p2|Sylveon, M|
|poke|p2|Blissey, F|
|poke|p2|Pecharunt|
|poke|p2|Medicham, M|
|teampreview
|inactive|Battle timer is ON: inactive players will automatically lose when time's up. (requested by gammafire)
|c|☆gammafire|glhf
|c|☆kopoxokop|u2
|
|t:|1758359543
|teamsize|p1|6
|teamsize|p2|6
|start
|switch|p1a: Iron Treads|Iron Treads|100/100
|switch|p2a: Vespiquen|Vespiquen, F|100/100
|-ability|p2a: Vespiquen|Pressure
|-enditem|p1a: Iron Treads|Booster Energy
|-activate|p1a: Iron Treads|ability: Quark Drive|[fromitem]
|-start|p1a: Iron Treads|quarkdriveatk
|turn|1
|
|t:|1758359565
|move|p1a: Iron Treads|Stealth Rock|p2a: Vespiquen
|-sidestart|p2: gammafire|move: Stealth Rock
|move|p2a: Vespiquen|Spikes|p1a: Iron Treads
|-sidestart|p1: kopoxokop|Spikes
|
|upkeep
|turn|2
|
|t:|1758359572
|move|p1a: Iron Treads|Ice Spinner|p2a: Vespiquen
|-supereffective|p2a: Vespiquen
|-crit|p2a: Vespiquen
|-damage|p2a: Vespiquen|0 fnt
|faint|p2a: Vespiquen
|
|upkeep
|
|t:|1758359579
|switch|p2a: Medicham|Medicham, M|100/100
|-damage|p2a: Medicham|94/100|[from] Stealth Rock
|turn|3
|
|t:|1758359595
|-end|p1a: Iron Treads|Quark Drive|[silent]
|switch|p1a: Iron Moth|Iron Moth|100/100
|-damage|p1a: Iron Moth|88/100|[from] Spikes
|-enditem|p1a: Iron Moth|Booster Energy
|-activate|p1a: Iron Moth|ability: Quark Drive|[fromitem]
|-start|p1a: Iron Moth|quarkdrivespe
|move|p2a: Medicham|Close Combat|p1a: Iron Moth
|-resisted|p1a: Iron Moth
|-crit|p1a: Iron Moth
|-damage|p1a: Iron Moth|0 fnt
|-unboost|p2a: Medicham|def|1
|-unboost|p2a: Medicham|spd|1
|faint|p1a: Iron Moth
|-end|p1a: Iron Moth|Quark Drive|[silent]
|
|upkeep
|
|t:|1758359606
|switch|p1a: Dragonite|Dragonite, M|100/100
|turn|4
|
|t:|1758359615
|switch|p2a: Pecharunt|Pecharunt|100/100
|-damage|p2a: Pecharunt|88/100|[from] Stealth Rock
|move|p1a: Dragonite|Dragon Dance|p1a: Dragonite
|-boost|p1a: Dragonite|atk|1
|-boost|p1a: Dragonite|spe|1
|
|-heal|p2a: Pecharunt|94/100|[from] item: Leftovers
|upkeep
|turn|5
|
|t:|1758359623
|move|p1a: Dragonite|Scale Shot|p2a: Pecharunt
|-damage|p2a: Pecharunt|79/100
|-damage|p2a: Pecharunt|63/100
|-damage|p2a: Pecharunt|48/100
|-damage|p2a: Pecharunt|33/100
|-damage|p2a: Pecharunt|17/100
|-hitcount|p2a: Pecharunt|5
|-unboost|p1a: Dragonite|def|1
|-boost|p1a: Dragonite|spe|1
|move|p2a: Pecharunt|Malignant Chain|p1a: Dragonite
|-damage|p1a: Dragonite|78/100
|-status|p1a: Dragonite|tox
|-start|p1a: Dragonite|confusion|[from] ability: Poison Puppeteer|[of] p2a: Pecharunt
|
|-heal|p2a: Pecharunt|23/100|[from] item: Leftovers
|-damage|p1a: Dragonite|72/100 tox|[from] psn
|upkeep
|turn|6
|
|t:|1758359640
|-activate|p1a: Dragonite|confusion
|move|p1a: Dragonite|Scale Shot|p2a: Pecharunt|[miss]
|-miss|p1a: Dragonite|p2a: Pecharunt
|move|p2a: Pecharunt|Recover|p2a: Pecharunt
|-heal|p2a: Pecharunt|73/100
|
|-heal|p2a: Pecharunt|79/100|[from] item: Leftovers
|-damage|p1a: Dragonite|60/100 tox|[from] psn
|upkeep
|turn|7
|
|t:|1758359647
|-end|p1a: Dragonite|confusion
|move|p1a: Dragonite|Scale Shot|p2a: Pecharunt
|-damage|p2a: Pecharunt|65/100
|-damage|p2a: Pecharunt|51/100
|-damage|p2a: Pecharunt|36/100
|-damage|p2a: Pecharunt|21/100
|-hitcount|p2a: Pecharunt|4
|-unboost|p1a: Dragonite|def|1
|-boost|p1a: Dragonite|spe|1
|move|p2a: Pecharunt|Malignant Chain|p1a: Dragonite
|-damage|p1a: Dragonite|14/100 tox
|
|-heal|p2a: Pecharunt|27/100|[from] item: Leftovers
|-damage|p1a: Dragonite|0 fnt|[from] psn
|faint|p1a: Dragonite
|upkeep
|
|t:|1758359659
|switch|p1a: Greninja|Greninja, M|100/100
|-damage|p1a: Greninja|88/100|[from] Spikes
|turn|8
|
|t:|1758359670
|move|p1a: Greninja|Surf|p2a: Pecharunt
|-damage|p2a: Pecharunt|0 fnt
|faint|p2a: Pecharunt
|-ability|p1a: Greninja|Battle Bond|boost
|-boost|p1a: Greninja|atk|1
|-boost|p1a: Greninja|spa|1
|-boost|p1a: Greninja|spe|1
|-activate|p1a: Greninja|ability: Battle Bond
|
|upkeep
|
|t:|1758359680
|switch|p2a: Blissey|Blissey, F|100/100
|-damage|p2a: Blissey|88/100|[from] Stealth Rock
|turn|9
|
|t:|1758359692
|-terastallize|p1a: Greninja|Water
|move|p1a: Greninja|Surf|p2a: Blissey
|-damage|p2a: Blissey|51/100
|move|p2a: Blissey|Seismic Toss|p1a: Greninja
|-damage|p1a: Greninja|53/100
|
|-status|p2a: Blissey|brn|[from] item: Flame Orb
|upkeep
|turn|10
|
|t:|1758359707
|move|p1a: Greninja|Surf|p2a: Blissey
|-damage|p2a: Blissey|14/100 brn
|move|p2a: Blissey|Seismic Toss|p1a: Greninja
|-damage|p1a: Greninja|18/100
|
|-damage|p2a: Blissey|8/100 brn|[from] brn
|upkeep
|turn|11
|
|t:|1758359713
|move|p1a: Greninja|Surf|p2a: Blissey
|-damage|p2a: Blissey|0 fnt
|faint|p2a: Blissey
|
|upkeep
|
|t:|1758359715
|switch|p2a: Florges|Florges, F|100/100
|-damage|p2a: Florges|88/100|[from] Stealth Rock
|turn|12
|
|t:|1758359718
|-terastallize|p2a: Florges|Grass
|move|p1a: Greninja|Surf|p2a: Florges
|-resisted|p2a: Florges
|-damage|p2a: Florges|47/100
|move|p2a: Florges|Giga Drain|p1a: Greninja
|-supereffective|p1a: Greninja
|-damage|p1a: Greninja|0 fnt
|-heal|p2a: Florges|56/100|[from] drain|[of] p1a: Greninja
|faint|p1a: Greninja
|
|-heal|p2a: Florges|62/100|[from] item: Leftovers
|upkeep
|
|t:|1758359721
|switch|p1a: Scizor|Scizor, M|100/100
|-damage|p1a: Scizor|88/100|[from] Spikes
|turn|13
|
|t:|1758359727
|move|p1a: Scizor|U-turn|p2a: Florges
|-supereffective|p2a: Florges
|-damage|p2a: Florges|0 fnt
|faint|p2a: Florges
|
|t:|1758359737
|switch|p1a: Iron Treads|Iron Treads|100/100|[from] U-turn
|-damage|p1a: Iron Treads|88/100|[from] Spikes
|
|upkeep
|
|t:|1758359746
|switch|p2a: Medicham|Medicham, M|94/100
|-damage|p2a: Medicham|88/100|[from] Stealth Rock
|turn|14
|
|t:|1758359751
|move|p2a: Medicham|Close Combat|p1a: Iron Treads
|-supereffective|p1a: Iron Treads
|-damage|p1a: Iron Treads|0 fnt
|-unboost|p2a: Medicham|def|1
|-unboost|p2a: Medicham|spd|1
|faint|p1a: Iron Treads
|-end|p1a: Iron Treads|Quark Drive|[silent]
|
|upkeep
|
|t:|1758359767
|switch|p1a: Scizor|Scizor, M|88/100
|-damage|p1a: Scizor|76/100|[from] Spikes
|turn|15
|
|t:|1758359772
|move|p1a: Scizor|Bullet Punch|p2a: Medicham
|-damage|p2a: Medicham|0 fnt
|faint|p2a: Medicham
|
|upkeep
|
|t:|1758359775
|switch|p2a: Sylveon|Sylveon, M|100/100
|-damage|p2a: Sylveon|88/100|[from] Stealth Rock
|turn|16
|c|☆gammafire|ggwp
|
|t:|1758359779
|move|p1a: Scizor|Bullet Punch|p2a: Sylveon
|-supereffective|p2a: Sylveon
|-damage|p2a: Sylveon|0 fnt
|faint|p2a: Sylveon
|
|win|kopoxokop
|raw|kopoxokop's rating: 1290 &rarr; <strong>1310</strong><br />(+20 for winning)
|raw|gammafire's rating: 1223 &rarr; <strong>1203</strong><br />(-20 for losing)
|c|☆kopoxokop|gg
|l|☆gammafire
|player|p2|
|l|☆kopoxokop
|player|p1|
