|j|☆notmeezo
|j|☆Stesanta
|t:|1758255340
|gametype|singles
|player|p1|notmeezo|lucas|1242
|player|p2|Stesanta|170|1212
|gen|9
|tier|[Gen 9] OU
|rated|
|rule|HP Percentage Mod: HP is shown in percentages
|rule|Endless Battle Clause: Forcing endless battles is banned
|rule|Species Clause: Limit one of each Pokémon
|rule|OHKO Clause: OHKO moves are banned
|rule|Evasion Items Clause: Evasion items are banned
|rule|Evasion Moves Clause: Evasion moves are banned
|rule|Evasion Abilities Clause: Evasion abilities are banned
|rule|Sleep Moves Clause: Sleep-inducing moves are banned
|clearpoke
|poke|p1|Zamazenta-*|
|poke|p1|Serperior, M|
|poke|p1|Rotom-Heat|
|poke|p1|Corviknight, F|
|poke|p1|Gliscor, F|
|poke|p1|Ogerpon-Wellspring, F|
|poke|p2|Clodsire, M|
|poke|p2|Skeledirge, M|
|poke|p2|Cinderace, F|
|poke|p2|Maushold-Four|
|poke|p2|Ceruledge, F|
|poke|p2|Keldeo-Resolute|
|teampreview
|inactive|Battle timer is ON: inactive players will automatically lose when time's up. (requested by notmeezo)
|
|t:|1758255356
|teamsize|p1|6
|teamsize|p2|6
|start
|switch|p1a: Telkom|Rotom-Heat|100/100
|switch|p2a: Cinderace|Cinderace, F|100/100
|turn|1
|
|t:|1758255363
|move|p1a: Telkom|Volt Switch|p2a: Cinderace
|-damage|p2a: Cinderace|65/100
|
|t:|1758255367
|switch|p1a: Pinch|Gliscor, F|100/100|[from] Volt Switch
|move|p2a: Cinderace|Taunt|p1a: Pinch
|-start|p2a: Cinderace|typechange|Dark|[from] ability: Libero
|-start|p1a: Pinch|move: Taunt
|
|-status|p1a: Pinch|tox|[from] item: Toxic Orb
|upkeep
|turn|2
|
|t:|1758255379
|move|p2a: Cinderace|U-turn|p1a: Pinch
|-resisted|p1a: Pinch
|-damage|p1a: Pinch|93/100 tox
|
|t:|1758255387
|switch|p2a: Skeledirge|Skeledirge, M|100/100|[from] U-turn
|move|p1a: Pinch|Earthquake|p2a: Skeledirge
|-supereffective|p2a: Skeledirge
|-damage|p2a: Skeledirge|58/100
|
|-heal|p2a: Skeledirge|64/100|[from] item: Leftovers
|-heal|p1a: Pinch|100/100 tox|[from] ability: Poison Heal
|upkeep
|turn|3
|
|t:|1758255395
|move|p1a: Pinch|Earthquake|p2a: Skeledirge
|-supereffective|p2a: Skeledirge
|-damage|p2a: Skeledirge|26/100
|move|p2a: Skeledirge|Torch Song|p1a: Pinch
|-damage|p1a: Pinch|72/100 tox
|-boost|p2a: Skeledirge|spa|1
|
|-heal|p2a: Skeledirge|32/100|[from] item: Leftovers
|-heal|p1a: Pinch|85/100 tox|[from] ability: Poison Heal
|-end|p1a: Pinch|move: Taunt
|upkeep
|turn|4
|
|t:|1758255401
|move|p2a: Skeledirge|Protect|p2a: Skeledirge
|-singleturn|p2a: Skeledirge|Protect
|move|p1a: Pinch|Earthquake|p2a: Skeledirge
|-activate|p2a: Skeledirge|move: Protect
|
|-heal|p2a: Skeledirge|38/100|[from] item: Leftovers
|-heal|p1a: Pinch|97/100 tox|[from] ability: Poison Heal
|upkeep
|turn|5
|
|t:|1758255424
|-terastallize|p2a: Skeledirge|Flying
|move|p1a: Pinch|Earthquake|p2a: Skeledirge
|-immune|p2a: Skeledirge
|move|p2a: Skeledirge|Slack Off|p2a: Skeledirge
|-heal|p2a: Skeledirge|88/100
|
|-heal|p2a: Skeledirge|94/100|[from] item: Leftovers
|-heal|p1a: Pinch|100/100 tox|[from] ability: Poison Heal
|upkeep
|turn|6
|
|t:|1758255430
|move|p1a: Pinch|Toxic|p2a: Skeledirge
|-status|p2a: Skeledirge|tox
|move|p2a: Skeledirge|Torch Song|p1a: Pinch
|-damage|p1a: Pinch|60/100 tox
|-boost|p2a: Skeledirge|spa|1
|
|-heal|p2a: Skeledirge|99/100 tox|[from] item: Leftovers
|-heal|p1a: Pinch|73/100 tox|[from] ability: Poison Heal
|-damage|p2a: Skeledirge|94/100 tox|[from] psn
|upkeep
|turn|7
|
|t:|1758255436
|move|p1a: Pinch|Stealth Rock|p2a: Skeledirge
|-sidestart|p2: Stesanta|move: Stealth Rock
|move|p2a: Skeledirge|Torch Song|p1a: Pinch
|-damage|p1a: Pinch|19/100 tox
|-boost|p2a: Skeledirge|spa|1
|
|-heal|p2a: Skeledirge|99/100 tox|[from] item: Leftovers
|-heal|p1a: Pinch|31/100 tox|[from] ability: Poison Heal
|-damage|p2a: Skeledirge|88/100 tox|[from] psn
|upkeep
|turn|8
|
|t:|1758255442
|move|p1a: Pinch|Protect|p1a: Pinch
|-singleturn|p1a: Pinch|Protect
|move|p2a: Skeledirge|Torch Song|p1a: Pinch
|-activate|p1a: Pinch|move: Protect
|
|-heal|p2a: Skeledirge|94/100 tox|[from] item: Leftovers
|-heal|p1a: Pinch|44/100 tox|[from] ability: Poison Heal
|-damage|p2a: Skeledirge|76/100 tox|[from] psn
|upkeep
|turn|9
|
|t:|1758255449
|switch|p1a: Telkom|Rotom-Heat|100/100
|move|p2a: Skeledirge|Torch Song|p1a: Telkom
|-resisted|p1a: Telkom
|-damage|p1a: Telkom|54/100
|-boost|p2a: Skeledirge|spa|1
|
|-heal|p2a: Skeledirge|82/100 tox|[from] item: Leftovers
|-damage|p2a: Skeledirge|58/100 tox|[from] psn
|upkeep
|turn|10
|
|t:|1758255460
|switch|p2a: Clodsire|Clodsire, M|100/100
|-damage|p2a: Clodsire|94/100|[from] Stealth Rock
|move|p1a: Telkom|Volt Switch|p2a: Clodsire
|-immune|p2a: Clodsire
|
|-heal|p2a: Clodsire|100/100|[from] item: Leftovers
|upkeep
|turn|11
|
|t:|1758255466
|switch|p1a: Pinch|Gliscor, F|44/100 tox
|move|p2a: Clodsire|Toxic|p1a: Pinch
|-fail|p1a: Pinch|tox
|
|-heal|p1a: Pinch|56/100 tox|[from] ability: Poison Heal
|upkeep
|turn|12
|
|t:|1758255481
|switch|p2a: Maushold|Maushold-Four|100/100
|move|p1a: Pinch|Earthquake|p2a: Maushold
|-crit|p2a: Maushold
|-damage|p2a: Maushold|50/100
|
|-heal|p1a: Pinch|69/100 tox|[from] ability: Poison Heal
|upkeep
|turn|13
|
|t:|1758255487
|switch|p1a: Corviknight|Corviknight, F|100/100
|move|p2a: Maushold|Tidy Up|p2a: Maushold
|-sideend|p2: Stesanta|Stealth Rock
|-activate|p2a: Maushold|move: Tidy Up
|-boost|p2a: Maushold|atk|1
|-boost|p2a: Maushold|spe|1
|
|upkeep
|turn|14
|
|t:|1758255495
|move|p2a: Maushold|U-turn|p1a: Corviknight
|-resisted|p1a: Corviknight
|-damage|p1a: Corviknight|98/100
|-damage|p2a: Maushold|34/100|[from] item: Rocky Helmet|[of] p1a: Corviknight
|
|t:|1758255508
|switch|p2a: Ceruledge|Ceruledge, F|100/100|[from] U-turn
|move|p1a: Corviknight|Iron Defense|p1a: Corviknight
|-boost|p1a: Corviknight|def|2
|
|upkeep
|turn|15
|inactive|notmeezo has 120 seconds left.
|
|t:|1758255541
|switch|p1a: Shield|Zamazenta|100/100
|-ability|p1a: Shield|Dauntless Shield|boost
|-boost|p1a: Shield|def|1
|move|p2a: Ceruledge|Swords Dance|p2a: Ceruledge
|-boost|p2a: Ceruledge|atk|2
|
|upkeep
|turn|16
|
|t:|1758255548
|move|p2a: Ceruledge|Swords Dance|p2a: Ceruledge
|-boost|p2a: Ceruledge|atk|2
|move|p1a: Shield|Roar|p2a: Ceruledge
|drag|p2a: Keldeo|Keldeo-Resolute|100/100
|
|upkeep
|turn|17
|
|t:|1758255557
|switch|p1a: Mystic|Ogerpon-Wellspring, F|100/100
|move|p2a: Keldeo|Surf|p1a: Mystic
|-immune|p1a: Mystic|[from] ability: Water Absorb
|
|upkeep
|turn|18
|
|t:|1758255562
|move|p1a: Mystic|Horn Leech|p2a: Keldeo
|-supereffective|p2a: Keldeo
|-damage|p2a: Keldeo|26/100
|move|p2a: Keldeo|Calm Mind|p2a: Keldeo
|-boost|p2a: Keldeo|spa|1
|-boost|p2a: Keldeo|spd|1
|
|-heal|p2a: Keldeo|32/100|[from] item: Leftovers
|upkeep
|turn|19
|
|t:|1758255566
|move|p1a: Mystic|Horn Leech|p2a: Keldeo
|-supereffective|p2a: Keldeo
|-damage|p2a: Keldeo|0 fnt
|faint|p2a: Keldeo
|
|upkeep
|
|t:|1758255574
|switch|p2a: Skeledirge|Skeledirge, M, tera:Flying|58/100 tox
|turn|20
|
|t:|1758255577
|move|p1a: Mystic|Ivy Cudgel|p2a: Skeledirge|[anim] Ivy Cudgel Water
|-damage|p2a: Skeledirge|20/100 tox
|move|p2a: Skeledirge|Will-O-Wisp|p1a: Mystic
|-status|p1a: Mystic|brn
|
|-heal|p2a: Skeledirge|26/100 tox|[from] item: Leftovers
|-damage|p2a: Skeledirge|20/100 tox|[from] psn
|-damage|p1a: Mystic|95/100 brn|[from] brn
|upkeep
|turn|21
|
|t:|1758255585
|move|p1a: Mystic|Ivy Cudgel|p2a: Skeledirge|[anim] Ivy Cudgel Water
|-damage|p2a: Skeledirge|1/100 tox
|move|p2a: Skeledirge|Slack Off|p2a: Skeledirge
|-heal|p2a: Skeledirge|51/100 tox
|
|-heal|p2a: Skeledirge|57/100 tox|[from] item: Leftovers
|-damage|p2a: Skeledirge|45/100 tox|[from] psn
|-damage|p1a: Mystic|89/100 brn|[from] brn
|upkeep
|turn|22
|
|t:|1758255590
|move|p1a: Mystic|Knock Off|p2a: Skeledirge
|-damage|p2a: Skeledirge|34/100 tox
|-enditem|p2a: Skeledirge|Leftovers|[from] move: Knock Off|[of] p1a: Mystic
|move|p2a: Skeledirge|Slack Off|p2a: Skeledirge
|-heal|p2a: Skeledirge|84/100 tox
|
|-damage|p2a: Skeledirge|66/100 tox|[from] psn
|-damage|p1a: Mystic|83/100 brn|[from] brn
|upkeep
|turn|23
|
|t:|1758255599
|switch|p1a: Pinch|Gliscor, F|69/100 tox
|switch|p2a: Maushold|Maushold-Four|34/100
|
|-heal|p1a: Pinch|81/100 tox|[from] ability: Poison Heal
|upkeep
|turn|24
|
|t:|1758255606
|move|p2a: Maushold|Population Bomb|p1a: Pinch
|-damage|p1a: Pinch|74/100 tox
|-damage|p1a: Pinch|68/100 tox
|-damage|p1a: Pinch|61/100 tox
|-damage|p1a: Pinch|55/100 tox
|-damage|p1a: Pinch|49/100 tox
|-damage|p1a: Pinch|43/100 tox
|-damage|p1a: Pinch|36/100 tox
|-damage|p1a: Pinch|29/100 tox
|-damage|p1a: Pinch|24/100 tox
|-damage|p1a: Pinch|17/100 tox
|-hitcount|p1a: Pinch|10
|move|p1a: Pinch|Earthquake|p2a: Maushold
|-damage|p2a: Maushold|0 fnt
|faint|p2a: Maushold
|
|-heal|p1a: Pinch|29/100 tox|[from] ability: Poison Heal
|upkeep
|
|t:|1758255631
|switch|p2a: Skeledirge|Skeledirge, M, tera:Flying|66/100 tox
|turn|25
|-message|Stesanta forfeited.
|
|win|notmeezo
|raw|notmeezo's rating: 1242 &rarr; <strong>1265</strong><br />(+23 for winning)
|raw|Stesanta's rating: 1212 &rarr; <strong>1189</strong><br />(-23 for losing)
|l|☆Stesanta
|player|p2|
|l|☆notmeezo
|player|p1|
