|j|☆ImMikeyCzn
|j|☆yasserdudz
|t:|1758289699
|gametype|singles
|player|p1|ImMikeyCzn|guitarist|1063
|player|p2|yasserdudz|265|1000
|gen|9
|tier|[Gen 9] OU
|rated|
|rule|HP Percentage Mod: HP is shown in percentages
|rule|Endless Battle Clause: Forcing endless battles is banned
|rule|Species Clause: Limit one of each Pokémon
|rule|OHKO Clause: OHKO moves are banned
|rule|Evasion Items Clause: Evasion items are banned
|rule|Evasion Moves Clause: Evasion moves are banned
|rule|Evasion Abilities Clause: Evasion abilities are banned
|rule|Sleep Moves Clause: Sleep-inducing moves are banned
|clearpoke
|poke|p1|Ceruledge, F|
|poke|p1|Azumarill, F|
|poke|p1|Lokix, M|
|poke|p1|Decidueye-Hisui, M|
|poke|p1|Corviknight, M|
|poke|p1|Weezing-Galar, M|
|poke|p2|Alcremie-Rainbow-Swirl, F|
|poke|p2|Sylveon, F|
|poke|p2|Deoxys-Defense|
|poke|p2|Cloyster, F|
|poke|p2|Flapple, F|
|poke|p2|Blissey, F|
|teampreview
|
|t:|1758289712
|teamsize|p1|6
|teamsize|p2|6
|start
|switch|p1a: Average Wordle Fan|Corviknight, M|100/100
|switch|p2a: Alcremie|Alcremie-Rainbow-Swirl, F|100/100
|turn|1
|
|t:|1758289733
|-terastallize|p2a: Alcremie|Steel
|move|p1a: Average Wordle Fan|Tailwind|p1a: Average Wordle Fan
|-sidestart|p1: ImMikeyCzn|move: Tailwind
|move|p2a: Alcremie|Calm Mind|p2a: Alcremie
|-boost|p2a: Alcremie|spa|1
|-boost|p2a: Alcremie|spd|1
|
|upkeep
|turn|2
|
|t:|1758289745
|switch|p1a: Ceruledge|Ceruledge, F|100/100
|move|p2a: Alcremie|Acid Armor|p2a: Alcremie
|-boost|p2a: Alcremie|def|2
|
|upkeep
|turn|3
|
|t:|1758289755
|move|p1a: Ceruledge|Bitter Blade|p2a: Alcremie
|-supereffective|p2a: Alcremie
|-damage|p2a: Alcremie|47/100
|move|p2a: Alcremie|Stored Power|p1a: Ceruledge
|-damage|p1a: Ceruledge|58/100
|
|-heal|p2a: Alcremie|53/100|[from] item: Leftovers
|upkeep
|turn|4
|
|t:|1758289765
|move|p1a: Ceruledge|Bitter Blade|p2a: Alcremie
|-supereffective|p2a: Alcremie
|-damage|p2a: Alcremie|5/100
|-heal|p1a: Ceruledge|78/100|[from] drain|[of] p2a: Alcremie
|move|p2a: Alcremie|Stored Power|p1a: Ceruledge
|-damage|p1a: Ceruledge|38/100
|
|-heal|p2a: Alcremie|11/100|[from] item: Leftovers
|-sideend|p1: ImMikeyCzn|move: Tailwind
|upkeep
|turn|5
|
|t:|1758289774
|move|p1a: Ceruledge|Bitter Blade|p2a: Alcremie
|-supereffective|p2a: Alcremie
|-damage|p2a: Alcremie|0 fnt
|-heal|p1a: Ceruledge|42/100|[from] drain|[of] p2a: Alcremie
|faint|p2a: Alcremie
|
|upkeep
|
|t:|1758289785
|switch|p2a: Sylveon|Sylveon, F|100/100
|turn|6
|
|t:|1758289796
|move|p2a: Sylveon|Endure|p2a: Sylveon
|-singleturn|p2a: Sylveon|move: Endure
|move|p1a: Ceruledge|X-Scissor|p2a: Sylveon
|-resisted|p2a: Sylveon
|-damage|p2a: Sylveon|88/100
|
|upkeep
|turn|7
|
|t:|1758289809
|switch|p1a: Weezing|Weezing-Galar, M|100/100
|-ability|p1a: Weezing|Neutralizing Gas
|move|p2a: Sylveon|Light Screen|p2a: Sylveon
|-sidestart|p2: yasserdudz|move: Light Screen
|
|upkeep
|turn|8
|
|t:|1758289837
|move|p2a: Sylveon|Endure|p2a: Sylveon
|-singleturn|p2a: Sylveon|move: Endure
|move|p1a: Weezing|Sludge Bomb|p2a: Sylveon
|-supereffective|p2a: Sylveon
|-damage|p2a: Sylveon|65/100
|
|upkeep
|turn|9
|
|t:|1758289858
|move|p2a: Sylveon|Endure||[still]
|-fail|p2a: Sylveon
|move|p1a: Weezing|Sludge Bomb|p2a: Sylveon
|-supereffective|p2a: Sylveon
|-damage|p2a: Sylveon|41/100
|
|upkeep
|turn|10
|
|t:|1758289865
|move|p2a: Sylveon|Endure|p2a: Sylveon
|-singleturn|p2a: Sylveon|move: Endure
|move|p1a: Weezing|Sludge Bomb|p2a: Sylveon
|-supereffective|p2a: Sylveon
|-crit|p2a: Sylveon
|-activate|p2a: Sylveon|move: Endure
|-damage|p2a: Sylveon|1/100
|
|upkeep
|turn|11
|-enditem|p2a: Sylveon|Custap Berry|[eat]
|-activate|p2a: Sylveon|item: Custap Berry|[consumed]
|
|t:|1758289876
|move|p2a: Sylveon|Hyper Beam|p1a: Weezing
|-damage|p1a: Weezing|60/100
|-mustrecharge|p2a: Sylveon
|move|p1a: Weezing|Sludge Bomb|p2a: Sylveon
|-supereffective|p2a: Sylveon
|-damage|p2a: Sylveon|0 fnt
|faint|p2a: Sylveon
|
|-sideend|p2: yasserdudz|move: Light Screen
|upkeep
|
|t:|1758289887
|switch|p2a: Cloyster|Cloyster, F, shiny|100/100
|turn|12
|
|t:|1758289897
|move|p2a: Cloyster|Shell Smash|p2a: Cloyster
|-unboost|p2a: Cloyster|def|1
|-unboost|p2a: Cloyster|spd|1
|-boost|p2a: Cloyster|atk|2
|-boost|p2a: Cloyster|spa|2
|-boost|p2a: Cloyster|spe|2
|move|p1a: Weezing|Pain Split|p2a: Cloyster
|-sethp|p2a: Cloyster|87/100|[from] move: Pain Split|[silent]
|-sethp|p1a: Weezing|71/100|[from] move: Pain Split
|
|upkeep
|turn|13
|
|t:|1758289913
|-end|p1a: Weezing|ability: Neutralizing Gas
|switch|p1a: Decidueye|Decidueye-Hisui, M|100/100
|move|p2a: Cloyster|Rock Blast|p1a: Decidueye
|-resisted|p1a: Decidueye
|-crit|p1a: Decidueye
|-damage|p1a: Decidueye|88/100
|-resisted|p1a: Decidueye
|-damage|p1a: Decidueye|80/100
|-resisted|p1a: Decidueye
|-damage|p1a: Decidueye|72/100
|-resisted|p1a: Decidueye
|-damage|p1a: Decidueye|64/100
|-resisted|p1a: Decidueye
|-damage|p1a: Decidueye|57/100
|-hitcount|p1a: Decidueye|5
|
|-heal|p1a: Decidueye|63/100|[from] item: Leftovers
|upkeep
|turn|14
|inactive|Battle timer is ON: inactive players will automatically lose when time's up. (requested by yasserdudz)
|
|t:|1758289989
|move|p2a: Cloyster|Icicle Spear|p1a: Decidueye
|-supereffective|p1a: Decidueye
|-damage|p1a: Decidueye|15/100
|-supereffective|p1a: Decidueye
|-crit|p1a: Decidueye
|-damage|p1a: Decidueye|0 fnt
|faint|p1a: Decidueye
|-hitcount|p1: Decidueye|2
|
|upkeep
|
|t:|1758290002
|switch|p1a: Lokix|Lokix, M|100/100
|turn|15
|
|t:|1758290008
|move|p1a: Lokix|First Impression|p2a: Cloyster
|-damage|p2a: Cloyster|28/100
|-damage|p1a: Lokix|91/100|[from] item: Life Orb
|move|p2a: Cloyster|Rock Blast|p1a: Lokix
|-supereffective|p1a: Lokix
|-damage|p1a: Lokix|50/100
|-supereffective|p1a: Lokix
|-damage|p1a: Lokix|10/100
|-supereffective|p1a: Lokix
|-damage|p1a: Lokix|0 fnt
|faint|p1a: Lokix
|-hitcount|p1: Lokix|3
|
|upkeep
|
|t:|1758290021
|switch|p1a: Average Wordle Fan|Corviknight, M|100/100
|turn|16
|
|t:|1758290025
|move|p2a: Cloyster|Icicle Spear|p1a: Average Wordle Fan
|-damage|p1a: Average Wordle Fan|83/100
|-crit|p1a: Average Wordle Fan
|-damage|p1a: Average Wordle Fan|56/100
|-damage|p1a: Average Wordle Fan|37/100
|-damage|p1a: Average Wordle Fan|18/100
|-damage|p1a: Average Wordle Fan|0 fnt
|faint|p1a: Average Wordle Fan
|-hitcount|p1: Average Wordle Fan|5
|
|upkeep
|
|t:|1758290034
|switch|p1a: Weezing|Weezing-Galar, M|71/100
|-ability|p1a: Weezing|Neutralizing Gas
|turn|17
|
|t:|1758290041
|move|p2a: Cloyster|Rock Blast|p1a: Weezing
|-damage|p1a: Weezing|57/100
|-damage|p1a: Weezing|42/100
|-crit|p1a: Weezing
|-damage|p1a: Weezing|19/100
|-hitcount|p1a: Weezing|3
|move|p1a: Weezing|Sludge Bomb|p2a: Cloyster
|-damage|p2a: Cloyster|0 fnt
|faint|p2a: Cloyster
|
|upkeep
|
|t:|1758290060
|switch|p2a: Blissey|Blissey, F|100/100
|turn|18
|
|t:|1758290068
|move|p1a: Weezing|Sludge Bomb|p2a: Blissey
|-damage|p2a: Blissey|90/100
|move|p2a: Blissey|Stealth Rock|p1a: Weezing
|-sidestart|p1: ImMikeyCzn|move: Stealth Rock
|
|upkeep
|turn|19
|
|t:|1758290073
|move|p1a: Weezing|Sludge Bomb|p2a: Blissey
|-damage|p2a: Blissey|81/100
|move|p2a: Blissey|Light Screen|p2a: Blissey
|-sidestart|p2: yasserdudz|move: Light Screen
|
|upkeep
|turn|20
|
|t:|1758290080
|move|p1a: Weezing|Pain Split|p2a: Blissey
|-sethp|p2a: Blissey|44/100|[from] move: Pain Split|[silent]
|-sethp|p1a: Weezing|100/100|[from] move: Pain Split
|move|p2a: Blissey|Soft-Boiled|p2a: Blissey
|-heal|p2a: Blissey|94/100
|
|upkeep
|turn|21
|
|t:|1758290087
|move|p1a: Weezing|Strange Steam|p2a: Blissey
|-damage|p2a: Blissey|89/100
|move|p2a: Blissey|Heal Bell||[still]
|-activate|p2a: Blissey|move: Heal Bell
|-fail|p2a: Blissey
|
|upkeep
|turn|22
|
|t:|1758290095
|move|p1a: Weezing|Defog|p2a: Blissey
|-unboost|p2a: Blissey|evasion|1
|-sideend|p2: yasserdudz|move: Light Screen
|-sideend|p1: ImMikeyCzn|Stealth Rock|[from] move: Defog|[of] p1a: Weezing
|move|p2a: Blissey|Stealth Rock|p1a: Weezing
|-sidestart|p1: ImMikeyCzn|move: Stealth Rock
|
|upkeep
|turn|23
|
|t:|1758290101
|move|p1a: Weezing|Defog|p2a: Blissey
|-unboost|p2a: Blissey|evasion|1
|-sideend|p1: ImMikeyCzn|Stealth Rock|[from] move: Defog|[of] p1a: Weezing
|move|p2a: Blissey|Stealth Rock|p1a: Weezing
|-sidestart|p1: ImMikeyCzn|move: Stealth Rock
|
|upkeep
|turn|24
|
|t:|1758290107
|move|p1a: Weezing|Defog|p2a: Blissey
|-unboost|p2a: Blissey|evasion|1
|-sideend|p1: ImMikeyCzn|Stealth Rock|[from] move: Defog|[of] p1a: Weezing
|move|p2a: Blissey|Stealth Rock|p1a: Weezing
|-sidestart|p1: ImMikeyCzn|move: Stealth Rock
|
|upkeep
|turn|25
|
|t:|1758290113
|move|p1a: Weezing|Defog|p2a: Blissey
|-unboost|p2a: Blissey|evasion|1
|-sideend|p1: ImMikeyCzn|Stealth Rock|[from] move: Defog|[of] p1a: Weezing
|move|p2a: Blissey|Stealth Rock|p1a: Weezing
|-sidestart|p1: ImMikeyCzn|move: Stealth Rock
|
|upkeep
|turn|26
|
|t:|1758290119
|move|p1a: Weezing|Defog|p2a: Blissey
|-unboost|p2a: Blissey|evasion|1
|-sideend|p1: ImMikeyCzn|Stealth Rock|[from] move: Defog|[of] p1a: Weezing
|move|p2a: Blissey|Stealth Rock|p1a: Weezing
|-sidestart|p1: ImMikeyCzn|move: Stealth Rock
|
|upkeep
|turn|27
|
|t:|1758290126
|move|p1a: Weezing|Defog|p2a: Blissey
|-unboost|p2a: Blissey|evasion|1
|-sideend|p1: ImMikeyCzn|Stealth Rock|[from] move: Defog|[of] p1a: Weezing
|move|p2a: Blissey|Stealth Rock|p1a: Weezing
|-sidestart|p1: ImMikeyCzn|move: Stealth Rock
|
|upkeep
|turn|28
|
|t:|1758290134
|move|p1a: Weezing|Defog|p2a: Blissey
|-unboost|p2a: Blissey|evasion|0
|-sideend|p1: ImMikeyCzn|Stealth Rock|[from] move: Defog|[of] p1a: Weezing
|move|p2a: Blissey|Stealth Rock|p1a: Weezing
|-sidestart|p1: ImMikeyCzn|move: Stealth Rock
|
|upkeep
|turn|29
|
|t:|1758290141
|move|p1a: Weezing|Defog|p2a: Blissey
|-unboost|p2a: Blissey|evasion|0
|-sideend|p1: ImMikeyCzn|Stealth Rock|[from] move: Defog|[of] p1a: Weezing
|move|p2a: Blissey|Stealth Rock|p1a: Weezing
|-sidestart|p1: ImMikeyCzn|move: Stealth Rock
|
|upkeep
|turn|30
|
|t:|1758290157
|move|p1a: Weezing|Defog|p2a: Blissey
|-unboost|p2a: Blissey|evasion|0
|-sideend|p1: ImMikeyCzn|Stealth Rock|[from] move: Defog|[of] p1a: Weezing
|move|p2a: Blissey|Light Screen|p2a: Blissey
|-sidestart|p2: yasserdudz|move: Light Screen
|
|upkeep
|turn|31
|
|t:|1758290176
|-end|p1a: Weezing|ability: Neutralizing Gas
|switch|p1a: Azumarill|Azumarill, F|100/100
|move|p2a: Blissey|Stealth Rock|p1a: Azumarill
|-sidestart|p1: ImMikeyCzn|move: Stealth Rock
|
|upkeep
|turn|32
|
|t:|1758290187
|move|p1a: Azumarill|Belly Drum|p1a: Azumarill
|-damage|p1a: Azumarill|51/100
|-setboost|p1a: Azumarill|atk|6|[from] move: Belly Drum
|move|p2a: Blissey|Soft-Boiled|p2a: Blissey
|-heal|p2a: Blissey|100/100
|
|upkeep
|turn|33
|
|t:|1758290197
|move|p1a: Azumarill|Play Rough|p2a: Blissey
|-damage|p2a: Blissey|0 fnt
|faint|p2a: Blissey
|
|upkeep
|
|t:|1758290202
|switch|p2a: Deoxys|Deoxys-Defense|100/100
|-ability|p2a: Deoxys|Pressure
|turn|34
|
|t:|1758290210
|move|p1a: Azumarill|Ice Spinner|p2a: Deoxys
|-damage|p2a: Deoxys|13/100
|move|p2a: Deoxys|Trick Room|p2a: Deoxys
|-fieldstart|move: Trick Room|[of] p2a: Deoxys
|
|-heal|p2a: Deoxys|20/100|[from] item: Leftovers
|-sideend|p2: yasserdudz|move: Light Screen
|upkeep
|turn|35
|
|t:|1758290219
|move|p1a: Azumarill|Liquidation|p2a: Deoxys
|-damage|p2a: Deoxys|0 fnt
|faint|p2a: Deoxys
|
|upkeep
|
|t:|1758290225
|switch|p2a: Flapple|Flapple, F|100/100
|turn|36
|
|t:|1758290228
|move|p1a: Azumarill|Play Rough|p2a: Flapple
|-supereffective|p2a: Flapple
|-damage|p2a: Flapple|0 fnt
|faint|p2a: Flapple
|
|win|ImMikeyCzn
|raw|ImMikeyCzn's rating: 1063 &rarr; <strong>1088</strong><br />(+25 for winning)
|raw|yasserdudz's rating: 1000 &rarr; <strong>1000</strong><br />(+0 for losing)
