|j|☆Lifeless_Nate
|j|☆Boboris61
|t:|1758329090
|gametype|singles
|player|p1|Lifeless_Nate|101|1034
|player|p2|Boboris61|170|1000
|gen|9
|tier|[Gen 9] OU
|rated|
|rule|HP Percentage Mod: HP is shown in percentages
|rule|Endless Battle Clause: Forcing endless battles is banned
|rule|Species Clause: Limit one of each Pokémon
|rule|OHKO Clause: OHKO moves are banned
|rule|Evasion Items Clause: Evasion items are banned
|rule|Evasion Moves Clause: Evasion moves are banned
|rule|Evasion Abilities Clause: Evasion abilities are banned
|rule|Sleep Moves Clause: Sleep-inducing moves are banned
|clearpoke
|poke|p1|Torkoal, F|
|poke|p1|Great Tusk|
|poke|p1|Armarouge, M|
|poke|p1|Hatterene, F|
|poke|p1|Kingambit, F|
|poke|p1|Indeedee-F, F|
|poke|p2|Blaziken, M|
|poke|p2|Gardevoir, F|
|poke|p2|Garchomp, M|
|poke|p2|Swampert, M|
|poke|p2|Pikachu-Hoenn, M|
|poke|p2|Overqwil, M|
|teampreview
|inactive|Battle timer is ON: inactive players will automatically lose when time's up. (requested by Boboris61)
|c|☆Lifeless_Nate|beu
|
|t:|1758329133
|teamsize|p1|6
|teamsize|p2|6
|start
|switch|p1a: Torkoal|Torkoal, F|100/100
|switch|p2a: Blaziken|Blaziken, M, shiny|100/100
|-weather|SunnyDay|[from] ability: Drought|[of] p1a: Torkoal
|turn|1
|inactiveoff|Battle timer is now OFF.
|c|☆Lifeless_Nate|??
|
|t:|1758329162
|move|p2a: Blaziken|Swords Dance|p2a: Blaziken
|-boost|p2a: Blaziken|atk|2
|move|p1a: Torkoal|Stealth Rock|p2a: Blaziken
|-sidestart|p2: Boboris61|move: Stealth Rock
|
|-weather|SunnyDay|[upkeep]
|-ability|p2a: Blaziken|Speed Boost|boost
|-boost|p2a: Blaziken|spe|1
|upkeep
|turn|2
|
|t:|1758329186
|move|p2a: Blaziken|Close Combat|p1a: Torkoal
|-damage|p1a: Torkoal|37/100
|-unboost|p2a: Blaziken|def|1
|-unboost|p2a: Blaziken|spd|1
|move|p1a: Torkoal|Earth Power|p2a: Blaziken
|-supereffective|p2a: Blaziken
|-damage|p2a: Blaziken|33/100
|
|-weather|SunnyDay|[upkeep]
|-heal|p2a: Blaziken|39/100|[from] item: Leftovers
|-ability|p2a: Blaziken|Speed Boost|boost
|-boost|p2a: Blaziken|spe|1
|upkeep
|turn|3
|
|t:|1758329207
|switch|p1a: Great Tusk|Great Tusk|100/100
|-activate|p1a: Great Tusk|ability: Protosynthesis
|-start|p1a: Great Tusk|protosynthesisatk
|move|p2a: Blaziken|Thunder Punch|p1a: Great Tusk
|-immune|p1a: Great Tusk
|
|-weather|SunnyDay|[upkeep]
|-heal|p2a: Blaziken|45/100|[from] item: Leftovers
|-ability|p2a: Blaziken|Speed Boost|boost
|-boost|p2a: Blaziken|spe|1
|upkeep
|turn|4
|
|t:|1758329250
|switch|p2a: Swampert|Swampert, M|100/100
|-damage|p2a: Swampert|94/100|[from] Stealth Rock
|move|p1a: Great Tusk|Headlong Rush|p2a: Swampert
|-damage|p2a: Swampert|15/100
|-unboost|p1a: Great Tusk|def|1
|-unboost|p1a: Great Tusk|spd|1
|
|-weather|SunnyDay|[upkeep]
|upkeep
|turn|5
|
|t:|1758329272
|-end|p1a: Great Tusk|Protosynthesis|[silent]
|switch|p1a: Hatterene|Hatterene, F|100/100
|move|p2a: Swampert|Liquidation|p1a: Hatterene
|-damage|p1a: Hatterene|79/100
|-unboost|p1a: Hatterene|def|1
|
|-weather|SunnyDay|[upkeep]
|-heal|p1a: Hatterene|85/100|[from] item: Leftovers
|upkeep
|turn|6
|
|t:|1758329296
|switch|p2a: Overqwil|Overqwil, M|100/100
|-damage|p2a: Overqwil|88/100|[from] Stealth Rock
|move|p1a: Hatterene|Psychic|p2a: Overqwil
|-immune|p2a: Overqwil
|
|-weather|SunnyDay|[upkeep]
|-heal|p2a: Overqwil|94/100|[from] item: Black Sludge
|-heal|p1a: Hatterene|91/100|[from] item: Leftovers
|upkeep
|turn|7
|
|t:|1758329332
|switch|p1a: Kingambit|Kingambit, F|100/100
|move|p2a: Overqwil|Poison Jab|p1a: Kingambit
|-immune|p1a: Kingambit
|
|-weather|SunnyDay|[upkeep]
|-heal|p2a: Overqwil|100/100|[from] item: Black Sludge
|upkeep
|turn|8
|
|t:|1758329351
|switch|p2a: Blaziken|Blaziken, M, shiny|45/100
|-damage|p2a: Blaziken|33/100|[from] Stealth Rock
|move|p1a: Kingambit|Swords Dance|p1a: Kingambit
|-boost|p1a: Kingambit|atk|2
|
|-weather|none
|-heal|p2a: Blaziken|39/100|[from] item: Leftovers
|upkeep
|turn|9
|
|t:|1758329362
|move|p1a: Kingambit|Sucker Punch||[still]
|-fail|p1a: Kingambit
|move|p2a: Blaziken|Swords Dance|p2a: Blaziken
|-boost|p2a: Blaziken|atk|2
|
|-heal|p2a: Blaziken|45/100|[from] item: Leftovers
|-ability|p2a: Blaziken|Speed Boost|boost
|-boost|p2a: Blaziken|spe|1
|upkeep
|turn|10
|
|t:|1758329371
|move|p1a: Kingambit|Sucker Punch|p2a: Blaziken
|-resisted|p2a: Blaziken
|-damage|p2a: Blaziken|0 fnt
|faint|p2a: Blaziken
|
|upkeep
|
|t:|1758329400
|switch|p2a: Garchomp|Garchomp, M|100/100
|-damage|p2a: Garchomp|94/100|[from] Stealth Rock
|turn|11
|
|t:|1758329408
|-end|p1a: Kingambit|fallenundefined|[silent]
|switch|p1a: Great Tusk|Great Tusk|100/100
|move|p2a: Garchomp|Sandstorm|p2a: Garchomp
|-weather|Sandstorm
|
|-weather|Sandstorm|[upkeep]
|upkeep
|turn|12
|
|t:|1758329458
|move|p1a: Great Tusk|Ice Spinner|p2a: Garchomp
|-supereffective|p2a: Garchomp
|-damage|p2a: Garchomp|0 fnt
|-damage|p1a: Great Tusk|88/100|[from] ability: Rough Skin|[of] p2a: Garchomp
|faint|p2a: Garchomp
|
|-weather|Sandstorm|[upkeep]
|-heal|p1a: Great Tusk|94/100|[from] item: Leftovers
|upkeep
|
|t:|1758329485
|switch|p2a: Swampert|Swampert, M|15/100
|-damage|p2a: Swampert|9/100|[from] Stealth Rock
|turn|13
|
|t:|1758329491
|move|p1a: Great Tusk|Headlong Rush|p2a: Swampert
|-damage|p2a: Swampert|0 fnt
|-unboost|p1a: Great Tusk|def|1
|-unboost|p1a: Great Tusk|spd|1
|faint|p2a: Swampert
|
|-weather|Sandstorm|[upkeep]
|-heal|p1a: Great Tusk|100/100|[from] item: Leftovers
|upkeep
|
|t:|1758329510
|switch|p2a: BeatifulLady|Gardevoir, F, shiny|100/100
|-damage|p2a: BeatifulLady|88/100|[from] Stealth Rock
|turn|14
|
|t:|1758329518
|-end|p1a: Great Tusk|Protosynthesis|[silent]
|switch|p1a: Torkoal|Torkoal, F|37/100
|-weather|SunnyDay|[from] ability: Drought|[of] p1a: Torkoal
|move|p2a: BeatifulLady|Future Sight|p1a: Torkoal
|-start|p2a: BeatifulLady|move: Future Sight
|
|-weather|SunnyDay|[upkeep]
|upkeep
|turn|15
|
|t:|1758329533
|switch|p1a: Indeedee|Indeedee-F, F|100/100
|-fieldstart|move: Psychic Terrain|[from] ability: Psychic Surge|[of] p1a: Indeedee
|move|p2a: BeatifulLady|Moonblast|p1a: Indeedee
|-damage|p1a: Indeedee|47/100
|
|-weather|SunnyDay|[upkeep]
|upkeep
|turn|16
|
|t:|1758329561
|switch|p2a: Overqwil|Overqwil, M|100/100
|-damage|p2a: Overqwil|88/100|[from] Stealth Rock
|move|p1a: Indeedee|Trick|p2a: Overqwil
|-activate|p1a: Indeedee|move: Trick|[of] p2a: Overqwil
|-item|p2a: Overqwil|Choice Scarf|[from] move: Trick
|-item|p1a: Indeedee|Black Sludge|[from] move: Trick
|
|-weather|SunnyDay|[upkeep]
|-end|p1a: Indeedee|move: Future Sight
|-resisted|p1a: Indeedee
|-damage|p1a: Indeedee|0 fnt
|faint|p1a: Indeedee
|upkeep
|
|t:|1758329571
|switch|p1a: Armarouge|Armarouge, M|100/100
|turn|17
|
|t:|1758329614
|move|p2a: Overqwil|Crunch|p1a: Armarouge
|-supereffective|p1a: Armarouge
|-damage|p1a: Armarouge|21/100
|-unboost|p1a: Armarouge|def|1
|move|p1a: Armarouge|Armor Cannon|p2a: Overqwil
|-damage|p2a: Overqwil|0 fnt
|-unboost|p1a: Armarouge|def|1
|-unboost|p1a: Armarouge|spd|1
|faint|p2a: Overqwil
|
|-weather|SunnyDay|[upkeep]
|upkeep
|
|t:|1758329626
|switch|p2a: BeatifulLady|Gardevoir, F, shiny|88/100
|-damage|p2a: BeatifulLady|76/100|[from] Stealth Rock
|turn|18
|
|t:|1758329641
|move|p1a: Armarouge|Armor Cannon|p2a: BeatifulLady
|-damage|p2a: BeatifulLady|0 fnt
|-unboost|p1a: Armarouge|def|1
|-unboost|p1a: Armarouge|spd|1
|faint|p2a: BeatifulLady
|
|-weather|SunnyDay|[upkeep]
|upkeep
|
|t:|1758329670
|switch|p2a: Pikachu|Pikachu-Hoenn, M|100/100
|-damage|p2a: Pikachu|88/100|[from] Stealth Rock
|turn|19
|
|t:|1758329675
|move|p1a: Armarouge|Armor Cannon|p2a: Pikachu
|-damage|p2a: Pikachu|0 fnt
|-unboost|p1a: Armarouge|def|1
|-unboost|p1a: Armarouge|spd|1
|faint|p2a: Pikachu
|
|win|Lifeless_Nate
|raw|Lifeless_Nate's rating: 1034 &rarr; <strong>1065</strong><br />(+31 for winning)
|raw|Boboris61's rating: 1000 &rarr; <strong>1000</strong><br />(+0 for losing)
|l|☆Boboris61
|player|p2|
