|j|☆Mralexnui
|j|☆bobby00120
|t:|1758307288
|gametype|singles
|player|p1|Mralexnui|janitor|1499
|player|p2|bobby00120|169|1489
|gen|9
|tier|[Gen 9] OU
|rated|
|rule|HP Percentage Mod: HP is shown in percentages
|rule|Endless Battle Clause: Forcing endless battles is banned
|rule|Species Clause: Limit one of each Pokémon
|rule|OHKO Clause: OHKO moves are banned
|rule|Evasion Items Clause: Evasion items are banned
|rule|Evasion Moves Clause: Evasion moves are banned
|rule|Evasion Abilities Clause: Evasion abilities are banned
|rule|Sleep Moves Clause: Sleep-inducing moves are banned
|clearpoke
|poke|p1|Torkoal, M|
|poke|p1|Hatterene, F|
|poke|p1|Walking Wake|
|poke|p1|Lilligant-Hisui, F|
|poke|p1|Great Tusk|
|poke|p1|Charizard, F|
|poke|p2|Hatterene, F|
|poke|p2|Ursaluna, F|
|poke|p2|Cresselia, F|
|poke|p2|Iron Hands|
|poke|p2|Iron Boulder|
|poke|p2|Primarina, F|
|teampreview
|inactive|Battle timer is ON: inactive players will automatically lose when time's up. (requested by bobby00120)
|
|t:|1758307311
|teamsize|p1|6
|teamsize|p2|6
|start
|switch|p1a: Torkoal|Torkoal, M|100/100
|switch|p2a: Hatterene|Hatterene, F|100/100
|-weather|SunnyDay|[from] ability: Drought|[of] p1a: Torkoal
|turn|1
|
|t:|1758307326
|switch|p1a: StallMelter9000|Charizard, F|100/100
|move|p2a: Hatterene|Trick Room|p2a: Hatterene
|-fieldstart|move: Trick Room|[of] p2a: Hatterene
|
|-weather|SunnyDay|[upkeep]
|-damage|p1a: StallMelter9000|88/100|[from] ability: Solar Power|[of] p1a: StallMelter9000
|upkeep
|turn|2
|
|t:|1758307338
|move|p2a: Hatterene|Psychic Noise|p1a: StallMelter9000
|-damage|p1a: StallMelter9000|34/100
|-start|p1a: StallMelter9000|move: Heal Block
|move|p1a: StallMelter9000|Overheat|p2a: Hatterene
|-enditem|p2a: Hatterene|Focus Sash
|-damage|p2a: Hatterene|1/100
|-unboost|p1a: StallMelter9000|spa|2
|
|-weather|SunnyDay|[upkeep]
|-damage|p1a: StallMelter9000|22/100|[from] ability: Solar Power|[of] p1a: StallMelter9000
|upkeep
|turn|3
|
|t:|1758307360
|switch|p1a: Hatterene|Hatterene, F|100/100
|move|p2a: Hatterene|Misty Explosion|p1a: Hatterene
|-damage|p1a: Hatterene|43/100
|faint|p2a: Hatterene
|-enditem|p1a: Hatterene|Eject Button
|inactive|Mralexnui has 120 seconds left.
|
|t:|1758307371
|switch|p1a: Great Tusk|Great Tusk|100/100
|-activate|p1a: Great Tusk|ability: Protosynthesis
|-start|p1a: Great Tusk|protosynthesisatk
|
|-weather|SunnyDay|[upkeep]
|upkeep
|
|t:|1758307376
|switch|p2a: Ursaluna|Ursaluna, F|100/100
|turn|4
|
|t:|1758307382
|move|p2a: Ursaluna|Swords Dance|p2a: Ursaluna
|-boost|p2a: Ursaluna|atk|2
|move|p1a: Great Tusk|Knock Off|p2a: Ursaluna
|-damage|p2a: Ursaluna|71/100
|-enditem|p2a: Ursaluna|Flame Orb|[from] move: Knock Off|[of] p1a: Great Tusk
|
|-weather|SunnyDay|[upkeep]
|upkeep
|turn|5
|
|t:|1758307394
|move|p2a: Ursaluna|Headlong Rush|p1a: Great Tusk
|-damage|p1a: Great Tusk|1/100
|-unboost|p2a: Ursaluna|def|1
|-unboost|p2a: Ursaluna|spd|1
|move|p1a: Great Tusk|Close Combat|p2a: Ursaluna
|-supereffective|p2a: Ursaluna
|-damage|p2a: Ursaluna|0 fnt
|-unboost|p1a: Great Tusk|def|1
|-unboost|p1a: Great Tusk|spd|1
|faint|p2a: Ursaluna
|-enditem|p1a: Great Tusk|Eject Pack
|inactive|Mralexnui has 120 seconds left.
|
|t:|1758307416
|-end|p1a: Great Tusk|Protosynthesis|[silent]
|switch|p1a: Lilligant|Lilligant-Hisui, F|100/100
|
|-weather|SunnyDay|[upkeep]
|-fieldend|move: Trick Room
|upkeep
|
|t:|1758307420
|switch|p2a: Cresselia|Cresselia, F|100/100
|turn|6
|
|t:|1758307425
|move|p1a: Lilligant|Solar Blade||[still]
|-prepare|p1a: Lilligant|Solar Blade
|-anim|p1a: Lilligant|Solar Blade|p2a: Cresselia
|-damage|p2a: Cresselia|57/100
|-damage|p1a: Lilligant|91/100|[from] item: Life Orb
|move|p2a: Cresselia|Trick Room|p2a: Cresselia
|-fieldstart|move: Trick Room|[of] p2a: Cresselia
|
|-weather|SunnyDay|[upkeep]
|upkeep
|turn|7
|
|t:|1758307435
|switch|p2a: Iron Hands|Iron Hands|100/100
|-enditem|p2a: Iron Hands|Booster Energy
|-activate|p2a: Iron Hands|ability: Quark Drive|[fromitem]
|-start|p2a: Iron Hands|quarkdriveatk
|move|p1a: Lilligant|Encore||[still]
|-fail|p1a: Lilligant
|
|-weather|SunnyDay|[upkeep]
|upkeep
|turn|8
|inactive|Mralexnui has 120 seconds left.
|inactive|Mralexnui has 90 seconds left.
|
|t:|1758307497
|switch|p1a: Great Tusk|Great Tusk|1/100
|-activate|p1a: Great Tusk|ability: Protosynthesis
|-start|p1a: Great Tusk|protosynthesisatk
|move|p2a: Iron Hands|Ice Punch|p1a: Great Tusk
|-supereffective|p1a: Great Tusk
|-damage|p1a: Great Tusk|0 fnt
|faint|p1a: Great Tusk
|-end|p1a: Great Tusk|Protosynthesis|[silent]
|
|-weather|none
|upkeep
|
|t:|1758307517
|switch|p1a: Torkoal|Torkoal, M|100/100
|-weather|SunnyDay|[from] ability: Drought|[of] p1a: Torkoal
|turn|9
|
|t:|1758307526
|move|p1a: Torkoal|Will-O-Wisp|p2a: Iron Hands
|-status|p2a: Iron Hands|brn
|move|p2a: Iron Hands|Swords Dance|p2a: Iron Hands
|-boost|p2a: Iron Hands|atk|2
|
|-weather|SunnyDay|[upkeep]
|-damage|p2a: Iron Hands|94/100 brn|[from] brn
|upkeep
|turn|10
|
|t:|1758307548
|move|p1a: Torkoal|Clear Smog|p2a: Iron Hands
|-crit|p2a: Iron Hands
|-damage|p2a: Iron Hands|82/100 brn
|-clearboost|p2a: Iron Hands
|move|p2a: Iron Hands|Drain Punch|p1a: Torkoal
|-damage|p1a: Torkoal|83/100
|-heal|p2a: Iron Hands|89/100 brn|[from] drain|[of] p1a: Torkoal
|
|-weather|SunnyDay|[upkeep]
|-damage|p2a: Iron Hands|82/100 brn|[from] brn
|-fieldend|move: Trick Room
|upkeep
|turn|11
|inactive|Mralexnui has 60 seconds left.
|
|t:|1758307566
|-end|p2a: Iron Hands|Quark Drive|[silent]
|switch|p2a: Primarina|Primarina, F|100/100
|switch|p1a: Walking Wake|Walking Wake|100/100
|-activate|p1a: Walking Wake|ability: Protosynthesis
|-start|p1a: Walking Wake|protosynthesisspe
|
|-weather|SunnyDay|[upkeep]
|upkeep
|turn|12
|
|t:|1758307575
|-end|p1a: Walking Wake|Protosynthesis|[silent]
|switch|p1a: Hatterene|Hatterene, F|43/100
|move|p2a: Primarina|Substitute|p2a: Primarina
|-start|p2a: Primarina|Substitute
|-damage|p2a: Primarina|75/100
|
|-weather|SunnyDay|[upkeep]
|-heal|p2a: Primarina|82/100|[from] item: Leftovers
|upkeep
|turn|13
|
|t:|1758307584
|move|p2a: Primarina|Calm Mind|p2a: Primarina
|-boost|p2a: Primarina|spa|1
|-boost|p2a: Primarina|spd|1
|move|p1a: Hatterene|Healing Wish|p1a: Hatterene
|faint|p1a: Hatterene
|
|-weather|SunnyDay|[upkeep]
|-heal|p2a: Primarina|88/100|[from] item: Leftovers
|upkeep
|
|t:|1758307596
|switch|p1a: StallMelter9000|Charizard, F|22/100
|-heal|p1a: StallMelter9000|100/100|[from] move: Healing Wish
|turn|14
|inactive|Mralexnui has 60 seconds left.
|
|t:|1758307624
|move|p1a: StallMelter9000|Flamethrower|p2a: Primarina
|-resisted|p2a: Primarina
|-end|p2a: Primarina|Substitute
|move|p2a: Primarina|Psychic Noise|p1a: StallMelter9000
|-supereffective|p1a: StallMelter9000
|-damage|p1a: StallMelter9000|41/100
|-start|p1a: StallMelter9000|move: Heal Block
|
|-weather|SunnyDay|[upkeep]
|-damage|p1a: StallMelter9000|29/100|[from] ability: Solar Power|[of] p1a: StallMelter9000
|-heal|p2a: Primarina|94/100|[from] item: Leftovers
|upkeep
|turn|15
|
|t:|1758307637
|switch|p1a: Lilligant|Lilligant-Hisui, F|91/100
|move|p2a: Primarina|Psychic Noise|p1a: Lilligant
|-resisted|p1a: Lilligant
|-damage|p1a: Lilligant|72/100
|-start|p1a: Lilligant|move: Heal Block
|
|-weather|SunnyDay|[upkeep]
|-heal|p2a: Primarina|99/100|[from] item: Leftovers
|upkeep
|turn|16
|
|t:|1758307644
|switch|p2a: Iron Hands|Iron Hands|82/100 brn
|move|p1a: Lilligant|Solar Blade||[still]
|-prepare|p1a: Lilligant|Solar Blade
|-anim|p1a: Lilligant|Solar Blade|p2a: Iron Hands
|-damage|p2a: Iron Hands|25/100 brn
|-damage|p1a: Lilligant|62/100|[from] item: Life Orb
|
|-weather|none
|-damage|p2a: Iron Hands|19/100 brn|[from] brn
|-end|p1a: Lilligant|move: Heal Block
|upkeep
|turn|17
|
|t:|1758307648
|-end|p2a: Iron Hands|Quark Drive|[silent]
|switch|p2a: Cresselia|Cresselia, F|57/100
|move|p1a: Lilligant|Close Combat|p2a: Cresselia
|-resisted|p2a: Cresselia
|-damage|p2a: Cresselia|37/100
|-unboost|p1a: Lilligant|def|1
|-unboost|p1a: Lilligant|spd|1
|-damage|p1a: Lilligant|52/100|[from] item: Life Orb
|
|upkeep
|turn|18
|inactive|Mralexnui has 60 seconds left.
|
|t:|1758307689
|switch|p1a: Walking Wake|Walking Wake|100/100
|move|p2a: Cresselia|Trick Room|p2a: Cresselia
|-fieldstart|move: Trick Room|[of] p2a: Cresselia
|
|upkeep
|turn|19
|
|t:|1758307709
|-terastallize|p1a: Walking Wake|Water
|move|p2a: Cresselia|Lunar Dance|p2a: Cresselia
|faint|p2a: Cresselia
|move|p1a: Walking Wake|Hydro Steam|p2: Cresselia|[notarget]
|-fail|p1a: Walking Wake
|
|upkeep
|
|t:|1758307713
|switch|p2a: Iron Hands|Iron Hands|19/100 brn
|-heal|p2a: Iron Hands|100/100|[from] move: Lunar Dance
|turn|20
|
|t:|1758307722
|-end|p1a: Walking Wake|Protosynthesis|[silent]
|switch|p1a: Torkoal|Torkoal, M|83/100
|-weather|SunnyDay|[from] ability: Drought|[of] p1a: Torkoal
|move|p2a: Iron Hands|Thunder Punch|p1a: Torkoal
|-damage|p1a: Torkoal|59/100
|
|-weather|SunnyDay|[upkeep]
|upkeep
|turn|21
|
|t:|1758307733
|-end|p2a: Iron Hands|Quark Drive|[silent]
|switch|p2a: Primarina|Primarina, F|99/100
|move|p1a: Torkoal|Will-O-Wisp|p2a: Primarina
|-status|p2a: Primarina|brn
|
|-weather|SunnyDay|[upkeep]
|-heal|p2a: Primarina|100/100 brn|[from] item: Leftovers
|-damage|p2a: Primarina|94/100 brn|[from] brn
|upkeep
|turn|22
|inactive|Mralexnui has 60 seconds left.
|
|t:|1758307753
|switch|p1a: Lilligant|Lilligant-Hisui, F|52/100
|move|p2a: Primarina|Substitute|p2a: Primarina
|-start|p2a: Primarina|Substitute
|-damage|p2a: Primarina|69/100 brn
|
|-weather|SunnyDay|[upkeep]
|-heal|p2a: Primarina|75/100 brn|[from] item: Leftovers
|-damage|p2a: Primarina|69/100 brn|[from] brn
|-fieldend|move: Trick Room
|upkeep
|turn|23
|
|t:|1758307764
|move|p1a: Lilligant|Encore|p2a: Primarina
|-start|p2a: Primarina|Encore
|move|p2a: Primarina|Substitute|p2a: Primarina
|-fail|p2a: Primarina|move: Substitute
|
|-weather|SunnyDay|[upkeep]
|-heal|p2a: Primarina|75/100 brn|[from] item: Leftovers
|-damage|p2a: Primarina|69/100 brn|[from] brn
|upkeep
|turn|24
|
|t:|1758307787
|move|p1a: Lilligant|Solar Blade||[still]
|-prepare|p1a: Lilligant|Solar Blade
|-anim|p1a: Lilligant|Solar Blade|p2a: Primarina
|-supereffective|p2a: Primarina
|-end|p2a: Primarina|Substitute
|-damage|p1a: Lilligant|42/100|[from] item: Life Orb
|move|p2a: Primarina|Substitute|p2a: Primarina
|-start|p2a: Primarina|Substitute
|-damage|p2a: Primarina|44/100 brn
|
|-weather|SunnyDay|[upkeep]
|-heal|p2a: Primarina|50/100 brn|[from] item: Leftovers
|-damage|p2a: Primarina|44/100 brn|[from] brn
|upkeep
|turn|25
|inactive|Mralexnui has 60 seconds left.
|
|t:|1758307800
|switch|p2a: Iron Hands|Iron Hands|100/100
|move|p1a: Lilligant|Solar Blade||[still]
|-prepare|p1a: Lilligant|Solar Blade
|-anim|p1a: Lilligant|Solar Blade|p2a: Iron Hands
|-damage|p2a: Iron Hands|46/100
|-damage|p1a: Lilligant|32/100|[from] item: Life Orb
|
|-weather|SunnyDay|[upkeep]
|upkeep
|turn|26
|
|t:|1758307805
|move|p1a: Lilligant|Solar Blade||[still]
|-prepare|p1a: Lilligant|Solar Blade
|-anim|p1a: Lilligant|Solar Blade|p2a: Iron Hands
|-damage|p2a: Iron Hands|0 fnt
|faint|p2a: Iron Hands
|-end|p2a: Iron Hands|Quark Drive|[silent]
|-damage|p1a: Lilligant|22/100|[from] item: Life Orb
|
|-weather|SunnyDay|[upkeep]
|upkeep
|
|t:|1758307813
|switch|p2a: Primarina|Primarina, F|44/100 brn
|turn|27
|
|t:|1758307820
|-terastallize|p2a: Primarina|Steel
|move|p1a: Lilligant|Close Combat|p2a: Primarina
|-supereffective|p2a: Primarina
|-damage|p2a: Primarina|0 fnt
|-unboost|p1a: Lilligant|def|1
|-unboost|p1a: Lilligant|spd|1
|faint|p2a: Primarina
|-damage|p1a: Lilligant|12/100|[from] item: Life Orb
|
|-weather|none
|upkeep
|
|t:|1758307823
|switch|p2a: Iron Boulder|Iron Boulder|100/100
|-enditem|p2a: Iron Boulder|Booster Energy
|-activate|p2a: Iron Boulder|ability: Quark Drive|[fromitem]
|-start|p2a: Iron Boulder|quarkdrivespe
|turn|28
|
|t:|1758307833
|switch|p1a: Torkoal|Torkoal, M|59/100
|-weather|SunnyDay|[from] ability: Drought|[of] p1a: Torkoal
|move|p2a: Iron Boulder|Swords Dance|p2a: Iron Boulder
|-boost|p2a: Iron Boulder|atk|2
|
|-weather|SunnyDay|[upkeep]
|upkeep
|turn|29
|
|t:|1758307843
|move|p2a: Iron Boulder|Mighty Cleave|p1a: Torkoal
|-supereffective|p1a: Torkoal
|-damage|p1a: Torkoal|0 fnt
|faint|p1a: Torkoal
|
|-weather|SunnyDay|[upkeep]
|upkeep
|
|t:|1758307848
|switch|p1a: Lilligant|Lilligant-Hisui, F|12/100
|turn|30
|
|t:|1758307852
|move|p1a: Lilligant|Solar Blade||[still]
|-prepare|p1a: Lilligant|Solar Blade
|-anim|p1a: Lilligant|Solar Blade|p2a: Iron Boulder
|-supereffective|p2a: Iron Boulder
|-damage|p2a: Iron Boulder|0 fnt
|faint|p2a: Iron Boulder
|-end|p2a: Iron Boulder|Quark Drive|[silent]
|-damage|p1a: Lilligant|2/100|[from] item: Life Orb
|
|win|Mralexnui
|raw|Mralexnui's rating: 1499 &rarr; <strong>1518</strong><br />(+19 for winning)
|raw|bobby00120's rating: 1489 &rarr; <strong>1470</strong><br />(-19 for losing)
|l|☆bobby00120
|player|p2|
