|j|☆ay cheu
|j|☆swumpy mumpus
|t:|1758341711
|gametype|singles
|player|p1|ay cheu|riley|1508
|player|p2|swumpy mumpus|170|1502
|gen|9
|tier|[Gen 9] OU
|rated|
|rule|HP Percentage Mod: HP is shown in percentages
|rule|Endless Battle Clause: Forcing endless battles is banned
|rule|Species Clause: Limit one of each Pokémon
|rule|OHKO Clause: OHKO moves are banned
|rule|Evasion Items Clause: Evasion items are banned
|rule|Evasion Moves Clause: Evasion moves are banned
|rule|Evasion Abilities Clause: Evasion abilities are banned
|rule|Sleep Moves Clause: Sleep-inducing moves are banned
|clearpoke
|poke|p1|Arcanine-Hisui, M|
|poke|p1|Zapdos-Galar|
|poke|p1|Metagross|
|poke|p1|Umbreon, F|
|poke|p1|Venusaur, F|
|poke|p1|Sandy Shocks|
|poke|p2|Okidogi, M|
|poke|p2|Weezing-Galar, F|
|poke|p2|Ogerpon-Wellspring, F|
|poke|p2|Hatterene, F|
|poke|p2|Weavile, M|
|poke|p2|Hawlucha, F|
|teampreview
|inactive|Battle timer is ON: inactive players will automatically lose when time's up. (requested by ay cheu)
|
|t:|1758341719
|teamsize|p1|6
|teamsize|p2|6
|start
|switch|p1a: 火|Zapdos-Galar|100/100
|switch|p2a: Ogerpon|Ogerpon-Wellspring, F|100/100
|turn|1
|
|t:|1758341730
|switch|p2a: Weezing|Weezing-Galar, F|100/100
|-fieldstart|move: Misty Terrain|[from] ability: Misty Surge|[of] p2a: Weezing
|move|p1a: 火|U-turn|p2a: Weezing
|-resisted|p2a: Weezing
|-damage|p2a: Weezing|97/100
|
|t:|1758341734
|switch|p1a: Sandy Shocks|Sandy Shocks|100/100|[from] U-turn
|
|upkeep
|turn|2
|
|t:|1758341739
|switch|p2a: Hatterene|Hatterene, F|100/100
|move|p1a: Sandy Shocks|Volt Switch|p2a: Hatterene
|-damage|p2a: Hatterene|78/100
|
|t:|1758341745
|-end|p1a: Sandy Shocks|Protosynthesis|[silent]
|switch|p1a: 灰灰|Arcanine-Hisui, M|100/100|[from] Volt Switch
|
|upkeep
|turn|3
|
|t:|1758341748
|switch|p2a: Okidogi|Okidogi, M|100/100
|move|p1a: 灰灰|Flare Blitz|p2a: Okidogi
|-damage|p2a: Okidogi|31/100
|
|-heal|p2a: Okidogi|37/100|[from] item: Leftovers
|upkeep
|turn|4
|
|t:|1758341753
|move|p1a: 灰灰|Flare Blitz|p2a: Okidogi
|-damage|p2a: Okidogi|0 fnt
|faint|p2a: Okidogi
|
|upkeep
|
|t:|1758341755
|switch|p2a: Ogerpon|Ogerpon-Wellspring, F|100/100
|turn|5
|
|t:|1758341758
|switch|p1a: Venusaur|Venusaur, F|100/100
|move|p2a: Ogerpon|Ivy Cudgel|p1a: Venusaur|[anim] Ivy Cudgel Water
|-resisted|p1a: Venusaur
|-damage|p1a: Venusaur|77/100
|
|upkeep
|turn|6
|
|t:|1758341765
|move|p2a: Ogerpon|Swords Dance|p2a: Ogerpon
|-boost|p2a: Ogerpon|atk|2
|move|p1a: Venusaur|Sunny Day|p1a: Venusaur
|-weather|SunnyDay
|
|-weather|SunnyDay|[upkeep]
|upkeep
|turn|7
|
|t:|1758341771
|switch|p2a: Hawlucha|Hawlucha, F|100/100
|-enditem|p2a: Hawlucha|Misty Seed
|-boost|p2a: Hawlucha|spd|1|[from] item: Misty Seed
|move|p1a: Venusaur|Sludge Bomb|p2a: Hawlucha
|-damage|p2a: Hawlucha|73/100
|
|-weather|SunnyDay|[upkeep]
|upkeep
|turn|8
|
|t:|1758341778
|switch|p1a: Metagross|Metagross, shiny|100/100
|move|p2a: Hawlucha|Swords Dance|p2a: Hawlucha
|-boost|p2a: Hawlucha|atk|2
|
|-weather|SunnyDay|[upkeep]
|-fieldend|Misty Terrain
|upkeep
|turn|9
|
|t:|1758341781
|move|p2a: Hawlucha|Close Combat|p1a: Metagross
|-damage|p1a: Metagross|43/100
|-unboost|p2a: Hawlucha|def|1
|-unboost|p2a: Hawlucha|spd|1
|-damage|p2a: Hawlucha|56/100|[from] item: Rocky Helmet|[of] p1a: Metagross
|move|p1a: Metagross|Psychic Noise|p2a: Hawlucha
|-supereffective|p2a: Hawlucha
|-damage|p2a: Hawlucha|0 fnt
|faint|p2a: Hawlucha
|
|-weather|SunnyDay|[upkeep]
|upkeep
|
|t:|1758341785
|switch|p2a: Weavile|Weavile, M|100/100
|-ability|p2a: Weavile|Pressure
|turn|10
|
|t:|1758341790
|move|p1a: Metagross|Bullet Punch|p2a: Weavile
|-supereffective|p2a: Weavile
|-crit|p2a: Weavile
|-damage|p2a: Weavile|4/100
|move|p2a: Weavile|Triple Axel|p1a: Metagross
|-resisted|p1a: Metagross
|-damage|p1a: Metagross|38/100
|-damage|p2a: Weavile|0 fnt|[from] item: Rocky Helmet|[of] p1a: Metagross
|faint|p2a: Weavile
|-hitcount|p1a: Metagross|1
|
|-weather|none
|upkeep
|-message|swumpy mumpus forfeited.
|
|win|ay cheu
|raw|ay cheu's rating: 1508 &rarr; <strong>1528</strong><br />(+20 for winning)
|raw|swumpy mumpus's rating: 1502 &rarr; <strong>1482</strong><br />(-20 for losing)
|l|☆swumpy mumpus
|player|p2|
|l|☆ay cheu
|player|p1|
|j|☆ay cheu
|player|p1|ay cheu|riley|
|l|☆ay cheu
|player|p1|
