|j|☆gigapoophater
|j|☆ghost3978
|t:|1758306572
|gametype|singles
|player|p1|gigapoophater|swimmer|1160
|player|p2|ghost3978|1|1191
|gen|9
|tier|[Gen 9] OU
|rated|
|rule|HP Percentage Mod: HP is shown in percentages
|rule|Endless Battle Clause: Forcing endless battles is banned
|rule|Species Clause: Limit one of each Pokémon
|rule|OHKO Clause: OHKO moves are banned
|rule|Evasion Items Clause: Evasion items are banned
|rule|Evasion Moves Clause: Evasion moves are banned
|rule|Evasion Abilities Clause: Evasion abilities are banned
|rule|Sleep Moves Clause: Sleep-inducing moves are banned
|clearpoke
|poke|p1|Dedenne, F|
|poke|p1|Orthworm, F|
|poke|p1|Chandelure, M|
|poke|p1|Iron Leaves|
|poke|p1|Talonflame, F|
|poke|p1|Cryogonal|
|poke|p2|Torterra, M|
|poke|p2|Ambipom, M|
|poke|p2|Incineroar, M|
|poke|p2|Milotic, F|
|poke|p2|Jolteon, F|
|poke|p2|Noivern, M|
|teampreview
|
|t:|1758306578
|teamsize|p1|6
|teamsize|p2|6
|start
|switch|p1a: the light beyond|Chandelure, M|100/100
|switch|p2a: Incineroar|Incineroar, M, shiny|100/100
|-ability|p2a: Incineroar|Intimidate|boost
|-unboost|p1a: the light beyond|atk|1
|turn|1
|inactive|Battle timer is ON: inactive players will automatically lose when time's up. (requested by gigapoophater)
|
|t:|1758306595
|switch|p1a: Cheese dust bird|Talonflame, F|100/100
|move|p2a: Incineroar|Bulk Up|p2a: Incineroar
|-boost|p2a: Incineroar|atk|1
|-boost|p2a: Incineroar|def|1
|
|upkeep
|turn|2
|
|t:|1758306606
|move|p1a: Cheese dust bird|Brave Bird|p2a: Incineroar
|-damage|p2a: Incineroar|72/100
|-damage|p1a: Cheese dust bird|90/100|[from] Recoil
|move|p2a: Incineroar|Bulk Up|p2a: Incineroar
|-boost|p2a: Incineroar|atk|1
|-boost|p2a: Incineroar|def|1
|
|-heal|p2a: Incineroar|78/100|[from] item: Leftovers
|upkeep
|turn|3
|
|t:|1758306615
|move|p1a: Cheese dust bird|Brave Bird|p2a: Incineroar
|-damage|p2a: Incineroar|57/100
|-damage|p1a: Cheese dust bird|82/100|[from] Recoil
|move|p2a: Incineroar|Knock Off|p1a: Cheese dust bird
|-damage|p1a: Cheese dust bird|0 fnt
|-enditem|p1a: Cheese dust bird|Heavy-Duty Boots|[from] move: Knock Off|[of] p2a: Incineroar
|faint|p1a: Cheese dust bird
|
|-heal|p2a: Incineroar|63/100|[from] item: Leftovers
|upkeep
|
|t:|1758306625
|switch|p1a: john deer|Iron Leaves|100/100
|-enditem|p1a: john deer|Booster Energy
|-activate|p1a: john deer|ability: Quark Drive|[fromitem]
|-start|p1a: john deer|quarkdrivespe
|turn|4
|
|t:|1758306632
|move|p1a: john deer|Sacred Sword|p2a: Incineroar
|-supereffective|p2a: Incineroar
|-damage|p2a: Incineroar|12/100
|move|p2a: Incineroar|Knock Off|p1a: john deer
|-supereffective|p1a: john deer
|-damage|p1a: john deer|0 fnt
|faint|p1a: john deer
|-end|p1a: john deer|Quark Drive|[silent]
|
|-heal|p2a: Incineroar|18/100|[from] item: Leftovers
|upkeep
|
|t:|1758306639
|switch|p1a: the light beyond|Chandelure, M|100/100
|turn|5
|
|t:|1758306647
|move|p1a: the light beyond|Fire Blast|p2a: Incineroar
|-resisted|p2a: Incineroar
|-damage|p2a: Incineroar|0 fnt
|faint|p2a: Incineroar
|
|upkeep
|
|t:|1758306655
|switch|p2a: Milotic|Milotic, F, shiny|100/100
|turn|6
|
|t:|1758306661
|switch|p1a: gigapoopissick|Cryogonal, shiny|100/100
|move|p2a: Milotic|Scald|p1a: gigapoopissick
|-damage|p1a: gigapoopissick|87/100
|-status|p1a: gigapoopissick|brn
|
|-damage|p1a: gigapoopissick|81/100 brn|[from] brn
|upkeep
|turn|7
|
|t:|1758306670
|move|p1a: gigapoopissick|Ancient Power|p2a: Milotic
|-damage|p2a: Milotic|91/100
|move|p2a: Milotic|Scald|p1a: gigapoopissick
|-damage|p1a: gigapoopissick|66/100 brn
|
|-damage|p1a: gigapoopissick|60/100 brn|[from] brn
|upkeep
|turn|8
|
|t:|1758306678
|switch|p2a: Ambipom|Ambipom, M, shiny|100/100
|move|p1a: gigapoopissick|Freeze-Dry|p2a: Ambipom
|-damage|p2a: Ambipom|63/100
|
|-damage|p1a: gigapoopissick|54/100 brn|[from] brn
|upkeep
|turn|9
|
|t:|1758306686
|switch|p1a: the light beyond|Chandelure, M|100/100
|move|p2a: Ambipom|Fake Out|p1a: the light beyond
|-immune|p1a: the light beyond
|
|upkeep
|turn|10
|
|t:|1758306696
|switch|p2a: Milotic|Milotic, F, shiny|91/100
|move|p1a: the light beyond|Energy Ball|p2a: Milotic
|-supereffective|p2a: Milotic
|-damage|p2a: Milotic|41/100
|-enditem|p2a: Milotic|Weakness Policy
|-boost|p2a: Milotic|atk|2|[from] item: Weakness Policy
|-boost|p2a: Milotic|spa|2|[from] item: Weakness Policy
|
|upkeep
|turn|11
|
|t:|1758306707
|move|p1a: the light beyond|Energy Ball|p2a: Milotic
|-supereffective|p2a: Milotic
|-damage|p2a: Milotic|0 fnt
|faint|p2a: Milotic
|
|upkeep
|
|t:|1758306714
|switch|p2a: Noivern|Noivern, M, shiny|100/100
|turn|12
|
|t:|1758306719
|switch|p1a: gigapoopissick|Cryogonal, shiny|54/100 brn
|move|p2a: Noivern|Air Slash|p1a: gigapoopissick
|-damage|p1a: gigapoopissick|37/100 brn
|
|-damage|p1a: gigapoopissick|31/100 brn|[from] brn
|upkeep
|turn|13
|
|t:|1758306728
|move|p2a: Noivern|Air Slash|p1a: gigapoopissick
|-damage|p1a: gigapoopissick|15/100 brn
|cant|p1a: gigapoopissick|flinch
|
|-damage|p1a: gigapoopissick|9/100 brn|[from] brn
|upkeep
|turn|14
|
|t:|1758306735
|move|p2a: Noivern|Air Slash|p1a: gigapoopissick
|-damage|p1a: gigapoopissick|0 fnt
|faint|p1a: gigapoopissick
|
|upkeep
|
|t:|1758306747
|switch|p1a: the light beyond|Chandelure, M|100/100
|turn|15
|
|t:|1758306766
|-terastallize|p1a: the light beyond|Fire
|move|p1a: the light beyond|Fire Blast|p2a: Noivern
|-resisted|p2a: Noivern
|-crit|p2a: Noivern
|-damage|p2a: Noivern|14/100
|move|p2a: Noivern|Air Slash|p1a: the light beyond
|-damage|p1a: the light beyond|32/100
|
|upkeep
|turn|16
|
|t:|1758306780
|move|p1a: the light beyond|Fire Blast|p2a: Noivern
|-resisted|p2a: Noivern
|-damage|p2a: Noivern|0 fnt
|faint|p2a: Noivern
|
|upkeep
|
|t:|1758306785
|switch|p2a: Jolteon|Jolteon, F, shiny|100/100
|turn|17
|
|t:|1758306794
|-terastallize|p2a: Jolteon|Dragon
|move|p1a: the light beyond|Fire Blast|p2a: Jolteon
|-resisted|p2a: Jolteon
|-damage|p2a: Jolteon|49/100
|move|p2a: Jolteon|Thunderbolt|p1a: the light beyond
|-damage|p1a: the light beyond|0 fnt
|faint|p1a: the light beyond
|-damage|p2a: Jolteon|39/100|[from] item: Life Orb
|
|upkeep
|
|t:|1758306805
|switch|p1a: egg|Dedenne, F|100/100
|turn|18
|
|t:|1758306812
|move|p2a: Jolteon|Alluring Voice|p1a: egg
|-damage|p1a: egg|47/100
|-damage|p2a: Jolteon|29/100|[from] item: Life Orb
|move|p1a: egg|Draining Kiss|p2a: Jolteon
|-supereffective|p2a: Jolteon
|-damage|p2a: Jolteon|0 fnt
|-heal|p1a: egg|68/100|[from] drain|[of] p2a: Jolteon
|faint|p2a: Jolteon
|
|upkeep
|
|t:|1758306820
|switch|p2a: Torterra|Torterra, M, shiny|100/100
|turn|19
|
|t:|1758306825
|switch|p1a: rey de las orugas|Orthworm, F|100/100
|move|p2a: Torterra|Leech Seed|p1a: rey de las orugas|[miss]
|-miss|p2a: Torterra|p1a: rey de las orugas
|
|upkeep
|turn|20
|
|t:|1758306830
|move|p1a: rey de las orugas|Coil|p1a: rey de las orugas
|-boost|p1a: rey de las orugas|atk|1
|-boost|p1a: rey de las orugas|def|1
|-boost|p1a: rey de las orugas|accuracy|1
|move|p2a: Torterra|Leech Seed|p1a: rey de las orugas|[miss]
|-miss|p2a: Torterra|p1a: rey de las orugas
|
|upkeep
|turn|21
|
|t:|1758306838
|move|p1a: rey de las orugas|Body Press|p2a: Torterra
|-damage|p2a: Torterra|63/100
|move|p2a: Torterra|Leech Seed|p1a: rey de las orugas
|-start|p1a: rey de las orugas|move: Leech Seed
|
|-damage|p1a: rey de las orugas|88/100|[from] Leech Seed|[of] p2a: Torterra
|-heal|p2a: Torterra|75/100|[silent]
|upkeep
|turn|22
|
|t:|1758306851
|move|p1a: rey de las orugas|Coil|p1a: rey de las orugas
|-boost|p1a: rey de las orugas|atk|1
|-boost|p1a: rey de las orugas|def|1
|-boost|p1a: rey de las orugas|accuracy|1
|move|p2a: Torterra|Giga Drain|p1a: rey de las orugas
|-resisted|p1a: rey de las orugas
|-damage|p1a: rey de las orugas|60/100
|-heal|p2a: Torterra|90/100|[from] drain|[of] p1a: rey de las orugas
|-damage|p2a: Torterra|80/100|[from] item: Life Orb
|
|-damage|p1a: rey de las orugas|48/100|[from] Leech Seed|[of] p2a: Torterra
|-heal|p2a: Torterra|93/100|[silent]
|upkeep
|turn|23
|
|t:|1758306868
|move|p1a: rey de las orugas|Body Press|p2a: Torterra
|-damage|p2a: Torterra|47/100
|move|p2a: Torterra|Giga Drain|p1a: rey de las orugas
|-resisted|p1a: rey de las orugas
|-damage|p1a: rey de las orugas|18/100
|-heal|p2a: Torterra|63/100|[from] drain|[of] p1a: rey de las orugas
|-damage|p2a: Torterra|53/100|[from] item: Life Orb
|
|-damage|p1a: rey de las orugas|6/100|[from] Leech Seed|[of] p2a: Torterra
|-heal|p2a: Torterra|65/100|[silent]
|upkeep
|turn|24
|
|t:|1758306877
|move|p1a: rey de las orugas|Body Press|p2a: Torterra
|-damage|p2a: Torterra|16/100
|move|p2a: Torterra|Giga Drain|p1a: rey de las orugas
|-resisted|p1a: rey de las orugas
|-damage|p1a: rey de las orugas|0 fnt
|-heal|p2a: Torterra|19/100|[from] drain|[of] p1a: rey de las orugas
|faint|p1a: rey de las orugas
|-damage|p2a: Torterra|9/100|[from] item: Life Orb
|
|upkeep
|
|t:|1758306880
|switch|p1a: egg|Dedenne, F|68/100
|turn|25
|
|t:|1758306888
|move|p1a: egg|Draining Kiss|p2a: Torterra
|-damage|p2a: Torterra|0 fnt
|-heal|p1a: egg|76/100|[from] drain|[of] p2a: Torterra
|faint|p2a: Torterra
|
|upkeep
|
|t:|1758306894
|switch|p2a: Ambipom|Ambipom, M, shiny|63/100
|turn|26
|
|t:|1758306902
|move|p2a: Ambipom|Triple Axel|p1a: egg
|-damage|p1a: egg|47/100
|-damage|p1a: egg|0 fnt
|faint|p1a: egg
|-hitcount|p1: egg|2
|
|win|ghost3978
|raw|gigapoophater's rating: 1160 &rarr; <strong>1137</strong><br />(-23 for losing)
|raw|ghost3978's rating: 1191 &rarr; <strong>1214</strong><br />(+23 for winning)
|l|☆gigapoophater
|player|p1|
|l|☆ghost3978
|player|p2|
