|j|☆simmons of ben
|j|☆xTryingtolearnx
|t:|1758265094
|gametype|singles
|player|p1|simmons of ben|101|1394
|player|p2|xTryingtolearnx|richboy-gen4|1396
|gen|9
|tier|[Gen 9] OU
|rated|
|rule|HP Percentage Mod: HP is shown in percentages
|rule|Endless Battle Clause: Forcing endless battles is banned
|rule|Species Clause: Limit one of each Pokémon
|rule|OHKO Clause: OHKO moves are banned
|rule|Evasion Items Clause: Evasion items are banned
|rule|Evasion Moves Clause: Evasion moves are banned
|rule|Evasion Abilities Clause: Evasion abilities are banned
|rule|Sleep Moves Clause: Sleep-inducing moves are banned
|clearpoke
|poke|p1|Darkrai|
|poke|p1|Kyurem|
|poke|p1|Zamazenta-*|
|poke|p1|Hatterene, F|
|poke|p1|Landorus-Therian, M|
|poke|p1|Gholdengo|
|poke|p2|Torkoal, M|
|poke|p2|Walking Wake|
|poke|p2|Raging Bolt|
|poke|p2|Great Tusk|
|poke|p2|Corviknight, M|
|poke|p2|Blaziken, F|
|teampreview
|inactive|Battle timer is ON: inactive players will automatically lose when time's up. (requested by xTryingtolearnx)
|
|t:|1758265100
|teamsize|p1|6
|teamsize|p2|6
|start
|switch|p1a: Kyurem|Kyurem|100/100
|switch|p2a: Walking Wake|Walking Wake|100/100
|-ability|p1a: Kyurem|Pressure
|turn|1
|
|t:|1758265109
|switch|p1a: Hatterene|Hatterene, F|100/100
|move|p2a: Walking Wake|Hydro Steam|p1a: Hatterene
|-damage|p1a: Hatterene|63/100
|
|upkeep
|turn|2
|
|t:|1758265115
|-end|p2a: Walking Wake|Protosynthesis|[silent]
|switch|p2a: Torkoal|Torkoal, M|100/100
|-weather|SunnyDay|[from] ability: Drought|[of] p2a: Torkoal
|move|p1a: Hatterene|Nuzzle|p2a: Torkoal
|-damage|p2a: Torkoal|98/100
|-status|p2a: Torkoal|par
|
|-weather|SunnyDay|[upkeep]
|upkeep
|turn|3
|
|t:|1758265125
|switch|p2a: Walking Wake|Walking Wake|100/100
|-activate|p2a: Walking Wake|ability: Protosynthesis
|-start|p2a: Walking Wake|protosynthesisspe
|move|p1a: Hatterene|Psyshock|p2a: Walking Wake
|-damage|p2a: Walking Wake|50/100
|
|-weather|SunnyDay|[upkeep]
|upkeep
|turn|4
|
|t:|1758265131
|move|p2a: Walking Wake|Hydro Steam|p1a: Hatterene
|-damage|p1a: Hatterene|7/100
|move|p1a: Hatterene|Draining Kiss|p2a: Walking Wake
|-supereffective|p2a: Walking Wake
|-damage|p2a: Walking Wake|0 fnt
|-heal|p1a: Hatterene|47/100|[from] drain|[of] p2a: Walking Wake
|faint|p2a: Walking Wake
|-end|p2a: Walking Wake|Protosynthesis|[silent]
|
|-weather|SunnyDay|[upkeep]
|upkeep
|
|t:|1758265136
|switch|p2a: Blaziken|Blaziken, F|100/100
|turn|5
|
|t:|1758265141
|move|p2a: Blaziken|Protect|p2a: Blaziken
|-singleturn|p2a: Blaziken|Protect
|move|p1a: Hatterene|Nuzzle|p2a: Blaziken
|-activate|p2a: Blaziken|move: Protect
|
|-weather|SunnyDay|[upkeep]
|-ability|p2a: Blaziken|Speed Boost|boost
|-boost|p2a: Blaziken|spe|1
|upkeep
|turn|6
|
|t:|1758265148
|move|p2a: Blaziken|Substitute|p2a: Blaziken
|-start|p2a: Blaziken|Substitute
|-damage|p2a: Blaziken|76/100
|move|p1a: Hatterene|Nuzzle|p2a: Blaziken
|-activate|p2a: Blaziken|move: Substitute|[damage]
|
|-weather|SunnyDay|[upkeep]
|-ability|p2a: Blaziken|Speed Boost|boost
|-boost|p2a: Blaziken|spe|1
|upkeep
|turn|7
|
|t:|1758265155
|move|p2a: Blaziken|Focus Energy|p2a: Blaziken
|-start|p2a: Blaziken|move: Focus Energy
|move|p1a: Hatterene|Draining Kiss|p2a: Blaziken
|-end|p2a: Blaziken|Substitute
|-heal|p1a: Hatterene|61/100|[from] drain|[of] p2a: Blaziken
|
|-weather|SunnyDay|[upkeep]
|-ability|p2a: Blaziken|Speed Boost|boost
|-boost|p2a: Blaziken|spe|1
|upkeep
|turn|8
|
|t:|1758265160
|move|p2a: Blaziken|Overheat|p1a: Hatterene
|-crit|p1a: Hatterene
|-damage|p1a: Hatterene|0 fnt
|-unboost|p2a: Blaziken|spa|2
|faint|p1a: Hatterene
|
|-weather|SunnyDay|[upkeep]
|-ability|p2a: Blaziken|Speed Boost|boost
|-boost|p2a: Blaziken|spe|1
|upkeep
|
|t:|1758265168
|switch|p1a: Landorus|Landorus-Therian, M|100/100
|-ability|p1a: Landorus|Intimidate|boost
|-unboost|p2a: Blaziken|atk|1
|turn|9
|
|t:|1758265172
|-terastallize|p2a: Blaziken|Fire
|-terastallize|p1a: Landorus|Water
|move|p2a: Blaziken|Overheat|p1a: Landorus
|-resisted|p1a: Landorus
|-crit|p1a: Landorus
|-damage|p1a: Landorus|0 fnt
|-unboost|p2a: Blaziken|spa|2
|faint|p1a: Landorus
|
|-weather|none
|-ability|p2a: Blaziken|Speed Boost|boost
|-boost|p2a: Blaziken|spe|1
|upkeep
|
|t:|1758265190
|switch|p1a: Darkrai|Darkrai|100/100
|turn|10
|
|t:|1758265193
|move|p2a: Blaziken|Overheat|p1a: Darkrai
|-crit|p1a: Darkrai
|-damage|p1a: Darkrai|0 fnt
|-unboost|p2a: Blaziken|spa|2
|faint|p1a: Darkrai
|
|-ability|p2a: Blaziken|Speed Boost|boost
|-boost|p2a: Blaziken|spe|1
|upkeep
|
|t:|1758265195
|switch|p1a: Kyurem|Kyurem|100/100
|-ability|p1a: Kyurem|Pressure
|turn|11
|
|t:|1758265200
|move|p2a: Blaziken|Overheat|p1a: Kyurem
|-crit|p1a: Kyurem
|-damage|p1a: Kyurem|0 fnt
|faint|p1a: Kyurem
|
|upkeep
|
|t:|1758265204
|switch|p1a: Zamazenta|Zamazenta|100/100
|-ability|p1a: Zamazenta|Dauntless Shield|boost
|-boost|p1a: Zamazenta|def|1
|turn|12
|
|t:|1758265205
|move|p2a: Blaziken|Overheat|p1a: Zamazenta
|-crit|p1a: Zamazenta
|-damage|p1a: Zamazenta|0 fnt
|faint|p1a: Zamazenta
|
|upkeep
|
|t:|1758265208
|switch|p1a: Gholdengo|Gholdengo|100/100
|-item|p1a: Gholdengo|Air Balloon
|turn|13
|
|t:|1758265212
|move|p2a: Blaziken|Overheat|p1a: Gholdengo
|-supereffective|p1a: Gholdengo
|-crit|p1a: Gholdengo
|-damage|p1a: Gholdengo|0 fnt
|-enditem|p1a: Gholdengo|Air Balloon
|faint|p1a: Gholdengo
|
|win|xTryingtolearnx
|raw|simmons of ben's rating: 1394 &rarr; <strong>1374</strong><br />(-20 for losing)
|raw|xTryingtolearnx's rating: 1396 &rarr; <strong>1416</strong><br />(+20 for winning)
|c|☆xTryingtolearnx|This tech
|c|☆xTryingtolearnx|is very cool
