|j|☆Khelben
|j|☆Esbyy
|t:|1758360988
|gametype|singles
|player|p1|Khelben|1|1349
|player|p2|Esbyy|unknown|1343
|gen|9
|tier|[Gen 9] OU
|rated|
|rule|HP Percentage Mod: HP is shown in percentages
|rule|Endless Battle Clause: Forcing endless battles is banned
|rule|Species Clause: Limit one of each Pokémon
|rule|OHKO Clause: OHKO moves are banned
|rule|Evasion Items Clause: Evasion items are banned
|rule|Evasion Moves Clause: Evasion moves are banned
|rule|Evasion Abilities Clause: Evasion abilities are banned
|rule|Sleep Moves Clause: Sleep-inducing moves are banned
|clearpoke
|poke|p1|Landorus-Therian, M|
|poke|p1|Zapdos|
|poke|p1|Scizor, M|
|poke|p1|Iron Crown|
|poke|p1|Samurott-Hisui, M|
|poke|p1|Dragapult, F|
|poke|p2|Darkrai|
|poke|p2|Slowking-Galar, M|
|poke|p2|Scizor, F|
|poke|p2|Moltres|
|poke|p2|Tauros, M|
|poke|p2|Kingambit, F|
|teampreview
|inactive|Battle timer is ON: inactive players will automatically lose when time's up. (requested by Esbyy)
|inactive|Khelben also wants the timer to be on.
|
|t:|1758360999
|teamsize|p1|6
|teamsize|p2|6
|start
|switch|p1a: Samurott|Samurott-Hisui, M|100/100
|switch|p2a: Tauros|Tauros, M|100/100
|turn|1
|
|t:|1758361007
|switch|p2a: Moltres|Moltres|100/100
|move|p1a: Samurott|Ceaseless Edge|p2a: Moltres
|-damage|p2a: Moltres|72/100
|-status|p1a: Samurott|brn|[from] ability: Flame Body|[of] p2a: Moltres
|-sidestart|p2: Esbyy|Spikes
|
|-damage|p1a: Samurott|94/100 brn|[from] brn
|upkeep
|turn|2
|
|t:|1758361019
|move|p1a: Samurott|Ceaseless Edge|p2a: Moltres
|-crit|p2a: Moltres
|-damage|p2a: Moltres|46/100
|-sidestart|p2: Esbyy|Spikes
|move|p2a: Moltres|Roar|p1a: Samurott
|drag|p1a: Scizor|Scizor, M|100/100
|
|upkeep
|turn|3
|
|t:|1758361032
|move|p2a: Moltres|Roost|p2a: Moltres
|-heal|p2a: Moltres|97/100
|-singleturn|p2a: Moltres|move: Roost
|move|p1a: Scizor|Knock Off|p2a: Moltres
|-damage|p2a: Moltres|56/100
|-status|p1a: Scizor|brn|[from] ability: Flame Body|[of] p2a: Moltres
|-enditem|p2a: Moltres|Heavy-Duty Boots|[from] move: Knock Off|[of] p1a: Scizor
|
|-damage|p1a: Scizor|94/100 brn|[from] brn
|upkeep
|turn|4
|
|t:|1758361045
|switch|p1a: Zapdos|Zapdos|100/100
|move|p2a: Moltres|Roost|p2a: Moltres
|-heal|p2a: Moltres|100/100
|-singleturn|p2a: Moltres|move: Roost
|
|upkeep
|turn|5
|
|t:|1758361050
|switch|p2a: Slowking|Slowking-Galar, M|100/100
|move|p1a: Zapdos|Volt Switch|p2a: Slowking
|-damage|p2a: Slowking|81/100
|
|t:|1758361054
|switch|p1a: Landorus|Landorus-Therian, M|100/100|[from] Volt Switch
|-ability|p1a: Landorus|Intimidate|boost
|-unboost|p2a: Slowking|atk|1
|
|upkeep
|turn|6
|
|t:|1758361060
|switch|p2a: Moltres|Moltres|100/100
|move|p1a: Landorus|Stealth Rock|p2a: Moltres
|-sidestart|p2: Esbyy|move: Stealth Rock
|
|upkeep
|turn|7
|
|t:|1758361069
|move|p1a: Landorus|Taunt|p2a: Moltres
|-start|p2a: Moltres|move: Taunt
|move|p2a: Moltres|Flamethrower|p1a: Landorus
|-damage|p1a: Landorus|59/100
|
|upkeep
|turn|8
|
|t:|1758361074
|move|p1a: Landorus|U-turn|p2a: Moltres
|-resisted|p2a: Moltres
|-damage|p2a: Moltres|97/100
|
|t:|1758361076
|switch|p1a: Zapdos|Zapdos|100/100|[from] U-turn
|move|p2a: Moltres|Flamethrower|p1a: Zapdos
|-damage|p1a: Zapdos|67/100
|-status|p1a: Zapdos|brn
|
|-damage|p1a: Zapdos|61/100 brn|[from] brn
|upkeep
|turn|9
|
|t:|1758361083
|switch|p2a: Slowking|Slowking-Galar, M|100/100
|move|p1a: Zapdos|Roost|p1a: Zapdos
|-heal|p1a: Zapdos|100/100 brn
|-singleturn|p1a: Zapdos|move: Roost
|
|-damage|p1a: Zapdos|94/100 brn|[from] brn
|upkeep
|turn|10
|
|t:|1758361086
|move|p1a: Zapdos|Volt Switch|p2a: Slowking
|-damage|p2a: Slowking|81/100
|
|t:|1758361089
|switch|p1a: Samurott|Samurott-Hisui, M|94/100 brn|[from] Volt Switch
|-prepare|p2a: Slowking|Chilly Reception|[premajor]
|move|p2a: Slowking|Chilly Reception|p2a: Slowking
|-weather|Snowscape
|
|t:|1758361093
|switch|p2a: Moltres|Moltres|97/100|[from] Chilly Reception
|-damage|p2a: Moltres|47/100|[from] Stealth Rock
|
|-weather|Snowscape|[upkeep]
|-damage|p1a: Samurott|88/100 brn|[from] brn
|upkeep
|turn|11
|
|t:|1758361098
|move|p1a: Samurott|Flip Turn|p2a: Moltres
|-supereffective|p2a: Moltres
|-damage|p2a: Moltres|27/100
|
|t:|1758361102
|switch|p1a: Zapdos|Zapdos|94/100 brn|[from] Flip Turn
|move|p2a: Moltres|Roost|p2a: Moltres
|-heal|p2a: Moltres|77/100
|-singleturn|p2a: Moltres|move: Roost
|
|-weather|Snowscape|[upkeep]
|-damage|p1a: Zapdos|88/100 brn|[from] brn
|upkeep
|turn|12
|
|t:|1758361109
|switch|p2a: Slowking|Slowking-Galar, M|100/100
|move|p1a: Zapdos|Volt Switch|p2a: Slowking
|-damage|p2a: Slowking|82/100
|
|t:|1758361114
|switch|p1a: Samurott|Samurott-Hisui, M|88/100 brn|[from] Volt Switch
|
|-weather|Snowscape|[upkeep]
|-damage|p1a: Samurott|82/100 brn|[from] brn
|upkeep
|turn|13
|
|t:|1758361121
|move|p1a: Samurott|Ceaseless Edge|p2a: Slowking
|-supereffective|p2a: Slowking
|-crit|p2a: Slowking
|-damage|p2a: Slowking|17/100
|-sidestart|p2: Esbyy|Spikes
|-prepare|p2a: Slowking|Chilly Reception|[premajor]
|move|p2a: Slowking|Chilly Reception|p2a: Slowking
|
|t:|1758361131
|switch|p2a: Kingambit|Kingambit, F|100/100|[from] Chilly Reception
|-damage|p2a: Kingambit|76/100|[from] Spikes
|-damage|p2a: Kingambit|69/100|[from] Stealth Rock
|
|-weather|Snowscape|[upkeep]
|-heal|p2a: Kingambit|76/100|[from] item: Leftovers
|-damage|p1a: Samurott|76/100 brn|[from] brn
|upkeep
|turn|14
|
|t:|1758361135
|switch|p1a: Landorus|Landorus-Therian, M|59/100
|-ability|p1a: Landorus|Intimidate|boost
|-unboost|p2a: Kingambit|atk|1
|-end|p2a: Kingambit|fallenundefined|[silent]
|switch|p2a: Tauros|Tauros, M|100/100
|-damage|p2a: Tauros|75/100|[from] Spikes
|-damage|p2a: Tauros|63/100|[from] Stealth Rock
|
|-weather|none
|upkeep
|turn|15
|
|t:|1758361144
|move|p1a: Landorus|U-turn|p2a: Tauros
|-damage|p2a: Tauros|38/100
|
|t:|1758361147
|switch|p1a: Samurott|Samurott-Hisui, M|76/100 brn|[from] U-turn
|move|p2a: Tauros|Ice Beam|p1a: Samurott
|-resisted|p1a: Samurott
|-damage|p1a: Samurott|53/100 brn
|
|-damage|p1a: Samurott|47/100 brn|[from] brn
|upkeep
|turn|16
|
|t:|1758361154
|move|p1a: Samurott|Razor Shell|p2a: Tauros
|-damage|p2a: Tauros|7/100
|move|p2a: Tauros|Close Combat|p1a: Samurott
|-supereffective|p1a: Samurott
|-damage|p1a: Samurott|0 fnt
|-unboost|p2a: Tauros|def|1
|-unboost|p2a: Tauros|spd|1
|faint|p1a: Samurott
|-damage|p2a: Tauros|0 fnt|[from] item: Life Orb
|faint|p2a: Tauros
|
|upkeep
|
|t:|1758361168
|switch|p2a: Slowking|Slowking-Galar, M|50/100
|switch|p1a: Dragapult|Dragapult, F|100/100
|turn|17
|
|t:|1758361177
|move|p1a: Dragapult|Dragon Darts|p2a: Slowking
|-damage|p2a: Slowking|29/100
|-anim|p1a: Dragapult|Dragon Darts|p2a: Slowking
|-damage|p2a: Slowking|7/100
|move|p2a: Slowking|Thunder Wave|p1a: Dragapult
|-status|p1a: Dragapult|par
|
|upkeep
|turn|18
|
|t:|1758361181
|switch|p2a: Moltres|Moltres|77/100
|-damage|p2a: Moltres|27/100|[from] Stealth Rock
|move|p1a: Dragapult|U-turn|p2a: Moltres
|-resisted|p2a: Moltres
|-damage|p2a: Moltres|23/100
|
|t:|1758361186
|switch|p1a: Zapdos|Zapdos|88/100 brn|[from] U-turn
|
|-damage|p1a: Zapdos|82/100 brn|[from] brn
|upkeep
|turn|19
|
|t:|1758361189
|move|p1a: Zapdos|Volt Switch|p2a: Moltres
|-supereffective|p2a: Moltres
|-damage|p2a: Moltres|0 fnt
|faint|p2a: Moltres
|
|t:|1758361195
|switch|p1a: Scizor|Scizor, M|94/100 brn|[from] Volt Switch
|
|-damage|p1a: Scizor|88/100 brn|[from] brn
|upkeep
|
|t:|1758361204
|switch|p2a: Darkrai|Darkrai|100/100
|-damage|p2a: Darkrai|76/100|[from] Spikes
|-damage|p2a: Darkrai|63/100|[from] Stealth Rock
|turn|20
|
|t:|1758361215
|move|p2a: Darkrai|Dark Pulse|p1a: Scizor
|-damage|p1a: Scizor|34/100 brn
|move|p1a: Scizor|U-turn|p2a: Darkrai
|-supereffective|p2a: Darkrai
|-damage|p2a: Darkrai|0 fnt
|faint|p2a: Darkrai
|
|t:|1758361224
|switch|p1a: Iron Crown|Iron Crown|100/100|[from] U-turn
|
|upkeep
|
|t:|1758361229
|switch|p2a: Kingambit|Kingambit, F|76/100
|-damage|p2a: Kingambit|51/100|[from] Spikes
|-damage|p2a: Kingambit|44/100|[from] Stealth Rock
|-activate|p2a: Kingambit|ability: Supreme Overlord
|-start|p2a: Kingambit|fallen3|[silent]
|turn|21
|
|t:|1758361236
|-terastallize|p1a: Iron Crown|Fighting
|-terastallize|p2a: Kingambit|Ghost
|move|p1a: Iron Crown|Focus Blast|p2a: Kingambit
|-immune|p2a: Kingambit
|move|p2a: Kingambit|Kowtow Cleave|p1a: Iron Crown
|-resisted|p1a: Iron Crown
|-damage|p1a: Iron Crown|63/100
|
|-heal|p2a: Kingambit|51/100|[from] item: Leftovers
|upkeep
|turn|22
|
|t:|1758361244
|move|p1a: Iron Crown|Tachyon Cutter|p2a: Kingambit
|-damage|p2a: Kingambit|21/100
|-damage|p2a: Kingambit|0 fnt
|faint|p2a: Kingambit
|-end|p2a: Kingambit|fallen3|[silent]
|-hitcount|p2: Kingambit|2
|
|upkeep
|
|t:|1758361251
|switch|p2a: Scizor|Scizor, F|100/100
|-damage|p2a: Scizor|76/100|[from] Spikes
|-damage|p2a: Scizor|64/100|[from] Stealth Rock
|turn|23
|
|t:|1758361257
|-end|p1a: Iron Crown|Quark Drive|[silent]
|switch|p1a: Landorus|Landorus-Therian, M|59/100
|-ability|p1a: Landorus|Intimidate|boost
|-unboost|p2a: Scizor|atk|1
|move|p2a: Scizor|Close Combat|p1a: Landorus
|-resisted|p1a: Landorus
|-damage|p1a: Landorus|40/100
|-unboost|p2a: Scizor|def|1
|-unboost|p2a: Scizor|spd|1
|-damage|p2a: Scizor|47/100|[from] item: Rocky Helmet|[of] p1a: Landorus
|-damage|p2a: Scizor|37/100|[from] item: Life Orb
|
|upkeep
|turn|24
|
|t:|1758361261
|move|p2a: Scizor|Bullet Punch|p1a: Landorus
|-damage|p1a: Landorus|11/100
|-damage|p2a: Scizor|21/100|[from] item: Rocky Helmet|[of] p1a: Landorus
|-damage|p2a: Scizor|11/100|[from] item: Life Orb
|move|p1a: Landorus|Earth Power|p2a: Scizor
|-damage|p2a: Scizor|0 fnt
|faint|p2a: Scizor
|
|upkeep
|-message|Esbyy forfeited.
|
|win|Khelben
|raw|Khelben's rating: 1349 &rarr; <strong>1369</strong><br />(+20 for winning)
|raw|Esbyy's rating: 1343 &rarr; <strong>1323</strong><br />(-20 for losing)
|l|☆Esbyy
|player|p2|
