|j|☆PLAY274
|j|☆Lukasdbvl
|t:|1758293214
|gametype|singles
|player|p1|PLAY274|steven|1367
|player|p2|Lukasdbvl|266|1365
|gen|9
|tier|[Gen 9] OU
|rated|
|rule|HP Percentage Mod: HP is shown in percentages
|rule|Endless Battle Clause: Forcing endless battles is banned
|rule|Species Clause: Limit one of each Pokémon
|rule|OHKO Clause: OHKO moves are banned
|rule|Evasion Items Clause: Evasion items are banned
|rule|Evasion Moves Clause: Evasion moves are banned
|rule|Evasion Abilities Clause: Evasion abilities are banned
|rule|Sleep Moves Clause: Sleep-inducing moves are banned
|clearpoke
|poke|p1|Samurott-Hisui, M|
|poke|p1|Donphan, M|
|poke|p1|Ursaring, F|
|poke|p1|Tinkaton, F|
|poke|p1|Scream Tail|
|poke|p1|Iron Moth|
|poke|p2|Gholdengo|
|poke|p2|Ceruledge, F|
|poke|p2|Enamorus, F|
|poke|p2|Ribombee, M|
|poke|p2|Quaquaval, M|
|poke|p2|Iron Treads|
|teampreview
|
|t:|1758293224
|teamsize|p1|6
|teamsize|p2|6
|start
|switch|p1a: Samurott|Samurott-Hisui, M, shiny|100/100
|switch|p2a: Ribombee|Ribombee, M|100/100
|turn|1
|inactive|Battle timer is ON: inactive players will automatically lose when time's up. (requested by PLAY274)
|
|t:|1758293230
|move|p2a: Ribombee|Moonblast|p1a: Samurott
|-supereffective|p1a: Samurott
|-damage|p1a: Samurott|42/100
|-unboost|p1a: Samurott|spa|1
|move|p1a: Samurott|Ceaseless Edge|p2a: Ribombee
|-resisted|p2a: Ribombee
|-damage|p2a: Ribombee|52/100
|-sidestart|p2: Lukasdbvl|Spikes
|
|upkeep
|turn|2
|
|t:|1758293240
|switch|p1a: Tinkaton|Tinkaton, F|100/100
|move|p2a: Ribombee|Moonblast|p1a: Tinkaton
|-resisted|p1a: Tinkaton
|-damage|p1a: Tinkaton|83/100
|
|-heal|p1a: Tinkaton|90/100|[from] item: Leftovers
|upkeep
|turn|3
|
|t:|1758293246
|move|p2a: Ribombee|Sticky Web|p1a: Tinkaton
|-sidestart|p1: PLAY274|move: Sticky Web
|move|p1a: Tinkaton|Stealth Rock|p2a: Ribombee
|-sidestart|p2: Lukasdbvl|move: Stealth Rock
|
|-heal|p1a: Tinkaton|96/100|[from] item: Leftovers
|upkeep
|turn|4
|
|t:|1758293251
|move|p2a: Ribombee|Stun Spore|p1a: Tinkaton
|-status|p1a: Tinkaton|par
|cant|p1a: Tinkaton|par
|
|-heal|p1a: Tinkaton|100/100 par|[from] item: Leftovers
|upkeep
|turn|5
|c|☆PLAY274|75% acurracy
|
|t:|1758293261
|switch|p2a: Ceruledge|Ceruledge, F|100/100
|-damage|p2a: Ceruledge|88/100|[from] Spikes
|-damage|p2a: Ceruledge|63/100|[from] Stealth Rock
|move|p1a: Tinkaton|Gigaton Hammer|p2a: Ceruledge
|-resisted|p2a: Ceruledge
|-damage|p2a: Ceruledge|29/100
|-ability|p2a: Ceruledge|Weak Armor|boost
|-unboost|p2a: Ceruledge|def|1
|-boost|p2a: Ceruledge|spe|2
|
|upkeep
|turn|6
|c|☆PLAY274|+ 50% no attack
|c|☆PLAY274|and you have BOTH
|
|t:|1758293277
|switch|p1a: Donphan|Donphan, M|100/100
|-activate|p1a: Donphan|move: Sticky Web
|-unboost|p1a: Donphan|spe|1
|move|p2a: Ceruledge|Bitter Blade|p1a: Donphan
|-damage|p1a: Donphan|63/100
|-heal|p2a: Ceruledge|53/100|[from] drain|[of] p1a: Donphan
|
|-heal|p1a: Donphan|69/100|[from] item: Leftovers
|upkeep
|turn|7
|c|☆Lukasdbvl|Yeah I'm pretty lucky sorry about that
|
|t:|1758293298
|move|p2a: Ceruledge|Poltergeist|p1a: Donphan
|-activate|p1a: Donphan|move: Poltergeist|Leftovers
|-damage|p1a: Donphan|25/100
|move|p1a: Donphan|Earthquake|p2a: Ceruledge
|-supereffective|p2a: Ceruledge
|-damage|p2a: Ceruledge|0 fnt
|faint|p2a: Ceruledge
|
|-heal|p1a: Donphan|31/100|[from] item: Leftovers
|upkeep
|
|t:|1758293305
|switch|p2a: Quaquaval|Quaquaval, M|100/100
|-damage|p2a: Quaquaval|88/100|[from] Spikes
|-damage|p2a: Quaquaval|82/100|[from] Stealth Rock
|turn|8
|l|☆PLAY274
|inactive|PLAY274 disconnected and has a minute to reconnect!
|player|p1|
|c|☆Lukasdbvl|Come back :c
|inactive|PLAY274 has 30 seconds to reconnect!
|inactive|PLAY274 has 20 seconds to reconnect!
|inactive|PLAY274 has 15 seconds to reconnect!
|inactive|PLAY274 has 10 seconds to reconnect!
|inactive|PLAY274 has 5 seconds to reconnect!
|-message|PLAY274 lost due to inactivity.
|
|win|Lukasdbvl
|raw|PLAY274's rating: 1367 &rarr; <strong>1347</strong><br />(-20 for losing)
|raw|Lukasdbvl's rating: 1365 &rarr; <strong>1385</strong><br />(+20 for winning)
|l|☆Lukasdbvl
|player|p2|
