|j|☆vywxiwjxjwk
|j|☆Trumpismessiah
|t:|1758302081
|gametype|singles
|player|p1|vywxiwjxjwk|n|1418
|player|p2|Trumpismessiah|265|1442
|gen|9
|tier|[Gen 9] OU
|rated|
|rule|HP Percentage Mod: HP is shown in percentages
|rule|Endless Battle Clause: Forcing endless battles is banned
|rule|Species Clause: Limit one of each Pokémon
|rule|OHKO Clause: OHKO moves are banned
|rule|Evasion Items Clause: Evasion items are banned
|rule|Evasion Moves Clause: Evasion moves are banned
|rule|Evasion Abilities Clause: Evasion abilities are banned
|rule|Sleep Moves Clause: Sleep-inducing moves are banned
|clearpoke
|poke|p1|Samurott-Hisui, F|
|poke|p1|Great Tusk|
|poke|p1|Volcanion|
|poke|p1|Hydrapple, M|
|poke|p1|Gholdengo|
|poke|p1|Landorus-Therian, M|
|poke|p2|Gengar, M|
|poke|p2|Moltres|
|poke|p2|Vileplume, M|
|poke|p2|Vaporeon, M|
|poke|p2|Sandslash-Alola, M|
|poke|p2|Tauros, M|
|teampreview
|inactive|Battle timer is ON: inactive players will automatically lose when time's up. (requested by vywxiwjxjwk)
|
|t:|1758302097
|teamsize|p1|6
|teamsize|p2|6
|start
|switch|p1a: The Last Ronin|Samurott-Hisui, F|100/100
|switch|p2a: Sandslash|Sandslash-Alola, M|100/100
|turn|1
|
|t:|1758302104
|move|p1a: The Last Ronin|Knock Off|p2a: Sandslash
|-damage|p2a: Sandslash|70/100
|-enditem|p2a: Sandslash|Focus Sash|[from] move: Knock Off|[of] p1a: The Last Ronin
|move|p2a: Sandslash|Earthquake|p1a: The Last Ronin
|-damage|p1a: The Last Ronin|66/100
|
|upkeep
|turn|2
|
|t:|1758302113
|move|p1a: The Last Ronin|Ceaseless Edge|p2a: Sandslash
|-damage|p2a: Sandslash|39/100
|-sidestart|p2: Trumpismessiah|Spikes
|move|p2a: Sandslash|Rapid Spin|p1a: The Last Ronin
|-damage|p1a: The Last Ronin|50/100
|-boost|p2a: Sandslash|spe|1
|-sideend|p2: Trumpismessiah|Spikes|[from] move: Rapid Spin|[of] p2a: Sandslash
|
|upkeep
|turn|3
|
|t:|1758302128
|move|p2a: Sandslash|Rapid Spin|p1a: The Last Ronin
|-damage|p1a: The Last Ronin|31/100
|-boost|p2a: Sandslash|spe|1
|move|p1a: The Last Ronin|Razor Shell|p2a: Sandslash
|-damage|p2a: Sandslash|0 fnt
|faint|p2a: Sandslash
|
|upkeep
|
|t:|1758302137
|switch|p2a: Gengar|Gengar, M|100/100
|turn|4
|
|t:|1758302140
|move|p1a: The Last Ronin|Sucker Punch|p2a: Gengar
|-supereffective|p2a: Gengar
|-enditem|p2a: Gengar|Focus Sash
|-damage|p2a: Gengar|1/100
|-start|p1a: The Last Ronin|Disable|Sucker Punch|[from] ability: Cursed Body|[of] p2a: Gengar
|move|p2a: Gengar|Sludge Wave|p1a: The Last Ronin
|-damage|p1a: The Last Ronin|0 fnt
|faint|p1a: The Last Ronin
|
|upkeep
|
|t:|1758302147
|switch|p1a: Great Mustache|Landorus-Therian, M|100/100
|-ability|p1a: Great Mustache|Intimidate|boost
|-unboost|p2a: Gengar|atk|1
|turn|5
|
|t:|1758302150
|move|p1a: Great Mustache|U-turn|p2a: Gengar
|-resisted|p2a: Gengar
|-damage|p2a: Gengar|0 fnt
|-start|p1a: Great Mustache|Disable|U-turn|[from] ability: Cursed Body|[of] p2a: Gengar
|faint|p2a: Gengar
|
|t:|1758302157
|switch|p1a: The Fickle Heart|Hydrapple, M|100/100|[from] U-turn
|
|upkeep
|
|t:|1758302165
|switch|p2a: Vaporeon|Vaporeon, M|100/100
|turn|6
|
|t:|1758302169
|switch|p1a: Erupting Star|Volcanion|100/100
|move|p2a: Vaporeon|Protect||[still]
|-fail|p2a: Vaporeon
|
|upkeep
|turn|7
|
|t:|1758302178
|move|p1a: Erupting Star|Sludge Bomb|p2a: Vaporeon
|-damage|p2a: Vaporeon|84/100
|move|p2a: Vaporeon|Shadow Ball|p1a: Erupting Star
|-damage|p1a: Erupting Star|80/100
|-unboost|p1a: Erupting Star|spd|1
|
|-heal|p2a: Vaporeon|90/100|[from] item: Leftovers
|upkeep
|turn|8
|
|t:|1758302188
|switch|p1a: The Fickle Heart|Hydrapple, M|100/100
|move|p2a: Vaporeon|Shadow Ball|p1a: The Fickle Heart
|-crit|p1a: The Fickle Heart
|-damage|p1a: The Fickle Heart|70/100
|-unboost|p1a: The Fickle Heart|spd|1
|
|-heal|p2a: Vaporeon|97/100|[from] item: Leftovers
|upkeep
|turn|9
|
|t:|1758302195
|move|p2a: Vaporeon|Shadow Ball|p1a: The Fickle Heart
|-damage|p1a: The Fickle Heart|42/100
|-unboost|p1a: The Fickle Heart|spd|1
|move|p1a: The Fickle Heart|Giga Drain|p2a: Vaporeon
|-supereffective|p2a: Vaporeon
|-damage|p2a: Vaporeon|65/100
|-heal|p1a: The Fickle Heart|59/100|[from] drain|[of] p2a: Vaporeon
|
|-heal|p2a: Vaporeon|71/100|[from] item: Leftovers
|upkeep
|turn|10
|
|t:|1758302201
|switch|p1a: Erupting Star|Volcanion|80/100
|move|p2a: Vaporeon|Shadow Ball|p1a: Erupting Star
|-damage|p1a: Erupting Star|61/100
|
|-heal|p2a: Vaporeon|78/100|[from] item: Leftovers
|upkeep
|turn|11
|
|t:|1758302204
|switch|p1a: The Fickle Heart|Hydrapple, M|93/100
|move|p2a: Vaporeon|Shadow Ball|p1a: The Fickle Heart
|-damage|p1a: The Fickle Heart|73/100
|
|-heal|p2a: Vaporeon|84/100|[from] item: Leftovers
|upkeep
|turn|12
|
|t:|1758302208
|switch|p2a: Vileplume|Vileplume, M|100/100
|move|p1a: The Fickle Heart|Giga Drain|p2a: Vileplume
|-resisted|p2a: Vileplume
|-damage|p2a: Vileplume|93/100
|-heal|p1a: The Fickle Heart|77/100|[from] drain|[of] p2a: Vileplume
|
|upkeep
|turn|13
|
|t:|1758302214
|switch|p1a: Heart of Ghold|Gholdengo|100/100
|-item|p1a: Heart of Ghold|Air Balloon
|move|p2a: Vileplume|Sludge Bomb|p1a: Heart of Ghold
|-immune|p1a: Heart of Ghold
|
|upkeep
|turn|14
|
|t:|1758302221
|switch|p2a: Vaporeon|Vaporeon, M|84/100
|move|p1a: Heart of Ghold|Shadow Ball|p2a: Vaporeon
|-damage|p2a: Vaporeon|62/100
|
|-heal|p2a: Vaporeon|69/100|[from] item: Leftovers
|upkeep
|turn|15
|
|t:|1758302229
|switch|p1a: The Fickle Heart|Hydrapple, M|100/100
|switch|p2a: Tauros|Tauros, M|100/100
|
|upkeep
|turn|16
|
|t:|1758302233
|move|p2a: Tauros|Throat Chop|p1a: The Fickle Heart
|-damage|p1a: The Fickle Heart|75/100
|-damage|p2a: Tauros|84/100|[from] item: Rocky Helmet|[of] p1a: The Fickle Heart
|move|p1a: The Fickle Heart|Giga Drain|p2a: Tauros
|-damage|p2a: Tauros|36/100
|-heal|p1a: The Fickle Heart|92/100|[from] drain|[of] p2a: Tauros
|
|upkeep
|turn|17
|
|t:|1758302236
|move|p2a: Tauros|Body Slam|p1a: The Fickle Heart
|-damage|p1a: The Fickle Heart|57/100
|-damage|p2a: Tauros|19/100|[from] item: Rocky Helmet|[of] p1a: The Fickle Heart
|move|p1a: The Fickle Heart|Giga Drain|p2a: Tauros
|-damage|p2a: Tauros|0 fnt
|-heal|p1a: The Fickle Heart|63/100|[from] drain|[of] p2a: Tauros
|faint|p2a: Tauros
|
|upkeep
|-message|Trumpismessiah forfeited.
|
|win|vywxiwjxjwk
|raw|vywxiwjxjwk's rating: 1418 &rarr; <strong>1439</strong><br />(+21 for winning)
|raw|Trumpismessiah's rating: 1442 &rarr; <strong>1421</strong><br />(-21 for losing)
|l|☆Trumpismessiah
|player|p2|
|l|☆vywxiwjxjwk
|player|p1|
