|j|☆SSJ Kil
|j|☆ay cheu
|t:|1758248479
|gametype|singles
|player|p1|SSJ Kil|n|1574
|player|p2|ay cheu|riley|1520
|gen|9
|tier|[Gen 9] OU
|rated|
|rule|HP Percentage Mod: HP is shown in percentages
|rule|Endless Battle Clause: Forcing endless battles is banned
|rule|Species Clause: Limit one of each Pokémon
|rule|OHKO Clause: OHKO moves are banned
|rule|Evasion Items Clause: Evasion items are banned
|rule|Evasion Moves Clause: Evasion moves are banned
|rule|Evasion Abilities Clause: Evasion abilities are banned
|rule|Sleep Moves Clause: Sleep-inducing moves are banned
|clearpoke
|poke|p1|Zoroark-Hisui, F|
|poke|p1|Corviknight, M|
|poke|p1|Ogerpon-Wellspring, F|
|poke|p1|Sandy Shocks|
|poke|p1|Lokix, F|
|poke|p1|Cinderace, M|
|poke|p2|Arcanine-Hisui, M|
|poke|p2|Snorlax, M|
|poke|p2|Zoroark, M|
|poke|p2|Chesnaught, M|
|poke|p2|Gliscor, M|
|poke|p2|Fezandipiti, M|
|teampreview
|inactive|Battle timer is ON: inactive players will automatically lose when time's up. (requested by SSJ Kil)
|
|t:|1758248496
|teamsize|p1|6
|teamsize|p2|6
|start
|switch|p1a: Cinderace|Cinderace, M, shiny|100/100
|switch|p2a: Fezandipiti|Fezandipiti, M|100/100
|turn|1
|
|t:|1758248500
|move|p1a: Cinderace|U-turn|p2a: Fezandipiti
|-start|p1a: Cinderace|typechange|Bug|[from] ability: Libero
|-supereffective|p2a: Fezandipiti
|-damage|p2a: Fezandipiti|0 fnt
|replace|p2a: Zoroark|Zoroark, M
|-end|p2a: Zoroark|Illusion
|faint|p2a: Zoroark
|
|t:|1758248508
|switch|p1a: Sandy Shocks|Sandy Shocks|100/100|[from] U-turn
|
|upkeep
|
|t:|1758248513
|switch|p2a: Gliscor|Gliscor, M|100/100
|turn|2
|
|t:|1758248517
|move|p1a: Sandy Shocks|Shadow Ball|p2a: Gliscor
|-damage|p2a: Gliscor|30/100
|-unboost|p2a: Gliscor|spd|1
|move|p2a: Gliscor|Stealth Rock|p1a: Sandy Shocks
|-sidestart|p1: SSJ Kil|move: Stealth Rock
|
|-status|p2a: Gliscor|tox|[from] item: Toxic Orb
|upkeep
|turn|3
|
|t:|1758248523
|switch|p2a: 阿肥|Snorlax, M|100/100
|move|p1a: Sandy Shocks|Shadow Ball|p2a: 阿肥
|-immune|p2a: 阿肥
|
|upkeep
|turn|4
|
|t:|1758248526
|switch|p1a: Corviknight|Corviknight, M|100/100
|-damage|p1a: Corviknight|88/100|[from] Stealth Rock
|-ability|p1a: Corviknight|Pressure
|switch|p2a: 阿黄|Arcanine-Hisui, M|100/100
|
|upkeep
|turn|5
|
|t:|1758248530
|move|p2a: 阿黄|Flare Blitz|p1a: Corviknight
|-supereffective|p1a: Corviknight
|-damage|p1a: Corviknight|0 fnt
|-damage|p2a: 阿黄|84/100|[from] item: Rocky Helmet|[of] p1a: Corviknight
|faint|p1a: Corviknight
|
|upkeep
|
|t:|1758248534
|switch|p1a: Sandy Shocks|Sandy Shocks|100/100
|turn|6
|
|t:|1758248537
|switch|p2a: 阿肥|Snorlax, M|100/100
|move|p1a: Sandy Shocks|Earth Power|p2a: 阿肥
|-damage|p2a: 阿肥|83/100
|
|upkeep
|turn|7
|
|t:|1758248548
|move|p1a: Sandy Shocks|Stealth Rock|p2a: 阿肥
|-sidestart|p2: ay cheu|move: Stealth Rock
|move|p2a: 阿肥|Earthquake|p1a: Sandy Shocks
|-supereffective|p1a: Sandy Shocks
|-damage|p1a: Sandy Shocks|42/100
|
|upkeep
|turn|8
|
|t:|1758248559
|move|p1a: Sandy Shocks|Volt Switch|p2a: 阿肥
|-damage|p2a: 阿肥|70/100
|
|t:|1758248563
|-end|p1a: Sandy Shocks|Protosynthesis|[silent]
|switch|p1a: Sandy Shocks|Sandy Shocks|100/100|[from] Volt Switch
|-damage|p1a: Sandy Shocks|88/100|[from] Stealth Rock
|move|p2a: 阿肥|Earthquake|p1a: Sandy Shocks
|-damage|p1a: Sandy Shocks|40/100
|replace|p1a: Zoroark|Zoroark-Hisui, F, shiny
|-end|p1a: Zoroark|Illusion
|
|upkeep
|turn|9
|
|t:|1758248572
|move|p1a: Zoroark|Focus Blast|p2a: 阿肥
|-supereffective|p2a: 阿肥
|-damage|p2a: 阿肥|26/100
|move|p2a: 阿肥|Heat Crash|p1a: Zoroark
|-damage|p1a: Zoroark|0 fnt
|faint|p1a: Zoroark
|
|upkeep
|
|t:|1758248579
|switch|p1a: Ogerpon|Ogerpon-Wellspring, F|100/100
|-damage|p1a: Ogerpon|88/100|[from] Stealth Rock
|turn|10
|
|t:|1758248581
|switch|p2a: Chesnaught|Chesnaught, M|100/100
|-damage|p2a: Chesnaught|94/100|[from] Stealth Rock
|move|p1a: Ogerpon|Ivy Cudgel|p2a: Chesnaught|[anim] Ivy Cudgel Water
|-resisted|p2a: Chesnaught
|-damage|p2a: Chesnaught|79/100
|
|upkeep
|turn|11
|
|t:|1758248585
|move|p1a: Ogerpon|U-turn|p2a: Chesnaught
|-damage|p2a: Chesnaught|63/100
|-damage|p1a: Ogerpon|72/100|[from] item: Rocky Helmet|[of] p2a: Chesnaught
|
|t:|1758248587
|switch|p1a: Sandy Shocks|Sandy Shocks|42/100|[from] U-turn
|move|p2a: Chesnaught|Body Press|p1a: Sandy Shocks
|-damage|p1a: Sandy Shocks|0 fnt
|faint|p1a: Sandy Shocks
|-end|p1a: Sandy Shocks|Protosynthesis|[silent]
|
|upkeep
|
|t:|1758248593
|switch|p1a: Lokix|Lokix, F|100/100
|-damage|p1a: Lokix|76/100|[from] Stealth Rock
|turn|12
|
|t:|1758248599
|move|p1a: Lokix|U-turn|p2a: Chesnaught
|-damage|p2a: Chesnaught|35/100
|-damage|p1a: Lokix|59/100|[from] item: Rocky Helmet|[of] p2a: Chesnaught
|
|t:|1758248601
|switch|p1a: Ogerpon|Ogerpon-Wellspring, F|72/100|[from] U-turn
|-damage|p1a: Ogerpon|59/100|[from] Stealth Rock
|move|p2a: Chesnaught|Synthesis|p2a: Chesnaught
|-heal|p2a: Chesnaught|85/100
|
|upkeep
|turn|13
|
|t:|1758248610
|switch|p2a: 阿肥|Snorlax, M|26/100
|-damage|p2a: 阿肥|14/100|[from] Stealth Rock
|move|p1a: Ogerpon|Encore||[still]
|-fail|p1a: Ogerpon
|
|upkeep
|turn|14
|
|t:|1758248615
|move|p1a: Ogerpon|Ivy Cudgel|p2a: 阿肥|[anim] Ivy Cudgel Water
|-damage|p2a: 阿肥|0 fnt
|faint|p2a: 阿肥
|
|upkeep
|
|t:|1758248617
|switch|p2a: Chesnaught|Chesnaught, M|85/100
|-damage|p2a: Chesnaught|79/100|[from] Stealth Rock
|turn|15
|
|t:|1758248621
|move|p1a: Ogerpon|U-turn|p2a: Chesnaught
|-damage|p2a: Chesnaught|64/100
|-damage|p1a: Ogerpon|43/100|[from] item: Rocky Helmet|[of] p2a: Chesnaught
|
|t:|1758248624
|switch|p1a: Cinderace|Cinderace, M, shiny|100/100|[from] U-turn
|-damage|p1a: Cinderace|76/100|[from] Stealth Rock
|move|p2a: Chesnaught|Body Press|p1a: Cinderace
|-damage|p1a: Cinderace|10/100
|
|upkeep
|turn|16
|
|t:|1758248634
|switch|p2a: Gliscor|Gliscor, M|30/100 tox
|-damage|p2a: Gliscor|17/100 tox|[from] Stealth Rock
|move|p1a: Cinderace|Pyro Ball|p2a: Gliscor
|-damage|p2a: Gliscor|0 fnt
|faint|p2a: Gliscor
|
|upkeep
|
|t:|1758248640
|switch|p2a: Chesnaught|Chesnaught, M|64/100
|-damage|p2a: Chesnaught|58/100|[from] Stealth Rock
|turn|17
|
|t:|1758248642
|move|p1a: Cinderace|Pyro Ball|p2a: Chesnaught
|-immune|p2a: Chesnaught|[from] ability: Bulletproof
|move|p2a: Chesnaught|Synthesis|p2a: Chesnaught
|-heal|p2a: Chesnaught|100/100
|
|upkeep
|turn|18
|
|t:|1758248649
|move|p1a: Cinderace|Pyro Ball|p2a: Chesnaught
|-immune|p2a: Chesnaught|[from] ability: Bulletproof
|move|p2a: Chesnaught|Body Press|p1a: Cinderace
|-damage|p1a: Cinderace|0 fnt
|faint|p1a: Cinderace
|
|upkeep
|
|t:|1758248653
|switch|p1a: Lokix|Lokix, F|59/100
|-damage|p1a: Lokix|34/100|[from] Stealth Rock
|turn|19
|
|t:|1758248656
|-terastallize|p2a: Chesnaught|Ghost
|move|p1a: Lokix|Axe Kick|p2a: Chesnaught
|-immune|p2a: Chesnaught
|-damage|p1a: Lokix|0 fnt|[from] highjumpkick
|faint|p1a: Lokix
|move|p2a: Chesnaught|Body Press|p1: Lokix|[notarget]
|-fail|p2a: Chesnaught
|
|upkeep
|-message|SSJ Kil forfeited.
|
|win|ay cheu
|raw|SSJ Kil's rating: 1574 &rarr; <strong>1551</strong><br />(-23 for losing)
|raw|ay cheu's rating: 1520 &rarr; <strong>1543</strong><br />(+23 for winning)
|l|☆SSJ Kil
|player|p1|
|l|☆ay cheu
|player|p2|
