|j|☆The Wonder of UU
|j|☆xtblx
|t:|1758335439
|gametype|singles
|player|p1|The Wonder of UU|steven|1356
|player|p2|xtblx|sage|1413
|gen|9
|tier|[Gen 9] OU
|rated|
|rule|HP Percentage Mod: HP is shown in percentages
|rule|Endless Battle Clause: Forcing endless battles is banned
|rule|Species Clause: Limit one of each Pokémon
|rule|OHKO Clause: OHKO moves are banned
|rule|Evasion Items Clause: Evasion items are banned
|rule|Evasion Moves Clause: Evasion moves are banned
|rule|Evasion Abilities Clause: Evasion abilities are banned
|rule|Sleep Moves Clause: Sleep-inducing moves are banned
|clearpoke
|poke|p1|Kingambit, F|
|poke|p1|Deoxys-Speed|
|poke|p1|Moltres|
|poke|p1|Slowking-Galar, M|
|poke|p1|Scizor, F|
|poke|p1|Hatterene, F|
|poke|p2|Indeedee, M|
|poke|p2|Hatterene, F|
|poke|p2|Ursaluna, F|
|poke|p2|Iron Hands|
|poke|p2|Hoopa-Unbound|
|poke|p2|Mimikyu, F|
|teampreview
|
|t:|1758335462
|teamsize|p1|6
|teamsize|p2|6
|start
|switch|p1a: Kingambit|Kingambit, F|100/100
|switch|p2a: LEBRON|Iron Hands|100/100
|-enditem|p2a: LEBRON|Booster Energy
|-activate|p2a: LEBRON|ability: Quark Drive|[fromitem]
|-start|p2a: LEBRON|quarkdriveatk
|turn|1
|
|t:|1758335483
|-end|p1a: Kingambit|fallenundefined|[silent]
|switch|p1a: Moltres|Moltres|100/100
|move|p2a: LEBRON|Close Combat|p1a: Moltres
|-resisted|p1a: Moltres
|-damage|p1a: Moltres|69/100
|-unboost|p2a: LEBRON|def|1
|-unboost|p2a: LEBRON|spd|1
|
|upkeep
|turn|2
|
|t:|1758335498
|-terastallize|p1a: Moltres|Ground
|move|p1a: Moltres|Flamethrower|p2a: LEBRON
|-damage|p2a: LEBRON|56/100
|move|p2a: LEBRON|Supercell Slam|p1a: Moltres
|-immune|p1a: Moltres
|-damage|p2a: LEBRON|6/100|[from] supercellslam
|
|upkeep
|turn|3
|
|t:|1758335540
|-end|p2a: LEBRON|Quark Drive|[silent]
|switch|p2a: Subaru|Indeedee, M|100/100
|-fieldstart|move: Psychic Terrain|[from] ability: Psychic Surge|[of] p2a: Subaru
|move|p1a: Moltres|U-turn|p2a: Subaru
|-supereffective|p2a: Subaru
|-damage|p2a: Subaru|66/100
|
|t:|1758335561
|switch|p1a: Scizor|Scizor, F|100/100|[from] U-turn
|
|upkeep
|turn|4
|
|t:|1758335582
|switch|p2a: Mimi|Mimikyu, F, shiny|100/100
|move|p1a: Scizor|U-turn|p2a: Mimi
|-activate|p2a: Mimi|ability: Disguise
|-damage|p2a: Mimi|100/100
|detailschange|p2a: Mimi|Mimikyu-Busted, F, shiny
|-damage|p2a: Mimi|88/100|[from] pokemon: Mimikyu-Busted
|-enditem|p2a: Mimi|Red Card|[of] p1a: Scizor
|drag|p1a: Deoxys|Deoxys-Speed|100/100
|-ability|p1a: Deoxys|Pressure
|
|upkeep
|turn|5
|
|t:|1758335606
|switch|p2a: King Von|Hoopa-Unbound|100/100
|-enditem|p2a: King Von|Psychic Seed
|-boost|p2a: King Von|spd|1|[from] item: Psychic Seed
|move|p1a: Deoxys|Psycho Boost|p2a: King Von
|-immune|p2a: King Von
|
|upkeep
|turn|6
|
|t:|1758335640
|switch|p1a: Scizor|Scizor, F|100/100
|move|p2a: King Von|Trick Room|p2a: King Von
|-fieldstart|move: Trick Room|[of] p2a: King Von
|
|upkeep
|turn|7
|
|t:|1758335665
|switch|p2a: Crashout YN|Ursaluna, F, shiny|100/100
|move|p1a: Scizor|U-turn|p2a: Crashout YN
|-damage|p2a: Crashout YN|59/100
|
|t:|1758335682
|switch|p1a: Slowking|Slowking-Galar, M|100/100|[from] U-turn
|
|-status|p2a: Crashout YN|brn|[from] item: Flame Orb
|upkeep
|turn|8
|
|t:|1758335696
|move|p1a: Slowking|Ice Beam|p2a: Crashout YN
|-supereffective|p2a: Crashout YN
|-damage|p2a: Crashout YN|7/100 brn
|move|p2a: Crashout YN|Headlong Rush|p1a: Slowking
|-supereffective|p1a: Slowking
|-damage|p1a: Slowking|0 fnt
|-unboost|p2a: Crashout YN|def|1
|-unboost|p2a: Crashout YN|spd|1
|faint|p1a: Slowking
|
|-damage|p2a: Crashout YN|1/100 brn|[from] brn
|upkeep
|
|t:|1758335706
|switch|p1a: Hatterene|Hatterene, F|100/100
|turn|9
|
|t:|1758335755
|switch|p2a: Mimi|Mimikyu-Busted, F, shiny|88/100
|move|p1a: Hatterene|Draining Kiss|p2a: Mimi
|-damage|p2a: Mimi|59/100
|
|upkeep
|turn|10
|
|t:|1758335784
|switch|p1a: Deoxys|Deoxys-Speed|100/100
|-ability|p1a: Deoxys|Pressure
|move|p2a: Mimi|Curse|p1a: Deoxys
|-start|p1a: Deoxys|Curse|[of] p2a: Mimi
|-damage|p2a: Mimi|9/100
|
|-damage|p1a: Deoxys|76/100|[from] Curse
|-fieldend|move: Trick Room
|-fieldend|move: Psychic Terrain
|upkeep
|turn|11
|
|t:|1758335803
|switch|p2a: King Von|Hoopa-Unbound|100/100
|move|p1a: Deoxys|Ice Beam|p2a: King Von
|-damage|p2a: King Von|77/100
|-damage|p1a: Deoxys|66/100|[from] item: Life Orb
|
|-damage|p1a: Deoxys|41/100|[from] Curse
|upkeep
|turn|12
|
|t:|1758335813
|move|p1a: Deoxys|Stealth Rock|p2a: King Von
|-sidestart|p2: xtblx|move: Stealth Rock
|move|p2a: King Von|Trick Room|p2a: King Von
|-fieldstart|move: Trick Room|[of] p2a: King Von
|
|-damage|p1a: Deoxys|16/100|[from] Curse
|upkeep
|turn|13
|
|t:|1758335827
|switch|p2a: Subaru|Indeedee, M|66/100
|-damage|p2a: Subaru|53/100|[from] Stealth Rock
|-fieldstart|move: Psychic Terrain|[from] ability: Psychic Surge|[of] p2a: Subaru
|move|p1a: Deoxys|Superpower|p2a: Subaru
|-damage|p2a: Subaru|16/100
|-unboost|p1a: Deoxys|atk|1
|-unboost|p1a: Deoxys|def|1
|-damage|p1a: Deoxys|6/100|[from] item: Life Orb
|
|-damage|p1a: Deoxys|0 fnt|[from] Curse
|faint|p1a: Deoxys
|upkeep
|
|t:|1758335836
|switch|p1a: Hatterene|Hatterene, F|100/100
|turn|14
|
|t:|1758335899
|switch|p2a: King Von|Hoopa-Unbound|77/100
|-damage|p2a: King Von|64/100|[from] Stealth Rock
|move|p1a: Hatterene|Draining Kiss|p2a: King Von
|-supereffective|p2a: King Von
|-damage|p2a: King Von|16/100
|
|upkeep
|turn|15
|c|☆xtblx|gg
|-message|xtblx forfeited.
|
|win|The Wonder of UU
|raw|The Wonder of UU's rating: 1356 &rarr; <strong>1379</strong><br />(+23 for winning)
|raw|xtblx's rating: 1413 &rarr; <strong>1390</strong><br />(-23 for losing)
|l|☆xtblx
|player|p2|
|c|☆The Wonder of UU|gg
