|j|☆sahsingh
|j|☆Nikator98
|t:|1758300271
|gametype|singles
|player|p1|sahsingh|101|1732
|player|p2|Nikator98|giovanni|1671
|gen|9
|tier|[Gen 9] OU
|rated|
|rule|HP Percentage Mod: HP is shown in percentages
|rule|Endless Battle Clause: Forcing endless battles is banned
|rule|Species Clause: Limit one of each Pokémon
|rule|OHKO Clause: OHKO moves are banned
|rule|Evasion Items Clause: Evasion items are banned
|rule|Evasion Moves Clause: Evasion moves are banned
|rule|Evasion Abilities Clause: Evasion abilities are banned
|rule|Sleep Moves Clause: Sleep-inducing moves are banned
|clearpoke
|poke|p1|Tyranitar, M|
|poke|p1|Excadrill, M|
|poke|p1|Keldeo-Resolute|
|poke|p1|Tornadus-Therian, M|
|poke|p1|Heatran, F|
|poke|p1|Hydrapple, F|
|poke|p2|Metagross|
|poke|p2|Great Tusk|
|poke|p2|Haxorus, M|
|poke|p2|Iron Moth|
|poke|p2|Zoroark-Hisui, M|
|poke|p2|Ninetales-Alola, F|
|teampreview
|inactive|Battle timer is ON: inactive players will automatically lose when time's up. (requested by Nikator98)
|
|t:|1758300293
|teamsize|p1|6
|teamsize|p2|6
|start
|switch|p1a: Heatran|Heatran, F|100/100
|switch|p2a: Lacelle|Haxorus, M|100/100
|-ability|p2a: Lacelle|Mold Breaker
|turn|1
|
|t:|1758300301
|switch|p1a: Excadrill|Excadrill, M|100/100
|-item|p1a: Excadrill|Air Balloon
|move|p2a: Lacelle|Swords Dance|p2a: Lacelle
|-boost|p2a: Lacelle|atk|2
|
|upkeep
|turn|2
|
|t:|1758300308
|move|p2a: Lacelle|Close Combat|p1a: Excadrill
|-supereffective|p1a: Excadrill
|-damage|p1a: Excadrill|0 fnt
|-unboost|p2a: Lacelle|def|1
|-unboost|p2a: Lacelle|spd|1
|-enditem|p1a: Excadrill|Air Balloon
|faint|p1a: Excadrill
|
|upkeep
|
|t:|1758300314
|switch|p1a: Keldeo|Keldeo-Resolute|100/100
|turn|3
|
|t:|1758300322
|switch|p2a: Lacelle|Haxorus, M|100/100
|move|p1a: Keldeo|Secret Sword|p2a: Lacelle
|-immune|p2a: Lacelle
|
|upkeep
|turn|4
|
|t:|1758300333
|switch|p1a: Heatran|Heatran, F|100/100
|move|p2a: Lacelle|Bitter Malice|p1a: Heatran
|-damage|p1a: Heatran|64/100
|-unboost|p1a: Heatran|atk|1
|
|-heal|p1a: Heatran|70/100|[from] item: Leftovers
|upkeep
|turn|5
|
|t:|1758300359
|switch|p2a: Lacelle|Haxorus, M|100/100
|-ability|p2a: Lacelle|Mold Breaker
|move|p1a: Heatran|Magma Storm|p2a: Lacelle
|-resisted|p2a: Lacelle
|-damage|p2a: Lacelle|65/100
|-activate|p2a: Lacelle|move: Magma Storm|[of] p1a: Heatran
|
|-heal|p1a: Heatran|76/100|[from] item: Leftovers
|-damage|p2a: Lacelle|53/100|[from] move: Magma Storm|[partiallytrapped]
|upkeep
|turn|6
|
|t:|1758300372
|switch|p1a: Tornadus|Tornadus-Therian, M|100/100
|move|p2a: Lacelle|Close Combat|p1a: Tornadus
|-resisted|p1a: Tornadus
|-damage|p1a: Tornadus|72/100
|-unboost|p2a: Lacelle|def|1
|-unboost|p2a: Lacelle|spd|1
|
|-end|p2a: Lacelle|Magma Storm|[partiallytrapped]|[silent]
|upkeep
|turn|7
|
|t:|1758300380
|switch|p2a: Arquillian Sentry|Metagross|100/100
|move|p1a: Tornadus|U-turn|p2a: Arquillian Sentry
|-damage|p2a: Arquillian Sentry|89/100
|
|t:|1758300400
|switch|p1a: Heatran|Heatran, F|76/100|[from] U-turn
|
|-heal|p1a: Heatran|82/100|[from] item: Leftovers
|upkeep
|turn|8
|
|t:|1758300407
|switch|p1a: Tornadus|Tornadus-Therian, M|100/100
|switch|p2a: Lacelle|Haxorus, M|53/100
|-ability|p2a: Lacelle|Mold Breaker
|
|upkeep
|turn|9
|
|t:|1758300415
|move|p1a: Tornadus|Bleakwind Storm|p2a: Lacelle
|-damage|p2a: Lacelle|0 fnt
|faint|p2a: Lacelle
|
|upkeep
|
|t:|1758300428
|switch|p2a: Asfaloth|Ninetales-Alola, F, shiny|100/100
|-weather|Snowscape|[from] ability: Snow Warning|[of] p2a: Asfaloth
|turn|10
|
|t:|1758300439
|move|p1a: Tornadus|U-turn|p2a: Asfaloth
|-resisted|p2a: Asfaloth
|-damage|p2a: Asfaloth|95/100
|
|t:|1758300442
|switch|p1a: Heatran|Heatran, F|82/100|[from] U-turn
|move|p2a: Asfaloth|Moonblast|p1a: Heatran
|-resisted|p1a: Heatran
|-damage|p1a: Heatran|77/100
|-unboost|p1a: Heatran|spa|1
|
|-weather|Snowscape|[upkeep]
|-heal|p1a: Heatran|84/100|[from] item: Leftovers
|upkeep
|turn|11
|
|t:|1758300463
|switch|p2a: Asfaloth|Ninetales-Alola, F, shiny|100/100
|move|p1a: Heatran|Magma Storm|p2a: Asfaloth
|-damage|p2a: Asfaloth|44/100
|-activate|p2a: Asfaloth|move: Magma Storm|[of] p1a: Heatran
|replace|p2a: Van Helsing|Zoroark-Hisui, M, shiny
|-end|p2a: Van Helsing|Illusion
|
|-weather|Snowscape|[upkeep]
|-heal|p1a: Heatran|90/100|[from] item: Leftovers
|-damage|p2a: Van Helsing|32/100|[from] move: Magma Storm|[partiallytrapped]
|upkeep
|turn|12
|
|t:|1758300479
|move|p2a: Van Helsing|Bitter Malice|p1a: Heatran
|-damage|p1a: Heatran|54/100
|-unboost|p1a: Heatran|atk|1
|move|p1a: Heatran|Stealth Rock|p2a: Van Helsing
|-sidestart|p2: Nikator98|move: Stealth Rock
|
|-weather|Snowscape|[upkeep]
|-heal|p1a: Heatran|60/100|[from] item: Leftovers
|-damage|p2a: Van Helsing|19/100|[from] move: Magma Storm|[partiallytrapped]
|upkeep
|turn|13
|
|t:|1758300490
|switch|p1a: Tyranitar|Tyranitar, M|100/100
|-weather|Sandstorm|[from] ability: Sand Stream|[of] p1a: Tyranitar
|move|p2a: Van Helsing|Bitter Malice|p1a: Tyranitar
|-resisted|p1a: Tyranitar
|-damage|p1a: Tyranitar|83/100
|-unboost|p1a: Tyranitar|atk|1
|
|-weather|Sandstorm|[upkeep]
|-damage|p2a: Van Helsing|13/100|[from] Sandstorm
|-end|p2a: Van Helsing|Magma Storm|[partiallytrapped]|[silent]
|upkeep
|turn|14
|
|t:|1758300506
|switch|p2a: Kumaryia|Great Tusk, shiny|100/100
|move|p1a: Tyranitar|Ice Punch|p2a: Kumaryia
|-supereffective|p2a: Kumaryia
|-damage|p2a: Kumaryia|61/100
|
|-weather|Sandstorm|[upkeep]
|upkeep
|turn|15
|
|t:|1758300517
|switch|p1a: Hydrapple|Hydrapple, F|100/100
|move|p2a: Kumaryia|Rapid Spin|p1a: Hydrapple
|-damage|p1a: Hydrapple|91/100
|-boost|p2a: Kumaryia|spe|1
|-damage|p2a: Kumaryia|45/100|[from] item: Rocky Helmet|[of] p1a: Hydrapple
|-sideend|p2: Nikator98|Stealth Rock|[from] move: Rapid Spin|[of] p2a: Kumaryia
|
|-weather|Sandstorm|[upkeep]
|-damage|p1a: Hydrapple|85/100|[from] Sandstorm
|upkeep
|turn|16
|
|t:|1758300529
|-end|p2a: Kumaryia|Protosynthesis|[silent]
|switch|p2a: Asfaloth|Ninetales-Alola, F, shiny|95/100
|-weather|Snowscape|[from] ability: Snow Warning|[of] p2a: Asfaloth
|move|p1a: Hydrapple|Giga Drain|p2a: Asfaloth
|-damage|p2a: Asfaloth|63/100
|-heal|p1a: Hydrapple|96/100|[from] drain|[of] p2a: Asfaloth
|
|-weather|Snowscape|[upkeep]
|upkeep
|turn|17
|
|t:|1758300538
|switch|p1a: Heatran|Heatran, F|60/100
|move|p2a: Asfaloth|Aurora Veil|p2a: Asfaloth
|-sidestart|p2: Nikator98|move: Aurora Veil
|
|-weather|Snowscape|[upkeep]
|-heal|p1a: Heatran|66/100|[from] item: Leftovers
|upkeep
|turn|18
|
|t:|1758300545
|switch|p2a: Kumaryia|Great Tusk, shiny|13/100
|move|p1a: Heatran|Magma Storm|p2a: Kumaryia|[miss]
|-miss|p1a: Heatran|p2a: Kumaryia
|
|-weather|Snowscape|[upkeep]
|-heal|p1a: Heatran|73/100|[from] item: Leftovers
|upkeep
|turn|19
|
|t:|1758300557
|switch|p1a: Hydrapple|Hydrapple, F|100/100
|move|p2a: Kumaryia|Bitter Malice|p1a: Hydrapple
|-damage|p1a: Hydrapple|42/100
|-unboost|p1a: Hydrapple|atk|1
|
|-weather|Snowscape|[upkeep]
|upkeep
|turn|20
|
|t:|1758300566
|switch|p1a: Tyranitar|Tyranitar, M|83/100
|-weather|Sandstorm|[from] ability: Sand Stream|[of] p1a: Tyranitar
|move|p2a: Kumaryia|Bitter Malice|p1a: Tyranitar
|-resisted|p1a: Tyranitar
|-damage|p1a: Tyranitar|64/100
|-unboost|p1a: Tyranitar|atk|1
|
|-weather|Sandstorm|[upkeep]
|-damage|p2a: Kumaryia|7/100|[from] Sandstorm
|upkeep
|turn|21
|
|t:|1758300579
|switch|p2a: Arquillian Sentry|Metagross|89/100
|move|p1a: Tyranitar|Knock Off|p2a: Arquillian Sentry
|-supereffective|p2a: Arquillian Sentry
|-damage|p2a: Arquillian Sentry|45/100
|-enditem|p2a: Arquillian Sentry|Custap Berry|[from] move: Knock Off|[of] p1a: Tyranitar
|
|-weather|Sandstorm|[upkeep]
|upkeep
|turn|22
|
|t:|1758300591
|switch|p1a: Hydrapple|Hydrapple, F|75/100
|move|p2a: Arquillian Sentry|Stealth Rock|p1a: Hydrapple
|-sidestart|p1: sahsingh|move: Stealth Rock
|
|-weather|Sandstorm|[upkeep]
|-damage|p1a: Hydrapple|69/100|[from] Sandstorm
|upkeep
|turn|23
|
|t:|1758300603
|move|p2a: Arquillian Sentry|Explosion|p1a: Hydrapple
|-damage|p1a: Hydrapple|15/100
|faint|p2a: Arquillian Sentry
|move|p1a: Hydrapple|Earth Power|p2: Arquillian Sentry|[notarget]
|-fail|p1a: Hydrapple
|
|-weather|Sandstorm|[upkeep]
|-damage|p1a: Hydrapple|9/100|[from] Sandstorm
|upkeep
|
|t:|1758300621
|switch|p2a: Kumaryia|Great Tusk, shiny|7/100
|turn|24
|
|t:|1758300638
|move|p2a: Kumaryia|Bitter Malice|p1a: Hydrapple
|-damage|p1a: Hydrapple|0 fnt
|faint|p1a: Hydrapple
|
|-weather|none
|-sideend|p2: Nikator98|move: Aurora Veil
|upkeep
|
|t:|1758300648
|switch|p1a: Tornadus|Tornadus-Therian, M|100/100
|turn|25
|
|t:|1758300654
|move|p1a: Tornadus|U-turn|p2a: Kumaryia
|-resisted|p2a: Kumaryia
|-damage|p2a: Kumaryia|0 fnt
|replace|p2a: Van Helsing|Zoroark-Hisui, M, shiny
|-end|p2a: Van Helsing|Illusion
|faint|p2a: Van Helsing
|
|t:|1758300667
|switch|p1a: Keldeo|Keldeo-Resolute|100/100|[from] U-turn
|-damage|p1a: Keldeo|94/100|[from] Stealth Rock
|
|upkeep
|j| wgw2333
|
|t:|1758300672
|switch|p2a: Asfaloth|Ninetales-Alola, F, shiny|63/100
|-weather|Snowscape|[from] ability: Snow Warning|[of] p2a: Asfaloth
|turn|26
|
|t:|1758300679
|move|p2a: Asfaloth|Moonblast|p1a: Keldeo
|-supereffective|p1a: Keldeo
|-damage|p1a: Keldeo|14/100
|move|p1a: Keldeo|Surf|p2a: Asfaloth
|-damage|p2a: Asfaloth|0 fnt
|faint|p2a: Asfaloth
|
|-weather|Snowscape|[upkeep]
|upkeep
|inactive|Nikator98 has 120 seconds left.
|
|t:|1758300714
|switch|p2a: Gothmog|Iron Moth|100/100
|-enditem|p2a: Gothmog|Booster Energy
|-activate|p2a: Gothmog|ability: Quark Drive|[fromitem]
|-start|p2a: Gothmog|quarkdrivespe
|turn|27
|
|t:|1758300729
|-end|p2a: Gothmog|Quark Drive|[silent]
|switch|p2a: Kumaryia|Great Tusk, shiny|45/100
|move|p1a: Keldeo|Surf|p2a: Kumaryia
|-supereffective|p2a: Kumaryia
|-crit|p2a: Kumaryia
|-damage|p2a: Kumaryia|0 fnt
|faint|p2a: Kumaryia
|-end|p2a: Kumaryia|Protosynthesis|[silent]
|
|-weather|Snowscape|[upkeep]
|upkeep
|-message|Nikator98 forfeited.
|
|win|sahsingh
|raw|sahsingh's rating: 1732 &rarr; <strong>1749</strong><br />(+17 for winning)
|raw|Nikator98's rating: 1671 &rarr; <strong>1654</strong><br />(-17 for losing)
|l|☆Nikator98
|player|p2|
|l|☆sahsingh
|player|p1|
|l| wgw2333
