|j|☆69trash69
|j|☆totespommes
|t:|1758314885
|gametype|singles
|player|p1|69trash69|may-masters|1316
|player|p2|totespommes|red|1397
|gen|9
|tier|[Gen 9] OU
|rated|
|rule|HP Percentage Mod: HP is shown in percentages
|rule|Endless Battle Clause: Forcing endless battles is banned
|rule|Species Clause: Limit one of each Pokémon
|rule|OHKO Clause: OHKO moves are banned
|rule|Evasion Items Clause: Evasion items are banned
|rule|Evasion Moves Clause: Evasion moves are banned
|rule|Evasion Abilities Clause: Evasion abilities are banned
|rule|Sleep Moves Clause: Sleep-inducing moves are banned
|clearpoke
|poke|p1|Crawdaunt, M|
|poke|p1|Slither Wing|
|poke|p1|Heatran, M|
|poke|p1|Dragapult, F|
|poke|p1|Great Tusk|
|poke|p1|Raging Bolt|
|poke|p2|Dragapult, M|
|poke|p2|Glimmora, M|
|poke|p2|Comfey, F|
|poke|p2|Kingambit, M|
|poke|p2|Ogerpon-Wellspring, F|
|poke|p2|Blaziken, M|
|teampreview
|inactive|Battle timer is ON: inactive players will automatically lose when time's up. (requested by totespommes)
|
|t:|1758314920
|teamsize|p1|6
|teamsize|p2|6
|start
|switch|p1a: Great Tusk|Great Tusk|100/100
|switch|p2a: YF-23|Dragapult, M|100/100
|turn|1
|
|t:|1758314931
|-end|p1a: Great Tusk|Protosynthesis|[silent]
|switch|p1a: Heatran|Heatran, M|100/100
|move|p2a: YF-23|Draco Meteor|p1a: Heatran
|-resisted|p1a: Heatran
|-damage|p1a: Heatran|63/100
|-unboost|p2a: YF-23|spa|2
|-damage|p2a: YF-23|91/100|[from] item: Life Orb
|
|-heal|p1a: Heatran|70/100|[from] item: Leftovers
|upkeep
|turn|2
|j| Sandrof
|
|t:|1758314946
|switch|p2a: Australia|Glimmora, M|100/100
|move|p1a: Heatran|Stealth Rock|p2a: Australia
|-sidestart|p2: totespommes|move: Stealth Rock
|
|-heal|p1a: Heatran|76/100|[from] item: Leftovers
|upkeep
|turn|3
|
|t:|1758314957
|move|p1a: Heatran|Earth Power|p2a: Australia
|-supereffective|p2a: Australia
|-damage|p2a: Australia|0 fnt
|faint|p2a: Australia
|
|-heal|p1a: Heatran|82/100|[from] item: Leftovers
|upkeep
|
|t:|1758314961
|switch|p2a: Tears|Ogerpon-Wellspring, F|100/100
|-damage|p2a: Tears|88/100|[from] Stealth Rock
|turn|4
|
|t:|1758314968
|switch|p1a: Slither Wing|Slither Wing|100/100
|move|p2a: Tears|Ivy Cudgel|p1a: Slither Wing|[anim] Ivy Cudgel Water
|-damage|p1a: Slither Wing|55/100
|
|upkeep
|turn|5
|
|t:|1758314975
|switch|p2a: YF-23|Dragapult, M|91/100
|-damage|p2a: YF-23|78/100|[from] Stealth Rock
|move|p1a: Slither Wing|Morning Sun|p1a: Slither Wing
|-heal|p1a: Slither Wing|100/100
|
|upkeep
|turn|6
|
|t:|1758314985
|move|p2a: YF-23|Flamethrower|p1a: Slither Wing
|-supereffective|p1a: Slither Wing
|-damage|p1a: Slither Wing|43/100
|-damage|p2a: YF-23|69/100|[from] item: Life Orb
|move|p1a: Slither Wing|U-turn|p2a: YF-23
|-resisted|p2a: YF-23
|-damage|p2a: YF-23|45/100
|
|t:|1758314991
|-end|p1a: Slither Wing|Protosynthesis|[silent]
|switch|p1a: Heatran|Heatran, M|82/100|[from] U-turn
|
|-heal|p1a: Heatran|88/100|[from] item: Leftovers
|upkeep
|turn|7
|
|t:|1758314997
|move|p2a: YF-23|Shadow Ball|p1a: Heatran
|-damage|p1a: Heatran|41/100
|-damage|p2a: YF-23|35/100|[from] item: Life Orb
|move|p1a: Heatran|Magma Storm|p2a: YF-23
|-resisted|p2a: YF-23
|-crit|p2a: YF-23
|-damage|p2a: YF-23|0 fnt
|faint|p2a: YF-23
|
|-heal|p1a: Heatran|47/100|[from] item: Leftovers
|upkeep
|
|t:|1758315006
|switch|p2a: Tears|Ogerpon-Wellspring, F|88/100
|-damage|p2a: Tears|76/100|[from] Stealth Rock
|turn|8
|
|t:|1758315011
|switch|p1a: Slither Wing|Slither Wing|43/100
|move|p2a: Tears|Ivy Cudgel|p1a: Slither Wing|[anim] Ivy Cudgel Water
|-damage|p1a: Slither Wing|0 fnt
|faint|p1a: Slither Wing
|-end|p1a: Slither Wing|Protosynthesis|[silent]
|
|upkeep
|
|t:|1758315014
|switch|p1a: Dragapult|Dragapult, F|100/100
|turn|9
|
|t:|1758315021
|move|p1a: Dragapult|U-turn|p2a: Tears
|-supereffective|p2a: Tears
|-damage|p2a: Tears|29/100
|
|t:|1758315024
|switch|p1a: Raging Bolt|Raging Bolt|100/100|[from] U-turn
|move|p2a: Tears|Spikes|p1a: Raging Bolt
|-sidestart|p1: 69trash69|Spikes
|
|upkeep
|turn|10
|
|t:|1758315031
|move|p2a: Tears|Taunt|p1a: Raging Bolt
|-start|p1a: Raging Bolt|move: Taunt
|move|p1a: Raging Bolt|Thunderbolt|p2a: Tears
|-damage|p2a: Tears|0 fnt
|faint|p2a: Tears
|
|upkeep
|
|t:|1758315036
|switch|p2a: Kamehameha|Comfey, F|100/100
|-damage|p2a: Kamehameha|88/100|[from] Stealth Rock
|turn|11
|
|t:|1758315043
|move|p1a: Raging Bolt|Volt Switch|p2a: Kamehameha
|-damage|p2a: Kamehameha|47/100
|
|t:|1758315047
|-end|p1a: Raging Bolt|Protosynthesis|[silent]
|switch|p1a: Heatran|Heatran, M|47/100|[from] Volt Switch
|-damage|p1a: Heatran|35/100|[from] Spikes
|move|p2a: Kamehameha|Calm Mind|p2a: Kamehameha
|-boost|p2a: Kamehameha|spa|1
|-boost|p2a: Kamehameha|spd|1
|
|-heal|p1a: Heatran|41/100|[from] item: Leftovers
|upkeep
|turn|12
|
|t:|1758315058
|-terastallize|p2a: Kamehameha|Ground
|move|p1a: Heatran|Taunt|p2a: Kamehameha
|-start|p2a: Kamehameha|move: Taunt
|move|p2a: Kamehameha|Tera Blast|p1a: Heatran|[anim] Tera Blast Ground
|-supereffective|p1a: Heatran
|-damage|p1a: Heatran|0 fnt
|faint|p1a: Heatran
|-damage|p2a: Kamehameha|38/100|[from] item: Life Orb
|
|upkeep
|
|t:|1758315066
|switch|p1a: Crawdaunt|Crawdaunt, M|100/100
|-damage|p1a: Crawdaunt|88/100|[from] Spikes
|turn|13
|
|t:|1758315072
|-terastallize|p1a: Crawdaunt|Water
|move|p2a: Kamehameha|Draining Kiss|p1a: Crawdaunt
|-damage|p1a: Crawdaunt|3/100
|-heal|p2a: Kamehameha|93/100|[from] drain|[of] p1a: Crawdaunt
|-damage|p2a: Kamehameha|83/100|[from] item: Life Orb
|move|p1a: Crawdaunt|Aqua Jet|p2a: Kamehameha
|-supereffective|p2a: Kamehameha
|-damage|p2a: Kamehameha|0 fnt
|faint|p2a: Kamehameha
|
|upkeep
|
|t:|1758315080
|switch|p2a: Shogun|Kingambit, M|100/100
|-damage|p2a: Shogun|94/100|[from] Stealth Rock
|-activate|p2a: Shogun|ability: Supreme Overlord
|-start|p2a: Shogun|fallen4|[silent]
|turn|14
|
|t:|1758315093
|move|p1a: Crawdaunt|Aqua Jet|p2a: Shogun
|-damage|p2a: Shogun|58/100
|move|p2a: Shogun|Swords Dance|p2a: Shogun
|-boost|p2a: Shogun|atk|2
|
|-heal|p2a: Shogun|64/100|[from] item: Leftovers
|upkeep
|turn|15
|
|t:|1758315098
|move|p1a: Crawdaunt|Aqua Jet|p2a: Shogun
|-damage|p2a: Shogun|30/100
|move|p2a: Shogun|Kowtow Cleave|p1a: Crawdaunt
|-damage|p1a: Crawdaunt|0 fnt
|faint|p1a: Crawdaunt
|
|-heal|p2a: Shogun|36/100|[from] item: Leftovers
|upkeep
|
|t:|1758315100
|switch|p1a: Great Tusk|Great Tusk|100/100
|-damage|p1a: Great Tusk|88/100|[from] Spikes
|turn|16
|
|t:|1758315105
|move|p2a: Shogun|Sucker Punch|p1a: Great Tusk
|-resisted|p1a: Great Tusk
|-damage|p1a: Great Tusk|51/100
|move|p1a: Great Tusk|Headlong Rush|p2a: Shogun
|-supereffective|p2a: Shogun
|-damage|p2a: Shogun|0 fnt
|-unboost|p1a: Great Tusk|def|1
|-unboost|p1a: Great Tusk|spd|1
|faint|p2a: Shogun
|-end|p2a: Shogun|fallen4|[silent]
|
|-heal|p1a: Great Tusk|57/100|[from] item: Leftovers
|upkeep
|
|t:|1758315109
|switch|p2a: HerbsnSpices|Blaziken, M|100/100
|-damage|p2a: HerbsnSpices|88/100|[from] Stealth Rock
|turn|17
|
|t:|1758315112
|move|p2a: HerbsnSpices|Protect|p2a: HerbsnSpices
|-singleturn|p2a: HerbsnSpices|Protect
|move|p1a: Great Tusk|Headlong Rush|p2a: HerbsnSpices
|-activate|p2a: HerbsnSpices|move: Protect
|
|-heal|p1a: Great Tusk|63/100|[from] item: Leftovers
|-ability|p2a: HerbsnSpices|Speed Boost|boost
|-boost|p2a: HerbsnSpices|spe|1
|upkeep
|turn|18
|
|t:|1758315117
|move|p2a: HerbsnSpices|Flare Blitz|p1a: Great Tusk
|-damage|p1a: Great Tusk|0 fnt
|faint|p1a: Great Tusk
|-end|p1a: Great Tusk|Protosynthesis|[silent]
|-damage|p2a: HerbsnSpices|58/100|[from] Recoil
|-damage|p2a: HerbsnSpices|48/100|[from] item: Life Orb
|
|-ability|p2a: HerbsnSpices|Speed Boost|boost
|-boost|p2a: HerbsnSpices|spe|1
|upkeep
|
|t:|1758315119
|switch|p1a: Raging Bolt|Raging Bolt|100/100
|turn|19
|
|t:|1758315123
|move|p2a: HerbsnSpices|Protect|p2a: HerbsnSpices
|-singleturn|p2a: HerbsnSpices|Protect
|move|p1a: Raging Bolt|Thunderbolt|p2a: HerbsnSpices
|-activate|p2a: HerbsnSpices|move: Protect
|
|-ability|p2a: HerbsnSpices|Speed Boost|boost
|-boost|p2a: HerbsnSpices|spe|1
|upkeep
|turn|20
|
|t:|1758315127
|move|p2a: HerbsnSpices|Close Combat|p1a: Raging Bolt
|-damage|p1a: Raging Bolt|17/100
|-unboost|p2a: HerbsnSpices|def|1
|-unboost|p2a: HerbsnSpices|spd|1
|-damage|p2a: HerbsnSpices|38/100|[from] item: Life Orb
|move|p1a: Raging Bolt|Thunderbolt|p2a: HerbsnSpices
|-damage|p2a: HerbsnSpices|0 fnt
|faint|p2a: HerbsnSpices
|
|win|69trash69
|raw|69trash69's rating: 1316 &rarr; <strong>1341</strong><br />(+25 for winning)
|raw|totespommes's rating: 1397 &rarr; <strong>1372</strong><br />(-25 for losing)
|l|☆69trash69
|player|p1|
|l|☆totespommes
|player|p2|
