|j|☆Glonxxu
|j|☆DontMissMantine
|t:|1758283684
|gametype|singles
|player|p1|Glonxxu|dawn-masters2|1630
|player|p2|DontMissMantine|lucas|1631
|gen|9
|tier|[Gen 9] OU
|rated|
|rule|HP Percentage Mod: HP is shown in percentages
|rule|Endless Battle Clause: Forcing endless battles is banned
|rule|Species Clause: Limit one of each Pokémon
|rule|OHKO Clause: OHKO moves are banned
|rule|Evasion Items Clause: Evasion items are banned
|rule|Evasion Moves Clause: Evasion moves are banned
|rule|Evasion Abilities Clause: Evasion abilities are banned
|rule|Sleep Moves Clause: Sleep-inducing moves are banned
|clearpoke
|poke|p1|Ceruledge, M|
|poke|p1|Pecharunt|
|poke|p1|Tyranitar, F|
|poke|p1|Excadrill, M|
|poke|p1|Ting-Lu|
|poke|p1|Raging Bolt|
|poke|p2|Pelipper, F|
|poke|p2|Beartic, M|
|poke|p2|Barraskewda, F|
|poke|p2|Ogerpon-Wellspring, F|
|poke|p2|Zapdos|
|poke|p2|Hatterene, F|
|teampreview
|inactive|Battle timer is ON: inactive players will automatically lose when time's up. (requested by DontMissMantine)
|
|t:|1758283702
|teamsize|p1|6
|teamsize|p2|6
|start
|switch|p1a: Pecharunt|Pecharunt|100/100
|switch|p2a: Pelipper|Pelipper, F|100/100
|-weather|RainDance|[from] ability: Drizzle|[of] p2a: Pelipper
|turn|1
|
|t:|1758283715
|switch|p2a: Zapdos|Zapdos|100/100
|move|p1a: Pecharunt|Parting Shot|p2a: Zapdos
|-unboost|p2a: Zapdos|atk|1
|-unboost|p2a: Zapdos|spa|1
|
|t:|1758283720
|switch|p1a: Tyranitar|Tyranitar, F|100/100|[from] Parting Shot
|-weather|Sandstorm|[from] ability: Sand Stream|[of] p1a: Tyranitar
|
|-weather|Sandstorm|[upkeep]
|-damage|p2a: Zapdos|94/100|[from] Sandstorm
|upkeep
|turn|2
|
|t:|1758283738
|switch|p1a: Raging Bolt|Raging Bolt|100/100
|move|p2a: Zapdos|Volt Switch|p1a: Raging Bolt
|-resisted|p1a: Raging Bolt
|-damage|p1a: Raging Bolt|96/100
|
|t:|1758283744
|switch|p2a: Pelipper|Pelipper, F|100/100|[from] Volt Switch
|-weather|RainDance|[from] ability: Drizzle|[of] p2a: Pelipper
|
|-weather|RainDance|[upkeep]
|upkeep
|turn|3
|
|t:|1758283751
|switch|p2a: Hatterene|Hatterene, F|100/100
|move|p1a: Raging Bolt|Volt Switch|p2a: Hatterene
|-damage|p2a: Hatterene|36/100
|-enditem|p2a: Hatterene|Eject Button
|
|t:|1758283758
|switch|p2a: Beartic|Beartic, M|100/100
|
|-weather|RainDance|[upkeep]
|upkeep
|turn|4
|
|t:|1758283766
|-end|p1a: Raging Bolt|Protosynthesis|[silent]
|switch|p1a: Pecharunt|Pecharunt|100/100
|move|p2a: Beartic|Swords Dance|p2a: Beartic
|-boost|p2a: Beartic|atk|2
|
|-weather|RainDance|[upkeep]
|upkeep
|turn|5
|
|t:|1758283784
|-terastallize|p1a: Pecharunt|Bug
|move|p2a: Beartic|Earthquake|p1a: Pecharunt
|-resisted|p1a: Pecharunt
|-damage|p1a: Pecharunt|83/100
|move|p1a: Pecharunt|Malignant Chain|p2a: Beartic
|-damage|p2a: Beartic|64/100
|
|-weather|RainDance|[upkeep]
|upkeep
|turn|6
|
|t:|1758283809
|move|p2a: Beartic|Icicle Spear|p1a: Pecharunt
|-damage|p1a: Pecharunt|69/100
|-damage|p1a: Pecharunt|57/100
|-damage|p1a: Pecharunt|43/100
|-damage|p1a: Pecharunt|29/100
|-damage|p1a: Pecharunt|16/100
|-hitcount|p1a: Pecharunt|5
|move|p1a: Pecharunt|Malignant Chain|p2a: Beartic
|-damage|p2a: Beartic|24/100
|-status|p2a: Beartic|tox
|-start|p2a: Beartic|confusion|[from] ability: Poison Puppeteer|[of] p1a: Pecharunt
|
|-weather|RainDance|[upkeep]
|-damage|p2a: Beartic|18/100 tox|[from] psn
|upkeep
|turn|7
|inactive|DontMissMantine has 120 seconds left.
|inactive|Glonxxu has 120 seconds left.
|
|t:|1758283842
|switch|p1a: Ting-Lu|Ting-Lu|100/100
|-ability|p1a: Ting-Lu|Vessel of Ruin
|-activate|p2a: Beartic|confusion
|-damage|p2a: Beartic|0 fnt|[from] confusion
|faint|p2a: Beartic
|
|-weather|RainDance|[upkeep]
|upkeep
|
|t:|1758283856
|switch|p2a: Ogerpon|Ogerpon-Wellspring, F|100/100
|turn|8
|inactive|Glonxxu has 120 seconds left.
|
|t:|1758283869
|move|p2a: Ogerpon|Ivy Cudgel|p1a: Ting-Lu|[anim] Ivy Cudgel Water
|-supereffective|p1a: Ting-Lu
|-damage|p1a: Ting-Lu|0 fnt
|faint|p1a: Ting-Lu
|
|-weather|RainDance|[upkeep]
|upkeep
|
|t:|1758283886
|switch|p1a: Raging Bolt|Raging Bolt|96/100
|turn|9
|inactive|DontMissMantine has 120 seconds left.
|
|t:|1758283928
|switch|p2a: Hatterene|Hatterene, F|36/100
|move|p1a: Raging Bolt|Thunderbolt|p2a: Hatterene
|-damage|p2a: Hatterene|0 fnt
|faint|p2a: Hatterene
|
|-weather|none
|upkeep
|
|t:|1758283942
|switch|p2a: Barraskewda|Barraskewda, F|100/100
|turn|10
|
|t:|1758283946
|move|p2a: Barraskewda|Close Combat|p1a: Raging Bolt
|-damage|p1a: Raging Bolt|57/100
|-unboost|p2a: Barraskewda|def|1
|-unboost|p2a: Barraskewda|spd|1
|move|p1a: Raging Bolt|Thunderbolt|p2a: Barraskewda
|-supereffective|p2a: Barraskewda
|-damage|p2a: Barraskewda|0 fnt
|faint|p2a: Barraskewda
|
|upkeep
|
|t:|1758283956
|switch|p2a: Ogerpon|Ogerpon-Wellspring, F|100/100
|turn|11
|
|t:|1758283960
|move|p2a: Ogerpon|Play Rough|p1a: Raging Bolt
|-supereffective|p1a: Raging Bolt
|-damage|p1a: Raging Bolt|3/100
|move|p1a: Raging Bolt|Thunderbolt|p2a: Ogerpon
|-damage|p2a: Ogerpon|2/100
|
|upkeep
|turn|12
|inactive|DontMissMantine has 120 seconds left.
|
|t:|1758283973
|-end|p1a: Raging Bolt|Protosynthesis|[silent]
|switch|p1a: Pecharunt|Pecharunt, tera:Bug|16/100
|move|p2a: Ogerpon|Ivy Cudgel|p1a: Pecharunt|[anim] Ivy Cudgel Water
|-damage|p1a: Pecharunt|0 fnt
|faint|p1a: Pecharunt
|
|upkeep
|
|t:|1758283977
|switch|p1a: Ceruledge|Ceruledge, M|100/100
|-item|p1a: Ceruledge|Air Balloon
|turn|13
|
|t:|1758283988
|switch|p2a: Pelipper|Pelipper, F|100/100
|-weather|RainDance|[from] ability: Drizzle|[of] p2a: Pelipper
|move|p1a: Ceruledge|Shadow Sneak|p2a: Pelipper
|-damage|p2a: Pelipper|83/100
|
|-weather|RainDance|[upkeep]
|upkeep
|turn|14
|
|t:|1758283999
|switch|p1a: Tyranitar|Tyranitar, F|100/100
|-weather|Sandstorm|[from] ability: Sand Stream|[of] p1a: Tyranitar
|move|p2a: Pelipper|Surf|p1a: Tyranitar
|-supereffective|p1a: Tyranitar
|-damage|p1a: Tyranitar|80/100
|
|-weather|Sandstorm|[upkeep]
|-damage|p2a: Pelipper|76/100|[from] Sandstorm
|upkeep
|turn|15
|
|t:|1758284014
|-terastallize|p2a: Pelipper|Steel
|move|p1a: Tyranitar|Dark Pulse|p2a: Pelipper
|-damage|p2a: Pelipper|26/100
|cant|p2a: Pelipper|flinch
|
|-weather|Sandstorm|[upkeep]
|upkeep
|turn|16
|-message|DontMissMantine forfeited.
|
|win|Glonxxu
|raw|Glonxxu's rating: 1630 &rarr; <strong>1650</strong><br />(+20 for winning)
|raw|DontMissMantine's rating: 1631 &rarr; <strong>1611</strong><br />(-20 for losing)
|l|☆DontMissMantine
|player|p2|
|l|☆Glonxxu
|player|p1|
