|badge|p2|bronze|gen9ou|100-6
|uhtml|medal-msg|<div class="broadcast-blue">Curious what those medals under the avatar are? PS now has Ladder Seasons! For more information, check out the <a href="https://www.smogon.com/forums/threads/3740067/">thread on Smogon.</a></div>
|j|☆sly_skip
|j|☆sunny dancing
|t:|1758342779
|gametype|singles
|player|p1|sly_skip|265|1579
|player|p2|sunny dancing|101|1854
|gen|9
|tier|[Gen 9] OU
|rated|
|rule|HP Percentage Mod: HP is shown in percentages
|rule|Endless Battle Clause: Forcing endless battles is banned
|rule|Species Clause: Limit one of each Pokémon
|rule|OHKO Clause: OHKO moves are banned
|rule|Evasion Items Clause: Evasion items are banned
|rule|Evasion Moves Clause: Evasion moves are banned
|rule|Evasion Abilities Clause: Evasion abilities are banned
|rule|Sleep Moves Clause: Sleep-inducing moves are banned
|clearpoke
|poke|p1|Great Tusk|
|poke|p1|Darkrai|
|poke|p1|Garganacl, F|
|poke|p1|Kyurem|
|poke|p1|Zamazenta-*|
|poke|p1|Slowking-Galar, M|
|poke|p2|Ogerpon-Wellspring, F|
|poke|p2|Slowking-Galar, F|
|poke|p2|Great Tusk|
|poke|p2|Moltres|
|poke|p2|Dragapult, F|
|poke|p2|Kingambit, F|
|teampreview
|inactive|Battle timer is ON: inactive players will automatically lose when time's up. (requested by sly_skip)
|
|t:|1758342789
|teamsize|p1|6
|teamsize|p2|6
|start
|switch|p1a: Garganacl|Garganacl, F|100/100
|switch|p2a: Slowking|Slowking-Galar, F|100/100
|turn|1
|inactive|sunny dancing also wants the timer to be on.
|
|t:|1758342795
|switch|p2a: Great Tusk|Great Tusk|100/100
|move|p1a: Garganacl|Earthquake|p2a: Great Tusk
|-damage|p2a: Great Tusk|85/100
|
|upkeep
|turn|2
|
|t:|1758342806
|switch|p1a: Great Tusk|Great Tusk|100/100
|move|p2a: Great Tusk|Headlong Rush|p1a: Great Tusk
|-damage|p1a: Great Tusk|51/100
|-unboost|p2a: Great Tusk|def|1
|-unboost|p2a: Great Tusk|spd|1
|
|upkeep
|turn|3
|
|t:|1758342814
|-end|p1a: Great Tusk|Protosynthesis|[silent]
|switch|p1a: Garganacl|Garganacl, F|100/100
|move|p2a: Great Tusk|Stealth Rock|p1a: Garganacl
|-sidestart|p1: sly_skip|move: Stealth Rock
|
|upkeep
|turn|4
|
|t:|1758342821
|-terastallize|p1a: Garganacl|Water
|move|p2a: Great Tusk|Headlong Rush|p1a: Garganacl
|-damage|p1a: Garganacl|60/100
|-unboost|p2a: Great Tusk|def|1
|-unboost|p2a: Great Tusk|spd|1
|move|p1a: Garganacl|Curse|p1a: Garganacl
|-unboost|p1a: Garganacl|spe|1
|-boost|p1a: Garganacl|atk|1
|-boost|p1a: Garganacl|def|1
|
|-heal|p1a: Garganacl|67/100|[from] item: Leftovers
|upkeep
|turn|5
|
|t:|1758342831
|move|p2a: Great Tusk|Headlong Rush|p1a: Garganacl
|-damage|p1a: Garganacl|43/100
|-unboost|p2a: Great Tusk|def|1
|-unboost|p2a: Great Tusk|spd|1
|move|p1a: Garganacl|Recover|p1a: Garganacl
|-heal|p1a: Garganacl|93/100
|
|-heal|p1a: Garganacl|99/100|[from] item: Leftovers
|upkeep
|turn|6
|
|t:|1758342839
|-end|p2a: Great Tusk|Protosynthesis|[silent]
|switch|p2a: Slowking|Slowking-Galar, F|100/100
|move|p1a: Garganacl|Curse|p1a: Garganacl
|-unboost|p1a: Garganacl|spe|1
|-boost|p1a: Garganacl|atk|1
|-boost|p1a: Garganacl|def|1
|
|-heal|p1a: Garganacl|100/100|[from] item: Leftovers
|upkeep
|turn|7
|
|t:|1758342846
|switch|p2a: Moltres|Moltres|100/100
|move|p1a: Garganacl|Earthquake|p2a: Moltres
|-immune|p2a: Moltres
|
|upkeep
|turn|8
|
|t:|1758342852
|-terastallize|p2a: Moltres|Fairy
|move|p1a: Garganacl|Salt Cure|p2a: Moltres
|-damage|p2a: Moltres|81/100
|-start|p2a: Moltres|Salt Cure
|move|p2a: Moltres|Roar|p1a: Garganacl
|drag|p1a: Slowking|Slowking-Galar, M|100/100
|
|-damage|p2a: Moltres|69/100|[from] Salt Cure
|upkeep
|turn|9
|
|t:|1758342860
|move|p2a: Moltres|U-turn|p1a: Slowking
|-damage|p1a: Slowking|86/100
|
|t:|1758342870
|switch|p2a: Ogerpon|Ogerpon-Wellspring, F|100/100|[from] U-turn
|-prepare|p1a: Slowking|Chilly Reception|[premajor]
|move|p1a: Slowking|Chilly Reception|p1a: Slowking
|-weather|Snowscape
|
|t:|1758342883
|switch|p1a: Kyurem|Kyurem|100/100|[from] Chilly Reception
|-ability|p1a: Kyurem|Pressure
|
|-weather|Snowscape|[upkeep]
|upkeep
|turn|10
|
|t:|1758342891
|switch|p1a: Garganacl|Garganacl, F, tera:Water|100/100
|-damage|p1a: Garganacl|88/100|[from] Stealth Rock
|move|p2a: Ogerpon|U-turn|p1a: Garganacl
|-damage|p1a: Garganacl|72/100
|
|t:|1758342899
|switch|p2a: Moltres|Moltres, tera:Fairy|69/100|[from] U-turn
|
|-weather|Snowscape|[upkeep]
|-heal|p1a: Garganacl|79/100|[from] item: Leftovers
|upkeep
|turn|11
|
|t:|1758342924
|move|p2a: Moltres|Roost|p2a: Moltres
|-heal|p2a: Moltres|100/100
|move|p1a: Garganacl|Salt Cure|p2a: Moltres
|-damage|p2a: Moltres|91/100
|-start|p2a: Moltres|Salt Cure
|
|-weather|Snowscape|[upkeep]
|-heal|p1a: Garganacl|85/100|[from] item: Leftovers
|-damage|p2a: Moltres|79/100|[from] Salt Cure
|upkeep
|turn|12
|
|t:|1758342932
|move|p1a: Garganacl|Earthquake|p2a: Moltres
|-damage|p2a: Moltres|63/100
|move|p2a: Moltres|Roar|p1a: Garganacl
|drag|p1a: Slowking|Slowking-Galar, M|100/100
|
|-weather|Snowscape|[upkeep]
|-damage|p2a: Moltres|51/100|[from] Salt Cure
|upkeep
|turn|13
|inactive|sly_skip has 120 seconds left.
|
|t:|1758342958
|move|p2a: Moltres|U-turn|p1a: Slowking
|-damage|p1a: Slowking|87/100
|
|t:|1758342967
|switch|p2a: Great Tusk|Great Tusk|85/100|[from] U-turn
|-prepare|p1a: Slowking|Chilly Reception|[premajor]
|move|p1a: Slowking|Chilly Reception|p1a: Slowking
|inactive|sly_skip has 120 seconds left.
|inactive|sly_skip has 90 seconds left.
|
|t:|1758343028
|switch|p1a: Darkrai|Darkrai|100/100|[from] Chilly Reception
|
|-weather|none
|upkeep
|turn|14
|
|t:|1758343034
|-end|p2a: Great Tusk|Protosynthesis|[silent]
|switch|p2a: Kingambit|Kingambit, F|100/100
|move|p1a: Darkrai|Ice Beam|p2a: Kingambit
|-resisted|p2a: Kingambit
|-damage|p2a: Kingambit|84/100
|
|-heal|p2a: Kingambit|90/100|[from] item: Leftovers
|upkeep
|turn|15
|inactive|sly_skip has 60 seconds left.
|
|t:|1758343060
|move|p1a: Darkrai|Focus Blast|p2a: Kingambit
|-supereffective|p2a: Kingambit
|-crit|p2a: Kingambit
|-damage|p2a: Kingambit|0 fnt
|faint|p2a: Kingambit
|-end|p2a: Kingambit|fallenundefined|[silent]
|
|upkeep
|
|t:|1758343068
|switch|p2a: Ogerpon|Ogerpon-Wellspring, F|100/100
|turn|16
|
|t:|1758343076
|switch|p1a: Kyurem|Kyurem|100/100
|-ability|p1a: Kyurem|Pressure
|move|p2a: Ogerpon|U-turn|p1a: Kyurem
|-damage|p1a: Kyurem|69/100
|
|t:|1758343084
|switch|p2a: Dragapult|Dragapult, F|100/100|[from] U-turn
|
|upkeep
|turn|17
|
|t:|1758343104
|switch|p1a: Slowking|Slowking-Galar, M|100/100
|move|p2a: Dragapult|U-turn|p1a: Slowking
|-damage|p1a: Slowking|81/100
|
|t:|1758343113
|switch|p2a: Ogerpon|Ogerpon-Wellspring, F|100/100|[from] U-turn
|
|upkeep
|turn|18
|
|t:|1758343138
|move|p2a: Ogerpon|Knock Off|p1a: Slowking
|-supereffective|p1a: Slowking
|-damage|p1a: Slowking|7/100
|-enditem|p1a: Slowking|Heavy-Duty Boots|[from] move: Knock Off|[of] p2a: Ogerpon
|-prepare|p1a: Slowking|Chilly Reception|[premajor]
|move|p1a: Slowking|Chilly Reception|p1a: Slowking
|-weather|Snowscape
|
|t:|1758343141
|switch|p1a: Kyurem|Kyurem|69/100|[from] Chilly Reception
|-ability|p1a: Kyurem|Pressure
|
|-weather|Snowscape|[upkeep]
|upkeep
|turn|19
|
|t:|1758343147
|move|p2a: Ogerpon|Knock Off|p1a: Kyurem
|-damage|p1a: Kyurem|41/100
|-enditem|p1a: Kyurem|Heavy-Duty Boots|[from] move: Knock Off|[of] p2a: Ogerpon
|move|p1a: Kyurem|Dragon Dance|p1a: Kyurem
|-boost|p1a: Kyurem|atk|1
|-boost|p1a: Kyurem|spe|1
|
|-weather|Snowscape|[upkeep]
|upkeep
|turn|20
|
|t:|1758343154
|switch|p2a: Slowking|Slowking-Galar, F|100/100
|move|p1a: Kyurem|Icicle Spear|p2a: Slowking
|-damage|p2a: Slowking|83/100
|-damage|p2a: Slowking|64/100
|-damage|p2a: Slowking|45/100
|-damage|p2a: Slowking|25/100
|-damage|p2a: Slowking|7/100
|-hitcount|p2a: Slowking|5
|
|-weather|Snowscape|[upkeep]
|upkeep
|turn|21
|
|t:|1758343161
|move|p1a: Kyurem|Icicle Spear|p2a: Slowking
|-damage|p2a: Slowking|0 fnt
|faint|p2a: Slowking
|-hitcount|p2: Slowking|1
|
|-weather|Snowscape|[upkeep]
|upkeep
|
|t:|1758343168
|switch|p2a: Moltres|Moltres, tera:Fairy|51/100
|turn|22
|
|t:|1758343175
|move|p1a: Kyurem|Icicle Spear|p2a: Moltres
|-damage|p2a: Moltres|38/100
|-damage|p2a: Moltres|25/100
|-hitcount|p2a: Moltres|2
|move|p2a: Moltres|Roost|p2a: Moltres
|-heal|p2a: Moltres|75/100
|
|-weather|none
|upkeep
|turn|23
|
|t:|1758343192
|move|p1a: Kyurem|Freeze-Dry|p2a: Moltres
|-damage|p2a: Moltres|41/100
|move|p2a: Moltres|Roost|p2a: Moltres
|-heal|p2a: Moltres|91/100
|
|upkeep
|turn|24
|
|t:|1758343199
|move|p1a: Kyurem|Dragon Dance|p1a: Kyurem
|-boost|p1a: Kyurem|atk|1
|-boost|p1a: Kyurem|spe|1
|move|p2a: Moltres|Flamethrower|p1a: Kyurem
|-damage|p1a: Kyurem|6/100
|
|upkeep
|turn|25
|
|t:|1758343206
|move|p1a: Kyurem|Icicle Spear|p2a: Moltres
|-damage|p2a: Moltres|75/100
|-damage|p2a: Moltres|58/100
|-damage|p2a: Moltres|40/100
|-damage|p2a: Moltres|23/100
|-hitcount|p2a: Moltres|4
|move|p2a: Moltres|Roost|p2a: Moltres
|-heal|p2a: Moltres|73/100
|
|upkeep
|turn|26
|inactive|sly_skip has 120 seconds left.
|
|t:|1758343216
|move|p1a: Kyurem|Icicle Spear|p2a: Moltres
|-damage|p2a: Moltres|54/100
|-crit|p2a: Moltres
|-damage|p2a: Moltres|29/100
|-hitcount|p2a: Moltres|2
|move|p2a: Moltres|U-turn|p1a: Kyurem
|-damage|p1a: Kyurem|0 fnt
|faint|p1a: Kyurem
|
|t:|1758343223
|switch|p2a: Ogerpon|Ogerpon-Wellspring, F|100/100|[from] U-turn
|
|upkeep
|
|t:|1758343231
|switch|p1a: Zamazenta|Zamazenta|100/100
|-damage|p1a: Zamazenta|95/100|[from] Stealth Rock
|-ability|p1a: Zamazenta|Dauntless Shield|boost
|-boost|p1a: Zamazenta|def|1
|turn|27
|
|t:|1758343243
|switch|p2a: Moltres|Moltres, tera:Fairy|29/100
|move|p1a: Zamazenta|Substitute|p1a: Zamazenta
|-start|p1a: Zamazenta|Substitute
|-damage|p1a: Zamazenta|70/100
|
|-heal|p1a: Zamazenta|76/100|[from] item: Leftovers
|upkeep
|turn|28
|
|t:|1758343249
|move|p1a: Zamazenta|Heavy Slam|p2a: Moltres
|-supereffective|p2a: Moltres
|-damage|p2a: Moltres|0 fnt
|faint|p2a: Moltres
|
|-heal|p1a: Zamazenta|82/100|[from] item: Leftovers
|upkeep
|
|t:|1758343257
|switch|p2a: Dragapult|Dragapult, F|100/100
|turn|29
|
|t:|1758343264
|switch|p1a: Slowking|Slowking-Galar, M|40/100
|-damage|p1a: Slowking|28/100|[from] Stealth Rock
|move|p2a: Dragapult|Dragon Darts|p1a: Slowking
|-damage|p1a: Slowking|6/100
|-anim|p2a: Dragapult|Dragon Darts|p1a: Slowking
|-damage|p1a: Slowking|0 fnt
|faint|p1a: Slowking
|
|upkeep
|
|t:|1758343267
|switch|p1a: Garganacl|Garganacl, F, tera:Water|85/100
|-damage|p1a: Garganacl|72/100|[from] Stealth Rock
|turn|30
|
|t:|1758343275
|move|p2a: Dragapult|Dragon Darts|p1a: Garganacl
|-damage|p1a: Garganacl|60/100
|-anim|p2a: Dragapult|Dragon Darts|p1a: Garganacl
|-damage|p1a: Garganacl|47/100
|move|p1a: Garganacl|Curse|p1a: Garganacl
|-unboost|p1a: Garganacl|spe|1
|-boost|p1a: Garganacl|atk|1
|-boost|p1a: Garganacl|def|1
|
|-heal|p1a: Garganacl|53/100|[from] item: Leftovers
|upkeep
|turn|31
|
|t:|1758343282
|move|p2a: Dragapult|U-turn|p1a: Garganacl
|-damage|p1a: Garganacl|44/100
|
|t:|1758343290
|switch|p2a: Ogerpon|Ogerpon-Wellspring, F|100/100|[from] U-turn
|move|p1a: Garganacl|Recover|p1a: Garganacl
|-heal|p1a: Garganacl|95/100
|
|-heal|p1a: Garganacl|100/100|[from] item: Leftovers
|upkeep
|turn|32
|
|t:|1758343310
|move|p2a: Ogerpon|Power Whip|p1a: Garganacl
|-supereffective|p1a: Garganacl
|-damage|p1a: Garganacl|40/100
|move|p1a: Garganacl|Salt Cure|p2a: Ogerpon
|-crit|p2a: Ogerpon
|-damage|p2a: Ogerpon|62/100
|-start|p2a: Ogerpon|Salt Cure
|
|-heal|p1a: Garganacl|47/100|[from] item: Leftovers
|-damage|p2a: Ogerpon|37/100|[from] Salt Cure
|upkeep
|turn|33
|
|t:|1758343332
|switch|p1a: Great Tusk|Great Tusk|51/100
|move|p2a: Ogerpon|Power Whip|p1a: Great Tusk
|-supereffective|p1a: Great Tusk
|-damage|p1a: Great Tusk|0 fnt
|faint|p1a: Great Tusk
|-end|p1a: Great Tusk|Protosynthesis|[silent]
|
|-damage|p2a: Ogerpon|12/100|[from] Salt Cure
|upkeep
|
|t:|1758343334
|switch|p1a: Zamazenta|Zamazenta|82/100
|-damage|p1a: Zamazenta|76/100|[from] Stealth Rock
|turn|34
|
|t:|1758343341
|switch|p2a: Dragapult|Dragapult, F|100/100
|move|p1a: Zamazenta|Iron Defense|p1a: Zamazenta
|-boost|p1a: Zamazenta|def|2
|
|-heal|p1a: Zamazenta|82/100|[from] item: Leftovers
|upkeep
|turn|35
|inactive|sly_skip has 120 seconds left.
|
|t:|1758343379
|move|p2a: Dragapult|Will-O-Wisp|p1a: Zamazenta
|-status|p1a: Zamazenta|brn
|move|p1a: Zamazenta|Heavy Slam|p2a: Dragapult
|-damage|p2a: Dragapult|83/100
|
|-heal|p1a: Zamazenta|88/100 brn|[from] item: Leftovers
|-damage|p1a: Zamazenta|82/100 brn|[from] brn
|upkeep
|turn|36
|inactive|sly_skip has 120 seconds left.
|
|t:|1758343387
|move|p2a: Dragapult|Hex|p1a: Zamazenta
|-damage|p1a: Zamazenta|36/100 brn
|move|p1a: Zamazenta|Heavy Slam|p2a: Dragapult
|-damage|p2a: Dragapult|65/100
|
|-heal|p1a: Zamazenta|42/100 brn|[from] item: Leftovers
|-damage|p1a: Zamazenta|36/100 brn|[from] brn
|upkeep
|turn|37
|
|t:|1758343395
|move|p2a: Dragapult|Dragon Darts|p1a: Zamazenta
|-damage|p1a: Zamazenta|29/100 brn
|-anim|p2a: Dragapult|Dragon Darts|p1a: Zamazenta
|-damage|p1a: Zamazenta|22/100 brn
|move|p1a: Zamazenta|Heavy Slam|p2a: Dragapult
|-damage|p2a: Dragapult|46/100
|
|-heal|p1a: Zamazenta|28/100 brn|[from] item: Leftovers
|-damage|p1a: Zamazenta|22/100 brn|[from] brn
|upkeep
|turn|38
|
|t:|1758343403
|move|p2a: Dragapult|Dragon Darts|p1a: Zamazenta
|-damage|p1a: Zamazenta|14/100 brn
|-anim|p2a: Dragapult|Dragon Darts|p1a: Zamazenta
|-damage|p1a: Zamazenta|6/100 brn
|move|p1a: Zamazenta|Heavy Slam|p2a: Dragapult
|-damage|p2a: Dragapult|29/100
|
|-heal|p1a: Zamazenta|12/100 brn|[from] item: Leftovers
|-damage|p1a: Zamazenta|6/100 brn|[from] brn
|upkeep
|turn|39
|
|t:|1758343412
|move|p2a: Dragapult|Dragon Darts|p1a: Zamazenta
|-damage|p1a: Zamazenta|0 fnt
|faint|p1a: Zamazenta
|
|upkeep
|
|t:|1758343414
|switch|p1a: Garganacl|Garganacl, F, tera:Water|47/100
|-damage|p1a: Garganacl|34/100|[from] Stealth Rock
|turn|40
|
|t:|1758343420
|move|p2a: Dragapult|U-turn|p1a: Garganacl
|-damage|p1a: Garganacl|22/100
|
|t:|1758343428
|switch|p2a: Ogerpon|Ogerpon-Wellspring, F|12/100|[from] U-turn
|move|p1a: Garganacl|Recover|p1a: Garganacl
|-heal|p1a: Garganacl|72/100
|
|-heal|p1a: Garganacl|78/100|[from] item: Leftovers
|upkeep
|turn|41
|
|t:|1758343436
|move|p2a: Ogerpon|Power Whip|p1a: Garganacl|[miss]
|-miss|p2a: Ogerpon|p1a: Garganacl
|move|p1a: Garganacl|Salt Cure|p2a: Ogerpon
|-damage|p2a: Ogerpon|0 fnt
|faint|p2a: Ogerpon
|
|-heal|p1a: Garganacl|84/100|[from] item: Leftovers
|upkeep
|
|t:|1758343444
|switch|p2a: Great Tusk|Great Tusk|85/100
|turn|42
|
|t:|1758343451
|move|p2a: Great Tusk|Rapid Spin|p1a: Garganacl
|-damage|p1a: Garganacl|74/100
|-boost|p2a: Great Tusk|spe|1
|move|p1a: Garganacl|Curse|p1a: Garganacl
|-unboost|p1a: Garganacl|spe|1
|-boost|p1a: Garganacl|atk|1
|-boost|p1a: Garganacl|def|1
|
|-heal|p1a: Garganacl|80/100|[from] item: Leftovers
|upkeep
|turn|43
|
|t:|1758343458
|move|p2a: Great Tusk|Rapid Spin|p1a: Garganacl
|-damage|p1a: Garganacl|73/100
|-boost|p2a: Great Tusk|spe|1
|move|p1a: Garganacl|Salt Cure|p2a: Great Tusk
|-resisted|p2a: Great Tusk
|-damage|p2a: Great Tusk|81/100
|-start|p2a: Great Tusk|Salt Cure
|
|-heal|p1a: Garganacl|79/100|[from] item: Leftovers
|-damage|p2a: Great Tusk|69/100|[from] Salt Cure
|upkeep
|turn|44
|
|t:|1758343468
|move|p2a: Great Tusk|Headlong Rush|p1a: Garganacl
|-damage|p1a: Garganacl|53/100
|-unboost|p2a: Great Tusk|def|1
|-unboost|p2a: Great Tusk|spd|1
|move|p1a: Garganacl|Recover|p1a: Garganacl
|-heal|p1a: Garganacl|100/100
|
|-damage|p2a: Great Tusk|57/100|[from] Salt Cure
|upkeep
|turn|45
|
|t:|1758343479
|move|p2a: Great Tusk|Rapid Spin|p1a: Garganacl
|-damage|p1a: Garganacl|93/100
|-boost|p2a: Great Tusk|spe|1
|move|p1a: Garganacl|Curse|p1a: Garganacl
|-unboost|p1a: Garganacl|spe|1
|-boost|p1a: Garganacl|atk|1
|-boost|p1a: Garganacl|def|1
|
|-heal|p1a: Garganacl|99/100|[from] item: Leftovers
|-damage|p2a: Great Tusk|44/100|[from] Salt Cure
|upkeep
|turn|46
|
|t:|1758343487
|move|p2a: Great Tusk|Ice Spinner|p1a: Garganacl
|-resisted|p1a: Garganacl
|-damage|p1a: Garganacl|95/100
|move|p1a: Garganacl|Recover|p1a: Garganacl
|-heal|p1a: Garganacl|100/100
|
|-damage|p2a: Great Tusk|32/100|[from] Salt Cure
|upkeep
|turn|47
|
|t:|1758343494
|move|p2a: Great Tusk|Ice Spinner|p1a: Garganacl
|-resisted|p1a: Garganacl
|-damage|p1a: Garganacl|96/100
|move|p1a: Garganacl|Recover|p1a: Garganacl
|-heal|p1a: Garganacl|100/100
|
|-damage|p2a: Great Tusk|19/100|[from] Salt Cure
|upkeep
|turn|48
|
|t:|1758343502
|move|p2a: Great Tusk|Rapid Spin|p1a: Garganacl
|-damage|p1a: Garganacl|95/100
|-boost|p2a: Great Tusk|spe|1
|move|p1a: Garganacl|Salt Cure|p2a: Great Tusk
|-resisted|p2a: Great Tusk
|-damage|p2a: Great Tusk|11/100
|
|-heal|p1a: Garganacl|100/100|[from] item: Leftovers
|-damage|p2a: Great Tusk|0 fnt|[from] Salt Cure
|faint|p2a: Great Tusk
|-end|p2a: Great Tusk|Protosynthesis|[silent]
|upkeep
|
|t:|1758343511
|switch|p2a: Dragapult|Dragapult, F|29/100
|turn|49
|
|t:|1758343514
|move|p2a: Dragapult|Dragon Darts|p1a: Garganacl
|-damage|p1a: Garganacl|94/100
|-anim|p2a: Dragapult|Dragon Darts|p1a: Garganacl
|-damage|p1a: Garganacl|87/100
|move|p1a: Garganacl|Salt Cure|p2a: Dragapult
|-damage|p2a: Dragapult|0 fnt
|faint|p2a: Dragapult
|
|win|sly_skip
|raw|sly_skip's rating: 1575 &rarr; <strong>1608</strong><br />(+33 for winning)
|raw|sunny dancing's rating: 1854 &rarr; <strong>1821</strong><br />(-33 for losing)
|l|☆sunny dancing
|player|p2|
|l|☆sly_skip
|player|p1|
