|j|☆Luxcalum
|j|☆rickky
|t:|1758343504
|gametype|singles
|player|p1|Luxcalum|101|1287
|player|p2|rickky|nate|1346
|gen|9
|tier|[Gen 9] OU
|rated|
|rule|HP Percentage Mod: HP is shown in percentages
|rule|Endless Battle Clause: Forcing endless battles is banned
|rule|Species Clause: Limit one of each Pokémon
|rule|OHKO Clause: OHKO moves are banned
|rule|Evasion Items Clause: Evasion items are banned
|rule|Evasion Moves Clause: Evasion moves are banned
|rule|Evasion Abilities Clause: Evasion abilities are banned
|rule|Sleep Moves Clause: Sleep-inducing moves are banned
|clearpoke
|poke|p1|Ogerpon-Wellspring, F|
|poke|p1|Great Tusk|
|poke|p1|Raging Bolt|
|poke|p1|Corviknight, M|
|poke|p1|Garganacl, M|
|poke|p1|Slowking-Galar, M|
|poke|p2|Charizard, M|
|poke|p2|Rotom-Wash|
|poke|p2|Torkoal, M|
|poke|p2|Corviknight, M|
|poke|p2|Ursaluna, M|
|poke|p2|Slither Wing|
|teampreview
|
|t:|1758343510
|teamsize|p1|6
|teamsize|p2|6
|start
|switch|p1a: Slowking|Slowking-Galar, M|100/100
|switch|p2a: Rotom|Rotom-Wash, shiny|100/100
|turn|1
|
|t:|1758343517
|move|p2a: Rotom|Will-O-Wisp|p1a: Slowking
|-status|p1a: Slowking|brn
|move|p1a: Slowking|Future Sight|p2a: Rotom
|-start|p1a: Slowking|move: Future Sight
|
|-damage|p1a: Slowking|94/100 brn|[from] brn
|upkeep
|turn|2
|
|t:|1758343525
|move|p2a: Rotom|Volt Switch|p1a: Slowking
|-damage|p1a: Slowking|79/100 brn
|
|t:|1758343529
|switch|p2a: Corviknight|Corviknight, M|100/100|[from] Volt Switch
|-prepare|p1a: Slowking|Chilly Reception|[premajor]
|move|p1a: Slowking|Chilly Reception|p1a: Slowking
|-weather|Snowscape
|
|t:|1758343551
|switch|p1a: Raging Bolt|Raging Bolt|100/100|[from] Chilly Reception
|
|-weather|Snowscape|[upkeep]
|upkeep
|turn|3
|
|t:|1758343558
|switch|p2a: Rotom|Rotom-Wash, shiny|100/100
|move|p1a: Raging Bolt|Draco Meteor|p2a: Rotom
|-damage|p2a: Rotom|45/100
|-unboost|p1a: Raging Bolt|spa|2
|
|-weather|Snowscape|[upkeep]
|-end|p2a: Rotom|move: Future Sight
|-damage|p2a: Rotom|9/100
|-heal|p2a: Rotom|15/100|[from] item: Leftovers
|upkeep
|turn|4
|
|t:|1758343570
|move|p1a: Raging Bolt|Thunderclap||[still]
|-fail|p1a: Raging Bolt
|move|p2a: Rotom|Pain Split|p1a: Raging Bolt
|-sethp|p1a: Raging Bolt|55/100|[from] move: Pain Split|[silent]
|-sethp|p2a: Rotom|82/100|[from] move: Pain Split
|
|-weather|Snowscape|[upkeep]
|-heal|p2a: Rotom|89/100|[from] item: Leftovers
|-heal|p1a: Raging Bolt|62/100|[from] item: Leftovers
|upkeep
|turn|5
|
|t:|1758343580
|-end|p1a: Raging Bolt|Protosynthesis|[silent]
|switch|p1a: Slowking|Slowking-Galar, M|100/100 brn
|move|p2a: Rotom|Volt Switch|p1a: Slowking
|-damage|p1a: Slowking|87/100 brn
|
|t:|1758343598
|switch|p2a: Ursaluna|Ursaluna, M, shiny|100/100|[from] Volt Switch
|
|-weather|Snowscape|[upkeep]
|-damage|p1a: Slowking|80/100 brn|[from] brn
|-status|p2a: Ursaluna|brn|[from] item: Flame Orb
|upkeep
|turn|6
|
|t:|1758343607
|switch|p1a: Corviknight|Corviknight, M|100/100
|-ability|p1a: Corviknight|Pressure
|move|p2a: Ursaluna|Fire Punch|p1a: Corviknight
|-supereffective|p1a: Corviknight
|-damage|p1a: Corviknight|48/100
|
|-weather|none
|-heal|p1a: Corviknight|55/100|[from] item: Leftovers
|-damage|p2a: Ursaluna|94/100 brn|[from] brn
|upkeep
|turn|7
|
|t:|1758343619
|move|p1a: Corviknight|Body Press|p2a: Ursaluna
|-supereffective|p2a: Ursaluna
|-damage|p2a: Ursaluna|59/100 brn
|move|p2a: Ursaluna|Fire Punch|p1a: Corviknight
|-supereffective|p1a: Corviknight
|-damage|p1a: Corviknight|3/100
|-status|p1a: Corviknight|brn
|
|-heal|p1a: Corviknight|9/100 brn|[from] item: Leftovers
|-damage|p1a: Corviknight|3/100 brn|[from] brn
|-damage|p2a: Ursaluna|53/100 brn|[from] brn
|upkeep
|turn|8
|
|t:|1758343635
|switch|p1a: Ogerpon|Ogerpon-Wellspring, F|100/100
|move|p2a: Ursaluna|Drain Punch|p1a: Ogerpon
|-damage|p1a: Ogerpon|40/100
|-heal|p2a: Ursaluna|72/100 brn|[from] drain|[of] p1a: Ogerpon
|
|-damage|p2a: Ursaluna|66/100 brn|[from] brn
|upkeep
|turn|9
|
|t:|1758343646
|switch|p2a: Corviknight|Corviknight, M|100/100
|move|p1a: Ogerpon|Ivy Cudgel|p2a: Corviknight|[anim] Ivy Cudgel Water
|-damage|p2a: Corviknight|67/100
|
|upkeep
|turn|10
|
|t:|1758343653
|switch|p1a: Slowking|Slowking-Galar, M|100/100 brn
|move|p2a: Corviknight|U-turn|p1a: Slowking
|-damage|p1a: Slowking|86/100 brn
|
|t:|1758343660
|switch|p2a: Ursaluna|Ursaluna, M, shiny|66/100 brn|[from] U-turn
|
|-damage|p2a: Ursaluna|60/100 brn|[from] brn
|-damage|p1a: Slowking|80/100 brn|[from] brn
|upkeep
|turn|11
|
|t:|1758343673
|switch|p1a: Great Tusk|Great Tusk|100/100
|-enditem|p1a: Great Tusk|Booster Energy
|-activate|p1a: Great Tusk|ability: Protosynthesis|[fromitem]
|-start|p1a: Great Tusk|protosynthesisspe
|move|p2a: Ursaluna|Facade|p1a: Great Tusk
|-damage|p1a: Great Tusk|24/100
|
|-damage|p2a: Ursaluna|54/100 brn|[from] brn
|upkeep
|turn|12
|
|t:|1758343684
|switch|p2a: Corviknight|Corviknight, M|67/100
|move|p1a: Great Tusk|Close Combat|p2a: Corviknight
|-damage|p2a: Corviknight|34/100
|-unboost|p1a: Great Tusk|def|1
|-unboost|p1a: Great Tusk|spd|1
|-damage|p1a: Great Tusk|8/100|[from] item: Rocky Helmet|[of] p2a: Corviknight
|
|upkeep
|turn|13
|
|t:|1758343696
|-end|p1a: Great Tusk|Protosynthesis|[silent]
|switch|p1a: Slowking|Slowking-Galar, M|100/100 brn
|move|p2a: Corviknight|Roost|p2a: Corviknight
|-heal|p2a: Corviknight|84/100
|-singleturn|p2a: Corviknight|move: Roost
|
|-damage|p1a: Slowking|94/100 brn|[from] brn
|upkeep
|turn|14
|
|t:|1758343707
|move|p2a: Corviknight|U-turn|p1a: Slowking
|-damage|p1a: Slowking|78/100 brn
|
|t:|1758343713
|switch|p2a: Rotom|Rotom-Wash, shiny|89/100|[from] U-turn
|move|p1a: Slowking|Future Sight|p2a: Rotom
|-start|p1a: Slowking|move: Future Sight
|
|-heal|p2a: Rotom|95/100|[from] item: Leftovers
|-damage|p1a: Slowking|72/100 brn|[from] brn
|upkeep
|turn|15
|
|t:|1758343724
|move|p2a: Rotom|Volt Switch|p1a: Slowking
|-damage|p1a: Slowking|57/100 brn
|
|t:|1758343729
|switch|p2a: Corviknight|Corviknight, M|84/100|[from] Volt Switch
|move|p1a: Slowking|Sludge Wave|p2a: Corviknight
|-immune|p2a: Corviknight
|
|-damage|p1a: Slowking|51/100 brn|[from] brn
|upkeep
|turn|16
|
|t:|1758343745
|move|p2a: Corviknight|Iron Head|p1a: Slowking
|-damage|p1a: Slowking|26/100 brn
|move|p1a: Slowking|Flamethrower|p2a: Corviknight
|-supereffective|p2a: Corviknight
|-damage|p2a: Corviknight|43/100
|
|-end|p2a: Corviknight|move: Future Sight
|-resisted|p2a: Corviknight
|-damage|p2a: Corviknight|15/100
|-damage|p1a: Slowking|20/100 brn|[from] brn
|upkeep
|turn|17
|
|t:|1758343764
|switch|p1a: Ogerpon|Ogerpon-Wellspring, F|40/100
|move|p2a: Corviknight|U-turn|p1a: Ogerpon
|-supereffective|p1a: Ogerpon
|-damage|p1a: Ogerpon|0 fnt
|faint|p1a: Ogerpon
|
|t:|1758343780
|switch|p2a: Rotom|Rotom-Wash, shiny|95/100|[from] U-turn
|
|-heal|p2a: Rotom|100/100|[from] item: Leftovers
|upkeep
|
|t:|1758343800
|switch|p1a: Slowking|Slowking-Galar, M|54/100 brn
|turn|18
|
|t:|1758343810
|move|p2a: Rotom|Hydro Pump|p1a: Slowking|[miss]
|-miss|p2a: Rotom|p1a: Slowking
|move|p1a: Slowking|Future Sight|p2a: Rotom
|-start|p1a: Slowking|move: Future Sight
|
|-damage|p1a: Slowking|48/100 brn|[from] brn
|upkeep
|turn|19
|
|t:|1758343821
|move|p2a: Rotom|Volt Switch|p1a: Slowking
|-damage|p1a: Slowking|32/100 brn
|
|t:|1758343824
|switch|p2a: Corviknight|Corviknight, M|15/100|[from] Volt Switch
|-prepare|p1a: Slowking|Chilly Reception|[premajor]
|move|p1a: Slowking|Chilly Reception|p1a: Slowking
|-weather|Snowscape
|
|t:|1758343828
|switch|p1a: Raging Bolt|Raging Bolt|62/100|[from] Chilly Reception
|
|-weather|Snowscape|[upkeep]
|-heal|p1a: Raging Bolt|68/100|[from] item: Leftovers
|upkeep
|turn|20
|
|t:|1758343842
|move|p1a: Raging Bolt|Calm Mind|p1a: Raging Bolt
|-boost|p1a: Raging Bolt|spa|1
|-boost|p1a: Raging Bolt|spd|1
|move|p2a: Corviknight|U-turn|p1a: Raging Bolt
|-damage|p1a: Raging Bolt|56/100
|
|t:|1758343862
|switch|p2a: Rotom|Rotom-Wash, shiny|100/100|[from] U-turn
|
|-weather|Snowscape|[upkeep]
|-end|p2a: Rotom|move: Future Sight
|-damage|p2a: Rotom|69/100
|-heal|p2a: Rotom|75/100|[from] item: Leftovers
|-heal|p1a: Raging Bolt|62/100|[from] item: Leftovers
|upkeep
|turn|21
|
|t:|1758343871
|move|p2a: Rotom|Will-O-Wisp|p1a: Raging Bolt
|-status|p1a: Raging Bolt|brn
|move|p1a: Raging Bolt|Volt Switch|p2a: Rotom
|-damage|p2a: Rotom|25/100
|
|t:|1758343886
|-end|p1a: Raging Bolt|Protosynthesis|[silent]
|switch|p1a: Great Tusk|Great Tusk|8/100|[from] Volt Switch
|
|-weather|Snowscape|[upkeep]
|-heal|p2a: Rotom|31/100|[from] item: Leftovers
|upkeep
|turn|22
|
|t:|1758343894
|switch|p2a: Corviknight|Corviknight, M|15/100
|move|p1a: Great Tusk|Close Combat|p2a: Corviknight
|-damage|p2a: Corviknight|0 fnt
|-unboost|p1a: Great Tusk|def|1
|-unboost|p1a: Great Tusk|spd|1
|-damage|p1a: Great Tusk|0 fnt|[from] item: Rocky Helmet|[of] p2a: Corviknight
|faint|p2a: Corviknight
|faint|p1a: Great Tusk
|-end|p1a: Great Tusk|Protosynthesis|[silent]
|
|-weather|Snowscape|[upkeep]
|upkeep
|
|t:|1758343912
|switch|p1a: Slowking|Slowking-Galar, M|65/100 brn
|switch|p2a: Slither Wing|Slither Wing|100/100
|turn|23
|
|t:|1758343919
|switch|p1a: Corviknight|Corviknight, M|3/100 brn
|-ability|p1a: Corviknight|Pressure
|move|p2a: Slither Wing|U-turn|p1a: Corviknight
|-resisted|p1a: Corviknight
|-damage|p1a: Corviknight|0 fnt
|faint|p1a: Corviknight
|
|t:|1758343928
|-end|p2a: Slither Wing|Protosynthesis|[silent]
|switch|p2a: Torkoal|Torkoal, M|100/100|[from] U-turn
|-weather|SunnyDay|[from] ability: Drought|[of] p2a: Torkoal
|
|-weather|SunnyDay|[upkeep]
|upkeep
|
|t:|1758343933
|switch|p1a: Slowking|Slowking-Galar, M|99/100 brn
|turn|24
|
|t:|1758343943
|switch|p2a: Charizard|Charizard, M, shiny|100/100
|-prepare|p1a: Slowking|Chilly Reception|[premajor]
|move|p1a: Slowking|Chilly Reception|p1a: Slowking
|-weather|Snowscape
|
|t:|1758343951
|switch|p1a: Garganacl|Garganacl, M|100/100|[from] Chilly Reception
|
|-weather|Snowscape|[upkeep]
|upkeep
|turn|25
|
|t:|1758343958
|switch|p2a: Rotom|Rotom-Wash, shiny|31/100
|move|p1a: Garganacl|Salt Cure|p2a: Rotom
|-damage|p2a: Rotom|17/100
|-start|p2a: Rotom|Salt Cure
|
|-weather|Snowscape|[upkeep]
|-heal|p2a: Rotom|23/100|[from] item: Leftovers
|-damage|p2a: Rotom|0 fnt|[from] Salt Cure
|faint|p2a: Rotom
|upkeep
|
|t:|1758343974
|switch|p2a: Ursaluna|Ursaluna, M, shiny|54/100 brn
|turn|26
|
|t:|1758343984
|-terastallize|p1a: Garganacl|Fairy
|move|p2a: Ursaluna|Drain Punch|p1a: Garganacl
|-resisted|p1a: Garganacl
|-damage|p1a: Garganacl|86/100
|-heal|p2a: Ursaluna|60/100 brn|[from] drain|[of] p1a: Garganacl
|move|p1a: Garganacl|Salt Cure|p2a: Ursaluna
|-resisted|p2a: Ursaluna
|-damage|p2a: Ursaluna|55/100 brn
|-start|p2a: Ursaluna|Salt Cure
|
|-weather|Snowscape|[upkeep]
|-heal|p1a: Garganacl|92/100|[from] item: Leftovers
|-damage|p2a: Ursaluna|49/100 brn|[from] brn
|-damage|p2a: Ursaluna|36/100 brn|[from] Salt Cure
|upkeep
|turn|27
|
|t:|1758344001
|switch|p2a: Torkoal|Torkoal, M|100/100
|-weather|SunnyDay|[from] ability: Drought|[of] p2a: Torkoal
|move|p1a: Garganacl|Protect||[still]
|-fail|p1a: Garganacl
|
|-weather|SunnyDay|[upkeep]
|-heal|p1a: Garganacl|99/100|[from] item: Leftovers
|upkeep
|turn|28
|
|t:|1758344016
|move|p1a: Garganacl|Salt Cure|p2a: Torkoal
|-supereffective|p2a: Torkoal
|-damage|p2a: Torkoal|79/100
|-start|p2a: Torkoal|Salt Cure
|move|p2a: Torkoal|Lava Plume|p1a: Garganacl
|-damage|p1a: Garganacl|70/100
|
|-weather|SunnyDay|[upkeep]
|-heal|p1a: Garganacl|76/100|[from] item: Leftovers
|-heal|p2a: Torkoal|85/100|[from] item: Leftovers
|-damage|p2a: Torkoal|73/100|[from] Salt Cure
|upkeep
|turn|29
|
|t:|1758344028
|switch|p2a: Charizard|Charizard, M, shiny|100/100
|move|p1a: Garganacl|Salt Cure|p2a: Charizard
|-supereffective|p2a: Charizard
|-damage|p2a: Charizard|26/100
|-start|p2a: Charizard|Salt Cure
|
|-weather|SunnyDay|[upkeep]
|-damage|p2a: Charizard|14/100|[from] ability: Solar Power|[of] p2a: Charizard
|-heal|p1a: Garganacl|82/100|[from] item: Leftovers
|-damage|p2a: Charizard|2/100|[from] Salt Cure
|upkeep
|turn|30
|
|t:|1758344040
|move|p1a: Garganacl|Protect|p1a: Garganacl
|-singleturn|p1a: Garganacl|Protect
|move|p2a: Charizard|Flamethrower|p1a: Garganacl
|-activate|p1a: Garganacl|move: Protect
|
|-weather|SunnyDay|[upkeep]
|-damage|p2a: Charizard|0 fnt|[from] ability: Solar Power|[of] p2a: Charizard
|faint|p2a: Charizard
|-heal|p1a: Garganacl|89/100|[from] item: Leftovers
|upkeep
|
|t:|1758344053
|switch|p2a: Ursaluna|Ursaluna, M, shiny|36/100 brn
|turn|31
|
|t:|1758344061
|move|p2a: Ursaluna|Facade|p1a: Garganacl
|-damage|p1a: Garganacl|0 fnt
|faint|p1a: Garganacl
|
|-weather|none
|-damage|p2a: Ursaluna|30/100 brn|[from] brn
|upkeep
|
|t:|1758344070
|switch|p1a: Raging Bolt|Raging Bolt|62/100 brn
|turn|32
|
|t:|1758344078
|-terastallize|p2a: Ursaluna|Fairy
|move|p1a: Raging Bolt|Draco Meteor|p2a: Ursaluna
|-immune|p2a: Ursaluna
|move|p2a: Ursaluna|Facade|p1a: Raging Bolt
|-damage|p1a: Raging Bolt|0 fnt
|faint|p1a: Raging Bolt
|-end|p1a: Raging Bolt|Protosynthesis|[silent]
|
|-damage|p2a: Ursaluna|24/100 brn|[from] brn
|upkeep
|-message|Luxcalum forfeited.
|
|win|rickky
|raw|Luxcalum's rating: 1287 &rarr; <strong>1266</strong><br />(-21 for losing)
|raw|rickky's rating: 1346 &rarr; <strong>1363</strong><br />(+17 for winning)
|l|☆rickky
|player|p2|
|l|☆Luxcalum
|player|p1|
