|j|☆ballsackmanny
|j|☆GFYSYDAR
|t:|1758295694
|gametype|singles
|player|p1|ballsackmanny|1|1267
|player|p2|GFYSYDAR|scientist-gen4dp|1221
|gen|9
|tier|[Gen 9] OU
|rated|
|rule|HP Percentage Mod: HP is shown in percentages
|rule|Endless Battle Clause: Forcing endless battles is banned
|rule|Species Clause: Limit one of each Pokémon
|rule|OHKO Clause: OHKO moves are banned
|rule|Evasion Items Clause: Evasion items are banned
|rule|Evasion Moves Clause: Evasion moves are banned
|rule|Evasion Abilities Clause: Evasion abilities are banned
|rule|Sleep Moves Clause: Sleep-inducing moves are banned
|clearpoke
|poke|p1|Glimmora, F|
|poke|p1|Ting-Lu|
|poke|p1|Ogerpon-Wellspring, F|
|poke|p1|Dragonite, M|
|poke|p1|Darkrai|
|poke|p1|Corviknight, M|
|poke|p2|Electrode-Hisui|
|poke|p2|Gallade, M|
|poke|p2|Slowking-Galar, M|
|poke|p2|Alomomola, F|
|poke|p2|Great Tusk|
|poke|p2|Landorus-Therian, M|
|teampreview
|inactive|Battle timer is ON: inactive players will automatically lose when time's up. (requested by ballsackmanny)
|
|t:|1758295711
|teamsize|p1|6
|teamsize|p2|6
|start
|switch|p1a: Corviknight|Corviknight, M|100/100
|switch|p2a: Slowking|Slowking-Galar, M|100/100
|turn|1
|
|t:|1758295720
|move|p1a: Corviknight|Brave Bird|p2a: Slowking
|-damage|p2a: Slowking|61/100
|-damage|p1a: Corviknight|88/100|[from] Recoil
|move|p2a: Slowking|Future Sight|p1a: Corviknight
|-start|p2a: Slowking|move: Future Sight
|
|upkeep
|turn|2
|
|t:|1758295728
|switch|p2a: Alomomola|Alomomola, F, shiny|100/100
|move|p1a: Corviknight|U-turn|p2a: Alomomola
|-damage|p2a: Alomomola|92/100
|
|t:|1758295739
|switch|p1a: Darkrai|Darkrai|100/100|[from] U-turn
|
|upkeep
|turn|3
|
|t:|1758295748
|move|p1a: Darkrai|Substitute|p1a: Darkrai
|-start|p1a: Darkrai|Substitute
|-damage|p1a: Darkrai|76/100
|move|p2a: Alomomola|Body Slam|p1a: Darkrai
|-activate|p1a: Darkrai|move: Substitute|[damage]
|
|-end|p1a: Darkrai|move: Future Sight
|-immune|p1a: Darkrai
|-heal|p1a: Darkrai|82/100|[from] item: Leftovers
|upkeep
|turn|4
|
|t:|1758295759
|move|p1a: Darkrai|Nasty Plot|p1a: Darkrai
|-boost|p1a: Darkrai|spa|2
|move|p2a: Alomomola|Flip Turn|p1a: Darkrai
|-end|p1a: Darkrai|Substitute
|
|t:|1758295766
|switch|p2a: Electrode|Electrode-Hisui, shiny|100/100|[from] Flip Turn
|
|-heal|p1a: Darkrai|88/100|[from] item: Leftovers
|upkeep
|turn|5
|
|t:|1758295774
|move|p2a: Electrode|Chloroblast|p1a: Darkrai
|-damage|p1a: Darkrai|0 fnt
|faint|p1a: Darkrai
|-damage|p2a: Electrode|50/100|[from] Recoil
|
|upkeep
|
|t:|1758295782
|switch|p1a: Glimmora|Glimmora, F|100/100
|turn|6
|
|t:|1758295787
|switch|p2a: Slowking|Slowking-Galar, M|94/100
|move|p1a: Glimmora|Sludge Wave|p2a: Slowking
|-resisted|p2a: Slowking
|-damage|p2a: Slowking|80/100
|
|upkeep
|turn|7
|
|t:|1758295794
|move|p1a: Glimmora|Spikes|p2a: Slowking
|-sidestart|p2: GFYSYDAR|Spikes
|move|p2a: Slowking|Future Sight|p1a: Glimmora
|-start|p2a: Slowking|move: Future Sight
|
|upkeep
|turn|8
|
|t:|1758295799
|move|p1a: Glimmora|Spikes|p2a: Slowking
|-sidestart|p2: GFYSYDAR|Spikes
|move|p2a: Slowking|Sludge Bomb|p1a: Glimmora
|-resisted|p1a: Glimmora
|-damage|p1a: Glimmora|87/100
|
|upkeep
|turn|9
|
|t:|1758295806
|move|p1a: Glimmora|Spikes|p2a: Slowking
|-sidestart|p2: GFYSYDAR|Spikes
|-prepare|p2a: Slowking|Chilly Reception|[premajor]
|move|p2a: Slowking|Chilly Reception|p2a: Slowking
|-weather|Snowscape
|
|t:|1758295812
|switch|p2a: Great Tusk|Great Tusk|100/100|[from] Chilly Reception
|
|-weather|Snowscape|[upkeep]
|-end|p1a: Glimmora|move: Future Sight
|-supereffective|p1a: Glimmora
|-damage|p1a: Glimmora|0 fnt
|faint|p1a: Glimmora
|upkeep
|
|t:|1758295821
|switch|p1a: Dragonite|Dragonite, M|100/100
|turn|10
|
|t:|1758295826
|move|p2a: Great Tusk|Rapid Spin|p1a: Dragonite
|-damage|p1a: Dragonite|90/100
|-boost|p2a: Great Tusk|spe|1
|-sideend|p2: GFYSYDAR|Spikes|[from] move: Rapid Spin|[of] p2a: Great Tusk
|move|p1a: Dragonite|Dragon Dance|p1a: Dragonite
|-boost|p1a: Dragonite|atk|1
|-boost|p1a: Dragonite|spe|1
|
|-weather|Snowscape|[upkeep]
|upkeep
|turn|11
|
|t:|1758295835
|move|p2a: Great Tusk|Ice Spinner|p1a: Dragonite
|-supereffective|p1a: Dragonite
|-damage|p1a: Dragonite|0 fnt
|faint|p1a: Dragonite
|
|-weather|Snowscape|[upkeep]
|upkeep
|-message|ballsackmanny forfeited.
|
|win|GFYSYDAR
|raw|ballsackmanny's rating: 1267 &rarr; <strong>1239</strong><br />(-28 for losing)
|raw|GFYSYDAR's rating: 1221 &rarr; <strong>1249</strong><br />(+28 for winning)
|l|☆ballsackmanny
|player|p1|
