|j|☆tony93420
|j|☆DeCompaniu
|t:|1758324322
|gametype|singles
|player|p1|tony93420|hugh|1258
|player|p2|DeCompaniu|richboy|1211
|gen|9
|tier|[Gen 9] OU
|rated|
|rule|HP Percentage Mod: HP is shown in percentages
|rule|Endless Battle Clause: Forcing endless battles is banned
|rule|Species Clause: Limit one of each Pokémon
|rule|OHKO Clause: OHKO moves are banned
|rule|Evasion Items Clause: Evasion items are banned
|rule|Evasion Moves Clause: Evasion moves are banned
|rule|Evasion Abilities Clause: Evasion abilities are banned
|rule|Sleep Moves Clause: Sleep-inducing moves are banned
|clearpoke
|poke|p1|Gliscor, M|
|poke|p1|Cinderace, M|
|poke|p1|Moltres|
|poke|p1|Dragonite, M|
|poke|p1|Ogerpon-Cornerstone, F|
|poke|p1|Donphan, F|
|poke|p2|Greedent, F|
|poke|p2|Hawlucha, F|
|poke|p2|Glimmora, F|
|poke|p2|Indeedee, M|
|poke|p2|Polteageist-Antique|
|poke|p2|Golurk|
|teampreview
|inactive|Battle timer is ON: inactive players will automatically lose when time's up. (requested by tony93420)
|
|t:|1758324337
|teamsize|p1|6
|teamsize|p2|6
|start
|switch|p1a: Ogerpon|Ogerpon-Cornerstone, F|100/100
|switch|p2a: Glimmora|Glimmora, F|100/100
|turn|1
|
|t:|1758324344
|move|p1a: Ogerpon|Ivy Cudgel|p2a: Glimmora|[anim] Ivy Cudgel Rock
|-crit|p2a: Glimmora
|-enditem|p2a: Glimmora|Focus Sash
|-damage|p2a: Glimmora|1/100
|-activate|p2a: Glimmora|ability: Toxic Debris
|-sidestart|p1: tony93420|move: Toxic Spikes
|move|p2a: Glimmora|Sludge Bomb|p1a: Ogerpon
|-damage|p1a: Ogerpon|41/100
|-status|p1a: Ogerpon|psn
|
|-damage|p1a: Ogerpon|29/100 psn|[from] psn
|upkeep
|turn|2
|
|t:|1758324360
|move|p1a: Ogerpon|Ivy Cudgel|p2a: Glimmora|[anim] Ivy Cudgel Rock
|-damage|p2a: Glimmora|0 fnt
|-activate|p2a: Glimmora|ability: Toxic Debris
|-sidestart|p1: tony93420|move: Toxic Spikes
|faint|p2a: Glimmora
|
|-damage|p1a: Ogerpon|16/100 psn|[from] psn
|upkeep
|
|t:|1758324369
|switch|p2a: Indeedee|Indeedee, M|100/100
|-fieldstart|move: Psychic Terrain|[from] ability: Psychic Surge|[of] p2a: Indeedee
|turn|3
|
|t:|1758324374
|move|p2a: Indeedee|Expanding Force|p1a: Ogerpon
|-damage|p1a: Ogerpon|0 fnt
|faint|p1a: Ogerpon
|
|upkeep
|
|t:|1758324378
|switch|p1a: Cinderace|Cinderace, M, shiny|100/100
|turn|4
|
|t:|1758324382
|move|p1a: Cinderace|Sucker Punch|p2a: Indeedee
|-start|p1a: Cinderace|typechange|Dark|[from] ability: Libero
|-activate|p2a: Indeedee|move: Psychic Terrain
|move|p2a: Indeedee|Expanding Force|p1a: Cinderace
|-immune|p1a: Cinderace
|
|upkeep
|turn|5
|
|t:|1758324396
|switch|p2a: Hawlucha|Hawlucha, F|100/100
|-enditem|p2a: Hawlucha|Psychic Seed
|-boost|p2a: Hawlucha|spd|1|[from] item: Psychic Seed
|move|p1a: Cinderace|Court Change|p1a: Cinderace
|-swapsideconditions
|-activate|p1a: Cinderace|move: Court Change
|
|upkeep
|turn|6
|
|t:|1758324407
|switch|p1a: Moltres|Moltres|100/100
|move|p2a: Hawlucha|Swords Dance|p2a: Hawlucha
|-boost|p2a: Hawlucha|atk|2
|
|upkeep
|turn|7
|
|t:|1758324414
|move|p2a: Hawlucha|Swords Dance|p2a: Hawlucha
|-boost|p2a: Hawlucha|atk|2
|move|p1a: Moltres|Flamethrower|p2a: Hawlucha
|-damage|p2a: Hawlucha|58/100
|-status|p2a: Hawlucha|brn
|
|-damage|p2a: Hawlucha|52/100 brn|[from] brn
|-fieldend|move: Psychic Terrain
|upkeep
|turn|8
|
|t:|1758324430
|move|p2a: Hawlucha|Acrobatics|p1a: Moltres
|-damage|p1a: Moltres|36/100
|-damage|p2a: Hawlucha|36/100 brn|[from] item: Rocky Helmet|[of] p1a: Moltres
|move|p1a: Moltres|Flamethrower|p2a: Hawlucha
|-damage|p2a: Hawlucha|0 fnt
|faint|p2a: Hawlucha
|
|upkeep
|
|t:|1758324440
|switch|p2a: Indeedee|Indeedee, M|100/100
|-status|p2a: Indeedee|tox
|-fieldstart|move: Psychic Terrain|[from] ability: Psychic Surge|[of] p2a: Indeedee
|turn|9
|
|t:|1758324446
|move|p2a: Indeedee|Expanding Force|p1a: Moltres
|-damage|p1a: Moltres|0 fnt
|faint|p1a: Moltres
|
|-damage|p2a: Indeedee|94/100 tox|[from] psn
|upkeep
|
|t:|1758324449
|switch|p1a: Cinderace|Cinderace, M, shiny|100/100
|turn|10
|
|t:|1758324460
|move|p1a: Cinderace|Sucker Punch|p2a: Indeedee
|-start|p1a: Cinderace|typechange|Dark|[from] ability: Libero
|-activate|p2a: Indeedee|move: Psychic Terrain
|move|p2a: Indeedee|Expanding Force|p1a: Cinderace
|-immune|p1a: Cinderace
|
|-damage|p2a: Indeedee|82/100 tox|[from] psn
|upkeep
|turn|11
|
|t:|1758324471
|switch|p2a: Golurk|Golurk|100/100
|-status|p2a: Golurk|tox
|move|p1a: Cinderace|Will-O-Wisp||[still]
|-fail|p1a: Cinderace
|
|-damage|p2a: Golurk|94/100 tox|[from] psn
|upkeep
|turn|12
|
|t:|1758324484
|move|p1a: Cinderace|U-turn|p2a: Golurk
|-resisted|p2a: Golurk
|-damage|p2a: Golurk|82/100 tox
|
|t:|1758324487
|switch|p1a: Gliscor|Gliscor, M, shiny|100/100|[from] U-turn
|move|p2a: Golurk|Trick|p1a: Gliscor
|-activate|p2a: Golurk|move: Trick|[of] p1a: Gliscor
|-item|p1a: Gliscor|Choice Band|[from] move: Trick
|-item|p2a: Golurk|Toxic Orb|[from] move: Trick
|
|-damage|p2a: Golurk|70/100 tox|[from] psn
|upkeep
|turn|13
|
|t:|1758324502
|move|p1a: Gliscor|Earthquake|p2a: Golurk
|-damage|p2a: Golurk|0 fnt
|faint|p2a: Golurk
|
|-fieldend|move: Psychic Terrain
|upkeep
|
|t:|1758324510
|switch|p2a: Greedent|Greedent, F|100/100
|-status|p2a: Greedent|tox
|turn|14
|
|t:|1758324516
|move|p1a: Gliscor|Earthquake|p2a: Greedent
|-damage|p2a: Greedent|59/100 tox
|move|p2a: Greedent|Stuff Cheeks|p2a: Greedent
|-boost|p2a: Greedent|def|2
|-enditem|p2a: Greedent|Ganlon Berry|[eat]
|-boost|p2a: Greedent|def|1|[from] item: Ganlon Berry
|-heal|p2a: Greedent|92/100 tox|[from] ability: Cheek Pouch
|
|-damage|p2a: Greedent|86/100 tox|[from] psn
|upkeep
|turn|15
|
|t:|1758324528
|move|p1a: Gliscor|Earthquake|p2a: Greedent
|-damage|p2a: Greedent|69/100 tox
|move|p2a: Greedent|Super Fang|p1a: Gliscor
|-damage|p1a: Gliscor|51/100
|
|-damage|p2a: Greedent|57/100 tox|[from] psn
|upkeep
|turn|16
|
|t:|1758324537
|move|p1a: Gliscor|Earthquake|p2a: Greedent
|-damage|p2a: Greedent|42/100 tox
|move|p2a: Greedent|Super Fang|p1a: Gliscor
|-damage|p1a: Gliscor|26/100
|
|-damage|p2a: Greedent|24/100 tox|[from] psn
|upkeep
|turn|17
|
|t:|1758324547
|move|p1a: Gliscor|Earthquake|p2a: Greedent
|-damage|p2a: Greedent|9/100 tox
|move|p2a: Greedent|Body Press|p1a: Gliscor
|-resisted|p1a: Gliscor
|-damage|p1a: Gliscor|0 fnt
|faint|p1a: Gliscor
|
|-damage|p2a: Greedent|0 fnt|[from] psn
|faint|p2a: Greedent
|upkeep
|
|t:|1758324559
|switch|p1a: Donphan|Donphan, F|100/100
|switch|p2a: Indeedee|Indeedee, M|82/100 tox
|-fieldstart|move: Psychic Terrain|[from] ability: Psychic Surge|[of] p2a: Indeedee
|turn|18
|
|t:|1758324568
|move|p1a: Donphan|Ice Shard|p2a: Indeedee
|-activate|p2a: Indeedee|move: Psychic Terrain
|move|p2a: Indeedee|Expanding Force|p1a: Donphan
|-damage|p1a: Donphan|40/100
|
|-damage|p2a: Indeedee|76/100 tox|[from] psn
|upkeep
|turn|19
|
|t:|1758324576
|move|p2a: Indeedee|Expanding Force|p1a: Donphan
|-damage|p1a: Donphan|0 fnt
|faint|p1a: Donphan
|
|-damage|p2a: Indeedee|64/100 tox|[from] psn
|upkeep
|
|t:|1758324583
|switch|p1a: Cinderace|Cinderace, M, shiny|100/100
|turn|20
|
|t:|1758324586
|switch|p2a: Polteageist|Polteageist-Antique|100/100
|-status|p2a: Polteageist|tox
|move|p1a: Cinderace|Sucker Punch||[still]
|-fail|p1a: Cinderace
|
|-damage|p2a: Polteageist|94/100 tox|[from] psn
|upkeep
|turn|21
|
|t:|1758324595
|move|p1a: Cinderace|U-turn|p2a: Polteageist
|-start|p1a: Cinderace|typechange|Bug|[from] ability: Libero
|-resisted|p2a: Polteageist
|-damage|p2a: Polteageist|64/100 tox
|-ability|p2a: Polteageist|Weak Armor|boost
|-unboost|p2a: Polteageist|def|1
|-boost|p2a: Polteageist|spe|2
|
|t:|1758324602
|switch|p1a: Dragonite|Dragonite, M|100/100|[from] U-turn
|move|p2a: Polteageist|Will-O-Wisp|p1a: Dragonite
|-status|p1a: Dragonite|brn
|
|-damage|p2a: Polteageist|52/100 tox|[from] psn
|-damage|p1a: Dragonite|94/100 brn|[from] brn
|upkeep
|turn|22
|
|t:|1758324622
|move|p2a: Polteageist|Shadow Ball|p1a: Dragonite
|-damage|p1a: Dragonite|51/100 brn
|move|p1a: Dragonite|Ice Spinner|p2a: Polteageist
|-damage|p2a: Polteageist|15/100 tox
|-ability|p2a: Polteageist|Weak Armor|boost
|-unboost|p2a: Polteageist|def|1
|-boost|p2a: Polteageist|spe|2
|-fieldend|move: Psychic Terrain
|
|-heal|p1a: Dragonite|58/100 brn|[from] item: Leftovers
|-damage|p2a: Polteageist|0 fnt|[from] psn
|faint|p2a: Polteageist
|-damage|p1a: Dragonite|51/100 brn|[from] brn
|upkeep
|
|t:|1758324637
|switch|p2a: Indeedee|Indeedee, M|64/100 tox
|-fieldstart|move: Psychic Terrain|[from] ability: Psychic Surge|[of] p2a: Indeedee
|turn|23
|
|t:|1758324644
|-terastallize|p2a: Indeedee|Fighting
|move|p2a: Indeedee|Tera Blast|p1a: Dragonite|[anim] Tera Blast Fighting
|-resisted|p1a: Dragonite
|-damage|p1a: Dragonite|32/100 brn
|move|p1a: Dragonite|Ice Spinner|p2a: Indeedee
|-damage|p2a: Indeedee|35/100 tox
|-fieldend|move: Psychic Terrain
|
|-heal|p1a: Dragonite|38/100 brn|[from] item: Leftovers
|-damage|p2a: Indeedee|29/100 tox|[from] psn
|-damage|p1a: Dragonite|32/100 brn|[from] brn
|upkeep
|turn|24
|-message|DeCompaniu forfeited.
|
|win|tony93420
|raw|tony93420's rating: 1258 &rarr; <strong>1280</strong><br />(+22 for winning)
|raw|DeCompaniu's rating: 1211 &rarr; <strong>1189</strong><br />(-22 for losing)
|l|☆DeCompaniu
|player|p2|
