|j|☆PandaJanai
|j|☆c.empty
|t:|1758344214
|gametype|singles
|player|p1|PandaJanai|102|1217
|player|p2|c.empty|2|1199
|gen|9
|tier|[Gen 9] OU
|rated|
|rule|HP Percentage Mod: HP is shown in percentages
|rule|Endless Battle Clause: Forcing endless battles is banned
|rule|Species Clause: Limit one of each Pokémon
|rule|OHKO Clause: OHKO moves are banned
|rule|Evasion Items Clause: Evasion items are banned
|rule|Evasion Moves Clause: Evasion moves are banned
|rule|Evasion Abilities Clause: Evasion abilities are banned
|rule|Sleep Moves Clause: Sleep-inducing moves are banned
|clearpoke
|poke|p1|Garganacl, M|
|poke|p1|Scizor, M|
|poke|p1|Pawmot, F|
|poke|p1|Greninja-*, M|
|poke|p1|Dragonite, M|
|poke|p1|Blaziken, F|
|poke|p2|Ninetales, F|
|poke|p2|Great Tusk|
|poke|p2|Walking Wake|
|poke|p2|Slither Wing|
|poke|p2|Ting-Lu|
|poke|p2|Venusaur, M|
|teampreview
|
|t:|1758344231
|teamsize|p1|6
|teamsize|p2|6
|start
|switch|p1a: Garganacl|Garganacl, M|100/100
|switch|p2a: Great Tusk|Great Tusk|100/100
|turn|1
|
|t:|1758344247
|move|p2a: Great Tusk|Headlong Rush|p1a: Garganacl
|-supereffective|p1a: Garganacl
|-damage|p1a: Garganacl|41/100
|-unboost|p2a: Great Tusk|def|1
|-unboost|p2a: Great Tusk|spd|1
|move|p1a: Garganacl|Salt Cure|p2a: Great Tusk
|-resisted|p2a: Great Tusk
|-damage|p2a: Great Tusk|97/100
|-start|p2a: Great Tusk|Salt Cure
|
|-heal|p1a: Garganacl|47/100|[from] item: Leftovers
|-damage|p2a: Great Tusk|85/100|[from] Salt Cure
|upkeep
|turn|2
|
|t:|1758344258
|-terastallize|p1a: Garganacl|Ghost
|move|p2a: Great Tusk|Ice Spinner|p1a: Garganacl
|-damage|p1a: Garganacl|34/100
|move|p1a: Garganacl|Recover|p1a: Garganacl
|-heal|p1a: Garganacl|84/100
|
|-heal|p1a: Garganacl|90/100|[from] item: Leftovers
|-damage|p2a: Great Tusk|72/100|[from] Salt Cure
|upkeep
|turn|3
|
|t:|1758344276
|-end|p2a: Great Tusk|Protosynthesis|[silent]
|switch|p2a: Ting-Lu|Ting-Lu|100/100
|-ability|p2a: Ting-Lu|Vessel of Ruin
|move|p1a: Garganacl|Stealth Rock|p2a: Ting-Lu
|-sidestart|p2: c.empty|move: Stealth Rock
|
|-heal|p1a: Garganacl|96/100|[from] item: Leftovers
|upkeep
|turn|4
|
|t:|1758344283
|move|p2a: Ting-Lu|Stealth Rock|p1a: Garganacl
|-sidestart|p1: PandaJanai|move: Stealth Rock
|move|p1a: Garganacl|Salt Cure|p2a: Ting-Lu
|-resisted|p2a: Ting-Lu
|-damage|p2a: Ting-Lu|97/100
|-start|p2a: Ting-Lu|Salt Cure
|
|-heal|p2a: Ting-Lu|100/100|[from] item: Leftovers
|-heal|p1a: Garganacl|100/100|[from] item: Leftovers
|-damage|p2a: Ting-Lu|88/100|[from] Salt Cure
|upkeep
|turn|5
|
|t:|1758344295
|move|p2a: Ting-Lu|Ruination|p1a: Garganacl
|-damage|p1a: Garganacl|50/100
|move|p1a: Garganacl|Body Press|p2a: Ting-Lu
|-supereffective|p2a: Ting-Lu
|-damage|p2a: Ting-Lu|52/100
|
|-heal|p2a: Ting-Lu|58/100|[from] item: Leftovers
|-heal|p1a: Garganacl|57/100|[from] item: Leftovers
|-damage|p2a: Ting-Lu|46/100|[from] Salt Cure
|upkeep
|turn|6
|
|t:|1758344305
|switch|p2a: Great Tusk|Great Tusk|72/100
|move|p1a: Garganacl|Recover|p1a: Garganacl
|-heal|p1a: Garganacl|100/100
|
|upkeep
|turn|7
|
|t:|1758344324
|move|p2a: Great Tusk|Headlong Rush|p1a: Garganacl
|-damage|p1a: Garganacl|70/100
|-unboost|p2a: Great Tusk|def|1
|-unboost|p2a: Great Tusk|spd|1
|move|p1a: Garganacl|Salt Cure|p2a: Great Tusk
|-resisted|p2a: Great Tusk
|-damage|p2a: Great Tusk|68/100
|-start|p2a: Great Tusk|Salt Cure
|
|-heal|p1a: Garganacl|76/100|[from] item: Leftovers
|-damage|p2a: Great Tusk|56/100|[from] Salt Cure
|upkeep
|turn|8
|
|t:|1758344335
|-end|p2a: Great Tusk|Protosynthesis|[silent]
|switch|p2a: Walking Wake|Walking Wake|100/100
|move|p1a: Garganacl|Body Press|p2a: Walking Wake
|-damage|p2a: Walking Wake|67/100
|
|-heal|p1a: Garganacl|82/100|[from] item: Leftovers
|upkeep
|turn|9
|
|t:|1758344347
|move|p2a: Walking Wake|Draco Meteor|p1a: Garganacl
|-crit|p1a: Garganacl
|-damage|p1a: Garganacl|0 fnt
|-unboost|p2a: Walking Wake|spa|2
|faint|p1a: Garganacl
|
|upkeep
|
|t:|1758344355
|switch|p1a: Scizor|Scizor, M|100/100
|-damage|p1a: Scizor|88/100|[from] Stealth Rock
|turn|10
|
|t:|1758344363
|-end|p2a: Walking Wake|Protosynthesis|[silent]
|switch|p2a: Ninetales|Ninetales, F|100/100
|-damage|p2a: Ninetales|76/100|[from] Stealth Rock
|-weather|SunnyDay|[from] ability: Drought|[of] p2a: Ninetales
|move|p1a: Scizor|Defog|p2a: Ninetales
|-unboost|p2a: Ninetales|evasion|1
|-sideend|p2: c.empty|Stealth Rock|[from] move: Defog|[of] p1a: Scizor
|-sideend|p1: PandaJanai|Stealth Rock|[from] move: Defog|[of] p1a: Scizor
|
|-weather|SunnyDay|[upkeep]
|upkeep
|turn|11
|
|t:|1758344373
|move|p2a: Ninetales|Encore|p1a: Scizor
|-start|p1a: Scizor|Encore
|move|p1a: Scizor|Defog|p2a: Ninetales
|-unboost|p2a: Ninetales|evasion|1
|
|-weather|SunnyDay|[upkeep]
|upkeep
|turn|12
|
|t:|1758344389
|switch|p1a: Dragonite|Dragonite, M|100/100
|move|p2a: Ninetales|Will-O-Wisp|p1a: Dragonite
|-status|p1a: Dragonite|brn
|
|-weather|SunnyDay|[upkeep]
|-damage|p1a: Dragonite|94/100 brn|[from] brn
|upkeep
|turn|13
|
|t:|1758344405
|switch|p2a: Great Tusk|Great Tusk|56/100
|-activate|p2a: Great Tusk|ability: Protosynthesis
|-start|p2a: Great Tusk|protosynthesisatk
|move|p1a: Dragonite|Earthquake|p2a: Great Tusk
|-damage|p2a: Great Tusk|41/100
|
|-weather|SunnyDay|[upkeep]
|-damage|p1a: Dragonite|88/100 brn|[from] brn
|upkeep
|turn|14
|
|t:|1758344431
|move|p2a: Great Tusk|Close Combat|p1a: Dragonite
|-resisted|p1a: Dragonite
|-damage|p1a: Dragonite|41/100 brn
|-unboost|p2a: Great Tusk|def|1
|-unboost|p2a: Great Tusk|spd|1
|move|p1a: Dragonite|Earthquake|p2a: Great Tusk
|-damage|p2a: Great Tusk|19/100
|
|-weather|SunnyDay|[upkeep]
|-damage|p1a: Dragonite|35/100 brn|[from] brn
|upkeep
|turn|15
|
|t:|1758344442
|move|p2a: Great Tusk|Close Combat|p1a: Dragonite
|-resisted|p1a: Dragonite
|-damage|p1a: Dragonite|0 fnt
|-unboost|p2a: Great Tusk|def|1
|-unboost|p2a: Great Tusk|spd|1
|faint|p1a: Dragonite
|
|-weather|SunnyDay|[upkeep]
|upkeep
|
|t:|1758344460
|switch|p1a: Blaziken|Blaziken, F|100/100
|-item|p1a: Blaziken|Air Balloon
|turn|16
|
|t:|1758344472
|move|p2a: Great Tusk|Rapid Spin|p1a: Blaziken
|-damage|p1a: Blaziken|64/100
|-boost|p2a: Great Tusk|spe|1
|-enditem|p1a: Blaziken|Air Balloon
|move|p1a: Blaziken|Swords Dance|p1a: Blaziken
|-boost|p1a: Blaziken|atk|2
|
|-weather|SunnyDay|[upkeep]
|-ability|p1a: Blaziken|Speed Boost|boost
|-boost|p1a: Blaziken|spe|1
|upkeep
|turn|17
|
|t:|1758344485
|move|p1a: Blaziken|Protect|p1a: Blaziken
|-singleturn|p1a: Blaziken|Protect
|move|p2a: Great Tusk|Headlong Rush|p1a: Blaziken
|-activate|p1a: Blaziken|move: Protect
|
|-weather|none
|-end|p2a: Great Tusk|Protosynthesis
|-ability|p1a: Blaziken|Speed Boost|boost
|-boost|p1a: Blaziken|spe|1
|upkeep
|turn|18
|
|t:|1758344492
|move|p1a: Blaziken|Flare Blitz|p2a: Great Tusk
|-damage|p2a: Great Tusk|0 fnt
|faint|p2a: Great Tusk
|-end|p2a: Great Tusk|Protosynthesis|[silent]
|-damage|p1a: Blaziken|56/100|[from] Recoil
|
|-ability|p1a: Blaziken|Speed Boost|boost
|-boost|p1a: Blaziken|spe|1
|upkeep
|
|t:|1758344502
|switch|p2a: Ninetales|Ninetales, F|76/100
|-weather|SunnyDay|[from] ability: Drought|[of] p2a: Ninetales
|turn|19
|
|t:|1758344511
|move|p1a: Blaziken|Close Combat|p2a: Ninetales
|-damage|p2a: Ninetales|0 fnt
|-unboost|p1a: Blaziken|def|1
|-unboost|p1a: Blaziken|spd|1
|faint|p2a: Ninetales
|
|-weather|SunnyDay|[upkeep]
|-ability|p1a: Blaziken|Speed Boost|boost
|-boost|p1a: Blaziken|spe|1
|upkeep
|
|t:|1758344525
|switch|p2a: Slither Wing|Slither Wing|100/100
|-activate|p2a: Slither Wing|ability: Protosynthesis
|-start|p2a: Slither Wing|protosynthesisatk
|turn|20
|
|t:|1758344533
|-terastallize|p2a: Slither Wing|Fire
|move|p1a: Blaziken|Flare Blitz|p2a: Slither Wing
|-resisted|p2a: Slither Wing
|-damage|p2a: Slither Wing|0 fnt
|faint|p2a: Slither Wing
|-end|p2a: Slither Wing|Protosynthesis|[silent]
|-damage|p1a: Blaziken|22/100|[from] Recoil
|
|-weather|SunnyDay|[upkeep]
|-ability|p1a: Blaziken|Speed Boost|boost
|-boost|p1a: Blaziken|spe|1
|upkeep
|
|t:|1758344539
|switch|p2a: Venusaur|Venusaur, M|100/100
|turn|21
|
|t:|1758344543
|move|p1a: Blaziken|Flare Blitz|p2a: Venusaur
|-supereffective|p2a: Venusaur
|-damage|p2a: Venusaur|0 fnt
|faint|p2a: Venusaur
|-damage|p1a: Blaziken|0 fnt|[from] Recoil
|faint|p1a: Blaziken
|
|-weather|SunnyDay|[upkeep]
|upkeep
|
|t:|1758344557
|switch|p2a: Walking Wake|Walking Wake|67/100
|switch|p1a: Scizor|Scizor, M|88/100
|-activate|p2a: Walking Wake|ability: Protosynthesis
|-start|p2a: Walking Wake|protosynthesisspa
|turn|22
|
|t:|1758344563
|move|p1a: Scizor|Bullet Punch|p2a: Walking Wake
|-resisted|p2a: Walking Wake
|-damage|p2a: Walking Wake|43/100
|move|p2a: Walking Wake|Hydro Steam|p1a: Scizor
|-damage|p1a: Scizor|2/100
|
|-weather|SunnyDay|[upkeep]
|upkeep
|turn|23
|
|t:|1758344576
|move|p1a: Scizor|Bullet Punch|p2a: Walking Wake
|-resisted|p2a: Walking Wake
|-damage|p2a: Walking Wake|21/100
|move|p2a: Walking Wake|Hydro Steam|p1a: Scizor
|-damage|p1a: Scizor|0 fnt
|faint|p1a: Scizor
|
|-weather|SunnyDay|[upkeep]
|upkeep
|
|t:|1758344586
|switch|p1a: Pawmot|Pawmot, F|100/100
|turn|24
|
|t:|1758344596
|move|p2a: Walking Wake|Draco Meteor|p1a: Pawmot
|-enditem|p1a: Pawmot|Focus Sash
|-damage|p1a: Pawmot|1/100
|-unboost|p2a: Walking Wake|spa|2
|move|p1a: Pawmot|Revival Blessing|p1a: Pawmot
|
|t:|1758344603
|-heal|p1: Blaziken|50/100|[from] move: Revival Blessing
|
|-weather|SunnyDay|[upkeep]
|upkeep
|turn|25
|
|t:|1758344614
|move|p2a: Walking Wake|Hydro Steam|p1a: Pawmot
|-damage|p1a: Pawmot|0 fnt
|faint|p1a: Pawmot
|
|-weather|SunnyDay|[upkeep]
|upkeep
|
|t:|1758344620
|switch|p1a: Blaziken|Blaziken, F|50/100
|turn|26
|
|t:|1758344622
|move|p1a: Blaziken|Protect|p1a: Blaziken
|-singleturn|p1a: Blaziken|Protect
|move|p2a: Walking Wake|Hydro Steam|p1a: Blaziken
|-activate|p1a: Blaziken|move: Protect
|
|-weather|none
|-end|p2a: Walking Wake|Protosynthesis
|-ability|p1a: Blaziken|Speed Boost|boost
|-boost|p1a: Blaziken|spe|1
|upkeep
|turn|27
|
|t:|1758344632
|move|p1a: Blaziken|Close Combat|p2a: Walking Wake
|-damage|p2a: Walking Wake|0 fnt
|-unboost|p1a: Blaziken|def|1
|-unboost|p1a: Blaziken|spd|1
|faint|p2a: Walking Wake
|-end|p2a: Walking Wake|Protosynthesis|[silent]
|
|-ability|p1a: Blaziken|Speed Boost|boost
|-boost|p1a: Blaziken|spe|1
|upkeep
|
|t:|1758344634
|switch|p2a: Ting-Lu|Ting-Lu|46/100
|-ability|p2a: Ting-Lu|Vessel of Ruin
|turn|28
|-message|c.empty forfeited.
|
|win|PandaJanai
|raw|PandaJanai's rating: 1217 &rarr; <strong>1241</strong><br />(+24 for winning)
|raw|c.empty's rating: 1199 &rarr; <strong>1175</strong><br />(-24 for losing)
|l|☆c.empty
|player|p2|
|l|☆PandaJanai
|player|p1|
