|j|☆fdsafsadgfdsaf
|j|☆armaldojaleo
|t:|1758304738
|gametype|singles
|player|p1|fdsafsadgfdsaf|iris|1084
|player|p2|armaldojaleo|102|1127
|gen|9
|tier|[Gen 9] OU
|rated|
|rule|HP Percentage Mod: HP is shown in percentages
|rule|Endless Battle Clause: Forcing endless battles is banned
|rule|Species Clause: Limit one of each Pokémon
|rule|OHKO Clause: OHKO moves are banned
|rule|Evasion Items Clause: Evasion items are banned
|rule|Evasion Moves Clause: Evasion moves are banned
|rule|Evasion Abilities Clause: Evasion abilities are banned
|rule|Sleep Moves Clause: Sleep-inducing moves are banned
|clearpoke
|poke|p1|Meowscarada, F|
|poke|p1|Gardevoir, M|
|poke|p1|Cinderace, F|
|poke|p1|Vaporeon, F|
|poke|p1|Hydreigon, M|
|poke|p1|Alcremie-Salted-Cream, F|
|poke|p2|Scizor, F|
|poke|p2|Great Tusk|
|poke|p2|Goodra-Hisui, F|
|poke|p2|Blaziken, F|
|poke|p2|Dragapult, M|
|poke|p2|Primarina, F|
|teampreview
|
|t:|1758304749
|teamsize|p1|6
|teamsize|p2|6
|start
|switch|p1a: Cinderace|Cinderace, F|100/100
|switch|p2a: Dragapult|Dragapult, M|100/100
|turn|1
|
|t:|1758304761
|move|p2a: Dragapult|Draco Meteor|p1a: Cinderace
|-damage|p1a: Cinderace|0 fnt
|-unboost|p2a: Dragapult|spa|2
|faint|p1a: Cinderace
|-damage|p2a: Dragapult|91/100|[from] item: Life Orb
|
|upkeep
|
|t:|1758304777
|switch|p1a: Alcremie|Alcremie-Salted-Cream, F|100/100
|turn|2
|
|t:|1758304781
|move|p2a: Dragapult|U-turn|p1a: Alcremie
|-resisted|p1a: Alcremie
|-damage|p1a: Alcremie|90/100
|-damage|p2a: Dragapult|81/100|[from] item: Life Orb
|
|t:|1758304785
|switch|p2a: Scizor|Scizor, F|100/100|[from] U-turn
|move|p1a: Alcremie|Acid Armor|p1a: Alcremie
|-boost|p1a: Alcremie|def|2
|
|-heal|p1a: Alcremie|96/100|[from] item: Leftovers
|upkeep
|turn|3
|
|t:|1758304817
|-terastallize|p1a: Alcremie|Steel
|move|p2a: Scizor|Bullet Punch|p1a: Alcremie
|-resisted|p1a: Alcremie
|-damage|p1a: Alcremie|89/100
|move|p1a: Alcremie|Acid Armor|p1a: Alcremie
|-boost|p1a: Alcremie|def|2
|
|-heal|p1a: Alcremie|95/100|[from] item: Leftovers
|upkeep
|turn|4
|
|t:|1758304831
|move|p2a: Scizor|Knock Off|p1a: Alcremie
|-damage|p1a: Alcremie|83/100
|-enditem|p1a: Alcremie|Leftovers|[from] move: Knock Off|[of] p2a: Scizor
|move|p1a: Alcremie|Calm Mind|p1a: Alcremie
|-boost|p1a: Alcremie|spa|1
|-boost|p1a: Alcremie|spd|1
|
|upkeep
|turn|5
|
|t:|1758304857
|move|p2a: Scizor|Close Combat|p1a: Alcremie
|-supereffective|p1a: Alcremie
|-damage|p1a: Alcremie|51/100
|-unboost|p2a: Scizor|def|1
|-unboost|p2a: Scizor|spd|1
|move|p1a: Alcremie|Calm Mind|p1a: Alcremie
|-boost|p1a: Alcremie|spa|1
|-boost|p1a: Alcremie|spd|1
|
|upkeep
|turn|6
|
|t:|1758304868
|-terastallize|p2a: Scizor|Ground
|move|p2a: Scizor|Close Combat|p1a: Alcremie
|-supereffective|p1a: Alcremie
|-damage|p1a: Alcremie|20/100
|-unboost|p2a: Scizor|def|1
|-unboost|p2a: Scizor|spd|1
|move|p1a: Alcremie|Calm Mind|p1a: Alcremie
|-boost|p1a: Alcremie|spa|1
|-boost|p1a: Alcremie|spd|1
|
|upkeep
|turn|7
|
|t:|1758304879
|move|p2a: Scizor|Close Combat|p1a: Alcremie
|-supereffective|p1a: Alcremie
|-damage|p1a: Alcremie|0 fnt
|-unboost|p2a: Scizor|def|1
|-unboost|p2a: Scizor|spd|1
|faint|p1a: Alcremie
|
|upkeep
|
|t:|1758304891
|switch|p1a: Hydreigon|Hydreigon, M|100/100
|turn|8
|
|t:|1758304901
|switch|p2a: Primarina|Primarina, F|100/100
|move|p1a: Hydreigon|Dark Pulse|p2a: Primarina
|-resisted|p2a: Primarina
|-damage|p2a: Primarina|85/100
|
|upkeep
|turn|9
|
|t:|1758304911
|switch|p1a: Vaporeon|Vaporeon, F|100/100
|move|p2a: Primarina|Moonblast|p1a: Vaporeon
|-damage|p1a: Vaporeon|57/100
|
|-heal|p1a: Vaporeon|63/100|[from] item: Leftovers
|upkeep
|turn|10
|
|t:|1758304929
|switch|p2a: Blaziken|Blaziken, F|100/100
|move|p1a: Vaporeon|Acid Armor|p1a: Vaporeon
|-boost|p1a: Vaporeon|def|2
|
|-heal|p1a: Vaporeon|70/100|[from] item: Leftovers
|upkeep
|turn|11
|
|t:|1758304937
|move|p2a: Blaziken|Knock Off|p1a: Vaporeon
|-damage|p1a: Vaporeon|42/100
|-enditem|p1a: Vaporeon|Leftovers|[from] move: Knock Off|[of] p2a: Blaziken
|-damage|p2a: Blaziken|91/100|[from] item: Life Orb
|move|p1a: Vaporeon|Calm Mind|p1a: Vaporeon
|-boost|p1a: Vaporeon|spa|1
|-boost|p1a: Vaporeon|spd|1
|
|-ability|p2a: Blaziken|Speed Boost|boost
|-boost|p2a: Blaziken|spe|1
|upkeep
|turn|12
|
|t:|1758304958
|move|p2a: Blaziken|Close Combat|p1a: Vaporeon
|-damage|p1a: Vaporeon|0 fnt
|-unboost|p2a: Blaziken|def|1
|-unboost|p2a: Blaziken|spd|1
|faint|p1a: Vaporeon
|-damage|p2a: Blaziken|81/100|[from] item: Life Orb
|
|-ability|p2a: Blaziken|Speed Boost|boost
|-boost|p2a: Blaziken|spe|1
|upkeep
|
|t:|1758304968
|switch|p1a: Gardevoir|Gardevoir, M|100/100
|turn|13
|
|t:|1758304987
|move|p2a: Blaziken|U-turn|p1a: Gardevoir
|-damage|p1a: Gardevoir|42/100
|-damage|p2a: Blaziken|71/100|[from] item: Life Orb
|
|t:|1758304991
|switch|p2a: Scizor|Scizor, F, tera:Ground|100/100|[from] U-turn
|move|p1a: Gardevoir|Psychic|p2a: Scizor
|-damage|p2a: Scizor|8/100
|-damage|p1a: Gardevoir|32/100|[from] item: Life Orb
|
|upkeep
|turn|14
|
|t:|1758304999
|move|p2a: Scizor|Bullet Punch|p1a: Gardevoir
|-supereffective|p1a: Gardevoir
|-damage|p1a: Gardevoir|0 fnt
|faint|p1a: Gardevoir
|
|upkeep
|
|t:|1758305011
|switch|p1a: Meowscarada|Meowscarada, F|100/100
|turn|15
|
|t:|1758305021
|move|p2a: Scizor|Bullet Punch|p1a: Meowscarada
|-damage|p1a: Meowscarada|50/100
|move|p1a: Meowscarada|Knock Off|p2a: Scizor
|-start|p1a: Meowscarada|typechange|Dark|[from] ability: Protean
|-damage|p2a: Scizor|0 fnt
|-enditem|p2a: Scizor|Expert Belt|[from] move: Knock Off|[of] p1a: Meowscarada
|faint|p2a: Scizor
|
|upkeep
|
|t:|1758305038
|switch|p2a: Great Tusk|Great Tusk|100/100
|turn|16
|
|t:|1758305047
|move|p1a: Meowscarada|Flower Trick|p2a: Great Tusk
|-supereffective|p2a: Great Tusk
|-crit|p2a: Great Tusk
|-damage|p2a: Great Tusk|68/100
|move|p2a: Great Tusk|Ice Spinner|p1a: Meowscarada
|-damage|p1a: Meowscarada|15/100
|
|upkeep
|turn|17
|
|t:|1758305055
|move|p1a: Meowscarada|Flower Trick|p2a: Great Tusk
|-supereffective|p2a: Great Tusk
|-crit|p2a: Great Tusk
|-damage|p2a: Great Tusk|35/100
|move|p2a: Great Tusk|Earthquake|p1a: Meowscarada
|-damage|p1a: Meowscarada|0 fnt
|faint|p1a: Meowscarada
|
|upkeep
|
|t:|1758305063
|switch|p1a: Hydreigon|Hydreigon, M|100/100
|turn|18
|
|t:|1758305068
|move|p1a: Hydreigon|Dark Pulse|p2a: Great Tusk
|-resisted|p2a: Great Tusk
|-damage|p2a: Great Tusk|0 fnt
|faint|p2a: Great Tusk
|-end|p2a: Great Tusk|Protosynthesis|[silent]
|
|upkeep
|
|t:|1758305076
|switch|p2a: Blaziken|Blaziken, F|71/100
|turn|19
|
|t:|1758305080
|move|p1a: Hydreigon|Dark Pulse|p2a: Blaziken
|-resisted|p2a: Blaziken
|-damage|p2a: Blaziken|29/100
|move|p2a: Blaziken|Close Combat|p1a: Hydreigon
|-supereffective|p1a: Hydreigon
|-damage|p1a: Hydreigon|0 fnt
|-unboost|p2a: Blaziken|def|1
|-unboost|p2a: Blaziken|spd|1
|faint|p1a: Hydreigon
|-damage|p2a: Blaziken|19/100|[from] item: Life Orb
|
|win|armaldojaleo
|raw|fdsafsadgfdsaf's rating: 1084 &rarr; <strong>1064</strong><br />(-20 for losing)
|raw|armaldojaleo's rating: 1127 &rarr; <strong>1149</strong><br />(+22 for winning)
|l|☆fdsafsadgfdsaf
|player|p1|
|l|☆armaldojaleo
|player|p2|
