|j|☆ay cheu
|j|☆Amigo26
|t:|1758347407
|gametype|singles
|player|p1|ay cheu|riley|1488
|player|p2|Amigo26|nate|1542
|gen|9
|tier|[Gen 9] OU
|rated|
|rule|HP Percentage Mod: HP is shown in percentages
|rule|Endless Battle Clause: Forcing endless battles is banned
|rule|Species Clause: Limit one of each Pokémon
|rule|OHKO Clause: OHKO moves are banned
|rule|Evasion Items Clause: Evasion items are banned
|rule|Evasion Moves Clause: Evasion moves are banned
|rule|Evasion Abilities Clause: Evasion abilities are banned
|rule|Sleep Moves Clause: Sleep-inducing moves are banned
|clearpoke
|poke|p1|Arcanine-Hisui, M|
|poke|p1|Zapdos-Galar|
|poke|p1|Metagross|
|poke|p1|Milotic, F|
|poke|p1|Venusaur, F|
|poke|p1|Sandy Shocks|
|poke|p2|Primarina, M|
|poke|p2|Great Tusk|
|poke|p2|Kingambit, M|
|poke|p2|Slowking-Galar, M|
|poke|p2|Ogerpon, F|
|poke|p2|Enamorus, F|
|teampreview
|inactive|Battle timer is ON: inactive players will automatically lose when time's up. (requested by Amigo26)
|
|t:|1758347413
|teamsize|p1|6
|teamsize|p2|6
|start
|switch|p1a: 火|Zapdos-Galar|100/100
|switch|p2a: Anonymous|Ogerpon, F|100/100
|turn|1
|
|t:|1758347418
|switch|p2a: Celestine|Primarina, M, shiny|100/100
|move|p1a: 火|U-turn|p2a: Celestine
|-resisted|p2a: Celestine
|-damage|p2a: Celestine|83/100
|
|t:|1758347424
|switch|p1a: Sandy Shocks|Sandy Shocks|100/100|[from] U-turn
|
|-heal|p2a: Celestine|89/100|[from] item: Leftovers
|upkeep
|turn|2
|
|t:|1758347429
|move|p1a: Sandy Shocks|Volt Switch|p2a: Celestine
|-supereffective|p2a: Celestine
|-damage|p2a: Celestine|0 fnt
|faint|p2a: Celestine
|-damage|p1a: Sandy Shocks|91/100|[from] item: Life Orb
|
|t:|1758347435
|-end|p1a: Sandy Shocks|Protosynthesis|[silent]
|switch|p1a: 火|Zapdos-Galar|100/100|[from] Volt Switch
|
|upkeep
|
|t:|1758347441
|switch|p2a: Gin|Enamorus, F, shiny|100/100
|turn|3
|
|t:|1758347443
|switch|p1a: Milotic|Milotic, F|100/100
|move|p2a: Gin|Moonblast|p1a: Milotic
|-damage|p1a: Milotic|69/100
|
|-heal|p1a: Milotic|75/100|[from] item: Leftovers
|upkeep
|turn|4
|
|t:|1758347460
|switch|p2a: Mantra|Slowking-Galar, M, shiny|100/100
|move|p1a: Milotic|Flip Turn|p2a: Mantra
|-damage|p2a: Mantra|92/100
|
|t:|1758347465
|switch|p1a: 灰灰|Arcanine-Hisui, M|100/100|[from] Flip Turn
|
|upkeep
|turn|5
|
|t:|1758347468
|switch|p2a: Behemoth|Great Tusk, shiny|100/100
|move|p1a: 灰灰|Flare Blitz|p2a: Behemoth
|-damage|p2a: Behemoth|43/100
|-damage|p1a: 灰灰|84/100|[from] item: Rocky Helmet|[of] p2a: Behemoth
|
|upkeep
|turn|6
|inactive|Amigo26 has 120 seconds left.
|
|t:|1758347511
|-terastallize|p2a: Behemoth|Fire
|move|p1a: 灰灰|Flare Blitz|p2a: Behemoth
|-resisted|p2a: Behemoth
|-crit|p2a: Behemoth
|-damage|p2a: Behemoth|0 fnt
|-damage|p1a: 灰灰|67/100|[from] item: Rocky Helmet|[of] p2a: Behemoth
|faint|p2a: Behemoth
|-end|p2a: Behemoth|Protosynthesis|[silent]
|
|upkeep
|
|t:|1758347521
|switch|p2a: Gin|Enamorus, F, shiny|100/100
|turn|7
|
|t:|1758347531
|switch|p1a: Milotic|Milotic, F|75/100
|move|p2a: Gin|Moonblast|p1a: Milotic
|-damage|p1a: Milotic|47/100
|
|-heal|p1a: Milotic|54/100|[from] item: Leftovers
|upkeep
|turn|8
|
|t:|1758347538
|switch|p2a: Mantra|Slowking-Galar, M, shiny|100/100
|move|p1a: Milotic|Recover|p1a: Milotic
|-heal|p1a: Milotic|100/100
|
|upkeep
|turn|9
|
|t:|1758347541
|move|p1a: Milotic|Flip Turn|p2a: Mantra
|-damage|p2a: Mantra|91/100
|
|t:|1758347543
|switch|p1a: Metagross|Metagross, shiny|100/100|[from] Flip Turn
|move|p2a: Mantra|Psychic Noise|p1a: Metagross
|-resisted|p1a: Metagross
|-damage|p1a: Metagross|93/100
|-start|p1a: Metagross|move: Heal Block
|
|upkeep
|turn|10
|
|t:|1758347548
|move|p1a: Metagross|Stealth Rock|p2a: Mantra
|-sidestart|p2: Amigo26|move: Stealth Rock
|move|p2a: Mantra|Flamethrower|p1a: Metagross
|-supereffective|p1a: Metagross
|-damage|p1a: Metagross|46/100
|
|-end|p1a: Metagross|move: Heal Block
|upkeep
|turn|11
|
|t:|1758347554
|switch|p1a: 灰灰|Arcanine-Hisui, M|67/100
|move|p2a: Mantra|Flamethrower|p1a: 灰灰
|-resisted|p1a: 灰灰
|-damage|p1a: 灰灰|61/100
|
|upkeep
|turn|12
|
|t:|1758347561
|move|p1a: 灰灰|Flare Blitz|p2a: Mantra
|-damage|p2a: Mantra|34/100
|move|p2a: Mantra|Psychic Noise|p1a: 灰灰
|-damage|p1a: 灰灰|29/100
|-start|p1a: 灰灰|move: Heal Block
|
|upkeep
|turn|13
|
|t:|1758347567
|move|p1a: 灰灰|Flare Blitz|p2a: Mantra
|-damage|p2a: Mantra|0 fnt
|faint|p2a: Mantra
|
|-end|p1a: 灰灰|move: Heal Block
|upkeep
|
|t:|1758347569
|switch|p2a: Overgod|Kingambit, M, shiny|100/100
|-damage|p2a: Overgod|94/100|[from] Stealth Rock
|-activate|p2a: Overgod|ability: Supreme Overlord
|-start|p2a: Overgod|fallen3|[silent]
|turn|14
|
|t:|1758347573
|switch|p1a: Metagross|Metagross, shiny|46/100
|move|p2a: Overgod|Swords Dance|p2a: Overgod
|-boost|p2a: Overgod|atk|2
|
|-heal|p2a: Overgod|100/100|[from] item: Leftovers
|upkeep
|turn|15
|
|t:|1758347578
|move|p2a: Overgod|Sucker Punch|p1a: Metagross
|-supereffective|p1a: Metagross
|-damage|p1a: Metagross|0 fnt
|-damage|p2a: Overgod|84/100|[from] item: Rocky Helmet|[of] p1a: Metagross
|faint|p1a: Metagross
|
|-heal|p2a: Overgod|90/100|[from] item: Leftovers
|upkeep
|
|t:|1758347580
|switch|p1a: 火|Zapdos-Galar|100/100
|turn|16
|
|t:|1758347582
|-end|p2a: Overgod|fallen3|[silent]
|switch|p2a: Gin|Enamorus, F, shiny|100/100
|-damage|p2a: Gin|76/100|[from] Stealth Rock
|move|p1a: 火|Close Combat|p2a: Gin
|-resisted|p2a: Gin
|-damage|p2a: Gin|50/100
|-unboost|p1a: 火|def|1
|-unboost|p1a: 火|spd|1
|
|upkeep
|turn|17
|
|t:|1758347591
|switch|p1a: Milotic|Milotic, F|100/100
|switch|p2a: Anonymous|Ogerpon, F|100/100
|-damage|p2a: Anonymous|88/100|[from] Stealth Rock
|
|upkeep
|turn|18
|
|t:|1758347594
|switch|p1a: Venusaur|Venusaur, F|100/100
|move|p2a: Anonymous|Ivy Cudgel|p1a: Venusaur
|-resisted|p1a: Venusaur
|-damage|p1a: Venusaur|86/100
|
|upkeep
|turn|19
|
|t:|1758347597
|switch|p2a: Overgod|Kingambit, M, shiny|90/100
|-damage|p2a: Overgod|84/100|[from] Stealth Rock
|-activate|p2a: Overgod|ability: Supreme Overlord
|-start|p2a: Overgod|fallen3|[silent]
|move|p1a: Venusaur|Sunny Day|p1a: Venusaur
|-weather|SunnyDay
|
|-weather|SunnyDay|[upkeep]
|-heal|p2a: Overgod|90/100|[from] item: Leftovers
|upkeep
|turn|20
|
|t:|1758347600
|move|p1a: Venusaur|Weather Ball|p2a: Overgod
|-supereffective|p2a: Overgod
|-damage|p2a: Overgod|29/100
|move|p2a: Overgod|Swords Dance|p2a: Overgod
|-boost|p2a: Overgod|atk|2
|
|-weather|SunnyDay|[upkeep]
|-heal|p2a: Overgod|35/100|[from] item: Leftovers
|upkeep
|turn|21
|
|t:|1758347606
|move|p2a: Overgod|Sucker Punch||[still]
|-fail|p2a: Overgod
|move|p1a: Venusaur|Synthesis|p1a: Venusaur
|-heal|p1a: Venusaur|100/100
|
|-weather|SunnyDay|[upkeep]
|-heal|p2a: Overgod|41/100|[from] item: Leftovers
|upkeep
|turn|22
|
|t:|1758347611
|switch|p1a: 灰灰|Arcanine-Hisui, M|29/100
|move|p2a: Overgod|Sucker Punch||[still]
|-fail|p2a: Overgod
|
|-weather|SunnyDay|[upkeep]
|-heal|p2a: Overgod|47/100|[from] item: Leftovers
|upkeep
|turn|23
|
|t:|1758347614
|move|p1a: 灰灰|Extreme Speed|p2a: Overgod
|-resisted|p2a: Overgod
|-damage|p2a: Overgod|34/100
|move|p2a: Overgod|Sucker Punch||[still]
|-fail|p2a: Overgod
|
|-weather|none
|-heal|p2a: Overgod|40/100|[from] item: Leftovers
|upkeep
|turn|24
|
|t:|1758347622
|move|p1a: 灰灰|Extreme Speed|p2a: Overgod
|-resisted|p2a: Overgod
|-damage|p2a: Overgod|27/100
|move|p2a: Overgod|Swords Dance|p2a: Overgod
|-boost|p2a: Overgod|atk|2
|
|-heal|p2a: Overgod|34/100|[from] item: Leftovers
|upkeep
|turn|25
|
|t:|1758347633
|switch|p1a: Milotic|Milotic, F|100/100
|move|p2a: Overgod|Kowtow Cleave|p1a: Milotic
|-damage|p1a: Milotic|0 fnt
|faint|p1a: Milotic
|
|-heal|p2a: Overgod|40/100|[from] item: Leftovers
|upkeep
|
|t:|1758347635
|switch|p1a: 火|Zapdos-Galar|100/100
|turn|26
|
|t:|1758347644
|move|p2a: Overgod|Sucker Punch|p1a: 火
|-resisted|p1a: 火
|-damage|p1a: 火|1/100
|move|p1a: 火|Close Combat|p2a: Overgod
|-supereffective|p2a: Overgod
|-damage|p2a: Overgod|0 fnt
|-unboost|p1a: 火|def|1
|-unboost|p1a: 火|spd|1
|faint|p2a: Overgod
|-end|p2a: Overgod|fallen3|[silent]
|
|upkeep
|
|t:|1758347649
|switch|p2a: Gin|Enamorus, F, shiny|50/100
|-damage|p2a: Gin|25/100|[from] Stealth Rock
|turn|27
|
|t:|1758347654
|move|p1a: 火|Close Combat|p2a: Gin
|-resisted|p2a: Gin
|-damage|p2a: Gin|0 fnt
|-unboost|p1a: 火|def|1
|-unboost|p1a: 火|spd|1
|faint|p2a: Gin
|
|upkeep
|
|t:|1758347656
|switch|p2a: Anonymous|Ogerpon, F|88/100
|-damage|p2a: Anonymous|76/100|[from] Stealth Rock
|turn|28
|
|t:|1758347658
|move|p1a: 火|Close Combat|p2a: Anonymous
|-damage|p2a: Anonymous|0 fnt
|-unboost|p1a: 火|def|1
|-unboost|p1a: 火|spd|1
|faint|p2a: Anonymous
|
|win|ay cheu
|raw|ay cheu's rating: 1488 &rarr; <strong>1511</strong><br />(+23 for winning)
|raw|Amigo26's rating: 1542 &rarr; <strong>1519</strong><br />(-23 for losing)
|l|☆Amigo26
|player|p2|
|l|☆ay cheu
|player|p1|
