|j|☆venjazanzhes123
|j|☆Nikator98
|t:|1758377535
|gametype|singles
|player|p1|venjazanzhes123|blue|1511
|player|p2|Nikator98|giovanni|1577
|gen|9
|tier|[Gen 9] OU
|rated|
|rule|HP Percentage Mod: HP is shown in percentages
|rule|Endless Battle Clause: Forcing endless battles is banned
|rule|Species Clause: Limit one of each Pokémon
|rule|OHKO Clause: OHKO moves are banned
|rule|Evasion Items Clause: Evasion items are banned
|rule|Evasion Moves Clause: Evasion moves are banned
|rule|Evasion Abilities Clause: Evasion abilities are banned
|rule|Sleep Moves Clause: Sleep-inducing moves are banned
|clearpoke
|poke|p1|Gyarados, M|
|poke|p1|Gliscor, M|
|poke|p1|Gastrodon, M|
|poke|p1|Garchomp, M|
|poke|p1|Metagross|
|poke|p1|Weavile, M|
|poke|p2|Metagross|
|poke|p2|Great Tusk|
|poke|p2|Haxorus, M|
|poke|p2|Iron Moth|
|poke|p2|Zoroark-Hisui, M|
|poke|p2|Ninetales-Alola, F|
|teampreview
|
|t:|1758377546
|teamsize|p1|6
|teamsize|p2|6
|start
|switch|p1a: Weavile|Weavile, M|100/100
|switch|p2a: Arquillian Sentry|Metagross|100/100
|-ability|p1a: Weavile|Pressure
|turn|1
|
|t:|1758377553
|switch|p1a: Gliscor|Gliscor, M|100/100
|switch|p2a: Asfaloth|Ninetales-Alola, F, shiny|100/100
|-weather|Snowscape|[from] ability: Snow Warning|[of] p2a: Asfaloth
|
|-weather|Snowscape|[upkeep]
|-status|p1a: Gliscor|tox|[from] item: Toxic Orb
|upkeep
|turn|2
|
|t:|1758377561
|switch|p1a: Metagross|Metagross|100/100
|move|p2a: Asfaloth|Aurora Veil|p2a: Asfaloth
|-sidestart|p2: Nikator98|move: Aurora Veil
|
|-weather|Snowscape|[upkeep]
|upkeep
|turn|3
|
|t:|1758377572
|switch|p2a: Arquillian Sentry|Metagross|100/100
|move|p1a: Metagross|Psychic Fangs|p2a: Arquillian Sentry
|-sideend|p2: Nikator98|move: Aurora Veil
|-resisted|p2a: Arquillian Sentry
|-damage|p2a: Arquillian Sentry|91/100
|
|-weather|Snowscape|[upkeep]
|upkeep
|turn|4
|
|t:|1758377579
|switch|p1a: Gliscor|Gliscor, M|100/100 tox
|move|p2a: Arquillian Sentry|Stealth Rock|p1a: Gliscor
|-sidestart|p1: venjazanzhes123|move: Stealth Rock
|
|-weather|Snowscape|[upkeep]
|upkeep
|turn|5
|
|t:|1758377585
|move|p1a: Gliscor|Knock Off|p2a: Arquillian Sentry
|-supereffective|p2a: Arquillian Sentry
|-damage|p2a: Arquillian Sentry|58/100
|-enditem|p2a: Arquillian Sentry|Custap Berry|[from] move: Knock Off|[of] p1a: Gliscor
|move|p2a: Arquillian Sentry|Meteor Mash|p1a: Gliscor
|-damage|p1a: Gliscor|67/100 tox
|
|-weather|none
|-heal|p1a: Gliscor|79/100 tox|[from] ability: Poison Heal
|upkeep
|turn|6
|
|t:|1758377596
|switch|p2a: Asfaloth|Ninetales-Alola, F, shiny|100/100
|-weather|Snowscape|[from] ability: Snow Warning|[of] p2a: Asfaloth
|move|p1a: Gliscor|Toxic|p2a: Asfaloth
|-status|p2a: Asfaloth|tox
|
|-weather|Snowscape|[upkeep]
|-damage|p2a: Asfaloth|94/100 tox|[from] psn
|-heal|p1a: Gliscor|91/100 tox|[from] ability: Poison Heal
|upkeep
|turn|7
|
|t:|1758377606
|switch|p1a: Metagross|Metagross|100/100
|-damage|p1a: Metagross|94/100|[from] Stealth Rock
|move|p2a: Asfaloth|Freeze-Dry|p1a: Metagross
|-resisted|p1a: Metagross
|-damage|p1a: Metagross|83/100
|
|-weather|Snowscape|[upkeep]
|-damage|p2a: Asfaloth|82/100 tox|[from] psn
|upkeep
|turn|8
|
|t:|1758377618
|switch|p2a: Arquillian Sentry|Metagross|58/100
|move|p1a: Metagross|Earthquake|p2a: Arquillian Sentry
|-supereffective|p2a: Arquillian Sentry
|-damage|p2a: Arquillian Sentry|0 fnt
|faint|p2a: Arquillian Sentry
|
|-weather|Snowscape|[upkeep]
|upkeep
|
|t:|1758377628
|switch|p2a: Asfaloth|Ninetales-Alola, F, shiny|100/100
|turn|9
|
|t:|1758377635
|move|p2a: Asfaloth|Bitter Malice|p1a: Metagross
|-supereffective|p1a: Metagross
|-damage|p1a: Metagross|0 fnt
|faint|p1a: Metagross
|
|-weather|Snowscape|[upkeep]
|upkeep
|
|t:|1758377644
|switch|p1a: Gliscor|Gliscor, M|91/100 tox
|-damage|p1a: Gliscor|79/100 tox|[from] Stealth Rock
|turn|10
|
|t:|1758377648
|move|p2a: Asfaloth|Bitter Malice|p1a: Gliscor
|-damage|p1a: Gliscor|13/100 tox
|-unboost|p1a: Gliscor|atk|1
|move|p1a: Gliscor|Knock Off|p2a: Asfaloth
|-supereffective|p2a: Asfaloth
|-damage|p2a: Asfaloth|47/100
|replace|p2a: Van Helsing|Zoroark-Hisui, M, shiny
|-end|p2a: Van Helsing|Illusion
|-enditem|p2a: Van Helsing|Choice Specs|[from] move: Knock Off|[of] p1a: Gliscor
|
|-weather|none
|-heal|p1a: Gliscor|25/100 tox|[from] ability: Poison Heal
|upkeep
|turn|11
|
|t:|1758377661
|move|p1a: Gliscor|Protect|p1a: Gliscor
|-singleturn|p1a: Gliscor|Protect
|move|p2a: Van Helsing|Tera Blast|p1a: Gliscor
|-activate|p1a: Gliscor|move: Protect
|
|-heal|p1a: Gliscor|38/100 tox|[from] ability: Poison Heal
|upkeep
|turn|12
|
|t:|1758377673
|switch|p1a: Gastrodon|Gastrodon, M|100/100
|-damage|p1a: Gastrodon|94/100|[from] Stealth Rock
|move|p2a: Van Helsing|Tera Blast|p1a: Gastrodon
|-damage|p1a: Gastrodon|70/100
|
|upkeep
|turn|13
|
|t:|1758377686
|move|p2a: Van Helsing|Bitter Malice|p1a: Gastrodon
|-damage|p1a: Gastrodon|46/100
|-unboost|p1a: Gastrodon|atk|1
|-enditem|p1a: Gastrodon|Sitrus Berry|[eat]
|-heal|p1a: Gastrodon|71/100|[from] item: Sitrus Berry
|move|p1a: Gastrodon|Earth Power|p2a: Van Helsing
|-damage|p2a: Van Helsing|0 fnt
|faint|p2a: Van Helsing
|
|upkeep
|
|t:|1758377699
|switch|p2a: Asfaloth|Ninetales-Alola, F, shiny|82/100 tox
|-weather|Snowscape|[from] ability: Snow Warning|[of] p2a: Asfaloth
|turn|14
|
|t:|1758377706
|move|p2a: Asfaloth|Aurora Veil|p2a: Asfaloth
|-sidestart|p2: Nikator98|move: Aurora Veil
|move|p1a: Gastrodon|Earth Power|p2a: Asfaloth
|-damage|p2a: Asfaloth|66/100 tox
|
|-weather|Snowscape|[upkeep]
|-damage|p2a: Asfaloth|60/100 tox|[from] psn
|upkeep
|turn|15
|
|t:|1758377718
|switch|p1a: Weavile|Weavile, M|100/100
|-damage|p1a: Weavile|76/100|[from] Stealth Rock
|-ability|p1a: Weavile|Pressure
|move|p2a: Asfaloth|Freeze-Dry|p1a: Weavile
|-resisted|p1a: Weavile
|-damage|p1a: Weavile|61/100
|
|-weather|Snowscape|[upkeep]
|-damage|p2a: Asfaloth|48/100 tox|[from] psn
|upkeep
|turn|16
|
|t:|1758377729
|move|p1a: Weavile|Knock Off|p2a: Asfaloth
|-resisted|p2a: Asfaloth
|-damage|p2a: Asfaloth|38/100 tox
|-enditem|p2a: Asfaloth|Light Clay|[from] move: Knock Off|[of] p1a: Weavile
|move|p2a: Asfaloth|Moonblast|p1a: Weavile
|-supereffective|p1a: Weavile
|-damage|p1a: Weavile|0 fnt
|faint|p1a: Weavile
|
|-weather|Snowscape|[upkeep]
|-damage|p2a: Asfaloth|19/100 tox|[from] psn
|upkeep
|
|t:|1758377736
|switch|p1a: Gliscor|Gliscor, M|38/100 tox
|-damage|p1a: Gliscor|25/100 tox|[from] Stealth Rock
|turn|17
|
|t:|1758377743
|switch|p2a: Kumaryia|Great Tusk, shiny|100/100
|move|p1a: Gliscor|Protect||[still]
|-fail|p1a: Gliscor
|
|-weather|Snowscape|[upkeep]
|-heal|p1a: Gliscor|38/100 tox|[from] ability: Poison Heal
|upkeep
|turn|18
|
|t:|1758377753
|switch|p1a: Gastrodon|Gastrodon, M|71/100
|-damage|p1a: Gastrodon|65/100|[from] Stealth Rock
|move|p2a: Kumaryia|Ice Spinner|p1a: Gastrodon
|-damage|p1a: Gastrodon|32/100
|
|-weather|none
|upkeep
|turn|19
|
|t:|1758377760
|move|p2a: Kumaryia|Ice Spinner|p1a: Gastrodon
|-damage|p1a: Gastrodon|0 fnt
|faint|p1a: Gastrodon
|
|upkeep
|
|t:|1758377770
|switch|p1a: Gyarados|Gyarados, M|100/100
|turn|20
|
|t:|1758377786
|-end|p2a: Kumaryia|Protosynthesis|[silent]
|switch|p2a: Asfaloth|Ninetales-Alola, F, shiny|19/100 tox
|-weather|Snowscape|[from] ability: Snow Warning|[of] p2a: Asfaloth
|move|p1a: Gyarados|Dragon Dance|p1a: Gyarados
|-boost|p1a: Gyarados|atk|1
|-boost|p1a: Gyarados|spe|1
|
|-weather|Snowscape|[upkeep]
|-damage|p2a: Asfaloth|13/100 tox|[from] psn
|upkeep
|turn|21
|
|t:|1758377795
|move|p1a: Gyarados|Temper Flare|p2a: Asfaloth
|-supereffective|p2a: Asfaloth
|-damage|p2a: Asfaloth|0 fnt
|faint|p2a: Asfaloth
|-ability|p1a: Gyarados|Moxie|boost
|-boost|p1a: Gyarados|atk|1
|
|-weather|Snowscape|[upkeep]
|-sideend|p2: Nikator98|move: Aurora Veil
|upkeep
|
|t:|1758377835
|switch|p2a: Kumaryia|Great Tusk, shiny|100/100
|turn|22
|
|t:|1758377840
|-terastallize|p2a: Kumaryia|Ice
|move|p1a: Gyarados|Waterfall|p2a: Kumaryia
|-damage|p2a: Kumaryia|59/100
|move|p2a: Kumaryia|Rapid Spin|p1a: Gyarados
|-damage|p1a: Gyarados|78/100
|-boost|p2a: Kumaryia|spe|1
|
|-weather|Snowscape|[upkeep]
|upkeep
|turn|23
|j| victini092
|
|t:|1758377852
|move|p2a: Kumaryia|Ice Spinner|p1a: Gyarados
|-damage|p1a: Gyarados|26/100
|move|p1a: Gyarados|Temper Flare|p2a: Kumaryia
|-supereffective|p2a: Kumaryia
|-damage|p2a: Kumaryia|6/100
|
|-weather|Snowscape|[upkeep]
|upkeep
|turn|24
|
|t:|1758377863
|move|p2a: Kumaryia|Knock Off|p1a: Gyarados
|-damage|p1a: Gyarados|0 fnt
|-enditem|p1a: Gyarados|Heavy-Duty Boots|[from] move: Knock Off|[of] p2a: Kumaryia
|faint|p1a: Gyarados
|
|-weather|none
|upkeep
|
|t:|1758377876
|switch|p1a: Garchomp|Garchomp, M|100/100
|-damage|p1a: Garchomp|94/100|[from] Stealth Rock
|turn|25
|
|t:|1758377880
|-terastallize|p1a: Garchomp|Ghost
|move|p2a: Kumaryia|Ice Spinner|p1a: Garchomp
|-damage|p1a: Garchomp|70/100
|-damage|p2a: Kumaryia|0 fnt|[from] ability: Rough Skin|[of] p1a: Garchomp
|faint|p2a: Kumaryia
|-end|p2a: Kumaryia|Protosynthesis|[silent]
|move|p1a: Garchomp|Spikes|p2: Kumaryia
|-sidestart|p2: Nikator98|Spikes
|
|upkeep
|
|t:|1758377908
|switch|p2a: Lacelle|Haxorus, M|100/100
|-damage|p2a: Lacelle|88/100|[from] Spikes
|-ability|p2a: Lacelle|Mold Breaker
|turn|26
|
|t:|1758377920
|move|p2a: Lacelle|Scale Shot|p1a: Garchomp
|-damage|p1a: Garchomp|60/100
|-damage|p1a: Garchomp|51/100
|-damage|p1a: Garchomp|42/100
|-damage|p1a: Garchomp|33/100
|-hitcount|p1a: Garchomp|4
|-unboost|p2a: Lacelle|def|1
|-boost|p2a: Lacelle|spe|1
|move|p1a: Garchomp|Dragon Tail|p2a: Lacelle
|-supereffective|p2a: Lacelle
|-damage|p2a: Lacelle|0 fnt
|faint|p2a: Lacelle
|
|upkeep
|
|t:|1758377932
|switch|p2a: Gothmog|Iron Moth|100/100
|-damage|p2a: Gothmog|88/100|[from] Spikes
|-enditem|p2a: Gothmog|Booster Energy
|-activate|p2a: Gothmog|ability: Quark Drive|[fromitem]
|-start|p2a: Gothmog|quarkdrivespe
|turn|27
|
|t:|1758377943
|move|p2a: Gothmog|Fiery Dance|p1a: Garchomp
|-damage|p1a: Garchomp|0 fnt
|faint|p1a: Garchomp
|
|upkeep
|
|t:|1758377945
|switch|p1a: Gliscor|Gliscor, M|38/100 tox
|-damage|p1a: Gliscor|25/100 tox|[from] Stealth Rock
|turn|28
|
|t:|1758377951
|move|p1a: Gliscor|Protect|p1a: Gliscor
|-singleturn|p1a: Gliscor|Protect
|move|p2a: Gothmog|Fiery Dance|p1a: Gliscor
|-activate|p1a: Gliscor|move: Protect
|
|-heal|p1a: Gliscor|38/100 tox|[from] ability: Poison Heal
|upkeep
|turn|29
|
|t:|1758377958
|move|p1a: Gliscor|Protect|p1a: Gliscor
|-singleturn|p1a: Gliscor|Protect
|move|p2a: Gothmog|Fiery Dance|p1a: Gliscor
|-activate|p1a: Gliscor|move: Protect
|
|-heal|p1a: Gliscor|50/100 tox|[from] ability: Poison Heal
|upkeep
|turn|30
|
|t:|1758377973
|move|p2a: Gothmog|Fiery Dance|p1a: Gliscor
|-damage|p1a: Gliscor|0 fnt
|-boost|p2a: Gothmog|spa|1
|faint|p1a: Gliscor
|
|win|Nikator98
|raw|venjazanzhes123's rating: 1511 &rarr; <strong>1495</strong><br />(-16 for losing)
|raw|Nikator98's rating: 1577 &rarr; <strong>1593</strong><br />(+16 for winning)
|l|☆venjazanzhes123
|player|p1|
|l|☆Nikator98
|player|p2|
