|j|☆Oattumblely
|j|☆suifenli
|t:|1758255563
|gametype|singles
|player|p1|Oattumblely|rocketgruntf|1447
|player|p2|suifenli|n|1500
|gen|9
|tier|[Gen 9] OU
|rated|
|rule|HP Percentage Mod: HP is shown in percentages
|rule|Endless Battle Clause: Forcing endless battles is banned
|rule|Species Clause: Limit one of each Pokémon
|rule|OHKO Clause: OHKO moves are banned
|rule|Evasion Items Clause: Evasion items are banned
|rule|Evasion Moves Clause: Evasion moves are banned
|rule|Evasion Abilities Clause: Evasion abilities are banned
|rule|Sleep Moves Clause: Sleep-inducing moves are banned
|clearpoke
|poke|p1|Slither Wing|
|poke|p1|Ninetales, F|
|poke|p1|Venusaur, F|
|poke|p1|Great Tusk|
|poke|p1|Weezing-Galar, M|
|poke|p1|Cinderace, F|
|poke|p2|Zamazenta-*|
|poke|p2|Sableye, M|
|poke|p2|Bellossom, M|
|poke|p2|Enamorus, F|
|poke|p2|Garganacl, M|
|poke|p2|Latias, F|
|teampreview
|inactive|Battle timer is ON: inactive players will automatically lose when time's up. (requested by suifenli)
|
|t:|1758255584
|teamsize|p1|6
|teamsize|p2|6
|start
|switch|p1a: Ninetales|Ninetales, F|100/100
|switch|p2a: Bellossom|Bellossom, M|100/100
|-weather|SunnyDay|[from] ability: Drought|[of] p1a: Ninetales
|turn|1
|
|t:|1758255605
|switch|p2a: Latias|Latias, F|100/100
|move|p1a: Ninetales|Weather Ball|p2a: Latias
|-resisted|p2a: Latias
|-damage|p2a: Latias|86/100
|
|-weather|SunnyDay|[upkeep]
|upkeep
|turn|2
|
|t:|1758255615
|switch|p1a: Slither Wing|Slither Wing|100/100
|-activate|p1a: Slither Wing|ability: Protosynthesis
|-start|p1a: Slither Wing|protosynthesisatk
|move|p2a: Latias|Agility|p2a: Latias
|-boost|p2a: Latias|spe|2
|
|-weather|SunnyDay|[upkeep]
|upkeep
|turn|3
|
|t:|1758255621
|-terastallize|p2a: Latias|Fairy
|move|p1a: Slither Wing|First Impression|p2a: Latias
|-resisted|p2a: Latias
|-damage|p2a: Latias|60/100
|move|p2a: Latias|Calm Mind|p2a: Latias
|-boost|p2a: Latias|spa|1
|-boost|p2a: Latias|spd|1
|
|-weather|SunnyDay|[upkeep]
|upkeep
|turn|4
|
|t:|1758255629
|-terastallize|p1a: Slither Wing|Fire
|move|p2a: Latias|Draining Kiss|p1a: Slither Wing
|-resisted|p1a: Slither Wing
|-damage|p1a: Slither Wing|90/100
|-heal|p2a: Latias|68/100|[from] drain|[of] p1a: Slither Wing
|move|p1a: Slither Wing|Flame Charge|p2a: Latias
|-damage|p2a: Latias|15/100
|-boost|p1a: Slither Wing|spe|1
|
|-weather|SunnyDay|[upkeep]
|upkeep
|turn|5
|
|t:|1758255638
|move|p2a: Latias|Stored Power|p1a: Slither Wing
|-damage|p1a: Slither Wing|52/100
|move|p1a: Slither Wing|Flame Charge|p2a: Latias
|-damage|p2a: Latias|0 fnt
|-boost|p1a: Slither Wing|spe|1
|faint|p2a: Latias
|
|-weather|SunnyDay|[upkeep]
|upkeep
|
|t:|1758255647
|switch|p2a: Garganacl|Garganacl, M|100/100
|turn|6
|
|t:|1758255649
|move|p1a: Slither Wing|Close Combat|p2a: Garganacl
|-supereffective|p2a: Garganacl
|-damage|p2a: Garganacl|0 fnt
|-unboost|p1a: Slither Wing|def|1
|-unboost|p1a: Slither Wing|spd|1
|faint|p2a: Garganacl
|
|-weather|SunnyDay|[upkeep]
|upkeep
|
|t:|1758255653
|switch|p2a: Sableye|Sableye, M|100/100
|turn|7
|
|t:|1758255659
|move|p2a: Sableye|Encore|p1a: Slither Wing
|-start|p1a: Slither Wing|Encore
|move|p1a: Slither Wing|Close Combat|p2a: Sableye
|-immune|p2a: Sableye
|
|-weather|SunnyDay|[upkeep]
|upkeep
|turn|8
|
|t:|1758255663
|-end|p1a: Slither Wing|Protosynthesis|[silent]
|switch|p1a: Weezing|Weezing-Galar, M|100/100
|-ability|p1a: Weezing|Neutralizing Gas
|move|p2a: Sableye|Reflect|p2a: Sableye
|-sidestart|p2: suifenli|Reflect
|
|-weather|none
|upkeep
|turn|9
|
|t:|1758255670
|move|p1a: Weezing|Strange Steam|p2a: Sableye
|-supereffective|p2a: Sableye
|-damage|p2a: Sableye|9/100
|move|p2a: Sableye|Metal Burst|p1a: Weezing
|-damage|p1a: Weezing|0 fnt
|faint|p1a: Weezing
|-end|p1a: Weezing|ability: Neutralizing Gas
|
|upkeep
|
|t:|1758255678
|switch|p1a: Slither Wing|Slither Wing, tera:Fire|52/100
|turn|10
|
|t:|1758255687
|move|p1a: Slither Wing|First Impression|p2a: Sableye
|-damage|p2a: Sableye|0 fnt
|faint|p2a: Sableye
|
|upkeep
|
|t:|1758255690
|switch|p2a: Bellossom|Bellossom, M|100/100
|turn|11
|
|t:|1758255695
|move|p1a: Slither Wing|Flame Charge|p2a: Bellossom
|-supereffective|p2a: Bellossom
|-damage|p2a: Bellossom|76/100
|-boost|p1a: Slither Wing|spe|1
|-enditem|p2a: Bellossom|Kee Berry|[eat]
|-boost|p2a: Bellossom|def|1|[from] item: Kee Berry
|move|p2a: Bellossom|Strength Sap|p1a: Slither Wing
|-unboost|p1a: Slither Wing|atk|1
|-heal|p2a: Bellossom|100/100
|
|upkeep
|turn|12
|
|t:|1758255702
|-end|p1a: Slither Wing|Protosynthesis|[silent]
|switch|p1a: Ninetales|Ninetales, F|100/100
|-weather|SunnyDay|[from] ability: Drought|[of] p1a: Ninetales
|move|p2a: Bellossom|Quiver Dance|p2a: Bellossom
|-boost|p2a: Bellossom|spa|1
|-boost|p2a: Bellossom|spd|1
|-boost|p2a: Bellossom|spe|1
|
|-weather|SunnyDay|[upkeep]
|-sideend|p2: suifenli|Reflect
|upkeep
|turn|13
|
|t:|1758255708
|move|p2a: Bellossom|Quiver Dance|p2a: Bellossom
|-boost|p2a: Bellossom|spa|1
|-boost|p2a: Bellossom|spd|1
|-boost|p2a: Bellossom|spe|1
|move|p1a: Ninetales|Encore|p2a: Bellossom
|-start|p2a: Bellossom|Encore
|
|-weather|SunnyDay|[upkeep]
|upkeep
|turn|14
|
|t:|1758255711
|move|p2a: Bellossom|Quiver Dance|p2a: Bellossom
|-boost|p2a: Bellossom|spa|1
|-boost|p2a: Bellossom|spd|1
|-boost|p2a: Bellossom|spe|1
|move|p1a: Ninetales|Weather Ball|p2a: Bellossom
|-supereffective|p2a: Bellossom
|-damage|p2a: Bellossom|67/100
|
|-weather|SunnyDay|[upkeep]
|upkeep
|turn|15
|
|t:|1758255715
|switch|p1a: Cinderace|Cinderace, F|100/100
|move|p2a: Bellossom|Quiver Dance|p2a: Bellossom
|-boost|p2a: Bellossom|spa|1
|-boost|p2a: Bellossom|spd|1
|-boost|p2a: Bellossom|spe|1
|
|-weather|SunnyDay|[upkeep]
|upkeep
|turn|16
|
|t:|1758255717
|move|p2a: Bellossom|Quiver Dance|p2a: Bellossom
|-boost|p2a: Bellossom|spa|1
|-boost|p2a: Bellossom|spd|1
|-boost|p2a: Bellossom|spe|1
|move|p1a: Cinderace|Pyro Ball|p2a: Bellossom
|-supereffective|p2a: Bellossom
|-damage|p2a: Bellossom|0 fnt
|faint|p2a: Bellossom
|
|-weather|SunnyDay|[upkeep]
|upkeep
|
|t:|1758255725
|switch|p2a: Enamorus|Enamorus, F|100/100
|turn|17
|
|t:|1758255736
|switch|p1a: Slither Wing|Slither Wing, tera:Fire|52/100
|-activate|p1a: Slither Wing|ability: Protosynthesis
|-start|p1a: Slither Wing|protosynthesisatk
|move|p2a: Enamorus|Earth Power|p1a: Slither Wing
|-supereffective|p1a: Slither Wing
|-damage|p1a: Slither Wing|10/100
|-unboost|p1a: Slither Wing|spd|1
|
|-weather|SunnyDay|[upkeep]
|upkeep
|turn|18
|
|t:|1758255744
|move|p1a: Slither Wing|First Impression|p2a: Enamorus
|-resisted|p2a: Enamorus
|-damage|p2a: Enamorus|74/100
|move|p2a: Enamorus|Earth Power|p1a: Slither Wing
|-supereffective|p1a: Slither Wing
|-damage|p1a: Slither Wing|0 fnt
|faint|p1a: Slither Wing
|-end|p1a: Slither Wing|Protosynthesis|[silent]
|
|-weather|SunnyDay|[upkeep]
|upkeep
|
|t:|1758255747
|switch|p1a: Venusaur|Venusaur, F|100/100
|turn|19
|
|t:|1758255750
|move|p1a: Venusaur|Sludge Bomb|p2a: Enamorus
|-supereffective|p2a: Enamorus
|-damage|p2a: Enamorus|0 fnt
|faint|p2a: Enamorus
|
|-weather|none
|upkeep
|
|t:|1758255752
|switch|p2a: Zamazenta|Zamazenta|100/100
|-ability|p2a: Zamazenta|Dauntless Shield|boost
|-boost|p2a: Zamazenta|def|1
|turn|20
|
|t:|1758255759
|switch|p1a: Ninetales|Ninetales, F|100/100
|-weather|SunnyDay|[from] ability: Drought|[of] p1a: Ninetales
|move|p2a: Zamazenta|Substitute|p2a: Zamazenta
|-start|p2a: Zamazenta|Substitute
|-damage|p2a: Zamazenta|76/100
|
|-weather|SunnyDay|[upkeep]
|-heal|p2a: Zamazenta|82/100|[from] item: Leftovers
|upkeep
|turn|21
|
|t:|1758255767
|move|p1a: Ninetales|Encore|p2a: Zamazenta
|-start|p2a: Zamazenta|Encore
|move|p2a: Zamazenta|Substitute|p2a: Zamazenta
|-fail|p2a: Zamazenta|move: Substitute
|
|-weather|SunnyDay|[upkeep]
|-heal|p2a: Zamazenta|88/100|[from] item: Leftovers
|upkeep
|turn|22
|
|t:|1758255773
|move|p1a: Ninetales|Weather Ball|p2a: Zamazenta
|-end|p2a: Zamazenta|Substitute
|move|p2a: Zamazenta|Substitute|p2a: Zamazenta
|-start|p2a: Zamazenta|Substitute
|-damage|p2a: Zamazenta|63/100
|
|-weather|SunnyDay|[upkeep]
|-heal|p2a: Zamazenta|69/100|[from] item: Leftovers
|upkeep
|turn|23
|
|t:|1758255775
|move|p1a: Ninetales|Weather Ball|p2a: Zamazenta
|-end|p2a: Zamazenta|Substitute
|move|p2a: Zamazenta|Substitute|p2a: Zamazenta
|-start|p2a: Zamazenta|Substitute
|-damage|p2a: Zamazenta|44/100
|
|-weather|SunnyDay|[upkeep]
|-heal|p2a: Zamazenta|50/100|[from] item: Leftovers
|-end|p2a: Zamazenta|Encore
|upkeep
|turn|24
|
|t:|1758255778
|move|p1a: Ninetales|Encore|p2a: Zamazenta
|-start|p2a: Zamazenta|Encore
|move|p2a: Zamazenta|Substitute|p2a: Zamazenta
|-fail|p2a: Zamazenta|move: Substitute
|
|-weather|SunnyDay|[upkeep]
|-heal|p2a: Zamazenta|56/100|[from] item: Leftovers
|upkeep
|turn|25
|
|t:|1758255781
|move|p1a: Ninetales|Weather Ball|p2a: Zamazenta
|-end|p2a: Zamazenta|Substitute
|move|p2a: Zamazenta|Substitute|p2a: Zamazenta
|-start|p2a: Zamazenta|Substitute
|-damage|p2a: Zamazenta|32/100
|
|-weather|SunnyDay|[upkeep]
|-heal|p2a: Zamazenta|38/100|[from] item: Leftovers
|upkeep
|turn|26
|
|t:|1758255784
|move|p1a: Ninetales|Weather Ball|p2a: Zamazenta
|-end|p2a: Zamazenta|Substitute
|move|p2a: Zamazenta|Substitute|p2a: Zamazenta
|-start|p2a: Zamazenta|Substitute
|-damage|p2a: Zamazenta|13/100
|
|-weather|SunnyDay|[upkeep]
|-heal|p2a: Zamazenta|19/100|[from] item: Leftovers
|-end|p2a: Zamazenta|Encore
|upkeep
|turn|27
|
|t:|1758255787
|move|p1a: Ninetales|Encore|p2a: Zamazenta
|-start|p2a: Zamazenta|Encore
|move|p2a: Zamazenta|Substitute|p2a: Zamazenta
|-fail|p2a: Zamazenta|move: Substitute
|
|-weather|none
|-heal|p2a: Zamazenta|25/100|[from] item: Leftovers
|upkeep
|turn|28
|-message|suifenli forfeited.
|
|win|Oattumblely
|raw|Oattumblely's rating: 1447 &rarr; <strong>1470</strong><br />(+23 for winning)
|raw|suifenli's rating: 1500 &rarr; <strong>1477</strong><br />(-23 for losing)
|l|☆Oattumblely
|player|p1|
|l|☆suifenli
|player|p2|
