|j|☆lerendezvous
|j|☆Un Sospiro
|t:|1758341545
|gametype|singles
|player|p1|lerendezvous|101|1690
|player|p2|Un Sospiro|265|1698
|gen|9
|tier|[Gen 9] OU
|rated|
|rule|HP Percentage Mod: HP is shown in percentages
|rule|Endless Battle Clause: Forcing endless battles is banned
|rule|Species Clause: Limit one of each Pokémon
|rule|OHKO Clause: OHKO moves are banned
|rule|Evasion Items Clause: Evasion items are banned
|rule|Evasion Moves Clause: Evasion moves are banned
|rule|Evasion Abilities Clause: Evasion abilities are banned
|rule|Sleep Moves Clause: Sleep-inducing moves are banned
|clearpoke
|poke|p1|Ogerpon-Wellspring, F|
|poke|p1|Slowking-Galar, F|
|poke|p1|Great Tusk|
|poke|p1|Moltres|
|poke|p1|Dragapult, F|
|poke|p1|Kingambit, F|
|poke|p2|Torkoal, M|
|poke|p2|Hatterene, F|
|poke|p2|Walking Wake|
|poke|p2|Raging Bolt|
|poke|p2|Blaziken, F|
|poke|p2|Great Tusk|
|teampreview
|
|t:|1758341556
|teamsize|p1|6
|teamsize|p2|6
|start
|switch|p1a: Great Tusk|Great Tusk|100/100
|switch|p2a: Banshoman|Torkoal, M|100/100
|-weather|SunnyDay|[from] ability: Drought|[of] p2a: Banshoman
|-activate|p1a: Great Tusk|ability: Protosynthesis
|-start|p1a: Great Tusk|protosynthesisatk
|turn|1
|inactive|Battle timer is ON: inactive players will automatically lose when time's up. (requested by lerendezvous)
|
|t:|1758341561
|-end|p1a: Great Tusk|Protosynthesis|[silent]
|switch|p1a: Slowking|Slowking-Galar, F|100/100
|switch|p2a: In-N-Out|Hatterene, F|100/100
|
|-weather|SunnyDay|[upkeep]
|upkeep
|turn|2
|
|t:|1758341565
|switch|p2a: 🙏🙏🙏|Great Tusk|100/100
|-activate|p2a: 🙏🙏🙏|ability: Protosynthesis
|-start|p2a: 🙏🙏🙏|protosynthesisatk
|move|p1a: Slowking|Sludge Bomb|p2a: 🙏🙏🙏
|-resisted|p2a: 🙏🙏🙏
|-damage|p2a: 🙏🙏🙏|68/100
|
|-weather|SunnyDay|[upkeep]
|upkeep
|turn|3
|j| nesnot
|
|t:|1758341576
|-end|p2a: 🙏🙏🙏|Protosynthesis|[silent]
|switch|p2a: Adam Ondra|Raging Bolt|100/100
|-activate|p2a: Adam Ondra|ability: Protosynthesis
|-start|p2a: Adam Ondra|protosynthesisspa
|switch|p1a: Moltres|Moltres|100/100
|
|-weather|SunnyDay|[upkeep]
|upkeep
|turn|4
|
|t:|1758341581
|switch|p1a: Slowking|Slowking-Galar, F|100/100
|move|p2a: Adam Ondra|Thunderbolt|p1a: Slowking
|-damage|p1a: Slowking|68/100
|
|-weather|SunnyDay|[upkeep]
|upkeep
|turn|5
|
|t:|1758341587
|move|p2a: Adam Ondra|Weather Ball|p1a: Slowking
|-damage|p1a: Slowking|31/100
|move|p1a: Slowking|Sludge Bomb|p2a: Adam Ondra
|-damage|p2a: Adam Ondra|77/100
|
|-weather|SunnyDay|[upkeep]
|upkeep
|turn|6
|
|t:|1758341593
|switch|p1a: Dragapult|Dragapult, F|100/100
|move|p2a: Adam Ondra|Draco Meteor|p1a: Dragapult
|-supereffective|p1a: Dragapult
|-damage|p1a: Dragapult|0 fnt
|-unboost|p2a: Adam Ondra|spa|2
|faint|p1a: Dragapult
|
|-weather|SunnyDay|[upkeep]
|upkeep
|
|t:|1758341598
|switch|p1a: Slowking|Slowking-Galar, F|64/100
|turn|7
|
|t:|1758341603
|-end|p2a: Adam Ondra|Protosynthesis|[silent]
|switch|p2a: In-N-Out|Hatterene, F|100/100
|move|p1a: Slowking|Sludge Bomb|p2a: In-N-Out
|-supereffective|p2a: In-N-Out
|-damage|p2a: In-N-Out|8/100
|-enditem|p2a: In-N-Out|Eject Button
|
|t:|1758341606
|switch|p2a: 🙏🙏🙏|Great Tusk|68/100
|-activate|p2a: 🙏🙏🙏|ability: Protosynthesis
|-start|p2a: 🙏🙏🙏|protosynthesisatk
|
|-weather|SunnyDay|[upkeep]
|upkeep
|turn|8
|
|t:|1758341610
|switch|p1a: Moltres|Moltres|100/100
|move|p2a: 🙏🙏🙏|Temper Flare|p1a: Moltres
|-resisted|p1a: Moltres
|-damage|p1a: Moltres|74/100
|-status|p2a: 🙏🙏🙏|brn|[from] ability: Flame Body|[of] p1a: Moltres
|
|-weather|none
|-end|p2a: 🙏🙏🙏|Protosynthesis
|-damage|p2a: 🙏🙏🙏|62/100 brn|[from] brn
|upkeep
|turn|9
|
|t:|1758341617
|-end|p2a: 🙏🙏🙏|Protosynthesis|[silent]
|switch|p2a: Banshoman|Torkoal, M|100/100
|-weather|SunnyDay|[from] ability: Drought|[of] p2a: Banshoman
|move|p1a: Moltres|U-turn|p2a: Banshoman
|-resisted|p2a: Banshoman
|-damage|p2a: Banshoman|96/100
|j| amefurikoneko
|
|t:|1758341625
|switch|p1a: Slowking|Slowking-Galar, F|97/100|[from] U-turn
|
|-weather|SunnyDay|[upkeep]
|upkeep
|turn|10
|
|t:|1758341630
|switch|p2a: 🙏🙏🙏|Great Tusk|62/100 brn
|-activate|p2a: 🙏🙏🙏|ability: Protosynthesis
|-start|p2a: 🙏🙏🙏|protosynthesisatk
|move|p1a: Slowking|Flamethrower|p2a: 🙏🙏🙏
|-damage|p2a: 🙏🙏🙏|0 fnt
|faint|p2a: 🙏🙏🙏
|-end|p2a: 🙏🙏🙏|Protosynthesis|[silent]
|
|-weather|SunnyDay|[upkeep]
|upkeep
|
|t:|1758341632
|switch|p2a: In-N-Out|Hatterene, F|8/100
|turn|11
|
|t:|1758341637
|switch|p1a: Great Tusk|Great Tusk|100/100
|-activate|p1a: Great Tusk|ability: Protosynthesis
|-start|p1a: Great Tusk|protosynthesisatk
|move|p2a: In-N-Out|Nuzzle|p1a: Great Tusk
|-immune|p1a: Great Tusk
|
|-weather|SunnyDay|[upkeep]
|upkeep
|turn|12
|
|t:|1758341641
|move|p1a: Great Tusk|Ice Spinner|p2a: In-N-Out
|-damage|p2a: In-N-Out|0 fnt
|faint|p2a: In-N-Out
|
|-weather|SunnyDay|[upkeep]
|upkeep
|
|t:|1758341644
|switch|p2a: chickenonaballoon|Blaziken, F|100/100
|turn|13
|
|t:|1758341648
|move|p2a: chickenonaballoon|Protect|p2a: chickenonaballoon
|-singleturn|p2a: chickenonaballoon|Protect
|move|p1a: Great Tusk|Headlong Rush|p2a: chickenonaballoon
|-activate|p2a: chickenonaballoon|move: Protect
|
|-weather|SunnyDay|[upkeep]
|-ability|p2a: chickenonaballoon|Speed Boost|boost
|-boost|p2a: chickenonaballoon|spe|1
|upkeep
|turn|14
|
|t:|1758341652
|move|p2a: chickenonaballoon|Overheat|p1a: Great Tusk
|-damage|p1a: Great Tusk|0 fnt
|-unboost|p2a: chickenonaballoon|spa|2
|faint|p1a: Great Tusk
|-end|p1a: Great Tusk|Protosynthesis|[silent]
|
|-weather|SunnyDay|[upkeep]
|-ability|p2a: chickenonaballoon|Speed Boost|boost
|-boost|p2a: chickenonaballoon|spe|1
|upkeep
|
|t:|1758341660
|switch|p1a: Slowking|Slowking-Galar, F|100/100
|turn|15
|
|t:|1758341671
|switch|p2a: Adam Ondra|Raging Bolt|77/100
|-activate|p2a: Adam Ondra|ability: Protosynthesis
|-start|p2a: Adam Ondra|protosynthesisspa
|move|p1a: Slowking|Sludge Bomb|p2a: Adam Ondra
|-damage|p2a: Adam Ondra|54/100
|
|-weather|SunnyDay|[upkeep]
|upkeep
|turn|16
|
|t:|1758341675
|move|p2a: Adam Ondra|Thunderbolt|p1a: Slowking
|-damage|p1a: Slowking|68/100
|move|p1a: Slowking|Sludge Bomb|p2a: Adam Ondra
|-damage|p2a: Adam Ondra|30/100
|
|-weather|none
|-end|p2a: Adam Ondra|Protosynthesis
|upkeep
|turn|17
|
|t:|1758341680
|-end|p2a: Adam Ondra|Protosynthesis|[silent]
|switch|p2a: Banshoman|Torkoal, M|96/100
|-weather|SunnyDay|[from] ability: Drought|[of] p2a: Banshoman
|move|p1a: Slowking|Ice Beam|p2a: Banshoman
|-resisted|p2a: Banshoman
|-damage|p2a: Banshoman|79/100
|
|-weather|SunnyDay|[upkeep]
|upkeep
|turn|18
|
|t:|1758341689
|move|p1a: Slowking|Ice Beam|p2a: Banshoman
|-resisted|p2a: Banshoman
|-damage|p2a: Banshoman|61/100
|move|p2a: Banshoman|Lava Plume|p1a: Slowking
|-damage|p1a: Slowking|49/100
|
|-weather|SunnyDay|[upkeep]
|upkeep
|turn|19
|
|t:|1758341699
|move|p1a: Slowking|Sludge Bomb|p2a: Banshoman
|-crit|p2a: Banshoman
|-damage|p2a: Banshoman|0 fnt
|faint|p2a: Banshoman
|
|-weather|SunnyDay|[upkeep]
|upkeep
|
|t:|1758341707
|switch|p2a: Adam Ondra|Raging Bolt|30/100
|-activate|p2a: Adam Ondra|ability: Protosynthesis
|-start|p2a: Adam Ondra|protosynthesisspa
|turn|20
|
|t:|1758341712
|move|p2a: Adam Ondra|Weather Ball|p1a: Slowking
|-damage|p1a: Slowking|13/100
|move|p1a: Slowking|Psyshock|p2a: Adam Ondra
|-damage|p2a: Adam Ondra|0 fnt
|faint|p2a: Adam Ondra
|-end|p2a: Adam Ondra|Protosynthesis|[silent]
|
|-weather|SunnyDay|[upkeep]
|upkeep
|
|t:|1758341719
|switch|p2a: Mr. Conductor|Walking Wake|100/100
|-activate|p2a: Mr. Conductor|ability: Protosynthesis
|-start|p2a: Mr. Conductor|protosynthesisspe
|turn|21
|
|t:|1758341724
|switch|p1a: Moltres|Moltres|74/100
|move|p2a: Mr. Conductor|Weather Ball|p1a: Moltres
|-resisted|p1a: Moltres
|-damage|p1a: Moltres|47/100
|
|-weather|SunnyDay|[upkeep]
|upkeep
|turn|22
|
|t:|1758341730
|move|p2a: Mr. Conductor|Hydro Steam|p1a: Moltres
|-supereffective|p1a: Moltres
|-damage|p1a: Moltres|0 fnt
|faint|p1a: Moltres
|
|-weather|SunnyDay|[upkeep]
|upkeep
|
|t:|1758341735
|switch|p1a: Slowking|Slowking-Galar, F|46/100
|turn|23
|l| amefurikoneko
|
|t:|1758341740
|move|p2a: Mr. Conductor|Weather Ball|p1a: Slowking
|-damage|p1a: Slowking|16/100
|move|p1a: Slowking|Sludge Bomb|p2a: Mr. Conductor
|-damage|p2a: Mr. Conductor|51/100
|-status|p2a: Mr. Conductor|psn
|
|-weather|SunnyDay|[upkeep]
|-damage|p2a: Mr. Conductor|39/100 psn|[from] psn
|upkeep
|turn|24
|j| Frank Ocean Fanboy
|
|t:|1758341746
|switch|p1a: Ogerpon|Ogerpon-Wellspring, F|100/100
|move|p2a: Mr. Conductor|Weather Ball|p1a: Ogerpon
|-damage|p1a: Ogerpon|40/100
|
|-weather|none
|-end|p2a: Mr. Conductor|Protosynthesis
|-damage|p2a: Mr. Conductor|27/100 psn|[from] psn
|upkeep
|turn|25
|l| Frank Ocean Fanboy
|
|t:|1758341751
|move|p1a: Ogerpon|U-turn|p2a: Mr. Conductor
|-damage|p2a: Mr. Conductor|0 fnt
|faint|p2a: Mr. Conductor
|-end|p2a: Mr. Conductor|Protosynthesis|[silent]
|
|t:|1758341756
|switch|p1a: Slowking|Slowking-Galar, F|50/100|[from] U-turn
|
|upkeep
|
|t:|1758341758
|switch|p2a: chickenonaballoon|Blaziken, F|100/100
|turn|26
|
|t:|1758341763
|-terastallize|p2a: chickenonaballoon|Fire
|move|p2a: chickenonaballoon|Focus Energy|p2a: chickenonaballoon
|-start|p2a: chickenonaballoon|move: Focus Energy
|move|p1a: Slowking|Psyshock|p2a: chickenonaballoon
|-crit|p2a: chickenonaballoon
|-damage|p2a: chickenonaballoon|14/100
|
|-ability|p2a: chickenonaballoon|Speed Boost|boost
|-boost|p2a: chickenonaballoon|spe|1
|upkeep
|turn|27
|
|t:|1758341770
|move|p2a: chickenonaballoon|Overheat|p1a: Slowking
|-crit|p1a: Slowking
|-damage|p1a: Slowking|0 fnt
|-unboost|p2a: chickenonaballoon|spa|2
|faint|p1a: Slowking
|
|-ability|p2a: chickenonaballoon|Speed Boost|boost
|-boost|p2a: chickenonaballoon|spe|1
|upkeep
|
|t:|1758341776
|switch|p1a: Kingambit|Kingambit, F|100/100
|-activate|p1a: Kingambit|ability: Supreme Overlord
|-start|p1a: Kingambit|fallen4|[silent]
|turn|28
|
|t:|1758341780
|-terastallize|p1a: Kingambit|Ghost
|move|p2a: chickenonaballoon|Protect|p2a: chickenonaballoon
|-singleturn|p2a: chickenonaballoon|Protect
|move|p1a: Kingambit|Iron Head|p2a: chickenonaballoon
|-activate|p2a: chickenonaballoon|move: Protect
|
|-ability|p2a: chickenonaballoon|Speed Boost|boost
|-boost|p2a: chickenonaballoon|spe|1
|upkeep
|turn|29
|
|t:|1758341784
|move|p2a: chickenonaballoon|Overheat|p1a: Kingambit
|-crit|p1a: Kingambit
|-damage|p1a: Kingambit|0 fnt
|-unboost|p2a: chickenonaballoon|spa|2
|faint|p1a: Kingambit
|-end|p1a: Kingambit|fallen4|[silent]
|
|-ability|p2a: chickenonaballoon|Speed Boost|boost
|-boost|p2a: chickenonaballoon|spe|1
|upkeep
|
|t:|1758341790
|switch|p1a: Ogerpon|Ogerpon-Wellspring, F|40/100
|turn|30
|
|t:|1758341794
|move|p2a: chickenonaballoon|Close Combat|p1a: Ogerpon
|-crit|p1a: Ogerpon
|-damage|p1a: Ogerpon|0 fnt
|-unboost|p2a: chickenonaballoon|def|1
|-unboost|p2a: chickenonaballoon|spd|1
|faint|p1a: Ogerpon
|
|win|Un Sospiro
|raw|lerendezvous's rating: 1690 &rarr; <strong>1670</strong><br />(-20 for losing)
|raw|Un Sospiro's rating: 1698 &rarr; <strong>1718</strong><br />(+20 for winning)
|l|☆lerendezvous
|player|p1|
|l| nesnot
|l|☆Un Sospiro
|player|p2|
