|j|☆mmmspicy69
|j|☆WeR#4Hay!
|t:|1758329326
|gametype|singles
|player|p1|mmmspicy69|169|1494
|player|p2|WeR#4Hay!|102|1530
|gen|9
|tier|[Gen 9] OU
|rated|
|rule|HP Percentage Mod: HP is shown in percentages
|rule|Endless Battle Clause: Forcing endless battles is banned
|rule|Species Clause: Limit one of each Pokémon
|rule|OHKO Clause: OHKO moves are banned
|rule|Evasion Items Clause: Evasion items are banned
|rule|Evasion Moves Clause: Evasion moves are banned
|rule|Evasion Abilities Clause: Evasion abilities are banned
|rule|Sleep Moves Clause: Sleep-inducing moves are banned
|clearpoke
|poke|p1|Great Tusk|
|poke|p1|Dragonite, M|
|poke|p1|Zamazenta-*|
|poke|p1|Hatterene, F|
|poke|p1|Braviary-Hisui, M|
|poke|p1|Pecharunt|
|poke|p2|Hydrapple, M|
|poke|p2|Slowking, M|
|poke|p2|Iron Treads|
|poke|p2|Moltres|
|poke|p2|Zamazenta-*|
|poke|p2|Kingambit, F|
|teampreview
|
|t:|1758329359
|teamsize|p1|6
|teamsize|p2|6
|start
|switch|p1a: Braviary|Braviary-Hisui, M|100/100
|switch|p2a: Iron Treads|Iron Treads|100/100
|turn|1
|
|t:|1758329366
|move|p2a: Iron Treads|Knock Off|p1a: Braviary
|-supereffective|p1a: Braviary
|-damage|p1a: Braviary|37/100
|-enditem|p1a: Braviary|Life Orb|[from] move: Knock Off|[of] p2a: Iron Treads
|move|p1a: Braviary|Agility|p1a: Braviary
|-boost|p1a: Braviary|spe|2
|
|upkeep
|turn|2
|
|t:|1758329373
|move|p1a: Braviary|Heat Wave|p2a: Iron Treads|[miss]
|-miss|p1a: Braviary|p2a: Iron Treads
|move|p2a: Iron Treads|Ice Spinner|p1a: Braviary
|-supereffective|p1a: Braviary
|-damage|p1a: Braviary|0 fnt
|faint|p1a: Braviary
|
|upkeep
|
|t:|1758329379
|switch|p1a: Pecharunt|Pecharunt|100/100
|-item|p1a: Pecharunt|Air Balloon
|turn|3
|
|t:|1758329385
|move|p1a: Pecharunt|Nasty Plot|p1a: Pecharunt
|-boost|p1a: Pecharunt|spa|2
|move|p2a: Iron Treads|Knock Off|p1a: Pecharunt
|-supereffective|p1a: Pecharunt
|-damage|p1a: Pecharunt|62/100
|-enditem|p1a: Pecharunt|Air Balloon
|
|upkeep
|turn|4
|
|t:|1758329392
|-terastallize|p1a: Pecharunt|Fighting
|move|p1a: Pecharunt|Tera Blast|p2a: Iron Treads|[anim] Tera Blast Fighting
|-supereffective|p2a: Iron Treads
|-damage|p2a: Iron Treads|0 fnt
|faint|p2a: Iron Treads
|-end|p2a: Iron Treads|Quark Drive|[silent]
|
|upkeep
|inactive|Battle timer is ON: inactive players will automatically lose when time's up. (requested by mmmspicy69)
|inactive|WeR#4Hay! has 120 seconds left.
|inactive|WeR#4Hay! has 90 seconds left.
|
|t:|1758329535
|switch|p2a: Hydrapple|Hydrapple, M|100/100
|turn|5
|
|t:|1758329543
|-terastallize|p2a: Hydrapple|Poison
|move|p1a: Pecharunt|Malignant Chain|p2a: Hydrapple
|-resisted|p2a: Hydrapple
|-damage|p2a: Hydrapple|56/100
|move|p2a: Hydrapple|Fickle Beam|p1a: Pecharunt
|-damage|p1a: Pecharunt|0 fnt
|faint|p1a: Pecharunt
|-damage|p2a: Hydrapple|46/100|[from] item: Life Orb
|
|upkeep
|
|t:|1758329554
|switch|p1a: Hatterene|Hatterene, F|100/100
|turn|6
|
|t:|1758329568
|switch|p2a: TheTransGambit|Kingambit, F|100/100
|-activate|p2a: TheTransGambit|ability: Supreme Overlord
|-start|p2a: TheTransGambit|fallen1|[silent]
|move|p1a: Hatterene|Psyshock|p2a: TheTransGambit
|-immune|p2a: TheTransGambit
|
|upkeep
|turn|7
|
|t:|1758329573
|move|p2a: TheTransGambit|Iron Head|p1a: Hatterene
|-supereffective|p1a: Hatterene
|-damage|p1a: Hatterene|0 fnt
|faint|p1a: Hatterene
|
|upkeep
|
|t:|1758329577
|switch|p1a: Zamazenta|Zamazenta|100/100
|-ability|p1a: Zamazenta|Dauntless Shield|boost
|-boost|p1a: Zamazenta|def|1
|turn|8
|
|t:|1758329596
|-end|p2a: TheTransGambit|fallen1|[silent]
|switch|p2a: Hydrapple|Hydrapple, M, tera:Poison|79/100
|move|p1a: Zamazenta|Iron Defense|p1a: Zamazenta
|-boost|p1a: Zamazenta|def|2
|
|upkeep
|turn|9
|
|t:|1758329603
|move|p1a: Zamazenta|Iron Defense|p1a: Zamazenta
|-boost|p1a: Zamazenta|def|2
|move|p2a: Hydrapple|Fickle Beam|p1a: Zamazenta
|-damage|p1a: Zamazenta|56/100
|-damage|p2a: Hydrapple|69/100|[from] item: Life Orb
|
|upkeep
|turn|10
|
|t:|1758329612
|move|p1a: Zamazenta|Body Press|p2a: Hydrapple
|-resisted|p2a: Hydrapple
|-damage|p2a: Hydrapple|27/100
|move|p2a: Hydrapple|Leaf Storm|p1a: Zamazenta
|-damage|p1a: Zamazenta|0 fnt
|-unboost|p2a: Hydrapple|spa|2
|faint|p1a: Zamazenta
|-damage|p2a: Hydrapple|17/100|[from] item: Life Orb
|
|upkeep
|
|t:|1758329619
|switch|p1a: Great Tusk|Great Tusk|100/100
|-enditem|p1a: Great Tusk|Booster Energy
|-activate|p1a: Great Tusk|ability: Protosynthesis|[fromitem]
|-start|p1a: Great Tusk|protosynthesisatk
|turn|11
|
|t:|1758329623
|switch|p2a: Moltres|Moltres|100/100
|move|p1a: Great Tusk|Rapid Spin|p2a: Moltres
|-damage|p2a: Moltres|85/100
|-boost|p1a: Great Tusk|spe|1
|
|upkeep
|turn|12
|
|t:|1758329629
|move|p1a: Great Tusk|Supercell Slam|p2a: Moltres
|-supereffective|p2a: Moltres
|-damage|p2a: Moltres|22/100
|move|p2a: Moltres|Flamethrower|p1a: Great Tusk
|-damage|p1a: Great Tusk|44/100
|
|upkeep
|turn|13
|
|t:|1758329646
|move|p1a: Great Tusk|Ice Spinner|p2a: Moltres
|-damage|p2a: Moltres|0 fnt
|-status|p1a: Great Tusk|brn|[from] ability: Flame Body|[of] p2a: Moltres
|faint|p2a: Moltres
|
|-damage|p1a: Great Tusk|38/100 brn|[from] brn
|upkeep
|
|t:|1758329658
|switch|p2a: Slowking|Slowking, M|100/100
|turn|14
|
|t:|1758329665
|move|p1a: Great Tusk|Ice Spinner|p2a: Slowking
|-resisted|p2a: Slowking
|-damage|p2a: Slowking|91/100
|move|p2a: Slowking|Future Sight|p1a: Great Tusk
|-start|p2a: Slowking|move: Future Sight
|
|-damage|p1a: Great Tusk|31/100 brn|[from] brn
|upkeep
|turn|15
|
|t:|1758329671
|move|p1a: Great Tusk|Supercell Slam|p2a: Slowking
|-supereffective|p2a: Slowking
|-damage|p2a: Slowking|40/100
|move|p2a: Slowking|Scald|p1a: Great Tusk
|-supereffective|p1a: Great Tusk
|-damage|p1a: Great Tusk|0 fnt
|faint|p1a: Great Tusk
|-end|p1a: Great Tusk|Protosynthesis|[silent]
|
|upkeep
|
|t:|1758329678
|switch|p1a: Dragonite|Dragonite, M|100/100
|turn|16
|
|t:|1758329683
|move|p1a: Dragonite|Dragon Dance|p1a: Dragonite
|-boost|p1a: Dragonite|atk|1
|-boost|p1a: Dragonite|spe|1
|-prepare|p2a: Slowking|Chilly Reception|[premajor]
|move|p2a: Slowking|Chilly Reception|p2a: Slowking
|-weather|Snowscape
|
|t:|1758329685
|switch|p2a: Zamazenta|Zamazenta|100/100|[from] Chilly Reception
|-ability|p2a: Zamazenta|Dauntless Shield|boost
|-boost|p2a: Zamazenta|def|1
|
|-weather|Snowscape|[upkeep]
|-end|p1a: Dragonite|move: Future Sight
|-damage|p1a: Dragonite|79/100
|upkeep
|turn|17
|
|t:|1758329696
|move|p2a: Zamazenta|Ice Fang|p1a: Dragonite
|-supereffective|p1a: Dragonite
|-damage|p1a: Dragonite|0 fnt
|faint|p1a: Dragonite
|
|win|WeR#4Hay!
|raw|mmmspicy69's rating: 1494 &rarr; <strong>1476</strong><br />(-18 for losing)
|raw|WeR#4Hay!'s rating: 1530 &rarr; <strong>1548</strong><br />(+18 for winning)
|c|☆WeR#4Hay!|gg
|l|☆mmmspicy69
|player|p1|
