|j|☆thebacchusbraviary
|j|☆AureoXS
|t:|1758316530
|gametype|singles
|player|p1|thebacchusbraviary|winona|1358
|player|p2|AureoXS|miku-ground|1409
|gen|9
|tier|[Gen 9] OU
|rated|
|rule|HP Percentage Mod: HP is shown in percentages
|rule|Endless Battle Clause: Forcing endless battles is banned
|rule|Species Clause: Limit one of each Pokémon
|rule|OHKO Clause: OHKO moves are banned
|rule|Evasion Items Clause: Evasion items are banned
|rule|Evasion Moves Clause: Evasion moves are banned
|rule|Evasion Abilities Clause: Evasion abilities are banned
|rule|Sleep Moves Clause: Sleep-inducing moves are banned
|clearpoke
|poke|p1|Braviary, M|
|poke|p1|Tyranitar, F|
|poke|p1|Regice|
|poke|p1|Greninja-*, M|
|poke|p1|Arcanine-Hisui, F|
|poke|p1|Thundurus-Therian, M|
|poke|p2|Deoxys-Speed|
|poke|p2|Iron Crown|
|poke|p2|Indeedee, M|
|poke|p2|Hatterene, F|
|poke|p2|Armarouge, F|
|poke|p2|Hawlucha, M|
|teampreview
|inactive|Battle timer is ON: inactive players will automatically lose when time's up. (requested by AureoXS)
|inactive|thebacchusbraviary also wants the timer to be on.
|
|t:|1758316540
|teamsize|p1|6
|teamsize|p2|6
|start
|switch|p1a: Thundurus|Thundurus-Therian, M|100/100
|switch|p2a: Deoxys|Deoxys-Speed|100/100
|-ability|p2a: Deoxys|Pressure
|turn|1
|
|t:|1758316547
|move|p2a: Deoxys|Psycho Boost|p1a: Thundurus
|-damage|p1a: Thundurus|41/100
|-unboost|p2a: Deoxys|spa|2
|-enditem|p2a: Deoxys|Eject Pack
|
|t:|1758316557
|switch|p2a: Armarouge|Armarouge, F|100/100
|move|p1a: Thundurus|Dark Pulse|p2a: Armarouge
|-supereffective|p2a: Armarouge
|-enditem|p2a: Armarouge|Focus Sash
|-damage|p2a: Armarouge|1/100
|
|upkeep
|turn|2
|
|t:|1758316569
|move|p1a: Thundurus|Dark Pulse|p2a: Armarouge
|-supereffective|p2a: Armarouge
|-damage|p2a: Armarouge|0 fnt
|faint|p2a: Armarouge
|
|upkeep
|
|t:|1758316578
|switch|p2a: Deoxys|Deoxys-Speed|100/100
|-ability|p2a: Deoxys|Pressure
|turn|3
|
|t:|1758316584
|switch|p1a: Regice|Regice|100/100
|move|p2a: Deoxys|Knock Off|p1a: Regice
|-crit|p1a: Regice
|-damage|p1a: Regice|74/100
|-enditem|p1a: Regice|Leftovers|[from] move: Knock Off|[of] p2a: Deoxys
|
|upkeep
|turn|4
|
|t:|1758316591
|move|p2a: Deoxys|Superpower|p1a: Regice
|-supereffective|p1a: Regice
|-damage|p1a: Regice|29/100
|-unboost|p2a: Deoxys|atk|1
|-unboost|p2a: Deoxys|def|1
|move|p1a: Regice|Thunder Wave|p2a: Deoxys
|-status|p2a: Deoxys|par
|
|upkeep
|turn|5
|
|t:|1758316599
|cant|p2a: Deoxys|par
|move|p1a: Regice|Ice Beam|p2a: Deoxys
|-damage|p2a: Deoxys|49/100 par
|
|upkeep
|turn|6
|
|t:|1758316605
|move|p2a: Deoxys|Stealth Rock|p1a: Regice
|-sidestart|p1: thebacchusbraviary|move: Stealth Rock
|move|p1a: Regice|Ice Beam|p2a: Deoxys
|-damage|p2a: Deoxys|0 fnt
|faint|p2a: Deoxys
|
|upkeep
|
|t:|1758316612
|switch|p2a: Indeedee|Indeedee, M|100/100
|-fieldstart|move: Psychic Terrain|[from] ability: Psychic Surge|[of] p2a: Indeedee
|turn|7
|
|t:|1758316617
|switch|p1a: Tyranitar|Tyranitar, F|100/100
|-damage|p1a: Tyranitar|88/100|[from] Stealth Rock
|-weather|Sandstorm|[from] ability: Sand Stream|[of] p1a: Tyranitar
|move|p2a: Indeedee|Expanding Force|p1a: Tyranitar
|-immune|p1a: Tyranitar
|
|-weather|Sandstorm|[upkeep]
|-damage|p2a: Indeedee|94/100|[from] Sandstorm
|upkeep
|turn|8
|
|t:|1758316627
|switch|p2a: Hatterene|Hatterene, F|100/100
|move|p1a: Tyranitar|Knock Off|p2a: Hatterene
|-damage|p2a: Hatterene|50/100
|-damage|p1a: Tyranitar|72/100|[from] item: Rocky Helmet|[of] p2a: Hatterene
|-enditem|p2a: Hatterene|Rocky Helmet|[from] move: Knock Off|[of] p1a: Tyranitar
|
|-weather|Sandstorm|[upkeep]
|-damage|p2a: Hatterene|44/100|[from] Sandstorm
|upkeep
|turn|9
|
|t:|1758316642
|switch|p2a: Hawlucha|Hawlucha, M|100/100
|-enditem|p2a: Hawlucha|Psychic Seed
|-boost|p2a: Hawlucha|spd|1|[from] item: Psychic Seed
|move|p1a: Tyranitar|Earthquake|p2a: Hawlucha
|-immune|p2a: Hawlucha
|
|-weather|Sandstorm|[upkeep]
|-damage|p2a: Hawlucha|95/100|[from] Sandstorm
|upkeep
|turn|10
|
|t:|1758316653
|-terastallize|p1a: Tyranitar|Ghost
|move|p2a: Hawlucha|Close Combat|p1a: Tyranitar
|-immune|p1a: Tyranitar
|move|p1a: Tyranitar|Ice Beam|p2a: Hawlucha
|-supereffective|p2a: Hawlucha
|-damage|p2a: Hawlucha|53/100
|
|-weather|Sandstorm|[upkeep]
|-damage|p2a: Hawlucha|48/100|[from] Sandstorm
|-damage|p1a: Tyranitar|65/100|[from] Sandstorm
|upkeep
|turn|11
|
|t:|1758316663
|move|p2a: Hawlucha|Acrobatics|p1a: Tyranitar
|-damage|p1a: Tyranitar|26/100
|move|p1a: Tyranitar|Ice Beam|p2a: Hawlucha
|-supereffective|p2a: Hawlucha
|-damage|p2a: Hawlucha|10/100
|
|-weather|none
|upkeep
|turn|12
|
|t:|1758316670
|move|p2a: Hawlucha|Acrobatics|p1a: Tyranitar
|-damage|p1a: Tyranitar|0 fnt
|faint|p1a: Tyranitar
|
|upkeep
|
|t:|1758316674
|switch|p1a: Regice|Regice|29/100
|-damage|p1a: Regice|4/100|[from] Stealth Rock
|turn|13
|
|t:|1758316677
|move|p2a: Hawlucha|Acrobatics|p1a: Regice
|-damage|p1a: Regice|0 fnt
|faint|p1a: Regice
|
|upkeep
|
|t:|1758316693
|switch|p1a: Braviary|Braviary, M|100/100
|-damage|p1a: Braviary|76/100|[from] Stealth Rock
|turn|14
|
|t:|1758316697
|move|p2a: Hawlucha|Close Combat|p1a: Braviary
|-damage|p1a: Braviary|10/100
|-unboost|p2a: Hawlucha|def|1
|-unboost|p2a: Hawlucha|spd|1
|move|p1a: Braviary|Defog|p2a: Hawlucha
|-unboost|p2a: Hawlucha|evasion|1
|-sideend|p1: thebacchusbraviary|Stealth Rock|[from] move: Defog|[of] p1a: Braviary
|-fieldend|move: Psychic Terrain
|
|upkeep
|turn|15
|
|t:|1758316706
|move|p2a: Hawlucha|Acrobatics|p1a: Braviary
|-damage|p1a: Braviary|0 fnt
|faint|p1a: Braviary
|
|upkeep
|
|t:|1758316712
|switch|p1a: Greninja|Greninja, M|100/100
|turn|16
|
|t:|1758316716
|switch|p2a: Indeedee|Indeedee, M|94/100
|-fieldstart|move: Psychic Terrain|[from] ability: Psychic Surge|[of] p2a: Indeedee
|move|p1a: Greninja|Water Shuriken|p2a: Indeedee
|-activate|p2a: Indeedee|move: Psychic Terrain
|
|upkeep
|turn|17
|
|t:|1758316724
|switch|p2a: Iron Crown|Iron Crown|100/100
|-enditem|p2a: Iron Crown|Booster Energy
|-activate|p2a: Iron Crown|ability: Quark Drive|[fromitem]
|-start|p2a: Iron Crown|quarkdrivespe
|move|p1a: Greninja|Dark Pulse|p2a: Iron Crown
|-supereffective|p2a: Iron Crown
|-damage|p2a: Iron Crown|29/100
|
|upkeep
|turn|18
|
|t:|1758316733
|switch|p1a: Thundurus|Thundurus-Therian, M|41/100
|move|p2a: Iron Crown|Focus Blast|p1a: Thundurus
|-resisted|p1a: Thundurus
|-damage|p1a: Thundurus|18/100
|
|upkeep
|turn|19
|
|t:|1758316741
|move|p2a: Iron Crown|Tachyon Cutter|p1a: Thundurus
|-resisted|p1a: Thundurus
|-damage|p1a: Thundurus|1/100
|-resisted|p1a: Thundurus
|-damage|p1a: Thundurus|0 fnt
|faint|p1a: Thundurus
|-hitcount|p1: Thundurus|2
|
|upkeep
|
|t:|1758316744
|switch|p1a: Greninja|Greninja, M|100/100
|turn|20
|
|t:|1758316750
|move|p2a: Iron Crown|Focus Blast|p1a: Greninja
|-supereffective|p1a: Greninja
|-damage|p1a: Greninja|0 fnt
|faint|p1a: Greninja
|
|upkeep
|-message|thebacchusbraviary forfeited.
|
|win|AureoXS
|raw|thebacchusbraviary's rating: 1358 &rarr; <strong>1341</strong><br />(-17 for losing)
|raw|AureoXS's rating: 1409 &rarr; <strong>1426</strong><br />(+17 for winning)
|l|☆thebacchusbraviary
|player|p1|
|l|☆AureoXS
|player|p2|
