|j|☆Blackmagicfr
|j|☆Roboute
|t:|1758348722
|gametype|singles
|player|p1|Blackmagicfr|giovanni|1431
|player|p2|Roboute|102|1645
|gen|9
|tier|[Gen 9] OU
|rated|
|rule|HP Percentage Mod: HP is shown in percentages
|rule|Endless Battle Clause: Forcing endless battles is banned
|rule|Species Clause: Limit one of each Pokémon
|rule|OHKO Clause: OHKO moves are banned
|rule|Evasion Items Clause: Evasion items are banned
|rule|Evasion Moves Clause: Evasion moves are banned
|rule|Evasion Abilities Clause: Evasion abilities are banned
|rule|Sleep Moves Clause: Sleep-inducing moves are banned
|clearpoke
|poke|p1|Electrode-Hisui|
|poke|p1|Rillaboom, M|
|poke|p1|Alomomola, M|
|poke|p1|Heatran, M|
|poke|p1|Great Tusk|
|poke|p1|Zamazenta-*|
|poke|p2|Tyranitar, M|
|poke|p2|Excadrill, M|
|poke|p2|Tornadus-Therian, M|
|poke|p2|Tinkaton, F|
|poke|p2|Sinistcha|
|poke|p2|Toxapex, M|
|teampreview
|inactive|Battle timer is ON: inactive players will automatically lose when time's up. (requested by Blackmagicfr)
|
|t:|1758348743
|teamsize|p1|6
|teamsize|p2|6
|start
|switch|p1a: Rillaboom|Rillaboom, M|100/100
|switch|p2a: Tyranitar|Tyranitar, M, shiny|100/100
|-weather|Sandstorm|[from] ability: Sand Stream|[of] p2a: Tyranitar
|-fieldstart|move: Grassy Terrain|[from] ability: Grassy Surge|[of] p1a: Rillaboom
|turn|1
|
|t:|1758348748
|switch|p2a: Tinkaton|Tinkaton, F, shiny|100/100
|-item|p2a: Tinkaton|Air Balloon
|move|p1a: Rillaboom|Knock Off|p2a: Tinkaton
|-resisted|p2a: Tinkaton
|-damage|p2a: Tinkaton|78/100
|-enditem|p2a: Tinkaton|Air Balloon
|-enditem|p1a: Rillaboom|Terrain Extender|[silent]|[from] ability: Pickpocket|[of] p1a: Rillaboom
|-item|p2a: Tinkaton|Terrain Extender|[from] ability: Pickpocket|[of] p1a: Rillaboom
|
|-weather|Sandstorm|[upkeep]
|-damage|p1a: Rillaboom|94/100|[from] Sandstorm
|-heal|p2a: Tinkaton|84/100|[from] Grassy Terrain
|-heal|p1a: Rillaboom|100/100|[from] Grassy Terrain
|upkeep
|turn|2
|
|t:|1758348760
|move|p2a: Tinkaton|Stealth Rock|p1a: Rillaboom
|-sidestart|p1: Blackmagicfr|move: Stealth Rock
|move|p1a: Rillaboom|U-turn|p2a: Tinkaton
|-resisted|p2a: Tinkaton
|-damage|p2a: Tinkaton|76/100
|
|t:|1758348775
|switch|p1a: Heatran|Heatran, M|100/100|[from] U-turn
|-damage|p1a: Heatran|88/100|[from] Stealth Rock
|
|-weather|Sandstorm|[upkeep]
|-heal|p2a: Tinkaton|82/100|[from] Grassy Terrain
|-heal|p1a: Heatran|94/100|[from] Grassy Terrain
|-heal|p1a: Heatran|100/100|[from] item: Leftovers
|upkeep
|turn|3
|
|t:|1758348787
|switch|p2a: Toxapex|Toxapex, M, shiny|100/100
|move|p1a: Heatran|Will-O-Wisp|p2a: Toxapex
|-status|p2a: Toxapex|brn
|
|-weather|Sandstorm|[upkeep]
|-damage|p2a: Toxapex|95/100 brn|[from] Sandstorm
|-heal|p2a: Toxapex|100/100 brn|[from] Grassy Terrain
|-damage|p2a: Toxapex|95/100 brn|[from] brn
|upkeep
|turn|4
|
|t:|1758348801
|move|p1a: Heatran|Magma Storm|p2a: Toxapex
|-resisted|p2a: Toxapex
|-damage|p2a: Toxapex|80/100 brn
|-activate|p2a: Toxapex|move: Magma Storm|[of] p1a: Heatran
|-enditem|p2a: Toxapex|Eject Button
|
|t:|1758348807
|switch|p2a: Excadrill|Excadrill, M, shiny|100/100
|
|-weather|Sandstorm|[upkeep]
|upkeep
|turn|5
|
|t:|1758348818
|move|p2a: Excadrill|Earthquake|p1a: Heatran
|-supereffective|p1a: Heatran
|-damage|p1a: Heatran|7/100
|move|p1a: Heatran|Will-O-Wisp|p2a: Excadrill
|-status|p2a: Excadrill|brn
|
|-weather|none
|-heal|p1a: Heatran|13/100|[from] Grassy Terrain
|-heal|p1a: Heatran|20/100|[from] item: Leftovers
|-damage|p2a: Excadrill|94/100 brn|[from] brn
|upkeep
|turn|6
|
|t:|1758348826
|switch|p1a: Alomomola|Alomomola, M|100/100
|move|p2a: Excadrill|Earthquake|p1a: Alomomola
|-damage|p1a: Alomomola|90/100
|
|-heal|p2a: Excadrill|100/100 brn|[from] Grassy Terrain
|-heal|p1a: Alomomola|96/100|[from] Grassy Terrain
|-damage|p2a: Excadrill|94/100 brn|[from] brn
|upkeep
|turn|7
|
|t:|1758348832
|move|p2a: Excadrill|Earthquake|p1a: Alomomola
|-damage|p1a: Alomomola|85/100
|move|p1a: Alomomola|Wish|p1a: Alomomola
|
|-heal|p2a: Excadrill|100/100 brn|[from] Grassy Terrain
|-heal|p1a: Alomomola|91/100|[from] Grassy Terrain
|-damage|p2a: Excadrill|94/100 brn|[from] brn
|upkeep
|turn|8
|
|t:|1758348838
|move|p2a: Excadrill|Earthquake|p1a: Alomomola
|-damage|p1a: Alomomola|81/100
|move|p1a: Alomomola|Flip Turn|p2a: Excadrill
|-supereffective|p2a: Excadrill
|-damage|p2a: Excadrill|48/100 brn
|
|t:|1758348841
|switch|p1a: Heatran|Heatran, M|20/100|[from] Flip Turn
|-damage|p1a: Heatran|7/100|[from] Stealth Rock
|
|-heal|p1a: Heatran|76/100|[from] move: Wish|[wisher] Alomomola
|-heal|p2a: Excadrill|54/100 brn|[from] Grassy Terrain
|-heal|p2a: Excadrill|60/100 brn|[from] item: Leftovers
|-heal|p1a: Heatran|83/100|[from] Grassy Terrain
|-heal|p1a: Heatran|89/100|[from] item: Leftovers
|-damage|p2a: Excadrill|54/100 brn|[from] brn
|-fieldend|move: Grassy Terrain
|upkeep
|turn|9
|
|t:|1758348847
|switch|p1a: Rillaboom|Rillaboom, M|100/100
|-damage|p1a: Rillaboom|88/100|[from] Stealth Rock
|-fieldstart|move: Grassy Terrain|[from] ability: Grassy Surge|[of] p1a: Rillaboom
|move|p2a: Excadrill|Earthquake|p1a: Rillaboom
|-resisted|p1a: Rillaboom
|-damage|p1a: Rillaboom|81/100
|
|-heal|p2a: Excadrill|60/100 brn|[from] Grassy Terrain
|-heal|p2a: Excadrill|66/100 brn|[from] item: Leftovers
|-heal|p1a: Rillaboom|88/100|[from] Grassy Terrain
|-damage|p2a: Excadrill|60/100 brn|[from] brn
|upkeep
|turn|10
|
|t:|1758348856
|switch|p2a: Tyranitar|Tyranitar, M, shiny|100/100
|-weather|Sandstorm|[from] ability: Sand Stream|[of] p2a: Tyranitar
|move|p1a: Rillaboom|Wood Hammer|p2a: Tyranitar
|-supereffective|p2a: Tyranitar
|-damage|p2a: Tyranitar|0 fnt
|faint|p2a: Tyranitar
|-damage|p1a: Rillaboom|60/100|[from] Recoil
|
|-weather|Sandstorm|[upkeep]
|-damage|p1a: Rillaboom|53/100|[from] Sandstorm
|-heal|p1a: Rillaboom|60/100|[from] Grassy Terrain
|upkeep
|
|t:|1758348864
|switch|p2a: Tornadus|Tornadus-Therian, M, shiny|100/100
|turn|11
|
|t:|1758348868
|switch|p1a: Alomomola|Alomomola, M|100/100
|move|p2a: Tornadus|Bleakwind Storm|p1a: Alomomola
|-damage|p1a: Alomomola|49/100
|
|-weather|Sandstorm|[upkeep]
|-damage|p2a: Tornadus|94/100|[from] Sandstorm
|-damage|p1a: Alomomola|42/100|[from] Sandstorm
|-heal|p1a: Alomomola|49/100|[from] Grassy Terrain
|upkeep
|turn|12
|
|t:|1758348877
|switch|p1a: Heatran|Heatran, M|89/100
|-damage|p1a: Heatran|76/100|[from] Stealth Rock
|-terastallize|p2a: Tornadus|Flying
|move|p2a: Tornadus|Bleakwind Storm|p1a: Heatran
|-resisted|p1a: Heatran
|-damage|p1a: Heatran|46/100
|
|-weather|Sandstorm|[upkeep]
|-damage|p2a: Tornadus|88/100|[from] Sandstorm
|-heal|p1a: Heatran|52/100|[from] Grassy Terrain
|-heal|p1a: Heatran|58/100|[from] item: Leftovers
|upkeep
|turn|13
|
|t:|1758348882
|switch|p2a: Excadrill|Excadrill, M, shiny|60/100 brn
|move|p1a: Heatran|Magma Storm|p2a: Excadrill
|-supereffective|p2a: Excadrill
|-damage|p2a: Excadrill|0 fnt
|faint|p2a: Excadrill
|
|-weather|Sandstorm|[upkeep]
|-heal|p1a: Heatran|64/100|[from] Grassy Terrain
|-heal|p1a: Heatran|70/100|[from] item: Leftovers
|-fieldend|move: Grassy Terrain
|upkeep
|
|t:|1758348900
|switch|p2a: Toxapex|Toxapex, M, shiny|100/100 brn
|turn|14
|
|t:|1758348909
|move|p1a: Heatran|Earth Power|p2a: Toxapex
|-supereffective|p2a: Toxapex
|-damage|p2a: Toxapex|66/100 brn
|move|p2a: Toxapex|Toxic Spikes|p1a: Heatran
|-sidestart|p1: Blackmagicfr|move: Toxic Spikes
|
|-weather|none
|-heal|p1a: Heatran|77/100|[from] item: Leftovers
|-damage|p2a: Toxapex|60/100 brn|[from] brn
|upkeep
|turn|15
|
|t:|1758348915
|move|p1a: Heatran|Magma Storm|p2a: Toxapex
|-resisted|p2a: Toxapex
|-damage|p2a: Toxapex|46/100 brn
|-activate|p2a: Toxapex|move: Magma Storm|[of] p1a: Heatran
|move|p2a: Toxapex|Recover|p2a: Toxapex
|-heal|p2a: Toxapex|97/100 brn
|
|-heal|p1a: Heatran|83/100|[from] item: Leftovers
|-damage|p2a: Toxapex|91/100 brn|[from] brn
|-damage|p2a: Toxapex|78/100 brn|[from] move: Magma Storm|[partiallytrapped]
|upkeep
|turn|16
|
|t:|1758348921
|move|p1a: Heatran|Stealth Rock|p2a: Toxapex
|-sidestart|p2: Roboute|move: Stealth Rock
|move|p2a: Toxapex|Toxic Spikes|p1a: Heatran
|-sidestart|p1: Blackmagicfr|move: Toxic Spikes
|
|-heal|p1a: Heatran|89/100|[from] item: Leftovers
|-damage|p2a: Toxapex|72/100 brn|[from] brn
|-damage|p2a: Toxapex|60/100 brn|[from] move: Magma Storm|[partiallytrapped]
|upkeep
|turn|17
|
|t:|1758348927
|move|p1a: Heatran|Earth Power|p2a: Toxapex
|-supereffective|p2a: Toxapex
|-damage|p2a: Toxapex|27/100 brn
|move|p2a: Toxapex|Toxic|p1a: Heatran
|-immune|p1a: Heatran
|
|-heal|p1a: Heatran|95/100|[from] item: Leftovers
|-damage|p2a: Toxapex|21/100 brn|[from] brn
|-damage|p2a: Toxapex|8/100 brn|[from] move: Magma Storm|[partiallytrapped]
|upkeep
|turn|18
|
|t:|1758348933
|move|p1a: Heatran|Earth Power|p2a: Toxapex
|-supereffective|p2a: Toxapex
|-damage|p2a: Toxapex|0 fnt
|faint|p2a: Toxapex
|
|-heal|p1a: Heatran|100/100|[from] item: Leftovers
|upkeep
|
|t:|1758348942
|switch|p2a: Sinistcha|Sinistcha, shiny|100/100
|-damage|p2a: Sinistcha|88/100|[from] Stealth Rock
|turn|19
|
|t:|1758348947
|move|p1a: Heatran|Magma Storm|p2a: Sinistcha
|-supereffective|p2a: Sinistcha
|-damage|p2a: Sinistcha|38/100
|-activate|p2a: Sinistcha|move: Magma Storm|[of] p1a: Heatran
|move|p2a: Sinistcha|Calm Mind|p2a: Sinistcha
|-boost|p2a: Sinistcha|spa|1
|-boost|p2a: Sinistcha|spd|1
|
|-heal|p2a: Sinistcha|44/100|[from] item: Leftovers
|-damage|p2a: Sinistcha|31/100|[from] move: Magma Storm|[partiallytrapped]
|upkeep
|turn|20
|
|t:|1758348955
|move|p1a: Heatran|Magma Storm|p2a: Sinistcha
|-supereffective|p2a: Sinistcha
|-damage|p2a: Sinistcha|0 fnt
|faint|p2a: Sinistcha
|
|upkeep
|-message|Roboute forfeited.
|
|win|Blackmagicfr
|raw|Blackmagicfr's rating: 1431 &rarr; <strong>1462</strong><br />(+31 for winning)
|raw|Roboute's rating: 1645 &rarr; <strong>1614</strong><br />(-31 for losing)
|l|☆Roboute
|player|p2|
