|j|☆Prtbl_Trash
|j|☆RugzV
|t:|1758301927
|gametype|singles
|player|p1|Prtbl_Trash|ortega|1205
|player|p2|RugzV|gentleman-gen4|1214
|gen|9
|tier|[Gen 9] OU
|rated|
|rule|HP Percentage Mod: HP is shown in percentages
|rule|Endless Battle Clause: Forcing endless battles is banned
|rule|Species Clause: Limit one of each Pokémon
|rule|OHKO Clause: OHKO moves are banned
|rule|Evasion Items Clause: Evasion items are banned
|rule|Evasion Moves Clause: Evasion moves are banned
|rule|Evasion Abilities Clause: Evasion abilities are banned
|rule|Sleep Moves Clause: Sleep-inducing moves are banned
|clearpoke
|poke|p1|Slaking, M|
|poke|p1|Pecharunt|
|poke|p1|Kingambit, F|
|poke|p1|Great Tusk|
|poke|p1|Tornadus-Therian, M|
|poke|p1|Rotom-Wash|
|poke|p2|Clodsire, F|
|poke|p2|Meowscarada, F|
|poke|p2|Alomomola, F|
|poke|p2|Enamorus-Therian, F|
|poke|p2|Ceruledge, F|
|poke|p2|Reuniclus, F|
|teampreview
|
|t:|1758301937
|teamsize|p1|6
|teamsize|p2|6
|start
|switch|p1a: Rotom|Rotom-Wash|100/100
|switch|p2a: Purrfecto|Meowscarada, F|100/100
|turn|1
|inactive|Battle timer is ON: inactive players will automatically lose when time's up. (requested by Prtbl_Trash)
|
|t:|1758301948
|move|p2a: Purrfecto|U-turn|p1a: Rotom
|-start|p2a: Purrfecto|typechange|Bug|[from] ability: Protean
|-damage|p1a: Rotom|74/100
|
|t:|1758301953
|switch|p2a: Clodders|Clodsire, F|100/100|[from] U-turn
|move|p1a: Rotom|Will-O-Wisp|p2a: Clodders
|-status|p2a: Clodders|brn
|
|-heal|p1a: Rotom|80/100|[from] item: Leftovers
|-damage|p2a: Clodders|94/100 brn|[from] brn
|upkeep
|turn|2
|
|t:|1758301964
|switch|p1a: Slaking|Slaking, M|100/100
|move|p2a: Clodders|Toxic|p1a: Slaking
|-status|p1a: Slaking|tox
|
|-heal|p2a: Clodders|100/100 brn|[from] item: Leftovers
|-damage|p1a: Slaking|94/100 tox|[from] psn
|-damage|p2a: Clodders|94/100 brn|[from] brn
|upkeep
|turn|3
|
|t:|1758301980
|switch|p2a: Spookilla|Ceruledge, F|100/100
|move|p1a: Slaking|Knock Off|p2a: Spookilla
|-supereffective|p2a: Spookilla
|-enditem|p2a: Spookilla|Focus Sash
|-damage|p2a: Spookilla|1/100
|
|-damage|p1a: Slaking|82/100 tox|[from] psn
|upkeep
|turn|4
|
|t:|1758301990
|switch|p1a: Rotom|Rotom-Wash|80/100
|move|p2a: Spookilla|Swords Dance|p2a: Spookilla
|-boost|p2a: Spookilla|atk|2
|
|-heal|p1a: Rotom|86/100|[from] item: Leftovers
|upkeep
|turn|5
|
|t:|1758302001
|switch|p2a: Clodders|Clodsire, F|94/100 brn
|move|p1a: Rotom|Volt Switch|p2a: Clodders
|-immune|p2a: Clodders
|
|-heal|p1a: Rotom|93/100|[from] item: Leftovers
|-heal|p2a: Clodders|100/100 brn|[from] item: Leftovers
|-damage|p2a: Clodders|94/100 brn|[from] brn
|upkeep
|turn|6
|
|t:|1758302011
|switch|p1a: Great Tusk|Great Tusk|100/100
|move|p2a: Clodders|Stealth Rock|p1a: Great Tusk
|-sidestart|p1: Prtbl_Trash|move: Stealth Rock
|
|-heal|p2a: Clodders|100/100 brn|[from] item: Leftovers
|-damage|p2a: Clodders|94/100 brn|[from] brn
|upkeep
|turn|7
|
|t:|1758302020
|switch|p2a: Bigfish|Alomomola, F|100/100
|move|p1a: Great Tusk|Stealth Rock|p2a: Bigfish
|-sidestart|p2: RugzV|move: Stealth Rock
|
|upkeep
|turn|8
|
|t:|1758302028
|move|p1a: Great Tusk|Rapid Spin|p2a: Bigfish
|-damage|p2a: Bigfish|91/100
|-boost|p1a: Great Tusk|spe|1
|-damage|p1a: Great Tusk|84/100|[from] item: Rocky Helmet|[of] p2a: Bigfish
|-sideend|p1: Prtbl_Trash|Stealth Rock|[from] move: Rapid Spin|[of] p1a: Great Tusk
|move|p2a: Bigfish|Wish|p2a: Bigfish
|
|upkeep
|turn|9
|
|t:|1758302046
|-end|p1a: Great Tusk|Protosynthesis|[silent]
|switch|p1a: Slaking|Slaking, M|82/100 tox
|move|p2a: Bigfish|Flip Turn|p1a: Slaking
|-damage|p1a: Slaking|68/100 tox
|
|t:|1758302064
|switch|p2a: Embybro|Reuniclus, F|100/100|[from] Flip Turn
|
|-damage|p1a: Slaking|62/100 tox|[from] psn
|upkeep
|turn|10
|
|t:|1758302074
|-terastallize|p2a: Embybro|Fighting
|move|p1a: Slaking|Giga Impact|p2a: Embybro
|-damage|p2a: Embybro|9/100
|-mustrecharge|p1a: Slaking
|move|p2a: Embybro|Focus Blast|p1a: Slaking|[miss]
|-miss|p2a: Embybro|p1a: Slaking
|
|-damage|p1a: Slaking|50/100 tox|[from] psn
|upkeep
|turn|11
|
|t:|1758302089
|switch|p2a: Bigfish|Alomomola, F|100/100
|-damage|p2a: Bigfish|88/100|[from] Stealth Rock
|cant|p1a: Slaking|recharge
|
|-damage|p1a: Slaking|32/100 tox|[from] psn
|upkeep
|turn|12
|
|t:|1758302098
|move|p1a: Slaking|Giga Impact|p2a: Bigfish
|-damage|p2a: Bigfish|39/100
|-mustrecharge|p1a: Slaking
|-damage|p1a: Slaking|15/100 tox|[from] item: Rocky Helmet|[of] p2a: Bigfish
|move|p2a: Bigfish|Wish|p2a: Bigfish
|
|-damage|p1a: Slaking|0 fnt|[from] psn
|faint|p1a: Slaking
|upkeep
|
|t:|1758302117
|switch|p1a: Rotom|Rotom-Wash|93/100
|turn|13
|
|t:|1758302123
|switch|p2a: Clodders|Clodsire, F|94/100 brn
|-damage|p2a: Clodders|88/100 brn|[from] Stealth Rock
|move|p1a: Rotom|Volt Switch|p2a: Clodders
|-immune|p2a: Clodders
|
|-heal|p2a: Clodders|100/100 brn|[from] move: Wish|[wisher] Bigfish
|-heal|p1a: Rotom|99/100|[from] item: Leftovers
|-damage|p2a: Clodders|94/100 brn|[from] brn
|upkeep
|turn|14
|
|t:|1758302138
|switch|p1a: Tornadus|Tornadus-Therian, M|100/100
|move|p2a: Clodders|Earthquake|p1a: Tornadus
|-immune|p1a: Tornadus
|
|-heal|p2a: Clodders|100/100 brn|[from] item: Leftovers
|-damage|p2a: Clodders|94/100 brn|[from] brn
|upkeep
|turn|15
|
|t:|1758302148
|move|p1a: Tornadus|Knock Off|p2a: Clodders
|-damage|p2a: Clodders|74/100 brn
|-enditem|p2a: Clodders|Leftovers|[from] move: Knock Off|[of] p1a: Tornadus
|move|p2a: Clodders|Toxic|p1a: Tornadus
|-status|p1a: Tornadus|tox
|
|-damage|p1a: Tornadus|94/100 tox|[from] psn
|-damage|p2a: Clodders|68/100 brn|[from] brn
|upkeep
|turn|16
|
|t:|1758302162
|move|p1a: Tornadus|U-turn|p2a: Clodders
|-resisted|p2a: Clodders
|-damage|p2a: Clodders|60/100 brn
|
|t:|1758302167
|switch|p1a: Great Tusk|Great Tusk|84/100|[from] U-turn
|move|p2a: Clodders|Recover|p2a: Clodders
|-heal|p2a: Clodders|100/100 brn
|
|-damage|p2a: Clodders|94/100 brn|[from] brn
|upkeep
|turn|17
|
|t:|1758302176
|switch|p2a: Bigfish|Alomomola, F|72/100
|-damage|p2a: Bigfish|60/100|[from] Stealth Rock
|move|p1a: Great Tusk|Ice Spinner|p2a: Bigfish
|-resisted|p2a: Bigfish
|-damage|p2a: Bigfish|53/100
|-damage|p1a: Great Tusk|68/100|[from] item: Rocky Helmet|[of] p2a: Bigfish
|
|upkeep
|turn|18
|
|t:|1758302185
|-end|p1a: Great Tusk|Protosynthesis|[silent]
|switch|p1a: Pecharunt|Pecharunt|100/100
|move|p2a: Bigfish|Wish|p2a: Bigfish
|
|upkeep
|turn|19
|
|t:|1758302193
|switch|p2a: Clodders|Clodsire, F|94/100 brn
|-damage|p2a: Clodders|88/100 brn|[from] Stealth Rock
|move|p1a: Pecharunt|Parting Shot|p2a: Clodders
|-unboost|p2a: Clodders|atk|1
|-unboost|p2a: Clodders|spa|1
|
|t:|1758302200
|switch|p1a: Kingambit|Kingambit, F|100/100|[from] Parting Shot
|-activate|p1a: Kingambit|ability: Supreme Overlord
|-start|p1a: Kingambit|fallen1|[silent]
|
|-heal|p2a: Clodders|100/100 brn|[from] move: Wish|[wisher] Bigfish
|-damage|p2a: Clodders|94/100 brn|[from] brn
|upkeep
|turn|20
|
|t:|1758302227
|switch|p2a: Bigfish|Alomomola, F|86/100
|-damage|p2a: Bigfish|74/100|[from] Stealth Rock
|move|p1a: Kingambit|Swords Dance|p1a: Kingambit
|-boost|p1a: Kingambit|atk|2
|
|upkeep
|turn|21
|
|t:|1758302235
|move|p1a: Kingambit|Kowtow Cleave|p2a: Bigfish
|-damage|p2a: Bigfish|8/100
|-damage|p1a: Kingambit|84/100|[from] item: Rocky Helmet|[of] p2a: Bigfish
|move|p2a: Bigfish|Wish|p2a: Bigfish
|
|upkeep
|turn|22
|
|t:|1758302247
|move|p1a: Kingambit|Iron Head|p2a: Bigfish
|-resisted|p2a: Bigfish
|-damage|p2a: Bigfish|0 fnt
|-damage|p1a: Kingambit|68/100|[from] item: Rocky Helmet|[of] p2a: Bigfish
|faint|p2a: Bigfish
|
|upkeep
|
|t:|1758302259
|switch|p2a: Embybro|Reuniclus, F, tera:Fighting|9/100
|turn|23
|
|t:|1758302263
|move|p1a: Kingambit|Kowtow Cleave|p2a: Embybro
|-resisted|p2a: Embybro
|-damage|p2a: Embybro|0 fnt
|faint|p2a: Embybro
|
|upkeep
|
|t:|1758302272
|switch|p2a: Notatortoise|Enamorus-Therian, F|100/100
|-damage|p2a: Notatortoise|76/100|[from] Stealth Rock
|turn|24
|
|t:|1758302277
|move|p1a: Kingambit|Iron Head|p2a: Notatortoise
|-supereffective|p2a: Notatortoise
|-crit|p2a: Notatortoise
|-damage|p2a: Notatortoise|0 fnt
|faint|p2a: Notatortoise
|
|upkeep
|-message|RugzV forfeited.
|
|win|Prtbl_Trash
|raw|Prtbl_Trash's rating: 1205 &rarr; <strong>1231</strong><br />(+26 for winning)
|raw|RugzV's rating: 1214 &rarr; <strong>1188</strong><br />(-26 for losing)
|l|☆RugzV
|player|p2|
|l|☆Prtbl_Trash
|player|p1|
