|j|☆Smoochywalus773!
|j|☆soyothedangerous
|t:|1758347050
|gametype|singles
|player|p1|Smoochywalus773!|266|1442
|player|p2|soyothedangerous|101|1465
|gen|9
|tier|[Gen 9] OU
|rated|
|rule|HP Percentage Mod: HP is shown in percentages
|rule|Endless Battle Clause: Forcing endless battles is banned
|rule|Species Clause: Limit one of each Pokémon
|rule|OHKO Clause: OHKO moves are banned
|rule|Evasion Items Clause: Evasion items are banned
|rule|Evasion Moves Clause: Evasion moves are banned
|rule|Evasion Abilities Clause: Evasion abilities are banned
|rule|Sleep Moves Clause: Sleep-inducing moves are banned
|clearpoke
|poke|p1|Indeedee, M|
|poke|p1|Ursaluna, F|
|poke|p1|Hoopa-Unbound|
|poke|p1|Hatterene, F|
|poke|p1|Iron Hands|
|poke|p1|Mimikyu, M|
|poke|p2|Zamazenta-*|
|poke|p2|Ninetales-Alola, F|
|poke|p2|Darkrai|
|poke|p2|Ceruledge, F|
|poke|p2|Gliscor, M|
|poke|p2|Hatterene, F|
|teampreview
|l|☆soyothedangerous
|player|p2|
|j|☆soyothedangerous
|player|p2|soyothedangerous|101|
|l|☆soyothedangerous
|player|p2|
|inactive|Battle timer is ON: inactive players will automatically lose when time's up. (requested by Smoochywalus773!)
|j|☆soyothedangerous
|inactive|soyothedangerous reconnected and has 145 seconds left.
|player|p2|soyothedangerous|101|
|c|☆soyothedangerous|sry
|
|t:|1758347147
|teamsize|p1|6
|teamsize|p2|6
|start
|switch|p1a: Indeedee|Indeedee, M|100/100
|switch|p2a: Ceruledge|Ceruledge, F|100/100
|-fieldstart|move: Psychic Terrain|[from] ability: Psychic Surge|[of] p1a: Indeedee
|turn|1
|
|t:|1758347157
|move|p2a: Ceruledge|Taunt|p1a: Indeedee
|-start|p1a: Indeedee|move: Taunt
|cant|p1a: Indeedee|move: Taunt|Trick Room
|
|upkeep
|turn|2
|
|t:|1758347163
|switch|p2a: Ninetales|Ninetales-Alola, F|100/100
|-weather|Snowscape|[from] ability: Snow Warning|[of] p2a: Ninetales
|move|p1a: Indeedee|Expanding Force|p2a: Ninetales
|-damage|p2a: Ninetales|50/100
|
|-weather|Snowscape|[upkeep]
|upkeep
|turn|3
|
|t:|1758347170
|switch|p1a: Hatterene|Hatterene, F|100/100
|move|p2a: Ninetales|Aurora Veil|p2a: Ninetales
|-sidestart|p2: soyothedangerous|move: Aurora Veil
|
|-weather|Snowscape|[upkeep]
|upkeep
|turn|4
|
|t:|1758347174
|switch|p2a: Ceruledge|Ceruledge, F|100/100
|move|p1a: Hatterene|Trick Room|p1a: Hatterene
|-fieldstart|move: Trick Room|[of] p1a: Hatterene
|
|-weather|Snowscape|[upkeep]
|upkeep
|turn|5
|
|t:|1758347178
|move|p1a: Hatterene|Expanding Force|p2a: Ceruledge
|-damage|p2a: Ceruledge|52/100
|-damage|p1a: Hatterene|91/100|[from] item: Life Orb
|move|p2a: Ceruledge|Bulk Up|p2a: Ceruledge
|-boost|p2a: Ceruledge|atk|1
|-boost|p2a: Ceruledge|def|1
|
|-weather|Snowscape|[upkeep]
|upkeep
|turn|6
|
|t:|1758347182
|move|p1a: Hatterene|Expanding Force|p2a: Ceruledge
|-damage|p2a: Ceruledge|1/100
|-damage|p1a: Hatterene|81/100|[from] item: Life Orb
|move|p2a: Ceruledge|Bitter Blade|p1a: Hatterene
|-damage|p1a: Hatterene|21/100
|-heal|p2a: Ceruledge|28/100|[from] drain|[of] p1a: Hatterene
|
|-weather|none
|upkeep
|turn|7
|
|t:|1758347186
|move|p1a: Hatterene|Expanding Force|p2a: Ceruledge
|-damage|p2a: Ceruledge|0 fnt
|faint|p2a: Ceruledge
|-damage|p1a: Hatterene|12/100|[from] item: Life Orb
|
|upkeep
|
|t:|1758347192
|switch|p2a: Gliscor|Gliscor, M|100/100
|turn|8
|
|t:|1758347200
|switch|p1a: Ursaluna|Ursaluna, F|100/100
|move|p2a: Gliscor|Swords Dance|p2a: Gliscor
|-boost|p2a: Gliscor|atk|2
|
|-fieldend|move: Trick Room
|-fieldend|move: Psychic Terrain
|-status|p1a: Ursaluna|brn|[from] item: Flame Orb
|-status|p2a: Gliscor|tox|[from] item: Toxic Orb
|upkeep
|turn|9
|
|t:|1758347205
|-terastallize|p2a: Gliscor|Normal
|move|p2a: Gliscor|Agility|p2a: Gliscor
|-boost|p2a: Gliscor|spe|2
|move|p1a: Ursaluna|Ice Punch|p2a: Gliscor
|-damage|p2a: Gliscor|81/100 tox
|
|-heal|p2a: Gliscor|94/100 tox|[from] ability: Poison Heal
|-damage|p1a: Ursaluna|94/100 brn|[from] brn
|upkeep
|turn|10
|
|t:|1758347212
|switch|p1a: Mimikyu|Mimikyu, M|100/100
|move|p2a: Gliscor|Swords Dance|p2a: Gliscor
|-boost|p2a: Gliscor|atk|2
|
|-heal|p2a: Gliscor|100/100 tox|[from] ability: Poison Heal
|-sideend|p2: soyothedangerous|move: Aurora Veil
|upkeep
|turn|11
|
|t:|1758347217
|move|p2a: Gliscor|Earthquake|p1a: Mimikyu
|-activate|p1a: Mimikyu|ability: Disguise
|-damage|p1a: Mimikyu|100/100
|detailschange|p1a: Mimikyu|Mimikyu-Busted, M
|-damage|p1a: Mimikyu|88/100|[from] pokemon: Mimikyu-Busted
|-enditem|p1a: Mimikyu|Red Card|[of] p2a: Gliscor
|drag|p2a: Ninetales|Ninetales-Alola, F|50/100
|-weather|Snowscape|[from] ability: Snow Warning|[of] p2a: Ninetales
|move|p1a: Mimikyu|Trick Room|p1a: Mimikyu
|-fieldstart|move: Trick Room|[of] p1a: Mimikyu
|
|-weather|Snowscape|[upkeep]
|upkeep
|turn|12
|
|t:|1758347223
|switch|p1a: Hatterene|Hatterene, F|12/100
|move|p2a: Ninetales|Aurora Veil|p2a: Ninetales
|-sidestart|p2: soyothedangerous|move: Aurora Veil
|
|-weather|Snowscape|[upkeep]
|upkeep
|turn|13
|
|t:|1758347227
|move|p1a: Hatterene|Draining Kiss|p2a: Ninetales
|-damage|p2a: Ninetales|30/100
|-heal|p1a: Hatterene|28/100|[from] drain|[of] p2a: Ninetales
|-damage|p1a: Hatterene|18/100|[from] item: Life Orb
|move|p2a: Ninetales|Freeze-Dry|p1a: Hatterene
|-damage|p1a: Hatterene|0 fnt
|faint|p1a: Hatterene
|
|-weather|Snowscape|[upkeep]
|upkeep
|
|t:|1758347229
|switch|p1a: Ursaluna|Ursaluna, F|94/100 brn
|turn|14
|
|t:|1758347235
|switch|p2a: Zamazenta|Zamazenta|100/100
|-ability|p2a: Zamazenta|Dauntless Shield|boost
|-boost|p2a: Zamazenta|def|1
|move|p1a: Ursaluna|Facade|p2a: Zamazenta
|-damage|p2a: Zamazenta|65/100
|
|-weather|Snowscape|[upkeep]
|-damage|p1a: Ursaluna|88/100 brn|[from] brn
|upkeep
|turn|15
|
|t:|1758347244
|switch|p1a: Indeedee|Indeedee, M|100/100
|-fieldstart|move: Psychic Terrain|[from] ability: Psychic Surge|[of] p1a: Indeedee
|move|p2a: Zamazenta|Iron Defense|p2a: Zamazenta
|-boost|p2a: Zamazenta|def|2
|
|-weather|none
|-fieldend|move: Trick Room
|upkeep
|turn|16
|
|t:|1758347253
|move|p2a: Zamazenta|Body Press|p1a: Indeedee
|-damage|p1a: Indeedee|2/100
|move|p1a: Indeedee|Trick Room|p1a: Indeedee
|-fieldstart|move: Trick Room|[of] p1a: Indeedee
|
|upkeep
|turn|17
|
|t:|1758347261
|move|p1a: Indeedee|Expanding Force|p2a: Zamazenta
|-supereffective|p2a: Zamazenta
|-damage|p2a: Zamazenta|14/100
|move|p2a: Zamazenta|Body Press|p1a: Indeedee
|-crit|p1a: Indeedee
|-damage|p1a: Indeedee|0 fnt
|faint|p1a: Indeedee
|
|upkeep
|
|t:|1758347263
|switch|p1a: Hoopa|Hoopa-Unbound|100/100
|-enditem|p1a: Hoopa|Psychic Seed
|-boost|p1a: Hoopa|spd|1|[from] item: Psychic Seed
|turn|18
|
|t:|1758347268
|move|p1a: Hoopa|Expanding Force|p2a: Zamazenta
|-supereffective|p2a: Zamazenta
|-damage|p2a: Zamazenta|0 fnt
|faint|p2a: Zamazenta
|-item|p1a: Hoopa|Chesto Berry|[from] ability: Magician|[of] p2: Zamazenta
|
|upkeep
|
|t:|1758347276
|switch|p2a: Hatterene|Hatterene, F|100/100
|turn|19
|
|t:|1758347282
|move|p2a: Hatterene|Calm Mind|p2a: Hatterene
|-boost|p2a: Hatterene|spa|1
|-boost|p2a: Hatterene|spd|1
|move|p1a: Hoopa|Hyperspace Fury|p2a: Hatterene
|-damage|p2a: Hatterene|81/100
|-unboost|p1a: Hoopa|def|1
|
|-heal|p2a: Hatterene|87/100|[from] item: Leftovers
|-sideend|p2: soyothedangerous|move: Aurora Veil
|upkeep
|turn|20
|
|t:|1758347286
|switch|p1a: Ursaluna|Ursaluna, F|88/100 brn
|move|p2a: Hatterene|Calm Mind|p2a: Hatterene
|-boost|p2a: Hatterene|spa|1
|-boost|p2a: Hatterene|spd|1
|
|-heal|p2a: Hatterene|93/100|[from] item: Leftovers
|-damage|p1a: Ursaluna|82/100 brn|[from] brn
|-fieldend|move: Trick Room
|upkeep
|turn|21
|
|t:|1758347288
|move|p1a: Ursaluna|Facade|p2a: Hatterene
|-damage|p2a: Hatterene|0 fnt
|faint|p2a: Hatterene
|
|-damage|p1a: Ursaluna|76/100 brn|[from] brn
|upkeep
|
|t:|1758347305
|switch|p2a: Gliscor|Gliscor, M, tera:Normal|100/100 tox
|turn|22
|
|t:|1758347309
|move|p2a: Gliscor|Swords Dance|p2a: Gliscor
|-boost|p2a: Gliscor|atk|2
|move|p1a: Ursaluna|Facade|p2a: Gliscor
|-damage|p2a: Gliscor|4/100 tox
|
|-heal|p2a: Gliscor|16/100 tox|[from] ability: Poison Heal
|-damage|p1a: Ursaluna|70/100 brn|[from] brn
|-fieldend|move: Psychic Terrain
|upkeep
|turn|23
|
|t:|1758347316
|move|p2a: Gliscor|Facade|p1a: Ursaluna
|-damage|p1a: Ursaluna|5/100 brn
|move|p1a: Ursaluna|Facade|p2a: Gliscor
|-damage|p2a: Gliscor|0 fnt
|faint|p2a: Gliscor
|
|-damage|p1a: Ursaluna|0 fnt|[from] brn
|faint|p1a: Ursaluna
|upkeep
|
|t:|1758347322
|switch|p2a: Ninetales|Ninetales-Alola, F|30/100
|switch|p1a: Mimikyu|Mimikyu-Busted, M|88/100
|-weather|Snowscape|[from] ability: Snow Warning|[of] p2a: Ninetales
|turn|24
|
|t:|1758347326
|move|p2a: Ninetales|Aurora Veil|p2a: Ninetales
|-sidestart|p2: soyothedangerous|move: Aurora Veil
|move|p1a: Mimikyu|Trick Room|p1a: Mimikyu
|-fieldstart|move: Trick Room|[of] p1a: Mimikyu
|
|-weather|Snowscape|[upkeep]
|upkeep
|turn|25
|
|t:|1758347331
|switch|p1a: Iron Hands|Iron Hands|100/100
|-enditem|p1a: Iron Hands|Booster Energy
|-activate|p1a: Iron Hands|ability: Quark Drive|[fromitem]
|-start|p1a: Iron Hands|quarkdriveatk
|move|p2a: Ninetales|Encore||[still]
|-fail|p2a: Ninetales
|
|-weather|Snowscape|[upkeep]
|upkeep
|turn|26
|
|t:|1758347334
|move|p1a: Iron Hands|Close Combat|p2a: Ninetales
|-damage|p2a: Ninetales|0 fnt
|-unboost|p1a: Iron Hands|def|1
|-unboost|p1a: Iron Hands|spd|1
|faint|p2a: Ninetales
|
|-weather|Snowscape|[upkeep]
|upkeep
|
|t:|1758347337
|switch|p2a: Darkrai|Darkrai|100/100
|turn|27
|
|t:|1758347341
|move|p1a: Iron Hands|Close Combat|p2a: Darkrai
|-supereffective|p2a: Darkrai
|-damage|p2a: Darkrai|0 fnt
|-unboost|p1a: Iron Hands|def|1
|-unboost|p1a: Iron Hands|spd|1
|faint|p2a: Darkrai
|
|win|Smoochywalus773!
|raw|Smoochywalus773!'s rating: 1442 &rarr; <strong>1463</strong><br />(+21 for winning)
|raw|soyothedangerous's rating: 1465 &rarr; <strong>1444</strong><br />(-21 for losing)
|l|☆Smoochywalus773!
|player|p1|
|l|☆soyothedangerous
|player|p2|
|j|☆soyothedangerous
|player|p2|soyothedangerous|101|
|l|☆soyothedangerous
|player|p2|
