|j|☆Greeny Tree
|j|☆mathdragon
|t:|1758348616
|gametype|singles
|player|p1|Greeny Tree|baker|1153
|player|p2|mathdragon|lady-gen4|1113
|gen|9
|tier|[Gen 9] OU
|rated|
|rule|HP Percentage Mod: HP is shown in percentages
|rule|Endless Battle Clause: Forcing endless battles is banned
|rule|Species Clause: Limit one of each Pokémon
|rule|OHKO Clause: OHKO moves are banned
|rule|Evasion Items Clause: Evasion items are banned
|rule|Evasion Moves Clause: Evasion moves are banned
|rule|Evasion Abilities Clause: Evasion abilities are banned
|rule|Sleep Moves Clause: Sleep-inducing moves are banned
|clearpoke
|poke|p1|Raging Bolt|
|poke|p1|Samurott-Hisui, F|
|poke|p1|Gholdengo|
|poke|p1|Gliscor, F|
|poke|p1|Heatran, M|
|poke|p1|Zamazenta-*|
|poke|p2|Dragapult, M|
|poke|p2|Tinkaton, F|
|poke|p2|Glimmora, M|
|poke|p2|Hatterene, F|
|poke|p2|Blissey, F|
|poke|p2|Exeggutor, M|
|teampreview
|
|t:|1758348638
|teamsize|p1|6
|teamsize|p2|6
|start
|switch|p1a: Gliscor|Gliscor, F|100/100
|switch|p2a: Dragapult|Dragapult, M|100/100
|turn|1
|
|t:|1758348645
|move|p1a: Gliscor|Protect|p1a: Gliscor
|-singleturn|p1a: Gliscor|Protect
|move|p2a: Dragapult|Dragon Darts|p1a: Gliscor
|-activate|p1a: Gliscor|move: Protect
|
|-status|p1a: Gliscor|tox|[from] item: Toxic Orb
|upkeep
|turn|2
|
|t:|1758348653
|switch|p2a: Hatterene|Hatterene, F|100/100
|move|p1a: Gliscor|Knock Off|p2a: Hatterene
|-damage|p2a: Hatterene|84/100
|-enditem|p2a: Hatterene|Leftovers|[from] move: Knock Off|[of] p1a: Gliscor
|
|upkeep
|turn|3
|
|t:|1758348661
|move|p1a: Gliscor|Swords Dance|p1a: Gliscor
|-boost|p1a: Gliscor|atk|2
|move|p2a: Hatterene|Psychic Noise|p1a: Gliscor
|-damage|p1a: Gliscor|73/100 tox
|-start|p1a: Gliscor|move: Heal Block
|
|upkeep
|turn|4
|
|t:|1758348671
|move|p1a: Gliscor|Facade|p2a: Hatterene
|-damage|p2a: Hatterene|36/100
|move|p2a: Hatterene|Draining Kiss|p1a: Gliscor
|-damage|p1a: Gliscor|52/100 tox
|-heal|p2a: Hatterene|53/100|[from] drain|[of] p1a: Gliscor
|
|-end|p1a: Gliscor|move: Heal Block
|upkeep
|turn|5
|
|t:|1758348685
|move|p1a: Gliscor|Protect|p1a: Gliscor
|-singleturn|p1a: Gliscor|Protect
|move|p2a: Hatterene|Psychic Noise|p1a: Gliscor
|-activate|p1a: Gliscor|move: Protect
|
|-heal|p1a: Gliscor|65/100 tox|[from] ability: Poison Heal
|upkeep
|turn|6
|
|t:|1758348703
|move|p1a: Gliscor|Facade|p2a: Hatterene
|-damage|p2a: Hatterene|2/100
|move|p2a: Hatterene|Psychic Noise|p1a: Gliscor
|-damage|p1a: Gliscor|39/100 tox
|-start|p1a: Gliscor|move: Heal Block
|
|upkeep
|turn|7
|
|t:|1758348712
|move|p1a: Gliscor|Knock Off|p2a: Hatterene
|-damage|p2a: Hatterene|0 fnt
|faint|p2a: Hatterene
|
|-end|p1a: Gliscor|move: Heal Block
|upkeep
|
|t:|1758348719
|switch|p2a: Tinkaton|Tinkaton, F|100/100
|-item|p2a: Tinkaton|Air Balloon
|turn|8
|
|t:|1758348725
|move|p1a: Gliscor|Protect|p1a: Gliscor
|-singleturn|p1a: Gliscor|Protect
|move|p2a: Tinkaton|Encore|p1a: Gliscor
|-activate|p1a: Gliscor|move: Protect
|
|-heal|p1a: Gliscor|51/100 tox|[from] ability: Poison Heal
|upkeep
|turn|9
|
|t:|1758348742
|move|p2a: Tinkaton|Gigaton Hammer|p1a: Gliscor
|-damage|p1a: Gliscor|18/100 tox
|move|p1a: Gliscor|Knock Off|p2a: Tinkaton
|-resisted|p2a: Tinkaton
|-damage|p2a: Tinkaton|75/100
|-enditem|p2a: Tinkaton|Air Balloon
|-enditem|p1a: Gliscor|Toxic Orb|[silent]|[from] ability: Pickpocket|[of] p1a: Gliscor
|-item|p2a: Tinkaton|Toxic Orb|[from] ability: Pickpocket|[of] p1a: Gliscor
|
|-heal|p1a: Gliscor|30/100 tox|[from] ability: Poison Heal
|upkeep
|turn|10
|
|t:|1758348753
|move|p1a: Gliscor|Protect|p1a: Gliscor
|-singleturn|p1a: Gliscor|Protect
|move|p2a: Tinkaton|Encore|p1a: Gliscor
|-activate|p1a: Gliscor|move: Protect
|
|-heal|p1a: Gliscor|43/100 tox|[from] ability: Poison Heal
|upkeep
|turn|11
|
|t:|1758348767
|switch|p1a: Heatran|Heatran, M|100/100
|move|p2a: Tinkaton|Gigaton Hammer|p1a: Heatran
|-resisted|p1a: Heatran
|-damage|p1a: Heatran|89/100
|
|upkeep
|turn|12
|
|t:|1758348775
|switch|p2a: Glimmora|Glimmora, M|100/100
|move|p1a: Heatran|Stealth Rock|p2a: Glimmora
|-sidestart|p2: mathdragon|move: Stealth Rock
|
|upkeep
|turn|13
|
|t:|1758348788
|switch|p1a: Samurott|Samurott-Hisui, F|100/100
|move|p2a: Glimmora|Stealth Rock|p1a: Samurott
|-sidestart|p1: Greeny Tree|move: Stealth Rock
|
|upkeep
|turn|14
|
|t:|1758348796
|move|p2a: Glimmora|Mortal Spin|p1a: Samurott
|-damage|p1a: Samurott|93/100
|-status|p1a: Samurott|psn
|-sideend|p2: mathdragon|Stealth Rock|[from] move: Mortal Spin|[of] p2a: Glimmora
|move|p1a: Samurott|Ceaseless Edge|p2a: Glimmora
|-damage|p2a: Glimmora|48/100
|-activate|p2a: Glimmora|ability: Toxic Debris
|-sidestart|p1: Greeny Tree|move: Toxic Spikes
|-sidestart|p2: mathdragon|Spikes
|
|-damage|p1a: Samurott|80/100 psn|[from] psn
|upkeep
|turn|15
|
|t:|1758348816
|move|p2a: Glimmora|Power Gem|p1a: Samurott
|-damage|p1a: Samurott|22/100 psn
|move|p1a: Samurott|Ceaseless Edge|p2a: Glimmora
|-damage|p2a: Glimmora|0 fnt
|-activate|p2a: Glimmora|ability: Toxic Debris
|-sidestart|p1: Greeny Tree|move: Toxic Spikes
|-sidestart|p2: mathdragon|Spikes
|faint|p2a: Glimmora
|
|-damage|p1a: Samurott|10/100 psn|[from] psn
|upkeep
|
|t:|1758348829
|switch|p2a: Tinkaton|Tinkaton, F|75/100
|-damage|p2a: Tinkaton|59/100|[from] Spikes
|turn|16
|
|t:|1758348835
|move|p2a: Tinkaton|Fake Out|p1a: Samurott
|-damage|p1a: Samurott|0 fnt
|faint|p1a: Samurott
|
|upkeep
|
|t:|1758348840
|switch|p1a: Heatran|Heatran, M|89/100
|turn|17
|
|t:|1758348844
|switch|p2a: Blissey|Blissey, F|100/100
|move|p1a: Heatran|Stealth Rock|p2a: Blissey
|-sidestart|p2: mathdragon|move: Stealth Rock
|
|upkeep
|turn|18
|
|t:|1758348850
|move|p1a: Heatran|Taunt|p2a: Blissey
|-start|p2a: Blissey|move: Taunt
|move|p2a: Blissey|Seismic Toss|p1a: Heatran
|-damage|p1a: Heatran|58/100
|
|upkeep
|turn|19
|
|t:|1758348863
|switch|p1a: Zamazenta|Zamazenta|100/100
|-ability|p1a: Zamazenta|Dauntless Shield|boost
|-boost|p1a: Zamazenta|def|1
|move|p2a: Blissey|Seismic Toss|p1a: Zamazenta
|-damage|p1a: Zamazenta|70/100
|
|upkeep
|turn|20
|
|t:|1758348872
|switch|p2a: Exeggutor|Exeggutor, M|100/100
|-damage|p2a: Exeggutor|84/100|[from] Spikes
|-damage|p2a: Exeggutor|72/100|[from] Stealth Rock
|move|p1a: Zamazenta|Close Combat|p2a: Exeggutor
|-resisted|p2a: Exeggutor
|-damage|p2a: Exeggutor|46/100
|-unboost|p1a: Zamazenta|def|1
|-unboost|p1a: Zamazenta|spd|1
|-enditem|p2a: Exeggutor|Sitrus Berry|[eat]
|-heal|p2a: Exeggutor|70/100|[from] item: Sitrus Berry
|
|-item|p2a: Exeggutor|Sitrus Berry|[from] ability: Harvest
|upkeep
|turn|21
|
|t:|1758348898
|-terastallize|p2a: Exeggutor|Fighting
|move|p1a: Zamazenta|Crunch|p2a: Exeggutor
|-resisted|p2a: Exeggutor
|-damage|p2a: Exeggutor|58/100
|move|p2a: Exeggutor|Calm Mind|p2a: Exeggutor
|-boost|p2a: Exeggutor|spa|1
|-boost|p2a: Exeggutor|spd|1
|
|upkeep
|turn|22
|
|t:|1758348913
|move|p1a: Zamazenta|Close Combat|p2a: Exeggutor
|-damage|p2a: Exeggutor|7/100
|-unboost|p1a: Zamazenta|def|1
|-unboost|p1a: Zamazenta|spd|1
|-enditem|p2a: Exeggutor|Sitrus Berry|[eat]
|-heal|p2a: Exeggutor|32/100|[from] item: Sitrus Berry
|move|p2a: Exeggutor|Giga Drain|p1a: Zamazenta
|-damage|p1a: Zamazenta|0 fnt
|-heal|p2a: Exeggutor|61/100|[from] drain|[of] p1a: Zamazenta
|faint|p1a: Zamazenta
|
|-item|p2a: Exeggutor|Sitrus Berry|[from] ability: Harvest
|upkeep
|
|t:|1758348936
|switch|p1a: Gholdengo|Gholdengo|100/100
|-damage|p1a: Gholdengo|94/100|[from] Stealth Rock
|-item|p1a: Gholdengo|Air Balloon
|turn|23
|
|t:|1758348942
|move|p1a: Gholdengo|Nasty Plot|p1a: Gholdengo
|-boost|p1a: Gholdengo|spa|2
|move|p2a: Exeggutor|Calm Mind|p2a: Exeggutor
|-boost|p2a: Exeggutor|spa|1
|-boost|p2a: Exeggutor|spd|1
|
|upkeep
|turn|24
|
|t:|1758348949
|move|p1a: Gholdengo|Make It Rain|p2a: Exeggutor
|-damage|p2a: Exeggutor|16/100
|-unboost|p1a: Gholdengo|spa|1
|-enditem|p2a: Exeggutor|Sitrus Berry|[eat]
|-heal|p2a: Exeggutor|40/100|[from] item: Sitrus Berry
|move|p2a: Exeggutor|Giga Drain|p1a: Gholdengo
|-resisted|p1a: Gholdengo
|-damage|p1a: Gholdengo|63/100
|-heal|p2a: Exeggutor|56/100|[from] drain|[of] p1a: Gholdengo
|-enditem|p1a: Gholdengo|Air Balloon
|
|upkeep
|turn|25
|
|t:|1758348961
|move|p1a: Gholdengo|Nasty Plot|p1a: Gholdengo
|-boost|p1a: Gholdengo|spa|2
|move|p2a: Exeggutor|Calm Mind|p2a: Exeggutor
|-boost|p2a: Exeggutor|spa|1
|-boost|p2a: Exeggutor|spd|1
|
|-item|p2a: Exeggutor|Sitrus Berry|[from] ability: Harvest
|upkeep
|turn|26
|
|t:|1758348970
|move|p1a: Gholdengo|Nasty Plot|p1a: Gholdengo
|-boost|p1a: Gholdengo|spa|2
|move|p2a: Exeggutor|Giga Drain|p1a: Gholdengo
|-resisted|p1a: Gholdengo
|-damage|p1a: Gholdengo|23/100
|-heal|p2a: Exeggutor|75/100|[from] drain|[of] p1a: Gholdengo
|
|upkeep
|turn|27
|
|t:|1758348986
|move|p1a: Gholdengo|Recover|p1a: Gholdengo
|-heal|p1a: Gholdengo|73/100
|move|p2a: Exeggutor|Giga Drain|p1a: Gholdengo
|-resisted|p1a: Gholdengo
|-damage|p1a: Gholdengo|33/100
|-heal|p2a: Exeggutor|95/100|[from] drain|[of] p1a: Gholdengo
|
|upkeep
|turn|28
|
|t:|1758348996
|move|p1a: Gholdengo|Make It Rain|p2a: Exeggutor
|-damage|p2a: Exeggutor|27/100
|-unboost|p1a: Gholdengo|spa|1
|-enditem|p2a: Exeggutor|Sitrus Berry|[eat]
|-heal|p2a: Exeggutor|52/100|[from] item: Sitrus Berry
|move|p2a: Exeggutor|Giga Drain|p1a: Gholdengo
|-resisted|p1a: Gholdengo
|-damage|p1a: Gholdengo|0 fnt
|-heal|p2a: Exeggutor|68/100|[from] drain|[of] p1a: Gholdengo
|faint|p1a: Gholdengo
|
|-item|p2a: Exeggutor|Sitrus Berry|[from] ability: Harvest
|upkeep
|-message|Greeny Tree forfeited.
|
|win|mathdragon
|raw|Greeny Tree's rating: 1153 &rarr; <strong>1125</strong><br />(-28 for losing)
|raw|mathdragon's rating: 1113 &rarr; <strong>1141</strong><br />(+28 for winning)
|l|☆Greeny Tree
|player|p1|
|l|☆mathdragon
|player|p2|
