|j|☆kiarnjd
|j|☆darkosblack
|t:|1758245878
|gametype|singles
|player|p1|kiarnjd|red|1307
|player|p2|darkosblack|101|1255
|gen|9
|tier|[Gen 9] OU
|rated|
|rule|HP Percentage Mod: HP is shown in percentages
|rule|Endless Battle Clause: Forcing endless battles is banned
|rule|Species Clause: Limit one of each Pokémon
|rule|OHKO Clause: OHKO moves are banned
|rule|Evasion Items Clause: Evasion items are banned
|rule|Evasion Moves Clause: Evasion moves are banned
|rule|Evasion Abilities Clause: Evasion abilities are banned
|rule|Sleep Moves Clause: Sleep-inducing moves are banned
|clearpoke
|poke|p1|Thundurus-Therian, M|
|poke|p1|Cinderace, M|
|poke|p1|Quaquaval, M|
|poke|p1|Clefable, F|
|poke|p1|Pecharunt|
|poke|p1|Iron Boulder|
|poke|p2|Slowking-Galar, F|
|poke|p2|Landorus-Therian, M|
|poke|p2|Kyurem|
|poke|p2|Iron Valiant|
|poke|p2|Cinderace, F|
|poke|p2|Kingambit, F|
|teampreview
|inactive|Battle timer is ON: inactive players will automatically lose when time's up. (requested by kiarnjd)
|
|t:|1758245890
|teamsize|p1|6
|teamsize|p2|6
|start
|switch|p1a: Clefable|Clefable, F|100/100
|switch|p2a: Slowking|Slowking-Galar, F|100/100
|turn|1
|
|t:|1758245897
|move|p1a: Clefable|Thunder Wave|p2a: Slowking
|-status|p2a: Slowking|par
|cant|p2a: Slowking|par
|
|upkeep
|turn|2
|
|t:|1758245903
|switch|p1a: Quaquaval|Quaquaval, M|100/100
|move|p2a: Slowking|Sludge Bomb|p1a: Quaquaval
|-damage|p1a: Quaquaval|70/100
|-status|p1a: Quaquaval|psn
|
|-damage|p1a: Quaquaval|57/100 psn|[from] psn
|upkeep
|turn|3
|
|t:|1758245911
|move|p1a: Quaquaval|Knock Off|p2a: Slowking
|-supereffective|p2a: Slowking
|-damage|p2a: Slowking|32/100 par
|-enditem|p2a: Slowking|Heavy-Duty Boots|[from] move: Knock Off|[of] p1a: Quaquaval
|move|p2a: Slowking|Psyshock|p1a: Quaquaval
|-supereffective|p1a: Quaquaval
|-damage|p1a: Quaquaval|0 fnt
|faint|p1a: Quaquaval
|
|upkeep
|
|t:|1758245920
|switch|p1a: Pecharunt|Pecharunt|100/100
|turn|4
|
|t:|1758245925
|switch|p2a: Kingambit|Kingambit, F|100/100
|move|p1a: Pecharunt|Hex|p2a: Kingambit
|-resisted|p2a: Kingambit
|-damage|p2a: Kingambit|89/100
|
|-heal|p2a: Kingambit|95/100|[from] item: Leftovers
|upkeep
|turn|5
|
|t:|1758245939
|switch|p1a: Thundurus|Thundurus-Therian, M|100/100
|-end|p2a: Kingambit|fallenundefined|[silent]
|switch|p2a: Slowking|Slowking-Galar, F|66/100 par
|
|upkeep
|turn|6
|
|t:|1758245946
|move|p1a: Thundurus|Thunderbolt|p2a: Slowking
|-damage|p2a: Slowking|22/100 par
|move|p2a: Slowking|Toxic|p1a: Thundurus
|-status|p1a: Thundurus|tox
|
|-damage|p1a: Thundurus|94/100 tox|[from] psn
|upkeep
|turn|7
|
|t:|1758245956
|switch|p2a: Landorus|Landorus-Therian, M|100/100
|-ability|p2a: Landorus|Intimidate|boost
|-unboost|p1a: Thundurus|atk|1
|move|p1a: Thundurus|Thunderbolt|p2a: Landorus
|-immune|p2a: Landorus
|
|-damage|p1a: Thundurus|82/100 tox|[from] psn
|upkeep
|turn|8
|
|t:|1758245966
|switch|p1a: Clefable|Clefable, F|100/100
|switch|p2a: Cinderace|Cinderace, F|100/100
|
|upkeep
|turn|9
|
|t:|1758245972
|move|p2a: Cinderace|U-turn|p1a: Clefable
|-start|p2a: Cinderace|typechange|Bug|[from] ability: Libero
|-resisted|p1a: Clefable
|-damage|p1a: Clefable|87/100
|
|t:|1758245976
|switch|p2a: Slowking|Slowking-Galar, F|55/100 par|[from] U-turn
|move|p1a: Clefable|Thunder Wave|p2a: Slowking
|-fail|p2a: Slowking|par
|
|-heal|p1a: Clefable|93/100|[from] item: Leftovers
|upkeep
|turn|10
|
|t:|1758245984
|move|p1a: Clefable|Moonblast|p2a: Slowking
|-resisted|p2a: Slowking
|-damage|p2a: Slowking|46/100 par
|-unboost|p2a: Slowking|spa|1
|-prepare|p2a: Slowking|Chilly Reception|[premajor]
|move|p2a: Slowking|Chilly Reception|p2a: Slowking
|-weather|Snowscape
|
|t:|1758245995
|switch|p2a: Kingambit|Kingambit, F|95/100|[from] Chilly Reception
|
|-weather|Snowscape|[upkeep]
|-heal|p1a: Clefable|99/100|[from] item: Leftovers
|-heal|p2a: Kingambit|100/100|[from] item: Leftovers
|upkeep
|turn|11
|c|☆kiarnjd|have u switched every turn?
|
|t:|1758246004
|-terastallize|p1a: Clefable|Water
|move|p1a: Clefable|Thunder Wave|p2a: Kingambit
|-status|p2a: Kingambit|par
|move|p2a: Kingambit|Iron Head|p1a: Clefable
|-resisted|p1a: Clefable
|-damage|p1a: Clefable|81/100
|
|-weather|Snowscape|[upkeep]
|-heal|p1a: Clefable|88/100|[from] item: Leftovers
|upkeep
|turn|12
|
|t:|1758246015
|-end|p2a: Kingambit|fallenundefined|[silent]
|switch|p2a: Slowking|Slowking-Galar, F|80/100 par
|move|p1a: Clefable|Moonblast|p2a: Slowking
|-resisted|p2a: Slowking
|-damage|p2a: Slowking|71/100 par
|
|-weather|Snowscape|[upkeep]
|-heal|p1a: Clefable|94/100|[from] item: Leftovers
|upkeep
|turn|13
|
|t:|1758246025
|switch|p1a: Pecharunt|Pecharunt|100/100
|-prepare|p2a: Slowking|Chilly Reception|[premajor]
|move|p2a: Slowking|Chilly Reception|p2a: Slowking
|
|t:|1758246032
|switch|p2a: Kingambit|Kingambit, F|100/100 par|[from] Chilly Reception
|
|-weather|Snowscape|[upkeep]
|upkeep
|turn|14
|
|t:|1758246045
|move|p1a: Pecharunt|Nasty Plot|p1a: Pecharunt
|-boost|p1a: Pecharunt|spa|2
|move|p2a: Kingambit|Iron Head|p1a: Pecharunt
|-damage|p1a: Pecharunt|67/100
|
|-weather|none
|upkeep
|turn|15
|
|t:|1758246054
|move|p1a: Pecharunt|Hex|p2a: Kingambit
|-resisted|p2a: Kingambit
|-damage|p2a: Kingambit|54/100 par
|cant|p2a: Kingambit|par
|
|-heal|p2a: Kingambit|61/100 par|[from] item: Leftovers
|upkeep
|turn|16
|
|t:|1758246060
|move|p1a: Pecharunt|Hex|p2a: Kingambit
|-resisted|p2a: Kingambit
|-damage|p2a: Kingambit|13/100 par
|move|p2a: Kingambit|Kowtow Cleave|p1a: Pecharunt
|-supereffective|p1a: Pecharunt
|-damage|p1a: Pecharunt|1/100
|
|-heal|p2a: Kingambit|20/100 par|[from] item: Leftovers
|upkeep
|turn|17
|
|t:|1758246072
|move|p1a: Pecharunt|Hex|p2a: Kingambit
|-resisted|p2a: Kingambit
|-damage|p2a: Kingambit|0 fnt
|faint|p2a: Kingambit
|-end|p2a: Kingambit|fallenundefined|[silent]
|
|upkeep
|
|t:|1758246077
|switch|p2a: Cinderace|Cinderace, F|100/100
|turn|18
|
|t:|1758246087
|switch|p1a: Clefable|Clefable, F, tera:Water|94/100
|move|p2a: Cinderace|U-turn|p1a: Clefable
|-start|p2a: Cinderace|typechange|Bug|[from] ability: Libero
|-damage|p1a: Clefable|65/100
|
|t:|1758246093
|switch|p2a: Landorus|Landorus-Therian, M|100/100|[from] U-turn
|-ability|p2a: Landorus|Intimidate|boost
|-unboost|p1a: Clefable|atk|1
|
|-heal|p1a: Clefable|72/100|[from] item: Leftovers
|upkeep
|turn|19
|
|t:|1758246100
|move|p2a: Landorus|Stealth Rock|p1a: Clefable
|-sidestart|p1: kiarnjd|move: Stealth Rock
|move|p1a: Clefable|Moonblast|p2a: Landorus
|-damage|p2a: Landorus|67/100
|-unboost|p2a: Landorus|spa|1
|
|-heal|p1a: Clefable|78/100|[from] item: Leftovers
|upkeep
|turn|20
|
|t:|1758246108
|move|p2a: Landorus|U-turn|p1a: Clefable
|-crit|p1a: Clefable
|-damage|p1a: Clefable|56/100
|
|t:|1758246111
|switch|p2a: Slowking|Slowking-Galar, F|100/100 par|[from] U-turn
|move|p1a: Clefable|Stealth Rock|p2a: Slowking
|-sidestart|p2: darkosblack|move: Stealth Rock
|
|-heal|p1a: Clefable|62/100|[from] item: Leftovers
|upkeep
|turn|21
|
|t:|1758246119
|move|p1a: Clefable|Moonlight|p1a: Clefable
|-heal|p1a: Clefable|100/100
|-prepare|p2a: Slowking|Chilly Reception|[premajor]
|move|p2a: Slowking|Chilly Reception|p2a: Slowking
|-weather|Snowscape
|
|t:|1758246127
|switch|p2a: Cinderace|Cinderace, F|100/100|[from] Chilly Reception
|
|-weather|Snowscape|[upkeep]
|upkeep
|turn|22
|
|t:|1758246132
|move|p2a: Cinderace|U-turn|p1a: Clefable
|-start|p2a: Cinderace|typechange|Bug|[from] ability: Libero
|-damage|p1a: Clefable|74/100
|
|t:|1758246137
|switch|p2a: Kyurem|Kyurem|100/100|[from] U-turn
|-damage|p2a: Kyurem|76/100|[from] Stealth Rock
|-ability|p2a: Kyurem|Pressure
|move|p1a: Clefable|Thunder Wave|p2a: Kyurem
|-status|p2a: Kyurem|par
|
|-weather|Snowscape|[upkeep]
|-heal|p1a: Clefable|80/100|[from] item: Leftovers
|upkeep
|turn|23
|-message|darkosblack forfeited.
|
|win|kiarnjd
|raw|kiarnjd's rating: 1307 &rarr; <strong>1324</strong><br />(+17 for winning)
|raw|darkosblack's rating: 1255 &rarr; <strong>1234</strong><br />(-21 for losing)
|l|☆darkosblack
|player|p2|
|c|☆kiarnjd|ok??
