|j|☆killer07
|j|☆Admin Briar
|t:|1758272298
|gametype|singles
|player|p1|killer07|preschooler|1428
|player|p2|Admin Briar|colress|1436
|gen|9
|tier|[Gen 9] OU
|rated|
|rule|HP Percentage Mod: HP is shown in percentages
|rule|Endless Battle Clause: Forcing endless battles is banned
|rule|Species Clause: Limit one of each Pokémon
|rule|OHKO Clause: OHKO moves are banned
|rule|Evasion Items Clause: Evasion items are banned
|rule|Evasion Moves Clause: Evasion moves are banned
|rule|Evasion Abilities Clause: Evasion abilities are banned
|rule|Sleep Moves Clause: Sleep-inducing moves are banned
|clearpoke
|poke|p1|Goodra-Hisui, M|
|poke|p1|Pecharunt|
|poke|p1|Cinderace, F|
|poke|p1|Azumarill, M|
|poke|p1|Gholdengo|
|poke|p1|Rillaboom, M|
|poke|p2|Ceruledge, F|
|poke|p2|Ninetales-Alola, M|
|poke|p2|Glimmora, M|
|poke|p2|Kommo-o, M|
|poke|p2|Excadrill, F|
|poke|p2|Greninja-*, M|
|teampreview
|inactive|Battle timer is ON: inactive players will automatically lose when time's up. (requested by Admin Briar)
|inactive|Admin Briar has 120 seconds left.
|inactive|Admin Briar has 90 seconds left.
|
|t:|1758272389
|teamsize|p1|6
|teamsize|p2|6
|start
|switch|p1a: Gholdengo|Gholdengo|100/100
|switch|p2a: Glimmora|Glimmora, M|100/100
|turn|1
|inactive|killer07 has 120 seconds left.
|inactive|killer07 has 90 seconds left.
|
|t:|1758272452
|move|p1a: Gholdengo|Make It Rain|p2a: Glimmora
|-supereffective|p2a: Glimmora
|-enditem|p2a: Glimmora|Focus Sash
|-damage|p2a: Glimmora|1/100
|-unboost|p1a: Gholdengo|spa|1
|move|p2a: Glimmora|Stealth Rock|p1a: Gholdengo
|-sidestart|p1: killer07|move: Stealth Rock
|
|upkeep
|turn|2
|inactive|Admin Briar has 120 seconds left.
|inactive|Admin Briar has 90 seconds left.
|
|t:|1758272523
|move|p1a: Gholdengo|Make It Rain|p2a: Glimmora
|-supereffective|p2a: Glimmora
|-crit|p2a: Glimmora
|-damage|p2a: Glimmora|0 fnt
|-unboost|p1a: Gholdengo|spa|1
|faint|p2a: Glimmora
|
|upkeep
|
|t:|1758272531
|switch|p2a: Ceruledge|Ceruledge, F|100/100
|turn|3
|
|t:|1758272543
|switch|p1a: Cinderace|Cinderace, F|100/100
|-damage|p1a: Cinderace|76/100|[from] Stealth Rock
|move|p2a: Ceruledge|Swords Dance|p2a: Ceruledge
|-boost|p2a: Ceruledge|atk|2
|
|upkeep
|turn|4
|inactive|Admin Briar has 90 seconds left.
|
|t:|1758272549
|move|p1a: Cinderace|Court Change|p1a: Cinderace
|-start|p1a: Cinderace|typechange|Normal|[from] ability: Libero
|-swapsideconditions
|-activate|p1a: Cinderace|move: Court Change
|move|p2a: Ceruledge|Poltergeist|p1a: Cinderace
|-immune|p1a: Cinderace
|
|upkeep
|turn|5
|inactive|killer07 has 120 seconds left.
|
|t:|1758272564
|switch|p1a: Gholdengo|Gholdengo|100/100
|move|p2a: Ceruledge|Bitter Blade|p1a: Gholdengo
|-supereffective|p1a: Gholdengo
|-damage|p1a: Gholdengo|0 fnt
|faint|p1a: Gholdengo
|
|upkeep
|
|t:|1758272569
|switch|p1a: Pecharunt|Pecharunt|100/100
|turn|6
|inactive|killer07 has 120 seconds left.
|
|t:|1758272576
|-terastallize|p1a: Pecharunt|Flying
|move|p2a: Ceruledge|Poltergeist|p1a: Pecharunt
|-activate|p1a: Pecharunt|move: Poltergeist|Heavy-Duty Boots
|-damage|p1a: Pecharunt|46/100
|move|p1a: Pecharunt|Foul Play|p2a: Ceruledge
|-supereffective|p2a: Ceruledge
|-enditem|p2a: Ceruledge|Focus Sash
|-damage|p2a: Ceruledge|1/100
|-ability|p2a: Ceruledge|Weak Armor|boost
|-unboost|p2a: Ceruledge|def|1
|-boost|p2a: Ceruledge|spe|2
|
|upkeep
|turn|7
|
|t:|1758272587
|move|p2a: Ceruledge|Bitter Blade|p1a: Pecharunt
|-damage|p1a: Pecharunt|3/100
|-heal|p2a: Ceruledge|29/100|[from] drain|[of] p1a: Pecharunt
|move|p1a: Pecharunt|Parting Shot|p2a: Ceruledge
|-unboost|p2a: Ceruledge|atk|1
|-unboost|p2a: Ceruledge|spa|1
|
|t:|1758272592
|switch|p1a: Azumarill|Azumarill, M|100/100|[from] Parting Shot
|
|upkeep
|turn|8
|
|t:|1758272596
|move|p2a: Ceruledge|Shadow Sneak|p1a: Azumarill
|-damage|p1a: Azumarill|57/100
|move|p1a: Azumarill|Aqua Jet|p2a: Ceruledge
|-supereffective|p2a: Ceruledge
|-damage|p2a: Ceruledge|0 fnt
|faint|p2a: Ceruledge
|
|upkeep
|inactive|Admin Briar has 120 seconds left.
|inactive|Admin Briar has 90 seconds left.
|inactive|Admin Briar has 60 seconds left.
|
|t:|1758272664
|switch|p2a: Greninja|Greninja, M|100/100
|-damage|p2a: Greninja|88/100|[from] Stealth Rock
|turn|9
|
|t:|1758272668
|move|p2a: Greninja|Grass Knot|p1a: Azumarill
|-supereffective|p1a: Azumarill
|-damage|p1a: Azumarill|3/100
|-enditem|p1a: Azumarill|Sitrus Berry|[eat]
|-heal|p1a: Azumarill|28/100|[from] item: Sitrus Berry
|move|p1a: Azumarill|Play Rough|p2a: Greninja
|-supereffective|p2a: Greninja
|-damage|p2a: Greninja|0 fnt
|faint|p2a: Greninja
|
|upkeep
|
|t:|1758272678
|switch|p2a: Excadrill|Excadrill, F|100/100
|-ability|p2a: Excadrill|Mold Breaker
|turn|10
|
|t:|1758272685
|move|p1a: Azumarill|Aqua Jet|p2a: Excadrill
|-supereffective|p2a: Excadrill
|-damage|p2a: Excadrill|31/100
|move|p2a: Excadrill|Earthquake|p1a: Azumarill
|-damage|p1a: Azumarill|0 fnt
|faint|p1a: Azumarill
|
|upkeep
|
|t:|1758272695
|switch|p1a: Cinderace|Cinderace, F|76/100
|turn|11
|
|t:|1758272701
|move|p1a: Cinderace|Pyro Ball|p2a: Excadrill
|-supereffective|p2a: Excadrill
|-damage|p2a: Excadrill|0 fnt
|faint|p2a: Excadrill
|
|upkeep
|
|t:|1758272705
|switch|p2a: Kommo-o|Kommo-o, M|100/100
|-damage|p2a: Kommo-o|94/100|[from] Stealth Rock
|turn|12
|
|t:|1758272710
|switch|p1a: Goodra|Goodra-Hisui, M, shiny|100/100
|move|p2a: Kommo-o|Clangorous Soul|p2a: Kommo-o
|-boost|p2a: Kommo-o|atk|1
|-boost|p2a: Kommo-o|def|1
|-boost|p2a: Kommo-o|spa|1
|-boost|p2a: Kommo-o|spd|1
|-boost|p2a: Kommo-o|spe|1
|-damage|p2a: Kommo-o|61/100
|
|upkeep
|turn|13
|
|t:|1758272719
|-terastallize|p2a: Kommo-o|Steel
|move|p2a: Kommo-o|Drain Punch|p1a: Goodra
|-supereffective|p1a: Goodra
|-damage|p1a: Goodra|0 fnt
|-heal|p2a: Kommo-o|100/100|[from] drain|[of] p1a: Goodra
|faint|p1a: Goodra
|
|upkeep
|
|t:|1758272732
|switch|p1a: Pecharunt|Pecharunt, tera:Flying|3/100
|turn|14
|
|t:|1758272737
|move|p2a: Kommo-o|Ice Punch|p1a: Pecharunt
|-supereffective|p1a: Pecharunt
|-damage|p1a: Pecharunt|0 fnt
|faint|p1a: Pecharunt
|
|upkeep
|
|t:|1758272766
|switch|p1a: Rillaboom|Rillaboom, M|100/100
|-fieldstart|move: Grassy Terrain|[from] ability: Grassy Surge|[of] p1a: Rillaboom
|turn|15
|
|t:|1758272770
|move|p1a: Rillaboom|Grassy Glide|p2a: Kommo-o
|-resisted|p2a: Kommo-o
|-damage|p2a: Kommo-o|80/100
|move|p2a: Kommo-o|Ice Punch|p1a: Rillaboom
|-supereffective|p1a: Rillaboom
|-damage|p1a: Rillaboom|9/100
|
|-heal|p2a: Kommo-o|86/100|[from] Grassy Terrain
|-heal|p1a: Rillaboom|15/100|[from] Grassy Terrain
|upkeep
|turn|16
|
|t:|1758272779
|move|p1a: Rillaboom|Grassy Glide|p2a: Kommo-o
|-resisted|p2a: Kommo-o
|-damage|p2a: Kommo-o|67/100
|move|p2a: Kommo-o|Drain Punch|p1a: Rillaboom
|-damage|p1a: Rillaboom|0 fnt
|-heal|p2a: Kommo-o|76/100|[from] drain|[of] p1a: Rillaboom
|faint|p1a: Rillaboom
|
|-heal|p2a: Kommo-o|82/100|[from] Grassy Terrain
|upkeep
|
|t:|1758272782
|switch|p1a: Cinderace|Cinderace, F|76/100
|turn|17
|
|t:|1758272789
|move|p1a: Cinderace|Pyro Ball|p2a: Kommo-o
|-supereffective|p2a: Kommo-o
|-damage|p2a: Kommo-o|1/100
|move|p2a: Kommo-o|Earthquake|p1a: Cinderace
|-supereffective|p1a: Cinderace
|-damage|p1a: Cinderace|6/100
|
|-heal|p1a: Cinderace|12/100|[from] Grassy Terrain
|-heal|p2a: Kommo-o|7/100|[from] Grassy Terrain
|upkeep
|turn|18
|
|t:|1758272798
|move|p1a: Cinderace|Pyro Ball|p2a: Kommo-o
|-supereffective|p2a: Kommo-o
|-damage|p2a: Kommo-o|0 fnt
|faint|p2a: Kommo-o
|
|-heal|p1a: Cinderace|18/100|[from] Grassy Terrain
|upkeep
|
|t:|1758272803
|switch|p2a: Ninetales|Ninetales-Alola, M|100/100
|-damage|p2a: Ninetales|76/100|[from] Stealth Rock
|-weather|Snowscape|[from] ability: Snow Warning|[of] p2a: Ninetales
|turn|19
|
|t:|1758272808
|move|p1a: Cinderace|Pyro Ball|p2a: Ninetales
|-supereffective|p2a: Ninetales
|-damage|p2a: Ninetales|0 fnt
|faint|p2a: Ninetales
|
|win|killer07
|raw|killer07's rating: 1428 &rarr; <strong>1448</strong><br />(+20 for winning)
|raw|Admin Briar's rating: 1436 &rarr; <strong>1416</strong><br />(-20 for losing)
|l|☆Admin Briar
|player|p2|
|l|☆killer07
|player|p1|
