|j|☆Eight Five
|j|☆master ball rus
|t:|1758313121
|gametype|singles
|player|p1|Eight Five|1|1562
|player|p2|master ball rus|swimmer-gen4|1617
|gen|9
|tier|[Gen 9] OU
|rated|
|rule|HP Percentage Mod: HP is shown in percentages
|rule|Endless Battle Clause: Forcing endless battles is banned
|rule|Species Clause: Limit one of each Pokémon
|rule|OHKO Clause: OHKO moves are banned
|rule|Evasion Items Clause: Evasion items are banned
|rule|Evasion Moves Clause: Evasion moves are banned
|rule|Evasion Abilities Clause: Evasion abilities are banned
|rule|Sleep Moves Clause: Sleep-inducing moves are banned
|clearpoke
|poke|p1|Great Tusk|
|poke|p1|Landorus-Therian, M|
|poke|p1|Jirachi|
|poke|p1|Chandelure, M|
|poke|p1|Primarina, M|
|poke|p1|Zapdos|
|poke|p2|Gholdengo|
|poke|p2|Zamazenta-*|
|poke|p2|Ting-Lu|
|poke|p2|Clefable, F|
|poke|p2|Dragonite, M|
|poke|p2|Deoxys-Speed|
|teampreview
|j| venomania
|inactive|Battle timer is ON: inactive players will automatically lose when time's up. (requested by Eight Five)
|inactive|Eight Five has 120 seconds left.
|
|t:|1758313166
|teamsize|p1|6
|teamsize|p2|6
|start
|switch|p1a: Zapdos|Zapdos|100/100
|switch|p2a: Clefable|Clefable, F|100/100
|turn|1
|
|t:|1758313172
|move|p1a: Zapdos|Hurricane|p2a: Clefable|[miss]
|-miss|p1a: Zapdos|p2a: Clefable
|move|p2a: Clefable|Knock Off|p1a: Zapdos
|-damage|p1a: Zapdos|81/100
|-enditem|p1a: Zapdos|Choice Specs|[from] move: Knock Off|[of] p2a: Clefable
|
|upkeep
|turn|2
|
|t:|1758313175
|move|p1a: Zapdos|Hurricane|p2a: Clefable
|-damage|p2a: Clefable|46/100
|-start|p2a: Clefable|confusion
|-activate|p2a: Clefable|confusion
|move|p2a: Clefable|Stealth Rock|p1a: Zapdos
|-sidestart|p1: Eight Five|move: Stealth Rock
|
|upkeep
|turn|3
|
|t:|1758313185
|switch|p1a: Great Tusk|Great Tusk|100/100
|switch|p2a: Ting-Lu|Ting-Lu|100/100
|-ability|p2a: Ting-Lu|Vessel of Ruin
|
|upkeep
|turn|4
|
|t:|1758313191
|switch|p2a: Gholdengo|Gholdengo|100/100
|-item|p2a: Gholdengo|Air Balloon
|move|p1a: Great Tusk|Knock Off|p2a: Gholdengo
|-supereffective|p2a: Gholdengo
|-damage|p2a: Gholdengo|52/100
|-enditem|p2a: Gholdengo|Air Balloon
|
|upkeep
|turn|5
|
|t:|1758313200
|move|p1a: Great Tusk|Headlong Rush|p2a: Gholdengo
|-supereffective|p2a: Gholdengo
|-crit|p2a: Gholdengo
|-damage|p2a: Gholdengo|0 fnt
|-unboost|p1a: Great Tusk|def|1
|-unboost|p1a: Great Tusk|spd|1
|faint|p2a: Gholdengo
|
|upkeep
|
|t:|1758313202
|switch|p2a: Clefable|Clefable, F|46/100
|turn|6
|
|t:|1758313209
|-end|p1a: Great Tusk|Protosynthesis|[silent]
|switch|p1a: Jirachi|Jirachi|100/100
|-damage|p1a: Jirachi|94/100|[from] Stealth Rock
|move|p2a: Clefable|Moonblast|p1a: Jirachi
|-resisted|p1a: Jirachi
|-damage|p1a: Jirachi|82/100
|-unboost|p1a: Jirachi|spa|1
|
|-heal|p1a: Jirachi|88/100|[from] item: Leftovers
|upkeep
|turn|7
|
|t:|1758313212
|move|p1a: Jirachi|Doom Desire|p2a: Clefable
|-start|p1a: Jirachi|Doom Desire
|move|p2a: Clefable|Knock Off|p1a: Jirachi
|-supereffective|p1a: Jirachi
|-damage|p1a: Jirachi|69/100
|-enditem|p1a: Jirachi|Leftovers|[from] move: Knock Off|[of] p2a: Clefable
|
|upkeep
|turn|8
|
|t:|1758313232
|move|p1a: Jirachi|Wish|p1a: Jirachi
|move|p2a: Clefable|Knock Off|p1a: Jirachi
|-supereffective|p1a: Jirachi
|-damage|p1a: Jirachi|55/100
|
|upkeep
|turn|9
|
|t:|1758313252
|move|p1a: Jirachi|U-turn|p2a: Clefable
|-resisted|p2a: Clefable
|-damage|p2a: Clefable|41/100
|-damage|p1a: Jirachi|39/100|[from] item: Rocky Helmet|[of] p2a: Clefable
|
|t:|1758313257
|switch|p1a: Great Tusk|Great Tusk|100/100|[from] U-turn
|move|p2a: Clefable|Moonblast|p1a: Great Tusk
|-supereffective|p1a: Great Tusk
|-damage|p1a: Great Tusk|11/100
|
|-end|p2a: Clefable|move: Doom Desire
|-supereffective|p2a: Clefable
|-damage|p2a: Clefable|0 fnt
|faint|p2a: Clefable
|-heal|p1a: Great Tusk|65/100|[from] move: Wish|[wisher] Jirachi
|upkeep
|
|t:|1758313269
|switch|p2a: Deoxys|Deoxys-Speed|100/100
|-ability|p2a: Deoxys|Pressure
|turn|10
|
|t:|1758313284
|-end|p1a: Great Tusk|Protosynthesis|[silent]
|switch|p1a: Jirachi|Jirachi|39/100
|-damage|p1a: Jirachi|32/100|[from] Stealth Rock
|move|p2a: Deoxys|Nasty Plot|p2a: Deoxys
|-boost|p2a: Deoxys|spa|2
|
|upkeep
|turn|11
|
|t:|1758313304
|move|p1a: Jirachi|Protect|p1a: Jirachi
|-singleturn|p1a: Jirachi|Protect
|move|p2a: Deoxys|Thunderbolt|p1a: Jirachi
|-activate|p1a: Jirachi|move: Protect
|
|upkeep
|turn|12
|
|t:|1758313316
|-terastallize|p2a: Deoxys|Electric
|move|p2a: Deoxys|Nasty Plot|p2a: Deoxys
|-boost|p2a: Deoxys|spa|2
|move|p1a: Jirachi|U-turn|p2a: Deoxys
|-damage|p2a: Deoxys|80/100
|inactive|Eight Five has 120 seconds left.
|l| venomania
|
|t:|1758313345
|switch|p1a: Primarina|Primarina, M|100/100|[from] U-turn
|-damage|p1a: Primarina|88/100|[from] Stealth Rock
|
|-heal|p1a: Primarina|94/100|[from] item: Leftovers
|upkeep
|turn|13
|
|t:|1758313348
|move|p1a: Primarina|Protect|p1a: Primarina
|-singleturn|p1a: Primarina|Protect
|move|p2a: Deoxys|Thunderbolt|p1a: Primarina
|-activate|p1a: Primarina|move: Protect
|
|-heal|p1a: Primarina|99/100|[from] item: Leftovers
|upkeep
|turn|14
|inactive|Eight Five has 120 seconds left.
|
|t:|1758313359
|-terastallize|p1a: Primarina|Grass
|move|p2a: Deoxys|Thunderbolt|p1a: Primarina
|-resisted|p1a: Primarina
|-damage|p1a: Primarina|53/100
|move|p1a: Primarina|Draining Kiss|p2a: Deoxys
|-damage|p2a: Deoxys|50/100
|-heal|p1a: Primarina|69/100|[from] drain|[of] p2a: Deoxys
|
|-heal|p1a: Primarina|75/100|[from] item: Leftovers
|upkeep
|turn|15
|
|t:|1758313367
|move|p1a: Primarina|Protect|p1a: Primarina
|-singleturn|p1a: Primarina|Protect
|move|p2a: Deoxys|Ice Beam|p1a: Primarina
|-activate|p1a: Primarina|move: Protect
|
|-heal|p1a: Primarina|81/100|[from] item: Leftovers
|upkeep
|turn|16
|
|t:|1758313375
|move|p2a: Deoxys|Ice Beam|p1a: Primarina
|-supereffective|p1a: Primarina
|-damage|p1a: Primarina|0 fnt
|faint|p1a: Primarina
|
|upkeep
|
|t:|1758313382
|switch|p1a: Chandelure|Chandelure, M|100/100
|-damage|p1a: Chandelure|76/100|[from] Stealth Rock
|turn|17
|
|t:|1758313389
|move|p2a: Deoxys|Thunderbolt|p1a: Chandelure
|-damage|p1a: Chandelure|0 fnt
|faint|p1a: Chandelure
|
|upkeep
|-message|Eight Five forfeited.
|
|win|master ball rus
|raw|Eight Five's rating: 1562 &rarr; <strong>1545</strong><br />(-17 for losing)
|raw|master ball rus's rating: 1617 &rarr; <strong>1634</strong><br />(+17 for winning)
|l|☆Eight Five
|player|p1|
|l|☆master ball rus
|player|p2|
