|j|☆wiggilydiggily
|j|☆freakoffweeb
|t:|1758302319
|gametype|singles
|player|p1|wiggilydiggily|170|1444
|player|p2|freakoffweeb|101|1474
|gen|9
|tier|[Gen 9] OU
|rated|
|rule|HP Percentage Mod: HP is shown in percentages
|rule|Endless Battle Clause: Forcing endless battles is banned
|rule|Species Clause: Limit one of each Pokémon
|rule|OHKO Clause: OHKO moves are banned
|rule|Evasion Items Clause: Evasion items are banned
|rule|Evasion Moves Clause: Evasion moves are banned
|rule|Evasion Abilities Clause: Evasion abilities are banned
|rule|Sleep Moves Clause: Sleep-inducing moves are banned
|clearpoke
|poke|p1|Wigglytuff, M|
|poke|p1|Gholdengo|
|poke|p1|Great Tusk|
|poke|p1|Slowking-Galar, M|
|poke|p1|Samurott-Hisui, M|
|poke|p1|Sinistcha-Masterpiece|
|poke|p2|Samurott-Hisui, M|
|poke|p2|Pecharunt|
|poke|p2|Zamazenta-*|
|poke|p2|Iron Treads|
|poke|p2|Zapdos|
|poke|p2|Garganacl, F|
|teampreview
|inactive|Battle timer is ON: inactive players will automatically lose when time's up. (requested by freakoffweeb)
|
|t:|1758302339
|teamsize|p1|6
|teamsize|p2|6
|start
|switch|p1a: Wigglytuff|Wigglytuff, M|100/100
|switch|p2a: Samurott|Samurott-Hisui, M, shiny|100/100
|turn|1
|
|t:|1758302348
|switch|p2a: Garganacl|Garganacl, F|100/100
|move|p1a: Wigglytuff|Thunder Wave|p2a: Garganacl
|-immune|p2a: Garganacl|[from] ability: Purifying Salt
|
|upkeep
|turn|2
|
|t:|1758302352
|move|p1a: Wigglytuff|Stealth Rock|p2a: Garganacl
|-sidestart|p2: freakoffweeb|move: Stealth Rock
|move|p2a: Garganacl|Curse|p2a: Garganacl
|-unboost|p2a: Garganacl|spe|1
|-boost|p2a: Garganacl|atk|1
|-boost|p2a: Garganacl|def|1
|
|upkeep
|turn|3
|
|t:|1758302374
|switch|p1a: Sinistcha|Sinistcha-Masterpiece|100/100
|move|p2a: Garganacl|Salt Cure|p1a: Sinistcha
|-damage|p1a: Sinistcha|84/100
|-start|p1a: Sinistcha|Salt Cure
|
|-heal|p1a: Sinistcha|90/100|[from] item: Leftovers
|-damage|p1a: Sinistcha|78/100|[from] Salt Cure
|upkeep
|turn|4
|inactive|freakoffweeb has 120 seconds left.
|
|t:|1758302425
|switch|p2a: Zapdos|Zapdos|100/100
|move|p1a: Sinistcha|Calm Mind|p1a: Sinistcha
|-boost|p1a: Sinistcha|spa|1
|-boost|p1a: Sinistcha|spd|1
|
|-heal|p1a: Sinistcha|84/100|[from] item: Leftovers
|-damage|p1a: Sinistcha|71/100|[from] Salt Cure
|upkeep
|turn|5
|
|t:|1758302445
|switch|p1a: Slowking|Slowking-Galar, M|100/100
|move|p2a: Zapdos|Hurricane|p1a: Slowking
|-damage|p1a: Slowking|75/100
|-start|p1a: Slowking|confusion
|
|upkeep
|turn|6
|inactive|freakoffweeb has 90 seconds left.
|inactive|freakoffweeb has 60 seconds left.
|inactive|freakoffweeb has 30 seconds left.
|inactive|freakoffweeb has 20 seconds left.
|inactive|freakoffweeb has 15 seconds left.
|inactive|freakoffweeb has 10 seconds left.
|
|t:|1758302553
|move|p2a: Zapdos|Volt Switch|p1a: Slowking
|-damage|p1a: Slowking|57/100
|inactive|freakoffweeb has 15 seconds left this turn.
|
|t:|1758302555
|switch|p2a: Iron Treads|Iron Treads|100/100|[from] Volt Switch
|-damage|p2a: Iron Treads|97/100|[from] Stealth Rock
|-activate|p1a: Slowking|confusion
|move|p1a: Slowking|Ice Beam|p2a: Iron Treads
|-damage|p2a: Iron Treads|57/100
|
|-heal|p2a: Iron Treads|63/100|[from] item: Leftovers
|upkeep
|turn|7
|inactive|freakoffweeb has 25 seconds left this turn.
|inactive|freakoffweeb has 20 seconds left.
|inactive|wiggilydiggily has 120 seconds left.
|
|t:|1758302595
|switch|p1a: Samurott|Samurott-Hisui, M|100/100
|move|p2a: Iron Treads|Stealth Rock|p1a: Samurott
|-sidestart|p1: wiggilydiggily|move: Stealth Rock
|
|-heal|p2a: Iron Treads|69/100|[from] item: Leftovers
|upkeep
|turn|8
|inactive|freakoffweeb has 30 seconds left this turn.
|inactive|freakoffweeb has 20 seconds left.
|inactive|freakoffweeb has 15 seconds left.
|
|t:|1758302611
|move|p2a: Iron Treads|Rapid Spin|p1a: Samurott
|-damage|p1a: Samurott|84/100
|-boost|p2a: Iron Treads|spe|1
|-sideend|p2: freakoffweeb|Stealth Rock|[from] move: Rapid Spin|[of] p2a: Iron Treads
|move|p1a: Samurott|Ceaseless Edge|p2a: Iron Treads
|-damage|p2a: Iron Treads|33/100
|-sidestart|p2: freakoffweeb|Spikes
|
|-heal|p2a: Iron Treads|39/100|[from] item: Leftovers
|upkeep
|turn|9
|inactive|freakoffweeb has 25 seconds left this turn.
|inactive|wiggilydiggily has 120 seconds left.
|inactive|freakoffweeb has 20 seconds left.
|
|t:|1758302617
|-end|p2a: Iron Treads|Quark Drive|[silent]
|switch|p2a: Zamazenta|Zamazenta|100/100
|-ability|p2a: Zamazenta|Dauntless Shield|boost
|-boost|p2a: Zamazenta|def|1
|move|p1a: Samurott|Ceaseless Edge|p2a: Zamazenta
|-resisted|p2a: Zamazenta
|-damage|p2a: Zamazenta|88/100
|-sidestart|p2: freakoffweeb|Spikes
|
|upkeep
|turn|10
|inactive|freakoffweeb has 30 seconds left this turn.
|inactive|wiggilydiggily has 120 seconds left.
|
|t:|1758302639
|switch|p1a: Gholdengo|Gholdengo|100/100
|-damage|p1a: Gholdengo|94/100|[from] Stealth Rock
|move|p2a: Zamazenta|Stone Edge|p1a: Gholdengo
|-resisted|p1a: Gholdengo
|-damage|p1a: Gholdengo|82/100
|
|upkeep
|turn|11
|inactive|freakoffweeb has 30 seconds left.
|inactive|freakoffweeb has 20 seconds left.
|inactive|freakoffweeb has 15 seconds left.
|inactive|freakoffweeb has 10 seconds left.
|inactive|freakoffweeb has 5 seconds left.
|-message|freakoffweeb lost due to inactivity.
|
|win|wiggilydiggily
|raw|wiggilydiggily's rating: 1444 &rarr; <strong>1464</strong><br />(+20 for winning)
|raw|freakoffweeb's rating: 1451 &rarr; <strong>1431</strong><br />(-20 for losing)
|l|☆freakoffweeb
|player|p2|
|l|☆wiggilydiggily
|player|p1|
