|j|☆DarkJesusaliasMiku
|j|☆peiomo
|t:|1758377389
|gametype|singles
|player|p1|DarkJesusaliasMiku|dawn|1123
|player|p2|peiomo|zinnia|1095
|gen|9
|tier|[Gen 9] OU
|rated|
|rule|HP Percentage Mod: HP is shown in percentages
|rule|Endless Battle Clause: Forcing endless battles is banned
|rule|Species Clause: Limit one of each Pokémon
|rule|OHKO Clause: OHKO moves are banned
|rule|Evasion Items Clause: Evasion items are banned
|rule|Evasion Moves Clause: Evasion moves are banned
|rule|Evasion Abilities Clause: Evasion abilities are banned
|rule|Sleep Moves Clause: Sleep-inducing moves are banned
|clearpoke
|poke|p1|Iron Crown|
|poke|p1|Samurott-Hisui, F|
|poke|p1|Zapdos|
|poke|p1|Dragapult, F|
|poke|p1|Great Tusk|
|poke|p1|Iron Boulder|
|poke|p2|Malamar, M|
|poke|p2|Serperior, F|
|poke|p2|Comfey, F|
|poke|p2|Sandy Shocks|
|poke|p2|Arcanine-Hisui, M|
|poke|p2|Araquanid, F|
|teampreview
|inactive|Battle timer is ON: inactive players will automatically lose when time's up. (requested by peiomo)
|
|t:|1758377412
|teamsize|p1|6
|teamsize|p2|6
|start
|switch|p1a: Hurikan|Zapdos|100/100
|switch|p2a: Araquanid|Araquanid, F, shiny|100/100
|turn|1
|
|t:|1758377426
|move|p1a: Hurikan|Hurricane|p2a: Araquanid
|-supereffective|p2a: Araquanid
|-damage|p2a: Araquanid|49/100
|move|p2a: Araquanid|Sticky Web|p1a: Hurikan
|-sidestart|p1: DarkJesusaliasMiku|move: Sticky Web
|
|upkeep
|turn|2
|
|t:|1758377433
|move|p1a: Hurikan|Hurricane|p2a: Araquanid
|-supereffective|p2a: Araquanid
|-damage|p2a: Araquanid|0 fnt
|faint|p2a: Araquanid
|
|upkeep
|
|t:|1758377446
|switch|p2a: Sandy Shocks|Sandy Shocks|100/100
|-enditem|p2a: Sandy Shocks|Booster Energy
|-activate|p2a: Sandy Shocks|ability: Protosynthesis|[fromitem]
|-start|p2a: Sandy Shocks|protosynthesisspa
|turn|3
|
|t:|1758377471
|switch|p1a: Pump It|Great Tusk|100/100
|move|p2a: Sandy Shocks|Power Gem|p1a: Pump It
|-resisted|p1a: Pump It
|-damage|p1a: Pump It|88/100
|
|upkeep
|turn|4
|
|t:|1758377492
|-end|p2a: Sandy Shocks|Protosynthesis|[silent]
|switch|p2a: Comfey|Comfey, F|100/100
|move|p1a: Pump It|Rapid Spin|p2a: Comfey
|-damage|p2a: Comfey|73/100
|-boost|p1a: Pump It|spe|1
|-sideend|p1: DarkJesusaliasMiku|Sticky Web|[from] move: Rapid Spin|[of] p1a: Pump It
|
|upkeep
|turn|5
|
|t:|1758377516
|move|p2a: Comfey|Draining Kiss|p1a: Pump It
|-supereffective|p1a: Pump It
|-damage|p1a: Pump It|10/100
|-heal|p2a: Comfey|100/100|[from] drain|[of] p1a: Pump It
|-damage|p2a: Comfey|91/100|[from] item: Life Orb
|move|p1a: Pump It|Headlong Rush|p2a: Comfey
|-damage|p2a: Comfey|0 fnt
|-unboost|p1a: Pump It|def|1
|-unboost|p1a: Pump It|spd|1
|faint|p2a: Comfey
|
|upkeep
|
|t:|1758377531
|switch|p2a: Arcanine|Arcanine-Hisui, M|100/100
|turn|6
|
|t:|1758377539
|-end|p1a: Pump It|Protosynthesis|[silent]
|switch|p1a: Parasite|Dragapult, F|100/100
|move|p2a: Arcanine|Extreme Speed|p1a: Parasite
|-immune|p1a: Parasite
|
|upkeep
|turn|7
|
|t:|1758377552
|move|p1a: Parasite|Dragon Darts|p2a: Arcanine
|-damage|p2a: Arcanine|51/100
|-anim|p1a: Parasite|Dragon Darts|p2a: Arcanine
|-damage|p2a: Arcanine|2/100
|move|p2a: Arcanine|Flare Blitz|p1a: Parasite
|-resisted|p1a: Parasite
|-damage|p1a: Parasite|58/100
|
|upkeep
|turn|8
|
|t:|1758377561
|move|p1a: Parasite|Dragon Darts|p2a: Arcanine
|-damage|p2a: Arcanine|0 fnt
|faint|p2a: Arcanine
|
|upkeep
|
|t:|1758377574
|switch|p2a: Malamar|Malamar, M|100/100
|turn|9
|
|t:|1758377600
|switch|p1a: Everytime We Touch|Samurott-Hisui, F|100/100
|move|p2a: Malamar|Knock Off|p1a: Everytime We Touch
|-resisted|p1a: Everytime We Touch
|-damage|p1a: Everytime We Touch|80/100
|-enditem|p1a: Everytime We Touch|Choice Scarf|[from] move: Knock Off|[of] p2a: Malamar
|
|upkeep
|turn|10
|
|t:|1758377608
|move|p1a: Everytime We Touch|Ceaseless Edge|p2a: Malamar
|-damage|p2a: Malamar|52/100
|-sidestart|p2: peiomo|Spikes
|move|p2a: Malamar|Superpower|p1a: Everytime We Touch
|-supereffective|p1a: Everytime We Touch
|-damage|p1a: Everytime We Touch|16/100
|-boost|p2a: Malamar|atk|1
|-boost|p2a: Malamar|def|1
|
|upkeep
|turn|11
|inactive|DarkJesusaliasMiku has 120 seconds left.
|
|t:|1758377635
|move|p1a: Everytime We Touch|Flip Turn|p2a: Malamar
|-damage|p2a: Malamar|32/100
|
|t:|1758377641
|switch|p1a: Hurikan|Zapdos|100/100|[from] Flip Turn
|move|p2a: Malamar|Rest|p2a: Malamar
|-status|p2a: Malamar|slp|[from] move: Rest
|-heal|p2a: Malamar|100/100 slp|[silent]
|-enditem|p2a: Malamar|Chesto Berry|[eat]
|-curestatus|p2a: Malamar|slp|[msg]
|
|upkeep
|turn|12
|inactive|DarkJesusaliasMiku has 120 seconds left.
|
|t:|1758377652
|move|p1a: Hurikan|U-turn|p2a: Malamar
|-supereffective|p2a: Malamar
|-damage|p2a: Malamar|64/100
|
|t:|1758377658
|switch|p1a: Everytime We Touch|Samurott-Hisui, F|16/100|[from] U-turn
|move|p2a: Malamar|Superpower|p1a: Everytime We Touch
|-supereffective|p1a: Everytime We Touch
|-damage|p1a: Everytime We Touch|0 fnt
|-boost|p2a: Malamar|atk|1
|-boost|p2a: Malamar|def|1
|faint|p1a: Everytime We Touch
|
|upkeep
|
|t:|1758377675
|switch|p1a: Mindreader|Iron Crown|100/100
|turn|13
|
|t:|1758377697
|-terastallize|p2a: Malamar|Stellar
|move|p1a: Mindreader|Focus Blast|p2a: Malamar
|-damage|p2a: Malamar|15/100
|move|p2a: Malamar|Knock Off|p1a: Mindreader
|-supereffective|p1a: Mindreader
|-damage|p1a: Mindreader|0 fnt
|-enditem|p1a: Mindreader|Choice Specs|[from] move: Knock Off|[of] p2a: Malamar
|faint|p1a: Mindreader
|-end|p1a: Mindreader|Quark Drive|[silent]
|
|upkeep
|
|t:|1758377712
|switch|p1a: Hurikan|Zapdos|100/100
|turn|14
|
|t:|1758377730
|move|p1a: Hurikan|Discharge|p2a: Malamar
|-damage|p2a: Malamar|0 fnt
|faint|p2a: Malamar
|
|upkeep
|
|t:|1758377736
|switch|p2a: Sandy Shocks|Sandy Shocks|100/100
|-damage|p2a: Sandy Shocks|88/100|[from] Spikes
|turn|15
|
|t:|1758377751
|switch|p1a: Revery|Iron Boulder|100/100
|-enditem|p1a: Revery|Booster Energy
|-activate|p1a: Revery|ability: Quark Drive|[fromitem]
|-start|p1a: Revery|quarkdrivespe
|move|p2a: Sandy Shocks|Power Gem|p1a: Revery
|-damage|p1a: Revery|72/100
|
|upkeep
|turn|16
|inactive|DarkJesusaliasMiku has 90 seconds left.
|
|t:|1758377773
|move|p1a: Revery|Mighty Cleave|p2a: Sandy Shocks
|-resisted|p2a: Sandy Shocks
|-damage|p2a: Sandy Shocks|64/100
|move|p2a: Sandy Shocks|Earth Power|p1a: Revery
|-supereffective|p1a: Revery
|-damage|p1a: Revery|0 fnt
|faint|p1a: Revery
|-end|p1a: Revery|Quark Drive|[silent]
|
|upkeep
|inactive|DarkJesusaliasMiku has 90 seconds left.
|
|t:|1758377796
|switch|p1a: Parasite|Dragapult, F|58/100
|turn|17
|
|t:|1758377806
|-terastallize|p1a: Parasite|Ghost
|move|p1a: Parasite|Tera Blast|p2a: Sandy Shocks|[anim] Tera Blast Ghost
|-damage|p2a: Sandy Shocks|0 fnt
|faint|p2a: Sandy Shocks
|-end|p2a: Sandy Shocks|Protosynthesis|[silent]
|
|upkeep
|
|t:|1758377811
|switch|p2a: Serperior|Serperior, F|100/100
|-damage|p2a: Serperior|88/100|[from] Spikes
|turn|18
|inactive|DarkJesusaliasMiku has 90 seconds left.
|
|t:|1758377816
|move|p1a: Parasite|Tera Blast|p2a: Serperior|[anim] Tera Blast Ghost
|-damage|p2a: Serperior|0 fnt
|faint|p2a: Serperior
|
|win|DarkJesusaliasMiku
|raw|DarkJesusaliasMiku's rating: 1123 &rarr; <strong>1146</strong><br />(+23 for winning)
|raw|peiomo's rating: 1095 &rarr; <strong>1073</strong><br />(-22 for losing)
