|j|☆astaprint
|j|☆FilipW
|t:|1758359191
|gametype|singles
|player|p1|astaprint|lance|1138
|player|p2|FilipW|swimmerf|1134
|gen|9
|tier|[Gen 9] OU
|rated|
|rule|HP Percentage Mod: HP is shown in percentages
|rule|Endless Battle Clause: Forcing endless battles is banned
|rule|Species Clause: Limit one of each Pokémon
|rule|OHKO Clause: OHKO moves are banned
|rule|Evasion Items Clause: Evasion items are banned
|rule|Evasion Moves Clause: Evasion moves are banned
|rule|Evasion Abilities Clause: Evasion abilities are banned
|rule|Sleep Moves Clause: Sleep-inducing moves are banned
|clearpoke
|poke|p1|Gliscor, M|
|poke|p1|Darkrai|
|poke|p1|Metagross|
|poke|p1|Heatran, M|
|poke|p1|Serperior, M|
|poke|p1|Clefable, F|
|poke|p2|Krookodile, M|
|poke|p2|Charizard, M|
|poke|p2|Haxorus, M|
|poke|p2|Florges, F|
|poke|p2|Metagross|
|poke|p2|Serperior, F|
|teampreview
|inactive|Battle timer is ON: inactive players will automatically lose when time's up. (requested by FilipW)
|
|t:|1758359214
|teamsize|p1|6
|teamsize|p2|6
|start
|switch|p1a: Heatran|Heatran, M|100/100
|switch|p2a: Krookodile|Krookodile, M|100/100
|-ability|p2a: Krookodile|Intimidate|boost
|-unboost|p1a: Heatran|atk|1
|turn|1
|
|t:|1758359222
|move|p2a: Krookodile|Earthquake|p1a: Heatran
|-supereffective|p1a: Heatran
|-damage|p1a: Heatran|0 fnt
|faint|p1a: Heatran
|
|upkeep
|
|t:|1758359236
|switch|p1a: Darkrai|Darkrai|100/100
|turn|2
|
|t:|1758359243
|move|p1a: Darkrai|Focus Blast|p2a: Krookodile
|-supereffective|p2a: Krookodile
|-damage|p2a: Krookodile|4/100
|-damage|p1a: Darkrai|91/100|[from] item: Life Orb
|move|p2a: Krookodile|Earthquake|p1a: Darkrai
|-damage|p1a: Darkrai|24/100
|
|upkeep
|turn|3
|
|t:|1758359252
|move|p1a: Darkrai|Dark Pulse|p2a: Krookodile
|-resisted|p2a: Krookodile
|-damage|p2a: Krookodile|0 fnt
|faint|p2a: Krookodile
|-damage|p1a: Darkrai|14/100|[from] item: Life Orb
|
|upkeep
|
|t:|1758359266
|switch|p2a: Metagross|Metagross, shiny|100/100
|turn|4
|
|t:|1758359270
|move|p2a: Metagross|Bullet Punch|p1a: Darkrai
|-damage|p1a: Darkrai|0 fnt
|faint|p1a: Darkrai
|
|upkeep
|
|t:|1758359275
|switch|p1a: Gliscor|Gliscor, M|100/100
|turn|5
|
|t:|1758359286
|-terastallize|p2a: Metagross|Water
|move|p1a: Gliscor|Protect|p1a: Gliscor
|-singleturn|p1a: Gliscor|Protect
|move|p2a: Metagross|Ice Punch|p1a: Gliscor
|-activate|p1a: Gliscor|move: Protect
|
|-status|p1a: Gliscor|tox|[from] item: Toxic Orb
|upkeep
|turn|6
|
|t:|1758359296
|switch|p1a: Clefable|Clefable, F|100/100
|move|p2a: Metagross|Ice Punch|p1a: Clefable
|-damage|p1a: Clefable|79/100
|
|-heal|p1a: Clefable|85/100|[from] item: Leftovers
|upkeep
|turn|7
|
|t:|1758359305
|move|p2a: Metagross|Meteor Mash|p1a: Clefable
|-supereffective|p1a: Clefable
|-damage|p1a: Clefable|0 fnt
|faint|p1a: Clefable
|
|upkeep
|
|t:|1758359309
|switch|p1a: Serperior|Serperior, M|100/100
|turn|8
|
|t:|1758359313
|switch|p2a: Serperior|Serperior, F|100/100
|move|p1a: Serperior|Leaf Storm|p2a: Serperior
|-resisted|p2a: Serperior
|-damage|p2a: Serperior|75/100
|-boost|p1a: Serperior|spa|2
|
|-heal|p2a: Serperior|81/100|[from] item: Leftovers
|upkeep
|turn|9
|
|t:|1758359324
|move|p1a: Serperior|Leaf Storm|p2a: Serperior
|-resisted|p2a: Serperior
|-damage|p2a: Serperior|37/100
|-boost|p1a: Serperior|spa|2
|move|p2a: Serperior|Leaf Storm|p1a: Serperior
|-resisted|p1a: Serperior
|-damage|p1a: Serperior|80/100
|-boost|p2a: Serperior|spa|2
|
|-heal|p2a: Serperior|43/100|[from] item: Leftovers
|upkeep
|turn|10
|
|t:|1758359335
|move|p1a: Serperior|Leaf Storm|p2a: Serperior|[miss]
|-miss|p1a: Serperior|p2a: Serperior
|move|p2a: Serperior|Leaf Storm|p1a: Serperior
|-resisted|p1a: Serperior
|-damage|p1a: Serperior|36/100
|-boost|p2a: Serperior|spa|2
|
|-heal|p2a: Serperior|50/100|[from] item: Leftovers
|upkeep
|turn|11
|
|t:|1758359345
|move|p1a: Serperior|Leaf Storm|p2a: Serperior
|-resisted|p2a: Serperior
|-damage|p2a: Serperior|0 fnt
|-boost|p1a: Serperior|spa|2
|faint|p2a: Serperior
|
|upkeep
|
|t:|1758359357
|switch|p2a: Charizard|Charizard, M, shiny|100/100
|turn|12
|
|t:|1758359361
|move|p1a: Serperior|Leaf Storm|p2a: Charizard
|-resisted|p2a: Charizard
|-damage|p2a: Charizard|35/100
|move|p2a: Charizard|Flamethrower|p1a: Serperior
|-supereffective|p1a: Serperior
|-damage|p1a: Serperior|0 fnt
|faint|p1a: Serperior
|
|upkeep
|
|t:|1758359369
|switch|p1a: Gliscor|Gliscor, M|100/100 tox
|turn|13
|
|t:|1758359385
|move|p2a: Charizard|Flamethrower|p1a: Gliscor
|-damage|p1a: Gliscor|60/100 tox
|move|p1a: Gliscor|Swords Dance|p1a: Gliscor
|-boost|p1a: Gliscor|atk|2
|
|-heal|p1a: Gliscor|73/100 tox|[from] ability: Poison Heal
|upkeep
|turn|14
|
|t:|1758359394
|move|p1a: Gliscor|Protect|p1a: Gliscor
|-singleturn|p1a: Gliscor|Protect
|move|p2a: Charizard|Flamethrower|p1a: Gliscor
|-activate|p1a: Gliscor|move: Protect
|
|-heal|p1a: Gliscor|85/100 tox|[from] ability: Poison Heal
|upkeep
|turn|15
|
|t:|1758359403
|switch|p2a: Metagross|Metagross, shiny, tera:Water|100/100
|move|p1a: Gliscor|Swords Dance|p1a: Gliscor
|-boost|p1a: Gliscor|atk|2
|-enditem|p2a: Metagross|Mirror Herb
|-boost|p2a: Metagross|atk|2|[from] item: Mirror Herb
|
|-heal|p1a: Gliscor|98/100 tox|[from] ability: Poison Heal
|upkeep
|turn|16
|
|t:|1758359413
|-terastallize|p1a: Gliscor|Ice
|move|p1a: Gliscor|Earthquake|p2a: Metagross
|-damage|p2a: Metagross|23/100
|move|p2a: Metagross|Ice Punch|p1a: Gliscor
|-resisted|p1a: Gliscor
|-damage|p1a: Gliscor|75/100 tox
|
|-heal|p1a: Gliscor|87/100 tox|[from] ability: Poison Heal
|upkeep
|turn|17
|
|t:|1758359424
|move|p2a: Metagross|Bullet Punch|p1a: Gliscor
|-supereffective|p1a: Gliscor
|-damage|p1a: Gliscor|9/100 tox
|move|p1a: Gliscor|Earthquake|p2a: Metagross
|-damage|p2a: Metagross|0 fnt
|faint|p2a: Metagross
|
|-heal|p1a: Gliscor|21/100 tox|[from] ability: Poison Heal
|upkeep
|
|t:|1758359436
|switch|p2a: Charizard|Charizard, M, shiny|35/100
|turn|18
|
|t:|1758359441
|move|p1a: Gliscor|Protect|p1a: Gliscor
|-singleturn|p1a: Gliscor|Protect
|move|p2a: Charizard|Flamethrower|p1a: Gliscor
|-activate|p1a: Gliscor|move: Protect
|
|-heal|p1a: Gliscor|34/100 tox|[from] ability: Poison Heal
|upkeep
|turn|19
|
|t:|1758359452
|move|p2a: Charizard|Flamethrower|p1a: Gliscor
|-supereffective|p1a: Gliscor
|-damage|p1a: Gliscor|0 fnt
|faint|p1a: Gliscor
|
|upkeep
|
|t:|1758359456
|switch|p1a: Metagross|Metagross|100/100
|turn|20
|
|t:|1758359461
|move|p1a: Metagross|Bullet Punch|p2a: Charizard
|-resisted|p2a: Charizard
|-damage|p2a: Charizard|18/100
|move|p2a: Charizard|Will-O-Wisp|p1a: Metagross
|-status|p1a: Metagross|brn
|
|-damage|p1a: Metagross|95/100 brn|[from] brn
|upkeep
|turn|21
|
|t:|1758359471
|move|p2a: Charizard|Flamethrower|p1a: Metagross
|-supereffective|p1a: Metagross
|-damage|p1a: Metagross|0 fnt
|faint|p1a: Metagross
|
|win|FilipW
|raw|astaprint's rating: 1138 &rarr; <strong>1113</strong><br />(-25 for losing)
|raw|FilipW's rating: 1134 &rarr; <strong>1159</strong><br />(+25 for winning)
|l|☆astaprint
|player|p1|
|c|☆FilipW|Ggs
|l|☆FilipW
|player|p2|
