|j|☆BigJulius
|j|☆teubinrv
|t:|1758360113
|gametype|singles
|player|p1|BigJulius|1|1326
|player|p2|teubinrv|benga|1349
|gen|9
|tier|[Gen 9] OU
|rated|
|rule|HP Percentage Mod: HP is shown in percentages
|rule|Endless Battle Clause: Forcing endless battles is banned
|rule|Species Clause: Limit one of each Pokémon
|rule|OHKO Clause: OHKO moves are banned
|rule|Evasion Items Clause: Evasion items are banned
|rule|Evasion Moves Clause: Evasion moves are banned
|rule|Evasion Abilities Clause: Evasion abilities are banned
|rule|Sleep Moves Clause: Sleep-inducing moves are banned
|clearpoke
|poke|p1|Landorus-Therian, M|
|poke|p1|Skeledirge, M|
|poke|p1|Ninetales-Alola, M|
|poke|p1|Kingambit, M|
|poke|p1|Beartic, M|
|poke|p1|Tentacruel, F|
|poke|p2|Iron Moth|
|poke|p2|Kingambit, F|
|poke|p2|Tinkaton, F|
|poke|p2|Samurott-Hisui, F|
|poke|p2|Zapdos|
|poke|p2|Great Tusk|
|teampreview
|inactive|Battle timer is ON: inactive players will automatically lose when time's up. (requested by teubinrv)
|inactive|BigJulius also wants the timer to be on.
|
|t:|1758360125
|teamsize|p1|6
|teamsize|p2|6
|start
|switch|p1a: Landorus|Landorus-Therian, M|100/100
|switch|p2a: Tinkaton|Tinkaton, F|100/100
|-ability|p1a: Landorus|Intimidate|boost
|-unboost|p2a: Tinkaton|atk|1
|-item|p2a: Tinkaton|Air Balloon
|turn|1
|
|t:|1758360128
|move|p1a: Landorus|U-turn|p2a: Tinkaton
|-resisted|p2a: Tinkaton
|-damage|p2a: Tinkaton|93/100
|-enditem|p2a: Tinkaton|Air Balloon
|-enditem|p1a: Landorus|Choice Scarf|[silent]|[from] ability: Pickpocket|[of] p1a: Landorus
|-item|p2a: Tinkaton|Choice Scarf|[from] ability: Pickpocket|[of] p1a: Landorus
|
|t:|1758360137
|switch|p1a: Skeledirge|Skeledirge, M|100/100|[from] U-turn
|move|p2a: Tinkaton|Stealth Rock|p1a: Skeledirge
|-sidestart|p1: BigJulius|move: Stealth Rock
|
|upkeep
|turn|2
|
|t:|1758360146
|switch|p2a: Samurott|Samurott-Hisui, F|100/100
|move|p1a: Skeledirge|Torch Song|p2a: Samurott
|-resisted|p2a: Samurott
|-damage|p2a: Samurott|76/100
|-boost|p1a: Skeledirge|spa|1
|
|upkeep
|turn|3
|
|t:|1758360160
|-terastallize|p1a: Skeledirge|Grass
|move|p2a: Samurott|Aqua Cutter|p1a: Skeledirge
|-resisted|p1a: Skeledirge
|-damage|p1a: Skeledirge|85/100
|move|p1a: Skeledirge|Will-O-Wisp|p2a: Samurott
|-status|p2a: Samurott|brn
|
|-damage|p2a: Samurott|70/100 brn|[from] brn
|upkeep
|turn|4
|
|t:|1758360167
|switch|p2a: Tinkaton|Tinkaton, F|93/100
|move|p1a: Skeledirge|Torch Song|p2a: Tinkaton
|-supereffective|p2a: Tinkaton
|-crit|p2a: Tinkaton
|-damage|p2a: Tinkaton|0 fnt
|-boost|p1a: Skeledirge|spa|1
|faint|p2a: Tinkaton
|
|upkeep
|
|t:|1758360171
|switch|p2a: Zapdos|Zapdos|100/100
|turn|5
|
|t:|1758360180
|switch|p1a: Landorus|Landorus-Therian, M|100/100
|-damage|p1a: Landorus|88/100|[from] Stealth Rock
|-ability|p1a: Landorus|Intimidate|boost
|-unboost|p2a: Zapdos|atk|1
|move|p2a: Zapdos|Hurricane|p1a: Landorus
|-damage|p1a: Landorus|26/100
|
|upkeep
|turn|6
|
|t:|1758360185
|move|p2a: Zapdos|Hurricane|p1a: Landorus|[miss]
|-miss|p2a: Zapdos|p1a: Landorus
|move|p1a: Landorus|Rock Slide|p2a: Zapdos
|-supereffective|p2a: Zapdos
|-crit|p2a: Zapdos
|-damage|p2a: Zapdos|0 fnt
|faint|p2a: Zapdos
|
|upkeep
|
|t:|1758360189
|switch|p2a: Great Tusk|Great Tusk|100/100
|turn|7
|
|t:|1758360205
|move|p2a: Great Tusk|Ice Spinner|p1a: Landorus
|-supereffective|p1a: Landorus
|-damage|p1a: Landorus|0 fnt
|faint|p1a: Landorus
|
|upkeep
|
|t:|1758360207
|switch|p1a: Ninetales|Ninetales-Alola, M|100/100
|-damage|p1a: Ninetales|76/100|[from] Stealth Rock
|-weather|Snowscape|[from] ability: Snow Warning|[of] p1a: Ninetales
|turn|8
|
|t:|1758360212
|move|p1a: Ninetales|Aurora Veil|p1a: Ninetales
|-sidestart|p1: BigJulius|move: Aurora Veil
|move|p2a: Great Tusk|Close Combat|p1a: Ninetales
|-damage|p1a: Ninetales|55/100
|-unboost|p2a: Great Tusk|def|1
|-unboost|p2a: Great Tusk|spd|1
|
|-weather|Snowscape|[upkeep]
|upkeep
|turn|9
|
|t:|1758360217
|move|p1a: Ninetales|Nasty Plot|p1a: Ninetales
|-boost|p1a: Ninetales|spa|2
|move|p2a: Great Tusk|Headlong Rush|p1a: Ninetales
|-damage|p1a: Ninetales|36/100
|-unboost|p2a: Great Tusk|def|1
|-unboost|p2a: Great Tusk|spd|1
|
|-weather|Snowscape|[upkeep]
|upkeep
|turn|10
|
|t:|1758360222
|move|p1a: Ninetales|Moonblast|p2a: Great Tusk
|-supereffective|p2a: Great Tusk
|-damage|p2a: Great Tusk|0 fnt
|faint|p2a: Great Tusk
|-end|p2a: Great Tusk|Protosynthesis|[silent]
|
|-weather|Snowscape|[upkeep]
|upkeep
|
|t:|1758360224
|switch|p2a: Samurott|Samurott-Hisui, F|70/100 brn
|turn|11
|
|t:|1758360228
|move|p2a: Samurott|Sacred Sword|p1a: Ninetales
|-damage|p1a: Ninetales|28/100
|move|p1a: Ninetales|Freeze-Dry|p2a: Samurott
|-supereffective|p2a: Samurott
|-damage|p2a: Samurott|0 fnt
|faint|p2a: Samurott
|
|-weather|Snowscape|[upkeep]
|upkeep
|
|t:|1758360236
|switch|p2a: Iron Moth|Iron Moth|100/100
|-enditem|p2a: Iron Moth|Booster Energy
|-activate|p2a: Iron Moth|ability: Quark Drive|[fromitem]
|-start|p2a: Iron Moth|quarkdrivespa
|turn|12
|
|t:|1758360241
|move|p2a: Iron Moth|Fiery Dance|p1a: Ninetales
|-supereffective|p1a: Ninetales
|-damage|p1a: Ninetales|0 fnt
|faint|p1a: Ninetales
|
|-weather|none
|upkeep
|
|t:|1758360248
|switch|p1a: Tentacruel|Tentacruel, F|100/100
|turn|13
|
|t:|1758360265
|move|p2a: Iron Moth|Sludge Wave|p1a: Tentacruel
|-resisted|p1a: Tentacruel
|-damage|p1a: Tentacruel|90/100
|move|p1a: Tentacruel|Rapid Spin|p2a: Iron Moth
|-damage|p2a: Iron Moth|87/100
|-boost|p1a: Tentacruel|spe|1
|-sideend|p1: BigJulius|Stealth Rock|[from] move: Rapid Spin|[of] p1a: Tentacruel
|
|upkeep
|turn|14
|
|t:|1758360273
|move|p1a: Tentacruel|Aqua Ring|p1a: Tentacruel
|-start|p1a: Tentacruel|Aqua Ring
|move|p2a: Iron Moth|Sludge Wave|p1a: Tentacruel
|-resisted|p1a: Tentacruel
|-damage|p1a: Tentacruel|79/100
|
|-heal|p1a: Tentacruel|85/100|[from] Aqua Ring
|upkeep
|turn|15
|
|t:|1758360276
|move|p1a: Tentacruel|Toxic Spikes|p2a: Iron Moth
|-sidestart|p2: teubinrv|move: Toxic Spikes
|move|p2a: Iron Moth|Sludge Wave|p1a: Tentacruel
|-resisted|p1a: Tentacruel
|-damage|p1a: Tentacruel|74/100
|
|-heal|p1a: Tentacruel|80/100|[from] Aqua Ring
|-sideend|p1: BigJulius|move: Aurora Veil
|upkeep
|turn|16
|
|t:|1758360282
|move|p1a: Tentacruel|Rapid Spin|p2a: Iron Moth
|-damage|p2a: Iron Moth|75/100
|-boost|p1a: Tentacruel|spe|1
|move|p2a: Iron Moth|Sludge Wave|p1a: Tentacruel
|-resisted|p1a: Tentacruel
|-damage|p1a: Tentacruel|58/100
|
|-heal|p1a: Tentacruel|64/100|[from] Aqua Ring
|upkeep
|turn|17
|
|t:|1758360287
|move|p1a: Tentacruel|Sludge Bomb|p2a: Iron Moth
|-resisted|p2a: Iron Moth
|-damage|p2a: Iron Moth|59/100
|move|p2a: Iron Moth|Sludge Wave|p1a: Tentacruel
|-resisted|p1a: Tentacruel
|-damage|p1a: Tentacruel|41/100
|
|-heal|p1a: Tentacruel|48/100|[from] Aqua Ring
|upkeep
|turn|18
|
|t:|1758360293
|move|p1a: Tentacruel|Rapid Spin|p2a: Iron Moth
|-damage|p2a: Iron Moth|46/100
|-boost|p1a: Tentacruel|spe|1
|move|p2a: Iron Moth|Fiery Dance|p1a: Tentacruel
|-resisted|p1a: Tentacruel
|-damage|p1a: Tentacruel|31/100
|-boost|p2a: Iron Moth|spa|1
|
|-heal|p1a: Tentacruel|37/100|[from] Aqua Ring
|upkeep
|turn|19
|
|t:|1758360306
|move|p1a: Tentacruel|Rapid Spin|p2a: Iron Moth
|-damage|p2a: Iron Moth|33/100
|-boost|p1a: Tentacruel|spe|1
|move|p2a: Iron Moth|Sludge Wave|p1a: Tentacruel
|-resisted|p1a: Tentacruel
|-damage|p1a: Tentacruel|3/100
|
|-heal|p1a: Tentacruel|9/100|[from] Aqua Ring
|upkeep
|turn|20
|
|t:|1758360314
|move|p1a: Tentacruel|Rapid Spin|p2a: Iron Moth
|-damage|p2a: Iron Moth|19/100
|-boost|p1a: Tentacruel|spe|1
|move|p2a: Iron Moth|Fiery Dance|p1a: Tentacruel
|-resisted|p1a: Tentacruel
|-damage|p1a: Tentacruel|0 fnt
|faint|p1a: Tentacruel
|
|upkeep
|
|t:|1758360321
|switch|p1a: Kingambit|Kingambit, M|100/100
|-activate|p1a: Kingambit|ability: Supreme Overlord
|-start|p1a: Kingambit|fallen3|[silent]
|-item|p1a: Kingambit|Air Balloon
|turn|21
|
|t:|1758360325
|move|p1a: Kingambit|Sucker Punch||[still]
|-fail|p1a: Kingambit
|move|p2a: Iron Moth|Agility|p2a: Iron Moth
|-boost|p2a: Iron Moth|spe|2
|
|upkeep
|turn|22
|
|t:|1758360332
|move|p1a: Kingambit|Sucker Punch||[still]
|-fail|p1a: Kingambit
|move|p2a: Iron Moth|Agility|p2a: Iron Moth
|-boost|p2a: Iron Moth|spe|2
|
|upkeep
|turn|23
|
|t:|1758360339
|move|p1a: Kingambit|Sucker Punch|p2a: Iron Moth
|-damage|p2a: Iron Moth|0 fnt
|faint|p2a: Iron Moth
|-end|p2a: Iron Moth|Quark Drive|[silent]
|
|upkeep
|
|t:|1758360341
|switch|p2a: Kingambit|Kingambit, F|100/100
|-activate|p2a: Kingambit|ability: Supreme Overlord
|-start|p2a: Kingambit|fallen5|[silent]
|turn|24
|
|t:|1758360347
|-terastallize|p2a: Kingambit|Fairy
|move|p2a: Kingambit|Low Kick|p1a: Kingambit
|-supereffective|p1a: Kingambit
|-damage|p1a: Kingambit|0 fnt
|-enditem|p1a: Kingambit|Air Balloon
|faint|p1a: Kingambit
|-end|p1a: Kingambit|fallen3|[silent]
|
|upkeep
|
|t:|1758360352
|switch|p1a: Skeledirge|Skeledirge, M, tera:Grass|85/100
|turn|25
|
|t:|1758360354
|move|p2a: Kingambit|Swords Dance|p2a: Kingambit
|-boost|p2a: Kingambit|atk|2
|move|p1a: Skeledirge|Will-O-Wisp|p2a: Kingambit
|-status|p2a: Kingambit|brn
|
|-damage|p2a: Kingambit|94/100 brn|[from] brn
|upkeep
|turn|26
|
|t:|1758360361
|move|p2a: Kingambit|Swords Dance|p2a: Kingambit
|-boost|p2a: Kingambit|atk|2
|move|p1a: Skeledirge|Torch Song|p2a: Kingambit
|-damage|p2a: Kingambit|59/100 brn
|-boost|p1a: Skeledirge|spa|1
|
|-heal|p2a: Kingambit|65/100 brn|[from] item: Leftovers
|-damage|p2a: Kingambit|59/100 brn|[from] brn
|upkeep
|turn|27
|c|☆BigJulius|I'm unaware bro
|
|t:|1758360374
|move|p2a: Kingambit|Kowtow Cleave|p1a: Skeledirge
|-damage|p1a: Skeledirge|61/100
|-damage|p2a: Kingambit|42/100 brn|[from] item: Rocky Helmet|[of] p1a: Skeledirge
|move|p1a: Skeledirge|Torch Song|p2a: Kingambit
|-damage|p2a: Kingambit|0 fnt
|-boost|p1a: Skeledirge|spa|1
|faint|p2a: Kingambit
|-end|p2a: Kingambit|fallen5|[silent]
|
|win|BigJulius
|raw|BigJulius's rating: 1326 &rarr; <strong>1347</strong><br />(+21 for winning)
|raw|teubinrv's rating: 1349 &rarr; <strong>1328</strong><br />(-21 for losing)
|c|☆teubinrv|oh mb
|c|☆teubinrv|gg
|c|☆BigJulius|gg
|l|☆BigJulius
|player|p1|
|l|☆teubinrv
|player|p2|
