|j|☆kabutopzboy
|j|☆Douglas_Evora
|t:|1758263773
|gametype|singles
|player|p1|kabutopzboy|volkner|1209
|player|p2|Douglas_Evora|benga|1285
|gen|9
|tier|[Gen 9] OU
|rated|
|rule|HP Percentage Mod: HP is shown in percentages
|rule|Endless Battle Clause: Forcing endless battles is banned
|rule|Species Clause: Limit one of each Pokémon
|rule|OHKO Clause: OHKO moves are banned
|rule|Evasion Items Clause: Evasion items are banned
|rule|Evasion Moves Clause: Evasion moves are banned
|rule|Evasion Abilities Clause: Evasion abilities are banned
|rule|Sleep Moves Clause: Sleep-inducing moves are banned
|clearpoke
|poke|p1|Dragapult, F|
|poke|p1|Dragonite, F|
|poke|p1|Jolteon, F|
|poke|p1|Zapdos|
|poke|p1|Excadrill, M|
|poke|p1|Torterra, M|
|poke|p2|Jolteon, M|
|poke|p2|Slowking-Galar, M|
|poke|p2|Great Tusk|
|poke|p2|Moltres|
|poke|p2|Kingambit, M|
|poke|p2|Hydrapple, M|
|teampreview
|
|t:|1758263794
|teamsize|p1|6
|teamsize|p2|6
|start
|switch|p1a: Dragapult|Dragapult, F|100/100
|switch|p2a: Jolteon|Jolteon, M|100/100
|turn|1
|
|t:|1758263802
|switch|p1a: Jolteon|Jolteon, F|100/100
|-terastallize|p2a: Jolteon|Fairy
|move|p2a: Jolteon|Tera Blast|p1a: Jolteon|[anim] Tera Blast Fairy
|-damage|p1a: Jolteon|49/100
|
|upkeep
|turn|2
|
|t:|1758263810
|switch|p1a: Excadrill|Excadrill, M|100/100
|-item|p1a: Excadrill|Air Balloon
|move|p2a: Jolteon|Tera Blast|p1a: Excadrill|[anim] Tera Blast Fairy
|-resisted|p1a: Excadrill
|-damage|p1a: Excadrill|83/100
|-enditem|p1a: Excadrill|Air Balloon
|
|upkeep
|turn|3
|
|t:|1758263824
|switch|p2a: Moltres|Moltres|100/100
|move|p1a: Excadrill|Earthquake|p2a: Moltres
|-immune|p2a: Moltres
|
|upkeep
|turn|4
|
|t:|1758263832
|switch|p1a: Jolteon|Jolteon, F|49/100
|move|p2a: Moltres|Will-O-Wisp|p1a: Jolteon|[miss]
|-miss|p2a: Moltres|p1a: Jolteon
|
|upkeep
|turn|5
|
|t:|1758263838
|switch|p2a: Jolteon|Jolteon, M, tera:Fairy|100/100
|move|p1a: Jolteon|Calm Mind|p1a: Jolteon
|-boost|p1a: Jolteon|spa|1
|-boost|p1a: Jolteon|spd|1
|
|upkeep
|turn|6
|
|t:|1758263845
|move|p2a: Jolteon|Tera Blast|p1a: Jolteon|[anim] Tera Blast Fairy
|-damage|p1a: Jolteon|13/100
|move|p1a: Jolteon|Alluring Voice|p2a: Jolteon
|-damage|p2a: Jolteon|43/100
|
|upkeep
|turn|7
|
|t:|1758263854
|switch|p1a: Excadrill|Excadrill, M|83/100
|move|p2a: Jolteon|Tera Blast|p1a: Excadrill|[anim] Tera Blast Fairy
|-resisted|p1a: Excadrill
|-damage|p1a: Excadrill|65/100
|
|upkeep
|turn|8
|
|t:|1758263861
|switch|p2a: Moltres|Moltres|100/100
|switch|p1a: Torterra|Torterra, M|100/100
|
|upkeep
|turn|9
|
|t:|1758263876
|switch|p2a: Hydrapple|Hydrapple, M|100/100
|-terastallize|p1a: Torterra|Fire
|move|p1a: Torterra|Shell Smash|p1a: Torterra
|-unboost|p1a: Torterra|def|1
|-unboost|p1a: Torterra|spd|1
|-boost|p1a: Torterra|atk|2
|-boost|p1a: Torterra|spa|2
|-boost|p1a: Torterra|spe|2
|
|upkeep
|turn|10
|inactive|Battle timer is ON: inactive players will automatically lose when time's up. (requested by Douglas_Evora)
|c|☆kabutopzboy|i forgot to give it its healing herb
|c|☆kabutopzboy|lol
|
|t:|1758263911
|move|p1a: Torterra|Tera Blast|p2a: Hydrapple|[anim] Tera Blast Fire
|-damage|p2a: Hydrapple|58/100
|move|p2a: Hydrapple|Earth Power|p1a: Torterra
|-supereffective|p1a: Torterra
|-damage|p1a: Torterra|14/100
|
|upkeep
|turn|11
|
|t:|1758263923
|move|p1a: Torterra|Tera Blast|p2a: Hydrapple|[anim] Tera Blast Fire
|-damage|p2a: Hydrapple|15/100
|move|p2a: Hydrapple|Fickle Beam|p1a: Torterra
|-damage|p1a: Torterra|0 fnt
|faint|p1a: Torterra
|
|upkeep
|
|t:|1758263937
|switch|p1a: Dragonite|Dragonite, F|100/100
|turn|12
|
|t:|1758263943
|switch|p2a: Moltres|Moltres|100/100
|move|p1a: Dragonite|Ice Spinner|p2a: Moltres
|-damage|p2a: Moltres|79/100
|
|upkeep
|turn|13
|
|t:|1758263953
|switch|p1a: Zapdos|Zapdos|100/100
|move|p2a: Moltres|Will-O-Wisp|p1a: Zapdos|[miss]
|-miss|p2a: Moltres|p1a: Zapdos
|
|upkeep
|turn|14
|
|t:|1758263961
|switch|p2a: Jolteon|Jolteon, M, tera:Fairy|43/100
|move|p1a: Zapdos|Rain Dance|p1a: Zapdos
|-weather|RainDance
|
|-weather|RainDance|[upkeep]
|upkeep
|turn|15
|
|t:|1758263973
|move|p2a: Jolteon|Volt Switch|p1a: Zapdos
|-damage|p1a: Zapdos|62/100
|
|t:|1758263987
|switch|p2a: Slowking|Slowking-Galar, M|100/100|[from] Volt Switch
|move|p1a: Zapdos|Weather Ball|p2a: Slowking
|-damage|p2a: Slowking|79/100
|
|-weather|RainDance|[upkeep]
|upkeep
|turn|16
|
|t:|1758264003
|move|p1a: Zapdos|Thunder|p2a: Slowking
|-damage|p2a: Slowking|54/100
|-status|p2a: Slowking|par
|move|p2a: Slowking|Ice Beam|p1a: Zapdos
|-supereffective|p1a: Zapdos
|-damage|p1a: Zapdos|2/100
|
|-weather|RainDance|[upkeep]
|upkeep
|turn|17
|
|t:|1758264014
|move|p1a: Zapdos|Hurricane|p2a: Slowking
|-crit|p2a: Slowking
|-damage|p2a: Slowking|16/100 par
|move|p2a: Slowking|Ice Beam|p1a: Zapdos
|-supereffective|p1a: Zapdos
|-damage|p1a: Zapdos|0 fnt
|faint|p1a: Zapdos
|
|-weather|RainDance|[upkeep]
|upkeep
|
|t:|1758264023
|switch|p1a: Excadrill|Excadrill, M|65/100
|turn|18
|
|t:|1758264030
|move|p1a: Excadrill|Swords Dance|p1a: Excadrill
|-boost|p1a: Excadrill|atk|2
|move|p2a: Slowking|Flamethrower|p1a: Excadrill
|-supereffective|p1a: Excadrill
|-damage|p1a: Excadrill|39/100
|
|-weather|RainDance|[upkeep]
|upkeep
|turn|19
|
|t:|1758264041
|move|p1a: Excadrill|Rapid Spin|p2a: Slowking
|-damage|p2a: Slowking|0 fnt
|-boost|p1a: Excadrill|spe|1
|faint|p2a: Slowking
|
|-weather|RainDance|[upkeep]
|upkeep
|
|t:|1758264046
|switch|p2a: Moltres|Moltres|79/100
|turn|20
|
|t:|1758264051
|move|p1a: Excadrill|Iron Head|p2a: Moltres
|-resisted|p2a: Moltres
|-damage|p2a: Moltres|49/100
|move|p2a: Moltres|Flamethrower|p1a: Excadrill
|-supereffective|p1a: Excadrill
|-damage|p1a: Excadrill|2/100
|
|-weather|RainDance|[upkeep]
|upkeep
|turn|21
|
|t:|1758264060
|move|p1a: Excadrill|Swords Dance|p1a: Excadrill
|-boost|p1a: Excadrill|atk|2
|move|p2a: Moltres|Roost|p2a: Moltres
|-heal|p2a: Moltres|99/100
|-singleturn|p2a: Moltres|move: Roost
|
|-weather|none
|upkeep
|turn|22
|
|t:|1758264072
|switch|p2a: Great Tusk|Great Tusk|100/100
|move|p1a: Excadrill|Iron Head|p2a: Great Tusk
|-damage|p2a: Great Tusk|51/100
|-damage|p1a: Excadrill|0 fnt|[from] item: Rocky Helmet|[of] p2a: Great Tusk
|faint|p1a: Excadrill
|
|upkeep
|
|t:|1758264079
|switch|p1a: Jolteon|Jolteon, F|13/100
|turn|23
|
|t:|1758264091
|move|p1a: Jolteon|Alluring Voice|p2a: Great Tusk
|-supereffective|p2a: Great Tusk
|-damage|p2a: Great Tusk|0 fnt
|faint|p2a: Great Tusk
|-end|p2a: Great Tusk|Protosynthesis|[silent]
|
|upkeep
|
|t:|1758264098
|switch|p2a: Jolteon|Jolteon, M, tera:Fairy|43/100
|turn|24
|
|t:|1758264104
|move|p2a: Jolteon|Tera Blast|p1a: Jolteon|[anim] Tera Blast Fairy
|-damage|p1a: Jolteon|0 fnt
|faint|p1a: Jolteon
|
|upkeep
|
|t:|1758264109
|switch|p1a: Dragonite|Dragonite, F|100/100
|turn|25
|
|t:|1758264113
|move|p2a: Jolteon|Tera Blast|p1a: Dragonite|[anim] Tera Blast Fairy
|-supereffective|p1a: Dragonite
|-crit|p1a: Dragonite
|-damage|p1a: Dragonite|43/100
|move|p1a: Dragonite|Dragon Dance|p1a: Dragonite
|-boost|p1a: Dragonite|atk|1
|-boost|p1a: Dragonite|spe|1
|
|upkeep
|turn|26
|
|t:|1758264127
|move|p1a: Dragonite|Ice Spinner|p2a: Jolteon
|-damage|p2a: Jolteon|0 fnt
|faint|p2a: Jolteon
|
|upkeep
|
|t:|1758264134
|switch|p2a: Moltres|Moltres|99/100
|turn|27
|
|t:|1758264139
|move|p1a: Dragonite|Dragon Dance|p1a: Dragonite
|-boost|p1a: Dragonite|atk|1
|-boost|p1a: Dragonite|spe|1
|move|p2a: Moltres|Will-O-Wisp|p1a: Dragonite
|-status|p1a: Dragonite|brn
|-enditem|p1a: Dragonite|Lum Berry|[eat]
|-curestatus|p1a: Dragonite|brn|[msg]
|
|upkeep
|turn|28
|inactive|Douglas_Evora has 120 seconds left.
|l|☆Douglas_Evora
|inactive|Douglas_Evora disconnected and has a minute to reconnect!
|player|p2|
|inactive|Douglas_Evora has 30 seconds to reconnect!
|inactive|Douglas_Evora has 20 seconds to reconnect!
|inactive|Douglas_Evora has 15 seconds to reconnect!
|inactive|Douglas_Evora has 10 seconds to reconnect!
|inactive|Douglas_Evora has 5 seconds to reconnect!
|-message|Douglas_Evora lost due to inactivity.
|
|win|kabutopzboy
|raw|kabutopzboy's rating: 1209 &rarr; <strong>1239</strong><br />(+30 for winning)
|raw|Douglas_Evora's rating: 1285 &rarr; <strong>1255</strong><br />(-30 for losing)
