|j|☆3ndgam3
|j|☆Gdvhthfgh
|t:|1758295382
|gametype|singles
|player|p1|3ndgam3|ninjaboy|1087
|player|p2|Gdvhthfgh|1|1128
|gen|9
|tier|[Gen 9] OU
|rated|
|rule|HP Percentage Mod: HP is shown in percentages
|rule|Endless Battle Clause: Forcing endless battles is banned
|rule|Species Clause: Limit one of each Pokémon
|rule|OHKO Clause: OHKO moves are banned
|rule|Evasion Items Clause: Evasion items are banned
|rule|Evasion Moves Clause: Evasion moves are banned
|rule|Evasion Abilities Clause: Evasion abilities are banned
|rule|Sleep Moves Clause: Sleep-inducing moves are banned
|clearpoke
|poke|p1|Iron Valiant|
|poke|p1|Dragapult, M|
|poke|p1|Glimmora, M|
|poke|p1|Ogerpon-Wellspring, F|
|poke|p1|Landorus-Therian, M|
|poke|p1|Kingambit, M|
|poke|p2|Blissey, F|
|poke|p2|Garganacl, F|
|poke|p2|Clefable, F|
|poke|p2|Snorlax, M|
|poke|p2|Ogerpon-Wellspring, F|
|poke|p2|Gliscor, M|
|teampreview
|
|t:|1758295400
|teamsize|p1|6
|teamsize|p2|6
|start
|switch|p1a: Ogerpon|Ogerpon-Wellspring, F|100/100
|switch|p2a: Garganacl|Garganacl, F, shiny|100/100
|turn|1
|
|t:|1758295410
|switch|p2a: Ogerpon|Ogerpon-Wellspring, F|100/100
|move|p1a: Ogerpon|Horn Leech|p2a: Ogerpon
|-damage|p2a: Ogerpon|49/100
|
|upkeep
|turn|2
|
|t:|1758295415
|move|p2a: Ogerpon|Spiky Shield|p2a: Ogerpon
|-singleturn|p2a: Ogerpon|move: Protect
|move|p1a: Ogerpon|Horn Leech|p2a: Ogerpon
|-activate|p2a: Ogerpon|move: Protect
|-damage|p1a: Ogerpon|88/100|[from] Spiky Shield|[of] p2a: Ogerpon
|
|upkeep
|turn|3
|
|t:|1758295424
|switch|p2a: Gliscor|Gliscor, M, shiny|100/100
|move|p1a: Ogerpon|Horn Leech|p2a: Gliscor
|-damage|p2a: Gliscor|63/100
|-heal|p1a: Ogerpon|100/100|[from] drain|[of] p2a: Gliscor
|
|-status|p2a: Gliscor|tox|[from] item: Toxic Orb
|upkeep
|turn|4
|
|t:|1758295431
|move|p2a: Gliscor|Protect|p2a: Gliscor
|-singleturn|p2a: Gliscor|Protect
|move|p1a: Ogerpon|Taunt|p2a: Gliscor
|-activate|p2a: Gliscor|move: Protect
|
|-heal|p2a: Gliscor|75/100 tox|[from] ability: Poison Heal
|upkeep
|turn|5
|
|t:|1758295440
|switch|p2a: Garganacl|Garganacl, F, shiny|100/100
|move|p1a: Ogerpon|Ivy Cudgel|p2a: Garganacl|[anim] Ivy Cudgel Water
|-supereffective|p2a: Garganacl
|-damage|p2a: Garganacl|19/100
|-enditem|p2a: Garganacl|Apicot Berry|[eat]
|-boost|p2a: Garganacl|spd|1|[from] item: Apicot Berry
|
|upkeep
|turn|6
|
|t:|1758295446
|-terastallize|p2a: Garganacl|Flying
|move|p1a: Ogerpon|Horn Leech|p2a: Garganacl
|-resisted|p2a: Garganacl
|-damage|p2a: Garganacl|4/100
|move|p2a: Garganacl|Recover|p2a: Garganacl
|-heal|p2a: Garganacl|54/100
|
|upkeep
|turn|7
|
|t:|1758295457
|move|p1a: Ogerpon|Ivy Cudgel|p2a: Garganacl|[anim] Ivy Cudgel Water
|-damage|p2a: Garganacl|15/100
|move|p2a: Garganacl|Recover|p2a: Garganacl
|-heal|p2a: Garganacl|65/100
|
|upkeep
|turn|8
|
|t:|1758295464
|move|p1a: Ogerpon|Taunt|p2a: Garganacl
|-start|p2a: Garganacl|move: Taunt
|cant|p2a: Garganacl|move: Taunt|Recover
|
|upkeep
|turn|9
|
|t:|1758295467
|switch|p1a: Glimmora|Glimmora, M, shiny|100/100
|move|p2a: Garganacl|Salt Cure|p1a: Glimmora
|-damage|p1a: Glimmora|84/100
|-start|p1a: Glimmora|Salt Cure
|-activate|p1a: Glimmora|ability: Toxic Debris
|-sidestart|p2: Gdvhthfgh|move: Toxic Spikes
|
|-damage|p1a: Glimmora|72/100|[from] Salt Cure
|upkeep
|turn|10
|
|t:|1758295474
|move|p1a: Glimmora|Meteor Beam||[still]
|-prepare|p1a: Glimmora|Meteor Beam
|-boost|p1a: Glimmora|spa|1
|-enditem|p1a: Glimmora|Power Herb
|-anim|p1a: Glimmora|Meteor Beam|p2a: Garganacl
|-supereffective|p2a: Garganacl
|-damage|p2a: Garganacl|0 fnt
|faint|p2a: Garganacl
|
|-damage|p1a: Glimmora|59/100|[from] Salt Cure
|upkeep
|inactive|Battle timer is ON: inactive players will automatically lose when time's up. (requested by 3ndgam3)
|
|t:|1758295491
|switch|p2a: Gliscor|Gliscor, M, shiny|75/100 tox
|turn|11
|
|t:|1758295495
|switch|p1a: Landorus|Landorus-Therian, M, shiny|100/100
|-ability|p1a: Landorus|Intimidate|boost
|-unboost|p2a: Gliscor|atk|1
|move|p2a: Gliscor|Earthquake|p1a: Landorus
|-immune|p1a: Landorus
|
|-heal|p2a: Gliscor|88/100 tox|[from] ability: Poison Heal
|upkeep
|turn|12
|
|t:|1758295499
|move|p1a: Landorus|Taunt|p2a: Gliscor
|-start|p2a: Gliscor|move: Taunt
|cant|p2a: Gliscor|move: Taunt|Toxic
|
|-heal|p2a: Gliscor|99/100 tox|[from] ability: Poison Heal
|upkeep
|turn|13
|
|t:|1758295503
|switch|p2a: Blissey|Blissey, F|100/100
|move|p1a: Landorus|Stealth Rock|p2a: Blissey
|-sidestart|p2: Gdvhthfgh|move: Stealth Rock
|
|upkeep
|turn|14
|
|t:|1758295508
|move|p1a: Landorus|Taunt|p2a: Blissey
|-start|p2a: Blissey|move: Taunt
|move|p2a: Blissey|Seismic Toss|p1a: Landorus
|-damage|p1a: Landorus|74/100
|-damage|p2a: Blissey|84/100|[from] item: Rocky Helmet|[of] p1a: Landorus
|
|upkeep
|turn|15
|
|t:|1758295521
|move|p1a: Landorus|Earthquake|p2a: Blissey
|-damage|p2a: Blissey|33/100
|move|p2a: Blissey|Seismic Toss|p1a: Landorus
|-damage|p1a: Landorus|48/100
|-damage|p2a: Blissey|16/100|[from] item: Rocky Helmet|[of] p1a: Landorus
|
|upkeep
|turn|16
|
|t:|1758295527
|switch|p2a: Gliscor|Gliscor, M, shiny|99/100 tox
|-damage|p2a: Gliscor|88/100 tox|[from] Stealth Rock
|move|p1a: Landorus|U-turn|p2a: Gliscor
|-resisted|p2a: Gliscor
|-damage|p2a: Gliscor|79/100 tox
|
|t:|1758295533
|switch|p1a: Ogerpon|Ogerpon-Wellspring, F|100/100|[from] U-turn
|
|-heal|p2a: Gliscor|91/100 tox|[from] ability: Poison Heal
|upkeep
|turn|17
|
|t:|1758295558
|switch|p2a: Ogerpon|Ogerpon-Wellspring, F|49/100
|-status|p2a: Ogerpon|psn
|-damage|p2a: Ogerpon|37/100 psn|[from] Stealth Rock
|move|p1a: Ogerpon|Taunt|p2a: Ogerpon
|-start|p2a: Ogerpon|move: Taunt
|
|-damage|p2a: Ogerpon|24/100 psn|[from] psn
|upkeep
|turn|18
|-message|Gdvhthfgh forfeited.
|
|win|3ndgam3
|raw|3ndgam3's rating: 1087 &rarr; <strong>1117</strong><br />(+30 for winning)
|raw|Gdvhthfgh's rating: 1128 &rarr; <strong>1100</strong><br />(-28 for losing)
|l|☆Gdvhthfgh
|player|p2|
