|j|☆MoronicMonki
|j|☆Rectilineo ☆
|t:|1758244128
|gametype|singles
|player|p1|MoronicMonki|iris-gen5bw2|1416
|player|p2|Rectilineo ☆|roxie|1462
|gen|9
|tier|[Gen 9] OU
|rated|
|rule|HP Percentage Mod: HP is shown in percentages
|rule|Endless Battle Clause: Forcing endless battles is banned
|rule|Species Clause: Limit one of each Pokémon
|rule|OHKO Clause: OHKO moves are banned
|rule|Evasion Items Clause: Evasion items are banned
|rule|Evasion Moves Clause: Evasion moves are banned
|rule|Evasion Abilities Clause: Evasion abilities are banned
|rule|Sleep Moves Clause: Sleep-inducing moves are banned
|clearpoke
|poke|p1|Gliscor, M|
|poke|p1|Glimmora, F|
|poke|p1|Tornadus-Therian, M|
|poke|p1|Zamazenta-*|
|poke|p1|Dragonite, M|
|poke|p1|Cinderace, M|
|poke|p2|Lokix, F|
|poke|p2|Cinderace, F|
|poke|p2|Great Tusk|
|poke|p2|Alomomola, F|
|poke|p2|Enamorus, F|
|poke|p2|Slowking-Galar, M|
|teampreview
|inactive|Battle timer is ON: inactive players will automatically lose when time's up. (requested by Rectilineo ☆)
|inactive|Rectilineo ☆ has 120 seconds left.
|
|t:|1758244166
|teamsize|p1|6
|teamsize|p2|6
|start
|switch|p1a: Gliscor|Gliscor, M|100/100
|switch|p2a: Lokix|Lokix, F|100/100
|turn|1
|
|t:|1758244173
|move|p1a: Gliscor|Protect|p1a: Gliscor
|-singleturn|p1a: Gliscor|Protect
|move|p2a: Lokix|U-turn|p1a: Gliscor
|-activate|p1a: Gliscor|move: Protect
|
|-status|p1a: Gliscor|tox|[from] item: Toxic Orb
|upkeep
|turn|2
|
|t:|1758244180
|move|p2a: Lokix|U-turn|p1a: Gliscor
|-resisted|p1a: Gliscor
|-damage|p1a: Gliscor|60/100 tox
|
|t:|1758244201
|switch|p2a: Great Tusk|Great Tusk|100/100|[from] U-turn
|move|p1a: Gliscor|Swords Dance|p1a: Gliscor
|-boost|p1a: Gliscor|atk|2
|
|-heal|p1a: Gliscor|72/100 tox|[from] ability: Poison Heal
|upkeep
|turn|3
|
|t:|1758244209
|move|p1a: Gliscor|Protect|p1a: Gliscor
|-singleturn|p1a: Gliscor|Protect
|move|p2a: Great Tusk|Bulk Up|p2a: Great Tusk
|-boost|p2a: Great Tusk|atk|1
|-boost|p2a: Great Tusk|def|1
|
|-heal|p1a: Gliscor|85/100 tox|[from] ability: Poison Heal
|upkeep
|turn|4
|
|t:|1758244215
|switch|p1a: Tornadus|Tornadus-Therian, M|100/100
|move|p2a: Great Tusk|Bulk Up|p2a: Great Tusk
|-boost|p2a: Great Tusk|atk|1
|-boost|p2a: Great Tusk|def|1
|
|upkeep
|turn|5
|inactive|Rectilineo ☆ has 120 seconds left.
|inactive|Rectilineo ☆ has 90 seconds left.
|
|t:|1758244291
|-end|p2a: Great Tusk|Protosynthesis|[silent]
|switch|p2a: Slowking|Slowking-Galar, M|100/100
|move|p1a: Tornadus|Bleakwind Storm|p2a: Slowking|[miss]
|-miss|p1a: Tornadus|p2a: Slowking
|
|upkeep
|turn|6
|
|t:|1758244299
|move|p1a: Tornadus|Knock Off|p2a: Slowking
|-supereffective|p2a: Slowking
|-damage|p2a: Slowking|70/100
|-enditem|p2a: Slowking|Shuca Berry|[from] move: Knock Off|[of] p1a: Tornadus
|move|p2a: Slowking|Future Sight|p1a: Tornadus
|-start|p2a: Slowking|move: Future Sight
|
|upkeep
|turn|7
|
|t:|1758244308
|move|p1a: Tornadus|Bleakwind Storm|p2a: Slowking
|-damage|p2a: Slowking|40/100
|-prepare|p2a: Slowking|Chilly Reception|[premajor]
|move|p2a: Slowking|Chilly Reception|p2a: Slowking
|-weather|Snowscape
|
|t:|1758244332
|switch|p2a: Enamorus|Enamorus, F|100/100|[from] Chilly Reception
|
|-weather|Snowscape|[upkeep]
|upkeep
|turn|8
|
|t:|1758244359
|move|p2a: Enamorus|Moonblast|p1a: Tornadus
|-damage|p1a: Tornadus|64/100
|-unboost|p1a: Tornadus|spa|1
|move|p1a: Tornadus|Knock Off|p2a: Enamorus
|-resisted|p2a: Enamorus
|-damage|p2a: Enamorus|84/100
|-enditem|p2a: Enamorus|Choice Scarf|[from] move: Knock Off|[of] p1a: Tornadus
|
|-weather|Snowscape|[upkeep]
|-end|p1a: Tornadus|move: Future Sight
|-damage|p1a: Tornadus|32/100
|upkeep
|turn|9
|
|t:|1758244386
|switch|p1a: Cinderace|Cinderace, M|100/100
|move|p2a: Enamorus|Moonblast|p1a: Cinderace
|-resisted|p1a: Cinderace
|-damage|p1a: Cinderace|65/100
|
|-weather|Snowscape|[upkeep]
|upkeep
|turn|10
|
|t:|1758244392
|switch|p2a: Alomomola|Alomomola, F|100/100
|move|p1a: Cinderace|Pyro Ball|p2a: Alomomola
|-resisted|p2a: Alomomola
|-damage|p2a: Alomomola|83/100
|
|-weather|Snowscape|[upkeep]
|upkeep
|turn|11
|
|t:|1758244399
|move|p1a: Cinderace|Will-O-Wisp|p2a: Alomomola
|-status|p2a: Alomomola|brn
|move|p2a: Alomomola|Flip Turn|p1a: Cinderace
|-supereffective|p1a: Cinderace
|-damage|p1a: Cinderace|47/100
|
|t:|1758244411
|switch|p2a: Lokix|Lokix, F|100/100|[from] Flip Turn
|
|-weather|none
|upkeep
|turn|12
|
|t:|1758244419
|switch|p1a: Zamazenta|Zamazenta|100/100
|-ability|p1a: Zamazenta|Dauntless Shield|boost
|-boost|p1a: Zamazenta|def|1
|move|p2a: Lokix|First Impression|p1a: Zamazenta
|-resisted|p1a: Zamazenta
|-damage|p1a: Zamazenta|71/100
|
|-heal|p1a: Zamazenta|77/100|[from] item: Leftovers
|upkeep
|turn|13
|
|t:|1758244436
|switch|p1a: Tornadus|Tornadus-Therian, M|65/100
|switch|p2a: Slowking|Slowking-Galar, M|73/100
|
|upkeep
|turn|14
|
|t:|1758244443
|move|p1a: Tornadus|U-turn|p2a: Slowking
|-damage|p2a: Slowking|63/100
|
|t:|1758244445
|switch|p1a: Gliscor|Gliscor, M|85/100 tox|[from] U-turn
|move|p2a: Slowking|Ice Beam|p1a: Gliscor
|-supereffective|p1a: Gliscor
|-damage|p1a: Gliscor|11/100 tox
|
|-heal|p1a: Gliscor|23/100 tox|[from] ability: Poison Heal
|upkeep
|turn|15
|
|t:|1758244453
|switch|p2a: Lokix|Lokix, F|100/100
|move|p1a: Gliscor|Earthquake|p2a: Lokix
|-resisted|p2a: Lokix
|-damage|p2a: Lokix|76/100
|
|-heal|p1a: Gliscor|36/100 tox|[from] ability: Poison Heal
|upkeep
|turn|16
|
|t:|1758244461
|move|p1a: Gliscor|Protect|p1a: Gliscor
|-singleturn|p1a: Gliscor|Protect
|move|p2a: Lokix|U-turn|p1a: Gliscor
|-activate|p1a: Gliscor|move: Protect
|
|-heal|p1a: Gliscor|48/100 tox|[from] ability: Poison Heal
|upkeep
|turn|17
|
|t:|1758244471
|switch|p1a: Glimmora|Glimmora, F|100/100
|move|p2a: Lokix|U-turn|p1a: Glimmora
|-resisted|p1a: Glimmora
|-damage|p1a: Glimmora|34/100
|-activate|p1a: Glimmora|ability: Toxic Debris
|-sidestart|p2: Rectilineo ☆|move: Toxic Spikes
|-enditem|p1a: Glimmora|Red Card|[of] p2a: Lokix
|drag|p2a: Great Tusk|Great Tusk|100/100
|-status|p2a: Great Tusk|psn
|
|-damage|p2a: Great Tusk|88/100 psn|[from] psn
|upkeep
|turn|18
|
|t:|1758244490
|switch|p1a: Tornadus|Tornadus-Therian, M|99/100
|move|p2a: Great Tusk|Rapid Spin|p1a: Tornadus
|-damage|p1a: Tornadus|82/100
|-boost|p2a: Great Tusk|spe|1
|-sideend|p2: Rectilineo ☆|Toxic Spikes|[from] move: Rapid Spin|[of] p2a: Great Tusk
|
|-heal|p2a: Great Tusk|94/100 psn|[from] item: Leftovers
|-damage|p2a: Great Tusk|82/100 psn|[from] psn
|upkeep
|turn|19
|
|t:|1758244501
|-end|p2a: Great Tusk|Protosynthesis|[silent]
|switch|p2a: Slowking|Slowking-Galar, M|97/100
|move|p1a: Tornadus|Bleakwind Storm|p2a: Slowking
|-damage|p2a: Slowking|64/100
|-unboost|p2a: Slowking|spe|1
|
|upkeep
|turn|20
|
|t:|1758244521
|move|p1a: Tornadus|U-turn|p2a: Slowking
|-damage|p2a: Slowking|55/100
|
|t:|1758244542
|switch|p1a: Cinderace|Cinderace, M|47/100|[from] U-turn
|-prepare|p2a: Slowking|Chilly Reception|[premajor]
|move|p2a: Slowking|Chilly Reception|p2a: Slowking
|-weather|Snowscape
|
|t:|1758244547
|switch|p2a: Lokix|Lokix, F|76/100|[from] Chilly Reception
|
|-weather|Snowscape|[upkeep]
|upkeep
|turn|21
|
|t:|1758244560
|move|p2a: Lokix|First Impression|p1a: Cinderace
|-resisted|p1a: Cinderace
|-crit|p1a: Cinderace
|-damage|p1a: Cinderace|0 fnt
|faint|p1a: Cinderace
|
|-weather|Snowscape|[upkeep]
|upkeep
|
|t:|1758244563
|switch|p1a: Gliscor|Gliscor, M|48/100 tox
|turn|22
|inactive|Rectilineo ☆ has 120 seconds left.
|inactive|Rectilineo ☆ has 90 seconds left.
|
|t:|1758244612
|switch|p2a: Enamorus|Enamorus, F|84/100
|move|p1a: Gliscor|Protect||[still]
|-fail|p1a: Gliscor
|
|-weather|Snowscape|[upkeep]
|-heal|p1a: Gliscor|61/100 tox|[from] ability: Poison Heal
|upkeep
|turn|23
|
|t:|1758244628
|move|p1a: Gliscor|Protect|p1a: Gliscor
|-singleturn|p1a: Gliscor|Protect
|move|p2a: Enamorus|Moonblast|p1a: Gliscor
|-activate|p1a: Gliscor|move: Protect
|
|-weather|Snowscape|[upkeep]
|-heal|p1a: Gliscor|73/100 tox|[from] ability: Poison Heal
|upkeep
|turn|24
|
|t:|1758244636
|switch|p1a: Tornadus|Tornadus-Therian, M|100/100
|move|p2a: Enamorus|Moonblast|p1a: Tornadus
|-damage|p1a: Tornadus|62/100
|
|-weather|none
|upkeep
|turn|25
|
|t:|1758244664
|switch|p2a: Alomomola|Alomomola, F|100/100 brn
|move|p1a: Tornadus|Bleakwind Storm|p2a: Alomomola
|-damage|p2a: Alomomola|82/100 brn
|
|-damage|p2a: Alomomola|76/100 brn|[from] brn
|upkeep
|turn|26
|
|t:|1758244673
|move|p1a: Tornadus|Knock Off|p2a: Alomomola
|-damage|p2a: Alomomola|60/100 brn
|-enditem|p2a: Alomomola|Assault Vest|[from] move: Knock Off|[of] p1a: Tornadus
|move|p2a: Alomomola|Flip Turn|p1a: Tornadus
|-damage|p1a: Tornadus|52/100
|
|t:|1758244678
|switch|p2a: Lokix|Lokix, F|76/100|[from] Flip Turn
|
|upkeep
|turn|27
|
|t:|1758244684
|switch|p1a: Glimmora|Glimmora, F|34/100
|move|p2a: Lokix|First Impression|p1a: Glimmora
|-resisted|p1a: Glimmora
|-damage|p1a: Glimmora|0 fnt
|-activate|p1a: Glimmora|ability: Toxic Debris
|-sidestart|p2: Rectilineo ☆|move: Toxic Spikes
|faint|p1a: Glimmora
|
|upkeep
|
|t:|1758244691
|switch|p1a: Gliscor|Gliscor, M|73/100 tox
|turn|28
|inactive|Rectilineo ☆ has 120 seconds left.
|
|t:|1758244698
|switch|p2a: Alomomola|Alomomola, F|94/100 brn
|move|p1a: Gliscor|Swords Dance|p1a: Gliscor
|-boost|p1a: Gliscor|atk|2
|
|-heal|p1a: Gliscor|86/100 tox|[from] ability: Poison Heal
|-damage|p2a: Alomomola|87/100 brn|[from] brn
|upkeep
|turn|29
|
|t:|1758244707
|move|p1a: Gliscor|Swords Dance|p1a: Gliscor
|-boost|p1a: Gliscor|atk|2
|move|p2a: Alomomola|Flip Turn|p1a: Gliscor
|-supereffective|p1a: Gliscor
|-damage|p1a: Gliscor|72/100 tox
|inactive|Rectilineo ☆ has 120 seconds left.
|
|t:|1758244725
|switch|p2a: Enamorus|Enamorus, F|84/100|[from] Flip Turn
|
|-heal|p1a: Gliscor|85/100 tox|[from] ability: Poison Heal
|upkeep
|turn|30
|
|t:|1758244730
|move|p1a: Gliscor|Protect|p1a: Gliscor
|-singleturn|p1a: Gliscor|Protect
|move|p2a: Enamorus|Moonblast|p1a: Gliscor
|-activate|p1a: Gliscor|move: Protect
|
|-heal|p1a: Gliscor|97/100 tox|[from] ability: Poison Heal
|upkeep
|turn|31
|
|t:|1758244733
|move|p2a: Enamorus|Moonblast|p1a: Gliscor
|-damage|p1a: Gliscor|47/100 tox
|move|p1a: Gliscor|Facade|p2a: Enamorus
|-damage|p2a: Enamorus|0 fnt
|faint|p2a: Enamorus
|
|-heal|p1a: Gliscor|59/100 tox|[from] ability: Poison Heal
|upkeep
|
|t:|1758244752
|switch|p2a: Lokix|Lokix, F|76/100
|-status|p2a: Lokix|psn
|turn|32
|
|t:|1758244762
|move|p1a: Gliscor|Protect|p1a: Gliscor
|-singleturn|p1a: Gliscor|Protect
|move|p2a: Lokix|U-turn|p1a: Gliscor
|-activate|p1a: Gliscor|move: Protect
|
|-damage|p2a: Lokix|64/100 psn|[from] psn
|-heal|p1a: Gliscor|72/100 tox|[from] ability: Poison Heal
|upkeep
|turn|33
|
|t:|1758244770
|-terastallize|p2a: Lokix|Bug
|move|p2a: Lokix|U-turn|p1a: Gliscor
|-resisted|p1a: Gliscor
|-damage|p1a: Gliscor|17/100 tox
|
|t:|1758244791
|switch|p2a: Great Tusk|Great Tusk|82/100 psn|[from] U-turn
|move|p1a: Gliscor|Facade|p2a: Great Tusk
|-damage|p2a: Great Tusk|37/100 psn
|
|-heal|p2a: Great Tusk|43/100 psn|[from] item: Leftovers
|-damage|p2a: Great Tusk|31/100 psn|[from] psn
|-heal|p1a: Gliscor|29/100 tox|[from] ability: Poison Heal
|upkeep
|turn|34
|
|t:|1758244801
|move|p1a: Gliscor|Protect|p1a: Gliscor
|-singleturn|p1a: Gliscor|Protect
|move|p2a: Great Tusk|Bulk Up|p2a: Great Tusk
|-boost|p2a: Great Tusk|atk|1
|-boost|p2a: Great Tusk|def|1
|
|-heal|p2a: Great Tusk|37/100 psn|[from] item: Leftovers
|-damage|p2a: Great Tusk|24/100 psn|[from] psn
|-heal|p1a: Gliscor|42/100 tox|[from] ability: Poison Heal
|upkeep
|turn|35
|
|t:|1758244807
|move|p2a: Great Tusk|Knock Off|p1a: Gliscor
|-damage|p1a: Gliscor|11/100 tox
|-enditem|p1a: Gliscor|Toxic Orb|[from] move: Knock Off|[of] p2a: Great Tusk
|move|p1a: Gliscor|Facade|p2a: Great Tusk
|-damage|p2a: Great Tusk|0 fnt
|faint|p2a: Great Tusk
|-end|p2a: Great Tusk|Protosynthesis|[silent]
|
|-heal|p1a: Gliscor|24/100 tox|[from] ability: Poison Heal
|upkeep
|
|t:|1758244812
|switch|p2a: Lokix|Lokix, F, tera:Bug|64/100 psn
|turn|36
|
|t:|1758244818
|move|p1a: Gliscor|Protect|p1a: Gliscor
|-singleturn|p1a: Gliscor|Protect
|move|p2a: Lokix|U-turn|p1a: Gliscor
|-activate|p1a: Gliscor|move: Protect
|
|-damage|p2a: Lokix|52/100 psn|[from] psn
|-heal|p1a: Gliscor|36/100 tox|[from] ability: Poison Heal
|upkeep
|turn|37
|
|t:|1758244827
|switch|p1a: Tornadus|Tornadus-Therian, M|86/100
|move|p2a: Lokix|U-turn|p1a: Tornadus
|-resisted|p1a: Tornadus
|-damage|p1a: Tornadus|10/100
|
|t:|1758244835
|switch|p2a: Cinderace|Cinderace, F|100/100|[from] U-turn
|
|upkeep
|turn|38
|
|t:|1758244846
|switch|p1a: Zamazenta|Zamazenta|77/100
|move|p2a: Cinderace|Pyro Ball|p1a: Zamazenta
|-damage|p1a: Zamazenta|42/100
|-status|p1a: Zamazenta|brn
|
|-heal|p1a: Zamazenta|48/100 brn|[from] item: Leftovers
|-damage|p1a: Zamazenta|42/100 brn|[from] brn
|upkeep
|turn|39
|
|t:|1758244857
|switch|p1a: Gliscor|Gliscor, M|36/100 tox
|switch|p2a: Slowking|Slowking-Galar, M|88/100
|-sideend|p2: Rectilineo ☆|move: Toxic Spikes|[of] p2a: Slowking
|
|-heal|p1a: Gliscor|49/100 tox|[from] ability: Poison Heal
|upkeep
|turn|40
|
|t:|1758244865
|move|p1a: Gliscor|Protect|p1a: Gliscor
|-singleturn|p1a: Gliscor|Protect
|move|p2a: Slowking|Ice Beam|p1a: Gliscor
|-activate|p1a: Gliscor|move: Protect
|
|-heal|p1a: Gliscor|61/100 tox|[from] ability: Poison Heal
|upkeep
|turn|41
|
|t:|1758244872
|switch|p1a: Zamazenta|Zamazenta|42/100 brn
|move|p2a: Slowking|Ice Beam|p1a: Zamazenta
|-damage|p1a: Zamazenta|25/100 brn
|
|-heal|p1a: Zamazenta|31/100 brn|[from] item: Leftovers
|-damage|p1a: Zamazenta|25/100 brn|[from] brn
|upkeep
|turn|42
|
|t:|1758244893
|move|p1a: Zamazenta|Crunch|p2a: Slowking
|-supereffective|p2a: Slowking
|-damage|p2a: Slowking|73/100
|move|p2a: Slowking|Future Sight|p1a: Zamazenta
|-start|p2a: Slowking|move: Future Sight
|
|-heal|p1a: Zamazenta|31/100 brn|[from] item: Leftovers
|-damage|p1a: Zamazenta|25/100 brn|[from] brn
|upkeep
|turn|43
|
|t:|1758244908
|move|p1a: Zamazenta|Crunch|p2a: Slowking
|-supereffective|p2a: Slowking
|-damage|p2a: Slowking|57/100
|-unboost|p2a: Slowking|def|1
|-prepare|p2a: Slowking|Chilly Reception|[premajor]
|move|p2a: Slowking|Chilly Reception|p2a: Slowking
|-weather|Snowscape
|
|t:|1758244916
|switch|p2a: Cinderace|Cinderace, F|100/100|[from] Chilly Reception
|
|-weather|Snowscape|[upkeep]
|-heal|p1a: Zamazenta|31/100 brn|[from] item: Leftovers
|-damage|p1a: Zamazenta|25/100 brn|[from] brn
|upkeep
|turn|44
|
|t:|1758244932
|switch|p2a: Slowking|Slowking-Galar, M|91/100
|move|p1a: Zamazenta|Body Press|p2a: Slowking
|-resisted|p2a: Slowking
|-damage|p2a: Slowking|88/100
|
|-weather|Snowscape|[upkeep]
|-end|p1a: Zamazenta|move: Future Sight
|-supereffective|p1a: Zamazenta
|-damage|p1a: Zamazenta|0 fnt
|faint|p1a: Zamazenta
|upkeep
|
|t:|1758244939
|switch|p1a: Tornadus|Tornadus-Therian, M|43/100
|turn|45
|
|t:|1758244945
|move|p1a: Tornadus|Bleakwind Storm|p2a: Slowking
|-damage|p2a: Slowking|56/100
|-unboost|p2a: Slowking|spe|1
|move|p2a: Slowking|Future Sight|p1a: Tornadus
|-start|p2a: Slowking|move: Future Sight
|
|-weather|Snowscape|[upkeep]
|upkeep
|turn|46
|
|t:|1758244950
|switch|p2a: Alomomola|Alomomola, F|100/100 brn
|move|p1a: Tornadus|Bleakwind Storm|p2a: Alomomola
|-damage|p2a: Alomomola|72/100 brn
|
|-weather|Snowscape|[upkeep]
|-damage|p2a: Alomomola|65/100 brn|[from] brn
|upkeep
|turn|47
|
|t:|1758244956
|move|p1a: Tornadus|Bleakwind Storm|p2a: Alomomola
|-damage|p2a: Alomomola|40/100 brn
|-unboost|p2a: Alomomola|spe|1
|move|p2a: Alomomola|Flip Turn|p1a: Tornadus
|-damage|p1a: Tornadus|34/100
|
|t:|1758244968
|switch|p2a: Cinderace|Cinderace, F|100/100|[from] Flip Turn
|
|-weather|none
|-end|p1a: Tornadus|move: Future Sight
|-damage|p1a: Tornadus|6/100
|upkeep
|turn|48
|
|t:|1758244976
|move|p1a: Tornadus|Bleakwind Storm|p2a: Cinderace
|-damage|p2a: Cinderace|55/100
|move|p2a: Cinderace|Will-O-Wisp|p1a: Tornadus
|-status|p1a: Tornadus|brn
|
|-damage|p1a: Tornadus|0 fnt|[from] brn
|faint|p1a: Tornadus
|upkeep
|
|t:|1758244979
|switch|p1a: Dragonite|Dragonite, M|100/100
|turn|49
|
|t:|1758244983
|switch|p1a: Gliscor|Gliscor, M|61/100 tox
|move|p2a: Cinderace|Will-O-Wisp||[still]
|-fail|p2a: Cinderace
|
|-heal|p1a: Gliscor|74/100 tox|[from] ability: Poison Heal
|upkeep
|turn|50
|
|t:|1758244995
|move|p2a: Cinderace|Pyro Ball|p1a: Gliscor
|-damage|p1a: Gliscor|38/100 tox
|move|p1a: Gliscor|Swords Dance|p1a: Gliscor
|-boost|p1a: Gliscor|atk|2
|
|-heal|p1a: Gliscor|50/100 tox|[from] ability: Poison Heal
|upkeep
|turn|51
|
|t:|1758245001
|move|p1a: Gliscor|Protect|p1a: Gliscor
|-singleturn|p1a: Gliscor|Protect
|move|p2a: Cinderace|Pyro Ball|p1a: Gliscor
|-activate|p1a: Gliscor|move: Protect
|
|-heal|p1a: Gliscor|63/100 tox|[from] ability: Poison Heal
|upkeep
|turn|52
|
|t:|1758245003
|move|p2a: Cinderace|Pyro Ball|p1a: Gliscor
|-crit|p1a: Gliscor
|-damage|p1a: Gliscor|11/100 tox
|move|p1a: Gliscor|Facade|p2a: Cinderace
|-damage|p2a: Cinderace|0 fnt
|faint|p2a: Cinderace
|
|-heal|p1a: Gliscor|23/100 tox|[from] ability: Poison Heal
|upkeep
|
|t:|1758245008
|switch|p2a: Lokix|Lokix, F, tera:Bug|52/100 psn
|turn|53
|
|t:|1758245012
|move|p1a: Gliscor|Protect|p1a: Gliscor
|-singleturn|p1a: Gliscor|Protect
|move|p2a: Lokix|U-turn|p1a: Gliscor
|-activate|p1a: Gliscor|move: Protect
|
|-damage|p2a: Lokix|39/100 psn|[from] psn
|-heal|p1a: Gliscor|36/100 tox|[from] ability: Poison Heal
|upkeep
|turn|54
|
|t:|1758245021
|move|p2a: Lokix|U-turn|p1a: Gliscor
|-resisted|p1a: Gliscor
|-crit|p1a: Gliscor
|-damage|p1a: Gliscor|0 fnt
|faint|p1a: Gliscor
|
|t:|1758245024
|switch|p2a: Slowking|Slowking-Galar, M|90/100|[from] U-turn
|
|upkeep
|
|t:|1758245026
|switch|p1a: Dragonite|Dragonite, M|100/100
|turn|55
|
|t:|1758245029
|move|p1a: Dragonite|Dragon Dance|p1a: Dragonite
|-boost|p1a: Dragonite|atk|1
|-boost|p1a: Dragonite|spe|1
|move|p2a: Slowking|Ice Beam|p1a: Dragonite
|-supereffective|p1a: Dragonite
|-damage|p1a: Dragonite|50/100
|
|upkeep
|turn|56
|
|t:|1758245034
|move|p1a: Dragonite|Earthquake|p2a: Slowking
|-supereffective|p2a: Slowking
|-damage|p2a: Slowking|10/100
|move|p2a: Slowking|Ice Beam|p1a: Dragonite
|-supereffective|p1a: Dragonite
|-damage|p1a: Dragonite|0 fnt
|faint|p1a: Dragonite
|
|win|Rectilineo ☆
|raw|MoronicMonki's rating: 1416 &rarr; <strong>1399</strong><br />(-17 for losing)
|raw|Rectilineo ☆'s rating: 1462 &rarr; <strong>1479</strong><br />(+17 for winning)
|l|☆MoronicMonki
|player|p1|
|c|☆Rectilineo ☆|gg
