|j|☆Desyree
|j|☆976-EVILL
|t:|1758341112
|gametype|singles
|player|p1|Desyree|dawn-gen4pt|1335
|player|p2|976-EVILL|cynthia|1393
|gen|9
|tier|[Gen 9] OU
|rated|
|rule|HP Percentage Mod: HP is shown in percentages
|rule|Endless Battle Clause: Forcing endless battles is banned
|rule|Species Clause: Limit one of each Pokémon
|rule|OHKO Clause: OHKO moves are banned
|rule|Evasion Items Clause: Evasion items are banned
|rule|Evasion Moves Clause: Evasion moves are banned
|rule|Evasion Abilities Clause: Evasion abilities are banned
|rule|Sleep Moves Clause: Sleep-inducing moves are banned
|clearpoke
|poke|p1|Porygon2|
|poke|p1|Orthworm, M|
|poke|p1|Corviknight, F|
|poke|p1|Dragapult, M|
|poke|p1|Gliscor, M|
|poke|p1|Rillaboom, M|
|poke|p2|Iron Valiant|
|poke|p2|Kingambit, M|
|poke|p2|Kyurem|
|poke|p2|Landorus-Therian, M|
|poke|p2|Ogerpon-Wellspring, F|
|poke|p2|Pecharunt|
|teampreview
|inactive|Battle timer is ON: inactive players will automatically lose when time's up. (requested by 976-EVILL)
|
|t:|1758341141
|teamsize|p1|6
|teamsize|p2|6
|start
|switch|p1a: Rillabam|Rillaboom, M, shiny|100/100
|switch|p2a: Kyurem|Kyurem|100/100
|-ability|p2a: Kyurem|Pressure
|-fieldstart|move: Grassy Terrain|[from] ability: Grassy Surge|[of] p1a: Rillabam
|turn|1
|
|t:|1758341154
|switch|p1a: Earthworm|Orthworm, M, shiny|100/100
|move|p2a: Kyurem|Ice Beam|p1a: Earthworm
|-resisted|p1a: Earthworm
|-damage|p1a: Earthworm|77/100
|
|-heal|p1a: Earthworm|83/100|[from] Grassy Terrain
|-heal|p1a: Earthworm|89/100|[from] item: Leftovers
|upkeep
|turn|2
|inactive|Desyree has 120 seconds left.
|
|t:|1758341184
|switch|p2a: Landorus|Landorus-Therian, M|100/100
|-ability|p2a: Landorus|Intimidate|boost
|-unboost|p1a: Earthworm|atk|1
|move|p1a: Earthworm|Stealth Rock|p2a: Landorus
|-sidestart|p2: 976-EVILL|move: Stealth Rock
|
|-heal|p1a: Earthworm|95/100|[from] Grassy Terrain
|-heal|p1a: Earthworm|100/100|[from] item: Leftovers
|upkeep
|turn|3
|
|t:|1758341205
|move|p2a: Landorus|Stealth Rock|p1a: Earthworm
|-sidestart|p1: Desyree|move: Stealth Rock
|move|p1a: Earthworm|Iron Defense|p1a: Earthworm
|-boost|p1a: Earthworm|def|2
|
|upkeep
|turn|4
|inactive|Desyree has 120 seconds left.
|
|t:|1758341245
|move|p2a: Landorus|Taunt|p1a: Earthworm
|-start|p1a: Earthworm|move: Taunt
|cant|p1a: Earthworm|move: Taunt|Iron Defense
|
|upkeep
|turn|5
|
|t:|1758341273
|move|p2a: Landorus|Stealth Rock||[still]
|-fail|p2a: Landorus
|move|p1a: Earthworm|Body Press|p2a: Landorus
|-resisted|p2a: Landorus
|-damage|p2a: Landorus|69/100
|-damage|p1a: Earthworm|84/100|[from] item: Rocky Helmet|[of] p2a: Landorus
|
|-heal|p1a: Earthworm|90/100|[from] Grassy Terrain
|-heal|p1a: Earthworm|96/100|[from] item: Leftovers
|-fieldend|move: Grassy Terrain
|upkeep
|turn|6
|inactive|Desyree has 120 seconds left.
|inactive|976-EVILL has 120 seconds left.
|
|t:|1758341300
|move|p2a: Landorus|Stealth Rock||[still]
|-fail|p2a: Landorus
|move|p1a: Earthworm|Body Press|p2a: Landorus
|-resisted|p2a: Landorus
|-damage|p2a: Landorus|37/100
|-damage|p1a: Earthworm|80/100|[from] item: Rocky Helmet|[of] p2a: Landorus
|
|-heal|p1a: Earthworm|86/100|[from] item: Leftovers
|-end|p1a: Earthworm|move: Taunt
|upkeep
|turn|7
|
|t:|1758341309
|move|p2a: Landorus|Taunt|p1a: Earthworm
|-start|p1a: Earthworm|move: Taunt
|move|p1a: Earthworm|Heavy Slam|p2a: Landorus
|-damage|p2a: Landorus|15/100
|-damage|p1a: Earthworm|69/100|[from] item: Rocky Helmet|[of] p2a: Landorus
|
|-heal|p1a: Earthworm|75/100|[from] item: Leftovers
|upkeep
|turn|8
|
|t:|1758341319
|move|p2a: Landorus|Stealth Rock||[still]
|-fail|p2a: Landorus
|move|p1a: Earthworm|Heavy Slam|p2a: Landorus
|-damage|p2a: Landorus|0 fnt
|-damage|p1a: Earthworm|59/100|[from] item: Rocky Helmet|[of] p2a: Landorus
|faint|p2a: Landorus
|
|-heal|p1a: Earthworm|65/100|[from] item: Leftovers
|upkeep
|
|t:|1758341324
|switch|p2a: Ogerpon|Ogerpon-Wellspring, F|100/100
|-damage|p2a: Ogerpon|88/100|[from] Stealth Rock
|turn|9
|
|t:|1758341329
|move|p2a: Ogerpon|Knock Off|p1a: Earthworm
|-damage|p1a: Earthworm|52/100
|-enditem|p1a: Earthworm|Leftovers|[from] move: Knock Off|[of] p2a: Ogerpon
|move|p1a: Earthworm|Body Press|p2a: Ogerpon
|-damage|p2a: Ogerpon|19/100
|
|-end|p1a: Earthworm|move: Taunt
|upkeep
|turn|10
|
|t:|1758341339
|switch|p2a: Pecharunt|Pecharunt|100/100
|move|p1a: Earthworm|Body Press|p2a: Pecharunt
|-immune|p2a: Pecharunt
|
|upkeep
|turn|11
|
|t:|1758341346
|switch|p1a: Rillabam|Rillaboom, M, shiny|100/100
|-damage|p1a: Rillabam|88/100|[from] Stealth Rock
|-fieldstart|move: Grassy Terrain|[from] ability: Grassy Surge|[of] p1a: Rillabam
|move|p2a: Pecharunt|Hex|p1a: Rillabam
|-damage|p1a: Rillabam|69/100
|
|-heal|p1a: Rillabam|76/100|[from] Grassy Terrain
|upkeep
|turn|12
|
|t:|1758341351
|move|p1a: Rillabam|Knock Off|p2a: Pecharunt
|-supereffective|p2a: Pecharunt
|-damage|p2a: Pecharunt|62/100
|-enditem|p2a: Pecharunt|Heavy-Duty Boots|[from] move: Knock Off|[of] p1a: Rillabam
|move|p2a: Pecharunt|Malignant Chain|p1a: Rillabam
|-supereffective|p1a: Rillabam
|-damage|p1a: Rillabam|15/100
|-status|p1a: Rillabam|tox
|-start|p1a: Rillabam|confusion|[from] ability: Poison Puppeteer|[of] p2a: Pecharunt
|
|-heal|p1a: Rillabam|21/100 tox|[from] Grassy Terrain
|-heal|p2a: Pecharunt|68/100|[from] Grassy Terrain
|-damage|p1a: Rillabam|15/100 tox|[from] psn
|upkeep
|turn|13
|
|t:|1758341356
|-activate|p1a: Rillabam|confusion
|-damage|p1a: Rillabam|0 fnt|[from] confusion
|faint|p1a: Rillabam
|move|p2a: Pecharunt|Recover|p2a: Pecharunt
|-heal|p2a: Pecharunt|100/100
|
|upkeep
|
|t:|1758341369
|switch|p1a: :(|Dragapult, M, shiny|100/100
|-damage|p1a: :(|88/100|[from] Stealth Rock
|turn|14
|
|t:|1758341376
|switch|p2a: Kingambit|Kingambit, M|100/100
|-damage|p2a: Kingambit|94/100|[from] Stealth Rock
|-activate|p2a: Kingambit|ability: Supreme Overlord
|-start|p2a: Kingambit|fallen1|[silent]
|move|p1a: :(|Substitute|p1a: :(
|-start|p1a: :(|Substitute
|-damage|p1a: :(|63/100
|
|-heal|p1a: :(|69/100|[from] Grassy Terrain
|-heal|p1a: :(|75/100|[from] item: Leftovers
|-heal|p2a: Kingambit|100/100|[from] Grassy Terrain
|upkeep
|turn|15
|
|t:|1758341383
|move|p1a: :(|Dragon Darts|p2a: Kingambit
|-resisted|p2a: Kingambit
|-damage|p2a: Kingambit|90/100
|-anim|p1a: :(|Dragon Darts|p2a: Kingambit
|-resisted|p2a: Kingambit
|-damage|p2a: Kingambit|80/100
|move|p2a: Kingambit|Kowtow Cleave|p1a: :(
|-supereffective|p1a: :(
|-end|p1a: :(|Substitute
|
|-heal|p1a: :(|81/100|[from] Grassy Terrain
|-heal|p1a: :(|87/100|[from] item: Leftovers
|-heal|p2a: Kingambit|86/100|[from] Grassy Terrain
|-heal|p2a: Kingambit|92/100|[from] item: Leftovers
|-fieldend|move: Grassy Terrain
|upkeep
|turn|16
|
|t:|1758341391
|switch|p1a: Part II|Corviknight, F, shiny|100/100
|-damage|p1a: Part II|88/100|[from] Stealth Rock
|-ability|p1a: Part II|Pressure
|move|p2a: Kingambit|Swords Dance|p2a: Kingambit
|-boost|p2a: Kingambit|atk|2
|
|-heal|p2a: Kingambit|98/100|[from] item: Leftovers
|upkeep
|turn|17
|
|t:|1758341396
|-terastallize|p2a: Kingambit|Ghost
|move|p2a: Kingambit|Kowtow Cleave|p1a: Part II
|-damage|p1a: Part II|26/100
|-damage|p2a: Kingambit|82/100|[from] item: Rocky Helmet|[of] p1a: Part II
|move|p1a: Part II|U-turn|p2a: Kingambit
|-resisted|p2a: Kingambit
|-damage|p2a: Kingambit|76/100
|
|t:|1758341409
|switch|p1a: Glihcor|Gliscor, M, shiny|100/100|[from] U-turn
|-damage|p1a: Glihcor|88/100|[from] Stealth Rock
|
|-heal|p2a: Kingambit|82/100|[from] item: Leftovers
|-status|p1a: Glihcor|tox|[from] item: Toxic Orb
|upkeep
|turn|18
|
|t:|1758341420
|-terastallize|p1a: Glihcor|Dark
|move|p1a: Glihcor|Swords Dance|p1a: Glihcor
|-boost|p1a: Glihcor|atk|2
|move|p2a: Kingambit|Kowtow Cleave|p1a: Glihcor
|-resisted|p1a: Glihcor
|-damage|p1a: Glihcor|47/100 tox
|
|-heal|p2a: Kingambit|88/100|[from] item: Leftovers
|-heal|p1a: Glihcor|60/100 tox|[from] ability: Poison Heal
|upkeep
|turn|19
|
|t:|1758341427
|-end|p2a: Kingambit|fallen1|[silent]
|switch|p2a: Ogerpon|Ogerpon-Wellspring, F|19/100
|-damage|p2a: Ogerpon|7/100|[from] Stealth Rock
|move|p1a: Glihcor|Knock Off|p2a: Ogerpon
|-damage|p2a: Ogerpon|0 fnt
|faint|p2a: Ogerpon
|
|-heal|p1a: Glihcor|72/100 tox|[from] ability: Poison Heal
|upkeep
|
|t:|1758341436
|switch|p2a: Iron Valiant|Iron Valiant|100/100
|-damage|p2a: Iron Valiant|94/100|[from] Stealth Rock
|-enditem|p2a: Iron Valiant|Booster Energy
|-activate|p2a: Iron Valiant|ability: Quark Drive|[fromitem]
|-start|p2a: Iron Valiant|quarkdrivespe
|turn|20
|
|t:|1758341445
|switch|p1a: Part II|Corviknight, F, shiny|26/100
|-damage|p1a: Part II|14/100|[from] Stealth Rock
|-ability|p1a: Part II|Pressure
|move|p2a: Iron Valiant|Calm Mind|p2a: Iron Valiant
|-boost|p2a: Iron Valiant|spa|1
|-boost|p2a: Iron Valiant|spd|1
|
|upkeep
|turn|21
|
|t:|1758341450
|move|p2a: Iron Valiant|Moonblast|p1a: Part II
|-resisted|p1a: Part II
|-damage|p1a: Part II|0 fnt
|faint|p1a: Part II
|
|upkeep
|
|t:|1758341455
|switch|p1a: Porygon11|Porygon2, shiny|100/100
|-damage|p1a: Porygon11|88/100|[from] Stealth Rock
|-ability|p1a: Porygon11|Download|boost
|-boost|p1a: Porygon11|atk|1
|turn|22
|
|t:|1758341479
|move|p2a: Iron Valiant|Moonblast|p1a: Porygon11
|-damage|p1a: Porygon11|43/100
|-unboost|p1a: Porygon11|spa|1
|move|p1a: Porygon11|Trick Room|p1a: Porygon11
|-fieldstart|move: Trick Room|[of] p1a: Porygon11
|
|upkeep
|turn|23
|inactive|976-EVILL has 120 seconds left.
|
|t:|1758341508
|move|p1a: Porygon11|Tri Attack|p2a: Iron Valiant
|-damage|p2a: Iron Valiant|62/100
|move|p2a: Iron Valiant|Moonblast|p1a: Porygon11
|-damage|p1a: Porygon11|1/100
|
|upkeep
|turn|24
|
|t:|1758341513
|move|p1a: Porygon11|Tri Attack|p2a: Iron Valiant
|-damage|p2a: Iron Valiant|32/100
|-status|p2a: Iron Valiant|par
|cant|p2a: Iron Valiant|par
|
|upkeep
|turn|25
|
|t:|1758341519
|move|p1a: Porygon11|Tri Attack|p2a: Iron Valiant
|-damage|p2a: Iron Valiant|0 fnt
|faint|p2a: Iron Valiant
|-end|p2a: Iron Valiant|Quark Drive|[silent]
|
|upkeep
|
|t:|1758341528
|switch|p2a: Kingambit|Kingambit, M, tera:Ghost|88/100
|-damage|p2a: Kingambit|76/100|[from] Stealth Rock
|-activate|p2a: Kingambit|ability: Supreme Overlord
|-start|p2a: Kingambit|fallen3|[silent]
|turn|26
|
|t:|1758341533
|move|p2a: Kingambit|Sucker Punch||[still]
|-fail|p2a: Kingambit
|move|p1a: Porygon11|Recover|p1a: Porygon11
|-heal|p1a: Porygon11|51/100
|
|-heal|p2a: Kingambit|82/100|[from] item: Leftovers
|-fieldend|move: Trick Room
|upkeep
|turn|27
|
|t:|1758341545
|switch|p1a: Earthworm|Orthworm, M, shiny|52/100
|-damage|p1a: Earthworm|46/100|[from] Stealth Rock
|move|p2a: Kingambit|Swords Dance|p2a: Kingambit
|-boost|p2a: Kingambit|atk|2
|
|-heal|p2a: Kingambit|88/100|[from] item: Leftovers
|upkeep
|turn|28
|
|t:|1758341551
|move|p2a: Kingambit|Kowtow Cleave|p1a: Earthworm
|-damage|p1a: Earthworm|0 fnt
|faint|p1a: Earthworm
|
|-heal|p2a: Kingambit|94/100|[from] item: Leftovers
|upkeep
|
|t:|1758341556
|switch|p1a: Glihcor|Gliscor, M, shiny, tera:Dark|72/100 tox
|-damage|p1a: Glihcor|60/100 tox|[from] Stealth Rock
|turn|29
|
|t:|1758341561
|move|p1a: Glihcor|Protect|p1a: Glihcor
|-singleturn|p1a: Glihcor|Protect
|move|p2a: Kingambit|Iron Head|p1a: Glihcor
|-activate|p1a: Glihcor|move: Protect
|
|-heal|p2a: Kingambit|99/100|[from] item: Leftovers
|-heal|p1a: Glihcor|72/100 tox|[from] ability: Poison Heal
|upkeep
|turn|30
|
|t:|1758341564
|move|p1a: Glihcor|Swords Dance|p1a: Glihcor
|-boost|p1a: Glihcor|atk|2
|move|p2a: Kingambit|Iron Head|p1a: Glihcor
|-damage|p1a: Glihcor|0 fnt
|faint|p1a: Glihcor
|
|-heal|p2a: Kingambit|100/100|[from] item: Leftovers
|upkeep
|-message|Desyree forfeited.
|
|win|976-EVILL
|raw|Desyree's rating: 1335 &rarr; <strong>1318</strong><br />(-17 for losing)
|raw|976-EVILL's rating: 1393 &rarr; <strong>1410</strong><br />(+17 for winning)
|l|☆Desyree
|player|p1|
|l|☆976-EVILL
|player|p2|
