|j|☆juaquiness
|j|☆GFYSYDAR
|t:|1758311183
|gametype|singles
|player|p1|juaquiness|102|1340
|player|p2|GFYSYDAR|scientist-gen4dp|1354
|gen|9
|tier|[Gen 9] OU
|rated|
|rule|HP Percentage Mod: HP is shown in percentages
|rule|Endless Battle Clause: Forcing endless battles is banned
|rule|Species Clause: Limit one of each Pokémon
|rule|OHKO Clause: OHKO moves are banned
|rule|Evasion Items Clause: Evasion items are banned
|rule|Evasion Moves Clause: Evasion moves are banned
|rule|Evasion Abilities Clause: Evasion abilities are banned
|rule|Sleep Moves Clause: Sleep-inducing moves are banned
|clearpoke
|poke|p1|Ting-Lu|
|poke|p1|Dragonite, M|
|poke|p1|Ceruledge, M|
|poke|p1|Zapdos|
|poke|p1|Iron Treads|
|poke|p1|Quaquaval, M|
|poke|p2|Electrode-Hisui|
|poke|p2|Gallade, M|
|poke|p2|Slowking-Galar, F|
|poke|p2|Alomomola, M|
|poke|p2|Great Tusk|
|poke|p2|Landorus-Therian, M|
|teampreview
|
|t:|1758311192
|teamsize|p1|6
|teamsize|p2|6
|start
|switch|p1a: Zapdos|Zapdos|100/100
|switch|p2a: Landorus|Landorus-Therian, M|100/100
|-ability|p2a: Landorus|Intimidate|boost
|-unboost|p1a: Zapdos|atk|1
|turn|1
|inactive|Battle timer is ON: inactive players will automatically lose when time's up. (requested by juaquiness)
|
|t:|1758311223
|move|p1a: Zapdos|Heat Wave|p2a: Landorus
|-damage|p2a: Landorus|60/100
|move|p2a: Landorus|Stealth Rock|p1a: Zapdos
|-sidestart|p1: juaquiness|move: Stealth Rock
|
|upkeep
|turn|2
|
|t:|1758311229
|switch|p2a: Slowking|Slowking-Galar, F|100/100
|move|p1a: Zapdos|Hurricane|p2a: Slowking|[miss]
|-miss|p1a: Zapdos|p2a: Slowking
|
|upkeep
|turn|3
|
|t:|1758311236
|move|p1a: Zapdos|Volt Switch|p2a: Slowking
|-damage|p2a: Slowking|79/100
|
|t:|1758311239
|switch|p1a: Iron Treads|Iron Treads|100/100|[from] Volt Switch
|-damage|p1a: Iron Treads|97/100|[from] Stealth Rock
|-prepare|p2a: Slowking|Chilly Reception|[premajor]
|move|p2a: Slowking|Chilly Reception|p2a: Slowking
|-weather|Snowscape
|
|t:|1758311260
|switch|p2a: Electrode|Electrode-Hisui, shiny|100/100|[from] Chilly Reception
|
|-weather|Snowscape|[upkeep]
|-heal|p1a: Iron Treads|100/100|[from] item: Leftovers
|upkeep
|turn|4
|
|t:|1758311268
|move|p2a: Electrode|Chloroblast|p1a: Iron Treads
|-damage|p1a: Iron Treads|0 fnt
|faint|p1a: Iron Treads
|-end|p1a: Iron Treads|Quark Drive|[silent]
|-damage|p2a: Electrode|50/100|[from] Recoil
|
|-weather|Snowscape|[upkeep]
|upkeep
|
|t:|1758311281
|switch|p1a: Dragonite|Dragonite, M|100/100
|turn|5
|
|t:|1758311292
|switch|p2a: Landorus|Landorus-Therian, M|60/100
|-ability|p2a: Landorus|Intimidate|boost
|-unboost|p1a: Dragonite|atk|1
|move|p1a: Dragonite|Dragon Dance|p1a: Dragonite
|-boost|p1a: Dragonite|atk|1
|-boost|p1a: Dragonite|spe|1
|
|-weather|Snowscape|[upkeep]
|upkeep
|turn|6
|
|t:|1758311302
|move|p1a: Dragonite|Dragon Dance|p1a: Dragonite
|-boost|p1a: Dragonite|atk|1
|-boost|p1a: Dragonite|spe|1
|move|p2a: Landorus|U-turn|p1a: Dragonite
|-resisted|p1a: Dragonite
|-damage|p1a: Dragonite|94/100
|
|t:|1758311307
|switch|p2a: Alomomola|Alomomola, M, shiny|100/100|[from] U-turn
|
|-weather|Snowscape|[upkeep]
|upkeep
|turn|7
|
|t:|1758311314
|-terastallize|p1a: Dragonite|Normal
|move|p1a: Dragonite|Extreme Speed|p2a: Alomomola
|-damage|p2a: Alomomola|62/100
|move|p2a: Alomomola|Body Slam|p1a: Dragonite
|-damage|p1a: Dragonite|76/100
|
|-weather|none
|upkeep
|turn|8
|
|t:|1758311324
|move|p1a: Dragonite|Dragon Dance|p1a: Dragonite
|-boost|p1a: Dragonite|atk|1
|-boost|p1a: Dragonite|spe|1
|move|p2a: Alomomola|Flip Turn|p1a: Dragonite
|-damage|p1a: Dragonite|58/100
|
|t:|1758311330
|switch|p2a: Landorus|Landorus-Therian, M|60/100|[from] Flip Turn
|-ability|p2a: Landorus|Intimidate|boost
|-unboost|p1a: Dragonite|atk|1
|
|upkeep
|turn|9
|
|t:|1758311351
|switch|p2a: Alomomola|Alomomola, M, shiny|95/100
|move|p1a: Dragonite|Extreme Speed|p2a: Alomomola
|-damage|p2a: Alomomola|58/100
|
|upkeep
|turn|10
|
|t:|1758311358
|move|p1a: Dragonite|Earthquake|p2a: Alomomola
|-damage|p2a: Alomomola|28/100
|move|p2a: Alomomola|Flip Turn|p1a: Dragonite
|-damage|p1a: Dragonite|39/100
|
|t:|1758311364
|switch|p2a: Landorus|Landorus-Therian, M|60/100|[from] Flip Turn
|-ability|p2a: Landorus|Intimidate|boost
|-unboost|p1a: Dragonite|atk|1
|
|upkeep
|turn|11
|
|t:|1758311374
|move|p1a: Dragonite|Extreme Speed|p2a: Landorus
|-damage|p2a: Landorus|27/100
|-damage|p1a: Dragonite|22/100|[from] item: Rocky Helmet|[of] p2a: Landorus
|move|p2a: Landorus|U-turn|p1a: Dragonite
|-damage|p1a: Dragonite|0 fnt
|faint|p1a: Dragonite
|
|t:|1758311384
|switch|p2a: Electrode|Electrode-Hisui, shiny|50/100|[from] U-turn
|
|upkeep
|
|t:|1758311390
|switch|p1a: Ceruledge|Ceruledge, M|100/100
|-damage|p1a: Ceruledge|76/100|[from] Stealth Rock
|turn|12
|
|t:|1758311396
|move|p1a: Ceruledge|Shadow Sneak|p2a: Electrode
|-damage|p2a: Electrode|9/100
|move|p2a: Electrode|Volt Switch|p1a: Ceruledge
|-damage|p1a: Ceruledge|31/100
|
|t:|1758311401
|switch|p2a: Alomomola|Alomomola, M, shiny|61/100|[from] Volt Switch
|
|upkeep
|turn|13
|
|t:|1758311406
|move|p1a: Ceruledge|Close Combat|p2a: Alomomola
|-damage|p2a: Alomomola|36/100
|-unboost|p1a: Ceruledge|def|1
|-unboost|p1a: Ceruledge|spd|1
|move|p2a: Alomomola|Wish|p2a: Alomomola
|
|upkeep
|turn|14
|
|t:|1758311433
|move|p1a: Ceruledge|Swords Dance|p1a: Ceruledge
|-boost|p1a: Ceruledge|atk|2
|move|p2a: Alomomola|Flip Turn|p1a: Ceruledge
|-supereffective|p1a: Ceruledge
|-damage|p1a: Ceruledge|0 fnt
|faint|p1a: Ceruledge
|
|t:|1758311441
|switch|p2a: Electrode|Electrode-Hisui, shiny|9/100|[from] Flip Turn
|
|-heal|p2a: Electrode|100/100|[from] move: Wish|[wisher] Alomomola
|upkeep
|
|t:|1758311443
|switch|p1a: Zapdos|Zapdos|100/100
|turn|15
|
|t:|1758311449
|move|p2a: Electrode|Volt Switch|p1a: Zapdos
|-damage|p1a: Zapdos|64/100
|
|t:|1758311452
|switch|p2a: Slowking|Slowking-Galar, F|100/100|[from] Volt Switch
|move|p1a: Zapdos|Heat Wave|p2a: Slowking
|-damage|p2a: Slowking|81/100
|
|upkeep
|turn|16
|-message|juaquiness forfeited.
|
|win|GFYSYDAR
|raw|juaquiness's rating: 1340 &rarr; <strong>1322</strong><br />(-18 for losing)
|raw|GFYSYDAR's rating: 1377 &rarr; <strong>1395</strong><br />(+18 for winning)
|l|☆juaquiness
|player|p1|
