|j|☆carloss prates
|j|☆ay cheu
|t:|1758273257
|gametype|singles
|player|p1|carloss prates|bruno|1658
|player|p2|ay cheu|riley|1576
|gen|9
|tier|[Gen 9] OU
|rated|
|rule|HP Percentage Mod: HP is shown in percentages
|rule|Endless Battle Clause: Forcing endless battles is banned
|rule|Species Clause: Limit one of each Pokémon
|rule|OHKO Clause: OHKO moves are banned
|rule|Evasion Items Clause: Evasion items are banned
|rule|Evasion Moves Clause: Evasion moves are banned
|rule|Evasion Abilities Clause: Evasion abilities are banned
|rule|Sleep Moves Clause: Sleep-inducing moves are banned
|clearpoke
|poke|p1|Ninetales-Alola, M|
|poke|p1|Dondozo, F|
|poke|p1|Iron Treads|
|poke|p1|Kyurem|
|poke|p1|Comfey, M|
|poke|p1|Polteageist|
|poke|p2|Arcanine-Hisui, M|
|poke|p2|Snorlax, M|
|poke|p2|Zoroark, M|
|poke|p2|Chesnaught, M|
|poke|p2|Gliscor, M|
|poke|p2|Fezandipiti, M|
|teampreview
|inactive|Battle timer is ON: inactive players will automatically lose when time's up. (requested by ay cheu)
|j| Nitro611
|
|t:|1758273272
|teamsize|p1|6
|teamsize|p2|6
|start
|switch|p1a: Iron Treads|Iron Treads|100/100
|switch|p2a: 阿黄|Arcanine-Hisui, M|100/100
|-enditem|p1a: Iron Treads|Booster Energy
|-activate|p1a: Iron Treads|ability: Quark Drive|[fromitem]
|-start|p1a: Iron Treads|quarkdrivespe
|turn|1
|
|t:|1758273277
|switch|p2a: Chesnaught|Chesnaught, M|100/100
|move|p1a: Iron Treads|Earth Power|p2a: Chesnaught
|-resisted|p2a: Chesnaught
|-damage|p2a: Chesnaught|83/100
|
|upkeep
|turn|2
|
|t:|1758273283
|move|p1a: Iron Treads|Stealth Rock|p2a: Chesnaught
|-sidestart|p2: ay cheu|move: Stealth Rock
|move|p2a: Chesnaught|Body Press|p1a: Iron Treads
|-supereffective|p1a: Iron Treads
|-damage|p1a: Iron Treads|16/100
|
|upkeep
|turn|3
|
|t:|1758273292
|-end|p1a: Iron Treads|Quark Drive|[silent]
|switch|p1a: Ninetales|Ninetales-Alola, M|100/100
|-weather|Snowscape|[from] ability: Snow Warning|[of] p1a: Ninetales
|move|p2a: Chesnaught|Spikes|p1a: Ninetales
|-sidestart|p1: carloss prates|Spikes
|
|-weather|Snowscape|[upkeep]
|upkeep
|turn|4
|
|t:|1758273298
|switch|p2a: Gliscor|Gliscor, M|100/100
|-damage|p2a: Gliscor|88/100|[from] Stealth Rock
|move|p1a: Ninetales|Aurora Veil|p1a: Ninetales
|-sidestart|p1: carloss prates|move: Aurora Veil
|
|-weather|Snowscape|[upkeep]
|-status|p2a: Gliscor|tox|[from] item: Toxic Orb
|upkeep
|turn|5
|
|t:|1758273301
|switch|p2a: 阿肥|Snorlax, M|100/100
|-damage|p2a: 阿肥|88/100|[from] Stealth Rock
|move|p1a: Ninetales|Freeze-Dry|p2a: 阿肥
|-damage|p2a: 阿肥|84/100
|
|-weather|Snowscape|[upkeep]
|upkeep
|turn|6
|
|t:|1758273313
|switch|p1a: Iron Treads|Iron Treads|16/100
|-damage|p1a: Iron Treads|3/100|[from] Spikes
|switch|p2a: Fezandipiti|Fezandipiti, M|100/100
|-damage|p2a: Fezandipiti|88/100|[from] Stealth Rock
|
|-weather|Snowscape|[upkeep]
|-heal|p2a: Fezandipiti|94/100|[from] item: Leftovers
|upkeep
|turn|7
|
|t:|1758273317
|switch|p2a: Chesnaught|Chesnaught, M|83/100
|-damage|p2a: Chesnaught|77/100|[from] Stealth Rock
|move|p1a: Iron Treads|Rapid Spin|p2a: Chesnaught
|-damage|p2a: Chesnaught|70/100
|-boost|p1a: Iron Treads|spe|1
|-damage|p1a: Iron Treads|0 fnt|[from] item: Rocky Helmet|[of] p2a: Chesnaught
|faint|p1a: Iron Treads
|-end|p1a: Iron Treads|Quark Drive|[silent]
|
|-weather|none
|upkeep
|
|t:|1758273320
|switch|p1a: Kyurem|Kyurem|100/100
|-damage|p1a: Kyurem|88/100|[from] Spikes
|-ability|p1a: Kyurem|Pressure
|turn|8
|
|t:|1758273326
|switch|p2a: 阿肥|Snorlax, M|84/100
|-damage|p2a: 阿肥|72/100|[from] Stealth Rock
|move|p1a: Kyurem|Freeze-Dry|p2a: 阿肥
|-damage|p2a: 阿肥|65/100
|
|upkeep
|turn|9
|
|t:|1758273334
|move|p1a: Kyurem|Earth Power|p2a: 阿肥
|-damage|p2a: 阿肥|55/100
|move|p2a: 阿肥|Body Slam|p1a: Kyurem
|-damage|p1a: Kyurem|71/100
|
|upkeep
|turn|10
|
|t:|1758273339
|move|p1a: Kyurem|Earth Power|p2a: 阿肥
|-damage|p2a: 阿肥|44/100
|move|p2a: 阿肥|Body Slam|p1a: Kyurem
|-damage|p1a: Kyurem|52/100
|
|upkeep
|turn|11
|
|t:|1758273341
|move|p1a: Kyurem|Earth Power|p2a: 阿肥
|-damage|p2a: 阿肥|34/100
|move|p2a: 阿肥|Body Slam|p1a: Kyurem
|-damage|p1a: Kyurem|36/100
|
|-sideend|p1: carloss prates|move: Aurora Veil
|upkeep
|turn|12
|
|t:|1758273344
|move|p1a: Kyurem|Icicle Spear|p2a: 阿肥
|-damage|p2a: 阿肥|29/100
|-damage|p2a: 阿肥|23/100
|-hitcount|p2a: 阿肥|2
|move|p2a: 阿肥|Body Slam|p1a: Kyurem
|-damage|p1a: Kyurem|3/100
|-status|p1a: Kyurem|par
|
|upkeep
|turn|13
|
|t:|1758273350
|move|p1a: Kyurem|Icicle Spear|p2a: 阿肥
|-damage|p2a: 阿肥|19/100
|-damage|p2a: 阿肥|13/100
|-hitcount|p2a: 阿肥|2
|move|p2a: 阿肥|Body Slam|p1a: Kyurem
|-damage|p1a: Kyurem|0 fnt
|faint|p1a: Kyurem
|
|upkeep
|
|t:|1758273355
|switch|p1a: Ninetales|Ninetales-Alola, M|100/100
|-damage|p1a: Ninetales|88/100|[from] Spikes
|-weather|Snowscape|[from] ability: Snow Warning|[of] p1a: Ninetales
|turn|14
|
|t:|1758273357
|move|p1a: Ninetales|Aurora Veil|p1a: Ninetales
|-sidestart|p1: carloss prates|move: Aurora Veil
|move|p2a: 阿肥|Body Slam|p1a: Ninetales
|-damage|p1a: Ninetales|75/100
|-status|p1a: Ninetales|par
|
|-weather|Snowscape|[upkeep]
|upkeep
|turn|15
|
|t:|1758273360
|move|p1a: Ninetales|Freeze-Dry|p2a: 阿肥
|-damage|p2a: 阿肥|9/100
|move|p2a: 阿肥|Heat Crash|p1a: Ninetales
|-supereffective|p1a: Ninetales
|-damage|p1a: Ninetales|49/100 par
|
|-weather|Snowscape|[upkeep]
|upkeep
|turn|16
|
|t:|1758273366
|switch|p1a: Polteageist|Polteageist|100/100
|-damage|p1a: Polteageist|88/100|[from] Spikes
|move|p2a: 阿肥|Earthquake|p1a: Polteageist
|-damage|p1a: Polteageist|75/100
|-start|p2a: 阿肥|Disable|Earthquake|[from] ability: Cursed Body|[of] p1a: Polteageist
|
|-weather|Snowscape|[upkeep]
|upkeep
|turn|17
|
|t:|1758273379
|switch|p2a: Fezandipiti|Fezandipiti, M|94/100
|-damage|p2a: Fezandipiti|82/100|[from] Stealth Rock
|move|p1a: Polteageist|Shell Smash|p1a: Polteageist
|-unboost|p1a: Polteageist|def|1
|-unboost|p1a: Polteageist|spd|1
|-boost|p1a: Polteageist|atk|2
|-boost|p1a: Polteageist|spa|2
|-boost|p1a: Polteageist|spe|2
|-enditem|p1a: Polteageist|White Herb
|-clearnegativeboost|p1a: Polteageist|[silent]
|
|-weather|Snowscape|[upkeep]
|-heal|p2a: Fezandipiti|88/100|[from] item: Leftovers
|upkeep
|turn|18
|
|t:|1758273383
|-terastallize|p2a: Fezandipiti|Steel
|move|p1a: Polteageist|Shadow Ball|p2a: Fezandipiti
|-damage|p2a: Fezandipiti|34/100
|move|p2a: Fezandipiti|Calm Mind|p2a: Fezandipiti
|-boost|p2a: Fezandipiti|spa|1
|-boost|p2a: Fezandipiti|spd|1
|
|-weather|none
|-heal|p2a: Fezandipiti|40/100|[from] item: Leftovers
|upkeep
|turn|19
|
|t:|1758273390
|-terastallize|p1a: Polteageist|Fighting
|move|p1a: Polteageist|Tera Blast|p2a: Fezandipiti|[anim] Tera Blast Fighting
|-supereffective|p2a: Fezandipiti
|-damage|p2a: Fezandipiti|0 fnt
|faint|p2a: Fezandipiti
|
|upkeep
|
|t:|1758273400
|switch|p2a: 阿肥|Snorlax, M|9/100
|-damage|p2a: 阿肥|0 fnt|[from] Stealth Rock
|faint|p2a: 阿肥
|
|t:|1758273404
|switch|p2a: Gliscor|Gliscor, M|88/100 tox
|-damage|p2a: Gliscor|75/100 tox|[from] Stealth Rock
|turn|20
|
|t:|1758273410
|move|p1a: Polteageist|Shadow Ball|p2a: Gliscor
|-damage|p2a: Gliscor|0 fnt
|faint|p2a: Gliscor
|
|upkeep
|
|t:|1758273413
|switch|p2a: 阿黄|Arcanine-Hisui, M|100/100
|-damage|p2a: 阿黄|88/100|[from] Stealth Rock
|turn|21
|-message|ay cheu forfeited.
|
|win|carloss prates
|raw|carloss prates's rating: 1658 &rarr; <strong>1673</strong><br />(+15 for winning)
|raw|ay cheu's rating: 1576 &rarr; <strong>1561</strong><br />(-15 for losing)
|l|☆ay cheu
|player|p2|
|l|☆carloss prates
|player|p1|
|l| Nitro611
