|j|☆gredinja
|j|☆im on a car
|t:|1758328720
|gametype|singles
|player|p1|gredinja|102|1066
|player|p2|im on a car|boarder|1059
|gen|9
|tier|[Gen 9] OU
|rated|
|rule|HP Percentage Mod: HP is shown in percentages
|rule|Endless Battle Clause: Forcing endless battles is banned
|rule|Species Clause: Limit one of each Pokémon
|rule|OHKO Clause: OHKO moves are banned
|rule|Evasion Items Clause: Evasion items are banned
|rule|Evasion Moves Clause: Evasion moves are banned
|rule|Evasion Abilities Clause: Evasion abilities are banned
|rule|Sleep Moves Clause: Sleep-inducing moves are banned
|clearpoke
|poke|p1|Kingambit, F|
|poke|p1|Landorus-Therian, M|
|poke|p1|Corviknight, M|
|poke|p1|Toxapex, F|
|poke|p1|Rotom-Heat|
|poke|p1|Clefable, M|
|poke|p2|Darkrai|
|poke|p2|Ogerpon-Wellspring, F|
|poke|p2|Great Tusk|
|poke|p2|Gholdengo|
|poke|p2|Cinderace, M|
|poke|p2|Deoxys-Speed|
|teampreview
|
|t:|1758328724
|teamsize|p1|6
|teamsize|p2|6
|start
|switch|p1a: Landorus|Landorus-Therian, M|100/100
|switch|p2a: Great Tusk|Great Tusk|100/100
|-ability|p1a: Landorus|Intimidate|boost
|-unboost|p2a: Great Tusk|atk|1
|turn|1
|
|t:|1758328735
|move|p2a: Great Tusk|Ice Spinner|p1a: Landorus
|-supereffective|p1a: Landorus
|-damage|p1a: Landorus|44/100
|move|p1a: Landorus|Earthquake|p2a: Great Tusk
|-damage|p2a: Great Tusk|67/100
|
|-heal|p1a: Landorus|50/100|[from] item: Leftovers
|upkeep
|turn|2
|c|☆im on a car|67
|
|t:|1758328744
|switch|p1a: Rotom|Rotom-Heat|100/100
|move|p2a: Great Tusk|Ice Spinner|p1a: Rotom
|-resisted|p1a: Rotom
|-damage|p1a: Rotom|88/100
|
|-heal|p1a: Rotom|95/100|[from] item: Leftovers
|upkeep
|turn|3
|
|t:|1758328761
|move|p2a: Great Tusk|Close Combat|p1a: Rotom
|-damage|p1a: Rotom|41/100
|-unboost|p2a: Great Tusk|def|1
|-unboost|p2a: Great Tusk|spd|1
|move|p1a: Rotom|Will-O-Wisp|p2a: Great Tusk
|-status|p2a: Great Tusk|brn
|
|-heal|p1a: Rotom|47/100|[from] item: Leftovers
|-damage|p2a: Great Tusk|61/100 brn|[from] brn
|upkeep
|turn|4
|
|t:|1758328772
|-end|p2a: Great Tusk|Protosynthesis|[silent]
|switch|p2a: Cinderace|Cinderace, M|100/100
|move|p1a: Rotom|Volt Switch|p2a: Cinderace
|-damage|p2a: Cinderace|53/100
|
|t:|1758328778
|switch|p1a: Toxapex|Toxapex, F|100/100|[from] Volt Switch
|
|upkeep
|turn|5
|
|t:|1758328787
|move|p2a: Cinderace|U-turn|p1a: Toxapex
|-start|p2a: Cinderace|typechange|Bug|[from] ability: Libero
|-resisted|p1a: Toxapex
|-damage|p1a: Toxapex|90/100
|
|t:|1758328793
|switch|p2a: Great Tusk|Great Tusk|61/100 brn|[from] U-turn
|move|p1a: Toxapex|Toxic||[still]
|-fail|p1a: Toxapex
|
|-damage|p2a: Great Tusk|55/100 brn|[from] brn
|upkeep
|turn|6
|
|t:|1758328805
|move|p2a: Great Tusk|Headlong Rush|p1a: Toxapex
|-supereffective|p1a: Toxapex
|-damage|p1a: Toxapex|51/100
|-unboost|p2a: Great Tusk|def|1
|-unboost|p2a: Great Tusk|spd|1
|move|p1a: Toxapex|Liquidation|p2a: Great Tusk
|-supereffective|p2a: Great Tusk
|-damage|p2a: Great Tusk|14/100 brn
|-unboost|p2a: Great Tusk|def|1
|
|-damage|p2a: Great Tusk|8/100 brn|[from] brn
|upkeep
|turn|7
|
|t:|1758328819
|switch|p1a: Corviknight|Corviknight, M|100/100
|move|p2a: Great Tusk|Headlong Rush|p1a: Corviknight
|-immune|p1a: Corviknight
|
|-damage|p2a: Great Tusk|2/100 brn|[from] brn
|upkeep
|turn|8
|
|t:|1758328831
|move|p2a: Great Tusk|Close Combat|p1a: Corviknight
|-damage|p1a: Corviknight|83/100
|-unboost|p2a: Great Tusk|def|1
|-unboost|p2a: Great Tusk|spd|1
|move|p1a: Corviknight|U-turn|p2a: Great Tusk
|-resisted|p2a: Great Tusk
|-crit|p2a: Great Tusk
|-damage|p2a: Great Tusk|0 fnt
|faint|p2a: Great Tusk
|-end|p2a: Great Tusk|Protosynthesis|[silent]
|
|t:|1758328841
|switch|p1a: Landorus|Landorus-Therian, M|50/100|[from] U-turn
|
|-heal|p1a: Landorus|56/100|[from] item: Leftovers
|upkeep
|
|t:|1758328853
|switch|p2a: Ogerpon|Ogerpon-Wellspring, F|100/100
|turn|9
|
|t:|1758328862
|move|p2a: Ogerpon|Ivy Cudgel|p1a: Landorus|[anim] Ivy Cudgel Water
|-supereffective|p1a: Landorus
|-damage|p1a: Landorus|0 fnt
|faint|p1a: Landorus
|
|upkeep
|
|t:|1758328871
|switch|p1a: Corviknight|Corviknight, M|83/100
|turn|10
|
|t:|1758328878
|move|p2a: Ogerpon|Swords Dance|p2a: Ogerpon
|-boost|p2a: Ogerpon|atk|2
|move|p1a: Corviknight|Brave Bird|p2a: Ogerpon
|-supereffective|p2a: Ogerpon
|-damage|p2a: Ogerpon|3/100
|-damage|p1a: Corviknight|58/100|[from] Recoil
|
|upkeep
|turn|11
|
|t:|1758328890
|move|p2a: Ogerpon|Ivy Cudgel|p1a: Corviknight|[anim] Ivy Cudgel Water
|-crit|p1a: Corviknight
|-damage|p1a: Corviknight|0 fnt
|faint|p1a: Corviknight
|
|upkeep
|
|t:|1758328896
|switch|p1a: Clefable|Clefable, M|100/100
|turn|12
|
|t:|1758328910
|move|p2a: Ogerpon|Horn Leech|p1a: Clefable
|-damage|p1a: Clefable|42/100
|-heal|p2a: Ogerpon|41/100|[from] drain|[of] p1a: Clefable
|move|p1a: Clefable|Flamethrower|p2a: Ogerpon
|-crit|p2a: Ogerpon
|-damage|p2a: Ogerpon|4/100
|
|-heal|p1a: Clefable|48/100|[from] item: Leftovers
|upkeep
|turn|13
|
|t:|1758328920
|move|p2a: Ogerpon|Horn Leech|p1a: Clefable
|-damage|p1a: Clefable|0 fnt
|-heal|p2a: Ogerpon|36/100|[from] drain|[of] p1a: Clefable
|faint|p1a: Clefable
|
|upkeep
|
|t:|1758328928
|switch|p1a: Rotom|Rotom-Heat|47/100
|turn|14
|
|t:|1758328933
|move|p2a: Ogerpon|Ivy Cudgel|p1a: Rotom|[anim] Ivy Cudgel Water
|-supereffective|p1a: Rotom
|-damage|p1a: Rotom|0 fnt
|faint|p1a: Rotom
|
|upkeep
|
|t:|1758328939
|switch|p1a: Toxapex|Toxapex, F|84/100
|turn|15
|
|t:|1758328943
|move|p2a: Ogerpon|Horn Leech|p1a: Toxapex
|-crit|p1a: Toxapex
|-damage|p1a: Toxapex|0 fnt
|-heal|p2a: Ogerpon|78/100|[from] drain|[of] p1a: Toxapex
|faint|p1a: Toxapex
|
|upkeep
|
|t:|1758328950
|switch|p1a: Lebron|Kingambit, F|100/100
|-activate|p1a: Lebron|ability: Supreme Overlord
|-start|p1a: Lebron|fallen5|[silent]
|turn|16
|
|t:|1758328956
|-terastallize|p2a: Ogerpon|Water
|detailschange|p2a: Ogerpon|Ogerpon-Wellspring-Tera, F, tera:Water
|-ability|p2a: Ogerpon|Embody Aspect (Wellspring)|boost
|-boost|p2a: Ogerpon|spd|1
|-terastallize|p1a: Lebron|Dark
|move|p1a: Lebron|Sucker Punch|p2a: Ogerpon
|-damage|p2a: Ogerpon|0 fnt
|faint|p2a: Ogerpon
|detailschange|p2: Ogerpon|Ogerpon-Wellspring, F|[silent]
|
|upkeep
|
|t:|1758328970
|switch|p2a: Gholdengo|Gholdengo|100/100
|-item|p2a: Gholdengo|Air Balloon
|turn|17
|
|t:|1758328978
|move|p2a: Gholdengo|Nasty Plot|p2a: Gholdengo
|-boost|p2a: Gholdengo|spa|2
|move|p1a: Lebron|Kowtow Cleave|p2a: Gholdengo
|-supereffective|p2a: Gholdengo
|-damage|p2a: Gholdengo|0 fnt
|-enditem|p2a: Gholdengo|Air Balloon
|faint|p2a: Gholdengo
|
|upkeep
|
|t:|1758328985
|switch|p2a: Cinderace|Cinderace, M|53/100
|turn|18
|
|t:|1758328989
|move|p2a: Cinderace|Pyro Ball|p1a: Lebron
|-damage|p1a: Lebron|60/100
|move|p1a: Lebron|Kowtow Cleave|p2a: Cinderace
|-damage|p2a: Cinderace|0 fnt
|faint|p2a: Cinderace
|
|upkeep
|
|t:|1758328994
|switch|p2a: Darkrai|Darkrai|100/100
|turn|19
|
|t:|1758329014
|move|p2a: Darkrai|Will-O-Wisp|p1a: Lebron
|-status|p1a: Lebron|brn
|move|p1a: Lebron|Iron Head|p2a: Darkrai
|-damage|p2a: Darkrai|54/100
|
|-damage|p1a: Lebron|54/100 brn|[from] brn
|upkeep
|turn|20
|
|t:|1758329022
|move|p2a: Darkrai|Sludge Bomb|p1a: Lebron
|-damage|p1a: Lebron|13/100 brn
|-damage|p2a: Darkrai|44/100|[from] item: Life Orb
|move|p1a: Lebron|Kowtow Cleave|p2a: Darkrai
|-resisted|p2a: Darkrai
|-damage|p2a: Darkrai|5/100
|
|-damage|p1a: Lebron|7/100 brn|[from] brn
|upkeep
|turn|21
|
|t:|1758329035
|move|p2a: Darkrai|Sludge Bomb|p1a: Lebron
|-crit|p1a: Lebron
|-damage|p1a: Lebron|0 fnt
|faint|p1a: Lebron
|-end|p1a: Lebron|fallen5|[silent]
|-damage|p2a: Darkrai|0 fnt|[from] item: Life Orb
|faint|p2a: Darkrai
|
|win|im on a car
|raw|gredinja's rating: 1042 &rarr; <strong>1026</strong><br />(-16 for losing)
|raw|im on a car's rating: 1059 &rarr; <strong>1089</strong><br />(+30 for winning)
