|j|☆Excelio21
|j|☆psychic boy clancy
|t:|1758371106
|gametype|singles
|player|p1|Excelio21|riley|1504
|player|p2|psychic boy clancy|pryce|1638
|gen|9
|tier|[Gen 9] OU
|rated|
|rule|HP Percentage Mod: HP is shown in percentages
|rule|Endless Battle Clause: Forcing endless battles is banned
|rule|Species Clause: Limit one of each Pokémon
|rule|OHKO Clause: OHKO moves are banned
|rule|Evasion Items Clause: Evasion items are banned
|rule|Evasion Moves Clause: Evasion moves are banned
|rule|Evasion Abilities Clause: Evasion abilities are banned
|rule|Sleep Moves Clause: Sleep-inducing moves are banned
|clearpoke
|poke|p1|Ogerpon-Wellspring, F|
|poke|p1|Blissey, F|
|poke|p1|Weezing-Galar, F|
|poke|p1|Primarina, M|
|poke|p1|Weavile, F|
|poke|p1|Pelipper, M|
|poke|p2|Great Tusk|
|poke|p2|Enamorus, F|
|poke|p2|Ogerpon, F|
|poke|p2|Primarina, M|
|poke|p2|Kingambit, F|
|poke|p2|Slowking-Galar, F|
|teampreview
|inactive|Battle timer is ON: inactive players will automatically lose when time's up. (requested by Excelio21)
|inactive|Excelio21 has 120 seconds left.
|inactive|Excelio21 has 90 seconds left.
|
|t:|1758371178
|teamsize|p1|6
|teamsize|p2|6
|start
|switch|p1a: Weavile|Weavile, F|100/100
|switch|p2a: Slowking|Slowking-Galar, F|100/100
|-ability|p1a: Weavile|Pressure
|turn|1
|
|t:|1758371188
|switch|p2a: Great Tusk|Great Tusk|100/100
|move|p1a: Weavile|Knock Off|p2a: Great Tusk
|-resisted|p2a: Great Tusk
|-damage|p2a: Great Tusk|81/100
|-damage|p1a: Weavile|84/100|[from] item: Rocky Helmet|[of] p2a: Great Tusk
|-enditem|p2a: Great Tusk|Rocky Helmet|[from] move: Knock Off|[of] p1a: Weavile
|
|upkeep
|turn|2
|inactive|Excelio21 has 120 seconds left.
|
|t:|1758371224
|switch|p1a: Pelipper|Pelipper, M|100/100
|-weather|RainDance|[from] ability: Drizzle|[of] p1a: Pelipper
|move|p2a: Great Tusk|Stealth Rock|p1a: Pelipper
|-sidestart|p1: Excelio21|move: Stealth Rock
|
|-weather|RainDance|[upkeep]
|upkeep
|turn|3
|inactive|Excelio21 has 120 seconds left.
|j| LilPachinki
|
|t:|1758371237
|-end|p2a: Great Tusk|Protosynthesis|[silent]
|switch|p2a: Slowking|Slowking-Galar, F|100/100
|move|p1a: Pelipper|Hurricane|p2a: Slowking
|-damage|p2a: Slowking|61/100
|
|-weather|RainDance|[upkeep]
|upkeep
|turn|4
|inactive|Excelio21 has 120 seconds left.
|
|t:|1758371247
|move|p1a: Pelipper|Hurricane|p2a: Slowking
|-damage|p2a: Slowking|19/100
|-start|p2a: Slowking|confusion
|-activate|p2a: Slowking|confusion
|-damage|p2a: Slowking|16/100|[from] confusion
|
|-weather|RainDance|[upkeep]
|upkeep
|turn|5
|
|t:|1758371260
|move|p1a: Pelipper|Hurricane|p2a: Slowking
|-crit|p2a: Slowking
|-damage|p2a: Slowking|0 fnt
|faint|p2a: Slowking
|
|-weather|RainDance|[upkeep]
|upkeep
|
|t:|1758371274
|switch|p2a: Enamorus|Enamorus, F|100/100
|turn|6
|
|t:|1758371283
|switch|p1a: Weezing|Weezing-Galar, F|100/100
|-damage|p1a: Weezing|88/100|[from] Stealth Rock
|move|p2a: Enamorus|Moonblast|p1a: Weezing
|-resisted|p1a: Weezing
|-damage|p1a: Weezing|61/100
|
|-weather|none
|-heal|p1a: Weezing|67/100|[from] item: Black Sludge
|upkeep
|turn|7
|
|t:|1758371295
|switch|p2a: Great Tusk|Great Tusk|81/100
|move|p1a: Weezing|Will-O-Wisp|p2a: Great Tusk
|-status|p2a: Great Tusk|brn
|
|-heal|p1a: Weezing|73/100|[from] item: Black Sludge
|-damage|p2a: Great Tusk|75/100 brn|[from] brn
|upkeep
|turn|8
|inactive|Excelio21 has 120 seconds left.
|
|t:|1758371331
|-end|p2a: Great Tusk|Protosynthesis|[silent]
|switch|p2a: Ogerpon|Ogerpon, F|100/100
|move|p1a: Weezing|Pain Split|p2a: Ogerpon
|-sethp|p2a: Ogerpon|91/100|[from] move: Pain Split|[silent]
|-sethp|p1a: Weezing|82/100|[from] move: Pain Split
|
|-heal|p1a: Weezing|88/100|[from] item: Black Sludge
|upkeep
|turn|9
|inactive|Excelio21 has 120 seconds left.
|
|t:|1758371342
|move|p2a: Ogerpon|U-turn|p1a: Weezing
|-resisted|p1a: Weezing
|-damage|p1a: Weezing|80/100
|
|t:|1758371348
|switch|p2a: Primarina|Primarina, M|100/100|[from] U-turn
|move|p1a: Weezing|Will-O-Wisp|p2a: Primarina
|-status|p2a: Primarina|brn
|
|-heal|p1a: Weezing|86/100|[from] item: Black Sludge
|-damage|p2a: Primarina|94/100 brn|[from] brn
|upkeep
|turn|10
|
|t:|1758371359
|switch|p1a: Blissey|Blissey, F|100/100
|-damage|p1a: Blissey|88/100|[from] Stealth Rock
|move|p2a: Primarina|Substitute|p2a: Primarina
|-start|p2a: Primarina|Substitute
|-damage|p2a: Primarina|70/100 brn
|
|-heal|p2a: Primarina|76/100 brn|[from] item: Leftovers
|-heal|p1a: Blissey|94/100|[from] item: Leftovers
|-damage|p2a: Primarina|70/100 brn|[from] brn
|upkeep
|turn|11
|
|t:|1758371370
|move|p2a: Primarina|Whirlpool|p1a: Blissey
|-damage|p1a: Blissey|87/100
|-activate|p1a: Blissey|move: Whirlpool|[of] p2a: Primarina
|move|p1a: Blissey|Seismic Toss|p2a: Primarina
|-end|p2a: Primarina|Substitute
|
|-heal|p2a: Primarina|76/100 brn|[from] item: Leftovers
|-heal|p1a: Blissey|93/100|[from] item: Leftovers
|-damage|p2a: Primarina|70/100 brn|[from] brn
|-damage|p1a: Blissey|80/100|[from] move: Whirlpool|[partiallytrapped]
|upkeep
|turn|12
|
|t:|1758371382
|-terastallize|p2a: Primarina|Ghost
|move|p2a: Primarina|Psychic Noise|p1a: Blissey
|-damage|p1a: Blissey|64/100
|-start|p1a: Blissey|move: Heal Block
|move|p1a: Blissey|Seismic Toss|p2a: Primarina
|-immune|p2a: Primarina
|
|-heal|p2a: Primarina|76/100 brn|[from] item: Leftovers
|-damage|p2a: Primarina|70/100 brn|[from] brn
|-damage|p1a: Blissey|52/100|[from] move: Whirlpool|[partiallytrapped]
|upkeep
|turn|13
|
|t:|1758371403
|move|p2a: Primarina|Moonblast|p1a: Blissey
|-damage|p1a: Blissey|34/100
|move|p1a: Blissey|Stealth Rock|p2a: Primarina
|-sidestart|p2: psychic boy clancy|move: Stealth Rock
|
|-heal|p2a: Primarina|76/100 brn|[from] item: Leftovers
|-damage|p2a: Primarina|70/100 brn|[from] brn
|-damage|p1a: Blissey|21/100|[from] move: Whirlpool|[partiallytrapped]
|-end|p1a: Blissey|move: Heal Block
|upkeep
|turn|14
|
|t:|1758371414
|move|p2a: Primarina|Psychic Noise|p1a: Blissey
|-damage|p1a: Blissey|5/100
|-start|p1a: Blissey|move: Heal Block
|cant|p1a: Blissey|move: Heal Block|Soft-Boiled
|
|-heal|p2a: Primarina|76/100 brn|[from] item: Leftovers
|-damage|p2a: Primarina|70/100 brn|[from] brn
|-damage|p1a: Blissey|0 fnt|[from] move: Whirlpool|[partiallytrapped]
|faint|p1a: Blissey
|upkeep
|
|t:|1758371419
|switch|p1a: Weavile|Weavile, F|84/100
|-damage|p1a: Weavile|59/100|[from] Stealth Rock
|-ability|p1a: Weavile|Pressure
|turn|15
|
|t:|1758371431
|switch|p2a: Great Tusk|Great Tusk|75/100 brn
|-damage|p2a: Great Tusk|72/100 brn|[from] Stealth Rock
|move|p1a: Weavile|Icicle Crash|p2a: Great Tusk
|-supereffective|p2a: Great Tusk
|-damage|p2a: Great Tusk|0 fnt
|faint|p2a: Great Tusk
|-end|p2a: Great Tusk|Protosynthesis|[silent]
|
|upkeep
|
|t:|1758371440
|switch|p2a: Kingambit|Kingambit, F|100/100
|-damage|p2a: Kingambit|94/100|[from] Stealth Rock
|-activate|p2a: Kingambit|ability: Supreme Overlord
|-start|p2a: Kingambit|fallen2|[silent]
|turn|16
|
|t:|1758371454
|switch|p1a: Ogerpon|Ogerpon-Wellspring, F|100/100
|-damage|p1a: Ogerpon|88/100|[from] Stealth Rock
|move|p2a: Kingambit|Iron Head|p1a: Ogerpon
|-resisted|p1a: Ogerpon
|-damage|p1a: Ogerpon|49/100
|
|-heal|p2a: Kingambit|100/100|[from] item: Leftovers
|upkeep
|turn|17
|
|t:|1758371475
|move|p1a: Ogerpon|Encore|p2a: Kingambit
|-start|p2a: Kingambit|Encore
|move|p2a: Kingambit|Iron Head|p1a: Ogerpon
|-resisted|p1a: Ogerpon
|-damage|p1a: Ogerpon|12/100
|
|upkeep
|turn|18
|
|t:|1758371485
|move|p1a: Ogerpon|Ivy Cudgel|p2a: Kingambit|[anim] Ivy Cudgel Water
|-damage|p2a: Kingambit|51/100
|move|p2a: Kingambit|Iron Head|p1a: Ogerpon
|-resisted|p1a: Ogerpon
|-damage|p1a: Ogerpon|0 fnt
|faint|p1a: Ogerpon
|
|-heal|p2a: Kingambit|57/100|[from] item: Leftovers
|upkeep
|
|t:|1758371493
|switch|p1a: Pelipper|Pelipper, M|100/100
|-damage|p1a: Pelipper|76/100|[from] Stealth Rock
|-weather|RainDance|[from] ability: Drizzle|[of] p1a: Pelipper
|turn|19
|j| Nikator98
|
|t:|1758371511
|-end|p2a: Kingambit|fallen2|[silent]
|switch|p2a: Ogerpon|Ogerpon, F|91/100
|-damage|p2a: Ogerpon|78/100|[from] Stealth Rock
|move|p1a: Pelipper|Surf|p2a: Ogerpon
|-resisted|p2a: Ogerpon
|-damage|p2a: Ogerpon|24/100
|
|-weather|RainDance|[upkeep]
|upkeep
|turn|20
|inactive|Excelio21 has 120 seconds left.
|
|t:|1758371547
|move|p2a: Ogerpon|Knock Off|p1a: Pelipper
|-damage|p1a: Pelipper|22/100
|-enditem|p1a: Pelipper|Choice Specs|[from] move: Knock Off|[of] p2a: Ogerpon
|move|p1a: Pelipper|Surf|p2a: Ogerpon
|-resisted|p2a: Ogerpon
|-damage|p2a: Ogerpon|0 fnt
|faint|p2a: Ogerpon
|
|-weather|RainDance|[upkeep]
|upkeep
|inactive|psychic boy clancy has 120 seconds left.
|
|t:|1758371571
|switch|p2a: Enamorus|Enamorus, F|100/100
|-damage|p2a: Enamorus|76/100|[from] Stealth Rock
|turn|21
|
|t:|1758371580
|move|p2a: Enamorus|Moonblast|p1a: Pelipper
|-damage|p1a: Pelipper|0 fnt
|faint|p1a: Pelipper
|
|-weather|RainDance|[upkeep]
|upkeep
|
|t:|1758371586
|switch|p1a: Weezing|Weezing-Galar, F|86/100
|-damage|p1a: Weezing|74/100|[from] Stealth Rock
|turn|22
|
|t:|1758371592
|switch|p2a: Primarina|Primarina, M, tera:Ghost|70/100 brn
|-damage|p2a: Primarina|57/100 brn|[from] Stealth Rock
|move|p1a: Weezing|Will-O-Wisp|p2a: Primarina
|-fail|p2a: Primarina|brn
|
|-weather|RainDance|[upkeep]
|-heal|p2a: Primarina|63/100 brn|[from] item: Leftovers
|-heal|p1a: Weezing|80/100|[from] item: Black Sludge
|-damage|p2a: Primarina|57/100 brn|[from] brn
|upkeep
|turn|23
|l| LilPachinki
|
|t:|1758371605
|move|p1a: Weezing|Sludge Wave|p2a: Primarina
|-resisted|p2a: Primarina
|-damage|p2a: Primarina|45/100 brn
|move|p2a: Primarina|Whirlpool|p1a: Weezing
|-crit|p1a: Weezing
|-damage|p1a: Weezing|39/100
|-activate|p1a: Weezing|move: Whirlpool|[of] p2a: Primarina
|
|-weather|none
|-heal|p2a: Primarina|51/100 brn|[from] item: Leftovers
|-heal|p1a: Weezing|45/100|[from] item: Black Sludge
|-damage|p2a: Primarina|45/100 brn|[from] brn
|-damage|p1a: Weezing|33/100|[from] move: Whirlpool|[partiallytrapped]
|upkeep
|turn|24
|
|t:|1758371621
|move|p1a: Weezing|Memento|p2a: Primarina
|-unboost|p2a: Primarina|atk|2
|-unboost|p2a: Primarina|spa|2
|faint|p1a: Weezing
|move|p2a: Primarina|Psychic Noise|p1: Weezing|[notarget]
|-fail|p2a: Primarina
|
|-heal|p2a: Primarina|51/100 brn|[from] item: Leftovers
|-damage|p2a: Primarina|45/100 brn|[from] brn
|upkeep
|
|t:|1758371628
|switch|p1a: Weavile|Weavile, F|59/100
|-damage|p1a: Weavile|34/100|[from] Stealth Rock
|-ability|p1a: Weavile|Pressure
|turn|25
|
|t:|1758371635
|move|p1a: Weavile|Knock Off|p2a: Primarina
|-supereffective|p2a: Primarina
|-damage|p2a: Primarina|0 fnt
|-enditem|p2a: Primarina|Leftovers|[from] move: Knock Off|[of] p1a: Weavile
|faint|p2a: Primarina
|
|upkeep
|
|t:|1758371643
|switch|p2a: Kingambit|Kingambit, F|57/100
|-damage|p2a: Kingambit|51/100|[from] Stealth Rock
|-activate|p2a: Kingambit|ability: Supreme Overlord
|-start|p2a: Kingambit|fallen4|[silent]
|turn|26
|
|t:|1758371650
|move|p1a: Weavile|Knock Off|p2a: Kingambit
|-resisted|p2a: Kingambit
|-damage|p2a: Kingambit|23/100
|-enditem|p2a: Kingambit|Leftovers|[from] move: Knock Off|[of] p1a: Weavile
|move|p2a: Kingambit|Iron Head|p1a: Weavile
|-supereffective|p1a: Weavile
|-damage|p1a: Weavile|0 fnt
|faint|p1a: Weavile
|
|upkeep
|
|t:|1758371654
|switch|p1a: Primarina|Primarina, M|100/100
|-damage|p1a: Primarina|88/100|[from] Stealth Rock
|turn|27
|
|t:|1758371665
|move|p2a: Kingambit|Iron Head|p1a: Primarina
|-crit|p1a: Primarina
|-damage|p1a: Primarina|0 fnt
|faint|p1a: Primarina
|
|win|psychic boy clancy
|raw|Excelio21's rating: 1504 &rarr; <strong>1491</strong><br />(-13 for losing)
|raw|psychic boy clancy's rating: 1638 &rarr; <strong>1651</strong><br />(+13 for winning)
|l|☆Excelio21
|player|p1|
|l|☆psychic boy clancy
|player|p2|
|l| Nikator98
