|j|☆PirateKingJoyBoy
|j|☆Cchronos
|t:|1758341016
|gametype|singles
|player|p1|PirateKingJoyBoy|170|1594
|player|p2|Cchronos|clerk|1589
|gen|9
|tier|[Gen 9] OU
|rated|
|rule|HP Percentage Mod: HP is shown in percentages
|rule|Endless Battle Clause: Forcing endless battles is banned
|rule|Species Clause: Limit one of each Pokémon
|rule|OHKO Clause: OHKO moves are banned
|rule|Evasion Items Clause: Evasion items are banned
|rule|Evasion Moves Clause: Evasion moves are banned
|rule|Evasion Abilities Clause: Evasion abilities are banned
|rule|Sleep Moves Clause: Sleep-inducing moves are banned
|clearpoke
|poke|p1|Cinderace, F|
|poke|p1|Landorus-Therian, M|
|poke|p1|Gholdengo|
|poke|p1|Clefable, M|
|poke|p1|Mimikyu, M|
|poke|p1|Toxapex, M|
|poke|p2|Iron Valiant|
|poke|p2|Gliscor, F|
|poke|p2|Gholdengo|
|poke|p2|Tinkaton, F|
|poke|p2|Zamazenta-*|
|poke|p2|Great Tusk|
|teampreview
|
|t:|1758341028
|teamsize|p1|6
|teamsize|p2|6
|start
|switch|p1a: Landorus|Landorus-Therian, M|100/100
|switch|p2a: Tinkaton|Tinkaton, F|100/100
|-item|p2a: Tinkaton|Air Balloon
|-ability|p1a: Landorus|Intimidate|boost
|-unboost|p2a: Tinkaton|atk|1
|turn|1
|
|t:|1758341043
|move|p2a: Tinkaton|Stealth Rock|p1a: Landorus
|-sidestart|p1: PirateKingJoyBoy|move: Stealth Rock
|move|p1a: Landorus|U-turn|p2a: Tinkaton
|-resisted|p2a: Tinkaton
|-damage|p2a: Tinkaton|94/100
|-enditem|p2a: Tinkaton|Air Balloon
|-enditem|p1a: Landorus|Leftovers|[silent]|[from] ability: Pickpocket|[of] p1a: Landorus
|-item|p2a: Tinkaton|Leftovers|[from] ability: Pickpocket|[of] p1a: Landorus
|
|t:|1758341059
|switch|p1a: Cinderace|Cinderace, F|100/100|[from] U-turn
|
|-heal|p2a: Tinkaton|100/100|[from] item: Leftovers
|upkeep
|turn|2
|
|t:|1758341092
|switch|p2a: Great Tusk|Great Tusk|100/100
|-enditem|p2a: Great Tusk|Booster Energy
|-activate|p2a: Great Tusk|ability: Protosynthesis|[fromitem]
|-start|p2a: Great Tusk|protosynthesisatk
|move|p1a: Cinderace|Pyro Ball|p2a: Great Tusk
|-damage|p2a: Great Tusk|65/100
|
|upkeep
|turn|3
|
|t:|1758341106
|move|p1a: Cinderace|U-turn|p2a: Great Tusk
|-start|p1a: Cinderace|typechange|Bug|[from] ability: Libero
|-resisted|p2a: Great Tusk
|-damage|p2a: Great Tusk|53/100
|
|t:|1758341113
|switch|p1a: Landorus|Landorus-Therian, M|100/100|[from] U-turn
|-damage|p1a: Landorus|88/100|[from] Stealth Rock
|-ability|p1a: Landorus|Intimidate|boost
|-unboost|p2a: Great Tusk|atk|1
|move|p2a: Great Tusk|Rapid Spin|p1a: Landorus
|-crit|p1a: Landorus
|-damage|p1a: Landorus|60/100
|-boost|p2a: Great Tusk|spe|1
|
|upkeep
|turn|4
|
|t:|1758341123
|switch|p1a: Toxapex|Toxapex, M|100/100
|-damage|p1a: Toxapex|88/100|[from] Stealth Rock
|move|p2a: Great Tusk|Ice Spinner|p1a: Toxapex
|-resisted|p1a: Toxapex
|-damage|p1a: Toxapex|79/100
|
|-heal|p1a: Toxapex|86/100|[from] item: Leftovers
|upkeep
|turn|5
|
|t:|1758341135
|move|p1a: Toxapex|Baneful Bunker|p1a: Toxapex
|-singleturn|p1a: Toxapex|move: Protect
|move|p2a: Great Tusk|Headlong Rush|p1a: Toxapex
|-activate|p1a: Toxapex|move: Protect
|-status|p2a: Great Tusk|psn
|
|-heal|p1a: Toxapex|92/100|[from] item: Leftovers
|-damage|p2a: Great Tusk|40/100 psn|[from] psn
|upkeep
|turn|6
|
|t:|1758341151
|move|p2a: Great Tusk|Ice Spinner|p1a: Toxapex
|-resisted|p1a: Toxapex
|-damage|p1a: Toxapex|84/100
|move|p1a: Toxapex|Recover|p1a: Toxapex
|-heal|p1a: Toxapex|100/100
|
|-damage|p2a: Great Tusk|28/100 psn|[from] psn
|upkeep
|turn|7
|
|t:|1758341162
|-end|p2a: Great Tusk|Protosynthesis|[silent]
|switch|p2a: Gholdengo|Gholdengo|100/100
|switch|p1a: Landorus|Landorus-Therian, M|60/100
|-damage|p1a: Landorus|48/100|[from] Stealth Rock
|-ability|p1a: Landorus|Intimidate|boost
|-unboost|p2a: Gholdengo|atk|1
|
|upkeep
|turn|8
|
|t:|1758341171
|move|p2a: Gholdengo|Make It Rain|p1a: Landorus
|-damage|p1a: Landorus|0 fnt
|-unboost|p2a: Gholdengo|spa|1
|faint|p1a: Landorus
|
|upkeep
|
|t:|1758341177
|switch|p1a: Cinderace|Cinderace, F|100/100
|turn|9
|
|t:|1758341193
|switch|p2a: Great Tusk|Great Tusk|28/100 psn
|move|p1a: Cinderace|Court Change|p1a: Cinderace
|-start|p1a: Cinderace|typechange|Normal|[from] ability: Libero
|-swapsideconditions
|-activate|p1a: Cinderace|move: Court Change
|
|-damage|p2a: Great Tusk|16/100 psn|[from] psn
|upkeep
|turn|10
|
|t:|1758341205
|-terastallize|p1a: Cinderace|Fire
|move|p1a: Cinderace|Pyro Ball|p2a: Great Tusk
|-damage|p2a: Great Tusk|0 fnt
|faint|p2a: Great Tusk
|-end|p2a: Great Tusk|Protosynthesis|[silent]
|
|upkeep
|
|t:|1758341219
|switch|p2a: Gliscor|Gliscor, F|100/100
|-damage|p2a: Gliscor|88/100|[from] Stealth Rock
|turn|11
|
|t:|1758341230
|switch|p1a: Clefable|Clefable, M|100/100
|move|p2a: Gliscor|Toxic|p1a: Clefable
|-status|p1a: Clefable|tox
|
|-status|p2a: Gliscor|tox|[from] item: Toxic Orb
|upkeep
|turn|12
|
|t:|1758341252
|move|p2a: Gliscor|Spikes|p1a: Clefable
|-sidestart|p1: PirateKingJoyBoy|Spikes
|move|p1a: Clefable|Ice Beam|p2a: Gliscor
|-supereffective|p2a: Gliscor
|-crit|p2a: Gliscor
|-damage|p2a: Gliscor|0 fnt
|faint|p2a: Gliscor
|
|upkeep
|
|t:|1758341260
|switch|p2a: Tinkaton|Tinkaton, F|100/100
|-damage|p2a: Tinkaton|94/100|[from] Stealth Rock
|turn|13
|
|t:|1758341273
|switch|p1a: Toxapex|Toxapex, M|100/100
|-damage|p1a: Toxapex|88/100|[from] Spikes
|move|p2a: Tinkaton|Stealth Rock|p1a: Toxapex
|-sidestart|p1: PirateKingJoyBoy|move: Stealth Rock
|
|-heal|p2a: Tinkaton|100/100|[from] item: Leftovers
|-heal|p1a: Toxapex|94/100|[from] item: Leftovers
|upkeep
|turn|14
|
|t:|1758341283
|move|p2a: Tinkaton|Thunder Wave|p1a: Toxapex
|-status|p1a: Toxapex|par
|move|p1a: Toxapex|Surf|p2a: Tinkaton
|-damage|p2a: Tinkaton|83/100
|
|-heal|p2a: Tinkaton|89/100|[from] item: Leftovers
|-heal|p1a: Toxapex|100/100 par|[from] item: Leftovers
|upkeep
|turn|15
|
|t:|1758341304
|switch|p2a: Gholdengo|Gholdengo|100/100
|-damage|p2a: Gholdengo|94/100|[from] Stealth Rock
|switch|p1a: Cinderace|Cinderace, F, tera:Fire|100/100
|
|upkeep
|turn|16
|
|t:|1758341347
|-terastallize|p2a: Gholdengo|Flying
|move|p2a: Gholdengo|Shadow Ball|p1a: Cinderace
|-damage|p1a: Cinderace|38/100
|move|p1a: Cinderace|Pyro Ball|p2a: Gholdengo
|-damage|p2a: Gholdengo|11/100
|
|upkeep
|turn|17
|
|t:|1758341359
|move|p1a: Cinderace|Sucker Punch|p2a: Gholdengo
|-damage|p2a: Gholdengo|0 fnt
|faint|p2a: Gholdengo
|
|upkeep
|inactive|Battle timer is ON: inactive players will automatically lose when time's up. (requested by PirateKingJoyBoy)
|
|t:|1758341383
|switch|p2a: Iron Valiant|Iron Valiant|100/100
|-damage|p2a: Iron Valiant|94/100|[from] Stealth Rock
|-enditem|p2a: Iron Valiant|Booster Energy
|-activate|p2a: Iron Valiant|ability: Quark Drive|[fromitem]
|-start|p2a: Iron Valiant|quarkdrivespe
|turn|18
|
|t:|1758341390
|switch|p1a: Toxapex|Toxapex, M|100/100 par
|-damage|p1a: Toxapex|88/100 par|[from] Spikes
|-damage|p1a: Toxapex|75/100 par|[from] Stealth Rock
|move|p2a: Iron Valiant|Thunderbolt|p1a: Toxapex
|-supereffective|p1a: Toxapex
|-damage|p1a: Toxapex|39/100 par
|
|-heal|p1a: Toxapex|46/100 par|[from] item: Leftovers
|upkeep
|turn|19
|
|t:|1758341401
|move|p2a: Iron Valiant|Calm Mind|p2a: Iron Valiant
|-boost|p2a: Iron Valiant|spa|1
|-boost|p2a: Iron Valiant|spd|1
|move|p1a: Toxapex|Toxic|p2a: Iron Valiant
|-status|p2a: Iron Valiant|tox
|
|-heal|p1a: Toxapex|52/100 par|[from] item: Leftovers
|-damage|p2a: Iron Valiant|88/100 tox|[from] psn
|upkeep
|turn|20
|
|t:|1758341414
|move|p1a: Toxapex|Baneful Bunker|p1a: Toxapex
|-singleturn|p1a: Toxapex|move: Protect
|move|p2a: Iron Valiant|Calm Mind|p2a: Iron Valiant
|-boost|p2a: Iron Valiant|spa|1
|-boost|p2a: Iron Valiant|spd|1
|
|-heal|p1a: Toxapex|58/100 par|[from] item: Leftovers
|-damage|p2a: Iron Valiant|76/100 tox|[from] psn
|upkeep
|turn|21
|
|t:|1758341442
|switch|p1a: Clefable|Clefable, M|100/100 tox
|move|p2a: Iron Valiant|Thunderbolt|p1a: Clefable
|-damage|p1a: Clefable|45/100 tox
|
|-damage|p2a: Iron Valiant|57/100 tox|[from] psn
|upkeep
|turn|22
|
|t:|1758341451
|move|p2a: Iron Valiant|Thunderbolt|p1a: Clefable
|-damage|p1a: Clefable|0 fnt
|faint|p1a: Clefable
|
|-damage|p2a: Iron Valiant|32/100 tox|[from] psn
|upkeep
|
|t:|1758341459
|switch|p1a: Mimikyu|Mimikyu, M|100/100
|-damage|p1a: Mimikyu|88/100|[from] Spikes
|-damage|p1a: Mimikyu|76/100|[from] Stealth Rock
|turn|23
|inactive|Cchronos has 120 seconds left.
|
|t:|1758341508
|move|p2a: Iron Valiant|Thunderbolt|p1a: Mimikyu
|-activate|p1a: Mimikyu|ability: Disguise
|-damage|p1a: Mimikyu|76/100
|detailschange|p1a: Mimikyu|Mimikyu-Busted, M
|-damage|p1a: Mimikyu|63/100|[from] pokemon: Mimikyu-Busted
|move|p1a: Mimikyu|Swords Dance|p1a: Mimikyu
|-boost|p1a: Mimikyu|atk|2
|
|-damage|p2a: Iron Valiant|1/100 tox|[from] psn
|upkeep
|turn|24
|
|t:|1758341520
|move|p1a: Mimikyu|Shadow Sneak|p2a: Iron Valiant
|-damage|p2a: Iron Valiant|0 fnt
|faint|p2a: Iron Valiant
|-end|p2a: Iron Valiant|Quark Drive|[silent]
|-damage|p1a: Mimikyu|53/100|[from] item: Life Orb
|
|upkeep
|
|t:|1758341525
|switch|p2a: Tinkaton|Tinkaton, F|89/100
|-damage|p2a: Tinkaton|83/100|[from] Stealth Rock
|turn|25
|
|t:|1758341534
|move|p1a: Mimikyu|Shadow Claw|p2a: Tinkaton
|-damage|p2a: Tinkaton|0 fnt
|faint|p2a: Tinkaton
|-damage|p1a: Mimikyu|44/100|[from] item: Life Orb
|
|upkeep
|
|t:|1758341540
|switch|p2a: Zamazenta|Zamazenta|100/100
|-ability|p2a: Zamazenta|Dauntless Shield|boost
|-boost|p2a: Zamazenta|def|1
|turn|26
|
|t:|1758341545
|move|p2a: Zamazenta|Crunch|p1a: Mimikyu
|-damage|p1a: Mimikyu|2/100
|move|p1a: Mimikyu|Play Rough|p2a: Zamazenta
|-supereffective|p2a: Zamazenta
|-damage|p2a: Zamazenta|0 fnt
|faint|p2a: Zamazenta
|-damage|p1a: Mimikyu|0 fnt|[from] item: Life Orb
|faint|p1a: Mimikyu
|
|win|PirateKingJoyBoy
|raw|PirateKingJoyBoy's rating: 1594 &rarr; <strong>1614</strong><br />(+20 for winning)
|raw|Cchronos's rating: 1589 &rarr; <strong>1569</strong><br />(-20 for losing)
|l|☆Cchronos
|player|p2|
|l|☆PirateKingJoyBoy
|player|p1|
