|j|☆syk1307
|j|☆UBDG Suffering
|t:|1758345346
|gametype|singles
|player|p1|syk1307|giovanni|1372
|player|p2|UBDG Suffering|bugcatcher-gen4dp|1387
|gen|9
|tier|[Gen 9] OU
|rated|
|rule|HP Percentage Mod: HP is shown in percentages
|rule|Endless Battle Clause: Forcing endless battles is banned
|rule|Species Clause: Limit one of each Pokémon
|rule|OHKO Clause: OHKO moves are banned
|rule|Evasion Items Clause: Evasion items are banned
|rule|Evasion Moves Clause: Evasion moves are banned
|rule|Evasion Abilities Clause: Evasion abilities are banned
|rule|Sleep Moves Clause: Sleep-inducing moves are banned
|clearpoke
|poke|p1|Jolteon, M|
|poke|p1|Quaquaval, M|
|poke|p1|Arcanine, M|
|poke|p1|Scizor, M|
|poke|p1|Corviknight, M|
|poke|p1|Mew|
|poke|p2|Weezing-Galar, F|
|poke|p2|Landorus-Therian, M|
|poke|p2|Corviknight, M|
|poke|p2|Alomomola, F|
|poke|p2|Darkrai|
|poke|p2|Lokix, M|
|teampreview
|inactive|Battle timer is ON: inactive players will automatically lose when time's up. (requested by UBDG Suffering)
|
|t:|1758345354
|teamsize|p1|6
|teamsize|p2|6
|start
|switch|p1a: Corviknight|Corviknight, M|100/100
|switch|p2a: Lokix|Lokix, M|100/100
|turn|1
|
|t:|1758345376
|switch|p2a: Corviknight|Corviknight, M|100/100
|-ability|p2a: Corviknight|Pressure
|move|p1a: Corviknight|U-turn|p2a: Corviknight
|-resisted|p2a: Corviknight
|-damage|p2a: Corviknight|98/100
|-damage|p1a: Corviknight|84/100|[from] item: Rocky Helmet|[of] p2a: Corviknight
|
|t:|1758345390
|switch|p1a: Arcanine|Arcanine, M|100/100|[from] U-turn
|
|upkeep
|turn|2
|
|t:|1758345396
|switch|p2a: Alomomola|Alomomola, F|100/100
|move|p1a: Arcanine|Wild Charge|p2a: Alomomola
|-supereffective|p2a: Alomomola
|-damage|p2a: Alomomola|37/100
|-damage|p1a: Arcanine|77/100|[from] Recoil
|
|upkeep
|turn|3
|
|t:|1758345420
|switch|p1a: Corviknight|Corviknight, M|84/100
|move|p2a: Alomomola|Flip Turn|p1a: Corviknight
|-damage|p1a: Corviknight|75/100
|-damage|p2a: Alomomola|20/100|[from] item: Rocky Helmet|[of] p1a: Corviknight
|inactive|UBDG Suffering has 120 seconds left.
|
|t:|1758345435
|switch|p2a: Darkrai|Darkrai|100/100|[from] Flip Turn
|
|upkeep
|turn|4
|
|t:|1758345442
|move|p2a: Darkrai|Dark Pulse|p1a: Corviknight
|-damage|p1a: Corviknight|11/100
|move|p1a: Corviknight|U-turn|p2a: Darkrai
|-supereffective|p2a: Darkrai
|-damage|p2a: Darkrai|60/100
|
|t:|1758345458
|switch|p1a: Jolteon|Jolteon, M|100/100|[from] U-turn
|
|upkeep
|turn|5
|inactive|UBDG Suffering has 120 seconds left.
|
|t:|1758345480
|switch|p2a: Landorus|Landorus-Therian, M|100/100
|-ability|p2a: Landorus|Intimidate|boost
|-unboost|p1a: Jolteon|atk|1
|move|p1a: Jolteon|Alluring Voice|p2a: Landorus
|-damage|p2a: Landorus|55/100
|
|upkeep
|turn|6
|
|t:|1758345494
|switch|p1a: Corviknight|Corviknight, M|11/100
|move|p2a: Landorus|Earthquake|p1a: Corviknight
|-immune|p1a: Corviknight
|
|upkeep
|turn|7
|
|t:|1758345500
|switch|p2a: Darkrai|Darkrai|60/100
|move|p1a: Corviknight|Roost|p1a: Corviknight
|-heal|p1a: Corviknight|61/100
|-singleturn|p1a: Corviknight|move: Roost
|
|upkeep
|turn|8
|
|t:|1758345525
|move|p2a: Darkrai|Dark Pulse|p1a: Corviknight
|-damage|p1a: Corviknight|0 fnt
|faint|p1a: Corviknight
|
|upkeep
|
|t:|1758345533
|switch|p1a: Quaquaval|Quaquaval, M|100/100
|turn|9
|
|t:|1758345547
|switch|p2a: Weezing|Weezing-Galar, F|100/100
|-ability|p2a: Weezing|Neutralizing Gas
|move|p1a: Quaquaval|Swords Dance|p1a: Quaquaval
|-boost|p1a: Quaquaval|atk|2
|
|upkeep
|turn|10
|inactive|syk1307 has 120 seconds left.
|
|t:|1758345578
|move|p1a: Quaquaval|Taunt|p2a: Weezing
|-start|p2a: Weezing|move: Taunt
|cant|p2a: Weezing|move: Taunt|Will-O-Wisp
|
|upkeep
|turn|11
|inactive|syk1307 has 120 seconds left.
|
|t:|1758345596
|-end|p2a: Weezing|ability: Neutralizing Gas
|switch|p2a: Corviknight|Corviknight, M|98/100
|-ability|p2a: Corviknight|Pressure
|move|p1a: Quaquaval|Aqua Step|p2a: Corviknight
|-damage|p2a: Corviknight|43/100
|-boost|p1a: Quaquaval|spe|1
|-damage|p1a: Quaquaval|84/100|[from] item: Rocky Helmet|[of] p2a: Corviknight
|
|upkeep
|turn|12
|
|t:|1758345607
|-terastallize|p2a: Corviknight|Dragon
|move|p1a: Quaquaval|Aqua Step|p2a: Corviknight
|-resisted|p2a: Corviknight
|-damage|p2a: Corviknight|15/100
|-boost|p1a: Quaquaval|spe|1
|-damage|p1a: Quaquaval|67/100|[from] item: Rocky Helmet|[of] p2a: Corviknight
|move|p2a: Corviknight|Reflect|p2a: Corviknight
|-sidestart|p2: UBDG Suffering|Reflect
|
|upkeep
|turn|13
|
|t:|1758345628
|move|p1a: Quaquaval|Taunt|p2a: Corviknight
|-start|p2a: Corviknight|move: Taunt
|cant|p2a: Corviknight|move: Taunt|Roost
|
|upkeep
|turn|14
|
|t:|1758345633
|move|p1a: Quaquaval|Knock Off|p2a: Corviknight
|-damage|p2a: Corviknight|0 fnt
|-damage|p1a: Quaquaval|50/100|[from] item: Rocky Helmet|[of] p2a: Corviknight
|-enditem|p2a: Corviknight|Rocky Helmet|[from] move: Knock Off|[of] p1a: Quaquaval
|faint|p2a: Corviknight
|-ability|p1a: Quaquaval|Moxie|boost
|-boost|p1a: Quaquaval|atk|1
|
|upkeep
|
|t:|1758345638
|switch|p2a: Lokix|Lokix, M|100/100
|turn|15
|inactive|syk1307 has 90 seconds left.
|inactive|syk1307 has 60 seconds left.
|
|t:|1758345722
|move|p2a: Lokix|First Impression|p1a: Quaquaval
|-resisted|p1a: Quaquaval
|-damage|p1a: Quaquaval|0 fnt
|faint|p1a: Quaquaval
|
|upkeep
|
|t:|1758345731
|switch|p1a: Scizor|Scizor, M|100/100
|turn|16
|
|t:|1758345746
|switch|p2a: Landorus|Landorus-Therian, M|55/100
|-ability|p2a: Landorus|Intimidate|boost
|-unboost|p1a: Scizor|atk|1
|move|p1a: Scizor|U-turn|p2a: Landorus
|-resisted|p2a: Landorus
|-damage|p2a: Landorus|43/100
|
|t:|1758345756
|switch|p1a: Jolteon|Jolteon, M|100/100|[from] U-turn
|
|-sideend|p2: UBDG Suffering|Reflect
|upkeep
|turn|17
|
|t:|1758345760
|move|p2a: Landorus|Earthquake|p1a: Jolteon
|-supereffective|p1a: Jolteon
|-damage|p1a: Jolteon|0 fnt
|faint|p1a: Jolteon
|
|upkeep
|
|t:|1758345779
|switch|p1a: Scizor|Scizor, M|100/100
|turn|18
|
|t:|1758345794
|switch|p2a: Alomomola|Alomomola, F|53/100
|move|p1a: Scizor|Bullet Punch|p2a: Alomomola
|-resisted|p2a: Alomomola
|-damage|p2a: Alomomola|37/100
|
|upkeep
|turn|19
|
|t:|1758345805
|switch|p1a: Arcanine|Arcanine, M|77/100
|move|p2a: Alomomola|Flip Turn|p1a: Arcanine
|-supereffective|p1a: Arcanine
|-damage|p1a: Arcanine|33/100
|
|t:|1758345812
|switch|p2a: Darkrai|Darkrai|60/100|[from] Flip Turn
|
|upkeep
|turn|20
|
|t:|1758345815
|move|p1a: Arcanine|Extreme Speed|p2a: Darkrai
|-damage|p2a: Darkrai|9/100
|move|p2a: Darkrai|Dark Pulse|p1a: Arcanine
|-damage|p1a: Arcanine|0 fnt
|faint|p1a: Arcanine
|
|upkeep
|
|t:|1758345822
|switch|p1a: Scizor|Scizor, M|100/100
|turn|21
|
|t:|1758345830
|switch|p2a: Alomomola|Alomomola, F|70/100
|move|p1a: Scizor|U-turn|p2a: Alomomola
|-damage|p2a: Alomomola|30/100
|
|t:|1758345835
|switch|p1a: Mew|Mew, shiny|100/100|[from] U-turn
|
|upkeep
|turn|22
|inactive|syk1307 has 60 seconds left.
|
|t:|1758345842
|move|p1a: Mew|Nasty Plot|p1a: Mew
|-boost|p1a: Mew|spa|2
|move|p2a: Alomomola|Flip Turn|p1a: Mew
|-damage|p1a: Mew|86/100
|
|t:|1758345848
|switch|p2a: Darkrai|Darkrai|9/100|[from] Flip Turn
|
|upkeep
|turn|23
|
|t:|1758345855
|switch|p1a: Scizor|Scizor, M|100/100
|move|p2a: Darkrai|Dark Pulse|p1a: Scizor
|-damage|p1a: Scizor|16/100
|
|upkeep
|turn|24
|
|t:|1758345870
|switch|p2a: Alomomola|Alomomola, F|63/100
|move|p1a: Scizor|Bullet Punch|p2a: Alomomola
|-resisted|p2a: Alomomola
|-damage|p2a: Alomomola|45/100
|
|upkeep
|turn|25
|
|t:|1758345877
|move|p1a: Scizor|Bullet Punch|p2a: Alomomola
|-resisted|p2a: Alomomola
|-damage|p2a: Alomomola|28/100
|move|p2a: Alomomola|Flip Turn|p1a: Scizor
|-damage|p1a: Scizor|0 fnt
|faint|p1a: Scizor
|
|t:|1758345882
|switch|p2a: Darkrai|Darkrai|9/100|[from] Flip Turn
|
|upkeep
|-message|syk1307 forfeited.
|
|win|UBDG Suffering
|raw|syk1307's rating: 1372 &rarr; <strong>1353</strong><br />(-19 for losing)
|raw|UBDG Suffering's rating: 1387 &rarr; <strong>1406</strong><br />(+19 for winning)
|l|☆syk1307
|player|p1|
|l|☆UBDG Suffering
|player|p2|
