|j|☆Joel Corona(virus)
|j|☆cl_scout2
|t:|1758276791
|gametype|singles
|player|p1|Joel Corona(virus)|170|1252
|player|p2|cl_scout2|skyla|1208
|gen|9
|tier|[Gen 9] OU
|rated|
|rule|HP Percentage Mod: HP is shown in percentages
|rule|Endless Battle Clause: Forcing endless battles is banned
|rule|Species Clause: Limit one of each Pokémon
|rule|OHKO Clause: OHKO moves are banned
|rule|Evasion Items Clause: Evasion items are banned
|rule|Evasion Moves Clause: Evasion moves are banned
|rule|Evasion Abilities Clause: Evasion abilities are banned
|rule|Sleep Moves Clause: Sleep-inducing moves are banned
|clearpoke
|poke|p1|Heatran, F|
|poke|p1|Garchomp, F|
|poke|p1|Dragapult, M|
|poke|p1|Toxapex, M|
|poke|p1|Great Tusk|
|poke|p1|Iron Valiant|
|poke|p2|Alomomola, M|
|poke|p2|Iron Crown|
|poke|p2|Darkrai|
|poke|p2|Azumarill, F|
|poke|p2|Ninetales-Alola, M|
|poke|p2|Arcanine-Hisui, F|
|teampreview
|inactive|Battle timer is ON: inactive players will automatically lose when time's up. (requested by Joel Corona(virus))
|
|t:|1758276809
|teamsize|p1|6
|teamsize|p2|6
|start
|switch|p1a: Toxapex|Toxapex, M|100/100
|switch|p2a: N|Ninetales-Alola, M|100/100
|-weather|Snowscape|[from] ability: Snow Warning|[of] p2a: N
|turn|1
|
|t:|1758276815
|move|p2a: N|Aurora Veil|p2a: N
|-sidestart|p2: cl_scout2|move: Aurora Veil
|move|p1a: Toxapex|Toxic Spikes|p2a: N
|-sidestart|p2: cl_scout2|move: Toxic Spikes
|
|-weather|Snowscape|[upkeep]
|upkeep
|turn|2
|
|t:|1758276827
|switch|p2a: I|Iron Crown|100/100
|move|p1a: Toxapex|Toxic Spikes|p2a: I
|-sidestart|p2: cl_scout2|move: Toxic Spikes
|
|-weather|Snowscape|[upkeep]
|upkeep
|turn|3
|
|t:|1758276844
|switch|p1a: Garchomp|Garchomp, F|100/100
|move|p2a: I|Tachyon Cutter|p1a: Garchomp
|-damage|p1a: Garchomp|59/100
|-crit|p1a: Garchomp
|-damage|p1a: Garchomp|0 fnt
|faint|p1a: Garchomp
|-hitcount|p1: Garchomp|2
|
|-weather|Snowscape|[upkeep]
|upkeep
|
|t:|1758276860
|switch|p1a: Heatran|Heatran, F|100/100
|turn|4
|
|t:|1758276884
|-end|p2a: I|Quark Drive|[silent]
|switch|p2a: D|Darkrai|100/100
|move|p1a: Heatran|Lava Plume|p2a: D
|-crit|p2a: D
|-damage|p2a: D|24/100
|-status|p2a: D|brn
|
|-weather|Snowscape|[upkeep]
|-damage|p2a: D|18/100 brn|[from] brn
|upkeep
|turn|5
|inactive|cl_scout2 has 120 seconds left.
|
|t:|1758276919
|switch|p2a: A|Alomomola, M|100/100
|move|p1a: Heatran|Lava Plume|p2a: A
|-resisted|p2a: A
|-damage|p2a: A|88/100
|-status|p2a: A|brn
|
|-weather|none
|-damage|p2a: A|82/100 brn|[from] brn
|upkeep
|turn|6
|
|t:|1758276937
|switch|p1a: Iron Valiant|Iron Valiant|100/100
|-enditem|p1a: Iron Valiant|Booster Energy
|-activate|p1a: Iron Valiant|ability: Quark Drive|[fromitem]
|-start|p1a: Iron Valiant|quarkdrivespa
|move|p2a: A|Wish|p2a: A
|
|-damage|p2a: A|75/100 brn|[from] brn
|upkeep
|turn|7
|
|t:|1758276951
|move|p2a: A|Protect|p2a: A
|-singleturn|p2a: A|Protect
|move|p1a: Iron Valiant|Calm Mind|p1a: Iron Valiant
|-boost|p1a: Iron Valiant|spa|1
|-boost|p1a: Iron Valiant|spd|1
|
|-heal|p2a: A|100/100 brn|[from] move: Wish|[wisher] A
|-damage|p2a: A|94/100 brn|[from] brn
|upkeep
|turn|8
|
|t:|1758276957
|move|p1a: Iron Valiant|Thunderbolt|p2a: A
|-supereffective|p2a: A
|-damage|p2a: A|25/100 brn
|move|p2a: A|Flip Turn|p1a: Iron Valiant
|-damage|p1a: Iron Valiant|90/100
|
|t:|1758276966
|switch|p2a: I|Iron Crown|100/100|[from] Flip Turn
|
|-sideend|p2: cl_scout2|move: Aurora Veil
|upkeep
|turn|9
|
|t:|1758276977
|-terastallize|p1a: Iron Valiant|Dark
|-terastallize|p2a: I|Steel
|move|p1a: Iron Valiant|Thunderbolt|p2a: I
|-crit|p2a: I
|-damage|p2a: I|14/100
|move|p2a: I|Tachyon Cutter|p1a: Iron Valiant
|-damage|p1a: Iron Valiant|26/100
|-damage|p1a: Iron Valiant|0 fnt
|faint|p1a: Iron Valiant
|-end|p1a: Iron Valiant|Quark Drive|[silent]
|-hitcount|p1: Iron Valiant|2
|
|upkeep
|
|t:|1758276992
|switch|p1a: Toxapex|Toxapex, M|100/100
|turn|10
|inactive|cl_scout2 has 120 seconds left.
|
|t:|1758277001
|-end|p2a: I|Quark Drive|[silent]
|switch|p2a: A|Alomomola, M|59/100 brn
|move|p1a: Toxapex|Hydro Pump|p2a: A
|-resisted|p2a: A
|-damage|p2a: A|45/100 brn
|
|-damage|p2a: A|39/100 brn|[from] brn
|upkeep
|turn|11
|
|t:|1758277014
|switch|p1a: Dragapult|Dragapult, M|100/100
|move|p2a: A|Wish|p2a: A
|
|-damage|p2a: A|32/100 brn|[from] brn
|upkeep
|turn|12
|
|t:|1758277022
|move|p2a: A|Protect|p2a: A
|-singleturn|p2a: A|Protect
|move|p1a: Dragapult|U-turn|p2a: A
|-activate|p2a: A|move: Protect
|
|-heal|p2a: A|82/100 brn|[from] move: Wish|[wisher] A
|-damage|p2a: A|76/100 brn|[from] brn
|upkeep
|turn|13
|
|t:|1758277035
|switch|p2a: N|Ninetales-Alola, M|100/100
|-status|p2a: N|tox
|-weather|Snowscape|[from] ability: Snow Warning|[of] p2a: N
|move|p1a: Dragapult|U-turn|p2a: N
|-resisted|p2a: N
|-damage|p2a: N|85/100 tox
|
|t:|1758277052
|switch|p1a: Heatran|Heatran, F|100/100|[from] U-turn
|
|-weather|Snowscape|[upkeep]
|-damage|p2a: N|79/100 tox|[from] psn
|upkeep
|turn|14
|
|t:|1758277062
|move|p2a: N|Aurora Veil|p2a: N
|-sidestart|p2: cl_scout2|move: Aurora Veil
|move|p1a: Heatran|Lava Plume|p2a: N
|-supereffective|p2a: N
|-damage|p2a: N|36/100 tox
|
|-weather|Snowscape|[upkeep]
|-damage|p2a: N|24/100 tox|[from] psn
|upkeep
|turn|15
|
|t:|1758277078
|move|p2a: N|Encore|p1a: Heatran
|-start|p1a: Heatran|Encore
|move|p1a: Heatran|Lava Plume|p2a: N
|-supereffective|p2a: N
|-damage|p2a: N|0 fnt
|faint|p2a: N
|
|-weather|Snowscape|[upkeep]
|upkeep
|
|t:|1758277093
|switch|p2a: A.|Azumarill, F|100/100
|-status|p2a: A.|tox
|turn|16
|
|t:|1758277111
|switch|p1a: Toxapex|Toxapex, M|100/100
|move|p2a: A.|Belly Drum|p2a: A.
|-damage|p2a: A.|51/100 tox
|-setboost|p2a: A.|atk|6|[from] move: Belly Drum
|
|-weather|Snowscape|[upkeep]
|-damage|p2a: A.|44/100 tox|[from] psn
|upkeep
|-enditem|p2a: A.|Sitrus Berry|[eat]
|-heal|p2a: A.|69/100 tox|[from] item: Sitrus Berry
|turn|17
|
|t:|1758277124
|move|p1a: Toxapex|Baneful Bunker|p1a: Toxapex
|-singleturn|p1a: Toxapex|move: Protect
|move|p2a: A.|Liquidation|p1a: Toxapex
|-activate|p1a: Toxapex|move: Protect
|
|-weather|none
|-damage|p2a: A.|57/100 tox|[from] psn
|upkeep
|turn|18
|
|t:|1758277142
|move|p2a: A.|Liquidation|p1a: Toxapex
|-resisted|p1a: Toxapex
|-damage|p1a: Toxapex|24/100
|-unboost|p1a: Toxapex|def|1
|move|p1a: Toxapex|Ice Beam|p2a: A.
|-resisted|p2a: A.
|-crit|p2a: A.
|-damage|p2a: A.|48/100 tox
|
|-heal|p1a: Toxapex|31/100|[from] item: Black Sludge
|-damage|p2a: A.|29/100 tox|[from] psn
|upkeep
|turn|19
|
|t:|1758277156
|move|p1a: Toxapex|Baneful Bunker|p1a: Toxapex
|-singleturn|p1a: Toxapex|move: Protect
|move|p2a: A.|Liquidation|p1a: Toxapex
|-activate|p1a: Toxapex|move: Protect
|
|-heal|p1a: Toxapex|37/100|[from] item: Black Sludge
|-damage|p2a: A.|4/100 tox|[from] psn
|upkeep
|turn|20
|
|t:|1758277168
|switch|p1a: Dragapult|Dragapult, M|100/100
|move|p2a: A.|Liquidation|p1a: Dragapult
|-resisted|p1a: Dragapult
|-damage|p1a: Dragapult|0 fnt
|faint|p1a: Dragapult
|
|-damage|p2a: A.|0 fnt|[from] psn
|faint|p2a: A.
|upkeep
|
|t:|1758277186
|switch|p1a: Great Tusk|Great Tusk|100/100
|switch|p2a: AU|Arcanine-Hisui, F|100/100
|-status|p2a: AU|tox
|turn|21
|
|t:|1758277194
|move|p2a: AU|Flare Blitz|p1a: Great Tusk
|-damage|p1a: Great Tusk|52/100
|move|p1a: Great Tusk|Earthquake|p2a: AU
|-supereffective|p2a: AU
|-damage|p2a: AU|0 fnt
|faint|p2a: AU
|
|-sideend|p2: cl_scout2|move: Aurora Veil
|upkeep
|
|t:|1758277199
|switch|p2a: A|Alomomola, M|100/100 brn
|turn|22
|
|t:|1758277206
|move|p1a: Great Tusk|Close Combat|p2a: A
|-damage|p2a: A|64/100 brn
|-unboost|p1a: Great Tusk|def|1
|-unboost|p1a: Great Tusk|spd|1
|move|p2a: A|Wish|p2a: A
|
|-damage|p2a: A|58/100 brn|[from] brn
|upkeep
|turn|23
|
|t:|1758277211
|-end|p1a: Great Tusk|Protosynthesis|[silent]
|switch|p1a: Toxapex|Toxapex, M|37/100
|move|p2a: A|Flip Turn|p1a: Toxapex
|-resisted|p1a: Toxapex
|-damage|p1a: Toxapex|34/100
|
|t:|1758277225
|switch|p2a: I|Iron Crown, tera:Steel|14/100|[from] Flip Turn
|
|-heal|p2a: I|97/100|[from] move: Wish|[wisher] A
|-heal|p1a: Toxapex|40/100|[from] item: Black Sludge
|upkeep
|turn|24
|
|t:|1758277240
|move|p2a: I|Focus Blast|p1a: Toxapex
|-resisted|p1a: Toxapex
|-damage|p1a: Toxapex|15/100
|move|p1a: Toxapex|Hydro Pump|p2a: I
|-damage|p2a: I|75/100
|
|-heal|p1a: Toxapex|21/100|[from] item: Black Sludge
|upkeep
|turn|25
|
|t:|1758277248
|switch|p1a: Great Tusk|Great Tusk|52/100
|move|p2a: I|Focus Blast|p1a: Great Tusk
|-damage|p1a: Great Tusk|0 fnt
|faint|p1a: Great Tusk
|-end|p1a: Great Tusk|Protosynthesis|[silent]
|
|upkeep
|
|t:|1758277250
|switch|p1a: Heatran|Heatran, F|100/100
|turn|26
|
|t:|1758277252
|move|p2a: I|Focus Blast|p1a: Heatran
|-supereffective|p1a: Heatran
|-damage|p1a: Heatran|18/100
|move|p1a: Heatran|Lava Plume|p2a: I
|-supereffective|p2a: I
|-damage|p2a: I|0 fnt
|faint|p2a: I
|-end|p2a: I|Quark Drive|[silent]
|
|-heal|p1a: Heatran|25/100|[from] item: Leftovers
|upkeep
|
|t:|1758277256
|switch|p2a: A|Alomomola, M|92/100 brn
|turn|27
|
|t:|1758277260
|move|p1a: Heatran|Rest|p1a: Heatran
|-status|p1a: Heatran|slp|[from] move: Rest
|-heal|p1a: Heatran|100/100 slp|[silent]
|move|p2a: A|Wish|p2a: A
|
|-damage|p2a: A|85/100 brn|[from] brn
|upkeep
|turn|28
|
|t:|1758277265
|cant|p1a: Heatran|slp
|move|p1a: Heatran|Sleep Talk|p1a: Heatran
|move|p1a: Heatran|Lava Plume|p2a: A|[from] move: Sleep Talk
|-resisted|p2a: A
|-damage|p2a: A|62/100 brn
|move|p2a: A|Flip Turn|p1a: Heatran
|-supereffective|p1a: Heatran
|-damage|p1a: Heatran|83/100 slp
|
|t:|1758277268
|switch|p2a: D|Darkrai|18/100 brn|[from] Flip Turn
|
|-heal|p2a: D|100/100 brn|[from] move: Wish|[wisher] A
|-heal|p1a: Heatran|89/100 slp|[from] item: Leftovers
|-damage|p2a: D|94/100 brn|[from] brn
|-damage|p1a: Heatran|77/100 slp|[from] ability: Bad Dreams|[of] p2a: D
|upkeep
|turn|29
|c|☆cl_scout2|!dt lava plume
|raw|<ul class="utilichart"><li class="result"><span class="col movenamecol"><a href="https://dex.pokemonshowdown.com/moves/lavaplume">Lava Plume</a></span> <span class="col typecol"><img src="//play.pokemonshowdown.com/sprites/types/Fire.png" alt="Fire" width="32" height="14"><img src="//play.pokemonshowdown.com/sprites/categories/Special.png" alt="Special" width="32" height="14"></span> <span class="col labelcol"><em>Power</em><br>80</span> <span class="col widelabelcol"><em>Accuracy</em><br>100%</span> <span class="col pplabelcol"><em>PP</em><br>24</span> <span class="col movedesccol">30% chance to burn adjacent Pokemon.</span> </li><li style="clear:both"></li></ul>
|raw|<font size="1"><font color="#686868">Priority:</font> 0&nbsp;|&ThickSpace;<font color="#686868">Gen:</font> 4&nbsp;|&ThickSpace;&#10003; Boosted by Sheer Force&nbsp;|&ThickSpace;<font color="#686868">Z-Power:</font> 160&nbsp;|&ThickSpace;<font color="#686868">Target:</font> All Adjacent Pokémon</font>

|
|t:|1758277285
|move|p2a: D|Nasty Plot|p2a: D
|-boost|p2a: D|spa|2
|cant|p1a: Heatran|slp
|move|p1a: Heatran|Sleep Talk|p1a: Heatran
|move|p1a: Heatran|Lava Plume|p2a: D|[from] move: Sleep Talk
|-damage|p2a: D|43/100 brn
|
|-heal|p1a: Heatran|83/100 slp|[from] item: Leftovers
|-damage|p2a: D|37/100 brn|[from] brn
|-damage|p1a: Heatran|71/100 slp|[from] ability: Bad Dreams|[of] p2a: D
|upkeep
|turn|30
|
|t:|1758277295
|move|p2a: D|Dark Pulse|p1a: Heatran
|-damage|p1a: Heatran|9/100 slp
|-curestatus|p1a: Heatran|slp|[msg]
|move|p1a: Heatran|Lava Plume|p2a: D
|-damage|p2a: D|0 fnt
|faint|p2a: D
|
|-heal|p1a: Heatran|15/100|[from] item: Leftovers
|upkeep
|
|t:|1758277298
|switch|p2a: A|Alomomola, M|95/100 brn
|turn|31
|
|t:|1758277305
|move|p1a: Heatran|Rest|p1a: Heatran
|-status|p1a: Heatran|slp|[from] move: Rest
|-heal|p1a: Heatran|100/100 slp|[silent]
|move|p2a: A|Scald|p1a: Heatran
|-supereffective|p1a: Heatran
|-damage|p1a: Heatran|81/100 slp
|
|-heal|p1a: Heatran|88/100 slp|[from] item: Leftovers
|-damage|p2a: A|89/100 brn|[from] brn
|upkeep
|turn|32
|
|t:|1758277312
|cant|p1a: Heatran|slp
|move|p1a: Heatran|Sleep Talk|p1a: Heatran
|move|p1a: Heatran|Rest||[from] move: Sleep Talk|[still]
|-fail|p1a: Heatran
|move|p2a: A|Scald|p1a: Heatran
|-supereffective|p1a: Heatran
|-damage|p1a: Heatran|67/100 slp
|
|-heal|p1a: Heatran|73/100 slp|[from] item: Leftovers
|-damage|p2a: A|83/100 brn|[from] brn
|upkeep
|turn|33
|
|t:|1758277317
|cant|p1a: Heatran|slp
|move|p1a: Heatran|Sleep Talk|p1a: Heatran
|move|p1a: Heatran|Lava Plume|p2a: A|[from] move: Sleep Talk
|-resisted|p2a: A
|-crit|p2a: A
|-damage|p2a: A|47/100 brn
|move|p2a: A|Scald|p1a: Heatran
|-supereffective|p1a: Heatran
|-damage|p1a: Heatran|54/100 slp
|
|-heal|p1a: Heatran|60/100 slp|[from] item: Leftovers
|-damage|p2a: A|41/100 brn|[from] brn
|upkeep
|turn|34
|
|t:|1758277326
|-curestatus|p1a: Heatran|slp|[msg]
|move|p1a: Heatran|Earth Power|p2a: A
|-damage|p2a: A|4/100 brn
|move|p2a: A|Wish|p2a: A
|
|-heal|p1a: Heatran|67/100|[from] item: Leftovers
|-damage|p2a: A|0 fnt|[from] brn
|faint|p2a: A
|
|win|Joel Corona(virus)
|raw|Joel Corona(virus)'s rating: 1252 &rarr; <strong>1274</strong><br />(+22 for winning)
|raw|cl_scout2's rating: 1208 &rarr; <strong>1186</strong><br />(-22 for losing)
