|j|☆Samarand
|j|☆SMM Metagross
|t:|1758260880
|gametype|singles
|player|p1|Samarand|veteranf|1370
|player|p2|SMM Metagross|hilbert|1355
|gen|9
|tier|[Gen 9] OU
|rated|
|rule|HP Percentage Mod: HP is shown in percentages
|rule|Endless Battle Clause: Forcing endless battles is banned
|rule|Species Clause: Limit one of each Pokémon
|rule|OHKO Clause: OHKO moves are banned
|rule|Evasion Items Clause: Evasion items are banned
|rule|Evasion Moves Clause: Evasion moves are banned
|rule|Evasion Abilities Clause: Evasion abilities are banned
|rule|Sleep Moves Clause: Sleep-inducing moves are banned
|clearpoke
|poke|p1|Delphox, F|
|poke|p1|Rillaboom, F|
|poke|p1|Ninetales, M|
|poke|p1|Corviknight, F|
|poke|p1|Iron Treads|
|poke|p1|Araquanid, F|
|poke|p2|Greninja-*, M|
|poke|p2|Great Tusk|
|poke|p2|Ceruledge, M|
|poke|p2|Raging Bolt|
|poke|p2|Kyurem|
|poke|p2|Kingambit, M|
|teampreview
|inactive|Battle timer is ON: inactive players will automatically lose when time's up. (requested by SMM Metagross)
|inactive|Samarand has 120 seconds left.
|
|t:|1758260922
|teamsize|p1|6
|teamsize|p2|6
|start
|switch|p1a: Rillaboom|Rillaboom, F|100/100
|switch|p2a: Kyurem|Kyurem|100/100
|-ability|p2a: Kyurem|Pressure
|-fieldstart|move: Grassy Terrain|[from] ability: Grassy Surge|[of] p1a: Rillaboom
|turn|1
|
|t:|1758260935
|switch|p1a: Ninetales|Ninetales, M|100/100
|-weather|SunnyDay|[from] ability: Drought|[of] p1a: Ninetales
|move|p2a: Kyurem|Dragon Dance|p2a: Kyurem
|-boost|p2a: Kyurem|atk|1
|-boost|p2a: Kyurem|spe|1
|
|-weather|SunnyDay|[upkeep]
|upkeep
|turn|2
|
|t:|1758260945
|switch|p1a: Corviknight|Corviknight, F|100/100
|move|p2a: Kyurem|Scale Shot|p1a: Corviknight
|-resisted|p1a: Corviknight
|-damage|p1a: Corviknight|93/100
|-resisted|p1a: Corviknight
|-damage|p1a: Corviknight|87/100
|-resisted|p1a: Corviknight
|-damage|p1a: Corviknight|81/100
|-resisted|p1a: Corviknight
|-damage|p1a: Corviknight|74/100
|-hitcount|p1a: Corviknight|4
|-unboost|p2a: Kyurem|def|1
|-boost|p2a: Kyurem|spe|1
|
|-weather|SunnyDay|[upkeep]
|upkeep
|turn|3
|
|t:|1758260967
|move|p2a: Kyurem|Icicle Spear|p1a: Corviknight
|-damage|p1a: Corviknight|60/100
|-damage|p1a: Corviknight|48/100
|-damage|p1a: Corviknight|36/100
|-damage|p1a: Corviknight|23/100
|-hitcount|p1a: Corviknight|4
|move|p1a: Corviknight|Brave Bird|p2a: Kyurem
|-damage|p2a: Kyurem|51/100
|-damage|p1a: Corviknight|7/100|[from] Recoil
|
|-weather|SunnyDay|[upkeep]
|-heal|p2a: Kyurem|58/100|[from] Grassy Terrain
|upkeep
|turn|4
|inactive|Samarand has 120 seconds left.
|
|t:|1758261000
|move|p2a: Kyurem|Icicle Spear|p1a: Corviknight
|-damage|p1a: Corviknight|0 fnt
|faint|p1a: Corviknight
|-hitcount|p1: Corviknight|1
|
|-weather|SunnyDay|[upkeep]
|-heal|p2a: Kyurem|64/100|[from] Grassy Terrain
|upkeep
|
|t:|1758261027
|switch|p1a: Delphox|Delphox, F|100/100
|turn|5
|
|t:|1758261032
|-terastallize|p1a: Delphox|Fairy
|move|p2a: Kyurem|Scale Shot|p1a: Delphox
|-immune|p1a: Delphox
|move|p1a: Delphox|Dazzling Gleam|p2a: Kyurem
|-supereffective|p2a: Kyurem
|-damage|p2a: Kyurem|0 fnt
|faint|p2a: Kyurem
|
|-weather|SunnyDay|[upkeep]
|-fieldend|move: Grassy Terrain
|upkeep
|inactive|SMM Metagross has 120 seconds left.
|
|t:|1758261087
|switch|p2a: Raging Bolt|Raging Bolt|100/100
|-activate|p2a: Raging Bolt|ability: Protosynthesis
|-start|p2a: Raging Bolt|protosynthesisspa
|turn|6
|
|t:|1758261094
|move|p1a: Delphox|Dazzling Gleam|p2a: Raging Bolt
|-supereffective|p2a: Raging Bolt
|-damage|p2a: Raging Bolt|3/100
|move|p2a: Raging Bolt|Thunderbolt|p1a: Delphox
|-damage|p1a: Delphox|21/100
|
|-weather|SunnyDay|[upkeep]
|upkeep
|turn|7
|inactive|Samarand has 120 seconds left.
|
|t:|1758261106
|switch|p1a: Iron Treads|Iron Treads|100/100
|move|p2a: Raging Bolt|Thunderclap||[still]
|-fail|p2a: Raging Bolt
|
|-weather|SunnyDay|[upkeep]
|upkeep
|turn|8
|inactive|Samarand has 120 seconds left.
|inactive|SMM Metagross has 120 seconds left.
|
|t:|1758261113
|move|p1a: Iron Treads|High Horsepower|p2a: Raging Bolt
|-supereffective|p2a: Raging Bolt
|-damage|p2a: Raging Bolt|0 fnt
|faint|p2a: Raging Bolt
|-end|p2a: Raging Bolt|Protosynthesis|[silent]
|
|-weather|none
|upkeep
|inactive|SMM Metagross has 120 seconds left.
|
|t:|1758261122
|switch|p2a: Ceruledge|Ceruledge, M|100/100
|turn|9
|
|t:|1758261135
|move|p1a: Iron Treads|High Horsepower|p2a: Ceruledge
|-supereffective|p2a: Ceruledge
|-enditem|p2a: Ceruledge|Focus Sash
|-damage|p2a: Ceruledge|1/100
|-ability|p2a: Ceruledge|Weak Armor|boost
|-unboost|p2a: Ceruledge|def|1
|-boost|p2a: Ceruledge|spe|2
|move|p2a: Ceruledge|Swords Dance|p2a: Ceruledge
|-boost|p2a: Ceruledge|atk|2
|
|upkeep
|turn|10
|inactive|Samarand has 120 seconds left.
|
|t:|1758261167
|-end|p1a: Iron Treads|Quark Drive|[silent]
|switch|p1a: Araquanid|Araquanid, F|100/100
|move|p2a: Ceruledge|Bitter Blade|p1a: Araquanid
|-damage|p1a: Araquanid|45/100
|-heal|p2a: Ceruledge|33/100|[from] drain|[of] p1a: Araquanid
|
|upkeep
|turn|11
|
|t:|1758261176
|move|p1a: Araquanid|Endure|p1a: Araquanid
|-singleturn|p1a: Araquanid|move: Endure
|move|p2a: Ceruledge|Bitter Blade|p1a: Araquanid
|-activate|p1a: Araquanid|move: Endure
|-damage|p1a: Araquanid|1/100
|-heal|p2a: Ceruledge|59/100|[from] drain|[of] p1a: Araquanid
|
|upkeep
|turn|12
|-enditem|p1a: Araquanid|Custap Berry|[eat]
|-activate|p1a: Araquanid|item: Custap Berry|[consumed]
|
|t:|1758261184
|move|p2a: Ceruledge|Shadow Sneak|p1a: Araquanid
|-crit|p1a: Araquanid
|-damage|p1a: Araquanid|0 fnt
|faint|p1a: Araquanid
|
|upkeep
|c|☆Samarand|darn
|
|t:|1758261202
|switch|p1a: Ninetales|Ninetales, M|100/100
|-weather|SunnyDay|[from] ability: Drought|[of] p1a: Ninetales
|turn|13
|
|t:|1758261211
|move|p2a: Ceruledge|Close Combat|p1a: Ninetales
|-damage|p1a: Ninetales|0 fnt
|-unboost|p2a: Ceruledge|def|1
|-unboost|p2a: Ceruledge|spd|1
|faint|p1a: Ninetales
|
|-weather|SunnyDay|[upkeep]
|upkeep
|
|t:|1758261235
|switch|p1a: Rillaboom|Rillaboom, F|100/100
|-fieldstart|move: Grassy Terrain|[from] ability: Grassy Surge|[of] p1a: Rillaboom
|turn|14
|
|t:|1758261245
|move|p1a: Rillaboom|Grassy Glide|p2a: Ceruledge
|-resisted|p2a: Ceruledge
|-damage|p2a: Ceruledge|0 fnt
|faint|p2a: Ceruledge
|
|-weather|SunnyDay|[upkeep]
|upkeep
|
|t:|1758261252
|switch|p2a: Kingambit|Kingambit, M|100/100
|-activate|p2a: Kingambit|ability: Supreme Overlord
|-start|p2a: Kingambit|fallen3|[silent]
|turn|15
|
|t:|1758261256
|switch|p1a: Iron Treads|Iron Treads|100/100
|move|p2a: Kingambit|Kowtow Cleave|p1a: Iron Treads
|-damage|p1a: Iron Treads|28/100
|-enditem|p1a: Iron Treads|Sitrus Berry|[eat]
|-heal|p1a: Iron Treads|53/100|[from] item: Sitrus Berry
|
|-weather|SunnyDay|[upkeep]
|-heal|p1a: Iron Treads|60/100|[from] Grassy Terrain
|upkeep
|turn|16
|
|t:|1758261264
|-terastallize|p2a: Kingambit|Flying
|move|p1a: Iron Treads|High Horsepower|p2a: Kingambit
|-immune|p2a: Kingambit
|move|p2a: Kingambit|Swords Dance|p2a: Kingambit
|-boost|p2a: Kingambit|atk|2
|
|-weather|SunnyDay|[upkeep]
|-heal|p1a: Iron Treads|66/100|[from] Grassy Terrain
|upkeep
|turn|17
|-message|Samarand forfeited.
|
|win|SMM Metagross
|raw|Samarand's rating: 1370 &rarr; <strong>1349</strong><br />(-21 for losing)
|raw|SMM Metagross's rating: 1355 &rarr; <strong>1376</strong><br />(+21 for winning)
|l|☆SMM Metagross
|player|p2|
|l|☆Samarand
|player|p1|
