|j|☆Yan fu walks
|j|☆VJ107
|t:|1758302024
|gametype|singles
|player|p1|Yan fu walks|iris|1000
|player|p2|VJ107|pokemonranger-gen4|1021
|gen|9
|tier|[Gen 9] OU
|rated|
|rule|HP Percentage Mod: HP is shown in percentages
|rule|Endless Battle Clause: Forcing endless battles is banned
|rule|Species Clause: Limit one of each Pokémon
|rule|OHKO Clause: OHKO moves are banned
|rule|Evasion Items Clause: Evasion items are banned
|rule|Evasion Moves Clause: Evasion moves are banned
|rule|Evasion Abilities Clause: Evasion abilities are banned
|rule|Sleep Moves Clause: Sleep-inducing moves are banned
|clearpoke
|poke|p1|Gholdengo|
|poke|p1|Araquanid, M|
|poke|p1|Hatterene, F|
|poke|p1|Chansey, F|
|poke|p1|Dragapult, F|
|poke|p1|Dragonite, M|
|poke|p2|Garchomp, M|
|poke|p2|Gliscor, F|
|poke|p2|Ninetales-Alola, F|
|poke|p2|Cinderace, F|
|poke|p2|Rillaboom, M|
|poke|p2|Rotom-Wash|
|teampreview
|
|t:|1758302034
|teamsize|p1|6
|teamsize|p2|6
|start
|switch|p1a: Araquanid|Araquanid, M|100/100
|switch|p2a: Ninetales|Ninetales-Alola, F|100/100
|-weather|Snowscape|[from] ability: Snow Warning|[of] p2a: Ninetales
|turn|1
|inactive|Battle timer is ON: inactive players will automatically lose when time's up. (requested by Yan fu walks)
|
|t:|1758302043
|move|p2a: Ninetales|Moonblast|p1a: Araquanid
|-damage|p1a: Araquanid|72/100
|move|p1a: Araquanid|Sticky Web|p2a: Ninetales
|-sidestart|p2: VJ107|move: Sticky Web
|
|-weather|Snowscape|[upkeep]
|upkeep
|turn|2
|
|t:|1758302051
|move|p2a: Ninetales|Aurora Veil|p2a: Ninetales
|-sidestart|p2: VJ107|move: Aurora Veil
|move|p1a: Araquanid|Liquidation|p2a: Ninetales
|-damage|p2a: Ninetales|89/100
|-unboost|p2a: Ninetales|def|1
|
|-weather|Snowscape|[upkeep]
|-heal|p2a: Ninetales|95/100|[from] item: Leftovers
|upkeep
|turn|3
|
|t:|1758302061
|move|p1a: Araquanid|Endure|p1a: Araquanid
|-singleturn|p1a: Araquanid|move: Endure
|move|p2a: Ninetales|Encore|p1a: Araquanid
|-start|p1a: Araquanid|Encore
|
|-weather|Snowscape|[upkeep]
|-heal|p2a: Ninetales|100/100|[from] item: Leftovers
|upkeep
|turn|4
|
|t:|1758302075
|switch|p2a: Rotom|Rotom-Wash, shiny|100/100
|switch|p1a: Chansey|Chansey, F|100/100
|
|-weather|Snowscape|[upkeep]
|upkeep
|turn|5
|
|t:|1758302086
|move|p2a: Rotom|Volt Switch|p1a: Chansey
|-damage|p1a: Chansey|91/100
|
|t:|1758302089
|switch|p2a: Rillaboom|Rillaboom, M|100/100|[from] Volt Switch
|-activate|p2a: Rillaboom|move: Sticky Web
|-unboost|p2a: Rillaboom|spe|1
|-fieldstart|move: Grassy Terrain|[from] ability: Grassy Surge|[of] p2a: Rillaboom
|move|p1a: Chansey|Stealth Rock|p2a: Rillaboom
|-sidestart|p2: VJ107|move: Stealth Rock
|
|-weather|none
|-heal|p1a: Chansey|97/100|[from] Grassy Terrain
|upkeep
|turn|6
|
|t:|1758302101
|move|p2a: Rillaboom|Knock Off|p1a: Chansey
|-damage|p1a: Chansey|76/100
|-enditem|p1a: Chansey|Eviolite|[from] move: Knock Off|[of] p2a: Rillaboom
|move|p1a: Chansey|Thunder Wave|p2a: Rillaboom
|-status|p2a: Rillaboom|par
|
|-heal|p1a: Chansey|83/100|[from] Grassy Terrain
|-sideend|p2: VJ107|move: Aurora Veil
|upkeep
|turn|7
|
|t:|1758302111
|move|p1a: Chansey|Seismic Toss|p2a: Rillaboom
|-damage|p2a: Rillaboom|71/100 par
|move|p2a: Rillaboom|U-turn|p1a: Chansey
|-damage|p1a: Chansey|58/100
|
|t:|1758302118
|switch|p2a: Gliscor|Gliscor, F, shiny|100/100|[from] U-turn
|-damage|p2a: Gliscor|88/100|[from] Stealth Rock
|
|-heal|p1a: Chansey|64/100|[from] Grassy Terrain
|-status|p2a: Gliscor|tox|[from] item: Toxic Orb
|upkeep
|turn|8
|
|t:|1758302127
|switch|p1a: Hatterene|Hatterene, F|100/100
|move|p2a: Gliscor|Swords Dance|p2a: Gliscor
|-boost|p2a: Gliscor|atk|2
|
|-heal|p2a: Gliscor|100/100 tox|[from] ability: Poison Heal
|upkeep
|turn|9
|
|t:|1758302148
|move|p2a: Gliscor|Facade|p1a: Hatterene
|-damage|p1a: Hatterene|16/100
|move|p1a: Hatterene|Psyshock|p2a: Gliscor
|-damage|p2a: Gliscor|54/100 tox
|
|-heal|p1a: Hatterene|22/100|[from] Grassy Terrain
|-heal|p1a: Hatterene|28/100|[from] item: Leftovers
|-heal|p2a: Gliscor|66/100 tox|[from] ability: Poison Heal
|-fieldend|move: Grassy Terrain
|upkeep
|turn|10
|
|t:|1758302161
|switch|p1a: Araquanid|Araquanid, M|72/100
|move|p2a: Gliscor|Protect||[still]
|-fail|p2a: Gliscor
|
|-heal|p2a: Gliscor|79/100 tox|[from] ability: Poison Heal
|upkeep
|turn|11
|
|t:|1758302178
|move|p2a: Gliscor|Facade|p1a: Araquanid
|-damage|p1a: Araquanid|15/100
|move|p1a: Araquanid|Endeavor|p2a: Gliscor
|-damage|p2a: Gliscor|17/100 tox
|
|-heal|p2a: Gliscor|30/100 tox|[from] ability: Poison Heal
|upkeep
|turn|12
|-enditem|p1a: Araquanid|Custap Berry|[eat]
|-activate|p1a: Araquanid|item: Custap Berry|[consumed]
|
|t:|1758302186
|move|p1a: Araquanid|Endure|p1a: Araquanid
|-singleturn|p1a: Araquanid|move: Endure
|move|p2a: Gliscor|Protect||[still]
|-fail|p2a: Gliscor
|
|-heal|p2a: Gliscor|42/100 tox|[from] ability: Poison Heal
|upkeep
|turn|13
|
|t:|1758302195
|move|p2a: Gliscor|Protect|p2a: Gliscor
|-singleturn|p2a: Gliscor|Protect
|move|p1a: Araquanid|Endeavor|p2a: Gliscor
|-activate|p2a: Gliscor|move: Protect
|
|-heal|p2a: Gliscor|54/100 tox|[from] ability: Poison Heal
|upkeep
|turn|14
|
|t:|1758302205
|move|p1a: Araquanid|Endure|p1a: Araquanid
|-singleturn|p1a: Araquanid|move: Endure
|move|p2a: Gliscor|Facade|p1a: Araquanid
|-activate|p1a: Araquanid|move: Endure
|-damage|p1a: Araquanid|1/100
|
|-heal|p2a: Gliscor|67/100 tox|[from] ability: Poison Heal
|upkeep
|turn|15
|
|t:|1758302219
|move|p2a: Gliscor|Facade|p1a: Araquanid
|-damage|p1a: Araquanid|0 fnt
|faint|p1a: Araquanid
|
|-heal|p2a: Gliscor|79/100 tox|[from] ability: Poison Heal
|upkeep
|
|t:|1758302227
|switch|p1a: Dragapult|Dragapult, F|100/100
|turn|16
|
|t:|1758302233
|move|p1a: Dragapult|Hex|p2a: Gliscor
|-damage|p2a: Gliscor|2/100 tox
|move|p2a: Gliscor|Facade|p1a: Dragapult
|-immune|p1a: Dragapult
|
|-heal|p2a: Gliscor|14/100 tox|[from] ability: Poison Heal
|upkeep
|turn|17
|
|t:|1758302256
|move|p1a: Dragapult|Hex|p2a: Gliscor
|-damage|p2a: Gliscor|0 fnt
|faint|p2a: Gliscor
|
|upkeep
|
|t:|1758302261
|switch|p2a: Ninetales|Ninetales-Alola, F|100/100
|-activate|p2a: Ninetales|move: Sticky Web
|-unboost|p2a: Ninetales|spe|1
|-damage|p2a: Ninetales|76/100|[from] Stealth Rock
|-weather|Snowscape|[from] ability: Snow Warning|[of] p2a: Ninetales
|turn|18
|
|t:|1758302272
|switch|p1a: Chansey|Chansey, F|64/100
|move|p2a: Ninetales|Aurora Veil|p2a: Ninetales
|-sidestart|p2: VJ107|move: Aurora Veil
|
|-weather|Snowscape|[upkeep]
|-heal|p2a: Ninetales|82/100|[from] item: Leftovers
|upkeep
|turn|19
|
|t:|1758302280
|move|p2a: Ninetales|Encore||[still]
|-fail|p2a: Ninetales
|move|p1a: Chansey|Thunder Wave|p2a: Ninetales
|-status|p2a: Ninetales|par
|
|-weather|Snowscape|[upkeep]
|-heal|p2a: Ninetales|88/100 par|[from] item: Leftovers
|upkeep
|turn|20
|
|t:|1758302289
|move|p1a: Chansey|Seismic Toss|p2a: Ninetales
|-damage|p2a: Ninetales|53/100 par
|move|p2a: Ninetales|Blizzard|p1a: Chansey
|-damage|p1a: Chansey|44/100
|
|-weather|Snowscape|[upkeep]
|-heal|p2a: Ninetales|59/100 par|[from] item: Leftovers
|upkeep
|turn|21
|
|t:|1758302302
|switch|p2a: Rotom|Rotom-Wash, shiny|100/100
|-damage|p2a: Rotom|88/100|[from] Stealth Rock
|move|p1a: Chansey|Soft-Boiled|p1a: Chansey
|-heal|p1a: Chansey|94/100
|
|-weather|Snowscape|[upkeep]
|-heal|p2a: Rotom|94/100|[from] item: Leftovers
|upkeep
|turn|22
|
|t:|1758302313
|switch|p1a: Hatterene|Hatterene, F|28/100
|move|p2a: Rotom|Pain Split|p1a: Hatterene
|-sethp|p1a: Hatterene|50/100|[from] move: Pain Split|[silent]
|-sethp|p2a: Rotom|66/100|[from] move: Pain Split
|
|-weather|none
|-heal|p2a: Rotom|72/100|[from] item: Leftovers
|-heal|p1a: Hatterene|56/100|[from] item: Leftovers
|-sideend|p2: VJ107|move: Aurora Veil
|upkeep
|turn|23
|
|t:|1758302327
|move|p2a: Rotom|Volt Switch|p1a: Hatterene
|-damage|p1a: Hatterene|22/100
|
|t:|1758302334
|switch|p2a: Ninetales|Ninetales-Alola, F|59/100 par|[from] Volt Switch
|-activate|p2a: Ninetales|move: Sticky Web
|-unboost|p2a: Ninetales|spe|1
|-damage|p2a: Ninetales|34/100 par|[from] Stealth Rock
|-weather|Snowscape|[from] ability: Snow Warning|[of] p2a: Ninetales
|move|p1a: Hatterene|Mystical Fire|p2a: Ninetales
|-supereffective|p2a: Ninetales
|-damage|p2a: Ninetales|0 fnt
|faint|p2a: Ninetales
|
|-weather|Snowscape|[upkeep]
|-heal|p1a: Hatterene|28/100|[from] item: Leftovers
|upkeep
|
|t:|1758302345
|switch|p2a: Garchomp|Garchomp, M|100/100
|-activate|p2a: Garchomp|move: Sticky Web
|-unboost|p2a: Garchomp|spe|1
|-damage|p2a: Garchomp|94/100|[from] Stealth Rock
|turn|24
|
|t:|1758302354
|move|p2a: Garchomp|Swords Dance|p2a: Garchomp
|-boost|p2a: Garchomp|atk|2
|move|p1a: Hatterene|Draining Kiss|p2a: Garchomp
|-supereffective|p2a: Garchomp
|-damage|p2a: Garchomp|29/100
|-heal|p1a: Hatterene|83/100|[from] drain|[of] p2a: Garchomp
|-damage|p1a: Hatterene|71/100|[from] ability: Rough Skin|[of] p2a: Garchomp
|
|-weather|Snowscape|[upkeep]
|-heal|p1a: Hatterene|77/100|[from] item: Leftovers
|upkeep
|turn|25
|
|t:|1758302366
|move|p2a: Garchomp|Earthquake|p1a: Hatterene
|-damage|p1a: Hatterene|0 fnt
|faint|p1a: Hatterene
|
|-weather|Snowscape|[upkeep]
|upkeep
|
|t:|1758302373
|switch|p1a: Dragonite|Dragonite, M|100/100
|turn|26
|
|t:|1758302378
|-terastallize|p2a: Garchomp|Dragon
|move|p1a: Dragonite|Scale Shot|p2a: Garchomp|[miss]
|-miss|p1a: Dragonite|p2a: Garchomp
|move|p2a: Garchomp|Scale Shot|p1a: Dragonite
|-supereffective|p1a: Dragonite
|-damage|p1a: Dragonite|59/100
|-supereffective|p1a: Dragonite
|-damage|p1a: Dragonite|0 fnt
|faint|p1a: Dragonite
|-hitcount|p1: Dragonite|2
|-unboost|p2a: Garchomp|def|1
|-boost|p2a: Garchomp|spe|1
|
|-weather|Snowscape|[upkeep]
|upkeep
|
|t:|1758302394
|switch|p1a: Gholdengo|Gholdengo|100/100
|turn|27
|inactive|VJ107 has 120 seconds left.
|
|t:|1758302450
|-terastallize|p1a: Gholdengo|Water
|move|p2a: Garchomp|Earthquake|p1a: Gholdengo
|-damage|p1a: Gholdengo|4/100
|move|p1a: Gholdengo|Hex|p2a: Garchomp
|-damage|p2a: Garchomp|0 fnt
|faint|p2a: Garchomp
|
|-weather|none
|-heal|p1a: Gholdengo|10/100|[from] item: Leftovers
|upkeep
|
|t:|1758302457
|switch|p2a: Rillaboom|Rillaboom, M|71/100 par
|-activate|p2a: Rillaboom|move: Sticky Web
|-unboost|p2a: Rillaboom|spe|1
|-damage|p2a: Rillaboom|59/100 par|[from] Stealth Rock
|-fieldstart|move: Grassy Terrain|[from] ability: Grassy Surge|[of] p2a: Rillaboom
|turn|28
|
|t:|1758302467
|switch|p1a: Chansey|Chansey, F|94/100
|move|p2a: Rillaboom|Knock Off|p1a: Chansey
|-damage|p1a: Chansey|73/100
|
|-heal|p1a: Chansey|79/100|[from] Grassy Terrain
|-heal|p2a: Rillaboom|65/100 par|[from] Grassy Terrain
|-heal|p2a: Rillaboom|71/100 par|[from] item: Leftovers
|upkeep
|turn|29
|
|t:|1758302478
|move|p1a: Chansey|Seismic Toss|p2a: Rillaboom
|-damage|p2a: Rillaboom|42/100 par
|cant|p2a: Rillaboom|par
|
|-heal|p1a: Chansey|86/100|[from] Grassy Terrain
|-heal|p2a: Rillaboom|48/100 par|[from] Grassy Terrain
|-heal|p2a: Rillaboom|54/100 par|[from] item: Leftovers
|upkeep
|turn|30
|
|t:|1758302487
|move|p1a: Chansey|Seismic Toss|p2a: Rillaboom
|-damage|p2a: Rillaboom|25/100 par
|cant|p2a: Rillaboom|par
|
|-heal|p1a: Chansey|92/100|[from] Grassy Terrain
|-heal|p2a: Rillaboom|31/100 par|[from] Grassy Terrain
|-heal|p2a: Rillaboom|37/100 par|[from] item: Leftovers
|upkeep
|turn|31
|inactive|VJ107 has 120 seconds left.
|
|t:|1758302496
|switch|p2a: Rotom|Rotom-Wash, shiny|72/100
|-damage|p2a: Rotom|59/100|[from] Stealth Rock
|move|p1a: Chansey|Seismic Toss|p2a: Rotom
|-damage|p2a: Rotom|18/100
|
|-heal|p2a: Rotom|24/100|[from] item: Leftovers
|-heal|p1a: Chansey|98/100|[from] Grassy Terrain
|upkeep
|turn|32
|
|t:|1758302507
|switch|p1a: Gholdengo|Gholdengo, tera:Water|10/100
|move|p2a: Rotom|Pain Split|p1a: Gholdengo
|-immune|p1a: Gholdengo|[from] ability: Good as Gold
|
|-heal|p2a: Rotom|30/100|[from] item: Leftovers
|-heal|p1a: Gholdengo|16/100|[from] Grassy Terrain
|-heal|p1a: Gholdengo|22/100|[from] item: Leftovers
|-fieldend|move: Grassy Terrain
|upkeep
|turn|33
|
|t:|1758302518
|move|p2a: Rotom|Volt Switch|p1a: Gholdengo
|-supereffective|p1a: Gholdengo
|-damage|p1a: Gholdengo|0 fnt
|faint|p1a: Gholdengo
|
|t:|1758302527
|switch|p2a: Cinderace|Cinderace, F|100/100|[from] Volt Switch
|
|upkeep
|
|t:|1758302531
|switch|p1a: Dragapult|Dragapult, F|100/100
|turn|34
|
|t:|1758302540
|move|p1a: Dragapult|Draco Meteor|p2a: Cinderace
|-damage|p2a: Cinderace|15/100
|-unboost|p1a: Dragapult|spa|2
|move|p2a: Cinderace|Will-O-Wisp|p1a: Dragapult
|-status|p1a: Dragapult|brn
|
|-damage|p1a: Dragapult|95/100 brn|[from] brn
|upkeep
|turn|35
|
|t:|1758302551
|move|p1a: Dragapult|Thunder Wave|p2a: Cinderace
|-status|p2a: Cinderace|par
|cant|p2a: Cinderace|par
|
|-damage|p1a: Dragapult|89/100 brn|[from] brn
|upkeep
|turn|36
|
|t:|1758302561
|switch|p2a: Rotom|Rotom-Wash, shiny|30/100
|-damage|p2a: Rotom|18/100|[from] Stealth Rock
|move|p1a: Dragapult|Hex|p2a: Rotom
|-damage|p2a: Rotom|0 fnt
|faint|p2a: Rotom
|
|-damage|p1a: Dragapult|83/100 brn|[from] brn
|upkeep
|
|t:|1758302567
|switch|p2a: Rillaboom|Rillaboom, M|37/100 par
|-activate|p2a: Rillaboom|move: Sticky Web
|-unboost|p2a: Rillaboom|spe|1
|-damage|p2a: Rillaboom|25/100 par|[from] Stealth Rock
|-fieldstart|move: Grassy Terrain|[from] ability: Grassy Surge|[of] p2a: Rillaboom
|turn|37
|
|t:|1758302578
|switch|p1a: Chansey|Chansey, F|98/100
|move|p2a: Rillaboom|Wood Hammer|p1a: Chansey
|-damage|p1a: Chansey|24/100
|-damage|p2a: Rillaboom|0 fnt|[from] Recoil
|faint|p2a: Rillaboom
|
|-heal|p1a: Chansey|31/100|[from] Grassy Terrain
|upkeep
|
|t:|1758302586
|switch|p2a: Cinderace|Cinderace, F|15/100 par
|turn|38
|
|t:|1758302590
|move|p2a: Cinderace|Pyro Ball|p1a: Chansey
|-damage|p1a: Chansey|0 fnt
|faint|p1a: Chansey
|
|-heal|p2a: Cinderace|21/100 par|[from] Grassy Terrain
|upkeep
|
|t:|1758302597
|switch|p1a: Dragapult|Dragapult, F|83/100 brn
|turn|39
|
|t:|1758302604
|move|p1a: Dragapult|Hex|p2a: Cinderace
|-damage|p2a: Cinderace|0 fnt
|faint|p2a: Cinderace
|
|win|Yan fu walks
|raw|Yan fu walks's rating: 1000 &rarr; <strong>1042</strong><br />(+42 for winning)
|raw|VJ107's rating: 1021 &rarr; <strong>1007</strong><br />(-14 for losing)
|c|☆VJ107|ggs
