|j|☆jamel1
|j|☆suprya
|t:|1758248504
|gametype|singles
|player|p1|jamel1|cyrus|1753
|player|p2|suprya|preschooler|1754
|gen|9
|tier|[Gen 9] OU
|rated|
|rule|HP Percentage Mod: HP is shown in percentages
|rule|Endless Battle Clause: Forcing endless battles is banned
|rule|Species Clause: Limit one of each Pokémon
|rule|OHKO Clause: OHKO moves are banned
|rule|Evasion Items Clause: Evasion items are banned
|rule|Evasion Moves Clause: Evasion moves are banned
|rule|Evasion Abilities Clause: Evasion abilities are banned
|rule|Sleep Moves Clause: Sleep-inducing moves are banned
|clearpoke
|poke|p1|Sandaconda, F|
|poke|p1|Deoxys-Defense|
|poke|p1|Gyarados, M|
|poke|p1|Maushold|
|poke|p1|Serperior, M|
|poke|p1|Kommo-o, M|
|poke|p2|Iron Valiant|
|poke|p2|Empoleon, F|
|poke|p2|Meowscarada, M|
|poke|p2|Landorus-Therian, M|
|poke|p2|Dragonite, F|
|poke|p2|Pecharunt|
|teampreview
|inactive|Battle timer is ON: inactive players will automatically lose when time's up. (requested by suprya)
|inactive|suprya has 120 seconds left.
|
|t:|1758248540
|teamsize|p1|6
|teamsize|p2|6
|start
|switch|p1a: Sandaconda|Sandaconda, F|100/100
|switch|p2a: Meowscarada|Meowscarada, M|100/100
|turn|1
|inactive|suprya has 120 seconds left.
|j| civicvictor
|
|t:|1758248574
|move|p2a: Meowscarada|Flower Trick|p1a: Sandaconda
|-start|p2a: Meowscarada|typechange|Grass|[from] ability: Protean
|-supereffective|p1a: Sandaconda
|-crit|p1a: Sandaconda
|-damage|p1a: Sandaconda|3/100
|move|p1a: Sandaconda|Glare|p2a: Meowscarada
|-status|p2a: Meowscarada|par
|
|upkeep
|turn|2
|inactive|suprya has 120 seconds left.
|
|t:|1758248584
|move|p1a: Sandaconda|Stealth Rock|p2a: Meowscarada
|-sidestart|p2: suprya|move: Stealth Rock
|move|p2a: Meowscarada|Knock Off|p1a: Sandaconda
|-damage|p1a: Sandaconda|0 fnt
|-enditem|p1a: Sandaconda|Focus Sash|[from] move: Knock Off|[of] p2a: Meowscarada
|faint|p1a: Sandaconda
|
|upkeep
|
|t:|1758248587
|switch|p1a: Serperior|Serperior, M, shiny|100/100
|turn|3
|
|t:|1758248590
|move|p1a: Serperior|Reflect|p1a: Serperior
|-sidestart|p1: jamel1|Reflect
|move|p2a: Meowscarada|Triple Axel|p1a: Serperior
|-supereffective|p1a: Serperior
|-damage|p1a: Serperior|93/100
|-supereffective|p1a: Serperior
|-damage|p1a: Serperior|78/100
|-hitcount|p1a: Serperior|2
|
|upkeep
|turn|4
|j| KFCrusaider
|
|t:|1758248603
|switch|p2a: Pecharunt|Pecharunt|100/100
|move|p1a: Serperior|Light Screen|p1a: Serperior
|-sidestart|p1: jamel1|move: Light Screen
|
|upkeep
|turn|5
|
|t:|1758248607
|move|p1a: Serperior|Leaf Storm|p2a: Pecharunt
|-resisted|p2a: Pecharunt
|-crit|p2a: Pecharunt
|-damage|p2a: Pecharunt|65/100
|-boost|p1a: Serperior|spa|2
|move|p2a: Pecharunt|Malignant Chain|p1a: Serperior
|-supereffective|p1a: Serperior
|-damage|p1a: Serperior|39/100
|
|upkeep
|turn|6
|
|t:|1758248612
|move|p1a: Serperior|Leaf Storm|p2a: Pecharunt
|-resisted|p2a: Pecharunt
|-damage|p2a: Pecharunt|15/100
|-boost|p1a: Serperior|spa|2
|move|p2a: Pecharunt|Malignant Chain|p1a: Serperior
|-supereffective|p1a: Serperior
|-damage|p1a: Serperior|4/100
|
|upkeep
|turn|7
|
|t:|1758248623
|move|p1a: Serperior|Leaf Storm|p2a: Pecharunt
|-resisted|p2a: Pecharunt
|-damage|p2a: Pecharunt|0 fnt
|-boost|p1a: Serperior|spa|2
|faint|p2a: Pecharunt
|
|upkeep
|
|t:|1758248626
|switch|p2a: Dragonite|Dragonite, F|100/100
|turn|8
|
|t:|1758248628
|move|p2a: Dragonite|Extreme Speed|p1a: Serperior
|-damage|p1a: Serperior|0 fnt
|faint|p1a: Serperior
|
|upkeep
|
|t:|1758248633
|switch|p1a: Kommo-o|Kommo-o, M|100/100
|turn|9
|l| KFCrusaider
|
|t:|1758248653
|move|p1a: Kommo-o|Belly Drum|p1a: Kommo-o
|-damage|p1a: Kommo-o|50/100
|-setboost|p1a: Kommo-o|atk|6|[from] move: Belly Drum
|move|p2a: Dragonite|Dragon Dance|p2a: Dragonite
|-boost|p2a: Dragonite|atk|1
|-boost|p2a: Dragonite|spe|1
|
|upkeep
|turn|10
|
|t:|1758248659
|move|p2a: Dragonite|Encore|p1a: Kommo-o
|-start|p1a: Kommo-o|Encore
|move|p1a: Kommo-o|Belly Drum||[still]
|-fail|p1a: Kommo-o
|
|-sideend|p1: jamel1|Reflect
|upkeep
|turn|11
|
|t:|1758248666
|switch|p1a: Maushold|Maushold|100/100
|move|p2a: Dragonite|Dragon Dance|p2a: Dragonite
|-boost|p2a: Dragonite|atk|1
|-boost|p2a: Dragonite|spe|1
|
|-sideend|p1: jamel1|move: Light Screen
|upkeep
|turn|12
|
|t:|1758248670
|move|p2a: Dragonite|Earthquake|p1a: Maushold
|-damage|p1a: Maushold|24/100
|move|p1a: Maushold|Thunder Wave|p2a: Dragonite
|-status|p2a: Dragonite|par
|
|upkeep
|turn|13
|
|t:|1758248674
|move|p2a: Dragonite|Extreme Speed|p1a: Maushold
|-damage|p1a: Maushold|0 fnt
|faint|p1a: Maushold
|
|upkeep
|
|t:|1758248678
|switch|p1a: Kommo-o|Kommo-o, M|50/100
|turn|14
|
|t:|1758248684
|move|p2a: Dragonite|Extreme Speed|p1a: Kommo-o
|-damage|p1a: Kommo-o|0 fnt
|faint|p1a: Kommo-o
|
|upkeep
|
|t:|1758248686
|switch|p1a: Gyarados|Gyarados, M, shiny|100/100
|turn|15
|
|t:|1758248693
|move|p2a: Dragonite|Extreme Speed|p1a: Gyarados
|-damage|p1a: Gyarados|27/100
|move|p1a: Gyarados|Substitute|p1a: Gyarados
|-start|p1a: Gyarados|Substitute
|-damage|p1a: Gyarados|3/100
|
|-heal|p1a: Gyarados|9/100|[from] item: Leftovers
|upkeep
|turn|16
|
|t:|1758248701
|move|p1a: Gyarados|Waterfall|p2a: Dragonite
|-resisted|p2a: Dragonite
|-damage|p2a: Dragonite|91/100 par
|move|p2a: Dragonite|Encore|p1a: Gyarados
|-start|p1a: Gyarados|Encore
|
|-heal|p1a: Gyarados|15/100|[from] item: Leftovers
|upkeep
|turn|17
|
|t:|1758248707
|move|p2a: Dragonite|Extreme Speed|p1a: Gyarados
|-end|p1a: Gyarados|Substitute
|move|p1a: Gyarados|Waterfall|p2a: Dragonite
|-resisted|p2a: Dragonite
|-damage|p2a: Dragonite|73/100 par
|
|-heal|p1a: Gyarados|21/100|[from] item: Leftovers
|upkeep
|turn|18
|
|t:|1758248710
|cant|p2a: Dragonite|par
|move|p1a: Gyarados|Waterfall|p2a: Dragonite
|-resisted|p2a: Dragonite
|-damage|p2a: Dragonite|55/100 par
|
|-heal|p1a: Gyarados|27/100|[from] item: Leftovers
|upkeep
|turn|19
|
|t:|1758248712
|move|p2a: Dragonite|Extreme Speed|p1a: Gyarados
|-damage|p1a: Gyarados|0 fnt
|faint|p1a: Gyarados
|
|upkeep
|
|t:|1758248714
|switch|p1a: Deoxys|Deoxys-Defense|100/100
|-ability|p1a: Deoxys|Pressure
|turn|20
|
|t:|1758248718
|move|p2a: Dragonite|Extreme Speed|p1a: Deoxys
|-damage|p1a: Deoxys|60/100
|move|p1a: Deoxys|Cosmic Power|p1a: Deoxys
|-boost|p1a: Deoxys|def|1
|-boost|p1a: Deoxys|spd|1
|
|upkeep
|turn|21
|
|t:|1758248727
|move|p1a: Deoxys|Recover|p1a: Deoxys
|-heal|p1a: Deoxys|100/100
|move|p2a: Dragonite|Encore|p1a: Deoxys
|-start|p1a: Deoxys|Encore
|
|upkeep
|turn|22
|
|t:|1758248738
|move|p1a: Deoxys|Recover||[still]
|-fail|p1a: Deoxys|heal
|cant|p2a: Dragonite|par
|
|upkeep
|turn|23
|l| civicvictor
|
|t:|1758248752
|move|p1a: Deoxys|Recover||[still]
|-fail|p1a: Deoxys|heal
|move|p2a: Dragonite|Dragon Dance|p2a: Dragonite
|-boost|p2a: Dragonite|atk|1
|-boost|p2a: Dragonite|spe|1
|
|upkeep
|turn|24
|
|t:|1758248757
|cant|p2a: Dragonite|par
|move|p1a: Deoxys|Recover||[still]
|-fail|p1a: Deoxys|heal
|
|-end|p1a: Deoxys|Encore
|upkeep
|turn|25
|
|t:|1758248759
|move|p2a: Dragonite|Encore|p1a: Deoxys
|-start|p1a: Deoxys|Encore
|move|p1a: Deoxys|Recover||[still]
|-fail|p1a: Deoxys|heal
|
|upkeep
|turn|26
|
|t:|1758248761
|move|p2a: Dragonite|Dragon Dance|p2a: Dragonite
|-boost|p2a: Dragonite|atk|1
|-boost|p2a: Dragonite|spe|1
|move|p1a: Deoxys|Recover||[still]
|-fail|p1a: Deoxys|heal
|
|upkeep
|turn|27
|
|t:|1758248767
|cant|p2a: Dragonite|par
|move|p1a: Deoxys|Recover||[still]
|-fail|p1a: Deoxys|heal
|
|-end|p1a: Deoxys|Encore
|upkeep
|turn|28
|
|t:|1758248769
|move|p2a: Dragonite|Encore|p1a: Deoxys
|-start|p1a: Deoxys|Encore
|move|p1a: Deoxys|Recover||[still]
|-fail|p1a: Deoxys|heal
|
|-end|p1a: Deoxys|Encore
|upkeep
|turn|29
|
|t:|1758248772
|move|p2a: Dragonite|Earthquake|p1a: Deoxys
|-damage|p1a: Deoxys|49/100
|move|p1a: Deoxys|Cosmic Power|p1a: Deoxys
|-boost|p1a: Deoxys|def|1
|-boost|p1a: Deoxys|spd|1
|
|upkeep
|turn|30
|
|t:|1758248776
|move|p2a: Dragonite|Earthquake|p1a: Deoxys
|-damage|p1a: Deoxys|13/100
|move|p1a: Deoxys|Stored Power|p2a: Dragonite
|-damage|p2a: Dragonite|32/100 par
|
|upkeep
|turn|31
|
|t:|1758248779
|move|p2a: Dragonite|Earthquake|p1a: Deoxys
|-damage|p1a: Deoxys|0 fnt
|faint|p1a: Deoxys
|
|win|suprya
|raw|jamel1's rating: 1753 &rarr; <strong>1733</strong><br />(-20 for losing)
|raw|suprya's rating: 1754 &rarr; <strong>1774</strong><br />(+20 for winning)
|l|☆jamel1
|player|p1|
