|j|☆susumu808
|j|☆RugzV
|t:|1758356972
|gametype|singles
|player|p1|susumu808|265|1223
|player|p2|RugzV|gentleman-gen4|1210
|gen|9
|tier|[Gen 9] OU
|rated|
|rule|HP Percentage Mod: HP is shown in percentages
|rule|Endless Battle Clause: Forcing endless battles is banned
|rule|Species Clause: Limit one of each Pokémon
|rule|OHKO Clause: OHKO moves are banned
|rule|Evasion Items Clause: Evasion items are banned
|rule|Evasion Moves Clause: Evasion moves are banned
|rule|Evasion Abilities Clause: Evasion abilities are banned
|rule|Sleep Moves Clause: Sleep-inducing moves are banned
|clearpoke
|poke|p1|Scizor, F|
|poke|p1|Dragonite, F|
|poke|p1|Blaziken, F|
|poke|p1|Serperior, F|
|poke|p1|Latios, M|
|poke|p1|Deoxys-Defense|
|poke|p2|Clodsire, M|
|poke|p2|Meowscarada, F|
|poke|p2|Alomomola, M|
|poke|p2|Enamorus-Therian, F|
|poke|p2|Ceruledge, M|
|poke|p2|Reuniclus, F|
|teampreview
|
|t:|1758356976
|teamsize|p1|6
|teamsize|p2|6
|start
|switch|p1a: Latios|Latios, M|100/100
|switch|p2a: Purrfecto|Meowscarada, F|100/100
|turn|1
|
|t:|1758356992
|-terastallize|p1a: Latios|Dragon
|move|p2a: Purrfecto|Triple Axel|p1a: Latios
|-start|p2a: Purrfecto|typechange|Ice|[from] ability: Protean
|-supereffective|p1a: Latios
|-damage|p1a: Latios|74/100
|-supereffective|p1a: Latios
|-damage|p1a: Latios|19/100
|-supereffective|p1a: Latios
|-damage|p1a: Latios|0 fnt
|faint|p1a: Latios
|-hitcount|p1: Latios|3
|
|upkeep
|
|t:|1758357002
|switch|p1a: Scizor|Scizor, F, shiny|100/100
|turn|2
|
|t:|1758357007
|switch|p2a: Bigfish|Alomomola, M|100/100
|move|p1a: Scizor|Swords Dance|p1a: Scizor
|-boost|p1a: Scizor|atk|2
|
|upkeep
|turn|3
|
|t:|1758357014
|move|p1a: Scizor|Swords Dance|p1a: Scizor
|-boost|p1a: Scizor|atk|2
|move|p2a: Bigfish|Tickle|p1a: Scizor
|-unboost|p1a: Scizor|atk|1
|-unboost|p1a: Scizor|def|1
|
|upkeep
|turn|4
|
|t:|1758357021
|move|p1a: Scizor|Swords Dance|p1a: Scizor
|-boost|p1a: Scizor|atk|2
|move|p2a: Bigfish|Flip Turn|p1a: Scizor
|-damage|p1a: Scizor|77/100
|
|t:|1758357029
|switch|p2a: Spookilla|Ceruledge, M|100/100|[from] Flip Turn
|
|-heal|p1a: Scizor|83/100|[from] item: Leftovers
|upkeep
|turn|5
|
|t:|1758357036
|move|p1a: Scizor|Bullet Punch|p2a: Spookilla
|-resisted|p2a: Spookilla
|-damage|p2a: Spookilla|11/100
|move|p2a: Spookilla|Bitter Blade|p1a: Scizor
|-supereffective|p1a: Scizor
|-damage|p1a: Scizor|0 fnt
|-heal|p2a: Spookilla|51/100|[from] drain|[of] p1a: Scizor
|faint|p1a: Scizor
|
|upkeep
|
|t:|1758357044
|switch|p1a: Dragonite|Dragonite, F|100/100
|turn|6
|inactive|Battle timer is ON: inactive players will automatically lose when time's up. (requested by susumu808)
|
|t:|1758357055
|switch|p2a: Notatortoise|Enamorus-Therian, F|100/100
|move|p1a: Dragonite|Dragon Dance|p1a: Dragonite
|-boost|p1a: Dragonite|atk|1
|-boost|p1a: Dragonite|spe|1
|
|upkeep
|turn|7
|
|t:|1758357064
|move|p1a: Dragonite|Dragon Dance|p1a: Dragonite
|-boost|p1a: Dragonite|atk|1
|-boost|p1a: Dragonite|spe|1
|move|p2a: Notatortoise|Moonblast|p1a: Dragonite
|-supereffective|p1a: Dragonite
|-damage|p1a: Dragonite|11/100
|
|-heal|p1a: Dragonite|18/100|[from] item: Leftovers
|upkeep
|turn|8
|
|t:|1758357073
|move|p1a: Dragonite|Extreme Speed|p2a: Notatortoise
|-damage|p2a: Notatortoise|47/100
|move|p2a: Notatortoise|Moonblast|p1a: Dragonite
|-supereffective|p1a: Dragonite
|-damage|p1a: Dragonite|0 fnt
|faint|p1a: Dragonite
|
|upkeep
|
|t:|1758357080
|switch|p1a: Deoxys|Deoxys-Defense|100/100
|-ability|p1a: Deoxys|Pressure
|turn|9
|
|t:|1758357105
|switch|p2a: Embybro|Reuniclus, F|100/100
|move|p1a: Deoxys|Cosmic Power|p1a: Deoxys
|-boost|p1a: Deoxys|def|1
|-boost|p1a: Deoxys|spd|1
|
|upkeep
|turn|10
|
|t:|1758357113
|move|p1a: Deoxys|Cosmic Power|p1a: Deoxys
|-boost|p1a: Deoxys|def|1
|-boost|p1a: Deoxys|spd|1
|move|p2a: Embybro|Knock Off|p1a: Deoxys
|-supereffective|p1a: Deoxys
|-damage|p1a: Deoxys|84/100
|-enditem|p1a: Deoxys|Leftovers|[from] move: Knock Off|[of] p2a: Embybro
|
|upkeep
|turn|11
|
|t:|1758357125
|move|p1a: Deoxys|Cosmic Power|p1a: Deoxys
|-boost|p1a: Deoxys|def|1
|-boost|p1a: Deoxys|spd|1
|move|p2a: Embybro|Psychic Noise|p1a: Deoxys
|-resisted|p1a: Deoxys
|-damage|p1a: Deoxys|77/100
|-start|p1a: Deoxys|move: Heal Block
|
|upkeep
|turn|12
|
|t:|1758357144
|switch|p2a: Clodders|Clodsire, M|100/100
|move|p1a: Deoxys|Cosmic Power|p1a: Deoxys
|-boost|p1a: Deoxys|def|1
|-boost|p1a: Deoxys|spd|1
|
|-end|p1a: Deoxys|move: Heal Block
|upkeep
|turn|13
|
|t:|1758357154
|move|p1a: Deoxys|Stored Power|p2a: Clodders
|-supereffective|p2a: Clodders
|-damage|p2a: Clodders|45/100
|move|p2a: Clodders|Toxic|p1a: Deoxys
|-status|p1a: Deoxys|tox
|
|-heal|p2a: Clodders|51/100|[from] item: Leftovers
|-damage|p1a: Deoxys|71/100 tox|[from] psn
|upkeep
|turn|14
|
|t:|1758357165
|move|p1a: Deoxys|Stored Power|p2a: Clodders
|-supereffective|p2a: Clodders
|-damage|p2a: Clodders|0 fnt
|faint|p2a: Clodders
|
|-damage|p1a: Deoxys|58/100 tox|[from] psn
|upkeep
|inactive|RugzV has 120 seconds left.
|
|t:|1758357186
|switch|p2a: Purrfecto|Meowscarada, F|100/100
|turn|15
|inactive|RugzV has 120 seconds left.
|
|t:|1758357200
|move|p2a: Purrfecto|U-turn|p1a: Deoxys
|-start|p2a: Purrfecto|typechange|Bug|[from] ability: Protean
|-supereffective|p1a: Deoxys
|-damage|p1a: Deoxys|43/100 tox
|inactive|RugzV has 120 seconds left.
|
|t:|1758357211
|switch|p2a: Embybro|Reuniclus, F|100/100|[from] U-turn
|move|p1a: Deoxys|Night Shade|p2a: Embybro
|-damage|p2a: Embybro|77/100
|
|-damage|p1a: Deoxys|24/100 tox|[from] psn
|upkeep
|turn|16
|inactive|RugzV has 120 seconds left.
|
|t:|1758357221
|move|p1a: Deoxys|Night Shade|p2a: Embybro
|-damage|p2a: Embybro|53/100
|move|p2a: Embybro|Recover|p2a: Embybro
|-heal|p2a: Embybro|100/100
|
|-damage|p1a: Deoxys|0 fnt|[from] psn
|faint|p1a: Deoxys
|upkeep
|
|t:|1758357228
|switch|p1a: Serperior|Serperior, F|100/100
|turn|17
|inactive|RugzV has 120 seconds left.
|
|t:|1758357239
|move|p1a: Serperior|Leaf Storm|p2a: Embybro
|-damage|p2a: Embybro|52/100
|-boost|p1a: Serperior|spa|2
|move|p2a: Embybro|Psychic Noise|p1a: Serperior
|-damage|p1a: Serperior|41/100
|-start|p1a: Serperior|move: Heal Block
|
|upkeep
|turn|18
|inactive|RugzV has 120 seconds left.
|
|t:|1758357256
|move|p1a: Serperior|Leaf Storm|p2a: Embybro
|-damage|p2a: Embybro|0 fnt
|-boost|p1a: Serperior|spa|2
|faint|p2a: Embybro
|
|-end|p1a: Serperior|move: Heal Block
|upkeep
|
|t:|1758357266
|switch|p2a: Purrfecto|Meowscarada, F|100/100
|turn|19
|l|☆susumu808
|inactive|susumu808 disconnected and has a minute to reconnect!
|player|p1|
|inactive|susumu808 has 30 seconds to reconnect!
|j|☆susumu808
|inactive|susumu808 reconnected and has 105 seconds left.
|player|p1|susumu808|265|
|
|t:|1758357315
|move|p2a: Purrfecto|Triple Axel|p1a: Serperior
|-start|p2a: Purrfecto|typechange|Ice|[from] ability: Protean
|-supereffective|p1a: Serperior
|-damage|p1a: Serperior|18/100
|-supereffective|p1a: Serperior
|-damage|p1a: Serperior|0 fnt
|faint|p1a: Serperior
|-hitcount|p1: Serperior|2
|
|upkeep
|
|t:|1758357318
|switch|p1a: Blaziken|Blaziken, F|100/100
|turn|20
|
|t:|1758357327
|switch|p2a: Bigfish|Alomomola, M|100/100
|move|p1a: Blaziken|Swords Dance|p1a: Blaziken
|-boost|p1a: Blaziken|atk|2
|
|-ability|p1a: Blaziken|Speed Boost|boost
|-boost|p1a: Blaziken|spe|1
|upkeep
|turn|21
|
|t:|1758357336
|move|p1a: Blaziken|Swords Dance|p1a: Blaziken
|-boost|p1a: Blaziken|atk|2
|move|p2a: Bigfish|Scald|p1a: Blaziken
|-supereffective|p1a: Blaziken
|-damage|p1a: Blaziken|58/100
|
|-ability|p1a: Blaziken|Speed Boost|boost
|-boost|p1a: Blaziken|spe|1
|upkeep
|turn|22
|
|t:|1758357347
|move|p1a: Blaziken|Earthquake|p2a: Bigfish
|-damage|p2a: Bigfish|46/100
|move|p2a: Bigfish|Flip Turn|p1a: Blaziken
|-supereffective|p1a: Blaziken
|-damage|p1a: Blaziken|10/100
|
|t:|1758357354
|switch|p2a: Spookilla|Ceruledge, M|51/100|[from] Flip Turn
|
|-ability|p1a: Blaziken|Speed Boost|boost
|-boost|p1a: Blaziken|spe|1
|upkeep
|turn|23
|
|t:|1758357361
|move|p2a: Spookilla|Shadow Sneak|p1a: Blaziken
|-damage|p1a: Blaziken|0 fnt
|faint|p1a: Blaziken
|
|win|RugzV
|raw|susumu808's rating: 1223 &rarr; <strong>1197</strong><br />(-26 for losing)
|raw|RugzV's rating: 1210 &rarr; <strong>1236</strong><br />(+26 for winning)
|l|☆susumu808
|player|p1|
|l|☆RugzV
|player|p2|
