|j|☆rifoun
|j|☆noahthebadplayer
|t:|1758323378
|gametype|singles
|player|p1|rifoun|bugcatcher-gen4dp|1137
|player|p2|noahthebadplayer|266|1174
|gen|9
|tier|[Gen 9] OU
|rated|
|rule|HP Percentage Mod: HP is shown in percentages
|rule|Endless Battle Clause: Forcing endless battles is banned
|rule|Species Clause: Limit one of each Pokémon
|rule|OHKO Clause: OHKO moves are banned
|rule|Evasion Items Clause: Evasion items are banned
|rule|Evasion Moves Clause: Evasion moves are banned
|rule|Evasion Abilities Clause: Evasion abilities are banned
|rule|Sleep Moves Clause: Sleep-inducing moves are banned
|clearpoke
|poke|p1|Sceptile, F|
|poke|p1|Komala, M|
|poke|p1|Bronzong|
|poke|p1|Dudunsparce-*, F|
|poke|p1|Bellibolt, F|
|poke|p1|Raboot, F|
|poke|p2|Zamazenta-*|
|poke|p2|Iron Moth|
|poke|p2|Tsareena, F|
|poke|p2|Thundurus-Therian, M|
|poke|p2|Azumarill, M|
|poke|p2|Krookodile, F|
|teampreview
|c|☆noahthebadplayer|Glhf
|inactive|Battle timer is ON: inactive players will automatically lose when time's up. (requested by noahthebadplayer)
|
|t:|1758323393
|teamsize|p1|6
|teamsize|p2|6
|start
|switch|p1a: Sceptile|Sceptile, F, shiny|100/100
|switch|p2a: Thundurus|Thundurus-Therian, M|100/100
|turn|1
|
|t:|1758323401
|move|p2a: Thundurus|Thunder Wave|p1a: Sceptile
|-status|p1a: Sceptile|par
|cant|p1a: Sceptile|par
|
|upkeep
|turn|2
|
|t:|1758323409
|move|p2a: Thundurus|Volt Switch|p1a: Sceptile
|-resisted|p1a: Sceptile
|-crit|p1a: Sceptile
|-damage|p1a: Sceptile|60/100 par
|
|t:|1758323413
|switch|p2a: Zamazenta|Zamazenta|100/100|[from] Volt Switch
|-ability|p2a: Zamazenta|Dauntless Shield|boost
|-boost|p2a: Zamazenta|def|1
|move|p1a: Sceptile|Roar|p2a: Zamazenta
|-enditem|p1a: Sceptile|Throat Spray
|-boost|p1a: Sceptile|spa|1|[from] item: Throat Spray
|drag|p2a: Krookodile|Krookodile, F|100/100
|
|upkeep
|turn|3
|
|t:|1758323426
|-terastallize|p2a: Krookodile|Dragon
|move|p1a: Sceptile|Energy Ball|p2a: Krookodile
|-resisted|p2a: Krookodile
|-crit|p2a: Krookodile
|-damage|p2a: Krookodile|36/100
|move|p2a: Krookodile|Bulk Up|p2a: Krookodile
|-boost|p2a: Krookodile|atk|1
|-boost|p2a: Krookodile|def|1
|
|upkeep
|turn|4
|
|t:|1758323434
|move|p1a: Sceptile|Dragon Pulse|p2a: Krookodile
|-supereffective|p2a: Krookodile
|-damage|p2a: Krookodile|0 fnt
|faint|p2a: Krookodile
|
|upkeep
|
|t:|1758323439
|switch|p2a: Iron Moth|Iron Moth|100/100
|turn|5
|
|t:|1758323445
|move|p2a: Iron Moth|Fiery Dance|p1a: Sceptile
|-supereffective|p1a: Sceptile
|-damage|p1a: Sceptile|0 fnt
|faint|p1a: Sceptile
|
|upkeep
|
|t:|1758323454
|switch|p1a: Bellibolt|Bellibolt, F|100/100
|turn|6
|
|t:|1758323460
|move|p2a: Iron Moth|Fiery Dance|p1a: Bellibolt
|-damage|p1a: Bellibolt|58/100
|-start|p1a: Bellibolt|Charge|Fiery Dance|[from] ability: Electromorphosis
|move|p1a: Bellibolt|Thunderbolt|p2a: Iron Moth
|-damage|p2a: Iron Moth|30/100
|-end|p1a: Bellibolt|Charge|[silent]
|
|upkeep
|turn|7
|
|t:|1758323467
|-end|p2a: Iron Moth|Quark Drive|[silent]
|switch|p2a: Thundurus|Thundurus-Therian, M|100/100
|move|p1a: Bellibolt|Parabolic Charge|p2a: Thundurus
|-immune|p2a: Thundurus|[from] ability: Volt Absorb
|
|upkeep
|turn|8
|
|t:|1758323473
|move|p2a: Thundurus|Grass Knot|p1a: Bellibolt
|-damage|p1a: Bellibolt|22/100
|-start|p1a: Bellibolt|Charge|Grass Knot|[from] ability: Electromorphosis
|-damage|p2a: Thundurus|84/100|[from] item: Rocky Helmet|[of] p1a: Bellibolt
|move|p1a: Bellibolt|Toxic|p2a: Thundurus
|-status|p2a: Thundurus|tox
|
|-damage|p2a: Thundurus|78/100 tox|[from] psn
|upkeep
|turn|9
|
|t:|1758323481
|switch|p1a: Bronzong|Bronzong|100/100
|move|p2a: Thundurus|Grass Knot|p1a: Bronzong
|-resisted|p1a: Bronzong
|-damage|p1a: Bronzong|85/100
|
|-damage|p2a: Thundurus|66/100 tox|[from] psn
|upkeep
|turn|10
|
|t:|1758323488
|move|p2a: Thundurus|Thunder Wave|p1a: Bronzong|[miss]
|-miss|p2a: Thundurus|p1a: Bronzong
|move|p1a: Bronzong|Trick Room|p1a: Bronzong
|-fieldstart|move: Trick Room|[of] p1a: Bronzong
|
|-damage|p2a: Thundurus|48/100 tox|[from] psn
|upkeep
|turn|11
|
|t:|1758323498
|switch|p2a: Azumarill|Azumarill, M|100/100
|move|p1a: Bronzong|Psychic Noise|p2a: Azumarill
|-damage|p2a: Azumarill|79/100
|-start|p2a: Azumarill|move: Heal Block
|-enditem|p1a: Bronzong|Throat Spray
|-boost|p1a: Bronzong|spa|1|[from] item: Throat Spray
|
|upkeep
|turn|12
|
|t:|1758323514
|move|p1a: Bronzong|Calm Mind|p1a: Bronzong
|-boost|p1a: Bronzong|spa|1
|-boost|p1a: Bronzong|spd|1
|move|p2a: Azumarill|Liquidation|p1a: Bronzong
|-damage|p1a: Bronzong|35/100
|-unboost|p1a: Bronzong|def|1
|
|-end|p2a: Azumarill|move: Heal Block
|upkeep
|turn|13
|
|t:|1758323522
|move|p2a: Azumarill|Aqua Jet|p1a: Bronzong
|-crit|p1a: Bronzong
|-damage|p1a: Bronzong|0 fnt
|faint|p1a: Bronzong
|
|upkeep
|
|t:|1758323526
|switch|p1a: Bellibolt|Bellibolt, F|22/100
|turn|14
|
|t:|1758323531
|move|p2a: Azumarill|Aqua Jet|p1a: Bellibolt
|-damage|p1a: Bellibolt|6/100
|-start|p1a: Bellibolt|Charge|Aqua Jet|[from] ability: Electromorphosis
|-damage|p2a: Azumarill|63/100|[from] item: Rocky Helmet|[of] p1a: Bellibolt
|move|p1a: Bellibolt|Toxic|p2a: Azumarill
|-status|p2a: Azumarill|tox
|
|-damage|p2a: Azumarill|57/100 tox|[from] psn
|-fieldend|move: Trick Room
|upkeep
|turn|15
|
|t:|1758323539
|move|p2a: Azumarill|Liquidation|p1a: Bellibolt
|-damage|p1a: Bellibolt|0 fnt
|-damage|p2a: Azumarill|40/100 tox|[from] item: Rocky Helmet|[of] p1a: Bellibolt
|faint|p1a: Bellibolt
|
|-damage|p2a: Azumarill|28/100 tox|[from] psn
|upkeep
|
|t:|1758323541
|switch|p1a: Komala|Komala, M|100/100
|-ability|p1a: Komala|Comatose
|turn|16
|
|t:|1758323546
|move|p1a: Komala|Body Slam|p2a: Azumarill
|-damage|p2a: Azumarill|0 fnt
|faint|p2a: Azumarill
|
|upkeep
|
|t:|1758323551
|switch|p2a: Zamazenta|Zamazenta|100/100
|turn|17
|
|t:|1758323564
|-terastallize|p1a: Komala|Normal
|move|p2a: Zamazenta|Iron Defense|p2a: Zamazenta
|-boost|p2a: Zamazenta|def|2
|move|p1a: Komala|Body Slam|p2a: Zamazenta
|-damage|p2a: Zamazenta|70/100
|
|upkeep
|turn|18
|
|t:|1758323572
|move|p2a: Zamazenta|Body Press|p1a: Komala
|-supereffective|p1a: Komala
|-damage|p1a: Komala|0 fnt
|faint|p1a: Komala
|-damage|p2a: Zamazenta|60/100|[from] item: Life Orb
|
|upkeep
|
|t:|1758323576
|switch|p1a: Raboot|Raboot, F, shiny|100/100
|turn|19
|
|t:|1758323581
|move|p2a: Zamazenta|Body Press|p1a: Raboot
|-enditem|p1a: Raboot|Focus Sash
|-damage|p1a: Raboot|1/100
|-damage|p2a: Zamazenta|50/100|[from] item: Life Orb
|move|p1a: Raboot|Counter|p2a: Zamazenta
|-damage|p2a: Zamazenta|0 fnt
|faint|p2a: Zamazenta
|
|upkeep
|
|t:|1758323591
|switch|p2a: Thundurus|Thundurus-Therian, M|48/100 tox
|turn|20
|
|t:|1758323594
|move|p2a: Thundurus|Grass Knot|p1a: Raboot
|-resisted|p1a: Raboot
|-damage|p1a: Raboot|0 fnt
|faint|p1a: Raboot
|
|-damage|p2a: Thundurus|42/100 tox|[from] psn
|upkeep
|
|t:|1758323596
|switch|p1a: Dudunsparce|Dudunsparce-Three-Segment, F, shiny|100/100
|turn|21
|
|t:|1758323605
|move|p2a: Thundurus|Thunder Wave|p1a: Dudunsparce
|-status|p1a: Dudunsparce|par
|move|p1a: Dudunsparce|Agility|p1a: Dudunsparce
|-boost|p1a: Dudunsparce|spe|2
|
|-damage|p2a: Thundurus|30/100 tox|[from] psn
|upkeep
|turn|22
|
|t:|1758323614
|move|p2a: Thundurus|Eerie Impulse|p1a: Dudunsparce
|-unboost|p1a: Dudunsparce|spa|2
|move|p1a: Dudunsparce|Ancient Power|p2a: Thundurus
|-supereffective|p2a: Thundurus
|-damage|p2a: Thundurus|8/100 tox
|-boost|p1a: Dudunsparce|atk|1
|-boost|p1a: Dudunsparce|def|1
|-boost|p1a: Dudunsparce|spa|1
|-boost|p1a: Dudunsparce|spd|1
|-boost|p1a: Dudunsparce|spe|1
|
|-damage|p2a: Thundurus|0 fnt|[from] psn
|faint|p2a: Thundurus
|upkeep
|
|t:|1758323622
|switch|p2a: Iron Moth|Iron Moth|30/100
|turn|23
|
|t:|1758323626
|move|p2a: Iron Moth|Sludge Wave|p1a: Dudunsparce
|-damage|p1a: Dudunsparce|59/100 par
|move|p1a: Dudunsparce|Boomburst|p2a: Iron Moth
|-damage|p2a: Iron Moth|0 fnt
|faint|p2a: Iron Moth
|-end|p2a: Iron Moth|Quark Drive|[silent]
|-enditem|p1a: Dudunsparce|Throat Spray
|-boost|p1a: Dudunsparce|spa|1|[from] item: Throat Spray
|
|upkeep
|
|t:|1758323635
|switch|p2a: Tsareena|Tsareena, F|100/100
|turn|24
|
|t:|1758323640
|move|p1a: Dudunsparce|Boomburst|p2a: Tsareena
|-damage|p2a: Tsareena|36/100
|move|p2a: Tsareena|Power Whip|p1a: Dudunsparce
|-damage|p1a: Dudunsparce|10/100 par
|
|upkeep
|turn|25
|
|t:|1758323651
|move|p1a: Dudunsparce|Boomburst|p2a: Tsareena
|-damage|p2a: Tsareena|0 fnt
|faint|p2a: Tsareena
|
|win|rifoun
|raw|rifoun's rating: 1137 &rarr; <strong>1165</strong><br />(+28 for winning)
|raw|noahthebadplayer's rating: 1174 &rarr; <strong>1146</strong><br />(-28 for losing)
|l|☆noahthebadplayer
|player|p2|
|l|☆rifoun
|player|p1|
|j|☆rifoun
|player|p1|rifoun|bugcatcher-gen4dp|
|l|☆rifoun
|player|p1|
