|j|☆findmyhair
|j|☆The FBI Agent
|t:|1758242164
|gametype|singles
|player|p1|findmyhair|acetrainercouple|1108
|player|p2|The FBI Agent|giovanni|1101
|gen|9
|tier|[Gen 9] OU
|rated|
|rule|HP Percentage Mod: HP is shown in percentages
|rule|Endless Battle Clause: Forcing endless battles is banned
|rule|Species Clause: Limit one of each Pokémon
|rule|OHKO Clause: OHKO moves are banned
|rule|Evasion Items Clause: Evasion items are banned
|rule|Evasion Moves Clause: Evasion moves are banned
|rule|Evasion Abilities Clause: Evasion abilities are banned
|rule|Sleep Moves Clause: Sleep-inducing moves are banned
|clearpoke
|poke|p1|Cresselia, F|
|poke|p1|Slowking-Galar, M|
|poke|p1|Iron Hands|
|poke|p1|Ursaluna, F|
|poke|p1|Crawdaunt, F|
|poke|p1|Klefki, M|
|poke|p2|Barraskewda, F|
|poke|p2|Toxtricity, M|
|poke|p2|Dugtrio-Alola, M|
|poke|p2|Infernape, M|
|poke|p2|Sceptile, F|
|poke|p2|Rillaboom, M|
|teampreview
|inactive|Battle timer is ON: inactive players will automatically lose when time's up. (requested by findmyhair)
|
|t:|1758242168
|teamsize|p1|6
|teamsize|p2|6
|start
|switch|p1a: Klefki|Klefki, M|100/100
|switch|p2a: Rillaboom|Rillaboom, M|100/100
|-fieldstart|move: Grassy Terrain|[from] ability: Grassy Surge|[of] p2a: Rillaboom
|turn|1
|j| GruesomeLovelies
|
|t:|1758242176
|switch|p2a: Dugtrio|Dugtrio-Alola, M|100/100
|move|p1a: Klefki|Reflect|p1a: Klefki
|-sidestart|p1: findmyhair|Reflect
|
|upkeep
|turn|2
|
|t:|1758242181
|move|p1a: Klefki|Spikes|p2a: Dugtrio
|-sidestart|p2: The FBI Agent|Spikes
|move|p2a: Dugtrio|Swords Dance|p2a: Dugtrio
|-boost|p2a: Dugtrio|atk|2
|
|upkeep
|turn|3
|
|t:|1758242194
|switch|p1a: Slowking|Slowking-Galar, M|100/100
|move|p2a: Dugtrio|Swords Dance|p2a: Dugtrio
|-boost|p2a: Dugtrio|atk|2
|
|upkeep
|turn|4
|
|t:|1758242206
|move|p2a: Dugtrio|Iron Head|p1a: Slowking
|-damage|p1a: Slowking|33/100
|-damage|p2a: Dugtrio|91/100|[from] item: Life Orb
|move|p1a: Slowking|Trick Room|p1a: Slowking
|-fieldstart|move: Trick Room|[of] p1a: Slowking
|
|-heal|p1a: Slowking|40/100|[from] Grassy Terrain
|-heal|p1a: Slowking|46/100|[from] item: Black Sludge
|-heal|p2a: Dugtrio|97/100|[from] Grassy Terrain
|upkeep
|turn|5
|
|t:|1758242221
|move|p1a: Slowking|Fire Blast|p2a: Dugtrio
|-supereffective|p2a: Dugtrio
|-damage|p2a: Dugtrio|0 fnt
|faint|p2a: Dugtrio
|
|-heal|p1a: Slowking|52/100|[from] Grassy Terrain
|-heal|p1a: Slowking|58/100|[from] item: Black Sludge
|-fieldend|move: Grassy Terrain
|upkeep
|
|t:|1758242234
|switch|p2a: Barraskewda|Barraskewda, F|100/100
|-damage|p2a: Barraskewda|88/100|[from] Spikes
|turn|6
|
|t:|1758242238
|move|p1a: Slowking|Sludge Bomb|p2a: Barraskewda
|-damage|p2a: Barraskewda|0 fnt
|faint|p2a: Barraskewda
|
|-heal|p1a: Slowking|64/100|[from] item: Black Sludge
|upkeep
|
|t:|1758242248
|switch|p2a: Rillaboom|Rillaboom, M|100/100
|-damage|p2a: Rillaboom|88/100|[from] Spikes
|-fieldstart|move: Grassy Terrain|[from] ability: Grassy Surge|[of] p2a: Rillaboom
|turn|7
|
|t:|1758242253
|move|p1a: Slowking|Sludge Bomb|p2a: Rillaboom
|-supereffective|p2a: Rillaboom
|-damage|p2a: Rillaboom|15/100
|-status|p2a: Rillaboom|psn
|move|p2a: Rillaboom|Knock Off|p1a: Slowking
|-supereffective|p1a: Slowking
|-damage|p1a: Slowking|24/100
|-enditem|p1a: Slowking|Black Sludge|[from] move: Knock Off|[of] p2a: Rillaboom
|
|-heal|p1a: Slowking|30/100|[from] Grassy Terrain
|-heal|p2a: Rillaboom|21/100 psn|[from] Grassy Terrain
|-damage|p2a: Rillaboom|8/100 psn|[from] psn
|upkeep
|turn|8
|
|t:|1758242266
|switch|p1a: Klefki|Klefki, M|100/100
|move|p2a: Rillaboom|U-turn|p1a: Klefki
|-resisted|p1a: Klefki
|-damage|p1a: Klefki|98/100
|
|t:|1758242270
|switch|p2a: Toxtricity|Toxtricity, M|100/100|[from] U-turn
|-damage|p2a: Toxtricity|88/100|[from] Spikes
|
|-heal|p1a: Klefki|100/100|[from] Grassy Terrain
|-heal|p2a: Toxtricity|94/100|[from] Grassy Terrain
|-sideend|p1: findmyhair|Reflect
|-fieldend|move: Trick Room
|upkeep
|turn|9
|
|t:|1758242291
|move|p1a: Klefki|Light Screen|p1a: Klefki
|-sidestart|p1: findmyhair|move: Light Screen
|move|p2a: Toxtricity|Shift Gear|p2a: Toxtricity
|-boost|p2a: Toxtricity|spe|2
|-boost|p2a: Toxtricity|atk|1
|
|-heal|p2a: Toxtricity|100/100|[from] Grassy Terrain
|upkeep
|turn|10
|
|t:|1758242297
|move|p1a: Klefki|Reflect|p1a: Klefki
|-sidestart|p1: findmyhair|Reflect
|move|p2a: Toxtricity|Overdrive|p1a: Klefki
|-damage|p1a: Klefki|70/100
|-enditem|p2a: Toxtricity|Throat Spray
|-boost|p2a: Toxtricity|spa|1|[from] item: Throat Spray
|
|-heal|p1a: Klefki|76/100|[from] Grassy Terrain
|upkeep
|turn|11
|
|t:|1758242305
|switch|p1a: Slowking|Slowking-Galar, M|63/100
|move|p2a: Toxtricity|Overdrive|p1a: Slowking
|-damage|p1a: Slowking|32/100
|
|-heal|p1a: Slowking|38/100|[from] Grassy Terrain
|-fieldend|move: Grassy Terrain
|upkeep
|turn|12
|
|t:|1758242313
|-terastallize|p2a: Toxtricity|Normal
|move|p2a: Toxtricity|Boomburst|p1a: Slowking
|-damage|p1a: Slowking|0 fnt
|faint|p1a: Slowking
|
|upkeep
|
|t:|1758242324
|switch|p1a: Cresselia|Cresselia, F|100/100
|turn|13
|
|t:|1758242327
|move|p2a: Toxtricity|Boomburst|p1a: Cresselia
|-damage|p1a: Cresselia|64/100
|move|p1a: Cresselia|Trick Room|p1a: Cresselia
|-fieldstart|move: Trick Room|[of] p1a: Cresselia
|
|upkeep
|turn|14
|
|t:|1758242333
|move|p1a: Cresselia|Psychic|p2a: Toxtricity
|-damage|p2a: Toxtricity|61/100
|move|p2a: Toxtricity|Boomburst|p1a: Cresselia
|-damage|p1a: Cresselia|25/100
|
|upkeep
|turn|15
|
|t:|1758242340
|switch|p1a: Klefki|Klefki, M|76/100
|move|p2a: Toxtricity|Boomburst|p1a: Klefki
|-resisted|p1a: Klefki
|-damage|p1a: Klefki|36/100
|
|upkeep
|turn|16
|
|t:|1758242346
|move|p1a: Klefki|Thunder Wave|p2a: Toxtricity
|-status|p2a: Toxtricity|par
|move|p2a: Toxtricity|Overdrive|p1a: Klefki
|-damage|p1a: Klefki|0 fnt
|faint|p1a: Klefki
|
|-sideend|p1: findmyhair|move: Light Screen
|upkeep
|
|t:|1758242366
|switch|p1a: Ursaluna|Ursaluna, F|100/100
|turn|17
|
|t:|1758242374
|-terastallize|p1a: Ursaluna|Ghost
|move|p1a: Ursaluna|Facade|p2a: Toxtricity
|-damage|p2a: Toxtricity|0 fnt
|faint|p2a: Toxtricity
|
|-sideend|p1: findmyhair|Reflect
|-fieldend|move: Trick Room
|-status|p1a: Ursaluna|brn|[from] item: Flame Orb
|upkeep
|
|t:|1758242380
|switch|p2a: Rillaboom|Rillaboom, M|8/100 psn
|-damage|p2a: Rillaboom|0 fnt|[from] Spikes
|faint|p2a: Rillaboom
|
|t:|1758242392
|switch|p2a: Infernape|Infernape, M|100/100
|-item|p2a: Infernape|Air Balloon
|turn|18
|
|t:|1758242396
|move|p2a: Infernape|Nasty Plot|p2a: Infernape
|-boost|p2a: Infernape|spa|2
|move|p1a: Ursaluna|Facade|p2a: Infernape
|-damage|p2a: Infernape|0 fnt
|-enditem|p2a: Infernape|Air Balloon
|faint|p2a: Infernape
|
|-damage|p1a: Ursaluna|94/100 brn|[from] brn
|upkeep
|
|t:|1758242399
|switch|p2a: Sceptile|Sceptile, F|100/100
|-damage|p2a: Sceptile|88/100|[from] Spikes
|turn|19
|
|t:|1758242428
|move|p2a: Sceptile|Swords Dance|p2a: Sceptile
|-boost|p2a: Sceptile|atk|2
|move|p1a: Ursaluna|Facade|p2a: Sceptile
|-damage|p2a: Sceptile|0 fnt
|faint|p2a: Sceptile
|
|win|findmyhair
|raw|findmyhair's rating: 1108 &rarr; <strong>1132</strong><br />(+24 for winning)
|raw|The FBI Agent's rating: 1101 &rarr; <strong>1077</strong><br />(-24 for losing)
|c|☆findmyhair|gg
|c|☆The FBI Agent|gg
|l|☆The FBI Agent
|player|p2|
