|j|☆mew354
|j|☆cheeseguy43
|t:|1758293841
|gametype|singles
|player|p1|mew354|n|1298
|player|p2|cheeseguy43|steven|1333
|gen|9
|tier|[Gen 9] OU
|rated|
|rule|HP Percentage Mod: HP is shown in percentages
|rule|Endless Battle Clause: Forcing endless battles is banned
|rule|Species Clause: Limit one of each Pokémon
|rule|OHKO Clause: OHKO moves are banned
|rule|Evasion Items Clause: Evasion items are banned
|rule|Evasion Moves Clause: Evasion moves are banned
|rule|Evasion Abilities Clause: Evasion abilities are banned
|rule|Sleep Moves Clause: Sleep-inducing moves are banned
|clearpoke
|poke|p1|Cinderace, M|
|poke|p1|Great Tusk|
|poke|p1|Kyurem|
|poke|p1|Corviknight, F|
|poke|p1|Alomomola, F|
|poke|p1|Slowking-Galar, M|
|poke|p2|Moltres|
|poke|p2|Zamazenta-*|
|poke|p2|Darkrai|
|poke|p2|Hydrapple, M|
|poke|p2|Ting-Lu|
|poke|p2|Tinkaton, F|
|teampreview
|inactive|Battle timer is ON: inactive players will automatically lose when time's up. (requested by mew354)
|c|☆cheeseguy43|hf
|
|t:|1758293867
|teamsize|p1|6
|teamsize|p2|6
|start
|switch|p1a: Cinderace|Cinderace, M|100/100
|switch|p2a: Darkrai|Darkrai, shiny|100/100
|turn|1
|c|☆mew354|thx us
|
|t:|1758293880
|switch|p2a: Ting-Lu|Ting-Lu|100/100
|-ability|p2a: Ting-Lu|Vessel of Ruin
|switch|p1a: Alomomola|Alomomola, F, shiny|100/100
|
|upkeep
|turn|2
|
|t:|1758293893
|move|p2a: Ting-Lu|Spikes|p1a: Alomomola
|-sidestart|p1: mew354|Spikes
|move|p1a: Alomomola|Flip Turn|p2a: Ting-Lu
|-supereffective|p2a: Ting-Lu
|-damage|p2a: Ting-Lu|81/100
|
|t:|1758293909
|switch|p1a: Corviknight|Corviknight, F|100/100|[from] Flip Turn
|-ability|p1a: Corviknight|Pressure
|
|-heal|p2a: Ting-Lu|88/100|[from] item: Leftovers
|upkeep
|turn|3
|
|t:|1758293930
|move|p1a: Corviknight|Defog|p2a: Ting-Lu
|-unboost|p2a: Ting-Lu|evasion|1
|-sideend|p1: mew354|Spikes|[from] move: Defog|[of] p1a: Corviknight
|move|p2a: Ting-Lu|Spikes|p1a: Corviknight
|-sidestart|p1: mew354|Spikes
|
|-heal|p2a: Ting-Lu|94/100|[from] item: Leftovers
|upkeep
|turn|4
|
|t:|1758293940
|move|p1a: Corviknight|Brave Bird|p2a: Ting-Lu
|-damage|p2a: Ting-Lu|72/100
|-damage|p1a: Corviknight|91/100|[from] Recoil
|move|p2a: Ting-Lu|Ruination|p1a: Corviknight
|-damage|p1a: Corviknight|46/100
|
|-heal|p1a: Corviknight|52/100|[from] item: Leftovers
|-heal|p2a: Ting-Lu|78/100|[from] item: Leftovers
|upkeep
|turn|5
|
|t:|1758293954
|move|p1a: Corviknight|Defog|p2a: Ting-Lu
|-unboost|p2a: Ting-Lu|evasion|1
|-sideend|p1: mew354|Spikes|[from] move: Defog|[of] p1a: Corviknight
|move|p2a: Ting-Lu|Earthquake|p1a: Corviknight
|-immune|p1a: Corviknight
|
|-heal|p1a: Corviknight|58/100|[from] item: Leftovers
|-heal|p2a: Ting-Lu|85/100|[from] item: Leftovers
|upkeep
|turn|6
|
|t:|1758293977
|move|p1a: Corviknight|U-turn|p2a: Ting-Lu
|-supereffective|p2a: Ting-Lu
|-damage|p2a: Ting-Lu|69/100
|
|t:|1758293980
|switch|p1a: Cinderace|Cinderace, M|100/100|[from] U-turn
|move|p2a: Ting-Lu|Ruination|p1a: Cinderace
|-damage|p1a: Cinderace|51/100
|
|-heal|p2a: Ting-Lu|75/100|[from] item: Leftovers
|upkeep
|turn|7
|
|t:|1758293994
|switch|p1a: Corviknight|Corviknight, F|58/100
|-ability|p1a: Corviknight|Pressure
|move|p2a: Ting-Lu|Earthquake|p1a: Corviknight
|-immune|p1a: Corviknight
|
|-heal|p1a: Corviknight|64/100|[from] item: Leftovers
|-heal|p2a: Ting-Lu|81/100|[from] item: Leftovers
|upkeep
|turn|8
|
|t:|1758294013
|move|p1a: Corviknight|U-turn|p2a: Ting-Lu
|-supereffective|p2a: Ting-Lu
|-damage|p2a: Ting-Lu|65/100
|
|t:|1758294016
|switch|p1a: Alomomola|Alomomola, F, shiny|100/100|[from] U-turn
|move|p2a: Ting-Lu|Ruination|p1a: Alomomola
|-damage|p1a: Alomomola|51/100
|
|-heal|p2a: Ting-Lu|71/100|[from] item: Leftovers
|upkeep
|turn|9
|
|t:|1758294020
|switch|p2a: Hydrapple|Hydrapple, M|100/100
|move|p1a: Alomomola|Scald|p2a: Hydrapple
|-resisted|p2a: Hydrapple
|-damage|p2a: Hydrapple|97/100
|
|upkeep
|turn|10
|
|t:|1758294024
|move|p1a: Alomomola|Protect|p1a: Alomomola
|-singleturn|p1a: Alomomola|Protect
|move|p2a: Hydrapple|Nasty Plot|p2a: Hydrapple
|-boost|p2a: Hydrapple|spa|2
|
|upkeep
|turn|11
|
|t:|1758294029
|switch|p1a: Corviknight|Corviknight, F|64/100
|-ability|p1a: Corviknight|Pressure
|move|p2a: Hydrapple|Giga Drain|p1a: Corviknight
|-resisted|p1a: Corviknight
|-damage|p1a: Corviknight|48/100
|-heal|p2a: Hydrapple|100/100|[from] drain|[of] p1a: Corviknight
|
|-heal|p1a: Corviknight|54/100|[from] item: Leftovers
|upkeep
|turn|12
|
|t:|1758294042
|move|p1a: Corviknight|Roost|p1a: Corviknight
|-heal|p1a: Corviknight|100/100
|-singleturn|p1a: Corviknight|move: Roost
|move|p2a: Hydrapple|Fickle Beam|p1a: Corviknight
|-resisted|p1a: Corviknight
|-damage|p1a: Corviknight|64/100
|
|-heal|p1a: Corviknight|70/100|[from] item: Leftovers
|upkeep
|turn|13
|
|t:|1758294049
|move|p1a: Corviknight|Brave Bird|p2a: Hydrapple
|-supereffective|p2a: Hydrapple
|-damage|p2a: Hydrapple|58/100
|-damage|p1a: Corviknight|56/100|[from] Recoil
|move|p2a: Hydrapple|Fickle Beam|p1a: Corviknight
|-resisted|p1a: Corviknight
|-damage|p1a: Corviknight|25/100
|
|-heal|p1a: Corviknight|31/100|[from] item: Leftovers
|upkeep
|turn|14
|
|t:|1758294056
|move|p1a: Corviknight|Roost|p1a: Corviknight
|-heal|p1a: Corviknight|81/100
|-singleturn|p1a: Corviknight|move: Roost
|move|p2a: Hydrapple|Earth Power|p1a: Corviknight
|-supereffective|p1a: Corviknight
|-damage|p1a: Corviknight|0 fnt
|faint|p1a: Corviknight
|
|upkeep
|
|t:|1758294064
|switch|p1a: Cinderace|Cinderace, M|51/100
|turn|15
|inactive|cheeseguy43 has 120 seconds left.
|
|t:|1758294096
|move|p1a: Cinderace|U-turn|p2a: Hydrapple
|-start|p1a: Cinderace|typechange|Bug|[from] ability: Libero
|-supereffective|p2a: Hydrapple
|-damage|p2a: Hydrapple|0 fnt
|faint|p2a: Hydrapple
|
|t:|1758294102
|switch|p1a: Alomomola|Alomomola, F, shiny|84/100|[from] U-turn
|
|upkeep
|c|☆cheeseguy43|thats cb
|
|t:|1758294109
|switch|p2a: Darkrai|Darkrai, shiny|100/100
|turn|16
|
|t:|1758294113
|move|p1a: Alomomola|Protect|p1a: Alomomola
|-singleturn|p1a: Alomomola|Protect
|move|p2a: Darkrai|Knock Off|p1a: Alomomola
|-activate|p1a: Alomomola|move: Protect
|
|upkeep
|turn|17
|inactive|cheeseguy43 has 120 seconds left.
|
|t:|1758294156
|move|p2a: Darkrai|Knock Off|p1a: Alomomola
|-damage|p1a: Alomomola|67/100
|-enditem|p1a: Alomomola|Heavy-Duty Boots|[from] move: Knock Off|[of] p2a: Darkrai
|move|p1a: Alomomola|Wish|p1a: Alomomola
|
|upkeep
|turn|18
|
|t:|1758294162
|switch|p2a: Tinkaton|Tinkaton, F|100/100
|-ability|p2a: Tinkaton|Mold Breaker
|-item|p2a: Tinkaton|Air Balloon
|move|p1a: Alomomola|Scald|p2a: Tinkaton
|-damage|p2a: Tinkaton|88/100
|-status|p2a: Tinkaton|brn
|-enditem|p2a: Tinkaton|Air Balloon
|
|-heal|p1a: Alomomola|100/100|[from] move: Wish|[wisher] Alomomola
|-damage|p2a: Tinkaton|82/100 brn|[from] brn
|upkeep
|turn|19
|
|t:|1758294172
|move|p2a: Tinkaton|Stealth Rock|p1a: Alomomola
|-sidestart|p1: mew354|move: Stealth Rock
|move|p1a: Alomomola|Flip Turn|p2a: Tinkaton
|-damage|p2a: Tinkaton|65/100 brn
|
|t:|1758294176
|switch|p1a: Cinderace|Cinderace, M|51/100|[from] Flip Turn
|-damage|p1a: Cinderace|26/100|[from] Stealth Rock
|
|-damage|p2a: Tinkaton|59/100 brn|[from] brn
|upkeep
|turn|20
|inactive|cheeseguy43 has 120 seconds left.
|
|t:|1758294203
|switch|p2a: Moltres|Moltres|100/100
|move|p1a: Cinderace|Pyro Ball|p2a: Moltres
|-resisted|p2a: Moltres
|-damage|p2a: Moltres|72/100
|
|upkeep
|turn|21
|
|t:|1758294212
|switch|p1a: Alomomola|Alomomola, F, shiny|100/100
|-damage|p1a: Alomomola|88/100|[from] Stealth Rock
|move|p2a: Moltres|Flamethrower|p1a: Alomomola
|-resisted|p1a: Alomomola
|-damage|p1a: Alomomola|72/100
|
|upkeep
|turn|22
|inactive|cheeseguy43 has 120 seconds left.
|
|t:|1758294232
|move|p2a: Moltres|U-turn|p1a: Alomomola
|-damage|p1a: Alomomola|64/100
|
|t:|1758294234
|switch|p2a: Zamazenta|Zamazenta|100/100|[from] U-turn
|-ability|p2a: Zamazenta|Dauntless Shield|boost
|-boost|p2a: Zamazenta|def|1
|move|p1a: Alomomola|Scald|p2a: Zamazenta
|-damage|p2a: Zamazenta|88/100
|
|upkeep
|turn|23
|
|t:|1758294240
|move|p2a: Zamazenta|Crunch|p1a: Alomomola
|-damage|p1a: Alomomola|47/100
|move|p1a: Alomomola|Scald|p2a: Zamazenta
|-damage|p2a: Zamazenta|75/100
|
|upkeep
|turn|24
|inactive|cheeseguy43 has 120 seconds left.
|inactive|cheeseguy43 has 90 seconds left.
|
|t:|1758294311
|switch|p1a: Cinderace|Cinderace, M|26/100
|-damage|p1a: Cinderace|1/100|[from] Stealth Rock
|move|p2a: Zamazenta|Crunch|p1a: Cinderace
|-damage|p1a: Cinderace|0 fnt
|faint|p1a: Cinderace
|
|upkeep
|
|t:|1758294316
|switch|p1a: Alomomola|Alomomola, F, shiny|81/100
|-damage|p1a: Alomomola|68/100|[from] Stealth Rock
|turn|25
|inactive|cheeseguy43 has 60 seconds left.
|
|t:|1758294346
|switch|p2a: Tinkaton|Tinkaton, F|59/100 brn
|-ability|p2a: Tinkaton|Mold Breaker
|move|p1a: Alomomola|Scald|p2a: Tinkaton
|-damage|p2a: Tinkaton|46/100 brn
|
|-damage|p2a: Tinkaton|40/100 brn|[from] brn
|upkeep
|turn|26
|
|t:|1758294358
|move|p2a: Tinkaton|Thunder Wave|p1a: Alomomola|[miss]
|-miss|p2a: Tinkaton|p1a: Alomomola
|move|p1a: Alomomola|Wish|p1a: Alomomola
|
|-damage|p2a: Tinkaton|33/100 brn|[from] brn
|upkeep
|turn|27
|
|t:|1758294364
|switch|p1a: Great Tusk|Great Tusk|100/100
|move|p2a: Tinkaton|Thunder Wave|p1a: Great Tusk
|-immune|p1a: Great Tusk
|
|-damage|p2a: Tinkaton|27/100 brn|[from] brn
|upkeep
|turn|28
|
|t:|1758294371
|switch|p2a: Moltres|Moltres|72/100
|move|p1a: Great Tusk|Rapid Spin|p2a: Moltres
|-damage|p2a: Moltres|58/100
|-boost|p1a: Great Tusk|spe|1
|-sideend|p1: mew354|Stealth Rock|[from] move: Rapid Spin|[of] p1a: Great Tusk
|
|upkeep
|turn|29
|inactive|cheeseguy43 has 60 seconds left.
|
|t:|1758294391
|-end|p1a: Great Tusk|Protosynthesis|[silent]
|switch|p1a: Kyurem|Kyurem|100/100
|-ability|p1a: Kyurem|Pressure
|move|p2a: Moltres|Flamethrower|p1a: Kyurem
|-damage|p1a: Kyurem|63/100
|
|upkeep
|turn|30
|inactive|cheeseguy43 has 60 seconds left.
|
|t:|1758294405
|move|p1a: Kyurem|Ice Beam|p2a: Moltres
|-damage|p2a: Moltres|1/100
|move|p2a: Moltres|Flamethrower|p1a: Kyurem
|-damage|p1a: Kyurem|26/100
|
|upkeep
|turn|31
|inactive|cheeseguy43 has 60 seconds left.
|
|t:|1758294415
|switch|p2a: Darkrai|Darkrai, shiny|100/100
|move|p1a: Kyurem|Ice Beam|p2a: Darkrai
|-damage|p2a: Darkrai|32/100
|
|upkeep
|turn|32
|
|t:|1758294429
|switch|p1a: Great Tusk|Great Tusk|100/100
|move|p2a: Darkrai|Ice Beam|p1a: Great Tusk
|-supereffective|p1a: Great Tusk
|-crit|p1a: Great Tusk
|-damage|p1a: Great Tusk|0 fnt
|faint|p1a: Great Tusk
|-end|p1a: Great Tusk|Protosynthesis|[silent]
|
|upkeep
|c|☆cheeseguy43|nice
|
|t:|1758294437
|switch|p1a: Slowking|Slowking-Galar, M, shiny|100/100
|turn|33
|inactive|cheeseguy43 has 60 seconds left.
|
|t:|1758294472
|switch|p2a: Ting-Lu|Ting-Lu|71/100
|-ability|p2a: Ting-Lu|Vessel of Ruin
|move|p1a: Slowking|Sludge Bomb|p2a: Ting-Lu
|-resisted|p2a: Ting-Lu
|-damage|p2a: Ting-Lu|64/100
|
|-heal|p2a: Ting-Lu|71/100|[from] item: Leftovers
|upkeep
|turn|34
|
|t:|1758294483
|switch|p1a: Kyurem|Kyurem|26/100
|-ability|p1a: Kyurem|Pressure
|move|p2a: Ting-Lu|Earthquake|p1a: Kyurem
|-damage|p1a: Kyurem|0 fnt
|faint|p1a: Kyurem
|
|-heal|p2a: Ting-Lu|77/100|[from] item: Leftovers
|upkeep
|
|t:|1758294485
|switch|p1a: Alomomola|Alomomola, F, shiny|100/100
|turn|35
|inactive|cheeseguy43 has 60 seconds left.
|
|t:|1758294511
|move|p2a: Ting-Lu|Ruination|p1a: Alomomola
|-damage|p1a: Alomomola|51/100
|move|p1a: Alomomola|Scald|p2a: Ting-Lu
|-supereffective|p2a: Ting-Lu
|-damage|p2a: Ting-Lu|65/100
|-status|p2a: Ting-Lu|brn
|
|-heal|p2a: Ting-Lu|71/100 brn|[from] item: Leftovers
|-damage|p2a: Ting-Lu|65/100 brn|[from] brn
|upkeep
|turn|36
|
|t:|1758294520
|move|p2a: Ting-Lu|Spikes|p1a: Alomomola
|-sidestart|p1: mew354|Spikes
|move|p1a: Alomomola|Scald|p2a: Ting-Lu
|-supereffective|p2a: Ting-Lu
|-damage|p2a: Ting-Lu|53/100 brn
|
|-heal|p2a: Ting-Lu|59/100 brn|[from] item: Leftovers
|-damage|p2a: Ting-Lu|53/100 brn|[from] brn
|upkeep
|turn|37
|inactive|cheeseguy43 has 60 seconds left.
|
|t:|1758294549
|move|p2a: Ting-Lu|Spikes|p1a: Alomomola
|-sidestart|p1: mew354|Spikes
|move|p1a: Alomomola|Wish|p1a: Alomomola
|
|-heal|p2a: Ting-Lu|59/100 brn|[from] item: Leftovers
|-damage|p2a: Ting-Lu|53/100 brn|[from] brn
|upkeep
|turn|38
|
|t:|1758294556
|move|p2a: Ting-Lu|Spikes|p1a: Alomomola
|-sidestart|p1: mew354|Spikes
|move|p1a: Alomomola|Scald|p2a: Ting-Lu
|-supereffective|p2a: Ting-Lu
|-damage|p2a: Ting-Lu|43/100 brn
|
|-heal|p1a: Alomomola|100/100|[from] move: Wish|[wisher] Alomomola
|-heal|p2a: Ting-Lu|49/100 brn|[from] item: Leftovers
|-damage|p2a: Ting-Lu|43/100 brn|[from] brn
|upkeep
|turn|39
|inactive|cheeseguy43 has 60 seconds left.
|
|t:|1758294584
|move|p2a: Ting-Lu|Ruination|p1a: Alomomola
|-damage|p1a: Alomomola|51/100
|move|p1a: Alomomola|Scald|p2a: Ting-Lu
|-supereffective|p2a: Ting-Lu
|-damage|p2a: Ting-Lu|31/100 brn
|
|-heal|p2a: Ting-Lu|37/100 brn|[from] item: Leftovers
|-damage|p2a: Ting-Lu|31/100 brn|[from] brn
|upkeep
|turn|40
|
|t:|1758294596
|move|p2a: Ting-Lu|Ruination|p1a: Alomomola
|-damage|p1a: Alomomola|26/100
|move|p1a: Alomomola|Wish|p1a: Alomomola
|
|-heal|p2a: Ting-Lu|37/100 brn|[from] item: Leftovers
|-damage|p2a: Ting-Lu|31/100 brn|[from] brn
|upkeep
|turn|41
|inactive|cheeseguy43 has 60 seconds left.
|
|t:|1758294627
|move|p1a: Alomomola|Protect|p1a: Alomomola
|-singleturn|p1a: Alomomola|Protect
|move|p2a: Ting-Lu|Earthquake|p1a: Alomomola
|-activate|p1a: Alomomola|move: Protect
|
|-heal|p1a: Alomomola|75/100|[from] move: Wish|[wisher] Alomomola
|-heal|p2a: Ting-Lu|37/100 brn|[from] item: Leftovers
|-damage|p2a: Ting-Lu|31/100 brn|[from] brn
|upkeep
|turn|42
|
|t:|1758294639
|move|p2a: Ting-Lu|Ruination|p1a: Alomomola
|-damage|p1a: Alomomola|38/100
|move|p1a: Alomomola|Scald|p2a: Ting-Lu
|-supereffective|p2a: Ting-Lu
|-damage|p2a: Ting-Lu|19/100 brn
|
|-heal|p2a: Ting-Lu|25/100 brn|[from] item: Leftovers
|-damage|p2a: Ting-Lu|19/100 brn|[from] brn
|upkeep
|turn|43
|
|t:|1758294657
|move|p2a: Ting-Lu|Ruination|p1a: Alomomola
|-damage|p1a: Alomomola|19/100
|move|p1a: Alomomola|Wish|p1a: Alomomola
|
|-heal|p2a: Ting-Lu|25/100 brn|[from] item: Leftovers
|-damage|p2a: Ting-Lu|19/100 brn|[from] brn
|upkeep
|turn|44
|
|t:|1758294664
|switch|p2a: Moltres|Moltres|1/100
|move|p1a: Alomomola|Protect||[still]
|-fail|p1a: Alomomola
|
|-heal|p1a: Alomomola|69/100|[from] move: Wish|[wisher] Alomomola
|upkeep
|turn|45
|
|t:|1758294674
|move|p2a: Moltres|Roost|p2a: Moltres
|-heal|p2a: Moltres|51/100
|-singleturn|p2a: Moltres|move: Roost
|move|p1a: Alomomola|Scald|p2a: Moltres
|-supereffective|p2a: Moltres
|-damage|p2a: Moltres|25/100
|
|upkeep
|turn|46
|
|t:|1758294681
|move|p2a: Moltres|Roost|p2a: Moltres
|-heal|p2a: Moltres|75/100
|-singleturn|p2a: Moltres|move: Roost
|move|p1a: Alomomola|Wish|p1a: Alomomola
|
|upkeep
|turn|47
|inactive|cheeseguy43 has 60 seconds left.
|
|t:|1758294698
|switch|p1a: Slowking|Slowking-Galar, M, shiny|100/100
|move|p2a: Moltres|Roar|p1a: Slowking
|drag|p1a: Alomomola|Alomomola, F, shiny|100/100
|-damage|p1a: Alomomola|76/100|[from] Spikes
|
|-heal|p1a: Alomomola|100/100|[from] move: Wish|[wisher] Alomomola
|upkeep
|turn|48
|inactive|cheeseguy43 has 60 seconds left.
|
|t:|1758294711
|switch|p1a: Slowking|Slowking-Galar, M, shiny|100/100
|move|p2a: Moltres|Flamethrower|p1a: Slowking
|-damage|p1a: Slowking|70/100
|
|upkeep
|turn|49
|
|t:|1758294718
|move|p2a: Moltres|U-turn|p1a: Slowking
|-damage|p1a: Slowking|59/100
|
|t:|1758294723
|switch|p2a: Tinkaton|Tinkaton, F|27/100 brn|[from] U-turn
|-ability|p2a: Tinkaton|Mold Breaker
|move|p1a: Slowking|Sludge Bomb|p2a: Tinkaton
|-immune|p2a: Tinkaton
|
|-damage|p2a: Tinkaton|21/100 brn|[from] brn
|upkeep
|turn|50
|
|t:|1758294729
|switch|p1a: Alomomola|Alomomola, F, shiny|100/100
|-damage|p1a: Alomomola|76/100|[from] Spikes
|move|p2a: Tinkaton|Thunder Wave|p1a: Alomomola
|-status|p1a: Alomomola|par
|
|-damage|p2a: Tinkaton|15/100 brn|[from] brn
|upkeep
|turn|51
|
|t:|1758294736
|move|p1a: Alomomola|Protect|p1a: Alomomola
|-singleturn|p1a: Alomomola|Protect
|move|p2a: Tinkaton|Stealth Rock|p1a: Alomomola
|-sidestart|p1: mew354|move: Stealth Rock
|
|-damage|p2a: Tinkaton|9/100 brn|[from] brn
|upkeep
|turn|52
|
|t:|1758294742
|switch|p1a: Slowking|Slowking-Galar, M, shiny|93/100
|move|p2a: Tinkaton|Encore||[still]
|-fail|p2a: Tinkaton
|
|-damage|p2a: Tinkaton|2/100 brn|[from] brn
|upkeep
|turn|53
|
|t:|1758294747
|switch|p1a: Alomomola|Alomomola, F, shiny|100/100 par
|-damage|p1a: Alomomola|76/100 par|[from] Spikes
|-damage|p1a: Alomomola|63/100 par|[from] Stealth Rock
|move|p2a: Tinkaton|Thunder Wave|p1a: Alomomola
|-fail|p1a: Alomomola|par
|
|-damage|p2a: Tinkaton|0 fnt|[from] brn
|faint|p2a: Tinkaton
|upkeep
|
|t:|1758294761
|switch|p2a: Zamazenta|Zamazenta|75/100
|turn|54
|
|t:|1758294767
|move|p2a: Zamazenta|Close Combat|p1a: Alomomola
|-damage|p1a: Alomomola|27/100 par
|-unboost|p2a: Zamazenta|def|1
|-unboost|p2a: Zamazenta|spd|1
|cant|p1a: Alomomola|par
|
|upkeep
|turn|55
|
|t:|1758294777
|switch|p1a: Slowking|Slowking-Galar, M, shiny|100/100
|move|p2a: Zamazenta|Close Combat|p1a: Slowking
|-resisted|p1a: Slowking
|-damage|p1a: Slowking|90/100
|-unboost|p2a: Zamazenta|def|1
|-unboost|p2a: Zamazenta|spd|1
|
|upkeep
|turn|56
|
|t:|1758294786
|switch|p2a: Ting-Lu|Ting-Lu|19/100 brn
|-ability|p2a: Ting-Lu|Vessel of Ruin
|move|p1a: Slowking|Sludge Bomb|p2a: Ting-Lu
|-resisted|p2a: Ting-Lu
|-damage|p2a: Ting-Lu|12/100 brn
|
|-heal|p2a: Ting-Lu|18/100 brn|[from] item: Leftovers
|-damage|p2a: Ting-Lu|12/100 brn|[from] brn
|upkeep
|turn|57
|inactive|cheeseguy43 has 120 seconds left.
|
|t:|1758294794
|switch|p1a: Alomomola|Alomomola, F, shiny|61/100 par
|-damage|p1a: Alomomola|36/100 par|[from] Spikes
|-damage|p1a: Alomomola|24/100 par|[from] Stealth Rock
|move|p2a: Ting-Lu|Earthquake|p1a: Alomomola
|-damage|p1a: Alomomola|13/100 par
|
|-heal|p2a: Ting-Lu|18/100 brn|[from] item: Leftovers
|-damage|p2a: Ting-Lu|12/100 brn|[from] brn
|upkeep
|turn|58
|
|t:|1758294803
|move|p1a: Alomomola|Wish|p1a: Alomomola
|move|p2a: Ting-Lu|Whirlwind|p1a: Alomomola
|drag|p1a: Slowking|Slowking-Galar, M, shiny|100/100
|
|-heal|p2a: Ting-Lu|18/100 brn|[from] item: Leftovers
|-damage|p2a: Ting-Lu|12/100 brn|[from] brn
|upkeep
|turn|59
|
|t:|1758294809
|switch|p1a: Alomomola|Alomomola, F, shiny|46/100 par
|-damage|p1a: Alomomola|22/100 par|[from] Spikes
|-damage|p1a: Alomomola|9/100 par|[from] Stealth Rock
|move|p2a: Ting-Lu|Earthquake|p1a: Alomomola
|-damage|p1a: Alomomola|0 fnt
|faint|p1a: Alomomola
|
|-heal|p2a: Ting-Lu|18/100 brn|[from] item: Leftovers
|-damage|p2a: Ting-Lu|12/100 brn|[from] brn
|upkeep
|
|t:|1758294815
|switch|p1a: Slowking|Slowking-Galar, M, shiny|100/100
|turn|60
|c|☆cheeseguy43|gg
|
|t:|1758294827
|move|p2a: Ting-Lu|Ruination|p1a: Slowking
|-damage|p1a: Slowking|51/100
|move|p1a: Slowking|Sludge Bomb|p2a: Ting-Lu
|-resisted|p2a: Ting-Lu
|-damage|p2a: Ting-Lu|5/100 brn
|
|-heal|p2a: Ting-Lu|11/100 brn|[from] item: Leftovers
|-damage|p2a: Ting-Lu|5/100 brn|[from] brn
|upkeep
|turn|61
|c|☆mew354|gg
|
|t:|1758294834
|-terastallize|p1a: Slowking|Water
|move|p2a: Ting-Lu|Ruination|p1a: Slowking
|-damage|p1a: Slowking|26/100
|move|p1a: Slowking|Sludge Bomb|p2a: Ting-Lu
|-resisted|p2a: Ting-Lu
|-damage|p2a: Ting-Lu|0 fnt
|faint|p2a: Ting-Lu
|
|upkeep
|
|t:|1758294840
|switch|p2a: Zamazenta|Zamazenta|75/100
|turn|62
|
|t:|1758294844
|move|p2a: Zamazenta|Close Combat|p1a: Slowking
|-damage|p1a: Slowking|0 fnt
|-unboost|p2a: Zamazenta|def|1
|-unboost|p2a: Zamazenta|spd|1
|faint|p1a: Slowking
|
|win|cheeseguy43
|raw|mew354's rating: 1298 &rarr; <strong>1276</strong><br />(-22 for losing)
|raw|cheeseguy43's rating: 1333 &rarr; <strong>1351</strong><br />(+18 for winning)
