|j|☆Themusiqking
|j|☆KingfishStrategy
|t:|1758317143
|gametype|singles
|player|p1|Themusiqking|169|1184
|player|p2|KingfishStrategy|1|1248
|gen|9
|tier|[Gen 9] OU
|rated|
|rule|HP Percentage Mod: HP is shown in percentages
|rule|Endless Battle Clause: Forcing endless battles is banned
|rule|Species Clause: Limit one of each Pokémon
|rule|OHKO Clause: OHKO moves are banned
|rule|Evasion Items Clause: Evasion items are banned
|rule|Evasion Moves Clause: Evasion moves are banned
|rule|Evasion Abilities Clause: Evasion abilities are banned
|rule|Sleep Moves Clause: Sleep-inducing moves are banned
|clearpoke
|poke|p1|Alomomola, F|
|poke|p1|Scizor, M|
|poke|p1|Glimmora, F|
|poke|p1|Cresselia, F|
|poke|p1|Mienshao, M|
|poke|p1|Dragapult, F|
|poke|p2|Landorus-Therian, M|
|poke|p2|Samurott-Hisui, M|
|poke|p2|Pecharunt|
|poke|p2|Scizor, M|
|poke|p2|Latios, M|
|poke|p2|Zamazenta-*|
|teampreview
|
|t:|1758317166
|teamsize|p1|6
|teamsize|p2|6
|start
|switch|p1a: Scizor|Scizor, M|100/100
|switch|p2a: Samurott|Samurott-Hisui, M|100/100
|turn|1
|
|t:|1758317170
|move|p2a: Samurott|Ceaseless Edge|p1a: Scizor|[miss]
|-miss|p2a: Samurott|p1a: Scizor
|move|p1a: Scizor|Lunge|p2a: Samurott
|-supereffective|p2a: Samurott
|-damage|p2a: Samurott|0 fnt
|faint|p2a: Samurott
|
|upkeep
|
|t:|1758317177
|switch|p2a: Landorus|Landorus-Therian, M|100/100
|-ability|p2a: Landorus|Intimidate|boost
|-unboost|p1a: Scizor|atk|1
|turn|2
|inactive|Battle timer is ON: inactive players will automatically lose when time's up. (requested by KingfishStrategy)
|
|t:|1758317212
|move|p2a: Landorus|Stealth Rock|p1a: Scizor
|-sidestart|p1: Themusiqking|move: Stealth Rock
|move|p1a: Scizor|Lunge|p2a: Landorus
|-resisted|p2a: Landorus
|-damage|p2a: Landorus|86/100
|-unboost|p2a: Landorus|atk|1
|-damage|p1a: Scizor|84/100|[from] item: Rocky Helmet|[of] p2a: Landorus
|
|-heal|p1a: Scizor|90/100|[from] item: Leftovers
|upkeep
|turn|3
|
|t:|1758317223
|move|p2a: Landorus|U-turn|p1a: Scizor
|-resisted|p1a: Scizor
|-damage|p1a: Scizor|83/100
|
|t:|1758317225
|switch|p2a: Pecharunt|Pecharunt|100/100|[from] U-turn
|move|p1a: Scizor|Defog|p2a: Pecharunt
|-unboost|p2a: Pecharunt|evasion|1
|-sideend|p1: Themusiqking|Stealth Rock|[from] move: Defog|[of] p1a: Scizor
|
|-heal|p1a: Scizor|89/100|[from] item: Leftovers
|upkeep
|turn|4
|
|t:|1758317233
|move|p2a: Pecharunt|Shadow Ball|p1a: Scizor
|-damage|p1a: Scizor|60/100
|move|p1a: Scizor|Knock Off|p2a: Pecharunt
|-supereffective|p2a: Pecharunt
|-damage|p2a: Pecharunt|71/100
|-enditem|p2a: Pecharunt|Heavy-Duty Boots|[from] move: Knock Off|[of] p1a: Scizor
|
|-heal|p1a: Scizor|66/100|[from] item: Leftovers
|upkeep
|turn|5
|c|☆Themusiqking|Ggs
|c|☆Themusiqking|Im like 30-2 against pecharunt
|
|t:|1758317259
|move|p2a: Pecharunt|Shadow Ball|p1a: Scizor
|-damage|p1a: Scizor|35/100
|move|p1a: Scizor|Knock Off|p2a: Pecharunt
|-supereffective|p2a: Pecharunt
|-damage|p2a: Pecharunt|51/100
|
|-heal|p1a: Scizor|41/100|[from] item: Leftovers
|upkeep
|turn|6
|
|t:|1758317270
|switch|p1a: Alomomola|Alomomola, F|100/100
|move|p2a: Pecharunt|Recover|p2a: Pecharunt
|-heal|p2a: Pecharunt|100/100
|
|upkeep
|turn|7
|
|t:|1758317277
|switch|p1a: Glimmora|Glimmora, F|100/100
|move|p2a: Pecharunt|Parting Shot|p1a: Glimmora
|-unboost|p1a: Glimmora|atk|1
|-unboost|p1a: Glimmora|spa|1
|
|t:|1758317283
|switch|p2a: Latios|Latios, M|100/100|[from] Parting Shot
|
|upkeep
|turn|8
|
|t:|1758317288
|switch|p1a: Cresselia|Cresselia, F|100/100
|move|p2a: Latios|Psychic Noise|p1a: Cresselia
|-resisted|p1a: Cresselia
|-damage|p1a: Cresselia|88/100
|
|upkeep
|turn|9
|
|t:|1758317297
|switch|p2a: Scizor|Scizor, M|100/100
|move|p1a: Cresselia|Calm Mind|p1a: Cresselia
|-boost|p1a: Cresselia|spa|1
|-boost|p1a: Cresselia|spd|1
|
|upkeep
|turn|10
|c|☆Themusiqking|Gg
|
|t:|1758317313
|switch|p1a: Mienshao|Mienshao, M|100/100
|move|p2a: Scizor|Knock Off|p1a: Mienshao
|-resisted|p1a: Mienshao
|-damage|p1a: Mienshao|64/100
|-enditem|p1a: Mienshao|Life Orb|[from] move: Knock Off|[of] p2a: Scizor
|
|upkeep
|turn|11
|
|t:|1758317324
|move|p1a: Mienshao|Fake Out|p2a: Scizor
|-resisted|p2a: Scizor
|-damage|p2a: Scizor|92/100
|cant|p2a: Scizor|flinch
|
|upkeep
|turn|12
|
|t:|1758317331
|switch|p2a: Landorus|Landorus-Therian, M|86/100
|-ability|p2a: Landorus|Intimidate|boost
|-unboost|p1a: Mienshao|atk|1
|move|p1a: Mienshao|U-turn|p2a: Landorus
|-resisted|p2a: Landorus
|-damage|p2a: Landorus|77/100
|-damage|p1a: Mienshao|47/100|[from] item: Rocky Helmet|[of] p2a: Landorus
|
|t:|1758317341
|switch|p1a: Alomomola|Alomomola, F|100/100|[from] U-turn
|
|upkeep
|turn|13
|
|t:|1758317350
|move|p2a: Landorus|U-turn|p1a: Alomomola
|-damage|p1a: Alomomola|86/100
|-damage|p2a: Landorus|61/100|[from] item: Rocky Helmet|[of] p1a: Alomomola
|
|t:|1758317353
|switch|p2a: Pecharunt|Pecharunt|100/100|[from] U-turn
|move|p1a: Alomomola|Wish|p1a: Alomomola
|
|upkeep
|turn|14
|
|t:|1758317358
|move|p2a: Pecharunt|Shadow Ball|p1a: Alomomola
|-damage|p1a: Alomomola|63/100
|move|p1a: Alomomola|Flip Turn|p2a: Pecharunt
|-damage|p2a: Pecharunt|91/100
|
|t:|1758317365
|switch|p1a: Scizor|Scizor, M|41/100|[from] Flip Turn
|
|-heal|p1a: Scizor|100/100|[from] move: Wish|[wisher] Alomomola
|upkeep
|turn|15
|
|t:|1758317372
|move|p2a: Pecharunt|Shadow Ball|p1a: Scizor
|-damage|p1a: Scizor|69/100
|move|p1a: Scizor|Knock Off|p2a: Pecharunt
|-supereffective|p2a: Pecharunt
|-damage|p2a: Pecharunt|59/100
|
|-heal|p1a: Scizor|75/100|[from] item: Leftovers
|upkeep
|turn|16
|
|t:|1758317388
|move|p2a: Pecharunt|Shadow Ball|p1a: Scizor
|-damage|p1a: Scizor|45/100
|-unboost|p1a: Scizor|spd|1
|move|p1a: Scizor|Knock Off|p2a: Pecharunt
|-supereffective|p2a: Pecharunt
|-damage|p2a: Pecharunt|30/100
|
|-heal|p1a: Scizor|51/100|[from] item: Leftovers
|upkeep
|turn|17
|
|t:|1758317402
|-terastallize|p1a: Scizor|Steel
|move|p1a: Scizor|Bullet Punch|p2a: Pecharunt
|-damage|p2a: Pecharunt|5/100
|move|p2a: Pecharunt|Recover|p2a: Pecharunt
|-heal|p2a: Pecharunt|55/100
|
|-heal|p1a: Scizor|57/100|[from] item: Leftovers
|upkeep
|turn|18
|
|t:|1758317420
|switch|p1a: Glimmora|Glimmora, F|100/100
|move|p2a: Pecharunt|Recover|p2a: Pecharunt
|-heal|p2a: Pecharunt|100/100
|
|upkeep
|turn|19
|
|t:|1758317426
|move|p2a: Pecharunt|Shadow Ball|p1a: Glimmora
|-damage|p1a: Glimmora|78/100
|move|p1a: Glimmora|Stealth Rock|p2a: Pecharunt
|-sidestart|p2: KingfishStrategy|move: Stealth Rock
|
|-heal|p1a: Glimmora|85/100|[from] item: Leftovers
|upkeep
|turn|20
|
|t:|1758317430
|move|p2a: Pecharunt|Shadow Ball|p1a: Glimmora
|-damage|p1a: Glimmora|65/100
|move|p1a: Glimmora|Power Gem|p2a: Pecharunt
|-damage|p2a: Pecharunt|63/100
|
|-heal|p1a: Glimmora|71/100|[from] item: Leftovers
|upkeep
|turn|21
|
|t:|1758317437
|switch|p2a: Landorus|Landorus-Therian, M|61/100
|-damage|p2a: Landorus|49/100|[from] Stealth Rock
|-ability|p2a: Landorus|Intimidate|boost
|-unboost|p1a: Glimmora|atk|1
|move|p1a: Glimmora|Spiky Shield||[still]
|-fail|p1a: Glimmora
|
|-heal|p1a: Glimmora|78/100|[from] item: Leftovers
|upkeep
|turn|22
|
|t:|1758317443
|switch|p1a: Alomomola|Alomomola, F|97/100
|move|p2a: Landorus|Earthquake|p1a: Alomomola
|-damage|p1a: Alomomola|68/100
|
|upkeep
|turn|23
|
|t:|1758317449
|move|p2a: Landorus|U-turn|p1a: Alomomola
|-damage|p1a: Alomomola|54/100
|-damage|p2a: Landorus|32/100|[from] item: Rocky Helmet|[of] p1a: Alomomola
|
|t:|1758317455
|switch|p2a: Zamazenta|Zamazenta|100/100|[from] U-turn
|-damage|p2a: Zamazenta|94/100|[from] Stealth Rock
|-ability|p2a: Zamazenta|Dauntless Shield|boost
|-boost|p2a: Zamazenta|def|1
|move|p1a: Alomomola|Tickle|p2a: Zamazenta
|-unboost|p2a: Zamazenta|atk|1
|-unboost|p2a: Zamazenta|def|1
|
|-heal|p2a: Zamazenta|100/100|[from] item: Leftovers
|upkeep
|turn|24
|
|t:|1758317466
|switch|p2a: Pecharunt|Pecharunt|63/100
|-damage|p2a: Pecharunt|50/100|[from] Stealth Rock
|move|p1a: Alomomola|Flip Turn|p2a: Pecharunt
|-damage|p2a: Pecharunt|40/100
|
|t:|1758317474
|switch|p1a: Dragapult|Dragapult, F|100/100|[from] Flip Turn
|
|upkeep
|turn|25
|c|☆Themusiqking|Gg
|
|t:|1758317483
|switch|p2a: Landorus|Landorus-Therian, M|32/100
|-damage|p2a: Landorus|20/100|[from] Stealth Rock
|-ability|p2a: Landorus|Intimidate|boost
|-unboost|p1a: Dragapult|atk|1
|move|p1a: Dragapult|Shadow Ball|p2a: Landorus
|-damage|p2a: Landorus|0 fnt
|faint|p2a: Landorus
|
|upkeep
|c|☆Themusiqking|Bad matchup
|
|t:|1758317493
|switch|p2a: Scizor|Scizor, M|92/100
|turn|26
|
|t:|1758317501
|switch|p1a: Mienshao|Mienshao, M|80/100
|move|p2a: Scizor|Knock Off|p1a: Mienshao
|-resisted|p1a: Mienshao
|-damage|p1a: Mienshao|59/100
|
|upkeep
|turn|27
|
|t:|1758317513
|move|p1a: Mienshao|Fake Out|p2a: Scizor
|-resisted|p2a: Scizor
|-damage|p2a: Scizor|84/100
|cant|p2a: Scizor|flinch
|
|upkeep
|turn|28
|
|t:|1758317522
|move|p1a: Mienshao|U-turn|p2a: Scizor
|-resisted|p2a: Scizor
|-crit|p2a: Scizor
|-damage|p2a: Scizor|62/100
|
|t:|1758317527
|switch|p1a: Alomomola|Alomomola, F|88/100|[from] U-turn
|move|p2a: Scizor|Swords Dance|p2a: Scizor
|-boost|p2a: Scizor|atk|2
|
|upkeep
|turn|29
|
|t:|1758317538
|-terastallize|p2a: Scizor|Electric
|move|p2a: Scizor|Tera Blast|p1a: Alomomola|[anim] Tera Blast Electric
|-supereffective|p1a: Alomomola
|-damage|p1a: Alomomola|0 fnt
|faint|p1a: Alomomola
|
|upkeep
|
|t:|1758317553
|switch|p1a: Mienshao|Mienshao, M|92/100
|turn|30
|
|t:|1758317556
|move|p1a: Mienshao|Fake Out|p2a: Scizor
|-damage|p2a: Scizor|45/100
|cant|p2a: Scizor|flinch
|
|upkeep
|turn|31
|
|t:|1758317562
|move|p2a: Scizor|Bullet Punch|p1a: Mienshao
|-damage|p1a: Mienshao|0 fnt
|faint|p1a: Mienshao
|
|upkeep
|
|t:|1758317566
|switch|p1a: Cresselia|Cresselia, F|88/100
|turn|32
|
|t:|1758317576
|move|p2a: Scizor|Knock Off|p1a: Cresselia
|-supereffective|p1a: Cresselia
|-damage|p1a: Cresselia|0 fnt
|-enditem|p1a: Cresselia|Covert Cloak|[from] move: Knock Off|[of] p2a: Scizor
|faint|p1a: Cresselia
|
|upkeep
|
|t:|1758317579
|switch|p1a: Scizor|Scizor, M, tera:Steel|57/100
|turn|33
|
|t:|1758317586
|move|p2a: Scizor|Tera Blast|p1a: Scizor|[anim] Tera Blast Electric
|-damage|p1a: Scizor|0 fnt
|faint|p1a: Scizor
|
|upkeep
|-message|Themusiqking forfeited.
|
|win|KingfishStrategy
|raw|Themusiqking's rating: 1184 &rarr; <strong>1164</strong><br />(-20 for losing)
|raw|KingfishStrategy's rating: 1248 &rarr; <strong>1268</strong><br />(+20 for winning)
|l|☆Themusiqking
|player|p1|
|c|☆KingfishStrategy|Ggs
|c|☆KingfishStrategy|bad matchup
