|j|☆basedraybans
|j|☆ccncn123
|t:|1758346688
|gametype|singles
|player|p1|basedraybans|101|1309
|player|p2|ccncn123|170|1313
|gen|9
|tier|[Gen 9] OU
|rated|
|rule|HP Percentage Mod: HP is shown in percentages
|rule|Endless Battle Clause: Forcing endless battles is banned
|rule|Species Clause: Limit one of each Pokémon
|rule|OHKO Clause: OHKO moves are banned
|rule|Evasion Items Clause: Evasion items are banned
|rule|Evasion Moves Clause: Evasion moves are banned
|rule|Evasion Abilities Clause: Evasion abilities are banned
|rule|Sleep Moves Clause: Sleep-inducing moves are banned
|clearpoke
|poke|p1|Tyranitar, M|
|poke|p1|Sinistcha|
|poke|p1|Slowking-Galar, F|
|poke|p1|Scizor, M|
|poke|p1|Deoxys-Speed|
|poke|p1|Dragonite, F|
|poke|p2|Gholdengo|
|poke|p2|Hydreigon, F|
|poke|p2|Alomomola, M|
|poke|p2|Samurott-Hisui, F|
|poke|p2|Pecharunt|
|poke|p2|Corviknight, F|
|teampreview
|inactive|Battle timer is ON: inactive players will automatically lose when time's up. (requested by basedraybans)
|inactive|basedraybans has 120 seconds left.
|
|t:|1758346727
|teamsize|p1|6
|teamsize|p2|6
|start
|switch|p1a: Scizor|Scizor, M|100/100
|switch|p2a: Samurott|Samurott-Hisui, F|100/100
|turn|1
|
|t:|1758346734
|switch|p2a: Pecharunt|Pecharunt|100/100
|move|p1a: Scizor|U-turn|p2a: Pecharunt
|-resisted|p2a: Pecharunt
|-damage|p2a: Pecharunt|94/100
|
|t:|1758346738
|switch|p1a: Deoxys|Deoxys-Speed|100/100|[from] U-turn
|-ability|p1a: Deoxys|Pressure
|
|upkeep
|turn|2
|
|t:|1758346741
|switch|p2a: Samurott|Samurott-Hisui, F|100/100
|move|p1a: Deoxys|Stealth Rock|p2a: Samurott
|-sidestart|p2: ccncn123|move: Stealth Rock
|
|upkeep
|turn|3
|
|t:|1758346749
|switch|p1a: Scizor|Scizor, M|100/100
|move|p2a: Samurott|Ceaseless Edge|p1a: Scizor|[miss]
|-miss|p2a: Samurott|p1a: Scizor
|
|upkeep
|turn|4
|
|t:|1758346759
|switch|p2a: Corviknight|Corviknight, F|100/100
|-damage|p2a: Corviknight|88/100|[from] Stealth Rock
|move|p1a: Scizor|Knock Off|p2a: Corviknight
|-damage|p2a: Corviknight|67/100
|-damage|p1a: Scizor|84/100|[from] item: Rocky Helmet|[of] p2a: Corviknight
|-enditem|p2a: Corviknight|Rocky Helmet|[from] move: Knock Off|[of] p1a: Scizor
|
|upkeep
|turn|5
|
|t:|1758346764
|move|p2a: Corviknight|Defog|p1a: Scizor
|-unboost|p1a: Scizor|evasion|1
|-sideend|p2: ccncn123|Stealth Rock|[from] move: Defog|[of] p2a: Corviknight
|move|p1a: Scizor|U-turn|p2a: Corviknight
|-resisted|p2a: Corviknight
|-damage|p2a: Corviknight|61/100
|
|t:|1758346786
|switch|p1a: Sinistcha|Sinistcha|100/100|[from] U-turn
|
|upkeep
|turn|6
|
|t:|1758346791
|move|p1a: Sinistcha|Shadow Ball|p2a: Corviknight
|-damage|p2a: Corviknight|29/100
|move|p2a: Corviknight|U-turn|p1a: Sinistcha
|-damage|p1a: Sinistcha|90/100
|
|t:|1758346795
|switch|p2a: Samurott|Samurott-Hisui, F|100/100|[from] U-turn
|
|upkeep
|turn|7
|
|t:|1758346805
|move|p2a: Samurott|Ceaseless Edge|p1a: Sinistcha
|-supereffective|p1a: Sinistcha
|-damage|p1a: Sinistcha|33/100
|-sidestart|p1: basedraybans|Spikes
|move|p1a: Sinistcha|Strength Sap|p2a: Samurott
|-unboost|p2a: Samurott|atk|1
|-heal|p1a: Sinistcha|100/100
|
|upkeep
|turn|8
|
|t:|1758346816
|move|p2a: Samurott|Ceaseless Edge|p1a: Sinistcha
|-supereffective|p1a: Sinistcha
|-damage|p1a: Sinistcha|62/100
|-sidestart|p1: basedraybans|Spikes
|move|p1a: Sinistcha|Shadow Ball|p2a: Samurott
|-resisted|p2a: Samurott
|-damage|p2a: Samurott|75/100
|-unboost|p2a: Samurott|spd|1
|
|upkeep
|turn|9
|
|t:|1758346822
|move|p2a: Samurott|Ceaseless Edge|p1a: Sinistcha
|-supereffective|p1a: Sinistcha
|-damage|p1a: Sinistcha|18/100
|-sidestart|p1: basedraybans|Spikes
|move|p1a: Sinistcha|Matcha Gotcha|p2a: Samurott
|-supereffective|p2a: Samurott
|-damage|p2a: Samurott|0 fnt
|-heal|p1a: Sinistcha|53/100|[from] drain|[of] p2a: Samurott
|faint|p2a: Samurott
|
|upkeep
|
|t:|1758346832
|switch|p2a: Pecharunt|Pecharunt|94/100
|turn|10
|
|t:|1758346845
|switch|p1a: Scizor|Scizor, M|84/100
|-damage|p1a: Scizor|59/100|[from] Spikes
|move|p2a: Pecharunt|Malignant Chain|p1a: Scizor
|-immune|p1a: Scizor
|
|upkeep
|turn|11
|
|t:|1758346854
|switch|p2a: Alomomola|Alomomola, M|100/100
|move|p1a: Scizor|Defog|p2a: Alomomola
|-unboost|p2a: Alomomola|evasion|1
|-sideend|p1: basedraybans|Spikes|[from] move: Defog|[of] p1a: Scizor
|
|upkeep
|turn|12
|
|t:|1758346861
|move|p1a: Scizor|Knock Off|p2a: Alomomola
|-damage|p2a: Alomomola|77/100
|-damage|p1a: Scizor|42/100|[from] item: Rocky Helmet|[of] p2a: Alomomola
|-enditem|p2a: Alomomola|Rocky Helmet|[from] move: Knock Off|[of] p1a: Scizor
|-enditem|p1a: Scizor|Sitrus Berry|[eat]
|-heal|p1a: Scizor|67/100|[from] item: Sitrus Berry
|move|p2a: Alomomola|Wish|p2a: Alomomola
|
|upkeep
|turn|13
|
|t:|1758346889
|switch|p1a: Slowking|Slowking-Galar, F|100/100
|move|p2a: Alomomola|Flip Turn|p1a: Slowking
|-damage|p1a: Slowking|85/100
|
|t:|1758346893
|switch|p2a: Corviknight|Corviknight, F|29/100|[from] Flip Turn
|
|-heal|p2a: Corviknight|92/100|[from] move: Wish|[wisher] Alomomola
|upkeep
|turn|14
|
|t:|1758346898
|move|p2a: Corviknight|U-turn|p1a: Slowking
|-damage|p1a: Slowking|70/100
|
|t:|1758346902
|switch|p2a: Pecharunt|Pecharunt|94/100|[from] U-turn
|move|p1a: Slowking|Thunder Wave|p2a: Pecharunt
|-status|p2a: Pecharunt|par
|
|upkeep
|turn|15
|
|t:|1758346908
|move|p2a: Pecharunt|Parting Shot|p1a: Slowking
|-unboost|p1a: Slowking|atk|1
|-unboost|p1a: Slowking|spa|1
|
|t:|1758346911
|switch|p2a: Corviknight|Corviknight, F|92/100|[from] Parting Shot
|-prepare|p1a: Slowking|Chilly Reception|[premajor]
|move|p1a: Slowking|Chilly Reception|p1a: Slowking
|-weather|Snowscape
|
|t:|1758346934
|switch|p1a: Sinistcha|Sinistcha|53/100|[from] Chilly Reception
|
|-weather|Snowscape|[upkeep]
|upkeep
|turn|16
|
|t:|1758346939
|move|p1a: Sinistcha|Strength Sap|p2a: Corviknight
|-ability|p2a: Corviknight|Mirror Armor
|-unboost|p1a: Sinistcha|atk|1
|-heal|p1a: Sinistcha|100/100
|move|p2a: Corviknight|U-turn|p1a: Sinistcha
|-damage|p1a: Sinistcha|91/100
|
|t:|1758346949
|switch|p2a: Gholdengo|Gholdengo|100/100|[from] U-turn
|-item|p2a: Gholdengo|Air Balloon
|
|-weather|Snowscape|[upkeep]
|upkeep
|turn|17
|
|t:|1758346959
|switch|p1a: Tyranitar|Tyranitar, M|100/100
|-weather|Sandstorm|[from] ability: Sand Stream|[of] p1a: Tyranitar
|move|p2a: Gholdengo|Nasty Plot|p2a: Gholdengo
|-boost|p2a: Gholdengo|spa|2
|
|-weather|Sandstorm|[upkeep]
|upkeep
|turn|18
|
|t:|1758346963
|-terastallize|p1a: Tyranitar|Ground
|move|p2a: Gholdengo|Make It Rain|p1a: Tyranitar
|-damage|p1a: Tyranitar|10/100
|-unboost|p2a: Gholdengo|spa|1
|move|p1a: Tyranitar|Knock Off|p2a: Gholdengo
|-supereffective|p2a: Gholdengo
|-damage|p2a: Gholdengo|0 fnt
|-enditem|p2a: Gholdengo|Air Balloon
|faint|p2a: Gholdengo
|
|-weather|Sandstorm|[upkeep]
|upkeep
|
|t:|1758346978
|switch|p2a: Hydreigon|Hydreigon, F|100/100
|turn|19
|
|t:|1758346982
|move|p2a: Hydreigon|Dark Pulse|p1a: Tyranitar
|-damage|p1a: Tyranitar|0 fnt
|faint|p1a: Tyranitar
|
|-weather|Sandstorm|[upkeep]
|-damage|p2a: Hydreigon|94/100|[from] Sandstorm
|upkeep
|
|t:|1758346992
|switch|p1a: Scizor|Scizor, M|67/100
|turn|20
|
|t:|1758346996
|switch|p2a: Alomomola|Alomomola, M|100/100
|move|p1a: Scizor|U-turn|p2a: Alomomola
|-damage|p2a: Alomomola|76/100
|
|t:|1758347002
|switch|p1a: Sinistcha|Sinistcha|91/100|[from] U-turn
|
|-weather|Sandstorm|[upkeep]
|-damage|p1a: Sinistcha|85/100|[from] Sandstorm
|-damage|p2a: Alomomola|70/100|[from] Sandstorm
|upkeep
|turn|21
|
|t:|1758347007
|switch|p2a: Pecharunt|Pecharunt|94/100 par
|move|p1a: Sinistcha|Calm Mind|p1a: Sinistcha
|-boost|p1a: Sinistcha|spa|1
|-boost|p1a: Sinistcha|spd|1
|
|-weather|none
|upkeep
|turn|22
|
|t:|1758347015
|move|p1a: Sinistcha|Shadow Ball|p2a: Pecharunt
|-supereffective|p2a: Pecharunt
|-damage|p2a: Pecharunt|30/100 par
|cant|p2a: Pecharunt|par
|
|upkeep
|turn|23
|
|t:|1758347020
|move|p1a: Sinistcha|Shadow Ball|p2a: Pecharunt
|-supereffective|p2a: Pecharunt
|-damage|p2a: Pecharunt|0 fnt
|faint|p2a: Pecharunt
|
|upkeep
|
|t:|1758347025
|switch|p2a: Hydreigon|Hydreigon, F|94/100
|turn|24
|
|t:|1758347029
|move|p2a: Hydreigon|Dark Pulse|p1a: Sinistcha
|-supereffective|p1a: Sinistcha
|-damage|p1a: Sinistcha|11/100
|cant|p1a: Sinistcha|flinch
|
|upkeep
|turn|25
|
|t:|1758347034
|move|p2a: Hydreigon|Dark Pulse|p1a: Sinistcha
|-supereffective|p1a: Sinistcha
|-damage|p1a: Sinistcha|0 fnt
|faint|p1a: Sinistcha
|
|upkeep
|
|t:|1758347036
|switch|p1a: Scizor|Scizor, M|67/100
|turn|26
|
|t:|1758347043
|switch|p2a: Corviknight|Corviknight, F|92/100
|move|p1a: Scizor|U-turn|p2a: Corviknight
|-resisted|p2a: Corviknight
|-damage|p2a: Corviknight|86/100
|
|t:|1758347056
|switch|p1a: Slowking|Slowking-Galar, F|100/100|[from] U-turn
|
|upkeep
|turn|27
|
|t:|1758347061
|move|p2a: Corviknight|U-turn|p1a: Slowking
|-damage|p1a: Slowking|85/100
|
|t:|1758347064
|switch|p2a: Alomomola|Alomomola, M|100/100|[from] U-turn
|move|p1a: Slowking|Thunder Wave|p2a: Alomomola|[miss]
|-miss|p1a: Slowking|p2a: Alomomola
|
|upkeep
|turn|28
|
|t:|1758347071
|move|p2a: Alomomola|Flip Turn|p1a: Slowking
|-damage|p1a: Slowking|67/100
|
|t:|1758347074
|switch|p2a: Corviknight|Corviknight, F|86/100|[from] Flip Turn
|move|p1a: Slowking|Toxic Spikes|p2a: Corviknight
|-sidestart|p2: ccncn123|move: Toxic Spikes
|
|upkeep
|turn|29
|
|t:|1758347077
|move|p2a: Corviknight|Defog|p1a: Slowking
|-unboost|p1a: Slowking|evasion|1
|-sideend|p2: ccncn123|Toxic Spikes|[from] move: Defog|[of] p2a: Corviknight
|move|p1a: Slowking|Thunder Wave|p2a: Corviknight|[miss]
|-miss|p1a: Slowking|p2a: Corviknight
|
|upkeep
|turn|30
|
|t:|1758347087
|move|p2a: Corviknight|Body Press|p1a: Slowking
|-resisted|p1a: Slowking
|-damage|p1a: Slowking|60/100
|-prepare|p1a: Slowking|Chilly Reception|[premajor]
|move|p1a: Slowking|Chilly Reception|p1a: Slowking
|-weather|Snowscape
|
|t:|1758347102
|switch|p1a: Scizor|Scizor, M|67/100|[from] Chilly Reception
|
|-weather|Snowscape|[upkeep]
|upkeep
|turn|31
|
|t:|1758347106
|switch|p1a: Slowking|Slowking-Galar, F|94/100
|move|p2a: Corviknight|U-turn|p1a: Slowking
|-damage|p1a: Slowking|79/100
|
|t:|1758347111
|switch|p2a: Hydreigon|Hydreigon, F|94/100|[from] U-turn
|
|-weather|Snowscape|[upkeep]
|upkeep
|turn|32
|
|t:|1758347117
|move|p2a: Hydreigon|Dark Pulse|p1a: Slowking
|-supereffective|p1a: Slowking
|-damage|p1a: Slowking|9/100
|move|p1a: Slowking|Thunder Wave|p2a: Hydreigon
|-status|p2a: Hydreigon|par
|
|-weather|Snowscape|[upkeep]
|upkeep
|turn|33
|
|t:|1758347132
|switch|p1a: Scizor|Scizor, M|67/100
|move|p2a: Hydreigon|Dark Pulse|p1a: Scizor
|-damage|p1a: Scizor|13/100
|
|-weather|Snowscape|[upkeep]
|upkeep
|turn|34
|
|t:|1758347140
|switch|p2a: Corviknight|Corviknight, F|86/100
|move|p1a: Scizor|U-turn|p2a: Corviknight
|-resisted|p2a: Corviknight
|-damage|p2a: Corviknight|81/100
|
|t:|1758347151
|switch|p1a: Slowking|Slowking-Galar, F|42/100|[from] U-turn
|
|-weather|none
|upkeep
|turn|35
|
|t:|1758347156
|move|p2a: Corviknight|Body Press|p1a: Slowking
|-resisted|p1a: Slowking
|-damage|p1a: Slowking|36/100
|move|p1a: Slowking|Thunder Wave|p2a: Corviknight
|-status|p2a: Corviknight|par
|
|upkeep
|turn|36
|
|t:|1758347161
|move|p1a: Slowking|Toxic Spikes|p2a: Corviknight
|-sidestart|p2: ccncn123|move: Toxic Spikes
|cant|p2a: Corviknight|par
|
|upkeep
|turn|37
|
|t:|1758347167
|move|p1a: Slowking|Psychic Noise|p2a: Corviknight
|-resisted|p2a: Corviknight
|-damage|p2a: Corviknight|64/100 par
|-start|p2a: Corviknight|move: Heal Block
|move|p2a: Corviknight|Defog|p1a: Slowking
|-unboost|p1a: Slowking|evasion|1
|-sideend|p2: ccncn123|Toxic Spikes|[from] move: Defog|[of] p2a: Corviknight
|
|upkeep
|turn|38
|
|t:|1758347172
|move|p1a: Slowking|Toxic Spikes|p2a: Corviknight
|-sidestart|p2: ccncn123|move: Toxic Spikes
|move|p2a: Corviknight|U-turn|p1a: Slowking
|-damage|p1a: Slowking|21/100
|
|t:|1758347176
|switch|p2a: Hydreigon|Hydreigon, F|94/100 par|[from] U-turn
|
|upkeep
|turn|39
|
|t:|1758347184
|switch|p1a: Dragonite|Dragonite, F|100/100
|move|p2a: Hydreigon|Dark Pulse|p1a: Dragonite
|-damage|p1a: Dragonite|76/100
|
|upkeep
|turn|40
|
|t:|1758347197
|switch|p2a: Alomomola|Alomomola, M|100/100
|-status|p2a: Alomomola|psn
|move|p1a: Dragonite|Extreme Speed|p2a: Alomomola
|-damage|p2a: Alomomola|80/100 psn
|
|-damage|p2a: Alomomola|67/100 psn|[from] psn
|upkeep
|turn|41
|
|t:|1758347207
|switch|p1a: Slowking|Slowking-Galar, F|54/100
|move|p2a: Alomomola|Play Rough|p1a: Slowking
|-resisted|p1a: Slowking
|-damage|p1a: Slowking|45/100
|
|-damage|p2a: Alomomola|55/100 psn|[from] psn
|upkeep
|turn|42
|
|t:|1758347219
|move|p2a: Alomomola|Wish|p2a: Alomomola
|-prepare|p1a: Slowking|Chilly Reception|[premajor]
|move|p1a: Slowking|Chilly Reception|p1a: Slowking
|-weather|Snowscape
|
|t:|1758347230
|switch|p1a: Deoxys|Deoxys-Speed|100/100|[from] Chilly Reception
|-ability|p1a: Deoxys|Pressure
|
|-weather|Snowscape|[upkeep]
|-damage|p2a: Alomomola|42/100 psn|[from] psn
|upkeep
|turn|43
|
|t:|1758347233
|switch|p2a: Hydreigon|Hydreigon, F|94/100 par
|move|p1a: Deoxys|Psycho Boost|p2a: Hydreigon
|-immune|p2a: Hydreigon
|
|-weather|Snowscape|[upkeep]
|-heal|p2a: Hydreigon|100/100 par|[from] move: Wish|[wisher] Alomomola
|upkeep
|turn|44
|
|t:|1758347245
|switch|p1a: Dragonite|Dragonite, F|76/100
|move|p2a: Hydreigon|Dark Pulse|p1a: Dragonite
|-damage|p1a: Dragonite|33/100
|
|-weather|Snowscape|[upkeep]
|upkeep
|turn|45
|
|t:|1758347254
|-terastallize|p2a: Hydreigon|Fairy
|move|p1a: Dragonite|Extreme Speed|p2a: Hydreigon
|-damage|p2a: Hydreigon|65/100 par
|move|p2a: Hydreigon|Dark Pulse|p1a: Dragonite
|-damage|p1a: Dragonite|0 fnt
|faint|p1a: Dragonite
|
|-weather|Snowscape|[upkeep]
|upkeep
|
|t:|1758347260
|switch|p1a: Scizor|Scizor, M|13/100
|turn|46
|
|t:|1758347263
|switch|p2a: Corviknight|Corviknight, F|64/100 par
|move|p1a: Scizor|Bullet Punch|p2a: Corviknight
|-resisted|p2a: Corviknight
|-damage|p2a: Corviknight|53/100 par
|
|-weather|none
|upkeep
|turn|47
|
|t:|1758347269
|switch|p1a: Deoxys|Deoxys-Speed|100/100
|-ability|p1a: Deoxys|Pressure
|move|p2a: Corviknight|Defog|p1a: Deoxys
|-unboost|p1a: Deoxys|evasion|1
|-sideend|p2: ccncn123|Toxic Spikes|[from] move: Defog|[of] p2a: Corviknight
|-enditem|p1a: Deoxys|Eject Pack
|
|t:|1758347276
|switch|p1a: Scizor|Scizor, M|13/100
|
|upkeep
|turn|48
|
|t:|1758347281
|move|p1a: Scizor|U-turn|p2a: Corviknight
|-resisted|p2a: Corviknight
|-damage|p2a: Corviknight|46/100 par
|
|t:|1758347283
|switch|p1a: Slowking|Slowking-Galar, F|79/100|[from] U-turn
|move|p2a: Corviknight|Body Press|p1a: Slowking
|-resisted|p1a: Slowking
|-damage|p1a: Slowking|72/100
|
|upkeep
|turn|49
|
|t:|1758347288
|-prepare|p1a: Slowking|Chilly Reception|[premajor]
|move|p1a: Slowking|Chilly Reception|p1a: Slowking
|-weather|Snowscape
|
|t:|1758347290
|switch|p1a: Scizor|Scizor, M|13/100|[from] Chilly Reception
|move|p2a: Corviknight|Roost|p2a: Corviknight
|-heal|p2a: Corviknight|96/100 par
|-singleturn|p2a: Corviknight|move: Roost
|
|-weather|Snowscape|[upkeep]
|upkeep
|turn|50
|-message|basedraybans forfeited.
|
|win|ccncn123
|raw|basedraybans's rating: 1309 &rarr; <strong>1289</strong><br />(-20 for losing)
|raw|ccncn123's rating: 1313 &rarr; <strong>1333</strong><br />(+20 for winning)
|l|☆basedraybans
|player|p1|
|l|☆ccncn123
|player|p2|
