|j|☆aaron200589
|j|☆Chico737
|t:|1758277186
|gametype|singles
|player|p1|aaron200589|giovanni|1236
|player|p2|Chico737|1|1277
|gen|9
|tier|[Gen 9] OU
|rated|
|rule|HP Percentage Mod: HP is shown in percentages
|rule|Endless Battle Clause: Forcing endless battles is banned
|rule|Species Clause: Limit one of each Pokémon
|rule|OHKO Clause: OHKO moves are banned
|rule|Evasion Items Clause: Evasion items are banned
|rule|Evasion Moves Clause: Evasion moves are banned
|rule|Evasion Abilities Clause: Evasion abilities are banned
|rule|Sleep Moves Clause: Sleep-inducing moves are banned
|clearpoke
|poke|p1|Alomomola, F|
|poke|p1|Torkoal, M|
|poke|p1|Walking Wake|
|poke|p1|Great Tusk|
|poke|p1|Leafeon, M|
|poke|p1|Skeledirge, M|
|poke|p2|Cinderace, F|
|poke|p2|Empoleon, M|
|poke|p2|Ribombee, F|
|poke|p2|Serperior, F|
|poke|p2|Kingambit, M|
|poke|p2|Wigglytuff, M|
|teampreview
|inactive|Battle timer is ON: inactive players will automatically lose when time's up. (requested by Chico737)
|
|t:|1758277199
|teamsize|p1|6
|teamsize|p2|6
|start
|switch|p1a: Torkoal|Torkoal, M|100/100
|switch|p2a: Ribombee|Ribombee, F|100/100
|-weather|SunnyDay|[from] ability: Drought|[of] p1a: Torkoal
|turn|1
|
|t:|1758277208
|move|p2a: Ribombee|Stun Spore|p1a: Torkoal|[miss]
|-miss|p2a: Ribombee|p1a: Torkoal
|move|p1a: Torkoal|Shell Smash|p1a: Torkoal
|-unboost|p1a: Torkoal|def|1
|-unboost|p1a: Torkoal|spd|1
|-boost|p1a: Torkoal|atk|2
|-boost|p1a: Torkoal|spa|2
|-boost|p1a: Torkoal|spe|2
|-enditem|p1a: Torkoal|Eject Pack
|
|t:|1758277217
|switch|p1a: Leafeon|Leafeon, M|100/100
|
|-weather|SunnyDay|[upkeep]
|upkeep
|turn|2
|
|t:|1758277225
|move|p1a: Leafeon|Copycat|p1a: Leafeon
|move|p1a: Leafeon|Shell Smash|p1a: Leafeon|[from] move: Copycat
|-unboost|p1a: Leafeon|def|1
|-unboost|p1a: Leafeon|spd|1
|-boost|p1a: Leafeon|atk|2
|-boost|p1a: Leafeon|spa|2
|-boost|p1a: Leafeon|spe|2
|-enditem|p1a: Leafeon|White Herb
|-clearnegativeboost|p1a: Leafeon|[silent]
|move|p2a: Ribombee|Sticky Web|p1a: Leafeon
|-sidestart|p1: aaron200589|move: Sticky Web
|
|-weather|SunnyDay|[upkeep]
|upkeep
|turn|3
|
|t:|1758277245
|move|p1a: Leafeon|Calm Mind|p1a: Leafeon
|-boost|p1a: Leafeon|spa|1
|-boost|p1a: Leafeon|spd|1
|move|p2a: Ribombee|Stun Spore|p1a: Leafeon
|-immune|p1a: Leafeon
|
|-weather|SunnyDay|[upkeep]
|upkeep
|turn|4
|
|t:|1758277253
|move|p1a: Leafeon|Calm Mind|p1a: Leafeon
|-boost|p1a: Leafeon|spa|1
|-boost|p1a: Leafeon|spd|1
|move|p2a: Ribombee|Moonblast|p1a: Leafeon
|-damage|p1a: Leafeon|66/100
|
|-weather|SunnyDay|[upkeep]
|upkeep
|turn|5
|
|t:|1758277262
|move|p1a: Leafeon|Copycat|p1a: Leafeon
|move|p1a: Leafeon|Moonblast|p2a: Ribombee|[from] move: Copycat
|-enditem|p2a: Ribombee|Focus Sash
|-damage|p2a: Ribombee|1/100
|move|p2a: Ribombee|Moonblast|p1a: Leafeon
|-damage|p1a: Leafeon|32/100
|
|-weather|none
|upkeep
|turn|6
|
|t:|1758277276
|move|p1a: Leafeon|Copycat|p1a: Leafeon
|move|p1a: Leafeon|Moonblast|p2a: Ribombee|[from] move: Copycat
|-damage|p2a: Ribombee|0 fnt
|faint|p2a: Ribombee
|
|upkeep
|
|t:|1758277288
|switch|p2a: Wigglytuff|Wigglytuff, M|100/100
|turn|7
|
|t:|1758277293
|move|p1a: Leafeon|Giga Drain|p2a: Wigglytuff
|-damage|p2a: Wigglytuff|33/100
|-heal|p1a: Leafeon|93/100|[from] drain|[of] p2a: Wigglytuff
|move|p2a: Wigglytuff|Alluring Voice|p1a: Leafeon
|-damage|p1a: Leafeon|64/100
|
|upkeep
|turn|8
|
|t:|1758277300
|move|p1a: Leafeon|Giga Drain|p2a: Wigglytuff
|-damage|p2a: Wigglytuff|0 fnt
|-heal|p1a: Leafeon|93/100|[from] drain|[of] p2a: Wigglytuff
|faint|p2a: Wigglytuff
|
|upkeep
|
|t:|1758277306
|switch|p2a: Cinderace|Cinderace, F|100/100
|turn|9
|
|t:|1758277311
|move|p1a: Leafeon|Stored Power|p2a: Cinderace
|-damage|p2a: Cinderace|0 fnt
|faint|p2a: Cinderace
|
|upkeep
|-message|Chico737 forfeited.
|
|win|aaron200589
|raw|aaron200589's rating: 1236 &rarr; <strong>1264</strong><br />(+28 for winning)
|raw|Chico737's rating: 1277 &rarr; <strong>1249</strong><br />(-28 for losing)
|l|☆Chico737
|player|p2|
