|j|☆tury0611
|j|☆MeWhen69
|t:|1758315537
|gametype|singles
|player|p1|tury0611|hilda-wonderlauncher|1067
|player|p2|MeWhen69|dawn|1014
|gen|9
|tier|[Gen 9] OU
|rated|
|rule|HP Percentage Mod: HP is shown in percentages
|rule|Endless Battle Clause: Forcing endless battles is banned
|rule|Species Clause: Limit one of each Pokémon
|rule|OHKO Clause: OHKO moves are banned
|rule|Evasion Items Clause: Evasion items are banned
|rule|Evasion Moves Clause: Evasion moves are banned
|rule|Evasion Abilities Clause: Evasion abilities are banned
|rule|Sleep Moves Clause: Sleep-inducing moves are banned
|clearpoke
|poke|p1|Typhlosion, F|
|poke|p1|Rillaboom, M|
|poke|p1|Altaria, M|
|poke|p1|Garchomp, F|
|poke|p1|Glimmora, F|
|poke|p1|Avalugg-Hisui, M|
|poke|p2|Skarmory, M|
|poke|p2|Hatterene, F|
|poke|p2|Dondozo, M|
|poke|p2|Zamazenta-*|
|poke|p2|Scizor, M|
|poke|p2|Kingambit, F|
|teampreview
|inactive|Battle timer is ON: inactive players will automatically lose when time's up. (requested by tury0611)
|
|t:|1758315547
|teamsize|p1|6
|teamsize|p2|6
|start
|switch|p1a: Garchomp|Garchomp, F|100/100
|switch|p2a: Skarmory|Skarmory, M|100/100
|turn|1
|
|t:|1758315556
|move|p1a: Garchomp|Stealth Rock|p2a: Skarmory
|-sidestart|p2: MeWhen69|move: Stealth Rock
|move|p2a: Skarmory|Stealth Rock|p1a: Garchomp
|-sidestart|p1: tury0611|move: Stealth Rock
|
|upkeep
|turn|2
|
|t:|1758315560
|move|p1a: Garchomp|Spikes|p2a: Skarmory
|-sidestart|p2: MeWhen69|Spikes
|move|p2a: Skarmory|Spikes|p1a: Garchomp
|-sidestart|p1: tury0611|Spikes
|
|upkeep
|turn|3
|
|t:|1758315568
|move|p1a: Garchomp|Spikes|p2a: Skarmory
|-sidestart|p2: MeWhen69|Spikes
|move|p2a: Skarmory|Whirlwind|p1a: Garchomp
|drag|p1a: Rillaboom|Rillaboom, M|100/100
|-damage|p1a: Rillaboom|88/100|[from] Stealth Rock
|-damage|p1a: Rillaboom|76/100|[from] Spikes
|-fieldstart|move: Grassy Terrain|[from] ability: Grassy Surge|[of] p1a: Rillaboom
|
|-heal|p1a: Rillaboom|82/100|[from] Grassy Terrain
|upkeep
|turn|4
|
|t:|1758315579
|move|p1a: Rillaboom|U-turn|p2a: Skarmory
|-resisted|p2a: Skarmory
|-damage|p2a: Skarmory|93/100
|
|t:|1758315584
|switch|p1a: Glimmora|Glimmora, F|100/100|[from] U-turn
|-damage|p1a: Glimmora|88/100|[from] Stealth Rock
|-damage|p1a: Glimmora|76/100|[from] Spikes
|move|p2a: Skarmory|Whirlwind|p1a: Glimmora
|drag|p1a: Avalugg|Avalugg-Hisui, M|100/100
|-damage|p1a: Avalugg|76/100|[from] Stealth Rock
|-item|p1a: Avalugg|Air Balloon
|
|-heal|p2a: Skarmory|99/100|[from] item: Leftovers
|upkeep
|turn|5
|c|☆MeWhen69|setter vs setter
|
|t:|1758315598
|move|p1a: Avalugg|Avalanche|p2a: Skarmory
|-damage|p2a: Skarmory|71/100
|move|p2a: Skarmory|Whirlwind|p1a: Avalugg
|drag|p1a: Glimmora|Glimmora, F|76/100
|-damage|p1a: Glimmora|63/100|[from] Stealth Rock
|-damage|p1a: Glimmora|51/100|[from] Spikes
|
|-heal|p1a: Glimmora|57/100|[from] Grassy Terrain
|-heal|p2a: Skarmory|77/100|[from] item: Leftovers
|upkeep
|turn|6
|
|t:|1758315608
|move|p1a: Glimmora|Toxic Spikes|p2a: Skarmory
|-sidestart|p2: MeWhen69|move: Toxic Spikes
|move|p2a: Skarmory|Whirlwind|p1a: Glimmora
|drag|p1a: Altaria|Altaria, M|100/100
|-damage|p1a: Altaria|76/100|[from] Stealth Rock
|
|-heal|p1a: Altaria|82/100|[from] item: Leftovers
|-heal|p2a: Skarmory|83/100|[from] item: Leftovers
|upkeep
|turn|7
|
|t:|1758315637
|move|p1a: Altaria|Mist|p1a: Altaria
|-sidestart|p1: tury0611|Mist
|move|p2a: Skarmory|Whirlwind|p1a: Altaria
|drag|p1a: Garchomp|Garchomp, F|100/100
|-damage|p1a: Garchomp|94/100|[from] Stealth Rock
|-damage|p1a: Garchomp|82/100|[from] Spikes
|
|-heal|p1a: Garchomp|88/100|[from] Grassy Terrain
|-heal|p2a: Skarmory|89/100|[from] item: Leftovers
|-fieldend|move: Grassy Terrain
|upkeep
|turn|8
|
|t:|1758315653
|move|p2a: Skarmory|Spikes|p1a: Garchomp
|-sidestart|p1: tury0611|Spikes
|move|p1a: Garchomp|Dragon Tail|p2a: Skarmory
|-resisted|p2a: Skarmory
|-damage|p2a: Skarmory|79/100
|drag|p2a: Scizor|Scizor, M|100/100
|-damage|p2a: Scizor|88/100|[from] Stealth Rock
|-damage|p2a: Scizor|72/100|[from] Spikes
|
|-heal|p2a: Scizor|78/100|[from] item: Leftovers
|upkeep
|turn|9
|
|t:|1758315671
|move|p1a: Garchomp|Earthquake|p2a: Scizor
|-damage|p2a: Scizor|32/100
|move|p2a: Scizor|Knock Off|p1a: Garchomp
|-damage|p1a: Garchomp|67/100
|-damage|p2a: Scizor|20/100|[from] ability: Rough Skin|[of] p1a: Garchomp
|-damage|p2a: Scizor|3/100|[from] item: Rocky Helmet|[of] p1a: Garchomp
|-enditem|p1a: Garchomp|Rocky Helmet|[from] move: Knock Off|[of] p2a: Scizor
|
|-heal|p2a: Scizor|10/100|[from] item: Leftovers
|upkeep
|turn|10
|
|t:|1758315684
|move|p1a: Garchomp|Earthquake|p2a: Scizor
|-damage|p2a: Scizor|0 fnt
|faint|p2a: Scizor
|
|upkeep
|
|t:|1758315688
|switch|p2a: Skarmory|Skarmory, M|79/100
|-damage|p2a: Skarmory|67/100|[from] Stealth Rock
|turn|11
|
|t:|1758315693
|move|p1a: Garchomp|Spikes|p2a: Skarmory
|-sidestart|p2: MeWhen69|Spikes
|move|p2a: Skarmory|Whirlwind|p1a: Garchomp
|drag|p1a: Altaria|Altaria, M|82/100
|-damage|p1a: Altaria|57/100|[from] Stealth Rock
|
|-heal|p1a: Altaria|63/100|[from] item: Leftovers
|-heal|p2a: Skarmory|73/100|[from] item: Leftovers
|-sideend|p1: tury0611|Mist
|upkeep
|turn|12
|
|t:|1758315702
|move|p1a: Altaria|Mist|p1a: Altaria
|-sidestart|p1: tury0611|Mist
|move|p2a: Skarmory|Spikes|p1a: Altaria
|-sidestart|p1: tury0611|Spikes
|
|-heal|p1a: Altaria|69/100|[from] item: Leftovers
|-heal|p2a: Skarmory|79/100|[from] item: Leftovers
|upkeep
|turn|13
|
|t:|1758315716
|move|p1a: Altaria|Defog|p2a: Skarmory
|-unboost|p2a: Skarmory|evasion|1
|-sideend|p2: MeWhen69|Spikes|[from] move: Defog|[of] p1a: Altaria
|-sideend|p2: MeWhen69|Toxic Spikes|[from] move: Defog|[of] p1a: Altaria
|-sideend|p2: MeWhen69|Stealth Rock|[from] move: Defog|[of] p1a: Altaria
|-sideend|p1: tury0611|Spikes|[from] move: Defog|[of] p1a: Altaria
|-sideend|p1: tury0611|Stealth Rock|[from] move: Defog|[of] p1a: Altaria
|move|p2a: Skarmory|Whirlwind|p1a: Altaria
|drag|p1a: Rillaboom|Rillaboom, M|82/100
|-fieldstart|move: Grassy Terrain|[from] ability: Grassy Surge|[of] p1a: Rillaboom
|
|-heal|p1a: Rillaboom|88/100|[from] Grassy Terrain
|-heal|p2a: Skarmory|85/100|[from] item: Leftovers
|upkeep
|turn|14
|
|t:|1758315726
|move|p1a: Rillaboom|Knock Off|p2a: Skarmory
|-damage|p2a: Skarmory|44/100
|-enditem|p2a: Skarmory|Leftovers|[from] move: Knock Off|[of] p1a: Rillaboom
|move|p2a: Skarmory|Stealth Rock|p1a: Rillaboom
|-sidestart|p1: tury0611|move: Stealth Rock
|
|-heal|p1a: Rillaboom|94/100|[from] Grassy Terrain
|upkeep
|turn|15
|
|t:|1758315734
|move|p1a: Rillaboom|Knock Off|p2a: Skarmory
|-damage|p2a: Skarmory|17/100
|move|p2a: Skarmory|Roost|p2a: Skarmory
|-heal|p2a: Skarmory|67/100
|-singleturn|p2a: Skarmory|move: Roost
|
|-heal|p1a: Rillaboom|100/100|[from] Grassy Terrain
|-heal|p2a: Skarmory|73/100|[from] Grassy Terrain
|upkeep
|turn|16
|
|t:|1758315748
|move|p1a: Rillaboom|Knock Off|p2a: Skarmory
|-damage|p2a: Skarmory|47/100
|move|p2a: Skarmory|Roost|p2a: Skarmory
|-heal|p2a: Skarmory|97/100
|-singleturn|p2a: Skarmory|move: Roost
|
|-heal|p2a: Skarmory|100/100|[from] Grassy Terrain
|-sideend|p1: tury0611|Mist
|upkeep
|turn|17
|
|t:|1758315757
|move|p1a: Rillaboom|Knock Off|p2a: Skarmory
|-damage|p2a: Skarmory|73/100
|move|p2a: Skarmory|Spikes|p1a: Rillaboom
|-sidestart|p1: tury0611|Spikes
|
|-fieldend|move: Grassy Terrain
|upkeep
|turn|18
|
|t:|1758315767
|move|p1a: Rillaboom|Knock Off|p2a: Skarmory
|-damage|p2a: Skarmory|44/100
|move|p2a: Skarmory|Whirlwind|p1a: Rillaboom
|drag|p1a: Typhlosion|Typhlosion, F|100/100
|-damage|p1a: Typhlosion|76/100|[from] Stealth Rock
|-damage|p1a: Typhlosion|63/100|[from] Spikes
|
|upkeep
|turn|19
|
|t:|1758315776
|-terastallize|p2a: Skarmory|Dragon
|move|p1a: Typhlosion|Eruption|p2a: Skarmory
|-resisted|p2a: Skarmory
|-damage|p2a: Skarmory|24/100
|move|p2a: Skarmory|Roost|p2a: Skarmory
|-heal|p2a: Skarmory|74/100
|
|upkeep
|turn|20
|
|t:|1758315788
|switch|p1a: Avalugg|Avalugg-Hisui, M|76/100
|-damage|p1a: Avalugg|51/100|[from] Stealth Rock
|-item|p1a: Avalugg|Air Balloon
|move|p2a: Skarmory|Spikes|p1a: Avalugg
|-sidestart|p1: tury0611|Spikes
|
|upkeep
|turn|21
|
|t:|1758315799
|move|p1a: Avalugg|Avalanche|p2a: Skarmory
|-supereffective|p2a: Skarmory
|-damage|p2a: Skarmory|20/100
|move|p2a: Skarmory|Whirlwind|p1a: Avalugg
|drag|p1a: Typhlosion|Typhlosion, F|63/100
|-damage|p1a: Typhlosion|38/100|[from] Stealth Rock
|-damage|p1a: Typhlosion|22/100|[from] Spikes
|
|upkeep
|turn|22
|
|t:|1758315807
|move|p1a: Typhlosion|Extrasensory|p2a: Skarmory
|-damage|p2a: Skarmory|0 fnt
|faint|p2a: Skarmory
|
|upkeep
|
|t:|1758315816
|switch|p2a: Dondozo|Dondozo, M|100/100
|turn|23
|
|t:|1758315824
|move|p1a: Typhlosion|Extrasensory|p2a: Dondozo
|-damage|p2a: Dondozo|80/100
|move|p2a: Dondozo|Curse|p2a: Dondozo
|-unboost|p2a: Dondozo|spe|1
|-boost|p2a: Dondozo|atk|1
|-boost|p2a: Dondozo|def|1
|
|-heal|p2a: Dondozo|86/100|[from] item: Leftovers
|upkeep
|turn|24
|
|t:|1758315832
|move|p1a: Typhlosion|Extrasensory|p2a: Dondozo
|-damage|p2a: Dondozo|67/100
|move|p2a: Dondozo|Curse|p2a: Dondozo
|-unboost|p2a: Dondozo|spe|1
|-boost|p2a: Dondozo|atk|1
|-boost|p2a: Dondozo|def|1
|
|-heal|p2a: Dondozo|73/100|[from] item: Leftovers
|upkeep
|turn|25
|
|t:|1758315841
|move|p1a: Typhlosion|Extrasensory|p2a: Dondozo
|-damage|p2a: Dondozo|52/100
|move|p2a: Dondozo|Waterfall|p1a: Typhlosion
|-supereffective|p1a: Typhlosion
|-damage|p1a: Typhlosion|0 fnt
|faint|p1a: Typhlosion
|
|-heal|p2a: Dondozo|58/100|[from] item: Leftovers
|upkeep
|
|t:|1758315846
|switch|p1a: Avalugg|Avalugg-Hisui, M|51/100
|-damage|p1a: Avalugg|26/100|[from] Stealth Rock
|-item|p1a: Avalugg|Air Balloon
|turn|26
|
|t:|1758315852
|move|p2a: Dondozo|Waterfall|p1a: Avalugg
|-supereffective|p1a: Avalugg
|-damage|p1a: Avalugg|0 fnt
|-enditem|p1a: Avalugg|Air Balloon
|faint|p1a: Avalugg
|
|-heal|p2a: Dondozo|64/100|[from] item: Leftovers
|upkeep
|
|t:|1758315858
|switch|p1a: Garchomp|Garchomp, F|67/100
|-damage|p1a: Garchomp|61/100|[from] Stealth Rock
|-damage|p1a: Garchomp|45/100|[from] Spikes
|turn|27
|
|t:|1758315863
|move|p2a: Dondozo|Avalanche|p1a: Garchomp
|-supereffective|p1a: Garchomp
|-damage|p1a: Garchomp|0 fnt
|-damage|p2a: Dondozo|52/100|[from] ability: Rough Skin|[of] p1a: Garchomp
|faint|p1a: Garchomp
|
|-heal|p2a: Dondozo|58/100|[from] item: Leftovers
|upkeep
|
|t:|1758315866
|switch|p1a: Altaria|Altaria, M|69/100
|-damage|p1a: Altaria|45/100|[from] Stealth Rock
|turn|28
|
|t:|1758315873
|move|p1a: Altaria|Defog|p2a: Dondozo
|-unboost|p2a: Dondozo|evasion|1
|-sideend|p1: tury0611|Spikes|[from] move: Defog|[of] p1a: Altaria
|-sideend|p1: tury0611|Stealth Rock|[from] move: Defog|[of] p1a: Altaria
|move|p2a: Dondozo|Avalanche|p1a: Altaria
|-supereffective|p1a: Altaria
|-damage|p1a: Altaria|0 fnt
|faint|p1a: Altaria
|
|-heal|p2a: Dondozo|64/100|[from] item: Leftovers
|upkeep
|
|t:|1758315876
|switch|p1a: Glimmora|Glimmora, F|57/100
|turn|29
|
|t:|1758315886
|-terastallize|p1a: Glimmora|Flying
|move|p1a: Glimmora|Meteor Beam||[still]
|-prepare|p1a: Glimmora|Meteor Beam
|-boost|p1a: Glimmora|spa|1
|-enditem|p1a: Glimmora|Power Herb
|-anim|p1a: Glimmora|Meteor Beam|p2a: Dondozo
|-damage|p2a: Dondozo|26/100
|move|p2a: Dondozo|Waterfall|p1a: Glimmora
|-damage|p1a: Glimmora|0 fnt
|-activate|p1a: Glimmora|ability: Toxic Debris
|-sidestart|p2: MeWhen69|move: Toxic Spikes
|faint|p1a: Glimmora
|
|-heal|p2a: Dondozo|32/100|[from] item: Leftovers
|upkeep
|
|t:|1758315893
|switch|p1a: Rillaboom|Rillaboom, M|100/100
|-fieldstart|move: Grassy Terrain|[from] ability: Grassy Surge|[of] p1a: Rillaboom
|turn|30
|
|t:|1758315901
|move|p1a: Rillaboom|Wood Hammer|p2a: Dondozo
|-supereffective|p2a: Dondozo
|-damage|p2a: Dondozo|0 fnt
|faint|p2a: Dondozo
|-damage|p1a: Rillaboom|87/100|[from] Recoil
|
|-heal|p1a: Rillaboom|93/100|[from] Grassy Terrain
|upkeep
|
|t:|1758315914
|switch|p2a: Hatterene|Hatterene, F|100/100
|-status|p2a: Hatterene|psn
|turn|31
|
|t:|1758315921
|move|p1a: Rillaboom|Wood Hammer|p2a: Hatterene
|-damage|p2a: Hatterene|0 fnt
|faint|p2a: Hatterene
|-damage|p1a: Rillaboom|62/100|[from] Recoil
|
|-heal|p1a: Rillaboom|69/100|[from] Grassy Terrain
|upkeep
|
|t:|1758315928
|switch|p2a: Zamazenta|Zamazenta|100/100
|-status|p2a: Zamazenta|psn
|-ability|p2a: Zamazenta|Dauntless Shield|boost
|-boost|p2a: Zamazenta|def|1
|turn|32
|
|t:|1758315936
|move|p2a: Zamazenta|Iron Defense|p2a: Zamazenta
|-boost|p2a: Zamazenta|def|2
|move|p1a: Rillaboom|Wood Hammer|p2a: Zamazenta
|-damage|p2a: Zamazenta|61/100 psn
|-damage|p1a: Rillaboom|54/100|[from] Recoil
|
|-heal|p2a: Zamazenta|67/100 psn|[from] Grassy Terrain
|-heal|p2a: Zamazenta|73/100 psn|[from] item: Leftovers
|-heal|p1a: Rillaboom|60/100|[from] Grassy Terrain
|-damage|p2a: Zamazenta|61/100 psn|[from] psn
|upkeep
|turn|33
|
|t:|1758315959
|move|p2a: Zamazenta|Body Press|p1a: Rillaboom
|-damage|p1a: Rillaboom|0 fnt
|faint|p1a: Rillaboom
|
|win|MeWhen69
|raw|tury0611's rating: 1067 &rarr; <strong>1044</strong><br />(-23 for losing)
|raw|MeWhen69's rating: 1014 &rarr; <strong>1058</strong><br />(+44 for winning)
|c|☆MeWhen69|gg
|l|☆tury0611
|player|p1|
