|j|☆LousiV
|j|☆hoihouh
|t:|1758347922
|gametype|singles
|player|p1|LousiV|170|1147
|player|p2|hoihouh|1|1156
|gen|9
|tier|[Gen 9] OU
|rated|
|rule|HP Percentage Mod: HP is shown in percentages
|rule|Endless Battle Clause: Forcing endless battles is banned
|rule|Species Clause: Limit one of each Pokémon
|rule|OHKO Clause: OHKO moves are banned
|rule|Evasion Items Clause: Evasion items are banned
|rule|Evasion Moves Clause: Evasion moves are banned
|rule|Evasion Abilities Clause: Evasion abilities are banned
|rule|Sleep Moves Clause: Sleep-inducing moves are banned
|clearpoke
|poke|p1|Staraptor, M|
|poke|p1|Cetitan, F|
|poke|p1|Azumarill, M|
|poke|p1|Abomasnow, M|
|poke|p1|Slowking, F|
|poke|p1|Sandy Shocks|
|poke|p2|Ogerpon-Wellspring, F|
|poke|p2|Raging Bolt|
|poke|p2|Ting-Lu|
|poke|p2|Gholdengo|
|poke|p2|Kingambit, M|
|poke|p2|Garganacl, F|
|teampreview
|inactive|Battle timer is ON: inactive players will automatically lose when time's up. (requested by LousiV)
|inactive|hoihouh has 120 seconds left.
|l|☆LousiV
|inactive|LousiV disconnected and has a minute to reconnect!
|player|p1|
|j|☆LousiV
|inactive|LousiV reconnected.
|player|p1|LousiV|170|
|inactive|hoihouh has 90 seconds left.
|
|t:|1758347991
|teamsize|p1|6
|teamsize|p2|6
|start
|switch|p1a: Abomasnow|Abomasnow, M|100/100
|switch|p2a: Ogerpon|Ogerpon-Wellspring, F|100/100
|-weather|Snowscape|[from] ability: Snow Warning|[of] p1a: Abomasnow
|turn|1
|
|t:|1758348004
|move|p2a: Ogerpon|Knock Off|p1a: Abomasnow
|-damage|p1a: Abomasnow|71/100
|-enditem|p1a: Abomasnow|Assault Vest|[from] move: Knock Off|[of] p2a: Ogerpon
|move|p1a: Abomasnow|Avalanche|p2a: Ogerpon
|-damage|p2a: Ogerpon|35/100
|
|-weather|Snowscape|[upkeep]
|upkeep
|turn|2
|
|t:|1758348026
|move|p2a: Ogerpon|U-turn|p1a: Abomasnow
|-supereffective|p1a: Abomasnow
|-damage|p1a: Abomasnow|28/100
|
|t:|1758348032
|switch|p2a: Kingambit|Kingambit, M|100/100|[from] U-turn
|move|p1a: Abomasnow|Leaf Storm|p2a: Kingambit
|-resisted|p2a: Kingambit
|-damage|p2a: Kingambit|75/100
|-unboost|p1a: Abomasnow|spa|2
|
|-weather|Snowscape|[upkeep]
|-heal|p2a: Kingambit|81/100|[from] item: Leftovers
|upkeep
|turn|3
|
|t:|1758348038
|switch|p1a: Azumarill|Azumarill, M|100/100
|move|p2a: Kingambit|Swords Dance|p2a: Kingambit
|-boost|p2a: Kingambit|atk|2
|
|-weather|Snowscape|[upkeep]
|-heal|p2a: Kingambit|87/100|[from] item: Leftovers
|upkeep
|turn|4
|
|t:|1758348043
|move|p2a: Kingambit|Iron Head|p1a: Azumarill
|-damage|p1a: Azumarill|11/100
|move|p1a: Azumarill|Liquidation|p2a: Kingambit
|-damage|p2a: Kingambit|37/100
|
|-weather|Snowscape|[upkeep]
|-heal|p2a: Kingambit|43/100|[from] item: Leftovers
|upkeep
|turn|5
|
|t:|1758348047
|move|p1a: Azumarill|Aqua Jet|p2a: Kingambit
|-damage|p2a: Kingambit|21/100
|move|p2a: Kingambit|Iron Head|p1a: Azumarill
|-damage|p1a: Azumarill|0 fnt
|faint|p1a: Azumarill
|
|-weather|none
|-heal|p2a: Kingambit|27/100|[from] item: Leftovers
|upkeep
|
|t:|1758348058
|switch|p1a: Sandy Shocks|Sandy Shocks|100/100
|turn|6
|
|t:|1758348073
|move|p2a: Kingambit|Sucker Punch|p1a: Sandy Shocks
|-damage|p1a: Sandy Shocks|6/100
|move|p1a: Sandy Shocks|Volt Switch|p2a: Kingambit
|-damage|p2a: Kingambit|0 fnt
|faint|p2a: Kingambit
|-end|p2a: Kingambit|fallenundefined|[silent]
|
|t:|1758348077
|-end|p1a: Sandy Shocks|Protosynthesis|[silent]
|switch|p1a: Slowking|Slowking, F|100/100|[from] Volt Switch
|
|upkeep
|
|t:|1758348082
|switch|p2a: Raging Bolt|Raging Bolt|100/100
|-enditem|p2a: Raging Bolt|Booster Energy
|-activate|p2a: Raging Bolt|ability: Protosynthesis|[fromitem]
|-start|p2a: Raging Bolt|protosynthesisspa
|turn|7
|
|t:|1758348085
|move|p2a: Raging Bolt|Calm Mind|p2a: Raging Bolt
|-boost|p2a: Raging Bolt|spa|1
|-boost|p2a: Raging Bolt|spd|1
|move|p1a: Slowking|Future Sight|p2a: Raging Bolt
|-start|p1a: Slowking|move: Future Sight
|
|upkeep
|turn|8
|
|t:|1758348090
|move|p2a: Raging Bolt|Thunderbolt|p1a: Slowking
|-supereffective|p1a: Slowking
|-damage|p1a: Slowking|0 fnt
|faint|p1a: Slowking
|
|upkeep
|
|t:|1758348093
|switch|p1a: Cetitan|Cetitan, F|100/100
|turn|9
|
|t:|1758348096
|move|p2a: Raging Bolt|Thunderbolt|p1a: Cetitan
|-damage|p1a: Cetitan|0 fnt
|faint|p1a: Cetitan
|
|-end|p2a: Raging Bolt|move: Future Sight
|-damage|p2a: Raging Bolt|73/100
|upkeep
|
|t:|1758348102
|switch|p1a: Staraptor|Staraptor, M|100/100
|turn|10
|
|t:|1758348122
|-terastallize|p1a: Staraptor|Flying
|move|p2a: Raging Bolt|Thunderclap|p1a: Staraptor
|-supereffective|p1a: Staraptor
|-damage|p1a: Staraptor|0 fnt
|faint|p1a: Staraptor
|
|upkeep
|l|☆LousiV
|inactive|LousiV disconnected and has a minute to reconnect!
|player|p1|
|inactive|LousiV has 30 seconds to reconnect!
|inactive|LousiV has 20 seconds to reconnect!
|inactive|LousiV has 15 seconds to reconnect!
|inactive|LousiV has 10 seconds to reconnect!
|inactive|LousiV has 5 seconds to reconnect!
|-message|LousiV lost due to inactivity.
|
|win|hoihouh
|raw|LousiV's rating: 1147 &rarr; <strong>1123</strong><br />(-24 for losing)
|raw|hoihouh's rating: 1156 &rarr; <strong>1180</strong><br />(+24 for winning)
|l|☆hoihouh
|player|p2|
