|j|☆gigapoophater
|j|☆Evening Sheep
|t:|1758324279
|gametype|singles
|player|p1|gigapoophater|swimmer|1079
|player|p2|Evening Sheep|iris|1127
|gen|9
|tier|[Gen 9] OU
|rated|
|rule|HP Percentage Mod: HP is shown in percentages
|rule|Endless Battle Clause: Forcing endless battles is banned
|rule|Species Clause: Limit one of each Pokémon
|rule|OHKO Clause: OHKO moves are banned
|rule|Evasion Items Clause: Evasion items are banned
|rule|Evasion Moves Clause: Evasion moves are banned
|rule|Evasion Abilities Clause: Evasion abilities are banned
|rule|Sleep Moves Clause: Sleep-inducing moves are banned
|clearpoke
|poke|p1|Cryogonal|
|poke|p1|Magnezone|
|poke|p1|Garchomp, F|
|poke|p1|Orthworm, F|
|poke|p1|Chandelure, F|
|poke|p1|Iron Boulder|
|poke|p2|Torkoal, M|
|poke|p2|Hatterene, F|
|poke|p2|Raging Bolt|
|poke|p2|Slither Wing|
|poke|p2|Venusaur, M|
|poke|p2|Walking Wake|
|teampreview
|inactive|Battle timer is ON: inactive players will automatically lose when time's up. (requested by gigapoophater)
|
|t:|1758324300
|teamsize|p1|6
|teamsize|p2|6
|start
|switch|p1a: Garchomp|Garchomp, F|100/100
|switch|p2a: Torkoal|Torkoal, M|100/100
|-weather|SunnyDay|[from] ability: Drought|[of] p2a: Torkoal
|turn|1
|inactive|Evening Sheep has 120 seconds left.
|
|t:|1758324330
|switch|p2a: Hatterene|Hatterene, F|100/100
|-item|p2a: Hatterene|Air Balloon
|move|p1a: Garchomp|Earthquake|p2a: Hatterene
|-immune|p2a: Hatterene
|
|-weather|SunnyDay|[upkeep]
|upkeep
|turn|2
|
|t:|1758324339
|switch|p1a: Cryogonal|Cryogonal|100/100
|move|p2a: Hatterene|Dazzling Gleam|p1a: Cryogonal
|-damage|p1a: Cryogonal|88/100
|
|-weather|SunnyDay|[upkeep]
|upkeep
|turn|3
|inactive|Evening Sheep has 120 seconds left.
|
|t:|1758324359
|switch|p2a: Walking Wake|Walking Wake|100/100
|-activate|p2a: Walking Wake|ability: Protosynthesis
|-start|p2a: Walking Wake|protosynthesisspe
|move|p1a: Cryogonal|Ancient Power|p2a: Walking Wake
|-damage|p2a: Walking Wake|85/100
|
|-weather|SunnyDay|[upkeep]
|upkeep
|turn|4
|inactive|Evening Sheep has 120 seconds left.
|
|t:|1758324369
|move|p2a: Walking Wake|Weather Ball|p1a: Cryogonal
|-supereffective|p1a: Cryogonal
|-damage|p1a: Cryogonal|44/100
|move|p1a: Cryogonal|Freeze-Dry|p2a: Walking Wake
|-supereffective|p2a: Walking Wake
|-damage|p2a: Walking Wake|0 fnt
|faint|p2a: Walking Wake
|-end|p2a: Walking Wake|Protosynthesis|[silent]
|
|-weather|SunnyDay|[upkeep]
|upkeep
|inactive|Evening Sheep has 120 seconds left.
|
|t:|1758324386
|switch|p2a: Venusaur|Venusaur, M|100/100
|turn|5
|
|t:|1758324397
|move|p2a: Venusaur|Weather Ball|p1a: Cryogonal
|-supereffective|p1a: Cryogonal
|-damage|p1a: Cryogonal|2/100
|-damage|p2a: Venusaur|91/100|[from] item: Life Orb
|move|p1a: Cryogonal|Freeze-Dry|p2a: Venusaur
|-supereffective|p2a: Venusaur
|-crit|p2a: Venusaur
|-damage|p2a: Venusaur|0 fnt
|faint|p2a: Venusaur
|
|-weather|SunnyDay|[upkeep]
|upkeep
|inactive|Evening Sheep has 90 seconds left.
|
|t:|1758324422
|switch|p2a: Raging Bolt|Raging Bolt|100/100
|-activate|p2a: Raging Bolt|ability: Protosynthesis
|-start|p2a: Raging Bolt|protosynthesisspa
|turn|6
|
|t:|1758324434
|-terastallize|p1a: Cryogonal|Ground
|move|p2a: Raging Bolt|Thunderclap|p1a: Cryogonal
|-immune|p1a: Cryogonal
|move|p1a: Cryogonal|Tera Blast|p2a: Raging Bolt|[anim] Tera Blast Ground
|-supereffective|p2a: Raging Bolt
|-damage|p2a: Raging Bolt|46/100
|
|-weather|SunnyDay|[upkeep]
|upkeep
|turn|7
|-message|Evening Sheep forfeited.
|
|win|gigapoophater
|raw|gigapoophater's rating: 1079 &rarr; <strong>1111</strong><br />(+32 for winning)
|raw|Evening Sheep's rating: 1127 &rarr; <strong>1099</strong><br />(-28 for losing)
|l|☆Evening Sheep
|player|p2|
