|j|☆LOUSINETCOKI
|j|☆lowgear
|t:|1758284816
|gametype|singles
|player|p1|LOUSINETCOKI|2|1482
|player|p2|lowgear|ltsurge|1443
|gen|9
|tier|[Gen 9] OU
|rated|
|rule|HP Percentage Mod: HP is shown in percentages
|rule|Endless Battle Clause: Forcing endless battles is banned
|rule|Species Clause: Limit one of each Pokémon
|rule|OHKO Clause: OHKO moves are banned
|rule|Evasion Items Clause: Evasion items are banned
|rule|Evasion Moves Clause: Evasion moves are banned
|rule|Evasion Abilities Clause: Evasion abilities are banned
|rule|Sleep Moves Clause: Sleep-inducing moves are banned
|clearpoke
|poke|p1|Torkoal, F|
|poke|p1|Hatterene, F|
|poke|p1|Walking Wake|
|poke|p1|Iron Moth|
|poke|p1|Great Tusk|
|poke|p1|Lilligant-Hisui, F|
|poke|p2|Tyranitar, M|
|poke|p2|Gholdengo|
|poke|p2|Zamazenta-*|
|poke|p2|Rillaboom, M|
|poke|p2|Garchomp, M|
|poke|p2|Zapdos|
|teampreview
|inactive|Battle timer is ON: inactive players will automatically lose when time's up. (requested by LOUSINETCOKI)
|
|t:|1758284842
|teamsize|p1|6
|teamsize|p2|6
|start
|switch|p1a: Torkoal|Torkoal, F|100/100
|switch|p2a: Gholdengo|Gholdengo|100/100
|-item|p2a: Gholdengo|Air Balloon
|-weather|SunnyDay|[from] ability: Drought|[of] p1a: Torkoal
|turn|1
|inactive|lowgear has 120 seconds left.
|
|t:|1758284874
|switch|p2a: Tyranitar|Tyranitar, M|100/100
|-weather|Sandstorm|[from] ability: Sand Stream|[of] p2a: Tyranitar
|move|p1a: Torkoal|Stealth Rock|p2a: Tyranitar
|-sidestart|p2: lowgear|move: Stealth Rock
|
|-weather|Sandstorm|[upkeep]
|-damage|p1a: Torkoal|94/100|[from] Sandstorm
|upkeep
|turn|2
|
|t:|1758284882
|switch|p1a: Great Tusk|Great Tusk|100/100
|move|p2a: Tyranitar|Knock Off|p1a: Great Tusk
|-resisted|p1a: Great Tusk
|-damage|p1a: Great Tusk|86/100
|-damage|p2a: Tyranitar|84/100|[from] item: Rocky Helmet|[of] p1a: Great Tusk
|-enditem|p1a: Great Tusk|Rocky Helmet|[from] move: Knock Off|[of] p2a: Tyranitar
|
|-weather|Sandstorm|[upkeep]
|upkeep
|turn|3
|inactive|lowgear has 120 seconds left.
|
|t:|1758284900
|switch|p2a: Zapdos|Zapdos|100/100
|move|p1a: Great Tusk|Knock Off|p2a: Zapdos
|-damage|p2a: Zapdos|74/100
|-status|p1a: Great Tusk|par|[from] ability: Static|[of] p2a: Zapdos
|-enditem|p2a: Zapdos|Heavy-Duty Boots|[from] move: Knock Off|[of] p1a: Great Tusk
|
|-weather|Sandstorm|[upkeep]
|-damage|p2a: Zapdos|67/100|[from] Sandstorm
|upkeep
|turn|4
|
|t:|1758284919
|-end|p1a: Great Tusk|Protosynthesis|[silent]
|switch|p1a: Walking Wake|Walking Wake|100/100
|move|p2a: Zapdos|Roost|p2a: Zapdos
|-heal|p2a: Zapdos|100/100
|-singleturn|p2a: Zapdos|move: Roost
|
|-weather|Sandstorm|[upkeep]
|-damage|p1a: Walking Wake|94/100|[from] Sandstorm
|-damage|p2a: Zapdos|94/100|[from] Sandstorm
|upkeep
|turn|5
|inactive|lowgear has 120 seconds left.
|inactive|lowgear has 90 seconds left.
|
|t:|1758284966
|-end|p1a: Walking Wake|Protosynthesis|[silent]
|switch|p1a: Great Tusk|Great Tusk|86/100 par
|switch|p2a: Tyranitar|Tyranitar, M|84/100
|
|-weather|none
|upkeep
|turn|6
|inactive|lowgear has 90 seconds left.
|
|t:|1758284985
|switch|p2a: Zamazenta|Zamazenta|100/100
|-ability|p2a: Zamazenta|Dauntless Shield|boost
|-boost|p2a: Zamazenta|def|1
|-end|p1a: Great Tusk|Protosynthesis|[silent]
|switch|p1a: Walking Wake|Walking Wake|94/100
|
|upkeep
|turn|7
|inactive|lowgear has 90 seconds left.
|
|t:|1758285000
|move|p2a: Zamazenta|Close Combat|p1a: Walking Wake
|-crit|p1a: Walking Wake
|-damage|p1a: Walking Wake|0 fnt
|-unboost|p2a: Zamazenta|def|1
|-unboost|p2a: Zamazenta|spd|1
|faint|p1a: Walking Wake
|-end|p1a: Walking Wake|Protosynthesis|[silent]
|
|upkeep
|
|t:|1758285007
|switch|p1a: Torkoal|Torkoal, F|94/100
|-weather|SunnyDay|[from] ability: Drought|[of] p1a: Torkoal
|turn|8
|inactive|lowgear has 90 seconds left.
|
|t:|1758285024
|switch|p1a: Lilligant|Lilligant-Hisui, F|100/100
|move|p2a: Zamazenta|Close Combat|p1a: Lilligant
|-damage|p1a: Lilligant|16/100
|-unboost|p2a: Zamazenta|def|1
|-unboost|p2a: Zamazenta|spd|1
|
|-weather|SunnyDay|[upkeep]
|upkeep
|turn|9
|inactive|lowgear has 90 seconds left.
|
|t:|1758285032
|move|p1a: Lilligant|Solar Blade||[still]
|-prepare|p1a: Lilligant|Solar Blade
|-anim|p1a: Lilligant|Solar Blade|p2a: Zamazenta
|-damage|p2a: Zamazenta|0 fnt
|faint|p2a: Zamazenta
|-damage|p1a: Lilligant|6/100|[from] item: Life Orb
|
|-weather|SunnyDay|[upkeep]
|upkeep
|inactive|lowgear has 90 seconds left.
|
|t:|1758285042
|switch|p2a: Rillaboom|Rillaboom, M|100/100
|-fieldstart|move: Grassy Terrain|[from] ability: Grassy Surge|[of] p2a: Rillaboom
|turn|10
|
|t:|1758285048
|switch|p1a: Iron Moth|Iron Moth|100/100
|-enditem|p1a: Iron Moth|Booster Energy
|-activate|p1a: Iron Moth|ability: Quark Drive|[fromitem]
|-start|p1a: Iron Moth|quarkdrivespe
|move|p2a: Rillaboom|Grassy Glide|p1a: Iron Moth
|-resisted|p1a: Iron Moth
|-damage|p1a: Iron Moth|83/100
|
|-weather|SunnyDay|[upkeep]
|-heal|p1a: Iron Moth|89/100|[from] Grassy Terrain
|upkeep
|turn|11
|
|t:|1758285057
|switch|p2a: Tyranitar|Tyranitar, M|84/100
|-weather|Sandstorm|[from] ability: Sand Stream|[of] p2a: Tyranitar
|move|p1a: Iron Moth|Fiery Dance|p2a: Tyranitar
|-resisted|p2a: Tyranitar
|-damage|p2a: Tyranitar|72/100
|-boost|p1a: Iron Moth|spa|1
|
|-weather|Sandstorm|[upkeep]
|-damage|p1a: Iron Moth|83/100|[from] Sandstorm
|-heal|p1a: Iron Moth|89/100|[from] Grassy Terrain
|-heal|p2a: Tyranitar|78/100|[from] Grassy Terrain
|upkeep
|turn|12
|
|t:|1758285072
|-terastallize|p1a: Iron Moth|Grass
|move|p1a: Iron Moth|Energy Ball|p2a: Tyranitar
|-supereffective|p2a: Tyranitar
|-damage|p2a: Tyranitar|0 fnt
|faint|p2a: Tyranitar
|
|-weather|Sandstorm|[upkeep]
|-damage|p1a: Iron Moth|83/100|[from] Sandstorm
|-heal|p1a: Iron Moth|89/100|[from] Grassy Terrain
|upkeep
|inactive|lowgear has 90 seconds left.
|
|t:|1758285097
|switch|p2a: Garchomp|Garchomp, M|100/100
|-damage|p2a: Garchomp|94/100|[from] Stealth Rock
|turn|13
|inactive|lowgear has 90 seconds left.
|
|t:|1758285109
|-end|p1a: Iron Moth|Quark Drive|[silent]
|switch|p1a: Torkoal|Torkoal, F|94/100
|-weather|SunnyDay|[from] ability: Drought|[of] p1a: Torkoal
|move|p2a: Garchomp|Dragon Tail|p1a: Torkoal
|-damage|p1a: Torkoal|80/100
|drag|p1a: Hatterene|Hatterene, F|100/100
|
|-weather|SunnyDay|[upkeep]
|-heal|p2a: Garchomp|100/100|[from] Grassy Terrain
|upkeep
|turn|14
|inactive|lowgear has 90 seconds left.
|
|t:|1758285127
|move|p2a: Garchomp|Spikes|p1a: Hatterene
|move|p1a: Hatterene|Spikes|p2a: Garchomp|[from] ability: Magic Bounce
|-sidestart|p2: lowgear|Spikes
|move|p1a: Hatterene|Nuzzle|p2a: Garchomp
|-immune|p2a: Garchomp
|
|-weather|SunnyDay|[upkeep]
|-fieldend|move: Grassy Terrain
|upkeep
|turn|15
|inactive|lowgear has 60 seconds left.
|
|t:|1758285180
|move|p2a: Garchomp|Earthquake|p1a: Hatterene
|-damage|p1a: Hatterene|53/100
|-enditem|p1a: Hatterene|Eject Button
|
|t:|1758285196
|switch|p1a: Iron Moth|Iron Moth, tera:Grass|89/100
|
|-weather|SunnyDay|[upkeep]
|upkeep
|turn|16
|
|t:|1758285204
|move|p1a: Iron Moth|Energy Ball|p2a: Garchomp
|-damage|p2a: Garchomp|55/100
|-unboost|p2a: Garchomp|spd|1
|move|p2a: Garchomp|Dragon Tail|p1a: Iron Moth
|-crit|p1a: Iron Moth
|-damage|p1a: Iron Moth|23/100
|-end|p1a: Iron Moth|Quark Drive|[silent]
|drag|p1a: Lilligant|Lilligant-Hisui, F|6/100
|
|-weather|SunnyDay|[upkeep]
|upkeep
|turn|17
|inactive|lowgear has 30 seconds left.
|
|t:|1758285236
|move|p1a: Lilligant|Triple Axel|p2a: Garchomp
|-supereffective|p2a: Garchomp
|-damage|p2a: Garchomp|34/100
|-damage|p1a: Lilligant|0 fnt|[from] ability: Rough Skin|[of] p2a: Garchomp
|faint|p1a: Lilligant
|-hitcount|p2a: Garchomp|1
|move|p2a: Garchomp|Earthquake|p1: Lilligant|[notarget]
|-fail|p2a: Garchomp
|
|-weather|SunnyDay|[upkeep]
|upkeep
|
|t:|1758285246
|switch|p1a: Iron Moth|Iron Moth, tera:Grass|23/100
|turn|18
|
|t:|1758285252
|move|p1a: Iron Moth|Energy Ball|p2a: Garchomp
|-damage|p2a: Garchomp|0 fnt
|faint|p2a: Garchomp
|
|-weather|SunnyDay|[upkeep]
|upkeep
|inactive|lowgear has 30 seconds left.
|inactive|lowgear has 20 seconds left.
|inactive|lowgear has 15 seconds left.
|
|t:|1758285284
|switch|p2a: Rillaboom|Rillaboom, M|100/100
|-fieldstart|move: Grassy Terrain|[from] ability: Grassy Surge|[of] p2a: Rillaboom
|turn|19
|inactive|lowgear has 25 seconds left this turn.
|inactive|LOUSINETCOKI has 120 seconds left.
|
|t:|1758285316
|-end|p1a: Iron Moth|Quark Drive|[silent]
|switch|p1a: Hatterene|Hatterene, F|53/100
|-terastallize|p2a: Rillaboom|Grass
|move|p2a: Rillaboom|Grassy Glide|p1a: Hatterene
|-damage|p1a: Hatterene|0 fnt
|faint|p1a: Hatterene
|
|-weather|SunnyDay|[upkeep]
|upkeep
|inactive|LOUSINETCOKI has 120 seconds left.
|
|t:|1758285325
|switch|p1a: Torkoal|Torkoal, F|80/100
|turn|20
|inactive|lowgear has 30 seconds left.
|inactive|lowgear has 20 seconds left.
|inactive|lowgear has 15 seconds left.
|inactive|lowgear has 10 seconds left.
|inactive|lowgear has 5 seconds left.
|-message|lowgear lost due to inactivity.
|
|win|LOUSINETCOKI
|raw|LOUSINETCOKI's rating: 1482 &rarr; <strong>1500</strong><br />(+18 for winning)
|raw|lowgear's rating: 1443 &rarr; <strong>1425</strong><br />(-18 for losing)
|l|☆LOUSINETCOKI
|player|p1|
|l|☆lowgear
|player|p2|
