|j|☆rraindancerr
|j|☆brutalshaman
|t:|1758254804
|gametype|singles
|player|p1|rraindancerr|wallace|1325
|player|p2|brutalshaman|blackbelt-gen4dp|1375
|gen|9
|tier|[Gen 9] OU
|rated|
|rule|HP Percentage Mod: HP is shown in percentages
|rule|Endless Battle Clause: Forcing endless battles is banned
|rule|Species Clause: Limit one of each Pokémon
|rule|OHKO Clause: OHKO moves are banned
|rule|Evasion Items Clause: Evasion items are banned
|rule|Evasion Moves Clause: Evasion moves are banned
|rule|Evasion Abilities Clause: Evasion abilities are banned
|rule|Sleep Moves Clause: Sleep-inducing moves are banned
|clearpoke
|poke|p1|Pelipper, M|
|poke|p1|Barraskewda, F|
|poke|p1|Zapdos|
|poke|p1|Ogerpon-Cornerstone, F|
|poke|p1|Iron Treads|
|poke|p1|Hatterene, F|
|poke|p2|Ninetales, F|
|poke|p2|Raging Bolt|
|poke|p2|Hatterene, F|
|poke|p2|Walking Wake|
|poke|p2|Great Tusk|
|poke|p2|Scizor, M|
|teampreview
|inactive|Battle timer is ON: inactive players will automatically lose when time's up. (requested by rraindancerr)
|
|t:|1758254821
|teamsize|p1|6
|teamsize|p2|6
|start
|switch|p1a: Ogerpon|Ogerpon-Cornerstone, F|100/100
|switch|p2a: Great Tusk|Great Tusk, shiny|100/100
|turn|1
|
|t:|1758254837
|move|p1a: Ogerpon|U-turn|p2a: Great Tusk
|-resisted|p2a: Great Tusk
|-damage|p2a: Great Tusk|90/100
|-damage|p1a: Ogerpon|84/100|[from] item: Rocky Helmet|[of] p2a: Great Tusk
|
|t:|1758254839
|switch|p1a: Pelipper|Pelipper, M, shiny|100/100|[from] U-turn
|-weather|RainDance|[from] ability: Drizzle|[of] p1a: Pelipper
|move|p2a: Great Tusk|Rapid Spin|p1a: Pelipper
|-damage|p1a: Pelipper|88/100
|-boost|p2a: Great Tusk|spe|1
|
|-weather|RainDance|[upkeep]
|upkeep
|turn|2
|
|t:|1758254850
|-end|p2a: Great Tusk|Protosynthesis|[silent]
|switch|p2a: Ninetales|Ninetales, F, shiny|100/100
|-weather|SunnyDay|[from] ability: Drought|[of] p2a: Ninetales
|move|p1a: Pelipper|U-turn|p2a: Ninetales
|-resisted|p2a: Ninetales
|-damage|p2a: Ninetales|95/100
|
|t:|1758254853
|switch|p1a: Ogerpon|Ogerpon-Cornerstone, F|84/100|[from] U-turn
|
|-weather|SunnyDay|[upkeep]
|upkeep
|turn|3
|
|t:|1758254866
|switch|p2a: Scizor|Scizor, M|100/100
|move|p1a: Ogerpon|Ivy Cudgel|p2a: Scizor|[anim] Ivy Cudgel Rock
|-damage|p2a: Scizor|40/100
|
|-weather|SunnyDay|[upkeep]
|upkeep
|turn|4
|
|t:|1758254870
|move|p2a: Scizor|Bullet Punch|p1a: Ogerpon
|-supereffective|p1a: Ogerpon
|-damage|p1a: Ogerpon|0 fnt
|faint|p1a: Ogerpon
|
|-weather|SunnyDay|[upkeep]
|upkeep
|
|t:|1758254876
|switch|p1a: Barraskewda|Barraskewda, F|100/100
|turn|5
|
|t:|1758254882
|switch|p2a: Walking Wake|Walking Wake|100/100
|-activate|p2a: Walking Wake|ability: Protosynthesis
|-start|p2a: Walking Wake|protosynthesisspe
|move|p1a: Barraskewda|Liquidation|p2a: Walking Wake
|-resisted|p2a: Walking Wake
|-damage|p2a: Walking Wake|93/100
|
|-weather|SunnyDay|[upkeep]
|upkeep
|turn|6
|
|t:|1758254895
|move|p2a: Walking Wake|Hydro Steam|p1a: Barraskewda
|-resisted|p1a: Barraskewda
|-damage|p1a: Barraskewda|6/100
|move|p1a: Barraskewda|Flip Turn|p2a: Walking Wake
|-resisted|p2a: Walking Wake
|-damage|p2a: Walking Wake|88/100
|
|t:|1758254899
|switch|p1a: Pelipper|Pelipper, M, shiny|88/100|[from] Flip Turn
|-weather|RainDance|[from] ability: Drizzle|[of] p1a: Pelipper
|-end|p2a: Walking Wake|Protosynthesis
|
|-weather|RainDance|[upkeep]
|upkeep
|turn|7
|
|t:|1758254907
|move|p2a: Walking Wake|Hydro Steam|p1a: Pelipper
|-resisted|p1a: Pelipper
|-damage|p1a: Pelipper|25/100
|move|p1a: Pelipper|Hurricane|p2a: Walking Wake
|-damage|p2a: Walking Wake|44/100
|
|-weather|RainDance|[upkeep]
|upkeep
|turn|8
|
|t:|1758254911
|switch|p1a: Hatterene|Hatterene, F, shiny|100/100
|move|p2a: Walking Wake|Hydro Steam|p1a: Hatterene
|-damage|p1a: Hatterene|0 fnt
|faint|p1a: Hatterene
|
|-weather|RainDance|[upkeep]
|upkeep
|
|t:|1758254920
|switch|p1a: Zapdos|Zapdos, shiny|100/100
|turn|9
|
|t:|1758254924
|-end|p2a: Walking Wake|Protosynthesis|[silent]
|switch|p2a: Ninetales|Ninetales, F, shiny|95/100
|-weather|SunnyDay|[from] ability: Drought|[of] p2a: Ninetales
|move|p1a: Zapdos|Thunder|p2a: Ninetales
|-damage|p2a: Ninetales|39/100
|-status|p2a: Ninetales|par
|
|-weather|SunnyDay|[upkeep]
|upkeep
|turn|10
|
|t:|1758254945
|switch|p2a: Raging Bolt|Raging Bolt|100/100
|-activate|p2a: Raging Bolt|ability: Protosynthesis
|-start|p2a: Raging Bolt|protosynthesisspa
|move|p1a: Zapdos|Hurricane|p2a: Raging Bolt|[miss]
|-miss|p1a: Zapdos|p2a: Raging Bolt
|
|-weather|SunnyDay|[upkeep]
|upkeep
|turn|11
|-message|rraindancerr forfeited.
|
|win|brutalshaman
|raw|rraindancerr's rating: 1325 &rarr; <strong>1308</strong><br />(-17 for losing)
|raw|brutalshaman's rating: 1375 &rarr; <strong>1392</strong><br />(+17 for winning)
|l|☆rraindancerr
|player|p1|
