|j|☆Sercod_ITA
|j|☆bishop1
|t:|1758272954
|gametype|singles
|player|p1|Sercod_ITA|elesa|1460
|player|p2|bishop1|265|1527
|gen|9
|tier|[Gen 9] OU
|rated|
|rule|HP Percentage Mod: HP is shown in percentages
|rule|Endless Battle Clause: Forcing endless battles is banned
|rule|Species Clause: Limit one of each Pokémon
|rule|OHKO Clause: OHKO moves are banned
|rule|Evasion Items Clause: Evasion items are banned
|rule|Evasion Moves Clause: Evasion moves are banned
|rule|Evasion Abilities Clause: Evasion abilities are banned
|rule|Sleep Moves Clause: Sleep-inducing moves are banned
|clearpoke
|poke|p1|Thundurus-Therian, M|
|poke|p1|Kyurem|
|poke|p1|Excadrill, M|
|poke|p1|Greninja-*, M|
|poke|p1|Enamorus, F|
|poke|p1|Conkeldurr, F|
|poke|p2|Zamazenta-*|
|poke|p2|Ninetales-Alola, F|
|poke|p2|Darkrai|
|poke|p2|Ceruledge, M|
|poke|p2|Gliscor, M|
|poke|p2|Hatterene, F|
|teampreview
|
|t:|1758272974
|teamsize|p1|6
|teamsize|p2|6
|start
|switch|p1a: Enamorus|Enamorus, F|100/100
|switch|p2a: Ninetales|Ninetales-Alola, F|100/100
|-weather|Snowscape|[from] ability: Snow Warning|[of] p2a: Ninetales
|turn|1
|
|t:|1758272981
|move|p2a: Ninetales|Aurora Veil|p2a: Ninetales
|-sidestart|p2: bishop1|move: Aurora Veil
|move|p1a: Enamorus|Moonblast|p2a: Ninetales
|-damage|p2a: Ninetales|67/100
|-damage|p1a: Enamorus|91/100|[from] item: Life Orb
|
|-weather|Snowscape|[upkeep]
|upkeep
|turn|2
|
|t:|1758272995
|move|p2a: Ninetales|Freeze-Dry|p1a: Enamorus
|-supereffective|p1a: Enamorus
|-crit|p1a: Enamorus
|-damage|p1a: Enamorus|4/100
|move|p1a: Enamorus|Moonblast|p2a: Ninetales
|-damage|p2a: Ninetales|31/100
|-damage|p1a: Enamorus|0 fnt|[from] item: Life Orb
|faint|p1a: Enamorus
|
|-weather|Snowscape|[upkeep]
|upkeep
|
|t:|1758273005
|switch|p1a: Greninja|Greninja, M|100/100
|turn|3
|
|t:|1758273008
|switch|p2a: Hatterene|Hatterene, F|100/100
|move|p1a: Greninja|Sludge Wave|p2a: Hatterene
|-supereffective|p2a: Hatterene
|-damage|p2a: Hatterene|61/100
|-status|p2a: Hatterene|psn
|-damage|p1a: Greninja|91/100|[from] item: Life Orb
|
|-weather|Snowscape|[upkeep]
|-heal|p2a: Hatterene|67/100 psn|[from] item: Leftovers
|-damage|p2a: Hatterene|54/100 psn|[from] psn
|upkeep
|turn|4
|
|t:|1758273017
|switch|p1a: Excadrill|Excadrill, M|100/100
|-ability|p1a: Excadrill|Mold Breaker
|move|p2a: Hatterene|Draining Kiss|p1a: Excadrill
|-resisted|p1a: Excadrill
|-damage|p1a: Excadrill|87/100
|-heal|p2a: Hatterene|67/100 psn|[from] drain|[of] p1a: Excadrill
|
|-weather|Snowscape|[upkeep]
|-heal|p2a: Hatterene|73/100 psn|[from] item: Leftovers
|-damage|p2a: Hatterene|60/100 psn|[from] psn
|upkeep
|turn|5
|
|t:|1758273022
|move|p1a: Excadrill|Stealth Rock|p2a: Hatterene
|-sidestart|p2: bishop1|move: Stealth Rock
|move|p2a: Hatterene|Mystical Fire|p1a: Excadrill
|-supereffective|p1a: Excadrill
|-damage|p1a: Excadrill|28/100
|-unboost|p1a: Excadrill|spa|1
|
|-weather|none
|-heal|p2a: Hatterene|66/100 psn|[from] item: Leftovers
|-damage|p2a: Hatterene|54/100 psn|[from] psn
|upkeep
|turn|6
|
|t:|1758273027
|switch|p2a: Gliscor|Gliscor, M|100/100
|-damage|p2a: Gliscor|88/100|[from] Stealth Rock
|move|p1a: Excadrill|Iron Head|p2a: Gliscor
|-damage|p2a: Gliscor|72/100
|
|-status|p2a: Gliscor|tox|[from] item: Toxic Orb
|upkeep
|turn|7
|
|t:|1758273035
|switch|p1a: Thundurus|Thundurus-Therian, M|100/100
|move|p2a: Gliscor|Agility|p2a: Gliscor
|-boost|p2a: Gliscor|spe|2
|
|-heal|p2a: Gliscor|84/100 tox|[from] ability: Poison Heal
|upkeep
|turn|8
|
|t:|1758273042
|-terastallize|p1a: Thundurus|Flying
|move|p2a: Gliscor|Swords Dance|p2a: Gliscor
|-boost|p2a: Gliscor|atk|2
|move|p1a: Thundurus|Tera Blast|p2a: Gliscor|[anim] Tera Blast Flying
|-damage|p2a: Gliscor|50/100 tox
|
|-heal|p2a: Gliscor|62/100 tox|[from] ability: Poison Heal
|-sideend|p2: bishop1|move: Aurora Veil
|upkeep
|turn|9
|
|t:|1758273059
|switch|p1a: Excadrill|Excadrill, M|28/100
|-ability|p1a: Excadrill|Mold Breaker
|-terastallize|p2a: Gliscor|Normal
|move|p2a: Gliscor|Facade|p1a: Excadrill
|-resisted|p1a: Excadrill
|-damage|p1a: Excadrill|0 fnt
|faint|p1a: Excadrill
|
|-heal|p2a: Gliscor|75/100 tox|[from] ability: Poison Heal
|upkeep
|
|t:|1758273062
|switch|p1a: Conkeldurr|Conkeldurr, F|100/100
|turn|10
|
|t:|1758273065
|move|p1a: Conkeldurr|Mach Punch|p2a: Gliscor
|-supereffective|p2a: Gliscor
|-damage|p2a: Gliscor|31/100 tox
|move|p2a: Gliscor|Facade|p1a: Conkeldurr
|-damage|p1a: Conkeldurr|16/100
|
|-heal|p2a: Gliscor|44/100 tox|[from] ability: Poison Heal
|upkeep
|turn|11
|
|t:|1758273073
|move|p1a: Conkeldurr|Mach Punch|p2a: Gliscor
|-supereffective|p2a: Gliscor
|-damage|p2a: Gliscor|0 fnt
|faint|p2a: Gliscor
|
|upkeep
|
|t:|1758273088
|switch|p2a: Zamazenta|Zamazenta|100/100
|-damage|p2a: Zamazenta|94/100|[from] Stealth Rock
|-ability|p2a: Zamazenta|Dauntless Shield|boost
|-boost|p2a: Zamazenta|def|1
|turn|12
|
|t:|1758273093
|move|p2a: Zamazenta|Iron Defense|p2a: Zamazenta
|-boost|p2a: Zamazenta|def|2
|move|p1a: Conkeldurr|Drain Punch|p2a: Zamazenta
|-damage|p2a: Zamazenta|75/100
|-heal|p1a: Conkeldurr|23/100|[from] drain|[of] p2a: Zamazenta
|
|upkeep
|turn|13
|
|t:|1758273098
|move|p2a: Zamazenta|Iron Defense|p2a: Zamazenta
|-boost|p2a: Zamazenta|def|2
|move|p1a: Conkeldurr|Drain Punch|p2a: Zamazenta
|-damage|p2a: Zamazenta|61/100
|-heal|p1a: Conkeldurr|29/100|[from] drain|[of] p2a: Zamazenta
|
|upkeep
|turn|14
|
|t:|1758273102
|move|p2a: Zamazenta|Body Press|p1a: Conkeldurr
|-damage|p1a: Conkeldurr|0 fnt
|faint|p1a: Conkeldurr
|
|upkeep
|
|t:|1758273104
|switch|p1a: Thundurus|Thundurus-Therian, M, tera:Flying|100/100
|turn|15
|
|t:|1758273106
|move|p1a: Thundurus|Tera Blast|p2a: Zamazenta|[anim] Tera Blast Flying
|-supereffective|p2a: Zamazenta
|-damage|p2a: Zamazenta|0 fnt
|faint|p2a: Zamazenta
|
|upkeep
|
|t:|1758273118
|switch|p2a: Ceruledge|Ceruledge, M|100/100
|-damage|p2a: Ceruledge|76/100|[from] Stealth Rock
|turn|16
|
|t:|1758273120
|move|p1a: Thundurus|Tera Blast|p2a: Ceruledge|[anim] Tera Blast Flying
|-damage|p2a: Ceruledge|26/100
|move|p2a: Ceruledge|Bitter Blade|p1a: Thundurus
|-damage|p1a: Thundurus|43/100
|-heal|p2a: Ceruledge|51/100|[from] drain|[of] p1a: Thundurus
|
|upkeep
|turn|17
|
|t:|1758273126
|move|p2a: Ceruledge|Shadow Sneak|p1a: Thundurus
|-damage|p1a: Thundurus|18/100
|move|p1a: Thundurus|Tera Blast|p2a: Ceruledge|[anim] Tera Blast Flying
|-damage|p2a: Ceruledge|3/100
|
|upkeep
|turn|18
|
|t:|1758273131
|move|p2a: Ceruledge|Shadow Sneak|p1a: Thundurus
|-damage|p1a: Thundurus|0 fnt
|faint|p1a: Thundurus
|
|upkeep
|
|t:|1758273132
|switch|p1a: Greninja|Greninja, M|91/100
|turn|19
|
|t:|1758273135
|move|p1a: Greninja|Water Shuriken|p2a: Ceruledge
|-supereffective|p2a: Ceruledge
|-damage|p2a: Ceruledge|0 fnt
|faint|p2a: Ceruledge
|-ability|p1a: Greninja|Battle Bond|boost
|-boost|p1a: Greninja|atk|1
|-boost|p1a: Greninja|spa|1
|-boost|p1a: Greninja|spe|1
|-activate|p1a: Greninja|ability: Battle Bond
|-hitcount|p2: Ceruledge|1
|-damage|p1a: Greninja|81/100|[from] item: Life Orb
|
|upkeep
|-message|bishop1 forfeited.
|
|win|Sercod_ITA
|raw|Sercod_ITA's rating: 1460 &rarr; <strong>1484</strong><br />(+24 for winning)
|raw|bishop1's rating: 1527 &rarr; <strong>1503</strong><br />(-24 for losing)
|l|☆bishop1
|player|p2|
|l|☆Sercod_ITA
|player|p1|
