|j|☆BillyJohnsonP
|j|☆FriedAstronauts
|t:|1758231269
|gametype|singles
|player|p1|BillyJohnsonP|plasmagrunt|1163
|player|p2|FriedAstronauts|marlon|1188
|gen|9
|tier|[Gen 9] OU
|rated|
|rule|HP Percentage Mod: HP is shown in percentages
|rule|Endless Battle Clause: Forcing endless battles is banned
|rule|Species Clause: Limit one of each Pokémon
|rule|OHKO Clause: OHKO moves are banned
|rule|Evasion Items Clause: Evasion items are banned
|rule|Evasion Moves Clause: Evasion moves are banned
|rule|Evasion Abilities Clause: Evasion abilities are banned
|rule|Sleep Moves Clause: Sleep-inducing moves are banned
|clearpoke
|poke|p1|Goodra-Hisui, M|
|poke|p1|Greedent, M|
|poke|p1|Umbreon, F|
|poke|p1|Gliscor, M|
|poke|p1|Sylveon, M|
|poke|p1|Gallade, M|
|poke|p2|Zoroark-Hisui, F|
|poke|p2|Ursaluna, F|
|poke|p2|Blissey, F|
|poke|p2|Porygon2|
|poke|p2|Slaking, F|
|poke|p2|Staraptor, M|
|teampreview
|
|t:|1758231277
|teamsize|p1|6
|teamsize|p2|6
|start
|switch|p1a: Goodra|Goodra-Hisui, M|100/100
|switch|p2a: Blissey|Blissey, F|100/100
|turn|1
|inactive|Battle timer is ON: inactive players will automatically lose when time's up. (requested by FriedAstronauts)
|
|t:|1758231283
|switch|p2a: Ursaluna|Ursaluna, F|100/100
|move|p1a: Goodra|Curse|p1a: Goodra
|-unboost|p1a: Goodra|spe|1
|-boost|p1a: Goodra|atk|1
|-boost|p1a: Goodra|def|1
|
|-status|p2a: Ursaluna|brn|[from] item: Flame Orb
|upkeep
|turn|2
|
|t:|1758231290
|move|p2a: Ursaluna|Swords Dance|p2a: Ursaluna
|-boost|p2a: Ursaluna|atk|2
|move|p1a: Goodra|Dragon Claw|p2a: Ursaluna
|-damage|p2a: Ursaluna|56/100 brn
|
|-damage|p2a: Ursaluna|50/100 brn|[from] brn
|upkeep
|turn|3
|
|t:|1758231295
|move|p2a: Ursaluna|Drain Punch|p1a: Goodra
|-supereffective|p1a: Goodra
|-damage|p1a: Goodra|0 fnt
|-heal|p2a: Ursaluna|90/100 brn|[from] drain|[of] p1a: Goodra
|faint|p1a: Goodra
|
|-damage|p2a: Ursaluna|84/100 brn|[from] brn
|upkeep
|
|t:|1758231301
|switch|p1a: Gliscor|Gliscor, M|100/100
|turn|4
|
|t:|1758231306
|move|p1a: Gliscor|Protect|p1a: Gliscor
|-singleturn|p1a: Gliscor|Protect
|move|p2a: Ursaluna|Facade|p1a: Gliscor
|-activate|p1a: Gliscor|move: Protect
|
|-damage|p2a: Ursaluna|78/100 brn|[from] brn
|-status|p1a: Gliscor|tox|[from] item: Toxic Orb
|upkeep
|turn|5
|
|t:|1758231312
|move|p1a: Gliscor|Facade|p2a: Ursaluna
|-damage|p2a: Ursaluna|57/100 brn
|move|p2a: Ursaluna|Drain Punch|p1a: Gliscor
|-resisted|p1a: Gliscor
|-damage|p1a: Gliscor|72/100 tox
|-heal|p2a: Ursaluna|68/100 brn|[from] drain|[of] p1a: Gliscor
|
|-heal|p1a: Gliscor|85/100 tox|[from] ability: Poison Heal
|-damage|p2a: Ursaluna|62/100 brn|[from] brn
|upkeep
|turn|6
|
|t:|1758231319
|move|p1a: Gliscor|Protect|p1a: Gliscor
|-singleturn|p1a: Gliscor|Protect
|move|p2a: Ursaluna|Swords Dance|p2a: Ursaluna
|-boost|p2a: Ursaluna|atk|2
|
|-heal|p1a: Gliscor|97/100 tox|[from] ability: Poison Heal
|-damage|p2a: Ursaluna|56/100 brn|[from] brn
|upkeep
|turn|7
|
|t:|1758231323
|move|p1a: Gliscor|Earthquake|p2a: Ursaluna
|-damage|p2a: Ursaluna|33/100 brn
|move|p2a: Ursaluna|Facade|p1a: Gliscor
|-damage|p1a: Gliscor|0 fnt
|faint|p1a: Gliscor
|
|-damage|p2a: Ursaluna|27/100 brn|[from] brn
|upkeep
|
|t:|1758231327
|switch|p1a: Umbreon|Umbreon, F|100/100
|turn|8
|
|t:|1758231333
|move|p1a: Umbreon|Protect|p1a: Umbreon
|-singleturn|p1a: Umbreon|Protect
|move|p2a: Ursaluna|Drain Punch|p1a: Umbreon
|-activate|p1a: Umbreon|move: Protect
|
|-damage|p2a: Ursaluna|21/100 brn|[from] brn
|upkeep
|turn|9
|
|t:|1758231335
|move|p1a: Umbreon|Foul Play|p2a: Ursaluna
|-damage|p2a: Ursaluna|0 fnt
|faint|p2a: Ursaluna
|
|upkeep
|
|t:|1758231338
|switch|p2a: Staraptor|Staraptor, M|100/100
|-ability|p2a: Staraptor|Intimidate|boost
|-unboost|p1a: Umbreon|atk|1
|turn|10
|
|t:|1758231342
|move|p2a: Staraptor|Close Combat|p1a: Umbreon
|-supereffective|p1a: Umbreon
|-damage|p1a: Umbreon|28/100
|-unboost|p2a: Staraptor|def|1
|-unboost|p2a: Staraptor|spd|1
|move|p1a: Umbreon|Toxic|p2a: Staraptor
|-status|p2a: Staraptor|tox
|
|-heal|p1a: Umbreon|35/100|[from] item: Leftovers
|-damage|p2a: Staraptor|94/100 tox|[from] psn
|upkeep
|turn|11
|
|t:|1758231347
|switch|p2a: Blissey|Blissey, F|100/100
|move|p1a: Umbreon|Protect||[still]
|-fail|p1a: Umbreon
|
|-heal|p1a: Umbreon|41/100|[from] item: Leftovers
|upkeep
|turn|12
|
|t:|1758231351
|move|p2a: Blissey|Hyper Voice|p1a: Umbreon
|-damage|p1a: Umbreon|19/100
|move|p1a: Umbreon|Moonlight|p1a: Umbreon
|-heal|p1a: Umbreon|69/100
|
|-heal|p1a: Umbreon|75/100|[from] item: Leftovers
|upkeep
|turn|13
|
|t:|1758231359
|switch|p2a: Staraptor|Staraptor, M|94/100 tox
|-ability|p2a: Staraptor|Intimidate|boost
|-unboost|p1a: Umbreon|atk|1
|switch|p1a: Sylveon|Sylveon, M|100/100
|
|-damage|p2a: Staraptor|88/100 tox|[from] psn
|upkeep
|turn|14
|
|t:|1758231363
|move|p2a: Staraptor|Brave Bird|p1a: Sylveon
|-damage|p1a: Sylveon|25/100
|-damage|p2a: Staraptor|57/100 tox|[from] Recoil
|move|p1a: Sylveon|Hyper Voice|p2a: Staraptor
|-damage|p2a: Staraptor|0 fnt
|faint|p2a: Staraptor
|
|upkeep
|
|t:|1758231366
|switch|p2a: Blissey|Blissey, F|100/100
|turn|15
|
|t:|1758231374
|switch|p1a: Gallade|Gallade, M|100/100
|move|p2a: Blissey|Nasty Plot|p2a: Blissey
|-boost|p2a: Blissey|spa|2
|
|upkeep
|turn|16
|
|t:|1758231380
|move|p2a: Blissey|Shadow Ball|p1a: Gallade
|-supereffective|p1a: Gallade
|-damage|p1a: Gallade|0 fnt
|faint|p1a: Gallade
|
|upkeep
|
|t:|1758231384
|switch|p1a: Umbreon|Umbreon, F|75/100
|turn|17
|
|t:|1758231390
|move|p2a: Blissey|Nasty Plot|p2a: Blissey
|-boost|p2a: Blissey|spa|2
|move|p1a: Umbreon|Foul Play|p2a: Blissey
|-supereffective|p2a: Blissey
|-enditem|p2a: Blissey|Focus Sash
|-damage|p2a: Blissey|1/100
|replace|p2a: Zoroark|Zoroark-Hisui, F
|-end|p2a: Zoroark|Illusion
|
|-heal|p1a: Umbreon|81/100|[from] item: Leftovers
|upkeep
|turn|18
|
|t:|1758231403
|move|p2a: Zoroark|Hyper Voice|p1a: Umbreon
|-damage|p1a: Umbreon|15/100
|move|p1a: Umbreon|Foul Play|p2a: Zoroark
|-supereffective|p2a: Zoroark
|-damage|p2a: Zoroark|0 fnt
|faint|p2a: Zoroark
|
|-heal|p1a: Umbreon|21/100|[from] item: Leftovers
|upkeep
|
|t:|1758231408
|switch|p2a: Blissey|Blissey, F|100/100
|turn|19
|
|t:|1758231413
|move|p1a: Umbreon|Moonlight|p1a: Umbreon
|-heal|p1a: Umbreon|71/100
|move|p2a: Blissey|Stealth Rock|p1a: Umbreon
|-sidestart|p1: BillyJohnsonP|move: Stealth Rock
|
|-heal|p1a: Umbreon|77/100|[from] item: Leftovers
|upkeep
|turn|20
|
|t:|1758231425
|move|p1a: Umbreon|Toxic|p2a: Blissey
|-status|p2a: Blissey|tox
|move|p2a: Blissey|Thunder Wave||[still]
|-status|p1a: Umbreon|par
|-activate|p1a: Umbreon|ability: Synchronize
|-fail|p1a: Umbreon
|
|-heal|p1a: Umbreon|83/100 par|[from] item: Leftovers
|-damage|p2a: Blissey|94/100 tox|[from] psn
|upkeep
|turn|21
|
|t:|1758231430
|move|p2a: Blissey|Seismic Toss|p1a: Umbreon
|-damage|p1a: Umbreon|58/100 par
|move|p1a: Umbreon|Foul Play|p2a: Blissey
|-damage|p2a: Blissey|92/100 tox
|
|-heal|p2a: Blissey|98/100 tox|[from] item: Leftovers
|-heal|p1a: Umbreon|64/100 par|[from] item: Leftovers
|-damage|p2a: Blissey|86/100 tox|[from] psn
|upkeep
|turn|22
|
|t:|1758231435
|move|p1a: Umbreon|Protect|p1a: Umbreon
|-singleturn|p1a: Umbreon|Protect
|move|p2a: Blissey|Seismic Toss|p1a: Umbreon
|-activate|p1a: Umbreon|move: Protect
|
|-heal|p2a: Blissey|92/100 tox|[from] item: Leftovers
|-heal|p1a: Umbreon|70/100 par|[from] item: Leftovers
|-damage|p2a: Blissey|73/100 tox|[from] psn
|upkeep
|turn|23
|
|t:|1758231441
|move|p2a: Blissey|Seismic Toss|p1a: Umbreon
|-damage|p1a: Umbreon|45/100 par
|move|p1a: Umbreon|Moonlight|p1a: Umbreon
|-heal|p1a: Umbreon|95/100 par
|
|-heal|p2a: Blissey|79/100 tox|[from] item: Leftovers
|-heal|p1a: Umbreon|100/100 par|[from] item: Leftovers
|-damage|p2a: Blissey|55/100 tox|[from] psn
|upkeep
|turn|24
|
|t:|1758231453
|-curestatus|p2a: Blissey|tox|[from] ability: Natural Cure
|switch|p2a: Slaking|Slaking, F|100/100
|cant|p1a: Umbreon|par
|
|upkeep
|turn|25
|
|t:|1758231456
|move|p2a: Slaking|Giga Impact|p1a: Umbreon
|-damage|p1a: Umbreon|32/100 par
|-mustrecharge|p2a: Slaking
|move|p1a: Umbreon|Toxic|p2a: Slaking
|-status|p2a: Slaking|tox
|
|-heal|p1a: Umbreon|38/100 par|[from] item: Leftovers
|-damage|p2a: Slaking|94/100 tox|[from] psn
|upkeep
|turn|26
|
|t:|1758231462
|cant|p2a: Slaking|recharge
|cant|p1a: Umbreon|par
|
|-heal|p1a: Umbreon|44/100 par|[from] item: Leftovers
|-damage|p2a: Slaking|82/100 tox|[from] psn
|upkeep
|turn|27
|
|t:|1758231467
|switch|p2a: Blissey|Blissey, F|55/100
|move|p1a: Umbreon|Protect||[still]
|-fail|p1a: Umbreon
|
|-heal|p2a: Blissey|61/100|[from] item: Leftovers
|-heal|p1a: Umbreon|50/100 par|[from] item: Leftovers
|upkeep
|turn|28
|
|t:|1758231470
|move|p2a: Blissey|Soft-Boiled|p2a: Blissey
|-heal|p2a: Blissey|100/100
|move|p1a: Umbreon|Moonlight|p1a: Umbreon
|-heal|p1a: Umbreon|99/100 par
|
|-heal|p1a: Umbreon|100/100 par|[from] item: Leftovers
|upkeep
|turn|29
|
|t:|1758231473
|switch|p1a: Greedent|Greedent, M|100/100
|-damage|p1a: Greedent|88/100|[from] Stealth Rock
|move|p2a: Blissey|Seismic Toss|p1a: Greedent
|-damage|p1a: Greedent|66/100
|
|upkeep
|turn|30
|
|t:|1758231489
|move|p2a: Blissey|Thunder Wave|p1a: Greedent
|-status|p1a: Greedent|par
|move|p1a: Greedent|Body Press|p2a: Blissey
|-supereffective|p2a: Blissey
|-damage|p2a: Blissey|70/100
|
|-heal|p2a: Blissey|76/100|[from] item: Leftovers
|upkeep
|turn|31
|
|t:|1758231495
|switch|p2a: Porygon2|Porygon2|100/100
|cant|p1a: Greedent|par
|
|upkeep
|turn|32
|
|t:|1758231498
|switch|p1a: Umbreon|Umbreon, F|100/100 par
|-damage|p1a: Umbreon|88/100 par|[from] Stealth Rock
|move|p2a: Porygon2|Tri Attack|p1a: Umbreon
|-damage|p1a: Umbreon|69/100 par
|
|-heal|p1a: Umbreon|75/100 par|[from] item: Leftovers
|upkeep
|turn|33
|
|t:|1758231502
|move|p2a: Porygon2|Tri Attack|p1a: Umbreon
|-damage|p1a: Umbreon|59/100 par
|move|p1a: Umbreon|Toxic|p2a: Porygon2
|-status|p2a: Porygon2|tox
|
|-heal|p1a: Umbreon|65/100 par|[from] item: Leftovers
|-damage|p2a: Porygon2|94/100 tox|[from] psn
|upkeep
|turn|34
|
|t:|1758231506
|move|p1a: Umbreon|Protect|p1a: Umbreon
|-singleturn|p1a: Umbreon|Protect
|move|p2a: Porygon2|Tri Attack|p1a: Umbreon
|-activate|p1a: Umbreon|move: Protect
|
|-heal|p1a: Umbreon|71/100 par|[from] item: Leftovers
|-damage|p2a: Porygon2|82/100 tox|[from] psn
|upkeep
|turn|35
|
|t:|1758231511
|move|p2a: Porygon2|Tri Attack|p1a: Umbreon
|-damage|p1a: Umbreon|57/100 par
|move|p1a: Umbreon|Foul Play|p2a: Porygon2
|-damage|p2a: Porygon2|71/100 tox
|
|-heal|p1a: Umbreon|63/100 par|[from] item: Leftovers
|-damage|p2a: Porygon2|52/100 tox|[from] psn
|upkeep
|turn|36
|
|t:|1758231519
|move|p2a: Porygon2|Recover|p2a: Porygon2
|-heal|p2a: Porygon2|100/100 tox
|move|p1a: Umbreon|Foul Play|p2a: Porygon2
|-damage|p2a: Porygon2|90/100 tox
|
|-heal|p1a: Umbreon|70/100 par|[from] item: Leftovers
|-damage|p2a: Porygon2|65/100 tox|[from] psn
|upkeep
|turn|37
|
|t:|1758231525
|switch|p2a: Blissey|Blissey, F|76/100
|move|p1a: Umbreon|Moonlight|p1a: Umbreon
|-heal|p1a: Umbreon|100/100 par
|
|-heal|p2a: Blissey|82/100|[from] item: Leftovers
|upkeep
|turn|38
|
|t:|1758231533
|switch|p1a: Greedent|Greedent, M|66/100 par
|-damage|p1a: Greedent|53/100 par|[from] Stealth Rock
|move|p2a: Blissey|Seismic Toss|p1a: Greedent
|-damage|p1a: Greedent|31/100 par
|
|-heal|p2a: Blissey|88/100|[from] item: Leftovers
|upkeep
|turn|39
|
|t:|1758231537
|move|p2a: Blissey|Seismic Toss|p1a: Greedent
|-damage|p1a: Greedent|8/100 par
|-enditem|p1a: Greedent|Aguav Berry|[eat]
|-heal|p1a: Greedent|41/100 par|[from] item: Aguav Berry
|-heal|p1a: Greedent|75/100 par|[from] ability: Cheek Pouch
|cant|p1a: Greedent|par
|
|-heal|p2a: Blissey|94/100|[from] item: Leftovers
|upkeep
|turn|40
|
|t:|1758231545
|move|p2a: Blissey|Seismic Toss|p1a: Greedent
|-damage|p1a: Greedent|52/100 par
|move|p1a: Greedent|Body Slam|p2a: Blissey
|-damage|p2a: Blissey|60/100
|
|-heal|p2a: Blissey|66/100|[from] item: Leftovers
|upkeep
|turn|41
|
|t:|1758231549
|move|p2a: Blissey|Seismic Toss|p1a: Greedent
|-damage|p1a: Greedent|30/100 par
|cant|p1a: Greedent|par
|
|-heal|p2a: Blissey|72/100|[from] item: Leftovers
|upkeep
|turn|42
|
|t:|1758231555
|move|p2a: Blissey|Seismic Toss|p1a: Greedent
|-damage|p1a: Greedent|7/100 par
|move|p1a: Greedent|Earthquake|p2a: Blissey
|-damage|p2a: Blissey|45/100
|
|-heal|p2a: Blissey|51/100|[from] item: Leftovers
|upkeep
|turn|43
|
|t:|1758231560
|move|p2a: Blissey|Seismic Toss|p1a: Greedent
|-damage|p1a: Greedent|0 fnt
|faint|p1a: Greedent
|
|-heal|p2a: Blissey|58/100|[from] item: Leftovers
|upkeep
|
|t:|1758231562
|switch|p1a: Sylveon|Sylveon, M|25/100
|-damage|p1a: Sylveon|12/100|[from] Stealth Rock
|turn|44
|
|t:|1758231565
|move|p2a: Blissey|Seismic Toss|p1a: Sylveon
|-damage|p1a: Sylveon|0 fnt
|faint|p1a: Sylveon
|
|-heal|p2a: Blissey|64/100|[from] item: Leftovers
|upkeep
|
|t:|1758231567
|switch|p1a: Umbreon|Umbreon, F|100/100 par
|-damage|p1a: Umbreon|88/100 par|[from] Stealth Rock
|turn|45
|
|t:|1758231571
|move|p2a: Blissey|Seismic Toss|p1a: Umbreon
|-damage|p1a: Umbreon|63/100 par
|move|p1a: Umbreon|Toxic|p2a: Blissey
|-status|p2a: Blissey|tox
|
|-heal|p2a: Blissey|70/100 tox|[from] item: Leftovers
|-heal|p1a: Umbreon|69/100 par|[from] item: Leftovers
|-damage|p2a: Blissey|64/100 tox|[from] psn
|upkeep
|turn|46
|
|t:|1758231576
|-curestatus|p2a: Blissey|tox|[from] ability: Natural Cure
|switch|p2a: Porygon2|Porygon2|65/100 tox
|move|p1a: Umbreon|Protect||[still]
|-fail|p1a: Umbreon
|
|-heal|p1a: Umbreon|75/100 par|[from] item: Leftovers
|-damage|p2a: Porygon2|59/100 tox|[from] psn
|upkeep
|turn|47
|
|t:|1758231580
|move|p2a: Porygon2|Tri Attack|p1a: Umbreon
|-damage|p1a: Umbreon|59/100 par
|cant|p1a: Umbreon|par
|
|-heal|p1a: Umbreon|65/100 par|[from] item: Leftovers
|-damage|p2a: Porygon2|47/100 tox|[from] psn
|upkeep
|turn|48
|
|t:|1758231585
|cant|p1a: Umbreon|par
|move|p2a: Porygon2|Tri Attack|p1a: Umbreon
|-damage|p1a: Umbreon|44/100 par
|
|-heal|p1a: Umbreon|50/100 par|[from] item: Leftovers
|-damage|p2a: Porygon2|28/100 tox|[from] psn
|upkeep
|turn|49
|
|t:|1758231588
|move|p2a: Porygon2|Tri Attack|p1a: Umbreon
|-damage|p1a: Umbreon|35/100 par
|move|p1a: Umbreon|Moonlight|p1a: Umbreon
|-heal|p1a: Umbreon|85/100 par
|
|-heal|p1a: Umbreon|91/100 par|[from] item: Leftovers
|-damage|p2a: Porygon2|4/100 tox|[from] psn
|upkeep
|turn|50
|
|t:|1758231591
|cant|p1a: Umbreon|par
|move|p2a: Porygon2|Tri Attack|p1a: Umbreon
|-damage|p1a: Umbreon|72/100 par
|
|-heal|p1a: Umbreon|78/100 par|[from] item: Leftovers
|-damage|p2a: Porygon2|0 fnt|[from] psn
|faint|p2a: Porygon2
|upkeep
|
|t:|1758231593
|switch|p2a: Blissey|Blissey, F|64/100
|turn|51
|
|t:|1758231599
|move|p2a: Blissey|Soft-Boiled|p2a: Blissey
|-heal|p2a: Blissey|100/100
|move|p1a: Umbreon|Toxic|p2a: Blissey
|-status|p2a: Blissey|tox
|
|-heal|p1a: Umbreon|84/100 par|[from] item: Leftovers
|-damage|p2a: Blissey|94/100 tox|[from] psn
|upkeep
|turn|52
|
|t:|1758231604
|move|p2a: Blissey|Seismic Toss|p1a: Umbreon
|-damage|p1a: Umbreon|58/100 par
|move|p1a: Umbreon|Foul Play|p2a: Blissey
|-damage|p2a: Blissey|92/100 tox
|
|-heal|p2a: Blissey|98/100 tox|[from] item: Leftovers
|-heal|p1a: Umbreon|64/100 par|[from] item: Leftovers
|-damage|p2a: Blissey|86/100 tox|[from] psn
|upkeep
|turn|53
|
|t:|1758231608
|cant|p1a: Umbreon|par
|move|p2a: Blissey|Seismic Toss|p1a: Umbreon
|-damage|p1a: Umbreon|39/100 par
|
|-heal|p2a: Blissey|92/100 tox|[from] item: Leftovers
|-heal|p1a: Umbreon|45/100 par|[from] item: Leftovers
|-damage|p2a: Blissey|73/100 tox|[from] psn
|upkeep
|turn|54
|
|t:|1758231612
|-curestatus|p2a: Blissey|tox|[from] ability: Natural Cure
|switch|p2a: Slaking|Slaking, F|82/100 tox
|move|p1a: Umbreon|Protect||[still]
|-fail|p1a: Umbreon
|
|-heal|p1a: Umbreon|51/100 par|[from] item: Leftovers
|-damage|p2a: Slaking|76/100 tox|[from] psn
|upkeep
|turn|55
|
|t:|1758231615
|move|p2a: Slaking|Knock Off|p1a: Umbreon
|-resisted|p1a: Umbreon
|-damage|p1a: Umbreon|36/100 par
|-enditem|p1a: Umbreon|Leftovers|[from] move: Knock Off|[of] p2a: Slaking
|cant|p1a: Umbreon|par
|
|-damage|p2a: Slaking|64/100 tox|[from] psn
|upkeep
|turn|56
|
|t:|1758231621
|switch|p2a: Blissey|Blissey, F|73/100
|move|p1a: Umbreon|Moonlight|p1a: Umbreon
|-heal|p1a: Umbreon|86/100 par
|
|-heal|p2a: Blissey|79/100|[from] item: Leftovers
|upkeep
|turn|57
|
|t:|1758231625
|move|p2a: Blissey|Seismic Toss|p1a: Umbreon
|-damage|p1a: Umbreon|61/100 par
|cant|p1a: Umbreon|par
|
|-heal|p2a: Blissey|86/100|[from] item: Leftovers
|upkeep
|turn|58
|-message|BillyJohnsonP forfeited.
|
|win|FriedAstronauts
|raw|BillyJohnsonP's rating: 1163 &rarr; <strong>1140</strong><br />(-23 for losing)
|raw|FriedAstronauts's rating: 1188 &rarr; <strong>1211</strong><br />(+23 for winning)
|l|☆BillyJohnsonP
|player|p1|
|l|☆FriedAstronauts
|player|p2|
