|j|☆brlegjemsa
|j|☆Tesmon
|t:|1758253306
|gametype|singles
|player|p1|brlegjemsa|dawn|1198
|player|p2|Tesmon|steven|1273
|gen|9
|tier|[Gen 9] OU
|rated|
|rule|HP Percentage Mod: HP is shown in percentages
|rule|Endless Battle Clause: Forcing endless battles is banned
|rule|Species Clause: Limit one of each Pokémon
|rule|OHKO Clause: OHKO moves are banned
|rule|Evasion Items Clause: Evasion items are banned
|rule|Evasion Moves Clause: Evasion moves are banned
|rule|Evasion Abilities Clause: Evasion abilities are banned
|rule|Sleep Moves Clause: Sleep-inducing moves are banned
|clearpoke
|poke|p1|Cinderace, F|
|poke|p1|Quaquaval, F|
|poke|p1|Thundurus-Therian, M|
|poke|p1|Necrozma|
|poke|p1|Ogerpon-Wellspring, F|
|poke|p1|Dragapult, M|
|poke|p2|Salamence, M|
|poke|p2|Mamoswine, M|
|poke|p2|Galvantula, M|
|poke|p2|Sableye, M|
|poke|p2|Corviknight, M|
|poke|p2|Tentacruel, M|
|teampreview
|
|t:|1758253313
|teamsize|p1|6
|teamsize|p2|6
|start
|switch|p1a: Dragapult|Dragapult, M|100/100
|switch|p2a: Galvantula|Galvantula, M|100/100
|turn|1
|
|t:|1758253316
|move|p1a: Dragapult|Dragon Darts|p2a: Galvantula
|-damage|p2a: Galvantula|29/100
|-anim|p1a: Dragapult|Dragon Darts|p2a: Galvantula
|-damage|p2a: Galvantula|0 fnt
|faint|p2a: Galvantula
|
|upkeep
|
|t:|1758253319
|switch|p2a: Corviknight|Corviknight, M, shiny|100/100
|turn|2
|
|t:|1758253323
|switch|p1a: Thundurus|Thundurus-Therian, M|100/100
|move|p2a: Corviknight|Brave Bird|p1a: Thundurus
|-resisted|p1a: Thundurus
|-damage|p1a: Thundurus|74/100
|-damage|p2a: Corviknight|94/100|[from] Recoil
|
|upkeep
|turn|3
|
|t:|1758253326
|switch|p2a: Mamoswine|Mamoswine, M|100/100
|move|p1a: Thundurus|Grass Knot|p2a: Mamoswine
|-supereffective|p2a: Mamoswine
|-damage|p2a: Mamoswine|0 fnt
|faint|p2a: Mamoswine
|-damage|p1a: Thundurus|65/100|[from] item: Life Orb
|
|upkeep
|
|t:|1758253329
|switch|p2a: Tentacruel|Tentacruel, M|100/100
|turn|4
|
|t:|1758253332
|move|p1a: Thundurus|Thunderbolt|p2a: Tentacruel
|-supereffective|p2a: Tentacruel
|-crit|p2a: Tentacruel
|-damage|p2a: Tentacruel|0 fnt
|faint|p2a: Tentacruel
|-damage|p1a: Thundurus|55/100|[from] item: Life Orb
|
|upkeep
|
|t:|1758253334
|switch|p2a: Salamence|Salamence, M|100/100
|turn|5
|
|t:|1758253339
|move|p1a: Thundurus|Volt Switch|p2a: Salamence
|-damage|p2a: Salamence|31/100
|-damage|p1a: Thundurus|45/100|[from] item: Life Orb
|
|t:|1758253343
|switch|p1a: Cinderace|Cinderace, F|100/100|[from] Volt Switch
|move|p2a: Salamence|Dragon Dance|p2a: Salamence
|-boost|p2a: Salamence|atk|1
|-boost|p2a: Salamence|spe|1
|
|upkeep
|turn|6
|
|t:|1758253346
|move|p1a: Cinderace|Sucker Punch|p2a: Salamence
|-start|p1a: Cinderace|typechange|Dark|[from] ability: Libero
|-damage|p2a: Salamence|0 fnt
|faint|p2a: Salamence
|
|upkeep
|
|t:|1758253350
|switch|p2a: Corviknight|Corviknight, M, shiny|94/100
|turn|7
|
|t:|1758253352
|move|p1a: Cinderace|Pyro Ball|p2a: Corviknight
|-supereffective|p2a: Corviknight
|-damage|p2a: Corviknight|46/100
|move|p2a: Corviknight|Body Press|p1a: Cinderace
|-supereffective|p1a: Cinderace
|-damage|p1a: Cinderace|21/100
|
|upkeep
|turn|8
|
|t:|1758253355
|move|p1a: Cinderace|U-turn|p2a: Corviknight
|-resisted|p2a: Corviknight
|-damage|p2a: Corviknight|43/100
|-damage|p1a: Cinderace|5/100|[from] item: Rocky Helmet|[of] p2a: Corviknight
|
|t:|1758253358
|switch|p1a: Thundurus|Thundurus-Therian, M|45/100|[from] U-turn
|move|p2a: Corviknight|Body Press|p1a: Thundurus
|-resisted|p1a: Thundurus
|-damage|p1a: Thundurus|26/100
|
|upkeep
|turn|9
|
|t:|1758253361
|move|p1a: Thundurus|Volt Switch|p2a: Corviknight
|-supereffective|p2a: Corviknight
|-crit|p2a: Corviknight
|-damage|p2a: Corviknight|0 fnt
|faint|p2a: Corviknight
|-damage|p1a: Thundurus|16/100|[from] item: Life Orb
|
|t:|1758253368
|switch|p1a: Dragapult|Dragapult, M|100/100|[from] Volt Switch
|
|upkeep
|-message|Tesmon forfeited.
|
|win|brlegjemsa
|raw|brlegjemsa's rating: 1198 &rarr; <strong>1228</strong><br />(+30 for winning)
|raw|Tesmon's rating: 1273 &rarr; <strong>1243</strong><br />(-30 for losing)
|l|☆Tesmon
|player|p2|
