|j|☆slowbro named paul
|j|☆benihanaflip
|t:|1758283061
|gametype|singles
|player|p1|slowbro named paul|skierf|1199
|player|p2|benihanaflip|ash-kalos|1232
|gen|9
|tier|[Gen 9] OU
|rated|
|rule|HP Percentage Mod: HP is shown in percentages
|rule|Endless Battle Clause: Forcing endless battles is banned
|rule|Species Clause: Limit one of each Pokémon
|rule|OHKO Clause: OHKO moves are banned
|rule|Evasion Items Clause: Evasion items are banned
|rule|Evasion Moves Clause: Evasion moves are banned
|rule|Evasion Abilities Clause: Evasion abilities are banned
|rule|Sleep Moves Clause: Sleep-inducing moves are banned
|clearpoke
|poke|p1|Cloyster, F|
|poke|p1|Gholdengo|
|poke|p1|Mandibuzz, F|
|poke|p1|Garchomp, M|
|poke|p1|Farigiraf, F|
|poke|p1|Fezandipiti, M|
|poke|p2|Armarouge, M|
|poke|p2|Indeedee-F, F|
|poke|p2|Hawlucha, M|
|poke|p2|Weezing-Galar, M|
|poke|p2|Samurott-Hisui, M|
|poke|p2|Blaziken, M|
|teampreview
|inactive|Battle timer is ON: inactive players will automatically lose when time's up. (requested by slowbro named paul)
|
|t:|1758283070
|teamsize|p1|6
|teamsize|p2|6
|start
|switch|p1a: Garchomp|Garchomp, M|100/100
|switch|p2a: Samurott|Samurott-Hisui, M, shiny|100/100
|turn|1
|
|t:|1758283075
|move|p2a: Samurott|Ceaseless Edge|p1a: Garchomp
|-damage|p1a: Garchomp|75/100
|-damage|p2a: Samurott|88/100|[from] ability: Rough Skin|[of] p1a: Garchomp
|-damage|p2a: Samurott|72/100|[from] item: Rocky Helmet|[of] p1a: Garchomp
|-sidestart|p1: slowbro named paul|Spikes
|move|p1a: Garchomp|Stealth Rock|p2a: Samurott
|-sidestart|p2: benihanaflip|move: Stealth Rock
|
|upkeep
|turn|2
|
|t:|1758283087
|switch|p2a: Weezing|Weezing-Galar, M, shiny|100/100
|-ability|p2a: Weezing|Neutralizing Gas
|move|p1a: Garchomp|Spikes|p2a: Weezing
|-sidestart|p2: benihanaflip|Spikes
|
|upkeep
|turn|3
|
|t:|1758283094
|-end|p2a: Weezing|ability: Neutralizing Gas
|switch|p2a: Hawlucha|Hawlucha, M, shiny|100/100
|-damage|p2a: Hawlucha|88/100|[from] Stealth Rock
|move|p1a: Garchomp|Earthquake|p2a: Hawlucha
|-immune|p2a: Hawlucha
|
|upkeep
|turn|4
|
|t:|1758283099
|switch|p1a: Gholdengo|Gholdengo|100/100
|-damage|p1a: Gholdengo|88/100|[from] Spikes
|move|p2a: Hawlucha|Encore|p1a: Gholdengo
|-immune|p1a: Gholdengo|[from] ability: Good as Gold
|
|upkeep
|turn|5
|
|t:|1758283107
|switch|p2a: Samurott|Samurott-Hisui, M, shiny|72/100
|-damage|p2a: Samurott|59/100|[from] Stealth Rock
|-damage|p2a: Samurott|47/100|[from] Spikes
|move|p1a: Gholdengo|Dazzling Gleam|p2a: Samurott
|-supereffective|p2a: Samurott
|-damage|p2a: Samurott|0 fnt
|faint|p2a: Samurott
|
|upkeep
|
|t:|1758283110
|switch|p2a: Indeedee|Indeedee-F, F, shiny|100/100
|-damage|p2a: Indeedee|88/100|[from] Stealth Rock
|-damage|p2a: Indeedee|75/100|[from] Spikes
|-fieldstart|move: Psychic Terrain|[from] ability: Psychic Surge|[of] p2a: Indeedee
|turn|6
|
|t:|1758283116
|switch|p2a: Weezing|Weezing-Galar, M, shiny|100/100
|-ability|p2a: Weezing|Neutralizing Gas
|move|p1a: Gholdengo|Dazzling Gleam|p2a: Weezing
|-resisted|p2a: Weezing
|-damage|p2a: Weezing|69/100
|
|upkeep
|turn|7
|
|t:|1758283125
|move|p1a: Gholdengo|Dazzling Gleam|p2a: Weezing
|-resisted|p2a: Weezing
|-damage|p2a: Weezing|35/100
|move|p2a: Weezing|Strange Steam|p1a: Gholdengo
|-resisted|p1a: Gholdengo
|-damage|p1a: Gholdengo|72/100
|
|upkeep
|turn|8
|
|t:|1758283129
|-terastallize|p1a: Gholdengo|Fairy
|move|p1a: Gholdengo|Dazzling Gleam|p2a: Weezing
|-resisted|p2a: Weezing
|-damage|p2a: Weezing|0 fnt
|faint|p2a: Weezing
|-end|p2a: Weezing|ability: Neutralizing Gas
|
|upkeep
|-message|benihanaflip forfeited.
|
|win|slowbro named paul
|raw|slowbro named paul's rating: 1199 &rarr; <strong>1226</strong><br />(+27 for winning)
|raw|benihanaflip's rating: 1232 &rarr; <strong>1205</strong><br />(-27 for losing)
|l|☆benihanaflip
|player|p2|
