|j|☆Nave_08
|j|☆the same as here
|t:|1758283338
|gametype|singles
|player|p1|Nave_08|hugh|1361
|player|p2|the same as here|janitor|1333
|gen|9
|tier|[Gen 9] OU
|rated|
|rule|HP Percentage Mod: HP is shown in percentages
|rule|Endless Battle Clause: Forcing endless battles is banned
|rule|Species Clause: Limit one of each Pokémon
|rule|OHKO Clause: OHKO moves are banned
|rule|Evasion Items Clause: Evasion items are banned
|rule|Evasion Moves Clause: Evasion moves are banned
|rule|Evasion Abilities Clause: Evasion abilities are banned
|rule|Sleep Moves Clause: Sleep-inducing moves are banned
|clearpoke
|poke|p1|Greninja-*, M|
|poke|p1|Dragonite, F|
|poke|p1|Glimmora, M|
|poke|p1|Raging Bolt|
|poke|p1|Iron Treads|
|poke|p1|Rillaboom, F|
|poke|p2|Garganacl, M|
|poke|p2|Samurott-Hisui, M|
|poke|p2|Pecharunt|
|poke|p2|Great Tusk|
|poke|p2|Zapdos|
|poke|p2|Cinderace, M|
|teampreview
|inactive|Battle timer is ON: inactive players will automatically lose when time's up. (requested by Nave_08)
|
|t:|1758283365
|teamsize|p1|6
|teamsize|p2|6
|start
|switch|p1a: Raging Bolt|Raging Bolt|100/100
|switch|p2a: Zapdos|Zapdos|100/100
|turn|1
|
|t:|1758283375
|move|p2a: Zapdos|Volt Switch|p1a: Raging Bolt
|-resisted|p1a: Raging Bolt
|-damage|p1a: Raging Bolt|93/100
|
|t:|1758283378
|switch|p2a: Great Tusk|Great Tusk|100/100|[from] Volt Switch
|move|p1a: Raging Bolt|Dragon Pulse|p2a: Great Tusk
|-damage|p2a: Great Tusk|29/100
|
|upkeep
|turn|2
|
|t:|1758283386
|-end|p1a: Raging Bolt|Protosynthesis|[silent]
|switch|p1a: Glimmora|Glimmora, M|100/100
|move|p2a: Great Tusk|Stealth Rock|p1a: Glimmora
|-sidestart|p1: Nave_08|move: Stealth Rock
|
|upkeep
|turn|3
|
|t:|1758283394
|move|p2a: Great Tusk|Rapid Spin|p1a: Glimmora
|-resisted|p1a: Glimmora
|-damage|p1a: Glimmora|90/100
|-boost|p2a: Great Tusk|spe|1
|-activate|p1a: Glimmora|ability: Toxic Debris
|-sidestart|p2: the same as here|move: Toxic Spikes
|-sideend|p2: the same as here|Toxic Spikes|[from] move: Rapid Spin|[of] p2a: Great Tusk
|move|p1a: Glimmora|Mortal Spin|p2a: Great Tusk
|-resisted|p2a: Great Tusk
|-damage|p2a: Great Tusk|27/100
|-status|p2a: Great Tusk|psn
|-sideend|p1: Nave_08|Stealth Rock|[from] move: Mortal Spin|[of] p1a: Glimmora
|
|-damage|p2a: Great Tusk|15/100 psn|[from] psn
|upkeep
|turn|4
|
|t:|1758283405
|move|p2a: Great Tusk|Headlong Rush|p1a: Glimmora
|-supereffective|p1a: Glimmora
|-damage|p1a: Glimmora|0 fnt
|-unboost|p2a: Great Tusk|def|1
|-unboost|p2a: Great Tusk|spd|1
|-activate|p1a: Glimmora|ability: Toxic Debris
|-sidestart|p2: the same as here|move: Toxic Spikes
|faint|p1a: Glimmora
|
|-damage|p2a: Great Tusk|2/100 psn|[from] psn
|upkeep
|
|t:|1758283416
|switch|p1a: Greninja|Greninja, M|100/100
|turn|5
|
|t:|1758283424
|move|p2a: Great Tusk|Headlong Rush|p1a: Greninja
|-damage|p1a: Greninja|0 fnt
|-unboost|p2a: Great Tusk|def|1
|-unboost|p2a: Great Tusk|spd|1
|faint|p1a: Greninja
|
|-damage|p2a: Great Tusk|0 fnt|[from] psn
|faint|p2a: Great Tusk
|-end|p2a: Great Tusk|Protosynthesis|[silent]
|upkeep
|
|t:|1758283434
|switch|p1a: Rillaboom|Rillaboom, F|100/100
|switch|p2a: Pecharunt|Pecharunt|100/100
|-fieldstart|move: Grassy Terrain|[from] ability: Grassy Surge|[of] p1a: Rillaboom
|-sideend|p2: the same as here|move: Toxic Spikes|[of] p2a: Pecharunt
|turn|6
|
|t:|1758283449
|move|p1a: Rillaboom|Knock Off|p2a: Pecharunt
|-supereffective|p2a: Pecharunt
|-damage|p2a: Pecharunt|49/100
|-enditem|p2a: Pecharunt|Black Sludge|[from] move: Knock Off|[of] p1a: Rillaboom
|move|p2a: Pecharunt|Parting Shot|p1a: Rillaboom
|-unboost|p1a: Rillaboom|atk|1
|-unboost|p1a: Rillaboom|spa|1
|
|t:|1758283452
|switch|p2a: Zapdos|Zapdos|100/100|[from] Parting Shot
|
|upkeep
|turn|7
|
|t:|1758283455
|switch|p1a: Raging Bolt|Raging Bolt|93/100
|move|p2a: Zapdos|Hurricane|p1a: Raging Bolt
|-resisted|p1a: Raging Bolt
|-damage|p1a: Raging Bolt|66/100
|
|-heal|p1a: Raging Bolt|73/100|[from] Grassy Terrain
|upkeep
|turn|8
|
|t:|1758283465
|move|p2a: Zapdos|Volt Switch|p1a: Raging Bolt
|-resisted|p1a: Raging Bolt
|-damage|p1a: Raging Bolt|65/100
|
|t:|1758283468
|switch|p2a: Samurott|Samurott-Hisui, M|100/100|[from] Volt Switch
|move|p1a: Raging Bolt|Dragon Pulse|p2a: Samurott
|-damage|p2a: Samurott|69/100
|
|-heal|p1a: Raging Bolt|71/100|[from] Grassy Terrain
|-heal|p2a: Samurott|75/100|[from] Grassy Terrain
|upkeep
|turn|9
|
|t:|1758283474
|move|p1a: Raging Bolt|Thunderclap|p2a: Samurott
|-supereffective|p2a: Samurott
|-damage|p2a: Samurott|28/100
|move|p2a: Samurott|Knock Off|p1a: Raging Bolt
|-damage|p1a: Raging Bolt|40/100
|-enditem|p1a: Raging Bolt|Heavy-Duty Boots|[from] move: Knock Off|[of] p2a: Samurott
|
|-heal|p1a: Raging Bolt|46/100|[from] Grassy Terrain
|-heal|p2a: Samurott|34/100|[from] Grassy Terrain
|upkeep
|turn|10
|
|t:|1758283485
|move|p1a: Raging Bolt|Thunderclap|p2a: Samurott
|-supereffective|p2a: Samurott
|-damage|p2a: Samurott|0 fnt
|faint|p2a: Samurott
|
|-heal|p1a: Raging Bolt|52/100|[from] Grassy Terrain
|-fieldend|move: Grassy Terrain
|upkeep
|
|t:|1758283490
|switch|p2a: Pecharunt|Pecharunt|49/100
|turn|11
|
|t:|1758283494
|move|p1a: Raging Bolt|Volt Switch|p2a: Pecharunt
|-damage|p2a: Pecharunt|7/100
|
|t:|1758283504
|-end|p1a: Raging Bolt|Protosynthesis|[silent]
|switch|p1a: Iron Treads|Iron Treads|100/100|[from] Volt Switch
|move|p2a: Pecharunt|Malignant Chain|p1a: Iron Treads
|-immune|p1a: Iron Treads
|
|upkeep
|turn|12
|
|t:|1758283512
|move|p1a: Iron Treads|Knock Off|p2a: Pecharunt
|-supereffective|p2a: Pecharunt
|-damage|p2a: Pecharunt|0 fnt
|faint|p2a: Pecharunt
|
|upkeep
|
|t:|1758283526
|switch|p2a: Cinderace|Cinderace, M|100/100
|turn|13
|
|t:|1758283531
|move|p2a: Cinderace|Pyro Ball|p1a: Iron Treads
|-supereffective|p1a: Iron Treads
|-damage|p1a: Iron Treads|0 fnt
|faint|p1a: Iron Treads
|-end|p1a: Iron Treads|Quark Drive|[silent]
|
|upkeep
|
|t:|1758283536
|switch|p1a: Dragonite|Dragonite, F|100/100
|turn|14
|
|t:|1758283542
|switch|p2a: Zapdos|Zapdos|100/100
|move|p1a: Dragonite|Dragon Dance|p1a: Dragonite
|-boost|p1a: Dragonite|atk|1
|-boost|p1a: Dragonite|spe|1
|
|upkeep
|turn|15
|
|t:|1758283553
|move|p1a: Dragonite|Dragon Dance|p1a: Dragonite
|-boost|p1a: Dragonite|atk|1
|-boost|p1a: Dragonite|spe|1
|move|p2a: Zapdos|Volt Switch|p1a: Dragonite
|-damage|p1a: Dragonite|81/100
|
|t:|1758283557
|switch|p2a: Garganacl|Garganacl, M|100/100|[from] Volt Switch
|
|upkeep
|turn|16
|
|t:|1758283560
|-terastallize|p2a: Garganacl|Fairy
|move|p1a: Dragonite|Earthquake|p2a: Garganacl
|-damage|p2a: Garganacl|50/100
|move|p2a: Garganacl|Iron Defense|p2a: Garganacl
|-boost|p2a: Garganacl|def|2
|
|-heal|p2a: Garganacl|57/100|[from] item: Leftovers
|upkeep
|turn|17
|
|t:|1758283578
|-terastallize|p1a: Dragonite|Normal
|move|p1a: Dragonite|Dragon Dance|p1a: Dragonite
|-boost|p1a: Dragonite|atk|1
|-boost|p1a: Dragonite|spe|1
|move|p2a: Garganacl|Recover|p2a: Garganacl
|-heal|p2a: Garganacl|100/100
|
|upkeep
|turn|18
|
|t:|1758283584
|move|p1a: Dragonite|Extreme Speed|p2a: Garganacl
|-damage|p2a: Garganacl|60/100
|move|p2a: Garganacl|Iron Defense|p2a: Garganacl
|-boost|p2a: Garganacl|def|2
|
|-heal|p2a: Garganacl|66/100|[from] item: Leftovers
|upkeep
|turn|19
|
|t:|1758283588
|move|p1a: Dragonite|Extreme Speed|p2a: Garganacl
|-damage|p2a: Garganacl|37/100
|move|p2a: Garganacl|Recover|p2a: Garganacl
|-heal|p2a: Garganacl|87/100
|
|-heal|p2a: Garganacl|93/100|[from] item: Leftovers
|upkeep
|turn|20
|
|t:|1758283592
|move|p1a: Dragonite|Dragon Dance|p1a: Dragonite
|-boost|p1a: Dragonite|atk|1
|-boost|p1a: Dragonite|spe|1
|move|p2a: Garganacl|Body Press|p1a: Dragonite
|-supereffective|p1a: Dragonite
|-damage|p1a: Dragonite|0 fnt
|faint|p1a: Dragonite
|
|-heal|p2a: Garganacl|99/100|[from] item: Leftovers
|upkeep
|
|t:|1758283604
|switch|p1a: Raging Bolt|Raging Bolt|52/100
|turn|21
|
|t:|1758283608
|move|p1a: Raging Bolt|Thunderbolt|p2a: Garganacl
|-damage|p2a: Garganacl|66/100
|move|p2a: Garganacl|Body Press|p1a: Raging Bolt
|-damage|p1a: Raging Bolt|0 fnt
|faint|p1a: Raging Bolt
|-end|p1a: Raging Bolt|Protosynthesis|[silent]
|
|-heal|p2a: Garganacl|73/100|[from] item: Leftovers
|upkeep
|
|t:|1758283610
|switch|p1a: Rillaboom|Rillaboom, F|100/100
|-fieldstart|move: Grassy Terrain|[from] ability: Grassy Surge|[of] p1a: Rillaboom
|turn|22
|
|t:|1758283614
|move|p1a: Rillaboom|Grassy Glide|p2a: Garganacl
|-damage|p2a: Garganacl|60/100
|move|p2a: Garganacl|Body Press|p1a: Rillaboom
|-damage|p1a: Rillaboom|30/100
|
|-heal|p1a: Rillaboom|36/100|[from] Grassy Terrain
|-heal|p2a: Garganacl|66/100|[from] Grassy Terrain
|-heal|p2a: Garganacl|72/100|[from] item: Leftovers
|upkeep
|turn|23
|
|t:|1758283617
|move|p1a: Rillaboom|Grassy Glide|p2a: Garganacl
|-damage|p2a: Garganacl|59/100
|move|p2a: Garganacl|Body Press|p1a: Rillaboom
|-damage|p1a: Rillaboom|0 fnt
|faint|p1a: Rillaboom
|
|win|the same as here
|raw|Nave_08's rating: 1361 &rarr; <strong>1339</strong><br />(-22 for losing)
|raw|the same as here's rating: 1333 &rarr; <strong>1355</strong><br />(+22 for winning)
|l|☆Nave_08
|player|p1|
