|j|☆ultimategoogolplex
|j|☆Seltzergod
|t:|1758314603
|gametype|singles
|player|p1|ultimategoogolplex|2|1518
|player|p2|Seltzergod|flannery|1498
|gen|9
|tier|[Gen 9] OU
|rated|
|rule|HP Percentage Mod: HP is shown in percentages
|rule|Endless Battle Clause: Forcing endless battles is banned
|rule|Species Clause: Limit one of each Pokémon
|rule|OHKO Clause: OHKO moves are banned
|rule|Evasion Items Clause: Evasion items are banned
|rule|Evasion Moves Clause: Evasion moves are banned
|rule|Evasion Abilities Clause: Evasion abilities are banned
|rule|Sleep Moves Clause: Sleep-inducing moves are banned
|clearpoke
|poke|p1|Landorus-Therian, M|
|poke|p1|Kyurem|
|poke|p1|Enamorus, F|
|poke|p1|Dragapult, M|
|poke|p1|Corviknight, M|
|poke|p1|Slowking-Galar, M|
|poke|p2|Alomomola, F|
|poke|p2|Weezing-Galar, F|
|poke|p2|Bronzong|
|poke|p2|Kyurem|
|poke|p2|Great Tusk|
|poke|p2|Iron Valiant|
|teampreview
|inactive|Battle timer is ON: inactive players will automatically lose when time's up. (requested by ultimategoogolplex)
|inactive|Seltzergod has 120 seconds left.
|
|t:|1758314645
|teamsize|p1|6
|teamsize|p2|6
|start
|switch|p1a: Enamorus|Enamorus, F|100/100
|switch|p2a: Weezing|Weezing-Galar, F|100/100
|-ability|p2a: Weezing|Neutralizing Gas
|turn|1
|
|t:|1758314660
|switch|p1a: Slowking|Slowking-Galar, M|100/100
|-end|p2a: Weezing|ability: Neutralizing Gas
|switch|p2a: Bronzong|Bronzong|100/100
|
|upkeep
|turn|2
|
|t:|1758314673
|move|p1a: Slowking|Flamethrower|p2a: Bronzong
|-supereffective|p2a: Bronzong
|-damage|p2a: Bronzong|72/100
|move|p2a: Bronzong|Stealth Rock|p1a: Slowking
|-sidestart|p1: ultimategoogolplex|move: Stealth Rock
|
|upkeep
|turn|3
|
|t:|1758314685
|switch|p2a: Alomomola|Alomomola, F|100/100
|move|p1a: Slowking|Flamethrower|p2a: Alomomola
|-resisted|p2a: Alomomola
|-damage|p2a: Alomomola|92/100
|
|upkeep
|turn|4
|
|t:|1758314703
|move|p2a: Alomomola|Wish|p2a: Alomomola
|move|p1a: Slowking|Sludge Bomb|p2a: Alomomola
|-damage|p2a: Alomomola|64/100
|
|upkeep
|turn|5
|
|t:|1758314715
|move|p2a: Alomomola|Flip Turn|p1a: Slowking
|-damage|p1a: Slowking|82/100
|
|t:|1758314719
|switch|p2a: Weezing|Weezing-Galar, F|100/100|[from] Flip Turn
|-ability|p2a: Weezing|Neutralizing Gas
|move|p1a: Slowking|Flamethrower|p2a: Weezing
|-damage|p2a: Weezing|72/100
|
|-heal|p2a: Weezing|100/100|[from] move: Wish|[wisher] Alomomola
|upkeep
|turn|6
|
|t:|1758314730
|-end|p2a: Weezing|ability: Neutralizing Gas
|switch|p2a: Alomomola|Alomomola, F|97/100
|move|p1a: Slowking|Psyshock|p2a: Alomomola
|-damage|p2a: Alomomola|77/100
|
|upkeep
|turn|7
|
|t:|1758314736
|move|p2a: Alomomola|Flip Turn|p1a: Slowking
|-crit|p1a: Slowking
|-damage|p1a: Slowking|57/100
|
|t:|1758314739
|switch|p2a: Weezing|Weezing-Galar, F|100/100|[from] Flip Turn
|-ability|p2a: Weezing|Neutralizing Gas
|move|p1a: Slowking|Sludge Bomb|p2a: Weezing
|-damage|p2a: Weezing|56/100
|
|upkeep
|turn|8
|
|t:|1758314753
|switch|p1a: Landorus|Landorus-Therian, M|100/100
|-damage|p1a: Landorus|88/100|[from] Stealth Rock
|move|p2a: Weezing|Will-O-Wisp|p1a: Landorus
|-status|p1a: Landorus|brn
|
|-damage|p1a: Landorus|82/100 brn|[from] brn
|upkeep
|turn|9
|
|t:|1758314763
|-end|p2a: Weezing|ability: Neutralizing Gas
|-ability|p1a: Landorus|Intimidate|boost
|-unboost|p2a: Weezing|atk|1
|switch|p2a: Alomomola|Alomomola, F|100/100
|move|p1a: Landorus|Stealth Rock|p2a: Alomomola
|-sidestart|p2: Seltzergod|move: Stealth Rock
|
|-damage|p1a: Landorus|76/100 brn|[from] brn
|upkeep
|turn|10
|
|t:|1758314772
|move|p1a: Landorus|U-turn|p2a: Alomomola
|-damage|p2a: Alomomola|94/100
|-damage|p1a: Landorus|60/100 brn|[from] item: Rocky Helmet|[of] p2a: Alomomola
|
|t:|1758314777
|switch|p1a: Corviknight|Corviknight, M|100/100|[from] U-turn
|-damage|p1a: Corviknight|88/100|[from] Stealth Rock
|-ability|p1a: Corviknight|Pressure
|move|p2a: Alomomola|Wish|p2a: Alomomola
|
|upkeep
|turn|11
|
|t:|1758314788
|move|p1a: Corviknight|Defog|p2a: Alomomola
|-unboost|p2a: Alomomola|evasion|1
|-sideend|p2: Seltzergod|Stealth Rock|[from] move: Defog|[of] p1a: Corviknight
|-sideend|p1: ultimategoogolplex|Stealth Rock|[from] move: Defog|[of] p1a: Corviknight
|move|p2a: Alomomola|Flip Turn|p1a: Corviknight
|-damage|p1a: Corviknight|79/100
|-damage|p2a: Alomomola|77/100|[from] item: Rocky Helmet|[of] p1a: Corviknight
|
|t:|1758314796
|switch|p2a: Weezing|Weezing-Galar, F|56/100|[from] Flip Turn
|-ability|p2a: Weezing|Neutralizing Gas
|
|-heal|p2a: Weezing|100/100|[from] move: Wish|[wisher] Alomomola
|upkeep
|turn|12
|
|t:|1758314801
|switch|p1a: Landorus|Landorus-Therian, M|60/100 brn
|move|p2a: Weezing|Will-O-Wisp|p1a: Landorus
|-fail|p1a: Landorus|brn
|
|-damage|p1a: Landorus|54/100 brn|[from] brn
|upkeep
|turn|13
|
|t:|1758314808
|-end|p2a: Weezing|ability: Neutralizing Gas
|-ability|p1a: Landorus|Intimidate|boost
|-unboost|p2a: Weezing|atk|1
|switch|p2a: Bronzong|Bronzong|72/100
|move|p1a: Landorus|U-turn|p2a: Bronzong
|-damage|p2a: Bronzong|62/100
|-damage|p1a: Landorus|37/100 brn|[from] item: Rocky Helmet|[of] p2a: Bronzong
|
|t:|1758314835
|switch|p1a: Dragapult|Dragapult, M|100/100|[from] U-turn
|
|upkeep
|turn|14
|
|t:|1758314838
|switch|p2a: Alomomola|Alomomola, F|100/100
|move|p1a: Dragapult|U-turn|p2a: Alomomola
|-damage|p2a: Alomomola|76/100
|-damage|p1a: Dragapult|84/100|[from] item: Rocky Helmet|[of] p2a: Alomomola
|
|t:|1758314844
|switch|p1a: Kyurem|Kyurem|100/100|[from] U-turn
|-ability|p1a: Kyurem|Pressure
|
|upkeep
|turn|15
|inactive|ultimategoogolplex has 120 seconds left.
|
|t:|1758314883
|switch|p2a: Bronzong|Bronzong|62/100
|move|p1a: Kyurem|Ice Beam|p2a: Bronzong
|-resisted|p2a: Bronzong
|-damage|p2a: Bronzong|40/100
|
|upkeep
|turn|16
|
|t:|1758314903
|switch|p1a: Dragapult|Dragapult, M|84/100
|move|p2a: Bronzong|Gyro Ball|p1a: Dragapult
|-damage|p1a: Dragapult|24/100
|
|upkeep
|turn|17
|
|t:|1758314910
|switch|p1a: Kyurem|Kyurem|100/100
|-ability|p1a: Kyurem|Pressure
|switch|p2a: Alomomola|Alomomola, F|100/100
|
|upkeep
|turn|18
|
|t:|1758314923
|-terastallize|p1a: Kyurem|Ice
|move|p1a: Kyurem|Freeze-Dry|p2a: Alomomola
|-supereffective|p2a: Alomomola
|-damage|p2a: Alomomola|0 fnt
|faint|p2a: Alomomola
|
|upkeep
|
|t:|1758314937
|switch|p2a: Great Tusk|Great Tusk|100/100
|-enditem|p2a: Great Tusk|Booster Energy
|-activate|p2a: Great Tusk|ability: Protosynthesis|[fromitem]
|-start|p2a: Great Tusk|protosynthesisatk
|turn|19
|inactive|ultimategoogolplex has 120 seconds left.
|
|t:|1758314947
|switch|p1a: Enamorus|Enamorus, F|100/100
|-terastallize|p2a: Great Tusk|Fire
|move|p2a: Great Tusk|Rapid Spin|p1a: Enamorus
|-damage|p1a: Enamorus|67/100
|-boost|p2a: Great Tusk|spe|1
|
|upkeep
|turn|20
|
|t:|1758314957
|-end|p2a: Great Tusk|Protosynthesis|[silent]
|switch|p2a: Bronzong|Bronzong|40/100
|move|p1a: Enamorus|Earth Power|p2a: Bronzong
|-immune|p2a: Bronzong|[from] ability: Levitate
|
|upkeep
|turn|21
|
|t:|1758314965
|switch|p1a: Corviknight|Corviknight, M|79/100
|-ability|p1a: Corviknight|Pressure
|move|p2a: Bronzong|Stealth Rock|p1a: Corviknight
|-sidestart|p1: ultimategoogolplex|move: Stealth Rock
|
|upkeep
|turn|22
|
|t:|1758314972
|switch|p2a: Great Tusk|Great Tusk, tera:Fire|100/100
|move|p1a: Corviknight|Defog|p2a: Great Tusk
|-unboost|p2a: Great Tusk|evasion|1
|-sideend|p1: ultimategoogolplex|Stealth Rock|[from] move: Defog|[of] p1a: Corviknight
|
|upkeep
|turn|23
|
|t:|1758314979
|switch|p1a: Landorus|Landorus-Therian, M|37/100 brn
|-ability|p1a: Landorus|Intimidate|boost
|-unboost|p2a: Great Tusk|atk|1
|move|p2a: Great Tusk|Rapid Spin|p1a: Landorus
|-damage|p1a: Landorus|29/100 brn
|-boost|p2a: Great Tusk|spe|1
|-damage|p2a: Great Tusk|84/100|[from] item: Rocky Helmet|[of] p1a: Landorus
|
|-damage|p1a: Landorus|23/100 brn|[from] brn
|upkeep
|turn|24
|
|t:|1758314995
|-end|p2a: Great Tusk|Protosynthesis|[silent]
|switch|p2a: Bronzong|Bronzong|40/100
|move|p1a: Landorus|U-turn|p2a: Bronzong
|-damage|p2a: Bronzong|29/100
|-damage|p1a: Landorus|7/100 brn|[from] item: Rocky Helmet|[of] p2a: Bronzong
|
|t:|1758315022
|switch|p1a: Kyurem|Kyurem, tera:Ice|100/100|[from] U-turn
|-ability|p1a: Kyurem|Pressure
|
|upkeep
|turn|25
|
|t:|1758315026
|move|p1a: Kyurem|Ice Beam|p2a: Bronzong
|-resisted|p2a: Bronzong
|-damage|p2a: Bronzong|0 fnt
|faint|p2a: Bronzong
|
|upkeep
|
|t:|1758315031
|switch|p2a: Great Tusk|Great Tusk, tera:Fire|84/100
|turn|26
|
|t:|1758315034
|switch|p1a: Landorus|Landorus-Therian, M|7/100 brn
|-ability|p1a: Landorus|Intimidate|boost
|-unboost|p2a: Great Tusk|atk|1
|move|p2a: Great Tusk|Head Smash|p1a: Landorus
|-damage|p1a: Landorus|0 fnt
|-damage|p2a: Great Tusk|68/100|[from] item: Rocky Helmet|[of] p1a: Landorus
|faint|p1a: Landorus
|-damage|p2a: Great Tusk|64/100|[from] Recoil
|
|upkeep
|
|t:|1758315061
|switch|p1a: Kyurem|Kyurem, tera:Ice|100/100
|-ability|p1a: Kyurem|Pressure
|turn|27
|
|t:|1758315069
|-end|p2a: Great Tusk|Protosynthesis|[silent]
|switch|p2a: Weezing|Weezing-Galar, F|100/100
|-ability|p2a: Weezing|Neutralizing Gas
|move|p1a: Kyurem|Earth Power|p2a: Weezing
|-supereffective|p2a: Weezing
|-damage|p2a: Weezing|0 fnt
|faint|p2a: Weezing
|-end|p2a: Weezing|ability: Neutralizing Gas
|-ability|p1a: Kyurem|Pressure
|
|upkeep
|
|t:|1758315073
|switch|p2a: Iron Valiant|Iron Valiant|100/100
|turn|28
|
|t:|1758315090
|-end|p2a: Iron Valiant|Quark Drive|[silent]
|switch|p2a: Great Tusk|Great Tusk, tera:Fire|64/100
|switch|p1a: Corviknight|Corviknight, M|79/100
|-ability|p1a: Corviknight|Pressure
|
|upkeep
|turn|29
|
|t:|1758315094
|move|p2a: Great Tusk|Rapid Spin|p1a: Corviknight
|-resisted|p1a: Corviknight
|-damage|p1a: Corviknight|74/100
|-boost|p2a: Great Tusk|spe|1
|-damage|p2a: Great Tusk|48/100|[from] item: Rocky Helmet|[of] p1a: Corviknight
|move|p1a: Corviknight|U-turn|p2a: Great Tusk
|-resisted|p2a: Great Tusk
|-damage|p2a: Great Tusk|43/100
|inactive|ultimategoogolplex has 120 seconds left.
|
|t:|1758315127
|switch|p1a: Dragapult|Dragapult, M|24/100|[from] U-turn
|
|upkeep
|turn|30
|
|t:|1758315136
|switch|p1a: Corviknight|Corviknight, M|74/100
|-ability|p1a: Corviknight|Pressure
|move|p2a: Great Tusk|Temper Flare|p1a: Corviknight
|-supereffective|p1a: Corviknight
|-damage|p1a: Corviknight|29/100
|-damage|p2a: Great Tusk|27/100|[from] item: Rocky Helmet|[of] p1a: Corviknight
|
|upkeep
|turn|31
|
|t:|1758315146
|move|p2a: Great Tusk|Temper Flare|p1a: Corviknight
|-supereffective|p1a: Corviknight
|-damage|p1a: Corviknight|0 fnt
|-damage|p2a: Great Tusk|10/100|[from] item: Rocky Helmet|[of] p1a: Corviknight
|faint|p1a: Corviknight
|
|upkeep
|inactive|ultimategoogolplex has 120 seconds left.
|
|t:|1758315166
|switch|p1a: Enamorus|Enamorus, F|67/100
|turn|32
|
|t:|1758315172
|move|p2a: Great Tusk|Head Smash|p1a: Enamorus|[miss]
|-miss|p2a: Great Tusk|p1a: Enamorus
|move|p1a: Enamorus|Earth Power|p2a: Great Tusk
|-supereffective|p2a: Great Tusk
|-damage|p2a: Great Tusk|0 fnt
|faint|p2a: Great Tusk
|-end|p2a: Great Tusk|Protosynthesis|[silent]
|
|upkeep
|
|t:|1758315181
|switch|p2a: Iron Valiant|Iron Valiant|100/100
|turn|33
|
|t:|1758315184
|switch|p1a: Slowking|Slowking-Galar, M|57/100
|move|p2a: Iron Valiant|Thunderbolt|p1a: Slowking
|-damage|p1a: Slowking|38/100
|-status|p1a: Slowking|par
|
|upkeep
|turn|34
|
|t:|1758315193
|move|p2a: Iron Valiant|Thunderbolt|p1a: Slowking
|-damage|p1a: Slowking|20/100 par
|move|p1a: Slowking|Sludge Bomb|p2a: Iron Valiant
|-supereffective|p2a: Iron Valiant
|-damage|p2a: Iron Valiant|0 fnt
|faint|p2a: Iron Valiant
|-end|p2a: Iron Valiant|Quark Drive|[silent]
|
|upkeep
|
|t:|1758315195
|switch|p2a: Kyurem|Kyurem|100/100
|-ability|p2a: Kyurem|Pressure
|turn|35
|
|t:|1758315198
|move|p2a: Kyurem|Dragon Dance|p2a: Kyurem
|-boost|p2a: Kyurem|atk|1
|-boost|p2a: Kyurem|spe|1
|move|p1a: Slowking|Sludge Bomb|p2a: Kyurem
|-damage|p2a: Kyurem|71/100
|
|upkeep
|turn|36
|
|t:|1758315210
|move|p2a: Kyurem|Ice Beam|p1a: Slowking
|-damage|p1a: Slowking|0 fnt
|faint|p1a: Slowking
|
|upkeep
|
|t:|1758315218
|switch|p1a: Kyurem|Kyurem, tera:Ice|100/100
|-ability|p1a: Kyurem|Pressure
|turn|37
|
|t:|1758315224
|move|p2a: Kyurem|Earth Power|p1a: Kyurem
|-damage|p1a: Kyurem|70/100
|move|p1a: Kyurem|Ice Beam|p2a: Kyurem
|-damage|p2a: Kyurem|0 fnt
|faint|p2a: Kyurem
|
|win|ultimategoogolplex
|raw|ultimategoogolplex's rating: 1518 &rarr; <strong>1537</strong><br />(+19 for winning)
|raw|Seltzergod's rating: 1498 &rarr; <strong>1479</strong><br />(-19 for losing)
|c|☆Seltzergod|gg
|l|☆Seltzergod
|player|p2|
