|j|☆Uli17chavez
|j|☆sunkyunko
|t:|1758341466
|gametype|singles
|player|p1|Uli17chavez|102|1334
|player|p2|sunkyunko|170|1302
|gen|9
|tier|[Gen 9] OU
|rated|
|rule|HP Percentage Mod: HP is shown in percentages
|rule|Endless Battle Clause: Forcing endless battles is banned
|rule|Species Clause: Limit one of each Pokémon
|rule|OHKO Clause: OHKO moves are banned
|rule|Evasion Items Clause: Evasion items are banned
|rule|Evasion Moves Clause: Evasion moves are banned
|rule|Evasion Abilities Clause: Evasion abilities are banned
|rule|Sleep Moves Clause: Sleep-inducing moves are banned
|clearpoke
|poke|p1|Garchomp, M|
|poke|p1|Espeon, M|
|poke|p1|Cinderace, F|
|poke|p1|Zapdos|
|poke|p1|Ogerpon-Wellspring, F|
|poke|p1|Darkrai|
|poke|p2|Deoxys-Speed|
|poke|p2|Alomomola, M|
|poke|p2|Diancie|
|poke|p2|Meowscarada, M|
|poke|p2|Toxapex, F|
|poke|p2|Corviknight, F|
|teampreview
|
|t:|1758341476
|teamsize|p1|6
|teamsize|p2|6
|start
|switch|p1a: Zapdos|Zapdos|100/100
|switch|p2a: Deoxys|Deoxys-Speed|100/100
|-ability|p2a: Deoxys|Pressure
|-ability|p1a: Zapdos|Pressure
|turn|1
|inactive|Battle timer is ON: inactive players will automatically lose when time's up. (requested by Uli17chavez)
|c|☆sunkyunko|taunt
|
|t:|1758341486
|move|p2a: Deoxys|Psycho Boost|p1a: Zapdos
|-damage|p1a: Zapdos|0 fnt
|-unboost|p2a: Deoxys|spa|2
|faint|p1a: Zapdos
|
|upkeep
|
|t:|1758341495
|switch|p1a: Garchomp|Garchomp, M|100/100
|turn|2
|c|☆sunkyunko|lol
|
|t:|1758341501
|switch|p2a: Alomomola|Alomomola, M|100/100
|move|p1a: Garchomp|Swords Dance|p1a: Garchomp
|-boost|p1a: Garchomp|atk|2
|
|upkeep
|turn|3
|
|t:|1758341507
|move|p1a: Garchomp|Swords Dance|p1a: Garchomp
|-boost|p1a: Garchomp|atk|2
|move|p2a: Alomomola|Flip Turn|p1a: Garchomp
|-damage|p1a: Garchomp|83/100
|-damage|p2a: Alomomola|88/100|[from] ability: Rough Skin|[of] p1a: Garchomp
|
|t:|1758341514
|switch|p2a: Deoxys|Deoxys-Speed|100/100|[from] Flip Turn
|-ability|p2a: Deoxys|Pressure
|
|upkeep
|turn|4
|
|t:|1758341521
|-terastallize|p1a: Garchomp|Steel
|move|p2a: Deoxys|Ice Beam|p1a: Garchomp
|-resisted|p1a: Garchomp
|-damage|p1a: Garchomp|59/100
|move|p1a: Garchomp|Scale Shot|p2a: Deoxys
|-damage|p2a: Deoxys|40/100
|-damage|p2a: Deoxys|0 fnt
|faint|p2a: Deoxys
|-hitcount|p2: Deoxys|2
|-unboost|p1a: Garchomp|def|1
|-boost|p1a: Garchomp|spe|1
|
|upkeep
|
|t:|1758341535
|switch|p2a: Toxapex|Toxapex, F|100/100
|turn|5
|
|t:|1758341540
|move|p1a: Garchomp|Earthquake|p2a: Toxapex
|-supereffective|p2a: Toxapex
|-damage|p2a: Toxapex|0 fnt
|faint|p2a: Toxapex
|
|upkeep
|c|☆sunkyunko|gg
|
|t:|1758341550
|switch|p2a: Meowscarada|Meowscarada, M|100/100
|turn|6
|c|☆Uli17chavez|maybe
|
|t:|1758341554
|move|p2a: Meowscarada|Knock Off|p1a: Garchomp
|-start|p2a: Meowscarada|typechange|Dark|[from] ability: Protean
|-damage|p1a: Garchomp|0 fnt
|-damage|p2a: Meowscarada|88/100|[from] ability: Rough Skin|[of] p1a: Garchomp
|-enditem|p1a: Garchomp|Loaded Dice|[from] move: Knock Off|[of] p2a: Meowscarada
|faint|p1a: Garchomp
|
|upkeep
|
|t:|1758341562
|switch|p1a: Cinderace|Cinderace, F|100/100
|turn|7
|c|☆sunkyunko|shoulda done tat in the first place
|
|t:|1758341568
|move|p2a: Meowscarada|Knock Off|p1a: Cinderace
|-damage|p1a: Cinderace|28/100
|-enditem|p1a: Cinderace|Choice Band|[from] move: Knock Off|[of] p2a: Meowscarada
|move|p1a: Cinderace|U-turn|p2a: Meowscarada
|-start|p1a: Cinderace|typechange|Bug|[from] ability: Libero
|-supereffective|p2a: Meowscarada
|-damage|p2a: Meowscarada|0 fnt
|faint|p2a: Meowscarada
|c|☆Uli17chavez|yep
|c|☆sunkyunko|didnt gota waste my pex
|
|t:|1758341585
|switch|p1a: Darkrai|Darkrai|100/100|[from] U-turn
|
|upkeep
|
|t:|1758341589
|switch|p2a: Diancie|Diancie|100/100
|turn|8
|
|t:|1758341592
|move|p1a: Darkrai|Nasty Plot|p1a: Darkrai
|-boost|p1a: Darkrai|spa|2
|move|p2a: Diancie|Diamond Storm|p1a: Darkrai
|-damage|p1a: Darkrai|50/100
|-boost|p2a: Diancie|def|2
|
|-heal|p1a: Darkrai|57/100|[from] item: Leftovers
|upkeep
|turn|9
|
|t:|1758341600
|move|p1a: Darkrai|Sludge Bomb|p2a: Diancie
|-damage|p2a: Diancie|66/100
|move|p2a: Diancie|Draining Kiss|p1a: Darkrai
|-supereffective|p1a: Darkrai
|-damage|p1a: Darkrai|5/100
|-heal|p2a: Diancie|100/100|[from] drain|[of] p1a: Darkrai
|
|-heal|p1a: Darkrai|11/100|[from] item: Leftovers
|upkeep
|turn|10
|
|t:|1758341614
|move|p1a: Darkrai|Sludge Bomb|p2a: Diancie
|-damage|p2a: Diancie|67/100
|move|p2a: Diancie|Draining Kiss|p1a: Darkrai
|-supereffective|p1a: Darkrai
|-damage|p1a: Darkrai|0 fnt
|-heal|p2a: Diancie|75/100|[from] drain|[of] p1a: Darkrai
|faint|p1a: Darkrai
|
|upkeep
|
|t:|1758341628
|switch|p1a: Espeon|Espeon, M|100/100
|turn|11
|
|t:|1758341636
|move|p1a: Espeon|Future Sight|p2a: Diancie
|-start|p1a: Espeon|move: Future Sight
|move|p2a: Diancie|Draining Kiss|p1a: Espeon
|-damage|p1a: Espeon|75/100
|-heal|p2a: Diancie|92/100|[from] drain|[of] p1a: Espeon
|
|upkeep
|turn|12
|
|t:|1758341644
|move|p1a: Espeon|Alluring Voice|p2a: Diancie
|-damage|p2a: Diancie|72/100
|-damage|p1a: Espeon|65/100|[from] item: Life Orb
|move|p2a: Diancie|Earth Power|p1a: Espeon
|-damage|p1a: Espeon|33/100
|-unboost|p1a: Espeon|spd|1
|
|upkeep
|turn|13
|
|t:|1758341653
|switch|p2a: Corviknight|Corviknight, F|100/100
|move|p1a: Espeon|Alluring Voice|p2a: Corviknight
|-resisted|p2a: Corviknight
|-damage|p2a: Corviknight|83/100
|-damage|p1a: Espeon|23/100|[from] item: Life Orb
|
|-end|p2a: Corviknight|move: Future Sight
|-resisted|p2a: Corviknight
|-damage|p2a: Corviknight|47/100
|-damage|p1a: Espeon|13/100|[from] item: Life Orb
|upkeep
|turn|14
|
|t:|1758341663
|move|p1a: Espeon|Future Sight|p2a: Corviknight
|-start|p1a: Espeon|move: Future Sight
|move|p2a: Corviknight|U-turn|p1a: Espeon
|-supereffective|p1a: Espeon
|-damage|p1a: Espeon|0 fnt
|faint|p1a: Espeon
|
|t:|1758341671
|switch|p2a: Diancie|Diancie|72/100|[from] U-turn
|
|upkeep
|
|t:|1758341674
|switch|p1a: Ogerpon|Ogerpon-Wellspring, F|100/100
|turn|15
|
|t:|1758341678
|-terastallize|p2a: Diancie|Grass
|move|p1a: Ogerpon|Swords Dance|p1a: Ogerpon
|-boost|p1a: Ogerpon|atk|2
|move|p2a: Diancie|Diamond Storm|p1a: Ogerpon
|-damage|p1a: Ogerpon|45/100
|
|upkeep
|turn|16
|
|t:|1758341686
|switch|p2a: Corviknight|Corviknight, F|47/100
|move|p1a: Ogerpon|Play Rough|p2a: Corviknight
|-resisted|p2a: Corviknight
|-damage|p2a: Corviknight|27/100
|-damage|p1a: Ogerpon|28/100|[from] item: Rocky Helmet|[of] p2a: Corviknight
|
|-end|p2a: Corviknight|move: Future Sight
|-resisted|p2a: Corviknight
|-damage|p2a: Corviknight|0 fnt
|faint|p2a: Corviknight
|upkeep
|
|t:|1758341697
|switch|p2a: Diancie|Diancie, tera:Grass|72/100
|turn|17
|
|t:|1758341701
|move|p1a: Ogerpon|Play Rough|p2a: Diancie
|-damage|p2a: Diancie|18/100
|move|p2a: Diancie|Draining Kiss|p1a: Ogerpon
|-damage|p1a: Ogerpon|7/100
|-heal|p2a: Diancie|34/100|[from] drain|[of] p1a: Ogerpon
|
|upkeep
|turn|18
|c|☆sunkyunko|i fumbled
|
|t:|1758341721
|move|p1a: Ogerpon|Play Rough|p2a: Diancie
|-damage|p2a: Diancie|0 fnt
|faint|p2a: Diancie
|
|upkeep
|c|☆Uli17chavez|diamond storm?
|c|☆sunkyunko|yeah shoulda
|
|t:|1758341732
|switch|p2a: Alomomola|Alomomola, M|100/100
|turn|19
|
|t:|1758341734
|move|p1a: Ogerpon|Horn Leech|p2a: Alomomola
|-supereffective|p2a: Alomomola
|-damage|p2a: Alomomola|0 fnt
|-heal|p1a: Ogerpon|86/100|[from] drain|[of] p2a: Alomomola
|faint|p2a: Alomomola
|
|win|Uli17chavez
|raw|Uli17chavez's rating: 1334 &rarr; <strong>1352</strong><br />(+18 for winning)
|raw|sunkyunko's rating: 1302 &rarr; <strong>1284</strong><br />(-18 for losing)
|c|☆sunkyunko|gg
|l|☆Uli17chavez
|player|p1|
|l|☆sunkyunko
|player|p2|
