|j|☆ireslre
|j|☆thybest37
|t:|1758315535
|gametype|singles
|player|p1|ireslre|akari|1128
|player|p2|thybest37|gentleman-gen4dp|1114
|gen|9
|tier|[Gen 9] OU
|rated|
|rule|HP Percentage Mod: HP is shown in percentages
|rule|Endless Battle Clause: Forcing endless battles is banned
|rule|Species Clause: Limit one of each Pokémon
|rule|OHKO Clause: OHKO moves are banned
|rule|Evasion Items Clause: Evasion items are banned
|rule|Evasion Moves Clause: Evasion moves are banned
|rule|Evasion Abilities Clause: Evasion abilities are banned
|rule|Sleep Moves Clause: Sleep-inducing moves are banned
|clearpoke
|poke|p1|Samurott-Hisui, M|
|poke|p1|Arcanine-Hisui, F|
|poke|p1|Goodra-Hisui, F|
|poke|p1|Braviary-Hisui, M|
|poke|p1|Decidueye-Hisui, M|
|poke|p1|Zoroark-Hisui, F|
|poke|p2|Magmortar, M|
|poke|p2|Quaquaval, M|
|poke|p2|Enamorus, F|
|poke|p2|Kyurem|
|poke|p2|Iron Crown|
|poke|p2|Deoxys-Speed|
|teampreview
|inactive|Battle timer is ON: inactive players will automatically lose when time's up. (requested by thybest37)
|c|☆ireslre|TF
|
|t:|1758315564
|teamsize|p1|6
|teamsize|p2|6
|start
|switch|p1a: Samurott|Samurott-Hisui, M|100/100
|switch|p2a: Enamorus|Enamorus, F|100/100
|turn|1
|
|t:|1758315578
|switch|p1a: Goodra|Goodra-Hisui, F|100/100
|move|p2a: Enamorus|Agility|p2a: Enamorus
|-boost|p2a: Enamorus|spe|2
|
|upkeep
|turn|2
|
|t:|1758315586
|move|p2a: Enamorus|Mystical Fire|p1a: Goodra
|-damage|p1a: Goodra|77/100
|-unboost|p1a: Goodra|spa|1
|-damage|p2a: Enamorus|90/100|[from] item: Life Orb
|move|p1a: Goodra|Acid Armor|p1a: Goodra
|-boost|p1a: Goodra|def|2
|
|-heal|p1a: Goodra|83/100|[from] item: Leftovers
|upkeep
|turn|3
|
|t:|1758315597
|move|p2a: Enamorus|Mystical Fire|p1a: Goodra
|-damage|p1a: Goodra|55/100
|-unboost|p1a: Goodra|spa|1
|-damage|p2a: Enamorus|80/100|[from] item: Life Orb
|move|p1a: Goodra|Flash Cannon|p2a: Enamorus
|-supereffective|p2a: Enamorus
|-damage|p2a: Enamorus|20/100
|
|-heal|p1a: Goodra|61/100|[from] item: Leftovers
|upkeep
|turn|4
|
|t:|1758315609
|move|p2a: Enamorus|Mystical Fire|p1a: Goodra
|-damage|p1a: Goodra|36/100
|-unboost|p1a: Goodra|spa|1
|-damage|p2a: Enamorus|10/100|[from] item: Life Orb
|move|p1a: Goodra|Flash Cannon|p2a: Enamorus
|-supereffective|p2a: Enamorus
|-damage|p2a: Enamorus|0 fnt
|faint|p2a: Enamorus
|
|-heal|p1a: Goodra|43/100|[from] item: Leftovers
|upkeep
|
|t:|1758315624
|switch|p2a: Nuke|Kyurem|100/100
|-ability|p2a: Nuke|Pressure
|turn|5
|
|t:|1758315652
|move|p2a: Nuke|Draco Meteor|p1a: Goodra
|-damage|p1a: Goodra|0 fnt
|-unboost|p2a: Nuke|spa|2
|faint|p1a: Goodra
|
|upkeep
|
|t:|1758315660
|switch|p1a: Arcanine|Arcanine-Hisui, F|100/100
|-item|p1a: Arcanine|Air Balloon
|turn|6
|
|t:|1758315668
|switch|p2a: Quaquaval|Quaquaval, M|100/100
|move|p1a: Arcanine|Head Smash|p2a: Quaquaval
|-resisted|p2a: Quaquaval
|-damage|p2a: Quaquaval|61/100
|
|upkeep
|turn|7
|
|t:|1758315678
|-terastallize|p1a: Arcanine|Electric
|move|p1a: Arcanine|Wild Charge|p2a: Quaquaval
|-supereffective|p2a: Quaquaval
|-damage|p2a: Quaquaval|0 fnt
|faint|p2a: Quaquaval
|
|upkeep
|
|t:|1758315690
|switch|p2a: Deoxys|Deoxys-Speed|100/100
|-ability|p2a: Deoxys|Pressure
|turn|8
|
|t:|1758315699
|move|p2a: Deoxys|Knock Off|p1a: Arcanine
|-damage|p1a: Arcanine|45/100
|-enditem|p1a: Arcanine|Air Balloon
|move|p1a: Arcanine|Head Smash|p2a: Deoxys
|-damage|p2a: Deoxys|0 fnt
|faint|p2a: Deoxys
|
|upkeep
|
|t:|1758315709
|switch|p2a: Nuke|Kyurem|100/100
|-ability|p2a: Nuke|Pressure
|turn|9
|
|t:|1758315716
|move|p2a: Nuke|Earth Power|p1a: Arcanine
|-supereffective|p1a: Arcanine
|-damage|p1a: Arcanine|0 fnt
|faint|p1a: Arcanine
|
|upkeep
|
|t:|1758315727
|switch|p1a: Braviary|Braviary-Hisui, M|100/100
|turn|10
|
|t:|1758315735
|switch|p2a: Magmortar|Magmortar, M|100/100
|move|p1a: Braviary|Agility|p1a: Braviary
|-boost|p1a: Braviary|spe|2
|
|upkeep
|turn|11
|
|t:|1758315743
|move|p1a: Braviary|Psychic|p2a: Magmortar
|-damage|p2a: Magmortar|0 fnt
|faint|p2a: Magmortar
|
|upkeep
|
|t:|1758315752
|switch|p2a: Nuke|Kyurem|100/100
|-ability|p2a: Nuke|Pressure
|turn|12
|
|t:|1758315759
|move|p1a: Braviary|Psychic|p2a: Nuke
|-damage|p2a: Nuke|20/100
|move|p2a: Nuke|Ice Beam|p1a: Braviary
|-supereffective|p1a: Braviary
|-damage|p1a: Braviary|0 fnt
|faint|p1a: Braviary
|
|upkeep
|
|t:|1758315763
|switch|p1a: Decidueye|Decidueye-Hisui, M|100/100
|turn|13
|
|t:|1758315771
|move|p2a: Nuke|Ice Beam|p1a: Decidueye
|-supereffective|p1a: Decidueye
|-damage|p1a: Decidueye|0 fnt
|faint|p1a: Decidueye
|
|upkeep
|
|t:|1758315780
|switch|p1a: Samurott|Samurott-Hisui, M|100/100
|turn|14
|
|t:|1758315784
|switch|p2a: Iron Crown|Iron Crown|100/100
|-enditem|p2a: Iron Crown|Booster Energy
|-activate|p2a: Iron Crown|ability: Quark Drive|[fromitem]
|-start|p2a: Iron Crown|quarkdrivespe
|move|p1a: Samurott|Sacred Sword|p2a: Iron Crown
|-damage|p2a: Iron Crown|59/100
|
|upkeep
|turn|15
|
|t:|1758315799
|move|p2a: Iron Crown|Tachyon Cutter|p1a: Samurott
|-resisted|p1a: Samurott
|-damage|p1a: Samurott|84/100
|-resisted|p1a: Samurott
|-damage|p1a: Samurott|67/100
|-hitcount|p1a: Samurott|2
|move|p1a: Samurott|Ceaseless Edge|p2a: Iron Crown
|-supereffective|p2a: Iron Crown
|-damage|p2a: Iron Crown|0 fnt
|-sidestart|p2: thybest37|Spikes
|faint|p2a: Iron Crown
|-end|p2a: Iron Crown|Quark Drive|[silent]
|
|upkeep
|
|t:|1758315810
|switch|p2a: Nuke|Kyurem|20/100
|-damage|p2a: Nuke|7/100|[from] Spikes
|-ability|p2a: Nuke|Pressure
|turn|16
|
|t:|1758315816
|move|p2a: Nuke|Freeze-Dry|p1a: Samurott
|-supereffective|p1a: Samurott
|-damage|p1a: Samurott|0 fnt
|faint|p1a: Samurott
|
|upkeep
|
|t:|1758315821
|switch|p1a: Zoroark|Zoroark-Hisui, F|100/100
|turn|17
|
|t:|1758315826
|move|p1a: Zoroark|Hyper Voice|p2a: Nuke
|-damage|p2a: Nuke|0 fnt
|faint|p2a: Nuke
|
|win|ireslre
|raw|ireslre's rating: 1128 &rarr; <strong>1152</strong><br />(+24 for winning)
|raw|thybest37's rating: 1114 &rarr; <strong>1090</strong><br />(-24 for losing)
|l|☆thybest37
|player|p2|
|l|☆ireslre
|player|p1|
