|j|☆DivineGabriel
|j|☆mansonabuluting
|t:|1758377421
|gametype|singles
|player|p1|DivineGabriel|rye|1690
|player|p2|mansonabuluting|bellelba|1723
|gen|9
|tier|[Gen 9] OU
|rated|
|rule|HP Percentage Mod: HP is shown in percentages
|rule|Endless Battle Clause: Forcing endless battles is banned
|rule|Species Clause: Limit one of each Pokémon
|rule|OHKO Clause: OHKO moves are banned
|rule|Evasion Items Clause: Evasion items are banned
|rule|Evasion Moves Clause: Evasion moves are banned
|rule|Evasion Abilities Clause: Evasion abilities are banned
|rule|Sleep Moves Clause: Sleep-inducing moves are banned
|clearpoke
|poke|p1|Typhlosion-Hisui, M|
|poke|p1|Great Tusk|
|poke|p1|Torkoal, M|
|poke|p1|Walking Wake|
|poke|p1|Hatterene, F|
|poke|p1|Meowscarada, F|
|poke|p2|Rillaboom, F|
|poke|p2|Hawlucha, F|
|poke|p2|Thundurus-Therian, M|
|poke|p2|Great Tusk|
|poke|p2|Volcanion|
|poke|p2|Goodra-Hisui, F|
|teampreview
|
|t:|1758377424
|teamsize|p1|6
|teamsize|p2|6
|start
|switch|p1a: Obi|Great Tusk|100/100
|switch|p2a: Volcanion|Volcanion|100/100
|turn|1
|
|t:|1758377429
|switch|p2a: Thundurus|Thundurus-Therian, M|100/100
|move|p1a: Obi|Earthquake|p2a: Thundurus
|-immune|p2a: Thundurus
|
|upkeep
|turn|2
|
|t:|1758377434
|-end|p1a: Obi|Protosynthesis|[silent]
|switch|p1a: Vulcan|Torkoal, M|100/100
|-weather|SunnyDay|[from] ability: Drought|[of] p1a: Vulcan
|move|p2a: Thundurus|Grass Knot|p1a: Vulcan
|-resisted|p1a: Vulcan
|-damage|p1a: Vulcan|77/100
|
|-weather|SunnyDay|[upkeep]
|upkeep
|turn|3
|
|t:|1758377438
|switch|p2a: Volcanion|Volcanion|100/100
|switch|p1a: Hibana|Hatterene, F|100/100
|
|-weather|SunnyDay|[upkeep]
|upkeep
|turn|4
|
|t:|1758377444
|switch|p1a: Leonardo|Walking Wake|100/100
|-activate|p1a: Leonardo|ability: Protosynthesis
|-start|p1a: Leonardo|protosynthesisspe
|move|p2a: Volcanion|Overheat|p1a: Leonardo
|-resisted|p1a: Leonardo
|-damage|p1a: Leonardo|50/100
|-unboost|p2a: Volcanion|spa|2
|
|-weather|SunnyDay|[upkeep]
|upkeep
|turn|5
|inactive|Battle timer is ON: inactive players will automatically lose when time's up. (requested by mansonabuluting)
|
|t:|1758377451
|switch|p2a: Goodra|Goodra-Hisui, F|100/100
|move|p1a: Leonardo|Draco Meteor|p2a: Goodra
|-damage|p2a: Goodra|56/100
|-unboost|p1a: Leonardo|spa|2
|
|-weather|SunnyDay|[upkeep]
|upkeep
|turn|6
|
|t:|1758377456
|-end|p1a: Leonardo|Protosynthesis|[silent]
|switch|p1a: Hibana|Hatterene, F|100/100
|move|p2a: Goodra|Draco Meteor|p1a: Hibana
|-immune|p1a: Hibana
|
|-weather|SunnyDay|[upkeep]
|upkeep
|turn|7
|
|t:|1758377460
|switch|p1a: Obi|Great Tusk|100/100
|-activate|p1a: Obi|ability: Protosynthesis
|-start|p1a: Obi|protosynthesisspe
|move|p2a: Goodra|Flash Cannon|p1a: Obi
|-damage|p1a: Obi|48/100
|
|-weather|SunnyDay|[upkeep]
|-heal|p1a: Obi|54/100|[from] item: Leftovers
|upkeep
|turn|8
|
|t:|1758377470
|switch|p2a: Rillaboom|Rillaboom, F|100/100
|-fieldstart|move: Grassy Terrain|[from] ability: Grassy Surge|[of] p2a: Rillaboom
|move|p1a: Obi|Stealth Rock|p2a: Rillaboom
|-sidestart|p2: mansonabuluting|move: Stealth Rock
|
|-weather|SunnyDay|[upkeep]
|-heal|p1a: Obi|60/100|[from] Grassy Terrain
|-heal|p1a: Obi|66/100|[from] item: Leftovers
|upkeep
|turn|9
|
|t:|1758377474
|-end|p1a: Obi|Protosynthesis|[silent]
|switch|p1a: Hibana|Hatterene, F|100/100
|move|p2a: Rillaboom|Grassy Glide|p1a: Hibana
|-crit|p1a: Hibana
|-damage|p1a: Hibana|24/100
|-enditem|p1a: Hibana|Eject Button
|
|t:|1758377479
|switch|p1a: Benimaru|Typhlosion-Hisui, M|100/100
|
|-weather|none
|upkeep
|turn|10
|
|t:|1758377491
|switch|p2a: Goodra|Goodra-Hisui, F|56/100
|-damage|p2a: Goodra|50/100|[from] Stealth Rock
|move|p1a: Benimaru|Shadow Ball|p2a: Goodra
|-damage|p2a: Goodra|22/100
|
|-heal|p2a: Goodra|28/100|[from] Grassy Terrain
|upkeep
|turn|11
|
|t:|1758377495
|move|p1a: Benimaru|Shadow Ball|p2a: Goodra
|-damage|p2a: Goodra|4/100
|move|p2a: Goodra|Surf|p1a: Benimaru
|-supereffective|p1a: Benimaru
|-damage|p1a: Benimaru|11/100
|
|-heal|p1a: Benimaru|17/100|[from] Grassy Terrain
|-heal|p2a: Goodra|10/100|[from] Grassy Terrain
|upkeep
|turn|12
|
|t:|1758377499
|move|p1a: Benimaru|Shadow Ball|p2a: Goodra
|-damage|p2a: Goodra|0 fnt
|faint|p2a: Goodra
|
|-heal|p1a: Benimaru|22/100|[from] Grassy Terrain
|-fieldend|move: Grassy Terrain
|upkeep
|
|t:|1758377507
|switch|p2a: Rillaboom|Rillaboom, F|100/100
|-damage|p2a: Rillaboom|88/100|[from] Stealth Rock
|-fieldstart|move: Grassy Terrain|[from] ability: Grassy Surge|[of] p2a: Rillaboom
|turn|13
|
|t:|1758377510
|switch|p1a: Vulcan|Torkoal, M|77/100
|-weather|SunnyDay|[from] ability: Drought|[of] p1a: Vulcan
|move|p2a: Rillaboom|Grassy Glide|p1a: Vulcan
|-resisted|p1a: Vulcan
|-damage|p1a: Vulcan|61/100
|
|-weather|SunnyDay|[upkeep]
|-heal|p2a: Rillaboom|94/100|[from] Grassy Terrain
|-heal|p1a: Vulcan|67/100|[from] Grassy Terrain
|upkeep
|turn|14
|
|t:|1758377516
|switch|p2a: Volcanion|Volcanion|100/100
|-damage|p2a: Volcanion|76/100|[from] Stealth Rock
|switch|p1a: Hibana|Hatterene, F|24/100
|
|-weather|SunnyDay|[upkeep]
|-heal|p2a: Volcanion|82/100|[from] Grassy Terrain
|-heal|p1a: Hibana|30/100|[from] Grassy Terrain
|upkeep
|turn|15
|
|t:|1758377523
|move|p2a: Volcanion|Steam Eruption|p1a: Hibana
|-damage|p1a: Hibana|0 fnt
|faint|p1a: Hibana
|
|-weather|SunnyDay|[upkeep]
|-heal|p2a: Volcanion|88/100|[from] Grassy Terrain
|upkeep
|
|t:|1758377539
|switch|p1a: Benimaru|Typhlosion-Hisui, M|22/100
|turn|16
|
|t:|1758377545
|move|p1a: Benimaru|Overheat|p2a: Volcanion
|-resisted|p2a: Volcanion
|-damage|p2a: Volcanion|32/100
|-unboost|p1a: Benimaru|spa|2
|move|p2a: Volcanion|Steam Eruption|p1a: Benimaru
|-supereffective|p1a: Benimaru
|-damage|p1a: Benimaru|0 fnt
|faint|p1a: Benimaru
|
|-weather|SunnyDay|[upkeep]
|-heal|p2a: Volcanion|39/100|[from] Grassy Terrain
|upkeep
|
|t:|1758377548
|switch|p1a: Leonardo|Walking Wake|50/100
|-activate|p1a: Leonardo|ability: Protosynthesis
|-start|p1a: Leonardo|protosynthesisspe
|turn|17
|
|t:|1758377562
|move|p1a: Leonardo|Dragon Pulse|p2a: Volcanion
|-damage|p2a: Volcanion|0 fnt
|faint|p2a: Volcanion
|
|-weather|SunnyDay|[upkeep]
|-heal|p1a: Leonardo|56/100|[from] Grassy Terrain
|-fieldend|move: Grassy Terrain
|upkeep
|
|t:|1758377567
|switch|p2a: Rillaboom|Rillaboom, F|94/100
|-damage|p2a: Rillaboom|82/100|[from] Stealth Rock
|-fieldstart|move: Grassy Terrain|[from] ability: Grassy Surge|[of] p2a: Rillaboom
|turn|18
|
|t:|1758377572
|-end|p1a: Leonardo|Protosynthesis|[silent]
|switch|p1a: Tamaki|Meowscarada, F|100/100
|move|p2a: Rillaboom|Grassy Glide|p1a: Tamaki
|-resisted|p1a: Tamaki
|-damage|p1a: Tamaki|57/100
|
|-weather|SunnyDay|[upkeep]
|-heal|p1a: Tamaki|63/100|[from] Grassy Terrain
|-heal|p2a: Rillaboom|88/100|[from] Grassy Terrain
|upkeep
|turn|19
|
|t:|1758377582
|switch|p2a: Great Tusk|Great Tusk|100/100
|-damage|p2a: Great Tusk|97/100|[from] Stealth Rock
|-activate|p2a: Great Tusk|ability: Protosynthesis
|-start|p2a: Great Tusk|protosynthesisdef
|move|p1a: Tamaki|U-turn|p2a: Great Tusk
|-start|p1a: Tamaki|typechange|Bug|[from] ability: Protean
|-resisted|p2a: Great Tusk
|-damage|p2a: Great Tusk|91/100
|-damage|p1a: Tamaki|47/100|[from] item: Rocky Helmet|[of] p2a: Great Tusk
|
|t:|1758377586
|switch|p1a: Leonardo|Walking Wake|56/100|[from] U-turn
|-activate|p1a: Leonardo|ability: Protosynthesis
|-start|p1a: Leonardo|protosynthesisspe
|
|-weather|SunnyDay|[upkeep]
|-heal|p1a: Leonardo|62/100|[from] Grassy Terrain
|-heal|p2a: Great Tusk|98/100|[from] Grassy Terrain
|upkeep
|turn|20
|
|t:|1758377597
|-end|p2a: Great Tusk|Protosynthesis|[silent]
|switch|p2a: Thundurus|Thundurus-Therian, M|100/100
|-damage|p2a: Thundurus|76/100|[from] Stealth Rock
|move|p1a: Leonardo|Hydro Steam|p2a: Thundurus
|-damage|p2a: Thundurus|0 fnt
|faint|p2a: Thundurus
|
|-weather|none
|-end|p1a: Leonardo|Protosynthesis
|-heal|p1a: Leonardo|69/100|[from] Grassy Terrain
|upkeep
|
|t:|1758377600
|switch|p2a: Rillaboom|Rillaboom, F|88/100
|-damage|p2a: Rillaboom|76/100|[from] Stealth Rock
|turn|21
|
|t:|1758377607
|-end|p1a: Leonardo|Protosynthesis|[silent]
|switch|p1a: Vulcan|Torkoal, M|67/100
|-weather|SunnyDay|[from] ability: Drought|[of] p1a: Vulcan
|move|p2a: Rillaboom|Grassy Glide|p1a: Vulcan
|-resisted|p1a: Vulcan
|-damage|p1a: Vulcan|49/100
|
|-weather|SunnyDay|[upkeep]
|-heal|p2a: Rillaboom|82/100|[from] Grassy Terrain
|-heal|p1a: Vulcan|56/100|[from] Grassy Terrain
|upkeep
|turn|22
|
|t:|1758377618
|switch|p2a: Great Tusk|Great Tusk|98/100
|-damage|p2a: Great Tusk|95/100|[from] Stealth Rock
|-activate|p2a: Great Tusk|ability: Protosynthesis
|-start|p2a: Great Tusk|protosynthesisdef
|move|p1a: Vulcan|Will-O-Wisp|p2a: Great Tusk|[miss]
|-miss|p1a: Vulcan|p2a: Great Tusk
|
|-weather|SunnyDay|[upkeep]
|-heal|p2a: Great Tusk|100/100|[from] Grassy Terrain
|-heal|p1a: Vulcan|62/100|[from] Grassy Terrain
|-fieldend|move: Grassy Terrain
|upkeep
|turn|23
|
|t:|1758377627
|move|p2a: Great Tusk|Headlong Rush|p1a: Vulcan
|-supereffective|p1a: Vulcan
|-damage|p1a: Vulcan|0 fnt
|-unboost|p2a: Great Tusk|def|1
|-unboost|p2a: Great Tusk|spd|1
|faint|p1a: Vulcan
|
|-weather|SunnyDay|[upkeep]
|upkeep
|
|t:|1758377629
|switch|p1a: Leonardo|Walking Wake|69/100
|-activate|p1a: Leonardo|ability: Protosynthesis
|-start|p1a: Leonardo|protosynthesisspe
|turn|24
|
|t:|1758377644
|move|p1a: Leonardo|Hydro Steam|p2a: Great Tusk
|-supereffective|p2a: Great Tusk
|-damage|p2a: Great Tusk|0 fnt
|faint|p2a: Great Tusk
|-end|p2a: Great Tusk|Protosynthesis|[silent]
|
|-weather|SunnyDay|[upkeep]
|upkeep
|
|t:|1758377650
|switch|p2a: Rillaboom|Rillaboom, F|82/100
|-damage|p2a: Rillaboom|69/100|[from] Stealth Rock
|-fieldstart|move: Grassy Terrain|[from] ability: Grassy Surge|[of] p2a: Rillaboom
|turn|25
|
|t:|1758377660
|-end|p1a: Leonardo|Protosynthesis|[silent]
|switch|p1a: Obi|Great Tusk|66/100
|-activate|p1a: Obi|ability: Protosynthesis
|-start|p1a: Obi|protosynthesisspe
|-terastallize|p2a: Rillaboom|Grass
|move|p2a: Rillaboom|Grassy Glide|p1a: Obi
|-supereffective|p1a: Obi
|-damage|p1a: Obi|0 fnt
|faint|p1a: Obi
|-end|p1a: Obi|Protosynthesis|[silent]
|
|-weather|SunnyDay|[upkeep]
|-heal|p2a: Rillaboom|76/100|[from] Grassy Terrain
|upkeep
|
|t:|1758377663
|switch|p1a: Tamaki|Meowscarada, F|47/100
|turn|26
|
|t:|1758377666
|move|p2a: Rillaboom|Grassy Glide|p1a: Tamaki
|-resisted|p1a: Tamaki
|-damage|p1a: Tamaki|0 fnt
|faint|p1a: Tamaki
|
|-weather|SunnyDay|[upkeep]
|-heal|p2a: Rillaboom|82/100|[from] Grassy Terrain
|upkeep
|-message|DivineGabriel forfeited.
|
|win|mansonabuluting
|raw|DivineGabriel's rating: 1690 &rarr; <strong>1672</strong><br />(-18 for losing)
|raw|mansonabuluting's rating: 1723 &rarr; <strong>1741</strong><br />(+18 for winning)
|l|☆DivineGabriel
|player|p1|
|l|☆mansonabuluting
|player|p2|
