|j|☆ItsDaFlaminLlama
|j|☆shatterstar1998
|t:|1758299442
|gametype|singles
|player|p1|ItsDaFlaminLlama|265|1250
|player|p2|shatterstar1998|170|1210
|gen|9
|tier|[Gen 9] OU
|rated|
|rule|HP Percentage Mod: HP is shown in percentages
|rule|Endless Battle Clause: Forcing endless battles is banned
|rule|Species Clause: Limit one of each Pokémon
|rule|OHKO Clause: OHKO moves are banned
|rule|Evasion Items Clause: Evasion items are banned
|rule|Evasion Moves Clause: Evasion moves are banned
|rule|Evasion Abilities Clause: Evasion abilities are banned
|rule|Sleep Moves Clause: Sleep-inducing moves are banned
|clearpoke
|poke|p1|Grimmsnarl, M|
|poke|p1|Torterra, M|
|poke|p1|Iron Crown|
|poke|p1|Pecharunt|
|poke|p1|Latias, F|
|poke|p1|Galvantula, F|
|poke|p2|Iron Crown|
|poke|p2|Samurott-Hisui, F|
|poke|p2|Landorus-Therian, M|
|poke|p2|Moltres|
|poke|p2|Clefable, M|
|poke|p2|Rillaboom, M|
|teampreview
|inactive|Battle timer is ON: inactive players will automatically lose when time's up. (requested by shatterstar1998)
|
|t:|1758299448
|teamsize|p1|6
|teamsize|p2|6
|start
|switch|p1a: Galvantula|Galvantula, F|100/100
|switch|p2a: Landorus|Landorus-Therian, M|100/100
|-ability|p2a: Landorus|Intimidate|boost
|-unboost|p1a: Galvantula|atk|1
|turn|1
|
|t:|1758299457
|move|p1a: Galvantula|Sticky Web|p2a: Landorus
|-sidestart|p2: shatterstar1998|move: Sticky Web
|move|p2a: Landorus|Stealth Rock|p1a: Galvantula
|-sidestart|p1: ItsDaFlaminLlama|move: Stealth Rock
|
|upkeep
|turn|2
|
|t:|1758299468
|switch|p1a: Grimmsnarl|Grimmsnarl, M|100/100
|-damage|p1a: Grimmsnarl|88/100|[from] Stealth Rock
|move|p2a: Landorus|U-turn|p1a: Grimmsnarl
|-damage|p1a: Grimmsnarl|61/100
|
|t:|1758299483
|switch|p2a: Samurott|Samurott-Hisui, F|100/100|[from] U-turn
|
|upkeep
|turn|3
|
|t:|1758299495
|-terastallize|p2a: Samurott|Poison
|move|p1a: Grimmsnarl|Reflect|p1a: Grimmsnarl
|-sidestart|p1: ItsDaFlaminLlama|Reflect
|move|p2a: Samurott|Ceaseless Edge|p1a: Grimmsnarl
|-resisted|p1a: Grimmsnarl
|-damage|p1a: Grimmsnarl|55/100
|-sidestart|p1: ItsDaFlaminLlama|Spikes
|
|upkeep
|turn|4
|
|t:|1758299523
|move|p1a: Grimmsnarl|Parting Shot|p2a: Samurott
|-unboost|p2a: Samurott|atk|1
|-unboost|p2a: Samurott|spa|1
|
|t:|1758299526
|switch|p1a: Iron Crown|Iron Crown|100/100|[from] Parting Shot
|-damage|p1a: Iron Crown|94/100|[from] Stealth Rock
|-damage|p1a: Iron Crown|82/100|[from] Spikes
|-enditem|p1a: Iron Crown|Booster Energy
|-activate|p1a: Iron Crown|ability: Quark Drive|[fromitem]
|-start|p1a: Iron Crown|quarkdrivespa
|move|p2a: Samurott|Ceaseless Edge|p1a: Iron Crown
|-supereffective|p1a: Iron Crown
|-damage|p1a: Iron Crown|53/100
|-sidestart|p1: ItsDaFlaminLlama|Spikes
|
|upkeep
|turn|5
|
|t:|1758299540
|switch|p2a: Iron Crown|Iron Crown|100/100
|-activate|p2a: Iron Crown|move: Sticky Web
|-unboost|p2a: Iron Crown|spe|1
|move|p1a: Iron Crown|Calm Mind|p1a: Iron Crown
|-boost|p1a: Iron Crown|spa|1
|-boost|p1a: Iron Crown|spd|1
|
|upkeep
|turn|6
|
|t:|1758299551
|move|p1a: Iron Crown|Focus Blast|p2a: Iron Crown
|-damage|p2a: Iron Crown|53/100
|move|p2a: Iron Crown|Volt Switch|p1a: Iron Crown
|-damage|p1a: Iron Crown|38/100
|
|t:|1758299557
|-end|p2a: Iron Crown|Quark Drive|[silent]
|switch|p2a: Landorus|Landorus-Therian, M|100/100|[from] Volt Switch
|-ability|p2a: Landorus|Intimidate|boost
|-unboost|p1a: Iron Crown|atk|1
|
|upkeep
|turn|7
|
|t:|1758299567
|move|p1a: Iron Crown|Psyshock|p2a: Landorus
|-damage|p2a: Landorus|30/100
|move|p2a: Landorus|Earth Power|p1a: Iron Crown
|-supereffective|p1a: Iron Crown
|-damage|p1a: Iron Crown|0 fnt
|faint|p1a: Iron Crown
|-end|p1a: Iron Crown|Quark Drive|[silent]
|
|upkeep
|
|t:|1758299588
|switch|p1a: Torterra|Torterra, M|100/100
|-damage|p1a: Torterra|94/100|[from] Stealth Rock
|-damage|p1a: Torterra|78/100|[from] Spikes
|turn|8
|
|t:|1758299594
|move|p2a: Landorus|Taunt|p1a: Torterra
|-start|p1a: Torterra|move: Taunt
|cant|p1a: Torterra|move: Taunt|Shell Smash
|
|upkeep
|turn|9
|
|t:|1758299599
|move|p2a: Landorus|U-turn|p1a: Torterra
|-supereffective|p1a: Torterra
|-damage|p1a: Torterra|57/100
|
|t:|1758299608
|switch|p2a: Samurott|Samurott-Hisui, F, tera:Poison|100/100|[from] U-turn
|move|p1a: Torterra|Stone Edge|p2a: Samurott
|-damage|p2a: Samurott|58/100
|
|upkeep
|turn|10
|
|t:|1758299615
|move|p2a: Samurott|Ceaseless Edge|p1a: Torterra|[miss]
|-miss|p2a: Samurott|p1a: Torterra
|move|p1a: Torterra|Earthquake|p2a: Samurott
|-supereffective|p2a: Samurott
|-damage|p2a: Samurott|0 fnt
|faint|p2a: Samurott
|
|-end|p1a: Torterra|move: Taunt
|-sideend|p1: ItsDaFlaminLlama|Reflect
|upkeep
|
|t:|1758299626
|switch|p2a: Landorus|Landorus-Therian, M|30/100
|-ability|p2a: Landorus|Intimidate|boost
|-unboost|p1a: Torterra|atk|1
|-enditem|p1a: Torterra|White Herb
|-clearnegativeboost|p1a: Torterra|[silent]
|turn|11
|
|t:|1758299632
|move|p2a: Landorus|Taunt|p1a: Torterra
|-start|p1a: Torterra|move: Taunt
|move|p1a: Torterra|Stone Edge|p2a: Landorus
|-damage|p2a: Landorus|0 fnt
|faint|p2a: Landorus
|
|upkeep
|
|t:|1758299643
|switch|p2a: Rillaboom|Rillaboom, M|100/100
|-fieldstart|move: Grassy Terrain|[from] ability: Grassy Surge|[of] p2a: Rillaboom
|turn|12
|
|t:|1758299652
|switch|p1a: Grimmsnarl|Grimmsnarl, M|55/100
|-damage|p1a: Grimmsnarl|43/100|[from] Stealth Rock
|-damage|p1a: Grimmsnarl|26/100|[from] Spikes
|move|p2a: Rillaboom|Wood Hammer|p1a: Grimmsnarl
|-damage|p1a: Grimmsnarl|0 fnt
|faint|p1a: Grimmsnarl
|-damage|p2a: Rillaboom|92/100|[from] Recoil
|
|-heal|p2a: Rillaboom|98/100|[from] Grassy Terrain
|upkeep
|
|t:|1758299665
|switch|p1a: Galvantula|Galvantula, F|100/100
|turn|13
|
|t:|1758299673
|switch|p2a: Clefable|Clefable, M|100/100
|-activate|p2a: Clefable|move: Sticky Web
|-unboost|p2a: Clefable|spe|1
|move|p1a: Galvantula|Bug Buzz|p2a: Clefable
|-resisted|p2a: Clefable
|-damage|p2a: Clefable|81/100
|
|-heal|p2a: Clefable|88/100|[from] Grassy Terrain
|-heal|p2a: Clefable|94/100|[from] item: Leftovers
|upkeep
|turn|14
|
|t:|1758299687
|move|p1a: Galvantula|Volt Switch|p2a: Clefable
|-damage|p2a: Clefable|64/100
|
|t:|1758299695
|switch|p1a: Pecharunt|Pecharunt|100/100|[from] Volt Switch
|-damage|p1a: Pecharunt|88/100|[from] Stealth Rock
|-damage|p1a: Pecharunt|72/100|[from] Spikes
|move|p2a: Clefable|Knock Off|p1a: Pecharunt
|-supereffective|p1a: Pecharunt
|-damage|p1a: Pecharunt|57/100
|-enditem|p1a: Pecharunt|Rocky Helmet|[from] move: Knock Off|[of] p2a: Clefable
|
|-heal|p1a: Pecharunt|63/100|[from] Grassy Terrain
|-heal|p2a: Clefable|70/100|[from] Grassy Terrain
|-heal|p2a: Clefable|76/100|[from] item: Leftovers
|upkeep
|turn|15
|
|t:|1758299718
|switch|p2a: Iron Crown|Iron Crown|53/100
|-activate|p2a: Iron Crown|move: Sticky Web
|-unboost|p2a: Iron Crown|spe|1
|move|p1a: Pecharunt|Recover|p1a: Pecharunt
|-heal|p1a: Pecharunt|100/100
|
|-heal|p2a: Iron Crown|59/100|[from] Grassy Terrain
|upkeep
|turn|16
|
|t:|1758299732
|move|p2a: Iron Crown|Future Sight|p1a: Pecharunt
|-start|p2a: Iron Crown|move: Future Sight
|move|p1a: Pecharunt|Hex|p2a: Iron Crown
|-supereffective|p2a: Iron Crown
|-damage|p2a: Iron Crown|34/100
|
|-heal|p2a: Iron Crown|40/100|[from] Grassy Terrain
|-fieldend|move: Grassy Terrain
|upkeep
|turn|17
|
|t:|1758299744
|move|p2a: Iron Crown|Tachyon Cutter|p1a: Pecharunt
|-damage|p1a: Pecharunt|76/100
|-damage|p1a: Pecharunt|50/100
|-hitcount|p1a: Pecharunt|2
|move|p1a: Pecharunt|Curse|p2a: Iron Crown
|-start|p2a: Iron Crown|Curse|[of] p1a: Pecharunt
|-damage|p1a: Pecharunt|0 fnt
|faint|p1a: Pecharunt
|
|-damage|p2a: Iron Crown|15/100|[from] Curse
|upkeep
|
|t:|1758299756
|switch|p1a: Latias|Latias, F|100/100
|-damage|p1a: Latias|88/100|[from] Stealth Rock
|turn|18
|
|t:|1758299767
|move|p1a: Latias|Psyshock|p2a: Iron Crown
|-resisted|p2a: Iron Crown
|-damage|p2a: Iron Crown|6/100
|move|p2a: Iron Crown|Volt Switch|p1a: Latias
|-resisted|p1a: Latias
|-damage|p1a: Latias|83/100
|
|t:|1758299773
|-end|p2a: Iron Crown|Quark Drive|[silent]
|switch|p2a: Clefable|Clefable, M|76/100|[from] Volt Switch
|-activate|p2a: Clefable|move: Sticky Web
|-unboost|p2a: Clefable|spe|1
|
|-end|p1a: Latias|move: Future Sight
|-resisted|p1a: Latias
|-damage|p1a: Latias|69/100
|-heal|p2a: Clefable|82/100|[from] item: Leftovers
|upkeep
|turn|19
|
|t:|1758299785
|-terastallize|p1a: Latias|Fairy
|move|p1a: Latias|Psyshock|p2a: Clefable
|-damage|p2a: Clefable|56/100
|move|p2a: Clefable|Moonblast|p1a: Latias
|-damage|p1a: Latias|55/100
|
|-heal|p2a: Clefable|62/100|[from] item: Leftovers
|upkeep
|turn|20
|inactive|ItsDaFlaminLlama has 120 seconds left.
|l|☆ItsDaFlaminLlama
|inactive|ItsDaFlaminLlama disconnected and has a minute to reconnect!
|player|p1|
|j|☆ItsDaFlaminLlama
|inactive|ItsDaFlaminLlama reconnected and has 105 seconds left.
|player|p1|ItsDaFlaminLlama|265|
|inactive|ItsDaFlaminLlama has 90 seconds left.
|-message|ItsDaFlaminLlama forfeited.
|
|win|shatterstar1998
|raw|ItsDaFlaminLlama's rating: 1250 &rarr; <strong>1222</strong><br />(-28 for losing)
|raw|shatterstar1998's rating: 1210 &rarr; <strong>1238</strong><br />(+28 for winning)
|l|☆ItsDaFlaminLlama
|player|p1|
|l|☆shatterstar1998
|player|p2|
