|j|☆wtb3434098
|j|☆rickky
|t:|1758347003
|gametype|singles
|player|p1|wtb3434098|lucas|1389
|player|p2|rickky|nate|1362
|gen|9
|tier|[Gen 9] OU
|rated|
|rule|HP Percentage Mod: HP is shown in percentages
|rule|Endless Battle Clause: Forcing endless battles is banned
|rule|Species Clause: Limit one of each Pokémon
|rule|OHKO Clause: OHKO moves are banned
|rule|Evasion Items Clause: Evasion items are banned
|rule|Evasion Moves Clause: Evasion moves are banned
|rule|Evasion Abilities Clause: Evasion abilities are banned
|rule|Sleep Moves Clause: Sleep-inducing moves are banned
|clearpoke
|poke|p1|Ninetales-Alola, F|
|poke|p1|Slowbro-Galar, F|
|poke|p1|Kingambit, F|
|poke|p1|Ursaluna, M|
|poke|p1|Cloyster, M|
|poke|p1|Corviknight, F|
|poke|p2|Charizard, M|
|poke|p2|Rotom-Wash|
|poke|p2|Torkoal, M|
|poke|p2|Corviknight, M|
|poke|p2|Ursaluna, M|
|poke|p2|Slither Wing|
|teampreview
|
|t:|1758347012
|teamsize|p1|6
|teamsize|p2|6
|start
|switch|p1a: Corviknight|Corviknight, F|100/100
|switch|p2a: Rotom|Rotom-Wash, shiny|100/100
|-ability|p1a: Corviknight|Pressure
|turn|1
|inactive|Battle timer is ON: inactive players will automatically lose when time's up. (requested by wtb3434098)
|
|t:|1758347023
|move|p2a: Rotom|Hydro Pump|p1a: Corviknight|[miss]
|-miss|p2a: Rotom|p1a: Corviknight
|move|p1a: Corviknight|U-turn|p2a: Rotom
|-damage|p2a: Rotom|84/100
|
|t:|1758347033
|switch|p1a: Ninetales|Ninetales-Alola, F|100/100|[from] U-turn
|-weather|Snowscape|[from] ability: Snow Warning|[of] p1a: Ninetales
|
|-weather|Snowscape|[upkeep]
|-heal|p2a: Rotom|90/100|[from] item: Leftovers
|upkeep
|turn|2
|
|t:|1758347044
|switch|p1a: Ursaluna|Ursaluna, M, shiny|100/100
|move|p2a: Rotom|Will-O-Wisp|p1a: Ursaluna
|-status|p1a: Ursaluna|brn
|
|-weather|Snowscape|[upkeep]
|-heal|p2a: Rotom|96/100|[from] item: Leftovers
|-damage|p1a: Ursaluna|94/100 brn|[from] brn
|upkeep
|turn|3
|
|t:|1758347057
|switch|p2a: Corviknight|Corviknight, M|100/100
|-terastallize|p1a: Ursaluna|Normal
|move|p1a: Ursaluna|Facade|p2a: Corviknight
|-resisted|p2a: Corviknight
|-damage|p2a: Corviknight|49/100
|-damage|p1a: Ursaluna|78/100 brn|[from] item: Rocky Helmet|[of] p2a: Corviknight
|
|-weather|Snowscape|[upkeep]
|-damage|p1a: Ursaluna|71/100 brn|[from] brn
|upkeep
|turn|4
|
|t:|1758347077
|move|p2a: Corviknight|U-turn|p1a: Ursaluna
|-damage|p1a: Ursaluna|61/100 brn
|
|t:|1758347084
|switch|p2a: Torkoal|Torkoal, M|100/100|[from] U-turn
|-weather|SunnyDay|[from] ability: Drought|[of] p2a: Torkoal
|move|p1a: Ursaluna|Headlong Rush|p2a: Torkoal
|-supereffective|p2a: Torkoal
|-damage|p2a: Torkoal|0 fnt
|-unboost|p1a: Ursaluna|def|1
|-unboost|p1a: Ursaluna|spd|1
|faint|p2a: Torkoal
|
|-weather|SunnyDay|[upkeep]
|-damage|p1a: Ursaluna|55/100 brn|[from] brn
|upkeep
|
|t:|1758347098
|switch|p2a: Charizard|Charizard, M, shiny|100/100
|turn|5
|
|t:|1758347108
|switch|p1a: Ninetales|Ninetales-Alola, F|100/100
|-weather|Snowscape|[from] ability: Snow Warning|[of] p1a: Ninetales
|move|p2a: Charizard|Flamethrower|p1a: Ninetales
|-supereffective|p1a: Ninetales
|-damage|p1a: Ninetales|4/100
|
|-weather|Snowscape|[upkeep]
|upkeep
|turn|6
|
|t:|1758347118
|move|p2a: Charizard|Flamethrower|p1a: Ninetales
|-supereffective|p1a: Ninetales
|-damage|p1a: Ninetales|0 fnt
|faint|p1a: Ninetales
|
|-weather|Snowscape|[upkeep]
|upkeep
|
|t:|1758347128
|switch|p1a: Ursaluna|Ursaluna, M, shiny, tera:Normal|55/100 brn
|turn|7
|
|t:|1758347135
|switch|p2a: Corviknight|Corviknight, M|49/100
|move|p1a: Ursaluna|Facade|p2a: Corviknight
|-resisted|p2a: Corviknight
|-damage|p2a: Corviknight|0 fnt
|-damage|p1a: Ursaluna|39/100 brn|[from] item: Rocky Helmet|[of] p2a: Corviknight
|faint|p2a: Corviknight
|
|-weather|Snowscape|[upkeep]
|-damage|p1a: Ursaluna|32/100 brn|[from] brn
|upkeep
|
|t:|1758347150
|switch|p2a: Rotom|Rotom-Wash, shiny|96/100
|turn|8
|
|t:|1758347155
|move|p2a: Rotom|Hydro Pump|p1a: Ursaluna
|-damage|p1a: Ursaluna|0 fnt
|faint|p1a: Ursaluna
|
|-weather|Snowscape|[upkeep]
|-heal|p2a: Rotom|100/100|[from] item: Leftovers
|upkeep
|
|t:|1758347166
|switch|p1a: Slowbro|Slowbro-Galar, F|100/100
|turn|9
|
|t:|1758347174
|move|p2a: Rotom|Volt Switch|p1a: Slowbro
|-damage|p1a: Slowbro|71/100
|
|t:|1758347178
|switch|p2a: Slither Wing|Slither Wing|100/100|[from] Volt Switch
|move|p1a: Slowbro|Belly Drum|p1a: Slowbro
|-damage|p1a: Slowbro|21/100
|-setboost|p1a: Slowbro|atk|6|[from] move: Belly Drum
|
|-weather|none
|upkeep
|turn|10
|-activate|p1a: Slowbro|ability: Quick Draw
|
|t:|1758347188
|move|p2a: Slither Wing|First Impression|p1a: Slowbro
|-damage|p1a: Slowbro|0 fnt
|faint|p1a: Slowbro
|
|upkeep
|
|t:|1758347196
|switch|p1a: Cloyster|Cloyster, M|100/100
|turn|11
|
|t:|1758347204
|move|p1a: Cloyster|Shell Smash|p1a: Cloyster
|-unboost|p1a: Cloyster|def|1
|-unboost|p1a: Cloyster|spd|1
|-boost|p1a: Cloyster|atk|2
|-boost|p1a: Cloyster|spa|2
|-boost|p1a: Cloyster|spe|2
|move|p2a: Slither Wing|Brick Break|p1a: Cloyster
|-supereffective|p1a: Cloyster
|-enditem|p1a: Cloyster|Focus Sash
|-damage|p1a: Cloyster|1/100
|
|upkeep
|turn|12
|
|t:|1758347217
|move|p1a: Cloyster|Icicle Spear|p2a: Slither Wing
|-damage|p2a: Slither Wing|76/100
|-damage|p2a: Slither Wing|55/100
|-damage|p2a: Slither Wing|30/100
|-damage|p2a: Slither Wing|8/100
|-damage|p2a: Slither Wing|0 fnt
|faint|p2a: Slither Wing
|-end|p2a: Slither Wing|Protosynthesis|[silent]
|-hitcount|p2: Slither Wing|5
|
|upkeep
|
|t:|1758347227
|switch|p2a: Rotom|Rotom-Wash, shiny|100/100
|turn|13
|
|t:|1758347231
|move|p1a: Cloyster|Rock Blast|p2a: Rotom|[miss]
|-miss|p1a: Cloyster|p2a: Rotom
|move|p2a: Rotom|Volt Switch|p1a: Cloyster
|-supereffective|p1a: Cloyster
|-damage|p1a: Cloyster|0 fnt
|faint|p1a: Cloyster
|
|t:|1758347241
|switch|p2a: Charizard|Charizard, M, shiny|100/100|[from] Volt Switch
|
|upkeep
|
|t:|1758347245
|switch|p1a: Kingambit|Kingambit, F|100/100
|-activate|p1a: Kingambit|ability: Supreme Overlord
|-start|p1a: Kingambit|fallen4|[silent]
|-item|p1a: Kingambit|Air Balloon
|turn|14
|
|t:|1758347252
|move|p1a: Kingambit|Sucker Punch|p2a: Charizard
|-damage|p2a: Charizard|20/100
|move|p2a: Charizard|Flamethrower|p1a: Kingambit
|-supereffective|p1a: Kingambit
|-damage|p1a: Kingambit|9/100
|-enditem|p1a: Kingambit|Air Balloon
|
|upkeep
|turn|15
|
|t:|1758347261
|move|p1a: Kingambit|Sucker Punch|p2a: Charizard
|-damage|p2a: Charizard|0 fnt
|faint|p2a: Charizard
|
|upkeep
|
|t:|1758347266
|switch|p2a: Ursaluna|Ursaluna, M, shiny|100/100
|turn|16
|
|t:|1758347270
|move|p1a: Kingambit|Iron Head|p2a: Ursaluna
|-damage|p2a: Ursaluna|58/100
|move|p2a: Ursaluna|Fire Punch|p1a: Kingambit
|-supereffective|p1a: Kingambit
|-damage|p1a: Kingambit|0 fnt
|faint|p1a: Kingambit
|-end|p1a: Kingambit|fallen4|[silent]
|
|-status|p2a: Ursaluna|brn|[from] item: Flame Orb
|upkeep
|-message|wtb3434098 forfeited.
|
|win|rickky
|raw|wtb3434098's rating: 1389 &rarr; <strong>1367</strong><br />(-22 for losing)
|raw|rickky's rating: 1362 &rarr; <strong>1384</strong><br />(+22 for winning)
|l|☆wtb3434098
|player|p1|
|l|☆rickky
|player|p2|
