|j|☆zbddb
|j|☆ynymzt
|t:|1758256628
|gametype|singles
|player|p1|zbddb|266|
|player|p2|ynymzt|cynthia-gen4|
|gen|9
|tier|[Gen 9] OU
|rule|HP Percentage Mod: HP is shown in percentages
|rule|Endless Battle Clause: Forcing endless battles is banned
|rule|Species Clause: Limit one of each Pokémon
|rule|OHKO Clause: OHKO moves are banned
|rule|Evasion Items Clause: Evasion items are banned
|rule|Evasion Moves Clause: Evasion moves are banned
|rule|Evasion Abilities Clause: Evasion abilities are banned
|rule|Sleep Moves Clause: Sleep-inducing moves are banned
|clearpoke
|poke|p1|Serperior, F|
|poke|p1|Cinderace, M|
|poke|p1|Great Tusk|
|poke|p1|Cloyster, M|
|poke|p1|Dragonite, F|
|poke|p1|Rotom-Wash|
|poke|p2|Serperior, F|
|poke|p2|Samurott-Hisui, M|
|poke|p2|Iron Moth|
|poke|p2|Iron Treads|
|poke|p2|Gholdengo|
|poke|p2|Moltres|
|teampreview
|inactive|Battle timer is ON: inactive players will automatically lose when time's up. (requested by zbddb)
|
|t:|1758256633
|teamsize|p1|6
|teamsize|p2|6
|start
|switch|p1a: Rotom|Rotom-Wash, shiny|100/100
|switch|p2a: Samurott|Samurott-Hisui, M|100/100
|turn|1
|
|t:|1758256647
|switch|p2a: Iron Treads|Iron Treads|100/100
|-item|p2a: Iron Treads|Air Balloon
|move|p1a: Rotom|Reflect|p1a: Rotom
|-sidestart|p1: zbddb|Reflect
|
|upkeep
|turn|2
|
|t:|1758256655
|switch|p1a: Cloyster|Cloyster, M, shiny|100/100
|move|p2a: Iron Treads|Stealth Rock|p1a: Cloyster
|-sidestart|p1: zbddb|move: Stealth Rock
|
|upkeep
|turn|3
|
|t:|1758256667
|-end|p2a: Iron Treads|Quark Drive|[silent]
|switch|p2a: Serperior|Serperior, F|100/100
|move|p1a: Cloyster|Icicle Spear|p2a: Serperior
|-supereffective|p2a: Serperior
|-damage|p2a: Serperior|76/100
|-supereffective|p2a: Serperior
|-damage|p2a: Serperior|49/100
|-supereffective|p2a: Serperior
|-crit|p2a: Serperior
|-damage|p2a: Serperior|12/100
|-supereffective|p2a: Serperior
|-damage|p2a: Serperior|0 fnt
|faint|p2a: Serperior
|-hitcount|p2: Serperior|4
|
|upkeep
|
|t:|1758256685
|switch|p2a: Samurott|Samurott-Hisui, M|100/100
|turn|4
|
|t:|1758256692
|switch|p1a: Great Tusk|Great Tusk|100/100
|move|p2a: Samurott|Ceaseless Edge|p1a: Great Tusk|[miss]
|-miss|p2a: Samurott|p1a: Great Tusk
|
|upkeep
|turn|5
|
|t:|1758256700
|move|p1a: Great Tusk|Rapid Spin|p2a: Samurott
|-damage|p2a: Samurott|80/100
|-boost|p1a: Great Tusk|spe|1
|-sideend|p1: zbddb|Stealth Rock|[from] move: Rapid Spin|[of] p1a: Great Tusk
|move|p2a: Samurott|Ceaseless Edge|p1a: Great Tusk|[miss]
|-miss|p2a: Samurott|p1a: Great Tusk
|
|-sideend|p1: zbddb|Reflect
|upkeep
|turn|6
|-message|ynymzt forfeited.
|
|win|zbddb
|l|☆ynymzt
|player|p2|
|j|☆ynymzt
|player|p2|ynymzt|cynthia-gen4|
