|j|☆partyt0mb
|j|☆yin_open
|t:|1758317774
|gametype|singles
|player|p1|partyt0mb|pokemaniac|1207
|player|p2|yin_open|n|1217
|gen|9
|tier|[Gen 9] OU
|rated|
|rule|HP Percentage Mod: HP is shown in percentages
|rule|Endless Battle Clause: Forcing endless battles is banned
|rule|Species Clause: Limit one of each Pokémon
|rule|OHKO Clause: OHKO moves are banned
|rule|Evasion Items Clause: Evasion items are banned
|rule|Evasion Moves Clause: Evasion moves are banned
|rule|Evasion Abilities Clause: Evasion abilities are banned
|rule|Sleep Moves Clause: Sleep-inducing moves are banned
|clearpoke
|poke|p1|Gholdengo|
|poke|p1|Samurott-Hisui, M|
|poke|p1|Cinderace, F|
|poke|p1|Great Tusk|
|poke|p1|Zapdos|
|poke|p1|Dragonite, F|
|poke|p2|Lokix, F|
|poke|p2|Cinderace, M|
|poke|p2|Great Tusk|
|poke|p2|Alomomola, M|
|poke|p2|Enamorus, F|
|poke|p2|Slowking-Galar, M|
|teampreview
|inactive|Battle timer is ON: inactive players will automatically lose when time's up. (requested by partyt0mb)
|l|☆yin_open
|inactive|yin_open disconnected and has a minute to reconnect!
|player|p2|
|j|☆yin_open
|inactive|yin_open reconnected and has 135 seconds left.
|player|p2|yin_open|n|
|
|t:|1758317799
|teamsize|p1|6
|teamsize|p2|6
|start
|switch|p1a: Cinderace|Cinderace, F|100/100
|switch|p2a: Great Tusk|Great Tusk|100/100
|turn|1
|
|t:|1758317803
|move|p1a: Cinderace|U-turn|p2a: Great Tusk
|-start|p1a: Cinderace|typechange|Bug|[from] ability: Libero
|-resisted|p2a: Great Tusk
|-damage|p2a: Great Tusk|88/100
|
|t:|1758317809
|switch|p1a: Samurott|Samurott-Hisui, M|100/100|[from] U-turn
|move|p2a: Great Tusk|Bulk Up|p2a: Great Tusk
|-boost|p2a: Great Tusk|atk|1
|-boost|p2a: Great Tusk|def|1
|
|-heal|p2a: Great Tusk|94/100|[from] item: Leftovers
|upkeep
|turn|2
|
|t:|1758317813
|move|p1a: Samurott|Aqua Cutter|p2a: Great Tusk
|-supereffective|p2a: Great Tusk
|-damage|p2a: Great Tusk|67/100
|move|p2a: Great Tusk|Rapid Spin|p1a: Samurott
|-damage|p1a: Samurott|78/100
|-boost|p2a: Great Tusk|spe|1
|
|-heal|p2a: Great Tusk|73/100|[from] item: Leftovers
|upkeep
|turn|3
|
|t:|1758317818
|move|p2a: Great Tusk|Rapid Spin|p1a: Samurott
|-damage|p1a: Samurott|53/100
|-boost|p2a: Great Tusk|spe|1
|move|p1a: Samurott|Aqua Cutter|p2a: Great Tusk
|-supereffective|p2a: Great Tusk
|-damage|p2a: Great Tusk|43/100
|
|-heal|p2a: Great Tusk|50/100|[from] item: Leftovers
|upkeep
|turn|4
|
|t:|1758317821
|move|p2a: Great Tusk|Earthquake|p1a: Samurott
|-damage|p1a: Samurott|0 fnt
|faint|p1a: Samurott
|
|-heal|p2a: Great Tusk|56/100|[from] item: Leftovers
|upkeep
|
|t:|1758317828
|switch|p1a: Dragonite|Dragonite, F|100/100
|turn|5
|
|t:|1758317831
|move|p2a: Great Tusk|Knock Off|p1a: Dragonite
|-damage|p1a: Dragonite|80/100
|-enditem|p1a: Dragonite|Heavy-Duty Boots|[from] move: Knock Off|[of] p2a: Great Tusk
|move|p1a: Dragonite|Dragon Tail|p2a: Great Tusk
|-damage|p2a: Great Tusk|45/100
|-end|p2a: Great Tusk|Protosynthesis|[silent]
|drag|p2a: Cinderace|Cinderace, M|100/100
|
|upkeep
|turn|6
|
|t:|1758317834
|move|p2a: Cinderace|Will-O-Wisp|p1a: Dragonite
|-status|p1a: Dragonite|brn
|move|p1a: Dragonite|Earthquake|p2a: Cinderace
|-supereffective|p2a: Cinderace
|-damage|p2a: Cinderace|68/100
|
|-damage|p1a: Dragonite|74/100 brn|[from] brn
|upkeep
|turn|7
|
|t:|1758317837
|move|p2a: Cinderace|U-turn|p1a: Dragonite
|-resisted|p1a: Dragonite
|-damage|p1a: Dragonite|65/100 brn
|
|t:|1758317840
|switch|p2a: Enamorus|Enamorus, F|100/100|[from] U-turn
|move|p1a: Dragonite|Roost|p1a: Dragonite
|-heal|p1a: Dragonite|100/100 brn
|-singleturn|p1a: Dragonite|move: Roost
|
|-damage|p1a: Dragonite|94/100 brn|[from] brn
|upkeep
|turn|8
|
|t:|1758317846
|switch|p1a: Gholdengo|Gholdengo|100/100
|move|p2a: Enamorus|Moonblast|p1a: Gholdengo
|-resisted|p1a: Gholdengo
|-damage|p1a: Gholdengo|65/100
|
|upkeep
|turn|9
|
|t:|1758317850
|switch|p2a: Great Tusk|Great Tusk|45/100
|move|p1a: Gholdengo|Make It Rain|p2a: Great Tusk
|-damage|p2a: Great Tusk|0 fnt
|-unboost|p1a: Gholdengo|spa|1
|faint|p2a: Great Tusk
|-end|p2a: Great Tusk|Protosynthesis|[silent]
|
|upkeep
|
|t:|1758317859
|switch|p2a: Enamorus|Enamorus, F|100/100
|turn|10
|
|t:|1758317861
|move|p2a: Enamorus|Earth Power|p1a: Gholdengo
|-supereffective|p1a: Gholdengo
|-damage|p1a: Gholdengo|0 fnt
|faint|p1a: Gholdengo
|
|upkeep
|
|t:|1758317865
|switch|p1a: Cinderace|Cinderace, F|100/100
|turn|11
|
|t:|1758317869
|move|p2a: Enamorus|Earth Power|p1a: Cinderace
|-supereffective|p1a: Cinderace
|-damage|p1a: Cinderace|0 fnt
|faint|p1a: Cinderace
|
|upkeep
|
|t:|1758317874
|switch|p1a: Zapdos|Zapdos|100/100
|turn|12
|
|t:|1758317877
|switch|p2a: Cinderace|Cinderace, M|68/100
|move|p1a: Zapdos|Thunder Wave|p2a: Cinderace
|-status|p2a: Cinderace|par
|
|upkeep
|turn|13
|
|t:|1758317883
|move|p1a: Zapdos|Discharge|p2a: Cinderace
|-damage|p2a: Cinderace|25/100 par
|cant|p2a: Cinderace|par
|
|upkeep
|turn|14
|
|t:|1758317886
|move|p1a: Zapdos|Discharge|p2a: Cinderace
|-damage|p2a: Cinderace|0 fnt
|faint|p2a: Cinderace
|
|upkeep
|
|t:|1758317890
|switch|p2a: Enamorus|Enamorus, F|100/100
|turn|15
|
|t:|1758317893
|move|p2a: Enamorus|Moonblast|p1a: Zapdos
|-damage|p1a: Zapdos|47/100
|move|p1a: Zapdos|Thunder Wave|p2a: Enamorus
|-status|p2a: Enamorus|par
|
|upkeep
|turn|16
|
|t:|1758317896
|move|p1a: Zapdos|Roost|p1a: Zapdos
|-heal|p1a: Zapdos|97/100
|-singleturn|p1a: Zapdos|move: Roost
|move|p2a: Enamorus|Moonblast|p1a: Zapdos
|-damage|p1a: Zapdos|44/100
|
|upkeep
|turn|17
|
|t:|1758317899
|move|p1a: Zapdos|Roost|p1a: Zapdos
|-heal|p1a: Zapdos|94/100
|-singleturn|p1a: Zapdos|move: Roost
|move|p2a: Enamorus|Moonblast|p1a: Zapdos
|-damage|p1a: Zapdos|43/100
|
|upkeep
|turn|18
|
|t:|1758317904
|switch|p2a: Lokix|Lokix, F|100/100
|move|p1a: Zapdos|Roost|p1a: Zapdos
|-heal|p1a: Zapdos|93/100
|-singleturn|p1a: Zapdos|move: Roost
|
|upkeep
|turn|19
|
|t:|1758317907
|move|p1a: Zapdos|Thunder Wave|p2a: Lokix
|-status|p2a: Lokix|par
|move|p2a: Lokix|Knock Off|p1a: Zapdos
|-damage|p1a: Zapdos|26/100
|-enditem|p1a: Zapdos|Heavy-Duty Boots|[from] move: Knock Off|[of] p2a: Lokix
|
|upkeep
|turn|20
|
|t:|1758317909
|move|p1a: Zapdos|Roost|p1a: Zapdos
|-heal|p1a: Zapdos|76/100
|-singleturn|p1a: Zapdos|move: Roost
|move|p2a: Lokix|Knock Off|p1a: Zapdos
|-damage|p1a: Zapdos|25/100
|
|upkeep
|turn|21
|
|t:|1758317913
|move|p1a: Zapdos|Roost|p1a: Zapdos
|-heal|p1a: Zapdos|75/100
|-singleturn|p1a: Zapdos|move: Roost
|move|p2a: Lokix|Knock Off|p1a: Zapdos
|-damage|p1a: Zapdos|27/100
|
|upkeep
|turn|22
|
|t:|1758317917
|switch|p1a: Great Tusk|Great Tusk|100/100
|switch|p2a: Enamorus|Enamorus, F|100/100 par
|
|upkeep
|turn|23
|
|t:|1758317934
|-terastallize|p1a: Great Tusk|Fairy
|move|p1a: Great Tusk|Ice Spinner|p2a: Enamorus
|-supereffective|p2a: Enamorus
|-damage|p2a: Enamorus|11/100 par
|move|p2a: Enamorus|Moonblast|p1a: Great Tusk
|-damage|p1a: Great Tusk|11/100
|-unboost|p1a: Great Tusk|spa|1
|
|upkeep
|turn|24
|
|t:|1758317939
|move|p1a: Great Tusk|Rapid Spin|p2a: Enamorus
|-damage|p2a: Enamorus|0 fnt
|-boost|p1a: Great Tusk|spe|1
|faint|p2a: Enamorus
|
|upkeep
|
|t:|1758317943
|switch|p2a: Lokix|Lokix, F|100/100 par
|turn|25
|
|t:|1758317948
|-end|p1a: Great Tusk|Protosynthesis|[silent]
|switch|p1a: Dragonite|Dragonite, F|94/100 brn
|move|p2a: Lokix|First Impression|p1a: Dragonite
|-resisted|p1a: Dragonite
|-damage|p1a: Dragonite|35/100 brn
|
|-damage|p1a: Dragonite|28/100 brn|[from] brn
|upkeep
|turn|26
|
|t:|1758317951
|switch|p2a: Slowking|Slowking-Galar, M|100/100
|move|p1a: Dragonite|Roost|p1a: Dragonite
|-heal|p1a: Dragonite|78/100 brn
|-singleturn|p1a: Dragonite|move: Roost
|
|-damage|p1a: Dragonite|72/100 brn|[from] brn
|upkeep
|turn|27
|
|t:|1758317957
|move|p1a: Dragonite|Earthquake|p2a: Slowking
|-supereffective|p2a: Slowking
|-enditem|p2a: Slowking|Shuca Berry|[eat]
|-enditem|p2a: Slowking|Shuca Berry|[weaken]
|-damage|p2a: Slowking|89/100
|move|p2a: Slowking|Ice Beam|p1a: Dragonite
|-supereffective|p1a: Dragonite
|-damage|p1a: Dragonite|0 fnt
|faint|p1a: Dragonite
|
|upkeep
|
|t:|1758317964
|switch|p1a: Great Tusk|Great Tusk, tera:Fairy|11/100
|turn|28
|
|t:|1758317966
|switch|p2a: Lokix|Lokix, F|100/100 par
|move|p1a: Great Tusk|Headlong Rush|p2a: Lokix
|-resisted|p2a: Lokix
|-damage|p2a: Lokix|52/100 par
|-unboost|p1a: Great Tusk|def|1
|-unboost|p1a: Great Tusk|spd|1
|
|upkeep
|turn|29
|
|t:|1758317971
|move|p2a: Lokix|First Impression|p1a: Great Tusk
|-resisted|p1a: Great Tusk
|-damage|p1a: Great Tusk|0 fnt
|faint|p1a: Great Tusk
|-end|p1a: Great Tusk|Protosynthesis|[silent]
|
|upkeep
|
|t:|1758317972
|switch|p1a: Zapdos|Zapdos|27/100
|turn|30
|
|t:|1758317975
|switch|p2a: Slowking|Slowking-Galar, M|100/100
|move|p1a: Zapdos|Discharge|p2a: Slowking
|-damage|p2a: Slowking|74/100
|-status|p2a: Slowking|par
|
|upkeep
|turn|31
|
|t:|1758317978
|move|p1a: Zapdos|Roost|p1a: Zapdos
|-heal|p1a: Zapdos|77/100
|-singleturn|p1a: Zapdos|move: Roost
|move|p2a: Slowking|Ice Beam|p1a: Zapdos
|-damage|p1a: Zapdos|55/100
|
|upkeep
|turn|32
|
|t:|1758317981
|move|p1a: Zapdos|Roost|p1a: Zapdos
|-heal|p1a: Zapdos|100/100
|-singleturn|p1a: Zapdos|move: Roost
|move|p2a: Slowking|Sludge Bomb|p1a: Zapdos
|-damage|p1a: Zapdos|65/100
|-status|p1a: Zapdos|psn
|
|-damage|p1a: Zapdos|53/100 psn|[from] psn
|upkeep
|turn|33
|
|t:|1758317984
|move|p1a: Zapdos|Discharge|p2a: Slowking
|-damage|p2a: Slowking|47/100 par
|-prepare|p2a: Slowking|Chilly Reception|[premajor]
|move|p2a: Slowking|Chilly Reception|p2a: Slowking
|-weather|Snowscape
|
|t:|1758317987
|switch|p2a: Alomomola|Alomomola, M|100/100|[from] Chilly Reception
|
|-weather|Snowscape|[upkeep]
|-damage|p1a: Zapdos|40/100 psn|[from] psn
|upkeep
|turn|34
|
|t:|1758317990
|move|p1a: Zapdos|Discharge|p2a: Alomomola
|-supereffective|p2a: Alomomola
|-damage|p2a: Alomomola|71/100
|move|p2a: Alomomola|Mirror Coat|p1a: Zapdos
|-damage|p1a: Zapdos|0 fnt
|faint|p1a: Zapdos
|
|win|yin_open
|raw|partyt0mb's rating: 1207 &rarr; <strong>1183</strong><br />(-24 for losing)
|raw|yin_open's rating: 1217 &rarr; <strong>1241</strong><br />(+24 for winning)
|l|☆partyt0mb
|player|p1|
