|j|☆quixic4
|j|☆damprockstar
|t:|1758298754
|gametype|singles
|player|p1|quixic4|ingo|1113
|player|p2|damprockstar|ghetsis|1168
|gen|9
|tier|[Gen 9] OU
|rated|
|rule|HP Percentage Mod: HP is shown in percentages
|rule|Endless Battle Clause: Forcing endless battles is banned
|rule|Species Clause: Limit one of each Pokémon
|rule|OHKO Clause: OHKO moves are banned
|rule|Evasion Items Clause: Evasion items are banned
|rule|Evasion Moves Clause: Evasion moves are banned
|rule|Evasion Abilities Clause: Evasion abilities are banned
|rule|Sleep Moves Clause: Sleep-inducing moves are banned
|clearpoke
|poke|p1|Polteageist|
|poke|p1|Sinistcha|
|poke|p1|Appletun, M|
|poke|p1|Hydrapple, M|
|poke|p1|Cacturne, M|
|poke|p1|Comfey, M|
|poke|p2|Falinks|
|poke|p2|Polteageist|
|poke|p2|Cinderace, M|
|poke|p2|Regidrago|
|poke|p2|Skeledirge, M|
|poke|p2|Cinccino, F|
|teampreview
|inactive|Battle timer is ON: inactive players will automatically lose when time's up. (requested by damprockstar)
|
|t:|1758298776
|teamsize|p1|6
|teamsize|p2|6
|start
|switch|p1a: Polteageist|Polteageist|100/100
|switch|p2a: Falinks|Falinks|100/100
|turn|1
|
|t:|1758298784
|move|p2a: Falinks|Knock Off|p1a: Polteageist
|-supereffective|p1a: Polteageist
|-enditem|p1a: Polteageist|Focus Sash
|-damage|p1a: Polteageist|1/100
|-ability|p1a: Polteageist|Weak Armor|boost
|-unboost|p1a: Polteageist|def|1
|-boost|p1a: Polteageist|spe|2
|move|p1a: Polteageist|Shell Smash|p1a: Polteageist
|-unboost|p1a: Polteageist|def|1
|-unboost|p1a: Polteageist|spd|1
|-boost|p1a: Polteageist|atk|2
|-boost|p1a: Polteageist|spa|2
|-boost|p1a: Polteageist|spe|2
|
|upkeep
|turn|2
|
|t:|1758298812
|-terastallize|p2a: Falinks|Steel
|move|p1a: Polteageist|Stored Power|p2a: Falinks
|-resisted|p2a: Falinks
|-damage|p2a: Falinks|0 fnt
|faint|p2a: Falinks
|
|upkeep
|inactive|damprockstar has 120 seconds left.
|inactive|damprockstar has 90 seconds left.
|
|t:|1758298868
|switch|p2a: Polteageist|Polteageist|100/100
|turn|3
|
|t:|1758298876
|move|p1a: Polteageist|Stored Power|p2a: Polteageist
|-enditem|p2a: Polteageist|Focus Sash
|-damage|p2a: Polteageist|1/100
|move|p2a: Polteageist|Shadow Ball|p1a: Polteageist
|-supereffective|p1a: Polteageist
|-damage|p1a: Polteageist|0 fnt
|faint|p1a: Polteageist
|
|upkeep
|
|t:|1758298884
|switch|p1a: Pine|Cacturne, M|100/100
|turn|4
|inactive|damprockstar has 90 seconds left.
|
|t:|1758298897
|switch|p2a: Skeledirge|Skeledirge, M|100/100
|move|p1a: Pine|Swords Dance|p1a: Pine
|-boost|p1a: Pine|atk|2
|
|upkeep
|turn|5
|inactive|damprockstar has 90 seconds left.
|
|t:|1758298906
|move|p1a: Pine|Endeavor|p2a: Skeledirge
|-immune|p2a: Skeledirge
|move|p2a: Skeledirge|Roar|p1a: Pine
|drag|p1a: Sinistcha|Sinistcha|100/100
|
|upkeep
|turn|6
|
|t:|1758298915
|move|p1a: Sinistcha|Calm Mind|p1a: Sinistcha
|-boost|p1a: Sinistcha|spa|1
|-boost|p1a: Sinistcha|spd|1
|move|p2a: Skeledirge|Torch Song|p1a: Sinistcha
|-supereffective|p1a: Sinistcha
|-damage|p1a: Sinistcha|62/100
|-boost|p2a: Skeledirge|spa|1
|
|-heal|p1a: Sinistcha|68/100|[from] item: Leftovers
|upkeep
|turn|7
|
|t:|1758298925
|move|p1a: Sinistcha|Calm Mind|p1a: Sinistcha
|-boost|p1a: Sinistcha|spa|1
|-boost|p1a: Sinistcha|spd|1
|move|p2a: Skeledirge|Torch Song|p1a: Sinistcha
|-supereffective|p1a: Sinistcha
|-damage|p1a: Sinistcha|12/100
|-boost|p2a: Skeledirge|spa|1
|
|-heal|p1a: Sinistcha|18/100|[from] item: Leftovers
|upkeep
|turn|8
|
|t:|1758298937
|move|p1a: Sinistcha|Strength Sap|p2a: Skeledirge
|-unboost|p2a: Skeledirge|atk|1
|-heal|p1a: Sinistcha|59/100
|move|p2a: Skeledirge|Torch Song|p1a: Sinistcha
|-supereffective|p1a: Sinistcha
|-damage|p1a: Sinistcha|0 fnt
|-boost|p2a: Skeledirge|spa|1
|faint|p1a: Sinistcha
|
|upkeep
|
|t:|1758298950
|switch|p1a: Pine|Cacturne, M|100/100
|turn|9
|
|t:|1758298965
|move|p1a: Pine|Sucker Punch|p2a: Skeledirge
|-supereffective|p2a: Skeledirge
|-damage|p2a: Skeledirge|60/100
|move|p2a: Skeledirge|Torch Song|p1a: Pine
|-supereffective|p1a: Pine
|-enditem|p1a: Pine|Focus Sash
|-damage|p1a: Pine|1/100
|-boost|p2a: Skeledirge|spa|1
|
|-heal|p2a: Skeledirge|66/100|[from] item: Leftovers
|upkeep
|turn|10
|inactive|damprockstar has 120 seconds left.
|
|t:|1758298975
|move|p1a: Pine|Sucker Punch||[still]
|-fail|p1a: Pine
|move|p2a: Skeledirge|Roar|p1a: Pine
|drag|p1a: Hydrapple|Hydrapple, M|100/100
|
|-heal|p2a: Skeledirge|72/100|[from] item: Leftovers
|upkeep
|turn|11
|
|t:|1758298987
|move|p1a: Hydrapple|Sucker Punch|p2a: Skeledirge
|-supereffective|p2a: Skeledirge
|-damage|p2a: Skeledirge|56/100
|move|p2a: Skeledirge|Torch Song|p1a: Hydrapple
|-damage|p1a: Hydrapple|7/100
|-boost|p2a: Skeledirge|spa|1
|
|-heal|p2a: Skeledirge|62/100|[from] item: Leftovers
|upkeep
|turn|12
|
|t:|1758298997
|move|p1a: Hydrapple|Fickle Beam|p2a: Skeledirge|[anim] Fickle Beam All Out
|-activate|p1a: Hydrapple|move: Fickle Beam
|-damage|p2a: Skeledirge|0 fnt
|faint|p2a: Skeledirge
|
|upkeep
|inactive|damprockstar has 120 seconds left.
|
|t:|1758299016
|switch|p2a: Cinderace|Cinderace, M|100/100
|turn|13
|
|t:|1758299025
|move|p1a: Hydrapple|Sucker Punch|p2a: Cinderace
|-damage|p2a: Cinderace|84/100
|move|p2a: Cinderace|U-turn|p1a: Hydrapple
|-start|p2a: Cinderace|typechange|Bug|[from] ability: Libero
|-supereffective|p1a: Hydrapple
|-damage|p1a: Hydrapple|0 fnt
|faint|p1a: Hydrapple
|
|t:|1758299034
|switch|p2a: Cinccino|Cinccino, F|100/100|[from] U-turn
|
|upkeep
|
|t:|1758299040
|switch|p1a: Pine|Cacturne, M|1/100
|turn|14
|
|t:|1758299047
|-terastallize|p1a: Pine|Ghost
|move|p2a: Cinccino|Tidy Up|p2a: Cinccino
|-boost|p2a: Cinccino|atk|1
|-boost|p2a: Cinccino|spe|1
|move|p1a: Pine|Endeavor|p2a: Cinccino
|-damage|p2a: Cinccino|1/100
|
|upkeep
|turn|15
|
|t:|1758299066
|move|p1a: Pine|Sucker Punch||[still]
|-fail|p1a: Pine
|move|p2a: Cinccino|Tidy Up|p2a: Cinccino
|-boost|p2a: Cinccino|atk|1
|-boost|p2a: Cinccino|spe|1
|
|upkeep
|turn|16
|
|t:|1758299076
|move|p2a: Cinccino|Bullet Seed|p1a: Pine
|-damage|p1a: Pine|0 fnt
|faint|p1a: Pine
|-hitcount|p1: Pine|1
|
|upkeep
|
|t:|1758299080
|switch|p1a: Comfey|Comfey, M|100/100
|turn|17
|
|t:|1758299088
|move|p1a: Comfey|Draining Kiss|p2a: Cinccino
|-damage|p2a: Cinccino|0 fnt
|faint|p2a: Cinccino
|
|upkeep
|inactive|damprockstar has 120 seconds left.
|
|t:|1758299137
|switch|p2a: Cinderace|Cinderace, M|84/100
|turn|18
|
|t:|1758299143
|move|p2a: Cinderace|Pyro Ball|p1a: Comfey
|-damage|p1a: Comfey|28/100
|move|p1a: Comfey|Leech Seed|p2a: Cinderace|[miss]
|-miss|p1a: Comfey|p2a: Cinderace
|
|upkeep
|turn|19
|inactive|damprockstar has 120 seconds left.
|
|t:|1758299149
|move|p1a: Comfey|Draining Kiss|p2a: Cinderace
|-resisted|p2a: Cinderace
|-damage|p2a: Cinderace|70/100
|-heal|p1a: Comfey|41/100|[from] drain|[of] p2a: Cinderace
|move|p2a: Cinderace|Pyro Ball|p1a: Comfey
|-damage|p1a: Comfey|0 fnt
|faint|p1a: Comfey
|
|upkeep
|c|☆damprockstar|gg
|
|t:|1758299156
|switch|p1a: Appletun|Appletun, M|100/100
|turn|20
|
|t:|1758299162
|move|p2a: Cinderace|U-turn|p1a: Appletun
|-start|p2a: Cinderace|typechange|Bug|[from] ability: Libero
|-supereffective|p1a: Appletun
|-damage|p1a: Appletun|32/100
|
|t:|1758299168
|switch|p2a: Polteageist|Polteageist|1/100|[from] U-turn
|move|p1a: Appletun|Light Screen|p1a: Appletun
|-sidestart|p1: quixic4|move: Light Screen
|
|-heal|p1a: Appletun|38/100|[from] item: Leftovers
|upkeep
|turn|21
|
|t:|1758299178
|move|p2a: Polteageist|Shell Smash|p2a: Polteageist
|-unboost|p2a: Polteageist|def|1
|-unboost|p2a: Polteageist|spd|1
|-boost|p2a: Polteageist|atk|2
|-boost|p2a: Polteageist|spa|2
|-boost|p2a: Polteageist|spe|2
|move|p1a: Appletun|Apple Acid|p2a: Polteageist
|-damage|p2a: Polteageist|0 fnt
|faint|p2a: Polteageist
|
|-heal|p1a: Appletun|44/100|[from] item: Leftovers
|upkeep
|
|t:|1758299183
|switch|p2a: Regidrago|Regidrago|100/100
|turn|22
|
|t:|1758299192
|move|p2a: Regidrago|Dragon Energy|p1a: Appletun
|-supereffective|p1a: Appletun
|-damage|p1a: Appletun|0 fnt
|faint|p1a: Appletun
|
|win|damprockstar
|raw|quixic4's rating: 1113 &rarr; <strong>1092</strong><br />(-21 for losing)
|raw|damprockstar's rating: 1168 &rarr; <strong>1189</strong><br />(+21 for winning)
|l|☆quixic4
|player|p1|
|l|☆damprockstar
|player|p2|
