|j|☆queenelan
|j|☆AP Precalculus
|t:|1758338568
|gametype|singles
|player|p1|queenelan|265|1524
|player|p2|AP Precalculus|gentleman|1484
|gen|9
|tier|[Gen 9] OU
|rated|
|rule|HP Percentage Mod: HP is shown in percentages
|rule|Endless Battle Clause: Forcing endless battles is banned
|rule|Species Clause: Limit one of each Pokémon
|rule|OHKO Clause: OHKO moves are banned
|rule|Evasion Items Clause: Evasion items are banned
|rule|Evasion Moves Clause: Evasion moves are banned
|rule|Evasion Abilities Clause: Evasion abilities are banned
|rule|Sleep Moves Clause: Sleep-inducing moves are banned
|clearpoke
|poke|p1|Great Tusk|
|poke|p1|Kingambit, F|
|poke|p1|Raging Bolt|
|poke|p1|Walking Wake|
|poke|p1|Ninetales, F|
|poke|p1|Ceruledge, M|
|poke|p2|Grimmsnarl, M|
|poke|p2|Latios, M|
|poke|p2|Glimmora, M|
|poke|p2|Iron Moth|
|poke|p2|Rampardos, F|
|poke|p2|Iron Hands|
|teampreview
|inactive|Battle timer is ON: inactive players will automatically lose when time's up. (requested by AP Precalculus)
|
|t:|1758338584
|teamsize|p1|6
|teamsize|p2|6
|start
|switch|p1a: Ninetales|Ninetales, F|100/100
|switch|p2a: Bing Bong|Glimmora, M|100/100
|-weather|SunnyDay|[from] ability: Drought|[of] p1a: Ninetales
|turn|1
|
|t:|1758338592
|switch|p1a: Great Tusk|Great Tusk|100/100
|-activate|p1a: Great Tusk|ability: Protosynthesis
|-start|p1a: Great Tusk|protosynthesisatk
|move|p2a: Bing Bong|Power Gem|p1a: Great Tusk
|-resisted|p1a: Great Tusk
|-damage|p1a: Great Tusk|91/100
|
|-weather|SunnyDay|[upkeep]
|upkeep
|turn|2
|
|t:|1758338605
|-end|p1a: Great Tusk|Protosynthesis|[silent]
|switch|p1a: Kingambit|Kingambit, F|100/100
|-item|p1a: Kingambit|Air Balloon
|move|p2a: Bing Bong|Mortal Spin|p1a: Kingambit
|-immune|p1a: Kingambit
|
|-weather|SunnyDay|[upkeep]
|upkeep
|turn|3
|
|t:|1758338615
|move|p2a: Bing Bong|Power Gem|p1a: Kingambit
|-resisted|p1a: Kingambit
|-damage|p1a: Kingambit|77/100
|-enditem|p1a: Kingambit|Air Balloon
|move|p1a: Kingambit|Kowtow Cleave|p2a: Bing Bong
|-damage|p2a: Bing Bong|35/100
|-activate|p2a: Bing Bong|ability: Toxic Debris
|-sidestart|p1: queenelan|move: Toxic Spikes
|
|-weather|SunnyDay|[upkeep]
|upkeep
|turn|4
|
|t:|1758338629
|move|p2a: Bing Bong|Stealth Rock|p1a: Kingambit
|-sidestart|p1: queenelan|move: Stealth Rock
|move|p1a: Kingambit|Kowtow Cleave|p2a: Bing Bong
|-damage|p2a: Bing Bong|0 fnt
|-activate|p2a: Bing Bong|ability: Toxic Debris
|-sidestart|p1: queenelan|move: Toxic Spikes
|faint|p2a: Bing Bong
|
|-weather|SunnyDay|[upkeep]
|upkeep
|
|t:|1758338642
|switch|p2a: a bug?|Iron Moth|100/100
|-enditem|p2a: a bug?|Booster Energy
|-activate|p2a: a bug?|ability: Quark Drive|[fromitem]
|-start|p2a: a bug?|quarkdrivespa
|turn|5
|
|t:|1758338647
|move|p1a: Kingambit|Sucker Punch|p2a: a bug?
|-damage|p2a: a bug?|29/100
|move|p2a: a bug?|Fiery Dance|p1a: Kingambit
|-supereffective|p1a: Kingambit
|-damage|p1a: Kingambit|0 fnt
|faint|p1a: Kingambit
|-end|p1a: Kingambit|fallenundefined|[silent]
|
|-weather|SunnyDay|[upkeep]
|upkeep
|
|t:|1758338660
|switch|p1a: Walking Wake|Walking Wake|100/100
|-status|p1a: Walking Wake|tox
|-damage|p1a: Walking Wake|88/100 tox|[from] Stealth Rock
|-activate|p1a: Walking Wake|ability: Protosynthesis
|-start|p1a: Walking Wake|protosynthesisspe
|turn|6
|
|t:|1758338672
|move|p1a: Walking Wake|Hydro Steam|p2a: a bug?
|-supereffective|p2a: a bug?
|-damage|p2a: a bug?|0 fnt
|faint|p2a: a bug?
|-end|p2a: a bug?|Quark Drive|[silent]
|
|-weather|SunnyDay|[upkeep]
|-damage|p1a: Walking Wake|82/100 tox|[from] psn
|upkeep
|
|t:|1758338677
|switch|p2a: Mr Grimm|Grimmsnarl, M|100/100
|turn|7
|
|t:|1758338690
|move|p2a: Mr Grimm|Light Screen|p2a: Mr Grimm
|-sidestart|p2: AP Precalculus|move: Light Screen
|move|p1a: Walking Wake|Hydro Steam|p2a: Mr Grimm
|-damage|p2a: Mr Grimm|75/100
|
|-weather|SunnyDay|[upkeep]
|-damage|p1a: Walking Wake|70/100 tox|[from] psn
|upkeep
|turn|8
|
|t:|1758338699
|move|p1a: Walking Wake|Flip Turn|p2a: Mr Grimm
|-damage|p2a: Mr Grimm|64/100
|
|t:|1758338704
|-end|p1a: Walking Wake|Protosynthesis|[silent]
|switch|p1a: Great Tusk|Great Tusk|91/100|[from] Flip Turn
|-status|p1a: Great Tusk|tox
|-damage|p1a: Great Tusk|88/100 tox|[from] Stealth Rock
|-activate|p1a: Great Tusk|ability: Protosynthesis
|-start|p1a: Great Tusk|protosynthesisatk
|move|p2a: Mr Grimm|Spirit Break|p1a: Great Tusk
|-supereffective|p1a: Great Tusk
|-damage|p1a: Great Tusk|46/100 tox
|-unboost|p1a: Great Tusk|spa|1
|
|-weather|none
|-end|p1a: Great Tusk|Protosynthesis
|-damage|p1a: Great Tusk|39/100 tox|[from] psn
|upkeep
|turn|9
|
|t:|1758338716
|move|p2a: Mr Grimm|Reflect|p2a: Mr Grimm
|-sidestart|p2: AP Precalculus|Reflect
|move|p1a: Great Tusk|Rapid Spin|p2a: Mr Grimm
|-damage|p2a: Mr Grimm|52/100
|-boost|p1a: Great Tusk|spe|1
|-sideend|p1: queenelan|Toxic Spikes|[from] move: Rapid Spin|[of] p1a: Great Tusk
|-sideend|p1: queenelan|Stealth Rock|[from] move: Rapid Spin|[of] p1a: Great Tusk
|
|-damage|p1a: Great Tusk|27/100 tox|[from] psn
|upkeep
|turn|10
|
|t:|1758338730
|move|p1a: Great Tusk|Rapid Spin|p2a: Mr Grimm
|-damage|p2a: Mr Grimm|39/100
|-boost|p1a: Great Tusk|spe|1
|move|p2a: Mr Grimm|Spirit Break|p1a: Great Tusk
|-supereffective|p1a: Great Tusk
|-damage|p1a: Great Tusk|0 fnt
|faint|p1a: Great Tusk
|-end|p1a: Great Tusk|Protosynthesis|[silent]
|
|upkeep
|
|t:|1758338749
|switch|p1a: Ceruledge|Ceruledge, M|100/100
|turn|11
|
|t:|1758338755
|move|p2a: Mr Grimm|Taunt|p1a: Ceruledge
|-start|p1a: Ceruledge|move: Taunt
|cant|p1a: Ceruledge|move: Taunt|Swords Dance
|
|upkeep
|turn|12
|
|t:|1758338766
|switch|p2a: THE HANDS|Iron Hands|100/100
|-enditem|p2a: THE HANDS|Booster Energy
|-activate|p2a: THE HANDS|ability: Quark Drive|[fromitem]
|-start|p2a: THE HANDS|quarkdriveatk
|move|p1a: Ceruledge|Bitter Blade|p2a: THE HANDS
|-damage|p2a: THE HANDS|82/100
|
|upkeep
|turn|13
|
|t:|1758338779
|move|p1a: Ceruledge|Poltergeist||[still]
|-fail|p1a: Ceruledge
|move|p2a: THE HANDS|Earthquake|p1a: Ceruledge
|-supereffective|p1a: Ceruledge
|-damage|p1a: Ceruledge|0 fnt
|faint|p1a: Ceruledge
|
|upkeep
|
|t:|1758338783
|switch|p1a: Ninetales|Ninetales, F|100/100
|-weather|SunnyDay|[from] ability: Drought|[of] p1a: Ninetales
|turn|14
|
|t:|1758338795
|move|p1a: Ninetales|Healing Wish|p1a: Ninetales
|faint|p1a: Ninetales
|move|p2a: THE HANDS|Earthquake|p1: Ninetales|[notarget]
|-fail|p2a: THE HANDS
|
|-weather|SunnyDay|[upkeep]
|-sideend|p2: AP Precalculus|move: Light Screen
|upkeep
|
|t:|1758338803
|switch|p1a: Raging Bolt|Raging Bolt|100/100
|-activate|p1a: Raging Bolt|ability: Protosynthesis
|-start|p1a: Raging Bolt|protosynthesisspa
|turn|15
|
|t:|1758338813
|move|p1a: Raging Bolt|Weather Ball|p2a: THE HANDS
|-damage|p2a: THE HANDS|11/100
|-damage|p1a: Raging Bolt|91/100|[from] item: Life Orb
|move|p2a: THE HANDS|Earthquake|p1a: Raging Bolt
|-supereffective|p1a: Raging Bolt
|-damage|p1a: Raging Bolt|0 fnt
|faint|p1a: Raging Bolt
|-end|p1a: Raging Bolt|Protosynthesis|[silent]
|
|-weather|SunnyDay|[upkeep]
|upkeep
|
|t:|1758338815
|switch|p1a: Walking Wake|Walking Wake|70/100 tox
|-heal|p1a: Walking Wake|100/100|[from] move: Healing Wish
|-activate|p1a: Walking Wake|ability: Protosynthesis
|-start|p1a: Walking Wake|protosynthesisspe
|turn|16
|
|t:|1758338824
|move|p1a: Walking Wake|Hydro Steam|p2a: THE HANDS
|-damage|p2a: THE HANDS|0 fnt
|faint|p2a: THE HANDS
|-end|p2a: THE HANDS|Quark Drive|[silent]
|
|-weather|SunnyDay|[upkeep]
|-sideend|p2: AP Precalculus|Reflect
|upkeep
|
|t:|1758338827
|switch|p2a: Mr Grimm|Grimmsnarl, M|39/100
|turn|17
|
|t:|1758338835
|move|p2a: Mr Grimm|Light Screen|p2a: Mr Grimm
|-sidestart|p2: AP Precalculus|move: Light Screen
|move|p1a: Walking Wake|Hydro Steam|p2a: Mr Grimm
|-damage|p2a: Mr Grimm|15/100
|
|-weather|SunnyDay|[upkeep]
|upkeep
|turn|18
|
|t:|1758338844
|move|p2a: Mr Grimm|Reflect|p2a: Mr Grimm
|-sidestart|p2: AP Precalculus|Reflect
|move|p1a: Walking Wake|Hydro Steam|p2a: Mr Grimm
|-damage|p2a: Mr Grimm|0 fnt
|faint|p2a: Mr Grimm
|
|-weather|SunnyDay|[upkeep]
|upkeep
|
|t:|1758338853
|switch|p2a: Rampardos|Rampardos, F|100/100
|turn|19
|
|t:|1758338865
|-terastallize|p1a: Walking Wake|Stellar
|-terastallize|p2a: Rampardos|Dragon
|move|p1a: Walking Wake|Hydro Steam|p2a: Rampardos
|-resisted|p2a: Rampardos
|-damage|p2a: Rampardos|65/100
|move|p2a: Rampardos|Head Smash|p1a: Walking Wake
|-damage|p1a: Walking Wake|0 fnt
|faint|p1a: Walking Wake
|-end|p1a: Walking Wake|Protosynthesis|[silent]
|-damage|p2a: Rampardos|22/100|[from] Recoil
|-damage|p2a: Rampardos|13/100|[from] item: Life Orb
|
|win|AP Precalculus
|raw|queenelan's rating: 1524 &rarr; <strong>1502</strong><br />(-22 for losing)
|raw|AP Precalculus's rating: 1484 &rarr; <strong>1506</strong><br />(+22 for winning)
|l|☆queenelan
|player|p1|
|l|☆AP Precalculus
|player|p2|
