|j|☆TheGrustler
|j|☆top 500 mainstay
|t:|1758341454
|gametype|singles
|player|p1|TheGrustler|265|1491
|player|p2|top 500 mainstay|169|1530
|gen|9
|tier|[Gen 9] OU
|rated|
|rule|HP Percentage Mod: HP is shown in percentages
|rule|Endless Battle Clause: Forcing endless battles is banned
|rule|Species Clause: Limit one of each Pokémon
|rule|OHKO Clause: OHKO moves are banned
|rule|Evasion Items Clause: Evasion items are banned
|rule|Evasion Moves Clause: Evasion moves are banned
|rule|Evasion Abilities Clause: Evasion abilities are banned
|rule|Sleep Moves Clause: Sleep-inducing moves are banned
|clearpoke
|poke|p1|Porygon-Z|
|poke|p1|Zamazenta-*|
|poke|p1|Pecharunt|
|poke|p1|Iron Treads|
|poke|p1|Alomomola, F|
|poke|p1|Rillaboom, M|
|poke|p2|Iron Crown|
|poke|p2|Deoxys-Speed|
|poke|p2|Rillaboom, F|
|poke|p2|Hawlucha, M|
|poke|p2|Raging Bolt|
|poke|p2|Kingambit, F|
|teampreview
|inactive|Battle timer is ON: inactive players will automatically lose when time's up. (requested by top 500 mainstay)
|inactive|TheGrustler has 120 seconds left.
|
|t:|1758341510
|teamsize|p1|6
|teamsize|p2|6
|start
|switch|p1a: Rillaboom|Rillaboom, M|100/100
|switch|p2a: Rillaboom|Rillaboom, F|100/100
|-fieldstart|move: Grassy Terrain|[from] ability: Grassy Surge|[of] p1a: Rillaboom
|turn|1
|
|t:|1758341517
|switch|p1a: Pecharunt|Pecharunt|100/100
|move|p2a: Rillaboom|Swords Dance|p2a: Rillaboom
|-boost|p2a: Rillaboom|atk|2
|
|upkeep
|turn|2
|
|t:|1758341528
|move|p2a: Rillaboom|Knock Off|p1a: Pecharunt
|-supereffective|p1a: Pecharunt
|-damage|p1a: Pecharunt|7/100
|-damage|p2a: Rillaboom|84/100|[from] item: Rocky Helmet|[of] p1a: Pecharunt
|-enditem|p1a: Pecharunt|Rocky Helmet|[from] move: Knock Off|[of] p2a: Rillaboom
|-damage|p2a: Rillaboom|74/100|[from] item: Life Orb
|move|p1a: Pecharunt|Recover|p1a: Pecharunt
|-heal|p1a: Pecharunt|57/100
|
|-heal|p2a: Rillaboom|80/100|[from] Grassy Terrain
|-heal|p1a: Pecharunt|63/100|[from] Grassy Terrain
|upkeep
|turn|3
|
|t:|1758341536
|move|p2a: Rillaboom|Knock Off|p1a: Pecharunt
|-supereffective|p1a: Pecharunt
|-crit|p1a: Pecharunt
|-damage|p1a: Pecharunt|0 fnt
|faint|p1a: Pecharunt
|-damage|p2a: Rillaboom|70/100|[from] item: Life Orb
|
|-heal|p2a: Rillaboom|76/100|[from] Grassy Terrain
|upkeep
|
|t:|1758341542
|switch|p1a: Zamazenta|Zamazenta|100/100
|-ability|p1a: Zamazenta|Dauntless Shield|boost
|-boost|p1a: Zamazenta|def|1
|turn|4
|
|t:|1758341546
|switch|p2a: Deoxys|Deoxys-Speed|100/100
|-ability|p2a: Deoxys|Pressure
|move|p1a: Zamazenta|Close Combat|p2a: Deoxys
|-resisted|p2a: Deoxys
|-damage|p2a: Deoxys|65/100
|-unboost|p1a: Zamazenta|def|1
|-unboost|p1a: Zamazenta|spd|1
|
|-heal|p2a: Deoxys|71/100|[from] Grassy Terrain
|upkeep
|turn|5
|
|t:|1758341552
|switch|p1a: Alomomola|Alomomola, F|100/100
|move|p2a: Deoxys|Taunt|p1a: Alomomola
|-start|p1a: Alomomola|move: Taunt
|
|-heal|p2a: Deoxys|77/100|[from] Grassy Terrain
|-fieldend|move: Grassy Terrain
|upkeep
|turn|6
|
|t:|1758341559
|move|p2a: Deoxys|Stealth Rock|p1a: Alomomola
|-sidestart|p1: TheGrustler|move: Stealth Rock
|move|p1a: Alomomola|Flip Turn|p2a: Deoxys
|-damage|p2a: Deoxys|55/100
|
|t:|1758341570
|switch|p1a: Rillaboom|Rillaboom, M|100/100|[from] Flip Turn
|-damage|p1a: Rillaboom|88/100|[from] Stealth Rock
|-fieldstart|move: Grassy Terrain|[from] ability: Grassy Surge|[of] p1a: Rillaboom
|
|-heal|p2a: Deoxys|61/100|[from] Grassy Terrain
|-heal|p1a: Rillaboom|94/100|[from] Grassy Terrain
|upkeep
|turn|7
|
|t:|1758341576
|move|p2a: Deoxys|Spikes|p1a: Rillaboom
|-sidestart|p1: TheGrustler|Spikes
|move|p1a: Rillaboom|U-turn|p2a: Deoxys
|-supereffective|p2a: Deoxys
|-damage|p2a: Deoxys|0 fnt
|faint|p2a: Deoxys
|
|t:|1758341591
|switch|p1a: Zamazenta|Zamazenta|100/100|[from] U-turn
|
|upkeep
|
|t:|1758341604
|switch|p2a: Hawlucha|Hawlucha, M|100/100
|-enditem|p2a: Hawlucha|Grassy Seed
|-boost|p2a: Hawlucha|def|1|[from] item: Grassy Seed
|turn|8
|
|t:|1758341606
|move|p2a: Hawlucha|Swords Dance|p2a: Hawlucha
|-boost|p2a: Hawlucha|atk|2
|move|p1a: Zamazenta|Roar|p2a: Hawlucha
|drag|p2a: Kingambit|Kingambit, F|100/100
|-activate|p2a: Kingambit|ability: Supreme Overlord
|-start|p2a: Kingambit|fallen1|[silent]
|
|upkeep
|turn|9
|
|t:|1758341614
|-end|p2a: Kingambit|fallen1|[silent]
|switch|p2a: Hawlucha|Hawlucha, M|100/100
|move|p1a: Zamazenta|Close Combat|p2a: Hawlucha
|-resisted|p2a: Hawlucha
|-damage|p2a: Hawlucha|60/100
|-unboost|p1a: Zamazenta|def|1
|-unboost|p1a: Zamazenta|spd|1
|
|upkeep
|turn|10
|
|t:|1758341630
|switch|p1a: Alomomola|Alomomola, F|100/100
|-damage|p1a: Alomomola|88/100|[from] Stealth Rock
|-damage|p1a: Alomomola|76/100|[from] Spikes
|move|p2a: Hawlucha|Acrobatics|p1a: Alomomola
|-damage|p1a: Alomomola|35/100
|
|-heal|p1a: Alomomola|41/100|[from] Grassy Terrain
|-fieldend|move: Grassy Terrain
|upkeep
|turn|11
|inactive|TheGrustler has 120 seconds left.
|
|t:|1758341656
|move|p2a: Hawlucha|Acrobatics|p1a: Alomomola
|-crit|p1a: Alomomola
|-damage|p1a: Alomomola|0 fnt
|faint|p1a: Alomomola
|
|upkeep
|inactive|TheGrustler has 120 seconds left.
|c|☆TheGrustler|Turn off the crit switch PLEASE
|
|t:|1758341688
|switch|p1a: Iron Treads|Iron Treads|100/100
|-damage|p1a: Iron Treads|98/100|[from] Stealth Rock
|-damage|p1a: Iron Treads|85/100|[from] Spikes
|turn|12
|
|t:|1758341691
|-terastallize|p1a: Iron Treads|Water
|move|p2a: Hawlucha|Close Combat|p1a: Iron Treads
|-damage|p1a: Iron Treads|47/100
|-unboost|p2a: Hawlucha|def|1
|-unboost|p2a: Hawlucha|spd|1
|move|p1a: Iron Treads|Rapid Spin|p2a: Hawlucha
|-damage|p2a: Hawlucha|36/100
|-boost|p1a: Iron Treads|spe|1
|-sideend|p1: TheGrustler|Spikes|[from] move: Rapid Spin|[of] p1a: Iron Treads
|-sideend|p1: TheGrustler|Stealth Rock|[from] move: Rapid Spin|[of] p1a: Iron Treads
|
|-heal|p1a: Iron Treads|53/100|[from] item: Leftovers
|upkeep
|turn|13
|
|t:|1758341699
|move|p1a: Iron Treads|Ice Spinner|p2a: Hawlucha
|-supereffective|p2a: Hawlucha
|-crit|p2a: Hawlucha
|-damage|p2a: Hawlucha|0 fnt
|faint|p2a: Hawlucha
|
|-heal|p1a: Iron Treads|59/100|[from] item: Leftovers
|upkeep
|
|t:|1758341703
|switch|p2a: Rillaboom|Rillaboom, F|76/100
|-fieldstart|move: Grassy Terrain|[from] ability: Grassy Surge|[of] p2a: Rillaboom
|turn|14
|inactive|TheGrustler has 120 seconds left.
|
|t:|1758341724
|-end|p1a: Iron Treads|Quark Drive|[silent]
|switch|p1a: Rillaboom|Rillaboom, M|94/100
|move|p2a: Rillaboom|Swords Dance|p2a: Rillaboom
|-boost|p2a: Rillaboom|atk|2
|
|-heal|p1a: Rillaboom|100/100|[from] Grassy Terrain
|-heal|p2a: Rillaboom|83/100|[from] Grassy Terrain
|upkeep
|turn|15
|
|t:|1758341731
|move|p1a: Rillaboom|U-turn|p2a: Rillaboom
|-supereffective|p2a: Rillaboom
|-damage|p2a: Rillaboom|0 fnt
|faint|p2a: Rillaboom
|
|t:|1758341735
|switch|p1a: Iron Treads|Iron Treads, tera:Water|59/100|[from] U-turn
|
|-heal|p1a: Iron Treads|65/100|[from] Grassy Terrain
|-heal|p1a: Iron Treads|71/100|[from] item: Leftovers
|upkeep
|
|t:|1758341741
|switch|p2a: Raging Bolt|Raging Bolt|100/100
|-enditem|p2a: Raging Bolt|Booster Energy
|-activate|p2a: Raging Bolt|ability: Protosynthesis|[fromitem]
|-start|p2a: Raging Bolt|protosynthesisspa
|turn|16
|inactive|TheGrustler has 120 seconds left.
|
|t:|1758341772
|move|p1a: Iron Treads|Stealth Rock|p2a: Raging Bolt
|-sidestart|p2: top 500 mainstay|move: Stealth Rock
|move|p2a: Raging Bolt|Thunderbolt|p1a: Iron Treads
|-supereffective|p1a: Iron Treads
|-damage|p1a: Iron Treads|0 fnt
|faint|p1a: Iron Treads
|-end|p1a: Iron Treads|Quark Drive|[silent]
|
|upkeep
|
|t:|1758341782
|switch|p1a: Porygon-Z|Porygon-Z|100/100
|-ability|p1a: Porygon-Z|Download|boost
|-boost|p1a: Porygon-Z|spa|1
|turn|17
|
|t:|1758341784
|move|p1a: Porygon-Z|Ice Beam|p2a: Raging Bolt
|-supereffective|p2a: Raging Bolt
|-damage|p2a: Raging Bolt|0 fnt
|faint|p2a: Raging Bolt
|-end|p2a: Raging Bolt|Protosynthesis|[silent]
|
|upkeep
|
|t:|1758341788
|switch|p2a: Iron Crown|Iron Crown|100/100
|-damage|p2a: Iron Crown|94/100|[from] Stealth Rock
|-enditem|p2a: Iron Crown|Booster Energy
|-activate|p2a: Iron Crown|ability: Quark Drive|[fromitem]
|-start|p2a: Iron Crown|quarkdrivespe
|turn|18
|inactive|TheGrustler has 120 seconds left.
|
|t:|1758341794
|move|p2a: Iron Crown|Calm Mind|p2a: Iron Crown
|-boost|p2a: Iron Crown|spa|1
|-boost|p2a: Iron Crown|spd|1
|move|p1a: Porygon-Z|Ice Beam|p2a: Iron Crown
|-resisted|p2a: Iron Crown
|-damage|p2a: Iron Crown|74/100
|
|-heal|p2a: Iron Crown|80/100|[from] Grassy Terrain
|-fieldend|move: Grassy Terrain
|upkeep
|turn|19
|
|t:|1758341801
|move|p2a: Iron Crown|Calm Mind|p2a: Iron Crown
|-boost|p2a: Iron Crown|spa|1
|-boost|p2a: Iron Crown|spd|1
|move|p1a: Porygon-Z|Ice Beam|p2a: Iron Crown
|-resisted|p2a: Iron Crown
|-damage|p2a: Iron Crown|64/100
|
|upkeep
|turn|20
|
|t:|1758341806
|move|p2a: Iron Crown|Tachyon Cutter|p1a: Porygon-Z
|-damage|p1a: Porygon-Z|37/100
|-damage|p1a: Porygon-Z|0 fnt
|faint|p1a: Porygon-Z
|-hitcount|p1: Porygon-Z|2
|
|upkeep
|
|t:|1758341814
|switch|p1a: Zamazenta|Zamazenta|100/100
|turn|21
|
|t:|1758341819
|move|p2a: Iron Crown|Psyshock|p1a: Zamazenta
|-supereffective|p1a: Zamazenta
|-damage|p1a: Zamazenta|0 fnt
|faint|p1a: Zamazenta
|
|upkeep
|
|t:|1758341821
|switch|p1a: Rillaboom|Rillaboom, M|100/100
|-fieldstart|move: Grassy Terrain|[from] ability: Grassy Surge|[of] p1a: Rillaboom
|turn|22
|
|t:|1758341825
|move|p1a: Rillaboom|Grassy Glide|p2a: Iron Crown
|-resisted|p2a: Iron Crown
|-damage|p2a: Iron Crown|36/100
|move|p2a: Iron Crown|Tachyon Cutter|p1a: Rillaboom
|-damage|p1a: Rillaboom|40/100
|-damage|p1a: Rillaboom|0 fnt
|faint|p1a: Rillaboom
|-hitcount|p1: Rillaboom|2
|
|win|top 500 mainstay
|raw|TheGrustler's rating: 1491 &rarr; <strong>1473</strong><br />(-18 for losing)
|raw|top 500 mainstay's rating: 1530 &rarr; <strong>1548</strong><br />(+18 for winning)
|l|☆top 500 mainstay
|player|p2|
