|j|‽vikxzi
|j|☆boomer
|t:|1758292651
|gametype|singles
|player|p1|vikxzi|101|1171
|player|p2|boomer|170|1142
|gen|9
|tier|[Gen 9] OU
|rated|
|rule|HP Percentage Mod: HP is shown in percentages
|rule|Endless Battle Clause: Forcing endless battles is banned
|rule|Species Clause: Limit one of each Pokémon
|rule|OHKO Clause: OHKO moves are banned
|rule|Evasion Items Clause: Evasion items are banned
|rule|Evasion Moves Clause: Evasion moves are banned
|rule|Evasion Abilities Clause: Evasion abilities are banned
|rule|Sleep Moves Clause: Sleep-inducing moves are banned
|clearpoke
|poke|p1|Lycanroc-Dusk, M|
|poke|p1|Blaziken, M|
|poke|p1|Kingambit, F|
|poke|p1|Slowking-Galar, F|
|poke|p1|Sandslash-Alola, F|
|poke|p1|Zoroark-Hisui, F|
|poke|p2|Glimmora, F|
|poke|p2|Hatterene, F|
|poke|p2|Garganacl, M|
|poke|p2|Kingambit, F|
|poke|p2|Gholdengo|
|poke|p2|Alomomola, M|
|teampreview
|inactive|Battle timer is ON: inactive players will automatically lose when time's up. (requested by vikxzi)
|
|t:|1758292674
|teamsize|p1|6
|teamsize|p2|6
|start
|switch|p1a: Lycanroc|Lycanroc-Dusk, M, shiny|100/100
|switch|p2a: Glimmora|Glimmora, F|100/100
|turn|1
|
|t:|1758292695
|switch|p2a: Alomomola|Alomomola, M|100/100
|move|p1a: Lycanroc|Swords Dance|p1a: Lycanroc
|-boost|p1a: Lycanroc|atk|2
|
|upkeep
|turn|2
|
|t:|1758292705
|move|p2a: Alomomola|Aqua Jet|p1a: Lycanroc
|-supereffective|p1a: Lycanroc
|-damage|p1a: Lycanroc|63/100
|move|p1a: Lycanroc|Swords Dance|p1a: Lycanroc
|-boost|p1a: Lycanroc|atk|2
|
|upkeep
|turn|3
|
|t:|1758292718
|move|p1a: Lycanroc|Accelerock|p2a: Alomomola
|-crit|p2a: Alomomola
|-damage|p2a: Alomomola|41/100
|move|p2a: Alomomola|Aqua Jet|p1a: Lycanroc
|-supereffective|p1a: Lycanroc
|-damage|p1a: Lycanroc|28/100
|
|-heal|p2a: Alomomola|47/100|[from] item: Leftovers
|upkeep
|turn|4
|
|t:|1758292728
|move|p2a: Alomomola|Protect|p2a: Alomomola
|-singleturn|p2a: Alomomola|Protect
|move|p1a: Lycanroc|Accelerock|p2a: Alomomola
|-activate|p2a: Alomomola|move: Protect
|
|-heal|p2a: Alomomola|54/100|[from] item: Leftovers
|upkeep
|turn|5
|
|t:|1758292742
|-terastallize|p1a: Lycanroc|Rock
|move|p1a: Lycanroc|Accelerock|p2a: Alomomola
|-damage|p2a: Alomomola|0 fnt
|faint|p2a: Alomomola
|
|upkeep
|
|t:|1758292748
|switch|p2a: Kingambit|Kingambit, F|100/100
|-activate|p2a: Kingambit|ability: Supreme Overlord
|-start|p2a: Kingambit|fallen1|[silent]
|turn|6
|
|t:|1758292753
|move|p2a: Kingambit|Sucker Punch|p1a: Lycanroc
|-damage|p1a: Lycanroc|0 fnt
|faint|p1a: Lycanroc
|
|upkeep
|
|t:|1758292761
|switch|p1a: Kingambit|Kingambit, F, shiny|100/100
|turn|7
|
|t:|1758292770
|move|p1a: Kingambit|Flamethrower|p2a: Kingambit
|-supereffective|p2a: Kingambit
|-damage|p2a: Kingambit|37/100
|move|p2a: Kingambit|Brick Break|p1a: Kingambit
|-immune|p1a: Kingambit
|
|upkeep
|turn|8
|
|t:|1758292785
|move|p2a: Kingambit|Sucker Punch|p1a: Kingambit
|-supereffective|p1a: Kingambit
|-damage|p1a: Kingambit|0 fnt
|replace|p1a: Zoroark|Zoroark-Hisui, F, shiny
|-end|p1a: Zoroark|Illusion
|faint|p1a: Zoroark
|
|upkeep
|
|t:|1758292794
|switch|p1a: Blaziken|Blaziken, M, shiny|100/100
|turn|9
|c|☆boomer|ahh ha
|
|t:|1758292805
|-end|p2a: Kingambit|fallen1|[silent]
|switch|p2a: Garganacl|Garganacl, M|100/100
|move|p1a: Blaziken|Overheat|p2a: Garganacl
|-resisted|p2a: Garganacl
|-damage|p2a: Garganacl|70/100
|-unboost|p1a: Blaziken|spa|2
|-damage|p1a: Blaziken|91/100|[from] item: Life Orb
|
|-heal|p2a: Garganacl|76/100|[from] item: Leftovers
|-ability|p1a: Blaziken|Speed Boost|boost
|-boost|p1a: Blaziken|spe|1
|upkeep
|turn|10
|
|t:|1758292819
|move|p1a: Blaziken|Close Combat|p2a: Garganacl
|-supereffective|p2a: Garganacl
|-damage|p2a: Garganacl|0 fnt
|-unboost|p1a: Blaziken|def|1
|-unboost|p1a: Blaziken|spd|1
|faint|p2a: Garganacl
|-damage|p1a: Blaziken|81/100|[from] item: Life Orb
|
|-ability|p1a: Blaziken|Speed Boost|boost
|-boost|p1a: Blaziken|spe|1
|upkeep
|
|t:|1758292831
|switch|p2a: Glimmora|Glimmora, F|100/100
|turn|11
|
|t:|1758292843
|-terastallize|p2a: Glimmora|Flying
|move|p1a: Blaziken|Close Combat|p2a: Glimmora
|-resisted|p2a: Glimmora
|-damage|p2a: Glimmora|56/100
|-unboost|p1a: Blaziken|def|1
|-unboost|p1a: Blaziken|spd|1
|-activate|p2a: Glimmora|ability: Toxic Debris
|-sidestart|p1: vikxzi|move: Toxic Spikes
|-damage|p1a: Blaziken|71/100|[from] item: Life Orb
|move|p2a: Glimmora|Meteor Beam||[still]
|-prepare|p2a: Glimmora|Meteor Beam
|-boost|p2a: Glimmora|spa|1
|-enditem|p2a: Glimmora|Power Herb
|-anim|p2a: Glimmora|Meteor Beam|p1a: Blaziken
|-damage|p1a: Blaziken|0 fnt
|faint|p1a: Blaziken
|
|upkeep
|
|t:|1758292861
|switch|p1a: Slowking|Slowking-Galar, F, shiny|100/100
|-sideend|p1: vikxzi|move: Toxic Spikes|[of] p1a: Slowking
|turn|12
|
|t:|1758292880
|switch|p2a: Kingambit|Kingambit, F|37/100
|-activate|p2a: Kingambit|ability: Supreme Overlord
|-start|p2a: Kingambit|fallen2|[silent]
|-prepare|p1a: Slowking|Chilly Reception|[premajor]
|move|p1a: Slowking|Chilly Reception|p1a: Slowking
|-weather|Snowscape
|
|t:|1758292887
|switch|p1a: Sandslash|Sandslash-Alola, F, shiny|100/100|[from] Chilly Reception
|
|-weather|Snowscape|[upkeep]
|upkeep
|turn|13
|
|t:|1758292910
|-end|p2a: Kingambit|fallen2|[silent]
|switch|p2a: Glimmora|Glimmora, F, tera:Flying|56/100
|move|p1a: Sandslash|Brick Break|p2a: Glimmora
|-resisted|p2a: Glimmora
|-damage|p2a: Glimmora|43/100
|-activate|p2a: Glimmora|ability: Toxic Debris
|-sidestart|p1: vikxzi|move: Toxic Spikes
|
|-weather|Snowscape|[upkeep]
|upkeep
|turn|14
|inactive|boomer has 120 seconds left.
|
|t:|1758292932
|move|p1a: Sandslash|Triple Axel|p2a: Glimmora
|-supereffective|p2a: Glimmora
|-damage|p2a: Glimmora|14/100
|-activate|p2a: Glimmora|ability: Toxic Debris
|-sidestart|p1: vikxzi|move: Toxic Spikes
|-supereffective|p2a: Glimmora
|-damage|p2a: Glimmora|0 fnt
|faint|p2a: Glimmora
|-hitcount|p2: Glimmora|2
|
|-weather|Snowscape|[upkeep]
|upkeep
|inactive|boomer has 120 seconds left.
|
|t:|1758292953
|switch|p2a: Gholdengo|Gholdengo|100/100
|turn|15
|
|t:|1758292969
|switch|p1a: Slowking|Slowking-Galar, F, shiny|100/100
|-sideend|p1: vikxzi|move: Toxic Spikes|[of] p1a: Slowking
|move|p2a: Gholdengo|Make It Rain|p1a: Slowking
|-damage|p1a: Slowking|62/100
|-unboost|p2a: Gholdengo|spa|1
|
|-weather|Snowscape|[upkeep]
|upkeep
|turn|16
|inactive|boomer has 120 seconds left.
|
|t:|1758292983
|switch|p2a: Kingambit|Kingambit, F|37/100
|-activate|p2a: Kingambit|ability: Supreme Overlord
|-start|p2a: Kingambit|fallen3|[silent]
|move|p1a: Slowking|Future Sight|p2a: Kingambit
|-start|p1a: Slowking|move: Future Sight
|
|-weather|none
|upkeep
|turn|17
|inactive|boomer has 120 seconds left.
|
|t:|1758293002
|move|p2a: Kingambit|Brick Break|p1a: Slowking
|-resisted|p1a: Slowking
|-damage|p1a: Slowking|53/100
|move|p1a: Slowking|Ice Beam|p2a: Kingambit
|-resisted|p2a: Kingambit
|-damage|p2a: Kingambit|29/100
|
|upkeep
|turn|18
|inactive|boomer has 120 seconds left.
|
|t:|1758293019
|move|p2a: Kingambit|Night Slash|p1a: Slowking
|-supereffective|p1a: Slowking
|-damage|p1a: Slowking|0 fnt
|faint|p1a: Slowking
|
|-end|p2a: Kingambit|move: Future Sight
|-immune|p2a: Kingambit
|upkeep
|
|t:|1758293027
|switch|p1a: Sandslash|Sandslash-Alola, F, shiny|100/100
|turn|19
|inactive|boomer has 120 seconds left.
|
|t:|1758293036
|move|p1a: Sandslash|Brick Break|p2a: Kingambit
|-supereffective|p2a: Kingambit
|-damage|p2a: Kingambit|0 fnt
|faint|p2a: Kingambit
|-end|p2a: Kingambit|fallen3|[silent]
|
|upkeep
|inactive|boomer has 120 seconds left.
|
|t:|1758293056
|switch|p2a: Gholdengo|Gholdengo|100/100
|turn|20
|
|t:|1758293063
|move|p2a: Gholdengo|Make It Rain|p1a: Sandslash
|-damage|p1a: Sandslash|16/100
|-unboost|p2a: Gholdengo|spa|1
|move|p1a: Sandslash|Triple Axel|p2a: Gholdengo
|-resisted|p2a: Gholdengo
|-damage|p2a: Gholdengo|96/100
|-resisted|p2a: Gholdengo
|-damage|p2a: Gholdengo|86/100
|-resisted|p2a: Gholdengo
|-damage|p2a: Gholdengo|71/100
|-hitcount|p2a: Gholdengo|3
|
|upkeep
|turn|21
|inactive|boomer has 120 seconds left.
|
|t:|1758293076
|move|p2a: Gholdengo|Make It Rain|p1a: Sandslash
|-damage|p1a: Sandslash|0 fnt
|-unboost|p2a: Gholdengo|spa|1
|faint|p1a: Sandslash
|
|upkeep
|
|t:|1758293082
|switch|p1a: Kingambit|Kingambit, F, shiny|100/100
|-activate|p1a: Kingambit|ability: Supreme Overlord
|-start|p1a: Kingambit|fallen5|[silent]
|turn|22
|inactive|boomer has 120 seconds left.
|
|t:|1758293105
|move|p2a: Gholdengo|Make It Rain|p1a: Kingambit
|-resisted|p1a: Kingambit
|-damage|p1a: Kingambit|84/100
|-unboost|p2a: Gholdengo|spa|1
|move|p1a: Kingambit|Swords Dance|p1a: Kingambit
|-boost|p1a: Kingambit|atk|2
|
|upkeep
|turn|23
|inactive|boomer has 120 seconds left.
|
|t:|1758293120
|move|p2a: Gholdengo|Make It Rain|p1a: Kingambit
|-resisted|p1a: Kingambit
|-damage|p1a: Kingambit|73/100
|-unboost|p2a: Gholdengo|spa|1
|move|p1a: Kingambit|Swords Dance|p1a: Kingambit
|-boost|p1a: Kingambit|atk|2
|
|upkeep
|turn|24
|
|t:|1758293130
|move|p1a: Kingambit|Sucker Punch|p2a: Gholdengo
|-supereffective|p2a: Gholdengo
|-damage|p2a: Gholdengo|0 fnt
|faint|p2a: Gholdengo
|
|upkeep
|
|t:|1758293134
|switch|p2a: Hatterene|Hatterene, F|100/100
|turn|25
|
|t:|1758293137
|move|p1a: Kingambit|Iron Head|p2a: Hatterene
|-supereffective|p2a: Hatterene
|-damage|p2a: Hatterene|0 fnt
|-damage|p1a: Kingambit|56/100|[from] item: Rocky Helmet|[of] p2a: Hatterene
|faint|p2a: Hatterene
|
|win|vikxzi
|raw|vikxzi's rating: 1171 &rarr; <strong>1194</strong><br />(+23 for winning)
|raw|boomer's rating: 1142 &rarr; <strong>1119</strong><br />(-23 for losing)
|l|☆boomer
|player|p2|
|l|‽vikxzi
|player|p1|
