|j|☆katoluvsu
|j|‽trak2
|t:|1758344179
|gametype|singles
|player|p1|katoluvsu|n|1222
|player|p2|trak2|unknown|1261
|gen|9
|tier|[Gen 9] OU
|rated|
|rule|HP Percentage Mod: HP is shown in percentages
|rule|Endless Battle Clause: Forcing endless battles is banned
|rule|Species Clause: Limit one of each Pokémon
|rule|OHKO Clause: OHKO moves are banned
|rule|Evasion Items Clause: Evasion items are banned
|rule|Evasion Moves Clause: Evasion moves are banned
|rule|Evasion Abilities Clause: Evasion abilities are banned
|rule|Sleep Moves Clause: Sleep-inducing moves are banned
|clearpoke
|poke|p1|Hawlucha, M|
|poke|p1|Rillaboom, M|
|poke|p1|Comfey, F|
|poke|p1|Gallade, M|
|poke|p1|Kleavor, F|
|poke|p1|Darkrai|
|poke|p2|Dragonite, M|
|poke|p2|Grimmsnarl, M|
|poke|p2|Enamorus, F|
|poke|p2|Great Tusk|
|poke|p2|Scizor, M|
|poke|p2|Raging Bolt|
|teampreview
|inactive|Battle timer is ON: inactive players will automatically lose when time's up. (requested by trak2)
|
|t:|1758344183
|teamsize|p1|6
|teamsize|p2|6
|start
|switch|p1a: lucy bedroque|Rillaboom, M, shiny|100/100
|switch|p2a: Great Tusk|Great Tusk|100/100
|-fieldstart|move: Grassy Terrain|[from] ability: Grassy Surge|[of] p1a: lucy bedroque
|-enditem|p2a: Great Tusk|Booster Energy
|-activate|p2a: Great Tusk|ability: Protosynthesis|[fromitem]
|-start|p2a: Great Tusk|protosynthesisspe
|turn|1
|
|t:|1758344188
|move|p2a: Great Tusk|Stealth Rock|p1a: lucy bedroque
|-sidestart|p1: katoluvsu|move: Stealth Rock
|move|p1a: lucy bedroque|Wood Hammer|p2a: Great Tusk
|-supereffective|p2a: Great Tusk
|-damage|p2a: Great Tusk|0 fnt
|faint|p2a: Great Tusk
|-end|p2a: Great Tusk|Protosynthesis|[silent]
|-damage|p1a: lucy bedroque|59/100|[from] Recoil
|
|-heal|p1a: lucy bedroque|65/100|[from] Grassy Terrain
|upkeep
|
|t:|1758344193
|switch|p2a: Grimmsnarl|Grimmsnarl, M|100/100
|turn|2
|
|t:|1758344199
|switch|p1a: damon rush|Kleavor, F, shiny|100/100
|-damage|p1a: damon rush|76/100|[from] Stealth Rock
|move|p2a: Grimmsnarl|Reflect|p2a: Grimmsnarl
|-sidestart|p2: trak2|Reflect
|
|-heal|p1a: damon rush|82/100|[from] Grassy Terrain
|upkeep
|turn|3
|
|t:|1758344201
|move|p2a: Grimmsnarl|Light Screen|p2a: Grimmsnarl
|-sidestart|p2: trak2|move: Light Screen
|move|p1a: damon rush|Swords Dance|p1a: damon rush
|-boost|p1a: damon rush|atk|2
|
|-heal|p1a: damon rush|88/100|[from] Grassy Terrain
|upkeep
|turn|4
|
|t:|1758344206
|move|p1a: damon rush|Stone Axe|p2a: Grimmsnarl
|-damage|p2a: Grimmsnarl|36/100
|-sidestart|p2: trak2|move: Stealth Rock
|move|p2a: Grimmsnarl|Spirit Break|p1a: damon rush
|-damage|p1a: damon rush|49/100
|-unboost|p1a: damon rush|spa|1
|
|-heal|p1a: damon rush|55/100|[from] Grassy Terrain
|-heal|p2a: Grimmsnarl|42/100|[from] Grassy Terrain
|upkeep
|turn|5
|
|t:|1758344213
|move|p1a: damon rush|Fury Cutter|p2a: Grimmsnarl
|-damage|p2a: Grimmsnarl|6/100
|move|p2a: Grimmsnarl|Spirit Break|p1a: damon rush
|-damage|p1a: damon rush|15/100
|-unboost|p1a: damon rush|spa|1
|
|-heal|p1a: damon rush|21/100|[from] Grassy Terrain
|-heal|p2a: Grimmsnarl|12/100|[from] Grassy Terrain
|-fieldend|move: Grassy Terrain
|upkeep
|turn|6
|
|t:|1758344221
|move|p1a: damon rush|Fury Cutter|p2a: Grimmsnarl
|-damage|p2a: Grimmsnarl|0 fnt
|faint|p2a: Grimmsnarl
|
|upkeep
|
|t:|1758344223
|switch|p2a: Scizor|Scizor, M|100/100
|-damage|p2a: Scizor|88/100|[from] Stealth Rock
|turn|7
|
|t:|1758344229
|switch|p1a: lucy bedroque|Rillaboom, M, shiny|65/100
|-damage|p1a: lucy bedroque|52/100|[from] Stealth Rock
|-fieldstart|move: Grassy Terrain|[from] ability: Grassy Surge|[of] p1a: lucy bedroque
|move|p2a: Scizor|Swords Dance|p2a: Scizor
|-boost|p2a: Scizor|atk|2
|
|-heal|p1a: lucy bedroque|59/100|[from] Grassy Terrain
|-heal|p2a: Scizor|94/100|[from] Grassy Terrain
|upkeep
|turn|8
|
|t:|1758344239
|move|p1a: lucy bedroque|Knock Off|p2a: Scizor
|-damage|p2a: Scizor|66/100
|-enditem|p2a: Scizor|Metal Coat|[from] move: Knock Off|[of] p1a: lucy bedroque
|move|p2a: Scizor|Swords Dance|p2a: Scizor
|-boost|p2a: Scizor|atk|2
|
|-heal|p1a: lucy bedroque|65/100|[from] Grassy Terrain
|-heal|p2a: Scizor|72/100|[from] Grassy Terrain
|upkeep
|turn|9
|
|t:|1758344246
|move|p1a: lucy bedroque|Knock Off|p2a: Scizor
|-damage|p2a: Scizor|53/100
|move|p2a: Scizor|Swords Dance|p2a: Scizor
|-boost|p2a: Scizor|atk|2
|
|-heal|p1a: lucy bedroque|71/100|[from] Grassy Terrain
|-heal|p2a: Scizor|59/100|[from] Grassy Terrain
|-sideend|p2: trak2|Reflect
|upkeep
|turn|10
|
|t:|1758344248
|-terastallize|p2a: Scizor|Steel
|move|p2a: Scizor|Bullet Punch|p1a: lucy bedroque
|-damage|p1a: lucy bedroque|0 fnt
|faint|p1a: lucy bedroque
|
|-heal|p2a: Scizor|65/100|[from] Grassy Terrain
|-sideend|p2: trak2|move: Light Screen
|upkeep
|
|t:|1758344257
|switch|p1a: fakemink|Hawlucha, M, shiny|100/100
|-damage|p1a: fakemink|88/100|[from] Stealth Rock
|-enditem|p1a: fakemink|Grassy Seed
|-boost|p1a: fakemink|def|1|[from] item: Grassy Seed
|turn|11
|
|t:|1758344263
|move|p2a: Scizor|Bullet Punch|p1a: fakemink
|-damage|p1a: fakemink|0 fnt
|faint|p1a: fakemink
|
|-heal|p2a: Scizor|71/100|[from] Grassy Terrain
|-fieldend|move: Grassy Terrain
|upkeep
|-message|katoluvsu forfeited.
|
|win|trak2
|raw|katoluvsu's rating: 1222 &rarr; <strong>1200</strong><br />(-22 for losing)
|raw|trak2's rating: 1261 &rarr; <strong>1283</strong><br />(+22 for winning)
|l|☆katoluvsu
|player|p1|
|l|‽trak2
|player|p2|
