|j|☆Pem779567 phone
|j|☆ayayaphone
|t:|1758300138
|gametype|singles
|player|p1|Pem779567 phone|1|1255
|player|p2|ayayaphone|266|1350
|gen|9
|tier|[Gen 9] OU
|rated|
|rule|HP Percentage Mod: HP is shown in percentages
|rule|Endless Battle Clause: Forcing endless battles is banned
|rule|Species Clause: Limit one of each Pokémon
|rule|OHKO Clause: OHKO moves are banned
|rule|Evasion Items Clause: Evasion items are banned
|rule|Evasion Moves Clause: Evasion moves are banned
|rule|Evasion Abilities Clause: Evasion abilities are banned
|rule|Sleep Moves Clause: Sleep-inducing moves are banned
|clearpoke
|poke|p1|Flygon, F|
|poke|p1|Entei|
|poke|p1|Mienshao, M|
|poke|p1|Vaporeon, M|
|poke|p1|Ninetales-Alola, F|
|poke|p1|Metagross|
|poke|p2|Serperior, M|
|poke|p2|Gallade, M|
|poke|p2|Indeedee, M|
|poke|p2|Tinkaton, F|
|poke|p2|Quaquaval, M|
|poke|p2|Gengar, F|
|teampreview
|inactive|Battle timer is ON: inactive players will automatically lose when time's up. (requested by ayayaphone)
|
|t:|1758300146
|teamsize|p1|6
|teamsize|p2|6
|start
|switch|p1a: Mienshao|Mienshao, M|100/100
|switch|p2a: Tinkaton|Tinkaton, F|100/100
|-ability|p2a: Tinkaton|Mold Breaker
|turn|1
|
|t:|1758300153
|move|p1a: Mienshao|Fake Out|p2a: Tinkaton
|-resisted|p2a: Tinkaton
|-damage|p2a: Tinkaton|92/100
|cant|p2a: Tinkaton|flinch
|
|-heal|p2a: Tinkaton|98/100|[from] item: Leftovers
|upkeep
|turn|2
|
|t:|1758300159
|move|p1a: Mienshao|U-turn|p2a: Tinkaton
|-resisted|p2a: Tinkaton
|-damage|p2a: Tinkaton|91/100
|
|t:|1758300161
|switch|p1a: Entei|Entei|100/100|[from] U-turn
|move|p2a: Tinkaton|Thunder Wave|p1a: Entei
|-status|p1a: Entei|par
|
|-heal|p2a: Tinkaton|97/100|[from] item: Leftovers
|upkeep
|turn|3
|
|t:|1758300171
|switch|p2a: Quaquaval|Quaquaval, M|100/100
|move|p1a: Entei|Sacred Fire|p2a: Quaquaval
|-resisted|p2a: Quaquaval
|-damage|p2a: Quaquaval|75/100
|
|upkeep
|turn|4
|
|t:|1758300180
|switch|p1a: Ninetales|Ninetales-Alola, F|100/100
|-weather|Snowscape|[from] ability: Snow Warning|[of] p1a: Ninetales
|move|p2a: Quaquaval|Aqua Step|p1a: Ninetales
|-damage|p1a: Ninetales|70/100
|-boost|p2a: Quaquaval|spe|1
|
|-weather|Snowscape|[upkeep]
|upkeep
|turn|5
|
|t:|1758300188
|switch|p2a: Tinkaton|Tinkaton, F|97/100
|-ability|p2a: Tinkaton|Mold Breaker
|move|p1a: Ninetales|Aurora Veil|p1a: Ninetales
|-sidestart|p1: Pem779567 phone|move: Aurora Veil
|
|-weather|Snowscape|[upkeep]
|-heal|p2a: Tinkaton|100/100|[from] item: Leftovers
|upkeep
|turn|6
|
|t:|1758300196
|move|p1a: Ninetales|Blizzard|p2a: Tinkaton
|-resisted|p2a: Tinkaton
|-damage|p2a: Tinkaton|84/100
|-status|p2a: Tinkaton|frz
|cant|p2a: Tinkaton|frz
|
|-weather|Snowscape|[upkeep]
|-heal|p2a: Tinkaton|90/100 frz|[from] item: Leftovers
|upkeep
|turn|7
|
|t:|1758300202
|switch|p1a: Entei|Entei|100/100 par
|-curestatus|p2a: Tinkaton|frz|[msg]
|move|p2a: Tinkaton|Stealth Rock|p1a: Entei
|-sidestart|p1: Pem779567 phone|move: Stealth Rock
|
|-weather|Snowscape|[upkeep]
|-heal|p2a: Tinkaton|96/100|[from] item: Leftovers
|upkeep
|turn|8
|
|t:|1758300210
|switch|p2a: Quaquaval|Quaquaval, M|75/100
|move|p1a: Entei|Sacred Fire|p2a: Quaquaval
|-resisted|p2a: Quaquaval
|-crit|p2a: Quaquaval
|-damage|p2a: Quaquaval|36/100
|-status|p2a: Quaquaval|brn
|
|-weather|none
|-damage|p2a: Quaquaval|30/100 brn|[from] brn
|upkeep
|turn|9
|
|t:|1758300222
|move|p1a: Entei|Extreme Speed|p2a: Quaquaval
|-damage|p2a: Quaquaval|0 fnt
|faint|p2a: Quaquaval
|
|upkeep
|
|t:|1758300226
|switch|p2a: Gallade|Gallade, M|100/100
|turn|10
|
|t:|1758300230
|move|p2a: Gallade|Psycho Cut|p1a: Entei
|-crit|p1a: Entei
|-damage|p1a: Entei|16/100 par
|move|p1a: Entei|Sacred Fire|p2a: Gallade
|-crit|p2a: Gallade
|-damage|p2a: Gallade|0 fnt
|faint|p2a: Gallade
|
|-heal|p1a: Entei|22/100 par|[from] item: Leftovers
|upkeep
|
|t:|1758300239
|switch|p2a: Gengar|Gengar, F|100/100
|-item|p2a: Gengar|Air Balloon
|turn|11
|
|t:|1758300244
|move|p2a: Gengar|Hex|p1a: Entei
|-damage|p1a: Entei|0 fnt
|faint|p1a: Entei
|
|upkeep
|
|t:|1758300251
|switch|p1a: Mienshao|Mienshao, M|100/100
|-damage|p1a: Mienshao|95/100|[from] Stealth Rock
|turn|12
|
|t:|1758300255
|move|p1a: Mienshao|Knock Off|p2a: Gengar
|-supereffective|p2a: Gengar
|-damage|p2a: Gengar|0 fnt
|-enditem|p2a: Gengar|Air Balloon
|faint|p2a: Gengar
|
|-sideend|p1: Pem779567 phone|move: Aurora Veil
|upkeep
|
|t:|1758300263
|switch|p2a: Indeedee|Indeedee, M|100/100
|-fieldstart|move: Psychic Terrain|[from] ability: Psychic Surge|[of] p2a: Indeedee
|turn|13
|
|t:|1758300266
|move|p2a: Indeedee|Trick|p1a: Mienshao
|-activate|p2a: Indeedee|move: Trick|[of] p1a: Mienshao
|-item|p1a: Mienshao|Choice Scarf|[from] move: Trick
|-item|p2a: Indeedee|Focus Sash|[from] move: Trick
|move|p1a: Mienshao|Knock Off|p2a: Indeedee
|-supereffective|p2a: Indeedee
|-enditem|p2a: Indeedee|Focus Sash
|-damage|p2a: Indeedee|1/100
|
|upkeep
|turn|14
|
|t:|1758300271
|move|p1a: Mienshao|Knock Off|p2a: Indeedee
|-supereffective|p2a: Indeedee
|-damage|p2a: Indeedee|0 fnt
|faint|p2a: Indeedee
|
|upkeep
|
|t:|1758300274
|switch|p2a: Tinkaton|Tinkaton, F|96/100
|-ability|p2a: Tinkaton|Mold Breaker
|turn|15
|
|t:|1758300277
|switch|p2a: Serperior|Serperior, M|100/100
|move|p1a: Mienshao|Knock Off|p2a: Serperior
|-damage|p2a: Serperior|68/100
|-enditem|p2a: Serperior|Leftovers|[from] move: Knock Off|[of] p1a: Mienshao
|
|upkeep
|turn|16
|-message|ayayaphone forfeited.
|
|win|Pem779567 phone
|raw|Pem779567 phone's rating: 1255 &rarr; <strong>1287</strong><br />(+32 for winning)
|raw|ayayaphone's rating: 1350 &rarr; <strong>1325</strong><br />(-25 for losing)
|l|☆ayayaphone
|player|p2|
|l|☆Pem779567 phone
|player|p1|
