|j|☆toumingmanga
|j|☆slowbro named paul
|t:|1758283785
|gametype|singles
|player|p1|toumingmanga|rosa|1204
|player|p2|slowbro named paul|skierf|1252
|gen|9
|tier|[Gen 9] OU
|rated|
|rule|HP Percentage Mod: HP is shown in percentages
|rule|Endless Battle Clause: Forcing endless battles is banned
|rule|Species Clause: Limit one of each Pokémon
|rule|OHKO Clause: OHKO moves are banned
|rule|Evasion Items Clause: Evasion items are banned
|rule|Evasion Moves Clause: Evasion moves are banned
|rule|Evasion Abilities Clause: Evasion abilities are banned
|rule|Sleep Moves Clause: Sleep-inducing moves are banned
|clearpoke
|poke|p1|Samurott-Hisui, F|
|poke|p1|Cinccino, F|
|poke|p1|Ninetales-Alola, F|
|poke|p1|Quilladin, M|
|poke|p1|Skeledirge, F|
|poke|p1|Clodsire, F|
|poke|p2|Charizard, F|
|poke|p2|Torkoal, M|
|poke|p2|Venusaur, F|
|poke|p2|Garchomp, F|
|poke|p2|Ceruledge, F|
|poke|p2|Raging Bolt|
|teampreview
|inactive|Battle timer is ON: inactive players will automatically lose when time's up. (requested by slowbro named paul)
|
|t:|1758283804
|teamsize|p1|6
|teamsize|p2|6
|start
|switch|p1a: Skeledirge|Skeledirge, F|100/100
|switch|p2a: DO NOT TOUCH|Garchomp, F|100/100
|turn|1
|
|t:|1758283832
|switch|p1a: Ninetales|Ninetales-Alola, F|100/100
|-weather|Snowscape|[from] ability: Snow Warning|[of] p1a: Ninetales
|move|p2a: DO NOT TOUCH|Stealth Rock|p1a: Ninetales
|-sidestart|p1: toumingmanga|move: Stealth Rock
|
|-weather|Snowscape|[upkeep]
|upkeep
|turn|2
|inactive|toumingmanga has 120 seconds left.
|
|t:|1758283847
|switch|p2a: Franklin|Torkoal, M|100/100
|-weather|SunnyDay|[from] ability: Drought|[of] p2a: Franklin
|move|p1a: Ninetales|Blizzard|p2a: Franklin
|-resisted|p2a: Franklin
|-damage|p2a: Franklin|80/100
|
|-weather|SunnyDay|[upkeep]
|upkeep
|turn|3
|inactive|toumingmanga has 120 seconds left.
|
|t:|1758283861
|switch|p1a: Clodsire|Clodsire, F|100/100
|-damage|p1a: Clodsire|94/100|[from] Stealth Rock
|move|p2a: Franklin|Lava Plume|p1a: Clodsire
|-damage|p1a: Clodsire|68/100
|
|-weather|SunnyDay|[upkeep]
|-heal|p1a: Clodsire|75/100|[from] item: Leftovers
|upkeep
|turn|4
|inactive|toumingmanga has 120 seconds left.
|
|t:|1758283874
|switch|p2a: DO NOT TOUCH|Garchomp, F|100/100
|move|p1a: Clodsire|Toxic|p2a: DO NOT TOUCH
|-status|p2a: DO NOT TOUCH|tox
|
|-weather|SunnyDay|[upkeep]
|-heal|p1a: Clodsire|81/100|[from] item: Leftovers
|-damage|p2a: DO NOT TOUCH|94/100 tox|[from] psn
|upkeep
|turn|5
|inactive|toumingmanga has 120 seconds left.
|
|t:|1758283886
|switch|p1a: Quilladin|Quilladin, M|100/100
|-damage|p1a: Quilladin|88/100|[from] Stealth Rock
|move|p2a: DO NOT TOUCH|Spikes|p1a: Quilladin
|-sidestart|p1: toumingmanga|Spikes
|
|-weather|SunnyDay|[upkeep]
|-damage|p2a: DO NOT TOUCH|82/100 tox|[from] psn
|upkeep
|turn|6
|inactive|toumingmanga has 120 seconds left.
|
|t:|1758283898
|move|p2a: DO NOT TOUCH|Spikes|p1a: Quilladin
|-sidestart|p1: toumingmanga|Spikes
|move|p1a: Quilladin|Super Fang|p2a: DO NOT TOUCH
|-damage|p2a: DO NOT TOUCH|41/100 tox
|-damage|p1a: Quilladin|76/100|[from] ability: Rough Skin|[of] p2a: DO NOT TOUCH
|-damage|p1a: Quilladin|59/100|[from] item: Rocky Helmet|[of] p2a: DO NOT TOUCH
|
|-weather|none
|-damage|p2a: DO NOT TOUCH|23/100 tox|[from] psn
|upkeep
|turn|7
|inactive|toumingmanga has 120 seconds left.
|
|t:|1758283909
|move|p2a: DO NOT TOUCH|Spikes|p1a: Quilladin
|-sidestart|p1: toumingmanga|Spikes
|move|p1a: Quilladin|Synthesis|p1a: Quilladin
|-heal|p1a: Quilladin|100/100
|
|-damage|p2a: DO NOT TOUCH|0 fnt|[from] psn
|faint|p2a: DO NOT TOUCH
|upkeep
|
|t:|1758283914
|switch|p2a: just some guy|Charizard, F|100/100
|turn|8
|inactive|toumingmanga has 120 seconds left.
|
|t:|1758283939
|move|p2a: just some guy|Air Slash|p1a: Quilladin
|-supereffective|p1a: Quilladin
|-damage|p1a: Quilladin|0 fnt
|faint|p1a: Quilladin
|
|upkeep
|
|t:|1758283961
|switch|p1a: Cinccino|Cinccino, F|100/100
|-damage|p1a: Cinccino|88/100|[from] Stealth Rock
|-damage|p1a: Cinccino|63/100|[from] Spikes
|turn|9
|
|t:|1758283971
|switch|p2a: Jeffery|Raging Bolt|100/100
|move|p1a: Cinccino|Rock Blast|p2a: Jeffery
|-damage|p2a: Jeffery|89/100
|-damage|p2a: Jeffery|77/100
|-damage|p2a: Jeffery|68/100
|-damage|p2a: Jeffery|56/100
|-damage|p2a: Jeffery|46/100
|-hitcount|p2a: Jeffery|5
|
|upkeep
|turn|10
|
|t:|1758283988
|move|p2a: Jeffery|Thunderclap||[still]
|-fail|p2a: Jeffery
|move|p1a: Cinccino|Tidy Up|p1a: Cinccino
|-sideend|p1: toumingmanga|Spikes
|-sideend|p1: toumingmanga|Stealth Rock
|-activate|p1a: Cinccino|move: Tidy Up
|-boost|p1a: Cinccino|atk|1
|-boost|p1a: Cinccino|spe|1
|
|upkeep
|turn|11
|inactive|toumingmanga has 90 seconds left.
|
|t:|1758284005
|switch|p1a: Clodsire|Clodsire, F|81/100
|move|p2a: Jeffery|Thunderclap||[still]
|-fail|p2a: Jeffery
|
|-heal|p1a: Clodsire|87/100|[from] item: Leftovers
|upkeep
|turn|12
|
|t:|1758284012
|-end|p2a: Jeffery|Protosynthesis|[silent]
|switch|p2a: Mariguana|Venusaur, F|100/100
|move|p1a: Clodsire|Earthquake|p2a: Mariguana
|-damage|p2a: Mariguana|65/100
|
|-heal|p1a: Clodsire|93/100|[from] item: Leftovers
|upkeep
|turn|13
|
|t:|1758284024
|move|p2a: Mariguana|Earth Power|p1a: Clodsire
|-supereffective|p1a: Clodsire
|-damage|p1a: Clodsire|42/100
|-damage|p2a: Mariguana|55/100|[from] item: Life Orb
|move|p1a: Clodsire|Earthquake|p2a: Mariguana
|-crit|p2a: Mariguana
|-damage|p2a: Mariguana|0 fnt
|faint|p2a: Mariguana
|
|-heal|p1a: Clodsire|48/100|[from] item: Leftovers
|upkeep
|
|t:|1758284031
|switch|p2a: Franklin|Torkoal, M|80/100
|-weather|SunnyDay|[from] ability: Drought|[of] p2a: Franklin
|turn|14
|
|t:|1758284042
|switch|p2a: just some guy|Charizard, F|100/100
|move|p1a: Clodsire|Recover|p1a: Clodsire
|-heal|p1a: Clodsire|98/100
|
|-weather|SunnyDay|[upkeep]
|-damage|p2a: just some guy|88/100|[from] ability: Solar Power|[of] p2a: just some guy
|-heal|p1a: Clodsire|100/100|[from] item: Leftovers
|upkeep
|turn|15
|inactive|toumingmanga has 90 seconds left.
|
|t:|1758284065
|switch|p1a: Samurott|Samurott-Hisui, F|100/100
|-terastallize|p2a: just some guy|Fire
|move|p2a: just some guy|Weather Ball|p1a: Samurott
|-resisted|p1a: Samurott
|-damage|p1a: Samurott|0 fnt
|faint|p1a: Samurott
|
|-weather|SunnyDay|[upkeep]
|-damage|p2a: just some guy|76/100|[from] ability: Solar Power|[of] p2a: just some guy
|upkeep
|inactive|toumingmanga has 90 seconds left.
|
|t:|1758284085
|switch|p1a: Cinccino|Cinccino, F|63/100
|turn|16
|
|t:|1758284088
|move|p1a: Cinccino|Rock Blast|p2a: just some guy
|-supereffective|p2a: just some guy
|-damage|p2a: just some guy|43/100
|-supereffective|p2a: just some guy
|-crit|p2a: just some guy
|-damage|p2a: just some guy|0 fnt
|faint|p2a: just some guy
|-hitcount|p2: just some guy|2
|
|-weather|SunnyDay|[upkeep]
|upkeep
|
|t:|1758284091
|switch|p2a: Edgelord|Ceruledge, F|100/100
|turn|17
|
|t:|1758284102
|move|p1a: Cinccino|Rock Blast|p2a: Edgelord
|-supereffective|p2a: Edgelord
|-damage|p2a: Edgelord|70/100
|-supereffective|p2a: Edgelord
|-damage|p2a: Edgelord|37/100
|-supereffective|p2a: Edgelord
|-damage|p2a: Edgelord|3/100
|-supereffective|p2a: Edgelord
|-damage|p2a: Edgelord|0 fnt
|faint|p2a: Edgelord
|-hitcount|p2: Edgelord|4
|
|-weather|SunnyDay|[upkeep]
|upkeep
|
|t:|1758284106
|switch|p2a: Jeffery|Raging Bolt|46/100
|-activate|p2a: Jeffery|ability: Protosynthesis
|-start|p2a: Jeffery|protosynthesisspa
|turn|18
|
|t:|1758284118
|switch|p1a: Clodsire|Clodsire, F|100/100
|move|p2a: Jeffery|Thunderbolt|p1a: Clodsire
|-immune|p1a: Clodsire
|
|-weather|none
|-end|p2a: Jeffery|Protosynthesis
|upkeep
|turn|19
|-message|slowbro named paul forfeited.
|
|win|toumingmanga
|raw|toumingmanga's rating: 1204 &rarr; <strong>1232</strong><br />(+28 for winning)
|raw|slowbro named paul's rating: 1252 &rarr; <strong>1224</strong><br />(-28 for losing)
|l|☆slowbro named paul
|player|p2|
