|j|☆profesor-rudy
|j|☆SushiRolll
|t:|1758276098
|gametype|singles
|player|p1|profesor-rudy|101|1082
|player|p2|SushiRolll|liko|1066
|gen|9
|tier|[Gen 9] OU
|rated|
|rule|HP Percentage Mod: HP is shown in percentages
|rule|Endless Battle Clause: Forcing endless battles is banned
|rule|Species Clause: Limit one of each Pokémon
|rule|OHKO Clause: OHKO moves are banned
|rule|Evasion Items Clause: Evasion items are banned
|rule|Evasion Moves Clause: Evasion moves are banned
|rule|Evasion Abilities Clause: Evasion abilities are banned
|rule|Sleep Moves Clause: Sleep-inducing moves are banned
|clearpoke
|poke|p1|Glastrier|
|poke|p1|Incineroar, M|
|poke|p1|Donphan, L1, M|
|poke|p1|Cresselia, F|
|poke|p1|Pawmot, M|
|poke|p1|Mimikyu, M|
|poke|p2|Sylveon, F|
|poke|p2|Great Tusk|
|poke|p2|Heatran, F|
|poke|p2|Dragapult, F|
|poke|p2|Kingambit, F|
|poke|p2|Iron Valiant|
|teampreview
|
|t:|1758276119
|teamsize|p1|6
|teamsize|p2|6
|start
|switch|p1a: Cresselia|Cresselia, F|100/100
|switch|p2a: Great Tusk|Great Tusk|100/100
|turn|1
|
|t:|1758276145
|move|p2a: Great Tusk|Knock Off|p1a: Cresselia
|-supereffective|p1a: Cresselia
|-damage|p1a: Cresselia|63/100
|-enditem|p1a: Cresselia|Sitrus Berry|[from] move: Knock Off|[of] p2a: Great Tusk
|move|p1a: Cresselia|Psychic|p2a: Great Tusk
|-supereffective|p2a: Great Tusk
|-damage|p2a: Great Tusk|41/100
|-unboost|p2a: Great Tusk|spd|1
|
|-heal|p2a: Great Tusk|47/100|[from] item: Leftovers
|upkeep
|turn|2
|
|t:|1758276158
|-end|p2a: Great Tusk|Protosynthesis|[silent]
|switch|p2a: Kingambit|Kingambit, F|100/100
|move|p1a: Cresselia|Trick Room|p1a: Cresselia
|-fieldstart|move: Trick Room|[of] p1a: Cresselia
|
|upkeep
|turn|3
|
|t:|1758276167
|switch|p1a: Incineroar|Incineroar, M|100/100
|-ability|p1a: Incineroar|Intimidate|boost
|-unboost|p2a: Kingambit|atk|1
|move|p2a: Kingambit|Swords Dance|p2a: Kingambit
|-boost|p2a: Kingambit|atk|2
|
|upkeep
|turn|4
|
|t:|1758276179
|-terastallize|p2a: Kingambit|Flying
|move|p1a: Incineroar|Bulk Up|p1a: Incineroar
|-boost|p1a: Incineroar|atk|1
|-boost|p1a: Incineroar|def|1
|move|p2a: Kingambit|Swords Dance|p2a: Kingambit
|-boost|p2a: Kingambit|atk|2
|
|upkeep
|turn|5
|
|t:|1758276195
|move|p1a: Incineroar|Flare Blitz|p2a: Kingambit
|-damage|p2a: Kingambit|28/100
|-damage|p1a: Incineroar|76/100|[from] Recoil
|move|p2a: Kingambit|Kowtow Cleave|p1a: Incineroar
|-resisted|p1a: Incineroar
|-damage|p1a: Incineroar|28/100
|
|-heal|p1a: Incineroar|34/100|[from] item: Leftovers
|upkeep
|turn|6
|
|t:|1758276207
|move|p2a: Kingambit|Sucker Punch|p1a: Incineroar
|-resisted|p1a: Incineroar
|-damage|p1a: Incineroar|0 fnt
|faint|p1a: Incineroar
|
|-fieldend|move: Trick Room
|upkeep
|
|t:|1758276214
|switch|p1a: Mimikyu|Mimikyu, M|100/100
|turn|7
|
|t:|1758276218
|move|p1a: Mimikyu|Shadow Sneak|p2a: Kingambit
|-damage|p2a: Kingambit|11/100
|-damage|p1a: Mimikyu|90/100|[from] item: Life Orb
|move|p2a: Kingambit|Sucker Punch||[still]
|-fail|p2a: Kingambit
|
|upkeep
|turn|8
|
|t:|1758276225
|move|p1a: Mimikyu|Shadow Sneak|p2a: Kingambit
|-damage|p2a: Kingambit|0 fnt
|faint|p2a: Kingambit
|-end|p2a: Kingambit|fallenundefined|[silent]
|-damage|p1a: Mimikyu|80/100|[from] item: Life Orb
|
|upkeep
|
|t:|1758276231
|switch|p2a: Heatran|Heatran, F, shiny|100/100
|turn|9
|
|t:|1758276235
|move|p2a: Heatran|Magma Storm|p1a: Mimikyu
|-activate|p1a: Mimikyu|ability: Disguise
|-damage|p1a: Mimikyu|80/100
|-activate|p1a: Mimikyu|move: Magma Storm|[of] p2a: Heatran
|detailschange|p1a: Mimikyu|Mimikyu-Busted, M
|-damage|p1a: Mimikyu|68/100|[from] pokemon: Mimikyu-Busted
|move|p1a: Mimikyu|Trick Room|p1a: Mimikyu
|-fieldstart|move: Trick Room|[of] p1a: Mimikyu
|
|-damage|p1a: Mimikyu|56/100|[from] move: Magma Storm|[partiallytrapped]
|upkeep
|turn|10
|
|t:|1758276246
|move|p1a: Mimikyu|Destiny Bond|p1a: Mimikyu
|-singlemove|p1a: Mimikyu|Destiny Bond
|move|p2a: Heatran|Magma Storm|p1a: Mimikyu|[miss]
|-miss|p2a: Heatran|p1a: Mimikyu
|
|-damage|p1a: Mimikyu|44/100|[from] move: Magma Storm|[partiallytrapped]
|upkeep
|turn|11
|
|t:|1758276254
|move|p2a: Heatran|Magma Storm|p1a: Mimikyu|[miss]
|-miss|p2a: Heatran|p1a: Mimikyu
|move|p1a: Mimikyu|Trick Room|p1a: Mimikyu
|-fieldend|move: Trick Room
|
|-damage|p1a: Mimikyu|31/100|[from] move: Magma Storm|[partiallytrapped]
|upkeep
|turn|12
|
|t:|1758276262
|move|p2a: Heatran|Magma Storm|p1a: Mimikyu|[miss]
|-miss|p2a: Heatran|p1a: Mimikyu
|move|p1a: Mimikyu|Trick Room|p1a: Mimikyu
|-fieldstart|move: Trick Room|[of] p1a: Mimikyu
|
|-damage|p1a: Mimikyu|19/100|[from] move: Magma Storm|[partiallytrapped]
|upkeep
|turn|13
|
|t:|1758276269
|move|p1a: Mimikyu|Destiny Bond|p1a: Mimikyu
|-singlemove|p1a: Mimikyu|Destiny Bond
|move|p2a: Heatran|Magma Storm|p1a: Mimikyu|[miss]
|-miss|p2a: Heatran|p1a: Mimikyu
|
|-end|p1a: Mimikyu|Magma Storm|[partiallytrapped]
|upkeep
|turn|14
|
|t:|1758276283
|switch|p1a: Donphan|Donphan, L1, M|100/100
|move|p2a: Heatran|Taunt|p1a: Donphan
|-start|p1a: Donphan|move: Taunt
|
|upkeep
|turn|15
|
|t:|1758276294
|switch|p2a: Sylveon|Sylveon, F, shiny|100/100
|move|p1a: Donphan|Endeavor|p2a: Sylveon
|-damage|p2a: Sylveon|4/100
|
|-heal|p2a: Sylveon|10/100|[from] item: Leftovers
|upkeep
|turn|16
|
|t:|1758276311
|move|p1a: Donphan|Knock Off|p2a: Sylveon
|-resisted|p2a: Sylveon
|-damage|p2a: Sylveon|9/100
|-enditem|p2a: Sylveon|Leftovers|[from] move: Knock Off|[of] p1a: Donphan
|move|p2a: Sylveon|Hyper Voice|p1a: Donphan
|-ability|p1a: Donphan|Sturdy
|-damage|p1a: Donphan|9/100
|
|-end|p1a: Donphan|move: Taunt
|-fieldend|move: Trick Room
|upkeep
|turn|17
|
|t:|1758276329
|move|p2a: Sylveon|Protect|p2a: Sylveon
|-singleturn|p2a: Sylveon|Protect
|move|p1a: Donphan|Stealth Rock|p2a: Sylveon
|-sidestart|p2: SushiRolll|move: Stealth Rock
|
|upkeep
|turn|18
|
|t:|1758276335
|move|p2a: Sylveon|Hyper Voice|p1a: Donphan
|-damage|p1a: Donphan|0 fnt
|faint|p1a: Donphan
|
|upkeep
|
|t:|1758276346
|switch|p1a: Mimikyu|Mimikyu-Busted, M|19/100
|turn|19
|
|t:|1758276354
|move|p1a: Mimikyu|Shadow Sneak|p2a: Sylveon
|-damage|p2a: Sylveon|0 fnt
|faint|p2a: Sylveon
|-damage|p1a: Mimikyu|9/100|[from] item: Life Orb
|
|upkeep
|
|t:|1758276359
|switch|p2a: Great Tusk|Great Tusk|47/100
|-damage|p2a: Great Tusk|44/100|[from] Stealth Rock
|turn|20
|
|t:|1758276364
|move|p1a: Mimikyu|Shadow Sneak|p2a: Great Tusk
|-damage|p2a: Great Tusk|32/100
|-damage|p1a: Mimikyu|0 fnt|[from] item: Life Orb
|faint|p1a: Mimikyu
|move|p2a: Great Tusk|Earthquake|p1: Mimikyu|[notarget]
|-fail|p2a: Great Tusk
|
|-heal|p2a: Great Tusk|38/100|[from] item: Leftovers
|upkeep
|
|t:|1758276373
|switch|p1a: Cresselia|Cresselia, F|63/100
|turn|21
|
|t:|1758276378
|move|p2a: Great Tusk|Rapid Spin|p1a: Cresselia
|-damage|p1a: Cresselia|54/100
|-boost|p2a: Great Tusk|spe|1
|-sideend|p2: SushiRolll|Stealth Rock|[from] move: Rapid Spin|[of] p2a: Great Tusk
|move|p1a: Cresselia|Trick Room|p1a: Cresselia
|-fieldstart|move: Trick Room|[of] p1a: Cresselia
|
|-heal|p2a: Great Tusk|45/100|[from] item: Leftovers
|upkeep
|turn|22
|
|t:|1758276387
|move|p1a: Cresselia|Psychic|p2a: Great Tusk
|-supereffective|p2a: Great Tusk
|-damage|p2a: Great Tusk|0 fnt
|faint|p2a: Great Tusk
|-end|p2a: Great Tusk|Protosynthesis|[silent]
|
|upkeep
|
|t:|1758276394
|switch|p2a: Heatran|Heatran, F, shiny|100/100
|turn|23
|
|t:|1758276399
|move|p1a: Cresselia|Lunar Dance|p1a: Cresselia
|faint|p1a: Cresselia
|move|p2a: Heatran|Magma Storm|p1: Cresselia|[notarget]
|-fail|p2a: Heatran
|
|upkeep
|
|t:|1758276404
|switch|p1a: Glastrier|Glastrier|100/100
|turn|24
|
|t:|1758276408
|-terastallize|p1a: Glastrier|Dragon
|move|p1a: Glastrier|High Horsepower|p2a: Heatran
|-supereffective|p2a: Heatran
|-damage|p2a: Heatran|0 fnt
|faint|p2a: Heatran
|-ability|p1a: Glastrier|Chilling Neigh|boost
|-boost|p1a: Glastrier|atk|1
|
|upkeep
|
|t:|1758276417
|switch|p2a: Iron Valiant|Iron Valiant|100/100
|-enditem|p2a: Iron Valiant|Booster Energy
|-activate|p2a: Iron Valiant|ability: Quark Drive|[fromitem]
|-start|p2a: Iron Valiant|quarkdrivespe
|turn|25
|
|t:|1758276426
|move|p1a: Glastrier|Heavy Slam|p2a: Iron Valiant
|-supereffective|p2a: Iron Valiant
|-damage|p2a: Iron Valiant|0 fnt
|faint|p2a: Iron Valiant
|-end|p2a: Iron Valiant|Quark Drive|[silent]
|-ability|p1a: Glastrier|Chilling Neigh|boost
|-boost|p1a: Glastrier|atk|1
|
|-fieldend|move: Trick Room
|upkeep
|
|t:|1758276432
|switch|p2a: Dragapult|Dragapult, F|100/100
|turn|26
|
|t:|1758276439
|move|p2a: Dragapult|Draco Meteor|p1a: Glastrier
|-supereffective|p1a: Glastrier
|-damage|p1a: Glastrier|12/100
|-unboost|p2a: Dragapult|spa|2
|move|p1a: Glastrier|Outrage|p2a: Dragapult
|-supereffective|p2a: Dragapult
|-crit|p2a: Dragapult
|-damage|p2a: Dragapult|0 fnt
|faint|p2a: Dragapult
|
|win|profesor-rudy
|raw|profesor-rudy's rating: 1082 &rarr; <strong>1108</strong><br />(+26 for winning)
|raw|SushiRolll's rating: 1066 &rarr; <strong>1047</strong><br />(-19 for losing)
|l|☆SushiRolll
|player|p2|
|l|☆profesor-rudy
|player|p1|
