|j|☆UnPlatanoQueHabla
|j|☆TheOmniOyster
|t:|1758307678
|gametype|singles
|player|p1|UnPlatanoQueHabla|102|1049
|player|p2|TheOmniOyster|102|1081
|gen|9
|tier|[Gen 9] OU
|rated|
|rule|HP Percentage Mod: HP is shown in percentages
|rule|Endless Battle Clause: Forcing endless battles is banned
|rule|Species Clause: Limit one of each Pokémon
|rule|OHKO Clause: OHKO moves are banned
|rule|Evasion Items Clause: Evasion items are banned
|rule|Evasion Moves Clause: Evasion moves are banned
|rule|Evasion Abilities Clause: Evasion abilities are banned
|rule|Sleep Moves Clause: Sleep-inducing moves are banned
|clearpoke
|poke|p1|Malamar, F|
|poke|p1|Darkrai|
|poke|p1|Hatterene, F|
|poke|p1|Dragonite, F|
|poke|p1|Noivern, M|
|poke|p1|Glimmora, F|
|poke|p2|Trevenant, M|
|poke|p2|Maushold|
|poke|p2|Blaziken, F|
|poke|p2|Kingambit, M|
|poke|p2|Raging Bolt|
|poke|p2|Rotom-Wash|
|teampreview
|
|t:|1758307683
|teamsize|p1|6
|teamsize|p2|6
|start
|switch|p1a: Glimmora|Glimmora, F|100/100
|switch|p2a: Trevenant|Trevenant, M|100/100
|turn|1
|
|t:|1758307690
|move|p1a: Glimmora|Mortal Spin|p2a: Trevenant
|-damage|p2a: Trevenant|93/100
|-status|p2a: Trevenant|psn
|move|p2a: Trevenant|Curse|p1a: Glimmora
|-start|p1a: Glimmora|Curse|[of] p2a: Trevenant
|-damage|p2a: Trevenant|43/100 psn
|-enditem|p2a: Trevenant|Sitrus Berry|[eat]
|-heal|p2a: Trevenant|68/100 psn|[from] item: Sitrus Berry
|
|-damage|p2a: Trevenant|56/100 psn|[from] psn
|-damage|p1a: Glimmora|76/100|[from] Curse
|-item|p2a: Trevenant|Sitrus Berry|[from] ability: Harvest
|upkeep
|turn|2
|
|t:|1758307711
|move|p1a: Glimmora|Stealth Rock|p2a: Trevenant
|-sidestart|p2: TheOmniOyster|move: Stealth Rock
|move|p2a: Trevenant|Leech Seed|p1a: Glimmora
|-start|p1a: Glimmora|move: Leech Seed
|
|-damage|p1a: Glimmora|63/100|[from] Leech Seed|[of] p2a: Trevenant
|-heal|p2a: Trevenant|66/100 psn|[silent]
|-damage|p2a: Trevenant|53/100 psn|[from] psn
|-damage|p1a: Glimmora|39/100|[from] Curse
|upkeep
|turn|3
|
|t:|1758307726
|switch|p2a: Maushold|Maushold|100/100
|-damage|p2a: Maushold|88/100|[from] Stealth Rock
|move|p1a: Glimmora|Spikes|p2a: Maushold
|-sidestart|p2: TheOmniOyster|Spikes
|
|-damage|p1a: Glimmora|26/100|[from] Leech Seed|[of] p2a: Maushold
|-heal|p2a: Maushold|100/100|[silent]
|-damage|p1a: Glimmora|1/100|[from] Curse
|upkeep
|turn|4
|
|t:|1758307736
|move|p2a: Maushold|Tidy Up|p2a: Maushold
|-sideend|p2: TheOmniOyster|Spikes
|-sideend|p2: TheOmniOyster|Stealth Rock
|-activate|p2a: Maushold|move: Tidy Up
|-boost|p2a: Maushold|atk|1
|-boost|p2a: Maushold|spe|1
|move|p1a: Glimmora|Mortal Spin|p2a: Maushold
|-damage|p2a: Maushold|91/100
|-status|p2a: Maushold|psn
|-end|p1a: Glimmora|Leech Seed|[from] move: Mortal Spin|[of] p1a: Glimmora
|
|-damage|p2a: Maushold|78/100 psn|[from] psn
|-damage|p1a: Glimmora|0 fnt|[from] Curse
|faint|p1a: Glimmora
|upkeep
|
|t:|1758307758
|switch|p1a: Malamar|Malamar, F|100/100
|turn|5
|
|t:|1758307765
|move|p2a: Maushold|Population Bomb|p1a: Malamar
|-damage|p1a: Malamar|82/100
|-damage|p1a: Malamar|62/100
|-damage|p1a: Malamar|42/100
|-damage|p1a: Malamar|22/100
|-damage|p1a: Malamar|2/100
|-damage|p1a: Malamar|0 fnt
|faint|p1a: Malamar
|-hitcount|p1: Malamar|6
|
|-damage|p2a: Maushold|66/100 psn|[from] psn
|upkeep
|
|t:|1758307783
|switch|p1a: Darkrai|Darkrai|100/100
|turn|6
|
|t:|1758307797
|-terastallize|p1a: Darkrai|Ghost
|move|p2a: Maushold|Population Bomb|p1a: Darkrai
|-immune|p1a: Darkrai
|move|p1a: Darkrai|Trick|p2a: Maushold
|-activate|p1a: Darkrai|move: Trick|[of] p2a: Maushold
|-item|p2a: Maushold|Toxic Orb|[from] move: Trick
|-item|p1a: Darkrai|Focus Sash|[from] move: Trick
|
|-damage|p2a: Maushold|53/100 psn|[from] psn
|upkeep
|turn|7
|
|t:|1758307823
|move|p2a: Maushold|Encore|p1a: Darkrai
|-start|p1a: Darkrai|Encore
|move|p1a: Darkrai|Trick|p2a: Maushold
|-activate|p1a: Darkrai|move: Trick|[of] p2a: Maushold
|-item|p2a: Maushold|Focus Sash|[from] move: Trick
|-item|p1a: Darkrai|Toxic Orb|[from] move: Trick
|
|-damage|p2a: Maushold|41/100 psn|[from] psn
|-status|p1a: Darkrai|tox|[from] item: Toxic Orb
|upkeep
|turn|8
|
|t:|1758307835
|move|p2a: Maushold|Bite|p1a: Darkrai
|-supereffective|p1a: Darkrai
|-damage|p1a: Darkrai|13/100 tox
|move|p1a: Darkrai|Trick|p2a: Maushold
|-activate|p1a: Darkrai|move: Trick|[of] p2a: Maushold
|-item|p2a: Maushold|Toxic Orb|[from] move: Trick
|-item|p1a: Darkrai|Focus Sash|[from] move: Trick
|
|-damage|p2a: Maushold|29/100 psn|[from] psn
|-damage|p1a: Darkrai|7/100 tox|[from] psn
|upkeep
|turn|9
|
|t:|1758307849
|move|p2a: Maushold|Tidy Up|p2a: Maushold
|-boost|p2a: Maushold|atk|1
|-boost|p2a: Maushold|spe|1
|move|p1a: Darkrai|Trick|p2a: Maushold
|-activate|p1a: Darkrai|move: Trick|[of] p2a: Maushold
|-item|p2a: Maushold|Focus Sash|[from] move: Trick
|-item|p1a: Darkrai|Toxic Orb|[from] move: Trick
|
|-damage|p2a: Maushold|16/100 psn|[from] psn
|-damage|p1a: Darkrai|0 fnt|[from] psn
|faint|p1a: Darkrai
|upkeep
|
|t:|1758307865
|switch|p1a: Hatterene|Hatterene, F|100/100
|turn|10
|
|t:|1758307871
|move|p2a: Maushold|Population Bomb|p1a: Hatterene
|-damage|p1a: Hatterene|71/100
|-damage|p1a: Hatterene|41/100
|-damage|p1a: Hatterene|10/100
|-damage|p1a: Hatterene|0 fnt
|faint|p1a: Hatterene
|-hitcount|p1: Hatterene|4
|
|-damage|p2a: Maushold|4/100 psn|[from] psn
|upkeep
|
|t:|1758307891
|switch|p1a: Noivern|Noivern, M, shiny|100/100
|-item|p2a: Maushold|Focus Sash|[from] ability: Frisk|[of] p1a: Noivern
|turn|11
|
|t:|1758307900
|move|p2a: Maushold|Population Bomb|p1a: Noivern
|-damage|p1a: Noivern|69/100
|-damage|p1a: Noivern|40/100
|-damage|p1a: Noivern|11/100
|-damage|p1a: Noivern|0 fnt
|faint|p1a: Noivern
|-hitcount|p1: Noivern|4
|
|-damage|p2a: Maushold|0 fnt|[from] psn
|faint|p2a: Maushold
|upkeep
|
|t:|1758307932
|switch|p2a: Trevenant|Trevenant, M|53/100 psn
|switch|p1a: Dragonite|Dragonite, F|100/100
|turn|12
|
|t:|1758307955
|move|p1a: Dragonite|Dragon Dance|p1a: Dragonite
|-boost|p1a: Dragonite|atk|1
|-boost|p1a: Dragonite|spe|1
|move|p2a: Trevenant|Curse|p1a: Dragonite
|-start|p1a: Dragonite|Curse|[of] p2a: Trevenant
|-damage|p2a: Trevenant|3/100 psn
|-enditem|p2a: Trevenant|Sitrus Berry|[eat]
|-heal|p2a: Trevenant|28/100 psn|[from] item: Sitrus Berry
|
|-damage|p2a: Trevenant|16/100 psn|[from] psn
|-damage|p1a: Dragonite|76/100|[from] Curse
|upkeep
|turn|13
|
|t:|1758307967
|move|p2a: Trevenant|Leech Seed|p1a: Dragonite
|-start|p1a: Dragonite|move: Leech Seed
|move|p1a: Dragonite|Dragon Tail|p2a: Trevenant|[miss]
|-miss|p1a: Dragonite|p2a: Trevenant
|
|-damage|p1a: Dragonite|63/100|[from] Leech Seed|[of] p2a: Trevenant
|-heal|p2a: Trevenant|27/100 psn|[silent]
|-damage|p2a: Trevenant|14/100 psn|[from] psn
|-damage|p1a: Dragonite|39/100|[from] Curse
|-item|p2a: Trevenant|Sitrus Berry|[from] ability: Harvest
|upkeep
|-enditem|p2a: Trevenant|Sitrus Berry|[eat]
|-heal|p2a: Trevenant|39/100 psn|[from] item: Sitrus Berry
|turn|14
|
|t:|1758307982
|move|p2a: Trevenant|Poltergeist|p1a: Dragonite
|-activate|p1a: Dragonite|move: Poltergeist|Rocky Helmet
|-damage|p1a: Dragonite|0 fnt
|faint|p1a: Dragonite
|
|win|TheOmniOyster
|raw|UnPlatanoQueHabla's rating: 1049 &rarr; <strong>1033</strong><br />(-16 for losing)
|raw|TheOmniOyster's rating: 1081 &rarr; <strong>1106</strong><br />(+25 for winning)
