|j|☆Obito 2001
|j|☆lerendezvous
|t:|1758365040
|gametype|singles
|player|p1|Obito 2001|blue-gen3two|1692
|player|p2|lerendezvous|101|1670
|gen|9
|tier|[Gen 9] OU
|rated|
|rule|HP Percentage Mod: HP is shown in percentages
|rule|Endless Battle Clause: Forcing endless battles is banned
|rule|Species Clause: Limit one of each Pokémon
|rule|OHKO Clause: OHKO moves are banned
|rule|Evasion Items Clause: Evasion items are banned
|rule|Evasion Moves Clause: Evasion moves are banned
|rule|Evasion Abilities Clause: Evasion abilities are banned
|rule|Sleep Moves Clause: Sleep-inducing moves are banned
|clearpoke
|poke|p1|Alomomola, F|
|poke|p1|Great Tusk|
|poke|p1|Kyurem|
|poke|p1|Empoleon, M|
|poke|p1|Dragonite, F|
|poke|p1|Deoxys-Defense|
|poke|p2|Ogerpon-Wellspring, F|
|poke|p2|Slowking-Galar, F|
|poke|p2|Great Tusk|
|poke|p2|Moltres|
|poke|p2|Dragapult, M|
|poke|p2|Kingambit, F|
|teampreview
|inactive|Battle timer is ON: inactive players will automatically lose when time's up. (requested by Obito 2001)
|inactive|lerendezvous also wants the timer to be on.
|
|t:|1758365057
|teamsize|p1|6
|teamsize|p2|6
|start
|switch|p1a: Kyurem|Kyurem, shiny|100/100
|switch|p2a: Slowking|Slowking-Galar, F|100/100
|-ability|p1a: Kyurem|Pressure
|turn|1
|
|t:|1758365061
|move|p1a: Kyurem|Substitute|p1a: Kyurem
|-start|p1a: Kyurem|Substitute
|-damage|p1a: Kyurem|75/100
|move|p2a: Slowking|Sludge Bomb|p1a: Kyurem
|-end|p1a: Kyurem|Substitute
|
|-heal|p1a: Kyurem|82/100|[from] item: Leftovers
|upkeep
|turn|2
|
|t:|1758365066
|switch|p1a: Empoleon|Empoleon, M|100/100
|-item|p1a: Empoleon|Air Balloon
|move|p2a: Slowking|Sludge Bomb|p1a: Empoleon
|-immune|p1a: Empoleon
|
|upkeep
|turn|3
|
|t:|1758365071
|move|p1a: Empoleon|Surf|p2a: Slowking
|-damage|p2a: Slowking|83/100
|move|p2a: Slowking|Flamethrower|p1a: Empoleon
|-damage|p1a: Empoleon|82/100
|-enditem|p1a: Empoleon|Air Balloon
|
|upkeep
|turn|4
|
|t:|1758365079
|switch|p2a: Kingambit|Kingambit, F|100/100
|move|p1a: Empoleon|Surf|p2a: Kingambit
|-damage|p2a: Kingambit|67/100
|
|-heal|p2a: Kingambit|73/100|[from] item: Leftovers
|upkeep
|turn|5
|
|t:|1758365083
|switch|p1a: Mega Donphan|Great Tusk|100/100
|move|p2a: Kingambit|Swords Dance|p2a: Kingambit
|-boost|p2a: Kingambit|atk|2
|
|-heal|p2a: Kingambit|79/100|[from] item: Leftovers
|upkeep
|turn|6
|
|t:|1758365088
|-end|p2a: Kingambit|fallenundefined|[silent]
|switch|p2a: Moltres|Moltres|100/100
|move|p1a: Mega Donphan|Stealth Rock|p2a: Moltres
|-sidestart|p2: lerendezvous|move: Stealth Rock
|
|upkeep
|turn|7
|
|t:|1758365096
|-end|p1a: Mega Donphan|Protosynthesis|[silent]
|switch|p1a: Empoleon|Empoleon, M|82/100
|move|p2a: Moltres|Flamethrower|p1a: Empoleon
|-damage|p1a: Empoleon|57/100
|
|upkeep
|turn|8
|
|t:|1758365101
|move|p2a: Moltres|Flamethrower|p1a: Empoleon
|-damage|p1a: Empoleon|30/100
|-status|p1a: Empoleon|brn
|move|p1a: Empoleon|Roost|p1a: Empoleon
|-heal|p1a: Empoleon|80/100 brn
|-singleturn|p1a: Empoleon|move: Roost
|
|-damage|p1a: Empoleon|74/100 brn|[from] brn
|upkeep
|turn|9
|
|t:|1758365107
|switch|p1a: Kyurem|Kyurem, shiny|82/100
|-ability|p1a: Kyurem|Pressure
|move|p2a: Moltres|U-turn|p1a: Kyurem
|-damage|p1a: Kyurem|69/100
|
|t:|1758365113
|switch|p2a: Slowking|Slowking-Galar, F|100/100|[from] U-turn
|-damage|p2a: Slowking|88/100|[from] Stealth Rock
|
|-heal|p1a: Kyurem|75/100|[from] item: Leftovers
|upkeep
|turn|10
|
|t:|1758365118
|move|p1a: Kyurem|Earth Power|p2a: Slowking
|-supereffective|p2a: Slowking
|-damage|p2a: Slowking|56/100
|move|p2a: Slowking|Sludge Bomb|p1a: Kyurem
|-damage|p1a: Kyurem|32/100
|-status|p1a: Kyurem|psn
|
|-heal|p1a: Kyurem|38/100 psn|[from] item: Leftovers
|-damage|p1a: Kyurem|25/100 psn|[from] psn
|upkeep
|turn|11
|
|t:|1758365125
|move|p1a: Kyurem|Freeze-Dry|p2a: Slowking
|-damage|p2a: Slowking|37/100
|-status|p2a: Slowking|frz
|cant|p2a: Slowking|frz
|
|-heal|p1a: Kyurem|32/100 psn|[from] item: Leftovers
|-damage|p1a: Kyurem|19/100 psn|[from] psn
|upkeep
|turn|12
|
|t:|1758365130
|switch|p2a: Moltres|Moltres|100/100
|move|p1a: Kyurem|Freeze-Dry|p2a: Moltres
|-damage|p2a: Moltres|63/100
|-status|p2a: Moltres|frz
|
|-heal|p1a: Kyurem|25/100 psn|[from] item: Leftovers
|-damage|p1a: Kyurem|13/100 psn|[from] psn
|upkeep
|turn|13
|
|t:|1758365135
|switch|p2a: Slowking|Slowking-Galar, F|71/100 frz
|-damage|p2a: Slowking|58/100 frz|[from] Stealth Rock
|move|p1a: Kyurem|Freeze-Dry|p2a: Slowking
|-damage|p2a: Slowking|38/100 frz
|
|-heal|p1a: Kyurem|19/100 psn|[from] item: Leftovers
|-damage|p1a: Kyurem|6/100 psn|[from] psn
|upkeep
|turn|14
|
|t:|1758365141
|move|p1a: Kyurem|Freeze-Dry|p2a: Slowking
|-damage|p2a: Slowking|19/100 frz
|cant|p2a: Slowking|frz
|
|-heal|p1a: Kyurem|12/100 psn|[from] item: Leftovers
|-damage|p1a: Kyurem|0 fnt|[from] psn
|faint|p1a: Kyurem
|upkeep
|
|t:|1758365148
|switch|p1a: Dragonite|Dragonite, F|100/100
|turn|15
|
|t:|1758365152
|switch|p2a: Great Tusk|Great Tusk|100/100
|-damage|p2a: Great Tusk|98/100|[from] Stealth Rock
|move|p1a: Dragonite|Dragon Dance|p1a: Dragonite
|-boost|p1a: Dragonite|atk|1
|-boost|p1a: Dragonite|spe|1
|
|upkeep
|turn|16
|
|t:|1758365157
|-terastallize|p1a: Dragonite|Flying
|move|p1a: Dragonite|Tera Blast|p2a: Great Tusk|[anim] Tera Blast Flying
|-supereffective|p2a: Great Tusk
|-damage|p2a: Great Tusk|0 fnt
|faint|p2a: Great Tusk
|-end|p2a: Great Tusk|Protosynthesis|[silent]
|
|upkeep
|
|t:|1758365164
|switch|p2a: Moltres|Moltres|63/100 frz
|turn|17
|
|t:|1758365169
|move|p1a: Dragonite|Tera Blast|p2a: Moltres|[anim] Tera Blast Flying
|-damage|p2a: Moltres|0 fnt
|faint|p2a: Moltres
|
|upkeep
|
|t:|1758365176
|switch|p2a: Kingambit|Kingambit, F|79/100
|-damage|p2a: Kingambit|73/100|[from] Stealth Rock
|-activate|p2a: Kingambit|ability: Supreme Overlord
|-start|p2a: Kingambit|fallen2|[silent]
|turn|18
|
|t:|1758365181
|-terastallize|p2a: Kingambit|Ghost
|move|p1a: Dragonite|Earthquake|p2a: Kingambit
|-damage|p2a: Kingambit|26/100
|move|p2a: Kingambit|Iron Head|p1a: Dragonite
|-damage|p1a: Dragonite|67/100
|
|-heal|p1a: Dragonite|73/100|[from] item: Leftovers
|-heal|p2a: Kingambit|33/100|[from] item: Leftovers
|upkeep
|turn|19
|
|t:|1758365191
|move|p2a: Kingambit|Sucker Punch|p1a: Dragonite
|-damage|p1a: Dragonite|16/100
|move|p1a: Dragonite|Tera Blast|p2a: Kingambit|[anim] Tera Blast Flying
|-damage|p2a: Kingambit|0 fnt
|faint|p2a: Kingambit
|-end|p2a: Kingambit|fallen2|[silent]
|
|-heal|p1a: Dragonite|22/100|[from] item: Leftovers
|upkeep
|
|t:|1758365196
|switch|p2a: Ogerpon|Ogerpon-Wellspring, F|100/100
|-damage|p2a: Ogerpon|88/100|[from] Stealth Rock
|turn|20
|
|t:|1758365200
|move|p1a: Dragonite|Tera Blast|p2a: Ogerpon|[anim] Tera Blast Flying
|-supereffective|p2a: Ogerpon
|-damage|p2a: Ogerpon|0 fnt
|faint|p2a: Ogerpon
|
|-heal|p1a: Dragonite|28/100|[from] item: Leftovers
|upkeep
|
|t:|1758365205
|switch|p2a: Dragapult|Dragapult, M|100/100
|turn|21
|
|t:|1758365213
|switch|p1a: Momo Hirai|Alomomola, F|100/100
|move|p2a: Dragapult|Dragon Darts|p1a: Momo Hirai
|-damage|p1a: Momo Hirai|85/100
|-anim|p2a: Dragapult|Dragon Darts|p1a: Momo Hirai
|-damage|p1a: Momo Hirai|70/100
|-enditem|p1a: Momo Hirai|Red Card|[of] p2a: Dragapult
|drag|p2a: Slowking|Slowking-Galar, F|52/100 frz
|-damage|p2a: Slowking|39/100 frz|[from] Stealth Rock
|
|upkeep
|turn|22
|
|t:|1758365221
|move|p1a: Momo Hirai|Wish|p1a: Momo Hirai
|cant|p2a: Slowking|frz
|
|upkeep
|turn|23
|
|t:|1758365226
|move|p1a: Momo Hirai|Flip Turn|p2a: Slowking
|-crit|p2a: Slowking
|-damage|p2a: Slowking|16/100 frz
|
|t:|1758365228
|switch|p1a: Dragonite|Dragonite, F, tera:Flying|28/100|[from] Flip Turn
|cant|p2a: Slowking|frz
|
|-heal|p1a: Dragonite|100/100|[from] move: Wish|[wisher] Momo Hirai
|upkeep
|turn|24
|
|t:|1758365232
|move|p1a: Dragonite|Tera Blast|p2a: Slowking|[anim] Tera Blast Flying
|-damage|p2a: Slowking|0 fnt
|faint|p2a: Slowking
|
|upkeep
|
|t:|1758365237
|switch|p2a: Dragapult|Dragapult, M|100/100
|turn|25
|
|t:|1758365241
|switch|p1a: Empoleon|Empoleon, M|74/100 brn
|move|p2a: Dragapult|Will-O-Wisp|p1a: Empoleon
|-fail|p1a: Empoleon|brn
|
|-damage|p1a: Empoleon|67/100 brn|[from] brn
|upkeep
|turn|26
|
|t:|1758365245
|move|p2a: Dragapult|Dragon Darts|p1a: Empoleon
|-resisted|p1a: Empoleon
|-damage|p1a: Empoleon|57/100 brn
|-anim|p2a: Dragapult|Dragon Darts|p1a: Empoleon
|-resisted|p1a: Empoleon
|-damage|p1a: Empoleon|46/100 brn
|move|p1a: Empoleon|Surf|p2a: Dragapult
|-resisted|p2a: Dragapult
|-damage|p2a: Dragapult|77/100
|
|-damage|p1a: Empoleon|40/100 brn|[from] brn
|upkeep
|turn|27
|
|t:|1758365250
|move|p2a: Dragapult|U-turn|p1a: Empoleon
|-resisted|p1a: Empoleon
|-damage|p1a: Empoleon|31/100 brn
|move|p1a: Empoleon|Surf|p2a: Dragapult
|-resisted|p2a: Dragapult
|-damage|p2a: Dragapult|49/100
|
|-damage|p1a: Empoleon|25/100 brn|[from] brn
|upkeep
|turn|28
|
|t:|1758365255
|move|p2a: Dragapult|U-turn|p1a: Empoleon
|-resisted|p1a: Empoleon
|-damage|p1a: Empoleon|15/100 brn
|move|p1a: Empoleon|Roost|p1a: Empoleon
|-heal|p1a: Empoleon|65/100 brn
|-singleturn|p1a: Empoleon|move: Roost
|
|-damage|p1a: Empoleon|59/100 brn|[from] brn
|upkeep
|turn|29
|
|t:|1758365259
|move|p2a: Dragapult|Dragon Darts|p1a: Empoleon
|-resisted|p1a: Empoleon
|-damage|p1a: Empoleon|48/100 brn
|-anim|p2a: Dragapult|Dragon Darts|p1a: Empoleon
|-resisted|p1a: Empoleon
|-damage|p1a: Empoleon|37/100 brn
|move|p1a: Empoleon|Roost|p1a: Empoleon
|-heal|p1a: Empoleon|87/100 brn
|-singleturn|p1a: Empoleon|move: Roost
|
|-damage|p1a: Empoleon|81/100 brn|[from] brn
|upkeep
|turn|30
|
|t:|1758365263
|move|p2a: Dragapult|Hex|p1a: Empoleon
|-damage|p1a: Empoleon|43/100 brn
|move|p1a: Empoleon|Surf|p2a: Dragapult
|-resisted|p2a: Dragapult
|-damage|p2a: Dragapult|24/100
|
|-damage|p1a: Empoleon|37/100 brn|[from] brn
|upkeep
|turn|31
|
|t:|1758365268
|move|p2a: Dragapult|Hex|p1a: Empoleon
|-damage|p1a: Empoleon|3/100 brn
|move|p1a: Empoleon|Surf|p2a: Dragapult
|-resisted|p2a: Dragapult
|-damage|p2a: Dragapult|0 fnt
|faint|p2a: Dragapult
|
|win|Obito 2001
|raw|Obito 2001's rating: 1692 &rarr; <strong>1711</strong><br />(+19 for winning)
|raw|lerendezvous's rating: 1670 &rarr; <strong>1651</strong><br />(-19 for losing)
|l|☆lerendezvous
|player|p2|
|l|☆Obito 2001
|player|p1|
