|j|☆SenseiShuckle
|j|☆elvergatron69
|t:|1758292974
|gametype|singles
|player|p1|SenseiShuckle|steven|1157
|player|p2|elvergatron69|265|1101
|gen|9
|tier|[Gen 9] OU
|rated|
|rule|HP Percentage Mod: HP is shown in percentages
|rule|Endless Battle Clause: Forcing endless battles is banned
|rule|Species Clause: Limit one of each Pokémon
|rule|OHKO Clause: OHKO moves are banned
|rule|Evasion Items Clause: Evasion items are banned
|rule|Evasion Moves Clause: Evasion moves are banned
|rule|Evasion Abilities Clause: Evasion abilities are banned
|rule|Sleep Moves Clause: Sleep-inducing moves are banned
|clearpoke
|poke|p1|Blaziken, M|
|poke|p1|Garchomp, F|
|poke|p1|Kleavor, M|
|poke|p1|Arbok, M|
|poke|p1|Kingambit, F|
|poke|p1|Torterra, F|
|poke|p2|Duraludon, F|
|poke|p2|Iron Hands|
|poke|p2|Mandibuzz, F|
|poke|p2|Dragapult, F|
|poke|p2|Hitmonlee, M|
|poke|p2|Blissey, F|
|teampreview
|
|t:|1758292979
|teamsize|p1|6
|teamsize|p2|6
|start
|switch|p1a: Kleavor|Kleavor, M|100/100
|switch|p2a: Iron Hands|Iron Hands|100/100
|turn|1
|
|t:|1758292987
|move|p1a: Kleavor|Agility|p1a: Kleavor
|-boost|p1a: Kleavor|spe|2
|move|p2a: Iron Hands|Belly Drum|p2a: Iron Hands
|-damage|p2a: Iron Hands|50/100
|-setboost|p2a: Iron Hands|atk|6|[from] move: Belly Drum
|-enditem|p2a: Iron Hands|Sitrus Berry|[eat]
|-heal|p2a: Iron Hands|75/100|[from] item: Sitrus Berry
|
|upkeep
|turn|2
|
|t:|1758292997
|move|p1a: Kleavor|Stone Axe|p2a: Iron Hands
|-resisted|p2a: Iron Hands
|-damage|p2a: Iron Hands|57/100
|-sidestart|p2: elvergatron69|move: Stealth Rock
|move|p2a: Iron Hands|Drain Punch|p1a: Kleavor
|-damage|p1a: Kleavor|0 fnt
|-heal|p2a: Iron Hands|84/100|[from] drain|[of] p1a: Kleavor
|faint|p1a: Kleavor
|
|upkeep
|
|t:|1758293012
|switch|p1a: Garchomp|Garchomp, F|100/100
|turn|3
|
|t:|1758293016
|move|p1a: Garchomp|Earthquake|p2a: Iron Hands
|-supereffective|p2a: Iron Hands
|-damage|p2a: Iron Hands|19/100
|move|p2a: Iron Hands|Drain Punch|p1a: Garchomp
|-damage|p1a: Garchomp|0 fnt
|-heal|p2a: Iron Hands|54/100|[from] drain|[of] p1a: Garchomp
|-damage|p2a: Iron Hands|41/100|[from] ability: Rough Skin|[of] p1a: Garchomp
|faint|p1a: Garchomp
|
|upkeep
|
|t:|1758293025
|switch|p1a: Blaziken|Blaziken, M|100/100
|turn|4
|
|t:|1758293028
|move|p1a: Blaziken|Protect|p1a: Blaziken
|-singleturn|p1a: Blaziken|Protect
|move|p2a: Iron Hands|Drain Punch|p1a: Blaziken
|-activate|p1a: Blaziken|move: Protect
|
|-ability|p1a: Blaziken|Speed Boost|boost
|-boost|p1a: Blaziken|spe|1
|upkeep
|turn|5
|
|t:|1758293040
|move|p1a: Blaziken|Overheat|p2a: Iron Hands
|-crit|p2a: Iron Hands
|-damage|p2a: Iron Hands|0 fnt
|-unboost|p1a: Blaziken|spa|2
|faint|p2a: Iron Hands
|-end|p2a: Iron Hands|Quark Drive|[silent]
|
|-ability|p1a: Blaziken|Speed Boost|boost
|-boost|p1a: Blaziken|spe|1
|upkeep
|
|t:|1758293049
|switch|p2a: Mandibuzz|Mandibuzz, F|100/100
|turn|6
|
|t:|1758293054
|switch|p1a: Arbok|Arbok, M|100/100
|-ability|p1a: Arbok|Intimidate|boost
|-unboost|p2a: Mandibuzz|atk|1
|move|p2a: Mandibuzz|Defog|p1a: Arbok
|-unboost|p1a: Arbok|evasion|1
|-sideend|p2: elvergatron69|Stealth Rock|[from] move: Defog|[of] p2a: Mandibuzz
|
|upkeep
|turn|7
|
|t:|1758293069
|switch|p2a: Duraludon|Duraludon, F|100/100
|move|p1a: Arbok|Coil|p1a: Arbok
|-boost|p1a: Arbok|atk|1
|-boost|p1a: Arbok|def|1
|-boost|p1a: Arbok|accuracy|1
|
|upkeep
|turn|8
|
|t:|1758293080
|move|p1a: Arbok|Earthquake|p2a: Duraludon
|-supereffective|p2a: Duraludon
|-damage|p2a: Duraludon|52/100
|move|p2a: Duraludon|Dragon Pulse|p1a: Arbok
|-damage|p1a: Arbok|39/100
|
|upkeep
|turn|9
|
|t:|1758293087
|move|p1a: Arbok|Earthquake|p2a: Duraludon
|-supereffective|p2a: Duraludon
|-damage|p2a: Duraludon|5/100
|move|p2a: Duraludon|Dragon Pulse|p1a: Arbok
|-damage|p1a: Arbok|0 fnt
|faint|p1a: Arbok
|
|upkeep
|
|t:|1758293095
|switch|p1a: Torterra|Torterra, F|100/100
|turn|10
|
|t:|1758293101
|move|p1a: Torterra|Shell Smash|p1a: Torterra
|-unboost|p1a: Torterra|def|1
|-unboost|p1a: Torterra|spd|1
|-boost|p1a: Torterra|atk|2
|-boost|p1a: Torterra|spa|2
|-boost|p1a: Torterra|spe|2
|move|p2a: Duraludon|Dragon Pulse|p1a: Torterra
|-damage|p1a: Torterra|19/100
|
|upkeep
|turn|11
|
|t:|1758293110
|move|p1a: Torterra|Earthquake|p2a: Duraludon
|-supereffective|p2a: Duraludon
|-damage|p2a: Duraludon|0 fnt
|faint|p2a: Duraludon
|
|upkeep
|
|t:|1758293115
|switch|p2a: Hitmonlee|Hitmonlee, M|100/100
|turn|12
|
|t:|1758293121
|move|p2a: Hitmonlee|Endure|p2a: Hitmonlee
|-singleturn|p2a: Hitmonlee|move: Endure
|move|p1a: Torterra|Bullet Seed|p2a: Hitmonlee
|-damage|p2a: Hitmonlee|50/100
|-activate|p2a: Hitmonlee|move: Endure
|-damage|p2a: Hitmonlee|1/100
|-enditem|p2a: Hitmonlee|Liechi Berry|[eat]
|-boost|p2a: Hitmonlee|atk|1|[from] item: Liechi Berry
|-activate|p2a: Hitmonlee|move: Endure
|-damage|p2a: Hitmonlee|1/100
|-activate|p2a: Hitmonlee|move: Endure
|-damage|p2a: Hitmonlee|1/100
|-hitcount|p2a: Hitmonlee|4
|
|upkeep
|turn|13
|
|t:|1758293141
|move|p2a: Hitmonlee|Reversal|p1a: Torterra
|-damage|p1a: Torterra|0 fnt
|faint|p1a: Torterra
|
|upkeep
|
|t:|1758293144
|switch|p1a: Kingambit|Kingambit, F|100/100
|-activate|p1a: Kingambit|ability: Supreme Overlord
|-start|p1a: Kingambit|fallen4|[silent]
|turn|14
|
|t:|1758293149
|move|p2a: Hitmonlee|Endure|p2a: Hitmonlee
|-singleturn|p2a: Hitmonlee|move: Endure
|move|p1a: Kingambit|Sucker Punch||[still]
|-fail|p1a: Kingambit
|
|upkeep
|turn|15
|
|t:|1758293158
|move|p1a: Kingambit|Sucker Punch|p2a: Hitmonlee
|-resisted|p2a: Hitmonlee
|-damage|p2a: Hitmonlee|0 fnt
|faint|p2a: Hitmonlee
|
|upkeep
|
|t:|1758293164
|switch|p2a: Mandibuzz|Mandibuzz, F|100/100
|turn|16
|
|t:|1758293170
|-end|p1a: Kingambit|fallen4|[silent]
|switch|p1a: Blaziken|Blaziken, M|100/100
|move|p2a: Mandibuzz|Foul Play|p1a: Blaziken
|-resisted|p1a: Blaziken
|-damage|p1a: Blaziken|61/100
|
|upkeep
|turn|17
|
|t:|1758293181
|switch|p2a: Dragapult|Dragapult, F|100/100
|move|p1a: Blaziken|Focus Energy|p1a: Blaziken
|-start|p1a: Blaziken|move: Focus Energy
|
|-ability|p1a: Blaziken|Speed Boost|boost
|-boost|p1a: Blaziken|spe|1
|upkeep
|turn|18
|
|t:|1758293192
|move|p1a: Blaziken|Protect|p1a: Blaziken
|-singleturn|p1a: Blaziken|Protect
|move|p2a: Dragapult|Psychic Fangs|p1a: Blaziken
|-activate|p1a: Blaziken|move: Protect
|
|-ability|p1a: Blaziken|Speed Boost|boost
|-boost|p1a: Blaziken|spe|1
|upkeep
|turn|19
|
|t:|1758293202
|switch|p2a: Blissey|Blissey, F|100/100
|move|p1a: Blaziken|Overheat|p2a: Blissey
|-crit|p2a: Blissey
|-damage|p2a: Blissey|72/100
|-unboost|p1a: Blaziken|spa|2
|
|-heal|p2a: Blissey|78/100|[from] item: Leftovers
|-ability|p1a: Blaziken|Speed Boost|boost
|-boost|p1a: Blaziken|spe|1
|upkeep
|turn|20
|
|t:|1758293243
|move|p1a: Blaziken|Close Combat|p2a: Blissey
|-supereffective|p2a: Blissey
|-crit|p2a: Blissey
|-damage|p2a: Blissey|0 fnt
|-unboost|p1a: Blaziken|def|1
|-unboost|p1a: Blaziken|spd|1
|faint|p2a: Blissey
|
|-ability|p1a: Blaziken|Speed Boost|boost
|-boost|p1a: Blaziken|spe|1
|upkeep
|
|t:|1758293254
|switch|p2a: Mandibuzz|Mandibuzz, F|100/100
|turn|21
|
|t:|1758293263
|-terastallize|p1a: Blaziken|Fire
|move|p1a: Blaziken|Overheat|p2a: Mandibuzz|[miss]
|-miss|p1a: Blaziken|p2a: Mandibuzz
|move|p2a: Mandibuzz|Foul Play|p1a: Blaziken
|-damage|p1a: Blaziken|0 fnt
|faint|p1a: Blaziken
|
|upkeep
|
|t:|1758293270
|switch|p1a: Kingambit|Kingambit, F|100/100
|-activate|p1a: Kingambit|ability: Supreme Overlord
|-start|p1a: Kingambit|fallen5|[silent]
|turn|22
|
|t:|1758293274
|move|p2a: Mandibuzz|Foul Play|p1a: Kingambit
|-resisted|p1a: Kingambit
|-damage|p1a: Kingambit|79/100
|move|p1a: Kingambit|Swords Dance|p1a: Kingambit
|-boost|p1a: Kingambit|atk|2
|
|upkeep
|turn|23
|
|t:|1758293281
|move|p2a: Mandibuzz|Foul Play|p1a: Kingambit
|-resisted|p1a: Kingambit
|-damage|p1a: Kingambit|36/100
|move|p1a: Kingambit|Iron Head|p2a: Mandibuzz
|-damage|p2a: Mandibuzz|26/100
|
|upkeep
|turn|24
|inactive|Battle timer is ON: inactive players will automatically lose when time's up. (requested by SenseiShuckle)
|
|t:|1758293299
|switch|p2a: Dragapult|Dragapult, F|100/100
|move|p1a: Kingambit|Sucker Punch||[still]
|-fail|p1a: Kingambit
|
|upkeep
|turn|25
|
|t:|1758293306
|-terastallize|p2a: Dragapult|Dragon
|move|p1a: Kingambit|Sucker Punch|p2a: Dragapult
|-enditem|p2a: Dragapult|Focus Sash
|-damage|p2a: Dragapult|1/100
|move|p2a: Dragapult|Dragon Darts|p1a: Kingambit
|-resisted|p1a: Kingambit
|-damage|p1a: Kingambit|22/100
|-anim|p2a: Dragapult|Dragon Darts|p1a: Kingambit
|-resisted|p1a: Kingambit
|-damage|p1a: Kingambit|9/100
|
|upkeep
|turn|26
|
|t:|1758293319
|switch|p2a: Mandibuzz|Mandibuzz, F|26/100
|move|p1a: Kingambit|Sucker Punch||[still]
|-fail|p1a: Kingambit
|
|upkeep
|turn|27
|
|t:|1758293324
|switch|p2a: Dragapult|Dragapult, F, tera:Dragon|1/100
|move|p1a: Kingambit|Sucker Punch||[still]
|-fail|p1a: Kingambit
|
|upkeep
|turn|28
|
|t:|1758293330
|move|p1a: Kingambit|Sucker Punch||[still]
|-fail|p1a: Kingambit
|move|p2a: Dragapult|Dragon Dance|p2a: Dragapult
|-boost|p2a: Dragapult|atk|1
|-boost|p2a: Dragapult|spe|1
|
|upkeep
|turn|29
|
|t:|1758293336
|move|p2a: Dragapult|Dragon Darts|p1a: Kingambit
|-resisted|p1a: Kingambit
|-damage|p1a: Kingambit|0 fnt
|faint|p1a: Kingambit
|-end|p1a: Kingambit|fallen5|[silent]
|
|win|elvergatron69
|raw|SenseiShuckle's rating: 1157 &rarr; <strong>1128</strong><br />(-29 for losing)
|raw|elvergatron69's rating: 1101 &rarr; <strong>1130</strong><br />(+29 for winning)
|l|☆elvergatron69
|player|p2|
|l|☆SenseiShuckle
|player|p1|
