|j|☆tubainovic
|j|☆NYC Red
|t:|1758286017
|gametype|singles
|player|p1|tubainovic|1|1161
|player|p2|NYC Red|red|1211
|gen|9
|tier|[Gen 9] OU
|rated|
|rule|HP Percentage Mod: HP is shown in percentages
|rule|Endless Battle Clause: Forcing endless battles is banned
|rule|Species Clause: Limit one of each Pokémon
|rule|OHKO Clause: OHKO moves are banned
|rule|Evasion Items Clause: Evasion items are banned
|rule|Evasion Moves Clause: Evasion moves are banned
|rule|Evasion Abilities Clause: Evasion abilities are banned
|rule|Sleep Moves Clause: Sleep-inducing moves are banned
|clearpoke
|poke|p1|Great Tusk|
|poke|p1|Greninja-*, M|
|poke|p1|Gliscor, F|
|poke|p1|Rillaboom, M|
|poke|p1|Zamazenta-*|
|poke|p1|Moltres|
|poke|p2|Dragapult, F|
|poke|p2|Ogerpon-Cornerstone, F|
|poke|p2|Samurott-Hisui, F|
|poke|p2|Skarmory, F|
|poke|p2|Great Tusk|
|poke|p2|Slowking-Galar, F|
|teampreview
|inactive|Battle timer is ON: inactive players will automatically lose when time's up. (requested by NYC Red)
|
|t:|1758286030
|teamsize|p1|6
|teamsize|p2|6
|start
|switch|p1a: Gliscor|Gliscor, F|100/100
|switch|p2a: Skarmory|Skarmory, F|100/100
|turn|1
|
|t:|1758286038
|move|p1a: Gliscor|Protect|p1a: Gliscor
|-singleturn|p1a: Gliscor|Protect
|move|p2a: Skarmory|Stealth Rock|p1a: Gliscor
|-sidestart|p1: tubainovic|move: Stealth Rock
|
|-status|p1a: Gliscor|tox|[from] item: Toxic Orb
|upkeep
|turn|2
|
|t:|1758286047
|move|p1a: Gliscor|Spikes|p2a: Skarmory
|-sidestart|p2: NYC Red|Spikes
|move|p2a: Skarmory|Whirlwind|p1a: Gliscor
|drag|p1a: Greninja|Greninja, M|100/100
|
|upkeep
|turn|3
|
|t:|1758286059
|switch|p1a: Moltres|Moltres|100/100
|switch|p2a: Samurott|Samurott-Hisui, F|100/100
|-damage|p2a: Samurott|88/100|[from] Spikes
|
|upkeep
|turn|4
|
|t:|1758286068
|switch|p1a: Gliscor|Gliscor, F|100/100 tox
|-damage|p1a: Gliscor|88/100 tox|[from] Stealth Rock
|move|p2a: Samurott|Ceaseless Edge|p1a: Gliscor
|-damage|p1a: Gliscor|46/100 tox
|-sidestart|p1: tubainovic|Spikes
|
|-heal|p1a: Gliscor|59/100 tox|[from] ability: Poison Heal
|upkeep
|turn|5
|
|t:|1758286077
|move|p1a: Gliscor|Protect|p1a: Gliscor
|-singleturn|p1a: Gliscor|Protect
|move|p2a: Samurott|Razor Shell|p1a: Gliscor
|-activate|p1a: Gliscor|move: Protect
|
|-heal|p1a: Gliscor|71/100 tox|[from] ability: Poison Heal
|upkeep
|turn|6
|
|t:|1758286100
|switch|p1a: Rillaboom|Rillaboom, M|100/100
|-damage|p1a: Rillaboom|88/100|[from] Stealth Rock
|-damage|p1a: Rillaboom|75/100|[from] Spikes
|-fieldstart|move: Grassy Terrain|[from] ability: Grassy Surge|[of] p1a: Rillaboom
|move|p2a: Samurott|Ceaseless Edge|p1a: Rillaboom
|-damage|p1a: Rillaboom|26/100
|-sidestart|p1: tubainovic|Spikes
|
|-heal|p2a: Samurott|94/100|[from] Grassy Terrain
|-heal|p1a: Rillaboom|32/100|[from] Grassy Terrain
|upkeep
|turn|7
|
|t:|1758286112
|switch|p2a: Skarmory|Skarmory, F|100/100
|move|p1a: Rillaboom|Grassy Glide|p2a: Skarmory
|-resisted|p2a: Skarmory
|-damage|p2a: Skarmory|95/100
|-damage|p1a: Rillaboom|16/100|[from] item: Rocky Helmet|[of] p2a: Skarmory
|
|-heal|p1a: Rillaboom|22/100|[from] Grassy Terrain
|upkeep
|turn|8
|
|t:|1758286123
|switch|p1a: Moltres|Moltres|100/100
|move|p2a: Skarmory|Whirlwind|p1a: Moltres
|drag|p1a: Great Tusk|Great Tusk|100/100
|-damage|p1a: Great Tusk|98/100|[from] Stealth Rock
|-damage|p1a: Great Tusk|81/100|[from] Spikes
|
|-heal|p1a: Great Tusk|87/100|[from] Grassy Terrain
|-heal|p1a: Great Tusk|93/100|[from] item: Leftovers
|upkeep
|turn|9
|
|t:|1758286133
|switch|p2a: Dragapult|Dragapult, F|100/100
|-damage|p2a: Dragapult|88/100|[from] Spikes
|move|p1a: Great Tusk|Rapid Spin|p2a: Dragapult
|-immune|p2a: Dragapult
|
|-heal|p2a: Dragapult|94/100|[from] Grassy Terrain
|-heal|p1a: Great Tusk|99/100|[from] Grassy Terrain
|-heal|p1a: Great Tusk|100/100|[from] item: Leftovers
|upkeep
|turn|10
|
|t:|1758286142
|move|p2a: Dragapult|Draco Meteor|p1a: Great Tusk|[miss]
|-miss|p2a: Dragapult|p1a: Great Tusk
|move|p1a: Great Tusk|Knock Off|p2a: Dragapult
|-supereffective|p2a: Dragapult
|-damage|p2a: Dragapult|17/100
|-enditem|p2a: Dragapult|Choice Specs|[from] move: Knock Off|[of] p1a: Great Tusk
|
|-heal|p2a: Dragapult|23/100|[from] Grassy Terrain
|-fieldend|move: Grassy Terrain
|upkeep
|turn|11
|
|t:|1758286150
|move|p2a: Dragapult|Draco Meteor|p1a: Great Tusk
|-damage|p1a: Great Tusk|25/100
|-unboost|p2a: Dragapult|spa|2
|move|p1a: Great Tusk|Knock Off|p2a: Dragapult
|-supereffective|p2a: Dragapult
|-damage|p2a: Dragapult|0 fnt
|faint|p2a: Dragapult
|
|-heal|p1a: Great Tusk|31/100|[from] item: Leftovers
|upkeep
|
|t:|1758286157
|switch|p2a: Ogerpon|Ogerpon-Cornerstone, F|100/100
|-damage|p2a: Ogerpon|88/100|[from] Spikes
|turn|12
|
|t:|1758286163
|-end|p1a: Great Tusk|Protosynthesis|[silent]
|switch|p1a: Gliscor|Gliscor, F|71/100 tox
|-damage|p1a: Gliscor|59/100 tox|[from] Stealth Rock
|move|p2a: Ogerpon|Horn Leech|p1a: Gliscor
|-crit|p1a: Gliscor
|-damage|p1a: Gliscor|10/100 tox
|-heal|p2a: Ogerpon|100/100|[from] drain|[of] p1a: Gliscor
|
|-heal|p1a: Gliscor|23/100 tox|[from] ability: Poison Heal
|upkeep
|turn|13
|
|t:|1758286172
|move|p1a: Gliscor|Protect|p1a: Gliscor
|-singleturn|p1a: Gliscor|Protect
|move|p2a: Ogerpon|Swords Dance|p2a: Ogerpon
|-boost|p2a: Ogerpon|atk|2
|
|-heal|p1a: Gliscor|35/100 tox|[from] ability: Poison Heal
|upkeep
|turn|14
|
|t:|1758286186
|move|p2a: Ogerpon|Ivy Cudgel|p1a: Gliscor|[anim] Ivy Cudgel Rock
|-damage|p1a: Gliscor|0 fnt
|faint|p1a: Gliscor
|
|upkeep
|
|t:|1758286191
|switch|p1a: Greninja|Greninja, M|100/100
|turn|15
|
|t:|1758286200
|switch|p1a: Great Tusk|Great Tusk|31/100
|-damage|p1a: Great Tusk|28/100|[from] Stealth Rock
|-damage|p1a: Great Tusk|12/100|[from] Spikes
|move|p2a: Ogerpon|Horn Leech|p1a: Great Tusk
|-supereffective|p1a: Great Tusk
|-crit|p1a: Great Tusk
|-damage|p1a: Great Tusk|0 fnt
|faint|p1a: Great Tusk
|-end|p1a: Great Tusk|Protosynthesis|[silent]
|
|upkeep
|
|t:|1758286210
|switch|p1a: Rillaboom|Rillaboom, M|22/100
|-damage|p1a: Rillaboom|9/100|[from] Stealth Rock
|-damage|p1a: Rillaboom|0 fnt|[from] Spikes
|faint|p1a: Rillaboom
|
|t:|1758286215
|switch|p1a: Zamazenta|Zamazenta|100/100
|-damage|p1a: Zamazenta|94/100|[from] Stealth Rock
|-damage|p1a: Zamazenta|78/100|[from] Spikes
|-ability|p1a: Zamazenta|Dauntless Shield|boost
|-boost|p1a: Zamazenta|def|1
|turn|16
|
|t:|1758286227
|move|p1a: Zamazenta|Body Press|p2a: Ogerpon
|-supereffective|p2a: Ogerpon
|-ability|p2a: Ogerpon|Sturdy
|-damage|p2a: Ogerpon|1/100
|move|p2a: Ogerpon|Horn Leech|p1a: Zamazenta
|-damage|p1a: Zamazenta|27/100
|-heal|p2a: Ogerpon|28/100|[from] drain|[of] p1a: Zamazenta
|
|-heal|p1a: Zamazenta|33/100|[from] item: Leftovers
|upkeep
|turn|17
|
|t:|1758286237
|switch|p2a: Skarmory|Skarmory, F|95/100
|move|p1a: Zamazenta|Body Press|p2a: Skarmory
|-damage|p2a: Skarmory|65/100
|-damage|p1a: Zamazenta|16/100|[from] item: Rocky Helmet|[of] p2a: Skarmory
|
|-heal|p1a: Zamazenta|23/100|[from] item: Leftovers
|upkeep
|turn|18
|
|t:|1758286246
|switch|p1a: Moltres|Moltres|100/100
|move|p2a: Skarmory|Roost|p2a: Skarmory
|-heal|p2a: Skarmory|100/100
|-singleturn|p2a: Skarmory|move: Roost
|
|upkeep
|turn|19
|
|t:|1758286254
|switch|p2a: Slowking|Slowking-Galar, F|100/100
|move|p1a: Moltres|Flamethrower|p2a: Slowking
|-damage|p2a: Slowking|80/100
|
|upkeep
|turn|20
|
|t:|1758286261
|move|p1a: Moltres|Air Slash|p2a: Slowking
|-damage|p2a: Slowking|63/100
|move|p2a: Slowking|Toxic|p1a: Moltres
|-status|p1a: Moltres|tox
|
|-damage|p1a: Moltres|94/100 tox|[from] psn
|upkeep
|turn|21
|
|t:|1758286267
|move|p1a: Moltres|Air Slash|p2a: Slowking
|-damage|p2a: Slowking|43/100
|move|p2a: Slowking|Future Sight|p1a: Moltres
|-start|p2a: Slowking|move: Future Sight
|
|-damage|p1a: Moltres|82/100 tox|[from] psn
|upkeep
|turn|22
|
|t:|1758286272
|move|p1a: Moltres|Air Slash|p2a: Slowking
|-damage|p2a: Slowking|25/100
|-prepare|p2a: Slowking|Chilly Reception|[premajor]
|cant|p2a: Slowking|flinch
|
|-damage|p1a: Moltres|64/100 tox|[from] psn
|upkeep
|turn|23
|
|t:|1758286280
|switch|p2a: Samurott|Samurott-Hisui, F|94/100
|-damage|p2a: Samurott|82/100|[from] Spikes
|move|p1a: Moltres|Roost|p1a: Moltres
|-heal|p1a: Moltres|100/100 tox
|-singleturn|p1a: Moltres|move: Roost
|
|-end|p1a: Moltres|move: Future Sight
|-damage|p1a: Moltres|67/100 tox
|-damage|p1a: Moltres|43/100 tox|[from] psn
|upkeep
|turn|24
|
|t:|1758286297
|switch|p1a: Zamazenta|Zamazenta|23/100
|-damage|p1a: Zamazenta|16/100|[from] Stealth Rock
|-damage|p1a: Zamazenta|0 fnt|[from] Spikes
|faint|p1a: Zamazenta
|move|p2a: Samurott|Ceaseless Edge|p1: Zamazenta|[notarget]
|-fail|p2a: Samurott
|
|upkeep
|
|t:|1758286307
|switch|p1a: Greninja|Greninja, M|100/100
|turn|25
|inactive|tubainovic has 120 seconds left.
|inactive|tubainovic has 90 seconds left.
|
|t:|1758286374
|-terastallize|p1a: Greninja|Water
|move|p1a: Greninja|Surf|p2a: Samurott
|-resisted|p2a: Samurott
|-damage|p2a: Samurott|58/100
|move|p2a: Samurott|Razor Shell|p1a: Greninja
|-resisted|p1a: Greninja
|-damage|p1a: Greninja|50/100
|-unboost|p1a: Greninja|def|1
|
|upkeep
|turn|26
|-message|tubainovic forfeited.
|
|win|NYC Red
|raw|tubainovic's rating: 1161 &rarr; <strong>1140</strong><br />(-21 for losing)
|raw|NYC Red's rating: 1211 &rarr; <strong>1232</strong><br />(+21 for winning)
|l|☆tubainovic
|player|p1|
