|j|☆ringorile
|j|☆Brainfly
|t:|1758320484
|gametype|singles
|player|p1|ringorile|170|1236
|player|p2|Brainfly|wattson|1285
|gen|9
|tier|[Gen 9] OU
|rated|
|rule|HP Percentage Mod: HP is shown in percentages
|rule|Endless Battle Clause: Forcing endless battles is banned
|rule|Species Clause: Limit one of each Pokémon
|rule|OHKO Clause: OHKO moves are banned
|rule|Evasion Items Clause: Evasion items are banned
|rule|Evasion Moves Clause: Evasion moves are banned
|rule|Evasion Abilities Clause: Evasion abilities are banned
|rule|Sleep Moves Clause: Sleep-inducing moves are banned
|clearpoke
|poke|p1|Pelipper, F|
|poke|p1|Hatterene, F|
|poke|p1|Iron Treads|
|poke|p1|Toxicroak, F|
|poke|p1|Barraskewda, F|
|poke|p1|Zapdos|
|poke|p2|Rillaboom, M|
|poke|p2|Tauros-Paldea-Blaze, M|
|poke|p2|Alomomola, M|
|poke|p2|Great Tusk|
|poke|p2|Gholdengo|
|poke|p2|Tornadus-Therian, M|
|teampreview
|inactive|Battle timer is ON: inactive players will automatically lose when time's up. (requested by ringorile)
|inactive|Brainfly has 120 seconds left.
|
|t:|1758320517
|teamsize|p1|6
|teamsize|p2|6
|start
|switch|p1a: Pelipper|Pelipper, F|100/100
|switch|p2a: Tornadus|Tornadus-Therian, M|100/100
|-weather|RainDance|[from] ability: Drizzle|[of] p1a: Pelipper
|turn|1
|inactive|ringorile has 120 seconds left.
|
|t:|1758320549
|move|p2a: Tornadus|Knock Off|p1a: Pelipper
|-damage|p1a: Pelipper|80/100
|-enditem|p1a: Pelipper|Damp Rock|[from] move: Knock Off|[of] p2a: Tornadus
|move|p1a: Pelipper|U-turn|p2a: Tornadus
|-resisted|p2a: Tornadus
|-damage|p2a: Tornadus|95/100
|
|t:|1758320553
|switch|p1a: Barraskewda|Barraskewda, F|100/100|[from] U-turn
|
|-weather|RainDance|[upkeep]
|upkeep
|turn|2
|
|t:|1758320563
|switch|p2a: Alomomola|Alomomola, M|100/100
|-terastallize|p1a: Barraskewda|Water
|move|p1a: Barraskewda|Liquidation|p2a: Alomomola
|-resisted|p2a: Alomomola
|-damage|p2a: Alomomola|51/100
|
|-weather|RainDance|[upkeep]
|upkeep
|turn|3
|inactive|ringorile has 120 seconds left.
|inactive|ringorile has 90 seconds left.
|
|t:|1758320619
|move|p1a: Barraskewda|Liquidation|p2a: Alomomola
|-resisted|p2a: Alomomola
|-damage|p2a: Alomomola|4/100
|move|p2a: Alomomola|Wish|p2a: Alomomola
|
|-weather|RainDance|[upkeep]
|upkeep
|turn|4
|
|t:|1758320625
|move|p2a: Alomomola|Protect|p2a: Alomomola
|-singleturn|p2a: Alomomola|Protect
|move|p1a: Barraskewda|Liquidation|p2a: Alomomola
|-activate|p2a: Alomomola|move: Protect
|
|-weather|RainDance|[upkeep]
|-heal|p2a: Alomomola|54/100|[from] move: Wish|[wisher] Alomomola
|upkeep
|turn|5
|
|t:|1758320634
|move|p1a: Barraskewda|Liquidation|p2a: Alomomola
|-resisted|p2a: Alomomola
|-damage|p2a: Alomomola|9/100
|move|p2a: Alomomola|Tickle|p1a: Barraskewda
|-unboost|p1a: Barraskewda|atk|1
|-unboost|p1a: Barraskewda|def|1
|
|-weather|RainDance|[upkeep]
|upkeep
|turn|6
|
|t:|1758320640
|move|p2a: Alomomola|Protect|p2a: Alomomola
|-singleturn|p2a: Alomomola|Protect
|move|p1a: Barraskewda|Liquidation|p2a: Alomomola
|-activate|p2a: Alomomola|move: Protect
|
|-weather|RainDance|[upkeep]
|upkeep
|turn|7
|
|t:|1758320649
|switch|p2a: Rillaboom|Rillaboom, M|100/100
|-fieldstart|move: Grassy Terrain|[from] ability: Grassy Surge|[of] p2a: Rillaboom
|move|p1a: Barraskewda|Liquidation|p2a: Rillaboom
|-resisted|p2a: Rillaboom
|-damage|p2a: Rillaboom|52/100
|
|-weather|RainDance|[upkeep]
|-heal|p2a: Rillaboom|59/100|[from] Grassy Terrain
|upkeep
|turn|8
|inactive|ringorile has 120 seconds left.
|
|t:|1758320673
|switch|p1a: Toxicroak|Toxicroak, F|100/100
|move|p2a: Rillaboom|Grassy Glide|p1a: Toxicroak
|-resisted|p1a: Toxicroak
|-damage|p1a: Toxicroak|75/100
|-damage|p2a: Rillaboom|42/100|[from] item: Rocky Helmet|[of] p1a: Toxicroak
|
|-weather|none
|-heal|p2a: Rillaboom|48/100|[from] Grassy Terrain
|-heal|p1a: Toxicroak|81/100|[from] Grassy Terrain
|upkeep
|turn|9
|
|t:|1758320699
|switch|p2a: Tauros|Tauros-Paldea-Blaze, M|100/100
|-ability|p2a: Tauros|Intimidate|boost
|-unboost|p1a: Toxicroak|atk|1
|move|p1a: Toxicroak|Knock Off|p2a: Tauros
|-resisted|p2a: Tauros
|-damage|p2a: Tauros|95/100
|-enditem|p2a: Tauros|Leftovers|[from] move: Knock Off|[of] p1a: Toxicroak
|
|-heal|p2a: Tauros|100/100|[from] Grassy Terrain
|-heal|p1a: Toxicroak|87/100|[from] Grassy Terrain
|upkeep
|turn|10
|inactive|Brainfly has 120 seconds left.
|inactive|ringorile has 120 seconds left.
|
|t:|1758320720
|move|p2a: Tauros|Will-O-Wisp|p1a: Toxicroak
|-status|p1a: Toxicroak|brn
|move|p1a: Toxicroak|Toxic|p2a: Tauros
|-status|p2a: Tauros|tox
|
|-heal|p1a: Toxicroak|93/100 brn|[from] Grassy Terrain
|-damage|p2a: Tauros|94/100 tox|[from] psn
|-damage|p1a: Toxicroak|87/100 brn|[from] brn
|upkeep
|turn|11
|inactive|Brainfly has 120 seconds left.
|
|t:|1758320740
|switch|p2a: Gholdengo|Gholdengo|100/100
|-item|p2a: Gholdengo|Air Balloon
|switch|p1a: Pelipper|Pelipper, F|80/100
|-weather|RainDance|[from] ability: Drizzle|[of] p1a: Pelipper
|
|-weather|RainDance|[upkeep]
|-fieldend|move: Grassy Terrain
|upkeep
|turn|12
|inactive|Brainfly has 120 seconds left.
|inactive|ringorile has 120 seconds left.
|inactive|Brainfly has 90 seconds left.
|
|t:|1758320775
|move|p2a: Gholdengo|Shadow Ball|p1a: Pelipper
|-damage|p1a: Pelipper|38/100
|-unboost|p1a: Pelipper|spd|1
|move|p1a: Pelipper|U-turn|p2a: Gholdengo
|-resisted|p2a: Gholdengo
|-damage|p2a: Gholdengo|98/100
|-enditem|p2a: Gholdengo|Air Balloon
|
|t:|1758320779
|switch|p1a: Barraskewda|Barraskewda, F, tera:Water|100/100|[from] U-turn
|
|-weather|RainDance|[upkeep]
|upkeep
|turn|13
|
|t:|1758320789
|switch|p2a: Tauros|Tauros-Paldea-Blaze, M|94/100 tox
|-ability|p2a: Tauros|Intimidate|boost
|-unboost|p1a: Barraskewda|atk|1
|move|p1a: Barraskewda|Liquidation|p2a: Tauros
|-supereffective|p2a: Tauros
|-damage|p2a: Tauros|0 fnt
|faint|p2a: Tauros
|
|-weather|RainDance|[upkeep]
|upkeep
|
|t:|1758320796
|switch|p2a: Alomomola|Alomomola, M|42/100
|turn|14
|inactive|ringorile has 120 seconds left.
|
|t:|1758320834
|move|p1a: Barraskewda|Liquidation|p2a: Alomomola
|-resisted|p2a: Alomomola
|-damage|p2a: Alomomola|13/100
|move|p2a: Alomomola|Wish|p2a: Alomomola
|
|-weather|RainDance|[upkeep]
|upkeep
|turn|15
|inactive|ringorile has 120 seconds left.
|
|t:|1758320843
|switch|p1a: Iron Treads|Iron Treads|100/100
|move|p2a: Alomomola|Protect||[still]
|-fail|p2a: Alomomola
|
|-weather|none
|-heal|p2a: Alomomola|63/100|[from] move: Wish|[wisher] Alomomola
|upkeep
|turn|16
|
|t:|1758320848
|move|p1a: Iron Treads|Stealth Rock|p2a: Alomomola
|-sidestart|p2: Brainfly|move: Stealth Rock
|move|p2a: Alomomola|Flip Turn|p1a: Iron Treads
|-supereffective|p1a: Iron Treads
|-damage|p1a: Iron Treads|77/100
|
|t:|1758320853
|switch|p2a: Great Tusk|Great Tusk|100/100|[from] Flip Turn
|
|-heal|p1a: Iron Treads|83/100|[from] item: Leftovers
|upkeep
|turn|17
|inactive|ringorile has 120 seconds left.
|
|t:|1758320879
|-end|p1a: Iron Treads|Quark Drive|[silent]
|switch|p1a: Pelipper|Pelipper, F|38/100
|-weather|RainDance|[from] ability: Drizzle|[of] p1a: Pelipper
|move|p2a: Great Tusk|Rapid Spin|p1a: Pelipper
|-damage|p1a: Pelipper|22/100
|-boost|p2a: Great Tusk|spe|1
|-sideend|p2: Brainfly|Stealth Rock|[from] move: Rapid Spin|[of] p2a: Great Tusk
|
|-weather|RainDance|[upkeep]
|upkeep
|turn|18
|
|t:|1758320899
|-end|p2a: Great Tusk|Protosynthesis|[silent]
|switch|p2a: Tornadus|Tornadus-Therian, M|100/100
|move|p1a: Pelipper|Hurricane|p2a: Tornadus
|-damage|p2a: Tornadus|74/100
|
|-weather|RainDance|[upkeep]
|upkeep
|turn|19
|inactive|ringorile has 120 seconds left.
|
|t:|1758320929
|move|p2a: Tornadus|Bleakwind Storm|p1a: Pelipper
|-damage|p1a: Pelipper|0 fnt
|faint|p1a: Pelipper
|
|-weather|RainDance|[upkeep]
|upkeep
|
|t:|1758320947
|switch|p1a: Barraskewda|Barraskewda, F, tera:Water|100/100
|turn|20
|inactive|Brainfly has 120 seconds left.
|
|t:|1758321001
|move|p1a: Barraskewda|Liquidation|p2a: Tornadus
|-damage|p2a: Tornadus|0 fnt
|faint|p2a: Tornadus
|
|-weather|RainDance|[upkeep]
|upkeep
|
|t:|1758321006
|switch|p2a: Rillaboom|Rillaboom, M|48/100
|-fieldstart|move: Grassy Terrain|[from] ability: Grassy Surge|[of] p2a: Rillaboom
|turn|21
|inactive|ringorile has 120 seconds left.
|
|t:|1758321027
|move|p2a: Rillaboom|Grassy Glide|p1a: Barraskewda
|-supereffective|p1a: Barraskewda
|-damage|p1a: Barraskewda|0 fnt
|faint|p1a: Barraskewda
|
|-weather|none
|-heal|p2a: Rillaboom|54/100|[from] Grassy Terrain
|upkeep
|
|t:|1758321031
|switch|p1a: Zapdos|Zapdos|100/100
|turn|22
|inactive|Brainfly has 120 seconds left.
|
|t:|1758321044
|switch|p2a: Alomomola|Alomomola, M|96/100
|move|p1a: Zapdos|Hurricane|p2a: Alomomola
|-damage|p2a: Alomomola|25/100
|
|-heal|p2a: Alomomola|31/100|[from] Grassy Terrain
|upkeep
|turn|23
|inactive|Brainfly has 120 seconds left.
|
|t:|1758321058
|move|p2a: Alomomola|Protect|p2a: Alomomola
|-singleturn|p2a: Alomomola|Protect
|move|p1a: Zapdos|Hurricane|p2a: Alomomola
|-activate|p2a: Alomomola|move: Protect
|
|-heal|p2a: Alomomola|37/100|[from] Grassy Terrain
|upkeep
|turn|24
|inactive|Brainfly has 120 seconds left.
|inactive|ringorile has 120 seconds left.
|
|t:|1758321085
|move|p2a: Alomomola|Protect|p2a: Alomomola
|-singleturn|p2a: Alomomola|Protect
|move|p1a: Zapdos|Hurricane|p2a: Alomomola
|-activate|p2a: Alomomola|move: Protect
|
|-heal|p2a: Alomomola|44/100|[from] Grassy Terrain
|upkeep
|turn|25
|inactive|ringorile has 120 seconds left.
|
|t:|1758321108
|move|p1a: Zapdos|Hurricane|p2a: Alomomola|[miss]
|-miss|p1a: Zapdos|p2a: Alomomola
|move|p2a: Alomomola|Flip Turn|p1a: Zapdos
|-damage|p1a: Zapdos|81/100
|-status|p2a: Alomomola|par|[from] ability: Static|[of] p1a: Zapdos
|
|t:|1758321113
|switch|p2a: Gholdengo|Gholdengo|98/100|[from] Flip Turn
|
|-heal|p2a: Gholdengo|100/100|[from] Grassy Terrain
|-fieldend|move: Grassy Terrain
|upkeep
|turn|26
|inactive|ringorile has 120 seconds left.
|
|t:|1758321122
|switch|p1a: Toxicroak|Toxicroak, F|87/100 brn
|move|p2a: Gholdengo|Power Gem|p1a: Toxicroak
|-resisted|p1a: Toxicroak
|-damage|p1a: Toxicroak|68/100 brn
|
|-damage|p1a: Toxicroak|62/100 brn|[from] brn
|upkeep
|turn|27
|inactive|Brainfly has 120 seconds left.
|
|t:|1758321134
|switch|p2a: Alomomola|Alomomola, M|77/100 par
|move|p1a: Toxicroak|Knock Off|p2a: Alomomola
|-damage|p2a: Alomomola|69/100 par
|-enditem|p2a: Alomomola|Heavy-Duty Boots|[from] move: Knock Off|[of] p1a: Toxicroak
|
|-damage|p1a: Toxicroak|56/100 brn|[from] brn
|upkeep
|turn|28
|
|t:|1758321141
|move|p1a: Toxicroak|Drain Punch|p2a: Alomomola
|-damage|p2a: Alomomola|61/100 par
|-heal|p1a: Toxicroak|61/100 brn|[from] drain|[of] p2a: Alomomola
|move|p2a: Alomomola|Wish|p2a: Alomomola
|
|-damage|p1a: Toxicroak|55/100 brn|[from] brn
|upkeep
|turn|29
|
|t:|1758321147
|switch|p2a: Great Tusk|Great Tusk|100/100
|move|p1a: Toxicroak|Encore||[still]
|-fail|p1a: Toxicroak
|
|-damage|p1a: Toxicroak|48/100 brn|[from] brn
|upkeep
|turn|30
|
|t:|1758321160
|move|p2a: Great Tusk|Headlong Rush|p1a: Toxicroak
|-supereffective|p1a: Toxicroak
|-damage|p1a: Toxicroak|0 fnt
|-unboost|p2a: Great Tusk|def|1
|-unboost|p2a: Great Tusk|spd|1
|-damage|p2a: Great Tusk|84/100|[from] item: Rocky Helmet|[of] p1a: Toxicroak
|faint|p1a: Toxicroak
|
|upkeep
|inactive|ringorile has 120 seconds left.
|
|t:|1758321209
|switch|p1a: Hatterene|Hatterene, F|100/100
|turn|31
|inactive|ringorile has 90 seconds left.
|inactive|Brainfly has 120 seconds left.
|
|t:|1758321251
|move|p2a: Great Tusk|Headlong Rush|p1a: Hatterene
|-damage|p1a: Hatterene|53/100
|-unboost|p2a: Great Tusk|def|1
|-unboost|p2a: Great Tusk|spd|1
|-enditem|p1a: Hatterene|Eject Button
|
|t:|1758321256
|switch|p1a: Zapdos|Zapdos|81/100
|
|upkeep
|turn|32
|inactive|Brainfly has 120 seconds left.
|
|t:|1758321281
|move|p1a: Zapdos|Hurricane|p2a: Great Tusk
|-supereffective|p2a: Great Tusk
|-damage|p2a: Great Tusk|0 fnt
|faint|p2a: Great Tusk
|-end|p2a: Great Tusk|Protosynthesis|[silent]
|
|upkeep
|
|t:|1758321284
|switch|p2a: Gholdengo|Gholdengo|100/100
|turn|33
|
|t:|1758321290
|move|p1a: Zapdos|Hurricane|p2a: Gholdengo
|-resisted|p2a: Gholdengo
|-damage|p2a: Gholdengo|48/100
|-start|p2a: Gholdengo|confusion
|-activate|p2a: Gholdengo|confusion
|move|p2a: Gholdengo|Power Gem|p1a: Zapdos
|-supereffective|p1a: Zapdos
|-damage|p1a: Zapdos|19/100
|
|upkeep
|turn|34
|inactive|Brainfly has 120 seconds left.
|inactive|Brainfly has 90 seconds left.
|
|t:|1758321333
|move|p1a: Zapdos|Hurricane|p2a: Gholdengo
|-resisted|p2a: Gholdengo
|-damage|p2a: Gholdengo|0 fnt
|faint|p2a: Gholdengo
|
|upkeep
|inactive|Brainfly has 90 seconds left.
|
|t:|1758321339
|switch|p2a: Alomomola|Alomomola, M|94/100 par
|turn|35
|
|t:|1758321345
|move|p1a: Zapdos|Hurricane|p2a: Alomomola
|-damage|p2a: Alomomola|23/100 par
|move|p2a: Alomomola|Flip Turn|p1a: Zapdos
|-damage|p1a: Zapdos|0 fnt
|faint|p1a: Zapdos
|
|t:|1758321351
|switch|p2a: Rillaboom|Rillaboom, M|54/100|[from] Flip Turn
|-fieldstart|move: Grassy Terrain|[from] ability: Grassy Surge|[of] p2a: Rillaboom
|
|-heal|p2a: Rillaboom|61/100|[from] Grassy Terrain
|upkeep
|
|t:|1758321361
|switch|p1a: Hatterene|Hatterene, F|53/100
|turn|36
|
|t:|1758321378
|-terastallize|p2a: Rillaboom|Grass
|move|p2a: Rillaboom|Grassy Glide|p1a: Hatterene
|-damage|p1a: Hatterene|0 fnt
|faint|p1a: Hatterene
|
|-heal|p2a: Rillaboom|67/100|[from] Grassy Terrain
|upkeep
|
|t:|1758321380
|switch|p1a: Iron Treads|Iron Treads|83/100
|turn|37
|inactive|Brainfly has 120 seconds left.
|
|t:|1758321393
|move|p2a: Rillaboom|Grassy Glide|p1a: Iron Treads
|-damage|p1a: Iron Treads|17/100
|move|p1a: Iron Treads|Earthquake|p2a: Rillaboom
|-resisted|p2a: Rillaboom
|-crit|p2a: Rillaboom
|-damage|p2a: Rillaboom|51/100
|
|-heal|p2a: Rillaboom|57/100|[from] Grassy Terrain
|-heal|p1a: Iron Treads|23/100|[from] Grassy Terrain
|-heal|p1a: Iron Treads|29/100|[from] item: Leftovers
|upkeep
|turn|38
|
|t:|1758321398
|move|p2a: Rillaboom|Grassy Glide|p1a: Iron Treads
|-damage|p1a: Iron Treads|0 fnt
|faint|p1a: Iron Treads
|-end|p1a: Iron Treads|Quark Drive|[silent]
|
|win|Brainfly
|raw|ringorile's rating: 1236 &rarr; <strong>1215</strong><br />(-21 for losing)
|raw|Brainfly's rating: 1285 &rarr; <strong>1306</strong><br />(+21 for winning)
|c|☆Brainfly|gg
|c|☆ringorile|gg
|l|☆ringorile
|player|p1|
