|j|☆ChiefGreenLeaf3
|j|☆henry151th
|t:|1758308815
|gametype|singles
|player|p1|ChiefGreenLeaf3|giovanni-gen1|1746
|player|p2|henry151th|wallace|1721
|gen|9
|tier|[Gen 9] OU
|rated|
|rule|HP Percentage Mod: HP is shown in percentages
|rule|Endless Battle Clause: Forcing endless battles is banned
|rule|Species Clause: Limit one of each Pokémon
|rule|OHKO Clause: OHKO moves are banned
|rule|Evasion Items Clause: Evasion items are banned
|rule|Evasion Moves Clause: Evasion moves are banned
|rule|Evasion Abilities Clause: Evasion abilities are banned
|rule|Sleep Moves Clause: Sleep-inducing moves are banned
|clearpoke
|poke|p1|Iron Moth|
|poke|p1|Iron Valiant|
|poke|p1|Iron Jugulis|
|poke|p1|Zamazenta-*|
|poke|p1|Comfey, F|
|poke|p1|Cloyster, F|
|poke|p2|Great Tusk|
|poke|p2|Cinderace, F|
|poke|p2|Alomomola, F|
|poke|p2|Zapdos|
|poke|p2|Slowking-Galar, F|
|poke|p2|Iron Valiant|
|teampreview
|j| AntdonPokemon
|j| IWasBornFaat
|j| Praise The Alt
|j| politeapple
|j| Acu1ty
|j| Resiste et Mords
|j| cryyysneasel
|j| small drip
|j| Wealisify
|j| CloudyEJ
|l| small drip
|c| Praise The Alt|ChiefGreenLeaf3 this is not the team >:(
|
|t:|1758308859
|teamsize|p1|6
|teamsize|p2|6
|start
|switch|p1a: Iron Valiant|Iron Valiant, shiny|100/100
|switch|p2a: Iron Valiant|Iron Valiant|100/100
|-enditem|p1a: Iron Valiant|Booster Energy
|-activate|p1a: Iron Valiant|ability: Quark Drive|[fromitem]
|-start|p1a: Iron Valiant|quarkdrivespe
|turn|1
|c| Wealisify|dk who to root for
|j| IM AT MY LIMIT
|c|☆ChiefGreenLeaf3|mb king im trying to get back to top 100 at least
|c|☆ChiefGreenLeaf3|I tilted so bad yesterday lol
|c|☆henry151th|Same
|c| Praise The Alt|my teams can get you there fast
|
|t:|1758308891
|-end|p2a: Iron Valiant|Quark Drive|[silent]
|switch|p2a: Slowking|Slowking-Galar, F|100/100
|move|p1a: Iron Valiant|Moonblast|p2a: Slowking
|-resisted|p2a: Slowking
|-damage|p2a: Slowking|81/100
|
|upkeep
|turn|2
|c|☆henry151th|Im tryna peak top 100
|
|t:|1758308897
|move|p1a: Iron Valiant|Destiny Bond|p1a: Iron Valiant
|-singlemove|p1a: Iron Valiant|Destiny Bond
|move|p2a: Slowking|Sludge Bomb|p1a: Iron Valiant
|-supereffective|p1a: Iron Valiant
|-damage|p1a: Iron Valiant|0 fnt
|faint|p1a: Iron Valiant
|-activate|p1a: Iron Valiant|move: Destiny Bond
|-end|p1a: Iron Valiant|Quark Drive|[silent]
|faint|p2a: Slowking
|
|upkeep
|c|☆ChiefGreenLeaf3|I was to 20 yesterday
|c|☆henry151th|Fucm
|c|☆ChiefGreenLeaf3|then just clicked my way to 1500 lol
|c|☆henry151th|Fuckkk
|c| Resiste et Mords|turn two of all time
|
|t:|1758308920
|switch|p1a: Iron Jugulis|Iron Jugulis, shiny|100/100
|switch|p2a: Iron Valiant|Iron Valiant|100/100
|-enditem|p1a: Iron Jugulis|Booster Energy
|-activate|p1a: Iron Jugulis|ability: Quark Drive|[fromitem]
|-start|p1a: Iron Jugulis|quarkdrivespe
|turn|3
|
|t:|1758308924
|-end|p2a: Iron Valiant|Quark Drive|[silent]
|switch|p2a: Alomomola|Alomomola, F|100/100
|move|p1a: Iron Jugulis|Hurricane|p2a: Alomomola
|-damage|p2a: Alomomola|72/100
|
|upkeep
|turn|4
|c| Praise The Alt|pokeaim is like top 10 rn with my team lol
|
|t:|1758308928
|move|p1a: Iron Jugulis|Hurricane|p2a: Alomomola
|-damage|p2a: Alomomola|46/100
|move|p2a: Alomomola|Flip Turn|p1a: Iron Jugulis
|-damage|p1a: Iron Jugulis|82/100
|
|t:|1758308931
|switch|p2a: Zapdos|Zapdos|100/100|[from] Flip Turn
|
|upkeep
|turn|5
|
|t:|1758308933
|-terastallize|p1a: Iron Jugulis|Ground
|move|p1a: Iron Jugulis|Dark Pulse|p2a: Zapdos
|-damage|p2a: Zapdos|61/100
|move|p2a: Zapdos|Volt Switch|p1a: Iron Jugulis
|-immune|p1a: Iron Jugulis
|
|upkeep
|turn|6
|
|t:|1758308938
|move|p1a: Iron Jugulis|Taunt|p2a: Zapdos
|-start|p2a: Zapdos|move: Taunt
|cant|p2a: Zapdos|move: Taunt|Roost
|
|upkeep
|turn|7
|
|t:|1758308942
|switch|p2a: Alomomola|Alomomola, F|79/100
|move|p1a: Iron Jugulis|Dark Pulse|p2a: Alomomola
|-damage|p2a: Alomomola|59/100
|
|upkeep
|turn|8
|j| paternozzo
|
|t:|1758308947
|move|p1a: Iron Jugulis|Hurricane|p2a: Alomomola
|-damage|p2a: Alomomola|31/100
|move|p2a: Alomomola|Flip Turn|p1a: Iron Jugulis
|-supereffective|p1a: Iron Jugulis
|-damage|p1a: Iron Jugulis|44/100
|c| politeapple|what is this peak my eyes are witnessing
|
|t:|1758308952
|switch|p2a: Cinderace|Cinderace, F|100/100|[from] Flip Turn
|
|upkeep
|turn|9
|
|t:|1758308954
|move|p1a: Iron Jugulis|Earth Power|p2a: Cinderace
|-supereffective|p2a: Cinderace
|-damage|p2a: Cinderace|0 fnt
|faint|p2a: Cinderace
|
|upkeep
|j| ShiestyGangsta
|j| bhulsk
|c|☆henry151th|Dam
|c|☆ChiefGreenLeaf3|Chief shit
|c|☆ChiefGreenLeaf3|nbd
|
|t:|1758308962
|switch|p2a: Alomomola|Alomomola, F|65/100
|turn|10
|
|t:|1758308965
|move|p1a: Iron Jugulis|Hurricane|p2a: Alomomola|[miss]
|-miss|p1a: Iron Jugulis|p2a: Alomomola
|move|p2a: Alomomola|Flip Turn|p1a: Iron Jugulis
|-supereffective|p1a: Iron Jugulis
|-damage|p1a: Iron Jugulis|7/100
|l| ShiestyGangsta
|j| ShiestyGangsta
|
|t:|1758308970
|switch|p2a: Iron Valiant|Iron Valiant|100/100|[from] Flip Turn
|
|upkeep
|turn|11
|
|t:|1758308973
|-end|p1a: Iron Jugulis|Quark Drive|[silent]
|switch|p1a: Comfey|Comfey, F|100/100
|move|p2a: Iron Valiant|Shadow Sneak|p1a: Comfey
|-damage|p1a: Comfey|74/100
|
|upkeep
|turn|12
|
|t:|1758308976
|-end|p2a: Iron Valiant|Quark Drive|[silent]
|switch|p2a: Alomomola|Alomomola, F|98/100
|move|p1a: Comfey|Draining Kiss|p2a: Alomomola
|-damage|p2a: Alomomola|82/100
|-heal|p1a: Comfey|95/100|[from] drain|[of] p2a: Alomomola
|
|upkeep
|turn|13
|l| ShiestyGangsta
|c| Acu1ty|shadow sneak valiant.
|
|t:|1758308989
|move|p1a: Comfey|Draining Kiss|p2a: Alomomola
|-damage|p2a: Alomomola|66/100
|-heal|p1a: Comfey|100/100|[from] drain|[of] p2a: Alomomola
|move|p2a: Alomomola|Flip Turn|p1a: Comfey
|-damage|p1a: Comfey|80/100
|c|☆henry151th|Banded
|
|t:|1758308991
|switch|p2a: Zapdos|Zapdos|61/100|[from] Flip Turn
|
|upkeep
|turn|14
|
|t:|1758308994
|switch|p1a: Iron Jugulis|Iron Jugulis, shiny, tera:Ground|7/100
|move|p2a: Zapdos|Roost|p2a: Zapdos
|-heal|p2a: Zapdos|100/100
|-singleturn|p2a: Zapdos|move: Roost
|
|upkeep
|turn|15
|
|t:|1758308998
|switch|p2a: Alomomola|Alomomola, F|99/100
|move|p1a: Iron Jugulis|Dark Pulse|p2a: Alomomola
|-damage|p2a: Alomomola|78/100
|
|upkeep
|turn|16
|
|t:|1758309003
|move|p2a: Alomomola|Aqua Jet|p1a: Iron Jugulis
|-supereffective|p1a: Iron Jugulis
|-damage|p1a: Iron Jugulis|0 fnt
|faint|p1a: Iron Jugulis
|-end|p1a: Iron Jugulis|Quark Drive|[silent]
|
|upkeep
|
|t:|1758309004
|switch|p1a: Comfey|Comfey, F|80/100
|turn|17
|
|t:|1758309008
|move|p1a: Comfey|Trick|p2a: Alomomola
|-activate|p1a: Comfey|move: Trick|[of] p2a: Alomomola
|-item|p2a: Alomomola|Choice Specs|[from] move: Trick
|-item|p1a: Comfey|Assault Vest|[from] move: Trick
|move|p2a: Alomomola|Mirror Coat||[still]
|-fail|p2a: Alomomola
|
|upkeep
|turn|18
|c|☆henry151th|Bru what
|
|t:|1758309017
|switch|p2a: Zapdos|Zapdos|100/100
|move|p1a: Comfey|Giga Drain|p2a: Zapdos
|-resisted|p2a: Zapdos
|-damage|p2a: Zapdos|90/100
|-heal|p1a: Comfey|86/100|[from] drain|[of] p2a: Zapdos
|
|upkeep
|turn|19
|
|t:|1758309021
|move|p1a: Comfey|Draining Kiss|p2a: Zapdos
|-damage|p2a: Zapdos|67/100
|-heal|p1a: Comfey|100/100|[from] drain|[of] p2a: Zapdos
|-damage|p1a: Comfey|84/100|[from] item: Rocky Helmet|[of] p2a: Zapdos
|-status|p1a: Comfey|par|[from] ability: Static|[of] p2a: Zapdos
|move|p2a: Zapdos|Volt Switch|p1a: Comfey
|-damage|p1a: Comfey|64/100 par
|
|t:|1758309023
|switch|p2a: Alomomola|Alomomola, F|100/100|[from] Volt Switch
|
|upkeep
|turn|20
|
|t:|1758309025
|move|p1a: Comfey|Giga Drain|p2a: Alomomola
|-supereffective|p2a: Alomomola
|-damage|p2a: Alomomola|72/100
|-heal|p1a: Comfey|89/100 par|[from] drain|[of] p2a: Alomomola
|move|p2a: Alomomola|Flip Turn|p1a: Comfey
|-damage|p1a: Comfey|68/100 par
|
|t:|1758309029
|switch|p2a: Zapdos|Zapdos|67/100|[from] Flip Turn
|
|upkeep
|turn|21
|
|t:|1758309031
|move|p1a: Comfey|Draining Kiss|p2a: Zapdos
|-damage|p2a: Zapdos|46/100
|-heal|p1a: Comfey|89/100 par|[from] drain|[of] p2a: Zapdos
|-damage|p1a: Comfey|72/100 par|[from] item: Rocky Helmet|[of] p2a: Zapdos
|move|p2a: Zapdos|Roost|p2a: Zapdos
|-heal|p2a: Zapdos|96/100
|-singleturn|p2a: Zapdos|move: Roost
|
|upkeep
|turn|22
|
|t:|1758309034
|move|p1a: Comfey|Draining Kiss|p2a: Zapdos
|-damage|p2a: Zapdos|73/100
|-heal|p1a: Comfey|93/100 par|[from] drain|[of] p2a: Zapdos
|-damage|p1a: Comfey|77/100 par|[from] item: Rocky Helmet|[of] p2a: Zapdos
|move|p2a: Zapdos|Hurricane|p1a: Comfey
|-damage|p1a: Comfey|43/100 par
|
|upkeep
|turn|23
|c| Praise The Alt|helmet zapdos lol
|
|t:|1758309049
|move|p1a: Comfey|Draining Kiss|p2a: Zapdos
|-damage|p2a: Zapdos|52/100
|-heal|p1a: Comfey|63/100 par|[from] drain|[of] p2a: Zapdos
|-damage|p1a: Comfey|46/100 par|[from] item: Rocky Helmet|[of] p2a: Zapdos
|move|p2a: Zapdos|Hurricane|p1a: Comfey
|-damage|p1a: Comfey|12/100 par
|-start|p1a: Comfey|confusion
|
|upkeep
|turn|24
|c|☆henry151th|Hey man
|c|☆henry151th|Thats what it was
|c| politeapple|shit works
|c|☆henry151th|In the rmt
|
|t:|1758309060
|-activate|p1a: Comfey|confusion
|move|p1a: Comfey|Draining Kiss|p2a: Zapdos
|-damage|p2a: Zapdos|30/100
|-heal|p1a: Comfey|33/100 par|[from] drain|[of] p2a: Zapdos
|-damage|p1a: Comfey|16/100 par|[from] item: Rocky Helmet|[of] p2a: Zapdos
|move|p2a: Zapdos|Roost|p2a: Zapdos
|-heal|p2a: Zapdos|80/100
|-singleturn|p2a: Zapdos|move: Roost
|
|upkeep
|turn|25
|
|t:|1758309064
|-activate|p1a: Comfey|confusion
|-damage|p1a: Comfey|11/100 par|[from] confusion
|move|p2a: Zapdos|Volt Switch|p1a: Comfey
|-damage|p1a: Comfey|0 fnt
|faint|p1a: Comfey
|
|t:|1758309067
|switch|p2a: Alomomola|Alomomola, F|100/100|[from] Volt Switch
|
|upkeep
|
|t:|1758309067
|switch|p1a: Cloyster|Cloyster, F, shiny|100/100
|turn|26
|j| 3idk
|
|t:|1758309082
|move|p1a: Cloyster|Shell Smash|p1a: Cloyster
|-unboost|p1a: Cloyster|def|1
|-unboost|p1a: Cloyster|spd|1
|-boost|p1a: Cloyster|atk|2
|-boost|p1a: Cloyster|spa|2
|-boost|p1a: Cloyster|spe|2
|move|p2a: Alomomola|Flip Turn|p1a: Cloyster
|-resisted|p1a: Cloyster
|-damage|p1a: Cloyster|90/100
|
|t:|1758309085
|switch|p2a: Zapdos|Zapdos|80/100|[from] Flip Turn
|
|upkeep
|turn|27
|
|t:|1758309087
|switch|p2a: Alomomola|Alomomola, F|100/100
|move|p1a: Cloyster|Icicle Spear|p2a: Alomomola
|-resisted|p2a: Alomomola
|-damage|p2a: Alomomola|92/100
|-resisted|p2a: Alomomola
|-damage|p2a: Alomomola|82/100
|-resisted|p2a: Alomomola
|-damage|p2a: Alomomola|73/100
|-resisted|p2a: Alomomola
|-damage|p2a: Alomomola|64/100
|-resisted|p2a: Alomomola
|-damage|p2a: Alomomola|54/100
|-hitcount|p2a: Alomomola|5
|
|upkeep
|turn|28
|
|t:|1758309090
|move|p1a: Cloyster|Rock Blast|p2a: Alomomola
|-damage|p2a: Alomomola|43/100
|-damage|p2a: Alomomola|31/100
|-damage|p2a: Alomomola|20/100
|-damage|p2a: Alomomola|9/100
|-damage|p2a: Alomomola|0 fnt
|faint|p2a: Alomomola
|-hitcount|p2: Alomomola|5
|
|upkeep
|
|t:|1758309098
|switch|p2a: Zapdos|Zapdos|80/100
|turn|29
|
|t:|1758309102
|-terastallize|p2a: Zapdos|Electric
|move|p1a: Cloyster|Icicle Spear|p2a: Zapdos
|-crit|p2a: Zapdos
|-damage|p2a: Zapdos|56/100
|-damage|p2a: Zapdos|39/100
|-damage|p2a: Zapdos|23/100
|-damage|p2a: Zapdos|5/100
|-damage|p2a: Zapdos|0 fnt
|faint|p2a: Zapdos
|-hitcount|p2: Zapdos|5
|
|upkeep
|c|☆henry151th|Ggs
|c|☆ChiefGreenLeaf3|gg king
|c|☆ChiefGreenLeaf3|GL on next
|c| Praise The Alt|our hero has fallen...
|c|☆henry151th|What was this team man
|c|☆henry151th|Lmao
|l| Resiste et Mords
|-message|henry151th forfeited.
|
|win|ChiefGreenLeaf3
|raw|ChiefGreenLeaf3's rating: 1746 &rarr; <strong>1765</strong><br />(+19 for winning)
|raw|henry151th's rating: 1721 &rarr; <strong>1702</strong><br />(-19 for losing)
|c|☆ChiefGreenLeaf3|lmao my sig
|l| IM AT MY LIMIT
|l| cryyysneasel
|l| AntdonPokemon
|l| paternozzo
|j| AntdonPokemon
|l| Praise The Alt
|l| AntdonPokemon
|c| politeapple|what does tera elec do for zap
|l| politeapple
|l| CloudyEJ
|j| ohkopon
|l| 3idk
|l| Acu1ty
