|j|☆mumu0910
|j|☆kiarnjd
|t:|1758288460
|gametype|singles
|player|p1|mumu0910|roxie|1373
|player|p2|kiarnjd|red|1340
|gen|9
|tier|[Gen 9] OU
|rated|
|rule|HP Percentage Mod: HP is shown in percentages
|rule|Endless Battle Clause: Forcing endless battles is banned
|rule|Species Clause: Limit one of each Pokémon
|rule|OHKO Clause: OHKO moves are banned
|rule|Evasion Items Clause: Evasion items are banned
|rule|Evasion Moves Clause: Evasion moves are banned
|rule|Evasion Abilities Clause: Evasion abilities are banned
|rule|Sleep Moves Clause: Sleep-inducing moves are banned
|clearpoke
|poke|p1|Dragonite, M|
|poke|p1|Zamazenta-*|
|poke|p1|Ting-Lu|
|poke|p1|Zapdos|
|poke|p1|Great Tusk|
|poke|p1|Gholdengo|
|poke|p2|Pelipper, M|
|poke|p2|Excadrill, M|
|poke|p2|Toxicroak, F|
|poke|p2|Ogerpon-Wellspring, F|
|poke|p2|Floatzel, F|
|poke|p2|Alomomola, F|
|teampreview
|inactive|Battle timer is ON: inactive players will automatically lose when time's up. (requested by kiarnjd)
|
|t:|1758288471
|teamsize|p1|6
|teamsize|p2|6
|start
|switch|p1a: Zapdos|Zapdos|100/100
|switch|p2a: Pelipper|Pelipper, M|100/100
|-ability|p1a: Zapdos|Pressure
|-weather|RainDance|[from] ability: Drizzle|[of] p2a: Pelipper
|turn|1
|
|t:|1758288479
|switch|p2a: Excadrill|Excadrill, M, shiny|100/100
|-ability|p2a: Excadrill|Mold Breaker
|move|p1a: Zapdos|Hurricane|p2a: Excadrill
|-resisted|p2a: Excadrill
|-damage|p2a: Excadrill|77/100
|-enditem|p2a: Excadrill|Eject Button
|
|t:|1758288492
|switch|p2a: Floatzel|Floatzel, F|100/100
|
|-weather|RainDance|[upkeep]
|upkeep
|turn|2
|
|t:|1758288500
|move|p2a: Floatzel|Flip Turn|p1a: Zapdos
|-damage|p1a: Zapdos|32/100
|
|t:|1758288505
|switch|p2a: Alomomola|Alomomola, F|100/100|[from] Flip Turn
|move|p1a: Zapdos|Thunderbolt|p2a: Alomomola
|-supereffective|p2a: Alomomola
|-damage|p2a: Alomomola|16/100
|
|-weather|RainDance|[upkeep]
|-heal|p1a: Zapdos|38/100|[from] item: Leftovers
|upkeep
|turn|3
|
|t:|1758288509
|move|p2a: Alomomola|Protect|p2a: Alomomola
|-singleturn|p2a: Alomomola|Protect
|move|p1a: Zapdos|Volt Switch|p2a: Alomomola
|-activate|p2a: Alomomola|move: Protect
|
|-weather|RainDance|[upkeep]
|-heal|p1a: Zapdos|44/100|[from] item: Leftovers
|upkeep
|turn|4
|
|t:|1758288513
|switch|p2a: Excadrill|Excadrill, M, shiny|77/100
|-ability|p2a: Excadrill|Mold Breaker
|move|p1a: Zapdos|Volt Switch|p2a: Excadrill
|-immune|p2a: Excadrill
|
|-weather|RainDance|[upkeep]
|-heal|p1a: Zapdos|50/100|[from] item: Leftovers
|upkeep
|turn|5
|
|t:|1758288519
|move|p1a: Zapdos|Roost|p1a: Zapdos
|-heal|p1a: Zapdos|100/100
|-singleturn|p1a: Zapdos|move: Roost
|move|p2a: Excadrill|Stealth Rock|p1a: Zapdos
|-sidestart|p1: mumu0910|move: Stealth Rock
|
|-weather|RainDance|[upkeep]
|upkeep
|turn|6
|
|t:|1758288530
|move|p1a: Zapdos|Hurricane|p2a: Excadrill
|-resisted|p2a: Excadrill
|-damage|p2a: Excadrill|53/100
|move|p2a: Excadrill|Iron Head|p1a: Zapdos
|-resisted|p1a: Zapdos
|-damage|p1a: Zapdos|83/100
|
|-weather|RainDance|[upkeep]
|-heal|p1a: Zapdos|89/100|[from] item: Leftovers
|upkeep
|turn|7
|
|t:|1758288541
|switch|p2a: Floatzel|Floatzel, F|100/100
|move|p1a: Zapdos|Hurricane|p2a: Floatzel
|-damage|p2a: Floatzel|0 fnt
|faint|p2a: Floatzel
|
|-weather|RainDance|[upkeep]
|-heal|p1a: Zapdos|95/100|[from] item: Leftovers
|upkeep
|c|☆kiarnjd|word
|
|t:|1758288551
|switch|p2a: Ogerpon|Ogerpon-Wellspring, F|100/100
|turn|8
|
|t:|1758288559
|-terastallize|p2a: Ogerpon|Water
|detailschange|p2a: Ogerpon|Ogerpon-Wellspring-Tera, F, tera:Water
|-ability|p2a: Ogerpon|Embody Aspect (Wellspring)|boost
|-boost|p2a: Ogerpon|spd|1
|move|p2a: Ogerpon|Swords Dance|p2a: Ogerpon
|-boost|p2a: Ogerpon|atk|2
|move|p1a: Zapdos|Hurricane|p2a: Ogerpon
|-damage|p2a: Ogerpon|52/100
|
|-weather|none
|-heal|p1a: Zapdos|100/100|[from] item: Leftovers
|upkeep
|turn|9
|
|t:|1758288579
|switch|p1a: Great Tusk|Great Tusk|100/100
|-damage|p1a: Great Tusk|98/100|[from] Stealth Rock
|-enditem|p1a: Great Tusk|Booster Energy
|-activate|p1a: Great Tusk|ability: Protosynthesis|[fromitem]
|-start|p1a: Great Tusk|protosynthesisatk
|move|p2a: Ogerpon|Ivy Cudgel|p1a: Great Tusk|[anim] Ivy Cudgel Water
|-supereffective|p1a: Great Tusk
|-damage|p1a: Great Tusk|0 fnt
|faint|p1a: Great Tusk
|-end|p1a: Great Tusk|Protosynthesis|[silent]
|
|upkeep
|
|t:|1758288588
|switch|p1a: Gholdengo|Gholdengo|100/100
|-damage|p1a: Gholdengo|94/100|[from] Stealth Rock
|turn|10
|
|t:|1758288592
|move|p1a: Gholdengo|Shadow Ball|p2a: Ogerpon
|-damage|p2a: Ogerpon|15/100
|move|p2a: Ogerpon|Ivy Cudgel|p1a: Gholdengo|[anim] Ivy Cudgel Water
|-damage|p1a: Gholdengo|0 fnt
|faint|p1a: Gholdengo
|
|upkeep
|
|t:|1758288595
|switch|p1a: Dragonite|Dragonite, M|100/100
|turn|11
|
|t:|1758288599
|-terastallize|p1a: Dragonite|Normal
|move|p1a: Dragonite|Extreme Speed|p2a: Ogerpon
|-damage|p2a: Ogerpon|0 fnt
|faint|p2a: Ogerpon
|detailschange|p2: Ogerpon|Ogerpon-Wellspring, F|[silent]
|
|upkeep
|
|t:|1758288604
|switch|p2a: Pelipper|Pelipper, M|100/100
|-weather|RainDance|[from] ability: Drizzle|[of] p2a: Pelipper
|turn|12
|
|t:|1758288609
|move|p1a: Dragonite|Dragon Dance|p1a: Dragonite
|-boost|p1a: Dragonite|atk|1
|-boost|p1a: Dragonite|spe|1
|move|p2a: Pelipper|Hurricane|p1a: Dragonite
|-damage|p1a: Dragonite|80/100
|
|-weather|RainDance|[upkeep]
|upkeep
|turn|13
|
|t:|1758288613
|move|p1a: Dragonite|Extreme Speed|p2a: Pelipper
|-damage|p2a: Pelipper|43/100
|move|p2a: Pelipper|Hurricane|p1a: Dragonite
|-damage|p1a: Dragonite|42/100
|
|-weather|RainDance|[upkeep]
|upkeep
|turn|14
|
|t:|1758288626
|move|p1a: Dragonite|Extreme Speed|p2a: Pelipper
|-damage|p2a: Pelipper|0 fnt
|faint|p2a: Pelipper
|
|-weather|RainDance|[upkeep]
|upkeep
|
|t:|1758288636
|switch|p2a: Excadrill|Excadrill, M, shiny|53/100
|-ability|p2a: Excadrill|Mold Breaker
|turn|15
|
|t:|1758288639
|move|p1a: Dragonite|Earthquake|p2a: Excadrill
|-supereffective|p2a: Excadrill
|-damage|p2a: Excadrill|0 fnt
|faint|p2a: Excadrill
|
|-weather|RainDance|[upkeep]
|upkeep
|
|t:|1758288644
|switch|p2a: Toxicroak|Toxicroak, F|100/100
|turn|16
|
|t:|1758288649
|move|p1a: Dragonite|Earthquake|p2a: Toxicroak
|-supereffective|p2a: Toxicroak
|-damage|p2a: Toxicroak|0 fnt
|faint|p2a: Toxicroak
|
|-weather|RainDance|[upkeep]
|upkeep
|
|t:|1758288653
|switch|p2a: Alomomola|Alomomola, F|50/100
|turn|17
|
|t:|1758288659
|move|p1a: Dragonite|Dragon Dance|p1a: Dragonite
|-boost|p1a: Dragonite|atk|1
|-boost|p1a: Dragonite|spe|1
|move|p2a: Alomomola|Flip Turn|p1a: Dragonite
|-damage|p1a: Dragonite|13/100
|
|-weather|RainDance|[upkeep]
|upkeep
|turn|18
|
|t:|1758288661
|move|p1a: Dragonite|Extreme Speed|p2a: Alomomola
|-damage|p2a: Alomomola|0 fnt
|faint|p2a: Alomomola
|
|win|mumu0910
|raw|mumu0910's rating: 1373 &rarr; <strong>1391</strong><br />(+18 for winning)
|raw|kiarnjd's rating: 1340 &rarr; <strong>1322</strong><br />(-18 for losing)
