|j|☆xrayinformation
|j|☆Mr.Cahil
|t:|1758322958
|gametype|singles
|player|p1|xrayinformation|dragontamer|1319
|player|p2|Mr.Cahil|169|1358
|gen|9
|tier|[Gen 9] OU
|rated|
|rule|HP Percentage Mod: HP is shown in percentages
|rule|Endless Battle Clause: Forcing endless battles is banned
|rule|Species Clause: Limit one of each Pokémon
|rule|OHKO Clause: OHKO moves are banned
|rule|Evasion Items Clause: Evasion items are banned
|rule|Evasion Moves Clause: Evasion moves are banned
|rule|Evasion Abilities Clause: Evasion abilities are banned
|rule|Sleep Moves Clause: Sleep-inducing moves are banned
|clearpoke
|poke|p1|Pelipper, F|
|poke|p1|Hatterene, F|
|poke|p1|Iron Treads|
|poke|p1|Toxicroak, F|
|poke|p1|Barraskewda, F|
|poke|p1|Zapdos|
|poke|p2|Dondozo, M|
|poke|p2|Blissey, F|
|poke|p2|Corviknight, F|
|poke|p2|Weezing-Galar, M|
|poke|p2|Gliscor, M|
|poke|p2|Toxapex, F|
|teampreview
|inactive|Battle timer is ON: inactive players will automatically lose when time's up. (requested by Mr.Cahil)
|
|t:|1758322978
|teamsize|p1|6
|teamsize|p2|6
|start
|switch|p1a: Pelipper|Pelipper, F|100/100
|switch|p2a: Gliscor|Gliscor, M|100/100
|-weather|RainDance|[from] ability: Drizzle|[of] p1a: Pelipper
|turn|1
|
|t:|1758322991
|move|p2a: Gliscor|Protect|p2a: Gliscor
|-singleturn|p2a: Gliscor|Protect
|move|p1a: Pelipper|Weather Ball|p2a: Gliscor
|-activate|p2a: Gliscor|move: Protect
|
|-weather|RainDance|[upkeep]
|-status|p2a: Gliscor|tox|[from] item: Toxic Orb
|upkeep
|turn|2
|
|t:|1758322998
|switch|p2a: Blissey|Blissey, F|100/100
|move|p1a: Pelipper|U-turn|p2a: Blissey
|-crit|p2a: Blissey
|-damage|p2a: Blissey|87/100
|
|t:|1758323004
|switch|p1a: Barraskewda|Barraskewda, F|100/100|[from] U-turn
|
|-weather|RainDance|[upkeep]
|-heal|p2a: Blissey|93/100|[from] item: Leftovers
|upkeep
|turn|3
|
|t:|1758323015
|switch|p2a: Dondozo|Dondozo, M|100/100
|move|p1a: Barraskewda|Flip Turn|p2a: Dondozo
|-resisted|p2a: Dondozo
|-damage|p2a: Dondozo|85/100
|
|t:|1758323020
|switch|p1a: Zapdos|Zapdos|100/100|[from] Flip Turn
|
|-weather|RainDance|[upkeep]
|-heal|p2a: Dondozo|91/100|[from] item: Leftovers
|upkeep
|turn|4
|
|t:|1758323035
|switch|p2a: Blissey|Blissey, F|93/100
|-terastallize|p1a: Zapdos|Flying
|move|p1a: Zapdos|Hurricane|p2a: Blissey
|-damage|p2a: Blissey|59/100
|-start|p2a: Blissey|confusion
|
|-weather|RainDance|[upkeep]
|-heal|p2a: Blissey|65/100|[from] item: Leftovers
|upkeep
|turn|5
|
|t:|1758323042
|move|p1a: Zapdos|Hurricane|p2a: Blissey
|-crit|p2a: Blissey
|-damage|p2a: Blissey|11/100
|-activate|p2a: Blissey|confusion
|move|p2a: Blissey|Soft-Boiled|p2a: Blissey
|-heal|p2a: Blissey|61/100
|
|-weather|RainDance|[upkeep]
|-heal|p2a: Blissey|67/100|[from] item: Leftovers
|upkeep
|turn|6
|
|t:|1758323051
|switch|p2a: Corviknight|Corviknight, F|100/100
|-ability|p2a: Corviknight|Pressure
|move|p1a: Zapdos|Hurricane|p2a: Corviknight
|-resisted|p2a: Corviknight
|-damage|p2a: Corviknight|46/100
|
|-weather|RainDance|[upkeep]
|-heal|p2a: Corviknight|52/100|[from] item: Leftovers
|upkeep
|turn|7
|
|t:|1758323059
|move|p1a: Zapdos|Hurricane|p2a: Corviknight
|-resisted|p2a: Corviknight
|-damage|p2a: Corviknight|0 fnt
|faint|p2a: Corviknight
|
|-weather|RainDance|[upkeep]
|upkeep
|
|t:|1758323062
|switch|p2a: Blissey|Blissey, F|67/100
|turn|8
|
|t:|1758323067
|switch|p1a: Barraskewda|Barraskewda, F|100/100
|move|p2a: Blissey|Soft-Boiled|p2a: Blissey
|-heal|p2a: Blissey|100/100
|
|-weather|none
|upkeep
|turn|9
|
|t:|1758323073
|switch|p2a: Toxapex|Toxapex, F|100/100
|move|p1a: Barraskewda|Flip Turn|p2a: Toxapex
|-resisted|p2a: Toxapex
|-damage|p2a: Toxapex|80/100
|
|t:|1758323084
|switch|p1a: Hatterene|Hatterene, F|100/100|[from] Flip Turn
|
|-heal|p2a: Toxapex|86/100|[from] item: Leftovers
|upkeep
|turn|10
|
|t:|1758323110
|move|p1a: Hatterene|Psychic Noise|p2a: Toxapex
|-supereffective|p2a: Toxapex
|-damage|p2a: Toxapex|42/100
|-start|p2a: Toxapex|move: Heal Block
|move|p2a: Toxapex|Toxic|p1a: Hatterene
|move|p1a: Hatterene|Toxic|p2a: Toxapex|[from] ability: Magic Bounce|[miss]
|-miss|p1a: Hatterene|p2a: Toxapex
|
|upkeep
|turn|11
|
|t:|1758323119
|switch|p2a: Gliscor|Gliscor, M|100/100 tox
|move|p1a: Hatterene|Psychic Noise|p2a: Gliscor
|-damage|p2a: Gliscor|70/100 tox
|-start|p2a: Gliscor|move: Heal Block
|
|upkeep
|turn|12
|
|t:|1758323127
|move|p2a: Gliscor|Knock Off|p1a: Hatterene
|-damage|p1a: Hatterene|82/100
|-enditem|p1a: Hatterene|Eject Button|[from] move: Knock Off|[of] p2a: Gliscor
|move|p1a: Hatterene|Psychic Noise|p2a: Gliscor
|-damage|p2a: Gliscor|41/100 tox
|
|-end|p2a: Gliscor|move: Heal Block
|upkeep
|turn|13
|
|t:|1758323138
|move|p2a: Gliscor|Protect|p2a: Gliscor
|-singleturn|p2a: Gliscor|Protect
|move|p1a: Hatterene|Psychic Noise|p2a: Gliscor
|-activate|p2a: Gliscor|move: Protect
|
|-heal|p2a: Gliscor|54/100 tox|[from] ability: Poison Heal
|upkeep
|turn|14
|
|t:|1758323152
|switch|p2a: Blissey|Blissey, F|100/100
|move|p1a: Hatterene|Psychic Noise|p2a: Blissey
|-damage|p2a: Blissey|90/100
|-start|p2a: Blissey|move: Heal Block
|
|upkeep
|turn|15
|
|t:|1758323157
|switch|p1a: Pelipper|Pelipper, F|100/100
|-weather|RainDance|[from] ability: Drizzle|[of] p1a: Pelipper
|move|p2a: Blissey|Stealth Rock|p1a: Pelipper
|-sidestart|p1: xrayinformation|move: Stealth Rock
|
|-weather|RainDance|[upkeep]
|-end|p2a: Blissey|move: Heal Block
|upkeep
|turn|16
|
|t:|1758323172
|move|p2a: Blissey|Seismic Toss|p1a: Pelipper
|-damage|p1a: Pelipper|70/100
|move|p1a: Pelipper|U-turn|p2a: Blissey
|-damage|p2a: Blissey|81/100
|
|t:|1758323174
|switch|p1a: Iron Treads|Iron Treads|100/100|[from] U-turn
|-damage|p1a: Iron Treads|98/100|[from] Stealth Rock
|
|-weather|RainDance|[upkeep]
|-heal|p1a: Iron Treads|100/100|[from] item: Leftovers
|-heal|p2a: Blissey|87/100|[from] item: Leftovers
|upkeep
|turn|17
|
|t:|1758323194
|switch|p2a: Gliscor|Gliscor, M|54/100 tox
|move|p1a: Iron Treads|Rapid Spin|p2a: Gliscor
|-damage|p2a: Gliscor|43/100 tox
|-boost|p1a: Iron Treads|spe|1
|-sideend|p1: xrayinformation|Stealth Rock|[from] move: Rapid Spin|[of] p1a: Iron Treads
|
|-weather|RainDance|[upkeep]
|-heal|p2a: Gliscor|56/100 tox|[from] ability: Poison Heal
|upkeep
|turn|18
|
|t:|1758323212
|-end|p1a: Iron Treads|Quark Drive|[silent]
|switch|p1a: Hatterene|Hatterene, F|82/100
|move|p2a: Gliscor|Protect||[still]
|-fail|p2a: Gliscor
|
|-weather|RainDance|[upkeep]
|-heal|p2a: Gliscor|68/100 tox|[from] ability: Poison Heal
|upkeep
|turn|19
|
|t:|1758323220
|move|p2a: Gliscor|Protect|p2a: Gliscor
|-singleturn|p2a: Gliscor|Protect
|move|p1a: Hatterene|Psychic Noise|p2a: Gliscor
|-activate|p2a: Gliscor|move: Protect
|
|-weather|RainDance|[upkeep]
|-heal|p2a: Gliscor|81/100 tox|[from] ability: Poison Heal
|upkeep
|turn|20
|
|t:|1758323223
|move|p2a: Gliscor|Earthquake|p1a: Hatterene
|-damage|p1a: Hatterene|53/100
|move|p1a: Hatterene|Psychic Noise|p2a: Gliscor
|-damage|p2a: Gliscor|54/100 tox
|-start|p2a: Gliscor|move: Heal Block
|
|-weather|RainDance|[upkeep]
|upkeep
|turn|21
|
|t:|1758323238
|move|p2a: Gliscor|Protect|p2a: Gliscor
|-singleturn|p2a: Gliscor|Protect
|move|p1a: Hatterene|Draining Kiss|p2a: Gliscor
|-activate|p2a: Gliscor|move: Protect
|
|-weather|RainDance|[upkeep]
|-end|p2a: Gliscor|move: Heal Block
|upkeep
|turn|22
|
|t:|1758323247
|move|p2a: Gliscor|Earthquake|p1a: Hatterene
|-damage|p1a: Hatterene|20/100
|move|p1a: Hatterene|Psychic Noise|p2a: Gliscor
|-damage|p2a: Gliscor|26/100 tox
|-start|p2a: Gliscor|move: Heal Block
|
|-weather|none
|upkeep
|turn|23
|
|t:|1758323256
|switch|p1a: Barraskewda|Barraskewda, F|100/100
|move|p2a: Gliscor|Earthquake|p1a: Barraskewda
|-damage|p1a: Barraskewda|39/100
|
|-end|p2a: Gliscor|move: Heal Block
|upkeep
|turn|24
|
|t:|1758323261
|move|p2a: Gliscor|Protect|p2a: Gliscor
|-singleturn|p2a: Gliscor|Protect
|move|p1a: Barraskewda|Flip Turn|p2a: Gliscor
|-activate|p2a: Gliscor|move: Protect
|
|-heal|p2a: Gliscor|38/100 tox|[from] ability: Poison Heal
|upkeep
|turn|25
|
|t:|1758323263
|switch|p2a: Dondozo|Dondozo, M|91/100
|move|p1a: Barraskewda|Flip Turn|p2a: Dondozo
|-resisted|p2a: Dondozo
|-damage|p2a: Dondozo|79/100
|
|t:|1758323271
|switch|p1a: Pelipper|Pelipper, F|70/100|[from] Flip Turn
|-weather|RainDance|[from] ability: Drizzle|[of] p1a: Pelipper
|
|-weather|RainDance|[upkeep]
|-heal|p2a: Dondozo|86/100|[from] item: Leftovers
|upkeep
|turn|26
|
|t:|1758323277
|switch|p2a: Blissey|Blissey, F|87/100
|move|p1a: Pelipper|U-turn|p2a: Blissey
|-damage|p2a: Blissey|78/100
|
|t:|1758323280
|switch|p1a: Barraskewda|Barraskewda, F|39/100|[from] U-turn
|
|-weather|RainDance|[upkeep]
|-heal|p2a: Blissey|84/100|[from] item: Leftovers
|upkeep
|turn|27
|
|t:|1758323286
|switch|p2a: Toxapex|Toxapex, F|75/100
|move|p1a: Barraskewda|Flip Turn|p2a: Toxapex
|-resisted|p2a: Toxapex
|-damage|p2a: Toxapex|45/100
|
|t:|1758323288
|switch|p1a: Zapdos|Zapdos, tera:Flying|100/100|[from] Flip Turn
|
|-weather|RainDance|[upkeep]
|-heal|p2a: Toxapex|51/100|[from] item: Leftovers
|upkeep
|turn|28
|
|t:|1758323296
|switch|p2a: Blissey|Blissey, F|84/100
|move|p1a: Zapdos|Hurricane|p2a: Blissey
|-damage|p2a: Blissey|52/100
|
|-weather|RainDance|[upkeep]
|-heal|p2a: Blissey|58/100|[from] item: Leftovers
|upkeep
|turn|29
|
|t:|1758323306
|move|p1a: Zapdos|Hurricane|p2a: Blissey
|-damage|p2a: Blissey|25/100
|move|p2a: Blissey|Soft-Boiled|p2a: Blissey
|-heal|p2a: Blissey|75/100
|
|-weather|RainDance|[upkeep]
|-heal|p2a: Blissey|82/100|[from] item: Leftovers
|upkeep
|turn|30
|
|t:|1758323313
|move|p1a: Zapdos|Hurricane|p2a: Blissey
|-damage|p2a: Blissey|46/100
|move|p2a: Blissey|Seismic Toss|p1a: Zapdos
|-damage|p1a: Zapdos|69/100
|
|-weather|RainDance|[upkeep]
|-heal|p2a: Blissey|52/100|[from] item: Leftovers
|upkeep
|turn|31
|
|t:|1758323319
|move|p1a: Zapdos|Hurricane|p2a: Blissey
|-damage|p2a: Blissey|16/100
|move|p2a: Blissey|Soft-Boiled|p2a: Blissey
|-heal|p2a: Blissey|66/100
|
|-weather|RainDance|[upkeep]
|-heal|p2a: Blissey|73/100|[from] item: Leftovers
|upkeep
|turn|32
|
|t:|1758323336
|switch|p1a: Toxicroak|Toxicroak, F|100/100
|move|p2a: Blissey|Stealth Rock|p1a: Toxicroak
|-sidestart|p1: xrayinformation|move: Stealth Rock
|
|-weather|none
|-heal|p2a: Blissey|79/100|[from] item: Leftovers
|upkeep
|turn|33
|
|t:|1758323346
|switch|p2a: Dondozo|Dondozo, M|86/100
|move|p1a: Toxicroak|Knock Off|p2a: Dondozo
|-damage|p2a: Dondozo|76/100
|-enditem|p2a: Dondozo|Leftovers|[from] move: Knock Off|[of] p1a: Toxicroak
|
|upkeep
|turn|34
|
|t:|1758323356
|switch|p1a: Iron Treads|Iron Treads|100/100
|-damage|p1a: Iron Treads|98/100|[from] Stealth Rock
|move|p2a: Dondozo|Avalanche|p1a: Iron Treads
|-damage|p1a: Iron Treads|87/100
|
|-heal|p1a: Iron Treads|93/100|[from] item: Leftovers
|upkeep
|turn|35
|
|t:|1758323359
|move|p1a: Iron Treads|Rapid Spin|p2a: Dondozo
|-damage|p2a: Dondozo|70/100
|-boost|p1a: Iron Treads|spe|1
|-sideend|p1: xrayinformation|Stealth Rock|[from] move: Rapid Spin|[of] p1a: Iron Treads
|move|p2a: Dondozo|Bulldoze|p1a: Iron Treads
|-supereffective|p1a: Iron Treads
|-damage|p1a: Iron Treads|70/100
|-unboost|p1a: Iron Treads|spe|1
|
|-heal|p1a: Iron Treads|76/100|[from] item: Leftovers
|upkeep
|turn|36
|
|t:|1758323374
|-end|p1a: Iron Treads|Quark Drive|[silent]
|switch|p1a: Pelipper|Pelipper, F|70/100
|-weather|RainDance|[from] ability: Drizzle|[of] p1a: Pelipper
|move|p2a: Dondozo|Bulldoze|p1a: Pelipper
|-immune|p1a: Pelipper
|
|-weather|RainDance|[upkeep]
|upkeep
|turn|37
|
|t:|1758323382
|move|p1a: Pelipper|Hurricane|p2a: Dondozo
|-crit|p2a: Dondozo
|-damage|p2a: Dondozo|19/100
|move|p2a: Dondozo|Avalanche|p1a: Pelipper
|-crit|p1a: Pelipper
|-damage|p1a: Pelipper|28/100
|
|-weather|RainDance|[upkeep]
|upkeep
|turn|38
|
|t:|1758323393
|switch|p2a: Toxapex|Toxapex, F|84/100
|move|p1a: Pelipper|Hurricane|p2a: Toxapex
|-damage|p2a: Toxapex|61/100
|
|-weather|RainDance|[upkeep]
|-heal|p2a: Toxapex|67/100|[from] item: Leftovers
|upkeep
|turn|39
|
|t:|1758323404
|switch|p1a: Toxicroak|Toxicroak, F|100/100
|switch|p2a: Blissey|Blissey, F|79/100
|
|-weather|RainDance|[upkeep]
|-heal|p2a: Blissey|85/100|[from] item: Leftovers
|upkeep
|turn|40
|
|t:|1758323411
|switch|p2a: Gliscor|Gliscor, M|38/100 tox
|move|p1a: Toxicroak|Knock Off|p2a: Gliscor
|-damage|p2a: Gliscor|19/100 tox
|-enditem|p2a: Gliscor|Toxic Orb|[from] move: Knock Off|[of] p1a: Toxicroak
|
|-weather|RainDance|[upkeep]
|-heal|p2a: Gliscor|31/100 tox|[from] ability: Poison Heal
|upkeep
|turn|41
|
|t:|1758323418
|switch|p1a: Barraskewda|Barraskewda, F|39/100
|move|p2a: Gliscor|Protect||[still]
|-fail|p2a: Gliscor
|
|-weather|RainDance|[upkeep]
|-heal|p2a: Gliscor|44/100 tox|[from] ability: Poison Heal
|upkeep
|turn|42
|
|t:|1758323425
|move|p2a: Gliscor|Protect|p2a: Gliscor
|-singleturn|p2a: Gliscor|Protect
|move|p1a: Barraskewda|Liquidation|p2a: Gliscor
|-activate|p2a: Gliscor|move: Protect
|
|-weather|RainDance|[upkeep]
|-heal|p2a: Gliscor|56/100 tox|[from] ability: Poison Heal
|upkeep
|turn|43
|
|t:|1758323428
|switch|p2a: Toxapex|Toxapex, F|100/100
|move|p1a: Barraskewda|Liquidation|p2a: Toxapex
|-resisted|p2a: Toxapex
|-damage|p2a: Toxapex|57/100
|
|-weather|none
|-heal|p2a: Toxapex|64/100|[from] item: Leftovers
|upkeep
|turn|44
|
|t:|1758323434
|switch|p1a: Pelipper|Pelipper, F|28/100
|-weather|RainDance|[from] ability: Drizzle|[of] p1a: Pelipper
|move|p2a: Toxapex|Toxic|p1a: Pelipper
|-status|p1a: Pelipper|tox
|
|-weather|RainDance|[upkeep]
|-heal|p2a: Toxapex|70/100|[from] item: Leftovers
|-damage|p1a: Pelipper|22/100 tox|[from] psn
|upkeep
|turn|45
|
|t:|1758323451
|switch|p2a: Dondozo|Dondozo, M|19/100
|move|p1a: Pelipper|U-turn|p2a: Dondozo
|-damage|p2a: Dondozo|14/100
|
|t:|1758323471
|switch|p1a: Barraskewda|Barraskewda, F|39/100|[from] U-turn
|
|-weather|RainDance|[upkeep]
|upkeep
|turn|46
|
|t:|1758323481
|move|p1a: Barraskewda|Liquidation|p2a: Dondozo
|-resisted|p2a: Dondozo
|-damage|p2a: Dondozo|0 fnt
|faint|p2a: Dondozo
|
|-weather|RainDance|[upkeep]
|upkeep
|
|t:|1758323486
|switch|p2a: Toxapex|Toxapex, F|100/100
|turn|47
|
|t:|1758323490
|switch|p1a: Toxicroak|Toxicroak, F|100/100
|move|p2a: Toxapex|Toxic|p1a: Toxicroak
|-immune|p1a: Toxicroak
|
|-weather|RainDance|[upkeep]
|upkeep
|turn|48
|
|t:|1758323505
|switch|p1a: Barraskewda|Barraskewda, F|39/100
|switch|p2a: Weezing|Weezing-Galar, M|100/100
|-ability|p2a: Weezing|Neutralizing Gas
|
|-weather|RainDance|[upkeep]
|upkeep
|turn|49
|
|t:|1758323517
|-end|p2a: Weezing|ability: Neutralizing Gas
|switch|p2a: Toxapex|Toxapex, F|100/100
|move|p1a: Barraskewda|Flip Turn|p2a: Toxapex
|-resisted|p2a: Toxapex
|-damage|p2a: Toxapex|70/100
|
|t:|1758323522
|switch|p1a: Zapdos|Zapdos, tera:Flying|69/100|[from] Flip Turn
|
|-weather|RainDance|[upkeep]
|-heal|p2a: Toxapex|76/100|[from] item: Leftovers
|upkeep
|turn|50
|
|t:|1758323529
|switch|p2a: Blissey|Blissey, F|85/100
|move|p1a: Zapdos|Hurricane|p2a: Blissey
|-damage|p2a: Blissey|48/100
|
|-weather|RainDance|[upkeep]
|-heal|p2a: Blissey|54/100|[from] item: Leftovers
|upkeep
|turn|51
|
|t:|1758323534
|move|p1a: Zapdos|Hurricane|p2a: Blissey
|-damage|p2a: Blissey|22/100
|-start|p2a: Blissey|confusion
|-activate|p2a: Blissey|confusion
|move|p2a: Blissey|Soft-Boiled|p2a: Blissey
|-heal|p2a: Blissey|72/100
|
|-weather|none
|-heal|p2a: Blissey|79/100|[from] item: Leftovers
|upkeep
|turn|52
|
|t:|1758323543
|switch|p1a: Toxicroak|Toxicroak, F|100/100
|switch|p2a: Gliscor|Gliscor, M|56/100 tox
|
|-heal|p2a: Gliscor|69/100 tox|[from] ability: Poison Heal
|upkeep
|turn|53
|inactive|xrayinformation has 120 seconds left.
|
|t:|1758323590
|move|p1a: Toxicroak|Knock Off|p2a: Gliscor
|-damage|p2a: Gliscor|55/100 tox
|move|p2a: Gliscor|Knock Off|p1a: Toxicroak
|-resisted|p1a: Toxicroak
|-damage|p1a: Toxicroak|90/100
|-damage|p2a: Gliscor|39/100 tox|[from] item: Rocky Helmet|[of] p1a: Toxicroak
|-enditem|p1a: Toxicroak|Rocky Helmet|[from] move: Knock Off|[of] p2a: Gliscor
|
|-heal|p2a: Gliscor|51/100 tox|[from] ability: Poison Heal
|upkeep
|turn|54
|
|t:|1758323599
|switch|p1a: Zapdos|Zapdos, tera:Flying|69/100
|move|p2a: Gliscor|Spikes|p1a: Zapdos
|-sidestart|p1: xrayinformation|Spikes
|
|-heal|p2a: Gliscor|64/100 tox|[from] ability: Poison Heal
|upkeep
|turn|55
|
|t:|1758323605
|switch|p1a: Pelipper|Pelipper, F|22/100 tox
|-weather|RainDance|[from] ability: Drizzle|[of] p1a: Pelipper
|move|p2a: Gliscor|Protect||[still]
|-fail|p2a: Gliscor
|
|-weather|RainDance|[upkeep]
|-heal|p2a: Gliscor|76/100 tox|[from] ability: Poison Heal
|-damage|p1a: Pelipper|16/100 tox|[from] psn
|upkeep
|turn|56
|inactive|xrayinformation has 120 seconds left.
|
|t:|1758323629
|switch|p2a: Blissey|Blissey, F|79/100
|switch|p1a: Iron Treads|Iron Treads|76/100
|-damage|p1a: Iron Treads|64/100|[from] Spikes
|
|-weather|RainDance|[upkeep]
|-heal|p1a: Iron Treads|70/100|[from] item: Leftovers
|-heal|p2a: Blissey|85/100|[from] item: Leftovers
|upkeep
|turn|57
|
|t:|1758323642
|switch|p2a: Gliscor|Gliscor, M|76/100 tox
|move|p1a: Iron Treads|Rapid Spin|p2a: Gliscor
|-damage|p2a: Gliscor|65/100 tox
|-boost|p1a: Iron Treads|spe|1
|-sideend|p1: xrayinformation|Spikes|[from] move: Rapid Spin|[of] p1a: Iron Treads
|
|-weather|RainDance|[upkeep]
|-heal|p1a: Iron Treads|76/100|[from] item: Leftovers
|-heal|p2a: Gliscor|78/100 tox|[from] ability: Poison Heal
|upkeep
|turn|58
|
|t:|1758323647
|-end|p1a: Iron Treads|Quark Drive|[silent]
|switch|p1a: Hatterene|Hatterene, F|20/100
|move|p2a: Gliscor|Spikes|p1a: Hatterene
|move|p1a: Hatterene|Spikes|p2a: Gliscor|[from] ability: Magic Bounce
|-sidestart|p2: Mr.Cahil|Spikes
|
|-weather|RainDance|[upkeep]
|-heal|p2a: Gliscor|90/100 tox|[from] ability: Poison Heal
|upkeep
|turn|59
|
|t:|1758323653
|switch|p1a: Zapdos|Zapdos, tera:Flying|69/100
|move|p2a: Gliscor|Knock Off|p1a: Zapdos
|-damage|p1a: Zapdos|45/100
|-enditem|p1a: Zapdos|Choice Specs|[from] move: Knock Off|[of] p2a: Gliscor
|
|-weather|RainDance|[upkeep]
|-heal|p2a: Gliscor|100/100 tox|[from] ability: Poison Heal
|upkeep
|turn|60
|
|t:|1758323662
|switch|p2a: Blissey|Blissey, F|85/100
|-damage|p2a: Blissey|72/100|[from] Spikes
|move|p1a: Zapdos|Hurricane|p2a: Blissey
|-damage|p2a: Blissey|49/100
|
|-weather|RainDance|[upkeep]
|-heal|p2a: Blissey|55/100|[from] item: Leftovers
|upkeep
|turn|61
|
|t:|1758323666
|move|p1a: Zapdos|Volt Switch|p2a: Blissey
|-damage|p2a: Blissey|44/100
|
|t:|1758323669
|switch|p1a: Barraskewda|Barraskewda, F|39/100|[from] Volt Switch
|move|p2a: Blissey|Stealth Rock|p1a: Barraskewda
|-sidestart|p1: xrayinformation|move: Stealth Rock
|
|-weather|RainDance|[upkeep]
|-heal|p2a: Blissey|50/100|[from] item: Leftovers
|upkeep
|turn|62
|
|t:|1758323676
|switch|p2a: Toxapex|Toxapex, F|100/100
|-damage|p2a: Toxapex|88/100|[from] Spikes
|move|p1a: Barraskewda|Flip Turn|p2a: Toxapex
|-resisted|p2a: Toxapex
|-damage|p2a: Toxapex|59/100
|
|t:|1758323683
|switch|p1a: Hatterene|Hatterene, F|20/100|[from] Flip Turn
|-damage|p1a: Hatterene|8/100|[from] Stealth Rock
|
|-weather|none
|-heal|p2a: Toxapex|66/100|[from] item: Leftovers
|upkeep
|turn|63
|
|t:|1758323698
|switch|p2a: Gliscor|Gliscor, M|100/100 tox
|move|p1a: Hatterene|Healing Wish|p1a: Hatterene
|faint|p1a: Hatterene
|
|upkeep
|
|t:|1758323716
|switch|p1a: Barraskewda|Barraskewda, F|39/100
|-heal|p1a: Barraskewda|100/100|[from] move: Healing Wish
|-damage|p1a: Barraskewda|88/100|[from] Stealth Rock
|turn|64
|
|t:|1758323722
|switch|p2a: Toxapex|Toxapex, F|99/100
|-damage|p2a: Toxapex|86/100|[from] Spikes
|move|p1a: Barraskewda|Liquidation|p2a: Toxapex
|-resisted|p2a: Toxapex
|-damage|p2a: Toxapex|59/100
|-unboost|p2a: Toxapex|def|1
|
|-heal|p2a: Toxapex|65/100|[from] item: Leftovers
|upkeep
|turn|65
|
|t:|1758323730
|move|p1a: Barraskewda|Liquidation|p2a: Toxapex
|-resisted|p2a: Toxapex
|-damage|p2a: Toxapex|23/100
|move|p2a: Toxapex|Toxic|p1a: Barraskewda
|-status|p1a: Barraskewda|tox
|
|-heal|p2a: Toxapex|29/100|[from] item: Leftovers
|-damage|p1a: Barraskewda|82/100 tox|[from] psn
|upkeep
|turn|66
|
|t:|1758323745
|switch|p2a: Weezing|Weezing-Galar, M|100/100
|-ability|p2a: Weezing|Neutralizing Gas
|move|p1a: Barraskewda|Liquidation|p2a: Weezing
|-damage|p2a: Weezing|52/100
|
|-damage|p1a: Barraskewda|70/100 tox|[from] psn
|upkeep
|turn|67
|
|t:|1758323752
|switch|p1a: Iron Treads|Iron Treads|76/100
|-damage|p1a: Iron Treads|73/100|[from] Stealth Rock
|move|p2a: Weezing|Strange Steam|p1a: Iron Treads
|-resisted|p1a: Iron Treads
|-damage|p1a: Iron Treads|62/100
|-start|p1a: Iron Treads|confusion
|
|-heal|p1a: Iron Treads|68/100|[from] item: Leftovers
|upkeep
|turn|68
|
|t:|1758323757
|-end|p2a: Weezing|ability: Neutralizing Gas
|switch|p2a: Gliscor|Gliscor, M|100/100 tox
|-activate|p1a: Iron Treads|confusion
|move|p1a: Iron Treads|Rapid Spin|p2a: Gliscor
|-damage|p2a: Gliscor|91/100 tox
|-boost|p1a: Iron Treads|spe|1
|-sideend|p1: xrayinformation|Stealth Rock|[from] move: Rapid Spin|[of] p1a: Iron Treads
|
|-heal|p1a: Iron Treads|74/100|[from] item: Leftovers
|-heal|p2a: Gliscor|100/100 tox|[from] ability: Poison Heal
|upkeep
|turn|69
|
|t:|1758323776
|-end|p1a: Iron Treads|Quark Drive|[silent]
|switch|p1a: Toxicroak|Toxicroak, F|90/100
|move|p2a: Gliscor|Knock Off|p1a: Toxicroak
|-resisted|p1a: Toxicroak
|-damage|p1a: Toxicroak|83/100
|
|upkeep
|turn|70
|
|t:|1758323789
|switch|p1a: Pelipper|Pelipper, F|16/100 tox
|-weather|RainDance|[from] ability: Drizzle|[of] p1a: Pelipper
|move|p2a: Gliscor|Earthquake|p1a: Pelipper
|-immune|p1a: Pelipper
|
|-weather|RainDance|[upkeep]
|-damage|p1a: Pelipper|9/100 tox|[from] psn
|upkeep
|turn|71
|
|t:|1758323800
|switch|p1a: Toxicroak|Toxicroak, F|83/100
|move|p2a: Gliscor|Protect||[still]
|-fail|p2a: Gliscor
|
|-weather|RainDance|[upkeep]
|-heal|p1a: Toxicroak|96/100|[from] ability: Dry Skin
|upkeep
|turn|72
|
|t:|1758323806
|switch|p1a: Zapdos|Zapdos, tera:Flying|45/100
|move|p2a: Gliscor|Spikes|p1a: Zapdos
|-sidestart|p1: xrayinformation|Spikes
|
|-weather|RainDance|[upkeep]
|upkeep
|turn|73
|
|t:|1758323813
|move|p2a: Gliscor|Protect|p2a: Gliscor
|-singleturn|p2a: Gliscor|Protect
|move|p1a: Zapdos|Hurricane|p2a: Gliscor
|-activate|p2a: Gliscor|move: Protect
|
|-weather|RainDance|[upkeep]
|upkeep
|turn|74
|
|t:|1758323828
|switch|p2a: Weezing|Weezing-Galar, M|52/100
|-ability|p2a: Weezing|Neutralizing Gas
|move|p1a: Zapdos|Hurricane|p2a: Weezing
|-damage|p2a: Weezing|0 fnt
|faint|p2a: Weezing
|-end|p2a: Weezing|ability: Neutralizing Gas
|
|-weather|RainDance|[upkeep]
|upkeep
|
|t:|1758323830
|switch|p2a: Blissey|Blissey, F|50/100
|-damage|p2a: Blissey|37/100|[from] Spikes
|turn|75
|
|t:|1758323837
|switch|p1a: Barraskewda|Barraskewda, F|70/100 tox
|-damage|p1a: Barraskewda|58/100 tox|[from] Spikes
|move|p2a: Blissey|Soft-Boiled|p2a: Blissey
|-heal|p2a: Blissey|87/100
|
|-weather|RainDance|[upkeep]
|-heal|p2a: Blissey|94/100|[from] item: Leftovers
|-damage|p1a: Barraskewda|52/100 tox|[from] psn
|upkeep
|turn|76
|
|t:|1758323846
|switch|p2a: Toxapex|Toxapex, F|62/100
|-damage|p2a: Toxapex|50/100|[from] Spikes
|move|p1a: Barraskewda|Flip Turn|p2a: Toxapex
|-resisted|p2a: Toxapex
|-damage|p2a: Toxapex|20/100
|
|t:|1758323850
|switch|p1a: Zapdos|Zapdos, tera:Flying|45/100|[from] Flip Turn
|
|-weather|RainDance|[upkeep]
|-heal|p2a: Toxapex|26/100|[from] item: Leftovers
|upkeep
|turn|77
|
|t:|1758323869
|switch|p2a: Gliscor|Gliscor, M|100/100 tox
|move|p1a: Zapdos|Volt Switch|p2a: Gliscor
|-immune|p2a: Gliscor
|
|-weather|none
|upkeep
|turn|78
|
|t:|1758323881
|move|p1a: Zapdos|Hurricane|p2a: Gliscor
|-damage|p2a: Gliscor|39/100 tox
|-start|p2a: Gliscor|confusion
|-activate|p2a: Gliscor|confusion
|move|p2a: Gliscor|Knock Off|p1a: Zapdos
|-damage|p1a: Zapdos|29/100
|
|-heal|p2a: Gliscor|51/100 tox|[from] ability: Poison Heal
|upkeep
|turn|79
|
|t:|1758323888
|switch|p1a: Pelipper|Pelipper, F|9/100 tox
|-weather|RainDance|[from] ability: Drizzle|[of] p1a: Pelipper
|switch|p2a: Blissey|Blissey, F|94/100
|-damage|p2a: Blissey|81/100|[from] Spikes
|
|-weather|RainDance|[upkeep]
|-heal|p2a: Blissey|87/100|[from] item: Leftovers
|-damage|p1a: Pelipper|3/100 tox|[from] psn
|upkeep
|turn|80
|
|t:|1758323905
|move|p2a: Blissey|Stealth Rock|p1a: Pelipper
|-sidestart|p1: xrayinformation|move: Stealth Rock
|move|p1a: Pelipper|U-turn|p2a: Blissey
|-damage|p2a: Blissey|78/100
|
|t:|1758323910
|switch|p1a: Iron Treads|Iron Treads|74/100|[from] U-turn
|-damage|p1a: Iron Treads|62/100|[from] Spikes
|-damage|p1a: Iron Treads|59/100|[from] Stealth Rock
|
|-weather|RainDance|[upkeep]
|-heal|p1a: Iron Treads|65/100|[from] item: Leftovers
|-heal|p2a: Blissey|84/100|[from] item: Leftovers
|upkeep
|turn|81
|
|t:|1758323916
|switch|p2a: Gliscor|Gliscor, M|51/100 tox
|move|p1a: Iron Treads|Rapid Spin|p2a: Gliscor
|-damage|p2a: Gliscor|42/100 tox
|-boost|p1a: Iron Treads|spe|1
|-sideend|p1: xrayinformation|Spikes|[from] move: Rapid Spin|[of] p1a: Iron Treads
|-sideend|p1: xrayinformation|Stealth Rock|[from] move: Rapid Spin|[of] p1a: Iron Treads
|
|-weather|RainDance|[upkeep]
|-heal|p1a: Iron Treads|71/100|[from] item: Leftovers
|-heal|p2a: Gliscor|54/100 tox|[from] ability: Poison Heal
|upkeep
|turn|82
|inactive|xrayinformation has 120 seconds left.
|inactive|xrayinformation has 90 seconds left.
|
|t:|1758323977
|-end|p1a: Iron Treads|Quark Drive|[silent]
|switch|p1a: Zapdos|Zapdos, tera:Flying|29/100
|move|p2a: Gliscor|Spikes|p1a: Zapdos
|-sidestart|p1: xrayinformation|Spikes
|
|-weather|RainDance|[upkeep]
|-heal|p2a: Gliscor|67/100 tox|[from] ability: Poison Heal
|upkeep
|turn|83
|inactive|xrayinformation has 90 seconds left.
|
|t:|1758323991
|move|p2a: Gliscor|Protect|p2a: Gliscor
|-singleturn|p2a: Gliscor|Protect
|move|p1a: Zapdos|Weather Ball|p2a: Gliscor
|-activate|p2a: Gliscor|move: Protect
|
|-weather|RainDance|[upkeep]
|-heal|p2a: Gliscor|79/100 tox|[from] ability: Poison Heal
|upkeep
|turn|84
|
|t:|1758323998
|switch|p2a: Blissey|Blissey, F|84/100
|-damage|p2a: Blissey|71/100|[from] Spikes
|move|p1a: Zapdos|Volt Switch|p2a: Blissey
|-damage|p2a: Blissey|61/100
|
|t:|1758324001
|switch|p1a: Barraskewda|Barraskewda, F|52/100 tox|[from] Volt Switch
|-damage|p1a: Barraskewda|40/100 tox|[from] Spikes
|
|-weather|RainDance|[upkeep]
|-heal|p2a: Blissey|67/100|[from] item: Leftovers
|-damage|p1a: Barraskewda|34/100 tox|[from] psn
|upkeep
|turn|85
|
|t:|1758324010
|move|p1a: Barraskewda|Flip Turn|p2a: Blissey
|-damage|p2a: Blissey|0 fnt
|faint|p2a: Blissey
|
|t:|1758324018
|switch|p1a: Iron Treads|Iron Treads|71/100|[from] Flip Turn
|-damage|p1a: Iron Treads|58/100|[from] Spikes
|
|-weather|RainDance|[upkeep]
|-heal|p1a: Iron Treads|64/100|[from] item: Leftovers
|upkeep
|
|t:|1758324024
|switch|p2a: Toxapex|Toxapex, F|59/100
|-damage|p2a: Toxapex|47/100|[from] Spikes
|turn|86
|
|t:|1758324027
|switch|p2a: Gliscor|Gliscor, M|79/100 tox
|move|p1a: Iron Treads|Earthquake|p2a: Gliscor
|-immune|p2a: Gliscor
|
|-weather|none
|-heal|p1a: Iron Treads|70/100|[from] item: Leftovers
|-heal|p2a: Gliscor|92/100 tox|[from] ability: Poison Heal
|upkeep
|turn|87
|
|t:|1758324048
|move|p1a: Iron Treads|Rapid Spin|p2a: Gliscor
|-crit|p2a: Gliscor
|-damage|p2a: Gliscor|76/100 tox
|-boost|p1a: Iron Treads|spe|1
|-sideend|p1: xrayinformation|Spikes|[from] move: Rapid Spin|[of] p1a: Iron Treads
|move|p2a: Gliscor|Knock Off|p1a: Iron Treads
|-damage|p1a: Iron Treads|55/100
|-enditem|p1a: Iron Treads|Leftovers|[from] move: Knock Off|[of] p2a: Gliscor
|
|-heal|p2a: Gliscor|88/100 tox|[from] ability: Poison Heal
|upkeep
|turn|88
|
|t:|1758324070
|-end|p1a: Iron Treads|Quark Drive|[silent]
|switch|p1a: Pelipper|Pelipper, F|3/100 tox
|-weather|RainDance|[from] ability: Drizzle|[of] p1a: Pelipper
|move|p2a: Gliscor|Earthquake|p1a: Pelipper
|-immune|p1a: Pelipper
|
|-weather|RainDance|[upkeep]
|-heal|p2a: Gliscor|100/100 tox|[from] ability: Poison Heal
|-damage|p1a: Pelipper|0 fnt|[from] psn
|faint|p1a: Pelipper
|upkeep
|inactive|xrayinformation has 120 seconds left.
|
|t:|1758324083
|switch|p1a: Zapdos|Zapdos, tera:Flying|29/100
|turn|89
|
|t:|1758324093
|move|p2a: Gliscor|Protect|p2a: Gliscor
|-singleturn|p2a: Gliscor|Protect
|move|p1a: Zapdos|Weather Ball|p2a: Gliscor
|-activate|p2a: Gliscor|move: Protect
|
|-weather|RainDance|[upkeep]
|upkeep
|turn|90
|
|t:|1758324100
|move|p1a: Zapdos|Weather Ball|p2a: Gliscor
|-supereffective|p2a: Gliscor
|-damage|p2a: Gliscor|18/100 tox
|move|p2a: Gliscor|Knock Off|p1a: Zapdos
|-damage|p1a: Zapdos|10/100
|
|-weather|RainDance|[upkeep]
|-heal|p2a: Gliscor|31/100 tox|[from] ability: Poison Heal
|upkeep
|turn|91
|
|t:|1758324108
|move|p2a: Gliscor|Protect|p2a: Gliscor
|-singleturn|p2a: Gliscor|Protect
|move|p1a: Zapdos|Weather Ball|p2a: Gliscor
|-activate|p2a: Gliscor|move: Protect
|
|-weather|RainDance|[upkeep]
|-heal|p2a: Gliscor|43/100 tox|[from] ability: Poison Heal
|upkeep
|turn|92
|
|t:|1758324117
|switch|p2a: Toxapex|Toxapex, F|80/100
|-damage|p2a: Toxapex|68/100|[from] Spikes
|move|p1a: Zapdos|Thunder|p2a: Toxapex
|-supereffective|p2a: Toxapex
|-damage|p2a: Toxapex|0 fnt
|faint|p2a: Toxapex
|
|-weather|RainDance|[upkeep]
|upkeep
|
|t:|1758324119
|switch|p2a: Gliscor|Gliscor, M|43/100 tox
|turn|93
|
|t:|1758324120
|move|p2a: Gliscor|Protect|p2a: Gliscor
|-singleturn|p2a: Gliscor|Protect
|move|p1a: Zapdos|Weather Ball|p2a: Gliscor
|-activate|p2a: Gliscor|move: Protect
|
|-weather|RainDance|[upkeep]
|-heal|p2a: Gliscor|56/100 tox|[from] ability: Poison Heal
|upkeep
|turn|94
|
|t:|1758324123
|move|p2a: Gliscor|Protect||[still]
|-fail|p2a: Gliscor
|move|p1a: Zapdos|Weather Ball|p2a: Gliscor
|-supereffective|p2a: Gliscor
|-damage|p2a: Gliscor|0 fnt
|faint|p2a: Gliscor
|
|win|xrayinformation
|raw|xrayinformation's rating: 1319 &rarr; <strong>1342</strong><br />(+23 for winning)
|raw|Mr.Cahil's rating: 1377 &rarr; <strong>1354</strong><br />(-23 for losing)
|c|☆xrayinformation|ez
|l|☆Mr.Cahil
|player|p2|
