|j|☆champ bogar
|j|☆CherylBush
|t:|1758335230
|gametype|singles
|player|p1|champ bogar|cynthia-masters3|1650
|player|p2|CherylBush|mallow-masters|1680
|gen|9
|tier|[Gen 9] OU
|rated|
|rule|HP Percentage Mod: HP is shown in percentages
|rule|Endless Battle Clause: Forcing endless battles is banned
|rule|Species Clause: Limit one of each Pokémon
|rule|OHKO Clause: OHKO moves are banned
|rule|Evasion Items Clause: Evasion items are banned
|rule|Evasion Moves Clause: Evasion moves are banned
|rule|Evasion Abilities Clause: Evasion abilities are banned
|rule|Sleep Moves Clause: Sleep-inducing moves are banned
|clearpoke
|poke|p1|Garchomp, F|
|poke|p1|Darkrai|
|poke|p1|Deoxys-Speed|
|poke|p1|Clodsire, F|
|poke|p1|Corviknight, M|
|poke|p1|Cinderace, F|
|poke|p2|Landorus-Therian, M|
|poke|p2|Skeledirge, M|
|poke|p2|Skarmory, M|
|poke|p2|Hydrapple, M|
|poke|p2|Samurott-Hisui, M|
|poke|p2|Fezandipiti, M|
|teampreview
|inactive|Battle timer is ON: inactive players will automatically lose when time's up. (requested by champ bogar)
|
|t:|1758335244
|teamsize|p1|6
|teamsize|p2|6
|start
|switch|p1a: Cinderace|Cinderace, F|100/100
|switch|p2a: Skarmory|Skarmory, M, shiny|100/100
|turn|1
|
|t:|1758335249
|switch|p2a: Skeledirge|Skeledirge, M, shiny|100/100
|move|p1a: Cinderace|Pyro Ball|p2a: Skeledirge
|-resisted|p2a: Skeledirge
|-damage|p2a: Skeledirge|78/100
|
|upkeep
|turn|2
|
|t:|1758335255
|move|p1a: Cinderace|U-turn|p2a: Skeledirge
|-start|p1a: Cinderace|typechange|Bug|[from] ability: Libero
|-resisted|p2a: Skeledirge
|-damage|p2a: Skeledirge|72/100
|
|t:|1758335257
|switch|p1a: Clodsire|Clodsire, F|100/100|[from] U-turn
|move|p2a: Skeledirge|Torch Song|p1a: Clodsire
|-damage|p1a: Clodsire|83/100
|-boost|p2a: Skeledirge|spa|1
|
|-heal|p1a: Clodsire|89/100|[from] item: Leftovers
|upkeep
|turn|3
|
|t:|1758335263
|switch|p2a: Skarmory|Skarmory, M, shiny|100/100
|move|p1a: Clodsire|Toxic|p2a: Skarmory
|-immune|p2a: Skarmory
|
|-heal|p1a: Clodsire|96/100|[from] item: Leftovers
|upkeep
|turn|4
|
|t:|1758335265
|switch|p1a: Garchomp|Garchomp, F|100/100
|move|p2a: Skarmory|Stealth Rock|p1a: Garchomp
|-sidestart|p1: champ bogar|move: Stealth Rock
|
|upkeep
|turn|5
|
|t:|1758335270
|switch|p2a: Leviathan|Hydrapple, M, shiny|100/100
|move|p1a: Garchomp|Dragon Tail|p2a: Leviathan
|-supereffective|p2a: Leviathan
|-damage|p2a: Leviathan|65/100
|drag|p2a: Fez Boi|Fezandipiti, M|100/100
|
|upkeep
|turn|6
|
|t:|1758335275
|switch|p2a: Leviathan|Hydrapple, M, shiny|99/100
|move|p1a: Garchomp|Earthquake|p2a: Leviathan
|-resisted|p2a: Leviathan
|-damage|p2a: Leviathan|86/100
|
|upkeep
|turn|7
|
|t:|1758335278
|switch|p1a: Clodsire|Clodsire, F|96/100
|-damage|p1a: Clodsire|89/100|[from] Stealth Rock
|move|p2a: Leviathan|Fickle Beam|p1a: Clodsire
|-damage|p1a: Clodsire|68/100
|
|-heal|p1a: Clodsire|75/100|[from] item: Leftovers
|upkeep
|turn|8
|
|t:|1758335290
|switch|p2a: Skarmory|Skarmory, M, shiny|100/100
|switch|p1a: Darkrai|Darkrai|100/100
|-damage|p1a: Darkrai|88/100|[from] Stealth Rock
|
|upkeep
|turn|9
|
|t:|1758335293
|switch|p2a: Fez Boi|Fezandipiti, M|100/100
|move|p1a: Darkrai|Dark Pulse|p2a: Fez Boi
|-resisted|p2a: Fez Boi
|-damage|p2a: Fez Boi|83/100
|
|upkeep
|turn|10
|
|t:|1758335296
|switch|p1a: Clodsire|Clodsire, F|75/100
|-damage|p1a: Clodsire|68/100|[from] Stealth Rock
|move|p2a: Fez Boi|Moonblast|p1a: Clodsire
|-resisted|p1a: Clodsire
|-damage|p1a: Clodsire|62/100
|
|-heal|p1a: Clodsire|68/100|[from] item: Leftovers
|upkeep
|turn|11
|
|t:|1758335304
|switch|p2a: Skarmory|Skarmory, M, shiny|100/100
|switch|p1a: Cinderace|Cinderace, F|100/100
|
|upkeep
|turn|12
|
|t:|1758335310
|switch|p2a: Skeledirge|Skeledirge, M, shiny|72/100
|move|p1a: Cinderace|U-turn|p2a: Skeledirge
|-start|p1a: Cinderace|typechange|Bug|[from] ability: Libero
|-resisted|p2a: Skeledirge
|-damage|p2a: Skeledirge|66/100
|
|t:|1758335313
|switch|p1a: Darkrai|Darkrai|88/100|[from] U-turn
|-damage|p1a: Darkrai|76/100|[from] Stealth Rock
|
|upkeep
|turn|13
|
|t:|1758335319
|switch|p2a: Fez Boi|Fezandipiti, M|83/100
|move|p1a: Darkrai|Trick|p2a: Fez Boi
|-activate|p1a: Darkrai|move: Trick|[of] p2a: Fez Boi
|-item|p2a: Fez Boi|Choice Specs|[from] move: Trick
|-item|p1a: Darkrai|Heavy-Duty Boots|[from] move: Trick
|
|upkeep
|turn|14
|
|t:|1758335327
|switch|p1a: Clodsire|Clodsire, F|68/100
|-damage|p1a: Clodsire|62/100|[from] Stealth Rock
|switch|p2a: Samurott|Samurott-Hisui, M, shiny|100/100
|
|-heal|p1a: Clodsire|68/100|[from] item: Leftovers
|upkeep
|turn|15
|
|t:|1758335342
|switch|p1a: Corviknight|Corviknight, M|100/100
|-damage|p1a: Corviknight|88/100|[from] Stealth Rock
|-ability|p1a: Corviknight|Pressure
|move|p2a: Samurott|Knock Off|p1a: Corviknight
|-damage|p1a: Corviknight|61/100
|-damage|p2a: Samurott|84/100|[from] item: Rocky Helmet|[of] p1a: Corviknight
|-enditem|p1a: Corviknight|Rocky Helmet|[from] move: Knock Off|[of] p2a: Samurott
|
|upkeep
|turn|16
|
|t:|1758335363
|move|p2a: Samurott|Ceaseless Edge|p1a: Corviknight
|-damage|p1a: Corviknight|32/100
|-sidestart|p1: champ bogar|Spikes
|move|p1a: Corviknight|Roost|p1a: Corviknight
|-heal|p1a: Corviknight|82/100
|-singleturn|p1a: Corviknight|move: Roost
|
|upkeep
|turn|17
|
|t:|1758335391
|move|p2a: Samurott|Flip Turn|p1a: Corviknight
|-damage|p1a: Corviknight|62/100
|
|t:|1758335397
|switch|p2a: Skeledirge|Skeledirge, M, shiny|66/100|[from] Flip Turn
|move|p1a: Corviknight|U-turn|p2a: Skeledirge
|-resisted|p2a: Skeledirge
|-damage|p2a: Skeledirge|64/100
|
|t:|1758335399
|switch|p1a: Darkrai|Darkrai|76/100|[from] U-turn
|
|upkeep
|turn|18
|
|t:|1758335407
|switch|p1a: Cinderace|Cinderace, F|100/100
|switch|p2a: Fez Boi|Fezandipiti, M|83/100
|
|upkeep
|turn|19
|
|t:|1758335414
|switch|p2a: Skeledirge|Skeledirge, M, shiny|64/100
|move|p1a: Cinderace|Court Change|p1a: Cinderace
|-start|p1a: Cinderace|typechange|Normal|[from] ability: Libero
|-swapsideconditions
|-activate|p1a: Cinderace|move: Court Change
|
|upkeep
|turn|20
|
|t:|1758335426
|move|p1a: Cinderace|U-turn|p2a: Skeledirge
|-resisted|p2a: Skeledirge
|-damage|p2a: Skeledirge|60/100
|
|t:|1758335436
|switch|p1a: Clodsire|Clodsire, F|68/100|[from] U-turn
|move|p2a: Skeledirge|Torch Song|p1a: Clodsire
|-damage|p1a: Clodsire|53/100
|-boost|p2a: Skeledirge|spa|1
|
|-heal|p1a: Clodsire|59/100|[from] item: Leftovers
|upkeep
|turn|21
|
|t:|1758335440
|switch|p2a: Skarmory|Skarmory, M, shiny|100/100
|-damage|p2a: Skarmory|88/100|[from] Stealth Rock
|move|p1a: Clodsire|Recover|p1a: Clodsire
|-heal|p1a: Clodsire|100/100
|
|upkeep
|turn|22
|
|t:|1758335444
|switch|p1a: Cinderace|Cinderace, F|100/100
|move|p2a: Skarmory|Stealth Rock|p1a: Cinderace
|-sidestart|p1: champ bogar|move: Stealth Rock
|
|upkeep
|turn|23
|
|t:|1758335451
|move|p1a: Cinderace|U-turn|p2a: Skarmory
|-start|p1a: Cinderace|typechange|Bug|[from] ability: Libero
|-resisted|p2a: Skarmory
|-damage|p2a: Skarmory|83/100
|-damage|p1a: Cinderace|84/100|[from] item: Rocky Helmet|[of] p2a: Skarmory
|
|t:|1758335453
|switch|p1a: Corviknight|Corviknight, M|62/100|[from] U-turn
|-damage|p1a: Corviknight|50/100|[from] Stealth Rock
|-ability|p1a: Corviknight|Pressure
|move|p2a: Skarmory|Roost|p2a: Skarmory
|-heal|p2a: Skarmory|100/100
|-singleturn|p2a: Skarmory|move: Roost
|
|upkeep
|turn|24
|
|t:|1758335456
|move|p2a: Skarmory|Body Press|p1a: Corviknight
|-damage|p1a: Corviknight|30/100
|move|p1a: Corviknight|Roost|p1a: Corviknight
|-heal|p1a: Corviknight|80/100
|-singleturn|p1a: Corviknight|move: Roost
|
|upkeep
|turn|25
|
|t:|1758335463
|move|p2a: Skarmory|Body Press|p1a: Corviknight
|-damage|p1a: Corviknight|60/100
|move|p1a: Corviknight|U-turn|p2a: Skarmory
|-resisted|p2a: Skarmory
|-damage|p2a: Skarmory|99/100
|-damage|p1a: Corviknight|43/100|[from] item: Rocky Helmet|[of] p2a: Skarmory
|
|t:|1758335467
|switch|p1a: Cinderace|Cinderace, F|84/100|[from] U-turn
|
|upkeep
|turn|26
|
|t:|1758335470
|switch|p2a: Skeledirge|Skeledirge, M, shiny|60/100
|move|p1a: Cinderace|U-turn|p2a: Skeledirge
|-start|p1a: Cinderace|typechange|Bug|[from] ability: Libero
|-resisted|p2a: Skeledirge
|-damage|p2a: Skeledirge|54/100
|
|t:|1758335472
|switch|p1a: Darkrai|Darkrai|76/100|[from] U-turn
|
|upkeep
|turn|27
|
|t:|1758335478
|switch|p2a: Fez Boi|Fezandipiti, M|83/100
|-damage|p2a: Fez Boi|70/100|[from] Stealth Rock
|-damage|p2a: Fez Boi|58/100|[from] Spikes
|move|p1a: Darkrai|Sludge Bomb|p2a: Fez Boi
|-damage|p2a: Fez Boi|40/100
|
|upkeep
|turn|28
|
|t:|1758335483
|switch|p1a: Clodsire|Clodsire, F|100/100
|-damage|p1a: Clodsire|94/100|[from] Stealth Rock
|move|p2a: Fez Boi|Roost|p2a: Fez Boi
|-heal|p2a: Fez Boi|90/100
|-singleturn|p2a: Fez Boi|move: Roost
|
|-heal|p1a: Clodsire|100/100|[from] item: Leftovers
|upkeep
|turn|29
|
|t:|1758335487
|switch|p2a: Skarmory|Skarmory, M, shiny|99/100
|-damage|p2a: Skarmory|86/100|[from] Stealth Rock
|switch|p1a: Darkrai|Darkrai|76/100
|
|upkeep
|turn|30
|
|t:|1758335503
|switch|p2a: Fez Boi|Fezandipiti, M|90/100
|-damage|p2a: Fez Boi|78/100|[from] Stealth Rock
|-damage|p2a: Fez Boi|65/100|[from] Spikes
|-terastallize|p1a: Darkrai|Dark
|move|p1a: Darkrai|Dark Pulse|p2a: Fez Boi
|-resisted|p2a: Fez Boi
|-damage|p2a: Fez Boi|47/100
|
|upkeep
|turn|31
|
|t:|1758335511
|switch|p1a: Clodsire|Clodsire, F|100/100
|-damage|p1a: Clodsire|94/100|[from] Stealth Rock
|move|p2a: Fez Boi|Moonblast|p1a: Clodsire
|-resisted|p1a: Clodsire
|-damage|p1a: Clodsire|85/100
|
|-heal|p1a: Clodsire|91/100|[from] item: Leftovers
|upkeep
|turn|32
|
|t:|1758335516
|switch|p1a: Darkrai|Darkrai, tera:Dark|76/100
|move|p2a: Fez Boi|Moonblast|p1a: Darkrai
|-supereffective|p1a: Darkrai
|-damage|p1a: Darkrai|0 fnt
|faint|p1a: Darkrai
|
|upkeep
|-message|champ bogar forfeited.
|
|win|CherylBush
|raw|champ bogar's rating: 1650 &rarr; <strong>1632</strong><br />(-18 for losing)
|raw|CherylBush's rating: 1680 &rarr; <strong>1698</strong><br />(+18 for winning)
|l|☆champ bogar
|player|p1|
