|badge|p2|bronze|gen9ou|100-6
|uhtml|medal-msg|<div class="broadcast-blue">Curious what those medals under the avatar are? PS now has Ladder Seasons! For more information, check out the <a href="https://www.smogon.com/forums/threads/3740067/">thread on Smogon.</a></div>
|j|☆Agent Killua
|j|☆sunny dancing
|t:|1758309086
|gametype|singles
|player|p1|Agent Killua|miku-ground|1814
|player|p2|sunny dancing|170|1860
|gen|9
|tier|[Gen 9] OU
|rated|
|rule|HP Percentage Mod: HP is shown in percentages
|rule|Endless Battle Clause: Forcing endless battles is banned
|rule|Species Clause: Limit one of each Pokémon
|rule|OHKO Clause: OHKO moves are banned
|rule|Evasion Items Clause: Evasion items are banned
|rule|Evasion Moves Clause: Evasion moves are banned
|rule|Evasion Abilities Clause: Evasion abilities are banned
|rule|Sleep Moves Clause: Sleep-inducing moves are banned
|clearpoke
|poke|p1|Dragonite, F|
|poke|p1|Zamazenta-*|
|poke|p1|Landorus-Therian, M|
|poke|p1|Gholdengo|
|poke|p1|Darkrai|
|poke|p1|Hatterene, F|
|poke|p2|Ogerpon-Wellspring, F|
|poke|p2|Slowking-Galar, M|
|poke|p2|Great Tusk|
|poke|p2|Moltres|
|poke|p2|Dragapult, M|
|poke|p2|Kingambit, M|
|teampreview
|inactive|Battle timer is ON: inactive players will automatically lose when time's up. (requested by Agent Killua)
|inactive|sunny dancing also wants the timer to be on.
|
|t:|1758309096
|teamsize|p1|6
|teamsize|p2|6
|start
|switch|p1a: Darkrai|Darkrai|100/100
|switch|p2a: Slowking|Slowking-Galar, M|100/100
|turn|1
|
|t:|1758309101
|move|p1a: Darkrai|Knock Off|p2a: Slowking
|-supereffective|p2a: Slowking
|-damage|p2a: Slowking|42/100
|-enditem|p2a: Slowking|Assault Vest|[from] move: Knock Off|[of] p1a: Darkrai
|move|p2a: Slowking|Sludge Bomb|p1a: Darkrai
|-damage|p1a: Darkrai|43/100
|-status|p1a: Darkrai|psn
|
|-damage|p1a: Darkrai|30/100 psn|[from] psn
|upkeep
|turn|2
|
|t:|1758309108
|switch|p2a: Kingambit|Kingambit, M|100/100
|move|p1a: Darkrai|Knock Off|p2a: Kingambit
|-resisted|p2a: Kingambit
|-damage|p2a: Kingambit|87/100
|-enditem|p2a: Kingambit|Leftovers|[from] move: Knock Off|[of] p1a: Darkrai
|
|-damage|p1a: Darkrai|18/100 psn|[from] psn
|upkeep
|turn|3
|
|t:|1758309113
|move|p1a: Darkrai|Will-O-Wisp|p2a: Kingambit
|-status|p2a: Kingambit|brn
|move|p2a: Kingambit|Swords Dance|p2a: Kingambit
|-boost|p2a: Kingambit|atk|2
|
|-damage|p1a: Darkrai|6/100 psn|[from] psn
|-damage|p2a: Kingambit|81/100 brn|[from] brn
|upkeep
|turn|4
|
|t:|1758309118
|switch|p1a: Landorus|Landorus-Therian, M|100/100
|-ability|p1a: Landorus|Intimidate|boost
|-unboost|p2a: Kingambit|atk|1
|-end|p2a: Kingambit|fallenundefined|[silent]
|switch|p2a: Slowking|Slowking-Galar, M|75/100
|
|upkeep
|turn|5
|
|t:|1758309122
|move|p1a: Landorus|Earthquake|p2a: Slowking
|-supereffective|p2a: Slowking
|-damage|p2a: Slowking|0 fnt
|faint|p2a: Slowking
|
|upkeep
|j| IM AT MY LIMIT
|
|t:|1758309128
|switch|p2a: Moltres|Moltres|100/100
|turn|6
|
|t:|1758309136
|switch|p1a: Hatterene|Hatterene, F|100/100
|move|p2a: Moltres|Flamethrower|p1a: Hatterene
|-damage|p1a: Hatterene|76/100
|
|upkeep
|turn|7
|
|t:|1758309145
|move|p2a: Moltres|Flamethrower|p1a: Hatterene
|-damage|p1a: Hatterene|55/100
|move|p1a: Hatterene|Psychic Noise|p2a: Moltres
|-damage|p2a: Moltres|58/100
|-start|p2a: Moltres|move: Heal Block
|
|upkeep
|turn|8
|
|t:|1758309150
|move|p2a: Moltres|U-turn|p1a: Hatterene
|-damage|p1a: Hatterene|39/100
|
|t:|1758309155
|switch|p2a: Kingambit|Kingambit, M|81/100 brn|[from] U-turn
|-activate|p2a: Kingambit|ability: Supreme Overlord
|-start|p2a: Kingambit|fallen1|[silent]
|move|p1a: Hatterene|Psychic Noise|p2a: Kingambit
|-immune|p2a: Kingambit
|
|-damage|p2a: Kingambit|75/100 brn|[from] brn
|upkeep
|turn|9
|
|t:|1758309159
|switch|p1a: Landorus|Landorus-Therian, M|100/100
|-ability|p1a: Landorus|Intimidate|boost
|-unboost|p2a: Kingambit|atk|1
|move|p2a: Kingambit|Iron Head|p1a: Landorus
|-damage|p1a: Landorus|86/100
|-damage|p2a: Kingambit|58/100 brn|[from] item: Rocky Helmet|[of] p1a: Landorus
|
|-damage|p2a: Kingambit|52/100 brn|[from] brn
|upkeep
|turn|10
|
|t:|1758309165
|-end|p2a: Kingambit|fallen1|[silent]
|switch|p2a: Moltres|Moltres|58/100
|move|p1a: Landorus|U-turn|p2a: Moltres
|-resisted|p2a: Moltres
|-damage|p2a: Moltres|55/100
|
|t:|1758309170
|switch|p1a: Gholdengo|Gholdengo|100/100|[from] U-turn
|
|upkeep
|turn|11
|
|t:|1758309175
|move|p1a: Gholdengo|Thunderbolt|p2a: Moltres
|-supereffective|p2a: Moltres
|-damage|p2a: Moltres|0 fnt
|faint|p2a: Moltres
|
|upkeep
|
|t:|1758309181
|switch|p2a: Dragapult|Dragapult, M|100/100
|turn|12
|j| AntdonPokemon
|
|t:|1758309186
|switch|p1a: Darkrai|Darkrai|6/100 psn
|move|p2a: Dragapult|Hex|p1a: Darkrai
|-resisted|p1a: Darkrai
|-damage|p1a: Darkrai|0 fnt
|faint|p1a: Darkrai
|
|upkeep
|
|t:|1758309196
|switch|p1a: Gholdengo|Gholdengo|100/100
|turn|13
|
|t:|1758309201
|switch|p2a: Kingambit|Kingambit, M|52/100 brn
|-activate|p2a: Kingambit|ability: Supreme Overlord
|-start|p2a: Kingambit|fallen2|[silent]
|move|p1a: Gholdengo|Make It Rain|p2a: Kingambit
|-resisted|p2a: Kingambit
|-damage|p2a: Kingambit|13/100 brn
|-unboost|p1a: Gholdengo|spa|1
|
|-damage|p2a: Kingambit|6/100 brn|[from] brn
|upkeep
|turn|14
|
|t:|1758309206
|switch|p1a: Landorus|Landorus-Therian, M|86/100
|-ability|p1a: Landorus|Intimidate|boost
|-unboost|p2a: Kingambit|atk|1
|move|p2a: Kingambit|Sucker Punch||[still]
|-fail|p2a: Kingambit
|
|-damage|p2a: Kingambit|0 fnt|[from] brn
|faint|p2a: Kingambit
|-end|p2a: Kingambit|fallen2|[silent]
|upkeep
|
|t:|1758309211
|switch|p2a: Great Tusk|Great Tusk|100/100
|turn|15
|
|t:|1758309216
|move|p2a: Great Tusk|Ice Spinner|p1a: Landorus
|-supereffective|p1a: Landorus
|-damage|p1a: Landorus|0 fnt
|-damage|p2a: Great Tusk|84/100|[from] item: Rocky Helmet|[of] p1a: Landorus
|faint|p1a: Landorus
|
|upkeep
|
|t:|1758309232
|switch|p1a: Zamazenta|Zamazenta|100/100
|-ability|p1a: Zamazenta|Dauntless Shield|boost
|-boost|p1a: Zamazenta|def|1
|turn|16
|
|t:|1758309238
|move|p1a: Zamazenta|Body Press|p2a: Great Tusk
|-crit|p2a: Great Tusk
|-damage|p2a: Great Tusk|22/100
|-damage|p1a: Zamazenta|84/100|[from] item: Rocky Helmet|[of] p2a: Great Tusk
|move|p2a: Great Tusk|Stealth Rock|p1a: Zamazenta
|-sidestart|p1: Agent Killua|move: Stealth Rock
|
|-heal|p1a: Zamazenta|90/100|[from] item: Leftovers
|upkeep
|turn|17
|
|t:|1758309244
|-end|p2a: Great Tusk|Protosynthesis|[silent]
|switch|p2a: Dragapult|Dragapult, M|100/100
|move|p1a: Zamazenta|Crunch|p2a: Dragapult
|-supereffective|p2a: Dragapult
|-damage|p2a: Dragapult|37/100
|
|-heal|p1a: Zamazenta|96/100|[from] item: Leftovers
|upkeep
|turn|18
|
|t:|1758309248
|switch|p1a: Hatterene|Hatterene, F|39/100
|-damage|p1a: Hatterene|27/100|[from] Stealth Rock
|-terastallize|p2a: Dragapult|Fairy
|move|p2a: Dragapult|Will-O-Wisp|p1a: Hatterene
|move|p1a: Hatterene|Will-O-Wisp|p2a: Dragapult|[from] ability: Magic Bounce|[miss]
|-miss|p1a: Hatterene|p2a: Dragapult
|
|upkeep
|turn|19
|inactive|Agent Killua has 120 seconds left.
|
|t:|1758309288
|-terastallize|p1a: Hatterene|Water
|move|p2a: Dragapult|U-turn|p1a: Hatterene
|-damage|p1a: Hatterene|5/100
|
|t:|1758309293
|switch|p2a: Great Tusk|Great Tusk|22/100|[from] U-turn
|move|p1a: Hatterene|Draining Kiss|p2a: Great Tusk
|-supereffective|p2a: Great Tusk
|-damage|p2a: Great Tusk|0 fnt
|-heal|p1a: Hatterene|24/100|[from] drain|[of] p2a: Great Tusk
|-damage|p1a: Hatterene|7/100|[from] item: Rocky Helmet|[of] p2a: Great Tusk
|faint|p2a: Great Tusk
|-end|p2a: Great Tusk|Protosynthesis|[silent]
|
|upkeep
|
|t:|1758309297
|switch|p2a: Ogerpon|Ogerpon-Wellspring, F|100/100
|turn|20
|
|t:|1758309302
|switch|p2a: Dragapult|Dragapult, M, tera:Fairy|37/100
|move|p1a: Hatterene|Psychic Noise|p2a: Dragapult
|-damage|p2a: Dragapult|0 fnt
|faint|p2a: Dragapult
|
|upkeep
|
|t:|1758309306
|switch|p2a: Ogerpon|Ogerpon-Wellspring, F|100/100
|turn|21
|
|t:|1758309311
|move|p2a: Ogerpon|Power Whip|p1a: Hatterene
|-supereffective|p1a: Hatterene
|-damage|p1a: Hatterene|0 fnt
|faint|p1a: Hatterene
|
|upkeep
|
|t:|1758309314
|switch|p1a: Gholdengo|Gholdengo|100/100
|-damage|p1a: Gholdengo|94/100|[from] Stealth Rock
|turn|22
|
|t:|1758309318
|move|p2a: Ogerpon|Knock Off|p1a: Gholdengo
|-supereffective|p1a: Gholdengo
|-damage|p1a: Gholdengo|13/100
|-enditem|p1a: Gholdengo|Metal Coat|[from] move: Knock Off|[of] p2a: Ogerpon
|move|p1a: Gholdengo|Thunderbolt|p2a: Ogerpon
|-damage|p2a: Ogerpon|63/100
|-status|p2a: Ogerpon|par
|
|upkeep
|turn|23
|
|t:|1758309324
|move|p1a: Gholdengo|Thunderbolt|p2a: Ogerpon
|-damage|p2a: Ogerpon|23/100 par
|cant|p2a: Ogerpon|par
|
|upkeep
|turn|24
|
|t:|1758309327
|move|p1a: Gholdengo|Make It Rain|p2a: Ogerpon
|-resisted|p2a: Ogerpon
|-damage|p2a: Ogerpon|0 fnt
|-unboost|p1a: Gholdengo|spa|1
|faint|p2a: Ogerpon
|
|win|Agent Killua
|raw|Agent Killua's rating: 1814 &rarr; <strong>1837</strong><br />(+23 for winning)
|raw|sunny dancing's rating: 1860 &rarr; <strong>1837</strong><br />(-23 for losing)
|l|☆sunny dancing
|player|p2|
|c|☆Agent Killua|ggwp
|l|☆Agent Killua
|player|p1|
|l| AntdonPokemon
|l| IM AT MY LIMIT
