|j|☆GreaterPlays
|j|☆scorbunny11
|t:|1758360611
|gametype|singles
|player|p1|GreaterPlays|biker-gen3|1321
|player|p2|scorbunny11|dawn|1276
|gen|9
|tier|[Gen 9] OU
|rated|
|rule|HP Percentage Mod: HP is shown in percentages
|rule|Endless Battle Clause: Forcing endless battles is banned
|rule|Species Clause: Limit one of each Pokémon
|rule|OHKO Clause: OHKO moves are banned
|rule|Evasion Items Clause: Evasion items are banned
|rule|Evasion Moves Clause: Evasion moves are banned
|rule|Evasion Abilities Clause: Evasion abilities are banned
|rule|Sleep Moves Clause: Sleep-inducing moves are banned
|clearpoke
|poke|p1|Lokix, M|
|poke|p1|Cinderace, M|
|poke|p1|Great Tusk|
|poke|p1|Alomomola, F|
|poke|p1|Enamorus, F|
|poke|p1|Slowking-Galar, M|
|poke|p2|Cinderace, M|
|poke|p2|Chandelure, M|
|poke|p2|Houndoom, M|
|poke|p2|Gastrodon-East, F|
|poke|p2|Meowstic, M|
|poke|p2|Kilowattrel, F|
|teampreview
|inactive|Battle timer is ON: inactive players will automatically lose when time's up. (requested by scorbunny11)
|inactive|GreaterPlays has 120 seconds left.
|
|t:|1758360643
|teamsize|p1|6
|teamsize|p2|6
|start
|switch|p1a: Cinderace|Cinderace, M|100/100
|switch|p2a: Kilowattrel|Kilowattrel, F|100/100
|turn|1
|
|t:|1758360662
|move|p2a: Kilowattrel|Volt Switch|p1a: Cinderace
|-damage|p1a: Cinderace|58/100
|
|t:|1758360666
|switch|p2a: Gastrodon|Gastrodon-East, F|100/100|[from] Volt Switch
|move|p1a: Cinderace|Pyro Ball|p2a: Gastrodon
|-resisted|p2a: Gastrodon
|-damage|p2a: Gastrodon|74/100
|
|-heal|p2a: Gastrodon|81/100|[from] item: Leftovers
|upkeep
|turn|2
|
|t:|1758360677
|move|p1a: Cinderace|U-turn|p2a: Gastrodon
|-damage|p2a: Gastrodon|62/100
|
|t:|1758360693
|switch|p1a: Slowking|Slowking-Galar, M|100/100|[from] U-turn
|move|p2a: Gastrodon|Surf|p1a: Slowking
|-damage|p1a: Slowking|76/100
|
|-heal|p2a: Gastrodon|68/100|[from] item: Leftovers
|upkeep
|turn|3
|
|t:|1758360700
|move|p2a: Gastrodon|Earth Power|p1a: Slowking
|-supereffective|p1a: Slowking
|-enditem|p1a: Slowking|Shuca Berry|[eat]
|-enditem|p1a: Slowking|Shuca Berry|[weaken]
|-damage|p1a: Slowking|54/100
|move|p1a: Slowking|Future Sight|p2a: Gastrodon
|-start|p1a: Slowking|move: Future Sight
|
|-heal|p2a: Gastrodon|74/100|[from] item: Leftovers
|upkeep
|turn|4
|
|t:|1758360721
|move|p2a: Gastrodon|Surf|p1a: Slowking
|-damage|p1a: Slowking|31/100
|-prepare|p1a: Slowking|Chilly Reception|[premajor]
|move|p1a: Slowking|Chilly Reception|p1a: Slowking
|-weather|Snowscape
|
|t:|1758360724
|switch|p1a: Lokix|Lokix, M|100/100|[from] Chilly Reception
|
|-weather|Snowscape|[upkeep]
|-heal|p2a: Gastrodon|80/100|[from] item: Leftovers
|upkeep
|turn|5
|
|t:|1758360734
|-terastallize|p2a: Gastrodon|Fire
|move|p1a: Lokix|Knock Off|p2a: Gastrodon
|-damage|p2a: Gastrodon|8/100
|-enditem|p2a: Gastrodon|Leftovers|[from] move: Knock Off|[of] p1a: Lokix
|move|p2a: Gastrodon|Recover|p2a: Gastrodon
|-heal|p2a: Gastrodon|58/100
|
|-weather|Snowscape|[upkeep]
|-end|p2a: Gastrodon|move: Future Sight
|-damage|p2a: Gastrodon|26/100
|upkeep
|turn|6
|
|t:|1758360749
|switch|p2a: Kilowattrel|Kilowattrel, F|100/100
|move|p1a: Lokix|Knock Off|p2a: Kilowattrel
|-damage|p2a: Kilowattrel|0 fnt
|-enditem|p2a: Kilowattrel|Magnet|[from] move: Knock Off|[of] p1a: Lokix
|faint|p2a: Kilowattrel
|
|-weather|Snowscape|[upkeep]
|upkeep
|-message|scorbunny11 forfeited.
|
|win|GreaterPlays
|raw|GreaterPlays's rating: 1321 &rarr; <strong>1338</strong><br />(+17 for winning)
|raw|scorbunny11's rating: 1276 &rarr; <strong>1254</strong><br />(-22 for losing)
|l|☆scorbunny11
|player|p2|
