|j|☆Prestina
|j|☆sanribos
|t:|1758275076
|gametype|singles
|player|p1|Prestina|akari|1382
|player|p2|sanribos|veteran|1414
|gen|9
|tier|[Gen 9] OU
|rated|
|rule|HP Percentage Mod: HP is shown in percentages
|rule|Endless Battle Clause: Forcing endless battles is banned
|rule|Species Clause: Limit one of each Pokémon
|rule|OHKO Clause: OHKO moves are banned
|rule|Evasion Items Clause: Evasion items are banned
|rule|Evasion Moves Clause: Evasion moves are banned
|rule|Evasion Abilities Clause: Evasion abilities are banned
|rule|Sleep Moves Clause: Sleep-inducing moves are banned
|clearpoke
|poke|p1|Iron Treads|
|poke|p1|Darkrai|
|poke|p1|Sylveon, F|
|poke|p1|Slowking, F|
|poke|p1|Meowscarada, F|
|poke|p1|Garchomp, F|
|poke|p2|Landorus-Therian, M|
|poke|p2|Samurott-Hisui, F|
|poke|p2|Pecharunt|
|poke|p2|Scizor, F|
|poke|p2|Latios, M|
|poke|p2|Zamazenta-*|
|teampreview
|inactive|Battle timer is ON: inactive players will automatically lose when time's up. (requested by Prestina)
|
|t:|1758275090
|teamsize|p1|6
|teamsize|p2|6
|start
|switch|p1a: Weed Cat|Meowscarada, F, shiny|100/100
|switch|p2a: Samurott|Samurott-Hisui, F|100/100
|turn|1
|
|t:|1758275096
|switch|p2a: Pecharunt|Pecharunt|100/100
|move|p1a: Weed Cat|U-turn|p2a: Pecharunt
|-start|p1a: Weed Cat|typechange|Bug|[from] ability: Protean
|-resisted|p2a: Pecharunt
|-damage|p2a: Pecharunt|95/100
|inactive|Prestina has 120 seconds left.
|
|t:|1758275130
|switch|p1a: Goth IHOP|Darkrai, shiny|100/100|[from] U-turn
|
|upkeep
|turn|2
|
|t:|1758275136
|switch|p2a: Samurott|Samurott-Hisui, F|100/100
|move|p1a: Goth IHOP|Dark Pulse|p2a: Samurott
|-resisted|p2a: Samurott
|-damage|p2a: Samurott|80/100
|
|upkeep
|turn|3
|
|t:|1758275143
|switch|p1a: Girlfailure|Garchomp, F, shiny|100/100
|move|p2a: Samurott|Ceaseless Edge|p1a: Girlfailure|[miss]
|-miss|p2a: Samurott|p1a: Girlfailure
|
|upkeep
|turn|4
|
|t:|1758275148
|switch|p2a: Landorus|Landorus-Therian, M|100/100
|-ability|p2a: Landorus|Intimidate|boost
|-unboost|p1a: Girlfailure|atk|1
|move|p1a: Girlfailure|Stealth Rock|p2a: Landorus
|-sidestart|p2: sanribos|move: Stealth Rock
|
|upkeep
|turn|5
|
|t:|1758275152
|move|p2a: Landorus|Stealth Rock|p1a: Girlfailure
|-sidestart|p1: Prestina|move: Stealth Rock
|move|p1a: Girlfailure|Dragon Tail|p2a: Landorus
|-damage|p2a: Landorus|84/100
|-damage|p1a: Girlfailure|84/100|[from] item: Rocky Helmet|[of] p2a: Landorus
|drag|p2a: Scizor|Scizor, F|100/100
|
|upkeep
|turn|6
|
|t:|1758275159
|switch|p2a: Landorus|Landorus-Therian, M|84/100
|-damage|p2a: Landorus|71/100|[from] Stealth Rock
|-ability|p2a: Landorus|Intimidate|boost
|-unboost|p1a: Girlfailure|atk|1
|move|p1a: Girlfailure|Dragon Tail|p2a: Landorus
|-damage|p2a: Landorus|59/100
|-damage|p1a: Girlfailure|68/100|[from] item: Rocky Helmet|[of] p2a: Landorus
|drag|p2a: Scizor|Scizor, F|100/100
|
|upkeep
|turn|7
|
|t:|1758275168
|switch|p2a: Landorus|Landorus-Therian, M|59/100
|-damage|p2a: Landorus|46/100|[from] Stealth Rock
|-ability|p2a: Landorus|Intimidate|boost
|-unboost|p1a: Girlfailure|atk|1
|move|p1a: Girlfailure|Dragon Tail|p2a: Landorus
|-damage|p2a: Landorus|36/100
|-damage|p1a: Girlfailure|51/100|[from] item: Rocky Helmet|[of] p2a: Landorus
|drag|p2a: Zamazenta|Zamazenta|100/100
|-damage|p2a: Zamazenta|94/100|[from] Stealth Rock
|-ability|p2a: Zamazenta|Dauntless Shield|boost
|-boost|p2a: Zamazenta|def|1
|
|-heal|p2a: Zamazenta|100/100|[from] item: Leftovers
|upkeep
|turn|8
|
|t:|1758275178
|move|p2a: Zamazenta|Roar|p1a: Girlfailure
|drag|p1a: Estrogen|Sylveon, F|100/100
|-damage|p1a: Estrogen|88/100|[from] Stealth Rock
|
|-heal|p1a: Estrogen|94/100|[from] item: Leftovers
|upkeep
|turn|9
|
|t:|1758275185
|switch|p2a: Pecharunt|Pecharunt|95/100
|move|p1a: Estrogen|Hyper Voice|p2a: Pecharunt
|-resisted|p2a: Pecharunt
|-damage|p2a: Pecharunt|76/100
|
|-heal|p1a: Estrogen|99/100|[from] item: Leftovers
|upkeep
|turn|10
|
|t:|1758275212
|switch|p1a: Asgore's Truck|Iron Treads|100/100
|-damage|p1a: Asgore's Truck|97/100|[from] Stealth Rock
|-item|p1a: Asgore's Truck|Air Balloon
|move|p2a: Pecharunt|Hex|p1a: Asgore's Truck
|-damage|p1a: Asgore's Truck|68/100
|-enditem|p1a: Asgore's Truck|Air Balloon
|
|upkeep
|turn|11
|
|t:|1758275222
|switch|p2a: Landorus|Landorus-Therian, M|36/100
|-damage|p2a: Landorus|24/100|[from] Stealth Rock
|-ability|p2a: Landorus|Intimidate|boost
|-unboost|p1a: Asgore's Truck|atk|1
|move|p1a: Asgore's Truck|Earthquake|p2a: Landorus
|-immune|p2a: Landorus
|
|upkeep
|turn|12
|
|t:|1758275231
|move|p1a: Asgore's Truck|Ice Spinner|p2a: Landorus
|-supereffective|p2a: Landorus
|-damage|p2a: Landorus|0 fnt
|-damage|p1a: Asgore's Truck|52/100|[from] item: Rocky Helmet|[of] p2a: Landorus
|faint|p2a: Landorus
|
|upkeep
|
|t:|1758275235
|switch|p2a: Zamazenta|Zamazenta|100/100
|-damage|p2a: Zamazenta|94/100|[from] Stealth Rock
|turn|13
|
|t:|1758275242
|move|p2a: Zamazenta|Body Press|p1a: Asgore's Truck
|-supereffective|p1a: Asgore's Truck
|-damage|p1a: Asgore's Truck|0 fnt
|faint|p1a: Asgore's Truck
|-end|p1a: Asgore's Truck|Quark Drive|[silent]
|
|-heal|p2a: Zamazenta|100/100|[from] item: Leftovers
|upkeep
|
|t:|1758275260
|switch|p1a: Mariah Carey|Slowking, F, shiny|100/100
|turn|14
|
|t:|1758275265
|move|p2a: Zamazenta|Crunch|p1a: Mariah Carey
|-supereffective|p1a: Mariah Carey
|-damage|p1a: Mariah Carey|65/100
|move|p1a: Mariah Carey|Future Sight|p2a: Zamazenta
|-start|p1a: Mariah Carey|move: Future Sight
|
|upkeep
|turn|15
|
|t:|1758275272
|switch|p2a: Latios|Latios, M|100/100
|-damage|p2a: Latios|88/100|[from] Stealth Rock
|-prepare|p1a: Mariah Carey|Chilly Reception|[premajor]
|move|p1a: Mariah Carey|Chilly Reception|p1a: Mariah Carey
|-weather|Snowscape
|
|t:|1758275282
|switch|p1a: Weed Cat|Meowscarada, F, shiny|100/100|[from] Chilly Reception
|-damage|p1a: Weed Cat|88/100|[from] Stealth Rock
|
|-weather|Snowscape|[upkeep]
|upkeep
|turn|16
|
|t:|1758275288
|switch|p2a: Samurott|Samurott-Hisui, F|80/100
|-damage|p2a: Samurott|68/100|[from] Stealth Rock
|move|p1a: Weed Cat|U-turn|p2a: Samurott
|-start|p1a: Weed Cat|typechange|Bug|[from] ability: Protean
|-supereffective|p2a: Samurott
|-damage|p2a: Samurott|0 fnt
|faint|p2a: Samurott
|
|t:|1758275301
|switch|p1a: Goth IHOP|Darkrai, shiny|100/100|[from] U-turn
|-damage|p1a: Goth IHOP|88/100|[from] Stealth Rock
|
|-weather|Snowscape|[upkeep]
|-hint|Future Sight did not hit because the target is fainted.
|upkeep
|
|t:|1758275307
|switch|p2a: Scizor|Scizor, F|100/100
|turn|17
|
|t:|1758275327
|switch|p1a: Girlfailure|Garchomp, F, shiny|51/100
|-damage|p1a: Girlfailure|45/100|[from] Stealth Rock
|move|p2a: Scizor|Swords Dance|p2a: Scizor
|-boost|p2a: Scizor|atk|2
|
|-weather|Snowscape|[upkeep]
|upkeep
|turn|18
|
|t:|1758275332
|move|p2a: Scizor|Bullet Punch|p1a: Girlfailure
|-damage|p1a: Girlfailure|3/100
|-damage|p2a: Scizor|88/100|[from] ability: Rough Skin|[of] p1a: Girlfailure
|-damage|p2a: Scizor|72/100|[from] item: Rocky Helmet|[of] p1a: Girlfailure
|move|p1a: Girlfailure|Dragon Tail|p2a: Scizor
|-resisted|p2a: Scizor
|-damage|p2a: Scizor|56/100
|drag|p2a: Latios|Latios, M|88/100
|-damage|p2a: Latios|76/100|[from] Stealth Rock
|
|-weather|Snowscape|[upkeep]
|upkeep
|turn|19
|
|t:|1758275345
|switch|p1a: Mariah Carey|Slowking, F, shiny|98/100
|move|p2a: Latios|Psychic Noise|p1a: Mariah Carey
|-resisted|p1a: Mariah Carey
|-crit|p1a: Mariah Carey
|-damage|p1a: Mariah Carey|71/100
|-start|p1a: Mariah Carey|move: Heal Block
|
|-weather|none
|upkeep
|turn|20
|
|t:|1758275357
|switch|p2a: Zamazenta|Zamazenta|100/100
|-damage|p2a: Zamazenta|94/100|[from] Stealth Rock
|move|p1a: Mariah Carey|Ice Beam|p2a: Zamazenta
|-damage|p2a: Zamazenta|75/100
|
|-heal|p2a: Zamazenta|81/100|[from] item: Leftovers
|-end|p1a: Mariah Carey|move: Heal Block
|upkeep
|turn|21
|
|t:|1758275362
|move|p1a: Mariah Carey|Future Sight|p2a: Zamazenta
|-start|p1a: Mariah Carey|move: Future Sight
|move|p2a: Zamazenta|Roar|p1a: Mariah Carey
|drag|p1a: Estrogen|Sylveon, F|99/100
|-damage|p1a: Estrogen|88/100|[from] Stealth Rock
|
|-heal|p2a: Zamazenta|87/100|[from] item: Leftovers
|-heal|p1a: Estrogen|94/100|[from] item: Leftovers
|upkeep
|turn|22
|
|t:|1758275368
|move|p1a: Estrogen|Hyper Voice|p2a: Zamazenta
|-supereffective|p2a: Zamazenta
|-damage|p2a: Zamazenta|20/100
|move|p2a: Zamazenta|Roar|p1a: Estrogen
|drag|p1a: Girlfailure|Garchomp, F, shiny|3/100
|-damage|p1a: Girlfailure|0 fnt|[from] Stealth Rock
|faint|p1a: Girlfailure
|
|-heal|p2a: Zamazenta|26/100|[from] item: Leftovers
|upkeep
|
|t:|1758275377
|switch|p1a: Weed Cat|Meowscarada, F, shiny|88/100
|-damage|p1a: Weed Cat|76/100|[from] Stealth Rock
|turn|23
|
|t:|1758275382
|move|p2a: Zamazenta|Body Press|p1a: Weed Cat
|-supereffective|p1a: Weed Cat
|-damage|p1a: Weed Cat|0 fnt
|faint|p1a: Weed Cat
|
|-end|p2a: Zamazenta|move: Future Sight
|-supereffective|p2a: Zamazenta
|-damage|p2a: Zamazenta|0 fnt
|faint|p2a: Zamazenta
|upkeep
|
|t:|1758275391
|switch|p2a: Pecharunt|Pecharunt|76/100
|switch|p1a: Mariah Carey|Slowking, F, shiny|100/100
|turn|24
|
|t:|1758275394
|move|p2a: Pecharunt|Malignant Chain|p1a: Mariah Carey
|-damage|p1a: Mariah Carey|77/100
|-status|p1a: Mariah Carey|tox
|-start|p1a: Mariah Carey|confusion|[from] ability: Poison Puppeteer|[of] p2a: Pecharunt
|-activate|p1a: Mariah Carey|confusion
|-damage|p1a: Mariah Carey|72/100 tox|[from] confusion
|
|-damage|p1a: Mariah Carey|66/100 tox|[from] psn
|upkeep
|turn|25
|
|t:|1758275400
|move|p2a: Pecharunt|Hex|p1a: Mariah Carey
|-supereffective|p1a: Mariah Carey
|-damage|p1a: Mariah Carey|7/100 tox
|-activate|p1a: Mariah Carey|confusion
|move|p1a: Mariah Carey|Future Sight|p2a: Pecharunt
|-start|p1a: Mariah Carey|move: Future Sight
|
|-damage|p1a: Mariah Carey|0 fnt|[from] psn
|faint|p1a: Mariah Carey
|upkeep
|
|t:|1758275406
|switch|p1a: Goth IHOP|Darkrai, shiny|88/100
|-damage|p1a: Goth IHOP|76/100|[from] Stealth Rock
|turn|26
|
|t:|1758275416
|-terastallize|p2a: Pecharunt|Dark
|move|p1a: Goth IHOP|Dark Pulse|p2a: Pecharunt
|-resisted|p2a: Pecharunt
|-damage|p2a: Pecharunt|55/100
|cant|p2a: Pecharunt|flinch
|
|upkeep
|turn|27
|
|t:|1758275422
|switch|p1a: Estrogen|Sylveon, F|94/100
|-damage|p1a: Estrogen|81/100|[from] Stealth Rock
|move|p2a: Pecharunt|Recover|p2a: Pecharunt
|-heal|p2a: Pecharunt|100/100
|
|-end|p2a: Pecharunt|move: Future Sight
|-immune|p2a: Pecharunt
|-heal|p1a: Estrogen|88/100|[from] item: Leftovers
|upkeep
|turn|28
|
|t:|1758275428
|-terastallize|p1a: Estrogen|Steel
|move|p2a: Pecharunt|Malignant Chain|p1a: Estrogen
|-immune|p1a: Estrogen
|move|p1a: Estrogen|Calm Mind|p1a: Estrogen
|-boost|p1a: Estrogen|spa|1
|-boost|p1a: Estrogen|spd|1
|
|-heal|p1a: Estrogen|94/100|[from] item: Leftovers
|upkeep
|turn|29
|
|t:|1758275431
|move|p2a: Pecharunt|Parting Shot|p1a: Estrogen
|-unboost|p1a: Estrogen|atk|1
|-unboost|p1a: Estrogen|spa|1
|
|t:|1758275433
|switch|p2a: Scizor|Scizor, F|56/100|[from] Parting Shot
|move|p1a: Estrogen|Hyper Voice|p2a: Scizor
|-resisted|p2a: Scizor
|-damage|p2a: Scizor|25/100
|
|-heal|p1a: Estrogen|99/100|[from] item: Leftovers
|upkeep
|turn|30
|
|t:|1758275443
|move|p1a: Estrogen|Protect|p1a: Estrogen
|-singleturn|p1a: Estrogen|Protect
|move|p2a: Scizor|Knock Off|p1a: Estrogen
|-activate|p1a: Estrogen|move: Protect
|
|-heal|p1a: Estrogen|100/100|[from] item: Leftovers
|upkeep
|turn|31
|
|t:|1758275449
|move|p2a: Scizor|Knock Off|p1a: Estrogen
|-damage|p1a: Estrogen|73/100
|-enditem|p1a: Estrogen|Leftovers|[from] move: Knock Off|[of] p2a: Scizor
|move|p1a: Estrogen|Hyper Voice|p2a: Scizor
|-resisted|p2a: Scizor
|-damage|p2a: Scizor|0 fnt
|faint|p2a: Scizor
|
|upkeep
|-message|sanribos forfeited.
|
|win|Prestina
|raw|Prestina's rating: 1382 &rarr; <strong>1404</strong><br />(+22 for winning)
|raw|sanribos's rating: 1414 &rarr; <strong>1392</strong><br />(-22 for losing)
|l|☆Prestina
|player|p1|
|l|☆sanribos
|player|p2|
