|j|☆Mocass
|j|☆Zephyrneus
|t:|1758329598
|gametype|singles
|player|p1|Mocass|colress|1152
|player|p2|Zephyrneus|steven|1124
|gen|9
|tier|[Gen 9] OU
|rated|
|rule|HP Percentage Mod: HP is shown in percentages
|rule|Endless Battle Clause: Forcing endless battles is banned
|rule|Species Clause: Limit one of each Pokémon
|rule|OHKO Clause: OHKO moves are banned
|rule|Evasion Items Clause: Evasion items are banned
|rule|Evasion Moves Clause: Evasion moves are banned
|rule|Evasion Abilities Clause: Evasion abilities are banned
|rule|Sleep Moves Clause: Sleep-inducing moves are banned
|clearpoke
|poke|p1|Maushold|
|poke|p1|Araquanid, F|
|poke|p1|Vikavolt, M|
|poke|p1|Ceruledge, F|
|poke|p1|Garchomp, M|
|poke|p1|Scream Tail|
|poke|p2|Lycanroc-Dusk, M|
|poke|p2|Metagross|
|poke|p2|Excadrill, F|
|poke|p2|Magnezone|
|poke|p2|Tyranitar, M|
|poke|p2|Avalugg-Hisui, M|
|teampreview
|inactive|Battle timer is ON: inactive players will automatically lose when time's up. (requested by Mocass)
|
|t:|1758329605
|teamsize|p1|6
|teamsize|p2|6
|start
|switch|p1a: Vikavolt|Vikavolt, M, shiny|100/100
|switch|p2a: Avalugg|Avalugg-Hisui, M|100/100
|turn|1
|
|t:|1758329618
|switch|p2a: Tyranitar|Tyranitar, M|100/100
|-weather|Sandstorm|[from] ability: Sand Stream|[of] p2a: Tyranitar
|move|p1a: Vikavolt|Bug Buzz|p2a: Tyranitar
|-supereffective|p2a: Tyranitar
|-damage|p2a: Tyranitar|59/100
|-enditem|p1a: Vikavolt|Throat Spray
|-boost|p1a: Vikavolt|spa|1|[from] item: Throat Spray
|
|-weather|Sandstorm|[upkeep]
|-damage|p1a: Vikavolt|94/100|[from] Sandstorm
|upkeep
|turn|2
|
|t:|1758329626
|move|p1a: Vikavolt|Thunderbolt|p2a: Tyranitar
|-damage|p2a: Tyranitar|27/100
|move|p2a: Tyranitar|Stone Edge|p1a: Vikavolt
|-supereffective|p1a: Vikavolt
|-damage|p1a: Vikavolt|0 fnt
|faint|p1a: Vikavolt
|
|-weather|Sandstorm|[upkeep]
|upkeep
|
|t:|1758329630
|switch|p1a: Garchomp|Garchomp, M, shiny|100/100
|turn|3
|
|t:|1758329639
|move|p1a: Garchomp|Stealth Rock|p2a: Tyranitar
|-sidestart|p2: Zephyrneus|move: Stealth Rock
|move|p2a: Tyranitar|Earthquake|p1a: Garchomp
|-damage|p1a: Garchomp|80/100
|
|-weather|Sandstorm|[upkeep]
|upkeep
|turn|4
|
|t:|1758329646
|move|p1a: Garchomp|Sand Tomb|p2a: Tyranitar
|-supereffective|p2a: Tyranitar
|-damage|p2a: Tyranitar|4/100
|-activate|p2a: Tyranitar|move: Sand Tomb|[of] p1a: Garchomp
|move|p2a: Tyranitar|Earthquake|p1a: Garchomp
|-damage|p1a: Garchomp|60/100
|
|-weather|Sandstorm|[upkeep]
|-damage|p2a: Tyranitar|0 fnt|[from] move: Sand Tomb|[partiallytrapped]
|faint|p2a: Tyranitar
|upkeep
|
|t:|1758329650
|switch|p2a: Excadrill|Excadrill, F|100/100
|-damage|p2a: Excadrill|97/100|[from] Stealth Rock
|-item|p2a: Excadrill|Air Balloon
|turn|5
|
|t:|1758329656
|move|p2a: Excadrill|Rapid Spin|p1a: Garchomp
|-damage|p1a: Garchomp|47/100
|-boost|p2a: Excadrill|spe|1
|-damage|p2a: Excadrill|85/100|[from] ability: Rough Skin|[of] p1a: Garchomp
|-damage|p2a: Excadrill|68/100|[from] item: Rocky Helmet|[of] p1a: Garchomp
|-sideend|p2: Zephyrneus|Stealth Rock|[from] move: Rapid Spin|[of] p2a: Excadrill
|move|p1a: Garchomp|Sand Tomb|p2a: Excadrill
|-immune|p2a: Excadrill
|
|-weather|Sandstorm|[upkeep]
|upkeep
|turn|6
|
|t:|1758329668
|move|p2a: Excadrill|Swords Dance|p2a: Excadrill
|-boost|p2a: Excadrill|atk|2
|move|p1a: Garchomp|Stealth Rock|p2a: Excadrill
|-sidestart|p2: Zephyrneus|move: Stealth Rock
|
|-weather|Sandstorm|[upkeep]
|upkeep
|turn|7
|
|t:|1758329675
|move|p2a: Excadrill|Rapid Spin|p1a: Garchomp
|-damage|p1a: Garchomp|23/100
|-boost|p2a: Excadrill|spe|1
|-damage|p2a: Excadrill|56/100|[from] ability: Rough Skin|[of] p1a: Garchomp
|-damage|p2a: Excadrill|39/100|[from] item: Rocky Helmet|[of] p1a: Garchomp
|-sideend|p2: Zephyrneus|Stealth Rock|[from] move: Rapid Spin|[of] p2a: Excadrill
|move|p1a: Garchomp|Dragon Tail|p2a: Excadrill
|-resisted|p2a: Excadrill
|-damage|p2a: Excadrill|19/100
|-enditem|p2a: Excadrill|Air Balloon
|drag|p2a: Magnezone|Magnezone|100/100
|
|-weather|Sandstorm|[upkeep]
|upkeep
|turn|8
|
|t:|1758329687
|-terastallize|p2a: Magnezone|Ice
|move|p2a: Magnezone|Tera Blast|p1a: Garchomp|[anim] Tera Blast Ice
|-supereffective|p1a: Garchomp
|-damage|p1a: Garchomp|0 fnt
|faint|p1a: Garchomp
|
|-weather|none
|upkeep
|
|t:|1758329707
|switch|p1a: Araquanid|Araquanid, F, shiny|100/100
|turn|9
|
|t:|1758329734
|switch|p2a: Excadrill|Excadrill, F|19/100
|move|p1a: Araquanid|Mirror Coat||[still]
|-fail|p1a: Araquanid
|
|upkeep
|turn|10
|
|t:|1758329747
|move|p2a: Excadrill|Iron Head|p1a: Araquanid
|-resisted|p1a: Araquanid
|-damage|p1a: Araquanid|79/100
|move|p1a: Araquanid|Sticky Web|p2a: Excadrill
|-sidestart|p2: Zephyrneus|move: Sticky Web
|
|upkeep
|turn|11
|
|t:|1758329757
|move|p2a: Excadrill|Rapid Spin|p1a: Araquanid
|-damage|p1a: Araquanid|59/100
|-boost|p2a: Excadrill|spe|1
|-sideend|p2: Zephyrneus|Sticky Web|[from] move: Rapid Spin|[of] p2a: Excadrill
|move|p1a: Araquanid|Chilling Water|p2a: Excadrill
|-supereffective|p2a: Excadrill
|-damage|p2a: Excadrill|0 fnt
|faint|p2a: Excadrill
|
|upkeep
|
|t:|1758329763
|switch|p2a: Lycanroc|Lycanroc-Dusk, M|100/100
|turn|12
|
|t:|1758329778
|move|p2a: Lycanroc|Swords Dance|p2a: Lycanroc
|-boost|p2a: Lycanroc|atk|2
|move|p1a: Araquanid|Sticky Web|p2a: Lycanroc
|-sidestart|p2: Zephyrneus|move: Sticky Web
|
|upkeep
|turn|13
|inactive|Mocass has 120 seconds left.
|
|t:|1758329832
|move|p2a: Lycanroc|Swords Dance|p2a: Lycanroc
|-boost|p2a: Lycanroc|atk|2
|move|p1a: Araquanid|Endeavor|p2a: Lycanroc
|-damage|p2a: Lycanroc|69/100
|
|upkeep
|turn|14
|inactive|Mocass has 90 seconds left.
|
|t:|1758329852
|move|p2a: Lycanroc|Accelerock|p1a: Araquanid
|-supereffective|p1a: Araquanid
|-damage|p1a: Araquanid|0 fnt
|faint|p1a: Araquanid
|
|upkeep
|
|t:|1758329874
|switch|p1a: Scream Tail|Scream Tail, shiny|100/100
|turn|15
|
|t:|1758329886
|move|p2a: Lycanroc|Stone Edge|p1a: Scream Tail
|-damage|p1a: Scream Tail|13/100
|move|p1a: Scream Tail|Calm Mind|p1a: Scream Tail
|-boost|p1a: Scream Tail|spa|1
|-boost|p1a: Scream Tail|spd|1
|
|upkeep
|turn|16
|-message|Mocass forfeited.
|
|win|Zephyrneus
|raw|Mocass's rating: 1152 &rarr; <strong>1125</strong><br />(-27 for losing)
|raw|Zephyrneus's rating: 1124 &rarr; <strong>1151</strong><br />(+27 for winning)
|l|☆Mocass
|player|p1|
