|j|☆Samarand
|j|☆sinister omens
|t:|1758258895
|gametype|singles
|player|p1|Samarand|veteranf|1314
|player|p2|sinister omens|ingo|1295
|gen|9
|tier|[Gen 9] OU
|rated|
|rule|HP Percentage Mod: HP is shown in percentages
|rule|Endless Battle Clause: Forcing endless battles is banned
|rule|Species Clause: Limit one of each Pokémon
|rule|OHKO Clause: OHKO moves are banned
|rule|Evasion Items Clause: Evasion items are banned
|rule|Evasion Moves Clause: Evasion moves are banned
|rule|Evasion Abilities Clause: Evasion abilities are banned
|rule|Sleep Moves Clause: Sleep-inducing moves are banned
|clearpoke
|poke|p1|Delphox, F|
|poke|p1|Rillaboom, F|
|poke|p1|Ninetales, F|
|poke|p1|Corviknight, M|
|poke|p1|Iron Treads|
|poke|p1|Araquanid, F|
|poke|p2|Forretress, M|
|poke|p2|Araquanid, F|
|poke|p2|Lokix, M|
|poke|p2|Vikavolt, F|
|poke|p2|Kleavor, M|
|poke|p2|Scizor, M|
|teampreview
|
|t:|1758258929
|teamsize|p1|6
|teamsize|p2|6
|start
|switch|p1a: Rillaboom|Rillaboom, F|100/100
|switch|p2a: Araquanid|Araquanid, F|100/100
|-fieldstart|move: Grassy Terrain|[from] ability: Grassy Surge|[of] p1a: Rillaboom
|turn|1
|
|t:|1758258938
|switch|p2a: Forretress|Forretress, M|100/100
|move|p1a: Rillaboom|Wood Hammer|p2a: Forretress
|-resisted|p2a: Forretress
|-damage|p2a: Forretress|83/100
|-damage|p1a: Rillaboom|94/100|[from] Recoil
|
|-heal|p1a: Rillaboom|100/100|[from] Grassy Terrain
|-heal|p2a: Forretress|89/100|[from] Grassy Terrain
|-heal|p2a: Forretress|95/100|[from] item: Leftovers
|upkeep
|turn|2
|
|t:|1758258949
|switch|p1a: Ninetales|Ninetales, F|100/100
|-weather|SunnyDay|[from] ability: Drought|[of] p1a: Ninetales
|move|p2a: Forretress|Thunder Wave|p1a: Ninetales
|-status|p1a: Ninetales|par
|
|-weather|SunnyDay|[upkeep]
|-heal|p2a: Forretress|100/100|[from] Grassy Terrain
|upkeep
|turn|3
|
|t:|1758258967
|switch|p2a: Araquanid|Araquanid, F|100/100
|move|p1a: Ninetales|Weather Ball|p2a: Araquanid
|-damage|p2a: Araquanid|79/100
|
|-weather|SunnyDay|[upkeep]
|-heal|p2a: Araquanid|85/100|[from] Grassy Terrain
|upkeep
|turn|4
|
|t:|1758258974
|switch|p1a: Rillaboom|Rillaboom, F|100/100
|move|p2a: Araquanid|Sticky Web|p1a: Rillaboom
|-sidestart|p1: Samarand|move: Sticky Web
|
|-weather|SunnyDay|[upkeep]
|-heal|p2a: Araquanid|91/100|[from] Grassy Terrain
|upkeep
|turn|5
|
|t:|1758258984
|switch|p2a: Forretress|Forretress, M|100/100
|move|p1a: Rillaboom|U-turn|p2a: Forretress
|-resisted|p2a: Forretress
|-damage|p2a: Forretress|89/100
|
|t:|1758258990
|switch|p1a: Ninetales|Ninetales, F|100/100 par|[from] U-turn
|-activate|p1a: Ninetales|move: Sticky Web
|-unboost|p1a: Ninetales|spe|1
|
|-weather|SunnyDay|[upkeep]
|-heal|p2a: Forretress|96/100|[from] Grassy Terrain
|-heal|p2a: Forretress|100/100|[from] item: Leftovers
|-fieldend|move: Grassy Terrain
|upkeep
|turn|6
|
|t:|1758259016
|switch|p2a: Araquanid|Araquanid, F|91/100
|switch|p1a: Araquanid|Araquanid, F|100/100
|-activate|p1a: Araquanid|move: Sticky Web
|-unboost|p1a: Araquanid|spe|1
|
|-weather|SunnyDay|[upkeep]
|upkeep
|turn|7
|
|t:|1758259025
|move|p2a: Araquanid|Liquidation|p1a: Araquanid
|-resisted|p1a: Araquanid
|-damage|p1a: Araquanid|85/100
|move|p1a: Araquanid|Sticky Web|p2a: Araquanid
|-sidestart|p2: sinister omens|move: Sticky Web
|
|-weather|SunnyDay|[upkeep]
|upkeep
|turn|8
|
|t:|1758259065
|switch|p2a: Vikavolt|Vikavolt, F|100/100
|switch|p1a: Corviknight|Corviknight, M|100/100
|
|-weather|SunnyDay|[upkeep]
|upkeep
|turn|9
|
|t:|1758259087
|switch|p1a: Ninetales|Ninetales, F|100/100 par
|-activate|p1a: Ninetales|move: Sticky Web
|-unboost|p1a: Ninetales|spe|1
|move|p2a: Vikavolt|Volt Switch|p1a: Ninetales
|-damage|p1a: Ninetales|68/100 par
|
|t:|1758259101
|switch|p2a: Araquanid|Araquanid, F|91/100|[from] Volt Switch
|
|-weather|none
|upkeep
|turn|10
|
|t:|1758259116
|switch|p2a: Vikavolt|Vikavolt, F|100/100
|switch|p1a: Corviknight|Corviknight, M|100/100
|
|upkeep
|turn|11
|
|t:|1758259130
|-terastallize|p1a: Corviknight|Dragon
|move|p1a: Corviknight|Brave Bird|p2a: Vikavolt
|-damage|p2a: Vikavolt|63/100
|-damage|p1a: Corviknight|89/100|[from] Recoil
|move|p2a: Vikavolt|Volt Switch|p1a: Corviknight
|-resisted|p1a: Corviknight
|-damage|p1a: Corviknight|68/100
|
|t:|1758259143
|switch|p2a: Forretress|Forretress, M|100/100|[from] Volt Switch
|-activate|p2a: Forretress|move: Sticky Web
|-unboost|p2a: Forretress|spe|1
|
|upkeep
|turn|12
|
|t:|1758259156
|move|p1a: Corviknight|Roost|p1a: Corviknight
|-heal|p1a: Corviknight|100/100
|move|p2a: Forretress|Rapid Spin|p1a: Corviknight
|-damage|p1a: Corviknight|94/100
|-boost|p2a: Forretress|spe|1
|-damage|p2a: Forretress|84/100|[from] item: Rocky Helmet|[of] p1a: Corviknight
|-sideend|p2: sinister omens|Sticky Web|[from] move: Rapid Spin|[of] p2a: Forretress
|
|-heal|p2a: Forretress|90/100|[from] item: Leftovers
|upkeep
|turn|13
|
|t:|1758259169
|move|p1a: Corviknight|Defog|p2a: Forretress
|-unboost|p2a: Forretress|evasion|1
|-sideend|p1: Samarand|Sticky Web|[from] move: Defog|[of] p1a: Corviknight
|move|p2a: Forretress|Iron Defense|p2a: Forretress
|-boost|p2a: Forretress|def|2
|
|-heal|p2a: Forretress|96/100|[from] item: Leftovers
|upkeep
|turn|14
|
|t:|1758259177
|switch|p1a: Delphox|Delphox, F|100/100
|move|p2a: Forretress|Body Press|p1a: Delphox
|-resisted|p1a: Delphox
|-damage|p1a: Delphox|52/100
|
|-heal|p2a: Forretress|100/100|[from] item: Leftovers
|upkeep
|turn|15
|
|t:|1758259187
|switch|p2a: Araquanid|Araquanid, F|91/100
|move|p1a: Delphox|Flamethrower|p2a: Araquanid
|-damage|p2a: Araquanid|63/100
|
|upkeep
|turn|16
|
|t:|1758259211
|switch|p1a: Corviknight|Corviknight, M, tera:Dragon|94/100
|move|p2a: Araquanid|Lunge|p1a: Corviknight
|-damage|p1a: Corviknight|76/100
|-ability|p1a: Corviknight|Mirror Armor
|-unboost|p2a: Araquanid|atk|1
|-damage|p2a: Araquanid|46/100|[from] item: Rocky Helmet|[of] p1a: Corviknight
|
|upkeep
|turn|17
|
|t:|1758259227
|switch|p2a: Forretress|Forretress, M|100/100
|move|p1a: Corviknight|U-turn|p2a: Forretress
|-resisted|p2a: Forretress
|-damage|p2a: Forretress|97/100
|
|t:|1758259236
|switch|p1a: Ninetales|Ninetales, F|68/100 par|[from] U-turn
|-weather|SunnyDay|[from] ability: Drought|[of] p1a: Ninetales
|
|-weather|SunnyDay|[upkeep]
|-heal|p2a: Forretress|100/100|[from] item: Leftovers
|upkeep
|turn|18
|
|t:|1758259246
|switch|p1a: Rillaboom|Rillaboom, F|100/100
|-fieldstart|move: Grassy Terrain|[from] ability: Grassy Surge|[of] p1a: Rillaboom
|switch|p2a: Araquanid|Araquanid, F|46/100
|
|-weather|SunnyDay|[upkeep]
|-heal|p2a: Araquanid|52/100|[from] Grassy Terrain
|upkeep
|turn|19
|
|t:|1758259260
|switch|p2a: Forretress|Forretress, M|100/100
|move|p1a: Rillaboom|Wood Hammer|p2a: Forretress
|-resisted|p2a: Forretress
|-damage|p2a: Forretress|84/100
|-damage|p1a: Rillaboom|95/100|[from] Recoil
|
|-weather|SunnyDay|[upkeep]
|-heal|p1a: Rillaboom|100/100|[from] Grassy Terrain
|-heal|p2a: Forretress|90/100|[from] Grassy Terrain
|-heal|p2a: Forretress|96/100|[from] item: Leftovers
|upkeep
|turn|20
|
|t:|1758259272
|switch|p1a: Ninetales|Ninetales, F|68/100 par
|switch|p2a: Kleavor|Kleavor, M|100/100
|
|-weather|SunnyDay|[upkeep]
|-heal|p1a: Ninetales|74/100 par|[from] Grassy Terrain
|upkeep
|turn|21
|
|t:|1758259284
|switch|p1a: Iron Treads|Iron Treads|100/100
|move|p2a: Kleavor|Stone Axe|p1a: Iron Treads
|-resisted|p1a: Iron Treads
|-damage|p1a: Iron Treads|88/100
|-sidestart|p1: Samarand|move: Stealth Rock
|
|-weather|SunnyDay|[upkeep]
|-heal|p1a: Iron Treads|95/100|[from] Grassy Terrain
|upkeep
|turn|22
|
|t:|1758259294
|switch|p2a: Forretress|Forretress, M|96/100
|move|p1a: Iron Treads|Rapid Spin|p2a: Forretress
|-resisted|p2a: Forretress
|-damage|p2a: Forretress|91/100
|-boost|p1a: Iron Treads|spe|1
|-sideend|p1: Samarand|Stealth Rock|[from] move: Rapid Spin|[of] p1a: Iron Treads
|
|-weather|SunnyDay|[upkeep]
|-heal|p1a: Iron Treads|100/100|[from] Grassy Terrain
|-heal|p2a: Forretress|98/100|[from] Grassy Terrain
|-heal|p2a: Forretress|100/100|[from] item: Leftovers
|-fieldend|move: Grassy Terrain
|upkeep
|turn|23
|
|t:|1758259306
|move|p1a: Iron Treads|Stealth Rock|p2a: Forretress
|-sidestart|p2: sinister omens|move: Stealth Rock
|move|p2a: Forretress|Body Press|p1a: Iron Treads
|-supereffective|p1a: Iron Treads
|-damage|p1a: Iron Treads|42/100
|-enditem|p1a: Iron Treads|Sitrus Berry|[eat]
|-heal|p1a: Iron Treads|67/100|[from] item: Sitrus Berry
|
|-weather|SunnyDay|[upkeep]
|upkeep
|turn|24
|
|t:|1758259326
|-end|p1a: Iron Treads|Quark Drive|[silent]
|switch|p1a: Delphox|Delphox, F|52/100
|move|p2a: Forretress|Rapid Spin|p1a: Delphox
|-damage|p1a: Delphox|37/100
|-boost|p2a: Forretress|spe|1
|-sideend|p2: sinister omens|Stealth Rock|[from] move: Rapid Spin|[of] p2a: Forretress
|
|-weather|none
|upkeep
|turn|25
|
|t:|1758259348
|switch|p2a: Araquanid|Araquanid, F|52/100
|move|p1a: Delphox|Dazzling Gleam|p2a: Araquanid
|-damage|p2a: Araquanid|20/100
|
|upkeep
|turn|26
|
|t:|1758259370
|switch|p1a: Rillaboom|Rillaboom, F|100/100
|-fieldstart|move: Grassy Terrain|[from] ability: Grassy Surge|[of] p1a: Rillaboom
|move|p2a: Araquanid|Liquidation|p1a: Rillaboom
|-resisted|p1a: Rillaboom
|-damage|p1a: Rillaboom|67/100
|
|-heal|p1a: Rillaboom|73/100|[from] Grassy Terrain
|-heal|p2a: Araquanid|26/100|[from] Grassy Terrain
|upkeep
|turn|27
|
|t:|1758259382
|switch|p2a: Forretress|Forretress, M|100/100
|move|p1a: Rillaboom|U-turn|p2a: Forretress
|-resisted|p2a: Forretress
|-damage|p2a: Forretress|89/100
|
|t:|1758259385
|switch|p1a: Ninetales|Ninetales, F|74/100 par|[from] U-turn
|-weather|SunnyDay|[from] ability: Drought|[of] p1a: Ninetales
|
|-weather|SunnyDay|[upkeep]
|-heal|p1a: Ninetales|80/100 par|[from] Grassy Terrain
|-heal|p2a: Forretress|96/100|[from] Grassy Terrain
|-heal|p2a: Forretress|100/100|[from] item: Leftovers
|upkeep
|turn|28
|
|t:|1758259396
|switch|p1a: Corviknight|Corviknight, M, tera:Dragon|76/100
|switch|p2a: Araquanid|Araquanid, F|26/100
|
|-weather|SunnyDay|[upkeep]
|-heal|p1a: Corviknight|82/100|[from] Grassy Terrain
|-heal|p2a: Araquanid|33/100|[from] Grassy Terrain
|upkeep
|turn|29
|
|t:|1758259412
|switch|p2a: Scizor|Scizor, M|100/100
|move|p1a: Corviknight|Brave Bird|p2a: Scizor
|-damage|p2a: Scizor|60/100
|-damage|p1a: Corviknight|71/100|[from] Recoil
|
|-weather|SunnyDay|[upkeep]
|-heal|p2a: Scizor|66/100|[from] Grassy Terrain
|-heal|p1a: Corviknight|77/100|[from] Grassy Terrain
|upkeep
|turn|30
|
|t:|1758259427
|-terastallize|p2a: Scizor|Steel
|move|p2a: Scizor|Swords Dance|p2a: Scizor
|-boost|p2a: Scizor|atk|2
|move|p1a: Corviknight|Brave Bird|p2a: Scizor
|-resisted|p2a: Scizor
|-damage|p2a: Scizor|46/100
|-enditem|p2a: Scizor|Sitrus Berry|[eat]
|-heal|p2a: Scizor|70/100|[from] item: Sitrus Berry
|-damage|p1a: Corviknight|72/100|[from] Recoil
|
|-weather|SunnyDay|[upkeep]
|-heal|p2a: Scizor|76/100|[from] Grassy Terrain
|-heal|p1a: Corviknight|78/100|[from] Grassy Terrain
|-fieldend|move: Grassy Terrain
|upkeep
|turn|31
|
|t:|1758259442
|switch|p1a: Araquanid|Araquanid, F|85/100
|move|p2a: Scizor|Swords Dance|p2a: Scizor
|-boost|p2a: Scizor|atk|2
|
|-weather|SunnyDay|[upkeep]
|upkeep
|turn|32
|
|t:|1758259453
|move|p1a: Araquanid|Endure|p1a: Araquanid
|-singleturn|p1a: Araquanid|move: Endure
|move|p2a: Scizor|Dual Wingbeat|p1a: Araquanid
|-supereffective|p1a: Araquanid
|-activate|p1a: Araquanid|move: Endure
|-damage|p1a: Araquanid|1/100
|-supereffective|p1a: Araquanid
|-activate|p1a: Araquanid|move: Endure
|-damage|p1a: Araquanid|1/100
|-hitcount|p1a: Araquanid|2
|
|-weather|SunnyDay|[upkeep]
|upkeep
|turn|33
|-enditem|p1a: Araquanid|Custap Berry|[eat]
|-activate|p1a: Araquanid|item: Custap Berry|[consumed]
|
|t:|1758259467
|move|p2a: Scizor|Bullet Punch|p1a: Araquanid
|-resisted|p1a: Araquanid
|-damage|p1a: Araquanid|0 fnt
|faint|p1a: Araquanid
|
|-weather|SunnyDay|[upkeep]
|upkeep
|c|☆Samarand|forgot about that
|
|t:|1758259480
|switch|p1a: Ninetales|Ninetales, F|80/100 par
|turn|34
|c|☆sinister omens|ha
|
|t:|1758259488
|move|p2a: Scizor|Bullet Punch|p1a: Ninetales
|-resisted|p1a: Ninetales
|-damage|p1a: Ninetales|0 fnt
|faint|p1a: Ninetales
|
|-weather|none
|upkeep
|
|t:|1758259491
|switch|p1a: Rillaboom|Rillaboom, F|73/100
|-fieldstart|move: Grassy Terrain|[from] ability: Grassy Surge|[of] p1a: Rillaboom
|turn|35
|
|t:|1758259496
|move|p1a: Rillaboom|High Horsepower|p2a: Scizor
|-supereffective|p2a: Scizor
|-damage|p2a: Scizor|0 fnt
|faint|p2a: Scizor
|
|-heal|p1a: Rillaboom|79/100|[from] Grassy Terrain
|upkeep
|
|t:|1758259512
|switch|p2a: Forretress|Forretress, M|100/100
|turn|36
|
|t:|1758259520
|switch|p1a: Iron Treads|Iron Treads|67/100
|move|p2a: Forretress|Thunder Wave|p1a: Iron Treads
|-immune|p1a: Iron Treads
|
|-heal|p1a: Iron Treads|73/100|[from] Grassy Terrain
|upkeep
|turn|37
|
|t:|1758259536
|move|p1a: Iron Treads|Stealth Rock|p2a: Forretress
|-sidestart|p2: sinister omens|move: Stealth Rock
|move|p2a: Forretress|Iron Defense|p2a: Forretress
|-boost|p2a: Forretress|def|2
|
|-heal|p1a: Iron Treads|79/100|[from] Grassy Terrain
|upkeep
|turn|38
|
|t:|1758259546
|move|p1a: Iron Treads|High Horsepower|p2a: Forretress
|-damage|p2a: Forretress|89/100
|move|p2a: Forretress|Rapid Spin|p1a: Iron Treads
|-resisted|p1a: Iron Treads
|-damage|p1a: Iron Treads|75/100
|-boost|p2a: Forretress|spe|1
|-sideend|p2: sinister omens|Stealth Rock|[from] move: Rapid Spin|[of] p2a: Forretress
|
|-heal|p1a: Iron Treads|81/100|[from] Grassy Terrain
|-heal|p2a: Forretress|95/100|[from] Grassy Terrain
|-heal|p2a: Forretress|100/100|[from] item: Leftovers
|upkeep
|turn|39
|
|t:|1758259558
|move|p1a: Iron Treads|High Horsepower|p2a: Forretress
|-damage|p2a: Forretress|89/100
|move|p2a: Forretress|Body Press|p1a: Iron Treads
|-supereffective|p1a: Iron Treads
|-damage|p1a: Iron Treads|0 fnt
|faint|p1a: Iron Treads
|-end|p1a: Iron Treads|Quark Drive|[silent]
|
|-heal|p2a: Forretress|95/100|[from] Grassy Terrain
|-heal|p2a: Forretress|100/100|[from] item: Leftovers
|-fieldend|move: Grassy Terrain
|upkeep
|
|t:|1758259566
|switch|p1a: Delphox|Delphox, F|37/100
|turn|40
|
|t:|1758259591
|switch|p2a: Vikavolt|Vikavolt, F|63/100
|move|p1a: Delphox|Flamethrower|p2a: Vikavolt
|-supereffective|p2a: Vikavolt
|-damage|p2a: Vikavolt|0 fnt
|faint|p2a: Vikavolt
|
|upkeep
|
|t:|1758259597
|switch|p2a: Kleavor|Kleavor, M|100/100
|turn|41
|
|t:|1758259611
|switch|p1a: Corviknight|Corviknight, M, tera:Dragon|78/100
|move|p2a: Kleavor|Stone Axe|p1a: Corviknight|[miss]
|-miss|p2a: Kleavor|p1a: Corviknight
|
|upkeep
|turn|42
|
|t:|1758259619
|switch|p2a: Forretress|Forretress, M|100/100
|move|p1a: Corviknight|Roost|p1a: Corviknight
|-heal|p1a: Corviknight|100/100
|
|upkeep
|turn|43
|
|t:|1758259628
|switch|p1a: Delphox|Delphox, F|37/100
|move|p2a: Forretress|Thunder Wave|p1a: Delphox
|-status|p1a: Delphox|par
|
|upkeep
|turn|44
|
|t:|1758259639
|switch|p2a: Araquanid|Araquanid, F|33/100
|cant|p1a: Delphox|par
|
|upkeep
|turn|45
|
|t:|1758259645
|switch|p1a: Corviknight|Corviknight, M, tera:Dragon|100/100
|move|p2a: Araquanid|Sticky Web|p1a: Corviknight
|-sidestart|p1: Samarand|move: Sticky Web
|
|upkeep
|turn|46
|
|t:|1758259654
|switch|p1a: Delphox|Delphox, F|37/100 par
|-activate|p1a: Delphox|move: Sticky Web
|-unboost|p1a: Delphox|spe|1
|switch|p2a: Forretress|Forretress, M|100/100
|
|upkeep
|turn|47
|
|t:|1758259661
|move|p2a: Forretress|Body Press|p1a: Delphox
|-resisted|p1a: Delphox
|-damage|p1a: Delphox|12/100 par
|move|p1a: Delphox|Flamethrower|p2a: Forretress
|-supereffective|p2a: Forretress
|-ability|p2a: Forretress|Sturdy
|-damage|p2a: Forretress|1/100
|
|-heal|p2a: Forretress|7/100|[from] item: Leftovers
|upkeep
|turn|48
|
|t:|1758259671
|switch|p2a: Araquanid|Araquanid, F|33/100
|move|p1a: Delphox|Flamethrower|p2a: Araquanid
|-crit|p2a: Araquanid
|-damage|p2a: Araquanid|0 fnt
|faint|p2a: Araquanid
|
|upkeep
|c|☆sinister omens|holy
|
|t:|1758259681
|switch|p2a: Kleavor|Kleavor, M|100/100
|turn|49
|
|t:|1758259686
|move|p2a: Kleavor|Stone Axe|p1a: Delphox
|-supereffective|p1a: Delphox
|-damage|p1a: Delphox|0 fnt
|-sidestart|p1: Samarand|move: Stealth Rock
|faint|p1a: Delphox
|
|upkeep
|
|t:|1758259692
|switch|p1a: Corviknight|Corviknight, M, tera:Dragon|100/100
|-activate|p1a: Corviknight|move: Sticky Web
|-ability|p1a: Corviknight|Mirror Armor
|-unboost|p2a: Kleavor|spe|1
|-damage|p1a: Corviknight|88/100|[from] Stealth Rock
|turn|50
|c|☆sinister omens|that's not good
|
|t:|1758259708
|move|p2a: Kleavor|Stone Axe|p1a: Corviknight
|-damage|p1a: Corviknight|53/100
|-damage|p2a: Kleavor|84/100|[from] item: Rocky Helmet|[of] p1a: Corviknight
|move|p1a: Corviknight|Defog|p2a: Kleavor
|-unboost|p2a: Kleavor|evasion|1
|-sideend|p1: Samarand|Stealth Rock|[from] move: Defog|[of] p1a: Corviknight
|-sideend|p1: Samarand|Sticky Web|[from] move: Defog|[of] p1a: Corviknight
|
|upkeep
|turn|51
|
|t:|1758259717
|move|p2a: Kleavor|Stone Axe|p1a: Corviknight
|-damage|p1a: Corviknight|18/100
|-damage|p2a: Kleavor|67/100|[from] item: Rocky Helmet|[of] p1a: Corviknight
|-sidestart|p1: Samarand|move: Stealth Rock
|move|p1a: Corviknight|Roost|p1a: Corviknight
|-heal|p1a: Corviknight|68/100
|
|upkeep
|turn|52
|
|t:|1758259725
|switch|p2a: Forretress|Forretress, M|7/100
|move|p1a: Corviknight|Roost|p1a: Corviknight
|-heal|p1a: Corviknight|100/100
|
|-heal|p2a: Forretress|13/100|[from] item: Leftovers
|upkeep
|turn|53
|
|t:|1758259732
|move|p1a: Corviknight|Brave Bird|p2a: Forretress
|-damage|p2a: Forretress|0 fnt
|faint|p2a: Forretress
|-damage|p1a: Corviknight|97/100|[from] Recoil
|
|upkeep
|
|t:|1758259744
|switch|p2a: Kleavor|Kleavor, M|67/100
|turn|54
|
|t:|1758259756
|switch|p1a: Rillaboom|Rillaboom, F|79/100
|-damage|p1a: Rillaboom|67/100|[from] Stealth Rock
|-fieldstart|move: Grassy Terrain|[from] ability: Grassy Surge|[of] p1a: Rillaboom
|move|p2a: Kleavor|Stone Axe|p1a: Rillaboom
|-damage|p1a: Rillaboom|5/100
|
|-heal|p2a: Kleavor|73/100|[from] Grassy Terrain
|-heal|p1a: Rillaboom|11/100|[from] Grassy Terrain
|upkeep
|turn|55
|
|t:|1758259766
|move|p1a: Rillaboom|Grassy Glide|p2a: Kleavor
|-damage|p2a: Kleavor|7/100
|move|p2a: Kleavor|Stone Axe|p1a: Rillaboom
|-damage|p1a: Rillaboom|0 fnt
|faint|p1a: Rillaboom
|
|-heal|p2a: Kleavor|13/100|[from] Grassy Terrain
|upkeep
|
|t:|1758259769
|switch|p1a: Corviknight|Corviknight, M, tera:Dragon|97/100
|-damage|p1a: Corviknight|84/100|[from] Stealth Rock
|turn|56
|
|t:|1758259776
|move|p2a: Kleavor|Stone Axe|p1a: Corviknight|[miss]
|-miss|p2a: Kleavor|p1a: Corviknight
|move|p1a: Corviknight|Roost|p1a: Corviknight
|-heal|p1a: Corviknight|100/100
|
|-heal|p2a: Kleavor|19/100|[from] Grassy Terrain
|upkeep
|turn|57
|
|t:|1758259783
|move|p2a: Kleavor|Stone Axe|p1a: Corviknight
|-damage|p1a: Corviknight|64/100
|-damage|p2a: Kleavor|2/100|[from] item: Rocky Helmet|[of] p1a: Corviknight
|move|p1a: Corviknight|Roost|p1a: Corviknight
|-heal|p1a: Corviknight|100/100
|
|-heal|p2a: Kleavor|8/100|[from] Grassy Terrain
|upkeep
|turn|58
|
|t:|1758259791
|move|p2a: Kleavor|Stone Axe|p1a: Corviknight
|-damage|p1a: Corviknight|63/100
|-damage|p2a: Kleavor|0 fnt|[from] item: Rocky Helmet|[of] p1a: Corviknight
|faint|p2a: Kleavor
|move|p1a: Corviknight|Roost|p1a: Corviknight
|-heal|p1a: Corviknight|100/100
|
|-fieldend|move: Grassy Terrain
|upkeep
|
|t:|1758259798
|switch|p2a: Lokix|Lokix, M|100/100
|turn|59
|
|t:|1758259816
|move|p2a: Lokix|Swords Dance|p2a: Lokix
|-boost|p2a: Lokix|atk|2
|move|p1a: Corviknight|Roost||[still]
|-fail|p1a: Corviknight|heal
|
|upkeep
|turn|60
|
|t:|1758259823
|move|p2a: Lokix|Knock Off|p1a: Corviknight
|-damage|p1a: Corviknight|22/100
|-damage|p2a: Lokix|84/100|[from] item: Rocky Helmet|[of] p1a: Corviknight
|-enditem|p1a: Corviknight|Rocky Helmet|[from] move: Knock Off|[of] p2a: Lokix
|-damage|p2a: Lokix|74/100|[from] item: Life Orb
|move|p1a: Corviknight|Brave Bird|p2a: Lokix
|-supereffective|p2a: Lokix
|-damage|p2a: Lokix|0 fnt
|faint|p2a: Lokix
|-damage|p1a: Corviknight|5/100|[from] Recoil
|
|win|Samarand
|raw|Samarand's rating: 1314 &rarr; <strong>1333</strong><br />(+19 for winning)
|raw|sinister omens's rating: 1295 &rarr; <strong>1271</strong><br />(-24 for losing)
|c|☆sinister omens|gg
|c|☆sinister omens|fortress died so bad
|l|☆sinister omens
|player|p2|
