|j|☆Streshyix
|j|☆Stalphyr
|t:|1758300121
|gametype|singles
|player|p1|Streshyix|hugh|1305
|player|p2|Stalphyr|265|1385
|gen|9
|tier|[Gen 9] OU
|rated|
|rule|HP Percentage Mod: HP is shown in percentages
|rule|Endless Battle Clause: Forcing endless battles is banned
|rule|Species Clause: Limit one of each Pokémon
|rule|OHKO Clause: OHKO moves are banned
|rule|Evasion Items Clause: Evasion items are banned
|rule|Evasion Moves Clause: Evasion moves are banned
|rule|Evasion Abilities Clause: Evasion abilities are banned
|rule|Sleep Moves Clause: Sleep-inducing moves are banned
|clearpoke
|poke|p1|Iron Valiant|
|poke|p1|Scizor, F|
|poke|p1|Samurott-Hisui, M|
|poke|p1|Gholdengo|
|poke|p1|Great Tusk|
|poke|p1|Greninja-*, M|
|poke|p2|Golurk|
|poke|p2|Ting-Lu|
|poke|p2|Regidrago|
|poke|p2|Cetitan, F|
|poke|p2|Pecharunt|
|poke|p2|Florges, F|
|teampreview
|inactive|Battle timer is ON: inactive players will automatically lose when time's up. (requested by Streshyix)
|
|t:|1758300132
|teamsize|p1|6
|teamsize|p2|6
|start
|switch|p1a: Samurott|Samurott-Hisui, M, shiny|100/100
|switch|p2a: Cetitan|Cetitan, F|100/100
|turn|1
|
|t:|1758300136
|move|p1a: Samurott|Ceaseless Edge|p2a: Cetitan|[miss]
|-miss|p1a: Samurott|p2a: Cetitan
|move|p2a: Cetitan|Play Rough|p1a: Samurott
|-supereffective|p1a: Samurott
|-enditem|p1a: Samurott|Focus Sash
|-damage|p1a: Samurott|1/100
|
|upkeep
|turn|2
|
|t:|1758300140
|move|p2a: Cetitan|Ice Shard|p1a: Samurott
|-resisted|p1a: Samurott
|-damage|p1a: Samurott|0 fnt
|faint|p1a: Samurott
|-damage|p2a: Cetitan|91/100|[from] item: Life Orb
|
|upkeep
|
|t:|1758300150
|switch|p1a: Gholdengo|Gholdengo|100/100
|-item|p1a: Gholdengo|Air Balloon
|turn|3
|
|t:|1758300164
|move|p1a: Gholdengo|Make It Rain|p2a: Cetitan
|-supereffective|p2a: Cetitan
|-damage|p2a: Cetitan|0 fnt
|-unboost|p1a: Gholdengo|spa|1
|faint|p2a: Cetitan
|
|upkeep
|
|t:|1758300170
|switch|p2a: Golurk|Golurk|100/100
|turn|4
|
|t:|1758300179
|switch|p1a: Greninja|Greninja, M|100/100
|move|p2a: Golurk|Poltergeist|p1a: Greninja
|-activate|p1a: Greninja|move: Poltergeist|Life Orb
|-resisted|p1a: Greninja
|-damage|p1a: Greninja|50/100
|
|upkeep
|turn|5
|inactive|Stalphyr has 120 seconds left.
|
|t:|1758300210
|-terastallize|p2a: Golurk|Fighting
|move|p1a: Greninja|Surf|p2a: Golurk
|-damage|p2a: Golurk|64/100
|-damage|p1a: Greninja|40/100|[from] item: Life Orb
|move|p2a: Golurk|Dynamic Punch|p1a: Greninja
|-supereffective|p1a: Greninja
|-crit|p1a: Greninja
|-damage|p1a: Greninja|0 fnt
|faint|p1a: Greninja
|
|upkeep
|
|t:|1758300221
|switch|p1a: Iron Valiant|Iron Valiant|100/100
|turn|6
|inactive|Stalphyr has 120 seconds left.
|
|t:|1758300250
|move|p1a: Iron Valiant|Shadow Ball|p2a: Golurk
|-damage|p2a: Golurk|34/100
|move|p2a: Golurk|Poltergeist|p1a: Iron Valiant
|-activate|p1a: Iron Valiant|move: Poltergeist|Choice Specs
|-damage|p1a: Iron Valiant|19/100
|
|upkeep
|turn|7
|
|t:|1758300260
|-end|p1a: Iron Valiant|Quark Drive|[silent]
|switch|p1a: Scizor|Scizor, F|100/100
|move|p2a: Golurk|Poltergeist|p1a: Scizor
|-activate|p1a: Scizor|move: Poltergeist|Choice Band
|-damage|p1a: Scizor|37/100
|
|upkeep
|turn|8
|
|t:|1758300269
|-terastallize|p1a: Scizor|Steel
|move|p1a: Scizor|Bullet Punch|p2a: Golurk
|-damage|p2a: Golurk|0 fnt
|faint|p2a: Golurk
|
|upkeep
|inactive|Stalphyr has 120 seconds left.
|
|t:|1758300280
|switch|p2a: Pecharunt|Pecharunt|100/100
|turn|9
|
|t:|1758300283
|move|p1a: Scizor|Bullet Punch|p2a: Pecharunt
|-damage|p2a: Pecharunt|62/100
|move|p2a: Pecharunt|Hex|p1a: Scizor
|-damage|p1a: Scizor|0 fnt
|faint|p1a: Scizor
|
|-heal|p2a: Pecharunt|68/100|[from] item: Black Sludge
|upkeep
|
|t:|1758300291
|switch|p1a: Great Tusk|Great Tusk|100/100
|turn|10
|inactive|Stalphyr has 120 seconds left.
|inactive|Stalphyr has 90 seconds left.
|
|t:|1758300345
|move|p1a: Great Tusk|Headlong Rush|p2a: Pecharunt
|-supereffective|p2a: Pecharunt
|-damage|p2a: Pecharunt|0 fnt
|-unboost|p1a: Great Tusk|def|1
|-unboost|p1a: Great Tusk|spd|1
|faint|p2a: Pecharunt
|
|upkeep
|inactive|Stalphyr has 90 seconds left.
|
|t:|1758300367
|switch|p2a: Ting-Lu|Ting-Lu|100/100
|-ability|p2a: Ting-Lu|Vessel of Ruin
|turn|11
|
|t:|1758300389
|move|p1a: Great Tusk|Knock Off|p2a: Ting-Lu
|-resisted|p2a: Ting-Lu
|-damage|p2a: Ting-Lu|93/100
|-enditem|p2a: Ting-Lu|Leftovers|[from] move: Knock Off|[of] p1a: Great Tusk
|move|p2a: Ting-Lu|Ruination|p1a: Great Tusk
|-damage|p1a: Great Tusk|51/100
|
|upkeep
|turn|12
|inactive|Stalphyr has 90 seconds left.
|
|t:|1758300397
|move|p1a: Great Tusk|Headlong Rush|p2a: Ting-Lu
|-damage|p2a: Ting-Lu|63/100
|-unboost|p1a: Great Tusk|def|1
|-unboost|p1a: Great Tusk|spd|1
|move|p2a: Ting-Lu|Earthquake|p1a: Great Tusk
|-damage|p1a: Great Tusk|0 fnt
|faint|p1a: Great Tusk
|-end|p1a: Great Tusk|Protosynthesis|[silent]
|
|upkeep
|
|t:|1758300404
|switch|p1a: Iron Valiant|Iron Valiant|19/100
|turn|13
|inactive|Stalphyr has 90 seconds left.
|
|t:|1758300428
|move|p1a: Iron Valiant|Moonblast|p2a: Ting-Lu
|-supereffective|p2a: Ting-Lu
|-damage|p2a: Ting-Lu|0 fnt
|faint|p2a: Ting-Lu
|
|upkeep
|
|t:|1758300432
|switch|p2a: Florges|Florges, F|100/100
|turn|14
|
|t:|1758300440
|-end|p1a: Iron Valiant|Quark Drive|[silent]
|switch|p1a: Gholdengo|Gholdengo|100/100
|-item|p1a: Gholdengo|Air Balloon
|move|p2a: Florges|Psychic Noise|p1a: Gholdengo
|-resisted|p1a: Gholdengo
|-damage|p1a: Gholdengo|88/100
|-start|p1a: Gholdengo|move: Heal Block
|-enditem|p1a: Gholdengo|Air Balloon
|
|upkeep
|turn|15
|
|t:|1758300445
|move|p1a: Gholdengo|Thunder Wave|p2a: Florges
|-status|p2a: Florges|par
|move|p2a: Florges|Chilling Water|p1a: Gholdengo
|-damage|p1a: Gholdengo|71/100
|-unboost|p1a: Gholdengo|atk|1
|
|-end|p1a: Gholdengo|move: Heal Block
|upkeep
|turn|16
|
|t:|1758300454
|move|p1a: Gholdengo|Make It Rain|p2a: Florges
|-supereffective|p2a: Florges
|-damage|p2a: Florges|57/100 par
|-unboost|p1a: Gholdengo|spa|1
|move|p2a: Florges|Psychic Noise|p1a: Gholdengo
|-resisted|p1a: Gholdengo
|-damage|p1a: Gholdengo|59/100
|-start|p1a: Gholdengo|move: Heal Block
|
|upkeep
|turn|17
|
|t:|1758300466
|move|p1a: Gholdengo|Make It Rain|p2a: Florges
|-supereffective|p2a: Florges
|-damage|p2a: Florges|24/100 par
|-unboost|p1a: Gholdengo|spa|1
|cant|p2a: Florges|par
|
|-end|p1a: Gholdengo|move: Heal Block
|upkeep
|turn|18
|
|t:|1758300475
|move|p1a: Gholdengo|Recover|p1a: Gholdengo
|-heal|p1a: Gholdengo|100/100
|cant|p2a: Florges|par
|
|upkeep
|turn|19
|
|t:|1758300481
|move|p1a: Gholdengo|Make It Rain|p2a: Florges
|-supereffective|p2a: Florges
|-damage|p2a: Florges|0 fnt
|-unboost|p1a: Gholdengo|spa|1
|faint|p2a: Florges
|
|upkeep
|
|t:|1758300484
|switch|p2a: Regidrago|Regidrago|100/100
|turn|20
|
|t:|1758300486
|move|p2a: Regidrago|Earth Power|p1a: Gholdengo
|-supereffective|p1a: Gholdengo
|-damage|p1a: Gholdengo|20/100
|move|p1a: Gholdengo|Thunder Wave|p2a: Regidrago|[miss]
|-miss|p1a: Gholdengo|p2a: Regidrago
|
|upkeep
|turn|21
|
|t:|1758300491
|move|p2a: Regidrago|Earth Power|p1a: Gholdengo
|-supereffective|p1a: Gholdengo
|-damage|p1a: Gholdengo|0 fnt
|faint|p1a: Gholdengo
|
|upkeep
|
|t:|1758300492
|switch|p1a: Iron Valiant|Iron Valiant|19/100
|turn|22
|
|t:|1758300495
|move|p1a: Iron Valiant|Moonblast|p2a: Regidrago
|-supereffective|p2a: Regidrago
|-damage|p2a: Regidrago|0 fnt
|faint|p2a: Regidrago
|
|win|Streshyix
|raw|Streshyix's rating: 1305 &rarr; <strong>1330</strong><br />(+25 for winning)
|raw|Stalphyr's rating: 1385 &rarr; <strong>1360</strong><br />(-25 for losing)
|l|☆Streshyix
|player|p1|
|l|☆Stalphyr
|player|p2|
