|j|‽Cyb91
|j|☆WaterTemples
|t:|1758317592
|gametype|singles
|player|p1|Cyb91|hugh|1088
|player|p2|WaterTemples|youngster-gen4dp|1077
|gen|9
|tier|[Gen 9] OU
|rated|
|rule|HP Percentage Mod: HP is shown in percentages
|rule|Endless Battle Clause: Forcing endless battles is banned
|rule|Species Clause: Limit one of each Pokémon
|rule|OHKO Clause: OHKO moves are banned
|rule|Evasion Items Clause: Evasion items are banned
|rule|Evasion Moves Clause: Evasion moves are banned
|rule|Evasion Abilities Clause: Evasion abilities are banned
|rule|Sleep Moves Clause: Sleep-inducing moves are banned
|clearpoke
|poke|p1|Scizor, M|
|poke|p1|Salamence, M|
|poke|p1|Suicune|
|poke|p1|Lilligant-Hisui, F|
|poke|p1|Mew|
|poke|p1|Blissey, F|
|poke|p2|Zapdos|
|poke|p2|Slowking-Galar, M|
|poke|p2|Jirachi|
|poke|p2|Landorus-Therian, M|
|poke|p2|Alomomola, F|
|poke|p2|Kingambit, M|
|teampreview
|
|t:|1758317607
|teamsize|p1|6
|teamsize|p2|6
|start
|switch|p1a: Mew|Mew|100/100
|switch|p2a: Zapdos|Zapdos|100/100
|turn|1
|
|t:|1758317619
|move|p1a: Mew|Toxic|p2a: Zapdos
|-status|p2a: Zapdos|tox
|move|p2a: Zapdos|Discharge|p1a: Mew
|-damage|p1a: Mew|74/100
|
|-heal|p1a: Mew|80/100|[from] item: Leftovers
|-damage|p2a: Zapdos|94/100 tox|[from] psn
|upkeep
|turn|2
|
|t:|1758317633
|move|p1a: Mew|Knock Off||[still]
|-damage|p2a: Zapdos|79/100 tox
|-status|p1a: Mew|par|[from] ability: Static|[of] p2a: Zapdos
|-activate|p1a: Mew|ability: Synchronize
|-fail|p1a: Mew
|-enditem|p2a: Zapdos|Heavy-Duty Boots|[from] move: Knock Off|[of] p1a: Mew
|move|p2a: Zapdos|Discharge|p1a: Mew
|-damage|p1a: Mew|50/100 par
|
|-heal|p1a: Mew|56/100 par|[from] item: Leftovers
|-damage|p2a: Zapdos|67/100 tox|[from] psn
|upkeep
|turn|3
|
|t:|1758317649
|switch|p1a: Blissey|Blissey, F|100/100
|move|p2a: Zapdos|Hurricane|p1a: Blissey
|-damage|p1a: Blissey|84/100
|
|-damage|p2a: Zapdos|49/100 tox|[from] psn
|upkeep
|turn|4
|
|t:|1758317657
|move|p2a: Zapdos|Roost|p2a: Zapdos
|-heal|p2a: Zapdos|99/100 tox
|-singleturn|p2a: Zapdos|move: Roost
|move|p1a: Blissey|Stealth Rock|p2a: Zapdos
|-sidestart|p2: WaterTemples|move: Stealth Rock
|
|-damage|p2a: Zapdos|75/100 tox|[from] psn
|upkeep
|turn|5
|
|t:|1758317695
|switch|p2a: Slowking|Slowking-Galar, M|100/100
|move|p1a: Blissey|Seismic Toss|p2a: Slowking
|-damage|p2a: Slowking|75/100
|
|upkeep
|turn|6
|
|t:|1758317713
|switch|p1a: Mew|Mew|56/100 par
|move|p2a: Slowking|Thunder Wave|p1a: Mew
|-fail|p1a: Mew|par
|
|-heal|p1a: Mew|62/100 par|[from] item: Leftovers
|upkeep
|turn|7
|
|t:|1758317724
|switch|p2a: Zapdos|Zapdos|75/100 tox
|-damage|p2a: Zapdos|50/100 tox|[from] Stealth Rock
|cant|p1a: Mew|par
|
|-heal|p1a: Mew|68/100 par|[from] item: Leftovers
|-damage|p2a: Zapdos|44/100 tox|[from] psn
|upkeep
|turn|8
|
|t:|1758317735
|switch|p1a: Blissey|Blissey, F|84/100
|move|p2a: Zapdos|Roost|p2a: Zapdos
|-heal|p2a: Zapdos|94/100 tox
|-singleturn|p2a: Zapdos|move: Roost
|
|-damage|p2a: Zapdos|82/100 tox|[from] psn
|upkeep
|turn|9
|
|t:|1758317748
|switch|p2a: Slowking|Slowking-Galar, M|100/100
|switch|p1a: Mew|Mew|68/100 par
|
|-heal|p1a: Mew|75/100 par|[from] item: Leftovers
|upkeep
|turn|10
|
|t:|1758317758
|switch|p2a: Zapdos|Zapdos|82/100 tox
|-damage|p2a: Zapdos|57/100 tox|[from] Stealth Rock
|move|p1a: Mew|Will-O-Wisp||[still]
|-fail|p1a: Mew
|
|-heal|p1a: Mew|81/100 par|[from] item: Leftovers
|-damage|p2a: Zapdos|51/100 tox|[from] psn
|upkeep
|turn|11
|
|t:|1758317785
|move|p2a: Zapdos|Roost|p2a: Zapdos
|-heal|p2a: Zapdos|100/100 tox
|-singleturn|p2a: Zapdos|move: Roost
|move|p1a: Mew|Knock Off|p2a: Zapdos
|-damage|p2a: Zapdos|89/100 tox
|
|-heal|p1a: Mew|87/100 par|[from] item: Leftovers
|-damage|p2a: Zapdos|77/100 tox|[from] psn
|upkeep
|turn|12
|
|t:|1758317798
|move|p2a: Zapdos|Hurricane|p1a: Mew
|-damage|p1a: Mew|45/100 par
|move|p1a: Mew|Will-O-Wisp||[still]
|-fail|p1a: Mew
|
|-heal|p1a: Mew|51/100 par|[from] item: Leftovers
|-damage|p2a: Zapdos|59/100 tox|[from] psn
|upkeep
|turn|13
|
|t:|1758317812
|switch|p1a: Blissey|Blissey, F|84/100
|move|p2a: Zapdos|Discharge|p1a: Blissey
|-damage|p1a: Blissey|71/100
|
|-damage|p2a: Zapdos|35/100 tox|[from] psn
|upkeep
|turn|14
|
|t:|1758317824
|move|p2a: Zapdos|Roost|p2a: Zapdos
|-heal|p2a: Zapdos|85/100 tox
|-singleturn|p2a: Zapdos|move: Roost
|move|p1a: Blissey|Seismic Toss|p2a: Zapdos
|-damage|p2a: Zapdos|59/100 tox
|
|-damage|p2a: Zapdos|29/100 tox|[from] psn
|upkeep
|turn|15
|
|t:|1758317835
|switch|p2a: Jirachi|Jirachi|100/100
|-damage|p2a: Jirachi|94/100|[from] Stealth Rock
|move|p1a: Blissey|Seismic Toss|p2a: Jirachi
|-damage|p2a: Jirachi|69/100
|
|-heal|p2a: Jirachi|76/100|[from] item: Leftovers
|upkeep
|turn|16
|
|t:|1758317849
|switch|p1a: Mew|Mew|51/100 par
|move|p2a: Jirachi|Iron Head|p1a: Mew
|-damage|p1a: Mew|26/100 par
|
|-heal|p2a: Jirachi|82/100|[from] item: Leftovers
|-heal|p1a: Mew|32/100 par|[from] item: Leftovers
|upkeep
|turn|17
|
|t:|1758317858
|move|p2a: Jirachi|Substitute|p2a: Jirachi
|-start|p2a: Jirachi|Substitute
|-damage|p2a: Jirachi|57/100
|move|p1a: Mew|Will-O-Wisp||[still]
|-fail|p1a: Mew
|
|-heal|p2a: Jirachi|63/100|[from] item: Leftovers
|-heal|p1a: Mew|38/100 par|[from] item: Leftovers
|upkeep
|turn|18
|
|t:|1758317868
|move|p2a: Jirachi|Iron Head|p1a: Mew
|-damage|p1a: Mew|13/100 par
|cant|p1a: Mew|flinch
|
|-heal|p2a: Jirachi|69/100|[from] item: Leftovers
|-heal|p1a: Mew|19/100 par|[from] item: Leftovers
|upkeep
|turn|19
|
|t:|1758317876
|move|p2a: Jirachi|Iron Head|p1a: Mew
|-damage|p1a: Mew|0 fnt
|faint|p1a: Mew
|
|-heal|p2a: Jirachi|76/100|[from] item: Leftovers
|upkeep
|
|t:|1758317889
|switch|p1a: Suicune|Suicune|100/100
|-ability|p1a: Suicune|Pressure
|turn|20
|
|t:|1758317893
|move|p2a: Jirachi|Body Slam|p1a: Suicune
|-damage|p1a: Suicune|89/100
|-status|p1a: Suicune|par
|move|p1a: Suicune|Substitute|p1a: Suicune
|-start|p1a: Suicune|Substitute
|-damage|p1a: Suicune|64/100 par
|
|-heal|p2a: Jirachi|82/100|[from] item: Leftovers
|-heal|p1a: Suicune|70/100 par|[from] item: Leftovers
|upkeep
|turn|21
|
|t:|1758317907
|move|p2a: Jirachi|Psychic Noise|p1a: Suicune
|-damage|p1a: Suicune|51/100 par
|-start|p1a: Suicune|move: Heal Block
|move|p1a: Suicune|Calm Mind|p1a: Suicune
|-boost|p1a: Suicune|spa|1
|-boost|p1a: Suicune|spd|1
|
|-heal|p2a: Jirachi|88/100|[from] item: Leftovers
|upkeep
|turn|22
|
|t:|1758317918
|move|p2a: Jirachi|Body Slam|p1a: Suicune
|-activate|p1a: Suicune|move: Substitute|[damage]
|cant|p1a: Suicune|par
|
|-heal|p2a: Jirachi|94/100|[from] item: Leftovers
|-end|p1a: Suicune|move: Heal Block
|upkeep
|turn|23
|
|t:|1758317928
|move|p2a: Jirachi|Psychic Noise|p1a: Suicune
|-damage|p1a: Suicune|40/100 par
|-start|p1a: Suicune|move: Heal Block
|move|p1a: Suicune|Scald|p2a: Jirachi
|-end|p2a: Jirachi|Substitute
|
|-heal|p2a: Jirachi|100/100|[from] item: Leftovers
|upkeep
|turn|24
|
|t:|1758317939
|move|p2a: Jirachi|Substitute|p2a: Jirachi
|-start|p2a: Jirachi|Substitute
|-damage|p2a: Jirachi|76/100
|move|p1a: Suicune|Scald|p2a: Jirachi
|-end|p2a: Jirachi|Substitute
|
|-heal|p2a: Jirachi|82/100|[from] item: Leftovers
|-end|p1a: Suicune|move: Heal Block
|upkeep
|turn|25
|
|t:|1758317950
|move|p2a: Jirachi|Psychic Noise|p1a: Suicune
|-damage|p1a: Suicune|27/100 par
|-start|p1a: Suicune|move: Heal Block
|move|p1a: Suicune|Scald|p2a: Jirachi
|-damage|p2a: Jirachi|46/100
|
|-heal|p2a: Jirachi|52/100|[from] item: Leftovers
|upkeep
|turn|26
|
|t:|1758317964
|move|p2a: Jirachi|Substitute|p2a: Jirachi
|-start|p2a: Jirachi|Substitute
|-damage|p2a: Jirachi|27/100
|move|p1a: Suicune|Scald|p2a: Jirachi
|-end|p2a: Jirachi|Substitute
|
|-heal|p2a: Jirachi|34/100|[from] item: Leftovers
|-end|p1a: Suicune|move: Heal Block
|upkeep
|turn|27
|
|t:|1758317976
|move|p2a: Jirachi|Psychic Noise|p1a: Suicune
|-damage|p1a: Suicune|15/100 par
|-start|p1a: Suicune|move: Heal Block
|move|p1a: Suicune|Scald|p2a: Jirachi
|-damage|p2a: Jirachi|1/100
|-status|p2a: Jirachi|brn
|
|-heal|p2a: Jirachi|8/100 brn|[from] item: Leftovers
|-damage|p2a: Jirachi|1/100 brn|[from] brn
|upkeep
|turn|28
|
|t:|1758317990
|move|p2a: Jirachi|Body Slam|p1a: Suicune
|-activate|p1a: Suicune|move: Substitute|[damage]
|cant|p1a: Suicune|par
|
|-heal|p2a: Jirachi|8/100 brn|[from] item: Leftovers
|-damage|p2a: Jirachi|1/100 brn|[from] brn
|-end|p1a: Suicune|move: Heal Block
|upkeep
|turn|29
|
|t:|1758318005
|move|p2a: Jirachi|Psychic Noise|p1a: Suicune
|-damage|p1a: Suicune|2/100 par
|-start|p1a: Suicune|move: Heal Block
|cant|p1a: Suicune|par
|
|-heal|p2a: Jirachi|8/100 brn|[from] item: Leftovers
|-damage|p2a: Jirachi|1/100 brn|[from] brn
|upkeep
|turn|30
|
|t:|1758318017
|move|p2a: Jirachi|Psychic Noise|p1a: Suicune
|-damage|p1a: Suicune|0 fnt
|faint|p1a: Suicune
|
|-heal|p2a: Jirachi|8/100 brn|[from] item: Leftovers
|-damage|p2a: Jirachi|1/100 brn|[from] brn
|upkeep
|
|t:|1758318041
|switch|p1a: Scizor|Scizor, M|100/100
|turn|31
|
|t:|1758318046
|move|p1a: Scizor|Bullet Punch|p2a: Jirachi
|-resisted|p2a: Jirachi
|-damage|p2a: Jirachi|0 fnt
|faint|p2a: Jirachi
|
|upkeep
|
|t:|1758318051
|switch|p2a: Landorus|Landorus-Therian, M|100/100
|-damage|p2a: Landorus|88/100|[from] Stealth Rock
|-ability|p2a: Landorus|Intimidate|boost
|-unboost|p1a: Scizor|atk|1
|turn|32
|
|t:|1758318065
|switch|p1a: Lilligant|Lilligant-Hisui, F|100/100
|move|p2a: Landorus|Fling|p1a: Lilligant
|-resisted|p1a: Lilligant
|-damage|p1a: Lilligant|94/100
|-status|p1a: Lilligant|par
|-enditem|p2a: Landorus|Light Ball|[from] move: Fling
|
|upkeep
|turn|33
|
|t:|1758318074
|move|p2a: Landorus|U-turn|p1a: Lilligant
|-damage|p1a: Lilligant|64/100 par
|
|t:|1758318077
|switch|p2a: Zapdos|Zapdos|29/100 tox|[from] U-turn
|-damage|p2a: Zapdos|4/100 tox|[from] Stealth Rock
|move|p1a: Lilligant|Ice Spinner|p2a: Zapdos
|-supereffective|p2a: Zapdos
|-crit|p2a: Zapdos
|-damage|p2a: Zapdos|0 fnt
|faint|p2a: Zapdos
|
|upkeep
|
|t:|1758318080
|switch|p2a: Landorus|Landorus-Therian, M|88/100
|-damage|p2a: Landorus|76/100|[from] Stealth Rock
|-ability|p2a: Landorus|Intimidate|boost
|-unboost|p1a: Lilligant|atk|1
|turn|34
|
|t:|1758318092
|move|p2a: Landorus|U-turn|p1a: Lilligant
|-damage|p1a: Lilligant|31/100 par
|
|t:|1758318094
|switch|p2a: Slowking|Slowking-Galar, M|100/100|[from] U-turn
|move|p1a: Lilligant|Ice Spinner|p2a: Slowking
|-damage|p2a: Slowking|78/100
|
|upkeep
|turn|35
|
|t:|1758318127
|move|p1a: Lilligant|Ice Spinner|p2a: Slowking
|-damage|p2a: Slowking|52/100
|-prepare|p2a: Slowking|Chilly Reception|[premajor]
|move|p2a: Slowking|Chilly Reception|p2a: Slowking
|-weather|Snowscape
|
|t:|1758318139
|switch|p2a: Kingambit|Kingambit, M|100/100|[from] Chilly Reception
|-damage|p2a: Kingambit|94/100|[from] Stealth Rock
|-activate|p2a: Kingambit|ability: Supreme Overlord
|-start|p2a: Kingambit|fallen2|[silent]
|
|-weather|Snowscape|[upkeep]
|-heal|p2a: Kingambit|100/100|[from] item: Leftovers
|upkeep
|turn|36
|
|t:|1758318150
|move|p2a: Kingambit|Iron Head|p1a: Lilligant
|-crit|p1a: Lilligant
|-damage|p1a: Lilligant|0 fnt
|faint|p1a: Lilligant
|
|-weather|Snowscape|[upkeep]
|upkeep
|
|t:|1758318167
|switch|p1a: Scizor|Scizor, M|100/100
|turn|37
|
|t:|1758318172
|-end|p2a: Kingambit|fallen2|[silent]
|switch|p2a: Landorus|Landorus-Therian, M|76/100
|-damage|p2a: Landorus|64/100|[from] Stealth Rock
|-ability|p2a: Landorus|Intimidate|boost
|-unboost|p1a: Scizor|atk|1
|move|p1a: Scizor|U-turn|p2a: Landorus
|-resisted|p2a: Landorus
|-crit|p2a: Landorus
|-damage|p2a: Landorus|21/100
|
|t:|1758318185
|switch|p1a: Salamence|Salamence, M|100/100|[from] U-turn
|
|-weather|Snowscape|[upkeep]
|upkeep
|turn|38
|
|t:|1758318193
|move|p2a: Landorus|U-turn|p1a: Salamence
|-resisted|p1a: Salamence
|-damage|p1a: Salamence|86/100
|
|t:|1758318195
|switch|p2a: Alomomola|Alomomola, F|100/100|[from] U-turn
|move|p1a: Salamence|Dragon Claw|p2a: Alomomola
|-damage|p2a: Alomomola|74/100
|
|-weather|Snowscape|[upkeep]
|-heal|p1a: Salamence|92/100|[from] item: Leftovers
|upkeep
|turn|39
|
|t:|1758318211
|switch|p1a: Scizor|Scizor, M|100/100
|move|p2a: Alomomola|Body Slam|p1a: Scizor
|-resisted|p1a: Scizor
|-damage|p1a: Scizor|92/100
|-status|p1a: Scizor|par
|
|-weather|none
|upkeep
|turn|40
|
|t:|1758318225
|move|p2a: Alomomola|Wish|p2a: Alomomola
|move|p1a: Scizor|Knock Off|p2a: Alomomola
|-damage|p2a: Alomomola|44/100
|-enditem|p2a: Alomomola|Heavy-Duty Boots|[from] move: Knock Off|[of] p1a: Scizor
|
|upkeep
|turn|41
|
|t:|1758318232
|move|p2a: Alomomola|Flip Turn|p1a: Scizor
|-damage|p1a: Scizor|77/100 par
|
|t:|1758318235
|switch|p2a: Landorus|Landorus-Therian, M|21/100|[from] Flip Turn
|-damage|p2a: Landorus|9/100|[from] Stealth Rock
|-ability|p2a: Landorus|Intimidate|boost
|-unboost|p1a: Scizor|atk|1
|cant|p1a: Scizor|par
|
|-heal|p2a: Landorus|79/100|[from] move: Wish|[wisher] Alomomola
|upkeep
|turn|42
|
|t:|1758318248
|switch|p1a: Blissey|Blissey, F|71/100
|move|p2a: Landorus|Stealth Rock|p1a: Blissey
|-sidestart|p1: Cyb91|move: Stealth Rock
|
|upkeep
|turn|43
|
|t:|1758318259
|move|p2a: Landorus|U-turn|p1a: Blissey
|-damage|p1a: Blissey|54/100
|
|t:|1758318264
|switch|p2a: Slowking|Slowking-Galar, M|85/100|[from] U-turn
|move|p1a: Blissey|Seismic Toss|p2a: Slowking
|-damage|p2a: Slowking|60/100
|
|upkeep
|turn|44
|
|t:|1758318277
|switch|p1a: Scizor|Scizor, M|77/100 par
|-damage|p1a: Scizor|65/100 par|[from] Stealth Rock
|move|p2a: Slowking|Future Sight|p1a: Scizor
|-start|p2a: Slowking|move: Future Sight
|
|upkeep
|turn|45
|
|t:|1758318296
|switch|p2a: Alomomola|Alomomola, F|77/100
|-damage|p2a: Alomomola|65/100|[from] Stealth Rock
|move|p1a: Scizor|U-turn|p2a: Alomomola
|-damage|p2a: Alomomola|35/100
|
|t:|1758318305
|switch|p1a: Salamence|Salamence, M|92/100|[from] U-turn
|-damage|p1a: Salamence|67/100|[from] Stealth Rock
|
|-heal|p1a: Salamence|73/100|[from] item: Leftovers
|upkeep
|turn|46
|
|t:|1758318313
|switch|p2a: Landorus|Landorus-Therian, M|79/100
|-damage|p2a: Landorus|66/100|[from] Stealth Rock
|-ability|p2a: Landorus|Intimidate|boost
|-unboost|p1a: Salamence|atk|1
|move|p1a: Salamence|Dragon Dance|p1a: Salamence
|-boost|p1a: Salamence|atk|1
|-boost|p1a: Salamence|spe|1
|
|-end|p1a: Salamence|move: Future Sight
|-damage|p1a: Salamence|21/100
|-heal|p1a: Salamence|27/100|[from] item: Leftovers
|upkeep
|turn|47
|
|t:|1758318326
|move|p1a: Salamence|Dragon Claw|p2a: Landorus
|-damage|p2a: Landorus|24/100
|move|p2a: Landorus|U-turn|p1a: Salamence
|-resisted|p1a: Salamence
|-damage|p1a: Salamence|13/100
|
|t:|1758318346
|switch|p2a: Slowking|Slowking-Galar, M|93/100|[from] U-turn
|
|-heal|p1a: Salamence|19/100|[from] item: Leftovers
|upkeep
|turn|48
|
|t:|1758318355
|move|p1a: Salamence|Earthquake|p2a: Slowking
|-supereffective|p2a: Slowking
|-damage|p2a: Slowking|5/100
|move|p2a: Slowking|Sludge Bomb|p1a: Salamence
|-damage|p1a: Salamence|0 fnt
|faint|p1a: Salamence
|
|upkeep
|
|t:|1758318371
|switch|p1a: Scizor|Scizor, M|65/100 par
|-damage|p1a: Scizor|53/100 par|[from] Stealth Rock
|turn|49
|
|t:|1758318379
|switch|p2a: Landorus|Landorus-Therian, M|24/100
|-damage|p2a: Landorus|12/100|[from] Stealth Rock
|-ability|p2a: Landorus|Intimidate|boost
|-unboost|p1a: Scizor|atk|1
|move|p1a: Scizor|U-turn|p2a: Landorus
|-resisted|p2a: Landorus
|-damage|p2a: Landorus|0 fnt
|faint|p2a: Landorus
|
|t:|1758318388
|switch|p1a: Blissey|Blissey, F|54/100|[from] U-turn
|
|upkeep
|
|t:|1758318394
|switch|p2a: Kingambit|Kingambit, M|100/100
|-damage|p2a: Kingambit|94/100|[from] Stealth Rock
|-activate|p2a: Kingambit|ability: Supreme Overlord
|-start|p2a: Kingambit|fallen3|[silent]
|turn|50
|
|t:|1758318401
|move|p2a: Kingambit|Iron Head|p1a: Blissey
|-damage|p1a: Blissey|1/100
|move|p1a: Blissey|Seismic Toss|p2a: Kingambit
|-damage|p2a: Kingambit|65/100
|
|-heal|p2a: Kingambit|71/100|[from] item: Leftovers
|upkeep
|turn|51
|
|t:|1758318416
|move|p2a: Kingambit|Iron Head|p1a: Blissey
|-damage|p1a: Blissey|0 fnt
|faint|p1a: Blissey
|
|-heal|p2a: Kingambit|77/100|[from] item: Leftovers
|upkeep
|
|t:|1758318425
|switch|p1a: Scizor|Scizor, M|53/100 par
|-damage|p1a: Scizor|40/100 par|[from] Stealth Rock
|turn|52
|
|t:|1758318432
|-terastallize|p2a: Kingambit|Ghost
|move|p2a: Kingambit|Kowtow Cleave|p1a: Scizor
|-damage|p1a: Scizor|0 fnt
|faint|p1a: Scizor
|
|win|WaterTemples
|raw|Cyb91's rating: 1088 &rarr; <strong>1064</strong><br />(-24 for losing)
|raw|WaterTemples's rating: 1077 &rarr; <strong>1106</strong><br />(+29 for winning)
