|j|☆Swag_SerotoninYT
|j|☆Twinkwinky69
|t:|1758289978
|gametype|singles
|player|p1|Swag_SerotoninYT|harlequin|1070
|player|p2|Twinkwinky69|102|1027
|gen|9
|tier|[Gen 9] OU
|rated|
|rule|HP Percentage Mod: HP is shown in percentages
|rule|Endless Battle Clause: Forcing endless battles is banned
|rule|Species Clause: Limit one of each Pokémon
|rule|OHKO Clause: OHKO moves are banned
|rule|Evasion Items Clause: Evasion items are banned
|rule|Evasion Moves Clause: Evasion moves are banned
|rule|Evasion Abilities Clause: Evasion abilities are banned
|rule|Sleep Moves Clause: Sleep-inducing moves are banned
|clearpoke
|poke|p1|Gastrodon, M|
|poke|p1|Masquerain, M|
|poke|p1|Stantler, F|
|poke|p1|Chandelure, M|
|poke|p1|Grimmsnarl, M|
|poke|p1|Sandslash-Alola, M|
|poke|p2|Serperior, M|
|poke|p2|Heatran, F|
|poke|p2|Excadrill, F|
|poke|p2|Tornadus-Therian, M|
|poke|p2|Toxapex, F|
|poke|p2|Dragapult, M|
|teampreview
|inactive|Battle timer is ON: inactive players will automatically lose when time's up. (requested by Swag_SerotoninYT)
|
|t:|1758289985
|teamsize|p1|6
|teamsize|p2|6
|start
|switch|p1a: Masquerain|Masquerain, M|100/100
|switch|p2a: Toxapex|Toxapex, F|100/100
|-ability|p1a: Masquerain|Intimidate|boost
|-unboost|p2a: Toxapex|atk|1
|turn|1
|
|t:|1758289998
|move|p1a: Masquerain|Sticky Web|p2a: Toxapex
|-sidestart|p2: Twinkwinky69|move: Sticky Web
|move|p2a: Toxapex|Toxic Spikes|p1a: Masquerain
|-sidestart|p1: Swag_SerotoninYT|move: Toxic Spikes
|
|upkeep
|turn|2
|
|t:|1758290004
|switch|p1a: Sandslash|Sandslash-Alola, M|100/100
|move|p2a: Toxapex|Toxic Spikes|p1a: Sandslash
|-sidestart|p1: Swag_SerotoninYT|move: Toxic Spikes
|
|upkeep
|turn|3
|
|t:|1758290016
|switch|p2a: Excadrill|Excadrill, F|100/100
|-activate|p2a: Excadrill|move: Sticky Web
|-unboost|p2a: Excadrill|spe|1
|-ability|p2a: Excadrill|Mold Breaker
|move|p1a: Sandslash|Rapid Spin|p2a: Excadrill
|-resisted|p2a: Excadrill
|-damage|p2a: Excadrill|92/100
|-boost|p1a: Sandslash|spe|1
|-sideend|p1: Swag_SerotoninYT|Toxic Spikes|[from] move: Rapid Spin|[of] p1a: Sandslash
|
|-heal|p2a: Excadrill|98/100|[from] item: Leftovers
|upkeep
|turn|4
|
|t:|1758290025
|move|p1a: Sandslash|Earthquake|p2a: Excadrill
|-supereffective|p2a: Excadrill
|-damage|p2a: Excadrill|28/100
|move|p2a: Excadrill|Rapid Spin|p1a: Sandslash
|-resisted|p1a: Sandslash
|-damage|p1a: Sandslash|93/100
|-boost|p2a: Excadrill|spe|1
|-sideend|p2: Twinkwinky69|Sticky Web|[from] move: Rapid Spin|[of] p2a: Excadrill
|
|-heal|p2a: Excadrill|34/100|[from] item: Leftovers
|upkeep
|turn|5
|
|t:|1758290033
|move|p2a: Excadrill|Earthquake|p1a: Sandslash
|-supereffective|p1a: Sandslash
|-damage|p1a: Sandslash|1/100
|move|p1a: Sandslash|Earthquake|p2a: Excadrill
|-supereffective|p2a: Excadrill
|-damage|p2a: Excadrill|0 fnt
|faint|p2a: Excadrill
|
|upkeep
|
|t:|1758290042
|switch|p2a: Twink|Serperior, M, shiny|100/100
|turn|6
|
|t:|1758290048
|switch|p1a: Masquerain|Masquerain, M|100/100
|-ability|p1a: Masquerain|Intimidate|boost
|-boost|p2a: Twink|atk|1
|move|p2a: Twink|Leaf Storm|p1a: Masquerain
|-resisted|p1a: Masquerain
|-damage|p1a: Masquerain|87/100
|-boost|p2a: Twink|spa|2
|
|upkeep
|turn|7
|
|t:|1758290056
|move|p2a: Twink|Leaf Storm|p1a: Masquerain
|-resisted|p1a: Masquerain
|-damage|p1a: Masquerain|63/100
|-boost|p2a: Twink|spa|2
|move|p1a: Masquerain|Sticky Web|p2a: Twink
|-sidestart|p2: Twinkwinky69|move: Sticky Web
|
|upkeep
|turn|8
|
|t:|1758290070
|move|p2a: Twink|Leaf Storm|p1a: Masquerain
|-resisted|p1a: Masquerain
|-damage|p1a: Masquerain|26/100
|-boost|p2a: Twink|spa|2
|move|p1a: Masquerain|Bug Buzz|p2a: Twink
|-supereffective|p2a: Twink
|-damage|p2a: Twink|13/100
|
|upkeep
|turn|9
|
|t:|1758290084
|switch|p2a: Dragapult|Dragapult, M|100/100
|-activate|p2a: Dragapult|move: Sticky Web
|-unboost|p2a: Dragapult|spe|1
|move|p1a: Masquerain|Ice Beam|p2a: Dragapult
|-supereffective|p2a: Dragapult
|-damage|p2a: Dragapult|26/100
|
|upkeep
|turn|10
|
|t:|1758290090
|move|p1a: Masquerain|Ice Beam|p2a: Dragapult
|-supereffective|p2a: Dragapult
|-damage|p2a: Dragapult|0 fnt
|faint|p2a: Dragapult
|
|upkeep
|
|t:|1758290094
|switch|p2a: wtfisthis|Tornadus-Therian, M|100/100
|turn|11
|
|t:|1758290105
|switch|p1a: Sandslash|Sandslash-Alola, M|1/100
|move|p2a: wtfisthis|Knock Off|p1a: Sandslash
|-damage|p1a: Sandslash|0 fnt
|-enditem|p1a: Sandslash|Assault Vest|[from] move: Knock Off|[of] p2a: wtfisthis
|faint|p1a: Sandslash
|
|upkeep
|
|t:|1758290114
|switch|p1a: Grimmsnarl|Grimmsnarl, M|100/100
|turn|12
|
|t:|1758290131
|move|p1a: Grimmsnarl|Thunder Wave|p2a: wtfisthis
|-status|p2a: wtfisthis|par
|cant|p2a: wtfisthis|par
|
|upkeep
|turn|13
|
|t:|1758290138
|move|p2a: wtfisthis|Taunt|p1a: Grimmsnarl
|-start|p1a: Grimmsnarl|move: Taunt
|move|p1a: Grimmsnarl|Spirit Break|p2a: wtfisthis
|-damage|p2a: wtfisthis|57/100 par
|-unboost|p2a: wtfisthis|spa|1
|
|upkeep
|turn|14
|
|t:|1758290148
|switch|p2a: Heatran|Heatran, F|100/100
|-activate|p2a: Heatran|move: Sticky Web
|-unboost|p2a: Heatran|spe|1
|-enditem|p2a: Heatran|Eject Pack
|
|t:|1758290156
|switch|p2a: Toxapex|Toxapex, F|100/100
|-activate|p2a: Toxapex|move: Sticky Web
|-unboost|p2a: Toxapex|spe|1
|move|p1a: Grimmsnarl|Spirit Break|p2a: Toxapex
|-resisted|p2a: Toxapex
|-damage|p2a: Toxapex|88/100
|-unboost|p2a: Toxapex|spa|1
|
|-heal|p2a: Toxapex|95/100|[from] item: Black Sludge
|upkeep
|turn|15
|
|t:|1758290166
|switch|p1a: Chandelure|Chandelure, M|100/100
|move|p2a: Toxapex|Toxic Spikes|p1a: Chandelure
|-sidestart|p1: Swag_SerotoninYT|move: Toxic Spikes
|
|-heal|p2a: Toxapex|100/100|[from] item: Black Sludge
|upkeep
|turn|16
|
|t:|1758290172
|-terastallize|p1a: Chandelure|Grass
|move|p1a: Chandelure|Energy Ball|p2a: Toxapex
|-damage|p2a: Toxapex|58/100
|move|p2a: Toxapex|Hydro Pump|p1a: Chandelure
|-resisted|p1a: Chandelure
|-damage|p1a: Chandelure|94/100
|
|-heal|p2a: Toxapex|64/100|[from] item: Black Sludge
|upkeep
|turn|17
|
|t:|1758290179
|move|p1a: Chandelure|Energy Ball|p2a: Toxapex
|-damage|p2a: Toxapex|20/100
|move|p2a: Toxapex|Recover|p2a: Toxapex
|-heal|p2a: Toxapex|70/100
|
|-heal|p2a: Toxapex|76/100|[from] item: Black Sludge
|upkeep
|turn|18
|
|t:|1758290186
|move|p1a: Chandelure|Energy Ball|p2a: Toxapex
|-damage|p2a: Toxapex|36/100
|move|p2a: Toxapex|Recover|p2a: Toxapex
|-heal|p2a: Toxapex|86/100
|
|-heal|p2a: Toxapex|93/100|[from] item: Black Sludge
|upkeep
|turn|19
|c|☆Swag_SerotoninYT|we really doing this?
|
|t:|1758290196
|move|p1a: Chandelure|Energy Ball|p2a: Toxapex
|-damage|p2a: Toxapex|50/100
|move|p2a: Toxapex|Toxic Spikes|p1a: Chandelure
|-sidestart|p1: Swag_SerotoninYT|move: Toxic Spikes
|
|-heal|p2a: Toxapex|56/100|[from] item: Black Sludge
|upkeep
|turn|20
|
|t:|1758290200
|move|p1a: Chandelure|Energy Ball|p2a: Toxapex
|-damage|p2a: Toxapex|14/100
|move|p2a: Toxapex|Recover|p2a: Toxapex
|-heal|p2a: Toxapex|64/100
|
|-heal|p2a: Toxapex|70/100|[from] item: Black Sludge
|upkeep
|turn|21
|
|t:|1758290203
|move|p1a: Chandelure|Energy Ball|p2a: Toxapex
|-damage|p2a: Toxapex|30/100
|move|p2a: Toxapex|Recover|p2a: Toxapex
|-heal|p2a: Toxapex|80/100
|
|-heal|p2a: Toxapex|86/100|[from] item: Black Sludge
|upkeep
|turn|22
|
|t:|1758290208
|move|p1a: Chandelure|Energy Ball|p2a: Toxapex
|-damage|p2a: Toxapex|45/100
|move|p2a: Toxapex|Hydro Pump|p1a: Chandelure
|-resisted|p1a: Chandelure
|-damage|p1a: Chandelure|89/100
|
|-heal|p2a: Toxapex|51/100|[from] item: Black Sludge
|upkeep
|turn|23
|
|t:|1758290213
|move|p1a: Chandelure|Energy Ball|p2a: Toxapex
|-damage|p2a: Toxapex|12/100
|move|p2a: Toxapex|Recover|p2a: Toxapex
|-heal|p2a: Toxapex|62/100
|
|-heal|p2a: Toxapex|68/100|[from] item: Black Sludge
|upkeep
|turn|24
|c|☆Swag_SerotoninYT|nice 8 turns of wasted time
|
|t:|1758290228
|switch|p2a: Heatran|Heatran, F|100/100
|-activate|p2a: Heatran|move: Sticky Web
|-unboost|p2a: Heatran|spe|1
|move|p1a: Chandelure|Energy Ball|p2a: Heatran
|-resisted|p2a: Heatran
|-damage|p2a: Heatran|92/100
|
|upkeep
|turn|25
|
|t:|1758290234
|move|p1a: Chandelure|Dark Pulse|p2a: Heatran
|-damage|p2a: Heatran|74/100
|move|p2a: Heatran|Overheat|p1a: Chandelure
|-start|p1a: Chandelure|ability: Flash Fire
|
|upkeep
|turn|26
|-message|Twinkwinky69 forfeited.
|
|win|Swag_SerotoninYT
|raw|Swag_SerotoninYT's rating: 1070 &rarr; <strong>1096</strong><br />(+26 for winning)
|raw|Twinkwinky69's rating: 1027 &rarr; <strong>1015</strong><br />(-12 for losing)
|l|☆Twinkwinky69
|player|p2|
