|j|☆PrimeXStriker
|j|☆edollas
|t:|1758370635
|gametype|singles
|player|p1|PrimeXStriker|marshal|1385
|player|p2|edollas|biker-gen4|1451
|gen|9
|tier|[Gen 9] OU
|rated|
|rule|HP Percentage Mod: HP is shown in percentages
|rule|Endless Battle Clause: Forcing endless battles is banned
|rule|Species Clause: Limit one of each Pokémon
|rule|OHKO Clause: OHKO moves are banned
|rule|Evasion Items Clause: Evasion items are banned
|rule|Evasion Moves Clause: Evasion moves are banned
|rule|Evasion Abilities Clause: Evasion abilities are banned
|rule|Sleep Moves Clause: Sleep-inducing moves are banned
|clearpoke
|poke|p1|Pawmot, F|
|poke|p1|Zamazenta-*|
|poke|p1|Tyranitar, M|
|poke|p1|Darkrai|
|poke|p1|Iron Valiant|
|poke|p1|Corviknight, F|
|poke|p2|Hoopa-Unbound|
|poke|p2|Toxapex, M|
|poke|p2|Weezing-Galar, M|
|poke|p2|Ogerpon-Wellspring, F|
|poke|p2|Garchomp, M|
|poke|p2|Great Tusk|
|teampreview
|inactive|Battle timer is ON: inactive players will automatically lose when time's up. (requested by PrimeXStriker)
|
|t:|1758370644
|teamsize|p1|6
|teamsize|p2|6
|start
|switch|p1a: Darkrai|Darkrai|100/100
|switch|p2a: Great Tusk|Great Tusk|100/100
|turn|1
|
|t:|1758370649
|move|p1a: Darkrai|Ice Beam|p2a: Great Tusk
|-supereffective|p2a: Great Tusk
|-damage|p2a: Great Tusk|45/100
|move|p2a: Great Tusk|Close Combat|p1a: Darkrai
|-supereffective|p1a: Darkrai
|-damage|p1a: Darkrai|0 fnt
|-unboost|p2a: Great Tusk|def|1
|-unboost|p2a: Great Tusk|spd|1
|faint|p1a: Darkrai
|
|upkeep
|
|t:|1758370657
|switch|p1a: Corviknight|Corviknight, F|100/100
|-ability|p1a: Corviknight|Pressure
|turn|2
|
|t:|1758370670
|-end|p2a: Great Tusk|Protosynthesis|[silent]
|switch|p2a: Toxapex|Toxapex, M|100/100
|move|p1a: Corviknight|U-turn|p2a: Toxapex
|-resisted|p2a: Toxapex
|-damage|p2a: Toxapex|96/100
|
|t:|1758370675
|switch|p1a: Tyranitar|Tyranitar, M|100/100|[from] U-turn
|-weather|Sandstorm|[from] ability: Sand Stream|[of] p1a: Tyranitar
|
|-weather|Sandstorm|[upkeep]
|-damage|p2a: Toxapex|90/100|[from] Sandstorm
|-heal|p2a: Toxapex|96/100|[from] item: Black Sludge
|upkeep
|turn|3
|
|t:|1758370684
|switch|p2a: Great Tusk|Great Tusk|45/100
|move|p1a: Tyranitar|Stealth Rock|p2a: Great Tusk
|-sidestart|p2: edollas|move: Stealth Rock
|
|-weather|Sandstorm|[upkeep]
|upkeep
|turn|4
|
|t:|1758370692
|switch|p1a: Corviknight|Corviknight, F|100/100
|-ability|p1a: Corviknight|Pressure
|move|p2a: Great Tusk|Knock Off|p1a: Corviknight
|-damage|p1a: Corviknight|78/100
|-damage|p2a: Great Tusk|29/100|[from] item: Rocky Helmet|[of] p1a: Corviknight
|-enditem|p1a: Corviknight|Rocky Helmet|[from] move: Knock Off|[of] p2a: Great Tusk
|
|-weather|Sandstorm|[upkeep]
|upkeep
|turn|5
|
|t:|1758370700
|-end|p2a: Great Tusk|Protosynthesis|[silent]
|switch|p2a: Toxapex|Toxapex, M|100/100
|-damage|p2a: Toxapex|88/100|[from] Stealth Rock
|move|p1a: Corviknight|Body Press|p2a: Toxapex
|-resisted|p2a: Toxapex
|-damage|p2a: Toxapex|80/100
|
|-weather|Sandstorm|[upkeep]
|-damage|p2a: Toxapex|74/100|[from] Sandstorm
|-heal|p2a: Toxapex|80/100|[from] item: Black Sludge
|upkeep
|turn|6
|
|t:|1758370708
|move|p1a: Corviknight|U-turn|p2a: Toxapex
|-resisted|p2a: Toxapex
|-damage|p2a: Toxapex|76/100
|
|t:|1758370710
|switch|p1a: Tyranitar|Tyranitar, M|100/100|[from] U-turn
|move|p2a: Toxapex|Surf|p1a: Tyranitar
|-supereffective|p1a: Tyranitar
|-damage|p1a: Tyranitar|84/100
|
|-weather|none
|-heal|p1a: Tyranitar|90/100|[from] item: Leftovers
|-heal|p2a: Toxapex|82/100|[from] item: Black Sludge
|upkeep
|turn|7
|
|t:|1758370715
|move|p2a: Toxapex|Baneful Bunker|p2a: Toxapex
|-singleturn|p2a: Toxapex|move: Protect
|move|p1a: Tyranitar|Ice Beam|p2a: Toxapex
|-activate|p2a: Toxapex|move: Protect
|
|-heal|p1a: Tyranitar|97/100|[from] item: Leftovers
|-heal|p2a: Toxapex|88/100|[from] item: Black Sludge
|upkeep
|turn|8
|
|t:|1758370721
|move|p2a: Toxapex|Baneful Bunker||[still]
|-fail|p2a: Toxapex
|move|p1a: Tyranitar|Knock Off|p2a: Toxapex
|-damage|p2a: Toxapex|65/100
|-enditem|p2a: Toxapex|Black Sludge|[from] move: Knock Off|[of] p1a: Tyranitar
|
|-heal|p1a: Tyranitar|100/100|[from] item: Leftovers
|upkeep
|turn|9
|
|t:|1758370728
|move|p2a: Toxapex|Recover|p2a: Toxapex
|-heal|p2a: Toxapex|100/100
|move|p1a: Tyranitar|Roar|p2a: Toxapex
|drag|p2a: Ogerpon|Ogerpon-Wellspring, F|100/100
|-damage|p2a: Ogerpon|88/100|[from] Stealth Rock
|
|upkeep
|turn|10
|
|t:|1758370739
|switch|p1a: Zamazenta|Zamazenta|100/100
|-ability|p1a: Zamazenta|Dauntless Shield|boost
|-boost|p1a: Zamazenta|def|1
|move|p2a: Ogerpon|Spikes|p1a: Zamazenta
|-sidestart|p1: PrimeXStriker|Spikes
|
|upkeep
|turn|11
|
|t:|1758370746
|move|p1a: Zamazenta|Heavy Slam|p2a: Ogerpon
|-resisted|p2a: Ogerpon
|-damage|p2a: Ogerpon|68/100
|move|p2a: Ogerpon|U-turn|p1a: Zamazenta
|-resisted|p1a: Zamazenta
|-damage|p1a: Zamazenta|94/100
|
|t:|1758370759
|switch|p2a: Toxapex|Toxapex, M|100/100|[from] U-turn
|-damage|p2a: Toxapex|88/100|[from] Stealth Rock
|
|-heal|p1a: Zamazenta|100/100|[from] item: Leftovers
|upkeep
|turn|12
|
|t:|1758370773
|move|p2a: Toxapex|Surf|p1a: Zamazenta
|-damage|p1a: Zamazenta|85/100
|move|p1a: Zamazenta|Roar|p2a: Toxapex
|drag|p2a: Ogerpon|Ogerpon-Wellspring, F|68/100
|-damage|p2a: Ogerpon|56/100|[from] Stealth Rock
|
|-heal|p1a: Zamazenta|91/100|[from] item: Leftovers
|upkeep
|turn|13
|
|t:|1758370781
|move|p1a: Zamazenta|Body Press|p2a: Ogerpon
|-damage|p2a: Ogerpon|0 fnt
|faint|p2a: Ogerpon
|
|-heal|p1a: Zamazenta|97/100|[from] item: Leftovers
|upkeep
|
|t:|1758370799
|switch|p2a: Weezing|Weezing-Galar, M|100/100
|-ability|p2a: Weezing|Neutralizing Gas
|-damage|p2a: Weezing|88/100|[from] Stealth Rock
|-item|p2a: Weezing|Air Balloon
|turn|14
|
|t:|1758370803
|move|p1a: Zamazenta|Heavy Slam|p2a: Weezing
|-supereffective|p2a: Weezing
|-damage|p2a: Weezing|43/100
|-enditem|p2a: Weezing|Air Balloon
|move|p2a: Weezing|Will-O-Wisp|p1a: Zamazenta|[miss]
|-miss|p2a: Weezing|p1a: Zamazenta
|
|-heal|p1a: Zamazenta|100/100|[from] item: Leftovers
|upkeep
|turn|15
|
|t:|1758370811
|-terastallize|p2a: Weezing|Flying
|move|p1a: Zamazenta|Heavy Slam|p2a: Weezing
|-damage|p2a: Weezing|21/100
|move|p2a: Weezing|Will-O-Wisp|p1a: Zamazenta
|-status|p1a: Zamazenta|brn
|
|-damage|p1a: Zamazenta|94/100 brn|[from] brn
|upkeep
|turn|16
|
|t:|1758370818
|switch|p1a: Pawmot|Pawmot, F|100/100
|-damage|p1a: Pawmot|88/100|[from] Spikes
|move|p2a: Weezing|Pain Split|p1a: Pawmot
|-sethp|p1a: Pawmot|56/100|[from] move: Pain Split|[silent]
|-sethp|p2a: Weezing|48/100|[from] move: Pain Split
|
|upkeep
|turn|17
|
|t:|1758370825
|-end|p2a: Weezing|ability: Neutralizing Gas
|switch|p2a: Great Tusk|Great Tusk|29/100
|-damage|p2a: Great Tusk|26/100|[from] Stealth Rock
|move|p1a: Pawmot|Ice Punch|p2a: Great Tusk
|-supereffective|p2a: Great Tusk
|-damage|p2a: Great Tusk|0 fnt
|faint|p2a: Great Tusk
|-end|p2a: Great Tusk|Protosynthesis|[silent]
|-damage|p1a: Pawmot|46/100|[from] item: Life Orb
|
|upkeep
|
|t:|1758370841
|switch|p2a: Toxapex|Toxapex, M|100/100
|-damage|p2a: Toxapex|88/100|[from] Stealth Rock
|turn|18
|
|t:|1758370854
|switch|p1a: Tyranitar|Tyranitar, M|100/100
|-damage|p1a: Tyranitar|88/100|[from] Spikes
|-weather|Sandstorm|[from] ability: Sand Stream|[of] p1a: Tyranitar
|move|p2a: Toxapex|Surf|p1a: Tyranitar
|-supereffective|p1a: Tyranitar
|-crit|p1a: Tyranitar
|-damage|p1a: Tyranitar|63/100
|
|-weather|Sandstorm|[upkeep]
|-damage|p2a: Toxapex|82/100|[from] Sandstorm
|-heal|p1a: Tyranitar|69/100|[from] item: Leftovers
|upkeep
|turn|19
|
|t:|1758370861
|move|p2a: Toxapex|Surf|p1a: Tyranitar
|-supereffective|p1a: Tyranitar
|-damage|p1a: Tyranitar|54/100
|move|p1a: Tyranitar|Roar|p2a: Toxapex
|drag|p2a: Hoopa|Hoopa-Unbound|100/100
|-damage|p2a: Hoopa|88/100|[from] Stealth Rock
|
|-weather|Sandstorm|[upkeep]
|-damage|p2a: Hoopa|82/100|[from] Sandstorm
|-heal|p1a: Tyranitar|60/100|[from] item: Leftovers
|upkeep
|turn|20
|
|t:|1758370875
|move|p2a: Hoopa|Drain Punch|p1a: Tyranitar
|-supereffective|p1a: Tyranitar
|-damage|p1a: Tyranitar|0 fnt
|-heal|p2a: Hoopa|100/100|[from] drain|[of] p1a: Tyranitar
|faint|p1a: Tyranitar
|
|-weather|Sandstorm|[upkeep]
|-damage|p2a: Hoopa|95/100|[from] Sandstorm
|upkeep
|
|t:|1758370882
|switch|p1a: Zamazenta|Zamazenta|94/100 brn
|-damage|p1a: Zamazenta|82/100 brn|[from] Spikes
|turn|21
|
|t:|1758370894
|move|p1a: Zamazenta|Body Press|p2a: Hoopa
|-damage|p2a: Hoopa|60/100
|move|p2a: Hoopa|Psychic Noise|p1a: Zamazenta
|-supereffective|p1a: Zamazenta
|-damage|p1a: Zamazenta|18/100 brn
|-start|p1a: Zamazenta|move: Heal Block
|
|-weather|Sandstorm|[upkeep]
|-damage|p1a: Zamazenta|12/100 brn|[from] Sandstorm
|-damage|p2a: Hoopa|54/100|[from] Sandstorm
|-damage|p1a: Zamazenta|6/100 brn|[from] brn
|upkeep
|turn|22
|
|t:|1758370905
|switch|p2a: Toxapex|Toxapex, M|100/100
|-damage|p2a: Toxapex|88/100|[from] Stealth Rock
|move|p1a: Zamazenta|Body Press|p2a: Toxapex
|-resisted|p2a: Toxapex
|-damage|p2a: Toxapex|83/100
|
|-weather|none
|-damage|p1a: Zamazenta|0 fnt|[from] brn
|faint|p1a: Zamazenta
|upkeep
|
|t:|1758370921
|switch|p1a: Pawmot|Pawmot, F|46/100
|-damage|p1a: Pawmot|34/100|[from] Spikes
|turn|23
|
|t:|1758370926
|move|p1a: Pawmot|Double Shock|p2a: Toxapex
|-supereffective|p2a: Toxapex
|-damage|p2a: Toxapex|0 fnt
|-start|p1a: Pawmot|typechange|???/Fighting|[from] move: Double Shock
|faint|p2a: Toxapex
|-damage|p1a: Pawmot|24/100|[from] item: Life Orb
|
|upkeep
|
|t:|1758370938
|switch|p2a: Garchomp|Garchomp, M|100/100
|-damage|p2a: Garchomp|94/100|[from] Stealth Rock
|turn|24
|
|t:|1758370950
|move|p1a: Pawmot|Ice Punch|p2a: Garchomp
|-supereffective|p2a: Garchomp
|-damage|p2a: Garchomp|0 fnt
|-damage|p1a: Pawmot|12/100|[from] ability: Rough Skin|[of] p2a: Garchomp
|faint|p2a: Garchomp
|-damage|p1a: Pawmot|2/100|[from] item: Life Orb
|
|upkeep
|
|t:|1758370954
|switch|p2a: Weezing|Weezing-Galar, M, tera:Flying|48/100
|-ability|p2a: Weezing|Neutralizing Gas
|-damage|p2a: Weezing|23/100|[from] Stealth Rock
|turn|25
|
|t:|1758370959
|move|p1a: Pawmot|Ice Punch|p2a: Weezing
|-supereffective|p2a: Weezing
|-damage|p2a: Weezing|0 fnt
|faint|p2a: Weezing
|-end|p2a: Weezing|ability: Neutralizing Gas
|-damage|p1a: Pawmot|0 fnt|[from] item: Life Orb
|faint|p1a: Pawmot
|
|upkeep
|
|t:|1758370963
|switch|p1a: Iron Valiant|Iron Valiant|100/100
|switch|p2a: Hoopa|Hoopa-Unbound|54/100
|-damage|p1a: Iron Valiant|88/100|[from] Spikes
|-damage|p2a: Hoopa|41/100|[from] Stealth Rock
|-enditem|p1a: Iron Valiant|Booster Energy
|-activate|p1a: Iron Valiant|ability: Quark Drive|[fromitem]
|-start|p1a: Iron Valiant|quarkdrivespe
|turn|26
|
|t:|1758370966
|move|p1a: Iron Valiant|Moonblast|p2a: Hoopa
|-supereffective|p2a: Hoopa
|-damage|p2a: Hoopa|0 fnt
|faint|p2a: Hoopa
|
|win|PrimeXStriker
|raw|PrimeXStriker's rating: 1385 &rarr; <strong>1409</strong><br />(+24 for winning)
|raw|edollas's rating: 1451 &rarr; <strong>1427</strong><br />(-24 for losing)
|l|☆PrimeXStriker
|player|p1|
|l|☆edollas
|player|p2|
