|j|☆boobtwink
|j|☆muru drinker
|t:|1758233098
|gametype|singles
|player|p1|boobtwink|caitlin|1074
|player|p2|muru drinker|linebacker|1049
|gen|9
|tier|[Gen 9] OU
|rated|
|rule|HP Percentage Mod: HP is shown in percentages
|rule|Endless Battle Clause: Forcing endless battles is banned
|rule|Species Clause: Limit one of each Pokémon
|rule|OHKO Clause: OHKO moves are banned
|rule|Evasion Items Clause: Evasion items are banned
|rule|Evasion Moves Clause: Evasion moves are banned
|rule|Evasion Abilities Clause: Evasion abilities are banned
|rule|Sleep Moves Clause: Sleep-inducing moves are banned
|clearpoke
|poke|p1|Ogerpon-Wellspring, F|
|poke|p1|Cloyster, F|
|poke|p1|Ninetales-Alola, M|
|poke|p1|Polteageist|
|poke|p1|Iron Treads|
|poke|p1|Dragonite, F|
|poke|p2|Pelipper, F|
|poke|p2|Basculegion, M|
|poke|p2|Corviknight, F|
|poke|p2|Darkrai|
|poke|p2|Raging Bolt|
|poke|p2|Clodsire, M|
|teampreview
|
|t:|1758233108
|teamsize|p1|6
|teamsize|p2|6
|start
|switch|p1a: Ninetales|Ninetales-Alola, M|100/100
|switch|p2a: Clodsire|Clodsire, M, shiny|100/100
|-weather|Snowscape|[from] ability: Snow Warning|[of] p1a: Ninetales
|turn|1
|
|t:|1758233119
|switch|p2a: Pelipper|Pelipper, F|100/100
|-weather|RainDance|[from] ability: Drizzle|[of] p2a: Pelipper
|move|p1a: Ninetales|Aurora Veil||[still]
|-fail|p1a: Ninetales
|
|-weather|RainDance|[upkeep]
|upkeep
|turn|2
|
|t:|1758233127
|move|p2a: Pelipper|Knock Off|p1a: Ninetales
|-resisted|p1a: Ninetales
|-damage|p1a: Ninetales|90/100
|-enditem|p1a: Ninetales|Light Clay|[from] move: Knock Off|[of] p2a: Pelipper
|move|p1a: Ninetales|Freeze-Dry|p2a: Pelipper
|-supereffective|p2a: Pelipper
|-damage|p2a: Pelipper|0 fnt
|faint|p2a: Pelipper
|
|-weather|RainDance|[upkeep]
|upkeep
|c|☆boobtwink|dude ur getting porked
|c|☆muru drinker|how lol
|j| Yomah
|
|t:|1758233176
|switch|p2a: Basculegion|Basculegion, M|100/100
|turn|3
|l| Yomah
|
|t:|1758233195
|move|p2a: Basculegion|Wave Crash|p1a: Ninetales
|-damage|p1a: Ninetales|0 fnt
|faint|p1a: Ninetales
|-damage|p2a: Basculegion|78/100|[from] Recoil
|-damage|p2a: Basculegion|68/100|[from] item: Life Orb
|
|-weather|RainDance|[upkeep]
|upkeep
|
|t:|1758233201
|switch|p1a: Polteageist|Polteageist|100/100
|turn|4
|c|☆muru drinker|i denied a full aura viel for the entire game you idiot
|c|☆boobtwink|r u mad about the fact that ur porked?
|
|t:|1758233229
|move|p2a: Basculegion|Phantom Force||[still]
|-prepare|p2a: Basculegion|Phantom Force
|move|p1a: Polteageist|Strength Sap|p2a: Basculegion|[miss]
|-miss|p1a: Polteageist|p2a: Basculegion
|
|-weather|RainDance|[upkeep]
|upkeep
|turn|5
|c|☆muru drinker|im just letting you know your an idiot lmfao
|c|☆muru drinker|im not mad
|
|t:|1758233246
|switch|p1a: Ogerpon|Ogerpon-Wellspring, F|100/100
|move|p2a: Basculegion|Phantom Force|p1a: Ogerpon|[from] lockedmove
|-damage|p1a: Ogerpon|17/100
|-damage|p2a: Basculegion|58/100|[from] item: Life Orb
|
|-weather|none
|upkeep
|turn|6
|c|☆boobtwink|im not an idiot bro im a castrachad
|
|t:|1758233267
|switch|p2a: Raging Bolt|Raging Bolt|100/100
|move|p1a: Ogerpon|Power Whip|p2a: Raging Bolt
|-resisted|p2a: Raging Bolt
|-damage|p2a: Raging Bolt|72/100
|
|upkeep
|turn|7
|c|☆muru drinker|lol you have to be either a virgin or a 12 year old
|c|☆muru drinker|aint no way
|c|☆boobtwink|what do i care what a soyrat thinks anyways
|c|☆muru drinker|ok buddy
|c|☆boobtwink|just take this porging
|
|t:|1758233307
|move|p2a: Raging Bolt|Thunderclap||[still]
|-fail|p2a: Raging Bolt
|move|p1a: Ogerpon|Swords Dance|p1a: Ogerpon
|-boost|p1a: Ogerpon|atk|2
|
|upkeep
|turn|8
|
|t:|1758233312
|move|p2a: Raging Bolt|Thunderclap||[still]
|-fail|p2a: Raging Bolt
|move|p1a: Ogerpon|Swords Dance|p1a: Ogerpon
|-boost|p1a: Ogerpon|atk|2
|
|upkeep
|turn|9
|
|t:|1758233315
|move|p2a: Raging Bolt|Thunderclap|p1a: Ogerpon
|-damage|p1a: Ogerpon|0 fnt
|faint|p1a: Ogerpon
|
|upkeep
|c|☆muru drinker|ok
|
|t:|1758233325
|switch|p1a: Iron Treads|Iron Treads|100/100
|-enditem|p1a: Iron Treads|Booster Energy
|-activate|p1a: Iron Treads|ability: Quark Drive|[fromitem]
|-start|p1a: Iron Treads|quarkdrivespe
|turn|10
|c|☆boobtwink|mad?
|c|☆muru drinker|no
|c|☆boobtwink|my secret technique is gonna porg u man
|c|☆boobtwink|ur gonna get soooooo mad xd
|
|t:|1758233347
|-end|p2a: Raging Bolt|Protosynthesis|[silent]
|switch|p2a: Corviknight|Corviknight, F, shiny|100/100
|move|p1a: Iron Treads|Stealth Rock|p2a: Corviknight
|-sidestart|p2: muru drinker|move: Stealth Rock
|
|upkeep
|turn|11
|c|☆muru drinker|your starting to make me think temp 6t vids are real
|j| uutryuddy
|c|☆boobtwink|temp 6t?
|c|☆boobtwink|more like
|
|t:|1758233364
|-end|p1a: Iron Treads|Quark Drive|[silent]
|switch|p1a: Polteageist|Polteageist|100/100
|move|p2a: Corviknight|Defog|p1a: Polteageist
|-unboost|p1a: Polteageist|evasion|1
|-sideend|p2: muru drinker|Stealth Rock|[from] move: Defog|[of] p2a: Corviknight
|-enditem|p1a: Polteageist|White Herb
|-clearnegativeboost|p1a: Polteageist|[silent]
|
|upkeep
|turn|12
|c|☆boobtwink|soyrat
|
|t:|1758233387
|switch|p2a: Raging Bolt|Raging Bolt|72/100
|move|p1a: Polteageist|Shell Smash|p1a: Polteageist
|-unboost|p1a: Polteageist|def|1
|-unboost|p1a: Polteageist|spd|1
|-boost|p1a: Polteageist|atk|2
|-boost|p1a: Polteageist|spa|2
|-boost|p1a: Polteageist|spe|2
|
|upkeep
|turn|13
|
|t:|1758233393
|move|p2a: Raging Bolt|Thunderclap|p1a: Polteageist
|-damage|p1a: Polteageist|47/100
|move|p1a: Polteageist|Shadow Ball|p2a: Raging Bolt
|-damage|p2a: Raging Bolt|41/100
|
|upkeep
|turn|14
|n| Yomah|uutryuddy
|
|t:|1758233403
|move|p2a: Raging Bolt|Thunderclap||[still]
|-fail|p2a: Raging Bolt
|move|p1a: Polteageist|Strength Sap|p2a: Raging Bolt
|-unboost|p2a: Raging Bolt|atk|1
|-heal|p1a: Polteageist|94/100
|
|upkeep
|turn|15
|c| Yomah|Dw he got 6-0 just before this game
|c| Yomah|Hes malding hard
|c| Yomah|Hes gotta cope somehow
|c|☆boobtwink|im permaporging
|c|☆muru drinker|how am i malding lmao
|c|☆boobtwink|yall are mad
|
|t:|1758233423
|move|p1a: Polteageist|Shadow Ball|p2a: Raging Bolt
|-damage|p2a: Raging Bolt|7/100
|-unboost|p2a: Raging Bolt|spd|1
|move|p2a: Raging Bolt|Volt Switch|p1a: Polteageist
|-damage|p1a: Polteageist|39/100
|c| Yomah|Not you muru
|c| Yomah|That weirdo
|
|t:|1758233431
|-end|p2a: Raging Bolt|Protosynthesis|[silent]
|switch|p2a: Clodsire|Clodsire, M, shiny|100/100|[from] Volt Switch
|
|upkeep
|turn|16
|c|☆boobtwink|hey im not weird
|c|☆boobtwink|dont say that
|c| Yomah|Keeps talking smack to get smacked around
|c|☆boobtwink|im a castrachad
|c|☆muru drinker|yeah this guys a fucking loser
|c| Yomah|Def
|c|☆muru drinker|ngl
|
|t:|1758233451
|move|p1a: Polteageist|Strength Sap|p2a: Clodsire
|-unboost|p2a: Clodsire|atk|1
|-heal|p1a: Polteageist|97/100
|move|p2a: Clodsire|Toxic|p1a: Polteageist
|-status|p1a: Polteageist|tox
|
|-damage|p1a: Polteageist|91/100 tox|[from] psn
|upkeep
|turn|17
|c| Yomah|The chad of 1000 elo
|
|t:|1758233462
|move|p1a: Polteageist|Shadow Ball|p2a: Clodsire
|-damage|p2a: Clodsire|64/100
|move|p2a: Clodsire|Earthquake|p1a: Polteageist
|-damage|p1a: Polteageist|61/100 tox
|
|-heal|p2a: Clodsire|71/100|[from] item: Leftovers
|-damage|p1a: Polteageist|49/100 tox|[from] psn
|upkeep
|turn|18
|c|☆boobtwink|im basically god
|
|t:|1758233471
|switch|p1a: Cloyster|Cloyster, F|100/100
|move|p2a: Clodsire|Recover|p2a: Clodsire
|-heal|p2a: Clodsire|100/100
|
|upkeep
|turn|19
|
|t:|1758233480
|switch|p2a: Corviknight|Corviknight, F, shiny|100/100
|move|p1a: Cloyster|Shell Smash|p1a: Cloyster
|-unboost|p1a: Cloyster|def|1
|-unboost|p1a: Cloyster|spd|1
|-boost|p1a: Cloyster|atk|2
|-boost|p1a: Cloyster|spa|2
|-boost|p1a: Cloyster|spe|2
|
|upkeep
|turn|20
|
|t:|1758233486
|-terastallize|p1a: Cloyster|Ice
|move|p1a: Cloyster|Icicle Spear|p2a: Corviknight
|-damage|p2a: Corviknight|79/100
|-damage|p2a: Corviknight|55/100
|-damage|p2a: Corviknight|35/100
|-damage|p2a: Corviknight|11/100
|-damage|p2a: Corviknight|0 fnt
|faint|p2a: Corviknight
|-hitcount|p2: Corviknight|5
|
|upkeep
|c|☆boobtwink|uh oh
|
|t:|1758233493
|switch|p2a: Raging Bolt|Raging Bolt|7/100
|turn|21
|
|t:|1758233497
|-terastallize|p2a: Raging Bolt|Electric
|move|p1a: Cloyster|Ice Shard|p2a: Raging Bolt
|-damage|p2a: Raging Bolt|0 fnt
|faint|p2a: Raging Bolt
|-end|p2a: Raging Bolt|Protosynthesis|[silent]
|
|upkeep
|c|☆boobtwink|BROOOOOOOO
|
|t:|1758233504
|switch|p2a: Darkrai|Darkrai|100/100
|turn|22
|c|☆boobtwink|ur little soyfingers are cooked ratboy
|
|t:|1758233516
|move|p1a: Cloyster|Icicle Spear|p2a: Darkrai
|-damage|p2a: Darkrai|49/100
|-damage|p2a: Darkrai|0 fnt
|faint|p2a: Darkrai
|-hitcount|p2: Darkrai|2
|
|upkeep
|c|☆muru drinker|bro your in team testing elo talking shit
|c|☆muru drinker|thats so wierd
|c| Yomah|💀 bros way of talking makes me think hes gott lower education than north korea
|c|☆boobtwink|u wouldnt know anything about test
|c|☆boobtwink|low elo ratpig
|c| Yomah|Remember you just got 6-0 with the mot cheese ever seen  keep it down a bit
|c|☆muru drinker|so you wanna play against one of my actual teams is what your saying?
|l| Yomah
|c|☆boobtwink|i mean...
|c|☆boobtwink|if u wanna get porged
|c|☆muru drinker|ok rm
|-message|muru drinker forfeited.
|
|win|boobtwink
