|j|☆aarer
|j|☆earl5000
|t:|1758374757
|gametype|singles
|player|p1|aarer|2|1311
|player|p2|earl5000|170|1352
|gen|9
|tier|[Gen 9] OU
|rated|
|rule|HP Percentage Mod: HP is shown in percentages
|rule|Endless Battle Clause: Forcing endless battles is banned
|rule|Species Clause: Limit one of each Pokémon
|rule|OHKO Clause: OHKO moves are banned
|rule|Evasion Items Clause: Evasion items are banned
|rule|Evasion Moves Clause: Evasion moves are banned
|rule|Evasion Abilities Clause: Evasion abilities are banned
|rule|Sleep Moves Clause: Sleep-inducing moves are banned
|clearpoke
|poke|p1|Hatterene, F|
|poke|p1|Walking Wake|
|poke|p1|Ceruledge, F|
|poke|p1|Ninetales, F|
|poke|p1|Flygon, F|
|poke|p1|Great Tusk|
|poke|p2|Raging Bolt|
|poke|p2|Ogerpon-Wellspring, F|
|poke|p2|Cinderace, M|
|poke|p2|Kyurem|
|poke|p2|Iron Crown|
|poke|p2|Zamazenta-*|
|teampreview
|inactive|Battle timer is ON: inactive players will automatically lose when time's up. (requested by earl5000)
|
|t:|1758374781
|teamsize|p1|6
|teamsize|p2|6
|start
|switch|p1a: Hatterene|Hatterene, F, shiny|100/100
|switch|p2a: Kyurem|Kyurem|100/100
|-ability|p2a: Kyurem|Pressure
|turn|1
|
|t:|1758374785
|move|p2a: Kyurem|Freeze-Dry|p1a: Hatterene
|-damage|p1a: Hatterene|74/100
|move|p1a: Hatterene|Nuzzle|p2a: Kyurem
|-resisted|p2a: Kyurem
|-damage|p2a: Kyurem|99/100
|-status|p2a: Kyurem|par
|
|-heal|p2a: Kyurem|100/100 par|[from] item: Leftovers
|upkeep
|turn|2
|
|t:|1758374790
|move|p2a: Kyurem|Freeze-Dry|p1a: Hatterene
|-damage|p1a: Hatterene|45/100
|move|p1a: Hatterene|Draining Kiss|p2a: Kyurem
|-supereffective|p2a: Kyurem
|-damage|p2a: Kyurem|56/100 par
|-heal|p1a: Hatterene|91/100|[from] drain|[of] p2a: Kyurem
|
|-heal|p2a: Kyurem|62/100 par|[from] item: Leftovers
|upkeep
|turn|3
|
|t:|1758374795
|switch|p2a: Iron Crown|Iron Crown|100/100
|move|p1a: Hatterene|Draining Kiss|p2a: Iron Crown
|-resisted|p2a: Iron Crown
|-damage|p2a: Iron Crown|88/100
|-heal|p1a: Hatterene|100/100|[from] drain|[of] p2a: Iron Crown
|
|upkeep
|turn|4
|
|t:|1758374804
|switch|p1a: Ninetales|Ninetales, F, shiny|100/100
|-weather|SunnyDay|[from] ability: Drought|[of] p1a: Ninetales
|move|p2a: Iron Crown|Tachyon Cutter|p1a: Ninetales
|-resisted|p1a: Ninetales
|-damage|p1a: Ninetales|82/100
|-resisted|p1a: Ninetales
|-damage|p1a: Ninetales|65/100
|-hitcount|p1a: Ninetales|2
|
|-weather|SunnyDay|[upkeep]
|upkeep
|turn|5
|
|t:|1758374812
|switch|p1a: Walking Wake|Walking Wake|100/100
|-activate|p1a: Walking Wake|ability: Protosynthesis
|-start|p1a: Walking Wake|protosynthesisspe
|-end|p2a: Iron Crown|Quark Drive|[silent]
|switch|p2a: Kyurem|Kyurem|62/100 par
|-ability|p2a: Kyurem|Pressure
|
|-weather|SunnyDay|[upkeep]
|-heal|p2a: Kyurem|68/100 par|[from] item: Leftovers
|upkeep
|turn|6
|
|t:|1758374817
|move|p1a: Walking Wake|Dragon Pulse|p2a: Kyurem
|-supereffective|p2a: Kyurem
|-damage|p2a: Kyurem|0 fnt
|faint|p2a: Kyurem
|
|-weather|SunnyDay|[upkeep]
|upkeep
|
|t:|1758374822
|switch|p2a: Raging Bolt|Raging Bolt|100/100
|-activate|p2a: Raging Bolt|ability: Protosynthesis
|-start|p2a: Raging Bolt|protosynthesisspa
|turn|7
|
|t:|1758374826
|-terastallize|p1a: Walking Wake|Electric
|move|p1a: Walking Wake|Dragon Pulse|p2a: Raging Bolt
|-supereffective|p2a: Raging Bolt
|-damage|p2a: Raging Bolt|12/100
|move|p2a: Raging Bolt|Thunderbolt|p1a: Walking Wake
|-resisted|p1a: Walking Wake
|-damage|p1a: Walking Wake|61/100
|
|-weather|SunnyDay|[upkeep]
|upkeep
|turn|8
|
|t:|1758374840
|move|p2a: Raging Bolt|Thunderclap|p1a: Walking Wake
|-resisted|p1a: Walking Wake
|-damage|p1a: Walking Wake|29/100
|move|p1a: Walking Wake|Dragon Pulse|p2a: Raging Bolt
|-supereffective|p2a: Raging Bolt
|-damage|p2a: Raging Bolt|0 fnt
|faint|p2a: Raging Bolt
|-end|p2a: Raging Bolt|Protosynthesis|[silent]
|
|-weather|SunnyDay|[upkeep]
|upkeep
|
|t:|1758374842
|switch|p2a: Cinderace|Cinderace, M|100/100
|turn|9
|
|t:|1758374848
|-end|p1a: Walking Wake|Protosynthesis|[silent]
|switch|p1a: Flygon|Flygon, F|100/100
|move|p2a: Cinderace|Sucker Punch||[still]
|-fail|p2a: Cinderace
|
|-weather|SunnyDay|[upkeep]
|upkeep
|turn|10
|
|t:|1758374859
|move|p1a: Flygon|Earthquake|p2a: Cinderace
|-supereffective|p2a: Cinderace
|-damage|p2a: Cinderace|0 fnt
|faint|p2a: Cinderace
|
|-weather|SunnyDay|[upkeep]
|upkeep
|
|t:|1758374861
|switch|p2a: Ogerpon|Ogerpon-Wellspring, F|100/100
|turn|11
|j| Jinghan Yu
|l| Jinghan Yu
|
|t:|1758374881
|switch|p1a: Great Tusk|Great Tusk|100/100
|-activate|p1a: Great Tusk|ability: Protosynthesis
|-start|p1a: Great Tusk|protosynthesisspe
|move|p2a: Ogerpon|Ivy Cudgel|p1a: Great Tusk|[anim] Ivy Cudgel Water
|-supereffective|p1a: Great Tusk
|-damage|p1a: Great Tusk|60/100
|
|-weather|none
|-end|p1a: Great Tusk|Protosynthesis
|upkeep
|-enditem|p1a: Great Tusk|Booster Energy
|-activate|p1a: Great Tusk|ability: Protosynthesis|[fromitem]
|-start|p1a: Great Tusk|protosynthesisspe
|turn|12
|
|t:|1758374890
|-end|p1a: Great Tusk|Protosynthesis|[silent]
|switch|p1a: Ninetales|Ninetales, F, shiny|65/100
|-weather|SunnyDay|[from] ability: Drought|[of] p1a: Ninetales
|move|p2a: Ogerpon|Ivy Cudgel|p1a: Ninetales|[anim] Ivy Cudgel Water
|-supereffective|p1a: Ninetales
|-damage|p1a: Ninetales|0 fnt
|faint|p1a: Ninetales
|
|-weather|SunnyDay|[upkeep]
|upkeep
|
|t:|1758374899
|switch|p1a: Ceruledge|Ceruledge, F, shiny|100/100
|turn|13
|
|t:|1758374903
|move|p2a: Ogerpon|Ivy Cudgel|p1a: Ceruledge|[anim] Ivy Cudgel Water
|-supereffective|p1a: Ceruledge
|-damage|p1a: Ceruledge|21/100
|-ability|p1a: Ceruledge|Weak Armor|boost
|-unboost|p1a: Ceruledge|def|1
|-boost|p1a: Ceruledge|spe|2
|move|p1a: Ceruledge|Swords Dance|p1a: Ceruledge
|-boost|p1a: Ceruledge|atk|2
|
|-weather|SunnyDay|[upkeep]
|upkeep
|turn|14
|
|t:|1758374907
|-terastallize|p2a: Ogerpon|Water
|detailschange|p2a: Ogerpon|Ogerpon-Wellspring-Tera, F, tera:Water
|-ability|p2a: Ogerpon|Embody Aspect (Wellspring)|boost
|-boost|p2a: Ogerpon|spd|1
|move|p1a: Ceruledge|Bitter Blade|p2a: Ogerpon
|-resisted|p2a: Ogerpon
|-damage|p2a: Ogerpon|14/100
|-heal|p1a: Ceruledge|66/100|[from] drain|[of] p2a: Ogerpon
|move|p2a: Ogerpon|Ivy Cudgel|p1a: Ceruledge|[anim] Ivy Cudgel Water
|-supereffective|p1a: Ceruledge
|-damage|p1a: Ceruledge|0 fnt
|faint|p1a: Ceruledge
|
|-weather|SunnyDay|[upkeep]
|upkeep
|
|t:|1758374915
|switch|p1a: Flygon|Flygon, F|100/100
|turn|15
|
|t:|1758374917
|move|p1a: Flygon|U-turn|p2a: Ogerpon
|-crit|p2a: Ogerpon
|-damage|p2a: Ogerpon|0 fnt
|faint|p2a: Ogerpon
|detailschange|p2: Ogerpon|Ogerpon-Wellspring, F|[silent]
|
|t:|1758374925
|switch|p1a: Walking Wake|Walking Wake, tera:Electric|29/100|[from] U-turn
|-activate|p1a: Walking Wake|ability: Protosynthesis
|-start|p1a: Walking Wake|protosynthesisspe
|
|-weather|SunnyDay|[upkeep]
|upkeep
|
|t:|1758374926
|switch|p2a: Zamazenta|Zamazenta|100/100
|-ability|p2a: Zamazenta|Dauntless Shield|boost
|-boost|p2a: Zamazenta|def|1
|turn|16
|
|t:|1758374932
|-end|p1a: Walking Wake|Protosynthesis|[silent]
|switch|p1a: Hatterene|Hatterene, F, shiny|100/100
|move|p2a: Zamazenta|Body Press|p1a: Hatterene
|-resisted|p1a: Hatterene
|-damage|p1a: Hatterene|87/100
|
|-weather|SunnyDay|[upkeep]
|upkeep
|turn|17
|
|t:|1758374936
|move|p2a: Zamazenta|Crunch|p1a: Hatterene
|-damage|p1a: Hatterene|61/100
|-unboost|p1a: Hatterene|def|1
|move|p1a: Hatterene|Nuzzle|p2a: Zamazenta
|-damage|p2a: Zamazenta|98/100
|-status|p2a: Zamazenta|par
|
|-weather|SunnyDay|[upkeep]
|-heal|p2a: Zamazenta|100/100 par|[from] item: Leftovers
|upkeep
|turn|18
|
|t:|1758374939
|cant|p2a: Zamazenta|par
|move|p1a: Hatterene|Draining Kiss|p2a: Zamazenta
|-supereffective|p2a: Zamazenta
|-damage|p2a: Zamazenta|47/100 par
|-heal|p1a: Hatterene|100/100|[from] drain|[of] p2a: Zamazenta
|
|-weather|SunnyDay|[upkeep]
|-heal|p2a: Zamazenta|53/100 par|[from] item: Leftovers
|upkeep
|turn|19
|-message|earl5000 forfeited.
|
|win|aarer
|raw|aarer's rating: 1311 &rarr; <strong>1333</strong><br />(+22 for winning)
|raw|earl5000's rating: 1352 &rarr; <strong>1330</strong><br />(-22 for losing)
|c|☆aarer|gg
