|j|☆lorped
|j|☆xiaojy
|t:|1758344250
|gametype|singles
|player|p1|lorped|265|1256
|player|p2|xiaojy|nate|1268
|gen|9
|tier|[Gen 9] OU
|rated|
|rule|HP Percentage Mod: HP is shown in percentages
|rule|Endless Battle Clause: Forcing endless battles is banned
|rule|Species Clause: Limit one of each Pokémon
|rule|OHKO Clause: OHKO moves are banned
|rule|Evasion Items Clause: Evasion items are banned
|rule|Evasion Moves Clause: Evasion moves are banned
|rule|Evasion Abilities Clause: Evasion abilities are banned
|rule|Sleep Moves Clause: Sleep-inducing moves are banned
|clearpoke
|poke|p1|Leavanny, F|
|poke|p1|Ceruledge, F|
|poke|p1|Iron Hands|
|poke|p1|Sinistcha|
|poke|p1|Altaria, M|
|poke|p1|Mamoswine, M|
|poke|p2|Iron Moth|
|poke|p2|Corviknight, M|
|poke|p2|Pecharunt|
|poke|p2|Zamazenta-*|
|poke|p2|Primarina, F|
|poke|p2|Gholdengo|
|teampreview
|inactive|Battle timer is ON: inactive players will automatically lose when time's up. (requested by xiaojy)
|
|t:|1758344271
|teamsize|p1|6
|teamsize|p2|6
|start
|switch|p1a: Mamoswine|Mamoswine, M|100/100
|switch|p2a: Gholdengo|Gholdengo, shiny|100/100
|turn|1
|
|t:|1758344282
|move|p1a: Mamoswine|Earthquake|p2a: Gholdengo
|-supereffective|p2a: Gholdengo
|-damage|p2a: Gholdengo|0 fnt
|faint|p2a: Gholdengo
|
|upkeep
|
|t:|1758344299
|switch|p2a: Zamazenta|Zamazenta, shiny|100/100
|-ability|p2a: Zamazenta|Dauntless Shield|boost
|-boost|p2a: Zamazenta|def|1
|turn|2
|
|t:|1758344305
|move|p2a: Zamazenta|Body Press|p1a: Mamoswine
|-supereffective|p1a: Mamoswine
|-damage|p1a: Mamoswine|1/100
|move|p1a: Mamoswine|Earthquake|p2a: Zamazenta
|-damage|p2a: Zamazenta|68/100
|
|-heal|p2a: Zamazenta|74/100|[from] item: Leftovers
|upkeep
|turn|3
|
|t:|1758344313
|move|p2a: Zamazenta|Crunch|p1a: Mamoswine
|-damage|p1a: Mamoswine|0 fnt
|faint|p1a: Mamoswine
|
|-heal|p2a: Zamazenta|80/100|[from] item: Leftovers
|upkeep
|
|t:|1758344322
|switch|p1a: Ceruledge|Ceruledge, F|100/100
|-item|p1a: Ceruledge|Air Balloon
|turn|4
|
|t:|1758344330
|-terastallize|p1a: Ceruledge|Fairy
|move|p2a: Zamazenta|Crunch|p1a: Ceruledge
|-resisted|p1a: Ceruledge
|-damage|p1a: Ceruledge|79/100
|-enditem|p1a: Ceruledge|Air Balloon
|move|p1a: Ceruledge|Will-O-Wisp|p2a: Zamazenta|[miss]
|-miss|p1a: Ceruledge|p2a: Zamazenta
|
|-heal|p2a: Zamazenta|87/100|[from] item: Leftovers
|upkeep
|turn|5
|
|t:|1758344344
|switch|p2a: Pecharunt|Pecharunt|100/100
|move|p1a: Ceruledge|Bitter Blade|p2a: Pecharunt
|-damage|p2a: Pecharunt|68/100
|-heal|p1a: Ceruledge|96/100|[from] drain|[of] p2a: Pecharunt
|
|-heal|p2a: Pecharunt|74/100|[from] item: Leftovers
|upkeep
|turn|6
|
|t:|1758344358
|switch|p1a: Altaria|Altaria, M|100/100
|-ability|p1a: Altaria|Cloud Nine
|move|p2a: Pecharunt|Malignant Chain|p1a: Altaria
|-crit|p1a: Altaria
|-damage|p1a: Altaria|30/100
|
|-heal|p2a: Pecharunt|80/100|[from] item: Leftovers
|upkeep
|turn|7
|
|t:|1758344369
|move|p1a: Altaria|Tailwind|p1a: Altaria
|-sidestart|p1: lorped|move: Tailwind
|move|p2a: Pecharunt|Malignant Chain|p1a: Altaria
|-damage|p1a: Altaria|0 fnt
|faint|p1a: Altaria
|
|-heal|p2a: Pecharunt|86/100|[from] item: Leftovers
|upkeep
|inactive|lorped has 120 seconds left.
|
|t:|1758344401
|switch|p1a: Iron Hands|Iron Hands|100/100
|-enditem|p1a: Iron Hands|Booster Energy
|-activate|p1a: Iron Hands|ability: Quark Drive|[fromitem]
|-start|p1a: Iron Hands|quarkdriveatk
|turn|8
|inactive|lorped has 120 seconds left.
|
|t:|1758344418
|move|p1a: Iron Hands|Supercell Slam|p2a: Pecharunt
|-damage|p2a: Pecharunt|28/100
|move|p2a: Pecharunt|Malignant Chain|p1a: Iron Hands
|-damage|p1a: Iron Hands|65/100
|-status|p1a: Iron Hands|tox
|-start|p1a: Iron Hands|confusion|[from] ability: Poison Puppeteer|[of] p2a: Pecharunt
|
|-heal|p2a: Pecharunt|34/100|[from] item: Leftovers
|-damage|p1a: Iron Hands|59/100 tox|[from] psn
|upkeep
|turn|9
|inactive|lorped has 120 seconds left.
|
|t:|1758344429
|-activate|p1a: Iron Hands|confusion
|move|p1a: Iron Hands|Supercell Slam|p2a: Pecharunt
|-damage|p2a: Pecharunt|0 fnt
|faint|p2a: Pecharunt
|
|-damage|p1a: Iron Hands|47/100 tox|[from] psn
|upkeep
|
|t:|1758344440
|switch|p2a: Primarina|Primarina, F, shiny|100/100
|turn|10
|
|t:|1758344443
|-activate|p1a: Iron Hands|confusion
|move|p1a: Iron Hands|Supercell Slam|p2a: Primarina
|-supereffective|p2a: Primarina
|-damage|p2a: Primarina|0 fnt
|faint|p2a: Primarina
|
|-damage|p1a: Iron Hands|29/100 tox|[from] psn
|-sideend|p1: lorped|move: Tailwind
|upkeep
|
|t:|1758344448
|switch|p2a: Iron Moth|Iron Moth, shiny|100/100
|-enditem|p2a: Iron Moth|Booster Energy
|-activate|p2a: Iron Moth|ability: Quark Drive|[fromitem]
|-start|p2a: Iron Moth|quarkdrivespa
|turn|11
|
|t:|1758344455
|move|p2a: Iron Moth|Fiery Dance|p1a: Iron Hands
|-damage|p1a: Iron Hands|0 fnt
|-boost|p2a: Iron Moth|spa|1
|faint|p1a: Iron Hands
|-end|p1a: Iron Hands|Quark Drive|[silent]
|
|upkeep
|
|t:|1758344462
|switch|p1a: Leavanny|Leavanny, F|100/100
|turn|12
|
|t:|1758344469
|move|p1a: Leavanny|Switcheroo|p2a: Iron Moth
|-activate|p1a: Leavanny|move: Trick|[of] p2a: Iron Moth
|-item|p2a: Iron Moth|Choice Scarf|[from] move: Switcheroo
|-enditem|p1a: Leavanny|Choice Scarf|[silent]|[from] move: Switcheroo
|move|p2a: Iron Moth|Fiery Dance|p1a: Leavanny
|-supereffective|p1a: Leavanny
|-damage|p1a: Leavanny|0 fnt
|-boost|p2a: Iron Moth|spa|1
|faint|p1a: Leavanny
|
|upkeep
|
|t:|1758344477
|switch|p1a: Ceruledge|Ceruledge, F, tera:Fairy|96/100
|turn|13
|
|t:|1758344482
|move|p2a: Iron Moth|Fiery Dance|p1a: Ceruledge
|-start|p1a: Ceruledge|ability: Flash Fire
|move|p1a: Ceruledge|Swords Dance|p1a: Ceruledge
|-boost|p1a: Ceruledge|atk|2
|
|upkeep
|turn|14
|
|t:|1758344494
|-end|p2a: Iron Moth|Quark Drive|[silent]
|switch|p2a: Corviknight|Corviknight, M, shiny|100/100
|move|p1a: Ceruledge|Swords Dance|p1a: Ceruledge
|-boost|p1a: Ceruledge|atk|2
|
|upkeep
|turn|15
|
|t:|1758344499
|move|p1a: Ceruledge|Bitter Blade|p2a: Corviknight
|-supereffective|p2a: Corviknight
|-damage|p2a: Corviknight|0 fnt
|-heal|p1a: Ceruledge|100/100|[from] drain|[of] p2a: Corviknight
|faint|p2a: Corviknight
|
|upkeep
|
|t:|1758344506
|switch|p2a: Zamazenta|Zamazenta, shiny|87/100
|turn|16
|
|t:|1758344511
|-terastallize|p2a: Zamazenta|Fairy
|move|p2a: Zamazenta|Play Rough|p1a: Ceruledge
|-damage|p1a: Ceruledge|28/100
|move|p1a: Ceruledge|Bitter Blade|p2a: Zamazenta
|-damage|p2a: Zamazenta|0 fnt
|-heal|p1a: Ceruledge|76/100|[from] drain|[of] p2a: Zamazenta
|faint|p2a: Zamazenta
|
|upkeep
|
|t:|1758344513
|switch|p2a: Iron Moth|Iron Moth, shiny|100/100
|turn|17
|
|t:|1758344526
|move|p1a: Ceruledge|Shadow Sneak|p2a: Iron Moth
|-damage|p2a: Iron Moth|0 fnt
|faint|p2a: Iron Moth
|-end|p2a: Iron Moth|Quark Drive|[silent]
|
|win|lorped
|raw|lorped's rating: 1256 &rarr; <strong>1282</strong><br />(+26 for winning)
|raw|xiaojy's rating: 1268 &rarr; <strong>1242</strong><br />(-26 for losing)
|l|☆xiaojy
|player|p2|
|l|☆lorped
|player|p1|
