|j|☆Sksupreme
|j|☆zzz462929317
|t:|1758263532
|gametype|singles
|player|p1|Sksupreme|veteran|1245
|player|p2|zzz462929317|hilbert|1241
|gen|9
|tier|[Gen 9] OU
|rated|
|rule|HP Percentage Mod: HP is shown in percentages
|rule|Endless Battle Clause: Forcing endless battles is banned
|rule|Species Clause: Limit one of each Pokémon
|rule|OHKO Clause: OHKO moves are banned
|rule|Evasion Items Clause: Evasion items are banned
|rule|Evasion Moves Clause: Evasion moves are banned
|rule|Evasion Abilities Clause: Evasion abilities are banned
|rule|Sleep Moves Clause: Sleep-inducing moves are banned
|clearpoke
|poke|p1|Bisharp, M|
|poke|p1|Mandibuzz, F|
|poke|p1|Alomomola, M|
|poke|p1|Serperior, F|
|poke|p1|Conkeldurr, M|
|poke|p1|Kyurem|
|poke|p2|Zapdos|
|poke|p2|Pelipper, F|
|poke|p2|Sandy Shocks|
|poke|p2|Basculegion, M|
|poke|p2|Greninja-*, M|
|poke|p2|Scizor, M|
|teampreview
|
|t:|1758263542
|teamsize|p1|6
|teamsize|p2|6
|start
|switch|p1a: Kyurem|Kyurem, shiny|100/100
|switch|p2a: Pelipper|Pelipper, F|100/100
|-ability|p1a: Kyurem|Pressure
|-weather|RainDance|[from] ability: Drizzle|[of] p2a: Pelipper
|turn|1
|inactive|Battle timer is ON: inactive players will automatically lose when time's up. (requested by zzz462929317)
|
|t:|1758263552
|switch|p2a: Scizor|Scizor, M|100/100
|move|p1a: Kyurem|Dragon Dance|p1a: Kyurem
|-boost|p1a: Kyurem|atk|1
|-boost|p1a: Kyurem|spe|1
|
|-weather|RainDance|[upkeep]
|upkeep
|turn|2
|
|t:|1758263567
|switch|p1a: Mandibuzz|Mandibuzz, F, shiny|100/100
|move|p2a: Scizor|Bullet Punch|p1a: Mandibuzz
|-damage|p1a: Mandibuzz|78/100
|-damage|p2a: Scizor|84/100|[from] item: Rocky Helmet|[of] p1a: Mandibuzz
|
|-weather|RainDance|[upkeep]
|upkeep
|turn|3
|
|t:|1758263577
|switch|p2a: Zapdos|Zapdos|100/100
|move|p1a: Mandibuzz|Roost|p1a: Mandibuzz
|-heal|p1a: Mandibuzz|100/100
|-singleturn|p1a: Mandibuzz|move: Roost
|
|-weather|RainDance|[upkeep]
|upkeep
|turn|4
|
|t:|1758263600
|switch|p1a: Serperior|Serperior, F, shiny|100/100
|move|p2a: Zapdos|Thunder|p1a: Serperior
|-resisted|p1a: Serperior
|-damage|p1a: Serperior|83/100
|
|-weather|RainDance|[upkeep]
|upkeep
|turn|5
|
|t:|1758263611
|-terastallize|p1a: Serperior|Electric
|move|p2a: Zapdos|Hurricane|p1a: Serperior
|-resisted|p1a: Serperior
|-damage|p1a: Serperior|63/100
|move|p1a: Serperior|Leaf Storm|p2a: Zapdos
|-resisted|p2a: Zapdos
|-damage|p2a: Zapdos|79/100
|-boost|p1a: Serperior|spa|2
|
|-weather|RainDance|[upkeep]
|upkeep
|turn|6
|
|t:|1758263631
|move|p2a: Zapdos|Hurricane|p1a: Serperior
|-resisted|p1a: Serperior
|-damage|p1a: Serperior|44/100
|move|p1a: Serperior|Leaf Storm|p2a: Zapdos
|-resisted|p2a: Zapdos
|-damage|p2a: Zapdos|31/100
|-boost|p1a: Serperior|spa|2
|
|-weather|RainDance|[upkeep]
|upkeep
|turn|7
|inactive|Sksupreme has 120 seconds left.
|
|t:|1758263658
|move|p2a: Zapdos|Hurricane|p1a: Serperior
|-resisted|p1a: Serperior
|-damage|p1a: Serperior|26/100
|move|p1a: Serperior|Leaf Storm|p2a: Zapdos|[miss]
|-miss|p1a: Serperior|p2a: Zapdos
|
|-weather|RainDance|[upkeep]
|upkeep
|turn|8
|
|t:|1758263667
|move|p2a: Zapdos|Hurricane|p1a: Serperior
|-resisted|p1a: Serperior
|-damage|p1a: Serperior|6/100
|move|p1a: Serperior|Giga Drain|p2a: Zapdos
|-resisted|p2a: Zapdos
|-damage|p2a: Zapdos|0 fnt
|-heal|p1a: Serperior|20/100|[from] drain|[of] p2a: Zapdos
|faint|p2a: Zapdos
|
|-weather|none
|upkeep
|
|t:|1758263680
|switch|p2a: Scizor|Scizor, M|84/100
|turn|9
|
|t:|1758263686
|move|p2a: Scizor|Bullet Punch|p1a: Serperior
|-resisted|p1a: Serperior
|-damage|p1a: Serperior|4/100
|move|p1a: Serperior|Tera Blast|p2a: Scizor|[anim] Tera Blast Electric
|-damage|p2a: Scizor|0 fnt
|faint|p2a: Scizor
|
|upkeep
|
|t:|1758263691
|switch|p2a: Greninja|Greninja, M|100/100
|turn|10
|
|t:|1758263697
|switch|p1a: Alomomola|Alomomola, M, shiny|100/100
|move|p2a: Greninja|Water Shuriken|p1a: Alomomola
|-resisted|p1a: Alomomola
|-crit|p1a: Alomomola
|-damage|p1a: Alomomola|95/100
|-resisted|p1a: Alomomola
|-damage|p1a: Alomomola|92/100
|-resisted|p1a: Alomomola
|-damage|p1a: Alomomola|89/100
|-hitcount|p1a: Alomomola|3
|-damage|p2a: Greninja|91/100|[from] item: Life Orb
|
|-heal|p1a: Alomomola|95/100|[from] item: Leftovers
|upkeep
|turn|11
|
|t:|1758263719
|switch|p2a: Pelipper|Pelipper, F|100/100
|-weather|RainDance|[from] ability: Drizzle|[of] p2a: Pelipper
|move|p1a: Alomomola|Wish|p1a: Alomomola
|
|-weather|RainDance|[upkeep]
|-heal|p1a: Alomomola|100/100|[from] item: Leftovers
|upkeep
|turn|12
|
|t:|1758263726
|move|p2a: Pelipper|U-turn|p1a: Alomomola
|-damage|p1a: Alomomola|95/100
|
|t:|1758263739
|switch|p2a: Basculegion|Basculegion, M|100/100|[from] U-turn
|move|p1a: Alomomola|Flip Turn|p2a: Basculegion
|-resisted|p2a: Basculegion
|-damage|p2a: Basculegion|85/100
|
|t:|1758263751
|switch|p1a: Serperior|Serperior, F, shiny, tera:Electric|4/100|[from] Flip Turn
|
|-weather|RainDance|[upkeep]
|-heal|p1a: Serperior|81/100|[from] move: Wish|[wisher] Alomomola
|upkeep
|turn|13
|
|t:|1758263761
|-terastallize|p2a: Basculegion|Water
|move|p2a: Basculegion|Wave Crash|p1a: Serperior
|-damage|p1a: Serperior|0 fnt
|faint|p1a: Serperior
|-damage|p2a: Basculegion|60/100|[from] Recoil
|
|-weather|RainDance|[upkeep]
|upkeep
|
|t:|1758263775
|switch|p1a: Kyurem|Kyurem, shiny|100/100
|-ability|p1a: Kyurem|Pressure
|turn|14
|
|t:|1758263780
|move|p2a: Basculegion|Wave Crash|p1a: Kyurem
|-resisted|p1a: Kyurem
|-damage|p1a: Kyurem|20/100
|-damage|p2a: Basculegion|31/100|[from] Recoil
|move|p1a: Kyurem|Dragon Dance|p1a: Kyurem
|-boost|p1a: Kyurem|atk|1
|-boost|p1a: Kyurem|spe|1
|
|-weather|RainDance|[upkeep]
|upkeep
|turn|15
|
|t:|1758263789
|move|p2a: Basculegion|Wave Crash|p1a: Kyurem
|-resisted|p1a: Kyurem
|-damage|p1a: Kyurem|0 fnt
|faint|p1a: Kyurem
|-damage|p2a: Basculegion|24/100|[from] Recoil
|
|-weather|RainDance|[upkeep]
|upkeep
|
|t:|1758263796
|switch|p1a: Conkeldurr|Conkeldurr, M, shiny|100/100
|turn|16
|
|t:|1758263800
|move|p2a: Basculegion|Wave Crash|p1a: Conkeldurr
|-damage|p1a: Conkeldurr|0 fnt
|faint|p1a: Conkeldurr
|-damage|p2a: Basculegion|0 fnt|[from] Recoil
|faint|p2a: Basculegion
|
|-weather|RainDance|[upkeep]
|upkeep
|
|t:|1758263810
|switch|p2a: Sandy Shocks|Sandy Shocks|100/100
|switch|p1a: Bisharp|Bisharp, M, shiny|100/100
|-enditem|p2a: Sandy Shocks|Booster Energy
|-activate|p2a: Sandy Shocks|ability: Protosynthesis|[fromitem]
|-start|p2a: Sandy Shocks|protosynthesisspe
|turn|17
|
|t:|1758263822
|switch|p1a: Mandibuzz|Mandibuzz, F, shiny|100/100
|move|p2a: Sandy Shocks|Earth Power|p1a: Mandibuzz
|-immune|p1a: Mandibuzz
|
|-weather|RainDance|[upkeep]
|upkeep
|turn|18
|
|t:|1758263839
|move|p2a: Sandy Shocks|Discharge|p1a: Mandibuzz
|-supereffective|p1a: Mandibuzz
|-damage|p1a: Mandibuzz|41/100
|move|p1a: Mandibuzz|Toxic|p2a: Sandy Shocks
|-status|p2a: Sandy Shocks|tox
|
|-weather|none
|-damage|p2a: Sandy Shocks|94/100 tox|[from] psn
|upkeep
|turn|19
|
|t:|1758263848
|switch|p1a: Bisharp|Bisharp, M, shiny|100/100
|move|p2a: Sandy Shocks|Discharge|p1a: Bisharp
|-damage|p1a: Bisharp|71/100
|
|-damage|p2a: Sandy Shocks|82/100 tox|[from] psn
|upkeep
|turn|20
|
|t:|1758263860
|switch|p1a: Mandibuzz|Mandibuzz, F, shiny|41/100
|move|p2a: Sandy Shocks|Discharge|p1a: Mandibuzz
|-supereffective|p1a: Mandibuzz
|-damage|p1a: Mandibuzz|0 fnt
|faint|p1a: Mandibuzz
|
|-damage|p2a: Sandy Shocks|63/100 tox|[from] psn
|upkeep
|
|t:|1758263868
|switch|p1a: Alomomola|Alomomola, M, shiny|100/100
|turn|21
|
|t:|1758263871
|move|p2a: Sandy Shocks|Discharge|p1a: Alomomola
|-supereffective|p1a: Alomomola
|-damage|p1a: Alomomola|42/100
|move|p1a: Alomomola|Flip Turn|p2a: Sandy Shocks
|-supereffective|p2a: Sandy Shocks
|-damage|p2a: Sandy Shocks|29/100 tox
|
|t:|1758263895
|switch|p1a: Bisharp|Bisharp, M, shiny|71/100|[from] Flip Turn
|
|-damage|p2a: Sandy Shocks|5/100 tox|[from] psn
|upkeep
|turn|22
|
|t:|1758263900
|move|p1a: Bisharp|Sucker Punch|p2a: Sandy Shocks
|-damage|p2a: Sandy Shocks|0 fnt
|faint|p2a: Sandy Shocks
|-end|p2a: Sandy Shocks|Protosynthesis|[silent]
|
|upkeep
|
|t:|1758263903
|switch|p2a: Pelipper|Pelipper, F|100/100
|-weather|RainDance|[from] ability: Drizzle|[of] p2a: Pelipper
|turn|23
|l|☆Sksupreme
|inactive|Sksupreme disconnected and has a minute to reconnect!
|player|p1|
|inactive|Sksupreme has 30 seconds to reconnect!
|inactive|Sksupreme has 20 seconds to reconnect!
|inactive|Sksupreme has 15 seconds to reconnect!
|j|☆Sksupreme
|inactive|Sksupreme reconnected and has 90 seconds left.
|player|p1|Sksupreme|veteran|
|
|t:|1758263973
|switch|p1a: Alomomola|Alomomola, M, shiny|75/100
|move|p2a: Pelipper|Hurricane|p1a: Alomomola
|-damage|p1a: Alomomola|37/100
|-start|p1a: Alomomola|confusion
|
|-weather|RainDance|[upkeep]
|-heal|p1a: Alomomola|43/100|[from] item: Leftovers
|upkeep
|turn|24
|
|t:|1758263984
|move|p2a: Pelipper|Hurricane|p1a: Alomomola
|-damage|p1a: Alomomola|2/100
|-activate|p1a: Alomomola|confusion
|move|p1a: Alomomola|Wish|p1a: Alomomola
|
|-weather|RainDance|[upkeep]
|-heal|p1a: Alomomola|8/100|[from] item: Leftovers
|upkeep
|turn|25
|
|t:|1758263992
|switch|p1a: Bisharp|Bisharp, M, shiny|71/100
|move|p2a: Pelipper|Surf|p1a: Bisharp
|-damage|p1a: Bisharp|21/100
|
|-weather|RainDance|[upkeep]
|-heal|p1a: Bisharp|100/100|[from] move: Wish|[wisher] Alomomola
|upkeep
|turn|26
|inactive|Sksupreme has 90 seconds left.
|
|t:|1758264005
|move|p1a: Bisharp|Iron Head|p2a: Pelipper
|-resisted|p2a: Pelipper
|-damage|p2a: Pelipper|79/100
|move|p2a: Pelipper|Surf|p1a: Bisharp
|-damage|p1a: Bisharp|54/100
|
|-weather|RainDance|[upkeep]
|upkeep
|turn|27
|inactive|Sksupreme has 90 seconds left.
|
|t:|1758264013
|move|p1a: Bisharp|Iron Head|p2a: Pelipper
|-resisted|p2a: Pelipper
|-damage|p2a: Pelipper|59/100
|move|p2a: Pelipper|Surf|p1a: Bisharp
|-damage|p1a: Bisharp|5/100
|
|-weather|RainDance|[upkeep]
|upkeep
|turn|28
|inactive|Sksupreme has 90 seconds left.
|
|t:|1758264026
|move|p1a: Bisharp|Sucker Punch|p2a: Pelipper
|-damage|p2a: Pelipper|25/100
|move|p2a: Pelipper|Hurricane|p1a: Bisharp
|-resisted|p1a: Bisharp
|-damage|p1a: Bisharp|0 fnt
|faint|p1a: Bisharp
|
|-weather|RainDance|[upkeep]
|upkeep
|inactive|Sksupreme has 90 seconds left.
|
|t:|1758264033
|switch|p1a: Alomomola|Alomomola, M, shiny|41/100
|turn|29
|inactive|Sksupreme has 90 seconds left.
|
|t:|1758264047
|move|p2a: Pelipper|Hurricane|p1a: Alomomola
|-damage|p1a: Alomomola|4/100
|move|p1a: Alomomola|Wish|p1a: Alomomola
|
|-weather|RainDance|[upkeep]
|-heal|p1a: Alomomola|10/100|[from] item: Leftovers
|upkeep
|turn|30
|
|t:|1758264054
|move|p2a: Pelipper|Hurricane|p1a: Alomomola
|-damage|p1a: Alomomola|0 fnt
|faint|p1a: Alomomola
|
|win|zzz462929317
|raw|Sksupreme's rating: 1245 &rarr; <strong>1220</strong><br />(-25 for losing)
|raw|zzz462929317's rating: 1241 &rarr; <strong>1266</strong><br />(+25 for winning)
|l|☆Sksupreme
|player|p1|
|l|☆zzz462929317
|player|p2|
