|j|☆brutalshaman
|j|☆Lolfrog123
|t:|1758254375
|gametype|singles
|player|p1|brutalshaman|blackbelt-gen4dp|1357
|player|p2|Lolfrog123|1|1314
|gen|9
|tier|[Gen 9] OU
|rated|
|rule|HP Percentage Mod: HP is shown in percentages
|rule|Endless Battle Clause: Forcing endless battles is banned
|rule|Species Clause: Limit one of each Pokémon
|rule|OHKO Clause: OHKO moves are banned
|rule|Evasion Items Clause: Evasion items are banned
|rule|Evasion Moves Clause: Evasion moves are banned
|rule|Evasion Abilities Clause: Evasion abilities are banned
|rule|Sleep Moves Clause: Sleep-inducing moves are banned
|clearpoke
|poke|p1|Ninetales, F|
|poke|p1|Raging Bolt|
|poke|p1|Hatterene, F|
|poke|p1|Walking Wake|
|poke|p1|Great Tusk|
|poke|p1|Scizor, F|
|poke|p2|Pelipper, F|
|poke|p2|Iron Treads|
|poke|p2|Toxicroak, F|
|poke|p2|Barraskewda, F|
|poke|p2|Zapdos|
|poke|p2|Hatterene, F|
|teampreview
|inactive|Battle timer is ON: inactive players will automatically lose when time's up. (requested by Lolfrog123)
|
|t:|1758254383
|teamsize|p1|6
|teamsize|p2|6
|start
|switch|p1a: Walking Wake|Walking Wake|100/100
|switch|p2a: Iron Treads|Iron Treads|100/100
|turn|1
|
|t:|1758254389
|-end|p2a: Iron Treads|Quark Drive|[silent]
|switch|p2a: Pelipper|Pelipper, F|100/100
|-weather|RainDance|[from] ability: Drizzle|[of] p2a: Pelipper
|move|p1a: Walking Wake|Hydro Steam|p2a: Pelipper
|-resisted|p2a: Pelipper
|-damage|p2a: Pelipper|56/100
|
|-weather|RainDance|[upkeep]
|upkeep
|turn|2
|
|t:|1758254402
|-end|p1a: Walking Wake|Protosynthesis|[silent]
|switch|p1a: Ninetales|Ninetales, F, shiny|100/100
|-weather|SunnyDay|[from] ability: Drought|[of] p1a: Ninetales
|move|p2a: Pelipper|U-turn|p1a: Ninetales
|-resisted|p1a: Ninetales
|-damage|p1a: Ninetales|95/100
|
|t:|1758254408
|switch|p2a: Iron Treads|Iron Treads|100/100|[from] U-turn
|
|-weather|SunnyDay|[upkeep]
|upkeep
|turn|3
|
|t:|1758254411
|switch|p1a: Hatterene|Hatterene, F|100/100
|move|p2a: Iron Treads|Stealth Rock|p1a: Hatterene
|move|p1a: Hatterene|Stealth Rock|p2a: Iron Treads|[from] ability: Magic Bounce
|-sidestart|p2: Lolfrog123|move: Stealth Rock
|
|-weather|SunnyDay|[upkeep]
|upkeep
|turn|4
|
|t:|1758254414
|move|p2a: Iron Treads|Rapid Spin|p1a: Hatterene
|-damage|p1a: Hatterene|90/100
|-boost|p2a: Iron Treads|spe|1
|-sideend|p2: Lolfrog123|Stealth Rock|[from] move: Rapid Spin|[of] p2a: Iron Treads
|move|p1a: Hatterene|Mystical Fire|p2a: Iron Treads
|-supereffective|p2a: Iron Treads
|-damage|p2a: Iron Treads|44/100
|-unboost|p2a: Iron Treads|spa|1
|
|-weather|SunnyDay|[upkeep]
|-heal|p2a: Iron Treads|50/100|[from] item: Leftovers
|upkeep
|turn|5
|
|t:|1758254421
|-end|p2a: Iron Treads|Quark Drive|[silent]
|switch|p2a: Pelipper|Pelipper, F|56/100
|-weather|RainDance|[from] ability: Drizzle|[of] p2a: Pelipper
|move|p1a: Hatterene|Mystical Fire|p2a: Pelipper
|-resisted|p2a: Pelipper
|-damage|p2a: Pelipper|51/100
|-unboost|p2a: Pelipper|spa|1
|
|-weather|RainDance|[upkeep]
|upkeep
|turn|6
|
|t:|1758254425
|move|p2a: Pelipper|Hurricane|p1a: Hatterene
|-damage|p1a: Hatterene|65/100
|move|p1a: Hatterene|Calm Mind|p1a: Hatterene
|-boost|p1a: Hatterene|spa|1
|-boost|p1a: Hatterene|spd|1
|
|-weather|RainDance|[upkeep]
|upkeep
|turn|7
|
|t:|1758254436
|switch|p2a: Zapdos|Zapdos|100/100
|move|p1a: Hatterene|Draining Kiss|p2a: Zapdos
|-damage|p2a: Zapdos|62/100
|-heal|p1a: Hatterene|94/100|[from] drain|[of] p2a: Zapdos
|
|-weather|RainDance|[upkeep]
|upkeep
|turn|8
|
|t:|1758254449
|-terastallize|p2a: Zapdos|Flying
|move|p2a: Zapdos|Hurricane|p1a: Hatterene
|-damage|p1a: Hatterene|21/100
|move|p1a: Hatterene|Calm Mind|p1a: Hatterene
|-boost|p1a: Hatterene|spa|1
|-boost|p1a: Hatterene|spd|1
|
|-weather|RainDance|[upkeep]
|upkeep
|turn|9
|
|t:|1758254457
|switch|p1a: Ninetales|Ninetales, F, shiny|95/100
|-weather|SunnyDay|[from] ability: Drought|[of] p1a: Ninetales
|move|p2a: Zapdos|Hurricane|p1a: Ninetales
|-damage|p1a: Ninetales|0 fnt
|faint|p1a: Ninetales
|
|-weather|SunnyDay|[upkeep]
|upkeep
|
|t:|1758254460
|switch|p1a: Walking Wake|Walking Wake|100/100
|-activate|p1a: Walking Wake|ability: Protosynthesis
|-start|p1a: Walking Wake|protosynthesisspe
|turn|10
|
|t:|1758254477
|switch|p2a: Pelipper|Pelipper, F|51/100
|-weather|RainDance|[from] ability: Drizzle|[of] p2a: Pelipper
|-end|p1a: Walking Wake|Protosynthesis
|-terastallize|p1a: Walking Wake|Water
|move|p1a: Walking Wake|Hydro Steam|p2a: Pelipper
|-resisted|p2a: Pelipper
|-damage|p2a: Pelipper|0 fnt
|faint|p2a: Pelipper
|
|-weather|RainDance|[upkeep]
|upkeep
|inactive|Lolfrog123 has 120 seconds left.
|
|t:|1758254500
|switch|p2a: Barraskewda|Barraskewda, F|100/100
|turn|11
|
|t:|1758254501
|move|p2a: Barraskewda|Flip Turn|p1a: Walking Wake
|-resisted|p1a: Walking Wake
|-damage|p1a: Walking Wake|62/100
|
|t:|1758254510
|switch|p2a: Iron Treads|Iron Treads|50/100|[from] Flip Turn
|move|p1a: Walking Wake|Hydro Steam|p2a: Iron Treads
|-supereffective|p2a: Iron Treads
|-damage|p2a: Iron Treads|0 fnt
|faint|p2a: Iron Treads
|-end|p2a: Iron Treads|Quark Drive|[silent]
|
|-weather|RainDance|[upkeep]
|upkeep
|
|t:|1758254514
|switch|p2a: Barraskewda|Barraskewda, F|100/100
|turn|12
|
|t:|1758254525
|-end|p1a: Walking Wake|Protosynthesis|[silent]
|switch|p1a: Hatterene|Hatterene, F|21/100
|move|p2a: Barraskewda|Close Combat|p1a: Hatterene
|-resisted|p1a: Hatterene
|-damage|p1a: Hatterene|7/100
|-unboost|p2a: Barraskewda|def|1
|-unboost|p2a: Barraskewda|spd|1
|
|-weather|RainDance|[upkeep]
|upkeep
|turn|13
|
|t:|1758254538
|switch|p1a: Great Tusk|Great Tusk, shiny|100/100
|move|p2a: Barraskewda|Close Combat|p1a: Great Tusk
|-damage|p1a: Great Tusk|50/100
|-unboost|p2a: Barraskewda|def|1
|-unboost|p2a: Barraskewda|spd|1
|-damage|p2a: Barraskewda|84/100|[from] item: Rocky Helmet|[of] p1a: Great Tusk
|
|-weather|RainDance|[upkeep]
|upkeep
|turn|14
|
|t:|1758254556
|switch|p2a: Hatterene|Hatterene, F|100/100
|-end|p1a: Great Tusk|Protosynthesis|[silent]
|switch|p1a: Hatterene|Hatterene, F|7/100
|
|-weather|RainDance|[upkeep]
|upkeep
|turn|15
|
|t:|1758254569
|switch|p1a: Scizor|Scizor, F|100/100
|move|p2a: Hatterene|Draining Kiss|p1a: Scizor
|-resisted|p1a: Scizor
|-damage|p1a: Scizor|86/100
|
|-weather|RainDance|[upkeep]
|upkeep
|turn|16
|
|t:|1758254587
|switch|p1a: Walking Wake|Walking Wake, tera:Water|62/100
|move|p2a: Hatterene|Nuzzle|p1a: Walking Wake
|-supereffective|p1a: Walking Wake
|-damage|p1a: Walking Wake|54/100
|-status|p1a: Walking Wake|par
|
|-weather|RainDance|[upkeep]
|upkeep
|turn|17
|
|t:|1758254601
|move|p1a: Walking Wake|Hydro Steam|p2a: Hatterene
|-damage|p2a: Hatterene|0 fnt
|faint|p2a: Hatterene
|
|-weather|none
|upkeep
|
|t:|1758254603
|switch|p2a: Zapdos|Zapdos, tera:Flying|62/100
|turn|18
|
|t:|1758254616
|-end|p1a: Walking Wake|Protosynthesis|[silent]
|switch|p1a: Hatterene|Hatterene, F|7/100
|move|p2a: Zapdos|Volt Switch|p1a: Hatterene
|-damage|p1a: Hatterene|0 fnt
|faint|p1a: Hatterene
|
|t:|1758254622
|switch|p2a: Barraskewda|Barraskewda, F|84/100|[from] Volt Switch
|
|upkeep
|inactive|brutalshaman has 120 seconds left.
|
|t:|1758254654
|switch|p1a: Scizor|Scizor, F|86/100
|turn|19
|
|t:|1758254665
|move|p1a: Scizor|Bullet Punch|p2a: Barraskewda
|-resisted|p2a: Barraskewda
|-damage|p2a: Barraskewda|31/100
|move|p2a: Barraskewda|Flip Turn|p1a: Scizor
|-damage|p1a: Scizor|34/100
|
|t:|1758254668
|switch|p2a: Toxicroak|Toxicroak, F|100/100|[from] Flip Turn
|
|upkeep
|turn|20
|
|t:|1758254672
|switch|p1a: Great Tusk|Great Tusk, shiny|50/100
|move|p2a: Toxicroak|Knock Off|p1a: Great Tusk
|-resisted|p1a: Great Tusk
|-damage|p1a: Great Tusk|42/100
|-damage|p2a: Toxicroak|84/100|[from] item: Rocky Helmet|[of] p1a: Great Tusk
|-enditem|p1a: Great Tusk|Rocky Helmet|[from] move: Knock Off|[of] p2a: Toxicroak
|
|upkeep
|turn|21
|
|t:|1758254688
|switch|p2a: Zapdos|Zapdos, tera:Flying|62/100
|move|p1a: Great Tusk|Rapid Spin|p2a: Zapdos
|-damage|p2a: Zapdos|40/100
|-boost|p1a: Great Tusk|spe|1
|
|upkeep
|turn|22
|
|t:|1758254703
|switch|p2a: Toxicroak|Toxicroak, F|84/100
|move|p1a: Great Tusk|Ice Spinner|p2a: Toxicroak
|-damage|p2a: Toxicroak|59/100
|-damage|p1a: Great Tusk|26/100|[from] item: Rocky Helmet|[of] p2a: Toxicroak
|
|upkeep
|turn|23
|
|t:|1758254710
|move|p1a: Great Tusk|Headlong Rush|p2a: Toxicroak
|-supereffective|p2a: Toxicroak
|-damage|p2a: Toxicroak|0 fnt
|-unboost|p1a: Great Tusk|def|1
|-unboost|p1a: Great Tusk|spd|1
|-damage|p1a: Great Tusk|9/100|[from] item: Rocky Helmet|[of] p2a: Toxicroak
|faint|p2a: Toxicroak
|
|upkeep
|
|t:|1758254713
|switch|p2a: Barraskewda|Barraskewda, F|31/100
|turn|24
|
|t:|1758254718
|move|p2a: Barraskewda|Aqua Jet|p1a: Great Tusk
|-supereffective|p1a: Great Tusk
|-damage|p1a: Great Tusk|0 fnt
|faint|p1a: Great Tusk
|-end|p1a: Great Tusk|Protosynthesis|[silent]
|
|upkeep
|
|t:|1758254726
|switch|p1a: Walking Wake|Walking Wake, tera:Water|54/100 par
|turn|25
|
|t:|1758254731
|switch|p2a: Zapdos|Zapdos, tera:Flying|40/100
|cant|p1a: Walking Wake|par
|
|upkeep
|turn|26
|
|t:|1758254738
|move|p2a: Zapdos|Volt Switch|p1a: Walking Wake
|-supereffective|p1a: Walking Wake
|-damage|p1a: Walking Wake|0 fnt
|faint|p1a: Walking Wake
|-end|p1a: Walking Wake|Protosynthesis|[silent]
|
|t:|1758254740
|switch|p2a: Barraskewda|Barraskewda, F|31/100|[from] Volt Switch
|
|upkeep
|
|t:|1758254751
|switch|p1a: Raging Bolt|Raging Bolt|100/100
|-enditem|p1a: Raging Bolt|Booster Energy
|-activate|p1a: Raging Bolt|ability: Protosynthesis|[fromitem]
|-start|p1a: Raging Bolt|protosynthesisspa
|turn|27
|
|t:|1758254772
|move|p2a: Barraskewda|Flip Turn|p1a: Raging Bolt
|-resisted|p1a: Raging Bolt
|-damage|p1a: Raging Bolt|78/100
|
|t:|1758254775
|switch|p2a: Zapdos|Zapdos, tera:Flying|40/100|[from] Flip Turn
|move|p1a: Raging Bolt|Thunderbolt|p2a: Zapdos
|-supereffective|p2a: Zapdos
|-damage|p2a: Zapdos|0 fnt
|faint|p2a: Zapdos
|
|upkeep
|
|t:|1758254776
|switch|p2a: Barraskewda|Barraskewda, F|31/100
|turn|28
|
|t:|1758254782
|move|p2a: Barraskewda|Close Combat|p1a: Raging Bolt
|-damage|p1a: Raging Bolt|21/100
|-unboost|p2a: Barraskewda|def|1
|-unboost|p2a: Barraskewda|spd|1
|move|p1a: Raging Bolt|Thunderbolt|p2a: Barraskewda
|-supereffective|p2a: Barraskewda
|-damage|p2a: Barraskewda|0 fnt
|faint|p2a: Barraskewda
|
|win|brutalshaman
|raw|brutalshaman's rating: 1357 &rarr; <strong>1375</strong><br />(+18 for winning)
|raw|Lolfrog123's rating: 1314 &rarr; <strong>1296</strong><br />(-18 for losing)
|l|☆brutalshaman
|player|p1|
|l|☆Lolfrog123
|player|p2|
