|j|☆logiemerald
|j|‽Shadowbot21oz
|t:|1758290592
|gametype|singles
|player|p1|logiemerald|acetrainerf-gen4|1311
|player|p2|Shadowbot21oz|scientist-gen4|1268
|gen|9
|tier|[Gen 9] OU
|rated|
|rule|HP Percentage Mod: HP is shown in percentages
|rule|Endless Battle Clause: Forcing endless battles is banned
|rule|Species Clause: Limit one of each Pokémon
|rule|OHKO Clause: OHKO moves are banned
|rule|Evasion Items Clause: Evasion items are banned
|rule|Evasion Moves Clause: Evasion moves are banned
|rule|Evasion Abilities Clause: Evasion abilities are banned
|rule|Sleep Moves Clause: Sleep-inducing moves are banned
|clearpoke
|poke|p1|Torterra, F|
|poke|p1|Grimmsnarl, M|
|poke|p1|Iron Moth|
|poke|p1|Maushold|
|poke|p1|Raging Bolt|
|poke|p1|Scizor, F|
|poke|p2|Heatran, M|
|poke|p2|Primarina, M|
|poke|p2|Ogerpon, F|
|poke|p2|Pecharunt|
|poke|p2|Zamazenta-*|
|poke|p2|Raging Bolt|
|teampreview
|
|t:|1758290609
|teamsize|p1|6
|teamsize|p2|6
|start
|switch|p1a: Grimmsnarl|Grimmsnarl, M|100/100
|switch|p2a: Heatran|Heatran, M, shiny|100/100
|-item|p2a: Heatran|Air Balloon
|turn|1
|
|t:|1758290616
|move|p1a: Grimmsnarl|Light Screen|p1a: Grimmsnarl
|-sidestart|p1: logiemerald|move: Light Screen
|move|p2a: Heatran|Magma Storm|p1a: Grimmsnarl
|-damage|p1a: Grimmsnarl|81/100
|-activate|p1a: Grimmsnarl|move: Magma Storm|[of] p2a: Heatran
|
|-damage|p1a: Grimmsnarl|69/100|[from] move: Magma Storm|[partiallytrapped]
|upkeep
|turn|2
|
|t:|1758290620
|move|p1a: Grimmsnarl|Parting Shot|p2a: Heatran
|-unboost|p2a: Heatran|atk|1
|-unboost|p2a: Heatran|spa|1
|inactive|Battle timer is ON: inactive players will automatically lose when time's up. (requested by Shadowbot21oz)
|
|t:|1758290650
|switch|p1a: Raging Bolt|Raging Bolt|100/100|[from] Parting Shot
|-enditem|p1a: Raging Bolt|Booster Energy
|-activate|p1a: Raging Bolt|ability: Protosynthesis|[fromitem]
|-start|p1a: Raging Bolt|protosynthesisspa
|move|p2a: Heatran|Taunt|p1a: Raging Bolt
|-start|p1a: Raging Bolt|move: Taunt
|
|upkeep
|turn|3
|
|t:|1758290664
|move|p2a: Heatran|Stealth Rock|p1a: Raging Bolt
|-sidestart|p1: logiemerald|move: Stealth Rock
|move|p1a: Raging Bolt|Thunderbolt|p2a: Heatran
|-damage|p2a: Heatran|28/100
|-enditem|p2a: Heatran|Air Balloon
|
|upkeep
|turn|4
|
|t:|1758290670
|move|p2a: Heatran|Earth Power|p1a: Raging Bolt
|-supereffective|p1a: Raging Bolt
|-damage|p1a: Raging Bolt|83/100
|move|p1a: Raging Bolt|Dragon Pulse|p2a: Heatran
|-resisted|p2a: Heatran
|-damage|p2a: Heatran|0 fnt
|faint|p2a: Heatran
|
|-end|p1a: Raging Bolt|move: Taunt
|upkeep
|
|t:|1758290693
|switch|p2a: Primarina|Primarina, M, shiny|100/100
|turn|5
|
|t:|1758290701
|-terastallize|p2a: Primarina|Ground
|move|p1a: Raging Bolt|Calm Mind|p1a: Raging Bolt
|-boost|p1a: Raging Bolt|spa|1
|-boost|p1a: Raging Bolt|spd|1
|move|p2a: Primarina|Moonblast|p1a: Raging Bolt
|-supereffective|p1a: Raging Bolt
|-crit|p1a: Raging Bolt
|-damage|p1a: Raging Bolt|0 fnt
|faint|p1a: Raging Bolt
|-end|p1a: Raging Bolt|Protosynthesis|[silent]
|
|upkeep
|inactive|logiemerald has 120 seconds left.
|
|t:|1758290746
|switch|p1a: Maushold|Maushold|100/100
|-damage|p1a: Maushold|88/100|[from] Stealth Rock
|turn|6
|
|t:|1758290755
|move|p1a: Maushold|Tidy Up|p1a: Maushold
|-sideend|p1: logiemerald|Stealth Rock
|-activate|p1a: Maushold|move: Tidy Up
|-boost|p1a: Maushold|atk|1
|-boost|p1a: Maushold|spe|1
|move|p2a: Primarina|Whirlpool|p1a: Maushold|[miss]
|-miss|p2a: Primarina|p1a: Maushold
|
|upkeep
|turn|7
|inactive|logiemerald has 120 seconds left.
|
|t:|1758290776
|move|p1a: Maushold|Tidy Up|p1a: Maushold
|-boost|p1a: Maushold|atk|1
|-boost|p1a: Maushold|spe|1
|move|p2a: Primarina|Moonblast|p1a: Maushold
|-damage|p1a: Maushold|53/100
|-unboost|p1a: Maushold|spa|1
|
|upkeep
|turn|8
|
|t:|1758290785
|move|p1a: Maushold|Population Bomb|p2a: Primarina
|-damage|p2a: Primarina|75/100
|-damage|p2a: Primarina|50/100
|-damage|p2a: Primarina|25/100
|-damage|p2a: Primarina|0 fnt
|faint|p2a: Primarina
|-hitcount|p2: Primarina|4
|
|-sideend|p1: logiemerald|move: Light Screen
|upkeep
|
|t:|1758290790
|switch|p2a: Pecharunt|Pecharunt|100/100
|turn|9
|
|t:|1758290797
|move|p1a: Maushold|Bite|p2a: Pecharunt
|-supereffective|p2a: Pecharunt
|-damage|p2a: Pecharunt|57/100
|-damage|p1a: Maushold|36/100|[from] item: Rocky Helmet|[of] p2a: Pecharunt
|move|p2a: Pecharunt|Malignant Chain|p1a: Maushold
|-damage|p1a: Maushold|0 fnt
|faint|p1a: Maushold
|
|upkeep
|inactive|logiemerald has 120 seconds left.
|
|t:|1758290821
|switch|p1a: Iron Moth|Iron Moth|100/100
|-enditem|p1a: Iron Moth|Booster Energy
|-activate|p1a: Iron Moth|ability: Quark Drive|[fromitem]
|-start|p1a: Iron Moth|quarkdrivespe
|turn|10
|
|t:|1758290827
|move|p1a: Iron Moth|Fiery Dance|p2a: Pecharunt
|-crit|p2a: Pecharunt
|-damage|p2a: Pecharunt|0 fnt
|-boost|p1a: Iron Moth|spa|1
|faint|p2a: Pecharunt
|
|upkeep
|-message|Shadowbot21oz forfeited.
|
|win|logiemerald
|raw|logiemerald's rating: 1311 &rarr; <strong>1329</strong><br />(+18 for winning)
|raw|Shadowbot21oz's rating: 1268 &rarr; <strong>1246</strong><br />(-22 for losing)
|l|‽Shadowbot21oz
|player|p2|
