|j|☆Mouu'D
|j|☆Mr.Jolt
|t:|1758287652
|gametype|singles
|player|p1|Mouu'D|buck|1137
|player|p2|Mr.Jolt|veteran|1118
|gen|9
|tier|[Gen 9] OU
|rated|
|rule|HP Percentage Mod: HP is shown in percentages
|rule|Endless Battle Clause: Forcing endless battles is banned
|rule|Species Clause: Limit one of each Pokémon
|rule|OHKO Clause: OHKO moves are banned
|rule|Evasion Items Clause: Evasion items are banned
|rule|Evasion Moves Clause: Evasion moves are banned
|rule|Evasion Abilities Clause: Evasion abilities are banned
|rule|Sleep Moves Clause: Sleep-inducing moves are banned
|clearpoke
|poke|p1|Slowbro, M|
|poke|p1|Diancie|
|poke|p1|Oranguru, M|
|poke|p1|Ursaluna, F|
|poke|p1|Incineroar, M|
|poke|p1|Conkeldurr, M|
|poke|p2|Cinccino, F|
|poke|p2|Ninetales-Alola, F|
|poke|p2|Kommo-o, M|
|poke|p2|Gliscor, M|
|poke|p2|Weavile, M|
|poke|p2|Tsareena, F|
|teampreview
|inactive|Battle timer is ON: inactive players will automatically lose when time's up. (requested by Mr.Jolt)
|
|t:|1758287666
|teamsize|p1|6
|teamsize|p2|6
|start
|switch|p1a: Jinbei|Slowbro, M, shiny|100/100
|switch|p2a: Sharon|Ninetales-Alola, F|100/100
|-weather|Snowscape|[from] ability: Snow Warning|[of] p2a: Sharon
|turn|1
|
|t:|1758287673
|move|p2a: Sharon|Aurora Veil|p2a: Sharon
|-sidestart|p2: Mr.Jolt|move: Aurora Veil
|move|p1a: Jinbei|Flamethrower|p2a: Sharon
|-supereffective|p2a: Sharon
|-damage|p2a: Sharon|74/100
|
|-weather|Snowscape|[upkeep]
|upkeep
|turn|2
|
|t:|1758287682
|move|p2a: Sharon|Calm Mind|p2a: Sharon
|-boost|p2a: Sharon|spa|1
|-boost|p2a: Sharon|spd|1
|move|p1a: Jinbei|Scald|p2a: Sharon
|-damage|p2a: Sharon|64/100
|
|-weather|Snowscape|[upkeep]
|upkeep
|turn|3
|
|t:|1758287693
|move|p2a: Sharon|Moonblast|p1a: Jinbei
|-damage|p1a: Jinbei|39/100
|-unboost|p1a: Jinbei|spa|1
|move|p1a: Jinbei|Flamethrower|p2a: Sharon
|-supereffective|p2a: Sharon
|-damage|p2a: Sharon|52/100
|
|-weather|Snowscape|[upkeep]
|upkeep
|turn|4
|
|t:|1758287719
|move|p2a: Sharon|Moonblast|p1a: Jinbei
|-damage|p1a: Jinbei|0 fnt
|faint|p1a: Jinbei
|
|-weather|Snowscape|[upkeep]
|upkeep
|
|t:|1758287726
|switch|p1a: Robin|Diancie|100/100
|turn|5
|
|t:|1758287733
|move|p2a: Sharon|Blizzard|p1a: Robin
|-damage|p1a: Robin|48/100
|move|p1a: Robin|Trick Room|p1a: Robin
|-fieldstart|move: Trick Room|[of] p1a: Robin
|
|-weather|none
|upkeep
|turn|6
|
|t:|1758287746
|switch|p2a: Yekaterin|Tsareena, F, shiny|100/100
|move|p1a: Robin|Power Gem|p2a: Yekaterin
|-damage|p2a: Yekaterin|84/100
|
|upkeep
|turn|7
|
|t:|1758287754
|switch|p1a: Xebec|Incineroar, M|100/100
|-ability|p1a: Xebec|Intimidate|boost
|-unboost|p2a: Yekaterin|atk|1
|move|p2a: Yekaterin|Power Whip|p1a: Xebec
|-resisted|p1a: Xebec
|-damage|p1a: Xebec|81/100
|
|upkeep
|turn|8
|
|t:|1758287767
|move|p1a: Xebec|Fire Punch|p2a: Yekaterin
|-supereffective|p2a: Yekaterin
|-damage|p2a: Yekaterin|32/100
|move|p2a: Yekaterin|High Jump Kick|p1a: Xebec
|-supereffective|p1a: Xebec
|-damage|p1a: Xebec|30/100
|-enditem|p1a: Xebec|Sitrus Berry|[eat]
|-heal|p1a: Xebec|55/100|[from] item: Sitrus Berry
|
|-sideend|p2: Mr.Jolt|move: Aurora Veil
|upkeep
|turn|9
|
|t:|1758287783
|switch|p2a: Faul|Kommo-o, M, shiny|100/100
|move|p1a: Xebec|Fire Punch|p2a: Faul
|-resisted|p2a: Faul
|-damage|p2a: Faul|82/100
|
|-heal|p2a: Faul|88/100|[from] item: Leftovers
|-fieldend|move: Trick Room
|upkeep
|turn|10
|
|t:|1758287794
|switch|p1a: Robin|Diancie|48/100
|move|p2a: Faul|Dragon Dance|p2a: Faul
|-boost|p2a: Faul|atk|1
|-boost|p2a: Faul|spe|1
|
|-heal|p2a: Faul|94/100|[from] item: Leftovers
|upkeep
|turn|11
|
|t:|1758287802
|move|p2a: Faul|Drain Punch|p1a: Robin
|-damage|p1a: Robin|5/100
|-heal|p2a: Faul|100/100|[from] drain|[of] p1a: Robin
|move|p1a: Robin|Trick Room|p1a: Robin
|-fieldstart|move: Trick Room|[of] p1a: Robin
|
|upkeep
|turn|12
|
|t:|1758287809
|move|p1a: Robin|Moonblast|p2a: Faul
|-supereffective|p2a: Faul
|-damage|p2a: Faul|0 fnt
|faint|p2a: Faul
|
|upkeep
|
|t:|1758287814
|switch|p2a: Wily|Weavile, M|100/100
|-ability|p2a: Wily|Pressure
|turn|13
|
|t:|1758287820
|move|p2a: Wily|Ice Shard|p1a: Robin
|-damage|p1a: Robin|0 fnt
|faint|p1a: Robin
|
|upkeep
|
|t:|1758287826
|switch|p1a: Xebec|Incineroar, M|55/100
|-ability|p1a: Xebec|Intimidate|boost
|-unboost|p2a: Wily|atk|1
|turn|14
|
|t:|1758287834
|switch|p2a: Vampire|Gliscor, M|100/100
|move|p1a: Xebec|Fire Punch|p2a: Vampire
|-damage|p2a: Vampire|65/100
|
|-status|p2a: Vampire|tox|[from] item: Toxic Orb
|upkeep
|turn|15
|
|t:|1758287857
|move|p1a: Xebec|Darkest Lariat|p2a: Vampire
|-damage|p2a: Vampire|18/100 tox
|move|p2a: Vampire|Earthquake|p1a: Xebec
|-supereffective|p1a: Xebec
|-damage|p1a: Xebec|0 fnt
|faint|p1a: Xebec
|
|-heal|p2a: Vampire|30/100 tox|[from] ability: Poison Heal
|-fieldend|move: Trick Room
|upkeep
|
|t:|1758287866
|switch|p1a: Crocus|Oranguru, M|100/100
|turn|16
|
|t:|1758287875
|switch|p2a: Wily|Weavile, M|100/100
|-ability|p2a: Wily|Pressure
|move|p1a: Crocus|Psychic|p2a: Wily
|-immune|p2a: Wily
|
|upkeep
|turn|17
|
|t:|1758287882
|switch|p1a: Luffy gear 4th|Conkeldurr, M|100/100
|move|p2a: Wily|Fake Out|p1a: Luffy gear 4th
|-damage|p1a: Luffy gear 4th|89/100
|
|-status|p1a: Luffy gear 4th|brn|[from] item: Flame Orb
|upkeep
|turn|18
|
|t:|1758287900
|-terastallize|p1a: Luffy gear 4th|Fighting
|move|p2a: Wily|Ice Shard|p1a: Luffy gear 4th
|-damage|p1a: Luffy gear 4th|72/100 brn
|move|p1a: Luffy gear 4th|Ice Punch|p2a: Wily
|-resisted|p2a: Wily
|-damage|p2a: Wily|64/100
|
|-damage|p1a: Luffy gear 4th|66/100 brn|[from] brn
|upkeep
|turn|19
|
|t:|1758287910
|move|p2a: Wily|Icicle Crash|p1a: Luffy gear 4th
|-damage|p1a: Luffy gear 4th|33/100 brn
|move|p1a: Luffy gear 4th|Drain Punch|p2a: Wily
|-supereffective|p2a: Wily
|-damage|p2a: Wily|0 fnt
|-heal|p1a: Luffy gear 4th|54/100 brn|[from] drain|[of] p2a: Wily
|faint|p2a: Wily
|
|-damage|p1a: Luffy gear 4th|48/100 brn|[from] brn
|upkeep
|
|t:|1758287922
|switch|p2a: Roulade|Cinccino, F, shiny|100/100
|turn|20
|
|t:|1758287926
|move|p1a: Luffy gear 4th|Mach Punch|p2a: Roulade
|-supereffective|p2a: Roulade
|-damage|p2a: Roulade|0 fnt
|faint|p2a: Roulade
|
|-damage|p1a: Luffy gear 4th|42/100 brn|[from] brn
|upkeep
|
|t:|1758287932
|switch|p2a: Sharon|Ninetales-Alola, F|52/100
|-weather|Snowscape|[from] ability: Snow Warning|[of] p2a: Sharon
|turn|21
|
|t:|1758287936
|move|p1a: Luffy gear 4th|Mach Punch|p2a: Sharon
|-damage|p2a: Sharon|5/100
|move|p2a: Sharon|Aurora Veil|p2a: Sharon
|-sidestart|p2: Mr.Jolt|move: Aurora Veil
|
|-weather|Snowscape|[upkeep]
|-damage|p1a: Luffy gear 4th|36/100 brn|[from] brn
|upkeep
|turn|22
|
|t:|1758287946
|move|p1a: Luffy gear 4th|Mach Punch|p2a: Sharon
|-damage|p2a: Sharon|0 fnt
|faint|p2a: Sharon
|
|-weather|Snowscape|[upkeep]
|-damage|p1a: Luffy gear 4th|30/100 brn|[from] brn
|upkeep
|
|t:|1758287954
|switch|p2a: Vampire|Gliscor, M|30/100 tox
|turn|23
|
|t:|1758287957
|move|p2a: Vampire|Earthquake|p1a: Luffy gear 4th
|-damage|p1a: Luffy gear 4th|0 fnt
|faint|p1a: Luffy gear 4th
|
|-weather|Snowscape|[upkeep]
|-heal|p2a: Vampire|42/100 tox|[from] ability: Poison Heal
|upkeep
|
|t:|1758287965
|switch|p1a: Crocus|Oranguru, M|100/100
|turn|24
|
|t:|1758287970
|move|p2a: Vampire|Earthquake|p1a: Crocus
|-damage|p1a: Crocus|48/100
|move|p1a: Crocus|Trick Room|p1a: Crocus
|-fieldstart|move: Trick Room|[of] p1a: Crocus
|
|-weather|Snowscape|[upkeep]
|-heal|p2a: Vampire|55/100 tox|[from] ability: Poison Heal
|upkeep
|turn|25
|
|t:|1758287978
|move|p1a: Crocus|Psychic|p2a: Vampire
|-damage|p2a: Vampire|35/100 tox
|move|p2a: Vampire|Earthquake|p1a: Crocus
|-damage|p1a: Crocus|0 fnt
|faint|p1a: Crocus
|
|-weather|none
|-heal|p2a: Vampire|48/100 tox|[from] ability: Poison Heal
|upkeep
|
|t:|1758287983
|switch|p1a: Chopper|Ursaluna, F|100/100
|turn|26
|
|t:|1758287990
|move|p1a: Chopper|Facade|p2a: Vampire
|-damage|p2a: Vampire|27/100 tox
|move|p2a: Vampire|Crabhammer|p1a: Chopper
|-supereffective|p1a: Chopper
|-damage|p1a: Chopper|58/100
|
|-heal|p2a: Vampire|39/100 tox|[from] ability: Poison Heal
|-status|p1a: Chopper|brn|[from] item: Flame Orb
|upkeep
|turn|27
|
|t:|1758288000
|move|p1a: Chopper|Facade|p2a: Vampire
|-damage|p2a: Vampire|0 fnt
|faint|p2a: Vampire
|
|-damage|p1a: Chopper|52/100 brn|[from] brn
|upkeep
|
|t:|1758288006
|switch|p2a: Yekaterin|Tsareena, F, shiny|32/100
|turn|28
|
|t:|1758288013
|move|p1a: Chopper|Facade|p2a: Yekaterin
|-damage|p2a: Yekaterin|0 fnt
|faint|p2a: Yekaterin
|
|win|Mouu'D
|raw|Mouu&apos;D's rating: 1137 &rarr; <strong>1161</strong><br />(+24 for winning)
|raw|Mr.Jolt's rating: 1118 &rarr; <strong>1094</strong><br />(-24 for losing)
|l|☆Mr.Jolt
|player|p2|
|l|☆Mouu'D
|player|p1|
