|j|☆ho_learner
|j|☆Cheese_contest
|t:|1758318137
|gametype|singles
|player|p1|ho_learner|266|1600
|player|p2|Cheese_contest|colress|1739
|gen|9
|tier|[Gen 9] OU
|rated|
|rule|HP Percentage Mod: HP is shown in percentages
|rule|Endless Battle Clause: Forcing endless battles is banned
|rule|Species Clause: Limit one of each Pokémon
|rule|OHKO Clause: OHKO moves are banned
|rule|Evasion Items Clause: Evasion items are banned
|rule|Evasion Moves Clause: Evasion moves are banned
|rule|Evasion Abilities Clause: Evasion abilities are banned
|rule|Sleep Moves Clause: Sleep-inducing moves are banned
|clearpoke
|poke|p1|Great Tusk|
|poke|p1|Araquanid, M|
|poke|p1|Iron Moth|
|poke|p1|Gholdengo|
|poke|p1|Dragonite, F|
|poke|p1|Ogerpon-Cornerstone, F|
|poke|p2|Ninetales, M|
|poke|p2|Walking Wake|
|poke|p2|Ceruledge, M|
|poke|p2|Venusaur, F|
|poke|p2|Hatterene, F|
|poke|p2|Great Tusk|
|teampreview
|inactive|Battle timer is ON: inactive players will automatically lose when time's up. (requested by Cheese_contest)
|inactive|ho_learner has 120 seconds left.
|
|t:|1758318194
|teamsize|p1|6
|teamsize|p2|6
|start
|switch|p1a: Araquanid|Araquanid, M|100/100
|switch|p2a: Ninetales|Ninetales, M, shiny|100/100
|-weather|SunnyDay|[from] ability: Drought|[of] p2a: Ninetales
|turn|1
|
|t:|1758318203
|switch|p2a: Hatterene|Hatterene, F|100/100
|move|p1a: Araquanid|Surf|p2a: Hatterene
|-damage|p2a: Hatterene|71/100
|-enditem|p2a: Hatterene|Eject Button
|
|t:|1758318215
|switch|p2a: Walking Wake|Walking Wake|100/100
|-activate|p2a: Walking Wake|ability: Protosynthesis
|-start|p2a: Walking Wake|protosynthesisspe
|
|-weather|SunnyDay|[upkeep]
|upkeep
|turn|2
|inactive|ho_learner has 120 seconds left.
|
|t:|1758318251
|move|p2a: Walking Wake|Flip Turn|p1a: Araquanid
|-resisted|p1a: Araquanid
|-damage|p1a: Araquanid|96/100
|
|t:|1758318255
|-end|p2a: Walking Wake|Protosynthesis|[silent]
|switch|p2a: Hatterene|Hatterene, F|71/100|[from] Flip Turn
|move|p1a: Araquanid|Sticky Web|p2a: Hatterene
|move|p2a: Hatterene|Sticky Web|p1a: Araquanid|[from] ability: Magic Bounce
|-sidestart|p1: ho_learner|move: Sticky Web
|
|-weather|SunnyDay|[upkeep]
|upkeep
|turn|3
|
|t:|1758318261
|move|p1a: Araquanid|Surf|p2a: Hatterene
|-damage|p2a: Hatterene|45/100
|move|p2a: Hatterene|Psychic Noise|p1a: Araquanid
|-damage|p1a: Araquanid|70/100
|-start|p1a: Araquanid|move: Heal Block
|
|-weather|SunnyDay|[upkeep]
|upkeep
|turn|4
|
|t:|1758318265
|move|p1a: Araquanid|Surf|p2a: Hatterene
|-damage|p2a: Hatterene|14/100
|move|p2a: Hatterene|Nuzzle|p1a: Araquanid
|-supereffective|p1a: Araquanid
|-damage|p1a: Araquanid|62/100
|-status|p1a: Araquanid|par
|
|-weather|SunnyDay|[upkeep]
|-end|p1a: Araquanid|move: Heal Block
|upkeep
|turn|5
|
|t:|1758318281
|move|p2a: Hatterene|Psychic Noise|p1a: Araquanid
|-damage|p1a: Araquanid|34/100 par
|-start|p1a: Araquanid|move: Heal Block
|move|p1a: Araquanid|Surf|p2a: Hatterene
|-damage|p2a: Hatterene|0 fnt
|faint|p2a: Hatterene
|
|-weather|SunnyDay|[upkeep]
|upkeep
|
|t:|1758318284
|switch|p2a: Walking Wake|Walking Wake|100/100
|-activate|p2a: Walking Wake|ability: Protosynthesis
|-start|p2a: Walking Wake|protosynthesisspe
|turn|6
|
|t:|1758318288
|move|p1a: Araquanid|Endure|p1a: Araquanid
|-singleturn|p1a: Araquanid|move: Endure
|move|p2a: Walking Wake|Hydro Steam|p1a: Araquanid
|-resisted|p1a: Araquanid
|-crit|p1a: Araquanid
|-activate|p1a: Araquanid|move: Endure
|-damage|p1a: Araquanid|1/100 par
|
|-weather|SunnyDay|[upkeep]
|-end|p1a: Araquanid|move: Heal Block
|upkeep
|turn|7
|-enditem|p1a: Araquanid|Custap Berry|[eat]
|-activate|p1a: Araquanid|item: Custap Berry|[consumed]
|
|t:|1758318292
|-end|p2a: Walking Wake|Protosynthesis|[silent]
|switch|p2a: Great Tusk|Great Tusk|100/100
|-activate|p2a: Great Tusk|ability: Protosynthesis
|-start|p2a: Great Tusk|protosynthesisatk
|move|p1a: Araquanid|Sticky Web|p2a: Great Tusk
|-sidestart|p2: Cheese_contest|move: Sticky Web
|
|-weather|SunnyDay|[upkeep]
|upkeep
|turn|8
|
|t:|1758318310
|move|p2a: Great Tusk|Ice Spinner|p1a: Araquanid
|-resisted|p1a: Araquanid
|-damage|p1a: Araquanid|0 fnt
|faint|p1a: Araquanid
|-damage|p2a: Great Tusk|91/100|[from] item: Life Orb
|
|-weather|none
|-end|p2a: Great Tusk|Protosynthesis
|upkeep
|
|t:|1758318316
|switch|p1a: Gholdengo|Gholdengo|100/100
|-item|p1a: Gholdengo|Air Balloon
|turn|9
|
|t:|1758318320
|move|p2a: Great Tusk|Ice Spinner|p1a: Gholdengo
|-resisted|p1a: Gholdengo
|-damage|p1a: Gholdengo|79/100
|-enditem|p1a: Gholdengo|Air Balloon
|-damage|p2a: Great Tusk|81/100|[from] item: Life Orb
|move|p1a: Gholdengo|Make It Rain|p2a: Great Tusk
|-damage|p2a: Great Tusk|0 fnt
|-unboost|p1a: Gholdengo|spa|1
|faint|p2a: Great Tusk
|-end|p2a: Great Tusk|Protosynthesis|[silent]
|
|upkeep
|
|t:|1758318323
|switch|p2a: Ninetales|Ninetales, M, shiny|100/100
|-activate|p2a: Ninetales|move: Sticky Web
|-unboost|p2a: Ninetales|spe|1
|-weather|SunnyDay|[from] ability: Drought|[of] p2a: Ninetales
|turn|10
|
|t:|1758318338
|switch|p2a: Venusaur|Venusaur, F|100/100
|-activate|p2a: Venusaur|move: Sticky Web
|-unboost|p2a: Venusaur|spe|1
|move|p1a: Gholdengo|Shadow Ball|p2a: Venusaur
|-damage|p2a: Venusaur|68/100
|
|-weather|SunnyDay|[upkeep]
|upkeep
|turn|11
|
|t:|1758318344
|move|p2a: Venusaur|Earth Power|p1a: Gholdengo
|-supereffective|p1a: Gholdengo
|-damage|p1a: Gholdengo|0 fnt
|faint|p1a: Gholdengo
|-damage|p2a: Venusaur|58/100|[from] item: Life Orb
|
|-weather|SunnyDay|[upkeep]
|upkeep
|
|t:|1758318351
|switch|p1a: Dragonite|Dragonite, F|100/100
|turn|12
|
|t:|1758318359
|move|p2a: Venusaur|Sludge Bomb|p1a: Dragonite
|-crit|p1a: Dragonite
|-damage|p1a: Dragonite|62/100
|-damage|p2a: Venusaur|48/100|[from] item: Life Orb
|move|p1a: Dragonite|Dragon Dance|p1a: Dragonite
|-boost|p1a: Dragonite|atk|1
|-boost|p1a: Dragonite|spe|1
|
|-weather|SunnyDay|[upkeep]
|upkeep
|turn|13
|
|t:|1758318369
|move|p1a: Dragonite|Earthquake|p2a: Venusaur
|-damage|p2a: Venusaur|0 fnt
|faint|p2a: Venusaur
|
|-weather|SunnyDay|[upkeep]
|upkeep
|
|t:|1758318372
|switch|p2a: Ceruledge|Ceruledge, M|100/100
|-activate|p2a: Ceruledge|move: Sticky Web
|-unboost|p2a: Ceruledge|spe|1
|turn|14
|
|t:|1758318385
|move|p1a: Dragonite|Earthquake|p2a: Ceruledge
|-supereffective|p2a: Ceruledge
|-enditem|p2a: Ceruledge|Focus Sash
|-damage|p2a: Ceruledge|1/100
|-ability|p2a: Ceruledge|Weak Armor|boost
|-unboost|p2a: Ceruledge|def|1
|-boost|p2a: Ceruledge|spe|2
|move|p2a: Ceruledge|Bitter Blade|p1a: Dragonite
|-resisted|p1a: Dragonite
|-damage|p1a: Dragonite|23/100
|-heal|p2a: Ceruledge|23/100|[from] drain|[of] p1a: Dragonite
|
|-weather|SunnyDay|[upkeep]
|upkeep
|turn|15
|
|t:|1758318403
|move|p2a: Ceruledge|Shadow Sneak|p1a: Dragonite
|-damage|p1a: Dragonite|0 fnt
|faint|p1a: Dragonite
|
|-weather|SunnyDay|[upkeep]
|upkeep
|
|t:|1758318408
|switch|p1a: Ogerpon|Ogerpon-Cornerstone, F|100/100
|-activate|p1a: Ogerpon|move: Sticky Web
|-unboost|p1a: Ogerpon|spe|1
|turn|16
|
|t:|1758318414
|move|p2a: Ceruledge|Bitter Blade|p1a: Ogerpon
|-ability|p1a: Ogerpon|Sturdy
|-damage|p1a: Ogerpon|1/100
|-heal|p2a: Ceruledge|74/100|[from] drain|[of] p1a: Ogerpon
|move|p1a: Ogerpon|Ivy Cudgel|p2a: Ceruledge|[anim] Ivy Cudgel Rock
|-supereffective|p2a: Ceruledge
|-damage|p2a: Ceruledge|0 fnt
|faint|p2a: Ceruledge
|
|-weather|SunnyDay|[upkeep]
|upkeep
|
|t:|1758318421
|switch|p2a: Walking Wake|Walking Wake|100/100
|-activate|p2a: Walking Wake|move: Sticky Web
|-unboost|p2a: Walking Wake|spe|1
|-activate|p2a: Walking Wake|ability: Protosynthesis
|-start|p2a: Walking Wake|protosynthesisspa
|turn|17
|
|t:|1758318428
|move|p2a: Walking Wake|Flip Turn|p1a: Ogerpon
|-damage|p1a: Ogerpon|0 fnt
|faint|p1a: Ogerpon
|
|t:|1758318430
|-end|p2a: Walking Wake|Protosynthesis|[silent]
|switch|p2a: Ninetales|Ninetales, M, shiny|100/100|[from] Flip Turn
|-activate|p2a: Ninetales|move: Sticky Web
|-unboost|p2a: Ninetales|spe|1
|
|-weather|none
|upkeep
|
|t:|1758318442
|switch|p1a: Great Tusk|Great Tusk|100/100
|-activate|p1a: Great Tusk|move: Sticky Web
|-unboost|p1a: Great Tusk|spe|1
|-enditem|p1a: Great Tusk|Booster Energy
|-activate|p1a: Great Tusk|ability: Protosynthesis|[fromitem]
|-start|p1a: Great Tusk|protosynthesisatk
|turn|18
|
|t:|1758318445
|-terastallize|p2a: Ninetales|Fairy
|move|p2a: Ninetales|Will-O-Wisp|p1a: Great Tusk
|-status|p1a: Great Tusk|brn
|move|p1a: Great Tusk|Rapid Spin|p2a: Ninetales
|-damage|p2a: Ninetales|87/100
|-boost|p1a: Great Tusk|spe|1
|-sideend|p1: ho_learner|Sticky Web|[from] move: Rapid Spin|[of] p1a: Great Tusk
|
|-damage|p1a: Great Tusk|94/100 brn|[from] brn
|upkeep
|turn|19
|
|t:|1758318457
|move|p1a: Great Tusk|Headlong Rush|p2a: Ninetales
|-damage|p2a: Ninetales|33/100
|-unboost|p1a: Great Tusk|def|1
|-unboost|p1a: Great Tusk|spd|1
|move|p2a: Ninetales|Weather Ball|p1a: Great Tusk
|-damage|p1a: Great Tusk|72/100 brn
|
|-damage|p1a: Great Tusk|65/100 brn|[from] brn
|upkeep
|turn|20
|
|t:|1758318464
|move|p1a: Great Tusk|Headlong Rush|p2a: Ninetales
|-damage|p2a: Ninetales|0 fnt
|-unboost|p1a: Great Tusk|def|1
|-unboost|p1a: Great Tusk|spd|1
|faint|p2a: Ninetales
|
|-damage|p1a: Great Tusk|59/100 brn|[from] brn
|upkeep
|
|t:|1758318465
|switch|p2a: Walking Wake|Walking Wake|100/100
|-activate|p2a: Walking Wake|move: Sticky Web
|-unboost|p2a: Walking Wake|spe|1
|turn|21
|
|t:|1758318484
|move|p1a: Great Tusk|Headlong Rush|p2a: Walking Wake
|-damage|p2a: Walking Wake|58/100
|-unboost|p1a: Great Tusk|def|1
|-unboost|p1a: Great Tusk|spd|1
|move|p2a: Walking Wake|Hydro Steam|p1a: Great Tusk
|-supereffective|p1a: Great Tusk
|-damage|p1a: Great Tusk|0 fnt
|faint|p1a: Great Tusk
|-end|p1a: Great Tusk|Protosynthesis|[silent]
|
|upkeep
|
|t:|1758318486
|switch|p1a: Iron Moth|Iron Moth|100/100
|-enditem|p1a: Iron Moth|Booster Energy
|-activate|p1a: Iron Moth|ability: Quark Drive|[fromitem]
|-start|p1a: Iron Moth|quarkdrivespa
|turn|22
|
|t:|1758318493
|move|p1a: Iron Moth|Sludge Wave|p2a: Walking Wake
|-damage|p2a: Walking Wake|0 fnt
|faint|p2a: Walking Wake
|-end|p2a: Walking Wake|Protosynthesis|[silent]
|
|win|ho_learner
|raw|ho_learner's rating: 1600 &rarr; <strong>1628</strong><br />(+28 for winning)
|raw|Cheese_contest's rating: 1739 &rarr; <strong>1711</strong><br />(-28 for losing)
|l|☆Cheese_contest
|player|p2|
|l|☆ho_learner
|player|p1|
