|j|☆sfinch1
|j|☆randombananaYAY
|t:|1758331196
|gametype|singles
|player|p1|sfinch1|265|1466
|player|p2|randombananaYAY|169|1494
|gen|9
|tier|[Gen 9] OU
|rated|
|rule|HP Percentage Mod: HP is shown in percentages
|rule|Endless Battle Clause: Forcing endless battles is banned
|rule|Species Clause: Limit one of each Pokémon
|rule|OHKO Clause: OHKO moves are banned
|rule|Evasion Items Clause: Evasion items are banned
|rule|Evasion Moves Clause: Evasion moves are banned
|rule|Evasion Abilities Clause: Evasion abilities are banned
|rule|Sleep Moves Clause: Sleep-inducing moves are banned
|clearpoke
|poke|p1|Kyurem|
|poke|p1|Landorus-Therian, M|
|poke|p1|Hatterene, F|
|poke|p1|Tinkaton, F|
|poke|p1|Zamazenta-*|
|poke|p1|Dragapult, F|
|poke|p2|Alomomola, F|
|poke|p2|Gliscor, M|
|poke|p2|Dondozo, F|
|poke|p2|Blissey, F|
|poke|p2|Toxapex, M|
|poke|p2|Clodsire, F|
|teampreview
|
|t:|1758331212
|teamsize|p1|6
|teamsize|p2|6
|start
|switch|p1a: Dragapult|Dragapult, F|100/100
|switch|p2a: Gliscor|Gliscor, M|100/100
|turn|1
|
|t:|1758331222
|move|p2a: Gliscor|Protect|p2a: Gliscor
|-singleturn|p2a: Gliscor|Protect
|move|p1a: Dragapult|Draco Meteor|p2a: Gliscor
|-activate|p2a: Gliscor|move: Protect
|
|-status|p2a: Gliscor|tox|[from] item: Toxic Orb
|upkeep
|turn|2
|
|t:|1758331230
|switch|p2a: Blissey|Blissey, F|100/100
|move|p1a: Dragapult|Draco Meteor|p2a: Blissey
|-damage|p2a: Blissey|74/100
|-unboost|p1a: Dragapult|spa|2
|
|upkeep
|turn|3
|
|t:|1758331240
|switch|p1a: Hatterene|Hatterene, F|100/100
|move|p2a: Blissey|Stealth Rock|p1a: Hatterene
|move|p1a: Hatterene|Stealth Rock|p2a: Blissey|[from] ability: Magic Bounce
|-sidestart|p2: randombananaYAY|move: Stealth Rock
|
|upkeep
|turn|4
|
|t:|1758331252
|switch|p2a: Toxapex|Toxapex, M|100/100
|move|p1a: Hatterene|Calm Mind|p1a: Hatterene
|-boost|p1a: Hatterene|spa|1
|-boost|p1a: Hatterene|spd|1
|
|upkeep
|turn|5
|
|t:|1758331264
|move|p2a: Toxapex|Infestation|p1a: Hatterene
|-damage|p1a: Hatterene|98/100
|-activate|p1a: Hatterene|move: Infestation|[of] p2a: Toxapex
|move|p1a: Hatterene|Psychic Noise|p2a: Toxapex
|-supereffective|p2a: Toxapex
|-damage|p2a: Toxapex|11/100
|-start|p2a: Toxapex|move: Heal Block
|
|-heal|p1a: Hatterene|100/100|[from] item: Leftovers
|-damage|p1a: Hatterene|88/100|[from] move: Infestation|[partiallytrapped]
|upkeep
|turn|6
|
|t:|1758331281
|switch|p2a: Blissey|Blissey, F|74/100
|move|p1a: Hatterene|Psychic Noise|p2a: Blissey
|-damage|p2a: Blissey|55/100
|-start|p2a: Blissey|move: Heal Block
|
|-heal|p1a: Hatterene|94/100|[from] item: Leftovers
|-end|p1a: Hatterene|Infestation|[partiallytrapped]|[silent]
|upkeep
|turn|7
|
|t:|1758331291
|move|p2a: Blissey|Calm Mind|p2a: Blissey
|-boost|p2a: Blissey|spa|1
|-boost|p2a: Blissey|spd|1
|move|p1a: Hatterene|Calm Mind|p1a: Hatterene
|-boost|p1a: Hatterene|spa|1
|-boost|p1a: Hatterene|spd|1
|
|-heal|p1a: Hatterene|99/100|[from] item: Leftovers
|-end|p2a: Blissey|move: Heal Block
|upkeep
|turn|8
|
|t:|1758331296
|move|p2a: Blissey|Calm Mind|p2a: Blissey
|-boost|p2a: Blissey|spa|1
|-boost|p2a: Blissey|spd|1
|move|p1a: Hatterene|Psychic Noise|p2a: Blissey
|-damage|p2a: Blissey|41/100
|-start|p2a: Blissey|move: Heal Block
|
|-heal|p1a: Hatterene|100/100|[from] item: Leftovers
|upkeep
|turn|9
|
|t:|1758331301
|move|p2a: Blissey|Calm Mind|p2a: Blissey
|-boost|p2a: Blissey|spa|1
|-boost|p2a: Blissey|spd|1
|move|p1a: Hatterene|Psychic Noise|p2a: Blissey
|-damage|p2a: Blissey|31/100
|
|-end|p2a: Blissey|move: Heal Block
|upkeep
|turn|10
|
|t:|1758331316
|-terastallize|p2a: Blissey|Dark
|move|p2a: Blissey|Soft-Boiled|p2a: Blissey
|-heal|p2a: Blissey|81/100
|move|p1a: Hatterene|Psychic Noise|p2a: Blissey
|-immune|p2a: Blissey
|
|upkeep
|turn|11
|
|t:|1758331325
|move|p2a: Blissey|Calm Mind|p2a: Blissey
|-boost|p2a: Blissey|spa|1
|-boost|p2a: Blissey|spd|1
|move|p1a: Hatterene|Calm Mind|p1a: Hatterene
|-boost|p1a: Hatterene|spa|1
|-boost|p1a: Hatterene|spd|1
|
|upkeep
|turn|12
|
|t:|1758331331
|move|p2a: Blissey|Calm Mind|p2a: Blissey
|-boost|p2a: Blissey|spa|1
|-boost|p2a: Blissey|spd|1
|move|p1a: Hatterene|Calm Mind|p1a: Hatterene
|-boost|p1a: Hatterene|spa|1
|-boost|p1a: Hatterene|spd|1
|
|upkeep
|turn|13
|
|t:|1758331335
|move|p2a: Blissey|Calm Mind|p2a: Blissey
|-boost|p2a: Blissey|spa|1
|-boost|p2a: Blissey|spd|1
|move|p1a: Hatterene|Calm Mind|p1a: Hatterene
|-boost|p1a: Hatterene|spa|1
|-boost|p1a: Hatterene|spd|1
|
|upkeep
|turn|14
|
|t:|1758331340
|move|p2a: Blissey|Seismic Toss|p1a: Hatterene
|-damage|p1a: Hatterene|69/100
|move|p1a: Hatterene|Calm Mind|p1a: Hatterene
|-boost|p1a: Hatterene|spa|1
|-boost|p1a: Hatterene|spd|1
|
|-heal|p1a: Hatterene|75/100|[from] item: Leftovers
|upkeep
|turn|15
|
|t:|1758331348
|move|p2a: Blissey|Seismic Toss|p1a: Hatterene
|-damage|p1a: Hatterene|44/100
|move|p1a: Hatterene|Draining Kiss|p2a: Blissey
|-supereffective|p2a: Blissey
|-damage|p2a: Blissey|64/100
|-heal|p1a: Hatterene|70/100|[from] drain|[of] p2a: Blissey
|
|-heal|p1a: Hatterene|76/100|[from] item: Leftovers
|upkeep
|turn|16
|
|t:|1758331358
|move|p2a: Blissey|Seismic Toss|p1a: Hatterene
|-damage|p1a: Hatterene|44/100
|move|p1a: Hatterene|Draining Kiss|p2a: Blissey
|-supereffective|p2a: Blissey
|-damage|p2a: Blissey|46/100
|-heal|p1a: Hatterene|72/100|[from] drain|[of] p2a: Blissey
|
|-heal|p1a: Hatterene|78/100|[from] item: Leftovers
|upkeep
|turn|17
|
|t:|1758331368
|move|p2a: Blissey|Soft-Boiled|p2a: Blissey
|-heal|p2a: Blissey|96/100
|move|p1a: Hatterene|Draining Kiss|p2a: Blissey
|-supereffective|p2a: Blissey
|-damage|p2a: Blissey|78/100
|-heal|p1a: Hatterene|100/100|[from] drain|[of] p2a: Blissey
|
|upkeep
|turn|18
|
|t:|1758331372
|move|p2a: Blissey|Seismic Toss|p1a: Hatterene
|-damage|p1a: Hatterene|69/100
|move|p1a: Hatterene|Mystical Fire|p2a: Blissey
|-damage|p2a: Blissey|70/100
|-unboost|p2a: Blissey|spa|1
|
|-heal|p1a: Hatterene|75/100|[from] item: Leftovers
|upkeep
|turn|19
|
|t:|1758331378
|move|p2a: Blissey|Seismic Toss|p1a: Hatterene
|-damage|p1a: Hatterene|44/100
|move|p1a: Hatterene|Mystical Fire|p2a: Blissey
|-damage|p2a: Blissey|60/100
|-unboost|p2a: Blissey|spa|1
|
|-heal|p1a: Hatterene|50/100|[from] item: Leftovers
|upkeep
|turn|20
|
|t:|1758331389
|move|p2a: Blissey|Seismic Toss|p1a: Hatterene
|-damage|p1a: Hatterene|18/100
|move|p1a: Hatterene|Mystical Fire|p2a: Blissey
|-damage|p2a: Blissey|51/100
|-unboost|p2a: Blissey|spa|1
|
|-heal|p1a: Hatterene|24/100|[from] item: Leftovers
|upkeep
|turn|21
|c|☆sfinch1|rrip
|
|t:|1758331398
|move|p2a: Blissey|Seismic Toss|p1a: Hatterene
|-damage|p1a: Hatterene|0 fnt
|faint|p1a: Hatterene
|
|upkeep
|
|t:|1758331409
|switch|p1a: Landorus|Landorus-Therian, M|100/100
|-ability|p1a: Landorus|Intimidate|boost
|-unboost|p2a: Blissey|atk|1
|turn|22
|
|t:|1758331414
|switch|p2a: Gliscor|Gliscor, M|100/100 tox
|-damage|p2a: Gliscor|88/100 tox|[from] Stealth Rock
|move|p1a: Landorus|Earthquake|p2a: Gliscor
|-immune|p2a: Gliscor
|
|-heal|p2a: Gliscor|100/100 tox|[from] ability: Poison Heal
|upkeep
|turn|23
|
|t:|1758331433
|switch|p1a: Dragapult|Dragapult, F|100/100
|move|p2a: Gliscor|Knock Off|p1a: Dragapult
|-supereffective|p1a: Dragapult
|-damage|p1a: Dragapult|42/100
|-enditem|p1a: Dragapult|Choice Specs|[from] move: Knock Off|[of] p2a: Gliscor
|
|upkeep
|turn|24
|
|t:|1758331441
|move|p2a: Gliscor|Protect|p2a: Gliscor
|-singleturn|p2a: Gliscor|Protect
|move|p1a: Dragapult|Draco Meteor|p2a: Gliscor
|-activate|p2a: Gliscor|move: Protect
|
|upkeep
|turn|25
|
|t:|1758331448
|move|p1a: Dragapult|Draco Meteor|p2a: Gliscor
|-damage|p2a: Gliscor|50/100 tox
|-unboost|p1a: Dragapult|spa|2
|move|p2a: Gliscor|Earthquake|p1a: Dragapult
|-damage|p1a: Dragapult|1/100
|
|-heal|p2a: Gliscor|63/100 tox|[from] ability: Poison Heal
|upkeep
|turn|26
|
|t:|1758331455
|move|p1a: Dragapult|Draco Meteor|p2a: Gliscor
|-damage|p2a: Gliscor|40/100 tox
|-unboost|p1a: Dragapult|spa|2
|move|p2a: Gliscor|Knock Off|p1a: Dragapult
|-supereffective|p1a: Dragapult
|-damage|p1a: Dragapult|0 fnt
|faint|p1a: Dragapult
|
|-heal|p2a: Gliscor|53/100 tox|[from] ability: Poison Heal
|upkeep
|
|t:|1758331462
|switch|p1a: Kyurem|Kyurem|100/100
|-ability|p1a: Kyurem|Pressure
|turn|27
|
|t:|1758331470
|move|p2a: Gliscor|Protect|p2a: Gliscor
|-singleturn|p2a: Gliscor|Protect
|move|p1a: Kyurem|Icicle Spear|p2a: Gliscor
|-activate|p2a: Gliscor|move: Protect
|
|-heal|p2a: Gliscor|65/100 tox|[from] ability: Poison Heal
|upkeep
|turn|28
|
|t:|1758331479
|switch|p2a: Alomomola|Alomomola, F|100/100
|move|p1a: Kyurem|Dragon Dance|p1a: Kyurem
|-boost|p1a: Kyurem|atk|1
|-boost|p1a: Kyurem|spe|1
|
|upkeep
|turn|29
|
|t:|1758331487
|move|p1a: Kyurem|Scale Shot|p2a: Alomomola
|-damage|p2a: Alomomola|89/100
|-crit|p2a: Alomomola
|-damage|p2a: Alomomola|70/100
|-damage|p2a: Alomomola|57/100
|-damage|p2a: Alomomola|45/100
|-damage|p2a: Alomomola|34/100
|-hitcount|p2a: Alomomola|5
|-unboost|p1a: Kyurem|def|1
|-boost|p1a: Kyurem|spe|1
|move|p2a: Alomomola|Flip Turn|p1a: Kyurem
|-resisted|p1a: Kyurem
|-crit|p1a: Kyurem
|-damage|p1a: Kyurem|82/100
|
|t:|1758331490
|switch|p2a: Dondozo|Dondozo, F|100/100|[from] Flip Turn
|
|upkeep
|turn|30
|
|t:|1758331505
|-terastallize|p1a: Kyurem|Electric
|move|p1a: Kyurem|Tera Blast|p2a: Dondozo|[anim] Tera Blast Electric
|-supereffective|p2a: Dondozo
|-damage|p2a: Dondozo|62/100
|move|p2a: Dondozo|Curse|p2a: Dondozo
|-unboost|p2a: Dondozo|spe|1
|-boost|p2a: Dondozo|atk|1
|-boost|p2a: Dondozo|def|1
|
|upkeep
|turn|31
|
|t:|1758331515
|move|p1a: Kyurem|Tera Blast|p2a: Dondozo|[anim] Tera Blast Electric
|-supereffective|p2a: Dondozo
|-damage|p2a: Dondozo|37/100
|move|p2a: Dondozo|Rest|p2a: Dondozo
|-status|p2a: Dondozo|slp|[from] move: Rest
|-heal|p2a: Dondozo|100/100 slp|[silent]
|
|upkeep
|turn|32
|
|t:|1758331521
|switch|p1a: Tinkaton|Tinkaton, F|100/100
|-ability|p1a: Tinkaton|Mold Breaker
|cant|p2a: Dondozo|slp
|move|p2a: Dondozo|Sleep Talk|p2a: Dondozo
|move|p2a: Dondozo|Rest||[from] move: Sleep Talk|[still]
|-fail|p2a: Dondozo
|
|upkeep
|turn|33
|
|t:|1758331530
|move|p1a: Tinkaton|Swords Dance|p1a: Tinkaton
|-boost|p1a: Tinkaton|atk|2
|cant|p2a: Dondozo|slp
|move|p2a: Dondozo|Sleep Talk|p2a: Dondozo
|move|p2a: Dondozo|Rest||[from] move: Sleep Talk|[still]
|-fail|p2a: Dondozo
|
|upkeep
|turn|34
|
|t:|1758331535
|switch|p2a: Gliscor|Gliscor, M|65/100 tox
|-damage|p2a: Gliscor|53/100 tox|[from] Stealth Rock
|move|p1a: Tinkaton|Swords Dance|p1a: Tinkaton
|-boost|p1a: Tinkaton|atk|2
|
|-heal|p2a: Gliscor|65/100 tox|[from] ability: Poison Heal
|upkeep
|turn|35
|
|t:|1758331545
|move|p1a: Tinkaton|Gigaton Hammer|p2a: Gliscor
|-damage|p2a: Gliscor|0 fnt
|faint|p2a: Gliscor
|
|upkeep
|
|t:|1758331550
|switch|p2a: Toxapex|Toxapex, M|44/100
|turn|36
|
|t:|1758331566
|switch|p2a: Clodsire|Clodsire, F|100/100
|move|p1a: Tinkaton|Ice Hammer|p2a: Clodsire
|-supereffective|p2a: Clodsire
|-damage|p2a: Clodsire|0 fnt
|-unboost|p1a: Tinkaton|spe|1
|faint|p2a: Clodsire
|
|upkeep
|
|t:|1758331571
|switch|p2a: Toxapex|Toxapex, M|77/100
|turn|37
|
|t:|1758331576
|move|p1a: Tinkaton|Gigaton Hammer|p2a: Toxapex
|-resisted|p2a: Toxapex
|-damage|p2a: Toxapex|7/100
|move|p2a: Toxapex|Haze|p2a: Toxapex
|-clearallboost
|
|upkeep
|turn|38
|
|t:|1758331584
|switch|p2a: Alomomola|Alomomola, F|68/100
|move|p1a: Tinkaton|Ice Hammer|p2a: Alomomola
|-resisted|p2a: Alomomola
|-damage|p2a: Alomomola|62/100
|-unboost|p1a: Tinkaton|spe|1
|
|upkeep
|turn|39
|
|t:|1758331598
|switch|p1a: Kyurem|Kyurem, tera:Electric|82/100
|-ability|p1a: Kyurem|Pressure
|move|p2a: Alomomola|Wish|p2a: Alomomola
|
|upkeep
|turn|40
|
|t:|1758331609
|switch|p2a: Dondozo|Dondozo, F|100/100 slp
|move|p1a: Kyurem|Tera Blast|p2a: Dondozo|[anim] Tera Blast Electric
|-supereffective|p2a: Dondozo
|-damage|p2a: Dondozo|60/100 slp
|
|-heal|p2a: Dondozo|100/100 slp|[from] move: Wish|[wisher] Alomomola
|upkeep
|turn|41
|
|t:|1758331618
|move|p1a: Kyurem|Tera Blast|p2a: Dondozo|[anim] Tera Blast Electric
|-supereffective|p2a: Dondozo
|-damage|p2a: Dondozo|58/100 slp
|-curestatus|p2a: Dondozo|slp|[msg]
|move|p2a: Dondozo|Curse|p2a: Dondozo
|-unboost|p2a: Dondozo|spe|1
|-boost|p2a: Dondozo|atk|1
|-boost|p2a: Dondozo|def|1
|
|upkeep
|turn|42
|
|t:|1758331626
|move|p1a: Kyurem|Tera Blast|p2a: Dondozo|[anim] Tera Blast Electric
|-supereffective|p2a: Dondozo
|-damage|p2a: Dondozo|29/100
|move|p2a: Dondozo|Rest|p2a: Dondozo
|-status|p2a: Dondozo|slp|[from] move: Rest
|-heal|p2a: Dondozo|100/100 slp|[silent]
|
|upkeep
|turn|43
|
|t:|1758331631
|switch|p1a: Tinkaton|Tinkaton, F|100/100
|-ability|p1a: Tinkaton|Mold Breaker
|cant|p2a: Dondozo|slp
|move|p2a: Dondozo|Sleep Talk|p2a: Dondozo
|move|p2a: Dondozo|Rest||[from] move: Sleep Talk|[still]
|-fail|p2a: Dondozo
|
|upkeep
|turn|44
|
|t:|1758331638
|switch|p2a: Alomomola|Alomomola, F|95/100
|move|p1a: Tinkaton|Swords Dance|p1a: Tinkaton
|-boost|p1a: Tinkaton|atk|2
|
|upkeep
|turn|45
|
|t:|1758331651
|move|p1a: Tinkaton|Gigaton Hammer|p2a: Alomomola
|-resisted|p2a: Alomomola
|-damage|p2a: Alomomola|65/100
|move|p2a: Alomomola|Wish|p2a: Alomomola
|
|upkeep
|turn|46
|
|t:|1758331656
|move|p1a: Tinkaton|Swords Dance|p1a: Tinkaton
|-boost|p1a: Tinkaton|atk|2
|move|p2a: Alomomola|Flip Turn|p1a: Tinkaton
|-damage|p1a: Tinkaton|76/100
|
|t:|1758331658
|switch|p2a: Toxapex|Toxapex, M|41/100|[from] Flip Turn
|
|-heal|p2a: Toxapex|100/100|[from] move: Wish|[wisher] Alomomola
|upkeep
|turn|47
|
|t:|1758331664
|move|p2a: Toxapex|Baneful Bunker|p2a: Toxapex
|-singleturn|p2a: Toxapex|move: Protect
|move|p1a: Tinkaton|Gigaton Hammer|p2a: Toxapex
|-activate|p2a: Toxapex|move: Protect
|
|upkeep
|turn|48
|
|t:|1758331677
|move|p1a: Tinkaton|Swords Dance|p1a: Tinkaton
|-boost|p1a: Tinkaton|atk|2
|move|p2a: Toxapex|Haze|p2a: Toxapex
|-clearallboost
|
|upkeep
|turn|49
|
|t:|1758331705
|switch|p1a: Landorus|Landorus-Therian, M|100/100
|-ability|p1a: Landorus|Intimidate|boost
|-unboost|p2a: Toxapex|atk|1
|move|p2a: Toxapex|Infestation|p1a: Landorus
|-resisted|p1a: Landorus
|-damage|p1a: Landorus|98/100
|-activate|p1a: Landorus|move: Infestation|[of] p2a: Toxapex
|-damage|p2a: Toxapex|84/100|[from] item: Rocky Helmet|[of] p1a: Landorus
|
|-damage|p1a: Landorus|86/100|[from] move: Infestation|[partiallytrapped]
|upkeep
|turn|50
|
|t:|1758331713
|move|p2a: Toxapex|Baneful Bunker|p2a: Toxapex
|-singleturn|p2a: Toxapex|move: Protect
|move|p1a: Landorus|Earthquake|p2a: Toxapex
|-activate|p2a: Toxapex|move: Protect
|
|-damage|p1a: Landorus|74/100|[from] move: Infestation|[partiallytrapped]
|upkeep
|turn|51
|
|t:|1758331719
|switch|p2a: Alomomola|Alomomola, F|98/100
|move|p1a: Landorus|Earthquake|p2a: Alomomola
|-damage|p2a: Alomomola|66/100
|
|-end|p1a: Landorus|Infestation|[partiallytrapped]|[silent]
|upkeep
|turn|52
|
|t:|1758331739
|move|p1a: Landorus|Earthquake|p2a: Alomomola
|-damage|p2a: Alomomola|34/100
|move|p2a: Alomomola|Wish|p2a: Alomomola
|
|upkeep
|turn|53
|
|t:|1758331745
|move|p2a: Alomomola|Protect|p2a: Alomomola
|-singleturn|p2a: Alomomola|Protect
|move|p1a: Landorus|Grass Knot|p2a: Alomomola
|-activate|p2a: Alomomola|move: Protect
|
|-heal|p2a: Alomomola|84/100|[from] move: Wish|[wisher] Alomomola
|upkeep
|turn|54
|
|t:|1758331756
|switch|p1a: Kyurem|Kyurem, tera:Electric|82/100
|-ability|p1a: Kyurem|Pressure
|move|p2a: Alomomola|Wish|p2a: Alomomola
|
|upkeep
|turn|55
|
|t:|1758331769
|switch|p2a: Dondozo|Dondozo, F|100/100 slp
|move|p1a: Kyurem|Tera Blast|p2a: Dondozo|[anim] Tera Blast Electric
|-supereffective|p2a: Dondozo
|-damage|p2a: Dondozo|63/100 slp
|
|-heal|p2a: Dondozo|100/100 slp|[from] move: Wish|[wisher] Alomomola
|upkeep
|turn|56
|
|t:|1758331780
|move|p1a: Kyurem|Tera Blast|p2a: Dondozo|[anim] Tera Blast Electric
|-supereffective|p2a: Dondozo
|-damage|p2a: Dondozo|61/100 slp
|cant|p2a: Dondozo|slp
|move|p2a: Dondozo|Sleep Talk|p2a: Dondozo
|move|p2a: Dondozo|Curse|p2a: Dondozo|[from] move: Sleep Talk
|-unboost|p2a: Dondozo|spe|1
|-boost|p2a: Dondozo|atk|1
|-boost|p2a: Dondozo|def|1
|
|upkeep
|turn|57
|
|t:|1758331789
|move|p1a: Kyurem|Tera Blast|p2a: Dondozo|[anim] Tera Blast Electric
|-supereffective|p2a: Dondozo
|-damage|p2a: Dondozo|33/100 slp
|-curestatus|p2a: Dondozo|slp|[msg]
|move|p2a: Dondozo|Rest|p2a: Dondozo
|-status|p2a: Dondozo|slp|[from] move: Rest
|-heal|p2a: Dondozo|100/100 slp|[silent]
|
|upkeep
|turn|58
|
|t:|1758331795
|switch|p1a: Tinkaton|Tinkaton, F|76/100
|-ability|p1a: Tinkaton|Mold Breaker
|cant|p2a: Dondozo|slp
|move|p2a: Dondozo|Sleep Talk|p2a: Dondozo
|move|p2a: Dondozo|Curse|p2a: Dondozo|[from] move: Sleep Talk
|-unboost|p2a: Dondozo|spe|1
|-boost|p2a: Dondozo|atk|1
|-boost|p2a: Dondozo|def|1
|
|upkeep
|turn|59
|
|t:|1758331811
|switch|p2a: Toxapex|Toxapex, M|100/100
|move|p1a: Tinkaton|Swords Dance|p1a: Tinkaton
|-boost|p1a: Tinkaton|atk|2
|
|upkeep
|turn|60
|
|t:|1758331825
|move|p1a: Tinkaton|Gigaton Hammer|p2a: Toxapex
|-resisted|p2a: Toxapex
|-damage|p2a: Toxapex|54/100
|move|p2a: Toxapex|Haze|p2a: Toxapex
|-clearallboost
|
|upkeep
|turn|61
|
|t:|1758331833
|move|p1a: Tinkaton|Swords Dance|p1a: Tinkaton
|-boost|p1a: Tinkaton|atk|2
|move|p2a: Toxapex|Infestation|p1a: Tinkaton
|-resisted|p1a: Tinkaton
|-damage|p1a: Tinkaton|76/100
|-activate|p1a: Tinkaton|move: Infestation|[of] p2a: Toxapex
|
|-damage|p1a: Tinkaton|64/100|[from] move: Infestation|[partiallytrapped]
|upkeep
|turn|62
|
|t:|1758331840
|move|p2a: Toxapex|Baneful Bunker|p2a: Toxapex
|-singleturn|p2a: Toxapex|move: Protect
|move|p1a: Tinkaton|Swords Dance|p1a: Tinkaton
|-boost|p1a: Tinkaton|atk|2
|
|-damage|p1a: Tinkaton|51/100|[from] move: Infestation|[partiallytrapped]
|upkeep
|turn|63
|
|t:|1758331846
|switch|p2a: Alomomola|Alomomola, F|100/100
|move|p1a: Tinkaton|Gigaton Hammer|p2a: Alomomola
|-resisted|p2a: Alomomola
|-damage|p2a: Alomomola|56/100
|
|-end|p1a: Tinkaton|Infestation|[partiallytrapped]|[silent]
|upkeep
|turn|64
|
|t:|1758331862
|move|p1a: Tinkaton|Ice Hammer|p2a: Alomomola
|-resisted|p2a: Alomomola
|-damage|p2a: Alomomola|36/100
|-unboost|p1a: Tinkaton|spe|1
|move|p2a: Alomomola|Wish|p2a: Alomomola
|
|upkeep
|turn|65
|
|t:|1758331873
|switch|p2a: Toxapex|Toxapex, M|88/100
|move|p1a: Tinkaton|Swords Dance|p1a: Tinkaton
|-boost|p1a: Tinkaton|atk|2
|
|-heal|p2a: Toxapex|100/100|[from] move: Wish|[wisher] Alomomola
|upkeep
|turn|66
|
|t:|1758331884
|move|p1a: Tinkaton|Gigaton Hammer|p2a: Toxapex
|-resisted|p2a: Toxapex
|-damage|p2a: Toxapex|14/100
|move|p2a: Toxapex|Haze|p2a: Toxapex
|-clearallboost
|
|upkeep
|turn|67
|
|t:|1758331895
|switch|p2a: Alomomola|Alomomola, F|69/100
|move|p1a: Tinkaton|Tera Blast|p2a: Alomomola
|-damage|p2a: Alomomola|55/100
|
|upkeep
|turn|68
|
|t:|1758331919
|move|p1a: Tinkaton|Swords Dance|p1a: Tinkaton
|-boost|p1a: Tinkaton|atk|2
|move|p2a: Alomomola|Wish|p2a: Alomomola
|
|upkeep
|turn|69
|
|t:|1758331927
|move|p1a: Tinkaton|Ice Hammer|p2a: Alomomola|[miss]
|-miss|p1a: Tinkaton|p2a: Alomomola
|move|p2a: Alomomola|Flip Turn|p1a: Tinkaton
|-damage|p1a: Tinkaton|27/100
|
|t:|1758331931
|switch|p2a: Toxapex|Toxapex, M|48/100|[from] Flip Turn
|
|-heal|p2a: Toxapex|100/100|[from] move: Wish|[wisher] Alomomola
|upkeep
|turn|70
|
|t:|1758331955
|switch|p1a: Kyurem|Kyurem, tera:Electric|82/100
|-ability|p1a: Kyurem|Pressure
|move|p2a: Toxapex|Infestation|p1a: Kyurem
|-damage|p1a: Kyurem|79/100
|-activate|p1a: Kyurem|move: Infestation|[of] p2a: Toxapex
|
|-damage|p1a: Kyurem|66/100|[from] move: Infestation|[partiallytrapped]
|upkeep
|turn|71
|
|t:|1758331968
|move|p2a: Toxapex|Baneful Bunker|p2a: Toxapex
|-singleturn|p2a: Toxapex|move: Protect
|move|p1a: Kyurem|Dragon Dance|p1a: Kyurem
|-boost|p1a: Kyurem|atk|1
|-boost|p1a: Kyurem|spe|1
|
|-damage|p1a: Kyurem|54/100|[from] move: Infestation|[partiallytrapped]
|upkeep
|turn|72
|
|t:|1758331975
|switch|p2a: Blissey|Blissey, F, tera:Dark|51/100
|move|p1a: Kyurem|Tera Blast|p2a: Blissey|[anim] Tera Blast Electric
|-damage|p2a: Blissey|0 fnt
|faint|p2a: Blissey
|
|-end|p1a: Kyurem|Infestation|[partiallytrapped]|[silent]
|upkeep
|
|t:|1758331981
|switch|p2a: Dondozo|Dondozo, F|100/100 slp
|turn|73
|
|t:|1758331985
|move|p1a: Kyurem|Tera Blast|p2a: Dondozo|[anim] Tera Blast Electric
|-supereffective|p2a: Dondozo
|-damage|p2a: Dondozo|58/100 slp
|cant|p2a: Dondozo|slp
|move|p2a: Dondozo|Sleep Talk|p2a: Dondozo
|move|p2a: Dondozo|Curse|p2a: Dondozo|[from] move: Sleep Talk
|-unboost|p2a: Dondozo|spe|1
|-boost|p2a: Dondozo|atk|1
|-boost|p2a: Dondozo|def|1
|
|upkeep
|turn|74
|
|t:|1758331996
|move|p1a: Kyurem|Tera Blast|p2a: Dondozo|[anim] Tera Blast Electric
|-supereffective|p2a: Dondozo
|-damage|p2a: Dondozo|30/100 slp
|-curestatus|p2a: Dondozo|slp|[msg]
|move|p2a: Dondozo|Rest|p2a: Dondozo
|-status|p2a: Dondozo|slp|[from] move: Rest
|-heal|p2a: Dondozo|100/100 slp|[silent]
|
|upkeep
|turn|75
|
|t:|1758332002
|move|p1a: Kyurem|Tera Blast|p2a: Dondozo|[anim] Tera Blast Electric
|-supereffective|p2a: Dondozo
|-damage|p2a: Dondozo|72/100 slp
|cant|p2a: Dondozo|slp
|move|p2a: Dondozo|Sleep Talk|p2a: Dondozo
|move|p2a: Dondozo|Rest||[from] move: Sleep Talk|[still]
|-fail|p2a: Dondozo
|
|upkeep
|turn|76
|
|t:|1758332010
|move|p1a: Kyurem|Tera Blast|p2a: Dondozo|[anim] Tera Blast Electric
|-supereffective|p2a: Dondozo
|-damage|p2a: Dondozo|43/100 slp
|cant|p2a: Dondozo|slp
|move|p2a: Dondozo|Sleep Talk|p2a: Dondozo
|move|p2a: Dondozo|Avalanche|p1a: Kyurem|[from] move: Sleep Talk
|-damage|p1a: Kyurem|8/100
|
|upkeep
|turn|77
|
|t:|1758332018
|move|p1a: Kyurem|Tera Blast|p2a: Dondozo|[anim] Tera Blast Electric
|-supereffective|p2a: Dondozo
|-damage|p2a: Dondozo|15/100 slp
|-curestatus|p2a: Dondozo|slp|[msg]
|move|p2a: Dondozo|Rest|p2a: Dondozo
|-status|p2a: Dondozo|slp|[from] move: Rest
|-heal|p2a: Dondozo|100/100 slp|[silent]
|
|upkeep
|turn|78
|
|t:|1758332027
|move|p1a: Kyurem|Tera Blast|p2a: Dondozo|[anim] Tera Blast Electric
|-supereffective|p2a: Dondozo
|-damage|p2a: Dondozo|72/100 slp
|cant|p2a: Dondozo|slp
|move|p2a: Dondozo|Sleep Talk|p2a: Dondozo
|move|p2a: Dondozo|Rest||[from] move: Sleep Talk|[still]
|-fail|p2a: Dondozo
|
|upkeep
|turn|79
|
|t:|1758332037
|move|p1a: Kyurem|Tera Blast|p2a: Dondozo|[anim] Tera Blast Electric
|-supereffective|p2a: Dondozo
|-damage|p2a: Dondozo|44/100 slp
|cant|p2a: Dondozo|slp
|move|p2a: Dondozo|Sleep Talk|p2a: Dondozo
|move|p2a: Dondozo|Rest||[from] move: Sleep Talk|[still]
|-fail|p2a: Dondozo
|
|upkeep
|turn|80
|
|t:|1758332052
|move|p1a: Kyurem|Scale Shot|p2a: Dondozo
|-damage|p2a: Dondozo|39/100 slp
|-damage|p2a: Dondozo|35/100 slp
|-damage|p2a: Dondozo|30/100 slp
|-damage|p2a: Dondozo|26/100 slp
|-damage|p2a: Dondozo|22/100 slp
|-hitcount|p2a: Dondozo|5
|-unboost|p1a: Kyurem|def|1
|-boost|p1a: Kyurem|spe|1
|-curestatus|p2a: Dondozo|slp|[msg]
|move|p2a: Dondozo|Rest|p2a: Dondozo
|-status|p2a: Dondozo|slp|[from] move: Rest
|-heal|p2a: Dondozo|100/100 slp|[silent]
|
|upkeep
|turn|81
|
|t:|1758332073
|move|p1a: Kyurem|Scale Shot|p2a: Dondozo
|-damage|p2a: Dondozo|96/100 slp
|-damage|p2a: Dondozo|92/100 slp
|-damage|p2a: Dondozo|87/100 slp
|-damage|p2a: Dondozo|83/100 slp
|-damage|p2a: Dondozo|78/100 slp
|-hitcount|p2a: Dondozo|5
|-unboost|p1a: Kyurem|def|1
|-boost|p1a: Kyurem|spe|1
|cant|p2a: Dondozo|slp
|
|upkeep
|turn|82
|
|t:|1758332089
|move|p1a: Kyurem|Scale Shot|p2a: Dondozo
|-damage|p2a: Dondozo|73/100 slp
|-damage|p2a: Dondozo|69/100 slp
|-damage|p2a: Dondozo|64/100 slp
|-damage|p2a: Dondozo|59/100 slp
|-hitcount|p2a: Dondozo|4
|-unboost|p1a: Kyurem|def|1
|-boost|p1a: Kyurem|spe|1
|cant|p2a: Dondozo|slp
|move|p2a: Dondozo|Sleep Talk|p2a: Dondozo
|move|p2a: Dondozo|Curse|p2a: Dondozo|[from] move: Sleep Talk
|-unboost|p2a: Dondozo|spe|1
|-boost|p2a: Dondozo|atk|1
|-boost|p2a: Dondozo|def|1
|
|upkeep
|turn|83
|
|t:|1758332103
|move|p1a: Kyurem|Scale Shot|p2a: Dondozo
|-damage|p2a: Dondozo|56/100 slp
|-damage|p2a: Dondozo|53/100 slp
|-damage|p2a: Dondozo|50/100 slp
|-damage|p2a: Dondozo|46/100 slp
|-damage|p2a: Dondozo|42/100 slp
|-hitcount|p2a: Dondozo|5
|-unboost|p1a: Kyurem|def|1
|-boost|p1a: Kyurem|spe|1
|-curestatus|p2a: Dondozo|slp|[msg]
|move|p2a: Dondozo|Curse|p2a: Dondozo
|-unboost|p2a: Dondozo|spe|1
|-boost|p2a: Dondozo|atk|1
|-boost|p2a: Dondozo|def|1
|
|upkeep
|turn|84
|
|t:|1758332121
|move|p1a: Kyurem|Scale Shot|p2a: Dondozo
|-damage|p2a: Dondozo|40/100
|-damage|p2a: Dondozo|37/100
|-damage|p2a: Dondozo|34/100
|-damage|p2a: Dondozo|31/100
|-damage|p2a: Dondozo|28/100
|-hitcount|p2a: Dondozo|5
|-unboost|p1a: Kyurem|def|1
|-boost|p1a: Kyurem|spe|1
|move|p2a: Dondozo|Rest|p2a: Dondozo
|-status|p2a: Dondozo|slp|[from] move: Rest
|-heal|p2a: Dondozo|100/100 slp|[silent]
|
|upkeep
|turn|85
|
|t:|1758332135
|move|p1a: Kyurem|Scale Shot|p2a: Dondozo
|-damage|p2a: Dondozo|98/100 slp
|-damage|p2a: Dondozo|95/100 slp
|-damage|p2a: Dondozo|92/100 slp
|-damage|p2a: Dondozo|89/100 slp
|-damage|p2a: Dondozo|86/100 slp
|-hitcount|p2a: Dondozo|5
|-unboost|p1a: Kyurem|def|1
|cant|p2a: Dondozo|slp
|move|p2a: Dondozo|Sleep Talk|p2a: Dondozo
|move|p2a: Dondozo|Rest||[from] move: Sleep Talk|[still]
|-fail|p2a: Dondozo
|
|upkeep
|turn|86
|
|t:|1758332138
|move|p1a: Kyurem|Scale Shot|p2a: Dondozo|[miss]
|-miss|p1a: Kyurem|p2a: Dondozo
|cant|p2a: Dondozo|slp
|move|p2a: Dondozo|Sleep Talk|p2a: Dondozo
|move|p2a: Dondozo|Rest||[from] move: Sleep Talk|[still]
|-fail|p2a: Dondozo
|
|upkeep
|turn|87
|
|t:|1758332142
|move|p1a: Kyurem|Scale Shot|p2a: Dondozo
|-damage|p2a: Dondozo|83/100 slp
|-damage|p2a: Dondozo|80/100 slp
|-damage|p2a: Dondozo|77/100 slp
|-damage|p2a: Dondozo|75/100 slp
|-damage|p2a: Dondozo|72/100 slp
|-hitcount|p2a: Dondozo|5
|-curestatus|p2a: Dondozo|slp|[msg]
|move|p2a: Dondozo|Avalanche|p1a: Kyurem
|-damage|p1a: Kyurem|0 fnt
|faint|p1a: Kyurem
|
|upkeep
|inactive|Battle timer is ON: inactive players will automatically lose when time's up. (requested by randombananaYAY)
|
|t:|1758332170
|switch|p1a: Zamazenta|Zamazenta|100/100
|-ability|p1a: Zamazenta|Dauntless Shield|boost
|-boost|p1a: Zamazenta|def|1
|turn|88
|
|t:|1758332177
|move|p1a: Zamazenta|Substitute|p1a: Zamazenta
|-start|p1a: Zamazenta|Substitute
|-damage|p1a: Zamazenta|76/100
|move|p2a: Dondozo|Avalanche|p1a: Zamazenta
|-end|p1a: Zamazenta|Substitute
|
|-heal|p1a: Zamazenta|82/100|[from] item: Leftovers
|upkeep
|turn|89
|
|t:|1758332184
|move|p1a: Zamazenta|Iron Defense|p1a: Zamazenta
|-boost|p1a: Zamazenta|def|2
|move|p2a: Dondozo|Avalanche|p1a: Zamazenta
|-damage|p1a: Zamazenta|55/100
|
|-heal|p1a: Zamazenta|61/100|[from] item: Leftovers
|upkeep
|turn|90
|
|t:|1758332191
|move|p1a: Zamazenta|Iron Defense|p1a: Zamazenta
|-boost|p1a: Zamazenta|def|2
|move|p2a: Dondozo|Avalanche|p1a: Zamazenta
|-damage|p1a: Zamazenta|35/100
|
|-heal|p1a: Zamazenta|42/100|[from] item: Leftovers
|upkeep
|turn|91
|c|☆sfinch1|oh rip
|c|☆sfinch1|unaware of defense
|
|t:|1758332214
|move|p1a: Zamazenta|Body Press|p2a: Dondozo
|-damage|p2a: Dondozo|67/100
|move|p2a: Dondozo|Avalanche|p1a: Zamazenta
|-damage|p1a: Zamazenta|0 fnt
|faint|p1a: Zamazenta
|
|upkeep
|c|☆randombananaYAY|yea
|inactive|sfinch1 has 120 seconds left.
|
|t:|1758332235
|switch|p1a: Landorus|Landorus-Therian, M|74/100
|-ability|p1a: Landorus|Intimidate|boost
|-unboost|p2a: Dondozo|atk|1
|turn|92
|inactive|sfinch1 has 120 seconds left.
|
|t:|1758332242
|move|p1a: Landorus|Grass Knot|p2a: Dondozo
|-supereffective|p2a: Dondozo
|-damage|p2a: Dondozo|15/100
|move|p2a: Dondozo|Avalanche|p1a: Landorus
|-supereffective|p1a: Landorus
|-damage|p1a: Landorus|0 fnt
|-damage|p2a: Dondozo|0 fnt|[from] item: Rocky Helmet|[of] p1a: Landorus
|faint|p1a: Landorus
|faint|p2a: Dondozo
|
|upkeep
|inactive|sfinch1 has 120 seconds left.
|
|t:|1758332255
|switch|p1a: Tinkaton|Tinkaton, F|27/100
|switch|p2a: Toxapex|Toxapex, M|100/100
|-ability|p1a: Tinkaton|Mold Breaker
|turn|93
|inactive|sfinch1 has 120 seconds left.
|
|t:|1758332262
|move|p1a: Tinkaton|Swords Dance|p1a: Tinkaton
|-boost|p1a: Tinkaton|atk|2
|move|p2a: Toxapex|Infestation|p1a: Tinkaton
|-resisted|p1a: Tinkaton
|-damage|p1a: Tinkaton|26/100
|-activate|p1a: Tinkaton|move: Infestation|[of] p2a: Toxapex
|
|-damage|p1a: Tinkaton|14/100|[from] move: Infestation|[partiallytrapped]
|upkeep
|turn|94
|-enditem|p1a: Tinkaton|Custap Berry|[eat]
|-activate|p1a: Tinkaton|item: Custap Berry|[consumed]
|
|t:|1758332269
|move|p1a: Tinkaton|Swords Dance|p1a: Tinkaton
|-boost|p1a: Tinkaton|atk|2
|move|p2a: Toxapex|Haze|p2a: Toxapex
|-clearallboost
|
|-damage|p1a: Tinkaton|2/100|[from] move: Infestation|[partiallytrapped]
|upkeep
|turn|95
|
|t:|1758332278
|move|p1a: Tinkaton|Tera Blast|p2a: Toxapex
|-damage|p2a: Toxapex|92/100
|move|p2a: Toxapex|Recover|p2a: Toxapex
|-heal|p2a: Toxapex|100/100
|
|-damage|p1a: Tinkaton|0 fnt|[from] move: Infestation|[partiallytrapped]
|faint|p1a: Tinkaton
|
|win|randombananaYAY
|raw|sfinch1's rating: 1466 &rarr; <strong>1448</strong><br />(-18 for losing)
|raw|randombananaYAY's rating: 1494 &rarr; <strong>1512</strong><br />(+18 for winning)
|c|☆randombananaYAY|gg
|c|☆sfinch1|gg
|l|☆sfinch1
|player|p1|
