|j|☆Gamer Hearts
|j|☆lorped
|t:|1758289619
|gametype|singles
|player|p1|Gamer Hearts|1|1150
|player|p2|lorped|170|1097
|gen|9
|tier|[Gen 9] OU
|rated|
|rule|HP Percentage Mod: HP is shown in percentages
|rule|Endless Battle Clause: Forcing endless battles is banned
|rule|Species Clause: Limit one of each Pokémon
|rule|OHKO Clause: OHKO moves are banned
|rule|Evasion Items Clause: Evasion items are banned
|rule|Evasion Moves Clause: Evasion moves are banned
|rule|Evasion Abilities Clause: Evasion abilities are banned
|rule|Sleep Moves Clause: Sleep-inducing moves are banned
|clearpoke
|poke|p1|Scizor, M|
|poke|p1|Honchkrow, M|
|poke|p1|Blaziken, F|
|poke|p1|Ariados, F|
|poke|p1|Hydreigon, F|
|poke|p1|Kingdra, F|
|poke|p2|Leavanny, M|
|poke|p2|Ceruledge, M|
|poke|p2|Iron Hands|
|poke|p2|Sinistcha|
|poke|p2|Altaria, F|
|poke|p2|Mamoswine, M|
|teampreview
|inactive|Battle timer is ON: inactive players will automatically lose when time's up. (requested by Gamer Hearts)
|
|t:|1758289649
|teamsize|p1|6
|teamsize|p2|6
|start
|switch|p1a: Ariados|Ariados, F|100/100
|switch|p2a: Sinistcha|Sinistcha|100/100
|turn|1
|
|t:|1758289657
|move|p2a: Sinistcha|Calm Mind|p2a: Sinistcha
|-boost|p2a: Sinistcha|spa|1
|-boost|p2a: Sinistcha|spd|1
|move|p1a: Ariados|Sticky Web|p2a: Sinistcha
|-sidestart|p2: lorped|move: Sticky Web
|
|upkeep
|turn|2
|
|t:|1758289665
|-terastallize|p2a: Sinistcha|Ghost
|move|p2a: Sinistcha|Calm Mind|p2a: Sinistcha
|-boost|p2a: Sinistcha|spa|1
|-boost|p2a: Sinistcha|spd|1
|move|p1a: Ariados|Focus Energy|p1a: Ariados
|-start|p1a: Ariados|move: Focus Energy
|
|upkeep
|turn|3
|
|t:|1758289673
|move|p2a: Sinistcha|Shadow Ball|p1a: Ariados
|-damage|p1a: Ariados|0 fnt
|faint|p1a: Ariados
|
|upkeep
|
|t:|1758289677
|switch|p1a: Honchkrow|Honchkrow, M, shiny|100/100
|turn|4
|
|t:|1758289685
|move|p1a: Honchkrow|Dark Pulse|p2a: Sinistcha
|-supereffective|p2a: Sinistcha
|-crit|p2a: Sinistcha
|-damage|p2a: Sinistcha|0 fnt
|faint|p2a: Sinistcha
|
|upkeep
|
|t:|1758289704
|switch|p2a: Iron Hands|Iron Hands|100/100
|-activate|p2a: Iron Hands|move: Sticky Web
|-unboost|p2a: Iron Hands|spe|1
|-enditem|p2a: Iron Hands|Booster Energy
|-activate|p2a: Iron Hands|ability: Quark Drive|[fromitem]
|-start|p2a: Iron Hands|quarkdriveatk
|turn|5
|
|t:|1758289727
|move|p2a: Iron Hands|Fake Out|p1a: Honchkrow
|-damage|p1a: Honchkrow|67/100
|cant|p1a: Honchkrow|flinch
|
|upkeep
|turn|6
|
|t:|1758289735
|move|p1a: Honchkrow|Hyper Beam|p2a: Iron Hands
|-damage|p2a: Iron Hands|57/100
|-mustrecharge|p1a: Honchkrow
|move|p2a: Iron Hands|Drain Punch|p1a: Honchkrow
|-damage|p1a: Honchkrow|0 fnt
|-heal|p2a: Iron Hands|83/100|[from] drain|[of] p1a: Honchkrow
|faint|p1a: Honchkrow
|
|upkeep
|
|t:|1758289747
|switch|p1a: Blaziken|Blaziken, F|100/100
|turn|7
|
|t:|1758289752
|move|p1a: Blaziken|Focus Energy|p1a: Blaziken
|-start|p1a: Blaziken|move: Focus Energy
|move|p2a: Iron Hands|Drain Punch|p1a: Blaziken
|-damage|p1a: Blaziken|14/100
|-heal|p2a: Iron Hands|100/100|[from] drain|[of] p1a: Blaziken
|
|-ability|p1a: Blaziken|Speed Boost|boost
|-boost|p1a: Blaziken|spe|1
|upkeep
|turn|8
|
|t:|1758289770
|move|p1a: Blaziken|Blaze Kick|p2a: Iron Hands
|-crit|p2a: Iron Hands
|-damage|p2a: Iron Hands|54/100
|move|p2a: Iron Hands|Drain Punch|p1a: Blaziken
|-crit|p1a: Blaziken
|-damage|p1a: Blaziken|0 fnt
|-heal|p2a: Iron Hands|58/100|[from] drain|[of] p1a: Blaziken
|faint|p1a: Blaziken
|
|upkeep
|
|t:|1758289781
|switch|p1a: Hydreigon|Hydreigon, F|100/100
|turn|9
|
|t:|1758289786
|move|p1a: Hydreigon|Draco Meteor|p2a: Iron Hands
|-damage|p2a: Iron Hands|1/100
|-unboost|p1a: Hydreigon|spa|2
|move|p2a: Iron Hands|Drain Punch|p1a: Hydreigon
|-supereffective|p1a: Hydreigon
|-damage|p1a: Hydreigon|0 fnt
|-heal|p2a: Iron Hands|33/100|[from] drain|[of] p1a: Hydreigon
|faint|p1a: Hydreigon
|
|upkeep
|
|t:|1758289794
|switch|p1a: Kingdra|Kingdra, F|100/100
|turn|10
|
|t:|1758289800
|-terastallize|p1a: Kingdra|Fairy
|move|p1a: Kingdra|Focus Energy|p1a: Kingdra
|-start|p1a: Kingdra|move: Focus Energy
|move|p2a: Iron Hands|Drain Punch|p1a: Kingdra
|-resisted|p1a: Kingdra
|-damage|p1a: Kingdra|66/100
|-heal|p2a: Iron Hands|43/100|[from] drain|[of] p1a: Kingdra
|
|upkeep
|turn|11
|
|t:|1758289810
|move|p1a: Kingdra|Draco Meteor|p2a: Iron Hands
|-crit|p2a: Iron Hands
|-damage|p2a: Iron Hands|0 fnt
|-unboost|p1a: Kingdra|spa|2
|faint|p2a: Iron Hands
|-end|p2a: Iron Hands|Quark Drive|[silent]
|
|upkeep
|
|t:|1758289825
|switch|p2a: Mamoswine|Mamoswine, M|100/100
|-activate|p2a: Mamoswine|move: Sticky Web
|-unboost|p2a: Mamoswine|spe|1
|turn|12
|
|t:|1758289837
|move|p1a: Kingdra|Scald|p2a: Mamoswine
|-supereffective|p2a: Mamoswine
|-crit|p2a: Mamoswine
|-damage|p2a: Mamoswine|0 fnt
|faint|p2a: Mamoswine
|
|upkeep
|
|t:|1758289845
|switch|p2a: Leavanny|Leavanny, M|100/100
|-activate|p2a: Leavanny|move: Sticky Web
|-unboost|p2a: Leavanny|spe|1
|turn|13
|
|t:|1758289853
|move|p2a: Leavanny|Switcheroo|p1a: Kingdra
|-activate|p2a: Leavanny|move: Trick|[of] p1a: Kingdra
|-item|p1a: Kingdra|Choice Scarf|[from] move: Switcheroo
|-item|p2a: Leavanny|Scope Lens|[from] move: Switcheroo
|move|p1a: Kingdra|Draco Meteor|p2a: Leavanny
|-crit|p2a: Leavanny
|-damage|p2a: Leavanny|0 fnt
|-unboost|p1a: Kingdra|spa|2
|faint|p2a: Leavanny
|
|upkeep
|
|t:|1758289869
|switch|p2a: Altaria|Altaria, F|100/100
|-ability|p2a: Altaria|Cloud Nine
|turn|14
|
|t:|1758289878
|move|p1a: Kingdra|Draco Meteor|p2a: Altaria
|-supereffective|p2a: Altaria
|-crit|p2a: Altaria
|-damage|p2a: Altaria|0 fnt
|-unboost|p1a: Kingdra|spa|2
|faint|p2a: Altaria
|
|upkeep
|
|t:|1758289885
|switch|p2a: Ceruledge|Ceruledge, M|100/100
|-item|p2a: Ceruledge|Air Balloon
|turn|15
|
|t:|1758289891
|move|p1a: Kingdra|Draco Meteor|p2a: Ceruledge
|-damage|p2a: Ceruledge|84/100
|-enditem|p2a: Ceruledge|Air Balloon
|move|p2a: Ceruledge|Bitter Blade|p1a: Kingdra
|-damage|p1a: Kingdra|13/100
|-heal|p2a: Ceruledge|100/100|[from] drain|[of] p1a: Kingdra
|
|upkeep
|turn|16
|
|t:|1758289904
|move|p1a: Kingdra|Draco Meteor|p2a: Ceruledge|[miss]
|-miss|p1a: Kingdra|p2a: Ceruledge
|move|p2a: Ceruledge|Bitter Blade|p1a: Kingdra
|-damage|p1a: Kingdra|0 fnt
|faint|p1a: Kingdra
|
|upkeep
|
|t:|1758289911
|switch|p1a: Scizor|Scizor, M|100/100
|turn|17
|
|t:|1758289917
|move|p2a: Ceruledge|Bitter Blade|p1a: Scizor
|-supereffective|p1a: Scizor
|-damage|p1a: Scizor|0 fnt
|faint|p1a: Scizor
|
|win|lorped
|raw|Gamer Hearts's rating: 1150 &rarr; <strong>1121</strong><br />(-29 for losing)
|raw|lorped's rating: 1097 &rarr; <strong>1126</strong><br />(+29 for winning)
|l|☆Gamer Hearts
|player|p1|
|l|☆lorped
|player|p2|
