|j|☆Truffle buddah
|j|☆carloss prates
|t:|1758270065
|gametype|singles
|player|p1|Truffle buddah|li|1641
|player|p2|carloss prates|bruno|1647
|gen|9
|tier|[Gen 9] OU
|rated|
|rule|HP Percentage Mod: HP is shown in percentages
|rule|Endless Battle Clause: Forcing endless battles is banned
|rule|Species Clause: Limit one of each Pokémon
|rule|OHKO Clause: OHKO moves are banned
|rule|Evasion Items Clause: Evasion items are banned
|rule|Evasion Moves Clause: Evasion moves are banned
|rule|Evasion Abilities Clause: Evasion abilities are banned
|rule|Sleep Moves Clause: Sleep-inducing moves are banned
|clearpoke
|poke|p1|Hydrapple, M|
|poke|p1|Hatterene, F|
|poke|p1|Iron Hands|
|poke|p1|Diancie|
|poke|p1|Scizor, F|
|poke|p1|Dragonite, F|
|poke|p2|Ninetales-Alola, M|
|poke|p2|Dondozo, F|
|poke|p2|Iron Treads|
|poke|p2|Kyurem|
|poke|p2|Comfey, M|
|poke|p2|Polteageist|
|teampreview
|
|t:|1758270088
|teamsize|p1|6
|teamsize|p2|6
|start
|switch|p1a: Diancie|Diancie|100/100
|switch|p2a: Iron Treads|Iron Treads|100/100
|-enditem|p2a: Iron Treads|Booster Energy
|-activate|p2a: Iron Treads|ability: Quark Drive|[fromitem]
|-start|p2a: Iron Treads|quarkdrivespe
|turn|1
|
|t:|1758270094
|move|p2a: Iron Treads|Steel Beam|p1a: Diancie
|-supereffective|p1a: Diancie
|-damage|p1a: Diancie|0 fnt
|-damage|p2a: Iron Treads|50/100|[from] steelbeam
|faint|p1a: Diancie
|
|upkeep
|
|t:|1758270105
|switch|p1a: Iron Hands|Iron Hands|100/100
|turn|2
|
|t:|1758270111
|move|p2a: Iron Treads|Stealth Rock|p1a: Iron Hands
|-sidestart|p1: Truffle buddah|move: Stealth Rock
|move|p1a: Iron Hands|Swords Dance|p1a: Iron Hands
|-boost|p1a: Iron Hands|atk|2
|
|upkeep
|turn|3
|
|t:|1758270114
|move|p2a: Iron Treads|Earth Power|p1a: Iron Hands
|-supereffective|p1a: Iron Hands
|-damage|p1a: Iron Hands|46/100
|move|p1a: Iron Hands|Drain Punch|p2a: Iron Treads
|-supereffective|p2a: Iron Treads
|-damage|p2a: Iron Treads|0 fnt
|-heal|p1a: Iron Hands|62/100|[from] drain|[of] p2a: Iron Treads
|faint|p2a: Iron Treads
|-end|p2a: Iron Treads|Quark Drive|[silent]
|
|-heal|p1a: Iron Hands|69/100|[from] item: Leftovers
|upkeep
|
|t:|1758270137
|switch|p2a: Kyurem|Kyurem|100/100
|-ability|p2a: Kyurem|Pressure
|turn|4
|
|t:|1758270141
|move|p2a: Kyurem|Earth Power|p1a: Iron Hands
|-supereffective|p1a: Iron Hands
|-damage|p1a: Iron Hands|24/100
|move|p1a: Iron Hands|Drain Punch|p2a: Kyurem
|-supereffective|p2a: Kyurem
|-damage|p2a: Kyurem|0 fnt
|-heal|p1a: Iron Hands|65/100|[from] drain|[of] p2a: Kyurem
|faint|p2a: Kyurem
|
|-heal|p1a: Iron Hands|71/100|[from] item: Leftovers
|upkeep
|
|t:|1758270146
|switch|p2a: Ninetales|Ninetales-Alola, M|100/100
|-weather|Snowscape|[from] ability: Snow Warning|[of] p2a: Ninetales
|turn|5
|
|t:|1758270148
|move|p2a: Ninetales|Aurora Veil|p2a: Ninetales
|-sidestart|p2: carloss prates|move: Aurora Veil
|move|p1a: Iron Hands|Drain Punch|p2a: Ninetales
|-damage|p2a: Ninetales|64/100
|-heal|p1a: Iron Hands|85/100|[from] drain|[of] p2a: Ninetales
|
|-weather|Snowscape|[upkeep]
|-heal|p1a: Iron Hands|91/100|[from] item: Leftovers
|upkeep
|turn|6
|
|t:|1758270154
|switch|p2a: Comfey|Comfey, M|100/100
|move|p1a: Iron Hands|Drain Punch|p2a: Comfey
|-resisted|p2a: Comfey
|-damage|p2a: Comfey|73/100
|-heal|p1a: Iron Hands|99/100|[from] drain|[of] p2a: Comfey
|-enditem|p2a: Comfey|Kee Berry|[eat]
|-boost|p2a: Comfey|def|1|[from] item: Kee Berry
|
|-weather|Snowscape|[upkeep]
|-heal|p1a: Iron Hands|100/100|[from] item: Leftovers
|upkeep
|turn|7
|
|t:|1758270174
|-end|p1a: Iron Hands|Quark Drive|[silent]
|switch|p1a: Scizor|Scizor, F|100/100
|move|p2a: Comfey|Calm Mind|p2a: Comfey
|-boost|p2a: Comfey|spa|1
|-boost|p2a: Comfey|spd|1
|
|-weather|Snowscape|[upkeep]
|upkeep
|turn|8
|
|t:|1758270200
|-terastallize|p2a: Comfey|Steel
|move|p1a: Scizor|Bullet Punch|p2a: Comfey
|-resisted|p2a: Comfey
|-damage|p2a: Comfey|66/100
|move|p2a: Comfey|Calm Mind|p2a: Comfey
|-boost|p2a: Comfey|spa|1
|-boost|p2a: Comfey|spd|1
|
|-weather|Snowscape|[upkeep]
|upkeep
|turn|9
|
|t:|1758270209
|move|p2a: Comfey|Stored Power|p1a: Scizor
|-resisted|p1a: Scizor
|-damage|p1a: Scizor|59/100
|move|p1a: Scizor|Knock Off|p2a: Comfey
|-damage|p2a: Comfey|57/100
|
|-weather|none
|upkeep
|turn|10
|
|t:|1758270218
|move|p2a: Comfey|Calm Mind|p2a: Comfey
|-boost|p2a: Comfey|spa|1
|-boost|p2a: Comfey|spd|1
|move|p1a: Scizor|Defog|p2a: Comfey
|-unboost|p2a: Comfey|evasion|1
|-sideend|p2: carloss prates|move: Aurora Veil
|-sideend|p1: Truffle buddah|Stealth Rock|[from] move: Defog|[of] p1a: Scizor
|
|upkeep
|turn|11
|
|t:|1758270221
|move|p2a: Comfey|Draining Kiss|p1a: Scizor
|-resisted|p1a: Scizor
|-damage|p1a: Scizor|30/100
|-heal|p2a: Comfey|82/100|[from] drain|[of] p1a: Scizor
|move|p1a: Scizor|U-turn|p2a: Comfey
|-resisted|p2a: Comfey
|-damage|p2a: Comfey|66/100
|
|t:|1758270226
|switch|p1a: Dragonite|Dragonite, F|100/100|[from] U-turn
|
|upkeep
|turn|12
|
|t:|1758270232
|-terastallize|p1a: Dragonite|Fire
|move|p2a: Comfey|Draining Kiss|p1a: Dragonite
|-resisted|p1a: Dragonite
|-damage|p1a: Dragonite|87/100
|-heal|p2a: Comfey|76/100|[from] drain|[of] p1a: Dragonite
|move|p1a: Dragonite|Encore|p2a: Comfey
|-start|p2a: Comfey|Encore
|
|upkeep
|turn|13
|
|t:|1758270236
|move|p2a: Comfey|Draining Kiss|p1a: Dragonite
|-resisted|p1a: Dragonite
|-damage|p1a: Dragonite|62/100
|-heal|p2a: Comfey|97/100|[from] drain|[of] p1a: Dragonite
|move|p1a: Dragonite|Fire Punch|p2a: Comfey
|-supereffective|p2a: Comfey
|-damage|p2a: Comfey|30/100
|
|upkeep
|turn|14
|
|t:|1758270240
|move|p2a: Comfey|Draining Kiss|p1a: Dragonite
|-resisted|p1a: Dragonite
|-damage|p1a: Dragonite|35/100
|-heal|p2a: Comfey|51/100|[from] drain|[of] p1a: Dragonite
|move|p1a: Dragonite|Fire Punch|p2a: Comfey
|-supereffective|p2a: Comfey
|-damage|p2a: Comfey|0 fnt
|faint|p2a: Comfey
|
|upkeep
|
|t:|1758270244
|switch|p2a: Ninetales|Ninetales-Alola, M|64/100
|-weather|Snowscape|[from] ability: Snow Warning|[of] p2a: Ninetales
|turn|15
|
|t:|1758270247
|move|p2a: Ninetales|Aurora Veil|p2a: Ninetales
|-sidestart|p2: carloss prates|move: Aurora Veil
|move|p1a: Dragonite|Dragon Dance|p1a: Dragonite
|-boost|p1a: Dragonite|atk|1
|-boost|p1a: Dragonite|spe|1
|
|-weather|Snowscape|[upkeep]
|upkeep
|turn|16
|
|t:|1758270250
|switch|p2a: Dondozo|Dondozo, F|100/100
|move|p1a: Dragonite|Fire Punch|p2a: Dondozo
|-resisted|p2a: Dondozo
|-damage|p2a: Dondozo|94/100
|
|-weather|Snowscape|[upkeep]
|-heal|p2a: Dondozo|99/100|[from] item: Leftovers
|upkeep
|turn|17
|
|t:|1758270255
|switch|p1a: Hydrapple|Hydrapple, M|100/100
|move|p2a: Dondozo|Curse|p2a: Dondozo
|-unboost|p2a: Dondozo|spe|1
|-boost|p2a: Dondozo|atk|1
|-boost|p2a: Dondozo|def|1
|
|-weather|Snowscape|[upkeep]
|-heal|p2a: Dondozo|100/100|[from] item: Leftovers
|upkeep
|turn|18
|
|t:|1758270262
|move|p1a: Hydrapple|Nasty Plot|p1a: Hydrapple
|-boost|p1a: Hydrapple|spa|2
|move|p2a: Dondozo|Avalanche|p1a: Hydrapple
|-supereffective|p1a: Hydrapple
|-damage|p1a: Hydrapple|56/100
|-damage|p2a: Dondozo|84/100|[from] item: Rocky Helmet|[of] p1a: Hydrapple
|
|-weather|Snowscape|[upkeep]
|-heal|p2a: Dondozo|90/100|[from] item: Leftovers
|upkeep
|turn|19
|
|t:|1758270268
|move|p1a: Hydrapple|Giga Drain|p2a: Dondozo
|-supereffective|p2a: Dondozo
|-damage|p2a: Dondozo|70/100
|-heal|p1a: Hydrapple|68/100|[from] drain|[of] p2a: Dondozo
|move|p2a: Dondozo|Curse|p2a: Dondozo
|-unboost|p2a: Dondozo|spe|1
|-boost|p2a: Dondozo|atk|1
|-boost|p2a: Dondozo|def|1
|
|-weather|none
|-heal|p2a: Dondozo|76/100|[from] item: Leftovers
|upkeep
|turn|20
|
|t:|1758270273
|move|p1a: Hydrapple|Giga Drain|p2a: Dondozo
|-supereffective|p2a: Dondozo
|-damage|p2a: Dondozo|57/100
|-heal|p1a: Hydrapple|80/100|[from] drain|[of] p2a: Dondozo
|move|p2a: Dondozo|Avalanche|p1a: Hydrapple
|-supereffective|p1a: Hydrapple
|-damage|p1a: Hydrapple|0 fnt
|-damage|p2a: Dondozo|40/100|[from] item: Rocky Helmet|[of] p1a: Hydrapple
|faint|p1a: Hydrapple
|
|-heal|p2a: Dondozo|46/100|[from] item: Leftovers
|upkeep
|
|t:|1758270283
|switch|p1a: Scizor|Scizor, F|30/100
|turn|21
|
|t:|1758270289
|move|p1a: Scizor|Knock Off|p2a: Dondozo
|-damage|p2a: Dondozo|41/100
|-enditem|p2a: Dondozo|Leftovers|[from] move: Knock Off|[of] p1a: Scizor
|move|p2a: Dondozo|Curse|p2a: Dondozo
|-unboost|p2a: Dondozo|spe|1
|-boost|p2a: Dondozo|atk|1
|-boost|p2a: Dondozo|def|1
|
|upkeep
|turn|22
|
|t:|1758270304
|move|p1a: Scizor|Knock Off|p2a: Dondozo
|-damage|p2a: Dondozo|38/100
|move|p2a: Dondozo|Curse|p2a: Dondozo
|-unboost|p2a: Dondozo|spe|1
|-boost|p2a: Dondozo|atk|1
|-boost|p2a: Dondozo|def|1
|
|-sideend|p2: carloss prates|move: Aurora Veil
|upkeep
|turn|23
|
|t:|1758270307
|move|p1a: Scizor|U-turn|p2a: Dondozo
|-crit|p2a: Dondozo
|-damage|p2a: Dondozo|0 fnt
|faint|p2a: Dondozo
|
|t:|1758270316
|switch|p1a: Dragonite|Dragonite, F, tera:Fire|35/100|[from] U-turn
|
|upkeep
|
|t:|1758270318
|switch|p2a: Ninetales|Ninetales-Alola, M|64/100
|-weather|Snowscape|[from] ability: Snow Warning|[of] p2a: Ninetales
|turn|24
|
|t:|1758270325
|move|p2a: Ninetales|Aurora Veil|p2a: Ninetales
|-sidestart|p2: carloss prates|move: Aurora Veil
|move|p1a: Dragonite|Dragon Dance|p1a: Dragonite
|-boost|p1a: Dragonite|atk|1
|-boost|p1a: Dragonite|spe|1
|
|-weather|Snowscape|[upkeep]
|upkeep
|turn|25
|
|t:|1758270328
|move|p1a: Dragonite|Encore|p2a: Ninetales
|-start|p2a: Ninetales|Encore
|move|p2a: Ninetales|Aurora Veil||[still]
|-fail|p2a: Ninetales
|
|-weather|Snowscape|[upkeep]
|upkeep
|turn|26
|
|t:|1758270331
|switch|p2a: Polteageist|Polteageist|100/100
|move|p1a: Dragonite|Dragon Dance|p1a: Dragonite
|-boost|p1a: Dragonite|atk|1
|-boost|p1a: Dragonite|spe|1
|
|-weather|Snowscape|[upkeep]
|upkeep
|turn|27
|
|t:|1758270337
|move|p1a: Dragonite|Scale Shot|p2a: Polteageist
|-damage|p2a: Polteageist|84/100
|-start|p1a: Dragonite|Disable|Scale Shot|[from] ability: Cursed Body|[of] p2a: Polteageist
|-damage|p2a: Polteageist|69/100
|-damage|p2a: Polteageist|51/100
|-damage|p2a: Polteageist|34/100
|-damage|p2a: Polteageist|19/100
|-hitcount|p2a: Polteageist|5
|-unboost|p1a: Dragonite|def|1
|-boost|p1a: Dragonite|spe|1
|move|p2a: Polteageist|Shell Smash|p2a: Polteageist
|-unboost|p2a: Polteageist|def|1
|-unboost|p2a: Polteageist|spd|1
|-boost|p2a: Polteageist|atk|2
|-boost|p2a: Polteageist|spa|2
|-boost|p2a: Polteageist|spe|2
|-enditem|p2a: Polteageist|White Herb
|-clearnegativeboost|p2a: Polteageist|[silent]
|
|-weather|Snowscape|[upkeep]
|upkeep
|turn|28
|
|t:|1758270348
|move|p1a: Dragonite|Fire Punch|p2a: Polteageist
|-damage|p2a: Polteageist|0 fnt
|faint|p2a: Polteageist
|
|-weather|none
|upkeep
|-message|carloss prates forfeited.
|
|win|Truffle buddah
|raw|Truffle buddah's rating: 1641 &rarr; <strong>1661</strong><br />(+20 for winning)
|raw|carloss prates's rating: 1647 &rarr; <strong>1627</strong><br />(-20 for losing)
|l|☆carloss prates
|player|p2|
|l|☆Truffle buddah
|player|p1|
