|j|☆Nikator98
|j|☆lerendezvous
|t:|1758357763
|gametype|singles
|player|p1|Nikator98|giovanni|1724
|player|p2|lerendezvous|101|1748
|gen|9
|tier|[Gen 9] OU
|rated|
|rule|HP Percentage Mod: HP is shown in percentages
|rule|Endless Battle Clause: Forcing endless battles is banned
|rule|Species Clause: Limit one of each Pokémon
|rule|OHKO Clause: OHKO moves are banned
|rule|Evasion Items Clause: Evasion items are banned
|rule|Evasion Moves Clause: Evasion moves are banned
|rule|Evasion Abilities Clause: Evasion abilities are banned
|rule|Sleep Moves Clause: Sleep-inducing moves are banned
|clearpoke
|poke|p1|Metagross|
|poke|p1|Great Tusk|
|poke|p1|Haxorus, M|
|poke|p1|Iron Moth|
|poke|p1|Zoroark-Hisui, M|
|poke|p1|Ninetales-Alola, F|
|poke|p2|Ogerpon-Wellspring, F|
|poke|p2|Slowking-Galar, M|
|poke|p2|Great Tusk|
|poke|p2|Moltres|
|poke|p2|Dragapult, F|
|poke|p2|Kingambit, M|
|teampreview
|inactive|Battle timer is ON: inactive players will automatically lose when time's up. (requested by lerendezvous)
|
|t:|1758357773
|teamsize|p1|6
|teamsize|p2|6
|start
|switch|p1a: Arquillian Sentry|Metagross|100/100
|switch|p2a: Ogerpon|Ogerpon-Wellspring, F|100/100
|turn|1
|
|t:|1758357778
|move|p2a: Ogerpon|Ivy Cudgel|p1a: Arquillian Sentry|[anim] Ivy Cudgel Water
|-damage|p1a: Arquillian Sentry|53/100
|move|p1a: Arquillian Sentry|Psychic Fangs|p2a: Ogerpon
|-damage|p2a: Ogerpon|38/100
|
|upkeep
|turn|2
|
|t:|1758357787
|move|p2a: Ogerpon|Knock Off|p1a: Arquillian Sentry
|-supereffective|p1a: Arquillian Sentry
|-damage|p1a: Arquillian Sentry|0 fnt
|-enditem|p1a: Arquillian Sentry|Custap Berry|[from] move: Knock Off|[of] p2a: Ogerpon
|faint|p1a: Arquillian Sentry
|
|upkeep
|
|t:|1758357801
|switch|p1a: Gothmog|Iron Moth|100/100
|-enditem|p1a: Gothmog|Booster Energy
|-activate|p1a: Gothmog|ability: Quark Drive|[fromitem]
|-start|p1a: Gothmog|quarkdrivespe
|turn|3
|
|t:|1758357808
|switch|p2a: Slowking|Slowking-Galar, M|100/100
|move|p1a: Gothmog|Sludge Wave|p2a: Slowking
|-resisted|p2a: Slowking
|-damage|p2a: Slowking|88/100
|
|upkeep
|turn|4
|
|t:|1758357823
|-end|p1a: Gothmog|Quark Drive|[silent]
|switch|p1a: Asfaloth|Ninetales-Alola, F, shiny|100/100
|-weather|Snowscape|[from] ability: Snow Warning|[of] p1a: Asfaloth
|move|p2a: Slowking|Psyshock|p1a: Asfaloth
|-damage|p1a: Asfaloth|68/100
|
|-weather|Snowscape|[upkeep]
|upkeep
|turn|5
|
|t:|1758357831
|move|p1a: Asfaloth|Aurora Veil|p1a: Asfaloth
|-sidestart|p1: Nikator98|move: Aurora Veil
|move|p2a: Slowking|Sludge Bomb|p1a: Asfaloth
|-supereffective|p1a: Asfaloth
|-damage|p1a: Asfaloth|24/100
|
|-weather|Snowscape|[upkeep]
|upkeep
|turn|6
|
|t:|1758357843
|switch|p1a: Asfaloth|Ninetales-Alola, F, shiny|100/100
|move|p2a: Slowking|Sludge Bomb|p1a: Asfaloth
|-resisted|p1a: Asfaloth
|-damage|p1a: Asfaloth|81/100
|replace|p1a: Van Helsing|Zoroark-Hisui, M, shiny
|-end|p1a: Van Helsing|Illusion
|
|-weather|Snowscape|[upkeep]
|upkeep
|turn|7
|
|t:|1758357851
|move|p1a: Van Helsing|Bitter Malice|p2a: Slowking
|-supereffective|p2a: Slowking
|-damage|p2a: Slowking|34/100
|-unboost|p2a: Slowking|atk|1
|move|p2a: Slowking|Psyshock|p1a: Van Helsing
|-damage|p1a: Van Helsing|44/100
|
|-weather|Snowscape|[upkeep]
|upkeep
|turn|8
|
|t:|1758357861
|switch|p2a: Kingambit|Kingambit, M|100/100
|move|p1a: Van Helsing|Bitter Malice|p2a: Kingambit
|-resisted|p2a: Kingambit
|-damage|p2a: Kingambit|68/100
|-unboost|p2a: Kingambit|atk|1
|
|-weather|none
|-heal|p2a: Kingambit|75/100|[from] item: Leftovers
|upkeep
|turn|9
|
|t:|1758357872
|switch|p1a: Kumaryia|Great Tusk, shiny|100/100
|move|p2a: Kingambit|Iron Head|p1a: Kumaryia
|-damage|p1a: Kumaryia|90/100
|
|-heal|p2a: Kingambit|81/100|[from] item: Leftovers
|upkeep
|turn|10
|
|t:|1758357879
|-end|p1a: Kumaryia|Protosynthesis|[silent]
|switch|p1a: Asfaloth|Ninetales-Alola, F, shiny|44/100
|-end|p2a: Kingambit|fallenundefined|[silent]
|switch|p2a: Moltres|Moltres|100/100
|
|upkeep
|turn|11
|
|t:|1758357885
|move|p1a: Asfaloth|Bitter Malice|p2a: Moltres
|-damage|p2a: Moltres|38/100
|-unboost|p2a: Moltres|atk|1
|move|p2a: Moltres|U-turn|p1a: Asfaloth
|-resisted|p1a: Asfaloth
|-damage|p1a: Asfaloth|40/100
|replace|p1a: Van Helsing|Zoroark-Hisui, M, shiny
|-end|p1a: Van Helsing|Illusion
|
|t:|1758357891
|switch|p2a: Kingambit|Kingambit, M|81/100|[from] U-turn
|
|-heal|p2a: Kingambit|87/100|[from] item: Leftovers
|upkeep
|turn|12
|
|t:|1758357899
|switch|p1a: Kumaryia|Great Tusk, shiny|90/100
|move|p2a: Kingambit|Sucker Punch||[still]
|-fail|p2a: Kingambit
|
|-heal|p2a: Kingambit|93/100|[from] item: Leftovers
|-sideend|p1: Nikator98|move: Aurora Veil
|upkeep
|turn|13
|
|t:|1758357907
|-end|p2a: Kingambit|fallenundefined|[silent]
|switch|p2a: Moltres|Moltres|38/100
|move|p1a: Kumaryia|Knock Off|p2a: Moltres
|-damage|p2a: Moltres|13/100
|-status|p1a: Kumaryia|brn|[from] ability: Flame Body|[of] p2a: Moltres
|-enditem|p2a: Moltres|Heavy-Duty Boots|[from] move: Knock Off|[of] p1a: Kumaryia
|
|-damage|p1a: Kumaryia|84/100 brn|[from] brn
|upkeep
|turn|14
|
|t:|1758357916
|move|p1a: Kumaryia|Ice Spinner|p2a: Moltres
|-damage|p2a: Moltres|4/100
|move|p2a: Moltres|Roost|p2a: Moltres
|-heal|p2a: Moltres|54/100
|-singleturn|p2a: Moltres|move: Roost
|
|-damage|p1a: Kumaryia|78/100 brn|[from] brn
|upkeep
|turn|15
|
|t:|1758357925
|-end|p1a: Kumaryia|Protosynthesis|[silent]
|switch|p1a: Asfaloth|Ninetales-Alola, F, shiny|40/100
|move|p2a: Moltres|Roost|p2a: Moltres
|-heal|p2a: Moltres|100/100
|-singleturn|p2a: Moltres|move: Roost
|
|upkeep
|turn|16
|
|t:|1758357932
|move|p1a: Asfaloth|Bitter Malice|p2a: Moltres
|-damage|p2a: Moltres|43/100
|-unboost|p2a: Moltres|atk|1
|move|p2a: Moltres|U-turn|p1a: Asfaloth
|-resisted|p1a: Asfaloth
|-crit|p1a: Asfaloth
|-damage|p1a: Asfaloth|17/100
|replace|p1a: Van Helsing|Zoroark-Hisui, M, shiny
|-end|p1a: Van Helsing|Illusion
|
|t:|1758357938
|switch|p2a: Kingambit|Kingambit, M|93/100|[from] U-turn
|
|-heal|p2a: Kingambit|99/100|[from] item: Leftovers
|upkeep
|turn|17
|
|t:|1758357945
|switch|p1a: Kumaryia|Great Tusk, shiny|78/100 brn
|move|p2a: Kingambit|Sucker Punch||[still]
|-fail|p2a: Kingambit
|
|-heal|p2a: Kingambit|100/100|[from] item: Leftovers
|-damage|p1a: Kumaryia|72/100 brn|[from] brn
|upkeep
|turn|18
|
|t:|1758357953
|-end|p1a: Kumaryia|Protosynthesis|[silent]
|switch|p1a: Asfaloth|Ninetales-Alola, F, shiny|17/100
|-end|p2a: Kingambit|fallenundefined|[silent]
|switch|p2a: Moltres|Moltres|43/100
|
|upkeep
|turn|19
|
|t:|1758357958
|move|p1a: Asfaloth|Bitter Malice|p2a: Moltres
|-damage|p2a: Moltres|0 fnt
|faint|p2a: Moltres
|
|upkeep
|
|t:|1758357964
|switch|p2a: Slowking|Slowking-Galar, M|67/100
|turn|20
|
|t:|1758357976
|switch|p2a: Kingambit|Kingambit, M|100/100
|-activate|p2a: Kingambit|ability: Supreme Overlord
|-start|p2a: Kingambit|fallen1|[silent]
|move|p1a: Asfaloth|Bitter Malice|p2a: Kingambit
|-resisted|p2a: Kingambit
|-damage|p2a: Kingambit|70/100
|-unboost|p2a: Kingambit|atk|1
|
|-heal|p2a: Kingambit|76/100|[from] item: Leftovers
|upkeep
|turn|21
|
|t:|1758357987
|switch|p1a: Kumaryia|Great Tusk, shiny|72/100 brn
|move|p2a: Kingambit|Swords Dance|p2a: Kingambit
|-boost|p2a: Kingambit|atk|2
|
|-heal|p2a: Kingambit|82/100|[from] item: Leftovers
|-damage|p1a: Kumaryia|65/100 brn|[from] brn
|upkeep
|turn|22
|
|t:|1758357995
|-end|p2a: Kingambit|fallen1|[silent]
|switch|p2a: Ogerpon|Ogerpon-Wellspring, F|38/100
|move|p1a: Kumaryia|Headlong Rush|p2a: Ogerpon
|-resisted|p2a: Ogerpon
|-damage|p2a: Ogerpon|17/100
|-unboost|p1a: Kumaryia|def|1
|-unboost|p1a: Kumaryia|spd|1
|
|-damage|p1a: Kumaryia|59/100 brn|[from] brn
|upkeep
|turn|23
|inactive|Nikator98 has 120 seconds left.
|
|t:|1758358041
|move|p2a: Ogerpon|Ivy Cudgel|p1a: Kumaryia|[anim] Ivy Cudgel Water
|-supereffective|p1a: Kumaryia
|-damage|p1a: Kumaryia|0 fnt
|faint|p1a: Kumaryia
|-end|p1a: Kumaryia|Protosynthesis|[silent]
|
|upkeep
|
|t:|1758358048
|switch|p1a: Asfaloth|Ninetales-Alola, F, shiny|17/100
|turn|24
|
|t:|1758358053
|move|p1a: Asfaloth|Flamethrower|p2a: Ogerpon
|-damage|p2a: Ogerpon|0 fnt
|faint|p2a: Ogerpon
|
|upkeep
|
|t:|1758358058
|switch|p2a: Slowking|Slowking-Galar, M|99/100
|turn|25
|inactive|Nikator98 has 120 seconds left.
|
|t:|1758358094
|switch|p1a: Gothmog|Iron Moth|100/100
|move|p2a: Slowking|Psyshock|p1a: Gothmog
|-supereffective|p1a: Gothmog
|-damage|p1a: Gothmog|0 fnt
|faint|p1a: Gothmog
|-end|p1a: Gothmog|Quark Drive|[silent]
|
|upkeep
|
|t:|1758358101
|switch|p1a: Asfaloth|Ninetales-Alola, F, shiny|24/100
|-weather|Snowscape|[from] ability: Snow Warning|[of] p1a: Asfaloth
|turn|26
|
|t:|1758358108
|move|p1a: Asfaloth|Aurora Veil|p1a: Asfaloth
|-sidestart|p1: Nikator98|move: Aurora Veil
|move|p2a: Slowking|Flamethrower|p1a: Asfaloth
|-supereffective|p1a: Asfaloth
|-damage|p1a: Asfaloth|0 fnt
|faint|p1a: Asfaloth
|
|-weather|Snowscape|[upkeep]
|upkeep
|inactive|Nikator98 has 90 seconds left.
|
|t:|1758358124
|switch|p1a: Lacelle|Haxorus, M|100/100
|-ability|p1a: Lacelle|Mold Breaker
|turn|27
|
|t:|1758358129
|-terastallize|p1a: Lacelle|Steel
|move|p1a: Lacelle|Swords Dance|p1a: Lacelle
|-boost|p1a: Lacelle|atk|2
|move|p2a: Slowking|Ice Beam|p1a: Lacelle
|-resisted|p1a: Lacelle
|-damage|p1a: Lacelle|89/100
|
|-weather|Snowscape|[upkeep]
|upkeep
|turn|28
|
|t:|1758358137
|move|p1a: Lacelle|Scale Shot|p2a: Slowking
|-crit|p2a: Slowking
|-damage|p2a: Slowking|61/100
|-damage|p2a: Slowking|34/100
|-damage|p2a: Slowking|8/100
|-damage|p2a: Slowking|0 fnt
|faint|p2a: Slowking
|-hitcount|p2: Slowking|4
|-unboost|p1a: Lacelle|def|1
|-boost|p1a: Lacelle|spe|1
|
|-weather|Snowscape|[upkeep]
|upkeep
|
|t:|1758358145
|switch|p2a: Great Tusk|Great Tusk|100/100
|turn|29
|
|t:|1758358152
|move|p1a: Lacelle|Iron Head|p2a: Great Tusk
|-damage|p2a: Great Tusk|30/100
|-damage|p1a: Lacelle|73/100|[from] item: Rocky Helmet|[of] p2a: Great Tusk
|move|p2a: Great Tusk|Headlong Rush|p1a: Lacelle
|-supereffective|p1a: Lacelle
|-damage|p1a: Lacelle|0 fnt
|-unboost|p2a: Great Tusk|def|1
|-unboost|p2a: Great Tusk|spd|1
|faint|p1a: Lacelle
|
|-weather|Snowscape|[upkeep]
|upkeep
|-message|Nikator98 forfeited.
|
|win|lerendezvous
|raw|Nikator98's rating: 1724 &rarr; <strong>1705</strong><br />(-19 for losing)
|raw|lerendezvous's rating: 1748 &rarr; <strong>1767</strong><br />(+19 for winning)
|l|☆lerendezvous
|player|p2|
|l|☆Nikator98
|player|p1|
