|j|☆magicgengar2009
|j|☆qazqazwsxplm
|t:|1758378966
|gametype|singles
|player|p1|magicgengar2009|miku-ghost|1065
|player|p2|qazqazwsxplm|1|1057
|gen|9
|tier|[Gen 9] OU
|rated|
|rule|HP Percentage Mod: HP is shown in percentages
|rule|Endless Battle Clause: Forcing endless battles is banned
|rule|Species Clause: Limit one of each Pokémon
|rule|OHKO Clause: OHKO moves are banned
|rule|Evasion Items Clause: Evasion items are banned
|rule|Evasion Moves Clause: Evasion moves are banned
|rule|Evasion Abilities Clause: Evasion abilities are banned
|rule|Sleep Moves Clause: Sleep-inducing moves are banned
|clearpoke
|poke|p1|Serperior, F|
|poke|p1|Samurott-Hisui, F|
|poke|p1|Iron Treads|
|poke|p1|Gholdengo|
|poke|p1|Moltres|
|poke|p1|Alomomola, F|
|poke|p2|Tyranitar, F|
|poke|p2|Excadrill, M|
|poke|p2|Tornadus-Therian, M|
|poke|p2|Heatran, F|
|poke|p2|Hydrapple, M|
|poke|p2|Iron Valiant|
|teampreview
|
|t:|1758378988
|teamsize|p1|6
|teamsize|p2|6
|start
|switch|p1a: Samurott|Samurott-Hisui, F, shiny|100/100
|switch|p2a: Tyranitar|Tyranitar, F|100/100
|-weather|Sandstorm|[from] ability: Sand Stream|[of] p2a: Tyranitar
|turn|1
|
|t:|1758379046
|-terastallize|p2a: Tyranitar|Flying
|move|p2a: Tyranitar|Low Kick|p1a: Samurott
|-supereffective|p1a: Samurott
|-damage|p1a: Samurott|0 fnt
|faint|p1a: Samurott
|
|-weather|Sandstorm|[upkeep]
|-damage|p2a: Tyranitar|94/100|[from] Sandstorm
|upkeep
|inactive|Battle timer is ON: inactive players will automatically lose when time's up. (requested by magicgengar2009)
|
|t:|1758379070
|switch|p1a: Gholdengo|Gholdengo, shiny|100/100
|-item|p1a: Gholdengo|Air Balloon
|turn|2
|
|t:|1758379081
|switch|p2a: Excadrill|Excadrill, M|100/100
|-item|p2a: Excadrill|Air Balloon
|move|p1a: Gholdengo|Thunder Wave|p2a: Excadrill
|-immune|p2a: Excadrill
|
|-weather|Sandstorm|[upkeep]
|upkeep
|turn|3
|
|t:|1758379105
|switch|p1a: Iron Treads|Iron Treads, shiny|100/100
|-item|p1a: Iron Treads|Air Balloon
|move|p2a: Excadrill|Earthquake|p1a: Iron Treads
|-immune|p1a: Iron Treads
|
|-weather|Sandstorm|[upkeep]
|upkeep
|turn|4
|
|t:|1758379118
|move|p2a: Excadrill|Iron Head|p1a: Iron Treads
|-resisted|p1a: Iron Treads
|-damage|p1a: Iron Treads|80/100
|-enditem|p1a: Iron Treads|Air Balloon
|cant|p1a: Iron Treads|flinch
|
|-weather|Sandstorm|[upkeep]
|upkeep
|turn|5
|
|t:|1758379130
|-terastallize|p1a: Iron Treads|Ground
|move|p2a: Excadrill|Earthquake|p1a: Iron Treads
|-damage|p1a: Iron Treads|24/100
|move|p1a: Iron Treads|Earthquake|p2a: Excadrill
|-immune|p2a: Excadrill
|
|-weather|none
|upkeep
|turn|6
|
|t:|1758379149
|move|p1a: Iron Treads|Rapid Spin|p2a: Excadrill
|-resisted|p2a: Excadrill
|-damage|p2a: Excadrill|90/100
|-boost|p1a: Iron Treads|spe|1
|-enditem|p2a: Excadrill|Air Balloon
|move|p2a: Excadrill|Poison Jab|p1a: Iron Treads
|-resisted|p1a: Iron Treads
|-damage|p1a: Iron Treads|10/100
|
|upkeep
|turn|7
|
|t:|1758379161
|switch|p2a: Tornadus|Tornadus-Therian, M|100/100
|move|p1a: Iron Treads|Earthquake|p2a: Tornadus
|-immune|p2a: Tornadus
|
|upkeep
|turn|8
|
|t:|1758379174
|move|p1a: Iron Treads|Stealth Rock|p2a: Tornadus
|-sidestart|p2: qazqazwsxplm|move: Stealth Rock
|move|p2a: Tornadus|U-turn|p1a: Iron Treads
|-damage|p1a: Iron Treads|0 fnt
|faint|p1a: Iron Treads
|-end|p1a: Iron Treads|Quark Drive|[silent]
|-damage|p2a: Tornadus|91/100|[from] item: Life Orb
|
|t:|1758379180
|switch|p2a: Hydrapple|Hydrapple, M|100/100|[from] U-turn
|-damage|p2a: Hydrapple|88/100|[from] Stealth Rock
|
|upkeep
|
|t:|1758379187
|switch|p1a: Moltres|Moltres|100/100
|turn|9
|
|t:|1758379192
|switch|p2a: Tyranitar|Tyranitar, F, tera:Flying|94/100
|-damage|p2a: Tyranitar|69/100|[from] Stealth Rock
|-weather|Sandstorm|[from] ability: Sand Stream|[of] p2a: Tyranitar
|move|p1a: Moltres|Will-O-Wisp|p2a: Tyranitar
|-status|p2a: Tyranitar|brn
|
|-weather|Sandstorm|[upkeep]
|-damage|p2a: Tyranitar|63/100 brn|[from] Sandstorm
|-damage|p1a: Moltres|94/100|[from] Sandstorm
|-damage|p2a: Tyranitar|57/100 brn|[from] brn
|upkeep
|turn|10
|inactive|magicgengar2009 has 120 seconds left.
|
|t:|1758379232
|switch|p1a: Alomomola|Alomomola, F|100/100
|move|p2a: Tyranitar|Stone Edge|p1a: Alomomola|[miss]
|-miss|p2a: Tyranitar|p1a: Alomomola
|
|-weather|Sandstorm|[upkeep]
|-damage|p2a: Tyranitar|51/100 brn|[from] Sandstorm
|-damage|p1a: Alomomola|94/100|[from] Sandstorm
|-heal|p1a: Alomomola|100/100|[from] item: Leftovers
|-damage|p2a: Tyranitar|45/100 brn|[from] brn
|upkeep
|turn|11
|inactive|magicgengar2009 has 120 seconds left.
|
|t:|1758379248
|switch|p2a: Hydrapple|Hydrapple, M|100/100
|-damage|p2a: Hydrapple|88/100|[from] Stealth Rock
|move|p1a: Alomomola|Mirror Coat||[still]
|-fail|p1a: Alomomola
|
|-weather|Sandstorm|[upkeep]
|-damage|p1a: Alomomola|94/100|[from] Sandstorm
|-damage|p2a: Hydrapple|82/100|[from] Sandstorm
|-heal|p1a: Alomomola|100/100|[from] item: Leftovers
|upkeep
|turn|12
|inactive|magicgengar2009 has 120 seconds left.
|
|t:|1758379263
|switch|p1a: Moltres|Moltres|94/100
|move|p2a: Hydrapple|Fickle Beam|p1a: Moltres
|-damage|p1a: Moltres|61/100
|
|-weather|Sandstorm|[upkeep]
|-damage|p1a: Moltres|55/100|[from] Sandstorm
|-damage|p2a: Hydrapple|76/100|[from] Sandstorm
|upkeep
|turn|13
|
|t:|1758379274
|switch|p2a: Tyranitar|Tyranitar, F, tera:Flying|45/100 brn
|-damage|p2a: Tyranitar|20/100 brn|[from] Stealth Rock
|move|p1a: Moltres|Flamethrower|p2a: Tyranitar
|-damage|p2a: Tyranitar|0 fnt
|faint|p2a: Tyranitar
|
|-weather|none
|upkeep
|inactive|qazqazwsxplm has 120 seconds left.
|
|t:|1758379296
|switch|p2a: Heatran|Heatran, F|100/100
|-damage|p2a: Heatran|88/100|[from] Stealth Rock
|turn|14
|inactive|magicgengar2009 has 120 seconds left.
|inactive|qazqazwsxplm has 120 seconds left.
|
|t:|1758379313
|move|p1a: Moltres|Will-O-Wisp|p2a: Heatran
|-start|p2a: Heatran|ability: Flash Fire
|move|p2a: Heatran|Stealth Rock|p1a: Moltres
|-sidestart|p1: magicgengar2009|move: Stealth Rock
|
|-heal|p2a: Heatran|94/100|[from] item: Leftovers
|upkeep
|turn|15
|inactive|qazqazwsxplm has 120 seconds left.
|
|t:|1758379323
|move|p1a: Moltres|Flamethrower|p2a: Heatran
|-immune|p2a: Heatran|[from] ability: Flash Fire
|move|p2a: Heatran|Magma Storm|p1a: Moltres
|-resisted|p1a: Moltres
|-damage|p1a: Moltres|21/100
|-activate|p1a: Moltres|move: Magma Storm|[of] p2a: Heatran
|
|-heal|p2a: Heatran|100/100|[from] item: Leftovers
|-damage|p1a: Moltres|9/100|[from] move: Magma Storm|[partiallytrapped]
|upkeep
|turn|16
|inactive|magicgengar2009 has 120 seconds left.
|inactive|qazqazwsxplm has 120 seconds left.
|
|t:|1758379339
|move|p1a: Moltres|Roost|p1a: Moltres
|-heal|p1a: Moltres|59/100
|-singleturn|p1a: Moltres|move: Roost
|move|p2a: Heatran|Magma Storm|p1a: Moltres
|-resisted|p1a: Moltres
|-damage|p1a: Moltres|26/100
|
|-damage|p1a: Moltres|13/100|[from] move: Magma Storm|[partiallytrapped]
|upkeep
|turn|17
|inactive|qazqazwsxplm has 120 seconds left.
|
|t:|1758379351
|move|p1a: Moltres|Roost|p1a: Moltres
|-heal|p1a: Moltres|63/100
|-singleturn|p1a: Moltres|move: Roost
|move|p2a: Heatran|Taunt|p1a: Moltres
|-start|p1a: Moltres|move: Taunt
|
|-damage|p1a: Moltres|51/100|[from] move: Magma Storm|[partiallytrapped]
|upkeep
|turn|18
|inactive|qazqazwsxplm has 120 seconds left.
|
|t:|1758379361
|move|p1a: Moltres|Hurricane|p2a: Heatran
|-resisted|p2a: Heatran
|-damage|p2a: Heatran|83/100
|-start|p2a: Heatran|confusion
|-activate|p2a: Heatran|confusion
|-damage|p2a: Heatran|77/100|[from] confusion
|
|-heal|p2a: Heatran|84/100|[from] item: Leftovers
|-damage|p1a: Moltres|38/100|[from] move: Magma Storm|[partiallytrapped]
|upkeep
|turn|19
|inactive|qazqazwsxplm has 120 seconds left.
|
|t:|1758379373
|move|p1a: Moltres|Hurricane|p2a: Heatran
|-resisted|p2a: Heatran
|-damage|p2a: Heatran|67/100
|-end|p2a: Heatran|confusion
|move|p2a: Heatran|Magma Storm|p1a: Moltres
|-resisted|p1a: Moltres
|-damage|p1a: Moltres|7/100
|
|-heal|p2a: Heatran|74/100|[from] item: Leftovers
|-end|p1a: Moltres|Magma Storm|[partiallytrapped]
|upkeep
|turn|20
|inactive|qazqazwsxplm has 120 seconds left.
|
|t:|1758379387
|switch|p1a: Alomomola|Alomomola, F|100/100
|-damage|p1a: Alomomola|88/100|[from] Stealth Rock
|move|p2a: Heatran|Magma Storm|p1a: Alomomola
|-resisted|p1a: Alomomola
|-damage|p1a: Alomomola|56/100
|-activate|p1a: Alomomola|move: Magma Storm|[of] p2a: Heatran
|
|-heal|p2a: Heatran|80/100|[from] item: Leftovers
|-heal|p1a: Alomomola|62/100|[from] item: Leftovers
|-damage|p1a: Alomomola|50/100|[from] move: Magma Storm|[partiallytrapped]
|upkeep
|turn|21
|inactive|qazqazwsxplm has 120 seconds left.
|
|t:|1758379412
|-end|p2a: Heatran|ability: Flash Fire|[silent]
|switch|p2a: Hydrapple|Hydrapple, M|100/100
|-damage|p2a: Hydrapple|88/100|[from] Stealth Rock
|move|p1a: Alomomola|Mirror Coat||[still]
|-fail|p1a: Alomomola
|
|-heal|p1a: Alomomola|56/100|[from] item: Leftovers
|-end|p1a: Alomomola|Magma Storm|[partiallytrapped]|[silent]
|upkeep
|turn|22
|
|t:|1758379425
|switch|p1a: Serperior|Serperior, F, shiny|100/100
|-damage|p1a: Serperior|88/100|[from] Stealth Rock
|move|p2a: Hydrapple|Fickle Beam|p1a: Serperior
|-damage|p1a: Serperior|54/100
|
|-heal|p1a: Serperior|61/100|[from] item: Leftovers
|upkeep
|turn|23
|
|t:|1758379438
|switch|p2a: Heatran|Heatran, F|80/100
|-damage|p2a: Heatran|67/100|[from] Stealth Rock
|move|p1a: Serperior|Substitute|p1a: Serperior
|-start|p1a: Serperior|Substitute
|-damage|p1a: Serperior|36/100
|
|-heal|p1a: Serperior|42/100|[from] item: Leftovers
|-heal|p2a: Heatran|74/100|[from] item: Leftovers
|upkeep
|turn|24
|inactive|magicgengar2009 has 120 seconds left.
|
|t:|1758379459
|move|p1a: Serperior|Glare|p2a: Heatran
|-status|p2a: Heatran|par
|cant|p2a: Heatran|par
|
|-heal|p1a: Serperior|48/100|[from] item: Leftovers
|-heal|p2a: Heatran|80/100 par|[from] item: Leftovers
|upkeep
|turn|25
|inactive|magicgengar2009 has 120 seconds left.
|
|t:|1758379472
|move|p1a: Serperior|Leech Seed|p2a: Heatran
|-start|p2a: Heatran|move: Leech Seed
|cant|p2a: Heatran|par
|
|-heal|p1a: Serperior|54/100|[from] item: Leftovers
|-heal|p2a: Heatran|86/100 par|[from] item: Leftovers
|-damage|p2a: Heatran|74/100 par|[from] Leech Seed|[of] p1a: Serperior
|-heal|p1a: Serperior|69/100|[silent]
|upkeep
|turn|26
|
|t:|1758379481
|switch|p2a: Tornadus|Tornadus-Therian, M|100/100
|-damage|p2a: Tornadus|76/100|[from] Stealth Rock
|move|p1a: Serperior|Leaf Storm|p2a: Tornadus
|-resisted|p2a: Tornadus
|-damage|p2a: Tornadus|53/100
|-boost|p1a: Serperior|spa|2
|
|-heal|p1a: Serperior|76/100|[from] item: Leftovers
|upkeep
|turn|27
|inactive|qazqazwsxplm has 120 seconds left.
|inactive|magicgengar2009 has 120 seconds left.
|
|t:|1758379509
|move|p2a: Tornadus|Bleakwind Storm|p1a: Serperior
|-supereffective|p1a: Serperior
|-end|p1a: Serperior|Substitute
|-damage|p2a: Tornadus|43/100|[from] item: Life Orb
|move|p1a: Serperior|Substitute|p1a: Serperior
|-start|p1a: Serperior|Substitute
|-damage|p1a: Serperior|51/100
|
|-heal|p1a: Serperior|57/100|[from] item: Leftovers
|upkeep
|turn|28
|inactive|qazqazwsxplm has 120 seconds left.
|
|t:|1758379525
|move|p2a: Tornadus|Heat Wave|p1a: Serperior
|-supereffective|p1a: Serperior
|-end|p1a: Serperior|Substitute
|-damage|p2a: Tornadus|33/100|[from] item: Life Orb
|move|p1a: Serperior|Leech Seed|p2a: Tornadus
|-start|p2a: Tornadus|move: Leech Seed
|
|-heal|p1a: Serperior|63/100|[from] item: Leftovers
|-damage|p2a: Tornadus|21/100|[from] Leech Seed|[of] p1a: Serperior
|-heal|p1a: Serperior|77/100|[silent]
|upkeep
|turn|29
|inactive|magicgengar2009 has 120 seconds left.
|
|t:|1758379545
|switch|p1a: Alomomola|Alomomola, F|89/100
|-damage|p1a: Alomomola|77/100|[from] Stealth Rock
|move|p2a: Tornadus|Bleakwind Storm|p1a: Alomomola
|-damage|p1a: Alomomola|33/100
|-damage|p2a: Tornadus|11/100|[from] item: Life Orb
|
|-heal|p1a: Alomomola|39/100|[from] item: Leftovers
|-damage|p2a: Tornadus|0 fnt|[from] Leech Seed|[of] p1a: Alomomola
|-heal|p1a: Alomomola|46/100|[silent]
|faint|p2a: Tornadus
|upkeep
|
|t:|1758379562
|switch|p2a: Iron Valiant|Iron Valiant|100/100
|-damage|p2a: Iron Valiant|94/100|[from] Stealth Rock
|-enditem|p2a: Iron Valiant|Booster Energy
|-activate|p2a: Iron Valiant|ability: Quark Drive|[fromitem]
|-start|p2a: Iron Valiant|quarkdrivespe
|turn|30
|
|t:|1758379575
|switch|p1a: Serperior|Serperior, F, shiny|77/100
|-damage|p1a: Serperior|65/100|[from] Stealth Rock
|move|p2a: Iron Valiant|Thunderbolt|p1a: Serperior
|-resisted|p1a: Serperior
|-damage|p1a: Serperior|49/100
|
|-heal|p1a: Serperior|55/100|[from] item: Leftovers
|upkeep
|turn|31
|
|t:|1758379592
|move|p2a: Iron Valiant|Moonblast|p1a: Serperior
|-damage|p1a: Serperior|0 fnt
|faint|p1a: Serperior
|
|upkeep
|
|t:|1758379596
|switch|p1a: Gholdengo|Gholdengo, shiny|100/100
|-damage|p1a: Gholdengo|94/100|[from] Stealth Rock
|-item|p1a: Gholdengo|Air Balloon
|turn|32
|
|t:|1758379613
|-end|p2a: Iron Valiant|Quark Drive|[silent]
|switch|p2a: Hydrapple|Hydrapple, M|100/100
|-damage|p2a: Hydrapple|88/100|[from] Stealth Rock
|move|p1a: Gholdengo|Thunder Wave|p2a: Hydrapple
|-status|p2a: Hydrapple|par
|
|upkeep
|turn|33
|inactive|magicgengar2009 has 120 seconds left.
|
|t:|1758379625
|move|p1a: Gholdengo|Hex|p2a: Hydrapple
|-damage|p2a: Hydrapple|28/100 par
|move|p2a: Hydrapple|Giga Drain|p1a: Gholdengo
|-resisted|p1a: Gholdengo
|-damage|p1a: Gholdengo|80/100
|-heal|p2a: Hydrapple|35/100 par|[from] drain|[of] p1a: Gholdengo
|-enditem|p1a: Gholdengo|Air Balloon
|
|upkeep
|turn|34
|
|t:|1758379640
|switch|p2a: Excadrill|Excadrill, M|90/100
|-damage|p2a: Excadrill|87/100|[from] Stealth Rock
|move|p1a: Gholdengo|Hex|p2a: Excadrill
|-damage|p2a: Excadrill|51/100
|
|upkeep
|turn|35
|inactive|magicgengar2009 has 120 seconds left.
|
|t:|1758379661
|switch|p1a: Alomomola|Alomomola, F|80/100
|-damage|p1a: Alomomola|67/100|[from] Stealth Rock
|move|p2a: Excadrill|Earthquake|p1a: Alomomola
|-damage|p1a: Alomomola|25/100
|
|-heal|p1a: Alomomola|31/100|[from] item: Leftovers
|upkeep
|turn|36
|inactive|magicgengar2009 has 120 seconds left.
|
|t:|1758379673
|move|p2a: Excadrill|Earthquake|p1a: Alomomola
|-damage|p1a: Alomomola|0 fnt
|faint|p1a: Alomomola
|
|upkeep
|
|t:|1758379678
|switch|p1a: Moltres|Moltres|7/100
|turn|37
|
|t:|1758379682
|move|p2a: Excadrill|Earthquake|p1a: Moltres
|-immune|p1a: Moltres
|move|p1a: Moltres|Hurricane|p2a: Excadrill
|-resisted|p2a: Excadrill
|-damage|p2a: Excadrill|17/100
|-start|p2a: Excadrill|confusion
|
|upkeep
|turn|38
|
|t:|1758379690
|-activate|p2a: Excadrill|confusion
|move|p2a: Excadrill|Iron Head|p1a: Moltres
|-resisted|p1a: Moltres
|-damage|p1a: Moltres|0 fnt
|faint|p1a: Moltres
|
|upkeep
|
|t:|1758379695
|switch|p1a: Gholdengo|Gholdengo, shiny|80/100
|-damage|p1a: Gholdengo|74/100|[from] Stealth Rock
|turn|39
|
|t:|1758379704
|switch|p2a: Heatran|Heatran, F|74/100 par
|-damage|p2a: Heatran|61/100 par|[from] Stealth Rock
|move|p1a: Gholdengo|Hex|p2a: Heatran
|-damage|p2a: Heatran|22/100 par
|
|-heal|p2a: Heatran|28/100 par|[from] item: Leftovers
|upkeep
|turn|40
|
|t:|1758379714
|move|p1a: Gholdengo|Hex|p2a: Heatran
|-damage|p2a: Heatran|0 fnt
|faint|p2a: Heatran
|
|upkeep
|
|t:|1758379723
|switch|p2a: Hydrapple|Hydrapple, M|68/100 par
|-damage|p2a: Hydrapple|56/100 par|[from] Stealth Rock
|turn|41
|
|t:|1758379739
|move|p1a: Gholdengo|Hex|p2a: Hydrapple
|-damage|p2a: Hydrapple|0 fnt
|faint|p2a: Hydrapple
|
|upkeep
|
|t:|1758379745
|switch|p2a: Iron Valiant|Iron Valiant|94/100
|-damage|p2a: Iron Valiant|88/100|[from] Stealth Rock
|turn|42
|
|t:|1758379772
|move|p2a: Iron Valiant|Thunderbolt|p1a: Gholdengo
|-crit|p1a: Gholdengo
|-damage|p1a: Gholdengo|33/100
|move|p1a: Gholdengo|Recover|p1a: Gholdengo
|-heal|p1a: Gholdengo|83/100
|
|upkeep
|turn|43
|
|t:|1758379785
|move|p2a: Iron Valiant|Thunderbolt|p1a: Gholdengo
|-damage|p1a: Gholdengo|54/100
|move|p1a: Gholdengo|Thunder Wave|p2a: Iron Valiant
|-status|p2a: Iron Valiant|par
|
|upkeep
|turn|44
|
|t:|1758379793
|move|p1a: Gholdengo|Recover|p1a: Gholdengo
|-heal|p1a: Gholdengo|100/100
|move|p2a: Iron Valiant|Thunderbolt|p1a: Gholdengo
|-damage|p1a: Gholdengo|72/100
|
|upkeep
|turn|45
|
|t:|1758379799
|move|p1a: Gholdengo|Hex|p2a: Iron Valiant
|-damage|p2a: Iron Valiant|0 fnt
|faint|p2a: Iron Valiant
|-end|p2a: Iron Valiant|Quark Drive|[silent]
|
|upkeep
|
|t:|1758379804
|switch|p2a: Excadrill|Excadrill, M|17/100
|-damage|p2a: Excadrill|14/100|[from] Stealth Rock
|turn|46
|
|t:|1758379823
|move|p2a: Excadrill|Earthquake|p1a: Gholdengo
|-supereffective|p1a: Gholdengo
|-damage|p1a: Gholdengo|0 fnt
|faint|p1a: Gholdengo
|
|win|qazqazwsxplm
|raw|magicgengar2009's rating: 1065 &rarr; <strong>1045</strong><br />(-20 for losing)
|raw|qazqazwsxplm's rating: 1057 &rarr; <strong>1089</strong><br />(+32 for winning)
|c|☆magicgengar2009|gg
