|j|☆Lagfire
|j|☆BabyGronkel
|t:|1758236850
|gametype|singles
|player|p1|Lagfire|burgh|1143
|player|p2|BabyGronkel|juan|1127
|gen|9
|tier|[Gen 9] OU
|rated|
|rule|HP Percentage Mod: HP is shown in percentages
|rule|Endless Battle Clause: Forcing endless battles is banned
|rule|Species Clause: Limit one of each Pokémon
|rule|OHKO Clause: OHKO moves are banned
|rule|Evasion Items Clause: Evasion items are banned
|rule|Evasion Moves Clause: Evasion moves are banned
|rule|Evasion Abilities Clause: Evasion abilities are banned
|rule|Sleep Moves Clause: Sleep-inducing moves are banned
|clearpoke
|poke|p1|Mimikyu, M|
|poke|p1|Iron Moth|
|poke|p1|Zoroark-Hisui, M|
|poke|p1|Galvantula, M|
|poke|p1|Quaquaval, F|
|poke|p1|Weavile, F|
|poke|p2|Polteageist|
|poke|p2|Sinistcha-Masterpiece|
|poke|p2|Ting-Lu|
|poke|p2|Infernape, M|
|poke|p2|Floette, F|
|poke|p2|Victreebel, F|
|teampreview
|
|t:|1758236879
|teamsize|p1|6
|teamsize|p2|6
|start
|switch|p1a: Mimikyu|Mimikyu, M, shiny|100/100
|switch|p2a: Macac|Infernape, M|100/100
|turn|1
|
|t:|1758236889
|move|p1a: Mimikyu|Nasty Plot|p1a: Mimikyu
|-boost|p1a: Mimikyu|spa|2
|move|p2a: Macac|Fire Punch|p1a: Mimikyu
|-damage|p1a: Mimikyu|4/100
|replace|p1a: Zoroark|Zoroark-Hisui, M, shiny
|-end|p1a: Zoroark|Illusion
|
|upkeep
|turn|2
|
|t:|1758236899
|switch|p2a: Starbucks Girl|Floette, F|100/100
|move|p1a: Zoroark|Psychic|p2a: Starbucks Girl
|-crit|p2a: Starbucks Girl
|-damage|p2a: Starbucks Girl|51/100
|
|upkeep
|turn|3
|
|t:|1758236909
|move|p1a: Zoroark|Bitter Malice|p2a: Starbucks Girl
|-damage|p2a: Starbucks Girl|13/100
|-unboost|p2a: Starbucks Girl|atk|1
|move|p2a: Starbucks Girl|Moonblast|p1a: Zoroark
|-damage|p1a: Zoroark|0 fnt
|faint|p1a: Zoroark
|
|upkeep
|
|t:|1758236921
|switch|p1a: Weavile|Weavile, F|100/100
|turn|4
|
|t:|1758236927
|move|p1a: Weavile|Fake Out|p2a: Starbucks Girl
|-enditem|p1a: Weavile|Normal Gem|[from] gem
|-damage|p2a: Starbucks Girl|0 fnt
|faint|p2a: Starbucks Girl
|
|upkeep
|
|t:|1758236972
|switch|p2a: Macac|Infernape, M|100/100
|turn|5
|
|t:|1758236981
|switch|p1a: Quaquaval|Quaquaval, F|100/100
|move|p2a: Macac|Fire Punch|p1a: Quaquaval
|-resisted|p1a: Quaquaval
|-damage|p1a: Quaquaval|70/100
|
|upkeep
|turn|6
|
|t:|1758236989
|move|p2a: Macac|Thunder Punch|p1a: Quaquaval
|-supereffective|p1a: Quaquaval
|-damage|p1a: Quaquaval|0 fnt
|faint|p1a: Quaquaval
|
|upkeep
|
|t:|1758237004
|switch|p1a: Mimikyu|Mimikyu, M, shiny|100/100
|turn|7
|
|t:|1758237027
|switch|p2a: Sopa de|Ting-Lu|100/100
|-ability|p2a: Sopa de|Vessel of Ruin
|move|p1a: Mimikyu|Swords Dance|p1a: Mimikyu
|-boost|p1a: Mimikyu|atk|2
|
|upkeep
|turn|8
|
|t:|1758237040
|move|p1a: Mimikyu|Wood Hammer|p2a: Sopa de
|-supereffective|p2a: Sopa de
|-damage|p2a: Sopa de|24/100
|-damage|p1a: Mimikyu|49/100|[from] Recoil
|-damage|p1a: Mimikyu|39/100|[from] item: Life Orb
|move|p2a: Sopa de|Whirlwind|p1a: Mimikyu
|drag|p1a: Galvantula|Galvantula, M|100/100
|
|upkeep
|turn|9
|
|t:|1758237051
|move|p1a: Galvantula|Energy Ball|p2a: Sopa de
|-supereffective|p2a: Sopa de
|-damage|p2a: Sopa de|0 fnt
|faint|p2a: Sopa de
|
|upkeep
|
|t:|1758237059
|switch|p2a: Container|Victreebel, F|100/100
|turn|10
|
|t:|1758237066
|move|p1a: Galvantula|Sticky Web|p2a: Container
|-sidestart|p2: BabyGronkel|move: Sticky Web
|move|p2a: Container|Sludge Wave|p1a: Galvantula
|-damage|p1a: Galvantula|22/100
|
|upkeep
|turn|11
|
|t:|1758237082
|move|p1a: Galvantula|Bug Buzz|p2a: Container
|-damage|p2a: Container|37/100
|move|p2a: Container|Sludge Wave|p1a: Galvantula
|-damage|p1a: Galvantula|0 fnt
|faint|p1a: Galvantula
|
|upkeep
|
|t:|1758237088
|switch|p1a: Iron Moth|Iron Moth|100/100
|-enditem|p1a: Iron Moth|Booster Energy
|-activate|p1a: Iron Moth|ability: Quark Drive|[fromitem]
|-start|p1a: Iron Moth|quarkdrivespa
|turn|12
|
|t:|1758237098
|move|p1a: Iron Moth|Fiery Dance|p2a: Container
|-supereffective|p2a: Container
|-enditem|p2a: Container|Occa Berry|[eat]
|-enditem|p2a: Container|Occa Berry|[weaken]
|-damage|p2a: Container|0 fnt
|faint|p2a: Container
|
|upkeep
|
|t:|1758237114
|switch|p2a: Tea|Polteageist|100/100
|-activate|p2a: Tea|move: Sticky Web
|-unboost|p2a: Tea|spe|1
|turn|13
|
|t:|1758237121
|move|p1a: Iron Moth|Fiery Dance|p2a: Tea
|-damage|p2a: Tea|25/100
|-boost|p1a: Iron Moth|spa|1
|move|p2a: Tea|Shell Smash|p2a: Tea
|-unboost|p2a: Tea|def|1
|-unboost|p2a: Tea|spd|1
|-boost|p2a: Tea|atk|2
|-boost|p2a: Tea|spa|2
|-boost|p2a: Tea|spe|2
|
|upkeep
|turn|14
|
|t:|1758237133
|-terastallize|p1a: Iron Moth|Fire
|move|p2a: Tea|Stored Power|p1a: Iron Moth
|-damage|p1a: Iron Moth|11/100
|move|p1a: Iron Moth|Fiery Dance|p2a: Tea
|-damage|p2a: Tea|0 fnt
|faint|p2a: Tea
|
|upkeep
|
|t:|1758237139
|switch|p2a: Macac|Infernape, M|100/100
|-activate|p2a: Macac|move: Sticky Web
|-unboost|p2a: Macac|spe|1
|turn|15
|
|t:|1758237155
|move|p1a: Iron Moth|Psychic|p2a: Macac
|-supereffective|p2a: Macac
|-damage|p2a: Macac|0 fnt
|faint|p2a: Macac
|
|upkeep
|
|t:|1758237157
|switch|p2a: Matcha|Sinistcha-Masterpiece|100/100
|-activate|p2a: Matcha|move: Sticky Web
|-unboost|p2a: Matcha|spe|1
|turn|16
|
|t:|1758237164
|-terastallize|p2a: Matcha|Dragon
|move|p1a: Iron Moth|Fiery Dance|p2a: Matcha
|-resisted|p2a: Matcha
|-damage|p2a: Matcha|63/100
|move|p2a: Matcha|Matcha Gotcha|p1a: Iron Moth
|-resisted|p1a: Iron Moth
|-damage|p1a: Iron Moth|0 fnt
|-heal|p2a: Matcha|69/100|[from] drain|[of] p1a: Iron Moth
|faint|p1a: Iron Moth
|-end|p1a: Iron Moth|Quark Drive|[silent]
|
|-heal|p2a: Matcha|75/100|[from] item: Leftovers
|upkeep
|
|t:|1758237179
|switch|p1a: Mimikyu|Mimikyu, M, shiny|39/100
|turn|17
|
|t:|1758237183
|move|p1a: Mimikyu|Swords Dance|p1a: Mimikyu
|-boost|p1a: Mimikyu|atk|2
|move|p2a: Matcha|Strength Sap|p1a: Mimikyu
|-unboost|p1a: Mimikyu|atk|1
|-heal|p2a: Matcha|100/100
|
|upkeep
|turn|18
|
|t:|1758237190
|move|p1a: Mimikyu|Play Rough|p2a: Matcha
|-supereffective|p2a: Matcha
|-damage|p2a: Matcha|0 fnt
|faint|p2a: Matcha
|-damage|p1a: Mimikyu|29/100|[from] item: Life Orb
|
|win|Lagfire
|raw|Lagfire's rating: 1143 &rarr; <strong>1167</strong><br />(+24 for winning)
|raw|BabyGronkel's rating: 1127 &rarr; <strong>1103</strong><br />(-24 for losing)
|l|☆BabyGronkel
|player|p2|
|l|☆Lagfire
|player|p1|
