|j|☆idkioi
|j|☆Tom5283
|t:|1758270663
|gametype|singles
|player|p1|idkioi|janitor|1074
|player|p2|Tom5283|hilbert|1182
|gen|9
|tier|[Gen 9] OU
|rated|
|rule|HP Percentage Mod: HP is shown in percentages
|rule|Endless Battle Clause: Forcing endless battles is banned
|rule|Species Clause: Limit one of each Pokémon
|rule|OHKO Clause: OHKO moves are banned
|rule|Evasion Items Clause: Evasion items are banned
|rule|Evasion Moves Clause: Evasion moves are banned
|rule|Evasion Abilities Clause: Evasion abilities are banned
|rule|Sleep Moves Clause: Sleep-inducing moves are banned
|clearpoke
|poke|p1|Enamorus, F|
|poke|p1|Minior-Blue|
|poke|p1|Kyurem|
|poke|p1|Iron Boulder|
|poke|p1|Ribombee, M|
|poke|p1|Corviknight, F|
|poke|p2|Lucario, M|
|poke|p2|Hydreigon, M|
|poke|p2|Dondozo, M|
|poke|p2|Delphox, F|
|poke|p2|Clodsire, M|
|poke|p2|Minior-Orange|
|teampreview
|inactive|Battle timer is ON: inactive players will automatically lose when time's up. (requested by Tom5283)
|inactive|idkioi also wants the timer to be on.
|
|t:|1758270689
|teamsize|p1|6
|teamsize|p2|6
|start
|switch|p1a: Kyurem|Kyurem|100/100
|switch|p2a: Bob|Clodsire, M, shiny|100/100
|-ability|p1a: Kyurem|Pressure
|turn|1
|
|t:|1758270717
|move|p1a: Kyurem|Freeze-Dry|p2a: Bob
|-supereffective|p2a: Bob
|-damage|p2a: Bob|42/100
|move|p2a: Bob|Toxic|p1a: Kyurem
|-status|p1a: Kyurem|tox
|
|-heal|p2a: Bob|48/100|[from] item: Leftovers
|-damage|p1a: Kyurem|94/100 tox|[from] psn
|upkeep
|turn|2
|
|t:|1758270728
|move|p2a: Bob|Protect|p2a: Bob
|-singleturn|p2a: Bob|Protect
|move|p1a: Kyurem|Freeze-Dry|p2a: Bob
|-activate|p2a: Bob|move: Protect
|
|-heal|p2a: Bob|54/100|[from] item: Leftovers
|-damage|p1a: Kyurem|82/100 tox|[from] psn
|upkeep
|turn|3
|
|t:|1758270741
|move|p2a: Bob|Protect||[still]
|-fail|p2a: Bob
|move|p1a: Kyurem|Freeze-Dry|p2a: Bob
|-supereffective|p2a: Bob
|-crit|p2a: Bob
|-damage|p2a: Bob|0 fnt
|faint|p2a: Bob
|
|-damage|p1a: Kyurem|64/100 tox|[from] psn
|upkeep
|
|t:|1758270757
|switch|p2a: David|Lucario, M|100/100
|turn|4
|
|t:|1758270766
|switch|p1a: Enamorus|Enamorus, F|100/100
|move|p2a: David|Meteor Mash|p1a: Enamorus
|-supereffective|p1a: Enamorus
|-damage|p1a: Enamorus|0 fnt
|faint|p1a: Enamorus
|
|upkeep
|inactive|idkioi has 120 seconds left.
|
|t:|1758270795
|switch|p1a: Kyurem|Kyurem|64/100 tox
|-ability|p1a: Kyurem|Pressure
|turn|5
|inactive|idkioi has 120 seconds left.
|
|t:|1758270806
|move|p1a: Kyurem|Draco Meteor|p2a: David
|-resisted|p2a: David
|-damage|p2a: David|17/100
|-unboost|p1a: Kyurem|spa|2
|move|p2a: David|Meteor Mash|p1a: Kyurem
|-supereffective|p1a: Kyurem
|-damage|p1a: Kyurem|0 fnt
|-boost|p2a: David|atk|1
|faint|p1a: Kyurem
|
|upkeep
|
|t:|1758270817
|switch|p1a: Ribombee|Ribombee, M|100/100
|turn|6
|
|t:|1758270823
|move|p1a: Ribombee|Moonblast|p2a: David
|-damage|p2a: David|0 fnt
|faint|p2a: David
|
|upkeep
|
|t:|1758270833
|switch|p2a: Twilight|Delphox, F, shiny|100/100
|turn|7
|
|t:|1758270846
|move|p1a: Ribombee|Tailwind|p1a: Ribombee
|-sidestart|p1: idkioi|move: Tailwind
|move|p2a: Twilight|Fire Spin|p1a: Ribombee
|-supereffective|p1a: Ribombee
|-crit|p1a: Ribombee
|-damage|p1a: Ribombee|41/100
|-activate|p1a: Ribombee|move: Fire Spin|[of] p2a: Twilight
|
|-damage|p1a: Ribombee|29/100|[from] move: Fire Spin|[partiallytrapped]
|upkeep
|turn|8
|
|t:|1758270857
|move|p1a: Ribombee|Sticky Web|p2a: Twilight
|-sidestart|p2: Tom5283|move: Sticky Web
|move|p2a: Twilight|Psychic Noise|p1a: Ribombee
|-damage|p1a: Ribombee|0 fnt
|faint|p1a: Ribombee
|
|upkeep
|
|t:|1758270865
|switch|p1a: Iron Boulder|Iron Boulder|100/100
|turn|9
|
|t:|1758270882
|move|p2a: Twilight|Protect|p2a: Twilight
|-singleturn|p2a: Twilight|Protect
|move|p1a: Iron Boulder|Mighty Cleave|p2a: Twilight
|-supereffective|p2a: Twilight
|-damage|p2a: Twilight|0 fnt
|faint|p2a: Twilight
|
|upkeep
|
|t:|1758270896
|switch|p2a: Namazu|Dondozo, M|100/100
|-activate|p2a: Namazu|move: Sticky Web
|-unboost|p2a: Namazu|spe|1
|turn|10
|
|t:|1758270911
|-terastallize|p1a: Iron Boulder|Rock
|move|p1a: Iron Boulder|Mighty Cleave|p2a: Namazu
|-damage|p2a: Namazu|53/100
|-damage|p1a: Iron Boulder|84/100|[from] item: Rocky Helmet|[of] p2a: Namazu
|move|p2a: Namazu|Earthquake|p1a: Iron Boulder
|-supereffective|p1a: Iron Boulder
|-damage|p1a: Iron Boulder|15/100
|
|-sideend|p1: idkioi|move: Tailwind
|upkeep
|turn|11
|
|t:|1758270922
|move|p1a: Iron Boulder|Mighty Cleave|p2a: Namazu
|-damage|p2a: Namazu|10/100
|-damage|p1a: Iron Boulder|0 fnt|[from] item: Rocky Helmet|[of] p2a: Namazu
|faint|p1a: Iron Boulder
|-end|p1a: Iron Boulder|Quark Drive|[silent]
|move|p2a: Namazu|Rest|p2a: Namazu
|-status|p2a: Namazu|slp|[from] move: Rest
|-heal|p2a: Namazu|100/100 slp|[silent]
|
|upkeep
|
|t:|1758270930
|switch|p1a: Minior|Minior-Blue|100/100
|-formechange|p1a: Minior|Minior-Meteor||[from] ability: Shields Down
|turn|12
|
|t:|1758270939
|move|p1a: Minior|Shell Smash|p1a: Minior
|-unboost|p1a: Minior|def|1
|-unboost|p1a: Minior|spd|1
|-boost|p1a: Minior|atk|2
|-boost|p1a: Minior|spa|2
|-boost|p1a: Minior|spe|2
|-enditem|p1a: Minior|White Herb
|-clearnegativeboost|p1a: Minior|[silent]
|cant|p2a: Namazu|slp
|move|p2a: Namazu|Sleep Talk|p2a: Namazu
|move|p2a: Namazu|Avalanche|p1a: Minior|[from] move: Sleep Talk
|-supereffective|p1a: Minior
|-damage|p1a: Minior|53/100
|
|upkeep
|turn|13
|
|t:|1758270953
|move|p1a: Minior|Shell Smash|p1a: Minior
|-unboost|p1a: Minior|def|1
|-unboost|p1a: Minior|spd|1
|-boost|p1a: Minior|atk|2
|-boost|p1a: Minior|spa|2
|-boost|p1a: Minior|spe|2
|cant|p2a: Namazu|slp
|move|p2a: Namazu|Sleep Talk|p2a: Namazu
|move|p2a: Namazu|Rest||[from] move: Sleep Talk|[still]
|-fail|p2a: Namazu
|
|upkeep
|turn|14
|
|t:|1758270965
|move|p1a: Minior|Acrobatics|p2a: Namazu
|-damage|p2a: Namazu|81/100 slp
|-damage|p1a: Minior|37/100|[from] item: Rocky Helmet|[of] p2a: Namazu
|-curestatus|p2a: Namazu|slp|[msg]
|move|p2a: Namazu|Avalanche|p1a: Minior
|-supereffective|p1a: Minior
|-damage|p1a: Minior|0 fnt
|faint|p1a: Minior
|
|upkeep
|
|t:|1758270974
|switch|p1a: Corviknight|Corviknight, F|100/100
|turn|15
|
|t:|1758270985
|move|p1a: Corviknight|Iron Defense|p1a: Corviknight
|-boost|p1a: Corviknight|def|2
|move|p2a: Namazu|Rest|p2a: Namazu
|-status|p2a: Namazu|slp|[from] move: Rest
|-heal|p2a: Namazu|100/100 slp|[silent]
|
|upkeep
|turn|16
|
|t:|1758270992
|move|p1a: Corviknight|Iron Defense|p1a: Corviknight
|-boost|p1a: Corviknight|def|2
|cant|p2a: Namazu|slp
|move|p2a: Namazu|Sleep Talk|p2a: Namazu
|move|p2a: Namazu|Rest||[from] move: Sleep Talk|[still]
|-fail|p2a: Namazu
|
|upkeep
|turn|17
|
|t:|1758271001
|move|p1a: Corviknight|Iron Defense|p1a: Corviknight
|-boost|p1a: Corviknight|def|2
|cant|p2a: Namazu|slp
|move|p2a: Namazu|Sleep Talk|p2a: Namazu
|move|p2a: Namazu|Avalanche|p1a: Corviknight|[from] move: Sleep Talk
|-damage|p1a: Corviknight|85/100
|
|-heal|p1a: Corviknight|92/100|[from] item: Leftovers
|upkeep
|turn|18
|
|t:|1758271016
|move|p1a: Corviknight|Body Press|p2a: Namazu
|-damage|p2a: Namazu|90/100 slp
|-damage|p1a: Corviknight|75/100|[from] item: Rocky Helmet|[of] p2a: Namazu
|-curestatus|p2a: Namazu|slp|[msg]
|move|p2a: Namazu|Avalanche|p1a: Corviknight
|-damage|p1a: Corviknight|44/100
|
|-heal|p1a: Corviknight|50/100|[from] item: Leftovers
|upkeep
|turn|19
|
|t:|1758271027
|move|p1a: Corviknight|Iron Defense|p1a: Corviknight
|-boost|p1a: Corviknight|def|0
|move|p2a: Namazu|Avalanche|p1a: Corviknight
|-damage|p1a: Corviknight|37/100
|
|-heal|p1a: Corviknight|43/100|[from] item: Leftovers
|upkeep
|turn|20
|-message|idkioi forfeited.
|
|win|Tom5283
|raw|idkioi's rating: 1074 &rarr; <strong>1059</strong><br />(-15 for losing)
|raw|Tom5283's rating: 1182 &rarr; <strong>1199</strong><br />(+17 for winning)
|l|☆idkioi
|player|p1|
|l|☆Tom5283
|player|p2|
