|j|☆wssi
|j|☆KingKaido107
|t:|1758330417
|gametype|singles
|player|p1|wssi|169|1736
|player|p2|KingKaido107|dragontamer-gen6|1697
|gen|9
|tier|[Gen 9] OU
|rated|
|rule|HP Percentage Mod: HP is shown in percentages
|rule|Endless Battle Clause: Forcing endless battles is banned
|rule|Species Clause: Limit one of each Pokémon
|rule|OHKO Clause: OHKO moves are banned
|rule|Evasion Items Clause: Evasion items are banned
|rule|Evasion Moves Clause: Evasion moves are banned
|rule|Evasion Abilities Clause: Evasion abilities are banned
|rule|Sleep Moves Clause: Sleep-inducing moves are banned
|clearpoke
|poke|p1|Primarina, M|
|poke|p1|Great Tusk|
|poke|p1|Kingambit, M|
|poke|p1|Slowking-Galar, M|
|poke|p1|Ogerpon, F|
|poke|p1|Enamorus, F|
|poke|p2|Slowking-Galar, F|
|poke|p2|Kyurem|
|poke|p2|Cinderace, M|
|poke|p2|Tornadus-Therian, M|
|poke|p2|Hydrapple, F|
|poke|p2|Kingambit, M|
|teampreview
|inactive|Battle timer is ON: inactive players will automatically lose when time's up. (requested by KingKaido107)
|inactive|KingKaido107 has 120 seconds left.
|inactive|KingKaido107 has 90 seconds left.
|j| DissFunktion
|inactive|wssi has 120 seconds left.
|j| Cassimir Bazan
|inactive|KingKaido107 has 60 seconds left.
|l| Cassimir Bazan
|
|t:|1758330521
|teamsize|p1|6
|teamsize|p2|6
|start
|switch|p1a: Gin|Enamorus, F, shiny|100/100
|switch|p2a: Depressed Drunk|Slowking-Galar, F|100/100
|turn|1
|
|t:|1758330531
|-terastallize|p1a: Gin|Ground
|move|p1a: Gin|Earth Power|p2a: Depressed Drunk
|-supereffective|p2a: Depressed Drunk
|-damage|p2a: Depressed Drunk|21/100
|-prepare|p2a: Depressed Drunk|Chilly Reception|[premajor]
|move|p2a: Depressed Drunk|Chilly Reception|p2a: Depressed Drunk
|-weather|Snowscape
|
|t:|1758330535
|switch|p2a: Ragnaraku|Kyurem|100/100|[from] Chilly Reception
|-ability|p2a: Ragnaraku|Pressure
|
|-weather|Snowscape|[upkeep]
|upkeep
|turn|2
|
|t:|1758330538
|switch|p1a: Overgod|Kingambit, M, shiny|100/100
|move|p2a: Ragnaraku|Blizzard|p1a: Overgod
|-resisted|p1a: Overgod
|-damage|p1a: Overgod|53/100
|
|-weather|Snowscape|[upkeep]
|-heal|p1a: Overgod|59/100|[from] item: Leftovers
|upkeep
|turn|3
|
|t:|1758330546
|move|p2a: Ragnaraku|Blizzard|p1a: Overgod
|-resisted|p1a: Overgod
|-damage|p1a: Overgod|17/100
|move|p1a: Overgod|Iron Head|p2a: Ragnaraku
|-supereffective|p2a: Ragnaraku
|-damage|p2a: Ragnaraku|42/100
|
|-weather|Snowscape|[upkeep]
|-heal|p1a: Overgod|23/100|[from] item: Leftovers
|upkeep
|turn|4
|
|t:|1758330553
|switch|p2a: Laughing Drunk|Hydrapple, F|100/100
|move|p1a: Overgod|Sucker Punch||[still]
|-fail|p1a: Overgod
|
|-weather|Snowscape|[upkeep]
|-heal|p1a: Overgod|30/100|[from] item: Leftovers
|upkeep
|turn|5
|
|t:|1758330557
|switch|p2a: Depressed Drunk|Slowking-Galar, F|55/100
|move|p1a: Overgod|Kowtow Cleave|p2a: Depressed Drunk
|-supereffective|p2a: Depressed Drunk
|-enditem|p2a: Depressed Drunk|Colbur Berry|[eat]
|-enditem|p2a: Depressed Drunk|Colbur Berry|[weaken]
|-damage|p2a: Depressed Drunk|19/100
|
|-weather|none
|-heal|p1a: Overgod|36/100|[from] item: Leftovers
|upkeep
|turn|6
|
|t:|1758330562
|switch|p2a: Laughing Drunk|Hydrapple, F|100/100
|move|p1a: Overgod|Iron Head|p2a: Laughing Drunk
|-damage|p2a: Laughing Drunk|72/100
|-damage|p1a: Overgod|19/100|[from] item: Rocky Helmet|[of] p2a: Laughing Drunk
|
|-heal|p1a: Overgod|25/100|[from] item: Leftovers
|upkeep
|turn|7
|
|t:|1758330569
|-end|p1a: Overgod|fallenundefined|[silent]
|switch|p1a: Mantra|Slowking-Galar, M, shiny|100/100
|move|p2a: Laughing Drunk|Giga Drain|p1a: Mantra
|-resisted|p1a: Mantra
|-damage|p1a: Mantra|92/100
|-heal|p2a: Laughing Drunk|76/100|[from] drain|[of] p1a: Mantra
|
|upkeep
|turn|8
|j| 54 Insane Rats
|
|t:|1758330574
|switch|p2a: Thieving Drunk|Tornadus-Therian, M|100/100
|move|p1a: Mantra|Flamethrower|p2a: Thieving Drunk
|-crit|p2a: Thieving Drunk
|-damage|p2a: Thieving Drunk|65/100
|-status|p2a: Thieving Drunk|brn
|
|-damage|p2a: Thieving Drunk|59/100 brn|[from] brn
|upkeep
|turn|9
|
|t:|1758330578
|switch|p1a: Overgod|Kingambit, M, shiny|25/100
|move|p2a: Thieving Drunk|Knock Off|p1a: Overgod
|-resisted|p1a: Overgod
|-damage|p1a: Overgod|22/100
|-enditem|p1a: Overgod|Leftovers|[from] move: Knock Off|[of] p2a: Thieving Drunk
|
|-damage|p2a: Thieving Drunk|53/100 brn|[from] brn
|upkeep
|turn|10
|
|t:|1758330585
|move|p2a: Thieving Drunk|Taunt|p1a: Overgod
|-start|p1a: Overgod|move: Taunt
|move|p1a: Overgod|Kowtow Cleave|p2a: Thieving Drunk
|-damage|p2a: Thieving Drunk|0 fnt
|faint|p2a: Thieving Drunk
|
|upkeep
|
|t:|1758330587
|switch|p2a: Boro Breath|Cinderace, M|100/100
|turn|11
|
|t:|1758330612
|move|p2a: Boro Breath|Pyro Ball|p1a: Overgod
|-supereffective|p1a: Overgod
|-damage|p1a: Overgod|0 fnt
|faint|p1a: Overgod
|-end|p1a: Overgod|fallenundefined|[silent]
|
|upkeep
|
|t:|1758330615
|switch|p1a: Gin|Enamorus, F, shiny, tera:Ground|100/100
|turn|12
|
|t:|1758330623
|move|p1a: Gin|Earth Power|p2a: Boro Breath
|-supereffective|p2a: Boro Breath
|-damage|p2a: Boro Breath|0 fnt
|faint|p2a: Boro Breath
|
|upkeep
|
|t:|1758330627
|switch|p2a: Laughing Drunk|Hydrapple, F|100/100
|turn|13
|
|t:|1758330632
|switch|p1a: Mantra|Slowking-Galar, M, shiny|100/100
|switch|p2a: Raging Drunk|Kingambit, M|100/100
|-activate|p2a: Raging Drunk|ability: Supreme Overlord
|-start|p2a: Raging Drunk|fallen2|[silent]
|
|upkeep
|turn|14
|
|t:|1758330637
|switch|p1a: Behemoth|Great Tusk, shiny|100/100
|move|p2a: Raging Drunk|Swords Dance|p2a: Raging Drunk
|-boost|p2a: Raging Drunk|atk|2
|
|upkeep
|turn|15
|
|t:|1758330641
|-terastallize|p2a: Raging Drunk|Dark
|move|p1a: Behemoth|Headlong Rush|p2a: Raging Drunk
|-damage|p2a: Raging Drunk|53/100
|-unboost|p1a: Behemoth|def|1
|-unboost|p1a: Behemoth|spd|1
|move|p2a: Raging Drunk|Low Kick|p1a: Behemoth
|-damage|p1a: Behemoth|0 fnt
|-damage|p2a: Raging Drunk|37/100|[from] item: Rocky Helmet|[of] p1a: Behemoth
|faint|p1a: Behemoth
|-end|p1a: Behemoth|Protosynthesis|[silent]
|
|upkeep
|
|t:|1758330648
|switch|p1a: Celestine|Primarina, M, shiny|100/100
|turn|16
|
|t:|1758330676
|move|p2a: Raging Drunk|Sucker Punch|p1a: Celestine
|-resisted|p1a: Celestine
|-damage|p1a: Celestine|0 fnt
|faint|p1a: Celestine
|
|upkeep
|
|t:|1758330685
|switch|p1a: Anonymous|Ogerpon, F|100/100
|turn|17
|
|t:|1758330688
|move|p2a: Raging Drunk|Sucker Punch|p1a: Anonymous
|-crit|p1a: Anonymous
|-damage|p1a: Anonymous|0 fnt
|faint|p1a: Anonymous
|
|upkeep
|-message|wssi forfeited.
|
|win|KingKaido107
|raw|wssi's rating: 1736 &rarr; <strong>1714</strong><br />(-22 for losing)
|raw|KingKaido107's rating: 1697 &rarr; <strong>1719</strong><br />(+22 for winning)
|l|☆wssi
|player|p1|
|l|☆KingKaido107
|player|p2|
|j| Dogerunner
|l| Dogerunner
|l| DissFunktion
