|j|☆OREO_532
|j|☆highlevelmafiaboss
|t:|1758328575
|gametype|singles
|player|p1|OREO_532|266|1129
|player|p2|highlevelmafiaboss|miku-ground|1139
|gen|9
|tier|[Gen 9] OU
|rated|
|rule|HP Percentage Mod: HP is shown in percentages
|rule|Endless Battle Clause: Forcing endless battles is banned
|rule|Species Clause: Limit one of each Pokémon
|rule|OHKO Clause: OHKO moves are banned
|rule|Evasion Items Clause: Evasion items are banned
|rule|Evasion Moves Clause: Evasion moves are banned
|rule|Evasion Abilities Clause: Evasion abilities are banned
|rule|Sleep Moves Clause: Sleep-inducing moves are banned
|clearpoke
|poke|p1|Hawlucha, M|
|poke|p1|Eiscue, F|
|poke|p1|Deoxys-Speed|
|poke|p1|Iron Valiant|
|poke|p1|Ceruledge, M|
|poke|p1|Garganacl, F|
|poke|p2|Kleavor, M|
|poke|p2|Samurott-Hisui, M|
|poke|p2|Ceruledge, F|
|poke|p2|Great Tusk|
|poke|p2|Kingambit, M|
|poke|p2|Salamence, M|
|teampreview
|
|t:|1758328582
|teamsize|p1|6
|teamsize|p2|6
|start
|switch|p1a: Deoxys|Deoxys-Speed|100/100
|switch|p2a: Ceruledge|Ceruledge, F|100/100
|-ability|p1a: Deoxys|Pressure
|turn|1
|
|t:|1758328589
|move|p1a: Deoxys|Stealth Rock|p2a: Ceruledge
|-sidestart|p2: highlevelmafiaboss|move: Stealth Rock
|move|p2a: Ceruledge|Swords Dance|p2a: Ceruledge
|-boost|p2a: Ceruledge|atk|2
|
|upkeep
|turn|2
|
|t:|1758328597
|move|p1a: Deoxys|Spikes|p2a: Ceruledge
|-sidestart|p2: highlevelmafiaboss|Spikes
|move|p2a: Ceruledge|Bitter Blade|p1a: Deoxys
|-enditem|p1a: Deoxys|Focus Sash
|-damage|p1a: Deoxys|1/100
|
|upkeep
|turn|3
|inactive|Battle timer is ON: inactive players will automatically lose when time's up. (requested by highlevelmafiaboss)
|
|t:|1758328607
|move|p2a: Ceruledge|Shadow Sneak|p1a: Deoxys
|-supereffective|p1a: Deoxys
|-damage|p1a: Deoxys|0 fnt
|faint|p1a: Deoxys
|
|upkeep
|
|t:|1758328620
|switch|p1a: Garganacl|Garganacl, F, shiny|100/100
|turn|4
|
|t:|1758328629
|move|p2a: Ceruledge|Close Combat|p1a: Garganacl
|-supereffective|p1a: Garganacl
|-damage|p1a: Garganacl|0 fnt
|-unboost|p2a: Ceruledge|def|1
|-unboost|p2a: Ceruledge|spd|1
|faint|p1a: Garganacl
|
|upkeep
|
|t:|1758328642
|switch|p1a: Eiscue|Eiscue, F|100/100
|turn|5
|
|t:|1758328647
|move|p2a: Ceruledge|Bitter Blade|p1a: Eiscue
|-activate|p1a: Eiscue|ability: Ice Face
|-damage|p1a: Eiscue|100/100
|detailschange|p1a: Eiscue|Eiscue-Noice, F
|move|p1a: Eiscue|Substitute|p1a: Eiscue
|-start|p1a: Eiscue|Substitute
|-damage|p1a: Eiscue|75/100
|
|upkeep
|turn|6
|
|t:|1758328655
|move|p1a: Eiscue|Belly Drum|p1a: Eiscue
|-damage|p1a: Eiscue|25/100
|-setboost|p1a: Eiscue|atk|6|[from] move: Belly Drum
|-enditem|p1a: Eiscue|Salac Berry|[eat]
|-boost|p1a: Eiscue|spe|1|[from] item: Salac Berry
|move|p2a: Ceruledge|Bitter Blade|p1a: Eiscue
|-supereffective|p1a: Eiscue
|-end|p1a: Eiscue|Substitute
|
|upkeep
|turn|7
|
|t:|1758328666
|move|p2a: Ceruledge|Shadow Sneak|p1a: Eiscue
|-damage|p1a: Eiscue|0 fnt
|faint|p1a: Eiscue
|
|upkeep
|
|t:|1758328671
|switch|p1a: Hawlucha|Hawlucha, M, shiny|100/100
|turn|8
|
|t:|1758328679
|switch|p1a: Ceruledge|Ceruledge, M, shiny|100/100
|move|p2a: Ceruledge|Bitter Blade|p1a: Ceruledge
|-resisted|p1a: Ceruledge
|-damage|p1a: Ceruledge|28/100
|-ability|p1a: Ceruledge|Weak Armor|boost
|-unboost|p1a: Ceruledge|def|1
|-boost|p1a: Ceruledge|spe|2
|
|upkeep
|turn|9
|
|t:|1758328690
|move|p1a: Ceruledge|Shadow Sneak|p2a: Ceruledge
|-supereffective|p2a: Ceruledge
|-damage|p2a: Ceruledge|12/100
|-ability|p2a: Ceruledge|Weak Armor|boost
|-unboost|p2a: Ceruledge|def|1
|-boost|p2a: Ceruledge|spe|2
|move|p2a: Ceruledge|Shadow Sneak|p1a: Ceruledge
|-supereffective|p1a: Ceruledge
|-damage|p1a: Ceruledge|0 fnt
|faint|p1a: Ceruledge
|
|upkeep
|
|t:|1758328698
|switch|p1a: Iron Valiant|Iron Valiant|100/100
|-enditem|p1a: Iron Valiant|Booster Energy
|-activate|p1a: Iron Valiant|ability: Quark Drive|[fromitem]
|-start|p1a: Iron Valiant|quarkdrivespe
|turn|10
|
|t:|1758328710
|move|p1a: Iron Valiant|Spirit Break|p2a: Ceruledge
|-resisted|p2a: Ceruledge
|-damage|p2a: Ceruledge|0 fnt
|faint|p2a: Ceruledge
|
|upkeep
|
|t:|1758328721
|switch|p2a: Kleavor|Kleavor, M|100/100
|-damage|p2a: Kleavor|76/100|[from] Stealth Rock
|-damage|p2a: Kleavor|63/100|[from] Spikes
|turn|11
|
|t:|1758328727
|move|p1a: Iron Valiant|Swords Dance|p1a: Iron Valiant
|-boost|p1a: Iron Valiant|atk|2
|move|p2a: Kleavor|X-Scissor|p1a: Iron Valiant
|-resisted|p1a: Iron Valiant
|-damage|p1a: Iron Valiant|76/100
|
|upkeep
|turn|12
|
|t:|1758328735
|move|p1a: Iron Valiant|Spirit Break|p2a: Kleavor
|-damage|p2a: Kleavor|0 fnt
|faint|p2a: Kleavor
|
|upkeep
|
|t:|1758328752
|switch|p2a: Great Tusk|Great Tusk|100/100
|-damage|p2a: Great Tusk|98/100|[from] Stealth Rock
|-damage|p2a: Great Tusk|85/100|[from] Spikes
|turn|13
|
|t:|1758328758
|-terastallize|p2a: Great Tusk|Fairy
|move|p1a: Iron Valiant|Spirit Break|p2a: Great Tusk
|-damage|p2a: Great Tusk|34/100
|-unboost|p2a: Great Tusk|spa|1
|move|p2a: Great Tusk|Earthquake|p1a: Iron Valiant
|-damage|p1a: Iron Valiant|6/100
|
|upkeep
|turn|14
|
|t:|1758328767
|move|p1a: Iron Valiant|Spirit Break|p2a: Great Tusk
|-damage|p2a: Great Tusk|0 fnt
|faint|p2a: Great Tusk
|-end|p2a: Great Tusk|Protosynthesis|[silent]
|
|upkeep
|
|t:|1758328770
|switch|p2a: Kingambit|Kingambit, M|100/100
|-damage|p2a: Kingambit|94/100|[from] Stealth Rock
|-activate|p2a: Kingambit|ability: Supreme Overlord
|-start|p2a: Kingambit|fallen3|[silent]
|-item|p2a: Kingambit|Air Balloon
|turn|15
|
|t:|1758328784
|move|p2a: Kingambit|Sucker Punch||[still]
|-fail|p2a: Kingambit
|move|p1a: Iron Valiant|Swords Dance|p1a: Iron Valiant
|-boost|p1a: Iron Valiant|atk|2
|
|upkeep
|turn|16
|
|t:|1758328790
|move|p2a: Kingambit|Sucker Punch|p1a: Iron Valiant
|-resisted|p1a: Iron Valiant
|-damage|p1a: Iron Valiant|0 fnt
|faint|p1a: Iron Valiant
|-end|p1a: Iron Valiant|Quark Drive|[silent]
|
|upkeep
|
|t:|1758328795
|switch|p1a: Hawlucha|Hawlucha, M, shiny|100/100
|turn|17
|
|t:|1758328800
|-end|p2a: Kingambit|fallen3|[silent]
|switch|p2a: Salamence|Salamence, M|100/100
|-ability|p2a: Salamence|Intimidate|boost
|-unboost|p1a: Hawlucha|atk|1
|-enditem|p1a: Hawlucha|White Herb
|-clearnegativeboost|p1a: Hawlucha|[silent]
|move|p1a: Hawlucha|Close Combat|p2a: Salamence
|-resisted|p2a: Salamence
|-damage|p2a: Salamence|70/100
|-unboost|p1a: Hawlucha|def|1
|-unboost|p1a: Hawlucha|spd|1
|
|upkeep
|turn|18
|
|t:|1758328819
|-terastallize|p1a: Hawlucha|Fighting
|move|p1a: Hawlucha|Acrobatics|p2a: Salamence
|-damage|p2a: Salamence|14/100
|move|p2a: Salamence|Dragon Dance|p2a: Salamence
|-boost|p2a: Salamence|atk|1
|-boost|p2a: Salamence|spe|1
|
|upkeep
|turn|19
|
|t:|1758328829
|move|p1a: Hawlucha|Acrobatics|p2a: Salamence
|-damage|p2a: Salamence|0 fnt
|faint|p2a: Salamence
|
|upkeep
|
|t:|1758328837
|switch|p2a: Samurott|Samurott-Hisui, M|100/100
|-damage|p2a: Samurott|88/100|[from] Stealth Rock
|-damage|p2a: Samurott|76/100|[from] Spikes
|turn|20
|
|t:|1758328842
|move|p1a: Hawlucha|Close Combat|p2a: Samurott
|-supereffective|p2a: Samurott
|-damage|p2a: Samurott|0 fnt
|-unboost|p1a: Hawlucha|def|1
|-unboost|p1a: Hawlucha|spd|1
|faint|p2a: Samurott
|
|upkeep
|
|t:|1758328844
|switch|p2a: Kingambit|Kingambit, M|94/100
|-damage|p2a: Kingambit|88/100|[from] Stealth Rock
|-activate|p2a: Kingambit|ability: Supreme Overlord
|-start|p2a: Kingambit|fallen5|[silent]
|-item|p2a: Kingambit|Air Balloon
|turn|21
|
|t:|1758328856
|move|p2a: Kingambit|Sucker Punch|p1a: Hawlucha
|-resisted|p1a: Hawlucha
|-damage|p1a: Hawlucha|11/100
|move|p1a: Hawlucha|Close Combat|p2a: Kingambit
|-supereffective|p2a: Kingambit
|-damage|p2a: Kingambit|0 fnt
|-unboost|p1a: Hawlucha|def|1
|-unboost|p1a: Hawlucha|spd|1
|-enditem|p2a: Kingambit|Air Balloon
|faint|p2a: Kingambit
|-end|p2a: Kingambit|fallen5|[silent]
|
|win|OREO_532
|raw|OREO_532's rating: 1129 &rarr; <strong>1155</strong><br />(+26 for winning)
|raw|highlevelmafiaboss's rating: 1139 &rarr; <strong>1113</strong><br />(-26 for losing)
|l|☆highlevelmafiaboss
|player|p2|
|c|☆OREO_532|gg
