|j|☆lostexits
|j|☆MVA Monotype
|t:|1758274232
|gametype|singles
|player|p1|lostexits|2|1203
|player|p2|MVA Monotype|riley|1192
|gen|9
|tier|[Gen 9] OU
|rated|
|rule|HP Percentage Mod: HP is shown in percentages
|rule|Endless Battle Clause: Forcing endless battles is banned
|rule|Species Clause: Limit one of each Pokémon
|rule|OHKO Clause: OHKO moves are banned
|rule|Evasion Items Clause: Evasion items are banned
|rule|Evasion Moves Clause: Evasion moves are banned
|rule|Evasion Abilities Clause: Evasion abilities are banned
|rule|Sleep Moves Clause: Sleep-inducing moves are banned
|clearpoke
|poke|p1|Arcanine-Hisui, F|
|poke|p1|Noivern, F|
|poke|p1|Zoroark-Hisui, M|
|poke|p1|Ogerpon-Wellspring, F|
|poke|p1|Jolteon, F|
|poke|p1|Corviknight, M|
|poke|p2|Dragapult, M|
|poke|p2|Hydreigon, M|
|poke|p2|Dragalge, F|
|poke|p2|Goodra-Hisui, M|
|poke|p2|Latios, M|
|poke|p2|Haxorus, M|
|teampreview
|inactive|Battle timer is ON: inactive players will automatically lose when time's up. (requested by MVA Monotype)
|
|t:|1758274250
|teamsize|p1|6
|teamsize|p2|6
|start
|switch|p1a: Jolteon|Jolteon, F|100/100
|switch|p2a: Dragalge|Dragalge, F, shiny|100/100
|turn|1
|
|t:|1758274260
|move|p1a: Jolteon|Volt Switch|p2a: Dragalge
|-resisted|p2a: Dragalge
|-damage|p2a: Dragalge|79/100
|
|t:|1758274269
|switch|p1a: Corviknight|Corviknight, M|100/100|[from] Volt Switch
|move|p2a: Dragalge|Draco Meteor|p1a: Corviknight
|-resisted|p1a: Corviknight
|-damage|p1a: Corviknight|62/100
|-unboost|p2a: Dragalge|spa|2
|-damage|p2a: Dragalge|69/100|[from] item: Life Orb
|
|upkeep
|turn|2
|
|t:|1758274280
|move|p1a: Corviknight|Roost|p1a: Corviknight
|-heal|p1a: Corviknight|100/100
|-singleturn|p1a: Corviknight|move: Roost
|move|p2a: Dragalge|Dragon Tail|p1a: Corviknight|[miss]
|-miss|p2a: Dragalge|p1a: Corviknight
|
|upkeep
|turn|3
|
|t:|1758274290
|move|p1a: Corviknight|Iron Defense|p1a: Corviknight
|-boost|p1a: Corviknight|def|2
|move|p2a: Dragalge|Dragon Tail|p1a: Corviknight
|-resisted|p1a: Corviknight
|-damage|p1a: Corviknight|94/100
|-damage|p2a: Dragalge|53/100|[from] item: Rocky Helmet|[of] p1a: Corviknight
|-damage|p2a: Dragalge|43/100|[from] item: Life Orb
|drag|p1a: Arcanine|Arcanine-Hisui, F|100/100
|-ability|p1a: Arcanine|Intimidate|boost
|-unboost|p2a: Dragalge|atk|1
|
|upkeep
|turn|4
|
|t:|1758274306
|move|p1a: Arcanine|Stone Edge|p2a: Dragalge
|-damage|p2a: Dragalge|0 fnt
|faint|p2a: Dragalge
|-damage|p1a: Arcanine|91/100|[from] item: Life Orb
|
|upkeep
|
|t:|1758274311
|switch|p2a: Dragapult|Dragapult, M|100/100
|turn|5
|
|t:|1758274316
|switch|p1a: Corviknight|Corviknight, M|94/100
|move|p2a: Dragapult|Dragon Darts|p1a: Corviknight
|-resisted|p1a: Corviknight
|-damage|p1a: Corviknight|82/100
|-anim|p2a: Dragapult|Dragon Darts|p1a: Corviknight
|-resisted|p1a: Corviknight
|-damage|p1a: Corviknight|69/100
|-damage|p2a: Dragapult|91/100|[from] item: Life Orb
|
|upkeep
|turn|6
|
|t:|1758274324
|move|p2a: Dragapult|Fire Blast|p1a: Corviknight
|-supereffective|p1a: Corviknight
|-damage|p1a: Corviknight|22/100
|-damage|p2a: Dragapult|81/100|[from] item: Life Orb
|move|p1a: Corviknight|Iron Defense|p1a: Corviknight
|-boost|p1a: Corviknight|def|2
|
|upkeep
|turn|7
|
|t:|1758274330
|switch|p1a: Arcanine|Arcanine-Hisui, F|91/100
|-ability|p1a: Arcanine|Intimidate|boost
|-fail|p2a: Dragapult|unboost|[from] ability: Clear Body|[of] p2a: Dragapult
|move|p2a: Dragapult|Shadow Ball|p1a: Arcanine
|-damage|p1a: Arcanine|39/100
|-damage|p2a: Dragapult|71/100|[from] item: Life Orb
|
|upkeep
|turn|8
|
|t:|1758274343
|switch|p1a: Noivern|Noivern, F|100/100
|-item|p2a: Dragapult|Life Orb|[from] ability: Frisk|[of] p1a: Noivern
|move|p2a: Dragapult|Dragon Darts|p1a: Noivern
|-supereffective|p1a: Noivern
|-damage|p1a: Noivern|24/100
|-enditem|p1a: Noivern|Salac Berry|[eat]
|-boost|p1a: Noivern|spe|1|[from] item: Salac Berry
|-anim|p2a: Dragapult|Dragon Darts|p1a: Noivern
|-supereffective|p1a: Noivern
|-damage|p1a: Noivern|0 fnt
|faint|p1a: Noivern
|-damage|p2a: Dragapult|61/100|[from] item: Life Orb
|
|upkeep
|
|t:|1758274361
|switch|p1a: Jolteon|Jolteon, F|100/100
|turn|9
|
|t:|1758274369
|switch|p2a: Goodra|Goodra-Hisui, M|100/100
|move|p1a: Jolteon|Thunderbolt|p2a: Goodra
|-resisted|p2a: Goodra
|-damage|p2a: Goodra|86/100
|
|upkeep
|turn|10
|
|t:|1758274380
|switch|p1a: Corviknight|Corviknight, M|22/100
|move|p2a: Goodra|Draco Meteor|p1a: Corviknight|[miss]
|-miss|p2a: Goodra|p1a: Corviknight
|
|upkeep
|turn|11
|
|t:|1758274387
|move|p1a: Corviknight|Roost|p1a: Corviknight
|-heal|p1a: Corviknight|72/100
|-singleturn|p1a: Corviknight|move: Roost
|move|p2a: Goodra|Flamethrower|p1a: Corviknight
|-supereffective|p1a: Corviknight
|-damage|p1a: Corviknight|32/100
|
|upkeep
|turn|12
|
|t:|1758274397
|switch|p2a: Dragapult|Dragapult, M|61/100
|move|p1a: Corviknight|Roost|p1a: Corviknight
|-heal|p1a: Corviknight|82/100
|-singleturn|p1a: Corviknight|move: Roost
|
|upkeep
|turn|13
|
|t:|1758274408
|move|p2a: Dragapult|Shadow Ball|p1a: Corviknight
|-damage|p1a: Corviknight|54/100
|-damage|p2a: Dragapult|52/100|[from] item: Life Orb
|move|p1a: Corviknight|Roost|p1a: Corviknight
|-heal|p1a: Corviknight|100/100
|-singleturn|p1a: Corviknight|move: Roost
|
|upkeep
|turn|14
|
|t:|1758274418
|move|p2a: Dragapult|Fire Blast|p1a: Corviknight|[miss]
|-miss|p2a: Dragapult|p1a: Corviknight
|move|p1a: Corviknight|Brave Bird|p2a: Dragapult
|-damage|p2a: Dragapult|0 fnt
|faint|p2a: Dragapult
|-damage|p1a: Corviknight|87/100|[from] Recoil
|
|upkeep
|
|t:|1758274446
|switch|p2a: Haxorus|Haxorus, M, shiny|100/100
|-ability|p2a: Haxorus|Mold Breaker
|turn|15
|
|t:|1758274449
|move|p2a: Haxorus|Swords Dance|p2a: Haxorus
|-boost|p2a: Haxorus|atk|2
|move|p1a: Corviknight|Iron Defense|p1a: Corviknight
|-boost|p1a: Corviknight|def|2
|
|upkeep
|turn|16
|
|t:|1758274455
|move|p2a: Haxorus|Swords Dance|p2a: Haxorus
|-boost|p2a: Haxorus|atk|2
|move|p1a: Corviknight|Iron Defense|p1a: Corviknight
|-boost|p1a: Corviknight|def|2
|
|upkeep
|turn|17
|
|t:|1758274464
|-terastallize|p2a: Haxorus|Fighting
|move|p2a: Haxorus|Close Combat|p1a: Corviknight
|-damage|p1a: Corviknight|9/100
|-unboost|p2a: Haxorus|def|1
|-unboost|p2a: Haxorus|spd|1
|-damage|p2a: Haxorus|84/100|[from] item: Rocky Helmet|[of] p1a: Corviknight
|-damage|p2a: Haxorus|74/100|[from] item: Life Orb
|move|p1a: Corviknight|Iron Defense|p1a: Corviknight
|-boost|p1a: Corviknight|def|2
|
|upkeep
|turn|18
|
|t:|1758274474
|move|p2a: Haxorus|Close Combat|p1a: Corviknight
|-damage|p1a: Corviknight|0 fnt
|-unboost|p2a: Haxorus|def|1
|-unboost|p2a: Haxorus|spd|1
|-damage|p2a: Haxorus|58/100|[from] item: Rocky Helmet|[of] p1a: Corviknight
|faint|p1a: Corviknight
|-damage|p2a: Haxorus|48/100|[from] item: Life Orb
|
|upkeep
|
|t:|1758274477
|switch|p1a: Arcanine|Arcanine-Hisui, F|39/100
|-ability|p1a: Arcanine|Intimidate|boost
|-unboost|p2a: Haxorus|atk|1
|turn|19
|
|t:|1758274487
|move|p1a: Arcanine|Extreme Speed|p2a: Haxorus
|-damage|p2a: Haxorus|0 fnt
|faint|p2a: Haxorus
|-damage|p1a: Arcanine|29/100|[from] item: Life Orb
|
|upkeep
|
|t:|1758274493
|switch|p2a: Latios|Latios, M|100/100
|turn|20
|
|t:|1758274496
|move|p1a: Arcanine|Extreme Speed|p2a: Latios
|-damage|p2a: Latios|53/100
|-damage|p1a: Arcanine|19/100|[from] item: Life Orb
|move|p2a: Latios|Luster Purge|p1a: Arcanine
|-damage|p1a: Arcanine|0 fnt
|faint|p1a: Arcanine
|
|upkeep
|l|☆lostexits
|inactive|lostexits disconnected and has a minute to reconnect!
|player|p1|
|j|☆lostexits
|inactive|lostexits reconnected and has 140 seconds left.
|player|p1|lostexits|2|
|
|t:|1758274511
|switch|p1a: Jolteon|Jolteon, F|100/100
|turn|21
|
|t:|1758274520
|switch|p2a: Goodra|Goodra-Hisui, M|86/100
|move|p1a: Jolteon|Bitter Malice|p2a: Goodra
|-damage|p2a: Goodra|70/100
|-unboost|p2a: Goodra|atk|1
|
|upkeep
|turn|22
|
|t:|1758274529
|move|p1a: Jolteon|Nasty Plot|p1a: Jolteon
|-boost|p1a: Jolteon|spa|2
|move|p2a: Goodra|Draco Meteor|p1a: Jolteon
|-enditem|p1a: Jolteon|Focus Sash
|-damage|p1a: Jolteon|1/100
|-unboost|p2a: Goodra|spa|2
|replace|p1a: Zoroark|Zoroark-Hisui, M
|-end|p1a: Zoroark|Illusion
|
|upkeep
|turn|23
|
|t:|1758274542
|move|p1a: Zoroark|Hyper Voice|p2a: Goodra
|-resisted|p2a: Goodra
|-damage|p2a: Goodra|50/100
|move|p2a: Goodra|Flamethrower|p1a: Zoroark
|-damage|p1a: Zoroark|0 fnt
|faint|p1a: Zoroark
|
|upkeep
|
|t:|1758274547
|switch|p1a: Ogerpon|Ogerpon-Wellspring, F|100/100
|turn|24
|
|t:|1758274559
|switch|p2a: Hydreigon|Hydreigon, M|100/100
|-terastallize|p1a: Ogerpon|Water
|detailschange|p1a: Ogerpon|Ogerpon-Wellspring-Tera, F, tera:Water
|-ability|p1a: Ogerpon|Embody Aspect (Wellspring)|boost
|-boost|p1a: Ogerpon|spd|1
|move|p1a: Ogerpon|Encore||[still]
|-fail|p1a: Ogerpon
|
|upkeep
|turn|25
|
|t:|1758274570
|move|p1a: Ogerpon|Swords Dance|p1a: Ogerpon
|-boost|p1a: Ogerpon|atk|2
|move|p2a: Hydreigon|Dark Pulse|p1a: Ogerpon
|-damage|p1a: Ogerpon|64/100
|
|upkeep
|turn|26
|
|t:|1758274577
|move|p1a: Ogerpon|Horn Leech|p2a: Hydreigon
|-resisted|p2a: Hydreigon
|-damage|p2a: Hydreigon|52/100
|-heal|p1a: Ogerpon|91/100|[from] drain|[of] p2a: Hydreigon
|move|p2a: Hydreigon|Draco Meteor|p1a: Ogerpon
|-damage|p1a: Ogerpon|32/100
|-unboost|p2a: Hydreigon|spa|2
|-enditem|p2a: Hydreigon|White Herb
|-clearnegativeboost|p2a: Hydreigon|[silent]
|
|upkeep
|turn|27
|
|t:|1758274598
|move|p1a: Ogerpon|Horn Leech|p2a: Hydreigon
|-resisted|p2a: Hydreigon
|-damage|p2a: Hydreigon|4/100
|-heal|p1a: Ogerpon|58/100|[from] drain|[of] p2a: Hydreigon
|move|p2a: Hydreigon|Draco Meteor|p1a: Ogerpon
|-damage|p1a: Ogerpon|1/100
|-unboost|p2a: Hydreigon|spa|2
|
|upkeep
|turn|28
|
|t:|1758274606
|move|p1a: Ogerpon|Ivy Cudgel|p2a: Hydreigon|[anim] Ivy Cudgel Water
|-resisted|p2a: Hydreigon
|-damage|p2a: Hydreigon|0 fnt
|faint|p2a: Hydreigon
|
|upkeep
|
|t:|1758274608
|switch|p2a: Latios|Latios, M|53/100
|turn|29
|
|t:|1758274611
|move|p2a: Latios|Luster Purge|p1a: Ogerpon
|-damage|p1a: Ogerpon|0 fnt
|faint|p1a: Ogerpon
|detailschange|p1: Ogerpon|Ogerpon-Wellspring, F|[silent]
|
|upkeep
|
|t:|1758274613
|switch|p1a: Jolteon|Jolteon, F|100/100
|turn|30
|
|t:|1758274615
|move|p2a: Latios|Luster Purge|p1a: Jolteon
|-crit|p1a: Jolteon
|-damage|p1a: Jolteon|0 fnt
|faint|p1a: Jolteon
|
|win|MVA Monotype
|raw|lostexits's rating: 1203 &rarr; <strong>1177</strong><br />(-26 for losing)
|raw|MVA Monotype's rating: 1192 &rarr; <strong>1218</strong><br />(+26 for winning)
|l|☆lostexits
|player|p1|
