|j|☆SomethingAnt
|j|☆axunyu
|t:|1758341681
|gametype|singles
|player|p1|SomethingAnt|n|1317
|player|p2|axunyu|2|1349
|gen|9
|tier|[Gen 9] OU
|rated|
|rule|HP Percentage Mod: HP is shown in percentages
|rule|Endless Battle Clause: Forcing endless battles is banned
|rule|Species Clause: Limit one of each Pokémon
|rule|OHKO Clause: OHKO moves are banned
|rule|Evasion Items Clause: Evasion items are banned
|rule|Evasion Moves Clause: Evasion moves are banned
|rule|Evasion Abilities Clause: Evasion abilities are banned
|rule|Sleep Moves Clause: Sleep-inducing moves are banned
|clearpoke
|poke|p1|Dragapult, F|
|poke|p1|Primarina, M|
|poke|p1|Iron Crown|
|poke|p1|Samurott-Hisui, F|
|poke|p1|Kingambit, M|
|poke|p1|Landorus-Therian, M|
|poke|p2|Torkoal, F|
|poke|p2|Scovillain, M|
|poke|p2|Zamazenta-*|
|poke|p2|Corviknight, M|
|poke|p2|Raging Bolt|
|poke|p2|Arcanine-Hisui, F|
|teampreview
|inactive|Battle timer is ON: inactive players will automatically lose when time's up. (requested by axunyu)
|
|t:|1758341695
|teamsize|p1|6
|teamsize|p2|6
|start
|switch|p1a: Landorus|Landorus-Therian, M|100/100
|switch|p2a: Torkoal|Torkoal, F, shiny|100/100
|-ability|p1a: Landorus|Intimidate|boost
|-unboost|p2a: Torkoal|atk|1
|-weather|SunnyDay|[from] ability: Drought|[of] p2a: Torkoal
|turn|1
|
|t:|1758341701
|switch|p2a: Scovillain|Scovillain, M|100/100
|move|p1a: Landorus|Stealth Rock|p2a: Scovillain
|-sidestart|p2: axunyu|move: Stealth Rock
|
|-weather|SunnyDay|[upkeep]
|upkeep
|turn|2
|
|t:|1758341711
|move|p2a: Scovillain|Solar Beam||[still]
|-prepare|p2a: Scovillain|Solar Beam
|-anim|p2a: Scovillain|Solar Beam|p1a: Landorus
|-damage|p1a: Landorus|22/100
|-damage|p2a: Scovillain|91/100|[from] item: Life Orb
|move|p1a: Landorus|U-turn|p2a: Scovillain
|-damage|p2a: Scovillain|57/100
|
|t:|1758341730
|switch|p1a: Dragapult|Dragapult, F, shiny|100/100|[from] U-turn
|
|-weather|SunnyDay|[upkeep]
|upkeep
|turn|3
|
|t:|1758341738
|switch|p2a: Corviknight|Corviknight, M|100/100
|-damage|p2a: Corviknight|88/100|[from] Stealth Rock
|-ability|p2a: Corviknight|Pressure
|move|p1a: Dragapult|U-turn|p2a: Corviknight
|-resisted|p2a: Corviknight
|-damage|p2a: Corviknight|83/100
|
|t:|1758341753
|switch|p1a: Iron Crown|Iron Crown|100/100|[from] U-turn
|
|-weather|SunnyDay|[upkeep]
|-heal|p2a: Corviknight|89/100|[from] item: Leftovers
|upkeep
|turn|4
|
|t:|1758341759
|move|p1a: Iron Crown|Future Sight|p2a: Corviknight
|-start|p1a: Iron Crown|move: Future Sight
|move|p2a: Corviknight|Defog|p1a: Iron Crown
|-unboost|p1a: Iron Crown|evasion|1
|-sideend|p2: axunyu|Stealth Rock|[from] move: Defog|[of] p2a: Corviknight
|
|-weather|SunnyDay|[upkeep]
|-heal|p2a: Corviknight|95/100|[from] item: Leftovers
|upkeep
|turn|5
|
|t:|1758341764
|move|p1a: Iron Crown|Volt Switch|p2a: Corviknight
|-supereffective|p2a: Corviknight
|-crit|p2a: Corviknight
|-damage|p2a: Corviknight|32/100
|
|t:|1758341770
|-end|p1a: Iron Crown|Quark Drive|[silent]
|switch|p1a: Landorus|Landorus-Therian, M|22/100|[from] Volt Switch
|-ability|p1a: Landorus|Intimidate|boost
|-unboost|p2a: Corviknight|atk|1
|move|p2a: Corviknight|U-turn|p1a: Landorus
|-resisted|p1a: Landorus
|-damage|p1a: Landorus|19/100
|-damage|p2a: Corviknight|16/100|[from] item: Rocky Helmet|[of] p1a: Landorus
|
|t:|1758341779
|switch|p2a: Raging Bolt|Raging Bolt|100/100|[from] U-turn
|-activate|p2a: Raging Bolt|ability: Protosynthesis
|-start|p2a: Raging Bolt|protosynthesisspa
|
|-weather|SunnyDay|[upkeep]
|upkeep
|turn|6
|
|t:|1758341794
|switch|p1a: Iron Crown|Iron Crown|100/100
|move|p2a: Raging Bolt|Dragon Pulse|p1a: Iron Crown
|-resisted|p1a: Iron Crown
|-damage|p1a: Iron Crown|80/100
|
|-weather|SunnyDay|[upkeep]
|-end|p2a: Raging Bolt|move: Future Sight
|-damage|p2a: Raging Bolt|48/100
|-heal|p2a: Raging Bolt|54/100|[from] item: Leftovers
|upkeep
|turn|7
|
|t:|1758341803
|-end|p2a: Raging Bolt|Protosynthesis|[silent]
|switch|p2a: Arcanine|Arcanine-Hisui, F|100/100
|move|p1a: Iron Crown|Tachyon Cutter|p2a: Arcanine
|-damage|p2a: Arcanine|72/100
|-damage|p2a: Arcanine|41/100
|-hitcount|p2a: Arcanine|2
|
|-weather|SunnyDay|[upkeep]
|upkeep
|turn|8
|
|t:|1758341813
|move|p1a: Iron Crown|Volt Switch|p2a: Arcanine
|-damage|p2a: Arcanine|11/100
|
|t:|1758341818
|-end|p1a: Iron Crown|Quark Drive|[silent]
|switch|p1a: Landorus|Landorus-Therian, M|19/100|[from] Volt Switch
|-ability|p1a: Landorus|Intimidate|boost
|-unboost|p2a: Arcanine|atk|1
|move|p2a: Arcanine|Flare Blitz|p1a: Landorus
|-damage|p1a: Landorus|0 fnt
|-damage|p2a: Arcanine|0 fnt|[from] item: Rocky Helmet|[of] p1a: Landorus
|faint|p1a: Landorus
|faint|p2a: Arcanine
|
|-weather|none
|upkeep
|
|t:|1758341827
|switch|p2a: Torkoal|Torkoal, F, shiny|100/100
|switch|p1a: Samurott|Samurott-Hisui, F|100/100
|-weather|SunnyDay|[from] ability: Drought|[of] p2a: Torkoal
|turn|9
|
|t:|1758341834
|move|p1a: Samurott|Ceaseless Edge|p2a: Torkoal
|-damage|p2a: Torkoal|74/100
|-sidestart|p2: axunyu|Spikes
|move|p2a: Torkoal|Will-O-Wisp|p1a: Samurott
|-status|p1a: Samurott|brn
|
|-weather|SunnyDay|[upkeep]
|-damage|p1a: Samurott|94/100 brn|[from] brn
|upkeep
|turn|10
|
|t:|1758341844
|move|p1a: Samurott|Razor Shell|p2a: Torkoal
|-supereffective|p2a: Torkoal
|-damage|p2a: Torkoal|60/100
|move|p2a: Torkoal|Rapid Spin|p1a: Samurott
|-damage|p1a: Samurott|82/100 brn
|-boost|p2a: Torkoal|spe|1
|-sideend|p2: axunyu|Spikes|[from] move: Rapid Spin|[of] p2a: Torkoal
|
|-weather|SunnyDay|[upkeep]
|-damage|p1a: Samurott|76/100 brn|[from] brn
|upkeep
|turn|11
|
|t:|1758341860
|switch|p1a: Iron Crown|Iron Crown|80/100
|move|p2a: Torkoal|Stealth Rock|p1a: Iron Crown
|-sidestart|p1: SomethingAnt|move: Stealth Rock
|
|-weather|SunnyDay|[upkeep]
|upkeep
|turn|12
|
|t:|1758341868
|-end|p1a: Iron Crown|Quark Drive|[silent]
|switch|p1a: Primarina|Primarina, M|100/100
|move|p2a: Torkoal|Lava Plume|p1a: Primarina
|-resisted|p1a: Primarina
|-damage|p1a: Primarina|85/100
|
|-weather|SunnyDay|[upkeep]
|upkeep
|turn|13
|
|t:|1758341875
|switch|p2a: Scovillain|Scovillain, M|57/100
|move|p1a: Primarina|Calm Mind|p1a: Primarina
|-boost|p1a: Primarina|spa|1
|-boost|p1a: Primarina|spd|1
|
|-weather|SunnyDay|[upkeep]
|upkeep
|turn|14
|
|t:|1758341883
|move|p2a: Scovillain|Solar Beam||[still]
|-prepare|p2a: Scovillain|Solar Beam
|-anim|p2a: Scovillain|Solar Beam|p1a: Primarina
|-supereffective|p1a: Primarina
|-damage|p1a: Primarina|0 fnt
|faint|p1a: Primarina
|-damage|p2a: Scovillain|47/100|[from] item: Life Orb
|
|-weather|SunnyDay|[upkeep]
|upkeep
|
|t:|1758341895
|switch|p1a: Dragapult|Dragapult, F, shiny|100/100
|-damage|p1a: Dragapult|88/100|[from] Stealth Rock
|turn|15
|
|t:|1758341904
|-terastallize|p2a: Scovillain|Fire
|move|p2a: Scovillain|Fire Blast|p1a: Dragapult|[miss]
|-miss|p2a: Scovillain|p1a: Dragapult
|move|p1a: Dragapult|U-turn|p2a: Scovillain
|-resisted|p2a: Scovillain
|-damage|p2a: Scovillain|14/100
|
|t:|1758341921
|switch|p1a: Iron Crown|Iron Crown|80/100|[from] U-turn
|-damage|p1a: Iron Crown|73/100|[from] Stealth Rock
|
|-weather|SunnyDay|[upkeep]
|upkeep
|turn|16
|
|t:|1758341927
|move|p2a: Scovillain|Fire Blast|p1a: Iron Crown
|-supereffective|p1a: Iron Crown
|-damage|p1a: Iron Crown|0 fnt
|faint|p1a: Iron Crown
|-end|p1a: Iron Crown|Quark Drive|[silent]
|-damage|p2a: Scovillain|4/100|[from] item: Life Orb
|
|-weather|none
|upkeep
|
|t:|1758341930
|switch|p1a: Dragapult|Dragapult, F, shiny|88/100
|-damage|p1a: Dragapult|76/100|[from] Stealth Rock
|turn|17
|
|t:|1758341933
|switch|p2a: Corviknight|Corviknight, M|16/100
|-ability|p2a: Corviknight|Pressure
|move|p1a: Dragapult|U-turn|p2a: Corviknight
|-resisted|p2a: Corviknight
|-damage|p2a: Corviknight|11/100
|
|t:|1758341939
|switch|p1a: Samurott|Samurott-Hisui, F|76/100 brn|[from] U-turn
|
|-heal|p2a: Corviknight|17/100|[from] item: Leftovers
|-damage|p1a: Samurott|70/100 brn|[from] brn
|upkeep
|turn|18
|
|t:|1758341947
|move|p1a: Samurott|Razor Shell|p2a: Corviknight
|-damage|p2a: Corviknight|2/100
|move|p2a: Corviknight|Roost|p2a: Corviknight
|-heal|p2a: Corviknight|52/100
|-singleturn|p2a: Corviknight|move: Roost
|
|-heal|p2a: Corviknight|58/100|[from] item: Leftovers
|-damage|p1a: Samurott|64/100 brn|[from] brn
|upkeep
|turn|19
|
|t:|1758341951
|move|p1a: Samurott|Encore|p2a: Corviknight
|-start|p2a: Corviknight|Encore
|move|p2a: Corviknight|Roost|p2a: Corviknight
|-heal|p2a: Corviknight|100/100
|-singleturn|p2a: Corviknight|move: Roost
|
|-damage|p1a: Samurott|58/100 brn|[from] brn
|upkeep
|turn|20
|
|t:|1758341956
|switch|p1a: Kingambit|Kingambit, M|100/100
|-damage|p1a: Kingambit|94/100|[from] Stealth Rock
|-activate|p1a: Kingambit|ability: Supreme Overlord
|-start|p1a: Kingambit|fallen3|[silent]
|switch|p2a: Zamazenta|Zamazenta|100/100
|-ability|p2a: Zamazenta|Dauntless Shield|boost
|-boost|p2a: Zamazenta|def|1
|
|-heal|p1a: Kingambit|100/100|[from] item: Leftovers
|upkeep
|turn|21
|
|t:|1758341963
|-end|p1a: Kingambit|fallen3|[silent]
|switch|p1a: Dragapult|Dragapult, F, shiny|76/100
|-damage|p1a: Dragapult|64/100|[from] Stealth Rock
|move|p2a: Zamazenta|Crunch|p1a: Dragapult
|-supereffective|p1a: Dragapult
|-damage|p1a: Dragapult|0 fnt
|faint|p1a: Dragapult
|
|upkeep
|
|t:|1758341966
|switch|p1a: Kingambit|Kingambit, M|100/100
|-damage|p1a: Kingambit|94/100|[from] Stealth Rock
|-activate|p1a: Kingambit|ability: Supreme Overlord
|-start|p1a: Kingambit|fallen4|[silent]
|turn|22
|
|t:|1758341972
|switch|p2a: Torkoal|Torkoal, F, shiny|60/100
|-weather|SunnyDay|[from] ability: Drought|[of] p2a: Torkoal
|-terastallize|p1a: Kingambit|Ghost
|move|p1a: Kingambit|Swords Dance|p1a: Kingambit
|-boost|p1a: Kingambit|atk|2
|
|-weather|SunnyDay|[upkeep]
|-heal|p1a: Kingambit|100/100|[from] item: Leftovers
|upkeep
|turn|23
|
|t:|1758341990
|move|p1a: Kingambit|Kowtow Cleave|p2a: Torkoal
|-damage|p2a: Torkoal|0 fnt
|faint|p2a: Torkoal
|
|-weather|SunnyDay|[upkeep]
|upkeep
|
|t:|1758341993
|switch|p2a: Zamazenta|Zamazenta|100/100
|turn|24
|
|t:|1758342005
|move|p1a: Kingambit|Sucker Punch|p2a: Zamazenta
|-resisted|p2a: Zamazenta
|-damage|p2a: Zamazenta|50/100
|move|p2a: Zamazenta|Crunch|p1a: Kingambit
|-supereffective|p1a: Kingambit
|-damage|p1a: Kingambit|61/100
|
|-weather|SunnyDay|[upkeep]
|-heal|p1a: Kingambit|67/100|[from] item: Leftovers
|upkeep
|turn|25
|
|t:|1758342011
|move|p1a: Kingambit|Sucker Punch|p2a: Zamazenta
|-resisted|p2a: Zamazenta
|-damage|p2a: Zamazenta|0 fnt
|faint|p2a: Zamazenta
|
|-weather|SunnyDay|[upkeep]
|-heal|p1a: Kingambit|73/100|[from] item: Leftovers
|upkeep
|
|t:|1758342021
|switch|p2a: Corviknight|Corviknight, M|100/100
|-ability|p2a: Corviknight|Pressure
|turn|26
|
|t:|1758342031
|move|p2a: Corviknight|Brave Bird|p1a: Kingambit
|-damage|p1a: Kingambit|48/100
|-damage|p2a: Corviknight|92/100|[from] Recoil
|move|p1a: Kingambit|Kowtow Cleave|p2a: Corviknight
|-damage|p2a: Corviknight|10/100
|
|-weather|SunnyDay|[upkeep]
|-heal|p2a: Corviknight|16/100|[from] item: Leftovers
|-heal|p1a: Kingambit|54/100|[from] item: Leftovers
|upkeep
|turn|27
|
|t:|1758342041
|move|p2a: Corviknight|Brave Bird|p1a: Kingambit
|-crit|p1a: Kingambit
|-damage|p1a: Kingambit|16/100
|-damage|p2a: Corviknight|3/100|[from] Recoil
|move|p1a: Kingambit|Kowtow Cleave|p2a: Corviknight
|-damage|p2a: Corviknight|0 fnt
|faint|p2a: Corviknight
|
|-weather|SunnyDay|[upkeep]
|-heal|p1a: Kingambit|22/100|[from] item: Leftovers
|upkeep
|
|t:|1758342047
|switch|p2a: Raging Bolt|Raging Bolt|54/100
|-activate|p2a: Raging Bolt|ability: Protosynthesis
|-start|p2a: Raging Bolt|protosynthesisspa
|turn|28
|
|t:|1758342051
|move|p2a: Raging Bolt|Thunderclap|p1a: Kingambit
|-damage|p1a: Kingambit|0 fnt
|faint|p1a: Kingambit
|-end|p1a: Kingambit|fallen4|[silent]
|
|-weather|SunnyDay|[upkeep]
|-heal|p2a: Raging Bolt|60/100|[from] item: Leftovers
|upkeep
|
|t:|1758342053
|switch|p1a: Samurott|Samurott-Hisui, F|58/100 brn
|turn|29
|
|t:|1758342059
|move|p1a: Samurott|Ceaseless Edge|p2a: Raging Bolt
|-damage|p2a: Raging Bolt|37/100
|-sidestart|p2: axunyu|Spikes
|move|p2a: Raging Bolt|Thunderbolt|p1a: Samurott
|-supereffective|p1a: Samurott
|-damage|p1a: Samurott|0 fnt
|faint|p1a: Samurott
|
|win|axunyu
|raw|SomethingAnt's rating: 1317 &rarr; <strong>1299</strong><br />(-18 for losing)
|raw|axunyu's rating: 1349 &rarr; <strong>1367</strong><br />(+18 for winning)
