|j|☆mencienne
|j|☆hauntersnightmare
|t:|1758298079
|gametype|singles
|player|p1|mencienne|266|1430
|player|p2|hauntersnightmare|266|1443
|gen|9
|tier|[Gen 9] OU
|rated|
|rule|HP Percentage Mod: HP is shown in percentages
|rule|Endless Battle Clause: Forcing endless battles is banned
|rule|Species Clause: Limit one of each Pokémon
|rule|OHKO Clause: OHKO moves are banned
|rule|Evasion Items Clause: Evasion items are banned
|rule|Evasion Moves Clause: Evasion moves are banned
|rule|Evasion Abilities Clause: Evasion abilities are banned
|rule|Sleep Moves Clause: Sleep-inducing moves are banned
|clearpoke
|poke|p1|Cinderace, M|
|poke|p1|Darkrai|
|poke|p1|Landorus-Therian, M|
|poke|p1|Zamazenta-*|
|poke|p1|Pecharunt|
|poke|p1|Primarina, F|
|poke|p2|Pawmot, M|
|poke|p2|Cresselia, F|
|poke|p2|Corviknight, M|
|poke|p2|Ninetales-Alola, F|
|poke|p2|Kingambit, F|
|poke|p2|Dragapult, F|
|teampreview
|
|t:|1758298087
|teamsize|p1|6
|teamsize|p2|6
|start
|switch|p1a: Cinderace|Cinderace, M|100/100
|switch|p2a: Ninetales|Ninetales-Alola, F|100/100
|-weather|Snowscape|[from] ability: Snow Warning|[of] p2a: Ninetales
|turn|1
|
|t:|1758298094
|switch|p2a: Dragapult|Dragapult, F|100/100
|-terastallize|p1a: Cinderace|Fire
|move|p1a: Cinderace|Pyro Ball|p2a: Dragapult
|-resisted|p2a: Dragapult
|-damage|p2a: Dragapult|38/100
|
|-weather|Snowscape|[upkeep]
|-heal|p2a: Dragapult|44/100|[from] item: Leftovers
|upkeep
|turn|2
|inactive|Battle timer is ON: inactive players will automatically lose when time's up. (requested by mencienne)
|
|t:|1758298107
|switch|p1a: Primarina|Primarina, F|100/100
|move|p2a: Dragapult|Dragon Darts|p1a: Primarina
|-immune|p1a: Primarina
|
|-weather|Snowscape|[upkeep]
|-heal|p2a: Dragapult|50/100|[from] item: Leftovers
|upkeep
|turn|3
|
|t:|1758298114
|switch|p2a: Cresselia|Cresselia, F|100/100
|move|p1a: Primarina|Moonblast|p2a: Cresselia
|-damage|p2a: Cresselia|60/100
|
|-weather|Snowscape|[upkeep]
|upkeep
|turn|4
|
|t:|1758298120
|move|p2a: Cresselia|Trick|p1a: Primarina
|-activate|p2a: Cresselia|move: Trick|[of] p1a: Primarina
|-item|p1a: Primarina|Choice Scarf|[from] move: Trick
|-item|p2a: Cresselia|Heavy-Duty Boots|[from] move: Trick
|move|p1a: Primarina|Flip Turn|p2a: Cresselia
|-damage|p2a: Cresselia|48/100
|
|t:|1758298126
|switch|p1a: Cinderace|Cinderace, M, tera:Fire|100/100|[from] Flip Turn
|
|-weather|Snowscape|[upkeep]
|upkeep
|turn|5
|
|t:|1758298131
|switch|p2a: Dragapult|Dragapult, F|50/100
|move|p1a: Cinderace|Pyro Ball|p2a: Dragapult
|-resisted|p2a: Dragapult
|-damage|p2a: Dragapult|0 fnt
|faint|p2a: Dragapult
|
|-weather|none
|upkeep
|
|t:|1758298135
|switch|p2a: Kingambit|Kingambit, F|100/100
|-activate|p2a: Kingambit|ability: Supreme Overlord
|-start|p2a: Kingambit|fallen1|[silent]
|turn|6
|
|t:|1758298152
|switch|p1a: Landorus|Landorus-Therian, M|100/100
|-ability|p1a: Landorus|Intimidate|boost
|-unboost|p2a: Kingambit|atk|1
|-end|p2a: Kingambit|fallen1|[silent]
|switch|p2a: Ninetales|Ninetales-Alola, F|100/100
|-weather|Snowscape|[from] ability: Snow Warning|[of] p2a: Ninetales
|
|-weather|Snowscape|[upkeep]
|upkeep
|turn|7
|
|t:|1758298161
|move|p1a: Landorus|Stealth Rock|p2a: Ninetales
|-sidestart|p2: hauntersnightmare|move: Stealth Rock
|move|p2a: Ninetales|Aurora Veil|p2a: Ninetales
|-sidestart|p2: hauntersnightmare|move: Aurora Veil
|
|-weather|Snowscape|[upkeep]
|upkeep
|turn|8
|
|t:|1758298169
|switch|p1a: Pecharunt|Pecharunt|100/100
|switch|p2a: Kingambit|Kingambit, F|100/100
|-damage|p2a: Kingambit|94/100|[from] Stealth Rock
|-activate|p2a: Kingambit|ability: Supreme Overlord
|-start|p2a: Kingambit|fallen1|[silent]
|
|-weather|Snowscape|[upkeep]
|-heal|p2a: Kingambit|100/100|[from] item: Leftovers
|upkeep
|turn|9
|
|t:|1758298175
|move|p1a: Pecharunt|Parting Shot|p2a: Kingambit
|-unboost|p2a: Kingambit|atk|1
|-unboost|p2a: Kingambit|spa|1
|
|t:|1758298183
|switch|p1a: Zamazenta|Zamazenta|100/100|[from] Parting Shot
|-ability|p1a: Zamazenta|Dauntless Shield|boost
|-boost|p1a: Zamazenta|def|1
|move|p2a: Kingambit|Swords Dance|p2a: Kingambit
|-boost|p2a: Kingambit|atk|2
|
|-weather|Snowscape|[upkeep]
|upkeep
|turn|10
|
|t:|1758298190
|-end|p2a: Kingambit|fallen1|[silent]
|switch|p2a: Corviknight|Corviknight, M|100/100
|-damage|p2a: Corviknight|88/100|[from] Stealth Rock
|-ability|p2a: Corviknight|Pressure
|move|p1a: Zamazenta|Close Combat|p2a: Corviknight
|-damage|p2a: Corviknight|69/100
|-unboost|p1a: Zamazenta|def|1
|-unboost|p1a: Zamazenta|spd|1
|
|-weather|none
|-heal|p2a: Corviknight|75/100|[from] item: Leftovers
|upkeep
|turn|11
|
|t:|1758298201
|switch|p1a: Cinderace|Cinderace, M, tera:Fire|100/100
|move|p2a: Corviknight|Bulk Up|p2a: Corviknight
|-boost|p2a: Corviknight|atk|1
|-boost|p2a: Corviknight|def|1
|
|-heal|p2a: Corviknight|82/100|[from] item: Leftovers
|upkeep
|turn|12
|
|t:|1758298207
|move|p1a: Cinderace|Pyro Ball|p2a: Corviknight
|-supereffective|p2a: Corviknight
|-damage|p2a: Corviknight|50/100
|move|p2a: Corviknight|Bulk Up|p2a: Corviknight
|-boost|p2a: Corviknight|atk|1
|-boost|p2a: Corviknight|def|1
|
|-heal|p2a: Corviknight|56/100|[from] item: Leftovers
|upkeep
|turn|13
|
|t:|1758298224
|switch|p1a: Darkrai|Darkrai|100/100
|move|p2a: Corviknight|Roost|p2a: Corviknight
|-heal|p2a: Corviknight|100/100
|-singleturn|p2a: Corviknight|move: Roost
|
|upkeep
|turn|14
|
|t:|1758298230
|move|p1a: Darkrai|Dark Pulse|p2a: Corviknight
|-damage|p2a: Corviknight|82/100
|move|p2a: Corviknight|Brave Bird|p1a: Darkrai
|-damage|p1a: Darkrai|10/100
|-damage|p2a: Corviknight|61/100|[from] Recoil
|
|-heal|p2a: Corviknight|68/100|[from] item: Leftovers
|-sideend|p2: hauntersnightmare|move: Aurora Veil
|upkeep
|turn|15
|
|t:|1758298235
|move|p1a: Darkrai|Dark Pulse|p2a: Corviknight
|-damage|p2a: Corviknight|28/100
|move|p2a: Corviknight|Roost|p2a: Corviknight
|-heal|p2a: Corviknight|78/100
|-singleturn|p2a: Corviknight|move: Roost
|
|-heal|p2a: Corviknight|84/100|[from] item: Leftovers
|upkeep
|turn|16
|
|t:|1758298239
|move|p1a: Darkrai|Dark Pulse|p2a: Corviknight
|-damage|p2a: Corviknight|46/100
|move|p2a: Corviknight|Roost|p2a: Corviknight
|-heal|p2a: Corviknight|96/100
|-singleturn|p2a: Corviknight|move: Roost
|
|-heal|p2a: Corviknight|100/100|[from] item: Leftovers
|upkeep
|turn|17
|
|t:|1758298243
|move|p1a: Darkrai|Dark Pulse|p2a: Corviknight
|-damage|p2a: Corviknight|60/100
|move|p2a: Corviknight|Brave Bird|p1a: Darkrai
|-damage|p1a: Darkrai|0 fnt
|faint|p1a: Darkrai
|-damage|p2a: Corviknight|58/100|[from] Recoil
|
|-heal|p2a: Corviknight|64/100|[from] item: Leftovers
|upkeep
|
|t:|1758298249
|switch|p1a: Primarina|Primarina, F|100/100
|turn|18
|
|t:|1758298251
|move|p1a: Primarina|Surf|p2a: Corviknight
|-damage|p2a: Corviknight|18/100
|move|p2a: Corviknight|Roost|p2a: Corviknight
|-heal|p2a: Corviknight|68/100
|-singleturn|p2a: Corviknight|move: Roost
|
|-heal|p2a: Corviknight|74/100|[from] item: Leftovers
|upkeep
|turn|19
|
|t:|1758298256
|move|p1a: Primarina|Surf|p2a: Corviknight
|-damage|p2a: Corviknight|30/100
|move|p2a: Corviknight|Roost|p2a: Corviknight
|-heal|p2a: Corviknight|80/100
|-singleturn|p2a: Corviknight|move: Roost
|
|-heal|p2a: Corviknight|87/100|[from] item: Leftovers
|upkeep
|turn|20
|
|t:|1758298260
|move|p1a: Primarina|Surf|p2a: Corviknight
|-damage|p2a: Corviknight|43/100
|move|p2a: Corviknight|Roost|p2a: Corviknight
|-heal|p2a: Corviknight|93/100
|-singleturn|p2a: Corviknight|move: Roost
|
|-heal|p2a: Corviknight|99/100|[from] item: Leftovers
|upkeep
|turn|21
|
|t:|1758298267
|switch|p2a: Ninetales|Ninetales-Alola, F|100/100
|-damage|p2a: Ninetales|75/100|[from] Stealth Rock
|-weather|Snowscape|[from] ability: Snow Warning|[of] p2a: Ninetales
|move|p1a: Primarina|Surf|p2a: Ninetales
|-damage|p2a: Ninetales|19/100
|
|-weather|Snowscape|[upkeep]
|upkeep
|turn|22
|
|t:|1758298278
|move|p2a: Ninetales|Aurora Veil|p2a: Ninetales
|-sidestart|p2: hauntersnightmare|move: Aurora Veil
|move|p1a: Primarina|Surf|p2a: Ninetales
|-damage|p2a: Ninetales|0 fnt
|faint|p2a: Ninetales
|
|-weather|Snowscape|[upkeep]
|upkeep
|
|t:|1758298285
|switch|p2a: Kingambit|Kingambit, F|100/100
|-damage|p2a: Kingambit|94/100|[from] Stealth Rock
|-activate|p2a: Kingambit|ability: Supreme Overlord
|-start|p2a: Kingambit|fallen2|[silent]
|turn|23
|
|t:|1758298294
|switch|p1a: Landorus|Landorus-Therian, M|100/100
|-ability|p1a: Landorus|Intimidate|boost
|-unboost|p2a: Kingambit|atk|1
|move|p2a: Kingambit|Swords Dance|p2a: Kingambit
|-boost|p2a: Kingambit|atk|2
|
|-weather|Snowscape|[upkeep]
|-heal|p2a: Kingambit|100/100|[from] item: Leftovers
|upkeep
|turn|24
|
|t:|1758298296
|move|p1a: Landorus|Earthquake|p2a: Kingambit
|-supereffective|p2a: Kingambit
|-damage|p2a: Kingambit|57/100
|move|p2a: Kingambit|Swords Dance|p2a: Kingambit
|-boost|p2a: Kingambit|atk|2
|
|-weather|Snowscape|[upkeep]
|-heal|p2a: Kingambit|63/100|[from] item: Leftovers
|upkeep
|turn|25
|
|t:|1758298301
|move|p2a: Kingambit|Sucker Punch|p1a: Landorus
|-damage|p1a: Landorus|0 fnt
|faint|p1a: Landorus
|
|-weather|none
|-heal|p2a: Kingambit|70/100|[from] item: Leftovers
|upkeep
|
|t:|1758298303
|switch|p1a: Zamazenta|Zamazenta|100/100
|turn|26
|
|t:|1758298306
|-terastallize|p2a: Kingambit|Fire
|move|p1a: Zamazenta|Close Combat|p2a: Kingambit
|-damage|p2a: Kingambit|49/100
|-unboost|p1a: Zamazenta|def|1
|-unboost|p1a: Zamazenta|spd|1
|move|p2a: Kingambit|Iron Head|p1a: Zamazenta
|-damage|p1a: Zamazenta|0 fnt
|faint|p1a: Zamazenta
|
|-heal|p2a: Kingambit|55/100|[from] item: Leftovers
|upkeep
|
|t:|1758298311
|switch|p1a: Primarina|Primarina, F|100/100
|turn|27
|
|t:|1758298320
|-end|p2a: Kingambit|fallen2|[silent]
|switch|p2a: Pawmot|Pawmot, M|100/100
|-damage|p2a: Pawmot|94/100|[from] Stealth Rock
|move|p1a: Primarina|Surf|p2a: Pawmot
|-damage|p2a: Pawmot|56/100
|
|upkeep
|turn|28
|
|t:|1758298329
|switch|p1a: Pecharunt|Pecharunt|100/100
|move|p2a: Pawmot|Nuzzle|p1a: Pecharunt
|-damage|p1a: Pecharunt|95/100
|-status|p1a: Pecharunt|par
|
|upkeep
|turn|29
|
|t:|1758298339
|move|p2a: Pawmot|Revival Blessing|p2a: Pawmot
|-enditem|p2a: Pawmot|Leppa Berry|[eat]
|-activate|p2a: Pawmot|item: Leppa Berry|Revival Blessing|[consumed]
|
|t:|1758298342
|-heal|p2: Ninetales|50/100|[from] move: Revival Blessing
|move|p1a: Pecharunt|Parting Shot|p2a: Pawmot
|-unboost|p2a: Pawmot|atk|1
|-unboost|p2a: Pawmot|spa|1
|
|t:|1758298348
|switch|p1a: Cinderace|Cinderace, M, tera:Fire|100/100|[from] Parting Shot
|
|-sideend|p2: hauntersnightmare|move: Aurora Veil
|upkeep
|turn|30
|
|t:|1758298367
|switch|p2a: Corviknight|Corviknight, M|99/100
|-damage|p2a: Corviknight|87/100|[from] Stealth Rock
|-ability|p2a: Corviknight|Pressure
|move|p1a: Cinderace|Pyro Ball|p2a: Corviknight
|-supereffective|p2a: Corviknight
|-damage|p2a: Corviknight|0 fnt
|faint|p2a: Corviknight
|
|upkeep
|
|t:|1758298369
|switch|p2a: Kingambit|Kingambit, F, tera:Fire|55/100
|-damage|p2a: Kingambit|30/100|[from] Stealth Rock
|-activate|p2a: Kingambit|ability: Supreme Overlord
|-start|p2a: Kingambit|fallen3|[silent]
|turn|31
|
|t:|1758298391
|move|p2a: Kingambit|Sucker Punch|p1a: Cinderace
|-damage|p1a: Cinderace|22/100
|move|p1a: Cinderace|Low Kick|p2a: Kingambit
|-damage|p2a: Kingambit|7/100
|
|-heal|p2a: Kingambit|13/100|[from] item: Leftovers
|upkeep
|turn|32
|
|t:|1758298399
|switch|p1a: Primarina|Primarina, F|100/100
|move|p2a: Kingambit|Sucker Punch||[still]
|-fail|p2a: Kingambit
|
|-heal|p2a: Kingambit|20/100|[from] item: Leftovers
|upkeep
|turn|33
|
|t:|1758298406
|-end|p2a: Kingambit|fallen3|[silent]
|switch|p2a: Ninetales|Ninetales-Alola, F|50/100
|-damage|p2a: Ninetales|25/100|[from] Stealth Rock
|-weather|Snowscape|[from] ability: Snow Warning|[of] p2a: Ninetales
|move|p1a: Primarina|Surf|p2a: Ninetales
|-damage|p2a: Ninetales|0 fnt
|faint|p2a: Ninetales
|
|-weather|Snowscape|[upkeep]
|upkeep
|
|t:|1758298407
|switch|p2a: Cresselia|Cresselia, F|48/100
|turn|34
|
|t:|1758298415
|move|p1a: Primarina|Surf|p2a: Cresselia
|-damage|p2a: Cresselia|11/100
|move|p2a: Cresselia|Lunar Dance|p2a: Cresselia
|faint|p2a: Cresselia
|
|-weather|Snowscape|[upkeep]
|upkeep
|
|t:|1758298418
|switch|p2a: Kingambit|Kingambit, F, tera:Fire|20/100
|-heal|p2a: Kingambit|100/100|[from] move: Lunar Dance
|-damage|p2a: Kingambit|75/100|[from] Stealth Rock
|-activate|p2a: Kingambit|ability: Supreme Overlord
|-start|p2a: Kingambit|fallen5|[silent]
|turn|35
|
|t:|1758298422
|move|p1a: Primarina|Surf|p2a: Kingambit
|-supereffective|p2a: Kingambit
|-damage|p2a: Kingambit|0 fnt
|faint|p2a: Kingambit
|-end|p2a: Kingambit|fallen5|[silent]
|
|-weather|Snowscape|[upkeep]
|upkeep
|-message|hauntersnightmare forfeited.
|
|win|mencienne
|raw|mencienne's rating: 1430 &rarr; <strong>1451</strong><br />(+21 for winning)
|raw|hauntersnightmare's rating: 1443 &rarr; <strong>1422</strong><br />(-21 for losing)
|l|☆hauntersnightmare
|player|p2|
|l|☆mencienne
|player|p1|
