|j|☆RiaSingh2121
|j|☆pvc31
|t:|1758232226
|gametype|singles
|player|p1|RiaSingh2121|1|1199
|player|p2|pvc31|n|1156
|gen|9
|tier|[Gen 9] OU
|rated|
|rule|HP Percentage Mod: HP is shown in percentages
|rule|Endless Battle Clause: Forcing endless battles is banned
|rule|Species Clause: Limit one of each Pokémon
|rule|OHKO Clause: OHKO moves are banned
|rule|Evasion Items Clause: Evasion items are banned
|rule|Evasion Moves Clause: Evasion moves are banned
|rule|Evasion Abilities Clause: Evasion abilities are banned
|rule|Sleep Moves Clause: Sleep-inducing moves are banned
|clearpoke
|poke|p1|Hatterene, F|
|poke|p1|Torkoal, M|
|poke|p1|Corviknight, F|
|poke|p1|Ursaluna, F|
|poke|p1|Hattrem, F|
|poke|p1|Iron Hands|
|poke|p2|Serperior, M|
|poke|p2|Hydreigon, F|
|poke|p2|Talonflame, M|
|poke|p2|Vivillon-Garden, F|
|poke|p2|Kingdra, M|
|poke|p2|Great Tusk|
|teampreview
|
|t:|1758232238
|teamsize|p1|6
|teamsize|p2|6
|start
|switch|p1a: Hattrem|Hattrem, F|100/100
|switch|p2a: Kingdra|Kingdra, M|100/100
|turn|1
|
|t:|1758232255
|move|p2a: Kingdra|Liquidation|p1a: Hattrem
|-damage|p1a: Hattrem|38/100
|move|p1a: Hattrem|Trick Room|p1a: Hattrem
|-fieldstart|move: Trick Room|[of] p1a: Hattrem
|
|upkeep
|turn|2
|
|t:|1758232270
|move|p1a: Hattrem|Healing Wish|p1a: Hattrem
|faint|p1a: Hattrem
|move|p2a: Kingdra|Liquidation|p1: Hattrem|[notarget]
|-fail|p2a: Kingdra
|
|upkeep
|
|t:|1758232302
|switch|p1a: Ursaluna|Ursaluna, F|100/100
|turn|3
|
|t:|1758232311
|move|p1a: Ursaluna|Swords Dance|p1a: Ursaluna
|-boost|p1a: Ursaluna|atk|2
|move|p2a: Kingdra|Liquidation|p1a: Ursaluna
|-supereffective|p1a: Ursaluna
|-crit|p1a: Ursaluna
|-damage|p1a: Ursaluna|9/100
|-unboost|p1a: Ursaluna|def|1
|
|-status|p1a: Ursaluna|brn|[from] item: Flame Orb
|upkeep
|turn|4
|
|t:|1758232346
|-terastallize|p2a: Kingdra|Steel
|move|p1a: Ursaluna|Drain Punch|p2a: Kingdra
|-supereffective|p2a: Kingdra
|-damage|p2a: Kingdra|0 fnt
|-heal|p1a: Ursaluna|41/100 brn|[from] drain|[of] p2a: Kingdra
|faint|p2a: Kingdra
|
|-damage|p1a: Ursaluna|35/100 brn|[from] brn
|upkeep
|
|t:|1758232373
|switch|p2a: Talonflame|Talonflame, M|100/100
|turn|5
|
|t:|1758232390
|switch|p1a: Corviknight|Corviknight, F|100/100
|move|p2a: Talonflame|Flare Blitz|p1a: Corviknight
|-supereffective|p1a: Corviknight
|-damage|p1a: Corviknight|55/100
|-damage|p2a: Talonflame|84/100|[from] item: Rocky Helmet|[of] p1a: Corviknight
|-damage|p2a: Talonflame|68/100|[from] Recoil
|
|-fieldend|move: Trick Room
|upkeep
|turn|6
|
|t:|1758232405
|move|p2a: Talonflame|Will-O-Wisp|p1a: Corviknight
|-status|p1a: Corviknight|brn
|move|p1a: Corviknight|Roost|p1a: Corviknight
|-heal|p1a: Corviknight|100/100 brn
|-singleturn|p1a: Corviknight|move: Roost
|
|-damage|p1a: Corviknight|94/100 brn|[from] brn
|upkeep
|turn|7
|
|t:|1758232430
|switch|p2a: Hydreigon|Hydreigon, F, shiny|100/100
|move|p1a: Corviknight|U-turn|p2a: Hydreigon
|-supereffective|p2a: Hydreigon
|-damage|p2a: Hydreigon|83/100
|
|t:|1758232438
|switch|p1a: Iron Hands|Iron Hands|100/100|[from] U-turn
|
|upkeep
|turn|8
|
|t:|1758232453
|move|p2a: Hydreigon|Draco Meteor|p1a: Iron Hands
|-crit|p1a: Iron Hands
|-damage|p1a: Iron Hands|50/100
|-unboost|p2a: Hydreigon|spa|2
|move|p1a: Iron Hands|Thunder Punch|p2a: Hydreigon
|-resisted|p2a: Hydreigon
|-damage|p2a: Hydreigon|61/100
|
|upkeep
|turn|9
|
|t:|1758232469
|move|p2a: Hydreigon|Draco Meteor|p1a: Iron Hands
|-damage|p1a: Iron Hands|33/100
|-unboost|p2a: Hydreigon|spa|2
|move|p1a: Iron Hands|Drain Punch|p2a: Hydreigon
|-supereffective|p2a: Hydreigon
|-damage|p2a: Hydreigon|0 fnt
|-heal|p1a: Iron Hands|53/100|[from] drain|[of] p2a: Hydreigon
|faint|p2a: Hydreigon
|
|upkeep
|
|t:|1758232482
|switch|p2a: Serperior|Serperior, M|100/100
|turn|10
|
|t:|1758232489
|move|p2a: Serperior|Leaf Storm|p1a: Iron Hands
|-damage|p1a: Iron Hands|26/100
|-boost|p2a: Serperior|spa|2
|move|p1a: Iron Hands|Ice Punch|p2a: Serperior
|-supereffective|p2a: Serperior
|-damage|p2a: Serperior|30/100
|
|-heal|p2a: Serperior|37/100|[from] item: Leftovers
|upkeep
|turn|11
|
|t:|1758232502
|-terastallize|p1a: Iron Hands|Bug
|move|p2a: Serperior|Leaf Storm|p1a: Iron Hands
|-resisted|p1a: Iron Hands
|-damage|p1a: Iron Hands|1/100
|-boost|p2a: Serperior|spa|2
|move|p1a: Iron Hands|Ice Punch|p2a: Serperior
|-supereffective|p2a: Serperior
|-damage|p2a: Serperior|0 fnt
|faint|p2a: Serperior
|
|upkeep
|
|t:|1758232518
|switch|p2a: Vivillon|Vivillon-Garden, F|100/100
|turn|12
|
|t:|1758232525
|-end|p1a: Iron Hands|Quark Drive|[silent]
|switch|p1a: Torkoal|Torkoal, M|100/100
|-weather|SunnyDay|[from] ability: Drought|[of] p1a: Torkoal
|move|p2a: Vivillon|Draining Kiss|p1a: Torkoal
|-resisted|p1a: Torkoal
|-damage|p1a: Torkoal|91/100
|
|-weather|SunnyDay|[upkeep]
|upkeep
|turn|13
|-message|pvc31 forfeited.
|
|win|RiaSingh2121
|raw|RiaSingh2121's rating: 1199 &rarr; <strong>1221</strong><br />(+22 for winning)
|raw|pvc31's rating: 1156 &rarr; <strong>1134</strong><br />(-22 for losing)
|l|☆pvc31
|player|p2|
|l|☆RiaSingh2121
|player|p1|
