|j|☆BeeceZ
|j|☆wall_of_wonder
|t:|1758346029
|gametype|singles
|player|p1|BeeceZ|palmer|1125
|player|p2|wall_of_wonder|cynthia-gen4|1203
|gen|9
|tier|[Gen 9] OU
|rated|
|rule|HP Percentage Mod: HP is shown in percentages
|rule|Endless Battle Clause: Forcing endless battles is banned
|rule|Species Clause: Limit one of each Pokémon
|rule|OHKO Clause: OHKO moves are banned
|rule|Evasion Items Clause: Evasion items are banned
|rule|Evasion Moves Clause: Evasion moves are banned
|rule|Evasion Abilities Clause: Evasion abilities are banned
|rule|Sleep Moves Clause: Sleep-inducing moves are banned
|clearpoke
|poke|p1|Cinderace, M|
|poke|p1|Luxray, F|
|poke|p1|Abomasnow, F|
|poke|p1|Lokix, M|
|poke|p1|Milotic, F|
|poke|p1|Gengar, M|
|poke|p2|Ogerpon-Wellspring, F|
|poke|p2|Gliscor, F|
|poke|p2|Gholdengo|
|poke|p2|Corviknight, M|
|poke|p2|Iron Moth|
|poke|p2|Weavile, M|
|teampreview
|
|t:|1758346045
|teamsize|p1|6
|teamsize|p2|6
|start
|switch|p1a: Abomasnow|Abomasnow, F|100/100
|switch|p2a: Ogerpon|Ogerpon-Wellspring, F|100/100
|-weather|Snowscape|[from] ability: Snow Warning|[of] p1a: Abomasnow
|turn|1
|
|t:|1758346056
|move|p2a: Ogerpon|Ivy Cudgel|p1a: Abomasnow|[anim] Ivy Cudgel Water
|-resisted|p1a: Abomasnow
|-damage|p1a: Abomasnow|76/100
|move|p1a: Abomasnow|Leaf Storm|p2a: Ogerpon|[miss]
|-miss|p1a: Abomasnow|p2a: Ogerpon
|
|-weather|Snowscape|[upkeep]
|upkeep
|turn|2
|
|t:|1758346064
|switch|p2a: Corviknight|Corviknight, M|100/100
|-ability|p2a: Corviknight|Pressure
|move|p1a: Abomasnow|Blizzard|p2a: Corviknight
|-damage|p2a: Corviknight|60/100
|
|-weather|Snowscape|[upkeep]
|-heal|p2a: Corviknight|66/100|[from] item: Leftovers
|upkeep
|turn|3
|
|t:|1758346076
|move|p1a: Abomasnow|Blizzard|p2a: Corviknight
|-damage|p2a: Corviknight|25/100
|move|p2a: Corviknight|Roost|p2a: Corviknight
|-heal|p2a: Corviknight|75/100
|-singleturn|p2a: Corviknight|move: Roost
|
|-weather|Snowscape|[upkeep]
|-heal|p2a: Corviknight|81/100|[from] item: Leftovers
|upkeep
|turn|4
|
|t:|1758346088
|move|p1a: Abomasnow|Blizzard|p2a: Corviknight
|-crit|p2a: Corviknight
|-damage|p2a: Corviknight|21/100
|move|p2a: Corviknight|Roost|p2a: Corviknight
|-heal|p2a: Corviknight|71/100
|-singleturn|p2a: Corviknight|move: Roost
|
|-weather|Snowscape|[upkeep]
|-heal|p2a: Corviknight|77/100|[from] item: Leftovers
|upkeep
|turn|5
|
|t:|1758346098
|move|p1a: Abomasnow|Blizzard|p2a: Corviknight
|-damage|p2a: Corviknight|32/100
|move|p2a: Corviknight|Roost|p2a: Corviknight
|-heal|p2a: Corviknight|82/100
|-singleturn|p2a: Corviknight|move: Roost
|
|-weather|none
|-heal|p2a: Corviknight|88/100|[from] item: Leftovers
|upkeep
|turn|6
|
|t:|1758346110
|switch|p1a: Luxray|Luxray, F|100/100
|-ability|p1a: Luxray|Intimidate|boost
|-unboost|p2a: Corviknight|atk|1
|move|p2a: Corviknight|U-turn|p1a: Luxray
|-damage|p1a: Luxray|90/100
|
|t:|1758346124
|switch|p2a: Weavile|Weavile, M|100/100|[from] U-turn
|-ability|p2a: Weavile|Pressure
|
|upkeep
|turn|7
|
|t:|1758346131
|move|p2a: Weavile|Triple Axel|p1a: Luxray
|-damage|p1a: Luxray|76/100
|-damage|p1a: Luxray|45/100
|-damage|p1a: Luxray|4/100
|-hitcount|p1a: Luxray|3
|-damage|p2a: Weavile|91/100|[from] item: Life Orb
|move|p1a: Luxray|Play Rough|p2a: Weavile
|-supereffective|p2a: Weavile
|-damage|p2a: Weavile|0 fnt
|faint|p2a: Weavile
|
|upkeep
|
|t:|1758346143
|switch|p2a: Ogerpon|Ogerpon-Wellspring, F|100/100
|turn|8
|
|t:|1758346148
|switch|p1a: Abomasnow|Abomasnow, F|76/100
|-weather|Snowscape|[from] ability: Snow Warning|[of] p1a: Abomasnow
|move|p2a: Ogerpon|Trailblaze|p1a: Abomasnow
|-resisted|p1a: Abomasnow
|-damage|p1a: Abomasnow|64/100
|-boost|p2a: Ogerpon|spe|1
|
|-weather|Snowscape|[upkeep]
|upkeep
|turn|9
|
|t:|1758346159
|move|p2a: Ogerpon|Ivy Cudgel|p1a: Abomasnow|[anim] Ivy Cudgel Water
|-resisted|p1a: Abomasnow
|-damage|p1a: Abomasnow|40/100
|move|p1a: Abomasnow|Leaf Storm|p2a: Ogerpon|[miss]
|-miss|p1a: Abomasnow|p2a: Ogerpon
|
|-weather|Snowscape|[upkeep]
|upkeep
|turn|10
|
|t:|1758346167
|move|p2a: Ogerpon|Ivy Cudgel|p1a: Abomasnow|[anim] Ivy Cudgel Water
|-resisted|p1a: Abomasnow
|-crit|p1a: Abomasnow
|-damage|p1a: Abomasnow|4/100
|move|p1a: Abomasnow|Leaf Storm|p2a: Ogerpon
|-damage|p2a: Ogerpon|48/100
|-unboost|p1a: Abomasnow|spa|2
|
|-weather|Snowscape|[upkeep]
|upkeep
|turn|11
|
|t:|1758346178
|move|p1a: Abomasnow|Ice Shard|p2a: Ogerpon
|-damage|p2a: Ogerpon|34/100
|move|p2a: Ogerpon|Ivy Cudgel|p1a: Abomasnow|[anim] Ivy Cudgel Water
|-resisted|p1a: Abomasnow
|-damage|p1a: Abomasnow|0 fnt
|faint|p1a: Abomasnow
|
|-weather|Snowscape|[upkeep]
|upkeep
|
|t:|1758346187
|switch|p1a: Luxray|Luxray, F|4/100
|-ability|p1a: Luxray|Intimidate|boost
|-unboost|p2a: Ogerpon|atk|1
|turn|12
|
|t:|1758346195
|switch|p1a: Milotic|Milotic, F|100/100
|move|p2a: Ogerpon|Horn Leech|p1a: Milotic
|-supereffective|p1a: Milotic
|-damage|p1a: Milotic|39/100
|-heal|p2a: Ogerpon|66/100|[from] drain|[of] p1a: Milotic
|
|-weather|none
|upkeep
|turn|13
|
|t:|1758346208
|switch|p1a: Luxray|Luxray, F|4/100
|-ability|p1a: Luxray|Intimidate|boost
|-unboost|p2a: Ogerpon|atk|1
|move|p2a: Ogerpon|Leech Seed|p1a: Luxray
|-start|p1a: Luxray|move: Leech Seed
|
|-damage|p1a: Luxray|0 fnt|[from] Leech Seed|[of] p2a: Ogerpon
|-heal|p2a: Ogerpon|70/100|[silent]
|faint|p1a: Luxray
|upkeep
|
|t:|1758346219
|switch|p1a: Lokix|Lokix, M|100/100
|turn|14
|
|t:|1758346229
|switch|p2a: Corviknight|Corviknight, M|88/100
|-ability|p2a: Corviknight|Pressure
|move|p1a: Lokix|First Impression|p2a: Corviknight
|-resisted|p2a: Corviknight
|-damage|p2a: Corviknight|71/100
|-damage|p1a: Lokix|91/100|[from] item: Life Orb
|
|-heal|p2a: Corviknight|77/100|[from] item: Leftovers
|upkeep
|turn|15
|
|t:|1758346240
|move|p1a: Lokix|Knock Off|p2a: Corviknight
|-damage|p2a: Corviknight|41/100
|-enditem|p2a: Corviknight|Leftovers|[from] move: Knock Off|[of] p1a: Lokix
|-damage|p1a: Lokix|81/100|[from] item: Life Orb
|move|p2a: Corviknight|Brave Bird|p1a: Lokix
|-supereffective|p1a: Lokix
|-damage|p1a: Lokix|0 fnt
|faint|p1a: Lokix
|-damage|p2a: Corviknight|22/100|[from] Recoil
|
|upkeep
|
|t:|1758346252
|switch|p1a: Cinderace|Cinderace, M|100/100
|turn|16
|
|t:|1758346258
|move|p1a: Cinderace|Pyro Ball|p2a: Corviknight
|-supereffective|p2a: Corviknight
|-damage|p2a: Corviknight|0 fnt
|faint|p2a: Corviknight
|
|upkeep
|
|t:|1758346266
|switch|p2a: Iron Moth|Iron Moth|100/100
|-enditem|p2a: Iron Moth|Booster Energy
|-activate|p2a: Iron Moth|ability: Quark Drive|[fromitem]
|-start|p2a: Iron Moth|quarkdrivespe
|turn|17
|
|t:|1758346282
|move|p2a: Iron Moth|Sludge Wave|p1a: Cinderace
|-damage|p1a: Cinderace|32/100
|-status|p1a: Cinderace|psn
|move|p1a: Cinderace|Gunk Shot|p2a: Iron Moth
|-start|p1a: Cinderace|typechange|Poison|[from] ability: Libero
|-resisted|p2a: Iron Moth
|-damage|p2a: Iron Moth|57/100
|
|-damage|p1a: Cinderace|20/100 psn|[from] psn
|upkeep
|turn|18
|
|t:|1758346295
|move|p1a: Cinderace|Sucker Punch|p2a: Iron Moth
|-damage|p2a: Iron Moth|25/100
|move|p2a: Iron Moth|Fiery Dance|p1a: Cinderace
|-damage|p1a: Cinderace|0 fnt
|-boost|p2a: Iron Moth|spa|1
|faint|p1a: Cinderace
|
|upkeep
|
|t:|1758346304
|switch|p1a: Gengar|Gengar, M|100/100
|turn|19
|
|t:|1758346321
|move|p2a: Iron Moth|Fiery Dance|p1a: Gengar
|-damage|p1a: Gengar|0 fnt
|faint|p1a: Gengar
|
|upkeep
|
|t:|1758346328
|switch|p1a: Milotic|Milotic, F|39/100
|turn|20
|
|t:|1758346334
|-terastallize|p2a: Iron Moth|Fairy
|move|p2a: Iron Moth|Dazzling Gleam|p1a: Milotic
|-damage|p1a: Milotic|0 fnt
|faint|p1a: Milotic
|
|win|wall_of_wonder
|raw|BeeceZ's rating: 1125 &rarr; <strong>1106</strong><br />(-19 for losing)
|raw|wall_of_wonder's rating: 1203 &rarr; <strong>1222</strong><br />(+19 for winning)
|l|☆wall_of_wonder
|player|p2|
|c|☆BeeceZ|gg
|l|☆BeeceZ
|player|p1|
