|j|☆Fanumtaxinator
|j|☆qwp1027
|t:|1758287935
|gametype|singles
|player|p1|Fanumtaxinator|pokefanf-gen4|1123
|player|p2|qwp1027|miku-ghost|1110
|gen|9
|tier|[Gen 9] OU
|rated|
|rule|HP Percentage Mod: HP is shown in percentages
|rule|Endless Battle Clause: Forcing endless battles is banned
|rule|Species Clause: Limit one of each Pokémon
|rule|OHKO Clause: OHKO moves are banned
|rule|Evasion Items Clause: Evasion items are banned
|rule|Evasion Moves Clause: Evasion moves are banned
|rule|Evasion Abilities Clause: Evasion abilities are banned
|rule|Sleep Moves Clause: Sleep-inducing moves are banned
|clearpoke
|poke|p1|Toxtricity, M|
|poke|p1|Rillaboom, M|
|poke|p1|Skeledirge, M|
|poke|p1|Scream Tail|
|poke|p1|Lanturn, M|
|poke|p1|Kricketune, M|
|poke|p2|Pelipper, F|
|poke|p2|Barraskewda, F|
|poke|p2|Kingdra, F|
|poke|p2|Iron Treads|
|poke|p2|Tornadus-Therian, M|
|poke|p2|Ogerpon-Wellspring, F|
|teampreview
|inactive|Battle timer is ON: inactive players will automatically lose when time's up. (requested by Fanumtaxinator)
|
|t:|1758287953
|teamsize|p1|6
|teamsize|p2|6
|start
|switch|p1a: Not-So-Yellow Sub|Lanturn, M|100/100
|switch|p2a: Pelipper|Pelipper, F, shiny|100/100
|-weather|RainDance|[from] ability: Drizzle|[of] p2a: Pelipper
|turn|1
|
|t:|1758287963
|switch|p2a: Iron Treads|Iron Treads, shiny|100/100
|move|p1a: Not-So-Yellow Sub|Electric Terrain|p1a: Not-So-Yellow Sub
|-fieldstart|move: Electric Terrain
|-activate|p2a: Iron Treads|ability: Quark Drive
|-start|p2a: Iron Treads|quarkdrivespe
|
|-weather|RainDance|[upkeep]
|upkeep
|turn|2
|c|☆Fanumtaxinator|Neat pfp
|
|t:|1758287978
|move|p2a: Iron Treads|Earthquake|p1a: Not-So-Yellow Sub
|-supereffective|p1a: Not-So-Yellow Sub
|-damage|p1a: Not-So-Yellow Sub|0 fnt
|faint|p1a: Not-So-Yellow Sub
|
|-weather|RainDance|[upkeep]
|upkeep
|
|t:|1758287982
|switch|p1a: George|Toxtricity, M|100/100
|turn|3
|
|t:|1758287990
|-terastallize|p1a: George|Normal
|move|p2a: Iron Treads|Earthquake|p1a: George
|-damage|p1a: George|40/100
|move|p1a: George|Shift Gear|p1a: George
|-boost|p1a: George|spe|2
|-boost|p1a: George|atk|1
|
|-weather|RainDance|[upkeep]
|upkeep
|turn|4
|
|t:|1758288004
|move|p2a: Iron Treads|Earthquake|p1a: George
|-damage|p1a: George|0 fnt
|faint|p1a: George
|
|-weather|RainDance|[upkeep]
|upkeep
|
|t:|1758288012
|switch|p1a: The “Beatle”|Kricketune, M, shiny|100/100
|turn|5
|
|t:|1758288015
|move|p2a: Iron Treads|Ice Spinner|p1a: The “Beatle”
|-damage|p1a: The “Beatle”|58/100
|-fieldend|move: Electric Terrain
|-end|p2a: Iron Treads|Quark Drive
|move|p1a: The “Beatle”|Trailblaze|p2a: Iron Treads
|-damage|p2a: Iron Treads|81/100
|-boost|p1a: The “Beatle”|spe|1
|
|-weather|RainDance|[upkeep]
|-heal|p2a: Iron Treads|88/100|[from] item: Leftovers
|upkeep
|turn|6
|
|t:|1758288027
|move|p2a: Iron Treads|Earthquake|p1a: The “Beatle”
|-resisted|p1a: The “Beatle”
|-damage|p1a: The “Beatle”|20/100
|move|p1a: The “Beatle”|Trailblaze|p2a: Iron Treads
|-crit|p2a: Iron Treads
|-damage|p2a: Iron Treads|59/100
|-boost|p1a: The “Beatle”|spe|1
|
|-weather|RainDance|[upkeep]
|-heal|p2a: Iron Treads|66/100|[from] item: Leftovers
|upkeep
|turn|7
|
|t:|1758288039
|-terastallize|p2a: Iron Treads|Ground
|move|p2a: Iron Treads|Earthquake|p1a: The “Beatle”
|-resisted|p1a: The “Beatle”
|-damage|p1a: The “Beatle”|0 fnt
|faint|p1a: The “Beatle”
|
|-weather|RainDance|[upkeep]
|-heal|p2a: Iron Treads|72/100|[from] item: Leftovers
|upkeep
|
|t:|1758288044
|switch|p1a: Ringo|Rillaboom, M|100/100
|-fieldstart|move: Grassy Terrain|[from] ability: Grassy Surge|[of] p1a: Ringo
|turn|8
|
|t:|1758288054
|-end|p2a: Iron Treads|Quark Drive|[silent]
|switch|p2a: Tornadus|Tornadus-Therian, M|100/100
|move|p1a: Ringo|Grassy Glide|p2a: Tornadus
|-resisted|p2a: Tornadus
|-crit|p2a: Tornadus
|-damage|p2a: Tornadus|49/100
|
|-weather|none
|upkeep
|turn|9
|
|t:|1758288062
|move|p1a: Ringo|Grassy Glide|p2a: Tornadus
|-resisted|p2a: Tornadus
|-damage|p2a: Tornadus|9/100
|move|p2a: Tornadus|Bleakwind Storm|p1a: Ringo
|-supereffective|p1a: Ringo
|-damage|p1a: Ringo|0 fnt
|faint|p1a: Ringo
|
|upkeep
|
|t:|1758288075
|switch|p1a: Paul|Scream Tail|100/100
|turn|10
|
|t:|1758288088
|move|p2a: Tornadus|U-turn|p1a: Paul
|-damage|p1a: Paul|89/100
|
|t:|1758288092
|switch|p2a: Pelipper|Pelipper, F, shiny|100/100|[from] U-turn
|-weather|RainDance|[from] ability: Drizzle|[of] p2a: Pelipper
|move|p1a: Paul|Wish|p1a: Paul
|
|-weather|RainDance|[upkeep]
|-heal|p1a: Paul|96/100|[from] Grassy Terrain
|-heal|p1a: Paul|100/100|[from] item: Leftovers
|upkeep
|turn|11
|
|t:|1758288102
|move|p1a: Paul|Thunder Wave|p2a: Pelipper
|-status|p2a: Pelipper|par
|move|p2a: Pelipper|U-turn|p1a: Paul
|-damage|p1a: Paul|94/100
|
|t:|1758288111
|switch|p2a: Barraskewda|Barraskewda, F, shiny|100/100|[from] U-turn
|
|-weather|RainDance|[upkeep]
|-heal|p1a: Paul|100/100|[from] move: Wish|[wisher] Paul
|upkeep
|turn|12
|
|t:|1758288114
|move|p2a: Barraskewda|Liquidation|p1a: Paul
|-damage|p1a: Paul|24/100
|-unboost|p1a: Paul|def|1
|move|p1a: Paul|Thunder Wave|p2a: Barraskewda
|-status|p2a: Barraskewda|par
|
|-weather|RainDance|[upkeep]
|-heal|p1a: Paul|30/100|[from] Grassy Terrain
|-heal|p1a: Paul|36/100|[from] item: Leftovers
|-fieldend|move: Grassy Terrain
|upkeep
|turn|13
|
|t:|1758288121
|cant|p2a: Barraskewda|par
|move|p1a: Paul|Wish|p1a: Paul
|
|-weather|RainDance|[upkeep]
|-heal|p1a: Paul|42/100|[from] item: Leftovers
|upkeep
|turn|14
|
|t:|1758288125
|move|p1a: Paul|Protect|p1a: Paul
|-singleturn|p1a: Paul|Protect
|move|p2a: Barraskewda|Liquidation|p1a: Paul
|-activate|p1a: Paul|move: Protect
|
|-weather|RainDance|[upkeep]
|-heal|p1a: Paul|92/100|[from] move: Wish|[wisher] Paul
|-heal|p1a: Paul|99/100|[from] item: Leftovers
|upkeep
|turn|15
|
|t:|1758288131
|cant|p2a: Barraskewda|par
|move|p1a: Paul|Wish|p1a: Paul
|
|-weather|RainDance|[upkeep]
|-heal|p1a: Paul|100/100|[from] item: Leftovers
|upkeep
|turn|16
|
|t:|1758288137
|move|p2a: Barraskewda|Liquidation|p1a: Paul
|-damage|p1a: Paul|0 fnt
|faint|p1a: Paul
|-end|p1a: Paul|Protosynthesis|[silent]
|
|-weather|RainDance|[upkeep]
|upkeep
|
|t:|1758288140
|switch|p1a: John|Skeledirge, M|100/100
|turn|17
|
|t:|1758288144
|move|p2a: Barraskewda|Liquidation|p1a: John
|-supereffective|p1a: John
|-damage|p1a: John|0 fnt
|faint|p1a: John
|
|win|qwp1027
|raw|Fanumtaxinator's rating: 1123 &rarr; <strong>1097</strong><br />(-26 for losing)
|raw|qwp1027's rating: 1110 &rarr; <strong>1136</strong><br />(+26 for winning)
|c|☆Fanumtaxinator|Gg
|l|☆Fanumtaxinator
|player|p1|
