|j|☆Gen9oupipipi
|j|☆Yugiohvn
|t:|1758299010
|gametype|singles
|player|p1|Gen9oupipipi|red-gen7|
|player|p2|Yugiohvn|elesa|
|gen|9
|tier|[Gen 9] OU
|rule|HP Percentage Mod: HP is shown in percentages
|rule|Endless Battle Clause: Forcing endless battles is banned
|rule|Species Clause: Limit one of each Pokémon
|rule|OHKO Clause: OHKO moves are banned
|rule|Evasion Items Clause: Evasion items are banned
|rule|Evasion Moves Clause: Evasion moves are banned
|rule|Evasion Abilities Clause: Evasion abilities are banned
|rule|Sleep Moves Clause: Sleep-inducing moves are banned
|clearpoke
|poke|p1|Kingambit, M|
|poke|p1|Great Tusk|
|poke|p1|Ting-Lu|
|poke|p1|Ogerpon-Wellspring, F|
|poke|p1|Zamazenta-*|
|poke|p1|Dragonite, M|
|poke|p2|Weavile, F|
|poke|p2|Kyurem|
|poke|p2|Corviknight, M|
|poke|p2|Slowking-Galar, F|
|poke|p2|Ting-Lu|
|poke|p2|Primarina, M|
|teampreview
|
|t:|1758299043
|teamsize|p1|6
|teamsize|p2|6
|start
|switch|p1a: Zamazenta|Zamazenta|100/100
|switch|p2a: Kyurem|Kyurem|100/100
|-ability|p2a: Kyurem|Pressure
|-ability|p1a: Zamazenta|Dauntless Shield|boost
|-boost|p1a: Zamazenta|def|1
|turn|1
|
|t:|1758299066
|switch|p2a: Primarina|Primarina, M|100/100
|move|p1a: Zamazenta|Body Press|p2a: Primarina
|-resisted|p2a: Primarina
|-damage|p2a: Primarina|80/100
|
|-heal|p2a: Primarina|86/100|[from] item: Leftovers
|upkeep
|turn|2
|
|t:|1758299100
|switch|p1a: Kingambit|Kingambit, M, shiny|100/100
|move|p2a: Primarina|Draining Kiss|p1a: Kingambit
|-damage|p1a: Kingambit|80/100
|-heal|p2a: Primarina|100/100|[from] drain|[of] p1a: Kingambit
|
|-heal|p1a: Kingambit|86/100|[from] item: Leftovers
|upkeep
|turn|3
|
|t:|1758299112
|switch|p2a: Corviknight|Corviknight, M|100/100
|-ability|p2a: Corviknight|Pressure
|move|p1a: Kingambit|Iron Head|p2a: Corviknight
|-resisted|p2a: Corviknight
|-damage|p2a: Corviknight|88/100
|-damage|p1a: Kingambit|70/100|[from] item: Rocky Helmet|[of] p2a: Corviknight
|
|-heal|p1a: Kingambit|76/100|[from] item: Leftovers
|upkeep
|turn|4
|c|☆Gen9oupipipi|Chơi 1k6 cơ à gắt
|c|☆Yugiohvn|à tk phụ thôi
|
|t:|1758299153
|-end|p1a: Kingambit|fallenundefined|[silent]
|switch|p1a: Ting-Lu|Ting-Lu, shiny|100/100
|-ability|p1a: Ting-Lu|Vessel of Ruin
|move|p2a: Corviknight|Body Press|p1a: Ting-Lu
|-supereffective|p1a: Ting-Lu
|-damage|p1a: Ting-Lu|79/100
|-damage|p2a: Corviknight|71/100|[from] item: Rocky Helmet|[of] p1a: Ting-Lu
|
|upkeep
|turn|5
|c|☆Gen9oupipipi|:V
|
|t:|1758299168
|move|p2a: Corviknight|Roost|p2a: Corviknight
|-heal|p2a: Corviknight|100/100
|-singleturn|p2a: Corviknight|move: Roost
|move|p1a: Ting-Lu|Stealth Rock|p2a: Corviknight
|-sidestart|p2: Yugiohvn|move: Stealth Rock
|
|upkeep
|turn|6
|c|☆Gen9oupipipi|T mới tập chơi
|c|☆Yugiohvn|chơi pkm showdown 15 năm rồi :v
|
|t:|1758299190
|move|p2a: Corviknight|Defog|p1a: Ting-Lu
|-unboost|p1a: Ting-Lu|evasion|1
|-sideend|p2: Yugiohvn|Stealth Rock|[from] move: Defog|[of] p2a: Corviknight
|move|p1a: Ting-Lu|Ruination|p2a: Corviknight
|-damage|p2a: Corviknight|51/100
|
|upkeep
|turn|7
|c|☆Gen9oupipipi|Đù
|
|t:|1758299196
|move|p2a: Corviknight|Roost|p2a: Corviknight
|-heal|p2a: Corviknight|100/100
|-singleturn|p2a: Corviknight|move: Roost
|move|p1a: Ting-Lu|Stealth Rock|p2a: Corviknight
|-sidestart|p2: Yugiohvn|move: Stealth Rock
|
|upkeep
|turn|8
|
|t:|1758299206
|move|p2a: Corviknight|Body Press|p1a: Ting-Lu
|-supereffective|p1a: Ting-Lu
|-damage|p1a: Ting-Lu|57/100
|-damage|p2a: Corviknight|84/100|[from] item: Rocky Helmet|[of] p1a: Ting-Lu
|move|p1a: Ting-Lu|Ruination|p2a: Corviknight
|-damage|p2a: Corviknight|42/100
|
|upkeep
|turn|9
|
|t:|1758299218
|move|p2a: Corviknight|Defog|p1a: Ting-Lu
|-unboost|p1a: Ting-Lu|evasion|1
|-sideend|p2: Yugiohvn|Stealth Rock|[from] move: Defog|[of] p2a: Corviknight
|move|p1a: Ting-Lu|Whirlwind|p2a: Corviknight
|drag|p2a: Primarina|Primarina, M|100/100
|
|upkeep
|turn|10
|
|t:|1758299227
|switch|p1a: Kingambit|Kingambit, M, shiny|76/100
|move|p2a: Primarina|Psychic Noise|p1a: Kingambit
|-damage|p1a: Kingambit|44/100
|-start|p1a: Kingambit|move: Heal Block
|
|upkeep
|turn|11
|
|t:|1758299258
|switch|p2a: Corviknight|Corviknight, M|42/100
|-ability|p2a: Corviknight|Pressure
|-end|p1a: Kingambit|fallenundefined|[silent]
|switch|p1a: Ogerpon|Ogerpon-Wellspring, F|100/100
|
|upkeep
|turn|12
|
|t:|1758299268
|switch|p2a: Kyurem|Kyurem|100/100
|-ability|p2a: Kyurem|Pressure
|move|p1a: Ogerpon|Swords Dance|p1a: Ogerpon
|-boost|p1a: Ogerpon|atk|2
|
|upkeep
|turn|13
|
|t:|1758299280
|-terastallize|p1a: Ogerpon|Water
|detailschange|p1a: Ogerpon|Ogerpon-Wellspring-Tera, F, tera:Water
|-ability|p1a: Ogerpon|Embody Aspect (Wellspring)|boost
|-boost|p1a: Ogerpon|spd|1
|move|p1a: Ogerpon|Play Rough|p2a: Kyurem
|-supereffective|p2a: Kyurem
|-damage|p2a: Kyurem|0 fnt
|faint|p2a: Kyurem
|
|upkeep
|
|t:|1758299299
|switch|p2a: Ting-Lu|Ting-Lu|100/100
|-ability|p2a: Ting-Lu|Vessel of Ruin
|turn|14
|
|t:|1758299302
|-terastallize|p2a: Ting-Lu|Poison
|move|p1a: Ogerpon|Ivy Cudgel|p2a: Ting-Lu|[anim] Ivy Cudgel Water
|-damage|p2a: Ting-Lu|18/100
|move|p2a: Ting-Lu|Whirlwind|p1a: Ogerpon
|drag|p1a: Great Tusk|Great Tusk, shiny|100/100
|
|-heal|p2a: Ting-Lu|24/100|[from] item: Leftovers
|upkeep
|turn|15
|
|t:|1758299314
|switch|p2a: Corviknight|Corviknight, M|42/100
|-ability|p2a: Corviknight|Pressure
|move|p1a: Great Tusk|Smack Down|p2a: Corviknight
|-damage|p2a: Corviknight|30/100
|-start|p2a: Corviknight|Smack Down
|
|upkeep
|turn|16
|
|t:|1758299320
|switch|p2a: Primarina|Primarina, M|100/100
|move|p1a: Great Tusk|Headlong Rush|p2a: Primarina
|-damage|p2a: Primarina|46/100
|-unboost|p1a: Great Tusk|def|1
|-unboost|p1a: Great Tusk|spd|1
|
|-heal|p2a: Primarina|52/100|[from] item: Leftovers
|upkeep
|turn|17
|
|t:|1758299342
|move|p1a: Great Tusk|Headlong Rush|p2a: Primarina
|-damage|p2a: Primarina|0 fnt
|-unboost|p1a: Great Tusk|def|1
|-unboost|p1a: Great Tusk|spd|1
|faint|p2a: Primarina
|
|upkeep
|
|t:|1758299350
|switch|p2a: Weavile|Weavile, F|100/100
|-ability|p2a: Weavile|Pressure
|turn|18
|c|☆Yugiohvn|căng r
|
|t:|1758299359
|-end|p1a: Great Tusk|Protosynthesis|[silent]
|switch|p1a: Zamazenta|Zamazenta|100/100
|move|p2a: Weavile|Triple Axel|p1a: Zamazenta
|-damage|p1a: Zamazenta|93/100
|-damage|p1a: Zamazenta|77/100
|-damage|p1a: Zamazenta|56/100
|-hitcount|p1a: Zamazenta|3
|
|upkeep
|turn|19
|
|t:|1758299375
|switch|p2a: Corviknight|Corviknight, M|30/100
|-ability|p2a: Corviknight|Pressure
|move|p1a: Zamazenta|Crunch|p2a: Corviknight
|-damage|p2a: Corviknight|14/100
|-damage|p1a: Zamazenta|40/100|[from] item: Rocky Helmet|[of] p2a: Corviknight
|
|upkeep
|turn|20
|
|t:|1758299385
|move|p1a: Zamazenta|Body Press|p2a: Corviknight
|-damage|p2a: Corviknight|0 fnt
|-damage|p1a: Zamazenta|23/100|[from] item: Rocky Helmet|[of] p2a: Corviknight
|faint|p2a: Corviknight
|
|upkeep
|
|t:|1758299389
|switch|p2a: Slowking|Slowking-Galar, F|100/100
|turn|21
|c|☆Gen9oupipipi|:V
|
|t:|1758299395
|move|p1a: Zamazenta|Crunch|p2a: Slowking
|-supereffective|p2a: Slowking
|-damage|p2a: Slowking|33/100
|move|p2a: Slowking|Thunder Wave|p1a: Zamazenta|[miss]
|-miss|p2a: Slowking|p1a: Zamazenta
|
|upkeep
|turn|22
|
|t:|1758299399
|switch|p2a: Ting-Lu|Ting-Lu, tera:Poison|24/100
|-ability|p2a: Ting-Lu|Vessel of Ruin
|move|p1a: Zamazenta|Crunch|p2a: Ting-Lu
|-damage|p2a: Ting-Lu|8/100
|
|-heal|p2a: Ting-Lu|14/100|[from] item: Leftovers
|upkeep
|turn|23
|c|☆Gen9oupipipi|Đen
|
|t:|1758299415
|switch|p2a: Slowking|Slowking-Galar, F|67/100
|move|p1a: Zamazenta|Crunch|p2a: Slowking
|-supereffective|p2a: Slowking
|-damage|p2a: Slowking|0 fnt
|faint|p2a: Slowking
|
|upkeep
|
|t:|1758299421
|switch|p2a: Weavile|Weavile, F|100/100
|-ability|p2a: Weavile|Pressure
|turn|24
|c|☆Gen9oupipipi|Thunder wave được thì ác
|
|t:|1758299433
|move|p2a: Weavile|Ice Shard|p1a: Zamazenta
|-damage|p1a: Zamazenta|8/100
|move|p1a: Zamazenta|Body Press|p2a: Weavile
|-supereffective|p2a: Weavile
|-damage|p2a: Weavile|0 fnt
|faint|p2a: Weavile
|
|upkeep
|c|☆Yugiohvn|mất con kyurem là thua rồi
|c|☆Gen9oupipipi|:V
|-message|Yugiohvn forfeited.
|
|win|Gen9oupipipi
|l|☆Yugiohvn
|player|p2|
|c|☆Gen9oupipipi|GG bạn
