|j|☆Paofficial
|j|☆DonovanIsNotHere
|t:|1758358409
|gametype|singles
|player|p1|Paofficial|leon|1398
|player|p2|DonovanIsNotHere|170|1423
|gen|9
|tier|[Gen 9] OU
|rated|
|rule|HP Percentage Mod: HP is shown in percentages
|rule|Endless Battle Clause: Forcing endless battles is banned
|rule|Species Clause: Limit one of each Pokémon
|rule|OHKO Clause: OHKO moves are banned
|rule|Evasion Items Clause: Evasion items are banned
|rule|Evasion Moves Clause: Evasion moves are banned
|rule|Evasion Abilities Clause: Evasion abilities are banned
|rule|Sleep Moves Clause: Sleep-inducing moves are banned
|clearpoke
|poke|p1|Maushold-Four|
|poke|p1|Clawitzer, F|
|poke|p1|Tsareena, F|
|poke|p1|Armarouge, M|
|poke|p1|Corviknight, M|
|poke|p1|Garchomp, M|
|poke|p2|Rampardos, M|
|poke|p2|Slowking-Galar, F|
|poke|p2|Hatterene, F|
|poke|p2|Ting-Lu|
|poke|p2|Hoopa-Unbound|
|poke|p2|Hydrapple, F|
|teampreview
|inactive|Battle timer is ON: inactive players will automatically lose when time's up. (requested by DonovanIsNotHere)
|
|t:|1758358426
|teamsize|p1|6
|teamsize|p2|6
|start
|switch|p1a: Maushold|Maushold-Four|100/100
|switch|p2a: Slowking|Slowking-Galar, F|100/100
|turn|1
|
|t:|1758358431
|move|p1a: Maushold|Population Bomb|p2a: Slowking
|-damage|p2a: Slowking|93/100
|-damage|p2a: Slowking|84/100
|-damage|p2a: Slowking|76/100
|-damage|p2a: Slowking|68/100
|-crit|p2a: Slowking
|-damage|p2a: Slowking|55/100
|-crit|p2a: Slowking
|-damage|p2a: Slowking|43/100
|-damage|p2a: Slowking|35/100
|-damage|p2a: Slowking|28/100
|-damage|p2a: Slowking|19/100
|-damage|p2a: Slowking|11/100
|-hitcount|p2a: Slowking|10
|move|p2a: Slowking|Trick Room|p2a: Slowking
|-fieldstart|move: Trick Room|[of] p2a: Slowking
|
|upkeep
|turn|2
|
|t:|1758358438
|switch|p2a: Hydrapple|Hydrapple, F|100/100
|switch|p1a: Corviknight|Corviknight, M|100/100
|
|upkeep
|turn|3
|
|t:|1758358441
|switch|p2a: Rampardos|Rampardos, M|100/100
|move|p1a: Corviknight|Brave Bird|p2a: Rampardos
|-resisted|p2a: Rampardos
|-damage|p2a: Rampardos|76/100
|-damage|p1a: Corviknight|92/100|[from] Recoil
|
|upkeep
|turn|4
|
|t:|1758358452
|move|p2a: Rampardos|Head Smash|p1a: Corviknight
|-damage|p1a: Corviknight|0 fnt
|-damage|p2a: Rampardos|59/100|[from] item: Rocky Helmet|[of] p1a: Corviknight
|faint|p1a: Corviknight
|-damage|p2a: Rampardos|13/100|[from] Recoil
|
|upkeep
|
|t:|1758358459
|switch|p1a: Garchomp|Garchomp, M|100/100
|turn|5
|
|t:|1758358464
|move|p2a: Rampardos|Head Smash|p1a: Garchomp
|-resisted|p1a: Garchomp
|-damage|p1a: Garchomp|30/100
|-damage|p2a: Rampardos|1/100|[from] ability: Rough Skin|[of] p1a: Garchomp
|-damage|p2a: Rampardos|0 fnt|[from] Recoil
|faint|p2a: Rampardos
|move|p1a: Garchomp|Earthquake|p2: Rampardos|[notarget]
|-fail|p1a: Garchomp
|
|-fieldend|move: Trick Room
|upkeep
|
|t:|1758358472
|switch|p2a: Hydrapple|Hydrapple, F|100/100
|turn|6
|
|t:|1758358475
|move|p1a: Garchomp|Scale Shot|p2a: Hydrapple
|-supereffective|p2a: Hydrapple
|-damage|p2a: Hydrapple|83/100
|-supereffective|p2a: Hydrapple
|-damage|p2a: Hydrapple|65/100
|-supereffective|p2a: Hydrapple
|-damage|p2a: Hydrapple|48/100
|-supereffective|p2a: Hydrapple
|-damage|p2a: Hydrapple|32/100
|-hitcount|p2a: Hydrapple|4
|-unboost|p1a: Garchomp|def|1
|-boost|p1a: Garchomp|spe|1
|move|p2a: Hydrapple|Fickle Beam|p1a: Garchomp|[anim] Fickle Beam All Out
|-activate|p2a: Hydrapple|move: Fickle Beam
|-supereffective|p1a: Garchomp
|-damage|p1a: Garchomp|0 fnt
|faint|p1a: Garchomp
|
|upkeep
|
|t:|1758358487
|switch|p1a: Maushold|Maushold-Four|100/100
|turn|7
|
|t:|1758358491
|switch|p2a: Slowking|Slowking-Galar, F|44/100
|-terastallize|p1a: Maushold|Fairy
|move|p1a: Maushold|Tidy Up|p1a: Maushold
|-boost|p1a: Maushold|atk|1
|-boost|p1a: Maushold|spe|1
|
|upkeep
|turn|8
|
|t:|1758358495
|move|p1a: Maushold|Population Bomb|p2a: Slowking
|-damage|p2a: Slowking|32/100
|-damage|p2a: Slowking|21/100
|-damage|p2a: Slowking|8/100
|-damage|p2a: Slowking|0 fnt
|faint|p2a: Slowking
|-hitcount|p2: Slowking|4
|
|upkeep
|
|t:|1758358497
|switch|p2a: Hydrapple|Hydrapple, F|65/100
|turn|9
|
|t:|1758358500
|-terastallize|p2a: Hydrapple|Steel
|move|p1a: Maushold|Population Bomb|p2a: Hydrapple
|-resisted|p2a: Hydrapple
|-damage|p2a: Hydrapple|60/100
|-damage|p1a: Maushold|84/100|[from] item: Rocky Helmet|[of] p2a: Hydrapple
|-resisted|p2a: Hydrapple
|-damage|p2a: Hydrapple|56/100
|-damage|p1a: Maushold|67/100|[from] item: Rocky Helmet|[of] p2a: Hydrapple
|-resisted|p2a: Hydrapple
|-damage|p2a: Hydrapple|52/100
|-damage|p1a: Maushold|51/100|[from] item: Rocky Helmet|[of] p2a: Hydrapple
|-resisted|p2a: Hydrapple
|-damage|p2a: Hydrapple|47/100
|-damage|p1a: Maushold|34/100|[from] item: Rocky Helmet|[of] p2a: Hydrapple
|-resisted|p2a: Hydrapple
|-damage|p2a: Hydrapple|43/100
|-damage|p1a: Maushold|17/100|[from] item: Rocky Helmet|[of] p2a: Hydrapple
|-resisted|p2a: Hydrapple
|-damage|p2a: Hydrapple|38/100
|-damage|p1a: Maushold|1/100|[from] item: Rocky Helmet|[of] p2a: Hydrapple
|-resisted|p2a: Hydrapple
|-damage|p2a: Hydrapple|34/100
|-damage|p1a: Maushold|0 fnt|[from] item: Rocky Helmet|[of] p2a: Hydrapple
|faint|p1a: Maushold
|-hitcount|p2a: Hydrapple|7
|move|p2a: Hydrapple|Giga Drain|p1: Maushold|[notarget]
|-fail|p2a: Hydrapple
|
|upkeep
|
|t:|1758358514
|switch|p1a: Clawitzer|Clawitzer, F|100/100
|turn|10
|
|t:|1758358520
|switch|p2a: Hoopa|Hoopa-Unbound|100/100
|move|p1a: Clawitzer|Aura Sphere|p2a: Hoopa
|-damage|p2a: Hoopa|73/100
|
|upkeep
|turn|11
|
|t:|1758358523
|move|p1a: Clawitzer|Water Pulse|p2a: Hoopa
|-damage|p2a: Hoopa|41/100
|move|p2a: Hoopa|Trick Room|p2a: Hoopa
|-fieldstart|move: Trick Room|[of] p2a: Hoopa
|
|upkeep
|turn|12
|
|t:|1758358528
|move|p2a: Hoopa|Knock Off|p1a: Clawitzer
|-damage|p1a: Clawitzer|48/100
|-enditem|p1a: Clawitzer|Assault Vest|[from] move: Knock Off|[of] p2a: Hoopa
|move|p1a: Clawitzer|Water Pulse|p2a: Hoopa
|-damage|p2a: Hoopa|7/100
|
|upkeep
|turn|13
|
|t:|1758358535
|move|p2a: Hoopa|Psychic Noise|p1a: Clawitzer
|-damage|p1a: Clawitzer|6/100
|-start|p1a: Clawitzer|move: Heal Block
|move|p1a: Clawitzer|Water Pulse|p2a: Hoopa
|-crit|p2a: Hoopa
|-damage|p2a: Hoopa|0 fnt
|faint|p2a: Hoopa
|
|upkeep
|
|t:|1758358543
|switch|p2a: Hydrapple|Hydrapple, F, tera:Steel|67/100
|turn|14
|
|t:|1758358546
|move|p2a: Hydrapple|Fickle Beam|p1a: Clawitzer
|-damage|p1a: Clawitzer|0 fnt
|faint|p1a: Clawitzer
|
|upkeep
|
|t:|1758358549
|switch|p1a: Tsareena|Tsareena, F|100/100
|turn|15
|
|t:|1758358560
|move|p2a: Hydrapple|Fickle Beam|p1a: Tsareena|[anim] Fickle Beam All Out
|-activate|p2a: Hydrapple|move: Fickle Beam
|-damage|p1a: Tsareena|35/100
|move|p1a: Tsareena|Knock Off|p2a: Hydrapple
|-damage|p2a: Hydrapple|48/100
|-damage|p1a: Tsareena|18/100|[from] item: Rocky Helmet|[of] p2a: Hydrapple
|-enditem|p2a: Hydrapple|Rocky Helmet|[from] move: Knock Off|[of] p1a: Tsareena
|
|-fieldend|move: Trick Room
|upkeep
|turn|16
|
|t:|1758358579
|move|p1a: Tsareena|Synthesis|p1a: Tsareena
|-heal|p1a: Tsareena|68/100
|move|p2a: Hydrapple|Fickle Beam|p1a: Tsareena
|-damage|p1a: Tsareena|34/100
|
|upkeep
|turn|17
|
|t:|1758358587
|move|p1a: Tsareena|Synthesis|p1a: Tsareena
|-heal|p1a: Tsareena|84/100
|move|p2a: Hydrapple|Nasty Plot|p2a: Hydrapple
|-boost|p2a: Hydrapple|spa|2
|
|upkeep
|turn|18
|
|t:|1758358597
|move|p1a: Tsareena|Knock Off|p2a: Hydrapple
|-damage|p2a: Hydrapple|35/100
|move|p2a: Hydrapple|Fickle Beam|p1a: Tsareena
|-damage|p1a: Tsareena|19/100
|
|upkeep
|turn|19
|
|t:|1758358602
|move|p1a: Tsareena|Knock Off|p2a: Hydrapple
|-damage|p2a: Hydrapple|23/100
|move|p2a: Hydrapple|Nasty Plot|p2a: Hydrapple
|-boost|p2a: Hydrapple|spa|2
|
|upkeep
|turn|20
|
|t:|1758358607
|move|p1a: Tsareena|Knock Off|p2a: Hydrapple
|-damage|p2a: Hydrapple|11/100
|move|p2a: Hydrapple|Giga Drain|p1a: Tsareena
|-resisted|p1a: Tsareena
|-damage|p1a: Tsareena|0 fnt
|-heal|p2a: Hydrapple|19/100|[from] drain|[of] p1a: Tsareena
|faint|p1a: Tsareena
|
|upkeep
|
|t:|1758358610
|switch|p1a: Armarouge|Armarouge, M|100/100
|turn|21
|
|t:|1758358612
|switch|p2a: Ting-Lu|Ting-Lu|100/100
|-ability|p2a: Ting-Lu|Vessel of Ruin
|move|p1a: Armarouge|Energy Ball|p2a: Ting-Lu
|-supereffective|p2a: Ting-Lu
|-damage|p2a: Ting-Lu|73/100
|
|-heal|p2a: Ting-Lu|79/100|[from] item: Leftovers
|upkeep
|turn|22
|
|t:|1758358617
|move|p1a: Armarouge|Energy Ball|p2a: Ting-Lu
|-supereffective|p2a: Ting-Lu
|-damage|p2a: Ting-Lu|56/100
|move|p2a: Ting-Lu|Earthquake|p1a: Armarouge
|-supereffective|p1a: Armarouge
|-damage|p1a: Armarouge|31/100
|-ability|p1a: Armarouge|Weak Armor|boost
|-unboost|p1a: Armarouge|def|1
|-boost|p1a: Armarouge|spe|2
|-enditem|p1a: Armarouge|Weakness Policy
|-boost|p1a: Armarouge|atk|2|[from] item: Weakness Policy
|-boost|p1a: Armarouge|spa|2|[from] item: Weakness Policy
|
|-heal|p2a: Ting-Lu|62/100|[from] item: Leftovers
|upkeep
|turn|23
|
|t:|1758358620
|move|p1a: Armarouge|Energy Ball|p2a: Ting-Lu
|-supereffective|p2a: Ting-Lu
|-damage|p2a: Ting-Lu|11/100
|move|p2a: Ting-Lu|Earthquake|p1a: Armarouge
|-supereffective|p1a: Armarouge
|-damage|p1a: Armarouge|0 fnt
|faint|p1a: Armarouge
|
|win|DonovanIsNotHere
|raw|Paofficial's rating: 1398 &rarr; <strong>1379</strong><br />(-19 for losing)
|raw|DonovanIsNotHere's rating: 1423 &rarr; <strong>1442</strong><br />(+19 for winning)
