|j|☆CFMathMaster
|j|☆magical leaves
|t:|1758312204
|gametype|singles
|player|p1|CFMathMaster|pilot|1274
|player|p2|magical leaves|aromalady|1347
|gen|9
|tier|[Gen 9] OU
|rated|
|rule|HP Percentage Mod: HP is shown in percentages
|rule|Endless Battle Clause: Forcing endless battles is banned
|rule|Species Clause: Limit one of each Pokémon
|rule|OHKO Clause: OHKO moves are banned
|rule|Evasion Items Clause: Evasion items are banned
|rule|Evasion Moves Clause: Evasion moves are banned
|rule|Evasion Abilities Clause: Evasion abilities are banned
|rule|Sleep Moves Clause: Sleep-inducing moves are banned
|clearpoke
|poke|p1|Cinderace, M|
|poke|p1|Hatterene, F|
|poke|p1|Dragonite, F|
|poke|p1|Gholdengo|
|poke|p1|Raging Bolt|
|poke|p1|Lokix, M|
|poke|p2|Lilligant-Hisui, F|
|poke|p2|Thundurus, M|
|poke|p2|Ting-Lu|
|poke|p2|Blaziken, F|
|poke|p2|Walking Wake|
|poke|p2|Scizor, F|
|teampreview
|
|t:|1758312214
|teamsize|p1|6
|teamsize|p2|6
|start
|switch|p1a: Lokix|Lokix, M|100/100
|switch|p2a: thundercat|Thundurus, M|100/100
|turn|1
|
|t:|1758312223
|switch|p1a: Raging Bolt|Raging Bolt|100/100
|-enditem|p1a: Raging Bolt|Booster Energy
|-activate|p1a: Raging Bolt|ability: Protosynthesis|[fromitem]
|-start|p1a: Raging Bolt|protosynthesisspa
|move|p2a: thundercat|Sunny Day|p2a: thundercat
|-weather|SunnyDay
|
|-weather|SunnyDay|[upkeep]
|upkeep
|turn|2
|
|t:|1758312233
|switch|p2a: shnow|Ting-Lu|100/100
|-ability|p2a: shnow|Vessel of Ruin
|move|p1a: Raging Bolt|Calm Mind|p1a: Raging Bolt
|-boost|p1a: Raging Bolt|spa|1
|-boost|p1a: Raging Bolt|spd|1
|
|-weather|SunnyDay|[upkeep]
|upkeep
|turn|3
|
|t:|1758312243
|-end|p1a: Raging Bolt|Protosynthesis|[silent]
|switch|p1a: Hatterene|Hatterene, F|100/100
|move|p2a: shnow|Earthquake|p1a: Hatterene
|-damage|p1a: Hatterene|67/100
|
|-weather|SunnyDay|[upkeep]
|-heal|p1a: Hatterene|73/100|[from] item: Leftovers
|upkeep
|turn|4
|
|t:|1758312253
|switch|p2a: raps|Scizor, F|100/100
|move|p1a: Hatterene|Draining Kiss|p2a: raps
|-resisted|p2a: raps
|-damage|p2a: raps|88/100
|-heal|p1a: Hatterene|84/100|[from] drain|[of] p2a: raps
|
|-weather|SunnyDay|[upkeep]
|-heal|p1a: Hatterene|89/100|[from] item: Leftovers
|upkeep
|turn|5
|
|t:|1758312265
|switch|p2a: jello|Blaziken, F|100/100
|switch|p1a: Raging Bolt|Raging Bolt|100/100
|-activate|p1a: Raging Bolt|ability: Protosynthesis
|-start|p1a: Raging Bolt|protosynthesisspa
|
|-weather|SunnyDay|[upkeep]
|upkeep
|turn|6
|
|t:|1758312277
|switch|p2a: shnow|Ting-Lu|100/100
|-ability|p2a: shnow|Vessel of Ruin
|move|p1a: Raging Bolt|Dragon Pulse|p2a: shnow
|-damage|p2a: shnow|61/100
|
|-weather|SunnyDay|[upkeep]
|-heal|p2a: shnow|67/100|[from] item: Leftovers
|upkeep
|turn|7
|
|t:|1758312292
|-end|p1a: Raging Bolt|Protosynthesis|[silent]
|switch|p1a: Hatterene|Hatterene, F|89/100
|move|p2a: shnow|Earthquake|p1a: Hatterene
|-damage|p1a: Hatterene|59/100
|
|-weather|SunnyDay|[upkeep]
|-heal|p2a: shnow|74/100|[from] item: Leftovers
|-heal|p1a: Hatterene|65/100|[from] item: Leftovers
|upkeep
|turn|8
|
|t:|1758312304
|switch|p2a: raps|Scizor, F|88/100
|move|p1a: Hatterene|Mystical Fire|p2a: raps
|-supereffective|p2a: raps
|-damage|p2a: raps|0 fnt
|faint|p2a: raps
|
|-weather|none
|-heal|p1a: Hatterene|71/100|[from] item: Leftovers
|upkeep
|
|t:|1758312314
|switch|p2a: thundercat|Thundurus, M|100/100
|turn|9
|
|t:|1758312318
|move|p2a: thundercat|Sunny Day|p2a: thundercat
|-weather|SunnyDay
|move|p1a: Hatterene|Calm Mind|p1a: Hatterene
|-boost|p1a: Hatterene|spa|1
|-boost|p1a: Hatterene|spd|1
|
|-weather|SunnyDay|[upkeep]
|-heal|p1a: Hatterene|77/100|[from] item: Leftovers
|upkeep
|turn|10
|
|t:|1758312327
|move|p2a: thundercat|Volt Switch|p1a: Hatterene
|-damage|p1a: Hatterene|52/100
|
|t:|1758312338
|switch|p2a: jello|Blaziken, F|100/100|[from] Volt Switch
|move|p1a: Hatterene|Draining Kiss|p2a: jello
|-damage|p2a: jello|48/100
|-heal|p1a: Hatterene|90/100|[from] drain|[of] p2a: jello
|
|-weather|SunnyDay|[upkeep]
|-heal|p1a: Hatterene|96/100|[from] item: Leftovers
|upkeep
|turn|11
|
|t:|1758312349
|move|p2a: jello|Protect|p2a: jello
|-singleturn|p2a: jello|Protect
|move|p1a: Hatterene|Draining Kiss|p2a: jello
|-activate|p2a: jello|move: Protect
|
|-weather|SunnyDay|[upkeep]
|-heal|p1a: Hatterene|100/100|[from] item: Leftovers
|-ability|p2a: jello|Speed Boost|boost
|-boost|p2a: jello|spe|1
|upkeep
|turn|12
|
|t:|1758312360
|move|p2a: jello|Overheat|p1a: Hatterene
|-damage|p1a: Hatterene|28/100
|-unboost|p2a: jello|spa|2
|move|p1a: Hatterene|Draining Kiss|p2a: jello
|-damage|p2a: jello|0 fnt
|-heal|p1a: Hatterene|62/100|[from] drain|[of] p2a: jello
|faint|p2a: jello
|
|-weather|SunnyDay|[upkeep]
|-heal|p1a: Hatterene|68/100|[from] item: Leftovers
|upkeep
|
|t:|1758312372
|switch|p2a: atopos|Lilligant-Hisui, F|100/100
|turn|13
|
|t:|1758312397
|-terastallize|p2a: atopos|Fire
|move|p2a: atopos|Tera Blast|p1a: Hatterene|[anim] Tera Blast Fire
|-damage|p1a: Hatterene|1/100
|-damage|p2a: atopos|91/100|[from] item: Life Orb
|move|p1a: Hatterene|Draining Kiss|p2a: atopos
|-resisted|p2a: atopos
|-damage|p2a: atopos|68/100
|-heal|p1a: Hatterene|18/100|[from] drain|[of] p2a: atopos
|
|-weather|SunnyDay|[upkeep]
|-heal|p1a: Hatterene|24/100|[from] item: Leftovers
|upkeep
|turn|14
|
|t:|1758312420
|switch|p1a: Raging Bolt|Raging Bolt|100/100
|-activate|p1a: Raging Bolt|ability: Protosynthesis
|-start|p1a: Raging Bolt|protosynthesisspa
|move|p2a: atopos|Solar Blade||[still]
|-prepare|p2a: atopos|Solar Blade
|-anim|p2a: atopos|Solar Blade|p1a: Raging Bolt
|-resisted|p1a: Raging Bolt
|-crit|p1a: Raging Bolt
|-damage|p1a: Raging Bolt|43/100
|-damage|p2a: atopos|58/100|[from] item: Life Orb
|
|-weather|SunnyDay|[upkeep]
|upkeep
|turn|15
|
|t:|1758312433
|move|p1a: Raging Bolt|Thunderclap|p2a: atopos
|-damage|p2a: atopos|0 fnt
|faint|p2a: atopos
|
|-weather|SunnyDay|[upkeep]
|upkeep
|
|t:|1758312439
|switch|p2a: thundercat|Thundurus, M|100/100
|turn|16
|
|t:|1758312443
|move|p2a: thundercat|Weather Ball|p1a: Raging Bolt
|-resisted|p1a: Raging Bolt
|-damage|p1a: Raging Bolt|19/100
|move|p1a: Raging Bolt|Thunderbolt|p2a: thundercat
|-damage|p2a: thundercat|18/100
|
|-weather|none
|-end|p1a: Raging Bolt|Protosynthesis
|upkeep
|turn|17
|
|t:|1758312452
|move|p2a: thundercat|Sunny Day|p2a: thundercat
|-weather|SunnyDay
|-activate|p1a: Raging Bolt|ability: Protosynthesis
|-start|p1a: Raging Bolt|protosynthesisspa
|move|p1a: Raging Bolt|Dragon Pulse|p2a: thundercat
|-damage|p2a: thundercat|0 fnt
|faint|p2a: thundercat
|
|-weather|SunnyDay|[upkeep]
|upkeep
|
|t:|1758312461
|switch|p2a: WIDE AWAAAAAKE!|Walking Wake|100/100
|-activate|p2a: WIDE AWAAAAAKE!|ability: Protosynthesis
|-start|p2a: WIDE AWAAAAAKE!|protosynthesisspe
|turn|18
|
|t:|1758312469
|move|p1a: Raging Bolt|Thunderclap|p2a: WIDE AWAAAAAKE!
|-damage|p2a: WIDE AWAAAAAKE!|42/100
|move|p2a: WIDE AWAAAAAKE!|Dragon Pulse|p1a: Raging Bolt
|-supereffective|p1a: Raging Bolt
|-damage|p1a: Raging Bolt|0 fnt
|faint|p1a: Raging Bolt
|-end|p1a: Raging Bolt|Protosynthesis|[silent]
|-damage|p2a: WIDE AWAAAAAKE!|32/100|[from] item: Life Orb
|
|-weather|SunnyDay|[upkeep]
|upkeep
|
|t:|1758312472
|switch|p1a: Lokix|Lokix, M|100/100
|turn|19
|
|t:|1758312481
|move|p1a: Lokix|First Impression|p2a: WIDE AWAAAAAKE!
|-damage|p2a: WIDE AWAAAAAKE!|0 fnt
|faint|p2a: WIDE AWAAAAAKE!
|-end|p2a: WIDE AWAAAAAKE!|Protosynthesis|[silent]
|
|-weather|SunnyDay|[upkeep]
|upkeep
|
|t:|1758312487
|switch|p2a: shnow|Ting-Lu|74/100
|-ability|p2a: shnow|Vessel of Ruin
|turn|20
|
|t:|1758312493
|switch|p1a: Gholdengo|Gholdengo|100/100
|move|p2a: shnow|Earthquake|p1a: Gholdengo
|-supereffective|p1a: Gholdengo
|-damage|p1a: Gholdengo|16/100
|
|-weather|SunnyDay|[upkeep]
|-heal|p2a: shnow|80/100|[from] item: Leftovers
|upkeep
|turn|21
|
|t:|1758312502
|move|p1a: Gholdengo|Trick|p2a: shnow
|-activate|p1a: Gholdengo|move: Trick|[of] p2a: shnow
|-item|p2a: shnow|Choice Scarf|[from] move: Trick
|-item|p1a: Gholdengo|Leftovers|[from] move: Trick
|move|p2a: shnow|Earthquake|p1a: Gholdengo
|-supereffective|p1a: Gholdengo
|-damage|p1a: Gholdengo|0 fnt
|faint|p1a: Gholdengo
|
|-weather|SunnyDay|[upkeep]
|upkeep
|
|t:|1758312507
|switch|p1a: Lokix|Lokix, M|100/100
|turn|22
|
|t:|1758312513
|-terastallize|p1a: Lokix|Bug
|move|p1a: Lokix|Leech Life|p2a: shnow
|-supereffective|p2a: shnow
|-damage|p2a: shnow|13/100
|move|p2a: shnow|Earthquake|p1a: Lokix
|-resisted|p1a: Lokix
|-damage|p1a: Lokix|71/100
|
|-weather|SunnyDay|[upkeep]
|upkeep
|turn|23
|
|t:|1758312523
|move|p1a: Lokix|Leech Life|p2a: shnow
|-supereffective|p2a: shnow
|-damage|p2a: shnow|0 fnt
|-heal|p1a: Lokix|82/100|[from] drain|[of] p2a: shnow
|faint|p2a: shnow
|
|win|CFMathMaster
|raw|CFMathMaster's rating: 1274 &rarr; <strong>1304</strong><br />(+30 for winning)
|raw|magical leaves's rating: 1347 &rarr; <strong>1323</strong><br />(-24 for losing)
|c|☆CFMathMaster|Bro, this team is so strong, and I don't know why
|c|☆CFMathMaster|It's the only team I made that was able to get me to 1600
|c|☆CFMathMaster|Anyways, gg
|c|☆CFMathMaster|Wp
|c|☆magical leaves|It’s a sick team
|c|☆magical leaves|gg
|c|☆CFMathMaster|Thanks
|l|☆CFMathMaster
|player|p1|
