|j|☆peanu1
|j|☆buuwomper
|t:|1758254220
|gametype|singles
|player|p1|peanu1|265|1392
|player|p2|buuwomper|elesa-masters|1365
|gen|9
|tier|[Gen 9] OU
|rated|
|rule|HP Percentage Mod: HP is shown in percentages
|rule|Endless Battle Clause: Forcing endless battles is banned
|rule|Species Clause: Limit one of each Pokémon
|rule|OHKO Clause: OHKO moves are banned
|rule|Evasion Items Clause: Evasion items are banned
|rule|Evasion Moves Clause: Evasion moves are banned
|rule|Evasion Abilities Clause: Evasion abilities are banned
|rule|Sleep Moves Clause: Sleep-inducing moves are banned
|clearpoke
|poke|p1|Alomomola, M|
|poke|p1|Weezing-Galar, F|
|poke|p1|Gliscor, F|
|poke|p1|Scizor, M|
|poke|p1|Raging Bolt|
|poke|p1|Zamazenta-*|
|poke|p2|Great Tusk|
|poke|p2|Heatran, M|
|poke|p2|Weavile, M|
|poke|p2|Primarina, M|
|poke|p2|Ogerpon, F|
|poke|p2|Pecharunt|
|teampreview
|inactive|Battle timer is ON: inactive players will automatically lose when time's up. (requested by buuwomper)
|inactive|peanu1 has 120 seconds left.
|inactive|buuwomper has 120 seconds left.
|
|t:|1758254265
|teamsize|p1|6
|teamsize|p2|6
|start
|switch|p1a: Alomomola|Alomomola, M|100/100
|switch|p2a: Heatran|Heatran, M, shiny|100/100
|-item|p2a: Heatran|Air Balloon
|turn|1
|
|t:|1758254280
|move|p2a: Heatran|Stealth Rock|p1a: Alomomola
|-sidestart|p1: peanu1|move: Stealth Rock
|move|p1a: Alomomola|Flip Turn|p2a: Heatran
|-supereffective|p2a: Heatran
|-damage|p2a: Heatran|69/100
|-enditem|p2a: Heatran|Air Balloon
|
|t:|1758254284
|switch|p1a: Gliscor|Gliscor, F|100/100|[from] Flip Turn
|-damage|p1a: Gliscor|88/100|[from] Stealth Rock
|
|-status|p1a: Gliscor|tox|[from] item: Toxic Orb
|upkeep
|turn|2
|
|t:|1758254305
|switch|p2a: Great Tusk|Great Tusk, shiny|100/100
|move|p1a: Gliscor|Stealth Rock|p2a: Great Tusk
|-sidestart|p2: buuwomper|move: Stealth Rock
|
|-heal|p1a: Gliscor|100/100 tox|[from] ability: Poison Heal
|upkeep
|turn|3
|
|t:|1758254320
|move|p2a: Great Tusk|Rapid Spin|p1a: Gliscor
|-damage|p1a: Gliscor|90/100 tox
|-boost|p2a: Great Tusk|spe|1
|-sideend|p2: buuwomper|Stealth Rock|[from] move: Rapid Spin|[of] p2a: Great Tusk
|move|p1a: Gliscor|Toxic|p2a: Great Tusk
|-status|p2a: Great Tusk|tox
|
|-damage|p2a: Great Tusk|94/100 tox|[from] psn
|-heal|p1a: Gliscor|100/100 tox|[from] ability: Poison Heal
|upkeep
|turn|4
|
|t:|1758254325
|move|p1a: Gliscor|Protect|p1a: Gliscor
|-singleturn|p1a: Gliscor|Protect
|move|p2a: Great Tusk|Ice Spinner|p1a: Gliscor
|-activate|p1a: Gliscor|move: Protect
|
|-damage|p2a: Great Tusk|82/100 tox|[from] psn
|upkeep
|turn|5
|
|t:|1758254352
|-terastallize|p1a: Gliscor|Water
|move|p2a: Great Tusk|Ice Spinner|p1a: Gliscor
|-resisted|p1a: Gliscor
|-damage|p1a: Gliscor|91/100 tox
|move|p1a: Gliscor|Earthquake|p2a: Great Tusk
|-damage|p2a: Great Tusk|57/100 tox
|
|-damage|p2a: Great Tusk|38/100 tox|[from] psn
|-heal|p1a: Gliscor|100/100 tox|[from] ability: Poison Heal
|upkeep
|turn|6
|
|t:|1758254359
|move|p2a: Great Tusk|Close Combat|p1a: Gliscor
|-damage|p1a: Gliscor|60/100 tox
|-unboost|p2a: Great Tusk|def|1
|-unboost|p2a: Great Tusk|spd|1
|move|p1a: Gliscor|Stealth Rock|p2a: Great Tusk
|-sidestart|p2: buuwomper|move: Stealth Rock
|
|-damage|p2a: Great Tusk|13/100 tox|[from] psn
|-heal|p1a: Gliscor|73/100 tox|[from] ability: Poison Heal
|upkeep
|turn|7
|
|t:|1758254365
|move|p1a: Gliscor|Protect|p1a: Gliscor
|-singleturn|p1a: Gliscor|Protect
|move|p2a: Great Tusk|Headlong Rush|p1a: Gliscor
|-activate|p1a: Gliscor|move: Protect
|
|-damage|p2a: Great Tusk|0 fnt|[from] psn
|faint|p2a: Great Tusk
|-end|p2a: Great Tusk|Protosynthesis|[silent]
|-heal|p1a: Gliscor|85/100 tox|[from] ability: Poison Heal
|upkeep
|
|t:|1758254369
|switch|p2a: Ogerpon|Ogerpon, F|100/100
|-damage|p2a: Ogerpon|88/100|[from] Stealth Rock
|turn|8
|
|t:|1758254384
|switch|p1a: Weezing|Weezing-Galar, F|100/100
|-ability|p1a: Weezing|Neutralizing Gas
|move|p2a: Ogerpon|U-turn|p1a: Weezing
|-resisted|p1a: Weezing
|-damage|p1a: Weezing|95/100
|
|t:|1758254388
|switch|p2a: Heatran|Heatran, M, shiny|69/100|[from] U-turn
|-damage|p2a: Heatran|57/100|[from] Stealth Rock
|
|upkeep
|turn|9
|
|t:|1758254403
|-end|p1a: Weezing|ability: Neutralizing Gas
|switch|p1a: Alomomola|Alomomola, M|100/100
|-damage|p1a: Alomomola|88/100|[from] Stealth Rock
|move|p2a: Heatran|Magma Storm|p1a: Alomomola
|-resisted|p1a: Alomomola
|-damage|p1a: Alomomola|76/100
|-activate|p1a: Alomomola|move: Magma Storm|[of] p2a: Heatran
|
|-damage|p1a: Alomomola|64/100|[from] move: Magma Storm|[partiallytrapped]
|upkeep
|turn|10
|
|t:|1758254415
|move|p2a: Heatran|Earth Power|p1a: Alomomola
|-damage|p1a: Alomomola|47/100
|move|p1a: Alomomola|Flip Turn|p2a: Heatran
|-supereffective|p2a: Heatran
|-damage|p2a: Heatran|26/100
|inactive|peanu1 has 120 seconds left.
|
|t:|1758254440
|switch|p1a: Zamazenta|Zamazenta|100/100|[from] Flip Turn
|-damage|p1a: Zamazenta|94/100|[from] Stealth Rock
|-ability|p1a: Zamazenta|Dauntless Shield|boost
|-boost|p1a: Zamazenta|def|1
|
|-heal|p1a: Zamazenta|100/100|[from] item: Leftovers
|upkeep
|turn|11
|inactive|peanu1 has 120 seconds left.
|
|t:|1758254466
|switch|p2a: Pecharunt|Pecharunt|100/100
|-damage|p2a: Pecharunt|88/100|[from] Stealth Rock
|move|p1a: Zamazenta|Substitute|p1a: Zamazenta
|-start|p1a: Zamazenta|Substitute
|-damage|p1a: Zamazenta|75/100
|
|-heal|p1a: Zamazenta|82/100|[from] item: Leftovers
|upkeep
|turn|12
|
|t:|1758254476
|move|p1a: Zamazenta|Iron Defense|p1a: Zamazenta
|-boost|p1a: Zamazenta|def|2
|move|p2a: Pecharunt|Malignant Chain|p1a: Zamazenta
|-activate|p1a: Zamazenta|move: Substitute|[damage]
|
|-heal|p1a: Zamazenta|88/100|[from] item: Leftovers
|upkeep
|turn|13
|inactive|peanu1 has 120 seconds left.
|inactive|buuwomper has 120 seconds left.
|
|t:|1758254511
|move|p1a: Zamazenta|Iron Defense|p1a: Zamazenta
|-boost|p1a: Zamazenta|def|2
|move|p2a: Pecharunt|Malignant Chain|p1a: Zamazenta
|-end|p1a: Zamazenta|Substitute
|
|-heal|p1a: Zamazenta|94/100|[from] item: Leftovers
|upkeep
|turn|14
|inactive|buuwomper has 120 seconds left.
|
|t:|1758254537
|move|p1a: Zamazenta|Substitute|p1a: Zamazenta
|-start|p1a: Zamazenta|Substitute
|-damage|p1a: Zamazenta|69/100
|move|p2a: Pecharunt|Malignant Chain|p1a: Zamazenta
|-end|p1a: Zamazenta|Substitute
|
|-heal|p1a: Zamazenta|75/100|[from] item: Leftovers
|upkeep
|turn|15
|
|t:|1758254541
|move|p1a: Zamazenta|Substitute|p1a: Zamazenta
|-start|p1a: Zamazenta|Substitute
|-damage|p1a: Zamazenta|50/100
|move|p2a: Pecharunt|Malignant Chain|p1a: Zamazenta
|-end|p1a: Zamazenta|Substitute
|
|-heal|p1a: Zamazenta|56/100|[from] item: Leftovers
|upkeep
|turn|16
|
|t:|1758254544
|move|p1a: Zamazenta|Substitute|p1a: Zamazenta
|-start|p1a: Zamazenta|Substitute
|-damage|p1a: Zamazenta|31/100
|move|p2a: Pecharunt|Malignant Chain|p1a: Zamazenta
|-end|p1a: Zamazenta|Substitute
|
|-heal|p1a: Zamazenta|38/100|[from] item: Leftovers
|upkeep
|turn|17
|c|☆peanu1|congrats
|
|t:|1758254550
|move|p1a: Zamazenta|Substitute|p1a: Zamazenta
|-start|p1a: Zamazenta|Substitute
|-damage|p1a: Zamazenta|13/100
|move|p2a: Pecharunt|Malignant Chain|p1a: Zamazenta
|-activate|p1a: Zamazenta|move: Substitute|[damage]
|
|-heal|p1a: Zamazenta|19/100|[from] item: Leftovers
|upkeep
|turn|18
|
|t:|1758254555
|move|p1a: Zamazenta|Crunch|p2a: Pecharunt
|-supereffective|p2a: Pecharunt
|-damage|p2a: Pecharunt|70/100
|-damage|p1a: Zamazenta|2/100|[from] item: Rocky Helmet|[of] p2a: Pecharunt
|move|p2a: Pecharunt|Shadow Ball|p1a: Zamazenta
|-end|p1a: Zamazenta|Substitute
|
|-heal|p1a: Zamazenta|8/100|[from] item: Leftovers
|upkeep
|turn|19
|
|t:|1758254558
|move|p1a: Zamazenta|Crunch|p2a: Pecharunt
|-supereffective|p2a: Pecharunt
|-damage|p2a: Pecharunt|50/100
|-unboost|p2a: Pecharunt|def|1
|-damage|p1a: Zamazenta|0 fnt|[from] item: Rocky Helmet|[of] p2a: Pecharunt
|faint|p1a: Zamazenta
|move|p2a: Pecharunt|Shadow Ball|p1: Zamazenta|[notarget]
|-fail|p2a: Pecharunt
|
|upkeep
|
|t:|1758254566
|switch|p1a: Scizor|Scizor, M|100/100
|-damage|p1a: Scizor|88/100|[from] Stealth Rock
|turn|20
|c|☆buuwomper|i dont get what you were cooking
|c|☆buuwomper|in what world were you 1v1ing there bro
|c|☆peanu1|LOL
|c|☆peanu1|you hit 3 like 30%s in a row
|c|☆peanu1|relax
|inactive|peanu1 has 120 seconds left.
|
|t:|1758254599
|switch|p2a: Heatran|Heatran, M, shiny|26/100
|-damage|p2a: Heatran|14/100|[from] Stealth Rock
|move|p1a: Scizor|Knock Off|p2a: Heatran
|-damage|p2a: Heatran|0 fnt
|faint|p2a: Heatran
|
|upkeep
|c|☆buuwomper|i get that but even if i didnt
|c|☆buuwomper|ion think u couldve 1v1d pech
|c|☆peanu1|with lefties i do
|inactive|buuwomper has 120 seconds left.
|
|t:|1758254641
|switch|p2a: Primarina|Primarina, M, shiny|100/100
|-damage|p2a: Primarina|88/100|[from] Stealth Rock
|turn|21
|
|t:|1758254645
|switch|p1a: Gliscor|Gliscor, F, tera:Water|85/100 tox
|-damage|p1a: Gliscor|73/100 tox|[from] Stealth Rock
|move|p2a: Primarina|Psychic Noise|p1a: Gliscor
|-resisted|p1a: Gliscor
|-damage|p1a: Gliscor|49/100 tox
|-start|p1a: Gliscor|move: Heal Block
|
|upkeep
|turn|22
|
|t:|1758254654
|switch|p1a: Alomomola|Alomomola, M|81/100
|-damage|p1a: Alomomola|68/100|[from] Stealth Rock
|switch|p2a: Ogerpon|Ogerpon, F|88/100
|-damage|p2a: Ogerpon|76/100|[from] Stealth Rock
|
|upkeep
|turn|23
|inactive|buuwomper has 120 seconds left.
|
|t:|1758254663
|switch|p1a: Weezing|Weezing-Galar, F|95/100
|-ability|p1a: Weezing|Neutralizing Gas
|move|p2a: Ogerpon|Ivy Cudgel|p1a: Weezing
|-resisted|p1a: Weezing
|-damage|p1a: Weezing|71/100
|
|upkeep
|turn|24
|
|t:|1758254671
|switch|p2a: Primarina|Primarina, M, shiny|88/100
|-damage|p2a: Primarina|76/100|[from] Stealth Rock
|move|p1a: Weezing|Sludge Bomb|p2a: Primarina
|-supereffective|p2a: Primarina
|-damage|p2a: Primarina|46/100
|
|upkeep
|turn|25
|
|t:|1758254689
|-end|p1a: Weezing|ability: Neutralizing Gas
|switch|p1a: Alomomola|Alomomola, M|100/100
|-damage|p1a: Alomomola|88/100|[from] Stealth Rock
|move|p2a: Primarina|Psychic Noise|p1a: Alomomola
|-resisted|p1a: Alomomola
|-damage|p1a: Alomomola|77/100
|-start|p1a: Alomomola|move: Heal Block
|
|upkeep
|turn|26
|
|t:|1758254700
|switch|p2a: Pecharunt|Pecharunt|50/100
|-damage|p2a: Pecharunt|37/100|[from] Stealth Rock
|move|p1a: Alomomola|Body Slam|p2a: Pecharunt
|-immune|p2a: Pecharunt
|
|-end|p1a: Alomomola|move: Heal Block
|upkeep
|turn|27
|
|t:|1758254705
|move|p2a: Pecharunt|Recover|p2a: Pecharunt
|-heal|p2a: Pecharunt|87/100
|move|p1a: Alomomola|Flip Turn|p2a: Pecharunt
|-damage|p2a: Pecharunt|80/100
|-damage|p1a: Alomomola|61/100|[from] item: Rocky Helmet|[of] p2a: Pecharunt
|
|t:|1758254713
|switch|p1a: Raging Bolt|Raging Bolt|100/100|[from] Flip Turn
|-damage|p1a: Raging Bolt|88/100|[from] Stealth Rock
|
|upkeep
|turn|28
|
|t:|1758254733
|move|p1a: Raging Bolt|Volt Switch|p2a: Pecharunt
|-damage|p2a: Pecharunt|17/100
|
|t:|1758254737
|-end|p1a: Raging Bolt|Protosynthesis|[silent]
|switch|p1a: Gliscor|Gliscor, F, tera:Water|49/100 tox|[from] Volt Switch
|-damage|p1a: Gliscor|37/100 tox|[from] Stealth Rock
|move|p2a: Pecharunt|Malignant Chain|p1a: Gliscor
|-damage|p1a: Gliscor|2/100 tox
|
|-heal|p1a: Gliscor|15/100 tox|[from] ability: Poison Heal
|upkeep
|turn|29
|
|t:|1758254744
|move|p1a: Gliscor|Earthquake|p2a: Pecharunt
|-supereffective|p2a: Pecharunt
|-damage|p2a: Pecharunt|0 fnt
|faint|p2a: Pecharunt
|
|-heal|p1a: Gliscor|27/100 tox|[from] ability: Poison Heal
|upkeep
|
|t:|1758254755
|switch|p2a: Ogerpon|Ogerpon, F|76/100
|-damage|p2a: Ogerpon|64/100|[from] Stealth Rock
|turn|30
|
|t:|1758254764
|switch|p1a: Weezing|Weezing-Galar, F|71/100
|-ability|p1a: Weezing|Neutralizing Gas
|move|p2a: Ogerpon|Ivy Cudgel|p1a: Weezing
|-resisted|p1a: Weezing
|-damage|p1a: Weezing|48/100
|
|upkeep
|turn|31
|
|t:|1758254779
|move|p2a: Ogerpon|Ivy Cudgel|p1a: Weezing
|-resisted|p1a: Weezing
|-damage|p1a: Weezing|26/100
|move|p1a: Weezing|Sludge Bomb|p2a: Ogerpon
|-supereffective|p2a: Ogerpon
|-damage|p2a: Ogerpon|2/100
|-status|p2a: Ogerpon|psn
|
|-damage|p2a: Ogerpon|0 fnt|[from] psn
|faint|p2a: Ogerpon
|upkeep
|
|t:|1758254794
|switch|p2a: Primarina|Primarina, M, shiny|46/100
|-damage|p2a: Primarina|34/100|[from] Stealth Rock
|turn|32
|
|t:|1758254813
|move|p2a: Primarina|Moonblast|p1a: Weezing
|-resisted|p1a: Weezing
|-damage|p1a: Weezing|0 fnt
|faint|p1a: Weezing
|-end|p1a: Weezing|ability: Neutralizing Gas
|
|upkeep
|
|t:|1758254822
|switch|p1a: Raging Bolt|Raging Bolt|88/100
|-damage|p1a: Raging Bolt|75/100|[from] Stealth Rock
|turn|33
|
|t:|1758254830
|-terastallize|p2a: Primarina|Ground
|move|p1a: Raging Bolt|Volt Switch|p2a: Primarina
|-immune|p2a: Primarina
|move|p2a: Primarina|Moonblast|p1a: Raging Bolt
|-supereffective|p1a: Raging Bolt
|-damage|p1a: Raging Bolt|0 fnt
|faint|p1a: Raging Bolt
|-end|p1a: Raging Bolt|Protosynthesis|[silent]
|
|upkeep
|
|t:|1758254842
|switch|p1a: Alomomola|Alomomola, M|94/100
|-damage|p1a: Alomomola|82/100|[from] Stealth Rock
|turn|34
|
|t:|1758254853
|move|p2a: Primarina|Psychic Noise|p1a: Alomomola
|-resisted|p1a: Alomomola
|-damage|p1a: Alomomola|71/100
|-start|p1a: Alomomola|move: Heal Block
|move|p1a: Alomomola|Flip Turn|p2a: Primarina
|-supereffective|p2a: Primarina
|-damage|p2a: Primarina|0 fnt
|faint|p2a: Primarina
|
|t:|1758254856
|switch|p1a: Scizor|Scizor, M|88/100|[from] Flip Turn
|-damage|p1a: Scizor|76/100|[from] Stealth Rock
|
|upkeep
|
|t:|1758254858
|switch|p2a: Weavile|Weavile, M, shiny|100/100
|-damage|p2a: Weavile|76/100|[from] Stealth Rock
|-ability|p2a: Weavile|Pressure
|turn|35
|c|☆buuwomper|gg
|
|t:|1758254865
|move|p1a: Scizor|Bullet Punch|p2a: Weavile
|-supereffective|p2a: Weavile
|-damage|p2a: Weavile|0 fnt
|faint|p2a: Weavile
|
|win|peanu1
|raw|peanu1's rating: 1392 &rarr; <strong>1410</strong><br />(+18 for winning)
|raw|buuwomper's rating: 1365 &rarr; <strong>1347</strong><br />(-18 for losing)
|c|☆peanu1|gg
|l|☆buuwomper
|player|p2|
|l|☆peanu1
|player|p1|
