|j|☆TomRegor
|j|☆Haru Urara Fan
|t:|1758238039
|gametype|singles
|player|p1|TomRegor|fisherman|
|player|p2|Haru Urara Fan|1|
|gen|9
|tier|[Gen 9] OU
|rule|HP Percentage Mod: HP is shown in percentages
|rule|Endless Battle Clause: Forcing endless battles is banned
|rule|Species Clause: Limit one of each Pokémon
|rule|OHKO Clause: OHKO moves are banned
|rule|Evasion Items Clause: Evasion items are banned
|rule|Evasion Moves Clause: Evasion moves are banned
|rule|Evasion Abilities Clause: Evasion abilities are banned
|rule|Sleep Moves Clause: Sleep-inducing moves are banned
|clearpoke
|poke|p1|Scizor, M|
|poke|p1|Kleavor, M|
|poke|p1|Lokix, M|
|poke|p1|Yanmega, F|
|poke|p1|Forretress, F|
|poke|p1|Venomoth, M|
|poke|p2|Kleavor, M|
|poke|p2|Scizor, F|
|poke|p2|Lokix, M|
|poke|p2|Frosmoth, F|
|poke|p2|Forretress, M|
|poke|p2|Araquanid, M|
|teampreview
|c|☆Haru Urara Fan|good luck!
|
|t:|1758238055
|teamsize|p1|6
|teamsize|p2|6
|start
|switch|p1a: Forretress|Forretress, F|100/100
|switch|p2a: Join Pokemon RP6|Araquanid, M|100/100
|turn|1
|
|t:|1758238062
|move|p2a: Join Pokemon RP6|Reflect|p2a: Join Pokemon RP6
|-sidestart|p2: Haru Urara Fan|Reflect
|move|p1a: Forretress|Thunder Wave|p2a: Join Pokemon RP6
|-status|p2a: Join Pokemon RP6|par
|
|upkeep
|turn|2
|
|t:|1758238078
|move|p1a: Forretress|Volt Switch|p2a: Join Pokemon RP6
|-supereffective|p2a: Join Pokemon RP6
|-damage|p2a: Join Pokemon RP6|83/100 par
|
|t:|1758238084
|switch|p1a: Yanmega|Yanmega, F|100/100|[from] Volt Switch
|move|p2a: Join Pokemon RP6|Sticky Web|p1a: Yanmega
|-sidestart|p1: TomRegor|move: Sticky Web
|
|upkeep
|turn|3
|
|t:|1758238096
|switch|p2a: Join Pokemon RP5|Forretress, M|100/100
|move|p1a: Yanmega|Bug Buzz|p2a: Join Pokemon RP5
|-resisted|p2a: Join Pokemon RP5
|-damage|p2a: Join Pokemon RP5|66/100
|-enditem|p1a: Yanmega|Throat Spray
|-boost|p1a: Yanmega|spa|1|[from] item: Throat Spray
|
|-ability|p1a: Yanmega|Speed Boost|boost
|-boost|p1a: Yanmega|spe|1
|upkeep
|turn|4
|
|t:|1758238120
|move|p1a: Yanmega|Air Slash|p2a: Join Pokemon RP5
|-damage|p2a: Join Pokemon RP5|0 fnt
|faint|p2a: Join Pokemon RP5
|
|-ability|p1a: Yanmega|Speed Boost|boost
|-boost|p1a: Yanmega|spe|1
|upkeep
|
|t:|1758238133
|switch|p2a: Join Pokemon RP1|Kleavor, M|100/100
|turn|5
|
|t:|1758238157
|move|p1a: Yanmega|Bug Buzz|p2a: Join Pokemon RP1
|-damage|p2a: Join Pokemon RP1|8/100
|move|p2a: Join Pokemon RP1|Stone Axe|p1a: Yanmega
|-supereffective|p1a: Yanmega
|-damage|p1a: Yanmega|0 fnt
|-sidestart|p1: TomRegor|move: Stealth Rock
|faint|p1a: Yanmega
|
|-sideend|p2: Haru Urara Fan|Reflect
|upkeep
|
|t:|1758238168
|switch|p1a: Forretress|Forretress, F|100/100
|-activate|p1a: Forretress|move: Sticky Web
|-unboost|p1a: Forretress|spe|1
|-damage|p1a: Forretress|88/100|[from] Stealth Rock
|turn|6
|
|t:|1758238185
|move|p2a: Join Pokemon RP1|U-turn|p1a: Forretress
|-resisted|p1a: Forretress
|-damage|p1a: Forretress|70/100
|
|t:|1758238188
|switch|p2a: Join Pokemon RP3|Frosmoth, F|100/100|[from] U-turn
|move|p1a: Forretress|Rapid Spin|p2a: Join Pokemon RP3
|-damage|p2a: Join Pokemon RP3|82/100
|-boost|p1a: Forretress|spe|1
|-sideend|p1: TomRegor|Stealth Rock|[from] move: Rapid Spin|[of] p1a: Forretress
|-sideend|p1: TomRegor|Sticky Web|[from] move: Rapid Spin|[of] p1a: Forretress
|
|-heal|p1a: Forretress|76/100|[from] item: Leftovers
|upkeep
|turn|7
|
|t:|1758238197
|move|p2a: Join Pokemon RP3|Quiver Dance|p2a: Join Pokemon RP3
|-boost|p2a: Join Pokemon RP3|spa|1
|-boost|p2a: Join Pokemon RP3|spd|1
|-boost|p2a: Join Pokemon RP3|spe|1
|move|p1a: Forretress|Thunder Wave|p2a: Join Pokemon RP3|[miss]
|-miss|p1a: Forretress|p2a: Join Pokemon RP3
|
|-heal|p1a: Forretress|83/100|[from] item: Leftovers
|upkeep
|turn|8
|c|☆Haru Urara Fan|srry
|
|t:|1758238206
|move|p2a: Join Pokemon RP3|Quiver Dance|p2a: Join Pokemon RP3
|-boost|p2a: Join Pokemon RP3|spa|1
|-boost|p2a: Join Pokemon RP3|spd|1
|-boost|p2a: Join Pokemon RP3|spe|1
|move|p1a: Forretress|Gyro Ball|p2a: Join Pokemon RP3
|-supereffective|p2a: Join Pokemon RP3
|-damage|p2a: Join Pokemon RP3|0 fnt
|faint|p2a: Join Pokemon RP3
|
|-heal|p1a: Forretress|89/100|[from] item: Leftovers
|upkeep
|
|t:|1758238210
|switch|p2a: Join Pokemon RP2|Scizor, F|100/100
|turn|9
|
|t:|1758238217
|move|p2a: Join Pokemon RP2|Swords Dance|p2a: Join Pokemon RP2
|-boost|p2a: Join Pokemon RP2|atk|2
|move|p1a: Forretress|Thunder Wave|p2a: Join Pokemon RP2
|-status|p2a: Join Pokemon RP2|par
|
|-heal|p1a: Forretress|95/100|[from] item: Leftovers
|upkeep
|turn|10
|
|t:|1758238230
|-terastallize|p2a: Join Pokemon RP2|Fire
|cant|p2a: Join Pokemon RP2|par
|move|p1a: Forretress|Volt Switch|p2a: Join Pokemon RP2
|-damage|p2a: Join Pokemon RP2|87/100 par
|
|t:|1758238243
|switch|p1a: Kleavor|Kleavor, M|100/100|[from] Volt Switch
|
|-heal|p2a: Join Pokemon RP2|93/100 par|[from] item: Leftovers
|upkeep
|turn|11
|
|t:|1758238274
|switch|p1a: Forretress|Forretress, F|95/100
|move|p2a: Join Pokemon RP2|Bullet Punch|p1a: Forretress
|-resisted|p1a: Forretress
|-damage|p1a: Forretress|83/100
|
|-heal|p2a: Join Pokemon RP2|99/100 par|[from] item: Leftovers
|-heal|p1a: Forretress|89/100|[from] item: Leftovers
|upkeep
|turn|12
|
|t:|1758238284
|move|p2a: Join Pokemon RP2|Tera Blast|p1a: Forretress|[anim] Tera Blast Fire
|-supereffective|p1a: Forretress
|-damage|p1a: Forretress|0 fnt
|faint|p1a: Forretress
|
|-heal|p2a: Join Pokemon RP2|100/100 par|[from] item: Leftovers
|upkeep
|
|t:|1758238305
|switch|p1a: Lokix|Lokix, M|100/100
|turn|13
|
|t:|1758238309
|move|p1a: Lokix|First Impression|p2a: Join Pokemon RP2
|-resisted|p2a: Join Pokemon RP2
|-damage|p2a: Join Pokemon RP2|32/100 par
|cant|p2a: Join Pokemon RP2|par
|
|-heal|p2a: Join Pokemon RP2|38/100 par|[from] item: Leftovers
|upkeep
|turn|14
|c|☆TomRegor|oh sorry about that one
|
|t:|1758238338
|switch|p1a: Kleavor|Kleavor, M|100/100
|cant|p2a: Join Pokemon RP2|par
|
|-heal|p2a: Join Pokemon RP2|45/100 par|[from] item: Leftovers
|upkeep
|turn|15
|
|t:|1758238347
|cant|p2a: Join Pokemon RP2|par
|move|p1a: Kleavor|Stone Axe|p2a: Join Pokemon RP2
|-supereffective|p2a: Join Pokemon RP2
|-damage|p2a: Join Pokemon RP2|0 fnt
|-sidestart|p2: Haru Urara Fan|move: Stealth Rock
|faint|p2a: Join Pokemon RP2
|
|upkeep
|c|☆Haru Urara Fan|:foxcry:
|c|☆TomRegor|That wasn't what I was going for
|c|☆Haru Urara Fan|"unfortunate doesn't begin to describe my series ..."
|c|☆Haru Urara Fan|;p
|
|t:|1758238366
|switch|p2a: Join Pokemon RP6|Araquanid, M|83/100 par
|turn|16
|
|t:|1758238370
|move|p1a: Kleavor|Stone Axe|p2a: Join Pokemon RP6|[miss]
|-miss|p1a: Kleavor|p2a: Join Pokemon RP6
|move|p2a: Join Pokemon RP6|Liquidation|p1a: Kleavor
|-supereffective|p1a: Kleavor
|-damage|p1a: Kleavor|0 fnt
|faint|p1a: Kleavor
|
|upkeep
|c|☆Haru Urara Fan|ok, we're even now ;p
|
|t:|1758238390
|switch|p1a: Scizor|Scizor, M|100/100
|turn|17
|c|☆Haru Urara Fan|think this is ggs tho
|
|t:|1758238396
|move|p1a: Scizor|Dual Wingbeat|p2a: Join Pokemon RP6
|-supereffective|p2a: Join Pokemon RP6
|-damage|p2a: Join Pokemon RP6|34/100 par
|-supereffective|p2a: Join Pokemon RP6
|-damage|p2a: Join Pokemon RP6|0 fnt
|faint|p2a: Join Pokemon RP6
|-hitcount|p2: Join Pokemon RP6|2
|
|upkeep
|
|t:|1758238400
|switch|p2a: Join Pokemon RP4|Lokix, M|100/100
|-damage|p2a: Join Pokemon RP4|76/100|[from] Stealth Rock
|turn|18
|
|t:|1758238413
|switch|p1a: Lokix|Lokix, M|100/100
|move|p2a: Join Pokemon RP4|First Impression|p1a: Lokix
|-supereffective|p1a: Lokix
|-damage|p1a: Lokix|0 fnt
|faint|p1a: Lokix
|-damage|p2a: Join Pokemon RP4|66/100|[from] item: Life Orb
|
|upkeep
|
|t:|1758238421
|switch|p1a: Scizor|Scizor, M|100/100
|turn|19
|
|t:|1758238448
|switch|p2a: Join Pokemon RP1|Kleavor, M|8/100
|move|p1a: Scizor|Bullet Punch|p2a: Join Pokemon RP1
|-supereffective|p2a: Join Pokemon RP1
|-damage|p2a: Join Pokemon RP1|0 fnt
|faint|p2a: Join Pokemon RP1
|
|upkeep
|
|t:|1758238452
|switch|p2a: Join Pokemon RP4|Lokix, M|66/100
|-damage|p2a: Join Pokemon RP4|41/100|[from] Stealth Rock
|turn|20
|
|t:|1758238458
|move|p2a: Join Pokemon RP4|First Impression|p1a: Scizor
|-resisted|p1a: Scizor
|-damage|p1a: Scizor|75/100
|-damage|p2a: Join Pokemon RP4|31/100|[from] item: Life Orb
|move|p1a: Scizor|Bullet Punch|p2a: Join Pokemon RP4
|-damage|p2a: Join Pokemon RP4|0 fnt
|faint|p2a: Join Pokemon RP4
|
|win|TomRegor
|c|☆Haru Urara Fan|gg
|c|☆TomRegor|Gg
|c|☆TomRegor|Is your Lokix Swarm? This feel like very low damage
|l|☆TomRegor
|player|p1|
