|j|☆digiwayne003
|j|☆scar_bracho
|t:|1758258431
|gametype|singles
|player|p1|digiwayne003|beauty|1294
|player|p2|scar_bracho|shadowtriad|1269
|gen|9
|tier|[Gen 9] OU
|rated|
|rule|HP Percentage Mod: HP is shown in percentages
|rule|Endless Battle Clause: Forcing endless battles is banned
|rule|Species Clause: Limit one of each Pokémon
|rule|OHKO Clause: OHKO moves are banned
|rule|Evasion Items Clause: Evasion items are banned
|rule|Evasion Moves Clause: Evasion moves are banned
|rule|Evasion Abilities Clause: Evasion abilities are banned
|rule|Sleep Moves Clause: Sleep-inducing moves are banned
|clearpoke
|poke|p1|Zoroark-Hisui, M|
|poke|p1|Araquanid, F|
|poke|p1|Okidogi, M|
|poke|p1|Great Tusk|
|poke|p1|Latios, M|
|poke|p1|Scizor, F|
|poke|p2|Veluza, M|
|poke|p2|Rillaboom, F|
|poke|p2|Hawlucha, F|
|poke|p2|Donphan, M|
|poke|p2|Ariados, M|
|poke|p2|Ambipom, M|
|teampreview
|inactive|Battle timer is ON: inactive players will automatically lose when time's up. (requested by scar_bracho)
|
|t:|1758258441
|teamsize|p1|6
|teamsize|p2|6
|start
|switch|p1a: Scizor|Scizor, F|100/100
|switch|p2a: Ariados|Ariados, M|100/100
|turn|1
|
|t:|1758258448
|move|p1a: Scizor|Knock Off|p2a: Ariados
|-damage|p2a: Ariados|57/100
|-enditem|p2a: Ariados|Focus Sash|[from] move: Knock Off|[of] p1a: Scizor
|move|p2a: Ariados|Sticky Web|p1a: Scizor
|-sidestart|p1: digiwayne003|move: Sticky Web
|
|upkeep
|turn|2
|
|t:|1758258456
|move|p1a: Scizor|U-turn|p2a: Ariados
|-resisted|p2a: Ariados
|-damage|p2a: Ariados|33/100
|
|t:|1758258458
|switch|p1a: Araquanid|Araquanid, F|100/100|[from] U-turn
|-activate|p1a: Araquanid|move: Sticky Web
|-unboost|p1a: Araquanid|spe|1
|move|p2a: Ariados|Toxic Spikes|p1a: Araquanid
|-sidestart|p1: digiwayne003|move: Toxic Spikes
|
|upkeep
|turn|3
|
|t:|1758258467
|move|p2a: Ariados|Toxic|p1a: Araquanid
|-status|p1a: Araquanid|tox
|move|p1a: Araquanid|Sticky Web|p2a: Ariados
|-sidestart|p2: scar_bracho|move: Sticky Web
|
|-damage|p1a: Araquanid|94/100 tox|[from] psn
|upkeep
|turn|4
|
|t:|1758258474
|move|p2a: Ariados|Toxic Spikes|p1a: Araquanid
|-sidestart|p1: digiwayne003|move: Toxic Spikes
|move|p1a: Araquanid|Surf|p2a: Ariados
|-damage|p2a: Ariados|0 fnt
|faint|p2a: Ariados
|
|-damage|p1a: Araquanid|82/100 tox|[from] psn
|upkeep
|inactive|scar_bracho has 120 seconds left.
|
|t:|1758258515
|switch|p2a: Ambipom|Ambipom, M|100/100
|-activate|p2a: Ambipom|move: Sticky Web
|-unboost|p2a: Ambipom|spe|1
|turn|5
|
|t:|1758258519
|move|p2a: Ambipom|Fake Out|p1a: Araquanid
|-damage|p1a: Araquanid|50/100 tox
|cant|p1a: Araquanid|flinch
|
|-damage|p1a: Araquanid|31/100 tox|[from] psn
|upkeep
|turn|6
|
|t:|1758258528
|switch|p1a: Okidogi|Okidogi, M|100/100
|-activate|p1a: Okidogi|move: Sticky Web
|-unboost|p1a: Okidogi|spe|1
|-sideend|p1: digiwayne003|move: Toxic Spikes|[of] p1a: Okidogi
|move|p2a: Ambipom|Double Hit|p1a: Okidogi
|-damage|p1a: Okidogi|79/100
|-damage|p1a: Okidogi|54/100
|-hitcount|p1a: Okidogi|2
|
|upkeep
|turn|7
|inactive|scar_bracho has 120 seconds left.
|
|t:|1758258559
|move|p2a: Ambipom|U-turn|p1a: Okidogi
|-resisted|p1a: Okidogi
|-damage|p1a: Okidogi|49/100
|
|t:|1758258562
|switch|p2a: Donphan|Donphan, M|100/100|[from] U-turn
|-activate|p2a: Donphan|move: Sticky Web
|-unboost|p2a: Donphan|spe|1
|move|p1a: Okidogi|Drain Punch|p2a: Donphan
|-damage|p2a: Donphan|76/100
|-heal|p1a: Okidogi|63/100|[from] drain|[of] p2a: Donphan
|-status|p2a: Donphan|tox|[from] ability: Toxic Chain|[of] p1a: Okidogi
|
|-damage|p2a: Donphan|70/100 tox|[from] psn
|upkeep
|turn|8
|
|t:|1758258571
|switch|p1a: Scizor|Scizor, F|100/100
|-activate|p1a: Scizor|move: Sticky Web
|-unboost|p1a: Scizor|spe|1
|move|p2a: Donphan|Rapid Spin|p1a: Scizor
|-immune|p1a: Scizor
|
|-damage|p2a: Donphan|58/100 tox|[from] psn
|upkeep
|turn|9
|inactive|scar_bracho has 120 seconds left.
|
|t:|1758258580
|move|p1a: Scizor|Shadow Ball|p2a: Donphan
|-damage|p2a: Donphan|3/100 tox
|move|p2a: Donphan|Stealth Rock|p1a: Scizor
|-sidestart|p1: digiwayne003|move: Stealth Rock
|
|-damage|p2a: Donphan|0 fnt|[from] psn
|faint|p2a: Donphan
|upkeep
|inactive|scar_bracho has 120 seconds left.
|inactive|scar_bracho has 90 seconds left.
|
|t:|1758258629
|switch|p2a: Rillaboom|Rillaboom, F|100/100
|-activate|p2a: Rillaboom|move: Sticky Web
|-unboost|p2a: Rillaboom|spe|1
|-fieldstart|move: Grassy Terrain|[from] ability: Grassy Surge|[of] p2a: Rillaboom
|turn|10
|
|t:|1758258636
|switch|p1a: Scizor|Scizor, F|100/100
|-activate|p1a: Scizor|move: Sticky Web
|-unboost|p1a: Scizor|spe|1
|-damage|p1a: Scizor|88/100|[from] Stealth Rock
|move|p2a: Rillaboom|Drum Beating|p1a: Scizor
|-resisted|p1a: Scizor
|-crit|p1a: Scizor
|-damage|p1a: Scizor|68/100
|-unboost|p1a: Scizor|spe|1
|
|-heal|p1a: Scizor|75/100|[from] Grassy Terrain
|-heal|p1a: Scizor|81/100|[from] item: Leftovers
|upkeep
|turn|11
|inactive|scar_bracho has 90 seconds left.
|
|t:|1758258645
|move|p2a: Rillaboom|Leech Seed|p1a: Scizor
|-start|p1a: Scizor|move: Leech Seed
|move|p1a: Scizor|U-turn|p2a: Rillaboom
|-supereffective|p2a: Rillaboom
|-damage|p2a: Rillaboom|23/100
|
|t:|1758258650
|switch|p1a: Great Tusk|Great Tusk|100/100|[from] U-turn
|-activate|p1a: Great Tusk|move: Sticky Web
|-unboost|p1a: Great Tusk|spe|1
|-damage|p1a: Great Tusk|98/100|[from] Stealth Rock
|-enditem|p1a: Great Tusk|Booster Energy
|-activate|p1a: Great Tusk|ability: Protosynthesis|[fromitem]
|-start|p1a: Great Tusk|protosynthesisatk
|
|-heal|p1a: Great Tusk|100/100|[from] Grassy Terrain
|-heal|p2a: Rillaboom|29/100|[from] Grassy Terrain
|upkeep
|turn|12
|
|t:|1758258657
|-terastallize|p1a: Great Tusk|Fire
|move|p1a: Great Tusk|Rapid Spin|p2a: Rillaboom
|-damage|p2a: Rillaboom|7/100
|-boost|p1a: Great Tusk|spe|1
|-sideend|p1: digiwayne003|Stealth Rock|[from] move: Rapid Spin|[of] p1a: Great Tusk
|-sideend|p1: digiwayne003|Sticky Web|[from] move: Rapid Spin|[of] p1a: Great Tusk
|move|p2a: Rillaboom|Drum Beating|p1a: Great Tusk
|-resisted|p1a: Great Tusk
|-damage|p1a: Great Tusk|81/100
|-unboost|p1a: Great Tusk|spe|1
|
|-heal|p1a: Great Tusk|87/100|[from] Grassy Terrain
|-heal|p2a: Rillaboom|13/100|[from] Grassy Terrain
|upkeep
|turn|13
|
|t:|1758258667
|switch|p2a: Veluza|Veluza, M|100/100
|-activate|p2a: Veluza|move: Sticky Web
|-unboost|p2a: Veluza|spe|1
|move|p1a: Great Tusk|Ice Spinner|p2a: Veluza
|-resisted|p2a: Veluza
|-damage|p2a: Veluza|81/100
|-fieldend|move: Grassy Terrain
|
|upkeep
|turn|14
|
|t:|1758258675
|-end|p1a: Great Tusk|Protosynthesis|[silent]
|switch|p1a: Araquanid|Araquanid, F|31/100 tox
|move|p2a: Veluza|Fillet Away|p2a: Veluza
|-boost|p2a: Veluza|atk|2
|-boost|p2a: Veluza|spa|2
|-boost|p2a: Veluza|spe|2
|-damage|p2a: Veluza|32/100
|-enditem|p2a: Veluza|Sitrus Berry|[eat]
|-heal|p2a: Veluza|57/100|[from] item: Sitrus Berry
|
|-damage|p1a: Araquanid|25/100 tox|[from] psn
|upkeep
|turn|15
|-enditem|p1a: Araquanid|Custap Berry|[eat]
|-activate|p1a: Araquanid|item: Custap Berry|[consumed]
|
|t:|1758258681
|move|p1a: Araquanid|Endeavor|p2a: Veluza
|-damage|p2a: Veluza|27/100
|move|p2a: Veluza|Psycho Cut|p1a: Araquanid
|-damage|p1a: Araquanid|0 fnt
|faint|p1a: Araquanid
|
|upkeep
|
|t:|1758258690
|switch|p1a: Scizor|Scizor, F|100/100
|turn|16
|
|t:|1758258694
|move|p2a: Veluza|Aqua Cutter|p1a: Scizor
|-enditem|p1a: Scizor|Focus Sash
|-damage|p1a: Scizor|1/100
|replace|p1a: Zoroark|Zoroark-Hisui, M
|-end|p1a: Zoroark|Illusion
|move|p1a: Zoroark|Shadow Ball|p2a: Veluza
|-supereffective|p2a: Veluza
|-damage|p2a: Veluza|0 fnt
|faint|p2a: Veluza
|
|upkeep
|
|t:|1758258700
|switch|p2a: Hawlucha|Hawlucha, F|100/100
|turn|17
|
|t:|1758258718
|move|p1a: Zoroark|Shadow Ball|p2a: Hawlucha
|-damage|p2a: Hawlucha|32/100
|move|p2a: Hawlucha|Swords Dance|p2a: Hawlucha
|-boost|p2a: Hawlucha|atk|2
|
|upkeep
|turn|18
|
|t:|1758258723
|move|p1a: Zoroark|Shadow Ball|p2a: Hawlucha
|-crit|p2a: Hawlucha
|-damage|p2a: Hawlucha|0 fnt
|faint|p2a: Hawlucha
|
|upkeep
|-message|scar_bracho forfeited.
|
|win|digiwayne003
|raw|digiwayne003's rating: 1294 &rarr; <strong>1317</strong><br />(+23 for winning)
|raw|scar_bracho's rating: 1269 &rarr; <strong>1246</strong><br />(-23 for losing)
|l|☆scar_bracho
|player|p2|
|l|☆digiwayne003
|player|p1|
