|j|☆Caesar nivis
|j|☆Argentide
|t:|1758275621
|gametype|singles
|player|p1|Caesar nivis|lance|1390
|player|p2|Argentide|lady|1439
|gen|9
|tier|[Gen 9] OU
|rated|
|rule|HP Percentage Mod: HP is shown in percentages
|rule|Endless Battle Clause: Forcing endless battles is banned
|rule|Species Clause: Limit one of each Pokémon
|rule|OHKO Clause: OHKO moves are banned
|rule|Evasion Items Clause: Evasion items are banned
|rule|Evasion Moves Clause: Evasion moves are banned
|rule|Evasion Abilities Clause: Evasion abilities are banned
|rule|Sleep Moves Clause: Sleep-inducing moves are banned
|clearpoke
|poke|p1|Ninetales-Alola, M|
|poke|p1|Ursaluna, M|
|poke|p1|Moltres-Galar|
|poke|p1|Iron Treads|
|poke|p1|Glastrier|
|poke|p1|Dondozo, M|
|poke|p2|Ditto|
|poke|p2|Landorus-Therian, M|
|poke|p2|Dragonite, F|
|poke|p2|Iron Moth|
|poke|p2|Ogerpon-Wellspring, F|
|poke|p2|Scizor, F|
|teampreview
|inactive|Battle timer is ON: inactive players will automatically lose when time's up. (requested by Caesar nivis)
|
|t:|1758275638
|teamsize|p1|6
|teamsize|p2|6
|start
|switch|p1a: Iron Treads|Iron Treads|100/100
|switch|p2a: Landorus|Landorus-Therian, M|100/100
|-ability|p2a: Landorus|Intimidate|boost
|-unboost|p1a: Iron Treads|atk|1
|turn|1
|
|t:|1758275644
|move|p2a: Landorus|Earthquake|p1a: Iron Treads
|-supereffective|p1a: Iron Treads
|-damage|p1a: Iron Treads|0 fnt
|faint|p1a: Iron Treads
|-end|p1a: Iron Treads|Quark Drive|[silent]
|
|upkeep
|
|t:|1758275647
|switch|p1a: Ninetales|Ninetales-Alola, M|100/100
|-weather|Snowscape|[from] ability: Snow Warning|[of] p1a: Ninetales
|turn|2
|
|t:|1758275649
|move|p2a: Landorus|Earthquake|p1a: Ninetales
|-damage|p1a: Ninetales|38/100
|move|p1a: Ninetales|Aurora Veil|p1a: Ninetales
|-sidestart|p1: Caesar nivis|move: Aurora Veil
|
|-weather|Snowscape|[upkeep]
|upkeep
|turn|3
|
|t:|1758275652
|move|p2a: Landorus|Earthquake|p1a: Ninetales
|-damage|p1a: Ninetales|5/100
|move|p1a: Ninetales|Freeze-Dry|p2a: Landorus
|-supereffective|p2a: Landorus
|-damage|p2a: Landorus|0 fnt
|faint|p2a: Landorus
|
|-weather|Snowscape|[upkeep]
|upkeep
|
|t:|1758275660
|switch|p2a: Ditto|Ditto|100/100
|-transform|p2a: Ditto|p1a: Ninetales|[from] ability: Imposter
|turn|4
|
|t:|1758275670
|switch|p1a: Ursaluna|Ursaluna, M|100/100
|move|p2a: Ditto|Aurora Veil|p2a: Ditto
|-sidestart|p2: Argentide|move: Aurora Veil
|
|-weather|Snowscape|[upkeep]
|-status|p1a: Ursaluna|brn|[from] item: Flame Orb
|upkeep
|turn|5
|
|t:|1758275678
|switch|p2a: Scizor|Scizor, F|100/100
|move|p1a: Ursaluna|Facade|p2a: Scizor
|-resisted|p2a: Scizor
|-damage|p2a: Scizor|68/100
|
|-weather|Snowscape|[upkeep]
|-damage|p1a: Ursaluna|94/100 brn|[from] brn
|upkeep
|turn|6
|
|t:|1758275686
|move|p2a: Scizor|Bullet Punch|p1a: Ursaluna
|-damage|p1a: Ursaluna|82/100 brn
|move|p1a: Ursaluna|Earthquake|p2a: Scizor
|-damage|p2a: Scizor|25/100
|-enditem|p2a: Scizor|Sitrus Berry|[eat]
|-heal|p2a: Scizor|50/100|[from] item: Sitrus Berry
|
|-weather|none
|-damage|p1a: Ursaluna|76/100 brn|[from] brn
|upkeep
|turn|7
|
|t:|1758275693
|move|p2a: Scizor|U-turn|p1a: Ursaluna
|-damage|p1a: Ursaluna|61/100 brn
|
|t:|1758275696
|switch|p2a: Dragonite|Dragonite, F|100/100|[from] U-turn
|move|p1a: Ursaluna|Earthquake|p2a: Dragonite
|-immune|p2a: Dragonite
|
|-damage|p1a: Ursaluna|55/100 brn|[from] brn
|upkeep
|turn|8
|
|t:|1758275706
|switch|p1a: Dondozo|Dondozo, M|100/100
|-terastallize|p2a: Dragonite|Normal
|move|p2a: Dragonite|Extreme Speed|p1a: Dondozo
|-damage|p1a: Dondozo|84/100
|
|-heal|p1a: Dondozo|90/100|[from] item: Leftovers
|-sideend|p2: Argentide|move: Aurora Veil
|upkeep
|turn|9
|
|t:|1758275722
|switch|p2a: Scizor|Scizor, F|50/100
|move|p1a: Dondozo|Crunch|p2a: Scizor
|-damage|p2a: Scizor|32/100
|
|-heal|p1a: Dondozo|96/100|[from] item: Leftovers
|-sideend|p1: Caesar nivis|move: Aurora Veil
|upkeep
|turn|10
|
|t:|1758275734
|move|p2a: Scizor|Knock Off|p1a: Dondozo
|-damage|p1a: Dondozo|80/100
|-enditem|p1a: Dondozo|Leftovers|[from] move: Knock Off|[of] p2a: Scizor
|move|p1a: Dondozo|Body Press|p2a: Scizor
|-damage|p2a: Scizor|2/100
|
|upkeep
|turn|11
|inactive|Argentide has 120 seconds left.
|inactive|Argentide has 90 seconds left.
|j| GraphLegion
|inactive|Argentide has 60 seconds left.
|inactive|Argentide has 30 seconds left.
|inactive|Argentide has 20 seconds left.
|inactive|Argentide has 15 seconds left.
|inactive|Argentide has 10 seconds left.
|inactive|Argentide has 5 seconds left.
|
|t:|1758275879
|move|p2a: Scizor|Bullet Punch|p1a: Dondozo
|-resisted|p1a: Dondozo
|-damage|p1a: Dondozo|72/100
|move|p1a: Dondozo|Crunch|p2a: Scizor
|-damage|p2a: Scizor|0 fnt
|faint|p2a: Scizor
|
|upkeep
|inactive|Argentide has 10 seconds left this turn.
|inactive|Argentide has 5 seconds left.
|
|t:|1758275886
|switch|p2a: Ogerpon|Ogerpon-Wellspring, F|100/100
|turn|12
|inactive|Argentide has 15 seconds left this turn.
|
|t:|1758275891
|switch|p1a: Ninetales|Ninetales-Alola, M|5/100
|-weather|Snowscape|[from] ability: Snow Warning|[of] p1a: Ninetales
|move|p2a: Ogerpon|Power Whip|p1a: Ninetales|[miss]
|-miss|p2a: Ogerpon|p1a: Ninetales
|
|-weather|Snowscape|[upkeep]
|upkeep
|turn|13
|inactive|Argentide has 25 seconds left this turn.
|inactive|Argentide has 20 seconds left.
|
|t:|1758275898
|move|p2a: Ogerpon|Ivy Cudgel|p1a: Ninetales|[anim] Ivy Cudgel Water
|-damage|p1a: Ninetales|0 fnt
|faint|p1a: Ninetales
|
|-weather|Snowscape|[upkeep]
|upkeep
|
|t:|1758275900
|switch|p1a: Glastrier|Glastrier|100/100
|turn|14
|
|t:|1758275904
|switch|p2a: Iron Moth|Iron Moth|100/100
|-enditem|p2a: Iron Moth|Booster Energy
|-activate|p2a: Iron Moth|ability: Quark Drive|[fromitem]
|-start|p2a: Iron Moth|quarkdrivespe
|move|p1a: Glastrier|Avalanche|p2a: Iron Moth
|-resisted|p2a: Iron Moth
|-damage|p2a: Iron Moth|75/100
|
|-weather|Snowscape|[upkeep]
|upkeep
|turn|15
|
|t:|1758275912
|-terastallize|p1a: Glastrier|Water
|move|p2a: Iron Moth|Fiery Dance|p1a: Glastrier
|-resisted|p1a: Glastrier
|-damage|p1a: Glastrier|91/100
|-boost|p2a: Iron Moth|spa|1
|move|p1a: Glastrier|High Horsepower|p2a: Iron Moth
|-supereffective|p2a: Iron Moth
|-damage|p2a: Iron Moth|0 fnt
|faint|p2a: Iron Moth
|-end|p2a: Iron Moth|Quark Drive|[silent]
|-ability|p1a: Glastrier|Chilling Neigh|boost
|-boost|p1a: Glastrier|atk|1
|
|-weather|Snowscape|[upkeep]
|upkeep
|
|t:|1758275919
|switch|p2a: Ogerpon|Ogerpon-Wellspring, F|100/100
|turn|16
|
|t:|1758275922
|move|p2a: Ogerpon|Power Whip|p1a: Glastrier
|-supereffective|p1a: Glastrier
|-damage|p1a: Glastrier|0 fnt
|faint|p1a: Glastrier
|
|-weather|none
|upkeep
|
|t:|1758275925
|switch|p1a: Moltres|Moltres-Galar|100/100
|turn|17
|
|t:|1758275928
|switch|p2a: Ditto|Ditto|100/100
|-transform|p2a: Ditto|p1a: Moltres|[from] ability: Imposter
|move|p1a: Moltres|Air Slash|p2a: Ditto
|-damage|p2a: Ditto|67/100
|
|upkeep
|turn|18
|
|t:|1758275935
|move|p2a: Ditto|Fiery Wrath|p1a: Moltres
|-resisted|p1a: Moltres
|-damage|p1a: Moltres|80/100
|move|p1a: Moltres|Agility|p1a: Moltres
|-boost|p1a: Moltres|spe|2
|
|-heal|p1a: Moltres|86/100|[from] item: Leftovers
|upkeep
|turn|19
|
|t:|1758275941
|switch|p2a: Dragonite|Dragonite, F, tera:Normal|100/100
|move|p1a: Moltres|Nasty Plot|p1a: Moltres
|-boost|p1a: Moltres|spa|2
|
|-heal|p1a: Moltres|93/100|[from] item: Leftovers
|upkeep
|turn|20
|
|t:|1758275948
|switch|p1a: Dondozo|Dondozo, M|72/100
|move|p2a: Dragonite|Extreme Speed|p1a: Dondozo
|-damage|p1a: Dondozo|39/100
|
|upkeep
|turn|21
|
|t:|1758275957
|move|p2a: Dragonite|Extreme Speed|p1a: Dondozo
|-damage|p1a: Dondozo|7/100
|move|p1a: Dondozo|Curse|p1a: Dondozo
|-unboost|p1a: Dondozo|spe|1
|-boost|p1a: Dondozo|atk|1
|-boost|p1a: Dondozo|def|1
|
|upkeep
|turn|22
|
|t:|1758275962
|move|p2a: Dragonite|Extreme Speed|p1a: Dondozo
|-damage|p1a: Dondozo|0 fnt
|faint|p1a: Dondozo
|
|upkeep
|
|t:|1758275963
|switch|p1a: Ursaluna|Ursaluna, M|55/100 brn
|turn|23
|
|t:|1758275965
|move|p2a: Dragonite|Extreme Speed|p1a: Ursaluna
|-crit|p1a: Ursaluna
|-damage|p1a: Ursaluna|0 fnt
|faint|p1a: Ursaluna
|
|upkeep
|
|t:|1758275968
|switch|p1a: Moltres|Moltres-Galar|93/100
|turn|24
|
|t:|1758275970
|move|p2a: Dragonite|Extreme Speed|p1a: Moltres
|-damage|p1a: Moltres|13/100
|-ability|p1a: Moltres|Berserk|boost
|-boost|p1a: Moltres|spa|1
|move|p1a: Moltres|Fiery Wrath|p2a: Dragonite
|-crit|p2a: Dragonite
|-damage|p2a: Dragonite|52/100
|
|-heal|p1a: Moltres|19/100|[from] item: Leftovers
|upkeep
|turn|25
|
|t:|1758275974
|move|p2a: Dragonite|Extreme Speed|p1a: Moltres
|-damage|p1a: Moltres|0 fnt
|faint|p1a: Moltres
|
|win|Argentide
|raw|Caesar nivis's rating: 1390 &rarr; <strong>1373</strong><br />(-17 for losing)
|raw|Argentide's rating: 1439 &rarr; <strong>1456</strong><br />(+17 for winning)
|l|☆Caesar nivis
|player|p1|
|l|☆Argentide
|player|p2|
