|j|☆RoddyJ
|j|☆mongwong
|t:|1758236113
|gametype|singles
|player|p1|RoddyJ|ethan|1515
|player|p2|mongwong|silver-gen2|1512
|gen|9
|tier|[Gen 9] OU
|rated|
|rule|HP Percentage Mod: HP is shown in percentages
|rule|Endless Battle Clause: Forcing endless battles is banned
|rule|Species Clause: Limit one of each Pokémon
|rule|OHKO Clause: OHKO moves are banned
|rule|Evasion Items Clause: Evasion items are banned
|rule|Evasion Moves Clause: Evasion moves are banned
|rule|Evasion Abilities Clause: Evasion abilities are banned
|rule|Sleep Moves Clause: Sleep-inducing moves are banned
|clearpoke
|poke|p1|Iron Crown|
|poke|p1|Articuno-Galar|
|poke|p1|Blaziken, F|
|poke|p1|Dragapult, F|
|poke|p1|Kyurem|
|poke|p1|Glimmora, M|
|poke|p2|Indeedee, M|
|poke|p2|Hawlucha, F|
|poke|p2|Fezandipiti, M|
|poke|p2|Iron Treads|
|poke|p2|Araquanid, M|
|poke|p2|Quaquaval, M|
|teampreview
|inactive|Battle timer is ON: inactive players will automatically lose when time's up. (requested by RoddyJ)
|inactive|RoddyJ has 120 seconds left.
|
|t:|1758236172
|teamsize|p1|6
|teamsize|p2|6
|start
|switch|p1a: Dragapult|Dragapult, F, shiny|100/100
|switch|p2a: Fezandipiti|Fezandipiti, M|100/100
|turn|1
|
|t:|1758236180
|move|p1a: Dragapult|U-turn|p2a: Fezandipiti
|-resisted|p2a: Fezandipiti
|-damage|p2a: Fezandipiti|91/100
|
|t:|1758236187
|switch|p1a: Iron Crown|Iron Crown|100/100|[from] U-turn
|move|p2a: Fezandipiti|U-turn|p1a: Iron Crown
|-damage|p1a: Iron Crown|89/100
|
|t:|1758236205
|switch|p2a: Araquanid|Araquanid, M|100/100|[from] U-turn
|
|upkeep
|turn|2
|
|t:|1758236209
|move|p1a: Iron Crown|Calm Mind|p1a: Iron Crown
|-boost|p1a: Iron Crown|spa|1
|-boost|p1a: Iron Crown|spd|1
|move|p2a: Araquanid|Sticky Web|p1a: Iron Crown
|-sidestart|p1: RoddyJ|move: Sticky Web
|
|upkeep
|turn|3
|
|t:|1758236223
|move|p1a: Iron Crown|Agility|p1a: Iron Crown
|-boost|p1a: Iron Crown|spe|2
|move|p2a: Araquanid|Liquidation|p1a: Iron Crown
|-damage|p1a: Iron Crown|27/100
|
|upkeep
|turn|4
|
|t:|1758236229
|move|p1a: Iron Crown|Stored Power|p2a: Araquanid
|-damage|p2a: Araquanid|52/100
|move|p2a: Araquanid|Liquidation|p1a: Iron Crown
|-damage|p1a: Iron Crown|0 fnt
|faint|p1a: Iron Crown
|-end|p1a: Iron Crown|Quark Drive|[silent]
|
|upkeep
|
|t:|1758236235
|switch|p1a: Dragapult|Dragapult, F, shiny|100/100
|-activate|p1a: Dragapult|move: Sticky Web
|-fail|p1a: Dragapult|unboost|[from] ability: Clear Body|[of] p1a: Dragapult
|turn|5
|
|t:|1758236239
|move|p1a: Dragapult|Dragon Darts|p2a: Araquanid
|-damage|p2a: Araquanid|6/100
|-anim|p1a: Dragapult|Dragon Darts|p2a: Araquanid
|-damage|p2a: Araquanid|0 fnt
|faint|p2a: Araquanid
|
|upkeep
|
|t:|1758236242
|switch|p2a: Fezandipiti|Fezandipiti, M|91/100
|turn|6
|
|t:|1758236247
|switch|p1a: Glimmora|Glimmora, M, shiny|100/100
|-item|p1a: Glimmora|Air Balloon
|move|p2a: Fezandipiti|Moonblast|p1a: Glimmora
|-resisted|p1a: Glimmora
|-damage|p1a: Glimmora|76/100
|-enditem|p1a: Glimmora|Air Balloon
|
|upkeep
|turn|7
|
|t:|1758236256
|switch|p2a: Iron Treads|Iron Treads|100/100
|move|p1a: Glimmora|Earth Power|p2a: Iron Treads
|-supereffective|p2a: Iron Treads
|-damage|p2a: Iron Treads|27/100
|
|upkeep
|turn|8
|
|t:|1758236261
|move|p1a: Glimmora|Earth Power|p2a: Iron Treads
|-supereffective|p2a: Iron Treads
|-damage|p2a: Iron Treads|0 fnt
|faint|p2a: Iron Treads
|-end|p2a: Iron Treads|Quark Drive|[silent]
|
|upkeep
|
|t:|1758236264
|switch|p2a: Indeedee|Indeedee, M|100/100
|-fieldstart|move: Psychic Terrain|[from] ability: Psychic Surge|[of] p2a: Indeedee
|turn|9
|
|t:|1758236268
|move|p2a: Indeedee|Expanding Force|p1a: Glimmora
|-supereffective|p1a: Glimmora
|-damage|p1a: Glimmora|0 fnt
|faint|p1a: Glimmora
|
|upkeep
|
|t:|1758236274
|switch|p1a: Dragapult|Dragapult, F, shiny|100/100
|-activate|p1a: Dragapult|move: Sticky Web
|-fail|p1a: Dragapult|unboost|[from] ability: Clear Body|[of] p1a: Dragapult
|turn|10
|
|t:|1758236278
|switch|p2a: Fezandipiti|Fezandipiti, M|91/100
|move|p1a: Dragapult|U-turn|p2a: Fezandipiti
|-resisted|p2a: Fezandipiti
|-damage|p2a: Fezandipiti|81/100
|
|t:|1758236284
|switch|p1a: Articuno|Articuno-Galar, shiny|100/100|[from] U-turn
|
|upkeep
|turn|11
|
|t:|1758236288
|move|p1a: Articuno|Agility|p1a: Articuno
|-boost|p1a: Articuno|spe|2
|move|p2a: Fezandipiti|U-turn|p1a: Articuno
|-damage|p1a: Articuno|86/100
|-status|p1a: Articuno|tox|[from] ability: Toxic Chain|[of] p2a: Fezandipiti
|
|t:|1758236294
|switch|p2a: Hawlucha|Hawlucha, F|100/100|[from] U-turn
|-enditem|p2a: Hawlucha|Psychic Seed
|-boost|p2a: Hawlucha|spd|1|[from] item: Psychic Seed
|
|-damage|p1a: Articuno|80/100 tox|[from] psn
|upkeep
|turn|12
|
|t:|1758236298
|move|p2a: Hawlucha|Acrobatics|p1a: Articuno
|-damage|p1a: Articuno|31/100 tox
|move|p1a: Articuno|Calm Mind|p1a: Articuno
|-boost|p1a: Articuno|spa|1
|-boost|p1a: Articuno|spd|1
|
|-damage|p1a: Articuno|19/100 tox|[from] psn
|upkeep
|turn|13
|
|t:|1758236301
|move|p2a: Hawlucha|Acrobatics|p1a: Articuno
|-damage|p1a: Articuno|0 fnt
|faint|p1a: Articuno
|
|upkeep
|
|t:|1758236306
|switch|p1a: Kyurem|Kyurem, shiny|100/100
|-activate|p1a: Kyurem|move: Sticky Web
|-unboost|p1a: Kyurem|spe|1
|-ability|p1a: Kyurem|Pressure
|turn|14
|
|t:|1758236309
|move|p2a: Hawlucha|Close Combat|p1a: Kyurem
|-supereffective|p1a: Kyurem
|-damage|p1a: Kyurem|2/100
|-unboost|p2a: Hawlucha|def|1
|-unboost|p2a: Hawlucha|spd|1
|move|p1a: Kyurem|Ice Beam|p2a: Hawlucha
|-supereffective|p2a: Hawlucha
|-damage|p2a: Hawlucha|0 fnt
|faint|p2a: Hawlucha
|
|upkeep
|
|t:|1758236311
|switch|p2a: Quaquaval|Quaquaval, M|100/100
|turn|15
|
|t:|1758236317
|switch|p1a: Dragapult|Dragapult, F, shiny|100/100
|-activate|p1a: Dragapult|move: Sticky Web
|-fail|p1a: Dragapult|unboost|[from] ability: Clear Body|[of] p1a: Dragapult
|move|p2a: Quaquaval|Aqua Step|p1a: Dragapult
|-resisted|p1a: Dragapult
|-damage|p1a: Dragapult|73/100
|-boost|p2a: Quaquaval|spe|1
|
|upkeep
|turn|16
|
|t:|1758236322
|move|p2a: Quaquaval|Ice Spinner|p1a: Dragapult
|-supereffective|p1a: Dragapult
|-damage|p1a: Dragapult|0 fnt
|-fieldend|move: Psychic Terrain
|faint|p1a: Dragapult
|-ability|p2a: Quaquaval|Moxie|boost
|-boost|p2a: Quaquaval|atk|1
|
|upkeep
|
|t:|1758236325
|switch|p1a: Blaziken|Blaziken, F, shiny|100/100
|-activate|p1a: Blaziken|move: Sticky Web
|-unboost|p1a: Blaziken|spe|1
|turn|17
|
|t:|1758236327
|move|p2a: Quaquaval|Aqua Step|p1a: Blaziken
|-supereffective|p1a: Blaziken
|-enditem|p1a: Blaziken|Focus Sash
|-damage|p1a: Blaziken|1/100
|-boost|p2a: Quaquaval|spe|1
|move|p1a: Blaziken|Swords Dance|p1a: Blaziken
|-boost|p1a: Blaziken|atk|2
|
|-ability|p1a: Blaziken|Speed Boost|boost
|-boost|p1a: Blaziken|spe|1
|upkeep
|turn|18
|
|t:|1758236337
|move|p1a: Blaziken|Endure|p1a: Blaziken
|-singleturn|p1a: Blaziken|move: Endure
|move|p2a: Quaquaval|Aqua Step|p1a: Blaziken
|-supereffective|p1a: Blaziken
|-activate|p1a: Blaziken|move: Endure
|-damage|p1a: Blaziken|1/100
|-boost|p2a: Quaquaval|spe|1
|
|-ability|p1a: Blaziken|Speed Boost|boost
|-boost|p1a: Blaziken|spe|1
|upkeep
|turn|19
|
|t:|1758236342
|move|p2a: Quaquaval|Aqua Step|p1a: Blaziken
|-supereffective|p1a: Blaziken
|-damage|p1a: Blaziken|0 fnt
|-boost|p2a: Quaquaval|spe|1
|faint|p1a: Blaziken
|-ability|p2a: Quaquaval|Moxie|boost
|-boost|p2a: Quaquaval|atk|1
|
|upkeep
|-message|RoddyJ forfeited.
|
|win|mongwong
|raw|RoddyJ's rating: 1515 &rarr; <strong>1495</strong><br />(-20 for losing)
|raw|mongwong's rating: 1512 &rarr; <strong>1532</strong><br />(+20 for winning)
|l|☆RoddyJ
|player|p1|
|l|☆mongwong
|player|p2|
