|j|☆smurtgurt
|j|☆321g
|t:|1758255655
|gametype|singles
|player|p1|smurtgurt|unknown|1297
|player|p2|321g|266|1346
|gen|9
|tier|[Gen 9] OU
|rated|
|rule|HP Percentage Mod: HP is shown in percentages
|rule|Endless Battle Clause: Forcing endless battles is banned
|rule|Species Clause: Limit one of each Pokémon
|rule|OHKO Clause: OHKO moves are banned
|rule|Evasion Items Clause: Evasion items are banned
|rule|Evasion Moves Clause: Evasion moves are banned
|rule|Evasion Abilities Clause: Evasion abilities are banned
|rule|Sleep Moves Clause: Sleep-inducing moves are banned
|clearpoke
|poke|p1|Tyranitar, M|
|poke|p1|Scyther, F|
|poke|p1|Diancie|
|poke|p1|Clodsire, F|
|poke|p1|Garganacl, F|
|poke|p1|Glimmora, F|
|poke|p2|Alomomola, M|
|poke|p2|Araquanid, F|
|poke|p2|Ceruledge, M|
|poke|p2|Cinderace, M|
|poke|p2|Clefable, F|
|poke|p2|Corviknight, F|
|teampreview
|
|t:|1758255691
|teamsize|p1|6
|teamsize|p2|6
|start
|switch|p1a: Scyther|Scyther, F|100/100
|switch|p2a: Corviknight|Corviknight, F|100/100
|turn|1
|
|t:|1758255703
|switch|p1a: Tyranitar|Tyranitar, M|100/100
|-weather|Sandstorm|[from] ability: Sand Stream|[of] p1a: Tyranitar
|move|p2a: Corviknight|U-turn|p1a: Tyranitar
|-supereffective|p1a: Tyranitar
|-damage|p1a: Tyranitar|62/100
|inactive|Battle timer is ON: inactive players will automatically lose when time's up. (requested by smurtgurt)
|
|t:|1758255733
|switch|p2a: Alomomola|Alomomola, M|100/100|[from] U-turn
|
|-weather|Sandstorm|[upkeep]
|-damage|p2a: Alomomola|94/100|[from] Sandstorm
|-heal|p1a: Tyranitar|69/100|[from] item: Leftovers
|upkeep
|turn|2
|
|t:|1758255738
|move|p2a: Alomomola|Chilling Water|p1a: Tyranitar
|-supereffective|p1a: Tyranitar
|-damage|p1a: Tyranitar|59/100
|-unboost|p1a: Tyranitar|atk|1
|move|p1a: Tyranitar|Stealth Rock|p2a: Alomomola
|-sidestart|p2: 321g|move: Stealth Rock
|
|-weather|Sandstorm|[upkeep]
|-damage|p2a: Alomomola|88/100|[from] Sandstorm
|-heal|p1a: Tyranitar|65/100|[from] item: Leftovers
|upkeep
|turn|3
|
|t:|1758255743
|move|p2a: Alomomola|Wish|p2a: Alomomola
|move|p1a: Tyranitar|Knock Off|p2a: Alomomola
|-damage|p2a: Alomomola|74/100
|-damage|p1a: Tyranitar|49/100|[from] item: Rocky Helmet|[of] p2a: Alomomola
|-enditem|p2a: Alomomola|Rocky Helmet|[from] move: Knock Off|[of] p1a: Tyranitar
|
|-weather|Sandstorm|[upkeep]
|-damage|p2a: Alomomola|68/100|[from] Sandstorm
|-heal|p1a: Tyranitar|55/100|[from] item: Leftovers
|upkeep
|turn|4
|
|t:|1758255750
|move|p1a: Tyranitar|Protect|p1a: Tyranitar
|-singleturn|p1a: Tyranitar|Protect
|move|p2a: Alomomola|Flip Turn|p1a: Tyranitar
|-activate|p1a: Tyranitar|move: Protect
|
|-weather|Sandstorm|[upkeep]
|-damage|p2a: Alomomola|62/100|[from] Sandstorm
|-heal|p2a: Alomomola|100/100|[from] move: Wish|[wisher] Alomomola
|-heal|p1a: Tyranitar|61/100|[from] item: Leftovers
|upkeep
|turn|5
|
|t:|1758255762
|move|p2a: Alomomola|Chilling Water|p1a: Tyranitar
|-supereffective|p1a: Tyranitar
|-damage|p1a: Tyranitar|53/100
|-unboost|p1a: Tyranitar|atk|1
|move|p1a: Tyranitar|Knock Off|p2a: Alomomola
|-damage|p2a: Alomomola|92/100
|
|-weather|none
|-heal|p1a: Tyranitar|59/100|[from] item: Leftovers
|upkeep
|turn|6
|
|t:|1758255771
|switch|p1a: Garganacl|Garganacl, F|100/100
|move|p2a: Alomomola|Wish|p2a: Alomomola
|
|upkeep
|turn|7
|inactive|321g has 120 seconds left.
|
|t:|1758255812
|move|p2a: Alomomola|Flip Turn|p1a: Garganacl
|-supereffective|p1a: Garganacl
|-damage|p1a: Garganacl|86/100
|
|t:|1758255814
|switch|p2a: Araquanid|Araquanid, F|100/100|[from] Flip Turn
|-damage|p2a: Araquanid|76/100|[from] Stealth Rock
|move|p1a: Garganacl|Salt Cure|p2a: Araquanid
|-supereffective|p2a: Araquanid
|-damage|p2a: Araquanid|46/100
|-start|p2a: Araquanid|Salt Cure
|
|-heal|p2a: Araquanid|100/100|[from] move: Wish|[wisher] Alomomola
|-damage|p2a: Araquanid|76/100|[from] Salt Cure
|upkeep
|turn|8
|
|t:|1758255832
|-terastallize|p1a: Garganacl|Flying
|move|p2a: Araquanid|Surf|p1a: Garganacl
|-damage|p1a: Garganacl|37/100
|-enditem|p1a: Garganacl|Maranga Berry|[eat]
|-boost|p1a: Garganacl|spd|1|[from] item: Maranga Berry
|move|p1a: Garganacl|Recover|p1a: Garganacl
|-heal|p1a: Garganacl|87/100
|
|-damage|p2a: Araquanid|51/100|[from] Salt Cure
|upkeep
|turn|9
|inactive|321g has 120 seconds left.
|inactive|321g has 90 seconds left.
|
|t:|1758255881
|switch|p2a: Ceruledge|Ceruledge, M|100/100
|-damage|p2a: Ceruledge|76/100|[from] Stealth Rock
|move|p1a: Garganacl|Salt Cure|p2a: Ceruledge
|-supereffective|p2a: Ceruledge
|-damage|p2a: Ceruledge|32/100
|-start|p2a: Ceruledge|Salt Cure
|-ability|p2a: Ceruledge|Weak Armor|boost
|-unboost|p2a: Ceruledge|def|1
|-boost|p2a: Ceruledge|spe|2
|
|-damage|p2a: Ceruledge|20/100|[from] Salt Cure
|upkeep
|turn|10
|
|t:|1758255894
|move|p2a: Ceruledge|Bitter Blade|p1a: Garganacl
|-damage|p1a: Garganacl|62/100
|-heal|p2a: Ceruledge|38/100|[from] drain|[of] p1a: Garganacl
|move|p1a: Garganacl|Recover|p1a: Garganacl
|-heal|p1a: Garganacl|100/100
|
|-damage|p2a: Ceruledge|25/100|[from] Salt Cure
|upkeep
|turn|11
|
|t:|1758255903
|move|p2a: Ceruledge|Destiny Bond|p2a: Ceruledge
|-singlemove|p2a: Ceruledge|Destiny Bond
|move|p1a: Garganacl|Salt Cure|p2a: Ceruledge
|-supereffective|p2a: Ceruledge
|-damage|p2a: Ceruledge|0 fnt
|faint|p2a: Ceruledge
|-activate|p2a: Ceruledge|move: Destiny Bond
|faint|p1a: Garganacl
|
|upkeep
|
|t:|1758255918
|switch|p2a: Cinderace|Cinderace, M|100/100
|switch|p1a: Glimmora|Glimmora, F|100/100
|-item|p1a: Glimmora|Air Balloon
|turn|12
|inactive|321g has 90 seconds left.
|
|t:|1758255938
|move|p2a: Cinderace|U-turn|p1a: Glimmora
|-start|p2a: Cinderace|typechange|Bug|[from] ability: Libero
|-resisted|p1a: Glimmora
|-damage|p1a: Glimmora|88/100
|-enditem|p1a: Glimmora|Air Balloon
|inactive|321g has 90 seconds left.
|
|t:|1758255948
|switch|p2a: Corviknight|Corviknight, F|100/100|[from] U-turn
|-damage|p2a: Corviknight|88/100|[from] Stealth Rock
|move|p1a: Glimmora|Toxic|p2a: Corviknight
|-status|p2a: Corviknight|tox
|
|-damage|p2a: Corviknight|82/100 tox|[from] psn
|upkeep
|turn|13
|
|t:|1758255957
|-terastallize|p2a: Corviknight|Ground
|move|p1a: Glimmora|Spiky Shield|p1a: Glimmora
|-singleturn|p1a: Glimmora|move: Protect
|move|p2a: Corviknight|Tera Blast|p1a: Glimmora|[anim] Tera Blast Ground
|-activate|p1a: Glimmora|move: Protect
|
|-damage|p2a: Corviknight|70/100 tox|[from] psn
|upkeep
|turn|14
|
|t:|1758255966
|switch|p2a: Alomomola|Alomomola, M|100/100
|-damage|p2a: Alomomola|88/100|[from] Stealth Rock
|switch|p1a: Scyther|Scyther, F|100/100
|
|upkeep
|turn|15
|
|t:|1758255971
|move|p1a: Scyther|Swords Dance|p1a: Scyther
|-boost|p1a: Scyther|atk|2
|move|p2a: Alomomola|Chilling Water|p1a: Scyther
|-damage|p1a: Scyther|94/100
|-unboost|p1a: Scyther|atk|1
|
|upkeep
|turn|16
|
|t:|1758255978
|move|p1a: Scyther|Swords Dance|p1a: Scyther
|-boost|p1a: Scyther|atk|2
|move|p2a: Alomomola|Alluring Voice|p1a: Scyther
|-damage|p1a: Scyther|87/100
|-start|p1a: Scyther|confusion
|
|upkeep
|turn|17
|
|t:|1758255986
|switch|p2a: Clefable|Clefable, F|100/100
|-damage|p2a: Clefable|88/100|[from] Stealth Rock
|-item|p2a: Clefable|Air Balloon
|-activate|p1a: Scyther|confusion
|-damage|p1a: Scyther|60/100|[from] confusion
|
|upkeep
|turn|18
|
|t:|1758255998
|-activate|p1a: Scyther|confusion
|move|p1a: Scyther|Dual Wingbeat|p2a: Clefable
|-damage|p2a: Clefable|63/100
|-enditem|p2a: Clefable|Air Balloon
|-damage|p2a: Clefable|37/100
|-hitcount|p2a: Clefable|2
|move|p2a: Clefable|Moonblast|p1a: Scyther
|-damage|p1a: Scyther|30/100
|-unboost|p1a: Scyther|spa|1
|
|upkeep
|turn|19
|
|t:|1758256009
|-activate|p1a: Scyther|confusion
|move|p1a: Scyther|Dual Wingbeat|p2a: Clefable
|-damage|p2a: Clefable|11/100
|-damage|p2a: Clefable|0 fnt
|faint|p2a: Clefable
|-hitcount|p2: Clefable|2
|
|upkeep
|
|t:|1758256019
|switch|p2a: Cinderace|Cinderace, M|100/100
|turn|20
|
|t:|1758256025
|switch|p1a: Tyranitar|Tyranitar, M|59/100
|-weather|Sandstorm|[from] ability: Sand Stream|[of] p1a: Tyranitar
|move|p2a: Cinderace|Pyro Ball|p1a: Tyranitar
|-resisted|p1a: Tyranitar
|-damage|p1a: Tyranitar|42/100
|-status|p1a: Tyranitar|brn
|
|-weather|Sandstorm|[upkeep]
|-damage|p2a: Cinderace|95/100|[from] Sandstorm
|-heal|p1a: Tyranitar|48/100 brn|[from] item: Leftovers
|-damage|p1a: Tyranitar|42/100 brn|[from] brn
|upkeep
|turn|21
|
|t:|1758256032
|move|p2a: Cinderace|U-turn|p1a: Tyranitar
|-start|p2a: Cinderace|typechange|Bug|[from] ability: Libero
|-supereffective|p1a: Tyranitar
|-damage|p1a: Tyranitar|0 fnt
|faint|p1a: Tyranitar
|
|t:|1758256042
|switch|p2a: Alomomola|Alomomola, M|100/100|[from] U-turn
|-damage|p2a: Alomomola|88/100|[from] Stealth Rock
|
|-weather|Sandstorm|[upkeep]
|-damage|p2a: Alomomola|82/100|[from] Sandstorm
|upkeep
|
|t:|1758256052
|switch|p1a: Diancie|Diancie|100/100
|turn|22
|
|t:|1758256064
|move|p2a: Alomomola|Wish|p2a: Alomomola
|move|p1a: Diancie|Trick Room|p1a: Diancie
|-fieldstart|move: Trick Room|[of] p1a: Diancie
|
|-weather|Sandstorm|[upkeep]
|-damage|p2a: Alomomola|76/100|[from] Sandstorm
|upkeep
|turn|23
|
|t:|1758256068
|move|p1a: Diancie|Meteor Beam||[still]
|-prepare|p1a: Diancie|Meteor Beam
|-boost|p1a: Diancie|spa|1
|-enditem|p1a: Diancie|Power Herb
|-anim|p1a: Diancie|Meteor Beam|p2a: Alomomola
|-damage|p2a: Alomomola|0 fnt
|faint|p2a: Alomomola
|
|-weather|Sandstorm|[upkeep]
|upkeep
|
|t:|1758256074
|switch|p2a: Araquanid|Araquanid, F|51/100
|-damage|p2a: Araquanid|26/100|[from] Stealth Rock
|turn|24
|
|t:|1758256080
|move|p1a: Diancie|Draining Kiss|p2a: Araquanid
|-damage|p2a: Araquanid|0 fnt
|faint|p2a: Araquanid
|
|-weather|none
|upkeep
|
|t:|1758256090
|switch|p2a: Cinderace|Cinderace, M|95/100
|turn|25
|
|t:|1758256094
|move|p1a: Diancie|Earth Power|p2a: Cinderace
|-supereffective|p2a: Cinderace
|-damage|p2a: Cinderace|0 fnt
|faint|p2a: Cinderace
|
|upkeep
|-message|321g forfeited.
|
|win|smurtgurt
|raw|smurtgurt's rating: 1297 &rarr; <strong>1326</strong><br />(+29 for winning)
|raw|321g's rating: 1346 &rarr; <strong>1323</strong><br />(-23 for losing)
|l|☆321g
|player|p2|
|l|☆smurtgurt
|player|p1|
