|j|☆wtb3434098
|j|☆ubgg
|t:|1758341402
|gametype|singles
|player|p1|wtb3434098|lucas|1425
|player|p2|ubgg|265|1418
|gen|9
|tier|[Gen 9] OU
|rated|
|rule|HP Percentage Mod: HP is shown in percentages
|rule|Endless Battle Clause: Forcing endless battles is banned
|rule|Species Clause: Limit one of each Pokémon
|rule|OHKO Clause: OHKO moves are banned
|rule|Evasion Items Clause: Evasion items are banned
|rule|Evasion Moves Clause: Evasion moves are banned
|rule|Evasion Abilities Clause: Evasion abilities are banned
|rule|Sleep Moves Clause: Sleep-inducing moves are banned
|clearpoke
|poke|p1|Ninetales-Alola, F|
|poke|p1|Slowbro-Galar, F|
|poke|p1|Kingambit, F|
|poke|p1|Ursaluna, F|
|poke|p1|Cloyster, M|
|poke|p1|Corviknight, F|
|poke|p2|Kyurem|
|poke|p2|Slowking-Galar, M|
|poke|p2|Great Tusk|
|poke|p2|Dragonite, M|
|poke|p2|Moltres|
|poke|p2|Ogerpon-Wellspring, F|
|teampreview
|inactive|Battle timer is ON: inactive players will automatically lose when time's up. (requested by wtb3434098)
|
|t:|1758341425
|teamsize|p1|6
|teamsize|p2|6
|start
|switch|p1a: Ninetales|Ninetales-Alola, F|100/100
|switch|p2a: Great Tusk|Great Tusk|100/100
|-weather|Snowscape|[from] ability: Snow Warning|[of] p1a: Ninetales
|turn|1
|
|t:|1758341434
|-terastallize|p2a: Great Tusk|Dark
|move|p1a: Ninetales|Moonblast|p2a: Great Tusk
|-supereffective|p2a: Great Tusk
|-damage|p2a: Great Tusk|55/100
|move|p2a: Great Tusk|Knock Off|p1a: Ninetales
|-resisted|p1a: Ninetales
|-damage|p1a: Ninetales|84/100
|-enditem|p1a: Ninetales|Light Clay|[from] move: Knock Off|[of] p2a: Great Tusk
|
|-weather|Snowscape|[upkeep]
|-heal|p2a: Great Tusk|61/100|[from] item: Leftovers
|upkeep
|turn|2
|
|t:|1758341446
|-end|p2a: Great Tusk|Protosynthesis|[silent]
|switch|p2a: Moltres|Moltres|100/100
|move|p1a: Ninetales|Aurora Veil|p1a: Ninetales
|-sidestart|p1: wtb3434098|move: Aurora Veil
|
|-weather|Snowscape|[upkeep]
|upkeep
|turn|3
|
|t:|1758341453
|switch|p1a: Ursaluna|Ursaluna, F, shiny|100/100
|move|p2a: Moltres|U-turn|p1a: Ursaluna
|-damage|p1a: Ursaluna|96/100
|
|t:|1758341457
|switch|p2a: Kyurem|Kyurem|100/100|[from] U-turn
|-ability|p2a: Kyurem|Pressure
|
|-weather|Snowscape|[upkeep]
|-status|p1a: Ursaluna|brn|[from] item: Flame Orb
|upkeep
|turn|4
|
|t:|1758341467
|move|p2a: Kyurem|Blizzard|p1a: Ursaluna
|-supereffective|p1a: Ursaluna
|-damage|p1a: Ursaluna|14/100 brn
|move|p1a: Ursaluna|Facade|p2a: Kyurem
|-damage|p2a: Kyurem|18/100
|
|-weather|Snowscape|[upkeep]
|-damage|p1a: Ursaluna|8/100 brn|[from] brn
|upkeep
|turn|5
|
|t:|1758341480
|switch|p1a: Kingambit|Kingambit, F|100/100
|-item|p1a: Kingambit|Air Balloon
|move|p2a: Kyurem|Blizzard|p1a: Kingambit
|-resisted|p1a: Kingambit
|-damage|p1a: Kingambit|78/100
|-enditem|p1a: Kingambit|Air Balloon
|
|-weather|none
|upkeep
|turn|6
|
|t:|1758341491
|switch|p2a: Moltres|Moltres|100/100
|move|p1a: Kingambit|Iron Head|p2a: Moltres
|-resisted|p2a: Moltres
|-damage|p2a: Moltres|85/100
|
|-sideend|p1: wtb3434098|move: Aurora Veil
|upkeep
|turn|7
|
|t:|1758341508
|-end|p1a: Kingambit|fallenundefined|[silent]
|switch|p1a: Ninetales|Ninetales-Alola, F|84/100
|-weather|Snowscape|[from] ability: Snow Warning|[of] p1a: Ninetales
|move|p2a: Moltres|U-turn|p1a: Ninetales
|-resisted|p1a: Ninetales
|-damage|p1a: Ninetales|79/100
|
|t:|1758341518
|switch|p2a: Great Tusk|Great Tusk, tera:Dark|61/100|[from] U-turn
|
|-weather|Snowscape|[upkeep]
|-heal|p2a: Great Tusk|67/100|[from] item: Leftovers
|upkeep
|turn|8
|
|t:|1758341525
|move|p1a: Ninetales|Aurora Veil|p1a: Ninetales
|-sidestart|p1: wtb3434098|move: Aurora Veil
|move|p2a: Great Tusk|Stealth Rock|p1a: Ninetales
|-sidestart|p1: wtb3434098|move: Stealth Rock
|
|-weather|Snowscape|[upkeep]
|-heal|p2a: Great Tusk|73/100|[from] item: Leftovers
|upkeep
|turn|9
|
|t:|1758341533
|-end|p2a: Great Tusk|Protosynthesis|[silent]
|switch|p2a: Slowking|Slowking-Galar, M|100/100
|move|p1a: Ninetales|Moonblast|p2a: Slowking
|-resisted|p2a: Slowking
|-damage|p2a: Slowking|92/100
|
|-weather|Snowscape|[upkeep]
|upkeep
|turn|10
|
|t:|1758341542
|switch|p1a: Slowbro|Slowbro-Galar, F|100/100
|-damage|p1a: Slowbro|88/100|[from] Stealth Rock
|move|p2a: Slowking|Thunder Wave|p1a: Slowbro
|-status|p1a: Slowbro|par
|
|-weather|Snowscape|[upkeep]
|upkeep
|turn|11
|-activate|p1a: Slowbro|item: Quick Claw
|
|t:|1758341551
|move|p1a: Slowbro|Belly Drum|p1a: Slowbro
|-damage|p1a: Slowbro|38/100 par
|-setboost|p1a: Slowbro|atk|6|[from] move: Belly Drum
|move|p2a: Slowking|Future Sight|p1a: Slowbro
|-start|p2a: Slowking|move: Future Sight
|
|-weather|none
|upkeep
|turn|12
|-activate|p1a: Slowbro|ability: Quick Draw
|
|t:|1758341577
|switch|p2a: Great Tusk|Great Tusk, tera:Dark|73/100
|move|p1a: Slowbro|Earthquake|p2a: Great Tusk
|-damage|p2a: Great Tusk|0 fnt
|faint|p2a: Great Tusk
|-end|p2a: Great Tusk|Protosynthesis|[silent]
|
|-sideend|p1: wtb3434098|move: Aurora Veil
|upkeep
|inactive|ubgg has 120 seconds left.
|
|t:|1758341607
|switch|p2a: Ogerpon|Ogerpon-Wellspring, F|100/100
|turn|13
|
|t:|1758341610
|move|p2a: Ogerpon|Ivy Cudgel|p1a: Slowbro|[anim] Ivy Cudgel Water
|-damage|p1a: Slowbro|0 fnt
|faint|p1a: Slowbro
|
|-hint|Future Sight did not hit because the target is fainted.
|upkeep
|
|t:|1758341619
|switch|p1a: Corviknight|Corviknight, F|100/100
|-damage|p1a: Corviknight|88/100|[from] Stealth Rock
|-ability|p1a: Corviknight|Pressure
|turn|14
|
|t:|1758341625
|move|p2a: Ogerpon|Swords Dance|p2a: Ogerpon
|-boost|p2a: Ogerpon|atk|2
|move|p1a: Corviknight|Defog|p2a: Ogerpon
|-unboost|p2a: Ogerpon|evasion|1
|-sideend|p1: wtb3434098|Stealth Rock|[from] move: Defog|[of] p1a: Corviknight
|
|upkeep
|turn|15
|
|t:|1758341632
|move|p2a: Ogerpon|Encore|p1a: Corviknight
|-start|p1a: Corviknight|Encore
|move|p1a: Corviknight|Defog|p2a: Ogerpon
|-unboost|p2a: Ogerpon|evasion|1
|
|upkeep
|turn|16
|
|t:|1758341640
|switch|p1a: Ursaluna|Ursaluna, F, shiny|8/100 brn
|move|p2a: Ogerpon|Swords Dance|p2a: Ogerpon
|-boost|p2a: Ogerpon|atk|2
|
|-damage|p1a: Ursaluna|2/100 brn|[from] brn
|upkeep
|turn|17
|
|t:|1758341651
|move|p2a: Ogerpon|Ivy Cudgel|p1a: Ursaluna|[anim] Ivy Cudgel Water
|-supereffective|p1a: Ursaluna
|-damage|p1a: Ursaluna|0 fnt
|faint|p1a: Ursaluna
|
|upkeep
|
|t:|1758341658
|switch|p1a: Cloyster|Cloyster, M|100/100
|turn|18
|
|t:|1758341663
|move|p2a: Ogerpon|Play Rough|p1a: Cloyster
|-damage|p1a: Cloyster|24/100
|move|p1a: Cloyster|Shell Smash|p1a: Cloyster
|-unboost|p1a: Cloyster|def|1
|-unboost|p1a: Cloyster|spd|1
|-boost|p1a: Cloyster|atk|2
|-boost|p1a: Cloyster|spa|2
|-boost|p1a: Cloyster|spe|2
|
|upkeep
|turn|19
|
|t:|1758341673
|switch|p2a: Kyurem|Kyurem|18/100
|-ability|p2a: Kyurem|Pressure
|move|p1a: Cloyster|Icicle Spear|p2a: Kyurem
|-crit|p2a: Kyurem
|-damage|p2a: Kyurem|0 fnt
|faint|p2a: Kyurem
|-hitcount|p2: Kyurem|1
|
|upkeep
|
|t:|1758341675
|switch|p2a: Dragonite|Dragonite, M|100/100
|turn|20
|
|t:|1758341684
|move|p2a: Dragonite|Extreme Speed|p1a: Cloyster
|-damage|p1a: Cloyster|0 fnt
|faint|p1a: Cloyster
|
|upkeep
|-message|wtb3434098 forfeited.
|
|win|ubgg
|raw|wtb3434098's rating: 1425 &rarr; <strong>1405</strong><br />(-20 for losing)
|raw|ubgg's rating: 1418 &rarr; <strong>1438</strong><br />(+20 for winning)
|l|☆wtb3434098
|player|p1|
|l|☆ubgg
|player|p2|
