|j|☆hey_rain_maker
|j|☆Hunter_of_Keys
|t:|1758357942
|gametype|singles
|player|p1|hey_rain_maker|caitlin|1517
|player|p2|Hunter_of_Keys|veteran|1437
|gen|9
|tier|[Gen 9] OU
|rated|
|rule|HP Percentage Mod: HP is shown in percentages
|rule|Endless Battle Clause: Forcing endless battles is banned
|rule|Species Clause: Limit one of each Pokémon
|rule|OHKO Clause: OHKO moves are banned
|rule|Evasion Items Clause: Evasion items are banned
|rule|Evasion Moves Clause: Evasion moves are banned
|rule|Evasion Abilities Clause: Evasion abilities are banned
|rule|Sleep Moves Clause: Sleep-inducing moves are banned
|clearpoke
|poke|p1|Samurott-Hisui, M|
|poke|p1|Darkrai|
|poke|p1|Gliscor, M|
|poke|p1|Cinderace, F|
|poke|p1|Raging Bolt|
|poke|p1|Ogerpon-Wellspring, F|
|poke|p2|Espeon, F|
|poke|p2|Indeedee, M|
|poke|p2|Armarouge, M|
|poke|p2|Gallade, M|
|poke|p2|Cresselia, F|
|poke|p2|Rabsca, F|
|teampreview
|inactive|Battle timer is ON: inactive players will automatically lose when time's up. (requested by Hunter_of_Keys)
|inactive|hey_rain_maker also wants the timer to be on.
|
|t:|1758357946
|teamsize|p1|6
|teamsize|p2|6
|start
|switch|p1a: Darkrai|Darkrai|100/100
|switch|p2a: Indeedee|Indeedee, M|100/100
|-fieldstart|move: Psychic Terrain|[from] ability: Psychic Surge|[of] p2a: Indeedee
|turn|1
|
|t:|1758357951
|-terastallize|p2a: Indeedee|Fairy
|move|p1a: Darkrai|Dark Pulse|p2a: Indeedee
|-resisted|p2a: Indeedee
|-damage|p2a: Indeedee|56/100
|move|p2a: Indeedee|Dazzling Gleam|p1a: Darkrai
|-supereffective|p1a: Darkrai
|-damage|p1a: Darkrai|4/100
|
|upkeep
|turn|2
|
|t:|1758357961
|switch|p1a: Cinderace|Cinderace, F|100/100
|switch|p2a: Cresselia|Cresselia, F|100/100
|
|upkeep
|turn|3
|
|t:|1758357966
|switch|p2a: Armarouge|Armarouge, M|100/100
|move|p1a: Cinderace|U-turn|p2a: Armarouge
|-damage|p2a: Armarouge|79/100
|-ability|p2a: Armarouge|Weak Armor|boost
|-unboost|p2a: Armarouge|def|1
|-boost|p2a: Armarouge|spe|2
|
|t:|1758357970
|switch|p1a: Samurott|Samurott-Hisui, M|100/100|[from] U-turn
|
|upkeep
|turn|4
|
|t:|1758357976
|move|p2a: Armarouge|Endure|p2a: Armarouge
|-singleturn|p2a: Armarouge|move: Endure
|move|p1a: Samurott|Ceaseless Edge|p2a: Armarouge
|-supereffective|p2a: Armarouge
|-activate|p2a: Armarouge|move: Endure
|-damage|p2a: Armarouge|1/100
|-ability|p2a: Armarouge|Weak Armor|boost
|-unboost|p2a: Armarouge|def|1
|-boost|p2a: Armarouge|spe|2
|-enditem|p2a: Armarouge|Weakness Policy
|-boost|p2a: Armarouge|atk|2|[from] item: Weakness Policy
|-boost|p2a: Armarouge|spa|2|[from] item: Weakness Policy
|-sidestart|p2: Hunter_of_Keys|Spikes
|
|upkeep
|turn|5
|
|t:|1758357978
|move|p2a: Armarouge|Aura Sphere|p1a: Samurott
|-supereffective|p1a: Samurott
|-damage|p1a: Samurott|30/100
|move|p1a: Samurott|Ceaseless Edge|p2a: Armarouge
|-supereffective|p2a: Armarouge
|-damage|p2a: Armarouge|0 fnt
|-sidestart|p2: Hunter_of_Keys|Spikes
|faint|p2a: Armarouge
|
|upkeep
|
|t:|1758357998
|switch|p2a: Cresselia|Cresselia, F|100/100
|turn|6
|
|t:|1758358001
|move|p2a: Cresselia|Thunderbolt|p1a: Samurott
|-supereffective|p1a: Samurott
|-damage|p1a: Samurott|9/100
|move|p1a: Samurott|Knock Off|p2a: Cresselia
|-supereffective|p2a: Cresselia
|-damage|p2a: Cresselia|54/100
|-damage|p1a: Samurott|0 fnt|[from] item: Rocky Helmet|[of] p2a: Cresselia
|faint|p1a: Samurott
|
|upkeep
|
|t:|1758358005
|switch|p1a: Darkrai|Darkrai|4/100
|turn|7
|
|t:|1758358010
|move|p1a: Darkrai|Trick|p2a: Cresselia
|-activate|p1a: Darkrai|move: Trick|[of] p2a: Cresselia
|-item|p2a: Cresselia|Choice Specs|[from] move: Trick
|-item|p1a: Darkrai|Rocky Helmet|[from] move: Trick
|move|p2a: Cresselia|Thunderbolt|p1a: Darkrai
|-damage|p1a: Darkrai|0 fnt
|faint|p1a: Darkrai
|
|upkeep
|
|t:|1758358013
|switch|p1a: Gliscor|Gliscor, M|100/100
|turn|8
|
|t:|1758358018
|switch|p2a: Espeon|Espeon, F|100/100
|-damage|p2a: Espeon|84/100|[from] Spikes
|move|p1a: Gliscor|Toxic|p2a: Espeon
|move|p2a: Espeon|Toxic|p1a: Gliscor|[from] ability: Magic Bounce|[miss]
|-miss|p2a: Espeon|p1a: Gliscor
|
|-fieldend|move: Psychic Terrain
|-status|p1a: Gliscor|tox|[from] item: Toxic Orb
|upkeep
|turn|9
|
|t:|1758358025
|move|p2a: Espeon|Psychic Noise|p1a: Gliscor
|-crit|p1a: Gliscor
|-damage|p1a: Gliscor|41/100 tox
|-start|p1a: Gliscor|move: Heal Block
|move|p1a: Gliscor|Knock Off|p2a: Espeon
|-supereffective|p2a: Espeon
|-damage|p2a: Espeon|37/100
|-enditem|p2a: Espeon|Ability Shield|[from] move: Knock Off|[of] p1a: Gliscor
|
|upkeep
|turn|10
|
|t:|1758358034
|switch|p1a: Raging Bolt|Raging Bolt|100/100
|move|p2a: Espeon|Psychic Noise|p1a: Raging Bolt
|-damage|p1a: Raging Bolt|81/100
|-start|p1a: Raging Bolt|move: Heal Block
|
|upkeep
|turn|11
|
|t:|1758358038
|move|p2a: Espeon|Psyshock|p1a: Raging Bolt
|-damage|p1a: Raging Bolt|53/100
|move|p1a: Raging Bolt|Thunderbolt|p2a: Espeon
|-damage|p2a: Espeon|0 fnt
|faint|p2a: Espeon
|
|-end|p1a: Raging Bolt|move: Heal Block
|upkeep
|
|t:|1758358044
|switch|p2a: Cresselia|Cresselia, F|54/100
|turn|12
|
|t:|1758358051
|move|p2a: Cresselia|Lunar Dance|p2a: Cresselia
|faint|p2a: Cresselia
|move|p1a: Raging Bolt|Thunderbolt|p2: Cresselia|[notarget]
|-fail|p1a: Raging Bolt
|
|upkeep
|
|t:|1758358062
|switch|p2a: Rabsca|Rabsca, F|100/100
|-damage|p2a: Rabsca|84/100|[from] Spikes
|turn|13
|
|t:|1758358065
|move|p1a: Raging Bolt|Thunderbolt|p2a: Rabsca
|-damage|p2a: Rabsca|39/100
|move|p2a: Rabsca|Revival Blessing|p2a: Rabsca
|-enditem|p2a: Rabsca|Leppa Berry|[eat]
|-activate|p2a: Rabsca|item: Leppa Berry|Revival Blessing|[consumed]
|
|t:|1758358084
|-heal|p2: Armarouge|50/100|[from] move: Revival Blessing
|
|upkeep
|turn|14
|
|t:|1758358096
|move|p1a: Raging Bolt|Thunderbolt|p2a: Rabsca
|-damage|p2a: Rabsca|0 fnt
|faint|p2a: Rabsca
|
|upkeep
|
|t:|1758358101
|switch|p2a: Indeedee|Indeedee, M, tera:Fairy|56/100
|-heal|p2a: Indeedee|100/100|[from] move: Lunar Dance
|-damage|p2a: Indeedee|84/100|[from] Spikes
|-fieldstart|move: Psychic Terrain|[from] ability: Psychic Surge|[of] p2a: Indeedee
|turn|15
|
|t:|1758358110
|move|p2a: Indeedee|Expanding Force|p1a: Raging Bolt
|-damage|p1a: Raging Bolt|17/100
|move|p1a: Raging Bolt|Thunderbolt|p2a: Indeedee
|-damage|p2a: Indeedee|15/100
|
|upkeep
|turn|16
|
|t:|1758358115
|move|p2a: Indeedee|Expanding Force|p1a: Raging Bolt
|-damage|p1a: Raging Bolt|0 fnt
|faint|p1a: Raging Bolt
|-end|p1a: Raging Bolt|Protosynthesis|[silent]
|
|upkeep
|
|t:|1758358117
|switch|p1a: Ogerpon|Ogerpon-Wellspring, F|100/100
|turn|17
|
|t:|1758358130
|-terastallize|p1a: Ogerpon|Water
|detailschange|p1a: Ogerpon|Ogerpon-Wellspring-Tera, F, tera:Water
|-ability|p1a: Ogerpon|Embody Aspect (Wellspring)|boost
|-boost|p1a: Ogerpon|spd|1
|move|p1a: Ogerpon|Horn Leech|p2a: Indeedee
|-damage|p2a: Indeedee|0 fnt
|faint|p2a: Indeedee
|
|upkeep
|
|t:|1758358137
|switch|p2a: Armarouge|Armarouge, M|50/100
|-damage|p2a: Armarouge|34/100|[from] Spikes
|turn|18
|
|t:|1758358140
|move|p2a: Armarouge|Endure|p2a: Armarouge
|-singleturn|p2a: Armarouge|move: Endure
|move|p1a: Ogerpon|Substitute|p1a: Ogerpon
|-start|p1a: Ogerpon|Substitute
|-damage|p1a: Ogerpon|75/100
|
|upkeep
|turn|19
|
|t:|1758358144
|move|p1a: Ogerpon|Ivy Cudgel|p2a: Armarouge|[anim] Ivy Cudgel Water
|-supereffective|p2a: Armarouge
|-damage|p2a: Armarouge|0 fnt
|faint|p2a: Armarouge
|
|upkeep
|
|t:|1758358146
|switch|p2a: Gallade|Gallade, M|100/100
|-damage|p2a: Gallade|84/100|[from] Spikes
|turn|20
|
|t:|1758358147
|move|p1a: Ogerpon|Ivy Cudgel|p2a: Gallade|[anim] Ivy Cudgel Water
|-damage|p2a: Gallade|0 fnt
|faint|p2a: Gallade
|
|win|hey_rain_maker
|raw|hey_rain_maker's rating: 1517 &rarr; <strong>1532</strong><br />(+15 for winning)
|raw|Hunter_of_Keys's rating: 1437 &rarr; <strong>1422</strong><br />(-15 for losing)
|l|☆Hunter_of_Keys
|player|p2|
|l|☆hey_rain_maker
|player|p1|
