|j|☆PrinceLindwyrm
|j|☆saIsa23467
|t:|1758294796
|gametype|singles
|player|p1|PrinceLindwyrm|diantha-masters|1092
|player|p2|saIsa23467|lass-gen4dp|1074
|gen|9
|tier|[Gen 9] OU
|rated|
|rule|HP Percentage Mod: HP is shown in percentages
|rule|Endless Battle Clause: Forcing endless battles is banned
|rule|Species Clause: Limit one of each Pokémon
|rule|OHKO Clause: OHKO moves are banned
|rule|Evasion Items Clause: Evasion items are banned
|rule|Evasion Moves Clause: Evasion moves are banned
|rule|Evasion Abilities Clause: Evasion abilities are banned
|rule|Sleep Moves Clause: Sleep-inducing moves are banned
|clearpoke
|poke|p1|Iron Valiant|
|poke|p1|Pelipper, M|
|poke|p1|Araquanid, M|
|poke|p1|Raging Bolt|
|poke|p1|Tornadus-Therian, M|
|poke|p1|Zamazenta-*|
|poke|p2|Hoopa-Unbound, L15|
|poke|p2|Spinarak, M|
|poke|p2|Deoxys-Speed|
|poke|p2|Feebas, F|
|poke|p2|Wooper-Paldea, M|
|poke|p2|Blissey, F|
|teampreview
|c|☆PrinceLindwyrm|glhf
|
|t:|1758294817
|teamsize|p1|6
|teamsize|p2|6
|start
|switch|p1a: Pelipper|Pelipper, M|100/100
|switch|p2a: garfield|Hoopa-Unbound, L15|100/100
|-weather|RainDance|[from] ability: Drizzle|[of] p1a: Pelipper
|turn|1
|
|t:|1758294825
|move|p1a: Pelipper|U-turn|p2a: garfield
|-supereffective|p2a: garfield
|-enditem|p2a: garfield|Focus Sash
|-damage|p2a: garfield|2/100
|
|t:|1758294833
|switch|p1a: Raging Bolt|Raging Bolt|100/100|[from] U-turn
|-enditem|p1a: Raging Bolt|Booster Energy
|-activate|p1a: Raging Bolt|ability: Protosynthesis|[fromitem]
|-start|p1a: Raging Bolt|protosynthesisspa
|move|p2a: garfield|Trick Room|p2a: garfield
|-fieldstart|move: Trick Room|[of] p2a: garfield
|
|-weather|RainDance|[upkeep]
|upkeep
|turn|2
|
|t:|1758294840
|move|p1a: Raging Bolt|Thunderclap||[still]
|-fail|p1a: Raging Bolt
|move|p2a: garfield|Sandstorm|p2a: garfield
|-weather|Sandstorm
|
|-weather|Sandstorm|[upkeep]
|-damage|p2a: garfield|0 fnt|[from] Sandstorm
|-damage|p1a: Raging Bolt|94/100|[from] Sandstorm
|faint|p2a: garfield
|upkeep
|c|☆PrinceLindwyrm|hmmm
|
|t:|1758294850
|switch|p2a: harry potter|Blissey, F|100/100
|turn|3
|c|☆PrinceLindwyrm|I actually have no clue what the set could be
|j| TheswordofTerarria
|
|t:|1758294877
|move|p2a: harry potter|Stomping Tantrum|p1a: Raging Bolt
|-supereffective|p1a: Raging Bolt
|-damage|p1a: Raging Bolt|81/100
|move|p1a: Raging Bolt|Calm Mind|p1a: Raging Bolt
|-boost|p1a: Raging Bolt|spa|1
|-boost|p1a: Raging Bolt|spd|1
|
|-weather|Sandstorm|[upkeep]
|-damage|p2a: harry potter|94/100|[from] Sandstorm
|-damage|p1a: Raging Bolt|75/100|[from] Sandstorm
|upkeep
|turn|4
|c| TheswordofTerarria|BOO
|c|☆PrinceLindwyrm|Interesting team huh?
|
|t:|1758294892
|move|p2a: harry potter|Stomping Tantrum|p1a: Raging Bolt
|-supereffective|p1a: Raging Bolt
|-damage|p1a: Raging Bolt|61/100
|move|p1a: Raging Bolt|Calm Mind|p1a: Raging Bolt
|-boost|p1a: Raging Bolt|spa|1
|-boost|p1a: Raging Bolt|spd|1
|
|-weather|Sandstorm|[upkeep]
|-damage|p2a: harry potter|88/100|[from] Sandstorm
|-damage|p1a: Raging Bolt|55/100|[from] Sandstorm
|upkeep
|turn|5
|
|t:|1758294903
|move|p1a: Raging Bolt|Thunderclap|p2a: harry potter
|-damage|p2a: harry potter|57/100
|move|p2a: harry potter|Double-Edge|p1a: Raging Bolt
|-damage|p1a: Raging Bolt|40/100
|-damage|p2a: harry potter|54/100|[from] Recoil
|
|-weather|Sandstorm|[upkeep]
|-damage|p2a: harry potter|48/100|[from] Sandstorm
|-damage|p1a: Raging Bolt|34/100|[from] Sandstorm
|-fieldend|move: Trick Room
|upkeep
|turn|6
|c| TheswordofTerarria|Yeah its very strange
|
|t:|1758294912
|move|p1a: Raging Bolt|Thunderclap|p2a: harry potter
|-damage|p2a: harry potter|18/100
|move|p2a: harry potter|Avalanche|p1a: Raging Bolt
|-supereffective|p1a: Raging Bolt
|-damage|p1a: Raging Bolt|15/100
|
|-weather|none
|upkeep
|turn|7
|
|t:|1758294920
|move|p1a: Raging Bolt|Thunderclap|p2a: harry potter
|-damage|p2a: harry potter|0 fnt
|faint|p2a: harry potter
|
|upkeep
|
|t:|1758294928
|switch|p2a: mike tyson|Wooper-Paldea, M|100/100
|turn|8
|c|☆PrinceLindwyrm|There has to be a gimmick I'm not seeing yet
|c| TheswordofTerarria|MIKE TYSON THE WOOPER
|
|t:|1758294949
|-end|p1a: Raging Bolt|Protosynthesis|[silent]
|switch|p1a: Tornadus|Tornadus-Therian, M|100/100
|move|p2a: mike tyson|Body Press|p1a: Tornadus
|-resisted|p1a: Tornadus
|-damage|p1a: Tornadus|89/100
|
|upkeep
|turn|9
|c|☆PrinceLindwyrm|very cute wooper
|
|t:|1758294964
|move|p1a: Tornadus|Rain Dance|p1a: Tornadus
|-weather|RainDance
|move|p2a: mike tyson|Sludge Bomb|p1a: Tornadus
|-damage|p1a: Tornadus|75/100
|-status|p1a: Tornadus|psn
|
|-weather|RainDance|[upkeep]
|-damage|p1a: Tornadus|63/100 psn|[from] psn
|upkeep
|turn|10
|c| TheswordofTerarria|Its so majestic
|
|t:|1758294971
|move|p1a: Tornadus|U-turn|p2a: mike tyson
|-resisted|p2a: mike tyson
|-damage|p2a: mike tyson|94/100
|c| TheswordofTerarria|This could be a troll
|c| TheswordofTerarria|A troll team
|c|☆PrinceLindwyrm|I was expecting like
|c|☆PrinceLindwyrm|endeavour
|c|☆PrinceLindwyrm|they led with a level 15 Hoopa-Unbound
|c|☆PrinceLindwyrm|super oddly specific
|
|t:|1758295027
|switch|p1a: Iron Valiant|Iron Valiant|100/100|[from] U-turn
|-enditem|p1a: Iron Valiant|Booster Energy
|-activate|p1a: Iron Valiant|ability: Quark Drive|[fromitem]
|-start|p1a: Iron Valiant|quarkdrivespe
|move|p2a: mike tyson|Stockpile|p2a: mike tyson
|-start|p2a: mike tyson|stockpile1
|-boost|p2a: mike tyson|def|1
|-boost|p2a: mike tyson|spd|1
|
|-weather|RainDance|[upkeep]
|upkeep
|turn|11
|
|t:|1758295037
|-terastallize|p1a: Iron Valiant|Water
|move|p1a: Iron Valiant|Swords Dance|p1a: Iron Valiant
|-boost|p1a: Iron Valiant|atk|2
|move|p2a: mike tyson|Sludge Bomb|p1a: Iron Valiant
|-damage|p1a: Iron Valiant|77/100
|
|-weather|RainDance|[upkeep]
|upkeep
|turn|12
|c| TheswordofTerarria|I came across A Smeargle mismagius with perish song
|c|☆PrinceLindwyrm|ah it's unaware isn't it....
|c| TheswordofTerarria|Once
|
|t:|1758295048
|move|p1a: Iron Valiant|Liquidation|p2a: mike tyson
|-heal|p2a: mike tyson|100/100|[from] ability: Water Absorb|[of] p1a: Iron Valiant
|move|p2a: mike tyson|Body Press|p1a: Iron Valiant
|-damage|p1a: Iron Valiant|48/100
|
|-weather|RainDance|[upkeep]
|upkeep
|turn|13
|c|☆PrinceLindwyrm|nevermind I'm a fool
|
|t:|1758295057
|move|p1a: Iron Valiant|Knock Off|p2a: mike tyson
|-damage|p2a: mike tyson|63/100
|-enditem|p2a: mike tyson|Eviolite|[from] move: Knock Off|[of] p1a: Iron Valiant
|move|p2a: mike tyson|Body Press|p1a: Iron Valiant
|-damage|p1a: Iron Valiant|15/100
|
|-weather|none
|upkeep
|turn|14
|c| TheswordofTerarria|Bro Got trolled
|c|☆PrinceLindwyrm|I acc need this one so...
|
|t:|1758295075
|-end|p1a: Iron Valiant|Quark Drive|[silent]
|switch|p1a: Zamazenta|Zamazenta|100/100
|-ability|p1a: Zamazenta|Dauntless Shield|boost
|-boost|p1a: Zamazenta|def|1
|move|p2a: mike tyson|Body Press|p1a: Zamazenta
|-damage|p1a: Zamazenta|88/100
|
|upkeep
|turn|15
|
|t:|1758295086
|move|p1a: Zamazenta|Crunch|p2a: mike tyson
|-damage|p2a: mike tyson|43/100
|move|p2a: mike tyson|Sludge Bomb|p1a: Zamazenta
|-damage|p1a: Zamazenta|78/100
|
|upkeep
|turn|16
|
|t:|1758295094
|move|p1a: Zamazenta|Crunch|p2a: mike tyson
|-damage|p2a: mike tyson|23/100
|move|p2a: mike tyson|Stockpile|p2a: mike tyson
|-start|p2a: mike tyson|stockpile2
|-boost|p2a: mike tyson|def|1
|-boost|p2a: mike tyson|spd|1
|
|upkeep
|turn|17
|
|t:|1758295100
|move|p1a: Zamazenta|Crunch|p2a: mike tyson
|-damage|p2a: mike tyson|7/100
|move|p2a: mike tyson|Sludge Bomb|p1a: Zamazenta
|-damage|p1a: Zamazenta|68/100
|
|upkeep
|turn|18
|
|t:|1758295106
|move|p1a: Zamazenta|Crunch|p2a: mike tyson
|-damage|p2a: mike tyson|0 fnt
|faint|p2a: mike tyson
|
|upkeep
|
|t:|1758295109
|switch|p2a: mcdonalds|Deoxys-Speed|100/100
|-ability|p2a: mcdonalds|Pressure
|turn|19
|c| TheswordofTerarria|WaiT genuinE question why not have ZamazentA Crowned
|
|t:|1758295127
|switch|p1a: Tornadus|Tornadus-Therian, M|96/100 psn
|move|p2a: mcdonalds|Psycho Boost|p1a: Tornadus
|-damage|p1a: Tornadus|34/100 psn
|-unboost|p2a: mcdonalds|spa|2
|
|-damage|p1a: Tornadus|21/100 psn|[from] psn
|upkeep
|turn|20
|c|☆PrinceLindwyrm|It's OU
|c|☆PrinceLindwyrm|Crowned is stuck in UBERs
|c| TheswordofTerarria|OH
|
|t:|1758295140
|switch|p1a: Pelipper|Pelipper, M|100/100
|-weather|RainDance|[from] ability: Drizzle|[of] p1a: Pelipper
|move|p2a: mcdonalds|Psycho Boost|p1a: Pelipper
|-damage|p1a: Pelipper|74/100
|-unboost|p2a: mcdonalds|spa|2
|
|-weather|RainDance|[upkeep]
|upkeep
|turn|21
|
|t:|1758295157
|move|p2a: mcdonalds|Sunny Day|p2a: mcdonalds
|-weather|SunnyDay
|move|p1a: Pelipper|U-turn|p2a: mcdonalds
|-supereffective|p2a: mcdonalds
|-damage|p2a: mcdonalds|79/100
|
|t:|1758295163
|switch|p1a: Araquanid|Araquanid, M|100/100|[from] U-turn
|
|-weather|SunnyDay|[upkeep]
|upkeep
|turn|22
|
|t:|1758295170
|move|p2a: mcdonalds|Psycho Boost|p1a: Araquanid
|-damage|p1a: Araquanid|89/100
|-unboost|p2a: mcdonalds|spa|2
|move|p1a: Araquanid|Leech Life|p2a: mcdonalds
|-supereffective|p2a: mcdonalds
|-damage|p2a: mcdonalds|0 fnt
|-heal|p1a: Araquanid|100/100|[from] drain|[of] p2a: mcdonalds
|faint|p2a: mcdonalds
|-damage|p1a: Araquanid|91/100|[from] item: Life Orb
|
|-weather|SunnyDay|[upkeep]
|upkeep
|
|t:|1758295181
|switch|p2a: spider man|Spinarak, M|100/100
|turn|23
|
|t:|1758295188
|switch|p1a: Pelipper|Pelipper, M|74/100
|-weather|RainDance|[from] ability: Drizzle|[of] p1a: Pelipper
|move|p2a: spider man|Toxic Thread|p1a: Pelipper
|-unboost|p1a: Pelipper|spe|1
|-status|p1a: Pelipper|psn
|
|-weather|RainDance|[upkeep]
|-damage|p1a: Pelipper|62/100 psn|[from] psn
|upkeep
|turn|24
|c| TheswordofTerarria|EXcuse my stupidity
|c|☆PrinceLindwyrm|It's no problem
|c|☆PrinceLindwyrm|Oh hey, signature
|c|☆PrinceLindwyrm|toxic thread only exists for the Spinarak line
|c|☆PrinceLindwyrm|thought they removed the move, lowkey
|c| TheswordofTerarria|I feel like this is like a 12 year old kid who just discovered this gAme
|
|t:|1758295224
|-terastallize|p2a: spider man|Ghost
|move|p1a: Pelipper|Hurricane|p2a: spider man
|-damage|p2a: spider man|0 fnt
|faint|p2a: spider man
|
|-weather|RainDance|[upkeep]
|-damage|p1a: Pelipper|50/100 psn|[from] psn
|upkeep
|
|t:|1758295234
|switch|p2a: i love you|Feebas, F|100/100
|turn|25
|c|☆PrinceLindwyrm|Probably not with the choices
|c|☆PrinceLindwyrm|just a bored person
|
|t:|1758295246
|move|p2a: i love you|Double-Edge|p1a: Pelipper
|-damage|p1a: Pelipper|23/100 psn
|-damage|p2a: i love you|84/100|[from] Recoil
|move|p1a: Pelipper|Hurricane|p2a: i love you
|-damage|p2a: i love you|0 fnt
|faint|p2a: i love you
|
|win|PrinceLindwyrm
|raw|PrinceLindwyrm's rating: 1092 &rarr; <strong>1117</strong><br />(+25 for winning)
|raw|saIsa23467's rating: 1074 &rarr; <strong>1054</strong><br />(-20 for losing)
|c|☆PrinceLindwyrm|that, or it's a randomized team
|c|☆PrinceLindwyrm|ggs
