|j|☆yshuiuh
|j|☆shinriley
|t:|1758320463
|gametype|singles
|player|p1|yshuiuh|101|1113
|player|p2|shinriley|policeman-gen4|1104
|gen|9
|tier|[Gen 9] OU
|rated|
|rule|HP Percentage Mod: HP is shown in percentages
|rule|Endless Battle Clause: Forcing endless battles is banned
|rule|Species Clause: Limit one of each Pokémon
|rule|OHKO Clause: OHKO moves are banned
|rule|Evasion Items Clause: Evasion items are banned
|rule|Evasion Moves Clause: Evasion moves are banned
|rule|Evasion Abilities Clause: Evasion abilities are banned
|rule|Sleep Moves Clause: Sleep-inducing moves are banned
|clearpoke
|poke|p1|Breloom, F|
|poke|p1|Smeargle, F|
|poke|p1|Gliscor, F|
|poke|p1|Ursaluna, M|
|poke|p1|Ursaring, F|
|poke|p1|Conkeldurr, F|
|poke|p2|Swampert, M|
|poke|p2|Gardevoir, F|
|poke|p2|Alomomola, F|
|poke|p2|Cryogonal|
|poke|p2|Muk-Alola, F|
|poke|p2|Toucannon, F|
|teampreview
|
|t:|1758320485
|teamsize|p1|6
|teamsize|p2|6
|start
|switch|p1a: Smeargle|Smeargle, F|100/100
|switch|p2a: Muk|Muk-Alola, F|100/100
|turn|1
|
|t:|1758320492
|move|p1a: Smeargle|Toxic Spikes|p2a: Muk
|-sidestart|p2: shinriley|move: Toxic Spikes
|move|p2a: Muk|Knock Off|p1a: Smeargle
|-enditem|p1a: Smeargle|Focus Sash
|-damage|p1a: Smeargle|1/100
|
|upkeep
|turn|2
|
|t:|1758320502
|switch|p2a: Cryogonal|Cryogonal|100/100
|move|p1a: Smeargle|Burning Bulwark||[still]
|-fail|p1a: Smeargle
|
|upkeep
|turn|3
|
|t:|1758320516
|move|p2a: Cryogonal|Recover||[still]
|-fail|p2a: Cryogonal|heal
|move|p1a: Smeargle|Court Change|p1a: Smeargle
|-swapsideconditions
|-activate|p1a: Smeargle|move: Court Change
|
|upkeep
|turn|4
|
|t:|1758320525
|move|p2a: Cryogonal|Freeze-Dry|p1a: Smeargle
|-damage|p1a: Smeargle|0 fnt
|faint|p1a: Smeargle
|
|upkeep
|
|t:|1758320545
|switch|p1a: Breloom|Breloom, F|100/100
|-status|p1a: Breloom|psn
|turn|5
|
|t:|1758320555
|-terastallize|p2a: Cryogonal|Grass
|move|p2a: Cryogonal|Freeze-Dry|p1a: Breloom
|-supereffective|p1a: Breloom
|-damage|p1a: Breloom|43/100 psn
|move|p1a: Breloom|Substitute|p1a: Breloom
|-start|p1a: Breloom|Substitute
|-damage|p1a: Breloom|18/100 psn
|
|-heal|p1a: Breloom|24/100 psn|[from] item: Leftovers
|-heal|p1a: Breloom|37/100 psn|[from] ability: Poison Heal
|upkeep
|turn|6
|
|t:|1758320567
|move|p2a: Cryogonal|Freeze-Dry|p1a: Breloom
|-supereffective|p1a: Breloom
|-end|p1a: Breloom|Substitute
|move|p1a: Breloom|Drain Punch|p2a: Cryogonal
|-damage|p2a: Cryogonal|65/100
|-heal|p1a: Breloom|54/100 psn|[from] drain|[of] p2a: Cryogonal
|
|-heal|p1a: Breloom|60/100 psn|[from] item: Leftovers
|-heal|p1a: Breloom|72/100 psn|[from] ability: Poison Heal
|upkeep
|turn|7
|
|t:|1758320576
|switch|p1a: Ursaring|Ursaring, F|100/100
|-status|p1a: Ursaring|psn
|move|p2a: Cryogonal|Freeze-Dry|p1a: Ursaring
|-damage|p1a: Ursaring|69/100 psn
|
|-damage|p1a: Ursaring|56/100 psn|[from] psn
|upkeep
|turn|8
|
|t:|1758320589
|switch|p2a: Alomomola|Alomomola, F|100/100
|move|p1a: Ursaring|Facade|p2a: Alomomola
|-damage|p2a: Alomomola|11/100
|-damage|p1a: Ursaring|40/100 psn|[from] item: Rocky Helmet|[of] p2a: Alomomola
|
|-damage|p1a: Ursaring|27/100 psn|[from] psn
|upkeep
|turn|9
|
|t:|1758320599
|switch|p2a: Muk|Muk-Alola, F|100/100
|move|p1a: Ursaring|Facade|p2a: Muk
|-damage|p2a: Muk|0 fnt
|faint|p2a: Muk
|
|-damage|p1a: Ursaring|15/100 psn|[from] psn
|upkeep
|
|t:|1758320617
|switch|p2a: Cryogonal|Cryogonal, tera:Grass|65/100
|turn|10
|
|t:|1758320621
|move|p1a: Ursaring|Facade|p2a: Cryogonal
|-damage|p2a: Cryogonal|0 fnt
|faint|p2a: Cryogonal
|
|-damage|p1a: Ursaring|2/100 psn|[from] psn
|upkeep
|
|t:|1758320627
|switch|p2a: Alomomola|Alomomola, F|44/100
|turn|11
|
|t:|1758320632
|switch|p2a: Gardevoir|Gardevoir, F|100/100
|-ability|p2a: Gardevoir|Quick Feet|Trace|[from] ability: Trace|[of] p1a: Ursaring
|move|p1a: Ursaring|Facade|p2a: Gardevoir
|-damage|p2a: Gardevoir|0 fnt
|faint|p2a: Gardevoir
|
|-damage|p1a: Ursaring|0 fnt|[from] psn
|faint|p1a: Ursaring
|upkeep
|
|t:|1758320643
|switch|p1a: Breloom|Breloom, F|72/100 psn
|switch|p2a: Toucannon|Toucannon, F|100/100
|turn|12
|
|t:|1758320657
|-singleturn|p2a: Toucannon|move: Beak Blast
|move|p1a: Breloom|Substitute|p1a: Breloom
|-start|p1a: Breloom|Substitute
|-damage|p1a: Breloom|47/100 psn
|move|p2a: Toucannon|Beak Blast|p1a: Breloom
|-supereffective|p1a: Breloom
|-end|p1a: Breloom|Substitute
|
|-heal|p1a: Breloom|53/100 psn|[from] item: Leftovers
|-heal|p1a: Breloom|66/100 psn|[from] ability: Poison Heal
|upkeep
|turn|13
|
|t:|1758320667
|-terastallize|p1a: Breloom|Steel
|move|p2a: Toucannon|Temper Flare|p1a: Breloom
|-supereffective|p1a: Breloom
|-damage|p1a: Breloom|5/100 psn
|move|p1a: Breloom|Substitute|p1a: Breloom
|-fail|p1a: Breloom|move: Substitute|[weak]
|
|-heal|p1a: Breloom|11/100 psn|[from] item: Leftovers
|-heal|p1a: Breloom|24/100 psn|[from] ability: Poison Heal
|upkeep
|turn|14
|
|t:|1758320679
|switch|p1a: Gliscor|Gliscor, F|100/100
|move|p2a: Toucannon|Temper Flare|p1a: Gliscor
|-damage|p1a: Gliscor|79/100
|
|-heal|p1a: Gliscor|85/100|[from] item: Leftovers
|upkeep
|turn|15
|-activate|p2a: Toucannon|item: Quick Claw
|
|t:|1758320694
|-singleturn|p2a: Toucannon|move: Beak Blast
|move|p1a: Gliscor|Toxic|p2a: Toucannon
|-status|p2a: Toucannon|tox
|move|p2a: Toucannon|Beak Blast|p1a: Gliscor
|-damage|p1a: Gliscor|43/100
|
|-heal|p1a: Gliscor|50/100|[from] item: Leftovers
|-damage|p2a: Toucannon|95/100 tox|[from] psn
|upkeep
|turn|16
|
|t:|1758320706
|-singleturn|p2a: Toucannon|move: Beak Blast
|move|p1a: Gliscor|Stealth Rock|p2a: Toucannon
|-sidestart|p2: shinriley|move: Stealth Rock
|move|p2a: Toucannon|Beak Blast|p1a: Gliscor
|-damage|p1a: Gliscor|11/100
|
|-heal|p1a: Gliscor|17/100|[from] item: Leftovers
|-damage|p2a: Toucannon|83/100 tox|[from] psn
|upkeep
|turn|17
|
|t:|1758320718
|-singleturn|p2a: Toucannon|move: Beak Blast
|move|p1a: Gliscor|Protect|p1a: Gliscor
|-singleturn|p1a: Gliscor|Protect
|move|p2a: Toucannon|Beak Blast|p1a: Gliscor
|-activate|p1a: Gliscor|move: Protect
|
|-heal|p1a: Gliscor|24/100|[from] item: Leftovers
|-damage|p2a: Toucannon|65/100 tox|[from] psn
|upkeep
|turn|18
|
|t:|1758320727
|-singleturn|p2a: Toucannon|move: Beak Blast
|move|p1a: Gliscor|Protect||[still]
|-fail|p1a: Gliscor
|move|p2a: Toucannon|Beak Blast|p1a: Gliscor
|-damage|p1a: Gliscor|0 fnt
|faint|p1a: Gliscor
|
|-damage|p2a: Toucannon|41/100 tox|[from] psn
|upkeep
|
|t:|1758320735
|switch|p1a: Conkeldurr|Conkeldurr, F|100/100
|-status|p1a: Conkeldurr|psn
|turn|19
|-activate|p2a: Toucannon|item: Quick Claw
|
|t:|1758320746
|-singleturn|p2a: Toucannon|move: Beak Blast
|move|p1a: Conkeldurr|Mach Punch|p2a: Toucannon
|-damage|p2a: Toucannon|0 fnt
|faint|p2a: Toucannon
|-damage|p1a: Conkeldurr|91/100 psn|[from] item: Life Orb
|
|-damage|p1a: Conkeldurr|78/100 psn|[from] psn
|upkeep
|
|t:|1758320759
|switch|p2a: Swampert|Swampert, M|100/100
|-damage|p2a: Swampert|94/100|[from] Stealth Rock
|turn|20
|
|t:|1758320764
|move|p2a: Swampert|Earthquake|p1a: Conkeldurr
|-damage|p1a: Conkeldurr|32/100 psn
|move|p1a: Conkeldurr|Close Combat|p2a: Swampert
|-damage|p2a: Swampert|0 fnt
|-unboost|p1a: Conkeldurr|def|1
|-unboost|p1a: Conkeldurr|spd|1
|faint|p2a: Swampert
|-damage|p1a: Conkeldurr|22/100 psn|[from] item: Life Orb
|
|-damage|p1a: Conkeldurr|10/100 psn|[from] psn
|upkeep
|-message|shinriley forfeited.
|
|win|yshuiuh
|raw|yshuiuh's rating: 1113 &rarr; <strong>1137</strong><br />(+24 for winning)
|raw|shinriley's rating: 1104 &rarr; <strong>1080</strong><br />(-24 for losing)
|l|☆shinriley
|player|p2|
|l|☆yshuiuh
|player|p1|
