|j|☆go b3yond
|j|☆peefan53
|t:|1758312981
|gametype|singles
|player|p1|go b3yond|bruno|1561
|player|p2|peefan53|smasher|1571
|gen|9
|tier|[Gen 9] OU
|rated|
|rule|HP Percentage Mod: HP is shown in percentages
|rule|Endless Battle Clause: Forcing endless battles is banned
|rule|Species Clause: Limit one of each Pokémon
|rule|OHKO Clause: OHKO moves are banned
|rule|Evasion Items Clause: Evasion items are banned
|rule|Evasion Moves Clause: Evasion moves are banned
|rule|Evasion Abilities Clause: Evasion abilities are banned
|rule|Sleep Moves Clause: Sleep-inducing moves are banned
|clearpoke
|poke|p1|Torkoal, F|
|poke|p1|Brute Bonnet|
|poke|p1|Hatterene, F|
|poke|p1|Walking Wake|
|poke|p1|Thundurus-Therian, M|
|poke|p1|Ceruledge, M|
|poke|p2|Garganacl, F|
|poke|p2|Dragapult, F|
|poke|p2|Ogerpon-Wellspring, F|
|poke|p2|Moltres|
|poke|p2|Malamar, F|
|poke|p2|Iron Treads|
|teampreview
|inactive|Battle timer is ON: inactive players will automatically lose when time's up. (requested by go b3yond)
|
|t:|1758313004
|teamsize|p1|6
|teamsize|p2|6
|start
|switch|p1a: GREAT Bait|Torkoal, F, shiny|100/100
|switch|p2a: Homernacl|Garganacl, F|100/100
|-weather|SunnyDay|[from] ability: Drought|[of] p1a: GREAT Bait
|turn|1
|
|t:|1758313010
|switch|p1a: Hatterene|Hatterene, F|100/100
|move|p2a: Homernacl|Salt Cure|p1a: Hatterene
|-damage|p1a: Hatterene|88/100
|-start|p1a: Hatterene|Salt Cure
|-enditem|p1a: Hatterene|Eject Button
|
|t:|1758313016
|switch|p1a: Brute Bonnet|Brute Bonnet|100/100
|-activate|p1a: Brute Bonnet|ability: Protosynthesis
|-start|p1a: Brute Bonnet|protosynthesisatk
|
|-weather|SunnyDay|[upkeep]
|upkeep
|turn|2
|
|t:|1758313021
|-terastallize|p2a: Homernacl|Electric
|move|p1a: Brute Bonnet|Growth|p1a: Brute Bonnet
|-boost|p1a: Brute Bonnet|atk|2
|-boost|p1a: Brute Bonnet|spa|2
|move|p2a: Homernacl|Iron Defense|p2a: Homernacl
|-boost|p2a: Homernacl|def|2
|
|-weather|SunnyDay|[upkeep]
|upkeep
|turn|3
|
|t:|1758313030
|move|p1a: Brute Bonnet|Bullet Seed|p2a: Homernacl
|-damage|p2a: Homernacl|88/100
|-damage|p2a: Homernacl|76/100
|-damage|p2a: Homernacl|64/100
|-damage|p2a: Homernacl|51/100
|-hitcount|p2a: Homernacl|4
|move|p2a: Homernacl|Body Press|p1a: Brute Bonnet
|-supereffective|p1a: Brute Bonnet
|-damage|p1a: Brute Bonnet|27/100
|
|-weather|SunnyDay|[upkeep]
|-heal|p2a: Homernacl|57/100|[from] item: Leftovers
|upkeep
|turn|4
|
|t:|1758313036
|-terastallize|p1a: Brute Bonnet|Fire
|move|p1a: Brute Bonnet|Tera Blast|p2a: Homernacl|[anim] Tera Blast Fire
|-damage|p2a: Homernacl|0 fnt
|faint|p2a: Homernacl
|
|-weather|SunnyDay|[upkeep]
|upkeep
|
|t:|1758313047
|switch|p2a: Iron Bart|Iron Treads|100/100
|turn|5
|
|t:|1758313050
|move|p1a: Brute Bonnet|Sucker Punch|p2a: Iron Bart
|-damage|p2a: Iron Bart|27/100
|move|p2a: Iron Bart|Earthquake|p1a: Brute Bonnet
|-supereffective|p1a: Brute Bonnet
|-crit|p1a: Brute Bonnet
|-damage|p1a: Brute Bonnet|0 fnt
|faint|p1a: Brute Bonnet
|-end|p1a: Brute Bonnet|Protosynthesis|[silent]
|
|-weather|SunnyDay|[upkeep]
|-heal|p2a: Iron Bart|33/100|[from] item: Leftovers
|upkeep
|
|t:|1758313063
|switch|p1a: Ceruledge|Ceruledge, M|100/100
|turn|6
|
|t:|1758313066
|move|p1a: Ceruledge|Swords Dance|p1a: Ceruledge
|-boost|p1a: Ceruledge|atk|2
|move|p2a: Iron Bart|Stealth Rock|p1a: Ceruledge
|-sidestart|p1: go b3yond|move: Stealth Rock
|
|-weather|SunnyDay|[upkeep]
|-heal|p2a: Iron Bart|39/100|[from] item: Leftovers
|upkeep
|turn|7
|
|t:|1758313073
|-end|p2a: Iron Bart|Quark Drive|[silent]
|switch|p2a: MoltLisa|Moltres|100/100
|move|p1a: Ceruledge|Bitter Blade|p2a: MoltLisa
|-resisted|p2a: MoltLisa
|-damage|p2a: MoltLisa|46/100
|
|-weather|SunnyDay|[upkeep]
|upkeep
|turn|8
|
|t:|1758313084
|move|p1a: Ceruledge|Bitter Blade|p2a: MoltLisa
|-resisted|p2a: MoltLisa
|-damage|p2a: MoltLisa|0 fnt
|faint|p2a: MoltLisa
|
|-weather|none
|upkeep
|
|t:|1758313088
|switch|p2a: Maggie-pult|Dragapult, F|100/100
|turn|9
|
|t:|1758313093
|move|p1a: Ceruledge|Shadow Sneak|p2a: Maggie-pult
|-supereffective|p2a: Maggie-pult
|-damage|p2a: Maggie-pult|0 fnt
|faint|p2a: Maggie-pult
|
|upkeep
|-message|peefan53 forfeited.
|
|win|go b3yond
|raw|go b3yond's rating: 1561 &rarr; <strong>1582</strong><br />(+21 for winning)
|raw|peefan53's rating: 1571 &rarr; <strong>1550</strong><br />(-21 for losing)
|l|☆peefan53
|player|p2|
|c|☆go b3yond|Gg
|l|☆go b3yond
|player|p1|
