|j|☆MyXoo
|j|☆dzy'love
|t:|1758361340
|gametype|singles
|player|p1|MyXoo|bea|1425
|player|p2|dzy'love|irida-masters|1345
|gen|9
|tier|[Gen 9] OU
|rated|
|rule|HP Percentage Mod: HP is shown in percentages
|rule|Endless Battle Clause: Forcing endless battles is banned
|rule|Species Clause: Limit one of each Pokémon
|rule|OHKO Clause: OHKO moves are banned
|rule|Evasion Items Clause: Evasion items are banned
|rule|Evasion Moves Clause: Evasion moves are banned
|rule|Evasion Abilities Clause: Evasion abilities are banned
|rule|Sleep Moves Clause: Sleep-inducing moves are banned
|clearpoke
|poke|p1|Samurott-Hisui, F|
|poke|p1|Scizor, F|
|poke|p1|Dragapult, M|
|poke|p1|Kingambit, F|
|poke|p1|Landorus-Therian, M|
|poke|p1|Iron Valiant|
|poke|p2|Ogerpon-Wellspring, F|
|poke|p2|Glimmora, F|
|poke|p2|Gholdengo|
|poke|p2|Darkrai|
|poke|p2|Dragapult, M|
|poke|p2|Iron Boulder|
|teampreview
|inactive|Battle timer is ON: inactive players will automatically lose when time's up. (requested by dzy'love)
|
|t:|1758361426
|teamsize|p1|6
|teamsize|p2|6
|start
|switch|p1a: Samurott|Samurott-Hisui, F|100/100
|switch|p2a: Darkrai|Darkrai|100/100
|turn|1
|
|t:|1758361432
|move|p2a: Darkrai|Focus Blast|p1a: Samurott
|-supereffective|p1a: Samurott
|-enditem|p1a: Samurott|Focus Sash
|-damage|p1a: Samurott|1/100
|move|p1a: Samurott|Ceaseless Edge|p2a: Darkrai
|-resisted|p2a: Darkrai
|-damage|p2a: Darkrai|70/100
|-damage|p1a: Samurott|0 fnt|[from] item: Rocky Helmet|[of] p2a: Darkrai
|faint|p1a: Samurott
|
|upkeep
|
|t:|1758361456
|switch|p1a: Landorus|Landorus-Therian, M|100/100
|-ability|p1a: Landorus|Intimidate|boost
|-unboost|p2a: Darkrai|atk|1
|turn|2
|inactive|dzy'love has 120 seconds left.
|
|t:|1758361486
|move|p1a: Landorus|U-turn|p2a: Darkrai
|-supereffective|p2a: Darkrai
|-damage|p2a: Darkrai|0 fnt
|-damage|p1a: Landorus|84/100|[from] item: Rocky Helmet|[of] p2a: Darkrai
|faint|p2a: Darkrai
|
|t:|1758361499
|switch|p1a: Scizor|Scizor, F|100/100|[from] U-turn
|
|upkeep
|
|t:|1758361508
|switch|p2a: Ogerpon|Ogerpon-Wellspring, F|100/100
|turn|3
|
|t:|1758361521
|switch|p1a: Kingambit|Kingambit, F|100/100
|-activate|p1a: Kingambit|ability: Supreme Overlord
|-start|p1a: Kingambit|fallen1|[silent]
|move|p2a: Ogerpon|U-turn|p1a: Kingambit
|-damage|p1a: Kingambit|80/100
|
|t:|1758361530
|switch|p2a: Glimmora|Glimmora, F|100/100|[from] U-turn
|
|-heal|p1a: Kingambit|86/100|[from] item: Leftovers
|upkeep
|turn|4
|
|t:|1758361544
|move|p2a: Glimmora|Earth Power|p1a: Kingambit
|-supereffective|p1a: Kingambit
|-damage|p1a: Kingambit|33/100
|move|p1a: Kingambit|Swords Dance|p1a: Kingambit
|-boost|p1a: Kingambit|atk|2
|
|-heal|p1a: Kingambit|39/100|[from] item: Leftovers
|upkeep
|turn|5
|
|t:|1758361551
|move|p1a: Kingambit|Sucker Punch||[still]
|-fail|p1a: Kingambit
|move|p2a: Glimmora|Stealth Rock|p1a: Kingambit
|-sidestart|p1: MyXoo|move: Stealth Rock
|
|-heal|p1a: Kingambit|45/100|[from] item: Leftovers
|upkeep
|turn|6
|
|t:|1758361557
|move|p1a: Kingambit|Sucker Punch|p2a: Glimmora
|-damage|p2a: Glimmora|31/100
|-activate|p2a: Glimmora|ability: Toxic Debris
|-sidestart|p1: MyXoo|move: Toxic Spikes
|-enditem|p2a: Glimmora|Red Card|[of] p1a: Kingambit
|-end|p1a: Kingambit|fallen1|[silent]
|drag|p1a: Scizor|Scizor, F|100/100
|-damage|p1a: Scizor|88/100|[from] Stealth Rock
|move|p2a: Glimmora|Earth Power|p1a: Scizor
|-damage|p1a: Scizor|50/100
|
|upkeep
|turn|7
|
|t:|1758361570
|move|p1a: Scizor|Bullet Punch|p2a: Glimmora
|-supereffective|p2a: Glimmora
|-damage|p2a: Glimmora|0 fnt
|-activate|p2a: Glimmora|ability: Toxic Debris
|-sidestart|p1: MyXoo|move: Toxic Spikes
|faint|p2a: Glimmora
|-damage|p1a: Scizor|40/100|[from] item: Life Orb
|
|upkeep
|
|t:|1758361572
|switch|p2a: Ogerpon|Ogerpon-Wellspring, F|100/100
|turn|8
|
|t:|1758361594
|move|p2a: Ogerpon|Ivy Cudgel|p1a: Scizor|[anim] Ivy Cudgel Water
|-damage|p1a: Scizor|0 fnt
|faint|p1a: Scizor
|
|upkeep
|inactive|MyXoo has 120 seconds left.
|
|t:|1758361611
|switch|p1a: Dragapult|Dragapult, M|100/100
|-damage|p1a: Dragapult|88/100|[from] Stealth Rock
|-status|p1a: Dragapult|tox
|turn|9
|
|t:|1758361620
|switch|p2a: Gholdengo|Gholdengo|100/100
|-item|p2a: Gholdengo|Air Balloon
|move|p1a: Dragapult|Draco Meteor|p2a: Gholdengo
|-resisted|p2a: Gholdengo
|-damage|p2a: Gholdengo|47/100
|-unboost|p1a: Dragapult|spa|2
|-enditem|p2a: Gholdengo|Air Balloon
|
|-damage|p1a: Dragapult|82/100 tox|[from] psn
|upkeep
|turn|10
|inactive|MyXoo has 120 seconds left.
|
|t:|1758361641
|switch|p1a: Kingambit|Kingambit, F|45/100
|-damage|p1a: Kingambit|39/100|[from] Stealth Rock
|-activate|p1a: Kingambit|ability: Supreme Overlord
|-start|p1a: Kingambit|fallen2|[silent]
|switch|p2a: Ogerpon|Ogerpon-Wellspring, F|100/100
|
|-heal|p1a: Kingambit|45/100|[from] item: Leftovers
|upkeep
|turn|11
|inactive|MyXoo has 120 seconds left.
|
|t:|1758361665
|-end|p1a: Kingambit|fallen2|[silent]
|switch|p1a: Dragapult|Dragapult, M|82/100 tox
|-damage|p1a: Dragapult|70/100 tox|[from] Stealth Rock
|move|p2a: Ogerpon|Ivy Cudgel|p1a: Dragapult|[anim] Ivy Cudgel Water
|-resisted|p1a: Dragapult
|-damage|p1a: Dragapult|29/100 tox
|
|-damage|p1a: Dragapult|23/100 tox|[from] psn
|upkeep
|turn|12
|
|t:|1758361684
|switch|p2a: Gholdengo|Gholdengo|47/100
|move|p1a: Dragapult|Shadow Ball|p2a: Gholdengo
|-supereffective|p2a: Gholdengo
|-damage|p2a: Gholdengo|0 fnt
|faint|p2a: Gholdengo
|
|-damage|p1a: Dragapult|11/100 tox|[from] psn
|upkeep
|
|t:|1758361697
|switch|p2a: Ogerpon|Ogerpon-Wellspring, F|100/100
|turn|13
|
|t:|1758361703
|move|p1a: Dragapult|Shadow Ball|p2a: Ogerpon
|-damage|p2a: Ogerpon|39/100
|-unboost|p2a: Ogerpon|spd|1
|move|p2a: Ogerpon|Spikes|p1a: Dragapult
|-sidestart|p1: MyXoo|Spikes
|
|-damage|p1a: Dragapult|0 fnt|[from] psn
|faint|p1a: Dragapult
|upkeep
|inactive|MyXoo has 120 seconds left.
|
|t:|1758361717
|switch|p1a: Landorus|Landorus-Therian, M|84/100
|-damage|p1a: Landorus|72/100|[from] Stealth Rock
|-ability|p1a: Landorus|Intimidate|boost
|-unboost|p2a: Ogerpon|atk|1
|turn|14
|inactive|MyXoo has 120 seconds left.
|
|t:|1758361735
|switch|p2a: Dragapult|Dragapult, M, shiny|100/100
|move|p1a: Landorus|Earthquake|p2a: Dragapult
|-damage|p2a: Dragapult|24/100
|
|upkeep
|turn|15
|inactive|MyXoo has 120 seconds left.
|
|t:|1758361758
|move|p1a: Landorus|Earthquake|p2a: Dragapult
|-crit|p2a: Dragapult
|-damage|p2a: Dragapult|0 fnt
|faint|p2a: Dragapult
|
|upkeep
|
|t:|1758361761
|switch|p2a: Ogerpon|Ogerpon-Wellspring, F|39/100
|turn|16
|
|t:|1758361765
|move|p1a: Landorus|Earthquake|p2a: Ogerpon
|-resisted|p2a: Ogerpon
|-damage|p2a: Ogerpon|3/100
|move|p2a: Ogerpon|Ivy Cudgel|p1a: Landorus|[anim] Ivy Cudgel Water
|-supereffective|p1a: Landorus
|-damage|p1a: Landorus|0 fnt
|faint|p1a: Landorus
|
|upkeep
|inactive|MyXoo has 120 seconds left.
|
|t:|1758361788
|switch|p1a: Iron Valiant|Iron Valiant|100/100
|-damage|p1a: Iron Valiant|94/100|[from] Stealth Rock
|-status|p1a: Iron Valiant|tox
|-damage|p1a: Iron Valiant|82/100 tox|[from] Spikes
|-enditem|p1a: Iron Valiant|Booster Energy
|-activate|p1a: Iron Valiant|ability: Quark Drive|[fromitem]
|-start|p1a: Iron Valiant|quarkdrivespe
|turn|17
|inactive|MyXoo has 120 seconds left.
|
|t:|1758361808
|-terastallize|p1a: Iron Valiant|Ghost
|move|p1a: Iron Valiant|Shadow Ball|p2a: Ogerpon
|-damage|p2a: Ogerpon|0 fnt
|faint|p2a: Ogerpon
|
|-damage|p1a: Iron Valiant|76/100 tox|[from] psn
|upkeep
|inactive|dzy'love has 120 seconds left.
|
|t:|1758361844
|switch|p2a: Iron Boulder|Iron Boulder|100/100
|-enditem|p2a: Iron Boulder|Booster Energy
|-activate|p2a: Iron Boulder|ability: Quark Drive|[fromitem]
|-start|p2a: Iron Boulder|quarkdrivespe
|turn|18
|inactive|dzy'love has 90 seconds left.
|inactive|dzy'love has 60 seconds left.
|
|t:|1758361934
|-terastallize|p2a: Iron Boulder|Ground
|move|p2a: Iron Boulder|Earthquake|p1a: Iron Valiant
|-damage|p1a: Iron Valiant|8/100 tox
|move|p1a: Iron Valiant|Shadow Ball|p2a: Iron Boulder
|-damage|p2a: Iron Boulder|64/100
|
|-damage|p1a: Iron Valiant|0 fnt|[from] psn
|faint|p1a: Iron Valiant
|-end|p1a: Iron Valiant|Quark Drive|[silent]
|upkeep
|inactive|MyXoo has 120 seconds left.
|
|t:|1758361947
|switch|p1a: Kingambit|Kingambit, F|45/100
|-damage|p1a: Kingambit|39/100|[from] Stealth Rock
|-damage|p1a: Kingambit|27/100|[from] Spikes
|-activate|p1a: Kingambit|ability: Supreme Overlord
|-start|p1a: Kingambit|fallen5|[silent]
|turn|19
|
|t:|1758361960
|move|p1a: Kingambit|Sucker Punch||[still]
|-fail|p1a: Kingambit
|move|p2a: Iron Boulder|Substitute|p2a: Iron Boulder
|-start|p2a: Iron Boulder|Substitute
|-damage|p2a: Iron Boulder|39/100
|
|-heal|p1a: Kingambit|33/100|[from] item: Leftovers
|upkeep
|turn|20
|
|t:|1758361969
|move|p1a: Kingambit|Sucker Punch|p2a: Iron Boulder
|-end|p2a: Iron Boulder|Substitute
|move|p2a: Iron Boulder|Earthquake|p1a: Kingambit
|-supereffective|p1a: Kingambit
|-damage|p1a: Kingambit|0 fnt
|faint|p1a: Kingambit
|-end|p1a: Kingambit|fallen5|[silent]
|
|win|dzy'love
|raw|MyXoo's rating: 1425 &rarr; <strong>1400</strong><br />(-25 for losing)
|raw|dzy&apos;love's rating: 1345 &rarr; <strong>1370</strong><br />(+25 for winning)
