|j|☆Halfgallon67
|j|☆meio_potato
|t:|1758244757
|gametype|singles
|player|p1|Halfgallon67|1|1545
|player|p2|meio_potato|dawn-gen4pt|1523
|gen|9
|tier|[Gen 9] OU
|rated|
|rule|HP Percentage Mod: HP is shown in percentages
|rule|Endless Battle Clause: Forcing endless battles is banned
|rule|Species Clause: Limit one of each Pokémon
|rule|OHKO Clause: OHKO moves are banned
|rule|Evasion Items Clause: Evasion items are banned
|rule|Evasion Moves Clause: Evasion moves are banned
|rule|Evasion Abilities Clause: Evasion abilities are banned
|rule|Sleep Moves Clause: Sleep-inducing moves are banned
|clearpoke
|poke|p1|Pelipper, F|
|poke|p1|Hatterene, F|
|poke|p1|Iron Treads|
|poke|p1|Toxicroak, F|
|poke|p1|Barraskewda, F|
|poke|p1|Zapdos|
|poke|p2|Gastrodon-East, F|
|poke|p2|Garchomp, M|
|poke|p2|Iron Valiant|
|poke|p2|Iron Treads|
|poke|p2|Blaziken, F|
|poke|p2|Azumarill, F|
|teampreview
|inactive|Battle timer is ON: inactive players will automatically lose when time's up. (requested by meio_potato)
|
|t:|1758244783
|teamsize|p1|6
|teamsize|p2|6
|start
|switch|p1a: Iron Treads|Iron Treads|100/100
|switch|p2a: Majesty|Iron Valiant, shiny|100/100
|-enditem|p2a: Majesty|Booster Energy
|-activate|p2a: Majesty|ability: Quark Drive|[fromitem]
|-start|p2a: Majesty|quarkdrivespe
|turn|1
|
|t:|1758244791
|move|p2a: Majesty|Aura Sphere|p1a: Iron Treads
|-supereffective|p1a: Iron Treads
|-damage|p1a: Iron Treads|38/100
|move|p1a: Iron Treads|Earthquake|p2a: Majesty
|-damage|p2a: Majesty|54/100
|
|-heal|p1a: Iron Treads|44/100|[from] item: Leftovers
|upkeep
|turn|2
|
|t:|1758244799
|-end|p1a: Iron Treads|Quark Drive|[silent]
|switch|p1a: Pelipper|Pelipper, F|100/100
|-weather|RainDance|[from] ability: Drizzle|[of] p1a: Pelipper
|move|p2a: Majesty|Aura Sphere|p1a: Pelipper
|-resisted|p1a: Pelipper
|-crit|p1a: Pelipper
|-damage|p1a: Pelipper|74/100
|
|-weather|RainDance|[upkeep]
|upkeep
|turn|3
|
|t:|1758244806
|switch|p1a: Hatterene|Hatterene, F|100/100
|move|p2a: Majesty|Thunderbolt|p1a: Hatterene
|-damage|p1a: Hatterene|69/100
|-enditem|p1a: Hatterene|Eject Button
|
|t:|1758244813
|switch|p1a: Zapdos|Zapdos|100/100
|
|-weather|RainDance|[upkeep]
|upkeep
|turn|4
|
|t:|1758244818
|move|p2a: Majesty|Moonblast|p1a: Zapdos
|-damage|p1a: Zapdos|51/100
|move|p1a: Zapdos|Hurricane|p2a: Majesty
|-supereffective|p2a: Majesty
|-damage|p2a: Majesty|0 fnt
|faint|p2a: Majesty
|-end|p2a: Majesty|Quark Drive|[silent]
|
|-weather|RainDance|[upkeep]
|upkeep
|
|t:|1758244826
|switch|p2a: Baby Shark|Garchomp, M|100/100
|turn|5
|
|t:|1758244840
|switch|p1a: Hatterene|Hatterene, F|69/100
|move|p2a: Baby Shark|Swords Dance|p2a: Baby Shark
|-boost|p2a: Baby Shark|atk|2
|
|-weather|RainDance|[upkeep]
|upkeep
|turn|6
|
|t:|1758244852
|switch|p1a: Zapdos|Zapdos|51/100
|move|p2a: Baby Shark|Earthquake|p1a: Zapdos
|-immune|p1a: Zapdos
|
|-weather|RainDance|[upkeep]
|upkeep
|turn|7
|
|t:|1758244880
|switch|p1a: Iron Treads|Iron Treads|44/100
|move|p2a: Baby Shark|Rock Slide|p1a: Iron Treads
|-resisted|p1a: Iron Treads
|-damage|p1a: Iron Treads|34/100
|
|-weather|RainDance|[upkeep]
|-heal|p1a: Iron Treads|40/100|[from] item: Leftovers
|upkeep
|turn|8
|
|t:|1758244893
|move|p2a: Baby Shark|Earthquake|p1a: Iron Treads
|-supereffective|p1a: Iron Treads
|-damage|p1a: Iron Treads|0 fnt
|faint|p1a: Iron Treads
|-end|p1a: Iron Treads|Quark Drive|[silent]
|
|-weather|RainDance|[upkeep]
|upkeep
|
|t:|1758244896
|switch|p1a: Barraskewda|Barraskewda, F|100/100
|turn|9
|
|t:|1758244900
|-terastallize|p1a: Barraskewda|Water
|move|p1a: Barraskewda|Liquidation|p2a: Baby Shark
|-damage|p2a: Baby Shark|0 fnt
|-damage|p1a: Barraskewda|88/100|[from] ability: Rough Skin|[of] p2a: Baby Shark
|faint|p2a: Baby Shark
|
|-weather|none
|upkeep
|
|t:|1758244907
|switch|p2a: Kick Chicken|Blaziken, F|100/100
|turn|10
|
|t:|1758244915
|switch|p1a: Pelipper|Pelipper, F|74/100
|-weather|RainDance|[from] ability: Drizzle|[of] p1a: Pelipper
|switch|p2a: Escargot|Gastrodon-East, F|100/100
|
|-weather|RainDance|[upkeep]
|upkeep
|turn|11
|
|t:|1758244934
|move|p1a: Pelipper|U-turn|p2a: Escargot
|-damage|p2a: Escargot|90/100
|
|t:|1758244937
|switch|p1a: Hatterene|Hatterene, F|69/100|[from] U-turn
|move|p2a: Escargot|Ice Beam|p1a: Hatterene
|-damage|p1a: Hatterene|42/100
|
|-weather|RainDance|[upkeep]
|upkeep
|turn|12
|
|t:|1758244942
|move|p1a: Hatterene|Psychic Noise|p2a: Escargot
|-damage|p2a: Escargot|69/100
|-start|p2a: Escargot|move: Heal Block
|move|p2a: Escargot|Sludge Bomb|p1a: Hatterene
|-supereffective|p1a: Hatterene
|-damage|p1a: Hatterene|0 fnt
|faint|p1a: Hatterene
|
|-weather|RainDance|[upkeep]
|upkeep
|
|t:|1758244948
|switch|p1a: Zapdos|Zapdos|51/100
|turn|13
|
|t:|1758244950
|move|p1a: Zapdos|Hurricane|p2a: Escargot
|-damage|p2a: Escargot|10/100
|move|p2a: Escargot|Ice Beam|p1a: Zapdos
|-supereffective|p1a: Zapdos
|-damage|p1a: Zapdos|0 fnt
|faint|p1a: Zapdos
|
|-weather|RainDance|[upkeep]
|-end|p2a: Escargot|move: Heal Block
|upkeep
|
|t:|1758244956
|switch|p1a: Toxicroak|Toxicroak, F|100/100
|turn|14
|
|t:|1758244960
|move|p1a: Toxicroak|Drain Punch|p2a: Escargot
|-damage|p2a: Escargot|0 fnt
|faint|p2a: Escargot
|
|-weather|RainDance|[upkeep]
|upkeep
|
|t:|1758244965
|switch|p2a: Dogo|Iron Treads|100/100
|-enditem|p2a: Dogo|Booster Energy
|-activate|p2a: Dogo|ability: Quark Drive|[fromitem]
|-start|p2a: Dogo|quarkdriveatk
|turn|15
|
|t:|1758244971
|switch|p1a: Pelipper|Pelipper, F|74/100
|move|p2a: Dogo|Earthquake|p1a: Pelipper
|-immune|p1a: Pelipper
|
|-weather|RainDance|[upkeep]
|upkeep
|turn|16
|
|t:|1758244974
|-terastallize|p2a: Dogo|Flying
|move|p2a: Dogo|Rapid Spin|p1a: Pelipper
|-damage|p1a: Pelipper|51/100
|-boost|p2a: Dogo|spe|1
|move|p1a: Pelipper|U-turn|p2a: Dogo
|-resisted|p2a: Dogo
|-damage|p2a: Dogo|96/100
|
|t:|1758244978
|switch|p1a: Barraskewda|Barraskewda, F, tera:Water|88/100|[from] U-turn
|
|-weather|RainDance|[upkeep]
|upkeep
|turn|17
|
|t:|1758244980
|move|p1a: Barraskewda|Liquidation|p2a: Dogo
|-damage|p2a: Dogo|0 fnt
|faint|p2a: Dogo
|-end|p2a: Dogo|Quark Drive|[silent]
|
|-weather|none
|upkeep
|
|t:|1758244983
|switch|p2a: Kick Chicken|Blaziken, F|100/100
|turn|18
|
|t:|1758244993
|switch|p1a: Pelipper|Pelipper, F|51/100
|-weather|RainDance|[from] ability: Drizzle|[of] p1a: Pelipper
|move|p2a: Kick Chicken|Protect||[still]
|-fail|p2a: Kick Chicken
|
|-weather|RainDance|[upkeep]
|-ability|p2a: Kick Chicken|Speed Boost|boost
|-boost|p2a: Kick Chicken|spe|1
|upkeep
|turn|19
|
|t:|1758245000
|move|p2a: Kick Chicken|Swords Dance|p2a: Kick Chicken
|-boost|p2a: Kick Chicken|atk|2
|move|p1a: Pelipper|Hurricane|p2a: Kick Chicken
|-supereffective|p2a: Kick Chicken
|-enditem|p2a: Kick Chicken|Focus Sash
|-damage|p2a: Kick Chicken|1/100
|
|-weather|RainDance|[upkeep]
|-ability|p2a: Kick Chicken|Speed Boost|boost
|-boost|p2a: Kick Chicken|spe|1
|upkeep
|turn|20
|
|t:|1758245009
|switch|p1a: Toxicroak|Toxicroak, F|100/100
|move|p2a: Kick Chicken|Protect||[still]
|-fail|p2a: Kick Chicken
|
|-weather|RainDance|[upkeep]
|-ability|p2a: Kick Chicken|Speed Boost|boost
|-boost|p2a: Kick Chicken|spe|1
|upkeep
|turn|21
|
|t:|1758245017
|move|p2a: Kick Chicken|Temper Flare|p1a: Toxicroak
|-damage|p1a: Toxicroak|12/100
|-damage|p2a: Kick Chicken|0 fnt|[from] item: Rocky Helmet|[of] p1a: Toxicroak
|faint|p2a: Kick Chicken
|move|p1a: Toxicroak|Drain Punch|p2: Kick Chicken|[notarget]
|-fail|p1a: Toxicroak
|
|-weather|RainDance|[upkeep]
|-heal|p1a: Toxicroak|24/100|[from] ability: Dry Skin
|upkeep
|
|t:|1758245022
|switch|p2a: Kiddy Pool|Azumarill, F, shiny|100/100
|turn|22
|
|t:|1758245033
|move|p1a: Toxicroak|Knock Off|p2a: Kiddy Pool
|-resisted|p2a: Kiddy Pool
|-damage|p2a: Kiddy Pool|89/100
|-enditem|p2a: Kiddy Pool|Sitrus Berry|[from] move: Knock Off|[of] p1a: Toxicroak
|move|p2a: Kiddy Pool|Play Rough|p1a: Toxicroak
|-damage|p1a: Toxicroak|0 fnt
|-damage|p2a: Kiddy Pool|73/100|[from] item: Rocky Helmet|[of] p1a: Toxicroak
|faint|p1a: Toxicroak
|
|-weather|RainDance|[upkeep]
|upkeep
|
|t:|1758245044
|switch|p1a: Barraskewda|Barraskewda, F, tera:Water|88/100
|turn|23
|
|t:|1758245052
|move|p1a: Barraskewda|Flip Turn|p2a: Kiddy Pool
|-resisted|p2a: Kiddy Pool
|-crit|p2a: Kiddy Pool
|-damage|p2a: Kiddy Pool|1/100
|
|t:|1758245054
|switch|p1a: Pelipper|Pelipper, F|51/100|[from] Flip Turn
|move|p2a: Kiddy Pool|Play Rough|p1a: Pelipper
|-damage|p1a: Pelipper|0 fnt
|faint|p1a: Pelipper
|
|-weather|RainDance|[upkeep]
|upkeep
|
|t:|1758245056
|switch|p1a: Barraskewda|Barraskewda, F, tera:Water|88/100
|turn|24
|
|t:|1758245057
|move|p1a: Barraskewda|Aqua Jet|p2a: Kiddy Pool
|-resisted|p2a: Kiddy Pool
|-damage|p2a: Kiddy Pool|0 fnt
|faint|p2a: Kiddy Pool
|
|win|Halfgallon67
|raw|Halfgallon67's rating: 1545 &rarr; <strong>1564</strong><br />(+19 for winning)
|raw|meio_potato's rating: 1523 &rarr; <strong>1504</strong><br />(-19 for losing)
|l|☆meio_potato
|player|p2|
|l|☆Halfgallon67
|player|p1|
