|j|☆Mperlop
|j|☆DarkAngel205
|t:|1758351718
|gametype|singles
|player|p1|Mperlop|265|1347
|player|p2|DarkAngel205|102|1351
|gen|9
|tier|[Gen 9] OU
|rated|
|rule|HP Percentage Mod: HP is shown in percentages
|rule|Endless Battle Clause: Forcing endless battles is banned
|rule|Species Clause: Limit one of each Pokémon
|rule|OHKO Clause: OHKO moves are banned
|rule|Evasion Items Clause: Evasion items are banned
|rule|Evasion Moves Clause: Evasion moves are banned
|rule|Evasion Abilities Clause: Evasion abilities are banned
|rule|Sleep Moves Clause: Sleep-inducing moves are banned
|clearpoke
|poke|p1|Primarina, M|
|poke|p1|Great Tusk|
|poke|p1|Kingambit, M|
|poke|p1|Slowking-Galar, M|
|poke|p1|Ogerpon, F|
|poke|p1|Enamorus, F|
|poke|p2|Ninetales, F|
|poke|p2|Iron Moth|
|poke|p2|Walking Wake|
|poke|p2|Lilligant-Hisui, F|
|poke|p2|Corviknight, M|
|poke|p2|Great Tusk|
|teampreview
|inactive|Battle timer is ON: inactive players will automatically lose when time's up. (requested by DarkAngel205)
|
|t:|1758351745
|teamsize|p1|6
|teamsize|p2|6
|start
|switch|p1a: Gin|Enamorus, F, shiny|100/100
|switch|p2a: Corviknight|Corviknight, M|100/100
|turn|1
|inactive|DarkAngel205 has 120 seconds left.
|
|t:|1758351780
|move|p1a: Gin|Mystical Fire|p2a: Corviknight
|-supereffective|p2a: Corviknight
|-damage|p2a: Corviknight|53/100
|-ability|p2a: Corviknight|Mirror Armor
|-boost|p1a: Gin|spa|1
|move|p2a: Corviknight|Sunny Day|p2a: Corviknight
|-weather|SunnyDay
|
|-weather|SunnyDay|[upkeep]
|upkeep
|turn|2
|
|t:|1758351788
|switch|p2a: Walking Wake|Walking Wake|100/100
|-activate|p2a: Walking Wake|ability: Protosynthesis
|-start|p2a: Walking Wake|protosynthesisspa
|move|p1a: Gin|Mystical Fire|p2a: Walking Wake
|-resisted|p2a: Walking Wake
|-damage|p2a: Walking Wake|81/100
|-unboost|p2a: Walking Wake|spa|1
|
|-weather|SunnyDay|[upkeep]
|upkeep
|turn|3
|
|t:|1758351796
|move|p1a: Gin|Mystical Fire|p2a: Walking Wake
|-resisted|p2a: Walking Wake
|-damage|p2a: Walking Wake|62/100
|-unboost|p2a: Walking Wake|spa|1
|move|p2a: Walking Wake|Hydro Steam|p1a: Gin
|-damage|p1a: Gin|44/100
|
|-weather|SunnyDay|[upkeep]
|upkeep
|turn|4
|
|t:|1758351804
|move|p1a: Gin|Mystical Fire|p2a: Walking Wake
|-resisted|p2a: Walking Wake
|-damage|p2a: Walking Wake|41/100
|-unboost|p2a: Walking Wake|spa|1
|move|p2a: Walking Wake|Hydro Steam|p1a: Gin
|-damage|p1a: Gin|0 fnt
|faint|p1a: Gin
|
|-weather|SunnyDay|[upkeep]
|upkeep
|
|t:|1758351823
|switch|p1a: Anonymous|Ogerpon, F|100/100
|turn|5
|
|t:|1758351829
|move|p1a: Anonymous|Ivy Cudgel|p2a: Walking Wake
|-damage|p2a: Walking Wake|0 fnt
|faint|p2a: Walking Wake
|-end|p2a: Walking Wake|Protosynthesis|[silent]
|
|-weather|SunnyDay|[upkeep]
|upkeep
|
|t:|1758351839
|switch|p2a: Iron Moth|Iron Moth|100/100
|-enditem|p2a: Iron Moth|Booster Energy
|-activate|p2a: Iron Moth|ability: Quark Drive|[fromitem]
|-start|p2a: Iron Moth|quarkdrivespe
|turn|6
|
|t:|1758351842
|switch|p1a: Mantra|Slowking-Galar, M, shiny|100/100
|move|p2a: Iron Moth|Fiery Dance|p1a: Mantra
|-damage|p1a: Mantra|66/100
|
|-weather|SunnyDay|[upkeep]
|upkeep
|turn|7
|
|t:|1758351847
|move|p2a: Iron Moth|Fiery Dance|p1a: Mantra
|-damage|p1a: Mantra|34/100
|move|p1a: Mantra|Psychic Noise|p2a: Iron Moth
|-supereffective|p2a: Iron Moth
|-damage|p2a: Iron Moth|49/100
|-start|p2a: Iron Moth|move: Heal Block
|
|-weather|SunnyDay|[upkeep]
|upkeep
|turn|8
|
|t:|1758351858
|move|p2a: Iron Moth|Fiery Dance|p1a: Mantra
|-damage|p1a: Mantra|4/100
|move|p1a: Mantra|Psychic Noise|p2a: Iron Moth
|-supereffective|p2a: Iron Moth
|-damage|p2a: Iron Moth|0 fnt
|faint|p2a: Iron Moth
|-end|p2a: Iron Moth|Quark Drive|[silent]
|
|-weather|none
|upkeep
|
|t:|1758351867
|switch|p2a: Corviknight|Corviknight, M|53/100
|turn|9
|
|t:|1758351873
|switch|p1a: Behemoth|Great Tusk, shiny|100/100
|move|p2a: Corviknight|Roost|p2a: Corviknight
|-heal|p2a: Corviknight|100/100
|-singleturn|p2a: Corviknight|move: Roost
|
|upkeep
|turn|10
|
|t:|1758351880
|move|p1a: Behemoth|Stealth Rock|p2a: Corviknight
|-sidestart|p2: DarkAngel205|move: Stealth Rock
|move|p2a: Corviknight|Sunny Day|p2a: Corviknight
|-weather|SunnyDay
|-activate|p1a: Behemoth|ability: Protosynthesis
|-start|p1a: Behemoth|protosynthesisatk
|
|-weather|SunnyDay|[upkeep]
|upkeep
|turn|11
|
|t:|1758351890
|move|p1a: Behemoth|Rapid Spin|p2a: Corviknight
|-resisted|p2a: Corviknight
|-damage|p2a: Corviknight|93/100
|-boost|p1a: Behemoth|spe|1
|move|p2a: Corviknight|Defog|p1a: Behemoth
|-unboost|p1a: Behemoth|evasion|1
|-sideend|p2: DarkAngel205|Stealth Rock|[from] move: Defog|[of] p2a: Corviknight
|
|-weather|SunnyDay|[upkeep]
|upkeep
|turn|12
|
|t:|1758351897
|move|p1a: Behemoth|Ice Spinner|p2a: Corviknight
|-damage|p2a: Corviknight|67/100
|move|p2a: Corviknight|U-turn|p1a: Behemoth
|-resisted|p1a: Behemoth
|-crit|p1a: Behemoth
|-damage|p1a: Behemoth|93/100
|-damage|p2a: Corviknight|50/100|[from] item: Rocky Helmet|[of] p1a: Behemoth
|
|t:|1758351900
|switch|p2a: Lilligant|Lilligant-Hisui, F|100/100|[from] U-turn
|
|-weather|SunnyDay|[upkeep]
|upkeep
|turn|13
|
|t:|1758351907
|-terastallize|p1a: Behemoth|Fire
|move|p2a: Lilligant|Solar Blade||[still]
|-prepare|p2a: Lilligant|Solar Blade
|-anim|p2a: Lilligant|Solar Blade|p1a: Behemoth
|-resisted|p1a: Behemoth
|-damage|p1a: Behemoth|65/100
|-damage|p2a: Lilligant|84/100|[from] item: Rocky Helmet|[of] p1a: Behemoth
|-damage|p2a: Lilligant|74/100|[from] item: Life Orb
|move|p1a: Behemoth|Ice Spinner|p2a: Lilligant
|-supereffective|p2a: Lilligant
|-damage|p2a: Lilligant|0 fnt
|faint|p2a: Lilligant
|
|-weather|SunnyDay|[upkeep]
|upkeep
|
|t:|1758351923
|switch|p2a: Great Tusk|Great Tusk|100/100
|-activate|p2a: Great Tusk|ability: Protosynthesis
|-start|p2a: Great Tusk|protosynthesisatk
|turn|14
|
|t:|1758351932
|-terastallize|p2a: Great Tusk|Steel
|move|p1a: Behemoth|Ice Spinner|p2a: Great Tusk
|-resisted|p2a: Great Tusk
|-damage|p2a: Great Tusk|88/100
|move|p2a: Great Tusk|Earthquake|p1a: Behemoth
|-supereffective|p1a: Behemoth
|-damage|p1a: Behemoth|0 fnt
|faint|p1a: Behemoth
|-end|p1a: Behemoth|Protosynthesis|[silent]
|
|-weather|SunnyDay|[upkeep]
|-heal|p2a: Great Tusk|94/100|[from] item: Leftovers
|upkeep
|
|t:|1758351943
|switch|p1a: Mantra|Slowking-Galar, M, shiny|38/100
|turn|15
|
|t:|1758351952
|move|p2a: Great Tusk|Earthquake|p1a: Mantra
|-supereffective|p1a: Mantra
|-damage|p1a: Mantra|0 fnt
|faint|p1a: Mantra
|
|-weather|SunnyDay|[upkeep]
|-heal|p2a: Great Tusk|99/100|[from] item: Leftovers
|upkeep
|
|t:|1758351959
|switch|p1a: Anonymous|Ogerpon, F|100/100
|turn|16
|
|t:|1758351967
|move|p1a: Anonymous|Ivy Cudgel|p2a: Great Tusk
|-resisted|p2a: Great Tusk
|-damage|p2a: Great Tusk|71/100
|move|p2a: Great Tusk|Ice Spinner|p1a: Anonymous
|-supereffective|p1a: Anonymous
|-damage|p1a: Anonymous|0 fnt
|faint|p1a: Anonymous
|
|-weather|SunnyDay|[upkeep]
|-heal|p2a: Great Tusk|77/100|[from] item: Leftovers
|upkeep
|
|t:|1758351981
|switch|p1a: Celestine|Primarina, M, shiny|100/100
|turn|17
|
|t:|1758351986
|-end|p2a: Great Tusk|Protosynthesis|[silent]
|switch|p2a: Corviknight|Corviknight, M|50/100
|move|p1a: Celestine|Psychic Noise|p2a: Corviknight
|-damage|p2a: Corviknight|32/100
|-start|p2a: Corviknight|move: Heal Block
|
|-weather|none
|upkeep
|turn|18
|
|t:|1758351992
|move|p1a: Celestine|Psychic Noise|p2a: Corviknight
|-damage|p2a: Corviknight|0 fnt
|faint|p2a: Corviknight
|
|upkeep
|
|t:|1758351995
|switch|p2a: Ninetales|Ninetales, F, shiny|100/100
|-weather|SunnyDay|[from] ability: Drought|[of] p2a: Ninetales
|turn|19
|
|t:|1758351999
|move|p2a: Ninetales|Solar Beam||[still]
|-prepare|p2a: Ninetales|Solar Beam
|-anim|p2a: Ninetales|Solar Beam|p1a: Celestine
|-supereffective|p1a: Celestine
|-damage|p1a: Celestine|39/100
|move|p1a: Celestine|Whirlpool|p2a: Ninetales|[miss]
|-miss|p1a: Celestine|p2a: Ninetales
|
|-weather|SunnyDay|[upkeep]
|-heal|p1a: Celestine|45/100|[from] item: Leftovers
|upkeep
|turn|20
|
|t:|1758352012
|move|p2a: Ninetales|Solar Beam||[still]
|-prepare|p2a: Ninetales|Solar Beam
|-anim|p2a: Ninetales|Solar Beam|p1a: Celestine
|-supereffective|p1a: Celestine
|-damage|p1a: Celestine|0 fnt
|faint|p1a: Celestine
|
|-weather|SunnyDay|[upkeep]
|upkeep
|
|t:|1758352014
|switch|p1a: Overgod|Kingambit, M, shiny|100/100
|-activate|p1a: Overgod|ability: Supreme Overlord
|-start|p1a: Overgod|fallen5|[silent]
|turn|21
|
|t:|1758352021
|move|p2a: Ninetales|Weather Ball|p1a: Overgod
|-supereffective|p1a: Overgod
|-damage|p1a: Overgod|0 fnt
|faint|p1a: Overgod
|-end|p1a: Overgod|fallen5|[silent]
|
|win|DarkAngel205
|raw|Mperlop's rating: 1347 &rarr; <strong>1327</strong><br />(-20 for losing)
|raw|DarkAngel205's rating: 1351 &rarr; <strong>1371</strong><br />(+20 for winning)
|l|☆Mperlop
|player|p1|
|l|☆DarkAngel205
|player|p2|
