|j|☆frazybalkany
|j|☆kebab.ixx
|t:|1758259898
|gametype|singles
|player|p1|frazybalkany|101|1518
|player|p2|kebab.ixx|266|1516
|gen|9
|tier|[Gen 9] OU
|rated|
|rule|HP Percentage Mod: HP is shown in percentages
|rule|Endless Battle Clause: Forcing endless battles is banned
|rule|Species Clause: Limit one of each Pokémon
|rule|OHKO Clause: OHKO moves are banned
|rule|Evasion Items Clause: Evasion items are banned
|rule|Evasion Moves Clause: Evasion moves are banned
|rule|Evasion Abilities Clause: Evasion abilities are banned
|rule|Sleep Moves Clause: Sleep-inducing moves are banned
|clearpoke
|poke|p1|Torkoal, M|
|poke|p1|Dragapult, F|
|poke|p1|Iron Moth|
|poke|p1|Kingambit, M|
|poke|p1|Ceruledge, F|
|poke|p1|Staraptor, F|
|poke|p2|Hydrapple, M|
|poke|p2|Fezandipiti, M|
|poke|p2|Skarmory, M|
|poke|p2|Landorus-Therian, M|
|poke|p2|Samurott-Hisui, M|
|poke|p2|Skeledirge, M|
|teampreview
|inactive|Battle timer is ON: inactive players will automatically lose when time's up. (requested by frazybalkany)
|
|t:|1758259907
|teamsize|p1|6
|teamsize|p2|6
|start
|switch|p1a: Staraptor|Staraptor, F|100/100
|switch|p2a: Landorus|Landorus-Therian, M, shiny|100/100
|-ability|p2a: Landorus|Intimidate|boost
|-unboost|p1a: Staraptor|atk|1
|turn|1
|
|t:|1758259910
|switch|p2a: Skarmory|Skarmory, M, shiny|100/100
|move|p1a: Staraptor|Final Gambit|p2a: Skarmory
|-ability|p2a: Skarmory|Sturdy
|-damage|p2a: Skarmory|1/100
|faint|p1a: Staraptor
|
|upkeep
|
|t:|1758259919
|switch|p1a: Ceruledge|Ceruledge, F|100/100
|turn|2
|
|t:|1758259923
|move|p1a: Ceruledge|Poltergeist|p2a: Skarmory|[miss]
|-miss|p1a: Ceruledge|p2a: Skarmory
|move|p2a: Skarmory|Stealth Rock|p1a: Ceruledge
|-sidestart|p1: frazybalkany|move: Stealth Rock
|
|upkeep
|turn|3
|
|t:|1758259927
|move|p1a: Ceruledge|Poltergeist|p2a: Skarmory
|-activate|p2a: Skarmory|move: Poltergeist|Rocky Helmet
|-damage|p2a: Skarmory|0 fnt
|faint|p2a: Skarmory
|
|upkeep
|
|t:|1758259931
|switch|p2a: Samurott|Samurott-Hisui, M, shiny|100/100
|turn|4
|
|t:|1758259937
|switch|p2a: Landorus|Landorus-Therian, M, shiny|100/100
|-ability|p2a: Landorus|Intimidate|boost
|-unboost|p1a: Ceruledge|atk|1
|move|p1a: Ceruledge|Swords Dance|p1a: Ceruledge
|-boost|p1a: Ceruledge|atk|2
|
|upkeep
|turn|5
|j| wgw2333
|
|t:|1758259945
|move|p2a: Landorus|U-turn|p1a: Ceruledge
|-resisted|p1a: Ceruledge
|-damage|p1a: Ceruledge|92/100
|-ability|p1a: Ceruledge|Weak Armor|boost
|-unboost|p1a: Ceruledge|def|1
|-boost|p1a: Ceruledge|spe|2
|
|t:|1758259947
|switch|p2a: Samurott|Samurott-Hisui, M, shiny|100/100|[from] U-turn
|move|p1a: Ceruledge|Bitter Blade|p2a: Samurott
|-resisted|p2a: Samurott
|-damage|p2a: Samurott|55/100
|-heal|p1a: Ceruledge|100/100|[from] drain|[of] p2a: Samurott
|
|upkeep
|turn|6
|
|t:|1758259957
|switch|p2a: Landorus|Landorus-Therian, M, shiny|100/100
|-ability|p2a: Landorus|Intimidate|boost
|-unboost|p1a: Ceruledge|atk|1
|move|p1a: Ceruledge|Poltergeist|p2a: Landorus
|-activate|p2a: Landorus|move: Poltergeist|Choice Scarf
|-damage|p2a: Landorus|37/100
|
|upkeep
|turn|7
|
|t:|1758259973
|switch|p2a: Skeledirge|Skeledirge, M|100/100
|-terastallize|p1a: Ceruledge|Grass
|move|p1a: Ceruledge|Swords Dance|p1a: Ceruledge
|-boost|p1a: Ceruledge|atk|2
|
|upkeep
|turn|8
|
|t:|1758259982
|move|p1a: Ceruledge|Poltergeist|p2a: Skeledirge
|-activate|p2a: Skeledirge|move: Poltergeist|Heavy-Duty Boots
|-supereffective|p2a: Skeledirge
|-damage|p2a: Skeledirge|17/100
|move|p2a: Skeledirge|Torch Song|p1a: Ceruledge
|-supereffective|p1a: Ceruledge
|-damage|p1a: Ceruledge|28/100
|-boost|p2a: Skeledirge|spa|1
|
|upkeep
|turn|9
|
|t:|1758259988
|move|p1a: Ceruledge|Bitter Blade|p2a: Skeledirge
|-resisted|p2a: Skeledirge
|-damage|p2a: Skeledirge|0 fnt
|-heal|p1a: Ceruledge|39/100|[from] drain|[of] p2a: Skeledirge
|faint|p2a: Skeledirge
|
|upkeep
|
|t:|1758259991
|switch|p2a: Samurott|Samurott-Hisui, M, shiny|55/100
|turn|10
|
|t:|1758259993
|move|p2a: Samurott|Sucker Punch||[still]
|-fail|p2a: Samurott
|move|p1a: Ceruledge|Destiny Bond|p1a: Ceruledge
|-singlemove|p1a: Ceruledge|Destiny Bond
|
|upkeep
|turn|11
|
|t:|1758259998
|switch|p2a: Landorus|Landorus-Therian, M, shiny|37/100
|-ability|p2a: Landorus|Intimidate|boost
|-unboost|p1a: Ceruledge|atk|1
|move|p1a: Ceruledge|Swords Dance|p1a: Ceruledge
|-boost|p1a: Ceruledge|atk|2
|
|upkeep
|turn|12
|
|t:|1758260004
|move|p1a: Ceruledge|Bitter Blade|p2a: Landorus
|-damage|p2a: Landorus|0 fnt
|-heal|p1a: Ceruledge|60/100|[from] drain|[of] p2a: Landorus
|faint|p2a: Landorus
|
|upkeep
|
|t:|1758260005
|switch|p2a: Samurott|Samurott-Hisui, M, shiny|55/100
|turn|13
|
|t:|1758260011
|move|p2a: Samurott|Sucker Punch|p1a: Ceruledge
|-damage|p1a: Ceruledge|0 fnt
|faint|p1a: Ceruledge
|
|upkeep
|
|t:|1758260016
|switch|p1a: Torkoal|Torkoal, M|100/100
|-weather|SunnyDay|[from] ability: Drought|[of] p1a: Torkoal
|turn|14
|
|t:|1758260020
|move|p2a: Samurott|Knock Off|p1a: Torkoal
|-damage|p1a: Torkoal|63/100
|-enditem|p1a: Torkoal|Heavy-Duty Boots|[from] move: Knock Off|[of] p2a: Samurott
|move|p1a: Torkoal|Lava Plume|p2a: Samurott
|-resisted|p2a: Samurott
|-damage|p2a: Samurott|25/100
|
|-weather|SunnyDay|[upkeep]
|upkeep
|turn|15
|
|t:|1758260024
|move|p2a: Samurott|Ceaseless Edge|p1a: Torkoal
|-damage|p1a: Torkoal|25/100
|-sidestart|p1: frazybalkany|Spikes
|move|p1a: Torkoal|Rapid Spin|p2a: Samurott
|-damage|p2a: Samurott|13/100
|-boost|p1a: Torkoal|spe|1
|-sideend|p1: frazybalkany|Spikes|[from] move: Rapid Spin|[of] p1a: Torkoal
|-sideend|p1: frazybalkany|Stealth Rock|[from] move: Rapid Spin|[of] p1a: Torkoal
|
|-weather|SunnyDay|[upkeep]
|upkeep
|turn|16
|
|t:|1758260030
|move|p2a: Samurott|Ceaseless Edge|p1a: Torkoal|[miss]
|-miss|p2a: Samurott|p1a: Torkoal
|move|p1a: Torkoal|Rapid Spin|p2a: Samurott
|-damage|p2a: Samurott|2/100
|-boost|p1a: Torkoal|spe|1
|
|-weather|SunnyDay|[upkeep]
|upkeep
|turn|17
|
|t:|1758260033
|move|p2a: Samurott|Ceaseless Edge|p1a: Torkoal
|-damage|p1a: Torkoal|0 fnt
|-sidestart|p1: frazybalkany|Spikes
|faint|p1a: Torkoal
|
|-weather|SunnyDay|[upkeep]
|upkeep
|
|t:|1758260038
|switch|p1a: Iron Moth|Iron Moth|100/100
|-damage|p1a: Iron Moth|88/100|[from] Spikes
|-enditem|p1a: Iron Moth|Booster Energy
|-activate|p1a: Iron Moth|ability: Quark Drive|[fromitem]
|-start|p1a: Iron Moth|quarkdrivespe
|turn|18
|
|t:|1758260040
|move|p2a: Samurott|Sucker Punch|p1a: Iron Moth
|-damage|p1a: Iron Moth|27/100
|move|p1a: Iron Moth|Fiery Dance|p2a: Samurott
|-resisted|p2a: Samurott
|-damage|p2a: Samurott|0 fnt
|faint|p2a: Samurott
|
|-weather|none
|upkeep
|
|t:|1758260044
|switch|p2a: Fezandipiti|Fezandipiti, M|100/100
|turn|19
|
|t:|1758260052
|move|p1a: Iron Moth|Sludge Wave|p2a: Fezandipiti
|-damage|p2a: Fezandipiti|73/100
|move|p2a: Fezandipiti|Calm Mind|p2a: Fezandipiti
|-boost|p2a: Fezandipiti|spa|1
|-boost|p2a: Fezandipiti|spd|1
|
|upkeep
|turn|20
|
|t:|1758260057
|move|p1a: Iron Moth|Sludge Wave|p2a: Fezandipiti
|-damage|p2a: Fezandipiti|54/100
|move|p2a: Fezandipiti|Calm Mind|p2a: Fezandipiti
|-boost|p2a: Fezandipiti|spa|1
|-boost|p2a: Fezandipiti|spd|1
|
|upkeep
|turn|21
|
|t:|1758260060
|move|p1a: Iron Moth|Sludge Wave|p2a: Fezandipiti
|-crit|p2a: Fezandipiti
|-damage|p2a: Fezandipiti|11/100
|move|p2a: Fezandipiti|Roost|p2a: Fezandipiti
|-heal|p2a: Fezandipiti|61/100
|-singleturn|p2a: Fezandipiti|move: Roost
|
|upkeep
|turn|22
|
|t:|1758260063
|move|p1a: Iron Moth|Sludge Wave|p2a: Fezandipiti
|-damage|p2a: Fezandipiti|48/100
|move|p2a: Fezandipiti|Roost|p2a: Fezandipiti
|-heal|p2a: Fezandipiti|98/100
|-singleturn|p2a: Fezandipiti|move: Roost
|
|upkeep
|turn|23
|
|t:|1758260069
|-end|p1a: Iron Moth|Quark Drive|[silent]
|switch|p1a: Kingambit|Kingambit, M|100/100
|-damage|p1a: Kingambit|88/100|[from] Spikes
|-activate|p1a: Kingambit|ability: Supreme Overlord
|-start|p1a: Kingambit|fallen3|[silent]
|move|p2a: Fezandipiti|Calm Mind|p2a: Fezandipiti
|-boost|p2a: Fezandipiti|spa|1
|-boost|p2a: Fezandipiti|spd|1
|
|upkeep
|turn|24
|
|t:|1758260073
|-terastallize|p2a: Fezandipiti|Water
|move|p2a: Fezandipiti|Moonblast|p1a: Kingambit
|-damage|p1a: Kingambit|16/100
|move|p1a: Kingambit|Iron Head|p2a: Fezandipiti
|-resisted|p2a: Fezandipiti
|-damage|p2a: Fezandipiti|66/100
|
|upkeep
|turn|25
|
|t:|1758260084
|move|p2a: Fezandipiti|Roost|p2a: Fezandipiti
|-heal|p2a: Fezandipiti|100/100
|move|p1a: Kingambit|Low Kick|p2a: Fezandipiti
|-damage|p2a: Fezandipiti|70/100
|
|upkeep
|turn|26
|
|t:|1758260087
|move|p1a: Kingambit|Sucker Punch|p2a: Fezandipiti
|-damage|p2a: Fezandipiti|20/100
|move|p2a: Fezandipiti|Moonblast|p1a: Kingambit
|-damage|p1a: Kingambit|0 fnt
|faint|p1a: Kingambit
|-end|p1a: Kingambit|fallen3|[silent]
|
|upkeep
|
|t:|1758260090
|switch|p1a: Dragapult|Dragapult, F|100/100
|-damage|p1a: Dragapult|88/100|[from] Spikes
|turn|27
|
|t:|1758260092
|move|p1a: Dragapult|Dragon Darts|p2a: Fezandipiti
|-damage|p2a: Fezandipiti|0 fnt
|faint|p2a: Fezandipiti
|
|-heal|p1a: Dragapult|94/100|[from] item: Leftovers
|upkeep
|
|t:|1758260095
|switch|p2a: Hydrapple|Hydrapple, M, shiny|100/100
|turn|28
|
|t:|1758260100
|switch|p1a: Iron Moth|Iron Moth|27/100
|-damage|p1a: Iron Moth|15/100|[from] Spikes
|move|p2a: Hydrapple|Fickle Beam|p1a: Iron Moth
|-damage|p1a: Iron Moth|0 fnt
|faint|p1a: Iron Moth
|-end|p1a: Iron Moth|Quark Drive|[silent]
|
|upkeep
|
|t:|1758260102
|switch|p1a: Dragapult|Dragapult, F|94/100
|-damage|p1a: Dragapult|82/100|[from] Spikes
|turn|29
|
|t:|1758260104
|move|p1a: Dragapult|Dragon Darts|p2a: Hydrapple
|-supereffective|p2a: Hydrapple
|-damage|p2a: Hydrapple|61/100
|-anim|p1a: Dragapult|Dragon Darts|p2a: Hydrapple
|-supereffective|p2a: Hydrapple
|-damage|p2a: Hydrapple|24/100
|move|p2a: Hydrapple|Fickle Beam|p1a: Dragapult|[anim] Fickle Beam All Out
|-activate|p2a: Hydrapple|move: Fickle Beam
|-supereffective|p1a: Dragapult
|-damage|p1a: Dragapult|0 fnt
|faint|p1a: Dragapult
|
|win|kebab.ixx
|raw|frazybalkany's rating: 1518 &rarr; <strong>1498</strong><br />(-20 for losing)
|raw|kebab.ixx's rating: 1516 &rarr; <strong>1536</strong><br />(+20 for winning)
|l|☆frazybalkany
|player|p1|
|l|☆kebab.ixx
|player|p2|
|j|☆kebab.ixx
|player|p2|kebab.ixx|266|
|l|☆kebab.ixx
|player|p2|
