|j|☆Smiley icecream
|j|☆ryan cowtinho
|t:|1758345774
|gametype|singles
|player|p1|Smiley icecream|2|1519
|player|p2|ryan cowtinho|265|1495
|gen|9
|tier|[Gen 9] OU
|rated|
|rule|HP Percentage Mod: HP is shown in percentages
|rule|Endless Battle Clause: Forcing endless battles is banned
|rule|Species Clause: Limit one of each Pokémon
|rule|OHKO Clause: OHKO moves are banned
|rule|Evasion Items Clause: Evasion items are banned
|rule|Evasion Moves Clause: Evasion moves are banned
|rule|Evasion Abilities Clause: Evasion abilities are banned
|rule|Sleep Moves Clause: Sleep-inducing moves are banned
|clearpoke
|poke|p1|Ribombee, F|
|poke|p1|Manaphy|
|poke|p1|Pecharunt|
|poke|p1|Iron Moth|
|poke|p1|Samurott-Hisui, M|
|poke|p1|Great Tusk|
|poke|p2|Landorus-Therian, M|
|poke|p2|Iron Valiant|
|poke|p2|Gholdengo|
|poke|p2|Samurott-Hisui, F|
|poke|p2|Weavile, F|
|poke|p2|Kingambit, F|
|teampreview
|
|t:|1758345781
|teamsize|p1|6
|teamsize|p2|6
|start
|switch|p1a: Ribombee|Ribombee, F|100/100
|switch|p2a: Weavile|Weavile, F|100/100
|-ability|p2a: Weavile|Pressure
|turn|1
|inactive|Battle timer is ON: inactive players will automatically lose when time's up. (requested by Smiley icecream)
|
|t:|1758345788
|switch|p1a: Iron Moth|Iron Moth|100/100
|-enditem|p1a: Iron Moth|Booster Energy
|-activate|p1a: Iron Moth|ability: Quark Drive|[fromitem]
|-start|p1a: Iron Moth|quarkdrivespe
|-terastallize|p2a: Weavile|Ice
|move|p2a: Weavile|Triple Axel|p1a: Iron Moth
|-resisted|p1a: Iron Moth
|-damage|p1a: Iron Moth|91/100
|-resisted|p1a: Iron Moth
|-damage|p1a: Iron Moth|73/100
|-resisted|p1a: Iron Moth
|-damage|p1a: Iron Moth|46/100
|-hitcount|p1a: Iron Moth|3
|
|upkeep
|turn|2
|
|t:|1758345792
|switch|p2a: Samurott|Samurott-Hisui, F|100/100
|move|p1a: Iron Moth|Fiery Dance|p2a: Samurott
|-resisted|p2a: Samurott
|-damage|p2a: Samurott|72/100
|-boost|p1a: Iron Moth|spa|1
|
|upkeep
|turn|3
|
|t:|1758345794
|move|p2a: Samurott|Aqua Jet|p1a: Iron Moth
|-supereffective|p1a: Iron Moth
|-damage|p1a: Iron Moth|0 fnt
|faint|p1a: Iron Moth
|-end|p1a: Iron Moth|Quark Drive|[silent]
|
|upkeep
|
|t:|1758345797
|switch|p1a: Ribombee|Ribombee, F|100/100
|turn|4
|
|t:|1758345800
|move|p1a: Ribombee|Sticky Web|p2a: Samurott
|-sidestart|p2: ryan cowtinho|move: Sticky Web
|move|p2a: Samurott|Encore|p1a: Ribombee
|-start|p1a: Ribombee|Encore
|
|upkeep
|turn|5
|
|t:|1758345811
|switch|p1a: Manaphy|Manaphy|100/100
|move|p2a: Samurott|Ceaseless Edge|p1a: Manaphy
|-damage|p1a: Manaphy|57/100
|-sidestart|p1: Smiley icecream|Spikes
|
|-heal|p1a: Manaphy|63/100|[from] item: Leftovers
|upkeep
|turn|6
|
|t:|1758345813
|move|p1a: Manaphy|Energy Ball|p2a: Samurott
|-supereffective|p2a: Samurott
|-damage|p2a: Samurott|0 fnt
|faint|p2a: Samurott
|
|-heal|p1a: Manaphy|69/100|[from] item: Leftovers
|upkeep
|
|t:|1758345818
|switch|p2a: Gholdengo|Gholdengo|100/100
|-activate|p2a: Gholdengo|move: Sticky Web
|-unboost|p2a: Gholdengo|spe|1
|turn|7
|
|t:|1758345821
|switch|p1a: Samurott|Samurott-Hisui, M|100/100
|-damage|p1a: Samurott|88/100|[from] Spikes
|move|p2a: Gholdengo|Shadow Ball|p1a: Samurott
|-resisted|p1a: Samurott
|-damage|p1a: Samurott|43/100
|
|upkeep
|turn|8
|
|t:|1758345826
|switch|p2a: Iron Valiant|Iron Valiant|100/100
|-activate|p2a: Iron Valiant|move: Sticky Web
|-unboost|p2a: Iron Valiant|spe|1
|-enditem|p2a: Iron Valiant|Booster Energy
|-activate|p2a: Iron Valiant|ability: Quark Drive|[fromitem]
|-start|p2a: Iron Valiant|quarkdrivespa
|move|p1a: Samurott|Ceaseless Edge|p2a: Iron Valiant
|-resisted|p2a: Iron Valiant
|-damage|p2a: Iron Valiant|85/100
|-sidestart|p2: ryan cowtinho|Spikes
|
|upkeep
|turn|9
|
|t:|1758345829
|move|p1a: Samurott|Aqua Cutter|p2a: Iron Valiant
|-crit|p2a: Iron Valiant
|-damage|p2a: Iron Valiant|0 fnt
|faint|p2a: Iron Valiant
|-end|p2a: Iron Valiant|Quark Drive|[silent]
|
|upkeep
|
|t:|1758345836
|switch|p2a: Weavile|Weavile, F, tera:Ice|100/100
|-ability|p2a: Weavile|Pressure
|turn|10
|
|t:|1758345841
|move|p1a: Samurott|Sucker Punch|p2a: Weavile
|-damage|p2a: Weavile|49/100
|move|p2a: Weavile|Triple Axel|p1a: Samurott
|-resisted|p1a: Samurott
|-damage|p1a: Samurott|35/100
|-resisted|p1a: Samurott
|-damage|p1a: Samurott|19/100
|-resisted|p1a: Samurott
|-damage|p1a: Samurott|0 fnt
|faint|p1a: Samurott
|-hitcount|p1: Samurott|3
|
|upkeep
|
|t:|1758345847
|switch|p1a: Great Tusk|Great Tusk|100/100
|-damage|p1a: Great Tusk|88/100|[from] Spikes
|-enditem|p1a: Great Tusk|Booster Energy
|-activate|p1a: Great Tusk|ability: Protosynthesis|[fromitem]
|-start|p1a: Great Tusk|protosynthesisatk
|turn|11
|
|t:|1758345852
|switch|p2a: Gholdengo|Gholdengo|100/100
|-activate|p2a: Gholdengo|move: Sticky Web
|-unboost|p2a: Gholdengo|spe|1
|-damage|p2a: Gholdengo|88/100|[from] Spikes
|-terastallize|p1a: Great Tusk|Fire
|move|p1a: Great Tusk|Rapid Spin|p2a: Gholdengo
|-immune|p2a: Gholdengo
|
|upkeep
|turn|12
|
|t:|1758345855
|move|p1a: Great Tusk|Headlong Rush|p2a: Gholdengo
|-supereffective|p2a: Gholdengo
|-damage|p2a: Gholdengo|0 fnt
|-unboost|p1a: Great Tusk|def|1
|-unboost|p1a: Great Tusk|spd|1
|faint|p2a: Gholdengo
|
|upkeep
|
|t:|1758345857
|switch|p2a: Landorus|Landorus-Therian, M|100/100
|-ability|p2a: Landorus|Intimidate|boost
|-unboost|p1a: Great Tusk|atk|1
|turn|13
|
|t:|1758345863
|-end|p1a: Great Tusk|Protosynthesis|[silent]
|switch|p1a: Ribombee|Ribombee, F|100/100
|-damage|p1a: Ribombee|88/100|[from] Spikes
|move|p2a: Landorus|Earth Power|p1a: Ribombee
|-resisted|p1a: Ribombee
|-damage|p1a: Ribombee|62/100
|
|upkeep
|turn|14
|
|t:|1758345869
|switch|p2a: Kingambit|Kingambit, F|100/100
|-activate|p2a: Kingambit|move: Sticky Web
|-unboost|p2a: Kingambit|spe|1
|-damage|p2a: Kingambit|88/100|[from] Spikes
|-activate|p2a: Kingambit|ability: Supreme Overlord
|-start|p2a: Kingambit|fallen3|[silent]
|move|p1a: Ribombee|Moonblast|p2a: Kingambit
|-damage|p2a: Kingambit|43/100
|
|upkeep
|turn|15
|
|t:|1758345874
|move|p1a: Ribombee|Moonblast|p2a: Kingambit
|-damage|p2a: Kingambit|0 fnt
|faint|p2a: Kingambit
|-end|p2a: Kingambit|fallen3|[silent]
|
|upkeep
|
|t:|1758345875
|switch|p2a: Weavile|Weavile, F, tera:Ice|49/100
|-ability|p2a: Weavile|Pressure
|turn|16
|
|t:|1758345878
|move|p2a: Weavile|Triple Axel|p1a: Ribombee
|-damage|p1a: Ribombee|33/100
|-damage|p1a: Ribombee|0 fnt
|faint|p1a: Ribombee
|-hitcount|p1: Ribombee|2
|
|upkeep
|
|t:|1758345881
|switch|p1a: Pecharunt|Pecharunt|100/100
|-damage|p1a: Pecharunt|88/100|[from] Spikes
|turn|17
|
|t:|1758345883
|switch|p2a: Landorus|Landorus-Therian, M|100/100
|-ability|p2a: Landorus|Intimidate|boost
|-unboost|p1a: Pecharunt|atk|1
|move|p1a: Pecharunt|Malignant Chain|p2a: Landorus
|-resisted|p2a: Landorus
|-damage|p2a: Landorus|80/100
|-status|p2a: Landorus|tox
|-start|p2a: Landorus|confusion|[from] ability: Poison Puppeteer|[of] p1a: Pecharunt
|
|-damage|p2a: Landorus|74/100 tox|[from] psn
|upkeep
|turn|18
|
|t:|1758345888
|-activate|p2a: Landorus|confusion
|-damage|p2a: Landorus|62/100 tox|[from] confusion
|move|p1a: Pecharunt|Shadow Ball|p2a: Landorus
|-damage|p2a: Landorus|31/100 tox
|
|-damage|p2a: Landorus|19/100 tox|[from] psn
|upkeep
|turn|19
|
|t:|1758345891
|-end|p2a: Landorus|confusion
|move|p2a: Landorus|Earth Power|p1a: Pecharunt
|-supereffective|p1a: Pecharunt
|-enditem|p1a: Pecharunt|Shuca Berry|[eat]
|-enditem|p1a: Pecharunt|Shuca Berry|[weaken]
|-damage|p1a: Pecharunt|53/100
|move|p1a: Pecharunt|Tera Blast|p2a: Landorus
|-damage|p2a: Landorus|0 fnt
|faint|p2a: Landorus
|
|upkeep
|
|t:|1758345893
|switch|p2a: Weavile|Weavile, F, tera:Ice|49/100
|-ability|p2a: Weavile|Pressure
|turn|20
|
|t:|1758345899
|move|p2a: Weavile|Swords Dance|p2a: Weavile
|-boost|p2a: Weavile|atk|2
|move|p1a: Pecharunt|Malignant Chain|p2a: Weavile
|-damage|p2a: Weavile|1/100
|-status|p2a: Weavile|tox
|-start|p2a: Weavile|confusion|[from] ability: Poison Puppeteer|[of] p1a: Pecharunt
|
|-damage|p2a: Weavile|0 fnt|[from] psn
|faint|p2a: Weavile
|
|win|Smiley icecream
|raw|Smiley icecream's rating: 1519 &rarr; <strong>1538</strong><br />(+19 for winning)
|raw|ryan cowtinho's rating: 1495 &rarr; <strong>1476</strong><br />(-19 for losing)
|c|☆Smiley icecream|gg
|l|☆ryan cowtinho
|player|p2|
|l|☆Smiley icecream
|player|p1|
