|j|☆vryfast
|j|☆torrence11
|t:|1758294116
|gametype|singles
|player|p1|vryfast|266|1096
|player|p2|torrence11|bruno|1129
|gen|9
|tier|[Gen 9] OU
|rated|
|rule|HP Percentage Mod: HP is shown in percentages
|rule|Endless Battle Clause: Forcing endless battles is banned
|rule|Species Clause: Limit one of each Pokémon
|rule|OHKO Clause: OHKO moves are banned
|rule|Evasion Items Clause: Evasion items are banned
|rule|Evasion Moves Clause: Evasion moves are banned
|rule|Evasion Abilities Clause: Evasion abilities are banned
|rule|Sleep Moves Clause: Sleep-inducing moves are banned
|clearpoke
|poke|p1|Moltres|
|poke|p1|Articuno|
|poke|p1|Feraligatr, M|
|poke|p1|Charizard, F|
|poke|p1|Slowking-Galar, F|
|poke|p1|Donphan, F|
|poke|p2|Ting-Lu|
|poke|p2|Darkrai|
|poke|p2|Corviknight, M|
|poke|p2|Fezandipiti, M|
|poke|p2|Pecharunt|
|poke|p2|Latios, M|
|teampreview
|inactive|Battle timer is ON: inactive players will automatically lose when time's up. (requested by torrence11)
|
|t:|1758294123
|teamsize|p1|6
|teamsize|p2|6
|start
|switch|p1a: Feraligatr|Feraligatr, M|100/100
|switch|p2a: Ting-Lu|Ting-Lu, shiny|100/100
|-ability|p2a: Ting-Lu|Vessel of Ruin
|turn|1
|
|t:|1758294133
|move|p1a: Feraligatr|Dragon Dance|p1a: Feraligatr
|-boost|p1a: Feraligatr|atk|1
|-boost|p1a: Feraligatr|spe|1
|move|p2a: Ting-Lu|Ruination|p1a: Feraligatr|[miss]
|-miss|p2a: Ting-Lu|p1a: Feraligatr
|
|upkeep
|turn|2
|
|t:|1758294139
|move|p1a: Feraligatr|Liquidation|p2a: Ting-Lu
|-supereffective|p2a: Ting-Lu
|-damage|p2a: Ting-Lu|6/100
|move|p2a: Ting-Lu|Ruination|p1a: Feraligatr
|-damage|p1a: Feraligatr|50/100
|
|-heal|p2a: Ting-Lu|12/100|[from] item: Leftovers
|upkeep
|turn|3
|
|t:|1758294153
|move|p1a: Feraligatr|Ice Punch|p2a: Ting-Lu
|-supereffective|p2a: Ting-Lu
|-damage|p2a: Ting-Lu|0 fnt
|faint|p2a: Ting-Lu
|
|upkeep
|
|t:|1758294174
|switch|p2a: Corviknight|Corviknight, M|100/100
|-ability|p2a: Corviknight|Pressure
|turn|4
|
|t:|1758294184
|move|p1a: Feraligatr|Liquidation|p2a: Corviknight
|-damage|p2a: Corviknight|50/100
|-damage|p1a: Feraligatr|34/100|[from] item: Rocky Helmet|[of] p2a: Corviknight
|move|p2a: Corviknight|Body Press|p1a: Feraligatr
|-damage|p1a: Feraligatr|8/100
|
|upkeep
|turn|5
|
|t:|1758294192
|move|p1a: Feraligatr|Liquidation|p2a: Corviknight
|-damage|p2a: Corviknight|0 fnt
|-damage|p1a: Feraligatr|0 fnt|[from] item: Rocky Helmet|[of] p2a: Corviknight
|faint|p2a: Corviknight
|faint|p1a: Feraligatr
|
|upkeep
|
|t:|1758294202
|switch|p1a: Donphan|Donphan, F|100/100
|switch|p2a: Pecharunt|Pecharunt|100/100
|turn|6
|
|t:|1758294211
|move|p2a: Pecharunt|Malignant Chain|p1a: Donphan
|-resisted|p1a: Donphan
|-damage|p1a: Donphan|80/100
|move|p1a: Donphan|Knock Off|p2a: Pecharunt
|-supereffective|p2a: Pecharunt
|-crit|p2a: Pecharunt
|-damage|p2a: Pecharunt|49/100
|-enditem|p2a: Pecharunt|Heavy-Duty Boots|[from] move: Knock Off|[of] p1a: Donphan
|
|upkeep
|turn|7
|
|t:|1758294218
|move|p2a: Pecharunt|Foul Play|p1a: Donphan
|-damage|p1a: Donphan|56/100
|move|p1a: Donphan|Earthquake|p2a: Pecharunt
|-supereffective|p2a: Pecharunt
|-damage|p2a: Pecharunt|0 fnt
|faint|p2a: Pecharunt
|
|upkeep
|
|t:|1758294222
|switch|p2a: Fezandipiti|Fezandipiti, M|100/100
|turn|8
|
|t:|1758294230
|move|p2a: Fezandipiti|Sludge Bomb|p1a: Donphan
|-resisted|p1a: Donphan
|-damage|p1a: Donphan|42/100
|-status|p1a: Donphan|psn
|move|p1a: Donphan|Earthquake|p2a: Fezandipiti
|-supereffective|p2a: Fezandipiti
|-damage|p2a: Fezandipiti|0 fnt
|faint|p2a: Fezandipiti
|
|-damage|p1a: Donphan|29/100 psn|[from] psn
|upkeep
|
|t:|1758294241
|switch|p2a: Latios|Latios, M|100/100
|turn|9
|
|t:|1758294246
|move|p2a: Latios|Dragon Pulse|p1a: Donphan
|-damage|p1a: Donphan|0 fnt
|faint|p1a: Donphan
|
|upkeep
|
|t:|1758294253
|switch|p1a: Articuno|Articuno|100/100
|-ability|p1a: Articuno|Pressure
|turn|10
|
|t:|1758294261
|switch|p2a: Darkrai|Darkrai, shiny|100/100
|move|p1a: Articuno|Light Screen|p1a: Articuno
|-sidestart|p1: vryfast|move: Light Screen
|
|upkeep
|turn|11
|
|t:|1758294273
|switch|p1a: Moltres|Moltres|100/100
|move|p2a: Darkrai|Knock Off|p1a: Moltres
|-damage|p1a: Moltres|78/100
|-damage|p2a: Darkrai|84/100|[from] item: Rocky Helmet|[of] p1a: Moltres
|-status|p2a: Darkrai|brn|[from] ability: Flame Body|[of] p1a: Moltres
|-enditem|p1a: Moltres|Rocky Helmet|[from] move: Knock Off|[of] p2a: Darkrai
|
|-damage|p2a: Darkrai|78/100 brn|[from] brn
|upkeep
|turn|12
|
|t:|1758294283
|move|p2a: Darkrai|Sludge Bomb|p1a: Moltres
|-damage|p1a: Moltres|61/100
|-status|p1a: Moltres|psn
|move|p1a: Moltres|U-turn|p2a: Darkrai
|-supereffective|p2a: Darkrai
|-damage|p2a: Darkrai|42/100 brn
|
|t:|1758294287
|switch|p1a: Charizard|Charizard, F, shiny|100/100|[from] U-turn
|
|-damage|p2a: Darkrai|36/100 brn|[from] brn
|upkeep
|turn|13
|
|t:|1758294293
|move|p2a: Darkrai|Ice Beam|p1a: Charizard
|-damage|p1a: Charizard|84/100
|move|p1a: Charizard|Dragon Dance|p1a: Charizard
|-boost|p1a: Charizard|atk|1
|-boost|p1a: Charizard|spe|1
|
|-damage|p2a: Darkrai|30/100 brn|[from] brn
|upkeep
|turn|14
|
|t:|1758294302
|move|p1a: Charizard|Dragon Dance|p1a: Charizard
|-boost|p1a: Charizard|atk|1
|-boost|p1a: Charizard|spe|1
|move|p2a: Darkrai|Sludge Bomb|p1a: Charizard
|-crit|p1a: Charizard
|-damage|p1a: Charizard|30/100
|-status|p1a: Charizard|psn
|-enditem|p1a: Charizard|Sitrus Berry|[eat]
|-heal|p1a: Charizard|55/100 psn|[from] item: Sitrus Berry
|
|-damage|p1a: Charizard|42/100 psn|[from] psn
|-damage|p2a: Darkrai|24/100 brn|[from] brn
|upkeep
|turn|15
|
|t:|1758294319
|-terastallize|p2a: Darkrai|Poison
|move|p1a: Charizard|Acrobatics|p2a: Darkrai
|-damage|p2a: Darkrai|0 fnt
|faint|p2a: Darkrai
|
|-damage|p1a: Charizard|30/100 psn|[from] psn
|upkeep
|
|t:|1758294328
|switch|p2a: Latios|Latios, M|100/100
|turn|16
|
|t:|1758294340
|move|p1a: Charizard|Acrobatics|p2a: Latios
|-damage|p2a: Latios|0 fnt
|faint|p2a: Latios
|
|win|vryfast
|raw|vryfast's rating: 1096 &rarr; <strong>1124</strong><br />(+28 for winning)
|raw|torrence11's rating: 1129 &rarr; <strong>1102</strong><br />(-27 for losing)
|l|☆vryfast
|player|p1|
|l|☆torrence11
|player|p2|
