|j|☆DrAlphaStone
|j|☆CaylieGetsAngy
|t:|1758335821
|gametype|singles
|player|p1|DrAlphaStone|karen|1648
|player|p2|CaylieGetsAngy|101|1657
|gen|9
|tier|[Gen 9] OU
|rated|
|rule|HP Percentage Mod: HP is shown in percentages
|rule|Endless Battle Clause: Forcing endless battles is banned
|rule|Species Clause: Limit one of each Pokémon
|rule|OHKO Clause: OHKO moves are banned
|rule|Evasion Items Clause: Evasion items are banned
|rule|Evasion Moves Clause: Evasion moves are banned
|rule|Evasion Abilities Clause: Evasion abilities are banned
|rule|Sleep Moves Clause: Sleep-inducing moves are banned
|clearpoke
|poke|p1|Dragapult, M|
|poke|p1|Slowking-Galar, F|
|poke|p1|Zamazenta-*|
|poke|p1|Ogerpon-Wellspring, F|
|poke|p1|Rotom-Heat|
|poke|p1|Iron Treads|
|poke|p2|Alomomola, M|
|poke|p2|Lokix, M|
|poke|p2|Toxicroak, F|
|poke|p2|Gliscor, M|
|poke|p2|Slowking-Galar, M|
|poke|p2|Great Tusk|
|teampreview
|inactive|Battle timer is ON: inactive players will automatically lose when time's up. (requested by CaylieGetsAngy)
|
|t:|1758335840
|teamsize|p1|6
|teamsize|p2|6
|start
|switch|p1a: Ogerpon|Ogerpon-Wellspring, F|100/100
|switch|p2a: Lokix|Lokix, M|100/100
|turn|1
|
|t:|1758335855
|switch|p1a: Zamazenta|Zamazenta|100/100
|-ability|p1a: Zamazenta|Dauntless Shield|boost
|-boost|p1a: Zamazenta|def|1
|move|p2a: Lokix|U-turn|p1a: Zamazenta
|-resisted|p1a: Zamazenta
|-damage|p1a: Zamazenta|77/100
|
|t:|1758335863
|switch|p2a: Toxicroak|Toxicroak, F|100/100|[from] U-turn
|
|-heal|p1a: Zamazenta|83/100|[from] item: Leftovers
|upkeep
|turn|2
|
|t:|1758335874
|switch|p1a: Slowking|Slowking-Galar, F|100/100
|move|p2a: Toxicroak|Knock Off|p1a: Slowking
|-supereffective|p1a: Slowking
|-damage|p1a: Slowking|51/100
|-enditem|p1a: Slowking|Heavy-Duty Boots|[from] move: Knock Off|[of] p2a: Toxicroak
|
|upkeep
|turn|3
|
|t:|1758335879
|switch|p2a: Gliscor|Gliscor, M|100/100
|-prepare|p1a: Slowking|Chilly Reception|[premajor]
|move|p1a: Slowking|Chilly Reception|p1a: Slowking
|-weather|Snowscape
|
|t:|1758335882
|switch|p1a: Ogerpon|Ogerpon-Wellspring, F|100/100|[from] Chilly Reception
|
|-weather|Snowscape|[upkeep]
|-status|p2a: Gliscor|tox|[from] item: Toxic Orb
|upkeep
|turn|4
|
|t:|1758335902
|move|p1a: Ogerpon|U-turn|p2a: Gliscor
|-resisted|p2a: Gliscor
|-damage|p2a: Gliscor|91/100 tox
|
|t:|1758335908
|switch|p1a: Dragapult|Dragapult, M|100/100|[from] U-turn
|move|p2a: Gliscor|Toxic|p1a: Dragapult
|-status|p1a: Dragapult|tox
|
|-weather|Snowscape|[upkeep]
|-damage|p1a: Dragapult|94/100 tox|[from] psn
|-heal|p2a: Gliscor|100/100 tox|[from] ability: Poison Heal
|upkeep
|turn|5
|
|t:|1758335915
|switch|p1a: Ogerpon|Ogerpon-Wellspring, F|100/100
|move|p2a: Gliscor|Knock Off|p1a: Ogerpon
|-damage|p1a: Ogerpon|82/100
|
|-weather|Snowscape|[upkeep]
|upkeep
|turn|6
|inactive|CaylieGetsAngy has 120 seconds left.
|
|t:|1758335972
|move|p1a: Ogerpon|Ivy Cudgel|p2a: Gliscor|[anim] Ivy Cudgel Water
|-supereffective|p2a: Gliscor
|-damage|p2a: Gliscor|11/100 tox
|move|p2a: Gliscor|Toxic|p1a: Ogerpon
|-status|p1a: Ogerpon|tox
|
|-weather|Snowscape|[upkeep]
|-damage|p1a: Ogerpon|76/100 tox|[from] psn
|-heal|p2a: Gliscor|23/100 tox|[from] ability: Poison Heal
|upkeep
|turn|7
|
|t:|1758335977
|switch|p2a: Toxicroak|Toxicroak, F|100/100
|move|p1a: Ogerpon|U-turn|p2a: Toxicroak
|-resisted|p2a: Toxicroak
|-damage|p2a: Toxicroak|94/100
|-damage|p1a: Ogerpon|60/100 tox|[from] item: Rocky Helmet|[of] p2a: Toxicroak
|
|t:|1758335984
|switch|p1a: Slowking|Slowking-Galar, F|85/100|[from] U-turn
|
|-weather|none
|upkeep
|turn|8
|
|t:|1758335988
|switch|p2a: Slowking|Slowking-Galar, M|100/100
|move|p1a: Slowking|Future Sight|p2a: Slowking
|-start|p1a: Slowking|move: Future Sight
|
|upkeep
|turn|9
|
|t:|1758335993
|switch|p2a: Alomomola|Alomomola, M|100/100
|-prepare|p1a: Slowking|Chilly Reception|[premajor]
|move|p1a: Slowking|Chilly Reception|p1a: Slowking
|-weather|Snowscape
|
|t:|1758336001
|switch|p1a: Ogerpon|Ogerpon-Wellspring, F|60/100 tox|[from] Chilly Reception
|
|-weather|Snowscape|[upkeep]
|-damage|p1a: Ogerpon|54/100 tox|[from] psn
|upkeep
|turn|10
|
|t:|1758336009
|move|p2a: Alomomola|Protect|p2a: Alomomola
|-singleturn|p2a: Alomomola|Protect
|move|p1a: Ogerpon|Horn Leech|p2a: Alomomola
|-activate|p2a: Alomomola|move: Protect
|
|-weather|Snowscape|[upkeep]
|-end|p2a: Alomomola|move: Future Sight
|-damage|p2a: Alomomola|63/100
|-damage|p1a: Ogerpon|42/100 tox|[from] psn
|upkeep
|turn|11
|
|t:|1758336014
|switch|p2a: Toxicroak|Toxicroak, F|94/100
|move|p1a: Ogerpon|Horn Leech|p2a: Toxicroak
|-resisted|p2a: Toxicroak
|-damage|p2a: Toxicroak|75/100
|-heal|p1a: Ogerpon|53/100 tox|[from] drain|[of] p2a: Toxicroak
|-damage|p1a: Ogerpon|37/100 tox|[from] item: Rocky Helmet|[of] p2a: Toxicroak
|
|-weather|Snowscape|[upkeep]
|-damage|p1a: Ogerpon|19/100 tox|[from] psn
|upkeep
|turn|12
|
|t:|1758336024
|switch|p1a: Slowking|Slowking-Galar, F|100/100
|move|p2a: Toxicroak|Knock Off|p1a: Slowking
|-supereffective|p1a: Slowking
|-damage|p1a: Slowking|66/100
|
|-weather|Snowscape|[upkeep]
|upkeep
|turn|13
|
|t:|1758336031
|switch|p2a: Alomomola|Alomomola, M|96/100
|move|p1a: Slowking|Sludge Bomb|p2a: Alomomola
|-damage|p2a: Alomomola|64/100
|-status|p2a: Alomomola|psn
|
|-weather|none
|-damage|p2a: Alomomola|51/100 psn|[from] psn
|upkeep
|turn|14
|
|t:|1758336035
|-prepare|p1a: Slowking|Chilly Reception|[premajor]
|move|p1a: Slowking|Chilly Reception|p1a: Slowking
|-weather|Snowscape
|
|t:|1758336046
|switch|p1a: Rotom|Rotom-Heat|100/100|[from] Chilly Reception
|move|p2a: Alomomola|Flip Turn|p1a: Rotom
|-supereffective|p1a: Rotom
|-damage|p1a: Rotom|71/100
|
|t:|1758336052
|switch|p2a: Gliscor|Gliscor, M|23/100 tox|[from] Flip Turn
|
|-weather|Snowscape|[upkeep]
|-heal|p2a: Gliscor|36/100 tox|[from] ability: Poison Heal
|upkeep
|turn|15
|c|☆DrAlphaStone|interesting tech
|
|t:|1758336061
|move|p2a: Gliscor|Protect|p2a: Gliscor
|-singleturn|p2a: Gliscor|Protect
|move|p1a: Rotom|Overheat|p2a: Gliscor
|-activate|p2a: Gliscor|move: Protect
|
|-weather|Snowscape|[upkeep]
|-heal|p2a: Gliscor|48/100 tox|[from] ability: Poison Heal
|upkeep
|turn|16
|
|t:|1758336068
|switch|p2a: Slowking|Slowking-Galar, M|100/100
|move|p1a: Rotom|Overheat|p2a: Slowking
|-damage|p2a: Slowking|79/100
|-unboost|p1a: Rotom|spa|2
|
|-weather|Snowscape|[upkeep]
|upkeep
|turn|17
|
|t:|1758336071
|switch|p2a: Gliscor|Gliscor, M|48/100 tox
|move|p1a: Rotom|Volt Switch|p2a: Gliscor
|-immune|p2a: Gliscor
|
|-weather|Snowscape|[upkeep]
|-heal|p2a: Gliscor|60/100 tox|[from] ability: Poison Heal
|upkeep
|turn|18
|
|t:|1758336081
|switch|p1a: Iron Treads|Iron Treads|100/100
|move|p2a: Gliscor|Knock Off|p1a: Iron Treads
|-damage|p1a: Iron Treads|81/100
|-enditem|p1a: Iron Treads|Heavy-Duty Boots|[from] move: Knock Off|[of] p2a: Gliscor
|
|-weather|none
|-heal|p2a: Gliscor|73/100 tox|[from] ability: Poison Heal
|upkeep
|turn|19
|
|t:|1758336084
|switch|p2a: Alomomola|Alomomola, M|85/100 psn
|move|p1a: Iron Treads|Stealth Rock|p2a: Alomomola
|-sidestart|p2: CaylieGetsAngy|move: Stealth Rock
|
|-damage|p2a: Alomomola|72/100 psn|[from] psn
|upkeep
|turn|20
|
|t:|1758336087
|move|p1a: Iron Treads|Knock Off|p2a: Alomomola
|-damage|p2a: Alomomola|54/100 psn
|-enditem|p2a: Alomomola|Lagging Tail|[from] move: Knock Off|[of] p1a: Iron Treads
|move|p2a: Alomomola|Wish|p2a: Alomomola
|
|-damage|p2a: Alomomola|41/100 psn|[from] psn
|upkeep
|turn|21
|
|t:|1758336095
|-end|p1a: Iron Treads|Quark Drive|[silent]
|switch|p1a: Ogerpon|Ogerpon-Wellspring, F|19/100 tox
|move|p2a: Alomomola|Tickle|p1a: Ogerpon
|-unboost|p1a: Ogerpon|atk|1
|-unboost|p1a: Ogerpon|def|1
|
|-heal|p2a: Alomomola|91/100 psn|[from] move: Wish|[wisher] Alomomola
|-damage|p1a: Ogerpon|13/100 tox|[from] psn
|-damage|p2a: Alomomola|79/100 psn|[from] psn
|upkeep
|turn|22
|
|t:|1758336104
|switch|p1a: Iron Treads|Iron Treads|81/100
|switch|p2a: Toxicroak|Toxicroak, F|75/100
|-damage|p2a: Toxicroak|69/100|[from] Stealth Rock
|
|upkeep
|turn|23
|
|t:|1758336116
|switch|p2a: Great Tusk|Great Tusk|100/100
|move|p1a: Iron Treads|Knock Off|p2a: Great Tusk
|-resisted|p2a: Great Tusk
|-damage|p2a: Great Tusk|91/100
|-enditem|p2a: Great Tusk|Heavy-Duty Boots|[from] move: Knock Off|[of] p1a: Iron Treads
|
|upkeep
|turn|24
|
|t:|1758336133
|-end|p1a: Iron Treads|Quark Drive|[silent]
|switch|p1a: Rotom|Rotom-Heat|71/100
|move|p2a: Great Tusk|Stealth Rock|p1a: Rotom
|-sidestart|p1: DrAlphaStone|move: Stealth Rock
|
|upkeep
|turn|25
|
|t:|1758336140
|-end|p2a: Great Tusk|Protosynthesis|[silent]
|switch|p2a: Slowking|Slowking-Galar, M|100/100
|-damage|p2a: Slowking|88/100|[from] Stealth Rock
|move|p1a: Rotom|Will-O-Wisp|p2a: Slowking|[miss]
|-miss|p1a: Rotom|p2a: Slowking
|
|upkeep
|turn|26
|
|t:|1758336148
|move|p1a: Rotom|Volt Switch|p2a: Slowking
|-damage|p2a: Slowking|77/100
|
|t:|1758336151
|switch|p1a: Slowking|Slowking-Galar, F|99/100|[from] Volt Switch
|-damage|p1a: Slowking|87/100|[from] Stealth Rock
|move|p2a: Slowking|Flamethrower|p1a: Slowking
|-crit|p1a: Slowking
|-damage|p1a: Slowking|64/100
|
|upkeep
|turn|27
|
|t:|1758336154
|move|p2a: Slowking|Psychic Noise|p1a: Slowking
|-damage|p1a: Slowking|44/100
|-start|p1a: Slowking|move: Heal Block
|-prepare|p1a: Slowking|Chilly Reception|[premajor]
|move|p1a: Slowking|Chilly Reception|p1a: Slowking
|-weather|Snowscape
|
|t:|1758336157
|switch|p1a: Iron Treads|Iron Treads|81/100|[from] Chilly Reception
|-damage|p1a: Iron Treads|77/100|[from] Stealth Rock
|
|-weather|Snowscape|[upkeep]
|upkeep
|turn|28
|
|t:|1758336164
|switch|p2a: Gliscor|Gliscor, M|73/100 tox
|-damage|p2a: Gliscor|60/100 tox|[from] Stealth Rock
|move|p1a: Iron Treads|Earthquake|p2a: Gliscor
|-immune|p2a: Gliscor
|
|-weather|Snowscape|[upkeep]
|-heal|p2a: Gliscor|73/100 tox|[from] ability: Poison Heal
|upkeep
|turn|29
|
|t:|1758336167
|move|p2a: Gliscor|Protect|p2a: Gliscor
|-singleturn|p2a: Gliscor|Protect
|move|p1a: Iron Treads|Rapid Spin|p2a: Gliscor
|-activate|p2a: Gliscor|move: Protect
|
|-weather|Snowscape|[upkeep]
|-heal|p2a: Gliscor|85/100 tox|[from] ability: Poison Heal
|upkeep
|turn|30
|
|t:|1758336173
|move|p1a: Iron Treads|Rapid Spin|p2a: Gliscor
|-damage|p2a: Gliscor|74/100 tox
|-boost|p1a: Iron Treads|spe|1
|-sideend|p1: DrAlphaStone|Stealth Rock|[from] move: Rapid Spin|[of] p1a: Iron Treads
|move|p2a: Gliscor|Earthquake|p1a: Iron Treads
|-supereffective|p1a: Iron Treads
|-damage|p1a: Iron Treads|17/100
|
|-weather|Snowscape|[upkeep]
|-heal|p2a: Gliscor|86/100 tox|[from] ability: Poison Heal
|upkeep
|turn|31
|inactive|CaylieGetsAngy has 120 seconds left.
|
|t:|1758336225
|-end|p1a: Iron Treads|Quark Drive|[silent]
|switch|p1a: Slowking|Slowking-Galar, F|77/100
|move|p2a: Gliscor|Protect||[still]
|-fail|p2a: Gliscor
|
|-weather|none
|-heal|p2a: Gliscor|99/100 tox|[from] ability: Poison Heal
|upkeep
|turn|32
|
|t:|1758336235
|move|p2a: Gliscor|Earthquake|p1a: Slowking
|-supereffective|p1a: Slowking
|-damage|p1a: Slowking|12/100
|move|p1a: Slowking|Future Sight|p2a: Gliscor
|-start|p1a: Slowking|move: Future Sight
|
|-heal|p2a: Gliscor|100/100 tox|[from] ability: Poison Heal
|upkeep
|turn|33
|
|t:|1758336243
|switch|p1a: Rotom|Rotom-Heat|71/100
|move|p2a: Gliscor|Knock Off|p1a: Rotom
|-damage|p1a: Rotom|50/100
|-enditem|p1a: Rotom|Heavy-Duty Boots|[from] move: Knock Off|[of] p2a: Gliscor
|
|upkeep
|turn|34
|inactive|CaylieGetsAngy has 120 seconds left.
|
|t:|1758336248
|move|p2a: Gliscor|Protect|p2a: Gliscor
|-singleturn|p2a: Gliscor|Protect
|move|p1a: Rotom|Pain Split|p2a: Gliscor
|-activate|p2a: Gliscor|move: Protect
|
|-end|p2a: Gliscor|move: Future Sight
|-damage|p2a: Gliscor|62/100 tox
|-heal|p2a: Gliscor|74/100 tox|[from] ability: Poison Heal
|upkeep
|turn|35
|
|t:|1758336268
|switch|p1a: Slowking|Slowking-Galar, F|46/100
|move|p2a: Gliscor|Toxic|p1a: Slowking
|-immune|p1a: Slowking
|
|-heal|p2a: Gliscor|86/100 tox|[from] ability: Poison Heal
|upkeep
|turn|36
|
|t:|1758336273
|switch|p1a: Rotom|Rotom-Heat|50/100
|move|p2a: Gliscor|Earthquake|p1a: Rotom
|-immune|p1a: Rotom|[from] ability: Levitate
|
|-heal|p2a: Gliscor|99/100 tox|[from] ability: Poison Heal
|upkeep
|turn|37
|
|t:|1758336276
|move|p1a: Rotom|Pain Split|p2a: Gliscor
|-sethp|p2a: Gliscor|71/100 tox|[from] move: Pain Split|[silent]
|-sethp|p1a: Rotom|83/100|[from] move: Pain Split
|move|p2a: Gliscor|Toxic|p1a: Rotom
|-status|p1a: Rotom|tox
|
|-damage|p1a: Rotom|77/100 tox|[from] psn
|-heal|p2a: Gliscor|83/100 tox|[from] ability: Poison Heal
|upkeep
|turn|38
|
|t:|1758336282
|switch|p1a: Slowking|Slowking-Galar, F|79/100
|move|p2a: Gliscor|Knock Off|p1a: Slowking
|-supereffective|p1a: Slowking
|-damage|p1a: Slowking|46/100
|
|-heal|p2a: Gliscor|96/100 tox|[from] ability: Poison Heal
|upkeep
|turn|39
|
|t:|1758336292
|switch|p2a: Lokix|Lokix, M|100/100
|-damage|p2a: Lokix|76/100|[from] Stealth Rock
|move|p1a: Slowking|Future Sight|p2a: Lokix
|-start|p1a: Slowking|move: Future Sight
|
|upkeep
|turn|40
|
|t:|1758336300
|switch|p1a: Iron Treads|Iron Treads|17/100
|-terastallize|p2a: Lokix|Bug
|move|p2a: Lokix|Leech Life|p1a: Iron Treads
|-resisted|p1a: Iron Treads
|-damage|p1a: Iron Treads|0 fnt
|-heal|p2a: Lokix|85/100|[from] drain|[of] p1a: Iron Treads
|faint|p1a: Iron Treads
|-end|p1a: Iron Treads|Quark Drive|[silent]
|
|upkeep
|
|t:|1758336306
|switch|p1a: Dragapult|Dragapult, M|94/100 tox
|turn|41
|
|t:|1758336315
|switch|p2a: Gliscor|Gliscor, M|96/100 tox
|-damage|p2a: Gliscor|83/100 tox|[from] Stealth Rock
|move|p1a: Dragapult|Dragon Darts|p2a: Gliscor
|-damage|p2a: Gliscor|67/100 tox
|-anim|p1a: Dragapult|Dragon Darts|p2a: Gliscor
|-damage|p2a: Gliscor|52/100 tox
|
|-end|p2a: Gliscor|move: Future Sight
|-damage|p2a: Gliscor|7/100 tox
|-heal|p1a: Dragapult|100/100 tox|[from] item: Leftovers
|-damage|p1a: Dragapult|94/100 tox|[from] psn
|-heal|p2a: Gliscor|20/100 tox|[from] ability: Poison Heal
|upkeep
|turn|42
|
|t:|1758336321
|move|p2a: Gliscor|Protect|p2a: Gliscor
|-singleturn|p2a: Gliscor|Protect
|move|p1a: Dragapult|Hex|p2a: Gliscor
|-activate|p2a: Gliscor|move: Protect
|
|-heal|p1a: Dragapult|100/100 tox|[from] item: Leftovers
|-damage|p1a: Dragapult|88/100 tox|[from] psn
|-heal|p2a: Gliscor|32/100 tox|[from] ability: Poison Heal
|upkeep
|turn|43
|
|t:|1758336333
|switch|p2a: Slowking|Slowking-Galar, M|100/100
|-damage|p2a: Slowking|88/100|[from] Stealth Rock
|move|p1a: Dragapult|Hex|p2a: Slowking
|-supereffective|p2a: Slowking
|-damage|p2a: Slowking|65/100
|
|-heal|p1a: Dragapult|94/100 tox|[from] item: Leftovers
|-damage|p1a: Dragapult|76/100 tox|[from] psn
|upkeep
|turn|44
|
|t:|1758336355
|switch|p1a: Slowking|Slowking-Galar, F|80/100
|switch|p2a: Alomomola|Alomomola, M|100/100 psn
|-damage|p2a: Alomomola|88/100 psn|[from] Stealth Rock
|
|-damage|p2a: Alomomola|76/100 psn|[from] psn
|upkeep
|turn|45
|
|t:|1758336360
|move|p2a: Alomomola|Wish|p2a: Alomomola
|move|p1a: Slowking|Future Sight|p2a: Alomomola
|-start|p1a: Slowking|move: Future Sight
|
|-damage|p2a: Alomomola|64/100 psn|[from] psn
|upkeep
|turn|46
|
|t:|1758336370
|switch|p2a: Gliscor|Gliscor, M|32/100 tox
|-damage|p2a: Gliscor|20/100 tox|[from] Stealth Rock
|switch|p1a: Ogerpon|Ogerpon-Wellspring, F|13/100 tox
|
|-heal|p2a: Gliscor|86/100 tox|[from] move: Wish|[wisher] Alomomola
|-damage|p1a: Ogerpon|7/100 tox|[from] psn
|-heal|p2a: Gliscor|99/100 tox|[from] ability: Poison Heal
|upkeep
|turn|47
|
|t:|1758336377
|switch|p1a: Dragapult|Dragapult, M|76/100 tox
|move|p2a: Gliscor|Protect||[still]
|-fail|p2a: Gliscor
|
|-end|p2a: Gliscor|move: Future Sight
|-damage|p2a: Gliscor|56/100 tox
|-heal|p1a: Dragapult|82/100 tox|[from] item: Leftovers
|-damage|p1a: Dragapult|76/100 tox|[from] psn
|-heal|p2a: Gliscor|69/100 tox|[from] ability: Poison Heal
|upkeep
|turn|48
|
|t:|1758336390
|move|p2a: Gliscor|Protect|p2a: Gliscor
|-singleturn|p2a: Gliscor|Protect
|move|p1a: Dragapult|Dragon Darts|p2a: Gliscor
|-activate|p2a: Gliscor|move: Protect
|
|-heal|p1a: Dragapult|82/100 tox|[from] item: Leftovers
|-damage|p1a: Dragapult|70/100 tox|[from] psn
|-heal|p2a: Gliscor|81/100 tox|[from] ability: Poison Heal
|upkeep
|turn|49
|
|t:|1758336395
|move|p1a: Dragapult|Hex|p2a: Gliscor
|-damage|p2a: Gliscor|42/100 tox
|move|p2a: Gliscor|Knock Off|p1a: Dragapult
|-supereffective|p1a: Dragapult
|-crit|p1a: Dragapult
|-damage|p1a: Dragapult|0 fnt
|-enditem|p1a: Dragapult|Leftovers|[from] move: Knock Off|[of] p2a: Gliscor
|faint|p1a: Dragapult
|
|-heal|p2a: Gliscor|54/100 tox|[from] ability: Poison Heal
|upkeep
|
|t:|1758336401
|switch|p1a: Slowking|Slowking-Galar, F|100/100
|turn|50
|
|t:|1758336405
|move|p2a: Gliscor|Earthquake|p1a: Slowking
|-supereffective|p1a: Slowking
|-damage|p1a: Slowking|26/100
|move|p1a: Slowking|Future Sight|p2a: Gliscor
|-start|p1a: Slowking|move: Future Sight
|
|-heal|p2a: Gliscor|67/100 tox|[from] ability: Poison Heal
|upkeep
|turn|51
|-message|DrAlphaStone forfeited.
|
|win|CaylieGetsAngy
|raw|DrAlphaStone's rating: 1648 &rarr; <strong>1629</strong><br />(-19 for losing)
|raw|CaylieGetsAngy's rating: 1657 &rarr; <strong>1676</strong><br />(+19 for winning)
|l|☆DrAlphaStone
|player|p1|
