|j|☆mansonabuluting
|j|☆ILOVEPECHARUNTRAH
|t:|1758377186
|gametype|singles
|player|p1|mansonabuluting|bellelba|1700
|player|p2|ILOVEPECHARUNTRAH|miku-ghost|1759
|gen|9
|tier|[Gen 9] OU
|rated|
|rule|HP Percentage Mod: HP is shown in percentages
|rule|Endless Battle Clause: Forcing endless battles is banned
|rule|Species Clause: Limit one of each Pokémon
|rule|OHKO Clause: OHKO moves are banned
|rule|Evasion Items Clause: Evasion items are banned
|rule|Evasion Moves Clause: Evasion moves are banned
|rule|Evasion Abilities Clause: Evasion abilities are banned
|rule|Sleep Moves Clause: Sleep-inducing moves are banned
|clearpoke
|poke|p1|Rillaboom, F|
|poke|p1|Hawlucha, M|
|poke|p1|Thundurus-Therian, M|
|poke|p1|Great Tusk|
|poke|p1|Volcanion|
|poke|p1|Goodra-Hisui, M|
|poke|p2|Excadrill, M|
|poke|p2|Tyranitar, F|
|poke|p2|Ting-Lu|
|poke|p2|Ogerpon-Cornerstone, F|
|poke|p2|Raging Bolt|
|poke|p2|Enamorus, F|
|teampreview
|inactive|Battle timer is ON: inactive players will automatically lose when time's up. (requested by mansonabuluting)
|j| wgw2333
|
|t:|1758377212
|teamsize|p1|6
|teamsize|p2|6
|start
|switch|p1a: Rillaboom|Rillaboom, F|100/100
|switch|p2a: Tyranitar|Tyranitar, F|100/100
|-fieldstart|move: Grassy Terrain|[from] ability: Grassy Surge|[of] p1a: Rillaboom
|-weather|Sandstorm|[from] ability: Sand Stream|[of] p2a: Tyranitar
|turn|1
|
|t:|1758377225
|switch|p2a: Enamorus|Enamorus, F|100/100
|move|p1a: Rillaboom|Wood Hammer|p2a: Enamorus
|-resisted|p2a: Enamorus
|-damage|p2a: Enamorus|0 fnt
|faint|p2a: Enamorus
|-damage|p1a: Rillaboom|77/100|[from] Recoil
|
|-weather|Sandstorm|[upkeep]
|-damage|p1a: Rillaboom|71/100|[from] Sandstorm
|-heal|p1a: Rillaboom|77/100|[from] Grassy Terrain
|upkeep
|j| xmagic_247
|inactive|ILOVEPECHARUNTRAH has 120 seconds left.
|
|t:|1758377250
|switch|p2a: Raging Bolt|Raging Bolt|100/100
|-enditem|p2a: Raging Bolt|Booster Energy
|-activate|p2a: Raging Bolt|ability: Protosynthesis|[fromitem]
|-start|p2a: Raging Bolt|protosynthesisspa
|turn|2
|
|t:|1758377254
|switch|p1a: Goodra|Goodra-Hisui, M|100/100
|move|p2a: Raging Bolt|Draco Meteor|p1a: Goodra|[miss]
|-miss|p2a: Raging Bolt|p1a: Goodra
|
|-weather|Sandstorm|[upkeep]
|-damage|p2a: Raging Bolt|94/100|[from] Sandstorm
|-heal|p2a: Raging Bolt|100/100|[from] Grassy Terrain
|upkeep
|turn|3
|inactive|ILOVEPECHARUNTRAH has 120 seconds left.
|
|t:|1758377278
|move|p2a: Raging Bolt|Calm Mind|p2a: Raging Bolt
|-boost|p2a: Raging Bolt|spa|1
|-boost|p2a: Raging Bolt|spd|1
|move|p1a: Goodra|Draco Meteor|p2a: Raging Bolt
|-supereffective|p2a: Raging Bolt
|-damage|p2a: Raging Bolt|20/100
|-unboost|p1a: Goodra|spa|2
|
|-weather|Sandstorm|[upkeep]
|-damage|p2a: Raging Bolt|14/100|[from] Sandstorm
|-heal|p2a: Raging Bolt|20/100|[from] Grassy Terrain
|upkeep
|turn|4
|
|t:|1758377282
|move|p2a: Raging Bolt|Draco Meteor|p1a: Goodra|[miss]
|-miss|p2a: Raging Bolt|p1a: Goodra
|move|p1a: Goodra|Draco Meteor|p2a: Raging Bolt
|-supereffective|p2a: Raging Bolt
|-damage|p2a: Raging Bolt|0 fnt
|-unboost|p1a: Goodra|spa|2
|faint|p2a: Raging Bolt
|-end|p2a: Raging Bolt|Protosynthesis|[silent]
|
|-weather|Sandstorm|[upkeep]
|upkeep
|inactive|ILOVEPECHARUNTRAH has 120 seconds left.
|
|t:|1758377302
|switch|p2a: Excadrill|Excadrill, M|100/100
|turn|5
|inactive|ILOVEPECHARUNTRAH has 120 seconds left.
|
|t:|1758377313
|switch|p1a: Great Tusk|Great Tusk|100/100
|move|p2a: Excadrill|Iron Head|p1a: Great Tusk
|-damage|p1a: Great Tusk|80/100
|-damage|p2a: Excadrill|84/100|[from] item: Rocky Helmet|[of] p1a: Great Tusk
|
|-weather|Sandstorm|[upkeep]
|-heal|p2a: Excadrill|90/100|[from] Grassy Terrain
|-heal|p1a: Great Tusk|86/100|[from] Grassy Terrain
|-fieldend|move: Grassy Terrain
|upkeep
|turn|6
|inactive|ILOVEPECHARUNTRAH has 120 seconds left.
|
|t:|1758377320
|switch|p2a: Ting-Lu|Ting-Lu|100/100
|-ability|p2a: Ting-Lu|Vessel of Ruin
|move|p1a: Great Tusk|Stealth Rock|p2a: Ting-Lu
|-sidestart|p2: ILOVEPECHARUNTRAH|move: Stealth Rock
|
|-weather|Sandstorm|[upkeep]
|upkeep
|turn|7
|inactive|ILOVEPECHARUNTRAH has 120 seconds left.
|
|t:|1758377332
|-end|p1a: Great Tusk|Protosynthesis|[silent]
|switch|p1a: Volcanion|Volcanion|100/100
|move|p2a: Ting-Lu|Ruination|p1a: Volcanion
|-damage|p1a: Volcanion|51/100
|
|-weather|Sandstorm|[upkeep]
|-damage|p1a: Volcanion|45/100|[from] Sandstorm
|upkeep
|turn|8
|inactive|ILOVEPECHARUNTRAH has 120 seconds left.
|
|t:|1758377347
|move|p1a: Volcanion|Steam Eruption|p2a: Ting-Lu
|-supereffective|p2a: Ting-Lu
|-crit|p2a: Ting-Lu
|-damage|p2a: Ting-Lu|0 fnt
|faint|p2a: Ting-Lu
|
|-weather|none
|upkeep
|
|t:|1758377355
|switch|p2a: Tyranitar|Tyranitar, F|100/100
|-damage|p2a: Tyranitar|88/100|[from] Stealth Rock
|-weather|Sandstorm|[from] ability: Sand Stream|[of] p2a: Tyranitar
|turn|9
|inactive|ILOVEPECHARUNTRAH has 120 seconds left.
|
|t:|1758377366
|move|p2a: Tyranitar|Knock Off|p1a: Volcanion
|-damage|p1a: Volcanion|7/100
|-enditem|p1a: Volcanion|Choice Specs|[from] move: Knock Off|[of] p2a: Tyranitar
|move|p1a: Volcanion|Steam Eruption|p2a: Tyranitar
|-supereffective|p2a: Tyranitar
|-damage|p2a: Tyranitar|15/100
|-status|p2a: Tyranitar|brn
|
|-weather|Sandstorm|[upkeep]
|-damage|p1a: Volcanion|0 fnt|[from] Sandstorm
|faint|p1a: Volcanion
|-damage|p2a: Tyranitar|8/100 brn|[from] brn
|upkeep
|
|t:|1758377370
|switch|p1a: Rillaboom|Rillaboom, F|77/100
|-fieldstart|move: Grassy Terrain|[from] ability: Grassy Surge|[of] p1a: Rillaboom
|turn|10
|
|t:|1758377383
|move|p1a: Rillaboom|Grassy Glide|p2a: Tyranitar
|-supereffective|p2a: Tyranitar
|-damage|p2a: Tyranitar|0 fnt
|faint|p2a: Tyranitar
|
|-weather|Sandstorm|[upkeep]
|-damage|p1a: Rillaboom|71/100|[from] Sandstorm
|-heal|p1a: Rillaboom|77/100|[from] Grassy Terrain
|upkeep
|
|t:|1758377389
|switch|p2a: Excadrill|Excadrill, M|90/100
|turn|11
|inactive|ILOVEPECHARUNTRAH has 120 seconds left.
|
|t:|1758377405
|-terastallize|p2a: Excadrill|Flying
|-terastallize|p1a: Rillaboom|Grass
|move|p1a: Rillaboom|Grassy Glide|p2a: Excadrill
|-resisted|p2a: Excadrill
|-damage|p2a: Excadrill|34/100
|move|p2a: Excadrill|Swords Dance|p2a: Excadrill
|-boost|p2a: Excadrill|atk|2
|
|-weather|Sandstorm|[upkeep]
|-damage|p1a: Rillaboom|71/100|[from] Sandstorm
|-heal|p1a: Rillaboom|77/100|[from] Grassy Terrain
|upkeep
|turn|12
|-message|ILOVEPECHARUNTRAH forfeited.
|
|win|mansonabuluting
|raw|mansonabuluting's rating: 1700 &rarr; <strong>1723</strong><br />(+23 for winning)
|raw|ILOVEPECHARUNTRAH's rating: 1759 &rarr; <strong>1736</strong><br />(-23 for losing)
|l|☆ILOVEPECHARUNTRAH
|player|p2|
|l|☆mansonabuluting
|player|p1|
|l| xmagic_247
