|j|☆wtb3434098
|j|☆PrincessGardevoir
|t:|1758341144
|gametype|singles
|player|p1|wtb3434098|lucas|1443
|player|p2|PrincessGardevoir|miku-ground|1476
|gen|9
|tier|[Gen 9] OU
|rated|
|rule|HP Percentage Mod: HP is shown in percentages
|rule|Endless Battle Clause: Forcing endless battles is banned
|rule|Species Clause: Limit one of each Pokémon
|rule|OHKO Clause: OHKO moves are banned
|rule|Evasion Items Clause: Evasion items are banned
|rule|Evasion Moves Clause: Evasion moves are banned
|rule|Evasion Abilities Clause: Evasion abilities are banned
|rule|Sleep Moves Clause: Sleep-inducing moves are banned
|clearpoke
|poke|p1|Ninetales-Alola, M|
|poke|p1|Slowbro-Galar, F|
|poke|p1|Kingambit, F|
|poke|p1|Ursaluna, F|
|poke|p1|Cloyster, M|
|poke|p1|Corviknight, F|
|poke|p2|Zamazenta-*|
|poke|p2|Ogerpon-Wellspring, F|
|poke|p2|Gholdengo|
|poke|p2|Ting-Lu|
|poke|p2|Great Tusk|
|poke|p2|Kyurem|
|teampreview
|
|t:|1758341154
|teamsize|p1|6
|teamsize|p2|6
|start
|switch|p1a: Ninetales|Ninetales-Alola, M|100/100
|switch|p2a: Jumpscare|Zamazenta|100/100
|-ability|p2a: Jumpscare|Dauntless Shield|boost
|-boost|p2a: Jumpscare|def|1
|-weather|Snowscape|[from] ability: Snow Warning|[of] p1a: Ninetales
|turn|1
|
|t:|1758341165
|move|p2a: Jumpscare|Flash Cannon|p1a: Ninetales
|-supereffective|p1a: Ninetales
|-damage|p1a: Ninetales|22/100
|move|p1a: Ninetales|Aurora Veil|p1a: Ninetales
|-sidestart|p1: wtb3434098|move: Aurora Veil
|
|-weather|Snowscape|[upkeep]
|upkeep
|turn|2
|
|t:|1758341172
|switch|p2a: Inside Ze Box|Kyurem|100/100
|-ability|p2a: Inside Ze Box|Pressure
|move|p1a: Ninetales|Moonblast|p2a: Inside Ze Box
|-supereffective|p2a: Inside Ze Box
|-damage|p2a: Inside Ze Box|50/100
|
|-weather|Snowscape|[upkeep]
|-heal|p2a: Inside Ze Box|56/100|[from] item: Leftovers
|upkeep
|turn|3
|
|t:|1758341182
|move|p2a: Inside Ze Box|Protect|p2a: Inside Ze Box
|-singleturn|p2a: Inside Ze Box|Protect
|move|p1a: Ninetales|Moonblast|p2a: Inside Ze Box
|-activate|p2a: Inside Ze Box|move: Protect
|
|-weather|Snowscape|[upkeep]
|-heal|p2a: Inside Ze Box|62/100|[from] item: Leftovers
|upkeep
|turn|4
|
|t:|1758341191
|switch|p1a: Slowbro|Slowbro-Galar, F|100/100
|move|p2a: Inside Ze Box|Earth Power|p1a: Slowbro
|-supereffective|p1a: Slowbro
|-damage|p1a: Slowbro|63/100
|
|-weather|Snowscape|[upkeep]
|-heal|p2a: Inside Ze Box|68/100|[from] item: Leftovers
|upkeep
|turn|5
|
|t:|1758341201
|move|p2a: Inside Ze Box|Earth Power|p1a: Slowbro
|-supereffective|p1a: Slowbro
|-damage|p1a: Slowbro|25/100
|move|p1a: Slowbro|Drain Punch|p2a: Inside Ze Box
|-supereffective|p2a: Inside Ze Box
|-damage|p2a: Inside Ze Box|37/100
|-heal|p1a: Slowbro|40/100|[from] drain|[of] p2a: Inside Ze Box
|
|-weather|none
|-heal|p2a: Inside Ze Box|43/100|[from] item: Leftovers
|upkeep
|turn|6
|-activate|p1a: Slowbro|ability: Quick Draw
|
|t:|1758341212
|-terastallize|p1a: Slowbro|Fighting
|move|p2a: Inside Ze Box|Protect|p2a: Inside Ze Box
|-singleturn|p2a: Inside Ze Box|Protect
|move|p1a: Slowbro|Drain Punch|p2a: Inside Ze Box
|-activate|p2a: Inside Ze Box|move: Protect
|
|-heal|p2a: Inside Ze Box|49/100|[from] item: Leftovers
|upkeep
|turn|7
|-activate|p1a: Slowbro|ability: Quick Draw
|
|t:|1758341227
|switch|p2a: Anti-Gliscor Tools|Gholdengo|100/100
|-item|p2a: Anti-Gliscor Tools|Air Balloon
|move|p1a: Slowbro|Drain Punch|p2a: Anti-Gliscor Tools
|-immune|p2a: Anti-Gliscor Tools
|
|upkeep
|turn|8
|
|t:|1758341237
|switch|p1a: Corviknight|Corviknight, F|100/100
|-ability|p1a: Corviknight|Pressure
|move|p2a: Anti-Gliscor Tools|Thunder Wave|p1a: Corviknight
|-status|p1a: Corviknight|par
|
|-sideend|p1: wtb3434098|move: Aurora Veil
|upkeep
|turn|9
|
|t:|1758341246
|switch|p2a: Inside Ze Box|Kyurem|49/100
|-ability|p2a: Inside Ze Box|Pressure
|move|p1a: Corviknight|U-turn|p2a: Inside Ze Box
|-damage|p2a: Inside Ze Box|36/100
|
|t:|1758341253
|switch|p1a: Ninetales|Ninetales-Alola, M|22/100|[from] U-turn
|-weather|Snowscape|[from] ability: Snow Warning|[of] p1a: Ninetales
|
|-weather|Snowscape|[upkeep]
|-heal|p2a: Inside Ze Box|42/100|[from] item: Leftovers
|upkeep
|turn|10
|
|t:|1758341262
|move|p1a: Ninetales|Moonblast|p2a: Inside Ze Box
|-supereffective|p2a: Inside Ze Box
|-damage|p2a: Inside Ze Box|0 fnt
|faint|p2a: Inside Ze Box
|
|-weather|Snowscape|[upkeep]
|upkeep
|
|t:|1758341269
|switch|p2a: Jumpscare|Zamazenta|100/100
|turn|11
|
|t:|1758341277
|switch|p1a: Corviknight|Corviknight, F|100/100 par
|-ability|p1a: Corviknight|Pressure
|move|p2a: Jumpscare|Hyper Voice|p1a: Corviknight
|-resisted|p1a: Corviknight
|-damage|p1a: Corviknight|90/100 par
|-enditem|p2a: Jumpscare|Throat Spray
|-boost|p2a: Jumpscare|spa|1|[from] item: Throat Spray
|
|-weather|Snowscape|[upkeep]
|upkeep
|turn|12
|inactive|Battle timer is ON: inactive players will automatically lose when time's up. (requested by wtb3434098)
|
|t:|1758341288
|move|p2a: Jumpscare|Body Press|p1a: Corviknight
|-damage|p1a: Corviknight|71/100 par
|-damage|p2a: Jumpscare|84/100|[from] item: Rocky Helmet|[of] p1a: Corviknight
|move|p1a: Corviknight|U-turn|p2a: Jumpscare
|-resisted|p2a: Jumpscare
|-damage|p2a: Jumpscare|77/100
|
|t:|1758341309
|switch|p1a: Slowbro|Slowbro-Galar, F, tera:Fighting|40/100|[from] U-turn
|
|-weather|Snowscape|[upkeep]
|upkeep
|turn|13
|-activate|p1a: Slowbro|item: Quick Claw
|
|t:|1758341314
|move|p1a: Slowbro|Earthquake|p2a: Jumpscare
|-damage|p2a: Jumpscare|46/100
|move|p2a: Jumpscare|Moonblast|p1a: Slowbro
|-supereffective|p1a: Slowbro
|-damage|p1a: Slowbro|0 fnt
|faint|p1a: Slowbro
|
|-weather|none
|upkeep
|
|t:|1758341327
|switch|p1a: Corviknight|Corviknight, F|71/100 par
|-ability|p1a: Corviknight|Pressure
|turn|14
|
|t:|1758341332
|move|p2a: Jumpscare|Moonblast|p1a: Corviknight
|-resisted|p1a: Corviknight
|-damage|p1a: Corviknight|55/100 par
|cant|p1a: Corviknight|par
|
|upkeep
|turn|15
|
|t:|1758341348
|switch|p2a: Until I Watch|Great Tusk|100/100
|move|p1a: Corviknight|Roost|p1a: Corviknight
|-heal|p1a: Corviknight|100/100 par
|-singleturn|p1a: Corviknight|move: Roost
|
|upkeep
|turn|16
|
|t:|1758341356
|move|p2a: Until I Watch|Bulk Up|p2a: Until I Watch
|-boost|p2a: Until I Watch|atk|1
|-boost|p2a: Until I Watch|def|1
|cant|p1a: Corviknight|par
|
|upkeep
|turn|17
|
|t:|1758341362
|switch|p1a: Ninetales|Ninetales-Alola, M|22/100
|-weather|Snowscape|[from] ability: Snow Warning|[of] p1a: Ninetales
|move|p2a: Until I Watch|Rapid Spin|p1a: Ninetales
|-damage|p1a: Ninetales|0 fnt
|-boost|p2a: Until I Watch|spe|1
|faint|p1a: Ninetales
|
|-weather|Snowscape|[upkeep]
|upkeep
|
|t:|1758341373
|switch|p1a: Cloyster|Cloyster, M|100/100
|turn|18
|
|t:|1758341377
|move|p2a: Until I Watch|Rapid Spin|p1a: Cloyster
|-damage|p1a: Cloyster|84/100
|-boost|p2a: Until I Watch|spe|1
|move|p1a: Cloyster|Shell Smash|p1a: Cloyster
|-unboost|p1a: Cloyster|def|1
|-unboost|p1a: Cloyster|spd|1
|-boost|p1a: Cloyster|atk|2
|-boost|p1a: Cloyster|spa|2
|-boost|p1a: Cloyster|spe|2
|
|-weather|Snowscape|[upkeep]
|upkeep
|turn|19
|
|t:|1758341387
|-terastallize|p2a: Until I Watch|Water
|move|p2a: Until I Watch|Bulk Up|p2a: Until I Watch
|-boost|p2a: Until I Watch|atk|1
|-boost|p2a: Until I Watch|def|1
|move|p1a: Cloyster|Icicle Spear|p2a: Until I Watch
|-resisted|p2a: Until I Watch
|-damage|p2a: Until I Watch|96/100
|-resisted|p2a: Until I Watch
|-damage|p2a: Until I Watch|92/100
|-resisted|p2a: Until I Watch
|-damage|p2a: Until I Watch|89/100
|-resisted|p2a: Until I Watch
|-crit|p2a: Until I Watch
|-damage|p2a: Until I Watch|78/100
|-resisted|p2a: Until I Watch
|-damage|p2a: Until I Watch|74/100
|-hitcount|p2a: Until I Watch|5
|
|-weather|Snowscape|[upkeep]
|upkeep
|turn|20
|-message|wtb3434098 forfeited.
|
|win|PrincessGardevoir
|raw|wtb3434098's rating: 1443 &rarr; <strong>1425</strong><br />(-18 for losing)
|raw|PrincessGardevoir's rating: 1476 &rarr; <strong>1494</strong><br />(+18 for winning)
|l|☆wtb3434098
|player|p1|
|l|☆PrincessGardevoir
|player|p2|
