|j|☆Zip-a-dee-ay
|j|☆ChiefGreenLeaf3
|t:|1758297965
|gametype|singles
|player|p1|Zip-a-dee-ay|rocketgrunt|1674
|player|p2|ChiefGreenLeaf3|giovanni-gen1|1684
|gen|9
|tier|[Gen 9] OU
|rated|
|rule|HP Percentage Mod: HP is shown in percentages
|rule|Endless Battle Clause: Forcing endless battles is banned
|rule|Species Clause: Limit one of each Pokémon
|rule|OHKO Clause: OHKO moves are banned
|rule|Evasion Items Clause: Evasion items are banned
|rule|Evasion Moves Clause: Evasion moves are banned
|rule|Evasion Abilities Clause: Evasion abilities are banned
|rule|Sleep Moves Clause: Sleep-inducing moves are banned
|clearpoke
|poke|p1|Moltres|
|poke|p1|Gliscor, F|
|poke|p1|Zamazenta-*|
|poke|p1|Great Tusk|
|poke|p1|Slowking-Galar, M|
|poke|p1|Kyurem|
|poke|p2|Iron Moth|
|poke|p2|Iron Valiant|
|poke|p2|Iron Jugulis|
|poke|p2|Zamazenta-*|
|poke|p2|Comfey, F|
|poke|p2|Cloyster, F|
|teampreview
|n|☆Zip-a-dee-ay|zipadeeay
|
|t:|1758298028
|teamsize|p1|6
|teamsize|p2|6
|start
|switch|p1a: Gliscor|Gliscor, F|100/100
|switch|p2a: Iron Valiant|Iron Valiant, shiny|100/100
|-enditem|p2a: Iron Valiant|Booster Energy
|-activate|p2a: Iron Valiant|ability: Quark Drive|[fromitem]
|-start|p2a: Iron Valiant|quarkdrivespe
|turn|1
|
|t:|1758298080
|move|p2a: Iron Valiant|Taunt|p1a: Gliscor
|-start|p1a: Gliscor|move: Taunt
|cant|p1a: Gliscor|move: Taunt|Stealth Rock
|
|-status|p1a: Gliscor|tox|[from] item: Toxic Orb
|upkeep
|turn|2
|
|t:|1758298086
|move|p2a: Iron Valiant|Moonblast|p1a: Gliscor
|-damage|p1a: Gliscor|59/100 tox
|-unboost|p1a: Gliscor|spa|1
|move|p1a: Gliscor|Earthquake|p2a: Iron Valiant
|-damage|p2a: Iron Valiant|55/100
|
|-heal|p1a: Gliscor|72/100 tox|[from] ability: Poison Heal
|upkeep
|turn|3
|
|t:|1758298096
|switch|p1a: Slowking|Slowking-Galar, M|100/100
|move|p2a: Iron Valiant|Moonblast|p1a: Slowking
|-resisted|p1a: Slowking
|-damage|p1a: Slowking|87/100
|
|upkeep
|turn|4
|
|t:|1758298101
|move|p2a: Iron Valiant|Destiny Bond|p2a: Iron Valiant
|-singlemove|p2a: Iron Valiant|Destiny Bond
|move|p1a: Slowking|Sludge Bomb|p2a: Iron Valiant
|-supereffective|p2a: Iron Valiant
|-damage|p2a: Iron Valiant|0 fnt
|faint|p2a: Iron Valiant
|-activate|p2a: Iron Valiant|move: Destiny Bond
|-end|p2a: Iron Valiant|Quark Drive|[silent]
|faint|p1a: Slowking
|
|upkeep
|
|t:|1758298113
|switch|p2a: Iron Jugulis|Iron Jugulis, shiny|100/100
|switch|p1a: Kyurem|Kyurem|100/100
|-ability|p1a: Kyurem|Pressure
|-enditem|p2a: Iron Jugulis|Booster Energy
|-activate|p2a: Iron Jugulis|ability: Quark Drive|[fromitem]
|-start|p2a: Iron Jugulis|quarkdrivespe
|turn|5
|
|t:|1758298116
|move|p2a: Iron Jugulis|Hurricane|p1a: Kyurem
|-damage|p1a: Kyurem|48/100
|move|p1a: Kyurem|Freeze-Dry|p2a: Iron Jugulis
|-supereffective|p2a: Iron Jugulis
|-damage|p2a: Iron Jugulis|9/100
|
|-heal|p1a: Kyurem|54/100|[from] item: Leftovers
|upkeep
|turn|6
|
|t:|1758298124
|move|p2a: Iron Jugulis|Hurricane|p1a: Kyurem
|-damage|p1a: Kyurem|2/100
|-start|p1a: Kyurem|confusion
|-activate|p1a: Kyurem|confusion
|move|p1a: Kyurem|Freeze-Dry|p2a: Iron Jugulis
|-supereffective|p2a: Iron Jugulis
|-damage|p2a: Iron Jugulis|0 fnt
|faint|p2a: Iron Jugulis
|-end|p2a: Iron Jugulis|Quark Drive|[silent]
|
|-heal|p1a: Kyurem|8/100|[from] item: Leftovers
|upkeep
|
|t:|1758298134
|switch|p2a: Iron Moth|Iron Moth, shiny|100/100
|-enditem|p2a: Iron Moth|Booster Energy
|-activate|p2a: Iron Moth|ability: Quark Drive|[fromitem]
|-start|p2a: Iron Moth|quarkdrivespe
|turn|7
|
|t:|1758298147
|move|p2a: Iron Moth|Fiery Dance|p1a: Kyurem
|-damage|p1a: Kyurem|0 fnt
|-boost|p2a: Iron Moth|spa|1
|faint|p1a: Kyurem
|
|upkeep
|
|t:|1758298155
|switch|p1a: Gliscor|Gliscor, F|72/100 tox
|turn|8
|
|t:|1758298160
|move|p2a: Iron Moth|Fiery Dance|p1a: Gliscor
|-damage|p1a: Gliscor|16/100 tox
|-boost|p2a: Iron Moth|spa|1
|move|p1a: Gliscor|Earthquake|p2a: Iron Moth
|-supereffective|p2a: Iron Moth
|-damage|p2a: Iron Moth|0 fnt
|faint|p2a: Iron Moth
|-end|p2a: Iron Moth|Quark Drive|[silent]
|
|-heal|p1a: Gliscor|29/100 tox|[from] ability: Poison Heal
|upkeep
|
|t:|1758298162
|switch|p2a: Cloyster|Cloyster, F, shiny|100/100
|turn|9
|
|t:|1758298168
|move|p2a: Cloyster|Shell Smash|p2a: Cloyster
|-unboost|p2a: Cloyster|def|1
|-unboost|p2a: Cloyster|spd|1
|-boost|p2a: Cloyster|atk|2
|-boost|p2a: Cloyster|spa|2
|-boost|p2a: Cloyster|spe|2
|move|p1a: Gliscor|Knock Off|p2a: Cloyster
|-damage|p2a: Cloyster|72/100
|-enditem|p2a: Cloyster|Focus Sash|[from] move: Knock Off|[of] p1a: Gliscor
|
|-heal|p1a: Gliscor|41/100 tox|[from] ability: Poison Heal
|upkeep
|turn|10
|
|t:|1758298180
|move|p2a: Cloyster|Icicle Spear|p1a: Gliscor
|-supereffective|p1a: Gliscor
|-damage|p1a: Gliscor|0 fnt
|faint|p1a: Gliscor
|-hitcount|p1: Gliscor|1
|
|upkeep
|
|t:|1758298185
|switch|p1a: Zamazenta|Zamazenta|100/100
|-ability|p1a: Zamazenta|Dauntless Shield|boost
|-boost|p1a: Zamazenta|def|1
|turn|11
|
|t:|1758298189
|move|p2a: Cloyster|Icicle Spear|p1a: Zamazenta
|-damage|p1a: Zamazenta|89/100
|-damage|p1a: Zamazenta|78/100
|-damage|p1a: Zamazenta|65/100
|-damage|p1a: Zamazenta|53/100
|-damage|p1a: Zamazenta|40/100
|-hitcount|p1a: Zamazenta|5
|move|p1a: Zamazenta|Body Press|p2a: Cloyster
|-supereffective|p2a: Cloyster
|-damage|p2a: Cloyster|0 fnt
|faint|p2a: Cloyster
|
|upkeep
|
|t:|1758298192
|switch|p2a: Comfey|Comfey, F|100/100
|turn|12
|
|t:|1758298196
|switch|p1a: Moltres|Moltres|100/100
|move|p2a: Comfey|Trick|p1a: Moltres
|-activate|p2a: Comfey|move: Trick|[of] p1a: Moltres
|-item|p1a: Moltres|Choice Specs|[from] move: Trick
|-item|p2a: Comfey|Heavy-Duty Boots|[from] move: Trick
|
|upkeep
|turn|13
|
|t:|1758298203
|move|p2a: Comfey|Calm Mind|p2a: Comfey
|-boost|p2a: Comfey|spa|1
|-boost|p2a: Comfey|spd|1
|move|p1a: Moltres|Flamethrower|p2a: Comfey
|-damage|p2a: Comfey|63/100
|
|upkeep
|turn|14
|
|t:|1758298210
|move|p2a: Comfey|Calm Mind|p2a: Comfey
|-boost|p2a: Comfey|spa|1
|-boost|p2a: Comfey|spd|1
|move|p1a: Moltres|Flamethrower|p2a: Comfey
|-damage|p2a: Comfey|34/100
|
|upkeep
|turn|15
|
|t:|1758298212
|move|p2a: Comfey|Calm Mind|p2a: Comfey
|-boost|p2a: Comfey|spa|1
|-boost|p2a: Comfey|spd|1
|move|p1a: Moltres|Flamethrower|p2a: Comfey
|-damage|p2a: Comfey|11/100
|
|upkeep
|turn|16
|
|t:|1758298214
|move|p2a: Comfey|Draining Kiss|p1a: Moltres
|-resisted|p1a: Moltres
|-damage|p1a: Moltres|73/100
|-heal|p2a: Comfey|37/100|[from] drain|[of] p1a: Moltres
|-status|p2a: Comfey|brn|[from] ability: Flame Body|[of] p1a: Moltres
|move|p1a: Moltres|Flamethrower|p2a: Comfey
|-damage|p2a: Comfey|15/100 brn
|
|-damage|p2a: Comfey|9/100 brn|[from] brn
|upkeep
|turn|17
|j| Raymond Darklin
|j| wgw2333
|
|t:|1758298219
|move|p2a: Comfey|Draining Kiss|p1a: Moltres
|-resisted|p1a: Moltres
|-damage|p1a: Moltres|48/100
|-heal|p2a: Comfey|32/100 brn|[from] drain|[of] p1a: Moltres
|move|p1a: Moltres|Flamethrower|p2a: Comfey
|-damage|p2a: Comfey|9/100 brn
|
|-damage|p2a: Comfey|3/100 brn|[from] brn
|upkeep
|turn|18
|
|t:|1758298222
|move|p2a: Comfey|Draining Kiss|p1a: Moltres
|-resisted|p1a: Moltres
|-damage|p1a: Moltres|20/100
|-heal|p2a: Comfey|29/100 brn|[from] drain|[of] p1a: Moltres
|move|p1a: Moltres|Flamethrower|p2a: Comfey
|-damage|p2a: Comfey|6/100 brn
|
|-damage|p2a: Comfey|0 fnt|[from] brn
|faint|p2a: Comfey
|upkeep
|
|t:|1758298224
|switch|p2a: Zamazenta|Zamazenta|100/100
|-ability|p2a: Zamazenta|Dauntless Shield|boost
|-boost|p2a: Zamazenta|def|1
|turn|19
|l| wgw2333
|
|t:|1758298227
|-terastallize|p2a: Zamazenta|Fire
|move|p2a: Zamazenta|Iron Defense|p2a: Zamazenta
|-boost|p2a: Zamazenta|def|2
|move|p1a: Moltres|Flamethrower|p2a: Zamazenta
|-resisted|p2a: Zamazenta
|-damage|p2a: Zamazenta|74/100
|
|-heal|p2a: Zamazenta|80/100|[from] item: Leftovers
|upkeep
|turn|20
|
|t:|1758298239
|switch|p1a: Zamazenta|Zamazenta|40/100
|move|p2a: Zamazenta|Iron Defense|p2a: Zamazenta
|-boost|p2a: Zamazenta|def|2
|
|-heal|p2a: Zamazenta|86/100|[from] item: Leftovers
|upkeep
|turn|21
|
|t:|1758298244
|move|p2a: Zamazenta|Substitute|p2a: Zamazenta
|-start|p2a: Zamazenta|Substitute
|-damage|p2a: Zamazenta|61/100
|move|p1a: Zamazenta|Stone Edge|p2a: Zamazenta
|-supereffective|p2a: Zamazenta
|-activate|p2a: Zamazenta|move: Substitute|[damage]
|
|-heal|p2a: Zamazenta|67/100|[from] item: Leftovers
|upkeep
|turn|22
|
|t:|1758298246
|move|p2a: Zamazenta|Body Press|p1a: Zamazenta
|-damage|p1a: Zamazenta|0 fnt
|faint|p1a: Zamazenta
|
|-heal|p2a: Zamazenta|73/100|[from] item: Leftovers
|upkeep
|
|t:|1758298249
|switch|p1a: Great Tusk|Great Tusk|100/100
|turn|23
|
|t:|1758298252
|move|p2a: Zamazenta|Body Press|p1a: Great Tusk
|-damage|p1a: Great Tusk|6/100
|move|p1a: Great Tusk|Rapid Spin|p2a: Zamazenta
|-activate|p2a: Zamazenta|move: Substitute|[damage]
|-boost|p1a: Great Tusk|spe|1
|
|-heal|p1a: Great Tusk|12/100|[from] item: Leftovers
|-heal|p2a: Zamazenta|79/100|[from] item: Leftovers
|upkeep
|turn|24
|
|t:|1758298256
|move|p1a: Great Tusk|Headlong Rush|p2a: Zamazenta
|-supereffective|p2a: Zamazenta
|-end|p2a: Zamazenta|Substitute
|-unboost|p1a: Great Tusk|def|1
|-unboost|p1a: Great Tusk|spd|1
|move|p2a: Zamazenta|Body Press|p1a: Great Tusk
|-damage|p1a: Great Tusk|0 fnt
|faint|p1a: Great Tusk
|-end|p1a: Great Tusk|Protosynthesis|[silent]
|
|-heal|p2a: Zamazenta|85/100|[from] item: Leftovers
|upkeep
|
|t:|1758298258
|switch|p1a: Moltres|Moltres|20/100
|turn|25
|
|t:|1758298259
|move|p2a: Zamazenta|Body Press|p1a: Moltres
|-resisted|p1a: Moltres
|-damage|p1a: Moltres|0 fnt
|faint|p1a: Moltres
|
|win|ChiefGreenLeaf3
|raw|Zip-a-dee-ay's rating: 1674 &rarr; <strong>1655</strong><br />(-19 for losing)
|raw|ChiefGreenLeaf3's rating: 1684 &rarr; <strong>1703</strong><br />(+19 for winning)
|l|☆ChiefGreenLeaf3
|player|p2|
|l| Raymond Darklin
|l|☆Zip-a-dee-ay
|player|p1|
