|j|☆Khalil He
|j|☆HuevozRancheroz
|t:|1758265693
|gametype|singles
|player|p1|Khalil He|unknown|1401
|player|p2|HuevozRancheroz|rosa|1316
|gen|9
|tier|[Gen 9] OU
|rated|
|rule|HP Percentage Mod: HP is shown in percentages
|rule|Endless Battle Clause: Forcing endless battles is banned
|rule|Species Clause: Limit one of each Pokémon
|rule|OHKO Clause: OHKO moves are banned
|rule|Evasion Items Clause: Evasion items are banned
|rule|Evasion Moves Clause: Evasion moves are banned
|rule|Evasion Abilities Clause: Evasion abilities are banned
|rule|Sleep Moves Clause: Sleep-inducing moves are banned
|clearpoke
|poke|p1|Samurott-Hisui, M|
|poke|p1|Landorus-Therian, M|
|poke|p1|Scizor, M|
|poke|p1|Araquanid, M|
|poke|p1|Gholdengo|
|poke|p1|Weavile, M|
|poke|p2|Pincurchin, M|
|poke|p2|Iron Moth|
|poke|p2|Iron Leaves|
|poke|p2|Raging Bolt|
|poke|p2|Rotom-Wash|
|poke|p2|Goodra-Hisui, M|
|teampreview
|inactive|Battle timer is ON: inactive players will automatically lose when time's up. (requested by HuevozRancheroz)
|
|t:|1758265705
|teamsize|p1|6
|teamsize|p2|6
|start
|switch|p1a: Samurott|Samurott-Hisui, M, shiny|100/100
|switch|p2a: Goodra|Goodra-Hisui, M|100/100
|turn|1
|
|t:|1758265724
|move|p1a: Samurott|Ceaseless Edge|p2a: Goodra
|-damage|p2a: Goodra|61/100
|-sidestart|p2: HuevozRancheroz|Spikes
|move|p2a: Goodra|Acid Armor|p2a: Goodra
|-boost|p2a: Goodra|def|2
|
|-heal|p2a: Goodra|67/100|[from] item: Leftovers
|upkeep
|turn|2
|
|t:|1758265730
|move|p1a: Samurott|Sacred Sword|p2a: Goodra
|-supereffective|p2a: Goodra
|-damage|p2a: Goodra|0 fnt
|faint|p2a: Goodra
|
|upkeep
|
|t:|1758265739
|switch|p2a: Rotom|Rotom-Wash|100/100
|turn|3
|
|t:|1758265749
|move|p1a: Samurott|Ceaseless Edge|p2a: Rotom
|-damage|p2a: Rotom|59/100
|-sidestart|p2: HuevozRancheroz|Spikes
|move|p2a: Rotom|Volt Switch|p1a: Samurott
|-supereffective|p1a: Samurott
|-damage|p1a: Samurott|22/100
|
|t:|1758265758
|switch|p2a: Iron Moth|Iron Moth|100/100|[from] Volt Switch
|-item|p2a: Iron Moth|Air Balloon
|
|upkeep
|turn|4
|
|t:|1758265768
|move|p1a: Samurott|Sucker Punch|p2a: Iron Moth
|-damage|p2a: Iron Moth|46/100
|-enditem|p2a: Iron Moth|Air Balloon
|move|p2a: Iron Moth|Dazzling Gleam|p1a: Samurott
|-supereffective|p1a: Samurott
|-damage|p1a: Samurott|0 fnt
|faint|p1a: Samurott
|
|upkeep
|
|t:|1758265783
|switch|p1a: Weavile|Weavile, M|100/100
|turn|5
|
|t:|1758265790
|-end|p2a: Iron Moth|Quark Drive|[silent]
|switch|p2a: Pincurchin|Pincurchin, M|100/100
|-damage|p2a: Pincurchin|84/100|[from] Spikes
|-fieldstart|move: Electric Terrain|[from] ability: Electric Surge|[of] p2a: Pincurchin
|move|p1a: Weavile|Knock Off|p2a: Pincurchin
|-damage|p2a: Pincurchin|44/100
|-enditem|p2a: Pincurchin|Terrain Extender|[from] move: Knock Off|[of] p1a: Weavile
|
|upkeep
|turn|6
|
|t:|1758265800
|move|p1a: Weavile|Triple Axel|p2a: Pincurchin
|-damage|p2a: Pincurchin|35/100
|-damage|p2a: Pincurchin|19/100
|-hitcount|p2a: Pincurchin|2
|move|p2a: Pincurchin|Thunder Wave|p1a: Weavile
|-status|p1a: Weavile|par
|
|upkeep
|turn|7
|
|t:|1758265809
|move|p1a: Weavile|Knock Off|p2a: Pincurchin
|-damage|p2a: Pincurchin|0 fnt
|faint|p2a: Pincurchin
|
|upkeep
|
|t:|1758265823
|switch|p2a: Iron Moth|Iron Moth|46/100
|-damage|p2a: Iron Moth|29/100|[from] Spikes
|-activate|p2a: Iron Moth|ability: Quark Drive
|-start|p2a: Iron Moth|quarkdrivespe
|turn|8
|
|t:|1758265831
|move|p2a: Iron Moth|Fiery Dance|p1a: Weavile
|-supereffective|p1a: Weavile
|-enditem|p1a: Weavile|Focus Sash
|-damage|p1a: Weavile|1/100 par
|move|p1a: Weavile|Knock Off|p2a: Iron Moth
|-damage|p2a: Iron Moth|0 fnt
|faint|p2a: Iron Moth
|-end|p2a: Iron Moth|Quark Drive|[silent]
|
|upkeep
|
|t:|1758265848
|switch|p2a: Rotom|Rotom-Wash|59/100
|turn|9
|
|t:|1758265871
|switch|p1a: Araquanid|Araquanid, M, shiny|100/100
|move|p2a: Rotom|Volt Switch|p1a: Araquanid
|-supereffective|p1a: Araquanid
|-damage|p1a: Araquanid|59/100
|
|t:|1758265880
|switch|p2a: Raging Bolt|Raging Bolt|100/100|[from] Volt Switch
|-damage|p2a: Raging Bolt|84/100|[from] Spikes
|
|-heal|p2a: Raging Bolt|90/100|[from] item: Leftovers
|upkeep
|turn|10
|
|t:|1758265889
|move|p2a: Raging Bolt|Calm Mind|p2a: Raging Bolt
|-boost|p2a: Raging Bolt|spa|1
|-boost|p2a: Raging Bolt|spd|1
|move|p1a: Araquanid|Leech Life|p2a: Raging Bolt
|-damage|p2a: Raging Bolt|52/100
|-heal|p1a: Araquanid|85/100|[from] drain|[of] p2a: Raging Bolt
|
|-heal|p2a: Raging Bolt|58/100|[from] item: Leftovers
|upkeep
|turn|11
|
|t:|1758265897
|move|p2a: Raging Bolt|Rising Voltage|p1a: Araquanid
|-hint|Rising Voltage's BP doubled on grounded target.
|-supereffective|p1a: Araquanid
|-damage|p1a: Araquanid|0 fnt
|faint|p1a: Araquanid
|
|-heal|p2a: Raging Bolt|64/100|[from] item: Leftovers
|upkeep
|
|t:|1758265901
|switch|p1a: Weavile|Weavile, M|1/100 par
|turn|12
|
|t:|1758265905
|move|p1a: Weavile|Ice Shard|p2a: Raging Bolt
|-supereffective|p2a: Raging Bolt
|-damage|p2a: Raging Bolt|32/100
|move|p2a: Raging Bolt|Thunderclap||[still]
|-fail|p2a: Raging Bolt
|
|-heal|p2a: Raging Bolt|39/100|[from] item: Leftovers
|-fieldend|move: Electric Terrain
|upkeep
|turn|13
|
|t:|1758265912
|cant|p1a: Weavile|par
|move|p2a: Raging Bolt|Rising Voltage|p1a: Weavile
|-damage|p1a: Weavile|0 fnt
|faint|p1a: Weavile
|
|-heal|p2a: Raging Bolt|45/100|[from] item: Leftovers
|upkeep
|
|t:|1758265917
|switch|p1a: Landorus|Landorus-Therian, M, shiny|100/100
|-ability|p1a: Landorus|Intimidate|boost
|-unboost|p2a: Raging Bolt|atk|1
|turn|14
|
|t:|1758265930
|move|p1a: Landorus|Rock Slide|p2a: Raging Bolt
|-damage|p2a: Raging Bolt|20/100
|move|p2a: Raging Bolt|Dragon Pulse|p1a: Landorus
|-damage|p1a: Landorus|8/100
|
|-heal|p2a: Raging Bolt|26/100|[from] item: Leftovers
|upkeep
|turn|15
|
|t:|1758265938
|move|p1a: Landorus|Rock Slide|p2a: Raging Bolt
|-damage|p2a: Raging Bolt|2/100
|move|p2a: Raging Bolt|Dragon Pulse|p1a: Landorus
|-damage|p1a: Landorus|0 fnt
|faint|p1a: Landorus
|
|-heal|p2a: Raging Bolt|9/100|[from] item: Leftovers
|upkeep
|
|t:|1758265941
|switch|p1a: Scizor|Scizor, M|100/100
|turn|16
|
|t:|1758265949
|move|p2a: Raging Bolt|Thunderclap|p1a: Scizor
|-damage|p1a: Scizor|29/100
|move|p1a: Scizor|Bullet Punch|p2a: Raging Bolt
|-resisted|p2a: Raging Bolt
|-damage|p2a: Raging Bolt|0 fnt
|faint|p2a: Raging Bolt
|-end|p2a: Raging Bolt|Protosynthesis|[silent]
|
|upkeep
|
|t:|1758265959
|switch|p2a: Rotom|Rotom-Wash|59/100
|turn|17
|
|t:|1758265972
|switch|p1a: Gholdengo|Gholdengo|100/100
|-item|p1a: Gholdengo|Air Balloon
|move|p2a: Rotom|Volt Switch|p1a: Gholdengo
|-crit|p1a: Gholdengo
|-damage|p1a: Gholdengo|64/100
|-enditem|p1a: Gholdengo|Air Balloon
|
|t:|1758265980
|switch|p2a: Iron Leaves|Iron Leaves|100/100|[from] Volt Switch
|-damage|p2a: Iron Leaves|84/100|[from] Spikes
|
|upkeep
|turn|18
|
|t:|1758266003
|-terastallize|p2a: Iron Leaves|Psychic
|move|p2a: Iron Leaves|Psyblade|p1a: Gholdengo
|-resisted|p1a: Gholdengo
|-damage|p1a: Gholdengo|29/100
|move|p1a: Gholdengo|Shadow Ball|p2a: Iron Leaves
|-supereffective|p2a: Iron Leaves
|-damage|p2a: Iron Leaves|0 fnt
|faint|p2a: Iron Leaves
|-end|p2a: Iron Leaves|Quark Drive|[silent]
|
|upkeep
|
|t:|1758266012
|switch|p2a: Rotom|Rotom-Wash|59/100
|turn|19
|
|t:|1758266017
|move|p2a: Rotom|Volt Switch|p1a: Gholdengo
|-damage|p1a: Gholdengo|2/100
|move|p1a: Gholdengo|Recover|p1a: Gholdengo
|-heal|p1a: Gholdengo|52/100
|
|-heal|p2a: Rotom|65/100|[from] item: Leftovers
|upkeep
|turn|20
|
|t:|1758266026
|move|p2a: Rotom|Hydro Pump|p1a: Gholdengo
|-damage|p1a: Gholdengo|9/100
|move|p1a: Gholdengo|Recover|p1a: Gholdengo
|-heal|p1a: Gholdengo|59/100
|
|-heal|p2a: Rotom|72/100|[from] item: Leftovers
|upkeep
|turn|21
|
|t:|1758266033
|move|p2a: Rotom|Hydro Pump|p1a: Gholdengo
|-damage|p1a: Gholdengo|21/100
|move|p1a: Gholdengo|Recover|p1a: Gholdengo
|-heal|p1a: Gholdengo|71/100
|
|-heal|p2a: Rotom|78/100|[from] item: Leftovers
|upkeep
|turn|22
|
|t:|1758266037
|move|p2a: Rotom|Hydro Pump|p1a: Gholdengo|[miss]
|-miss|p2a: Rotom|p1a: Gholdengo
|move|p1a: Gholdengo|Recover|p1a: Gholdengo
|-heal|p1a: Gholdengo|100/100
|
|-heal|p2a: Rotom|84/100|[from] item: Leftovers
|upkeep
|turn|23
|
|t:|1758266041
|move|p2a: Rotom|Hydro Pump|p1a: Gholdengo
|-damage|p1a: Gholdengo|57/100
|move|p1a: Gholdengo|Nasty Plot|p1a: Gholdengo
|-boost|p1a: Gholdengo|spa|2
|
|-heal|p2a: Rotom|90/100|[from] item: Leftovers
|upkeep
|turn|24
|
|t:|1758266045
|move|p2a: Rotom|Hydro Pump|p1a: Gholdengo|[miss]
|-miss|p2a: Rotom|p1a: Gholdengo
|move|p1a: Gholdengo|Recover|p1a: Gholdengo
|-heal|p1a: Gholdengo|100/100
|
|-heal|p2a: Rotom|97/100|[from] item: Leftovers
|upkeep
|turn|25
|-message|HuevozRancheroz forfeited.
|
|win|Khalil He
|raw|Khalil He's rating: 1401 &rarr; <strong>1416</strong><br />(+15 for winning)
|raw|HuevozRancheroz's rating: 1316 &rarr; <strong>1301</strong><br />(-15 for losing)
|l|☆HuevozRancheroz
|player|p2|
|l|☆Khalil He
|player|p1|
