|j|☆rellmise
|j|☆Pastor2x
|t:|1758351037
|gametype|singles
|player|p1|rellmise|allister-masters|1133
|player|p2|Pastor2x|tuber|1101
|gen|9
|tier|[Gen 9] OU
|rated|
|rule|HP Percentage Mod: HP is shown in percentages
|rule|Endless Battle Clause: Forcing endless battles is banned
|rule|Species Clause: Limit one of each Pokémon
|rule|OHKO Clause: OHKO moves are banned
|rule|Evasion Items Clause: Evasion items are banned
|rule|Evasion Moves Clause: Evasion moves are banned
|rule|Evasion Abilities Clause: Evasion abilities are banned
|rule|Sleep Moves Clause: Sleep-inducing moves are banned
|clearpoke
|poke|p1|Great Tusk|
|poke|p1|Heatran, M|
|poke|p1|Weavile, F|
|poke|p1|Pecharunt|
|poke|p1|Ogerpon-Wellspring, F|
|poke|p1|Enamorus, F|
|poke|p2|Rillaboom, M|
|poke|p2|Vulpix, L1, F|
|poke|p2|Shiftry, F|
|poke|p2|Walking Wake|
|poke|p2|Great Tusk|
|poke|p2|Hawlucha, F|
|teampreview
|
|t:|1758351051
|teamsize|p1|6
|teamsize|p2|6
|start
|switch|p1a: Heatransgender|Heatran, M|100/100
|switch|p2a: Vulpix|Vulpix, L1, F|100/100
|-item|p1a: Heatransgender|Air Balloon
|-weather|SunnyDay|[from] ability: Drought|[of] p2a: Vulpix
|turn|1
|
|t:|1758351066
|move|p1a: Heatransgender|Taunt|p2a: Vulpix
|-start|p2a: Vulpix|move: Taunt
|cant|p2a: Vulpix|move: Taunt|Encore
|
|-weather|SunnyDay|[upkeep]
|upkeep
|turn|2
|
|t:|1758351075
|switch|p2a: Walking Wake|Walking Wake|100/100
|-activate|p2a: Walking Wake|ability: Protosynthesis
|-start|p2a: Walking Wake|protosynthesisspa
|move|p1a: Heatransgender|Stealth Rock|p2a: Walking Wake
|-sidestart|p2: Pastor2x|move: Stealth Rock
|
|-weather|SunnyDay|[upkeep]
|upkeep
|turn|3
|
|t:|1758351086
|switch|p1a: bisexual daughter|Ogerpon-Wellspring, F|100/100
|move|p2a: Walking Wake|Hydro Steam|p1a: bisexual daughter
|-immune|p1a: bisexual daughter|[from] ability: Water Absorb
|
|-weather|SunnyDay|[upkeep]
|upkeep
|turn|4
|
|t:|1758351097
|move|p1a: bisexual daughter|Encore|p2a: Walking Wake
|-start|p2a: Walking Wake|Encore
|move|p2a: Walking Wake|Hydro Steam|p1a: bisexual daughter
|-immune|p1a: bisexual daughter|[from] ability: Water Absorb
|
|-weather|SunnyDay|[upkeep]
|upkeep
|turn|5
|
|t:|1758351116
|-end|p2a: Walking Wake|Protosynthesis|[silent]
|switch|p2a: Rillaboom|Rillaboom, M|100/100
|-damage|p2a: Rillaboom|88/100|[from] Stealth Rock
|-fieldstart|move: Grassy Terrain|[from] ability: Grassy Surge|[of] p2a: Rillaboom
|move|p1a: bisexual daughter|Horn Leech|p2a: Rillaboom
|-resisted|p2a: Rillaboom
|-damage|p2a: Rillaboom|57/100
|
|-weather|SunnyDay|[upkeep]
|-heal|p2a: Rillaboom|64/100|[from] Grassy Terrain
|-heal|p2a: Rillaboom|70/100|[from] item: Leftovers
|upkeep
|turn|6
|
|t:|1758351142
|move|p2a: Rillaboom|Grassy Glide|p1a: bisexual daughter
|-damage|p1a: bisexual daughter|55/100
|move|p1a: bisexual daughter|U-turn|p2a: Rillaboom
|-supereffective|p2a: Rillaboom
|-damage|p2a: Rillaboom|10/100
|
|t:|1758351150
|switch|p1a: I LAND AXEL #TRUE|Weavile, F|100/100|[from] U-turn
|-ability|p1a: I LAND AXEL #TRUE|Pressure
|
|-weather|SunnyDay|[upkeep]
|-heal|p2a: Rillaboom|17/100|[from] Grassy Terrain
|-heal|p2a: Rillaboom|23/100|[from] item: Leftovers
|upkeep
|turn|7
|
|t:|1758351178
|switch|p2a: Great Tusk|Great Tusk|100/100
|-activate|p2a: Great Tusk|ability: Protosynthesis
|-start|p2a: Great Tusk|protosynthesisspe
|move|p1a: I LAND AXEL #TRUE|Ice Shard|p2a: Great Tusk
|-supereffective|p2a: Great Tusk
|-damage|p2a: Great Tusk|66/100
|
|-weather|SunnyDay|[upkeep]
|-heal|p2a: Great Tusk|72/100|[from] Grassy Terrain
|upkeep
|turn|8
|
|t:|1758351201
|switch|p1a: lesbian aunt|Enamorus, F|100/100
|move|p2a: Great Tusk|Megahorn|p1a: lesbian aunt|[miss]
|-miss|p2a: Great Tusk|p1a: lesbian aunt
|
|-weather|none
|-end|p2a: Great Tusk|Protosynthesis
|-heal|p2a: Great Tusk|78/100|[from] Grassy Terrain
|upkeep
|turn|9
|
|t:|1758351217
|-end|p2a: Great Tusk|Protosynthesis|[silent]
|switch|p2a: Vulpix|Vulpix, L1, F|100/100
|-damage|p2a: Vulpix|75/100|[from] Stealth Rock
|-weather|SunnyDay|[from] ability: Drought|[of] p2a: Vulpix
|move|p1a: lesbian aunt|Superpower|p2a: Vulpix
|-damage|p2a: Vulpix|0 fnt
|-boost|p1a: lesbian aunt|atk|1
|-boost|p1a: lesbian aunt|def|1
|faint|p2a: Vulpix
|
|-weather|SunnyDay|[upkeep]
|-fieldend|move: Grassy Terrain
|upkeep
|
|t:|1758351236
|switch|p2a: Shiftry|Shiftry, F|100/100
|turn|10
|
|t:|1758351245
|-terastallize|p2a: Shiftry|Stellar
|move|p2a: Shiftry|Explosion|p1a: lesbian aunt
|-damage|p1a: lesbian aunt|0 fnt
|faint|p2a: Shiftry
|faint|p1a: lesbian aunt
|
|-weather|SunnyDay|[upkeep]
|upkeep
|
|t:|1758351260
|switch|p1a: Heatransgender|Heatran, M|100/100
|switch|p2a: Rillaboom|Rillaboom, M|23/100
|-damage|p2a: Rillaboom|10/100|[from] Stealth Rock
|-fieldstart|move: Grassy Terrain|[from] ability: Grassy Surge|[of] p2a: Rillaboom
|-item|p1a: Heatransgender|Air Balloon
|turn|11
|
|t:|1758351279
|-singleturn|p2a: Rillaboom|move: Focus Punch
|move|p1a: Heatransgender|Earth Power|p2a: Rillaboom
|-resisted|p2a: Rillaboom
|-damage|p2a: Rillaboom|0 fnt
|faint|p2a: Rillaboom
|
|-weather|SunnyDay|[upkeep]
|upkeep
|
|t:|1758351295
|switch|p2a: Hawlucha|Hawlucha, F|100/100
|-damage|p2a: Hawlucha|88/100|[from] Stealth Rock
|-enditem|p2a: Hawlucha|Grassy Seed
|-boost|p2a: Hawlucha|def|1|[from] item: Grassy Seed
|turn|12
|
|t:|1758351308
|move|p2a: Hawlucha|Swords Dance|p2a: Hawlucha
|-boost|p2a: Hawlucha|atk|2
|move|p1a: Heatransgender|Magma Storm|p2a: Hawlucha
|-damage|p2a: Hawlucha|0 fnt
|faint|p2a: Hawlucha
|
|-weather|SunnyDay|[upkeep]
|upkeep
|
|t:|1758351315
|switch|p2a: Walking Wake|Walking Wake|100/100
|-damage|p2a: Walking Wake|88/100|[from] Stealth Rock
|-activate|p2a: Walking Wake|ability: Protosynthesis
|-start|p2a: Walking Wake|protosynthesisspa
|turn|13
|inactive|Battle timer is ON: inactive players will automatically lose when time's up. (requested by Pastor2x)
|
|t:|1758351335
|switch|p1a: bisexual daughter|Ogerpon-Wellspring, F|55/100
|move|p2a: Walking Wake|Agility|p2a: Walking Wake
|-boost|p2a: Walking Wake|spe|2
|
|-weather|SunnyDay|[upkeep]
|-heal|p2a: Walking Wake|94/100|[from] Grassy Terrain
|-heal|p1a: bisexual daughter|61/100|[from] Grassy Terrain
|upkeep
|turn|14
|
|t:|1758351344
|move|p2a: Walking Wake|Weather Ball|p1a: bisexual daughter
|-damage|p1a: bisexual daughter|0 fnt
|faint|p1a: bisexual daughter
|
|-weather|SunnyDay|[upkeep]
|-heal|p2a: Walking Wake|100/100|[from] Grassy Terrain
|upkeep
|
|t:|1758351368
|switch|p1a: Heatransgender|Heatran, M|100/100
|-item|p1a: Heatransgender|Air Balloon
|turn|15
|
|t:|1758351380
|-terastallize|p1a: Heatransgender|Fairy
|move|p2a: Walking Wake|Hydro Steam|p1a: Heatransgender
|-damage|p1a: Heatransgender|12/100
|-enditem|p1a: Heatransgender|Air Balloon
|move|p1a: Heatransgender|Earth Power|p2a: Walking Wake
|-damage|p2a: Walking Wake|67/100
|
|-weather|SunnyDay|[upkeep]
|-heal|p2a: Walking Wake|73/100|[from] Grassy Terrain
|-heal|p1a: Heatransgender|18/100|[from] Grassy Terrain
|-fieldend|move: Grassy Terrain
|upkeep
|turn|16
|
|t:|1758351393
|move|p2a: Walking Wake|Hydro Steam|p1a: Heatransgender
|-damage|p1a: Heatransgender|0 fnt
|faint|p1a: Heatransgender
|
|-weather|none
|-end|p2a: Walking Wake|Protosynthesis
|upkeep
|
|t:|1758351403
|switch|p1a: mochi michael|Pecharunt|100/100
|turn|17
|
|t:|1758351423
|move|p2a: Walking Wake|Hydro Steam|p1a: mochi michael
|-damage|p1a: mochi michael|59/100
|move|p1a: mochi michael|Malignant Chain|p2a: Walking Wake
|-damage|p2a: Walking Wake|35/100
|
|upkeep
|turn|18
|
|t:|1758351438
|move|p2a: Walking Wake|Draco Meteor|p1a: mochi michael
|-damage|p1a: mochi michael|0 fnt
|-unboost|p2a: Walking Wake|spa|2
|faint|p1a: mochi michael
|
|upkeep
|
|t:|1758351456
|switch|p1a: I LAND AXEL #TRUE|Weavile, F|100/100
|-ability|p1a: I LAND AXEL #TRUE|Pressure
|turn|19
|
|t:|1758351465
|move|p1a: I LAND AXEL #TRUE|Ice Shard|p2a: Walking Wake
|-damage|p2a: Walking Wake|1/100
|move|p2a: Walking Wake|Draco Meteor|p1a: I LAND AXEL #TRUE|[miss]
|-miss|p2a: Walking Wake|p1a: I LAND AXEL #TRUE
|
|upkeep
|turn|20
|-message|Pastor2x forfeited.
|
|win|rellmise
|raw|rellmise's rating: 1133 &rarr; <strong>1156</strong><br />(+23 for winning)
|raw|Pastor2x's rating: 1101 &rarr; <strong>1078</strong><br />(-23 for losing)
|l|☆Pastor2x
|player|p2|
|l|☆rellmise
|player|p1|
