|j|☆peakmindset
|j|☆mattcoolcat98
|t:|1758317742
|gametype|singles
|player|p1|peakmindset|byron|1598
|player|p2|mattcoolcat98|101|1627
|gen|9
|tier|[Gen 9] OU
|rated|
|rule|HP Percentage Mod: HP is shown in percentages
|rule|Endless Battle Clause: Forcing endless battles is banned
|rule|Species Clause: Limit one of each Pokémon
|rule|OHKO Clause: OHKO moves are banned
|rule|Evasion Items Clause: Evasion items are banned
|rule|Evasion Moves Clause: Evasion moves are banned
|rule|Evasion Abilities Clause: Evasion abilities are banned
|rule|Sleep Moves Clause: Sleep-inducing moves are banned
|clearpoke
|poke|p1|Pelipper, F|
|poke|p1|Hatterene, F|
|poke|p1|Iron Treads|
|poke|p1|Toxicroak, F|
|poke|p1|Barraskewda, F|
|poke|p1|Zapdos|
|poke|p2|Pelipper, F|
|poke|p2|Hatterene, F|
|poke|p2|Iron Treads|
|poke|p2|Toxicroak, F|
|poke|p2|Barraskewda, F|
|poke|p2|Zapdos|
|teampreview
|c|☆peakmindset|Gl
|c|☆peakmindset|Hf
|c|☆mattcoolcat98|glhf
|c|☆mattcoolcat98|nice team
|
|t:|1758317770
|teamsize|p1|6
|teamsize|p2|6
|start
|switch|p1a: Toxicroak|Toxicroak, F|100/100
|switch|p2a: Toxicroak|Toxicroak, F|100/100
|turn|1
|
|t:|1758317781
|switch|p2a: Iron Treads|Iron Treads|100/100
|move|p1a: Toxicroak|Knock Off|p2a: Iron Treads
|-damage|p2a: Iron Treads|83/100
|-enditem|p2a: Iron Treads|Leftovers|[from] move: Knock Off|[of] p1a: Toxicroak
|
|upkeep
|turn|2
|
|t:|1758317794
|move|p2a: Iron Treads|Volt Switch|p1a: Toxicroak
|-damage|p1a: Toxicroak|83/100
|
|t:|1758317798
|-end|p2a: Iron Treads|Quark Drive|[silent]
|switch|p2a: Toxicroak|Toxicroak, F|100/100|[from] Volt Switch
|move|p1a: Toxicroak|Drain Punch|p2a: Toxicroak
|-resisted|p2a: Toxicroak
|-damage|p2a: Toxicroak|88/100
|-heal|p1a: Toxicroak|90/100|[from] drain|[of] p2a: Toxicroak
|-damage|p1a: Toxicroak|73/100|[from] item: Rocky Helmet|[of] p2a: Toxicroak
|
|upkeep
|turn|3
|
|t:|1758317804
|switch|p2a: Iron Treads|Iron Treads|83/100
|move|p1a: Toxicroak|Knock Off|p2a: Iron Treads
|-damage|p2a: Iron Treads|71/100
|
|upkeep
|turn|4
|
|t:|1758317813
|switch|p1a: Hatterene|Hatterene, F|100/100
|move|p2a: Iron Treads|Earthquake|p1a: Hatterene
|-damage|p1a: Hatterene|69/100
|-enditem|p1a: Hatterene|Eject Button
|
|t:|1758317817
|switch|p1a: Barraskewda|Barraskewda, F|100/100
|
|upkeep
|turn|5
|
|t:|1758317826
|switch|p1a: Zapdos|Zapdos|100/100
|-end|p2a: Iron Treads|Quark Drive|[silent]
|switch|p2a: Toxicroak|Toxicroak, F|88/100
|
|upkeep
|turn|6
|
|t:|1758317842
|switch|p2a: Iron Treads|Iron Treads|71/100
|move|p1a: Zapdos|Hurricane|p2a: Iron Treads
|-resisted|p2a: Iron Treads
|-crit|p2a: Iron Treads
|-damage|p2a: Iron Treads|20/100
|
|upkeep
|turn|7
|
|t:|1758317847
|move|p1a: Zapdos|Hurricane|p2a: Iron Treads|[miss]
|-miss|p1a: Zapdos|p2a: Iron Treads
|move|p2a: Iron Treads|Stealth Rock|p1a: Zapdos
|-sidestart|p1: peakmindset|move: Stealth Rock
|
|upkeep
|turn|8
|
|t:|1758317856
|move|p1a: Zapdos|Hurricane|p2a: Iron Treads
|-resisted|p2a: Iron Treads
|-damage|p2a: Iron Treads|0 fnt
|faint|p2a: Iron Treads
|-end|p2a: Iron Treads|Quark Drive|[silent]
|
|upkeep
|
|t:|1758317866
|switch|p2a: Zapdos|Zapdos|100/100
|turn|9
|
|t:|1758317874
|switch|p2a: Pelipper|Pelipper, F|100/100
|-weather|RainDance|[from] ability: Drizzle|[of] p2a: Pelipper
|switch|p1a: Iron Treads|Iron Treads|100/100
|-damage|p1a: Iron Treads|98/100|[from] Stealth Rock
|
|-weather|RainDance|[upkeep]
|-heal|p1a: Iron Treads|100/100|[from] item: Leftovers
|upkeep
|turn|10
|
|t:|1758317886
|switch|p2a: Barraskewda|Barraskewda, F|100/100
|move|p1a: Iron Treads|Rapid Spin|p2a: Barraskewda
|-damage|p2a: Barraskewda|77/100
|-boost|p1a: Iron Treads|spe|1
|-sideend|p1: peakmindset|Stealth Rock|[from] move: Rapid Spin|[of] p1a: Iron Treads
|
|-weather|RainDance|[upkeep]
|upkeep
|turn|11
|
|t:|1758317897
|switch|p2a: Zapdos|Zapdos|100/100
|move|p1a: Iron Treads|Volt Switch|p2a: Zapdos
|-damage|p2a: Zapdos|86/100
|
|t:|1758317904
|-end|p1a: Iron Treads|Quark Drive|[silent]
|switch|p1a: Zapdos|Zapdos|100/100|[from] Volt Switch
|
|-weather|RainDance|[upkeep]
|upkeep
|turn|12
|
|t:|1758317915
|switch|p1a: Iron Treads|Iron Treads|100/100
|move|p2a: Zapdos|Thunder|p1a: Iron Treads
|-immune|p1a: Iron Treads
|
|-weather|RainDance|[upkeep]
|upkeep
|turn|13
|
|t:|1758317924
|switch|p2a: Hatterene|Hatterene, F|100/100
|-end|p1a: Iron Treads|Quark Drive|[silent]
|switch|p1a: Zapdos|Zapdos|100/100
|
|-weather|RainDance|[upkeep]
|upkeep
|turn|14
|
|t:|1758317934
|move|p1a: Zapdos|Thunder|p2a: Hatterene
|-damage|p2a: Hatterene|6/100
|-status|p2a: Hatterene|par
|-enditem|p2a: Hatterene|Eject Button
|
|t:|1758317942
|switch|p2a: Zapdos|Zapdos|86/100
|
|-weather|RainDance|[upkeep]
|upkeep
|turn|15
|
|t:|1758317950
|switch|p1a: Hatterene|Hatterene, F|69/100
|move|p2a: Zapdos|Weather Ball|p1a: Hatterene
|-damage|p1a: Hatterene|0 fnt
|faint|p1a: Hatterene
|
|-weather|RainDance|[upkeep]
|upkeep
|
|t:|1758317959
|switch|p1a: Toxicroak|Toxicroak, F|73/100
|turn|16
|
|t:|1758317968
|switch|p2a: Hatterene|Hatterene, F|6/100 par
|switch|p1a: Zapdos|Zapdos|100/100
|
|-weather|none
|upkeep
|turn|17
|
|t:|1758317984
|move|p1a: Zapdos|Volt Switch|p2a: Hatterene
|-damage|p2a: Hatterene|0 fnt
|faint|p2a: Hatterene
|
|t:|1758317987
|switch|p1a: Iron Treads|Iron Treads|100/100|[from] Volt Switch
|
|upkeep
|
|t:|1758317997
|switch|p2a: Barraskewda|Barraskewda, F|77/100
|turn|18
|
|t:|1758318005
|-end|p1a: Iron Treads|Quark Drive|[silent]
|switch|p1a: Toxicroak|Toxicroak, F|73/100
|move|p2a: Barraskewda|Flip Turn|p1a: Toxicroak
|-heal|p1a: Toxicroak|98/100|[from] ability: Dry Skin|[of] p2a: Barraskewda
|
|upkeep
|turn|19
|
|t:|1758318015
|switch|p2a: Toxicroak|Toxicroak, F|88/100
|switch|p1a: Zapdos|Zapdos|100/100
|
|upkeep
|turn|20
|
|t:|1758318026
|switch|p2a: Pelipper|Pelipper, F|100/100
|-weather|RainDance|[from] ability: Drizzle|[of] p2a: Pelipper
|move|p1a: Zapdos|Hurricane|p2a: Pelipper
|-damage|p2a: Pelipper|18/100
|-start|p2a: Pelipper|confusion
|
|-weather|RainDance|[upkeep]
|upkeep
|turn|21
|
|t:|1758318039
|move|p1a: Zapdos|Hurricane|p2a: Pelipper
|-damage|p2a: Pelipper|0 fnt
|faint|p2a: Pelipper
|
|-weather|RainDance|[upkeep]
|upkeep
|
|t:|1758318042
|switch|p2a: Zapdos|Zapdos|86/100
|turn|22
|
|t:|1758318049
|switch|p1a: Pelipper|Pelipper, F|100/100
|move|p2a: Zapdos|Hurricane|p1a: Pelipper
|-damage|p1a: Pelipper|18/100
|
|-weather|RainDance|[upkeep]
|upkeep
|turn|23
|
|t:|1758318056
|-terastallize|p2a: Zapdos|Flying
|move|p2a: Zapdos|Hurricane|p1a: Pelipper
|-damage|p1a: Pelipper|0 fnt
|faint|p1a: Pelipper
|
|-weather|RainDance|[upkeep]
|upkeep
|
|t:|1758318058
|switch|p1a: Zapdos|Zapdos|100/100
|turn|24
|
|t:|1758318066
|move|p1a: Zapdos|Thunder|p2a: Zapdos
|-supereffective|p2a: Zapdos
|-damage|p2a: Zapdos|0 fnt
|faint|p2a: Zapdos
|
|-weather|RainDance|[upkeep]
|upkeep
|c|☆peakmindset|Gg
|c|☆mattcoolcat98|gg
|-message|mattcoolcat98 forfeited.
|
|win|peakmindset
|raw|peakmindset's rating: 1598 &rarr; <strong>1620</strong><br />(+22 for winning)
|raw|mattcoolcat98's rating: 1627 &rarr; <strong>1605</strong><br />(-22 for losing)
|c|☆peakmindset|Gl
|l|☆mattcoolcat98
|player|p2|
