|j|☆Ashurabocchi
|j|☆Douglas888
|t:|1758317520
|gametype|singles
|player|p1|Ashurabocchi|dawn-gen4pt|1159
|player|p2|Douglas888|2|1137
|gen|9
|tier|[Gen 9] OU
|rated|
|rule|HP Percentage Mod: HP is shown in percentages
|rule|Endless Battle Clause: Forcing endless battles is banned
|rule|Species Clause: Limit one of each Pokémon
|rule|OHKO Clause: OHKO moves are banned
|rule|Evasion Items Clause: Evasion items are banned
|rule|Evasion Moves Clause: Evasion moves are banned
|rule|Evasion Abilities Clause: Evasion abilities are banned
|rule|Sleep Moves Clause: Sleep-inducing moves are banned
|clearpoke
|poke|p1|Wo-Chien|
|poke|p1|Corviknight, F|
|poke|p1|Clodsire, F|
|poke|p1|Rampardos, M|
|poke|p1|Alomomola, F|
|poke|p1|Enamorus, F|
|poke|p2|Abomasnow, M|
|poke|p2|Beartic, M|
|poke|p2|Zoroark-Hisui, M|
|poke|p2|Slowbro, M|
|poke|p2|Bisharp, M|
|poke|p2|Chandelure, M|
|teampreview
|inactive|Battle timer is ON: inactive players will automatically lose when time's up. (requested by Ashurabocchi)
|
|t:|1758317556
|teamsize|p1|6
|teamsize|p2|6
|start
|switch|p1a: Rampardos|Rampardos, M, shiny|100/100
|switch|p2a: Abomasnow|Abomasnow, M|100/100
|-weather|Snowscape|[from] ability: Snow Warning|[of] p2a: Abomasnow
|turn|1
|
|t:|1758317567
|switch|p2a: Slowbro|Slowbro, M|100/100
|move|p1a: Rampardos|Fire Punch|p2a: Slowbro
|-resisted|p2a: Slowbro
|-damage|p2a: Slowbro|89/100
|
|-weather|Snowscape|[upkeep]
|upkeep
|turn|2
|
|t:|1758317579
|switch|p1a: Wo-Chien|Wo-Chien|100/100
|-ability|p1a: Wo-Chien|Tablets of Ruin
|move|p2a: Slowbro|Scald|p1a: Wo-Chien
|-resisted|p1a: Wo-Chien
|-damage|p1a: Wo-Chien|93/100
|
|-weather|Snowscape|[upkeep]
|-heal|p1a: Wo-Chien|99/100|[from] item: Leftovers
|upkeep
|turn|3
|
|t:|1758317588
|move|p1a: Wo-Chien|Substitute|p1a: Wo-Chien
|-start|p1a: Wo-Chien|Substitute
|-damage|p1a: Wo-Chien|75/100
|move|p2a: Slowbro|Blizzard|p1a: Wo-Chien
|-supereffective|p1a: Wo-Chien
|-end|p1a: Wo-Chien|Substitute
|
|-weather|Snowscape|[upkeep]
|-heal|p1a: Wo-Chien|81/100|[from] item: Leftovers
|upkeep
|turn|4
|
|t:|1758317597
|move|p1a: Wo-Chien|Substitute|p1a: Wo-Chien
|-start|p1a: Wo-Chien|Substitute
|-damage|p1a: Wo-Chien|56/100
|move|p2a: Slowbro|Blizzard|p1a: Wo-Chien
|-supereffective|p1a: Wo-Chien
|-end|p1a: Wo-Chien|Substitute
|
|-weather|Snowscape|[upkeep]
|-heal|p1a: Wo-Chien|62/100|[from] item: Leftovers
|upkeep
|turn|5
|
|t:|1758317605
|move|p1a: Wo-Chien|Substitute|p1a: Wo-Chien
|-start|p1a: Wo-Chien|Substitute
|-damage|p1a: Wo-Chien|37/100
|move|p2a: Slowbro|Blizzard|p1a: Wo-Chien
|-supereffective|p1a: Wo-Chien
|-end|p1a: Wo-Chien|Substitute
|
|-weather|none
|-heal|p1a: Wo-Chien|43/100|[from] item: Leftovers
|upkeep
|turn|6
|
|t:|1758317616
|switch|p2a: Abomasnow|Abomasnow, M|100/100
|-weather|Snowscape|[from] ability: Snow Warning|[of] p2a: Abomasnow
|move|p1a: Wo-Chien|Substitute|p1a: Wo-Chien
|-start|p1a: Wo-Chien|Substitute
|-damage|p1a: Wo-Chien|18/100
|
|-weather|Snowscape|[upkeep]
|-heal|p1a: Wo-Chien|25/100|[from] item: Leftovers
|upkeep
|turn|7
|
|t:|1758317625
|move|p1a: Wo-Chien|Knock Off|p2a: Abomasnow
|-damage|p2a: Abomasnow|79/100
|-enditem|p2a: Abomasnow|Leftovers|[from] move: Knock Off|[of] p1a: Wo-Chien
|move|p2a: Abomasnow|Blizzard|p1a: Wo-Chien
|-supereffective|p1a: Wo-Chien
|-end|p1a: Wo-Chien|Substitute
|
|-weather|Snowscape|[upkeep]
|-heal|p1a: Wo-Chien|31/100|[from] item: Leftovers
|upkeep
|turn|8
|
|t:|1758317636
|switch|p1a: Rampardos|Rampardos, M, shiny|100/100
|move|p2a: Abomasnow|Blizzard|p1a: Rampardos
|-damage|p1a: Rampardos|43/100
|
|-weather|Snowscape|[upkeep]
|upkeep
|turn|9
|
|t:|1758317644
|switch|p2a: Slowbro|Slowbro, M|100/100
|move|p1a: Rampardos|Thunder Punch|p2a: Slowbro
|-supereffective|p2a: Slowbro
|-damage|p2a: Slowbro|50/100
|
|-weather|Snowscape|[upkeep]
|upkeep
|turn|10
|
|t:|1758317654
|switch|p2a: Bisharp|Bisharp, M|100/100
|move|p1a: Rampardos|Thunder Punch|p2a: Bisharp
|-damage|p2a: Bisharp|77/100
|
|-weather|none
|upkeep
|turn|11
|
|t:|1758317661
|switch|p1a: Alomomola|Alomomola, F, shiny|100/100
|switch|p2a: Chandelure|Chandelure, M|100/100
|-item|p2a: Chandelure|Air Balloon
|
|upkeep
|turn|12
|
|t:|1758317673
|switch|p2a: Abomasnow|Abomasnow, M|79/100
|-weather|Snowscape|[from] ability: Snow Warning|[of] p2a: Abomasnow
|move|p1a: Alomomola|Flip Turn|p2a: Abomasnow
|-resisted|p2a: Abomasnow
|-damage|p2a: Abomasnow|73/100
|
|t:|1758317679
|switch|p1a: Rampardos|Rampardos, M, shiny|43/100|[from] Flip Turn
|
|-weather|Snowscape|[upkeep]
|upkeep
|turn|13
|
|t:|1758317686
|switch|p2a: Slowbro|Slowbro, M|83/100
|move|p1a: Rampardos|Fire Punch|p2a: Slowbro
|-resisted|p2a: Slowbro
|-damage|p2a: Slowbro|72/100
|
|-weather|Snowscape|[upkeep]
|upkeep
|turn|14
|
|t:|1758317692
|switch|p1a: Alomomola|Alomomola, F, shiny|100/100
|move|p2a: Slowbro|Scald|p1a: Alomomola
|-resisted|p1a: Alomomola
|-damage|p1a: Alomomola|83/100
|
|-weather|Snowscape|[upkeep]
|-heal|p1a: Alomomola|89/100|[from] item: Leftovers
|upkeep
|turn|15
|
|t:|1758317704
|move|p2a: Slowbro|Thunder Wave|p1a: Alomomola
|-status|p1a: Alomomola|par
|move|p1a: Alomomola|Mirror Coat||[still]
|-fail|p1a: Alomomola
|
|-weather|Snowscape|[upkeep]
|-heal|p1a: Alomomola|96/100 par|[from] item: Leftovers
|upkeep
|turn|16
|
|t:|1758317715
|switch|p2a: Bisharp|Bisharp, M|77/100
|move|p1a: Alomomola|Flip Turn|p2a: Bisharp
|-damage|p2a: Bisharp|66/100
|
|t:|1758317723
|switch|p1a: Corviknight|Corviknight, F, shiny|100/100|[from] Flip Turn
|
|-weather|none
|upkeep
|turn|17
|
|t:|1758317731
|move|p2a: Bisharp|Stealth Rock|p1a: Corviknight
|-sidestart|p1: Ashurabocchi|move: Stealth Rock
|move|p1a: Corviknight|Body Press|p2a: Bisharp
|-supereffective|p2a: Bisharp
|-damage|p2a: Bisharp|0 fnt
|faint|p2a: Bisharp
|
|upkeep
|
|t:|1758317742
|switch|p2a: Chandelure|Chandelure, M|100/100
|-item|p2a: Chandelure|Air Balloon
|turn|18
|
|t:|1758317748
|switch|p1a: Clodsire|Clodsire, F, shiny|100/100
|-damage|p1a: Clodsire|94/100|[from] Stealth Rock
|move|p2a: Chandelure|Flamethrower|p1a: Clodsire
|-damage|p1a: Clodsire|68/100
|-status|p1a: Clodsire|brn
|
|-heal|p1a: Clodsire|74/100 brn|[from] item: Leftovers
|-damage|p1a: Clodsire|68/100 brn|[from] brn
|upkeep
|turn|19
|
|t:|1758317760
|switch|p2a: Abomasnow|Abomasnow, M|73/100
|-weather|Snowscape|[from] ability: Snow Warning|[of] p2a: Abomasnow
|move|p1a: Clodsire|Stealth Rock|p2a: Abomasnow
|-sidestart|p2: Douglas888|move: Stealth Rock
|
|-weather|Snowscape|[upkeep]
|-heal|p1a: Clodsire|74/100 brn|[from] item: Leftovers
|-damage|p1a: Clodsire|68/100 brn|[from] brn
|upkeep
|turn|20
|
|t:|1758317773
|move|p2a: Abomasnow|Aurora Veil|p2a: Abomasnow
|-sidestart|p2: Douglas888|move: Aurora Veil
|move|p1a: Clodsire|Poison Jab|p2a: Abomasnow
|-supereffective|p2a: Abomasnow
|-damage|p2a: Abomasnow|64/100
|-status|p2a: Abomasnow|psn
|
|-weather|Snowscape|[upkeep]
|-heal|p1a: Clodsire|74/100 brn|[from] item: Leftovers
|-damage|p2a: Abomasnow|52/100 psn|[from] psn
|-damage|p1a: Clodsire|68/100 brn|[from] brn
|upkeep
|turn|21
|
|t:|1758317783
|switch|p1a: Alomomola|Alomomola, F, shiny|100/100 par
|-damage|p1a: Alomomola|88/100 par|[from] Stealth Rock
|move|p2a: Abomasnow|Blizzard|p1a: Alomomola
|-resisted|p1a: Alomomola
|-damage|p1a: Alomomola|69/100 par
|
|-weather|Snowscape|[upkeep]
|-heal|p1a: Alomomola|75/100 par|[from] item: Leftovers
|-damage|p2a: Abomasnow|39/100 psn|[from] psn
|upkeep
|turn|22
|
|t:|1758317793
|move|p2a: Abomasnow|Leech Seed|p1a: Alomomola
|-start|p1a: Alomomola|move: Leech Seed
|move|p1a: Alomomola|Flip Turn|p2a: Abomasnow
|-resisted|p2a: Abomasnow
|-damage|p2a: Abomasnow|36/100 psn
|
|t:|1758317805
|switch|p1a: Rampardos|Rampardos, M, shiny|43/100|[from] Flip Turn
|-damage|p1a: Rampardos|31/100|[from] Stealth Rock
|
|-weather|Snowscape|[upkeep]
|-damage|p2a: Abomasnow|24/100 psn|[from] psn
|upkeep
|turn|23
|
|t:|1758317813
|move|p1a: Rampardos|Thunder Punch|p2a: Abomasnow
|-resisted|p2a: Abomasnow
|-damage|p2a: Abomasnow|16/100 psn
|move|p2a: Abomasnow|Earthquake|p1a: Rampardos
|-supereffective|p1a: Rampardos
|-damage|p1a: Rampardos|0 fnt
|faint|p1a: Rampardos
|
|-weather|none
|-damage|p2a: Abomasnow|4/100 psn|[from] psn
|upkeep
|
|t:|1758317818
|switch|p1a: Wo-Chien|Wo-Chien|31/100
|-damage|p1a: Wo-Chien|18/100|[from] Stealth Rock
|-ability|p1a: Wo-Chien|Tablets of Ruin
|turn|24
|
|t:|1758317827
|move|p1a: Wo-Chien|Giga Drain|p2a: Abomasnow
|-resisted|p2a: Abomasnow
|-damage|p2a: Abomasnow|0 fnt
|-heal|p1a: Wo-Chien|20/100|[from] drain|[of] p2a: Abomasnow
|faint|p2a: Abomasnow
|
|-heal|p1a: Wo-Chien|26/100|[from] item: Leftovers
|-sideend|p2: Douglas888|move: Aurora Veil
|upkeep
|
|t:|1758317849
|switch|p2a: Slowbro|Slowbro, M|100/100
|turn|25
|
|t:|1758317852
|move|p2a: Slowbro|Flamethrower|p1a: Wo-Chien
|-supereffective|p1a: Wo-Chien
|-damage|p1a: Wo-Chien|0 fnt
|faint|p1a: Wo-Chien
|
|upkeep
|
|t:|1758317858
|switch|p1a: Enamorus|Enamorus, F|100/100
|-damage|p1a: Enamorus|76/100|[from] Stealth Rock
|turn|26
|
|t:|1758317866
|switch|p2a: Slowbro|Slowbro, M|100/100
|-terastallize|p1a: Enamorus|Stellar
|move|p1a: Enamorus|Tera Blast|p2a: Slowbro|[anim] Tera Blast Stellar
|-damage|p2a: Slowbro|56/100
|-boost|p1a: Enamorus|atk|1
|-boost|p1a: Enamorus|spa|1
|
|upkeep
|turn|27
|
|t:|1758317877
|move|p1a: Enamorus|Tera Blast|p2a: Slowbro|[anim] Tera Blast Stellar
|-damage|p2a: Slowbro|0 fnt
|-boost|p1a: Enamorus|atk|1
|-boost|p1a: Enamorus|spa|1
|faint|p2a: Slowbro
|
|upkeep
|
|t:|1758317886
|switch|p2a: Beartic|Beartic, M|100/100
|turn|28
|
|t:|1758317892
|-terastallize|p2a: Beartic|Ice
|move|p1a: Enamorus|Tera Blast|p2a: Beartic|[anim] Tera Blast Stellar
|-supereffective|p2a: Beartic
|-damage|p2a: Beartic|0 fnt
|-boost|p1a: Enamorus|atk|1
|-boost|p1a: Enamorus|spa|1
|faint|p2a: Beartic
|
|upkeep
|
|t:|1758317900
|switch|p2a: Chandelure|Chandelure, M|100/100
|-damage|p2a: Chandelure|76/100|[from] Stealth Rock
|-item|p2a: Chandelure|Air Balloon
|turn|29
|
|t:|1758317907
|move|p1a: Enamorus|Tera Blast|p2a: Chandelure|[anim] Tera Blast Stellar
|-damage|p2a: Chandelure|0 fnt
|-boost|p1a: Enamorus|atk|1
|-boost|p1a: Enamorus|spa|1
|-enditem|p2a: Chandelure|Air Balloon
|faint|p2a: Chandelure
|
|upkeep
|
|t:|1758317915
|switch|p2a: Zoroark|Zoroark-Hisui, M, shiny|100/100
|turn|30
|
|t:|1758317918
|move|p1a: Enamorus|Tera Blast|p2a: Zoroark|[anim] Tera Blast Stellar
|-damage|p2a: Zoroark|0 fnt
|-boost|p1a: Enamorus|atk|1
|-boost|p1a: Enamorus|spa|1
|faint|p2a: Zoroark
|
|win|Ashurabocchi
|raw|Ashurabocchi's rating: 1159 &rarr; <strong>1182</strong><br />(+23 for winning)
|raw|Douglas888's rating: 1137 &rarr; <strong>1114</strong><br />(-23 for losing)
|l|☆Ashurabocchi
|player|p1|
|l|☆Douglas888
|player|p2|
