|j|☆Penguinxdd
|j|☆whichjuanz
|t:|1758307147
|gametype|singles
|player|p1|Penguinxdd|veteran|1324
|player|p2|whichjuanz|hiker-gen4|1347
|gen|9
|tier|[Gen 9] OU
|rated|
|rule|HP Percentage Mod: HP is shown in percentages
|rule|Endless Battle Clause: Forcing endless battles is banned
|rule|Species Clause: Limit one of each Pokémon
|rule|OHKO Clause: OHKO moves are banned
|rule|Evasion Items Clause: Evasion items are banned
|rule|Evasion Moves Clause: Evasion moves are banned
|rule|Evasion Abilities Clause: Evasion abilities are banned
|rule|Sleep Moves Clause: Sleep-inducing moves are banned
|clearpoke
|poke|p1|Weezing-Galar, M|
|poke|p1|Iron Valiant|
|poke|p1|Gholdengo|
|poke|p1|Primarina, F|
|poke|p1|Ting-Lu|
|poke|p1|Comfey, M|
|poke|p2|Exeggutor-Alola, M|
|poke|p2|Cinderace, F|
|poke|p2|Quaquaval, M|
|poke|p2|Palossand, M|
|poke|p2|Comfey, F|
|poke|p2|Dugtrio-Alola, M|
|teampreview
|inactive|Battle timer is ON: inactive players will automatically lose when time's up. (requested by whichjuanz)
|
|t:|1758307152
|teamsize|p1|6
|teamsize|p2|6
|start
|switch|p1a: Comfey|Comfey, M|100/100
|switch|p2a: KLOuFRENS|Dugtrio-Alola, M|100/100
|turn|1
|
|t:|1758307155
|switch|p1a: Ting-Lu|Ting-Lu|100/100
|-ability|p1a: Ting-Lu|Vessel of Ruin
|move|p2a: KLOuFRENS|Stealth Rock|p1a: Ting-Lu
|-sidestart|p1: Penguinxdd|move: Stealth Rock
|
|upkeep
|turn|2
|
|t:|1758307160
|move|p2a: KLOuFRENS|Final Gambit|p1a: Ting-Lu
|-damage|p1a: Ting-Lu|47/100
|faint|p2a: KLOuFRENS
|move|p1a: Ting-Lu|Stealth Rock|p2: KLOuFRENS
|-sidestart|p2: whichjuanz|move: Stealth Rock
|
|-heal|p1a: Ting-Lu|53/100|[from] item: Leftovers
|upkeep
|
|t:|1758307164
|switch|p2a: BAILE INoLVIDABLE|Quaquaval, M|100/100
|-damage|p2a: BAILE INoLVIDABLE|94/100|[from] Stealth Rock
|-item|p2a: BAILE INoLVIDABLE|Air Balloon
|turn|3
|
|t:|1758307171
|switch|p1a: Weezing|Weezing-Galar, M|100/100
|-ability|p1a: Weezing|Neutralizing Gas
|move|p2a: BAILE INoLVIDABLE|Swords Dance|p2a: BAILE INoLVIDABLE
|-boost|p2a: BAILE INoLVIDABLE|atk|2
|
|upkeep
|turn|4
|
|t:|1758307180
|move|p2a: BAILE INoLVIDABLE|Aqua Step|p1a: Weezing
|-damage|p1a: Weezing|46/100
|-boost|p2a: BAILE INoLVIDABLE|spe|1
|move|p1a: Weezing|Will-O-Wisp|p2a: BAILE INoLVIDABLE|[miss]
|-miss|p1a: Weezing|p2a: BAILE INoLVIDABLE
|
|upkeep
|turn|5
|
|t:|1758307192
|-end|p1a: Weezing|ability: Neutralizing Gas
|switch|p1a: Primarina|Primarina, F|100/100
|-damage|p1a: Primarina|88/100|[from] Stealth Rock
|move|p2a: BAILE INoLVIDABLE|Aqua Step|p1a: Primarina
|-resisted|p1a: Primarina
|-damage|p1a: Primarina|58/100
|-boost|p2a: BAILE INoLVIDABLE|spe|1
|
|-heal|p1a: Primarina|64/100|[from] item: Leftovers
|upkeep
|turn|6
|
|t:|1758307198
|-terastallize|p2a: BAILE INoLVIDABLE|Poison
|move|p2a: BAILE INoLVIDABLE|Swords Dance|p2a: BAILE INoLVIDABLE
|-boost|p2a: BAILE INoLVIDABLE|atk|2
|move|p1a: Primarina|Draining Kiss|p2a: BAILE INoLVIDABLE
|-resisted|p2a: BAILE INoLVIDABLE
|-damage|p2a: BAILE INoLVIDABLE|81/100
|-heal|p1a: Primarina|72/100|[from] drain|[of] p2a: BAILE INoLVIDABLE
|-enditem|p2a: BAILE INoLVIDABLE|Air Balloon
|
|-heal|p1a: Primarina|79/100|[from] item: Leftovers
|upkeep
|turn|7
|
|t:|1758307202
|move|p2a: BAILE INoLVIDABLE|Acrobatics|p1a: Primarina
|-damage|p1a: Primarina|0 fnt
|faint|p1a: Primarina
|-ability|p2a: BAILE INoLVIDABLE|Moxie|boost
|-boost|p2a: BAILE INoLVIDABLE|atk|1
|
|upkeep
|-message|Penguinxdd forfeited.
|
|win|whichjuanz
|raw|Penguinxdd's rating: 1324 &rarr; <strong>1305</strong><br />(-19 for losing)
|raw|whichjuanz's rating: 1347 &rarr; <strong>1366</strong><br />(+19 for winning)
|l|☆Penguinxdd
|player|p1|
|l|☆whichjuanz
|player|p2|
