|j|☆antzinmypantz
|j|☆wiiaasia
|t:|1758333447
|gametype|singles
|player|p1|antzinmypantz|101|1302
|player|p2|wiiaasia|169|1232
|gen|9
|tier|[Gen 9] OU
|rated|
|rule|HP Percentage Mod: HP is shown in percentages
|rule|Endless Battle Clause: Forcing endless battles is banned
|rule|Species Clause: Limit one of each Pokémon
|rule|OHKO Clause: OHKO moves are banned
|rule|Evasion Items Clause: Evasion items are banned
|rule|Evasion Moves Clause: Evasion moves are banned
|rule|Evasion Abilities Clause: Evasion abilities are banned
|rule|Sleep Moves Clause: Sleep-inducing moves are banned
|clearpoke
|poke|p1|Rillaboom, M|
|poke|p1|Passimian, F|
|poke|p1|Zebstrika, F|
|poke|p1|Vaporeon, F|
|poke|p1|Malamar, M|
|poke|p1|Clefable, M|
|poke|p2|Dragapult, F|
|poke|p2|Garganacl, F|
|poke|p2|Rotom-Wash|
|poke|p2|Great Tusk|
|poke|p2|Kingambit, M|
|poke|p2|Ninetales-Alola, M|
|teampreview
|
|t:|1758333468
|teamsize|p1|6
|teamsize|p2|6
|start
|switch|p1a: Zebstrika|Zebstrika, F|100/100
|switch|p2a: Dragapult|Dragapult, F, shiny|100/100
|turn|1
|
|t:|1758333488
|switch|p1a: Clefable|Clefable, M|100/100
|move|p2a: Dragapult|U-turn|p1a: Clefable
|-resisted|p1a: Clefable
|-damage|p1a: Clefable|91/100
|
|t:|1758333493
|switch|p2a: Kingambit|Kingambit, M, shiny|100/100|[from] U-turn
|
|-heal|p1a: Clefable|97/100|[from] item: Leftovers
|upkeep
|turn|2
|
|t:|1758333518
|switch|p1a: Vaporeon|Vaporeon, F|100/100
|move|p2a: Kingambit|Swords Dance|p2a: Kingambit
|-boost|p2a: Kingambit|atk|2
|
|upkeep
|turn|3
|
|t:|1758333530
|move|p1a: Vaporeon|Haze|p1a: Vaporeon
|-clearallboost
|move|p2a: Kingambit|Swords Dance|p2a: Kingambit
|-boost|p2a: Kingambit|atk|2
|
|upkeep
|turn|4
|
|t:|1758333537
|move|p1a: Vaporeon|Haze|p1a: Vaporeon
|-clearallboost
|move|p2a: Kingambit|Kowtow Cleave|p1a: Vaporeon
|-damage|p1a: Vaporeon|55/100
|
|-heal|p1a: Vaporeon|61/100|[from] item: Leftovers
|upkeep
|turn|5
|
|t:|1758333551
|move|p1a: Vaporeon|Scald|p2a: Kingambit
|-damage|p2a: Kingambit|69/100
|move|p2a: Kingambit|Kowtow Cleave|p1a: Vaporeon
|-damage|p1a: Vaporeon|17/100
|
|-heal|p1a: Vaporeon|24/100|[from] item: Leftovers
|upkeep
|turn|6
|
|t:|1758333558
|move|p2a: Kingambit|Sucker Punch||[still]
|-fail|p2a: Kingambit
|move|p1a: Vaporeon|Wish|p1a: Vaporeon
|
|-heal|p1a: Vaporeon|30/100|[from] item: Leftovers
|upkeep
|turn|7
|
|t:|1758333565
|move|p1a: Vaporeon|Scald|p2a: Kingambit
|-damage|p2a: Kingambit|40/100
|move|p2a: Kingambit|Kowtow Cleave|p1a: Vaporeon
|-damage|p1a: Vaporeon|0 fnt
|faint|p1a: Vaporeon
|
|upkeep
|
|t:|1758333573
|switch|p1a: Passimian|Passimian, F|100/100
|turn|8
|
|t:|1758333577
|-end|p2a: Kingambit|fallenundefined|[silent]
|switch|p2a: Dragapult|Dragapult, F, shiny|100/100
|move|p1a: Passimian|Bulk Up|p1a: Passimian
|-boost|p1a: Passimian|atk|1
|-boost|p1a: Passimian|def|1
|
|upkeep
|turn|9
|
|t:|1758333585
|move|p2a: Dragapult|Draco Meteor|p1a: Passimian
|-damage|p1a: Passimian|0 fnt
|-unboost|p2a: Dragapult|spa|2
|faint|p1a: Passimian
|
|upkeep
|
|t:|1758333594
|switch|p1a: Malamar|Malamar, M|100/100
|turn|10
|
|t:|1758333599
|switch|p2a: Garganacl|Garganacl, F|100/100
|move|p1a: Malamar|Knock Off|p2a: Garganacl
|-damage|p2a: Garganacl|73/100
|-enditem|p2a: Garganacl|Leftovers|[from] move: Knock Off|[of] p1a: Malamar
|
|upkeep
|turn|11
|
|t:|1758333605
|switch|p1a: Rillaboom|Rillaboom, M|100/100
|-fieldstart|move: Grassy Terrain|[from] ability: Grassy Surge|[of] p1a: Rillaboom
|move|p2a: Garganacl|Salt Cure|p1a: Rillaboom
|-damage|p1a: Rillaboom|85/100
|-start|p1a: Rillaboom|Salt Cure
|
|-heal|p1a: Rillaboom|91/100|[from] Grassy Terrain
|-heal|p2a: Garganacl|79/100|[from] Grassy Terrain
|-damage|p1a: Rillaboom|79/100|[from] Salt Cure
|upkeep
|turn|12
|
|t:|1758333612
|switch|p2a: Ninetales|Ninetales-Alola, M, shiny|100/100
|-weather|Snowscape|[from] ability: Snow Warning|[of] p2a: Ninetales
|move|p1a: Rillaboom|U-turn|p2a: Ninetales
|-resisted|p2a: Ninetales
|-damage|p2a: Ninetales|84/100
|
|t:|1758333618
|switch|p1a: Zebstrika|Zebstrika, F|100/100|[from] U-turn
|
|-weather|Snowscape|[upkeep]
|-heal|p2a: Ninetales|90/100|[from] Grassy Terrain
|upkeep
|turn|13
|
|t:|1758333622
|move|p2a: Ninetales|Aurora Veil|p2a: Ninetales
|-sidestart|p2: wiiaasia|move: Aurora Veil
|move|p1a: Zebstrika|Overheat|p2a: Ninetales
|-supereffective|p2a: Ninetales
|-damage|p2a: Ninetales|44/100
|-unboost|p1a: Zebstrika|spa|2
|
|-weather|Snowscape|[upkeep]
|-heal|p2a: Ninetales|50/100|[from] Grassy Terrain
|upkeep
|turn|14
|
|t:|1758333627
|switch|p2a: Great Tusk|Great Tusk, shiny|100/100
|move|p1a: Zebstrika|Volt Switch|p2a: Great Tusk
|-immune|p2a: Great Tusk
|
|-weather|Snowscape|[upkeep]
|upkeep
|turn|15
|
|t:|1758333634
|switch|p1a: Clefable|Clefable, M|97/100
|move|p2a: Great Tusk|Stealth Rock|p1a: Clefable
|-sidestart|p1: antzinmypantz|move: Stealth Rock
|
|-weather|Snowscape|[upkeep]
|-heal|p1a: Clefable|100/100|[from] Grassy Terrain
|-fieldend|move: Grassy Terrain
|upkeep
|turn|16
|
|t:|1758333654
|-end|p2a: Great Tusk|Protosynthesis|[silent]
|switch|p2a: Kingambit|Kingambit, M, shiny|40/100
|move|p1a: Clefable|Moonblast|p2a: Kingambit
|-damage|p2a: Kingambit|24/100
|-unboost|p2a: Kingambit|spa|1
|
|-weather|none
|upkeep
|turn|17
|
|t:|1758333665
|move|p1a: Clefable|Moonblast|p2a: Kingambit
|-damage|p2a: Kingambit|8/100
|-unboost|p2a: Kingambit|spa|1
|move|p2a: Kingambit|Iron Head|p1a: Clefable
|-supereffective|p1a: Clefable
|-damage|p1a: Clefable|0 fnt
|faint|p1a: Clefable
|
|upkeep
|
|t:|1758333674
|switch|p1a: Rillaboom|Rillaboom, M|79/100
|-damage|p1a: Rillaboom|67/100|[from] Stealth Rock
|-fieldstart|move: Grassy Terrain|[from] ability: Grassy Surge|[of] p1a: Rillaboom
|turn|18
|
|t:|1758333678
|move|p1a: Rillaboom|Grassy Glide|p2a: Kingambit
|-resisted|p2a: Kingambit
|-damage|p2a: Kingambit|0 fnt
|faint|p2a: Kingambit
|-end|p2a: Kingambit|fallenundefined|[silent]
|
|-heal|p1a: Rillaboom|73/100|[from] Grassy Terrain
|upkeep
|
|t:|1758333684
|switch|p2a: Dragapult|Dragapult, F, shiny|100/100
|turn|19
|
|t:|1758333690
|switch|p1a: Zebstrika|Zebstrika, F|100/100
|move|p2a: Dragapult|Draco Meteor|p1a: Zebstrika
|-damage|p1a: Zebstrika|0 fnt
|-unboost|p2a: Dragapult|spa|2
|faint|p1a: Zebstrika
|
|upkeep
|
|t:|1758333692
|switch|p1a: Malamar|Malamar, M|100/100
|-damage|p1a: Malamar|88/100|[from] Stealth Rock
|turn|20
|
|t:|1758333700
|switch|p2a: Ninetales|Ninetales-Alola, M, shiny|50/100
|-weather|Snowscape|[from] ability: Snow Warning|[of] p2a: Ninetales
|move|p1a: Malamar|Switcheroo|p2a: Ninetales
|-activate|p1a: Malamar|move: Trick|[of] p2a: Ninetales
|-item|p2a: Ninetales|Choice Scarf|[from] move: Switcheroo
|-item|p1a: Malamar|Light Clay|[from] move: Switcheroo
|
|-weather|Snowscape|[upkeep]
|-heal|p2a: Ninetales|56/100|[from] Grassy Terrain
|-heal|p1a: Malamar|94/100|[from] Grassy Terrain
|-sideend|p2: wiiaasia|move: Aurora Veil
|upkeep
|turn|21
|
|t:|1758333707
|move|p2a: Ninetales|Moonblast|p1a: Malamar
|-supereffective|p1a: Malamar
|-damage|p1a: Malamar|0 fnt
|faint|p1a: Malamar
|
|-weather|Snowscape|[upkeep]
|-heal|p2a: Ninetales|63/100|[from] Grassy Terrain
|upkeep
|-message|antzinmypantz forfeited.
|
|win|wiiaasia
|raw|antzinmypantz's rating: 1302 &rarr; <strong>1278</strong><br />(-24 for losing)
|raw|wiiaasia's rating: 1232 &rarr; <strong>1262</strong><br />(+30 for winning)
|l|☆antzinmypantz
|player|p1|
|l|☆wiiaasia
|player|p2|
