|j|☆PasserbyGremlin
|j|☆Prav33n
|t:|1758260233
|gametype|singles
|player|p1|PasserbyGremlin|clown|1785
|player|p2|Prav33n|koga|1723
|gen|9
|tier|[Gen 9] OU
|rated|
|rule|HP Percentage Mod: HP is shown in percentages
|rule|Endless Battle Clause: Forcing endless battles is banned
|rule|Species Clause: Limit one of each Pokémon
|rule|OHKO Clause: OHKO moves are banned
|rule|Evasion Items Clause: Evasion items are banned
|rule|Evasion Moves Clause: Evasion moves are banned
|rule|Evasion Abilities Clause: Evasion abilities are banned
|rule|Sleep Moves Clause: Sleep-inducing moves are banned
|clearpoke
|poke|p1|Hatterene, F|
|poke|p1|Kyurem|
|poke|p1|Iron Treads|
|poke|p1|Gholdengo|
|poke|p1|Samurott-Hisui, M|
|poke|p1|Zapdos|
|poke|p2|Samurott-Hisui, F|
|poke|p2|Pecharunt|
|poke|p2|Zamazenta-*|
|poke|p2|Tornadus-Therian, M|
|poke|p2|Iron Treads|
|poke|p2|Latios, M|
|teampreview
|inactive|Battle timer is ON: inactive players will automatically lose when time's up. (requested by Prav33n)
|
|t:|1758260259
|teamsize|p1|6
|teamsize|p2|6
|start
|switch|p1a: Gholdengo|Gholdengo|100/100
|switch|p2a: Tornadus|Tornadus-Therian, M|100/100
|turn|1
|
|t:|1758260266
|switch|p1a: Zapdos|Zapdos|100/100
|move|p2a: Tornadus|Knock Off|p1a: Zapdos
|-damage|p1a: Zapdos|86/100
|-status|p2a: Tornadus|par|[from] ability: Static|[of] p1a: Zapdos
|-enditem|p1a: Zapdos|Heavy-Duty Boots|[from] move: Knock Off|[of] p2a: Tornadus
|
|upkeep
|turn|2
|
|t:|1758260273
|move|p1a: Zapdos|Hurricane|p2a: Tornadus
|-damage|p2a: Tornadus|73/100 par
|-start|p2a: Tornadus|confusion
|-activate|p2a: Tornadus|confusion
|move|p2a: Tornadus|U-turn|p1a: Zapdos
|-resisted|p1a: Zapdos
|-damage|p1a: Zapdos|80/100
|
|t:|1758260280
|switch|p2a: Iron Treads|Iron Treads|100/100|[from] U-turn
|
|upkeep
|turn|3
|
|t:|1758260286
|-end|p2a: Iron Treads|Quark Drive|[silent]
|switch|p2a: Tornadus|Tornadus-Therian, M|100/100 par
|move|p1a: Zapdos|Hurricane|p2a: Tornadus
|-damage|p2a: Tornadus|72/100 par
|
|upkeep
|turn|4
|
|t:|1758260290
|switch|p2a: Iron Treads|Iron Treads|100/100
|move|p1a: Zapdos|Volt Switch|p2a: Iron Treads
|-immune|p2a: Iron Treads
|
|upkeep
|turn|5
|
|t:|1758260299
|move|p2a: Iron Treads|Stealth Rock|p1a: Zapdos
|-sidestart|p1: PasserbyGremlin|move: Stealth Rock
|move|p1a: Zapdos|Hurricane|p2a: Iron Treads
|-resisted|p2a: Iron Treads
|-damage|p2a: Iron Treads|75/100
|
|upkeep
|turn|6
|
|t:|1758260306
|move|p2a: Iron Treads|Ice Spinner|p1a: Zapdos
|-supereffective|p1a: Zapdos
|-damage|p1a: Zapdos|47/100
|-status|p2a: Iron Treads|par|[from] ability: Static|[of] p1a: Zapdos
|move|p1a: Zapdos|Hurricane|p2a: Iron Treads
|-resisted|p2a: Iron Treads
|-crit|p2a: Iron Treads
|-damage|p2a: Iron Treads|31/100 par
|
|upkeep
|turn|7
|
|t:|1758260317
|move|p1a: Zapdos|Hurricane|p2a: Iron Treads
|-resisted|p2a: Iron Treads
|-damage|p2a: Iron Treads|5/100 par
|move|p2a: Iron Treads|Earthquake|p1a: Zapdos
|-immune|p1a: Zapdos
|
|upkeep
|turn|8
|
|t:|1758260322
|move|p1a: Zapdos|Roost|p1a: Zapdos
|-heal|p1a: Zapdos|97/100
|-singleturn|p1a: Zapdos|move: Roost
|move|p2a: Iron Treads|Earthquake|p1a: Zapdos
|-supereffective|p1a: Zapdos
|-damage|p1a: Zapdos|34/100
|
|upkeep
|turn|9
|
|t:|1758260326
|move|p1a: Zapdos|Roost|p1a: Zapdos
|-heal|p1a: Zapdos|84/100
|-singleturn|p1a: Zapdos|move: Roost
|cant|p2a: Iron Treads|par
|
|upkeep
|turn|10
|
|t:|1758260336
|move|p1a: Zapdos|Hurricane|p2a: Iron Treads
|-resisted|p2a: Iron Treads
|-damage|p2a: Iron Treads|0 fnt
|faint|p2a: Iron Treads
|-end|p2a: Iron Treads|Quark Drive|[silent]
|
|upkeep
|
|t:|1758260346
|switch|p2a: Pecharunt|Pecharunt|100/100
|turn|11
|
|t:|1758260353
|switch|p1a: Iron Treads|Iron Treads|100/100
|-damage|p1a: Iron Treads|97/100|[from] Stealth Rock
|move|p2a: Pecharunt|Malignant Chain|p1a: Iron Treads
|-immune|p1a: Iron Treads
|
|upkeep
|turn|12
|
|t:|1758260358
|move|p1a: Iron Treads|Stealth Rock|p2a: Pecharunt
|-sidestart|p2: Prav33n|move: Stealth Rock
|move|p2a: Pecharunt|Parting Shot|p1a: Iron Treads
|-fail|p1a: Iron Treads|unboost|[from] item: Clear Amulet|[of] p1a: Iron Treads
|
|upkeep
|turn|13
|
|t:|1758260367
|switch|p2a: Zamazenta|Zamazenta|100/100
|-ability|p2a: Zamazenta|Dauntless Shield|boost
|-boost|p2a: Zamazenta|def|1
|move|p1a: Iron Treads|Earthquake|p2a: Zamazenta
|-damage|p2a: Zamazenta|69/100
|
|upkeep
|turn|14
|j| wgw2333
|inactive|PasserbyGremlin has 120 seconds left.
|
|t:|1758260412
|-terastallize|p1a: Iron Treads|Ghost
|move|p2a: Zamazenta|Close Combat|p1a: Iron Treads
|-immune|p1a: Iron Treads
|move|p1a: Iron Treads|Rapid Spin|p2a: Zamazenta
|-damage|p2a: Zamazenta|59/100
|-boost|p1a: Iron Treads|spe|1
|-sideend|p1: PasserbyGremlin|Stealth Rock|[from] move: Rapid Spin|[of] p1a: Iron Treads
|
|upkeep
|turn|15
|inactive|PasserbyGremlin has 120 seconds left.
|
|t:|1758260419
|move|p1a: Iron Treads|Earthquake|p2a: Zamazenta
|-damage|p2a: Zamazenta|31/100
|move|p2a: Zamazenta|Crunch|p1a: Iron Treads
|-supereffective|p1a: Iron Treads
|-damage|p1a: Iron Treads|46/100
|
|upkeep
|turn|16
|inactive|PasserbyGremlin has 120 seconds left.
|
|t:|1758260434
|-end|p1a: Iron Treads|Quark Drive|[silent]
|switch|p1a: Zapdos|Zapdos|84/100
|move|p2a: Zamazenta|Heavy Slam|p1a: Zapdos
|-resisted|p1a: Zapdos
|-damage|p1a: Zapdos|74/100
|-status|p2a: Zamazenta|par|[from] ability: Static|[of] p1a: Zapdos
|
|upkeep
|turn|17
|inactive|PasserbyGremlin has 120 seconds left.
|
|t:|1758260446
|move|p1a: Zapdos|Volt Switch|p2a: Zamazenta
|-damage|p2a: Zamazenta|5/100 par
|j| PoojeetTruckDriver
|inactive|PasserbyGremlin has 120 seconds left.
|
|t:|1758260457
|switch|p1a: Gholdengo|Gholdengo|100/100|[from] Volt Switch
|move|p2a: Zamazenta|Stone Edge|p1a: Gholdengo
|-resisted|p1a: Gholdengo
|-damage|p1a: Gholdengo|80/100
|
|upkeep
|turn|18
|inactive|PasserbyGremlin has 120 seconds left.
|
|t:|1758260470
|switch|p1a: Zapdos|Zapdos|74/100
|move|p2a: Zamazenta|Crunch|p1a: Zapdos
|-damage|p1a: Zapdos|57/100
|-unboost|p1a: Zapdos|def|1
|
|upkeep
|turn|19
|
|t:|1758260475
|move|p1a: Zapdos|Volt Switch|p2a: Zamazenta
|-damage|p2a: Zamazenta|0 fnt
|faint|p2a: Zamazenta
|
|t:|1758260482
|switch|p1a: Kyurem|Kyurem|100/100|[from] Volt Switch
|-ability|p1a: Kyurem|Pressure
|
|upkeep
|
|t:|1758260486
|switch|p2a: Latios|Latios, M, shiny|100/100
|-damage|p2a: Latios|88/100|[from] Stealth Rock
|turn|20
|
|t:|1758260503
|switch|p1a: Iron Treads|Iron Treads, tera:Ghost|46/100
|-terastallize|p2a: Latios|Steel
|move|p2a: Latios|Calm Mind|p2a: Latios
|-boost|p2a: Latios|spa|1
|-boost|p2a: Latios|spd|1
|
|upkeep
|turn|21
|
|t:|1758260515
|-end|p1a: Iron Treads|Quark Drive|[silent]
|switch|p1a: Gholdengo|Gholdengo|80/100
|move|p2a: Latios|Psychic Noise|p1a: Gholdengo
|-resisted|p1a: Gholdengo
|-damage|p1a: Gholdengo|39/100
|-start|p1a: Gholdengo|move: Heal Block
|
|upkeep
|turn|22
|
|t:|1758260523
|switch|p2a: Samurott|Samurott-Hisui, F|100/100
|move|p1a: Gholdengo|Trick|p2a: Samurott
|-activate|p1a: Gholdengo|move: Trick|[of] p2a: Samurott
|-item|p2a: Samurott|Choice Scarf|[from] move: Trick
|-item|p1a: Gholdengo|Heavy-Duty Boots|[from] move: Trick
|
|-end|p1a: Gholdengo|move: Heal Block
|upkeep
|turn|23
|
|t:|1758260545
|switch|p1a: Iron Treads|Iron Treads, tera:Ghost|46/100
|move|p2a: Samurott|Ceaseless Edge|p1a: Iron Treads
|-supereffective|p1a: Iron Treads
|-damage|p1a: Iron Treads|0 fnt
|-sidestart|p1: PasserbyGremlin|Spikes
|faint|p1a: Iron Treads
|-end|p1a: Iron Treads|Quark Drive|[silent]
|
|upkeep
|
|t:|1758260558
|switch|p1a: Zapdos|Zapdos|57/100
|turn|24
|
|t:|1758260564
|switch|p2a: Pecharunt|Pecharunt|100/100
|move|p1a: Zapdos|Roost|p1a: Zapdos
|-heal|p1a: Zapdos|100/100
|-singleturn|p1a: Zapdos|move: Roost
|
|upkeep
|turn|25
|
|t:|1758260582
|switch|p1a: Gholdengo|Gholdengo|39/100
|move|p2a: Pecharunt|Shadow Ball|p1a: Gholdengo
|-supereffective|p1a: Gholdengo
|-damage|p1a: Gholdengo|0 fnt
|faint|p1a: Gholdengo
|
|upkeep
|
|t:|1758260591
|switch|p1a: Kyurem|Kyurem|100/100
|-damage|p1a: Kyurem|88/100|[from] Spikes
|-ability|p1a: Kyurem|Pressure
|turn|26
|
|t:|1758260598
|switch|p2a: Samurott|Samurott-Hisui, F|100/100
|-damage|p2a: Samurott|88/100|[from] Stealth Rock
|move|p1a: Kyurem|Draco Meteor|p2a: Samurott
|-crit|p2a: Samurott
|-damage|p2a: Samurott|0 fnt
|-unboost|p1a: Kyurem|spa|2
|faint|p2a: Samurott
|
|upkeep
|
|t:|1758260602
|switch|p2a: Latios|Latios, M, shiny, tera:Steel|88/100
|-damage|p2a: Latios|82/100|[from] Stealth Rock
|turn|27
|
|t:|1758260607
|switch|p2a: Pecharunt|Pecharunt|100/100
|switch|p1a: Samurott|Samurott-Hisui, M|100/100
|-damage|p1a: Samurott|88/100|[from] Spikes
|
|upkeep
|turn|28
|
|t:|1758260617
|move|p1a: Samurott|Knock Off|p2a: Pecharunt
|-supereffective|p2a: Pecharunt
|-damage|p2a: Pecharunt|57/100
|-enditem|p2a: Pecharunt|Heavy-Duty Boots|[from] move: Knock Off|[of] p1a: Samurott
|move|p2a: Pecharunt|Malignant Chain|p1a: Samurott
|-damage|p1a: Samurott|59/100
|-status|p1a: Samurott|tox
|-start|p1a: Samurott|confusion|[from] ability: Poison Puppeteer|[of] p2a: Pecharunt
|
|-damage|p1a: Samurott|53/100 tox|[from] psn
|upkeep
|turn|29
|
|t:|1758260625
|switch|p1a: Kyurem|Kyurem|88/100
|-damage|p1a: Kyurem|76/100|[from] Spikes
|-ability|p1a: Kyurem|Pressure
|move|p2a: Pecharunt|Recover|p2a: Pecharunt
|-heal|p2a: Pecharunt|100/100
|
|upkeep
|turn|30
|inactive|Prav33n has 120 seconds left.
|
|t:|1758260663
|switch|p2a: Latios|Latios, M, shiny, tera:Steel|82/100
|-damage|p2a: Latios|76/100|[from] Stealth Rock
|move|p1a: Kyurem|Draco Meteor|p2a: Latios
|-resisted|p2a: Latios
|-damage|p2a: Latios|23/100
|-unboost|p1a: Kyurem|spa|2
|
|upkeep
|turn|31
|inactive|Prav33n has 120 seconds left.
|
|t:|1758260670
|switch|p1a: Zapdos|Zapdos|100/100
|move|p2a: Latios|Recover|p2a: Latios
|-heal|p2a: Latios|73/100
|
|upkeep
|turn|32
|
|t:|1758260672
|switch|p2a: Tornadus|Tornadus-Therian, M|100/100 par
|-damage|p2a: Tornadus|76/100 par|[from] Stealth Rock
|move|p1a: Zapdos|Thunder Wave|p2a: Tornadus
|-fail|p2a: Tornadus|par
|
|upkeep
|turn|33
|
|t:|1758260683
|move|p1a: Zapdos|Volt Switch|p2a: Tornadus
|-supereffective|p2a: Tornadus
|-damage|p2a: Tornadus|39/100 par
|
|t:|1758260686
|switch|p1a: Hatterene|Hatterene, F|100/100|[from] Volt Switch
|-damage|p1a: Hatterene|88/100|[from] Spikes
|move|p2a: Tornadus|U-turn|p1a: Hatterene
|-damage|p1a: Hatterene|75/100
|
|t:|1758260689
|switch|p2a: Pecharunt|Pecharunt|100/100|[from] U-turn
|-damage|p2a: Pecharunt|88/100|[from] Stealth Rock
|
|-heal|p1a: Hatterene|81/100|[from] item: Leftovers
|upkeep
|turn|34
|
|t:|1758260698
|switch|p1a: Samurott|Samurott-Hisui, M|53/100 tox
|-damage|p1a: Samurott|40/100 tox|[from] Spikes
|move|p2a: Pecharunt|Malignant Chain|p1a: Samurott
|-damage|p1a: Samurott|14/100 tox
|
|-damage|p1a: Samurott|8/100 tox|[from] psn
|upkeep
|turn|35
|
|t:|1758260704
|move|p1a: Samurott|Ceaseless Edge|p2a: Pecharunt
|-supereffective|p2a: Pecharunt
|-damage|p2a: Pecharunt|40/100
|-sidestart|p2: Prav33n|Spikes
|move|p2a: Pecharunt|Shadow Ball|p1a: Samurott
|-resisted|p1a: Samurott
|-damage|p1a: Samurott|0 fnt
|faint|p1a: Samurott
|
|upkeep
|
|t:|1758260712
|switch|p1a: Kyurem|Kyurem|76/100
|-damage|p1a: Kyurem|64/100|[from] Spikes
|-ability|p1a: Kyurem|Pressure
|turn|36
|
|t:|1758260719
|switch|p2a: Tornadus|Tornadus-Therian, M|72/100 par
|-damage|p2a: Tornadus|47/100 par|[from] Stealth Rock
|move|p1a: Kyurem|Ice Beam|p2a: Tornadus
|-supereffective|p2a: Tornadus
|-damage|p2a: Tornadus|0 fnt
|faint|p2a: Tornadus
|
|upkeep
|
|t:|1758260722
|switch|p2a: Latios|Latios, M, shiny, tera:Steel|73/100
|-damage|p2a: Latios|67/100|[from] Stealth Rock
|turn|37
|
|t:|1758260727
|switch|p1a: Hatterene|Hatterene, F|81/100
|-damage|p1a: Hatterene|69/100|[from] Spikes
|move|p2a: Latios|Calm Mind|p2a: Latios
|-boost|p2a: Latios|spa|1
|-boost|p2a: Latios|spd|1
|
|-heal|p1a: Hatterene|75/100|[from] item: Leftovers
|upkeep
|turn|38
|
|t:|1758260729
|move|p2a: Latios|Calm Mind|p2a: Latios
|-boost|p2a: Latios|spa|1
|-boost|p2a: Latios|spd|1
|move|p1a: Hatterene|Calm Mind|p1a: Hatterene
|-boost|p1a: Hatterene|spa|1
|-boost|p1a: Hatterene|spd|1
|
|-heal|p1a: Hatterene|81/100|[from] item: Leftovers
|upkeep
|turn|39
|
|t:|1758260733
|move|p2a: Latios|Psychic Noise|p1a: Hatterene
|-resisted|p1a: Hatterene
|-damage|p1a: Hatterene|48/100
|-start|p1a: Hatterene|move: Heal Block
|move|p1a: Hatterene|Calm Mind|p1a: Hatterene
|-boost|p1a: Hatterene|spa|1
|-boost|p1a: Hatterene|spd|1
|
|upkeep
|turn|40
|
|t:|1758260738
|move|p2a: Latios|Calm Mind|p2a: Latios
|-boost|p2a: Latios|spa|1
|-boost|p2a: Latios|spd|1
|move|p1a: Hatterene|Mystical Fire|p2a: Latios
|-supereffective|p2a: Latios
|-damage|p2a: Latios|27/100
|-unboost|p2a: Latios|spa|1
|
|-end|p1a: Hatterene|move: Heal Block
|upkeep
|turn|41
|
|t:|1758260753
|move|p2a: Latios|Recover|p2a: Latios
|-heal|p2a: Latios|77/100
|move|p1a: Hatterene|Mystical Fire|p2a: Latios
|-supereffective|p2a: Latios
|-damage|p2a: Latios|40/100
|-unboost|p2a: Latios|spa|1
|
|-heal|p1a: Hatterene|54/100|[from] item: Leftovers
|upkeep
|turn|42
|
|t:|1758260760
|move|p2a: Latios|Psychic Noise|p1a: Hatterene
|-resisted|p1a: Hatterene
|-damage|p1a: Hatterene|37/100
|-start|p1a: Hatterene|move: Heal Block
|move|p1a: Hatterene|Calm Mind|p1a: Hatterene
|-boost|p1a: Hatterene|spa|1
|-boost|p1a: Hatterene|spd|1
|
|upkeep
|turn|43
|
|t:|1758260765
|move|p2a: Latios|Calm Mind|p2a: Latios
|-boost|p2a: Latios|spa|1
|-boost|p2a: Latios|spd|1
|move|p1a: Hatterene|Mystical Fire|p2a: Latios
|-supereffective|p2a: Latios
|-damage|p2a: Latios|0 fnt
|faint|p2a: Latios
|
|-end|p1a: Hatterene|move: Heal Block
|upkeep
|-message|Prav33n forfeited.
|
|win|PasserbyGremlin
|raw|PasserbyGremlin's rating: 1785 &rarr; <strong>1803</strong><br />(+18 for winning)
|raw|Prav33n's rating: 1746 &rarr; <strong>1728</strong><br />(-18 for losing)
|l|☆Prav33n
|player|p2|
|l| PoojeetTruckDriver
|l| wgw2333
|l|☆PasserbyGremlin
|player|p1|
