|j|☆Liquid_kami
|j|☆TigerGhosty
|t:|1758276373
|gametype|singles
|player|p1|Liquid_kami|266|1152
|player|p2|TigerGhosty|cheryl|1148
|gen|9
|tier|[Gen 9] OU
|rated|
|rule|HP Percentage Mod: HP is shown in percentages
|rule|Endless Battle Clause: Forcing endless battles is banned
|rule|Species Clause: Limit one of each Pokémon
|rule|OHKO Clause: OHKO moves are banned
|rule|Evasion Items Clause: Evasion items are banned
|rule|Evasion Moves Clause: Evasion moves are banned
|rule|Evasion Abilities Clause: Evasion abilities are banned
|rule|Sleep Moves Clause: Sleep-inducing moves are banned
|clearpoke
|poke|p1|Araquanid, F|
|poke|p1|Ambipom, M|
|poke|p1|Gholdengo|
|poke|p1|Corviknight, F|
|poke|p1|Darkrai|
|poke|p1|Enamorus, F|
|poke|p2|Porygon2|
|poke|p2|Garganacl, M|
|poke|p2|Kingambit, M|
|poke|p2|Slowking-Galar, M|
|poke|p2|Dusclops, F|
|poke|p2|Weezing-Galar, M|
|teampreview
|
|t:|1758276381
|teamsize|p1|6
|teamsize|p2|6
|start
|switch|p1a: Araquanid|Araquanid, F|100/100
|switch|p2a: Porygon2|Porygon2|100/100
|-ability|p2a: Porygon2|Download|boost
|-boost|p2a: Porygon2|atk|1
|turn|1
|
|t:|1758276386
|move|p1a: Araquanid|Sticky Web|p2a: Porygon2
|-sidestart|p2: TigerGhosty|move: Sticky Web
|move|p2a: Porygon2|Trick Room|p2a: Porygon2
|-fieldstart|move: Trick Room|[of] p2a: Porygon2
|
|upkeep
|turn|2
|
|t:|1758276398
|switch|p2a: Garganacl|Garganacl, M|100/100
|-activate|p2a: Garganacl|move: Sticky Web
|-unboost|p2a: Garganacl|spe|1
|move|p1a: Araquanid|Waterfall|p2a: Garganacl
|-supereffective|p2a: Garganacl
|-damage|p2a: Garganacl|44/100
|-damage|p1a: Araquanid|84/100|[from] item: Rocky Helmet|[of] p2a: Garganacl
|
|upkeep
|turn|3
|
|t:|1758276407
|-terastallize|p2a: Garganacl|Water
|move|p2a: Garganacl|Recover|p2a: Garganacl
|-heal|p2a: Garganacl|94/100
|move|p1a: Araquanid|Waterfall|p2a: Garganacl
|-resisted|p2a: Garganacl
|-damage|p2a: Garganacl|79/100
|-damage|p1a: Araquanid|67/100|[from] item: Rocky Helmet|[of] p2a: Garganacl
|
|upkeep
|turn|4
|
|t:|1758276412
|move|p2a: Garganacl|Salt Cure|p1a: Araquanid
|-supereffective|p1a: Araquanid
|-damage|p1a: Araquanid|33/100
|-start|p1a: Araquanid|Salt Cure
|move|p1a: Araquanid|Leech Life|p2a: Garganacl
|-damage|p2a: Garganacl|65/100
|-heal|p1a: Araquanid|41/100|[from] drain|[of] p2a: Garganacl
|-damage|p1a: Araquanid|25/100|[from] item: Rocky Helmet|[of] p2a: Garganacl
|
|-damage|p1a: Araquanid|0 fnt|[from] Salt Cure
|faint|p1a: Araquanid
|upkeep
|
|t:|1758276421
|switch|p1a: Ambipom|Ambipom, M|100/100
|turn|5
|
|t:|1758276426
|move|p1a: Ambipom|Fake Out|p2a: Garganacl
|-damage|p2a: Garganacl|46/100
|-damage|p1a: Ambipom|84/100|[from] item: Rocky Helmet|[of] p2a: Garganacl
|cant|p2a: Garganacl|flinch
|
|-fieldend|move: Trick Room
|upkeep
|turn|6
|
|t:|1758276442
|switch|p1a: Gholdengo|Gholdengo, shiny|100/100
|-item|p1a: Gholdengo|Air Balloon
|move|p2a: Garganacl|Recover|p2a: Garganacl
|-heal|p2a: Garganacl|96/100
|
|upkeep
|turn|7
|
|t:|1758276446
|move|p1a: Gholdengo|Shadow Ball|p2a: Garganacl
|-damage|p2a: Garganacl|84/100
|move|p2a: Garganacl|Salt Cure|p1a: Gholdengo
|-resisted|p1a: Gholdengo
|-damage|p1a: Gholdengo|95/100
|-start|p1a: Gholdengo|Salt Cure
|-enditem|p1a: Gholdengo|Air Balloon
|
|-damage|p1a: Gholdengo|70/100|[from] Salt Cure
|upkeep
|turn|8
|
|t:|1758276461
|switch|p1a: Corviknight|Corviknight, F|100/100
|move|p2a: Garganacl|Curse|p2a: Garganacl
|-unboost|p2a: Garganacl|spe|1
|-boost|p2a: Garganacl|atk|1
|-boost|p2a: Garganacl|def|1
|
|upkeep
|turn|9
|
|t:|1758276463
|move|p1a: Corviknight|U-turn|p2a: Garganacl
|-damage|p2a: Garganacl|78/100
|-damage|p1a: Corviknight|84/100|[from] item: Rocky Helmet|[of] p2a: Garganacl
|
|t:|1758276466
|switch|p1a: Enamorus|Enamorus, F|100/100|[from] U-turn
|move|p2a: Garganacl|Salt Cure|p1a: Enamorus
|-supereffective|p1a: Enamorus
|-damage|p1a: Enamorus|28/100
|-start|p1a: Enamorus|Salt Cure
|
|-damage|p1a: Enamorus|15/100|[from] Salt Cure
|upkeep
|turn|10
|
|t:|1758276473
|move|p1a: Enamorus|Moonblast|p2a: Garganacl
|-damage|p2a: Garganacl|44/100
|-unboost|p2a: Garganacl|spa|1
|move|p2a: Garganacl|Recover|p2a: Garganacl
|-heal|p2a: Garganacl|94/100
|
|-damage|p1a: Enamorus|3/100|[from] Salt Cure
|upkeep
|turn|11
|
|t:|1758276477
|move|p1a: Enamorus|Moonblast|p2a: Garganacl
|-damage|p2a: Garganacl|59/100
|-unboost|p2a: Garganacl|spa|1
|move|p2a: Garganacl|Recover|p2a: Garganacl
|-heal|p2a: Garganacl|100/100
|
|-damage|p1a: Enamorus|0 fnt|[from] Salt Cure
|faint|p1a: Enamorus
|upkeep
|
|t:|1758276486
|switch|p1a: Darkrai|Darkrai|100/100
|turn|12
|
|t:|1758276491
|move|p1a: Darkrai|Dark Pulse|p2a: Garganacl
|-damage|p2a: Garganacl|61/100
|-damage|p1a: Darkrai|91/100|[from] item: Life Orb
|move|p2a: Garganacl|Body Press|p1a: Darkrai
|-supereffective|p1a: Darkrai
|-damage|p1a: Darkrai|0 fnt
|faint|p1a: Darkrai
|
|upkeep
|
|t:|1758276500
|switch|p1a: Ambipom|Ambipom, M|84/100
|turn|13
|
|t:|1758276504
|move|p1a: Ambipom|Knock Off|p2a: Garganacl
|-damage|p2a: Garganacl|48/100
|-damage|p1a: Ambipom|68/100|[from] item: Rocky Helmet|[of] p2a: Garganacl
|-enditem|p2a: Garganacl|Rocky Helmet|[from] move: Knock Off|[of] p1a: Ambipom
|move|p2a: Garganacl|Recover|p2a: Garganacl
|-heal|p2a: Garganacl|98/100
|
|upkeep
|turn|14
|
|t:|1758276511
|switch|p1a: Gholdengo|Gholdengo, shiny|70/100
|move|p2a: Garganacl|Salt Cure|p1a: Gholdengo
|-resisted|p1a: Gholdengo
|-damage|p1a: Gholdengo|62/100
|-start|p1a: Gholdengo|Salt Cure
|
|-damage|p1a: Gholdengo|38/100|[from] Salt Cure
|upkeep
|turn|15
|
|t:|1758276516
|move|p1a: Gholdengo|Recover|p1a: Gholdengo
|-heal|p1a: Gholdengo|88/100
|move|p2a: Garganacl|Curse|p2a: Garganacl
|-unboost|p2a: Garganacl|spe|1
|-boost|p2a: Garganacl|atk|1
|-boost|p2a: Garganacl|def|1
|
|-damage|p1a: Gholdengo|63/100|[from] Salt Cure
|upkeep
|turn|16
|
|t:|1758276521
|move|p1a: Gholdengo|Shadow Ball|p2a: Garganacl
|-damage|p2a: Garganacl|85/100
|move|p2a: Garganacl|Salt Cure|p1a: Gholdengo
|-resisted|p1a: Gholdengo
|-damage|p1a: Gholdengo|52/100
|
|-damage|p1a: Gholdengo|27/100|[from] Salt Cure
|upkeep
|turn|17
|
|t:|1758276524
|move|p1a: Gholdengo|Recover|p1a: Gholdengo
|-heal|p1a: Gholdengo|77/100
|move|p2a: Garganacl|Salt Cure|p1a: Gholdengo
|-resisted|p1a: Gholdengo
|-damage|p1a: Gholdengo|65/100
|
|-damage|p1a: Gholdengo|40/100|[from] Salt Cure
|upkeep
|turn|18
|
|t:|1758276529
|move|p1a: Gholdengo|Recover|p1a: Gholdengo
|-heal|p1a: Gholdengo|90/100
|move|p2a: Garganacl|Curse|p2a: Garganacl
|-unboost|p2a: Garganacl|spe|1
|-boost|p2a: Garganacl|atk|1
|-boost|p2a: Garganacl|def|1
|
|-damage|p1a: Gholdengo|65/100|[from] Salt Cure
|upkeep
|turn|19
|
|t:|1758276532
|move|p1a: Gholdengo|Shadow Ball|p2a: Garganacl
|-damage|p2a: Garganacl|73/100
|-unboost|p2a: Garganacl|spd|1
|move|p2a: Garganacl|Salt Cure|p1a: Gholdengo
|-resisted|p1a: Gholdengo
|-damage|p1a: Gholdengo|52/100
|
|-damage|p1a: Gholdengo|27/100|[from] Salt Cure
|upkeep
|turn|20
|
|t:|1758276537
|move|p1a: Gholdengo|Recover|p1a: Gholdengo
|-heal|p1a: Gholdengo|77/100
|move|p2a: Garganacl|Salt Cure|p1a: Gholdengo
|-resisted|p1a: Gholdengo
|-damage|p1a: Gholdengo|63/100
|
|-damage|p1a: Gholdengo|38/100|[from] Salt Cure
|upkeep
|turn|21
|
|t:|1758276542
|switch|p2a: Porygon2|Porygon2|100/100
|-activate|p2a: Porygon2|move: Sticky Web
|-unboost|p2a: Porygon2|spe|1
|-ability|p2a: Porygon2|Download|boost
|-boost|p2a: Porygon2|spa|1
|move|p1a: Gholdengo|Recover|p1a: Gholdengo
|-heal|p1a: Gholdengo|88/100
|
|-damage|p1a: Gholdengo|63/100|[from] Salt Cure
|upkeep
|turn|22
|
|t:|1758276554
|switch|p1a: Corviknight|Corviknight, F|84/100
|move|p2a: Porygon2|Trick Room|p2a: Porygon2
|-fieldstart|move: Trick Room|[of] p2a: Porygon2
|
|-heal|p1a: Corviknight|90/100|[from] item: Leftovers
|upkeep
|turn|23
|
|t:|1758276560
|switch|p2a: Slowking|Slowking-Galar, M|100/100
|-activate|p2a: Slowking|move: Sticky Web
|-unboost|p2a: Slowking|spe|1
|move|p1a: Corviknight|Body Press|p2a: Slowking
|-resisted|p2a: Slowking
|-damage|p2a: Slowking|93/100
|
|-heal|p1a: Corviknight|96/100|[from] item: Leftovers
|upkeep
|turn|24
|
|t:|1758276563
|move|p2a: Slowking|Flamethrower|p1a: Corviknight
|-supereffective|p1a: Corviknight
|-damage|p1a: Corviknight|42/100
|move|p1a: Corviknight|U-turn|p2a: Slowking
|-damage|p2a: Slowking|78/100
|
|t:|1758276568
|switch|p1a: Ambipom|Ambipom, M|68/100|[from] U-turn
|
|upkeep
|turn|25
|
|t:|1758276572
|move|p1a: Ambipom|Fake Out|p2a: Slowking
|-damage|p2a: Slowking|47/100
|cant|p2a: Slowking|flinch
|
|upkeep
|turn|26
|
|t:|1758276576
|move|p2a: Slowking|Sludge Bomb|p1a: Ambipom
|-crit|p1a: Ambipom
|-damage|p1a: Ambipom|0 fnt
|faint|p1a: Ambipom
|
|-fieldend|move: Trick Room
|upkeep
|
|t:|1758276582
|switch|p1a: Gholdengo|Gholdengo, shiny|63/100
|turn|27
|
|t:|1758276589
|switch|p2a: Porygon2|Porygon2|100/100
|-activate|p2a: Porygon2|move: Sticky Web
|-unboost|p2a: Porygon2|spe|1
|-ability|p2a: Porygon2|Download|boost
|-boost|p2a: Porygon2|spa|1
|-terastallize|p1a: Gholdengo|Ghost
|move|p1a: Gholdengo|Shadow Ball|p2a: Porygon2
|-immune|p2a: Porygon2
|
|upkeep
|turn|28
|
|t:|1758276593
|move|p1a: Gholdengo|Thunder Wave|p2a: Porygon2|[miss]
|-miss|p1a: Gholdengo|p2a: Porygon2
|move|p2a: Porygon2|Trick Room|p2a: Porygon2
|-fieldstart|move: Trick Room|[of] p2a: Porygon2
|
|upkeep
|turn|29
|
|t:|1758276596
|switch|p1a: Corviknight|Corviknight, F|42/100
|move|p2a: Porygon2|Ice Beam|p1a: Corviknight
|-damage|p1a: Corviknight|0 fnt
|faint|p1a: Corviknight
|
|upkeep
|
|t:|1758276598
|switch|p1a: Gholdengo|Gholdengo, shiny, tera:Ghost|63/100
|turn|30
|
|t:|1758276602
|move|p2a: Porygon2|Ice Beam|p1a: Gholdengo
|-damage|p1a: Gholdengo|27/100
|move|p1a: Gholdengo|Thunder Wave|p2a: Porygon2
|-status|p2a: Porygon2|par
|
|upkeep
|turn|31
|
|t:|1758276607
|cant|p2a: Porygon2|par
|move|p1a: Gholdengo|Recover|p1a: Gholdengo
|-heal|p1a: Gholdengo|77/100
|
|upkeep
|turn|32
|
|t:|1758276613
|cant|p2a: Porygon2|par
|move|p1a: Gholdengo|Make It Rain|p2a: Porygon2
|-damage|p2a: Porygon2|69/100 par
|-unboost|p1a: Gholdengo|spa|1
|
|-fieldend|move: Trick Room
|upkeep
|turn|33
|
|t:|1758276615
|move|p1a: Gholdengo|Make It Rain|p2a: Porygon2
|-damage|p2a: Porygon2|46/100 par
|-unboost|p1a: Gholdengo|spa|1
|move|p2a: Porygon2|Trick Room|p2a: Porygon2
|-fieldstart|move: Trick Room|[of] p2a: Porygon2
|
|upkeep
|turn|34
|-message|Liquid_kami forfeited.
|
|win|TigerGhosty
|raw|Liquid_kami's rating: 1152 &rarr; <strong>1127</strong><br />(-25 for losing)
|raw|TigerGhosty's rating: 1148 &rarr; <strong>1173</strong><br />(+25 for winning)
|l|☆Liquid_kami
|player|p1|
