|j|☆rain224
|j|☆ed1234z
|t:|1758362057
|gametype|singles
|player|p1|rain224|169|1356
|player|p2|ed1234z|ghetsis|1302
|gen|9
|tier|[Gen 9] OU
|rated|
|rule|HP Percentage Mod: HP is shown in percentages
|rule|Endless Battle Clause: Forcing endless battles is banned
|rule|Species Clause: Limit one of each Pokémon
|rule|OHKO Clause: OHKO moves are banned
|rule|Evasion Items Clause: Evasion items are banned
|rule|Evasion Moves Clause: Evasion moves are banned
|rule|Evasion Abilities Clause: Evasion abilities are banned
|rule|Sleep Moves Clause: Sleep-inducing moves are banned
|clearpoke
|poke|p1|Primarina, M|
|poke|p1|Great Tusk|
|poke|p1|Kingambit, M|
|poke|p1|Slowking-Galar, M|
|poke|p1|Ogerpon, F|
|poke|p1|Enamorus, F|
|poke|p2|Pelipper, M|
|poke|p2|Walking Wake|
|poke|p2|Barraskewda, M|
|poke|p2|Great Tusk|
|poke|p2|Floatzel, M|
|poke|p2|Rotom-Wash|
|teampreview
|inactive|Battle timer is ON: inactive players will automatically lose when time's up. (requested by ed1234z)
|
|t:|1758362089
|teamsize|p1|6
|teamsize|p2|6
|start
|switch|p1a: Mantra|Slowking-Galar, M, shiny|100/100
|switch|p2a: Pelipper|Pelipper, M, shiny|100/100
|-weather|RainDance|[from] ability: Drizzle|[of] p2a: Pelipper
|turn|1
|
|t:|1758362100
|move|p2a: Pelipper|U-turn|p1a: Mantra
|-damage|p1a: Mantra|94/100
|
|t:|1758362111
|switch|p2a: Rotom|Rotom-Wash|100/100|[from] U-turn
|move|p1a: Mantra|Psychic Noise|p2a: Rotom
|-damage|p2a: Rotom|73/100
|-start|p2a: Rotom|move: Heal Block
|
|-weather|RainDance|[upkeep]
|upkeep
|turn|2
|
|t:|1758362138
|move|p2a: Rotom|Volt Switch|p1a: Mantra
|-damage|p1a: Mantra|81/100
|inactive|ed1234z has 120 seconds left.
|
|t:|1758362163
|switch|p2a: Walking Wake|Walking Wake|100/100|[from] Volt Switch
|move|p1a: Mantra|Sludge Bomb|p2a: Walking Wake
|-damage|p2a: Walking Wake|64/100
|
|-weather|RainDance|[upkeep]
|upkeep
|turn|3
|inactive|ed1234z has 120 seconds left.
|
|t:|1758362175
|move|p2a: Walking Wake|Hydro Steam|p1a: Mantra
|-damage|p1a: Mantra|35/100
|move|p1a: Mantra|Sludge Bomb|p2a: Walking Wake
|-damage|p2a: Walking Wake|24/100
|
|-weather|RainDance|[upkeep]
|upkeep
|turn|4
|
|t:|1758362189
|switch|p1a: Celestine|Primarina, M, shiny|100/100
|move|p2a: Walking Wake|Hydro Steam|p1a: Celestine
|-resisted|p1a: Celestine
|-damage|p1a: Celestine|56/100
|
|-weather|RainDance|[upkeep]
|-heal|p1a: Celestine|62/100|[from] item: Leftovers
|upkeep
|turn|5
|
|t:|1758362199
|-end|p2a: Walking Wake|Protosynthesis|[silent]
|switch|p2a: Rotom|Rotom-Wash|73/100
|move|p1a: Celestine|Moonblast|p2a: Rotom
|-damage|p2a: Rotom|20/100
|
|-weather|RainDance|[upkeep]
|-heal|p1a: Celestine|68/100|[from] item: Leftovers
|-heal|p2a: Rotom|26/100|[from] item: Leftovers
|upkeep
|turn|6
|inactive|rain224 has 120 seconds left.
|
|t:|1758362234
|move|p1a: Celestine|Moonblast|p2a: Rotom
|-damage|p2a: Rotom|0 fnt
|faint|p2a: Rotom
|
|-weather|RainDance|[upkeep]
|-heal|p1a: Celestine|74/100|[from] item: Leftovers
|upkeep
|
|t:|1758362242
|switch|p2a: Pelipper|Pelipper, M, shiny|100/100
|turn|7
|
|t:|1758362248
|move|p1a: Celestine|Substitute|p1a: Celestine
|-start|p1a: Celestine|Substitute
|-damage|p1a: Celestine|49/100
|move|p2a: Pelipper|Hurricane|p1a: Celestine
|-end|p1a: Celestine|Substitute
|
|-weather|RainDance|[upkeep]
|-heal|p1a: Celestine|55/100|[from] item: Leftovers
|upkeep
|turn|8
|inactive|rain224 has 120 seconds left.
|
|t:|1758362266
|switch|p1a: Mantra|Slowking-Galar, M, shiny|68/100
|move|p2a: Pelipper|U-turn|p1a: Mantra
|-crit|p1a: Mantra
|-damage|p1a: Mantra|59/100
|
|t:|1758362270
|switch|p2a: Barraskewda|Barraskewda, M|100/100|[from] U-turn
|
|-weather|none
|upkeep
|turn|9
|
|t:|1758362282
|move|p2a: Barraskewda|Drill Run|p1a: Mantra
|-supereffective|p1a: Mantra
|-damage|p1a: Mantra|0 fnt
|faint|p1a: Mantra
|
|upkeep
|inactive|rain224 has 120 seconds left.
|
|t:|1758362294
|switch|p1a: Anonymous|Ogerpon, F|100/100
|turn|10
|
|t:|1758362299
|switch|p2a: Pelipper|Pelipper, M, shiny|100/100
|-weather|RainDance|[from] ability: Drizzle|[of] p2a: Pelipper
|-terastallize|p1a: Anonymous|Grass
|detailschange|p1a: Anonymous|Ogerpon-Teal-Tera, F, tera:Grass
|-ability|p1a: Anonymous|Embody Aspect (Teal)|boost
|-boost|p1a: Anonymous|spe|1
|move|p1a: Anonymous|Ivy Cudgel|p2a: Pelipper
|-damage|p2a: Pelipper|12/100
|
|-weather|RainDance|[upkeep]
|upkeep
|turn|11
|inactive|ed1234z has 120 seconds left.
|
|t:|1758362337
|switch|p2a: Great Tusk|Great Tusk, shiny|100/100
|move|p1a: Anonymous|Ivy Cudgel|p2a: Great Tusk
|-supereffective|p2a: Great Tusk
|-damage|p2a: Great Tusk|0 fnt
|faint|p2a: Great Tusk
|-end|p2a: Great Tusk|Protosynthesis|[silent]
|
|-weather|RainDance|[upkeep]
|upkeep
|
|t:|1758362355
|switch|p2a: Barraskewda|Barraskewda, M|100/100
|turn|12
|
|t:|1758362361
|move|p2a: Barraskewda|Close Combat|p1a: Anonymous
|-damage|p1a: Anonymous|25/100
|-unboost|p2a: Barraskewda|def|1
|-unboost|p2a: Barraskewda|spd|1
|move|p1a: Anonymous|Ivy Cudgel|p2a: Barraskewda
|-supereffective|p2a: Barraskewda
|-damage|p2a: Barraskewda|0 fnt
|faint|p2a: Barraskewda
|
|-weather|RainDance|[upkeep]
|upkeep
|
|t:|1758362367
|switch|p2a: Floatzel|Floatzel, M|100/100
|turn|13
|
|t:|1758362370
|move|p2a: Floatzel|Flip Turn|p1a: Anonymous
|-resisted|p1a: Anonymous
|-damage|p1a: Anonymous|0 fnt
|faint|p1a: Anonymous
|detailschange|p1: Anonymous|Ogerpon, F|[silent]
|
|t:|1758362374
|switch|p2a: Walking Wake|Walking Wake|24/100|[from] Flip Turn
|
|-weather|RainDance|[upkeep]
|upkeep
|
|t:|1758362383
|switch|p1a: Gin|Enamorus, F, shiny|100/100
|turn|14
|
|t:|1758362390
|-end|p2a: Walking Wake|Protosynthesis|[silent]
|switch|p2a: Floatzel|Floatzel, M|100/100
|move|p1a: Gin|Moonblast|p2a: Floatzel
|-damage|p2a: Floatzel|0 fnt
|faint|p2a: Floatzel
|
|-weather|RainDance|[upkeep]
|upkeep
|
|t:|1758362397
|switch|p2a: Pelipper|Pelipper, M, shiny|12/100
|turn|15
|c|☆rain224|gg
|
|t:|1758362401
|move|p1a: Gin|Moonblast|p2a: Pelipper
|-damage|p2a: Pelipper|0 fnt
|faint|p2a: Pelipper
|
|-weather|RainDance|[upkeep]
|upkeep
|
|t:|1758362404
|switch|p2a: Walking Wake|Walking Wake|24/100
|turn|16
|
|t:|1758362408
|move|p1a: Gin|Moonblast|p2a: Walking Wake
|-supereffective|p2a: Walking Wake
|-damage|p2a: Walking Wake|0 fnt
|faint|p2a: Walking Wake
|-end|p2a: Walking Wake|Protosynthesis|[silent]
|
|win|rain224
|raw|rain224's rating: 1356 &rarr; <strong>1373</strong><br />(+17 for winning)
|raw|ed1234z's rating: 1302 &rarr; <strong>1285</strong><br />(-17 for losing)
|l|☆ed1234z
|player|p2|
|l|☆rain224
|player|p1|
