|j|☆OREO_532
|j|☆HankT-nado
|t:|1758322571
|gametype|singles
|player|p1|OREO_532|266|1000
|player|p2|HankT-nado|alder|1000
|gen|9
|tier|[Gen 9] OU
|rated|
|rule|HP Percentage Mod: HP is shown in percentages
|rule|Endless Battle Clause: Forcing endless battles is banned
|rule|Species Clause: Limit one of each Pokémon
|rule|OHKO Clause: OHKO moves are banned
|rule|Evasion Items Clause: Evasion items are banned
|rule|Evasion Moves Clause: Evasion moves are banned
|rule|Evasion Abilities Clause: Evasion abilities are banned
|rule|Sleep Moves Clause: Sleep-inducing moves are banned
|clearpoke
|poke|p1|Hawlucha, M|
|poke|p1|Eiscue, F|
|poke|p1|Deoxys-Speed|
|poke|p1|Great Tusk|
|poke|p1|Iron Valiant|
|poke|p1|Torterra, F|
|poke|p2|Conkeldurr, F|
|poke|p2|Enamorus, F|
|poke|p2|Clodsire, F|
|poke|p2|Volcanion|
|poke|p2|Zarude|
|poke|p2|Iron Thorns|
|teampreview
|
|t:|1758322593
|teamsize|p1|6
|teamsize|p2|6
|start
|switch|p1a: Deoxys|Deoxys-Speed|100/100
|switch|p2a: Volcanion|Volcanion|100/100
|-ability|p1a: Deoxys|Pressure
|turn|1
|
|t:|1758322621
|move|p1a: Deoxys|Stealth Rock|p2a: Volcanion
|-sidestart|p2: HankT-nado|move: Stealth Rock
|move|p2a: Volcanion|Flamethrower|p1a: Deoxys
|-damage|p1a: Deoxys|32/100
|
|upkeep
|turn|2
|
|t:|1758322627
|move|p1a: Deoxys|Spikes|p2a: Volcanion
|-sidestart|p2: HankT-nado|Spikes
|move|p2a: Volcanion|Flamethrower|p1a: Deoxys
|-damage|p1a: Deoxys|0 fnt
|faint|p1a: Deoxys
|
|upkeep
|
|t:|1758322642
|switch|p1a: Behemoth|Great Tusk|100/100
|turn|3
|
|t:|1758322650
|move|p2a: Volcanion|Protect|p2a: Volcanion
|-singleturn|p2a: Volcanion|Protect
|move|p1a: Behemoth|Headlong Rush|p2a: Volcanion
|-activate|p2a: Volcanion|move: Protect
|
|upkeep
|turn|4
|
|t:|1758322660
|-terastallize|p2a: Volcanion|Ground
|move|p1a: Behemoth|Headlong Rush|p2a: Volcanion
|-damage|p2a: Volcanion|50/100
|-unboost|p1a: Behemoth|def|1
|-unboost|p1a: Behemoth|spd|1
|move|p2a: Volcanion|Steam Eruption|p1a: Behemoth
|-supereffective|p1a: Behemoth
|-damage|p1a: Behemoth|0 fnt
|faint|p1a: Behemoth
|-end|p1a: Behemoth|Protosynthesis|[silent]
|
|-heal|p2a: Volcanion|56/100|[from] item: Leftovers
|upkeep
|
|t:|1758322676
|switch|p1a: Torterra|Torterra, F|100/100
|turn|5
|inactive|Battle timer is ON: inactive players will automatically lose when time's up. (requested by OREO_532)
|
|t:|1758322739
|move|p1a: Torterra|Bullet Seed|p2a: Volcanion
|-supereffective|p2a: Volcanion
|-damage|p2a: Volcanion|37/100
|-supereffective|p2a: Volcanion
|-damage|p2a: Volcanion|19/100
|-supereffective|p2a: Volcanion
|-damage|p2a: Volcanion|0 fnt
|faint|p2a: Volcanion
|-hitcount|p2: Volcanion|3
|
|upkeep
|
|t:|1758322745
|switch|p2a: Conkeldurr|Conkeldurr, F|100/100
|-damage|p2a: Conkeldurr|94/100|[from] Stealth Rock
|-damage|p2a: Conkeldurr|82/100|[from] Spikes
|turn|6
|
|t:|1758322759
|move|p1a: Torterra|Shell Smash|p1a: Torterra
|-unboost|p1a: Torterra|def|1
|-unboost|p1a: Torterra|spd|1
|-boost|p1a: Torterra|atk|2
|-boost|p1a: Torterra|spa|2
|-boost|p1a: Torterra|spe|2
|move|p2a: Conkeldurr|Defog|p1a: Torterra
|-unboost|p1a: Torterra|evasion|1
|-sideend|p2: HankT-nado|Spikes|[from] move: Defog|[of] p2a: Conkeldurr
|-sideend|p2: HankT-nado|Stealth Rock|[from] move: Defog|[of] p2a: Conkeldurr
|
|-heal|p2a: Conkeldurr|88/100|[from] item: Leftovers
|upkeep
|turn|7
|
|t:|1758322788
|move|p1a: Torterra|Bullet Seed|p2a: Conkeldurr
|-damage|p2a: Conkeldurr|67/100
|-crit|p2a: Conkeldurr
|-damage|p2a: Conkeldurr|35/100
|-crit|p2a: Conkeldurr
|-damage|p2a: Conkeldurr|7/100
|-damage|p2a: Conkeldurr|0 fnt
|faint|p2a: Conkeldurr
|-hitcount|p2: Conkeldurr|4
|
|upkeep
|inactive|HankT-nado has 120 seconds left.
|
|t:|1758322800
|switch|p2a: Zarude|Zarude|100/100
|turn|8
|
|t:|1758322810
|move|p2a: Zarude|U-turn|p1a: Torterra
|-supereffective|p1a: Torterra
|-damage|p1a: Torterra|28/100
|inactive|HankT-nado has 120 seconds left.
|
|t:|1758322839
|switch|p2a: Iron Thorns|Iron Thorns|100/100|[from] U-turn
|move|p1a: Torterra|Rock Blast|p2a: Iron Thorns
|-damage|p2a: Iron Thorns|85/100
|-damage|p2a: Iron Thorns|70/100
|-damage|p2a: Iron Thorns|57/100
|-damage|p2a: Iron Thorns|44/100
|-damage|p2a: Iron Thorns|30/100
|-hitcount|p2a: Iron Thorns|5
|
|upkeep
|turn|9
|
|t:|1758322859
|move|p1a: Torterra|Rock Blast|p2a: Iron Thorns
|-damage|p2a: Iron Thorns|15/100
|-damage|p2a: Iron Thorns|0 fnt
|faint|p2a: Iron Thorns
|-end|p2a: Iron Thorns|Quark Drive|[silent]
|-hitcount|p2: Iron Thorns|2
|
|upkeep
|
|t:|1758322862
|switch|p2a: Zarude|Zarude|100/100
|turn|10
|
|t:|1758322879
|switch|p1a: Iron Valiant|Iron Valiant|100/100
|-enditem|p1a: Iron Valiant|Booster Energy
|-activate|p1a: Iron Valiant|ability: Quark Drive|[fromitem]
|-start|p1a: Iron Valiant|quarkdrivespe
|move|p2a: Zarude|U-turn|p1a: Iron Valiant
|-resisted|p1a: Iron Valiant
|-damage|p1a: Iron Valiant|93/100
|inactive|HankT-nado has 120 seconds left.
|
|t:|1758322902
|switch|p2a: Clodsire|Clodsire, F|100/100|[from] U-turn
|
|upkeep
|turn|11
|inactive|HankT-nado has 120 seconds left.
|
|t:|1758322909
|move|p1a: Iron Valiant|Swords Dance|p1a: Iron Valiant
|-boost|p1a: Iron Valiant|atk|2
|move|p2a: Clodsire|Toxic|p1a: Iron Valiant
|-status|p1a: Iron Valiant|tox
|
|-damage|p1a: Iron Valiant|87/100 tox|[from] psn
|upkeep
|turn|12
|
|t:|1758322916
|move|p1a: Iron Valiant|Swords Dance|p1a: Iron Valiant
|-boost|p1a: Iron Valiant|atk|2
|move|p2a: Clodsire|Spikes|p1a: Iron Valiant
|-sidestart|p1: OREO_532|Spikes
|
|-damage|p1a: Iron Valiant|75/100 tox|[from] psn
|upkeep
|turn|13
|inactive|HankT-nado has 120 seconds left.
|
|t:|1758322939
|move|p1a: Iron Valiant|Spirit Break|p2a: Clodsire
|-resisted|p2a: Clodsire
|-damage|p2a: Clodsire|79/100
|-unboost|p2a: Clodsire|spa|1
|move|p2a: Clodsire|Spikes|p1a: Iron Valiant
|-sidestart|p1: OREO_532|Spikes
|
|-heal|p2a: Clodsire|85/100|[from] item: Leftovers
|-damage|p1a: Iron Valiant|56/100 tox|[from] psn
|upkeep
|turn|14
|
|t:|1758322949
|move|p1a: Iron Valiant|Knock Off|p2a: Clodsire
|-damage|p2a: Clodsire|49/100
|-enditem|p2a: Clodsire|Leftovers|[from] move: Knock Off|[of] p1a: Iron Valiant
|move|p2a: Clodsire|Spikes|p1a: Iron Valiant
|-sidestart|p1: OREO_532|Spikes
|
|-damage|p1a: Iron Valiant|31/100 tox|[from] psn
|upkeep
|turn|15
|
|t:|1758322955
|move|p1a: Iron Valiant|Knock Off|p2a: Clodsire
|-damage|p2a: Clodsire|25/100
|move|p2a: Clodsire|Recover|p2a: Clodsire
|-heal|p2a: Clodsire|75/100
|
|-damage|p1a: Iron Valiant|0 fnt|[from] psn
|faint|p1a: Iron Valiant
|-end|p1a: Iron Valiant|Quark Drive|[silent]
|upkeep
|
|t:|1758322965
|switch|p1a: Hawlucha|Hawlucha, M, shiny|100/100
|turn|16
|
|t:|1758322973
|move|p1a: Hawlucha|Close Combat|p2a: Clodsire
|-resisted|p2a: Clodsire
|-damage|p2a: Clodsire|47/100
|-unboost|p1a: Hawlucha|def|1
|-unboost|p1a: Hawlucha|spd|1
|-enditem|p1a: Hawlucha|White Herb
|-clearnegativeboost|p1a: Hawlucha|[silent]
|move|p2a: Clodsire|Toxic|p1a: Hawlucha
|-status|p1a: Hawlucha|tox
|
|-damage|p1a: Hawlucha|94/100 tox|[from] psn
|upkeep
|turn|17
|
|t:|1758322983
|move|p1a: Hawlucha|Bulk Up|p1a: Hawlucha
|-boost|p1a: Hawlucha|atk|1
|-boost|p1a: Hawlucha|def|1
|move|p2a: Clodsire|Recover|p2a: Clodsire
|-heal|p2a: Clodsire|97/100
|
|-damage|p1a: Hawlucha|82/100 tox|[from] psn
|upkeep
|turn|18
|
|t:|1758323000
|move|p1a: Hawlucha|Acrobatics|p2a: Clodsire
|-damage|p2a: Clodsire|43/100
|move|p2a: Clodsire|Recover|p2a: Clodsire
|-heal|p2a: Clodsire|93/100
|
|-damage|p1a: Hawlucha|64/100 tox|[from] psn
|upkeep
|turn|19
|
|t:|1758323012
|move|p1a: Hawlucha|Bulk Up|p1a: Hawlucha
|-boost|p1a: Hawlucha|atk|1
|-boost|p1a: Hawlucha|def|1
|move|p2a: Clodsire|Earthquake|p1a: Hawlucha
|-immune|p1a: Hawlucha
|
|-damage|p1a: Hawlucha|40/100 tox|[from] psn
|upkeep
|turn|20
|
|t:|1758323022
|move|p1a: Hawlucha|Acrobatics|p2a: Clodsire
|-crit|p2a: Clodsire
|-damage|p2a: Clodsire|8/100
|move|p2a: Clodsire|Recover|p2a: Clodsire
|-heal|p2a: Clodsire|58/100
|
|-damage|p1a: Hawlucha|10/100 tox|[from] psn
|upkeep
|turn|21
|
|t:|1758323029
|move|p1a: Hawlucha|Acrobatics|p2a: Clodsire
|-damage|p2a: Clodsire|3/100
|move|p2a: Clodsire|Recover|p2a: Clodsire
|-heal|p2a: Clodsire|53/100
|
|-damage|p1a: Hawlucha|0 fnt|[from] psn
|faint|p1a: Hawlucha
|upkeep
|
|t:|1758323037
|switch|p1a: Torterra|Torterra, F|28/100
|-damage|p1a: Torterra|3/100|[from] Spikes
|turn|22
|
|t:|1758323045
|switch|p2a: Zarude|Zarude|100/100
|move|p1a: Torterra|Earthquake|p2a: Zarude
|-resisted|p2a: Zarude
|-damage|p2a: Zarude|80/100
|
|upkeep
|turn|23
|
|t:|1758323053
|move|p2a: Zarude|U-turn|p1a: Torterra
|-supereffective|p1a: Torterra
|-crit|p1a: Torterra
|-damage|p1a: Torterra|0 fnt
|faint|p1a: Torterra
|
|t:|1758323057
|switch|p2a: Clodsire|Clodsire, F|53/100|[from] U-turn
|
|upkeep
|
|t:|1758323061
|switch|p1a: Eiscue|Eiscue, F|100/100
|-damage|p1a: Eiscue|75/100|[from] Spikes
|turn|24
|
|t:|1758323066
|move|p1a: Eiscue|Icicle Spear|p2a: Clodsire
|-supereffective|p2a: Clodsire
|-damage|p2a: Clodsire|33/100
|-supereffective|p2a: Clodsire
|-damage|p2a: Clodsire|10/100
|-supereffective|p2a: Clodsire
|-damage|p2a: Clodsire|0 fnt
|faint|p2a: Clodsire
|-hitcount|p2: Clodsire|3
|
|upkeep
|
|t:|1758323076
|switch|p2a: Zarude|Zarude|80/100
|turn|25
|
|t:|1758323083
|move|p2a: Zarude|Close Combat|p1a: Eiscue
|-activate|p1a: Eiscue|ability: Ice Face
|-damage|p1a: Eiscue|75/100
|-unboost|p2a: Zarude|def|1
|-unboost|p2a: Zarude|spd|1
|detailschange|p1a: Eiscue|Eiscue-Noice, F
|move|p1a: Eiscue|Icicle Spear|p2a: Zarude
|-supereffective|p2a: Zarude
|-damage|p2a: Zarude|51/100
|-supereffective|p2a: Zarude
|-damage|p2a: Zarude|25/100
|-supereffective|p2a: Zarude
|-damage|p2a: Zarude|0 fnt
|faint|p2a: Zarude
|-hitcount|p2: Zarude|3
|
|upkeep
|
|t:|1758323087
|switch|p2a: Enamorus|Enamorus, F|100/100
|turn|26
|inactive|OREO_532 has 120 seconds left.
|
|t:|1758323117
|move|p1a: Eiscue|Substitute|p1a: Eiscue
|-start|p1a: Eiscue|Substitute
|-damage|p1a: Eiscue|50/100
|move|p2a: Enamorus|Superpower|p1a: Eiscue
|-supereffective|p1a: Eiscue
|-end|p1a: Eiscue|Substitute
|-unboost|p2a: Enamorus|atk|1
|-unboost|p2a: Enamorus|def|1
|
|upkeep
|turn|27
|
|t:|1758323125
|move|p1a: Eiscue|Icicle Spear|p2a: Enamorus
|-supereffective|p2a: Enamorus
|-damage|p2a: Enamorus|53/100
|-supereffective|p2a: Enamorus
|-damage|p2a: Enamorus|11/100
|-supereffective|p2a: Enamorus
|-damage|p2a: Enamorus|0 fnt
|faint|p2a: Enamorus
|-hitcount|p2: Enamorus|3
|
|win|OREO_532
|raw|OREO_532's rating: 1000 &rarr; <strong>1040</strong><br />(+40 for winning)
|raw|HankT-nado's rating: 1000 &rarr; <strong>1000</strong><br />(+0 for losing)
|l|☆HankT-nado
|player|p2|
