|j|☆slowbro named paul
|j|☆waadows
|t:|1758286331
|gametype|singles
|player|p1|slowbro named paul|skierf|1171
|player|p2|waadows|colress|1175
|gen|9
|tier|[Gen 9] OU
|rated|
|rule|HP Percentage Mod: HP is shown in percentages
|rule|Endless Battle Clause: Forcing endless battles is banned
|rule|Species Clause: Limit one of each Pokémon
|rule|OHKO Clause: OHKO moves are banned
|rule|Evasion Items Clause: Evasion items are banned
|rule|Evasion Moves Clause: Evasion moves are banned
|rule|Evasion Abilities Clause: Evasion abilities are banned
|rule|Sleep Moves Clause: Sleep-inducing moves are banned
|clearpoke
|poke|p1|Orthworm, M|
|poke|p1|Blissey, F|
|poke|p1|Gliscor, F|
|poke|p1|Florges, F|
|poke|p1|Latias, F|
|poke|p1|Pecharunt|
|poke|p2|Toxapex, F|
|poke|p2|Zoroark-Hisui, M|
|poke|p2|Kingambit, M|
|poke|p2|Slowking-Galar, M|
|poke|p2|Dragapult, M|
|poke|p2|Hatterene, F|
|teampreview
|inactive|Battle timer is ON: inactive players will automatically lose when time's up. (requested by slowbro named paul)
|
|t:|1758286350
|teamsize|p1|6
|teamsize|p2|6
|start
|switch|p1a: don't go slowking|Florges, F|100/100
|switch|p2a: Win Con|Toxapex, F, shiny|100/100
|turn|1
|
|t:|1758286361
|-terastallize|p1a: don't go slowking|Grass
|move|p1a: don't go slowking|Calm Mind|p1a: don't go slowking
|-boost|p1a: don't go slowking|spa|1
|-boost|p1a: don't go slowking|spd|1
|move|p2a: Win Con|Toxic Spikes|p1a: don't go slowking
|-sidestart|p1: slowbro named paul|move: Toxic Spikes
|
|upkeep
|turn|2
|
|t:|1758286373
|move|p1a: don't go slowking|Psychic Noise|p2a: Win Con
|-supereffective|p2a: Win Con
|-damage|p2a: Win Con|20/100
|-start|p2a: Win Con|move: Heal Block
|-damage|p1a: don't go slowking|90/100|[from] item: Life Orb
|move|p2a: Win Con|Haze|p2a: Win Con
|-clearallboost
|
|upkeep
|turn|3
|
|t:|1758286377
|move|p2a: Win Con|Baneful Bunker|p2a: Win Con
|-singleturn|p2a: Win Con|move: Protect
|move|p1a: don't go slowking|Calm Mind|p1a: don't go slowking
|-boost|p1a: don't go slowking|spa|1
|-boost|p1a: don't go slowking|spd|1
|
|-end|p2a: Win Con|move: Heal Block
|upkeep
|turn|4
|
|t:|1758286384
|switch|p2a: Intimidate Me|Kingambit, M, shiny|100/100
|move|p1a: don't go slowking|Moonblast|p2a: Intimidate Me
|-damage|p2a: Intimidate Me|7/100
|-damage|p1a: don't go slowking|80/100|[from] item: Life Orb
|
|-heal|p2a: Intimidate Me|13/100|[from] item: Leftovers
|upkeep
|turn|5
|
|t:|1758286393
|move|p2a: Intimidate Me|Sucker Punch|p1a: don't go slowking
|-damage|p1a: don't go slowking|28/100
|move|p1a: don't go slowking|Moonblast|p2a: Intimidate Me
|-damage|p2a: Intimidate Me|0 fnt
|faint|p2a: Intimidate Me
|-damage|p1a: don't go slowking|18/100|[from] item: Life Orb
|
|upkeep
|
|t:|1758286409
|switch|p2a: Try Harder|Dragapult, M, shiny|100/100
|turn|6
|
|t:|1758286413
|move|p2a: Try Harder|U-turn|p1a: don't go slowking
|-supereffective|p1a: don't go slowking
|-damage|p1a: don't go slowking|0 fnt
|faint|p1a: don't go slowking
|
|t:|1758286416
|switch|p2a: Win Con|Toxapex, F, shiny|100/100|[from] U-turn
|
|upkeep
|
|t:|1758286424
|switch|p1a: bulky guy|Pecharunt|100/100
|-sideend|p1: slowbro named paul|move: Toxic Spikes|[of] p1a: bulky guy
|turn|7
|
|t:|1758286428
|switch|p1a: Humpty Dumpty|Blissey, F|100/100
|move|p2a: Win Con|Will-O-Wisp|p1a: Humpty Dumpty
|-status|p1a: Humpty Dumpty|brn
|
|-damage|p1a: Humpty Dumpty|94/100 brn|[from] brn
|upkeep
|turn|8
|
|t:|1758286432
|move|p2a: Win Con|Flamethrower|p1a: Humpty Dumpty
|-damage|p1a: Humpty Dumpty|85/100 brn
|move|p1a: Humpty Dumpty|Flamethrower|p2a: Win Con
|-damage|p2a: Win Con|48/100
|replace|p2a: 4x to Fighting|Zoroark-Hisui, M, shiny
|-end|p2a: 4x to Fighting|Illusion
|
|-heal|p1a: Humpty Dumpty|91/100 brn|[from] item: Leftovers
|-damage|p1a: Humpty Dumpty|85/100 brn|[from] brn
|upkeep
|turn|9
|
|t:|1758286444
|move|p2a: 4x to Fighting|Hyper Voice|p1a: Humpty Dumpty
|-damage|p1a: Humpty Dumpty|69/100 brn
|move|p1a: Humpty Dumpty|Calm Mind|p1a: Humpty Dumpty
|-boost|p1a: Humpty Dumpty|spa|1
|-boost|p1a: Humpty Dumpty|spd|1
|
|-heal|p1a: Humpty Dumpty|76/100 brn|[from] item: Leftovers
|-damage|p1a: Humpty Dumpty|69/100 brn|[from] brn
|upkeep
|turn|10
|
|t:|1758286452
|switch|p2a: Win Con|Toxapex, F, shiny|53/100
|move|p1a: Humpty Dumpty|Calm Mind|p1a: Humpty Dumpty
|-boost|p1a: Humpty Dumpty|spa|1
|-boost|p1a: Humpty Dumpty|spd|1
|
|-heal|p1a: Humpty Dumpty|76/100 brn|[from] item: Leftovers
|-heal|p2a: Win Con|59/100|[from] item: Black Sludge
|-damage|p1a: Humpty Dumpty|69/100 brn|[from] brn
|upkeep
|turn|11
|
|t:|1758286455
|move|p1a: Humpty Dumpty|Hyper Voice|p2a: Win Con
|-crit|p2a: Win Con
|-damage|p2a: Win Con|0 fnt
|faint|p2a: Win Con
|
|-heal|p1a: Humpty Dumpty|76/100 brn|[from] item: Leftovers
|-damage|p1a: Humpty Dumpty|69/100 brn|[from] brn
|upkeep
|
|t:|1758286463
|switch|p2a: Let's Trade|Slowking-Galar, M, shiny|100/100
|turn|12
|
|t:|1758286465
|move|p1a: Humpty Dumpty|Hyper Voice|p2a: Let's Trade
|-damage|p2a: Let's Trade|46/100
|move|p2a: Let's Trade|Trick|p1a: Humpty Dumpty
|-activate|p2a: Let's Trade|move: Trick|[of] p1a: Humpty Dumpty
|-item|p1a: Humpty Dumpty|Choice Specs|[from] move: Trick
|-item|p2a: Let's Trade|Leftovers|[from] move: Trick
|
|-heal|p2a: Let's Trade|52/100|[from] item: Leftovers
|-damage|p1a: Humpty Dumpty|63/100 brn|[from] brn
|upkeep
|turn|13
|
|t:|1758286470
|switch|p2a: Let's Trade|Slowking-Galar, M, shiny|48/100
|move|p1a: Humpty Dumpty|Hyper Voice|p2a: Let's Trade
|-immune|p2a: Let's Trade
|
|-damage|p1a: Humpty Dumpty|57/100 brn|[from] brn
|upkeep
|turn|14
|
|t:|1758286473
|-curestatus|p1a: Humpty Dumpty|brn|[from] ability: Natural Cure
|switch|p1a: Subway Saul|Orthworm, M|100/100
|move|p2a: Let's Trade|Hyper Voice|p1a: Subway Saul
|-resisted|p1a: Subway Saul
|-damage|p1a: Subway Saul|66/100
|
|-heal|p1a: Subway Saul|72/100|[from] item: Leftovers
|upkeep
|turn|15
|
|t:|1758286476
|move|p2a: Let's Trade|Flamethrower|p1a: Subway Saul
|-supereffective|p1a: Subway Saul
|-damage|p1a: Subway Saul|0 fnt
|faint|p1a: Subway Saul
|
|upkeep
|
|t:|1758286480
|switch|p1a: Humpty Dumpty|Blissey, F|57/100
|turn|16
|
|t:|1758286488
|switch|p2a: Try Harder|Dragapult, M, shiny|100/100
|move|p1a: Humpty Dumpty|Flamethrower|p2a: Try Harder
|-resisted|p2a: Try Harder
|-crit|p2a: Try Harder
|-damage|p2a: Try Harder|67/100
|
|upkeep
|turn|17
|
|t:|1758286493
|switch|p1a: bulky guy|Pecharunt|100/100
|move|p2a: Try Harder|Dragon Darts|p1a: bulky guy
|-damage|p1a: bulky guy|85/100
|-anim|p2a: Try Harder|Dragon Darts|p1a: bulky guy
|-damage|p1a: bulky guy|67/100
|
|-heal|p1a: bulky guy|73/100|[from] item: Black Sludge
|upkeep
|turn|18
|
|t:|1758286497
|move|p2a: Try Harder|Dragon Darts|p1a: bulky guy
|-damage|p1a: bulky guy|57/100
|-anim|p2a: Try Harder|Dragon Darts|p1a: bulky guy
|-damage|p1a: bulky guy|40/100
|move|p1a: bulky guy|Shadow Ball|p2a: Try Harder
|-supereffective|p2a: Try Harder
|-crit|p2a: Try Harder
|-damage|p2a: Try Harder|0 fnt
|faint|p2a: Try Harder
|
|-heal|p1a: bulky guy|46/100|[from] item: Black Sludge
|upkeep
|
|t:|1758286509
|switch|p2a: Let's Trade|Slowking-Galar, M, shiny|48/100
|turn|19
|
|t:|1758286516
|switch|p1a: Humpty Dumpty|Blissey, F|57/100
|move|p2a: Let's Trade|Hex|p1a: Humpty Dumpty
|-immune|p1a: Humpty Dumpty
|
|upkeep
|turn|20
|
|t:|1758286522
|switch|p2a: Let's Trade|Slowking-Galar, M, shiny|85/100
|move|p1a: Humpty Dumpty|Soft-Boiled|p1a: Humpty Dumpty
|-heal|p1a: Humpty Dumpty|100/100
|
|-heal|p2a: Let's Trade|91/100|[from] item: Leftovers
|upkeep
|turn|21
|
|t:|1758286530
|switch|p1a: bulky guy|Pecharunt|46/100
|move|p2a: Let's Trade|Psychic Noise|p1a: bulky guy
|-supereffective|p1a: bulky guy
|-damage|p1a: bulky guy|0 fnt
|faint|p1a: bulky guy
|
|-heal|p2a: Let's Trade|97/100|[from] item: Leftovers
|upkeep
|
|t:|1758286532
|switch|p1a: DASTARDLY DRAGON|Latias, F|100/100
|turn|22
|
|t:|1758286535
|move|p1a: DASTARDLY DRAGON|Calm Mind|p1a: DASTARDLY DRAGON
|-boost|p1a: DASTARDLY DRAGON|spa|1
|-boost|p1a: DASTARDLY DRAGON|spd|1
|move|p2a: Let's Trade|Sludge Wave|p1a: DASTARDLY DRAGON
|-damage|p1a: DASTARDLY DRAGON|70/100
|
|-heal|p2a: Let's Trade|100/100|[from] item: Leftovers
|upkeep
|turn|23
|
|t:|1758286539
|move|p1a: DASTARDLY DRAGON|Calm Mind|p1a: DASTARDLY DRAGON
|-boost|p1a: DASTARDLY DRAGON|spa|1
|-boost|p1a: DASTARDLY DRAGON|spd|1
|move|p2a: Let's Trade|Sludge Wave|p1a: DASTARDLY DRAGON
|-damage|p1a: DASTARDLY DRAGON|46/100
|
|upkeep
|turn|24
|
|t:|1758286546
|move|p1a: DASTARDLY DRAGON|Stored Power|p2a: Let's Trade
|-damage|p2a: Let's Trade|26/100
|move|p2a: Let's Trade|Sludge Wave|p1a: DASTARDLY DRAGON
|-damage|p1a: DASTARDLY DRAGON|24/100
|
|-heal|p2a: Let's Trade|32/100|[from] item: Leftovers
|upkeep
|turn|25
|
|t:|1758286552
|move|p1a: DASTARDLY DRAGON|Stored Power|p2a: Let's Trade
|-damage|p2a: Let's Trade|0 fnt
|faint|p2a: Let's Trade
|
|upkeep
|
|t:|1758286555
|switch|p2a: Right Back At You|Hatterene, F, shiny|100/100
|turn|26
|
|t:|1758286558
|move|p1a: DASTARDLY DRAGON|Stored Power|p2a: Right Back At You
|-resisted|p2a: Right Back At You
|-damage|p2a: Right Back At You|48/100
|move|p2a: Right Back At You|Dazzling Gleam|p1a: DASTARDLY DRAGON
|-supereffective|p1a: DASTARDLY DRAGON
|-damage|p1a: DASTARDLY DRAGON|0 fnt
|faint|p1a: DASTARDLY DRAGON
|
|-heal|p2a: Right Back At You|54/100|[from] item: Leftovers
|upkeep
|
|t:|1758286562
|switch|p1a: Humpty Dumpty|Blissey, F|100/100
|turn|27
|
|t:|1758286566
|move|p1a: Humpty Dumpty|Flamethrower|p2a: Right Back At You
|-damage|p2a: Right Back At You|19/100
|move|p2a: Right Back At You|Nuzzle|p1a: Humpty Dumpty
|-damage|p1a: Humpty Dumpty|92/100
|-status|p1a: Humpty Dumpty|par
|
|-heal|p2a: Right Back At You|25/100|[from] item: Leftovers
|upkeep
|turn|28
|
|t:|1758286569
|-curestatus|p1a: Humpty Dumpty|par|[from] ability: Natural Cure
|switch|p1a: Cursedstacean|Gliscor, F|100/100
|move|p2a: Right Back At You|Healing Wish|p2a: Right Back At You
|faint|p2a: Right Back At You
|
|-status|p1a: Cursedstacean|tox|[from] item: Toxic Orb
|upkeep
|
|t:|1758286576
|switch|p2a: 4x to Fighting|Zoroark-Hisui, M, shiny|48/100
|-heal|p2a: 4x to Fighting|100/100|[from] move: Healing Wish
|turn|29
|
|t:|1758286581
|move|p2a: 4x to Fighting|Hex|p1a: Cursedstacean
|-damage|p1a: Cursedstacean|23/100 tox
|move|p1a: Cursedstacean|Earthquake|p2a: 4x to Fighting
|-damage|p2a: 4x to Fighting|28/100
|
|-heal|p1a: Cursedstacean|36/100 tox|[from] ability: Poison Heal
|upkeep
|turn|30
|
|t:|1758286588
|-terastallize|p2a: 4x to Fighting|Fairy
|move|p2a: 4x to Fighting|Hyper Voice|p1a: Cursedstacean
|-damage|p1a: Cursedstacean|0 fnt
|faint|p1a: Cursedstacean
|
|upkeep
|
|t:|1758286591
|switch|p1a: Humpty Dumpty|Blissey, F|92/100
|turn|31
|
|t:|1758286597
|move|p2a: 4x to Fighting|Hyper Voice|p1a: Humpty Dumpty
|-damage|p1a: Humpty Dumpty|76/100
|move|p1a: Humpty Dumpty|Hyper Voice|p2a: 4x to Fighting
|-damage|p2a: 4x to Fighting|0 fnt
|faint|p2a: 4x to Fighting
|
|win|slowbro named paul
|raw|slowbro named paul's rating: 1171 &rarr; <strong>1196</strong><br />(+25 for winning)
|raw|waadows's rating: 1175 &rarr; <strong>1150</strong><br />(-25 for losing)
