|j|☆malamarFriend25
|j|☆ORAS_appreciater
|t:|1758346745
|gametype|singles
|player|p1|malamarFriend25|marley|1333
|player|p2|ORAS_appreciater|266|1326
|gen|9
|tier|[Gen 9] OU
|rated|
|rule|HP Percentage Mod: HP is shown in percentages
|rule|Endless Battle Clause: Forcing endless battles is banned
|rule|Species Clause: Limit one of each Pokémon
|rule|OHKO Clause: OHKO moves are banned
|rule|Evasion Items Clause: Evasion items are banned
|rule|Evasion Moves Clause: Evasion moves are banned
|rule|Evasion Abilities Clause: Evasion abilities are banned
|rule|Sleep Moves Clause: Sleep-inducing moves are banned
|clearpoke
|poke|p1|Malamar, M|
|poke|p1|Araquanid, F|
|poke|p1|Gengar, F|
|poke|p1|Iron Crown|
|poke|p1|Great Tusk|
|poke|p1|Dragonite, M|
|poke|p2|Weavile, M|
|poke|p2|Dragonite, F|
|poke|p2|Slowking-Galar, M|
|poke|p2|Raging Bolt|
|poke|p2|Great Tusk|
|poke|p2|Enamorus, F|
|teampreview
|
|t:|1758346751
|teamsize|p1|6
|teamsize|p2|6
|start
|switch|p1a: Araquanid|Araquanid, F|100/100
|switch|p2a: Slowking|Slowking-Galar, M|100/100
|turn|1
|
|t:|1758346766
|move|p1a: Araquanid|Liquidation|p2a: Slowking
|-damage|p2a: Slowking|1/100
|move|p2a: Slowking|Thunder Wave|p1a: Araquanid|[miss]
|-miss|p2a: Slowking|p1a: Araquanid
|
|upkeep
|turn|2
|
|t:|1758346774
|switch|p2a: Raging Bolt|Raging Bolt|100/100
|move|p1a: Araquanid|Liquidation|p2a: Raging Bolt
|-resisted|p2a: Raging Bolt
|-damage|p2a: Raging Bolt|54/100
|
|upkeep
|turn|3
|
|t:|1758346796
|move|p2a: Raging Bolt|Thunderbolt|p1a: Araquanid
|-supereffective|p1a: Araquanid
|-damage|p1a: Araquanid|0 fnt
|faint|p1a: Araquanid
|
|upkeep
|
|t:|1758346805
|switch|p1a: Gengar|Gengar, F|100/100
|turn|4
|
|t:|1758346823
|move|p1a: Gengar|Sludge Wave|p2a: Raging Bolt
|-damage|p2a: Raging Bolt|4/100
|move|p2a: Raging Bolt|Thunderbolt|p1a: Gengar
|-enditem|p1a: Gengar|Focus Sash
|-damage|p1a: Gengar|1/100
|
|upkeep
|turn|5
|
|t:|1758346845
|-end|p2a: Raging Bolt|Protosynthesis|[silent]
|switch|p2a: Weavile|Weavile, M|100/100
|-ability|p2a: Weavile|Pressure
|move|p1a: Gengar|Sludge Wave|p2a: Weavile
|-damage|p2a: Weavile|36/100
|
|upkeep
|turn|6
|
|t:|1758346856
|switch|p1a: Iron Crown|Iron Crown|100/100
|-enditem|p1a: Iron Crown|Booster Energy
|-activate|p1a: Iron Crown|ability: Quark Drive|[fromitem]
|-start|p1a: Iron Crown|quarkdrivespe
|move|p2a: Weavile|Ice Shard|p1a: Iron Crown
|-resisted|p1a: Iron Crown
|-damage|p1a: Iron Crown|90/100
|
|upkeep
|turn|7
|
|t:|1758346873
|switch|p2a: Great Tusk|Great Tusk|100/100
|move|p1a: Iron Crown|Tachyon Cutter|p2a: Great Tusk
|-damage|p2a: Great Tusk|62/100
|-damage|p2a: Great Tusk|26/100
|-hitcount|p2a: Great Tusk|2
|
|upkeep
|turn|8
|
|t:|1758346885
|move|p1a: Iron Crown|Psychic|p2a: Great Tusk
|-supereffective|p2a: Great Tusk
|-damage|p2a: Great Tusk|0 fnt
|faint|p2a: Great Tusk
|-end|p2a: Great Tusk|Protosynthesis|[silent]
|
|upkeep
|
|t:|1758346896
|switch|p2a: Enamorus|Enamorus, F|100/100
|turn|9
|
|t:|1758346910
|move|p2a: Enamorus|Mystical Fire|p1a: Iron Crown
|-supereffective|p1a: Iron Crown
|-damage|p1a: Iron Crown|40/100
|-unboost|p1a: Iron Crown|spa|1
|move|p1a: Iron Crown|Tachyon Cutter|p2a: Enamorus
|-supereffective|p2a: Enamorus
|-damage|p2a: Enamorus|56/100
|-supereffective|p2a: Enamorus
|-crit|p2a: Enamorus
|-damage|p2a: Enamorus|0 fnt
|faint|p2a: Enamorus
|-hitcount|p2: Enamorus|2
|
|upkeep
|
|t:|1758346927
|switch|p2a: Raging Bolt|Raging Bolt|4/100
|turn|10
|
|t:|1758346933
|move|p2a: Raging Bolt|Thunderclap|p1a: Iron Crown
|-damage|p1a: Iron Crown|0 fnt
|faint|p1a: Iron Crown
|-end|p1a: Iron Crown|Quark Drive|[silent]
|
|upkeep
|
|t:|1758346938
|switch|p1a: Great Tusk|Great Tusk|100/100
|turn|11
|
|t:|1758346944
|-end|p2a: Raging Bolt|Protosynthesis|[silent]
|switch|p2a: Dragonite|Dragonite, F|100/100
|move|p1a: Great Tusk|Stealth Rock|p2a: Dragonite
|-sidestart|p2: ORAS_appreciater|move: Stealth Rock
|
|upkeep
|turn|12
|
|t:|1758346951
|move|p2a: Dragonite|Dragon Dance|p2a: Dragonite
|-boost|p2a: Dragonite|atk|1
|-boost|p2a: Dragonite|spe|1
|move|p1a: Great Tusk|Knock Off|p2a: Dragonite
|-damage|p2a: Dragonite|84/100
|-enditem|p2a: Dragonite|Heavy-Duty Boots|[from] move: Knock Off|[of] p1a: Great Tusk
|
|upkeep
|turn|13
|
|t:|1758346959
|-end|p1a: Great Tusk|Protosynthesis|[silent]
|switch|p1a: Gengar|Gengar, F|1/100
|move|p2a: Dragonite|Dragon Dance|p2a: Dragonite
|-boost|p2a: Dragonite|atk|1
|-boost|p2a: Dragonite|spe|1
|
|upkeep
|turn|14
|
|t:|1758346966
|move|p2a: Dragonite|Earthquake|p1a: Gengar
|-supereffective|p1a: Gengar
|-damage|p1a: Gengar|0 fnt
|faint|p1a: Gengar
|
|upkeep
|
|t:|1758346971
|switch|p1a: Malamar|Malamar, M, shiny|100/100
|turn|15
|
|t:|1758346976
|move|p2a: Dragonite|Earthquake|p1a: Malamar
|-damage|p1a: Malamar|15/100
|move|p1a: Malamar|Topsy-Turvy|p2a: Dragonite
|-invertboost|p2a: Dragonite|[from] move: Topsy-Turvy
|
|upkeep
|turn|16
|
|t:|1758346989
|switch|p1a: Dragonite|Dragonite, M|100/100
|move|p2a: Dragonite|Extreme Speed|p1a: Dragonite
|-damage|p1a: Dragonite|93/100
|
|upkeep
|turn|17
|
|t:|1758346999
|switch|p2a: Raging Bolt|Raging Bolt|4/100
|-damage|p2a: Raging Bolt|0 fnt|[from] Stealth Rock
|faint|p2a: Raging Bolt
|-end|p2a: Raging Bolt|Protosynthesis|[silent]
|move|p1a: Dragonite|Dragon Dance|p1a: Dragonite
|-boost|p1a: Dragonite|atk|1
|-boost|p1a: Dragonite|spe|1
|
|upkeep
|
|t:|1758347006
|switch|p2a: Weavile|Weavile, M|36/100
|-ability|p2a: Weavile|Pressure
|turn|18
|
|t:|1758347016
|move|p1a: Dragonite|Extreme Speed|p2a: Weavile
|-damage|p2a: Weavile|0 fnt
|faint|p2a: Weavile
|
|upkeep
|-message|ORAS_appreciater forfeited.
|
|win|malamarFriend25
|raw|malamarFriend25's rating: 1333 &rarr; <strong>1353</strong><br />(+20 for winning)
|raw|ORAS_appreciater's rating: 1326 &rarr; <strong>1306</strong><br />(-20 for losing)
|l|☆ORAS_appreciater
|player|p2|
|l|☆malamarFriend25
|player|p1|
