|j|☆AllegianceIs2UrMom
|j|☆gopiki
|t:|1758368842
|gametype|singles
|player|p1|AllegianceIs2UrMom|102|1470
|player|p2|gopiki|266|1552
|gen|9
|tier|[Gen 9] OU
|rated|
|rule|HP Percentage Mod: HP is shown in percentages
|rule|Endless Battle Clause: Forcing endless battles is banned
|rule|Species Clause: Limit one of each Pokémon
|rule|OHKO Clause: OHKO moves are banned
|rule|Evasion Items Clause: Evasion items are banned
|rule|Evasion Moves Clause: Evasion moves are banned
|rule|Evasion Abilities Clause: Evasion abilities are banned
|rule|Sleep Moves Clause: Sleep-inducing moves are banned
|clearpoke
|poke|p1|Metagross|
|poke|p1|Hatterene, F|
|poke|p1|Iron Hands|
|poke|p1|Toedscruel, F|
|poke|p1|Pelipper, F|
|poke|p1|Ursaluna, F|
|poke|p2|Mabosstiff, M|
|poke|p2|Moltres|
|poke|p2|Alomomola, M|
|poke|p2|Raging Bolt|
|poke|p2|Clodsire, F|
|poke|p2|Ogerpon-Wellspring, F|
|teampreview
|
|t:|1758368865
|teamsize|p1|6
|teamsize|p2|6
|start
|switch|p1a: Iron Hands|Iron Hands|100/100
|switch|p2a: Raging Bolt|Raging Bolt|100/100
|turn|1
|
|t:|1758368873
|-end|p2a: Raging Bolt|Protosynthesis|[silent]
|switch|p2a: Moltres|Moltres|100/100
|move|p1a: Iron Hands|Swords Dance|p1a: Iron Hands
|-boost|p1a: Iron Hands|atk|2
|
|upkeep
|turn|2
|inactive|Battle timer is ON: inactive players will automatically lose when time's up. (requested by AllegianceIs2UrMom)
|
|t:|1758368883
|switch|p2a: Clodsire|Clodsire, F|100/100
|move|p1a: Iron Hands|Supercell Slam|p2a: Clodsire
|-immune|p2a: Clodsire
|-damage|p1a: Iron Hands|50/100|[from] supercellslam
|
|-heal|p1a: Iron Hands|57/100|[from] item: Leftovers
|upkeep
|turn|3
|c|☆AllegianceIs2UrMom|BRO, stop switch
|c|☆AllegianceIs2UrMom|Let me hit your shit mons
|
|t:|1758368900
|switch|p2a: Moltres|Moltres|100/100
|move|p1a: Iron Hands|Drain Punch|p2a: Moltres
|-resisted|p2a: Moltres
|-damage|p2a: Moltres|63/100
|-heal|p1a: Iron Hands|71/100|[from] drain|[of] p2a: Moltres
|
|-heal|p1a: Iron Hands|77/100|[from] item: Leftovers
|upkeep
|turn|4
|
|t:|1758368911
|move|p2a: Moltres|U-turn|p1a: Iron Hands
|-resisted|p1a: Iron Hands
|-damage|p1a: Iron Hands|73/100
|
|t:|1758368914
|switch|p2a: Clodsire|Clodsire, F|100/100|[from] U-turn
|move|p1a: Iron Hands|Supercell Slam|p2a: Clodsire
|-immune|p2a: Clodsire
|-damage|p1a: Iron Hands|23/100|[from] supercellslam
|
|-heal|p1a: Iron Hands|29/100|[from] item: Leftovers
|upkeep
|turn|5
|
|t:|1758368925
|move|p1a: Iron Hands|Supercell Slam|p2a: Clodsire
|-immune|p2a: Clodsire
|-damage|p1a: Iron Hands|0 fnt|[from] supercellslam
|faint|p1a: Iron Hands
|-end|p1a: Iron Hands|Quark Drive|[silent]
|move|p2a: Clodsire|Earthquake|p1: Iron Hands|[notarget]
|-fail|p2a: Clodsire
|
|upkeep
|
|t:|1758368931
|switch|p1a: Pelipper|Pelipper, F|100/100
|-weather|RainDance|[from] ability: Drizzle|[of] p1a: Pelipper
|turn|6
|
|t:|1758368939
|switch|p2a: Raging Bolt|Raging Bolt|100/100
|move|p1a: Pelipper|Weather Ball|p2a: Raging Bolt
|-resisted|p2a: Raging Bolt
|-damage|p2a: Raging Bolt|76/100
|
|-weather|RainDance|[upkeep]
|upkeep
|turn|7
|
|t:|1758368959
|move|p2a: Raging Bolt|Draco Meteor|p1a: Pelipper
|-damage|p1a: Pelipper|0 fnt
|-unboost|p2a: Raging Bolt|spa|2
|faint|p1a: Pelipper
|
|-weather|RainDance|[upkeep]
|upkeep
|
|t:|1758368964
|switch|p1a: Hatterene|Hatterene, F|100/100
|turn|8
|inactive|AllegianceIs2UrMom has 120 seconds left.
|
|t:|1758368995
|move|p2a: Raging Bolt|Volt Switch|p1a: Hatterene
|-damage|p1a: Hatterene|79/100
|
|t:|1758368998
|-end|p2a: Raging Bolt|Protosynthesis|[silent]
|switch|p2a: Clodsire|Clodsire, F|100/100|[from] Volt Switch
|move|p1a: Hatterene|Psychic|p2a: Clodsire
|-supereffective|p2a: Clodsire
|-damage|p2a: Clodsire|53/100
|
|-weather|RainDance|[upkeep]
|-heal|p2a: Clodsire|59/100|[from] item: Leftovers
|-heal|p1a: Hatterene|85/100|[from] item: Leftovers
|upkeep
|turn|9
|inactive|AllegianceIs2UrMom has 120 seconds left.
|inactive|AllegianceIs2UrMom has 90 seconds left.
|
|t:|1758369047
|switch|p2a: Mabosstiff|Mabosstiff, M|100/100
|move|p1a: Hatterene|Psychic|p2a: Mabosstiff
|-immune|p2a: Mabosstiff
|
|-weather|RainDance|[upkeep]
|-heal|p1a: Hatterene|91/100|[from] item: Leftovers
|upkeep
|turn|10
|
|t:|1758369058
|move|p2a: Mabosstiff|Crunch|p1a: Hatterene
|-damage|p1a: Hatterene|42/100
|-unboost|p1a: Hatterene|def|1
|move|p1a: Hatterene|Psychic|p2a: Mabosstiff
|-immune|p2a: Mabosstiff
|
|-weather|none
|-heal|p1a: Hatterene|48/100|[from] item: Leftovers
|upkeep
|turn|11
|inactive|AllegianceIs2UrMom has 90 seconds left.
|inactive|AllegianceIs2UrMom has 60 seconds left.
|inactive|AllegianceIs2UrMom has 30 seconds left.
|inactive|AllegianceIs2UrMom has 20 seconds left.
|inactive|AllegianceIs2UrMom has 15 seconds left.
|
|t:|1758369149
|move|p2a: Mabosstiff|Crunch|p1a: Hatterene
|-damage|p1a: Hatterene|0 fnt
|faint|p1a: Hatterene
|
|upkeep
|inactive|AllegianceIs2UrMom has 20 seconds left this turn.
|
|t:|1758369152
|switch|p1a: Metagross|Metagross|100/100
|turn|12
|inactive|AllegianceIs2UrMom has 30 seconds left this turn.
|inactive|AllegianceIs2UrMom has 20 seconds left.
|
|t:|1758369164
|move|p2a: Mabosstiff|Crunch|p1a: Metagross
|-supereffective|p1a: Metagross
|-damage|p1a: Metagross|0 fnt
|faint|p1a: Metagross
|
|upkeep
|inactive|AllegianceIs2UrMom has 25 seconds left this turn.
|inactive|AllegianceIs2UrMom has 20 seconds left.
|
|t:|1758369171
|switch|p1a: Toedscruel|Toedscruel, F|100/100
|turn|13
|inactive|AllegianceIs2UrMom has 30 seconds left this turn.
|j| PokeJackxy
|
|t:|1758369187
|move|p1a: Toedscruel|Giga Drain|p2a: Mabosstiff
|-damage|p2a: Mabosstiff|73/100
|move|p2a: Mabosstiff|Crunch|p1a: Toedscruel
|-damage|p1a: Toedscruel|19/100
|-unboost|p1a: Toedscruel|def|1
|
|-heal|p1a: Toedscruel|25/100|[from] item: Leftovers
|upkeep
|turn|14
|inactive|AllegianceIs2UrMom has 30 seconds left.
|inactive|AllegianceIs2UrMom has 20 seconds left.
|inactive|gopiki has 120 seconds left.
|
|t:|1758369222
|move|p1a: Toedscruel|Giga Drain|p2a: Mabosstiff
|-damage|p2a: Mabosstiff|47/100
|-heal|p1a: Toedscruel|38/100|[from] drain|[of] p2a: Mabosstiff
|move|p2a: Mabosstiff|Crunch|p1a: Toedscruel
|-damage|p1a: Toedscruel|0 fnt
|faint|p1a: Toedscruel
|
|upkeep
|inactive|AllegianceIs2UrMom has 25 seconds left this turn.
|inactive|AllegianceIs2UrMom has 20 seconds left.
|inactive|AllegianceIs2UrMom has 15 seconds left.
|inactive|AllegianceIs2UrMom has 10 seconds left.
|l| PokeJackxy
|inactive|AllegianceIs2UrMom has 5 seconds left.
|-message|AllegianceIs2UrMom lost due to inactivity.
|
|win|gopiki
