|j|☆xz0dyal
|j|☆reileyb
|t:|1758263174
|gametype|singles
|player|p1|xz0dyal|cynthia-masters|1156
|player|p2|reileyb|169|1124
|gen|9
|tier|[Gen 9] OU
|rated|
|rule|HP Percentage Mod: HP is shown in percentages
|rule|Endless Battle Clause: Forcing endless battles is banned
|rule|Species Clause: Limit one of each Pokémon
|rule|OHKO Clause: OHKO moves are banned
|rule|Evasion Items Clause: Evasion items are banned
|rule|Evasion Moves Clause: Evasion moves are banned
|rule|Evasion Abilities Clause: Evasion abilities are banned
|rule|Sleep Moves Clause: Sleep-inducing moves are banned
|clearpoke
|poke|p1|Raging Bolt|
|poke|p1|Iron Valiant|
|poke|p1|Toxapex, F|
|poke|p1|Chansey, F|
|poke|p1|Cinderace, F|
|poke|p1|Meowscarada, F|
|poke|p2|Moltres|
|poke|p2|Gholdengo|
|poke|p2|Walking Wake|
|poke|p2|Glimmora, M|
|poke|p2|Arcanine-Hisui, M|
|poke|p2|Clefable, F|
|teampreview
|inactive|Battle timer is ON: inactive players will automatically lose when time's up. (requested by reileyb)
|inactive|xz0dyal has 120 seconds left.
|inactive|xz0dyal has 90 seconds left.
|
|t:|1758263255
|teamsize|p1|6
|teamsize|p2|6
|start
|switch|p1a: CLARABELLE|Cinderace, F, shiny|100/100
|switch|p2a: Glimmora|Glimmora, M, shiny|100/100
|turn|1
|
|t:|1758263272
|move|p1a: CLARABELLE|U-turn|p2a: Glimmora
|-start|p1a: CLARABELLE|typechange|Bug|[from] ability: Libero
|-resisted|p2a: Glimmora
|-damage|p2a: Glimmora|85/100
|-activate|p2a: Glimmora|ability: Toxic Debris
|-sidestart|p1: xz0dyal|move: Toxic Spikes
|inactive|xz0dyal has 120 seconds left.
|
|t:|1758263294
|switch|p1a: IRENE|Iron Valiant|100/100|[from] U-turn
|-status|p1a: IRENE|psn
|move|p2a: Glimmora|Stealth Rock|p1a: IRENE
|-sidestart|p1: xz0dyal|move: Stealth Rock
|
|-damage|p1a: IRENE|88/100 psn|[from] psn
|upkeep
|turn|2
|
|t:|1758263305
|switch|p2a: Clefable|Clefable, F|100/100
|move|p1a: IRENE|Psyshock|p2a: Clefable
|-damage|p2a: Clefable|70/100
|
|-damage|p1a: IRENE|76/100 psn|[from] psn
|upkeep
|turn|3
|
|t:|1758263316
|-end|p1a: IRENE|Quark Drive|[silent]
|switch|p1a: CLARABELLE|Cinderace, F, shiny|100/100
|move|p2a: Clefable|Trick|p1a: CLARABELLE
|-activate|p2a: Clefable|move: Trick|[of] p1a: CLARABELLE
|-item|p1a: CLARABELLE|Choice Band|[from] move: Trick
|-item|p2a: Clefable|Heavy-Duty Boots|[from] move: Trick
|
|upkeep
|turn|4
|
|t:|1758263325
|move|p1a: CLARABELLE|Court Change|p1a: CLARABELLE
|-start|p1a: CLARABELLE|typechange|Normal|[from] ability: Libero
|-swapsideconditions
|-activate|p1a: CLARABELLE|move: Court Change
|move|p2a: Clefable|Moonlight|p2a: Clefable
|-heal|p2a: Clefable|100/100
|
|upkeep
|turn|5
|
|t:|1758263338
|switch|p1a: CYNTHIA|Chansey, F, shiny|100/100
|move|p2a: Clefable|Body Slam|p1a: CYNTHIA
|-damage|p1a: CYNTHIA|78/100
|
|upkeep
|turn|6
|
|t:|1758263349
|move|p2a: Clefable|Trick|p1a: CYNTHIA
|-activate|p2a: Clefable|move: Trick|[of] p1a: CYNTHIA
|-item|p1a: CYNTHIA|Heavy-Duty Boots|[from] move: Trick
|-item|p2a: Clefable|Eviolite|[from] move: Trick
|move|p1a: CYNTHIA|Heal Bell|p1a: CYNTHIA
|-activate|p1a: CYNTHIA|move: Heal Bell
|-curestatus|p1: IRENE|psn|[msg]
|
|upkeep
|turn|7
|
|t:|1758263363
|switch|p1a: CLARABELLE|Cinderace, F, shiny|100/100
|move|p2a: Clefable|Body Slam|p1a: CLARABELLE
|-damage|p1a: CLARABELLE|78/100
|
|upkeep
|turn|8
|
|t:|1758263373
|move|p1a: CLARABELLE|Pyro Ball|p2a: Clefable
|-damage|p2a: Clefable|38/100
|move|p2a: Clefable|Body Slam|p1a: CLARABELLE
|-damage|p1a: CLARABELLE|57/100
|-status|p1a: CLARABELLE|par
|
|upkeep
|turn|9
|
|t:|1758263382
|move|p1a: CLARABELLE|Pyro Ball|p2a: Clefable
|-damage|p2a: Clefable|0 fnt
|faint|p2a: Clefable
|
|upkeep
|
|t:|1758263389
|switch|p2a: Glimmora|Glimmora, M, shiny|85/100
|-sideend|p2: reileyb|move: Toxic Spikes|[of] p2a: Glimmora
|-damage|p2a: Glimmora|73/100|[from] Stealth Rock
|turn|10
|
|t:|1758263395
|move|p2a: Glimmora|Mortal Spin|p1a: CLARABELLE
|-damage|p1a: CLARABELLE|48/100 par
|-sideend|p2: reileyb|Stealth Rock|[from] move: Mortal Spin|[of] p2a: Glimmora
|cant|p1a: CLARABELLE|par
|
|upkeep
|turn|11
|
|t:|1758263405
|move|p2a: Glimmora|Sunny Day|p2a: Glimmora
|-weather|SunnyDay
|cant|p1a: CLARABELLE|par
|
|-weather|SunnyDay|[upkeep]
|upkeep
|turn|12
|
|t:|1758263411
|move|p2a: Glimmora|Stealth Rock|p1a: CLARABELLE
|-sidestart|p1: xz0dyal|move: Stealth Rock
|move|p1a: CLARABELLE|Pyro Ball|p2a: Glimmora|[miss]
|-miss|p1a: CLARABELLE|p2a: Glimmora
|
|-weather|SunnyDay|[upkeep]
|upkeep
|turn|13
|-message|xz0dyal forfeited.
|
|win|reileyb
|raw|xz0dyal's rating: 1156 &rarr; <strong>1129</strong><br />(-27 for losing)
|raw|reileyb's rating: 1124 &rarr; <strong>1151</strong><br />(+27 for winning)
|l|☆xz0dyal
|player|p1|
