|j|☆poopooman667
|j|☆Trumpismessiah
|t:|1758250471
|gametype|singles
|player|p1|poopooman667|1|1388
|player|p2|Trumpismessiah|102|1440
|gen|9
|tier|[Gen 9] OU
|rated|
|rule|HP Percentage Mod: HP is shown in percentages
|rule|Endless Battle Clause: Forcing endless battles is banned
|rule|Species Clause: Limit one of each Pokémon
|rule|OHKO Clause: OHKO moves are banned
|rule|Evasion Items Clause: Evasion items are banned
|rule|Evasion Moves Clause: Evasion moves are banned
|rule|Evasion Abilities Clause: Evasion abilities are banned
|rule|Sleep Moves Clause: Sleep-inducing moves are banned
|clearpoke
|poke|p1|Zapdos|
|poke|p1|Hatterene, F|
|poke|p1|Pelipper, M|
|poke|p1|Toxicroak, F|
|poke|p1|Barraskewda, F|
|poke|p1|Iron Treads|
|poke|p2|Blaziken, M|
|poke|p2|Salamence, F|
|poke|p2|Ambipom, F|
|poke|p2|Houndstone, F|
|poke|p2|Iron Hands|
|poke|p2|Scizor, F|
|teampreview
|
|t:|1758250490
|teamsize|p1|6
|teamsize|p2|6
|start
|switch|p1a: Pelipper|Pelipper, M|100/100
|switch|p2a: Iron Hands|Iron Hands|100/100
|-weather|RainDance|[from] ability: Drizzle|[of] p1a: Pelipper
|-enditem|p2a: Iron Hands|Booster Energy
|-activate|p2a: Iron Hands|ability: Quark Drive|[fromitem]
|-start|p2a: Iron Hands|quarkdriveatk
|turn|1
|inactive|Battle timer is ON: inactive players will automatically lose when time's up. (requested by Trumpismessiah)
|
|t:|1758250500
|switch|p1a: Toxicroak|Toxicroak, F|100/100
|move|p2a: Iron Hands|Swords Dance|p2a: Iron Hands
|-boost|p2a: Iron Hands|atk|2
|
|-weather|RainDance|[upkeep]
|upkeep
|turn|2
|
|t:|1758250503
|move|p1a: Toxicroak|Encore|p2a: Iron Hands
|-start|p2a: Iron Hands|Encore
|move|p2a: Iron Hands|Swords Dance|p2a: Iron Hands
|-boost|p2a: Iron Hands|atk|2
|
|-weather|RainDance|[upkeep]
|upkeep
|turn|3
|
|t:|1758250505
|move|p1a: Toxicroak|Toxic|p2a: Iron Hands
|-status|p2a: Iron Hands|tox
|move|p2a: Iron Hands|Swords Dance|p2a: Iron Hands
|-boost|p2a: Iron Hands|atk|2
|
|-weather|RainDance|[upkeep]
|-damage|p2a: Iron Hands|94/100 tox|[from] psn
|upkeep
|turn|4
|
|t:|1758250525
|move|p1a: Toxicroak|Drain Punch|p2a: Iron Hands
|-damage|p2a: Iron Hands|77/100 tox
|move|p2a: Iron Hands|Swords Dance|p2a: Iron Hands
|-boost|p2a: Iron Hands|atk|0
|
|-weather|RainDance|[upkeep]
|-damage|p2a: Iron Hands|65/100 tox|[from] psn
|-end|p2a: Iron Hands|Encore
|upkeep
|turn|5
|
|t:|1758250537
|-end|p2a: Iron Hands|Quark Drive|[silent]
|switch|p2a: Scizor|Scizor, F|100/100
|move|p1a: Toxicroak|Encore||[still]
|-fail|p1a: Toxicroak
|
|-weather|RainDance|[upkeep]
|upkeep
|turn|6
|
|t:|1758250547
|move|p1a: Toxicroak|Knock Off|p2a: Scizor
|-damage|p2a: Scizor|77/100
|-enditem|p2a: Scizor|Metronome|[from] move: Knock Off|[of] p1a: Toxicroak
|move|p2a: Scizor|Fury Cutter|p1a: Toxicroak
|-resisted|p1a: Toxicroak
|-damage|p1a: Toxicroak|93/100
|-damage|p2a: Scizor|61/100|[from] item: Rocky Helmet|[of] p1a: Toxicroak
|
|-weather|RainDance|[upkeep]
|-heal|p1a: Toxicroak|100/100|[from] ability: Dry Skin
|upkeep
|turn|7
|
|t:|1758250552
|move|p1a: Toxicroak|Drain Punch|p2a: Scizor
|-damage|p2a: Scizor|35/100
|move|p2a: Scizor|Knock Off|p1a: Toxicroak
|-resisted|p1a: Toxicroak
|-damage|p1a: Toxicroak|86/100
|-damage|p2a: Scizor|18/100|[from] item: Rocky Helmet|[of] p1a: Toxicroak
|-enditem|p1a: Toxicroak|Rocky Helmet|[from] move: Knock Off|[of] p2a: Scizor
|
|-weather|RainDance|[upkeep]
|-heal|p1a: Toxicroak|98/100|[from] ability: Dry Skin
|upkeep
|turn|8
|
|t:|1758250568
|move|p2a: Scizor|Bullet Punch|p1a: Toxicroak
|-damage|p1a: Toxicroak|69/100
|move|p1a: Toxicroak|Drain Punch|p2a: Scizor
|-damage|p2a: Scizor|0 fnt
|-heal|p1a: Toxicroak|77/100|[from] drain|[of] p2a: Scizor
|faint|p2a: Scizor
|
|-weather|none
|upkeep
|
|t:|1758250574
|switch|p2a: Salamence|Salamence, F|100/100
|turn|9
|
|t:|1758250583
|switch|p1a: Pelipper|Pelipper, M|100/100
|-weather|RainDance|[from] ability: Drizzle|[of] p1a: Pelipper
|move|p2a: Salamence|Dragon Dance|p2a: Salamence
|-boost|p2a: Salamence|atk|1
|-boost|p2a: Salamence|spe|1
|
|-weather|RainDance|[upkeep]
|upkeep
|turn|10
|inactive|poopooman667 has 120 seconds left.
|
|t:|1758250632
|move|p2a: Salamence|Dragon Dance|p2a: Salamence
|-boost|p2a: Salamence|atk|1
|-boost|p2a: Salamence|spe|1
|move|p1a: Pelipper|Hurricane|p2a: Salamence
|-damage|p2a: Salamence|53/100
|-start|p2a: Salamence|confusion
|-enditem|p2a: Salamence|Lum Berry|[eat]
|-end|p2a: Salamence|confusion
|
|-weather|RainDance|[upkeep]
|upkeep
|turn|11
|
|t:|1758250634
|move|p2a: Salamence|Dual Wingbeat|p1a: Pelipper
|-damage|p1a: Pelipper|63/100
|-damage|p1a: Pelipper|27/100
|-hitcount|p1a: Pelipper|2
|move|p1a: Pelipper|Hurricane|p2a: Salamence
|-damage|p2a: Salamence|8/100
|
|-weather|RainDance|[upkeep]
|upkeep
|turn|12
|inactive|poopooman667 has 120 seconds left.
|inactive|poopooman667 has 90 seconds left.
|
|t:|1758250675
|move|p2a: Salamence|Dual Wingbeat|p1a: Pelipper
|-damage|p1a: Pelipper|0 fnt
|faint|p1a: Pelipper
|-ability|p2a: Salamence|Moxie|boost
|-boost|p2a: Salamence|atk|1
|-hitcount|p1: Pelipper|1
|
|-weather|RainDance|[upkeep]
|upkeep
|
|t:|1758250683
|switch|p1a: Barraskewda|Barraskewda, F|100/100
|turn|13
|inactive|poopooman667 has 90 seconds left.
|
|t:|1758250702
|move|p1a: Barraskewda|Flip Turn|p2a: Salamence
|-resisted|p2a: Salamence
|-damage|p2a: Salamence|0 fnt
|faint|p2a: Salamence
|inactive|poopooman667 has 60 seconds left.
|inactive|poopooman667 has 30 seconds left.
|
|t:|1758250767
|switch|p1a: Zapdos|Zapdos|100/100|[from] Flip Turn
|
|-weather|RainDance|[upkeep]
|upkeep
|
|t:|1758250770
|switch|p2a: Ambipom|Ambipom, F|100/100
|turn|14
|
|t:|1758250776
|switch|p1a: Iron Treads|Iron Treads|100/100
|-enditem|p1a: Iron Treads|Booster Energy
|-activate|p1a: Iron Treads|ability: Quark Drive|[fromitem]
|-start|p1a: Iron Treads|quarkdrivespe
|move|p2a: Ambipom|Triple Axel|p1a: Iron Treads
|-damage|p1a: Iron Treads|93/100
|-damage|p1a: Iron Treads|79/100
|-damage|p1a: Iron Treads|59/100
|-hitcount|p1a: Iron Treads|3
|
|-weather|RainDance|[upkeep]
|upkeep
|turn|15
|inactive|poopooman667 has 30 seconds left.
|
|t:|1758250799
|move|p1a: Iron Treads|Stealth Rock|p2a: Ambipom
|-sidestart|p2: Trumpismessiah|move: Stealth Rock
|move|p2a: Ambipom|Low Kick|p1a: Iron Treads
|-supereffective|p1a: Iron Treads
|-damage|p1a: Iron Treads|0 fnt
|faint|p1a: Iron Treads
|-end|p1a: Iron Treads|Quark Drive|[silent]
|
|-weather|RainDance|[upkeep]
|upkeep
|inactive|poopooman667 has 30 seconds left this turn.
|inactive|poopooman667 has 20 seconds left.
|inactive|poopooman667 has 15 seconds left.
|
|t:|1758250815
|switch|p1a: Barraskewda|Barraskewda, F|100/100
|turn|16
|inactive|poopooman667 has 25 seconds left this turn.
|
|t:|1758250827
|switch|p2a: Iron Hands|Iron Hands|65/100 tox
|-damage|p2a: Iron Hands|59/100 tox|[from] Stealth Rock
|move|p1a: Barraskewda|Flip Turn|p2a: Iron Hands
|-damage|p2a: Iron Hands|14/100 tox
|inactive|poopooman667 has 30 seconds left this turn.
|
|t:|1758250834
|switch|p1a: Toxicroak|Toxicroak, F|77/100|[from] Flip Turn
|
|-weather|none
|-damage|p2a: Iron Hands|8/100 tox|[from] psn
|upkeep
|turn|17
|inactive|poopooman667 has 30 seconds left.
|inactive|poopooman667 has 20 seconds left.
|inactive|poopooman667 has 15 seconds left.
|
|t:|1758250855
|move|p1a: Toxicroak|Drain Punch|p2a: Iron Hands
|-damage|p2a: Iron Hands|0 fnt
|-heal|p1a: Toxicroak|82/100|[from] drain|[of] p2a: Iron Hands
|faint|p2a: Iron Hands
|-end|p2a: Iron Hands|Quark Drive|[silent]
|
|upkeep
|
|t:|1758250860
|switch|p2a: Blaziken|Blaziken, M|100/100
|-damage|p2a: Blaziken|88/100|[from] Stealth Rock
|turn|18
|inactive|poopooman667 has 30 seconds left this turn.
|
|t:|1758250865
|move|p2a: Blaziken|Flare Blitz|p1a: Toxicroak
|-damage|p1a: Toxicroak|0 fnt
|faint|p1a: Toxicroak
|-damage|p2a: Blaziken|55/100|[from] Recoil
|-damage|p2a: Blaziken|45/100|[from] item: Life Orb
|
|-ability|p2a: Blaziken|Speed Boost|boost
|-boost|p2a: Blaziken|spe|1
|upkeep
|
|t:|1758250869
|switch|p1a: Barraskewda|Barraskewda, F|100/100
|turn|19
|
|t:|1758250875
|switch|p2a: Houndstone|Houndstone, F|100/100
|-damage|p2a: Houndstone|88/100|[from] Stealth Rock
|move|p1a: Barraskewda|Flip Turn|p2a: Houndstone
|-damage|p2a: Houndstone|63/100
|
|t:|1758250879
|switch|p1a: Zapdos|Zapdos|100/100|[from] Flip Turn
|
|-heal|p2a: Houndstone|69/100|[from] item: Leftovers
|upkeep
|turn|20
|
|t:|1758250886
|move|p1a: Zapdos|Volt Switch|p2a: Houndstone
|-damage|p2a: Houndstone|15/100
|
|t:|1758250889
|switch|p1a: Barraskewda|Barraskewda, F|100/100|[from] Volt Switch
|move|p2a: Houndstone|Poltergeist|p1a: Barraskewda
|-activate|p1a: Barraskewda|move: Poltergeist|Choice Band
|-damage|p1a: Barraskewda|0 fnt
|faint|p1a: Barraskewda
|
|-heal|p2a: Houndstone|21/100|[from] item: Leftovers
|upkeep
|
|t:|1758250892
|switch|p1a: Zapdos|Zapdos|100/100
|turn|21
|
|t:|1758250902
|switch|p2a: Blaziken|Blaziken, M|45/100
|-damage|p2a: Blaziken|33/100|[from] Stealth Rock
|move|p1a: Zapdos|Volt Switch|p2a: Blaziken
|-damage|p2a: Blaziken|0 fnt
|faint|p2a: Blaziken
|inactive|poopooman667 has 60 seconds left.
|
|t:|1758250944
|switch|p1a: Hatterene|Hatterene, F|100/100|[from] Volt Switch
|
|upkeep
|
|t:|1758250950
|switch|p2a: Houndstone|Houndstone, F|21/100
|-damage|p2a: Houndstone|9/100|[from] Stealth Rock
|turn|22
|inactive|poopooman667 has 30 seconds left.
|
|t:|1758250986
|move|p2a: Houndstone|Poltergeist|p1a: Hatterene
|-activate|p1a: Hatterene|move: Poltergeist|Eject Button
|-supereffective|p1a: Hatterene
|-damage|p1a: Hatterene|0 fnt
|faint|p1a: Hatterene
|
|-heal|p2a: Houndstone|15/100|[from] item: Leftovers
|upkeep
|inactive|poopooman667 has 30 seconds left this turn.
|inactive|poopooman667 has 20 seconds left.
|inactive|poopooman667 has 15 seconds left.
|
|t:|1758251001
|switch|p1a: Zapdos|Zapdos|100/100
|turn|23
|inactive|poopooman667 has 25 seconds left this turn.
|inactive|poopooman667 has 20 seconds left.
|
|t:|1758251011
|-terastallize|p1a: Zapdos|Flying
|move|p2a: Houndstone|Shadow Sneak|p1a: Zapdos
|-damage|p1a: Zapdos|76/100
|move|p1a: Zapdos|Hurricane|p2a: Houndstone|[miss]
|-miss|p1a: Zapdos|p2a: Houndstone
|
|-heal|p2a: Houndstone|21/100|[from] item: Leftovers
|upkeep
|turn|24
|inactive|poopooman667 has 30 seconds left this turn.
|inactive|poopooman667 has 20 seconds left.
|inactive|poopooman667 has 15 seconds left.
|inactive|poopooman667 has 10 seconds left.
|inactive|poopooman667 has 5 seconds left.
|
|t:|1758251037
|move|p2a: Houndstone|Shadow Sneak|p1a: Zapdos
|-damage|p1a: Zapdos|52/100
|move|p1a: Zapdos|Hurricane|p2a: Houndstone
|-damage|p2a: Houndstone|0 fnt
|faint|p2a: Houndstone
|
|upkeep
|
|t:|1758251043
|switch|p2a: Ambipom|Ambipom, F|100/100
|-damage|p2a: Ambipom|88/100|[from] Stealth Rock
|turn|25
|inactive|poopooman667 has 20 seconds left this turn.
|inactive|poopooman667 has 15 seconds left.
|
|t:|1758251049
|move|p2a: Ambipom|Triple Axel|p1a: Zapdos
|-supereffective|p1a: Zapdos
|-damage|p1a: Zapdos|25/100
|-supereffective|p1a: Zapdos
|-damage|p1a: Zapdos|0 fnt
|faint|p1a: Zapdos
|-hitcount|p1: Zapdos|2
|
|win|Trumpismessiah
|raw|poopooman667's rating: 1388 &rarr; <strong>1371</strong><br />(-17 for losing)
|raw|Trumpismessiah's rating: 1440 &rarr; <strong>1457</strong><br />(+17 for winning)
|l|☆poopooman667
|player|p1|
|l|☆Trumpismessiah
|player|p2|
