|j|☆Dexter208
|j|☆breaker8010
|t:|1758307109
|gametype|singles
|player|p1|Dexter208|266|1045
|player|p2|breaker8010|veteran|1101
|gen|9
|tier|[Gen 9] OU
|rated|
|rule|HP Percentage Mod: HP is shown in percentages
|rule|Endless Battle Clause: Forcing endless battles is banned
|rule|Species Clause: Limit one of each Pokémon
|rule|OHKO Clause: OHKO moves are banned
|rule|Evasion Items Clause: Evasion items are banned
|rule|Evasion Moves Clause: Evasion moves are banned
|rule|Evasion Abilities Clause: Evasion abilities are banned
|rule|Sleep Moves Clause: Sleep-inducing moves are banned
|clearpoke
|poke|p1|Bellibolt, F|
|poke|p1|Greedent, M|
|poke|p1|Electrode|
|poke|p1|Primeape, F|
|poke|p1|Orthworm, F|
|poke|p1|Meowstic, M|
|poke|p2|Corviknight, M|
|poke|p2|Toxicroak, M|
|poke|p2|Infernape, F|
|poke|p2|Dragapult, M|
|poke|p2|Ting-Lu|
|poke|p2|Zapdos|
|teampreview
|
|t:|1758307116
|teamsize|p1|6
|teamsize|p2|6
|start
|switch|p1a: Bellibolt|Bellibolt, F|100/100
|switch|p2a: Ting-Lu|Ting-Lu|100/100
|-ability|p2a: Ting-Lu|Vessel of Ruin
|turn|1
|
|t:|1758307123
|move|p2a: Ting-Lu|Stealth Rock|p1a: Bellibolt
|-sidestart|p1: Dexter208|move: Stealth Rock
|move|p1a: Bellibolt|Soak|p2a: Ting-Lu
|-start|p2a: Ting-Lu|typechange|Water
|
|upkeep
|turn|2
|
|t:|1758307131
|move|p1a: Bellibolt|Toxic|p2a: Ting-Lu
|-status|p2a: Ting-Lu|tox
|move|p2a: Ting-Lu|Whirlwind|p1a: Bellibolt
|drag|p1a: It's fantastic|Meowstic, M, shiny|100/100
|-damage|p1a: It's fantastic|88/100|[from] Stealth Rock
|
|-damage|p2a: Ting-Lu|94/100 tox|[from] psn
|upkeep
|turn|3
|
|t:|1758307141
|move|p1a: It's fantastic|Nasty Plot|p1a: It's fantastic
|-boost|p1a: It's fantastic|spa|2
|move|p2a: Ting-Lu|Earthquake|p1a: It's fantastic
|-damage|p1a: It's fantastic|53/100
|
|-heal|p2a: Ting-Lu|100/100 tox|[from] item: Leftovers
|-damage|p2a: Ting-Lu|88/100 tox|[from] psn
|upkeep
|turn|4
|
|t:|1758307157
|switch|p2a: Hades|Dragapult, M, shiny|100/100
|move|p1a: It's fantastic|Psychic Noise|p2a: Hades
|-damage|p2a: Hades|25/100
|-start|p2a: Hades|move: Heal Block
|-enditem|p1a: It's fantastic|Throat Spray
|-boost|p1a: It's fantastic|spa|1|[from] item: Throat Spray
|
|upkeep
|turn|5
|
|t:|1758307169
|move|p2a: Hades|Draco Meteor|p1a: It's fantastic
|-damage|p1a: It's fantastic|0 fnt
|-unboost|p2a: Hades|spa|2
|faint|p1a: It's fantastic
|
|-end|p2a: Hades|move: Heal Block
|upkeep
|
|t:|1758307176
|switch|p1a: Ball|Electrode, shiny|100/100
|-damage|p1a: Ball|88/100|[from] Stealth Rock
|turn|6
|
|t:|1758307181
|move|p1a: Ball|Volt Switch|p2a: Hades
|-resisted|p2a: Hades
|-damage|p2a: Hades|0 fnt
|faint|p2a: Hades
|
|t:|1758307190
|switch|p1a: Fattmacfat|Greedent, M, shiny|100/100|[from] Volt Switch
|-damage|p1a: Fattmacfat|88/100|[from] Stealth Rock
|
|upkeep
|
|t:|1758307195
|switch|p2a: Infernape|Infernape, F|100/100
|turn|7
|
|t:|1758307199
|move|p2a: Infernape|Close Combat|p1a: Fattmacfat
|-supereffective|p1a: Fattmacfat
|-damage|p1a: Fattmacfat|4/100
|-unboost|p2a: Infernape|def|1
|-unboost|p2a: Infernape|spd|1
|-enditem|p1a: Fattmacfat|Starf Berry|[eat]
|-boost|p1a: Fattmacfat|spd|2|[from] item: Starf Berry
|-heal|p1a: Fattmacfat|38/100|[from] ability: Cheek Pouch
|move|p1a: Fattmacfat|Stuff Cheeks||[still]
|-fail|p1a: Fattmacfat
|
|upkeep
|turn|8
|
|t:|1758307214
|move|p2a: Infernape|Close Combat|p1a: Fattmacfat
|-supereffective|p1a: Fattmacfat
|-crit|p1a: Fattmacfat
|-damage|p1a: Fattmacfat|0 fnt
|-unboost|p2a: Infernape|def|1
|-unboost|p2a: Infernape|spd|1
|faint|p1a: Fattmacfat
|
|upkeep
|
|t:|1758307225
|switch|p1a: Bellibolt|Bellibolt, F|100/100
|-damage|p1a: Bellibolt|88/100|[from] Stealth Rock
|turn|9
|
|t:|1758307237
|move|p2a: Infernape|U-turn|p1a: Bellibolt
|-damage|p1a: Bellibolt|76/100
|-damage|p2a: Infernape|84/100|[from] item: Rocky Helmet|[of] p1a: Bellibolt
|
|t:|1758307241
|switch|p2a: Zapdos|Zapdos|100/100|[from] U-turn
|move|p1a: Bellibolt|Toxic|p2a: Zapdos
|-status|p2a: Zapdos|tox
|
|-damage|p2a: Zapdos|94/100 tox|[from] psn
|upkeep
|turn|10
|
|t:|1758307250
|move|p2a: Zapdos|Hurricane|p1a: Bellibolt
|-resisted|p1a: Bellibolt
|-damage|p1a: Bellibolt|56/100
|move|p1a: Bellibolt|Soak|p2a: Zapdos
|-start|p2a: Zapdos|typechange|Water
|
|-damage|p2a: Zapdos|82/100 tox|[from] psn
|upkeep
|turn|11
|
|t:|1758307267
|move|p2a: Zapdos|Volt Switch|p1a: Bellibolt
|-resisted|p1a: Bellibolt
|-damage|p1a: Bellibolt|47/100
|
|t:|1758307278
|switch|p2a: Toxicroak|Toxicroak, M, shiny|100/100|[from] Volt Switch
|move|p1a: Bellibolt|Supercell Slam|p2a: Toxicroak
|-damage|p2a: Toxicroak|68/100
|
|-heal|p2a: Toxicroak|74/100|[from] item: Black Sludge
|upkeep
|turn|12
|
|t:|1758307285
|move|p2a: Toxicroak|Swords Dance|p2a: Toxicroak
|-boost|p2a: Toxicroak|atk|2
|move|p1a: Bellibolt|Slack Off|p1a: Bellibolt
|-heal|p1a: Bellibolt|97/100
|
|-heal|p2a: Toxicroak|81/100|[from] item: Black Sludge
|upkeep
|turn|13
|
|t:|1758307292
|move|p2a: Toxicroak|Swords Dance|p2a: Toxicroak
|-boost|p2a: Toxicroak|atk|2
|move|p1a: Bellibolt|Toxic|p2a: Toxicroak|[miss]
|-miss|p1a: Bellibolt|p2a: Toxicroak
|
|-heal|p2a: Toxicroak|87/100|[from] item: Black Sludge
|upkeep
|turn|14
|-message|Dexter208 forfeited.
|
|win|breaker8010
|raw|Dexter208's rating: 1045 &rarr; <strong>1031</strong><br />(-14 for losing)
|raw|breaker8010's rating: 1101 &rarr; <strong>1122</strong><br />(+21 for winning)
|l|☆Dexter208
|player|p1|
