|j|☆jfkkkkf
|j|☆CountryBoyz
|t:|1758312750
|gametype|singles
|player|p1|jfkkkkf|102|1396
|player|p2|CountryBoyz|265|1363
|gen|9
|tier|[Gen 9] OU
|rated|
|rule|HP Percentage Mod: HP is shown in percentages
|rule|Endless Battle Clause: Forcing endless battles is banned
|rule|Species Clause: Limit one of each Pokémon
|rule|OHKO Clause: OHKO moves are banned
|rule|Evasion Items Clause: Evasion items are banned
|rule|Evasion Moves Clause: Evasion moves are banned
|rule|Evasion Abilities Clause: Evasion abilities are banned
|rule|Sleep Moves Clause: Sleep-inducing moves are banned
|clearpoke
|poke|p1|Enamorus, F|
|poke|p1|Kyurem|
|poke|p1|Landorus-Therian, M|
|poke|p1|Kingambit, F|
|poke|p1|Ogerpon-Wellspring, F|
|poke|p1|Glimmora, F|
|poke|p2|Landorus-Therian, M|
|poke|p2|Cloyster, M|
|poke|p2|Raikou|
|poke|p2|Dragonite, M|
|poke|p2|Suicune|
|poke|p2|Skarmory, F|
|teampreview
|
|t:|1758312777
|teamsize|p1|6
|teamsize|p2|6
|start
|switch|p1a: Kyurem|Kyurem|100/100
|switch|p2a: Cloyster|Cloyster, M, shiny|100/100
|-ability|p1a: Kyurem|Pressure
|turn|1
|
|t:|1758312787
|switch|p2a: Skarmory|Skarmory, F|100/100
|move|p1a: Kyurem|Freeze-Dry|p2a: Skarmory
|-damage|p2a: Skarmory|37/100
|
|upkeep
|turn|2
|
|t:|1758312794
|move|p1a: Kyurem|Freeze-Dry|p2a: Skarmory
|-crit|p2a: Skarmory
|-damage|p2a: Skarmory|0 fnt
|faint|p2a: Skarmory
|
|upkeep
|
|t:|1758312797
|switch|p2a: Suicune|Suicune|100/100
|-ability|p2a: Suicune|Pressure
|turn|3
|
|t:|1758312803
|move|p1a: Kyurem|Freeze-Dry|p2a: Suicune
|-supereffective|p2a: Suicune
|-damage|p2a: Suicune|51/100
|move|p2a: Suicune|Mirror Coat|p1a: Kyurem
|-damage|p1a: Kyurem|0 fnt
|faint|p1a: Kyurem
|
|upkeep
|
|t:|1758312811
|switch|p1a: Glimmora|Glimmora, F|100/100
|turn|4
|
|t:|1758312815
|move|p1a: Glimmora|Spikes|p2a: Suicune
|-sidestart|p2: CountryBoyz|Spikes
|move|p2a: Suicune|Scald|p1a: Glimmora
|-supereffective|p1a: Glimmora
|-damage|p1a: Glimmora|49/100
|-enditem|p1a: Glimmora|Red Card|[of] p2a: Suicune
|drag|p2a: Raikou|Raikou, shiny|100/100
|-damage|p2a: Raikou|88/100|[from] Spikes
|
|-heal|p2a: Raikou|94/100|[from] item: Leftovers
|upkeep
|turn|5
|
|t:|1758312827
|switch|p1a: Landorus|Landorus-Therian, M|100/100
|-ability|p1a: Landorus|Intimidate|boost
|-fail|p2a: Raikou|unboost|Attack|[from] ability: Inner Focus|[of] p2a: Raikou
|move|p2a: Raikou|Scald|p1a: Landorus
|-supereffective|p1a: Landorus
|-damage|p1a: Landorus|38/100
|
|-heal|p2a: Raikou|100/100|[from] item: Leftovers
|upkeep
|turn|6
|
|t:|1758312839
|switch|p1a: Ogerpon|Ogerpon-Wellspring, F|100/100
|move|p2a: Raikou|Substitute|p2a: Raikou
|-start|p2a: Raikou|Substitute
|-damage|p2a: Raikou|76/100
|
|-heal|p2a: Raikou|82/100|[from] item: Leftovers
|upkeep
|turn|7
|
|t:|1758312851
|move|p1a: Ogerpon|Ivy Cudgel|p2a: Raikou|[anim] Ivy Cudgel Water
|-crit|p2a: Raikou
|-end|p2a: Raikou|Substitute
|move|p2a: Raikou|Discharge|p1a: Ogerpon
|-damage|p1a: Ogerpon|52/100
|-status|p1a: Ogerpon|par
|
|-heal|p2a: Raikou|88/100|[from] item: Leftovers
|upkeep
|turn|8
|
|t:|1758312861
|move|p2a: Raikou|Substitute|p2a: Raikou
|-start|p2a: Raikou|Substitute
|-damage|p2a: Raikou|63/100
|move|p1a: Ogerpon|Ivy Cudgel|p2a: Raikou|[anim] Ivy Cudgel Water
|-crit|p2a: Raikou
|-end|p2a: Raikou|Substitute
|
|-heal|p2a: Raikou|69/100|[from] item: Leftovers
|upkeep
|turn|9
|
|t:|1758312871
|move|p2a: Raikou|Discharge|p1a: Ogerpon
|-damage|p1a: Ogerpon|0 fnt
|faint|p1a: Ogerpon
|
|-heal|p2a: Raikou|76/100|[from] item: Leftovers
|upkeep
|
|t:|1758312881
|switch|p1a: Enamorus|Enamorus, F|100/100
|turn|10
|
|t:|1758312892
|move|p1a: Enamorus|Earth Power|p2a: Raikou
|-supereffective|p2a: Raikou
|-damage|p2a: Raikou|11/100
|move|p2a: Raikou|Discharge|p1a: Enamorus
|-supereffective|p1a: Enamorus
|-damage|p1a: Enamorus|0 fnt
|faint|p1a: Enamorus
|
|-heal|p2a: Raikou|17/100|[from] item: Leftovers
|upkeep
|
|t:|1758312904
|switch|p1a: Glimmora|Glimmora, F|49/100
|turn|11
|
|t:|1758312909
|move|p2a: Raikou|Scald|p1a: Glimmora
|-supereffective|p1a: Glimmora
|-damage|p1a: Glimmora|0 fnt
|faint|p1a: Glimmora
|
|-heal|p2a: Raikou|23/100|[from] item: Leftovers
|upkeep
|-message|jfkkkkf forfeited.
|
|win|CountryBoyz
|raw|jfkkkkf's rating: 1396 &rarr; <strong>1374</strong><br />(-22 for losing)
|raw|CountryBoyz's rating: 1363 &rarr; <strong>1385</strong><br />(+22 for winning)
|l|☆jfkkkkf
|player|p1|
|l|☆CountryBoyz
|player|p2|
