|j|☆Swag_SerotoninYT
|j|☆ALIYANNASIR
|t:|1758376919
|gametype|singles
|player|p1|Swag_SerotoninYT|harlequin|1130
|player|p2|ALIYANNASIR|bruno|1081
|gen|9
|tier|[Gen 9] OU
|rated|
|rule|HP Percentage Mod: HP is shown in percentages
|rule|Endless Battle Clause: Forcing endless battles is banned
|rule|Species Clause: Limit one of each Pokémon
|rule|OHKO Clause: OHKO moves are banned
|rule|Evasion Items Clause: Evasion items are banned
|rule|Evasion Moves Clause: Evasion moves are banned
|rule|Evasion Abilities Clause: Evasion abilities are banned
|rule|Sleep Moves Clause: Sleep-inducing moves are banned
|clearpoke
|poke|p1|Gastrodon, F|
|poke|p1|Masquerain, M|
|poke|p1|Stantler, M|
|poke|p1|Chandelure, M|
|poke|p1|Grimmsnarl, M|
|poke|p1|Sandslash-Alola, M|
|poke|p2|Tyranitar, F|
|poke|p2|Lycanroc, M|
|poke|p2|Excadrill, M|
|poke|p2|Rillaboom, M|
|poke|p2|Dragapult, M|
|poke|p2|Alomomola, F|
|teampreview
|inactive|Battle timer is ON: inactive players will automatically lose when time's up. (requested by Swag_SerotoninYT)
|
|t:|1758376934
|teamsize|p1|6
|teamsize|p2|6
|start
|switch|p1a: Masquerain|Masquerain, M|100/100
|switch|p2a: Alomomola|Alomomola, F|100/100
|-ability|p1a: Masquerain|Intimidate|boost
|-unboost|p2a: Alomomola|atk|1
|turn|1
|
|t:|1758376943
|move|p1a: Masquerain|Sticky Web|p2a: Alomomola
|-sidestart|p2: ALIYANNASIR|move: Sticky Web
|move|p2a: Alomomola|Flip Turn|p1a: Masquerain
|-damage|p1a: Masquerain|82/100
|
|t:|1758376950
|switch|p2a: Tyranitar|Tyranitar, F|100/100|[from] Flip Turn
|-activate|p2a: Tyranitar|move: Sticky Web
|-unboost|p2a: Tyranitar|spe|1
|-weather|Sandstorm|[from] ability: Sand Stream|[of] p2a: Tyranitar
|
|-weather|Sandstorm|[upkeep]
|-damage|p1a: Masquerain|76/100|[from] Sandstorm
|upkeep
|turn|2
|
|t:|1758376960
|switch|p2a: Excadrill|Excadrill, M|100/100
|-activate|p2a: Excadrill|move: Sticky Web
|-unboost|p2a: Excadrill|spe|1
|move|p1a: Masquerain|Bug Buzz|p2a: Excadrill
|-resisted|p2a: Excadrill
|-damage|p2a: Excadrill|72/100
|
|-weather|Sandstorm|[upkeep]
|-damage|p1a: Masquerain|70/100|[from] Sandstorm
|upkeep
|turn|3
|
|t:|1758376971
|switch|p1a: Chandelure|Chandelure, M|100/100
|move|p2a: Excadrill|Swords Dance|p2a: Excadrill
|-boost|p2a: Excadrill|atk|2
|
|-weather|Sandstorm|[upkeep]
|-damage|p1a: Chandelure|95/100|[from] Sandstorm
|upkeep
|turn|4
|
|t:|1758376986
|-terastallize|p1a: Chandelure|Grass
|move|p2a: Excadrill|Earthquake|p1a: Chandelure
|-resisted|p1a: Chandelure
|-damage|p1a: Chandelure|8/100
|-damage|p2a: Excadrill|62/100|[from] item: Life Orb
|move|p1a: Chandelure|Flamethrower|p2a: Excadrill
|-supereffective|p2a: Excadrill
|-damage|p2a: Excadrill|0 fnt
|faint|p2a: Excadrill
|
|-weather|Sandstorm|[upkeep]
|-damage|p1a: Chandelure|2/100|[from] Sandstorm
|upkeep
|
|t:|1758377000
|switch|p2a: Rillaboom|Rillaboom, M|100/100
|-activate|p2a: Rillaboom|move: Sticky Web
|-unboost|p2a: Rillaboom|spe|1
|-fieldstart|move: Grassy Terrain|[from] ability: Grassy Surge|[of] p2a: Rillaboom
|turn|5
|
|t:|1758377008
|switch|p1a: Stantler|Stantler, M|100/100
|move|p2a: Rillaboom|Grassy Glide|p1a: Stantler
|-ability|p1a: Stantler|Sap Sipper|boost
|-boost|p1a: Stantler|atk|1
|
|-weather|Sandstorm|[upkeep]
|-damage|p1a: Stantler|94/100|[from] Sandstorm
|-damage|p2a: Rillaboom|94/100|[from] Sandstorm
|-heal|p1a: Stantler|100/100|[from] Grassy Terrain
|-heal|p2a: Rillaboom|100/100|[from] Grassy Terrain
|upkeep
|turn|6
|
|t:|1758377019
|move|p1a: Stantler|Psyshield Bash|p2a: Rillaboom
|-damage|p2a: Rillaboom|73/100
|-boost|p1a: Stantler|def|1
|move|p2a: Rillaboom|U-turn|p1a: Stantler
|-damage|p1a: Stantler|85/100
|
|t:|1758377027
|switch|p2a: Dragapult|Dragapult, M|100/100|[from] U-turn
|-activate|p2a: Dragapult|move: Sticky Web
|-fail|p2a: Dragapult|unboost|[from] ability: Clear Body|[of] p2a: Dragapult
|
|-weather|Sandstorm|[upkeep]
|-damage|p2a: Dragapult|95/100|[from] Sandstorm
|-damage|p1a: Stantler|79/100|[from] Sandstorm
|-heal|p2a: Dragapult|100/100|[from] Grassy Terrain
|-heal|p1a: Stantler|85/100|[from] Grassy Terrain
|upkeep
|turn|7
|
|t:|1758377038
|move|p2a: Dragapult|Flamethrower|p1a: Stantler
|-damage|p1a: Stantler|60/100
|-damage|p2a: Dragapult|91/100|[from] item: Life Orb
|move|p1a: Stantler|Psyshield Bash|p2a: Dragapult
|-damage|p2a: Dragapult|43/100
|-boost|p1a: Stantler|def|1
|
|-weather|Sandstorm|[upkeep]
|-damage|p2a: Dragapult|37/100|[from] Sandstorm
|-damage|p1a: Stantler|54/100|[from] Sandstorm
|-heal|p2a: Dragapult|43/100|[from] Grassy Terrain
|-heal|p1a: Stantler|60/100|[from] Grassy Terrain
|upkeep
|turn|8
|
|t:|1758377051
|move|p2a: Dragapult|Flamethrower|p1a: Stantler
|-damage|p1a: Stantler|34/100
|-damage|p2a: Dragapult|33/100|[from] item: Life Orb
|move|p1a: Stantler|Rest|p1a: Stantler
|-status|p1a: Stantler|slp|[from] move: Rest
|-heal|p1a: Stantler|100/100 slp|[silent]
|
|-weather|none
|-heal|p2a: Dragapult|39/100|[from] Grassy Terrain
|upkeep
|turn|9
|
|t:|1758377063
|switch|p2a: Tyranitar|Tyranitar, F|100/100
|-activate|p2a: Tyranitar|move: Sticky Web
|-unboost|p2a: Tyranitar|spe|1
|-weather|Sandstorm|[from] ability: Sand Stream|[of] p2a: Tyranitar
|cant|p1a: Stantler|slp
|move|p1a: Stantler|Sleep Talk|p1a: Stantler
|move|p1a: Stantler|Earthquake|p2a: Tyranitar|[from] move: Sleep Talk
|-supereffective|p2a: Tyranitar
|-damage|p2a: Tyranitar|63/100
|
|-weather|Sandstorm|[upkeep]
|-damage|p1a: Stantler|94/100 slp|[from] Sandstorm
|-heal|p1a: Stantler|100/100 slp|[from] Grassy Terrain
|-heal|p2a: Tyranitar|69/100|[from] Grassy Terrain
|-fieldend|move: Grassy Terrain
|upkeep
|turn|10
|
|t:|1758377080
|cant|p1a: Stantler|slp
|move|p1a: Stantler|Sleep Talk|p1a: Stantler
|move|p1a: Stantler|Earthquake|p2a: Tyranitar|[from] move: Sleep Talk
|-supereffective|p2a: Tyranitar
|-crit|p2a: Tyranitar
|-damage|p2a: Tyranitar|0 fnt
|faint|p2a: Tyranitar
|
|-weather|Sandstorm|[upkeep]
|-damage|p1a: Stantler|94/100 slp|[from] Sandstorm
|upkeep
|
|t:|1758377090
|switch|p2a: Alomomola|Alomomola, F|100/100
|-activate|p2a: Alomomola|move: Sticky Web
|-unboost|p2a: Alomomola|spe|1
|turn|11
|-message|ALIYANNASIR forfeited.
|
|win|Swag_SerotoninYT
|raw|Swag_SerotoninYT's rating: 1130 &rarr; <strong>1151</strong><br />(+21 for winning)
|raw|ALIYANNASIR's rating: 1081 &rarr; <strong>1062</strong><br />(-19 for losing)
|l|☆ALIYANNASIR
|player|p2|
