|j|☆Reginald Chaos
|j|☆Matho
|t:|1758255655
|gametype|singles
|player|p1|Reginald Chaos|102|1081
|player|p2|Matho|101|1114
|gen|9
|tier|[Gen 9] OU
|rated|
|rule|HP Percentage Mod: HP is shown in percentages
|rule|Endless Battle Clause: Forcing endless battles is banned
|rule|Species Clause: Limit one of each Pokémon
|rule|OHKO Clause: OHKO moves are banned
|rule|Evasion Items Clause: Evasion items are banned
|rule|Evasion Moves Clause: Evasion moves are banned
|rule|Evasion Abilities Clause: Evasion abilities are banned
|rule|Sleep Moves Clause: Sleep-inducing moves are banned
|clearpoke
|poke|p1|Pelipper, M|
|poke|p1|Beartic, M|
|poke|p1|Barraskewda, F|
|poke|p1|Ogerpon-Wellspring, F|
|poke|p1|Zapdos|
|poke|p1|Hatterene, F|
|poke|p2|Garganacl, M|
|poke|p2|Dragapult, F|
|poke|p2|Iron Valiant|
|poke|p2|Raging Bolt|
|poke|p2|Glimmora, M|
|poke|p2|Iron Crown|
|teampreview
|inactive|Battle timer is ON: inactive players will automatically lose when time's up. (requested by Reginald Chaos)
|
|t:|1758255676
|teamsize|p1|6
|teamsize|p2|6
|start
|switch|p1a: Pelipper|Pelipper, M|100/100
|switch|p2a: Iron Crown|Iron Crown|100/100
|-weather|RainDance|[from] ability: Drizzle|[of] p1a: Pelipper
|turn|1
|
|t:|1758255687
|switch|p1a: Zapdos|Zapdos|100/100
|move|p2a: Iron Crown|Volt Switch|p1a: Zapdos
|-damage|p1a: Zapdos|84/100
|
|t:|1758255699
|-end|p2a: Iron Crown|Quark Drive|[silent]
|switch|p2a: Garganacl|Garganacl, M|100/100|[from] Volt Switch
|
|-weather|RainDance|[upkeep]
|upkeep
|turn|2
|
|t:|1758255708
|move|p1a: Zapdos|Weather Ball|p2a: Garganacl
|-supereffective|p2a: Garganacl
|-damage|p2a: Garganacl|0 fnt
|faint|p2a: Garganacl
|
|-weather|RainDance|[upkeep]
|upkeep
|
|t:|1758255719
|switch|p2a: Raging Bolt|Raging Bolt|100/100
|-enditem|p2a: Raging Bolt|Booster Energy
|-activate|p2a: Raging Bolt|ability: Protosynthesis|[fromitem]
|-start|p2a: Raging Bolt|protosynthesisspa
|turn|3
|
|t:|1758255726
|move|p2a: Raging Bolt|Thunderclap|p1a: Zapdos
|-damage|p1a: Zapdos|47/100
|move|p1a: Zapdos|Volt Switch|p2a: Raging Bolt
|-resisted|p2a: Raging Bolt
|-damage|p2a: Raging Bolt|94/100
|
|t:|1758255729
|switch|p1a: Beartic|Beartic, M|100/100|[from] Volt Switch
|
|-weather|RainDance|[upkeep]
|upkeep
|turn|4
|
|t:|1758255745
|move|p2a: Raging Bolt|Thunderclap||[still]
|-fail|p2a: Raging Bolt
|move|p1a: Beartic|Substitute|p1a: Beartic
|-start|p1a: Beartic|Substitute
|-damage|p1a: Beartic|76/100
|
|-weather|RainDance|[upkeep]
|upkeep
|turn|5
|
|t:|1758255752
|move|p1a: Beartic|Icicle Spear|p2a: Raging Bolt
|-supereffective|p2a: Raging Bolt
|-damage|p2a: Raging Bolt|69/100
|-supereffective|p2a: Raging Bolt
|-damage|p2a: Raging Bolt|48/100
|-supereffective|p2a: Raging Bolt
|-damage|p2a: Raging Bolt|25/100
|-supereffective|p2a: Raging Bolt
|-damage|p2a: Raging Bolt|0 fnt
|faint|p2a: Raging Bolt
|-end|p2a: Raging Bolt|Protosynthesis|[silent]
|-hitcount|p2: Raging Bolt|4
|
|-weather|RainDance|[upkeep]
|upkeep
|inactive|Matho has 120 seconds left.
|
|t:|1758255787
|switch|p2a: Dragapult|Dragapult, F|100/100
|turn|6
|
|t:|1758255793
|move|p2a: Dragapult|U-turn|p1a: Beartic
|-end|p1a: Beartic|Substitute
|
|t:|1758255797
|switch|p2a: Iron Crown|Iron Crown|100/100|[from] U-turn
|move|p1a: Beartic|Icicle Spear|p2a: Iron Crown
|-resisted|p2a: Iron Crown
|-damage|p2a: Iron Crown|95/100
|-resisted|p2a: Iron Crown
|-damage|p2a: Iron Crown|88/100
|-resisted|p2a: Iron Crown
|-damage|p2a: Iron Crown|81/100
|-resisted|p2a: Iron Crown
|-damage|p2a: Iron Crown|75/100
|-resisted|p2a: Iron Crown
|-damage|p2a: Iron Crown|68/100
|-hitcount|p2a: Iron Crown|5
|
|-weather|RainDance|[upkeep]
|upkeep
|turn|7
|inactive|Matho has 120 seconds left.
|
|t:|1758255814
|-terastallize|p1a: Beartic|Ground
|move|p1a: Beartic|Earthquake|p2a: Iron Crown
|-supereffective|p2a: Iron Crown
|-damage|p2a: Iron Crown|0 fnt
|faint|p2a: Iron Crown
|-end|p2a: Iron Crown|Quark Drive|[silent]
|
|-weather|RainDance|[upkeep]
|upkeep
|inactive|Matho has 120 seconds left.
|-message|Matho forfeited.
|
|win|Reginald Chaos
|raw|Reginald Chaos's rating: 1081 &rarr; <strong>1111</strong><br />(+30 for winning)
|raw|Matho's rating: 1114 &rarr; <strong>1087</strong><br />(-27 for losing)
|l|☆Matho
|player|p2|
|l|☆Reginald Chaos
|player|p1|
